|join|dudman
|join|Century Express
|player|p1|dudman|171
|player|p2|Century Express|216
|gametype|singles
|gen|6
|tier|UU
|rated
|rule|Sleep Clause Mod: Limit one foe put to sleep
|rule|Species Clause: Limit one of each PokÃ©mon
|rule|OHKO Clause: OHKO moves are banned
|rule|Moody Clause: Moody is banned
|rule|Evasion Moves Clause: Evasion moves are banned
|rule|Endless Battle Clause: Forcing endless battles is banned
|rule|HP Percentage Mod: HP is shown in percentages
|clearpoke
|poke|p1|Nidoking, M
|poke|p1|Suicune
|poke|p1|Mienshao, F
|poke|p1|Aggron, M
|poke|p1|Chandelure, M
|poke|p1|Whimsicott, F
|poke|p2|Aggron, M
|poke|p2|Blissey, F
|poke|p2|Jirachi
|poke|p2|Swampert, M
|poke|p2|Crobat, M
|poke|p2|Roserade, F
|rule|Swagger Clause: Swagger is banned
|rule|Baton Pass Clause: Limit one PokÃ©mon knowing Baton Pass
|teampreview
|
|start
|switch|p1a: Chandelure|Chandelure, M|261\/261
|switch|p2a: Swampodin|Swampert, M|401\/401
|turn|1
|
|switch|p2a: Babooshka|Blissey, F|714\/714
|move|p1a: Chandelure|Energy Ball|p2a: Babooshka
|-damage|p2a: Babooshka|580\/714
|-unboost|p2a: Babooshka|spd|1
|
|-heal|p2a: Babooshka|624\/714|[from] item: Leftovers
|turn|2
|
|switch|p1a: Aggron|Aggron, M|344\/344
|switch|p2a: Swampodin|Swampert, M|401\/401
|
|turn|3
|
|detailschange|p1a: Aggron|Aggron-Mega, M
|message|Aggron has Mega Evolved into Mega Aggron!
|move|p1a: Aggron|Stealth Rock|p2a: Swampodin
|-sidestart|p2: Century Express|move: Stealth Rock
|move|p2a: Swampodin|Stealth Rock|p1a: Aggron
|-sidestart|p1: dudman|move: Stealth Rock
|
|turn|4
|
|switch|p1a: Whimsicott|Whimsicott, F|261\/261
|-damage|p1a: Whimsicott|229\/261|[from] Stealth Rock
|move|p2a: Swampodin|Scald|p1a: Whimsicott
|-resisted|p1a: Whimsicott
|-damage|p1a: Whimsicott|178\/261
|
|-heal|p1a: Whimsicott|194\/261|[from] item: Leftovers
|turn|5
|
|switch|p2a: Rose of May|Roserade, F|261\/261
|-damage|p2a: Rose of May|229\/261|[from] Stealth Rock
|move|p1a: Whimsicott|U-turn|p2a: Rose of May
|-damage|p2a: Rose of May|180\/261
|
|switch|p1a: Mienshao|Mienshao, F|271\/271
|-damage|p1a: Mienshao|255\/271|[from] Stealth Rock
|
|turn|6
|
|switch|p2a: Swampodin|Swampert, M|401\/401
|-damage|p2a: Swampodin|376\/401|[from] Stealth Rock
|move|p1a: Mienshao|U-turn|p2a: Swampodin
|-damage|p2a: Swampodin|314\/401
|
|switch|p1a: Whimsicott|Whimsicott, F|194\/261
|-damage|p1a: Whimsicott|162\/261|[from] Stealth Rock
|
|-heal|p1a: Whimsicott|178\/261|[from] item: Leftovers
|-heal|p2a: Swampodin|339\/401|[from] item: Leftovers
|turn|7
|
|switch|p2a: Shoot Star|Jirachi|341\/341
|-damage|p2a: Shoot Star|320\/341|[from] Stealth Rock
|move|p1a: Whimsicott|U-turn|p2a: Shoot Star
|-damage|p2a: Shoot Star|283\/341
|
|switch|p1a: Aggron|Aggron-Mega, M|344\/344
|-damage|p1a: Aggron|323\/344|[from] Stealth Rock
|
|turn|8
|
|move|p2a: Shoot Star|U-turn|p1a: Aggron
|-resisted|p1a: Aggron
|-damage|p1a: Aggron|307\/344
|
|switch|p2a: Swampodin|Swampert, M|339\/401
|-damage|p2a: Swampodin|314\/401|[from] Stealth Rock
|move|p1a: Aggron|Roar|p2a: Swampodin
|drag|p2a: Rose of May|Roserade, F|180\/261
|-damage|p2a: Rose of May|148\/261|[from] Stealth Rock
|
|turn|9
|
|switch|p2a: Swampodin|Swampert, M|314\/401
|-damage|p2a: Swampodin|289\/401|[from] Stealth Rock
|move|p1a: Aggron|Heavy Slam|p2a: Swampodin
|-resisted|p2a: Swampodin
|-damage|p2a: Swampodin|217\/401
|
|-heal|p2a: Swampodin|242\/401|[from] item: Leftovers
|turn|10
|
|switch|p1a: Whimsicott|Whimsicott, F|178\/261
|-damage|p1a: Whimsicott|146\/261|[from] Stealth Rock
|move|p2a: Swampodin|Scald|p1a: Whimsicott
|-resisted|p1a: Whimsicott
|-damage|p1a: Whimsicott|95\/261
|-status|p1a: Whimsicott|brn
|
|-heal|p1a: Whimsicott|111\/261 brn|[from] item: Leftovers
|-heal|p2a: Swampodin|267\/401|[from] item: Leftovers
|-damage|p1a: Whimsicott|79\/261 brn|[from] brn
|turn|11
|
|switch|p2a: Capt. Barrelman|Aggron, M|314\/314
|-damage|p2a: Capt. Barrelman|295\/314|[from] Stealth Rock
|move|p1a: Whimsicott|U-turn|p2a: Capt. Barrelman
|-resisted|p2a: Capt. Barrelman
|-damage|p2a: Capt. Barrelman|290\/314
|
|switch|p1a: Nidoking|Nidoking, M|303\/303
|-damage|p1a: Nidoking|285\/303|[from] Stealth Rock
|
|turn|12
|
|switch|p2a: Babooshka|Blissey, F|624\/714
|-damage|p2a: Babooshka|535\/714|[from] Stealth Rock
|move|p1a: Nidoking|Toxic Spikes|p2a: Babooshka
|-sidestart|p2: Century Express|move: Toxic Spikes
|
|-heal|p2a: Babooshka|579\/714|[from] item: Leftovers
|turn|13
|
|switch|p1a: Aggron|Aggron-Mega, M|307\/344
|-damage|p1a: Aggron|286\/344|[from] Stealth Rock
|move|p2a: Babooshka|Seismic Toss|p1a: Aggron
|-damage|p1a: Aggron|186\/344
|
|-heal|p2a: Babooshka|623\/714|[from] item: Leftovers
|turn|14
|
|move|p1a: Aggron|Earthquake|p2a: Babooshka
|-damage|p2a: Babooshka|413\/714
|move|p2a: Babooshka|Seismic Toss|p1a: Aggron
|-damage|p1a: Aggron|86\/344
|
|-heal|p2a: Babooshka|457\/714|[from] item: Leftovers
|turn|15
|
|move|p1a: Aggron|Heavy Slam|p2a: Babooshka
|-damage|p2a: Babooshka|67\/714
|move|p2a: Babooshka|Soft-Boiled|p2a: Babooshka
|-heal|p2a: Babooshka|424\/714
|
|-heal|p2a: Babooshka|468\/714|[from] item: Leftovers
|turn|16
|
|switch|p2a: Capt. Barrelman|Aggron, M|290\/314
|-damage|p2a: Capt. Barrelman|271\/314|[from] Stealth Rock
|move|p1a: Aggron|Heavy Slam|p2a: Capt. Barrelman
|-damage|p2a: Capt. Barrelman|229\/314
|
|turn|17
|
|switch|p1a: Suicune|Suicune|365\/365
|-damage|p1a: Suicune|320\/365|[from] Stealth Rock
|-ability|p1a: Suicune|Pressure
|detailschange|p2a: Capt. Barrelman|Aggron-Mega, M
|message|Aggron has Mega Evolved into Mega Aggron!
|move|p2a: Capt. Barrelman|Earthquake|p1a: Suicune
|-damage|p1a: Suicune|193\/365
|
|-heal|p1a: Suicune|215\/365|[from] item: Leftovers
|turn|18
|
|switch|p2a: Rose of May|Roserade, F|148\/261
|-damage|p2a: Rose of May|116\/261|[from] Stealth Rock
|-sideend|p2: Century Express|move: Toxic Spikes|[of] p2a: Rose of May
|move|p1a: Suicune|Ice Beam|p2a: Rose of May
|-supereffective|p2a: Rose of May
|-damage|p2a: Rose of May|0 fnt
|faint|p2a: Rose of May
|
|-heal|p1a: Suicune|237\/365|[from] item: Leftovers
|
|switch|p2a: Shoot Star|Jirachi|283\/341
|-damage|p2a: Shoot Star|262\/341|[from] Stealth Rock
|turn|19
|
|switch|p1a: Aggron|Aggron-Mega, M|86\/344
|-damage|p1a: Aggron|65\/344|[from] Stealth Rock
|move|p2a: Shoot Star|U-turn|p1a: Aggron
|-resisted|p1a: Aggron
|-damage|p1a: Aggron|47\/344
|
|switch|p2a: Swampodin|Swampert, M|267\/401
|-damage|p2a: Swampodin|242\/401|[from] Stealth Rock
|
|-heal|p2a: Swampodin|267\/401|[from] item: Leftovers
|turn|20
|
|move|p1a: Aggron|Earthquake|p2a: Swampodin
|-damage|p2a: Swampodin|175\/401
|move|p2a: Swampodin|Scald|p1a: Aggron
|-damage|p1a: Aggron|0 fnt
|faint|p1a: Aggron
|
|-heal|p2a: Swampodin|200\/401|[from] item: Leftovers
|
|switch|p1a: Nidoking|Nidoking, M|285\/303
|-damage|p1a: Nidoking|267\/303|[from] Stealth Rock
|turn|21
|
|switch|p2a: Purple Haze|Crobat, M|325\/325
|-damage|p2a: Purple Haze|244\/325|[from] Stealth Rock
|move|p1a: Nidoking|Earth Power|p2a: Purple Haze
|-immune|p2a: Purple Haze|[msg]
|
|turn|22
|
|switch|p1a: Whimsicott|Whimsicott, F|79\/261 brn
|-damage|p1a: Whimsicott|47\/261 brn|[from] Stealth Rock
|move|p2a: Purple Haze|Defog|p1a: Whimsicott
|-unboost|p1a: Whimsicott|evasion|1
|-sideend|p1: dudman|Stealth Rock|[from] move: Defog|[of] p1a: Whimsicott
|-sideend|p2: Century Express|Stealth Rock|[from] move: Defog|[of] p2a: Purple Haze
|
|-heal|p1a: Whimsicott|63\/261 brn|[from] item: Leftovers
|-damage|p1a: Whimsicott|31\/261 brn|[from] brn
|turn|23
|
|switch|p2a: Capt. Barrelman|Aggron-Mega, M|229\/314
|move|p1a: Whimsicott|Encore|p2a: Capt. Barrelman
|-fail|p2a: Capt. Barrelman
|
|-heal|p1a: Whimsicott|47\/261 brn|[from] item: Leftovers
|-damage|p1a: Whimsicott|15\/261 brn|[from] brn
|turn|24
|
|move|p1a: Whimsicott|U-turn|p2a: Capt. Barrelman
|-resisted|p2a: Capt. Barrelman
|-damage|p2a: Capt. Barrelman|225\/314
|
|switch|p1a: Suicune|Suicune|237\/365
|-ability|p1a: Suicune|Pressure
|move|p2a: Capt. Barrelman|Earthquake|p1a: Suicune
|-damage|p1a: Suicune|123\/365
|
|-heal|p1a: Suicune|145\/365|[from] item: Leftovers
|turn|25
|
|switch|p2a: Swampodin|Swampert, M|200\/401
|move|p1a: Suicune|Scald|p2a: Swampodin
|-damage|p2a: Swampodin|77\/401
|
|-heal|p1a: Suicune|167\/365|[from] item: Leftovers
|-heal|p2a: Swampodin|102\/401|[from] item: Leftovers
|turn|26
|
|switch|p2a: Babooshka|Blissey, F|468\/714
|move|p1a: Suicune|Scald|p2a: Babooshka
|-damage|p2a: Babooshka|374\/714
|
|-heal|p1a: Suicune|189\/365|[from] item: Leftovers
|-heal|p2a: Babooshka|418\/714|[from] item: Leftovers
|turn|27
|
|move|p1a: Suicune|Scald|p2a: Babooshka
|-damage|p2a: Babooshka|321\/714
|-status|p2a: Babooshka|brn
|move|p2a: Babooshka|Soft-Boiled|p2a: Babooshka
|-heal|p2a: Babooshka|678\/714 brn
|
|-heal|p1a: Suicune|211\/365|[from] item: Leftovers
|-heal|p2a: Babooshka|714\/714 brn|[from] item: Leftovers
|-damage|p2a: Babooshka|625\/714 brn|[from] brn
|turn|28
|
|switch|p1a: Nidoking|Nidoking, M|267\/303
|move|p2a: Babooshka|Toxic|p1a: Nidoking
|-fail|p1a: Nidoking
|
|-heal|p2a: Babooshka|669\/714 brn|[from] item: Leftovers
|-damage|p2a: Babooshka|580\/714 brn|[from] brn
|turn|29
|
|switch|p1a: Chandelure|Chandelure, M|261\/261
|move|p2a: Babooshka|Aromatherapy|p2a: Babooshka
|-cureteam|p2a: Babooshka|[from] move: Aromatherapy
|
|-heal|p2a: Babooshka|624\/714|[from] item: Leftovers
|turn|30
|
|switch|p2a: Capt. Barrelman|Aggron-Mega, M|225\/314
|move|p1a: Chandelure|Fire Blast|p2a: Capt. Barrelman
|-supereffective|p2a: Capt. Barrelman
|-damage|p2a: Capt. Barrelman|0 fnt
|faint|p2a: Capt. Barrelman
|
|
|switch|p2a: Babooshka|Blissey, F|624\/714
|turn|31
|
|switch|p1a: Whimsicott|Whimsicott, F|15\/261 brn
|move|p2a: Babooshka|Seismic Toss|p1a: Whimsicott
|-damage|p1a: Whimsicott|0 fnt
|faint|p1a: Whimsicott
|
|-heal|p2a: Babooshka|668\/714|[from] item: Leftovers
|
|switch|p1a: Mienshao|Mienshao, F|255\/271
|turn|32
|
|switch|p2a: Purple Haze|Crobat, M|244\/325
|move|p1a: Mienshao|U-turn|p2a: Purple Haze
|-resisted|p2a: Purple Haze
|-damage|p2a: Purple Haze|220\/325
|
|switch|p1a: Suicune|Suicune|211\/365
|-ability|p1a: Suicune|Pressure
|
|-heal|p1a: Suicune|233\/365|[from] item: Leftovers
|turn|33
|
|move|p2a: Purple Haze|U-turn|p1a: Suicune
|-damage|p1a: Suicune|179\/365
|
|switch|p2a: Shoot Star|Jirachi|262\/341
|move|p1a: Suicune|Scald|p2a: Shoot Star
|-damage|p2a: Shoot Star|148\/341
|-status|p2a: Shoot Star|brn
|
|-heal|p1a: Suicune|201\/365|[from] item: Leftovers
|-damage|p2a: Shoot Star|106\/341 brn|[from] brn
|turn|34
|
|switch|p1a: Mienshao|Mienshao, F|255\/271
|move|p2a: Shoot Star|Trick|p1a: Mienshao
|-activate|p2a: Shoot Star|move: Trick|[of] p1a: Mienshao
|-item|p1a: Mienshao|Choice Scarf|[from] move: Trick
|-item|p2a: Shoot Star|Choice Scarf|[from] move: Trick
|
|-damage|p2a: Shoot Star|64\/341 brn|[from] brn
|turn|35
|
|switch|p2a: Purple Haze|Crobat, M|220\/325
|move|p1a: Mienshao|U-turn|p2a: Purple Haze
|-resisted|p2a: Purple Haze
|-damage|p2a: Purple Haze|194\/325
|
|switch|p1a: Chandelure|Chandelure, M|261\/261
|
|turn|36
|
|switch|p2a: Babooshka|Blissey, F|668\/714
|move|p1a: Chandelure|Fire Blast|p2a: Babooshka
|-damage|p2a: Babooshka|440\/714
|
|-heal|p2a: Babooshka|484\/714|[from] item: Leftovers
|turn|37
|
|switch|p1a: Nidoking|Nidoking, M|267\/303
|move|p2a: Babooshka|Seismic Toss|p1a: Nidoking
|-damage|p1a: Nidoking|167\/303
|
|-heal|p2a: Babooshka|528\/714|[from] item: Leftovers
|turn|38
|
|switch|p1a: Mienshao|Mienshao, F|255\/271
|move|p2a: Babooshka|Seismic Toss|p1a: Mienshao
|-damage|p1a: Mienshao|155\/271
|
|-heal|p2a: Babooshka|572\/714|[from] item: Leftovers
|turn|39
|
|switch|p2a: Swampodin|Swampert, M|102\/401
|move|p1a: Mienshao|U-turn|p2a: Swampodin
|-damage|p2a: Swampodin|33\/401
|
|switch|p1a: Nidoking|Nidoking, M|167\/303
|
|-heal|p2a: Swampodin|58\/401|[from] item: Leftovers
|turn|40
|
|switch|p2a: Babooshka|Blissey, F|572\/714
|move|p1a: Nidoking|Ice Beam|p2a: Babooshka
|-damage|p2a: Babooshka|477\/714
|
|-heal|p2a: Babooshka|521\/714|[from] item: Leftovers
|turn|41
|
|move|p1a: Nidoking|Toxic Spikes|p2a: Babooshka
|-sidestart|p2: Century Express|move: Toxic Spikes
|move|p2a: Babooshka|Seismic Toss|p1a: Nidoking
|-damage|p1a: Nidoking|67\/303
|
|-heal|p2a: Babooshka|565\/714|[from] item: Leftovers
|turn|42
|
|switch|p1a: Chandelure|Chandelure, M|261\/261
|move|p2a: Babooshka|Seismic Toss|p1a: Chandelure
|-immune|p1a: Chandelure|[msg]
|
|-heal|p2a: Babooshka|609\/714|[from] item: Leftovers
|turn|43
|
|switch|p1a: Mienshao|Mienshao, F|155\/271
|move|p2a: Babooshka|Toxic|p1a: Mienshao
|-status|p1a: Mienshao|tox
|
|-heal|p2a: Babooshka|653\/714|[from] item: Leftovers
|-damage|p1a: Mienshao|139\/271 tox|[from] psn
|turn|44
|
|switch|p2a: Swampodin|Swampert, M|58\/401
|-status|p2a: Swampodin|psn
|move|p1a: Mienshao|U-turn|p2a: Swampodin
|-damage|p2a: Swampodin|0 fnt
|faint|p2a: Swampodin
|
|switch|p1a: Nidoking|Nidoking, M|67\/303
|
|
|switch|p2a: Purple Haze|Crobat, M|194\/325
|turn|45
|
|move|p2a: Purple Haze|Acrobatics|p1a: Nidoking
|-damage|p1a: Nidoking|0 fnt
|faint|p1a: Nidoking
|
|
|switch|p1a: Suicune|Suicune|201\/365
|-ability|p1a: Suicune|Pressure
|turn|46
|
|move|p2a: Purple Haze|U-turn|p1a: Suicune
|-damage|p1a: Suicune|144\/365
|
|switch|p2a: Babooshka|Blissey, F|653\/714
|-status|p2a: Babooshka|psn
|move|p1a: Suicune|Ice Beam|p2a: Babooshka
|-damage|p2a: Babooshka|584\/714 psn
|
|-heal|p1a: Suicune|166\/365|[from] item: Leftovers
|-heal|p2a: Babooshka|628\/714 psn|[from] item: Leftovers
|-damage|p2a: Babooshka|539\/714 psn|[from] psn
|turn|47
|
|switch|p1a: Chandelure|Chandelure, M|261\/261
|move|p2a: Babooshka|Toxic|p1a: Chandelure
|-status|p1a: Chandelure|tox
|
|-heal|p2a: Babooshka|583\/714 psn|[from] item: Leftovers
|-damage|p1a: Chandelure|245\/261 tox|[from] psn
|-damage|p2a: Babooshka|494\/714 psn|[from] psn
|turn|48
|
|move|p1a: Chandelure|Trick|p2a: Babooshka
|-activate|p1a: Chandelure|move: Trick|[of] p2a: Babooshka
|-item|p2a: Babooshka|Choice Specs|[from] move: Trick
|-item|p1a: Chandelure|Leftovers|[from] move: Trick
|move|p2a: Babooshka|Aromatherapy|p2a: Babooshka
|-cureteam|p2a: Babooshka|[from] move: Aromatherapy
|
|-heal|p1a: Chandelure|261\/261 tox|[from] item: Leftovers
|-damage|p1a: Chandelure|229\/261 tox|[from] psn
|turn|49
|
|move|p1a: Chandelure|Shadow Ball|p2a: Babooshka
|-immune|p2a: Babooshka|[msg]
|move|p2a: Babooshka|Aromatherapy|p2a: Babooshka
|-cureteam|p2a: Babooshka|[from] move: Aromatherapy
|
|-heal|p1a: Chandelure|245\/261 tox|[from] item: Leftovers
|-damage|p1a: Chandelure|197\/261 tox|[from] psn
|turn|50
|
|switch|p1a: Suicune|Suicune|166\/365
|-ability|p1a: Suicune|Pressure
|switch|p2a: Purple Haze|Crobat, M|194\/325
|
|-heal|p1a: Suicune|188\/365|[from] item: Leftovers
|turn|51
|
|move|p2a: Purple Haze|U-turn|p1a: Suicune
|-damage|p1a: Suicune|126\/365
|
|switch|p2a: Babooshka|Blissey, F|494\/714
|-status|p2a: Babooshka|psn
|move|p1a: Suicune|Ice Beam|p2a: Babooshka
|-damage|p2a: Babooshka|421\/714 psn
|
|-heal|p1a: Suicune|148\/365|[from] item: Leftovers
|-damage|p2a: Babooshka|332\/714 psn|[from] psn
|turn|52
|
|switch|p1a: Chandelure|Chandelure, M|197\/261 tox
|move|p2a: Babooshka|Seismic Toss|p1a: Chandelure
|-immune|p1a: Chandelure|[msg]
|
|-heal|p1a: Chandelure|213\/261 tox|[from] item: Leftovers
|-damage|p1a: Chandelure|197\/261 tox|[from] psn
|-damage|p2a: Babooshka|243\/714 psn|[from] psn
|turn|53
|
|move|p1a: Chandelure|Shadow Ball|p2a: Babooshka
|-immune|p2a: Babooshka|[msg]
|move|p2a: Babooshka|Seismic Toss|p1a: Chandelure
|-immune|p1a: Chandelure|[msg]
|
|-heal|p1a: Chandelure|213\/261 tox|[from] item: Leftovers
|-damage|p1a: Chandelure|181\/261 tox|[from] psn
|-damage|p2a: Babooshka|154\/714 psn|[from] psn
|turn|54
|
|switch|p1a: Mienshao|Mienshao, F|139\/271 tox
|move|p2a: Babooshka|Seismic Toss|p1a: Mienshao
|-damage|p1a: Mienshao|39\/271 tox
|
|-damage|p1a: Mienshao|23\/271 tox|[from] psn
|-damage|p2a: Babooshka|65\/714 psn|[from] psn
|turn|55
|
|move|p1a: Mienshao|U-turn|p2a: Babooshka
|-crit|p2a: Babooshka
|-damage|p2a: Babooshka|0 fnt
|faint|p2a: Babooshka
|
|switch|p1a: Suicune|Suicune|148\/365
|-ability|p1a: Suicune|Pressure
|
|-heal|p1a: Suicune|170\/365|[from] item: Leftovers
|
|switch|p2a: Shoot Star|Jirachi|64\/341
|turn|56
|
|switch|p1a: Mienshao|Mienshao, F|23\/271 tox
|move|p2a: Shoot Star|U-turn|p1a: Mienshao
|-resisted|p1a: Mienshao
|-damage|p1a: Mienshao|0 fnt
|faint|p1a: Mienshao
|
|switch|p2a: Purple Haze|Crobat, M|194\/325
|
|
|switch|p1a: Chandelure|Chandelure, M|181\/261 tox
|turn|57
|
|move|p2a: Purple Haze|U-turn|p1a: Chandelure
|-resisted|p1a: Chandelure
|-damage|p1a: Chandelure|163\/261 tox
|
|switch|p2a: Shoot Star|Jirachi|64\/341
|move|p1a: Chandelure|Fire Blast|p2a: Shoot Star
|-supereffective|p2a: Shoot Star
|-damage|p2a: Shoot Star|0 fnt
|faint|p2a: Shoot Star
|
|-heal|p1a: Chandelure|179\/261 tox|[from] item: Leftovers
|-damage|p1a: Chandelure|163\/261 tox|[from] psn
|
|switch|p2a: Purple Haze|Crobat, M|194\/325
|turn|58
|
|move|p2a: Purple Haze|Acrobatics|p1a: Chandelure
|-damage|p1a: Chandelure|9\/261 tox
|move|p1a: Chandelure|Fire Blast|p2a: Purple Haze
|-crit|p2a: Purple Haze
|-damage|p2a: Purple Haze|0 fnt
|faint|p2a: Purple Haze
|
|win|dudman
|raw|Ladder updating...
|raw|dudman's rating: 1694 &rarr; <strong>1708<\/strong><br \/>(+14 for winning)
|raw|Century Express's rating: 1601 &rarr; <strong>1586<\/strong><br \/>(-15 for losing)
|c|âdudman|really great game man