|join|dudman
|join|namehtmas
|player|p1|dudman|171
|player|p2|namehtmas|168
|gametype|singles
|gen|6
|tier|UU
|rule|Sleep Clause Mod: Limit one foe put to sleep
|rule|Species Clause: Limit one of each PokÃ©mon
|rule|OHKO Clause: OHKO moves are banned
|rule|Moody Clause: Moody is banned
|rule|Evasion Moves Clause: Evasion moves are banned
|rule|Endless Battle Clause: Forcing endless battles is banned
|rule|HP Percentage Mod: HP is shown in percentages
|clearpoke
|poke|p1|Nidoking, M
|poke|p1|Suicune
|poke|p1|Mienshao, F
|poke|p1|Aggron, F
|poke|p1|Chandelure, M
|poke|p1|Whimsicott, F
|poke|p2|Chandelure, F
|poke|p2|Zygarde
|poke|p2|Umbreon, M
|poke|p2|Aggron, F
|poke|p2|Crobat, F
|poke|p2|Shaymin
|rule|Swagger Clause: Swagger is banned
|rule|Baton Pass Clause: Limit one PokÃ©mon knowing Baton Pass
|teampreview
|
|start
|switch|p1a: Chandelure|Chandelure, M|261\/261
|switch|p2a: Shaymin|Shaymin|341\/341
|turn|1
|
|switch|p2a: Umbreon|Umbreon, M|394\/394
|move|p1a: Chandelure|Fire Blast|p2a: Umbreon
|-damage|p2a: Umbreon|211\/394
|
|-heal|p2a: Umbreon|235\/394|[from] item: Leftovers
|turn|2
|
|switch|p1a: Suicune|Suicune|353\/353
|-ability|p1a: Suicune|Pressure
|move|p2a: Umbreon|Wish|p2a: Umbreon
|
|-heal|p2a: Umbreon|259\/394|[from] item: Leftovers
|turn|3
|
|switch|p2a: Shaymin|Shaymin|341\/341
|move|p1a: Suicune|Substitute|p1a: Suicune
|-start|p1a: Suicune|Substitute
|-damage|p1a: Suicune|265\/353
|
|-heal|p1a: Suicune|287\/353|[from] item: Leftovers
|turn|4
|
|move|p2a: Shaymin|Seed Flare|p1a: Suicune
|-supereffective|p1a: Suicune
|-end|p1a: Suicune|Substitute
|-damage|p2a: Shaymin|307\/341|[from] item: Life Orb
|move|p1a: Suicune|Ice Beam|p2a: Shaymin
|-supereffective|p2a: Shaymin
|-damage|p2a: Shaymin|127\/341
|-status|p2a: Shaymin|frz
|
|-heal|p1a: Suicune|309\/353|[from] item: Leftovers
|turn|5
|c|âdudman|o
|c|ânamehtmas|rip
|
|switch|p2a: Aggron|Aggron, F|344\/344
|switch|p1a: Whimsicott|Whimsicott, F|261\/261
|
|turn|6
|
|detailschange|p2a: Aggron|Aggron-Mega, F
|message|Aggron has Mega Evolved into Mega Aggron!
|move|p1a: Whimsicott|U-turn|p2a: Aggron
|-resisted|p2a: Aggron
|-damage|p2a: Aggron|337\/344
|
|switch|p1a: Suicune|Suicune|309\/353
|-ability|p1a: Suicune|Pressure
|move|p2a: Aggron|Stealth Rock|p1a: Suicune
|-sidestart|p1: dudman|move: Stealth Rock
|
|-heal|p1a: Suicune|331\/353|[from] item: Leftovers
|turn|7
|
|move|p1a: Suicune|Scald|p2a: Aggron
|-damage|p2a: Aggron|192\/344
|move|p2a: Aggron|Roar|p1a: Suicune
|drag|p1a: Whimsicott|Whimsicott, F|261\/261
|-damage|p1a: Whimsicott|229\/261|[from] Stealth Rock
|
|-heal|p1a: Whimsicott|245\/261|[from] item: Leftovers
|turn|8
|
|move|p1a: Whimsicott|U-turn|p2a: Aggron
|-resisted|p2a: Aggron
|-damage|p2a: Aggron|185\/344
|
|switch|p1a: Suicune|Suicune|331\/353
|-damage|p1a: Suicune|287\/353|[from] Stealth Rock
|-ability|p1a: Suicune|Pressure
|move|p2a: Aggron|Roar|p1a: Suicune
|drag|p1a: Whimsicott|Whimsicott, F|245\/261
|-damage|p1a: Whimsicott|213\/261|[from] Stealth Rock
|
|-heal|p1a: Whimsicott|229\/261|[from] item: Leftovers
|turn|9
|
|move|p1a: Whimsicott|U-turn|p2a: Aggron
|-crit|p2a: Aggron
|-resisted|p2a: Aggron
|-damage|p2a: Aggron|175\/344
|
|switch|p1a: Suicune|Suicune|287\/353
|-damage|p1a: Suicune|243\/353|[from] Stealth Rock
|-ability|p1a: Suicune|Pressure
|move|p2a: Aggron|Heavy Slam|p1a: Suicune
|-resisted|p1a: Suicune
|-damage|p1a: Suicune|204\/353
|
|-heal|p1a: Suicune|226\/353|[from] item: Leftovers
|turn|10
|join|Calloflochie
|
|switch|p2a: Shaymin|Shaymin|127\/341
|move|p1a: Suicune|Scald|p2a: Shaymin
|-resisted|p2a: Shaymin
|-damage|p2a: Shaymin|67\/341
|-status|p2a: Shaymin|brn
|
|-heal|p1a: Suicune|248\/353|[from] item: Leftovers
|-damage|p2a: Shaymin|25\/341 brn|[from] brn
|turn|11
|
|switch|p1a: Whimsicott|Whimsicott, F|229\/261
|-damage|p1a: Whimsicott|197\/261|[from] Stealth Rock
|move|p2a: Shaymin|Synthesis|p2a: Shaymin
|-heal|p2a: Shaymin|195\/341 brn
|
|-heal|p1a: Whimsicott|213\/261|[from] item: Leftovers
|-damage|p2a: Shaymin|153\/341 brn|[from] brn
|turn|12
|
|move|p1a: Whimsicott|U-turn|p2a: Shaymin
|-supereffective|p2a: Shaymin
|-damage|p2a: Shaymin|85\/341 brn
|
|switch|p1a: Aggron|Aggron, F|344\/344
|-damage|p1a: Aggron|323\/344|[from] Stealth Rock
|move|p2a: Shaymin|Synthesis|p2a: Shaymin
|-heal|p2a: Shaymin|255\/341 brn
|
|-damage|p2a: Shaymin|213\/341 brn|[from] brn
|turn|13
|
|detailschange|p1a: Aggron|Aggron-Mega, F
|message|Aggron has Mega Evolved into Mega Aggron!
|move|p2a: Shaymin|Earth Power|p1a: Aggron
|-supereffective|p1a: Aggron
|-damage|p1a: Aggron|161\/344
|-damage|p2a: Shaymin|179\/341 brn|[from] item: Life Orb
|move|p1a: Aggron|Heavy Slam|p2a: Shaymin
|-damage|p2a: Shaymin|0 fnt
|faint|p2a: Shaymin
|
|
|switch|p2a: Chandelure|Chandelure, F|262\/262
|turn|14
|
|move|p2a: Chandelure|Shadow Ball|p1a: Aggron
|-damage|p1a: Aggron|0 fnt
|faint|p1a: Aggron
|
|
|switch|p1a: Nidoking|Nidoking, M|303\/303
|-damage|p1a: Nidoking|285\/303|[from] Stealth Rock
|turn|15
|c|+Calloflochie|click superpower
|c|+Calloflochie|rn
|c|+Calloflochie|no balls
|
|switch|p2a: Crobat|Crobat, F|373\/373
|move|p1a: Nidoking|Earth Power|p2a: Crobat
|-immune|p2a: Crobat|[msg]
|
|turn|16
|c|+Calloflochie|kek
|c|âdudman|i'm not that good :[
|c|+Calloflochie|ur so shit dudman :[
|
|move|p2a: Crobat|U-turn|p1a: Nidoking
|-resisted|p1a: Nidoking
|-damage|p1a: Nidoking|250\/303
|
|switch|p2a: Umbreon|Umbreon, M|259\/394
|move|p1a: Nidoking|Ice Beam|p2a: Umbreon
|-damage|p2a: Umbreon|173\/394
|
|-heal|p2a: Umbreon|197\/394|[from] item: Leftovers
|turn|17
|c|+Calloflochie|did u click superpower 
|c|+Calloflochie|PLEASE
|c|âdudman|im sry
|
|move|p2a: Umbreon|Protect|p2a: Umbreon
|-singleturn|p2a: Umbreon|Protect
|move|p1a: Nidoking|Earth Power|p2a: Umbreon
|-activate|p2a: Umbreon|Protect
|
|-heal|p2a: Umbreon|221\/394|[from] item: Leftovers
|turn|18
|
|move|p1a: Nidoking|Earth Power|p2a: Umbreon
|-damage|p2a: Umbreon|95\/394
|move|p2a: Umbreon|Wish|p2a: Umbreon
|
|-heal|p2a: Umbreon|119\/394|[from] item: Leftovers
|turn|19
|c|+Calloflochie|no superpower
|c|+Calloflochie|sigh,
|
|move|p2a: Umbreon|Protect|p2a: Umbreon
|-singleturn|p2a: Umbreon|Protect
|move|p1a: Nidoking|Toxic Spikes|p2a: Umbreon
|-sidestart|p2: namehtmas|move: Toxic Spikes
|
|-heal|p2a: Umbreon|316\/394|[from] move: Wish|[wisher] Umbreon
|-heal|p2a: Umbreon|340\/394|[from] item: Leftovers
|turn|20
|c|ânamehtmas|kids these days
|
|move|p1a: Nidoking|Earth Power|p2a: Umbreon
|-damage|p2a: Umbreon|215\/394
|move|p2a: Umbreon|Wish|p2a: Umbreon
|
|-heal|p2a: Umbreon|239\/394|[from] item: Leftovers
|turn|21
|
|switch|p1a: Whimsicott|Whimsicott, F|213\/261
|-damage|p1a: Whimsicott|181\/261|[from] Stealth Rock
|move|p2a: Umbreon|Foul Play|p1a: Whimsicott
|-resisted|p1a: Whimsicott
|-damage|p1a: Whimsicott|142\/261
|
|-heal|p2a: Umbreon|394\/394|[from] move: Wish|[wisher] Umbreon
|-heal|p1a: Whimsicott|158\/261|[from] item: Leftovers
|turn|22
|
|move|p1a: Whimsicott|U-turn|p2a: Umbreon
|-supereffective|p2a: Umbreon
|-damage|p2a: Umbreon|328\/394
|
|switch|p1a: Suicune|Suicune|248\/353
|-damage|p1a: Suicune|204\/353|[from] Stealth Rock
|-ability|p1a: Suicune|Pressure
|move|p2a: Umbreon|Baton Pass|p2a: Umbreon
|
|switch|p2a: Chandelure|Chandelure, F|262\/262
|-status|p2a: Chandelure|psn
|
|-heal|p1a: Suicune|226\/353|[from] item: Leftovers
|-damage|p2a: Chandelure|230\/262 psn|[from] psn
|turn|23
|
|move|p1a: Suicune|Scald|p2a: Chandelure
|-supereffective|p2a: Chandelure
|-damage|p2a: Chandelure|0 fnt
|faint|p2a: Chandelure
|
|-heal|p1a: Suicune|248\/353|[from] item: Leftovers
|c|âdudman|ayy
|c|ânamehtmas|oh rip
|c|ânamehtmas|this kinda
|c|ânamehtmas|kills my team now gg
|c|âdudman|gg
|
|switch|p2a: Umbreon|Umbreon, M|328\/394
|-status|p2a: Umbreon|psn
|turn|24
|join|bleve
|c|âdudman|i shouldn't hav
|c|âdudman|said gg
|
|move|p1a: Suicune|Substitute|p1a: Suicune
|-start|p1a: Suicune|Substitute
|-damage|p1a: Suicune|160\/353
|move|p2a: Umbreon|Wish|p2a: Umbreon
|
|-heal|p1a: Suicune|182\/353|[from] item: Leftovers
|-heal|p2a: Umbreon|352\/394 psn|[from] item: Leftovers
|-damage|p2a: Umbreon|303\/394 psn|[from] psn
|turn|25
|c|ânamehtmas|nah 
|c|ânamehtmas|ur good
|
|move|p1a: Suicune|Calm Mind|p1a: Suicune
|-boost|p1a: Suicune|spa|1
|-boost|p1a: Suicune|spd|1
|move|p2a: Umbreon|Foul Play|p1a: Suicune
|-activate|p1a: Suicune|Substitute|[damage]
|
|-heal|p2a: Umbreon|394\/394 psn|[from] move: Wish|[wisher] Umbreon
|-heal|p1a: Suicune|204\/353|[from] item: Leftovers
|-damage|p2a: Umbreon|345\/394 psn|[from] psn
|turn|26
|c|ânamehtmas|i have
|c|ânamehtmas|nothing to break it
|c|ânamehtmas|lol
|
|move|p1a: Suicune|Calm Mind|p1a: Suicune
|-boost|p1a: Suicune|spa|1
|-boost|p1a: Suicune|spd|1
|move|p2a: Umbreon|Foul Play|p1a: Suicune
|-end|p1a: Suicune|Substitute
|
|-heal|p1a: Suicune|226\/353|[from] item: Leftovers
|-heal|p2a: Umbreon|369\/394 psn|[from] item: Leftovers
|-damage|p2a: Umbreon|320\/394 psn|[from] psn
|turn|27
|
|move|p1a: Suicune|Scald|p2a: Umbreon
|-damage|p2a: Umbreon|176\/394 psn
|move|p2a: Umbreon|Foul Play|p1a: Suicune
|-damage|p1a: Suicune|157\/353
|
|-heal|p1a: Suicune|179\/353|[from] item: Leftovers
|-heal|p2a: Umbreon|200\/394 psn|[from] item: Leftovers
|-damage|p2a: Umbreon|151\/394 psn|[from] psn
|turn|28
|
|move|p1a: Suicune|Scald|p2a: Umbreon
|-damage|p2a: Umbreon|0 fnt
|faint|p2a: Umbreon
|
|-heal|p1a: Suicune|201\/353|[from] item: Leftovers
|
|switch|p2a: Crobat|Crobat, F|373\/373
|turn|29
|
|move|p2a: Crobat|Brave Bird|p1a: Suicune
|-damage|p1a: Suicune|65\/353
|-damage|p2a: Crobat|328\/373|[from] recoil|[of] p1a: Suicune
|move|p1a: Suicune|Ice Beam|p2a: Crobat
|-supereffective|p2a: Crobat
|-damage|p2a: Crobat|0 fnt
|faint|p2a: Crobat
|
|-heal|p1a: Suicune|87\/353|[from] item: Leftovers
|
|switch|p2a: Zygarde|Zygarde|377\/377
|-status|p2a: Zygarde|psn
|-ability|p2a: Zygarde|Aura Break
|-enditem|p2a: Zygarde|Lum Berry|[eat]
|-curestatus|p2a: Zygarde|psn
|turn|30
|
|move|p2a: Zygarde|Earthquake|p1a: Suicune
|-damage|p1a: Suicune|0 fnt
|faint|p1a: Suicune
|
|
|switch|p1a: Whimsicott|Whimsicott, F|158\/261
|-damage|p1a: Whimsicott|126\/261|[from] Stealth Rock
|turn|31
|
|move|p1a: Whimsicott|Moonblast|p2a: Zygarde
|-supereffective|p2a: Zygarde
|-damage|p2a: Zygarde|119\/377
|-unboost|p2a: Zygarde|spa|1
|move|p2a: Zygarde|Dragon Dance|p2a: Zygarde
|-boost|p2a: Zygarde|atk|1
|-boost|p2a: Zygarde|spe|1
|
|-heal|p1a: Whimsicott|142\/261|[from] item: Leftovers
|turn|32
|
|move|p2a: Zygarde|Extreme Speed|p1a: Whimsicott
|-damage|p1a: Whimsicott|1\/261
|move|p1a: Whimsicott|Moonblast|p2a: Zygarde
|-supereffective|p2a: Zygarde
|-damage|p2a: Zygarde|0 fnt
|faint|p2a: Zygarde
|
|-heal|p1a: Whimsicott|17\/261|[from] item: Leftovers
|c|ânamehtmas|oh
|c| bleve|balk
|c|ânamehtmas|is your shao scarf
|
|switch|p2a: Aggron|Aggron-Mega, F|175\/344
|turn|33
|c|âdudman|ya
|c| bleve|>not outraging
|c|ânamehtmas|yeah wouldnt have won anyway ):
|
|move|p1a: Whimsicott|Moonblast|p2a: Aggron
|-resisted|p2a: Aggron
|-damage|p2a: Aggron|106\/344
|-unboost|p2a: Aggron|spa|1
|move|p2a: Aggron|Roar|p1a: Whimsicott
|drag|p1a: Nidoking|Nidoking, M|250\/303
|-damage|p1a: Nidoking|232\/303|[from] Stealth Rock
|
|turn|34
|c|ânamehtmas|g_g
|
|move|p1a: Nidoking|Earth Power|p2a: Aggron
|-supereffective|p2a: Aggron
|-damage|p2a: Aggron|0 fnt
|faint|p2a: Aggron
|
|win|dudman
|c|âdudman|gg 