|join|Test-o-rama
|join|dudman
|player|p1|Test-o-rama|203
|player|p2|dudman|171
|gametype|singles
|gen|6
|tier|UU
|rated
|rule|Sleep Clause Mod: Limit one foe put to sleep
|rule|Species Clause: Limit one of each PokÃ©mon
|rule|OHKO Clause: OHKO moves are banned
|rule|Moody Clause: Moody is banned
|rule|Evasion Moves Clause: Evasion moves are banned
|rule|Endless Battle Clause: Forcing endless battles is banned
|rule|HP Percentage Mod: HP is shown in percentages
|clearpoke
|poke|p1|Alomomola, F
|poke|p1|Sableye, F
|poke|p1|Gligar, F
|poke|p1|Florges, F
|poke|p1|Snorlax, F
|poke|p1|Bronzong
|poke|p2|Dragalge, M
|poke|p2|Suicune
|poke|p2|Bronzong
|poke|p2|Altaria, F
|poke|p2|Infernape, M
|poke|p2|Crobat, M
|rule|Swagger Clause: Swagger is banned
|rule|Baton Pass Clause: Limit one PokÃ©mon knowing Baton Pass
|teampreview
|c|âTest-o-rama|Fek.
|c|âdudman|xd
|c|âTest-o-rama|I'm literally losing hope when I see a Suicune.
|
|start
|switch|p1a: Bronzong|Bronzong|338\/338
|switch|p2a: Dragalge|Dragalge, M|271\/271
|turn|1
|
|switch|p1a: Snorlax|Snorlax, F|497\/497
|move|p2a: Dragalge|Shadow Ball|p1a: Snorlax
|-immune|p1a: Snorlax|[msg]
|
|turn|2
|
|switch|p2a: Infernape|Infernape, M|293\/293
|switch|p1a: Gligar|Gligar, F|334\/334
|
|turn|3
|
|move|p2a: Infernape|U-turn|p1a: Gligar
|-resisted|p1a: Gligar
|-damage|p1a: Gligar|310\/334
|
|switch|p2a: Suicune|Suicune|361\/361
|-ability|p2a: Suicune|Pressure
|move|p1a: Gligar|Earthquake|p2a: Suicune
|-damage|p2a: Suicune|283\/361
|
|-heal|p2a: Suicune|305\/361|[from] item: Leftovers
|turn|4
|c|âTest-o-rama|D;
|
|move|p2a: Suicune|Scald|p1a: Gligar
|-supereffective|p1a: Gligar
|-damage|p1a: Gligar|158\/334
|move|p1a: Gligar|Taunt|p2a: Suicune
|-start|p2a: Suicune|move: Taunt
|
|-heal|p2a: Suicune|327\/361|[from] item: Leftovers
|turn|5
|
|switch|p1a: Sableye|Sableye, F|304\/304
|move|p2a: Suicune|Scald|p1a: Sableye
|-damage|p1a: Sableye|132\/304
|
|-heal|p2a: Suicune|349\/361|[from] item: Leftovers
|turn|6
|
|detailschange|p1a: Sableye|Sableye-Mega, F
|message|Sableye has Mega Evolved into Mega Sableye!
|move|p1a: Sableye|Recover|p1a: Sableye
|-heal|p1a: Sableye|284\/304
|move|p2a: Suicune|Scald|p1a: Sableye
|-damage|p1a: Sableye|169\/304
|-status|p1a: Sableye|brn
|
|-heal|p2a: Suicune|361\/361|[from] item: Leftovers
|-damage|p1a: Sableye|131\/304 brn|[from] brn
|turn|7
|
|move|p2a: Suicune|Scald|p1a: Sableye
|-damage|p1a: Sableye|19\/304 brn
|move|p1a: Sableye|Will-O-Wisp|p2a: Suicune
|-status|p2a: Suicune|brn
|
|-damage|p2a: Suicune|316\/361 brn|[from] brn
|-damage|p1a: Sableye|0 fnt|[from] brn
|-end|p2a: Suicune|move: Taunt
|faint|p1a: Sableye
|
|switch|p1a: Florges|Florges, F|360\/360
|turn|8
|
|switch|p2a: Bronzong|Bronzong|338\/338
|switch|p1a: Gligar|Gligar, F|158\/334
|
|turn|9
|
|move|p1a: Gligar|Roost|p1a: Gligar
|-heal|p1a: Gligar|325\/334
|move|p2a: Bronzong|Stealth Rock|p1a: Gligar
|-sidestart|p1: Test-o-rama|move: Stealth Rock
|
|turn|10
|
|switch|p2a: Dragalge|Dragalge, M|271\/271
|move|p1a: Gligar|Defog|p2a: Dragalge
|-unboost|p2a: Dragalge|evasion|1
|-sideend|p1: Test-o-rama|Stealth Rock|[from] move: Defog|[of] p1a: Gligar
|
|turn|11
|
|move|p1a: Gligar|Roost|p1a: Gligar
|-heal|p1a: Gligar|334\/334
|move|p2a: Dragalge|Hydro Pump|p1a: Gligar
|-supereffective|p1a: Gligar
|-damage|p1a: Gligar|102\/334
|
|turn|12
|
|switch|p1a: Alomomola|Alomomola, F|533\/533
|switch|p2a: Bronzong|Bronzong|338\/338
|
|turn|13
|
|move|p1a: Alomomola|Wish|p1a: Alomomola
|move|p2a: Bronzong|Toxic|p1a: Alomomola|[miss]
|-miss|p2a: Bronzong|p1a: Alomomola
|
|turn|14
|
|switch|p1a: Gligar|Gligar, F|102\/334
|move|p2a: Bronzong|Stealth Rock|p1a: Gligar
|-sidestart|p1: Test-o-rama|move: Stealth Rock
|
|-heal|p1a: Gligar|334\/334|[from] move: Wish|[wisher] Alomomola
|turn|15
|c|âdudman|fuck.
|
|switch|p2a: Suicune|Suicune|316\/361 brn
|-ability|p2a: Suicune|Pressure
|move|p1a: Gligar|Taunt|p2a: Suicune
|-start|p2a: Suicune|move: Taunt
|
|-heal|p2a: Suicune|338\/361 brn|[from] item: Leftovers
|-damage|p2a: Suicune|293\/361 brn|[from] brn
|turn|16
|
|move|p2a: Suicune|Ice Beam|p1a: Gligar
|-supereffective|p1a: Gligar
|-damage|p1a: Gligar|90\/334
|move|p1a: Gligar|Defog|p2a: Suicune
|-unboost|p2a: Suicune|evasion|1
|-sideend|p1: Test-o-rama|Stealth Rock|[from] move: Defog|[of] p1a: Gligar
|
|-heal|p2a: Suicune|315\/361 brn|[from] item: Leftovers
|-damage|p2a: Suicune|270\/361 brn|[from] brn
|turn|17
|
|switch|p2a: Bronzong|Bronzong|338\/338
|switch|p1a: Alomomola|Alomomola, F|533\/533
|
|turn|18
|
|move|p1a: Alomomola|Wish|p1a: Alomomola
|move|p2a: Bronzong|Stealth Rock|p1a: Alomomola
|-sidestart|p1: Test-o-rama|move: Stealth Rock
|
|turn|19
|
|switch|p1a: Gligar|Gligar, F|90\/334
|-damage|p1a: Gligar|49\/334|[from] Stealth Rock
|move|p2a: Bronzong|Toxic|p1a: Gligar
|-status|p1a: Gligar|tox
|
|-heal|p1a: Gligar|315\/334 tox|[from] move: Wish|[wisher] Alomomola
|-damage|p1a: Gligar|295\/334 tox|[from] psn
|turn|20
|
|switch|p1a: Bronzong|Bronzong|338\/338
|-damage|p1a: Bronzong|317\/338|[from] Stealth Rock
|move|p2a: Bronzong|Stealth Rock|p1a: Bronzong
|-fail|p1a: Bronzong
|
|-heal|p1a: Bronzong|338\/338|[from] item: Leftovers
|turn|21
|
|switch|p2a: Dragalge|Dragalge, M|271\/271
|move|p1a: Bronzong|Stealth Rock|p2a: Dragalge
|-sidestart|p2: dudman|move: Stealth Rock
|
|turn|22
|
|switch|p1a: Snorlax|Snorlax, F|497\/497
|-damage|p1a: Snorlax|435\/497|[from] Stealth Rock
|move|p2a: Dragalge|Draco Meteor|p1a: Snorlax
|-crit|p1a: Snorlax
|-damage|p1a: Snorlax|0 fnt
|-unboost|p2a: Dragalge|spa|2
|faint|p1a: Snorlax
|
|c|âdudman|ouch
|c|âdudman|sorry
|c|âTest-o-rama|That's okay.
|c|âTest-o-rama|Would've been more hope-giving if Sableye's still alive. To deal with that annoying Bronzong.
|c|âdudman|yeahhh...
|
|switch|p1a: Florges|Florges, F|360\/360
|-damage|p1a: Florges|315\/360|[from] Stealth Rock
|turn|23
|
|switch|p2a: Crobat|Crobat, M|323\/323
|-damage|p2a: Crobat|243\/323|[from] Stealth Rock
|move|p1a: Florges|Calm Mind|p1a: Florges
|-boost|p1a: Florges|spa|1
|-boost|p1a: Florges|spd|1
|
|-heal|p1a: Florges|337\/360|[from] item: Leftovers
|turn|24
|
|switch|p1a: Bronzong|Bronzong|338\/338
|-damage|p1a: Bronzong|317\/338|[from] Stealth Rock
|move|p2a: Crobat|Brave Bird|p1a: Bronzong
|-resisted|p1a: Bronzong
|-damage|p1a: Bronzong|258\/338
|-damage|p2a: Crobat|224\/323|[from] recoil|[of] p1a: Bronzong
|
|-heal|p1a: Bronzong|279\/338|[from] item: Leftovers
|turn|25
|
|move|p2a: Crobat|U-turn|p1a: Bronzong
|-damage|p1a: Bronzong|236\/338
|
|switch|p2a: Infernape|Infernape, M|293\/293
|-damage|p2a: Infernape|257\/293|[from] Stealth Rock
|move|p1a: Bronzong|Earthquake|p2a: Infernape
|-supereffective|p2a: Infernape
|-damage|p2a: Infernape|65\/293
|
|-heal|p1a: Bronzong|257\/338|[from] item: Leftovers
|turn|26
|
|switch|p1a: Alomomola|Alomomola, F|533\/533
|-damage|p1a: Alomomola|467\/533|[from] Stealth Rock
|move|p2a: Infernape|U-turn|p1a: Alomomola
|-damage|p1a: Alomomola|405\/533
|
|switch|p2a: Dragalge|Dragalge, M|271\/271
|-damage|p2a: Dragalge|238\/271|[from] Stealth Rock
|
|-heal|p1a: Alomomola|438\/533|[from] item: Leftovers
|turn|27
|
|move|p1a: Alomomola|Protect|p1a: Alomomola
|-singleturn|p1a: Alomomola|Protect
|move|p2a: Dragalge|Sludge Bomb|p1a: Alomomola
|-activate|p1a: Alomomola|Protect
|
|-heal|p1a: Alomomola|471\/533|[from] item: Leftovers
|turn|28
|c|âTest-o-rama|Imma calc. teehee
|c|âTest-o-rama|nvm what am I thinking.
|c|âTest-o-rama|This is just going to die.
|
|switch|p1a: Bronzong|Bronzong|257\/338
|-damage|p1a: Bronzong|236\/338|[from] Stealth Rock
|move|p2a: Dragalge|Sludge Bomb|p1a: Bronzong
|-immune|p1a: Bronzong|[msg]
|
|-heal|p1a: Bronzong|257\/338|[from] item: Leftovers
|turn|29
|
|switch|p2a: Infernape|Infernape, M|65\/293
|-damage|p2a: Infernape|29\/293|[from] Stealth Rock
|move|p1a: Bronzong|Earthquake|p2a: Infernape
|-supereffective|p2a: Infernape
|-damage|p2a: Infernape|0 fnt
|faint|p2a: Infernape
|
|-heal|p1a: Bronzong|278\/338|[from] item: Leftovers
|
|switch|p2a: Dragalge|Dragalge, M|238\/271
|-damage|p2a: Dragalge|205\/271|[from] Stealth Rock
|turn|30
|
|switch|p1a: Gligar|Gligar, F|295\/334 tox
|-damage|p1a: Gligar|254\/334 tox|[from] Stealth Rock
|move|p2a: Dragalge|Shadow Ball|p1a: Gligar
|-damage|p1a: Gligar|174\/334 tox
|
|-damage|p1a: Gligar|154\/334 tox|[from] psn
|turn|31
|
|switch|p2a: Altaria|Altaria, F|354\/354
|-damage|p2a: Altaria|266\/354|[from] Stealth Rock
|move|p1a: Gligar|Roost|p1a: Gligar
|-heal|p1a: Gligar|321\/334 tox
|
|-damage|p1a: Gligar|281\/334 tox|[from] psn
|turn|32
|
|detailschange|p2a: Altaria|Altaria-Mega, F
|message|Altaria has Mega Evolved into Mega Altaria!
|move|p2a: Altaria|Heal Bell|p2a: Altaria
|-cureteam|p2a: Altaria|[from] move: HealBell
|move|p1a: Gligar|Defog|p2a: Altaria
|-unboost|p2a: Altaria|evasion|1
|-sideend|p2: dudman|Stealth Rock|[from] move: Defog|[of] p2a: Altaria
|-sideend|p1: Test-o-rama|Stealth Rock|[from] move: Defog|[of] p1a: Gligar
|
|-damage|p1a: Gligar|221\/334 tox|[from] psn
|turn|33
|
|switch|p1a: Alomomola|Alomomola, F|533\/533
|move|p2a: Altaria|Frustration|p1a: Alomomola
|-damage|p1a: Alomomola|395\/533
|
|-heal|p1a: Alomomola|428\/533|[from] item: Leftovers
|turn|34
|
|switch|p2a: Bronzong|Bronzong|338\/338
|move|p1a: Alomomola|Scald|p2a: Bronzong
|-damage|p2a: Bronzong|296\/338
|-status|p2a: Bronzong|brn
|
|-heal|p1a: Alomomola|461\/533|[from] item: Leftovers
|-heal|p2a: Bronzong|317\/338 brn|[from] item: Leftovers
|-damage|p2a: Bronzong|275\/338 brn|[from] brn
|turn|35
|c|âTest-o-rama|Forgot Altaria got Heal Bell.
|c|âTest-o-rama|Meep. This is a near hopeless match-up. gg
|c|âdudman|gg
|
|switch|p1a: Florges|Florges, F|337\/360
|move|p2a: Bronzong|Stealth Rock|p1a: Florges
|-sidestart|p1: Test-o-rama|move: Stealth Rock
|
|-heal|p1a: Florges|359\/360|[from] item: Leftovers
|-heal|p2a: Bronzong|296\/338 brn|[from] item: Leftovers
|-damage|p2a: Bronzong|254\/338 brn|[from] brn
|turn|36
|
|switch|p2a: Dragalge|Dragalge, M|205\/271
|move|p1a: Florges|Moonblast|p2a: Dragalge
|-damage|p2a: Dragalge|94\/271
|-unboost|p2a: Dragalge|spa|1
|
|-heal|p1a: Florges|360\/360|[from] item: Leftovers
|turn|37
|
|switch|p2a: Crobat|Crobat, M|224\/323
|move|p1a: Florges|Moonblast|p2a: Crobat
|-resisted|p2a: Crobat
|-damage|p2a: Crobat|146\/323
|
|turn|38
|
|move|p2a: Crobat|Roost|p2a: Crobat
|-heal|p2a: Crobat|308\/323
|move|p1a: Florges|Calm Mind|p1a: Florges
|-boost|p1a: Florges|spa|1
|-boost|p1a: Florges|spd|1
|
|turn|39
|
|move|p2a: Crobat|Brave Bird|p1a: Florges
|-damage|p1a: Florges|162\/360
|-damage|p2a: Crobat|243\/323|[from] recoil|[of] p1a: Florges
|move|p1a: Florges|Synthesis|p1a: Florges
|-heal|p1a: Florges|342\/360
|
|-heal|p1a: Florges|360\/360|[from] item: Leftovers
|turn|40
|
|move|p2a: Crobat|Brave Bird|p1a: Florges
|-damage|p1a: Florges|165\/360
|-damage|p2a: Crobat|179\/323|[from] recoil|[of] p1a: Florges
|move|p1a: Florges|Synthesis|p1a: Florges
|-heal|p1a: Florges|345\/360
|
|-heal|p1a: Florges|360\/360|[from] item: Leftovers
|turn|41
|
|move|p2a: Crobat|Brave Bird|p1a: Florges
|-damage|p1a: Florges|177\/360
|-damage|p2a: Crobat|119\/323|[from] recoil|[of] p1a: Florges
|move|p1a: Florges|Synthesis|p1a: Florges
|-heal|p1a: Florges|357\/360
|
|-heal|p1a: Florges|360\/360|[from] item: Leftovers
|turn|42
|
|move|p2a: Crobat|Roost|p2a: Crobat
|-heal|p2a: Crobat|281\/323
|move|p1a: Florges|Moonblast|p2a: Crobat
|-resisted|p2a: Crobat
|-damage|p2a: Crobat|161\/323
|
|turn|43
|
|move|p2a: Crobat|Roost|p2a: Crobat
|-heal|p2a: Crobat|323\/323
|move|p1a: Florges|Moonblast|p2a: Crobat
|-resisted|p2a: Crobat
|-damage|p2a: Crobat|212\/323
|
|turn|44
|
|move|p2a: Crobat|Brave Bird|p1a: Florges
|-damage|p1a: Florges|191\/360
|-damage|p2a: Crobat|156\/323|[from] recoil|[of] p1a: Florges
|move|p1a: Florges|Synthesis|p1a: Florges
|-heal|p1a: Florges|360\/360
|
|turn|45
|
|move|p2a: Crobat|Roost|p2a: Crobat
|-heal|p2a: Crobat|318\/323
|move|p1a: Florges|Calm Mind|p1a: Florges
|-boost|p1a: Florges|spa|1
|-boost|p1a: Florges|spd|1
|
|turn|46
|
|move|p2a: Crobat|Brave Bird|p1a: Florges
|-damage|p1a: Florges|186\/360
|-damage|p2a: Crobat|261\/323|[from] recoil|[of] p1a: Florges
|move|p1a: Florges|Moonblast|p2a: Crobat
|-resisted|p2a: Crobat
|-damage|p2a: Crobat|107\/323
|
|-heal|p1a: Florges|208\/360|[from] item: Leftovers
|turn|47
|
|move|p2a: Crobat|Brave Bird|p1a: Florges
|-damage|p1a: Florges|33\/360
|-damage|p2a: Crobat|49\/323|[from] recoil|[of] p1a: Florges
|move|p1a: Florges|Synthesis|p1a: Florges
|-heal|p1a: Florges|213\/360
|
|-heal|p1a: Florges|235\/360|[from] item: Leftovers
|turn|48
|
|move|p2a: Crobat|Roost|p2a: Crobat
|-heal|p2a: Crobat|211\/323
|move|p1a: Florges|Moonblast|p2a: Crobat
|-resisted|p2a: Crobat
|-damage|p2a: Crobat|71\/323
|
|-heal|p1a: Florges|257\/360|[from] item: Leftovers
|turn|49
|
|move|p2a: Crobat|Roost|p2a: Crobat
|-heal|p2a: Crobat|233\/323
|move|p1a: Florges|Calm Mind|p1a: Florges
|-boost|p1a: Florges|spa|1
|-boost|p1a: Florges|spd|1
|
|-heal|p1a: Florges|279\/360|[from] item: Leftovers
|turn|50
|
|move|p2a: Crobat|Brave Bird|p1a: Florges
|-damage|p1a: Florges|87\/360
|-damage|p2a: Crobat|170\/323|[from] recoil|[of] p1a: Florges
|move|p1a: Florges|Synthesis|p1a: Florges
|-heal|p1a: Florges|267\/360
|
|-heal|p1a: Florges|289\/360|[from] item: Leftovers
|turn|51
|
|move|p2a: Crobat|Roost|p2a: Crobat
|-heal|p2a: Crobat|323\/323
|move|p1a: Florges|Synthesis|p1a: Florges
|-heal|p1a: Florges|360\/360
|
|turn|52
|
|move|p2a: Crobat|Brave Bird|p1a: Florges
|-damage|p1a: Florges|191\/360
|-damage|p2a: Crobat|267\/323|[from] recoil|[of] p1a: Florges
|move|p1a: Florges|Moonblast|p2a: Crobat
|-resisted|p2a: Crobat
|-damage|p2a: Crobat|68\/323
|-unboost|p2a: Crobat|spa|1
|
|-heal|p1a: Florges|213\/360|[from] item: Leftovers
|turn|53
|
|move|p2a: Crobat|Roost|p2a: Crobat
|-heal|p2a: Crobat|230\/323
|move|p1a: Florges|Synthesis|p1a: Florges
|-heal|p1a: Florges|360\/360
|
|turn|54
|
|move|p2a: Crobat|Brave Bird|p1a: Florges
|-crit|p1a: Florges
|-damage|p1a: Florges|102\/360
|-damage|p2a: Crobat|145\/323|[from] recoil|[of] p1a: Florges
|move|p1a: Florges|Moonblast|p2a: Crobat
|-resisted|p2a: Crobat
|-damage|p2a: Crobat|0 fnt
|faint|p2a: Crobat
|
|-heal|p1a: Florges|124\/360|[from] item: Leftovers
|
|switch|p2a: Bronzong|Bronzong|254\/338 brn
|turn|55
|
|switch|p1a: Alomomola|Alomomola, F|533\/533
|-damage|p1a: Alomomola|467\/533|[from] Stealth Rock
|move|p2a: Bronzong|Gyro Ball|p1a: Alomomola
|-resisted|p1a: Alomomola
|-damage|p1a: Alomomola|451\/533
|
|-heal|p1a: Alomomola|484\/533|[from] item: Leftovers
|-heal|p2a: Bronzong|275\/338 brn|[from] item: Leftovers
|-damage|p2a: Bronzong|233\/338 brn|[from] brn
|turn|56
|
|move|p1a: Alomomola|Wish|p1a: Alomomola
|move|p2a: Bronzong|Toxic|p1a: Alomomola
|-status|p1a: Alomomola|tox
|
|-heal|p1a: Alomomola|517\/533 tox|[from] item: Leftovers
|-heal|p2a: Bronzong|254\/338 brn|[from] item: Leftovers
|-damage|p1a: Alomomola|484\/533 tox|[from] psn
|-damage|p2a: Bronzong|212\/338 brn|[from] brn
|turn|57
|
|move|p1a: Alomomola|Scald|p2a: Bronzong
|-damage|p2a: Bronzong|176\/338 brn
|move|p2a: Bronzong|Gyro Ball|p1a: Alomomola
|-resisted|p1a: Alomomola
|-damage|p1a: Alomomola|469\/533 tox
|
|-heal|p1a: Alomomola|533\/533 tox|[from] move: Wish|[wisher] Alomomola
|-heal|p2a: Bronzong|197\/338 brn|[from] item: Leftovers
|-damage|p1a: Alomomola|467\/533 tox|[from] psn
|-damage|p2a: Bronzong|155\/338 brn|[from] brn
|turn|58
|
|switch|p2a: Dragalge|Dragalge, M|94\/271
|move|p1a: Alomomola|Wish|p1a: Alomomola
|
|-heal|p1a: Alomomola|500\/533 tox|[from] item: Leftovers
|-damage|p1a: Alomomola|401\/533 tox|[from] psn
|turn|59
|
|move|p1a: Alomomola|Protect|p1a: Alomomola
|-singleturn|p1a: Alomomola|Protect
|move|p2a: Dragalge|Sludge Bomb|p1a: Alomomola
|-activate|p1a: Alomomola|Protect
|
|-heal|p1a: Alomomola|533\/533 tox|[from] move: Wish|[wisher] Alomomola
|-damage|p1a: Alomomola|401\/533 tox|[from] psn
|turn|60
|
|switch|p1a: Bronzong|Bronzong|278\/338
|-damage|p1a: Bronzong|257\/338|[from] Stealth Rock
|switch|p2a: Suicune|Suicune|270\/361
|-ability|p2a: Suicune|Pressure
|
|-heal|p2a: Suicune|292\/361|[from] item: Leftovers
|-heal|p1a: Bronzong|278\/338|[from] item: Leftovers
|turn|61
|
|move|p2a: Suicune|Substitute|p2a: Suicune
|-start|p2a: Suicune|Substitute
|-damage|p2a: Suicune|202\/361
|move|p1a: Bronzong|Stealth Rock|p2a: Suicune
|-sidestart|p2: dudman|move: Stealth Rock
|
|-heal|p2a: Suicune|224\/361|[from] item: Leftovers
|-heal|p1a: Bronzong|299\/338|[from] item: Leftovers
|turn|62
|
|move|p2a: Suicune|Scald|p1a: Bronzong
|-damage|p1a: Bronzong|182\/338
|-status|p1a: Bronzong|brn
|move|p1a: Bronzong|Stealth Rock|p2a: Suicune
|-fail|p2a: Suicune
|
|-heal|p2a: Suicune|246\/361|[from] item: Leftovers
|-heal|p1a: Bronzong|203\/338 brn|[from] item: Leftovers
|-damage|p1a: Bronzong|161\/338 brn|[from] brn
|turn|63
|
|move|p2a: Suicune|Calm Mind|p2a: Suicune
|-boost|p2a: Suicune|spa|1
|-boost|p2a: Suicune|spd|1
|move|p1a: Bronzong|Stealth Rock|p2a: Suicune
|-fail|p2a: Suicune
|
|-heal|p2a: Suicune|268\/361|[from] item: Leftovers
|-heal|p1a: Bronzong|182\/338 brn|[from] item: Leftovers
|-damage|p1a: Bronzong|140\/338 brn|[from] brn
|turn|64
|
|move|p2a: Suicune|Calm Mind|p2a: Suicune
|-boost|p2a: Suicune|spa|1
|-boost|p2a: Suicune|spd|1
|move|p1a: Bronzong|Stealth Rock|p2a: Suicune
|-fail|p2a: Suicune
|
|-heal|p2a: Suicune|290\/361|[from] item: Leftovers
|-heal|p1a: Bronzong|161\/338 brn|[from] item: Leftovers
|-damage|p1a: Bronzong|119\/338 brn|[from] brn
|turn|65
|
|move|p2a: Suicune|Scald|p1a: Bronzong
|-damage|p1a: Bronzong|0 fnt
|faint|p1a: Bronzong
|
|-heal|p2a: Suicune|312\/361|[from] item: Leftovers
|
|switch|p1a: Gligar|Gligar, F|221\/334 tox
|-damage|p1a: Gligar|180\/334 tox|[from] Stealth Rock
|turn|66
|
|move|p2a: Suicune|Scald|p1a: Gligar
|-supereffective|p1a: Gligar
|-damage|p1a: Gligar|0 fnt
|faint|p1a: Gligar
|
|-heal|p2a: Suicune|334\/361|[from] item: Leftovers
|
|switch|p1a: Alomomola|Alomomola, F|533\/533 tox
|-damage|p1a: Alomomola|467\/533 tox|[from] Stealth Rock
|turn|67
|
|move|p2a: Suicune|Scald|p1a: Alomomola
|-resisted|p1a: Alomomola
|-damage|p1a: Alomomola|264\/533 tox
|move|p1a: Alomomola|Scald|p2a: Suicune
|-resisted|p2a: Suicune
|-activate|p2a: Suicune|Substitute|[damage]
|
|-heal|p2a: Suicune|356\/361|[from] item: Leftovers
|-heal|p1a: Alomomola|297\/533 tox|[from] item: Leftovers
|-damage|p1a: Alomomola|264\/533 tox|[from] psn
|turn|68
|
|move|p2a: Suicune|Scald|p1a: Alomomola
|-resisted|p1a: Alomomola
|-damage|p1a: Alomomola|66\/533 tox
|move|p1a: Alomomola|Scald|p2a: Suicune
|-resisted|p2a: Suicune
|-activate|p2a: Suicune|Substitute|[damage]
|
|-heal|p2a: Suicune|361\/361|[from] item: Leftovers
|-heal|p1a: Alomomola|99\/533 tox|[from] item: Leftovers
|-damage|p1a: Alomomola|33\/533 tox|[from] psn
|turn|69
|
|move|p2a: Suicune|Scald|p1a: Alomomola
|-resisted|p1a: Alomomola
|-damage|p1a: Alomomola|0 fnt
|faint|p1a: Alomomola
|
|
|switch|p1a: Florges|Florges, F|124\/360
|-damage|p1a: Florges|79\/360|[from] Stealth Rock
|turn|70
|
|move|p2a: Suicune|Scald|p1a: Florges
|-damage|p1a: Florges|0 fnt
|faint|p1a: Florges
|
|win|dudman
|raw|Ladder updating...
|raw|Test-o-rama's rating: 1413 &rarr; <strong>1397<\/strong><br \/>(-16 for losing)
|raw|dudman's rating: 1474 &rarr; <strong>1491<\/strong><br \/>(+17 for winning)