|join|dudman
|join|PeterRee1234
|player|p1|dudman|171
|player|p2|PeterRee1234|154
|gametype|singles
|gen|6
|tier|UU
|rated
|rule|Sleep Clause Mod: Limit one foe put to sleep
|rule|Species Clause: Limit one of each PokÃ©mon
|rule|OHKO Clause: OHKO moves are banned
|rule|Moody Clause: Moody is banned
|rule|Evasion Moves Clause: Evasion moves are banned
|rule|Endless Battle Clause: Forcing endless battles is banned
|rule|HP Percentage Mod: HP is shown in percentages
|clearpoke
|poke|p1|Mienshao, F
|poke|p1|Nidoking, M
|poke|p1|Chandelure, F
|poke|p1|Whimsicott, F
|poke|p1|Aggron, M
|poke|p1|Suicune
|poke|p2|Darmanitan, F
|poke|p2|Froslass, F
|poke|p2|Porygon2
|poke|p2|Abomasnow, F
|poke|p2|Donphan, M
|poke|p2|Machamp, M
|rule|Swagger Clause: Swagger is banned
|rule|Baton Pass Clause: Limit one PokÃ©mon knowing Baton Pass
|teampreview
|
|start
|switch|p1a: Whimsicott|Whimsicott, F|261\/261
|switch|p2a: Froslass|Froslass, F|281\/281
|turn|1
|
|move|p1a: Whimsicott|Moonblast|p2a: Froslass
|-damage|p2a: Froslass|112\/281
|-unboost|p2a: Froslass|spa|1
|move|p2a: Froslass|Ice Beam|p1a: Whimsicott
|-supereffective|p1a: Whimsicott
|-damage|p1a: Whimsicott|79\/261
|
|-heal|p1a: Whimsicott|95\/261|[from] item: Leftovers
|turn|2
|join|DrReuniclus89
|
|switch|p2a: Abomasnow|Abomasnow, F|323\/323
|-weather|Hail
|move|p1a: Whimsicott|Moonblast|p2a: Abomasnow
|-damage|p2a: Abomasnow|185\/323
|
|-weather|Hail|[upkeep]
|-damage|p1a: Whimsicott|79\/261|[from] hail
|-heal|p1a: Whimsicott|95\/261|[from] item: Leftovers
|turn|3
|
|switch|p1a: Aggron|Aggron, M|344\/344
|detailschange|p2a: Abomasnow|Abomasnow-Mega, F
|message|Abomasnow has Mega Evolved into Mega Abomasnow!
|move|p2a: Abomasnow|Ice Shard|p1a: Aggron
|-resisted|p1a: Aggron
|-damage|p1a: Aggron|324\/344
|
|-weather|Hail|[upkeep]
|-damage|p1a: Aggron|303\/344|[from] hail
|turn|4
|
|switch|p2a: Machamp|Machamp, M|384\/384
|detailschange|p1a: Aggron|Aggron-Mega, M
|message|Aggron has Mega Evolved into Mega Aggron!
|move|p1a: Aggron|Stealth Rock|p2a: Machamp
|-sidestart|p2: PeterRee1234|move: Stealth Rock
|
|-weather|Hail|[upkeep]
|-damage|p1a: Aggron|282\/344|[from] hail
|-damage|p2a: Machamp|360\/384|[from] hail
|turn|5
|
|move|p1a: Aggron|Heavy Slam|p2a: Machamp
|-damage|p2a: Machamp|206\/384
|move|p2a: Machamp|Dynamic Punch|p1a: Aggron
|-supereffective|p1a: Aggron
|-damage|p1a: Aggron|147\/344
|-start|p1a: Aggron|confusion
|
|-weather|Hail|[upkeep]
|-damage|p1a: Aggron|126\/344|[from] hail
|-damage|p2a: Machamp|182\/384|[from] hail
|turn|6
|
|-activate|p1a: Aggron|confusion
|move|p1a: Aggron|Heavy Slam|p2a: Machamp
|-damage|p2a: Machamp|14\/384
|move|p2a: Machamp|Knock Off|p1a: Aggron
|-damage|p1a: Aggron|84\/344
|
|-weather|none
|turn|7
|
|switch|p1a: Chandelure|Chandelure, F|261\/261
|move|p2a: Machamp|Dynamic Punch|p1a: Chandelure
|-immune|p1a: Chandelure|[msg]
|
|turn|8
|
|switch|p2a: Porygon2|Porygon2|373\/373
|-damage|p2a: Porygon2|327\/373|[from] Stealth Rock
|-ability|p2a: Porygon2|Flash Fire|[from] ability: Trace|[of] p1a: Chandelure
|move|p1a: Chandelure|Shadow Ball|p2a: Porygon2
|-immune|p2a: Porygon2|[msg]
|
|turn|9
|
|switch|p1a: Aggron|Aggron-Mega, M|84\/344
|move|p2a: Porygon2|Thunder Wave|p1a: Aggron
|-status|p1a: Aggron|par
|
|turn|10
|join|knickKnack
|
|switch|p2a: Donphan|Donphan, M|321\/321
|-damage|p2a: Donphan|301\/321|[from] Stealth Rock
|move|p1a: Aggron|Heavy Slam|p2a: Donphan
|-damage|p2a: Donphan|205\/321
|
|-heal|p2a: Donphan|225\/321|[from] item: Leftovers
|turn|11
|
|move|p2a: Donphan|Knock Off|p1a: Aggron
|-crit|p1a: Aggron
|-damage|p1a: Aggron|26\/344 par
|move|p1a: Aggron|Heavy Slam|p2a: Donphan
|-damage|p2a: Donphan|131\/321
|
|-heal|p2a: Donphan|151\/321|[from] item: Leftovers
|turn|12
|
|move|p2a: Donphan|Knock Off|p1a: Aggron
|-damage|p1a: Aggron|0 fnt
|faint|p1a: Aggron
|
|-heal|p2a: Donphan|171\/321|[from] item: Leftovers
|
|switch|p1a: Suicune|Suicune|367\/367
|-ability|p1a: Suicune|Pressure
|turn|13
|
|move|p1a: Suicune|Scald|p2a: Donphan
|-supereffective|p2a: Donphan
|-damage|p2a: Donphan|0 fnt
|faint|p2a: Donphan
|
|
|switch|p2a: Abomasnow|Abomasnow-Mega, F|185\/323
|-damage|p2a: Abomasnow|105\/323|[from] Stealth Rock
|-weather|Hail
|turn|14
|
|switch|p1a: Chandelure|Chandelure, F|261\/261
|move|p2a: Abomasnow|Giga Drain|p1a: Chandelure
|-resisted|p1a: Chandelure
|-damage|p1a: Chandelure|176\/261
|-heal|p2a: Abomasnow|148\/323|[from] drain|[of] p1a: Chandelure
|
|-weather|Hail|[upkeep]
|-damage|p1a: Chandelure|160\/261|[from] hail
|turn|15
|
|move|p1a: Chandelure|Fire Blast|p2a: Abomasnow|[miss]
|-miss|p1a: Chandelure|p2a: Abomasnow
|move|p2a: Abomasnow|Earthquake|p1a: Chandelure
|-supereffective|p1a: Chandelure
|-damage|p1a: Chandelure|0 fnt
|faint|p1a: Chandelure
|
|-weather|Hail|[upkeep]
|c| DrReuniclus89|o
|c| DrReuniclus89|rip
|c|âdudman|sick
|
|switch|p1a: Mienshao|Mienshao, F|271\/271
|turn|16
|
|switch|p2a: Froslass|Froslass, F|112\/281
|-damage|p2a: Froslass|42\/281|[from] Stealth Rock
|move|p1a: Mienshao|U-turn|p2a: Froslass
|-resisted|p2a: Froslass
|-damage|p2a: Froslass|0 fnt
|faint|p2a: Froslass
|
|switch|p1a: Suicune|Suicune|367\/367
|-ability|p1a: Suicune|Pressure
|
|-weather|Hail|[upkeep]
|-damage|p1a: Suicune|345\/367|[from] hail
|-heal|p1a: Suicune|367\/367|[from] item: Leftovers
|
|switch|p2a: Abomasnow|Abomasnow-Mega, F|148\/323
|-damage|p2a: Abomasnow|68\/323|[from] Stealth Rock
|turn|17
|
|move|p1a: Suicune|Ice Beam|p2a: Abomasnow
|-damage|p2a: Abomasnow|0 fnt
|faint|p2a: Abomasnow
|
|-weather|Hail|[upkeep]
|-damage|p1a: Suicune|345\/367|[from] hail
|-heal|p1a: Suicune|367\/367|[from] item: Leftovers
|
|switch|p2a: Porygon2|Porygon2|327\/373
|-damage|p2a: Porygon2|281\/373|[from] Stealth Rock
|-ability|p2a: Porygon2|Pressure|[from] ability: Trace|[of] p1a: Suicune
|-ability|p2a: Porygon2|Pressure
|turn|18
|
|move|p1a: Suicune|Substitute|p1a: Suicune
|-start|p1a: Suicune|Substitute
|-damage|p1a: Suicune|276\/367
|move|p2a: Porygon2|Thunder Wave|p1a: Suicune
|
|-weather|none
|-heal|p1a: Suicune|298\/367|[from] item: Leftovers
|turn|19
|
|move|p1a: Suicune|Calm Mind|p1a: Suicune
|-boost|p1a: Suicune|spa|1
|-boost|p1a: Suicune|spd|1
|move|p2a: Porygon2|Thunderbolt|p1a: Suicune
|-supereffective|p1a: Suicune
|-activate|p1a: Suicune|Substitute|[damage]
|
|-heal|p1a: Suicune|320\/367|[from] item: Leftovers
|turn|20
|-message|PeterRee1234 forfeited.
|
|win|dudman
|raw|Ladder updating...
|leave|PeterRee1234
|player|p2