|join|SovietMagikarp
|join|dudman
|player|p1|SovietMagikarp|152
|player|p2|dudman|171
|gametype|singles
|gen|6
|tier|UU
|rule|Sleep Clause Mod: Limit one foe put to sleep
|rule|Species Clause: Limit one of each PokÃ©mon
|rule|OHKO Clause: OHKO moves are banned
|rule|Moody Clause: Moody is banned
|rule|Evasion Moves Clause: Evasion moves are banned
|rule|Endless Battle Clause: Forcing endless battles is banned
|rule|HP Percentage Mod: HP is shown in percentages
|clearpoke
|poke|p1|Galvantula, M, shiny
|poke|p1|Lucario, F
|poke|p1|Alakazam, F
|poke|p1|Swampert, F, shiny
|poke|p1|Porygon2
|poke|p1|Trevenant, M
|poke|p2|Suicune
|poke|p2|Zygarde
|poke|p2|Jirachi
|poke|p2|Aggron, M
|poke|p2|Roserade, M
|poke|p2|Machamp, F
|rule|Swagger Clause: Swagger is banned
|rule|Baton Pass Clause: Limit one PokÃ©mon knowing Baton Pass
|teampreview
|join|TheLobsterStandard
|join|Nervous System
|join|bleve
|c|âSovietMagikarp|gl
|join|Duskt70
|
|start
|switch|p1a: Galvantula|Galvantula, M, shiny|281\/281
|switch|p2a: Zygarde|Zygarde|358\/358
|-ability|p2a: Zygarde|Aura Break
|turn|1
|c| TheLobsterStandard|Watch the Lobster Standard- it's hilarious!
|c| Nervous System|snackwrap 
|
|move|p1a: Galvantula|Sticky Web|p2a: Zygarde
|-sidestart|p2: dudman|move: Sticky Web
|move|p2a: Zygarde|Earthquake|p1a: Galvantula
|-damage|p1a: Galvantula|31\/281
|
|turn|2
|c| TheLobsterStandard|Sunday at 9:00 on Fox.
|join|Eyan
|
|move|p1a: Galvantula|Bug Buzz|p2a: Zygarde
|-damage|p2a: Zygarde|214\/358
|move|p2a: Zygarde|Dragon Dance|p2a: Zygarde
|-boost|p2a: Zygarde|atk|1
|-boost|p2a: Zygarde|spe|1
|
|turn|3
|
|move|p2a: Zygarde|Earthquake|p1a: Galvantula
|-damage|p1a: Galvantula|0 fnt
|faint|p1a: Galvantula
|
|join|Philz
|c| Nervous System|I'm glad to see that it's not coil
|c| Philz|zygarde
|c| Philz|clean sweep
|
|switch|p1a: Trevenant|Trevenant, M|374\/374
|turn|4
|
|move|p2a: Zygarde|Outrage|p1a: Trevenant
|-damage|p1a: Trevenant|1\/374
|-enditem|p1a: Trevenant|Sitrus Berry|[eat]
|-heal|p1a: Trevenant|94\/374|[from] item: Sitrus Berry
|move|p1a: Trevenant|Will-O-Wisp|p2a: Zygarde
|-status|p2a: Zygarde|brn
|-enditem|p2a: Zygarde|Lum Berry|[eat]
|-curestatus|p2a: Zygarde|brn
|
|-item|p1a: Trevenant|Sitrus Berry|[from] ability: Harvest
|-enditem|p1a: Trevenant|Sitrus Berry|[eat]
|-heal|p1a: Trevenant|187\/374|[from] item: Sitrus Berry
|turn|5
|join|Super Mario Kek
|c| Philz|o.o
|c|âdudman|damn
|c| Nervous System|oml
|c| Super Mario Kek|DUDEMAN
|c| Super Mario Kek|FEEL THE GROOVE 
|join|Eat Pie
|c| Super Mario Kek|what is that web
|c| Super Mario Kek|LOL
|c| Philz|ikr
|
|move|p2a: Zygarde|Outrage|p1a: Trevenant
|-damage|p1a: Trevenant|0 fnt
|faint|p1a: Trevenant
|
|-end|p2a: Zygarde|rampage
|-start|p2a: Zygarde|confusion
|c| Philz|I was like w
|c| Philz|wtf is this shit
|c| Nervous System|it's sticky web :D
|c| bleve|å le windmill of friendship and tolerance
|
|switch|p1a: Swampert|Swampert, F, shiny|404\/404
|turn|6
|c| TheLobsterStandard|Watch the Lobster Standard- it's hilarious!
|c| Super Mario Kek|NOOOOOO ZYGARDE
|
|-activate|p2a: Zygarde|confusion
|move|p2a: Zygarde|Outrage|p1a: Swampert
|-damage|p1a: Swampert|169\/404
|move|p1a: Swampert|Roar|p2a: Zygarde
|drag|p2a: Aggron|Aggron, M|323\/323
|-activate|p2a: Aggron|move: Sticky Web
|-unboost|p2a: Aggron|spe|1
|
|-heal|p1a: Swampert|194\/404|[from] item: Leftovers
|turn|7
|c| TheLobsterStandard|Sunday at 9:00 on Fox.
|c| TheLobsterStandard|Eyan joined.
|c| Philz|y didnt u bring that in before
|c| Philz|.-.
|join|so dynamic
|
|switch|p2a: Machamp|Machamp, F|373\/373
|-activate|p2a: Machamp|move: Sticky Web
|-unboost|p2a: Machamp|spe|1
|move|p1a: Swampert|Earthquake|p2a: Machamp
|-damage|p2a: Machamp|229\/373
|
|-heal|p1a: Swampert|219\/404|[from] item: Leftovers
|turn|8
|join|Kurama kyuubi
|join|Bob the Bro
|
|move|p1a: Swampert|Scald|p2a: Machamp
|-damage|p2a: Machamp|165\/373
|move|p2a: Machamp|Close Combat|p1a: Swampert
|-damage|p1a: Swampert|26\/404
|-unboost|p2a: Machamp|def|1
|-unboost|p2a: Machamp|spd|1
|
|-heal|p1a: Swampert|51\/404|[from] item: Leftovers
|turn|9
|c| Nervous System|hm
|c| Nervous System|I wonder if that's av
|
|switch|p2a: Roserade|Roserade, M|261\/261
|-activate|p2a: Roserade|move: Sticky Web
|-unboost|p2a: Roserade|spe|1
|move|p1a: Swampert|Scald|p2a: Roserade
|-resisted|p2a: Roserade
|-damage|p2a: Roserade|207\/261
|
|-heal|p1a: Swampert|76\/404|[from] item: Leftovers
|turn|10
|c| so dynamic|its banded
|c|âdudman|banded would've killed :x
|c| so dynamic|i think
|c| so dynamic|wait no
|c| so dynamic|why are u running av?
|c|âSovietMagikarp|-.-
|c|âdudman|idk
|c|âSovietMagikarp|can you not see the leftovers?
|c|âdudman|.........
|c| so dynamic|talkin to dud
|
|switch|p1a: Alakazam|Alakazam, F|252\/252
|move|p2a: Roserade|Toxic Spikes|p1a: Alakazam
|-sidestart|p1: SovietMagikarp|move: Toxic Spikes
|
|turn|11
|c| Philz|rekd
|c|âdudman|how
|c|âdudman|in the world
|c|âdudman|is that a switchin,,
|
|detailschange|p1a: Alakazam|Alakazam-Mega, F
|message|Alakazam has Mega Evolved into Mega Alakazam!
|-ability|p1a: Alakazam|Natural Cure|[from] ability: Trace|[of] p2a: Roserade
|move|p1a: Alakazam|Psyshock|p2a: Roserade
|-supereffective|p2a: Roserade
|-damage|p2a: Roserade|0 fnt
|faint|p2a: Roserade
|
|
|switch|p2a: Jirachi|Jirachi|341\/341
|-activate|p2a: Jirachi|move: Sticky Web
|-unboost|p2a: Jirachi|spe|1
|turn|12
|c| Philz|because he does that
|c| Philz|its a switch in
|c| so dynamic|because he predicted u
|join|test BSM
|c| Nervous System|I didn't realise how scury M-alakazam is in UU
|join|ok persons
|c| Philz|just outspeed it
|
|switch|p1a: Swampert|Swampert, F, shiny|76\/404
|-status|p1a: Swampert|psn
|move|p2a: Jirachi|U-turn|p1a: Swampert
|-damage|p1a: Swampert|20\/404 psn
|c| Philz|and thats a plan
|join|BurstStream
|
|switch|p2a: Suicune|Suicune|404\/404
|-activate|p2a: Suicune|move: Sticky Web
|-unboost|p2a: Suicune|spe|1
|-ability|p2a: Suicune|Pressure
|
|-heal|p1a: Swampert|45\/404 psn|[from] item: Leftovers
|-damage|p1a: Swampert|0 fnt|[from] psn
|faint|p1a: Swampert
|
|switch|p1a: Porygon2|Porygon2|374\/374
|-status|p1a: Porygon2|psn
|-ability|p1a: Porygon2|Pressure|[from] ability: Trace|[of] p2a: Suicune
|-ability|p1a: Porygon2|Pressure
|turn|13
|c| Philz|its more frail then ur an
|c| Philz|nan
|
|move|p1a: Porygon2|Tri Attack|p2a: Suicune
|-damage|p2a: Suicune|319\/404
|move|p2a: Suicune|Calm Mind|p2a: Suicune
|-boost|p2a: Suicune|spa|1
|-boost|p2a: Suicune|spd|1
|
|-heal|p2a: Suicune|344\/404|[from] item: Leftovers
|-damage|p1a: Porygon2|328\/374 psn|[from] psn
|turn|14
|join|silverbackkap
|
|move|p1a: Porygon2|Thunder Wave|p2a: Suicune
|-status|p2a: Suicune|par
|move|p2a: Suicune|Substitute|p2a: Suicune
|-start|p2a: Suicune|Substitute
|-damage|p2a: Suicune|243\/404 par
|
|-heal|p2a: Suicune|268\/404 par|[from] item: Leftovers
|-damage|p1a: Porygon2|282\/374 psn|[from] psn
|turn|15
|c| ok persons|LOL
|leave|Kurama kyuubi
|c|âdudman|ahh
|
|move|p1a: Porygon2|Tri Attack|p2a: Suicune
|-activate|p2a: Suicune|Substitute|[damage]
|move|p2a: Suicune|Scald|p1a: Porygon2
|-damage|p1a: Porygon2|200\/374 psn
|
|-heal|p2a: Suicune|293\/404 par|[from] item: Leftovers
|-damage|p1a: Porygon2|154\/374 psn|[from] psn
|turn|16
|c|âdudman|classic twave on web team..
|
|move|p1a: Porygon2|Tri Attack|p2a: Suicune
|-end|p2a: Suicune|Substitute
|cant|p2a: Suicune|par
|
|-heal|p2a: Suicune|318\/404 par|[from] item: Leftovers
|-damage|p1a: Porygon2|108\/374 psn|[from] psn
|turn|17
|leave|Eat Pie
|
|move|p1a: Porygon2|Recover|p1a: Porygon2
|-heal|p1a: Porygon2|295\/374 psn
|cant|p2a: Suicune|par
|
|-heal|p2a: Suicune|343\/404 par|[from] item: Leftovers
|-damage|p1a: Porygon2|249\/374 psn|[from] psn
|turn|18
|
|move|p1a: Porygon2|Tri Attack|p2a: Suicune
|-damage|p2a: Suicune|280\/404 par
|move|p2a: Suicune|Substitute|p2a: Suicune
|-start|p2a: Suicune|Substitute
|-damage|p2a: Suicune|179\/404 par
|
|-heal|p2a: Suicune|204\/404 par|[from] item: Leftovers
|-damage|p1a: Porygon2|203\/374 psn|[from] psn
|turn|19
|
|move|p1a: Porygon2|Tri Attack|p2a: Suicune
|-activate|p2a: Suicune|Substitute|[damage]
|move|p2a: Suicune|Calm Mind|p2a: Suicune
|-boost|p2a: Suicune|spa|1
|-boost|p2a: Suicune|spd|1
|
|-heal|p2a: Suicune|229\/404 par|[from] item: Leftovers
|-damage|p1a: Porygon2|157\/374 psn|[from] psn
|turn|20
|c| Nervous System|the tri attack animation is glorius
|c| Bob the Bro|reveal charge beam
|c| Duskt70|^
|c| Nervous System|wtf is with my typing lately
|join|BIG SCHLONG MCDONG
|c| Philz|theres an animation for it now
|
|move|p1a: Porygon2|Tri Attack|p2a: Suicune
|-end|p2a: Suicune|Substitute
|cant|p2a: Suicune|par
|
|-heal|p2a: Suicune|254\/404 par|[from] item: Leftovers
|-damage|p1a: Porygon2|111\/374 psn|[from] psn
|turn|21
|c| Philz|OMG
|c| Philz|THATS SICK
|c|âdudman|sigh
|
|switch|p1a: Alakazam|Alakazam-Mega, F|252\/252
|-status|p1a: Alakazam|psn
|-ability|p1a: Alakazam|Pressure|[from] ability: Trace|[of] p2a: Suicune
|-ability|p1a: Alakazam|Pressure
|move|p2a: Suicune|Substitute|p2a: Suicune
|-start|p2a: Suicune|Substitute
|-damage|p2a: Suicune|153\/404 par
|
|-heal|p2a: Suicune|178\/404 par|[from] item: Leftovers
|-damage|p1a: Alakazam|221\/252 psn|[from] psn
|turn|22
|
|move|p1a: Alakazam|Psyshock|p2a: Suicune
|-end|p2a: Suicune|Substitute
|move|p2a: Suicune|Scald|p1a: Alakazam
|-damage|p1a: Alakazam|0 fnt
|faint|p1a: Alakazam
|
|-heal|p2a: Suicune|203\/404 par|[from] item: Leftovers
|c|âdudman|just get the full para
|c| Philz|ded
|c| Philz|as 
|c| Philz|hel
|join|Melifrikki
|
|switch|p1a: Lucario|Lucario, F|281\/281
|turn|23
|
|move|p1a: Lucario|Swords Dance|p1a: Lucario
|-boost|p1a: Lucario|atk|2
|move|p2a: Suicune|Scald|p1a: Lucario
|-damage|p1a: Lucario|0 fnt
|faint|p1a: Lucario
|
|-heal|p2a: Suicune|228\/404 par|[from] item: Leftovers
|c| Duskt70|nice
|c|âSovietMagikarp|why no parylasis
|c|âdudman|cheeky
|
|switch|p1a: Porygon2|Porygon2|111\/374 psn
|-ability|p1a: Porygon2|Pressure|[from] ability: Trace|[of] p2a: Suicune
|-ability|p1a: Porygon2|Pressure
|turn|24
|
|move|p1a: Porygon2|Recover|p1a: Porygon2
|-heal|p1a: Porygon2|298\/374 psn
|cant|p2a: Suicune|par
|
|-heal|p2a: Suicune|253\/404 par|[from] item: Leftovers
|-damage|p1a: Porygon2|252\/374 psn|[from] psn
|turn|25
|c| Philz|there
|
|move|p1a: Porygon2|Tri Attack|p2a: Suicune
|-damage|p2a: Suicune|208\/404 par
|move|p2a: Suicune|Scald|p1a: Porygon2
|-damage|p1a: Porygon2|144\/374 psn
|
|-heal|p2a: Suicune|233\/404 par|[from] item: Leftovers
|-damage|p1a: Porygon2|98\/374 psn|[from] psn
|turn|26
|c| Philz|that animation
|c| Philz|looks pretty chill
|
|switch|p2a: Machamp|Machamp, F|165\/373
|-activate|p2a: Machamp|move: Sticky Web
|-unboost|p2a: Machamp|spe|1
|move|p1a: Porygon2|Recover|p1a: Porygon2
|-heal|p1a: Porygon2|285\/374 psn
|
|-damage|p1a: Porygon2|239\/374 psn|[from] psn
|turn|27
|join|r0ady
|
|move|p1a: Porygon2|Tri Attack|p2a: Machamp
|-damage|p2a: Machamp|87\/373
|move|p2a: Machamp|Close Combat|p1a: Porygon2
|-supereffective|p1a: Porygon2
|-damage|p1a: Porygon2|0 fnt
|-unboost|p2a: Machamp|def|1
|-unboost|p2a: Machamp|spd|1
|faint|p1a: Porygon2
|
|win|dudman
|leave|Philz
|c|âSovietMagikarp|.-.
|leave|Bob the Bro