|join|dudman
|join|cp3mvp
|player|p1|dudman|171
|player|p2|cp3mvp|101
|gametype|singles
|gen|6
|tier|UU
|rated
|rule|Sleep Clause Mod: Limit one foe put to sleep
|rule|Species Clause: Limit one of each PokÃ©mon
|rule|OHKO Clause: OHKO moves are banned
|rule|Moody Clause: Moody is banned
|rule|Evasion Moves Clause: Evasion moves are banned
|rule|Endless Battle Clause: Forcing endless battles is banned
|rule|HP Percentage Mod: HP is shown in percentages
|clearpoke
|poke|p1|Nidoking, M
|poke|p1|Suicune
|poke|p1|Mienshao, M
|poke|p1|Aggron, F
|poke|p1|Chandelure, F
|poke|p1|Whimsicott, M
|poke|p2|Ampharos, M
|poke|p2|Swampert, M
|poke|p2|Crobat, F
|poke|p2|Jirachi
|poke|p2|Mienshao, M
|poke|p2|Sableye, M
|rule|Swagger Clause: Swagger is banned
|rule|Baton Pass Clause: Limit one PokÃ©mon knowing Baton Pass
|teampreview
|c|âcp3mvp|gl
|c|âdudman|hf
|join|Eyan
|leave|Eyan
|
|start
|switch|p1a: Whimsicott|Whimsicott, M|261\/261
|switch|p2a: Mienshao|Mienshao, M|271\/271
|turn|1
|
|move|p2a: Mienshao|U-turn|p1a: Whimsicott
|-damage|p1a: Whimsicott|160\/261
|
|switch|p2a: Crobat|Crobat, F|363\/363
|move|p1a: Whimsicott|U-turn|p2a: Crobat
|-resisted|p2a: Crobat
|-damage|p2a: Crobat|352\/363
|c|âcp3mvp|i think i played you
|
|switch|p1a: Aggron|Aggron, F|344\/344
|
|-heal|p2a: Crobat|363\/363|[from] item: Black Sludge
|turn|2
|c|âcp3mvp|in nu before
|c|âcp3mvp|you used rain o.0
|c|âdudman|o
|c|âdudman|uh
|
|switch|p2a: Swampert|Swampert, M|404\/404
|detailschange|p1a: Aggron|Aggron-Mega, F
|message|Aggron has Mega Evolved into Mega Aggron!
|move|p1a: Aggron|Stealth Rock|p2a: Swampert
|-sidestart|p2: cp3mvp|move: Stealth Rock
|
|turn|3
|c|âdudman|don't think i ever used rain in nu haha
|join|haban012
|c|âcp3mvp|oo
|
|switch|p1a: Whimsicott|Whimsicott, M|160\/261
|move|p2a: Swampert|Stealth Rock|p1a: Whimsicott
|-sidestart|p1: dudman|move: Stealth Rock
|
|-heal|p1a: Whimsicott|176\/261|[from] item: Leftovers
|turn|4
|
|switch|p2a: Jirachi|Jirachi|404\/404
|-damage|p2a: Jirachi|379\/404|[from] Stealth Rock
|move|p1a: Whimsicott|U-turn|p2a: Jirachi
|-damage|p2a: Jirachi|345\/404
|
|switch|p1a: Aggron|Aggron-Mega, F|344\/344
|-damage|p1a: Aggron|323\/344|[from] Stealth Rock
|
|-heal|p2a: Jirachi|370\/404|[from] item: Leftovers
|turn|5
|c| haban012|yo cp3
|
|switch|p2a: Swampert|Swampert, M|404\/404
|-damage|p2a: Swampert|379\/404|[from] Stealth Rock
|move|p1a: Aggron|Roar|p2a: Swampert
|drag|p2a: Sableye|Sableye, M|300\/300
|-damage|p2a: Sableye|263\/300|[from] Stealth Rock
|
|-heal|p2a: Sableye|281\/300|[from] item: Leftovers
|turn|6
|
|switch|p1a: Whimsicott|Whimsicott, M|176\/261
|-damage|p1a: Whimsicott|144\/261|[from] Stealth Rock
|switch|p2a: Swampert|Swampert, M|379\/404
|-damage|p2a: Swampert|354\/404|[from] Stealth Rock
|
|-heal|p1a: Whimsicott|160\/261|[from] item: Leftovers
|-heal|p2a: Swampert|379\/404|[from] item: Leftovers
|turn|7
|join|saxsaxwzx
|
|switch|p2a: Jirachi|Jirachi|370\/404
|-damage|p2a: Jirachi|345\/404|[from] Stealth Rock
|move|p1a: Whimsicott|Giga Drain|p2a: Jirachi
|-resisted|p2a: Jirachi
|-damage|p2a: Jirachi|310\/404
|-heal|p1a: Whimsicott|178\/261|[from] drain|[of] p2a: Jirachi
|
|-heal|p1a: Whimsicott|194\/261|[from] item: Leftovers
|-heal|p2a: Jirachi|335\/404|[from] item: Leftovers
|turn|8
|
|move|p1a: Whimsicott|U-turn|p2a: Jirachi
|-damage|p2a: Jirachi|301\/404
|
|switch|p1a: Aggron|Aggron-Mega, F|323\/344
|-damage|p1a: Aggron|302\/344|[from] Stealth Rock
|move|p2a: Jirachi|Wish|p2a: Jirachi
|
|-heal|p2a: Jirachi|326\/404|[from] item: Leftovers
|turn|9
|
|switch|p2a: Swampert|Swampert, M|379\/404
|-damage|p2a: Swampert|354\/404|[from] Stealth Rock
|move|p1a: Aggron|Roar|p2a: Swampert
|drag|p2a: Jirachi|Jirachi|326\/404
|-damage|p2a: Jirachi|301\/404|[from] Stealth Rock
|
|-heal|p2a: Jirachi|404\/404|[from] move: Wish|[wisher] Jirachi
|turn|10
|
|switch|p2a: Swampert|Swampert, M|354\/404
|-damage|p2a: Swampert|329\/404|[from] Stealth Rock
|move|p1a: Aggron|Earthquake|p2a: Swampert
|-damage|p2a: Swampert|238\/404
|
|-heal|p2a: Swampert|263\/404|[from] item: Leftovers
|turn|11
|
|switch|p1a: Whimsicott|Whimsicott, M|194\/261
|-damage|p1a: Whimsicott|162\/261|[from] Stealth Rock
|move|p2a: Swampert|Scald|p1a: Whimsicott
|-resisted|p1a: Whimsicott
|-damage|p1a: Whimsicott|111\/261
|
|-heal|p1a: Whimsicott|127\/261|[from] item: Leftovers
|-heal|p2a: Swampert|288\/404|[from] item: Leftovers
|turn|12
|
|switch|p2a: Jirachi|Jirachi|404\/404
|-damage|p2a: Jirachi|379\/404|[from] Stealth Rock
|move|p1a: Whimsicott|U-turn|p2a: Jirachi
|-damage|p2a: Jirachi|342\/404
|
|switch|p1a: Suicune|Suicune|365\/365
|-damage|p1a: Suicune|320\/365|[from] Stealth Rock
|-ability|p1a: Suicune|Pressure
|
|-heal|p1a: Suicune|342\/365|[from] item: Leftovers
|-heal|p2a: Jirachi|367\/404|[from] item: Leftovers
|turn|13
|
|move|p1a: Suicune|Scald|p2a: Jirachi
|-damage|p2a: Jirachi|279\/404
|move|p2a: Jirachi|Wish|p2a: Jirachi
|
|-heal|p1a: Suicune|364\/365|[from] item: Leftovers
|-heal|p2a: Jirachi|304\/404|[from] item: Leftovers
|turn|14
|
|switch|p1a: Nidoking|Nidoking, M|303\/303
|-damage|p1a: Nidoking|285\/303|[from] Stealth Rock
|switch|p2a: Ampharos|Ampharos, M|371\/371
|-damage|p2a: Ampharos|325\/371|[from] Stealth Rock
|
|-heal|p2a: Ampharos|371\/371|[from] move: Wish|[wisher] Jirachi
|turn|15
|
|switch|p2a: Crobat|Crobat, F|363\/363
|-damage|p2a: Crobat|273\/363|[from] Stealth Rock
|move|p1a: Nidoking|Toxic Spikes|p2a: Crobat
|-sidestart|p2: cp3mvp|move: Toxic Spikes
|
|-heal|p2a: Crobat|295\/363|[from] item: Black Sludge
|turn|16
|
|move|p2a: Crobat|Defog|p1a: Nidoking
|-unboost|p1a: Nidoking|evasion|1
|-sideend|p1: dudman|Stealth Rock|[from] move: Defog|[of] p1a: Nidoking
|-sideend|p2: cp3mvp|Toxic Spikes|[from] move: Defog|[of] p2a: Crobat
|-sideend|p2: cp3mvp|Stealth Rock|[from] move: Defog|[of] p2a: Crobat
|move|p1a: Nidoking|Ice Beam|p2a: Crobat
|-supereffective|p2a: Crobat
|-damage|p2a: Crobat|0 fnt
|faint|p2a: Crobat
|
|
|switch|p2a: Swampert|Swampert, M|288\/404
|turn|17
|
|switch|p1a: Whimsicott|Whimsicott, M|127\/261
|move|p2a: Swampert|Scald|p1a: Whimsicott
|-resisted|p1a: Whimsicott
|-damage|p1a: Whimsicott|76\/261
|-status|p1a: Whimsicott|brn
|
|-heal|p1a: Whimsicott|92\/261 brn|[from] item: Leftovers
|-heal|p2a: Swampert|313\/404|[from] item: Leftovers
|-damage|p1a: Whimsicott|60\/261 brn|[from] brn
|turn|18
|
|switch|p2a: Jirachi|Jirachi|304\/404
|move|p1a: Whimsicott|U-turn|p2a: Jirachi
|-damage|p2a: Jirachi|285\/404
|
|switch|p1a: Aggron|Aggron-Mega, F|302\/344
|
|-heal|p2a: Jirachi|310\/404|[from] item: Leftovers
|turn|19
|
|switch|p2a: Swampert|Swampert, M|313\/404
|move|p1a: Aggron|Stealth Rock|p2a: Swampert
|-sidestart|p2: cp3mvp|move: Stealth Rock
|
|-heal|p2a: Swampert|338\/404|[from] item: Leftovers
|turn|20
|
|move|p2a: Swampert|Stealth Rock|p1a: Aggron
|-sidestart|p1: dudman|move: Stealth Rock
|move|p1a: Aggron|Roar|p2a: Swampert
|drag|p2a: Mienshao|Mienshao, M|271\/271
|-damage|p2a: Mienshao|255\/271|[from] Stealth Rock
|
|turn|21
|
|move|p2a: Mienshao|U-turn|p1a: Aggron
|-resisted|p1a: Aggron
|-damage|p1a: Aggron|281\/344
|
|switch|p2a: Swampert|Swampert, M|338\/404
|-damage|p2a: Swampert|313\/404|[from] Stealth Rock
|move|p1a: Aggron|Earthquake|p2a: Swampert
|-damage|p2a: Swampert|227\/404
|
|-heal|p2a: Swampert|252\/404|[from] item: Leftovers
|turn|22
|
|switch|p1a: Suicune|Suicune|364\/365
|-damage|p1a: Suicune|319\/365|[from] Stealth Rock
|-ability|p1a: Suicune|Pressure
|move|p2a: Swampert|Scald|p1a: Suicune
|-resisted|p1a: Suicune
|-damage|p1a: Suicune|286\/365
|
|-heal|p1a: Suicune|308\/365|[from] item: Leftovers
|-heal|p2a: Swampert|277\/404|[from] item: Leftovers
|turn|23
|
|move|p1a: Suicune|Scald|p2a: Swampert
|-damage|p2a: Swampert|148\/404
|move|p2a: Swampert|Roar|p1a: Suicune
|drag|p1a: Chandelure|Chandelure, F|261\/261
|-damage|p1a: Chandelure|196\/261|[from] Stealth Rock
|
|-heal|p2a: Swampert|173\/404|[from] item: Leftovers
|turn|24
|
|move|p1a: Chandelure|Shadow Ball|p2a: Swampert
|-damage|p2a: Swampert|0 fnt
|faint|p2a: Swampert
|
|
|switch|p2a: Ampharos|Ampharos, M|371\/371
|-damage|p2a: Ampharos|325\/371|[from] Stealth Rock
|turn|25
|
|detailschange|p2a: Ampharos|Ampharos-Mega, M
|message|Ampharos has Mega Evolved into Mega Ampharos!
|-ability|p2a: Ampharos|Mold Breaker
|move|p1a: Chandelure|Shadow Ball|p2a: Ampharos
|-damage|p2a: Ampharos|115\/371
|move|p2a: Ampharos|Volt Switch|p1a: Chandelure
|-damage|p1a: Chandelure|6\/261
|
|switch|p2a: Mienshao|Mienshao, M|255\/271
|-damage|p2a: Mienshao|239\/271|[from] Stealth Rock
|
|turn|26
|
|move|p2a: Mienshao|U-turn|p1a: Chandelure
|-resisted|p1a: Chandelure
|-damage|p1a: Chandelure|0 fnt
|faint|p1a: Chandelure
|
|switch|p2a: Sableye|Sableye, M|281\/300
|-damage|p2a: Sableye|244\/300|[from] Stealth Rock
|
|-heal|p2a: Sableye|262\/300|[from] item: Leftovers
|
|switch|p1a: Whimsicott|Whimsicott, M|60\/261 brn
|-damage|p1a: Whimsicott|28\/261 brn|[from] Stealth Rock
|turn|27
|
|switch|p2a: Jirachi|Jirachi|310\/404
|-damage|p2a: Jirachi|285\/404|[from] Stealth Rock
|move|p1a: Whimsicott|Moonblast|p2a: Jirachi
|-resisted|p2a: Jirachi
|-damage|p2a: Jirachi|243\/404
|
|-heal|p1a: Whimsicott|44\/261 brn|[from] item: Leftovers
|-heal|p2a: Jirachi|268\/404|[from] item: Leftovers
|-damage|p1a: Whimsicott|12\/261 brn|[from] brn
|turn|28
|
|move|p1a: Whimsicott|Moonblast|p2a: Jirachi
|-resisted|p2a: Jirachi
|-damage|p2a: Jirachi|227\/404
|-unboost|p2a: Jirachi|spa|1
|move|p2a: Jirachi|Wish|p2a: Jirachi
|
|-heal|p1a: Whimsicott|28\/261 brn|[from] item: Leftovers
|-heal|p2a: Jirachi|252\/404|[from] item: Leftovers
|-damage|p1a: Whimsicott|0 fnt|[from] brn
|faint|p1a: Whimsicott
|
|switch|p1a: Aggron|Aggron-Mega, F|281\/344
|-damage|p1a: Aggron|260\/344|[from] Stealth Rock
|turn|29
|
|move|p2a: Jirachi|Iron Head|p1a: Aggron
|-resisted|p1a: Aggron
|-damage|p1a: Aggron|239\/344
|cant|p1a: Aggron|flinch
|
|-heal|p2a: Jirachi|404\/404|[from] move: Wish|[wisher] Jirachi
|turn|30
|
|move|p2a: Jirachi|Iron Head|p1a: Aggron
|-resisted|p1a: Aggron
|-damage|p1a: Aggron|218\/344
|cant|p1a: Aggron|flinch
|
|turn|31
|
|switch|p2a: Sableye|Sableye, M|262\/300
|-damage|p2a: Sableye|225\/300|[from] Stealth Rock
|move|p1a: Aggron|Earthquake|p2a: Sableye
|-damage|p2a: Sableye|72\/300
|
|-heal|p2a: Sableye|90\/300|[from] item: Leftovers
|turn|32
|
|move|p2a: Sableye|Will-O-Wisp|p1a: Aggron
|-status|p1a: Aggron|brn
|move|p1a: Aggron|Heavy Slam|p2a: Sableye
|-damage|p2a: Sableye|0 fnt
|faint|p2a: Sableye
|
|-damage|p1a: Aggron|175\/344 brn|[from] brn
|
|switch|p2a: Jirachi|Jirachi|404\/404
|-damage|p2a: Jirachi|379\/404|[from] Stealth Rock
|turn|33
|
|move|p2a: Jirachi|Wish|p2a: Jirachi
|move|p1a: Aggron|Earthquake|p2a: Jirachi
|-supereffective|p2a: Jirachi
|-damage|p2a: Jirachi|267\/404
|
|-heal|p2a: Jirachi|292\/404|[from] item: Leftovers
|-damage|p1a: Aggron|132\/344 brn|[from] brn
|turn|34
|
|move|p2a: Jirachi|Iron Head|p1a: Aggron
|-resisted|p1a: Aggron
|-damage|p1a: Aggron|111\/344 brn
|cant|p1a: Aggron|flinch
|
|-heal|p2a: Jirachi|404\/404|[from] move: Wish|[wisher] Jirachi
|-damage|p1a: Aggron|68\/344 brn|[from] brn
|turn|35
|
|move|p2a: Jirachi|Wish|p2a: Jirachi
|move|p1a: Aggron|Earthquake|p2a: Jirachi
|-supereffective|p2a: Jirachi
|-damage|p2a: Jirachi|288\/404
|
|-heal|p2a: Jirachi|313\/404|[from] item: Leftovers
|-damage|p1a: Aggron|25\/344 brn|[from] brn
|turn|36
|
|move|p2a: Jirachi|Protect|p2a: Jirachi
|-singleturn|p2a: Jirachi|Protect
|move|p1a: Aggron|Earthquake|p2a: Jirachi
|-activate|p2a: Jirachi|Protect
|
|-heal|p2a: Jirachi|404\/404|[from] move: Wish|[wisher] Jirachi
|-damage|p1a: Aggron|0 fnt|[from] brn
|faint|p1a: Aggron
|
|switch|p1a: Suicune|Suicune|308\/365
|-damage|p1a: Suicune|263\/365|[from] Stealth Rock
|-ability|p1a: Suicune|Pressure
|turn|37
|
|move|p1a: Suicune|Calm Mind|p1a: Suicune
|-boost|p1a: Suicune|spa|1
|-boost|p1a: Suicune|spd|1
|move|p2a: Jirachi|Wish|p2a: Jirachi
|
|-heal|p1a: Suicune|285\/365|[from] item: Leftovers
|turn|38
|
|switch|p2a: Ampharos|Ampharos-Mega, M|115\/371
|-damage|p2a: Ampharos|69\/371|[from] Stealth Rock
|-ability|p2a: Ampharos|Mold Breaker
|move|p1a: Suicune|Ice Beam|p2a: Ampharos
|-supereffective|p2a: Ampharos
|-damage|p2a: Ampharos|0 fnt
|faint|p2a: Ampharos
|
|-heal|p1a: Suicune|307\/365|[from] item: Leftovers
|c|âcp3mvp|o
|
|switch|p2a: Jirachi|Jirachi|404\/404
|-damage|p2a: Jirachi|379\/404|[from] Stealth Rock
|turn|39
|
|move|p1a: Suicune|Substitute|p1a: Suicune
|-start|p1a: Suicune|Substitute
|-damage|p1a: Suicune|216\/365
|move|p2a: Jirachi|Thunder Wave|p1a: Suicune
|
|-heal|p1a: Suicune|238\/365|[from] item: Leftovers
|-heal|p2a: Jirachi|404\/404|[from] item: Leftovers
|turn|40
|c|âcp3mvp|gg bro
|c|âdudman|gg man
|-message|cp3mvp forfeited.
|
|win|dudman
|raw|Ladder updating...
|raw|dudman's rating: 1585 &rarr; <strong>1604<\/strong><br \/>(+19 for winning)
|raw|cp3mvp's rating: 1559 &rarr; <strong>1540<\/strong><br \/>(-19 for losing)