|join|dudman
|join|dingbat
|player|p1|dudman|171
|player|p2|dingbat|3
|gametype|singles
|gen|6
|tier|UU
|rated
|rule|Sleep Clause Mod: Limit one foe put to sleep
|rule|Species Clause: Limit one of each PokÃ©mon
|rule|OHKO Clause: OHKO moves are banned
|rule|Moody Clause: Moody is banned
|rule|Evasion Moves Clause: Evasion moves are banned
|rule|Endless Battle Clause: Forcing endless battles is banned
|rule|HP Percentage Mod: HP is shown in percentages
|clearpoke
|poke|p1|Azelf
|poke|p1|Doublade, F
|poke|p1|Zygarde
|poke|p1|Alakazam, M
|poke|p1|Togekiss, M
|poke|p1|Raikou
|poke|p2|Aggron, M
|poke|p2|Vaporeon, F
|poke|p2|Krookodile, M
|poke|p2|Volcarona, M
|poke|p2|Whimsicott, M
|poke|p2|Crobat, M
|rule|Swagger Clause: Swagger is banned
|rule|Baton Pass Clause: Limit one PokÃ©mon knowing Baton Pass
|teampreview
|c|âdingbat|dud
|c|âdingbat|man
|c|âdingbat|dud
|c|âdingbat|man
|c|âdudman|oh hi
|c|âdingbat|dud
|c|âdingbat|man
|c|âdingbat|dud
|c|âdingbat|man
|c|âdudman|holy cow
|c|âdingbat|dud
|c|âdingbat|man
|c|âdudman|i am getting rekt by volc
|c|âdingbat|kek
|
|start
|switch|p1a: Raikou|Raikou|322\/322
|switch|p2a: Crobat|Crobat, M|311\/311
|-ability|p1a: Raikou|Pressure
|turn|1
|c|âdingbat|pls
|c|âdingbat|have
|c|âdingbat|scarf
|c|âdingbat|!
|c|âdudman|k
|
|move|p2a: Crobat|U-turn|p1a: Raikou
|-damage|p1a: Raikou|241\/322
|c|âdingbat|zzzzzzzzzzzzzzzzzzzzzzzzzzzzzzzzzzzzzzzzzzzzzzzzzzzzzzzzzzzzz
|
|switch|p2a: Krookodile|Krookodile, M|331\/331
|-ability|p2a: Krookodile|Intimidate|[of] p1a: Raikou
|-unboost|p1a: Raikou|atk|1
|move|p1a: Raikou|Volt Switch|p2a: Krookodile
|-immune|p2a: Krookodile|[msg]
|
|turn|2
|c|âdudman|do it
|c|âdingbat|n
|c|âdudman|i didn't even notice that that was a ground type
|c|âdingbat|zzzzzzzzzzzzzzzzzzzzzzzzzzzzzzzzzzzzzzzzzzzzzzzzzzzzzzzzzzzzzzzzzzzzzzzzzzzzzzzzzzzz
|
|move|p1a: Raikou|Volt Switch|p2a: Krookodile
|-immune|p2a: Krookodile|[msg]
|move|p2a: Krookodile|Pursuit|p1a: Raikou
|-damage|p1a: Raikou|124\/322
|
|turn|3
|c|âdingbat|lol
|c|âdudman|kek
|c|âdingbat|unless u're not choiced
|
|move|p1a: Raikou|Hidden Power|p2a: Krookodile
|-supereffective|p2a: Krookodile
|-damage|p2a: Krookodile|108\/331
|move|p2a: Krookodile|Pursuit|p1a: Raikou
|-damage|p1a: Raikou|0 fnt
|faint|p1a: Raikou
|
|c|âdingbat|there we go
|c|âdudman|wow hacking...
|c|âdingbat|nice n
|c|âdingbat|roll
|
|switch|p1a: Azelf|Azelf|291\/291
|turn|4
|
|switch|p2a: Aggron|Aggron, M|344\/344
|move|p1a: Azelf|Grass Knot|p2a: Aggron
|-damage|p2a: Aggron|191\/344
|
|turn|5
|c|âdingbat|WEAK
|c|âdingbat|AF
|c|âdingbat|ZZZZZZZZZZZZZZZZZZZZZZZZZZZZZZZZZZZZZZZZZ
|c|âdudman|stay in i dare u
|c|âdingbat|k
|
|move|p1a: Azelf|Stealth Rock|p2a: Aggron
|-sidestart|p2: dingbat|move: Stealth Rock
|move|p2a: Aggron|Stealth Rock|p1a: Azelf
|-sidestart|p1: dudman|move: Stealth Rock
|
|turn|6
|
|detailschange|p2a: Aggron|Aggron-Mega, M
|message|Aggron has Mega Evolved into Mega Aggron!
|move|p1a: Azelf|Fire Blast|p2a: Aggron
|-supereffective|p2a: Aggron
|-damage|p2a: Aggron|20\/344
|move|p2a: Aggron|Heavy Slam|p1a: Azelf
|-damage|p1a: Azelf|39\/291
|
|turn|7
|c|âdingbat|W
|c|âdingbat|E
|c|âdingbat|A
|c|âdingbat|K
|c|âdingbat|ZZZZZZZZZZz
|
|move|p1a: Azelf|Psyshock|p2a: Aggron
|-resisted|p2a: Aggron
|-damage|p2a: Aggron|0 fnt
|faint|p2a: Aggron
|
|
|switch|p2a: Whimsicott|Whimsicott, M|261\/261
|-damage|p2a: Whimsicott|229\/261|[from] Stealth Rock
|turn|8
|
|move|p2a: Whimsicott|U-turn|p1a: Azelf
|-supereffective|p1a: Azelf
|-damage|p1a: Azelf|0 fnt
|faint|p1a: Azelf
|
|switch|p2a: Vaporeon|Vaporeon, F|444\/444
|-damage|p2a: Vaporeon|389\/444|[from] Stealth Rock
|
|-heal|p2a: Vaporeon|416\/444|[from] item: Leftovers
|
|switch|p1a: Alakazam|Alakazam, M|252\/252
|turn|9
|
|detailschange|p1a: Alakazam|Alakazam-Mega, M
|message|Alakazam has Mega Evolved into Mega Alakazam!
|-ability|p1a: Alakazam|Water Absorb|[from] ability: Trace|[of] p2a: Vaporeon
|move|p1a: Alakazam|Calm Mind|p1a: Alakazam
|-boost|p1a: Alakazam|spa|1
|-boost|p1a: Alakazam|spd|1
|move|p2a: Vaporeon|Scald|p1a: Alakazam
|-immune|p1a: Alakazam|[msg]
|
|-heal|p2a: Vaporeon|443\/444|[from] item: Leftovers
|turn|10
|c|âdingbat|oh
|c|âdingbat|fuck
|c|âdudman|hue
|c|âdudman|hue
|
|move|p1a: Alakazam|Psychic|p2a: Vaporeon
|-crit|p2a: Vaporeon
|-damage|p2a: Vaporeon|49\/444
|move|p2a: Vaporeon|Baton Pass|p2a: Vaporeon
|c|âdingbat|zz im swept
|c|âdudman|lol
|
|switch|p2a: Whimsicott|Whimsicott, M|229\/261
|-damage|p2a: Whimsicott|197\/261|[from] Stealth Rock
|
|turn|11
|
|switch|p1a: Doublade|Doublade, F|322\/322
|-damage|p1a: Doublade|302\/322|[from] Stealth Rock
|move|p2a: Whimsicott|Memento|p1a: Doublade
|-unboost|p1a: Doublade|atk|2
|-unboost|p1a: Doublade|spa|2
|faint|p2a: Whimsicott
|
|c|âdudman|oh
|c|âdingbat|w0t
|c|âdudman|well
|c|âdudman|i thought you'd encore
|c|âdudman|l0l
|
|switch|p2a: Volcarona|Volcarona, M|312\/312
|-damage|p2a: Volcarona|156\/312|[from] Stealth Rock
|turn|12
|c|âdingbat|zzzzzzzzzzzzz
|c|âdingbat|encore
|
|switch|p1a: Zygarde|Zygarde|357\/357
|-damage|p1a: Zygarde|335\/357|[from] Stealth Rock
|-ability|p1a: Zygarde|Aura Break
|move|p2a: Volcarona|Quiver Dance|p2a: Volcarona
|-boost|p2a: Volcarona|spa|1
|-boost|p2a: Volcarona|spd|1
|-boost|p2a: Volcarona|spe|1
|
|turn|13
|c|âdingbat|extremespeed muh ass :[
|
|move|p1a: Zygarde|Extreme Speed|p2a: Volcarona
|-damage|p2a: Volcarona|0 fnt
|-status|p1a: Zygarde|brn
|-damage|p1a: Zygarde|300\/357 brn|[from] item: Life Orb
|faint|p2a: Volcarona
|
|-damage|p1a: Zygarde|256\/357 brn|[from] brn
|c|âdingbat|oh
|c|âdudman|nice
|c|âdingbat|nice
|c|âdingbat|that's geegers
|c|âdudman|y
|-message|dingbat forfeited.
|
|win|dudman
|raw|Ladder updating...
|raw|dudman's rating: 1476 &rarr; <strong>1493<\/strong><br \/>(+17 for winning)
|raw|dingbat's rating: 1421 &rarr; <strong>1404<\/strong><br \/>(-17 for losing)