|join|dudman
|join|Syrus Wolfos
|player|p1|dudman|171
|player|p2|Syrus Wolfos|2
|gametype|singles
|gen|6
|tier|UU
|rated
|rule|Sleep Clause Mod: Limit one foe put to sleep
|rule|Species Clause: Limit one of each PokÃ©mon
|rule|OHKO Clause: OHKO moves are banned
|rule|Moody Clause: Moody is banned
|rule|Evasion Moves Clause: Evasion moves are banned
|rule|Endless Battle Clause: Forcing endless battles is banned
|rule|HP Percentage Mod: HP is shown in percentages
|clearpoke
|poke|p1|Nidoking, M
|poke|p1|Suicune
|poke|p1|Mienshao, M
|poke|p1|Aggron, M
|poke|p1|Chandelure, M
|poke|p1|Whimsicott, M
|poke|p2|Reuniclus, F
|poke|p2|Azelf
|poke|p2|Gallade, M
|poke|p2|Donphan, F
|poke|p2|Darmanitan, M
|poke|p2|Ampharos, M, shiny
|rule|Swagger Clause: Swagger is banned
|rule|Baton Pass Clause: Limit one PokÃ©mon knowing Baton Pass
|teampreview
|
|start
|switch|p1a: Suicune|Suicune|363\/363
|switch|p2a: I'm H-Orny|Donphan, F|384\/384
|-ability|p1a: Suicune|Pressure
|turn|1
|
|move|p1a: Suicune|Scald|p2a: I'm H-Orny
|-supereffective|p2a: I'm H-Orny
|-activate|p2a: I'm H-Orny|Sturdy
|-damage|p2a: I'm H-Orny|1\/384
|-status|p2a: I'm H-Orny|brn
|move|p2a: I'm H-Orny|Stealth Rock|p1a: Suicune
|-sidestart|p1: dudman|move: Stealth Rock
|
|-heal|p2a: I'm H-Orny|25\/384 brn|[from] item: Leftovers
|-damage|p2a: I'm H-Orny|0 fnt|[from] brn
|faint|p2a: I'm H-Orny
|
|switch|p2a: I'm...A Dragon?|Ampharos, M, shiny|384\/384
|turn|2
|
|switch|p1a: Whimsicott|Whimsicott, M|261\/261
|-damage|p1a: Whimsicott|229\/261|[from] Stealth Rock
|detailschange|p2a: I'm...A Dragon?|Ampharos-Mega, M, shiny
|message|Ampharos has Mega Evolved into Mega Ampharos!
|-ability|p2a: I'm...A Dragon?|Mold Breaker
|move|p2a: I'm...A Dragon?|Thunderbolt|p1a: Whimsicott
|-resisted|p1a: Whimsicott
|-damage|p1a: Whimsicott|123\/261
|
|-heal|p1a: Whimsicott|139\/261|[from] item: Leftovers
|turn|3
|
|switch|p2a: I'm Hawt|Darmanitan, M|351\/351
|move|p1a: Whimsicott|U-turn|p2a: I'm Hawt
|-resisted|p2a: I'm Hawt
|-damage|p2a: I'm Hawt|322\/351
|
|switch|p1a: Mienshao|Mienshao, M|271\/271
|-damage|p1a: Mienshao|255\/271|[from] Stealth Rock
|
|turn|4
|
|switch|p2a: I'm Magical|Reuniclus, F|424\/424
|move|p1a: Mienshao|High Jump Kick|p2a: I'm Magical
|-resisted|p2a: I'm Magical
|-damage|p2a: I'm Magical|265\/424
|
|turn|5
|
|switch|p1a: Whimsicott|Whimsicott, M|139\/261
|-damage|p1a: Whimsicott|107\/261|[from] Stealth Rock
|move|p2a: I'm Magical|Focus Blast|p1a: Whimsicott
|-resisted|p1a: Whimsicott
|-damage|p1a: Whimsicott|25\/261
|
|-heal|p1a: Whimsicott|41\/261|[from] item: Leftovers
|turn|6
|
|move|p1a: Whimsicott|Moonblast|p2a: I'm Magical
|-crit|p2a: I'm Magical
|-damage|p2a: I'm Magical|141\/424
|-unboost|p2a: I'm Magical|spa|1
|move|p2a: I'm Magical|Psyshock|p1a: Whimsicott
|-damage|p1a: Whimsicott|0 fnt
|faint|p1a: Whimsicott
|
|
|switch|p1a: Mienshao|Mienshao, M|255\/271
|-damage|p1a: Mienshao|239\/271|[from] Stealth Rock
|turn|7
|
|move|p1a: Mienshao|U-turn|p2a: I'm Magical
|-supereffective|p2a: I'm Magical
|-damage|p2a: I'm Magical|0 fnt
|faint|p2a: I'm Magical
|
|switch|p1a: Nidoking|Nidoking, M|303\/303
|-damage|p1a: Nidoking|285\/303|[from] Stealth Rock
|
|
|switch|p2a: I'm Fisty|Gallade, M|340\/340
|turn|8
|
|move|p1a: Nidoking|Earth Power|p2a: I'm Fisty
|-damage|p2a: I'm Fisty|218\/340
|move|p2a: I'm Fisty|Zen Headbutt|p1a: Nidoking
|-supereffective|p1a: Nidoking
|-damage|p1a: Nidoking|0 fnt
|faint|p1a: Nidoking
|
|
|switch|p1a: Chandelure|Chandelure, M|261\/261
|-damage|p1a: Chandelure|196\/261|[from] Stealth Rock
|turn|9
|
|move|p1a: Chandelure|Shadow Ball|p2a: I'm Fisty
|-supereffective|p2a: I'm Fisty
|-damage|p2a: I'm Fisty|0 fnt
|faint|p2a: I'm Fisty
|
|
|switch|p2a: Azelf|Azelf|291\/291
|turn|10
|
|switch|p1a: Aggron|Aggron, M|344\/344
|-damage|p1a: Aggron|323\/344|[from] Stealth Rock
|move|p2a: Azelf|Psychic|p1a: Aggron
|-resisted|p1a: Aggron
|-damage|p1a: Aggron|172\/344
|-unboost|p1a: Aggron|spd|1
|
|turn|11
|
|move|p2a: Azelf|Psychic|p1a: Aggron
|-resisted|p1a: Aggron
|-damage|p1a: Aggron|0 fnt
|faint|p1a: Aggron
|
|
|switch|p1a: Mienshao|Mienshao, M|239\/271
|-damage|p1a: Mienshao|223\/271|[from] Stealth Rock
|turn|12
|
|move|p1a: Mienshao|U-turn|p2a: Azelf
|-supereffective|p2a: Azelf
|-damage|p2a: Azelf|75\/291
|
|switch|p1a: Chandelure|Chandelure, M|196\/261
|-damage|p1a: Chandelure|131\/261|[from] Stealth Rock
|move|p2a: Azelf|Psychic|p1a: Chandelure
|-damage|p1a: Chandelure|0 fnt
|faint|p1a: Chandelure
|
|
|switch|p1a: Mienshao|Mienshao, M|223\/271
|-damage|p1a: Mienshao|207\/271|[from] Stealth Rock
|turn|13
|
|move|p1a: Mienshao|High Jump Kick|p2a: Azelf
|-resisted|p2a: Azelf
|-damage|p2a: Azelf|0 fnt
|faint|p2a: Azelf
|
|
|switch|p2a: I'm Hawt|Darmanitan, M|322\/351
|turn|14
|
|move|p1a: Mienshao|High Jump Kick|p2a: I'm Hawt
|-damage|p2a: I'm Hawt|0 fnt
|faint|p2a: I'm Hawt
|
|
|switch|p2a: I'm...A Dragon?|Ampharos-Mega, M, shiny|384\/384
|-ability|p2a: I'm...A Dragon?|Mold Breaker
|turn|15
|
|move|p1a: Mienshao|High Jump Kick|p2a: I'm...A Dragon?
|-damage|p2a: I'm...A Dragon?|129\/384
|move|p2a: I'm...A Dragon?|Thunderbolt|p1a: Mienshao
|-damage|p1a: Mienshao|0 fnt
|faint|p1a: Mienshao
|
|
|switch|p1a: Suicune|Suicune|363\/363
|-damage|p1a: Suicune|318\/363|[from] Stealth Rock
|-ability|p1a: Suicune|Pressure
|turn|16
|
|move|p1a: Suicune|Ice Beam|p2a: I'm...A Dragon?
|-supereffective|p2a: I'm...A Dragon?
|-damage|p2a: I'm...A Dragon?|0 fnt
|faint|p2a: I'm...A Dragon?
|
|win|dudman
|raw|Ladder updating...
|raw|dudman's rating: 1743 &rarr; <strong>1750<\/strong><br \/>(+7 for winning)
|raw|Syrus Wolfos's rating: 1450 &rarr; <strong>1444<\/strong><br \/>(-6 for losing)