|join|derpahsaurus rex
|join|dudman
|player|p1|derpahsaurus rex|276
|player|p2|dudman|171
|gametype|singles
|gen|6
|tier|UU
|rule|Sleep Clause Mod: Limit one foe put to sleep
|rule|Species Clause: Limit one of each PokÃ©mon
|rule|OHKO Clause: OHKO moves are banned
|rule|Moody Clause: Moody is banned
|rule|Evasion Moves Clause: Evasion moves are banned
|rule|Endless Battle Clause: Forcing endless battles is banned
|rule|HP Percentage Mod: HP is shown in percentages
|clearpoke
|poke|p1|Vaporeon, M
|poke|p1|Crobat, F
|poke|p1|Gallade, M
|poke|p1|Forretress, F
|poke|p1|Chandelure, M, shiny
|poke|p1|Blissey, F
|poke|p2|Nidoking, M
|poke|p2|Suicune
|poke|p2|Mienshao, M
|poke|p2|Aggron, M
|poke|p2|Chandelure, M
|poke|p2|Whimsicott, F
|rule|Swagger Clause: Swagger is banned
|rule|Baton Pass Clause: Limit one PokÃ©mon knowing Baton Pass
|teampreview
|join|so dynamic
|join|DatLatias
|
|start
|switch|p1a: Crobat|Crobat, F|312\/312
|switch|p2a: Nidoking|Nidoking, M|303\/303
|turn|1
|
|switch|p1a: Blissey|Blissey, F|714\/714
|move|p2a: Nidoking|Toxic Spikes|p1a: Blissey
|-sidestart|p1: derpahsaurus rex|move: Toxic Spikes
|
|turn|2
|
|switch|p2a: Aggron|Aggron, M|344\/344
|move|p1a: Blissey|Stealth Rock|p2a: Aggron
|-sidestart|p2: dudman|move: Stealth Rock
|
|turn|3
|
|switch|p1a: Forretress|Forretress, F|354\/354
|detailschange|p2a: Aggron|Aggron-Mega, M
|message|Aggron has Mega Evolved into Mega Aggron!
|move|p2a: Aggron|Stealth Rock|p1a: Forretress
|-sidestart|p1: derpahsaurus rex|move: Stealth Rock
|
|turn|4
|
|switch|p2a: Chandelure|Chandelure, M|261\/261
|-damage|p2a: Chandelure|196\/261|[from] Stealth Rock
|move|p1a: Forretress|Volt Switch|p2a: Chandelure
|-damage|p2a: Chandelure|157\/261
|
|switch|p1a: Crobat|Crobat, F|312\/312
|-damage|p1a: Crobat|234\/312|[from] Stealth Rock
|
|turn|5
|
|switch|p2a: Aggron|Aggron-Mega, M|344\/344
|-damage|p2a: Aggron|323\/344|[from] Stealth Rock
|move|p1a: Crobat|U-turn|p2a: Aggron
|-resisted|p2a: Aggron
|-damage|p2a: Aggron|299\/344
|
|switch|p1a: Forretress|Forretress, F|354\/354
|-damage|p1a: Forretress|310\/354|[from] Stealth Rock
|
|-heal|p1a: Forretress|332\/354|[from] item: Leftovers
|turn|6
|
|switch|p2a: Chandelure|Chandelure, M|157\/261
|-damage|p2a: Chandelure|92\/261|[from] Stealth Rock
|move|p1a: Forretress|Rapid Spin|p2a: Chandelure
|-immune|p2a: Chandelure|[msg]
|
|-heal|p1a: Forretress|354\/354|[from] item: Leftovers
|turn|7
|
|move|p2a: Chandelure|Trick|p1a: Forretress
|-activate|p2a: Chandelure|move: Trick|[of] p1a: Forretress
|-item|p1a: Forretress|Choice Specs|[from] move: Trick
|-item|p2a: Chandelure|Leftovers|[from] move: Trick
|move|p1a: Forretress|Volt Switch|p2a: Chandelure
|-damage|p2a: Chandelure|37\/261
|
|switch|p1a: Crobat|Crobat, F|234\/312
|-damage|p1a: Crobat|156\/312|[from] Stealth Rock
|
|-heal|p2a: Chandelure|53\/261|[from] item: Leftovers
|turn|8
|
|switch|p2a: Aggron|Aggron-Mega, M|299\/344
|-damage|p2a: Aggron|278\/344|[from] Stealth Rock
|move|p1a: Crobat|Brave Bird|p2a: Aggron
|-resisted|p2a: Aggron
|-damage|p2a: Aggron|215\/344
|-damage|p1a: Crobat|135\/312|[from] recoil|[of] p2a: Aggron
|
|turn|9
|
|switch|p1a: Forretress|Forretress, F|354\/354
|-damage|p1a: Forretress|310\/354|[from] Stealth Rock
|move|p2a: Aggron|Roar|p1a: Forretress
|drag|p1a: Gallade|Gallade, M|277\/277
|-damage|p1a: Gallade|260\/277|[from] Stealth Rock
|-status|p1a: Gallade|psn
|-enditem|p1a: Gallade|Lum Berry|[eat]
|-curestatus|p1a: Gallade|psn
|
|turn|10
|
|move|p1a: Gallade|Drain Punch|p2a: Aggron
|-supereffective|p2a: Aggron
|-damage|p2a: Aggron|115\/344
|-heal|p1a: Gallade|277\/277|[from] drain|[of] p2a: Aggron
|move|p2a: Aggron|Heavy Slam|p1a: Gallade
|-crit|p1a: Gallade
|-damage|p1a: Gallade|0 fnt
|faint|p1a: Gallade
|
|
|switch|p1a: Forretress|Forretress, F|310\/354
|-damage|p1a: Forretress|266\/354|[from] Stealth Rock
|turn|11
|
|switch|p2a: Chandelure|Chandelure, M|53\/261
|-damage|p2a: Chandelure|0 fnt|[from] Stealth Rock
|faint|p2a: Chandelure
|move|p1a: Forretress|Toxic Spikes|p2: Chandelure
|-sidestart|p2: dudman|move: Toxic Spikes
|
|
|switch|p2a: Nidoking|Nidoking, M|303\/303
|-sideend|p2: dudman|move: Toxic Spikes|[of] p2a: Nidoking
|-damage|p2a: Nidoking|285\/303|[from] Stealth Rock
|turn|12
|
|switch|p1a: Blissey|Blissey, F|714\/714
|-status|p1a: Blissey|psn
|-damage|p1a: Blissey|625\/714 psn|[from] Stealth Rock
|move|p2a: Nidoking|Earth Power|p1a: Blissey
|-damage|p1a: Blissey|476\/714 psn
|
|-heal|p1a: Blissey|520\/714 psn|[from] item: Leftovers
|-damage|p1a: Blissey|431\/714 psn|[from] psn
|turn|13
|
|move|p2a: Nidoking|Earth Power|p1a: Blissey
|-damage|p1a: Blissey|270\/714 psn
|move|p1a: Blissey|Soft-Boiled|p1a: Blissey
|-heal|p1a: Blissey|627\/714 psn
|
|-heal|p1a: Blissey|671\/714 psn|[from] item: Leftovers
|-damage|p1a: Blissey|582\/714 psn|[from] psn
|turn|14
|
|switch|p2a: Aggron|Aggron-Mega, M|115\/344
|-damage|p2a: Aggron|94\/344|[from] Stealth Rock
|move|p1a: Blissey|Seismic Toss|p2a: Aggron
|-damage|p2a: Aggron|0 fnt
|faint|p2a: Aggron
|
|-heal|p1a: Blissey|626\/714 psn|[from] item: Leftovers
|-damage|p1a: Blissey|537\/714 psn|[from] psn
|
|switch|p2a: Mienshao|Mienshao, M|271\/271
|-damage|p2a: Mienshao|255\/271|[from] Stealth Rock
|turn|15
|
|switch|p1a: Forretress|Forretress, F|266\/354
|-damage|p1a: Forretress|222\/354|[from] Stealth Rock
|move|p2a: Mienshao|U-turn|p1a: Forretress
|-resisted|p1a: Forretress
|-damage|p1a: Forretress|197\/354
|
|switch|p2a: Nidoking|Nidoking, M|285\/303
|-damage|p2a: Nidoking|267\/303|[from] Stealth Rock
|
|turn|16
|
|switch|p1a: Blissey|Blissey, F|537\/714
|-damage|p1a: Blissey|448\/714|[from] Stealth Rock
|-status|p1a: Blissey|psn
|move|p2a: Nidoking|Earth Power|p1a: Blissey
|-damage|p1a: Blissey|296\/714 psn
|
|-heal|p1a: Blissey|340\/714 psn|[from] item: Leftovers
|-damage|p1a: Blissey|251\/714 psn|[from] psn
|turn|17
|
|switch|p2a: Mienshao|Mienshao, M|255\/271
|-damage|p2a: Mienshao|239\/271|[from] Stealth Rock
|switch|p1a: Forretress|Forretress, F|197\/354
|-damage|p1a: Forretress|153\/354|[from] Stealth Rock
|
|turn|18
|
|move|p2a: Mienshao|High Jump Kick|p1a: Forretress
|-damage|p1a: Forretress|0 fnt
|faint|p1a: Forretress
|
|
|switch|p1a: Chandelure|Chandelure, M, shiny|262\/262
|-damage|p1a: Chandelure|197\/262|[from] Stealth Rock
|-status|p1a: Chandelure|psn
|turn|19
|
|switch|p2a: Nidoking|Nidoking, M|267\/303
|-damage|p2a: Nidoking|249\/303|[from] Stealth Rock
|move|p1a: Chandelure|Shadow Ball|p2a: Nidoking
|-damage|p2a: Nidoking|24\/303
|
|-damage|p1a: Chandelure|165\/262 psn|[from] psn
|turn|20
|
|move|p2a: Nidoking|Sucker Punch|p1a: Chandelure
|-supereffective|p1a: Chandelure
|-damage|p1a: Chandelure|0 fnt
|-damage|p2a: Nidoking|0 fnt|[from] item: Life Orb
|faint|p1a: Chandelure
|faint|p2a: Nidoking
|
|
|switch|p2a: Mienshao|Mienshao, M|239\/271
|-damage|p2a: Mienshao|223\/271|[from] Stealth Rock
|switch|p1a: Crobat|Crobat, F|135\/312
|-damage|p1a: Crobat|57\/312|[from] Stealth Rock
|turn|21
|
|move|p2a: Mienshao|Knock Off|p1a: Crobat
|-damage|p1a: Crobat|0 fnt
|-enditem|p1a: Crobat|Choice Band|[from] move: Knock Off|[of] p2a: Mienshao
|faint|p1a: Crobat
|
|
|switch|p1a: Vaporeon|Vaporeon, M|464\/464
|-damage|p1a: Vaporeon|406\/464|[from] Stealth Rock
|-status|p1a: Vaporeon|psn
|turn|22
|
|switch|p2a: Whimsicott|Whimsicott, F|261\/261
|-damage|p2a: Whimsicott|229\/261|[from] Stealth Rock
|move|p1a: Vaporeon|Wish|p1a: Vaporeon
|
|-heal|p2a: Whimsicott|245\/261|[from] item: Leftovers
|-heal|p1a: Vaporeon|435\/464 psn|[from] item: Leftovers
|-damage|p1a: Vaporeon|377\/464 psn|[from] psn
|turn|23
|
|switch|p1a: Blissey|Blissey, F|251\/714
|-damage|p1a: Blissey|162\/714|[from] Stealth Rock
|-status|p1a: Blissey|psn
|move|p2a: Whimsicott|U-turn|p1a: Blissey
|-damage|p1a: Blissey|97\/714 psn
|
|switch|p2a: Mienshao|Mienshao, M|223\/271
|-damage|p2a: Mienshao|207\/271|[from] Stealth Rock
|
|-heal|p1a: Blissey|329\/714 psn|[from] move: Wish|[wisher] Vaporeon
|-heal|p1a: Blissey|373\/714 psn|[from] item: Leftovers
|-damage|p1a: Blissey|284\/714 psn|[from] psn
|turn|24
|c|âdudman|kek
|
|switch|p1a: Vaporeon|Vaporeon, M|377\/464 psn
|-damage|p1a: Vaporeon|319\/464 psn|[from] Stealth Rock
|move|p2a: Mienshao|High Jump Kick|p1a: Vaporeon
|-damage|p1a: Vaporeon|69\/464 psn
|
|-heal|p1a: Vaporeon|98\/464 psn|[from] item: Leftovers
|-damage|p1a: Vaporeon|40\/464 psn|[from] psn
|turn|25
|
|move|p2a: Mienshao|High Jump Kick|p1a: Vaporeon
|-damage|p1a: Vaporeon|0 fnt
|faint|p1a: Vaporeon
|
|
|switch|p1a: Blissey|Blissey, F|284\/714
|-damage|p1a: Blissey|195\/714|[from] Stealth Rock
|-status|p1a: Blissey|psn
|turn|26
|
|move|p2a: Mienshao|High Jump Kick|p1a: Blissey
|-supereffective|p1a: Blissey
|-damage|p1a: Blissey|0 fnt
|faint|p1a: Blissey
|
|win|dudman
|c|âdudman|gg
|leave|DatLatias
|c|âderpahsaurus rex|g
|c|âderpahsaurus rex|g