|join|Meruu
|join|dudman
|player|p1|Meruu|174
|player|p2|dudman|171
|gametype|singles
|gen|6
|tier|UU
|rule|Sleep Clause Mod: Limit one foe put to sleep
|rule|Species Clause: Limit one of each PokÃ©mon
|rule|OHKO Clause: OHKO moves are banned
|rule|Moody Clause: Moody is banned
|rule|Evasion Moves Clause: Evasion moves are banned
|rule|Endless Battle Clause: Forcing endless battles is banned
|rule|HP Percentage Mod: HP is shown in percentages
|clearpoke
|poke|p1|Blissey, F
|poke|p1|Chesnaught, F
|poke|p1|Vaporeon, F
|poke|p1|Rotom-Heat
|poke|p1|Aggron, M
|poke|p1|Sableye, M
|poke|p2|Suicune
|poke|p2|Zygarde
|poke|p2|Jirachi
|poke|p2|Aggron, M
|poke|p2|Roserade, M
|poke|p2|Chandelure, F
|rule|Swagger Clause: Swagger is banned
|rule|Baton Pass Clause: Limit one PokÃ©mon knowing Baton Pass
|teampreview
|join|inferior rhyperior
|join|Eat Pie
|join|BenzMafia
|join|YMAS3
|
|start
|switch|p1a: Rotom-Heat|Rotom-Heat|241\/241
|switch|p2a: Chandelure|Chandelure, F|261\/261
|turn|1
|
|move|p1a: Rotom-Heat|Volt Switch|p2a: Chandelure
|-crit|p2a: Chandelure
|-damage|p2a: Chandelure|3\/261
|c|âdudman|ow
|join|BurstStream
|join|bleve
|
|switch|p1a: Vaporeon|Vaporeon, F|451\/451
|move|p2a: Chandelure|Fire Blast|p1a: Vaporeon
|-resisted|p1a: Vaporeon
|-damage|p1a: Vaporeon|285\/451
|
|-heal|p1a: Vaporeon|313\/451|[from] item: Leftovers
|turn|2
|c| bleve|xD
|join|Duskt70
|
|switch|p2a: Roserade|Roserade, M|261\/261
|switch|p1a: Rotom-Heat|Rotom-Heat|241\/241
|
|turn|3
|
|move|p2a: Roserade|Toxic Spikes|p1a: Rotom-Heat
|-sidestart|p1: Meruu|move: Toxic Spikes
|move|p1a: Rotom-Heat|Overheat|p2a: Roserade
|-supereffective|p2a: Roserade
|-damage|p2a: Roserade|0 fnt
|-unboost|p1a: Rotom-Heat|spa|2
|faint|p2a: Roserade
|
|
|switch|p2a: Chandelure|Chandelure, F|3\/261
|turn|4
|c|âMeruu|zzz
|c|âMeruu|slapping on
|c|âMeruu|tspikes
|c|âMeruu|real creative,,,
|
|switch|p1a: Blissey|Blissey, F|714\/714
|-status|p1a: Blissey|psn
|move|p2a: Chandelure|Trick|p1a: Blissey
|-activate|p2a: Chandelure|move: Trick|[of] p1a: Blissey
|-item|p1a: Blissey|Choice Specs|[from] move: Trick
|-item|p2a: Chandelure|Leftovers|[from] move: Trick
|
|-heal|p2a: Chandelure|19\/261|[from] item: Leftovers
|-damage|p1a: Blissey|625\/714 psn|[from] psn
|turn|5
|c| Duskt70|oof
|
|switch|p1a: Rotom-Heat|Rotom-Heat|241\/241
|move|p2a: Chandelure|Fire Blast|p1a: Rotom-Heat
|-resisted|p1a: Rotom-Heat
|-damage|p1a: Rotom-Heat|144\/241
|
|-heal|p2a: Chandelure|35\/261|[from] item: Leftovers
|turn|6
|
|move|p1a: Rotom-Heat|Trick|p2a: Chandelure
|-activate|p1a: Rotom-Heat|move: Trick|[of] p2a: Chandelure
|-item|p2a: Chandelure|Choice Specs|[from] move: Trick
|-item|p1a: Rotom-Heat|Leftovers|[from] move: Trick
|move|p2a: Chandelure|Shadow Ball|p1a: Rotom-Heat
|-damage|p1a: Rotom-Heat|0 fnt
|faint|p1a: Rotom-Heat
|
|join|Eyan
|c|âdudman|epic.
|c| Duskt70|lel
|c| bleve|xD
|c|âMeruu|ur a nerd
|c| BurstStream|Wait
|c|âMeruu|>.>
|c| BurstStream|Dat Preditc of Destiny
|c| bleve|spooky 
|
|switch|p1a: Chesnaught|Chesnaught, F|380\/380
|-status|p1a: Chesnaught|psn
|turn|7
|
|switch|p2a: Aggron|Aggron, M|323\/323
|move|p1a: Chesnaught|Spikes|p2a: Aggron
|-sidestart|p2: dudman|Spikes
|
|-damage|p1a: Chesnaught|333\/380 psn|[from] psn
|turn|8
|join|TheManOfMany23
|
|detailschange|p2a: Aggron|Aggron-Mega, M
|message|Aggron has Mega Evolved into Mega Aggron!
|move|p1a: Chesnaught|Spikes|p2a: Aggron
|-sidestart|p2: dudman|Spikes
|move|p2a: Aggron|Stealth Rock|p1a: Chesnaught
|-sidestart|p1: Meruu|move: Stealth Rock
|
|-heal|p1a: Chesnaught|356\/380 psn|[from] item: Leftovers
|-damage|p1a: Chesnaught|309\/380 psn|[from] psn
|turn|9
|
|move|p1a: Chesnaught|Hammer Arm|p2a: Aggron
|-supereffective|p2a: Aggron
|-damage|p2a: Aggron|236\/323
|-unboost|p1a: Chesnaught|spe|1
|move|p2a: Aggron|Heavy Slam|p1a: Chesnaught
|-damage|p1a: Chesnaught|176\/380 psn
|
|-heal|p1a: Chesnaught|199\/380 psn|[from] item: Leftovers
|-damage|p1a: Chesnaught|152\/380 psn|[from] psn
|turn|10
|
|move|p2a: Aggron|Earthquake|p1a: Chesnaught
|-resisted|p1a: Chesnaught
|-damage|p1a: Chesnaught|107\/380 psn
|move|p1a: Chesnaught|Synthesis|p1a: Chesnaught
|-heal|p1a: Chesnaught|297\/380 psn
|
|-heal|p1a: Chesnaught|320\/380 psn|[from] item: Leftovers
|-damage|p1a: Chesnaught|273\/380 psn|[from] psn
|turn|11
|c| BurstStream|Dud
|c| BurstStream|just sacj
|
|move|p2a: Aggron|Heavy Slam|p1a: Chesnaught
|-damage|p1a: Chesnaught|149\/380 psn
|move|p1a: Chesnaught|Synthesis|p1a: Chesnaught
|-heal|p1a: Chesnaught|339\/380 psn
|
|-heal|p1a: Chesnaught|362\/380 psn|[from] item: Leftovers
|-damage|p1a: Chesnaught|315\/380 psn|[from] psn
|turn|12
|c| BurstStream|all your other 4 mons
|c| BurstStream|and sweep with Zygarde
|c| BurstStream|easy peasy
|c|âMeruu|ya because
|c|âdudman|i needed another tspike lol
|c|âMeruu|i dont have a zygarde counter
|
|move|p2a: Aggron|Heavy Slam|p1a: Chesnaught
|-damage|p1a: Chesnaught|179\/380 psn
|move|p1a: Chesnaught|Synthesis|p1a: Chesnaught
|-heal|p1a: Chesnaught|369\/380 psn
|
|-heal|p1a: Chesnaught|380\/380 psn|[from] item: Leftovers
|-damage|p1a: Chesnaught|333\/380 psn|[from] psn
|turn|13
|c|âdudman|it's ice beam blissey
|c|âdudman|and i gave it specs
|c|âdudman| :[
|c| BurstStream|the new
|
|move|p2a: Aggron|Heavy Slam|p1a: Chesnaught
|-damage|p1a: Chesnaught|200\/380 psn
|move|p1a: Chesnaught|Spikes|p2a: Aggron
|-sidestart|p2: dudman|Spikes
|
|-heal|p1a: Chesnaught|223\/380 psn|[from] item: Leftovers
|-damage|p1a: Chesnaught|176\/380 psn|[from] psn
|turn|14
|c| BurstStream|fucking
|c| BurstStream|meta
|c|âMeruu|nice
|c|âMeruu|scouting
|c|âMeruu|poopyhead
|
|switch|p2a: Suicune|Suicune|404\/404
|-damage|p2a: Suicune|303\/404|[from] Spikes
|-ability|p2a: Suicune|Pressure
|move|p1a: Chesnaught|Synthesis|p1a: Chesnaught
|-heal|p1a: Chesnaught|366\/380 psn
|
|-heal|p2a: Suicune|328\/404|[from] item: Leftovers
|-heal|p1a: Chesnaught|380\/380 psn|[from] item: Leftovers
|-damage|p1a: Chesnaught|333\/380 psn|[from] psn
|turn|15
|c|âdudman|what
|c|âdudman|this is one of my teams,
|c|âMeruu|i havent even
|c|âMeruu|used ice beam yet
|c|âdudman|is it actually ice beamblissey
|c|âdudman|wtf
|
|switch|p1a: Vaporeon|Vaporeon, F|313\/451
|-status|p1a: Vaporeon|psn
|-damage|p1a: Vaporeon|257\/451 psn|[from] Stealth Rock
|move|p2a: Suicune|Ice Beam|p1a: Vaporeon
|-resisted|p1a: Vaporeon
|-damage|p1a: Vaporeon|214\/451 psn
|
|-heal|p2a: Suicune|353\/404|[from] item: Leftovers
|-heal|p1a: Vaporeon|242\/451 psn|[from] item: Leftovers
|-damage|p1a: Vaporeon|186\/451 psn|[from] psn
|turn|16
|
|switch|p2a: Aggron|Aggron-Mega, M|236\/323
|-damage|p2a: Aggron|156\/323|[from] Spikes
|move|p1a: Vaporeon|Wish|p1a: Vaporeon
|
|-heal|p1a: Vaporeon|214\/451 psn|[from] item: Leftovers
|-damage|p1a: Vaporeon|158\/451 psn|[from] psn
|turn|17
|
|move|p1a: Vaporeon|Scald|p2a: Aggron
|-damage|p2a: Aggron|44\/323
|-status|p2a: Aggron|brn
|move|p2a: Aggron|Earthquake|p1a: Vaporeon
|-damage|p1a: Vaporeon|93\/451 psn
|
|-heal|p1a: Vaporeon|318\/451 psn|[from] move: Wish|[wisher] Vaporeon
|-heal|p1a: Vaporeon|346\/451 psn|[from] item: Leftovers
|-damage|p1a: Vaporeon|290\/451 psn|[from] psn
|-damage|p2a: Aggron|4\/323 brn|[from] brn
|turn|18
|c|âdudman|epic
|
|move|p1a: Vaporeon|Wish|p1a: Vaporeon
|move|p2a: Aggron|Heavy Slam|p1a: Vaporeon
|-resisted|p1a: Vaporeon
|-damage|p1a: Vaporeon|232\/451 psn
|
|-heal|p1a: Vaporeon|260\/451 psn|[from] item: Leftovers
|-damage|p1a: Vaporeon|204\/451 psn|[from] psn
|-damage|p2a: Aggron|0 fnt|[from] brn
|faint|p2a: Aggron
|c| bleve|nice
|
|switch|p2a: Zygarde|Zygarde|358\/358
|-damage|p2a: Zygarde|269\/358|[from] Spikes
|-ability|p2a: Zygarde|Aura Break
|turn|19
|c|âdudman|ice beam imo
|c| bleve|http:\/\/i.imgur.com\/kydRRFy.gif
|
|switch|p1a: Blissey|Blissey, F|625\/714
|-damage|p1a: Blissey|536\/714|[from] Stealth Rock
|-status|p1a: Blissey|psn
|move|p2a: Zygarde|Earthquake|p1a: Blissey
|-damage|p1a: Blissey|253\/714 psn
|
|-heal|p1a: Blissey|478\/714 psn|[from] move: Wish|[wisher] Vaporeon
|-damage|p1a: Blissey|389\/714 psn|[from] psn
|turn|20
|
|switch|p2a: Jirachi|Jirachi|341\/341
|-damage|p2a: Jirachi|256\/341|[from] Spikes
|move|p1a: Blissey|Ice Beam|p2a: Jirachi
|-resisted|p2a: Jirachi
|-damage|p2a: Jirachi|218\/341
|-status|p2a: Jirachi|frz
|
|-damage|p1a: Blissey|300\/714 psn|[from] psn
|turn|21
|c|âdudman|LOL
|c|âdudman|ARE
|c|âdudman|YOU
|c|âdudman|LOL
|
|switch|p1a: Aggron|Aggron, M|344\/344
|-damage|p1a: Aggron|323\/344|[from] Stealth Rock
|-curestatus|p2a: Jirachi|frz
|move|p2a: Jirachi|Healing Wish|p2a: Jirachi
|faint|p2a: Jirachi
|
|c| bleve|B T F O
|c| bleve|T
|c| bleve|F
|c| bleve|O
|
|switch|p2a: Chandelure|Chandelure, F|35\/261
|-heal|p2a: Chandelure|261\/261|[from] move: Healing Wish
|-damage|p2a: Chandelure|196\/261|[from] Spikes
|turn|22
|c| TheManOfMany23|woodhammer
|join|silverbackkap
|
|switch|p1a: Vaporeon|Vaporeon, F|204\/451 psn
|-damage|p1a: Vaporeon|148\/451 psn|[from] Stealth Rock
|move|p2a: Chandelure|Fire Blast|p1a: Vaporeon
|-resisted|p1a: Vaporeon
|-damage|p1a: Vaporeon|0 fnt
|faint|p1a: Vaporeon
|
|c| TheManOfMany23|I wonder why u switch vaporeon on suicune
|
|switch|p1a: Blissey|Blissey, F|300\/714
|-status|p1a: Blissey|psn
|-damage|p1a: Blissey|211\/714 psn|[from] Stealth Rock
|turn|23
|
|move|p2a: Chandelure|Fire Blast|p1a: Blissey|[miss]
|-miss|p2a: Chandelure|p1a: Blissey
|move|p1a: Blissey|Soft-Boiled|p1a: Blissey
|-heal|p1a: Blissey|568\/714 psn
|
|-damage|p1a: Blissey|479\/714 psn|[from] psn
|turn|24
|leave|silverbackkap
|
|switch|p2a: Suicune|Suicune|353\/404
|-damage|p2a: Suicune|252\/404|[from] Spikes
|-ability|p2a: Suicune|Pressure
|move|p1a: Blissey|Soft-Boiled|p1a: Blissey
|-heal|p1a: Blissey|714\/714 psn
|
|-heal|p2a: Suicune|277\/404|[from] item: Leftovers
|-damage|p1a: Blissey|625\/714 psn|[from] psn
|turn|25
|
|switch|p1a: Aggron|Aggron, M|323\/344
|-damage|p1a: Aggron|302\/344|[from] Stealth Rock
|move|p2a: Suicune|Calm Mind|p2a: Suicune
|-boost|p2a: Suicune|spa|1
|-boost|p2a: Suicune|spd|1
|
|-heal|p2a: Suicune|302\/404|[from] item: Leftovers
|turn|26
|join|GoldDiggersby
|
|detailschange|p1a: Aggron|Aggron-Mega, M
|message|Aggron has Mega Evolved into Mega Aggron!
|move|p2a: Suicune|Scald|p1a: Aggron
|-damage|p1a: Aggron|160\/344
|move|p1a: Aggron|Toxic|p2a: Suicune
|-status|p2a: Suicune|tox
|
|-heal|p2a: Suicune|327\/404 tox|[from] item: Leftovers
|-damage|p2a: Suicune|302\/404 tox|[from] psn
|turn|27
|
|move|p2a: Suicune|Scald|p1a: Aggron
|-damage|p1a: Aggron|12\/344
|move|p1a: Aggron|Stealth Rock|p2a: Suicune
|-sidestart|p2: dudman|move: Stealth Rock
|
|-heal|p2a: Suicune|327\/404 tox|[from] item: Leftovers
|-damage|p2a: Suicune|277\/404 tox|[from] psn
|turn|28
|
|move|p2a: Suicune|Scald|p1a: Aggron
|-damage|p1a: Aggron|0 fnt
|faint|p1a: Aggron
|
|-heal|p2a: Suicune|302\/404 tox|[from] item: Leftovers
|-damage|p2a: Suicune|227\/404 tox|[from] psn
|
|switch|p1a: Sableye|Sableye, M|304\/304
|-status|p1a: Sableye|psn
|-damage|p1a: Sableye|266\/304 psn|[from] Stealth Rock
|turn|29
|
|move|p1a: Sableye|Taunt|p2a: Suicune
|-start|p2a: Suicune|move: Taunt
|cant|p2a: Suicune|move: Taunt|Calm Mind
|
|-heal|p2a: Suicune|252\/404 tox|[from] item: Leftovers
|-heal|p1a: Sableye|285\/304 psn|[from] item: Leftovers
|-damage|p2a: Suicune|152\/404 tox|[from] psn
|-damage|p1a: Sableye|247\/304 psn|[from] psn
|turn|30
|
|move|p2a: Suicune|Scald|p1a: Sableye
|-crit|p1a: Sableye
|-damage|p1a: Sableye|0 fnt
|faint|p1a: Sableye
|
|-heal|p2a: Suicune|177\/404 tox|[from] item: Leftovers
|-damage|p2a: Suicune|52\/404 tox|[from] psn
|c|âMeruu|â¦.
|join|so dynamic
|
|switch|p1a: Blissey|Blissey, F|625\/714
|-damage|p1a: Blissey|536\/714|[from] Stealth Rock
|-status|p1a: Blissey|psn
|turn|31
|c|âdudman|u can win
|c|âdudman|with specs ice beam
|c|âdudman|imo
|
|move|p2a: Suicune|Scald|p1a: Blissey
|-damage|p1a: Blissey|394\/714 psn
|move|p1a: Blissey|Ice Beam|p2a: Suicune
|-resisted|p2a: Suicune
|-damage|p2a: Suicune|28\/404 tox
|
|-heal|p2a: Suicune|53\/404 tox|[from] item: Leftovers
|-damage|p2a: Suicune|0 fnt|[from] psn
|-damage|p1a: Blissey|305\/714 psn|[from] psn
|faint|p2a: Suicune
|c|âMeruu|hurry
|c|âMeruu|my computer is dying and I need to go
|c| bleve|**.....**
|c|âdudman|it's
|c|âdudman|lagging
|c| bleve|**.....**..
|
|switch|p2a: Chandelure|Chandelure, F|196\/261
|-damage|p2a: Chandelure|131\/261|[from] Stealth Rock
|-damage|p2a: Chandelure|66\/261|[from] Spikes
|turn|32
|
|move|p2a: Chandelure|Fire Blast|p1a: Blissey|[miss]
|-miss|p2a: Chandelure|p1a: Blissey
|move|p1a: Blissey|Ice Beam|p2a: Chandelure
|-resisted|p2a: Chandelure
|-damage|p2a: Chandelure|23\/261
|
|-damage|p1a: Blissey|216\/714 psn|[from] psn
|turn|33
|c| Duskt70|nice
|
|move|p2a: Chandelure|Fire Blast|p1a: Blissey
|-damage|p1a: Blissey|0 fnt
|faint|p1a: Blissey
|
|c| TheManOfMany23|u gotta invest into SpA
|
|switch|p1a: Chesnaught|Chesnaught, F|333\/380 psn
|-damage|p1a: Chesnaught|310\/380 psn|[from] Stealth Rock
|turn|34
|
|move|p2a: Chandelure|Fire Blast|p1a: Chesnaught
|-supereffective|p1a: Chesnaught
|-damage|p1a: Chesnaught|0 fnt
|faint|p1a: Chesnaught
|
|win|dudman
|c| BurstStream|miss fire blast
|c|âdudman|gg
|leave|Duskt70
|leave|so dynamic
|leave|inferior rhyperior
|leave|Eat Pie
|c|âMeruu|no
|c| BurstStream|and ice punch ches
|leave|GoldDiggersby
|c|âdudman|>no
|leave|YMAS3
|leave|bleve
|leave|dudman
|player|p2
|leave|TheManOfMany23