|J|Savage Alby
|J|Sooperman
|player|p1|Savage Alby|102
|player|p2|Sooperman|170
|gametype|singles
|gen|6
|tier|OU
|clearpoke
|poke|p1|Diancie
|poke|p1|Talonflame, M, shiny
|poke|p1|Ferrothorn, F
|poke|p1|Latios, M
|poke|p1|Landorus-Therian, M
|poke|p1|Keldeo-Resolute
|poke|p2|Talonflame, F
|poke|p2|Landorus, M
|poke|p2|Chansey, F
|poke|p2|Scizor, M
|poke|p2|Bisharp, F
|poke|p2|Rotom-Wash
|rule|Swagger Clause: Swagger is banned
|rule|Baton Pass Clause: Limit one PokÃ©mon knowing Baton Pass
|rule|Sleep Clause Mod: Limit one foe put to sleep
|rule|Species Clause: Limit one of each PokÃ©mon
|rule|OHKO Clause: OHKO moves are banned
|rule|Moody Clause: Moody is banned
|rule|Evasion Moves Clause: Evasion moves are banned
|rule|Endless Battle Clause: Forcing endless battles is banned
|rule|HP Percentage Mod: HP is shown in percentages
|teampreview
|
|start
|switch|p1a: Beifong|Ferrothorn, F|352\/352
|switch|p2a: Bisharp|Bisharp, F|272\/272
|turn|1
|J|MattyX
|J|KingTeshub
|
|move|p2a: Bisharp|Knock Off|p1a: Beifong
|-damage|p1a: Beifong|218\/352
|-damage|p2a: Bisharp|238\/272|[from] ability: Iron Barbs|[of] p1a: Beifong
|-enditem|p1a: Beifong|Leftovers|[from] move: Knock Off|[of] p2a: Bisharp
|-damage|p2a: Bisharp|211\/272|[from] item: Life Orb
|move|p1a: Beifong|Stealth Rock|p2a: Bisharp
|-sidestart|p2: Sooperman|move: Stealth Rock
|
|turn|2
|
|switch|p2a: Scizor|Scizor, M|344\/344
|-damage|p2a: Scizor|301\/344|[from] Stealth Rock
|move|p1a: Beifong|Leech Seed|p2a: Scizor
|-start|p2a: Scizor|move: Leech Seed
|
|-damage|p2a: Scizor|258\/344|[from] Leech Seed|[of] p1a: Beifong
|-heal|p1a: Beifong|261\/352|[silent]
|turn|3
|
|detailschange|p2a: Scizor|Scizor-Mega, M
|-mega|p2a: Scizor|Scizor|Scizorite
|move|p2a: Scizor|Defog|p1a: Beifong
|-unboost|p1a: Beifong|evasion|1
|-sideend|p2: Sooperman|Stealth Rock|[from] move: Defog|[of] p2a: Scizor
|move|p1a: Beifong|Stealth Rock|p2a: Scizor
|-sidestart|p2: Sooperman|move: Stealth Rock
|
|-damage|p2a: Scizor|215\/344|[from] Leech Seed|[of] p1a: Beifong
|-heal|p1a: Beifong|304\/352|[silent]
|turn|4
|
|move|p2a: Scizor|Defog|p1a: Beifong
|-unboost|p1a: Beifong|evasion|1
|-sideend|p2: Sooperman|Stealth Rock|[from] move: Defog|[of] p2a: Scizor
|move|p1a: Beifong|Spikes|p2a: Scizor
|-sidestart|p2: Sooperman|Spikes
|
|-damage|p2a: Scizor|172\/344|[from] Leech Seed|[of] p1a: Beifong
|-heal|p1a: Beifong|347\/352|[silent]
|turn|5
|
|move|p2a: Scizor|Roost|p2a: Scizor
|-heal|p2a: Scizor|344\/344
|move|p1a: Beifong|Stealth Rock|p2a: Scizor
|-sidestart|p2: Sooperman|move: Stealth Rock
|
|-damage|p2a: Scizor|301\/344|[from] Leech Seed|[of] p1a: Beifong
|-heal|p1a: Beifong|352\/352|[silent]
|turn|6
|J|LunaticMode
|
|move|p2a: Scizor|Defog|p1a: Beifong
|-unboost|p1a: Beifong|evasion|1
|-sideend|p2: Sooperman|Spikes|[from] move: Defog|[of] p2a: Scizor
|-sideend|p2: Sooperman|Stealth Rock|[from] move: Defog|[of] p2a: Scizor
|move|p1a: Beifong|Stealth Rock|p2a: Scizor
|-sidestart|p2: Sooperman|move: Stealth Rock
|
|-damage|p2a: Scizor|258\/344|[from] Leech Seed|[of] p1a: Beifong
|turn|7
|
|move|p2a: Scizor|Defog|p1a: Beifong
|-unboost|p1a: Beifong|evasion|1
|-sideend|p2: Sooperman|Stealth Rock|[from] move: Defog|[of] p2a: Scizor
|move|p1a: Beifong|Stealth Rock|p2a: Scizor
|-sidestart|p2: Sooperman|move: Stealth Rock
|
|-damage|p2a: Scizor|215\/344|[from] Leech Seed|[of] p1a: Beifong
|turn|8
|
|move|p2a: Scizor|Roost|p2a: Scizor
|-heal|p2a: Scizor|344\/344
|move|p1a: Beifong|Stealth Rock|p2a: Scizor
|-fail|p2a: Scizor
|
|-damage|p2a: Scizor|301\/344|[from] Leech Seed|[of] p1a: Beifong
|turn|9
|
|move|p2a: Scizor|Defog|p1a: Beifong
|-unboost|p1a: Beifong|evasion|1
|-sideend|p2: Sooperman|Stealth Rock|[from] move: Defog|[of] p2a: Scizor
|move|p1a: Beifong|Stealth Rock|p2a: Scizor
|-sidestart|p2: Sooperman|move: Stealth Rock
|
|-damage|p2a: Scizor|258\/344|[from] Leech Seed|[of] p1a: Beifong
|turn|10
|L|KingTeshub
|
|move|p2a: Scizor|Defog|p1a: Beifong
|-unboost|p1a: Beifong|evasion|1
|-sideend|p2: Sooperman|Stealth Rock|[from] move: Defog|[of] p2a: Scizor
|move|p1a: Beifong|Stealth Rock|p2a: Scizor
|-sidestart|p2: Sooperman|move: Stealth Rock
|
|-damage|p2a: Scizor|215\/344|[from] Leech Seed|[of] p1a: Beifong
|turn|11
|
|switch|p1a: BlackRibbon|Talonflame, M, shiny|319\/319
|move|p2a: Scizor|Roost|p2a: Scizor
|-heal|p2a: Scizor|344\/344
|
|-damage|p2a: Scizor|301\/344|[from] Leech Seed|[of] p1a: BlackRibbon
|turn|12
|
|switch|p2a: Rotom-Wash|Rotom-Wash|304\/304
|-damage|p2a: Rotom-Wash|266\/304|[from] Stealth Rock
|move|p1a: BlackRibbon|U-turn|p2a: Rotom-Wash
|-crit|p2a: Rotom-Wash
|-damage|p2a: Rotom-Wash|139\/304
|
|switch|p1a: Latiozai|Latios, M|301\/301
|
|turn|13
|
|move|p1a: Latiozai|Draco Meteor|p2a: Rotom-Wash
|-damage|p2a: Rotom-Wash|0 fnt
|-unboost|p1a: Latiozai|spa|2
|-damage|p1a: Latiozai|271\/301|[from] item: Life Orb
|faint|p2a: Rotom-Wash
|
|
|switch|p2a: Scizor|Scizor-Mega, M|301\/344
|-damage|p2a: Scizor|258\/344|[from] Stealth Rock
|turn|14
|
|switch|p1a: Beifong|Ferrothorn, F|352\/352
|move|p2a: Scizor|Defog|p1a: Beifong
|-unboost|p1a: Beifong|evasion|1
|-sideend|p2: Sooperman|Stealth Rock|[from] move: Defog|[of] p2a: Scizor
|
|turn|15
|
|switch|p2a: Talonflame|Talonflame, F|298\/298
|move|p1a: Beifong|Stealth Rock|p2a: Talonflame
|-sidestart|p2: Sooperman|move: Stealth Rock
|
|turn|16
|
|switch|p2a: Bisharp|Bisharp, F|211\/272
|-damage|p2a: Bisharp|194\/272|[from] Stealth Rock
|move|p1a: Beifong|Leech Seed|p2a: Bisharp
|-start|p2a: Bisharp|move: Leech Seed
|
|-damage|p2a: Bisharp|160\/272|[from] Leech Seed|[of] p1a: Beifong
|turn|17
|
|switch|p2a: Scizor|Scizor-Mega, M|258\/344
|-damage|p2a: Scizor|215\/344|[from] Stealth Rock
|switch|p1a: Sokka|Keldeo-Resolute|323\/323
|
|turn|18
|
|move|p1a: Sokka|Scald|p2a: Scizor
|-damage|p2a: Scizor|74\/344
|move|p2a: Scizor|Defog|p1a: Sokka
|-unboost|p1a: Sokka|evasion|1
|-sideend|p2: Sooperman|Stealth Rock|[from] move: Defog|[of] p2a: Scizor
|
|turn|19
|
|switch|p2a: Chansey|Chansey, F|642\/642
|move|p1a: Sokka|Calm Mind|p1a: Sokka
|-boost|p1a: Sokka|spa|1
|-boost|p1a: Sokka|spd|1
|
|turn|20
|c| LunaticMode|oh i saw that coming
|
|switch|p2a: Talonflame|Talonflame, F|298\/298
|move|p1a: Sokka|Substitute|p1a: Sokka
|-start|p1a: Sokka|Substitute
|-damage|p1a: Sokka|243\/323
|
|-heal|p1a: Sokka|263\/323|[from] item: Leftovers
|turn|21
|
|move|p2a: Talonflame|U-turn|p1a: Sokka
|-resisted|p1a: Sokka
|-activate|p1a: Sokka|Substitute|[damage]
|
|switch|p2a: Chansey|Chansey, F|642\/642
|move|p1a: Sokka|Scald|p2a: Chansey
|-damage|p2a: Chansey|536\/642
|-status|p2a: Chansey|brn
|
|-heal|p1a: Sokka|283\/323|[from] item: Leftovers
|-damage|p2a: Chansey|456\/642 brn|[from] brn
|turn|22
|
|move|p1a: Sokka|Secret Sword|p2a: Chansey
|-supereffective|p2a: Chansey
|-damage|p2a: Chansey|0 fnt
|faint|p2a: Chansey
|
|-heal|p1a: Sokka|303\/323|[from] item: Leftovers
|
|switch|p2a: Bisharp|Bisharp, F|160\/272
|turn|23
|c|âSooperman|gg re
|
|move|p2a: Bisharp|Sucker Punch|p1a: Sokka
|-fail|p1a: Sokka
|move|p1a: Sokka|Calm Mind|p1a: Sokka
|-boost|p1a: Sokka|spa|1
|-boost|p1a: Sokka|spd|1
|
|-heal|p1a: Sokka|323\/323|[from] item: Leftovers
|turn|24
|L|Sooperman
|player|p2
|c| MattyX|damn
|J|Hax God Jet
|L|Savage Alby
|player|p1
|L|LunaticMode
|L|MattyX
|-message|Player 2 lost due to inactivity.
|
|win|Savage Alby
|L|Hax God Jet
|J|LunaticMode