|join|cosmic mind
|join|Savage Alby
|player|p1|cosmic mind|165
|player|p2|Savage Alby|44
|gametype|singles
|gen|6
|tier|OU
|rated
|clearpoke
|poke|p1|Gallade, M
|poke|p1|Sylveon, M
|poke|p1|Klefki, F
|poke|p1|Garchomp, M
|poke|p1|Bisharp, F
|poke|p1|Gyarados, M
|poke|p2|Scizor, M
|poke|p2|Thundurus, M
|poke|p2|Bisharp, M, shiny
|poke|p2|Keldeo
|poke|p2|Entei, shiny
|poke|p2|Empoleon, F
|rule|Swagger Clause: Swagger is banned
|rule|Baton Pass Clause: Limit one PokÃ©mon knowing Baton Pass
|rule|Sleep Clause Mod: Limit one foe put to sleep
|rule|Species Clause: Limit one of each PokÃ©mon
|rule|OHKO Clause: OHKO moves are banned
|rule|Moody Clause: Moody is banned
|rule|Evasion Moves Clause: Evasion moves are banned
|rule|Endless Battle Clause: Forcing endless battles is banned
|rule|HP Percentage Mod: HP is shown in percentages
|teampreview
|
|start
|switch|p1a: Garchomp|Garchomp, M|357\/357
|switch|p2a: Empoleon|Empoleon, F|372\/372
|turn|1
|
|move|p1a: Garchomp|Earthquake|p2a: Empoleon
|-supereffective|p2a: Empoleon
|-damage|p2a: Empoleon|82\/372
|move|p2a: Empoleon|Scald|p1a: Garchomp
|-damage|p1a: Garchomp|162\/357
|
|-heal|p2a: Empoleon|105\/372|[from] item: Leftovers
|turn|2
|
|move|p1a: Garchomp|Stealth Rock|p2a: Empoleon
|-sidestart|p2: Savage Alby|move: Stealth Rock
|move|p2a: Empoleon|Defog|p1a: Garchomp
|-unboost|p1a: Garchomp|evasion|1
|-sideend|p2: Savage Alby|Stealth Rock|[from] move: Defog|[of] p2a: Empoleon
|
|-heal|p2a: Empoleon|128\/372|[from] item: Leftovers
|turn|3
|
|move|p1a: Garchomp|Stealth Rock|p2a: Empoleon
|-sidestart|p2: Savage Alby|move: Stealth Rock
|move|p2a: Empoleon|Defog|p1a: Garchomp
|-unboost|p1a: Garchomp|evasion|1
|-sideend|p2: Savage Alby|Stealth Rock|[from] move: Defog|[of] p2a: Empoleon
|
|-heal|p2a: Empoleon|151\/372|[from] item: Leftovers
|turn|4
|
|move|p1a: Garchomp|Stealth Rock|p2a: Empoleon
|-sidestart|p2: Savage Alby|move: Stealth Rock
|move|p2a: Empoleon|Defog|p1a: Garchomp
|-unboost|p1a: Garchomp|evasion|1
|-sideend|p2: Savage Alby|Stealth Rock|[from] move: Defog|[of] p2a: Empoleon
|
|-heal|p2a: Empoleon|174\/372|[from] item: Leftovers
|turn|5
|
|move|p1a: Garchomp|Earthquake|p2a: Empoleon
|-supereffective|p2a: Empoleon
|-damage|p2a: Empoleon|0 fnt
|faint|p2a: Empoleon
|
|
|switch|p2a: Thundurus|Thundurus, M|299\/299
|turn|6
|
|switch|p1a: Sylveon|Sylveon, M|392\/392
|move|p2a: Thundurus|Hidden Power|p1a: Sylveon
|-damage|p1a: Sylveon|337\/392
|
|turn|7
|
|move|p2a: Thundurus|Thunder Wave|p1a: Sylveon
|-status|p1a: Sylveon|par
|move|p1a: Sylveon|Hidden Power|p2a: Thundurus
|-damage|p2a: Thundurus|172\/299
|
|-heal|p2a: Thundurus|190\/299|[from] item: Leftovers
|turn|8
|
|switch|p2a: Entei|Entei, shiny|371\/371
|-ability|p2a: Entei|Pressure
|move|p1a: Sylveon|Hidden Power|p2a: Entei
|-resisted|p2a: Entei
|-damage|p2a: Entei|337\/371
|
|turn|9
|
|switch|p1a: Klefki|Klefki, F|318\/318
|move|p2a: Entei|Sacred Fire|p1a: Klefki
|-supereffective|p1a: Klefki
|-damage|p1a: Klefki|40\/318
|
|-heal|p1a: Klefki|59\/318|[from] item: Leftovers
|turn|10
|
|move|p1a: Klefki|Spikes|p2a: Entei
|-sidestart|p2: Savage Alby|Spikes
|move|p2a: Entei|Sacred Fire|p1a: Klefki
|-supereffective|p1a: Klefki
|-damage|p1a: Klefki|0 fnt
|faint|p1a: Klefki
|
|
|switch|p1a: Garchomp|Garchomp, M|162\/357
|turn|11
|
|move|p1a: Garchomp|Earthquake|p2a: Entei
|-supereffective|p2a: Entei
|-damage|p2a: Entei|0 fnt
|faint|p2a: Entei
|
|
|switch|p2a: Keldeo|Keldeo|323\/323
|-damage|p2a: Keldeo|283\/323|[from] Spikes
|turn|12
|
|move|p2a: Keldeo|Scald|p1a: Garchomp
|-damage|p1a: Garchomp|0 fnt
|faint|p1a: Garchomp
|
|
|switch|p1a: Gyarados|Gyarados, M|353\/353
|-ability|p1a: Gyarados|Intimidate|[of] p2a: Keldeo
|-unboost|p2a: Keldeo|atk|1
|turn|13
|
|switch|p2a: Thundurus|Thundurus, M|190\/299
|move|p1a: Gyarados|Waterfall|p2a: Thundurus
|-crit|p2a: Thundurus
|-damage|p2a: Thundurus|0 fnt
|faint|p2a: Thundurus
|
|
|switch|p2a: Scizor|Scizor, M|307\/307
|-damage|p2a: Scizor|269\/307|[from] Spikes
|turn|14
|
|detailschange|p2a: Scizor|Scizor-Mega, M
|message|Scizor has Mega Evolved into Mega Scizor!
|move|p1a: Gyarados|Dragon Dance|p1a: Gyarados
|-boost|p1a: Gyarados|atk|1
|-boost|p1a: Gyarados|spe|1
|move|p2a: Scizor|Swords Dance|p2a: Scizor
|-boost|p2a: Scizor|atk|2
|
|turn|15
|
|move|p1a: Gyarados|Dragon Dance|p1a: Gyarados
|-boost|p1a: Gyarados|atk|1
|-boost|p1a: Gyarados|spe|1
|move|p2a: Scizor|Bug Bite|p1a: Gyarados
|-resisted|p1a: Gyarados
|-damage|p1a: Gyarados|106\/353
|
|-heal|p1a: Gyarados|128\/353|[from] item: Leftovers
|turn|16
|
|move|p2a: Scizor|Bullet Punch|p1a: Gyarados
|-resisted|p1a: Gyarados
|-damage|p1a: Gyarados|0 fnt
|faint|p1a: Gyarados
|
|
|switch|p1a: Bisharp|Bisharp, F|272\/272
|turn|17
|
|switch|p1a: Sylveon|Sylveon, M|337\/392 par
|move|p2a: Scizor|Superpower|p1a: Sylveon
|-crit|p1a: Sylveon
|-resisted|p1a: Sylveon
|-damage|p1a: Sylveon|0 fnt
|-unboost|p2a: Scizor|atk|1
|-unboost|p2a: Scizor|def|1
|faint|p1a: Sylveon
|
|
|switch|p1a: Bisharp|Bisharp, F|272\/272
|turn|18
|
|move|p1a: Bisharp|Sucker Punch|p2a: Scizor
|-damage|p2a: Scizor|70\/307
|-damage|p1a: Bisharp|245\/272|[from] item: Life Orb
|move|p2a: Scizor|Superpower|p1a: Bisharp
|-supereffective|p1a: Bisharp
|-damage|p1a: Bisharp|0 fnt
|-unboost|p2a: Scizor|atk|1
|-unboost|p2a: Scizor|def|1
|faint|p1a: Bisharp
|
|
|switch|p1a: Gallade|Gallade, M|277\/277
|turn|19
|
|detailschange|p1a: Gallade|Gallade-Mega, M
|message|Gallade has Mega Evolved into Mega Gallade!
|move|p2a: Scizor|Bullet Punch|p1a: Gallade
|-damage|p1a: Gallade|133\/277
|move|p1a: Gallade|Zen Headbutt|p2a: Scizor
|-resisted|p2a: Scizor
|-damage|p2a: Scizor|0 fnt
|faint|p2a: Scizor
|
|
|switch|p2a: Bisharp|Bisharp, M, shiny|271\/271
|-damage|p2a: Bisharp|238\/271|[from] Spikes
|turn|20
|
|move|p1a: Gallade|Swords Dance|p1a: Gallade
|-boost|p1a: Gallade|atk|2
|move|p2a: Bisharp|Taunt|p1a: Gallade
|-start|p1a: Gallade|move: Taunt
|
|turn|21
|
|move|p2a: Bisharp|Sucker Punch|p1a: Gallade
|-damage|p1a: Gallade|0 fnt
|faint|p1a: Gallade
|
|win|Savage Alby
|raw|Ladder updating...
|c|âSavage Alby|0 mind games
|c|âSavage Alby|gg
|c|âcosmic mind|actually 1m ind game