|join|Savage Alby
|join|Jezeba
|player|p1|Savage Alby|44
|player|p2|Jezeba|265
|gametype|singles
|gen|6
|tier|OU
|rated
|clearpoke
|poke|p1|Bisharp, M
|poke|p1|Thundurus, M
|poke|p1|Empoleon, F
|poke|p1|Gengar, M
|poke|p1|Scizor, F
|poke|p1|Gastrodon, F
|poke|p2|Sylveon, F
|poke|p2|Sceptile, M
|poke|p2|Empoleon, F
|poke|p2|Gliscor, M
|poke|p2|Magnezone
|poke|p2|Conkeldurr, M
|rule|Swagger Clause: Swagger is banned
|rule|Baton Pass Clause: Limit one PokÃ©mon knowing Baton Pass
|rule|Sleep Clause Mod: Limit one foe put to sleep
|rule|Species Clause: Limit one of each PokÃ©mon
|rule|OHKO Clause: OHKO moves are banned
|rule|Moody Clause: Moody is banned
|rule|Evasion Moves Clause: Evasion moves are banned
|rule|Endless Battle Clause: Forcing endless battles is banned
|rule|HP Percentage Mod: HP is shown in percentages
|teampreview
|
|start
|switch|p1a: Gengar|Gengar, M|261\/261
|switch|p2a: Conkeldurr|Conkeldurr, M|353\/353
|turn|1
|
|switch|p1a: Scizor|Scizor, F|344\/344
|move|p2a: Conkeldurr|Knock Off|p1a: Scizor
|-damage|p1a: Scizor|274\/344
|
|turn|2
|
|switch|p2a: Gliscor|Gliscor, M|354\/354
|detailschange|p1a: Scizor|Scizor-Mega, F
|message|Scizor has Mega Evolved into Mega Scizor!
|move|p1a: Scizor|U-turn|p2a: Gliscor
|-resisted|p2a: Gliscor
|-damage|p2a: Gliscor|314\/354
|
|switch|p1a: Gastrodon|Gastrodon, F|426\/426
|
|-status|p2a: Gliscor|tox|[from] item: Toxic Orb
|turn|3
|
|switch|p2a: Conkeldurr|Conkeldurr, M|353\/353
|switch|p1a: Gengar|Gengar, M|261\/261
|
|turn|4
|
|switch|p1a: Empoleon|Empoleon, F|371\/371
|move|p2a: Conkeldurr|Knock Off|p1a: Empoleon
|-damage|p1a: Empoleon|243\/371
|-enditem|p1a: Empoleon|Leftovers|[from] move: Knock Off|[of] p2a: Conkeldurr
|
|turn|5
|
|move|p1a: Empoleon|Stealth Rock|p2a: Conkeldurr
|-sidestart|p2: Jezeba|move: Stealth Rock
|move|p2a: Conkeldurr|Drain Punch|p1a: Empoleon
|-supereffective|p1a: Empoleon
|-damage|p1a: Empoleon|0 fnt
|faint|p1a: Empoleon
|
|
|switch|p1a: Gastrodon|Gastrodon, F|426\/426
|turn|6
|
|move|p2a: Conkeldurr|Knock Off|p1a: Gastrodon
|-damage|p1a: Gastrodon|304\/426
|-enditem|p1a: Gastrodon|Leftovers|[from] move: Knock Off|[of] p2a: Conkeldurr
|move|p1a: Gastrodon|Toxic|p2a: Conkeldurr|[miss]
|-miss|p1a: Gastrodon|p2a: Conkeldurr
|
|turn|7
|
|move|p2a: Conkeldurr|Drain Punch|p1a: Gastrodon
|-damage|p1a: Gastrodon|166\/426
|move|p1a: Gastrodon|Toxic|p2a: Conkeldurr
|-status|p2a: Conkeldurr|tox
|
|-damage|p2a: Conkeldurr|331\/353 tox|[from] psn
|turn|8
|
|move|p2a: Conkeldurr|Drain Punch|p1a: Gastrodon
|-damage|p1a: Gastrodon|0 fnt
|-heal|p2a: Conkeldurr|353\/353 tox|[from] drain|[of] p1a: Gastrodon
|faint|p1a: Gastrodon
|
|-damage|p2a: Conkeldurr|309\/353 tox|[from] psn
|
|switch|p1a: Scizor|Scizor-Mega, F|274\/344
|turn|9
|
|move|p1a: Scizor|Roost|p1a: Scizor
|-heal|p1a: Scizor|344\/344
|move|p2a: Conkeldurr|Drain Punch|p1a: Scizor
|-damage|p1a: Scizor|194\/344
|-heal|p2a: Conkeldurr|353\/353 tox|[from] drain|[of] p1a: Scizor
|
|-damage|p2a: Conkeldurr|287\/353 tox|[from] psn
|turn|10
|
|switch|p2a: Sceptile|Sceptile, M|281\/281
|-damage|p2a: Sceptile|246\/281|[from] Stealth Rock
|move|p1a: Scizor|U-turn|p2a: Sceptile
|-supereffective|p2a: Sceptile
|-damage|p2a: Sceptile|0 fnt
|faint|p2a: Sceptile
|
|switch|p1a: Bisharp|Bisharp, M|271\/271
|
|
|switch|p2a: Magnezone|Magnezone|281\/281
|-damage|p2a: Magnezone|264\/281|[from] Stealth Rock
|turn|11
|
|move|p2a: Magnezone|Thunderbolt|p1a: Bisharp
|-damage|p1a: Bisharp|0 fnt
|faint|p1a: Bisharp
|
|
|switch|p1a: Gengar|Gengar, M|261\/261
|turn|12
|
|move|p1a: Gengar|Shadow Ball|p2a: Magnezone
|-damage|p2a: Magnezone|53\/281
|-damage|p1a: Gengar|235\/261|[from] item: Life Orb
|move|p2a: Magnezone|Thunderbolt|p1a: Gengar
|-damage|p1a: Gengar|0 fnt
|faint|p1a: Gengar
|
|
|switch|p1a: Thundurus|Thundurus, M|299\/299
|turn|13
|
|move|p1a: Thundurus|Thunderbolt|p2a: Magnezone
|-resisted|p2a: Magnezone
|-damage|p2a: Magnezone|0 fnt
|faint|p2a: Magnezone
|
|
|switch|p2a: Conkeldurr|Conkeldurr, M|287\/353 tox
|-damage|p2a: Conkeldurr|265\/353 tox|[from] Stealth Rock
|turn|14
|
|switch|p1a: Scizor|Scizor-Mega, F|194\/344
|move|p2a: Conkeldurr|Rock Slide|p1a: Scizor
|-damage|p1a: Scizor|102\/344
|
|-damage|p2a: Conkeldurr|243\/353 tox|[from] psn
|turn|15
|
|move|p1a: Scizor|Roost|p1a: Scizor
|-heal|p1a: Scizor|274\/344
|move|p2a: Conkeldurr|Drain Punch|p1a: Scizor
|-damage|p1a: Scizor|142\/344
|-heal|p2a: Conkeldurr|309\/353 tox|[from] drain|[of] p1a: Scizor
|
|-damage|p2a: Conkeldurr|265\/353 tox|[from] psn
|turn|16
|
|switch|p2a: Empoleon|Empoleon, F|372\/372
|-damage|p2a: Empoleon|349\/372|[from] Stealth Rock
|move|p1a: Scizor|Roost|p1a: Scizor
|-heal|p1a: Scizor|314\/344
|
|-heal|p2a: Empoleon|372\/372|[from] item: Leftovers
|turn|17
|
|move|p1a: Scizor|U-turn|p2a: Empoleon
|-resisted|p2a: Empoleon
|-damage|p2a: Empoleon|315\/372
|
|switch|p1a: Thundurus|Thundurus, M|299\/299
|move|p2a: Empoleon|Scald|p1a: Thundurus
|-damage|p1a: Thundurus|176\/299
|
|-heal|p1a: Thundurus|194\/299|[from] item: Leftovers
|-heal|p2a: Empoleon|338\/372|[from] item: Leftovers
|turn|18
|
|switch|p1a: Scizor|Scizor-Mega, F|314\/344
|switch|p2a: Conkeldurr|Conkeldurr, M|265\/353 tox
|-damage|p2a: Conkeldurr|243\/353 tox|[from] Stealth Rock
|
|-damage|p2a: Conkeldurr|221\/353 tox|[from] psn
|turn|19
|
|move|p1a: Scizor|Swords Dance|p1a: Scizor
|-boost|p1a: Scizor|atk|2
|move|p2a: Conkeldurr|Rock Slide|p1a: Scizor
|-damage|p1a: Scizor|219\/344
|
|-damage|p2a: Conkeldurr|177\/353 tox|[from] psn
|turn|20
|
|move|p1a: Scizor|Roost|p1a: Scizor
|-heal|p1a: Scizor|344\/344
|move|p2a: Conkeldurr|Drain Punch|p1a: Scizor
|-damage|p1a: Scizor|208\/344
|-heal|p2a: Conkeldurr|245\/353 tox|[from] drain|[of] p1a: Scizor
|
|-damage|p2a: Conkeldurr|179\/353 tox|[from] psn
|turn|21
|
|switch|p2a: Empoleon|Empoleon, F|338\/372
|-damage|p2a: Empoleon|315\/372|[from] Stealth Rock
|move|p1a: Scizor|Roost|p1a: Scizor
|-heal|p1a: Scizor|344\/344
|
|-heal|p2a: Empoleon|338\/372|[from] item: Leftovers
|turn|22
|
|move|p1a: Scizor|U-turn|p2a: Empoleon
|-resisted|p2a: Empoleon
|-damage|p2a: Empoleon|216\/372
|
|switch|p1a: Thundurus|Thundurus, M|194\/299
|move|p2a: Empoleon|Roar|p1a: Thundurus
|drag|p1a: Scizor|Scizor-Mega, F|344\/344
|
|-heal|p2a: Empoleon|239\/372|[from] item: Leftovers
|turn|23
|
|move|p1a: Scizor|U-turn|p2a: Empoleon
|-resisted|p2a: Empoleon
|-damage|p2a: Empoleon|176\/372
|
|switch|p1a: Thundurus|Thundurus, M|194\/299
|move|p2a: Empoleon|Stealth Rock|p1a: Thundurus
|-sidestart|p1: Savage Alby|move: Stealth Rock
|
|-heal|p1a: Thundurus|212\/299|[from] item: Leftovers
|-heal|p2a: Empoleon|199\/372|[from] item: Leftovers
|turn|24
|
|switch|p2a: Conkeldurr|Conkeldurr, M|179\/353 tox
|-damage|p2a: Conkeldurr|157\/353 tox|[from] Stealth Rock
|move|p1a: Thundurus|Thunderbolt|p2a: Conkeldurr
|-damage|p2a: Conkeldurr|51\/353 tox
|
|-heal|p1a: Thundurus|230\/299|[from] item: Leftovers
|-damage|p2a: Conkeldurr|29\/353 tox|[from] psn
|turn|25
|
|move|p2a: Conkeldurr|Mach Punch|p1a: Thundurus
|-resisted|p1a: Thundurus
|-damage|p1a: Thundurus|154\/299
|move|p1a: Thundurus|Thunderbolt|p2a: Conkeldurr
|-damage|p2a: Conkeldurr|0 fnt
|faint|p2a: Conkeldurr
|
|-heal|p1a: Thundurus|172\/299|[from] item: Leftovers
|
|switch|p2a: Sylveon|Sylveon, F|394\/394
|-damage|p2a: Sylveon|345\/394|[from] Stealth Rock
|turn|26
|
|move|p1a: Thundurus|Thunder Wave|p2a: Sylveon
|-status|p2a: Sylveon|par
|cant|p2a: Sylveon|par
|
|-heal|p1a: Thundurus|190\/299|[from] item: Leftovers
|-heal|p2a: Sylveon|369\/394 par|[from] item: Leftovers
|turn|27
|
|switch|p1a: Scizor|Scizor-Mega, F|344\/344
|-damage|p1a: Scizor|301\/344|[from] Stealth Rock
|switch|p2a: Gliscor|Gliscor, M|314\/354 tox
|-damage|p2a: Gliscor|270\/354 tox|[from] Stealth Rock
|
|-heal|p2a: Gliscor|314\/354 tox|[from] ability: Poison Heal
|turn|28
|
|move|p2a: Gliscor|Taunt|p1a: Scizor
|-start|p1a: Scizor|move: Taunt
|cant|p1a: Scizor|move: Taunt|Swords Dance
|
|-heal|p2a: Gliscor|354\/354 tox|[from] ability: Poison Heal
|turn|29
|
|move|p1a: Scizor|Bullet Punch|p2a: Gliscor
|-damage|p2a: Gliscor|284\/354 tox
|move|p2a: Gliscor|Knock Off|p1a: Scizor
|-damage|p1a: Scizor|273\/344
|
|-heal|p2a: Gliscor|328\/354 tox|[from] ability: Poison Heal
|turn|30
|
|move|p2a: Gliscor|Earthquake|p1a: Scizor
|-damage|p1a: Scizor|201\/344
|move|p1a: Scizor|U-turn|p2a: Gliscor
|-resisted|p2a: Gliscor
|-damage|p2a: Gliscor|291\/354 tox
|
|switch|p1a: Thundurus|Thundurus, M|190\/299
|-damage|p1a: Thundurus|116\/299|[from] Stealth Rock
|
|-heal|p1a: Thundurus|134\/299|[from] item: Leftovers
|-heal|p2a: Gliscor|335\/354 tox|[from] ability: Poison Heal
|turn|31
|
|switch|p2a: Sylveon|Sylveon, F|369\/394 par
|-damage|p2a: Sylveon|320\/394 par|[from] Stealth Rock
|move|p1a: Thundurus|Thunderbolt|p2a: Sylveon
|-damage|p2a: Sylveon|188\/394 par
|
|-heal|p1a: Thundurus|152\/299|[from] item: Leftovers
|-heal|p2a: Sylveon|212\/394 par|[from] item: Leftovers
|turn|32
|
|move|p1a: Thundurus|Thunderbolt|p2a: Sylveon
|-damage|p2a: Sylveon|79\/394 par
|move|p2a: Sylveon|Wish|p2a: Sylveon
|
|-heal|p1a: Thundurus|170\/299|[from] item: Leftovers
|-heal|p2a: Sylveon|103\/394 par|[from] item: Leftovers
|turn|33
|
|move|p1a: Thundurus|Thunderbolt|p2a: Sylveon
|-damage|p2a: Sylveon|0 fnt
|faint|p2a: Sylveon
|
|-heal|p1a: Thundurus|188\/299|[from] item: Leftovers
|
|switch|p2a: Gliscor|Gliscor, M|335\/354 tox
|-damage|p2a: Gliscor|291\/354 tox|[from] Stealth Rock
|turn|34
|
|move|p1a: Thundurus|Hidden Power|p2a: Gliscor
|-crit|p2a: Gliscor
|-supereffective|p2a: Gliscor
|-damage|p2a: Gliscor|0 fnt
|faint|p2a: Gliscor
|
|-heal|p1a: Thundurus|206\/299|[from] item: Leftovers
|-message|Jezeba forfeited.
|
|win|Savage Alby
|raw|Ladder updating...
|leave|Jezeba
|player|p2
|raw|Savage Alby's rating: 1477 &rarr; <strong>1495<\/strong><br \/>(+18 for winning)
|raw|Jezeba's rating: 1445 &rarr; <strong>1427<\/strong><br \/>(-18 for losing)