|join|Invok3r
|join|Savage Alby
|player|p1|Invok3r|250
|player|p2|Savage Alby|44
|gametype|singles
|gen|6
|tier|OU
|rated
|clearpoke
|poke|p1|Charizard, F
|poke|p1|Greninja, M
|poke|p1|Clefable, F
|poke|p1|Tyranitar, M
|poke|p1|Ferrothorn, M
|poke|p1|Excadrill, M
|poke|p2|Metagross
|poke|p2|Azumarill, F
|poke|p2|Raikou, shiny
|poke|p2|Victini
|poke|p2|Mamoswine, F
|poke|p2|Keldeo
|rule|Swagger Clause: Swagger is banned
|rule|Baton Pass Clause: Limit one PokÃ©mon knowing Baton Pass
|rule|Sleep Clause Mod: Limit one foe put to sleep
|rule|Species Clause: Limit one of each PokÃ©mon
|rule|OHKO Clause: OHKO moves are banned
|rule|Moody Clause: Moody is banned
|rule|Evasion Moves Clause: Evasion moves are banned
|rule|Endless Battle Clause: Forcing endless battles is banned
|rule|HP Percentage Mod: HP is shown in percentages
|teampreview
|
|start
|switch|p1a: Ferrothorn|Ferrothorn, M|352\/352
|switch|p2a: Victini|Victini|341\/341
|turn|1
|
|move|p1a: Ferrothorn|Protect|p1a: Ferrothorn
|-singleturn|p1a: Ferrothorn|Protect
|move|p2a: Victini|Blue Flare|p1a: Ferrothorn
|-activate|p1a: Ferrothorn|Protect
|
|turn|2
|
|switch|p1a: Tyranitar|Tyranitar, M|404\/404
|-weather|Sandstorm
|move|p2a: Victini|Blue Flare|p1a: Tyranitar
|-resisted|p1a: Tyranitar
|-damage|p1a: Tyranitar|338\/404
|
|-weather|Sandstorm|[upkeep]
|-damage|p2a: Victini|320\/341|[from] sandstorm
|turn|3
|
|move|p2a: Victini|Grass Knot|p1a: Tyranitar
|-supereffective|p1a: Tyranitar
|-damage|p1a: Tyranitar|154\/404
|move|p1a: Tyranitar|Pursuit|p2a: Victini
|-supereffective|p2a: Victini
|-damage|p2a: Victini|68\/341
|
|-weather|Sandstorm|[upkeep]
|-damage|p2a: Victini|47\/341|[from] sandstorm
|turn|4
|
|switch|p1a: Charizard|Charizard, F|311\/311
|move|p2a: Victini|Blue Flare|p1a: Charizard|[miss]
|-miss|p2a: Victini|p1a: Charizard
|
|-weather|Sandstorm|[upkeep]
|-damage|p2a: Victini|26\/341|[from] sandstorm
|-damage|p1a: Charizard|292\/311|[from] sandstorm
|turn|5
|
|detailschange|p1a: Charizard|Charizard-Mega-Y, F
|message|Charizard has Mega Evolved into Mega Charizard!
|-weather|SunnyDay
|move|p2a: Victini|Glaciate|p1a: Charizard
|-damage|p1a: Charizard|230\/311
|-unboost|p1a: Charizard|spe|1
|move|p1a: Charizard|Earthquake|p2a: Victini
|-supereffective|p2a: Victini
|-damage|p2a: Victini|0 fnt
|faint|p2a: Victini
|
|-weather|SunnyDay|[upkeep]
|
|switch|p2a: Mamoswine|Mamoswine, F|361\/361
|turn|6
|
|move|p2a: Mamoswine|Stealth Rock|p1a: Charizard
|-sidestart|p1: Invok3r|move: Stealth Rock
|move|p1a: Charizard|Solar Beam|p2a: Mamoswine|[still]
|-prepare|p1a: Charizard|Solar Beam|p2a: Mamoswine
|-anim|p1a: Charizard|Solar Beam|p2a: Mamoswine
|-supereffective|p2a: Mamoswine
|-damage|p2a: Mamoswine|0 fnt
|faint|p2a: Mamoswine
|
|-weather|SunnyDay|[upkeep]
|
|switch|p2a: Metagross|Metagross|301\/301
|turn|7
|
|detailschange|p2a: Metagross|Metagross-Mega
|message|Metagross has Mega Evolved into Mega Metagross!
|move|p2a: Metagross|Zen Headbutt|p1a: Charizard
|-damage|p1a: Charizard|0 fnt
|faint|p1a: Charizard
|
|-weather|SunnyDay|[upkeep]
|
|switch|p1a: Ferrothorn|Ferrothorn, M|352\/352
|-damage|p1a: Ferrothorn|330\/352|[from] Stealth Rock
|turn|8
|
|move|p2a: Metagross|Hammer Arm|p1a: Ferrothorn
|-supereffective|p1a: Ferrothorn
|-damage|p1a: Ferrothorn|110\/352
|-damage|p2a: Metagross|264\/301|[from] ability: Iron Barbs|[of] p1a: Ferrothorn
|-unboost|p2a: Metagross|spe|1
|move|p1a: Ferrothorn|Stealth Rock|p2a: Metagross
|-sidestart|p2: Savage Alby|move: Stealth Rock
|
|-weather|SunnyDay|[upkeep]
|turn|9
|
|move|p2a: Metagross|Hammer Arm|p1a: Ferrothorn
|-supereffective|p1a: Ferrothorn
|-damage|p1a: Ferrothorn|0 fnt
|-damage|p2a: Metagross|227\/301|[from] ability: Iron Barbs|[of] p1a: Ferrothorn
|-unboost|p2a: Metagross|spe|1
|faint|p1a: Ferrothorn
|
|-weather|none
|
|switch|p1a: Excadrill|Excadrill, M|362\/362
|-damage|p1a: Excadrill|351\/362|[from] Stealth Rock
|turn|10
|
|move|p1a: Excadrill|Earthquake|p2a: Metagross
|-crit|p2a: Metagross
|-supereffective|p2a: Metagross
|-damage|p2a: Metagross|0 fnt
|-damage|p1a: Excadrill|315\/362|[from] item: Life Orb
|faint|p2a: Metagross
|
|
|switch|p2a: Keldeo|Keldeo|323\/323
|-damage|p2a: Keldeo|303\/323|[from] Stealth Rock
|turn|11
|
|switch|p1a: Clefable|Clefable, F|394\/394
|move|p2a: Keldeo|Scald|p1a: Clefable
|-damage|p1a: Clefable|174\/394
|-status|p1a: Clefable|brn
|
|-heal|p1a: Clefable|198\/394 brn|[from] item: Leftovers
|turn|12
|
|switch|p1a: Tyranitar|Tyranitar, M|154\/404
|-damage|p1a: Tyranitar|104\/404|[from] Stealth Rock
|-weather|Sandstorm
|move|p2a: Keldeo|Scald|p1a: Tyranitar
|-supereffective|p1a: Tyranitar
|-damage|p1a: Tyranitar|0 fnt
|faint|p1a: Tyranitar
|
|-weather|Sandstorm|[upkeep]
|-damage|p2a: Keldeo|283\/323|[from] sandstorm
|
|switch|p1a: Excadrill|Excadrill, M|315\/362
|-damage|p1a: Excadrill|304\/362|[from] Stealth Rock
|turn|13
|
|move|p1a: Excadrill|Earthquake|p2a: Keldeo
|-crit|p2a: Keldeo
|-damage|p2a: Keldeo|0 fnt
|-damage|p1a: Excadrill|268\/362|[from] item: Life Orb
|faint|p2a: Keldeo
|
|-weather|Sandstorm|[upkeep]
|
|switch|p2a: Azumarill|Azumarill, F|347\/347
|-damage|p2a: Azumarill|304\/347|[from] Stealth Rock
|turn|14
|
|switch|p1a: Clefable|Clefable, F|198\/394 brn
|move|p2a: Azumarill|Play Rough|p1a: Clefable
|-damage|p1a: Clefable|26\/394 brn
|
|-weather|Sandstorm|[upkeep]
|-damage|p2a: Azumarill|283\/347|[from] sandstorm
|-heal|p1a: Clefable|50\/394 brn|[from] item: Leftovers
|turn|15
|
|move|p2a: Azumarill|Belly Drum|p2a: Azumarill
|-damage|p2a: Azumarill|110\/347
|-setboost|p2a: Azumarill|atk|6|[from] move: Belly Drum
|-enditem|p2a: Azumarill|Sitrus Berry|[eat]
|-heal|p2a: Azumarill|196\/347|[from] item: Sitrus Berry
|move|p1a: Clefable|Soft-Boiled|p1a: Clefable
|-heal|p1a: Clefable|247\/394 brn
|
|-weather|Sandstorm|[upkeep]
|-damage|p2a: Azumarill|175\/347|[from] sandstorm
|-heal|p1a: Clefable|271\/394 brn|[from] item: Leftovers
|turn|16
|
|move|p2a: Azumarill|Play Rough|p1a: Clefable
|-damage|p1a: Clefable|0 fnt
|faint|p1a: Clefable
|
|-weather|none
|
|switch|p1a: Greninja|Greninja, M|285\/285
|-damage|p1a: Greninja|250\/285|[from] Stealth Rock
|turn|17
|
|move|p2a: Azumarill|Aqua Jet|p1a: Greninja
|-resisted|p1a: Greninja
|-damage|p1a: Greninja|12\/285
|move|p1a: Greninja|Gunk Shot|p2a: Azumarill
|-start|p1a: Greninja|typechange|Poison|[from] Protean
|-crit|p2a: Azumarill
|-supereffective|p2a: Azumarill
|-damage|p2a: Azumarill|0 fnt
|-damage|p1a: Greninja|0 fnt|[from] item: Life Orb
|faint|p2a: Azumarill
|faint|p1a: Greninja
|
|
|switch|p1a: Excadrill|Excadrill, M|268\/362
|switch|p2a: Raikou|Raikou, shiny|321\/321
|-damage|p2a: Raikou|281\/321|[from] Stealth Rock
|-ability|p2a: Raikou|Pressure
|-damage|p1a: Excadrill|257\/362|[from] Stealth Rock
|turn|18
|
|move|p2a: Raikou|Aura Sphere|p1a: Excadrill
|-supereffective|p1a: Excadrill
|-damage|p1a: Excadrill|0 fnt
|faint|p1a: Excadrill
|
|win|Savage Alby
|raw|Ladder updating...
|raw|Invok3r's rating: 1660 &rarr; <strong>1637<\/strong><br \/>(-23 for losing)
|raw|Savage Alby's rating: 1616 &rarr; <strong>1639<\/strong><br \/>(+23 for winning)