|join|Savage Alby
|join|Ill leave
|player|p1|Savage Alby|101
|player|p2|Ill leave|10
|gametype|singles
|gen|6
|tier|OU
|rated
|clearpoke
|poke|p1|Sableye, F
|poke|p1|Rotom-Wash
|poke|p1|Latios, M
|poke|p1|Landorus, M
|poke|p1|Jirachi
|poke|p1|Bisharp, F
|poke|p2|Gyarados, F
|poke|p2|Conkeldurr, M
|poke|p2|Talonflame, M
|poke|p2|Latias, F
|poke|p2|Azumarill, F
|poke|p2|Heatran, M
|rule|Swagger Clause: Swagger is banned
|rule|Baton Pass Clause: Limit one PokÃ©mon knowing Baton Pass
|rule|Sleep Clause Mod: Limit one foe put to sleep
|rule|Species Clause: Limit one of each PokÃ©mon
|rule|OHKO Clause: OHKO moves are banned
|rule|Moody Clause: Moody is banned
|rule|Evasion Moves Clause: Evasion moves are banned
|rule|Endless Battle Clause: Forcing endless battles is banned
|rule|HP Percentage Mod: HP is shown in percentages
|teampreview
|
|start
|switch|p1a: Jirachi|Jirachi|403\/403
|switch|p2a: Conkeldurr|Conkeldurr, M|389\/389
|turn|1
|
|move|p1a: Jirachi|Stealth Rock|p2a: Conkeldurr
|-sidestart|p2: Ill leave|move: Stealth Rock
|move|p2a: Conkeldurr|Knock Off|p1a: Jirachi
|-supereffective|p1a: Jirachi
|-damage|p1a: Jirachi|113\/403
|-enditem|p1a: Jirachi|Leftovers|[from] move: Knock Off|[of] p2a: Conkeldurr
|
|turn|2
|
|switch|p1a: Sableye|Sableye, F|303\/303
|move|p2a: Conkeldurr|Knock Off|p1a: Sableye
|-crit|p1a: Sableye
|-damage|p1a: Sableye|189\/303
|
|turn|3
|
|switch|p2a: Heatran|Heatran, M|386\/386
|-damage|p2a: Heatran|338\/386|[from] Stealth Rock
|move|p1a: Sableye|Mean Look|p2a: Heatran
|-activate|p2a: Heatran|trapped
|
|-heal|p2a: Heatran|362\/386|[from] item: Leftovers
|turn|4
|
|detailschange|p1a: Sableye|Sableye-Mega, F
|message|Sableye has Mega Evolved into Mega Sableye!
|move|p1a: Sableye|Recover|p1a: Sableye
|-heal|p1a: Sableye|303\/303
|move|p2a: Heatran|Toxic|p1a: Sableye
|move|p1a: Sableye|Toxic|p2a: Heatran|[from]Magic Bounce
|-fail|p2a: Heatran
|
|-heal|p2a: Heatran|386\/386|[from] item: Leftovers
|turn|5
|
|switch|p1a: Rotom-Wash|Rotom-Wash|303\/303
|move|p2a: Heatran|Lava Plume|p1a: Rotom-Wash
|-resisted|p1a: Rotom-Wash
|-damage|p1a: Rotom-Wash|246\/303
|
|-heal|p1a: Rotom-Wash|264\/303|[from] item: Leftovers
|turn|6
|
|move|p1a: Rotom-Wash|Hydro Pump|p2a: Heatran
|-supereffective|p2a: Heatran
|-damage|p2a: Heatran|176\/386
|move|p2a: Heatran|Stealth Rock|p1a: Rotom-Wash
|-sidestart|p1: Savage Alby|move: Stealth Rock
|
|-heal|p1a: Rotom-Wash|282\/303|[from] item: Leftovers
|-heal|p2a: Heatran|200\/386|[from] item: Leftovers
|turn|7
|
|switch|p2a: Conkeldurr|Conkeldurr, M|389\/389
|-damage|p2a: Conkeldurr|365\/389|[from] Stealth Rock
|move|p1a: Rotom-Wash|Thunder Wave|p2a: Conkeldurr
|-status|p2a: Conkeldurr|par
|
|-heal|p1a: Rotom-Wash|300\/303|[from] item: Leftovers
|turn|8
|
|move|p1a: Rotom-Wash|Volt Switch|p2a: Conkeldurr
|-damage|p2a: Conkeldurr|299\/389 par
|
|switch|p1a: Sableye|Sableye-Mega, F|303\/303
|-damage|p1a: Sableye|266\/303|[from] Stealth Rock
|move|p2a: Conkeldurr|Knock Off|p1a: Sableye
|-damage|p1a: Sableye|177\/303
|
|turn|9
|
|switch|p2a: Azumarill|Azumarill, F|401\/401
|-damage|p2a: Azumarill|351\/401|[from] Stealth Rock
|move|p1a: Sableye|Recover|p1a: Sableye
|-heal|p1a: Sableye|303\/303
|
|turn|10
|
|switch|p1a: Rotom-Wash|Rotom-Wash|300\/303
|-damage|p1a: Rotom-Wash|263\/303|[from] Stealth Rock
|move|p2a: Azumarill|Play Rough|p1a: Rotom-Wash|[miss]
|-miss|p2a: Azumarill|p1a: Rotom-Wash
|
|-heal|p1a: Rotom-Wash|281\/303|[from] item: Leftovers
|turn|11
|
|move|p1a: Rotom-Wash|Volt Switch|p2a: Azumarill
|-supereffective|p2a: Azumarill
|-damage|p2a: Azumarill|219\/401
|
|switch|p1a: Jirachi|Jirachi|113\/403
|-damage|p1a: Jirachi|88\/403|[from] Stealth Rock
|move|p2a: Azumarill|Play Rough|p1a: Jirachi
|-resisted|p1a: Jirachi
|-damage|p1a: Jirachi|0 fnt
|faint|p1a: Jirachi
|
|
|switch|p1a: Bisharp|Bisharp, F|271\/271
|-damage|p1a: Bisharp|255\/271|[from] Stealth Rock
|turn|12
|
|switch|p2a: Heatran|Heatran, M|200\/386
|-damage|p2a: Heatran|152\/386|[from] Stealth Rock
|move|p1a: Bisharp|Iron Head|p2a: Heatran
|-resisted|p2a: Heatran
|-damage|p2a: Heatran|116\/386
|
|-heal|p2a: Heatran|140\/386|[from] item: Leftovers
|turn|13
|
|move|p1a: Bisharp|Knock Off|p2a: Heatran
|-crit|p2a: Heatran
|-damage|p2a: Heatran|0 fnt
|-enditem|p2a: Heatran|Leftovers|[from] move: Knock Off|[of] p1a: Bisharp
|faint|p2a: Heatran
|
|
|switch|p2a: Conkeldurr|Conkeldurr, M|299\/389 par
|-damage|p2a: Conkeldurr|275\/389 par|[from] Stealth Rock
|turn|14
|
|switch|p1a: Sableye|Sableye-Mega, F|303\/303
|-damage|p1a: Sableye|266\/303|[from] Stealth Rock
|switch|p2a: Azumarill|Azumarill, F|219\/401
|-damage|p2a: Azumarill|169\/401|[from] Stealth Rock
|
|turn|15
|
|switch|p1a: Rotom-Wash|Rotom-Wash|281\/303
|-damage|p1a: Rotom-Wash|244\/303|[from] Stealth Rock
|move|p2a: Azumarill|Play Rough|p1a: Rotom-Wash
|-damage|p1a: Rotom-Wash|112\/303
|
|-heal|p1a: Rotom-Wash|130\/303|[from] item: Leftovers
|turn|16
|
|switch|p2a: Latias|Latias, F|319\/319
|-damage|p2a: Latias|280\/319|[from] Stealth Rock
|move|p1a: Rotom-Wash|Pain Split|p2a: Latias
|-sethp|p2a: Latias|205\/319|p1a: Rotom-Wash|205\/303|[from] move: Pain Split
|
|-heal|p1a: Rotom-Wash|223\/303|[from] item: Leftovers
|turn|17
|
|move|p2a: Latias|Draco Meteor|p1a: Rotom-Wash
|-damage|p1a: Rotom-Wash|0 fnt
|-unboost|p2a: Latias|spa|2
|-damage|p2a: Latias|174\/319|[from] item: Life Orb
|faint|p1a: Rotom-Wash
|
|
|switch|p1a: Latios|Latios, M|301\/301
|-damage|p1a: Latios|264\/301|[from] Stealth Rock
|turn|18
|
|move|p1a: Latios|Draco Meteor|p2a: Latias
|-supereffective|p2a: Latias
|-damage|p2a: Latias|0 fnt
|-unboost|p1a: Latios|spa|2
|faint|p2a: Latias
|
|
|switch|p2a: Gyarados|Gyarados, F|337\/337
|-damage|p2a: Gyarados|253\/337|[from] Stealth Rock
|-ability|p2a: Gyarados|Intimidate|[of] p1a: Latios
|-unboost|p1a: Latios|atk|1
|turn|19
|
|switch|p1a: Sableye|Sableye-Mega, F|266\/303
|-damage|p1a: Sableye|229\/303|[from] Stealth Rock
|move|p2a: Gyarados|Dragon Dance|p2a: Gyarados
|-boost|p2a: Gyarados|atk|1
|-boost|p2a: Gyarados|spe|1
|
|turn|20
|
|detailschange|p2a: Gyarados|Gyarados-Mega, F
|message|Gyarados has Mega Evolved into Mega Gyarados!
|-ability|p2a: Gyarados|Mold Breaker
|move|p2a: Gyarados|Waterfall|p1a: Sableye
|-damage|p1a: Sableye|70\/303
|move|p1a: Sableye|Foul Play|p2a: Gyarados
|-resisted|p2a: Gyarados
|-damage|p2a: Gyarados|94\/337
|
|turn|21
|
|move|p2a: Gyarados|Crunch|p1a: Sableye
|-damage|p1a: Sableye|0 fnt
|faint|p1a: Sableye
|
|
|switch|p1a: Latios|Latios, M|264\/301
|-damage|p1a: Latios|227\/301|[from] Stealth Rock
|turn|22
|
|move|p1a: Latios|Draco Meteor|p2a: Gyarados
|-damage|p2a: Gyarados|0 fnt
|-unboost|p1a: Latios|spa|2
|faint|p2a: Gyarados
|
|
|switch|p2a: Azumarill|Azumarill, F|169\/401
|-damage|p2a: Azumarill|119\/401|[from] Stealth Rock
|turn|23
|
|switch|p1a: Bisharp|Bisharp, F|255\/271
|-damage|p1a: Bisharp|239\/271|[from] Stealth Rock
|move|p2a: Azumarill|Play Rough|p1a: Bisharp
|-damage|p1a: Bisharp|49\/271
|
|turn|24
|
|move|p1a: Bisharp|Sucker Punch|p2a: Azumarill
|-resisted|p2a: Azumarill
|-damage|p2a: Azumarill|34\/401
|move|p2a: Azumarill|Aqua Jet|p1a: Bisharp
|-damage|p1a: Bisharp|0 fnt
|faint|p1a: Bisharp
|
|
|switch|p1a: Latios|Latios, M|227\/301
|-damage|p1a: Latios|190\/301|[from] Stealth Rock
|turn|25
|
|move|p2a: Azumarill|Aqua Jet|p1a: Latios
|-resisted|p1a: Latios
|-damage|p1a: Latios|134\/301
|move|p1a: Latios|Psyshock|p2a: Azumarill
|-damage|p2a: Azumarill|0 fnt
|faint|p2a: Azumarill
|
|
|switch|p2a: Talonflame|Talonflame, M|319\/319
|-damage|p2a: Talonflame|160\/319|[from] Stealth Rock
|turn|26
|
|move|p2a: Talonflame|Brave Bird|p1a: Latios
|-damage|p1a: Latios|0 fnt
|-damage|p2a: Talonflame|116\/319|[from] recoil|[of] p1a: Latios
|faint|p1a: Latios
|
|
|switch|p1a: Landorus|Landorus, M|333\/333
|-damage|p1a: Landorus|292\/333|[from] Stealth Rock
|turn|27
|
|move|p2a: Talonflame|Brave Bird|p1a: Landorus
|-damage|p1a: Landorus|75\/333
|-damage|p2a: Talonflame|44\/319|[from] recoil|[of] p1a: Landorus
|move|p1a: Landorus|Psychic|p2a: Talonflame
|-crit|p2a: Talonflame
|-damage|p2a: Talonflame|0 fnt
|faint|p2a: Talonflame
|
|
|switch|p2a: Conkeldurr|Conkeldurr, M|275\/389 par
|-damage|p2a: Conkeldurr|251\/389 par|[from] Stealth Rock
|turn|28
|
|move|p2a: Conkeldurr|Mach Punch|p1a: Landorus
|-resisted|p1a: Landorus
|-damage|p1a: Landorus|6\/333
|move|p1a: Landorus|Psychic|p2a: Conkeldurr
|-supereffective|p2a: Conkeldurr
|-damage|p2a: Conkeldurr|0 fnt
|faint|p2a: Conkeldurr
|
|win|Savage Alby
|raw|Ladder updating...
|raw|Savage Alby's rating: 1536 &rarr; <strong>1556<\/strong><br \/>(+20 for winning)
|raw|Ill leave's rating: 1532 &rarr; <strong>1512<\/strong><br \/>(-20 for losing)
|c|âIll leave|wow
|c|âIll leave|gg
|leave|Ill leave
|player|p2