|join|Leafstorm121
|join|Savage Alby
|player|p1|Leafstorm121|34
|player|p2|Savage Alby|44
|gametype|singles
|gen|6
|tier|OU
|rated
|clearpoke
|poke|p1|Azelf
|poke|p1|Gyarados, F
|poke|p1|Landorus, M
|poke|p1|Thundurus, M
|poke|p1|Scolipede, M
|poke|p1|Manaphy
|poke|p2|Scizor, M
|poke|p2|Thundurus, M
|poke|p2|Latios, M
|poke|p2|Keldeo
|poke|p2|Entei, shiny
|poke|p2|Celebi
|rule|Swagger Clause: Swagger is banned
|rule|Baton Pass Clause: Limit one PokÃ©mon knowing Baton Pass
|rule|Sleep Clause Mod: Limit one foe put to sleep
|rule|Species Clause: Limit one of each PokÃ©mon
|rule|OHKO Clause: OHKO moves are banned
|rule|Moody Clause: Moody is banned
|rule|Evasion Moves Clause: Evasion moves are banned
|rule|Endless Battle Clause: Forcing endless battles is banned
|rule|HP Percentage Mod: HP is shown in percentages
|teampreview
|
|start
|switch|p1a: Azelf|Azelf|354\/354
|switch|p2a: Thundurus|Thundurus, M|299\/299
|turn|1
|
|move|p2a: Thundurus|Thunder Wave|p1a: Azelf
|-status|p1a: Azelf|par
|cant|p1a: Azelf|par
|
|turn|2
|
|move|p2a: Thundurus|Thunderbolt|p1a: Azelf
|-damage|p1a: Azelf|152\/354 par
|cant|p1a: Azelf|par
|
|turn|3
|
|move|p2a: Thundurus|Substitute|p2a: Thundurus
|-start|p2a: Thundurus|Substitute
|-damage|p2a: Thundurus|225\/299
|cant|p1a: Azelf|par
|
|-heal|p2a: Thundurus|243\/299|[from] item: Leftovers
|turn|4
|
|move|p2a: Thundurus|Thunderbolt|p1a: Azelf
|-damage|p1a: Azelf|0 fnt
|faint|p1a: Azelf
|
|-heal|p2a: Thundurus|261\/299|[from] item: Leftovers
|
|switch|p1a: Thundurus|Thundurus, M|300\/300
|turn|5
|
|move|p1a: Thundurus|Thunderbolt|p2a: Thundurus
|-end|p2a: Thundurus|Substitute
|-damage|p1a: Thundurus|270\/300|[from] item: Life Orb
|move|p2a: Thundurus|Thunderbolt|p1a: Thundurus
|-damage|p1a: Thundurus|98\/300
|
|-heal|p2a: Thundurus|279\/299|[from] item: Leftovers
|turn|6
|
|switch|p2a: Celebi|Celebi|404\/404
|move|p1a: Thundurus|Thunderbolt|p2a: Celebi
|-resisted|p2a: Celebi
|-damage|p2a: Celebi|304\/404
|-damage|p1a: Thundurus|68\/300|[from] item: Life Orb
|
|-heal|p2a: Celebi|329\/404|[from] item: Leftovers
|turn|7
|
|move|p1a: Thundurus|Nasty Plot|p1a: Thundurus
|-boost|p1a: Thundurus|spa|2
|move|p2a: Celebi|Stealth Rock|p1a: Thundurus
|-sidestart|p1: Leafstorm121|move: Stealth Rock
|
|-heal|p2a: Celebi|354\/404|[from] item: Leftovers
|turn|8
|
|move|p1a: Thundurus|Hidden Power|p2a: Celebi
|-supereffective|p2a: Celebi
|-damage|p2a: Celebi|0 fnt
|-damage|p1a: Thundurus|38\/300|[from] item: Life Orb
|faint|p2a: Celebi
|
|
|switch|p2a: Entei|Entei, shiny|371\/371
|-ability|p2a: Entei|Pressure
|turn|9
|
|move|p2a: Entei|Extreme Speed|p1a: Thundurus
|-damage|p1a: Thundurus|0 fnt
|faint|p1a: Thundurus
|
|
|switch|p1a: Scolipede|Scolipede, M|323\/323
|-damage|p1a: Scolipede|243\/323|[from] Stealth Rock
|turn|10
|
|move|p2a: Entei|Sacred Fire|p1a: Scolipede|[miss]
|-miss|p2a: Entei|p1a: Scolipede
|move|p1a: Scolipede|Iron Defense|p1a: Scolipede
|-boost|p1a: Scolipede|def|2
|
|-heal|p1a: Scolipede|263\/323|[from] item: Black Sludge
|-boost|p1a: Scolipede|spe|1|[from] ability: Speed Boost
|turn|11
|
|move|p1a: Scolipede|Substitute|p1a: Scolipede
|-start|p1a: Scolipede|Substitute
|-damage|p1a: Scolipede|183\/323
|move|p2a: Entei|Sacred Fire|p1a: Scolipede
|-supereffective|p1a: Scolipede
|-end|p1a: Scolipede|Substitute
|
|-heal|p1a: Scolipede|203\/323|[from] item: Black Sludge
|-boost|p1a: Scolipede|spe|1|[from] ability: Speed Boost
|turn|12
|
|switch|p2a: Thundurus|Thundurus, M|279\/299
|move|p1a: Scolipede|Substitute|p1a: Scolipede
|-start|p1a: Scolipede|Substitute
|-damage|p1a: Scolipede|123\/323
|
|-heal|p1a: Scolipede|143\/323|[from] item: Black Sludge
|-heal|p2a: Thundurus|297\/299|[from] item: Leftovers
|-boost|p1a: Scolipede|spe|1|[from] ability: Speed Boost
|turn|13
|
|move|p1a: Scolipede|Baton Pass|p1a: Scolipede
|
|switch|p1a: Landorus|Landorus, M|320\/320
|-damage|p1a: Landorus|280\/320|[from] Stealth Rock
|move|p2a: Thundurus|Thunderbolt|p1a: Landorus
|-immune|p1a: Landorus|[msg]
|
|-heal|p2a: Thundurus|299\/299|[from] item: Leftovers
|turn|14
|
|move|p1a: Landorus|Calm Mind|p1a: Landorus
|-boost|p1a: Landorus|spa|1
|-boost|p1a: Landorus|spd|1
|move|p2a: Thundurus|Hidden Power|p1a: Landorus
|-supereffective|p1a: Landorus
|-end|p1a: Landorus|Substitute
|
|turn|15
|
|move|p1a: Landorus|Psychic|p2a: Thundurus
|-damage|p2a: Thundurus|14\/299
|move|p2a: Thundurus|Hidden Power|p1a: Landorus
|-supereffective|p1a: Landorus
|-damage|p1a: Landorus|56\/320
|
|-heal|p2a: Thundurus|32\/299|[from] item: Leftovers
|turn|16
|
|switch|p2a: Entei|Entei, shiny|371\/371
|-ability|p2a: Entei|Pressure
|move|p1a: Landorus|Psychic|p2a: Entei
|-damage|p2a: Entei|185\/371
|
|turn|17
|
|move|p2a: Entei|Extreme Speed|p1a: Landorus
|-damage|p1a: Landorus|7\/320
|move|p1a: Landorus|Earth Power|p2a: Entei
|-supereffective|p2a: Entei
|-damage|p2a: Entei|0 fnt
|faint|p2a: Entei
|
|
|switch|p2a: Scizor|Scizor, M|307\/307
|turn|18
|
|detailschange|p2a: Scizor|Scizor-Mega, M
|message|Scizor has Mega Evolved into Mega Scizor!
|move|p2a: Scizor|Bullet Punch|p1a: Landorus
|-damage|p1a: Landorus|0 fnt
|faint|p1a: Landorus
|
|
|switch|p1a: Scolipede|Scolipede, M|143\/323
|-damage|p1a: Scolipede|63\/323|[from] Stealth Rock
|turn|19
|
|move|p1a: Scolipede|Iron Defense|p1a: Scolipede
|-boost|p1a: Scolipede|def|2
|move|p2a: Scizor|Swords Dance|p2a: Scizor
|-boost|p2a: Scizor|atk|2
|
|-heal|p1a: Scolipede|83\/323|[from] item: Black Sludge
|-boost|p1a: Scolipede|spe|1|[from] ability: Speed Boost
|turn|20
|
|move|p1a: Scolipede|Protect|p1a: Scolipede
|-singleturn|p1a: Scolipede|Protect
|move|p2a: Scizor|Bullet Punch|p1a: Scolipede
|-activate|p1a: Scolipede|Protect
|
|-heal|p1a: Scolipede|103\/323|[from] item: Black Sludge
|-boost|p1a: Scolipede|spe|1|[from] ability: Speed Boost
|turn|21
|
|move|p2a: Scizor|Bullet Punch|p1a: Scolipede
|-damage|p1a: Scolipede|1\/323
|move|p1a: Scolipede|Baton Pass|p1a: Scolipede
|
|switch|p1a: Manaphy|Manaphy|404\/404
|-damage|p1a: Manaphy|354\/404|[from] Stealth Rock
|
|-heal|p1a: Manaphy|379\/404|[from] item: Leftovers
|turn|22
|
|move|p1a: Manaphy|Tail Glow|p1a: Manaphy
|-boost|p1a: Manaphy|spa|3
|move|p2a: Scizor|Bug Bite|p1a: Manaphy
|-damage|p1a: Manaphy|171\/404
|
|-heal|p1a: Manaphy|196\/404|[from] item: Leftovers
|turn|23
|join|jake5
|c| jake5|ah the ladder is full of bp fags
|c| jake5|we have like 3 of them on now
|
|move|p1a: Manaphy|Surf|p2a: Scizor
|-damage|p2a: Scizor|0 fnt
|faint|p2a: Scizor
|
|-heal|p1a: Manaphy|221\/404|[from] item: Leftovers
|c|âSavage Alby|ye lol
|
|switch|p2a: Latios|Latios, M|301\/301
|turn|24
|
|move|p1a: Manaphy|Ice Beam|p2a: Latios
|-supereffective|p2a: Latios
|-damage|p2a: Latios|0 fnt
|faint|p2a: Latios
|
|-heal|p1a: Manaphy|246\/404|[from] item: Leftovers
|
|switch|p2a: Keldeo|Keldeo|323\/323
|turn|25
|c| jake5|the ladder went from bad to worse zzz
|
|move|p1a: Manaphy|Tail Glow|p1a: Manaphy
|-boost|p1a: Manaphy|spa|3
|move|p2a: Keldeo|Substitute|p2a: Keldeo
|-start|p2a: Keldeo|Substitute
|-damage|p2a: Keldeo|243\/323
|
|-heal|p1a: Manaphy|271\/404|[from] item: Leftovers
|turn|26
|
|move|p1a: Manaphy|Ice Beam|p2a: Keldeo
|-resisted|p2a: Keldeo
|-end|p2a: Keldeo|Substitute
|move|p2a: Keldeo|Substitute|p2a: Keldeo
|-start|p2a: Keldeo|Substitute
|-damage|p2a: Keldeo|163\/323
|
|-heal|p1a: Manaphy|296\/404|[from] item: Leftovers
|turn|27
|c| jake5|ah niche
|
|move|p1a: Manaphy|Tail Glow|p1a: Manaphy
|-fail|p1a: Manaphy
|move|p2a: Keldeo|Substitute|p2a: Keldeo
|-fail|p2a: Keldeo|move: Substitute
|
|-heal|p1a: Manaphy|321\/404|[from] item: Leftovers
|turn|28
|
|move|p1a: Manaphy|Tail Glow|p1a: Manaphy
|-fail|p1a: Manaphy
|move|p2a: Keldeo|Substitute|p2a: Keldeo
|-fail|p2a: Keldeo|move: Substitute
|
|-heal|p1a: Manaphy|346\/404|[from] item: Leftovers
|turn|29
|
|move|p1a: Manaphy|Ice Beam|p2a: Keldeo
|-resisted|p2a: Keldeo
|-end|p2a: Keldeo|Substitute
|move|p2a: Keldeo|Substitute|p2a: Keldeo
|-start|p2a: Keldeo|Substitute
|-damage|p2a: Keldeo|83\/323
|
|-heal|p1a: Manaphy|371\/404|[from] item: Leftovers
|turn|30
|
|move|p1a: Manaphy|Tail Glow|p1a: Manaphy
|-fail|p1a: Manaphy
|move|p2a: Keldeo|Substitute|p2a: Keldeo
|-fail|p2a: Keldeo|move: Substitute
|
|-heal|p1a: Manaphy|396\/404|[from] item: Leftovers
|turn|31
|
|move|p1a: Manaphy|Tail Glow|p1a: Manaphy
|-fail|p1a: Manaphy
|move|p2a: Keldeo|Substitute|p2a: Keldeo
|-fail|p2a: Keldeo|move: Substitute
|
|-heal|p1a: Manaphy|404\/404|[from] item: Leftovers
|turn|32
|
|move|p1a: Manaphy|Tail Glow|p1a: Manaphy
|-fail|p1a: Manaphy
|move|p2a: Keldeo|Substitute|p2a: Keldeo
|-fail|p2a: Keldeo|move: Substitute
|
|turn|33
|
|move|p1a: Manaphy|Tail Glow|p1a: Manaphy
|-fail|p1a: Manaphy
|move|p2a: Keldeo|Substitute|p2a: Keldeo
|-fail|p2a: Keldeo|move: Substitute
|
|turn|34
|
|move|p1a: Manaphy|Tail Glow|p1a: Manaphy
|-fail|p1a: Manaphy
|move|p2a: Keldeo|Substitute|p2a: Keldeo
|-fail|p2a: Keldeo|move: Substitute
|
|turn|35
|
|move|p1a: Manaphy|Tail Glow|p1a: Manaphy
|-fail|p1a: Manaphy
|move|p2a: Keldeo|Secret Sword|p1a: Manaphy
|-damage|p1a: Manaphy|334\/404
|
|-heal|p1a: Manaphy|359\/404|[from] item: Leftovers
|turn|36
|
|move|p1a: Manaphy|Tail Glow|p1a: Manaphy
|-fail|p1a: Manaphy
|move|p2a: Keldeo|Substitute|p2a: Keldeo
|-fail|p2a: Keldeo|move: Substitute
|
|-heal|p1a: Manaphy|384\/404|[from] item: Leftovers
|turn|37
|
|move|p1a: Manaphy|Tail Glow|p1a: Manaphy
|-fail|p1a: Manaphy
|move|p2a: Keldeo|Substitute|p2a: Keldeo
|-fail|p2a: Keldeo|move: Substitute
|
|-heal|p1a: Manaphy|404\/404|[from] item: Leftovers
|turn|38
|
|move|p1a: Manaphy|Tail Glow|p1a: Manaphy
|-fail|p1a: Manaphy
|move|p2a: Keldeo|Endeavor|p1a: Manaphy
|-damage|p1a: Manaphy|83\/404
|
|-heal|p1a: Manaphy|108\/404|[from] item: Leftovers
|turn|39
|c| jake5|niche
|
|move|p1a: Manaphy|Ice Beam|p2a: Keldeo
|-resisted|p2a: Keldeo
|-end|p2a: Keldeo|Substitute
|move|p2a: Keldeo|Substitute|p2a: Keldeo
|-start|p2a: Keldeo|Substitute
|-damage|p2a: Keldeo|3\/323
|-enditem|p2a: Keldeo|Salac Berry|[eat]
|-boost|p2a: Keldeo|spe|1|[from] item: Salac Berry
|
|-heal|p1a: Manaphy|133\/404|[from] item: Leftovers
|turn|40
|c| jake5|nicheee
|
|move|p2a: Keldeo|Endeavor|p1a: Manaphy
|-damage|p1a: Manaphy|3\/404
|move|p1a: Manaphy|Ice Beam|p2a: Keldeo
|-resisted|p2a: Keldeo
|-end|p2a: Keldeo|Substitute
|
|-heal|p1a: Manaphy|28\/404|[from] item: Leftovers
|turn|41
|c| jake5|yeah this man got rekttt
|c|âLeafstorm121|Why are you cheering against me?
|
|move|p2a: Keldeo|Secret Sword|p1a: Manaphy
|-damage|p1a: Manaphy|0 fnt
|faint|p1a: Manaphy
|
|c|âSavage Alby|cuz bp
|c| jake5|^
|c|âLeafstorm121|It's not as elaborate as the people who use Whimsicott to set it up though. I use it just the speed boosts
|
|switch|p1a: Gyarados|Gyarados, F|332\/332
|-damage|p1a: Gyarados|249\/332|[from] Stealth Rock
|-ability|p1a: Gyarados|Intimidate|[of] p2a: Keldeo
|-unboost|p2a: Keldeo|atk|1
|turn|42
|join|wecameinagiraffe
|
|move|p2a: Keldeo|Endeavor|p1a: Gyarados
|-damage|p1a: Gyarados|3\/332
|move|p1a: Gyarados|Dragon Dance|p1a: Gyarados
|-boost|p1a: Gyarados|atk|1
|-boost|p1a: Gyarados|spe|1
|
|turn|43
|c| jake5|lol
|
|move|p2a: Keldeo|Secret Sword|p1a: Gyarados
|-resisted|p1a: Gyarados
|-damage|p1a: Gyarados|0 fnt
|faint|p1a: Gyarados
|
|c|âLeafstorm121|gg
|
|switch|p1a: Scolipede|Scolipede, M|1\/323
|-damage|p1a: Scolipede|0 fnt|[from] Stealth Rock
|faint|p1a: Scolipede
|
|win|Savage Alby
|raw|Ladder updating...
|c| jake5|niche
|c|âSavage Alby|gg
|join|TheLaughingCats