|join|Storm Jesus
|join|Savage Alby
|player|p1|Storm Jesus|151
|player|p2|Savage Alby|44
|gametype|singles
|gen|6
|tier|OU
|rated
|clearpoke
|poke|p1|Gengar, M
|poke|p1|Meloetta
|poke|p1|Gyarados, M
|poke|p1|Ferrothorn, M
|poke|p1|Entei, shiny
|poke|p1|Landorus, M
|poke|p2|Scizor, F
|poke|p2|Thundurus, M
|poke|p2|Bisharp, M, shiny
|poke|p2|Keldeo
|poke|p2|Entei, shiny
|poke|p2|Empoleon, F
|rule|Swagger Clause: Swagger is banned
|rule|Baton Pass Clause: Limit one PokÃ©mon knowing Baton Pass
|rule|Sleep Clause Mod: Limit one foe put to sleep
|rule|Species Clause: Limit one of each PokÃ©mon
|rule|OHKO Clause: OHKO moves are banned
|rule|Moody Clause: Moody is banned
|rule|Evasion Moves Clause: Evasion moves are banned
|rule|Endless Battle Clause: Forcing endless battles is banned
|rule|HP Percentage Mod: HP is shown in percentages
|teampreview
|
|start
|switch|p1a: Tytannial|Ferrothorn, M|352\/352
|switch|p2a: Empoleon|Empoleon, F|372\/372
|turn|1
|
|switch|p1a: Mufasa|Entei, shiny|434\/434
|-ability|p1a: Mufasa|Pressure
|move|p2a: Empoleon|Scald|p1a: Mufasa
|-supereffective|p1a: Mufasa
|-damage|p1a: Mufasa|260\/434
|
|turn|2
|
|move|p1a: Mufasa|Sacred Fire|p2a: Empoleon
|-damage|p2a: Empoleon|215\/372
|-status|p2a: Empoleon|brn
|move|p2a: Empoleon|Stealth Rock|p1a: Mufasa
|-sidestart|p1: Storm Jesus|move: Stealth Rock
|
|-heal|p2a: Empoleon|238\/372 brn|[from] item: Leftovers
|-damage|p2a: Empoleon|192\/372 brn|[from] brn
|turn|3
|
|move|p1a: Mufasa|Sacred Fire|p2a: Empoleon
|-damage|p2a: Empoleon|42\/372 brn
|move|p2a: Empoleon|Scald|p1a: Mufasa
|-supereffective|p1a: Mufasa
|-damage|p1a: Mufasa|20\/434
|
|-heal|p2a: Empoleon|65\/372 brn|[from] item: Leftovers
|-damage|p2a: Empoleon|19\/372 brn|[from] brn
|turn|4
|
|move|p1a: Mufasa|Extreme Speed|p2a: Empoleon
|-resisted|p2a: Empoleon
|-damage|p2a: Empoleon|0 fnt
|faint|p2a: Empoleon
|
|
|switch|p2a: Entei|Entei, shiny|371\/371
|-ability|p2a: Entei|Pressure
|turn|5
|
|move|p1a: Mufasa|Extreme Speed|p2a: Entei
|-damage|p2a: Entei|255\/371
|move|p2a: Entei|Bulldoze|p1a: Mufasa
|-crit|p1a: Mufasa
|-supereffective|p1a: Mufasa
|-damage|p1a: Mufasa|0 fnt
|faint|p1a: Mufasa
|
|
|switch|p1a: Enten|Landorus, M|319\/319
|-damage|p1a: Enten|280\/319|[from] Stealth Rock
|turn|6
|
|switch|p2a: Thundurus|Thundurus, M|299\/299
|move|p1a: Enten|Psychic|p2a: Thundurus
|-damage|p2a: Thundurus|116\/299
|
|-heal|p2a: Thundurus|134\/299|[from] item: Leftovers
|turn|7
|
|switch|p2a: Entei|Entei, shiny|255\/371
|-ability|p2a: Entei|Pressure
|move|p1a: Enten|Earth Power|p2a: Entei
|-supereffective|p2a: Entei
|-damage|p2a: Entei|0 fnt
|faint|p2a: Entei
|
|
|switch|p2a: Keldeo|Keldeo|323\/323
|turn|8
|
|switch|p1a: Tytannial|Ferrothorn, M|352\/352
|-damage|p1a: Tytannial|330\/352|[from] Stealth Rock
|move|p2a: Keldeo|Substitute|p2a: Keldeo
|-start|p2a: Keldeo|Substitute
|-damage|p2a: Keldeo|243\/323
|
|turn|9
|
|move|p2a: Keldeo|Secret Sword|p1a: Tytannial
|-supereffective|p1a: Tytannial
|-damage|p1a: Tytannial|138\/352
|move|p1a: Tytannial|Stealth Rock|p2a: Keldeo
|-sidestart|p2: Savage Alby|move: Stealth Rock
|
|turn|10
|
|move|p2a: Keldeo|Secret Sword|p1a: Tytannial
|-supereffective|p1a: Tytannial
|-damage|p1a: Tytannial|0 fnt
|faint|p1a: Tytannial
|
|
|switch|p1a: Phantom|Gengar, M|262\/262
|-damage|p1a: Phantom|230\/262|[from] Stealth Rock
|turn|11
|join|Zamrock
|
|move|p1a: Phantom|Shadow Ball|p2a: Keldeo
|-end|p2a: Keldeo|Substitute
|-damage|p1a: Phantom|204\/262|[from] item: Life Orb
|move|p2a: Keldeo|Substitute|p2a: Keldeo
|-start|p2a: Keldeo|Substitute
|-damage|p2a: Keldeo|163\/323
|
|turn|12
|
|move|p1a: Phantom|Shadow Ball|p2a: Keldeo
|-end|p2a: Keldeo|Substitute
|-damage|p1a: Phantom|178\/262|[from] item: Life Orb
|move|p2a: Keldeo|Scald|p1a: Phantom
|-damage|p1a: Phantom|0 fnt
|faint|p1a: Phantom
|
|
|switch|p1a: Zelda|Meloetta|404\/404
|-damage|p1a: Zelda|354\/404|[from] Stealth Rock
|turn|13
|
|move|p2a: Keldeo|Substitute|p2a: Keldeo
|-start|p2a: Keldeo|Substitute
|-damage|p2a: Keldeo|83\/323
|move|p1a: Zelda|Skill Swap|p2a: Keldeo
|-activate|p1a: Zelda|move: Skill Swap|Justified|Serene Grace|[of] p2a: Keldeo
|
|-heal|p1a: Zelda|379\/404|[from] item: Leftovers
|turn|14
|
|move|p2a: Keldeo|Endeavor|p1a: Zelda
|-damage|p1a: Zelda|83\/404
|move|p1a: Zelda|Psyshock|p2a: Keldeo
|-supereffective|p2a: Keldeo
|-end|p2a: Keldeo|Substitute
|
|-heal|p1a: Zelda|108\/404|[from] item: Leftovers
|turn|15
|
|move|p2a: Keldeo|Scald|p1a: Zelda
|-crit|p1a: Zelda
|-damage|p1a: Zelda|0 fnt
|faint|p1a: Zelda
|
|
|switch|p1a: Predator|Gyarados, M|331\/331
|-damage|p1a: Predator|249\/331|[from] Stealth Rock
|-ability|p1a: Predator|Intimidate|[of] p2a: Keldeo
|-unboost|p2a: Keldeo|atk|1
|turn|16
|
|move|p2a: Keldeo|Substitute|p2a: Keldeo
|-start|p2a: Keldeo|Substitute
|-damage|p2a: Keldeo|3\/323
|-enditem|p2a: Keldeo|Salac Berry|[eat]
|-boost|p2a: Keldeo|spe|1|[from] item: Salac Berry
|move|p1a: Predator|Dragon Dance|p1a: Predator
|-boost|p1a: Predator|atk|1
|-boost|p1a: Predator|spe|1
|
|turn|17
|
|move|p2a: Keldeo|Endeavor|p1a: Predator
|-damage|p1a: Predator|3\/331
|move|p1a: Predator|Dragon Dance|p1a: Predator
|-boost|p1a: Predator|atk|1
|-boost|p1a: Predator|spe|1
|
|turn|18
|-message|Storm Jesus forfeited.
|
|win|Savage Alby
|raw|Ladder updating...
|leave|Storm Jesus
|player|p1
|raw|Storm Jesus's rating: 1681 &rarr; <strong>1665<\/strong><br \/>(-16 for losing)
|raw|Savage Alby's rating: 1751 &rarr; <strong>1767<\/strong><br \/>(+16 for winning)
|leave|Zamrock