|join|Savage Alby
|join|lolzuk
|player|p1|Savage Alby|44
|player|p2|lolzuk|209
|gametype|singles
|gen|6
|tier|OU
|rated
|clearpoke
|poke|p1|Metagross
|poke|p1|Azumarill, F
|poke|p1|Latios, M
|poke|p1|Jirachi
|poke|p1|Landorus, M
|poke|p1|Manaphy
|poke|p2|Ferrothorn, M
|poke|p2|Heatran, F
|poke|p2|Greninja, M
|poke|p2|Latios, M
|poke|p2|Talonflame, F
|poke|p2|Lopunny, F
|rule|Swagger Clause: Swagger is banned
|rule|Baton Pass Clause: Limit one PokÃ©mon knowing Baton Pass
|rule|Sleep Clause Mod: Limit one foe put to sleep
|rule|Species Clause: Limit one of each PokÃ©mon
|rule|OHKO Clause: OHKO moves are banned
|rule|Moody Clause: Moody is banned
|rule|Evasion Moves Clause: Evasion moves are banned
|rule|Endless Battle Clause: Forcing endless battles is banned
|rule|HP Percentage Mod: HP is shown in percentages
|teampreview
|
|start
|switch|p1a: Landorus|Landorus, M|331\/331
|switch|p2a: Greninja|Greninja, M|285\/285
|turn|1
|
|switch|p1a: Jirachi|Jirachi|403\/403
|move|p2a: Greninja|Ice Beam|p1a: Jirachi
|-start|p2a: Greninja|typechange|Ice|[from] Protean
|-resisted|p1a: Jirachi
|-damage|p1a: Jirachi|337\/403
|-damage|p2a: Greninja|257\/285|[from] item: Life Orb
|
|-heal|p1a: Jirachi|362\/403|[from] item: Leftovers
|turn|2
|
|switch|p2a: Ferrothorn|Ferrothorn, M|352\/352
|move|p1a: Jirachi|Stealth Rock|p2a: Ferrothorn
|-sidestart|p2: lolzuk|move: Stealth Rock
|
|-heal|p1a: Jirachi|387\/403|[from] item: Leftovers
|turn|3
|
|switch|p1a: Landorus|Landorus, M|331\/331
|move|p2a: Ferrothorn|Leech Seed|p1a: Landorus
|-start|p1a: Landorus|move: Leech Seed
|
|-damage|p1a: Landorus|290\/331|[from] Leech Seed|[of] p2a: Ferrothorn
|turn|4
|
|switch|p1a: Metagross|Metagross|301\/301
|move|p2a: Ferrothorn|Gyro Ball|p1a: Metagross
|-resisted|p1a: Metagross
|-damage|p1a: Metagross|234\/301
|
|turn|5
|
|detailschange|p1a: Metagross|Metagross-Mega
|message|Metagross has Mega Evolved into Mega Metagross!
|move|p1a: Metagross|Hammer Arm|p2a: Ferrothorn
|-supereffective|p2a: Ferrothorn
|-damage|p2a: Ferrothorn|126\/352
|-damage|p1a: Metagross|197\/301|[from] ability: Iron Barbs|[of] p2a: Ferrothorn
|-unboost|p1a: Metagross|spe|1
|move|p2a: Ferrothorn|Leech Seed|p1a: Metagross
|-start|p1a: Metagross|move: Leech Seed
|
|-heal|p2a: Ferrothorn|148\/352|[from] item: Leftovers
|-damage|p1a: Metagross|160\/301|[from] Leech Seed|[of] p2a: Ferrothorn
|-heal|p2a: Ferrothorn|185\/352|[silent]
|turn|6
|
|switch|p1a: Landorus|Landorus, M|290\/331
|move|p2a: Ferrothorn|Protect|p2a: Ferrothorn
|-fail|p2a: Ferrothorn
|
|-heal|p2a: Ferrothorn|207\/352|[from] item: Leftovers
|turn|7
|
|move|p2a: Ferrothorn|Protect|p2a: Ferrothorn
|-singleturn|p2a: Ferrothorn|Protect
|move|p1a: Landorus|Focus Blast|p2a: Ferrothorn
|-activate|p2a: Ferrothorn|Protect
|
|-heal|p2a: Ferrothorn|229\/352|[from] item: Leftovers
|turn|8
|
|switch|p2a: Latios|Latios, M|302\/302
|-damage|p2a: Latios|265\/302|[from] Stealth Rock
|move|p1a: Landorus|Focus Blast|p2a: Latios
|-crit|p2a: Latios
|-resisted|p2a: Latios
|-damage|p2a: Latios|108\/302
|
|turn|9
|
|switch|p1a: Jirachi|Jirachi|387\/403
|move|p2a: Latios|Roost|p2a: Latios
|-heal|p2a: Latios|259\/302
|
|-heal|p1a: Jirachi|403\/403|[from] item: Leftovers
|turn|10
|
|switch|p2a: Heatran|Heatran, F|385\/385
|-damage|p2a: Heatran|337\/385|[from] Stealth Rock
|switch|p1a: Metagross|Metagross-Mega|160\/301
|
|-heal|p2a: Heatran|361\/385|[from] item: Leftovers
|turn|11
|
|switch|p1a: Manaphy|Manaphy|403\/403
|switch|p2a: Latios|Latios, M|259\/302
|-damage|p2a: Latios|222\/302|[from] Stealth Rock
|
|turn|12
|
|move|p2a: Latios|Psyshock|p1a: Manaphy
|-damage|p1a: Manaphy|254\/403
|-damage|p2a: Latios|192\/302|[from] item: Life Orb
|move|p1a: Manaphy|U-turn|p2a: Latios
|-supereffective|p2a: Latios
|-damage|p2a: Latios|66\/302
|
|switch|p1a: Azumarill|Azumarill, F|346\/346
|
|turn|13
|
|move|p2a: Latios|Defog|p1a: Azumarill
|-unboost|p1a: Azumarill|evasion|1
|-sideend|p2: lolzuk|Stealth Rock|[from] move: Defog|[of] p2a: Latios
|move|p1a: Azumarill|Belly Drum|p1a: Azumarill
|-damage|p1a: Azumarill|173\/346
|-setboost|p1a: Azumarill|atk|6|[from] move: Belly Drum
|-enditem|p1a: Azumarill|Sitrus Berry|[eat]
|-heal|p1a: Azumarill|259\/346|[from] item: Sitrus Berry
|
|turn|14
|
|move|p1a: Azumarill|Aqua Jet|p2a: Latios
|-resisted|p2a: Latios
|-damage|p2a: Latios|0 fnt
|faint|p2a: Latios
|
|
|switch|p2a: Ferrothorn|Ferrothorn, M|229\/352
|turn|15
|
|move|p2a: Ferrothorn|Protect|p2a: Ferrothorn
|-singleturn|p2a: Ferrothorn|Protect
|move|p1a: Azumarill|Knock Off|p2a: Ferrothorn
|-activate|p2a: Ferrothorn|Protect
|
|-heal|p2a: Ferrothorn|251\/352|[from] item: Leftovers
|turn|16
|
|move|p1a: Azumarill|Knock Off|p2a: Ferrothorn
|-damage|p2a: Ferrothorn|0 fnt
|-damage|p1a: Azumarill|216\/346|[from] ability: Iron Barbs|[of] p2a: Ferrothorn
|-enditem|p2a: Ferrothorn|Leftovers|[from] move: Knock Off|[of] p1a: Azumarill
|faint|p2a: Ferrothorn
|
|
|switch|p2a: Talonflame|Talonflame, F|297\/297
|turn|17
|
|move|p2a: Talonflame|Brave Bird|p1a: Azumarill
|-damage|p1a: Azumarill|0 fnt
|-damage|p2a: Talonflame|226\/297|[from] recoil|[of] p1a: Azumarill
|faint|p1a: Azumarill
|
|
|switch|p1a: Jirachi|Jirachi|403\/403
|turn|18
|
|switch|p2a: Heatran|Heatran, F|361\/385
|move|p1a: Jirachi|Stealth Rock|p2a: Heatran
|-sidestart|p2: lolzuk|move: Stealth Rock
|
|-heal|p2a: Heatran|385\/385|[from] item: Leftovers
|turn|19
|
|move|p1a: Jirachi|Body Slam|p2a: Heatran
|-resisted|p2a: Heatran
|-damage|p2a: Heatran|353\/385
|move|p2a: Heatran|Lava Plume|p1a: Jirachi
|-supereffective|p1a: Jirachi
|-damage|p1a: Jirachi|215\/403
|
|-heal|p1a: Jirachi|240\/403|[from] item: Leftovers
|-heal|p2a: Heatran|377\/385|[from] item: Leftovers
|turn|20
|
|move|p1a: Jirachi|Body Slam|p2a: Heatran
|-crit|p2a: Heatran
|-resisted|p2a: Heatran
|-damage|p2a: Heatran|326\/385
|move|p2a: Heatran|Lava Plume|p1a: Jirachi
|-supereffective|p1a: Jirachi
|-damage|p1a: Jirachi|46\/403
|-status|p1a: Jirachi|brn
|
|-heal|p1a: Jirachi|71\/403 brn|[from] item: Leftovers
|-heal|p2a: Heatran|350\/385|[from] item: Leftovers
|-damage|p1a: Jirachi|21\/403 brn|[from] brn
|turn|21
|
|move|p1a: Jirachi|Healing Wish|p1a: Jirachi
|faint|p1a: Jirachi
|move|p2a: Heatran|Stealth Rock|p1: Jirachi
|-sidestart|p1: Savage Alby|move: Stealth Rock
|
|-heal|p2a: Heatran|374\/385|[from] item: Leftovers
|
|switch|p1a: Manaphy|Manaphy|254\/403
|-heal|p1a: Manaphy|403\/403|[from] move: Healing Wish
|-damage|p1a: Manaphy|353\/403|[from] Stealth Rock
|turn|22
|
|move|p1a: Manaphy|Scald|p2a: Heatran
|-supereffective|p2a: Heatran
|-damage|p2a: Heatran|234\/385
|move|p2a: Heatran|Toxic|p1a: Manaphy|[miss]
|-miss|p2a: Heatran|p1a: Manaphy
|
|-heal|p1a: Manaphy|378\/403|[from] item: Leftovers
|-heal|p2a: Heatran|258\/385|[from] item: Leftovers
|turn|23
|
|move|p1a: Manaphy|Rain Dance|p1a: Manaphy
|-weather|RainDance
|move|p2a: Heatran|Toxic|p1a: Manaphy
|-status|p1a: Manaphy|tox
|
|-weather|RainDance|[upkeep]
|-curestatus|p1a: Manaphy|tox
|-heal|p1a: Manaphy|403\/403|[from] item: Leftovers
|-heal|p2a: Heatran|282\/385|[from] item: Leftovers
|turn|24
|
|move|p1a: Manaphy|Scald|p2a: Heatran
|-supereffective|p2a: Heatran
|-damage|p2a: Heatran|82\/385
|move|p2a: Heatran|Taunt|p1a: Manaphy
|-start|p1a: Manaphy|move: Taunt
|
|-weather|RainDance|[upkeep]
|-heal|p2a: Heatran|106\/385|[from] item: Leftovers
|turn|25
|
|move|p1a: Manaphy|Scald|p2a: Heatran
|-supereffective|p2a: Heatran
|-damage|p2a: Heatran|0 fnt
|faint|p2a: Heatran
|
|-weather|RainDance|[upkeep]
|
|switch|p2a: Lopunny|Lopunny, F|271\/271
|-damage|p2a: Lopunny|238\/271|[from] Stealth Rock
|turn|26
|
|detailschange|p2a: Lopunny|Lopunny-Mega, F
|message|Lopunny has Mega Evolved into Mega Lopunny!
|move|p2a: Lopunny|High Jump Kick|p1a: Manaphy
|-damage|p1a: Manaphy|222\/403
|move|p1a: Manaphy|Scald|p2a: Lopunny
|-damage|p2a: Lopunny|96\/271
|
|-weather|RainDance|[upkeep]
|-heal|p1a: Manaphy|247\/403|[from] item: Leftovers
|turn|27
|
|move|p2a: Lopunny|High Jump Kick|p1a: Manaphy
|-damage|p1a: Manaphy|45\/403
|move|p1a: Manaphy|Scald|p2a: Lopunny
|-damage|p2a: Lopunny|0 fnt
|faint|p2a: Lopunny
|
|-weather|none
|-heal|p1a: Manaphy|70\/403|[from] item: Leftovers
|-end|p1a: Manaphy|move: Taunt
|
|switch|p2a: Greninja|Greninja, M|257\/285
|-damage|p2a: Greninja|222\/285|[from] Stealth Rock
|turn|28
|
|move|p2a: Greninja|Dark Pulse|p1a: Manaphy
|-start|p2a: Greninja|typechange|Dark|[from] Protean
|-damage|p1a: Manaphy|0 fnt
|-damage|p2a: Greninja|194\/285|[from] item: Life Orb
|faint|p1a: Manaphy
|
|
|switch|p1a: Latios|Latios, M|301\/301
|-damage|p1a: Latios|264\/301|[from] Stealth Rock
|turn|29
|
|move|p1a: Latios|Draco Meteor|p2a: Greninja
|-damage|p2a: Greninja|0 fnt
|-unboost|p1a: Latios|spa|2
|faint|p2a: Greninja
|
|
|switch|p2a: Talonflame|Talonflame, F|226\/297
|-damage|p2a: Talonflame|78\/297|[from] Stealth Rock
|turn|30
|
|move|p2a: Talonflame|Roost|p2a: Talonflame
|-heal|p2a: Talonflame|227\/297
|move|p1a: Latios|Draco Meteor|p2a: Talonflame
|-damage|p2a: Talonflame|56\/297
|-unboost|p1a: Latios|spa|2
|
|turn|31
|
|switch|p1a: Landorus|Landorus, M|290\/331
|-damage|p1a: Landorus|249\/331|[from] Stealth Rock
|move|p2a: Talonflame|Roost|p2a: Talonflame
|-heal|p2a: Talonflame|205\/297
|
|turn|32
|
|move|p2a: Talonflame|Brave Bird|p1a: Landorus
|-damage|p1a: Landorus|26\/331
|-damage|p2a: Talonflame|131\/297|[from] recoil|[of] p1a: Landorus
|move|p1a: Landorus|Psychic|p2a: Talonflame
|-damage|p2a: Talonflame|0 fnt
|faint|p2a: Talonflame
|
|win|Savage Alby
|raw|Ladder updating...
|c|âlolzuk|gg
|c|âSavage Alby|gg