|join|Savage Alby
|join|PokingMoms
|player|p1|Savage Alby|44
|player|p2|PokingMoms|204
|gametype|singles
|gen|6
|tier|OU
|rated
|clearpoke
|poke|p1|Bisharp, F
|poke|p1|Thundurus, M
|poke|p1|Empoleon, M
|poke|p1|Gengar, F
|poke|p1|Scizor, M
|poke|p1|Gastrodon, F
|poke|p2|Gallade, M
|poke|p2|Landorus-Therian, M
|poke|p2|Dragonite, M
|poke|p2|Gardevoir, F
|poke|p2|Greninja, F, shiny
|poke|p2|Darmanitan, F
|rule|Swagger Clause: Swagger is banned
|rule|Baton Pass Clause: Limit one PokÃ©mon knowing Baton Pass
|rule|Sleep Clause Mod: Limit one foe put to sleep
|rule|Species Clause: Limit one of each PokÃ©mon
|rule|OHKO Clause: OHKO moves are banned
|rule|Moody Clause: Moody is banned
|rule|Evasion Moves Clause: Evasion moves are banned
|rule|Endless Battle Clause: Forcing endless battles is banned
|rule|HP Percentage Mod: HP is shown in percentages
|teampreview
|
|start
|switch|p1a: Thundurus|Thundurus, M|299\/299
|switch|p2a: Darmanitan|Darmanitan, F|351\/351
|turn|1
|
|move|p1a: Thundurus|Substitute|p1a: Thundurus
|-start|p1a: Thundurus|Substitute
|-damage|p1a: Thundurus|225\/299
|move|p2a: Darmanitan|Flare Blitz|p1a: Thundurus
|-end|p1a: Thundurus|Substitute
|-damage|p2a: Darmanitan|327\/351|[from] recoil|[of] p1a: Thundurus
|
|-heal|p1a: Thundurus|243\/299|[from] item: Leftovers
|turn|2
|
|switch|p1a: Gastrodon|Gastrodon, F|426\/426
|move|p2a: Darmanitan|Flare Blitz|p1a: Gastrodon
|-resisted|p1a: Gastrodon
|-damage|p1a: Gastrodon|240\/426
|-damage|p2a: Darmanitan|266\/351|[from] recoil|[of] p1a: Gastrodon
|
|-heal|p1a: Gastrodon|266\/426|[from] item: Leftovers
|turn|3
|
|switch|p2a: Gardevoir|Gardevoir, F|277\/277
|move|p1a: Gastrodon|Toxic|p2a: Gardevoir
|-status|p2a: Gardevoir|tox
|-status|p1a: Gastrodon|tox
|
|-heal|p1a: Gastrodon|292\/426 tox|[from] item: Leftovers
|-damage|p2a: Gardevoir|260\/277 tox|[from] psn
|-damage|p1a: Gastrodon|266\/426 tox|[from] psn
|turn|4
|c|âSavage Alby|mfw no trace
|
|switch|p1a: Empoleon|Empoleon, M|371\/371
|move|p2a: Gardevoir|Moonblast|p1a: Empoleon
|-resisted|p1a: Empoleon
|-damage|p1a: Empoleon|296\/371
|-unboost|p1a: Empoleon|spa|1
|
|-heal|p1a: Empoleon|319\/371|[from] item: Leftovers
|-damage|p2a: Gardevoir|226\/277 tox|[from] psn
|turn|5
|
|switch|p2a: Kuribandit|Landorus-Therian, M|319\/319
|-ability|p2a: Kuribandit|Intimidate|[of] p1a: Empoleon
|-unboost|p1a: Empoleon|atk|1
|move|p1a: Empoleon|Stealth Rock|p2a: Kuribandit
|-sidestart|p2: PokingMoms|move: Stealth Rock
|
|-heal|p1a: Empoleon|342\/371|[from] item: Leftovers
|turn|6
|
|move|p2a: Kuribandit|Stealth Rock|p1a: Empoleon
|-sidestart|p1: Savage Alby|move: Stealth Rock
|move|p1a: Empoleon|Scald|p2a: Kuribandit
|-supereffective|p2a: Kuribandit
|-damage|p2a: Kuribandit|149\/319
|
|-heal|p2a: Kuribandit|168\/319|[from] item: Leftovers
|-heal|p1a: Empoleon|365\/371|[from] item: Leftovers
|turn|7
|
|move|p2a: Kuribandit|Earthquake|p1a: Empoleon
|-supereffective|p1a: Empoleon
|-damage|p1a: Empoleon|0 fnt
|faint|p1a: Empoleon
|
|-heal|p2a: Kuribandit|187\/319|[from] item: Leftovers
|
|switch|p1a: Gengar|Gengar, F|261\/261
|-damage|p1a: Gengar|229\/261|[from] Stealth Rock
|turn|8
|
|move|p1a: Gengar|Shadow Ball|p2a: Kuribandit
|-damage|p2a: Kuribandit|0 fnt
|-damage|p1a: Gengar|203\/261|[from] item: Life Orb
|faint|p2a: Kuribandit
|
|
|switch|p2a: Hayabusa|Greninja, F, shiny|285\/285
|-damage|p2a: Hayabusa|250\/285|[from] Stealth Rock
|turn|9
|
|switch|p1a: Bisharp|Bisharp, F|271\/271
|-damage|p1a: Bisharp|255\/271|[from] Stealth Rock
|move|p2a: Hayabusa|Dark Pulse|p1a: Bisharp
|-start|p2a: Hayabusa|typechange|Dark|[from] Protean
|-resisted|p1a: Bisharp
|-damage|p1a: Bisharp|174\/271
|
|turn|10
|
|move|p2a: Hayabusa|Hidden Power|p1a: Bisharp
|-start|p2a: Hayabusa|typechange|Fire|[from] Protean
|-supereffective|p1a: Bisharp
|-damage|p1a: Bisharp|0 fnt
|faint|p1a: Bisharp
|
|
|switch|p1a: Gastrodon|Gastrodon, F|266\/426 tox
|-damage|p1a: Gastrodon|240\/426 tox|[from] Stealth Rock
|turn|11
|
|move|p2a: Hayabusa|Dark Pulse|p1a: Gastrodon
|-start|p2a: Hayabusa|typechange|Dark|[from] Protean
|-damage|p1a: Gastrodon|102\/426 tox
|move|p1a: Gastrodon|Rest|p1a: Gastrodon
|-status|p1a: Gastrodon|slp
|-heal|p1a: Gastrodon|426\/426 slp|[silent]
|-status|p1a: Gastrodon|slp|[from] move: Rest
|
|turn|12
|
|move|p2a: Hayabusa|Dark Pulse|p1a: Gastrodon
|-damage|p1a: Gastrodon|287\/426 slp
|cant|p1a: Gastrodon|slp
|
|-heal|p1a: Gastrodon|313\/426 slp|[from] item: Leftovers
|turn|13
|
|move|p2a: Hayabusa|Dark Pulse|p1a: Gastrodon
|-damage|p1a: Gastrodon|180\/426 slp
|cant|p1a: Gastrodon|slp
|
|-heal|p1a: Gastrodon|206\/426 slp|[from] item: Leftovers
|turn|14
|
|move|p2a: Hayabusa|Dark Pulse|p1a: Gastrodon
|-damage|p1a: Gastrodon|55\/426 slp
|-curestatus|p1a: Gastrodon|slp
|move|p1a: Gastrodon|Recover|p1a: Gastrodon
|-heal|p1a: Gastrodon|268\/426
|
|-heal|p1a: Gastrodon|294\/426|[from] item: Leftovers
|turn|15
|
|move|p2a: Hayabusa|Dark Pulse|p1a: Gastrodon
|-damage|p1a: Gastrodon|147\/426
|move|p1a: Gastrodon|Toxic|p2a: Hayabusa
|-status|p2a: Hayabusa|tox
|
|-heal|p1a: Gastrodon|173\/426|[from] item: Leftovers
|-damage|p2a: Hayabusa|233\/285 tox|[from] psn
|turn|16
|
|move|p2a: Hayabusa|Gunk Shot|p1a: Gastrodon
|-start|p2a: Hayabusa|typechange|Poison|[from] Protean
|-resisted|p1a: Gastrodon
|-damage|p1a: Gastrodon|113\/426
|move|p1a: Gastrodon|Recover|p1a: Gastrodon
|-heal|p1a: Gastrodon|326\/426
|
|-heal|p1a: Gastrodon|352\/426|[from] item: Leftovers
|-damage|p2a: Hayabusa|199\/285 tox|[from] psn
|turn|17
|
|move|p2a: Hayabusa|Gunk Shot|p1a: Gastrodon
|-resisted|p1a: Gastrodon
|-damage|p1a: Gastrodon|289\/426
|-status|p1a: Gastrodon|psn
|move|p1a: Gastrodon|Scald|p2a: Hayabusa
|-damage|p2a: Hayabusa|75\/285 tox
|
|-heal|p1a: Gastrodon|315\/426 psn|[from] item: Leftovers
|-damage|p2a: Hayabusa|24\/285 tox|[from] psn
|-damage|p1a: Gastrodon|262\/426 psn|[from] psn
|turn|18
|
|move|p2a: Hayabusa|Dark Pulse|p1a: Gastrodon
|-start|p2a: Hayabusa|typechange|Dark|[from] Protean
|-damage|p1a: Gastrodon|120\/426 psn
|move|p1a: Gastrodon|Recover|p1a: Gastrodon
|-heal|p1a: Gastrodon|333\/426 psn
|
|-heal|p1a: Gastrodon|359\/426 psn|[from] item: Leftovers
|-damage|p2a: Hayabusa|0 fnt|[from] psn
|-damage|p1a: Gastrodon|306\/426 psn|[from] psn
|faint|p2a: Hayabusa
|
|switch|p2a: Dragonite|Dragonite, M|324\/324
|-damage|p2a: Dragonite|243\/324|[from] Stealth Rock
|turn|19
|
|move|p2a: Dragonite|Outrage|p1a: Gastrodon
|-damage|p1a: Gastrodon|5\/426 psn
|move|p1a: Gastrodon|Toxic|p2a: Dragonite|[miss]
|-miss|p1a: Gastrodon|p2a: Dragonite
|
|-heal|p1a: Gastrodon|31\/426 psn|[from] item: Leftovers
|-damage|p1a: Gastrodon|0 fnt|[from] psn
|faint|p1a: Gastrodon
|
|switch|p1a: Thundurus|Thundurus, M|243\/299
|-damage|p1a: Thundurus|169\/299|[from] Stealth Rock
|turn|20
|
|move|p1a: Thundurus|Hidden Power|p2a: Dragonite
|-supereffective|p2a: Dragonite
|-damage|p2a: Dragonite|0 fnt
|faint|p2a: Dragonite
|
|-heal|p1a: Thundurus|187\/299|[from] item: Leftovers
|
|switch|p2a: Gardevoir|Gardevoir, F|226\/277 tox
|-damage|p2a: Gardevoir|192\/277 tox|[from] Stealth Rock
|turn|21
|
|switch|p1a: Scizor|Scizor, M|344\/344
|-damage|p1a: Scizor|301\/344|[from] Stealth Rock
|move|p2a: Gardevoir|Moonblast|p1a: Scizor
|-resisted|p1a: Scizor
|-damage|p1a: Scizor|205\/344
|
|-damage|p2a: Gardevoir|175\/277 tox|[from] psn
|turn|22
|
|switch|p2a: Megalomaniac|Gallade, M|277\/277
|-damage|p2a: Megalomaniac|260\/277|[from] Stealth Rock
|detailschange|p1a: Scizor|Scizor-Mega, M
|message|Scizor has Mega Evolved into Mega Scizor!
|move|p1a: Scizor|U-turn|p2a: Megalomaniac
|-damage|p2a: Megalomaniac|103\/277
|
|switch|p1a: Thundurus|Thundurus, M|187\/299
|-damage|p1a: Thundurus|113\/299|[from] Stealth Rock
|
|-heal|p1a: Thundurus|131\/299|[from] item: Leftovers
|turn|23
|
|detailschange|p2a: Megalomaniac|Gallade-Mega, M
|message|Gallade has Mega Evolved into Mega Gallade!
|move|p1a: Thundurus|Thunderbolt|p2a: Megalomaniac
|-damage|p2a: Megalomaniac|0 fnt
|faint|p2a: Megalomaniac
|
|-heal|p1a: Thundurus|149\/299|[from] item: Leftovers
|
|switch|p2a: Gardevoir|Gardevoir, F|175\/277 tox
|-damage|p2a: Gardevoir|141\/277 tox|[from] Stealth Rock
|turn|24
|
|switch|p1a: Scizor|Scizor-Mega, M|205\/344
|-damage|p1a: Scizor|162\/344|[from] Stealth Rock
|move|p2a: Gardevoir|Thunderbolt|p1a: Scizor
|-damage|p1a: Scizor|53\/344
|
|-damage|p2a: Gardevoir|124\/277 tox|[from] psn
|turn|25
|
|move|p1a: Scizor|Bullet Punch|p2a: Gardevoir
|-supereffective|p2a: Gardevoir
|-damage|p2a: Gardevoir|0 fnt
|faint|p2a: Gardevoir
|
|
|switch|p2a: Darmanitan|Darmanitan, F|266\/351
|-damage|p2a: Darmanitan|179\/351|[from] Stealth Rock
|turn|26
|
|move|p1a: Scizor|Bullet Punch|p2a: Darmanitan
|-resisted|p2a: Darmanitan
|-damage|p2a: Darmanitan|101\/351
|move|p2a: Darmanitan|Flare Blitz|p1a: Scizor
|-supereffective|p1a: Scizor
|-damage|p1a: Scizor|0 fnt
|-damage|p2a: Darmanitan|84\/351|[from] recoil|[of] p1a: Scizor
|faint|p1a: Scizor
|
|
|switch|p1a: Thundurus|Thundurus, M|149\/299
|-damage|p1a: Thundurus|75\/299|[from] Stealth Rock
|turn|27
|
|move|p1a: Thundurus|Thunder Wave|p2a: Darmanitan
|-status|p2a: Darmanitan|par
|move|p2a: Darmanitan|Flare Blitz|p1a: Thundurus
|-damage|p1a: Thundurus|0 fnt
|-damage|p2a: Darmanitan|59\/351 par|[from] recoil|[of] p1a: Thundurus
|faint|p1a: Thundurus
|
|
|switch|p1a: Gengar|Gengar, F|203\/261
|-damage|p1a: Gengar|171\/261|[from] Stealth Rock
|turn|28
|
|move|p1a: Gengar|Sludge Wave|p2a: Darmanitan
|-damage|p2a: Darmanitan|0 fnt
|-damage|p1a: Gengar|145\/261|[from] item: Life Orb
|faint|p2a: Darmanitan
|
|win|Savage Alby
|raw|Ladder updating...
|raw|Savage Alby's rating: 1463 &rarr; <strong>1480<\/strong><br \/>(+17 for winning)
|raw|PokingMoms's rating: 1416 &rarr; <strong>1398<\/strong><br \/>(-18 for losing)
|leave|PokingMoms
|player|p2