|join|Savage Alby
|join|haxizhax
|player|p1|Savage Alby|44
|player|p2|haxizhax|1
|gametype|singles
|gen|6
|tier|OU
|rated
|clearpoke
|poke|p1|Politoed, F, shiny
|poke|p1|Kabutops, M
|poke|p1|Tornadus-Therian, M
|poke|p1|Heliolisk, M, shiny
|poke|p1|Scizor, M
|poke|p1|Mamoswine, M
|poke|p2|Heatran, M
|poke|p2|Landorus-Therian, M
|poke|p2|Rotom-Wash
|poke|p2|Ferrothorn, M
|poke|p2|Latios, M
|poke|p2|Metagross
|rule|Swagger Clause: Swagger is banned
|rule|Baton Pass Clause: Limit one PokÃ©mon knowing Baton Pass
|rule|Sleep Clause Mod: Limit one foe put to sleep
|rule|Species Clause: Limit one of each PokÃ©mon
|rule|OHKO Clause: OHKO moves are banned
|rule|Moody Clause: Moody is banned
|rule|Evasion Moves Clause: Evasion moves are banned
|rule|Endless Battle Clause: Forcing endless battles is banned
|rule|HP Percentage Mod: HP is shown in percentages
|teampreview
|
|start
|switch|p1a: Mamoswine|Mamoswine, M|361\/361
|switch|p2a: Rotom-Wash|Rotom-Wash|304\/304
|turn|1
|
|move|p1a: Mamoswine|Stealth Rock|p2a: Rotom-Wash
|-sidestart|p2: haxizhax|move: Stealth Rock
|move|p2a: Rotom-Wash|Will-O-Wisp|p1a: Mamoswine
|-status|p1a: Mamoswine|brn
|
|-damage|p1a: Mamoswine|316\/361 brn|[from] brn
|turn|2
|
|move|p1a: Mamoswine|Freeze-Dry|p2a: Rotom-Wash
|-supereffective|p2a: Rotom-Wash
|-damage|p2a: Rotom-Wash|148\/304
|-damage|p1a: Mamoswine|280\/361 brn|[from] item: Life Orb
|move|p2a: Rotom-Wash|Volt Switch|p1a: Mamoswine
|-immune|p1a: Mamoswine|[msg]
|
|-heal|p2a: Rotom-Wash|167\/304|[from] item: Leftovers
|-damage|p1a: Mamoswine|235\/361 brn|[from] brn
|turn|3
|
|switch|p1a: Tornadus-Therian|Tornadus-Therian, M|299\/299
|move|p2a: Rotom-Wash|Pain Split|p1a: Tornadus-Therian
|-sethp|p1a: Tornadus-Therian|233\/299|p2a: Rotom-Wash|233\/304|[from] move: Pain Split
|
|-heal|p2a: Rotom-Wash|252\/304|[from] item: Leftovers
|turn|4
|
|move|p1a: Tornadus-Therian|U-turn|p2a: Rotom-Wash
|-damage|p2a: Rotom-Wash|184\/304
|-damage|p1a: Tornadus-Therian|204\/299|[from] item: Life Orb
|
|switch|p1a: Mamoswine|Mamoswine, M|235\/361 brn
|move|p2a: Rotom-Wash|Volt Switch|p1a: Mamoswine
|-immune|p1a: Mamoswine|[msg]
|
|-heal|p2a: Rotom-Wash|203\/304|[from] item: Leftovers
|-damage|p1a: Mamoswine|190\/361 brn|[from] brn
|turn|5
|
|move|p1a: Mamoswine|Freeze-Dry|p2a: Rotom-Wash
|-supereffective|p2a: Rotom-Wash
|-damage|p2a: Rotom-Wash|39\/304
|-damage|p1a: Mamoswine|154\/361 brn|[from] item: Life Orb
|move|p2a: Rotom-Wash|Pain Split|p1a: Mamoswine
|-sethp|p1a: Mamoswine|96\/361 brn|p2a: Rotom-Wash|96\/304|[from] move: Pain Split
|
|-heal|p2a: Rotom-Wash|115\/304|[from] item: Leftovers
|-damage|p1a: Mamoswine|51\/361 brn|[from] brn
|turn|6
|
|switch|p2a: Heatran|Heatran, M|386\/386
|-damage|p2a: Heatran|338\/386|[from] Stealth Rock
|move|p1a: Mamoswine|Earthquake|p2a: Heatran
|-supereffective|p2a: Heatran
|-damage|p2a: Heatran|0 fnt
|-damage|p1a: Mamoswine|15\/361 brn|[from] item: Life Orb
|faint|p2a: Heatran
|
|-damage|p1a: Mamoswine|0 fnt|[from] brn
|faint|p1a: Mamoswine
|
|switch|p2a: Rotom-Wash|Rotom-Wash|115\/304
|switch|p1a: Politoed|Politoed, F, shiny|383\/383
|-damage|p2a: Rotom-Wash|77\/304|[from] Stealth Rock
|-weather|RainDance
|turn|7
|
|move|p2a: Rotom-Wash|Pain Split|p1a: Politoed
|-sethp|p1a: Politoed|230\/383|p2a: Rotom-Wash|230\/304|[from] move: Pain Split
|move|p1a: Politoed|Encore|p2a: Rotom-Wash
|-start|p2a: Rotom-Wash|Encore
|
|-weather|RainDance|[upkeep]
|-heal|p2a: Rotom-Wash|249\/304|[from] item: Leftovers
|turn|8
|
|switch|p2a: Ferrothorn|Ferrothorn, M|352\/352
|-damage|p2a: Ferrothorn|330\/352|[from] Stealth Rock
|move|p1a: Politoed|Hypnosis|p2a: Ferrothorn
|-status|p2a: Ferrothorn|slp
|
|-weather|RainDance|[upkeep]
|turn|9
|c|âhaxizhax|lol
|c|âhaxizhax|!data hypnosis
|c|~|\/data-move Hypnosis

|
|switch|p1a: Tornadus-Therian|Tornadus-Therian, M|299\/299
|cant|p2a: Ferrothorn|slp
|
|-weather|RainDance|[upkeep]
|turn|10
|
|move|p1a: Tornadus-Therian|Hurricane|p2a: Ferrothorn
|-damage|p2a: Ferrothorn|143\/352 slp
|-start|p2a: Ferrothorn|confusion
|-damage|p1a: Tornadus-Therian|270\/299|[from] item: Life Orb
|cant|p2a: Ferrothorn|slp
|
|-weather|RainDance|[upkeep]
|turn|11
|
|switch|p2a: Rotom-Wash|Rotom-Wash|249\/304
|-damage|p2a: Rotom-Wash|211\/304|[from] Stealth Rock
|move|p1a: Tornadus-Therian|U-turn|p2a: Rotom-Wash
|-damage|p2a: Rotom-Wash|137\/304
|-damage|p1a: Tornadus-Therian|241\/299|[from] item: Life Orb
|
|switch|p1a: Heliolisk|Heliolisk, M, shiny|265\/265
|
|-weather|RainDance|[upkeep]
|-heal|p2a: Rotom-Wash|156\/304|[from] item: Leftovers
|turn|12
|
|move|p1a: Heliolisk|Substitute|p1a: Heliolisk
|-start|p1a: Heliolisk|Substitute
|-damage|p1a: Heliolisk|199\/265
|move|p2a: Rotom-Wash|Pain Split|p1a: Heliolisk
|
|-weather|RainDance|[upkeep]
|-heal|p1a: Heliolisk|232\/265|[from] ability: Dry Skin
|-heal|p2a: Rotom-Wash|175\/304|[from] item: Leftovers
|turn|13
|
|move|p1a: Heliolisk|Thunder|p2a: Rotom-Wash
|-damage|p2a: Rotom-Wash|0 fnt
|-damage|p1a: Heliolisk|206\/265|[from] item: Life Orb
|faint|p2a: Rotom-Wash
|
|-weather|RainDance|[upkeep]
|-heal|p1a: Heliolisk|239\/265|[from] ability: Dry Skin
|c|âhaxizhax|fucking hypnosis
|c|âSavage Alby|?
|
|switch|p2a: Ferrothorn|Ferrothorn, M|143\/352 slp
|-damage|p2a: Ferrothorn|121\/352 slp|[from] Stealth Rock
|turn|14
|c|âSavage Alby|i had 2 turns
|c|âSavage Alby|to use
|c|âSavage Alby|if it missed
|c|âhaxizhax|the fact that you even use it
|
|move|p1a: Heliolisk|Thunder|p2a: Ferrothorn
|-resisted|p2a: Ferrothorn
|-damage|p2a: Ferrothorn|25\/352 slp
|-damage|p1a: Heliolisk|213\/265|[from] item: Life Orb
|cant|p2a: Ferrothorn|slp
|
|-weather|none
|turn|15
|-message|haxizhax forfeited.
|c|âSavage Alby|its kind of standard
|leave|haxizhax
|
|win|Savage Alby
|raw|Ladder updating...
|player|p2
|raw|Savage Alby's rating: 1678 &rarr; <strong>1688<\/strong><br \/>(+10 for winning)
|raw|haxizhax's rating: 1473 &rarr; <strong>1463<\/strong><br \/>(-10 for losing)