|join|Vrin
|join|Savage Alby
|player|p1|Vrin|60
|player|p2|Savage Alby|44
|gametype|singles
|gen|6
|tier|OU
|clearpoke
|poke|p1|Latios, M
|poke|p1|Landorus-Therian, M
|poke|p1|Heatran, M
|poke|p1|Metagross
|poke|p1|Chesnaught, M
|poke|p1|Keldeo-Resolute
|poke|p2|Gyarados, M, shiny
|poke|p2|Celebi
|poke|p2|Entei, shiny
|poke|p2|Toxicroak, F
|poke|p2|Landorus-Therian, M
|poke|p2|Zapdos, shiny
|rule|Swagger Clause: Swagger is banned
|rule|Baton Pass Clause: Limit one PokÃ©mon knowing Baton Pass
|rule|Sleep Clause Mod: Limit one foe put to sleep
|rule|Species Clause: Limit one of each PokÃ©mon
|rule|OHKO Clause: OHKO moves are banned
|rule|Moody Clause: Moody is banned
|rule|Evasion Moves Clause: Evasion moves are banned
|rule|Endless Battle Clause: Forcing endless battles is banned
|rule|HP Percentage Mod: HP is shown in percentages
|teampreview
|join|Galactic Princess
|c|âVrin|hm
|c|âVrin|are u trying to build anti-meta: the team?
|
|start
|switch|p1a: Terrain|Landorus-Therian, M|379\/379
|switch|p2a: Landorus-Therian|Landorus-Therian, M|382\/382
|-ability|p1a: Terrain|Intimidate|[of] p2a: Landorus-Therian
|-unboost|p2a: Landorus-Therian|atk|1
|-ability|p2a: Landorus-Therian|Intimidate|[of] p1a: Terrain
|-unboost|p1a: Terrain|atk|1
|turn|1
|
|move|p1a: Terrain|Stealth Rock|p2a: Landorus-Therian
|-sidestart|p2: Savage Alby|move: Stealth Rock
|move|p2a: Landorus-Therian|Stealth Rock|p1a: Terrain
|-sidestart|p1: Vrin|move: Stealth Rock
|
|turn|2
|
|move|p1a: Terrain|U-turn|p2a: Landorus-Therian
|-resisted|p2a: Landorus-Therian
|-damage|p2a: Landorus-Therian|363\/382
|
|switch|p1a: Thorn|Chesnaught, M|320\/320
|-damage|p1a: Thorn|300\/320|[from] Stealth Rock
|move|p2a: Landorus-Therian|Hidden Power|p1a: Thorn
|-supereffective|p1a: Thorn
|-damage|p1a: Thorn|188\/320
|
|-heal|p2a: Landorus-Therian|382\/382|[from] item: Leftovers
|turn|3
|c|âVrin|ow
|c|âVrin|people still run that apparently
|
|switch|p1a: Lost Hopes|Latios, M|301\/301
|-damage|p1a: Lost Hopes|264\/301|[from] Stealth Rock
|move|p2a: Landorus-Therian|Hidden Power|p1a: Lost Hopes
|-supereffective|p1a: Lost Hopes
|-damage|p1a: Lost Hopes|178\/301
|
|turn|4
|
|move|p1a: Lost Hopes|Calm Mind|p1a: Lost Hopes
|-boost|p1a: Lost Hopes|spa|1
|-boost|p1a: Lost Hopes|spd|1
|move|p2a: Landorus-Therian|U-turn|p1a: Lost Hopes
|-supereffective|p1a: Lost Hopes
|-damage|p1a: Lost Hopes|62\/301
|c|âVrin|i love that hp ice did almost as much as u turn
|
|switch|p2a: Zapdos|Zapdos, shiny|383\/383
|-damage|p2a: Zapdos|288\/383|[from] Stealth Rock
|-ability|p2a: Zapdos|Pressure
|
|-heal|p2a: Zapdos|311\/383|[from] item: Leftovers
|turn|5
|
|move|p1a: Lost Hopes|Psyshock|p2a: Zapdos
|-crit|p2a: Zapdos
|-damage|p2a: Zapdos|0 fnt
|-damage|p1a: Lost Hopes|32\/301|[from] item: Life Orb
|faint|p2a: Zapdos
|
|c|âSavage Alby|k
|c|âVrin|sry
|c|âVrin|was honestly trying to sac the latios cause it did nothing vs ur team
|
|switch|p2a: Entei|Entei, shiny|371\/371
|-damage|p2a: Entei|279\/371|[from] Stealth Rock
|-ability|p2a: Entei|Pressure
|turn|6
|
|switch|p1a: Terrain|Landorus-Therian, M|379\/379
|-damage|p1a: Terrain|332\/379|[from] Stealth Rock
|-ability|p1a: Terrain|Intimidate|[of] p2a: Entei
|-unboost|p2a: Entei|atk|1
|move|p2a: Entei|Extreme Speed|p1a: Terrain
|-damage|p1a: Terrain|280\/379
|
|-heal|p1a: Terrain|303\/379|[from] item: Leftovers
|turn|7
|c|âSavage Alby|i does so much to  my team
|c|âSavage Alby|it*
|c|âVrin|not rly, metagross does everything latios can do better
|c|âSavage Alby|i have no steel
|
|move|p2a: Entei|Sacred Fire|p1a: Terrain
|-damage|p1a: Terrain|213\/379
|-status|p1a: Terrain|brn
|move|p1a: Terrain|U-turn|p2a: Entei
|-resisted|p2a: Entei
|-damage|p2a: Entei|257\/371
|c|âVrin|unless that's non-mega gyarados for whatever reason
|
|switch|p1a: Forgot|Keldeo-Resolute|323\/323
|-damage|p1a: Forgot|303\/323|[from] Stealth Rock
|
|-heal|p1a: Forgot|323\/323|[from] item: Leftovers
|turn|8
|
|switch|p2a: Toxicroak|Toxicroak, F|307\/307
|-damage|p2a: Toxicroak|288\/307|[from] Stealth Rock
|move|p1a: Forgot|Calm Mind|p1a: Forgot
|-boost|p1a: Forgot|spa|1
|-boost|p1a: Forgot|spd|1
|
|turn|9
|
|move|p1a: Forgot|Substitute|p1a: Forgot
|-start|p1a: Forgot|Substitute
|-damage|p1a: Forgot|243\/323
|move|p2a: Toxicroak|Gunk Shot|p1a: Forgot
|-end|p1a: Forgot|Substitute
|-damage|p2a: Toxicroak|258\/307|[from] item: Life Orb
|
|-heal|p1a: Forgot|263\/323|[from] item: Leftovers
|turn|10
|
|switch|p1a: Thorn|Chesnaught, M|188\/320
|-damage|p1a: Thorn|168\/320|[from] Stealth Rock
|move|p2a: Toxicroak|Drain Punch|p1a: Thorn
|-damage|p1a: Thorn|50\/320
|-heal|p2a: Toxicroak|307\/307|[from] drain|[of] p1a: Thorn
|-damage|p2a: Toxicroak|277\/307|[from] item: Life Orb
|-enditem|p1a: Thorn|Salac Berry|[eat]
|-boost|p1a: Thorn|spe|1|[from] item: Salac Berry
|
|turn|11
|c|âVrin|why cant u accept that i want to sac shit
|c|âVrin|lol
|
|switch|p2a: Celebi|Celebi|403\/403
|-damage|p2a: Celebi|353\/403|[from] Stealth Rock
|move|p1a: Thorn|Drain Punch|p2a: Celebi
|-resisted|p2a: Celebi
|-damage|p2a: Celebi|307\/403
|-heal|p1a: Thorn|73\/320|[from] drain|[of] p2a: Celebi
|
|-heal|p2a: Celebi|332\/403|[from] item: Leftovers
|turn|12
|
|move|p1a: Thorn|Drain Punch|p2a: Celebi
|-resisted|p2a: Celebi
|-damage|p2a: Celebi|286\/403
|-heal|p1a: Thorn|96\/320|[from] drain|[of] p2a: Celebi
|move|p2a: Celebi|Swords Dance|p2a: Celebi
|-boost|p2a: Celebi|atk|2
|
|-heal|p2a: Celebi|311\/403|[from] item: Leftovers
|turn|13
|c|âVrin|dancepass so scary
|
|move|p1a: Thorn|Drain Punch|p2a: Celebi
|-resisted|p2a: Celebi
|-damage|p2a: Celebi|257\/403
|-heal|p1a: Thorn|123\/320|[from] drain|[of] p2a: Celebi
|move|p2a: Celebi|Baton Pass|p2a: Celebi
|
|switch|p2a: Gyarados|Gyarados, M, shiny|331\/331
|-damage|p2a: Gyarados|249\/331|[from] Stealth Rock
|-ability|p2a: Gyarados|Intimidate|[of] p1a: Thorn
|-unboost|p1a: Thorn|atk|1
|
|turn|14
|
|move|p1a: Thorn|Seed Bomb|p2a: Gyarados
|-damage|p2a: Gyarados|143\/331
|move|p2a: Gyarados|Dragon Dance|p2a: Gyarados
|-boost|p2a: Gyarados|atk|1
|-boost|p2a: Gyarados|spe|1
|
|turn|15
|
|move|p2a: Gyarados|Waterfall|p1a: Thorn
|-resisted|p1a: Thorn
|-damage|p1a: Thorn|0 fnt
|faint|p1a: Thorn
|
|c|âVrin|so that is non-mega
|c|âVrin|wtf
|
|switch|p1a: Blut und Eisen|Metagross|301\/301
|-damage|p1a: Blut und Eisen|283\/301|[from] Stealth Rock
|turn|16
|
|detailschange|p2a: Gyarados|Gyarados-Mega, M, shiny
|-mega|p2a: Gyarados|Gyarados|Gyaradosite
|-ability|p2a: Gyarados|Mold Breaker
|detailschange|p1a: Blut und Eisen|Metagross-Mega
|-mega|p1a: Blut und Eisen|Metagross|Metagrossite
|move|p2a: Gyarados|Crunch|p1a: Blut und Eisen
|-supereffective|p1a: Blut und Eisen
|-damage|p1a: Blut und Eisen|0 fnt
|faint|p1a: Blut und Eisen
|
|c|âVrin|o
|c|âVrin|shit
|c|âVrin|nvm
|c|âVrin|gg tho
|-message|Vrin forfeited.
|leave|Vrin
|
|switch|p1a: This is Hell|Heatran, M|323\/323
|-damage|p1a: This is Hell|283\/323|[from] Stealth Rock
|turn|17
|
|win|Savage Alby
|player|p1