|join|Savage Alby
|join|RATATA GG
|player|p1|Savage Alby|44
|player|p2|RATATA GG|40
|gametype|singles
|gen|6
|tier|OU (suspect test)
|rated
|clearpoke
|poke|p1|Scizor, F
|poke|p1|Thundurus, M
|poke|p1|Hippowdon, F
|poke|p1|Manaphy
|poke|p1|Bisharp, F
|poke|p1|Latios, M
|poke|p2|Thundurus-Therian, M
|poke|p2|Beedrill, F
|poke|p2|Keldeo-Resolute
|poke|p2|Ferrothorn, F
|poke|p2|Latias, F
|poke|p2|Landorus-Therian, M
|rule|Swagger Clause: Swagger is banned
|rule|Baton Pass Clause: Limit one PokÃ©mon knowing Baton Pass
|rule|Sleep Clause Mod: Limit one foe put to sleep
|rule|Species Clause: Limit one of each PokÃ©mon
|rule|OHKO Clause: OHKO moves are banned
|rule|Moody Clause: Moody is banned
|rule|Evasion Moves Clause: Evasion moves are banned
|rule|Endless Battle Clause: Forcing endless battles is banned
|rule|HP Percentage Mod: HP is shown in percentages
|teampreview
|
|start
|switch|p1a: Hippowdon|Hippowdon, F|420\/420
|switch|p2a: Landorus-Therian|Landorus-Therian, M|382\/382
|-ability|p2a: Landorus-Therian|Intimidate|[of] p1a: Hippowdon
|-unboost|p1a: Hippowdon|atk|1
|-weather|Sandstorm
|turn|1
|
|move|p2a: Landorus-Therian|Stealth Rock|p1a: Hippowdon
|-sidestart|p1: Savage Alby|move: Stealth Rock
|move|p1a: Hippowdon|Stealth Rock|p2a: Landorus-Therian
|-sidestart|p2: RATATA GG|move: Stealth Rock
|
|-weather|Sandstorm|[upkeep]
|turn|2
|
|move|p2a: Landorus-Therian|U-turn|p1a: Hippowdon
|-damage|p1a: Hippowdon|346\/420
|
|switch|p2a: Ferrothorn|Ferrothorn, F|352\/352
|-damage|p2a: Ferrothorn|330\/352|[from] Stealth Rock
|move|p1a: Hippowdon|Earthquake|p2a: Ferrothorn
|-damage|p2a: Ferrothorn|279\/352
|
|-weather|Sandstorm|[upkeep]
|-heal|p1a: Hippowdon|372\/420|[from] item: Leftovers
|-heal|p2a: Ferrothorn|301\/352|[from] item: Leftovers
|turn|3
|
|switch|p1a: Bisharp|Bisharp, F|271\/271
|-damage|p1a: Bisharp|255\/271|[from] Stealth Rock
|move|p2a: Ferrothorn|Leech Seed|p1a: Bisharp
|-start|p1a: Bisharp|move: Leech Seed
|
|-weather|Sandstorm|[upkeep]
|-heal|p2a: Ferrothorn|323\/352|[from] item: Leftovers
|-damage|p1a: Bisharp|222\/271|[from] Leech Seed|[of] p2a: Ferrothorn
|-heal|p2a: Ferrothorn|352\/352|[silent]
|turn|4
|
|move|p1a: Bisharp|Taunt|p2a: Ferrothorn
|-start|p2a: Ferrothorn|move: Taunt
|cant|p2a: Ferrothorn|move: Taunt|Spikes
|
|-weather|Sandstorm|[upkeep]
|-damage|p1a: Bisharp|189\/271|[from] Leech Seed|[of] p2a: Ferrothorn
|turn|5
|
|switch|p2a: Keldeo-Resolute|Keldeo-Resolute|323\/323
|-damage|p2a: Keldeo-Resolute|303\/323|[from] Stealth Rock
|move|p1a: Bisharp|Knock Off|p2a: Keldeo-Resolute
|-resisted|p2a: Keldeo-Resolute
|-damage|p2a: Keldeo-Resolute|194\/323
|-boost|p2a: Keldeo-Resolute|atk|1|[from] ability: Justified
|-enditem|p2a: Keldeo-Resolute|Choice Specs|[from] move: Knock Off|[of] p1a: Bisharp
|
|-weather|none
|-damage|p1a: Bisharp|156\/271|[from] Leech Seed|[of] p2a: Keldeo-Resolute
|-heal|p2a: Keldeo-Resolute|227\/323|[silent]
|turn|6
|
|switch|p1a: Manaphy|Manaphy|404\/404
|-damage|p1a: Manaphy|354\/404|[from] Stealth Rock
|move|p2a: Keldeo-Resolute|Scald|p1a: Manaphy
|-crit|p1a: Manaphy
|-resisted|p1a: Manaphy
|-damage|p1a: Manaphy|251\/404
|
|-heal|p1a: Manaphy|276\/404|[from] item: Leftovers
|turn|7
|
|switch|p2a: Ferrothorn|Ferrothorn, F|352\/352
|-damage|p2a: Ferrothorn|330\/352|[from] Stealth Rock
|switch|p1a: Latios|Latios, M|301\/301
|-damage|p1a: Latios|264\/301|[from] Stealth Rock
|
|-heal|p2a: Ferrothorn|352\/352|[from] item: Leftovers
|turn|8
|
|move|p2a: Ferrothorn|Protect|p2a: Ferrothorn
|-singleturn|p2a: Ferrothorn|Protect
|move|p1a: Latios|Hidden Power|p2a: Ferrothorn
|-activate|p2a: Ferrothorn|Protect
|
|turn|9
|
|move|p1a: Latios|Hidden Power|p2a: Ferrothorn
|-supereffective|p2a: Ferrothorn
|-damage|p2a: Ferrothorn|45\/352
|move|p2a: Ferrothorn|Spikes|p1a: Latios
|-sidestart|p1: Savage Alby|Spikes
|
|-heal|p2a: Ferrothorn|67\/352|[from] item: Leftovers
|turn|10
|
|switch|p2a: Keldeo-Resolute|Keldeo-Resolute|227\/323
|-damage|p2a: Keldeo-Resolute|207\/323|[from] Stealth Rock
|move|p1a: Latios|Hidden Power|p2a: Keldeo-Resolute
|-resisted|p2a: Keldeo-Resolute
|-damage|p2a: Keldeo-Resolute|168\/323
|
|turn|11
|
|move|p1a: Latios|Psyshock|p2a: Keldeo-Resolute
|-supereffective|p2a: Keldeo-Resolute
|-damage|p2a: Keldeo-Resolute|0 fnt
|faint|p2a: Keldeo-Resolute
|
|
|switch|p2a: Latias|Latias, F|301\/301
|-damage|p2a: Latias|264\/301|[from] Stealth Rock
|turn|12
|
|switch|p1a: Scizor|Scizor, F|307\/307
|-damage|p1a: Scizor|269\/307|[from] Spikes
|-damage|p1a: Scizor|231\/307|[from] Stealth Rock
|move|p2a: Latias|Draco Meteor|p1a: Scizor
|-resisted|p1a: Scizor
|-damage|p1a: Scizor|104\/307
|-unboost|p2a: Latias|spa|2
|
|-heal|p2a: Latias|282\/301|[from] item: Leftovers
|turn|13
|
|switch|p2a: Ferrothorn|Ferrothorn, F|67\/352
|-damage|p2a: Ferrothorn|45\/352|[from] Stealth Rock
|detailschange|p1a: Scizor|Scizor-Mega, F
|-mega|p1a: Scizor|Scizor|Scizorite
|move|p1a: Scizor|Roost|p1a: Scizor
|-heal|p1a: Scizor|258\/307
|
|-heal|p2a: Ferrothorn|67\/352|[from] item: Leftovers
|turn|14
|
|move|p1a: Scizor|Swords Dance|p1a: Scizor
|-boost|p1a: Scizor|atk|2
|move|p2a: Ferrothorn|Leech Seed|p1a: Scizor
|-start|p1a: Scizor|move: Leech Seed
|
|-heal|p2a: Ferrothorn|89\/352|[from] item: Leftovers
|-damage|p1a: Scizor|220\/307|[from] Leech Seed|[of] p2a: Ferrothorn
|-heal|p2a: Ferrothorn|127\/352|[silent]
|turn|15
|
|move|p1a: Scizor|Swords Dance|p1a: Scizor
|-boost|p1a: Scizor|atk|2
|move|p2a: Ferrothorn|Spikes|p1a: Scizor
|-sidestart|p1: Savage Alby|Spikes
|
|-heal|p2a: Ferrothorn|149\/352|[from] item: Leftovers
|-damage|p1a: Scizor|182\/307|[from] Leech Seed|[of] p2a: Ferrothorn
|-heal|p2a: Ferrothorn|187\/352|[silent]
|turn|16
|
|move|p2a: Ferrothorn|Protect|p2a: Ferrothorn
|-singleturn|p2a: Ferrothorn|Protect
|move|p1a: Scizor|Swords Dance|p1a: Scizor
|-boost|p1a: Scizor|atk|2
|
|-heal|p2a: Ferrothorn|209\/352|[from] item: Leftovers
|-damage|p1a: Scizor|144\/307|[from] Leech Seed|[of] p2a: Ferrothorn
|-heal|p2a: Ferrothorn|247\/352|[silent]
|turn|17
|
|move|p1a: Scizor|Roost|p1a: Scizor
|-heal|p1a: Scizor|298\/307
|move|p2a: Ferrothorn|Gyro Ball|p1a: Scizor
|-resisted|p1a: Scizor
|-damage|p1a: Scizor|243\/307
|
|-heal|p2a: Ferrothorn|269\/352|[from] item: Leftovers
|-damage|p1a: Scizor|205\/307|[from] Leech Seed|[of] p2a: Ferrothorn
|-heal|p2a: Ferrothorn|307\/352|[silent]
|turn|18
|
|move|p1a: Scizor|Roost|p1a: Scizor
|-heal|p1a: Scizor|307\/307
|move|p2a: Ferrothorn|Gyro Ball|p1a: Scizor
|-resisted|p1a: Scizor
|-damage|p1a: Scizor|247\/307
|
|-heal|p2a: Ferrothorn|329\/352|[from] item: Leftovers
|-damage|p1a: Scizor|209\/307|[from] Leech Seed|[of] p2a: Ferrothorn
|-heal|p2a: Ferrothorn|352\/352|[silent]
|turn|19
|
|move|p1a: Scizor|Superpower|p2a: Ferrothorn
|-supereffective|p2a: Ferrothorn
|-damage|p2a: Ferrothorn|0 fnt
|-damage|p1a: Scizor|171\/307|[from] ability: Iron Barbs|[of] p2a: Ferrothorn
|-unboost|p1a: Scizor|atk|1
|-unboost|p1a: Scizor|def|1
|faint|p2a: Ferrothorn
|
|
|switch|p2a: Landorus-Therian|Landorus-Therian, M|382\/382
|-damage|p2a: Landorus-Therian|335\/382|[from] Stealth Rock
|-ability|p2a: Landorus-Therian|Intimidate|[of] p1a: Scizor
|-unboost|p1a: Scizor|atk|1
|turn|20
|
|move|p1a: Scizor|Bullet Punch|p2a: Landorus-Therian
|-damage|p2a: Landorus-Therian|0 fnt
|faint|p2a: Landorus-Therian
|
|-message|RATATA GG forfeited.
|
|win|Savage Alby
|raw|Ladder updating...
|raw|Savage Alby's rating: 1412 &rarr; <strong>1428<\/strong><br \/>(+16 for winning)
|raw|RATATA GG's rating: 1340 &rarr; <strong>1324<\/strong><br \/>(-16 for losing)
|join|Savage-Jay
|join|Savage-Sub0
|leave|Savage-Sub0