|join|IcyFireDelta
|join|pokemontester20
|player|p1|IcyFireDelta|102
|player|p2|pokemontester20|131
|gametype|singles
|gen|6
|tier|UU
|rated
|rule|Sleep Clause Mod: Limit one foe put to sleep
|rule|Species Clause: Limit one of each PokÃ©mon
|rule|OHKO Clause: OHKO moves are banned
|rule|Moody Clause: Moody is banned
|rule|Evasion Moves Clause: Evasion moves are banned
|rule|Endless Battle Clause: Forcing endless battles is banned
|rule|HP Percentage Mod: HP is shown in percentages
|clearpoke
|poke|p1|Trevenant, F
|poke|p1|Zygarde
|poke|p1|Beedrill, F
|poke|p1|Jirachi
|poke|p1|Uxie
|poke|p1|Crobat, F
|poke|p2|Toxicroak, F
|poke|p2|Swampert, M
|poke|p2|Tornadus, M
|poke|p2|Vaporeon, F
|poke|p2|Crobat, M
|poke|p2|Jirachi
|rule|Swagger Clause: Swagger is banned
|rule|Baton Pass Clause: Limit one PokÃ©mon knowing Baton Pass
|teampreview
|
|start
|switch|p1a: Beedrill|Beedrill, F|271\/271
|switch|p2a: Tornadus|Tornadus, M|299\/299
|turn|1
|
|detailschange|p1a: Beedrill|Beedrill-Mega, F
|-mega|p1a: Beedrill|Beedrill|Beedrillite
|move|p1a: Beedrill|Protect|p1a: Beedrill
|-singleturn|p1a: Beedrill|Protect
|move|p2a: Tornadus|Rain Dance|p2a: Tornadus
|-weather|RainDance
|
|-weather|RainDance|[upkeep]
|turn|2
|
|switch|p2a: Crobat|Crobat, M|373\/373
|move|p1a: Beedrill|U-turn|p2a: Crobat
|-resisted|p2a: Crobat
|-damage|p2a: Crobat|318\/373
|
|switch|p1a: Jirachi|Jirachi|341\/341
|
|-weather|RainDance|[upkeep]
|-heal|p2a: Crobat|341\/373|[from] item: Black Sludge
|turn|3
|
|switch|p2a: Swampert|Swampert, M|361\/361
|move|p1a: Jirachi|Zen Headbutt|p2a: Swampert
|-damage|p2a: Swampert|229\/361
|
|-weather|RainDance|[upkeep]
|turn|4
|
|switch|p1a: Trevenant|Trevenant, F|373\/373
|detailschange|p2a: Swampert|Swampert-Mega, M
|-mega|p2a: Swampert|Swampert|Swampertite
|move|p2a: Swampert|Waterfall|p1a: Trevenant
|-resisted|p1a: Trevenant
|-damage|p1a: Trevenant|247\/373
|
|-weather|RainDance|[upkeep]
|turn|5
|
|move|p2a: Swampert|Ice Punch|p1a: Trevenant
|-supereffective|p1a: Trevenant
|-damage|p1a: Trevenant|43\/373
|-enditem|p1a: Trevenant|Sitrus Berry|[eat]
|-heal|p1a: Trevenant|136\/373|[from] item: Sitrus Berry
|move|p1a: Trevenant|Will-O-Wisp|p2a: Swampert|[miss]
|-miss|p1a: Trevenant|p2a: Swampert
|
|-weather|RainDance|[upkeep]
|-item|p1a: Trevenant|Sitrus Berry|[from] ability: Harvest
|-enditem|p1a: Trevenant|Sitrus Berry|[eat]
|-heal|p1a: Trevenant|229\/373|[from] item: Sitrus Berry
|turn|6
|
|move|p2a: Swampert|Ice Punch|p1a: Trevenant
|-supereffective|p1a: Trevenant
|-damage|p1a: Trevenant|13\/373
|move|p1a: Trevenant|Leech Seed|p2a: Swampert
|-start|p2a: Swampert|move: Leech Seed
|
|-weather|RainDance|[upkeep]
|-damage|p2a: Swampert|184\/361|[from] Leech Seed|[of] p1a: Trevenant
|-heal|p1a: Trevenant|58\/373|[silent]
|-item|p1a: Trevenant|Sitrus Berry|[from] ability: Harvest
|-enditem|p1a: Trevenant|Sitrus Berry|[eat]
|-heal|p1a: Trevenant|151\/373|[from] item: Sitrus Berry
|turn|7
|
|switch|p2a: Tornadus|Tornadus, M|299\/299
|move|p1a: Trevenant|Protect|p1a: Trevenant
|-fail|p1a: Trevenant
|
|-weather|RainDance|[upkeep]
|-item|p1a: Trevenant|Sitrus Berry|[from] ability: Harvest
|-enditem|p1a: Trevenant|Sitrus Berry|[eat]
|-heal|p1a: Trevenant|244\/373|[from] item: Sitrus Berry
|turn|8
|c|âpokemontester20|hat thing is the perfect counter
|
|move|p1a: Trevenant|Protect|p1a: Trevenant
|-singleturn|p1a: Trevenant|Protect
|move|p2a: Tornadus|Knock Off|p1a: Trevenant
|-activate|p1a: Trevenant|Protect
|
|-weather|none
|turn|9
|
|move|p2a: Tornadus|Rain Dance|p2a: Tornadus
|-weather|RainDance
|move|p1a: Trevenant|Substitute|p1a: Trevenant
|-start|p1a: Trevenant|Substitute
|-damage|p1a: Trevenant|151\/373
|
|-weather|RainDance|[upkeep]
|turn|10
|
|move|p1a: Trevenant|Protect|p1a: Trevenant
|-singleturn|p1a: Trevenant|Protect
|move|p2a: Tornadus|Knock Off|p1a: Trevenant
|-activate|p1a: Trevenant|Protect
|
|-weather|RainDance|[upkeep]
|turn|11
|
|move|p2a: Tornadus|Knock Off|p1a: Trevenant
|-supereffective|p1a: Trevenant
|-end|p1a: Trevenant|Substitute
|move|p1a: Trevenant|Leech Seed|p2a: Tornadus
|-start|p2a: Tornadus|move: Leech Seed
|
|-weather|RainDance|[upkeep]
|-damage|p2a: Tornadus|262\/299|[from] Leech Seed|[of] p1a: Trevenant
|-heal|p1a: Trevenant|188\/373|[silent]
|-item|p1a: Trevenant|Sitrus Berry|[from] ability: Harvest
|turn|12
|
|switch|p2a: Crobat|Crobat, M|341\/373
|move|p1a: Trevenant|Protect|p1a: Trevenant
|-fail|p1a: Trevenant
|
|-weather|RainDance|[upkeep]
|-heal|p2a: Crobat|364\/373|[from] item: Black Sludge
|turn|13
|
|move|p1a: Trevenant|Protect|p1a: Trevenant
|-singleturn|p1a: Trevenant|Protect
|move|p2a: Crobat|U-turn|p1a: Trevenant
|-activate|p1a: Trevenant|Protect
|
|-weather|RainDance|[upkeep]
|-heal|p2a: Crobat|373\/373|[from] item: Black Sludge
|turn|14
|
|switch|p1a: Jirachi|Jirachi|341\/341
|move|p2a: Crobat|Brave Bird|p1a: Jirachi
|-resisted|p1a: Jirachi
|-damage|p1a: Jirachi|276\/341
|-damage|p2a: Crobat|352\/373|[from] recoil|[of] p1a: Jirachi
|
|-weather|RainDance|[upkeep]
|-heal|p2a: Crobat|373\/373|[from] item: Black Sludge
|turn|15
|
|switch|p2a: Jirachi|Jirachi|404\/404
|move|p1a: Jirachi|U-turn|p2a: Jirachi
|-damage|p2a: Jirachi|357\/404
|
|switch|p1a: Beedrill|Beedrill-Mega, F|271\/271
|
|-weather|RainDance|[upkeep]
|-heal|p2a: Jirachi|382\/404|[from] item: Leftovers
|turn|16
|
|switch|p2a: Crobat|Crobat, M|373\/373
|move|p1a: Beedrill|U-turn|p2a: Crobat
|-resisted|p2a: Crobat
|-damage|p2a: Crobat|318\/373
|
|switch|p1a: Jirachi|Jirachi|276\/341
|
|-weather|none
|-heal|p2a: Crobat|341\/373|[from] item: Black Sludge
|turn|17
|
|move|p1a: Jirachi|Zen Headbutt|p2a: Crobat
|-supereffective|p2a: Crobat
|-damage|p2a: Crobat|59\/373
|cant|p2a: Crobat|flinch
|
|-heal|p2a: Crobat|82\/373|[from] item: Black Sludge
|turn|18
|-message|pokemontester20 forfeited.
|leave|pokemontester20
|
|switch|p2a: Jirachi|Jirachi|382\/404
|move|p1a: Jirachi|Zen Headbutt|p2a: Jirachi
|-resisted|p2a: Jirachi
|-damage|p2a: Jirachi|362\/404
|
|-heal|p2a: Jirachi|387\/404|[from] item: Leftovers
|turn|19
|
|win|IcyFireDelta
|raw|Ladder updating...
|player|p2
|raw|IcyFireDelta's rating: 1383 &rarr; <strong>1400<\/strong><br \/>(+17 for winning)
|raw|pokemontester20's rating: 1341 &rarr; <strong>1323<\/strong><br \/>(-18 for losing)