|join|captaintoiletpants
|join|pokemontester20
|player|p1|captaintoiletpants|238
|player|p2|pokemontester20|131
|gametype|singles
|gen|6
|tier|UU
|rated
|rule|Sleep Clause Mod: Limit one foe put to sleep
|rule|Species Clause: Limit one of each PokÃ©mon
|rule|OHKO Clause: OHKO moves are banned
|rule|Moody Clause: Moody is banned
|rule|Evasion Moves Clause: Evasion moves are banned
|rule|Endless Battle Clause: Forcing endless battles is banned
|rule|HP Percentage Mod: HP is shown in percentages
|clearpoke
|poke|p1|Forretress, M
|poke|p1|Sceptile, M
|poke|p1|Eelektross, M
|poke|p1|Umbreon, F
|poke|p1|Toxicroak, M
|poke|p1|Darmanitan, M
|poke|p2|Swampert, M
|poke|p2|Jirachi
|poke|p2|Whimsicott, M
|poke|p2|Crobat, M
|poke|p2|Vaporeon, F
|poke|p2|Darmanitan, F
|rule|Swagger Clause: Swagger is banned
|rule|Baton Pass Clause: Limit one PokÃ©mon knowing Baton Pass
|teampreview
|
|start
|switch|p1a: let|Sceptile, M|282\/282
|switch|p2a: Darmanitan|Darmanitan, F|351\/351
|turn|1
|
|switch|p1a: luna|Umbreon, F|394\/394
|move|p2a: Darmanitan|U-turn|p1a: luna
|-supereffective|p1a: luna
|-damage|p1a: luna|230\/394
|
|switch|p2a: Whimsicott|Whimsicott, M|324\/324
|
|-heal|p1a: luna|254\/394|[from] item: Leftovers
|turn|2
|
|switch|p1a: sparky|Eelektross, M|374\/374
|move|p2a: Whimsicott|Substitute|p2a: Whimsicott
|-start|p2a: Whimsicott|Substitute
|-damage|p2a: Whimsicott|243\/324
|
|-heal|p2a: Whimsicott|263\/324|[from] item: Leftovers
|turn|3
|
|move|p2a: Whimsicott|Leech Seed|p1a: sparky
|-start|p1a: sparky|move: Leech Seed
|move|p1a: sparky|Flamethrower|p2a: Whimsicott
|-supereffective|p2a: Whimsicott
|-end|p2a: Whimsicott|Substitute
|
|-heal|p2a: Whimsicott|283\/324|[from] item: Leftovers
|-damage|p1a: sparky|328\/374|[from] Leech Seed|[of] p2a: Whimsicott
|-heal|p2a: Whimsicott|324\/324|[silent]
|turn|4
|
|switch|p2a: Darmanitan|Darmanitan, F|351\/351
|move|p1a: sparky|Volt Switch|p2a: Darmanitan
|-damage|p2a: Darmanitan|158\/351
|
|switch|p1a: Darmanitan|Darmanitan, M|351\/351
|
|turn|5
|
|move|p1a: Darmanitan|Superpower|p2a: Darmanitan
|-damage|p2a: Darmanitan|0 fnt
|-unboost|p1a: Darmanitan|atk|1
|-unboost|p1a: Darmanitan|def|1
|faint|p2a: Darmanitan
|
|
|switch|p2a: Swampert|Swampert, M|401\/401
|turn|6
|
|switch|p1a: let|Sceptile, M|282\/282
|detailschange|p2a: Swampert|Swampert-Mega, M
|message|Swampert has Mega Evolved into Mega Swampert!
|move|p2a: Swampert|Ice Punch|p1a: let
|-supereffective|p1a: let
|-damage|p1a: let|56\/282
|-status|p1a: let|frz
|
|turn|7
|c|âcaptaintoiletpants|wow
|
|switch|p1a: Gen V OU|Forretress, M|354\/354
|switch|p2a: Crobat|Crobat, M|373\/373
|
|turn|8
|
|switch|p2a: Vaporeon|Vaporeon, F|451\/451
|move|p1a: Gen V OU|Stealth Rock|p2a: Vaporeon
|-sidestart|p2: pokemontester20|move: Stealth Rock
|
|turn|9
|
|move|p2a: Vaporeon|Scald|p1a: Gen V OU
|-damage|p1a: Gen V OU|192\/354
|move|p1a: Gen V OU|Volt Switch|p2a: Vaporeon
|-supereffective|p2a: Vaporeon
|-damage|p2a: Vaporeon|389\/451
|
|switch|p1a: luna|Umbreon, F|254\/394
|
|-heal|p2a: Vaporeon|417\/451|[from] item: Leftovers
|-heal|p1a: luna|278\/394|[from] item: Leftovers
|turn|10
|
|switch|p2a: Crobat|Crobat, M|373\/373
|-damage|p2a: Crobat|280\/373|[from] Stealth Rock
|move|p1a: luna|Heal Bell|p1a: luna
|-cureteam|p1a: luna|[from] move: HealBell
|
|-heal|p2a: Crobat|303\/373|[from] item: Black Sludge
|-heal|p1a: luna|302\/394|[from] item: Leftovers
|turn|11
|
|move|p2a: Crobat|Defog|p1a: luna
|-unboost|p1a: luna|evasion|1
|-sideend|p2: pokemontester20|Stealth Rock|[from] move: Defog|[of] p2a: Crobat
|move|p1a: luna|Wish|p1a: luna
|
|-heal|p2a: Crobat|326\/373|[from] item: Black Sludge
|-heal|p1a: luna|326\/394|[from] item: Leftovers
|turn|12
|
|switch|p1a: sparky|Eelektross, M|328\/374
|move|p2a: Crobat|Brave Bird|p1a: sparky
|-crit|p1a: sparky
|-resisted|p1a: sparky
|-damage|p1a: sparky|205\/374
|-damage|p2a: Crobat|285\/373|[from] recoil|[of] p1a: sparky
|
|-heal|p1a: sparky|374\/374|[from] move: Wish|[wisher] luna
|-heal|p2a: Crobat|308\/373|[from] item: Black Sludge
|turn|13
|
|move|p2a: Crobat|Roost|p2a: Crobat
|-heal|p2a: Crobat|373\/373
|move|p1a: sparky|Giga Drain|p2a: Crobat
|-resisted|p2a: Crobat
|-damage|p2a: Crobat|318\/373
|
|-heal|p2a: Crobat|341\/373|[from] item: Black Sludge
|turn|14
|
|switch|p2a: Vaporeon|Vaporeon, F|417\/451
|move|p1a: sparky|Volt Switch|p2a: Vaporeon
|-supereffective|p2a: Vaporeon
|-damage|p2a: Vaporeon|217\/451
|
|switch|p1a: let|Sceptile, M|56\/282
|
|-heal|p2a: Vaporeon|245\/451|[from] item: Leftovers
|turn|15
|
|switch|p2a: Whimsicott|Whimsicott, M|324\/324
|detailschange|p1a: let|Sceptile-Mega, M
|message|Sceptile has Mega Evolved into Mega Sceptile!
|move|p1a: let|Dragon Pulse|p2a: Whimsicott
|-immune|p2a: Whimsicott|[msg]
|
|turn|16
|
|move|p2a: Whimsicott|Substitute|p2a: Whimsicott
|-start|p2a: Whimsicott|Substitute
|-damage|p2a: Whimsicott|243\/324
|move|p1a: let|Hidden Power|p2a: Whimsicott
|-supereffective|p2a: Whimsicott
|-end|p2a: Whimsicott|Substitute
|
|-heal|p2a: Whimsicott|263\/324|[from] item: Leftovers
|turn|17
|
|move|p1a: let|Hidden Power|p2a: Whimsicott
|-supereffective|p2a: Whimsicott
|-damage|p2a: Whimsicott|59\/324
|move|p2a: Whimsicott|Moonblast|p1a: let
|-supereffective|p1a: let
|-damage|p1a: let|0 fnt
|faint|p1a: let
|
|-heal|p2a: Whimsicott|79\/324|[from] item: Leftovers
|
|switch|p1a: Darmanitan|Darmanitan, M|351\/351
|turn|18
|
|switch|p2a: Crobat|Crobat, M|341\/373
|move|p1a: Darmanitan|U-turn|p2a: Crobat
|-resisted|p2a: Crobat
|-damage|p2a: Crobat|316\/373
|
|switch|p1a: sparky|Eelektross, M|374\/374
|
|-heal|p2a: Crobat|339\/373|[from] item: Black Sludge
|turn|19
|
|move|p2a: Crobat|Toxic|p1a: sparky
|-status|p1a: sparky|tox
|move|p1a: sparky|Volt Switch|p2a: Crobat
|-supereffective|p2a: Crobat
|-damage|p2a: Crobat|55\/373
|
|switch|p1a: Darmanitan|Darmanitan, M|351\/351
|
|-heal|p2a: Crobat|78\/373|[from] item: Black Sludge
|turn|20
|
|switch|p2a: Swampert|Swampert-Mega, M|401\/401
|move|p1a: Darmanitan|Flare Blitz|p2a: Swampert
|-resisted|p2a: Swampert
|-damage|p2a: Swampert|299\/401
|-damage|p1a: Darmanitan|317\/351|[from] recoil|[of] p2a: Swampert
|
|turn|21
|
|switch|p1a: Gen V OU|Forretress, M|192\/354
|move|p2a: Swampert|Stealth Rock|p1a: Gen V OU
|-sidestart|p1: captaintoiletpants|move: Stealth Rock
|
|-heal|p1a: Gen V OU|214\/354|[from] item: Leftovers
|turn|22
|
|move|p2a: Swampert|Earthquake|p1a: Gen V OU
|-damage|p1a: Gen V OU|109\/354
|move|p1a: Gen V OU|Stealth Rock|p2a: Swampert
|-sidestart|p2: pokemontester20|move: Stealth Rock
|
|-heal|p1a: Gen V OU|131\/354|[from] item: Leftovers
|turn|23
|
|move|p2a: Swampert|Earthquake|p1a: Gen V OU
|-damage|p1a: Gen V OU|41\/354
|move|p1a: Gen V OU|Rapid Spin|p2a: Swampert
|-damage|p2a: Swampert|289\/401
|-sideend|p1: captaintoiletpants|Stealth Rock|[from] move: Rapid Spin|[of] p1a: Gen V OU
|
|-heal|p1a: Gen V OU|63\/354|[from] item: Leftovers
|turn|24
|
|move|p2a: Swampert|Stealth Rock|p1a: Gen V OU
|-sidestart|p1: captaintoiletpants|move: Stealth Rock
|move|p1a: Gen V OU|Rapid Spin|p2a: Swampert
|-crit|p2a: Swampert
|-damage|p2a: Swampert|274\/401
|-sideend|p1: captaintoiletpants|Stealth Rock|[from] move: Rapid Spin|[of] p1a: Gen V OU
|
|-heal|p1a: Gen V OU|85\/354|[from] item: Leftovers
|turn|25
|
|move|p2a: Swampert|Earthquake|p1a: Gen V OU
|-damage|p1a: Gen V OU|0 fnt
|faint|p1a: Gen V OU
|
|
|switch|p1a: sparky|Eelektross, M|374\/374 tox
|turn|26
|
|switch|p2a: Crobat|Crobat, M|78\/373
|-damage|p2a: Crobat|0 fnt|[from] Stealth Rock
|faint|p2a: Crobat
|move|p1a: sparky|Giga Drain|p2: Crobat|[notarget]
|-notarget
|
|-damage|p1a: sparky|351\/374 tox|[from] psn
|
|switch|p2a: Jirachi|Jirachi|404\/404
|-damage|p2a: Jirachi|379\/404|[from] Stealth Rock
|turn|27
|
|switch|p1a: Toxicroak|Toxicroak, M|337\/337
|move|p2a: Jirachi|Calm Mind|p2a: Jirachi
|-boost|p2a: Jirachi|spa|1
|-boost|p2a: Jirachi|spd|1
|
|-heal|p2a: Jirachi|404\/404|[from] item: Leftovers
|turn|28
|
|move|p2a: Jirachi|Psyshock|p1a: Toxicroak
|-supereffective|p1a: Toxicroak
|-damage|p1a: Toxicroak|0 fnt
|faint|p1a: Toxicroak
|
|
|switch|p1a: luna|Umbreon, F|326\/394
|turn|29
|
|move|p2a: Jirachi|Calm Mind|p2a: Jirachi
|-boost|p2a: Jirachi|spa|1
|-boost|p2a: Jirachi|spd|1
|move|p1a: luna|Heal Bell|p1a: luna
|-cureteam|p1a: luna|[from] move: HealBell
|
|-heal|p1a: luna|350\/394|[from] item: Leftovers
|turn|30
|
|move|p2a: Jirachi|Flash Cannon|p1a: luna
|-damage|p1a: luna|235\/394
|-unboost|p1a: luna|spd|1
|move|p1a: luna|Wish|p1a: luna
|
|-heal|p1a: luna|259\/394|[from] item: Leftovers
|turn|31
|
|switch|p1a: Darmanitan|Darmanitan, M|317\/351
|move|p2a: Jirachi|Psyshock|p1a: Darmanitan
|-damage|p1a: Darmanitan|2\/351
|
|-heal|p1a: Darmanitan|199\/351|[from] move: Wish|[wisher] luna
|turn|32
|c|âpokemontester20|damn that one percent though
|
|move|p1a: Darmanitan|Flare Blitz|p2a: Jirachi
|-supereffective|p2a: Jirachi
|-damage|p2a: Jirachi|12\/404
|-damage|p1a: Darmanitan|70\/351|[from] recoil|[of] p2a: Jirachi
|move|p2a: Jirachi|Psyshock|p1a: Darmanitan
|-crit|p1a: Darmanitan
|-damage|p1a: Darmanitan|0 fnt
|faint|p1a: Darmanitan
|
|-heal|p2a: Jirachi|37\/404|[from] item: Leftovers
|c|âcaptaintoiletpants|damm that 10% special defense is lucky
|
|switch|p1a: luna|Umbreon, F|259\/394
|turn|33
|c|âpokemontester20|not really
|
|move|p2a: Jirachi|Flash Cannon|p1a: luna
|-damage|p1a: luna|153\/394
|move|p1a: luna|Foul Play|p2a: Jirachi
|-supereffective|p2a: Jirachi
|-damage|p2a: Jirachi|0 fnt
|faint|p2a: Jirachi
|
|-heal|p1a: luna|177\/394|[from] item: Leftovers
|c|âcaptaintoiletpants|it is asshole
|
|switch|p2a: Whimsicott|Whimsicott, M|79\/324
|-damage|p2a: Whimsicott|39\/324|[from] Stealth Rock
|turn|34
|
|move|p2a: Whimsicott|Leech Seed|p1a: luna
|-start|p1a: luna|move: Leech Seed
|move|p1a: luna|Foul Play|p2a: Whimsicott
|-resisted|p2a: Whimsicott
|-damage|p2a: Whimsicott|10\/324
|
|-heal|p2a: Whimsicott|30\/324|[from] item: Leftovers
|-heal|p1a: luna|201\/394|[from] item: Leftovers
|-damage|p1a: luna|152\/394|[from] Leech Seed|[of] p2a: Whimsicott
|-heal|p2a: Whimsicott|79\/324|[silent]
|turn|35
|
|switch|p1a: sparky|Eelektross, M|351\/374
|move|p2a: Whimsicott|Moonblast|p1a: sparky
|-crit|p1a: sparky
|-damage|p1a: sparky|239\/374
|-unboost|p1a: sparky|spa|1
|
|-heal|p2a: Whimsicott|99\/324|[from] item: Leftovers
|turn|36
|
|switch|p2a: Vaporeon|Vaporeon, F|245\/451
|-damage|p2a: Vaporeon|189\/451|[from] Stealth Rock
|move|p1a: sparky|Acid Spray|p2a: Vaporeon
|-crit|p2a: Vaporeon
|-damage|p2a: Vaporeon|129\/451
|-unboost|p2a: Vaporeon|spd|2
|
|-heal|p2a: Vaporeon|157\/451|[from] item: Leftovers
|turn|37
|
|move|p2a: Vaporeon|Protect|p2a: Vaporeon
|-singleturn|p2a: Vaporeon|Protect
|move|p1a: sparky|Giga Drain|p2a: Vaporeon
|-activate|p2a: Vaporeon|Protect
|
|-heal|p2a: Vaporeon|185\/451|[from] item: Leftovers
|turn|38
|-message|pokemontester20 forfeited.
|
|win|captaintoiletpants
|raw|Ladder updating...
|leave|pokemontester20
|player|p2
|raw|captaintoiletpants's rating: 1368 &rarr; <strong>1385<\/strong><br \/>(+17 for winning)
|raw|pokemontester20's rating: 1318 &rarr; <strong>1300<\/strong><br \/>(-18 for losing)