|join|poek69x
|join|lolsidkwhatimdoing
|player|p1|poek69x|283
|player|p2|lolsidkwhatimdoing|183
|gametype|singles
|gen|6
|tier|ORAS OU
|rated
|rule|Sleep Clause Mod: Limit one foe put to sleep
|rule|Species Clause: Limit one of each PokÃ©mon
|rule|OHKO Clause: OHKO moves are banned
|rule|Moody Clause: Moody is banned
|rule|Evasion Moves Clause: Evasion moves are banned
|rule|Endless Battle Clause: Forcing endless battles is banned
|rule|HP Percentage Mod: HP is shown in percentages
|clearpoke
|poke|p1|Gallade, M
|poke|p1|Greninja, F
|poke|p1|Mamoswine, M
|poke|p1|Rotom-Wash
|poke|p1|Heatran, F
|poke|p1|Sylveon, F
|poke|p2|Salamence, F
|poke|p2|Skarmory, M
|poke|p2|Clefable, M
|poke|p2|Chansey, F
|poke|p2|Suicune
|poke|p2|Donphan, M
|rule|Swagger Clause: Swagger is banned
|rule|Baton Pass Clause: Limit one PokÃ©mon knowing Baton Pass
|teampreview
|join|AKC102938
|
|start
|switch|p1a: Heatran|Heatran, F|323\/323
|switch|p2a: Chansey|Chansey, F|704\/704
|-item|p1a: Heatran|Air Balloon
|turn|1
|
|move|p1a: Heatran|Will-O-Wisp|p2a: Chansey
|-status|p2a: Chansey|brn
|move|p2a: Chansey|Stealth Rock|p1a: Heatran
|-sidestart|p1: poek69x|move: Stealth Rock
|
|-damage|p2a: Chansey|616\/704 brn|[from] brn
|turn|2
|
|move|p1a: Heatran|Taunt|p2a: Chansey
|-start|p2a: Chansey|move: Taunt
|move|p2a: Chansey|Seismic Toss|p1a: Heatran
|-damage|p1a: Heatran|223\/323
|-enditem|p1a: Heatran|Air Balloon
|
|-damage|p2a: Chansey|528\/704 brn|[from] brn
|turn|3
|leave|AKC102938
|
|switch|p2a: Suicune|Suicune|404\/404
|-ability|p2a: Suicune|Pressure
|move|p1a: Heatran|Stealth Rock|p2a: Suicune
|-sidestart|p2: lolsidkwhatimdoing|move: Stealth Rock
|
|turn|4
|
|move|p1a: Heatran|Taunt|p2a: Suicune
|-start|p2a: Suicune|move: Taunt
|move|p2a: Suicune|Scald|p1a: Heatran
|-supereffective|p1a: Heatran
|-damage|p1a: Heatran|59\/323
|
|turn|5
|
|move|p1a: Heatran|Will-O-Wisp|p2a: Suicune
|-status|p2a: Suicune|brn
|move|p2a: Suicune|Scald|p1a: Heatran
|-supereffective|p1a: Heatran
|-damage|p1a: Heatran|0 fnt
|faint|p1a: Heatran
|
|-damage|p2a: Suicune|354\/404 brn|[from] brn
|
|switch|p1a: Sylveon|Sylveon, F|394\/394
|-damage|p1a: Sylveon|345\/394|[from] Stealth Rock
|turn|6
|
|switch|p2a: Clefable|Clefable, M|394\/394
|-damage|p2a: Clefable|345\/394|[from] Stealth Rock
|move|p1a: Sylveon|Hyper Voice|p2a: Clefable
|-damage|p2a: Clefable|6\/394
|
|-heal|p2a: Clefable|30\/394|[from] item: Leftovers
|turn|7
|c|âlolsidkwhatimdoing|wut
|
|move|p2a: Clefable|Moonblast|p1a: Sylveon
|-damage|p1a: Sylveon|260\/394
|-unboost|p1a: Sylveon|spa|1
|move|p1a: Sylveon|Hyper Voice|p2a: Clefable
|-damage|p2a: Clefable|0 fnt
|faint|p2a: Clefable
|
|
|switch|p2a: Chansey|Chansey, F|528\/704
|-damage|p2a: Chansey|440\/704|[from] Stealth Rock
|turn|8
|
|switch|p1a: Gallade|Gallade, M|277\/277
|-damage|p1a: Gallade|260\/277|[from] Stealth Rock
|move|p2a: Chansey|Soft-Boiled|p2a: Chansey
|-heal|p2a: Chansey|704\/704
|
|turn|9
|
|switch|p2a: Skarmory|Skarmory, M|334\/334
|-damage|p2a: Skarmory|293\/334|[from] Stealth Rock
|detailschange|p1a: Gallade|Gallade-Mega, M
|message|Gallade has Mega Evolved into Mega Gallade!
|move|p1a: Gallade|Swords Dance|p1a: Gallade
|-boost|p1a: Gallade|atk|2
|
|turn|10
|
|move|p1a: Gallade|Close Combat|p2a: Skarmory
|-damage|p2a: Skarmory|17\/334
|-damage|p1a: Gallade|214\/277|[from] item: Rocky Helmet|[of] p2a: Skarmory
|-unboost|p1a: Gallade|def|1
|-unboost|p1a: Gallade|spd|1
|move|p2a: Skarmory|Whirlwind|p1a: Gallade
|drag|p1a: Greninja|Greninja, F|285\/285
|-damage|p1a: Greninja|250\/285|[from] Stealth Rock
|
|turn|11
|
|move|p1a: Greninja|Ice Beam|p2a: Skarmory
|-start|p1a: Greninja|typechange|Ice|[from] Protean
|-damage|p2a: Skarmory|0 fnt
|-damage|p1a: Greninja|222\/285|[from] item: Life Orb
|faint|p2a: Skarmory
|
|
|switch|p2a: Chansey|Chansey, F|704\/704
|-damage|p2a: Chansey|616\/704|[from] Stealth Rock
|turn|12
|
|move|p1a: Greninja|Gunk Shot|p2a: Chansey
|-start|p1a: Greninja|typechange|Poison|[from] Protean
|-damage|p2a: Chansey|370\/704
|-status|p2a: Chansey|psn
|-damage|p1a: Greninja|194\/285|[from] item: Life Orb
|move|p2a: Chansey|Seismic Toss|p1a: Greninja
|-damage|p1a: Greninja|94\/285
|
|-damage|p2a: Chansey|282\/704 psn|[from] psn
|turn|13
|
|switch|p1a: Gallade|Gallade-Mega, M|214\/277
|-damage|p1a: Gallade|197\/277|[from] Stealth Rock
|move|p2a: Chansey|Soft-Boiled|p2a: Chansey
|-heal|p2a: Chansey|634\/704 psn
|
|-damage|p2a: Chansey|546\/704 psn|[from] psn
|turn|14
|
|switch|p2a: Salamence|Salamence, F|331\/331
|-damage|p2a: Salamence|249\/331|[from] Stealth Rock
|-ability|p2a: Salamence|Intimidate|[of] p1a: Gallade
|-unboost|p1a: Gallade|atk|1
|move|p1a: Gallade|Close Combat|p2a: Salamence
|-resisted|p2a: Salamence
|-damage|p2a: Salamence|148\/331
|-unboost|p1a: Gallade|def|1
|-unboost|p1a: Gallade|spd|1
|
|turn|15
|
|switch|p1a: Rotom-Wash|Rotom-Wash|304\/304
|-damage|p1a: Rotom-Wash|266\/304|[from] Stealth Rock
|detailschange|p2a: Salamence|Salamence-Mega, F
|message|Salamence has Mega Evolved into Mega Salamence!
|move|p2a: Salamence|Roost|p2a: Salamence
|-heal|p2a: Salamence|314\/331
|
|-heal|p1a: Rotom-Wash|285\/304|[from] item: Leftovers
|turn|16
|
|move|p2a: Salamence|Substitute|p2a: Salamence
|-start|p2a: Salamence|Substitute
|-damage|p2a: Salamence|232\/331
|move|p1a: Rotom-Wash|Volt Switch|p2a: Salamence
|-end|p2a: Salamence|Substitute
|
|switch|p1a: Greninja|Greninja, F|94\/285
|-damage|p1a: Greninja|59\/285|[from] Stealth Rock
|
|turn|17
|
|switch|p2a: Chansey|Chansey, F|546\/704
|-damage|p2a: Chansey|458\/704|[from] Stealth Rock
|move|p1a: Greninja|Gunk Shot|p2a: Chansey
|-start|p1a: Greninja|typechange|Poison|[from] Protean
|-damage|p2a: Chansey|231\/704
|-damage|p1a: Greninja|31\/285|[from] item: Life Orb
|
|turn|18
|
|move|p1a: Greninja|Gunk Shot|p2a: Chansey
|-damage|p2a: Chansey|0 fnt
|-damage|p1a: Greninja|3\/285|[from] item: Life Orb
|faint|p2a: Chansey
|
|
|switch|p2a: Suicune|Suicune|354\/404 brn
|-damage|p2a: Suicune|304\/404 brn|[from] Stealth Rock
|-ability|p2a: Suicune|Pressure
|turn|19
|c|âpoek69x|greninja broken y\/n ?
|c|âlolsidkwhatimdoing|n
|c|âlolsidkwhatimdoing|protean broken
|
|move|p1a: Greninja|Dark Pulse|p2a: Suicune
|-start|p1a: Greninja|typechange|Dark|[from] Protean
|-damage|p2a: Suicune|175\/404 brn
|-damage|p1a: Greninja|0 fnt|[from] item: Life Orb
|faint|p1a: Greninja
|move|p2a: Suicune|Calm Mind|p2a: Suicune
|-boost|p2a: Suicune|spa|1
|-boost|p2a: Suicune|spd|1
|
|-heal|p2a: Suicune|200\/404 brn|[from] item: Leftovers
|-damage|p2a: Suicune|150\/404 brn|[from] brn
|
|switch|p1a: Gallade|Gallade-Mega, M|197\/277
|-damage|p1a: Gallade|180\/277|[from] Stealth Rock
|turn|20
|
|move|p1a: Gallade|Close Combat|p2a: Suicune
|-damage|p2a: Suicune|0 fnt
|-unboost|p1a: Gallade|def|1
|-unboost|p1a: Gallade|spd|1
|faint|p2a: Suicune
|
|
|switch|p2a: Salamence|Salamence-Mega, F|232\/331
|-damage|p2a: Salamence|150\/331|[from] Stealth Rock
|turn|21
|
|switch|p1a: Rotom-Wash|Rotom-Wash|285\/304
|-damage|p1a: Rotom-Wash|247\/304|[from] Stealth Rock
|move|p2a: Salamence|Frustration|p1a: Rotom-Wash
|-resisted|p1a: Rotom-Wash
|-damage|p1a: Rotom-Wash|145\/304
|
|-heal|p1a: Rotom-Wash|164\/304|[from] item: Leftovers
|turn|22
|
|move|p2a: Salamence|Roost|p2a: Salamence
|-heal|p2a: Salamence|316\/331
|move|p1a: Rotom-Wash|Volt Switch|p2a: Salamence
|-resisted|p2a: Salamence
|-damage|p2a: Salamence|265\/331
|
|switch|p1a: Mamoswine|Mamoswine, M|361\/361
|-damage|p1a: Mamoswine|316\/361|[from] Stealth Rock
|
|turn|23
|
|switch|p2a: Donphan|Donphan, M|384\/384
|-damage|p2a: Donphan|360\/384|[from] Stealth Rock
|move|p1a: Mamoswine|Ice Shard|p2a: Donphan
|-supereffective|p2a: Donphan
|-damage|p2a: Donphan|181\/384
|-damage|p1a: Mamoswine|280\/361|[from] item: Life Orb
|
|turn|24
|
|move|p1a: Mamoswine|Icicle Spear|p2a: Donphan
|-supereffective|p2a: Donphan
|-damage|p2a: Donphan|77\/384
|-supereffective|p2a: Donphan
|-damage|p2a: Donphan|0 fnt
|-hitcount|p2a: Donphan|2
|-damage|p1a: Mamoswine|244\/361|[from] item: Life Orb
|faint|p2a: Donphan
|
|-message|lolsidkwhatimdoing forfeited.
|
|win|poek69x
|raw|Ladder updating...
|raw|poek69x's rating: 1364 &rarr; <strong>1381<\/strong><br \/>(+17 for winning)
|raw|lolsidkwhatimdoing's rating: 1309 &rarr; <strong>1292<\/strong><br \/>(-17 for losing)
|leave|lolsidkwhatimdoing
|player|p2