|join|Aka DH
|join|poek69x
|player|p1|Aka DH|68
|player|p2|poek69x|283
|gametype|singles
|gen|6
|tier|OU
|rated
|clearpoke
|poke|p1|Bisharp, F
|poke|p1|Venusaur, M
|poke|p1|Heatran, F
|poke|p1|Keldeo
|poke|p1|Chansey, F
|poke|p1|Skarmory, F
|poke|p2|Politoed, F
|poke|p2|Swampert, M
|poke|p2|Kingdra, M
|poke|p2|Ferrothorn, M
|poke|p2|Gothitelle, M
|poke|p2|Azumarill, F
|rule|Swagger Clause: Swagger is banned
|rule|Baton Pass Clause: Limit one PokÃ©mon knowing Baton Pass
|rule|Sleep Clause Mod: Limit one foe put to sleep
|rule|Species Clause: Limit one of each PokÃ©mon
|rule|OHKO Clause: OHKO moves are banned
|rule|Moody Clause: Moody is banned
|rule|Evasion Moves Clause: Evasion moves are banned
|rule|Endless Battle Clause: Forcing endless battles is banned
|rule|HP Percentage Mod: HP is shown in percentages
|teampreview
|join|Zenzo
|
|start
|switch|p1a: Heatran|Heatran, F|340\/340
|switch|p2a: Politoed|Politoed, F|384\/384
|-item|p1a: Heatran|Air Balloon
|-weather|RainDance
|turn|1
|join|azogue
|c| azogue|o
|
|move|p1a: Heatran|Stealth Rock|p2a: Politoed
|-sidestart|p2: poek69x|move: Stealth Rock
|move|p2a: Politoed|Scald|p1a: Heatran
|-supereffective|p1a: Heatran
|-damage|p1a: Heatran|106\/340
|-enditem|p1a: Heatran|Air Balloon
|
|-weather|RainDance|[upkeep]
|turn|2
|
|switch|p2a: Gothitelle|Gothitelle, M|301\/301
|-damage|p2a: Gothitelle|264\/301|[from] Stealth Rock
|move|p1a: Heatran|Toxic|p2a: Gothitelle
|-status|p2a: Gothitelle|tox
|
|-weather|RainDance|[upkeep]
|-damage|p2a: Gothitelle|246\/301 tox|[from] psn
|turn|3
|
|switch|p2a: Swampert|Swampert, M|341\/341
|-damage|p2a: Swampert|320\/341|[from] Stealth Rock
|move|p1a: Heatran|Fire Blast|p2a: Swampert|[miss]
|-miss|p1a: Heatran|p2a: Swampert
|
|-weather|RainDance|[upkeep]
|turn|4
|
|detailschange|p2a: Swampert|Swampert-Mega, M
|message|Swampert has Mega Evolved into Mega Swampert!
|move|p1a: Heatran|Toxic|p2a: Swampert|[miss]
|-miss|p1a: Heatran|p2a: Swampert
|move|p2a: Swampert|Waterfall|p1a: Heatran
|-supereffective|p1a: Heatran
|-damage|p1a: Heatran|0 fnt
|faint|p1a: Heatran
|
|-weather|RainDance|[upkeep]
|c| Zenzo|0%.
|
|switch|p1a: Skarmory|Skarmory, F|334\/334
|turn|5
|
|switch|p2a: Kingdra|Kingdra, M|291\/291
|-damage|p2a: Kingdra|255\/291|[from] Stealth Rock
|move|p1a: Skarmory|Spikes|p2a: Kingdra
|-sidestart|p2: poek69x|Spikes
|
|-weather|RainDance|[upkeep]
|turn|6
|
|switch|p2a: Swampert|Swampert-Mega, M|320\/341
|-damage|p2a: Swampert|299\/341|[from] Stealth Rock
|-damage|p2a: Swampert|257\/341|[from] Spikes
|switch|p1a: Chansey|Chansey, F|684\/684
|
|-weather|RainDance|[upkeep]
|turn|7
|
|move|p2a: Swampert|Earthquake|p1a: Chansey
|-damage|p1a: Chansey|377\/684
|move|p1a: Chansey|Soft-Boiled|p1a: Chansey
|-heal|p1a: Chansey|684\/684
|
|-weather|RainDance|[upkeep]
|turn|8
|
|switch|p1a: Skarmory|Skarmory, F|334\/334
|move|p2a: Swampert|Waterfall|p1a: Skarmory
|-damage|p1a: Skarmory|174\/334
|-damage|p2a: Swampert|201\/341|[from] item: Rocky Helmet|[of] p1a: Skarmory
|
|-weather|none
|turn|9
|
|switch|p2a: Politoed|Politoed, F|384\/384
|-damage|p2a: Politoed|336\/384|[from] Stealth Rock
|-damage|p2a: Politoed|288\/384|[from] Spikes
|-weather|RainDance
|move|p1a: Skarmory|Roost|p1a: Skarmory
|-heal|p1a: Skarmory|334\/334
|
|-weather|RainDance|[upkeep]
|turn|10
|
|move|p2a: Politoed|Scald|p1a: Skarmory
|-damage|p1a: Skarmory|198\/334
|-status|p1a: Skarmory|brn
|move|p1a: Skarmory|Spikes|p2a: Politoed
|-sidestart|p2: poek69x|Spikes
|
|-weather|RainDance|[upkeep]
|-damage|p1a: Skarmory|157\/334 brn|[from] brn
|turn|11
|
|switch|p1a: Chansey|Chansey, F|684\/684
|move|p2a: Politoed|Scald|p1a: Chansey
|-crit|p1a: Chansey
|-damage|p1a: Chansey|573\/684
|
|-weather|RainDance|[upkeep]
|turn|12
|
|switch|p2a: Gothitelle|Gothitelle, M|246\/301 tox
|-damage|p2a: Gothitelle|209\/301 tox|[from] Stealth Rock
|-damage|p2a: Gothitelle|159\/301 tox|[from] Spikes
|move|p1a: Chansey|Seismic Toss|p2a: Gothitelle
|-damage|p2a: Gothitelle|59\/301 tox
|
|-weather|RainDance|[upkeep]
|-damage|p2a: Gothitelle|41\/301 tox|[from] psn
|turn|13
|
|move|p2a: Gothitelle|Rest|p2a: Gothitelle
|-status|p2a: Gothitelle|slp
|-heal|p2a: Gothitelle|301\/301 slp|[silent]
|-status|p2a: Gothitelle|slp|[from] move: Rest
|move|p1a: Chansey|Seismic Toss|p2a: Gothitelle
|-damage|p2a: Gothitelle|201\/301 slp
|
|-weather|RainDance|[upkeep]
|turn|14
|
|switch|p2a: Ferrothorn|Ferrothorn, M|352\/352
|-damage|p2a: Ferrothorn|294\/352|[from] Spikes
|-damage|p2a: Ferrothorn|272\/352|[from] Stealth Rock
|move|p1a: Chansey|Seismic Toss|p2a: Ferrothorn
|-damage|p2a: Ferrothorn|172\/352
|-damage|p1a: Chansey|488\/684|[from] ability: Iron Barbs|[of] p2a: Ferrothorn
|
|-weather|RainDance|[upkeep]
|-heal|p2a: Ferrothorn|194\/352|[from] item: Leftovers
|turn|15
|
|switch|p1a: Skarmory|Skarmory, F|157\/334 brn
|move|p2a: Ferrothorn|Stealth Rock|p1a: Skarmory
|-sidestart|p1: Aka DH|move: Stealth Rock
|
|-weather|RainDance|[upkeep]
|-heal|p2a: Ferrothorn|216\/352|[from] item: Leftovers
|-damage|p1a: Skarmory|116\/334 brn|[from] brn
|turn|16
|
|move|p1a: Skarmory|Spikes|p2a: Ferrothorn
|-sidestart|p2: poek69x|Spikes
|move|p2a: Ferrothorn|Leech Seed|p1a: Skarmory
|-start|p1a: Skarmory|move: Leech Seed
|
|-weather|none
|-heal|p2a: Ferrothorn|238\/352|[from] item: Leftovers
|-damage|p1a: Skarmory|75\/334 brn|[from] Leech Seed|[of] p2a: Ferrothorn
|-heal|p2a: Ferrothorn|279\/352|[silent]
|-damage|p1a: Skarmory|34\/334 brn|[from] brn
|turn|17
|join|Snakes n ladderz
|
|switch|p2a: Politoed|Politoed, F|288\/384
|-damage|p2a: Politoed|192\/384|[from] Spikes
|-damage|p2a: Politoed|144\/384|[from] Stealth Rock
|-weather|RainDance
|move|p1a: Skarmory|Whirlwind|p2a: Politoed
|drag|p2a: Kingdra|Kingdra, M|255\/291
|-damage|p2a: Kingdra|219\/291|[from] Stealth Rock
|-damage|p2a: Kingdra|147\/291|[from] Spikes
|
|-weather|RainDance|[upkeep]
|-damage|p1a: Skarmory|0 fnt|[from] Leech Seed|[of] p2a: Kingdra
|-heal|p2a: Kingdra|181\/291|[silent]
|faint|p1a: Skarmory
|
|switch|p1a: Chansey|Chansey, F|488\/684
|-damage|p1a: Chansey|403\/684|[from] Stealth Rock
|turn|18
|
|switch|p2a: Azumarill|Azumarill, F|381\/381
|-damage|p2a: Azumarill|334\/381|[from] Stealth Rock
|-damage|p2a: Azumarill|239\/381|[from] Spikes
|move|p1a: Chansey|Soft-Boiled|p1a: Chansey
|-heal|p1a: Chansey|684\/684
|
|-weather|RainDance|[upkeep]
|turn|19
|
|switch|p1a: Venusaur|Venusaur, M|364\/364
|-damage|p1a: Venusaur|319\/364|[from] Stealth Rock
|move|p2a: Azumarill|Waterfall|p1a: Venusaur
|-resisted|p1a: Venusaur
|-damage|p1a: Venusaur|160\/364
|
|-weather|RainDance|[upkeep]
|turn|20
|
|switch|p2a: Kingdra|Kingdra, M|181\/291
|-damage|p2a: Kingdra|109\/291|[from] Spikes
|-damage|p2a: Kingdra|73\/291|[from] Stealth Rock
|detailschange|p1a: Venusaur|Venusaur-Mega, M
|message|Venusaur has Mega Evolved into Mega Venusaur!
|move|p1a: Venusaur|Giga Drain|p2a: Kingdra
|-damage|p2a: Kingdra|0 fnt
|-heal|p1a: Venusaur|197\/364|[from] drain|[of] p2a: Kingdra
|faint|p2a: Kingdra
|
|-weather|RainDance|[upkeep]
|
|switch|p2a: Swampert|Swampert-Mega, M|201\/341
|-damage|p2a: Swampert|180\/341|[from] Stealth Rock
|-damage|p2a: Swampert|95\/341|[from] Spikes
|turn|21
|
|move|p2a: Swampert|Earthquake|p1a: Venusaur
|-damage|p1a: Venusaur|56\/364
|move|p1a: Venusaur|Giga Drain|p2a: Swampert
|-supereffective|p2a: Swampert
|-damage|p2a: Swampert|0 fnt
|-heal|p1a: Venusaur|104\/364|[from] drain|[of] p2a: Swampert
|faint|p2a: Swampert
|
|-weather|RainDance|[upkeep]
|-message|poek69x forfeited.
|
|win|Aka DH
|raw|Ladder updating...
|leave|poek69x
|player|p2
|raw|Aka DH's rating: 1638 &rarr; <strong>1652<\/strong><br \/>(+14 for winning)
|raw|poek69x's rating: 1547 &rarr; <strong>1532<\/strong><br \/>(-15 for losing)