|join|Korby
|join|poek69x
|player|p1|Korby|15
|player|p2|poek69x|265
|gametype|singles
|gen|6
|tier|OU
|rated
|clearpoke
|poke|p1|Metagross
|poke|p1|Rotom-Wash
|poke|p1|Ferrothorn, F
|poke|p1|Keldeo
|poke|p1|Latios, M
|poke|p1|Clefable, M
|poke|p2|Gyarados, M
|poke|p2|Sableye, M
|poke|p2|Rhyperior, M
|poke|p2|Jirachi
|poke|p2|Clefable, F
|poke|p2|Chesnaught, M
|rule|Swagger Clause: Swagger is banned
|rule|Baton Pass Clause: Limit one PokÃ©mon knowing Baton Pass
|rule|Sleep Clause Mod: Limit one foe put to sleep
|rule|Species Clause: Limit one of each PokÃ©mon
|rule|OHKO Clause: OHKO moves are banned
|rule|Moody Clause: Moody is banned
|rule|Evasion Moves Clause: Evasion moves are banned
|rule|Endless Battle Clause: Forcing endless battles is banned
|rule|HP Percentage Mod: HP is shown in percentages
|teampreview
|
|start
|switch|p1a: Rotom-Wash|Rotom-Wash|304\/304
|switch|p2a: Sableye|Sableye, M|304\/304
|turn|1
|
|detailschange|p2a: Sableye|Sableye-Mega, M
|message|Sableye has Mega Evolved into Mega Sableye!
|move|p1a: Rotom-Wash|Volt Switch|p2a: Sableye
|-damage|p2a: Sableye|231\/304
|
|switch|p1a: Clefable|Clefable, M|394\/394
|move|p2a: Sableye|Knock Off|p1a: Clefable
|-resisted|p1a: Clefable
|-damage|p1a: Clefable|349\/394
|-enditem|p1a: Clefable|Leftovers|[from] move: Knock Off|[of] p2a: Sableye
|
|turn|2
|
|switch|p1a: Rotom-Wash|Rotom-Wash|304\/304
|switch|p2a: Clefable|Clefable, F|394\/394
|
|turn|3
|
|move|p1a: Rotom-Wash|Volt Switch|p2a: Clefable
|-damage|p2a: Clefable|322\/394
|
|switch|p1a: Metagross|Metagross|301\/301
|move|p2a: Clefable|Moonblast|p1a: Metagross
|-resisted|p1a: Metagross
|-damage|p1a: Metagross|241\/301
|
|-heal|p2a: Clefable|346\/394|[from] item: Leftovers
|turn|4
|
|switch|p2a: Jirachi|Jirachi|404\/404
|detailschange|p1a: Metagross|Metagross-Mega
|message|Metagross has Mega Evolved into Mega Metagross!
|move|p1a: Metagross|Meteor Mash|p2a: Jirachi
|-crit|p2a: Jirachi
|-resisted|p2a: Jirachi
|-damage|p2a: Jirachi|229\/404
|-boost|p1a: Metagross|atk|1
|
|-heal|p2a: Jirachi|254\/404|[from] item: Leftovers
|turn|5
|
|move|p2a: Jirachi|Protect|p2a: Jirachi
|-singleturn|p2a: Jirachi|Protect
|move|p1a: Metagross|Pursuit|p2a: Jirachi
|-activate|p2a: Jirachi|Protect
|
|-heal|p2a: Jirachi|279\/404|[from] item: Leftovers
|turn|6
|
|switch|p2a: Gyarados|Gyarados, M|393\/393
|-ability|p2a: Gyarados|Intimidate|[of] p1a: Metagross
|-unboost|p1a: Metagross|atk|1
|move|p1a: Metagross|Meteor Mash|p2a: Gyarados|[miss]
|-miss|p1a: Metagross|p2a: Gyarados
|
|turn|7
|
|move|p1a: Metagross|Zen Headbutt|p2a: Gyarados
|-damage|p2a: Gyarados|180\/393
|move|p2a: Gyarados|Thunder Wave|p1a: Metagross
|-status|p1a: Metagross|par
|
|-heal|p2a: Gyarados|204\/393|[from] item: Leftovers
|turn|8
|
|move|p2a: Gyarados|Waterfall|p1a: Metagross
|-damage|p1a: Metagross|165\/301 par
|cant|p1a: Metagross|flinch
|
|-heal|p2a: Gyarados|228\/393|[from] item: Leftovers
|turn|9
|
|switch|p1a: Rotom-Wash|Rotom-Wash|304\/304
|move|p2a: Gyarados|Waterfall|p1a: Rotom-Wash
|-resisted|p1a: Rotom-Wash
|-damage|p1a: Rotom-Wash|262\/304
|
|-heal|p1a: Rotom-Wash|281\/304|[from] item: Leftovers
|-heal|p2a: Gyarados|252\/393|[from] item: Leftovers
|turn|10
|
|switch|p2a: Clefable|Clefable, F|346\/394
|move|p1a: Rotom-Wash|Volt Switch|p2a: Clefable
|-damage|p2a: Clefable|273\/394
|
|switch|p1a: Metagross|Metagross-Mega|165\/301 par
|
|-heal|p2a: Clefable|297\/394|[from] item: Leftovers
|turn|11
|
|switch|p2a: Gyarados|Gyarados, M|252\/393
|-ability|p2a: Gyarados|Intimidate|[of] p1a: Metagross
|-unboost|p1a: Metagross|atk|1
|move|p1a: Metagross|Meteor Mash|p2a: Gyarados
|-resisted|p2a: Gyarados
|-damage|p2a: Gyarados|171\/393
|
|-heal|p2a: Gyarados|195\/393|[from] item: Leftovers
|turn|12
|
|switch|p1a: Rotom-Wash|Rotom-Wash|281\/304
|move|p2a: Gyarados|Waterfall|p1a: Rotom-Wash
|-resisted|p1a: Rotom-Wash
|-damage|p1a: Rotom-Wash|241\/304
|
|-heal|p1a: Rotom-Wash|260\/304|[from] item: Leftovers
|-heal|p2a: Gyarados|219\/393|[from] item: Leftovers
|turn|13
|
|switch|p2a: Clefable|Clefable, F|297\/394
|move|p1a: Rotom-Wash|Volt Switch|p2a: Clefable
|-damage|p2a: Clefable|218\/394
|
|switch|p1a: Metagross|Metagross-Mega|165\/301 par
|
|-heal|p2a: Clefable|242\/394|[from] item: Leftovers
|turn|14
|
|switch|p2a: Rhyperior|Rhyperior, M|434\/434
|move|p1a: Metagross|Meteor Mash|p2a: Rhyperior
|-supereffective|p2a: Rhyperior
|-damage|p2a: Rhyperior|214\/434
|
|-heal|p2a: Rhyperior|241\/434|[from] item: Leftovers
|turn|15
|
|switch|p1a: Rotom-Wash|Rotom-Wash|260\/304
|move|p2a: Rhyperior|Stealth Rock|p1a: Rotom-Wash
|-sidestart|p1: Korby|move: Stealth Rock
|
|-heal|p1a: Rotom-Wash|279\/304|[from] item: Leftovers
|-heal|p2a: Rhyperior|268\/434|[from] item: Leftovers
|turn|16
|
|switch|p2a: Clefable|Clefable, F|242\/394
|move|p1a: Rotom-Wash|Volt Switch|p2a: Clefable
|-damage|p2a: Clefable|163\/394
|
|switch|p1a: Keldeo|Keldeo|323\/323
|-damage|p1a: Keldeo|303\/323|[from] Stealth Rock
|
|-heal|p2a: Clefable|187\/394|[from] item: Leftovers
|turn|17
|
|switch|p1a: Latios|Latios, M|301\/301
|-damage|p1a: Latios|264\/301|[from] Stealth Rock
|switch|p2a: Gyarados|Gyarados, M|219\/393
|-ability|p2a: Gyarados|Intimidate|[of] p1a: Latios
|-unboost|p1a: Latios|atk|1
|
|-heal|p2a: Gyarados|243\/393|[from] item: Leftovers
|turn|18
|join|Blue Erlade
|leave|Blue Erlade
|
|switch|p2a: Jirachi|Jirachi|279\/404
|move|p1a: Latios|Defog|p2a: Jirachi
|-unboost|p2a: Jirachi|evasion|1
|-sideend|p1: Korby|Stealth Rock|[from] move: Defog|[of] p1a: Latios
|
|-heal|p2a: Jirachi|304\/404|[from] item: Leftovers
|turn|19
|
|switch|p1a: Rotom-Wash|Rotom-Wash|279\/304
|switch|p2a: Clefable|Clefable, F|187\/394
|
|-heal|p1a: Rotom-Wash|298\/304|[from] item: Leftovers
|-heal|p2a: Clefable|211\/394|[from] item: Leftovers
|turn|20
|
|move|p1a: Rotom-Wash|Will-O-Wisp|p2a: Clefable
|-status|p2a: Clefable|brn
|move|p2a: Clefable|Soft-Boiled|p2a: Clefable
|-heal|p2a: Clefable|394\/394 brn
|
|-heal|p1a: Rotom-Wash|304\/304|[from] item: Leftovers
|turn|21
|
|move|p1a: Rotom-Wash|Volt Switch|p2a: Clefable
|-damage|p2a: Clefable|319\/394 brn
|
|switch|p1a: Ferrothorn|Ferrothorn, F|352\/352
|move|p2a: Clefable|Moonblast|p1a: Ferrothorn
|-resisted|p1a: Ferrothorn
|-damage|p1a: Ferrothorn|307\/352
|-unboost|p1a: Ferrothorn|spa|1
|
|-heal|p2a: Clefable|343\/394 brn|[from] item: Leftovers
|-heal|p1a: Ferrothorn|329\/352|[from] item: Leftovers
|turn|22
|
|switch|p2a: Sableye|Sableye-Mega, M|231\/304
|move|p1a: Ferrothorn|Power Whip|p2a: Sableye
|-damage|p2a: Sableye|140\/304
|
|-heal|p1a: Ferrothorn|351\/352|[from] item: Leftovers
|turn|23
|
|switch|p1a: Clefable|Clefable, M|349\/394
|move|p2a: Sableye|Recover|p2a: Sableye
|-heal|p2a: Sableye|292\/304
|
|turn|24
|
|switch|p2a: Jirachi|Jirachi|304\/404
|move|p1a: Clefable|Wish|p1a: Clefable
|
|-heal|p2a: Jirachi|329\/404|[from] item: Leftovers
|turn|25
|
|switch|p1a: Metagross|Metagross-Mega|165\/301 par
|move|p2a: Jirachi|Wish|p2a: Jirachi
|
|-heal|p1a: Metagross|301\/301 par|[from] move: Wish|[wisher] Clefable
|-heal|p2a: Jirachi|354\/404|[from] item: Leftovers
|turn|26
|
|move|p2a: Jirachi|Iron Head|p1a: Metagross
|-resisted|p1a: Metagross
|-damage|p1a: Metagross|265\/301 par
|cant|p1a: Metagross|flinch
|
|-heal|p2a: Jirachi|404\/404|[from] move: Wish|[wisher] Jirachi
|turn|27
|
|switch|p1a: Rotom-Wash|Rotom-Wash|304\/304
|move|p2a: Jirachi|Iron Head|p1a: Rotom-Wash
|-crit|p1a: Rotom-Wash
|-resisted|p1a: Rotom-Wash
|-damage|p1a: Rotom-Wash|278\/304
|
|-heal|p1a: Rotom-Wash|297\/304|[from] item: Leftovers
|turn|28
|
|move|p2a: Jirachi|Toxic|p1a: Rotom-Wash
|-status|p1a: Rotom-Wash|tox
|move|p1a: Rotom-Wash|Volt Switch|p2a: Jirachi
|-damage|p2a: Jirachi|344\/404
|
|switch|p1a: Ferrothorn|Ferrothorn, F|351\/352
|
|-heal|p2a: Jirachi|369\/404|[from] item: Leftovers
|-heal|p1a: Ferrothorn|352\/352|[from] item: Leftovers
|turn|29
|
|switch|p2a: Sableye|Sableye-Mega, M|292\/304
|switch|p1a: Clefable|Clefable, M|349\/394
|
|turn|30
|
|switch|p2a: Jirachi|Jirachi|369\/404
|move|p1a: Clefable|Heal Bell|p1a: Clefable
|-cureteam|p1a: Clefable|[from] move: HealBell
|
|-heal|p2a: Jirachi|394\/404|[from] item: Leftovers
|turn|31
|
|switch|p1a: Metagross|Metagross-Mega|265\/301
|move|p2a: Jirachi|Toxic|p1a: Metagross|[miss]
|-miss|p2a: Jirachi|p1a: Metagross
|
|-heal|p2a: Jirachi|404\/404|[from] item: Leftovers
|turn|32
|
|move|p1a: Metagross|Pursuit|p2a: Jirachi|[from]Pursuit
|-supereffective|p2a: Jirachi
|-damage|p2a: Jirachi|150\/404
|switch|p2a: Chesnaught|Chesnaught, M|380\/380
|
|turn|33
|
|move|p2a: Chesnaught|Spiky Shield|p2a: Chesnaught
|-singleturn|p2a: Chesnaught|move: Protect
|move|p1a: Metagross|Hammer Arm|p2a: Chesnaught
|-activate|p2a: Chesnaught|move: Protect
|-damage|p1a: Metagross|228\/301|[from] Spiky Shield|[of] p2a: Chesnaught
|
|turn|34
|
|move|p1a: Metagross|Zen Headbutt|p2a: Chesnaught
|-crit|p2a: Chesnaught
|-supereffective|p2a: Chesnaught
|-damage|p2a: Chesnaught|0 fnt
|faint|p2a: Chesnaught
|
|
|switch|p2a: Rhyperior|Rhyperior, M|268\/434
|turn|35
|
|switch|p1a: Rotom-Wash|Rotom-Wash|297\/304
|move|p2a: Rhyperior|Stealth Rock|p1a: Rotom-Wash
|-sidestart|p1: Korby|move: Stealth Rock
|
|-heal|p1a: Rotom-Wash|304\/304|[from] item: Leftovers
|-heal|p2a: Rhyperior|295\/434|[from] item: Leftovers
|turn|36
|
|switch|p2a: Clefable|Clefable, F|343\/394 brn
|move|p1a: Rotom-Wash|Hydro Pump|p2a: Clefable
|-damage|p2a: Clefable|225\/394 brn
|
|-heal|p2a: Clefable|249\/394 brn|[from] item: Leftovers
|turn|37
|
|move|p1a: Rotom-Wash|Volt Switch|p2a: Clefable
|-crit|p2a: Clefable
|-damage|p2a: Clefable|125\/394 brn
|
|switch|p1a: Metagross|Metagross-Mega|228\/301
|-damage|p1a: Metagross|210\/301|[from] Stealth Rock
|move|p2a: Clefable|Soft-Boiled|p2a: Clefable
|-heal|p2a: Clefable|322\/394 brn
|
|-heal|p2a: Clefable|346\/394 brn|[from] item: Leftovers
|turn|38
|
|switch|p2a: Gyarados|Gyarados, M|243\/393
|-ability|p2a: Gyarados|Intimidate|[of] p1a: Metagross
|-unboost|p1a: Metagross|atk|1
|move|p1a: Metagross|Zen Headbutt|p2a: Gyarados
|-damage|p2a: Gyarados|95\/393
|
|-heal|p2a: Gyarados|119\/393|[from] item: Leftovers
|turn|39
|
|switch|p2a: Sableye|Sableye-Mega, M|292\/304
|move|p1a: Metagross|Zen Headbutt|p2a: Sableye
|-immune|p2a: Sableye|[msg]
|
|turn|40
|
|switch|p1a: Clefable|Clefable, M|349\/394
|-damage|p1a: Clefable|300\/394|[from] Stealth Rock
|move|p2a: Sableye|Will-O-Wisp|p1a: Clefable|[miss]
|-miss|p2a: Sableye|p1a: Clefable
|
|turn|41
|
|switch|p1a: Metagross|Metagross-Mega|210\/301
|-damage|p1a: Metagross|192\/301|[from] Stealth Rock
|switch|p2a: Jirachi|Jirachi|150\/404
|
|-heal|p2a: Jirachi|175\/404|[from] item: Leftovers
|turn|42
|
|move|p2a: Jirachi|Protect|p2a: Jirachi
|-singleturn|p2a: Jirachi|Protect
|move|p1a: Metagross|Pursuit|p2a: Jirachi
|-activate|p2a: Jirachi|Protect
|
|-heal|p2a: Jirachi|200\/404|[from] item: Leftovers
|turn|43
|
|move|p1a: Metagross|Pursuit|p2a: Jirachi
|-supereffective|p2a: Jirachi
|-damage|p2a: Jirachi|54\/404
|move|p2a: Jirachi|Wish|p2a: Jirachi
|
|-heal|p2a: Jirachi|79\/404|[from] item: Leftovers
|turn|44
|
|move|p2a: Jirachi|Protect|p2a: Jirachi
|-singleturn|p2a: Jirachi|Protect
|move|p1a: Metagross|Meteor Mash|p2a: Jirachi
|-activate|p2a: Jirachi|Protect
|
|-heal|p2a: Jirachi|281\/404|[from] move: Wish|[wisher] Jirachi
|-heal|p2a: Jirachi|306\/404|[from] item: Leftovers
|turn|45
|
|move|p1a: Metagross|Meteor Mash|p2a: Jirachi
|-resisted|p2a: Jirachi
|-damage|p2a: Jirachi|182\/404
|move|p2a: Jirachi|Wish|p2a: Jirachi
|
|-heal|p2a: Jirachi|207\/404|[from] item: Leftovers
|turn|46
|
|move|p2a: Jirachi|Protect|p2a: Jirachi
|-singleturn|p2a: Jirachi|Protect
|move|p1a: Metagross|Pursuit|p2a: Jirachi
|-activate|p2a: Jirachi|Protect
|
|-heal|p2a: Jirachi|404\/404|[from] move: Wish|[wisher] Jirachi
|turn|47
|
|move|p1a: Metagross|Pursuit|p2a: Jirachi
|-supereffective|p2a: Jirachi
|-damage|p2a: Jirachi|270\/404
|move|p2a: Jirachi|Iron Head|p1a: Metagross
|-resisted|p1a: Metagross
|-damage|p1a: Metagross|156\/301
|
|-heal|p2a: Jirachi|295\/404|[from] item: Leftovers
|turn|48
|
|move|p1a: Metagross|Hammer Arm|p2a: Jirachi
|-damage|p2a: Jirachi|126\/404
|-unboost|p1a: Metagross|spe|1
|move|p2a: Jirachi|Wish|p2a: Jirachi
|
|-heal|p2a: Jirachi|151\/404|[from] item: Leftovers
|turn|49
|
|move|p2a: Jirachi|Protect|p2a: Jirachi
|-singleturn|p2a: Jirachi|Protect
|move|p1a: Metagross|Pursuit|p2a: Jirachi
|-activate|p2a: Jirachi|Protect
|
|-heal|p2a: Jirachi|353\/404|[from] move: Wish|[wisher] Jirachi
|-heal|p2a: Jirachi|378\/404|[from] item: Leftovers
|turn|50
|
|switch|p1a: Rotom-Wash|Rotom-Wash|304\/304
|-damage|p1a: Rotom-Wash|266\/304|[from] Stealth Rock
|move|p2a: Jirachi|Iron Head|p1a: Rotom-Wash
|-resisted|p1a: Rotom-Wash
|-damage|p1a: Rotom-Wash|250\/304
|
|-heal|p2a: Jirachi|403\/404|[from] item: Leftovers
|-heal|p1a: Rotom-Wash|269\/304|[from] item: Leftovers
|turn|51
|
|switch|p2a: Clefable|Clefable, F|346\/394 brn
|move|p1a: Rotom-Wash|Will-O-Wisp|p2a: Clefable
|-fail|p2a: Clefable|brn
|
|-heal|p1a: Rotom-Wash|288\/304|[from] item: Leftovers
|-heal|p2a: Clefable|370\/394 brn|[from] item: Leftovers
|turn|52
|
|move|p1a: Rotom-Wash|Volt Switch|p2a: Clefable
|-damage|p2a: Clefable|294\/394 brn
|
|switch|p1a: Clefable|Clefable, M|300\/394
|-damage|p1a: Clefable|251\/394|[from] Stealth Rock
|move|p2a: Clefable|Moonblast|p1a: Clefable
|-damage|p1a: Clefable|142\/394
|
|-heal|p2a: Clefable|318\/394 brn|[from] item: Leftovers
|turn|53
|
|switch|p2a: Gyarados|Gyarados, M|119\/393
|-ability|p2a: Gyarados|Intimidate|[of] p1a: Clefable
|-unboost|p1a: Clefable|atk|1
|move|p1a: Clefable|Wish|p1a: Clefable
|
|-heal|p2a: Gyarados|143\/393|[from] item: Leftovers
|turn|54
|
|move|p2a: Gyarados|Thunder Wave|p1a: Clefable
|-status|p1a: Clefable|par
|move|p1a: Clefable|Moonblast|p2a: Gyarados
|-damage|p2a: Gyarados|62\/393
|
|-heal|p1a: Clefable|339\/394 par|[from] move: Wish|[wisher] Clefable
|-heal|p2a: Gyarados|86\/393|[from] item: Leftovers
|turn|55
|
|move|p2a: Gyarados|Waterfall|p1a: Clefable
|-damage|p1a: Clefable|245\/394 par
|move|p1a: Clefable|Moonblast|p2a: Gyarados
|-damage|p2a: Gyarados|7\/393
|
|-heal|p2a: Gyarados|31\/393|[from] item: Leftovers
|turn|56
|
|switch|p1a: Keldeo|Keldeo|303\/323
|-damage|p1a: Keldeo|283\/323|[from] Stealth Rock
|move|p2a: Gyarados|Rest|p2a: Gyarados
|-status|p2a: Gyarados|slp
|-heal|p2a: Gyarados|393\/393 slp|[silent]
|-status|p2a: Gyarados|slp|[from] move: Rest
|
|turn|57
|
|switch|p1a: Rotom-Wash|Rotom-Wash|288\/304
|-damage|p1a: Rotom-Wash|250\/304|[from] Stealth Rock
|cant|p2a: Gyarados|slp
|move|p2a: Gyarados|Sleep Talk|p2a: Gyarados
|move|p2a: Gyarados|Waterfall|p1a: Rotom-Wash|[from]Sleep Talk
|-resisted|p1a: Rotom-Wash
|-damage|p1a: Rotom-Wash|213\/304
|
|-heal|p1a: Rotom-Wash|232\/304|[from] item: Leftovers
|turn|58
|
|switch|p2a: Rhyperior|Rhyperior, M|295\/434
|move|p1a: Rotom-Wash|Volt Switch|p2a: Rhyperior
|-immune|p2a: Rhyperior|[msg]
|
|-heal|p1a: Rotom-Wash|251\/304|[from] item: Leftovers
|-heal|p2a: Rhyperior|322\/434|[from] item: Leftovers
|turn|59
|
|switch|p2a: Clefable|Clefable, F|318\/394 brn
|move|p1a: Rotom-Wash|Volt Switch|p2a: Clefable
|-damage|p2a: Clefable|245\/394 brn
|
|switch|p1a: Metagross|Metagross-Mega|156\/301
|-damage|p1a: Metagross|138\/301|[from] Stealth Rock
|
|-heal|p2a: Clefable|269\/394 brn|[from] item: Leftovers
|turn|60
|
|switch|p2a: Jirachi|Jirachi|403\/404
|move|p1a: Metagross|Meteor Mash|p2a: Jirachi
|-resisted|p2a: Jirachi
|-damage|p2a: Jirachi|277\/404
|-boost|p1a: Metagross|atk|1
|
|-heal|p2a: Jirachi|302\/404|[from] item: Leftovers
|turn|61
|
|move|p2a: Jirachi|Protect|p2a: Jirachi
|-singleturn|p2a: Jirachi|Protect
|move|p1a: Metagross|Pursuit|p2a: Jirachi
|-activate|p2a: Jirachi|Protect
|
|-heal|p2a: Jirachi|327\/404|[from] item: Leftovers
|turn|62
|
|move|p1a: Metagross|Pursuit|p2a: Jirachi
|-supereffective|p2a: Jirachi
|-damage|p2a: Jirachi|121\/404
|move|p2a: Jirachi|Wish|p2a: Jirachi
|
|-heal|p2a: Jirachi|146\/404|[from] item: Leftovers
|turn|63
|
|move|p2a: Jirachi|Protect|p2a: Jirachi
|-singleturn|p2a: Jirachi|Protect
|move|p1a: Metagross|Pursuit|p2a: Jirachi
|-activate|p2a: Jirachi|Protect
|
|-heal|p2a: Jirachi|348\/404|[from] move: Wish|[wisher] Jirachi
|-heal|p2a: Jirachi|373\/404|[from] item: Leftovers
|turn|64
|
|move|p1a: Metagross|Pursuit|p2a: Jirachi
|-supereffective|p2a: Jirachi
|-damage|p2a: Jirachi|157\/404
|move|p2a: Jirachi|Wish|p2a: Jirachi
|
|-heal|p2a: Jirachi|182\/404|[from] item: Leftovers
|turn|65
|
|move|p2a: Jirachi|Protect|p2a: Jirachi
|-singleturn|p2a: Jirachi|Protect
|move|p1a: Metagross|Pursuit|p2a: Jirachi
|-activate|p2a: Jirachi|Protect
|
|-heal|p2a: Jirachi|384\/404|[from] move: Wish|[wisher] Jirachi
|-heal|p2a: Jirachi|404\/404|[from] item: Leftovers
|turn|66
|
|move|p1a: Metagross|Pursuit|p2a: Jirachi
|-supereffective|p2a: Jirachi
|-damage|p2a: Jirachi|202\/404
|move|p2a: Jirachi|Wish|p2a: Jirachi
|
|-heal|p2a: Jirachi|227\/404|[from] item: Leftovers
|turn|67
|
|move|p1a: Metagross|Pursuit|p2a: Jirachi
|-supereffective|p2a: Jirachi
|-damage|p2a: Jirachi|39\/404
|move|p2a: Jirachi|Iron Head|p1a: Metagross
|-resisted|p1a: Metagross
|-damage|p1a: Metagross|103\/301
|
|-heal|p2a: Jirachi|241\/404|[from] move: Wish|[wisher] Jirachi
|-heal|p2a: Jirachi|266\/404|[from] item: Leftovers
|turn|68
|
|move|p1a: Metagross|Meteor Mash|p2a: Jirachi
|-crit|p2a: Jirachi
|-resisted|p2a: Jirachi
|-damage|p2a: Jirachi|27\/404
|move|p2a: Jirachi|Wish|p2a: Jirachi
|
|-heal|p2a: Jirachi|52\/404|[from] item: Leftovers
|turn|69
|
|move|p2a: Jirachi|Protect|p2a: Jirachi
|-singleturn|p2a: Jirachi|Protect
|move|p1a: Metagross|Pursuit|p2a: Jirachi
|-activate|p2a: Jirachi|Protect
|
|-heal|p2a: Jirachi|254\/404|[from] move: Wish|[wisher] Jirachi
|-heal|p2a: Jirachi|279\/404|[from] item: Leftovers
|turn|70
|
|move|p1a: Metagross|Meteor Mash|p2a: Jirachi
|-resisted|p2a: Jirachi
|-damage|p2a: Jirachi|105\/404
|move|p2a: Jirachi|Wish|p2a: Jirachi
|
|-heal|p2a: Jirachi|130\/404|[from] item: Leftovers
|turn|71
|
|move|p2a: Jirachi|Protect|p2a: Jirachi
|-singleturn|p2a: Jirachi|Protect
|move|p1a: Metagross|Pursuit|p2a: Jirachi
|-activate|p2a: Jirachi|Protect
|
|-heal|p2a: Jirachi|332\/404|[from] move: Wish|[wisher] Jirachi
|-heal|p2a: Jirachi|357\/404|[from] item: Leftovers
|turn|72
|
|move|p1a: Metagross|Pursuit|p2a: Jirachi
|-supereffective|p2a: Jirachi
|-damage|p2a: Jirachi|163\/404
|move|p2a: Jirachi|Wish|p2a: Jirachi
|
|-heal|p2a: Jirachi|188\/404|[from] item: Leftovers
|turn|73
|
|move|p2a: Jirachi|Protect|p2a: Jirachi
|-singleturn|p2a: Jirachi|Protect
|move|p1a: Metagross|Pursuit|p2a: Jirachi
|-activate|p2a: Jirachi|Protect
|
|-heal|p2a: Jirachi|390\/404|[from] move: Wish|[wisher] Jirachi
|-heal|p2a: Jirachi|404\/404|[from] item: Leftovers
|turn|74
|
|move|p1a: Metagross|Pursuit|p2a: Jirachi
|-supereffective|p2a: Jirachi
|-damage|p2a: Jirachi|202\/404
|move|p2a: Jirachi|Iron Head|p1a: Metagross
|-crit|p1a: Metagross
|-resisted|p1a: Metagross
|-damage|p1a: Metagross|53\/301
|
|-heal|p2a: Jirachi|227\/404|[from] item: Leftovers
|turn|75
|
|move|p1a: Metagross|Hammer Arm|p2a: Jirachi
|-damage|p2a: Jirachi|0 fnt
|-unboost|p1a: Metagross|spe|1
|faint|p2a: Jirachi
|
|
|switch|p2a: Sableye|Sableye-Mega, M|292\/304
|turn|76
|
|move|p1a: Metagross|Meteor Mash|p2a: Sableye
|-damage|p2a: Sableye|96\/304
|-boost|p1a: Metagross|atk|1
|move|p2a: Sableye|Knock Off|p1a: Metagross
|-supereffective|p1a: Metagross
|-damage|p1a: Metagross|0 fnt
|faint|p1a: Metagross
|
|
|switch|p1a: Keldeo|Keldeo|283\/323
|-damage|p1a: Keldeo|263\/323|[from] Stealth Rock
|turn|77
|
|switch|p1a: Latios|Latios, M|264\/301
|-damage|p1a: Latios|227\/301|[from] Stealth Rock
|switch|p2a: Gyarados|Gyarados, M|393\/393 slp
|-ability|p2a: Gyarados|Intimidate|[of] p1a: Latios
|-unboost|p1a: Latios|atk|1
|
|turn|78
|
|move|p1a: Latios|Defog|p2a: Gyarados
|-unboost|p2a: Gyarados|evasion|1
|-sideend|p1: Korby|Stealth Rock|[from] move: Defog|[of] p1a: Latios
|cant|p2a: Gyarados|slp
|move|p2a: Gyarados|Sleep Talk|p2a: Gyarados
|move|p2a: Gyarados|Thunder Wave|p1a: Latios|[from]Sleep Talk
|-status|p1a: Latios|par
|
|turn|79
|
|switch|p2a: Clefable|Clefable, F|269\/394 brn
|switch|p1a: Ferrothorn|Ferrothorn, F|352\/352
|
|-heal|p2a: Clefable|293\/394 brn|[from] item: Leftovers
|turn|80
|
|switch|p2a: Sableye|Sableye-Mega, M|96\/304
|switch|p1a: Keldeo|Keldeo|263\/323
|
|turn|81
|
|switch|p1a: Rotom-Wash|Rotom-Wash|251\/304
|switch|p2a: Gyarados|Gyarados, M|393\/393 slp
|-ability|p2a: Gyarados|Intimidate|[of] p1a: Rotom-Wash
|-unboost|p1a: Rotom-Wash|atk|1
|
|-heal|p1a: Rotom-Wash|270\/304|[from] item: Leftovers
|turn|82
|
|switch|p2a: Rhyperior|Rhyperior, M|322\/434
|move|p1a: Rotom-Wash|Volt Switch|p2a: Rhyperior
|-immune|p2a: Rhyperior|[msg]
|
|-heal|p1a: Rotom-Wash|289\/304|[from] item: Leftovers
|-heal|p2a: Rhyperior|349\/434|[from] item: Leftovers
|turn|83
|
|move|p1a: Rotom-Wash|Hydro Pump|p2a: Rhyperior
|-supereffective|p2a: Rhyperior
|-damage|p2a: Rhyperior|0 fnt
|faint|p2a: Rhyperior
|
|-heal|p1a: Rotom-Wash|304\/304|[from] item: Leftovers
|
|switch|p2a: Clefable|Clefable, F|293\/394 brn
|turn|84
|join|Blue Erlade
|
|move|p1a: Rotom-Wash|Volt Switch|p2a: Clefable
|-damage|p2a: Clefable|214\/394 brn
|
|switch|p1a: Ferrothorn|Ferrothorn, F|352\/352
|move|p2a: Clefable|Soft-Boiled|p2a: Clefable
|-heal|p2a: Clefable|394\/394 brn
|
|turn|85
|
|switch|p2a: Sableye|Sableye-Mega, M|96\/304
|switch|p1a: Rotom-Wash|Rotom-Wash|304\/304
|
|turn|86
|
|move|p1a: Rotom-Wash|Hydro Pump|p2a: Sableye
|-damage|p2a: Sableye|0 fnt
|faint|p2a: Sableye
|
|
|switch|p2a: Clefable|Clefable, F|394\/394 brn
|turn|87
|
|move|p1a: Rotom-Wash|Volt Switch|p2a: Clefable
|-damage|p2a: Clefable|315\/394 brn
|
|switch|p1a: Ferrothorn|Ferrothorn, F|352\/352
|move|p2a: Clefable|Calm Mind|p2a: Clefable
|-boost|p2a: Clefable|spa|1
|-boost|p2a: Clefable|spd|1
|
|-heal|p2a: Clefable|339\/394 brn|[from] item: Leftovers
|turn|88
|
|move|p2a: Clefable|Calm Mind|p2a: Clefable
|-boost|p2a: Clefable|spa|1
|-boost|p2a: Clefable|spd|1
|move|p1a: Ferrothorn|Stealth Rock|p2a: Clefable
|-sidestart|p2: poek69x|move: Stealth Rock
|
|-heal|p2a: Clefable|363\/394 brn|[from] item: Leftovers
|turn|89
|
|move|p2a: Clefable|Calm Mind|p2a: Clefable
|-boost|p2a: Clefable|spa|1
|-boost|p2a: Clefable|spd|1
|move|p1a: Ferrothorn|Power Whip|p2a: Clefable
|-damage|p2a: Clefable|224\/394 brn
|
|-heal|p2a: Clefable|248\/394 brn|[from] item: Leftovers
|turn|90
|
|move|p2a: Clefable|Soft-Boiled|p2a: Clefable
|-heal|p2a: Clefable|394\/394 brn
|move|p1a: Ferrothorn|Power Whip|p2a: Clefable|[miss]
|-miss|p1a: Ferrothorn|p2a: Clefable
|
|turn|91
|
|move|p2a: Clefable|Calm Mind|p2a: Clefable
|-boost|p2a: Clefable|spa|1
|-boost|p2a: Clefable|spd|1
|move|p1a: Ferrothorn|Power Whip|p2a: Clefable
|-damage|p2a: Clefable|250\/394 brn
|
|-heal|p2a: Clefable|274\/394 brn|[from] item: Leftovers
|turn|92
|
|move|p2a: Clefable|Calm Mind|p2a: Clefable
|-boost|p2a: Clefable|spa|1
|-boost|p2a: Clefable|spd|1
|move|p1a: Ferrothorn|Power Whip|p2a: Clefable
|-damage|p2a: Clefable|118\/394 brn
|
|-heal|p2a: Clefable|142\/394 brn|[from] item: Leftovers
|turn|93
|
|move|p2a: Clefable|Soft-Boiled|p2a: Clefable
|-heal|p2a: Clefable|339\/394 brn
|move|p1a: Ferrothorn|Power Whip|p2a: Clefable
|-damage|p2a: Clefable|192\/394 brn
|
|-heal|p2a: Clefable|216\/394 brn|[from] item: Leftovers
|turn|94
|
|move|p2a: Clefable|Soft-Boiled|p2a: Clefable
|-heal|p2a: Clefable|394\/394 brn
|move|p1a: Ferrothorn|Power Whip|p2a: Clefable
|-damage|p2a: Clefable|238\/394 brn
|
|-heal|p2a: Clefable|262\/394 brn|[from] item: Leftovers
|turn|95
|
|move|p2a: Clefable|Calm Mind|p2a: Clefable
|-boost|p2a: Clefable|spa|1
|-boost|p2a: Clefable|spd|1
|move|p1a: Ferrothorn|Power Whip|p2a: Clefable
|-damage|p2a: Clefable|123\/394 brn
|
|-heal|p2a: Clefable|147\/394 brn|[from] item: Leftovers
|turn|96
|
|move|p2a: Clefable|Soft-Boiled|p2a: Clefable
|-heal|p2a: Clefable|344\/394 brn
|move|p1a: Ferrothorn|Power Whip|p2a: Clefable
|-damage|p2a: Clefable|205\/394 brn
|
|-heal|p2a: Clefable|229\/394 brn|[from] item: Leftovers
|turn|97
|
|move|p2a: Clefable|Soft-Boiled|p2a: Clefable
|-heal|p2a: Clefable|394\/394 brn
|move|p1a: Ferrothorn|Power Whip|p2a: Clefable
|-damage|p2a: Clefable|249\/394 brn
|
|-heal|p2a: Clefable|273\/394 brn|[from] item: Leftovers
|turn|98
|
|move|p2a: Clefable|Stored Power|p1a: Ferrothorn
|-resisted|p1a: Ferrothorn
|-damage|p1a: Ferrothorn|0 fnt
|faint|p1a: Ferrothorn
|
|-heal|p2a: Clefable|297\/394 brn|[from] item: Leftovers
|
|switch|p1a: Clefable|Clefable, M|245\/394 par
|turn|99
|
|move|p2a: Clefable|Stored Power|p1a: Clefable
|-crit|p1a: Clefable
|-damage|p1a: Clefable|0 fnt
|faint|p1a: Clefable
|
|-heal|p2a: Clefable|321\/394 brn|[from] item: Leftovers
|
|switch|p1a: Keldeo|Keldeo|263\/323
|turn|100
|
|move|p1a: Keldeo|Hydro Pump|p2a: Clefable
|-damage|p2a: Clefable|278\/394 brn
|move|p2a: Clefable|Moonblast|p1a: Keldeo
|-supereffective|p1a: Keldeo
|-damage|p1a: Keldeo|0 fnt
|faint|p1a: Keldeo
|
|-heal|p2a: Clefable|302\/394 brn|[from] item: Leftovers
|-message|Korby forfeited.
|
|win|poek69x
|raw|Ladder updating...
|leave|Korby
|player|p1
|raw|Korby's rating: 1661 &rarr; <strong>1641<\/strong><br \/>(-20 for losing)
|raw|poek69x's rating: 1650 &rarr; <strong>1671<\/strong><br \/>(+21 for winning)