|join|wish killer
|join|poek69x
|player|p1|wish killer|1
|player|p2|poek69x|283
|gametype|singles
|gen|6
|tier|OU
|rated
|clearpoke
|poke|p1|Bisharp, M
|poke|p1|Venusaur, M
|poke|p1|Heatran, F
|poke|p1|Keldeo
|poke|p1|Chansey, F
|poke|p1|Skarmory, M
|poke|p2|Dragalge, M
|poke|p2|Gyarados, M
|poke|p2|Jirachi
|poke|p2|Hawlucha, M
|poke|p2|Mamoswine, F
|poke|p2|Raikou
|rule|Swagger Clause: Swagger is banned
|rule|Baton Pass Clause: Limit one PokÃ©mon knowing Baton Pass
|rule|Sleep Clause Mod: Limit one foe put to sleep
|rule|Species Clause: Limit one of each PokÃ©mon
|rule|OHKO Clause: OHKO moves are banned
|rule|Moody Clause: Moody is banned
|rule|Evasion Moves Clause: Evasion moves are banned
|rule|Endless Battle Clause: Forcing endless battles is banned
|rule|HP Percentage Mod: HP is shown in percentages
|teampreview
|
|start
|switch|p1a: Heatran|Heatran, F|340\/340
|switch|p2a: Mamoswine|Mamoswine, F|361\/361
|-item|p1a: Heatran|Air Balloon
|turn|1
|
|move|p2a: Mamoswine|Ice Shard|p1a: Heatran
|-resisted|p1a: Heatran
|-damage|p1a: Heatran|324\/340
|-enditem|p1a: Heatran|Air Balloon
|move|p1a: Heatran|Stealth Rock|p2a: Mamoswine
|-sidestart|p2: poek69x|move: Stealth Rock
|
|turn|2
|
|move|p1a: Heatran|Fire Blast|p2a: Mamoswine|[miss]
|-miss|p1a: Heatran|p2a: Mamoswine
|move|p2a: Mamoswine|Stealth Rock|p1a: Heatran
|-sidestart|p1: wish killer|move: Stealth Rock
|
|turn|3
|
|switch|p1a: Skarmory|Skarmory, M|334\/334
|-damage|p1a: Skarmory|293\/334|[from] Stealth Rock
|switch|p2a: Raikou|Raikou|321\/321
|-damage|p2a: Raikou|281\/321|[from] Stealth Rock
|-ability|p2a: Raikou|Pressure
|
|turn|4
|
|switch|p1a: Heatran|Heatran, F|324\/340
|-damage|p1a: Heatran|282\/340|[from] Stealth Rock
|move|p2a: Raikou|Volt Switch|p1a: Heatran
|-damage|p1a: Heatran|180\/340
|
|switch|p2a: Hawlucha|Hawlucha, M|297\/297
|-damage|p2a: Hawlucha|260\/297|[from] Stealth Rock
|
|turn|5
|
|switch|p1a: Skarmory|Skarmory, M|293\/334
|-damage|p1a: Skarmory|252\/334|[from] Stealth Rock
|move|p2a: Hawlucha|High Jump Kick|p1a: Skarmory
|-damage|p1a: Skarmory|143\/334
|-damage|p2a: Hawlucha|211\/297|[from] item: Rocky Helmet|[of] p1a: Skarmory
|
|turn|6
|
|switch|p2a: Raikou|Raikou|281\/321
|-damage|p2a: Raikou|241\/321|[from] Stealth Rock
|-ability|p2a: Raikou|Pressure
|move|p1a: Skarmory|Roost|p1a: Skarmory
|-heal|p1a: Skarmory|310\/334
|
|turn|7
|
|switch|p1a: Heatran|Heatran, F|180\/340
|-damage|p1a: Heatran|138\/340|[from] Stealth Rock
|move|p2a: Raikou|Volt Switch|p1a: Heatran
|-damage|p1a: Heatran|30\/340
|
|switch|p2a: Gyarados|Gyarados, M|331\/331
|-damage|p2a: Gyarados|249\/331|[from] Stealth Rock
|-ability|p2a: Gyarados|Intimidate|[of] p1a: Heatran
|-unboost|p1a: Heatran|atk|1
|
|turn|8
|
|move|p2a: Gyarados|Dragon Dance|p2a: Gyarados
|-boost|p2a: Gyarados|atk|1
|-boost|p2a: Gyarados|spe|1
|move|p1a: Heatran|Toxic|p2a: Gyarados
|-status|p2a: Gyarados|tox
|
|-damage|p2a: Gyarados|229\/331 tox|[from] psn
|turn|9
|
|move|p2a: Gyarados|Dragon Dance|p2a: Gyarados
|-boost|p2a: Gyarados|atk|1
|-boost|p2a: Gyarados|spe|1
|move|p1a: Heatran|Fire Blast|p2a: Gyarados
|-resisted|p2a: Gyarados
|-damage|p2a: Gyarados|140\/331 tox
|
|-damage|p2a: Gyarados|100\/331 tox|[from] psn
|turn|10
|
|move|p2a: Gyarados|Waterfall|p1a: Heatran
|-supereffective|p1a: Heatran
|-damage|p1a: Heatran|0 fnt
|faint|p1a: Heatran
|
|-damage|p2a: Gyarados|40\/331 tox|[from] psn
|
|switch|p1a: Bisharp|Bisharp, M|334\/334
|-damage|p1a: Bisharp|314\/334|[from] Stealth Rock
|turn|11
|
|detailschange|p2a: Gyarados|Gyarados-Mega, M
|message|Gyarados has Mega Evolved into Mega Gyarados!
|-ability|p2a: Gyarados|Mold Breaker
|move|p1a: Bisharp|Sucker Punch|p2a: Gyarados
|-resisted|p2a: Gyarados
|-damage|p2a: Gyarados|0 fnt
|faint|p2a: Gyarados
|
|-heal|p1a: Bisharp|334\/334|[from] item: Leftovers
|
|switch|p2a: Hawlucha|Hawlucha, M|211\/297
|-damage|p2a: Hawlucha|174\/297|[from] Stealth Rock
|turn|12
|
|move|p2a: Hawlucha|Swords Dance|p2a: Hawlucha
|-boost|p2a: Hawlucha|atk|2
|move|p1a: Bisharp|Knock Off|p2a: Hawlucha
|-resisted|p2a: Hawlucha
|-damage|p2a: Hawlucha|65\/297
|-enditem|p2a: Hawlucha|Sitrus Berry|[from] move: Knock Off|[of] p1a: Bisharp
|
|turn|13
|
|move|p1a: Bisharp|Sucker Punch|p2a: Hawlucha
|-fail|p2a: Hawlucha
|move|p2a: Hawlucha|Swords Dance|p2a: Hawlucha
|-boost|p2a: Hawlucha|atk|2
|
|turn|14
|
|move|p1a: Bisharp|Sucker Punch|p2a: Hawlucha
|-fail|p2a: Hawlucha
|move|p2a: Hawlucha|Swords Dance|p2a: Hawlucha
|-boost|p2a: Hawlucha|atk|2
|
|turn|15
|
|move|p1a: Bisharp|Sucker Punch|p2a: Hawlucha
|-resisted|p2a: Hawlucha
|-damage|p2a: Hawlucha|0 fnt
|faint|p2a: Hawlucha
|
|
|switch|p2a: Mamoswine|Mamoswine, F|361\/361
|-damage|p2a: Mamoswine|316\/361|[from] Stealth Rock
|turn|16
|
|switch|p2a: Dragalge|Dragalge, M|321\/321
|-damage|p2a: Dragalge|281\/321|[from] Stealth Rock
|switch|p1a: Skarmory|Skarmory, M|310\/334
|-damage|p1a: Skarmory|269\/334|[from] Stealth Rock
|
|turn|17
|
|switch|p2a: Jirachi|Jirachi|404\/404
|-damage|p2a: Jirachi|379\/404|[from] Stealth Rock
|move|p1a: Skarmory|Spikes|p2a: Jirachi
|-sidestart|p2: poek69x|Spikes
|
|-heal|p2a: Jirachi|404\/404|[from] item: Leftovers
|turn|18
|
|move|p2a: Jirachi|Fire Punch|p1a: Skarmory
|-supereffective|p1a: Skarmory
|-damage|p1a: Skarmory|183\/334
|-damage|p2a: Jirachi|337\/404|[from] item: Rocky Helmet|[of] p1a: Skarmory
|move|p1a: Skarmory|Spikes|p2a: Jirachi
|-sidestart|p2: poek69x|Spikes
|
|-heal|p2a: Jirachi|362\/404|[from] item: Leftovers
|turn|19
|
|move|p2a: Jirachi|Fire Punch|p1a: Skarmory
|-supereffective|p1a: Skarmory
|-damage|p1a: Skarmory|91\/334
|-damage|p2a: Jirachi|295\/404|[from] item: Rocky Helmet|[of] p1a: Skarmory
|move|p1a: Skarmory|Roost|p1a: Skarmory
|-heal|p1a: Skarmory|258\/334
|
|-heal|p2a: Jirachi|320\/404|[from] item: Leftovers
|turn|20
|
|move|p2a: Jirachi|Fire Punch|p1a: Skarmory
|-crit|p1a: Skarmory
|-supereffective|p1a: Skarmory
|-damage|p1a: Skarmory|124\/334
|-damage|p2a: Jirachi|253\/404|[from] item: Rocky Helmet|[of] p1a: Skarmory
|move|p1a: Skarmory|Whirlwind|p2a: Jirachi
|drag|p2a: Dragalge|Dragalge, M|281\/321
|-damage|p2a: Dragalge|228\/321|[from] Spikes
|-damage|p2a: Dragalge|188\/321|[from] Stealth Rock
|
|turn|21
|
|move|p1a: Skarmory|Roost|p1a: Skarmory
|-heal|p1a: Skarmory|291\/334
|move|p2a: Dragalge|Draco Meteor|p1a: Skarmory|[miss]
|-miss|p2a: Dragalge|p1a: Skarmory
|
|turn|22
|-message|poek69x forfeited.
|
|win|wish killer
|raw|Ladder updating...
|leave|poek69x
|player|p2
|raw|wish killer's rating: 1790 &rarr; <strong>1801<\/strong><br \/>(+11 for winning)
|raw|poek69x's rating: 1631 &rarr; <strong>1620<\/strong><br \/>(-11 for losing)