|join|Reverb
|join|poek69x
|player|p1|Reverb|#reverb
|player|p2|poek69x|283
|gametype|singles
|gen|6
|tier|OU
|rated
|clearpoke
|poke|p1|Empoleon, M
|poke|p1|Tyranitar, F
|poke|p1|Charizard, F
|poke|p1|Keldeo
|poke|p1|Kyurem-Black
|poke|p1|Landorus-Therian, M
|poke|p2|Crawdaunt, M
|poke|p2|Celebi
|poke|p2|Heatran, F
|poke|p2|Manectric, F
|poke|p2|Landorus-Therian, M
|poke|p2|Gengar, M
|rule|Swagger Clause: Swagger is banned
|rule|Baton Pass Clause: Limit one PokÃ©mon knowing Baton Pass
|rule|Sleep Clause Mod: Limit one foe put to sleep
|rule|Species Clause: Limit one of each PokÃ©mon
|rule|OHKO Clause: OHKO moves are banned
|rule|Moody Clause: Moody is banned
|rule|Evasion Moves Clause: Evasion moves are banned
|rule|Endless Battle Clause: Forcing endless battles is banned
|rule|HP Percentage Mod: HP is shown in percentages
|teampreview
|c|âpoek69x|gl
|c|âReverb|u2
|join|Gazz
|
|start
|switch|p1a: Keldeo|Keldeo|323\/323
|switch|p2a: Manectric|Manectric, F|281\/281
|turn|1
|join|Us 'n' Them
|c| Gazz|why kyub
|
|switch|p2a: Celebi|Celebi|404\/404
|move|p1a: Keldeo|Hydro Pump|p2a: Celebi
|-resisted|p2a: Celebi
|-damage|p2a: Celebi|246\/404
|
|-heal|p2a: Celebi|271\/404|[from] item: Leftovers
|turn|2
|join|Arcanine is Regal
|
|switch|p1a: Empoleon|Empoleon, M|372\/372
|move|p2a: Celebi|Baton Pass|p2a: Celebi
|
|switch|p2a: Crawdaunt|Crawdaunt, M|267\/267
|
|turn|3
|
|move|p2a: Crawdaunt|Knock Off|p1a: Empoleon
|-damage|p1a: Empoleon|102\/372
|-enditem|p1a: Empoleon|Leftovers|[from] move: Knock Off|[of] p2a: Crawdaunt
|-damage|p2a: Crawdaunt|241\/267|[from] item: Life Orb
|move|p1a: Empoleon|Stealth Rock|p2a: Crawdaunt
|-sidestart|p2: poek69x|move: Stealth Rock
|
|turn|4
|
|switch|p1a: Keldeo|Keldeo|323\/323
|move|p2a: Crawdaunt|Knock Off|p1a: Keldeo
|-resisted|p1a: Keldeo
|-damage|p1a: Keldeo|150\/323
|-boost|p1a: Keldeo|atk|1|[from] ability: Justified
|-enditem|p1a: Keldeo|Choice Specs|[from] move: Knock Off|[of] p2a: Crawdaunt
|-damage|p2a: Crawdaunt|215\/267|[from] item: Life Orb
|
|turn|5
|
|switch|p2a: Celebi|Celebi|271\/404
|-damage|p2a: Celebi|221\/404|[from] Stealth Rock
|move|p1a: Keldeo|Scald|p2a: Celebi
|-resisted|p2a: Celebi
|-damage|p2a: Celebi|156\/404
|-status|p2a: Celebi|brn
|
|-heal|p2a: Celebi|181\/404 brn|[from] item: Leftovers
|-damage|p2a: Celebi|131\/404 brn|[from] brn
|turn|6
|join|haunter
|
|switch|p1a: Charizard|Charizard, F|297\/297
|move|p2a: Celebi|Recover|p2a: Celebi
|-heal|p2a: Celebi|333\/404 brn
|
|-heal|p2a: Celebi|358\/404 brn|[from] item: Leftovers
|-damage|p2a: Celebi|308\/404 brn|[from] brn
|turn|7
|
|switch|p2a: Heatran|Heatran, F|386\/386
|-damage|p2a: Heatran|338\/386|[from] Stealth Rock
|detailschange|p1a: Charizard|Charizard-Mega-Y, F
|message|Charizard has Mega Evolved into Mega Charizard!
|-weather|SunnyDay
|move|p1a: Charizard|Flamethrower|p2a: Heatran
|-start|p2a: Heatran|ability: Flash Fire
|
|-weather|SunnyDay|[upkeep]
|-heal|p2a: Heatran|362\/386|[from] item: Leftovers
|turn|8
|
|move|p1a: Charizard|Earthquake|p2a: Heatran
|-supereffective|p2a: Heatran
|-damage|p2a: Heatran|66\/386
|move|p2a: Heatran|Stealth Rock|p1a: Charizard
|-sidestart|p1: Reverb|move: Stealth Rock
|
|-weather|SunnyDay|[upkeep]
|-heal|p2a: Heatran|90\/386|[from] item: Leftovers
|turn|9
|c| Gazz|...
|
|move|p1a: Charizard|Earthquake|p2a: Heatran
|-supereffective|p2a: Heatran
|-damage|p2a: Heatran|0 fnt
|faint|p2a: Heatran
|
|-weather|SunnyDay|[upkeep]
|
|switch|p2a: Landorus-Therian|Landorus-Therian, M|319\/319
|-damage|p2a: Landorus-Therian|280\/319|[from] Stealth Rock
|-ability|p2a: Landorus-Therian|Intimidate|[of] p1a: Charizard
|-unboost|p1a: Charizard|atk|1
|turn|10
|
|move|p2a: Landorus-Therian|Stone Edge|p1a: Charizard
|-crit|p1a: Charizard
|-supereffective|p1a: Charizard
|-damage|p1a: Charizard|0 fnt
|faint|p1a: Charizard
|
|-weather|SunnyDay|[upkeep]
|
|switch|p1a: Tyranitar|Tyranitar, F|383\/383
|-damage|p1a: Tyranitar|336\/383|[from] Stealth Rock
|-weather|Sandstorm
|turn|11
|
|move|p1a: Tyranitar|Pursuit|p2a: Landorus-Therian|[from]Pursuit
|-damage|p2a: Landorus-Therian|18\/319
|switch|p2a: Manectric|Manectric, F|281\/281
|-damage|p2a: Manectric|246\/281|[from] Stealth Rock
|
|-weather|Sandstorm|[upkeep]
|-damage|p2a: Manectric|229\/281|[from] sandstorm
|turn|12
|c| Arcanine is Regal|o
|c| Arcanine is Regal|m
|c| Arcanine is Regal|l
|
|detailschange|p2a: Manectric|Manectric-Mega, F
|message|Manectric has Mega Evolved into Mega Manectric!
|-ability|p2a: Manectric|Intimidate|[of] p1a: Tyranitar
|-unboost|p1a: Tyranitar|atk|1
|move|p2a: Manectric|Thunderbolt|p1a: Tyranitar
|-crit|p1a: Tyranitar
|-damage|p1a: Tyranitar|168\/383
|move|p1a: Tyranitar|Pursuit|p2a: Manectric
|-damage|p2a: Manectric|139\/281
|
|-weather|Sandstorm|[upkeep]
|-damage|p2a: Manectric|122\/281|[from] sandstorm
|turn|13
|join|I Iike Squirtles
|
|move|p2a: Manectric|Thunderbolt|p1a: Tyranitar
|-damage|p1a: Tyranitar|60\/383
|-status|p1a: Tyranitar|par
|move|p1a: Tyranitar|Pursuit|p2a: Manectric
|-damage|p2a: Manectric|22\/281
|
|-weather|Sandstorm|[upkeep]
|-damage|p2a: Manectric|5\/281|[from] sandstorm
|turn|14
|
|move|p2a: Manectric|Thunderbolt|p1a: Tyranitar
|-damage|p1a: Tyranitar|0 fnt
|faint|p1a: Tyranitar
|
|-weather|Sandstorm|[upkeep]
|-damage|p2a: Manectric|0 fnt|[from] sandstorm
|faint|p2a: Manectric
|
|switch|p2a: Gengar|Gengar, M|261\/261
|switch|p1a: Empoleon|Empoleon, M|102\/372
|-damage|p2a: Gengar|229\/261|[from] Stealth Rock
|-damage|p1a: Empoleon|79\/372|[from] Stealth Rock
|turn|15
|join|Pikachu Uber
|
|move|p2a: Gengar|Shadow Ball|p1a: Empoleon
|-damage|p1a: Empoleon|0 fnt
|-damage|p2a: Gengar|203\/261|[from] item: Life Orb
|faint|p1a: Empoleon
|
|-weather|none
|
|switch|p1a: Kyurem-Black|Kyurem-Black|391\/391
|-damage|p1a: Kyurem-Black|294\/391|[from] Stealth Rock
|-ability|p1a: Kyurem-Black|Teravolt
|turn|16
|
|switch|p2a: Landorus-Therian|Landorus-Therian, M|18\/319
|-damage|p2a: Landorus-Therian|0 fnt|[from] Stealth Rock
|faint|p2a: Landorus-Therian
|move|p1a: Kyurem-Black|Outrage|p2: Landorus-Therian|[notarget]
|-notarget
|
|
|switch|p2a: Celebi|Celebi|308\/404
|-damage|p2a: Celebi|258\/404|[from] Stealth Rock
|turn|17
|
|switch|p1a: Landorus-Therian|Landorus-Therian, M|327\/327
|-damage|p1a: Landorus-Therian|287\/327|[from] Stealth Rock
|-ability|p1a: Landorus-Therian|Intimidate|[of] p2a: Celebi
|-unboost|p2a: Celebi|atk|1
|move|p2a: Celebi|Recover|p2a: Celebi
|-heal|p2a: Celebi|404\/404
|
|turn|18
|
|move|p1a: Landorus-Therian|U-turn|p2a: Celebi
|-supereffective|p2a: Celebi
|-damage|p2a: Celebi|112\/404
|
|switch|p1a: Keldeo|Keldeo|150\/323
|-damage|p1a: Keldeo|130\/323|[from] Stealth Rock
|move|p2a: Celebi|Recover|p2a: Celebi
|-heal|p2a: Celebi|314\/404
|
|-heal|p2a: Celebi|339\/404|[from] item: Leftovers
|turn|19
|
|move|p1a: Keldeo|Icy Wind|p2a: Celebi
|-supereffective|p2a: Celebi
|-damage|p2a: Celebi|213\/404
|-unboost|p2a: Celebi|spe|1
|move|p2a: Celebi|Substitute|p2a: Celebi
|-start|p2a: Celebi|Substitute
|-damage|p2a: Celebi|112\/404
|
|-heal|p2a: Celebi|137\/404|[from] item: Leftovers
|turn|20
|c| Gazz|why didn't you go into kyu-b...
|c|âReverb|sr
|
|move|p1a: Keldeo|Icy Wind|p2a: Celebi
|-supereffective|p2a: Celebi
|-end|p2a: Celebi|Substitute
|move|p2a: Celebi|Recover|p2a: Celebi
|-heal|p2a: Celebi|339\/404
|
|-heal|p2a: Celebi|364\/404|[from] item: Leftovers
|turn|21
|
|move|p1a: Keldeo|Scald|p2a: Celebi
|-resisted|p2a: Celebi
|-damage|p2a: Celebi|293\/404
|move|p2a: Celebi|Giga Drain|p1a: Keldeo
|-supereffective|p1a: Keldeo
|-damage|p1a: Keldeo|0 fnt
|-heal|p2a: Celebi|358\/404|[from] drain|[of] p1a: Keldeo
|faint|p1a: Keldeo
|
|-heal|p2a: Celebi|383\/404|[from] item: Leftovers
|
|switch|p1a: Landorus-Therian|Landorus-Therian, M|287\/327
|-damage|p1a: Landorus-Therian|247\/327|[from] Stealth Rock
|-ability|p1a: Landorus-Therian|Intimidate|[of] p2a: Celebi
|-unboost|p2a: Celebi|atk|1
|turn|22
|c| Gazz|i think you might lose lol
|c|âpoek69x|idk
|c| Arcanine is Regal|pls
|c|âpoek69x|i think scarf lando-t has this
|c| Gazz|really?
|c| Gazz|even with your
|c| Gazz|aqua jet
|
|move|p1a: Landorus-Therian|U-turn|p2a: Celebi
|-supereffective|p2a: Celebi
|-damage|p2a: Celebi|107\/404
|
|switch|p1a: Kyurem-Black|Kyurem-Black|294\/391
|-damage|p1a: Kyurem-Black|197\/391|[from] Stealth Rock
|-ability|p1a: Kyurem-Black|Teravolt
|move|p2a: Celebi|Recover|p2a: Celebi
|-heal|p2a: Celebi|309\/404
|
|-heal|p2a: Celebi|334\/404|[from] item: Leftovers
|turn|23
|join|Butch Mansavage
|join|Tarp96
|
|move|p1a: Kyurem-Black|Outrage|p2a: Celebi
|-damage|p2a: Celebi|130\/404
|move|p2a: Celebi|Recover|p2a: Celebi
|-heal|p2a: Celebi|332\/404
|
|-heal|p2a: Celebi|357\/404|[from] item: Leftovers
|turn|24
|
|move|p1a: Kyurem-Black|Outrage|p2a: Celebi
|-damage|p2a: Celebi|173\/404
|move|p2a: Celebi|Recover|p2a: Celebi
|-heal|p2a: Celebi|375\/404
|
|-heal|p2a: Celebi|400\/404|[from] item: Leftovers
|turn|25
|c|âReverb|yeah i choked
|-message|Reverb forfeited.
|
|win|poek69x
|raw|Ladder updating...
|raw|Reverb's rating: 1776 &rarr; <strong>1754<\/strong><br \/>(-22 for losing)
|raw|poek69x's rating: 1740 &rarr; <strong>1762<\/strong><br \/>(+22 for winning)
|c|âpoek69x|gg
|leave|Reverb
|player|p1
|leave|Arcanine is Regal
|leave|haunter
|leave|Tarp96
|leave|Butch Mansavage