|join|poek69x
|join|mohitsenapaty1
|player|p1|poek69x|283
|player|p2|mohitsenapaty1|101
|gametype|singles
|gen|6
|tier|OU
|rated
|clearpoke
|poke|p1|Charizard, M
|poke|p1|Chansey, F
|poke|p1|Doublade, F
|poke|p1|Amoonguss, M
|poke|p1|Skarmory, F
|poke|p1|Quagsire, M
|poke|p2|Pinsir, M
|poke|p2|Clefable, F
|poke|p2|Magnezone
|poke|p2|Landorus-Therian, M
|poke|p2|Gyarados, F
|poke|p2|Ditto
|rule|Swagger Clause: Swagger is banned
|rule|Baton Pass Clause: Limit one PokÃ©mon knowing Baton Pass
|rule|Sleep Clause Mod: Limit one foe put to sleep
|rule|Species Clause: Limit one of each PokÃ©mon
|rule|OHKO Clause: OHKO moves are banned
|rule|Moody Clause: Moody is banned
|rule|Evasion Moves Clause: Evasion moves are banned
|rule|Endless Battle Clause: Forcing endless battles is banned
|rule|HP Percentage Mod: HP is shown in percentages
|teampreview
|
|start
|switch|p1a: Quagsire|Quagsire, M|394\/394
|switch|p2a: Landorus-Therian|Landorus-Therian, M|320\/320
|-ability|p2a: Landorus-Therian|Intimidate|[of] p1a: Quagsire
|-unboost|p1a: Quagsire|atk|1
|turn|1
|
|move|p2a: Landorus-Therian|U-turn|p1a: Quagsire
|-damage|p1a: Quagsire|312\/394
|
|switch|p2a: Clefable|Clefable, F|394\/394
|move|p1a: Quagsire|Scald|p2a: Clefable
|-damage|p2a: Clefable|328\/394
|
|-heal|p2a: Clefable|352\/394|[from] item: Leftovers
|-heal|p1a: Quagsire|336\/394|[from] item: Leftovers
|turn|2
|
|switch|p1a: Doublade|Doublade, F|321\/321
|move|p2a: Clefable|Moonblast|p1a: Doublade
|-resisted|p1a: Doublade
|-damage|p1a: Doublade|279\/321
|
|-heal|p2a: Clefable|376\/394|[from] item: Leftovers
|turn|3
|
|switch|p2a: Magnezone|Magnezone|344\/344
|move|p1a: Doublade|Gyro Ball|p2a: Magnezone
|-resisted|p2a: Magnezone
|-damage|p2a: Magnezone|329\/344
|
|turn|4
|
|switch|p1a: Quagsire|Quagsire, M|336\/394
|move|p2a: Magnezone|Hidden Power|p1a: Quagsire
|-resisted|p1a: Quagsire
|-damage|p1a: Quagsire|254\/394
|-damage|p2a: Magnezone|295\/344|[from] item: Life Orb
|
|-heal|p1a: Quagsire|278\/394|[from] item: Leftovers
|turn|5
|c|âmohitsenapaty1|!dt doublade
|c|~|\/data-pokemon Doublade
|raw|<font size="1"><font color=#585858>Dex#:<\/font> 680&nbsp;|&ThickSpace;<font color=#585858>Height:<\/font> 0.8 m&nbsp;|&ThickSpace;<font color=#585858>Weight:<\/font> 4.5 kg <em>(20 BP)<\/em>&nbsp;|&ThickSpace;<font color=#585858>Dex Colour:<\/font> Brown&nbsp;|&ThickSpace;<font color=#585858>Egg Group(s):<\/font> Mineral&nbsp;|&ThickSpace;<font color=#585858>Evolution:<\/font> Aegislash (35)<\/font>
|c|âpoek69x|its a ghost
|c|âpoek69x|you cant trap it
|
|switch|p2a: Clefable|Clefable, F|376\/394
|move|p1a: Quagsire|Recover|p1a: Quagsire
|-heal|p1a: Quagsire|394\/394
|
|-heal|p2a: Clefable|394\/394|[from] item: Leftovers
|turn|6
|
|move|p2a: Clefable|Moonblast|p1a: Quagsire
|-damage|p1a: Quagsire|223\/394
|move|p1a: Quagsire|Earthquake|p2a: Clefable
|-damage|p2a: Clefable|301\/394
|
|-heal|p2a: Clefable|325\/394|[from] item: Leftovers
|-heal|p1a: Quagsire|247\/394|[from] item: Leftovers
|turn|7
|
|switch|p1a: Doublade|Doublade, F|279\/321
|move|p2a: Clefable|Moonblast|p1a: Doublade
|-resisted|p1a: Doublade
|-damage|p1a: Doublade|240\/321
|
|-heal|p2a: Clefable|349\/394|[from] item: Leftovers
|turn|8
|
|switch|p2a: Gyarados|Gyarados, F|394\/394
|-ability|p2a: Gyarados|Intimidate|[of] p1a: Doublade
|-unboost|p1a: Doublade|atk|1
|move|p1a: Doublade|Gyro Ball|p2a: Gyarados
|-crit|p2a: Gyarados
|-resisted|p2a: Gyarados
|-damage|p2a: Gyarados|319\/394
|
|-heal|p2a: Gyarados|343\/394|[from] item: Leftovers
|turn|9
|
|move|p2a: Gyarados|Waterfall|p1a: Doublade
|-damage|p1a: Doublade|165\/321
|move|p1a: Doublade|Toxic|p2a: Gyarados
|-status|p2a: Gyarados|tox
|
|-heal|p2a: Gyarados|367\/394 tox|[from] item: Leftovers
|-damage|p2a: Gyarados|343\/394 tox|[from] psn
|turn|10
|
|move|p2a: Gyarados|Earthquake|p1a: Doublade
|-supereffective|p1a: Doublade
|-damage|p1a: Doublade|41\/321
|move|p1a: Doublade|Rest|p1a: Doublade
|-status|p1a: Doublade|slp
|-heal|p1a: Doublade|321\/321 slp|[silent]
|-status|p1a: Doublade|slp|[from] move: Rest
|
|-heal|p2a: Gyarados|367\/394 tox|[from] item: Leftovers
|-damage|p2a: Gyarados|319\/394 tox|[from] psn
|turn|11
|
|switch|p2a: Landorus-Therian|Landorus-Therian, M|320\/320
|-ability|p2a: Landorus-Therian|Intimidate|[of] p1a: Doublade
|-unboost|p1a: Doublade|atk|1
|switch|p1a: Skarmory|Skarmory, F|334\/334
|
|turn|12
|
|move|p2a: Landorus-Therian|U-turn|p1a: Skarmory
|-resisted|p1a: Skarmory
|-damage|p1a: Skarmory|321\/334
|
|switch|p2a: Magnezone|Magnezone|295\/344
|move|p1a: Skarmory|Stealth Rock|p2a: Magnezone
|-sidestart|p2: mohitsenapaty1|move: Stealth Rock
|
|turn|13
|
|switch|p1a: Quagsire|Quagsire, M|247\/394
|move|p2a: Magnezone|Discharge|p1a: Quagsire
|-immune|p1a: Quagsire|[msg]
|
|-heal|p1a: Quagsire|271\/394|[from] item: Leftovers
|turn|14
|c|âmohitsenapaty1|how did skarmory excape?
|
|switch|p2a: Clefable|Clefable, F|349\/394
|move|p1a: Quagsire|Earthquake|p2a: Clefable
|-damage|p2a: Clefable|258\/394
|
|-heal|p2a: Clefable|282\/394|[from] item: Leftovers
|-heal|p1a: Quagsire|295\/394|[from] item: Leftovers
|turn|15
|c|âpoek69x|well
|c|âpoek69x|shed shell
|c|âpoek69x|i was being trapped a lot
|c|âpoek69x|so that item is more useful than you think
|
|switch|p1a: Chansey|Chansey, F|701\/701
|move|p2a: Clefable|Heal Bell|p2a: Clefable
|-cureteam|p2a: Clefable|[from] move: HealBell
|
|-heal|p2a: Clefable|306\/394|[from] item: Leftovers
|turn|16
|c|âmohitsenapaty1|ok :D
|
|move|p2a: Clefable|Soft-Boiled|p2a: Clefable
|-heal|p2a: Clefable|394\/394
|move|p1a: Chansey|Heal Bell|p1a: Chansey
|-cureteam|p1a: Chansey|[from] move: HealBell
|
|turn|17
|
|switch|p1a: Charizard|Charizard, M|359\/359
|move|p2a: Clefable|Flamethrower|p1a: Charizard
|-resisted|p1a: Charizard
|-damage|p1a: Charizard|329\/359
|
|turn|18
|
|switch|p2a: Gyarados|Gyarados, F|319\/394
|-damage|p2a: Gyarados|221\/394|[from] Stealth Rock
|-ability|p2a: Gyarados|Intimidate|[of] p1a: Charizard
|-unboost|p1a: Charizard|atk|1
|detailschange|p1a: Charizard|Charizard-Mega-X, M
|message|Charizard has Mega Evolved into Mega Charizard!
|move|p1a: Charizard|Earthquake|p2a: Gyarados
|-immune|p2a: Gyarados|[msg]
|
|-heal|p2a: Gyarados|245\/394|[from] item: Leftovers
|turn|19
|
|move|p1a: Charizard|Dragon Claw|p2a: Gyarados
|-damage|p2a: Gyarados|91\/394
|move|p2a: Gyarados|Body Slam|p1a: Charizard
|-damage|p1a: Charizard|224\/359
|
|-heal|p2a: Gyarados|115\/394|[from] item: Leftovers
|turn|20
|
|switch|p2a: Clefable|Clefable, F|394\/394
|move|p1a: Charizard|Dragon Claw|p2a: Clefable
|-immune|p2a: Clefable|[msg]
|
|turn|21
|
|move|p1a: Charizard|Roost|p1a: Charizard
|-heal|p1a: Charizard|359\/359
|move|p2a: Clefable|Moonblast|p1a: Charizard
|-damage|p1a: Charizard|266\/359
|-unboost|p1a: Charizard|spa|1
|
|turn|22
|
|switch|p1a: Doublade|Doublade, F|321\/321
|move|p2a: Clefable|Moonblast|p1a: Doublade
|-resisted|p1a: Doublade
|-damage|p1a: Doublade|284\/321
|
|turn|23
|
|switch|p1a: Chansey|Chansey, F|701\/701
|move|p2a: Clefable|Flamethrower|p1a: Chansey
|-damage|p1a: Chansey|658\/701
|
|turn|24
|
|switch|p2a: Ditto|Ditto|300\/300
|-damage|p2a: Ditto|263\/300|[from] Stealth Rock
|-transform|p2a: Ditto|p1a: Chansey
|move|p1a: Chansey|Seismic Toss|p2a: Ditto
|-damage|p2a: Ditto|163\/300
|
|turn|25
|
|move|p2a: Ditto|Soft-Boiled|p2a: Ditto
|-heal|p2a: Ditto|300\/300
|move|p1a: Chansey|Seismic Toss|p2a: Ditto
|-damage|p2a: Ditto|200\/300
|
|turn|26
|
|move|p2a: Ditto|Soft-Boiled|p2a: Ditto
|-heal|p2a: Ditto|300\/300
|move|p1a: Chansey|Seismic Toss|p2a: Ditto
|-damage|p2a: Ditto|200\/300
|
|turn|27
|
|move|p2a: Ditto|Soft-Boiled|p2a: Ditto
|-heal|p2a: Ditto|300\/300
|move|p1a: Chansey|Toxic|p2a: Ditto
|-status|p2a: Ditto|tox
|
|-damage|p2a: Ditto|282\/300 tox|[from] psn
|turn|28
|
|switch|p2a: Clefable|Clefable, F|394\/394
|move|p1a: Chansey|Seismic Toss|p2a: Clefable
|-damage|p2a: Clefable|294\/394
|
|-heal|p2a: Clefable|318\/394|[from] item: Leftovers
|turn|29
|
|switch|p1a: Doublade|Doublade, F|284\/321
|move|p2a: Clefable|Heal Bell|p2a: Clefable
|-cureteam|p2a: Clefable|[from] move: HealBell
|
|-heal|p2a: Clefable|342\/394|[from] item: Leftovers
|turn|30
|
|move|p2a: Clefable|Flamethrower|p1a: Doublade
|-supereffective|p1a: Doublade
|-damage|p1a: Doublade|186\/321
|move|p1a: Doublade|Gyro Ball|p2a: Clefable
|-supereffective|p2a: Clefable
|-damage|p2a: Clefable|208\/394
|
|-heal|p2a: Clefable|232\/394|[from] item: Leftovers
|turn|31
|
|move|p2a: Clefable|Soft-Boiled|p2a: Clefable
|-heal|p2a: Clefable|394\/394
|move|p1a: Doublade|Gyro Ball|p2a: Clefable
|-supereffective|p2a: Clefable
|-damage|p2a: Clefable|256\/394
|
|-heal|p2a: Clefable|280\/394|[from] item: Leftovers
|turn|32
|
|switch|p1a: Amoonguss|Amoonguss, M|432\/432
|move|p2a: Clefable|Flamethrower|p1a: Amoonguss
|-supereffective|p1a: Amoonguss
|-damage|p1a: Amoonguss|322\/432
|
|-heal|p2a: Clefable|304\/394|[from] item: Leftovers
|-heal|p1a: Amoonguss|349\/432|[from] item: Black Sludge
|turn|33
|
|move|p2a: Clefable|Soft-Boiled|p2a: Clefable
|-heal|p2a: Clefable|394\/394
|move|p1a: Amoonguss|Clear Smog|p2a: Clefable
|-supereffective|p2a: Clefable
|-damage|p2a: Clefable|286\/394
|-clearboost|p2a: Clefable
|
|-heal|p2a: Clefable|310\/394|[from] item: Leftovers
|-heal|p1a: Amoonguss|376\/432|[from] item: Black Sludge
|turn|34
|
|move|p2a: Clefable|Flamethrower|p1a: Amoonguss
|-supereffective|p1a: Amoonguss
|-damage|p1a: Amoonguss|264\/432
|move|p1a: Amoonguss|Spore|p2a: Clefable
|-status|p2a: Clefable|slp
|
|-heal|p2a: Clefable|334\/394 slp|[from] item: Leftovers
|-heal|p1a: Amoonguss|291\/432|[from] item: Black Sludge
|turn|35
|
|switch|p2a: Pinsir|Pinsir, M|272\/272
|-damage|p2a: Pinsir|204\/272|[from] Stealth Rock
|switch|p1a: Charizard|Charizard-Mega-X, M|266\/359
|
|turn|36
|
|switch|p1a: Skarmory|Skarmory, F|321\/334
|detailschange|p2a: Pinsir|Pinsir-Mega, M
|message|Pinsir has Mega Evolved into Mega Pinsir!
|move|p2a: Pinsir|Earthquake|p1a: Skarmory
|-immune|p1a: Skarmory|[msg]
|
|turn|37
|
|switch|p2a: Landorus-Therian|Landorus-Therian, M|320\/320
|-damage|p2a: Landorus-Therian|280\/320|[from] Stealth Rock
|-ability|p2a: Landorus-Therian|Intimidate|[of] p1a: Skarmory
|-unboost|p1a: Skarmory|atk|1
|move|p1a: Skarmory|Roost|p1a: Skarmory
|-heal|p1a: Skarmory|334\/334
|
|turn|38
|
|switch|p1a: Charizard|Charizard-Mega-X, M|266\/359
|move|p2a: Landorus-Therian|Knock Off|p1a: Charizard
|-crit|p1a: Charizard
|-damage|p1a: Charizard|144\/359
|
|turn|39
|
|switch|p2a: Gyarados|Gyarados, F|115\/394
|-damage|p2a: Gyarados|17\/394|[from] Stealth Rock
|-ability|p2a: Gyarados|Intimidate|[of] p1a: Charizard
|-unboost|p1a: Charizard|atk|1
|move|p1a: Charizard|Roost|p1a: Charizard
|-heal|p1a: Charizard|324\/359
|
|-heal|p2a: Gyarados|41\/394|[from] item: Leftovers
|turn|40
|
|move|p1a: Charizard|Dragon Claw|p2a: Gyarados
|-damage|p2a: Gyarados|0 fnt
|faint|p2a: Gyarados
|
|
|switch|p2a: Landorus-Therian|Landorus-Therian, M|280\/320
|-damage|p2a: Landorus-Therian|240\/320|[from] Stealth Rock
|-ability|p2a: Landorus-Therian|Intimidate|[of] p1a: Charizard
|-unboost|p1a: Charizard|atk|1
|turn|41
|
|switch|p1a: Chansey|Chansey, F|658\/701
|move|p2a: Landorus-Therian|Earthquake|p1a: Chansey
|-damage|p1a: Chansey|376\/701
|
|turn|42
|
|move|p2a: Landorus-Therian|Earthquake|p1a: Chansey
|-damage|p1a: Chansey|88\/701
|move|p1a: Chansey|Soft-Boiled|p1a: Chansey
|-heal|p1a: Chansey|439\/701
|
|turn|43
|
|switch|p1a: Skarmory|Skarmory, F|334\/334
|move|p2a: Landorus-Therian|Earthquake|p1a: Skarmory
|-immune|p1a: Skarmory|[msg]
|
|turn|44
|
|switch|p2a: Ditto|Ditto|282\/300
|-damage|p2a: Ditto|245\/300|[from] Stealth Rock
|-transform|p2a: Ditto|p1a: Skarmory
|switch|p1a: Charizard|Charizard-Mega-X, M|324\/359
|
|turn|45
|
|move|p2a: Ditto|Defog|p1a: Charizard
|-unboost|p1a: Charizard|evasion|1
|-sideend|p2: mohitsenapaty1|Stealth Rock|[from] move: Defog|[of] p2a: Ditto
|move|p1a: Charizard|Will-O-Wisp|p2a: Ditto
|-status|p2a: Ditto|brn
|
|-damage|p2a: Ditto|208\/300 brn|[from] brn
|turn|46
|
|switch|p2a: Clefable|Clefable, F|334\/394 slp
|move|p1a: Charizard|Will-O-Wisp|p2a: Clefable
|-fail|p2a: Clefable
|
|-heal|p2a: Clefable|358\/394 slp|[from] item: Leftovers
|turn|47
|
|move|p1a: Charizard|Earthquake|p2a: Clefable
|-damage|p2a: Clefable|244\/394 slp
|cant|p2a: Clefable|slp
|
|-heal|p2a: Clefable|268\/394 slp|[from] item: Leftovers
|turn|48
|
|move|p1a: Charizard|Earthquake|p2a: Clefable
|-damage|p2a: Clefable|168\/394 slp
|cant|p2a: Clefable|slp
|
|-heal|p2a: Clefable|192\/394 slp|[from] item: Leftovers
|turn|49
|
|move|p1a: Charizard|Earthquake|p2a: Clefable
|-damage|p2a: Clefable|80\/394 slp
|cant|p2a: Clefable|slp
|
|-heal|p2a: Clefable|104\/394 slp|[from] item: Leftovers
|turn|50
|
|switch|p2a: Landorus-Therian|Landorus-Therian, M|240\/320
|-ability|p2a: Landorus-Therian|Intimidate|[of] p1a: Charizard
|-unboost|p1a: Charizard|atk|1
|move|p1a: Charizard|Earthquake|p2a: Landorus-Therian
|-immune|p2a: Landorus-Therian|[msg]
|
|turn|51
|c|âmohitsenapaty1|fucking sleep for 3 turns
|
|switch|p1a: Amoonguss|Amoonguss, M|432\/432
|move|p2a: Landorus-Therian|Knock Off|p1a: Amoonguss
|-damage|p1a: Amoonguss|243\/432
|-enditem|p1a: Amoonguss|Black Sludge|[from] move: Knock Off|[of] p2a: Landorus-Therian
|
|turn|52
|
|switch|p2a: Magnezone|Magnezone|295\/344
|move|p1a: Amoonguss|Clear Smog|p2a: Magnezone
|-immune|p2a: Magnezone|[msg]
|
|turn|53
|
|switch|p1a: Charizard|Charizard-Mega-X, M|324\/359
|move|p2a: Magnezone|Flash Cannon|p1a: Charizard
|-crit|p1a: Charizard
|-resisted|p1a: Charizard
|-damage|p1a: Charizard|189\/359
|-damage|p2a: Magnezone|261\/344|[from] item: Life Orb
|
|turn|54
|
|switch|p2a: Landorus-Therian|Landorus-Therian, M|240\/320
|-ability|p2a: Landorus-Therian|Intimidate|[of] p1a: Charizard
|-unboost|p1a: Charizard|atk|1
|move|p1a: Charizard|Roost|p1a: Charizard
|-heal|p1a: Charizard|359\/359
|
|turn|55
|
|switch|p1a: Amoonguss|Amoonguss, M|387\/432
|move|p2a: Landorus-Therian|Earthquake|p1a: Amoonguss
|-damage|p1a: Amoonguss|108\/432
|
|turn|56
|
|switch|p1a: Skarmory|Skarmory, F|334\/334
|move|p2a: Landorus-Therian|Earthquake|p1a: Skarmory
|-immune|p1a: Skarmory|[msg]
|
|turn|57
|
|switch|p2a: Clefable|Clefable, F|104\/394 slp
|move|p1a: Skarmory|Stealth Rock|p2a: Clefable
|-sidestart|p2: mohitsenapaty1|move: Stealth Rock
|
|-heal|p2a: Clefable|128\/394 slp|[from] item: Leftovers
|turn|58
|
|switch|p1a: Amoonguss|Amoonguss, M|252\/432
|-curestatus|p2a: Clefable|slp
|move|p2a: Clefable|Heal Bell|p2a: Clefable
|-cureteam|p2a: Clefable|[from] move: HealBell
|
|-heal|p2a: Clefable|152\/394|[from] item: Leftovers
|turn|59
|
|switch|p2a: Ditto|Ditto|208\/300
|-damage|p2a: Ditto|171\/300|[from] Stealth Rock
|-transform|p2a: Ditto|p1a: Amoonguss
|move|p1a: Amoonguss|Clear Smog|p2a: Ditto
|-damage|p2a: Ditto|122\/300
|-clearboost|p2a: Ditto
|
|turn|60
|
|switch|p2a: Magnezone|Magnezone|261\/344
|-damage|p2a: Magnezone|240\/344|[from] Stealth Rock
|move|p1a: Amoonguss|Hidden Power|p2a: Magnezone
|-supereffective|p2a: Magnezone
|-damage|p2a: Magnezone|152\/344
|
|turn|61
|
|move|p2a: Magnezone|Flash Cannon|p1a: Amoonguss
|-damage|p1a: Amoonguss|91\/432
|-damage|p2a: Magnezone|118\/344|[from] item: Life Orb
|move|p1a: Amoonguss|Hidden Power|p2a: Magnezone
|-supereffective|p2a: Magnezone
|-damage|p2a: Magnezone|26\/344
|
|turn|62
|
|switch|p1a: Quagsire|Quagsire, M|295\/394
|move|p2a: Magnezone|Flash Cannon|p1a: Quagsire
|-resisted|p1a: Quagsire
|-damage|p1a: Quagsire|143\/394
|-unboost|p1a: Quagsire|spd|1
|-damage|p2a: Magnezone|0 fnt|[from] item: Life Orb
|faint|p2a: Magnezone
|
|-heal|p1a: Quagsire|167\/394|[from] item: Leftovers
|
|switch|p2a: Ditto|Ditto|222\/300
|-damage|p2a: Ditto|185\/300|[from] Stealth Rock
|-transform|p2a: Ditto|p1a: Quagsire
|turn|63
|
|move|p2a: Ditto|Scald|p1a: Quagsire
|-damage|p1a: Quagsire|71\/394
|-status|p1a: Quagsire|brn
|move|p1a: Quagsire|Recover|p1a: Quagsire
|-heal|p1a: Quagsire|268\/394 brn
|
|-heal|p1a: Quagsire|292\/394 brn|[from] item: Leftovers
|-damage|p1a: Quagsire|243\/394 brn|[from] brn
|turn|64
|
|switch|p2a: Clefable|Clefable, F|152\/394
|move|p1a: Quagsire|Recover|p1a: Quagsire
|-heal|p1a: Quagsire|394\/394 brn
|
|-heal|p2a: Clefable|176\/394|[from] item: Leftovers
|-damage|p1a: Quagsire|345\/394 brn|[from] brn
|turn|65
|
|switch|p1a: Chansey|Chansey, F|439\/701
|move|p2a: Clefable|Heal Bell|p2a: Clefable
|-cureteam|p2a: Clefable|[from] move: HealBell
|
|-heal|p2a: Clefable|200\/394|[from] item: Leftovers
|turn|66
|-message|mohitsenapaty1 forfeited.
|
|win|poek69x
|raw|Ladder updating...
|leave|mohitsenapaty1
|player|p2
|raw|poek69x's rating: 1671 &rarr; <strong>1686<\/strong><br \/>(+15 for winning)
|raw|mohitsenapaty1's rating: 1577 &rarr; <strong>1562<\/strong><br \/>(-15 for losing)
|c|âpoek69x|bop