|join|poek69x
|join|Aunt Jemima
|player|p1|poek69x|283
|player|p2|Aunt Jemima|188
|gametype|singles
|gen|6
|tier|OU
|rated
|clearpoke
|poke|p1|Serperior, M
|poke|p1|Latias, F
|poke|p1|Talonflame, F
|poke|p1|Scizor, M
|poke|p1|Mamoswine, M
|poke|p1|Rotom-Wash
|poke|p2|Sableye, M
|poke|p2|Sylveon, F
|poke|p2|Amoonguss, F
|poke|p2|Chansey, F
|poke|p2|Skarmory, M
|poke|p2|Quagsire, M
|rule|Swagger Clause: Swagger is banned
|rule|Baton Pass Clause: Limit one PokÃ©mon knowing Baton Pass
|rule|Sleep Clause Mod: Limit one foe put to sleep
|rule|Species Clause: Limit one of each PokÃ©mon
|rule|OHKO Clause: OHKO moves are banned
|rule|Moody Clause: Moody is banned
|rule|Evasion Moves Clause: Evasion moves are banned
|rule|Endless Battle Clause: Forcing endless battles is banned
|rule|HP Percentage Mod: HP is shown in percentages
|teampreview
|join|471V3
|
|start
|switch|p1a: Talonflame|Talonflame, F|297\/297
|switch|p2a: Sableye|Sableye, M|304\/304
|turn|1
|
|switch|p2a: Quagsire|Quagsire, M|394\/394
|move|p1a: Talonflame|Brave Bird|p2a: Quagsire
|-damage|p2a: Quagsire|264\/394
|-damage|p1a: Talonflame|254\/297|[from] recoil|[of] p2a: Quagsire
|
|-heal|p2a: Quagsire|288\/394|[from] item: Leftovers
|turn|2
|
|switch|p1a: Rotom-Wash|Rotom-Wash|303\/303
|move|p2a: Quagsire|Toxic|p1a: Rotom-Wash
|-status|p1a: Rotom-Wash|tox
|
|-heal|p2a: Quagsire|312\/394|[from] item: Leftovers
|-damage|p1a: Rotom-Wash|285\/303 tox|[from] psn
|turn|3
|
|switch|p2a: Chansey|Chansey, F|704\/704
|move|p1a: Rotom-Wash|Will-O-Wisp|p2a: Chansey
|-status|p2a: Chansey|brn
|
|-heal|p1a: Rotom-Wash|303\/303 tox|[from] item: Leftovers
|-damage|p1a: Rotom-Wash|267\/303 tox|[from] psn
|-damage|p2a: Chansey|616\/704 brn|[from] brn
|turn|4
|
|move|p1a: Rotom-Wash|Volt Switch|p2a: Chansey
|-damage|p2a: Chansey|558\/704 brn
|
|switch|p1a: Mamoswine|Mamoswine, M|361\/361
|move|p2a: Chansey|Stealth Rock|p1a: Mamoswine
|-sidestart|p1: poek69x|move: Stealth Rock
|
|-damage|p2a: Chansey|470\/704 brn|[from] brn
|turn|5
|
|switch|p2a: Sableye|Sableye, M|304\/304
|move|p1a: Mamoswine|Stealth Rock|p2a: Sableye
|-sidestart|p2: Aunt Jemima|move: Stealth Rock
|
|turn|6
|
|detailschange|p2a: Sableye|Sableye-Mega, M
|-mega|p2a: Sableye|Sableye|Sablenite
|move|p2a: Sableye|Will-O-Wisp|p1a: Mamoswine
|-status|p1a: Mamoswine|brn
|move|p1a: Mamoswine|Earthquake|p2a: Sableye
|-damage|p2a: Sableye|236\/304
|-damage|p1a: Mamoswine|325\/361 brn|[from] item: Life Orb
|
|-damage|p1a: Mamoswine|280\/361 brn|[from] brn
|turn|7
|
|switch|p1a: Serperior|Serperior, M|291\/291
|-damage|p1a: Serperior|255\/291|[from] Stealth Rock
|move|p2a: Sableye|Recover|p2a: Sableye
|-heal|p2a: Sableye|304\/304
|
|turn|8
|
|switch|p2a: Amoonguss|Amoonguss, F|432\/432
|-damage|p2a: Amoonguss|378\/432|[from] Stealth Rock
|move|p1a: Serperior|Leaf Storm|p2a: Amoonguss
|-resisted|p2a: Amoonguss
|-damage|p2a: Amoonguss|310\/432
|-boost|p1a: Serperior|spa|2
|-damage|p1a: Serperior|226\/291|[from] item: Life Orb
|
|-heal|p2a: Amoonguss|337\/432|[from] item: Black Sludge
|turn|9
|
|move|p1a: Serperior|Hidden Power|p2a: Amoonguss
|-supereffective|p2a: Amoonguss
|-damage|p2a: Amoonguss|43\/432
|-damage|p1a: Serperior|197\/291|[from] item: Life Orb
|move|p2a: Amoonguss|Clear Smog|p1a: Serperior
|-supereffective|p1a: Serperior
|-damage|p1a: Serperior|77\/291
|-clearboost|p1a: Serperior
|
|-heal|p2a: Amoonguss|70\/432|[from] item: Black Sludge
|turn|10
|
|switch|p2a: Sylveon|Sylveon, F|394\/394
|-damage|p2a: Sylveon|345\/394|[from] Stealth Rock
|move|p1a: Serperior|Hidden Power|p2a: Sylveon
|-damage|p2a: Sylveon|289\/394
|-damage|p1a: Serperior|48\/291|[from] item: Life Orb
|
|-heal|p2a: Sylveon|313\/394|[from] item: Leftovers
|turn|11
|
|switch|p1a: Scizor|Scizor, M|310\/310
|-damage|p1a: Scizor|272\/310|[from] Stealth Rock
|move|p2a: Sylveon|Hyper Voice|p1a: Scizor
|-resisted|p1a: Scizor
|-damage|p1a: Scizor|179\/310
|
|-heal|p2a: Sylveon|337\/394|[from] item: Leftovers
|turn|12
|
|switch|p2a: Skarmory|Skarmory, M|334\/334
|-damage|p2a: Skarmory|293\/334|[from] Stealth Rock
|detailschange|p1a: Scizor|Scizor-Mega, M
|-mega|p1a: Scizor|Scizor|Scizorite
|move|p1a: Scizor|Swords Dance|p1a: Scizor
|-boost|p1a: Scizor|atk|2
|
|-heal|p2a: Skarmory|313\/334|[from] item: Leftovers
|turn|13
|
|move|p1a: Scizor|Superpower|p2a: Skarmory
|-damage|p2a: Skarmory|130\/334
|-unboost|p1a: Scizor|atk|1
|-unboost|p1a: Scizor|def|1
|move|p2a: Skarmory|Defog|p1a: Scizor
|-unboost|p1a: Scizor|evasion|1
|-sideend|p1: poek69x|Stealth Rock|[from] move: Defog|[of] p1a: Scizor
|-sideend|p2: Aunt Jemima|Stealth Rock|[from] move: Defog|[of] p2a: Skarmory
|
|-heal|p2a: Skarmory|150\/334|[from] item: Leftovers
|turn|14
|
|switch|p2a: Sableye|Sableye-Mega, M|304\/304
|move|p1a: Scizor|Swords Dance|p1a: Scizor
|-boost|p1a: Scizor|atk|2
|
|turn|15
|
|move|p1a: Scizor|Bug Bite|p2a: Sableye
|-damage|p2a: Sableye|10\/304
|move|p2a: Sableye|Will-O-Wisp|p1a: Scizor
|-status|p1a: Scizor|brn
|
|-damage|p1a: Scizor|141\/310 brn|[from] brn
|turn|16
|
|move|p1a: Scizor|Bug Bite|p2a: Sableye
|-damage|p2a: Sableye|0 fnt
|faint|p2a: Sableye
|
|-damage|p1a: Scizor|103\/310 brn|[from] brn
|
|switch|p2a: Quagsire|Quagsire, M|312\/394
|turn|17
|
|move|p1a: Scizor|Bug Bite|p2a: Quagsire
|-damage|p2a: Quagsire|234\/394
|move|p2a: Quagsire|Earthquake|p1a: Scizor
|-damage|p1a: Scizor|21\/310 brn
|
|-heal|p2a: Quagsire|258\/394|[from] item: Leftovers
|-damage|p1a: Scizor|0 fnt|[from] brn
|faint|p1a: Scizor
|
|switch|p1a: Latias|Latias, F|301\/301
|turn|18
|
|switch|p2a: Sylveon|Sylveon, F|337\/394
|move|p1a: Latias|Healing Wish|p1a: Latias
|faint|p1a: Latias
|
|-heal|p2a: Sylveon|361\/394|[from] item: Leftovers
|
|switch|p1a: Serperior|Serperior, M|48\/291
|-heal|p1a: Serperior|291\/291|[from] move: Healing Wish
|turn|19
|
|switch|p1a: Talonflame|Talonflame, F|254\/297
|move|p2a: Sylveon|Hyper Voice|p1a: Talonflame
|-resisted|p1a: Talonflame
|-damage|p1a: Talonflame|158\/297
|
|-heal|p2a: Sylveon|385\/394|[from] item: Leftovers
|turn|20
|
|switch|p2a: Quagsire|Quagsire, M|258\/394
|move|p1a: Talonflame|Brave Bird|p2a: Quagsire
|-damage|p2a: Quagsire|138\/394
|-damage|p1a: Talonflame|118\/297|[from] recoil|[of] p2a: Quagsire
|
|-heal|p2a: Quagsire|162\/394|[from] item: Leftovers
|turn|21
|
|move|p1a: Talonflame|Flare Blitz|p2a: Quagsire
|-resisted|p2a: Quagsire
|-damage|p2a: Quagsire|96\/394
|-damage|p1a: Talonflame|96\/297|[from] recoil|[of] p2a: Quagsire
|move|p2a: Quagsire|Toxic|p1a: Talonflame
|-status|p1a: Talonflame|tox
|
|-heal|p2a: Quagsire|120\/394|[from] item: Leftovers
|-damage|p1a: Talonflame|78\/297 tox|[from] psn
|turn|22
|
|move|p1a: Talonflame|Flare Blitz|p2a: Quagsire
|-resisted|p2a: Quagsire
|-damage|p2a: Quagsire|63\/394
|-damage|p1a: Talonflame|59\/297 tox|[from] recoil|[of] p2a: Quagsire
|-enditem|p1a: Talonflame|Salac Berry|[eat]
|-boost|p1a: Talonflame|spe|1|[from] item: Salac Berry
|move|p2a: Quagsire|Recover|p2a: Quagsire
|-heal|p2a: Quagsire|260\/394
|
|-heal|p2a: Quagsire|284\/394|[from] item: Leftovers
|-damage|p1a: Talonflame|23\/297 tox|[from] psn
|turn|23
|
|move|p1a: Talonflame|Flare Blitz|p2a: Quagsire
|-resisted|p2a: Quagsire
|-damage|p2a: Quagsire|226\/394
|-damage|p1a: Talonflame|4\/297 tox|[from] recoil|[of] p2a: Quagsire
|move|p2a: Quagsire|Recover|p2a: Quagsire
|-heal|p2a: Quagsire|394\/394
|
|-damage|p1a: Talonflame|0 fnt|[from] psn
|faint|p1a: Talonflame
|
|switch|p1a: Serperior|Serperior, M|291\/291
|turn|24
|
|switch|p2a: Sylveon|Sylveon, F|385\/394
|move|p1a: Serperior|Leaf Storm|p2a: Sylveon
|-damage|p2a: Sylveon|213\/394
|-boost|p1a: Serperior|spa|2
|-damage|p1a: Serperior|262\/291|[from] item: Life Orb
|
|-heal|p2a: Sylveon|237\/394|[from] item: Leftovers
|turn|25
|
|move|p1a: Serperior|Leaf Storm|p2a: Sylveon
|-damage|p2a: Sylveon|0 fnt
|-boost|p1a: Serperior|spa|2
|-damage|p1a: Serperior|233\/291|[from] item: Life Orb
|faint|p2a: Sylveon
|
|
|switch|p2a: Skarmory|Skarmory, M|150\/334
|turn|26
|
|move|p1a: Serperior|Hidden Power|p2a: Skarmory
|-supereffective|p2a: Skarmory
|-damage|p2a: Skarmory|0 fnt
|-damage|p1a: Serperior|204\/291|[from] item: Life Orb
|faint|p2a: Skarmory
|
|
|switch|p2a: Chansey|Chansey, F|470\/704
|turn|27
|
|move|p1a: Serperior|Leaf Storm|p2a: Chansey
|-damage|p2a: Chansey|75\/704
|-boost|p1a: Serperior|spa|2
|-damage|p1a: Serperior|175\/291|[from] item: Life Orb
|move|p2a: Chansey|Soft-Boiled|p2a: Chansey
|-heal|p2a: Chansey|427\/704
|
|turn|28
|
|move|p1a: Serperior|Leaf Storm|p2a: Chansey
|-damage|p2a: Chansey|0 fnt
|-damage|p1a: Serperior|146\/291|[from] item: Life Orb
|faint|p2a: Chansey
|
|-message|Aunt Jemima forfeited.
|leave|Aunt Jemima
|
|win|poek69x
|raw|Ladder updating...
|player|p2
|leave|471V3
|raw|poek69x's rating: 1590 &rarr; <strong>1603<\/strong><br \/>(+13 for winning)
|raw|Aunt Jemima's rating: 1466 &rarr; <strong>1453<\/strong><br \/>(-13 for losing)