|join|poek69x
|join|Roi Pika
|player|p1|poek69x|283
|player|p2|Roi Pika|290
|gametype|singles
|gen|6
|tier|OU (suspect test)
|rated
|clearpoke
|poke|p1|Gardevoir, F
|poke|p1|Tornadus-Therian, M
|poke|p1|Rotom-Wash
|poke|p1|Garchomp, M
|poke|p1|Keldeo-Resolute
|poke|p1|Bisharp, F
|poke|p2|Diancie, shiny
|poke|p2|Garchomp, M, shiny
|poke|p2|Thundurus, M, shiny
|poke|p2|Chansey, F, shiny
|poke|p2|Slowbro, F
|poke|p2|Scizor, F, shiny
|rule|Swagger Clause: Swagger is banned
|rule|Baton Pass Clause: Limit one PokÃ©mon knowing Baton Pass
|rule|Sleep Clause Mod: Limit one foe put to sleep
|rule|Species Clause: Limit one of each PokÃ©mon
|rule|OHKO Clause: OHKO moves are banned
|rule|Moody Clause: Moody is banned
|rule|Evasion Moves Clause: Evasion moves are banned
|rule|Endless Battle Clause: Forcing endless battles is banned
|rule|HP Percentage Mod: HP is shown in percentages
|teampreview
|join|azxgue
|
|start
|switch|p1a: Keldeo-Resolute|Keldeo-Resolute|323\/323
|switch|p2a: Scizor|Scizor, F, shiny|310\/310
|turn|1
|
|move|p1a: Keldeo-Resolute|Scald|p2a: Scizor
|-damage|p2a: Scizor|138\/310
|-status|p2a: Scizor|brn
|move|p2a: Scizor|U-turn|p1a: Keldeo-Resolute
|-resisted|p1a: Keldeo-Resolute
|-damage|p1a: Keldeo-Resolute|266\/323
|
|switch|p2a: Slowbro|Slowbro, F|394\/394
|
|turn|2
|
|switch|p1a: Rotom-Wash|Rotom-Wash|303\/303
|switch|p2a: Thundurus|Thundurus, M, shiny|299\/299
|
|turn|3
|
|move|p2a: Thundurus|Thunderbolt|p1a: Rotom-Wash
|-damage|p1a: Rotom-Wash|122\/303
|-damage|p2a: Thundurus|270\/299|[from] item: Life Orb
|move|p1a: Rotom-Wash|Volt Switch|p2a: Thundurus
|-damage|p2a: Thundurus|162\/299
|
|switch|p1a: Tornadus-Therian|Tornadus-Therian, M|327\/327
|
|turn|4
|
|move|p2a: Thundurus|Thunder Wave|p1a: Tornadus-Therian
|-status|p1a: Tornadus-Therian|par
|move|p1a: Tornadus-Therian|Knock Off|p2a: Thundurus
|-damage|p2a: Thundurus|64\/299
|-enditem|p2a: Thundurus|Life Orb|[from] move: Knock Off|[of] p1a: Tornadus-Therian
|
|turn|5
|
|move|p2a: Thundurus|Focus Blast|p1a: Tornadus-Therian|[miss]
|-miss|p2a: Thundurus|p1a: Tornadus-Therian
|cant|p1a: Tornadus-Therian|par
|
|turn|6
|
|move|p2a: Thundurus|Thunderbolt|p1a: Tornadus-Therian
|-supereffective|p1a: Tornadus-Therian
|-damage|p1a: Tornadus-Therian|87\/327 par
|cant|p1a: Tornadus-Therian|par
|
|turn|7
|
|move|p2a: Thundurus|Thunderbolt|p1a: Tornadus-Therian
|-supereffective|p1a: Tornadus-Therian
|-damage|p1a: Tornadus-Therian|0 fnt
|faint|p1a: Tornadus-Therian
|
|
|switch|p1a: Rotom-Wash|Rotom-Wash|122\/303
|turn|8
|
|move|p2a: Thundurus|Thunderbolt|p1a: Rotom-Wash
|-damage|p1a: Rotom-Wash|0 fnt
|faint|p1a: Rotom-Wash
|
|
|switch|p1a: Garchomp|Garchomp, M|357\/357
|turn|9
|
|move|p2a: Thundurus|Hidden Power|p1a: Garchomp
|-supereffective|p1a: Garchomp
|-damage|p1a: Garchomp|49\/357
|move|p1a: Garchomp|Dragon Claw|p2a: Thundurus
|-damage|p2a: Thundurus|0 fnt
|faint|p2a: Thundurus
|
|c| azxgue|i feel you poek
|
|switch|p2a: Scizor|Scizor, F, shiny|138\/310 brn
|turn|10
|
|switch|p1a: Keldeo-Resolute|Keldeo-Resolute|266\/323
|move|p2a: Scizor|Bullet Punch|p1a: Keldeo-Resolute
|-resisted|p1a: Keldeo-Resolute
|-damage|p1a: Keldeo-Resolute|218\/323
|
|-damage|p2a: Scizor|100\/310 brn|[from] brn
|turn|11
|
|switch|p2a: Slowbro|Slowbro, F|394\/394
|move|p1a: Keldeo-Resolute|Hidden Power|p2a: Slowbro
|-supereffective|p2a: Slowbro
|-damage|p2a: Slowbro|236\/394
|
|-heal|p2a: Slowbro|260\/394|[from] item: Leftovers
|turn|12
|
|switch|p1a: Bisharp|Bisharp, F|271\/271
|switch|p2a: Garchomp|Garchomp, M, shiny|357\/357
|
|turn|13
|
|move|p2a: Garchomp|Earthquake|p1a: Bisharp
|-supereffective|p1a: Bisharp
|-damage|p1a: Bisharp|0 fnt
|faint|p1a: Bisharp
|
|
|switch|p1a: Keldeo-Resolute|Keldeo-Resolute|218\/323
|turn|14
|
|move|p1a: Keldeo-Resolute|Scald|p2a: Garchomp
|-damage|p2a: Garchomp|188\/357
|move|p2a: Garchomp|Earthquake|p1a: Keldeo-Resolute
|-damage|p1a: Keldeo-Resolute|31\/323
|
|turn|15
|
|switch|p2a: Chansey|Chansey, F, shiny|641\/641
|move|p1a: Keldeo-Resolute|Scald|p2a: Chansey
|-damage|p2a: Chansey|574\/641
|
|turn|16
|
|switch|p1a: Garchomp|Garchomp, M|49\/357
|move|p2a: Chansey|Seismic Toss|p1a: Garchomp
|-damage|p1a: Garchomp|0 fnt
|-damage|p2a: Chansey|494\/641|[from] ability: Rough Skin|[of] p1a: Garchomp
|faint|p1a: Garchomp
|
|
|switch|p1a: Gardevoir|Gardevoir, F|277\/277
|-ability|p1a: Gardevoir|Natural Cure|[from] ability: Trace|[of] p2a: Chansey
|turn|17
|
|detailschange|p1a: Gardevoir|Gardevoir-Mega, F
|-mega|p1a: Gardevoir|Gardevoir|Gardevoirite
|move|p1a: Gardevoir|Taunt|p2a: Chansey
|-start|p2a: Chansey|move: Taunt
|cant|p2a: Chansey|move: Taunt|Toxic
|
|turn|18
|
|move|p1a: Gardevoir|Psyshock|p2a: Chansey
|-damage|p2a: Chansey|232\/641
|move|p2a: Chansey|Seismic Toss|p1a: Gardevoir
|-damage|p1a: Gardevoir|177\/277
|
|turn|19
|
|move|p1a: Gardevoir|Psyshock|p2a: Chansey
|-damage|p2a: Chansey|0 fnt
|faint|p2a: Chansey
|
|-message|poek69x forfeited.
|leave|poek69x
|
|win|Roi Pika
|raw|Ladder updating...
|player|p1