|join|poek69x
|join|GKIA
|player|p1|poek69x|283
|player|p2|GKIA|204
|gametype|singles
|gen|6
|tier|OU (suspect test)
|rated
|clearpoke
|poke|p1|Gardevoir, M
|poke|p1|Tornadus-Therian, M
|poke|p1|Rotom-Wash
|poke|p1|Garchomp, M
|poke|p1|Keldeo-Resolute
|poke|p1|Bisharp, M
|poke|p2|Sableye, M
|poke|p2|Gliscor, M
|poke|p2|Heatran, F
|poke|p2|Tentacruel, M
|poke|p2|Chesnaught, M
|poke|p2|Clefable, F
|rule|Swagger Clause: Swagger is banned
|rule|Baton Pass Clause: Limit one PokÃ©mon knowing Baton Pass
|rule|Sleep Clause Mod: Limit one foe put to sleep
|rule|Species Clause: Limit one of each PokÃ©mon
|rule|OHKO Clause: OHKO moves are banned
|rule|Moody Clause: Moody is banned
|rule|Evasion Moves Clause: Evasion moves are banned
|rule|Endless Battle Clause: Forcing endless battles is banned
|rule|HP Percentage Mod: HP is shown in percentages
|teampreview
|join|azogue
|
|start
|switch|p1a: Gardevoir|Gardevoir, M|277\/277
|switch|p2a: Sableye|Sableye, M|303\/303
|-ability|p1a: Gardevoir|Prankster|[from] ability: Trace|[of] p2a: Sableye
|turn|1
|join|ElByFedexx
|
|switch|p2a: Heatran|Heatran, F|385\/385
|detailschange|p1a: Gardevoir|Gardevoir-Mega, M
|-mega|p1a: Gardevoir|Gardevoir|Gardevoirite
|move|p1a: Gardevoir|Hyper Voice|p2a: Heatran
|-resisted|p2a: Heatran
|-damage|p2a: Heatran|335\/385
|
|-heal|p2a: Heatran|359\/385|[from] item: Leftovers
|turn|2
|
|switch|p1a: Garchomp|Garchomp, M|357\/357
|move|p2a: Heatran|Stealth Rock|p1a: Garchomp
|-sidestart|p1: poek69x|move: Stealth Rock
|
|-heal|p2a: Heatran|383\/385|[from] item: Leftovers
|turn|3
|
|switch|p2a: Chesnaught|Chesnaught, M|380\/380
|move|p1a: Garchomp|Stealth Rock|p2a: Chesnaught
|-sidestart|p2: GKIA|move: Stealth Rock
|
|turn|4
|
|move|p1a: Garchomp|Swords Dance|p1a: Garchomp
|-boost|p1a: Garchomp|atk|2
|move|p2a: Chesnaught|Leech Seed|p1a: Garchomp
|-start|p1a: Garchomp|move: Leech Seed
|
|-damage|p1a: Garchomp|313\/357|[from] Leech Seed|[of] p2a: Chesnaught
|turn|5
|
|switch|p1a: Gardevoir|Gardevoir-Mega, M|277\/277
|-damage|p1a: Gardevoir|243\/277|[from] Stealth Rock
|switch|p2a: Clefable|Clefable, F|394\/394
|-damage|p2a: Clefable|345\/394|[from] Stealth Rock
|
|-heal|p2a: Clefable|369\/394|[from] item: Leftovers
|turn|6
|
|move|p1a: Gardevoir|Hyper Voice|p2a: Clefable
|-damage|p2a: Clefable|111\/394
|move|p2a: Clefable|Wish|p2a: Clefable
|
|-heal|p2a: Clefable|135\/394|[from] item: Leftovers
|turn|7
|
|move|p2a: Clefable|Protect|p2a: Clefable
|-singleturn|p2a: Clefable|Protect
|move|p1a: Gardevoir|Hyper Voice|p2a: Clefable
|-activate|p2a: Clefable|Protect
|
|-heal|p2a: Clefable|332\/394|[from] move: Wish|[wisher] Clefable
|-heal|p2a: Clefable|356\/394|[from] item: Leftovers
|turn|8
|
|switch|p2a: Heatran|Heatran, F|383\/385
|-damage|p2a: Heatran|335\/385|[from] Stealth Rock
|move|p1a: Gardevoir|Hyper Voice|p2a: Heatran
|-crit|p2a: Heatran
|-resisted|p2a: Heatran
|-damage|p2a: Heatran|257\/385
|
|-heal|p2a: Heatran|281\/385|[from] item: Leftovers
|turn|9
|
|switch|p1a: Garchomp|Garchomp, M|313\/357
|-damage|p1a: Garchomp|291\/357|[from] Stealth Rock
|move|p2a: Heatran|Lava Plume|p1a: Garchomp
|-resisted|p1a: Garchomp
|-damage|p1a: Garchomp|227\/357
|
|-heal|p2a: Heatran|305\/385|[from] item: Leftovers
|turn|10
|
|switch|p2a: Chesnaught|Chesnaught, M|380\/380
|-damage|p2a: Chesnaught|357\/380|[from] Stealth Rock
|move|p1a: Garchomp|Swords Dance|p1a: Garchomp
|-boost|p1a: Garchomp|atk|2
|
|-heal|p2a: Chesnaught|380\/380|[from] item: Leftovers
|turn|11
|
|move|p1a: Garchomp|Earthquake|p2a: Chesnaught
|-resisted|p2a: Chesnaught
|-damage|p2a: Chesnaught|272\/380
|move|p2a: Chesnaught|Leech Seed|p1a: Garchomp
|-start|p1a: Garchomp|move: Leech Seed
|
|-heal|p2a: Chesnaught|295\/380|[from] item: Leftovers
|-damage|p1a: Garchomp|183\/357|[from] Leech Seed|[of] p2a: Chesnaught
|-heal|p2a: Chesnaught|339\/380|[silent]
|turn|12
|
|switch|p1a: Gardevoir|Gardevoir-Mega, M|243\/277
|-damage|p1a: Gardevoir|209\/277|[from] Stealth Rock
|move|p2a: Chesnaught|Spikes|p1a: Gardevoir
|-sidestart|p1: poek69x|Spikes
|
|-heal|p2a: Chesnaught|362\/380|[from] item: Leftovers
|turn|13
|
|switch|p2a: Heatran|Heatran, F|305\/385
|-damage|p2a: Heatran|257\/385|[from] Stealth Rock
|move|p1a: Gardevoir|Hyper Voice|p2a: Heatran
|-resisted|p2a: Heatran
|-damage|p2a: Heatran|208\/385
|
|-heal|p2a: Heatran|232\/385|[from] item: Leftovers
|turn|14
|
|move|p1a: Gardevoir|Focus Blast|p2a: Heatran
|-supereffective|p2a: Heatran
|-damage|p2a: Heatran|0 fnt
|faint|p2a: Heatran
|
|
|switch|p2a: Clefable|Clefable, F|356\/394
|-damage|p2a: Clefable|307\/394|[from] Stealth Rock
|turn|15
|
|move|p1a: Gardevoir|Hyper Voice|p2a: Clefable
|-damage|p2a: Clefable|25\/394
|move|p2a: Clefable|Wish|p2a: Clefable
|
|-heal|p2a: Clefable|49\/394|[from] item: Leftovers
|turn|16
|
|move|p2a: Clefable|Protect|p2a: Clefable
|-singleturn|p2a: Clefable|Protect
|move|p1a: Gardevoir|Hyper Voice|p2a: Clefable
|-activate|p2a: Clefable|Protect
|
|-heal|p2a: Clefable|246\/394|[from] move: Wish|[wisher] Clefable
|-heal|p2a: Clefable|270\/394|[from] item: Leftovers
|turn|17
|
|move|p1a: Gardevoir|Hyper Voice|p2a: Clefable
|-damage|p2a: Clefable|0 fnt
|faint|p2a: Clefable
|
|
|switch|p2a: Gliscor|Gliscor, M|352\/352
|-damage|p2a: Gliscor|308\/352|[from] Stealth Rock
|turn|18
|
|switch|p1a: Keldeo-Resolute|Keldeo-Resolute|323\/323
|-damage|p1a: Keldeo-Resolute|303\/323|[from] Stealth Rock
|-damage|p1a: Keldeo-Resolute|263\/323|[from] Spikes
|move|p2a: Gliscor|Earthquake|p1a: Keldeo-Resolute
|-damage|p1a: Keldeo-Resolute|140\/323
|
|-status|p2a: Gliscor|tox|[from] item: Toxic Orb
|turn|19
|
|switch|p2a: Tentacruel|Tentacruel, M|364\/364
|-damage|p2a: Tentacruel|319\/364|[from] Stealth Rock
|move|p1a: Keldeo-Resolute|Scald|p2a: Tentacruel
|-resisted|p2a: Tentacruel
|-damage|p2a: Tentacruel|261\/364
|
|-heal|p2a: Tentacruel|283\/364|[from] item: Black Sludge
|turn|20
|
|switch|p1a: Garchomp|Garchomp, M|183\/357
|-damage|p1a: Garchomp|139\/357|[from] Spikes
|-damage|p1a: Garchomp|117\/357|[from] Stealth Rock
|move|p2a: Tentacruel|Rapid Spin|p1a: Garchomp
|-damage|p1a: Garchomp|105\/357
|-damage|p2a: Tentacruel|238\/364|[from] ability: Rough Skin|[of] p1a: Garchomp
|-sideend|p2: GKIA|Stealth Rock|[from] move: Rapid Spin|[of] p2a: Tentacruel
|
|-heal|p2a: Tentacruel|260\/364|[from] item: Black Sludge
|turn|21
|
|switch|p2a: Gliscor|Gliscor, M|308\/352 tox
|move|p1a: Garchomp|Stealth Rock|p2a: Gliscor
|-sidestart|p2: GKIA|move: Stealth Rock
|
|-heal|p2a: Gliscor|352\/352 tox|[from] ability: Poison Heal
|turn|22
|
|move|p1a: Garchomp|Dragon Claw|p2a: Gliscor
|-damage|p2a: Gliscor|223\/352 tox
|move|p2a: Gliscor|Earthquake|p1a: Garchomp
|-damage|p1a: Garchomp|0 fnt
|faint|p1a: Garchomp
|
|-heal|p2a: Gliscor|267\/352 tox|[from] ability: Poison Heal
|
|switch|p1a: Rotom-Wash|Rotom-Wash|303\/303
|-damage|p1a: Rotom-Wash|266\/303|[from] Stealth Rock
|turn|23
|
|move|p2a: Gliscor|Knock Off|p1a: Rotom-Wash
|-damage|p1a: Rotom-Wash|215\/303
|-enditem|p1a: Rotom-Wash|Leftovers|[from] move: Knock Off|[of] p2a: Gliscor
|move|p1a: Rotom-Wash|Hydro Pump|p2a: Gliscor|[miss]
|-miss|p1a: Rotom-Wash|p2a: Gliscor
|
|-heal|p2a: Gliscor|311\/352 tox|[from] ability: Poison Heal
|turn|24
|
|switch|p2a: Tentacruel|Tentacruel, M|260\/364
|-damage|p2a: Tentacruel|215\/364|[from] Stealth Rock
|move|p1a: Rotom-Wash|Hydro Pump|p2a: Tentacruel
|-resisted|p2a: Tentacruel
|-damage|p2a: Tentacruel|156\/364
|
|-heal|p2a: Tentacruel|178\/364|[from] item: Black Sludge
|turn|25
|
|move|p2a: Tentacruel|Rapid Spin|p1a: Rotom-Wash
|-damage|p1a: Rotom-Wash|207\/303
|-sideend|p2: GKIA|Stealth Rock|[from] move: Rapid Spin|[of] p2a: Tentacruel
|move|p1a: Rotom-Wash|Volt Switch|p2a: Tentacruel
|-supereffective|p2a: Tentacruel
|-damage|p2a: Tentacruel|28\/364
|
|switch|p1a: Bisharp|Bisharp, M|271\/271
|-damage|p1a: Bisharp|255\/271|[from] Stealth Rock
|-damage|p1a: Bisharp|222\/271|[from] Spikes
|
|-heal|p2a: Tentacruel|50\/364|[from] item: Black Sludge
|turn|26
|
|move|p2a: Tentacruel|Toxic Spikes|p1a: Bisharp
|-sidestart|p1: poek69x|move: Toxic Spikes
|move|p1a: Bisharp|Pursuit|p2a: Tentacruel
|-damage|p2a: Tentacruel|0 fnt
|faint|p2a: Tentacruel
|
|
|switch|p2a: Chesnaught|Chesnaught, M|362\/380
|turn|27
|
|move|p1a: Bisharp|Knock Off|p2a: Chesnaught
|-resisted|p2a: Chesnaught
|-damage|p2a: Chesnaught|290\/380
|-enditem|p2a: Chesnaught|Leftovers|[from] move: Knock Off|[of] p1a: Bisharp
|move|p2a: Chesnaught|Leech Seed|p1a: Bisharp
|-start|p1a: Bisharp|move: Leech Seed
|
|-damage|p1a: Bisharp|189\/271|[from] Leech Seed|[of] p2a: Chesnaught
|-heal|p2a: Chesnaught|323\/380|[silent]
|turn|28
|
|switch|p1a: Tornadus-Therian|Tornadus-Therian, M|327\/327
|-damage|p1a: Tornadus-Therian|246\/327|[from] Stealth Rock
|move|p2a: Chesnaught|Spikes|p1a: Tornadus-Therian
|-sidestart|p1: poek69x|Spikes
|
|turn|29
|c|âGKIA|cancel button ffs
|
|switch|p2a: Gliscor|Gliscor, M|311\/352 tox
|move|p1a: Tornadus-Therian|Hurricane|p2a: Gliscor
|-damage|p2a: Gliscor|161\/352 tox
|
|-heal|p2a: Gliscor|205\/352 tox|[from] ability: Poison Heal
|turn|30
|
|move|p1a: Tornadus-Therian|U-turn|p2a: Gliscor
|-resisted|p2a: Gliscor
|-damage|p2a: Gliscor|182\/352 tox
|
|switch|p1a: Rotom-Wash|Rotom-Wash|207\/303
|-damage|p1a: Rotom-Wash|170\/303|[from] Stealth Rock
|move|p2a: Gliscor|Knock Off|p1a: Rotom-Wash
|-crit|p1a: Rotom-Wash
|-damage|p1a: Rotom-Wash|122\/303
|
|-heal|p2a: Gliscor|226\/352 tox|[from] ability: Poison Heal
|turn|31
|
|switch|p2a: Chesnaught|Chesnaught, M|323\/380
|move|p1a: Rotom-Wash|Hydro Pump|p2a: Chesnaught
|-resisted|p2a: Chesnaught
|-damage|p2a: Chesnaught|234\/380
|
|turn|32
|
|move|p1a: Rotom-Wash|Will-O-Wisp|p2a: Chesnaught
|-status|p2a: Chesnaught|brn
|move|p2a: Chesnaught|Leech Seed|p1a: Rotom-Wash
|-start|p1a: Rotom-Wash|move: Leech Seed
|
|-damage|p1a: Rotom-Wash|85\/303|[from] Leech Seed|[of] p2a: Chesnaught
|-heal|p2a: Chesnaught|271\/380 brn|[silent]
|-damage|p2a: Chesnaught|224\/380 brn|[from] brn
|turn|33
|
|switch|p1a: Bisharp|Bisharp, M|189\/271
|-damage|p1a: Bisharp|144\/271|[from] Spikes
|-damage|p1a: Bisharp|128\/271|[from] Stealth Rock
|move|p2a: Chesnaught|Leech Seed|p1a: Bisharp
|-start|p1a: Bisharp|move: Leech Seed
|
|-damage|p1a: Bisharp|95\/271|[from] Leech Seed|[of] p2a: Chesnaught
|-heal|p2a: Chesnaught|257\/380 brn|[silent]
|-damage|p2a: Chesnaught|210\/380 brn|[from] brn
|turn|34
|
|move|p1a: Bisharp|Iron Head|p2a: Chesnaught
|-damage|p2a: Chesnaught|120\/380 brn
|move|p2a: Chesnaught|Drain Punch|p1a: Bisharp
|-supereffective|p1a: Bisharp
|-damage|p1a: Bisharp|0 fnt
|-heal|p2a: Chesnaught|168\/380 brn|[from] drain|[of] p1a: Bisharp
|faint|p1a: Bisharp
|
|-damage|p2a: Chesnaught|121\/380 brn|[from] brn
|
|switch|p1a: Gardevoir|Gardevoir-Mega, M|209\/277
|-status|p1a: Gardevoir|psn
|-damage|p1a: Gardevoir|163\/277 psn|[from] Spikes
|-damage|p1a: Gardevoir|129\/277 psn|[from] Stealth Rock
|turn|35
|
|move|p2a: Chesnaught|Spiky Shield|p2a: Chesnaught
|-singleturn|p2a: Chesnaught|move: Protect
|move|p1a: Gardevoir|Hyper Voice|p2a: Chesnaught
|-activate|p2a: Chesnaught|move: Protect
|
|-damage|p1a: Gardevoir|95\/277 psn|[from] psn
|-damage|p2a: Chesnaught|74\/380 brn|[from] brn
|turn|36
|
|move|p2a: Chesnaught|Spiky Shield|p2a: Chesnaught
|-singleturn|p2a: Chesnaught|move: Protect
|move|p1a: Gardevoir|Hyper Voice|p2a: Chesnaught
|-activate|p2a: Chesnaught|move: Protect
|
|-damage|p1a: Gardevoir|61\/277 psn|[from] psn
|-damage|p2a: Chesnaught|27\/380 brn|[from] brn
|turn|37
|
|move|p2a: Chesnaught|Spiky Shield|p2a: Chesnaught
|-fail|p2a: Chesnaught
|move|p1a: Gardevoir|Hyper Voice|p2a: Chesnaught
|-supereffective|p2a: Chesnaught
|-damage|p2a: Chesnaught|0 fnt
|faint|p2a: Chesnaught
|
|-damage|p1a: Gardevoir|27\/277 psn|[from] psn
|
|switch|p2a: Gliscor|Gliscor, M|226\/352 tox
|turn|38
|
|move|p1a: Gardevoir|Hyper Voice|p2a: Gliscor
|-damage|p2a: Gliscor|0 fnt
|faint|p2a: Gliscor
|
|-damage|p1a: Gardevoir|0 fnt|[from] psn
|faint|p1a: Gardevoir
|
|switch|p1a: Keldeo-Resolute|Keldeo-Resolute|140\/323
|switch|p2a: Sableye|Sableye, M|303\/303
|-status|p1a: Keldeo-Resolute|psn
|-damage|p1a: Keldeo-Resolute|120\/323 psn|[from] Stealth Rock
|-damage|p1a: Keldeo-Resolute|67\/323 psn|[from] Spikes
|turn|39
|
|detailschange|p2a: Sableye|Sableye-Mega, M
|-mega|p2a: Sableye|Sableye|Sablenite
|move|p2a: Sableye|Calm Mind|p2a: Sableye
|-boost|p2a: Sableye|spa|1
|-boost|p2a: Sableye|spd|1
|move|p1a: Keldeo-Resolute|Scald|p2a: Sableye
|-damage|p2a: Sableye|224\/303
|
|-damage|p1a: Keldeo-Resolute|27\/323 psn|[from] psn
|turn|40
|
|move|p1a: Keldeo-Resolute|Scald|p2a: Sableye
|-damage|p2a: Sableye|137\/303
|move|p2a: Sableye|Recover|p2a: Sableye
|-heal|p2a: Sableye|289\/303
|
|-damage|p1a: Keldeo-Resolute|0 fnt|[from] psn
|faint|p1a: Keldeo-Resolute
|
|switch|p1a: Tornadus-Therian|Tornadus-Therian, M|327\/327
|-damage|p1a: Tornadus-Therian|246\/327|[from] Stealth Rock
|turn|41
|
|move|p1a: Tornadus-Therian|Hurricane|p2a: Sableye
|-damage|p2a: Sableye|192\/303
|-start|p2a: Sableye|confusion
|-activate|p2a: Sableye|confusion
|-damage|p2a: Sableye|175\/303|[from] confusion
|
|turn|42
|
|move|p1a: Tornadus-Therian|Hurricane|p2a: Sableye|[miss]
|-miss|p1a: Tornadus-Therian|p2a: Sableye
|-activate|p2a: Sableye|confusion
|-damage|p2a: Sableye|157\/303|[from] confusion
|
|turn|43
|
|move|p1a: Tornadus-Therian|Hurricane|p2a: Sableye
|-damage|p2a: Sableye|67\/303
|-end|p2a: Sableye|confusion
|move|p2a: Sableye|Recover|p2a: Sableye
|-heal|p2a: Sableye|219\/303
|
|turn|44
|
|move|p1a: Tornadus-Therian|Hurricane|p2a: Sableye|[miss]
|-miss|p1a: Tornadus-Therian|p2a: Sableye
|move|p2a: Sableye|Recover|p2a: Sableye
|-heal|p2a: Sableye|303\/303
|
|turn|45
|c| HiIAmFedexx|o:
|c| HiIAmFedexx|le confuse
|
|move|p1a: Tornadus-Therian|Hurricane|p2a: Sableye
|-damage|p2a: Sableye|213\/303
|-start|p2a: Sableye|confusion
|-activate|p2a: Sableye|confusion
|-damage|p2a: Sableye|197\/303|[from] confusion
|
|turn|46
|
|move|p1a: Tornadus-Therian|Hurricane|p2a: Sableye
|-damage|p2a: Sableye|100\/303
|-end|p2a: Sableye|confusion
|move|p2a: Sableye|Recover|p2a: Sableye
|-heal|p2a: Sableye|252\/303
|
|turn|47
|
|move|p1a: Tornadus-Therian|Hurricane|p2a: Sableye
|-damage|p2a: Sableye|159\/303
|-start|p2a: Sableye|confusion
|-activate|p2a: Sableye|confusion
|move|p2a: Sableye|Dark Pulse|p1a: Tornadus-Therian
|-damage|p1a: Tornadus-Therian|140\/327
|
|turn|48
|c|âGKIA|stop haxing me
|
|move|p1a: Tornadus-Therian|Hurricane|p2a: Sableye
|-damage|p2a: Sableye|66\/303
|-activate|p2a: Sableye|confusion
|-damage|p2a: Sableye|50\/303|[from] confusion
|
|turn|49
|c| HiIAmFedexx|Stop using sidableye in that case
|
|move|p1a: Tornadus-Therian|Hurricane|p2a: Sableye
|-damage|p2a: Sableye|0 fnt
|faint|p2a: Sableye
|
|win|poek69x
|raw|Ladder updating...
|c| HiIAmFedexx|:)
|c| azogue|lucky and bad
|c|âpoek69x|DESERVED
|raw|poek69x's rating: 1461 &rarr; <strong>1482<\/strong><br \/>(+21 for winning)
|raw|GKIA's rating: 1464 &rarr; <strong>1444<\/strong><br \/>(-20 for losing)
|c|âpoek69x|DESERVED
|c|âGKIA|stfu
|c|âpoek69x|FUCKING
|c|âpoek69x|REKT
|c|âpoek69x|REKT
|c|âpoek69x|MOTHERFUCKER
|c|âGKIA|i hope you die
|c| azogue|XDDDDDDDDDDDDDDDDD
|c|âpoek69x|U GOT REKT
|c|âpoek69x|REKT
|c|âGKIA|no i got haxed
|c|âpoek69x|U LUCKY ASS
|c|âGKIA|FAG
|c|âGKIA|fAG
|c|âpoek69x|PLAYER
|c| azogue|XDDDDDDDDDDDDDDDDDDDDDDDDDDDDDDDDDDDDDDDDDDDDD
|c|âGKIA|fAG
|c|âGKIA|fAG
|c|âGKIA|fAG
|c| HiIAmFedexx|LOL.
|c|âGKIA|Fag
|c|âpoek69x|U LUCKY ASS
|c|âGKIA|f
|c|âGKIA|ag
|c|âGKIA|fAg
|c|âpoek69x|PLAYER
|c| azogue|LMFAO
|leave|GKIA
|c|âpoek69x|DESERVED
|c| HiIAmFedexx|ROLF
|player|p2