|join|poek69x
|join|Papi Raiden
|unlink|||clan
|player|p1|poek69x|283
|player|p2|Papi Raiden|raiden.gif
|gametype|singles
|gen|6
|tier|OU
|clearpoke
|poke|p1|Sableye, F|item
|poke|p1|Suicune|item
|poke|p1|Tyranitar, F|item
|poke|p1|Clefable, F|item
|poke|p1|Latias, F|item
|poke|p1|Skarmory, M|item
|poke|p2|Heracross, M|item
|poke|p2|Mamoswine, F|item
|poke|p2|Rotom-Wash|item
|poke|p2|Gothitelle, M|item
|poke|p2|Latias, F|item
|poke|p2|Landorus-Therian, M|item
|rule|ClÃ¡usula de Swagger: se prohibe el uso de Swagger
|rule|ClÃ¡usula de Baton Pass: se prohÃ­be mÃ¡s de 1 PokÃ©mon con Baton Pass
|rule|ClÃ¡usula-Mod de Dormir: solo puedes dormir a uno de tus oponentes a la vez.
|rule|ClÃ¡usula de Especie: Hasta un PokÃ©mon de cada especie
|rule|ClÃ¡usula de Golpe Fulminante: los movimientos fulminantes (OHKO) estan prohibidos
|rule|ClÃ¡usula de Moody: la habilidad Moody estÃ¡ prohibida
|rule|ClÃ¡usula de Movimientos Evasivos: los movimientos de evasion estan prohibidos
|rule|ClÃ¡usula de Batallas Eternas: forzar batallas eternas estÃ¡ prohibido
|rule|Modo de Porcentaje de HP: el HP es mostrado en porcentaje
|teampreview
|join|Malicioso
|join|TyranitarTheEnd
|join|â¡DÎ±rk~SÃ¸ul'sâ¡
|
|start
|switch|p1a: Sableye|Sableye, F|304\/304
|switch|p2a: Landorus-Therian|Landorus-Therian, M|320\/320
|-ability|p2a: Landorus-Therian|Intimidate|[of] p1a: Sableye
|-unboost|p1a: Sableye|atk|1
|turn|1
|join|nicowolf â
|join|24th Century Fox
|join|Mandex
|
|switch|p2a: Rotom-Wash|Rotom-Wash|304\/304
|move|p1a: Sableye|Will-O-Wisp|p2a: Rotom-Wash
|-status|p2a: Rotom-Wash|brn
|
|-damage|p2a: Rotom-Wash|266\/304 brn|[from] brn
|turn|2
|join|â¥Belsiâ¥
|
|switch|p1a: Latias|Latias, F|361\/361
|move|p2a: Rotom-Wash|Will-O-Wisp|p1a: Latias
|-status|p1a: Latias|brn
|
|-heal|p2a: Rotom-Wash|285\/304 brn|[from] item: Leftovers
|-damage|p1a: Latias|316\/361 brn|[from] brn
|-damage|p2a: Rotom-Wash|247\/304 brn|[from] brn
|turn|3
|
|move|p1a: Latias|Psyshock|p2a: Rotom-Wash
|-damage|p2a: Rotom-Wash|178\/304 brn
|move|p2a: Rotom-Wash|Volt Switch|p1a: Latias
|-resisted|p1a: Latias
|-damage|p1a: Latias|280\/361 brn
|
|switch|p2a: Landorus-Therian|Landorus-Therian, M|320\/320
|-ability|p2a: Landorus-Therian|Intimidate|[of] p1a: Latias
|-unboost|p1a: Latias|atk|1
|
|-heal|p1a: Latias|302\/361 brn|[from] item: Leftovers
|-damage|p1a: Latias|257\/361 brn|[from] brn
|turn|4
|leave|â¥Belsiâ¥
|join|(fe)cesartheprah
|
|switch|p1a: Skarmory|Skarmory, M|334\/334
|move|p2a: Landorus-Therian|U-turn|p1a: Skarmory
|-resisted|p1a: Skarmory
|-damage|p1a: Skarmory|319\/334
|-damage|p2a: Landorus-Therian|267\/320|[from] item: Rocky Helmet|[of] p1a: Skarmory
|join|cusho
|c| cusho|ese es mi team
|
|switch|p2a: Rotom-Wash|Rotom-Wash|178\/304 brn
|
|-heal|p2a: Rotom-Wash|197\/304 brn|[from] item: Leftovers
|-damage|p2a: Rotom-Wash|159\/304 brn|[from] brn
|turn|5
|c| cusho|<33333333333333333333
|c|âPapi Raiden|<3
|c| cusho|dios amo mi team
|c| cusho|es tan cool
|
|switch|p1a: Latias|Latias, F|257\/361 brn
|move|p2a: Rotom-Wash|Volt Switch|p1a: Latias
|-crit|p1a: Latias
|-resisted|p1a: Latias
|-damage|p1a: Latias|206\/361 brn
|
|switch|p2a: Landorus-Therian|Landorus-Therian, M|267\/320
|-ability|p2a: Landorus-Therian|Intimidate|[of] p1a: Latias
|-unboost|p1a: Latias|atk|1
|
|-heal|p1a: Latias|228\/361 brn|[from] item: Leftovers
|-damage|p1a: Latias|183\/361 brn|[from] brn
|turn|6
|
|switch|p1a: Skarmory|Skarmory, M|319\/334
|move|p2a: Landorus-Therian|U-turn|p1a: Skarmory
|-resisted|p1a: Skarmory
|-damage|p1a: Skarmory|305\/334
|-damage|p2a: Landorus-Therian|214\/320|[from] item: Rocky Helmet|[of] p1a: Skarmory
|c| cusho|no seas menso
|c| cusho|gothi
|c| cusho|gege
|
|switch|p2a: Rotom-Wash|Rotom-Wash|159\/304 brn
|
|-heal|p2a: Rotom-Wash|178\/304 brn|[from] item: Leftovers
|-damage|p2a: Rotom-Wash|140\/304 brn|[from] brn
|turn|7
|
|switch|p1a: Latias|Latias, F|183\/361 brn
|move|p2a: Rotom-Wash|Will-O-Wisp|p1a: Latias
|-fail|p1a: Latias|brn
|
|-heal|p1a: Latias|205\/361 brn|[from] item: Leftovers
|-heal|p2a: Rotom-Wash|159\/304 brn|[from] item: Leftovers
|-damage|p1a: Latias|160\/361 brn|[from] brn
|-damage|p2a: Rotom-Wash|121\/304 brn|[from] brn
|turn|8
|
|move|p1a: Latias|Psyshock|p2a: Rotom-Wash
|-damage|p2a: Rotom-Wash|54\/304 brn
|move|p2a: Rotom-Wash|Pain Split|p1a: Latias
|-sethp|p1a: Latias|107\/361 brn|p2a: Rotom-Wash|107\/304 brn|[from] move: Pain Split
|
|-heal|p1a: Latias|129\/361 brn|[from] item: Leftovers
|-heal|p2a: Rotom-Wash|126\/304 brn|[from] item: Leftovers
|-damage|p1a: Latias|84\/361 brn|[from] brn
|-damage|p2a: Rotom-Wash|88\/304 brn|[from] brn
|turn|9
|
|switch|p2a: Mamoswine|Mamoswine, F|361\/361
|move|p1a: Latias|Psyshock|p2a: Mamoswine
|-damage|p2a: Mamoswine|231\/361
|
|-heal|p1a: Latias|106\/361 brn|[from] item: Leftovers
|-damage|p1a: Latias|61\/361 brn|[from] brn
|turn|10
|
|switch|p1a: Skarmory|Skarmory, M|305\/334
|move|p2a: Mamoswine|Ice Shard|p1a: Skarmory
|-damage|p1a: Skarmory|257\/334
|
|turn|11
|
|move|p2a: Mamoswine|Stealth Rock|p1a: Skarmory
|-sidestart|p1: poek69x|move: Stealth Rock
|move|p1a: Skarmory|Roost|p1a: Skarmory
|-heal|p1a: Skarmory|334\/334
|
|turn|12
|join|HeySuppp
|leave|HeySuppp
|
|switch|p2a: Rotom-Wash|Rotom-Wash|88\/304 brn
|move|p1a: Skarmory|Spikes|p2a: Rotom-Wash
|-sidestart|p2: Papi Raiden|Spikes
|
|-heal|p2a: Rotom-Wash|107\/304 brn|[from] item: Leftovers
|-damage|p2a: Rotom-Wash|69\/304 brn|[from] brn
|turn|13
|
|switch|p1a: Latias|Latias, F|61\/361 brn
|-damage|p1a: Latias|16\/361 brn|[from] Stealth Rock
|move|p2a: Rotom-Wash|Volt Switch|p1a: Latias
|-resisted|p1a: Latias
|-damage|p1a: Latias|0 fnt
|faint|p1a: Latias
|
|switch|p2a: Mamoswine|Mamoswine, F|231\/361
|-damage|p2a: Mamoswine|186\/361|[from] Spikes
|
|
|switch|p1a: Suicune|Suicune|404\/404
|-damage|p1a: Suicune|354\/404|[from] Stealth Rock
|-ability|p1a: Suicune|Pressure
|turn|14
|
|switch|p2a: Gothitelle|Gothitelle, M|344\/344
|-damage|p2a: Gothitelle|301\/344|[from] Spikes
|switch|p1a: Tyranitar|Tyranitar, F|362\/362
|-damage|p1a: Tyranitar|317\/362|[from] Stealth Rock
|-weather|Sandstorm
|
|-weather|Sandstorm|[upkeep]
|-damage|p2a: Gothitelle|280\/344|[from] sandstorm
|turn|15
|c| cusho|nooooooo
|leave|â¡DÎ±rk~SÃ¸ul'sâ¡
|c| cusho|estupido
|c| cusho|agh
|leave|24th Century Fox
|c| nicowolf â|Rekt
|c| cusho|era heracross
|c| cusho|menso
|
|move|p1a: Tyranitar|Pursuit|p2a: Gothitelle|[from]Pursuit
|-supereffective|p2a: Gothitelle
|-damage|p2a: Gothitelle|0 fnt
|faint|p2a: Gothitelle
|
|-weather|Sandstorm|[upkeep]
|
|switch|p2a: Heracross|Heracross, M|301\/301
|-damage|p2a: Heracross|264\/301|[from] Spikes
|turn|16
|c| nicowolf â|Adios stall breaker
|c| nicowolf â|#1
|c| cusho|lol
|c| cusho|es mejor heracros
|c| cusho|nico
|c| nicowolf â|Si
|c| nicowolf â|Pero tambien servia
|
|switch|p1a: Clefable|Clefable, F|394\/394
|detailschange|p2a: Heracross|Heracross-Mega, M
|-mega|p2a: Heracross|Heracross|Heracronite
|move|p2a: Heracross|Rock Blast|p1a: Clefable|[miss]
|-miss|p2a: Heracross|p1a: Clefable
|
|-weather|Sandstorm|[upkeep]
|-damage|p2a: Heracross|246\/301|[from] sandstorm
|turn|17
|c| cusho|entonces si no sabes
|c| cusho|no hables
|c| cusho|:3
|c|âPapi Raiden|ok
|c| nicowolf â|a_a si se
|c| nicowolf â|que el Gothi servia
|c| nicowolf â|Igual que Hera
|
|switch|p2a: Mamoswine|Mamoswine, F|186\/361
|-damage|p2a: Mamoswine|141\/361|[from] Spikes
|move|p1a: Clefable|Moonblast|p2a: Mamoswine
|-crit|p2a: Mamoswine
|-damage|p2a: Mamoswine|0 fnt
|faint|p2a: Mamoswine
|
|-weather|Sandstorm|[upkeep]
|
|switch|p2a: Rotom-Wash|Rotom-Wash|69\/304 brn
|turn|18
|c| cusho|ya perdio raiden
|c| cusho|que raro
|leave|cusho
|c|âPapi Raiden|que raro
|c|âPapi Raiden|falle ataque
|c|âPapi Raiden|importante, que raro...
|
|move|p2a: Rotom-Wash|Pain Split|p1a: Clefable
|-sethp|p1a: Clefable|231\/394|p2a: Rotom-Wash|231\/304 brn|[from] move: Pain Split
|move|p1a: Clefable|Stealth Rock|p2a: Rotom-Wash
|-sidestart|p2: Papi Raiden|move: Stealth Rock
|
|-weather|none
|-heal|p2a: Rotom-Wash|250\/304 brn|[from] item: Leftovers
|-heal|p1a: Clefable|255\/394|[from] item: Leftovers
|-damage|p2a: Rotom-Wash|212\/304 brn|[from] brn
|turn|19
|join|The End of life
|join|CharlieAdam
|join|G-O-D Rolo
|
|move|p2a: Rotom-Wash|Will-O-Wisp|p1a: Clefable
|-status|p1a: Clefable|brn
|move|p1a: Clefable|Soft-Boiled|p1a: Clefable
|-heal|p1a: Clefable|394\/394 brn
|
|-heal|p2a: Rotom-Wash|231\/304 brn|[from] item: Leftovers
|-damage|p2a: Rotom-Wash|193\/304 brn|[from] brn
|turn|20
|leave|G-O-D Rolo
|join|â¡DÎ±rk~SÃ¸ul'sâ¡
|join|azogue
|
|move|p2a: Rotom-Wash|Hydro Pump|p1a: Clefable|[miss]
|-miss|p2a: Rotom-Wash|p1a: Clefable
|move|p1a: Clefable|Moonblast|p2a: Rotom-Wash
|-damage|p2a: Rotom-Wash|91\/304 brn
|
|-heal|p2a: Rotom-Wash|110\/304 brn|[from] item: Leftovers
|-damage|p2a: Rotom-Wash|72\/304 brn|[from] brn
|turn|21
|c|âPapi Raiden|3 miss
|
|move|p2a: Rotom-Wash|Pain Split|p1a: Clefable
|-sethp|p1a: Clefable|233\/394 brn|p2a: Rotom-Wash|233\/304 brn|[from] move: Pain Split
|move|p1a: Clefable|Moonblast|p2a: Rotom-Wash
|-damage|p2a: Rotom-Wash|131\/304 brn
|-unboost|p2a: Rotom-Wash|spa|1
|
|-heal|p2a: Rotom-Wash|150\/304 brn|[from] item: Leftovers
|-heal|p1a: Clefable|257\/394 brn|[from] item: Leftovers
|-damage|p2a: Rotom-Wash|112\/304 brn|[from] brn
|turn|22
|c|âPapi Raiden|1 drop
|
|move|p2a: Rotom-Wash|Volt Switch|p1a: Clefable
|-damage|p1a: Clefable|208\/394 brn
|
|switch|p2a: Landorus-Therian|Landorus-Therian, M|214\/320
|-damage|p2a: Landorus-Therian|174\/320|[from] Stealth Rock
|-ability|p2a: Landorus-Therian|Intimidate|[of] p1a: Clefable
|-unboost|p1a: Clefable|atk|1
|move|p1a: Clefable|Soft-Boiled|p1a: Clefable
|-heal|p1a: Clefable|394\/394 brn
|
|turn|23
|join|cusho
|
|switch|p1a: Skarmory|Skarmory, M|334\/334
|-damage|p1a: Skarmory|293\/334|[from] Stealth Rock
|move|p2a: Landorus-Therian|Earthquake|p1a: Skarmory
|-immune|p1a: Skarmory|[msg]
|
|turn|24
|c|âPapi Raiden|no mames
|c|âPapi Raiden|que sida
|c|âPapi Raiden|time stall
|join|(HT)â¥Mary
|c|âPapi Raiden|3 miss
|c|âPapi Raiden|buah
|c|âPapi Raiden|paso
|-message|Papi Raiden se rindio.
|
|win|poek69x
|leave|Papi Raiden
|player|p2
|leave|The End of life
|leave|â¡DÎ±rk~SÃ¸ul'sâ¡
|leave|(HT)â¥Mary
|leave|TyranitarTheEnd
|leave|CharlieAdam