|join|poek69x
|join|beatiful
|unlink|||clan
|player|p1|poek69x|283
|player|p2|beatiful|4
|gametype|singles
|gen|6
|tier|OU
|clearpoke
|poke|p1|Victini|item
|poke|p1|Sableye, F|item
|poke|p1|Alomomola, F|item
|poke|p1|Chesnaught, F|item
|poke|p1|Gliscor, M|item
|poke|p1|Clefable, F|item
|poke|p2|Garchomp, F|item
|poke|p2|Raikou|item
|poke|p2|Crawdaunt, F|item
|poke|p2|Metagross|item
|poke|p2|Landorus-Therian, M|item
|poke|p2|Heatran, M|item
|rule|ClÃ¡usula de Swagger: se prohibe el uso de Swagger
|rule|ClÃ¡usula de Baton Pass: se prohÃ­be mÃ¡s de 1 PokÃ©mon con Baton Pass
|rule|ClÃ¡usula-Mod de Dormir: solo puedes dormir a uno de tus oponentes a la vez.
|rule|ClÃ¡usula de Especie: Hasta un PokÃ©mon de cada especie
|rule|ClÃ¡usula de Golpe Fulminante: los movimientos fulminantes (OHKO) estan prohibidos
|rule|ClÃ¡usula de Moody: la habilidad Moody estÃ¡ prohibida
|rule|ClÃ¡usula de Movimientos Evasivos: los movimientos de evasion estan prohibidos
|rule|ClÃ¡usula de Batallas Eternas: forzar batallas eternas estÃ¡ prohibido
|rule|Modo de Porcentaje de HP: el HP es mostrado en porcentaje
|teampreview
|join|firewolf999
|join|azogue
|join|YucoYuco77
|join|zud85
|
|start
|switch|p1a: Sableye|Sableye, F|304\/304
|switch|p2a: Garchomp|Garchomp, F|357\/357
|turn|1
|
|switch|p2a: Heatran|Heatran, M|323\/323
|detailschange|p1a: Sableye|Sableye-Mega, F
|-mega|p1a: Sableye|Sableye|Sablenite
|move|p1a: Sableye|Will-O-Wisp|p2a: Heatran
|-start|p2a: Heatran|ability: Flash Fire
|
|turn|2
|join|CharlieAdam
|
|switch|p1a: Clefable|Clefable, F|394\/394
|move|p2a: Heatran|Overheat|p1a: Clefable
|-damage|p1a: Clefable|79\/394
|-unboost|p2a: Heatran|spa|2
|
|-heal|p1a: Clefable|103\/394|[from] item: Leftovers
|turn|3
|join|(W-Z) domingo333
|
|switch|p1a: Gliscor|Gliscor, M|353\/353
|move|p2a: Heatran|Overheat|p1a: Gliscor
|-damage|p1a: Gliscor|185\/353
|-unboost|p2a: Heatran|spa|2
|
|-status|p1a: Gliscor|tox|[from] item: Toxic Orb
|turn|4
|join|ââ¥â£ Little Torchic
|leave|firewolf999
|join|Volkner~StatiC'
|
|switch|p2a: Garchomp|Garchomp, F|357\/357
|move|p1a: Gliscor|Knock Off|p2a: Garchomp
|-damage|p2a: Garchomp|278\/357
|-damage|p1a: Gliscor|141\/353 tox|[from] ability: Rough Skin|[of] p2a: Garchomp
|-enditem|p2a: Garchomp|Focus Sash|[from] move: Knock Off|[of] p1a: Gliscor
|
|-heal|p1a: Gliscor|185\/353 tox|[from] ability: Poison Heal
|turn|5
|join|MeiiMeii
|
|switch|p1a: Sableye|Sableye-Mega, F|304\/304
|move|p2a: Garchomp|Swords Dance|p2a: Garchomp
|-boost|p2a: Garchomp|atk|2
|
|turn|6
|c| Volkner~StatiC'|rompele la madre beatifulwft
|join|Tonytrainer
|join|taka1
|leave|Volkner~StatiC'
|c|âbeatiful|obvio
|
|move|p2a: Garchomp|Outrage|p1a: Sableye
|-crit|p1a: Sableye
|-damage|p1a: Sableye|0 fnt
|faint|p1a: Sableye
|
|
|switch|p1a: Clefable|Clefable, F|103\/394
|turn|7
|c|âbeatiful|el critico
|c| Tonytrainer|k
|c| Tonytrainer|era eq
|c| Tonytrainer|igual moria
|c|âbeatiful|no me ewuivoque xd
|
|move|p2a: Garchomp|Outrage|p1a: Clefable
|-immune|p1a: Clefable|[msg]
|move|p1a: Clefable|Moonblast|p2a: Garchomp
|-supereffective|p2a: Garchomp
|-damage|p2a: Garchomp|50\/357
|
|-end|p2a: Garchomp|rampage
|-start|p2a: Garchomp|confusion
|-heal|p1a: Clefable|127\/394|[from] item: Leftovers
|turn|8
|c|âbeatiful|ya no importa
|c|âbeatiful|mate lo que queria
|
|-activate|p2a: Garchomp|confusion
|move|p2a: Garchomp|Earthquake|p1a: Clefable
|-damage|p1a: Clefable|0 fnt
|faint|p1a: Clefable
|
|
|switch|p1a: Chesnaught|Chesnaught, F|380\/380
|turn|9
|
|-activate|p2a: Garchomp|confusion
|move|p2a: Garchomp|Stealth Rock|p1a: Chesnaught
|-sidestart|p1: poek69x|move: Stealth Rock
|move|p1a: Chesnaught|Leech Seed|p2a: Garchomp
|-start|p2a: Garchomp|move: Leech Seed
|
|-damage|p2a: Garchomp|6\/357|[from] Leech Seed|[of] p1a: Chesnaught
|turn|10
|
|-end|p2a: Garchomp|confusion
|move|p2a: Garchomp|Outrage|p1a: Chesnaught
|-damage|p1a: Chesnaught|121\/380
|move|p1a: Chesnaught|Drain Punch|p2a: Garchomp
|-damage|p2a: Garchomp|0 fnt
|-heal|p1a: Chesnaught|124\/380|[from] drain|[of] p2a: Garchomp
|-damage|p1a: Chesnaught|77\/380|[from] ability: Rough Skin|[of] p2a: Garchomp
|faint|p2a: Garchomp
|
|-heal|p1a: Chesnaught|100\/380|[from] item: Leftovers
|
|switch|p2a: Metagross|Metagross|301\/301
|turn|11
|
|switch|p1a: Alomomola|Alomomola, F|534\/534
|-damage|p1a: Alomomola|468\/534|[from] Stealth Rock
|detailschange|p2a: Metagross|Metagross-Mega
|-mega|p2a: Metagross|Metagross|Metagrossite
|move|p2a: Metagross|Zen Headbutt|p1a: Alomomola
|-damage|p1a: Alomomola|270\/534
|-damage|p2a: Metagross|251\/301|[from] item: Rocky Helmet|[of] p1a: Alomomola
|
|turn|12
|
|switch|p2a: Raikou|Raikou|321\/321
|-ability|p2a: Raikou|Pressure
|move|p1a: Alomomola|Wish|p1a: Alomomola
|
|turn|13
|join|thueris
|
|move|p1a: Alomomola|Protect|p1a: Alomomola
|-singleturn|p1a: Alomomola|Protect
|move|p2a: Raikou|Hidden Power|p1a: Alomomola
|-activate|p1a: Alomomola|Protect
|
|-heal|p1a: Alomomola|534\/534|[from] move: Wish|[wisher] Alomomola
|turn|14
|join|Inverno
|
|switch|p2a: Crawdaunt|Crawdaunt, F|329\/329
|switch|p1a: Gliscor|Gliscor, M|185\/353 tox
|-damage|p1a: Gliscor|141\/353 tox|[from] Stealth Rock
|
|-heal|p1a: Gliscor|185\/353 tox|[from] ability: Poison Heal
|turn|15
|join|firewolf999
|
|move|p1a: Gliscor|Knock Off|p2a: Crawdaunt
|-resisted|p2a: Crawdaunt
|-damage|p2a: Crawdaunt|290\/329
|-enditem|p2a: Crawdaunt|Life Orb|[from] move: Knock Off|[of] p1a: Gliscor
|move|p2a: Crawdaunt|Crabhammer|p1a: Gliscor
|-supereffective|p1a: Gliscor
|-damage|p1a: Gliscor|0 fnt
|faint|p1a: Gliscor
|
|join|Rest In Chorizord
|join|zoner
|
|switch|p1a: Chesnaught|Chesnaught, F|100\/380
|-damage|p1a: Chesnaught|77\/380|[from] Stealth Rock
|turn|16
|
|move|p1a: Chesnaught|Drain Punch|p2a: Crawdaunt
|-supereffective|p2a: Crawdaunt
|-damage|p2a: Crawdaunt|78\/329
|-heal|p1a: Chesnaught|183\/380|[from] drain|[of] p2a: Crawdaunt
|move|p2a: Crawdaunt|Knock Off|p1a: Chesnaught
|-resisted|p1a: Chesnaught
|-damage|p1a: Chesnaught|106\/380
|-enditem|p1a: Chesnaught|Leftovers|[from] move: Knock Off|[of] p2a: Crawdaunt
|
|turn|17
|c| Tonytrainer|beatiful proh
|join|Volkner~StatiC'
|leave|Rest In Chorizord
|
|switch|p2a: Metagross|Metagross-Mega|251\/301
|move|p1a: Chesnaught|Drain Punch|p2a: Metagross
|-damage|p2a: Metagross|184\/301
|-heal|p1a: Chesnaught|140\/380|[from] drain|[of] p2a: Metagross
|
|turn|18
|
|switch|p1a: Alomomola|Alomomola, F|534\/534
|-damage|p1a: Alomomola|468\/534|[from] Stealth Rock
|move|p2a: Metagross|Zen Headbutt|p1a: Alomomola
|-damage|p1a: Alomomola|285\/534
|-damage|p2a: Metagross|134\/301|[from] item: Rocky Helmet|[of] p1a: Alomomola
|
|turn|19
|c| firewolf999|alomomola? no jodas
|
|switch|p2a: Raikou|Raikou|321\/321
|-ability|p2a: Raikou|Pressure
|move|p1a: Alomomola|Wish|p1a: Alomomola
|
|turn|20
|
|switch|p1a: Chesnaught|Chesnaught, F|140\/380
|-damage|p1a: Chesnaught|117\/380|[from] Stealth Rock
|move|p2a: Raikou|Thunderbolt|p1a: Chesnaught
|-resisted|p1a: Chesnaught
|-damage|p1a: Chesnaught|0 fnt
|faint|p1a: Chesnaught
|
|c|âbeatiful|ahora si
|c| Tonytrainer|sad
|c|âbeatiful|yzy 
|c| zud85|sadx
|
|switch|p1a: Victini|Victini|403\/403
|-damage|p1a: Victini|303\/403|[from] Stealth Rock
|turn|21
|leave|zud85
|c| Tonytrainer|isi 
|
|switch|p2a: Heatran|Heatran, M|323\/323
|move|p1a: Victini|V-create|p2a: Heatran
|-start|p2a: Heatran|ability: Flash Fire
|
|-heal|p1a: Victini|328\/403|[from] item: Leftovers
|turn|22
|join|zud85
|c| Tonytrainer|no scarf
|leave|azogue
|c| Tonytrainer|easy
|c|âbeatiful|yzy
|
|switch|p1a: Alomomola|Alomomola, F|463\/534
|-damage|p1a: Alomomola|397\/534|[from] Stealth Rock
|move|p2a: Heatran|Earth Power|p1a: Alomomola
|-damage|p1a: Alomomola|244\/534
|
|turn|23
|
|move|p2a: Heatran|Earth Power|p1a: Alomomola
|-damage|p1a: Alomomola|87\/534
|move|p1a: Alomomola|Wish|p1a: Alomomola
|
|turn|24
|c| Tonytrainer|tirale fuego
|
|switch|p2a: Raikou|Raikou|321\/321
|-ability|p2a: Raikou|Pressure
|move|p1a: Alomomola|Protect|p1a: Alomomola
|-fail|p1a: Alomomola
|
|-heal|p1a: Alomomola|354\/534|[from] move: Wish|[wisher] Alomomola
|turn|25
|c|âbeatiful|escarf xd
|c| Tonytrainer|ocs
|c| Tonytrainer|rashoo
|
|move|p2a: Raikou|Thunderbolt|p1a: Alomomola
|-supereffective|p1a: Alomomola
|-damage|p1a: Alomomola|0 fnt
|faint|p1a: Alomomola
|
|c| Tonytrainer|for all
|
|switch|p1a: Victini|Victini|328\/403
|-damage|p1a: Victini|228\/403|[from] Stealth Rock
|turn|26
|leave|CharlieAdam
|
|move|p2a: Raikou|Thunderbolt|p1a: Victini
|-damage|p1a: Victini|0 fnt
|faint|p1a: Victini
|
|win|beatiful
|leave|Volkner~StatiC'
|leave|Tonytrainer
|leave|poek69x
|player|p1
|leave|firewolf999
|leave|YucoYuco77
|leave|taka1
|leave|zoner
|leave|thueris
|leave|zud85