|join|poek69x
|join|(RxA)broly66573
|unlink|||clan
|player|p1|poek69x|283
|player|p2|(RxA)broly66573|95
|gametype|singles
|gen|6
|tier|OU
|clearpoke
|poke|p1|Gyarados, M|item
|poke|p1|Dragalge, F|item
|poke|p1|Bronzong|item
|poke|p1|Ferrothorn, F|item
|poke|p1|Quagsire, M|item
|poke|p1|Lickilicky, F|item
|poke|p2|Beedrill, M|item
|poke|p2|Azumarill, M|item
|poke|p2|Chansey, F|item
|poke|p2|Latios, M|item
|poke|p2|Heatran, F|item
|poke|p2|Rhyperior, M|item
|rule|ClÃ¡usula de Swagger: se prohibe el uso de Swagger
|rule|ClÃ¡usula de Baton Pass: se prohÃ­be mÃ¡s de 1 PokÃ©mon con Baton Pass
|rule|ClÃ¡usula-Mod de Dormir: solo puedes dormir a uno de tus oponentes a la vez.
|rule|ClÃ¡usula de Especie: Hasta un PokÃ©mon de cada especie
|rule|ClÃ¡usula de Golpe Fulminante: los movimientos fulminantes (OHKO) estan prohibidos
|rule|ClÃ¡usula de Moody: la habilidad Moody estÃ¡ prohibida
|rule|ClÃ¡usula de Movimientos Evasivos: los movimientos de evasion estan prohibidos
|rule|ClÃ¡usula de Batallas Eternas: forzar batallas eternas estÃ¡ prohibido
|rule|Modo de Porcentaje de HP: el HP es mostrado en porcentaje
|teampreview
|join|â¡DÎ±rk~SÃ¸ul'sâ¡
|join|zud85
|join|Lolazo
|leave|zud85
|
|start
|switch|p1a: Ferrothorn|Ferrothorn, F|352\/352
|switch|p2a: GG LOVE 4EVER|Beedrill, M|271\/271
|turn|1
|join|azogue
|c| Lolazo|beedrill rikolino
|
|detailschange|p2a: GG LOVE 4EVER|Beedrill-Mega, M
|-mega|p2a: GG LOVE 4EVER|Beedrill|Beedrillite
|move|p2a: GG LOVE 4EVER|U-turn|p1a: Ferrothorn
|-damage|p1a: Ferrothorn|210\/352
|-damage|p2a: GG LOVE 4EVER|238\/271|[from] ability: Iron Barbs|[of] p1a: Ferrothorn
|c| azogue|poek
|
|switch|p2a: Rocket Mayol|Heatran, F|323\/323
|move|p1a: Ferrothorn|Spikes|p2a: Rocket Mayol
|-sidestart|p2: (RxA)broly66573|Spikes
|
|-heal|p1a: Ferrothorn|232\/352|[from] item: Leftovers
|turn|2
|
|switch|p1a: Gyarados|Gyarados, M|393\/393
|-ability|p1a: Gyarados|Intimidate|[of] p2a: Rocket Mayol
|-unboost|p2a: Rocket Mayol|atk|1
|move|p2a: Rocket Mayol|Overheat|p1a: Gyarados
|-crit|p1a: Gyarados
|-resisted|p1a: Gyarados
|-damage|p1a: Gyarados|218\/393
|-unboost|p2a: Rocket Mayol|spa|2
|
|turn|3
|
|switch|p2a: Broly UuU|Azumarill, M|401\/401
|-damage|p2a: Broly UuU|351\/401|[from] Spikes
|detailschange|p1a: Gyarados|Gyarados-Mega, M
|-mega|p1a: Gyarados|Gyarados|Gyaradosite
|-ability|p1a: Gyarados|Mold Breaker
|move|p1a: Gyarados|Earthquake|p2a: Broly UuU
|-damage|p2a: Broly UuU|198\/401
|
|turn|4
|
|switch|p1a: Quagsire|Quagsire, M|394\/394
|move|p2a: Broly UuU|Play Rough|p1a: Quagsire
|-damage|p1a: Quagsire|226\/394
|-unboost|p1a: Quagsire|atk|1
|
|-heal|p1a: Quagsire|250\/394|[from] item: Leftovers
|turn|5
|
|move|p2a: Broly UuU|Knock Off|p1a: Quagsire
|-damage|p1a: Quagsire|135\/394
|-enditem|p1a: Quagsire|Leftovers|[from] move: Knock Off|[of] p2a: Broly UuU
|move|p1a: Quagsire|Recover|p1a: Quagsire
|-heal|p1a: Quagsire|332\/394
|
|turn|6
|
|switch|p2a: WarisNikolai|Latios, M|301\/301
|move|p1a: Quagsire|Yawn|p2a: WarisNikolai
|-start|p2a: WarisNikolai|move: Yawn|[of] p1a: Quagsire
|
|turn|7
|
|switch|p2a: Miley Cyrus hater|Rhyperior, M|424\/424
|-damage|p2a: Miley Cyrus hater|371\/424|[from] Spikes
|move|p1a: Quagsire|Toxic|p2a: Miley Cyrus hater
|-status|p2a: Miley Cyrus hater|tox
|
|-heal|p2a: Miley Cyrus hater|397\/424 tox|[from] item: Leftovers
|-damage|p2a: Miley Cyrus hater|371\/424 tox|[from] psn
|turn|8
|
|move|p2a: Miley Cyrus hater|Stealth Rock|p1a: Quagsire
|-sidestart|p1: poek69x|move: Stealth Rock
|move|p1a: Quagsire|Scald|p2a: Miley Cyrus hater
|-supereffective|p2a: Miley Cyrus hater
|-damage|p2a: Miley Cyrus hater|62\/424 tox
|
|-heal|p2a: Miley Cyrus hater|88\/424 tox|[from] item: Leftovers
|-damage|p2a: Miley Cyrus hater|36\/424 tox|[from] psn
|turn|9
|join|CharlieAdam
|
|switch|p1a: Bronzong|Bronzong|338\/338
|-damage|p1a: Bronzong|317\/338|[from] Stealth Rock
|move|p2a: Miley Cyrus hater|Earthquake|p1a: Bronzong
|-immune|p1a: Bronzong|[msg]
|
|-heal|p2a: Miley Cyrus hater|62\/424 tox|[from] item: Leftovers
|-heal|p1a: Bronzong|338\/338|[from] item: Leftovers
|-damage|p2a: Miley Cyrus hater|0 fnt|[from] psn
|faint|p2a: Miley Cyrus hater
|
|switch|p2a: Rocket Mayol|Heatran, F|323\/323
|-damage|p2a: Rocket Mayol|283\/323|[from] Spikes
|turn|10
|
|switch|p1a: Lickilicky|Lickilicky, F|424\/424
|-damage|p1a: Lickilicky|371\/424|[from] Stealth Rock
|move|p2a: Rocket Mayol|Overheat|p1a: Lickilicky
|-damage|p1a: Lickilicky|205\/424
|-unboost|p2a: Rocket Mayol|spa|2
|
|-heal|p1a: Lickilicky|231\/424|[from] item: Leftovers
|turn|11
|
|switch|p2a: Broly UuU|Azumarill, M|198\/401
|-damage|p2a: Broly UuU|148\/401|[from] Spikes
|move|p1a: Lickilicky|Wish|p1a: Lickilicky
|
|-heal|p1a: Lickilicky|257\/424|[from] item: Leftovers
|turn|12
|
|move|p1a: Lickilicky|Protect|p1a: Lickilicky
|-singleturn|p1a: Lickilicky|Protect
|move|p2a: Broly UuU|Knock Off|p1a: Lickilicky
|-activate|p1a: Lickilicky|Protect
|
|-heal|p1a: Lickilicky|424\/424|[from] move: Wish|[wisher] Lickilicky
|turn|13
|join|The Power Of Love
|
|switch|p1a: Ferrothorn|Ferrothorn, F|232\/352
|-damage|p1a: Ferrothorn|210\/352|[from] Stealth Rock
|move|p2a: Broly UuU|Knock Off|p1a: Ferrothorn
|-damage|p1a: Ferrothorn|113\/352
|-damage|p2a: Broly UuU|98\/401|[from] ability: Iron Barbs|[of] p1a: Ferrothorn
|-enditem|p1a: Ferrothorn|Leftovers|[from] move: Knock Off|[of] p2a: Broly UuU
|
|turn|14
|
|switch|p2a: Rocket Mayol|Heatran, F|283\/323
|-damage|p2a: Rocket Mayol|243\/323|[from] Spikes
|move|p1a: Ferrothorn|Leech Seed|p2a: Rocket Mayol|[miss]
|-miss|p1a: Ferrothorn|p2a: Rocket Mayol
|
|turn|15
|
|switch|p1a: Lickilicky|Lickilicky, F|424\/424
|-damage|p1a: Lickilicky|371\/424|[from] Stealth Rock
|move|p2a: Rocket Mayol|Earth Power|p1a: Lickilicky
|-damage|p1a: Lickilicky|297\/424
|
|-heal|p1a: Lickilicky|323\/424|[from] item: Leftovers
|turn|16
|
|switch|p2a: GorkaMorrison|Chansey, F|642\/642
|-damage|p2a: GorkaMorrison|562\/642|[from] Spikes
|move|p1a: Lickilicky|Wish|p1a: Lickilicky
|
|-heal|p1a: Lickilicky|349\/424|[from] item: Leftovers
|turn|17
|
|switch|p1a: Ferrothorn|Ferrothorn, F|113\/352
|-damage|p1a: Ferrothorn|91\/352|[from] Stealth Rock
|move|p2a: GorkaMorrison|Wish|p2a: GorkaMorrison
|
|-heal|p1a: Ferrothorn|303\/352|[from] move: Wish|[wisher] Lickilicky
|turn|18
|join|ââCrazyTomeuââ
|leave|ââCrazyTomeuââ
|
|switch|p2a: Broly UuU|Azumarill, M|98\/401
|-damage|p2a: Broly UuU|48\/401|[from] Spikes
|move|p1a: Ferrothorn|Leech Seed|p2a: Broly UuU
|-start|p2a: Broly UuU|move: Leech Seed
|
|-heal|p2a: Broly UuU|369\/401|[from] move: Wish|[wisher] GorkaMorrison
|-damage|p2a: Broly UuU|319\/401|[from] Leech Seed|[of] p1a: Ferrothorn
|-heal|p1a: Ferrothorn|352\/352|[silent]
|turn|19
|join|praise magikarp
|join|Mercuriuss
|leave|praise magikarp
|
|switch|p2a: Rocket Mayol|Heatran, F|243\/323
|-damage|p2a: Rocket Mayol|203\/323|[from] Spikes
|move|p1a: Ferrothorn|Spikes|p2a: Rocket Mayol
|-sidestart|p2: (RxA)broly66573|Spikes
|
|turn|20
|
|switch|p2a: WarisNikolai|Latios, M|301\/301
|switch|p1a: Lickilicky|Lickilicky, F|349\/424
|-damage|p1a: Lickilicky|296\/424|[from] Stealth Rock
|
|-heal|p1a: Lickilicky|322\/424|[from] item: Leftovers
|turn|21
|
|move|p2a: WarisNikolai|Psyshock|p1a: Lickilicky
|-damage|p1a: Lickilicky|127\/424
|-damage|p2a: WarisNikolai|271\/301|[from] item: Life Orb
|move|p1a: Lickilicky|Wish|p1a: Lickilicky
|
|-heal|p1a: Lickilicky|153\/424|[from] item: Leftovers
|turn|22
|
|switch|p2a: GG LOVE 4EVER|Beedrill-Mega, M|238\/271
|-damage|p2a: GG LOVE 4EVER|193\/271|[from] Spikes
|move|p1a: Lickilicky|Protect|p1a: Lickilicky
|-fail|p1a: Lickilicky
|
|-heal|p1a: Lickilicky|365\/424|[from] move: Wish|[wisher] Lickilicky
|-heal|p1a: Lickilicky|391\/424|[from] item: Leftovers
|turn|23
|
|switch|p1a: Ferrothorn|Ferrothorn, F|352\/352
|-damage|p1a: Ferrothorn|330\/352|[from] Stealth Rock
|move|p2a: GG LOVE 4EVER|U-turn|p1a: Ferrothorn
|-damage|p1a: Ferrothorn|186\/352
|-damage|p2a: GG LOVE 4EVER|160\/271|[from] ability: Iron Barbs|[of] p1a: Ferrothorn
|
|switch|p2a: Rocket Mayol|Heatran, F|203\/323
|-damage|p2a: Rocket Mayol|150\/323|[from] Spikes
|
|turn|24
|
|switch|p1a: Lickilicky|Lickilicky, F|391\/424
|-damage|p1a: Lickilicky|338\/424|[from] Stealth Rock
|move|p2a: Rocket Mayol|Overheat|p1a: Lickilicky
|-damage|p1a: Lickilicky|179\/424
|-unboost|p2a: Rocket Mayol|spa|2
|
|-heal|p1a: Lickilicky|205\/424|[from] item: Leftovers
|turn|25
|join|zud85
|join|Arima kai~
|join|DisfrutaDeLaDisco
|
|switch|p2a: GorkaMorrison|Chansey, F|562\/642
|-damage|p2a: GorkaMorrison|455\/642|[from] Spikes
|move|p1a: Lickilicky|Wish|p1a: Lickilicky
|
|-heal|p1a: Lickilicky|231\/424|[from] item: Leftovers
|turn|26
|
|move|p2a: GorkaMorrison|Wish|p2a: GorkaMorrison
|move|p1a: Lickilicky|Knock Off|p2a: GorkaMorrison
|-damage|p2a: GorkaMorrison|369\/642
|-enditem|p2a: GorkaMorrison|Eviolite|[from] move: Knock Off|[of] p1a: Lickilicky
|
|-heal|p1a: Lickilicky|424\/424|[from] move: Wish|[wisher] Lickilicky
|turn|27
|leave|CharlieAdam
|
|switch|p2a: Rocket Mayol|Heatran, F|150\/323
|-damage|p2a: Rocket Mayol|97\/323|[from] Spikes
|move|p1a: Lickilicky|Wish|p1a: Lickilicky
|
|-heal|p2a: Rocket Mayol|323\/323|[from] move: Wish|[wisher] GorkaMorrison
|turn|28
|join|ââCrazyTomeuââ
|leave|Arima kai~
|join|Arcaninseanps92
|leave|ââCrazyTomeuââ
|join|NicoTheReaper
|
|switch|p2a: GorkaMorrison|Chansey, F|369\/642
|-damage|p2a: GorkaMorrison|262\/642|[from] Spikes
|switch|p1a: Gyarados|Gyarados-Mega, M|218\/393
|-damage|p1a: Gyarados|169\/393|[from] Stealth Rock
|-ability|p1a: Gyarados|Mold Breaker
|
|-heal|p1a: Gyarados|381\/393|[from] move: Wish|[wisher] Lickilicky
|turn|29
|join|CharlieAdam
|join|CH Silvyo
|
|move|p1a: Gyarados|Taunt|p2a: GorkaMorrison
|-start|p2a: GorkaMorrison|move: Taunt
|cant|p2a: GorkaMorrison|move: Taunt|Wish
|
|turn|30
|
|switch|p2a: GG LOVE 4EVER|Beedrill-Mega, M|160\/271
|-damage|p2a: GG LOVE 4EVER|115\/271|[from] Spikes
|move|p1a: Gyarados|Crunch|p2a: GG LOVE 4EVER
|-damage|p2a: GG LOVE 4EVER|0 fnt
|faint|p2a: GG LOVE 4EVER
|
|
|switch|p2a: Broly UuU|Azumarill, M|319\/401
|-damage|p2a: Broly UuU|253\/401|[from] Spikes
|turn|31
|
|switch|p1a: Ferrothorn|Ferrothorn, F|186\/352
|-damage|p1a: Ferrothorn|164\/352|[from] Stealth Rock
|move|p2a: Broly UuU|Play Rough|p1a: Ferrothorn
|-resisted|p1a: Ferrothorn
|-damage|p1a: Ferrothorn|93\/352
|-damage|p2a: Broly UuU|203\/401|[from] ability: Iron Barbs|[of] p1a: Ferrothorn
|
|turn|32
|leave|NicoTheReaper
|
|switch|p2a: Rocket Mayol|Heatran, F|323\/323
|-damage|p2a: Rocket Mayol|270\/323|[from] Spikes
|move|p1a: Ferrothorn|Leech Seed|p2a: Rocket Mayol
|-start|p2a: Rocket Mayol|move: Leech Seed
|
|-damage|p2a: Rocket Mayol|230\/323|[from] Leech Seed|[of] p1a: Ferrothorn
|-heal|p1a: Ferrothorn|133\/352|[silent]
|turn|33
|
|switch|p2a: Broly UuU|Azumarill, M|203\/401
|-damage|p2a: Broly UuU|137\/401|[from] Spikes
|switch|p1a: Gyarados|Gyarados-Mega, M|381\/393
|-damage|p1a: Gyarados|332\/393|[from] Stealth Rock
|-ability|p1a: Gyarados|Mold Breaker
|
|turn|34
|
|move|p1a: Gyarados|Earthquake|p2a: Broly UuU
|-damage|p2a: Broly UuU|0 fnt
|faint|p2a: Broly UuU
|
|
|switch|p2a: WarisNikolai|Latios, M|271\/301
|turn|35
|
|switch|p1a: Bronzong|Bronzong|338\/338
|-damage|p1a: Bronzong|317\/338|[from] Stealth Rock
|move|p2a: WarisNikolai|Draco Meteor|p1a: Bronzong
|-resisted|p1a: Bronzong
|-damage|p1a: Bronzong|201\/338
|-unboost|p2a: WarisNikolai|spa|2
|-damage|p2a: WarisNikolai|241\/301|[from] item: Life Orb
|
|-heal|p1a: Bronzong|222\/338|[from] item: Leftovers
|turn|36
|join|Municipal Waste
|join|praise magikarp
|
|switch|p2a: Rocket Mayol|Heatran, F|230\/323
|-damage|p2a: Rocket Mayol|177\/323|[from] Spikes
|move|p1a: Bronzong|Gyro Ball|p2a: Rocket Mayol
|-resisted|p2a: Rocket Mayol
|-damage|p2a: Rocket Mayol|142\/323
|
|-heal|p1a: Bronzong|243\/338|[from] item: Leftovers
|turn|37
|join|aguila74
|leave|praise magikarp
|
|switch|p1a: Lickilicky|Lickilicky, F|424\/424
|-damage|p1a: Lickilicky|371\/424|[from] Stealth Rock
|move|p2a: Rocket Mayol|Overheat|p1a: Lickilicky
|-damage|p1a: Lickilicky|197\/424
|-unboost|p2a: Rocket Mayol|spa|2
|
|-heal|p1a: Lickilicky|223\/424|[from] item: Leftovers
|turn|38
|join|Valaar Morghulis
|
|switch|p2a: WarisNikolai|Latios, M|241\/301
|move|p1a: Lickilicky|Wish|p1a: Lickilicky
|
|-heal|p1a: Lickilicky|249\/424|[from] item: Leftovers
|turn|39
|leave|The Power Of Love
|
|move|p1a: Lickilicky|Protect|p1a: Lickilicky
|-singleturn|p1a: Lickilicky|Protect
|move|p2a: WarisNikolai|Defog|p1a: Lickilicky
|-activate|p1a: Lickilicky|Protect
|
|-heal|p1a: Lickilicky|424\/424|[from] move: Wish|[wisher] Lickilicky
|turn|40
|
|move|p2a: WarisNikolai|Defog|p1a: Lickilicky
|-unboost|p1a: Lickilicky|evasion|1
|-sideend|p1: poek69x|Stealth Rock|[from] move: Defog|[of] p1a: Lickilicky
|-sideend|p2: (RxA)broly66573|Spikes|[from] move: Defog|[of] p2a: WarisNikolai
|move|p1a: Lickilicky|Knock Off|p2a: WarisNikolai
|-supereffective|p2a: WarisNikolai
|-damage|p2a: WarisNikolai|83\/301
|-enditem|p2a: WarisNikolai|Life Orb|[from] move: Knock Off|[of] p1a: Lickilicky
|
|turn|41
|
|switch|p1a: Bronzong|Bronzong|243\/338
|move|p2a: WarisNikolai|Roost|p2a: WarisNikolai
|-heal|p2a: WarisNikolai|234\/301
|
|-heal|p1a: Bronzong|264\/338|[from] item: Leftovers
|turn|42
|
|switch|p2a: GorkaMorrison|Chansey, F|262\/642
|move|p1a: Bronzong|Stealth Rock|p2a: GorkaMorrison
|-sidestart|p2: (RxA)broly66573|move: Stealth Rock
|
|-heal|p1a: Bronzong|285\/338|[from] item: Leftovers
|turn|43
|
|switch|p1a: Gyarados|Gyarados-Mega, M|332\/393
|-ability|p1a: Gyarados|Mold Breaker
|move|p2a: GorkaMorrison|Wish|p2a: GorkaMorrison
|
|turn|44
|join|Arima kai~
|
|move|p1a: Gyarados|Crunch|p2a: GorkaMorrison
|-damage|p2a: GorkaMorrison|0 fnt
|faint|p2a: GorkaMorrison
|
|
|switch|p2a: WarisNikolai|Latios, M|234\/301
|-damage|p2a: WarisNikolai|197\/301|[from] Stealth Rock
|turn|45
|
|switch|p1a: Bronzong|Bronzong|285\/338
|move|p2a: WarisNikolai|Draco Meteor|p1a: Bronzong
|-resisted|p1a: Bronzong
|-damage|p1a: Bronzong|198\/338
|-unboost|p2a: WarisNikolai|spa|2
|
|-heal|p1a: Bronzong|219\/338|[from] item: Leftovers
|turn|46
|
|switch|p2a: Rocket Mayol|Heatran, F|142\/323
|-damage|p2a: Rocket Mayol|102\/323|[from] Stealth Rock
|move|p1a: Bronzong|Earthquake|p2a: Rocket Mayol
|-supereffective|p2a: Rocket Mayol
|-damage|p2a: Rocket Mayol|0 fnt
|faint|p2a: Rocket Mayol
|
|-heal|p1a: Bronzong|240\/338|[from] item: Leftovers
|c| zud85|loooool
|
|switch|p2a: WarisNikolai|Latios, M|197\/301
|-damage|p2a: WarisNikolai|160\/301|[from] Stealth Rock
|turn|47
|c|â(RxA)broly66573|:I
|
|move|p2a: WarisNikolai|Draco Meteor|p1a: Bronzong
|-resisted|p1a: Bronzong
|-damage|p1a: Bronzong|153\/338
|-unboost|p2a: WarisNikolai|spa|2
|move|p1a: Bronzong|Gyro Ball|p2a: WarisNikolai
|-damage|p2a: WarisNikolai|0 fnt
|faint|p2a: WarisNikolai
|
|win|poek69x
|c|â(RxA)broly66573|gg
|c|âpoek69x|gg
|leave|(RxA)broly66573
|player|p2
|leave|DisfrutaDeLaDisco
|leave|azogue
|leave|â¡DÎ±rk~SÃ¸ul'sâ¡
|leave|Mercuriuss
|leave|CharlieAdam
|leave|Municipal Waste
|leave|Arima kai~
|leave|zud85
|leave|aguila74
|leave|Valaar Morghulis