|join|Photocopied
|join|sallmo
|player|p1|Photocopied|265
|player|p2|sallmo|265
|gametype|singles
|gen|6
|tier|OU
|rated
|clearpoke
|poke|p1|Cloyster, F
|poke|p1|Entei, shiny
|poke|p1|Mew
|poke|p1|Honchkrow, M
|poke|p1|Starmie
|poke|p1|Diancie
|poke|p2|Gallade, M
|poke|p2|Bisharp, M
|poke|p2|Sylveon, F
|poke|p2|Rotom-Wash
|poke|p2|Landorus-Therian, M
|poke|p2|Latios, M
|rule|Swagger Clause: Swagger is banned
|rule|Baton Pass Clause: Limit one PokÃ©mon knowing Baton Pass
|rule|Sleep Clause Mod: Limit one foe put to sleep
|rule|Species Clause: Limit one of each PokÃ©mon
|rule|OHKO Clause: OHKO moves are banned
|rule|Moody Clause: Moody is banned
|rule|Evasion Moves Clause: Evasion moves are banned
|rule|Endless Battle Clause: Forcing endless battles is banned
|rule|HP Percentage Mod: HP is shown in percentages
|teampreview
|
|start
|switch|p1a: Diancie|Diancie|241\/241
|switch|p2a: Rotom-Wash|Rotom-Wash|303\/303
|turn|1
|
|switch|p1a: Mew|Mew|404\/404
|move|p2a: Rotom-Wash|Hydro Pump|p1a: Mew
|-damage|p1a: Mew|277\/404
|
|turn|2
|
|move|p1a: Mew|Stealth Rock|p2a: Rotom-Wash
|-sidestart|p2: sallmo|move: Stealth Rock
|move|p2a: Rotom-Wash|Volt Switch|p1a: Mew
|-damage|p1a: Mew|195\/404
|
|switch|p2a: Bisharp|Bisharp, M|271\/271
|-damage|p2a: Bisharp|255\/271|[from] Stealth Rock
|
|turn|3
|
|move|p1a: Mew|Thunder Wave|p2a: Bisharp
|-status|p2a: Bisharp|par
|move|p2a: Bisharp|Knock Off|p1a: Mew
|-crit|p1a: Mew
|-supereffective|p1a: Mew
|-damage|p1a: Mew|0 fnt
|-enditem|p1a: Mew|Mental Herb|[from] move: Knock Off|[of] p2a: Bisharp
|faint|p1a: Mew
|
|
|switch|p1a: Entei|Entei, shiny|385\/385
|-ability|p1a: Entei|Pressure
|turn|4
|
|switch|p2a: Rotom-Wash|Rotom-Wash|303\/303
|-damage|p2a: Rotom-Wash|266\/303|[from] Stealth Rock
|move|p1a: Entei|Sacred Fire|p2a: Rotom-Wash
|-crit|p2a: Rotom-Wash
|-resisted|p2a: Rotom-Wash
|-damage|p2a: Rotom-Wash|144\/303
|-damage|p1a: Entei|347\/385|[from] item: Life Orb
|
|-heal|p2a: Rotom-Wash|162\/303|[from] item: Leftovers
|turn|5
|
|move|p1a: Entei|Extreme Speed|p2a: Rotom-Wash
|-damage|p2a: Rotom-Wash|74\/303
|-damage|p1a: Entei|309\/385|[from] item: Life Orb
|move|p2a: Rotom-Wash|Volt Switch|p1a: Entei
|-damage|p1a: Entei|195\/385
|
|switch|p2a: Landorus-Therian|Landorus-Therian, M|382\/382
|-damage|p2a: Landorus-Therian|335\/382|[from] Stealth Rock
|-ability|p2a: Landorus-Therian|Intimidate|[of] p1a: Entei
|-unboost|p1a: Entei|atk|1
|
|-heal|p2a: Landorus-Therian|358\/382|[from] item: Leftovers
|turn|6
|
|switch|p1a: Honchkrow|Honchkrow, M|341\/341
|move|p2a: Landorus-Therian|Stone Edge|p1a: Honchkrow|[miss]
|-miss|p2a: Landorus-Therian|p1a: Honchkrow
|
|-heal|p2a: Landorus-Therian|381\/382|[from] item: Leftovers
|turn|7
|
|move|p1a: Honchkrow|Brave Bird|p2a: Landorus-Therian
|-damage|p2a: Landorus-Therian|155\/382
|-damage|p1a: Honchkrow|266\/341|[from] recoil|[of] p2a: Landorus-Therian
|-damage|p1a: Honchkrow|232\/341|[from] item: Life Orb
|move|p2a: Landorus-Therian|U-turn|p1a: Honchkrow
|-damage|p1a: Honchkrow|114\/341
|
|switch|p2a: Sylveon|Sylveon, F|394\/394
|-damage|p2a: Sylveon|345\/394|[from] Stealth Rock
|
|-heal|p2a: Sylveon|369\/394|[from] item: Leftovers
|turn|8
|
|move|p1a: Honchkrow|Brave Bird|p2a: Sylveon
|-damage|p2a: Sylveon|57\/394
|-damage|p1a: Honchkrow|11\/341|[from] recoil|[of] p2a: Sylveon
|-damage|p1a: Honchkrow|0 fnt|[from] item: Life Orb
|faint|p1a: Honchkrow
|move|p2a: Sylveon|Hyper Voice|p1: Honchkrow|[notarget]
|-notarget
|
|-heal|p2a: Sylveon|81\/394|[from] item: Leftovers
|
|switch|p1a: Entei|Entei, shiny|195\/385
|-ability|p1a: Entei|Pressure
|turn|9
|
|switch|p2a: Latios|Latios, M|301\/301
|-damage|p2a: Latios|264\/301|[from] Stealth Rock
|move|p1a: Entei|Sacred Fire|p2a: Latios|[miss]
|-miss|p1a: Entei|p2a: Latios
|
|turn|10
|
|move|p2a: Latios|Defog|p1a: Entei
|-unboost|p1a: Entei|evasion|1
|-sideend|p2: sallmo|Stealth Rock|[from] move: Defog|[of] p2a: Latios
|move|p1a: Entei|Toxic|p2a: Latios
|-status|p2a: Latios|tox
|
|-damage|p2a: Latios|246\/301 tox|[from] psn
|turn|11
|
|move|p1a: Entei|Extreme Speed|p2a: Latios
|-damage|p2a: Latios|74\/301 tox
|-damage|p1a: Entei|157\/385|[from] item: Life Orb
|move|p2a: Latios|Earthquake|p1a: Entei
|-supereffective|p1a: Entei
|-damage|p1a: Entei|0 fnt
|-damage|p2a: Latios|44\/301 tox|[from] item: Life Orb
|faint|p1a: Entei
|
|-damage|p2a: Latios|8\/301 tox|[from] psn
|
|switch|p1a: Cloyster|Cloyster, F|241\/241
|turn|12
|
|move|p2a: Latios|Draco Meteor|p1a: Cloyster
|-crit|p1a: Cloyster
|-damage|p1a: Cloyster|0 fnt
|-unboost|p2a: Latios|spa|2
|-damage|p2a: Latios|0 fnt|[from] item: Life Orb
|faint|p1a: Cloyster
|faint|p2a: Latios
|
|
|switch|p1a: Starmie|Starmie|261\/261
|switch|p2a: Sylveon|Sylveon, F|81\/394
|turn|13
|
|move|p1a: Starmie|Thunderbolt|p2a: Sylveon
|-damage|p2a: Sylveon|0 fnt
|-damage|p1a: Starmie|235\/261|[from] item: Life Orb
|faint|p2a: Sylveon
|
|
|switch|p2a: Bisharp|Bisharp, M|255\/271 par
|turn|14
|
|move|p1a: Starmie|Hydro Pump|p2a: Bisharp
|-crit|p2a: Bisharp
|-damage|p2a: Bisharp|0 fnt
|-damage|p1a: Starmie|209\/261|[from] item: Life Orb
|faint|p2a: Bisharp
|
|
|switch|p2a: Gallade|Gallade, M|277\/277
|turn|15
|
|detailschange|p2a: Gallade|Gallade-Mega, M
|-mega|p2a: Gallade|Gallade|Galladite
|move|p1a: Starmie|Thunderbolt|p2a: Gallade
|-damage|p2a: Gallade|174\/277
|-damage|p1a: Starmie|183\/261|[from] item: Life Orb
|move|p2a: Gallade|Knock Off|p1a: Starmie
|-crit|p1a: Starmie
|-supereffective|p1a: Starmie
|-damage|p1a: Starmie|0 fnt
|-enditem|p1a: Starmie|Life Orb|[from] move: Knock Off|[of] p2a: Gallade
|faint|p1a: Starmie
|
|
|switch|p1a: Diancie|Diancie|241\/241
|turn|16
|
|detailschange|p1a: Diancie|Diancie-Mega
|-mega|p1a: Diancie|Diancie|Diancite
|move|p2a: Gallade|Zen Headbutt|p1a: Diancie
|-damage|p1a: Diancie|81\/241
|cant|p1a: Diancie|flinch
|
|turn|17
|
|move|p2a: Gallade|Zen Headbutt|p1a: Diancie
|-crit|p1a: Diancie
|-damage|p1a: Diancie|0 fnt
|faint|p1a: Diancie
|
|win|sallmo
|raw|Ladder updating...
|raw|Photocopied's rating: 1593 &rarr; <strong>1566<\/strong><br \/>(-27 for losing)
|raw|sallmo's rating: 1472 &rarr; <strong>1498<\/strong><br \/>(+26 for winning)
|c|âPhotocopied|speed tie...
|leave|Photocopied
|player|p1