|join|Photocopied
|join|Leland527
|player|p1|Photocopied|1
|player|p2|Leland527|126
|gametype|singles
|gen|6
|tier|OU
|rated
|clearpoke
|poke|p1|Heatran, M, shiny
|poke|p1|Ferrothorn, M
|poke|p1|Slowbro, M
|poke|p1|Clefable, M
|poke|p1|Gliscor, F
|poke|p1|Sableye, M
|poke|p2|Bisharp, F, shiny
|poke|p2|Gengar, M
|poke|p2|Manectric, M, shiny
|poke|p2|Landorus-Therian, M, shiny
|poke|p2|Mamoswine, F
|poke|p2|Azumarill, M, shiny
|rule|Swagger Clause: Swagger is banned
|rule|Baton Pass Clause: Limit one PokÃ©mon knowing Baton Pass
|rule|Sleep Clause Mod: Limit one foe put to sleep
|rule|Species Clause: Limit one of each PokÃ©mon
|rule|OHKO Clause: OHKO moves are banned
|rule|Moody Clause: Moody is banned
|rule|Evasion Moves Clause: Evasion moves are banned
|rule|Endless Battle Clause: Forcing endless battles is banned
|rule|HP Percentage Mod: HP is shown in percentages
|teampreview
|c|âLeland527|ewwww u have like my four least favorite pokes
|c|âLeland527|jk glhf
|
|start
|switch|p1a: Sableye|Sableye, M|304\/304
|switch|p2a: Manectric|Manectric, M, shiny|281\/281
|turn|1
|
|detailschange|p2a: Manectric|Manectric-Mega, M, shiny
|-mega|p2a: Manectric|Manectric|Manectite
|-ability|p2a: Manectric|Intimidate|[of] p1a: Sableye
|-unboost|p1a: Sableye|atk|1
|move|p1a: Sableye|Will-O-Wisp|p2a: Manectric
|-status|p2a: Manectric|brn
|move|p2a: Manectric|Volt Switch|p1a: Sableye
|-damage|p1a: Sableye|169\/304
|
|switch|p2a: Gengar|Gengar, M|262\/262
|
|turn|2
|
|detailschange|p1a: Sableye|Sableye-Mega, M
|-mega|p1a: Sableye|Sableye|Sablenite
|move|p1a: Sableye|Recover|p1a: Sableye
|-heal|p1a: Sableye|304\/304
|move|p2a: Gengar|Shadow Ball|p1a: Sableye
|-damage|p1a: Sableye|162\/304
|-unboost|p1a: Sableye|spd|1
|-damage|p2a: Gengar|236\/262|[from] item: Life Orb
|
|turn|3
|
|switch|p1a: Heatran|Heatran, M, shiny|385\/385
|move|p2a: Gengar|Shadow Ball|p1a: Heatran
|-damage|p1a: Heatran|255\/385
|-unboost|p1a: Heatran|spd|1
|-damage|p2a: Gengar|210\/262|[from] item: Life Orb
|
|-heal|p1a: Heatran|279\/385|[from] item: Leftovers
|turn|4
|c|âLeland527|lol these hax are killin you
|c|âLeland527|sorry man
|
|switch|p1a: Gliscor|Gliscor, F|352\/352
|move|p2a: Gengar|Focus Blast|p1a: Gliscor
|-resisted|p1a: Gliscor
|-damage|p1a: Gliscor|270\/352
|-damage|p2a: Gengar|184\/262|[from] item: Life Orb
|
|-status|p1a: Gliscor|tox|[from] item: Toxic Orb
|turn|5
|
|move|p2a: Gengar|Shadow Ball|p1a: Gliscor
|-damage|p1a: Gliscor|89\/352 tox
|-damage|p2a: Gengar|158\/262|[from] item: Life Orb
|move|p1a: Gliscor|Roost|p1a: Gliscor
|-heal|p1a: Gliscor|265\/352 tox
|
|-heal|p1a: Gliscor|309\/352 tox|[from] ability: Poison Heal
|turn|6
|
|move|p2a: Gengar|Shadow Ball|p1a: Gliscor
|-damage|p1a: Gliscor|134\/352 tox
|-damage|p2a: Gengar|132\/262|[from] item: Life Orb
|move|p1a: Gliscor|Roost|p1a: Gliscor
|-heal|p1a: Gliscor|310\/352 tox
|
|-heal|p1a: Gliscor|352\/352 tox|[from] ability: Poison Heal
|turn|7
|
|move|p2a: Gengar|Shadow Ball|p1a: Gliscor
|-damage|p1a: Gliscor|195\/352 tox
|-damage|p2a: Gengar|106\/262|[from] item: Life Orb
|move|p1a: Gliscor|Swords Dance|p1a: Gliscor
|-boost|p1a: Gliscor|atk|2
|
|-heal|p1a: Gliscor|239\/352 tox|[from] ability: Poison Heal
|turn|8
|
|move|p2a: Gengar|Shadow Ball|p1a: Gliscor
|-damage|p1a: Gliscor|82\/352 tox
|-damage|p2a: Gengar|80\/262|[from] item: Life Orb
|move|p1a: Gliscor|Roost|p1a: Gliscor
|-heal|p1a: Gliscor|258\/352 tox
|
|-heal|p1a: Gliscor|302\/352 tox|[from] ability: Poison Heal
|turn|9
|c|âLeland527|ooo i like it
|
|move|p2a: Gengar|Destiny Bond|p2a: Gengar
|-singlemove|p2a: Gengar|Destiny Bond
|move|p1a: Gliscor|Roost|p1a: Gliscor
|-heal|p1a: Gliscor|352\/352 tox
|
|turn|10
|
|move|p2a: Gengar|Destiny Bond|p2a: Gengar
|-singlemove|p2a: Gengar|Destiny Bond
|move|p1a: Gliscor|Swords Dance|p1a: Gliscor
|-boost|p1a: Gliscor|atk|2
|
|turn|11
|
|move|p2a: Gengar|Shadow Ball|p1a: Gliscor
|-damage|p1a: Gliscor|173\/352 tox
|-unboost|p1a: Gliscor|spd|1
|-damage|p2a: Gengar|54\/262|[from] item: Life Orb
|move|p1a: Gliscor|Swords Dance|p1a: Gliscor
|-boost|p1a: Gliscor|atk|2
|
|-heal|p1a: Gliscor|217\/352 tox|[from] ability: Poison Heal
|turn|12
|
|switch|p1a: Clefable|Clefable, M|394\/394
|move|p2a: Gengar|Shadow Ball|p1a: Clefable
|-damage|p1a: Clefable|229\/394
|-damage|p2a: Gengar|28\/262|[from] item: Life Orb
|
|-heal|p1a: Clefable|253\/394|[from] item: Leftovers
|turn|13
|c|âLeland527|i knew it would happen eventually
|
|switch|p1a: Gliscor|Gliscor, F|217\/352 tox
|move|p2a: Gengar|Sludge Wave|p1a: Gliscor
|-resisted|p1a: Gliscor
|-damage|p1a: Gliscor|123\/352 tox
|-damage|p2a: Gengar|2\/262|[from] item: Life Orb
|
|-heal|p1a: Gliscor|167\/352 tox|[from] ability: Poison Heal
|turn|14
|
|switch|p1a: Ferrothorn|Ferrothorn, M|352\/352
|move|p2a: Gengar|Shadow Ball|p1a: Ferrothorn
|-damage|p1a: Ferrothorn|219\/352
|-damage|p2a: Gengar|0 fnt|[from] item: Life Orb
|faint|p2a: Gengar
|
|-heal|p1a: Ferrothorn|241\/352|[from] item: Leftovers
|
|switch|p2a: Manectric|Manectric-Mega, M, shiny|281\/281 brn
|-ability|p2a: Manectric|Intimidate|[of] p1a: Ferrothorn
|-unboost|p1a: Ferrothorn|atk|1
|turn|15
|
|move|p1a: Ferrothorn|Protect|p1a: Ferrothorn
|-singleturn|p1a: Ferrothorn|Protect
|move|p2a: Manectric|Volt Switch|p1a: Ferrothorn
|-activate|p1a: Ferrothorn|Protect
|
|-heal|p1a: Ferrothorn|263\/352|[from] item: Leftovers
|-damage|p2a: Manectric|246\/281 brn|[from] brn
|turn|16
|
|switch|p1a: Heatran|Heatran, M, shiny|279\/385
|move|p2a: Manectric|Flamethrower|p1a: Heatran
|-start|p1a: Heatran|ability: Flash Fire
|
|-heal|p1a: Heatran|303\/385|[from] item: Leftovers
|-damage|p2a: Manectric|211\/281 brn|[from] brn
|turn|17
|c|âLeland527|ooo these reads
|
|move|p2a: Manectric|Volt Switch|p1a: Heatran
|-crit|p1a: Heatran
|-damage|p1a: Heatran|173\/385
|
|switch|p2a: Landorus-Therian|Landorus-Therian, M, shiny|320\/320
|-ability|p2a: Landorus-Therian|Intimidate|[of] p1a: Heatran
|-unboost|p1a: Heatran|atk|1
|move|p1a: Heatran|Lava Plume|p2a: Landorus-Therian
|-damage|p2a: Landorus-Therian|106\/320
|
|-heal|p1a: Heatran|197\/385|[from] item: Leftovers
|turn|18
|
|switch|p1a: Gliscor|Gliscor, F|167\/352 tox
|move|p2a: Landorus-Therian|U-turn|p1a: Gliscor
|-resisted|p1a: Gliscor
|-damage|p1a: Gliscor|129\/352 tox
|
|switch|p2a: Azumarill|Azumarill, M, shiny|342\/342
|
|-heal|p1a: Gliscor|173\/352 tox|[from] ability: Poison Heal
|turn|19
|
|switch|p1a: Ferrothorn|Ferrothorn, M|263\/352
|move|p2a: Azumarill|Belly Drum|p2a: Azumarill
|-damage|p2a: Azumarill|171\/342
|-setboost|p2a: Azumarill|atk|6|[from] move: Belly Drum
|-enditem|p2a: Azumarill|Sitrus Berry|[eat]
|-heal|p2a: Azumarill|256\/342|[from] item: Sitrus Berry
|
|-heal|p1a: Ferrothorn|285\/352|[from] item: Leftovers
|turn|20
|
|move|p2a: Azumarill|Knock Off|p1a: Ferrothorn
|-damage|p1a: Ferrothorn|0 fnt
|-damage|p2a: Azumarill|214\/342|[from] ability: Iron Barbs|[of] p1a: Ferrothorn
|-enditem|p1a: Ferrothorn|Leftovers|[from] move: Knock Off|[of] p2a: Azumarill
|faint|p1a: Ferrothorn
|
|
|switch|p1a: Sableye|Sableye-Mega, M|162\/304
|turn|21
|
|move|p2a: Azumarill|Play Rough|p1a: Sableye
|-supereffective|p1a: Sableye
|-damage|p1a: Sableye|0 fnt
|faint|p1a: Sableye
|
|
|switch|p1a: Gliscor|Gliscor, F|173\/352 tox
|turn|22
|
|move|p2a: Azumarill|Aqua Jet|p1a: Gliscor
|-supereffective|p1a: Gliscor
|-damage|p1a: Gliscor|0 fnt
|faint|p1a: Gliscor
|
|
|switch|p1a: Slowbro|Slowbro, M|394\/394
|turn|23
|
|move|p2a: Azumarill|Knock Off|p1a: Slowbro
|-supereffective|p1a: Slowbro
|-damage|p1a: Slowbro|0 fnt
|-enditem|p1a: Slowbro|Leftovers|[from] move: Knock Off|[of] p2a: Azumarill
|faint|p1a: Slowbro
|
|-message|Photocopied forfeited.
|
|win|Leland527
|raw|Ladder updating...
|leave|Photocopied
|player|p1
|raw|Photocopied's rating: 1391 &rarr; <strong>1370<\/strong><br \/>(-21 for losing)
|raw|Leland527's rating: 1371 &rarr; <strong>1392<\/strong><br \/>(+21 for winning)
|c|âLeland527|gg