|join|Casual Tester
|join|TEOA 2
|player|p1|Casual Tester|170
|player|p2|TEOA 2|274
|gametype|singles
|gen|6
|tier|UU
|rated
|rule|Sleep Clause Mod: Limit one foe put to sleep
|rule|Species Clause: Limit one of each PokÃ©mon
|rule|OHKO Clause: OHKO moves are banned
|rule|Moody Clause: Moody is banned
|rule|Evasion Moves Clause: Evasion moves are banned
|rule|Endless Battle Clause: Forcing endless battles is banned
|rule|HP Percentage Mod: HP is shown in percentages
|clearpoke
|poke|p1|Espeon, F
|poke|p1|Lucario, M
|poke|p1|Absol, M
|poke|p1|Haxorus, F
|poke|p1|Cloyster, M
|poke|p1|Lilligant, F
|poke|p2|Aerodactyl, F, shiny
|poke|p2|Gallade, M
|poke|p2|Cresselia, F
|poke|p2|Volbeat, M
|poke|p2|Umbreon, F, shiny
|poke|p2|Alakazam, M
|rule|Swagger Clause: Swagger is banned
|rule|Baton Pass Clause: Limit one PokÃ©mon knowing Baton Pass
|teampreview
|
|start
|switch|p1a: Cloyster|Cloyster, M|241\/241
|switch|p2a: Alakazam|Alakazam, M|252\/252
|turn|1
|
|move|p1a: Cloyster|Ice Shard|p2a: Alakazam
|-damage|p2a: Alakazam|111\/252
|move|p2a: Alakazam|Focus Blast|p1a: Cloyster
|-supereffective|p1a: Cloyster
|-damage|p1a: Cloyster|0 fnt
|faint|p1a: Cloyster
|
|
|switch|p1a: Lucario|Lucario, M|281\/281
|turn|2
|
|switch|p2a: Cresselia|Cresselia, F|444\/444
|move|p1a: Lucario|Bullet Punch|p2a: Cresselia
|-damage|p2a: Cresselia|366\/444
|-damage|p1a: Lucario|253\/281|[from] item: Life Orb
|
|turn|3
|
|switch|p1a: Absol|Absol, M|271\/271
|switch|p2a: Alakazam|Alakazam, M|111\/252
|
|turn|4
|
|switch|p2a: Volbeat|Volbeat, M|334\/334
|detailschange|p1a: Absol|Absol-Mega, M
|message|Absol has Mega Evolved into Mega Absol!
|move|p1a: Absol|Sucker Punch|p2a: Volbeat
|-fail|p2a: Volbeat
|
|turn|5
|
|move|p2a: Volbeat|Substitute|p2a: Volbeat
|-start|p2a: Volbeat|Substitute
|-damage|p2a: Volbeat|251\/334
|move|p1a: Absol|Knock Off|p2a: Volbeat
|-end|p2a: Volbeat|Substitute
|
|turn|6
|
|switch|p2a: Aerodactyl|Aerodactyl, F, shiny|302\/302
|-ability|p2a: Aerodactyl|Pressure
|move|p1a: Absol|Knock Off|p2a: Aerodactyl
|-damage|p2a: Aerodactyl|106\/302
|
|turn|7
|
|switch|p2a: Gallade|Gallade, M|340\/340
|move|p1a: Absol|Sucker Punch|p2a: Gallade
|-fail|p2a: Gallade
|
|turn|8
|
|move|p1a: Absol|Knock Off|p2a: Gallade
|-damage|p2a: Gallade|54\/340
|-boost|p2a: Gallade|atk|1|[from] ability: Justified
|-enditem|p2a: Gallade|Leftovers|[from] move: Knock Off|[of] p1a: Absol
|move|p2a: Gallade|Drain Punch|p1a: Absol
|-supereffective|p1a: Absol
|-damage|p1a: Absol|0 fnt
|-heal|p2a: Gallade|190\/340|[from] drain|[of] p1a: Absol
|faint|p1a: Absol
|
|
|switch|p1a: Lucario|Lucario, M|253\/281
|turn|9
|
|move|p1a: Lucario|Extreme Speed|p2a: Gallade
|-damage|p2a: Gallade|16\/340
|-damage|p1a: Lucario|225\/281|[from] item: Life Orb
|move|p2a: Gallade|Drain Punch|p1a: Lucario
|-supereffective|p1a: Lucario
|-damage|p1a: Lucario|0 fnt
|-heal|p2a: Gallade|129\/340|[from] drain|[of] p1a: Lucario
|faint|p1a: Lucario
|
|
|switch|p1a: Espeon|Espeon, F|271\/271
|turn|10
|
|move|p1a: Espeon|Reflect|p1a: Espeon
|-sidestart|p1: Casual Tester|Reflect
|move|p2a: Gallade|Knock Off|p1a: Espeon
|-supereffective|p1a: Espeon
|-damage|p1a: Espeon|65\/271
|-enditem|p1a: Espeon|Light Clay|[from] move: Knock Off|[of] p2a: Gallade
|
|turn|11
|
|move|p1a: Espeon|Psychic|p2a: Gallade
|-damage|p2a: Gallade|20\/340
|-unboost|p2a: Gallade|spd|1
|move|p2a: Gallade|Knock Off|p1a: Espeon
|-supereffective|p1a: Espeon
|-damage|p1a: Espeon|0 fnt
|faint|p1a: Espeon
|
|
|switch|p1a: Lilligant|Lilligant, F|311\/311
|turn|12
|
|move|p1a: Lilligant|Sleep Powder|p2a: Gallade|[miss]
|-miss|p1a: Lilligant|p2a: Gallade
|move|p2a: Gallade|Knock Off|p1a: Lilligant
|-damage|p1a: Lilligant|230\/311
|-enditem|p1a: Lilligant|Leftovers|[from] move: Knock Off|[of] p2a: Gallade
|
|turn|13
|
|move|p1a: Lilligant|Quiver Dance|p1a: Lilligant
|-boost|p1a: Lilligant|spa|1
|-boost|p1a: Lilligant|spd|1
|-boost|p1a: Lilligant|spe|1
|move|p2a: Gallade|Ice Punch|p1a: Lilligant
|-supereffective|p1a: Lilligant
|-damage|p1a: Lilligant|110\/311
|
|turn|14
|
|move|p1a: Lilligant|Hidden Power|p2a: Gallade
|-resisted|p2a: Gallade
|-damage|p2a: Gallade|0 fnt
|faint|p2a: Gallade
|
|
|switch|p2a: Aerodactyl|Aerodactyl, F, shiny|106\/302
|-ability|p2a: Aerodactyl|Pressure
|turn|15
|
|detailschange|p2a: Aerodactyl|Aerodactyl-Mega, F, shiny
|message|Aerodactyl has Mega Evolved into Mega Aerodactyl!
|move|p1a: Lilligant|Sleep Powder|p2a: Aerodactyl
|-status|p2a: Aerodactyl|slp
|cant|p2a: Aerodactyl|slp
|
|turn|16
|
|switch|p2a: Volbeat|Volbeat, M|251\/334
|move|p1a: Lilligant|Quiver Dance|p1a: Lilligant
|-boost|p1a: Lilligant|spa|1
|-boost|p1a: Lilligant|spd|1
|-boost|p1a: Lilligant|spe|1
|
|turn|17
|
|move|p2a: Volbeat|Encore|p1a: Lilligant
|-start|p1a: Lilligant|Encore
|move|p1a: Lilligant|Quiver Dance|p1a: Lilligant
|-boost|p1a: Lilligant|spa|1
|-boost|p1a: Lilligant|spd|1
|-boost|p1a: Lilligant|spe|1
|
|-sideend|p1: Casual Tester|Reflect
|turn|18
|
|move|p2a: Volbeat|Substitute|p2a: Volbeat
|-start|p2a: Volbeat|Substitute
|-damage|p2a: Volbeat|168\/334
|move|p1a: Lilligant|Quiver Dance|p1a: Lilligant
|-boost|p1a: Lilligant|spa|1
|-boost|p1a: Lilligant|spd|1
|-boost|p1a: Lilligant|spe|1
|
|turn|19
|
|move|p2a: Volbeat|Psych Up|p1a: Lilligant
|-copyboost|p2a: Volbeat|p1a: Lilligant|[from] move: Psych Up
|move|p1a: Lilligant|Quiver Dance|p1a: Lilligant
|-boost|p1a: Lilligant|spa|1
|-boost|p1a: Lilligant|spd|1
|-boost|p1a: Lilligant|spe|1
|
|-end|p1a: Lilligant|Encore
|turn|20
|
|move|p2a: Volbeat|Encore|p1a: Lilligant
|-start|p1a: Lilligant|Encore
|move|p1a: Lilligant|Quiver Dance|p1a: Lilligant
|-boost|p1a: Lilligant|spa|1
|-boost|p1a: Lilligant|spd|1
|-boost|p1a: Lilligant|spe|1
|
|turn|21
|-message|Casual Tester forfeited.
|
|win|TEOA 2
|raw|Ladder updating...
|leave|Casual Tester
|player|p1
|raw|Casual Tester's rating: 1442 &rarr; <strong>1414<\/strong><br \/>(-28 for losing)
|raw|TEOA 2's rating: 1297 &rarr; <strong>1331<\/strong><br \/>(+34 for winning)