|join|Pleasure Kitten
|join|Casual Tester
|player|p1|Pleasure Kitten|39
|player|p2|Casual Tester|1
|gametype|singles
|gen|6
|tier|UU
|rated
|rule|Sleep Clause Mod: Limit one foe put to sleep
|rule|Species Clause: Limit one of each PokÃ©mon
|rule|OHKO Clause: OHKO moves are banned
|rule|Moody Clause: Moody is banned
|rule|Evasion Moves Clause: Evasion moves are banned
|rule|Endless Battle Clause: Forcing endless battles is banned
|rule|HP Percentage Mod: HP is shown in percentages
|clearpoke
|poke|p1|Galvantula, F
|poke|p1|Nidoking, M
|poke|p1|Aerodactyl, F
|poke|p1|Meloetta
|poke|p1|Lucario, F
|poke|p1|Shaymin
|poke|p2|Suicune
|poke|p2|Umbreon, F
|poke|p2|Donphan, M
|poke|p2|Chandelure, F
|poke|p2|Toxicroak, F
|poke|p2|Uxie
|rule|Swagger Clause: Swagger is banned
|rule|Baton Pass Clause: Limit one PokÃ©mon knowing Baton Pass
|teampreview
|join|BenzMafia
|
|start
|switch|p1a: Nidoking|Nidoking, M|304\/304
|switch|p2a: Donphan|Donphan, M|341\/341
|turn|1
|
|move|p1a: Nidoking|Ice Beam|p2a: Donphan
|-supereffective|p2a: Donphan
|-damage|p2a: Donphan|125\/341
|move|p2a: Donphan|Earthquake|p1a: Nidoking
|-supereffective|p1a: Nidoking
|-damage|p1a: Nidoking|0 fnt
|faint|p1a: Nidoking
|
|join|namehtmas
|
|switch|p1a: Aerodactyl|Aerodactyl, F|302\/302
|-ability|p1a: Aerodactyl|Pressure
|turn|2
|
|detailschange|p1a: Aerodactyl|Aerodactyl-Mega, F
|message|Aerodactyl has Mega Evolved into Mega Aerodactyl!
|move|p2a: Donphan|Ice Shard|p1a: Aerodactyl
|-supereffective|p1a: Aerodactyl
|-damage|p1a: Aerodactyl|190\/302
|move|p1a: Aerodactyl|Aqua Tail|p2a: Donphan
|-supereffective|p2a: Donphan
|-damage|p2a: Donphan|0 fnt
|faint|p2a: Donphan
|
|
|switch|p2a: Suicune|Suicune|404\/404
|-ability|p2a: Suicune|Pressure
|turn|3
|
|switch|p1a: Shaymin|Shaymin|341\/341
|move|p2a: Suicune|Ice Beam|p1a: Shaymin
|-supereffective|p1a: Shaymin
|-damage|p1a: Shaymin|205\/341
|
|turn|4
|
|switch|p1a: Galvantula|Galvantula, F|281\/281
|switch|p2a: Uxie|Uxie|354\/354
|
|turn|5
|join|sniperaim
|join|EyanZ
|
|move|p2a: Uxie|Trick|p1a: Galvantula
|-activate|p2a: Uxie|move: Trick|[of] p1a: Galvantula
|-item|p1a: Galvantula|Choice Scarf|[from] move: Trick
|-item|p2a: Uxie|Focus Sash|[from] move: Trick
|move|p1a: Galvantula|Sticky Web|p2a: Uxie
|-sidestart|p2: Casual Tester|move: Sticky Web
|
|turn|6
|
|switch|p1a: Meloetta|Meloetta|341\/341
|move|p2a: Uxie|Stealth Rock|p1a: Meloetta
|-sidestart|p1: Pleasure Kitten|move: Stealth Rock
|
|turn|7
|
|move|p1a: Meloetta|Relic Song|p2a: Uxie
|-damage|p2a: Uxie|233\/354
|-damage|p1a: Meloetta|307\/341|[from] item: Life Orb
|-formechange|p1a: Meloetta|Meloetta-Pirouette
|move|p2a: Uxie|U-turn|p1a: Meloetta
|-resisted|p1a: Meloetta
|-damage|p1a: Meloetta|279\/341
|
|switch|p2a: Toxicroak|Toxicroak, F|370\/370
|-activate|p2a: Toxicroak|move: Sticky Web
|-unboost|p2a: Toxicroak|spe|1
|
|turn|8
|
|move|p1a: Meloetta|Return|p2a: Toxicroak
|-damage|p2a: Toxicroak|49\/370
|-damage|p1a: Meloetta|245\/341|[from] item: Life Orb
|move|p2a: Toxicroak|Drain Punch|p1a: Meloetta
|-supereffective|p1a: Meloetta
|-damage|p1a: Meloetta|0 fnt
|-heal|p2a: Toxicroak|172\/370|[from] drain|[of] p1a: Meloetta
|faint|p1a: Meloetta
|
|-heal|p2a: Toxicroak|195\/370|[from] item: Black Sludge
|
|switch|p1a: Shaymin|Shaymin|205\/341
|-damage|p1a: Shaymin|163\/341|[from] Stealth Rock
|turn|9
|
|move|p2a: Toxicroak|Sucker Punch|p1a: Shaymin
|-crit|p1a: Shaymin
|-damage|p1a: Shaymin|46\/341
|move|p1a: Shaymin|Earth Power|p2a: Toxicroak
|-crit|p2a: Toxicroak
|-supereffective|p2a: Toxicroak
|-damage|p2a: Toxicroak|0 fnt
|-damage|p1a: Shaymin|12\/341|[from] item: Life Orb
|faint|p2a: Toxicroak
|
|
|switch|p2a: Uxie|Uxie|233\/354
|turn|10
|
|move|p1a: Shaymin|Healing Wish|p1a: Shaymin
|faint|p1a: Shaymin
|move|p2a: Uxie|U-turn|p1: Shaymin|[notarget]
|-notarget
|
|
|switch|p1a: Aerodactyl|Aerodactyl-Mega, F|190\/302
|-heal|p1a: Aerodactyl|302\/302|[from] move: Healing Wish
|-damage|p1a: Aerodactyl|227\/302|[from] Stealth Rock
|turn|11
|
|move|p1a: Aerodactyl|Stone Edge|p2a: Uxie
|-damage|p2a: Uxie|107\/354
|move|p2a: Uxie|Memento|p1a: Aerodactyl
|-unboost|p1a: Aerodactyl|atk|2
|-unboost|p1a: Aerodactyl|spa|2
|faint|p2a: Uxie
|
|
|switch|p2a: Suicune|Suicune|404\/404
|-activate|p2a: Suicune|move: Sticky Web
|-unboost|p2a: Suicune|spe|1
|-ability|p2a: Suicune|Pressure
|turn|12
|
|move|p1a: Aerodactyl|Taunt|p2a: Suicune
|-start|p2a: Suicune|move: Taunt
|cant|p2a: Suicune|move: Taunt|Calm Mind
|
|turn|13
|
|switch|p1a: Galvantula|Galvantula, F|281\/281
|-damage|p1a: Galvantula|211\/281|[from] Stealth Rock
|move|p2a: Suicune|Scald|p1a: Galvantula
|-crit|p1a: Galvantula
|-damage|p1a: Galvantula|0 fnt
|faint|p1a: Galvantula
|
|
|switch|p1a: Lucario|Lucario, F|281\/281
|-damage|p1a: Lucario|273\/281|[from] Stealth Rock
|turn|14
|join|kidd timelapse
|
|switch|p2a: Chandelure|Chandelure, F|261\/261
|-item|p2a: Chandelure|Air Balloon
|move|p1a: Lucario|Nasty Plot|p1a: Lucario
|-boost|p1a: Lucario|spa|2
|
|turn|15
|
|move|p2a: Chandelure|Fire Blast|p1a: Lucario
|-supereffective|p1a: Lucario
|-damage|p1a: Lucario|0 fnt
|faint|p1a: Lucario
|
|
|switch|p1a: Aerodactyl|Aerodactyl-Mega, F|227\/302
|-damage|p1a: Aerodactyl|152\/302|[from] Stealth Rock
|turn|16
|leave|kidd timelapse
|
|move|p1a: Aerodactyl|Stone Edge|p2a: Chandelure
|-supereffective|p2a: Chandelure
|-damage|p2a: Chandelure|0 fnt
|-enditem|p2a: Chandelure|Air Balloon
|faint|p2a: Chandelure
|
|
|switch|p2a: Suicune|Suicune|404\/404
|-activate|p2a: Suicune|move: Sticky Web
|-unboost|p2a: Suicune|spe|1
|-ability|p2a: Suicune|Pressure
|turn|17
|
|move|p1a: Aerodactyl|Stone Edge|p2a: Suicune
|-damage|p2a: Suicune|277\/404
|move|p2a: Suicune|Scald|p1a: Aerodactyl
|-supereffective|p1a: Aerodactyl
|-damage|p1a: Aerodactyl|0 fnt
|faint|p1a: Aerodactyl
|
|win|Casual Tester
|raw|Ladder updating...
|raw|Pleasure Kitten's rating: 1537 &rarr; <strong>1515<\/strong><br \/>(-22 for losing)
|raw|Casual Tester's rating: 1506 &rarr; <strong>1528<\/strong><br \/>(+22 for winning)
|leave|Pleasure Kitten
|player|p1
|leave|Casual Tester
|player|p2
|leave|BenzMafia