|join|SceptileMC
|join|thesecondbest
|player|p1|SceptileMC|290
|player|p2|thesecondbest|265
|gametype|singles
|gen|6
|tier|ORAS OU
|rated
|rule|Sleep Clause Mod: Limit one foe put to sleep
|rule|Species Clause: Limit one of each PokÃ©mon
|rule|OHKO Clause: OHKO moves are banned
|rule|Moody Clause: Moody is banned
|rule|Evasion Moves Clause: Evasion moves are banned
|rule|Endless Battle Clause: Forcing endless battles is banned
|rule|HP Percentage Mod: HP is shown in percentages
|clearpoke
|poke|p1|Diancie
|poke|p1|Magneton
|poke|p1|Landorus-Therian, M
|poke|p1|Ferrothorn, M
|poke|p1|Rotom-Wash
|poke|p1|Conkeldurr, M
|poke|p2|Sableye, M
|poke|p2|Skarmory, M
|poke|p2|Gliscor, F
|poke|p2|Azumarill, F
|poke|p2|Porygon2
|poke|p2|Blissey, F
|rule|Swagger Clause: Swagger is banned
|rule|Baton Pass Clause: Limit one PokÃ©mon knowing Baton Pass
|teampreview
|join|CaptainLizard
|c| CaptainLizard|mega diancie
|
|start
|switch|p1a: Rotom-Wash|Rotom-Wash|304\/304
|switch|p2a: Azumarill|Azumarill, F|399\/399
|turn|1
|c|âthesecondbest|It might not be perfect but it's hella cool to see it go from a stupid annoying wall to a rock polish sweeper :)
|
|move|p1a: Rotom-Wash|Volt Switch|p2a: Azumarill
|-supereffective|p2a: Azumarill
|-damage|p2a: Azumarill|121\/399
|
|switch|p1a: Ferrothorn|Ferrothorn, M|290\/290
|move|p2a: Azumarill|Knock Off|p1a: Ferrothorn
|-damage|p1a: Ferrothorn|210\/290
|-damage|p2a: Azumarill|72\/399|[from] ability: Iron Barbs|[of] p1a: Ferrothorn
|-damage|p2a: Azumarill|6\/399|[from] item: Rocky Helmet|[of] p1a: Ferrothorn
|-enditem|p1a: Ferrothorn|Rocky Helmet|[from] move: Knock Off|[of] p2a: Azumarill
|
|turn|2
|c|âthesecondbest|that is specs as hell
|c| CaptainLizard|mega diancie is mos def on my team
|
|switch|p2a: Blissey|Blissey, F|652\/652
|move|p1a: Ferrothorn|Stealth Rock|p2a: Blissey
|-sidestart|p2: thesecondbest|move: Stealth Rock
|
|turn|3
|
|move|p2a: Blissey|Wish|p2a: Blissey
|move|p1a: Ferrothorn|Leech Seed|p2a: Blissey
|-start|p2a: Blissey|move: Leech Seed
|
|-damage|p2a: Blissey|571\/652|[from] Leech Seed|[of] p1a: Ferrothorn
|-heal|p1a: Ferrothorn|290\/290|[silent]
|turn|4
|c| CaptainLizard|that is after mega mence is banned
|c|âthesecondbest|rip azu unless i risk skarm for the defog
|
|move|p2a: Blissey|Fire Blast|p1a: Ferrothorn|[miss]
|-miss|p2a: Blissey|p1a: Ferrothorn
|move|p1a: Ferrothorn|Spikes|p2a: Blissey
|-sidestart|p2: thesecondbest|Spikes
|
|-heal|p2a: Blissey|652\/652|[from] move: Wish|[wisher] Blissey
|-damage|p2a: Blissey|571\/652|[from] Leech Seed|[of] p1a: Ferrothorn
|turn|5
|c|âthesecondbest|why....
|
|switch|p1a: Diancie|Diancie|241\/241
|move|p2a: Blissey|Fire Blast|p1a: Diancie
|-resisted|p1a: Diancie
|-damage|p1a: Diancie|213\/241
|-status|p1a: Diancie|brn
|
|-damage|p2a: Blissey|490\/652|[from] Leech Seed|[of] p1a: Diancie
|-heal|p1a: Diancie|241\/241 brn|[silent]
|-damage|p1a: Diancie|211\/241 brn|[from] brn
|turn|6
|c|âthesecondbest|serence grace op xD
|
|switch|p2a: Skarmory|Skarmory, M|334\/334
|-damage|p2a: Skarmory|293\/334|[from] Stealth Rock
|detailschange|p1a: Diancie|Diancie-Mega
|message|Diancie has Mega Evolved into Mega Diancie!
|move|p1a: Diancie|Diamond Storm|p2a: Skarmory
|-damage|p2a: Skarmory|241\/334
|-boost|p1a: Diancie|def|1
|
|-damage|p1a: Diancie|181\/241 brn|[from] brn
|turn|7
|
|switch|p1a: Magneton|Magneton|242\/242
|move|p2a: Skarmory|Stealth Rock|p1a: Magneton
|-sidestart|p1: SceptileMC|move: Stealth Rock
|
|turn|8
|
|move|p1a: Magneton|Thunderbolt|p2a: Skarmory
|-supereffective|p2a: Skarmory
|-damage|p2a: Skarmory|0 fnt
|faint|p2a: Skarmory
|
|c|âthesecondbest|damnit i mixed it up
|c|âthesecondbest|it's supposed to be shed shell
|c|âthesecondbest|and rocky helmet blissey
|c|âthesecondbest|:(
|
|switch|p2a: Gliscor|Gliscor, F|354\/354
|-damage|p2a: Gliscor|310\/354|[from] Stealth Rock
|turn|9
|
|switch|p1a: Conkeldurr|Conkeldurr, M|414\/414
|-damage|p1a: Conkeldurr|389\/414|[from] Stealth Rock
|move|p2a: Gliscor|Substitute|p2a: Gliscor
|-start|p2a: Gliscor|Substitute
|-damage|p2a: Gliscor|222\/354
|
|-status|p2a: Gliscor|tox|[from] item: Toxic Orb
|turn|10
|
|move|p2a: Gliscor|Protect|p2a: Gliscor
|-singleturn|p2a: Gliscor|Protect
|move|p1a: Conkeldurr|Ice Punch|p2a: Gliscor
|-activate|p2a: Gliscor|Protect
|
|-heal|p2a: Gliscor|266\/354 tox|[from] ability: Poison Heal
|turn|11
|
|switch|p1a: Magneton|Magneton|242\/242
|-damage|p1a: Magneton|227\/242|[from] Stealth Rock
|move|p2a: Gliscor|Toxic|p1a: Magneton
|-fail|p1a: Magneton
|
|-heal|p2a: Gliscor|310\/354 tox|[from] ability: Poison Heal
|turn|12
|
|move|p2a: Gliscor|Protect|p2a: Gliscor
|-singleturn|p2a: Gliscor|Protect
|move|p1a: Magneton|Flash Cannon|p2a: Gliscor
|-activate|p2a: Gliscor|Protect
|
|-heal|p2a: Gliscor|354\/354 tox|[from] ability: Poison Heal
|turn|13
|
|move|p1a: Magneton|Flash Cannon|p2a: Gliscor
|-end|p2a: Gliscor|Substitute
|move|p2a: Gliscor|Earthquake|p1a: Magneton
|-supereffective|p1a: Magneton
|-damage|p1a: Magneton|0 fnt
|faint|p1a: Magneton
|
|c|âthesecondbest|tri attack has best animation
|c| CaptainLizard|lets see it
|c|âthesecondbest|in time
|
|switch|p1a: Rotom-Wash|Rotom-Wash|304\/304
|-damage|p1a: Rotom-Wash|266\/304|[from] Stealth Rock
|turn|14
|
|move|p2a: Gliscor|Protect|p2a: Gliscor
|-singleturn|p2a: Gliscor|Protect
|move|p1a: Rotom-Wash|Hidden Power|p2a: Gliscor
|-activate|p2a: Gliscor|Protect
|
|turn|15
|
|switch|p2a: Azumarill|Azumarill, F|6\/399
|-damage|p2a: Azumarill|0 fnt|[from] Stealth Rock
|faint|p2a: Azumarill
|move|p1a: Rotom-Wash|Hidden Power|p2: Azumarill|[notarget]
|-notarget
|
|
|switch|p2a: Sableye|Sableye, M|304\/304
|-damage|p2a: Sableye|266\/304|[from] Stealth Rock
|-damage|p2a: Sableye|228\/304|[from] Spikes
|turn|16
|
|switch|p1a: Diancie|Diancie-Mega|181\/241 brn
|-damage|p1a: Diancie|151\/241 brn|[from] Stealth Rock
|move|p2a: Sableye|Calm Mind|p2a: Sableye
|-boost|p2a: Sableye|spa|1
|-boost|p2a: Sableye|spd|1
|
|-damage|p1a: Diancie|121\/241 brn|[from] brn
|turn|17
|
|detailschange|p2a: Sableye|Sableye-Mega, M
|message|Sableye has Mega Evolved into Mega Sableye!
|move|p2a: Sableye|Calm Mind|p2a: Sableye
|-boost|p2a: Sableye|spa|1
|-boost|p2a: Sableye|spd|1
|move|p1a: Diancie|Moonblast|p2a: Sableye
|-supereffective|p2a: Sableye
|-damage|p2a: Sableye|78\/304
|
|-damage|p1a: Diancie|91\/241 brn|[from] brn
|turn|18
|c|âthesecondbest|ouch
|c|âthesecondbest|i overestimate sableye
|
|move|p1a: Diancie|Moonblast|p2a: Sableye
|-supereffective|p2a: Sableye
|-damage|p2a: Sableye|0 fnt
|faint|p2a: Sableye
|
|-damage|p1a: Diancie|61\/241 brn|[from] brn
|c|âthesecondbest|but i idnt want to use broken slowbro
|c|âthesecondbest|so
|c|âthesecondbest|:(
|
|switch|p2a: Porygon2|Porygon2|373\/373
|-damage|p2a: Porygon2|327\/373|[from] Spikes
|-damage|p2a: Porygon2|281\/373|[from] Stealth Rock
|-ability|p2a: Porygon2|Magic Bounce|[from] ability: Trace|[of] p1a: Diancie
|turn|19
|c| CaptainLizard|you mean megamence
|c| CaptainLizard|cuz he's broken
|c|âthesecondbest|bro is broken too
|
|move|p1a: Diancie|Moonblast|p2a: Porygon2
|-damage|p2a: Porygon2|140\/373
|move|p2a: Porygon2|Recover|p2a: Porygon2
|-heal|p2a: Porygon2|327\/373
|
|-damage|p1a: Diancie|31\/241 brn|[from] brn
|turn|20
|c| CaptainLizard|really
|
|move|p1a: Diancie|Moonblast|p2a: Porygon2
|-damage|p2a: Porygon2|183\/373
|-unboost|p2a: Porygon2|spa|1
|move|p2a: Porygon2|Recover|p2a: Porygon2
|-heal|p2a: Porygon2|370\/373
|
|-damage|p1a: Diancie|1\/241 brn|[from] brn
|turn|21
|c| CaptainLizard|whats good about bro?
|c|âthesecondbest|mhm.
|c|âthesecondbest|!dt megabro
No Pokemon, item, move, ability or nature named 'megabro' was found. Showing the data of 'Megahorn' instead.
|c|~|\/data-move Megahorn
|raw|<font size="1"><font color=#585858>Priority:<\/font> 0&nbsp;|&ThickSpace;<font color=#585858><font color=black>&#10003; Contact<\/font><\/font>&nbsp;|&ThickSpace;<font color=#585858>Target:<\/font> Adjacent Pokemon<\/font>
|c|âthesecondbest|!dt megaslowbro
|c|~|\/data-pokemon Slowbro-Mega
|raw|<font size="1"><font color=#585858>Dex#:<\/font> 80&nbsp;|&ThickSpace;<font color=#585858>Height:<\/font> 2 m&nbsp;|&ThickSpace;<font color=#585858>Weight:<\/font> 120 kg <em>(100 BP)<\/em>&nbsp;|&ThickSpace;<font color=#585858>Dex Colour:<\/font> Pink&nbsp;|&ThickSpace;<font color=#585858>Egg Group(s):<\/font> Monster, Water 1&nbsp;|&ThickSpace;<font color=#585858><font color=#585858>Does Not Evolve<\/font><\/font><\/font>
|
|move|p1a: Diancie|Moonblast|p2a: Porygon2
|-damage|p2a: Porygon2|222\/373
|-unboost|p2a: Porygon2|spa|1
|move|p2a: Porygon2|Recover|p2a: Porygon2
|-heal|p2a: Porygon2|373\/373
|
|-damage|p1a: Diancie|0 fnt|[from] brn
|faint|p1a: Diancie
|c|âthesecondbest|!dt slowbro
|c|~|\/data-pokemon Slowbro
|raw|<font size="1"><font color=#585858>Dex#:<\/font> 80&nbsp;|&ThickSpace;<font color=#585858>Height:<\/font> 1.6 m&nbsp;|&ThickSpace;<font color=#585858>Weight:<\/font> 78.5 kg <em>(80 BP)<\/em>&nbsp;|&ThickSpace;<font color=#585858>Dex Colour:<\/font> Pink&nbsp;|&ThickSpace;<font color=#585858>Egg Group(s):<\/font> Monster, Water 1&nbsp;|&ThickSpace;<font color=#585858><font color=#585858>Does Not Evolve<\/font><\/font><\/font>
|
|switch|p1a: Conkeldurr|Conkeldurr, M|389\/414
|-damage|p1a: Conkeldurr|364\/414|[from] Stealth Rock
|turn|22
|c|âthesecondbest|immune to taunt before mega
|c|âthesecondbest|cant be crit to stop sweep
|c| CaptainLizard|it only has 80 sdef
|c|âthesecondbest|calm mind op
|c| CaptainLizard|and 30spd
|c| CaptainLizard|ah
|
|move|p2a: Porygon2|Tri Attack|p1a: Conkeldurr
|-damage|p1a: Conkeldurr|319\/414
|-status|p1a: Conkeldurr|par
|move|p1a: Conkeldurr|Drain Punch|p2a: Porygon2
|-supereffective|p2a: Porygon2
|-damage|p2a: Porygon2|145\/373
|-heal|p1a: Conkeldurr|414\/414 par|[from] drain|[of] p2a: Porygon2
|
|turn|23
|c|âthesecondbest|you saw it :D
|c| CaptainLizard|well it always does last
|
|move|p2a: Porygon2|Tri Attack|p1a: Conkeldurr
|-damage|p1a: Conkeldurr|366\/414 par
|move|p1a: Conkeldurr|Knock Off|p2a: Porygon2
|-damage|p2a: Porygon2|42\/373
|-enditem|p2a: Porygon2|Eviolite|[from] move: Knock Off|[of] p1a: Conkeldurr
|
|turn|24
|c| CaptainLizard|goes
|c|âthesecondbest|it doesn't lose to ditto
|
|cant|p1a: Conkeldurr|par
|move|p2a: Porygon2|Tri Attack|p1a: Conkeldurr
|-damage|p1a: Conkeldurr|317\/414 par
|
|turn|25
|c|âthesecondbest|unlike greedy mence
|c| CaptainLizard|its got a lot of common weaknesses
|
|cant|p1a: Conkeldurr|par
|move|p2a: Porygon2|Tri Attack|p1a: Conkeldurr
|-damage|p1a: Conkeldurr|269\/414 par
|
|turn|26
|c|âthesecondbest|still eats up hitss.
|c| CaptainLizard|LOL
|
|move|p1a: Conkeldurr|Mach Punch|p2a: Porygon2
|-supereffective|p2a: Porygon2
|-damage|p2a: Porygon2|0 fnt
|faint|p2a: Porygon2
|
|
|switch|p2a: Gliscor|Gliscor, F|354\/354 tox
|-damage|p2a: Gliscor|310\/354 tox|[from] Stealth Rock
|turn|27
|
|move|p2a: Gliscor|Substitute|p2a: Gliscor
|-start|p2a: Gliscor|Substitute
|-damage|p2a: Gliscor|222\/354 tox
|move|p1a: Conkeldurr|Ice Punch|p2a: Gliscor
|-supereffective|p2a: Gliscor
|-end|p2a: Gliscor|Substitute
|
|-heal|p2a: Gliscor|266\/354 tox|[from] ability: Poison Heal
|turn|28
|c|âthesecondbest|https:\/\/www.youtube.com\/watch?v=hUFdl4I-fHk
|
|move|p2a: Gliscor|Protect|p2a: Gliscor
|-singleturn|p2a: Gliscor|Protect
|move|p1a: Conkeldurr|Ice Punch|p2a: Gliscor
|-activate|p2a: Gliscor|Protect
|
|-heal|p2a: Gliscor|310\/354 tox|[from] ability: Poison Heal
|turn|29
|c|âSceptileMC|you are the worst kind of player lol
|
|move|p2a: Gliscor|Substitute|p2a: Gliscor
|-start|p2a: Gliscor|Substitute
|-damage|p2a: Gliscor|222\/354 tox
|move|p1a: Conkeldurr|Drain Punch|p2a: Gliscor
|-resisted|p2a: Gliscor
|-activate|p2a: Gliscor|Substitute|[damage]
|-heal|p1a: Conkeldurr|304\/414 par|[from] drain|[of] p2a: Gliscor
|
|-heal|p2a: Gliscor|266\/354 tox|[from] ability: Poison Heal
|turn|30
|
|move|p2a: Gliscor|Protect|p2a: Gliscor
|-singleturn|p2a: Gliscor|Protect
|move|p1a: Conkeldurr|Knock Off|p2a: Gliscor
|-activate|p2a: Gliscor|Protect
|
|-heal|p2a: Gliscor|310\/354 tox|[from] ability: Poison Heal
|turn|31
|c| CaptainLizard|lol sandstorm
|
|move|p2a: Gliscor|Earthquake|p1a: Conkeldurr
|-crit|p1a: Conkeldurr
|-damage|p1a: Conkeldurr|123\/414 par
|move|p1a: Conkeldurr|Knock Off|p2a: Gliscor
|-end|p2a: Gliscor|Substitute
|
|-heal|p2a: Gliscor|354\/354 tox|[from] ability: Poison Heal
|turn|32
|c|âthesecondbest|!dt ice punch
|c|~|\/data-move Ice Punch
|raw|<font size="1"><font color=#585858>Priority:<\/font> 0&nbsp;|&ThickSpace;<font color=#585858><font color=black>&#10003; Secondary Effect<\/font><\/font>&nbsp;|&ThickSpace;<font color=#585858><font color=black>&#10003; Contact<\/font><\/font>&nbsp;|&ThickSpace;<font color=#585858>Target:<\/font> Adjacent Pokemon<\/font>
|c|âthesecondbest|24
|
|move|p2a: Gliscor|Substitute|p2a: Gliscor
|-start|p2a: Gliscor|Substitute
|-damage|p2a: Gliscor|266\/354 tox
|cant|p1a: Conkeldurr|par
|
|-heal|p2a: Gliscor|310\/354 tox|[from] ability: Poison Heal
|turn|33
|c| CaptainLizard|megabro meets water absorb
|c|âthesecondbest|so? you want to be forced to run that?
|
|move|p2a: Gliscor|Earthquake|p1a: Conkeldurr
|-damage|p1a: Conkeldurr|12\/414 par
|cant|p1a: Conkeldurr|par
|
|-heal|p2a: Gliscor|354\/354 tox|[from] ability: Poison Heal
|turn|34
|c|âSceptileMC|so not only are you abusing the fact that you got that lucky para you are also doing this gay ass pp stalling
|c|âSceptileMC|i dont like you at all lol
|c|âthesecondbest|better than using mence.
|c|âthesecondbest|at least i'm friendly :)
|c|âSceptileMC|mence is easily stopped
|c|âthesecondbest|lol
|c|âSceptileMC|half my team can handle mence
|c|âSceptileMC|if you have a shitty team then mence beats you its thta simple
|c|âthesecondbest|nothing on your team handles it but diancie
|
|switch|p1a: Landorus-Therian|Landorus-Therian, M|320\/320
|-damage|p1a: Landorus-Therian|280\/320|[from] Stealth Rock
|-activate|p2a: Gliscor|Substitute|ability: Intimidate|[of] p1a: Landorus-Therian
|move|p2a: Gliscor|Earthquake|p1a: Landorus-Therian
|-immune|p1a: Landorus-Therian|[msg]
|
|turn|35
|c| CaptainLizard|yeah
|
|move|p2a: Gliscor|Protect|p2a: Gliscor
|-singleturn|p2a: Gliscor|Protect
|move|p1a: Landorus-Therian|U-turn|p2a: Gliscor
|-activate|p2a: Gliscor|Protect
|
|turn|36
|c|âSceptileMC|lololololol
|c| CaptainLizard|mega mence kinda shits on both of your teams
|c| CaptainLizard|bar skarmory
|c|âSceptileMC|i've faced about 20 mega mences and ive never been swept once
|c|âthesecondbest|meet fire blast.
|c| CaptainLizard|they suck
|c|âthesecondbest|also if you sac everything first whirlwind fail
|
|move|p1a: Landorus-Therian|U-turn|p2a: Gliscor
|-resisted|p2a: Gliscor
|-activate|p2a: Gliscor|Substitute|[damage]
|
|switch|p1a: Conkeldurr|Conkeldurr, M|12\/414 par
|-damage|p1a: Conkeldurr|0 fnt|[from] Stealth Rock
|faint|p1a: Conkeldurr
|move|p2a: Gliscor|Toxic|p1: Conkeldurr|[notarget]
|-notarget
|
|
|switch|p1a: Ferrothorn|Ferrothorn, M|290\/290
|-damage|p1a: Ferrothorn|272\/290|[from] Stealth Rock
|turn|37
|
|move|p2a: Gliscor|Earthquake|p1a: Ferrothorn
|-damage|p1a: Ferrothorn|206\/290
|move|p1a: Ferrothorn|Gyro Ball|p2a: Gliscor
|-end|p2a: Gliscor|Substitute
|
|turn|38
|c|âthesecondbest|!dt gyro ball
|c|~|\/data-move Gyro Ball
|raw|<font size="1"><font color=#585858>Priority:<\/font> 0&nbsp;|&ThickSpace;<font color=#585858><font color=black>&#10003; Contact<\/font><\/font>&nbsp;|&ThickSpace;<font color=#585858><font color=black>&#10003; Bullet<\/font><\/font>&nbsp;|&ThickSpace;<font color=#585858>Target:<\/font> Adjacent Pokemon<\/font>
|c|âthesecondbest|only 8 :)
|c| CaptainLizard|lol
|c|âSceptileMC|you are such a shitty player that you have to do this lol
|c| CaptainLizard|get out pp'd
|
|switch|p1a: Landorus-Therian|Landorus-Therian, M|280\/320
|-damage|p1a: Landorus-Therian|240\/320|[from] Stealth Rock
|-ability|p1a: Landorus-Therian|Intimidate|[of] p2a: Gliscor
|-unboost|p2a: Gliscor|atk|1
|move|p2a: Gliscor|Substitute|p2a: Gliscor
|-start|p2a: Gliscor|Substitute
|-damage|p2a: Gliscor|266\/354 tox
|
|-heal|p2a: Gliscor|310\/354 tox|[from] ability: Poison Heal
|turn|39
|c|âthesecondbest|git gud skrub
|c| CaptainLizard|youre a shitty player of you get in this situation
|
|move|p2a: Gliscor|Protect|p2a: Gliscor
|-singleturn|p2a: Gliscor|Protect
|move|p1a: Landorus-Therian|U-turn|p2a: Gliscor
|-activate|p2a: Gliscor|Protect
|
|-heal|p2a: Gliscor|354\/354 tox|[from] ability: Poison Heal
|turn|40
|c| CaptainLizard|you deserve to be pp stalled
|c|âthesecondbest|lol.
|
|move|p1a: Landorus-Therian|U-turn|p2a: Gliscor
|-resisted|p2a: Gliscor
|-activate|p2a: Gliscor|Substitute|[damage]
|c|âSceptileMC|mhm im a shitty player
|c|âSceptileMC|of course
|c| CaptainLizard|yes
|
|switch|p1a: Rotom-Wash|Rotom-Wash|266\/304
|-damage|p1a: Rotom-Wash|228\/304|[from] Stealth Rock
|move|p2a: Gliscor|Toxic|p1a: Rotom-Wash
|-status|p1a: Rotom-Wash|tox
|
|-damage|p1a: Rotom-Wash|209\/304 tox|[from] psn
|turn|41
|c| CaptainLizard|also you dont use lord megamence
|c|âSceptileMC|mhm of course
|c|âSceptileMC|im not #11 in this tier at all 
|c|âthesecondbest|if i toxic lando blissey wins
|c| CaptainLizard|nope
|
|move|p2a: Gliscor|Protect|p2a: Gliscor
|-singleturn|p2a: Gliscor|Protect
|move|p1a: Rotom-Wash|Hidden Power|p2a: Gliscor
|-activate|p2a: Gliscor|Protect
|
|-damage|p1a: Rotom-Wash|171\/304 tox|[from] psn
|turn|42
|
|switch|p1a: Ferrothorn|Ferrothorn, M|206\/290
|-damage|p1a: Ferrothorn|188\/290|[from] Stealth Rock
|move|p2a: Gliscor|Substitute|p2a: Gliscor
|-fail|p2a: Gliscor|move: Substitute
|
|turn|43
|c| CaptainLizard|lando
|
|move|p2a: Gliscor|Earthquake|p1a: Ferrothorn
|-damage|p1a: Ferrothorn|143\/290
|move|p1a: Ferrothorn|Gyro Ball|p2a: Gliscor
|-end|p2a: Gliscor|Substitute
|
|turn|44
|
|move|p2a: Gliscor|Substitute|p2a: Gliscor
|-start|p2a: Gliscor|Substitute
|-damage|p2a: Gliscor|266\/354 tox
|move|p1a: Ferrothorn|Gyro Ball|p2a: Gliscor
|-end|p2a: Gliscor|Substitute
|
|-heal|p2a: Gliscor|310\/354 tox|[from] ability: Poison Heal
|turn|45
|
|move|p2a: Gliscor|Substitute|p2a: Gliscor
|-start|p2a: Gliscor|Substitute
|-damage|p2a: Gliscor|222\/354 tox
|move|p1a: Ferrothorn|Leech Seed|p2a: Gliscor
|
|-heal|p2a: Gliscor|266\/354 tox|[from] ability: Poison Heal
|turn|46
|c| CaptainLizard|youre only 1600 sceptile
|
|move|p2a: Gliscor|Protect|p2a: Gliscor
|-singleturn|p2a: Gliscor|Protect
|move|p1a: Ferrothorn|Gyro Ball|p2a: Gliscor
|-activate|p2a: Gliscor|Protect
|
|-heal|p2a: Gliscor|310\/354 tox|[from] ability: Poison Heal
|turn|47
|c| CaptainLizard|and this game isnt even out yet
|
|move|p2a: Gliscor|Earthquake|p1a: Ferrothorn
|-damage|p1a: Ferrothorn|101\/290
|move|p1a: Ferrothorn|Gyro Ball|p2a: Gliscor
|-crit|p2a: Gliscor
|-end|p2a: Gliscor|Substitute
|
|-heal|p2a: Gliscor|354\/354 tox|[from] ability: Poison Heal
|turn|48
|
|move|p2a: Gliscor|Substitute|p2a: Gliscor
|-start|p2a: Gliscor|Substitute
|-damage|p2a: Gliscor|266\/354 tox
|move|p1a: Ferrothorn|Gyro Ball|p2a: Gliscor
|-end|p2a: Gliscor|Substitute
|
|-heal|p2a: Gliscor|310\/354 tox|[from] ability: Poison Heal
|turn|49
|c|âthesecondbest|lol.
|
|move|p2a: Gliscor|Substitute|p2a: Gliscor
|-start|p2a: Gliscor|Substitute
|-damage|p2a: Gliscor|222\/354 tox
|move|p1a: Ferrothorn|Spikes|p2a: Gliscor
|-sidestart|p2: thesecondbest|Spikes
|
|-heal|p2a: Gliscor|266\/354 tox|[from] ability: Poison Heal
|turn|50
|
|move|p2a: Gliscor|Earthquake|p1a: Ferrothorn
|-damage|p1a: Ferrothorn|59\/290
|move|p1a: Ferrothorn|Gyro Ball|p2a: Gliscor
|-end|p2a: Gliscor|Substitute
|
|-heal|p2a: Gliscor|310\/354 tox|[from] ability: Poison Heal
|turn|51
|c| CaptainLizard|lol
|
|move|p2a: Gliscor|Substitute|p2a: Gliscor
|-start|p2a: Gliscor|Substitute
|-damage|p2a: Gliscor|222\/354 tox
|move|p1a: Ferrothorn|Gyro Ball|p2a: Gliscor
|-end|p2a: Gliscor|Substitute
|
|-heal|p2a: Gliscor|266\/354 tox|[from] ability: Poison Heal
|turn|52
|
|switch|p1a: Landorus-Therian|Landorus-Therian, M|240\/320
|-damage|p1a: Landorus-Therian|200\/320|[from] Stealth Rock
|-ability|p1a: Landorus-Therian|Intimidate|[of] p2a: Gliscor
|-unboost|p2a: Gliscor|atk|1
|move|p2a: Gliscor|Substitute|p2a: Gliscor
|-start|p2a: Gliscor|Substitute
|-damage|p2a: Gliscor|178\/354 tox
|
|-heal|p2a: Gliscor|222\/354 tox|[from] ability: Poison Heal
|turn|53
|
|switch|p1a: Ferrothorn|Ferrothorn, M|59\/290
|-damage|p1a: Ferrothorn|41\/290|[from] Stealth Rock
|move|p2a: Gliscor|Protect|p2a: Gliscor
|-fail|p2a: Gliscor
|
|-heal|p2a: Gliscor|266\/354 tox|[from] ability: Poison Heal
|turn|54
|c| CaptainLizard|git gud
|
|move|p2a: Gliscor|Earthquake|p1a: Ferrothorn
|-damage|p1a: Ferrothorn|8\/290
|move|p1a: Ferrothorn|Spikes|p2a: Gliscor
|-sidestart|p2: thesecondbest|Spikes
|
|-heal|p2a: Gliscor|310\/354 tox|[from] ability: Poison Heal
|turn|55
|
|move|p2a: Gliscor|Earthquake|p1a: Ferrothorn
|-damage|p1a: Ferrothorn|0 fnt
|faint|p1a: Ferrothorn
|
|-heal|p2a: Gliscor|354\/354 tox|[from] ability: Poison Heal
|c| CaptainLizard|gggggggggggggggg
|
|switch|p1a: Rotom-Wash|Rotom-Wash|171\/304 tox
|-damage|p1a: Rotom-Wash|133\/304 tox|[from] Stealth Rock
|turn|56
|
|move|p2a: Gliscor|Protect|p2a: Gliscor
|-singleturn|p2a: Gliscor|Protect
|move|p1a: Rotom-Wash|Hidden Power|p2a: Gliscor
|-activate|p2a: Gliscor|Protect
|
|-damage|p1a: Rotom-Wash|114\/304 tox|[from] psn
|turn|57
|
|move|p2a: Gliscor|Substitute|p2a: Gliscor
|-fail|p2a: Gliscor|move: Substitute
|move|p1a: Rotom-Wash|Hidden Power|p2a: Gliscor
|-supereffective|p2a: Gliscor
|-end|p2a: Gliscor|Substitute
|
|-damage|p1a: Rotom-Wash|76\/304 tox|[from] psn
|turn|58
|
|move|p2a: Gliscor|Protect|p2a: Gliscor
|-singleturn|p2a: Gliscor|Protect
|move|p1a: Rotom-Wash|Hidden Power|p2a: Gliscor
|-activate|p2a: Gliscor|Protect
|
|-damage|p1a: Rotom-Wash|19\/304 tox|[from] psn
|turn|59
|
|move|p2a: Gliscor|Substitute|p2a: Gliscor
|-start|p2a: Gliscor|Substitute
|-damage|p2a: Gliscor|266\/354 tox
|move|p1a: Rotom-Wash|Hidden Power|p2a: Gliscor
|-supereffective|p2a: Gliscor
|-end|p2a: Gliscor|Substitute
|
|-heal|p2a: Gliscor|310\/354 tox|[from] ability: Poison Heal
|-damage|p1a: Rotom-Wash|0 fnt|[from] psn
|faint|p1a: Rotom-Wash
|
|switch|p1a: Landorus-Therian|Landorus-Therian, M|200\/320
|-damage|p1a: Landorus-Therian|160\/320|[from] Stealth Rock
|-ability|p1a: Landorus-Therian|Intimidate|[of] p2a: Gliscor
|-unboost|p2a: Gliscor|atk|1
|turn|60
|
|move|p1a: Landorus-Therian|Stone Edge|p2a: Gliscor
|-damage|p2a: Gliscor|233\/354 tox
|move|p2a: Gliscor|Toxic|p1a: Landorus-Therian|[miss]
|-miss|p2a: Gliscor|p1a: Landorus-Therian
|
|-heal|p2a: Gliscor|277\/354 tox|[from] ability: Poison Heal
|turn|61
|
|move|p1a: Landorus-Therian|Stone Edge|p2a: Gliscor
|-damage|p2a: Gliscor|188\/354 tox
|move|p2a: Gliscor|Toxic|p1a: Landorus-Therian
|-status|p1a: Landorus-Therian|tox
|
|-damage|p1a: Landorus-Therian|140\/320 tox|[from] psn
|-heal|p2a: Gliscor|232\/354 tox|[from] ability: Poison Heal
|turn|62
|
|move|p2a: Gliscor|Protect|p2a: Gliscor
|-singleturn|p2a: Gliscor|Protect
|move|p1a: Landorus-Therian|Stone Edge|p2a: Gliscor
|-activate|p2a: Gliscor|Protect
|
|-damage|p1a: Landorus-Therian|100\/320 tox|[from] psn
|-heal|p2a: Gliscor|276\/354 tox|[from] ability: Poison Heal
|turn|63
|c| CaptainLizard|gggggggggg
|c|âthesecondbest|thx
|c| CaptainLizard|tytyt
|c| CaptainLizard|y
|c|âthesecondbest|gliscor sweep :)
|c| CaptainLizard|dead lando
|c|âSceptileMC|you sat behind a sub toxic stalling gliscor... 
|
|move|p1a: Landorus-Therian|Stone Edge|p2a: Gliscor|[miss]
|-miss|p1a: Landorus-Therian|p2a: Gliscor
|move|p2a: Gliscor|Substitute|p2a: Gliscor
|-start|p2a: Gliscor|Substitute
|-damage|p2a: Gliscor|188\/354 tox
|
|-damage|p1a: Landorus-Therian|40\/320 tox|[from] psn
|-heal|p2a: Gliscor|232\/354 tox|[from] ability: Poison Heal
|turn|64
|c|âSceptileMC|not even a game
|c| CaptainLizard|because youre bad enough to let it happen
|c|âthesecondbest|NaCl
|c|âSceptileMC|just fucking waste of time
|c| CaptainLizard|gg 
|c|âthesecondbest|laddering is waste of time loser
|c| CaptainLizard|VGC is worse than this too
|c|âthesecondbest|and you team is ass anyway
|c|âSceptileMC|i just play i dont ladder
|c|âSceptileMC|i play to have fun but playing teams like yours isn't fun
|c|âthesecondbest|number 15
|c|âthesecondbest|lol
|c| CaptainLizard|lol
|c|âthesecondbest|i dont ladder he says
|
|move|p1a: Landorus-Therian|Stone Edge|p2a: Gliscor|[miss]
|-miss|p1a: Landorus-Therian|p2a: Gliscor
|move|p2a: Gliscor|Toxic|p1a: Landorus-Therian
|-fail|p1a: Landorus-Therian|tox
|
|-damage|p1a: Landorus-Therian|0 fnt|[from] psn
|-heal|p2a: Gliscor|276\/354 tox|[from] ability: Poison Heal
|faint|p1a: Landorus-Therian
|
|win|thesecondbest
|raw|Ladder updating...
|raw|SceptileMC's rating: 1602 &rarr; <strong>1569<\/strong><br \/>(-33 for losing)
|raw|thesecondbest's rating: 1332 &rarr; <strong>1365<\/strong><br \/>(+33 for winning)