|join|thesecondbest
|join|DeathScythe1221
|player|p1|thesecondbest|125
|player|p2|DeathScythe1221|266
|gametype|singles
|gen|6
|tier|OU
|rated
|clearpoke
|poke|p1|Volcarona, M
|poke|p1|Deoxys-Defense
|poke|p1|Terrakion
|poke|p1|Talonflame, F
|poke|p1|Salamence, F
|poke|p2|Greninja, M, shiny
|poke|p2|Medicham, M
|poke|p2|Gliscor, M
|poke|p2|Aegislash, M
|poke|p2|Scrafty, F
|poke|p2|Diggersby, M
|rule|Sleep Clause Mod: Limit one foe put to sleep
|rule|Species Clause: Limit one of each Pokemon
|rule|OHKO Clause: OHKO moves are banned
|rule|Moody Clause: Moody is banned
|rule|Evasion Moves Clause: Evasion moves are banned
|rule|Endless Battle Clause: Forcing endless battles is banned.
|rule|HP Percentage Mod: HP is reported as percentages
|teampreview
|
|start
|switch|p1a: i know i have 5|Deoxys-Defense|304\/304
|switch|p2a: Diggersby|Diggersby, M|312\/312
|-ability|p1a: i know i have 5|Pressure
|turn|1
|chat|thesecondbest|gl
|chat|DeathScythe1221|haha.
|
|move|p2a: Diggersby|U-turn|p1a: i know i have 5
|-supereffective|p1a: i know i have 5
|-damage|p1a: i know i have 5|188\/304
|-enditem|p1a: i know i have 5|Red Card|[of] p2a: Diggersby
|drag|p2a: Gliscor|Gliscor, M|337\/337
|move|p1a: i know i have 5|Spikes|p2a: Gliscor
|-sidestart|p2: DeathScythe1221|Spikes
|
|-status|p2a: Gliscor|tox|[from] item: Toxic Orb
|turn|2
|
|move|p2a: Gliscor|Earthquake|p1a: i know i have 5
|-damage|p1a: i know i have 5|104\/304
|move|p1a: i know i have 5|Stealth Rock|p2a: Gliscor
|-sidestart|p2: DeathScythe1221|move: Stealth Rock
|
|turn|3
|
|move|p2a: Gliscor|Fling|p1a: i know i have 5
|-enditem|p2a: Gliscor|Toxic Orb|[from] move: Fling
|-supereffective|p1a: i know i have 5
|-damage|p1a: i know i have 5|70\/304
|-status|p1a: i know i have 5|tox
|move|p1a: i know i have 5|Recover|p1a: i know i have 5
|-heal|p1a: i know i have 5|222\/304 tox
|
|-damage|p1a: i know i have 5|203\/304 tox|[from] psn
|turn|4
|
|move|p2a: Gliscor|Acrobatics|p1a: i know i have 5
|-crit|p1a: i know i have 5
|-damage|p1a: i know i have 5|70\/304 tox
|move|p1a: i know i have 5|Recover|p1a: i know i have 5
|-heal|p1a: i know i have 5|222\/304 tox
|
|-damage|p1a: i know i have 5|184\/304 tox|[from] psn
|turn|5
|
|move|p2a: Gliscor|Acrobatics|p1a: i know i have 5
|-damage|p1a: i know i have 5|93\/304 tox
|move|p1a: i know i have 5|Spikes|p2a: Gliscor
|-sidestart|p2: DeathScythe1221|Spikes
|
|-damage|p1a: i know i have 5|36\/304 tox|[from] psn
|turn|6
|
|move|p2a: Gliscor|Acrobatics|p1a: i know i have 5
|-damage|p1a: i know i have 5|0 fnt
|faint|p1a: i know i have 5
|
|
|switch|p1a: baller|Volcarona, M|374\/374
|turn|7
|
|move|p1a: baller|Quiver Dance|p1a: baller
|-boost|p1a: baller|spa|1
|-boost|p1a: baller|spd|1
|-boost|p1a: baller|spe|1
|move|p2a: Gliscor|Acrobatics|p1a: baller
|-supereffective|p1a: baller
|-damage|p1a: baller|44\/374
|
|-heal|p1a: baller|67\/374|[from] item: Leftovers
|turn|8
|
|move|p1a: baller|Fiery Dance|p2a: Gliscor
|-damage|p2a: Gliscor|93\/337 tox
|move|p2a: Gliscor|Acrobatics|p1a: baller
|-supereffective|p1a: baller
|-damage|p1a: baller|0 fnt
|faint|p1a: baller
|
|-heal|p2a: Gliscor|135\/337 tox|[from] ability: Poison Heal
|chat|thesecondbest|weak
|
|switch|p1a: legit|Talonflame, F|298\/298
|turn|9
|
|move|p1a: legit|Brave Bird|p2a: Gliscor
|-damage|p2a: Gliscor|5\/337 tox
|-damage|p1a: legit|255\/298|[from] recoil|[of] p2a: Gliscor
|move|p2a: Gliscor|Acrobatics|p1a: legit
|-damage|p1a: legit|12\/298
|-enditem|p1a: legit|Liechi Berry|[eat]
|-boost|p1a: legit|atk|1|[from] item: Liechi Berry
|
|-heal|p2a: Gliscor|47\/337 tox|[from] ability: Poison Heal
|turn|10
|chat|thesecondbest|weak
|
|move|p1a: legit|Brave Bird|p2a: Gliscor
|-damage|p2a: Gliscor|0 fnt
|-damage|p1a: legit|0 fnt|[from] recoil|[of] p2a: Gliscor
|faint|p2a: Gliscor
|faint|p1a: legit
|
|
|switch|p2a: Diggersby|Diggersby, M|312\/312
|-damage|p2a: Diggersby|260\/312|[from] Spikes
|-damage|p2a: Diggersby|241\/312|[from] Stealth Rock
|switch|p1a: nigga|Terrakion|323\/323
|turn|11
|
|move|p2a: Diggersby|Earthquake|p1a: nigga
|-supereffective|p1a: nigga
|-damage|p1a: nigga|0 fnt
|faint|p1a: nigga
|
|
|switch|p1a: badass|Salamence, F|331\/331
|turn|12
|chat|thesecondbest|gg
|
|switch|p2a: Aegislash|Aegislash, M|324\/324
|-damage|p2a: Aegislash|304\/324|[from] Stealth Rock
|-damage|p2a: Aegislash|250\/324|[from] Spikes
|move|p1a: badass|Dragon Dance|p1a: badass
|-boost|p1a: badass|atk|1
|-boost|p1a: badass|spe|1
|
|-heal|p2a: Aegislash|270\/324|[from] item: Leftovers
|turn|13
|chat|thesecondbest|u win with priority
|chat|thesecondbest|my team is too weak
|
|move|p1a: badass|Earthquake|p2a: Aegislash
|-supereffective|p2a: Aegislash
|-damage|p2a: Aegislash|0 fnt
|faint|p2a: Aegislash
|-boost|p1a: badass|atk|1|[from] ability: Moxie
|
|
|switch|p2a: Medicham|Medicham, M|261\/261
|-damage|p2a: Medicham|218\/261|[from] Spikes
|-damage|p2a: Medicham|202\/261|[from] Stealth Rock
|turn|14
|
|-formechange|p2a: Medicham|Medicham-Mega
|message|Medicham has Mega Evolved into Mega Medicham!
|move|p2a: Medicham|Bullet Punch|p1a: badass
|-damage|p1a: badass|237\/331
|move|p1a: badass|Outrage|p2a: Medicham
|-crit|p2a: Medicham
|-damage|p2a: Medicham|0 fnt
|faint|p2a: Medicham
|-boost|p1a: badass|atk|1|[from] ability: Moxie
|
|
|switch|p2a: Diggersby|Diggersby, M|241\/312
|-damage|p2a: Diggersby|222\/312|[from] Stealth Rock
|-damage|p2a: Diggersby|170\/312|[from] Spikes
|turn|15
|chat|thesecondbest|oooh
|chat|thesecondbest|no fake out?
|
|move|p1a: badass|Outrage|p2a: Diggersby
|-damage|p2a: Diggersby|0 fnt
|faint|p2a: Diggersby
|-boost|p1a: badass|atk|1|[from] ability: Moxie
|
|chat|thesecondbest|i win now
|chat|thesecondbest|the 5man team is tooooo strawns
|
|switch|p2a: Greninja|Greninja, M, shiny|286\/286
|-damage|p2a: Greninja|251\/286|[from] Stealth Rock
|-damage|p2a: Greninja|204\/286|[from] Spikes
|turn|16
|
|move|p1a: badass|Outrage|p2a: Greninja
|-damage|p2a: Greninja|0 fnt
|faint|p2a: Greninja
|-boost|p1a: badass|atk|1|[from] ability: Moxie
|
|-end|p1a: badass|rampage
|-start|p1a: badass|confusion
|
|switch|p2a: Scrafty|Scrafty, F|334\/334
|-damage|p2a: Scrafty|314\/334|[from] Stealth Rock
|-damage|p2a: Scrafty|259\/334|[from] Spikes
|-enditem|p1a: badass|Lum Berry|[eat]
|-end|p1a: badass|confusion
|turn|17
|chat|thesecondbest|GG
|
|move|p1a: badass|Outrage|p2a: Scrafty
|-damage|p2a: Scrafty|0 fnt
|faint|p2a: Scrafty
|-boost|p1a: badass|atk|1|[from] ability: Moxie
|
|win|thesecondbest
|raw|Ladder updating...
|raw|thesecondbest's rating: 1078 &rarr; <strong>1111<\/strong><br \/>(+33 for winning)
|raw|DeathScythe1221's rating: 1133 &rarr; <strong>1104<\/strong><br \/>(-29 for losing)