|join|thesecondbest
|join|LoganSon
|player|p1|thesecondbest|125
|player|p2|LoganSon|266
|gametype|singles
|gen|6
|tier|OU
|rated
|clearpoke
|poke|p1|Volcarona, M
|poke|p1|Deoxys-Defense
|poke|p1|Terrakion
|poke|p1|Talonflame, F
|poke|p1|Salamence, M
|poke|p2|Dragonite, M
|poke|p2|Azumarill, M
|rule|Sleep Clause Mod: Limit one foe put to sleep
|rule|Species Clause: Limit one of each Pokemon
|rule|OHKO Clause: OHKO moves are banned
|rule|Moody Clause: Moody is banned
|rule|Evasion Moves Clause: Evasion moves are banned
|rule|Endless Battle Clause: Forcing endless battles is banned.
|rule|HP Percentage Mod: HP is reported as percentages
|teampreview
|
|start
|switch|p1a: legit|Talonflame, F|298\/298
|switch|p2a: Azumarill|Azumarill, M|404\/404
|turn|1
|
|move|p1a: legit|Brave Bird|p2a: Azumarill
|-damage|p2a: Azumarill|217\/404
|-damage|p1a: legit|236\/298|[from] recoil|[of] p2a: Azumarill
|move|p2a: Azumarill|Play Rough|p1a: legit
|-resisted|p1a: legit
|-damage|p1a: legit|53\/298
|-enditem|p1a: legit|Liechi Berry|[eat]
|-boost|p1a: legit|atk|1|[from] item: Liechi Berry
|
|turn|2
|
|move|p1a: legit|Brave Bird|p2a: Azumarill
|-damage|p2a: Azumarill|0 fnt
|-damage|p1a: legit|0 fnt|[from] recoil|[of] p2a: Azumarill
|faint|p2a: Azumarill
|faint|p1a: legit
|
|
|switch|p1a: badass|Salamence, M|331\/331
|switch|p2a: Dragonite|Dragonite, M|386\/386
|turn|3
|
|move|p1a: badass|Outrage|p2a: Dragonite
|-supereffective|p2a: Dragonite
|-damage|p2a: Dragonite|125\/386
|move|p2a: Dragonite|Outrage|p1a: badass
|-supereffective|p1a: badass
|-damage|p1a: badass|0 fnt
|faint|p1a: badass
|
|
|switch|p1a: baller|Volcarona, M|374\/374
|turn|4
|
|move|p1a: baller|Quiver Dance|p1a: baller
|-boost|p1a: baller|spa|1
|-boost|p1a: baller|spd|1
|-boost|p1a: baller|spe|1
|move|p2a: Dragonite|Outrage|p1a: baller
|-damage|p1a: baller|20\/374
|-status|p2a: Dragonite|brn
|
|-heal|p1a: baller|43\/374|[from] item: Leftovers
|-damage|p2a: Dragonite|77\/386 brn|[from] brn
|turn|5
|-message|LoganSon forfeited.
|leave|LoganSon
|
|win|thesecondbest
|raw|Ladder updating...
|player|p2
|raw|thesecondbest's rating: 1111 &rarr; <strong>1132<\/strong><br \/>(+21 for winning)
|raw|LoganSon's rating: 1059 &rarr; <strong>1043<\/strong><br \/>(-16 for losing)