|join|thesecondbest
|join|CozyNeptune
|player|p1|thesecondbest|125
|player|p2|CozyNeptune|168
|gametype|singles
|gen|6
|tier|OU
|rated
|clearpoke
|poke|p1|Volcarona, M
|poke|p1|Deoxys-Defense
|poke|p1|Terrakion
|poke|p1|Talonflame, M
|poke|p1|Salamence, M
|poke|p2|Aerodactyl, F
|poke|p2|Zapdos
|poke|p2|Dragonite, F, shiny
|poke|p2|Deoxys-Speed, shiny
|poke|p2|Keldeo
|poke|p2|Heatran, M
|rule|Sleep Clause Mod: Limit one foe put to sleep
|rule|Species Clause: Limit one of each Pokemon
|rule|OHKO Clause: OHKO moves are banned
|rule|Moody Clause: Moody is banned
|rule|Evasion Moves Clause: Evasion moves are banned
|rule|Endless Battle Clause: Forcing endless battles is banned.
|rule|HP Percentage Mod: HP is reported as percentages
|teampreview
|
|start
|switch|p1a: i know i have 5|Deoxys-Defense|304\/304
|switch|p2a: Deoxys-Speed|Deoxys-Speed, shiny|242\/242
|-ability|p2a: Deoxys-Speed|Pressure
|-ability|p1a: i know i have 5|Pressure
|turn|1
|
|move|p2a: Deoxys-Speed|Thunder|p1a: i know i have 5
|-damage|p1a: i know i have 5|221\/304
|-enditem|p1a: i know i have 5|Red Card|[of] p2a: Deoxys-Speed
|drag|p2a: Zapdos|Zapdos|322\/322
|-ability|p2a: Zapdos|Pressure
|move|p1a: i know i have 5|Thunder Wave|p2a: Zapdos
|-fail|p2a: Zapdos
|
|turn|2
|
|move|p2a: Zapdos|Heat Wave|p1a: i know i have 5
|-damage|p1a: i know i have 5|129\/304
|-damage|p2a: Zapdos|290\/322|[from] item: Life Orb
|move|p1a: i know i have 5|Stealth Rock|p2a: Zapdos
|-sidestart|p2: CozyNeptune|move: Stealth Rock
|
|turn|3
|
|move|p2a: Zapdos|Heat Wave|p1a: i know i have 5
|-damage|p1a: i know i have 5|28\/304
|-damage|p2a: Zapdos|258\/322|[from] item: Life Orb
|move|p1a: i know i have 5|Recover|p1a: i know i have 5
|-heal|p1a: i know i have 5|180\/304
|
|turn|4
|
|move|p2a: Zapdos|Thunder|p1a: i know i have 5|[miss]
|-miss|p2a: Zapdos|p1a: i know i have 5
|move|p1a: i know i have 5|Recover|p1a: i know i have 5
|-heal|p1a: i know i have 5|304\/304
|
|turn|5
|
|move|p2a: Zapdos|Thunder|p1a: i know i have 5
|-damage|p1a: i know i have 5|151\/304
|-status|p1a: i know i have 5|par
|-damage|p2a: Zapdos|226\/322|[from] item: Life Orb
|move|p1a: i know i have 5|Spikes|p2a: Zapdos
|-sidestart|p2: CozyNeptune|Spikes
|
|turn|6
|
|move|p2a: Zapdos|Thunder|p1a: i know i have 5
|-damage|p1a: i know i have 5|0 fnt
|-damage|p2a: Zapdos|194\/322|[from] item: Life Orb
|faint|p1a: i know i have 5
|
|
|switch|p1a: baller|Volcarona, M|374\/374
|turn|7
|
|move|p2a: Zapdos|Hidden Power|p1a: baller
|-resisted|p1a: baller
|-damage|p1a: baller|330\/374
|-damage|p2a: Zapdos|162\/322|[from] item: Life Orb
|move|p1a: baller|Quiver Dance|p1a: baller
|-boost|p1a: baller|spa|1
|-boost|p1a: baller|spd|1
|-boost|p1a: baller|spe|1
|
|-heal|p1a: baller|353\/374|[from] item: Leftovers
|turn|8
|
|move|p1a: baller|Quiver Dance|p1a: baller
|-boost|p1a: baller|spa|1
|-boost|p1a: baller|spd|1
|-boost|p1a: baller|spe|1
|move|p2a: Zapdos|Thunder|p1a: baller
|-damage|p1a: baller|239\/374
|-damage|p2a: Zapdos|130\/322|[from] item: Life Orb
|
|-heal|p1a: baller|262\/374|[from] item: Leftovers
|turn|9
|
|move|p1a: baller|Quiver Dance|p1a: baller
|-boost|p1a: baller|spa|1
|-boost|p1a: baller|spd|1
|-boost|p1a: baller|spe|1
|move|p2a: Zapdos|Thunder|p1a: baller|[miss]
|-miss|p2a: Zapdos|p1a: baller
|
|-heal|p1a: baller|285\/374|[from] item: Leftovers
|turn|10
|
|move|p1a: baller|Fiery Dance|p2a: Zapdos
|-damage|p2a: Zapdos|0 fnt
|-boost|p1a: baller|spa|1
|faint|p2a: Zapdos
|
|-heal|p1a: baller|308\/374|[from] item: Leftovers
|c|âthesecondbest|!data thunder
|c|~|\/data-move Thunder

|
|switch|p2a: Aerodactyl|Aerodactyl, F|301\/301
|-damage|p2a: Aerodactyl|226\/301|[from] Stealth Rock
|turn|11
|join|harrisonharry
|
|-formechange|p2a: Aerodactyl|Aerodactyl-Mega
|message|Aerodactyl has Mega Evolved into Mega Aerodactyl!
|move|p1a: baller|Bug Buzz|p2a: Aerodactyl
|-resisted|p2a: Aerodactyl
|-damage|p2a: Aerodactyl|13\/301
|move|p2a: Aerodactyl|Aerial Ace|p1a: baller
|-supereffective|p1a: baller
|-damage|p1a: baller|2\/374
|-status|p2a: Aerodactyl|brn
|
|-heal|p1a: baller|25\/374|[from] item: Leftovers
|-damage|p2a: Aerodactyl|0 fnt|[from] brn
|faint|p2a: Aerodactyl
|
|switch|p2a: Keldeo|Keldeo|324\/324
|-damage|p2a: Keldeo|304\/324|[from] Stealth Rock
|-damage|p2a: Keldeo|264\/324|[from] Spikes
|turn|12
|
|move|p1a: baller|Roost|p1a: baller
|-heal|p1a: baller|212\/374
|move|p2a: Keldeo|Stone Edge|p1a: baller
|-supereffective|p1a: baller
|-damage|p1a: baller|0 fnt
|faint|p1a: baller
|
|-heal|p2a: Keldeo|284\/324|[from] item: Leftovers
|chat|thesecondbest|Wut.
|chat|thesecondbest|*applause*
|
|switch|p1a: legit|Talonflame, M|298\/298
|turn|13
|
|move|p1a: legit|Brave Bird|p2a: Keldeo
|-supereffective|p2a: Keldeo
|-damage|p2a: Keldeo|0 fnt
|-damage|p1a: legit|204\/298|[from] recoil|[of] p2a: Keldeo
|faint|p2a: Keldeo
|
|
|switch|p2a: Heatran|Heatran, M|324\/324
|-damage|p2a: Heatran|284\/324|[from] Spikes
|-damage|p2a: Heatran|244\/324|[from] Stealth Rock
|turn|14
|
|move|p1a: legit|Brave Bird|p2a: Heatran
|-resisted|p2a: Heatran
|-damage|p2a: Heatran|166\/324
|-damage|p1a: legit|178\/298|[from] recoil|[of] p2a: Heatran
|move|p2a: Heatran|Will-O-Wisp|p1a: legit|[miss]
|-miss|p2a: Heatran|p1a: legit
|
|-heal|p2a: Heatran|186\/324|[from] item: Leftovers
|turn|15
|
|move|p1a: legit|Brave Bird|p2a: Heatran
|-resisted|p2a: Heatran
|-damage|p2a: Heatran|111\/324
|-damage|p1a: legit|153\/298|[from] recoil|[of] p2a: Heatran
|move|p2a: Heatran|Earth Power|p1a: legit
|-immune|p1a: legit|[msg]
|
|-heal|p2a: Heatran|131\/324|[from] item: Leftovers
|turn|16
|chat|thesecondbest|i aint leaving
|
|move|p1a: legit|Brave Bird|p2a: Heatran
|-resisted|p2a: Heatran
|-damage|p2a: Heatran|50\/324
|-damage|p1a: legit|126\/298|[from] recoil|[of] p2a: Heatran
|move|p2a: Heatran|Will-O-Wisp|p1a: legit|[miss]
|-miss|p2a: Heatran|p1a: legit
|
|-heal|p2a: Heatran|70\/324|[from] item: Leftovers
|turn|17
|chat|thesecondbest|im here to win
|
|move|p1a: legit|Brave Bird|p2a: Heatran
|-resisted|p2a: Heatran
|-damage|p2a: Heatran|0 fnt
|-damage|p1a: legit|103\/298|[from] recoil|[of] p2a: Heatran
|faint|p2a: Heatran
|
|
|switch|p2a: Deoxys-Speed|Deoxys-Speed, shiny|242\/242
|-damage|p2a: Deoxys-Speed|212\/242|[from] Stealth Rock
|-damage|p2a: Deoxys-Speed|182\/242|[from] Spikes
|-ability|p2a: Deoxys-Speed|Pressure
|turn|18
|
|move|p1a: legit|Brave Bird|p2a: Deoxys-Speed
|-damage|p2a: Deoxys-Speed|4\/242
|-damage|p1a: legit|44\/298|[from] recoil|[of] p2a: Deoxys-Speed
|-enditem|p1a: legit|Liechi Berry|[eat]
|-boost|p1a: legit|atk|1|[from] item: Liechi Berry
|move|p2a: Deoxys-Speed|Thunder|p1a: legit
|-supereffective|p1a: legit
|-damage|p1a: legit|0 fnt
|faint|p1a: legit
|
|-heal|p2a: Deoxys-Speed|19\/242|[from] item: Leftovers
|
|switch|p1a: badass|Salamence, M|331\/331
|turn|19
|
|move|p2a: Deoxys-Speed|Ice Beam|p1a: badass
|-supereffective|p1a: badass
|-damage|p1a: badass|0 fnt
|faint|p1a: badass
|
|-heal|p2a: Deoxys-Speed|34\/242|[from] item: Leftovers
|
|switch|p1a: nigga|Terrakion|323\/323
|turn|20
|
|move|p2a: Deoxys-Speed|Psychic|p1a: nigga
|-supereffective|p1a: nigga
|-damage|p1a: nigga|21\/323
|-enditem|p1a: nigga|Salac Berry|[eat]
|-boost|p1a: nigga|spe|1|[from] item: Salac Berry
|move|p1a: nigga|Close Combat|p2a: Deoxys-Speed
|-resisted|p2a: Deoxys-Speed
|-damage|p2a: Deoxys-Speed|0 fnt
|-unboost|p1a: nigga|def|1
|-unboost|p1a: nigga|spd|1
|faint|p2a: Deoxys-Speed
|
|
|switch|p2a: Dragonite|Dragonite, F, shiny|324\/324
|-damage|p2a: Dragonite|243\/324|[from] Stealth Rock
|turn|21
|
|move|p1a: nigga|Stone Edge|p2a: Dragonite
|-supereffective|p2a: Dragonite
|-damage|p2a: Dragonite|0 fnt
|faint|p2a: Dragonite
|
|win|thesecondbest
|raw|Ladder updating...
|raw|thesecondbest's rating: 1040 &rarr; <strong>1078<\/strong><br \/>(+38 for winning)
|raw|CozyNeptune's rating: 1077 &rarr; <strong>1053<\/strong><br \/>(-24 for losing)