|join|thesecondbest
|join|Matthewweir
|player|p1|thesecondbest|125
|player|p2|Matthewweir|269
|gametype|singles
|gen|6
|tier|OU
|rated
|clearpoke
|poke|p1|Volcarona, M
|poke|p1|Deoxys-Defense
|poke|p1|Landorus, M
|poke|p1|Charizard, F
|poke|p1|Salamence, F
|poke|p2|Cloyster, M, shiny
|poke|p2|Volcarona, M
|poke|p2|Chatot, F
|poke|p2|Charizard, M
|poke|p2|Dragonite, F
|poke|p2|Lanturn, F, shiny
|rule|Sleep Clause Mod: Limit one foe put to sleep
|rule|Species Clause: Limit one of each Pokemon
|rule|OHKO Clause: OHKO moves are banned
|rule|Moody Clause: Moody is banned
|rule|Evasion Moves Clause: Evasion moves are banned
|rule|Endless Battle Clause: Forcing endless battles is banned.
|rule|HP Percentage Mod: HP is reported as percentages
|teampreview
|
|start
|switch|p1a: i know i have 5|Deoxys-Defense|304\/304
|switch|p2a: confused yet?|Chatot, F|307\/307
|-ability|p1a: i know i have 5|Pressure
|turn|1
|-activate|p2a: confused yet?|item: Quick Claw
|
|move|p2a: confused yet?|Sing|p1a: i know i have 5
|-status|p1a: i know i have 5|slp
|cant|p1a: i know i have 5|slp
|
|turn|2
|
|move|p2a: confused yet?|Nasty Plot|p2a: confused yet?
|-boost|p2a: confused yet?|spa|2
|cant|p1a: i know i have 5|slp
|
|turn|3
|
|move|p2a: confused yet?|Chatter|p1a: i know i have 5
|-damage|p1a: i know i have 5|190\/304 slp
|-start|p1a: i know i have 5|confusion
|-enditem|p1a: i know i have 5|Red Card|[of] p2a: confused yet?
|drag|p2a: larry|Charizard, M|297\/297
|cant|p1a: i know i have 5|slp
|
|turn|4
|
|-formechange|p2a: larry|Charizard-Mega-X
|message|Charizard has Mega Evolved into Mega Charizard!
|move|p2a: larry|Dragon Dance|p2a: larry
|-boost|p2a: larry|atk|1
|-boost|p2a: larry|spe|1
|-curestatus|p1a: i know i have 5|slp
|-activate|p1a: i know i have 5|confusion
|move|p1a: i know i have 5|Thunder Wave|p2a: larry
|-status|p2a: larry|par
|
|turn|5
|
|-end|p1a: i know i have 5|confusion
|move|p1a: i know i have 5|Stealth Rock|p2a: larry
|-sidestart|p2: Matthewweir|move: Stealth Rock
|move|p2a: larry|Dragon Claw|p1a: i know i have 5
|-damage|p1a: i know i have 5|66\/304
|
|turn|6
|
|move|p1a: i know i have 5|Recover|p1a: i know i have 5
|-heal|p1a: i know i have 5|218\/304
|move|p2a: larry|Dragon Claw|p1a: i know i have 5
|-damage|p1a: i know i have 5|91\/304
|
|turn|7
|
|move|p1a: i know i have 5|Recover|p1a: i know i have 5
|-heal|p1a: i know i have 5|243\/304
|move|p2a: larry|Air Slash|p1a: i know i have 5
|-damage|p1a: i know i have 5|180\/304
|
|turn|8
|
|move|p1a: i know i have 5|Spikes|p2a: larry
|-sidestart|p2: Matthewweir|Spikes
|move|p2a: larry|Dragon Dance|p2a: larry
|-boost|p2a: larry|atk|1
|-boost|p2a: larry|spe|1
|
|turn|9
|
|move|p1a: i know i have 5|Spikes|p2a: larry
|-sidestart|p2: Matthewweir|Spikes
|move|p2a: larry|Dragon Claw|p1a: i know i have 5
|-damage|p1a: i know i have 5|30\/304
|
|turn|10
|
|move|p1a: i know i have 5|Spikes|p2a: larry
|-sidestart|p2: Matthewweir|Spikes
|move|p2a: larry|Dragon Dance|p2a: larry
|-boost|p2a: larry|atk|1
|-boost|p2a: larry|spe|1
|
|turn|11
|
|move|p1a: i know i have 5|Recover|p1a: i know i have 5
|-heal|p1a: i know i have 5|182\/304
|move|p2a: larry|Dragon Claw|p1a: i know i have 5
|-damage|p1a: i know i have 5|0 fnt
|faint|p1a: i know i have 5
|
|
|switch|p1a: badass|Salamence, F|331\/331
|turn|12
|
|move|p1a: badass|Outrage|p2a: larry
|-supereffective|p2a: larry
|-damage|p2a: larry|0 fnt
|faint|p2a: larry
|-boost|p1a: badass|atk|1|[from] ability: Moxie
|
|
|switch|p2a: e;e|Cloyster, M, shiny|272\/272
|-damage|p2a: e;e|204\/272|[from] Spikes
|-damage|p2a: e;e|136\/272|[from] Stealth Rock
|turn|13
|
|move|p1a: badass|Outrage|p2a: e;e
|-damage|p2a: e;e|0 fnt
|faint|p2a: e;e
|-boost|p1a: badass|atk|1|[from] ability: Moxie
|
|-end|p1a: badass|rampage
|-start|p1a: badass|confusion
|
|switch|p2a: jeffrey|Dragonite, F|323\/323
|-damage|p2a: jeffrey|243\/323|[from] Stealth Rock
|-enditem|p1a: badass|Lum Berry|[eat]
|-end|p1a: badass|confusion
|turn|14
|-message|Matthewweir forfeited.
|
|win|thesecondbest
|raw|Ladder updating...
|raw|thesecondbest's rating: 1158 &rarr; <strong>1180<\/strong><br \/>(+22 for winning)
|raw|Matthewweir's rating: 1121 &rarr; <strong>1099<\/strong><br \/>(-22 for losing)
|leave|Matthewweir
|player|p2