|join|thesecondbest
|join|ba$ed n bad
|player|p1|thesecondbest|269
|player|p2|ba$ed n bad|140
|gametype|singles
|gen|6
|tier|OU (suspect test)
|rated
|clearpoke
|poke|p1|Tyranitar, F
|poke|p1|Excadrill, M
|poke|p1|Azumarill, F
|poke|p1|Pinsir, M
|poke|p1|Talonflame, M
|poke|p1|Diggersby, F
|poke|p2|Latias, F
|poke|p2|Slowbro, F, shiny
|poke|p2|Hippowdon, F
|poke|p2|Charizard, F, shiny
|poke|p2|Heatran, M
|poke|p2|Jirachi
|rule|Swagger Clause: Swagger is banned
|rule|Baton Pass Clause: Limit one PokÃ©mon knowing Baton Pass
|rule|Sleep Clause Mod: Limit one foe put to sleep
|rule|Species Clause: Limit one of each PokÃ©mon
|rule|OHKO Clause: OHKO moves are banned
|rule|Moody Clause: Moody is banned
|rule|Evasion Moves Clause: Evasion moves are banned
|rule|Endless Battle Clause: Forcing endless battles is banned
|rule|HP Percentage Mod: HP is shown in percentages
|teampreview
|
|start
|switch|p1a: DDTTar|Tyranitar, F|341\/341
|switch|p2a: Heatran|Heatran, M|324\/324
|-item|p2a: Heatran|Air Balloon
|-weather|Sandstorm
|turn|1
|
|move|p2a: Heatran|Stealth Rock|p1a: DDTTar
|-sidestart|p1: thesecondbest|move: Stealth Rock
|move|p1a: DDTTar|Stealth Rock|p2a: Heatran
|-sidestart|p2: ba$ed n bad|move: Stealth Rock
|
|-weather|Sandstorm|[upkeep]
|turn|2
|
|move|p2a: Heatran|Flash Cannon|p1a: DDTTar
|-supereffective|p1a: DDTTar
|-damage|p1a: DDTTar|113\/341
|move|p1a: DDTTar|Crunch|p2a: Heatran
|-damage|p2a: Heatran|204\/324
|-enditem|p2a: Heatran|Air Balloon
|
|-weather|Sandstorm|[upkeep]
|turn|3
|
|move|p2a: Heatran|Flash Cannon|p1a: DDTTar
|-supereffective|p1a: DDTTar
|-damage|p1a: DDTTar|0 fnt
|faint|p1a: DDTTar
|
|-weather|Sandstorm|[upkeep]
|
|switch|p1a: Driller|Excadrill, M|369\/369
|-damage|p1a: Driller|358\/369|[from] Stealth Rock
|turn|4
|
|switch|p2a: Slowbro|Slowbro, F, shiny|394\/394
|-damage|p2a: Slowbro|345\/394|[from] Stealth Rock
|move|p1a: Driller|Rapid Spin|p2a: Slowbro
|-damage|p2a: Slowbro|320\/394
|-sideend|p1: thesecondbest|Stealth Rock|[from] move: Rapid Spin|[of] p1a: Driller
|-damage|p1a: Driller|322\/369|[from] item: Life Orb
|
|-weather|Sandstorm|[upkeep]
|-damage|p2a: Slowbro|296\/394|[from] sandstorm
|-heal|p2a: Slowbro|320\/394|[from] item: Leftovers
|turn|5
|
|move|p1a: Driller|Earthquake|p2a: Slowbro
|-damage|p2a: Slowbro|143\/394
|-damage|p1a: Driller|286\/369|[from] item: Life Orb
|move|p2a: Slowbro|Scald|p1a: Driller
|-supereffective|p1a: Driller
|-damage|p1a: Driller|8\/369
|
|-weather|Sandstorm|[upkeep]
|-damage|p2a: Slowbro|119\/394|[from] sandstorm
|-heal|p2a: Slowbro|143\/394|[from] item: Leftovers
|turn|6
|
|switch|p2a: Latias|Latias, F|319\/319
|-damage|p2a: Latias|280\/319|[from] Stealth Rock
|move|p1a: Driller|Earthquake|p2a: Latias
|-immune|p2a: Latias|[msg]
|
|-weather|Sandstorm|[upkeep]
|-damage|p2a: Latias|261\/319|[from] sandstorm
|turn|7
|
|move|p1a: Driller|Iron Head|p2a: Latias
|-damage|p2a: Latias|18\/319
|-damage|p1a: Driller|0 fnt|[from] item: Life Orb
|faint|p1a: Driller
|move|p2a: Latias|Defog|p1: Driller|[notarget]
|-notarget
|
|-weather|Sandstorm|[upkeep]
|-damage|p2a: Latias|0 fnt|[from] sandstorm
|faint|p2a: Latias
|
|switch|p1a: flame war|Talonflame, M|309\/309
|switch|p2a: Heatran|Heatran, M|204\/324
|-damage|p2a: Heatran|164\/324|[from] Stealth Rock
|turn|8
|
|move|p1a: flame war|U-turn|p2a: Heatran
|-resisted|p2a: Heatran
|-damage|p2a: Heatran|141\/324
|
|switch|p1a: Diggersby|Diggersby, F|311\/311
|move|p2a: Heatran|Stealth Rock|p1a: Diggersby
|-sidestart|p1: thesecondbest|move: Stealth Rock
|
|-weather|none
|turn|9
|
|move|p1a: Diggersby|Earthquake|p2a: Heatran
|-supereffective|p2a: Heatran
|-damage|p2a: Heatran|0 fnt
|-damage|p1a: Diggersby|280\/311|[from] item: Life Orb
|faint|p2a: Heatran
|
|
|switch|p2a: Charizard|Charizard, F, shiny|301\/301
|-damage|p2a: Charizard|151\/301|[from] Stealth Rock
|turn|10
|
|detailschange|p2a: Charizard|Charizard-Mega-Y, F, shiny
|-mega|p2a: Charizard|Charizard|Charizardite Y
|-weather|SunnyDay
|move|p2a: Charizard|Fire Blast|p1a: Diggersby
|-damage|p1a: Diggersby|0 fnt
|faint|p1a: Diggersby
|
|-weather|SunnyDay|[upkeep]
|
|switch|p1a: flame war|Talonflame, M|309\/309
|-damage|p1a: flame war|155\/309|[from] Stealth Rock
|turn|11
|
|move|p1a: flame war|Brave Bird|p2a: Charizard
|-damage|p2a: Charizard|0 fnt
|-damage|p1a: flame war|105\/309|[from] recoil|[of] p2a: Charizard
|faint|p2a: Charizard
|
|-weather|SunnyDay|[upkeep]
|
|switch|p2a: Slowbro|Slowbro, F, shiny|274\/394
|-damage|p2a: Slowbro|225\/394|[from] Stealth Rock
|turn|12
|
|move|p1a: flame war|Brave Bird|p2a: Slowbro
|-damage|p2a: Slowbro|44\/394
|-damage|p1a: flame war|45\/309|[from] recoil|[of] p2a: Slowbro
|move|p2a: Slowbro|Slack Off|p2a: Slowbro
|-heal|p2a: Slowbro|241\/394
|
|-weather|SunnyDay|[upkeep]
|-heal|p2a: Slowbro|265\/394|[from] item: Leftovers
|turn|13
|
|move|p1a: flame war|Brave Bird|p2a: Slowbro
|-damage|p2a: Slowbro|90\/394
|-damage|p1a: flame war|0 fnt|[from] recoil|[of] p2a: Slowbro
|faint|p1a: flame war
|move|p2a: Slowbro|Slack Off|p2a: Slowbro
|-heal|p2a: Slowbro|287\/394
|
|-weather|SunnyDay|[upkeep]
|-heal|p2a: Slowbro|311\/394|[from] item: Leftovers
|
|switch|p1a: Azumarill|Azumarill, F|341\/341
|-damage|p1a: Azumarill|299\/341|[from] Stealth Rock
|turn|14
|
|move|p1a: Azumarill|Belly Drum|p1a: Azumarill
|-damage|p1a: Azumarill|129\/341
|-setboost|p1a: Azumarill|atk|6|[from] move: Belly Drum
|-enditem|p1a: Azumarill|Sitrus Berry|[eat]
|-heal|p1a: Azumarill|214\/341|[from] item: Sitrus Berry
|move|p2a: Slowbro|Thunder Wave|p1a: Azumarill
|-status|p1a: Azumarill|par
|
|-weather|none
|-heal|p2a: Slowbro|335\/394|[from] item: Leftovers
|turn|15
|
|switch|p2a: Hippowdon|Hippowdon, F|420\/420
|-damage|p2a: Hippowdon|394\/420|[from] Stealth Rock
|-weather|Sandstorm
|cant|p1a: Azumarill|par
|
|-weather|Sandstorm|[upkeep]
|-damage|p1a: Azumarill|193\/341 par|[from] sandstorm
|-heal|p2a: Hippowdon|420\/420|[from] item: Leftovers
|turn|16
|
|cant|p1a: Azumarill|par
|move|p2a: Hippowdon|Earthquake|p1a: Azumarill
|-damage|p1a: Azumarill|33\/341 par
|
|-weather|Sandstorm|[upkeep]
|-damage|p1a: Azumarill|12\/341 par|[from] sandstorm
|turn|17
|
|cant|p1a: Azumarill|par
|move|p2a: Hippowdon|Slack Off|p2a: Hippowdon
|-fail|p2a: Hippowdon
|
|-weather|Sandstorm|[upkeep]
|-damage|p1a: Azumarill|0 fnt|[from] sandstorm
|faint|p1a: Azumarill
|c|âthesecondbest|WTF
|c|âthesecondbest|stop hacking
|
|switch|p1a: 4gotten|Pinsir, M|271\/271
|-damage|p1a: 4gotten|204\/271|[from] Stealth Rock
|turn|18
|
|move|p1a: 4gotten|Swords Dance|p1a: 4gotten
|-boost|p1a: 4gotten|atk|2
|move|p2a: Hippowdon|Toxic|p1a: 4gotten
|-status|p1a: 4gotten|tox
|
|-weather|Sandstorm|[upkeep]
|-damage|p1a: 4gotten|188\/271 tox|[from] sandstorm
|-damage|p1a: 4gotten|172\/271 tox|[from] psn
|turn|19
|
|detailschange|p1a: 4gotten|Pinsir-Mega, M
|-mega|p1a: 4gotten|Pinsir|Pinsirite
|move|p1a: 4gotten|Return|p2a: Hippowdon
|-damage|p2a: Hippowdon|0 fnt
|faint|p2a: Hippowdon
|
|-weather|none
|-damage|p1a: 4gotten|140\/271 tox|[from] psn
|
|switch|p2a: Jirachi|Jirachi|404\/404
|-damage|p2a: Jirachi|379\/404|[from] Stealth Rock
|turn|20
|
|move|p1a: 4gotten|Earthquake|p2a: Jirachi
|-supereffective|p2a: Jirachi
|-damage|p2a: Jirachi|0 fnt
|faint|p2a: Jirachi
|
|-damage|p1a: 4gotten|92\/271 tox|[from] psn
|
|switch|p2a: Slowbro|Slowbro, F, shiny|394\/394
|-damage|p2a: Slowbro|345\/394|[from] Stealth Rock
|turn|21
|
|move|p1a: 4gotten|Return|p2a: Slowbro
|-damage|p2a: Slowbro|3\/394
|move|p2a: Slowbro|Flamethrower|p1a: 4gotten
|-supereffective|p1a: 4gotten
|-damage|p1a: 4gotten|0 fnt
|faint|p1a: 4gotten
|
|win|ba$ed n bad
|raw|Ladder updating...
|raw|thesecondbest's rating: 1369 &rarr; <strong>1349<\/strong><br \/>(-20 for losing)
|raw|ba$ed n bad's rating: 1374 &rarr; <strong>1393<\/strong><br \/>(+19 for winning)
|leave|ba$ed n bad
|player|p2
|c|âthesecondbest|fuck you