|join|thesecondbest
|join|Riahi
|player|p1|thesecondbest|269
|player|p2|Riahi|168
|gametype|singles
|gen|6
|tier|OU (suspect test)
|rated
|clearpoke
|poke|p1|Politoed, F
|poke|p1|Swampert, F
|poke|p1|Kingdra, F
|poke|p1|Klefki, F
|poke|p1|Thundurus, M
|poke|p1|Breloom, M
|poke|p2|Gardevoir, F
|poke|p2|Landorus-Therian, M
|poke|p2|Rotom-Wash
|poke|p2|Ferrothorn, M
|poke|p2|Keldeo
|poke|p2|Bisharp, M
|rule|Swagger Clause: Swagger is banned
|rule|Baton Pass Clause: Limit one PokÃ©mon knowing Baton Pass
|rule|Sleep Clause Mod: Limit one foe put to sleep
|rule|Species Clause: Limit one of each PokÃ©mon
|rule|OHKO Clause: OHKO moves are banned
|rule|Moody Clause: Moody is banned
|rule|Evasion Moves Clause: Evasion moves are banned
|rule|Endless Battle Clause: Forcing endless battles is banned
|rule|HP Percentage Mod: HP is shown in percentages
|teampreview
|c|âthesecondbest|gl
|c|âRiahi|hf
|
|start
|switch|p1a: Politoed|Politoed, F|383\/383
|switch|p2a: Rotom-Wash|Rotom-Wash|303\/303
|-weather|RainDance
|turn|1
|
|move|p2a: Rotom-Wash|Will-O-Wisp|p1a: Politoed
|-status|p1a: Politoed|brn
|move|p1a: Politoed|Scald|p2a: Rotom-Wash
|-resisted|p2a: Rotom-Wash
|-damage|p2a: Rotom-Wash|245\/303
|
|-weather|RainDance|[upkeep]
|-heal|p2a: Rotom-Wash|263\/303|[from] item: Leftovers
|-damage|p1a: Politoed|336\/383 brn|[from] brn
|turn|2
|
|move|p2a: Rotom-Wash|Volt Switch|p1a: Politoed
|-supereffective|p1a: Politoed
|-damage|p1a: Politoed|168\/383 brn
|
|switch|p2a: Ferrothorn|Ferrothorn, M|352\/352
|move|p1a: Politoed|Scald|p2a: Ferrothorn
|-resisted|p2a: Ferrothorn
|-damage|p2a: Ferrothorn|310\/352
|
|-weather|RainDance|[upkeep]
|-damage|p1a: Politoed|121\/383 brn|[from] brn
|turn|3
|
|move|p1a: Politoed|Scald|p2a: Ferrothorn
|-resisted|p2a: Ferrothorn
|-damage|p2a: Ferrothorn|262\/352
|-status|p2a: Ferrothorn|brn
|move|p2a: Ferrothorn|Stealth Rock|p1a: Politoed
|-sidestart|p1: thesecondbest|move: Stealth Rock
|
|-weather|RainDance|[upkeep]
|-damage|p1a: Politoed|74\/383 brn|[from] brn
|-damage|p2a: Ferrothorn|218\/352 brn|[from] brn
|turn|4
|
|move|p1a: Politoed|Encore|p2a: Ferrothorn
|-start|p2a: Ferrothorn|Encore
|move|p2a: Ferrothorn|Stealth Rock|p1a: Politoed
|-fail|p1a: Politoed
|
|-weather|RainDance|[upkeep]
|-damage|p1a: Politoed|27\/383 brn|[from] brn
|-damage|p2a: Ferrothorn|174\/352 brn|[from] brn
|turn|5
|
|switch|p2a: Rotom-Wash|Rotom-Wash|263\/303
|move|p1a: Politoed|Rest|p1a: Politoed
|-status|p1a: Politoed|slp
|-heal|p1a: Politoed|383\/383 slp|[silent]
|-status|p1a: Politoed|slp|[from] move: Rest
|
|-weather|RainDance|[upkeep]
|-heal|p2a: Rotom-Wash|281\/303|[from] item: Leftovers
|turn|6
|
|switch|p1a: Klefki|Klefki, F|318\/318
|-damage|p1a: Klefki|299\/318|[from] Stealth Rock
|move|p2a: Rotom-Wash|Will-O-Wisp|p1a: Klefki
|-status|p1a: Klefki|brn
|
|-weather|RainDance|[upkeep]
|-heal|p2a: Rotom-Wash|299\/303|[from] item: Leftovers
|-damage|p1a: Klefki|260\/318 brn|[from] brn
|turn|7
|
|move|p1a: Klefki|Spikes|p2a: Rotom-Wash
|-sidestart|p2: Riahi|Spikes
|move|p2a: Rotom-Wash|Volt Switch|p1a: Klefki
|-damage|p1a: Klefki|176\/318 brn
|
|switch|p2a: Landorus-Therian|Landorus-Therian, M|319\/319
|-ability|p2a: Landorus-Therian|Intimidate|[of] p1a: Klefki
|-unboost|p1a: Klefki|atk|1
|
|-weather|RainDance|[upkeep]
|-damage|p1a: Klefki|137\/318 brn|[from] brn
|turn|8
|
|move|p1a: Klefki|Spikes|p2a: Landorus-Therian
|-sidestart|p2: Riahi|Spikes
|move|p2a: Landorus-Therian|Knock Off|p1a: Klefki
|-resisted|p1a: Klefki
|-damage|p1a: Klefki|81\/318 brn
|-enditem|p1a: Klefki|Damp Rock|[from] move: Knock Off|[of] p2a: Landorus-Therian
|
|-weather|none
|-damage|p1a: Klefki|42\/318 brn|[from] brn
|turn|9
|
|move|p1a: Klefki|Rain Dance|p1a: Klefki
|-weather|RainDance
|move|p2a: Landorus-Therian|Knock Off|p1a: Klefki
|-resisted|p1a: Klefki
|-damage|p1a: Klefki|6\/318 brn
|
|-weather|RainDance|[upkeep]
|-damage|p1a: Klefki|0 fnt|[from] brn
|faint|p1a: Klefki
|
|switch|p1a: Swampert|Swampert, F|341\/341
|-damage|p1a: Swampert|320\/341|[from] Stealth Rock
|turn|10
|
|switch|p2a: Ferrothorn|Ferrothorn, M|174\/352 brn
|-damage|p2a: Ferrothorn|116\/352 brn|[from] Spikes
|detailschange|p1a: Swampert|Swampert-Mega, F
|-mega|p1a: Swampert|Swampert|Swampertite
|move|p1a: Swampert|Waterfall|p2a: Ferrothorn
|-resisted|p2a: Ferrothorn
|-damage|p2a: Ferrothorn|20\/352 brn
|-damage|p1a: Swampert|278\/341|[from] ability: Iron Barbs|[of] p2a: Ferrothorn
|
|-weather|RainDance|[upkeep]
|-damage|p2a: Ferrothorn|0 fnt|[from] brn
|faint|p2a: Ferrothorn
|
|switch|p2a: Rotom-Wash|Rotom-Wash|299\/303
|turn|11
|
|switch|p1a: Thundurus|Thundurus, M|299\/299
|-damage|p1a: Thundurus|225\/299|[from] Stealth Rock
|move|p2a: Rotom-Wash|Volt Switch|p1a: Thundurus
|-damage|p1a: Thundurus|110\/299
|
|switch|p2a: Landorus-Therian|Landorus-Therian, M|319\/319
|-ability|p2a: Landorus-Therian|Intimidate|[of] p1a: Thundurus
|-unboost|p1a: Thundurus|atk|1
|-boost|p1a: Thundurus|atk|2|[from] ability: Defiant
|
|-weather|RainDance|[upkeep]
|turn|12
|
|move|p2a: Landorus-Therian|Knock Off|p1a: Thundurus
|-damage|p1a: Thundurus|0 fnt
|-enditem|p1a: Thundurus|Life Orb|[from] move: Knock Off|[of] p2a: Landorus-Therian
|faint|p1a: Thundurus
|
|-weather|RainDance|[upkeep]
|
|switch|p1a: Kingdra|Kingdra, F|291\/291
|-damage|p1a: Kingdra|255\/291|[from] Stealth Rock
|turn|13
|
|move|p1a: Kingdra|Hydro Pump|p2a: Landorus-Therian
|-supereffective|p2a: Landorus-Therian
|-damage|p2a: Landorus-Therian|0 fnt
|-damage|p1a: Kingdra|226\/291|[from] item: Life Orb
|faint|p2a: Landorus-Therian
|
|-weather|none
|
|switch|p2a: Keldeo|Keldeo|323\/323
|-damage|p2a: Keldeo|270\/323|[from] Spikes
|turn|14
|
|switch|p1a: Politoed|Politoed, F|383\/383 slp
|-damage|p1a: Politoed|336\/383 slp|[from] Stealth Rock
|-weather|RainDance
|move|p2a: Keldeo|Substitute|p2a: Keldeo
|-start|p2a: Keldeo|Substitute
|-damage|p2a: Keldeo|190\/323
|
|-weather|RainDance|[upkeep]
|-heal|p2a: Keldeo|210\/323|[from] item: Leftovers
|turn|15
|
|move|p2a: Keldeo|Calm Mind|p2a: Keldeo
|-boost|p2a: Keldeo|spa|1
|-boost|p2a: Keldeo|spd|1
|cant|p1a: Politoed|slp
|
|-weather|RainDance|[upkeep]
|-heal|p2a: Keldeo|230\/323|[from] item: Leftovers
|turn|16
|c|âthesecondbest|:S
|
|move|p2a: Keldeo|Calm Mind|p2a: Keldeo
|-boost|p2a: Keldeo|spa|1
|-boost|p2a: Keldeo|spd|1
|cant|p1a: Politoed|slp
|
|-weather|RainDance|[upkeep]
|-heal|p2a: Keldeo|250\/323|[from] item: Leftovers
|turn|17
|
|move|p2a: Keldeo|Secret Sword|p1a: Politoed
|-damage|p1a: Politoed|78\/383 slp
|-curestatus|p1a: Politoed|slp
|move|p1a: Politoed|Encore|p2a: Keldeo
|-start|p2a: Keldeo|Encore
|
|-weather|RainDance|[upkeep]
|-heal|p2a: Keldeo|270\/323|[from] item: Leftovers
|turn|18
|
|move|p2a: Keldeo|Secret Sword|p1a: Politoed
|-damage|p1a: Politoed|0 fnt
|faint|p1a: Politoed
|
|-weather|RainDance|[upkeep]
|-heal|p2a: Keldeo|290\/323|[from] item: Leftovers
|
|switch|p1a: Kingdra|Kingdra, F|226\/291
|-damage|p1a: Kingdra|190\/291|[from] Stealth Rock
|turn|19
|
|move|p1a: Kingdra|Outrage|p2a: Keldeo
|-end|p2a: Keldeo|Substitute
|-damage|p1a: Kingdra|161\/291|[from] item: Life Orb
|move|p2a: Keldeo|Secret Sword|p1a: Kingdra
|-crit|p1a: Kingdra
|-damage|p1a: Kingdra|0 fnt
|faint|p1a: Kingdra
|
|-weather|RainDance|[upkeep]
|-heal|p2a: Keldeo|310\/323|[from] item: Leftovers
|
|switch|p1a: Swampert|Swampert-Mega, F|278\/341
|-damage|p1a: Swampert|257\/341|[from] Stealth Rock
|turn|20
|
|move|p1a: Swampert|Earthquake|p2a: Keldeo
|-damage|p2a: Keldeo|54\/323
|move|p2a: Keldeo|Secret Sword|p1a: Swampert
|-damage|p1a: Swampert|0 fnt
|faint|p1a: Swampert
|
|-weather|RainDance|[upkeep]
|-heal|p2a: Keldeo|74\/323|[from] item: Leftovers
|-end|p2a: Keldeo|Encore
|
|switch|p1a: Breloom|Breloom, M|264\/264
|-damage|p1a: Breloom|248\/264|[from] Stealth Rock
|turn|21
|
|move|p2a: Keldeo|Secret Sword|p1a: Breloom
|-damage|p1a: Breloom|0 fnt
|faint|p1a: Breloom
|
|win|Riahi
|raw|Ladder updating...
|c|âRiahi|gg
|raw|thesecondbest's rating: 1407 &rarr; <strong>1387<\/strong><br \/>(-20 for losing)
|raw|Riahi's rating: 1407 &rarr; <strong>1427<\/strong><br \/>(+20 for winning)
|leave|thesecondbest