|join|BallinAssNikka
|join|gkuugu
|player|p1|BallinAssNikka|274
|player|p2|gkuugu|102
|gametype|singles
|gen|6
|tier|ORAS OU
|rated
|rule|Sleep Clause Mod: Limit one foe put to sleep
|rule|Species Clause: Limit one of each PokÃ©mon
|rule|OHKO Clause: OHKO moves are banned
|rule|Moody Clause: Moody is banned
|rule|Evasion Moves Clause: Evasion moves are banned
|rule|Endless Battle Clause: Forcing endless battles is banned
|rule|HP Percentage Mod: HP is shown in percentages
|clearpoke
|poke|p1|Salamence, M
|poke|p1|Breloom, F
|poke|p1|Gengar, F
|poke|p1|Dugtrio, M
|poke|p1|Azumarill, M
|poke|p1|Scizor, M
|poke|p2|Steelix, M, shiny
|poke|p2|Cresselia, F, shiny
|poke|p2|Blissey, F, shiny
|poke|p2|Goodra, F, shiny
|poke|p2|Rhyperior, M, shiny
|poke|p2|Ferrothorn, M, shiny
|rule|Swagger Clause: Swagger is banned
|rule|Baton Pass Clause: Limit one PokÃ©mon knowing Baton Pass
|teampreview
|join|TheAnimeSkeletor
|
|start
|switch|p1a: Gengar|Gengar, F|262\/262
|switch|p2a: Steelix|Steelix, M, shiny|354\/354
|turn|1
|
|switch|p2a: Goodra|Goodra, F, shiny|384\/384
|move|p1a: Gengar|Taunt|p2a: Goodra
|-start|p2a: Goodra|move: Taunt
|
|turn|2
|
|switch|p1a: Azumarill|Azumarill, M|404\/404
|move|p2a: Goodra|Power Whip|p1a: Azumarill
|-supereffective|p1a: Azumarill
|-damage|p1a: Azumarill|194\/404
|
|turn|3
|
|switch|p2a: Cresselia|Cresselia, F, shiny|444\/444
|move|p1a: Azumarill|Knock Off|p2a: Cresselia
|-supereffective|p2a: Cresselia
|-damage|p2a: Cresselia|274\/444
|-enditem|p2a: Cresselia|Leftovers|[from] move: Knock Off|[of] p1a: Azumarill
|
|turn|4
|
|switch|p1a: Scizor|Scizor, M|344\/344
|move|p2a: Cresselia|Thunder Wave|p1a: Scizor
|-status|p1a: Scizor|par
|
|turn|5
|
|switch|p2a: Steelix|Steelix, M, shiny|354\/354
|cant|p1a: Scizor|par
|
|turn|6
|
|switch|p1a: Azumarill|Azumarill, M|194\/404
|detailschange|p2a: Steelix|Steelix-Mega, M, shiny
|message|Steelix has Mega Evolved into Mega Steelix!
|move|p2a: Steelix|Stealth Rock|p1a: Azumarill
|-sidestart|p1: BallinAssNikka|move: Stealth Rock
|
|turn|7
|
|move|p1a: Azumarill|Knock Off|p2a: Steelix
|-damage|p2a: Steelix|318\/354
|move|p2a: Steelix|Earthquake|p1a: Azumarill
|-damage|p1a: Azumarill|29\/404
|
|turn|8
|
|switch|p2a: Cresselia|Cresselia, F, shiny|274\/444
|move|p1a: Azumarill|Waterfall|p2a: Cresselia
|-damage|p2a: Cresselia|166\/444
|
|turn|9
|
|switch|p1a: Scizor|Scizor, M|344\/344 par
|-damage|p1a: Scizor|301\/344 par|[from] Stealth Rock
|move|p2a: Cresselia|Moonlight|p2a: Cresselia
|-heal|p2a: Cresselia|388\/444
|
|turn|10
|
|switch|p2a: Steelix|Steelix-Mega, M, shiny|318\/354
|move|p1a: Scizor|U-turn|p2a: Steelix
|-resisted|p2a: Steelix
|-damage|p2a: Steelix|280\/354
|
|switch|p1a: Dugtrio|Dugtrio, M|212\/212
|-damage|p1a: Dugtrio|199\/212|[from] Stealth Rock
|
|turn|11
|
|move|p1a: Dugtrio|Stealth Rock|p2a: Steelix
|-sidestart|p2: gkuugu|move: Stealth Rock
|move|p2a: Steelix|Gyro Ball|p1a: Dugtrio
|-damage|p1a: Dugtrio|0 fnt
|faint|p1a: Dugtrio
|
|
|switch|p1a: Breloom|Breloom, F|262\/262
|-damage|p1a: Breloom|246\/262|[from] Stealth Rock
|turn|12
|
|switch|p2a: Cresselia|Cresselia, F, shiny|388\/444
|-damage|p2a: Cresselia|333\/444|[from] Stealth Rock
|move|p1a: Breloom|Mach Punch|p2a: Cresselia
|-resisted|p2a: Cresselia
|-damage|p2a: Cresselia|302\/444
|
|turn|13
|
|move|p1a: Breloom|Spore|p2a: Cresselia
|-status|p2a: Cresselia|slp
|cant|p2a: Cresselia|slp
|
|turn|14
|
|move|p1a: Breloom|Bullet Seed|p2a: Cresselia
|-damage|p2a: Cresselia|260\/444 slp
|-damage|p2a: Cresselia|221\/444 slp
|-damage|p2a: Cresselia|179\/444 slp
|-damage|p2a: Cresselia|139\/444 slp
|-damage|p2a: Cresselia|94\/444 slp
|-hitcount|p2a: Cresselia|5
|-curestatus|p2a: Cresselia|slp
|move|p2a: Cresselia|Thunder Wave|p1a: Breloom
|-status|p1a: Breloom|par
|
|turn|15
|c|âBallinAssNikka|well
|c|âBallinAssNikka|that sucks
|
|switch|p1a: Azumarill|Azumarill, M|29\/404
|-damage|p1a: Azumarill|0 fnt|[from] Stealth Rock
|faint|p1a: Azumarill
|move|p2a: Cresselia|Moonlight|p2a: Cresselia
|-heal|p2a: Cresselia|316\/444
|
|
|switch|p1a: Gengar|Gengar, F|262\/262
|-damage|p1a: Gengar|230\/262|[from] Stealth Rock
|turn|16
|
|switch|p2a: Goodra|Goodra, F, shiny|384\/384
|-damage|p2a: Goodra|336\/384|[from] Stealth Rock
|move|p1a: Gengar|Shadow Ball|p2a: Goodra
|-damage|p2a: Goodra|270\/384
|-damage|p1a: Gengar|204\/262|[from] item: Life Orb
|
|turn|17
|
|move|p1a: Gengar|Substitute|p1a: Gengar
|-start|p1a: Gengar|Substitute
|-damage|p1a: Gengar|139\/262
|move|p2a: Goodra|Dragon Pulse|p1a: Gengar
|-end|p1a: Gengar|Substitute
|
|turn|18
|
|move|p1a: Gengar|Destiny Bond|p1a: Gengar
|-singlemove|p1a: Gengar|Destiny Bond
|move|p2a: Goodra|Dragon Pulse|p1a: Gengar
|-damage|p1a: Gengar|0 fnt
|faint|p1a: Gengar
|-activate|p1a: Gengar|Destiny Bond
|faint|p2a: Goodra
|
|
|switch|p2a: Cresselia|Cresselia, F, shiny|316\/444
|-damage|p2a: Cresselia|261\/444|[from] Stealth Rock
|switch|p1a: Scizor|Scizor, M|301\/344 par
|-damage|p1a: Scizor|258\/344 par|[from] Stealth Rock
|turn|19
|leave|TheAnimeSkeletor
|
|move|p2a: Cresselia|Moonlight|p2a: Cresselia
|-heal|p2a: Cresselia|444\/444
|move|p1a: Scizor|U-turn|p2a: Cresselia
|-supereffective|p2a: Cresselia
|-damage|p2a: Cresselia|198\/444
|c|âBallinAssNikka|thats insane
|c|âBallinAssNikka|^
|
|switch|p1a: Breloom|Breloom, F|246\/262 par
|-damage|p1a: Breloom|230\/262 par|[from] Stealth Rock
|
|turn|20
|
|move|p2a: Cresselia|Psychic|p1a: Breloom
|-supereffective|p1a: Breloom
|-damage|p1a: Breloom|0 fnt
|faint|p1a: Breloom
|
|
|switch|p1a: Scizor|Scizor, M|258\/344 par
|-damage|p1a: Scizor|215\/344 par|[from] Stealth Rock
|turn|21
|
|move|p2a: Cresselia|Moonlight|p2a: Cresselia
|-heal|p2a: Cresselia|420\/444
|move|p1a: Scizor|U-turn|p2a: Cresselia
|-supereffective|p2a: Cresselia
|-damage|p2a: Cresselia|136\/444
|
|switch|p1a: Salamence|Salamence, M|331\/331
|-damage|p1a: Salamence|249\/331|[from] Stealth Rock
|-ability|p1a: Salamence|Intimidate|[of] p2a: Cresselia
|-unboost|p2a: Cresselia|atk|1
|
|turn|22
|
|switch|p1a: Scizor|Scizor, M|215\/344 par
|-damage|p1a: Scizor|172\/344 par|[from] Stealth Rock
|move|p2a: Cresselia|Ice Beam|p1a: Scizor
|-resisted|p1a: Scizor
|-damage|p1a: Scizor|139\/344 par
|
|turn|23
|
|switch|p2a: Steelix|Steelix-Mega, M, shiny|280\/354
|-damage|p2a: Steelix|269\/354|[from] Stealth Rock
|move|p1a: Scizor|U-turn|p2a: Steelix
|-resisted|p2a: Steelix
|-damage|p2a: Steelix|230\/354
|
|switch|p1a: Salamence|Salamence, M|249\/331
|-damage|p1a: Salamence|167\/331|[from] Stealth Rock
|-ability|p1a: Salamence|Intimidate|[of] p2a: Steelix
|-unboost|p2a: Steelix|atk|1
|
|turn|24
|
|detailschange|p1a: Salamence|Salamence-Mega, M
|message|Salamence has Mega Evolved into Mega Salamence!
|move|p1a: Salamence|Dragon Dance|p1a: Salamence
|-boost|p1a: Salamence|atk|1
|-boost|p1a: Salamence|spe|1
|move|p2a: Steelix|Dragon Tail|p1a: Salamence
|-supereffective|p1a: Salamence
|-damage|p1a: Salamence|99\/331
|drag|p1a: Scizor|Scizor, M|139\/344 par
|-damage|p1a: Scizor|96\/344 par|[from] Stealth Rock
|
|turn|25
|
|move|p2a: Steelix|Earthquake|p1a: Scizor
|-damage|p1a: Scizor|0 fnt
|faint|p1a: Scizor
|
|
|switch|p1a: Salamence|Salamence-Mega, M|99\/331
|-damage|p1a: Salamence|17\/331|[from] Stealth Rock
|turn|26
|
|move|p1a: Salamence|Fire Blast|p2a: Steelix
|-supereffective|p2a: Steelix
|-damage|p2a: Steelix|4\/354
|move|p2a: Steelix|Gyro Ball|p1a: Salamence
|-damage|p1a: Salamence|0 fnt
|faint|p1a: Salamence
|
|win|gkuugu
|raw|Ladder updating...
|c|âBallinAssNikka|ouch
|leave|BallinAssNikka
|player|p1
|raw|BallinAssNikka's rating: 1445 &rarr; <strong>1420<\/strong><br \/>(-25 for losing)
|raw|gkuugu's rating: 1362 &rarr; <strong>1386<\/strong><br \/>(+24 for winning)