|join|BallinAssNikka
|join|Vohlt
|player|p1|BallinAssNikka|274
|player|p2|Vohlt|118
|gametype|singles
|gen|6
|tier|OU
|rated
|clearpoke
|poke|p1|Breloom, F
|poke|p1|Skarmory, F
|poke|p1|Keldeo
|poke|p1|Dragonite, F, shiny
|poke|p1|Conkeldurr, M
|poke|p1|Gardevoir, F, shiny
|poke|p2|Hawlucha, F
|poke|p2|Raikou
|poke|p2|Heatran, F
|poke|p2|Landorus-Therian, M
|poke|p2|Latios, M
|poke|p2|Venusaur, F
|rule|Swagger Clause: Swagger is banned
|rule|Baton Pass Clause: Limit one PokÃ©mon knowing Baton Pass
|rule|Sleep Clause Mod: Limit one foe put to sleep
|rule|Species Clause: Limit one of each PokÃ©mon
|rule|OHKO Clause: OHKO moves are banned
|rule|Moody Clause: Moody is banned
|rule|Evasion Moves Clause: Evasion moves are banned
|rule|Endless Battle Clause: Forcing endless battles is banned
|rule|HP Percentage Mod: HP is reported as percentages
|teampreview
|
|start
|switch|p1a: Skarmory|Skarmory, F|334\/334
|switch|p2a: Landorus-Therian|Landorus-Therian, M|382\/382
|-ability|p2a: Landorus-Therian|Intimidate|[of] p1a: Skarmory
|-unboost|p1a: Skarmory|atk|1
|turn|1
|
|move|p2a: Landorus-Therian|Stealth Rock|p1a: Skarmory
|-sidestart|p1: BallinAssNikka|move: Stealth Rock
|move|p1a: Skarmory|Stealth Rock|p2a: Landorus-Therian
|-sidestart|p2: Vohlt|move: Stealth Rock
|
|turn|2
|
|move|p2a: Landorus-Therian|U-turn|p1a: Skarmory
|-resisted|p1a: Skarmory
|-damage|p1a: Skarmory|323\/334
|
|switch|p2a: Heatran|Heatran, F|386\/386
|-damage|p2a: Heatran|338\/386|[from] Stealth Rock
|move|p1a: Skarmory|Tailwind|p1a: Skarmory
|-sidestart|p1: BallinAssNikka|move: Tailwind
|
|-heal|p1a: Skarmory|334\/334|[from] item: Leftovers
|-heal|p2a: Heatran|362\/386|[from] item: Leftovers
|turn|3
|
|switch|p1a: Conkeldurr|Conkeldurr, M|366\/366
|-damage|p1a: Conkeldurr|344\/366|[from] Stealth Rock
|move|p2a: Heatran|Will-O-Wisp|p1a: Conkeldurr
|-status|p1a: Conkeldurr|brn
|
|-heal|p2a: Heatran|386\/386|[from] item: Leftovers
|-damage|p1a: Conkeldurr|299\/366 brn|[from] brn
|turn|4
|
|switch|p2a: Venusaur|Venusaur, F|364\/364
|-damage|p2a: Venusaur|319\/364|[from] Stealth Rock
|move|p1a: Conkeldurr|Drain Punch|p2a: Venusaur
|-resisted|p2a: Venusaur
|-damage|p2a: Venusaur|222\/364
|-heal|p1a: Conkeldurr|348\/366 brn|[from] drain|[of] p2a: Venusaur
|
|-damage|p1a: Conkeldurr|303\/366 brn|[from] brn
|turn|5
|
|detailschange|p2a: Venusaur|Venusaur-Mega, F
|message|Venusaur has Mega Evolved into Mega Venusaur!
|move|p1a: Conkeldurr|Ice Punch|p2a: Venusaur
|-supereffective|p2a: Venusaur
|-damage|p2a: Venusaur|126\/364
|move|p2a: Venusaur|Leech Seed|p1a: Conkeldurr
|-start|p1a: Conkeldurr|move: Leech Seed
|
|-damage|p1a: Conkeldurr|258\/366 brn|[from] Leech Seed|[of] p2a: Venusaur
|-heal|p2a: Venusaur|171\/364|[silent]
|-damage|p1a: Conkeldurr|213\/366 brn|[from] brn
|-sideend|p1: BallinAssNikka|move: Tailwind
|turn|6
|
|switch|p1a: Gardevoir|Gardevoir, F, shiny|300\/300
|-damage|p1a: Gardevoir|263\/300|[from] Stealth Rock
|-ability|p1a: Gardevoir|Thick Fat|[from] ability: Trace|[of] p2a: Venusaur
|move|p2a: Venusaur|Synthesis|p2a: Venusaur
|-heal|p2a: Venusaur|353\/364
|
|turn|7
|
|switch|p2a: Heatran|Heatran, F|386\/386
|-damage|p2a: Heatran|338\/386|[from] Stealth Rock
|detailschange|p1a: Gardevoir|Gardevoir-Mega, F, shiny
|message|Gardevoir has Mega Evolved into Mega Gardevoir!
|move|p1a: Gardevoir|Taunt|p2a: Heatran
|-start|p2a: Heatran|move: Taunt
|
|-heal|p2a: Heatran|362\/386|[from] item: Leftovers
|turn|8
|
|move|p1a: Gardevoir|Thunderbolt|p2a: Heatran
|-damage|p2a: Heatran|262\/386
|move|p2a: Heatran|Lava Plume|p1a: Gardevoir
|-damage|p1a: Gardevoir|166\/300
|
|-heal|p2a: Heatran|286\/386|[from] item: Leftovers
|turn|9
|
|move|p1a: Gardevoir|Thunderbolt|p2a: Heatran
|-damage|p2a: Heatran|185\/386
|move|p2a: Heatran|Lava Plume|p1a: Gardevoir
|-damage|p1a: Gardevoir|72\/300
|-status|p1a: Gardevoir|brn
|
|-heal|p2a: Heatran|209\/386|[from] item: Leftovers
|-damage|p1a: Gardevoir|35\/300 brn|[from] brn
|turn|10
|
|move|p1a: Gardevoir|Thunderbolt|p2a: Heatran
|-damage|p2a: Heatran|114\/386
|move|p2a: Heatran|Lava Plume|p1a: Gardevoir
|-damage|p1a: Gardevoir|0 fnt
|faint|p1a: Gardevoir
|
|-heal|p2a: Heatran|138\/386|[from] item: Leftovers
|-end|p2a: Heatran|move: Taunt
|
|switch|p1a: Keldeo|Keldeo|323\/323
|-damage|p1a: Keldeo|303\/323|[from] Stealth Rock
|turn|11
|
|switch|p2a: Venusaur|Venusaur-Mega, F|353\/364
|-damage|p2a: Venusaur|308\/364|[from] Stealth Rock
|move|p1a: Keldeo|Scald|p2a: Venusaur
|-resisted|p2a: Venusaur
|-damage|p2a: Venusaur|211\/364
|-status|p2a: Venusaur|brn
|
|-damage|p2a: Venusaur|166\/364 brn|[from] brn
|turn|12
|
|switch|p1a: Skarmory|Skarmory, F|334\/334
|-damage|p1a: Skarmory|293\/334|[from] Stealth Rock
|move|p2a: Venusaur|Leech Seed|p1a: Skarmory
|-start|p1a: Skarmory|move: Leech Seed
|
|-heal|p1a: Skarmory|313\/334|[from] item: Leftovers
|-damage|p1a: Skarmory|272\/334|[from] Leech Seed|[of] p2a: Venusaur
|-heal|p2a: Venusaur|207\/364 brn|[silent]
|-damage|p2a: Venusaur|162\/364 brn|[from] brn
|turn|13
|
|move|p2a: Venusaur|Hidden Power|p1a: Skarmory
|-supereffective|p1a: Skarmory
|-damage|p1a: Skarmory|120\/334
|move|p1a: Skarmory|Defog|p2a: Venusaur
|-unboost|p2a: Venusaur|evasion|1
|-sideend|p2: Vohlt|Stealth Rock|[from] move: Defog|[of] p2a: Venusaur
|-sideend|p1: BallinAssNikka|Stealth Rock|[from] move: Defog|[of] p1a: Skarmory
|
|-heal|p1a: Skarmory|140\/334|[from] item: Leftovers
|-damage|p1a: Skarmory|99\/334|[from] Leech Seed|[of] p2a: Venusaur
|-heal|p2a: Venusaur|203\/364 brn|[silent]
|-damage|p2a: Venusaur|158\/364 brn|[from] brn
|turn|14
|
|switch|p2a: Landorus-Therian|Landorus-Therian, M|382\/382
|-ability|p2a: Landorus-Therian|Intimidate|[of] p1a: Skarmory
|-unboost|p1a: Skarmory|atk|1
|switch|p1a: Dragonite|Dragonite, F, shiny|386\/386
|
|turn|15
|
|move|p2a: Landorus-Therian|U-turn|p1a: Dragonite
|-resisted|p1a: Dragonite
|-damage|p1a: Dragonite|366\/386
|
|switch|p2a: Heatran|Heatran, F|138\/386
|move|p1a: Dragonite|Outrage|p2a: Heatran
|-resisted|p2a: Heatran
|-damage|p2a: Heatran|0 fnt
|faint|p2a: Heatran
|
|
|switch|p2a: Landorus-Therian|Landorus-Therian, M|382\/382
|-ability|p2a: Landorus-Therian|Intimidate|[of] p1a: Dragonite
|-unboost|p1a: Dragonite|atk|1
|turn|16
|
|move|p2a: Landorus-Therian|Stealth Rock|p1a: Dragonite
|-sidestart|p1: BallinAssNikka|move: Stealth Rock
|move|p1a: Dragonite|Outrage|p2a: Landorus-Therian
|-crit|p2a: Landorus-Therian
|-damage|p2a: Landorus-Therian|0 fnt
|faint|p2a: Landorus-Therian
|
|-end|p1a: Dragonite|rampage
|-start|p1a: Dragonite|confusion
|
|switch|p2a: Hawlucha|Hawlucha, F|312\/312
|turn|17
|
|switch|p1a: Skarmory|Skarmory, F|99\/334
|-damage|p1a: Skarmory|58\/334|[from] Stealth Rock
|move|p2a: Hawlucha|Substitute|p2a: Hawlucha
|-start|p2a: Hawlucha|Substitute
|-damage|p2a: Hawlucha|234\/312
|
|-heal|p1a: Skarmory|78\/334|[from] item: Leftovers
|turn|18
|
|move|p2a: Hawlucha|High Jump Kick|p1a: Skarmory
|-damage|p1a: Skarmory|0 fnt
|faint|p1a: Skarmory
|
|
|switch|p1a: Breloom|Breloom, F|262\/262
|-damage|p1a: Breloom|246\/262|[from] Stealth Rock
|turn|19
|
|move|p1a: Breloom|Mach Punch|p2a: Hawlucha
|-resisted|p2a: Hawlucha
|-activate|p2a: Hawlucha|Substitute|[damage]
|move|p2a: Hawlucha|Swords Dance|p2a: Hawlucha
|-boost|p2a: Hawlucha|atk|2
|
|turn|20
|
|move|p2a: Hawlucha|Acrobatics|p1a: Breloom
|-supereffective|p1a: Breloom
|-damage|p1a: Breloom|0 fnt
|faint|p1a: Breloom
|
|
|switch|p1a: Conkeldurr|Conkeldurr, M|213\/366 brn
|-damage|p1a: Conkeldurr|191\/366 brn|[from] Stealth Rock
|turn|21
|
|move|p1a: Conkeldurr|Mach Punch|p2a: Hawlucha
|-resisted|p2a: Hawlucha
|-end|p2a: Hawlucha|Substitute
|move|p2a: Hawlucha|Acrobatics|p1a: Conkeldurr
|-supereffective|p1a: Conkeldurr
|-damage|p1a: Conkeldurr|0 fnt
|faint|p1a: Conkeldurr
|
|
|switch|p1a: Dragonite|Dragonite, F, shiny|366\/386
|-damage|p1a: Dragonite|270\/386|[from] Stealth Rock
|turn|22
|
|move|p1a: Dragonite|Extreme Speed|p2a: Hawlucha
|-damage|p2a: Hawlucha|41\/312
|-enditem|p2a: Hawlucha|Sitrus Berry|[eat]
|-heal|p2a: Hawlucha|119\/312|[from] item: Sitrus Berry
|move|p2a: Hawlucha|Acrobatics|p1a: Dragonite
|-damage|p1a: Dragonite|0 fnt
|faint|p1a: Dragonite
|
|join|Bolde Swoup
|leave|BallinAssNikka
|player|p1
|leave|Bolde Swoup
|-message|ballinassnikka lost due to inactivity.
|
|win|Vohlt
|raw|Ladder updating...
|raw|BallinAssNikka's rating: 1676 &rarr; <strong>1656<\/strong><br \/>(-20 for losing)
|raw|Vohlt's rating: 1670 &rarr; <strong>1690<\/strong><br \/>(+20 for winning)