|join|asdafscvxdrycv
|join|BallinAssNikka
|player|p1|asdafscvxdrycv|169
|player|p2|BallinAssNikka|274
|gametype|singles
|gen|6
|tier|OU
|rated
|clearpoke
|poke|p1|Slowbro, M
|poke|p1|Gliscor, M
|poke|p1|Amoonguss, F
|poke|p1|Jirachi
|poke|p1|Charizard, F
|poke|p1|Ditto
|poke|p2|Medicham, F
|poke|p2|Terrakion
|poke|p2|Heatran, M
|poke|p2|Latias, F
|poke|p2|Chesnaught, M
|poke|p2|Sylveon, F
|rule|Swagger Clause: Swagger is banned
|rule|Baton Pass Clause: Limit one PokÃ©mon knowing Baton Pass
|rule|Sleep Clause Mod: Limit one foe put to sleep
|rule|Species Clause: Limit one of each PokÃ©mon
|rule|OHKO Clause: OHKO moves are banned
|rule|Moody Clause: Moody is banned
|rule|Evasion Moves Clause: Evasion moves are banned
|rule|Endless Battle Clause: Forcing endless battles is banned
|rule|HP Percentage Mod: HP is shown in percentages
|teampreview
|
|start
|switch|p1a: Slowbro|Slowbro, M|394\/394
|switch|p2a: Chesnaught|Chesnaught, M|380\/380
|turn|1
|
|switch|p1a: Amoonguss|Amoonguss, F|432\/432
|move|p2a: Chesnaught|Spikes|p1a: Amoonguss
|-sidestart|p1: asdafscvxdrycv|Spikes
|
|turn|2
|
|switch|p1a: Ditto|Ditto|299\/299
|-damage|p1a: Ditto|262\/299|[from] Spikes
|-transform|p1a: Ditto|p2a: Chesnaught
|move|p2a: Chesnaught|Spikes|p1a: Ditto
|-sidestart|p1: asdafscvxdrycv|Spikes
|
|turn|3
|
|switch|p2a: Heatran|Heatran, M|386\/386
|move|p1a: Ditto|Spikes|p2a: Heatran
|-sidestart|p2: BallinAssNikka|Spikes
|
|turn|4
|
|switch|p1a: Gliscor|Gliscor, M|352\/352
|move|p2a: Heatran|Stealth Rock|p1a: Gliscor
|-sidestart|p1: asdafscvxdrycv|move: Stealth Rock
|
|-status|p1a: Gliscor|tox|[from] item: Toxic Orb
|turn|5
|
|move|p1a: Gliscor|Toxic|p2a: Heatran|[miss]
|-miss|p1a: Gliscor|p2a: Heatran
|move|p2a: Heatran|Roar|p1a: Gliscor
|drag|p1a: Charizard|Charizard, F|359\/359
|-damage|p1a: Charizard|180\/359|[from] Stealth Rock
|
|turn|6
|
|detailschange|p1a: Charizard|Charizard-Mega-X, F
|message|Charizard has Mega Evolved into Mega Charizard!
|move|p1a: Charizard|Roost|p1a: Charizard
|-heal|p1a: Charizard|359\/359
|move|p2a: Heatran|Roar|p1a: Charizard
|drag|p1a: Ditto|Ditto|262\/299
|-damage|p1a: Ditto|213\/299|[from] Spikes
|-damage|p1a: Ditto|176\/299|[from] Stealth Rock
|-transform|p1a: Ditto|p2a: Heatran
|
|turn|7
|
|switch|p2a: Latias|Latias, F|302\/302
|move|p1a: Ditto|Stealth Rock|p2a: Latias
|-sidestart|p2: BallinAssNikka|move: Stealth Rock
|
|turn|8
|
|switch|p2a: Heatran|Heatran, M|386\/386
|-damage|p2a: Heatran|338\/386|[from] Spikes
|-damage|p2a: Heatran|290\/386|[from] Stealth Rock
|switch|p1a: Jirachi|Jirachi|403\/403
|-damage|p1a: Jirachi|336\/403|[from] Spikes
|-damage|p1a: Jirachi|311\/403|[from] Stealth Rock
|
|-heal|p1a: Jirachi|336\/403|[from] item: Leftovers
|-heal|p2a: Heatran|314\/386|[from] item: Leftovers
|turn|9
|
|switch|p1a: Slowbro|Slowbro, M|394\/394
|-damage|p1a: Slowbro|345\/394|[from] Stealth Rock
|-damage|p1a: Slowbro|280\/394|[from] Spikes
|move|p2a: Heatran|Earth Power|p1a: Slowbro
|-damage|p1a: Slowbro|183\/394
|
|-heal|p2a: Heatran|338\/386|[from] item: Leftovers
|-heal|p1a: Slowbro|207\/394|[from] item: Leftovers
|turn|10
|
|move|p1a: Slowbro|Thunder Wave|p2a: Heatran
|-status|p2a: Heatran|par
|move|p2a: Heatran|Roar|p1a: Slowbro
|drag|p1a: Amoonguss|Amoonguss, F|432\/432
|-damage|p1a: Amoonguss|360\/432|[from] Spikes
|-damage|p1a: Amoonguss|306\/432|[from] Stealth Rock
|
|-heal|p1a: Amoonguss|333\/432|[from] item: Black Sludge
|-heal|p2a: Heatran|362\/386 par|[from] item: Leftovers
|turn|11
|
|switch|p1a: Gliscor|Gliscor, M|352\/352 tox
|-damage|p1a: Gliscor|308\/352 tox|[from] Stealth Rock
|move|p2a: Heatran|Lava Plume|p1a: Gliscor
|-crit|p1a: Gliscor
|-damage|p1a: Gliscor|148\/352 tox
|
|-heal|p2a: Heatran|386\/386 par|[from] item: Leftovers
|-heal|p1a: Gliscor|192\/352 tox|[from] ability: Poison Heal
|turn|12
|
|switch|p2a: Latias|Latias, F|302\/302
|-damage|p2a: Latias|265\/302|[from] Stealth Rock
|move|p1a: Gliscor|Roost|p1a: Gliscor
|-heal|p1a: Gliscor|352\/352 tox
|
|turn|13
|
|move|p2a: Latias|Draco Meteor|p1a: Gliscor|[miss]
|-miss|p2a: Latias|p1a: Gliscor
|move|p1a: Gliscor|Roost|p1a: Gliscor
|-fail|p1a: Gliscor
|
|turn|14
|
|move|p2a: Latias|Draco Meteor|p1a: Gliscor
|-damage|p1a: Gliscor|110\/352 tox
|-unboost|p2a: Latias|spa|2
|-damage|p2a: Latias|235\/302|[from] item: Life Orb
|move|p1a: Gliscor|Toxic|p2a: Latias
|-status|p2a: Latias|tox
|
|-damage|p2a: Latias|217\/302 tox|[from] psn
|-heal|p1a: Gliscor|154\/352 tox|[from] ability: Poison Heal
|turn|15
|
|switch|p2a: Medicham|Medicham, F|261\/261
|-damage|p2a: Medicham|245\/261|[from] Stealth Rock
|-damage|p2a: Medicham|213\/261|[from] Spikes
|move|p1a: Gliscor|Toxic|p2a: Medicham|[miss]
|-miss|p1a: Gliscor|p2a: Medicham
|
|-heal|p1a: Gliscor|198\/352 tox|[from] ability: Poison Heal
|turn|16
|
|switch|p1a: Slowbro|Slowbro, M|338\/394
|-damage|p1a: Slowbro|273\/394|[from] Spikes
|-damage|p1a: Slowbro|224\/394|[from] Stealth Rock
|detailschange|p2a: Medicham|Medicham-Mega, F
|message|Medicham has Mega Evolved into Mega Medicham!
|move|p2a: Medicham|Substitute|p2a: Medicham
|-start|p2a: Medicham|Substitute
|-damage|p2a: Medicham|148\/261
|
|-heal|p1a: Slowbro|248\/394|[from] item: Leftovers
|turn|17
|
|move|p2a: Medicham|Ice Punch|p1a: Slowbro
|-resisted|p1a: Slowbro
|-damage|p1a: Slowbro|199\/394
|move|p1a: Slowbro|Slack Off|p1a: Slowbro
|-heal|p1a: Slowbro|394\/394
|
|turn|18
|
|move|p2a: Medicham|Ice Punch|p1a: Slowbro
|-resisted|p1a: Slowbro
|-damage|p1a: Slowbro|347\/394
|move|p1a: Slowbro|Scald|p2a: Medicham
|-end|p2a: Medicham|Substitute
|
|-heal|p1a: Slowbro|371\/394|[from] item: Leftovers
|turn|19
|
|switch|p2a: Sylveon|Sylveon, F|394\/394
|-damage|p2a: Sylveon|345\/394|[from] Stealth Rock
|-damage|p2a: Sylveon|296\/394|[from] Spikes
|move|p1a: Slowbro|Thunder Wave|p2a: Sylveon
|-status|p2a: Sylveon|par
|
|-heal|p1a: Slowbro|394\/394|[from] item: Leftovers
|-heal|p2a: Sylveon|320\/394 par|[from] item: Leftovers
|turn|20
|
|switch|p1a: Jirachi|Jirachi|336\/403
|-damage|p1a: Jirachi|311\/403|[from] Stealth Rock
|-damage|p1a: Jirachi|244\/403|[from] Spikes
|move|p2a: Sylveon|Heal Bell|p2a: Sylveon
|-cureteam|p2a: Sylveon|[from] move: HealBell
|
|-heal|p1a: Jirachi|269\/403|[from] item: Leftovers
|-heal|p2a: Sylveon|344\/394|[from] item: Leftovers
|turn|21
|
|switch|p2a: Heatran|Heatran, M|386\/386
|-damage|p2a: Heatran|338\/386|[from] Stealth Rock
|-damage|p2a: Heatran|290\/386|[from] Spikes
|move|p1a: Jirachi|Body Slam|p2a: Heatran
|-resisted|p2a: Heatran
|-damage|p2a: Heatran|258\/386
|-status|p2a: Heatran|par
|
|-heal|p1a: Jirachi|294\/403|[from] item: Leftovers
|-heal|p2a: Heatran|282\/386 par|[from] item: Leftovers
|turn|22
|
|switch|p1a: Gliscor|Gliscor, M|198\/352 tox
|-damage|p1a: Gliscor|154\/352 tox|[from] Stealth Rock
|move|p2a: Heatran|Roar|p1a: Gliscor
|drag|p1a: Slowbro|Slowbro, M|394\/394
|-damage|p1a: Slowbro|329\/394|[from] Spikes
|-damage|p1a: Slowbro|280\/394|[from] Stealth Rock
|
|-heal|p1a: Slowbro|304\/394|[from] item: Leftovers
|-heal|p2a: Heatran|306\/386 par|[from] item: Leftovers
|turn|23
|
|move|p1a: Slowbro|Scald|p2a: Heatran
|-supereffective|p2a: Heatran
|-damage|p2a: Heatran|168\/386 par
|move|p2a: Heatran|Roar|p1a: Slowbro
|drag|p1a: Jirachi|Jirachi|294\/403
|-damage|p1a: Jirachi|269\/403|[from] Stealth Rock
|-damage|p1a: Jirachi|202\/403|[from] Spikes
|
|-heal|p1a: Jirachi|227\/403|[from] item: Leftovers
|-heal|p2a: Heatran|192\/386 par|[from] item: Leftovers
|turn|24
|
|move|p1a: Jirachi|Protect|p1a: Jirachi
|-singleturn|p1a: Jirachi|Protect
|move|p2a: Heatran|Lava Plume|p1a: Jirachi
|-activate|p1a: Jirachi|Protect
|
|-heal|p1a: Jirachi|252\/403|[from] item: Leftovers
|-heal|p2a: Heatran|216\/386 par|[from] item: Leftovers
|turn|25
|
|move|p1a: Jirachi|Iron Head|p2a: Heatran
|-resisted|p2a: Heatran
|-damage|p2a: Heatran|193\/386 par
|cant|p2a: Heatran|par
|
|-heal|p1a: Jirachi|277\/403|[from] item: Leftovers
|-heal|p2a: Heatran|217\/386 par|[from] item: Leftovers
|turn|26
|
|move|p1a: Jirachi|Protect|p1a: Jirachi
|-singleturn|p1a: Jirachi|Protect
|cant|p2a: Heatran|par
|
|-heal|p1a: Jirachi|302\/403|[from] item: Leftovers
|-heal|p2a: Heatran|241\/386 par|[from] item: Leftovers
|turn|27
|
|switch|p1a: Gliscor|Gliscor, M|154\/352 tox
|-damage|p1a: Gliscor|110\/352 tox|[from] Stealth Rock
|cant|p2a: Heatran|par
|
|-heal|p2a: Heatran|265\/386 par|[from] item: Leftovers
|-heal|p1a: Gliscor|154\/352 tox|[from] ability: Poison Heal
|turn|28
|
|move|p1a: Gliscor|Roost|p1a: Gliscor
|-heal|p1a: Gliscor|330\/352 tox
|move|p2a: Heatran|Roar|p1a: Gliscor
|drag|p1a: Amoonguss|Amoonguss, F|432\/432
|-damage|p1a: Amoonguss|360\/432|[from] Spikes
|-damage|p1a: Amoonguss|306\/432|[from] Stealth Rock
|
|-heal|p1a: Amoonguss|333\/432|[from] item: Black Sludge
|-heal|p2a: Heatran|289\/386 par|[from] item: Leftovers
|turn|29
|
|switch|p1a: Gliscor|Gliscor, M|330\/352 tox
|-damage|p1a: Gliscor|286\/352 tox|[from] Stealth Rock
|move|p2a: Heatran|Lava Plume|p1a: Gliscor
|-damage|p1a: Gliscor|172\/352 tox
|
|-heal|p2a: Heatran|313\/386 par|[from] item: Leftovers
|-heal|p1a: Gliscor|216\/352 tox|[from] ability: Poison Heal
|turn|30
|
|move|p1a: Gliscor|Roost|p1a: Gliscor
|-heal|p1a: Gliscor|352\/352 tox
|cant|p2a: Heatran|par
|
|-heal|p2a: Heatran|337\/386 par|[from] item: Leftovers
|turn|31
|
|move|p1a: Gliscor|Toxic|p2a: Heatran
|-fail|p2a: Heatran
|move|p2a: Heatran|Roar|p1a: Gliscor
|drag|p1a: Jirachi|Jirachi|302\/403
|-damage|p1a: Jirachi|277\/403|[from] Stealth Rock
|-damage|p1a: Jirachi|210\/403|[from] Spikes
|
|-heal|p1a: Jirachi|235\/403|[from] item: Leftovers
|-heal|p2a: Heatran|361\/386 par|[from] item: Leftovers
|turn|32
|c|âBallinAssNikka|no eq on that thing?
|
|move|p1a: Jirachi|Protect|p1a: Jirachi
|-singleturn|p1a: Jirachi|Protect
|move|p2a: Heatran|Lava Plume|p1a: Jirachi
|-activate|p1a: Jirachi|Protect
|
|-heal|p1a: Jirachi|260\/403|[from] item: Leftovers
|-heal|p2a: Heatran|385\/386 par|[from] item: Leftovers
|turn|33
|
|switch|p1a: Gliscor|Gliscor, M|352\/352 tox
|-damage|p1a: Gliscor|308\/352 tox|[from] Stealth Rock
|cant|p2a: Heatran|par
|
|-heal|p2a: Heatran|386\/386 par|[from] item: Leftovers
|-heal|p1a: Gliscor|352\/352 tox|[from] ability: Poison Heal
|turn|34
|
|move|p1a: Gliscor|Taunt|p2a: Heatran
|-start|p2a: Heatran|move: Taunt
|cant|p2a: Heatran|move: Taunt|Roar
|
|turn|35
|
|switch|p2a: Latias|Latias, F|217\/302
|-damage|p2a: Latias|180\/302|[from] Stealth Rock
|move|p1a: Gliscor|Toxic|p2a: Latias
|-status|p2a: Latias|tox
|
|-damage|p2a: Latias|162\/302 tox|[from] psn
|turn|36
|
|move|p2a: Latias|Defog|p1a: Gliscor
|-unboost|p1a: Gliscor|evasion|1
|-sideend|p1: asdafscvxdrycv|Spikes|[from] move: Defog|[of] p1a: Gliscor
|-sideend|p1: asdafscvxdrycv|Stealth Rock|[from] move: Defog|[of] p1a: Gliscor
|-sideend|p2: BallinAssNikka|Spikes|[from] move: Defog|[of] p2a: Latias
|-sideend|p2: BallinAssNikka|Stealth Rock|[from] move: Defog|[of] p2a: Latias
|move|p1a: Gliscor|Taunt|p2a: Latias
|-start|p2a: Latias|move: Taunt
|
|-damage|p2a: Latias|126\/302 tox|[from] psn
|turn|37
|
|switch|p2a: Chesnaught|Chesnaught, M|380\/380
|move|p1a: Gliscor|Toxic|p2a: Chesnaught
|-status|p2a: Chesnaught|tox
|
|-damage|p2a: Chesnaught|357\/380 tox|[from] psn
|turn|38
|
|switch|p2a: Sylveon|Sylveon, F|344\/394
|move|p1a: Gliscor|Taunt|p2a: Sylveon
|-start|p2a: Sylveon|move: Taunt
|
|-heal|p2a: Sylveon|368\/394|[from] item: Leftovers
|turn|39
|
|switch|p1a: Jirachi|Jirachi|260\/403
|move|p2a: Sylveon|Hyper Voice|p1a: Jirachi
|-resisted|p1a: Jirachi
|-damage|p1a: Jirachi|203\/403
|
|-heal|p1a: Jirachi|228\/403|[from] item: Leftovers
|-heal|p2a: Sylveon|392\/394|[from] item: Leftovers
|turn|40
|
|switch|p1a: Charizard|Charizard-Mega-X, F|359\/359
|switch|p2a: Heatran|Heatran, M|386\/386 par
|
|turn|41
|
|move|p1a: Charizard|Earthquake|p2a: Heatran
|-supereffective|p2a: Heatran
|-damage|p2a: Heatran|0 fnt
|faint|p2a: Heatran
|
|
|switch|p2a: Sylveon|Sylveon, F|392\/394
|turn|42
|
|move|p1a: Charizard|Flare Blitz|p2a: Sylveon
|-damage|p2a: Sylveon|161\/394
|-damage|p1a: Charizard|283\/359|[from] recoil|[of] p2a: Sylveon
|move|p2a: Sylveon|Calm Mind|p2a: Sylveon
|-boost|p2a: Sylveon|spa|1
|-boost|p2a: Sylveon|spd|1
|
|-heal|p2a: Sylveon|185\/394|[from] item: Leftovers
|turn|43
|
|move|p1a: Charizard|Flare Blitz|p2a: Sylveon
|-damage|p2a: Sylveon|0 fnt
|-damage|p1a: Charizard|222\/359|[from] recoil|[of] p2a: Sylveon
|faint|p2a: Sylveon
|
|
|switch|p2a: Medicham|Medicham-Mega, F|148\/261
|turn|44
|
|switch|p1a: Slowbro|Slowbro, M|394\/394
|move|p2a: Medicham|Drain Punch|p1a: Slowbro
|-resisted|p1a: Slowbro
|-damage|p1a: Slowbro|313\/394
|-heal|p2a: Medicham|189\/261|[from] drain|[of] p1a: Slowbro
|
|-heal|p1a: Slowbro|337\/394|[from] item: Leftovers
|turn|45
|c|âasdafscvxdrycv|and yes, i do have eq on gliscor
|
|switch|p2a: Chesnaught|Chesnaught, M|357\/380 tox
|move|p1a: Slowbro|Psyshock|p2a: Chesnaught
|-supereffective|p2a: Chesnaught
|-damage|p2a: Chesnaught|237\/380 tox
|
|-heal|p2a: Chesnaught|260\/380 tox|[from] item: Leftovers
|-heal|p1a: Slowbro|361\/394|[from] item: Leftovers
|-damage|p2a: Chesnaught|237\/380 tox|[from] psn
|turn|46
|
|switch|p1a: Ditto|Ditto|176\/299
|-transform|p1a: Ditto|p2a: Chesnaught
|move|p2a: Chesnaught|Spikes|p1a: Ditto
|-sidestart|p1: asdafscvxdrycv|Spikes
|
|-heal|p2a: Chesnaught|260\/380 tox|[from] item: Leftovers
|-damage|p2a: Chesnaught|214\/380 tox|[from] psn
|turn|47
|
|move|p1a: Ditto|Spikes|p2a: Chesnaught
|-sidestart|p2: BallinAssNikka|Spikes
|move|p2a: Chesnaught|Spikes|p1a: Ditto
|-sidestart|p1: asdafscvxdrycv|Spikes
|
|-heal|p2a: Chesnaught|237\/380 tox|[from] item: Leftovers
|-damage|p2a: Chesnaught|168\/380 tox|[from] psn
|turn|48
|
|move|p1a: Ditto|Spikes|p2a: Chesnaught
|-sidestart|p2: BallinAssNikka|Spikes
|move|p2a: Chesnaught|Spikes|p1a: Ditto
|-sidestart|p1: asdafscvxdrycv|Spikes
|
|-heal|p2a: Chesnaught|191\/380 tox|[from] item: Leftovers
|-damage|p2a: Chesnaught|99\/380 tox|[from] psn
|turn|49
|
|switch|p2a: Medicham|Medicham-Mega, F|189\/261
|-damage|p2a: Medicham|146\/261|[from] Spikes
|move|p1a: Ditto|Spikes|p2a: Medicham
|-sidestart|p2: BallinAssNikka|Spikes
|
|turn|50
|
|switch|p1a: Slowbro|Slowbro, M|394\/394
|-damage|p1a: Slowbro|296\/394|[from] Spikes
|move|p2a: Medicham|Ice Punch|p1a: Slowbro
|-resisted|p1a: Slowbro
|-damage|p1a: Slowbro|247\/394
|
|-heal|p1a: Slowbro|271\/394|[from] item: Leftovers
|turn|51
|
|move|p2a: Medicham|Ice Punch|p1a: Slowbro
|-resisted|p1a: Slowbro
|-damage|p1a: Slowbro|221\/394
|move|p1a: Slowbro|Thunder Wave|p2a: Medicham
|-status|p2a: Medicham|par
|
|-heal|p1a: Slowbro|245\/394|[from] item: Leftovers
|turn|52
|c|âasdafscvxdrycv|gg
|leave|BallinAssNikka
|player|p2
|-message|ballinassnikka lost due to inactivity.
|
|win|asdafscvxdrycv
|raw|Ladder updating...
|raw|Ladder (probably) updated, but score could not be retrieved (timeout).
|raw|Ladder (probably) updated, but score could not be retrieved (Error: socket hang up).