|join|BallinAssNikka
|join|lil manaphy
|player|p1|BallinAssNikka|274
|player|p2|lil manaphy|37
|gametype|singles
|gen|6
|tier|OU
|rated
|clearpoke
|poke|p1|Medicham, F
|poke|p1|Ditto
|poke|p1|Landorus-Therian, M
|poke|p1|Heatran, M
|poke|p1|Breloom, F
|poke|p1|Thundurus, M
|poke|p2|Medicham, M
|poke|p2|Gothitelle, F
|poke|p2|Rotom-Wash
|poke|p2|Landorus-Therian, M
|poke|p2|Heatran, M
|poke|p2|Sylveon, M
|rule|Swagger Clause: Swagger is banned
|rule|Baton Pass Clause: Limit one PokÃ©mon knowing Baton Pass
|rule|Sleep Clause Mod: Limit one foe put to sleep
|rule|Species Clause: Limit one of each PokÃ©mon
|rule|OHKO Clause: OHKO moves are banned
|rule|Moody Clause: Moody is banned
|rule|Evasion Moves Clause: Evasion moves are banned
|rule|Endless Battle Clause: Forcing endless battles is banned
|rule|HP Percentage Mod: HP is shown in percentages
|teampreview
|
|start
|switch|p1a: Landorus-Therian|Landorus-Therian, M|382\/382
|switch|p2a: Gothitelle|Gothitelle, F|301\/301
|-ability|p1a: Landorus-Therian|Intimidate|[of] p2a: Gothitelle
|-unboost|p2a: Gothitelle|atk|1
|turn|1
|
|switch|p2a: Landorus-Therian|Landorus-Therian, M|382\/382
|-ability|p2a: Landorus-Therian|Intimidate|[of] p1a: Landorus-Therian
|-unboost|p1a: Landorus-Therian|atk|1
|move|p1a: Landorus-Therian|U-turn|p2a: Landorus-Therian
|-resisted|p2a: Landorus-Therian
|-damage|p2a: Landorus-Therian|361\/382
|
|switch|p1a: Thundurus|Thundurus, M|299\/299
|
|-heal|p2a: Landorus-Therian|382\/382|[from] item: Leftovers
|turn|2
|
|move|p1a: Thundurus|Knock Off|p2a: Landorus-Therian
|-damage|p2a: Landorus-Therian|296\/382
|-enditem|p2a: Landorus-Therian|Leftovers|[from] move: Knock Off|[of] p1a: Thundurus
|-damage|p1a: Thundurus|270\/299|[from] item: Life Orb
|move|p2a: Landorus-Therian|Stone Edge|p1a: Thundurus|[miss]
|-miss|p2a: Landorus-Therian|p1a: Thundurus
|
|turn|3
|
|switch|p2a: Sylveon|Sylveon, M|394\/394
|move|p1a: Thundurus|Hidden Power|p2a: Sylveon
|-damage|p2a: Sylveon|328\/394
|-damage|p1a: Thundurus|241\/299|[from] item: Life Orb
|
|-heal|p2a: Sylveon|352\/394|[from] item: Leftovers
|turn|4
|
|switch|p1a: Heatran|Heatran, M|323\/323
|switch|p2a: Medicham|Medicham, M|261\/261
|
|turn|5
|
|switch|p1a: Landorus-Therian|Landorus-Therian, M|382\/382
|-ability|p1a: Landorus-Therian|Intimidate|[of] p2a: Medicham
|-unboost|p2a: Medicham|atk|1
|detailschange|p2a: Medicham|Medicham-Mega, M
|message|Medicham has Mega Evolved into Mega Medicham!
|move|p2a: Medicham|Drain Punch|p1a: Landorus-Therian
|-resisted|p1a: Landorus-Therian
|-damage|p1a: Landorus-Therian|317\/382
|
|-heal|p1a: Landorus-Therian|340\/382|[from] item: Leftovers
|turn|6
|
|move|p2a: Medicham|Ice Punch|p1a: Landorus-Therian
|-supereffective|p1a: Landorus-Therian
|-damage|p1a: Landorus-Therian|0 fnt
|faint|p1a: Landorus-Therian
|
|
|switch|p1a: Ditto|Ditto|299\/299
|-transform|p1a: Ditto|p2a: Medicham
|turn|7
|
|switch|p2a: Rotom-Wash|Rotom-Wash|303\/303
|move|p1a: Ditto|Zen Headbutt|p2a: Rotom-Wash
|-damage|p2a: Rotom-Wash|188\/303
|
|-heal|p2a: Rotom-Wash|206\/303|[from] item: Leftovers
|turn|8
|
|switch|p1a: Heatran|Heatran, M|323\/323
|move|p2a: Rotom-Wash|Volt Switch|p1a: Heatran
|-damage|p1a: Heatran|239\/323
|
|switch|p2a: Medicham|Medicham-Mega, M|261\/261
|
|turn|9
|
|move|p2a: Medicham|Drain Punch|p1a: Heatran
|-supereffective|p1a: Heatran
|-damage|p1a: Heatran|0 fnt
|faint|p1a: Heatran
|
|
|switch|p1a: Ditto|Ditto|299\/299
|-transform|p1a: Ditto|p2a: Medicham
|turn|10
|
|switch|p2a: Rotom-Wash|Rotom-Wash|206\/303
|move|p1a: Ditto|Zen Headbutt|p2a: Rotom-Wash
|-damage|p2a: Rotom-Wash|7\/303
|
|-heal|p2a: Rotom-Wash|25\/303|[from] item: Leftovers
|turn|11
|
|switch|p2a: Landorus-Therian|Landorus-Therian, M|296\/382
|-ability|p2a: Landorus-Therian|Intimidate|[of] p1a: Ditto
|-unboost|p1a: Ditto|atk|1
|move|p1a: Ditto|Zen Headbutt|p2a: Landorus-Therian
|-damage|p2a: Landorus-Therian|172\/382
|
|turn|12
|
|switch|p1a: Thundurus|Thundurus, M|241\/299
|move|p2a: Landorus-Therian|Stealth Rock|p1a: Thundurus
|-sidestart|p1: BallinAssNikka|move: Stealth Rock
|
|turn|13
|
|move|p1a: Thundurus|Knock Off|p2a: Landorus-Therian
|-damage|p2a: Landorus-Therian|112\/382
|-damage|p1a: Thundurus|212\/299|[from] item: Life Orb
|move|p2a: Landorus-Therian|Stone Edge|p1a: Thundurus
|-supereffective|p1a: Thundurus
|-damage|p1a: Thundurus|0 fnt
|faint|p1a: Thundurus
|
|chat|BallinAssNikka|damnit lol
|chat|BallinAssNikka|poor match for me
|
|switch|p1a: Medicham|Medicham, F|262\/262
|-damage|p1a: Medicham|246\/262|[from] Stealth Rock
|turn|14
|
|detailschange|p1a: Medicham|Medicham-Mega, F
|message|Medicham has Mega Evolved into Mega Medicham!
|move|p1a: Medicham|Ice Punch|p2a: Landorus-Therian
|-supereffective|p2a: Landorus-Therian
|-damage|p2a: Landorus-Therian|0 fnt
|faint|p2a: Landorus-Therian
|
|
|switch|p2a: Gothitelle|Gothitelle, F|301\/301
|turn|15
|
|move|p2a: Gothitelle|Psychic|p1a: Medicham
|-damage|p1a: Medicham|90\/262
|move|p1a: Medicham|Ice Punch|p2a: Gothitelle
|-damage|p2a: Gothitelle|134\/301
|
|turn|16
|
|move|p2a: Gothitelle|Psychic|p1a: Medicham
|-damage|p1a: Medicham|0 fnt
|faint|p1a: Medicham
|
|
|switch|p1a: Ditto|Ditto|299\/299
|-damage|p1a: Ditto|262\/299|[from] Stealth Rock
|-transform|p1a: Ditto|p2a: Gothitelle
|turn|17
|
|switch|p2a: Rotom-Wash|Rotom-Wash|25\/303
|move|p1a: Ditto|Psychic|p2a: Rotom-Wash
|-damage|p2a: Rotom-Wash|0 fnt
|faint|p2a: Rotom-Wash
|
|
|switch|p2a: Heatran|Heatran, M|386\/386
|turn|18
|
|switch|p1a: Breloom|Breloom, F|262\/262
|-damage|p1a: Breloom|246\/262|[from] Stealth Rock
|move|p2a: Heatran|Lava Plume|p1a: Breloom
|-supereffective|p1a: Breloom
|-damage|p1a: Breloom|0 fnt
|faint|p1a: Breloom
|
|chat|lil manaphy|gg
|
|switch|p1a: Ditto|Ditto|262\/299
|-damage|p1a: Ditto|225\/299|[from] Stealth Rock
|-transform|p1a: Ditto|p2a: Heatran
|turn|19
|-message|BallinAssNikka forfeited.
|
|win|lil manaphy
|raw|Ladder updating...
|leave|BallinAssNikka
|player|p1
|raw|BallinAssNikka's rating: 1833 &rarr; <strong>1815<\/strong><br \/>(-18 for losing)
|raw|lil manaphy's rating: 1870 &rarr; <strong>1887<\/strong><br \/>(+17 for winning)