|join|Fyuop
|join|BallinAssNikka
|player|p1|Fyuop|290
|player|p2|BallinAssNikka|1
|gametype|singles
|gen|6
|tier|OU
|rated
|clearpoke
|poke|p1|Tyranitar, M
|poke|p1|Talonflame, M
|poke|p1|Keldeo-Resolute
|poke|p1|Landorus-Therian, M
|poke|p1|Tentacruel, F
|poke|p1|Ferrothorn, M
|poke|p2|Smeargle, M
|poke|p2|Dragonite, F
|poke|p2|Dugtrio, M
|poke|p2|Sableye, F
|poke|p2|Terrakion
|poke|p2|Jirachi
|rule|Swagger Clause: Swagger is banned
|rule|Baton Pass Clause: Limit one PokÃ©mon knowing Baton Pass
|rule|Sleep Clause Mod: Limit one foe put to sleep
|rule|Species Clause: Limit one of each PokÃ©mon
|rule|OHKO Clause: OHKO moves are banned
|rule|Moody Clause: Moody is banned
|rule|Evasion Moves Clause: Evasion moves are banned
|rule|Endless Battle Clause: Forcing endless battles is banned
|rule|HP Percentage Mod: HP is shown in percentages
|teampreview
|
|start
|switch|p1a: Talonflame|Talonflame, M|299\/299
|switch|p2a: Smeargle|Smeargle, M|314\/314
|turn|1
|
|move|p1a: Talonflame|U-turn|p2a: Smeargle
|-damage|p2a: Smeargle|159\/314
|
|switch|p1a: Ferrothorn|Ferrothorn, M|352\/352
|move|p2a: Smeargle|Stealth Rock|p1a: Ferrothorn
|-sidestart|p1: Fyuop|move: Stealth Rock
|
|turn|2
|
|move|p2a: Smeargle|Sticky Web|p1a: Ferrothorn
|-sidestart|p1: Fyuop|move: Sticky Web
|move|p1a: Ferrothorn|Spikes|p2a: Smeargle
|-sidestart|p2: BallinAssNikka|Spikes
|
|turn|3
|
|switch|p2a: Sableye|Sableye, F|303\/303
|-damage|p2a: Sableye|266\/303|[from] Spikes
|switch|p1a: Tentacruel|Tentacruel, F|357\/357
|-activate|p1a: Tentacruel|move: Sticky Web
|-unboost|p1a: Tentacruel|spe|1
|-damage|p1a: Tentacruel|313\/357|[from] Stealth Rock
|
|-heal|p1a: Tentacruel|335\/357|[from] item: Black Sludge
|turn|4
|
|detailschange|p2a: Sableye|Sableye-Mega, F
|message|Sableye has Mega Evolved into Mega Sableye!
|move|p2a: Sableye|Substitute|p2a: Sableye
|-start|p2a: Sableye|Substitute
|-damage|p2a: Sableye|191\/303
|move|p1a: Tentacruel|Scald|p2a: Sableye
|-activate|p2a: Sableye|Substitute|[damage]
|
|-heal|p1a: Tentacruel|357\/357|[from] item: Black Sludge
|turn|5
|
|move|p1a: Tentacruel|Scald|p2a: Sableye
|-end|p2a: Sableye|Substitute
|move|p2a: Sableye|Substitute|p2a: Sableye
|-start|p2a: Sableye|Substitute
|-damage|p2a: Sableye|116\/303
|
|turn|6
|
|move|p1a: Tentacruel|Sludge Wave|p2a: Sableye
|-resisted|p2a: Sableye
|-activate|p2a: Sableye|Substitute|[damage]
|move|p2a: Sableye|Recover|p2a: Sableye
|-heal|p2a: Sableye|268\/303
|
|turn|7
|
|switch|p1a: Tyranitar|Tyranitar, M|341\/341
|-activate|p1a: Tyranitar|move: Sticky Web
|-unboost|p1a: Tyranitar|spe|1
|-damage|p1a: Tyranitar|299\/341|[from] Stealth Rock
|-weather|Sandstorm
|move|p2a: Sableye|Calm Mind|p2a: Sableye
|-boost|p2a: Sableye|spa|1
|-boost|p2a: Sableye|spd|1
|
|-weather|Sandstorm|[upkeep]
|-damage|p2a: Sableye|250\/303|[from] sandstorm
|turn|8
|
|detailschange|p1a: Tyranitar|Tyranitar-Mega, M
|message|Tyranitar has Mega Evolved into Mega Tyranitar!
|move|p1a: Tyranitar|Dragon Dance|p1a: Tyranitar
|-boost|p1a: Tyranitar|atk|1
|-boost|p1a: Tyranitar|spe|1
|move|p2a: Sableye|Dark Pulse|p1a: Tyranitar
|-resisted|p1a: Tyranitar
|-damage|p1a: Tyranitar|263\/341
|
|-weather|Sandstorm|[upkeep]
|-damage|p2a: Sableye|232\/303|[from] sandstorm
|turn|9
|
|switch|p2a: Jirachi|Jirachi|341\/341
|-damage|p2a: Jirachi|299\/341|[from] Spikes
|move|p1a: Tyranitar|Dragon Dance|p1a: Tyranitar
|-boost|p1a: Tyranitar|atk|1
|-boost|p1a: Tyranitar|spe|1
|
|-weather|Sandstorm|[upkeep]
|turn|10
|
|move|p2a: Jirachi|Iron Head|p1a: Tyranitar
|-supereffective|p1a: Tyranitar
|-damage|p1a: Tyranitar|93\/341
|cant|p1a: Tyranitar|flinch
|
|-weather|Sandstorm|[upkeep]
|turn|11
|
|switch|p1a: Keldeo-Resolute|Keldeo-Resolute|324\/324
|-damage|p1a: Keldeo-Resolute|304\/324|[from] Stealth Rock
|-activate|p1a: Keldeo-Resolute|move: Sticky Web
|-unboost|p1a: Keldeo-Resolute|spe|1
|move|p2a: Jirachi|Iron Head|p1a: Keldeo-Resolute
|-resisted|p1a: Keldeo-Resolute
|-damage|p1a: Keldeo-Resolute|235\/324
|
|-weather|none
|turn|12
|
|switch|p2a: Smeargle|Smeargle, M|159\/314
|-damage|p2a: Smeargle|120\/314|[from] Spikes
|move|p1a: Keldeo-Resolute|Hydro Pump|p2a: Smeargle
|-damage|p2a: Smeargle|0 fnt
|faint|p2a: Smeargle
|
|
|switch|p2a: Dragonite|Dragonite, F|323\/323
|turn|13
|
|switch|p1a: Landorus-Therian|Landorus-Therian, M|381\/381
|-damage|p1a: Landorus-Therian|334\/381|[from] Stealth Rock
|-ability|p1a: Landorus-Therian|Intimidate|[of] p2a: Dragonite
|-unboost|p2a: Dragonite|atk|1
|move|p2a: Dragonite|Superpower|p1a: Landorus-Therian
|-crit|p1a: Landorus-Therian
|-resisted|p1a: Landorus-Therian
|-damage|p1a: Landorus-Therian|193\/381
|-unboost|p2a: Dragonite|atk|1
|-unboost|p2a: Dragonite|def|1
|
|-heal|p1a: Landorus-Therian|216\/381|[from] item: Leftovers
|turn|14
|
|switch|p2a: Jirachi|Jirachi|299\/341
|-damage|p2a: Jirachi|257\/341|[from] Spikes
|move|p1a: Landorus-Therian|Stealth Rock|p2a: Jirachi
|-sidestart|p2: BallinAssNikka|move: Stealth Rock
|
|-heal|p1a: Landorus-Therian|239\/381|[from] item: Leftovers
|turn|15
|
|move|p2a: Jirachi|Trick|p1a: Landorus-Therian
|-activate|p2a: Jirachi|move: Trick|[of] p1a: Landorus-Therian
|-item|p1a: Landorus-Therian|Choice Scarf|[from] move: Trick
|-item|p2a: Jirachi|Leftovers|[from] move: Trick
|move|p1a: Landorus-Therian|Earthquake|p2a: Jirachi
|-supereffective|p2a: Jirachi
|-damage|p2a: Jirachi|0 fnt
|faint|p2a: Jirachi
|
|
|switch|p2a: Dragonite|Dragonite, F|323\/323
|-damage|p2a: Dragonite|243\/323|[from] Stealth Rock
|turn|16
|
|switch|p1a: Tentacruel|Tentacruel, F|357\/357
|-damage|p1a: Tentacruel|313\/357|[from] Stealth Rock
|-activate|p1a: Tentacruel|move: Sticky Web
|-unboost|p1a: Tentacruel|spe|1
|move|p2a: Dragonite|Outrage|p1a: Tentacruel
|-damage|p1a: Tentacruel|0 fnt
|faint|p1a: Tentacruel
|
|
|switch|p1a: Ferrothorn|Ferrothorn, M|352\/352
|-damage|p1a: Ferrothorn|330\/352|[from] Stealth Rock
|-activate|p1a: Ferrothorn|move: Sticky Web
|-unboost|p1a: Ferrothorn|spe|1
|turn|17
|
|move|p2a: Dragonite|Outrage|p1a: Ferrothorn
|-resisted|p1a: Ferrothorn
|-damage|p1a: Ferrothorn|201\/352
|-damage|p2a: Dragonite|203\/323|[from] ability: Iron Barbs|[of] p1a: Ferrothorn
|move|p1a: Ferrothorn|Spikes|p2a: Dragonite
|-sidestart|p2: BallinAssNikka|Spikes
|
|-end|p2a: Dragonite|rampage
|-start|p2a: Dragonite|confusion
|turn|18
|
|switch|p2a: Sableye|Sableye-Mega, F|232\/303
|-damage|p2a: Sableye|182\/303|[from] Spikes
|-damage|p2a: Sableye|145\/303|[from] Stealth Rock
|move|p1a: Ferrothorn|Spikes|p2a: Sableye
|move|p2a: Sableye|Spikes|p1a: Ferrothorn|[from]Magic Bounce
|-sidestart|p1: Fyuop|Spikes
|
|turn|19
|
|move|p2a: Sableye|Recover|p2a: Sableye
|-heal|p2a: Sableye|297\/303
|move|p1a: Ferrothorn|Leech Seed|p2a: Sableye
|move|p2a: Sableye|Leech Seed|p1a: Ferrothorn|[from]Magic Bounce
|-immune|p1a: Ferrothorn|[msg]
|
|turn|20
|
|switch|p2a: Dugtrio|Dugtrio, M|212\/212
|-damage|p2a: Dugtrio|199\/212|[from] Stealth Rock
|-damage|p2a: Dugtrio|164\/212|[from] Spikes
|switch|p1a: Keldeo-Resolute|Keldeo-Resolute|235\/324
|-activate|p1a: Keldeo-Resolute|move: Sticky Web
|-unboost|p1a: Keldeo-Resolute|spe|1
|-damage|p1a: Keldeo-Resolute|215\/324|[from] Stealth Rock
|-damage|p1a: Keldeo-Resolute|175\/324|[from] Spikes
|
|turn|21
|
|move|p2a: Dugtrio|Earthquake|p1a: Keldeo-Resolute
|-damage|p1a: Keldeo-Resolute|28\/324
|move|p1a: Keldeo-Resolute|Hydro Pump|p2a: Dugtrio|[miss]
|-miss|p1a: Keldeo-Resolute|p2a: Dugtrio
|
|turn|22
|c|âFyuop|yee
|c|âFyuop|lost to hax
|c|âBallinAssNikka|lol dugtrio so weak x_x
|c|âFyuop|cool
|
|move|p2a: Dugtrio|Earthquake|p1a: Keldeo-Resolute
|-damage|p1a: Keldeo-Resolute|0 fnt
|faint|p1a: Keldeo-Resolute
|
|
|switch|p1a: Landorus-Therian|Landorus-Therian, M|239\/381
|-damage|p1a: Landorus-Therian|192\/381|[from] Stealth Rock
|-ability|p1a: Landorus-Therian|Intimidate|[of] p2a: Dugtrio
|-unboost|p2a: Dugtrio|atk|1
|turn|23
|c|âBallinAssNikka|things werent lookin good for you bro
|c|âBallinAssNikka|i wouldnt blame that miss x_x
|c|âFyuop|GO
|
|switch|p2a: Dragonite|Dragonite, F|203\/323
|-damage|p2a: Dragonite|123\/323|[from] Stealth Rock
|move|p1a: Landorus-Therian|Stone Edge|p2a: Dragonite|[miss]
|-miss|p1a: Landorus-Therian|p2a: Dragonite
|
|turn|24
|c|âFyuop|pn-uewi0nfugi0e=iqe0=gi3J9-o ferrothorn tÃ¡ perdendo os Efforts dele toda vez que reseto o 3DS2342CT4MI4-I24,2T,CT2C,CT,C,-IT2CITC-C2JC
|
|move|p2a: Dragonite|Extreme Speed|p1a: Landorus-Therian
|-damage|p1a: Landorus-Therian|45\/381
|move|p1a: Landorus-Therian|Stone Edge|p2a: Dragonite
|-supereffective|p2a: Dragonite
|-damage|p2a: Dragonite|0 fnt
|faint|p2a: Dragonite
|
|
|switch|p2a: Terrakion|Terrakion|323\/323
|-damage|p2a: Terrakion|270\/323|[from] Spikes
|-damage|p2a: Terrakion|250\/323|[from] Stealth Rock
|turn|25
|
|switch|p1a: Tyranitar|Tyranitar-Mega, M|93\/341
|-damage|p1a: Tyranitar|51\/341|[from] Stealth Rock
|-activate|p1a: Tyranitar|move: Sticky Web
|-unboost|p1a: Tyranitar|spe|1
|-damage|p1a: Tyranitar|9\/341|[from] Spikes
|-weather|Sandstorm
|move|p2a: Terrakion|Stone Edge|p1a: Tyranitar
|-damage|p1a: Tyranitar|0 fnt
|-damage|p2a: Terrakion|218\/323|[from] item: Life Orb
|faint|p1a: Tyranitar
|
|-weather|Sandstorm|[upkeep]
|
|switch|p1a: Ferrothorn|Ferrothorn, M|201\/352
|-activate|p1a: Ferrothorn|move: Sticky Web
|-unboost|p1a: Ferrothorn|spe|1
|-damage|p1a: Ferrothorn|179\/352|[from] Stealth Rock
|-damage|p1a: Ferrothorn|135\/352|[from] Spikes
|turn|26
|
|move|p2a: Terrakion|Close Combat|p1a: Ferrothorn
|-supereffective|p1a: Ferrothorn
|-damage|p1a: Ferrothorn|0 fnt
|-damage|p2a: Terrakion|178\/323|[from] ability: Iron Barbs|[of] p1a: Ferrothorn
|-unboost|p2a: Terrakion|def|1
|-unboost|p2a: Terrakion|spd|1
|-damage|p2a: Terrakion|146\/323|[from] item: Life Orb
|faint|p1a: Ferrothorn
|
|-weather|Sandstorm|[upkeep]
|
|switch|p1a: Talonflame|Talonflame, M|299\/299
|-damage|p1a: Talonflame|150\/299|[from] Stealth Rock
|turn|27
|
|move|p1a: Talonflame|Brave Bird|p2a: Terrakion
|-damage|p2a: Terrakion|0 fnt
|-damage|p1a: Talonflame|102\/299|[from] recoil|[of] p2a: Terrakion
|faint|p2a: Terrakion
|
|-weather|Sandstorm|[upkeep]
|-damage|p1a: Talonflame|84\/299|[from] sandstorm
|
|switch|p2a: Dugtrio|Dugtrio, M|164\/212
|-damage|p2a: Dugtrio|129\/212|[from] Spikes
|-damage|p2a: Dugtrio|116\/212|[from] Stealth Rock
|turn|28
|
|move|p1a: Talonflame|Brave Bird|p2a: Dugtrio
|-damage|p2a: Dugtrio|0 fnt
|-damage|p1a: Talonflame|46\/299|[from] recoil|[of] p2a: Dugtrio
|faint|p2a: Dugtrio
|
|-weather|Sandstorm|[upkeep]
|-damage|p1a: Talonflame|28\/299|[from] sandstorm
|c|âFyuop|gg
|
|switch|p2a: Sableye|Sableye-Mega, F|297\/303
|-damage|p2a: Sableye|260\/303|[from] Stealth Rock
|-damage|p2a: Sableye|210\/303|[from] Spikes
|turn|29
|c|âBallinAssNikka|gg
|
|move|p1a: Talonflame|Roost|p1a: Talonflame
|-heal|p1a: Talonflame|178\/299
|move|p2a: Sableye|Dark Pulse|p1a: Talonflame
|-damage|p1a: Talonflame|66\/299
|
|-weather|none
|turn|30
|
|move|p1a: Talonflame|Roost|p1a: Talonflame
|-heal|p1a: Talonflame|216\/299
|move|p2a: Sableye|Recover|p2a: Sableye
|-heal|p2a: Sableye|303\/303
|
|turn|31
|
|move|p1a: Talonflame|Brave Bird|p2a: Sableye
|-crit|p2a: Sableye
|-damage|p2a: Sableye|116\/303
|-damage|p1a: Talonflame|154\/299|[from] recoil|[of] p2a: Sableye
|move|p2a: Sableye|Calm Mind|p2a: Sableye
|-boost|p2a: Sableye|spa|1
|-boost|p2a: Sableye|spd|1
|
|turn|32
|
|move|p1a: Talonflame|Brave Bird|p2a: Sableye
|-damage|p2a: Sableye|0 fnt
|-damage|p1a: Talonflame|116\/299|[from] recoil|[of] p2a: Sableye
|faint|p2a: Sableye
|
|win|Fyuop
|raw|Ladder updating...
|c|âBallinAssNikka|lol x_x
|c|âBallinAssNikka|well then
|c|âBallinAssNikka|what a crit haha
|c|âBallinAssNikka|only thing that coulda saved ya there
|c|âFyuop|critc don't metters i think
|raw|Fyuop's rating: 1350 &rarr; <strong>1373<\/strong><br \/>(+23 for winning)
|raw|BallinAssNikka's rating: 1401 &rarr; <strong>1378<\/strong><br \/>(-23 for losing)
|c|âBallinAssNikka|of course it did x_x
|leave|BallinAssNikka
|player|p2