|join|alwayswinsthegame
|join|BallinAssNikka
|player|p1|alwayswinsthegame|221
|player|p2|BallinAssNikka|274
|gametype|singles
|gen|6
|tier|OU
|clearpoke
|poke|p1|Alakazam, F
|poke|p1|Scizor, M
|poke|p1|Azumarill, M
|poke|p1|Heatran, M
|poke|p1|Landorus-Therian, M
|poke|p1|Conkeldurr, M
|poke|p2|Medicham, M
|poke|p2|Terrakion
|poke|p2|Heatran, M
|poke|p2|Latias, F
|poke|p2|Chesnaught, F
|poke|p2|Sylveon, M
|rule|Swagger Clause: Swagger is banned
|rule|Baton Pass Clause: Limit one PokÃ©mon knowing Baton Pass
|rule|Sleep Clause Mod: Limit one foe put to sleep
|rule|Species Clause: Limit one of each PokÃ©mon
|rule|OHKO Clause: OHKO moves are banned
|rule|Moody Clause: Moody is banned
|rule|Evasion Moves Clause: Evasion moves are banned
|rule|Endless Battle Clause: Forcing endless battles is banned
|rule|HP Percentage Mod: HP is shown in percentages
|teampreview
|
|start
|switch|p1a: Scizor|Scizor, M|291\/291
|switch|p2a: Terrakion|Terrakion|323\/323
|turn|1
|join|Halley
|c| Halley|wauit
|c|âalwayswinsthegame|y
|join|Luka Pucko
|c| Halley|gl
|c| Luka Pucko|>mfw awtg
|join|Zetydy
|join|Green0989
|leave|Zetydy
|leave|Luka Pucko
|c| Green0989|aw snawp
|c|âalwayswinsthegame|>yfw this is the third time
|
|move|p2a: Terrakion|Close Combat|p1a: Scizor
|-damage|p1a: Scizor|77\/291
|-unboost|p2a: Terrakion|def|1
|-unboost|p2a: Terrakion|spd|1
|move|p1a: Scizor|U-turn|p2a: Terrakion
|-resisted|p2a: Terrakion
|-damage|p2a: Terrakion|156\/323
|
|switch|p1a: Conkeldurr|Conkeldurr, M|414\/414
|
|turn|2
|
|switch|p2a: Sylveon|Sylveon, M|394\/394
|move|p1a: Conkeldurr|Ice Punch|p2a: Sylveon
|-damage|p2a: Sylveon|293\/394
|
|-heal|p2a: Sylveon|317\/394|[from] item: Leftovers
|turn|3
|
|switch|p2a: Medicham|Medicham, M|261\/261
|switch|p1a: Scizor|Scizor, M|77\/291
|
|turn|4
|
|detailschange|p2a: Medicham|Medicham-Mega, M
|message|Medicham has Mega Evolved into Mega Medicham!
|move|p1a: Scizor|Bullet Punch|p2a: Medicham
|-damage|p2a: Medicham|50\/261
|move|p2a: Medicham|Substitute|p2a: Medicham
|-fail|p2a: Medicham|move: Substitute|[weak]
|
|turn|5
|c|âBallinAssNikka|fml
|c|âalwayswinsthegame|nb
|c| Halley|he alwayswinthegame xd
|c|âalwayswinsthegame|because mah plays :^)
|
|move|p1a: Scizor|Bullet Punch|p2a: Medicham
|-damage|p2a: Medicham|0 fnt
|faint|p2a: Medicham
|
|c|âalwayswinsthegame|almost killed my Wincon lol
|
|switch|p2a: Heatran|Heatran, M|386\/386
|turn|6
|
|switch|p1a: Conkeldurr|Conkeldurr, M|414\/414
|move|p2a: Heatran|Stealth Rock|p1a: Conkeldurr
|-sidestart|p1: alwayswinsthegame|move: Stealth Rock
|
|turn|7
|
|switch|p2a: Sylveon|Sylveon, M|317\/394
|switch|p1a: Scizor|Scizor, M|77\/291
|-damage|p1a: Scizor|41\/291|[from] Stealth Rock
|
|-heal|p2a: Sylveon|341\/394|[from] item: Leftovers
|turn|8
|
|switch|p2a: Chesnaught|Chesnaught, F|380\/380
|move|p1a: Scizor|Superpower|p2a: Chesnaught
|-damage|p2a: Chesnaught|225\/380
|-unboost|p1a: Scizor|atk|1
|-unboost|p1a: Scizor|def|1
|
|-heal|p2a: Chesnaught|248\/380|[from] item: Leftovers
|turn|9
|c|âalwayswinsthegame|>R.I.P
|
|move|p1a: Scizor|Superpower|p2a: Chesnaught
|-damage|p2a: Chesnaught|151\/380
|-unboost|p1a: Scizor|atk|1
|-unboost|p1a: Scizor|def|1
|move|p2a: Chesnaught|Spikes|p1a: Scizor
|-sidestart|p1: alwayswinsthegame|Spikes
|
|-heal|p2a: Chesnaught|174\/380|[from] item: Leftovers
|turn|10
|c|âalwayswinsthegame|;__;
|c|âalwayswinsthegame|!!!
|c|âalwayswinsthegame|OH SHIT
|c|âBallinAssNikka|lol
|
|move|p1a: Scizor|Superpower|p2a: Chesnaught
|-damage|p2a: Chesnaught|104\/380
|-unboost|p1a: Scizor|atk|1
|-unboost|p1a: Scizor|def|1
|move|p2a: Chesnaught|Leech Seed|p1a: Scizor
|-start|p1a: Scizor|move: Leech Seed
|
|-heal|p2a: Chesnaught|127\/380|[from] item: Leftovers
|-damage|p1a: Scizor|5\/291|[from] Leech Seed|[of] p2a: Chesnaught
|-heal|p2a: Chesnaught|163\/380|[silent]
|turn|11
|join|KratosKong
|c| Green0989|yup just lost
|c|âalwayswinsthegame|**CRIT IMO**
|c|âalwayswinsthegame|I lack a spinner, sadly
|
|move|p2a: Chesnaught|Spiky Shield|p2a: Chesnaught
|-singleturn|p2a: Chesnaught|move: Protect
|move|p1a: Scizor|Superpower|p2a: Chesnaught
|-activate|p2a: Chesnaught|move: Protect
|-damage|p1a: Scizor|0 fnt|[from] Spiky Shield|[of] p2a: Chesnaught
|faint|p1a: Scizor
|
|-heal|p2a: Chesnaught|186\/380|[from] item: Leftovers
|
|switch|p1a: Alakazam|Alakazam, F|251\/251
|turn|12
|
|move|p1a: Alakazam|Focus Blast|p2a: Chesnaught
|-immune|p2a: Chesnaught|[msg]|[from] Bulletproof
|move|p2a: Chesnaught|Hammer Arm|p1a: Alakazam|[miss]
|-miss|p2a: Chesnaught|p1a: Alakazam
|
|-heal|p2a: Chesnaught|209\/380|[from] item: Leftovers
|turn|13
|c|âalwayswinsthegame|that misclick
|c|âalwayswinsthegame|wait, no
|c|âalwayswinsthegame|that wasn;t a misclikc
|c|âalwayswinsthegame|that was me being a tard
|
|move|p1a: Alakazam|Psyshock|p2a: Chesnaught
|-supereffective|p2a: Chesnaught
|-damage|p2a: Chesnaught|9\/380
|move|p2a: Chesnaught|Hammer Arm|p1a: Alakazam
|-resisted|p1a: Alakazam
|-damage|p1a: Alakazam|143\/251
|-unboost|p2a: Chesnaught|spe|1
|
|-heal|p2a: Chesnaught|32\/380|[from] item: Leftovers
|turn|14
|c|âBallinAssNikka|lol
|join|Luka Pucko
|c|âalwayswinsthegame|I lost
|
|detailschange|p1a: Alakazam|Alakazam-Mega, F
|message|Alakazam has Mega Evolved into Mega Alakazam!
|-ability|p1a: Alakazam|Bulletproof|[from] ability: Trace|[of] p2a: Chesnaught
|move|p2a: Chesnaught|Spiky Shield|p2a: Chesnaught
|-singleturn|p2a: Chesnaught|move: Protect
|move|p1a: Alakazam|Psyshock|p2a: Chesnaught
|-activate|p2a: Chesnaught|move: Protect
|
|-heal|p2a: Chesnaught|55\/380|[from] item: Leftovers
|turn|15
|c|âalwayswinsthegame|because of my top tardness
|
|move|p1a: Alakazam|Psyshock|p2a: Chesnaught
|-supereffective|p2a: Chesnaught
|-damage|p2a: Chesnaught|0 fnt
|faint|p2a: Chesnaught
|
|c| Luka Pucko| !git gud
|c| Luka Pucko|amirite
|c|âalwayswinsthegame|n
|
|switch|p2a: Terrakion|Terrakion|156\/323
|turn|16
|c| Luka Pucko|:]]]
|c|âalwayswinsthegame|*remember chesnut
|
|switch|p1a: Conkeldurr|Conkeldurr, M|414\/414
|-damage|p1a: Conkeldurr|363\/414|[from] Spikes
|-damage|p1a: Conkeldurr|338\/414|[from] Stealth Rock
|move|p2a: Terrakion|Rock Slide|p1a: Conkeldurr
|-resisted|p1a: Conkeldurr
|-damage|p1a: Conkeldurr|266\/414
|
|turn|17
|leave|Luka Pucko
|
|switch|p2a: Sylveon|Sylveon, M|341\/394
|switch|p1a: Azumarill|Azumarill, M|357\/357
|-damage|p1a: Azumarill|313\/357|[from] Stealth Rock
|-damage|p1a: Azumarill|269\/357|[from] Spikes
|
|-heal|p2a: Sylveon|365\/394|[from] item: Leftovers
|turn|18
|c|âalwayswinsthegame|**no switchins m8**
|
|move|p1a: Azumarill|Play Rough|p2a: Sylveon|[miss]
|-miss|p1a: Azumarill|p2a: Sylveon
|move|p2a: Sylveon|Hyper Voice|p1a: Azumarill
|-damage|p1a: Azumarill|142\/357
|
|-heal|p2a: Sylveon|389\/394|[from] item: Leftovers
|turn|19
|
|move|p1a: Azumarill|Waterfall|p2a: Sylveon
|-crit|p2a: Sylveon
|-damage|p2a: Sylveon|161\/394
|cant|p2a: Sylveon|flinch
|
|-heal|p2a: Sylveon|185\/394|[from] item: Leftovers
|turn|20
|c|âBallinAssNikka|well then
|c|âalwayswinsthegame|**fair's fair, won't complain**
|c|âalwayswinsthegame|wait
|c|âalwayswinsthegame|no
|c|âalwayswinsthegame|OML SORRY
|
|move|p1a: Azumarill|Play Rough|p2a: Sylveon
|-damage|p2a: Sylveon|14\/394
|move|p2a: Sylveon|Hyper Voice|p1a: Azumarill
|-crit|p1a: Azumarill
|-damage|p1a: Azumarill|0 fnt
|faint|p1a: Azumarill
|
|-heal|p2a: Sylveon|38\/394|[from] item: Leftovers
|c|âBallinAssNikka|what luck did i get lol, i was gunna say
|c|âBallinAssNikka|^
|c|âBallinAssNikka|i take it back
|c|âBallinAssNikka|sorta haha
|c|âalwayswinsthegame|I'M SORRY
|c|âalwayswinsthegame|I DIDN'T MEAN TO
|c|âBallinAssNikka|forgiven
|c|âBallinAssNikka|<_<
|
|switch|p1a: Alakazam|Alakazam-Mega, F|143\/251
|-damage|p1a: Alakazam|112\/251|[from] Stealth Rock
|-damage|p1a: Alakazam|81\/251|[from] Spikes
|-ability|p1a: Alakazam|Pixilate|[from] ability: Trace|[of] p2a: Sylveon
|turn|21
|
|move|p1a: Alakazam|Psyshock|p2a: Sylveon
|-damage|p2a: Sylveon|0 fnt
|faint|p2a: Sylveon
|
|
|switch|p2a: Terrakion|Terrakion|156\/323
|turn|22
|
|move|p2a: Terrakion|Close Combat|p1a: Alakazam
|-resisted|p1a: Alakazam
|-damage|p1a: Alakazam|0 fnt
|-unboost|p2a: Terrakion|def|1
|-unboost|p2a: Terrakion|spd|1
|faint|p1a: Alakazam
|
|
|switch|p1a: Conkeldurr|Conkeldurr, M|266\/414
|-damage|p1a: Conkeldurr|241\/414|[from] Stealth Rock
|-damage|p1a: Conkeldurr|190\/414|[from] Spikes
|turn|23
|
|move|p1a: Conkeldurr|Mach Punch|p2a: Terrakion
|-supereffective|p2a: Terrakion
|-damage|p2a: Terrakion|0 fnt
|faint|p2a: Terrakion
|
|
|switch|p2a: Latias|Latias, F|302\/302
|turn|24
|
|switch|p1a: Heatran|Heatran, M|385\/385
|-damage|p1a: Heatran|337\/385|[from] Spikes
|-damage|p1a: Heatran|289\/385|[from] Stealth Rock
|move|p2a: Latias|Psyshock|p1a: Heatran
|-crit|p1a: Heatran
|-resisted|p1a: Heatran
|-damage|p1a: Heatran|180\/385
|-damage|p2a: Latias|272\/302|[from] item: Life Orb
|
|-heal|p1a: Heatran|204\/385|[from] item: Leftovers
|turn|25
|
|move|p2a: Latias|Psyshock|p1a: Heatran
|-resisted|p1a: Heatran
|-damage|p1a: Heatran|126\/385
|-damage|p2a: Latias|242\/302|[from] item: Life Orb
|move|p1a: Heatran|Lava Plume|p2a: Latias
|-resisted|p2a: Latias
|-damage|p2a: Latias|197\/302
|-status|p2a: Latias|brn
|
|-heal|p1a: Heatran|150\/385|[from] item: Leftovers
|-damage|p2a: Latias|160\/302 brn|[from] brn
|turn|26
|c|âalwayswinsthegame|;___;
|c|âalwayswinsthegame|BG
|c|âalwayswinsthegame|too much hax
|
|switch|p2a: Heatran|Heatran, M|386\/386
|switch|p1a: Conkeldurr|Conkeldurr, M|190\/414
|-damage|p1a: Conkeldurr|165\/414|[from] Stealth Rock
|-damage|p1a: Conkeldurr|114\/414|[from] Spikes
|
|turn|27
|
|switch|p2a: Latias|Latias, F|160\/302 brn
|move|p1a: Conkeldurr|Mach Punch|p2a: Latias
|-resisted|p2a: Latias
|-damage|p2a: Latias|117\/302 brn
|
|-damage|p2a: Latias|80\/302 brn|[from] brn
|turn|28
|
|move|p2a: Latias|Psyshock|p1a: Conkeldurr
|-supereffective|p1a: Conkeldurr
|-damage|p1a: Conkeldurr|0 fnt
|-damage|p2a: Latias|50\/302 brn|[from] item: Life Orb
|faint|p1a: Conkeldurr
|
|-damage|p2a: Latias|13\/302 brn|[from] brn
|
|switch|p1a: Landorus-Therian|Landorus-Therian, M|319\/319
|-damage|p1a: Landorus-Therian|280\/319|[from] Stealth Rock
|-ability|p1a: Landorus-Therian|Intimidate|[of] p2a: Latias
|-unboost|p2a: Latias|atk|1
|turn|29
|
|move|p1a: Landorus-Therian|U-turn|p2a: Latias
|-supereffective|p2a: Latias
|-damage|p2a: Latias|0 fnt
|faint|p2a: Latias
|
|switch|p1a: Heatran|Heatran, M|150\/385
|-damage|p1a: Heatran|102\/385|[from] Stealth Rock
|-damage|p1a: Heatran|54\/385|[from] Spikes
|
|-heal|p1a: Heatran|78\/385|[from] item: Leftovers
|
|switch|p2a: Heatran|Heatran, M|386\/386
|turn|30
|
|move|p2a: Heatran|Earth Power|p1a: Heatran
|-supereffective|p1a: Heatran
|-damage|p1a: Heatran|0 fnt
|faint|p1a: Heatran
|
|
|switch|p1a: Landorus-Therian|Landorus-Therian, M|280\/319
|-damage|p1a: Landorus-Therian|241\/319|[from] Stealth Rock
|-ability|p1a: Landorus-Therian|Intimidate|[of] p2a: Heatran
|-unboost|p2a: Heatran|atk|1
|turn|31
|
|move|p1a: Landorus-Therian|Earthquake|p2a: Heatran
|-supereffective|p2a: Heatran
|-damage|p2a: Heatran|0 fnt
|faint|p2a: Heatran
|
|win|alwayswinsthegame
|c| Green0989|gg
|c|âalwayswinsthegame|bg
|c|âalwayswinsthegame|hax
|c|âBallinAssNikka|meh, gg
|c|âalwayswinsthegame|I did too much
|leave|alwayswinsthegame
|player|p1
|c|âBallinAssNikka|hax happens lol
|leave|BallinAssNikka
|player|p2
|leave|Green0989
|leave|Halley
|join|alwayswinsthegame
|join|Halley