|join|BallinAssNikka
|join|Nyhita
|player|p1|BallinAssNikka|274
|player|p2|Nyhita|161
|gametype|singles
|gen|6
|tier|OU
|rated
|clearpoke
|poke|p1|Cottonee, M
|poke|p1|Azelf
|poke|p1|Whimsicott, F
|poke|p1|Smeargle, M, shiny
|poke|p1|Espeon, M
|poke|p1|Gothitelle, F
|poke|p2|Rhyperior, F
|poke|p2|Tyranitar, F, shiny
|poke|p2|Scizor, M, shiny
|poke|p2|Breloom, M
|poke|p2|Heatran, F
|poke|p2|Latios, M
|rule|Swagger Clause: Swagger is banned
|rule|Baton Pass Clause: Limit one PokÃ©mon knowing Baton Pass
|rule|Sleep Clause Mod: Limit one foe put to sleep
|rule|Species Clause: Limit one of each PokÃ©mon
|rule|OHKO Clause: OHKO moves are banned
|rule|Moody Clause: Moody is banned
|rule|Evasion Moves Clause: Evasion moves are banned
|rule|Endless Battle Clause: Forcing endless battles is banned
|rule|HP Percentage Mod: HP is shown in percentages
|teampreview
|chat|Nyhita|im scared of cottonee
|chat|Nyhita|what does he do?
|
|start
|switch|p1a: Cottonee|Cottonee, M|284\/284
|switch|p2a: Lavaster|Heatran, F|323\/323
|turn|1
|
|move|p1a: Cottonee|Taunt|p2a: Lavaster
|-start|p2a: Lavaster|move: Taunt
|move|p2a: Lavaster|Fire Blast|p1a: Cottonee
|-supereffective|p1a: Cottonee
|-enditem|p1a: Cottonee|Focus Sash
|-damage|p1a: Cottonee|1\/284
|
|turn|2
|chat|BallinAssNikka|so much lol
|
|move|p1a: Cottonee|Stun Spore|p2a: Lavaster|[miss]
|-miss|p1a: Cottonee|p2a: Lavaster
|move|p2a: Lavaster|Fire Blast|p1a: Cottonee
|-supereffective|p1a: Cottonee
|-damage|p1a: Cottonee|0 fnt
|faint|p1a: Cottonee
|
|chat|BallinAssNikka|he likes to miss tho
|
|switch|p1a: VIVA CHILE|Azelf|354\/354
|turn|3
|chat|Nyhita|LOL i was serious in the sense that i don't know what it does
|
|move|p1a: VIVA CHILE|Light Screen|p1a: VIVA CHILE
|-sidestart|p1: BallinAssNikka|move: Light Screen
|move|p2a: Lavaster|Fire Blast|p1a: VIVA CHILE
|-damage|p1a: VIVA CHILE|145\/354
|
|-end|p2a: Lavaster|move: Taunt
|turn|4
|
|move|p1a: VIVA CHILE|Reflect|p1a: VIVA CHILE
|-sidestart|p1: BallinAssNikka|Reflect
|move|p2a: Lavaster|Fire Blast|p1a: VIVA CHILE
|-damage|p1a: VIVA CHILE|0 fnt
|faint|p1a: VIVA CHILE
|
|
|switch|p1a: THE BP SAVIOR|Smeargle, M, shiny|251\/251
|turn|5
|
|switch|p2a: Shukaku|Tyranitar, F, shiny|404\/404
|-weather|Sandstorm
|move|p1a: THE BP SAVIOR|Geomancy|p1a: THE BP SAVIOR|[still]
|-prepare|p1a: THE BP SAVIOR|Geomancy|p1a: THE BP SAVIOR
|-enditem|p1a: THE BP SAVIOR|Power Herb
|-anim|p1a: THE BP SAVIOR|Geomancy|p1a: THE BP SAVIOR
|-boost|p1a: THE BP SAVIOR|spa|2
|-boost|p1a: THE BP SAVIOR|spd|2
|-boost|p1a: THE BP SAVIOR|spe|2
|
|-weather|Sandstorm|[upkeep]
|-damage|p1a: THE BP SAVIOR|236\/251|[from] sandstorm
|turn|6
|
|move|p1a: THE BP SAVIOR|Taunt|p2a: Shukaku
|-start|p2a: Shukaku|move: Taunt
|cant|p2a: Shukaku|move: Taunt|Roar
|
|-weather|Sandstorm|[upkeep]
|-damage|p1a: THE BP SAVIOR|221\/251|[from] sandstorm
|turn|7
|chat|Nyhita|FUCK!!!!
|chat|BallinAssNikka|:)
|
|move|p1a: THE BP SAVIOR|Cotton Guard|p1a: THE BP SAVIOR
|-boost|p1a: THE BP SAVIOR|def|3
|move|p2a: Shukaku|Pursuit|p1a: THE BP SAVIOR
|-damage|p1a: THE BP SAVIOR|198\/251
|
|-weather|Sandstorm|[upkeep]
|-damage|p1a: THE BP SAVIOR|183\/251|[from] sandstorm
|turn|8
|
|switch|p2a: ShroomThreat|Breloom, M|262\/262
|move|p1a: THE BP SAVIOR|Cotton Guard|p1a: THE BP SAVIOR
|-boost|p1a: THE BP SAVIOR|def|3
|
|-weather|Sandstorm|[upkeep]
|-damage|p1a: THE BP SAVIOR|168\/251|[from] sandstorm
|-damage|p2a: ShroomThreat|246\/262|[from] sandstorm
|turn|9
|
|move|p1a: THE BP SAVIOR|Baton Pass|p1a: THE BP SAVIOR
|
|switch|p1a: DON TROLEONE|Espeon, M|321\/321
|move|p2a: ShroomThreat|Rock Tomb|p1a: DON TROLEONE
|-damage|p1a: DON TROLEONE|307\/321
|-unboost|p1a: DON TROLEONE|spe|1
|
|-weather|none
|-heal|p1a: DON TROLEONE|321\/321|[from] item: Leftovers
|turn|10
|
|move|p2a: ShroomThreat|Rock Tomb|p1a: DON TROLEONE
|-damage|p1a: DON TROLEONE|309\/321
|-unboost|p1a: DON TROLEONE|spe|1
|move|p1a: DON TROLEONE|Substitute|p1a: DON TROLEONE
|-start|p1a: DON TROLEONE|Substitute
|-damage|p1a: DON TROLEONE|229\/321
|
|-heal|p1a: DON TROLEONE|249\/321|[from] item: Leftovers
|-sideend|p1: BallinAssNikka|move: Light Screen
|turn|11
|chat|BallinAssNikka|what a dbag breloom
|
|move|p2a: ShroomThreat|Rock Tomb|p1a: DON TROLEONE
|-activate|p1a: DON TROLEONE|Substitute|[damage]
|move|p1a: DON TROLEONE|Stored Power|p2a: ShroomThreat
|-supereffective|p2a: ShroomThreat
|-damage|p2a: ShroomThreat|0 fnt
|faint|p2a: ShroomThreat
|
|-heal|p1a: DON TROLEONE|269\/321|[from] item: Leftovers
|-sideend|p1: BallinAssNikka|Reflect
|
|switch|p2a: Lavaster|Heatran, F|323\/323
|turn|12
|
|move|p1a: DON TROLEONE|Stored Power|p2a: Lavaster
|-resisted|p2a: Lavaster
|-damage|p2a: Lavaster|67\/323
|move|p2a: Lavaster|Fire Blast|p1a: DON TROLEONE
|-end|p1a: DON TROLEONE|Substitute
|
|-heal|p1a: DON TROLEONE|289\/321|[from] item: Leftovers
|turn|13
|
|move|p1a: DON TROLEONE|Substitute|p1a: DON TROLEONE
|-start|p1a: DON TROLEONE|Substitute
|-damage|p1a: DON TROLEONE|209\/321
|move|p2a: Lavaster|Fire Blast|p1a: DON TROLEONE
|-end|p1a: DON TROLEONE|Substitute
|
|-heal|p1a: DON TROLEONE|229\/321|[from] item: Leftovers
|turn|14
|chat|Nyhita|waiting for the miss?
|
|move|p1a: DON TROLEONE|Substitute|p1a: DON TROLEONE
|-start|p1a: DON TROLEONE|Substitute
|-damage|p1a: DON TROLEONE|149\/321
|move|p2a: Lavaster|Fire Blast|p1a: DON TROLEONE
|-end|p1a: DON TROLEONE|Substitute
|
|-heal|p1a: DON TROLEONE|169\/321|[from] item: Leftovers
|turn|15
|chat|BallinAssNikka|yessir
|
|move|p1a: DON TROLEONE|Substitute|p1a: DON TROLEONE
|-start|p1a: DON TROLEONE|Substitute
|-damage|p1a: DON TROLEONE|89\/321
|move|p2a: Lavaster|Fire Blast|p1a: DON TROLEONE
|-end|p1a: DON TROLEONE|Substitute
|
|-heal|p1a: DON TROLEONE|109\/321|[from] item: Leftovers
|turn|16
|chat|BallinAssNikka|is that 8 lol
|chat|BallinAssNikka|i believe it was
|chat|Nyhita|fuck
|
|switch|p2a: Shukaku|Tyranitar, F, shiny|404\/404
|-weather|Sandstorm
|move|p1a: DON TROLEONE|Morning Sun|p1a: DON TROLEONE
|-heal|p1a: DON TROLEONE|189\/321
|
|-weather|Sandstorm|[upkeep]
|-damage|p1a: DON TROLEONE|169\/321|[from] sandstorm
|-heal|p1a: DON TROLEONE|189\/321|[from] item: Leftovers
|turn|17
|chat|Nyhita|you know
|
|switch|p2a: Lavaster|Heatran, F|67\/323
|move|p1a: DON TROLEONE|Dazzling Gleam|p2a: Lavaster
|-resisted|p2a: Lavaster
|-damage|p2a: Lavaster|37\/323
|
|-weather|Sandstorm|[upkeep]
|-damage|p1a: DON TROLEONE|169\/321|[from] sandstorm
|-heal|p1a: DON TROLEONE|189\/321|[from] item: Leftovers
|turn|18
|
|move|p1a: DON TROLEONE|Substitute|p1a: DON TROLEONE
|-start|p1a: DON TROLEONE|Substitute
|-damage|p1a: DON TROLEONE|109\/321
|move|p2a: Lavaster|Flash Cannon|p1a: DON TROLEONE
|-end|p1a: DON TROLEONE|Substitute
|
|-weather|Sandstorm|[upkeep]
|-damage|p1a: DON TROLEONE|89\/321|[from] sandstorm
|-heal|p1a: DON TROLEONE|109\/321|[from] item: Leftovers
|turn|19
|chat|Nyhita|;)
|
|move|p1a: DON TROLEONE|Stored Power|p2a: Lavaster
|-resisted|p2a: Lavaster
|-damage|p2a: Lavaster|0 fnt
|faint|p2a: Lavaster
|
|-weather|Sandstorm|[upkeep]
|-damage|p1a: DON TROLEONE|89\/321|[from] sandstorm
|-heal|p1a: DON TROLEONE|109\/321|[from] item: Leftovers
|
|switch|p2a: FlightGanon!|Latios, M|302\/302
|turn|20
|
|move|p2a: FlightGanon!|Draco Meteor|p1a: DON TROLEONE
|-damage|p1a: DON TROLEONE|0 fnt
|-unboost|p2a: FlightGanon!|spa|2
|-damage|p2a: FlightGanon!|272\/302|[from] item: Life Orb
|faint|p1a: DON TROLEONE
|
|-weather|none
|chat|BallinAssNikka|yeah nice
|chat|BallinAssNikka|those rock tombs
|chat|Nyhita|YEEEEEEEEEEEESSSSSS
|chat|BallinAssNikka|actually fucked me
|
|switch|p1a: MURDERESS|Gothitelle, F|344\/344
|turn|21
|
|move|p2a: FlightGanon!|Surf|p1a: MURDERESS
|-damage|p1a: MURDERESS|284\/344
|-damage|p2a: FlightGanon!|242\/302|[from] item: Life Orb
|move|p1a: MURDERESS|Hidden Power|p2a: FlightGanon!
|-supereffective|p2a: FlightGanon!
|-damage|p2a: FlightGanon!|82\/302
|
|turn|22
|
|move|p2a: FlightGanon!|Draco Meteor|p1a: MURDERESS
|-damage|p1a: MURDERESS|146\/344
|-unboost|p2a: FlightGanon!|spa|2
|-damage|p2a: FlightGanon!|52\/302|[from] item: Life Orb
|move|p1a: MURDERESS|Hidden Power|p2a: FlightGanon!
|-supereffective|p2a: FlightGanon!
|-damage|p2a: FlightGanon!|0 fnt
|faint|p2a: FlightGanon!
|
|
|switch|p2a: B PUNCH!!!|Scizor, M, shiny|281\/281
|turn|23
|
|switch|p1a: THE BP SAVIOR|Smeargle, M, shiny|168\/251
|detailschange|p2a: B PUNCH!!!|Scizor-Mega, M, shiny
|message|Scizor has Mega Evolved into Mega Scizor!
|move|p2a: B PUNCH!!!|Swords Dance|p2a: B PUNCH!!!
|-boost|p2a: B PUNCH!!!|atk|2
|
|turn|24
|chat|Nyhita|my turn to setuo
|chat|Nyhita|*setup
|
|move|p2a: B PUNCH!!!|Bullet Punch|p1a: THE BP SAVIOR
|-damage|p1a: THE BP SAVIOR|0 fnt
|faint|p1a: THE BP SAVIOR
|
|chat|BallinAssNikka|lol gg
|chat|Nyhita|why do you use cottonnee btw?
|chat|BallinAssNikka|tailwind and memento
|chat|BallinAssNikka|its just a more effective talonflame
|chat|BallinAssNikka|for what i need it to do
|
|switch|p1a: FAIRY SOLIDARITY|Whimsicott, F|324\/324
|turn|25
|chat|Nyhita|no one else can do that expect for him?
|chat|BallinAssNikka|him and whimsicott
|chat|Nyhita|oh ok
|
|move|p1a: FAIRY SOLIDARITY|Encore|p2a: B PUNCH!!!
|-start|p2a: B PUNCH!!!|Encore
|move|p2a: B PUNCH!!!|Bullet Punch|p1a: FAIRY SOLIDARITY
|-supereffective|p1a: FAIRY SOLIDARITY
|-enditem|p1a: FAIRY SOLIDARITY|Focus Sash
|-damage|p1a: FAIRY SOLIDARITY|1\/324
|
|turn|26
|chat|Nyhita|ooohh
|chat|Nyhita|you can't souble true
|
|switch|p2a: Shukaku|Tyranitar, F, shiny|404\/404
|-weather|Sandstorm
|move|p1a: FAIRY SOLIDARITY|Memento|p2a: Shukaku
|-unboost|p2a: Shukaku|atk|2
|-unboost|p2a: Shukaku|spa|2
|faint|p1a: FAIRY SOLIDARITY
|
|-weather|Sandstorm|[upkeep]
|chat|Nyhita|no disable 4 u
|chat|Nyhita|oh nvm
|
|switch|p1a: MURDERESS|Gothitelle, F|146\/344
|turn|27
|chat|BallinAssNikka|gg
|
|move|p1a: MURDERESS|Trick|p2a: Shukaku
|-activate|p1a: MURDERESS|move: Trick|[of] p2a: Shukaku
|-item|p2a: Shukaku|Choice Specs|[from] move: Trick
|-item|p1a: MURDERESS|Focus Sash|[from] move: Trick
|move|p2a: Shukaku|Pursuit|p1a: MURDERESS
|-supereffective|p1a: MURDERESS
|-damage|p1a: MURDERESS|60\/344
|
|-weather|Sandstorm|[upkeep]
|-damage|p1a: MURDERESS|39\/344|[from] sandstorm
|turn|28
|-message|BallinAssNikka forfeited.
|
|win|Nyhita
|raw|Ladder updating...
|leave|BallinAssNikka
|player|p1
|raw|BallinAssNikka's rating: 1714 &rarr; <strong>1695<\/strong><br \/>(-19 for losing)
|raw|Nyhita's rating: 1730 &rarr; <strong>1749<\/strong><br \/>(+19 for winning)