|join|BallinAssNikka
|join|denisplz
|player|p1|BallinAssNikka|274
|player|p2|denisplz|169
|gametype|singles
|gen|6
|tier|OU
|rated
|clearpoke
|poke|p1|Bisharp, M
|poke|p1|Breloom, F
|poke|p1|Landorus-Therian, M
|poke|p1|Zapdos
|poke|p1|Heatran, F
|poke|p1|Sylveon, M
|poke|p2|Talonflame, M
|poke|p2|Garchomp, F
|poke|p2|Doublade, M
|poke|p2|Clefable, M
|poke|p2|Venusaur, F
|poke|p2|Mew
|rule|Swagger Clause: Swagger is banned
|rule|Baton Pass Clause: Limit one PokÃ©mon knowing Baton Pass
|rule|Sleep Clause Mod: Limit one foe put to sleep
|rule|Species Clause: Limit one of each PokÃ©mon
|rule|OHKO Clause: OHKO moves are banned
|rule|Moody Clause: Moody is banned
|rule|Evasion Moves Clause: Evasion moves are banned
|rule|Endless Battle Clause: Forcing endless battles is banned
|rule|HP Percentage Mod: HP is shown in percentages
|teampreview
|
|start
|switch|p1a: Landorus-Therian|Landorus-Therian, M|319\/319
|switch|p2a: Mew|Mew|404\/404
|-ability|p1a: Landorus-Therian|Intimidate|[of] p2a: Mew
|-unboost|p2a: Mew|atk|1
|turn|1
|
|switch|p1a: Heatran|Heatran, F|323\/323
|move|p2a: Mew|Will-O-Wisp|p1a: Heatran
|-start|p1a: Heatran|ability: Flash Fire
|
|turn|2
|
|move|p1a: Heatran|Fire Blast|p2a: Mew
|-damage|p2a: Mew|61\/404
|-status|p2a: Mew|brn
|move|p2a: Mew|Taunt|p1a: Heatran
|-start|p1a: Heatran|move: Taunt
|
|-heal|p2a: Mew|86\/404 brn|[from] item: Leftovers
|-damage|p2a: Mew|36\/404 brn|[from] brn
|turn|3
|
|move|p1a: Heatran|Fire Blast|p2a: Mew
|-damage|p2a: Mew|0 fnt
|faint|p2a: Mew
|
|
|switch|p2a: Talonflame|Talonflame, M|327\/327
|turn|4
|
|move|p2a: Talonflame|Swords Dance|p2a: Talonflame
|-boost|p2a: Talonflame|atk|2
|move|p1a: Heatran|Fire Blast|p2a: Talonflame
|-resisted|p2a: Talonflame
|-damage|p2a: Talonflame|18\/327
|
|turn|5
|
|move|p2a: Talonflame|Roost|p2a: Talonflame
|-heal|p2a: Talonflame|182\/327
|move|p1a: Heatran|Fire Blast|p2a: Talonflame
|-resisted|p2a: Talonflame
|-damage|p2a: Talonflame|0 fnt
|faint|p2a: Talonflame
|
|-end|p1a: Heatran|move: Taunt
|c|âdenisplz|omg
|c|âBallinAssNikka|lol
|
|switch|p2a: Garchomp|Garchomp, F|357\/357
|turn|6
|
|switch|p1a: Landorus-Therian|Landorus-Therian, M|319\/319
|-ability|p1a: Landorus-Therian|Intimidate|[of] p2a: Garchomp
|-unboost|p2a: Garchomp|atk|1
|move|p2a: Garchomp|Earthquake|p1a: Landorus-Therian
|-immune|p1a: Landorus-Therian|[msg]
|
|turn|7
|c|âBallinAssNikka|love to punish those mews
|
|switch|p2a: Doublade|Doublade, M|322\/322
|move|p1a: Landorus-Therian|Stealth Rock|p2a: Doublade
|-sidestart|p2: denisplz|move: Stealth Rock
|
|turn|8
|
|move|p1a: Landorus-Therian|Knock Off|p2a: Doublade
|-supereffective|p2a: Doublade
|-damage|p2a: Doublade|222\/322
|-enditem|p2a: Doublade|Eviolite|[from] move: Knock Off|[of] p1a: Landorus-Therian
|move|p2a: Doublade|Gyro Ball|p1a: Landorus-Therian
|-damage|p1a: Landorus-Therian|198\/319
|
|-heal|p1a: Landorus-Therian|217\/319|[from] item: Leftovers
|turn|9
|
|move|p1a: Landorus-Therian|Earthquake|p2a: Doublade
|-supereffective|p2a: Doublade
|-damage|p2a: Doublade|0 fnt
|faint|p2a: Doublade
|
|-heal|p1a: Landorus-Therian|236\/319|[from] item: Leftovers
|
|switch|p2a: Clefable|Clefable, M|394\/394
|turn|10
|
|move|p1a: Landorus-Therian|Knock Off|p2a: Clefable
|-crit|p2a: Clefable
|-resisted|p2a: Clefable
|-damage|p2a: Clefable|300\/394
|-enditem|p2a: Clefable|Leftovers|[from] move: Knock Off|[of] p1a: Landorus-Therian
|move|p2a: Clefable|Calm Mind|p2a: Clefable
|-boost|p2a: Clefable|spa|1
|-boost|p2a: Clefable|spd|1
|
|-heal|p1a: Landorus-Therian|255\/319|[from] item: Leftovers
|turn|11
|
|move|p1a: Landorus-Therian|Earthquake|p2a: Clefable
|-damage|p2a: Clefable|129\/394
|move|p2a: Clefable|Calm Mind|p2a: Clefable
|-boost|p2a: Clefable|spa|1
|-boost|p2a: Clefable|spd|1
|
|-heal|p1a: Landorus-Therian|274\/319|[from] item: Leftovers
|turn|12
|c|âBallinAssNikka|tsk
|
|move|p1a: Landorus-Therian|Earthquake|p2a: Clefable
|-damage|p2a: Clefable|0 fnt
|faint|p2a: Clefable
|
|-heal|p1a: Landorus-Therian|293\/319|[from] item: Leftovers
|
|switch|p2a: Garchomp|Garchomp, F|357\/357
|-damage|p2a: Garchomp|335\/357|[from] Stealth Rock
|turn|13
|
|switch|p1a: Sylveon|Sylveon, M|394\/394
|move|p2a: Garchomp|Earthquake|p1a: Sylveon
|-damage|p1a: Sylveon|226\/394
|
|-heal|p1a: Sylveon|250\/394|[from] item: Leftovers
|turn|14
|
|switch|p2a: Venusaur|Venusaur, F|364\/364
|-damage|p2a: Venusaur|319\/364|[from] Stealth Rock
|move|p1a: Sylveon|Hyper Voice|p2a: Venusaur
|-resisted|p2a: Venusaur
|-damage|p2a: Venusaur|242\/364
|
|-heal|p1a: Sylveon|274\/394|[from] item: Leftovers
|turn|15
|
|switch|p1a: Heatran|Heatran, F|323\/323
|detailschange|p2a: Venusaur|Venusaur-Mega, F
|message|Venusaur has Mega Evolved into Mega Venusaur!
|move|p2a: Venusaur|Sludge Bomb|p1a: Heatran
|-immune|p1a: Heatran|[msg]
|
|turn|16
|
|move|p1a: Heatran|Flash Cannon|p2a: Venusaur
|-damage|p2a: Venusaur|53\/364
|move|p2a: Venusaur|Leech Seed|p1a: Heatran
|-start|p1a: Heatran|move: Leech Seed
|
|-damage|p1a: Heatran|283\/323|[from] Leech Seed|[of] p2a: Venusaur
|-heal|p2a: Venusaur|93\/364|[silent]
|turn|17
|
|move|p1a: Heatran|Flash Cannon|p2a: Venusaur
|-damage|p2a: Venusaur|0 fnt
|faint|p2a: Venusaur
|
|
|switch|p2a: Garchomp|Garchomp, F|335\/357
|-damage|p2a: Garchomp|313\/357|[from] Stealth Rock
|turn|18
|c|âBallinAssNikka|gg
|
|switch|p1a: Landorus-Therian|Landorus-Therian, M|293\/319
|-ability|p1a: Landorus-Therian|Intimidate|[of] p2a: Garchomp
|-unboost|p2a: Garchomp|atk|1
|move|p2a: Garchomp|Earthquake|p1a: Landorus-Therian
|-immune|p1a: Landorus-Therian|[msg]
|
|-heal|p1a: Landorus-Therian|312\/319|[from] item: Leftovers
|turn|19
|-message|denisplz forfeited.
|
|win|BallinAssNikka
|raw|Ladder updating...
|leave|denisplz
|player|p2