|join|Maistero
|join|BallinAssNikka
|player|p1|Maistero|153
|player|p2|BallinAssNikka|274
|gametype|singles
|gen|6
|tier|OU
|rated
|clearpoke
|poke|p1|Heracross, M
|poke|p1|Excadrill, F
|poke|p1|Heatran, M
|poke|p1|Skarmory, F
|poke|p1|Latios, M
|poke|p1|Tyranitar, M
|poke|p2|Tyranitar, M
|poke|p2|Conkeldurr, F
|poke|p2|Mandibuzz, F
|poke|p2|Venusaur, F
|poke|p2|Landorus-Therian, M
|poke|p2|Heatran, F
|rule|Swagger Clause: Swagger is banned
|rule|Baton Pass Clause: Limit one PokÃ©mon knowing Baton Pass
|rule|Sleep Clause Mod: Limit one foe put to sleep
|rule|Species Clause: Limit one of each PokÃ©mon
|rule|OHKO Clause: OHKO moves are banned
|rule|Moody Clause: Moody is banned
|rule|Evasion Moves Clause: Evasion moves are banned
|rule|Endless Battle Clause: Forcing endless battles is banned
|rule|HP Percentage Mod: HP is shown in percentages
|teampreview
|
|start
|switch|p1a: Tyranitar|Tyranitar, M|404\/404
|switch|p2a: Tyranitar|Tyranitar, M|341\/341
|-weather|Sandstorm
|turn|1
|chat|Maistero|Brother ttar
|chat|Maistero|We meet at last
|
|move|p2a: Tyranitar|Earthquake|p1a: Tyranitar
|-supereffective|p1a: Tyranitar
|-damage|p1a: Tyranitar|102\/404
|move|p1a: Tyranitar|Earthquake|p2a: Tyranitar
|-supereffective|p2a: Tyranitar
|-damage|p2a: Tyranitar|157\/341
|
|-weather|Sandstorm|[upkeep]
|turn|2
|chat|BallinAssNikka|haha
|
|switch|p1a: Skarmory|Skarmory, F|334\/334
|move|p2a: Tyranitar|Earthquake|p1a: Skarmory
|-immune|p1a: Skarmory|[msg]
|
|-weather|Sandstorm|[upkeep]
|turn|3
|
|switch|p1a: Heatran|Heatran, M|333\/333
|switch|p2a: Mandibuzz|Mandibuzz, F|424\/424
|
|-weather|Sandstorm|[upkeep]
|turn|4
|
|switch|p2a: Conkeldurr|Conkeldurr, F|351\/351
|move|p1a: Heatran|Ancient Power|p2a: Conkeldurr
|-resisted|p2a: Conkeldurr
|-damage|p2a: Conkeldurr|324\/351
|
|-weather|Sandstorm|[upkeep]
|-damage|p2a: Conkeldurr|303\/351|[from] sandstorm
|turn|5
|
|switch|p1a: Skarmory|Skarmory, F|334\/334
|move|p2a: Conkeldurr|Knock Off|p1a: Skarmory
|-damage|p1a: Skarmory|256\/334
|-damage|p2a: Conkeldurr|245\/351|[from] item: Rocky Helmet|[of] p1a: Skarmory
|-enditem|p1a: Skarmory|Rocky Helmet|[from] move: Knock Off|[of] p2a: Conkeldurr
|
|-weather|none
|turn|6
|chat|Maistero|I'll never get the Ancient Power boost
|
|move|p1a: Skarmory|Brave Bird|p2a: Conkeldurr
|-supereffective|p2a: Conkeldurr
|-damage|p2a: Conkeldurr|11\/351
|-damage|p1a: Skarmory|179\/334|[from] recoil|[of] p2a: Conkeldurr
|move|p2a: Conkeldurr|Drain Punch|p1a: Skarmory
|-damage|p1a: Skarmory|97\/334
|-heal|p2a: Conkeldurr|52\/351|[from] drain|[of] p1a: Skarmory
|
|turn|7
|
|switch|p2a: Heatran|Heatran, F|386\/386
|move|p1a: Skarmory|Brave Bird|p2a: Heatran
|-resisted|p2a: Heatran
|-damage|p2a: Heatran|332\/386
|-damage|p1a: Skarmory|79\/334|[from] recoil|[of] p2a: Heatran
|
|-heal|p2a: Heatran|356\/386|[from] item: Leftovers
|turn|8
|
|switch|p1a: Tyranitar|Tyranitar, M|102\/404
|-weather|Sandstorm
|move|p2a: Heatran|Stealth Rock|p1a: Tyranitar
|-sidestart|p1: Maistero|move: Stealth Rock
|
|-weather|Sandstorm|[upkeep]
|-heal|p2a: Heatran|380\/386|[from] item: Leftovers
|turn|9
|
|switch|p2a: Conkeldurr|Conkeldurr, F|52\/351
|move|p1a: Tyranitar|Earthquake|p2a: Conkeldurr
|-damage|p2a: Conkeldurr|0 fnt
|faint|p2a: Conkeldurr
|
|-weather|Sandstorm|[upkeep]
|
|switch|p2a: Landorus-Therian|Landorus-Therian, M|320\/320
|-ability|p2a: Landorus-Therian|Intimidate|[of] p1a: Tyranitar
|-unboost|p1a: Tyranitar|atk|1
|turn|10
|chat|Maistero|I've gotten more flamethrower burns and ice beam freezes than an ancient power boost
|
|switch|p1a: Skarmory|Skarmory, F|79\/334
|-damage|p1a: Skarmory|38\/334|[from] Stealth Rock
|move|p2a: Landorus-Therian|U-turn|p1a: Skarmory
|-resisted|p1a: Skarmory
|-damage|p1a: Skarmory|18\/334
|chat|BallinAssNikka|yeah sames
|
|switch|p2a: Venusaur|Venusaur, F|364\/364
|
|-weather|Sandstorm|[upkeep]
|-damage|p2a: Venusaur|342\/364|[from] sandstorm
|turn|11
|
|detailschange|p2a: Venusaur|Venusaur-Mega, F
|message|Venusaur has Mega Evolved into Mega Venusaur!
|move|p2a: Venusaur|Giga Drain|p1a: Skarmory
|-resisted|p1a: Skarmory
|-damage|p1a: Skarmory|0 fnt
|-heal|p2a: Venusaur|351\/364|[from] drain|[of] p1a: Skarmory
|faint|p1a: Skarmory
|
|-weather|Sandstorm|[upkeep]
|-damage|p2a: Venusaur|329\/364|[from] sandstorm
|
|switch|p1a: Latios|Latios, M|302\/302
|-damage|p1a: Latios|265\/302|[from] Stealth Rock
|turn|12
|
|switch|p2a: Heatran|Heatran, F|380\/386
|move|p1a: Latios|Psyshock|p2a: Heatran
|-resisted|p2a: Heatran
|-damage|p2a: Heatran|313\/386
|
|-weather|Sandstorm|[upkeep]
|-heal|p2a: Heatran|337\/386|[from] item: Leftovers
|turn|13
|
|move|p1a: Latios|Surf|p2a: Heatran
|-supereffective|p2a: Heatran
|-damage|p2a: Heatran|189\/386
|move|p2a: Heatran|Roar|p1a: Latios
|drag|p1a: Tyranitar|Tyranitar, M|102\/404
|-damage|p1a: Tyranitar|52\/404|[from] Stealth Rock
|
|-weather|Sandstorm|[upkeep]
|-heal|p2a: Heatran|213\/386|[from] item: Leftovers
|turn|14
|
|move|p1a: Tyranitar|Pursuit|p2a: Heatran|[from]Pursuit
|-damage|p2a: Heatran|93\/386
|switch|p2a: Landorus-Therian|Landorus-Therian, M|320\/320
|-ability|p2a: Landorus-Therian|Intimidate|[of] p1a: Tyranitar
|-unboost|p1a: Tyranitar|atk|1
|
|-weather|Sandstorm|[upkeep]
|turn|15
|
|switch|p1a: Heracross|Heracross, M|311\/311
|-damage|p1a: Heracross|273\/311|[from] Stealth Rock
|move|p2a: Landorus-Therian|U-turn|p1a: Heracross
|-resisted|p1a: Heracross
|-damage|p1a: Heracross|190\/311
|chat|Maistero|Dude, it's only been a couple of seconds
|chat|Maistero|Not going to go inactive on you
|chat|BallinAssNikka|oh no offense lol
|chat|BallinAssNikka|i always put it on
|
|switch|p2a: Venusaur|Venusaur-Mega, F|329\/364
|
|-weather|none
|turn|16
|
|detailschange|p1a: Heracross|Heracross-Mega, M
|message|Heracross has Mega Evolved into Mega Heracross!
|move|p1a: Heracross|Pin Missile|p2a: Venusaur
|-damage|p2a: Venusaur|271\/364
|-damage|p2a: Venusaur|213\/364
|-damage|p2a: Venusaur|159\/364
|-damage|p2a: Venusaur|107\/364
|-crit|p2a: Venusaur
|-damage|p2a: Venusaur|25\/364
|-hitcount|p2a: Venusaur|5
|move|p2a: Venusaur|Leech Seed|p1a: Heracross
|-start|p1a: Heracross|move: Leech Seed
|
|-damage|p1a: Heracross|152\/311|[from] Leech Seed|[of] p2a: Venusaur
|-heal|p2a: Venusaur|63\/364|[silent]
|turn|17
|
|switch|p2a: Landorus-Therian|Landorus-Therian, M|320\/320
|-ability|p2a: Landorus-Therian|Intimidate|[of] p1a: Heracross
|-unboost|p1a: Heracross|atk|1
|move|p1a: Heracross|Rock Blast|p2a: Landorus-Therian
|-damage|p2a: Landorus-Therian|288\/320
|-damage|p2a: Landorus-Therian|258\/320
|-damage|p2a: Landorus-Therian|228\/320
|-crit|p2a: Landorus-Therian
|-damage|p2a: Landorus-Therian|152\/320
|-damage|p2a: Landorus-Therian|119\/320
|-hitcount|p2a: Landorus-Therian|5
|
|-damage|p1a: Heracross|114\/311|[from] Leech Seed|[of] p2a: Landorus-Therian
|-heal|p2a: Landorus-Therian|157\/320|[silent]
|turn|18
|
|move|p2a: Landorus-Therian|Stone Edge|p1a: Heracross
|-damage|p1a: Heracross|0 fnt
|faint|p1a: Heracross
|
|
|switch|p1a: Tyranitar|Tyranitar, M|52\/404
|-damage|p1a: Tyranitar|2\/404|[from] Stealth Rock
|-weather|Sandstorm
|turn|19
|
|move|p2a: Landorus-Therian|Stone Edge|p1a: Tyranitar
|-damage|p1a: Tyranitar|0 fnt
|faint|p1a: Tyranitar
|
|-weather|Sandstorm|[upkeep]
|chat|Maistero|Oh...
|chat|Maistero|Now I get it >:D
|
|switch|p1a: Excadrill|Excadrill, F|362\/362
|-damage|p1a: Excadrill|351\/362|[from] Stealth Rock
|-item|p1a: Excadrill|Air Balloon
|turn|20
|
|switch|p2a: Heatran|Heatran, F|93\/386
|move|p1a: Excadrill|Swords Dance|p1a: Excadrill
|-boost|p1a: Excadrill|atk|2
|
|-weather|Sandstorm|[upkeep]
|-heal|p2a: Heatran|117\/386|[from] item: Leftovers
|turn|21
|
|move|p2a: Heatran|Protect|p2a: Heatran
|-singleturn|p2a: Heatran|Protect
|move|p1a: Excadrill|Rock Slide|p2a: Heatran
|-activate|p2a: Heatran|Protect
|
|-weather|Sandstorm|[upkeep]
|-heal|p2a: Heatran|141\/386|[from] item: Leftovers
|turn|22
|
|move|p1a: Excadrill|Earthquake|p2a: Heatran
|-supereffective|p2a: Heatran
|-damage|p2a: Heatran|0 fnt
|faint|p2a: Heatran
|
|-weather|Sandstorm|[upkeep]
|
|switch|p2a: Landorus-Therian|Landorus-Therian, M|157\/320
|-ability|p2a: Landorus-Therian|Intimidate|[of] p1a: Excadrill
|-unboost|p1a: Excadrill|atk|1
|turn|23
|
|move|p1a: Excadrill|Iron Head|p2a: Landorus-Therian
|-damage|p2a: Landorus-Therian|0 fnt
|faint|p2a: Landorus-Therian
|
|-weather|Sandstorm|[upkeep]
|
|switch|p2a: Mandibuzz|Mandibuzz, F|424\/424
|turn|24
|
|move|p1a: Excadrill|Rock Slide|p2a: Mandibuzz
|-supereffective|p2a: Mandibuzz
|-damage|p2a: Mandibuzz|200\/424
|move|p2a: Mandibuzz|Foul Play|p1a: Excadrill
|-damage|p1a: Excadrill|0 fnt
|-enditem|p1a: Excadrill|Air Balloon
|faint|p1a: Excadrill
|
|-weather|Sandstorm|[upkeep]
|-heal|p2a: Mandibuzz|226\/424|[from] item: Leftovers
|
|switch|p1a: Heatran|Heatran, M|333\/333
|-damage|p1a: Heatran|292\/333|[from] Stealth Rock
|turn|25
|chat|BallinAssNikka|god i love this bird
|chat|Maistero|Heatran will down on your bird
|
|switch|p2a: Venusaur|Venusaur-Mega, F|63\/364
|move|p1a: Heatran|Ancient Power|p2a: Venusaur
|-damage|p2a: Venusaur|9\/364
|-boost|p1a: Heatran|atk|1
|-boost|p1a: Heatran|def|1
|-boost|p1a: Heatran|spa|1
|-boost|p1a: Heatran|spd|1
|-boost|p1a: Heatran|spe|1
|
|-weather|Sandstorm|[upkeep]
|-damage|p2a: Venusaur|0 fnt|[from] sandstorm
|-heal|p1a: Heatran|312\/333|[from] item: Leftovers
|faint|p2a: Venusaur
|chat|Maistero|YES
|chat|BallinAssNikka|fml
|chat|Maistero|The boost
|chat|Maistero|gg
|chat|BallinAssNikka|worst time
|chat|BallinAssNikka|lol cmon
|chat|Maistero|My first time ever
|chat|Maistero|getting the boost
|
|switch|p2a: Tyranitar|Tyranitar, M|157\/341
|turn|26
|
|move|p1a: Heatran|Earth Power|p2a: Tyranitar
|-supereffective|p2a: Tyranitar
|-damage|p2a: Tyranitar|0 fnt
|faint|p2a: Tyranitar
|
|-weather|none
|-heal|p1a: Heatran|332\/333|[from] item: Leftovers
|chat|BallinAssNikka|so unfortunate
|
|switch|p2a: Mandibuzz|Mandibuzz, F|226\/424
|turn|27
|chat|Maistero|It was too clutch
|chat|Maistero|to be true
|chat|Maistero|BUT IT DID
|chat|Maistero|Sorry
|chat|Maistero|but I'm excited
|
|move|p1a: Heatran|Ancient Power|p2a: Mandibuzz
|-supereffective|p2a: Mandibuzz
|-damage|p2a: Mandibuzz|0 fnt
|faint|p2a: Mandibuzz
|
|win|Maistero
|raw|Ladder updating...
|raw|Maistero's rating: 1720 &rarr; <strong>1740<\/strong><br \/>(+20 for winning)
|raw|BallinAssNikka's rating: 1716 &rarr; <strong>1696<\/strong><br \/>(-20 for losing)