|join|tonofwhat
|join|moony-eevee
|player|p1|tonofwhat|169
|player|p2|moony-eevee|172
|gametype|singles
|gen|6
|tier|OU
|rated
|clearpoke
|poke|p1|Heracross, F
|poke|p1|Landorus-Therian, M
|poke|p1|Clefable, M
|poke|p1|Rotom-Wash
|poke|p1|Jirachi
|poke|p1|Gengar, F
|poke|p2|Thundurus, M
|poke|p2|Froslass, F
|poke|p2|Hawlucha, F
|poke|p2|Heatran, M
|poke|p2|Clefable, M
|poke|p2|Latias, F
|rule|Swagger Clause: Swagger is banned
|rule|Baton Pass Clause: Limit one PokÃ©mon knowing Baton Pass
|rule|Sleep Clause Mod: Limit one foe put to sleep
|rule|Species Clause: Limit one of each PokÃ©mon
|rule|OHKO Clause: OHKO moves are banned
|rule|Moody Clause: Moody is banned
|rule|Evasion Moves Clause: Evasion moves are banned
|rule|Endless Battle Clause: Forcing endless battles is banned
|rule|HP Percentage Mod: HP is shown in percentages
|teampreview
|
|start
|switch|p1a: Heracross|Heracross, F|301\/301
|switch|p2a: Froslass|Froslass, F|282\/282
|turn|1
|
|detailschange|p1a: Heracross|Heracross-Mega, F
|message|Heracross has Mega Evolved into Mega Heracross!
|move|p2a: Froslass|Destiny Bond|p2a: Froslass
|-singlemove|p2a: Froslass|Destiny Bond
|move|p1a: Heracross|Rock Blast|p2a: Froslass
|-supereffective|p2a: Froslass
|-damage|p2a: Froslass|164\/282
|-supereffective|p2a: Froslass
|-damage|p2a: Froslass|44\/282
|-supereffective|p2a: Froslass
|-damage|p2a: Froslass|0 fnt
|-start|p1a: Heracross|Disable|Rock Blast
|-hitcount|p2a: Froslass|3
|faint|p2a: Froslass
|-activate|p2a: Froslass|Destiny Bond
|faint|p1a: Heracross
|
|
|switch|p2a: Thundurus|Thundurus, M|299\/299
|switch|p1a: Rotom-Wash|Rotom-Wash|304\/304
|turn|2
|
|switch|p1a: Clefable|Clefable, M|394\/394
|move|p2a: Thundurus|Knock Off|p1a: Clefable
|-crit|p1a: Clefable
|-resisted|p1a: Clefable
|-damage|p1a: Clefable|294\/394
|-enditem|p1a: Clefable|Leftovers|[from] move: Knock Off|[of] p2a: Thundurus
|-damage|p2a: Thundurus|270\/299|[from] item: Life Orb
|
|turn|3
|
|move|p2a: Thundurus|Thunderbolt|p1a: Clefable
|-damage|p1a: Clefable|111\/394
|-status|p1a: Clefable|par
|-damage|p2a: Thundurus|241\/299|[from] item: Life Orb
|cant|p1a: Clefable|par
|
|turn|4
|
|switch|p1a: Landorus-Therian|Landorus-Therian, M|338\/338
|-ability|p1a: Landorus-Therian|Intimidate|[of] p2a: Thundurus
|-unboost|p2a: Thundurus|atk|1
|-boost|p2a: Thundurus|atk|2|[from] ability: Defiant
|move|p2a: Thundurus|Thunderbolt|p1a: Landorus-Therian
|-immune|p1a: Landorus-Therian|[msg]
|
|turn|5
|
|move|p1a: Landorus-Therian|Rock Slide|p2a: Thundurus
|-miss|p1a: Landorus-Therian|p2a: Thundurus
|move|p2a: Thundurus|Hidden Power|p1a: Landorus-Therian
|-supereffective|p1a: Landorus-Therian
|-damage|p1a: Landorus-Therian|0 fnt
|-damage|p2a: Thundurus|212\/299|[from] item: Life Orb
|faint|p1a: Landorus-Therian
|
|c|âtonofwhat|dude
|c|âtonofwhat|seriously
|c|âtonofwhat|come on
|
|switch|p1a: Jirachi|Jirachi|404\/404
|turn|6
|
|move|p2a: Thundurus|Knock Off|p1a: Jirachi
|-supereffective|p1a: Jirachi
|-damage|p1a: Jirachi|76\/404
|-enditem|p1a: Jirachi|Leftovers|[from] move: Knock Off|[of] p2a: Thundurus
|-damage|p2a: Thundurus|183\/299|[from] item: Life Orb
|move|p1a: Jirachi|Toxic|p2a: Thundurus
|-status|p2a: Thundurus|tox
|
|-damage|p2a: Thundurus|165\/299 tox|[from] psn
|turn|7
|
|switch|p1a: Clefable|Clefable, M|111\/394 par
|move|p2a: Thundurus|Knock Off|p1a: Clefable
|-resisted|p1a: Clefable
|-damage|p1a: Clefable|42\/394 par
|-damage|p2a: Thundurus|136\/299 tox|[from] item: Life Orb
|
|-damage|p2a: Thundurus|100\/299 tox|[from] psn
|turn|8
|
|move|p2a: Thundurus|Thunderbolt|p1a: Clefable
|-damage|p1a: Clefable|0 fnt
|-damage|p2a: Thundurus|71\/299 tox|[from] item: Life Orb
|faint|p1a: Clefable
|
|-damage|p2a: Thundurus|17\/299 tox|[from] psn
|
|switch|p1a: Rotom-Wash|Rotom-Wash|304\/304
|turn|9
|
|move|p2a: Thundurus|Knock Off|p1a: Rotom-Wash
|-damage|p1a: Rotom-Wash|183\/304
|-enditem|p1a: Rotom-Wash|Leftovers|[from] move: Knock Off|[of] p2a: Thundurus
|-damage|p2a: Thundurus|0 fnt|[from] item: Life Orb
|faint|p2a: Thundurus
|move|p1a: Rotom-Wash|Will-O-Wisp|p2: Thundurus|[notarget]
|-notarget
|
|
|switch|p2a: Latias|Latias, F|319\/319
|turn|10
|
|switch|p1a: Jirachi|Jirachi|76\/404
|move|p2a: Latias|Draco Meteor|p1a: Jirachi
|-resisted|p1a: Jirachi
|-damage|p1a: Jirachi|0 fnt
|-unboost|p2a: Latias|spa|2
|-damage|p2a: Latias|288\/319|[from] item: Life Orb
|faint|p1a: Jirachi
|
|
|switch|p1a: Rotom-Wash|Rotom-Wash|183\/304
|turn|11
|
|move|p2a: Latias|Draco Meteor|p1a: Rotom-Wash
|-damage|p1a: Rotom-Wash|54\/304
|-unboost|p2a: Latias|spa|2
|-damage|p2a: Latias|257\/319|[from] item: Life Orb
|move|p1a: Rotom-Wash|Pain Split|p2a: Latias
|-sethp|p2a: Latias|155\/319|p1a: Rotom-Wash|155\/304|[from] move: Pain Split
|
|turn|12
|
|move|p2a: Latias|Draco Meteor|p1a: Rotom-Wash
|-crit|p1a: Rotom-Wash
|-damage|p1a: Rotom-Wash|0 fnt
|-unboost|p2a: Latias|spa|2
|-damage|p2a: Latias|124\/319|[from] item: Life Orb
|faint|p1a: Rotom-Wash
|
|
|switch|p1a: Gengar|Gengar, F|261\/261
|turn|13
|
|move|p1a: Gengar|Hex|p2a: Latias
|-supereffective|p2a: Latias
|-damage|p2a: Latias|0 fnt
|-damage|p1a: Gengar|235\/261|[from] item: Life Orb
|faint|p2a: Latias
|
|
|switch|p2a: Hawlucha|Hawlucha, F|299\/299
|turn|14
|
|move|p1a: Gengar|Sludge Wave|p2a: Hawlucha
|-damage|p2a: Hawlucha|0 fnt
|-damage|p1a: Gengar|209\/261|[from] item: Life Orb
|faint|p2a: Hawlucha
|
|
|switch|p2a: Heatran|Heatran, M|385\/385
|turn|15
|
|move|p1a: Gengar|Focus Blast|p2a: Heatran|[miss]
|-miss|p1a: Gengar|p2a: Heatran
|move|p2a: Heatran|Lava Plume|p1a: Gengar
|-crit|p1a: Gengar
|-damage|p1a: Gengar|1\/261
|
|turn|16
|c|âtonofwhat|of course
|c|âtonofwhat|what else would happen
|
|move|p1a: Gengar|Focus Blast|p2a: Heatran|[miss]
|-miss|p1a: Gengar|p2a: Heatran
|move|p2a: Heatran|Lava Plume|p1a: Gengar
|-damage|p1a: Gengar|0 fnt
|faint|p1a: Gengar
|
|win|moony-eevee
|raw|Ladder updating...
|raw|tonofwhat's rating: 1633 &rarr; <strong>1609<\/strong><br \/>(-24 for losing)
|raw|moony-eevee's rating: 1561 &rarr; <strong>1585<\/strong><br \/>(+24 for winning)