|join|MoB Barley
|join|tonofwhat
|player|p1|MoB Barley|161
|player|p2|tonofwhat|102
|gametype|singles
|gen|6
|tier|OU
|rated
|clearpoke
|poke|p1|Diancie, shiny
|poke|p1|Hydreigon, M, shiny
|poke|p1|Magnezone
|poke|p1|Jirachi, shiny
|poke|p1|Landorus-Therian, M
|poke|p1|Azumarill, M
|poke|p2|Keldeo
|poke|p2|Bisharp, F
|poke|p2|Latias, F
|poke|p2|Slowbro, F
|poke|p2|Clefable, M
|poke|p2|Metagross
|rule|Swagger Clause: Swagger is banned
|rule|Baton Pass Clause: Limit one PokÃ©mon knowing Baton Pass
|rule|Sleep Clause Mod: Limit one foe put to sleep
|rule|Species Clause: Limit one of each PokÃ©mon
|rule|OHKO Clause: OHKO moves are banned
|rule|Moody Clause: Moody is banned
|rule|Evasion Moves Clause: Evasion moves are banned
|rule|Endless Battle Clause: Forcing endless battles is banned
|rule|HP Percentage Mod: HP is shown in percentages
|teampreview
|join|belgrade
|join|IamChow
|join|Beyen
|
|start
|switch|p1a: Angel|Diancie, shiny|241\/241
|switch|p2a: Bisharp|Bisharp, F|291\/291
|turn|1
|join|min min
|
|detailschange|p1a: Angel|Diancie-Mega, shiny
|-mega|p1a: Angel|Diancie|Diancite
|move|p1a: Angel|Protect|p1a: Angel
|-singleturn|p1a: Angel|Protect
|move|p2a: Bisharp|Iron Head|p1a: Angel
|-activate|p1a: Angel|Protect
|
|turn|2
|join|efvgrfgvtfr
|
|switch|p1a: Magneto|Magnezone|281\/281
|switch|p2a: Clefable|Clefable, M|394\/394
|
|turn|3
|c| Beyen|great nickname
|
|move|p1a: Magneto|Volt Switch|p2a: Clefable
|-damage|p2a: Clefable|286\/394
|join|ITS IGGY IGGS
|c|âMoB Barley|its so appropriate
|
|switch|p1a: Starburst|Jirachi, shiny|404\/404
|move|p2a: Clefable|Stealth Rock|p1a: Starburst
|-sidestart|p1: MoB Barley|move: Stealth Rock
|
|-heal|p2a: Clefable|310\/394|[from] item: Leftovers
|turn|4
|c|âMoB Barley|isn't it
|c| Beyen|yup, and im a fan of x-men
|c|âMoB Barley|how good was days of future past
|
|switch|p2a: Metagross|Metagross|301\/301
|move|p1a: Starburst|Stealth Rock|p2a: Metagross
|-sidestart|p2: tonofwhat|move: Stealth Rock
|
|turn|5
|c| Beyen|I didn't see it yet! D:
|
|detailschange|p2a: Metagross|Metagross-Mega
|-mega|p2a: Metagross|Metagross|Metagrossite
|move|p2a: Metagross|Pursuit|p1a: Starburst
|-supereffective|p1a: Starburst
|-damage|p1a: Starburst|274\/404
|move|p1a: Starburst|U-turn|p2a: Metagross
|-crit|p2a: Metagross
|-damage|p2a: Metagross|242\/301
|c|âMoB Barley|u call urself a fan
|c|âMoB Barley|pls
|
|switch|p1a: Magneto|Magnezone|281\/281
|-damage|p1a: Magneto|264\/281|[from] Stealth Rock
|
|turn|6
|
|move|p1a: Magneto|Volt Switch|p2a: Metagross
|-damage|p2a: Metagross|131\/301
|
|switch|p1a: Landorus-Therian|Landorus-Therian, M|319\/319
|-damage|p1a: Landorus-Therian|280\/319|[from] Stealth Rock
|-ability|p1a: Landorus-Therian|Intimidate|[of] p2a: Metagross
|-unboost|p2a: Metagross|atk|1
|move|p2a: Metagross|Hammer Arm|p1a: Landorus-Therian
|-resisted|p1a: Landorus-Therian
|-damage|p1a: Landorus-Therian|214\/319
|-unboost|p2a: Metagross|spe|1
|
|turn|7
|c| Beyen|im no super fan, I just like 'em
|c|âMoB Barley|go check it out
|
|switch|p2a: Clefable|Clefable, M|310\/394
|move|p1a: Landorus-Therian|U-turn|p2a: Clefable
|-resisted|p2a: Clefable
|-damage|p2a: Clefable|261\/394
|c| ITS IGGY IGGS|yo why is lando not named
|c|âMoB Barley|o shit
|c|âMoB Barley|i forgot
|
|switch|p1a: Iluminatti|Hydreigon, M, shiny|325\/325
|-damage|p1a: Iluminatti|285\/325|[from] Stealth Rock
|
|-heal|p2a: Clefable|285\/394|[from] item: Leftovers
|turn|8
|c| Beyen|call him Beast
|c|âMoB Barley|oops
|c|âMoB Barley|mis slick
|c|âtonofwhat|liar
|c|âtonofwhat|you have iron tail
|c|âMoB Barley|ur righ
|
|switch|p2a: Slowbro|Slowbro, F|394\/394
|-damage|p2a: Slowbro|345\/394|[from] Stealth Rock
|move|p1a: Iluminatti|Flash Cannon|p2a: Slowbro
|-resisted|p2a: Slowbro
|-damage|p2a: Slowbro|271\/394
|-damage|p1a: Iluminatti|253\/325|[from] item: Life Orb
|
|-heal|p2a: Slowbro|295\/394|[from] item: Leftovers
|turn|9
|join|gbpackerfan
|c| Beyen|well played
|c|âtonofwhat|same shit
|
|switch|p2a: Clefable|Clefable, M|285\/394
|move|p1a: Iluminatti|Draco Meteor|p2a: Clefable
|-immune|p2a: Clefable|[msg]
|
|-heal|p2a: Clefable|309\/394|[from] item: Leftovers
|turn|10
|
|switch|p1a: Starburst|Jirachi, shiny|274\/404
|-damage|p1a: Starburst|249\/404|[from] Stealth Rock
|move|p2a: Clefable|Moonblast|p1a: Starburst
|-resisted|p1a: Starburst
|-damage|p1a: Starburst|212\/404
|
|-heal|p1a: Starburst|237\/404|[from] item: Leftovers
|-heal|p2a: Clefable|333\/394|[from] item: Leftovers
|turn|11
|
|switch|p2a: Slowbro|Slowbro, F|394\/394
|-damage|p2a: Slowbro|345\/394|[from] Stealth Rock
|move|p1a: Starburst|Wish|p1a: Starburst
|
|-heal|p1a: Starburst|262\/404|[from] item: Leftovers
|-heal|p2a: Slowbro|369\/394|[from] item: Leftovers
|turn|12
|c| Beyen|this game has stayed 6v6 for very long
|c|âMoB Barley|12 turns
|c|âMoB Barley|isn't bad
|
|move|p1a: Starburst|U-turn|p2a: Slowbro
|-supereffective|p2a: Slowbro
|-damage|p2a: Slowbro|285\/394
|
|switch|p1a: Iluminatti|Hydreigon, M, shiny|253\/325
|-damage|p1a: Iluminatti|213\/325|[from] Stealth Rock
|move|p2a: Slowbro|Scald|p1a: Iluminatti
|-resisted|p1a: Iluminatti
|-damage|p1a: Iluminatti|158\/325
|
|-heal|p1a: Iluminatti|325\/325|[from] move: Wish|[wisher] Starburst
|-heal|p2a: Slowbro|309\/394|[from] item: Leftovers
|turn|13
|c| Beyen|most of my games dont last that long as 6v6
|
|switch|p2a: Keldeo|Keldeo|323\/323
|-damage|p2a: Keldeo|303\/323|[from] Stealth Rock
|move|p1a: Iluminatti|Dark Pulse|p2a: Keldeo
|-resisted|p2a: Keldeo
|-damage|p2a: Keldeo|190\/323
|-boost|p2a: Keldeo|atk|1|[from] ability: Justified
|-damage|p1a: Iluminatti|293\/325|[from] item: Life Orb
|
|-heal|p2a: Keldeo|210\/323|[from] item: Leftovers
|turn|14
|
|switch|p1a: Wabbit Season|Azumarill, M|360\/360
|-damage|p1a: Wabbit Season|315\/360|[from] Stealth Rock
|move|p2a: Keldeo|Scald|p1a: Wabbit Season
|-resisted|p1a: Wabbit Season
|-damage|p1a: Wabbit Season|228\/360
|
|-heal|p2a: Keldeo|230\/323|[from] item: Leftovers
|turn|15
|join|Hopeless Cheergirl
|c| Beyen|these switches are very well played on both sides
|
|move|p2a: Keldeo|Substitute|p2a: Keldeo
|-start|p2a: Keldeo|Substitute
|-damage|p2a: Keldeo|150\/323
|move|p1a: Wabbit Season|Play Rough|p2a: Keldeo
|-supereffective|p2a: Keldeo
|-end|p2a: Keldeo|Substitute
|
|-heal|p2a: Keldeo|170\/323|[from] item: Leftovers
|turn|16
|
|switch|p2a: Slowbro|Slowbro, F|394\/394
|-damage|p2a: Slowbro|345\/394|[from] Stealth Rock
|move|p1a: Wabbit Season|Knock Off|p2a: Slowbro
|-supereffective|p2a: Slowbro
|-damage|p2a: Slowbro|163\/394
|-enditem|p2a: Slowbro|Leftovers|[from] move: Knock Off|[of] p1a: Wabbit Season
|
|turn|17
|c|âtonofwhat|nice
|c| Beyen|lol Wabbit Season
|c| Beyen|no duck season
|
|switch|p1a: Magneto|Magnezone|264\/281
|-damage|p1a: Magneto|247\/281|[from] Stealth Rock
|move|p2a: Slowbro|Scald|p1a: Magneto
|-damage|p1a: Magneto|145\/281
|
|turn|18
|c| Beyen|rabbit season
|c| Beyen|etc.
|
|switch|p2a: Latias|Latias, F|301\/301
|-damage|p2a: Latias|264\/301|[from] Stealth Rock
|move|p1a: Magneto|Volt Switch|p2a: Latias
|-resisted|p2a: Latias
|-damage|p2a: Latias|210\/301
|join|thepack
|
|switch|p1a: Starburst|Jirachi, shiny|262\/404
|-damage|p1a: Starburst|237\/404|[from] Stealth Rock
|
|-heal|p1a: Starburst|262\/404|[from] item: Leftovers
|turn|19
|leave|ITS IGGY IGGS
|
|switch|p2a: Clefable|Clefable, M|333\/394
|move|p1a: Starburst|U-turn|p2a: Clefable
|-resisted|p2a: Clefable
|-damage|p2a: Clefable|301\/394
|
|switch|p1a: Magneto|Magnezone|145\/281
|-damage|p1a: Magneto|128\/281|[from] Stealth Rock
|
|-heal|p2a: Clefable|325\/394|[from] item: Leftovers
|turn|20
|
|move|p1a: Magneto|Flash Cannon|p2a: Clefable
|-supereffective|p2a: Clefable
|-damage|p2a: Clefable|47\/394
|-unboost|p2a: Clefable|spd|1
|move|p2a: Clefable|Soft-Boiled|p2a: Clefable
|-heal|p2a: Clefable|244\/394
|
|-heal|p2a: Clefable|268\/394|[from] item: Leftovers
|turn|21
|leave|gbpackerfan
|
|switch|p2a: Bisharp|Bisharp, F|291\/291
|-damage|p2a: Bisharp|273\/291|[from] Stealth Rock
|move|p1a: Magneto|Flash Cannon|p2a: Bisharp
|-resisted|p2a: Bisharp
|-damage|p2a: Bisharp|186\/291
|-unboost|p2a: Bisharp|spd|1
|-boost|p2a: Bisharp|atk|2|[from] ability: Defiant
|
|turn|22
|
|move|p1a: Magneto|Flash Cannon|p2a: Bisharp
|-resisted|p2a: Bisharp
|-damage|p2a: Bisharp|41\/291
|move|p2a: Bisharp|Knock Off|p1a: Magneto
|-damage|p1a: Magneto|0 fnt
|-enditem|p1a: Magneto|Choice Scarf|[from] move: Knock Off|[of] p2a: Bisharp
|-damage|p2a: Bisharp|12\/291|[from] item: Life Orb
|faint|p1a: Magneto
|
|
|switch|p1a: Starburst|Jirachi, shiny|262\/404
|-damage|p1a: Starburst|237\/404|[from] Stealth Rock
|turn|23
|
|move|p2a: Bisharp|Sucker Punch|p1a: Starburst
|-fail|p1a: Starburst
|move|p1a: Starburst|Wish|p1a: Starburst
|
|-heal|p1a: Starburst|262\/404|[from] item: Leftovers
|turn|24
|c|âtonofwhat|damn
|c|âtonofwhat|i'll blame the cancel button
|c| Beyen|ik right
|
|move|p2a: Bisharp|Sucker Punch|p1a: Starburst
|-supereffective|p1a: Starburst
|-damage|p1a: Starburst|0 fnt
|-damage|p2a: Bisharp|0 fnt|[from] item: Life Orb
|faint|p1a: Starburst
|faint|p2a: Bisharp
|
|c| Beyen|it never works
|c|âtonofwhat|lol
|c|âtonofwhat|it wasn't the button though
|c|âtonofwhat|you just outplayed me that turn
|
|switch|p1a: Iluminatti|Hydreigon, M, shiny|293\/325
|switch|p2a: Clefable|Clefable, M|268\/394
|-damage|p1a: Iluminatti|253\/325|[from] Stealth Rock
|turn|25
|c| Beyen|I once used a dark move on a terrakion, I then canceld it but it didn't actually cancel
|c|âtonofwhat|omg
|c|âtonofwhat|that sucks
|c| Beyen|yup :(
|c|âtonofwhat|when you see the animation start to go and do wrong thing
|c|âtonofwhat|after hoping it worked
|
|switch|p2a: Slowbro|Slowbro, F|294\/394
|-damage|p2a: Slowbro|245\/394|[from] Stealth Rock
|move|p1a: Iluminatti|Flash Cannon|p2a: Slowbro
|-resisted|p2a: Slowbro
|-damage|p2a: Slowbro|171\/394
|-damage|p1a: Iluminatti|221\/325|[from] item: Life Orb
|
|turn|26
|c| Beyen|that moment u know ur screwed
|c|âtonofwhat|yeah
|c|âtonofwhat|haha
|
|move|p1a: Iluminatti|Draco Meteor|p2a: Slowbro
|-damage|p2a: Slowbro|0 fnt
|-unboost|p1a: Iluminatti|spa|2
|-damage|p1a: Iluminatti|189\/325|[from] item: Life Orb
|faint|p2a: Slowbro
|
|c| Beyen|this match is so close!
|c| Beyen|agh!!!
|
|switch|p2a: Latias|Latias, F|210\/301
|-damage|p2a: Latias|173\/301|[from] Stealth Rock
|turn|27
|c|âtonofwhat|yeah
|c|âtonofwhat|we both have pretty balanced teams
|
|move|p2a: Latias|Healing Wish|p2a: Latias
|faint|p2a: Latias
|move|p1a: Iluminatti|Dark Pulse|p2: Latias|[notarget]
|-notarget
|
|
|switch|p2a: Metagross|Metagross-Mega|131\/301
|-heal|p2a: Metagross|301\/301|[from] move: Healing Wish
|-damage|p2a: Metagross|283\/301|[from] Stealth Rock
|turn|28
|c| Beyen|my team is shit compared to ur teams
|c|âtonofwhat|my team just has more standard sht lol
|c|âtonofwhat|you have some fun stuff
|c|âtonofwhat|like hydre and diance
|c| Beyen|I came on today seeking help from people but so far I've gotten none
|c|âtonofwhat|though diancie is really good
|c|âtonofwhat|really?
|join|Demandred
|c|âtonofwhat|you seem pretty good
|c| Beyen|also I'm not battling you
|
|move|p2a: Metagross|Meteor Mash|p1a: Iluminatti
|-crit|p1a: Iluminatti
|-damage|p1a: Iluminatti|0 fnt
|faint|p1a: Iluminatti
|
|c| Beyen|I'm watching
|join|Bobbie Schmurda
|c|âtonofwhat|i'm an idiot
|c|âtonofwhat|didn't even look at the name
|
|switch|p1a: Landorus-Therian|Landorus-Therian, M|214\/319
|-damage|p1a: Landorus-Therian|175\/319|[from] Stealth Rock
|-ability|p1a: Landorus-Therian|Intimidate|[of] p2a: Metagross
|-unboost|p2a: Metagross|atk|1
|turn|29
|c| Beyen|gg
|c| Beyen|ur facing Mob Barley
|c| Beyen|I'm Beyen
|c|âtonofwhat|one sec
|c|âtonofwhat|sorry
|c| Beyen|wow
|c| Beyen|he says 1 sec and sorry but u still turn on time
|join|Lord Kuvira
|join|Divine Rose
|c|âMoB Barley|rushes people
|c|âMoB Barley|he'll make it
|c| Beyen|ok
|c|âtonofwhat|mash has a chance to kill
|join|Alldaalts
|c| Beyen|So ur really good, I looked at ur rank and now im seeing you battle, could you maybe help me with my team?
|
|move|p1a: Landorus-Therian|U-turn|p2a: Metagross
|-damage|p2a: Metagross|215\/301
|
|switch|p1a: Wabbit Season|Azumarill, M|228\/360
|-damage|p1a: Wabbit Season|183\/360|[from] Stealth Rock
|move|p2a: Metagross|Meteor Mash|p1a: Wabbit Season
|-damage|p1a: Wabbit Season|0 fnt
|faint|p1a: Wabbit Season
|
|c| Beyen|or atleast how I battle
|
|switch|p1a: Landorus-Therian|Landorus-Therian, M|175\/319
|-damage|p1a: Landorus-Therian|136\/319|[from] Stealth Rock
|-ability|p1a: Landorus-Therian|Intimidate|[of] p2a: Metagross
|-unboost|p2a: Metagross|atk|1
|turn|30
|c|âtonofwhat|i can try
|c|âtonofwhat|i'm not that good though
|c|âMoB Barley|^
|c|âMoB Barley|there u go
|c|âtonofwhat|that was kinda rude
|c|âMoB Barley|what?
|c| Beyen|I'll be happy with either of you helping me
|c|âMoB Barley|i want u to help him
|c|âtonofwhat|oh
|c| Beyen|:D
|c|âtonofwhat|thought you were saying i sucked
|c|âtonofwhat|my bad
|c|âtonofwhat|not that i don't suck
|c|âMoB Barley|there u go = you suck?
|c|âtonofwhat|the arrow
|c| Beyen|nononono, I suck
|c|âtonofwhat|my bad man haha
|
|move|p1a: Landorus-Therian|Earthquake|p2a: Metagross
|-supereffective|p2a: Metagross
|-damage|p2a: Metagross|0 fnt
|faint|p2a: Metagross
|
|
|switch|p2a: Clefable|Clefable, M|268\/394
|turn|31
|
|move|p1a: Landorus-Therian|Earthquake|p2a: Clefable
|-damage|p2a: Clefable|75\/394
|move|p2a: Clefable|Soft-Boiled|p2a: Clefable
|-heal|p2a: Clefable|272\/394
|
|-heal|p2a: Clefable|296\/394|[from] item: Leftovers
|turn|32
|
|move|p1a: Landorus-Therian|Earthquake|p2a: Clefable
|-damage|p2a: Clefable|95\/394
|move|p2a: Clefable|Soft-Boiled|p2a: Clefable
|-heal|p2a: Clefable|292\/394
|
|-heal|p2a: Clefable|316\/394|[from] item: Leftovers
|turn|33
|
|move|p1a: Landorus-Therian|Earthquake|p2a: Clefable
|-damage|p2a: Clefable|105\/394
|move|p2a: Clefable|Soft-Boiled|p2a: Clefable
|-heal|p2a: Clefable|302\/394
|
|-heal|p2a: Clefable|326\/394|[from] item: Leftovers
|turn|34
|
|move|p1a: Landorus-Therian|Earthquake|p2a: Clefable
|-damage|p2a: Clefable|130\/394
|move|p2a: Clefable|Soft-Boiled|p2a: Clefable
|-heal|p2a: Clefable|327\/394
|
|-heal|p2a: Clefable|351\/394|[from] item: Leftovers
|turn|35
|c| Beyen|the stall is real
|
|move|p1a: Landorus-Therian|Earthquake|p2a: Clefable
|-damage|p2a: Clefable|153\/394
|move|p2a: Clefable|Soft-Boiled|p2a: Clefable
|-heal|p2a: Clefable|350\/394
|
|-heal|p2a: Clefable|374\/394|[from] item: Leftovers
|turn|36
|
|switch|p2a: Keldeo|Keldeo|170\/323
|-damage|p2a: Keldeo|150\/323|[from] Stealth Rock
|move|p1a: Landorus-Therian|Earthquake|p2a: Keldeo
|-damage|p2a: Keldeo|0 fnt
|faint|p2a: Keldeo
|
|c| Hopeless Cheergirl|lol wot
|c|âMoB Barley|uh
|c| Hopeless Cheergirl|you just choked
|
|switch|p2a: Clefable|Clefable, M|374\/394
|turn|37
|c| Divine Rose|?
|c| Beyen|well that didn't work
|c| Divine Rose|why did you switch out?
|c|âtonofwhat|i was thinking i would stall with softboiled
|c|âtonofwhat|till he struggles
|c|âtonofwhat|so i can be at above half and live two diamond storms
|c|âtonofwhat|i get an extra softboiled that way
|c|âMoB Barley|kk
|c|âMoB Barley|go
|
|move|p1a: Landorus-Therian|Earthquake|p2a: Clefable
|-damage|p2a: Clefable|185\/394
|move|p2a: Clefable|Soft-Boiled|p2a: Clefable
|-heal|p2a: Clefable|382\/394
|
|-heal|p2a: Clefable|394\/394|[from] item: Leftovers
|turn|38
|c|âtonofwhat|i did
|c|âtonofwhat|lagging
|join|Jefo
|
|move|p1a: Landorus-Therian|Earthquake|p2a: Clefable
|-damage|p2a: Clefable|171\/394
|move|p2a: Clefable|Soft-Boiled|p2a: Clefable
|-heal|p2a: Clefable|368\/394
|
|-heal|p2a: Clefable|392\/394|[from] item: Leftovers
|turn|39
|join|Ill leave
|
|move|p1a: Landorus-Therian|Earthquake|p2a: Clefable
|-damage|p2a: Clefable|200\/394
|move|p2a: Clefable|Soft-Boiled|p2a: Clefable
|-heal|p2a: Clefable|394\/394
|
|turn|40
|
|move|p1a: Landorus-Therian|Earthquake|p2a: Clefable
|-damage|p2a: Clefable|175\/394
|move|p2a: Clefable|Soft-Boiled|p2a: Clefable
|-heal|p2a: Clefable|372\/394
|
|-heal|p2a: Clefable|394\/394|[from] item: Leftovers
|turn|41
|
|move|p1a: Landorus-Therian|Earthquake|p2a: Clefable
|-damage|p2a: Clefable|201\/394
|move|p2a: Clefable|Soft-Boiled|p2a: Clefable
|-heal|p2a: Clefable|394\/394
|
|turn|42
|c| Beyen|finish the landorus!
|
|move|p1a: Landorus-Therian|Earthquake|p2a: Clefable
|-damage|p2a: Clefable|180\/394
|move|p2a: Clefable|Soft-Boiled|p2a: Clefable
|-heal|p2a: Clefable|377\/394
|
|-heal|p2a: Clefable|394\/394|[from] item: Leftovers
|turn|43
|c| Beyen|ull run out of soft boilds
|
|move|p1a: Landorus-Therian|Earthquake|p2a: Clefable
|-damage|p2a: Clefable|193\/394
|move|p2a: Clefable|Soft-Boiled|p2a: Clefable
|-heal|p2a: Clefable|390\/394
|
|-heal|p2a: Clefable|394\/394|[from] item: Leftovers
|turn|44
|
|move|p1a: Landorus-Therian|Earthquake|p2a: Clefable
|-damage|p2a: Clefable|183\/394
|move|p2a: Clefable|Soft-Boiled|p2a: Clefable
|-heal|p2a: Clefable|380\/394
|
|-heal|p2a: Clefable|394\/394|[from] item: Leftovers
|turn|45
|
|switch|p1a: Angel|Diancie-Mega, shiny|241\/241
|-damage|p1a: Angel|211\/241|[from] Stealth Rock
|move|p2a: Clefable|Soft-Boiled|p2a: Clefable
|-fail|p2a: Clefable
|
|turn|46
|c|âtonofwhat|was wondering why you didn't do that sooner...
|
|move|p1a: Angel|Moonblast|p2a: Clefable
|-damage|p2a: Clefable|214\/394
|move|p2a: Clefable|Moonblast|p1a: Angel
|-damage|p1a: Angel|105\/241
|
|-heal|p2a: Clefable|238\/394|[from] item: Leftovers
|turn|47
|c|âtonofwhat|didn't wanna say anything though
|c|âtonofwhat|gg
|c|âMoB Barley|u ran out of pp
|c|âtonofwhat|no i didn't
|c|âtonofwhat|lol
|
|switch|p1a: Landorus-Therian|Landorus-Therian, M|136\/319
|-damage|p1a: Landorus-Therian|97\/319|[from] Stealth Rock
|-ability|p1a: Landorus-Therian|Intimidate|[of] p2a: Clefable
|-unboost|p2a: Clefable|atk|1
|move|p2a: Clefable|Soft-Boiled|p2a: Clefable
|-heal|p2a: Clefable|394\/394
|
|turn|48
|c|âtonofwhat|that's why i saved one
|c| Beyen|soft boild only has 10 pp
|
|move|p1a: Landorus-Therian|Explosion|p2a: Clefable
|-damage|p2a: Clefable|73\/394
|faint|p1a: Landorus-Therian
|move|p2a: Clefable|Moonblast|p1: Landorus-Therian|[notarget]
|-notarget
|
|-heal|p2a: Clefable|97\/394|[from] item: Leftovers
|c|âtonofwhat|or that
|c|âMoB Barley|be careful of information
|c|âMoB Barley|you may give people
|c| Beyen|that was un expected
|c|âtonofwhat|damn
|
|switch|p1a: Angel|Diancie-Mega, shiny|105\/241
|-damage|p1a: Angel|75\/241|[from] Stealth Rock
|turn|49
|c|âtonofwhat|i still lost though
|c|âtonofwhat|you just had to moonblast me then explode
|c|âtonofwhat|gg though
|c|âMoB Barley|i would've lost
|c|âtonofwhat|?
|c|âMoB Barley|if i did that
|c|âtonofwhat|OH YEAH
|c|âtonofwhat|i miscounted eq's
|c|âtonofwhat|i'm retarded
|c|âtonofwhat|holy crap
|c|âMoB Barley|k
|c|âMoB Barley|gg
|c| Beyen|how many pp are in eq?
|
|move|p1a: Angel|Moonblast|p2a: Clefable
|-crit|p2a: Clefable
|-damage|p2a: Clefable|0 fnt
|faint|p2a: Clefable
|
|win|MoB Barley
|raw|Ladder updating...
|c|âtonofwhat|16
|raw|MoB Barley's rating: 1765 &rarr; <strong>1772<\/strong><br \/>(+7 for winning)
|raw|tonofwhat's rating: 1488 &rarr; <strong>1482<\/strong><br \/>(-6 for losing)
|c| Beyen|k
|leave|MoB Barley
|player|p1
|leave|Lord Kuvira