|join|tonofwhat
|join|Rdc
|player|p1|tonofwhat|2
|player|p2|Rdc|262
|gametype|singles
|gen|6
|tier|OU (suspect test)
|rated
|clearpoke
|poke|p1|Garchomp, F
|poke|p1|Scizor, F
|poke|p1|Heatran, F
|poke|p1|Landorus-Therian, M
|poke|p1|Keldeo-Resolute
|poke|p1|Sylveon, M
|poke|p2|Manectric, M
|poke|p2|Alomomola, F
|poke|p2|Breloom, F
|poke|p2|Landorus-Therian, M
|poke|p2|Entei, shiny
|poke|p2|Latias, F
|rule|Swagger Clause: Swagger is banned
|rule|Baton Pass Clause: Limit one PokÃ©mon knowing Baton Pass
|rule|Sleep Clause Mod: Limit one foe put to sleep
|rule|Species Clause: Limit one of each PokÃ©mon
|rule|OHKO Clause: OHKO moves are banned
|rule|Moody Clause: Moody is banned
|rule|Evasion Moves Clause: Evasion moves are banned
|rule|Endless Battle Clause: Forcing endless battles is banned
|rule|HP Percentage Mod: HP is shown in percentages
|teampreview
|
|start
|switch|p1a: Sylveon|Sylveon, M|394\/394
|switch|p2a: Breloom|Breloom, F|261\/261
|turn|1
|
|move|p2a: Breloom|Spore|p1a: Sylveon
|-status|p1a: Sylveon|slp
|cant|p1a: Sylveon|slp
|
|turn|2
|
|switch|p2a: Manectric|Manectric, M|287\/287
|switch|p1a: Landorus-Therian|Landorus-Therian, M|379\/379
|-ability|p1a: Landorus-Therian|Intimidate|[of] p2a: Manectric
|-unboost|p2a: Manectric|atk|1
|
|turn|3
|
|switch|p1a: Heatran|Heatran, F|323\/323
|detailschange|p2a: Manectric|Manectric-Mega, M
|-mega|p2a: Manectric|Manectric|Manectite
|-ability|p2a: Manectric|Intimidate|[of] p1a: Heatran
|-unboost|p1a: Heatran|atk|1
|move|p2a: Manectric|Hidden Power|p1a: Heatran
|-resisted|p1a: Heatran
|-damage|p1a: Heatran|306\/323
|
|-heal|p1a: Heatran|323\/323|[from] item: Leftovers
|turn|4
|
|move|p2a: Manectric|Volt Switch|p1a: Heatran
|-damage|p1a: Heatran|193\/323
|
|switch|p2a: Latias|Latias, F|301\/301
|move|p1a: Heatran|Magma Storm|p2a: Latias
|-resisted|p2a: Latias
|-damage|p2a: Latias|222\/301
|-activate|p2a: Latias|move: Magma Storm|[of] p1a: Heatran
|
|-heal|p1a: Heatran|213\/323|[from] item: Leftovers
|-damage|p2a: Latias|185\/301|[from] move: Magma Storm|[partiallytrapped]
|turn|5
|
|switch|p1a: Sylveon|Sylveon, M|394\/394 slp
|move|p2a: Latias|Thunderbolt|p1a: Sylveon
|-damage|p1a: Sylveon|294\/394 slp
|-damage|p2a: Latias|155\/301|[from] item: Life Orb
|
|-heal|p1a: Sylveon|318\/394 slp|[from] item: Leftovers
|-end|p2a: Latias|Magma Storm|[partiallytrapped]
|turn|6
|
|switch|p2a: Entei|Entei, shiny|407\/407
|-ability|p2a: Entei|Pressure
|cant|p1a: Sylveon|slp
|
|-heal|p1a: Sylveon|342\/394 slp|[from] item: Leftovers
|turn|7
|
|switch|p1a: Landorus-Therian|Landorus-Therian, M|379\/379
|-ability|p1a: Landorus-Therian|Intimidate|[of] p2a: Entei
|-unboost|p2a: Entei|atk|1
|move|p2a: Entei|Bulldoze|p1a: Landorus-Therian
|-immune|p1a: Landorus-Therian|[msg]
|
|turn|8
|
|switch|p2a: Landorus-Therian|Landorus-Therian, M|382\/382
|-ability|p2a: Landorus-Therian|Intimidate|[of] p1a: Landorus-Therian
|-unboost|p1a: Landorus-Therian|atk|1
|move|p1a: Landorus-Therian|Stealth Rock|p2a: Landorus-Therian
|-sidestart|p2: Rdc|move: Stealth Rock
|
|turn|9
|
|move|p1a: Landorus-Therian|U-turn|p2a: Landorus-Therian
|-resisted|p2a: Landorus-Therian
|-damage|p2a: Landorus-Therian|363\/382
|
|switch|p1a: Garchomp|Garchomp, F|357\/357
|move|p2a: Landorus-Therian|Stealth Rock|p1a: Garchomp
|-sidestart|p1: tonofwhat|move: Stealth Rock
|
|-heal|p2a: Landorus-Therian|382\/382|[from] item: Leftovers
|turn|10
|
|move|p1a: Garchomp|Swords Dance|p1a: Garchomp
|-boost|p1a: Garchomp|atk|2
|move|p2a: Landorus-Therian|U-turn|p1a: Garchomp
|-damage|p1a: Garchomp|272\/357
|-damage|p2a: Landorus-Therian|335\/382|[from] ability: Rough Skin|[of] p1a: Garchomp
|
|switch|p2a: Latias|Latias, F|155\/301
|-damage|p2a: Latias|118\/301|[from] Stealth Rock
|
|turn|11
|
|switch|p2a: Alomomola|Alomomola, F|534\/534
|-damage|p2a: Alomomola|468\/534|[from] Stealth Rock
|switch|p1a: Sylveon|Sylveon, M|342\/394 slp
|-damage|p1a: Sylveon|293\/394 slp|[from] Stealth Rock
|
|-heal|p2a: Alomomola|501\/534|[from] item: Leftovers
|-heal|p1a: Sylveon|317\/394 slp|[from] item: Leftovers
|turn|12
|
|move|p2a: Alomomola|Knock Off|p1a: Sylveon
|-resisted|p1a: Sylveon
|-damage|p1a: Sylveon|293\/394 slp
|-enditem|p1a: Sylveon|Leftovers|[from] move: Knock Off|[of] p2a: Alomomola
|-curestatus|p1a: Sylveon|slp
|move|p1a: Sylveon|Wish|p1a: Sylveon
|
|-heal|p2a: Alomomola|534\/534|[from] item: Leftovers
|turn|13
|
|move|p2a: Alomomola|Wish|p2a: Alomomola
|move|p1a: Sylveon|Hyper Voice|p2a: Alomomola
|-crit|p2a: Alomomola
|-damage|p2a: Alomomola|203\/534
|
|-heal|p1a: Sylveon|394\/394|[from] move: Wish|[wisher] Sylveon
|-heal|p2a: Alomomola|236\/534|[from] item: Leftovers
|turn|14
|
|switch|p2a: Entei|Entei, shiny|407\/407
|-damage|p2a: Entei|306\/407|[from] Stealth Rock
|-ability|p2a: Entei|Pressure
|move|p1a: Sylveon|Wish|p1a: Sylveon
|
|-heal|p2a: Entei|407\/407|[from] move: Wish|[wisher] Alomomola
|turn|15
|
|switch|p1a: Heatran|Heatran, F|213\/323
|-damage|p1a: Heatran|173\/323|[from] Stealth Rock
|move|p2a: Entei|Sacred Fire|p1a: Heatran
|-start|p1a: Heatran|ability: Flash Fire
|
|-heal|p1a: Heatran|323\/323|[from] move: Wish|[wisher] Sylveon
|turn|16
|
|switch|p2a: Landorus-Therian|Landorus-Therian, M|335\/382
|-damage|p2a: Landorus-Therian|288\/382|[from] Stealth Rock
|-ability|p2a: Landorus-Therian|Intimidate|[of] p1a: Heatran
|-unboost|p1a: Heatran|atk|1
|move|p1a: Heatran|Magma Storm|p2a: Landorus-Therian|[miss]
|-miss|p1a: Heatran|p2a: Landorus-Therian
|
|-heal|p2a: Landorus-Therian|311\/382|[from] item: Leftovers
|turn|17
|
|move|p1a: Heatran|Magma Storm|p2a: Landorus-Therian
|-damage|p2a: Landorus-Therian|0 fnt
|faint|p2a: Landorus-Therian
|
|
|switch|p2a: Breloom|Breloom, F|261\/261
|-damage|p2a: Breloom|245\/261|[from] Stealth Rock
|turn|18
|
|move|p2a: Breloom|Spore|p1a: Heatran
|-status|p1a: Heatran|slp
|cant|p1a: Heatran|slp
|
|turn|19
|
|switch|p2a: Alomomola|Alomomola, F|414\/534
|-damage|p2a: Alomomola|348\/534|[from] Stealth Rock
|switch|p1a: Landorus-Therian|Landorus-Therian, M|379\/379
|-damage|p1a: Landorus-Therian|332\/379|[from] Stealth Rock
|-ability|p1a: Landorus-Therian|Intimidate|[of] p2a: Alomomola
|-unboost|p2a: Alomomola|atk|1
|
|-heal|p1a: Landorus-Therian|355\/379|[from] item: Leftovers
|-heal|p2a: Alomomola|381\/534|[from] item: Leftovers
|turn|20
|
|move|p1a: Landorus-Therian|U-turn|p2a: Alomomola
|-damage|p2a: Alomomola|301\/534
|
|switch|p1a: Garchomp|Garchomp, F|272\/357
|-damage|p1a: Garchomp|250\/357|[from] Stealth Rock
|move|p2a: Alomomola|Wish|p2a: Alomomola
|
|-heal|p2a: Alomomola|334\/534|[from] item: Leftovers
|turn|21
|
|move|p1a: Garchomp|Dragon Claw|p2a: Alomomola
|-damage|p2a: Alomomola|199\/534
|move|p2a: Alomomola|Scald|p1a: Garchomp
|-damage|p1a: Garchomp|201\/357
|
|-heal|p2a: Alomomola|466\/534|[from] move: Wish|[wisher] Alomomola
|-heal|p2a: Alomomola|499\/534|[from] item: Leftovers
|turn|22
|
|switch|p2a: Manectric|Manectric-Mega, M|287\/287
|-damage|p2a: Manectric|252\/287|[from] Stealth Rock
|-ability|p2a: Manectric|Intimidate|[of] p1a: Garchomp
|-unboost|p1a: Garchomp|atk|1
|move|p1a: Garchomp|Swords Dance|p1a: Garchomp
|-boost|p1a: Garchomp|atk|2
|
|turn|23
|
|switch|p1a: Sylveon|Sylveon, M|394\/394
|-damage|p1a: Sylveon|345\/394|[from] Stealth Rock
|move|p2a: Manectric|Hidden Power|p1a: Sylveon
|-damage|p1a: Sylveon|290\/394
|
|turn|24
|
|move|p2a: Manectric|Volt Switch|p1a: Sylveon
|-damage|p1a: Sylveon|191\/394
|
|switch|p2a: Alomomola|Alomomola, F|534\/534
|-damage|p2a: Alomomola|468\/534|[from] Stealth Rock
|move|p1a: Sylveon|Hyper Voice|p2a: Alomomola
|-damage|p2a: Alomomola|269\/534
|
|-heal|p2a: Alomomola|302\/534|[from] item: Leftovers
|turn|25
|
|move|p2a: Alomomola|Wish|p2a: Alomomola
|move|p1a: Sylveon|Wish|p1a: Sylveon
|
|-heal|p2a: Alomomola|335\/534|[from] item: Leftovers
|turn|26
|
|switch|p1a: Heatran|Heatran, F|323\/323 slp
|-damage|p1a: Heatran|283\/323 slp|[from] Stealth Rock
|move|p2a: Alomomola|Scald|p1a: Heatran
|-supereffective|p1a: Heatran
|-damage|p1a: Heatran|193\/323 slp
|
|-heal|p2a: Alomomola|534\/534|[from] move: Wish|[wisher] Alomomola
|-heal|p1a: Heatran|323\/323 slp|[from] move: Wish|[wisher] Sylveon
|turn|27
|
|cant|p1a: Heatran|slp
|move|p2a: Alomomola|Knock Off|p1a: Heatran
|-damage|p1a: Heatran|273\/323 slp
|-enditem|p1a: Heatran|Leftovers|[from] move: Knock Off|[of] p2a: Alomomola
|
|turn|28
|
|cant|p1a: Heatran|slp
|move|p2a: Alomomola|Scald|p1a: Heatran
|-supereffective|p1a: Heatran
|-damage|p1a: Heatran|187\/323 slp
|
|turn|29
|
|-curestatus|p1a: Heatran|slp
|move|p1a: Heatran|Toxic|p2a: Alomomola
|-status|p2a: Alomomola|tox
|move|p2a: Alomomola|Wish|p2a: Alomomola
|
|-damage|p2a: Alomomola|501\/534 tox|[from] psn
|turn|30
|
|move|p1a: Heatran|Magma Storm|p2a: Alomomola
|-resisted|p2a: Alomomola
|-damage|p2a: Alomomola|357\/534 tox
|-activate|p2a: Alomomola|move: Magma Storm|[of] p1a: Heatran
|move|p2a: Alomomola|Scald|p1a: Heatran
|-supereffective|p1a: Heatran
|-damage|p1a: Heatran|95\/323
|
|-heal|p2a: Alomomola|534\/534 tox|[from] move: Wish|[wisher] Alomomola
|-damage|p2a: Alomomola|468\/534 tox|[from] psn
|-damage|p2a: Alomomola|402\/534 tox|[from] move: Magma Storm|[partiallytrapped]
|turn|31
|
|move|p1a: Heatran|Taunt|p2a: Alomomola
|-start|p2a: Alomomola|move: Taunt
|move|p2a: Alomomola|Scald|p1a: Heatran
|-supereffective|p1a: Heatran
|-damage|p1a: Heatran|0 fnt
|faint|p1a: Heatran
|
|-heal|p2a: Alomomola|435\/534 tox|[from] item: Leftovers
|-damage|p2a: Alomomola|336\/534 tox|[from] psn
|-end|p2a: Alomomola|Magma Storm|[partiallytrapped]
|
|switch|p1a: Sylveon|Sylveon, M|191\/394
|-damage|p1a: Sylveon|142\/394|[from] Stealth Rock
|turn|32
|
|switch|p2a: Entei|Entei, shiny|407\/407
|-damage|p2a: Entei|306\/407|[from] Stealth Rock
|-ability|p2a: Entei|Pressure
|move|p1a: Sylveon|Hyper Voice|p2a: Entei
|-resisted|p2a: Entei
|-damage|p2a: Entei|216\/407
|
|turn|33
|
|move|p1a: Sylveon|Protect|p1a: Sylveon
|-singleturn|p1a: Sylveon|Protect
|move|p2a: Entei|Sacred Fire|p1a: Sylveon
|-activate|p1a: Sylveon|Protect
|
|turn|34
|
|move|p2a: Entei|Sacred Fire|p1a: Sylveon|[miss]
|-miss|p2a: Entei|p1a: Sylveon
|move|p1a: Sylveon|Hyper Voice|p2a: Entei
|-resisted|p2a: Entei
|-damage|p2a: Entei|119\/407
|
|turn|35
|
|move|p2a: Entei|Sacred Fire|p1a: Sylveon
|-damage|p1a: Sylveon|0 fnt
|faint|p1a: Sylveon
|
|
|switch|p1a: Keldeo-Resolute|Keldeo-Resolute|323\/323
|-damage|p1a: Keldeo-Resolute|303\/323|[from] Stealth Rock
|turn|36
|
|move|p1a: Keldeo-Resolute|Secret Sword|p2a: Entei
|-damage|p2a: Entei|0 fnt
|faint|p2a: Entei
|
|
|switch|p2a: Manectric|Manectric-Mega, M|252\/287
|-damage|p2a: Manectric|217\/287|[from] Stealth Rock
|-ability|p2a: Manectric|Intimidate|[of] p1a: Keldeo-Resolute
|-unboost|p1a: Keldeo-Resolute|atk|1
|turn|37
|
|switch|p1a: Garchomp|Garchomp, F|201\/357
|-damage|p1a: Garchomp|179\/357|[from] Stealth Rock
|move|p2a: Manectric|Volt Switch|p1a: Garchomp
|-immune|p1a: Garchomp|[msg]
|
|turn|38
|
|move|p2a: Manectric|Hidden Power|p1a: Garchomp
|-supereffective|p1a: Garchomp
|-damage|p1a: Garchomp|0 fnt
|faint|p1a: Garchomp
|
|
|switch|p1a: Scizor|Scizor, F|281\/281
|-damage|p1a: Scizor|246\/281|[from] Stealth Rock
|turn|39
|
|detailschange|p1a: Scizor|Scizor-Mega, F
|-mega|p1a: Scizor|Scizor|Scizorite
|move|p1a: Scizor|Bullet Punch|p2a: Manectric
|-resisted|p2a: Manectric
|-damage|p2a: Manectric|142\/287
|move|p2a: Manectric|Flamethrower|p1a: Scizor
|-supereffective|p1a: Scizor
|-damage|p1a: Scizor|0 fnt
|faint|p1a: Scizor
|
|
|switch|p1a: Keldeo-Resolute|Keldeo-Resolute|303\/323
|-damage|p1a: Keldeo-Resolute|283\/323|[from] Stealth Rock
|turn|40
|
|move|p1a: Keldeo-Resolute|Secret Sword|p2a: Manectric
|-damage|p2a: Manectric|0 fnt
|faint|p2a: Manectric
|
|
|switch|p2a: Breloom|Breloom, F|245\/261
|-damage|p2a: Breloom|229\/261|[from] Stealth Rock
|turn|41
|
|switch|p2a: Alomomola|Alomomola, F|514\/534 tox
|-damage|p2a: Alomomola|448\/534 tox|[from] Stealth Rock
|move|p1a: Keldeo-Resolute|Secret Sword|p2a: Alomomola
|-damage|p2a: Alomomola|301\/534 tox
|
|-heal|p2a: Alomomola|334\/534 tox|[from] item: Leftovers
|-damage|p2a: Alomomola|301\/534 tox|[from] psn
|turn|42
|
|move|p1a: Keldeo-Resolute|Secret Sword|p2a: Alomomola
|-damage|p2a: Alomomola|156\/534 tox
|move|p2a: Alomomola|Mirror Coat|p1a: Keldeo-Resolute
|-damage|p1a: Keldeo-Resolute|0 fnt
|faint|p1a: Keldeo-Resolute
|
|-heal|p2a: Alomomola|189\/534 tox|[from] item: Leftovers
|-damage|p2a: Alomomola|123\/534 tox|[from] psn
|-message|tonofwhat forfeited.
|leave|tonofwhat
|
|switch|p1a: Landorus-Therian|Landorus-Therian, M|355\/379
|-damage|p1a: Landorus-Therian|308\/379|[from] Stealth Rock
|-ability|p1a: Landorus-Therian|Intimidate|[of] p2a: Alomomola
|-unboost|p2a: Alomomola|atk|1
|turn|43
|
|win|Rdc
|raw|Ladder updating...
|player|p1
|raw|tonofwhat's rating: 1402 &rarr; <strong>1380<\/strong><br \/>(-22 for losing)
|raw|Rdc's rating: 1363 &rarr; <strong>1385<\/strong><br \/>(+22 for winning)