|join|spec n
|join|cricketspike
|player|p1|spec n|92
|player|p2|cricketspike|273
|gametype|singles
|gen|6
|tier|UU
|rated
|rule|Sleep Clause Mod: Limit one foe put to sleep
|rule|Species Clause: Limit one of each PokÃ©mon
|rule|OHKO Clause: OHKO moves are banned
|rule|Moody Clause: Moody is banned
|rule|Evasion Moves Clause: Evasion moves are banned
|rule|Endless Battle Clause: Forcing endless battles is banned
|rule|HP Percentage Mod: HP is shown in percentages
|clearpoke
|poke|p1|Suicune
|poke|p1|Ampharos, M
|poke|p1|Umbreon, F
|poke|p1|Crobat, F
|poke|p1|Jirachi
|poke|p1|Shaymin
|poke|p2|Machamp, F
|poke|p2|Froslass, F
|poke|p2|Galvantula, F
|poke|p2|Flygon, M
|poke|p2|Tentacruel, M
|poke|p2|Aggron, M
|rule|Swagger Clause: Swagger is banned
|rule|Baton Pass Clause: Limit one PokÃ©mon knowing Baton Pass
|teampreview
|
|start
|switch|p1a: Umbreon|Umbreon, F|394\/394
|switch|p2a: Froslass|Froslass, F|343\/343
|turn|1
|
|move|p2a: Froslass|Taunt|p1a: Umbreon
|-start|p1a: Umbreon|move: Taunt
|move|p1a: Umbreon|Foul Play|p2a: Froslass
|-supereffective|p2a: Froslass
|-damage|p2a: Froslass|109\/343
|
|turn|2
|
|switch|p1a: Crobat|Crobat, F|323\/323
|move|p2a: Froslass|Destiny Bond|p2a: Froslass
|-singlemove|p2a: Froslass|Destiny Bond
|
|turn|3
|
|move|p2a: Froslass|Spikes|p1a: Crobat
|-sidestart|p1: spec n|Spikes
|move|p1a: Crobat|U-turn|p2a: Froslass
|-resisted|p2a: Froslass
|-damage|p2a: Froslass|61\/343
|
|switch|p1a: Jirachi|Jirachi|404\/404
|-damage|p1a: Jirachi|354\/404|[from] Spikes
|
|-heal|p1a: Jirachi|379\/404|[from] item: Leftovers
|turn|4
|
|move|p2a: Froslass|Spikes|p1a: Jirachi
|-sidestart|p1: spec n|Spikes
|move|p1a: Jirachi|Stealth Rock|p2a: Froslass
|-sidestart|p2: cricketspike|move: Stealth Rock
|
|-heal|p1a: Jirachi|404\/404|[from] item: Leftovers
|turn|5
|
|switch|p1a: Crobat|Crobat, F|323\/323
|move|p2a: Froslass|Destiny Bond|p2a: Froslass
|-singlemove|p2a: Froslass|Destiny Bond
|
|turn|6
|
|move|p2a: Froslass|Destiny Bond|p2a: Froslass
|-singlemove|p2a: Froslass|Destiny Bond
|move|p1a: Crobat|Defog|p2a: Froslass
|-unboost|p2a: Froslass|evasion|1
|-sideend|p2: cricketspike|Stealth Rock|[from] move: Defog|[of] p2a: Froslass
|-sideend|p1: spec n|Spikes|[from] move: Defog|[of] p1a: Crobat
|
|turn|7
|
|move|p2a: Froslass|Spikes|p1a: Crobat
|-sidestart|p1: spec n|Spikes
|move|p1a: Crobat|Roost|p1a: Crobat
|-fail|p1a: Crobat
|
|turn|8
|
|move|p2a: Froslass|Spikes|p1a: Crobat
|-sidestart|p1: spec n|Spikes
|move|p1a: Crobat|Defog|p2a: Froslass
|-unboost|p2a: Froslass|evasion|1
|-sideend|p1: spec n|Spikes|[from] move: Defog|[of] p1a: Crobat
|
|turn|9
|
|move|p2a: Froslass|Taunt|p1a: Crobat
|-start|p1a: Crobat|move: Taunt
|move|p1a: Crobat|Brave Bird|p2a: Froslass
|-damage|p2a: Froslass|0 fnt
|-start|p1a: Crobat|Disable|Brave Bird
|-damage|p1a: Crobat|303\/323|[from] recoil|[of] p2a: Froslass
|faint|p2a: Froslass
|
|-heal|p1a: Crobat|323\/323|[from] item: Leftovers
|
|switch|p2a: Galvantula|Galvantula, F|281\/281
|turn|10
|
|switch|p1a: Ampharos|Ampharos, M|384\/384
|move|p2a: Galvantula|Sticky Web|p1a: Ampharos
|-sidestart|p1: spec n|move: Sticky Web
|
|turn|11
|
|switch|p2a: Flygon|Flygon, M|301\/301
|detailschange|p1a: Ampharos|Ampharos-Mega, M
|-mega|p1a: Ampharos|Ampharos|Ampharosite
|-ability|p1a: Ampharos|Mold Breaker
|move|p1a: Ampharos|Dragon Pulse|p2a: Flygon
|-supereffective|p2a: Flygon
|-damage|p2a: Flygon|0 fnt
|faint|p2a: Flygon
|
|
|switch|p2a: Aggron|Aggron, M|343\/343
|turn|12
|
|detailschange|p2a: Aggron|Aggron-Mega, M
|-mega|p2a: Aggron|Aggron|Aggronite
|move|p2a: Aggron|Stealth Rock|p1a: Ampharos
|-sidestart|p1: spec n|move: Stealth Rock
|move|p1a: Ampharos|Focus Blast|p2a: Aggron
|-supereffective|p2a: Aggron
|-damage|p2a: Aggron|0 fnt
|faint|p2a: Aggron
|
|
|switch|p2a: Machamp|Machamp, F|321\/321
|turn|13
|
|switch|p1a: Shaymin|Shaymin|404\/404
|-damage|p1a: Shaymin|354\/404|[from] Stealth Rock
|-activate|p1a: Shaymin|move: Sticky Web
|-unboost|p1a: Shaymin|spe|1
|move|p2a: Machamp|Dynamic Punch|p1a: Shaymin
|-damage|p1a: Shaymin|174\/404
|-start|p1a: Shaymin|confusion
|
|-heal|p1a: Shaymin|199\/404|[from] item: Leftovers
|turn|14
|
|move|p2a: Machamp|Knock Off|p1a: Shaymin
|-damage|p1a: Shaymin|67\/404
|-enditem|p1a: Shaymin|Leftovers|[from] move: Knock Off|[of] p2a: Machamp
|-activate|p1a: Shaymin|confusion
|-damage|p1a: Shaymin|33\/404|[from] confusion
|
|turn|15
|
|move|p2a: Machamp|Knock Off|p1a: Shaymin
|-damage|p1a: Shaymin|0 fnt
|faint|p1a: Shaymin
|
|
|switch|p1a: Crobat|Crobat, F|323\/323
|-damage|p1a: Crobat|243\/323|[from] Stealth Rock
|turn|16
|
|move|p1a: Crobat|Defog|p2a: Machamp
|-unboost|p2a: Machamp|evasion|1
|-sideend|p1: spec n|Stealth Rock|[from] move: Defog|[of] p1a: Crobat
|-sideend|p1: spec n|Sticky Web|[from] move: Defog|[of] p1a: Crobat
|move|p2a: Machamp|Stone Edge|p1a: Crobat
|-supereffective|p1a: Crobat
|-damage|p1a: Crobat|0 fnt
|faint|p1a: Crobat
|
|
|switch|p1a: Jirachi|Jirachi|404\/404
|turn|17
|
|switch|p2a: Tentacruel|Tentacruel, M|363\/363
|move|p1a: Jirachi|Body Slam|p2a: Tentacruel
|-damage|p2a: Tentacruel|235\/363
|-status|p2a: Tentacruel|par
|
|-heal|p2a: Tentacruel|257\/363 par|[from] item: Black Sludge
|turn|18
|
|move|p1a: Jirachi|Stealth Rock|p2a: Tentacruel
|-sidestart|p2: cricketspike|move: Stealth Rock
|cant|p2a: Tentacruel|par
|
|-heal|p2a: Tentacruel|279\/363 par|[from] item: Black Sludge
|turn|19
|
|move|p1a: Jirachi|Iron Head|p2a: Tentacruel
|-resisted|p2a: Tentacruel
|-damage|p2a: Tentacruel|184\/363 par
|move|p2a: Tentacruel|Toxic Spikes|p1a: Jirachi
|-sidestart|p1: spec n|move: Toxic Spikes
|
|-heal|p2a: Tentacruel|206\/363 par|[from] item: Black Sludge
|turn|20
|
|switch|p1a: Ampharos|Ampharos-Mega, M|384\/384
|-status|p1a: Ampharos|psn
|-ability|p1a: Ampharos|Mold Breaker
|move|p2a: Tentacruel|Toxic Spikes|p1a: Ampharos
|-sidestart|p1: spec n|move: Toxic Spikes
|
|-heal|p2a: Tentacruel|228\/363 par|[from] item: Black Sludge
|-damage|p1a: Ampharos|336\/384 psn|[from] psn
|turn|21
|
|move|p2a: Tentacruel|Protect|p2a: Tentacruel
|-singleturn|p2a: Tentacruel|Protect
|move|p1a: Ampharos|Volt Switch|p2a: Tentacruel
|-activate|p2a: Tentacruel|Protect
|
|-heal|p2a: Tentacruel|250\/363 par|[from] item: Black Sludge
|-damage|p1a: Ampharos|288\/384 psn|[from] psn
|turn|22
|
|move|p1a: Ampharos|Volt Switch|p2a: Tentacruel
|-supereffective|p2a: Tentacruel
|-damage|p2a: Tentacruel|28\/363 par
|
|switch|p1a: Jirachi|Jirachi|404\/404
|move|p2a: Tentacruel|Knock Off|p1a: Jirachi
|-supereffective|p1a: Jirachi
|-damage|p1a: Jirachi|286\/404
|-enditem|p1a: Jirachi|Leftovers|[from] move: Knock Off|[of] p2a: Tentacruel
|
|-heal|p2a: Tentacruel|50\/363 par|[from] item: Black Sludge
|turn|23
|
|move|p1a: Jirachi|Iron Head|p2a: Tentacruel
|-resisted|p2a: Tentacruel
|-damage|p2a: Tentacruel|0 fnt
|faint|p2a: Tentacruel
|
|
|switch|p2a: Galvantula|Galvantula, F|281\/281
|-damage|p2a: Galvantula|211\/281|[from] Stealth Rock
|turn|24
|
|switch|p1a: Ampharos|Ampharos-Mega, M|288\/384 psn
|-ability|p1a: Ampharos|Mold Breaker
|move|p2a: Galvantula|Bug Buzz|p1a: Ampharos
|-damage|p1a: Ampharos|174\/384 psn
|
|-damage|p1a: Ampharos|126\/384 psn|[from] psn
|turn|25
|
|move|p2a: Galvantula|Sticky Web|p1a: Ampharos
|-sidestart|p1: spec n|move: Sticky Web
|move|p1a: Ampharos|Dragon Pulse|p2a: Galvantula
|-damage|p2a: Galvantula|0 fnt
|faint|p2a: Galvantula
|
|-damage|p1a: Ampharos|78\/384 psn|[from] psn
|
|switch|p2a: Machamp|Machamp, F|321\/321
|-damage|p2a: Machamp|301\/321|[from] Stealth Rock
|turn|26
|
|move|p2a: Machamp|Bullet Punch|p1a: Ampharos
|-resisted|p1a: Ampharos
|-damage|p1a: Ampharos|54\/384 psn
|move|p1a: Ampharos|Dragon Pulse|p2a: Machamp
|-damage|p2a: Machamp|153\/321
|
|-damage|p1a: Ampharos|6\/384 psn|[from] psn
|turn|27
|
|move|p2a: Machamp|Bullet Punch|p1a: Ampharos
|-resisted|p1a: Ampharos
|-damage|p1a: Ampharos|0 fnt
|faint|p1a: Ampharos
|
|
|switch|p1a: Jirachi|Jirachi|286\/404
|-activate|p1a: Jirachi|move: Sticky Web
|-unboost|p1a: Jirachi|spe|1
|turn|28
|
|move|p2a: Machamp|Dynamic Punch|p1a: Jirachi
|-damage|p1a: Jirachi|91\/404
|-start|p1a: Jirachi|confusion
|-activate|p1a: Jirachi|confusion
|-damage|p1a: Jirachi|48\/404|[from] confusion
|
|turn|29
|
|move|p2a: Machamp|Dynamic Punch|p1a: Jirachi
|-damage|p1a: Jirachi|0 fnt
|faint|p1a: Jirachi
|
|
|switch|p1a: Umbreon|Umbreon, F|394\/394
|-status|p1a: Umbreon|tox
|-activate|p1a: Umbreon|move: Sticky Web
|-unboost|p1a: Umbreon|spe|1
|turn|30
|
|move|p2a: Machamp|Dynamic Punch|p1a: Umbreon
|-supereffective|p1a: Umbreon
|-damage|p1a: Umbreon|116\/394 tox
|-start|p1a: Umbreon|confusion
|-activate|p1a: Umbreon|confusion
|move|p1a: Umbreon|Wish|p1a: Umbreon
|
|-heal|p1a: Umbreon|140\/394 tox|[from] item: Leftovers
|-damage|p1a: Umbreon|116\/394 tox|[from] psn
|turn|31
|
|-activate|p1a: Umbreon|confusion
|-damage|p1a: Umbreon|102\/394 tox|[from] confusion
|move|p2a: Machamp|Dynamic Punch|p1a: Umbreon
|-supereffective|p1a: Umbreon
|-damage|p1a: Umbreon|0 fnt
|faint|p1a: Umbreon
|
|
|switch|p1a: Suicune|Suicune|404\/404
|-status|p1a: Suicune|tox
|-activate|p1a: Suicune|move: Sticky Web
|-unboost|p1a: Suicune|spe|1
|-ability|p1a: Suicune|Pressure
|turn|32
|
|move|p2a: Machamp|Dynamic Punch|p1a: Suicune
|-damage|p1a: Suicune|284\/404 tox
|-start|p1a: Suicune|confusion
|-activate|p1a: Suicune|confusion
|move|p1a: Suicune|Scald|p2a: Machamp
|-damage|p2a: Machamp|86\/321
|
|-heal|p1a: Suicune|309\/404 tox|[from] item: Leftovers
|-damage|p1a: Suicune|284\/404 tox|[from] psn
|turn|33
|
|move|p2a: Machamp|Stone Edge|p1a: Suicune
|-crit|p1a: Suicune
|-damage|p1a: Suicune|145\/404 tox
|-activate|p1a: Suicune|confusion
|-damage|p1a: Suicune|129\/404 tox|[from] confusion
|
|-heal|p1a: Suicune|154\/404 tox|[from] item: Leftovers
|-damage|p1a: Suicune|104\/404 tox|[from] psn
|turn|34
|
|move|p2a: Machamp|Dynamic Punch|p1a: Suicune
|-damage|p1a: Suicune|0 fnt
|faint|p1a: Suicune
|
|win|cricketspike
|raw|Ladder updating...
|raw|spec n's rating: 1169 &rarr; <strong>1143<\/strong><br \/>(-26 for losing)
|raw|cricketspike's rating: 1148 &rarr; <strong>1174<\/strong><br \/>(+26 for winning)
|c|âcricketspike|gg
|c|âspec n|gg my ass
|leave|spec n
|player|p1