|join|Bl153
|join|spec n
|player|p1|Bl153|101
|player|p2|spec n|92
|gametype|singles
|gen|6
|tier|UU
|rated
|rule|Sleep Clause Mod: Limit one foe put to sleep
|rule|Species Clause: Limit one of each PokÃ©mon
|rule|OHKO Clause: OHKO moves are banned
|rule|Moody Clause: Moody is banned
|rule|Evasion Moves Clause: Evasion moves are banned
|rule|Endless Battle Clause: Forcing endless battles is banned
|rule|HP Percentage Mod: HP is shown in percentages
|clearpoke
|poke|p1|Scrafty, M
|poke|p1|Vaporeon, F
|poke|p1|Dragalge, F
|poke|p1|Darmanitan, M
|poke|p1|Forretress, M
|poke|p1|Porygon-Z
|poke|p2|Ampharos, F
|poke|p2|Crobat, M
|poke|p2|Hydreigon, M
|poke|p2|Jirachi
|poke|p2|Suicune
|poke|p2|Medicham, F
|rule|Swagger Clause: Swagger is banned
|rule|Baton Pass Clause: Limit one PokÃ©mon knowing Baton Pass
|teampreview
|c|âBl153|gl hf
|c|âspec n|u2
|c|âBl153|ITS NOT ME
|c|âBl153|its the server fuckin dam it
|c|âBl153|turning on the BT like that...
|c|âBl153|nice guy
|
|start
|switch|p1a: Forretress|Forretress, M|353\/353
|switch|p2a: Medicham|Medicham, F|261\/261
|turn|1
|
|move|p2a: Medicham|Fake Out|p1a: Forretress
|-resisted|p1a: Forretress
|-damage|p1a: Forretress|327\/353
|-damage|p2a: Medicham|235\/261|[from] item: Life Orb
|cant|p1a: Forretress|flinch
|
|-heal|p1a: Forretress|349\/353|[from] item: Leftovers
|turn|2
|
|move|p2a: Medicham|High Jump Kick|p1a: Forretress|[miss]
|-miss|p2a: Medicham|p1a: Forretress
|-damage|p2a: Medicham|105\/261|[from] highjumpkick
|move|p1a: Forretress|Volt Switch|p2a: Medicham
|-damage|p2a: Medicham|61\/261
|
|switch|p1a: Darmanitan|Darmanitan, M|351\/351
|
|turn|3
|
|switch|p2a: Suicune|Suicune|404\/404
|-ability|p2a: Suicune|Pressure
|move|p1a: Darmanitan|U-turn|p2a: Suicune
|-damage|p2a: Suicune|310\/404
|
|switch|p1a: Porygon-Z|Porygon-Z|311\/311
|
|-heal|p2a: Suicune|335\/404|[from] item: Leftovers
|turn|4
|
|switch|p2a: Jirachi|Jirachi|341\/341
|move|p1a: Porygon-Z|Tri Attack|p2a: Jirachi
|-resisted|p2a: Jirachi
|-damage|p2a: Jirachi|192\/341
|-status|p2a: Jirachi|par
|
|-heal|p2a: Jirachi|213\/341 par|[from] item: Leftovers
|turn|5
|
|switch|p1a: Scrafty|Scrafty, M|327\/327
|move|p2a: Jirachi|Body Slam|p1a: Scrafty
|-damage|p1a: Scrafty|248\/327
|
|-heal|p2a: Jirachi|234\/341 par|[from] item: Leftovers
|turn|6
|c|âspec n|this is kinda getting ridicoulus now
|
|switch|p2a: Crobat|Crobat, M|374\/374
|move|p1a: Scrafty|Knock Off|p2a: Crobat
|-damage|p2a: Crobat|203\/374
|-enditem|p2a: Crobat|Leftovers|[from] move: Knock Off|[of] p1a: Scrafty
|
|turn|7
|
|switch|p1a: Forretress|Forretress, M|349\/353
|move|p2a: Crobat|U-turn|p1a: Forretress
|-resisted|p1a: Forretress
|-damage|p1a: Forretress|335\/353
|
|switch|p2a: Ampharos|Ampharos, F|384\/384
|
|-heal|p1a: Forretress|353\/353|[from] item: Leftovers
|turn|8
|
|detailschange|p2a: Ampharos|Ampharos-Mega, F
|-mega|p2a: Ampharos|Ampharos|Ampharosite
|-ability|p2a: Ampharos|Mold Breaker
|move|p2a: Ampharos|Thunderbolt|p1a: Forretress
|-damage|p1a: Forretress|26\/353
|move|p1a: Forretress|Stealth Rock|p2a: Ampharos
|-sidestart|p2: spec n|move: Stealth Rock
|
|-heal|p1a: Forretress|48\/353|[from] item: Leftovers
|turn|9
|
|move|p2a: Ampharos|Dragon Pulse|p1a: Forretress
|-resisted|p1a: Forretress
|-damage|p1a: Forretress|0 fnt
|faint|p1a: Forretress
|
|
|switch|p1a: Porygon-Z|Porygon-Z|311\/311
|turn|10
|
|move|p1a: Porygon-Z|Tri Attack|p2a: Ampharos
|-damage|p2a: Ampharos|118\/384
|move|p2a: Ampharos|Volt Switch|p1a: Porygon-Z
|-damage|p1a: Porygon-Z|112\/311
|
|switch|p2a: Jirachi|Jirachi|234\/341 par
|-damage|p2a: Jirachi|213\/341 par|[from] Stealth Rock
|
|-heal|p2a: Jirachi|234\/341 par|[from] item: Leftovers
|turn|11
|
|switch|p1a: Vaporeon|Vaporeon, F|455\/455
|move|p2a: Jirachi|Stealth Rock|p1a: Vaporeon
|-sidestart|p1: Bl153|move: Stealth Rock
|
|-heal|p2a: Jirachi|255\/341 par|[from] item: Leftovers
|turn|12
|
|move|p1a: Vaporeon|Wish|p1a: Vaporeon
|move|p2a: Jirachi|Wish|p2a: Jirachi
|
|-heal|p2a: Jirachi|276\/341 par|[from] item: Leftovers
|turn|13
|
|move|p1a: Vaporeon|Scald|p2a: Jirachi
|-damage|p2a: Jirachi|177\/341 par
|cant|p2a: Jirachi|par
|
|-heal|p2a: Jirachi|341\/341 par|[from] move: Wish|[wisher] Jirachi
|turn|14
|
|move|p1a: Vaporeon|Wish|p1a: Vaporeon
|move|p2a: Jirachi|Wish|p2a: Jirachi
|
|turn|15
|
|switch|p1a: Scrafty|Scrafty, M|248\/327
|-damage|p1a: Scrafty|228\/327|[from] Stealth Rock
|switch|p2a: Ampharos|Ampharos-Mega, F|118\/384
|-damage|p2a: Ampharos|70\/384|[from] Stealth Rock
|-ability|p2a: Ampharos|Mold Breaker
|
|-heal|p2a: Ampharos|240\/384|[from] move: Wish|[wisher] Jirachi
|-heal|p1a: Scrafty|327\/327|[from] move: Wish|[wisher] Vaporeon
|turn|16
|
|move|p1a: Scrafty|Ice Punch|p2a: Ampharos
|-supereffective|p2a: Ampharos
|-damage|p2a: Ampharos|98\/384
|move|p2a: Ampharos|Focus Blast|p1a: Scrafty
|-supereffective|p1a: Scrafty
|-damage|p1a: Scrafty|91\/327
|-unboost|p1a: Scrafty|spd|1
|
|turn|17
|
|switch|p2a: Suicune|Suicune|335\/404
|-damage|p2a: Suicune|285\/404|[from] Stealth Rock
|-ability|p2a: Suicune|Pressure
|move|p1a: Scrafty|Drain Punch|p2a: Suicune
|-crit|p2a: Suicune
|-damage|p2a: Suicune|170\/404
|-heal|p1a: Scrafty|149\/327|[from] drain|[of] p2a: Suicune
|
|-heal|p2a: Suicune|195\/404|[from] item: Leftovers
|turn|18
|
|move|p2a: Suicune|Rest|p2a: Suicune
|-status|p2a: Suicune|slp
|-heal|p2a: Suicune|404\/404 slp|[silent]
|-status|p2a: Suicune|slp|[from] move: Rest
|move|p1a: Scrafty|Knock Off|p2a: Suicune
|-damage|p2a: Suicune|302\/404 slp
|-enditem|p2a: Suicune|Leftovers|[from] move: Knock Off|[of] p1a: Scrafty
|
|turn|19
|
|switch|p2a: Ampharos|Ampharos-Mega, F|98\/384
|-damage|p2a: Ampharos|50\/384|[from] Stealth Rock
|-ability|p2a: Ampharos|Mold Breaker
|move|p1a: Scrafty|Drain Punch|p2a: Ampharos
|-damage|p2a: Ampharos|0 fnt
|-heal|p1a: Scrafty|174\/327|[from] drain|[of] p2a: Ampharos
|faint|p2a: Ampharos
|
|
|switch|p2a: Medicham|Medicham, F|61\/261
|-damage|p2a: Medicham|45\/261|[from] Stealth Rock
|turn|20
|
|switch|p1a: Vaporeon|Vaporeon, F|455\/455
|-damage|p1a: Vaporeon|399\/455|[from] Stealth Rock
|move|p2a: Medicham|High Jump Kick|p1a: Vaporeon
|-damage|p1a: Vaporeon|0 fnt
|-damage|p2a: Medicham|19\/261|[from] item: Life Orb
|faint|p1a: Vaporeon
|
|
|switch|p1a: Darmanitan|Darmanitan, M|351\/351
|-damage|p1a: Darmanitan|264\/351|[from] Stealth Rock
|turn|21
|
|switch|p2a: Suicune|Suicune|302\/404 slp
|-damage|p2a: Suicune|252\/404 slp|[from] Stealth Rock
|-ability|p2a: Suicune|Pressure
|move|p1a: Darmanitan|U-turn|p2a: Suicune
|-crit|p2a: Suicune
|-damage|p2a: Suicune|113\/404 slp
|
|switch|p1a: Porygon-Z|Porygon-Z|112\/311
|-damage|p1a: Porygon-Z|74\/311|[from] Stealth Rock
|
|turn|22
|
|move|p1a: Porygon-Z|Dark Pulse|p2a: Suicune
|-damage|p2a: Suicune|0 fnt
|faint|p2a: Suicune
|
|
|switch|p2a: Hydreigon|Hydreigon, M|325\/325
|-damage|p2a: Hydreigon|285\/325|[from] Stealth Rock
|turn|23
|
|switch|p1a: Scrafty|Scrafty, M|174\/327
|-damage|p1a: Scrafty|154\/327|[from] Stealth Rock
|move|p2a: Hydreigon|Draco Meteor|p1a: Scrafty
|-damage|p1a: Scrafty|0 fnt
|-unboost|p2a: Hydreigon|spa|2
|faint|p1a: Scrafty
|
|
|switch|p1a: Dragalge|Dragalge, F|325\/325
|-damage|p1a: Dragalge|285\/325|[from] Stealth Rock
|turn|24
|
|switch|p2a: Jirachi|Jirachi|341\/341 par
|-damage|p2a: Jirachi|320\/341 par|[from] Stealth Rock
|move|p1a: Dragalge|Dragon Tail|p2a: Jirachi
|-resisted|p2a: Jirachi
|-damage|p2a: Jirachi|288\/341 par
|drag|p2a: Medicham|Medicham, F|19\/261
|-damage|p2a: Medicham|3\/261|[from] Stealth Rock
|
|-heal|p1a: Dragalge|305\/325|[from] item: Black Sludge
|turn|25
|
|move|p2a: Medicham|Psycho Cut|p1a: Dragalge
|-supereffective|p1a: Dragalge
|-damage|p1a: Dragalge|0 fnt
|-damage|p2a: Medicham|0 fnt|[from] item: Life Orb
|faint|p1a: Dragalge
|faint|p2a: Medicham
|
|
|switch|p1a: Porygon-Z|Porygon-Z|74\/311
|switch|p2a: Jirachi|Jirachi|288\/341 par
|-damage|p1a: Porygon-Z|36\/311|[from] Stealth Rock
|-damage|p2a: Jirachi|267\/341 par|[from] Stealth Rock
|turn|26
|
|move|p1a: Porygon-Z|Tri Attack|p2a: Jirachi
|-resisted|p2a: Jirachi
|-damage|p2a: Jirachi|132\/341 par
|move|p2a: Jirachi|Body Slam|p1a: Porygon-Z
|-damage|p1a: Porygon-Z|0 fnt
|faint|p1a: Porygon-Z
|
|-heal|p2a: Jirachi|153\/341 par|[from] item: Leftovers
|
|switch|p1a: Darmanitan|Darmanitan, M|264\/351
|-damage|p1a: Darmanitan|177\/351|[from] Stealth Rock
|turn|27
|
|move|p1a: Darmanitan|Flare Blitz|p2a: Jirachi
|-supereffective|p2a: Jirachi
|-damage|p2a: Jirachi|0 fnt
|-damage|p1a: Darmanitan|127\/351|[from] recoil|[of] p2a: Jirachi
|faint|p2a: Jirachi
|
|
|switch|p2a: Hydreigon|Hydreigon, M|285\/325
|-damage|p2a: Hydreigon|245\/325|[from] Stealth Rock
|turn|28
|
|move|p2a: Hydreigon|Dark Pulse|p1a: Darmanitan
|-damage|p1a: Darmanitan|0 fnt
|faint|p1a: Darmanitan
|
|win|spec n
|raw|Ladder updating...
|raw|Bl153's rating: 1400 &rarr; <strong>1390<\/strong><br \/>(-10 for losing)
|raw|spec n's rating: 1574 &rarr; <strong>1585<\/strong><br \/>(+11 for winning)
|c|âBl153|gg
|c|âspec n|gg
|leave|spec n
|player|p2