|join|spec n
|join|Lucipurrr
|player|p1|spec n|126
|player|p2|Lucipurrr|59
|gametype|singles
|gen|6
|tier|UU
|rule|Sleep Clause Mod: Limit one foe put to sleep
|rule|Species Clause: Limit one of each PokÃ©mon
|rule|OHKO Clause: OHKO moves are banned
|rule|Moody Clause: Moody is banned
|rule|Evasion Moves Clause: Evasion moves are banned
|rule|Endless Battle Clause: Forcing endless battles is banned
|rule|HP Percentage Mod: HP is shown in percentages
|clearpoke
|poke|p1|Ampharos, F
|poke|p1|Crobat, M
|poke|p1|Hydreigon, M
|poke|p1|Jirachi
|poke|p1|Suicune
|poke|p1|Medicham, F
|poke|p2|Emboar, M, shiny
|poke|p2|Meloetta
|poke|p2|Abomasnow, F, shiny
|poke|p2|Donphan, F, shiny
|poke|p2|Vaporeon, M
|poke|p2|Reuniclus, F, shiny
|rule|Swagger Clause: Swagger is banned
|rule|Baton Pass Clause: Limit one PokÃ©mon knowing Baton Pass
|teampreview
|join|Exemption
|
|start
|switch|p1a: Hydreigon|Hydreigon, M|325\/325
|switch|p2a: Reuniclus|Reuniclus, F, shiny|424\/424
|turn|1
|
|move|p1a: Hydreigon|Draco Meteor|p2a: Reuniclus
|-damage|p2a: Reuniclus|153\/424
|-unboost|p1a: Hydreigon|spa|2
|move|p2a: Reuniclus|Toxic|p1a: Hydreigon
|-status|p1a: Hydreigon|tox
|
|-heal|p2a: Reuniclus|179\/424|[from] item: Leftovers
|-damage|p1a: Hydreigon|305\/325 tox|[from] psn
|turn|2
|c| Exemption|dark pulse?
|join|Emma Bae â¥
|c|âLucipurrr|shhhh
|join|Meowiekins
|c|âLucipurrr|Let him be bad
|join|A Fungus
|leave|Emma Bae â¥
|c|âspec n|or maybe i was predicting a switch since harly someone in his mind let's a reuniculus stay in a hydregion
|c|âspec n|so yeah, your being bad i guess saved you
|
|switch|p1a: Jirachi|Jirachi|341\/341
|switch|p2a: Abomasnow|Abomasnow, F, shiny|321\/321
|-weather|Hail
|
|-weather|Hail|[upkeep]
|-damage|p1a: Jirachi|320\/341|[from] hail
|-heal|p1a: Jirachi|341\/341|[from] item: Leftovers
|turn|3
|c|âLucipurrr|>Me
|c|âLucipurrr|>Being Bad
|
|detailschange|p2a: Abomasnow|Abomasnow-Mega, F, shiny
|-mega|p2a: Abomasnow|Abomasnow|Abomasite
|move|p1a: Jirachi|Stealth Rock|p2a: Abomasnow
|-sidestart|p2: Lucipurrr|move: Stealth Rock
|move|p2a: Abomasnow|Earthquake|p1a: Jirachi
|-supereffective|p1a: Jirachi
|-damage|p1a: Jirachi|97\/341
|
|-weather|Hail|[upkeep]
|-damage|p1a: Jirachi|76\/341|[from] hail
|-heal|p1a: Jirachi|97\/341|[from] item: Leftovers
|turn|4
|c|âLucipurrr|>Me
|c|âLucipurrr|>Former Voice
|c|âLucipurrr|>Bad
|c|âLucipurrr|I guess so
|
|move|p2a: Abomasnow|Ice Shard|p1a: Jirachi
|-resisted|p1a: Jirachi
|-damage|p1a: Jirachi|61\/341
|move|p1a: Jirachi|Iron Head|p2a: Abomasnow
|-supereffective|p2a: Abomasnow
|-damage|p2a: Abomasnow|87\/321
|
|-weather|Hail|[upkeep]
|-damage|p1a: Jirachi|40\/341|[from] hail
|-heal|p1a: Jirachi|61\/341|[from] item: Leftovers
|turn|5
|
|switch|p2a: Vaporeon|Vaporeon, M|451\/451
|-damage|p2a: Vaporeon|395\/451|[from] Stealth Rock
|move|p1a: Jirachi|Iron Head|p2a: Vaporeon
|-resisted|p2a: Vaporeon
|-damage|p2a: Vaporeon|336\/451
|
|-weather|Hail|[upkeep]
|-damage|p1a: Jirachi|40\/341|[from] hail
|-damage|p2a: Vaporeon|308\/451|[from] hail
|-heal|p1a: Jirachi|61\/341|[from] item: Leftovers
|-heal|p2a: Vaporeon|336\/451|[from] item: Leftovers
|turn|6
|c| Exemption|why are you not voice
|c|âLucipurrr|Because life.
|
|switch|p1a: Ampharos|Ampharos, F|384\/384
|move|p2a: Vaporeon|Wish|p2a: Vaporeon
|
|-weather|none
|-heal|p2a: Vaporeon|364\/451|[from] item: Leftovers
|turn|7
|
|switch|p2a: Donphan|Donphan, F, shiny|351\/351
|-damage|p2a: Donphan|330\/351|[from] Stealth Rock
|detailschange|p1a: Ampharos|Ampharos-Mega, F
|-mega|p1a: Ampharos|Ampharos|Ampharosite
|-ability|p1a: Ampharos|Mold Breaker
|move|p1a: Ampharos|Dragon Pulse|p2a: Donphan
|-damage|p2a: Donphan|179\/351
|
|-heal|p2a: Donphan|351\/351|[from] move: Wish|[wisher] Vaporeon
|turn|8
|
|switch|p1a: Suicune|Suicune|404\/404
|-ability|p1a: Suicune|Pressure
|move|p2a: Donphan|Earthquake|p1a: Suicune
|-damage|p1a: Suicune|292\/404
|
|-heal|p1a: Suicune|317\/404|[from] item: Leftovers
|turn|9
|
|switch|p2a: Vaporeon|Vaporeon, M|364\/451
|-damage|p2a: Vaporeon|308\/451|[from] Stealth Rock
|move|p1a: Suicune|Scald|p2a: Vaporeon
|-heal|p2a: Vaporeon|420\/451|[from] ability: Water Absorb|[of] p1a: Suicune
|
|-heal|p1a: Suicune|342\/404|[from] item: Leftovers
|-heal|p2a: Vaporeon|448\/451|[from] item: Leftovers
|turn|10
|c|âLucipurrr|wow I'm so bad
|c|âLucipurrr|jesus
|join|Snowballin
|c|âspec n|a switch in vaporeon where i couldn't risk rocks
|c|âspec n|yeah a drama
|
|switch|p1a: Medicham|Medicham, F|261\/261
|move|p2a: Vaporeon|Wish|p2a: Vaporeon
|
|-heal|p2a: Vaporeon|451\/451|[from] item: Leftovers
|turn|11
|join|lapraz
|
|switch|p1a: Ampharos|Ampharos-Mega, F|384\/384
|-ability|p1a: Ampharos|Mold Breaker
|move|p2a: Vaporeon|Scald|p1a: Ampharos
|-resisted|p1a: Ampharos
|-damage|p1a: Ampharos|339\/384
|-status|p1a: Ampharos|brn
|
|-damage|p1a: Ampharos|291\/384 brn|[from] brn
|turn|12
|
|move|p2a: Vaporeon|Wish|p2a: Vaporeon
|move|p1a: Ampharos|Volt Switch|p2a: Vaporeon
|-supereffective|p2a: Vaporeon
|-damage|p2a: Vaporeon|127\/451
|
|switch|p1a: Medicham|Medicham, F|261\/261
|
|-heal|p2a: Vaporeon|155\/451|[from] item: Leftovers
|turn|13
|
|move|p2a: Vaporeon|Protect|p2a: Vaporeon
|-singleturn|p2a: Vaporeon|Protect
|move|p1a: Medicham|Psycho Cut|p2a: Vaporeon
|-activate|p2a: Vaporeon|Protect
|
|-heal|p2a: Vaporeon|380\/451|[from] move: Wish|[wisher] Vaporeon
|-heal|p2a: Vaporeon|408\/451|[from] item: Leftovers
|turn|14
|
|switch|p2a: Reuniclus|Reuniclus, F, shiny|179\/424
|move|p1a: Medicham|High Jump Kick|p2a: Reuniclus|[miss]
|-miss|p1a: Medicham|p2a: Reuniclus
|-damage|p1a: Medicham|131\/261|[from] highjumpkick
|
|-heal|p2a: Reuniclus|205\/424|[from] item: Leftovers
|turn|15
|
|switch|p1a: Hydreigon|Hydreigon, M|305\/325 tox
|move|p2a: Reuniclus|Recover|p2a: Reuniclus
|-heal|p2a: Reuniclus|417\/424
|
|-heal|p2a: Reuniclus|424\/424|[from] item: Leftovers
|-damage|p1a: Hydreigon|285\/325 tox|[from] psn
|turn|16
|
|switch|p2a: Donphan|Donphan, F, shiny|351\/351
|-damage|p2a: Donphan|330\/351|[from] Stealth Rock
|move|p1a: Hydreigon|Dark Pulse|p2a: Donphan
|-damage|p2a: Donphan|170\/351
|
|-damage|p1a: Hydreigon|245\/325 tox|[from] psn
|turn|17
|
|move|p2a: Donphan|Ice Shard|p1a: Hydreigon
|-supereffective|p1a: Hydreigon
|-damage|p1a: Hydreigon|145\/325 tox
|move|p1a: Hydreigon|Dark Pulse|p2a: Donphan
|-damage|p2a: Donphan|0 fnt
|faint|p2a: Donphan
|
|-damage|p1a: Hydreigon|85\/325 tox|[from] psn
|
|switch|p2a: Abomasnow|Abomasnow-Mega, F, shiny|87\/321
|-damage|p2a: Abomasnow|7\/321|[from] Stealth Rock
|-weather|Hail
|turn|18
|join|Emma Bae â¥
|
|switch|p1a: Jirachi|Jirachi|61\/341
|move|p2a: Abomasnow|Ice Shard|p1a: Jirachi
|-resisted|p1a: Jirachi
|-damage|p1a: Jirachi|23\/341
|
|-weather|Hail|[upkeep]
|-damage|p1a: Jirachi|2\/341|[from] hail
|-heal|p1a: Jirachi|23\/341|[from] item: Leftovers
|turn|19
|
|move|p2a: Abomasnow|Ice Shard|p1a: Jirachi
|-resisted|p1a: Jirachi
|-damage|p1a: Jirachi|0 fnt
|faint|p1a: Jirachi
|
|-weather|Hail|[upkeep]
|
|switch|p1a: Medicham|Medicham, F|131\/261
|turn|20
|c|âLucipurrr|Let it Snow Let it Snow Let it Snowwwwwwwwwwwww
|
|move|p1a: Medicham|Fake Out|p2a: Abomasnow
|-damage|p2a: Abomasnow|0 fnt
|-damage|p1a: Medicham|105\/261|[from] item: Life Orb
|faint|p2a: Abomasnow
|
|-weather|Hail|[upkeep]
|-damage|p1a: Medicham|89\/261|[from] hail
|
|switch|p2a: Reuniclus|Reuniclus, F, shiny|424\/424
|turn|21
|c|âLucipurrr|Hai emma
|
|switch|p1a: Ampharos|Ampharos-Mega, F|291\/384 brn
|-ability|p1a: Ampharos|Mold Breaker
|move|p2a: Reuniclus|Trick Room|p2a: Reuniclus
|-fieldstart|move: Trick Room|[of] p2a: Reuniclus
|
|-weather|Hail|[upkeep]
|-damage|p1a: Ampharos|267\/384 brn|[from] hail
|-damage|p1a: Ampharos|219\/384 brn|[from] brn
|turn|22
|c|âLucipurrr|Emma has Kylo been around
|
|move|p2a: Reuniclus|Psychic|p1a: Ampharos
|-damage|p1a: Ampharos|104\/384 brn
|move|p1a: Ampharos|Volt Switch|p2a: Reuniclus
|-damage|p2a: Reuniclus|286\/424
|
|switch|p1a: Suicune|Suicune|342\/404
|-ability|p1a: Suicune|Pressure
|
|-weather|none
|-heal|p2a: Reuniclus|312\/424|[from] item: Leftovers
|-heal|p1a: Suicune|367\/404|[from] item: Leftovers
|turn|23
|
|switch|p1a: Hydreigon|Hydreigon, M|85\/325 tox
|move|p2a: Reuniclus|Toxic|p1a: Hydreigon
|-fail|p1a: Hydreigon|tox
|
|-heal|p2a: Reuniclus|338\/424|[from] item: Leftovers
|-damage|p1a: Hydreigon|65\/325 tox|[from] psn
|turn|24
|
|switch|p2a: Meloetta|Meloetta|341\/341
|-damage|p2a: Meloetta|299\/341|[from] Stealth Rock
|switch|p1a: Suicune|Suicune|367\/404
|-ability|p1a: Suicune|Pressure
|
|-heal|p1a: Suicune|392\/404|[from] item: Leftovers
|turn|25
|c| Exemption|today y
|
|switch|p1a: Ampharos|Ampharos-Mega, F|104\/384 brn
|-ability|p1a: Ampharos|Mold Breaker
|move|p2a: Meloetta|Hyper Voice|p1a: Ampharos
|-damage|p1a: Ampharos|0 fnt
|-damage|p2a: Meloetta|265\/341|[from] item: Life Orb
|faint|p1a: Ampharos
|
|-fieldend|move: Trick Room
|c|âLucipurrr|6 hours ago apparently
|
|switch|p1a: Hydreigon|Hydreigon, M|65\/325 tox
|turn|26
|c|âLucipurrr|zzzzzzzzzzzzzz
|
|move|p1a: Hydreigon|Dark Pulse|p2a: Meloetta
|-supereffective|p2a: Meloetta
|-damage|p2a: Meloetta|0 fnt
|faint|p2a: Meloetta
|
|-damage|p1a: Hydreigon|45\/325 tox|[from] psn
|c|âLucipurrr|who the fuck's he got speed on me?
|c|âLucipurrr|Scarf cause bad. Right
|
|switch|p2a: Vaporeon|Vaporeon, M|408\/451
|-damage|p2a: Vaporeon|352\/451|[from] Stealth Rock
|turn|27
|c|âspec n|!data hydregion
No Pokemon, item, move, ability or nature named 'hydregion' was found. Showing the data of 'Hydreigon' instead.
|c|~|\/data-pokemon Hydreigon

|c|âspec n|!data meloetta
|c|~|\/data-pokemon Meloetta

|c|âLucipurrr|Bad enough Hydre exist
|c|âLucipurrr|Worse that people scarf it lmao
|c|âspec n|learn at least that 98>90
|c|âLucipurrr|Learn at least how to UU
|c|âLucipurrr|LEarn At least that grammar
|c|âLucipurrr|ffs
|c|âLucipurrr|This is why I hate room tours
|c|âLucipurrr|random people show up and act swole
|c|âspec n|grammar ? lol  where exactly my math friend?
|c|âspec n|yeah i could say the same
|c|âLucipurrr|" Where exactly my math "
|c|âLucipurrr|Just battle dude
|c|âLucipurrr|ffs
|c|âLucipurrr|This isn't mock trial
|c|âLucipurrr|it's fucking pokemon
|c|âLucipurrr|so click away
|c| Exemption|lucipurrr dont get salty
|c|âLucipurrr|or forfeit
|c|âspec n|says the one who started the whole thing
|
|switch|p1a: Crobat|Crobat, M|374\/374
|move|p2a: Vaporeon|Protect|p2a: Vaporeon
|-fail|p2a: Vaporeon
|
|-heal|p2a: Vaporeon|380\/451|[from] item: Leftovers
|turn|28
|c|âLucipurrr|Is anything exemption startted it
|
|move|p1a: Crobat|Brave Bird|p2a: Vaporeon
|-damage|p2a: Vaporeon|244\/451
|-damage|p1a: Crobat|329\/374|[from] recoil|[of] p2a: Vaporeon
|move|p2a: Vaporeon|Scald|p1a: Crobat
|-damage|p1a: Crobat|209\/374
|
|-heal|p1a: Crobat|232\/374|[from] item: Leftovers
|-heal|p2a: Vaporeon|272\/451|[from] item: Leftovers
|turn|29
|c| Exemption|excuse me
|c| Exemption|no i did not
|c|âLucipurrr|Exemption: dark pulse?
|c|âLucipurrr|Exemption: dark pulse?
|c|âLucipurrr|Exemption: dark pulse?
|c|âLucipurrr|Exemption: dark pulse?
|c|âLucipurrr|Exemption: dark pulse?
|c| Exemption|stop
|
|move|p1a: Crobat|Brave Bird|p2a: Vaporeon
|-damage|p2a: Vaporeon|143\/451
|-damage|p1a: Crobat|189\/374|[from] recoil|[of] p2a: Vaporeon
|move|p2a: Vaporeon|Scald|p1a: Crobat
|-damage|p1a: Crobat|75\/374
|
|-heal|p1a: Crobat|98\/374|[from] item: Leftovers
|-heal|p2a: Vaporeon|171\/451|[from] item: Leftovers
|turn|30
|c| Exemption|âLucipurrr: Let him be bad
|
|move|p2a: Vaporeon|Protect|p2a: Vaporeon
|-singleturn|p2a: Vaporeon|Protect
|move|p1a: Crobat|U-turn|p2a: Vaporeon
|-activate|p2a: Vaporeon|Protect
|
|-heal|p1a: Crobat|121\/374|[from] item: Leftovers
|-heal|p2a: Vaporeon|199\/451|[from] item: Leftovers
|turn|31
|c|âLucipurrr|Exemption: dark pulse?
|c|âLucipurrr|Exemption: dark pulse?
|c|âLucipurrr|Exemption: dark pulse?
|c|âLucipurrr|Exemption: dark pulse?
|c|âLucipurrr|Exemption: dark pulse?
|c|âLucipurrr|Exemption: dark pulse?
|c| Emma Bae â¥|you guys are proper lame
|c| Exemption|say that in UU chat room
|c| Exemption|idc
|c|âLucipurrr|Exemption: Lucipurrr  Is great !
|c|âLucipurrr|^
|c|âLucipurrr|Thansk bud
|
|move|p1a: Crobat|U-turn|p2a: Vaporeon
|-damage|p2a: Vaporeon|148\/451
|c| Exemption|ok...
|
|switch|p1a: Medicham|Medicham, F|89\/261
|move|p2a: Vaporeon|Scald|p1a: Medicham
|-damage|p1a: Medicham|0 fnt
|faint|p1a: Medicham
|
|-heal|p2a: Vaporeon|176\/451|[from] item: Leftovers
|
|switch|p1a: Hydreigon|Hydreigon, M|45\/325 tox
|turn|32
|
|move|p2a: Vaporeon|Protect|p2a: Vaporeon
|-singleturn|p2a: Vaporeon|Protect
|move|p1a: Hydreigon|Draco Meteor|p2a: Vaporeon
|-activate|p2a: Vaporeon|Protect
|
|-heal|p2a: Vaporeon|204\/451|[from] item: Leftovers
|-damage|p1a: Hydreigon|25\/325 tox|[from] psn
|turn|33
|
|move|p2a: Vaporeon|Protect|p2a: Vaporeon
|-fail|p2a: Vaporeon
|move|p1a: Hydreigon|Draco Meteor|p2a: Vaporeon
|-damage|p2a: Vaporeon|0 fnt
|-unboost|p1a: Hydreigon|spa|2
|faint|p2a: Vaporeon
|
|-damage|p1a: Hydreigon|0 fnt|[from] psn
|faint|p1a: Hydreigon
|c|âLucipurrr|dang
|
|switch|p2a: Emboar|Emboar, M, shiny|361\/361
|switch|p1a: Suicune|Suicune|392\/404
|-damage|p2a: Emboar|316\/361|[from] Stealth Rock
|-ability|p1a: Suicune|Pressure
|turn|34
|
|switch|p2a: Reuniclus|Reuniclus, F, shiny|338\/424
|move|p1a: Suicune|Calm Mind|p1a: Suicune
|-boost|p1a: Suicune|spa|1
|-boost|p1a: Suicune|spd|1
|
|-heal|p1a: Suicune|404\/404|[from] item: Leftovers
|-heal|p2a: Reuniclus|364\/424|[from] item: Leftovers
|turn|35
|
|move|p1a: Suicune|Calm Mind|p1a: Suicune
|-boost|p1a: Suicune|spa|1
|-boost|p1a: Suicune|spd|1
|move|p2a: Reuniclus|Toxic|p1a: Suicune
|-status|p1a: Suicune|tox
|
|-heal|p2a: Reuniclus|390\/424|[from] item: Leftovers
|-damage|p1a: Suicune|379\/404 tox|[from] psn
|turn|36
|
|move|p1a: Suicune|Scald|p2a: Reuniclus
|-damage|p2a: Reuniclus|255\/424
|-status|p2a: Reuniclus|brn
|move|p2a: Reuniclus|Psychic|p1a: Suicune
|-damage|p1a: Suicune|324\/404 tox
|
|-heal|p1a: Suicune|349\/404 tox|[from] item: Leftovers
|-heal|p2a: Reuniclus|281\/424 brn|[from] item: Leftovers
|-damage|p1a: Suicune|299\/404 tox|[from] psn
|turn|37
|
|move|p1a: Suicune|Calm Mind|p1a: Suicune
|-boost|p1a: Suicune|spa|1
|-boost|p1a: Suicune|spd|1
|move|p2a: Reuniclus|Recover|p2a: Reuniclus
|-heal|p2a: Reuniclus|424\/424 brn
|
|-heal|p1a: Suicune|324\/404 tox|[from] item: Leftovers
|-damage|p1a: Suicune|249\/404 tox|[from] psn
|turn|38
|
|move|p1a: Suicune|Rest|p1a: Suicune
|-status|p1a: Suicune|slp
|-heal|p1a: Suicune|404\/404 slp|[silent]
|-status|p1a: Suicune|slp|[from] move: Rest
|move|p2a: Reuniclus|Trick Room|p2a: Reuniclus
|-fieldstart|move: Trick Room|[of] p2a: Reuniclus
|
|turn|39
|
|switch|p2a: Emboar|Emboar, M, shiny|316\/361
|-damage|p2a: Emboar|271\/361|[from] Stealth Rock
|cant|p1a: Suicune|slp
|move|p1a: Suicune|Sleep Talk|p1a: Suicune
|move|p1a: Suicune|Rest|p1a: Suicune|[from]Sleep Talk
|-fail|p1a: Suicune
|
|turn|40
|
|cant|p1a: Suicune|slp
|move|p1a: Suicune|Sleep Talk|p1a: Suicune
|move|p1a: Suicune|Calm Mind|p1a: Suicune|[from]Sleep Talk
|-boost|p1a: Suicune|spa|1
|-boost|p1a: Suicune|spd|1
|move|p2a: Emboar|Wild Charge|p1a: Suicune
|-crit|p1a: Suicune
|-supereffective|p1a: Suicune
|-damage|p1a: Suicune|75\/404 slp
|-damage|p2a: Emboar|189\/361|[from] recoil|[of] p1a: Suicune
|
|-heal|p1a: Suicune|100\/404 slp|[from] item: Leftovers
|turn|41
|
|-curestatus|p1a: Suicune|slp
|move|p1a: Suicune|Scald|p2a: Emboar
|-supereffective|p2a: Emboar
|-damage|p2a: Emboar|0 fnt
|faint|p2a: Emboar
|
|-heal|p1a: Suicune|125\/404|[from] item: Leftovers
|c|âspec n|btw
|
|switch|p2a: Reuniclus|Reuniclus, F, shiny|424\/424 brn
|turn|42
|c| Emma Bae â¥|>sets up trick room
|c|âspec n|thanks for making me faster
|c| Emma Bae â¥|>max speed emboar
|c|âLucipurrr|It's not max speed lol
|c|âLucipurrr|That's why I'm super confused right now
|
|move|p2a: Reuniclus|Psychic|p1a: Suicune
|-damage|p1a: Suicune|88\/404
|move|p1a: Suicune|Rest|p1a: Suicune
|-status|p1a: Suicune|slp
|-heal|p1a: Suicune|404\/404 slp|[silent]
|-status|p1a: Suicune|slp|[from] move: Rest
|
|-fieldend|move: Trick Room
|turn|43
|join|Bob the Wut
|c| Emma Bae â¥|ez
|
|cant|p1a: Suicune|slp
|move|p1a: Suicune|Sleep Talk|p1a: Suicune
|move|p1a: Suicune|Calm Mind|p1a: Suicune|[from]Sleep Talk
|-boost|p1a: Suicune|spa|1
|-boost|p1a: Suicune|spd|1
|move|p2a: Reuniclus|Psychic|p1a: Suicune
|-damage|p1a: Suicune|368\/404 slp
|
|-heal|p1a: Suicune|393\/404 slp|[from] item: Leftovers
|turn|44
|leave|Emma Bae â¥
|leave|Bob the Wut
|c|âLucipurrr|Once again Suicune lead a bad player to glorly
|c|âLucipurrr|soon you'll be UU council
|
|cant|p1a: Suicune|slp
|move|p1a: Suicune|Sleep Talk|p1a: Suicune
|move|p1a: Suicune|Rest|p1a: Suicune|[from]Sleep Talk
|-fail|p1a: Suicune
|move|p2a: Reuniclus|Psychic|p1a: Suicune
|-damage|p1a: Suicune|360\/404 slp
|-unboost|p1a: Suicune|spd|1
|
|-heal|p1a: Suicune|385\/404 slp|[from] item: Leftovers
|turn|45
|c| Exemption|who are you talking about
|c|âspec n|ahahah what an asshole, at least learn how to set a proper trick room in your favour
|
|-curestatus|p1a: Suicune|slp
|move|p1a: Suicune|Sleep Talk|p1a: Suicune
|-fail|p1a: Suicune
|move|p2a: Reuniclus|Psychic|p1a: Suicune
|-damage|p1a: Suicune|349\/404
|
|-heal|p1a: Suicune|374\/404|[from] item: Leftovers
|turn|46
|c|âLucipurrr|Everyone who uses Cune
|c|âLucipurrr|JEsus Christ shut up dude
|c|âLucipurrr|No one gives a fuck about what you have to say
|
|move|p1a: Suicune|Scald|p2a: Reuniclus
|-damage|p2a: Reuniclus|201\/424 brn
|move|p2a: Reuniclus|Psychic|p1a: Suicune
|-damage|p1a: Suicune|335\/404
|
|-heal|p1a: Suicune|360\/404|[from] item: Leftovers
|-heal|p2a: Reuniclus|227\/424 brn|[from] item: Leftovers
|turn|47
|c|âspec n|i could say the same poor little guy
|
|move|p1a: Suicune|Scald|p2a: Reuniclus
|-damage|p2a: Reuniclus|0 fnt
|faint|p2a: Reuniclus
|
|win|spec n
|leave|Meowiekins
|c|âspec n|GG
|c|âLucipurrr|gg
|leave|Lucipurrr
|player|p2
|leave|lapraz
|leave|A Fungus
|leave|Exemption
|join|ivangraziu
|leave|ivangraziu
|join|ivangraziu
|leave|ivangraziu
|join|Lucipurrr
|leave|Lucipurrr
|leave|spec n
|player|p1