|join|Will-I-am2
|join|mastermind15
|player|p1|Will-I-am2|265
|player|p2|mastermind15|33
|gametype|singles
|gen|6
|tier|ORAS OU
|rated
|rule|Sleep Clause Mod: Limit one foe put to sleep
|rule|Species Clause: Limit one of each PokÃ©mon
|rule|OHKO Clause: OHKO moves are banned
|rule|Moody Clause: Moody is banned
|rule|Evasion Moves Clause: Evasion moves are banned
|rule|Endless Battle Clause: Forcing endless battles is banned
|rule|HP Percentage Mod: HP is shown in percentages
|clearpoke
|poke|p1|Registeel
|poke|p1|Donphan, F
|poke|p1|Hydreigon, M
|poke|p1|Slowbro, F
|poke|p1|Talonflame, F
|poke|p1|Xatu, F
|poke|p2|Slowbro, M, shiny
|poke|p2|Gliscor, M
|poke|p2|Amoonguss, F, shiny
|poke|p2|Tyranitar, M
|poke|p2|Zapdos
|poke|p2|Metagross
|rule|Swagger Clause: Swagger is banned
|rule|Baton Pass Clause: Limit one PokÃ©mon knowing Baton Pass
|teampreview
|
|start
|switch|p1a: Hydreigon|Hydreigon, M|329\/329
|switch|p2a: Larry|Zapdos|383\/383
|-ability|p2a: Larry|Pressure
|turn|1
|
|switch|p2a: Bill|Slowbro, M, shiny|394\/394
|move|p1a: Hydreigon|Dark Pulse|p2a: Bill
|-supereffective|p2a: Bill
|-damage|p2a: Bill|8\/394
|
|turn|2
|
|switch|p2a: Penelope|Amoonguss, F, shiny|432\/432
|move|p1a: Hydreigon|Dark Pulse|p2a: Penelope
|-damage|p2a: Penelope|222\/432
|
|-heal|p2a: Penelope|249\/432|[from] item: Black Sludge
|turn|3
|
|move|p1a: Hydreigon|Dark Pulse|p2a: Penelope
|-damage|p2a: Penelope|44\/432
|move|p2a: Penelope|Spore|p1a: Hydreigon
|-status|p1a: Hydreigon|slp
|
|-heal|p2a: Penelope|71\/432|[from] item: Black Sludge
|turn|4
|
|switch|p2a: Bill|Slowbro, M, shiny|139\/394
|cant|p1a: Hydreigon|slp
|
|turn|5
|
|switch|p2a: Sam|Tyranitar, M|341\/341
|-weather|Sandstorm
|-curestatus|p1a: Hydreigon|slp
|move|p1a: Hydreigon|Dark Pulse|p2a: Sam
|-resisted|p2a: Sam
|-damage|p2a: Sam|308\/341
|
|-weather|Sandstorm|[upkeep]
|-damage|p1a: Hydreigon|309\/329|[from] sandstorm
|turn|6
|
|switch|p1a: Donphan|Donphan, F|374\/374
|switch|p2a: Bill|Slowbro, M, shiny|270\/394
|
|-weather|Sandstorm|[upkeep]
|-damage|p2a: Bill|246\/394|[from] sandstorm
|turn|7
|
|switch|p1a: Hydreigon|Hydreigon, M|309\/329
|move|p2a: Bill|Scald|p1a: Hydreigon
|-resisted|p1a: Hydreigon
|-damage|p1a: Hydreigon|262\/329
|
|-weather|Sandstorm|[upkeep]
|-damage|p1a: Hydreigon|242\/329|[from] sandstorm
|-damage|p2a: Bill|222\/394|[from] sandstorm
|turn|8
|
|switch|p2a: Sam|Tyranitar, M|308\/341
|move|p1a: Hydreigon|Draco Meteor|p2a: Sam
|-crit|p2a: Sam
|-damage|p2a: Sam|124\/341
|-unboost|p1a: Hydreigon|spa|2
|
|-weather|Sandstorm|[upkeep]
|-damage|p1a: Hydreigon|222\/329|[from] sandstorm
|turn|9
|
|switch|p1a: Xatu|Xatu, F|334\/334
|switch|p2a: Bill|Slowbro, M, shiny|353\/394
|
|-weather|none
|turn|10
|
|switch|p2a: Larry|Zapdos|383\/383
|-ability|p2a: Larry|Pressure
|move|p1a: Xatu|U-turn|p2a: Larry
|-resisted|p2a: Larry
|-damage|p2a: Larry|365\/383
|
|switch|p1a: Hydreigon|Hydreigon, M|222\/329
|
|-heal|p2a: Larry|383\/383|[from] item: Leftovers
|turn|11
|
|switch|p2a: Sam|Tyranitar, M|124\/341
|-weather|Sandstorm
|move|p1a: Hydreigon|Draco Meteor|p2a: Sam
|-damage|p2a: Sam|0 fnt
|-unboost|p1a: Hydreigon|spa|2
|faint|p2a: Sam
|
|-weather|Sandstorm|[upkeep]
|-damage|p1a: Hydreigon|202\/329|[from] sandstorm
|
|switch|p2a: Sebastian|Metagross|301\/301
|turn|12
|
|switch|p1a: Registeel|Registeel|364\/364
|detailschange|p2a: Sebastian|Metagross-Mega
|message|Metagross has Mega Evolved into Mega Metagross!
|move|p2a: Sebastian|Earthquake|p1a: Registeel
|-supereffective|p1a: Registeel
|-damage|p1a: Registeel|182\/364
|
|-weather|Sandstorm|[upkeep]
|-heal|p1a: Registeel|204\/364|[from] item: Leftovers
|turn|13
|
|switch|p2a: Larry|Zapdos|383\/383
|-ability|p2a: Larry|Pressure
|move|p1a: Registeel|Stealth Rock|p2a: Larry
|-sidestart|p2: mastermind15|move: Stealth Rock
|
|-weather|Sandstorm|[upkeep]
|-damage|p2a: Larry|360\/383|[from] sandstorm
|-heal|p2a: Larry|383\/383|[from] item: Leftovers
|-heal|p1a: Registeel|226\/364|[from] item: Leftovers
|turn|14
|
|switch|p1a: Hydreigon|Hydreigon, M|202\/329
|move|p2a: Larry|Defog|p1a: Hydreigon
|-unboost|p1a: Hydreigon|evasion|1
|-sideend|p2: mastermind15|Stealth Rock|[from] move: Defog|[of] p2a: Larry
|
|-weather|Sandstorm|[upkeep]
|-damage|p1a: Hydreigon|182\/329|[from] sandstorm
|-damage|p2a: Larry|360\/383|[from] sandstorm
|-heal|p2a: Larry|383\/383|[from] item: Leftovers
|turn|15
|c|âWill-I-am2|go
|
|switch|p2a: Ivan|Gliscor, M|352\/352
|move|p1a: Hydreigon|Dark Pulse|p2a: Ivan
|-damage|p2a: Ivan|70\/352
|
|-weather|none
|-status|p2a: Ivan|tox|[from] item: Toxic Orb
|turn|16
|
|move|p1a: Hydreigon|Dark Pulse|p2a: Ivan
|-damage|p2a: Ivan|0 fnt
|faint|p2a: Ivan
|
|
|switch|p2a: Sebastian|Metagross-Mega|301\/301
|turn|17
|
|switch|p1a: Registeel|Registeel|226\/364
|move|p2a: Sebastian|Ice Punch|p1a: Registeel
|-resisted|p1a: Registeel
|-damage|p1a: Registeel|186\/364
|
|-heal|p1a: Registeel|208\/364|[from] item: Leftovers
|turn|18
|
|switch|p2a: Bill|Slowbro, M, shiny|394\/394
|move|p1a: Registeel|Thunder Wave|p2a: Bill
|-status|p2a: Bill|par
|
|-heal|p1a: Registeel|230\/364|[from] item: Leftovers
|turn|19
|
|move|p1a: Registeel|Stealth Rock|p2a: Bill
|-sidestart|p2: mastermind15|move: Stealth Rock
|cant|p2a: Bill|par
|
|-heal|p1a: Registeel|252\/364|[from] item: Leftovers
|turn|20
|
|move|p1a: Registeel|Seismic Toss|p2a: Bill
|-damage|p2a: Bill|294\/394 par
|move|p2a: Bill|Ice Beam|p1a: Registeel
|-resisted|p1a: Registeel
|-damage|p1a: Registeel|230\/364
|
|-heal|p1a: Registeel|252\/364|[from] item: Leftovers
|turn|21
|
|move|p1a: Registeel|Seismic Toss|p2a: Bill
|-damage|p2a: Bill|194\/394 par
|move|p2a: Bill|Fire Blast|p1a: Registeel
|-supereffective|p1a: Registeel
|-damage|p1a: Registeel|148\/364
|-status|p1a: Registeel|brn
|
|-heal|p1a: Registeel|170\/364 brn|[from] item: Leftovers
|-damage|p1a: Registeel|125\/364 brn|[from] brn
|turn|22
|
|switch|p2a: Larry|Zapdos|383\/383
|-damage|p2a: Larry|288\/383|[from] Stealth Rock
|-ability|p2a: Larry|Pressure
|move|p1a: Registeel|Seismic Toss|p2a: Larry
|-damage|p2a: Larry|188\/383
|
|-heal|p2a: Larry|211\/383|[from] item: Leftovers
|-heal|p1a: Registeel|147\/364 brn|[from] item: Leftovers
|-damage|p1a: Registeel|102\/364 brn|[from] brn
|turn|23
|
|switch|p1a: Hydreigon|Hydreigon, M|182\/329
|move|p2a: Larry|Defog|p1a: Hydreigon
|-unboost|p1a: Hydreigon|evasion|1
|-sideend|p2: mastermind15|Stealth Rock|[from] move: Defog|[of] p2a: Larry
|
|-heal|p2a: Larry|234\/383|[from] item: Leftovers
|turn|24
|
|switch|p2a: Penelope|Amoonguss, F, shiny|215\/432
|move|p1a: Hydreigon|Dark Pulse|p2a: Penelope
|-damage|p2a: Penelope|0 fnt
|faint|p2a: Penelope
|
|
|switch|p2a: Sebastian|Metagross-Mega|301\/301
|turn|25
|
|switch|p1a: Registeel|Registeel|102\/364 brn
|move|p2a: Sebastian|Meteor Mash|p1a: Registeel
|-resisted|p1a: Registeel
|-damage|p1a: Registeel|27\/364 brn
|
|-heal|p1a: Registeel|49\/364 brn|[from] item: Leftovers
|-damage|p1a: Registeel|4\/364 brn|[from] brn
|turn|26
|
|move|p2a: Sebastian|Earthquake|p1a: Registeel
|-supereffective|p1a: Registeel
|-damage|p1a: Registeel|0 fnt
|faint|p1a: Registeel
|
|
|switch|p1a: Donphan|Donphan, F|374\/374
|turn|27
|
|switch|p2a: Bill|Slowbro, M, shiny|325\/394 par
|move|p1a: Donphan|Knock Off|p2a: Bill
|-supereffective|p2a: Bill
|-damage|p2a: Bill|175\/394 par
|-enditem|p2a: Bill|Assault Vest|[from] move: Knock Off|[of] p1a: Donphan
|
|turn|28
|
|switch|p1a: Slowbro|Slowbro, F|394\/394
|switch|p2a: Larry|Zapdos|234\/383
|-ability|p2a: Larry|Pressure
|
|-heal|p2a: Larry|257\/383|[from] item: Leftovers
|turn|29
|
|move|p2a: Larry|Thunderbolt|p1a: Slowbro
|-supereffective|p1a: Slowbro
|-damage|p1a: Slowbro|58\/394
|move|p1a: Slowbro|Scald|p2a: Larry
|-damage|p2a: Larry|121\/383
|
|-heal|p2a: Larry|144\/383|[from] item: Leftovers
|-heal|p1a: Slowbro|82\/394|[from] item: Leftovers
|turn|30
|
|switch|p1a: Hydreigon|Hydreigon, M|182\/329
|move|p2a: Larry|Roost|p2a: Larry
|-heal|p2a: Larry|336\/383
|
|-heal|p2a: Larry|359\/383|[from] item: Leftovers
|turn|31
|
|move|p1a: Hydreigon|Dark Pulse|p2a: Larry
|-damage|p2a: Larry|101\/383
|cant|p2a: Larry|flinch
|
|-heal|p2a: Larry|124\/383|[from] item: Leftovers
|turn|32
|
|move|p1a: Hydreigon|Dark Pulse|p2a: Larry
|-damage|p2a: Larry|0 fnt
|faint|p2a: Larry
|
|
|switch|p2a: Sebastian|Metagross-Mega|301\/301
|turn|33
|
|switch|p1a: Xatu|Xatu, F|334\/334
|move|p2a: Sebastian|Ice Punch|p1a: Xatu
|-supereffective|p1a: Xatu
|-damage|p1a: Xatu|120\/334
|-damage|p2a: Sebastian|251\/301|[from] item: Rocky Helmet|[of] p1a: Xatu
|-status|p1a: Xatu|frz
|
|turn|34
|
|move|p2a: Sebastian|Meteor Mash|p1a: Xatu
|-damage|p1a: Xatu|0 fnt
|-damage|p2a: Sebastian|201\/301|[from] item: Rocky Helmet|[of] p1a: Xatu
|faint|p1a: Xatu
|
|
|switch|p1a: Donphan|Donphan, F|374\/374
|turn|35
|
|switch|p2a: Bill|Slowbro, M, shiny|306\/394 par
|move|p1a: Donphan|Earthquake|p2a: Bill
|-damage|p2a: Bill|189\/394 par
|
|turn|36
|
|switch|p1a: Slowbro|Slowbro, F|213\/394
|cant|p2a: Bill|par
|
|-heal|p1a: Slowbro|237\/394|[from] item: Leftovers
|turn|37
|
|move|p1a: Slowbro|Scald|p2a: Bill
|-resisted|p2a: Bill
|-damage|p2a: Bill|108\/394 par
|move|p2a: Bill|Scald|p1a: Slowbro
|-resisted|p1a: Slowbro
|-damage|p1a: Slowbro|179\/394
|
|-heal|p1a: Slowbro|203\/394|[from] item: Leftovers
|turn|38
|
|move|p1a: Slowbro|Scald|p2a: Bill
|-resisted|p2a: Bill
|-damage|p2a: Bill|31\/394 par
|move|p2a: Bill|Scald|p1a: Slowbro
|-resisted|p1a: Slowbro
|-damage|p1a: Slowbro|143\/394
|-status|p1a: Slowbro|brn
|
|-heal|p1a: Slowbro|167\/394 brn|[from] item: Leftovers
|-damage|p1a: Slowbro|118\/394 brn|[from] brn
|turn|39
|
|move|p1a: Slowbro|Fire Blast|p2a: Bill
|-resisted|p2a: Bill
|-damage|p2a: Bill|0 fnt
|faint|p2a: Bill
|
|-heal|p1a: Slowbro|142\/394 brn|[from] item: Leftovers
|-damage|p1a: Slowbro|93\/394 brn|[from] brn
|
|switch|p2a: Sebastian|Metagross-Mega|201\/301
|turn|40
|
|switch|p1a: Hydreigon|Hydreigon, M|182\/329
|move|p2a: Sebastian|Earthquake|p1a: Hydreigon
|-immune|p1a: Hydreigon|[msg]
|
|turn|41
|
|move|p2a: Sebastian|Meteor Mash|p1a: Hydreigon
|-damage|p1a: Hydreigon|0 fnt
|faint|p1a: Hydreigon
|
|
|switch|p1a: Donphan|Donphan, F|374\/374
|turn|42
|
|move|p2a: Sebastian|Zen Headbutt|p1a: Donphan
|-damage|p1a: Donphan|200\/374
|move|p1a: Donphan|Earthquake|p2a: Sebastian
|-supereffective|p2a: Sebastian
|-damage|p2a: Sebastian|0 fnt
|faint|p2a: Sebastian
|
|win|Will-I-am2
|raw|Ladder updating...
|raw|Will-I-am2's rating: 1556 &rarr; <strong>1576<\/strong><br \/>(+20 for winning)
|raw|mastermind15's rating: 1543 &rarr; <strong>1524<\/strong><br \/>(-19 for losing)
|leave|mastermind15
|player|p2