|join|Aka DH
|join|mastermind15
|player|p1|Aka DH|288
|player|p2|mastermind15|33
|gametype|singles
|gen|6
|tier|ORAS OU
|rated
|rule|Sleep Clause Mod: Limit one foe put to sleep
|rule|Species Clause: Limit one of each PokÃ©mon
|rule|OHKO Clause: OHKO moves are banned
|rule|Moody Clause: Moody is banned
|rule|Evasion Moves Clause: Evasion moves are banned
|rule|Endless Battle Clause: Forcing endless battles is banned
|rule|HP Percentage Mod: HP is shown in percentages
|clearpoke
|poke|p1|Bisharp, M
|poke|p1|Venusaur, M
|poke|p1|Heatran, F
|poke|p1|Keldeo
|poke|p1|Chansey, F
|poke|p1|Skarmory, M
|poke|p2|Slowbro, M, shiny
|poke|p2|Gliscor, M
|poke|p2|Amoonguss, F, shiny
|poke|p2|Tyranitar, M
|poke|p2|Zapdos
|poke|p2|Metagross
|rule|Swagger Clause: Swagger is banned
|rule|Baton Pass Clause: Limit one PokÃ©mon knowing Baton Pass
|teampreview
|
|start
|switch|p1a: Heatran|Heatran, F|340\/340
|switch|p2a: Sebastian|Metagross|301\/301
|-item|p1a: Heatran|Air Balloon
|turn|1
|join|CleanerThanRotom-W
|c| CleanerThanRotom-W|did u see the link bloody?
|
|switch|p2a: Bill|Slowbro, M, shiny|394\/394
|move|p1a: Heatran|Stealth Rock|p2a: Bill
|-sidestart|p2: mastermind15|move: Stealth Rock
|
|turn|2
|
|move|p1a: Heatran|Toxic|p2a: Bill
|-status|p2a: Bill|tox
|move|p2a: Bill|Scald|p1a: Heatran
|-supereffective|p1a: Heatran
|-damage|p1a: Heatran|172\/340
|-enditem|p1a: Heatran|Air Balloon
|
|-damage|p2a: Bill|370\/394 tox|[from] psn
|turn|3
|c|âAka DH|no
|c| CleanerThanRotom-W|check ur pm
|
|switch|p1a: Chansey|Chansey, F|684\/684
|switch|p2a: Ivan|Gliscor, M|352\/352
|-damage|p2a: Ivan|308\/352|[from] Stealth Rock
|
|-status|p2a: Ivan|tox|[from] item: Toxic Orb
|turn|4
|c| CleanerThanRotom-W|its important
|
|switch|p1a: Venusaur|Venusaur, M|364\/364
|move|p2a: Ivan|Earthquake|p1a: Venusaur
|-crit|p1a: Venusaur
|-damage|p1a: Venusaur|219\/364
|
|-heal|p2a: Ivan|352\/352 tox|[from] ability: Poison Heal
|turn|5
|
|switch|p2a: Penelope|Amoonguss, F, shiny|432\/432
|-damage|p2a: Penelope|378\/432|[from] Stealth Rock
|detailschange|p1a: Venusaur|Venusaur-Mega, M
|message|Venusaur has Mega Evolved into Mega Venusaur!
|move|p1a: Venusaur|Leech Seed|p2a: Penelope
|-immune|p2a: Penelope|[msg]
|
|-heal|p2a: Penelope|405\/432|[from] item: Black Sludge
|turn|6
|
|switch|p2a: Sam|Tyranitar, M|341\/341
|-damage|p2a: Sam|299\/341|[from] Stealth Rock
|-weather|Sandstorm
|move|p1a: Venusaur|Hidden Power|p2a: Sam
|-resisted|p2a: Sam
|-damage|p2a: Sam|290\/341
|
|-weather|Sandstorm|[upkeep]
|-damage|p1a: Venusaur|197\/364|[from] sandstorm
|turn|7
|
|move|p1a: Venusaur|Giga Drain|p2a: Sam
|-supereffective|p2a: Sam
|-damage|p2a: Sam|224\/341
|-heal|p1a: Venusaur|230\/364|[from] drain|[of] p2a: Sam
|move|p2a: Sam|Pursuit|p1a: Venusaur
|-damage|p1a: Venusaur|184\/364
|
|-weather|Sandstorm|[upkeep]
|-damage|p1a: Venusaur|162\/364|[from] sandstorm
|turn|8
|
|move|p1a: Venusaur|Synthesis|p1a: Venusaur
|-heal|p1a: Venusaur|253\/364
|move|p2a: Sam|Pursuit|p1a: Venusaur
|-damage|p1a: Venusaur|208\/364
|
|-weather|Sandstorm|[upkeep]
|-damage|p1a: Venusaur|186\/364|[from] sandstorm
|turn|9
|
|move|p1a: Venusaur|Giga Drain|p2a: Sam
|-supereffective|p2a: Sam
|-damage|p2a: Sam|156\/341
|-heal|p1a: Venusaur|220\/364|[from] drain|[of] p2a: Sam
|move|p2a: Sam|Crunch|p1a: Venusaur
|-damage|p1a: Venusaur|133\/364
|
|-weather|Sandstorm|[upkeep]
|-damage|p1a: Venusaur|111\/364|[from] sandstorm
|turn|10
|
|move|p1a: Venusaur|Giga Drain|p2a: Sam
|-supereffective|p2a: Sam
|-damage|p2a: Sam|88\/341
|-heal|p1a: Venusaur|145\/364|[from] drain|[of] p2a: Sam
|move|p2a: Sam|Crunch|p1a: Venusaur
|-damage|p1a: Venusaur|60\/364
|-unboost|p1a: Venusaur|def|1
|
|-weather|none
|turn|11
|
|switch|p2a: Sebastian|Metagross|301\/301
|-damage|p2a: Sebastian|283\/301|[from] Stealth Rock
|move|p1a: Venusaur|Synthesis|p1a: Venusaur
|-heal|p1a: Venusaur|242\/364
|
|turn|12
|
|switch|p2a: Larry|Zapdos|383\/383
|-damage|p2a: Larry|288\/383|[from] Stealth Rock
|-ability|p2a: Larry|Pressure
|switch|p1a: Skarmory|Skarmory, M|334\/334
|
|-heal|p2a: Larry|311\/383|[from] item: Leftovers
|turn|13
|
|switch|p1a: Heatran|Heatran, F|172\/340
|move|p2a: Larry|Defog|p1a: Heatran
|-unboost|p1a: Heatran|evasion|1
|-sideend|p2: mastermind15|Stealth Rock|[from] move: Defog|[of] p2a: Larry
|
|-heal|p2a: Larry|334\/383|[from] item: Leftovers
|turn|14
|
|move|p1a: Heatran|Toxic|p2a: Larry
|-status|p2a: Larry|tox
|move|p2a: Larry|Thunderbolt|p1a: Heatran
|-damage|p1a: Heatran|40\/340
|
|-heal|p2a: Larry|357\/383 tox|[from] item: Leftovers
|-damage|p2a: Larry|334\/383 tox|[from] psn
|turn|15
|c| CleanerThanRotom-W|mastermind15
|c| CleanerThanRotom-W|didnt u make a similar rmt
|c| CleanerThanRotom-W|?
|c|âmastermind15|yes
|c| CleanerThanRotom-W|k, i remember u then
|
|move|p1a: Heatran|Stealth Rock|p2a: Larry
|-sidestart|p2: mastermind15|move: Stealth Rock
|move|p2a: Larry|Thunderbolt|p1a: Heatran
|-damage|p1a: Heatran|0 fnt
|faint|p1a: Heatran
|
|-heal|p2a: Larry|357\/383 tox|[from] item: Leftovers
|-damage|p2a: Larry|311\/383 tox|[from] psn
|c|âAka DH|mega mawile
|c|âmastermind15|yep
|c| CleanerThanRotom-W|yea
|
|switch|p1a: Bisharp|Bisharp, M|334\/334
|turn|16
|
|switch|p2a: Ivan|Gliscor, M|352\/352 tox
|-damage|p2a: Ivan|308\/352 tox|[from] Stealth Rock
|move|p1a: Bisharp|Knock Off|p2a: Ivan
|-damage|p2a: Ivan|197\/352 tox
|-enditem|p2a: Ivan|Toxic Orb|[from] move: Knock Off|[of] p1a: Bisharp
|
|-heal|p2a: Ivan|241\/352 tox|[from] ability: Poison Heal
|turn|17
|
|switch|p1a: Skarmory|Skarmory, M|334\/334
|move|p2a: Ivan|Earthquake|p1a: Skarmory
|-immune|p1a: Skarmory|[msg]
|
|-heal|p2a: Ivan|285\/352 tox|[from] ability: Poison Heal
|turn|18
|
|move|p2a: Ivan|Taunt|p1a: Skarmory
|-start|p1a: Skarmory|move: Taunt
|cant|p1a: Skarmory|move: Taunt|Whirlwind
|
|-heal|p2a: Ivan|329\/352 tox|[from] ability: Poison Heal
|turn|19
|
|switch|p1a: Venusaur|Venusaur-Mega, M|242\/364
|move|p2a: Ivan|Earthquake|p1a: Venusaur
|-damage|p1a: Venusaur|170\/364
|
|-heal|p2a: Ivan|352\/352 tox|[from] ability: Poison Heal
|turn|20
|c|âAka DH|and ditto
|c|âmastermind15|and mandibuzz
|c| CleanerThanRotom-W|and amoon
|
|switch|p2a: Sam|Tyranitar, M|88\/341
|-damage|p2a: Sam|46\/341|[from] Stealth Rock
|-weather|Sandstorm
|move|p1a: Venusaur|Giga Drain|p2a: Sam
|-supereffective|p2a: Sam
|-damage|p2a: Sam|0 fnt
|-heal|p1a: Venusaur|193\/364|[from] drain|[of] p2a: Sam
|faint|p2a: Sam
|
|-weather|Sandstorm|[upkeep]
|-damage|p1a: Venusaur|171\/364|[from] sandstorm
|
|switch|p2a: Larry|Zapdos|311\/383 tox
|-damage|p2a: Larry|216\/383 tox|[from] Stealth Rock
|-ability|p2a: Larry|Pressure
|turn|21
|
|move|p2a: Larry|Defog|p1a: Venusaur
|-unboost|p1a: Venusaur|evasion|1
|-sideend|p2: mastermind15|Stealth Rock|[from] move: Defog|[of] p2a: Larry
|move|p1a: Venusaur|Leech Seed|p2a: Larry
|-start|p2a: Larry|move: Leech Seed
|
|-weather|Sandstorm|[upkeep]
|-damage|p2a: Larry|193\/383 tox|[from] sandstorm
|-damage|p1a: Venusaur|149\/364|[from] sandstorm
|-heal|p2a: Larry|216\/383 tox|[from] item: Leftovers
|-damage|p2a: Larry|169\/383 tox|[from] Leech Seed|[of] p1a: Venusaur
|-heal|p1a: Venusaur|196\/364|[silent]
|-damage|p2a: Larry|146\/383 tox|[from] psn
|turn|22
|join|uCan'tSeeMe
|
|switch|p2a: Ivan|Gliscor, M|352\/352 tox
|move|p1a: Venusaur|Giga Drain|p2a: Ivan
|-damage|p2a: Ivan|210\/352 tox
|-heal|p1a: Venusaur|267\/364|[from] drain|[of] p2a: Ivan
|
|-weather|Sandstorm|[upkeep]
|-damage|p1a: Venusaur|245\/364|[from] sandstorm
|-heal|p2a: Ivan|254\/352 tox|[from] ability: Poison Heal
|turn|23
|
|switch|p2a: Sebastian|Metagross|283\/301
|move|p1a: Venusaur|Giga Drain|p2a: Sebastian
|-resisted|p2a: Sebastian
|-damage|p2a: Sebastian|223\/301
|-heal|p1a: Venusaur|275\/364|[from] drain|[of] p2a: Sebastian
|
|-weather|Sandstorm|[upkeep]
|-damage|p1a: Venusaur|253\/364|[from] sandstorm
|turn|24
|c| uCan'tSeeMe|what happened to bloodys avatar
|c| CleanerThanRotom-W|it mega evolved
|
|switch|p1a: Skarmory|Skarmory, M|334\/334
|detailschange|p2a: Sebastian|Metagross-Mega
|message|Metagross has Mega Evolved into Mega Metagross!
|move|p2a: Sebastian|Zen Headbutt|p1a: Skarmory
|-resisted|p1a: Skarmory
|-damage|p1a: Skarmory|264\/334
|-damage|p2a: Sebastian|173\/301|[from] item: Rocky Helmet|[of] p1a: Skarmory
|
|-weather|none
|turn|25
|c|âAka DH|zenzoh killed my avatar
|
|switch|p2a: Larry|Zapdos|146\/383 tox
|-ability|p2a: Larry|Pressure
|move|p1a: Skarmory|Spikes|p2a: Larry
|-sidestart|p2: mastermind15|Spikes
|
|-heal|p2a: Larry|169\/383 tox|[from] item: Leftovers
|-damage|p2a: Larry|146\/383 tox|[from] psn
|turn|26
|c| CleanerThanRotom-W|zenzoh killer>wish killer
|
|switch|p1a: Bisharp|Bisharp, M|334\/334
|move|p2a: Larry|Defog|p1a: Bisharp
|-unboost|p1a: Bisharp|evasion|1
|-boost|p1a: Bisharp|atk|2|[from] ability: Defiant
|-sideend|p2: mastermind15|Spikes|[from] move: Defog|[of] p2a: Larry
|
|-heal|p2a: Larry|169\/383 tox|[from] item: Leftovers
|-damage|p2a: Larry|123\/383 tox|[from] psn
|turn|27
|
|move|p2a: Larry|Roost|p2a: Larry
|-heal|p2a: Larry|315\/383 tox
|move|p1a: Bisharp|Knock Off|p2a: Larry
|-crit|p2a: Larry
|-damage|p2a: Larry|0 fnt
|-enditem|p2a: Larry|Leftovers|[from] move: Knock Off|[of] p1a: Bisharp
|faint|p2a: Larry
|
|
|switch|p2a: Ivan|Gliscor, M|254\/352 tox
|turn|28
|
|move|p2a: Ivan|Earthquake|p1a: Bisharp
|-supereffective|p1a: Bisharp
|-damage|p1a: Bisharp|100\/334
|move|p1a: Bisharp|Iron Head|p2a: Ivan
|-damage|p2a: Ivan|62\/352 tox
|
|-heal|p1a: Bisharp|120\/334|[from] item: Leftovers
|-heal|p2a: Ivan|106\/352 tox|[from] ability: Poison Heal
|turn|29
|
|move|p1a: Bisharp|Sucker Punch|p2a: Ivan
|-fail|p2a: Ivan
|move|p2a: Ivan|Roost|p2a: Ivan
|-heal|p2a: Ivan|282\/352 tox
|
|-heal|p1a: Bisharp|140\/334|[from] item: Leftovers
|-heal|p2a: Ivan|326\/352 tox|[from] ability: Poison Heal
|turn|30
|
|switch|p1a: Venusaur|Venusaur-Mega, M|253\/364
|move|p2a: Ivan|Earthquake|p1a: Venusaur
|-damage|p1a: Venusaur|180\/364
|
|-heal|p2a: Ivan|352\/352 tox|[from] ability: Poison Heal
|turn|31
|
|switch|p2a: Sebastian|Metagross-Mega|173\/301
|move|p1a: Venusaur|Synthesis|p1a: Venusaur
|-heal|p1a: Venusaur|362\/364
|
|turn|32
|
|switch|p2a: Bill|Slowbro, M, shiny|394\/394 tox
|switch|p1a: Skarmory|Skarmory, M|264\/334
|
|-damage|p2a: Bill|370\/394 tox|[from] psn
|turn|33
|
|move|p1a: Skarmory|Spikes|p2a: Bill
|-sidestart|p2: mastermind15|Spikes
|move|p2a: Bill|Fire Blast|p1a: Skarmory
|-supereffective|p1a: Skarmory
|-damage|p1a: Skarmory|94\/334
|
|-damage|p2a: Bill|322\/394 tox|[from] psn
|turn|34
|
|move|p1a: Skarmory|Roost|p1a: Skarmory
|-heal|p1a: Skarmory|261\/334
|move|p2a: Bill|Scald|p1a: Skarmory
|-damage|p1a: Skarmory|168\/334
|
|-damage|p2a: Bill|250\/394 tox|[from] psn
|turn|35
|
|move|p1a: Skarmory|Roost|p1a: Skarmory
|-heal|p1a: Skarmory|334\/334
|move|p2a: Bill|Scald|p1a: Skarmory
|-damage|p1a: Skarmory|232\/334
|-status|p1a: Skarmory|brn
|
|-damage|p1a: Skarmory|191\/334 brn|[from] brn
|-damage|p2a: Bill|154\/394 tox|[from] psn
|turn|36
|
|move|p1a: Skarmory|Roost|p1a: Skarmory
|-heal|p1a: Skarmory|334\/334 brn
|move|p2a: Bill|Fire Blast|p1a: Skarmory|[miss]
|-miss|p2a: Bill|p1a: Skarmory
|
|-damage|p1a: Skarmory|293\/334 brn|[from] brn
|-damage|p2a: Bill|34\/394 tox|[from] psn
|turn|37
|
|switch|p1a: Chansey|Chansey, F|684\/684
|switch|p2a: Ivan|Gliscor, M|352\/352 tox
|
|turn|38
|
|switch|p1a: Keldeo|Keldeo|323\/323
|move|p2a: Ivan|Taunt|p1a: Keldeo
|-start|p1a: Keldeo|move: Taunt
|
|turn|39
|
|switch|p2a: Penelope|Amoonguss, F, shiny|432\/432
|-damage|p2a: Penelope|378\/432|[from] Spikes
|move|p1a: Keldeo|Scald|p2a: Penelope
|-resisted|p2a: Penelope
|-damage|p2a: Penelope|312\/432
|
|-heal|p2a: Penelope|339\/432|[from] item: Black Sludge
|turn|40
|
|switch|p1a: Venusaur|Venusaur-Mega, M|362\/364
|switch|p2a: Ivan|Gliscor, M|352\/352 tox
|
|turn|41
|
|switch|p2a: Penelope|Amoonguss, F, shiny|432\/432
|-damage|p2a: Penelope|378\/432|[from] Spikes
|move|p1a: Venusaur|Leech Seed|p2a: Penelope|[miss]
|-miss|p1a: Venusaur|p2a: Penelope
|
|-heal|p2a: Penelope|405\/432|[from] item: Black Sludge
|turn|42
|
|move|p1a: Venusaur|Hidden Power|p2a: Penelope
|-supereffective|p2a: Penelope
|-damage|p2a: Penelope|307\/432
|move|p2a: Penelope|Spore|p1a: Venusaur
|-fail|p1a: Venusaur
|
|-heal|p2a: Penelope|334\/432|[from] item: Black Sludge
|turn|43
|
|move|p1a: Venusaur|Hidden Power|p2a: Penelope
|-supereffective|p2a: Penelope
|-damage|p2a: Penelope|230\/432
|move|p2a: Penelope|Foul Play|p1a: Venusaur
|-damage|p1a: Venusaur|328\/364
|
|-heal|p2a: Penelope|257\/432|[from] item: Black Sludge
|turn|44
|
|switch|p2a: Ivan|Gliscor, M|352\/352 tox
|move|p1a: Venusaur|Hidden Power|p2a: Ivan
|-damage|p2a: Ivan|278\/352 tox
|
|-heal|p2a: Ivan|322\/352 tox|[from] ability: Poison Heal
|turn|45
|
|switch|p2a: Penelope|Amoonguss, F, shiny|401\/432
|-damage|p2a: Penelope|347\/432|[from] Spikes
|move|p1a: Venusaur|Hidden Power|p2a: Penelope
|-supereffective|p2a: Penelope
|-damage|p2a: Penelope|255\/432
|
|-heal|p2a: Penelope|282\/432|[from] item: Black Sludge
|turn|46
|
|switch|p2a: Ivan|Gliscor, M|322\/352 tox
|move|p1a: Venusaur|Hidden Power|p2a: Ivan
|-crit|p2a: Ivan
|-damage|p2a: Ivan|209\/352 tox
|
|-heal|p2a: Ivan|253\/352 tox|[from] ability: Poison Heal
|turn|47
|
|switch|p2a: Penelope|Amoonguss, F, shiny|426\/432
|-damage|p2a: Penelope|372\/432|[from] Spikes
|move|p1a: Venusaur|Hidden Power|p2a: Penelope
|-supereffective|p2a: Penelope
|-damage|p2a: Penelope|274\/432
|
|-heal|p2a: Penelope|301\/432|[from] item: Black Sludge
|turn|48
|
|move|p1a: Venusaur|Hidden Power|p2a: Penelope
|-supereffective|p2a: Penelope
|-damage|p2a: Penelope|203\/432
|move|p2a: Penelope|Foul Play|p1a: Venusaur
|-damage|p1a: Venusaur|293\/364
|
|-heal|p2a: Penelope|230\/432|[from] item: Black Sludge
|turn|49
|
|switch|p2a: Ivan|Gliscor, M|253\/352 tox
|move|p1a: Venusaur|Giga Drain|p2a: Ivan
|-damage|p2a: Ivan|112\/352 tox
|-heal|p1a: Venusaur|364\/364|[from] drain|[of] p2a: Ivan
|
|-heal|p2a: Ivan|156\/352 tox|[from] ability: Poison Heal
|turn|50
|
|move|p2a: Ivan|Roost|p2a: Ivan
|-heal|p2a: Ivan|332\/352 tox
|move|p1a: Venusaur|Giga Drain|p2a: Ivan
|-supereffective|p2a: Ivan
|-damage|p2a: Ivan|62\/352 tox
|
|-heal|p2a: Ivan|106\/352 tox|[from] ability: Poison Heal
|turn|51
|
|switch|p2a: Penelope|Amoonguss, F, shiny|374\/432
|-damage|p2a: Penelope|320\/432|[from] Spikes
|move|p1a: Venusaur|Giga Drain|p2a: Penelope
|-resisted|p2a: Penelope
|-damage|p2a: Penelope|297\/432
|
|-heal|p2a: Penelope|324\/432|[from] item: Black Sludge
|turn|52
|
|switch|p2a: Sebastian|Metagross-Mega|173\/301
|-damage|p2a: Sebastian|136\/301|[from] Spikes
|move|p1a: Venusaur|Hidden Power|p2a: Sebastian
|-supereffective|p2a: Sebastian
|-damage|p2a: Sebastian|32\/301
|
|turn|53
|
|switch|p2a: Bill|Slowbro, M, shiny|165\/394 tox
|-damage|p2a: Bill|116\/394 tox|[from] Spikes
|switch|p1a: Skarmory|Skarmory, M|293\/334 brn
|
|-damage|p1a: Skarmory|252\/334 brn|[from] brn
|-damage|p2a: Bill|92\/394 tox|[from] psn
|turn|54
|
|move|p1a: Skarmory|Spikes|p2a: Bill
|-sidestart|p2: mastermind15|Spikes
|move|p2a: Bill|Fire Blast|p1a: Skarmory
|-supereffective|p1a: Skarmory
|-damage|p1a: Skarmory|70\/334 brn
|
|-damage|p1a: Skarmory|29\/334 brn|[from] brn
|-damage|p2a: Bill|44\/394 tox|[from] psn
|turn|55
|
|switch|p2a: Ivan|Gliscor, M|106\/352 tox
|move|p1a: Skarmory|Spikes|p2a: Ivan
|-sidestart|p2: mastermind15|Spikes
|
|-heal|p2a: Ivan|150\/352 tox|[from] ability: Poison Heal
|-damage|p1a: Skarmory|0 fnt|[from] brn
|faint|p1a: Skarmory
|
|switch|p1a: Keldeo|Keldeo|323\/323
|turn|56
|
|switch|p2a: Sebastian|Metagross-Mega|32\/301
|-damage|p2a: Sebastian|0 fnt|[from] Spikes
|faint|p2a: Sebastian
|move|p1a: Keldeo|Icy Wind|p2: Sebastian|[notarget]
|-notarget
|
|
|switch|p2a: Bill|Slowbro, M, shiny|175\/394 tox
|-damage|p2a: Bill|77\/394 tox|[from] Spikes
|turn|57
|
|switch|p1a: Chansey|Chansey, F|684\/684
|switch|p2a: Ivan|Gliscor, M|150\/352 tox
|
|-heal|p2a: Ivan|194\/352 tox|[from] ability: Poison Heal
|turn|58
|
|move|p2a: Ivan|Roost|p2a: Ivan
|-heal|p2a: Ivan|352\/352 tox
|move|p1a: Chansey|Seismic Toss|p2a: Ivan
|-damage|p2a: Ivan|252\/352 tox
|
|-heal|p2a: Ivan|296\/352 tox|[from] ability: Poison Heal
|turn|59
|
|move|p2a: Ivan|Toxic|p1a: Chansey
|-status|p1a: Chansey|tox
|move|p1a: Chansey|Seismic Toss|p2a: Ivan
|-damage|p2a: Ivan|196\/352 tox
|
|-heal|p2a: Ivan|240\/352 tox|[from] ability: Poison Heal
|-damage|p1a: Chansey|642\/684 tox|[from] psn
|turn|60
|
|move|p2a: Ivan|Earthquake|p1a: Chansey
|-damage|p1a: Chansey|492\/684 tox
|move|p1a: Chansey|Seismic Toss|p2a: Ivan
|-damage|p2a: Ivan|140\/352 tox
|
|-heal|p2a: Ivan|184\/352 tox|[from] ability: Poison Heal
|-damage|p1a: Chansey|408\/684 tox|[from] psn
|turn|61
|
|switch|p1a: Keldeo|Keldeo|323\/323
|move|p2a: Ivan|Taunt|p1a: Keldeo
|-start|p1a: Keldeo|move: Taunt
|
|-heal|p2a: Ivan|228\/352 tox|[from] ability: Poison Heal
|turn|62
|
|switch|p2a: Penelope|Amoonguss, F, shiny|432\/432
|-damage|p2a: Penelope|324\/432|[from] Spikes
|move|p1a: Keldeo|Scald|p2a: Penelope
|-resisted|p2a: Penelope
|-damage|p2a: Penelope|264\/432
|
|-heal|p2a: Penelope|291\/432|[from] item: Black Sludge
|turn|63
|
|switch|p1a: Venusaur|Venusaur-Mega, M|364\/364
|move|p2a: Penelope|Giga Drain|p1a: Venusaur
|-resisted|p1a: Venusaur
|-damage|p1a: Venusaur|348\/364
|-heal|p2a: Penelope|299\/432|[from] drain|[of] p1a: Venusaur
|
|-heal|p2a: Penelope|326\/432|[from] item: Black Sludge
|turn|64
|
|switch|p2a: Ivan|Gliscor, M|228\/352 tox
|move|p1a: Venusaur|Giga Drain|p2a: Ivan
|-damage|p2a: Ivan|92\/352 tox
|-heal|p1a: Venusaur|364\/364|[from] drain|[of] p2a: Ivan
|
|-heal|p2a: Ivan|136\/352 tox|[from] ability: Poison Heal
|turn|65
|
|switch|p2a: Penelope|Amoonguss, F, shiny|432\/432
|-damage|p2a: Penelope|324\/432|[from] Spikes
|move|p1a: Venusaur|Hidden Power|p2a: Penelope
|-supereffective|p2a: Penelope
|-damage|p2a: Penelope|234\/432
|
|-heal|p2a: Penelope|261\/432|[from] item: Black Sludge
|turn|66
|
|move|p1a: Venusaur|Hidden Power|p2a: Penelope
|-supereffective|p2a: Penelope
|-damage|p2a: Penelope|163\/432
|move|p2a: Penelope|Foul Play|p1a: Venusaur
|-crit|p1a: Venusaur
|-damage|p1a: Venusaur|310\/364
|
|-heal|p2a: Penelope|190\/432|[from] item: Black Sludge
|turn|67
|
|move|p1a: Venusaur|Hidden Power|p2a: Penelope
|-supereffective|p2a: Penelope
|-damage|p2a: Penelope|96\/432
|move|p2a: Penelope|Foul Play|p1a: Venusaur
|-damage|p1a: Venusaur|274\/364
|
|-heal|p2a: Penelope|123\/432|[from] item: Black Sludge
|turn|68
|
|switch|p2a: Ivan|Gliscor, M|136\/352 tox
|move|p1a: Venusaur|Giga Drain|p2a: Ivan
|-damage|p2a: Ivan|0 fnt
|-heal|p1a: Venusaur|342\/364|[from] drain|[of] p2a: Ivan
|faint|p2a: Ivan
|
|c|âmastermind15|gg
|c|âAka DH|gg
|-message|mastermind15 forfeited.
|
|win|Aka DH
|raw|Ladder updating...
|leave|mastermind15
|player|p2
|raw|Aka DH's rating: 1632 &rarr; <strong>1649<\/strong><br \/>(+17 for winning)
|raw|mastermind15's rating: 1573 &rarr; <strong>1556<\/strong><br \/>(-17 for losing)