|join|mastermind15
|join|UBERPYRO
|player|p1|mastermind15|33
|player|p2|UBERPYRO|151
|gametype|singles
|gen|6
|tier|OU
|clearpoke
|poke|p1|Slowbro, M, shiny
|poke|p1|Gliscor, M
|poke|p1|Amoonguss, F, shiny
|poke|p1|Tyranitar, M
|poke|p1|Zapdos
|poke|p1|Gardevoir, F, shiny
|poke|p2|Raikou
|poke|p2|Landorus-Therian, M
|poke|p2|Medicham, M
|poke|p2|Heatran, F
|poke|p2|Azumarill, M
|poke|p2|Latios, M
|rule|Swagger Clause: Swagger is banned
|rule|Baton Pass Clause: Limit one PokÃ©mon knowing Baton Pass
|rule|Sleep Clause Mod: Limit one foe put to sleep
|rule|Species Clause: Limit one of each PokÃ©mon
|rule|OHKO Clause: OHKO moves are banned
|rule|Moody Clause: Moody is banned
|rule|Evasion Moves Clause: Evasion moves are banned
|rule|Endless Battle Clause: Forcing endless battles is banned
|rule|HP Percentage Mod: HP is shown in percentages
|teampreview
|
|start
|switch|p1a: Penelope|Amoonguss, F, shiny|432\/432
|switch|p2a: Medicham|Medicham, M|261\/261
|turn|1
|
|switch|p1a: Bill|Slowbro, M, shiny|394\/394
|detailschange|p2a: Medicham|Medicham-Mega, M
|message|Medicham has Mega Evolved into Mega Medicham!
|move|p2a: Medicham|Substitute|p2a: Medicham
|-start|p2a: Medicham|Substitute
|-damage|p2a: Medicham|196\/261
|
|turn|2
|join|Gxry
|
|move|p2a: Medicham|Thunder Punch|p1a: Bill
|-supereffective|p1a: Bill
|-damage|p1a: Bill|178\/394
|move|p1a: Bill|Scald|p2a: Medicham
|-end|p2a: Medicham|Substitute
|
|turn|3
|
|switch|p1a: Ivan|Gliscor, M|352\/352
|move|p2a: Medicham|Substitute|p2a: Medicham
|-start|p2a: Medicham|Substitute
|-damage|p2a: Medicham|131\/261
|
|-status|p1a: Ivan|tox|[from] item: Toxic Orb
|turn|4
|
|switch|p1a: Bill|Slowbro, M, shiny|309\/394
|move|p2a: Medicham|Zen Headbutt|p1a: Bill
|-resisted|p1a: Bill
|-damage|p1a: Bill|226\/394
|
|turn|5
|
|switch|p1a: Ivan|Gliscor, M|352\/352 tox
|move|p2a: Medicham|High Jump Kick|p1a: Ivan
|-resisted|p1a: Ivan
|-damage|p1a: Ivan|211\/352 tox
|
|-heal|p1a: Ivan|255\/352 tox|[from] ability: Poison Heal
|turn|6
|
|switch|p1a: Bill|Slowbro, M, shiny|357\/394
|move|p2a: Medicham|Thunder Punch|p1a: Bill
|-supereffective|p1a: Bill
|-damage|p1a: Bill|141\/394
|
|turn|7
|c| Gxry|masterminds rank is really good lol
|leave|Gxry
|c|âUBERPYRO|I've been to the 1800s too
|c|âUBERPYRO|master's been like #1
|c|âUBERPYRO|yeah master has peaked #1 before
|
|move|p2a: Medicham|High Jump Kick|p1a: Bill
|-resisted|p1a: Bill
|-damage|p1a: Bill|0 fnt
|faint|p1a: Bill
|
|
|switch|p1a: Ivan|Gliscor, M|255\/352 tox
|turn|8
|c|âUBERPYRO|I have the potential to
|c|âUBERPYRO|but not the effort
|
|move|p2a: Medicham|High Jump Kick|p1a: Ivan
|-resisted|p1a: Ivan
|-damage|p1a: Ivan|127\/352 tox
|move|p1a: Ivan|Roost|p1a: Ivan
|-heal|p1a: Ivan|303\/352 tox
|
|-heal|p1a: Ivan|347\/352 tox|[from] ability: Poison Heal
|turn|9
|c|âmastermind15|i have, stopped playing on the ladder seriously after that
|
|switch|p2a: Heatran|Heatran, F|377\/377
|-item|p2a: Heatran|Air Balloon
|move|p1a: Ivan|Earthquake|p2a: Heatran
|-immune|p2a: Heatran|[msg]
|
|-heal|p1a: Ivan|352\/352 tox|[from] ability: Poison Heal
|turn|10
|c|âUBERPYRO|yeah
|c|âUBERPYRO|you have no reason to
|c|âUBERPYRO|its just cancer
|
|switch|p1a: Larry|Zapdos|383\/383
|-ability|p1a: Larry|Pressure
|move|p2a: Heatran|Stealth Rock|p1a: Larry
|-sidestart|p1: mastermind15|move: Stealth Rock
|
|turn|11
|
|switch|p2a: Latios|Latios, M|301\/301
|move|p1a: Larry|Defog|p2a: Latios
|-unboost|p2a: Latios|evasion|1
|-sideend|p1: mastermind15|Stealth Rock|[from] move: Defog|[of] p1a: Larry
|
|turn|12
|c|âmastermind15|that's exactly it, it just was so stressful lol and took so much time
|c|âUBERPYRO|once you get to #1
|c|âUBERPYRO|you've done it.
|c|âmastermind15|exactly
|c|âUBERPYRO|achievement complete
|
|move|p2a: Latios|Psyshock|p1a: Larry
|-damage|p1a: Larry|230\/383
|-damage|p2a: Latios|271\/301|[from] item: Life Orb
|move|p1a: Larry|Roost|p1a: Larry
|-heal|p1a: Larry|383\/383
|
|turn|13
|
|move|p2a: Latios|Draco Meteor|p1a: Larry
|-damage|p1a: Larry|75\/383
|-unboost|p2a: Latios|spa|2
|-damage|p2a: Latios|241\/301|[from] item: Life Orb
|move|p1a: Larry|Roost|p1a: Larry
|-heal|p1a: Larry|267\/383
|
|-heal|p1a: Larry|290\/383|[from] item: Leftovers
|turn|14
|c|âUBERPYRO|oh lol bad play by me
|
|switch|p2a: Heatran|Heatran, F|377\/377
|-item|p2a: Heatran|Air Balloon
|move|p1a: Larry|Roost|p1a: Larry
|-heal|p1a: Larry|383\/383
|
|turn|15
|c|âUBERPYRO|oh wait
|c|âUBERPYRO|I didn't click that
|
|switch|p2a: Latios|Latios, M|241\/301
|move|p1a: Larry|Thunderbolt|p2a: Latios
|-resisted|p2a: Latios
|-damage|p2a: Latios|179\/301
|
|turn|16
|
|switch|p2a: Medicham|Medicham-Mega, M|131\/261
|switch|p1a: Sam|Tyranitar, M|341\/341
|-weather|Sandstorm
|
|-weather|Sandstorm|[upkeep]
|-damage|p2a: Medicham|115\/261|[from] sandstorm
|turn|17
|
|switch|p1a: Ivan|Gliscor, M|352\/352 tox
|move|p2a: Medicham|High Jump Kick|p1a: Ivan
|-resisted|p1a: Ivan
|-damage|p1a: Ivan|211\/352 tox
|
|-weather|Sandstorm|[upkeep]
|-damage|p2a: Medicham|99\/261|[from] sandstorm
|-heal|p1a: Ivan|255\/352 tox|[from] ability: Poison Heal
|turn|18
|
|switch|p2a: Heatran|Heatran, F|377\/377
|-item|p2a: Heatran|Air Balloon
|move|p1a: Ivan|Earthquake|p2a: Heatran
|-immune|p2a: Heatran|[msg]
|
|-weather|Sandstorm|[upkeep]
|-heal|p1a: Ivan|299\/352 tox|[from] ability: Poison Heal
|turn|19
|
|switch|p1a: Larry|Zapdos|383\/383
|-ability|p1a: Larry|Pressure
|move|p2a: Heatran|Stealth Rock|p1a: Larry
|-sidestart|p1: mastermind15|move: Stealth Rock
|
|-weather|Sandstorm|[upkeep]
|-damage|p1a: Larry|360\/383|[from] sandstorm
|-heal|p1a: Larry|383\/383|[from] item: Leftovers
|turn|20
|c|âUBERPYRO|can't break this
|c|âmastermind15|lol
|
|move|p1a: Larry|Defog|p2a: Heatran
|-unboost|p2a: Heatran|evasion|1
|-sideend|p1: mastermind15|Stealth Rock|[from] move: Defog|[of] p1a: Larry
|move|p2a: Heatran|Taunt|p1a: Larry
|-start|p1a: Larry|move: Taunt
|
|-weather|none
|turn|21
|
|move|p1a: Larry|Thunderbolt|p2a: Heatran
|-damage|p2a: Heatran|236\/377
|-enditem|p2a: Heatran|Air Balloon
|move|p2a: Heatran|Stealth Rock|p1a: Larry
|-sidestart|p1: mastermind15|move: Stealth Rock
|
|turn|22
|c|âUBERPYRO|this lag
|
|switch|p1a: Sam|Tyranitar, M|341\/341
|-damage|p1a: Sam|299\/341|[from] Stealth Rock
|-weather|Sandstorm
|switch|p2a: Raikou|Raikou|321\/321
|-ability|p2a: Raikou|Pressure
|
|-weather|Sandstorm|[upkeep]
|-damage|p2a: Raikou|301\/321|[from] sandstorm
|turn|23
|
|move|p2a: Raikou|Volt Switch|p1a: Sam
|-crit|p1a: Sam
|-damage|p1a: Sam|215\/341
|c|âUBERPYRO|np pursuit
|c|âUBERPYRO|or
|c|âUBERPYRO|is it when I switch
|
|move|p1a: Sam|Pursuit|p2a: Raikou|[from]Pursuit
|-damage|p2a: Raikou|103\/321
|switch|p2a: Medicham|Medicham-Mega, M|99\/261
|
|-weather|Sandstorm|[upkeep]
|-damage|p2a: Medicham|83\/261|[from] sandstorm
|turn|24
|c|âUBERPYRO|yes yes it is
|
|switch|p2a: Latios|Latios, M|179\/301
|switch|p1a: Ivan|Gliscor, M|299\/352 tox
|-damage|p1a: Ivan|255\/352 tox|[from] Stealth Rock
|
|-weather|Sandstorm|[upkeep]
|-damage|p2a: Latios|161\/301|[from] sandstorm
|-heal|p1a: Ivan|299\/352 tox|[from] ability: Poison Heal
|turn|25
|
|switch|p1a: Sam|Tyranitar, M|215\/341
|-damage|p1a: Sam|173\/341|[from] Stealth Rock
|move|p2a: Latios|Earthquake|p1a: Sam
|-supereffective|p1a: Sam
|-damage|p1a: Sam|0 fnt
|-damage|p2a: Latios|131\/301|[from] item: Life Orb
|faint|p1a: Sam
|
|-weather|Sandstorm|[upkeep]
|-damage|p2a: Latios|113\/301|[from] sandstorm
|
|switch|p1a: Elizabeth|Gardevoir, F, shiny|277\/277
|-damage|p1a: Elizabeth|243\/277|[from] Stealth Rock
|turn|26
|
|switch|p2a: Medicham|Medicham-Mega, M|83\/261
|detailschange|p1a: Elizabeth|Gardevoir-Mega, F, shiny
|message|Gardevoir has Mega Evolved into Mega Gardevoir!
|move|p1a: Elizabeth|Hyper Voice|p2a: Medicham
|-crit|p2a: Medicham
|-supereffective|p2a: Medicham
|-damage|p2a: Medicham|0 fnt
|faint|p2a: Medicham
|
|-weather|none
|
|switch|p2a: Landorus-Therian|Landorus-Therian, M|319\/319
|-ability|p2a: Landorus-Therian|Intimidate|[of] p1a: Elizabeth
|-unboost|p1a: Elizabeth|atk|1
|turn|27
|c|âUBERPYRO|I think
|c|âUBERPYRO|I got this
|
|switch|p1a: Ivan|Gliscor, M|299\/352 tox
|-damage|p1a: Ivan|255\/352 tox|[from] Stealth Rock
|move|p2a: Landorus-Therian|U-turn|p1a: Ivan
|-resisted|p1a: Ivan
|-damage|p1a: Ivan|226\/352 tox
|
|switch|p2a: Latios|Latios, M|113\/301
|
|-heal|p1a: Ivan|270\/352 tox|[from] ability: Poison Heal
|turn|28
|
|move|p2a: Latios|Draco Meteor|p1a: Ivan
|-crit|p1a: Ivan
|-damage|p1a: Ivan|0 fnt
|-unboost|p2a: Latios|spa|2
|-damage|p2a: Latios|83\/301|[from] item: Life Orb
|faint|p1a: Ivan
|
|c|âUBERPYRO|oof
|c|âUBERPYRO|did that matter?
|
|switch|p1a: Larry|Zapdos|383\/383
|-damage|p1a: Larry|288\/383|[from] Stealth Rock
|-ability|p1a: Larry|Pressure
|turn|29
|c|âmastermind15|i don't think so
|
|switch|p2a: Heatran|Heatran, F|236\/377
|move|p1a: Larry|Defog|p2a: Heatran
|-unboost|p2a: Heatran|evasion|1
|-sideend|p1: mastermind15|Stealth Rock|[from] move: Defog|[of] p1a: Larry
|
|-heal|p1a: Larry|311\/383|[from] item: Leftovers
|turn|30
|
|switch|p1a: Elizabeth|Gardevoir-Mega, F, shiny|243\/277
|move|p2a: Heatran|Stealth Rock|p1a: Elizabeth
|-sidestart|p1: mastermind15|move: Stealth Rock
|
|turn|31
|
|switch|p2a: Raikou|Raikou|103\/321
|-ability|p2a: Raikou|Pressure
|move|p1a: Elizabeth|Substitute|p1a: Elizabeth
|-start|p1a: Elizabeth|Substitute
|-damage|p1a: Elizabeth|174\/277
|
|turn|32
|
|move|p2a: Raikou|Shadow Ball|p1a: Elizabeth
|-supereffective|p1a: Elizabeth
|-end|p1a: Elizabeth|Substitute
|move|p1a: Elizabeth|Hyper Voice|p2a: Raikou
|-damage|p2a: Raikou|0 fnt
|faint|p2a: Raikou
|
|c|âUBERPYRO|calc
|c|âUBERPYRO|brb
|
|switch|p2a: Landorus-Therian|Landorus-Therian, M|319\/319
|-ability|p2a: Landorus-Therian|Intimidate|[of] p1a: Elizabeth
|-unboost|p1a: Elizabeth|atk|1
|turn|33
|
|move|p2a: Landorus-Therian|U-turn|p1a: Elizabeth
|-damage|p1a: Elizabeth|53\/277
|
|switch|p2a: Azumarill|Azumarill, M|401\/401
|move|p1a: Elizabeth|Hyper Voice|p2a: Azumarill
|-damage|p2a: Azumarill|208\/401
|
|turn|34
|c|âUBERPYRO|wow
|
|switch|p1a: Penelope|Amoonguss, F, shiny|432\/432
|-damage|p1a: Penelope|378\/432|[from] Stealth Rock
|move|p2a: Azumarill|Knock Off|p1a: Penelope
|-damage|p1a: Penelope|192\/432
|-enditem|p1a: Penelope|Black Sludge|[from] move: Knock Off|[of] p2a: Azumarill
|
|turn|35
|
|move|p2a: Azumarill|Play Rough|p1a: Penelope
|-resisted|p1a: Penelope
|-damage|p1a: Penelope|75\/432
|move|p1a: Penelope|Spore|p2a: Azumarill
|-status|p2a: Azumarill|slp
|
|turn|36
|
|switch|p2a: Heatran|Heatran, F|236\/377
|switch|p1a: Larry|Zapdos|311\/383
|-damage|p1a: Larry|216\/383|[from] Stealth Rock
|-ability|p1a: Larry|Pressure
|
|-heal|p1a: Larry|239\/383|[from] item: Leftovers
|turn|37
|
|move|p1a: Larry|Defog|p2a: Heatran
|-unboost|p2a: Heatran|evasion|1
|-sideend|p1: mastermind15|Stealth Rock|[from] move: Defog|[of] p1a: Larry
|move|p2a: Heatran|Taunt|p1a: Larry
|-start|p1a: Larry|move: Taunt
|
|-heal|p1a: Larry|262\/383|[from] item: Leftovers
|turn|38
|
|move|p1a: Larry|Thunderbolt|p2a: Heatran
|-crit|p2a: Heatran
|-damage|p2a: Heatran|47\/377
|-status|p2a: Heatran|par
|move|p2a: Heatran|Stealth Rock|p1a: Larry
|-sidestart|p1: mastermind15|move: Stealth Rock
|
|-heal|p1a: Larry|285\/383|[from] item: Leftovers
|turn|39
|c|âUBERPYRO|If I para'd there
|
|switch|p2a: Latios|Latios, M|83\/301
|move|p1a: Larry|Thunderbolt|p2a: Latios
|-resisted|p2a: Latios
|-damage|p2a: Latios|25\/301
|
|-heal|p1a: Larry|308\/383|[from] item: Leftovers
|turn|40
|
|switch|p1a: Elizabeth|Gardevoir-Mega, F, shiny|53\/277
|-damage|p1a: Elizabeth|19\/277|[from] Stealth Rock
|move|p2a: Latios|Draco Meteor|p1a: Elizabeth
|-immune|p1a: Elizabeth|[msg]
|
|turn|41
|
|switch|p2a: Heatran|Heatran, F|47\/377 par
|move|p1a: Elizabeth|Hyper Voice|p2a: Heatran
|-resisted|p2a: Heatran
|-damage|p2a: Heatran|0 fnt
|faint|p2a: Heatran
|
|
|switch|p2a: Landorus-Therian|Landorus-Therian, M|319\/319
|-ability|p2a: Landorus-Therian|Intimidate|[of] p1a: Elizabeth
|-unboost|p1a: Elizabeth|atk|1
|turn|42
|
|switch|p1a: Penelope|Amoonguss, F, shiny|219\/432
|-damage|p1a: Penelope|165\/432|[from] Stealth Rock
|move|p2a: Landorus-Therian|U-turn|p1a: Penelope
|-damage|p1a: Penelope|54\/432
|
|switch|p2a: Azumarill|Azumarill, M|208\/401 slp
|
|turn|43
|
|switch|p2a: Landorus-Therian|Landorus-Therian, M|319\/319
|-ability|p2a: Landorus-Therian|Intimidate|[of] p1a: Penelope
|-unboost|p1a: Penelope|atk|1
|switch|p1a: Larry|Zapdos|308\/383
|-damage|p1a: Larry|213\/383|[from] Stealth Rock
|-ability|p1a: Larry|Pressure
|
|-heal|p1a: Larry|236\/383|[from] item: Leftovers
|turn|44
|
|move|p2a: Landorus-Therian|Stone Edge|p1a: Larry
|-supereffective|p1a: Larry
|-damage|p1a: Larry|10\/383
|move|p1a: Larry|Roost|p1a: Larry
|-heal|p1a: Larry|202\/383
|
|-heal|p1a: Larry|225\/383|[from] item: Leftovers
|turn|45
|c|âUBERPYRO|NOOO
|c|âUBERPYRO|oh
|c|âUBERPYRO|wait
|
|move|p2a: Landorus-Therian|Stone Edge|p1a: Larry
|-crit|p1a: Larry
|-supereffective|p1a: Larry
|-damage|p1a: Larry|0 fnt
|faint|p1a: Larry
|
|c|âUBERPYRO|lol
|c|âUBERPYRO|gg
|
|switch|p1a: Penelope|Amoonguss, F, shiny|198\/432
|-damage|p1a: Penelope|144\/432|[from] Stealth Rock
|turn|46
|c|âmastermind15|gg
|
|switch|p2a: Azumarill|Azumarill, M|208\/401 slp
|move|p1a: Penelope|Giga Drain|p2a: Azumarill
|-supereffective|p2a: Azumarill
|-damage|p2a: Azumarill|76\/401 slp
|-heal|p1a: Penelope|210\/432|[from] drain|[of] p2a: Azumarill
|
|turn|47
|c|âUBERPYRO|lati wins
|
|cant|p2a: Azumarill|slp
|move|p1a: Penelope|Giga Drain|p2a: Azumarill
|-supereffective|p2a: Azumarill
|-damage|p2a: Azumarill|0 fnt
|-heal|p1a: Penelope|248\/432|[from] drain|[of] p2a: Azumarill
|faint|p2a: Azumarill
|
|
|switch|p2a: Latios|Latios, M|25\/301
|turn|48
|
|move|p2a: Latios|Psyshock|p1a: Penelope
|-supereffective|p1a: Penelope
|-damage|p1a: Penelope|0 fnt
|-damage|p2a: Latios|0 fnt|[from] item: Life Orb
|faint|p1a: Penelope
|faint|p2a: Latios
|
|
|switch|p2a: Landorus-Therian|Landorus-Therian, M|319\/319
|switch|p1a: Elizabeth|Gardevoir-Mega, F, shiny|19\/277
|-damage|p1a: Elizabeth|0 fnt|[from] Stealth Rock
|faint|p1a: Elizabeth
|
|win|UBERPYRO
|c|âUBERPYRO|gg
|c|âmastermind15|gg
|leave|mastermind15
|player|p1
|c|âUBERPYRO|I would have gonnen regen health but w\/e