|join|mastermind15
|join|J. Marshall
|player|p1|mastermind15|33
|player|p2|J. Marshall|28
|gametype|singles
|gen|6
|tier|OU
|rated
|clearpoke
|poke|p1|Slowbro, M, shiny
|poke|p1|Gliscor, M
|poke|p1|Amoonguss, F, shiny
|poke|p1|Tyranitar, M
|poke|p1|Zapdos
|poke|p1|Gardevoir, F, shiny
|poke|p2|Talonflame, F
|poke|p2|Amoonguss, M
|poke|p2|Gardevoir, F
|poke|p2|Rotom-Wash
|poke|p2|Excadrill, F
|poke|p2|Tyranitar, F
|rule|Swagger Clause: Swagger is banned
|rule|Baton Pass Clause: Limit one PokÃ©mon knowing Baton Pass
|rule|Sleep Clause Mod: Limit one foe put to sleep
|rule|Species Clause: Limit one of each PokÃ©mon
|rule|OHKO Clause: OHKO moves are banned
|rule|Moody Clause: Moody is banned
|rule|Evasion Moves Clause: Evasion moves are banned
|rule|Endless Battle Clause: Forcing endless battles is banned
|rule|HP Percentage Mod: HP is shown in percentages
|teampreview
|
|start
|switch|p1a: Penelope|Amoonguss, F, shiny|432\/432
|switch|p2a: Tyranitar|Tyranitar, F|404\/404
|-weather|Sandstorm
|turn|1
|
|move|p2a: Tyranitar|Stealth Rock|p1a: Penelope
|-sidestart|p1: mastermind15|move: Stealth Rock
|move|p1a: Penelope|Spore|p2a: Tyranitar
|-status|p2a: Tyranitar|slp
|-enditem|p2a: Tyranitar|Lum Berry|[eat]
|-curestatus|p2a: Tyranitar|slp
|
|-weather|Sandstorm|[upkeep]
|-damage|p1a: Penelope|405\/432|[from] sandstorm
|-heal|p1a: Penelope|432\/432|[from] item: Black Sludge
|turn|2
|
|switch|p2a: Amoonguss|Amoonguss, M|432\/432
|switch|p1a: Ivan|Gliscor, M|352\/352
|-damage|p1a: Ivan|308\/352|[from] Stealth Rock
|
|-weather|Sandstorm|[upkeep]
|-damage|p2a: Amoonguss|405\/432|[from] sandstorm
|-heal|p2a: Amoonguss|432\/432|[from] item: Black Sludge
|-status|p1a: Ivan|tox|[from] item: Toxic Orb
|turn|3
|
|move|p1a: Ivan|Taunt|p2a: Amoonguss
|-start|p2a: Amoonguss|move: Taunt
|move|p2a: Amoonguss|Sludge Bomb|p1a: Ivan
|-resisted|p1a: Ivan
|-damage|p1a: Ivan|251\/352 tox
|
|-weather|Sandstorm|[upkeep]
|-damage|p2a: Amoonguss|405\/432|[from] sandstorm
|-heal|p2a: Amoonguss|432\/432|[from] item: Black Sludge
|-heal|p1a: Ivan|295\/352 tox|[from] ability: Poison Heal
|turn|4
|
|switch|p1a: Chase|Zapdos|383\/383
|-damage|p1a: Chase|288\/383|[from] Stealth Rock
|-ability|p1a: Chase|Pressure
|move|p2a: Amoonguss|Giga Drain|p1a: Chase
|-resisted|p1a: Chase
|-damage|p1a: Chase|244\/383
|
|-weather|Sandstorm|[upkeep]
|-damage|p1a: Chase|221\/383|[from] sandstorm
|-damage|p2a: Amoonguss|405\/432|[from] sandstorm
|-heal|p1a: Chase|244\/383|[from] item: Leftovers
|-heal|p2a: Amoonguss|432\/432|[from] item: Black Sludge
|turn|5
|
|move|p1a: Chase|Defog|p2a: Amoonguss
|-unboost|p2a: Amoonguss|evasion|1
|-sideend|p1: mastermind15|Stealth Rock|[from] move: Defog|[of] p1a: Chase
|move|p2a: Amoonguss|Sludge Bomb|p1a: Chase
|-damage|p1a: Chase|142\/383
|-status|p1a: Chase|psn
|
|-weather|none
|-heal|p1a: Chase|165\/383 psn|[from] item: Leftovers
|-damage|p1a: Chase|118\/383 psn|[from] psn
|-end|p2a: Amoonguss|move: Taunt
|turn|6
|
|switch|p2a: Gardevoir|Gardevoir, F|278\/278
|-ability|p2a: Gardevoir|Pressure|[from] ability: Trace|[of] p1a: Chase
|-ability|p2a: Gardevoir|Pressure
|move|p1a: Chase|Roost|p1a: Chase
|-heal|p1a: Chase|310\/383 psn
|
|-heal|p1a: Chase|333\/383 psn|[from] item: Leftovers
|-damage|p1a: Chase|286\/383 psn|[from] psn
|turn|7
|
|switch|p1a: Penelope|Amoonguss, F, shiny|432\/432
|detailschange|p2a: Gardevoir|Gardevoir-Mega, F
|message|Gardevoir has Mega Evolved into Mega Gardevoir!
|move|p2a: Gardevoir|Hyper Voice|p1a: Penelope
|-resisted|p1a: Penelope
|-damage|p1a: Penelope|327\/432
|
|-heal|p1a: Penelope|354\/432|[from] item: Black Sludge
|turn|8
|
|switch|p2a: Amoonguss|Amoonguss, M|432\/432
|switch|p1a: Sam|Tyranitar, M|341\/341
|-weather|Sandstorm
|
|-weather|Sandstorm|[upkeep]
|-damage|p2a: Amoonguss|405\/432|[from] sandstorm
|-heal|p2a: Amoonguss|432\/432|[from] item: Black Sludge
|turn|9
|
|switch|p1a: Chase|Zapdos|286\/383 psn
|-ability|p1a: Chase|Pressure
|move|p2a: Amoonguss|Spore|p1a: Chase
|-fail|p1a: Chase
|
|-weather|Sandstorm|[upkeep]
|-damage|p1a: Chase|263\/383 psn|[from] sandstorm
|-damage|p2a: Amoonguss|405\/432|[from] sandstorm
|-heal|p1a: Chase|286\/383 psn|[from] item: Leftovers
|-heal|p2a: Amoonguss|432\/432|[from] item: Black Sludge
|-damage|p1a: Chase|239\/383 psn|[from] psn
|turn|10
|
|switch|p2a: Tyranitar|Tyranitar, F|404\/404
|move|p1a: Chase|Roost|p1a: Chase
|-heal|p1a: Chase|383\/383 psn
|
|-weather|Sandstorm|[upkeep]
|-damage|p1a: Chase|360\/383 psn|[from] sandstorm
|-heal|p1a: Chase|383\/383 psn|[from] item: Leftovers
|-damage|p1a: Chase|336\/383 psn|[from] psn
|turn|11
|
|switch|p1a: Sam|Tyranitar, M|341\/341
|move|p2a: Tyranitar|Stealth Rock|p1a: Sam
|-sidestart|p1: mastermind15|move: Stealth Rock
|
|-weather|Sandstorm|[upkeep]
|turn|12
|
|switch|p1a: Chase|Zapdos|336\/383 psn
|-damage|p1a: Chase|241\/383 psn|[from] Stealth Rock
|-ability|p1a: Chase|Pressure
|move|p2a: Tyranitar|Superpower|p1a: Chase
|-resisted|p1a: Chase
|-damage|p1a: Chase|186\/383 psn
|-unboost|p2a: Tyranitar|atk|1
|-unboost|p2a: Tyranitar|def|1
|
|-weather|none
|-heal|p1a: Chase|209\/383 psn|[from] item: Leftovers
|-damage|p1a: Chase|162\/383 psn|[from] psn
|turn|13
|
|switch|p2a: Gardevoir|Gardevoir-Mega, F|278\/278
|move|p1a: Chase|Defog|p2a: Gardevoir
|-unboost|p2a: Gardevoir|evasion|1
|-sideend|p1: mastermind15|Stealth Rock|[from] move: Defog|[of] p1a: Chase
|
|-heal|p1a: Chase|185\/383 psn|[from] item: Leftovers
|-damage|p1a: Chase|138\/383 psn|[from] psn
|turn|14
|
|switch|p1a: Bill|Slowbro, M, shiny|394\/394
|move|p2a: Gardevoir|Substitute|p2a: Gardevoir
|-start|p2a: Gardevoir|Substitute
|-damage|p2a: Gardevoir|209\/278
|
|turn|15
|
|move|p2a: Gardevoir|Shadow Ball|p1a: Bill
|-supereffective|p1a: Bill
|-damage|p1a: Bill|212\/394
|move|p1a: Bill|Scald|p2a: Gardevoir
|-end|p2a: Gardevoir|Substitute
|
|turn|16
|
|switch|p1a: Sam|Tyranitar, M|341\/341
|-weather|Sandstorm
|move|p2a: Gardevoir|Hyper Voice|p1a: Sam
|-supereffective|p1a: Sam
|-damage|p1a: Sam|183\/341
|
|-weather|Sandstorm|[upkeep]
|-damage|p2a: Gardevoir|192\/278|[from] sandstorm
|turn|17
|
|move|p1a: Sam|Pursuit|p2a: Gardevoir|[from]Pursuit
|-damage|p2a: Gardevoir|0 fnt
|faint|p2a: Gardevoir
|
|-weather|Sandstorm|[upkeep]
|
|switch|p2a: Excadrill|Excadrill, F|362\/362
|-ability|p2a: Excadrill|Mold Breaker
|-item|p2a: Excadrill|Air Balloon
|turn|18
|
|switch|p2a: Rotom-Wash|Rotom-Wash|304\/304
|switch|p1a: Bill|Slowbro, M, shiny|343\/394
|
|-weather|Sandstorm|[upkeep]
|-damage|p2a: Rotom-Wash|285\/304|[from] sandstorm
|-damage|p1a: Bill|319\/394|[from] sandstorm
|-heal|p2a: Rotom-Wash|304\/304|[from] item: Leftovers
|turn|19
|
|switch|p1a: Penelope|Amoonguss, F, shiny|432\/432
|move|p2a: Rotom-Wash|Will-O-Wisp|p1a: Penelope
|-status|p1a: Penelope|brn
|
|-weather|Sandstorm|[upkeep]
|-damage|p2a: Rotom-Wash|285\/304|[from] sandstorm
|-damage|p1a: Penelope|405\/432 brn|[from] sandstorm
|-heal|p2a: Rotom-Wash|304\/304|[from] item: Leftovers
|-heal|p1a: Penelope|432\/432 brn|[from] item: Black Sludge
|-damage|p1a: Penelope|378\/432 brn|[from] brn
|turn|20
|
|switch|p2a: Amoonguss|Amoonguss, M|432\/432
|move|p1a: Penelope|Spore|p2a: Amoonguss
|-fail|p2a: Amoonguss
|
|-weather|none
|-heal|p1a: Penelope|405\/432 brn|[from] item: Black Sludge
|-damage|p1a: Penelope|351\/432 brn|[from] brn
|turn|21
|
|switch|p1a: Ivan|Gliscor, M|295\/352 tox
|move|p2a: Amoonguss|Sludge Bomb|p1a: Ivan
|-resisted|p1a: Ivan
|-damage|p1a: Ivan|235\/352 tox
|
|-heal|p1a: Ivan|279\/352 tox|[from] ability: Poison Heal
|turn|22
|
|move|p1a: Ivan|Earthquake|p2a: Amoonguss
|-damage|p2a: Amoonguss|324\/432
|move|p2a: Amoonguss|Giga Drain|p1a: Ivan
|-damage|p1a: Ivan|183\/352 tox
|-heal|p2a: Amoonguss|372\/432|[from] drain|[of] p1a: Ivan
|
|-heal|p2a: Amoonguss|399\/432|[from] item: Black Sludge
|-heal|p1a: Ivan|227\/352 tox|[from] ability: Poison Heal
|turn|23
|
|switch|p1a: Chase|Zapdos|138\/383 psn
|-ability|p1a: Chase|Pressure
|move|p2a: Amoonguss|Giga Drain|p1a: Chase
|-resisted|p1a: Chase
|-damage|p1a: Chase|97\/383 psn
|-heal|p2a: Amoonguss|420\/432|[from] drain|[of] p1a: Chase
|
|-heal|p1a: Chase|120\/383 psn|[from] item: Leftovers
|-heal|p2a: Amoonguss|432\/432|[from] item: Black Sludge
|-damage|p1a: Chase|73\/383 psn|[from] psn
|turn|24
|
|switch|p2a: Tyranitar|Tyranitar, F|404\/404
|-weather|Sandstorm
|move|p1a: Chase|Roost|p1a: Chase
|-heal|p1a: Chase|265\/383 psn
|
|-weather|Sandstorm|[upkeep]
|-damage|p1a: Chase|242\/383 psn|[from] sandstorm
|-heal|p1a: Chase|265\/383 psn|[from] item: Leftovers
|-damage|p1a: Chase|218\/383 psn|[from] psn
|turn|25
|
|move|p1a: Chase|Roost|p1a: Chase
|-heal|p1a: Chase|383\/383 psn
|move|p2a: Tyranitar|Stealth Rock|p1a: Chase
|-sidestart|p1: mastermind15|move: Stealth Rock
|
|-weather|Sandstorm|[upkeep]
|-damage|p1a: Chase|360\/383 psn|[from] sandstorm
|-heal|p1a: Chase|383\/383 psn|[from] item: Leftovers
|-damage|p1a: Chase|336\/383 psn|[from] psn
|turn|26
|
|move|p1a: Chase|Defog|p2a: Tyranitar
|-unboost|p2a: Tyranitar|evasion|1
|-sideend|p1: mastermind15|Stealth Rock|[from] move: Defog|[of] p1a: Chase
|move|p2a: Tyranitar|Stone Edge|p1a: Chase
|-supereffective|p1a: Chase
|-damage|p1a: Chase|78\/383 psn
|
|-weather|Sandstorm|[upkeep]
|-damage|p1a: Chase|55\/383 psn|[from] sandstorm
|-heal|p1a: Chase|78\/383 psn|[from] item: Leftovers
|-damage|p1a: Chase|31\/383 psn|[from] psn
|turn|27
|
|switch|p1a: Elizabeth|Gardevoir, F, shiny|277\/277
|move|p2a: Tyranitar|Stone Edge|p1a: Elizabeth
|-damage|p1a: Elizabeth|73\/277
|
|-weather|Sandstorm|[upkeep]
|-damage|p1a: Elizabeth|56\/277|[from] sandstorm
|turn|28
|
|detailschange|p1a: Elizabeth|Gardevoir-Mega, F, shiny
|message|Gardevoir has Mega Evolved into Mega Gardevoir!
|move|p1a: Elizabeth|Focus Blast|p2a: Tyranitar
|-supereffective|p2a: Tyranitar
|-damage|p2a: Tyranitar|84\/404
|move|p2a: Tyranitar|Pursuit|p1a: Elizabeth
|-damage|p1a: Elizabeth|0 fnt
|faint|p1a: Elizabeth
|
|-weather|none
|
|switch|p1a: Bill|Slowbro, M, shiny|394\/394
|turn|29
|
|move|p2a: Tyranitar|Stealth Rock|p1a: Bill
|-sidestart|p1: mastermind15|move: Stealth Rock
|move|p1a: Bill|Scald|p2a: Tyranitar
|-supereffective|p2a: Tyranitar
|-damage|p2a: Tyranitar|0 fnt
|faint|p2a: Tyranitar
|
|
|switch|p2a: Talonflame|Talonflame, F|297\/297
|turn|30
|
|move|p2a: Talonflame|U-turn|p1a: Bill
|-supereffective|p1a: Bill
|-damage|p1a: Bill|270\/394
|
|switch|p2a: Rotom-Wash|Rotom-Wash|304\/304
|move|p1a: Bill|Scald|p2a: Rotom-Wash
|-resisted|p2a: Rotom-Wash
|-damage|p2a: Rotom-Wash|259\/304
|
|-heal|p2a: Rotom-Wash|278\/304|[from] item: Leftovers
|turn|31
|
|move|p2a: Rotom-Wash|Volt Switch|p1a: Bill
|-supereffective|p1a: Bill
|-damage|p1a: Bill|132\/394
|
|switch|p2a: Amoonguss|Amoonguss, M|432\/432
|move|p1a: Bill|Scald|p2a: Amoonguss
|-resisted|p2a: Amoonguss
|-damage|p2a: Amoonguss|378\/432
|
|-heal|p2a: Amoonguss|405\/432|[from] item: Black Sludge
|turn|32
|
|switch|p1a: Penelope|Amoonguss, F, shiny|432\/432 brn
|-damage|p1a: Penelope|378\/432 brn|[from] Stealth Rock
|move|p2a: Amoonguss|Sludge Bomb|p1a: Penelope
|-damage|p1a: Penelope|299\/432 brn
|
|-heal|p1a: Penelope|326\/432 brn|[from] item: Black Sludge
|-heal|p2a: Amoonguss|432\/432|[from] item: Black Sludge
|-damage|p1a: Penelope|272\/432 brn|[from] brn
|turn|33
|
|switch|p1a: Ivan|Gliscor, M|227\/352 tox
|-damage|p1a: Ivan|183\/352 tox|[from] Stealth Rock
|move|p2a: Amoonguss|Sludge Bomb|p1a: Ivan
|-resisted|p1a: Ivan
|-damage|p1a: Ivan|120\/352 tox
|
|-heal|p1a: Ivan|164\/352 tox|[from] ability: Poison Heal
|turn|34
|
|switch|p2a: Excadrill|Excadrill, F|362\/362
|-ability|p2a: Excadrill|Mold Breaker
|-item|p2a: Excadrill|Air Balloon
|move|p1a: Ivan|Roost|p1a: Ivan
|-heal|p1a: Ivan|340\/352 tox
|
|-heal|p1a: Ivan|352\/352 tox|[from] ability: Poison Heal
|turn|35
|
|switch|p2a: Rotom-Wash|Rotom-Wash|278\/304
|switch|p1a: Chase|Zapdos|31\/383 psn
|-damage|p1a: Chase|0 fnt|[from] Stealth Rock
|faint|p1a: Chase
|
|-heal|p2a: Rotom-Wash|297\/304|[from] item: Leftovers
|
|switch|p1a: Bill|Slowbro, M, shiny|263\/394
|-damage|p1a: Bill|214\/394|[from] Stealth Rock
|turn|36
|
|switch|p1a: Ivan|Gliscor, M|352\/352 tox
|-damage|p1a: Ivan|308\/352 tox|[from] Stealth Rock
|move|p2a: Rotom-Wash|Will-O-Wisp|p1a: Ivan
|-fail|p1a: Ivan
|
|-heal|p2a: Rotom-Wash|304\/304|[from] item: Leftovers
|-heal|p1a: Ivan|352\/352 tox|[from] ability: Poison Heal
|turn|37
|
|switch|p1a: Penelope|Amoonguss, F, shiny|416\/432 brn
|-damage|p1a: Penelope|362\/432 brn|[from] Stealth Rock
|move|p2a: Rotom-Wash|Hydro Pump|p1a: Penelope
|-resisted|p1a: Penelope
|-damage|p1a: Penelope|302\/432 brn
|
|-heal|p1a: Penelope|329\/432 brn|[from] item: Black Sludge
|-damage|p1a: Penelope|275\/432 brn|[from] brn
|turn|38
|
|switch|p2a: Amoonguss|Amoonguss, M|432\/432
|move|p1a: Penelope|Giga Drain|p2a: Amoonguss
|-resisted|p2a: Amoonguss
|-damage|p2a: Amoonguss|409\/432
|-heal|p1a: Penelope|287\/432 brn|[from] drain|[of] p2a: Amoonguss
|
|-heal|p1a: Penelope|314\/432 brn|[from] item: Black Sludge
|-heal|p2a: Amoonguss|432\/432|[from] item: Black Sludge
|-damage|p1a: Penelope|260\/432 brn|[from] brn
|turn|39
|
|switch|p1a: Ivan|Gliscor, M|352\/352 tox
|-damage|p1a: Ivan|308\/352 tox|[from] Stealth Rock
|move|p2a: Amoonguss|Sludge Bomb|p1a: Ivan
|-resisted|p1a: Ivan
|-damage|p1a: Ivan|245\/352 tox
|
|-heal|p1a: Ivan|289\/352 tox|[from] ability: Poison Heal
|turn|40
|
|switch|p2a: Rotom-Wash|Rotom-Wash|304\/304
|move|p1a: Ivan|Taunt|p2a: Rotom-Wash
|-start|p2a: Rotom-Wash|move: Taunt
|
|-heal|p1a: Ivan|333\/352 tox|[from] ability: Poison Heal
|turn|41
|
|switch|p1a: Penelope|Amoonguss, F, shiny|404\/432 brn
|-damage|p1a: Penelope|350\/432 brn|[from] Stealth Rock
|switch|p2a: Talonflame|Talonflame, F|297\/297
|
|-heal|p1a: Penelope|377\/432 brn|[from] item: Black Sludge
|-damage|p1a: Penelope|323\/432 brn|[from] brn
|turn|42
|
|switch|p1a: Bill|Slowbro, M, shiny|345\/394
|-damage|p1a: Bill|296\/394|[from] Stealth Rock
|move|p2a: Talonflame|U-turn|p1a: Bill
|-supereffective|p1a: Bill
|-damage|p1a: Bill|148\/394
|
|switch|p2a: Rotom-Wash|Rotom-Wash|304\/304
|
|turn|43
|
|switch|p1a: Ivan|Gliscor, M|333\/352 tox
|-damage|p1a: Ivan|289\/352 tox|[from] Stealth Rock
|move|p2a: Rotom-Wash|Hydro Pump|p1a: Ivan
|-supereffective|p1a: Ivan
|-damage|p1a: Ivan|0 fnt
|faint|p1a: Ivan
|
|-message|mastermind15 forfeited.
|
|win|J. Marshall
|raw|Ladder updating...
|leave|mastermind15
|player|p1
|raw|mastermind15's rating: 1851 &rarr; <strong>1825<\/strong><br \/>(-26 for losing)
|raw|J. Marshall's rating: 1750 &rarr; <strong>1775<\/strong><br \/>(+25 for winning)