|join|UBERPYRO
|join|mastermind15
|player|p1|UBERPYRO|151
|player|p2|mastermind15|33
|gametype|singles
|gen|6
|tier|OU
|clearpoke
|poke|p1|Manectric, M
|poke|p1|Greninja, M
|poke|p1|Heatran, M
|poke|p1|Landorus-Therian, M
|poke|p1|Kyurem-Black
|poke|p1|Latios, M
|poke|p2|Slowbro, M, shiny
|poke|p2|Gliscor, M
|poke|p2|Amoonguss, F, shiny
|poke|p2|Tyranitar, M
|poke|p2|Zapdos
|poke|p2|Gardevoir, F, shiny
|rule|Swagger Clause: Swagger is banned
|rule|Baton Pass Clause: Limit one PokÃ©mon knowing Baton Pass
|rule|Sleep Clause Mod: Limit one foe put to sleep
|rule|Species Clause: Limit one of each PokÃ©mon
|rule|OHKO Clause: OHKO moves are banned
|rule|Moody Clause: Moody is banned
|rule|Evasion Moves Clause: Evasion moves are banned
|rule|Endless Battle Clause: Forcing endless battles is banned
|rule|HP Percentage Mod: HP is shown in percentages
|teampreview
|c|âUBERPYRO|no more ditto huh
|c|âmastermind15|not anymore, I am surprised you remember that thoug
|c|âmastermind15|*though
|
|start
|switch|p1a: Manectric|Manectric, M|281\/281
|switch|p2a: Sam|Tyranitar, M|341\/341
|-weather|Sandstorm
|turn|1
|c|âUBERPYRO|well
|c|âUBERPYRO|considering that's the last time I battled you
|
|detailschange|p1a: Manectric|Manectric-Mega, M
|message|Manectric has Mega Evolved into Mega Manectric!
|-ability|p1a: Manectric|Intimidate|[of] p2a: Sam
|-unboost|p2a: Sam|atk|1
|move|p1a: Manectric|Volt Switch|p2a: Sam
|-damage|p2a: Sam|301\/341
|
|move|p2a: Sam|Pursuit|p1a: Manectric|[from]Pursuit
|-damage|p1a: Manectric|164\/281
|switch|p1a: Landorus-Therian|Landorus-Therian, M|319\/319
|-ability|p1a: Landorus-Therian|Intimidate|[of] p2a: Sam
|-unboost|p2a: Sam|atk|1
|
|-weather|Sandstorm|[upkeep]
|turn|2
|
|switch|p2a: Ivan|Gliscor, M|352\/352
|move|p1a: Landorus-Therian|U-turn|p2a: Ivan
|-resisted|p2a: Ivan
|-damage|p2a: Ivan|324\/352
|
|switch|p1a: Kyurem-Black|Kyurem-Black|405\/405
|-ability|p1a: Kyurem-Black|Teravolt
|
|-weather|Sandstorm|[upkeep]
|-damage|p1a: Kyurem-Black|380\/405|[from] sandstorm
|-heal|p1a: Kyurem-Black|405\/405|[from] item: Leftovers
|-status|p2a: Ivan|tox|[from] item: Toxic Orb
|turn|3
|
|switch|p2a: Sam|Tyranitar, M|301\/341
|move|p1a: Kyurem-Black|Substitute|p1a: Kyurem-Black
|-start|p1a: Kyurem-Black|Substitute
|-damage|p1a: Kyurem-Black|304\/405
|
|-weather|Sandstorm|[upkeep]
|-damage|p1a: Kyurem-Black|279\/405|[from] sandstorm
|-heal|p1a: Kyurem-Black|304\/405|[from] item: Leftovers
|turn|4
|
|move|p1a: Kyurem-Black|Earth Power|p2a: Sam
|-supereffective|p2a: Sam
|-damage|p2a: Sam|235\/341
|move|p2a: Sam|Crunch|p1a: Kyurem-Black
|-crit|p1a: Kyurem-Black
|-end|p1a: Kyurem-Black|Substitute
|
|-weather|Sandstorm|[upkeep]
|-damage|p1a: Kyurem-Black|279\/405|[from] sandstorm
|-heal|p1a: Kyurem-Black|304\/405|[from] item: Leftovers
|turn|5
|c|âUBERPYRO|like
|c|âUBERPYRO|nothing
|c|âmastermind15|lol
|
|switch|p1a: Landorus-Therian|Landorus-Therian, M|319\/319
|-ability|p1a: Landorus-Therian|Intimidate|[of] p2a: Sam
|-unboost|p2a: Sam|atk|1
|move|p2a: Sam|Rock Slide|p1a: Landorus-Therian
|-damage|p1a: Landorus-Therian|228\/319
|
|-weather|none
|turn|6
|c|âmastermind15|how many sp. attack evs did you invest in that thing?
|
|switch|p2a: Ivan|Gliscor, M|324\/352 tox
|move|p1a: Landorus-Therian|U-turn|p2a: Ivan
|-resisted|p2a: Ivan
|-damage|p2a: Ivan|294\/352 tox
|c|âUBERPYRO|252 neutral natured
|
|switch|p1a: Kyurem-Black|Kyurem-Black|304\/405
|-ability|p1a: Kyurem-Black|Teravolt
|
|-heal|p1a: Kyurem-Black|329\/405|[from] item: Leftovers
|-heal|p2a: Ivan|338\/352 tox|[from] ability: Poison Heal
|turn|7
|c|âmastermind15|wow
|
|switch|p2a: Sam|Tyranitar, M|235\/341
|-weather|Sandstorm
|move|p1a: Kyurem-Black|Substitute|p1a: Kyurem-Black
|-start|p1a: Kyurem-Black|Substitute
|-damage|p1a: Kyurem-Black|228\/405
|
|-weather|Sandstorm|[upkeep]
|-damage|p1a: Kyurem-Black|203\/405|[from] sandstorm
|-heal|p1a: Kyurem-Black|228\/405|[from] item: Leftovers
|turn|8
|c|âUBERPYRO|this sand
|c|âUBERPYRO|argg
|
|move|p1a: Kyurem-Black|Fusion Bolt|p2a: Sam
|-damage|p2a: Sam|129\/341
|move|p2a: Sam|Crunch|p1a: Kyurem-Black
|-end|p1a: Kyurem-Black|Substitute
|
|-weather|Sandstorm|[upkeep]
|-damage|p1a: Kyurem-Black|203\/405|[from] sandstorm
|-heal|p1a: Kyurem-Black|228\/405|[from] item: Leftovers
|turn|9
|c|âUBERPYRO|lol
|
|switch|p1a: Landorus-Therian|Landorus-Therian, M|228\/319
|-ability|p1a: Landorus-Therian|Intimidate|[of] p2a: Sam
|-unboost|p2a: Sam|atk|1
|move|p2a: Sam|Rock Slide|p1a: Landorus-Therian
|-damage|p1a: Landorus-Therian|137\/319
|
|-weather|Sandstorm|[upkeep]
|turn|10
|
|switch|p2a: Ivan|Gliscor, M|338\/352 tox
|move|p1a: Landorus-Therian|U-turn|p2a: Ivan
|-resisted|p2a: Ivan
|-damage|p2a: Ivan|310\/352 tox
|
|switch|p1a: Kyurem-Black|Kyurem-Black|228\/405
|-ability|p1a: Kyurem-Black|Teravolt
|
|-weather|Sandstorm|[upkeep]
|-damage|p1a: Kyurem-Black|203\/405|[from] sandstorm
|-heal|p1a: Kyurem-Black|228\/405|[from] item: Leftovers
|-heal|p2a: Ivan|352\/352 tox|[from] ability: Poison Heal
|turn|11
|
|switch|p2a: Bill|Slowbro, M, shiny|394\/394
|move|p1a: Kyurem-Black|Substitute|p1a: Kyurem-Black
|-start|p1a: Kyurem-Black|Substitute
|-damage|p1a: Kyurem-Black|127\/405
|
|-weather|none
|-heal|p1a: Kyurem-Black|152\/405|[from] item: Leftovers
|turn|12
|
|move|p1a: Kyurem-Black|Fusion Bolt|p2a: Bill
|-supereffective|p2a: Bill
|-damage|p2a: Bill|238\/394
|move|p2a: Bill|Psychic|p1a: Kyurem-Black
|-end|p1a: Kyurem-Black|Substitute
|
|-heal|p1a: Kyurem-Black|177\/405|[from] item: Leftovers
|turn|13
|
|move|p1a: Kyurem-Black|Substitute|p1a: Kyurem-Black
|-start|p1a: Kyurem-Black|Substitute
|-damage|p1a: Kyurem-Black|76\/405
|move|p2a: Bill|Psychic|p1a: Kyurem-Black
|-end|p1a: Kyurem-Black|Substitute
|
|-heal|p1a: Kyurem-Black|101\/405|[from] item: Leftovers
|turn|14
|c|âUBERPYRO|k
|
|switch|p1a: Greninja|Greninja, M|285\/285
|move|p2a: Bill|Psychic|p1a: Greninja
|-immune|p1a: Greninja|[msg]
|
|turn|15
|
|switch|p2a: Penelope|Amoonguss, F, shiny|432\/432
|move|p1a: Greninja|Hydro Pump|p2a: Penelope
|-start|p1a: Greninja|typechange|Water|[from] Protean
|-resisted|p2a: Penelope
|-damage|p2a: Penelope|342\/432
|-damage|p1a: Greninja|257\/285|[from] item: Life Orb
|
|-heal|p2a: Penelope|369\/432|[from] item: Black Sludge
|turn|16
|
|switch|p1a: Manectric|Manectric-Mega, M|164\/281
|-ability|p1a: Manectric|Intimidate|[of] p2a: Penelope
|-unboost|p2a: Penelope|atk|1
|switch|p2a: Sam|Tyranitar, M|129\/341
|-weather|Sandstorm
|
|-weather|Sandstorm|[upkeep]
|-damage|p1a: Manectric|147\/281|[from] sandstorm
|turn|17
|
|move|p1a: Manectric|Thunderbolt|p2a: Sam
|-damage|p2a: Sam|80\/341
|move|p2a: Sam|Pursuit|p1a: Manectric
|-damage|p1a: Manectric|60\/281
|
|-weather|Sandstorm|[upkeep]
|-damage|p1a: Manectric|43\/281|[from] sandstorm
|turn|18
|c|âUBERPYRO|is this
|c|âUBERPYRO|AV
|
|move|p1a: Manectric|Thunderbolt|p2a: Sam
|-damage|p2a: Sam|29\/341
|move|p2a: Sam|Pursuit|p1a: Manectric
|-damage|p1a: Manectric|0 fnt
|faint|p1a: Manectric
|
|-weather|Sandstorm|[upkeep]
|c|âmastermind15|yes
|
|switch|p1a: Landorus-Therian|Landorus-Therian, M|137\/319
|-ability|p1a: Landorus-Therian|Intimidate|[of] p2a: Sam
|-unboost|p2a: Sam|atk|1
|turn|19
|c|âUBERPYRO|oh crap
|
|switch|p2a: Ivan|Gliscor, M|352\/352 tox
|move|p1a: Landorus-Therian|U-turn|p2a: Ivan
|-resisted|p2a: Ivan
|-damage|p2a: Ivan|324\/352 tox
|c|âUBERPYRO|I just made a mistake
|c|âUBERPYRO|w\/e
|
|switch|p1a: Latios|Latios, M|301\/301
|
|-weather|Sandstorm|[upkeep]
|-damage|p1a: Latios|283\/301|[from] sandstorm
|-heal|p2a: Ivan|352\/352 tox|[from] ability: Poison Heal
|turn|20
|
|switch|p1a: Greninja|Greninja, M|257\/285
|switch|p2a: Sam|Tyranitar, M|29\/341
|
|-weather|none
|turn|21
|
|switch|p2a: Penelope|Amoonguss, F, shiny|432\/432
|move|p1a: Greninja|Ice Beam|p2a: Penelope
|-start|p1a: Greninja|typechange|Ice|[from] Protean
|-supereffective|p2a: Penelope
|-damage|p2a: Penelope|112\/432
|-damage|p1a: Greninja|229\/285|[from] item: Life Orb
|
|-heal|p2a: Penelope|139\/432|[from] item: Black Sludge
|turn|22
|
|switch|p2a: Sam|Tyranitar, M|29\/341
|-weather|Sandstorm
|move|p1a: Greninja|Ice Beam|p2a: Sam
|-damage|p2a: Sam|0 fnt
|-damage|p1a: Greninja|201\/285|[from] item: Life Orb
|faint|p2a: Sam
|
|-weather|Sandstorm|[upkeep]
|-damage|p1a: Greninja|184\/285|[from] sandstorm
|
|switch|p2a: Elizabeth|Gardevoir, F, shiny|277\/277
|turn|23
|
|detailschange|p2a: Elizabeth|Gardevoir-Mega, F, shiny
|message|Gardevoir has Mega Evolved into Mega Gardevoir!
|move|p1a: Greninja|Hydro Pump|p2a: Elizabeth
|-start|p1a: Greninja|typechange|Water|[from] Protean
|-damage|p2a: Elizabeth|124\/277
|-damage|p1a: Greninja|156\/285|[from] item: Life Orb
|move|p2a: Elizabeth|Hyper Voice|p1a: Greninja
|-damage|p1a: Greninja|0 fnt
|faint|p1a: Greninja
|
|-weather|Sandstorm|[upkeep]
|-damage|p2a: Elizabeth|107\/277|[from] sandstorm
|
|switch|p1a: Landorus-Therian|Landorus-Therian, M|137\/319
|-ability|p1a: Landorus-Therian|Intimidate|[of] p2a: Elizabeth
|-unboost|p2a: Elizabeth|atk|1
|turn|24
|
|switch|p2a: Ivan|Gliscor, M|352\/352 tox
|move|p1a: Landorus-Therian|U-turn|p2a: Ivan
|-resisted|p2a: Ivan
|-damage|p2a: Ivan|322\/352 tox
|
|switch|p1a: Latios|Latios, M|283\/301
|
|-weather|Sandstorm|[upkeep]
|-damage|p1a: Latios|265\/301|[from] sandstorm
|-heal|p2a: Ivan|352\/352 tox|[from] ability: Poison Heal
|turn|25
|
|switch|p2a: Bill|Slowbro, M, shiny|369\/394
|move|p1a: Latios|Draco Meteor|p2a: Bill
|-damage|p2a: Bill|119\/394
|-unboost|p1a: Latios|spa|2
|-damage|p1a: Latios|235\/301|[from] item: Life Orb
|
|-weather|Sandstorm|[upkeep]
|-damage|p1a: Latios|217\/301|[from] sandstorm
|-damage|p2a: Bill|95\/394|[from] sandstorm
|turn|26
|c|âUBERPYRO|wow'
|c|âUBERPYRO|is that
|c|âUBERPYRO|AV slowbro
|c|âmastermind15|yes
|c|âUBERPYRO|I'm going to assume
|c|âUBERPYRO|you liek the AV
|
|switch|p2a: Elizabeth|Gardevoir-Mega, F, shiny|107\/277
|move|p1a: Latios|Draco Meteor|p2a: Elizabeth
|-immune|p2a: Elizabeth|[msg]
|
|-weather|none
|turn|27
|c|âmastermind15|i do
|
|move|p1a: Latios|Earthquake|p2a: Elizabeth
|-damage|p2a: Elizabeth|0 fnt
|-damage|p1a: Latios|187\/301|[from] item: Life Orb
|faint|p2a: Elizabeth
|
|c|âUBERPYRO|are you aware
|
|switch|p2a: Bill|Slowbro, M, shiny|226\/394
|turn|28
|c|âUBERPYRO|that every freaking latios has eq
|
|switch|p1a: Heatran|Heatran, M|377\/377
|-item|p1a: Heatran|Air Balloon
|move|p2a: Bill|Ice Beam|p1a: Heatran
|-resisted|p1a: Heatran
|-damage|p1a: Heatran|359\/377
|-enditem|p1a: Heatran|Air Balloon
|
|turn|29
|
|switch|p2a: Larry|Zapdos|383\/383
|-ability|p2a: Larry|Pressure
|move|p1a: Heatran|Stealth Rock|p2a: Larry
|-sidestart|p2: mastermind15|move: Stealth Rock
|
|turn|30
|
|move|p2a: Larry|Defog|p1a: Heatran
|-unboost|p1a: Heatran|evasion|1
|-sideend|p2: mastermind15|Stealth Rock|[from] move: Defog|[of] p2a: Larry
|move|p1a: Heatran|Taunt|p2a: Larry
|-start|p2a: Larry|move: Taunt
|
|turn|31
|
|move|p2a: Larry|Thunderbolt|p1a: Heatran
|-damage|p1a: Heatran|218\/377
|move|p1a: Heatran|Stealth Rock|p2a: Larry
|-sidestart|p2: mastermind15|move: Stealth Rock
|
|turn|32
|
|switch|p1a: Latios|Latios, M|187\/301
|move|p2a: Larry|Thunderbolt|p1a: Latios
|-resisted|p1a: Latios
|-damage|p1a: Latios|127\/301
|
|turn|33
|
|move|p1a: Latios|Psyshock|p2a: Larry
|-damage|p2a: Larry|214\/383
|-damage|p1a: Latios|97\/301|[from] item: Life Orb
|move|p2a: Larry|Thunderbolt|p1a: Latios
|-resisted|p1a: Latios
|-damage|p1a: Latios|40\/301
|
|-heal|p2a: Larry|237\/383|[from] item: Leftovers
|-end|p2a: Larry|move: Taunt
|turn|34
|
|switch|p2a: Bill|Slowbro, M, shiny|357\/394
|-damage|p2a: Bill|308\/394|[from] Stealth Rock
|move|p1a: Latios|Draco Meteor|p2a: Bill
|-damage|p2a: Bill|53\/394
|-unboost|p1a: Latios|spa|2
|-damage|p1a: Latios|10\/301|[from] item: Life Orb
|
|turn|35
|c|âUBERPYRO|and now
|c|âUBERPYRO|argg
|
|switch|p1a: Heatran|Heatran, M|218\/377
|switch|p2a: Ivan|Gliscor, M|352\/352 tox
|-damage|p2a: Ivan|308\/352 tox|[from] Stealth Rock
|
|-heal|p2a: Ivan|352\/352 tox|[from] ability: Poison Heal
|turn|36
|
|move|p2a: Ivan|Toxic|p1a: Heatran
|-fail|p1a: Heatran
|move|p1a: Heatran|Fire Blast|p2a: Ivan|[miss]
|-miss|p1a: Heatran|p2a: Ivan
|
|turn|37
|
|move|p2a: Ivan|Earthquake|p1a: Heatran
|-supereffective|p1a: Heatran
|-damage|p1a: Heatran|0 fnt
|faint|p1a: Heatran
|
|
|switch|p1a: Kyurem-Black|Kyurem-Black|101\/405
|-ability|p1a: Kyurem-Black|Teravolt
|turn|38
|
|switch|p2a: Larry|Zapdos|237\/383
|-damage|p2a: Larry|142\/383|[from] Stealth Rock
|-ability|p2a: Larry|Pressure
|move|p1a: Kyurem-Black|Ice Beam|p2a: Larry
|-supereffective|p2a: Larry
|-damage|p2a: Larry|0 fnt
|faint|p2a: Larry
|
|-heal|p1a: Kyurem-Black|126\/405|[from] item: Leftovers
|
|switch|p2a: Bill|Slowbro, M, shiny|184\/394
|-damage|p2a: Bill|135\/394|[from] Stealth Rock
|turn|39
|
|move|p1a: Kyurem-Black|Ice Beam|p2a: Bill
|-resisted|p2a: Bill
|-damage|p2a: Bill|70\/394
|move|p2a: Bill|Psychic|p1a: Kyurem-Black
|-damage|p1a: Kyurem-Black|20\/405
|
|-heal|p1a: Kyurem-Black|45\/405|[from] item: Leftovers
|turn|40
|c|âUBERPYRO|oh
|c|âUBERPYRO|was thinking double
|
|switch|p2a: Penelope|Amoonguss, F, shiny|283\/432
|-damage|p2a: Penelope|229\/432|[from] Stealth Rock
|move|p1a: Kyurem-Black|Fusion Bolt|p2a: Penelope
|-resisted|p2a: Penelope
|-damage|p2a: Penelope|159\/432
|
|-heal|p1a: Kyurem-Black|70\/405|[from] item: Leftovers
|-heal|p2a: Penelope|186\/432|[from] item: Black Sludge
|turn|41
|c|âmastermind15|too predictable
|c|âUBERPYRO|yeah true
|c|âUBERPYRO|hmm
|
|switch|p2a: Bill|Slowbro, M, shiny|201\/394
|-damage|p2a: Bill|152\/394|[from] Stealth Rock
|move|p1a: Kyurem-Black|Fusion Bolt|p2a: Bill
|-crit|p2a: Bill
|-supereffective|p2a: Bill
|-damage|p2a: Bill|0 fnt
|faint|p2a: Bill
|
|-heal|p1a: Kyurem-Black|95\/405|[from] item: Leftovers
|c|âUBERPYRO|yes
|
|switch|p2a: Penelope|Amoonguss, F, shiny|330\/432
|-damage|p2a: Penelope|276\/432|[from] Stealth Rock
|turn|42
|c|âUBERPYRO|gg
|
|move|p1a: Kyurem-Black|Ice Beam|p2a: Penelope
|-supereffective|p2a: Penelope
|-damage|p2a: Penelope|16\/432
|move|p2a: Penelope|Foul Play|p1a: Kyurem-Black
|-damage|p1a: Kyurem-Black|0 fnt
|faint|p1a: Kyurem-Black
|
|-heal|p2a: Penelope|43\/432|[from] item: Black Sludge
|c|âUBERPYRO|O.O
|c|âUBERPYRO|NOOOOOO
|
|switch|p1a: Landorus-Therian|Landorus-Therian, M|137\/319
|-ability|p1a: Landorus-Therian|Intimidate|[of] p2a: Penelope
|-unboost|p2a: Penelope|atk|1
|turn|43
|c|âmastermind15|you underestimate my bulk!
|
|switch|p2a: Ivan|Gliscor, M|352\/352 tox
|-damage|p2a: Ivan|308\/352 tox|[from] Stealth Rock
|move|p1a: Landorus-Therian|U-turn|p2a: Ivan
|-resisted|p2a: Ivan
|-damage|p2a: Ivan|279\/352 tox
|
|switch|p1a: Latios|Latios, M|10\/301
|
|-heal|p2a: Ivan|323\/352 tox|[from] ability: Poison Heal
|turn|44
|
|switch|p2a: Penelope|Amoonguss, F, shiny|187\/432
|-damage|p2a: Penelope|133\/432|[from] Stealth Rock
|move|p1a: Latios|Draco Meteor|p2a: Penelope
|-damage|p2a: Penelope|0 fnt
|-unboost|p1a: Latios|spa|2
|-damage|p1a: Latios|0 fnt|[from] item: Life Orb
|faint|p2a: Penelope
|faint|p1a: Latios
|
|c|âmastermind15|GG!
|
|switch|p1a: Landorus-Therian|Landorus-Therian, M|137\/319
|switch|p2a: Ivan|Gliscor, M|323\/352 tox
|-damage|p2a: Ivan|279\/352 tox|[from] Stealth Rock
|-ability|p1a: Landorus-Therian|Intimidate|[of] p2a: Ivan
|-unboost|p2a: Ivan|atk|1
|turn|45
|c|âUBERPYRO|is that
|c|âUBERPYRO|AV amoong too?
|
|move|p1a: Landorus-Therian|Stone Edge|p2a: Ivan
|-damage|p2a: Ivan|195\/352 tox
|move|p2a: Ivan|Toxic|p1a: Landorus-Therian
|-status|p1a: Landorus-Therian|tox
|
|-damage|p1a: Landorus-Therian|118\/319 tox|[from] psn
|-heal|p2a: Ivan|239\/352 tox|[from] ability: Poison Heal
|turn|46
|c|âmastermind15|no lol
|
|move|p1a: Landorus-Therian|Stone Edge|p2a: Ivan
|-damage|p2a: Ivan|153\/352 tox
|move|p2a: Ivan|Roost|p2a: Ivan
|-heal|p2a: Ivan|329\/352 tox
|
|-damage|p1a: Landorus-Therian|80\/319 tox|[from] psn
|-heal|p2a: Ivan|352\/352 tox|[from] ability: Poison Heal
|turn|47
|c|âUBERPYRO|ok lol
|-message|UBERPYRO forfeited.
|
|win|mastermind15
|leave|UBERPYRO
|player|p1
|join|UBERPYRO