|join|gbhg
|join|mastermind15
|player|p1|gbhg|101
|player|p2|mastermind15|33
|gametype|singles
|gen|6
|tier|OU
|clearpoke
|poke|p1|Charizard, F
|poke|p1|Celebi
|poke|p1|Quagsire, F
|poke|p1|Jirachi
|poke|p1|Cofagrigus, F
|poke|p1|Skarmory, M
|poke|p2|Slowbro, M, shiny
|poke|p2|Gliscor, M
|poke|p2|Amoonguss, F, shiny
|poke|p2|Tyranitar, M
|poke|p2|Zapdos
|poke|p2|Gardevoir, F, shiny
|rule|Swagger Clause: Swagger is banned
|rule|Baton Pass Clause: Limit one PokÃ©mon knowing Baton Pass
|rule|Sleep Clause Mod: Limit one foe put to sleep
|rule|Species Clause: Limit one of each PokÃ©mon
|rule|OHKO Clause: OHKO moves are banned
|rule|Moody Clause: Moody is banned
|rule|Evasion Moves Clause: Evasion moves are banned
|rule|Endless Battle Clause: Forcing endless battles is banned
|rule|HP Percentage Mod: HP is shown in percentages
|teampreview
|join|FrozenCold
|join|Das Wysel
|join|Sike2303
|join|abcdefghijklmo
|join|AcceleratorGod
|c|âgbhg|why is everyone joining
|join|ox the box
|join|Jibca
|join|zapp.zapp
|c| FrozenCold|because we see battle
|
|start
|switch|p1a: Charizard|Charizard, F|359\/359
|switch|p2a: Elizabeth|Gardevoir, F, shiny|277\/277
|turn|1
|c| AcceleratorGod|because we can
|c|âgbhg|this aint the finals
|c| FrozenCold|we join
|join|Frickett
|join|irl cat
|c| irl cat|gl ^_^
|
|switch|p1a: Jirachi|Jirachi|403\/403
|detailschange|p2a: Elizabeth|Gardevoir-Mega, F, shiny
|message|Gardevoir has Mega Evolved into Mega Gardevoir!
|move|p2a: Elizabeth|Psyshock|p1a: Jirachi
|-resisted|p1a: Jirachi
|-damage|p1a: Jirachi|361\/403
|
|-heal|p1a: Jirachi|386\/403|[from] item: Leftovers
|turn|2
|join|Funnelby
|c| ox the box|well there are like no other battles going on
|c| ox the box|lol
|
|switch|p2a: Ivan|Gliscor, M|352\/352
|switch|p1a: Quagmire|Quagsire, F|394\/394
|
|-status|p2a: Ivan|tox|[from] item: Toxic Orb
|turn|3
|
|move|p2a: Ivan|Toxic|p1a: Quagmire
|-status|p1a: Quagmire|tox
|move|p1a: Quagmire|Scald|p2a: Ivan
|-supereffective|p2a: Ivan
|-damage|p2a: Ivan|194\/352 tox
|
|-heal|p2a: Ivan|238\/352 tox|[from] ability: Poison Heal
|-damage|p1a: Quagmire|370\/394 tox|[from] psn
|turn|4
|c|âgbhg|forgot
|c| FrozenCold|should have body slamed and hope for para
|
|move|p2a: Ivan|Roost|p2a: Ivan
|-heal|p2a: Ivan|352\/352 tox
|move|p1a: Quagmire|Scald|p2a: Ivan
|-supereffective|p2a: Ivan
|-damage|p2a: Ivan|196\/352 tox
|
|-heal|p1a: Quagmire|394\/394 tox|[from] item: Leftovers
|-heal|p2a: Ivan|240\/352 tox|[from] ability: Poison Heal
|-damage|p1a: Quagmire|346\/394 tox|[from] psn
|turn|5
|c|âgbhg|ik
|
|switch|p1a: Skarmory|Skarmory, M|333\/333
|move|p2a: Ivan|Roost|p2a: Ivan
|-heal|p2a: Ivan|352\/352 tox
|
|turn|6
|
|move|p2a: Ivan|Taunt|p1a: Skarmory
|-start|p1a: Skarmory|move: Taunt
|cant|p1a: Skarmory|move: Taunt|Whirlwind
|
|turn|7
|join|Demandred
|
|switch|p2a: Bill|Slowbro, M, shiny|394\/394
|move|p1a: Skarmory|Counter|p2a: Bill
|-fail|p2a: Bill
|
|turn|8
|c|âgbhg|lol
|c| AcceleratorGod|gliscor the ultimate wall
|leave|FrozenCold
|c| abcdefghijklmo|what do you have for body slam
|
|switch|p1a: Cofagrigus|Cofagrigus, F|319\/319
|move|p2a: Bill|Scald|p1a: Cofagrigus
|-damage|p1a: Cofagrigus|223\/319
|
|-heal|p1a: Cofagrigus|242\/319|[from] item: Leftovers
|turn|9
|c| abcdefghijklmo|No
|c| abcdefghijklmo|SLOWBRO NEEDS TO BE NAMED PAUL
|
|switch|p2a: Ivan|Gliscor, M|352\/352 tox
|move|p1a: Cofagrigus|Will-O-Wisp|p2a: Ivan
|-fail|p2a: Ivan
|
|-heal|p1a: Cofagrigus|261\/319|[from] item: Leftovers
|turn|10
|c|âgbhg|knew it
|
|switch|p1a: Skarmory|Skarmory, M|333\/333
|move|p2a: Ivan|Toxic|p1a: Skarmory|[miss]
|-miss|p2a: Ivan|p1a: Skarmory
|
|turn|11
|c| abcdefghijklmo|SLOWBRO NEEDS TO BE NAMED PAUL
|c| abcdefghijklmo|SLOWBRO NEEDS TO BE NAMED PAUL
|
|move|p2a: Ivan|Taunt|p1a: Skarmory
|-start|p1a: Skarmory|move: Taunt
|cant|p1a: Skarmory|move: Taunt|Whirlwind
|
|turn|12
|c| abcdefghijklmo|SLOWBRO NEEDS TO BE NAMED PAUL
|c| abcdefghijklmo|SLOWBRO NEEDS TO BE NAMED PAUL
|
|move|p2a: Ivan|Toxic|p1a: Skarmory
|-fail|p1a: Skarmory
|move|p1a: Skarmory|Counter|p2a: Ivan
|-fail|p2a: Ivan
|
|turn|13
|c| abcdefghijklmo|SLOWBRO NEEDS TO BE NAMED PAUL
|c| abcdefghijklmo|SLOWBRO NEEDS TO BE NAMED PAUL
|leave|abcdefghijklmo
|
|move|p2a: Ivan|Toxic|p1a: Skarmory
|-fail|p1a: Skarmory
|move|p1a: Skarmory|Counter|p2a: Ivan
|-fail|p2a: Ivan
|
|-end|p1a: Skarmory|move: Taunt
|turn|14
|c| irl cat|name it paul
|
|move|p2a: Ivan|Taunt|p1a: Skarmory
|-start|p1a: Skarmory|move: Taunt
|move|p1a: Skarmory|Counter|p2a: Ivan
|-fail|p2a: Ivan
|
|turn|15
|
|switch|p2a: Bill|Slowbro, M, shiny|394\/394
|switch|p1a: Celebi|Celebi|403\/403
|
|turn|16
|c|âgbhg|im tired
|c|âmastermind15|Leave Bill alone!
|
|switch|p2a: Penelope|Amoonguss, F, shiny|432\/432
|move|p1a: Celebi|Perish Song|p1a: Celebi
|-fieldactivate|move: Perish Song
|
|-start|p1a: Celebi|perish3
|-start|p2a: Penelope|perish3
|turn|17
|c|âgbhg|ill give u the game
|c|âmastermind15|no
|c|âgbhg|u dont want me 2
|join|JustTestingo.O
|leave|Jibca
|
|switch|p2a: Sam|Tyranitar, M|341\/341
|-weather|Sandstorm
|move|p1a: Celebi|Stealth Rock|p2a: Sam
|-sidestart|p2: mastermind15|move: Stealth Rock
|
|-start|p1a: Celebi|perish2
|-weather|Sandstorm|[upkeep]
|-damage|p1a: Celebi|378\/403|[from] sandstorm
|-heal|p1a: Celebi|403\/403|[from] item: Leftovers
|turn|18
|c|âmastermind15|i was winning you aren't giving me anything lol
|c| AcceleratorGod|lol
|join|no skill just hax
|c|âgbhg|i will
|join|Will i lose
|c|âgbhg|i am
|c|âgbhg|i can beat gliscor
|leave|Will i lose
|c|âgbhg|with bi
|c|âgbhg|and skarm
|c|âgbhg|but im tired
|c|âgbhg|and its gonna be forfever
|c| zapp.zapp|tbh, skarm just struggles
|c|âmastermind15|excuses*
|c|âgbhg|here
|join|placaje
|-message|gbhg forfeited.
|
|win|mastermind15
|leave|gbhg
|player|p1
|leave|zapp.zapp
|leave|mastermind15
|player|p2
|c| Sike2303|bg
|c| AcceleratorGod|he couldn't beat gliscor
|leave|AcceleratorGod