|join|Wruce Bayne
|join|mastermind15
|player|p1|Wruce Bayne|161
|player|p2|mastermind15|33
|gametype|singles
|gen|6
|tier|OU
|rated
|clearpoke
|poke|p1|Bisharp, M, shiny
|poke|p1|Clefable, F, shiny
|poke|p1|Gyarados, M, shiny
|poke|p1|Rhyperior, M
|poke|p1|Alakazam, M, shiny
|poke|p1|Latios, M
|poke|p2|Slowbro, M, shiny
|poke|p2|Gliscor, M
|poke|p2|Amoonguss, F, shiny
|poke|p2|Tyranitar, M
|poke|p2|Zapdos
|poke|p2|Metagross
|rule|Swagger Clause: Swagger is banned
|rule|Baton Pass Clause: Limit one PokÃ©mon knowing Baton Pass
|rule|Sleep Clause Mod: Limit one foe put to sleep
|rule|Species Clause: Limit one of each PokÃ©mon
|rule|OHKO Clause: OHKO moves are banned
|rule|Moody Clause: Moody is banned
|rule|Evasion Moves Clause: Evasion moves are banned
|rule|Endless Battle Clause: Forcing endless battles is banned
|rule|HP Percentage Mod: HP is shown in percentages
|teampreview
|
|start
|switch|p1a: Demolition|Rhyperior, M|434\/434
|switch|p2a: Penelope|Amoonguss, F, shiny|432\/432
|turn|1
|
|move|p1a: Demolition|Stealth Rock|p2a: Penelope
|-sidestart|p2: mastermind15|move: Stealth Rock
|move|p2a: Penelope|Spore|p1a: Demolition
|-status|p1a: Demolition|slp
|
|turn|2
|
|switch|p1a: Diagonal|Bisharp, M, shiny|271\/271
|switch|p2a: Ivan|Gliscor, M|352\/352
|-damage|p2a: Ivan|308\/352|[from] Stealth Rock
|
|-status|p2a: Ivan|tox|[from] item: Toxic Orb
|turn|3
|
|switch|p1a: Fairy Land|Clefable, F, shiny|394\/394
|move|p2a: Ivan|Toxic|p1a: Fairy Land
|-status|p1a: Fairy Land|tox
|
|-heal|p2a: Ivan|352\/352 tox|[from] ability: Poison Heal
|turn|4
|
|move|p2a: Ivan|Taunt|p1a: Fairy Land
|-start|p1a: Fairy Land|move: Taunt
|cant|p1a: Fairy Land|move: Taunt|Calm Mind
|
|turn|5
|
|move|p2a: Ivan|Earthquake|p1a: Fairy Land
|-crit|p1a: Fairy Land
|-damage|p1a: Fairy Land|240\/394 tox
|move|p1a: Fairy Land|Moonblast|p2a: Ivan
|-damage|p2a: Ivan|205\/352 tox
|
|-heal|p1a: Fairy Land|264\/394 tox|[from] item: Leftovers
|-heal|p2a: Ivan|249\/352 tox|[from] ability: Poison Heal
|turn|6
|
|switch|p2a: Sebastian|Metagross|301\/301
|-damage|p2a: Sebastian|283\/301|[from] Stealth Rock
|move|p1a: Fairy Land|Moonblast|p2a: Sebastian
|-resisted|p2a: Sebastian
|-damage|p2a: Sebastian|229\/301
|
|-heal|p1a: Fairy Land|288\/394 tox|[from] item: Leftovers
|-end|p1a: Fairy Land|move: Taunt
|turn|7
|
|switch|p1a: Diagonal|Bisharp, M, shiny|271\/271
|detailschange|p2a: Sebastian|Metagross-Mega
|message|Metagross has Mega Evolved into Mega Metagross!
|move|p2a: Sebastian|Earthquake|p1a: Diagonal
|-crit|p1a: Diagonal
|-supereffective|p1a: Diagonal
|-damage|p1a: Diagonal|0 fnt
|faint|p1a: Diagonal
|
|
|switch|p1a: Lake of Rage|Gyarados, M, shiny|331\/331
|-ability|p1a: Lake of Rage|Intimidate|[of] p2a: Sebastian
|-unboost|p2a: Sebastian|atk|1
|turn|8
|
|switch|p2a: Penelope|Amoonguss, F, shiny|432\/432
|-damage|p2a: Penelope|378\/432|[from] Stealth Rock
|move|p1a: Lake of Rage|Dragon Dance|p1a: Lake of Rage
|-boost|p1a: Lake of Rage|atk|1
|-boost|p1a: Lake of Rage|spe|1
|
|-heal|p2a: Penelope|405\/432|[from] item: Black Sludge
|turn|9
|
|move|p1a: Lake of Rage|Substitute|p1a: Lake of Rage
|-start|p1a: Lake of Rage|Substitute
|-damage|p1a: Lake of Rage|249\/331
|move|p2a: Penelope|Foul Play|p1a: Lake of Rage
|-end|p1a: Lake of Rage|Substitute
|
|-heal|p2a: Penelope|432\/432|[from] item: Black Sludge
|turn|10
|
|detailschange|p1a: Lake of Rage|Gyarados-Mega, M, shiny
|message|Gyarados has Mega Evolved into Mega Gyarados!
|-ability|p1a: Lake of Rage|Mold Breaker
|move|p1a: Lake of Rage|Substitute|p1a: Lake of Rage
|-start|p1a: Lake of Rage|Substitute
|-damage|p1a: Lake of Rage|167\/331
|move|p2a: Penelope|Foul Play|p1a: Lake of Rage
|-resisted|p1a: Lake of Rage
|-end|p1a: Lake of Rage|Substitute
|
|turn|11
|
|move|p1a: Lake of Rage|Crunch|p2a: Penelope
|-crit|p2a: Penelope
|-damage|p2a: Penelope|0 fnt
|faint|p2a: Penelope
|
|join|Bisharp Nehru
|
|switch|p2a: Larry|Zapdos|383\/383
|-damage|p2a: Larry|288\/383|[from] Stealth Rock
|-ability|p2a: Larry|Pressure
|turn|12
|
|move|p1a: Lake of Rage|Waterfall|p2a: Larry
|-damage|p2a: Larry|56\/383
|cant|p2a: Larry|flinch
|
|-heal|p2a: Larry|79\/383|[from] item: Leftovers
|turn|13
|c|âmastermind15|such hax
|c|âWruce Bayne|^
|
|move|p1a: Lake of Rage|Crunch|p2a: Larry
|-damage|p2a: Larry|0 fnt
|faint|p2a: Larry
|
|c|âWruce Bayne|rng
|
|switch|p2a: Bill|Slowbro, M, shiny|394\/394
|-damage|p2a: Bill|345\/394|[from] Stealth Rock
|turn|14
|
|move|p1a: Lake of Rage|Crunch|p2a: Bill
|-crit|p2a: Bill
|-supereffective|p2a: Bill
|-damage|p2a: Bill|0 fnt
|faint|p2a: Bill
|
|c|âmastermind15|lol
|c|âWruce Bayne|at least that didn't matter
|c|âWruce Bayne|join the ou tourney
|c|âmastermind15|yep, cya
|-message|mastermind15 forfeited.
|
|win|Wruce Bayne
|raw|Ladder updating...
|leave|mastermind15
|player|p2
|leave|Bisharp Nehru
|raw|Wruce Bayne's rating: 1676 &rarr; <strong>1698<\/strong><br \/>(+22 for winning)
|raw|mastermind15's rating: 1706 &rarr; <strong>1684<\/strong><br \/>(-22 for losing)
|leave|Wruce Bayne
|player|p1