|join|mastermind15
|join|Battle in out
|player|p1|mastermind15|33
|player|p2|Battle in out|93
|gametype|singles
|gen|6
|tier|OU
|clearpoke
|poke|p1|Slowbro, M, shiny
|poke|p1|Gliscor, M
|poke|p1|Amoonguss, F, shiny
|poke|p1|Tyranitar, M
|poke|p1|Zapdos
|poke|p1|Mawile, F
|poke|p2|Aggron, M
|poke|p2|Mawile, F
|poke|p2|Scizor, M
|poke|p2|Klinklang
|rule|Swagger Clause: Swagger is banned
|rule|Baton Pass Clause: Limit one PokÃ©mon knowing Baton Pass
|rule|Sleep Clause Mod: Limit one foe put to sleep
|rule|Species Clause: Limit one of each PokÃ©mon
|rule|OHKO Clause: OHKO moves are banned
|rule|Moody Clause: Moody is banned
|rule|Evasion Moves Clause: Evasion moves are banned
|rule|Endless Battle Clause: Forcing endless battles is banned
|rule|HP Percentage Mod: HP is shown in percentages
|teampreview
|chat|mastermind15|what? why do you only have three pokes?
|chat|Battle in out|I'm a gymleader
|
|start
|switch|p1a: Ivan|Gliscor, M|352\/352
|switch|p2a: Mawile|Mawile, F|241\/241
|turn|1
|
|detailschange|p2a: Mawile|Mawile-Mega, F
|message|Mawile has Mega Evolved into Mega Mawile!
|move|p1a: Ivan|Earthquake|p2a: Mawile
|-supereffective|p2a: Mawile
|-damage|p2a: Mawile|53\/241
|move|p2a: Mawile|Play Rough|p1a: Ivan
|-damage|p1a: Ivan|204\/352
|
|-status|p1a: Ivan|tox|[from] item: Toxic Orb
|turn|2
|
|move|p1a: Ivan|Earthquake|p2a: Mawile
|-supereffective|p2a: Mawile
|-damage|p2a: Mawile|0 fnt
|faint|p2a: Mawile
|
|-heal|p1a: Ivan|248\/352 tox|[from] ability: Poison Heal
|
|switch|p2a: Klinklang|Klinklang|261\/261
|turn|3
|
|switch|p1a: Penelope|Amoonguss, F, shiny|432\/432
|move|p2a: Klinklang|Protect|p2a: Klinklang
|-fail|p2a: Klinklang
|
|turn|4
|
|move|p2a: Klinklang|Flash Cannon|p1a: Penelope
|-damage|p1a: Penelope|372\/432
|move|p1a: Penelope|Spore|p2a: Klinklang
|-status|p2a: Klinklang|slp
|
|-heal|p1a: Penelope|399\/432|[from] item: Black Sludge
|turn|5
|
|switch|p2a: Scizor|Scizor, M|281\/281
|move|p1a: Penelope|Foul Play|p2a: Scizor
|-damage|p2a: Scizor|195\/281
|
|-heal|p1a: Penelope|426\/432|[from] item: Black Sludge
|turn|6
|
|switch|p1a: Delilah|Mawile, F|274\/274
|-ability|p1a: Delilah|Intimidate|[of] p2a: Scizor
|-unboost|p2a: Scizor|atk|1
|move|p2a: Scizor|Acrobatics|p1a: Delilah
|-resisted|p1a: Delilah
|-damage|p1a: Delilah|242\/274
|
|turn|7
|
|detailschange|p1a: Delilah|Mawile-Mega, F
|message|Mawile has Mega Evolved into Mega Mawile!
|move|p1a: Delilah|Fire Fang|p2a: Scizor
|-supereffective|p2a: Scizor
|-damage|p2a: Scizor|0 fnt
|faint|p2a: Scizor
|
|
|switch|p2a: Aggron|Aggron, M|281\/281
|turn|8
|
|switch|p1a: Ivan|Gliscor, M|248\/352 tox
|move|p2a: Aggron|Earthquake|p1a: Ivan
|-immune|p1a: Ivan|[msg]
|
|-heal|p1a: Ivan|292\/352 tox|[from] ability: Poison Heal
|turn|9
|
|move|p1a: Ivan|Earthquake|p2a: Aggron
|-supereffective|p2a: Aggron
|-damage|p2a: Aggron|17\/281
|move|p2a: Aggron|Heavy Slam|p1a: Ivan
|-damage|p1a: Ivan|201\/352 tox
|
|-heal|p1a: Ivan|245\/352 tox|[from] ability: Poison Heal
|turn|10
|chat|Battle in out|Beat me a gymleader
|
|move|p1a: Ivan|Earthquake|p2a: Aggron
|-supereffective|p2a: Aggron
|-damage|p2a: Aggron|0 fnt
|faint|p2a: Aggron
|
|-heal|p1a: Ivan|289\/352 tox|[from] ability: Poison Heal
|
|switch|p2a: Klinklang|Klinklang|261\/261 slp
|turn|11
|
|move|p1a: Ivan|Earthquake|p2a: Klinklang
|-supereffective|p2a: Klinklang
|-damage|p2a: Klinklang|51\/261 slp
|-enditem|p2a: Klinklang|Eject Button
|cant|p2a: Klinklang|slp
|
|-heal|p1a: Ivan|333\/352 tox|[from] ability: Poison Heal
|turn|12
|
|move|p1a: Ivan|Earthquake|p2a: Klinklang
|-supereffective|p2a: Klinklang
|-damage|p2a: Klinklang|0 fnt
|faint|p2a: Klinklang
|
|win|mastermind15