|join|jinblue
|join|mastermind15
|player|p1|jinblue|101
|player|p2|mastermind15|33
|gametype|singles
|gen|6
|tier|OU
|clearpoke
|poke|p1|Gyarados, F
|poke|p1|Landorus-Therian, M
|poke|p1|Magnezone
|poke|p1|Mew
|poke|p1|Clefable, F
|poke|p1|Talonflame, M
|poke|p2|Slowbro, M, shiny
|poke|p2|Gliscor, M
|poke|p2|Amoonguss, F, shiny
|poke|p2|Tyranitar, M
|poke|p2|Zapdos
|poke|p2|Gardevoir, F, shiny
|rule|Swagger Clause: Swagger is banned
|rule|Baton Pass Clause: Limit one PokÃ©mon knowing Baton Pass
|rule|Sleep Clause Mod: Limit one foe put to sleep
|rule|Species Clause: Limit one of each PokÃ©mon
|rule|OHKO Clause: OHKO moves are banned
|rule|Moody Clause: Moody is banned
|rule|Evasion Moves Clause: Evasion moves are banned
|rule|Endless Battle Clause: Forcing endless battles is banned
|rule|HP Percentage Mod: HP is shown in percentages
|teampreview
|
|start
|switch|p1a: Landorus-Therian|Landorus-Therian, M|325\/325
|switch|p2a: Bill|Slowbro, M, shiny|394\/394
|-ability|p1a: Landorus-Therian|Intimidate|[of] p2a: Bill
|-unboost|p2a: Bill|atk|1
|turn|1
|
|move|p1a: Landorus-Therian|U-turn|p2a: Bill
|-supereffective|p2a: Bill
|-damage|p2a: Bill|228\/394
|-damage|p1a: Landorus-Therian|293\/325|[from] item: Life Orb
|
|switch|p1a: Mew|Mew|399\/399
|move|p2a: Bill|Scald|p1a: Mew
|-damage|p1a: Mew|299\/399
|
|-heal|p1a: Mew|323\/399|[from] item: Leftovers
|turn|2
|
|switch|p2a: Penelope|Amoonguss, F, shiny|432\/432
|move|p1a: Mew|Will-O-Wisp|p2a: Penelope
|-status|p2a: Penelope|brn
|
|-heal|p1a: Mew|347\/399|[from] item: Leftovers
|-damage|p2a: Penelope|378\/432 brn|[from] brn
|turn|3
|
|switch|p1a: Magnezone|Magnezone|281\/281
|switch|p2a: Ivan|Gliscor, M|352\/352
|
|-status|p2a: Ivan|tox|[from] item: Toxic Orb
|turn|4
|
|switch|p2a: Chase|Zapdos|383\/383
|-ability|p2a: Chase|Pressure
|switch|p1a: Landorus-Therian|Landorus-Therian, M|293\/325
|-ability|p1a: Landorus-Therian|Intimidate|[of] p2a: Chase
|-unboost|p2a: Chase|atk|1
|
|turn|5
|
|switch|p1a: Mew|Mew|347\/399
|switch|p2a: Ivan|Gliscor, M|352\/352 tox
|
|-heal|p1a: Mew|371\/399|[from] item: Leftovers
|turn|6
|
|switch|p1a: Landorus-Therian|Landorus-Therian, M|293\/325
|-ability|p1a: Landorus-Therian|Intimidate|[of] p2a: Ivan
|-unboost|p2a: Ivan|atk|1
|move|p2a: Ivan|Toxic|p1a: Landorus-Therian
|-status|p1a: Landorus-Therian|tox
|
|-damage|p1a: Landorus-Therian|273\/325 tox|[from] psn
|turn|7
|
|move|p1a: Landorus-Therian|Stealth Rock|p2a: Ivan
|-sidestart|p2: mastermind15|move: Stealth Rock
|move|p2a: Ivan|Earthquake|p1a: Landorus-Therian
|-immune|p1a: Landorus-Therian|[msg]
|
|-damage|p1a: Landorus-Therian|233\/325 tox|[from] psn
|turn|8
|
|move|p1a: Landorus-Therian|U-turn|p2a: Ivan
|-resisted|p2a: Ivan
|-damage|p2a: Ivan|313\/352 tox
|-damage|p1a: Landorus-Therian|201\/325 tox|[from] item: Life Orb
|
|switch|p1a: Clefable|Clefable, F|394\/394
|move|p2a: Ivan|Toxic|p1a: Clefable
|-status|p1a: Clefable|tox
|
|-heal|p2a: Ivan|352\/352 tox|[from] ability: Poison Heal
|turn|9
|
|switch|p2a: Elizabeth|Gardevoir, F, shiny|277\/277
|-damage|p2a: Elizabeth|243\/277|[from] Stealth Rock
|move|p1a: Clefable|Heal Bell|p1a: Clefable
|-cureteam|p1a: Clefable|[from] move: HealBell
|
|turn|10
|
|detailschange|p2a: Elizabeth|Gardevoir-Mega, F, shiny
|message|Gardevoir has Mega Evolved into Mega Gardevoir!
|move|p2a: Elizabeth|Hyper Voice|p1a: Clefable
|-damage|p1a: Clefable|184\/394
|move|p1a: Clefable|Thunder Wave|p2a: Elizabeth
|-status|p2a: Elizabeth|par
|
|-heal|p1a: Clefable|208\/394|[from] item: Leftovers
|turn|11
|
|switch|p1a: Magnezone|Magnezone|281\/281
|move|p2a: Elizabeth|Hyper Voice|p1a: Magnezone
|-resisted|p1a: Magnezone
|-damage|p1a: Magnezone|191\/281
|
|turn|12
|
|switch|p2a: Chase|Zapdos|383\/383
|-damage|p2a: Chase|288\/383|[from] Stealth Rock
|-ability|p2a: Chase|Pressure
|move|p1a: Magnezone|Volt Switch|p2a: Chase
|-crit|p2a: Chase
|-damage|p2a: Chase|78\/383
|
|switch|p1a: Gyarados|Gyarados, F|341\/341
|
|-heal|p2a: Chase|101\/383|[from] item: Leftovers
|turn|13
|
|switch|p2a: Penelope|Amoonguss, F, shiny|432\/432 brn
|-damage|p2a: Penelope|378\/432 brn|[from] Stealth Rock
|move|p1a: Gyarados|Waterfall|p2a: Penelope
|-resisted|p2a: Penelope
|-damage|p2a: Penelope|277\/432 brn
|
|-heal|p2a: Penelope|304\/432 brn|[from] item: Black Sludge
|-damage|p2a: Penelope|250\/432 brn|[from] brn
|turn|14
|
|move|p1a: Gyarados|Bounce|p2a: Penelope|[still]
|-prepare|p1a: Gyarados|Bounce|p2a: Penelope
|move|p2a: Penelope|Spore|p1a: Gyarados|[miss]
|-miss|p2a: Penelope|p1a: Gyarados
|
|-heal|p2a: Penelope|277\/432 brn|[from] item: Black Sludge
|-damage|p2a: Penelope|223\/432 brn|[from] brn
|turn|15
|
|switch|p2a: Ivan|Gliscor, M|352\/352 tox
|-damage|p2a: Ivan|308\/352 tox|[from] Stealth Rock
|move|p1a: Gyarados|Bounce|p2a: Ivan
|-damage|p2a: Ivan|205\/352 tox
|
|-heal|p2a: Ivan|249\/352 tox|[from] ability: Poison Heal
|turn|16
|
|switch|p2a: Bill|Slowbro, M, shiny|359\/394
|-damage|p2a: Bill|310\/394|[from] Stealth Rock
|move|p1a: Gyarados|Waterfall|p2a: Bill
|-resisted|p2a: Bill
|-damage|p2a: Bill|257\/394
|
|turn|17
|
|switch|p1a: Mew|Mew|371\/399
|move|p2a: Bill|Scald|p1a: Mew
|-damage|p1a: Mew|278\/399
|-status|p1a: Mew|brn
|-status|p2a: Bill|brn
|
|-heal|p1a: Mew|302\/399 brn|[from] item: Leftovers
|-damage|p1a: Mew|253\/399 brn|[from] brn
|-damage|p2a: Bill|208\/394 brn|[from] brn
|turn|18
|
|switch|p2a: Ivan|Gliscor, M|249\/352 tox
|-damage|p2a: Ivan|205\/352 tox|[from] Stealth Rock
|move|p1a: Mew|Roar|p2a: Ivan
|drag|p2a: Elizabeth|Gardevoir-Mega, F, shiny|243\/277 par
|-damage|p2a: Elizabeth|209\/277 par|[from] Stealth Rock
|
|-heal|p1a: Mew|277\/399 brn|[from] item: Leftovers
|-damage|p1a: Mew|228\/399 brn|[from] brn
|turn|19
|
|switch|p1a: Magnezone|Magnezone|191\/281
|move|p2a: Elizabeth|Hyper Voice|p1a: Magnezone
|-resisted|p1a: Magnezone
|-damage|p1a: Magnezone|100\/281
|
|turn|20
|
|switch|p2a: Sam|Tyranitar, M|341\/341
|-damage|p2a: Sam|299\/341|[from] Stealth Rock
|-weather|Sandstorm
|move|p1a: Magnezone|Flash Cannon|p2a: Sam
|-supereffective|p2a: Sam
|-damage|p2a: Sam|197\/341
|
|-weather|Sandstorm|[upkeep]
|turn|21
|c|âjinblue|0 damage
|
|move|p1a: Magnezone|Flash Cannon|p2a: Sam
|-supereffective|p2a: Sam
|-damage|p2a: Sam|101\/341
|move|p2a: Sam|Crunch|p1a: Magnezone
|-damage|p1a: Magnezone|0 fnt
|faint|p1a: Magnezone
|
|-weather|Sandstorm|[upkeep]
|
|switch|p1a: Clefable|Clefable, F|208\/394
|turn|22
|
|move|p2a: Sam|Rock Slide|p1a: Clefable
|-damage|p1a: Clefable|57\/394
|move|p1a: Clefable|Soft-Boiled|p1a: Clefable
|-heal|p1a: Clefable|254\/394
|
|-weather|Sandstorm|[upkeep]
|-heal|p1a: Clefable|278\/394|[from] item: Leftovers
|turn|23
|
|move|p2a: Sam|Rock Slide|p1a: Clefable
|-damage|p1a: Clefable|137\/394
|move|p1a: Clefable|Thunder Wave|p2a: Sam
|-status|p2a: Sam|par
|
|-weather|Sandstorm|[upkeep]
|-heal|p1a: Clefable|161\/394|[from] item: Leftovers
|turn|24
|c|âjinblue|thought you'd be choiced tbh
|
|move|p1a: Clefable|Soft-Boiled|p1a: Clefable
|-heal|p1a: Clefable|358\/394
|cant|p2a: Sam|par
|
|-weather|none
|-heal|p1a: Clefable|382\/394|[from] item: Leftovers
|turn|25
|
|switch|p1a: Landorus-Therian|Landorus-Therian, M|201\/325
|-ability|p1a: Landorus-Therian|Intimidate|[of] p2a: Sam
|-unboost|p2a: Sam|atk|1
|cant|p2a: Sam|par
|
|turn|26
|
|switch|p2a: Ivan|Gliscor, M|205\/352 tox
|-damage|p2a: Ivan|161\/352 tox|[from] Stealth Rock
|move|p1a: Landorus-Therian|U-turn|p2a: Ivan
|-resisted|p2a: Ivan
|-damage|p2a: Ivan|123\/352 tox
|-damage|p1a: Landorus-Therian|169\/325|[from] item: Life Orb
|
|switch|p1a: Gyarados|Gyarados, F|341\/341
|
|-heal|p2a: Ivan|167\/352 tox|[from] ability: Poison Heal
|turn|27
|
|switch|p2a: Sam|Tyranitar, M|101\/341 par
|-damage|p2a: Sam|59\/341 par|[from] Stealth Rock
|-weather|Sandstorm
|move|p1a: Gyarados|Waterfall|p2a: Sam
|-supereffective|p2a: Sam
|-damage|p2a: Sam|0 fnt
|faint|p2a: Sam
|-boost|p1a: Gyarados|atk|1|[from] ability: Moxie
|
|-weather|Sandstorm|[upkeep]
|-damage|p1a: Gyarados|320\/341|[from] sandstorm
|
|switch|p2a: Bill|Slowbro, M, shiny|339\/394 brn
|-damage|p2a: Bill|290\/394 brn|[from] Stealth Rock
|turn|28
|
|switch|p1a: Clefable|Clefable, F|382\/394
|move|p2a: Bill|Scald|p1a: Clefable
|-damage|p1a: Clefable|298\/394
|-status|p1a: Clefable|brn
|
|-weather|Sandstorm|[upkeep]
|-damage|p2a: Bill|266\/394 brn|[from] sandstorm
|-heal|p1a: Clefable|322\/394 brn|[from] item: Leftovers
|-damage|p2a: Bill|217\/394 brn|[from] brn
|turn|29
|
|switch|p2a: Penelope|Amoonguss, F, shiny|367\/432 brn
|-damage|p2a: Penelope|313\/432 brn|[from] Stealth Rock
|move|p1a: Clefable|Heal Bell|p1a: Clefable
|-cureteam|p1a: Clefable|[from] move: HealBell
|
|-weather|Sandstorm|[upkeep]
|-damage|p2a: Penelope|286\/432 brn|[from] sandstorm
|-heal|p1a: Clefable|346\/394|[from] item: Leftovers
|-heal|p2a: Penelope|313\/432 brn|[from] item: Black Sludge
|-damage|p2a: Penelope|259\/432 brn|[from] brn
|turn|30
|c|âjinblue|thank god for sand eh
|c|âjinblue|no zappy switch ins
|c|âmastermind15|yeah, that volt switch crit has become a problem
|
|move|p1a: Clefable|Moonblast|p2a: Penelope
|-resisted|p2a: Penelope
|-damage|p2a: Penelope|211\/432 brn
|move|p2a: Penelope|Spore|p1a: Clefable
|-status|p1a: Clefable|slp
|
|-weather|Sandstorm|[upkeep]
|-damage|p2a: Penelope|184\/432 brn|[from] sandstorm
|-heal|p1a: Clefable|370\/394 slp|[from] item: Leftovers
|-heal|p2a: Penelope|211\/432 brn|[from] item: Black Sludge
|-damage|p2a: Penelope|157\/432 brn|[from] brn
|turn|31
|
|switch|p1a: Mew|Mew|228\/399
|switch|p2a: Ivan|Gliscor, M|167\/352 tox
|-damage|p2a: Ivan|123\/352 tox|[from] Stealth Rock
|
|-weather|none
|-heal|p1a: Mew|252\/399|[from] item: Leftovers
|-heal|p2a: Ivan|167\/352 tox|[from] ability: Poison Heal
|turn|32
|
|switch|p1a: Clefable|Clefable, F|370\/394 slp
|move|p2a: Ivan|Roost|p2a: Ivan
|-heal|p2a: Ivan|343\/352 tox
|
|-heal|p1a: Clefable|394\/394 slp|[from] item: Leftovers
|-heal|p2a: Ivan|352\/352 tox|[from] ability: Poison Heal
|turn|33
|
|switch|p1a: Gyarados|Gyarados, F|320\/341
|move|p2a: Ivan|Earthquake|p1a: Gyarados
|-immune|p1a: Gyarados|[msg]
|
|turn|34
|
|move|p1a: Gyarados|Dragon Dance|p1a: Gyarados
|-boost|p1a: Gyarados|atk|1
|-boost|p1a: Gyarados|spe|1
|move|p2a: Ivan|Toxic|p1a: Gyarados
|-status|p1a: Gyarados|tox
|-enditem|p1a: Gyarados|Lum Berry|[eat]
|-curestatus|p1a: Gyarados|tox
|
|turn|35
|
|move|p1a: Gyarados|Substitute|p1a: Gyarados
|-start|p1a: Gyarados|Substitute
|-damage|p1a: Gyarados|235\/341
|move|p2a: Ivan|Toxic|p1a: Gyarados
|
|turn|36
|
|switch|p2a: Bill|Slowbro, M, shiny|348\/394 brn
|-damage|p2a: Bill|299\/394 brn|[from] Stealth Rock
|move|p1a: Gyarados|Dragon Dance|p1a: Gyarados
|-boost|p1a: Gyarados|atk|1
|-boost|p1a: Gyarados|spe|1
|
|-damage|p2a: Bill|250\/394 brn|[from] brn
|turn|37
|
|move|p1a: Gyarados|Bounce|p2a: Bill|[still]
|-prepare|p1a: Gyarados|Bounce|p2a: Bill
|move|p2a: Bill|Psychic|p1a: Gyarados|[miss]
|-miss|p2a: Bill|p1a: Gyarados
|
|-damage|p2a: Bill|201\/394 brn|[from] brn
|turn|38
|
|move|p1a: Gyarados|Bounce|p2a: Bill|[miss]
|-miss|p1a: Gyarados|p2a: Bill
|move|p2a: Bill|Psychic|p1a: Gyarados
|-end|p1a: Gyarados|Substitute
|
|-damage|p2a: Bill|152\/394 brn|[from] brn
|turn|39
|c|âjinblue|ah
|
|switch|p2a: Ivan|Gliscor, M|352\/352 tox
|-damage|p2a: Ivan|308\/352 tox|[from] Stealth Rock
|move|p1a: Gyarados|Bounce|p2a: Ivan|[still]
|-prepare|p1a: Gyarados|Bounce|p2a: Ivan
|
|-heal|p2a: Ivan|352\/352 tox|[from] ability: Poison Heal
|turn|40
|
|move|p1a: Gyarados|Bounce|p2a: Ivan
|-damage|p2a: Ivan|141\/352 tox
|move|p2a: Ivan|Toxic|p1a: Gyarados
|-status|p1a: Gyarados|tox
|
|-damage|p1a: Gyarados|214\/341 tox|[from] psn
|-heal|p2a: Ivan|185\/352 tox|[from] ability: Poison Heal
|turn|41
|
|move|p1a: Gyarados|Waterfall|p2a: Ivan
|-supereffective|p2a: Ivan
|-damage|p2a: Ivan|0 fnt
|faint|p2a: Ivan
|-boost|p1a: Gyarados|atk|1|[from] ability: Moxie
|
|-damage|p1a: Gyarados|172\/341 tox|[from] psn
|
|switch|p2a: Bill|Slowbro, M, shiny|283\/394 brn
|-damage|p2a: Bill|234\/394 brn|[from] Stealth Rock
|turn|42
|
|move|p1a: Gyarados|Bounce|p2a: Bill|[still]
|-prepare|p1a: Gyarados|Bounce|p2a: Bill
|move|p2a: Bill|Psychic|p1a: Gyarados|[miss]
|-miss|p2a: Bill|p1a: Gyarados
|
|-damage|p1a: Gyarados|109\/341 tox|[from] psn
|-damage|p2a: Bill|185\/394 brn|[from] brn
|turn|43
|
|switch|p2a: Elizabeth|Gardevoir-Mega, F, shiny|209\/277 par
|-damage|p2a: Elizabeth|175\/277 par|[from] Stealth Rock
|move|p1a: Gyarados|Bounce|p2a: Elizabeth|[miss]
|-miss|p1a: Gyarados|p2a: Elizabeth
|
|-damage|p1a: Gyarados|25\/341 tox|[from] psn
|turn|44
|
|switch|p2a: Bill|Slowbro, M, shiny|316\/394 brn
|-damage|p2a: Bill|267\/394 brn|[from] Stealth Rock
|move|p1a: Gyarados|Waterfall|p2a: Bill
|-resisted|p2a: Bill
|-damage|p2a: Bill|138\/394 brn
|
|-damage|p1a: Gyarados|0 fnt|[from] psn
|-damage|p2a: Bill|89\/394 brn|[from] brn
|faint|p1a: Gyarados
|
|switch|p1a: Landorus-Therian|Landorus-Therian, M|169\/325
|-ability|p1a: Landorus-Therian|Intimidate|[of] p2a: Bill
|-unboost|p2a: Bill|atk|1
|turn|45
|
|switch|p2a: Elizabeth|Gardevoir-Mega, F, shiny|175\/277 par
|-damage|p2a: Elizabeth|141\/277 par|[from] Stealth Rock
|move|p1a: Landorus-Therian|U-turn|p2a: Elizabeth
|-damage|p2a: Elizabeth|0 fnt
|-damage|p1a: Landorus-Therian|137\/325|[from] item: Life Orb
|faint|p2a: Elizabeth
|
|switch|p1a: Talonflame|Talonflame, M|359\/359
|
|
|switch|p2a: Bill|Slowbro, M, shiny|220\/394 brn
|-damage|p2a: Bill|171\/394 brn|[from] Stealth Rock
|turn|46
|
|switch|p1a: Mew|Mew|252\/399
|move|p2a: Bill|Scald|p1a: Mew
|-damage|p1a: Mew|164\/399
|
|-heal|p1a: Mew|188\/399|[from] item: Leftovers
|-damage|p2a: Bill|122\/394 brn|[from] brn
|turn|47
|
|move|p1a: Mew|Will-O-Wisp|p2a: Bill
|-fail|p2a: Bill|brn
|move|p2a: Bill|Scald|p1a: Mew
|-damage|p1a: Mew|88\/399
|
|-heal|p1a: Mew|112\/399|[from] item: Leftovers
|-damage|p2a: Bill|73\/394 brn|[from] brn
|turn|48
|
|move|p1a: Mew|Roost|p1a: Mew
|-heal|p1a: Mew|312\/399
|move|p2a: Bill|Scald|p1a: Mew
|-damage|p1a: Mew|221\/399
|-status|p1a: Mew|brn
|
|-heal|p1a: Mew|245\/399 brn|[from] item: Leftovers
|-damage|p1a: Mew|196\/399 brn|[from] brn
|-damage|p2a: Bill|24\/394 brn|[from] brn
|turn|49
|
|switch|p2a: Penelope|Amoonguss, F, shiny|301\/432 brn
|-damage|p2a: Penelope|247\/432 brn|[from] Stealth Rock
|move|p1a: Mew|Will-O-Wisp|p2a: Penelope
|-fail|p2a: Penelope|brn
|
|-heal|p1a: Mew|220\/399 brn|[from] item: Leftovers
|-heal|p2a: Penelope|274\/432 brn|[from] item: Black Sludge
|-damage|p1a: Mew|171\/399 brn|[from] brn
|-damage|p2a: Penelope|220\/432 brn|[from] brn
|turn|50
|join|Shandrazel
|
|switch|p2a: Bill|Slowbro, M, shiny|155\/394 brn
|-damage|p2a: Bill|106\/394 brn|[from] Stealth Rock
|move|p1a: Mew|Roost|p1a: Mew
|-heal|p1a: Mew|371\/399 brn
|
|-heal|p1a: Mew|395\/399 brn|[from] item: Leftovers
|-damage|p1a: Mew|346\/399 brn|[from] brn
|-damage|p2a: Bill|57\/394 brn|[from] brn
|turn|51
|
|switch|p1a: Talonflame|Talonflame, M|359\/359
|switch|p2a: Penelope|Amoonguss, F, shiny|364\/432 brn
|-damage|p2a: Penelope|310\/432 brn|[from] Stealth Rock
|
|-heal|p2a: Penelope|337\/432 brn|[from] item: Black Sludge
|-damage|p2a: Penelope|283\/432 brn|[from] brn
|turn|52
|c|âjinblue|talonmon is inside
|
|move|p1a: Talonflame|Brave Bird|p2a: Penelope
|-crit|p2a: Penelope
|-supereffective|p2a: Penelope
|-damage|p2a: Penelope|0 fnt
|-damage|p1a: Talonflame|266\/359|[from] recoil|[of] p2a: Penelope
|faint|p2a: Penelope
|
|
|switch|p2a: Bill|Slowbro, M, shiny|188\/394 brn
|-damage|p2a: Bill|139\/394 brn|[from] Stealth Rock
|turn|53
|join|mkmlmlllkk
|
|switch|p1a: Mew|Mew|346\/399 brn
|move|p2a: Bill|Scald|p1a: Mew
|-damage|p1a: Mew|256\/399 brn
|
|-heal|p1a: Mew|280\/399 brn|[from] item: Leftovers
|-damage|p1a: Mew|231\/399 brn|[from] brn
|-damage|p2a: Bill|90\/394 brn|[from] brn
|turn|54
|
|move|p1a: Mew|Will-O-Wisp|p2a: Bill
|-fail|p2a: Bill|brn
|move|p2a: Bill|Scald|p1a: Mew
|-damage|p1a: Mew|132\/399 brn
|
|-heal|p1a: Mew|156\/399 brn|[from] item: Leftovers
|-damage|p1a: Mew|107\/399 brn|[from] brn
|-damage|p2a: Bill|41\/394 brn|[from] brn
|turn|55
|join|nokii
|
|switch|p1a: Landorus-Therian|Landorus-Therian, M|137\/325
|-ability|p1a: Landorus-Therian|Intimidate|[of] p2a: Bill
|-unboost|p2a: Bill|atk|1
|switch|p2a: Chase|Zapdos|101\/383
|-damage|p2a: Chase|6\/383|[from] Stealth Rock
|-ability|p2a: Chase|Pressure
|
|-heal|p2a: Chase|29\/383|[from] item: Leftovers
|turn|56
|
|move|p1a: Landorus-Therian|U-turn|p2a: Chase
|-crit|p2a: Chase
|-resisted|p2a: Chase
|-damage|p2a: Chase|0 fnt
|-damage|p1a: Landorus-Therian|105\/325|[from] item: Life Orb
|faint|p2a: Chase
|c|âmastermind15|gg
|
|switch|p1a: Talonflame|Talonflame, M|266\/359
|
|leave|mastermind15
|player|p2
|c|âjinblue|gg
|leave|nokii
|leave|Shandrazel
|leave|mkmlmlllkk
|-message|Player 2 lost due to inactivity.
|
|win|jinblue