|join|mastermind15
|join|Th3Ender
|player|p1|mastermind15|33
|player|p2|Th3Ender|95
|gametype|singles
|gen|6
|tier|OU
|rated
|clearpoke
|poke|p1|Slowbro, M, shiny
|poke|p1|Gliscor, M
|poke|p1|Amoonguss, F, shiny
|poke|p1|Tyranitar, M
|poke|p1|Zapdos
|poke|p1|Gardevoir, F, shiny
|poke|p2|Raikou
|poke|p2|Gardevoir, F
|poke|p2|Ferrothorn, M
|poke|p2|Landorus-Therian, M
|poke|p2|Azumarill, F
|poke|p2|Heatran, F
|rule|Swagger Clause: Swagger is banned
|rule|Baton Pass Clause: Limit one PokÃ©mon knowing Baton Pass
|rule|Sleep Clause Mod: Limit one foe put to sleep
|rule|Species Clause: Limit one of each PokÃ©mon
|rule|OHKO Clause: OHKO moves are banned
|rule|Moody Clause: Moody is banned
|rule|Evasion Moves Clause: Evasion moves are banned
|rule|Endless Battle Clause: Forcing endless battles is banned
|rule|HP Percentage Mod: HP is shown in percentages
|teampreview
|
|start
|switch|p1a: Bill|Slowbro, M, shiny|394\/394
|switch|p2a: Heatran|Heatran, F|385\/385
|turn|1
|
|move|p2a: Heatran|Stealth Rock|p1a: Bill
|-sidestart|p1: mastermind15|move: Stealth Rock
|move|p1a: Bill|Scald|p2a: Heatran
|-supereffective|p2a: Heatran
|-damage|p2a: Heatran|199\/385
|
|-heal|p2a: Heatran|223\/385|[from] item: Leftovers
|turn|2
|
|move|p2a: Heatran|Toxic|p1a: Bill|[miss]
|-miss|p2a: Heatran|p1a: Bill
|move|p1a: Bill|Scald|p2a: Heatran
|-supereffective|p2a: Heatran
|-damage|p2a: Heatran|43\/385
|
|-heal|p2a: Heatran|67\/385|[from] item: Leftovers
|turn|3
|
|move|p2a: Heatran|Toxic|p1a: Bill
|-status|p1a: Bill|tox
|move|p1a: Bill|Scald|p2a: Heatran
|-supereffective|p2a: Heatran
|-damage|p2a: Heatran|0 fnt
|faint|p2a: Heatran
|
|-damage|p1a: Bill|370\/394 tox|[from] psn
|
|switch|p2a: Raikou|Raikou|329\/329
|-ability|p2a: Raikou|Pressure
|turn|4
|
|switch|p1a: Ivan|Gliscor, M|352\/352
|-damage|p1a: Ivan|308\/352|[from] Stealth Rock
|move|p2a: Raikou|Volt Switch|p1a: Ivan
|-immune|p1a: Ivan|[msg]
|
|-status|p1a: Ivan|tox|[from] item: Toxic Orb
|turn|5
|
|switch|p1a: Sam|Tyranitar, M|341\/341
|-damage|p1a: Sam|299\/341|[from] Stealth Rock
|-weather|Sandstorm
|move|p2a: Raikou|Volt Switch|p1a: Sam
|-damage|p1a: Sam|259\/341
|
|switch|p2a: Azumarill|Azumarill, F|401\/401
|
|-weather|Sandstorm|[upkeep]
|-damage|p2a: Azumarill|376\/401|[from] sandstorm
|turn|6
|
|switch|p1a: Penelope|Amoonguss, F, shiny|432\/432
|-damage|p1a: Penelope|378\/432|[from] Stealth Rock
|switch|p2a: Gardevoir|Gardevoir, F|277\/277
|-ability|p2a: Gardevoir|Regenerator|[from] ability: Trace|[of] p1a: Penelope
|
|-weather|Sandstorm|[upkeep]
|-damage|p2a: Gardevoir|260\/277|[from] sandstorm
|-damage|p1a: Penelope|351\/432|[from] sandstorm
|-heal|p1a: Penelope|378\/432|[from] item: Black Sludge
|turn|7
|
|switch|p1a: Sam|Tyranitar, M|259\/341
|-damage|p1a: Sam|217\/341|[from] Stealth Rock
|detailschange|p2a: Gardevoir|Gardevoir-Mega, F
|message|Gardevoir has Mega Evolved into Mega Gardevoir!
|move|p2a: Gardevoir|Taunt|p1a: Sam
|-start|p1a: Sam|move: Taunt
|
|-weather|Sandstorm|[upkeep]
|-damage|p2a: Gardevoir|243\/277|[from] sandstorm
|turn|8
|
|move|p2a: Gardevoir|Focus Blast|p1a: Sam
|-supereffective|p1a: Sam
|-damage|p1a: Sam|0 fnt
|faint|p1a: Sam
|
|-weather|Sandstorm|[upkeep]
|-damage|p2a: Gardevoir|226\/277|[from] sandstorm
|join|LT5J G123rocks
|
|switch|p1a: Elizabeth|Gardevoir, F, shiny|277\/277
|-damage|p1a: Elizabeth|243\/277|[from] Stealth Rock
|turn|9
|
|switch|p2a: Ferrothorn|Ferrothorn, M|352\/352
|detailschange|p1a: Elizabeth|Gardevoir-Mega, F, shiny
|message|Gardevoir has Mega Evolved into Mega Gardevoir!
|move|p1a: Elizabeth|Hyper Voice|p2a: Ferrothorn
|-resisted|p2a: Ferrothorn
|-damage|p2a: Ferrothorn|268\/352
|
|-weather|none
|-heal|p2a: Ferrothorn|290\/352|[from] item: Leftovers
|turn|10
|
|switch|p1a: Larry|Zapdos|383\/383
|-damage|p1a: Larry|288\/383|[from] Stealth Rock
|-ability|p1a: Larry|Pressure
|switch|p2a: Gardevoir|Gardevoir-Mega, F|226\/277
|
|-heal|p1a: Larry|311\/383|[from] item: Leftovers
|turn|11
|leave|LT5J G123rocks
|
|move|p2a: Gardevoir|Hyper Voice|p1a: Larry
|-damage|p1a: Larry|10\/383
|move|p1a: Larry|Defog|p2a: Gardevoir
|-unboost|p2a: Gardevoir|evasion|1
|-sideend|p1: mastermind15|Stealth Rock|[from] move: Defog|[of] p1a: Larry
|
|-heal|p1a: Larry|33\/383|[from] item: Leftovers
|turn|12
|
|move|p2a: Gardevoir|Hyper Voice|p1a: Larry
|-damage|p1a: Larry|0 fnt
|faint|p1a: Larry
|
|
|switch|p1a: Elizabeth|Gardevoir-Mega, F, shiny|243\/277
|turn|13
|
|switch|p2a: Ferrothorn|Ferrothorn, M|290\/352
|move|p1a: Elizabeth|Hyper Voice|p2a: Ferrothorn
|-resisted|p2a: Ferrothorn
|-damage|p2a: Ferrothorn|197\/352
|
|-heal|p2a: Ferrothorn|219\/352|[from] item: Leftovers
|turn|14
|
|move|p2a: Ferrothorn|Protect|p2a: Ferrothorn
|-singleturn|p2a: Ferrothorn|Protect
|move|p1a: Elizabeth|Focus Blast|p2a: Ferrothorn
|-activate|p2a: Ferrothorn|Protect
|
|-heal|p2a: Ferrothorn|241\/352|[from] item: Leftovers
|turn|15
|
|switch|p2a: Azumarill|Azumarill, F|376\/401
|move|p1a: Elizabeth|Focus Blast|p2a: Azumarill|[miss]
|-miss|p1a: Elizabeth|p2a: Azumarill
|
|turn|16
|
|switch|p1a: Penelope|Amoonguss, F, shiny|432\/432
|move|p2a: Azumarill|Play Rough|p1a: Penelope
|-resisted|p1a: Penelope
|-damage|p1a: Penelope|317\/432
|-unboost|p1a: Penelope|atk|1
|
|-heal|p1a: Penelope|344\/432|[from] item: Black Sludge
|turn|17
|
|switch|p2a: Ferrothorn|Ferrothorn, M|241\/352
|switch|p1a: Elizabeth|Gardevoir-Mega, F, shiny|243\/277
|
|-heal|p2a: Ferrothorn|263\/352|[from] item: Leftovers
|turn|18
|
|move|p2a: Ferrothorn|Protect|p2a: Ferrothorn
|-singleturn|p2a: Ferrothorn|Protect
|move|p1a: Elizabeth|Substitute|p1a: Elizabeth
|-start|p1a: Elizabeth|Substitute
|-damage|p1a: Elizabeth|174\/277
|
|-heal|p2a: Ferrothorn|285\/352|[from] item: Leftovers
|turn|19
|join|Paralysia infantil
|
|switch|p2a: Landorus-Therian|Landorus-Therian, M|319\/319
|-activate|p1a: Elizabeth|Substitute|ability: Intimidate|[of] p2a: Landorus-Therian
|move|p1a: Elizabeth|Focus Blast|p2a: Landorus-Therian
|-resisted|p2a: Landorus-Therian
|-damage|p2a: Landorus-Therian|213\/319
|
|turn|20
|
|move|p2a: Landorus-Therian|U-turn|p1a: Elizabeth
|-end|p1a: Elizabeth|Substitute
|
|switch|p2a: Azumarill|Azumarill, F|376\/401
|move|p1a: Elizabeth|Hyper Voice|p2a: Azumarill
|-damage|p2a: Azumarill|169\/401
|
|turn|21
|
|switch|p1a: Penelope|Amoonguss, F, shiny|432\/432
|move|p2a: Azumarill|Aqua Jet|p1a: Penelope
|-resisted|p1a: Penelope
|-damage|p1a: Penelope|378\/432
|
|-heal|p1a: Penelope|405\/432|[from] item: Black Sludge
|turn|22
|
|switch|p2a: Ferrothorn|Ferrothorn, M|285\/352
|move|p1a: Penelope|Spore|p2a: Ferrothorn
|-fail|p2a: Ferrothorn
|
|-heal|p1a: Penelope|432\/432|[from] item: Black Sludge
|-heal|p2a: Ferrothorn|307\/352|[from] item: Leftovers
|turn|23
|
|switch|p1a: Elizabeth|Gardevoir-Mega, F, shiny|174\/277
|move|p2a: Ferrothorn|Spikes|p1a: Elizabeth
|-sidestart|p1: mastermind15|Spikes
|
|-heal|p2a: Ferrothorn|329\/352|[from] item: Leftovers
|turn|24
|
|switch|p1a: Ivan|Gliscor, M|308\/352 tox
|move|p2a: Ferrothorn|Gyro Ball|p1a: Ivan
|-damage|p1a: Ivan|199\/352 tox
|
|-heal|p2a: Ferrothorn|351\/352|[from] item: Leftovers
|-heal|p1a: Ivan|243\/352 tox|[from] ability: Poison Heal
|turn|25
|
|move|p1a: Ivan|Taunt|p2a: Ferrothorn
|-start|p2a: Ferrothorn|move: Taunt
|cant|p2a: Ferrothorn|move: Taunt|Spikes
|
|-heal|p2a: Ferrothorn|352\/352|[from] item: Leftovers
|-heal|p1a: Ivan|287\/352 tox|[from] ability: Poison Heal
|turn|26
|
|move|p1a: Ivan|Earthquake|p2a: Ferrothorn
|-damage|p2a: Ferrothorn|267\/352
|move|p2a: Ferrothorn|Gyro Ball|p1a: Ivan
|-damage|p1a: Ivan|185\/352 tox
|
|-heal|p2a: Ferrothorn|289\/352|[from] item: Leftovers
|-heal|p1a: Ivan|229\/352 tox|[from] ability: Poison Heal
|turn|27
|
|switch|p2a: Raikou|Raikou|329\/329
|-ability|p2a: Raikou|Pressure
|move|p1a: Ivan|Roost|p1a: Ivan
|-heal|p1a: Ivan|352\/352 tox
|
|turn|28
|join|ox the box
|
|switch|p1a: Penelope|Amoonguss, F, shiny|432\/432
|-damage|p1a: Penelope|378\/432|[from] Spikes
|move|p2a: Raikou|Hidden Power|p1a: Penelope
|-supereffective|p1a: Penelope
|-damage|p1a: Penelope|266\/432
|
|-heal|p1a: Penelope|293\/432|[from] item: Black Sludge
|turn|29
|
|switch|p1a: Ivan|Gliscor, M|352\/352 tox
|move|p2a: Raikou|Volt Switch|p1a: Ivan
|-immune|p1a: Ivan|[msg]
|
|turn|30
|
|switch|p1a: Penelope|Amoonguss, F, shiny|432\/432
|-damage|p1a: Penelope|378\/432|[from] Spikes
|move|p2a: Raikou|Hidden Power|p1a: Penelope
|-supereffective|p1a: Penelope
|-damage|p1a: Penelope|254\/432
|
|-heal|p1a: Penelope|281\/432|[from] item: Black Sludge
|turn|31
|
|move|p2a: Raikou|Volt Switch|p1a: Penelope
|-resisted|p1a: Penelope
|-damage|p1a: Penelope|230\/432
|
|switch|p2a: Ferrothorn|Ferrothorn, M|289\/352
|move|p1a: Penelope|Spore|p2a: Ferrothorn
|-fail|p2a: Ferrothorn
|
|-heal|p1a: Penelope|257\/432|[from] item: Black Sludge
|-heal|p2a: Ferrothorn|311\/352|[from] item: Leftovers
|turn|32
|
|switch|p1a: Ivan|Gliscor, M|352\/352 tox
|move|p2a: Ferrothorn|Spikes|p1a: Ivan
|-sidestart|p1: mastermind15|Spikes
|
|-heal|p2a: Ferrothorn|333\/352|[from] item: Leftovers
|turn|33
|
|switch|p2a: Azumarill|Azumarill, F|169\/401
|move|p1a: Ivan|Earthquake|p2a: Azumarill
|-damage|p2a: Azumarill|37\/401
|
|turn|34
|
|move|p2a: Azumarill|Aqua Jet|p1a: Ivan
|-supereffective|p1a: Ivan
|-damage|p1a: Ivan|236\/352 tox
|move|p1a: Ivan|Earthquake|p2a: Azumarill
|-damage|p2a: Azumarill|0 fnt
|faint|p2a: Azumarill
|
|-heal|p1a: Ivan|280\/352 tox|[from] ability: Poison Heal
|
|switch|p2a: Gardevoir|Gardevoir-Mega, F|226\/277
|turn|35
|
|switch|p1a: Bill|Slowbro, M, shiny|394\/394 tox
|-damage|p1a: Bill|329\/394 tox|[from] Spikes
|move|p2a: Gardevoir|Hyper Voice|p1a: Bill
|-crit|p1a: Bill
|-damage|p1a: Bill|0 fnt
|faint|p1a: Bill
|
|
|switch|p1a: Elizabeth|Gardevoir-Mega, F, shiny|174\/277
|-damage|p1a: Elizabeth|128\/277|[from] Spikes
|turn|36
|
|switch|p2a: Ferrothorn|Ferrothorn, M|333\/352
|move|p1a: Elizabeth|Hyper Voice|p2a: Ferrothorn
|-resisted|p2a: Ferrothorn
|-damage|p2a: Ferrothorn|249\/352
|
|-heal|p2a: Ferrothorn|271\/352|[from] item: Leftovers
|turn|37
|
|move|p1a: Elizabeth|Substitute|p1a: Elizabeth
|-start|p1a: Elizabeth|Substitute
|-damage|p1a: Elizabeth|59\/277
|move|p2a: Ferrothorn|Leech Seed|p1a: Elizabeth
|
|-heal|p2a: Ferrothorn|293\/352|[from] item: Leftovers
|turn|38
|
|move|p1a: Elizabeth|Hyper Voice|p2a: Ferrothorn
|-resisted|p2a: Ferrothorn
|-damage|p2a: Ferrothorn|201\/352
|move|p2a: Ferrothorn|Gyro Ball|p1a: Elizabeth
|-supereffective|p1a: Elizabeth
|-end|p1a: Elizabeth|Substitute
|
|-heal|p2a: Ferrothorn|223\/352|[from] item: Leftovers
|turn|39
|
|switch|p2a: Raikou|Raikou|329\/329
|-ability|p2a: Raikou|Pressure
|move|p1a: Elizabeth|Focus Blast|p2a: Raikou|[miss]
|-miss|p1a: Elizabeth|p2a: Raikou
|
|turn|40
|leave|Paralysia infantil
|
|switch|p1a: Penelope|Amoonguss, F, shiny|401\/432
|-damage|p1a: Penelope|329\/432|[from] Spikes
|move|p2a: Raikou|Volt Switch|p1a: Penelope
|-resisted|p1a: Penelope
|-damage|p1a: Penelope|279\/432
|
|switch|p2a: Gardevoir|Gardevoir-Mega, F|226\/277
|
|-heal|p1a: Penelope|306\/432|[from] item: Black Sludge
|turn|41
|
|switch|p1a: Ivan|Gliscor, M|280\/352 tox
|move|p2a: Gardevoir|Psyshock|p1a: Ivan
|-damage|p1a: Ivan|171\/352 tox
|
|-heal|p1a: Ivan|215\/352 tox|[from] ability: Poison Heal
|turn|42
|
|move|p2a: Gardevoir|Hyper Voice|p1a: Ivan
|-damage|p1a: Ivan|0 fnt
|faint|p1a: Ivan
|
|
|switch|p1a: Elizabeth|Gardevoir-Mega, F, shiny|59\/277
|-damage|p1a: Elizabeth|13\/277|[from] Spikes
|turn|43
|
|switch|p2a: Ferrothorn|Ferrothorn, M|223\/352
|move|p1a: Elizabeth|Hyper Voice|p2a: Ferrothorn
|-resisted|p2a: Ferrothorn
|-damage|p2a: Ferrothorn|136\/352
|
|-heal|p2a: Ferrothorn|158\/352|[from] item: Leftovers
|turn|44
|
|move|p1a: Elizabeth|Focus Blast|p2a: Ferrothorn
|-supereffective|p2a: Ferrothorn
|-damage|p2a: Ferrothorn|0 fnt
|faint|p2a: Ferrothorn
|
|
|switch|p2a: Raikou|Raikou|329\/329
|-ability|p2a: Raikou|Pressure
|turn|45
|
|move|p2a: Raikou|Volt Switch|p1a: Elizabeth
|-crit|p1a: Elizabeth
|-damage|p1a: Elizabeth|0 fnt
|faint|p1a: Elizabeth
|-message|mastermind15 forfeited.
|
|win|Th3Ender
|raw|Ladder updating...
|leave|mastermind15
|player|p1
|raw|mastermind15's rating: 1843 &rarr; <strong>1820<\/strong><br \/>(-23 for losing)
|raw|Th3Ender's rating: 1803 &rarr; <strong>1825<\/strong><br \/>(+22 for winning)