|join|mastermind15
|join|Reverb
|player|p1|mastermind15|33
|player|p2|Reverb|#reverb
|gametype|singles
|gen|6
|tier|OU
|rated
|clearpoke
|poke|p1|Slowbro, M, shiny
|poke|p1|Gliscor, M
|poke|p1|Amoonguss, F, shiny
|poke|p1|Tyranitar, M
|poke|p1|Zapdos
|poke|p1|Gardevoir, F, shiny
|poke|p2|Garchomp, F
|poke|p2|Mew
|poke|p2|Bisharp, M
|poke|p2|Thundurus, M
|poke|p2|Azumarill, F
|poke|p2|Heracross, M
|rule|Swagger Clause: Swagger is banned
|rule|Baton Pass Clause: Limit one PokÃ©mon knowing Baton Pass
|rule|Sleep Clause Mod: Limit one foe put to sleep
|rule|Species Clause: Limit one of each PokÃ©mon
|rule|OHKO Clause: OHKO moves are banned
|rule|Moody Clause: Moody is banned
|rule|Evasion Moves Clause: Evasion moves are banned
|rule|Endless Battle Clause: Forcing endless battles is banned
|rule|HP Percentage Mod: HP is shown in percentages
|teampreview
|join|LT1A G123
|join|Queerballsmcgee
|
|start
|switch|p1a: Penelope|Amoonguss, F, shiny|432\/432
|switch|p2a: Mew|Mew|400\/400
|turn|1
|leave|LT1A G123
|
|switch|p1a: Ivan|Gliscor, M|352\/352
|move|p2a: Mew|Taunt|p1a: Ivan
|-start|p1a: Ivan|move: Taunt
|
|-status|p1a: Ivan|tox|[from] item: Toxic Orb
|turn|2
|
|switch|p2a: Garchomp|Garchomp, F|357\/357
|move|p1a: Ivan|Earthquake|p2a: Garchomp
|-damage|p2a: Garchomp|234\/357
|
|turn|3
|join|haunter
|join|Cienight
|
|move|p2a: Garchomp|Stealth Rock|p1a: Ivan
|-sidestart|p1: mastermind15|move: Stealth Rock
|move|p1a: Ivan|Earthquake|p2a: Garchomp
|-damage|p2a: Garchomp|113\/357
|
|turn|4
|join|illestt
|
|switch|p2a: Thundurus|Thundurus, M|299\/299
|move|p1a: Ivan|Earthquake|p2a: Thundurus
|-immune|p2a: Thundurus|[msg]
|
|-end|p1a: Ivan|move: Taunt
|turn|5
|join|lil manaphy
|c| lil manaphy|rip mawile
|
|switch|p2a: Mew|Mew|400\/400
|switch|p1a: Bill|Slowbro, M, shiny|394\/394
|-damage|p1a: Bill|345\/394|[from] Stealth Rock
|
|turn|6
|join|KingTripleA
|c|âmastermind15|may he rest in peace
|c|âmastermind15|indeed
|join|ShootingStarmie
|c|âmastermind15|that mon was designed for this team
|
|switch|p1a: Ivan|Gliscor, M|352\/352 tox
|-damage|p1a: Ivan|308\/352 tox|[from] Stealth Rock
|move|p2a: Mew|Taunt|p1a: Ivan
|-start|p1a: Ivan|move: Taunt
|
|-heal|p1a: Ivan|352\/352 tox|[from] ability: Poison Heal
|turn|7
|
|switch|p2a: Heracross|Heracross, M|301\/301
|move|p1a: Ivan|Earthquake|p2a: Heracross
|-resisted|p2a: Heracross
|-damage|p2a: Heracross|227\/301
|
|turn|8
|join|Gizmo
|join|Masati 5
|
|move|p2a: Heracross|Swords Dance|p2a: Heracross
|-boost|p2a: Heracross|atk|2
|move|p1a: Ivan|Earthquake|p2a: Heracross
|-resisted|p2a: Heracross
|-damage|p2a: Heracross|157\/301
|
|turn|9
|c|+ShootingStarmie|this is why acrobatics is often used ;;
|
|detailschange|p2a: Heracross|Heracross-Mega, M
|message|Heracross has Mega Evolved into Mega Heracross!
|move|p2a: Heracross|Rock Blast|p1a: Ivan
|-damage|p1a: Ivan|300\/352 tox
|-damage|p1a: Ivan|240\/352 tox
|-damage|p1a: Ivan|188\/352 tox
|-damage|p1a: Ivan|128\/352 tox
|-damage|p1a: Ivan|74\/352 tox
|-hitcount|p1a: Ivan|5
|move|p1a: Ivan|Earthquake|p2a: Heracross
|-crit|p2a: Heracross
|-resisted|p2a: Heracross
|-damage|p2a: Heracross|82\/301
|
|-heal|p1a: Ivan|118\/352 tox|[from] ability: Poison Heal
|-end|p1a: Ivan|move: Taunt
|turn|10
|
|switch|p1a: Sam|Tyranitar, M|341\/341
|-damage|p1a: Sam|299\/341|[from] Stealth Rock
|-weather|Sandstorm
|move|p2a: Heracross|Pin Missile|p1a: Sam
|-supereffective|p1a: Sam
|-damage|p1a: Sam|63\/341
|-supereffective|p1a: Sam
|-damage|p1a: Sam|0 fnt
|-hitcount|p1a: Sam|2
|faint|p1a: Sam
|
|-weather|Sandstorm|[upkeep]
|-damage|p2a: Heracross|64\/301|[from] sandstorm
|
|switch|p1a: Elizabeth|Gardevoir, F, shiny|277\/277
|-damage|p1a: Elizabeth|243\/277|[from] Stealth Rock
|turn|11
|join|Swaqfeq
|
|switch|p2a: Azumarill|Azumarill, F|401\/401
|detailschange|p1a: Elizabeth|Gardevoir-Mega, F, shiny
|message|Gardevoir has Mega Evolved into Mega Gardevoir!
|move|p1a: Elizabeth|Hyper Voice|p2a: Azumarill
|-damage|p2a: Azumarill|206\/401
|
|-weather|Sandstorm|[upkeep]
|-damage|p1a: Elizabeth|226\/277|[from] sandstorm
|-damage|p2a: Azumarill|181\/401|[from] sandstorm
|turn|12
|
|move|p2a: Azumarill|Aqua Jet|p1a: Elizabeth
|-damage|p1a: Elizabeth|99\/277
|move|p1a: Elizabeth|Hyper Voice|p2a: Azumarill
|-damage|p2a: Azumarill|0 fnt
|faint|p2a: Azumarill
|
|-weather|Sandstorm|[upkeep]
|-damage|p1a: Elizabeth|82\/277|[from] sandstorm
|
|switch|p2a: Thundurus|Thundurus, M|299\/299
|turn|13
|
|switch|p1a: Penelope|Amoonguss, F, shiny|432\/432
|-damage|p1a: Penelope|378\/432|[from] Stealth Rock
|move|p2a: Thundurus|Thunderbolt|p1a: Penelope
|-resisted|p1a: Penelope
|-damage|p1a: Penelope|284\/432
|-damage|p2a: Thundurus|270\/299|[from] item: Life Orb
|
|-weather|Sandstorm|[upkeep]
|-damage|p2a: Thundurus|252\/299|[from] sandstorm
|-damage|p1a: Penelope|257\/432|[from] sandstorm
|-heal|p1a: Penelope|284\/432|[from] item: Black Sludge
|turn|14
|join|LT1A Geitz
|leave|ShootingStarmie
|
|switch|p2a: Garchomp|Garchomp, F|113\/357
|move|p1a: Penelope|Foul Play|p2a: Garchomp
|-damage|p2a: Garchomp|5\/357
|-damage|p1a: Penelope|230\/432|[from] ability: Rough Skin|[of] p2a: Garchomp
|
|-weather|none
|-heal|p1a: Penelope|257\/432|[from] item: Black Sludge
|turn|15
|
|switch|p1a: Bill|Slowbro, M, shiny|394\/394
|-damage|p1a: Bill|345\/394|[from] Stealth Rock
|move|p2a: Garchomp|Outrage|p1a: Bill
|-damage|p1a: Bill|203\/394
|
|turn|16
|
|move|p2a: Garchomp|Outrage|p1a: Bill
|-damage|p1a: Bill|62\/394
|move|p1a: Bill|Scald|p2a: Garchomp
|-damage|p2a: Garchomp|0 fnt
|faint|p2a: Garchomp
|
|
|switch|p2a: Thundurus|Thundurus, M|252\/299
|turn|17
|join|Spaceman_Sp1ff
|
|switch|p1a: Penelope|Amoonguss, F, shiny|401\/432
|-damage|p1a: Penelope|347\/432|[from] Stealth Rock
|move|p2a: Thundurus|Thunderbolt|p1a: Penelope
|-resisted|p1a: Penelope
|-damage|p1a: Penelope|257\/432
|-damage|p2a: Thundurus|223\/299|[from] item: Life Orb
|
|-heal|p1a: Penelope|284\/432|[from] item: Black Sludge
|turn|18
|join|Keldeo
|join|Pablochu
|
|switch|p2a: Bisharp|Bisharp, M|272\/272
|move|p1a: Penelope|Spore|p2a: Bisharp
|-status|p2a: Bisharp|slp
|
|-heal|p1a: Penelope|311\/432|[from] item: Black Sludge
|turn|19
|join|LT1A Demerging
|
|switch|p2a: Mew|Mew|400\/400
|move|p1a: Penelope|Foul Play|p2a: Mew
|-supereffective|p2a: Mew
|-damage|p2a: Mew|244\/400
|
|-heal|p2a: Mew|269\/400|[from] item: Leftovers
|-heal|p1a: Penelope|338\/432|[from] item: Black Sludge
|turn|20
|c| LT1A Demerging|hello
|join|sugarhigh
|leave|sugarhigh
|
|switch|p1a: Bill|Slowbro, M, shiny|193\/394
|-damage|p1a: Bill|144\/394|[from] Stealth Rock
|move|p2a: Mew|Knock Off|p1a: Bill
|-supereffective|p1a: Bill
|-damage|p1a: Bill|44\/394
|-enditem|p1a: Bill|Assault Vest|[from] move: Knock Off|[of] p2a: Mew
|
|-heal|p2a: Mew|294\/400|[from] item: Leftovers
|turn|21
|
|move|p2a: Mew|Knock Off|p1a: Bill
|-supereffective|p1a: Bill
|-damage|p1a: Bill|0 fnt
|faint|p1a: Bill
|
|-heal|p2a: Mew|319\/400|[from] item: Leftovers
|
|switch|p1a: Ivan|Gliscor, M|118\/352 tox
|-damage|p1a: Ivan|74\/352 tox|[from] Stealth Rock
|turn|22
|
|move|p2a: Mew|Taunt|p1a: Ivan
|-start|p1a: Ivan|move: Taunt
|cant|p1a: Ivan|move: Taunt|Roost
|
|-heal|p2a: Mew|344\/400|[from] item: Leftovers
|-heal|p1a: Ivan|118\/352 tox|[from] ability: Poison Heal
|turn|23
|
|switch|p2a: Thundurus|Thundurus, M|223\/299
|move|p1a: Ivan|Earthquake|p2a: Thundurus
|-immune|p2a: Thundurus|[msg]
|
|-heal|p1a: Ivan|162\/352 tox|[from] ability: Poison Heal
|turn|24
|join|LT1A Ernes
|leave|Swaqfeq
|
|switch|p1a: Penelope|Amoonguss, F, shiny|432\/432
|-damage|p1a: Penelope|378\/432|[from] Stealth Rock
|move|p2a: Thundurus|Hidden Power|p1a: Penelope
|-supereffective|p1a: Penelope
|-damage|p1a: Penelope|219\/432
|-damage|p2a: Thundurus|194\/299|[from] item: Life Orb
|
|-heal|p1a: Penelope|246\/432|[from] item: Black Sludge
|turn|25
|join|LT1A Leader Fox
|join|LT1A ben gay
|
|switch|p2a: Heracross|Heracross-Mega, M|64\/301
|move|p1a: Penelope|Foul Play|p2a: Heracross
|-resisted|p2a: Heracross
|-damage|p2a: Heracross|0 fnt
|faint|p2a: Heracross
|
|-heal|p1a: Penelope|273\/432|[from] item: Black Sludge
|
|switch|p2a: Thundurus|Thundurus, M|194\/299
|turn|26
|
|move|p2a: Thundurus|Hidden Power|p1a: Penelope
|-crit|p1a: Penelope
|-supereffective|p1a: Penelope
|-damage|p1a: Penelope|52\/432
|-damage|p2a: Thundurus|165\/299|[from] item: Life Orb
|move|p1a: Penelope|Foul Play|p2a: Thundurus
|-damage|p2a: Thundurus|73\/299
|
|-heal|p1a: Penelope|79\/432|[from] item: Black Sludge
|turn|27
|join|LT1A questionairre
|
|switch|p1a: Elizabeth|Gardevoir-Mega, F, shiny|82\/277
|-damage|p1a: Elizabeth|48\/277|[from] Stealth Rock
|move|p2a: Thundurus|Hidden Power|p1a: Elizabeth
|-damage|p1a: Elizabeth|0 fnt
|-damage|p2a: Thundurus|44\/299|[from] item: Life Orb
|faint|p1a: Elizabeth
|
|leave|LT1A questionairre
|join|sugarhigh
|leave|sugarhigh
|
|switch|p1a: Chase|Zapdos|383\/383
|-damage|p1a: Chase|288\/383|[from] Stealth Rock
|-ability|p1a: Chase|Pressure
|turn|28
|join|kungfu pancham
|join|sugarhigh
|
|move|p2a: Thundurus|Thunderbolt|p1a: Chase
|-crit|p1a: Chase
|-damage|p1a: Chase|0 fnt
|-damage|p2a: Thundurus|15\/299|[from] item: Life Orb
|faint|p1a: Chase
|
|c|âmastermind15|wow
|
|switch|p1a: Penelope|Amoonguss, F, shiny|223\/432
|-damage|p1a: Penelope|169\/432|[from] Stealth Rock
|turn|29
|
|switch|p2a: Mew|Mew|344\/400
|move|p1a: Penelope|Foul Play|p2a: Mew
|-supereffective|p2a: Mew
|-damage|p2a: Mew|194\/400
|
|-heal|p2a: Mew|219\/400|[from] item: Leftovers
|-heal|p1a: Penelope|196\/432|[from] item: Black Sludge
|turn|30
|join|Subject 18
|
|switch|p1a: Ivan|Gliscor, M|162\/352 tox
|-damage|p1a: Ivan|118\/352 tox|[from] Stealth Rock
|move|p2a: Mew|Roost|p2a: Mew
|-heal|p2a: Mew|400\/400
|
|-heal|p1a: Ivan|162\/352 tox|[from] ability: Poison Heal
|turn|31
|leave|Subject 18
|
|move|p2a: Mew|Taunt|p1a: Ivan
|-start|p1a: Ivan|move: Taunt
|cant|p1a: Ivan|move: Taunt|Taunt
|
|-heal|p1a: Ivan|206\/352 tox|[from] ability: Poison Heal
|turn|32
|
|move|p2a: Mew|Will-O-Wisp|p1a: Ivan
|-fail|p1a: Ivan
|move|p1a: Ivan|Earthquake|p2a: Mew
|-damage|p2a: Mew|292\/400
|
|-heal|p2a: Mew|317\/400|[from] item: Leftovers
|-heal|p1a: Ivan|250\/352 tox|[from] ability: Poison Heal
|turn|33
|join|LT1A questionairre
|leave|LT1A questionairre
|
|move|p2a: Mew|Will-O-Wisp|p1a: Ivan|[miss]
|-miss|p2a: Mew|p1a: Ivan
|move|p1a: Ivan|Earthquake|p2a: Mew
|-damage|p2a: Mew|212\/400
|
|-heal|p2a: Mew|237\/400|[from] item: Leftovers
|-heal|p1a: Ivan|294\/352 tox|[from] ability: Poison Heal
|-end|p1a: Ivan|move: Taunt
|turn|34
|
|move|p2a: Mew|Taunt|p1a: Ivan
|-start|p1a: Ivan|move: Taunt
|cant|p1a: Ivan|move: Taunt|Toxic
|
|-heal|p2a: Mew|262\/400|[from] item: Leftovers
|-heal|p1a: Ivan|338\/352 tox|[from] ability: Poison Heal
|turn|35
|leave|LT1A Leader Fox
|
|move|p2a: Mew|Roost|p2a: Mew
|-heal|p2a: Mew|400\/400
|move|p1a: Ivan|Earthquake|p2a: Mew
|-damage|p2a: Mew|286\/400
|
|-heal|p2a: Mew|311\/400|[from] item: Leftovers
|-heal|p1a: Ivan|352\/352 tox|[from] ability: Poison Heal
|turn|36
|
|move|p2a: Mew|Will-O-Wisp|p1a: Ivan
|-fail|p1a: Ivan
|move|p1a: Ivan|Earthquake|p2a: Mew
|-damage|p2a: Mew|199\/400
|
|-heal|p2a: Mew|224\/400|[from] item: Leftovers
|-end|p1a: Ivan|move: Taunt
|turn|37
|
|switch|p1a: Penelope|Amoonguss, F, shiny|340\/432
|-damage|p1a: Penelope|286\/432|[from] Stealth Rock
|move|p2a: Mew|Taunt|p1a: Penelope
|-start|p1a: Penelope|move: Taunt
|
|-heal|p2a: Mew|249\/400|[from] item: Leftovers
|-heal|p1a: Penelope|313\/432|[from] item: Black Sludge
|turn|38
|
|switch|p1a: Ivan|Gliscor, M|352\/352 tox
|-damage|p1a: Ivan|308\/352 tox|[from] Stealth Rock
|move|p2a: Mew|Will-O-Wisp|p1a: Ivan
|-fail|p1a: Ivan
|
|-heal|p2a: Mew|274\/400|[from] item: Leftovers
|-heal|p1a: Ivan|352\/352 tox|[from] ability: Poison Heal
|turn|39
|join|LT1A blunder
|
|switch|p1a: Penelope|Amoonguss, F, shiny|432\/432
|-damage|p1a: Penelope|378\/432|[from] Stealth Rock
|move|p2a: Mew|Taunt|p1a: Penelope
|-start|p1a: Penelope|move: Taunt
|
|-heal|p2a: Mew|299\/400|[from] item: Leftovers
|-heal|p1a: Penelope|405\/432|[from] item: Black Sludge
|turn|40
|join|sdfgh0009
|join|LT1B daftmau5
|join|Ned Kelly
|
|switch|p1a: Ivan|Gliscor, M|352\/352 tox
|-damage|p1a: Ivan|308\/352 tox|[from] Stealth Rock
|move|p2a: Mew|Will-O-Wisp|p1a: Ivan|[miss]
|-miss|p2a: Mew|p1a: Ivan
|
|-heal|p2a: Mew|324\/400|[from] item: Leftovers
|-heal|p1a: Ivan|352\/352 tox|[from] ability: Poison Heal
|turn|41
|leave|kungfu pancham
|
|switch|p1a: Penelope|Amoonguss, F, shiny|432\/432
|-damage|p1a: Penelope|378\/432|[from] Stealth Rock
|move|p2a: Mew|Taunt|p1a: Penelope
|-start|p1a: Penelope|move: Taunt
|
|-heal|p2a: Mew|349\/400|[from] item: Leftovers
|-heal|p1a: Penelope|405\/432|[from] item: Black Sludge
|turn|42
|leave|LT1A Geitz
|join|McMeghan
|
|switch|p1a: Ivan|Gliscor, M|352\/352 tox
|-damage|p1a: Ivan|308\/352 tox|[from] Stealth Rock
|move|p2a: Mew|Will-O-Wisp|p1a: Ivan
|-fail|p1a: Ivan
|
|-heal|p2a: Mew|374\/400|[from] item: Leftovers
|-heal|p1a: Ivan|352\/352 tox|[from] ability: Poison Heal
|turn|43
|leave|Ned Kelly
|
|move|p2a: Mew|Taunt|p1a: Ivan
|-start|p1a: Ivan|move: Taunt
|cant|p1a: Ivan|move: Taunt|Toxic
|
|-heal|p2a: Mew|399\/400|[from] item: Leftovers
|turn|44
|
|switch|p1a: Penelope|Amoonguss, F, shiny|432\/432
|-damage|p1a: Penelope|378\/432|[from] Stealth Rock
|move|p2a: Mew|Will-O-Wisp|p1a: Penelope
|-status|p1a: Penelope|brn
|
|-heal|p2a: Mew|400\/400|[from] item: Leftovers
|-heal|p1a: Penelope|405\/432 brn|[from] item: Black Sludge
|-damage|p1a: Penelope|351\/432 brn|[from] brn
|turn|45
|leave|sdfgh0009
|join|crabappl
|
|switch|p1a: Ivan|Gliscor, M|352\/352 tox
|-damage|p1a: Ivan|308\/352 tox|[from] Stealth Rock
|move|p2a: Mew|Knock Off|p1a: Ivan
|-damage|p1a: Ivan|257\/352 tox
|-enditem|p1a: Ivan|Toxic Orb|[from] move: Knock Off|[of] p2a: Mew
|
|-heal|p1a: Ivan|301\/352 tox|[from] ability: Poison Heal
|turn|46
|
|move|p2a: Mew|Taunt|p1a: Ivan
|-start|p1a: Ivan|move: Taunt
|cant|p1a: Ivan|move: Taunt|Toxic
|
|-heal|p1a: Ivan|345\/352 tox|[from] ability: Poison Heal
|turn|47
|
|switch|p1a: Penelope|Amoonguss, F, shiny|432\/432 brn
|-damage|p1a: Penelope|378\/432 brn|[from] Stealth Rock
|move|p2a: Mew|Knock Off|p1a: Penelope
|-damage|p1a: Penelope|274\/432 brn
|-enditem|p1a: Penelope|Black Sludge|[from] move: Knock Off|[of] p2a: Mew
|
|-damage|p1a: Penelope|220\/432 brn|[from] brn
|turn|48
|leave|crabappl
|join|BigTheHedgehogâª_âªÂ¬
|c| Gizmo|gg wp
|join|LT1A Duncajuwon
|
|switch|p1a: Ivan|Gliscor, M|345\/352 tox
|-damage|p1a: Ivan|301\/352 tox|[from] Stealth Rock
|move|p2a: Mew|Taunt|p1a: Ivan
|-start|p1a: Ivan|move: Taunt
|
|-heal|p1a: Ivan|345\/352 tox|[from] ability: Poison Heal
|turn|49
|
|switch|p1a: Penelope|Amoonguss, F, shiny|364\/432 brn
|-damage|p1a: Penelope|310\/432 brn|[from] Stealth Rock
|move|p2a: Mew|Knock Off|p1a: Penelope
|-damage|p1a: Penelope|238\/432 brn
|
|-damage|p1a: Penelope|184\/432 brn|[from] brn
|turn|50
|leave|BigTheHedgehogâª_âªÂ¬
|join|El vergas.
|join|BigTheHedgehogâª_âªÂ¬
|leave|LT1A Duncajuwon
|
|switch|p1a: Ivan|Gliscor, M|345\/352 tox
|-damage|p1a: Ivan|301\/352 tox|[from] Stealth Rock
|move|p2a: Mew|Taunt|p1a: Ivan
|-start|p1a: Ivan|move: Taunt
|
|-heal|p1a: Ivan|345\/352 tox|[from] ability: Poison Heal
|turn|51
|leave|BigTheHedgehogâª_âªÂ¬
|join|kid gf lol
|
|switch|p1a: Penelope|Amoonguss, F, shiny|328\/432 brn
|-damage|p1a: Penelope|274\/432 brn|[from] Stealth Rock
|move|p2a: Mew|Knock Off|p1a: Penelope
|-damage|p1a: Penelope|205\/432 brn
|
|-damage|p1a: Penelope|151\/432 brn|[from] brn
|turn|52
|
|switch|p1a: Ivan|Gliscor, M|345\/352 tox
|-damage|p1a: Ivan|301\/352 tox|[from] Stealth Rock
|move|p2a: Mew|Taunt|p1a: Ivan
|-start|p1a: Ivan|move: Taunt
|
|-heal|p1a: Ivan|345\/352 tox|[from] ability: Poison Heal
|turn|53
|
|move|p2a: Mew|Knock Off|p1a: Ivan
|-damage|p1a: Ivan|311\/352 tox
|move|p1a: Ivan|Earthquake|p2a: Mew
|-damage|p2a: Mew|285\/400
|
|-heal|p2a: Mew|310\/400|[from] item: Leftovers
|-heal|p1a: Ivan|352\/352 tox|[from] ability: Poison Heal
|turn|54
|join|ch2ld please
|
|move|p2a: Mew|Knock Off|p1a: Ivan
|-damage|p1a: Ivan|319\/352 tox
|move|p1a: Ivan|Earthquake|p2a: Mew
|-damage|p2a: Mew|190\/400
|
|-heal|p2a: Mew|215\/400|[from] item: Leftovers
|-heal|p1a: Ivan|352\/352 tox|[from] ability: Poison Heal
|turn|55
|leave|ch2ld please
|
|move|p2a: Mew|Roost|p2a: Mew
|-heal|p2a: Mew|400\/400
|move|p1a: Ivan|Earthquake|p2a: Mew
|-damage|p2a: Mew|295\/400
|
|-heal|p2a: Mew|320\/400|[from] item: Leftovers
|-end|p1a: Ivan|move: Taunt
|turn|56
|join|Seasons
|join|VinnesiaGLMikeylew
|join|Charismatic Enigma
|leave|El vergas.
|join|Subject 18
|
|switch|p1a: Penelope|Amoonguss, F, shiny|295\/432 brn
|-damage|p1a: Penelope|241\/432 brn|[from] Stealth Rock
|move|p2a: Mew|Taunt|p1a: Penelope
|-start|p1a: Penelope|move: Taunt
|
|-heal|p2a: Mew|345\/400|[from] item: Leftovers
|-damage|p1a: Penelope|187\/432 brn|[from] brn
|turn|57
|leave|VinnesiaGLMikeylew
|join|LT1A PDC
|join|LT1A Updated Kanto
|leave|Subject 18
|
|switch|p1a: Ivan|Gliscor, M|352\/352 tox
|-damage|p1a: Ivan|308\/352 tox|[from] Stealth Rock
|move|p2a: Mew|Taunt|p1a: Ivan
|-start|p1a: Ivan|move: Taunt
|
|-heal|p2a: Mew|370\/400|[from] item: Leftovers
|-heal|p1a: Ivan|352\/352 tox|[from] ability: Poison Heal
|turn|58
|leave|LT1A PDC
|leave|LT1A Updated Kanto
|join|VinnesiaGLMikeylew
|
|switch|p1a: Penelope|Amoonguss, F, shiny|331\/432 brn
|-damage|p1a: Penelope|277\/432 brn|[from] Stealth Rock
|move|p2a: Mew|Knock Off|p1a: Penelope
|-damage|p1a: Penelope|211\/432 brn
|
|-heal|p2a: Mew|395\/400|[from] item: Leftovers
|-damage|p1a: Penelope|157\/432 brn|[from] brn
|turn|59
|leave|VinnesiaGLMikeylew
|
|move|p2a: Mew|Taunt|p1a: Penelope
|-start|p1a: Penelope|move: Taunt
|move|p1a: Penelope|Giga Drain|p2a: Mew
|-damage|p2a: Mew|328\/400
|-heal|p1a: Penelope|191\/432 brn|[from] drain|[of] p2a: Mew
|
|-heal|p2a: Mew|353\/400|[from] item: Leftovers
|-damage|p1a: Penelope|137\/432 brn|[from] brn
|turn|60
|join|Testius
|leave|McMeghan
|
|move|p2a: Mew|Taunt|p1a: Penelope
|-fail|p1a: Penelope
|move|p1a: Penelope|Giga Drain|p2a: Mew
|-damage|p2a: Mew|287\/400
|-heal|p1a: Penelope|170\/432 brn|[from] drain|[of] p2a: Mew
|
|-heal|p2a: Mew|312\/400|[from] item: Leftovers
|-damage|p1a: Penelope|116\/432 brn|[from] brn
|turn|61
|
|switch|p1a: Ivan|Gliscor, M|352\/352 tox
|-damage|p1a: Ivan|308\/352 tox|[from] Stealth Rock
|move|p2a: Mew|Knock Off|p1a: Ivan
|-damage|p1a: Ivan|276\/352 tox
|
|-heal|p2a: Mew|337\/400|[from] item: Leftovers
|-heal|p1a: Ivan|320\/352 tox|[from] ability: Poison Heal
|turn|62
|
|switch|p1a: Penelope|Amoonguss, F, shiny|260\/432 brn
|-damage|p1a: Penelope|206\/432 brn|[from] Stealth Rock
|move|p2a: Mew|Taunt|p1a: Penelope
|-start|p1a: Penelope|move: Taunt
|
|-heal|p2a: Mew|362\/400|[from] item: Leftovers
|-damage|p1a: Penelope|152\/432 brn|[from] brn
|turn|63
|join|Khaliem
|
|switch|p1a: Ivan|Gliscor, M|320\/352 tox
|-damage|p1a: Ivan|276\/352 tox|[from] Stealth Rock
|move|p2a: Mew|Knock Off|p1a: Ivan
|-damage|p1a: Ivan|243\/352 tox
|
|-heal|p2a: Mew|387\/400|[from] item: Leftovers
|-heal|p1a: Ivan|287\/352 tox|[from] ability: Poison Heal
|turn|64
|
|switch|p1a: Penelope|Amoonguss, F, shiny|296\/432 brn
|-damage|p1a: Penelope|242\/432 brn|[from] Stealth Rock
|move|p2a: Mew|Taunt|p1a: Penelope
|-start|p1a: Penelope|move: Taunt
|
|-heal|p2a: Mew|400\/400|[from] item: Leftovers
|-damage|p1a: Penelope|188\/432 brn|[from] brn
|turn|65
|join|daftmau5
|join|LT1A HOAL
|
|switch|p1a: Ivan|Gliscor, M|287\/352 tox
|-damage|p1a: Ivan|243\/352 tox|[from] Stealth Rock
|move|p2a: Mew|Taunt|p1a: Ivan
|-start|p1a: Ivan|move: Taunt
|
|-heal|p1a: Ivan|287\/352 tox|[from] ability: Poison Heal
|turn|66
|leave|LT1A HOAL
|
|switch|p1a: Penelope|Amoonguss, F, shiny|332\/432 brn
|-damage|p1a: Penelope|278\/432 brn|[from] Stealth Rock
|move|p2a: Mew|Knock Off|p1a: Penelope
|-damage|p1a: Penelope|209\/432 brn
|
|-damage|p1a: Penelope|155\/432 brn|[from] brn
|turn|67
|join|GirlFrad
|
|move|p2a: Mew|Taunt|p1a: Penelope
|-start|p1a: Penelope|move: Taunt
|move|p1a: Penelope|Giga Drain|p2a: Mew
|-damage|p2a: Mew|340\/400
|-heal|p1a: Penelope|185\/432 brn|[from] drain|[of] p2a: Mew
|
|-heal|p2a: Mew|365\/400|[from] item: Leftovers
|-damage|p1a: Penelope|131\/432 brn|[from] brn
|turn|68
|join|FirstKillerz
|join|Portgas D Rawk
|join|Orderlymess
|
|switch|p1a: Ivan|Gliscor, M|287\/352 tox
|-damage|p1a: Ivan|243\/352 tox|[from] Stealth Rock
|move|p2a: Mew|Taunt|p1a: Ivan
|-start|p1a: Ivan|move: Taunt
|
|-heal|p2a: Mew|390\/400|[from] item: Leftovers
|-heal|p1a: Ivan|287\/352 tox|[from] ability: Poison Heal
|turn|69
|c| Testius|are u not LTI laddering reverb?
|
|switch|p2a: Thundurus|Thundurus, M|15\/299
|switch|p1a: Penelope|Amoonguss, F, shiny|275\/432 brn
|-damage|p1a: Penelope|221\/432 brn|[from] Stealth Rock
|
|-damage|p1a: Penelope|167\/432 brn|[from] brn
|turn|70
|
|move|p2a: Thundurus|Hidden Power|p1a: Penelope
|-crit|p1a: Penelope
|-supereffective|p1a: Penelope
|-damage|p1a: Penelope|0 fnt
|-damage|p2a: Thundurus|0 fnt|[from] item: Life Orb
|faint|p1a: Penelope
|faint|p2a: Thundurus
|
|leave|Orderlymess
|
|switch|p2a: Mew|Mew|390\/400
|switch|p1a: Ivan|Gliscor, M|287\/352 tox
|-damage|p1a: Ivan|243\/352 tox|[from] Stealth Rock
|turn|71
|join|Blackwing Kalut
|
|move|p2a: Mew|Taunt|p1a: Ivan
|-start|p1a: Ivan|move: Taunt
|cant|p1a: Ivan|move: Taunt|Taunt
|
|-heal|p2a: Mew|400\/400|[from] item: Leftovers
|-heal|p1a: Ivan|287\/352 tox|[from] ability: Poison Heal
|turn|72
|join|Pikachu_2232
|
|move|p2a: Mew|Knock Off|p1a: Ivan
|-damage|p1a: Ivan|253\/352 tox
|move|p1a: Ivan|Earthquake|p2a: Mew
|-damage|p2a: Mew|292\/400
|
|-heal|p2a: Mew|317\/400|[from] item: Leftovers
|-heal|p1a: Ivan|297\/352 tox|[from] ability: Poison Heal
|turn|73
|join|DAVIDpwns
|
|move|p2a: Mew|Knock Off|p1a: Ivan
|-damage|p1a: Ivan|265\/352 tox
|move|p1a: Ivan|Earthquake|p2a: Mew
|-damage|p2a: Mew|212\/400
|
|-heal|p2a: Mew|237\/400|[from] item: Leftovers
|-heal|p1a: Ivan|309\/352 tox|[from] ability: Poison Heal
|-end|p1a: Ivan|move: Taunt
|turn|74
|join|anjelo fodona
|
|move|p2a: Mew|Taunt|p1a: Ivan
|-start|p1a: Ivan|move: Taunt
|cant|p1a: Ivan|move: Taunt|Toxic
|
|-heal|p2a: Mew|262\/400|[from] item: Leftovers
|-heal|p1a: Ivan|352\/352 tox|[from] ability: Poison Heal
|turn|75
|
|move|p2a: Mew|Roost|p2a: Mew
|-heal|p2a: Mew|400\/400
|-activate|p1a: Ivan|move: Struggle
|move|p1a: Ivan|Struggle|p2a: Mew
|-damage|p2a: Mew|364\/400
|-damage|p1a: Ivan|264\/352 tox
|
|-heal|p2a: Mew|389\/400|[from] item: Leftovers
|-heal|p1a: Ivan|308\/352 tox|[from] ability: Poison Heal
|turn|76
|join|Crosvek
|c|âmastermind15|gg
|join|Toplelyoloswaggins
|c|âReverb|gg
|-message|mastermind15 forfeited.
|
|win|Reverb
|raw|Ladder updating...
|leave|mastermind15
|leave|LT1A Ernes
|player|p1