|join|mastermind15
|join|BlazeLatis
|c|âBlazeLatis|gl
|c|âBlazeLatis|hf'
|join|D2P2
|c|âmastermind15|u 2
|player|p1|mastermind15|33
|player|p2|BlazeLatis|290
|gametype|singles
|gen|6
|tier|OU
|clearpoke
|poke|p1|Slowbro, M, shiny
|poke|p1|Zapdos
|poke|p1|Tyranitar, F
|poke|p1|Sableye, M
|poke|p1|Amoonguss, F
|poke|p1|Gothitelle, F, shiny
|poke|p2|Metagross, shiny
|poke|p2|Kyurem-Black
|poke|p2|Manaphy
|poke|p2|Landorus-Therian, M
|poke|p2|Clefable, F
|poke|p2|Latios, M
|rule|Swagger Clause: Swagger is banned
|rule|Baton Pass Clause: Limit one PokÃ©mon knowing Baton Pass
|rule|Sleep Clause Mod: Limit one foe put to sleep
|rule|Species Clause: Limit one of each PokÃ©mon
|rule|OHKO Clause: OHKO moves are banned
|rule|Moody Clause: Moody is banned
|rule|Evasion Moves Clause: Evasion moves are banned
|rule|Endless Battle Clause: Forcing endless battles is banned
|rule|HP Percentage Mod: HP is shown in percentages
|teampreview
|c|âBlazeLatis|stall joy
|c|âBlazeLatis|thank god this team has several way to beat it
|c| D2P2|gl guys
|
|start
|switch|p1a: Jacob|Sableye, M|304\/304
|switch|p2a: Clefuckle|Clefable, F|394\/394
|turn|1
|c| D2P2|CLEFUCKLE
|c| D2P2|lol
|c|âBlazeLatis|yee
|
|switch|p2a: Weapon-X|Metagross, shiny|302\/302
|switch|p1a: Theresa|Gothitelle, F, shiny|281\/281
|
|turn|2
|c|âBlazeLatis|used 2 troll ubers
|c|âBlazeLatis|every team had a mon with fuckle atthe end
|
|switch|p1a: Bill|Slowbro, M, shiny|394\/394
|detailschange|p2a: Weapon-X|Metagross-Mega, shiny
|-mega|p2a: Weapon-X|Metagross|Metagrossite
|move|p2a: Weapon-X|Meteor Mash|p1a: Bill
|-resisted|p1a: Bill
|-damage|p1a: Bill|322\/394
|
|turn|3
|c|âBlazeLatis|does so much 0_0
|c|âBlazeLatis|resisted still
|
|switch|p2a: Latios|Latios, M|301\/301
|switch|p1a: Theresa|Gothitelle, F, shiny|281\/281
|
|turn|4
|c|âBlazeLatis|had a shuckle named fuckle,nosepass named nose fuckle
|c|âBlazeLatis|so much more
|
|switch|p1a: Sam|Tyranitar, F|341\/341
|-weather|Sandstorm
|move|p2a: Latios|Draco Meteor|p1a: Sam
|-damage|p1a: Sam|246\/341
|-unboost|p2a: Latios|spa|2
|-damage|p2a: Latios|271\/301|[from] item: Life Orb
|
|-weather|Sandstorm|[upkeep]
|-damage|p2a: Latios|253\/301|[from] sandstorm
|turn|5
|c| D2P2|assault vest pls
|c|âBlazeLatis|haha
|c|âBlazeLatis|nah max sp.def im guessing
|
|move|p2a: Latios|Earthquake|p1a: Sam
|-supereffective|p1a: Sam
|-damage|p1a: Sam|74\/341
|-damage|p2a: Latios|223\/301|[from] item: Life Orb
|move|p1a: Sam|Pursuit|p2a: Latios
|-supereffective|p2a: Latios
|-damage|p2a: Latios|23\/301
|
|-weather|Sandstorm|[upkeep]
|-damage|p2a: Latios|5\/301|[from] sandstorm
|turn|6
|c|âBlazeLatis|:P
|leave|D2P2
|
|switch|p1a: Larry|Zapdos|383\/383
|-ability|p1a: Larry|Pressure
|move|p2a: Latios|Draco Meteor|p1a: Larry|[miss]
|-miss|p2a: Latios|p1a: Larry
|
|-weather|Sandstorm|[upkeep]
|-damage|p2a: Latios|0 fnt|[from] sandstorm
|-damage|p1a: Larry|360\/383|[from] sandstorm
|-heal|p1a: Larry|383\/383|[from] item: Leftovers
|faint|p2a: Latios
|c|âBlazeLatis|sigh
|c|âBlazeLatis|cant eveb be fancy
|
|switch|p2a: Ice kyube|Kyurem-Black|454\/454
|-ability|p2a: Ice kyube|Teravolt
|turn|7
|
|switch|p1a: Bill|Slowbro, M, shiny|394\/394
|move|p2a: Ice kyube|Ice Beam|p1a: Bill
|-resisted|p1a: Bill
|-damage|p1a: Bill|338\/394
|
|-weather|Sandstorm|[upkeep]
|-damage|p2a: Ice kyube|426\/454|[from] sandstorm
|-damage|p1a: Bill|314\/394|[from] sandstorm
|turn|8
|
|switch|p2a: Clefuckle|Clefable, F|394\/394
|move|p1a: Bill|Scald|p2a: Clefuckle
|-damage|p2a: Clefuckle|319\/394
|-status|p2a: Clefuckle|brn
|
|-weather|none
|-heal|p2a: Clefuckle|343\/394 brn|[from] item: Leftovers
|turn|9
|
|switch|p1a: Theresa|Gothitelle, F, shiny|281\/281
|move|p2a: Clefuckle|Moonblast|p1a: Theresa
|-damage|p1a: Theresa|185\/281
|
|-heal|p2a: Clefuckle|367\/394 brn|[from] item: Leftovers
|turn|10
|
|move|p1a: Theresa|Trick|p2a: Clefuckle
|-activate|p1a: Theresa|move: Trick|[of] p2a: Clefuckle
|-item|p2a: Clefuckle|Choice Scarf|[from] move: Trick
|-item|p1a: Theresa|Leftovers|[from] move: Trick
|move|p2a: Clefuckle|Moonblast|p1a: Theresa
|-damage|p1a: Theresa|92\/281
|
|-heal|p1a: Theresa|109\/281|[from] item: Leftovers
|turn|11
|
|switch|p1a: Penelope|Amoonguss, F|432\/432
|move|p2a: Clefuckle|Moonblast|p1a: Penelope
|-resisted|p1a: Penelope
|-damage|p1a: Penelope|375\/432
|
|-heal|p1a: Penelope|402\/432|[from] item: Black Sludge
|turn|12
|
|move|p2a: Clefuckle|Moonblast|p1a: Penelope
|-resisted|p1a: Penelope
|-damage|p1a: Penelope|344\/432
|move|p1a: Penelope|Spore|p2a: Clefuckle
|-fail|p2a: Clefuckle
|
|-heal|p1a: Penelope|371\/432|[from] item: Black Sludge
|turn|13
|
|switch|p2a: Weapon-X|Metagross-Mega, shiny|302\/302
|move|p1a: Penelope|Spore|p2a: Weapon-X
|-status|p2a: Weapon-X|slp
|
|-heal|p1a: Penelope|398\/432|[from] item: Black Sludge
|turn|14
|c|âBlazeLatis|sigh
|
|cant|p2a: Weapon-X|slp
|move|p1a: Penelope|Foul Play|p2a: Weapon-X
|-crit|p2a: Weapon-X
|-supereffective|p2a: Weapon-X
|-damage|p2a: Weapon-X|54\/302 slp
|
|-heal|p1a: Penelope|425\/432|[from] item: Black Sludge
|turn|15
|
|-curestatus|p2a: Weapon-X|slp
|move|p2a: Weapon-X|Zen Headbutt|p1a: Penelope
|-supereffective|p1a: Penelope
|-damage|p1a: Penelope|17\/432
|move|p1a: Penelope|Foul Play|p2a: Weapon-X
|-supereffective|p2a: Weapon-X
|-damage|p2a: Weapon-X|0 fnt
|faint|p2a: Weapon-X
|
|-heal|p1a: Penelope|44\/432|[from] item: Black Sludge
|
|switch|p2a: In and out|Landorus-Therian, M|382\/382
|-ability|p2a: In and out|Intimidate|[of] p1a: Penelope
|-unboost|p1a: Penelope|atk|1
|turn|16
|
|switch|p1a: Larry|Zapdos|383\/383
|-ability|p1a: Larry|Pressure
|move|p2a: In and out|U-turn|p1a: Larry
|-resisted|p1a: Larry
|-damage|p1a: Larry|349\/383
|
|switch|p2a: Ice kyube|Kyurem-Black|426\/454
|-ability|p2a: Ice kyube|Teravolt
|
|-heal|p1a: Larry|372\/383|[from] item: Leftovers
|turn|17
|c|âmastermind15|was that mgross 252 attack?
|c|âBlazeLatis|jolly
|c|âBlazeLatis|but yeah
|
|switch|p1a: Bill|Slowbro, M, shiny|394\/394
|move|p2a: Ice kyube|Fusion Bolt|p1a: Bill
|-crit|p1a: Bill
|-supereffective|p1a: Bill
|-damage|p1a: Bill|144\/394
|
|turn|18
|
|switch|p1a: Sam|Tyranitar, F|74\/341
|-weather|Sandstorm
|move|p2a: Ice kyube|Fusion Bolt|p1a: Sam
|-damage|p1a: Sam|0 fnt
|faint|p1a: Sam
|
|-weather|Sandstorm|[upkeep]
|-damage|p2a: Ice kyube|398\/454|[from] sandstorm
|
|switch|p1a: Jacob|Sableye, M|304\/304
|turn|19
|
|switch|p2a: Clefuckle|Clefable, F|367\/394 brn
|detailschange|p1a: Jacob|Sableye-Mega, M
|-mega|p1a: Jacob|Sableye|Sablenite
|move|p1a: Jacob|Foul Play|p2a: Clefuckle
|-crit|p2a: Clefuckle
|-resisted|p2a: Clefuckle
|-damage|p2a: Clefuckle|291\/394 brn
|
|-weather|Sandstorm|[upkeep]
|-damage|p1a: Jacob|285\/304|[from] sandstorm
|turn|20
|
|switch|p1a: Penelope|Amoonguss, F|188\/432
|move|p2a: Clefuckle|Flamethrower|p1a: Penelope
|-crit|p1a: Penelope
|-supereffective|p1a: Penelope
|-damage|p1a: Penelope|0 fnt
|faint|p1a: Penelope
|
|-weather|Sandstorm|[upkeep]
|c|âmastermind15|darn the crit
|c|âBlazeLatis|not sure if it mattered
|c|âBlazeLatis|but i dont think so
|c|âmastermind15|it mattered
|c|âmastermind15|not saying i would have for sure won though
|c|âmastermind15|regardless of crit
|c|âBlazeLatis|flame thrower does 37
|
|switch|p1a: Jacob|Sableye-Mega, M|285\/304
|turn|21
|
|switch|p2a: In and out|Landorus-Therian, M|382\/382
|-ability|p2a: In and out|Intimidate|[of] p1a: Jacob
|-unboost|p1a: Jacob|atk|1
|move|p1a: Jacob|Foul Play|p2a: In and out
|-damage|p2a: In and out|265\/382
|
|-weather|Sandstorm|[upkeep]
|-damage|p1a: Jacob|266\/304|[from] sandstorm
|-heal|p2a: In and out|288\/382|[from] item: Leftovers
|turn|22
|
|move|p2a: In and out|U-turn|p1a: Jacob
|-damage|p1a: Jacob|217\/304
|
|switch|p2a: Clefuckle|Clefable, F|291\/394 brn
|move|p1a: Jacob|Recover|p1a: Jacob
|-heal|p1a: Jacob|304\/304
|
|-weather|none
|turn|23
|
|switch|p1a: Bill|Slowbro, M, shiny|275\/394
|move|p2a: Clefuckle|Moonblast|p1a: Bill
|-damage|p1a: Bill|193\/394
|-unboost|p1a: Bill|spa|1
|
|turn|24
|
|switch|p2a: walls be broken|Manaphy|341\/341
|switch|p1a: Larry|Zapdos|372\/383
|-ability|p1a: Larry|Pressure
|
|-heal|p1a: Larry|383\/383|[from] item: Leftovers
|turn|25
|
|switch|p2a: In and out|Landorus-Therian, M|288\/382
|-ability|p2a: In and out|Intimidate|[of] p1a: Larry
|-unboost|p1a: Larry|atk|1
|move|p1a: Larry|Thunderbolt|p2a: In and out
|-immune|p2a: In and out|[msg]
|
|-heal|p2a: In and out|311\/382|[from] item: Leftovers
|turn|26
|
|move|p1a: Larry|Heat Wave|p2a: In and out
|-damage|p2a: In and out|198\/382
|-status|p2a: In and out|brn
|move|p2a: In and out|Stone Edge|p1a: Larry
|-supereffective|p1a: Larry
|-damage|p1a: Larry|287\/383
|
|-heal|p1a: Larry|310\/383|[from] item: Leftovers
|-heal|p2a: In and out|221\/382 brn|[from] item: Leftovers
|-damage|p2a: In and out|174\/382 brn|[from] brn
|turn|27
|
|move|p1a: Larry|Heat Wave|p2a: In and out
|-damage|p2a: In and out|52\/382 brn
|move|p2a: In and out|U-turn|p1a: Larry
|-resisted|p1a: Larry
|-damage|p1a: Larry|293\/383
|
|switch|p2a: Ice kyube|Kyurem-Black|398\/454
|-ability|p2a: Ice kyube|Teravolt
|
|-heal|p1a: Larry|316\/383|[from] item: Leftovers
|turn|28
|
|switch|p1a: Bill|Slowbro, M, shiny|324\/394
|move|p2a: Ice kyube|Ice Beam|p1a: Bill
|-resisted|p1a: Bill
|-damage|p1a: Bill|267\/394
|
|turn|29
|join|millow
|
|switch|p1a: Larry|Zapdos|316\/383
|-ability|p1a: Larry|Pressure
|move|p2a: Ice kyube|Fusion Bolt|p1a: Larry
|-damage|p1a: Larry|209\/383
|
|-heal|p1a: Larry|232\/383|[from] item: Leftovers
|turn|30
|c|âBlazeLatis|oh hey
|
|switch|p1a: Bill|Slowbro, M, shiny|394\/394
|move|p2a: Ice kyube|Ice Beam|p1a: Bill
|-resisted|p1a: Bill
|-damage|p1a: Bill|343\/394
|
|turn|31
|c| millow|that is some aids stall team mastermind
|c|âBlazeLatis|^
|c|âBlazeLatis|still got 2 wall breakers
|c|âmastermind15|lol
|
|move|p2a: Ice kyube|Ice Beam|p1a: Bill
|-resisted|p1a: Bill
|-damage|p1a: Bill|292\/394
|move|p1a: Bill|Psychic|p2a: Ice kyube
|-damage|p2a: Ice kyube|332\/454
|
|turn|32
|
|switch|p2a: walls be broken|Manaphy|341\/341
|switch|p1a: Jacob|Sableye-Mega, M|304\/304
|
|turn|33
|c| millow|gg
|c| millow|its a snack wrap
|c|âBlazeLatis|lawl
|
|move|p2a: walls be broken|Tail Glow|p2a: walls be broken
|-boost|p2a: walls be broken|spa|3
|move|p1a: Jacob|Knock Off|p2a: walls be broken
|-damage|p2a: walls be broken|242\/341
|-enditem|p2a: walls be broken|Wacan Berry|[from] move: Knock Off|[of] p1a: Jacob
|
|turn|34
|c| millow|ahh
|c|âBlazeLatis|hmm
|c| millow|the lord
|
|switch|p1a: Theresa|Gothitelle, F, shiny|109\/281
|move|p2a: walls be broken|Scald|p1a: Theresa
|-damage|p1a: Theresa|0 fnt
|faint|p1a: Theresa
|
|c| millow|bro i know this is stall but calm mind mono attack dark pulse probs better
|c|âBlazeLatis|bop
|
|switch|p1a: Larry|Zapdos|232\/383
|-ability|p1a: Larry|Pressure
|turn|35
|
|move|p2a: walls be broken|Ice Beam|p1a: Larry
|-supereffective|p1a: Larry
|-damage|p1a: Larry|0 fnt
|faint|p1a: Larry
|
|c|âmastermind15|gg
|c|âBlazeLatis|gg
|c| millow|this is my fav team u have stolen blaze
|c|âmastermind15|can't do much against both manaphy and clefable
|c|âBlazeLatis|and that my freidns is how you beat stall
|c|âBlazeLatis|:P
|c|âBlazeLatis|btw
|c|âmastermind15|did you know my team coming in?
|c|âBlazeLatis|im av kyube
|c|âBlazeLatis|and nope
|c|âBlazeLatis|i just wanted too test my new team
|c| millow|mastermind knicked it
|c|âmastermind15|ah, that's why psychic did nothing
|c|âmastermind15|well cya
|-message|mastermind15 forfeited.
|c| millow|lol
|
|win|BlazeLatis
|leave|mastermind15