|join|Frames Janco
|join|WeirdNick504
|player|p1|Frames Janco|64
|player|p2|WeirdNick504|181
|gametype|singles
|gen|6
|tier|OU
|clearpoke
|poke|p1|Charizard, M
|poke|p1|Magneton
|poke|p1|Serperior, F
|poke|p1|Azumarill, F
|poke|p1|Mamoswine, M
|poke|p1|Latias, F
|poke|p2|Manectric, F
|poke|p2|Landorus-Therian, M
|poke|p2|Skarmory, M
|poke|p2|Gengar, F
|poke|p2|Bisharp, F
|poke|p2|Keldeo-Resolute
|rule|Swagger Clause: Swagger is banned
|rule|Baton Pass Clause: Limit one PokÃ©mon knowing Baton Pass
|rule|Sleep Clause Mod: Limit one foe put to sleep
|rule|Species Clause: Limit one of each PokÃ©mon
|rule|OHKO Clause: OHKO moves are banned
|rule|Moody Clause: Moody is banned
|rule|Evasion Moves Clause: Evasion moves are banned
|rule|Endless Battle Clause: Forcing endless battles is banned
|rule|HP Percentage Mod: HP is shown in percentages
|teampreview
|join|WaitTilYesterday
|join|KewlKat
|join|terra olympus
|join|Frickett
|join|BibarelThump
|c| BibarelThump|the serp is here
|join|G0tagofast
|join|TRGH
|c| WaitTilYesterday|kinda donks his team once volturn is gone
|
|start
|switch|p1a: Mamoswine|Mamoswine, M|361\/361
|switch|p2a: Skarmory|Skarmory, M|240\/240
|turn|1
|c| WaitTilYesterday|if hp fire
|c| G0tagofast|OMG after i used lead skarmory it became popular
|c| WaitTilYesterday|for this burd
|c| WaitTilYesterday|it's almost like lead skarm's been a thing for years
|join|Armikhael
|c| WaitTilYesterday|:P
|
|move|p1a: Mamoswine|Stealth Rock|p2a: Skarmory
|-sidestart|p2: WeirdNick504|move: Stealth Rock
|move|p2a: Skarmory|Taunt|p1a: Mamoswine
|-immune|p1a: Mamoswine|[msg]|[from] Oblivious
|
|turn|2
|c|âWeirdNick504|Ikr
|
|switch|p1a: Magneton|Magneton|241\/241
|move|p2a: Skarmory|Stealth Rock|p1a: Magneton
|-sidestart|p1: Frames Janco|move: Stealth Rock
|
|turn|3
|c|âWeirdNick504|shit miss click
|c| G0tagofast|Yeah but it was noexistant some days ago
|
|move|p1a: Magneton|Thunderbolt|p2a: Skarmory
|-supereffective|p2a: Skarmory
|-activate|p2a: Skarmory|Sturdy
|-damage|p2a: Skarmory|1\/240
|-enditem|p2a: Skarmory|Salac Berry|[eat]
|-boost|p2a: Skarmory|spe|1|[from] item: Salac Berry
|move|p2a: Skarmory|Spikes|p1a: Magneton
|-sidestart|p1: Frames Janco|Spikes
|
|turn|4
|
|move|p2a: Skarmory|Spikes|p1a: Magneton
|-sidestart|p1: Frames Janco|Spikes
|move|p1a: Magneton|Thunderbolt|p2a: Skarmory
|-supereffective|p2a: Skarmory
|-damage|p2a: Skarmory|0 fnt
|faint|p2a: Skarmory
|
|c| WaitTilYesterday|dat innovation
|c| G0tagofast|He is just an amazing lead
|
|switch|p2a: Manectric|Manectric, F|281\/281
|-damage|p2a: Manectric|246\/281|[from] Stealth Rock
|turn|5
|c| WaitTilYesterday|then lando-t came along and was like
|c| WaitTilYesterday|sup niggas
|
|detailschange|p2a: Manectric|Manectric-Mega, F
|-mega|p2a: Manectric|Manectric|Manectite
|-ability|p2a: Manectric|Intimidate|[of] p1a: Magneton
|-unboost|p1a: Magneton|atk|1
|move|p1a: Magneton|Thunderbolt|p2a: Manectric
|-resisted|p2a: Manectric
|-damage|p2a: Manectric|159\/281
|move|p2a: Manectric|Volt Switch|p1a: Magneton
|-resisted|p1a: Magneton
|-damage|p1a: Magneton|151\/241
|
|switch|p2a: Landorus-Therian|Landorus-Therian, M|319\/319
|-damage|p2a: Landorus-Therian|280\/319|[from] Stealth Rock
|-ability|p2a: Landorus-Therian|Intimidate|[of] p1a: Magneton
|-unboost|p1a: Magneton|atk|1
|
|turn|6
|join|JackDevlin
|c| G0tagofast|u should use triple lizard change azumarill 4 leviatan (gyarados)
|
|move|p2a: Landorus-Therian|Stone Edge|p1a: Magneton
|-resisted|p1a: Magneton
|-damage|p1a: Magneton|86\/241
|move|p1a: Magneton|Thunderbolt|p2a: Landorus-Therian
|-immune|p2a: Landorus-Therian|[msg]
|
|turn|7
|c|âFrames Janco|can you just kill this thing already
|c|âWeirdNick504|no
|leave|Armikhael
|
|move|p2a: Landorus-Therian|Stone Edge|p1a: Magneton
|-resisted|p1a: Magneton
|-damage|p1a: Magneton|21\/241
|move|p1a: Magneton|Thunderbolt|p2a: Landorus-Therian
|-immune|p2a: Landorus-Therian|[msg]
|
|turn|8
|c| BibarelThump|who taunts an obviously oblivious mamo
|c| G0tagofast|lol
|c| WaitTilYesterday|who knows
|c|âWeirdNick504|It was a misclick
|c| WaitTilYesterday|he could be the one thick fat lead mamo
|c| BibarelThump|thick fat + sash do not work
|c|âFrames Janco|i outsped anyway
|c| BibarelThump|ever
|c| BibarelThump|thick fat and LO
|c| BibarelThump|maybe
|
|move|p2a: Landorus-Therian|Stone Edge|p1a: Magneton|[miss]
|-miss|p2a: Landorus-Therian|p1a: Magneton
|move|p1a: Magneton|Thunderbolt|p2a: Landorus-Therian
|-immune|p2a: Landorus-Therian|[msg]
|
|turn|9
|c| WaitTilYesterday|i was being faceiout
|c|âFrames Janco|i got that ice spear for lead breloom
|c|âFrames Janco|god
|c| WaitTilYesterday|facetious*
|
|move|p2a: Landorus-Therian|Stone Edge|p1a: Magneton
|-crit|p1a: Magneton
|-resisted|p1a: Magneton
|-damage|p1a: Magneton|0 fnt
|faint|p1a: Magneton
|
|c|âWeirdNick504|lol
|c|âFrames Janco|there we go
|
|switch|p1a: Latias|Latias, F|301\/301
|-damage|p1a: Latias|264\/301|[from] Stealth Rock
|turn|10
|c| WaitTilYesterday|I just noticed that facetious has all five vowels, all in order
|c| G0tagofast|draco meteor everything
|
|move|p2a: Landorus-Therian|Stone Edge|p1a: Latias|[miss]
|-miss|p2a: Landorus-Therian|p1a: Latias
|move|p1a: Latias|Defog|p2a: Landorus-Therian
|-unboost|p2a: Landorus-Therian|evasion|1
|-sideend|p2: WeirdNick504|Stealth Rock|[from] move: Defog|[of] p2a: Landorus-Therian
|-sideend|p1: Frames Janco|Spikes|[from] move: Defog|[of] p1a: Latias
|-sideend|p1: Frames Janco|Stealth Rock|[from] move: Defog|[of] p1a: Latias
|
|turn|11
|c|âFrames Janco|damn
|c|âFrames Janco|wow no bish
|c|âWeirdNick504|or i can miss.
|c| G0tagofast|u have bish
|c|âWeirdNick504|i know.
|c|âFrames Janco|i was like well i still have mamo
|
|move|p2a: Landorus-Therian|Stone Edge|p1a: Latias
|-damage|p1a: Latias|133\/301
|move|p1a: Latias|Draco Meteor|p2a: Landorus-Therian
|-crit|p2a: Landorus-Therian
|-damage|p2a: Landorus-Therian|0 fnt
|-unboost|p1a: Latias|spa|2
|-damage|p1a: Latias|103\/301|[from] item: Life Orb
|faint|p2a: Landorus-Therian
|
|c|âFrames Janco|rip
|leave|Frickett
|c|âWeirdNick504|well i didn''t think you'd defog knowing i had a bish....
|c| G0tagofast|My eyes cant see so much mometum loss
|leave|KewlKat
|
|switch|p2a: Manectric|Manectric-Mega, F|159\/281
|-ability|p2a: Manectric|Intimidate|[of] p1a: Latias
|-unboost|p1a: Latias|atk|1
|turn|12
|c|âFrames Janco|lol
|
|switch|p1a: Serperior|Serperior, F|291\/291
|move|p2a: Manectric|Hidden Power|p1a: Serperior
|-supereffective|p1a: Serperior
|-damage|p1a: Serperior|187\/291
|
|turn|13
|c| G0tagofast|AV new meta
|c| JackDevlin|nb
|c|âFrames Janco|look at this man
|c|âFrames Janco|eatin up hp icde
|join|only team testing
|c| BibarelThump|catch this overheat do
|
|move|p2a: Manectric|Flamethrower|p1a: Serperior
|-supereffective|p1a: Serperior
|-damage|p1a: Serperior|23\/291
|move|p1a: Serperior|Leaf Storm|p2a: Manectric
|-damage|p2a: Manectric|0 fnt
|-boost|p1a: Serperior|spa|2
|faint|p2a: Manectric
|
|c|âFrames Janco|hmm
|c|âFrames Janco|nah
|c| BibarelThump|that's a wrap
|c| G0tagofast|He tanks like a man
|c| JackDevlin|Overheat
|c|âWeirdNick504|if only i had it
|c| JackDevlin|pls
|c| BibarelThump|if you were salac it would be over
|
|switch|p2a: Bisharp|Bisharp, F|271\/271
|turn|14
|c|âFrames Janco|nah bish is here
|
|move|p2a: Bisharp|Sucker Punch|p1a: Serperior
|-damage|p1a: Serperior|0 fnt
|faint|p1a: Serperior
|
|
|switch|p1a: Charizard|Charizard, M|333\/333
|turn|15
|c| G0tagofast|reveal the revive
|c|âWeirdNick504|lol
|c|âFrames Janco|(WeirdNick504 uses mas revive)
|c|âFrames Janco|(Skarmory was restored to full health)
|
|detailschange|p1a: Charizard|Charizard-Mega-X, M
|-mega|p1a: Charizard|Charizard|Charizardite X
|move|p1a: Charizard|Flare Blitz|p2a: Bisharp
|-supereffective|p2a: Bisharp
|-enditem|p2a: Bisharp|Focus Sash
|-damage|p2a: Bisharp|1\/271
|-damage|p1a: Charizard|244\/333|[from] recoil|[of] p2a: Bisharp
|move|p2a: Bisharp|Knock Off|p1a: Charizard
|-damage|p1a: Charizard|138\/333
|
|turn|16
|c| BibarelThump|no bun it's over
|c|âFrames Janco|if you were real you would have used metal burst
|c|âWeirdNick504|LOL
|
|move|p1a: Charizard|Roost|p1a: Charizard
|-heal|p1a: Charizard|305\/333
|move|p2a: Bisharp|Swords Dance|p2a: Bisharp
|-boost|p2a: Bisharp|atk|2
|
|turn|17
|c| G0tagofast|JUst change
|c| only team testing|..
|
|move|p2a: Bisharp|Sucker Punch|p1a: Charizard
|-damage|p1a: Charizard|41\/333
|move|p1a: Charizard|Dragon Claw|p2a: Bisharp
|-resisted|p2a: Bisharp
|-damage|p2a: Bisharp|0 fnt
|faint|p2a: Bisharp
|
|
|switch|p2a: Gengar|Gengar, F|261\/261
|turn|18
|c|âFrames Janco|destiny bond
|c|âFrames Janco|plx
|c| BibarelThump|hello
|c| G0tagofast|(Frames Janco is hitting himself with a revive) xb
|
|move|p2a: Gengar|Shadow Ball|p1a: Charizard
|-damage|p1a: Charizard|0 fnt
|-damage|p2a: Gengar|235\/261|[from] item: Life Orb
|faint|p1a: Charizard
|
|
|switch|p1a: Mamoswine|Mamoswine, M|361\/361
|turn|19
|c| G0tagofast|The mamo is here
|
|switch|p2a: Keldeo-Resolute|Keldeo-Resolute|323\/323
|move|p1a: Mamoswine|Icicle Spear|p2a: Keldeo-Resolute
|-resisted|p2a: Keldeo-Resolute
|-damage|p2a: Keldeo-Resolute|297\/323
|-resisted|p2a: Keldeo-Resolute
|-damage|p2a: Keldeo-Resolute|272\/323
|-resisted|p2a: Keldeo-Resolute
|-damage|p2a: Keldeo-Resolute|245\/323
|-resisted|p2a: Keldeo-Resolute
|-damage|p2a: Keldeo-Resolute|222\/323
|-hitcount|p2a: Keldeo-Resolute|4
|
|turn|20
|
|switch|p1a: Latias|Latias, F|103\/301
|move|p2a: Keldeo-Resolute|Scald|p1a: Latias
|-resisted|p1a: Latias
|-damage|p1a: Latias|13\/301
|
|turn|21
|c| BibarelThump|he ain't scarf
|
|move|p1a: Latias|Psyshock|p2a: Keldeo-Resolute
|-supereffective|p2a: Keldeo-Resolute
|-damage|p2a: Keldeo-Resolute|0 fnt
|-damage|p1a: Latias|0 fnt|[from] item: Life Orb
|faint|p2a: Keldeo-Resolute
|faint|p1a: Latias
|
|
|switch|p2a: Gengar|Gengar, F|235\/261
|switch|p1a: Mamoswine|Mamoswine, M|361\/361
|turn|22
|c|âFrames Janco|gg
|c|âWeirdNick504|gg
|c| G0tagofast|gg
|c|âFrames Janco|unless complete bs happens
|
|move|p2a: Gengar|Focus Blast|p1a: Mamoswine
|-supereffective|p1a: Mamoswine
|-enditem|p1a: Mamoswine|Focus Sash
|-damage|p1a: Mamoswine|1\/361
|-damage|p2a: Gengar|209\/261|[from] item: Life Orb
|move|p1a: Mamoswine|Icicle Spear|p2a: Gengar
|-crit|p2a: Gengar
|-damage|p2a: Gengar|110\/261
|-damage|p2a: Gengar|44\/261
|-crit|p2a: Gengar
|-damage|p2a: Gengar|0 fnt
|-hitcount|p2a: Gengar|3
|faint|p2a: Gengar
|
|win|Frames Janco
|c|âWeirdNick504|yolo
|c|âFrames Janco|gg
|leave|only team testing
|c|âWeirdNick504|gg