|join|WeirdNick504
|join|AllAttackOnLadders
|player|p1|WeirdNick504|80
|player|p2|AllAttackOnLadders|156
|gametype|singles
|gen|6
|tier|OU
|rated
|clearpoke
|poke|p1|Diancie
|poke|p1|Jirachi
|poke|p1|Latias, F
|poke|p1|Magnezone
|poke|p1|Conkeldurr, M
|poke|p1|Gliscor, M
|poke|p2|Slowbro, M
|poke|p2|Jirachi
|poke|p2|Gliscor, F
|poke|p2|Sableye, M
|poke|p2|Clefable, M
|poke|p2|Chansey, F
|rule|Swagger Clause: Swagger is banned
|rule|Baton Pass Clause: Limit one PokÃ©mon knowing Baton Pass
|rule|Sleep Clause Mod: Limit one foe put to sleep
|rule|Species Clause: Limit one of each PokÃ©mon
|rule|OHKO Clause: OHKO moves are banned
|rule|Moody Clause: Moody is banned
|rule|Evasion Moves Clause: Evasion moves are banned
|rule|Endless Battle Clause: Forcing endless battles is banned
|rule|HP Percentage Mod: HP is shown in percentages
|teampreview
|
|start
|switch|p1a: Diancie|Diancie|241\/241
|switch|p2a: blobby mk 2|Chansey, F|642\/642
|turn|1
|c|âWeirdNick504|Why do i keep vsing stall
|
|switch|p2a: scrub a dub|Jirachi|404\/404
|detailschange|p1a: Diancie|Diancie-Mega
|-mega|p1a: Diancie|Diancie|Diancite
|move|p1a: Diancie|Protect|p1a: Diancie
|-fail|p1a: Diancie
|
|turn|2
|
|move|p1a: Diancie|Protect|p1a: Diancie
|-singleturn|p1a: Diancie|Protect
|move|p2a: scrub a dub|Fire Punch|p1a: Diancie
|-activate|p1a: Diancie|Protect
|
|turn|3
|
|switch|p1a: Conkeldurr|Conkeldurr, M|413\/413
|switch|p2a: blobby mk 2|Chansey, F|642\/642
|
|turn|4
|
|switch|p2a: regen fgt|Slowbro, M|394\/394
|switch|p1a: Diancie|Diancie-Mega|241\/241
|
|turn|5
|
|switch|p1a: Jirachi|Jirachi|404\/404
|move|p2a: regen fgt|Scald|p1a: Jirachi
|-crit|p1a: Jirachi
|-damage|p1a: Jirachi|296\/404
|-status|p1a: Jirachi|brn
|
|-heal|p1a: Jirachi|321\/404 brn|[from] item: Leftovers
|-damage|p1a: Jirachi|271\/404 brn|[from] brn
|turn|6
|
|switch|p2a: yummy wisp|Sableye, M|304\/304
|move|p1a: Jirachi|Stealth Rock|p2a: yummy wisp
|-sidestart|p2: AllAttackOnLadders|move: Stealth Rock
|
|-heal|p1a: Jirachi|296\/404 brn|[from] item: Leftovers
|-damage|p1a: Jirachi|246\/404 brn|[from] brn
|turn|7
|
|switch|p1a: Diancie|Diancie-Mega|241\/241
|switch|p2a: sleep fodder|Gliscor, F|352\/352
|-damage|p2a: sleep fodder|308\/352|[from] Stealth Rock
|
|-status|p2a: sleep fodder|tox|[from] item: Toxic Orb
|turn|8
|
|switch|p1a: Latias|Latias, F|301\/301
|move|p2a: sleep fodder|Earthquake|p1a: Latias
|-immune|p1a: Latias|[msg]
|
|-heal|p2a: sleep fodder|352\/352 tox|[from] ability: Poison Heal
|turn|9
|join|Skysolo14
|
|switch|p1a: Conkeldurr|Conkeldurr, M|413\/413
|switch|p2a: blobby mk 2|Chansey, F|642\/642
|-damage|p2a: blobby mk 2|562\/642|[from] Stealth Rock
|
|turn|10
|c|âAllAttackOnLadders|ah nb
|
|switch|p2a: sleep fodder|Gliscor, F|352\/352 tox
|-damage|p2a: sleep fodder|308\/352 tox|[from] Stealth Rock
|move|p1a: Conkeldurr|Knock Off|p2a: sleep fodder
|-damage|p2a: sleep fodder|199\/352 tox
|-enditem|p2a: sleep fodder|Toxic Orb|[from] move: Knock Off|[of] p1a: Conkeldurr
|
|-heal|p2a: sleep fodder|243\/352 tox|[from] ability: Poison Heal
|turn|11
|c|âWeirdNick504|thx i've been vsing stall all day so I'm starting to play aggresive
|
|switch|p2a: regen fgt|Slowbro, M|394\/394
|-damage|p2a: regen fgt|345\/394|[from] Stealth Rock
|move|p1a: Conkeldurr|Ice Punch|p2a: regen fgt
|-resisted|p2a: regen fgt
|-damage|p2a: regen fgt|311\/394
|
|-heal|p2a: regen fgt|335\/394|[from] item: Leftovers
|turn|12
|
|move|p1a: Conkeldurr|Knock Off|p2a: regen fgt
|-supereffective|p2a: regen fgt
|-damage|p2a: regen fgt|137\/394
|-enditem|p2a: regen fgt|Leftovers|[from] move: Knock Off|[of] p1a: Conkeldurr
|move|p2a: regen fgt|Psyshock|p1a: Conkeldurr
|-supereffective|p1a: Conkeldurr
|-damage|p1a: Conkeldurr|207\/413
|
|turn|13
|
|move|p1a: Conkeldurr|Knock Off|p2a: regen fgt
|-supereffective|p2a: regen fgt
|-damage|p2a: regen fgt|9\/394
|move|p2a: regen fgt|Slack Off|p2a: regen fgt
|-heal|p2a: regen fgt|206\/394
|
|turn|14
|
|switch|p1a: Magnezone|Magnezone|281\/281
|move|p2a: regen fgt|Slack Off|p2a: regen fgt
|-heal|p2a: regen fgt|394\/394
|
|turn|15
|
|switch|p1a: Conkeldurr|Conkeldurr, M|207\/413
|switch|p2a: sleep fodder|Gliscor, F|243\/352 tox
|-damage|p2a: sleep fodder|199\/352 tox|[from] Stealth Rock
|
|-heal|p2a: sleep fodder|243\/352 tox|[from] ability: Poison Heal
|turn|16
|c| Skysolo14|predicted
|c|âAllAttackOnLadders|n
|c| Skysolo14|now Acrobatics
|c|âWeirdNick504|oh shit lol
|c|âWeirdNick504|that would be funny
|c|âAllAttackOnLadders|how did u guess
|c|âAllAttackOnLadders|fuck it sky
|c| Skysolo14|lol
|join|SunnyORAS
|c| SunnyORAS|ayy lmao mate
|c| SunnyORAS|:]
|
|move|p2a: sleep fodder|Earthquake|p1a: Conkeldurr
|-damage|p1a: Conkeldurr|96\/413
|move|p1a: Conkeldurr|Ice Punch|p2a: sleep fodder
|-crit|p2a: sleep fodder
|-supereffective|p2a: sleep fodder
|-damage|p2a: sleep fodder|0 fnt
|faint|p2a: sleep fodder
|
|c| SunnyORAS|ooh using alts stall huh?
|
|switch|p2a: regen fgt|Slowbro, M|394\/394
|-damage|p2a: regen fgt|345\/394|[from] Stealth Rock
|turn|17
|c|âAllAttackOnLadders|conk is a threat
|
|switch|p1a: Magnezone|Magnezone|281\/281
|move|p2a: regen fgt|Psyshock|p1a: Magnezone
|-resisted|p1a: Magnezone
|-damage|p1a: Magnezone|242\/281
|
|turn|18
|c|âWeirdNick504|i know and now that gliscor is gone i can volt spam
|
|switch|p2a: scrub a dub|Jirachi|404\/404
|-damage|p2a: scrub a dub|379\/404|[from] Stealth Rock
|move|p1a: Magnezone|Volt Switch|p2a: scrub a dub
|-damage|p2a: scrub a dub|289\/404
|c|âAllAttackOnLadders|and now
|c|âAllAttackOnLadders|damage
|c|âAllAttackOnLadders|!
|
|switch|p1a: Gliscor|Gliscor, M|353\/353
|
|-heal|p2a: scrub a dub|314\/404|[from] item: Leftovers
|-status|p1a: Gliscor|tox|[from] item: Toxic Orb
|turn|19
|
|switch|p2a: blobby mk 2|Chansey, F|562\/642
|-damage|p2a: blobby mk 2|482\/642|[from] Stealth Rock
|move|p1a: Gliscor|Earthquake|p2a: blobby mk 2
|-damage|p2a: blobby mk 2|338\/642
|
|turn|20
|
|move|p1a: Gliscor|Toxic|p2a: blobby mk 2
|-status|p2a: blobby mk 2|tox
|move|p2a: blobby mk 2|Stealth Rock|p1a: Gliscor
|-sidestart|p1: WeirdNick504|move: Stealth Rock
|
|-damage|p2a: blobby mk 2|298\/642 tox|[from] psn
|turn|21
|leave|SunnyORAS
|
|switch|p1a: Conkeldurr|Conkeldurr, M|96\/413
|-damage|p1a: Conkeldurr|71\/413|[from] Stealth Rock
|move|p2a: blobby mk 2|Soft-Boiled|p2a: blobby mk 2
|-heal|p2a: blobby mk 2|619\/642 tox
|
|-damage|p2a: blobby mk 2|539\/642 tox|[from] psn
|turn|22
|
|switch|p2a: regen fgt|Slowbro, M|394\/394
|-damage|p2a: regen fgt|345\/394|[from] Stealth Rock
|move|p1a: Conkeldurr|Drain Punch|p2a: regen fgt
|-resisted|p2a: regen fgt
|-damage|p2a: regen fgt|291\/394
|-heal|p1a: Conkeldurr|98\/413|[from] drain|[of] p2a: regen fgt
|
|turn|23
|
|switch|p1a: Jirachi|Jirachi|246\/404 brn
|-damage|p1a: Jirachi|221\/404 brn|[from] Stealth Rock
|move|p2a: regen fgt|Scald|p1a: Jirachi
|-damage|p1a: Jirachi|148\/404 brn
|
|-heal|p1a: Jirachi|173\/404 brn|[from] item: Leftovers
|-damage|p1a: Jirachi|123\/404 brn|[from] brn
|turn|24
|leave|Skysolo14
|
|move|p1a: Jirachi|Wish|p1a: Jirachi
|move|p2a: regen fgt|Slack Off|p2a: regen fgt
|-heal|p2a: regen fgt|394\/394
|
|-heal|p1a: Jirachi|148\/404 brn|[from] item: Leftovers
|-damage|p1a: Jirachi|98\/404 brn|[from] brn
|turn|25
|c|âAllAttackOnLadders|I will play
|
|switch|p2a: scrub a dub|Jirachi|314\/404
|-damage|p2a: scrub a dub|289\/404|[from] Stealth Rock
|move|p1a: Jirachi|Thunder Wave|p2a: scrub a dub
|-status|p2a: scrub a dub|par
|
|-heal|p1a: Jirachi|300\/404 brn|[from] move: Wish|[wisher] Jirachi
|-heal|p1a: Jirachi|325\/404 brn|[from] item: Leftovers
|-heal|p2a: scrub a dub|314\/404 par|[from] item: Leftovers
|-damage|p1a: Jirachi|275\/404 brn|[from] brn
|turn|26
|c|âAllAttackOnLadders|until turn 200
|c|âWeirdNick504|i just had a 150 turn battle so 200 doesn't seem too bad
|
|switch|p1a: Gliscor|Gliscor, M|353\/353 tox
|-damage|p1a: Gliscor|309\/353 tox|[from] Stealth Rock
|move|p2a: scrub a dub|Fire Punch|p1a: Gliscor
|-damage|p1a: Gliscor|271\/353 tox
|
|-heal|p2a: scrub a dub|339\/404 par|[from] item: Leftovers
|-heal|p1a: Gliscor|315\/353 tox|[from] ability: Poison Heal
|turn|27
|
|switch|p2a: regen fgt|Slowbro, M|394\/394
|-damage|p2a: regen fgt|345\/394|[from] Stealth Rock
|move|p1a: Gliscor|Toxic|p2a: regen fgt|[miss]
|-miss|p1a: Gliscor|p2a: regen fgt
|
|-heal|p1a: Gliscor|353\/353 tox|[from] ability: Poison Heal
|turn|28
|
|switch|p1a: Latias|Latias, F|301\/301
|-damage|p1a: Latias|264\/301|[from] Stealth Rock
|move|p2a: regen fgt|Scald|p1a: Latias
|-resisted|p1a: Latias
|-damage|p1a: Latias|225\/301
|-status|p1a: Latias|brn
|
|-damage|p1a: Latias|188\/301 brn|[from] brn
|turn|29
|
|move|p1a: Latias|Psyshock|p2a: regen fgt
|-resisted|p2a: regen fgt
|-damage|p2a: regen fgt|288\/394
|-damage|p1a: Latias|158\/301 brn|[from] item: Life Orb
|move|p2a: regen fgt|Psyshock|p1a: Latias
|-resisted|p1a: Latias
|-damage|p1a: Latias|104\/301 brn
|
|-damage|p1a: Latias|67\/301 brn|[from] brn
|turn|30
|
|move|p1a: Latias|Defog|p2a: regen fgt
|-unboost|p2a: regen fgt|evasion|1
|-sideend|p2: AllAttackOnLadders|Stealth Rock|[from] move: Defog|[of] p2a: regen fgt
|-sideend|p1: WeirdNick504|Stealth Rock|[from] move: Defog|[of] p1a: Latias
|move|p2a: regen fgt|Scald|p1a: Latias
|-resisted|p1a: Latias
|-damage|p1a: Latias|28\/301 brn
|
|-damage|p1a: Latias|0 fnt|[from] brn
|faint|p1a: Latias
|
|switch|p1a: Magnezone|Magnezone|242\/281
|turn|31
|
|move|p1a: Magnezone|Volt Switch|p2a: regen fgt
|-supereffective|p2a: regen fgt
|-damage|p2a: regen fgt|18\/394
|c|âAllAttackOnLadders|lol
|c|âAllAttackOnLadders|my plan worked
|c|âWeirdNick504|uhh.
|
|switch|p1a: Jirachi|Jirachi|275\/404 brn
|move|p2a: regen fgt|Slack Off|p2a: regen fgt
|-heal|p2a: regen fgt|215\/394
|
|-heal|p1a: Jirachi|300\/404 brn|[from] item: Leftovers
|-damage|p1a: Jirachi|250\/404 brn|[from] brn
|turn|32
|
|move|p1a: Jirachi|Stealth Rock|p2a: regen fgt
|-sidestart|p2: AllAttackOnLadders|move: Stealth Rock
|move|p2a: regen fgt|Slack Off|p2a: regen fgt
|-heal|p2a: regen fgt|394\/394
|
|-heal|p1a: Jirachi|275\/404 brn|[from] item: Leftovers
|-damage|p1a: Jirachi|225\/404 brn|[from] brn
|turn|33
|
|switch|p2a: scrub a dub|Jirachi|339\/404 par
|-damage|p2a: scrub a dub|314\/404 par|[from] Stealth Rock
|move|p1a: Jirachi|Wish|p1a: Jirachi
|
|-heal|p1a: Jirachi|250\/404 brn|[from] item: Leftovers
|-heal|p2a: scrub a dub|339\/404 par|[from] item: Leftovers
|-damage|p1a: Jirachi|200\/404 brn|[from] brn
|turn|34
|
|move|p1a: Jirachi|Iron Head|p2a: scrub a dub
|-resisted|p2a: scrub a dub
|-damage|p2a: scrub a dub|315\/404 par
|cant|p2a: scrub a dub|flinch
|
|-heal|p1a: Jirachi|402\/404 brn|[from] move: Wish|[wisher] Jirachi
|-heal|p1a: Jirachi|404\/404 brn|[from] item: Leftovers
|-heal|p2a: scrub a dub|340\/404 par|[from] item: Leftovers
|-damage|p1a: Jirachi|354\/404 brn|[from] brn
|turn|35
|
|switch|p2a: regen fgt|Slowbro, M|394\/394
|-damage|p2a: regen fgt|345\/394|[from] Stealth Rock
|move|p1a: Jirachi|Wish|p1a: Jirachi
|
|-heal|p1a: Jirachi|379\/404 brn|[from] item: Leftovers
|-damage|p1a: Jirachi|329\/404 brn|[from] brn
|turn|36
|
|switch|p1a: Conkeldurr|Conkeldurr, M|98\/413
|move|p2a: regen fgt|Scald|p1a: Conkeldurr
|-damage|p1a: Conkeldurr|14\/413
|
|-heal|p1a: Conkeldurr|216\/413|[from] move: Wish|[wisher] Jirachi
|turn|37
|c|âAllAttackOnLadders|fuck
|
|switch|p1a: Magnezone|Magnezone|242\/281
|move|p2a: regen fgt|Psyshock|p1a: Magnezone
|-resisted|p1a: Magnezone
|-damage|p1a: Magnezone|200\/281
|
|turn|38
|
|move|p1a: Magnezone|Thunderbolt|p2a: regen fgt
|-supereffective|p2a: regen fgt
|-damage|p2a: regen fgt|0 fnt
|faint|p2a: regen fgt
|
|c|âWeirdNick504|not this time lol
|
|switch|p2a: blobby mk 2|Chansey, F|539\/642
|-damage|p2a: blobby mk 2|459\/642|[from] Stealth Rock
|turn|39
|c|âAllAttackOnLadders|r u sure u wanna carry on
|c|âWeirdNick504|yes
|c|âAllAttackOnLadders|I can go forever
|c|âAllAttackOnLadders|:\/
|
|switch|p1a: Diancie|Diancie-Mega|241\/241
|move|p2a: blobby mk 2|Stealth Rock|p1a: Diancie
|move|p1a: Diancie|Stealth Rock|p2a: blobby mk 2|[from]Magic Bounce
|-fail|p2a: blobby mk 2
|
|turn|40
|c|âWeirdNick504|im ready for it
|c|âWeirdNick504|same here
|c|âAllAttackOnLadders|ah nb
|
|move|p1a: Diancie|Diamond Storm|p2a: blobby mk 2
|-damage|p2a: blobby mk 2|230\/642
|move|p2a: blobby mk 2|Soft-Boiled|p2a: blobby mk 2
|-heal|p2a: blobby mk 2|551\/642
|
|turn|41
|
|switch|p1a: Conkeldurr|Conkeldurr, M|216\/413
|move|p2a: blobby mk 2|Seismic Toss|p1a: Conkeldurr
|-damage|p1a: Conkeldurr|116\/413
|
|turn|42
|
|switch|p2a: yummy wisp|Sableye, M|304\/304
|-damage|p2a: yummy wisp|266\/304|[from] Stealth Rock
|switch|p1a: Diancie|Diancie-Mega|241\/241
|
|turn|43
|
|switch|p2a: scrub a dub|Jirachi|340\/404 par
|-damage|p2a: scrub a dub|315\/404 par|[from] Stealth Rock
|move|p1a: Diancie|Diamond Storm|p2a: scrub a dub
|-resisted|p2a: scrub a dub
|-damage|p2a: scrub a dub|223\/404 par
|-boost|p1a: Diancie|def|1
|
|-heal|p2a: scrub a dub|248\/404 par|[from] item: Leftovers
|turn|44
|
|move|p1a: Diancie|Earth Power|p2a: scrub a dub
|-supereffective|p2a: scrub a dub
|-damage|p2a: scrub a dub|70\/404 par
|move|p2a: scrub a dub|Fire Punch|p1a: Diancie
|-resisted|p1a: Diancie
|-damage|p1a: Diancie|220\/241
|
|-heal|p2a: scrub a dub|95\/404 par|[from] item: Leftovers
|turn|45
|
|switch|p2a: blobby mk 2|Chansey, F|551\/642
|-damage|p2a: blobby mk 2|471\/642|[from] Stealth Rock
|move|p1a: Diancie|Diamond Storm|p2a: blobby mk 2
|-damage|p2a: blobby mk 2|248\/642
|-boost|p1a: Diancie|def|1
|
|turn|46
|join|Skysolo14
|
|move|p1a: Diancie|Diamond Storm|p2a: blobby mk 2
|-damage|p2a: blobby mk 2|2\/642
|-boost|p1a: Diancie|def|1
|move|p2a: blobby mk 2|Soft-Boiled|p2a: blobby mk 2
|-heal|p2a: blobby mk 2|323\/642
|
|turn|47
|c|âWeirdNick504|LOL
|c|âWeirdNick504|what a roll
|
|switch|p1a: Gliscor|Gliscor, M|353\/353 tox
|move|p2a: blobby mk 2|Soft-Boiled|p2a: blobby mk 2
|-heal|p2a: blobby mk 2|642\/642
|
|turn|48
|leave|Skysolo14
|join|SunnyORAS
|
|move|p1a: Gliscor|Toxic|p2a: blobby mk 2
|-status|p2a: blobby mk 2|tox
|move|p2a: blobby mk 2|Stealth Rock|p1a: Gliscor
|-sidestart|p1: WeirdNick504|move: Stealth Rock
|
|-damage|p2a: blobby mk 2|602\/642 tox|[from] psn
|turn|49
|
|switch|p2a: yummy wisp|Sableye, M|266\/304
|-damage|p2a: yummy wisp|228\/304|[from] Stealth Rock
|move|p1a: Gliscor|Toxic|p2a: yummy wisp|[miss]
|-miss|p1a: Gliscor|p2a: yummy wisp
|
|turn|50
|c|âWeirdNick504|NOOO
|c|âWeirdNick504|i needed that
|
|switch|p1a: Diancie|Diancie-Mega|220\/241
|-damage|p1a: Diancie|190\/241|[from] Stealth Rock
|detailschange|p2a: yummy wisp|Sableye-Mega, M
|-mega|p2a: yummy wisp|Sableye|Sablenite
|move|p2a: yummy wisp|Snarl|p1a: Diancie
|-resisted|p1a: Diancie
|-damage|p1a: Diancie|163\/241
|-unboost|p1a: Diancie|spa|1
|
|turn|51
|leave|SunnyORAS
|
|switch|p1a: Conkeldurr|Conkeldurr, M|116\/413
|-damage|p1a: Conkeldurr|91\/413|[from] Stealth Rock
|switch|p2a: scrub a dub|Jirachi|95\/404 par
|-damage|p2a: scrub a dub|70\/404 par|[from] Stealth Rock
|
|-heal|p2a: scrub a dub|95\/404 par|[from] item: Leftovers
|turn|52
|
|move|p2a: scrub a dub|Protect|p2a: scrub a dub
|-singleturn|p2a: scrub a dub|Protect
|move|p1a: Conkeldurr|Drain Punch|p2a: scrub a dub
|-activate|p2a: scrub a dub|Protect
|
|-heal|p2a: scrub a dub|120\/404 par|[from] item: Leftovers
|turn|53
|
|move|p1a: Conkeldurr|Drain Punch|p2a: scrub a dub
|-damage|p2a: scrub a dub|0 fnt
|-heal|p1a: Conkeldurr|151\/413|[from] drain|[of] p2a: scrub a dub
|faint|p2a: scrub a dub
|
|
|switch|p2a: unaware of unaware|Clefable, M|394\/394
|-damage|p2a: unaware of unaware|345\/394|[from] Stealth Rock
|turn|54
|
|switch|p1a: Jirachi|Jirachi|329\/404 brn
|-damage|p1a: Jirachi|304\/404 brn|[from] Stealth Rock
|move|p2a: unaware of unaware|Calm Mind|p2a: unaware of unaware
|-boost|p2a: unaware of unaware|spa|1
|-boost|p2a: unaware of unaware|spd|1
|
|-heal|p1a: Jirachi|329\/404 brn|[from] item: Leftovers
|-heal|p2a: unaware of unaware|369\/394|[from] item: Leftovers
|-damage|p1a: Jirachi|279\/404 brn|[from] brn
|turn|55
|
|move|p1a: Jirachi|Thunder Wave|p2a: unaware of unaware
|-status|p2a: unaware of unaware|par
|move|p2a: unaware of unaware|Calm Mind|p2a: unaware of unaware
|-boost|p2a: unaware of unaware|spa|1
|-boost|p2a: unaware of unaware|spd|1
|
|-heal|p1a: Jirachi|304\/404 brn|[from] item: Leftovers
|-heal|p2a: unaware of unaware|393\/394 par|[from] item: Leftovers
|-damage|p1a: Jirachi|254\/404 brn|[from] brn
|turn|56
|
|move|p1a: Jirachi|Iron Head|p2a: unaware of unaware
|-supereffective|p2a: unaware of unaware
|-damage|p2a: unaware of unaware|309\/394 par
|move|p2a: unaware of unaware|Moonblast|p1a: Jirachi
|-resisted|p1a: Jirachi
|-damage|p1a: Jirachi|170\/404 brn
|
|-heal|p1a: Jirachi|195\/404 brn|[from] item: Leftovers
|-heal|p2a: unaware of unaware|333\/394 par|[from] item: Leftovers
|-damage|p1a: Jirachi|145\/404 brn|[from] brn
|turn|57
|c|âAllAttackOnLadders|gg
|c|âWeirdNick504|gg
|c|âAllAttackOnLadders|clef wins
|
|move|p1a: Jirachi|Wish|p1a: Jirachi
|move|p2a: unaware of unaware|Calm Mind|p2a: unaware of unaware
|-boost|p2a: unaware of unaware|spa|1
|-boost|p2a: unaware of unaware|spd|1
|
|-heal|p1a: Jirachi|170\/404 brn|[from] item: Leftovers
|-heal|p2a: unaware of unaware|357\/394 par|[from] item: Leftovers
|-damage|p1a: Jirachi|120\/404 brn|[from] brn
|turn|58
|c|âWeirdNick504|im still gonna try though
|
|move|p1a: Jirachi|Iron Head|p2a: unaware of unaware
|-supereffective|p2a: unaware of unaware
|-damage|p2a: unaware of unaware|265\/394 par
|cant|p2a: unaware of unaware|flinch
|
|-heal|p1a: Jirachi|322\/404 brn|[from] move: Wish|[wisher] Jirachi
|-heal|p1a: Jirachi|347\/404 brn|[from] item: Leftovers
|-heal|p2a: unaware of unaware|289\/394 par|[from] item: Leftovers
|-damage|p1a: Jirachi|297\/404 brn|[from] brn
|turn|59
|c|âAllAttackOnLadders|ok
|
|move|p2a: unaware of unaware|Protect|p2a: unaware of unaware
|-singleturn|p2a: unaware of unaware|Protect
|move|p1a: Jirachi|Iron Head|p2a: unaware of unaware
|-activate|p2a: unaware of unaware|Protect
|
|-heal|p1a: Jirachi|322\/404 brn|[from] item: Leftovers
|-heal|p2a: unaware of unaware|313\/394 par|[from] item: Leftovers
|-damage|p1a: Jirachi|272\/404 brn|[from] brn
|turn|60
|
|move|p1a: Jirachi|Iron Head|p2a: unaware of unaware
|-supereffective|p2a: unaware of unaware
|-damage|p2a: unaware of unaware|235\/394 par
|move|p2a: unaware of unaware|Wish|p2a: unaware of unaware
|
|-heal|p1a: Jirachi|297\/404 brn|[from] item: Leftovers
|-heal|p2a: unaware of unaware|259\/394 par|[from] item: Leftovers
|-damage|p1a: Jirachi|247\/404 brn|[from] brn
|turn|61
|c|âAllAttackOnLadders|gg
|
|move|p1a: Jirachi|Wish|p1a: Jirachi
|cant|p2a: unaware of unaware|par
|
|-heal|p2a: unaware of unaware|394\/394 par|[from] move: Wish|[wisher] unaware of unaware
|-heal|p1a: Jirachi|272\/404 brn|[from] item: Leftovers
|-damage|p1a: Jirachi|222\/404 brn|[from] brn
|turn|62
|c|âWeirdNick504|Im still going to try dude
|c|âAllAttackOnLadders|wow
|
|move|p1a: Jirachi|Iron Head|p2a: unaware of unaware
|-supereffective|p2a: unaware of unaware
|-damage|p2a: unaware of unaware|304\/394 par
|cant|p2a: unaware of unaware|par
|
|-heal|p1a: Jirachi|404\/404 brn|[from] move: Wish|[wisher] Jirachi
|-heal|p2a: unaware of unaware|328\/394 par|[from] item: Leftovers
|-damage|p1a: Jirachi|354\/404 brn|[from] brn
|turn|63
|c|âWeirdNick504|i have 2 chances both slim but i still go for it
|
|cant|p2a: unaware of unaware|par
|move|p1a: Jirachi|Iron Head|p2a: unaware of unaware
|-supereffective|p2a: unaware of unaware
|-damage|p2a: unaware of unaware|248\/394 par
|
|-heal|p1a: Jirachi|379\/404 brn|[from] item: Leftovers
|-heal|p2a: unaware of unaware|272\/394 par|[from] item: Leftovers
|-damage|p1a: Jirachi|329\/404 brn|[from] brn
|turn|64
|c|âAllAttackOnLadders|oml
|c|âWeirdNick504|see
|
|cant|p2a: unaware of unaware|par
|move|p1a: Jirachi|Iron Head|p2a: unaware of unaware
|-supereffective|p2a: unaware of unaware
|-damage|p2a: unaware of unaware|188\/394 par
|
|-heal|p1a: Jirachi|354\/404 brn|[from] item: Leftovers
|-heal|p2a: unaware of unaware|212\/394 par|[from] item: Leftovers
|-damage|p1a: Jirachi|304\/404 brn|[from] brn
|turn|65
|c|âAllAttackOnLadders|omfl
|c|âWeirdNick504|i know its relying on luck but i try
|c|âAllAttackOnLadders|omfl
|
|move|p2a: unaware of unaware|Protect|p2a: unaware of unaware
|-singleturn|p2a: unaware of unaware|Protect
|move|p1a: Jirachi|Iron Head|p2a: unaware of unaware
|-activate|p2a: unaware of unaware|Protect
|
|-heal|p1a: Jirachi|329\/404 brn|[from] item: Leftovers
|-heal|p2a: unaware of unaware|236\/394 par|[from] item: Leftovers
|-damage|p1a: Jirachi|279\/404 brn|[from] brn
|turn|66
|c|âAllAttackOnLadders|finally
|
|move|p1a: Jirachi|Iron Head|p2a: unaware of unaware
|-crit|p2a: unaware of unaware
|-supereffective|p2a: unaware of unaware
|-damage|p2a: unaware of unaware|104\/394 par
|cant|p2a: unaware of unaware|par
|
|-heal|p1a: Jirachi|304\/404 brn|[from] item: Leftovers
|-heal|p2a: unaware of unaware|128\/394 par|[from] item: Leftovers
|-damage|p1a: Jirachi|254\/404 brn|[from] brn
|turn|67
|c|âAllAttackOnLadders|OMFL
|c|âAllAttackOnLadders|OMFl
|c|âAllAttackOnLadders|OMFL
|c|âWeirdNick504|sorry
|
|cant|p2a: unaware of unaware|par
|move|p1a: Jirachi|Iron Head|p2a: unaware of unaware
|-supereffective|p2a: unaware of unaware
|-damage|p2a: unaware of unaware|38\/394 par
|
|-heal|p1a: Jirachi|279\/404 brn|[from] item: Leftovers
|-heal|p2a: unaware of unaware|62\/394 par|[from] item: Leftovers
|-damage|p1a: Jirachi|229\/404 brn|[from] brn
|turn|68
|c|âWeirdNick504|but when i don't give up i tend to get lucky
|c|âAllAttackOnLadders|OML
|c|âAllAttackOnLadders|let me wish one :[
|c|âAllAttackOnLadders|once*
|c|âAllAttackOnLadders|go for wish xD
|
|move|p1a: Jirachi|Iron Head|p2a: unaware of unaware
|-supereffective|p2a: unaware of unaware
|-damage|p2a: unaware of unaware|0 fnt
|faint|p2a: unaware of unaware
|
|-heal|p1a: Jirachi|254\/404 brn|[from] item: Leftovers
|-damage|p1a: Jirachi|204\/404 brn|[from] brn
|c|âWeirdNick504|um im getting hurgry i don't wanna drag this out too long sorry
|c|âAllAttackOnLadders|ok
|
|switch|p2a: yummy wisp|Sableye-Mega, M|228\/304
|-damage|p2a: yummy wisp|190\/304|[from] Stealth Rock
|turn|69
|c|âAllAttackOnLadders|;]
|
|switch|p1a: Diancie|Diancie-Mega|163\/241
|-damage|p1a: Diancie|133\/241|[from] Stealth Rock
|move|p2a: yummy wisp|Calm Mind|p2a: yummy wisp
|-boost|p2a: yummy wisp|spa|1
|-boost|p2a: yummy wisp|spd|1
|
|turn|70
|
|move|p1a: Diancie|Moonblast|p2a: yummy wisp
|-supereffective|p2a: yummy wisp
|-damage|p2a: yummy wisp|0 fnt
|faint|p2a: yummy wisp
|
|-message|AllAttackOnLadders forfeited.
|c|âWeirdNick504|gg
|leave|AllAttackOnLadders
|
|win|WeirdNick504
|raw|Ladder updating...
|player|p2
|raw|WeirdNick504's rating: 1437 &rarr; <strong>1456<\/strong><br \/>(+19 for winning)
|raw|AllAttackOnLadders's rating: 1415 &rarr; <strong>1396<\/strong><br \/>(-19 for losing)