|join|WeirdNick504
|join|m5
|player|p1|WeirdNick504|80
|player|p2|m5|247
|gametype|singles
|gen|6
|tier|OU
|rated
|clearpoke
|poke|p1|Diancie
|poke|p1|Ferrothorn, F
|poke|p1|Conkeldurr, M
|poke|p1|Latias, F
|poke|p1|Magnezone
|poke|p1|Gliscor, M
|poke|p2|Chandelure, F, shiny
|poke|p2|Heracross, M
|poke|p2|Mamoswine, M
|poke|p2|Haxorus, M, shiny
|poke|p2|Azumarill, F
|poke|p2|Latios, M
|rule|Swagger Clause: Swagger is banned
|rule|Baton Pass Clause: Limit one PokÃ©mon knowing Baton Pass
|rule|Sleep Clause Mod: Limit one foe put to sleep
|rule|Species Clause: Limit one of each PokÃ©mon
|rule|OHKO Clause: OHKO moves are banned
|rule|Moody Clause: Moody is banned
|rule|Evasion Moves Clause: Evasion moves are banned
|rule|Endless Battle Clause: Forcing endless battles is banned
|rule|HP Percentage Mod: HP is shown in percentages
|teampreview
|
|start
|switch|p1a: Conkeldurr|Conkeldurr, M|413\/413
|switch|p2a: Azumarill|Azumarill, F|404\/404
|turn|1
|
|switch|p1a: Ferrothorn|Ferrothorn, F|352\/352
|move|p2a: Azumarill|Knock Off|p1a: Ferrothorn
|-damage|p1a: Ferrothorn|252\/352
|-damage|p2a: Azumarill|354\/404|[from] ability: Iron Barbs|[of] p1a: Ferrothorn
|-enditem|p1a: Ferrothorn|Leftovers|[from] move: Knock Off|[of] p2a: Azumarill
|
|-heal|p2a: Azumarill|379\/404|[from] item: Leftovers
|turn|2
|
|move|p2a: Azumarill|Superpower|p1a: Ferrothorn
|-supereffective|p1a: Ferrothorn
|-damage|p1a: Ferrothorn|14\/352
|-damage|p2a: Azumarill|329\/404|[from] ability: Iron Barbs|[of] p1a: Ferrothorn
|-unboost|p2a: Azumarill|atk|1
|-unboost|p2a: Azumarill|def|1
|move|p1a: Ferrothorn|Leech Seed|p2a: Azumarill
|-start|p2a: Azumarill|move: Leech Seed
|
|-heal|p2a: Azumarill|354\/404|[from] item: Leftovers
|-damage|p2a: Azumarill|304\/404|[from] Leech Seed|[of] p1a: Ferrothorn
|-heal|p1a: Ferrothorn|64\/352|[silent]
|turn|3
|
|switch|p2a: Latios|Latios, M|301\/301
|move|p1a: Ferrothorn|Protect|p1a: Ferrothorn
|-fail|p1a: Ferrothorn
|
|turn|4
|
|move|p2a: Latios|Hidden Power|p1a: Ferrothorn
|-supereffective|p1a: Ferrothorn
|-damage|p1a: Ferrothorn|0 fnt
|faint|p1a: Ferrothorn
|
|
|switch|p1a: Diancie|Diancie|241\/241
|turn|5
|
|detailschange|p1a: Diancie|Diancie-Mega
|-mega|p1a: Diancie|Diancie|Diancite
|move|p2a: Latios|Surf|p1a: Diancie
|-supereffective|p1a: Diancie
|-damage|p1a: Diancie|61\/241
|move|p1a: Diancie|Moonblast|p2a: Latios
|-supereffective|p2a: Latios
|-damage|p2a: Latios|0 fnt
|faint|p2a: Latios
|
|
|switch|p2a: Azumarill|Azumarill, F|304\/404
|turn|6
|
|switch|p1a: Magnezone|Magnezone|281\/281
|move|p2a: Azumarill|Aqua Jet|p1a: Magnezone
|-damage|p1a: Magnezone|200\/281
|
|-heal|p2a: Azumarill|329\/404|[from] item: Leftovers
|turn|7
|
|switch|p2a: Mamoswine|Mamoswine, M|362\/362
|move|p1a: Magnezone|Volt Switch|p2a: Mamoswine
|-immune|p2a: Mamoswine|[msg]
|
|turn|8
|
|switch|p1a: Latias|Latias, F|301\/301
|move|p2a: Mamoswine|Knock Off|p1a: Latias
|-supereffective|p1a: Latias
|-damage|p1a: Latias|45\/301
|-enditem|p1a: Latias|Life Orb|[from] move: Knock Off|[of] p2a: Mamoswine
|
|turn|9
|
|switch|p1a: Conkeldurr|Conkeldurr, M|413\/413
|move|p2a: Mamoswine|Ice Shard|p1a: Conkeldurr
|-damage|p1a: Conkeldurr|341\/413
|
|turn|10
|
|switch|p2a: Azumarill|Azumarill, F|329\/404
|move|p1a: Conkeldurr|Drain Punch|p2a: Azumarill
|-resisted|p2a: Azumarill
|-damage|p2a: Azumarill|239\/404
|-heal|p1a: Conkeldurr|386\/413|[from] drain|[of] p2a: Azumarill
|
|-heal|p2a: Azumarill|264\/404|[from] item: Leftovers
|turn|11
|
|switch|p1a: Gliscor|Gliscor, M|353\/353
|move|p2a: Azumarill|Aqua Jet|p1a: Gliscor
|-supereffective|p1a: Gliscor
|-damage|p1a: Gliscor|233\/353
|
|-heal|p2a: Azumarill|289\/404|[from] item: Leftovers
|-status|p1a: Gliscor|tox|[from] item: Toxic Orb
|turn|12
|
|move|p1a: Gliscor|Roost|p1a: Gliscor
|-heal|p1a: Gliscor|353\/353 tox
|move|p2a: Azumarill|Knock Off|p1a: Gliscor
|-damage|p1a: Gliscor|268\/353 tox
|-enditem|p1a: Gliscor|Toxic Orb|[from] move: Knock Off|[of] p2a: Azumarill
|
|-heal|p2a: Azumarill|314\/404|[from] item: Leftovers
|-heal|p1a: Gliscor|312\/353 tox|[from] ability: Poison Heal
|turn|13
|
|switch|p2a: Heracross|Heracross, M|302\/302
|move|p1a: Gliscor|Toxic|p2a: Heracross|[miss]
|-miss|p1a: Gliscor|p2a: Heracross
|
|-heal|p1a: Gliscor|353\/353 tox|[from] ability: Poison Heal
|turn|14
|
|detailschange|p2a: Heracross|Heracross-Mega, M
|-mega|p2a: Heracross|Heracross|Heracronite
|move|p2a: Heracross|Bullet Seed|p1a: Gliscor
|-damage|p1a: Gliscor|327\/353 tox
|-damage|p1a: Gliscor|301\/353 tox
|-damage|p1a: Gliscor|275\/353 tox
|-crit|p1a: Gliscor
|-damage|p1a: Gliscor|234\/353 tox
|-damage|p1a: Gliscor|207\/353 tox
|-hitcount|p1a: Gliscor|5
|move|p1a: Gliscor|Toxic|p2a: Heracross
|-status|p2a: Heracross|tox
|
|-damage|p2a: Heracross|284\/302 tox|[from] psn
|-heal|p1a: Gliscor|251\/353 tox|[from] ability: Poison Heal
|turn|15
|
|switch|p2a: Chandelure|Chandelure, F, shiny|261\/261
|move|p1a: Gliscor|Roost|p1a: Gliscor
|-heal|p1a: Gliscor|353\/353 tox
|
|turn|16
|
|switch|p1a: Magnezone|Magnezone|200\/281
|move|p2a: Chandelure|Trick|p1a: Magnezone
|-activate|p2a: Chandelure|move: Trick|[of] p1a: Magnezone
|-item|p1a: Magnezone|Choice Scarf|[from] move: Trick
|-item|p2a: Chandelure|Choice Scarf|[from] move: Trick
|
|turn|17
|
|move|p2a: Chandelure|Flamethrower|p1a: Magnezone
|-crit|p1a: Magnezone
|-supereffective|p1a: Magnezone
|-damage|p1a: Magnezone|0 fnt
|faint|p1a: Magnezone
|
|
|switch|p1a: Diancie|Diancie-Mega|61\/241
|turn|18
|
|move|p2a: Chandelure|Flamethrower|p1a: Diancie
|-resisted|p1a: Diancie
|-damage|p1a: Diancie|0 fnt
|faint|p1a: Diancie
|
|
|switch|p1a: Conkeldurr|Conkeldurr, M|386\/413
|turn|19
|
|switch|p2a: Heracross|Heracross-Mega, M|284\/302 tox
|move|p1a: Conkeldurr|Knock Off|p2a: Heracross
|-crit|p2a: Heracross
|-resisted|p2a: Heracross
|-damage|p2a: Heracross|220\/302 tox
|
|-damage|p2a: Heracross|202\/302 tox|[from] psn
|turn|20
|
|switch|p1a: Gliscor|Gliscor, M|353\/353 tox
|move|p2a: Heracross|Pin Missile|p1a: Gliscor
|-resisted|p1a: Gliscor
|-damage|p1a: Gliscor|334\/353 tox
|-resisted|p1a: Gliscor
|-damage|p1a: Gliscor|315\/353 tox
|-crit|p1a: Gliscor
|-resisted|p1a: Gliscor
|-damage|p1a: Gliscor|288\/353 tox
|-resisted|p1a: Gliscor
|-damage|p1a: Gliscor|270\/353 tox
|-resisted|p1a: Gliscor
|-damage|p1a: Gliscor|251\/353 tox
|-hitcount|p1a: Gliscor|5
|
|-damage|p2a: Heracross|166\/302 tox|[from] psn
|-heal|p1a: Gliscor|295\/353 tox|[from] ability: Poison Heal
|turn|21
|
|move|p2a: Heracross|Close Combat|p1a: Gliscor
|-resisted|p1a: Gliscor
|-damage|p1a: Gliscor|211\/353 tox
|-unboost|p2a: Heracross|def|1
|-unboost|p2a: Heracross|spd|1
|move|p1a: Gliscor|Toxic|p2a: Heracross
|-fail|p2a: Heracross|tox
|
|-damage|p2a: Heracross|112\/302 tox|[from] psn
|-heal|p1a: Gliscor|255\/353 tox|[from] ability: Poison Heal
|turn|22
|
|move|p2a: Heracross|Pin Missile|p1a: Gliscor
|-resisted|p1a: Gliscor
|-damage|p1a: Gliscor|237\/353 tox
|-resisted|p1a: Gliscor
|-damage|p1a: Gliscor|219\/353 tox
|-crit|p1a: Gliscor
|-resisted|p1a: Gliscor
|-damage|p1a: Gliscor|190\/353 tox
|-resisted|p1a: Gliscor
|-damage|p1a: Gliscor|171\/353 tox
|-crit|p1a: Gliscor
|-resisted|p1a: Gliscor
|-damage|p1a: Gliscor|144\/353 tox
|-hitcount|p1a: Gliscor|5
|move|p1a: Gliscor|Substitute|p1a: Gliscor
|-start|p1a: Gliscor|Substitute
|-damage|p1a: Gliscor|56\/353 tox
|
|-damage|p2a: Heracross|40\/302 tox|[from] psn
|-heal|p1a: Gliscor|100\/353 tox|[from] ability: Poison Heal
|turn|23
|
|move|p2a: Heracross|Pin Missile|p1a: Gliscor
|-resisted|p1a: Gliscor
|-activate|p1a: Gliscor|Substitute|[damage]
|-resisted|p1a: Gliscor
|-activate|p1a: Gliscor|Substitute|[damage]
|-resisted|p1a: Gliscor
|-activate|p1a: Gliscor|Substitute|[damage]
|-resisted|p1a: Gliscor
|-activate|p1a: Gliscor|Substitute|[damage]
|-resisted|p1a: Gliscor
|-end|p1a: Gliscor|Substitute
|-hitcount|p1a: Gliscor|5
|move|p1a: Gliscor|Roost|p1a: Gliscor
|-heal|p1a: Gliscor|277\/353 tox
|
|-damage|p2a: Heracross|0 fnt|[from] psn
|-heal|p1a: Gliscor|321\/353 tox|[from] ability: Poison Heal
|faint|p2a: Heracross
|
|switch|p2a: Chandelure|Chandelure, F, shiny|261\/261
|turn|24
|
|switch|p1a: Conkeldurr|Conkeldurr, M|386\/413
|move|p2a: Chandelure|Shadow Ball|p1a: Conkeldurr
|-damage|p1a: Conkeldurr|244\/413
|
|turn|25
|
|switch|p2a: Azumarill|Azumarill, F|314\/404
|move|p1a: Conkeldurr|Knock Off|p2a: Azumarill
|-resisted|p2a: Azumarill
|-damage|p2a: Azumarill|231\/404
|-enditem|p2a: Azumarill|Leftovers|[from] move: Knock Off|[of] p1a: Conkeldurr
|
|turn|26
|
|switch|p1a: Gliscor|Gliscor, M|321\/353 tox
|move|p2a: Azumarill|Play Rough|p1a: Gliscor
|-damage|p1a: Gliscor|189\/353 tox
|
|-heal|p1a: Gliscor|233\/353 tox|[from] ability: Poison Heal
|turn|27
|
|move|p1a: Gliscor|Roost|p1a: Gliscor
|-heal|p1a: Gliscor|353\/353 tox
|move|p2a: Azumarill|Play Rough|p1a: Gliscor
|-damage|p1a: Gliscor|230\/353 tox
|
|-heal|p1a: Gliscor|274\/353 tox|[from] ability: Poison Heal
|turn|28
|
|move|p2a: Azumarill|Aqua Jet|p1a: Gliscor
|-supereffective|p1a: Gliscor
|-damage|p1a: Gliscor|166\/353 tox
|move|p1a: Gliscor|Toxic|p2a: Azumarill
|-status|p2a: Azumarill|tox
|
|-heal|p1a: Gliscor|210\/353 tox|[from] ability: Poison Heal
|-damage|p2a: Azumarill|206\/404 tox|[from] psn
|turn|29
|
|move|p2a: Azumarill|Aqua Jet|p1a: Gliscor
|-supereffective|p1a: Gliscor
|-damage|p1a: Gliscor|108\/353 tox
|move|p1a: Gliscor|Roost|p1a: Gliscor
|-heal|p1a: Gliscor|285\/353 tox
|
|-heal|p1a: Gliscor|329\/353 tox|[from] ability: Poison Heal
|-damage|p2a: Azumarill|156\/404 tox|[from] psn
|turn|30
|
|move|p2a: Azumarill|Aqua Jet|p1a: Gliscor
|-supereffective|p1a: Gliscor
|-damage|p1a: Gliscor|215\/353 tox
|move|p1a: Gliscor|Roost|p1a: Gliscor
|-heal|p1a: Gliscor|353\/353 tox
|
|-damage|p2a: Azumarill|81\/404 tox|[from] psn
|turn|31
|
|move|p1a: Gliscor|Substitute|p1a: Gliscor
|-start|p1a: Gliscor|Substitute
|-damage|p1a: Gliscor|265\/353 tox
|move|p2a: Azumarill|Knock Off|p1a: Gliscor
|-activate|p1a: Gliscor|Substitute|[damage]
|
|-heal|p1a: Gliscor|309\/353 tox|[from] ability: Poison Heal
|-damage|p2a: Azumarill|0 fnt|[from] psn
|faint|p2a: Azumarill
|
|switch|p2a: Haxorus|Haxorus, M, shiny|293\/293
|-ability|p2a: Haxorus|Mold Breaker
|turn|32
|
|move|p2a: Haxorus|Dragon Claw|p1a: Gliscor
|-end|p1a: Gliscor|Substitute
|move|p1a: Gliscor|Toxic|p2a: Haxorus
|-status|p2a: Haxorus|tox
|
|-damage|p2a: Haxorus|275\/293 tox|[from] psn
|-heal|p1a: Gliscor|353\/353 tox|[from] ability: Poison Heal
|turn|33
|
|move|p2a: Haxorus|Dragon Claw|p1a: Gliscor
|-damage|p1a: Gliscor|260\/353 tox
|move|p1a: Gliscor|Earthquake|p2a: Haxorus
|-damage|p2a: Haxorus|161\/293 tox
|
|-damage|p2a: Haxorus|125\/293 tox|[from] psn
|-heal|p1a: Gliscor|304\/353 tox|[from] ability: Poison Heal
|turn|34
|
|move|p2a: Haxorus|Dragon Claw|p1a: Gliscor
|-damage|p1a: Gliscor|198\/353 tox
|move|p1a: Gliscor|Roost|p1a: Gliscor
|-heal|p1a: Gliscor|353\/353 tox
|
|-damage|p2a: Haxorus|71\/293 tox|[from] psn
|turn|35
|
|move|p2a: Haxorus|Dragon Claw|p1a: Gliscor
|-damage|p1a: Gliscor|248\/353 tox
|move|p1a: Gliscor|Substitute|p1a: Gliscor
|-start|p1a: Gliscor|Substitute
|-damage|p1a: Gliscor|160\/353 tox
|
|-damage|p2a: Haxorus|0 fnt|[from] psn
|-heal|p1a: Gliscor|204\/353 tox|[from] ability: Poison Heal
|faint|p2a: Haxorus
|
|switch|p2a: Mamoswine|Mamoswine, M|362\/362
|turn|36
|
|move|p2a: Mamoswine|Ice Shard|p1a: Gliscor
|-supereffective|p1a: Gliscor
|-end|p1a: Gliscor|Substitute
|move|p1a: Gliscor|Toxic|p2a: Mamoswine
|-status|p2a: Mamoswine|tox
|
|-damage|p2a: Mamoswine|340\/362 tox|[from] psn
|-heal|p1a: Gliscor|248\/353 tox|[from] ability: Poison Heal
|turn|37
|
|switch|p1a: Latias|Latias, F|45\/301
|move|p2a: Mamoswine|Ice Shard|p1a: Latias
|-supereffective|p1a: Latias
|-damage|p1a: Latias|0 fnt
|faint|p1a: Latias
|
|-damage|p2a: Mamoswine|296\/362 tox|[from] psn
|
|switch|p1a: Conkeldurr|Conkeldurr, M|244\/413
|turn|38
|
|move|p1a: Conkeldurr|Mach Punch|p2a: Mamoswine
|-supereffective|p2a: Mamoswine
|-damage|p2a: Mamoswine|90\/362 tox
|move|p2a: Mamoswine|Earthquake|p1a: Conkeldurr
|-damage|p1a: Conkeldurr|55\/413
|
|-damage|p2a: Mamoswine|24\/362 tox|[from] psn
|turn|39
|
|move|p2a: Mamoswine|Ice Shard|p1a: Conkeldurr
|-crit|p1a: Conkeldurr
|-damage|p1a: Conkeldurr|0 fnt
|faint|p1a: Conkeldurr
|
|-damage|p2a: Mamoswine|0 fnt|[from] psn
|faint|p2a: Mamoswine
|
|switch|p2a: Chandelure|Chandelure, F, shiny|261\/261
|switch|p1a: Gliscor|Gliscor, M|248\/353 tox
|turn|40
|
|move|p2a: Chandelure|Shadow Ball|p1a: Gliscor
|-damage|p1a: Gliscor|49\/353 tox
|move|p1a: Gliscor|Earthquake|p2a: Chandelure
|-supereffective|p2a: Chandelure
|-damage|p2a: Chandelure|21\/261
|
|-heal|p1a: Gliscor|93\/353 tox|[from] ability: Poison Heal
|turn|41
|
|move|p2a: Chandelure|Shadow Ball|p1a: Gliscor
|-damage|p1a: Gliscor|0 fnt
|faint|p1a: Gliscor
|
|win|m5
|raw|Ladder updating...
|raw|WeirdNick504's rating: 1302 &rarr; <strong>1284<\/strong><br \/>(-18 for losing)
|raw|m5's rating: 1349 &rarr; <strong>1366<\/strong><br \/>(+17 for winning)