|join|The Diagnosis
|join|WeirdNick504
|player|p1|The Diagnosis|229
|player|p2|WeirdNick504|80
|gametype|singles
|gen|6
|tier|OU
|rated
|clearpoke
|poke|p1|Lopunny, M
|poke|p1|Ferrothorn, M
|poke|p1|Sylveon, F
|poke|p1|Latios, M
|poke|p1|Magnezone
|poke|p1|Mamoswine, F
|poke|p2|Diancie
|poke|p2|Ferrothorn, F
|poke|p2|Latias, F
|poke|p2|Magnezone
|poke|p2|Conkeldurr, M
|poke|p2|Gliscor, M
|rule|Swagger Clause: Swagger is banned
|rule|Baton Pass Clause: Limit one PokÃ©mon knowing Baton Pass
|rule|Sleep Clause Mod: Limit one foe put to sleep
|rule|Species Clause: Limit one of each PokÃ©mon
|rule|OHKO Clause: OHKO moves are banned
|rule|Moody Clause: Moody is banned
|rule|Evasion Moves Clause: Evasion moves are banned
|rule|Endless Battle Clause: Forcing endless battles is banned
|rule|HP Percentage Mod: HP is shown in percentages
|teampreview
|
|start
|switch|p1a: Mamoswine|Mamoswine, F|361\/361
|switch|p2a: Diancie|Diancie|241\/241
|turn|1
|
|switch|p2a: Ferrothorn|Ferrothorn, F|352\/352
|move|p1a: Mamoswine|Earthquake|p2a: Ferrothorn
|-damage|p2a: Ferrothorn|222\/352
|
|-heal|p2a: Ferrothorn|244\/352|[from] item: Leftovers
|turn|2
|join|Know My Pain
|
|move|p1a: Mamoswine|Stealth Rock|p2a: Ferrothorn
|-sidestart|p2: WeirdNick504|move: Stealth Rock
|move|p2a: Ferrothorn|Leech Seed|p1a: Mamoswine
|-start|p1a: Mamoswine|move: Leech Seed
|
|-heal|p2a: Ferrothorn|266\/352|[from] item: Leftovers
|-damage|p1a: Mamoswine|316\/361|[from] Leech Seed|[of] p2a: Ferrothorn
|-heal|p2a: Ferrothorn|311\/352|[silent]
|turn|3
|
|switch|p1a: Magnezone|Magnezone|281\/281
|move|p2a: Ferrothorn|Stealth Rock|p1a: Magnezone
|-sidestart|p1: The Diagnosis|move: Stealth Rock
|
|-heal|p2a: Ferrothorn|333\/352|[from] item: Leftovers
|turn|4
|
|move|p1a: Magnezone|Hidden Power|p2a: Ferrothorn
|-supereffective|p2a: Ferrothorn
|-damage|p2a: Ferrothorn|137\/352
|move|p2a: Ferrothorn|Leech Seed|p1a: Magnezone
|-start|p1a: Magnezone|move: Leech Seed
|
|-heal|p2a: Ferrothorn|159\/352|[from] item: Leftovers
|-damage|p1a: Magnezone|246\/281|[from] Leech Seed|[of] p2a: Ferrothorn
|-heal|p2a: Ferrothorn|194\/352|[silent]
|turn|5
|
|move|p2a: Ferrothorn|Protect|p2a: Ferrothorn
|-singleturn|p2a: Ferrothorn|Protect
|move|p1a: Magnezone|Hidden Power|p2a: Ferrothorn
|-activate|p2a: Ferrothorn|Protect
|
|-heal|p2a: Ferrothorn|216\/352|[from] item: Leftovers
|-damage|p1a: Magnezone|211\/281|[from] Leech Seed|[of] p2a: Ferrothorn
|-heal|p2a: Ferrothorn|251\/352|[silent]
|turn|6
|
|move|p1a: Magnezone|Hidden Power|p2a: Ferrothorn
|-supereffective|p2a: Ferrothorn
|-damage|p2a: Ferrothorn|51\/352
|move|p2a: Ferrothorn|Gyro Ball|p1a: Magnezone
|-resisted|p1a: Magnezone
|-damage|p1a: Magnezone|177\/281
|
|-heal|p2a: Ferrothorn|73\/352|[from] item: Leftovers
|-damage|p1a: Magnezone|142\/281|[from] Leech Seed|[of] p2a: Ferrothorn
|-heal|p2a: Ferrothorn|108\/352|[silent]
|turn|7
|
|move|p1a: Magnezone|Hidden Power|p2a: Ferrothorn
|-supereffective|p2a: Ferrothorn
|-damage|p2a: Ferrothorn|0 fnt
|faint|p2a: Ferrothorn
|
|
|switch|p2a: Diancie|Diancie|241\/241
|-damage|p2a: Diancie|211\/241|[from] Stealth Rock
|turn|8
|
|switch|p1a: Ferrothorn|Ferrothorn, M|351\/351
|-damage|p1a: Ferrothorn|330\/351|[from] Stealth Rock
|detailschange|p2a: Diancie|Diancie-Mega
|-mega|p2a: Diancie|Diancie|Diancite
|move|p2a: Diancie|Earth Power|p1a: Ferrothorn
|-crit|p1a: Ferrothorn
|-damage|p1a: Ferrothorn|170\/351
|
|turn|9
|
|switch|p2a: Magnezone|Magnezone|281\/281
|-damage|p2a: Magnezone|264\/281|[from] Stealth Rock
|switch|p1a: Lopunny|Lopunny, M|271\/271
|-damage|p1a: Lopunny|238\/271|[from] Stealth Rock
|
|turn|10
|
|detailschange|p1a: Lopunny|Lopunny-Mega, M
|-mega|p1a: Lopunny|Lopunny|Lopunnite
|move|p2a: Magnezone|Volt Switch|p1a: Lopunny
|-damage|p1a: Lopunny|118\/271
|
|switch|p2a: Gliscor|Gliscor, M|353\/353
|-damage|p2a: Gliscor|309\/353|[from] Stealth Rock
|move|p1a: Lopunny|High Jump Kick|p2a: Gliscor
|-resisted|p2a: Gliscor
|-damage|p2a: Gliscor|229\/353
|
|-status|p2a: Gliscor|tox|[from] item: Toxic Orb
|turn|11
|
|switch|p2a: Conkeldurr|Conkeldurr, M|413\/413
|-damage|p2a: Conkeldurr|388\/413|[from] Stealth Rock
|move|p1a: Lopunny|Substitute|p1a: Lopunny
|-start|p1a: Lopunny|Substitute
|-damage|p1a: Lopunny|51\/271
|
|turn|12
|c|âWeirdNick504|uh
|
|move|p2a: Conkeldurr|Mach Punch|p1a: Lopunny
|-supereffective|p1a: Lopunny
|-end|p1a: Lopunny|Substitute
|move|p1a: Lopunny|High Jump Kick|p2a: Conkeldurr
|-damage|p2a: Conkeldurr|123\/413
|
|turn|13
|
|switch|p1a: Ferrothorn|Ferrothorn, M|170\/351
|-damage|p1a: Ferrothorn|149\/351|[from] Stealth Rock
|move|p2a: Conkeldurr|Mach Punch|p1a: Ferrothorn
|-supereffective|p1a: Ferrothorn
|-damage|p1a: Ferrothorn|51\/351
|-damage|p2a: Conkeldurr|72\/413|[from] ability: Iron Barbs|[of] p1a: Ferrothorn
|-damage|p2a: Conkeldurr|4\/413|[from] item: Rocky Helmet|[of] p1a: Ferrothorn
|
|turn|14
|
|switch|p2a: Latias|Latias, F|301\/301
|-damage|p2a: Latias|264\/301|[from] Stealth Rock
|move|p1a: Ferrothorn|Leech Seed|p2a: Latias
|-start|p2a: Latias|move: Leech Seed
|
|-damage|p2a: Latias|227\/301|[from] Leech Seed|[of] p1a: Ferrothorn
|-heal|p1a: Ferrothorn|88\/351|[silent]
|turn|15
|
|move|p1a: Ferrothorn|Protect|p1a: Ferrothorn
|-singleturn|p1a: Ferrothorn|Protect
|move|p2a: Latias|Defog|p1a: Ferrothorn
|-activate|p1a: Ferrothorn|Protect
|
|-damage|p2a: Latias|190\/301|[from] Leech Seed|[of] p1a: Ferrothorn
|-heal|p1a: Ferrothorn|125\/351|[silent]
|turn|16
|
|move|p2a: Latias|Healing Wish|p2a: Latias
|faint|p2a: Latias
|move|p1a: Ferrothorn|Gyro Ball|p2: Latias|[notarget]
|-notarget
|
|
|switch|p2a: Conkeldurr|Conkeldurr, M|4\/413
|-heal|p2a: Conkeldurr|413\/413|[from] move: Healing Wish
|-damage|p2a: Conkeldurr|388\/413|[from] Stealth Rock
|turn|17
|c| Know My Pain|smart move
|
|switch|p1a: Sylveon|Sylveon, F|394\/394
|-damage|p1a: Sylveon|345\/394|[from] Stealth Rock
|move|p2a: Conkeldurr|Drain Punch|p1a: Sylveon
|-resisted|p1a: Sylveon
|-damage|p1a: Sylveon|242\/394
|-heal|p2a: Conkeldurr|413\/413|[from] drain|[of] p1a: Sylveon
|
|-heal|p1a: Sylveon|266\/394|[from] item: Leftovers
|turn|18
|c| Know My Pain|ughh
|c| Know My Pain|eternal pain
|
|switch|p2a: Magnezone|Magnezone|264\/281
|-damage|p2a: Magnezone|247\/281|[from] Stealth Rock
|move|p1a: Sylveon|Hyper Voice|p2a: Magnezone
|-resisted|p2a: Magnezone
|-damage|p2a: Magnezone|166\/281
|
|-heal|p1a: Sylveon|290\/394|[from] item: Leftovers
|turn|19
|
|move|p1a: Sylveon|Protect|p1a: Sylveon
|-singleturn|p1a: Sylveon|Protect
|move|p2a: Magnezone|Flash Cannon|p1a: Sylveon
|-activate|p1a: Sylveon|Protect
|
|-heal|p1a: Sylveon|314\/394|[from] item: Leftovers
|turn|20
|
|switch|p1a: Ferrothorn|Ferrothorn, M|125\/351
|-damage|p1a: Ferrothorn|104\/351|[from] Stealth Rock
|move|p2a: Magnezone|Flash Cannon|p1a: Ferrothorn
|-resisted|p1a: Ferrothorn
|-damage|p1a: Ferrothorn|38\/351
|
|turn|21
|
|move|p2a: Magnezone|Flash Cannon|p1a: Ferrothorn
|-crit|p1a: Ferrothorn
|-resisted|p1a: Ferrothorn
|-damage|p1a: Ferrothorn|0 fnt
|faint|p1a: Ferrothorn
|
|
|switch|p1a: Magnezone|Magnezone|142\/281
|-damage|p1a: Magnezone|125\/281|[from] Stealth Rock
|turn|22
|
|move|p2a: Magnezone|Flash Cannon|p1a: Magnezone
|-resisted|p1a: Magnezone
|-damage|p1a: Magnezone|85\/281
|move|p1a: Magnezone|Hidden Power|p2a: Magnezone
|-supereffective|p2a: Magnezone
|-damage|p2a: Magnezone|18\/281
|
|turn|23
|
|move|p2a: Magnezone|Flash Cannon|p1a: Magnezone
|-resisted|p1a: Magnezone
|-damage|p1a: Magnezone|45\/281
|move|p1a: Magnezone|Hidden Power|p2a: Magnezone
|-supereffective|p2a: Magnezone
|-damage|p2a: Magnezone|0 fnt
|faint|p2a: Magnezone
|
|
|switch|p2a: Diancie|Diancie-Mega|211\/241
|-damage|p2a: Diancie|181\/241|[from] Stealth Rock
|turn|24
|
|move|p1a: Magnezone|Hidden Power|p2a: Diancie
|-resisted|p2a: Diancie
|-damage|p2a: Diancie|150\/241
|move|p2a: Diancie|Rock Polish|p2a: Diancie
|-boost|p2a: Diancie|spe|2
|
|turn|25
|
|move|p2a: Diancie|Moonblast|p1a: Magnezone
|-crit|p1a: Magnezone
|-resisted|p1a: Magnezone
|-damage|p1a: Magnezone|0 fnt
|faint|p1a: Magnezone
|
|
|switch|p1a: Lopunny|Lopunny-Mega, M|51\/271
|-damage|p1a: Lopunny|35\/271|[from] Stealth Rock
|turn|26
|
|move|p1a: Lopunny|Fake Out|p2a: Diancie
|-resisted|p2a: Diancie
|-damage|p2a: Diancie|113\/241
|cant|p2a: Diancie|flinch
|
|turn|27
|
|move|p2a: Diancie|Moonblast|p1a: Lopunny
|-crit|p1a: Lopunny
|-supereffective|p1a: Lopunny
|-damage|p1a: Lopunny|0 fnt
|faint|p1a: Lopunny
|
|
|switch|p1a: Sylveon|Sylveon, F|314\/394
|-damage|p1a: Sylveon|265\/394|[from] Stealth Rock
|turn|28
|
|move|p1a: Sylveon|Protect|p1a: Sylveon
|-singleturn|p1a: Sylveon|Protect
|move|p2a: Diancie|Diamond Storm|p1a: Sylveon
|-activate|p1a: Sylveon|Protect
|
|-heal|p1a: Sylveon|289\/394|[from] item: Leftovers
|turn|29
|
|move|p2a: Diancie|Diamond Storm|p1a: Sylveon
|-damage|p1a: Sylveon|22\/394
|move|p1a: Sylveon|Hyper Voice|p2a: Diancie
|-damage|p2a: Diancie|0 fnt
|faint|p2a: Diancie
|
|-heal|p1a: Sylveon|46\/394|[from] item: Leftovers
|
|switch|p2a: Conkeldurr|Conkeldurr, M|413\/413
|-damage|p2a: Conkeldurr|388\/413|[from] Stealth Rock
|turn|30
|
|move|p1a: Sylveon|Protect|p1a: Sylveon
|-singleturn|p1a: Sylveon|Protect
|move|p2a: Conkeldurr|Mach Punch|p1a: Sylveon
|-activate|p1a: Sylveon|Protect
|
|-heal|p1a: Sylveon|70\/394|[from] item: Leftovers
|turn|31
|leave|Know My Pain
|
|move|p2a: Conkeldurr|Mach Punch|p1a: Sylveon
|-crit|p1a: Sylveon
|-resisted|p1a: Sylveon
|-damage|p1a: Sylveon|0 fnt
|faint|p1a: Sylveon
|
|c|âThe Diagnosis|tears
|
|switch|p1a: Latios|Latios, M|301\/301
|-damage|p1a: Latios|264\/301|[from] Stealth Rock
|turn|32
|
|switch|p2a: Gliscor|Gliscor, M|229\/353 tox
|-damage|p2a: Gliscor|185\/353 tox|[from] Stealth Rock
|move|p1a: Latios|Psyshock|p2a: Gliscor
|-damage|p2a: Gliscor|95\/353 tox
|
|-heal|p2a: Gliscor|139\/353 tox|[from] ability: Poison Heal
|turn|33
|
|switch|p1a: Mamoswine|Mamoswine, F|316\/361
|-damage|p1a: Mamoswine|271\/361|[from] Stealth Rock
|move|p2a: Gliscor|Roost|p2a: Gliscor
|-heal|p2a: Gliscor|316\/353 tox
|
|-heal|p2a: Gliscor|353\/353 tox|[from] ability: Poison Heal
|turn|34
|
|move|p1a: Mamoswine|Ice Shard|p2a: Gliscor
|-supereffective|p2a: Gliscor
|-damage|p2a: Gliscor|169\/353 tox
|move|p2a: Gliscor|Toxic|p1a: Mamoswine
|-status|p1a: Mamoswine|tox
|
|-damage|p1a: Mamoswine|249\/361 tox|[from] psn
|-heal|p2a: Gliscor|213\/353 tox|[from] ability: Poison Heal
|turn|35
|join|Know My Pain
|
|move|p1a: Mamoswine|Ice Shard|p2a: Gliscor
|-supereffective|p2a: Gliscor
|-damage|p2a: Gliscor|45\/353 tox
|move|p2a: Gliscor|Roost|p2a: Gliscor
|-heal|p2a: Gliscor|222\/353 tox
|
|-damage|p1a: Mamoswine|205\/361 tox|[from] psn
|-heal|p2a: Gliscor|266\/353 tox|[from] ability: Poison Heal
|turn|36
|
|move|p1a: Mamoswine|Freeze-Dry|p2a: Gliscor
|-supereffective|p2a: Gliscor
|-damage|p2a: Gliscor|0 fnt
|faint|p2a: Gliscor
|
|-damage|p1a: Mamoswine|139\/361 tox|[from] psn
|c| Know My Pain|o..oo
|
|switch|p2a: Conkeldurr|Conkeldurr, M|388\/413
|-damage|p2a: Conkeldurr|363\/413|[from] Stealth Rock
|turn|37
|
|move|p1a: Mamoswine|Ice Shard|p2a: Conkeldurr
|-damage|p2a: Conkeldurr|291\/413
|move|p2a: Conkeldurr|Mach Punch|p1a: Mamoswine
|-supereffective|p1a: Mamoswine
|-damage|p1a: Mamoswine|0 fnt
|faint|p1a: Mamoswine
|
|
|switch|p1a: Latios|Latios, M|264\/301
|-damage|p1a: Latios|227\/301|[from] Stealth Rock
|turn|38
|c| Know My Pain|ic punch gg
|
|move|p1a: Latios|Psyshock|p2a: Conkeldurr
|-supereffective|p2a: Conkeldurr
|-damage|p2a: Conkeldurr|0 fnt
|faint|p2a: Conkeldurr
|
|win|The Diagnosis
|raw|Ladder updating...
|raw|The Diagnosis's rating: 1356 &rarr; <strong>1377<\/strong><br \/>(+21 for winning)
|raw|WeirdNick504's rating: 1372 &rarr; <strong>1351<\/strong><br \/>(-21 for losing)
|c|âWeirdNick504|nope
|c|âThe Diagnosis|gg
|leave|WeirdNick504
|c| Know My Pain|conkedulr
|leave|Know My Pain
|player|p2