|join|WeirdNick504
|join|Cholera90
|player|p1|WeirdNick504|290
|player|p2|Cholera90|25
|gametype|singles
|gen|6
|tier|OU
|rated
|clearpoke
|poke|p1|Diancie, shiny
|poke|p1|Jirachi
|poke|p1|Latias, F
|poke|p1|Magnezone
|poke|p1|Conkeldurr, F
|poke|p1|Gliscor, F
|poke|p2|Thundurus, M
|poke|p2|Talonflame, F
|poke|p2|Gothitelle, F
|poke|p2|Heatran, F
|poke|p2|Gardevoir, F
|poke|p2|Conkeldurr, M
|rule|Swagger Clause: Swagger is banned
|rule|Baton Pass Clause: Limit one PokÃ©mon knowing Baton Pass
|rule|Sleep Clause Mod: Limit one foe put to sleep
|rule|Species Clause: Limit one of each PokÃ©mon
|rule|OHKO Clause: OHKO moves are banned
|rule|Moody Clause: Moody is banned
|rule|Evasion Moves Clause: Evasion moves are banned
|rule|Endless Battle Clause: Forcing endless battles is banned
|rule|HP Percentage Mod: HP is shown in percentages
|teampreview
|
|start
|switch|p1a: Old Big Nose|Conkeldurr, F|413\/413
|switch|p2a: Heatran|Heatran, F|323\/323
|-item|p2a: Heatran|Air Balloon
|turn|1
|
|move|p2a: Heatran|Stealth Rock|p1a: Old Big Nose
|-sidestart|p1: WeirdNick504|move: Stealth Rock
|move|p1a: Old Big Nose|Knock Off|p2a: Heatran
|-damage|p2a: Heatran|202\/323
|-enditem|p2a: Heatran|Air Balloon
|
|turn|2
|
|move|p2a: Heatran|Lava Plume|p1a: Old Big Nose
|-damage|p1a: Old Big Nose|275\/413
|-status|p1a: Old Big Nose|brn
|move|p1a: Old Big Nose|Knock Off|p2a: Heatran
|-damage|p2a: Heatran|68\/323
|
|-damage|p1a: Old Big Nose|224\/413 brn|[from] brn
|turn|3
|
|move|p2a: Heatran|Lava Plume|p1a: Old Big Nose
|-damage|p1a: Old Big Nose|83\/413 brn
|move|p1a: Old Big Nose|Knock Off|p2a: Heatran
|-damage|p2a: Heatran|0 fnt
|faint|p2a: Heatran
|
|-damage|p1a: Old Big Nose|32\/413 brn|[from] brn
|
|switch|p2a: Talonflame|Talonflame, F|297\/297
|turn|4
|
|switch|p1a: Your Nightmare|Gliscor, F|353\/353
|-damage|p1a: Your Nightmare|309\/353|[from] Stealth Rock
|move|p2a: Talonflame|Brave Bird|p1a: Your Nightmare
|-damage|p1a: Your Nightmare|180\/353
|-damage|p2a: Talonflame|254\/297|[from] recoil|[of] p1a: Your Nightmare
|-damage|p2a: Talonflame|225\/297|[from] item: Life Orb
|
|-status|p1a: Your Nightmare|tox|[from] item: Toxic Orb
|turn|5
|
|switch|p2a: Gothitelle|Gothitelle, F|343\/343
|move|p1a: Your Nightmare|Substitute|p1a: Your Nightmare
|-start|p1a: Your Nightmare|Substitute
|-damage|p1a: Your Nightmare|92\/353 tox
|
|-heal|p1a: Your Nightmare|136\/353 tox|[from] ability: Poison Heal
|turn|6
|
|move|p1a: Your Nightmare|Toxic|p2a: Gothitelle|[miss]
|-miss|p1a: Your Nightmare|p2a: Gothitelle
|move|p2a: Gothitelle|Psychic|p1a: Your Nightmare
|-end|p1a: Your Nightmare|Substitute
|
|-heal|p1a: Your Nightmare|180\/353 tox|[from] ability: Poison Heal
|turn|7
|
|move|p1a: Your Nightmare|Protect|p1a: Your Nightmare
|-singleturn|p1a: Your Nightmare|Protect
|move|p2a: Gothitelle|Psychic|p1a: Your Nightmare
|-activate|p1a: Your Nightmare|Protect
|
|-heal|p1a: Your Nightmare|224\/353 tox|[from] ability: Poison Heal
|turn|8
|
|move|p1a: Your Nightmare|Toxic|p2a: Gothitelle
|-status|p2a: Gothitelle|tox
|move|p2a: Gothitelle|Psychic|p1a: Your Nightmare
|-damage|p1a: Your Nightmare|0 fnt
|faint|p1a: Your Nightmare
|
|-damage|p2a: Gothitelle|322\/343 tox|[from] psn
|
|switch|p1a: Hax God|Jirachi|404\/404
|-damage|p1a: Hax God|379\/404|[from] Stealth Rock
|turn|9
|
|switch|p2a: Thundurus|Thundurus, M|299\/299
|move|p1a: Hax God|Thunder Wave|p2a: Thundurus
|-fail|p2a: Thundurus
|
|-heal|p1a: Hax God|404\/404|[from] item: Leftovers
|turn|10
|
|switch|p1a: FUCK THE POLICE|Magnezone|281\/281
|-damage|p1a: FUCK THE POLICE|264\/281|[from] Stealth Rock
|move|p2a: Thundurus|Focus Blast|p1a: FUCK THE POLICE
|-supereffective|p1a: FUCK THE POLICE
|-damage|p1a: FUCK THE POLICE|0 fnt
|-damage|p2a: Thundurus|270\/299|[from] item: Life Orb
|faint|p1a: FUCK THE POLICE
|
|
|switch|p1a: Hax God|Jirachi|404\/404
|-damage|p1a: Hax God|379\/404|[from] Stealth Rock
|turn|11
|
|move|p2a: Thundurus|Thunder Wave|p1a: Hax God
|-status|p1a: Hax God|par
|cant|p1a: Hax God|par
|
|-heal|p1a: Hax God|404\/404 par|[from] item: Leftovers
|turn|12
|
|switch|p2a: Gothitelle|Gothitelle, F|322\/343 tox
|move|p1a: Hax God|Thunder Wave|p2a: Gothitelle
|-fail|p2a: Gothitelle
|
|-damage|p2a: Gothitelle|301\/343 tox|[from] psn
|turn|13
|
|move|p2a: Gothitelle|Trick|p1a: Hax God
|-activate|p2a: Gothitelle|move: Trick|[of] p1a: Hax God
|-item|p1a: Hax God|Choice Specs|[from] move: Trick
|-item|p2a: Gothitelle|Leftovers|[from] move: Trick
|move|p1a: Hax God|Stealth Rock|p2a: Gothitelle
|-sidestart|p2: Cholera90|move: Stealth Rock
|
|-heal|p2a: Gothitelle|322\/343 tox|[from] item: Leftovers
|-damage|p2a: Gothitelle|280\/343 tox|[from] psn
|turn|14
|
|move|p2a: Gothitelle|Hidden Power|p1a: Hax God
|-crit|p1a: Hax God
|-supereffective|p1a: Hax God
|-damage|p1a: Hax God|276\/404 par
|move|p1a: Hax God|Stealth Rock|p2a: Gothitelle
|-fail|p2a: Gothitelle
|
|-heal|p2a: Gothitelle|301\/343 tox|[from] item: Leftovers
|-damage|p2a: Gothitelle|238\/343 tox|[from] psn
|turn|15
|
|move|p2a: Gothitelle|Hidden Power|p1a: Hax God
|-supereffective|p1a: Hax God
|-damage|p1a: Hax God|190\/404 par
|move|p1a: Hax God|Stealth Rock|p2a: Gothitelle
|-fail|p2a: Gothitelle
|
|-heal|p2a: Gothitelle|259\/343 tox|[from] item: Leftovers
|-damage|p2a: Gothitelle|175\/343 tox|[from] psn
|turn|16
|
|move|p2a: Gothitelle|Hidden Power|p1a: Hax God
|-supereffective|p1a: Hax God
|-damage|p1a: Hax God|88\/404 par
|cant|p1a: Hax God|par
|
|-heal|p2a: Gothitelle|196\/343 tox|[from] item: Leftovers
|-damage|p2a: Gothitelle|91\/343 tox|[from] psn
|turn|17
|
|switch|p2a: Talonflame|Talonflame, F|225\/297
|-damage|p2a: Talonflame|77\/297|[from] Stealth Rock
|cant|p1a: Hax God|par
|
|turn|18
|
|switch|p1a: I Drop Draco's|Latias, F|301\/301
|-damage|p1a: I Drop Draco's|264\/301|[from] Stealth Rock
|move|p2a: Talonflame|Roost|p2a: Talonflame
|-heal|p2a: Talonflame|226\/297
|
|turn|19
|
|move|p2a: Talonflame|Brave Bird|p1a: I Drop Draco's
|-damage|p1a: I Drop Draco's|56\/301
|-damage|p2a: Talonflame|157\/297|[from] recoil|[of] p1a: I Drop Draco's
|-damage|p2a: Talonflame|128\/297|[from] item: Life Orb
|move|p1a: I Drop Draco's|Psyshock|p2a: Talonflame
|-damage|p2a: Talonflame|0 fnt
|-damage|p1a: I Drop Draco's|26\/301|[from] item: Life Orb
|faint|p2a: Talonflame
|
|
|switch|p2a: Thundurus|Thundurus, M|270\/299
|-damage|p2a: Thundurus|196\/299|[from] Stealth Rock
|turn|20
|
|move|p2a: Thundurus|Hidden Power|p1a: I Drop Draco's
|-supereffective|p1a: I Drop Draco's
|-damage|p1a: I Drop Draco's|0 fnt
|-damage|p2a: Thundurus|167\/299|[from] item: Life Orb
|faint|p1a: I Drop Draco's
|
|
|switch|p1a: 0 Switch ins|Diancie, shiny|241\/241
|-damage|p1a: 0 Switch ins|211\/241|[from] Stealth Rock
|turn|21
|
|detailschange|p1a: 0 Switch ins|Diancie-Mega, shiny
|-mega|p1a: 0 Switch ins|Diancie|Diancite
|move|p2a: Thundurus|Thunderbolt|p1a: 0 Switch ins
|-damage|p1a: 0 Switch ins|24\/241
|-damage|p2a: Thundurus|138\/299|[from] item: Life Orb
|move|p1a: 0 Switch ins|Moonblast|p2a: Thundurus
|-damage|p2a: Thundurus|0 fnt
|faint|p2a: Thundurus
|
|
|switch|p2a: Conkeldurr|Conkeldurr, M|413\/413
|-damage|p2a: Conkeldurr|388\/413|[from] Stealth Rock
|turn|22
|
|move|p2a: Conkeldurr|Mach Punch|p1a: 0 Switch ins
|-damage|p1a: 0 Switch ins|0 fnt
|faint|p1a: 0 Switch ins
|
|
|switch|p1a: Old Big Nose|Conkeldurr, F|32\/413 brn
|-damage|p1a: Old Big Nose|7\/413 brn|[from] Stealth Rock
|turn|23
|
|switch|p2a: Gothitelle|Gothitelle, F|91\/343 tox
|-damage|p2a: Gothitelle|49\/343 tox|[from] Stealth Rock
|move|p1a: Old Big Nose|Mach Punch|p2a: Gothitelle
|-resisted|p2a: Gothitelle
|-damage|p2a: Gothitelle|0 fnt
|faint|p2a: Gothitelle
|
|-damage|p1a: Old Big Nose|0 fnt|[from] brn
|faint|p1a: Old Big Nose
|
|switch|p2a: Conkeldurr|Conkeldurr, M|388\/413
|switch|p1a: Hax God|Jirachi|88\/404 par
|-damage|p2a: Conkeldurr|363\/413|[from] Stealth Rock
|-damage|p1a: Hax God|63\/404 par|[from] Stealth Rock
|turn|24
|-message|WeirdNick504 forfeited.
|leave|WeirdNick504
|
|move|p2a: Conkeldurr|Drain Punch|p1a: Hax God
|-damage|p1a: Hax God|0 fnt
|-heal|p2a: Conkeldurr|395\/413|[from] drain|[of] p1a: Hax God
|faint|p1a: Hax God
|
|win|Cholera90
|raw|Ladder updating...
|player|p1
|raw|WeirdNick504's rating: 1576 &rarr; <strong>1558<\/strong><br \/>(-18 for losing)
|raw|Cholera90's rating: 1611 &rarr; <strong>1629<\/strong><br \/>(+18 for winning)