|join|trentg27
|join|Eren Swaeger
|join|hydralord
|c|âEren Swaeger|gl hf
|player|p1|trentg27|167
|player|p2|Eren Swaeger|294
|gametype|singles
|gen|6
|tier|UU
|rule|Sleep Clause Mod: Limit one foe put to sleep
|rule|Species Clause: Limit one of each PokÃ©mon
|rule|OHKO Clause: OHKO moves are banned
|rule|Moody Clause: Moody is banned
|rule|Evasion Moves Clause: Evasion moves are banned
|rule|Endless Battle Clause: Forcing endless battles is banned
|rule|HP Percentage Mod: HP is shown in percentages
|clearpoke
|poke|p1|Toxicroak, M
|poke|p1|Suicune
|poke|p1|Galvantula, M
|poke|p1|Shaymin
|poke|p1|Infernape, F
|poke|p1|Umbreon, M, shiny
|poke|p2|Raikou
|poke|p2|Vaporeon, F
|poke|p2|Beedrill, F
|poke|p2|Gligar, M
|poke|p2|Machamp, F
|poke|p2|Krookodile, M
|rule|Swagger Clause: Swagger is banned
|rule|Baton Pass Clause: Limit one PokÃ©mon knowing Baton Pass
|teampreview
|join|NafyTreecko
|join|dodmen
|c|âtrentg27|glhf
|join|maxehg
|c| NafyTreecko|Gimme a "T"
|
|start
|switch|p1a: Galvantula|Galvantula, M|281\/281
|switch|p2a: Krookodile|Krookodile, M|331\/331
|turn|1
|join|zebra.k
|
|move|p2a: Krookodile|Earthquake|p1a: Galvantula
|-damage|p1a: Galvantula|52\/281
|move|p1a: Galvantula|Sticky Web|p2a: Krookodile
|-sidestart|p2: Eren Swaeger|move: Sticky Web
|
|turn|2
|join|aweonaoMoore
|join|trevor ellis
|
|switch|p1a: Suicune|Suicune|404\/404
|-ability|p1a: Suicune|Pressure
|move|p2a: Krookodile|Earthquake|p1a: Suicune
|-damage|p1a: Suicune|304\/404
|
|-heal|p1a: Suicune|329\/404|[from] item: Leftovers
|turn|3
|join|Starmie Sweep
|
|switch|p2a: Thundercat|Raikou|321\/321
|-activate|p2a: Thundercat|move: Sticky Web
|-unboost|p2a: Thundercat|spe|1
|-ability|p2a: Thundercat|Pressure
|move|p1a: Suicune|Scald|p2a: Thundercat
|-damage|p2a: Thundercat|230\/321
|-status|p2a: Thundercat|brn
|
|-heal|p1a: Suicune|354\/404|[from] item: Leftovers
|-damage|p2a: Thundercat|190\/321 brn|[from] brn
|turn|4
|c| Starmie Sweep|HOOOOOOOOOOO
|c| Starmie Sweep|Lion-o, gaze through the Eye of Thundara!
|
|switch|p1a: Umbreon|Umbreon, M, shiny|394\/394
|move|p2a: Thundercat|Volt Switch|p1a: Umbreon
|-damage|p1a: Umbreon|292\/394
|c|âEren Swaeger|Wut m8?
|join|tuRk.jpg
|join|PZwag
|
|switch|p2a: Gligar|Gligar, M|334\/334
|
|-heal|p1a: Umbreon|316\/394|[from] item: Leftovers
|turn|5
|c| Starmie Sweep|Someone who names a poke thundercat but doesn't get references to The Thundercats is a bad person.
|join|FearTheCow57
|
|move|p2a: Gligar|Defog|p1a: Umbreon
|-unboost|p1a: Umbreon|evasion|1
|-sideend|p2: Eren Swaeger|Sticky Web|[from] move: Defog|[of] p2a: Gligar
|move|p1a: Umbreon|Toxic|p2a: Gligar
|-status|p2a: Gligar|tox
|
|-heal|p1a: Umbreon|340\/394|[from] item: Leftovers
|-damage|p2a: Gligar|314\/334 tox|[from] psn
|turn|6
|join|Alldaalts
|c| hydralord|thunder
|
|move|p2a: Gligar|U-turn|p1a: Umbreon
|-supereffective|p1a: Umbreon
|-damage|p1a: Umbreon|256\/394
|c| hydralord|Thunder
|c| hydralord|THUNDERCATS
|c| Starmie Sweep|HOOOOOOOOOO!
|
|switch|p2a: Machamp|Machamp, F|344\/344
|move|p1a: Umbreon|Wish|p1a: Umbreon
|
|-heal|p1a: Umbreon|280\/394|[from] item: Leftovers
|turn|7
|
|switch|p1a: Shaymin|Shaymin|341\/341
|move|p2a: Machamp|Close Combat|p1a: Shaymin
|-damage|p1a: Shaymin|19\/341
|-unboost|p2a: Machamp|def|1
|-unboost|p2a: Machamp|spd|1
|
|-heal|p1a: Shaymin|216\/341|[from] move: Wish|[wisher] Umbreon
|-heal|p1a: Shaymin|237\/341|[from] item: Leftovers
|turn|8
|c| maxehg|did you calc that?
|c|âtrentg27|nope
|c|âtrentg27|yolo
|
|switch|p2a: Buzzzz|Beedrill, F|271\/271
|move|p1a: Shaymin|Psychic|p2a: Buzzzz
|-supereffective|p2a: Buzzzz
|-damage|p2a: Buzzzz|57\/271
|
|-heal|p1a: Shaymin|258\/341|[from] item: Leftovers
|turn|9
|c|âEren Swaeger|oooo
|c|âEren Swaeger|Was expecting Dazzling gleam
|c|âEren Swaeger|Shitttt
|
|detailschange|p2a: Buzzzz|Beedrill-Mega, F
|-mega|p2a: Buzzzz|Beedrill|Beedrillite
|move|p2a: Buzzzz|Protect|p2a: Buzzzz
|-singleturn|p2a: Buzzzz|Protect
|move|p1a: Shaymin|Psychic|p2a: Buzzzz
|-activate|p2a: Buzzzz|Protect
|
|-heal|p1a: Shaymin|279\/341|[from] item: Leftovers
|turn|10
|c|âtrentg27|i always forget about protect
|
|switch|p1a: Suicune|Suicune|354\/404
|-ability|p1a: Suicune|Pressure
|move|p2a: Buzzzz|U-turn|p1a: Suicune
|-damage|p1a: Suicune|226\/404
|c|âEren Swaeger|Just remember
|c|âEren Swaeger|!data Beedrill
|c|~|\/data-pokemon Beedrill

|c|âEren Swaeger|Base 75
|
|switch|p2a: Thundercat|Raikou|190\/321 brn
|-ability|p2a: Thundercat|Pressure
|
|-heal|p1a: Suicune|251\/404|[from] item: Leftovers
|-damage|p2a: Thundercat|150\/321 brn|[from] brn
|turn|11
|c| NafyTreecko|U-turn specialist
|
|switch|p1a: Umbreon|Umbreon, M, shiny|280\/394
|move|p2a: Thundercat|Volt Switch|p1a: Umbreon
|-damage|p1a: Umbreon|183\/394
|c| maxehg|now bee
|
|switch|p2a: Machamp|Machamp, F|344\/344
|
|-heal|p1a: Umbreon|207\/394|[from] item: Leftovers
|turn|12
|c|âEren Swaeger|I clicked machamp right before you said Mega bee
|c|âEren Swaeger|Mega bee was better
|c|+dodmen|n
|c| hydralord|How can a bee beat the champ?
|c| maxehg|u turn, volt and repeat
|c| Starmie Sweep|wtb Fire type U-turn.
|
|move|p1a: Umbreon|Protect|p1a: Umbreon
|-singleturn|p1a: Umbreon|Protect
|move|p2a: Machamp|Close Combat|p1a: Umbreon
|-activate|p1a: Umbreon|Protect
|
|-heal|p1a: Umbreon|231\/394|[from] item: Leftovers
|turn|13
|c|âtrentg27|sheeeeeeet
|c|âEren Swaeger|Switching into toxicroak
|c|âEren Swaeger|*Switch
|
|switch|p1a: Suicune|Suicune|251\/404
|-ability|p1a: Suicune|Pressure
|move|p2a: Machamp|Close Combat|p1a: Suicune
|-damage|p1a: Suicune|4\/404
|-unboost|p2a: Machamp|def|1
|-unboost|p2a: Machamp|spd|1
|
|-heal|p1a: Suicune|29\/404|[from] item: Leftovers
|turn|14
|c|âEren Swaeger|nuuu
|c|+dodmen|nb
|c| maxehg|bp kills?
|join|Frostykewl
|c| Starmie Sweep|This is interesting... despite the overall coolness of Trent's team... it has nothing that can take a strong fighting move.  The two fighting resists are squishy.
|c|âEren Swaeger|Can I potentially outspeed cune?
|c| hydralord|*1
|c| hydralord|Nvm
|c|âtrentg27|yolo
|c| maxehg|did you invest?
|c| hydralord|2
|
|move|p1a: Suicune|Rest|p1a: Suicune
|-status|p1a: Suicune|slp
|-heal|p1a: Suicune|404\/404 slp|[silent]
|-status|p1a: Suicune|slp|[from] move: Rest
|move|p2a: Machamp|Close Combat|p1a: Suicune
|-damage|p1a: Suicune|182\/404 slp
|-unboost|p2a: Machamp|def|1
|-unboost|p2a: Machamp|spd|1
|
|-heal|p1a: Suicune|207\/404 slp|[from] item: Leftovers
|turn|15
|c| Starmie Sweep|BandShaoe would beat the shit out of this team.
|
|switch|p2a: Vaporeon|Vaporeon, F|451\/451
|cant|p1a: Suicune|slp
|move|p1a: Suicune|Sleep Talk|p1a: Suicune
|move|p1a: Suicune|Scald|p2a: Vaporeon|[from]Sleep Talk
|-immune|p2a: Vaporeon|[msg]
|
|-heal|p1a: Suicune|232\/404 slp|[from] item: Leftovers
|turn|16
|c|âtrentg27|pray on sleep talk
|c|âtrentg27|damnnnnnnnnn
|leave|tuRk.jpg
|join|IheartMagikarp
|c| maxehg|wish?
|c| hydralord|#CroCuneCountered
|
|switch|p1a: Umbreon|Umbreon, M, shiny|231\/394
|move|p2a: Vaporeon|Wish|p2a: Vaporeon
|
|-heal|p1a: Umbreon|255\/394|[from] item: Leftovers
|turn|17
|join|SmogonGayRarely
|join|LiberalLucario
|c| IheartMagikarp|go for hp psychic
|c| IheartMagikarp|predicting croak
|c| SmogonGayRarely|zzz
|c| SmogonGayRarely|Eren Swaeger's team is boring as fuck.
|c|âEren Swaeger|yo
|c|âEren Swaeger|Can you pick up the pace please?
|
|switch|p2a: Thundercat|Raikou|150\/321 brn
|-ability|p2a: Thundercat|Pressure
|move|p1a: Umbreon|Wish|p1a: Umbreon
|
|-heal|p2a: Thundercat|321\/321 brn|[from] move: Wish|[wisher] Vaporeon
|-heal|p1a: Umbreon|279\/394|[from] item: Leftovers
|-damage|p2a: Thundercat|281\/321 brn|[from] brn
|turn|18
|c| SmogonGayRarely|Reveal Swords Dance Raikou
|c|âEren Swaeger|It may be boring to you, but I love using these pokes
|c|âtrentg27|gahhh
|
|move|p2a: Thundercat|Volt Switch|p1a: Umbreon
|-damage|p1a: Umbreon|180\/394
|leave|SmogonGayRarely
|c| maxehg|its a good team
|c|âEren Swaeger|wait
|c|âEren Swaeger|What did you....
|c| NafyTreecko|burn it with fire
|
|switch|p2a: Machamp|Machamp, F|344\/344
|move|p1a: Umbreon|Foul Play|p2a: Machamp
|-resisted|p2a: Machamp
|-damage|p2a: Machamp|239\/344
|
|-heal|p1a: Umbreon|377\/394|[from] move: Wish|[wisher] Umbreon
|-heal|p1a: Umbreon|394\/394|[from] item: Leftovers
|turn|19
|join|Ludicolo For OU
|c| Ludicolo For OU|ew mega bee
|c| maxehg|the calcs
|c|âEren Swaeger|Can you pick up the pace please?
|c| maxehg|or lag
|c|âtrentg27|yolo
|
|move|p2a: Machamp|Close Combat|p1a: Umbreon
|-supereffective|p1a: Umbreon
|-damage|p1a: Umbreon|0 fnt
|-unboost|p2a: Machamp|def|1
|-unboost|p2a: Machamp|spd|1
|faint|p1a: Umbreon
|
|c| maxehg|lol
|c|âtrentg27|i just can't decide so i decided to lose
|
|switch|p1a: Infernape|Infernape, F|293\/293
|turn|20
|
|switch|p2a: Gligar|Gligar, M|314\/334 tox
|move|p1a: Infernape|Close Combat|p2a: Gligar
|-resisted|p2a: Gligar
|-damage|p2a: Gligar|275\/334 tox
|-unboost|p1a: Infernape|def|1
|-unboost|p1a: Infernape|spd|1
|
|-damage|p2a: Gligar|255\/334 tox|[from] psn
|turn|21
|c| Starmie Sweep|Holy shit.  Gligar Bulklord.
|
|switch|p1a: Toxicroak|Toxicroak, M|369\/369
|move|p2a: Gligar|U-turn|p1a: Toxicroak
|-resisted|p1a: Toxicroak
|-damage|p1a: Toxicroak|354\/369
|
|switch|p2a: Krookodile|Krookodile, M|331\/331
|
|turn|22
|c| maxehg|ice punch frz
|c|âEren Swaeger|>Implying I'm not scarfed
|
|move|p2a: Krookodile|Earthquake|p1a: Toxicroak
|-supereffective|p1a: Toxicroak
|-damage|p1a: Toxicroak|0 fnt
|faint|p1a: Toxicroak
|-boost|p2a: Krookodile|atk|1|[from] ability: Moxie
|
|c|âtrentg27|gg
|c|âEren Swaeger|gg
|c|âtrentg27|couldn't handle machamp
|
|switch|p1a: Infernape|Infernape, F|293\/293
|turn|23
|c| NafyTreecko|you got it trent!
|c| Ludicolo For OU|he has 3 broken pokes on his team.
|leave|trevor ellis
|
|switch|p1a: Shaymin|Shaymin|279\/341
|switch|p2a: Gligar|Gligar, M|255\/334 tox
|
|-heal|p1a: Shaymin|300\/341|[from] item: Leftovers
|-damage|p2a: Gligar|235\/334 tox|[from] psn
|turn|24
|c| hydralord|What 3?
|leave|maxehg
|c|âEren Swaeger|Got scared of CS infernape
|
|move|p1a: Shaymin|Aromatherapy|p1a: Shaymin
|-cureteam|p1a: Shaymin|[from] move: Aromatherapy
|move|p2a: Gligar|U-turn|p1a: Shaymin
|-supereffective|p1a: Shaymin
|-damage|p1a: Shaymin|210\/341
|
|switch|p2a: Buzzzz|Beedrill-Mega, F|57\/271
|
|-heal|p1a: Shaymin|231\/341|[from] item: Leftovers
|turn|25
|c| Ludicolo For OU|mega bee, krook, and machamp
|
|switch|p1a: Suicune|Suicune|232\/404
|-ability|p1a: Suicune|Pressure
|move|p2a: Buzzzz|Poison Jab|p1a: Suicune
|-damage|p1a: Suicune|92\/404
|
|-heal|p1a: Suicune|117\/404|[from] item: Leftovers
|turn|26
|
|move|p2a: Buzzzz|Poison Jab|p1a: Suicune
|-damage|p1a: Suicune|0 fnt
|faint|p1a: Suicune
|
|
|switch|p1a: Infernape|Infernape, F|293\/293
|turn|27
|
|switch|p1a: Galvantula|Galvantula, M|52\/281
|move|p2a: Buzzzz|Protect|p2a: Buzzzz
|-fail|p2a: Buzzzz
|
|turn|28
|
|move|p2a: Buzzzz|Poison Jab|p1a: Galvantula
|-damage|p1a: Galvantula|0 fnt
|faint|p1a: Galvantula
|
|c|âtrentg27|gligar
|leave|Ludicolo For OU
|join|Mr.McMuffin
|
|switch|p1a: Infernape|Infernape, F|293\/293
|turn|29
|c|âtrentg27|i needed knock off
|
|move|p2a: Buzzzz|Protect|p2a: Buzzzz
|-singleturn|p2a: Buzzzz|Protect
|move|p1a: Infernape|Overheat|p2a: Buzzzz
|-activate|p2a: Buzzzz|Protect
|
|turn|30
|c|âtrentg27|*mortal combat voice*
|c|âtrentg27|FINISH HIM!
|
|switch|p2a: Vaporeon|Vaporeon, F|451\/451
|move|p1a: Infernape|Overheat|p2a: Vaporeon
|-resisted|p2a: Vaporeon
|-damage|p2a: Vaporeon|385\/451
|-unboost|p1a: Infernape|spa|2
|
|-heal|p2a: Vaporeon|413\/451|[from] item: Leftovers
|turn|31
|
|switch|p1a: Shaymin|Shaymin|231\/341
|switch|p2a: Buzzzz|Beedrill-Mega, F|57\/271
|
|-heal|p1a: Shaymin|252\/341|[from] item: Leftovers
|turn|32
|c|âtrentg27|seriously tho just don't overpredict
|join|Mega Gyarados Z
|
|move|p2a: Buzzzz|Poison Jab|p1a: Shaymin
|-supereffective|p1a: Shaymin
|-damage|p1a: Shaymin|0 fnt
|faint|p1a: Shaymin
|
|leave|FearTheCow57
|c|âtrentg27|thx
|
|switch|p1a: Infernape|Infernape, F|293\/293
|turn|33
|leave|NafyTreecko
|
|move|p2a: Buzzzz|Protect|p2a: Buzzzz
|-singleturn|p2a: Buzzzz|Protect
|move|p1a: Infernape|Close Combat|p2a: Buzzzz
|-activate|p2a: Buzzzz|Protect
|
|turn|34
|
|switch|p2a: Gligar|Gligar, M|235\/334 tox
|move|p1a: Infernape|Close Combat|p2a: Gligar
|-resisted|p2a: Gligar
|-damage|p2a: Gligar|193\/334 tox
|-unboost|p1a: Infernape|def|1
|-unboost|p1a: Infernape|spd|1
|
|-damage|p2a: Gligar|173\/334 tox|[from] psn
|turn|35
|join|Mighty Dagon
|c| zebra.k|scarf nape with overheat?
|c|âtrentg27|yup
|join|SingleThunder
|
|move|p1a: Infernape|Close Combat|p2a: Gligar
|-resisted|p2a: Gligar
|-damage|p2a: Gligar|128\/334 tox
|-unboost|p1a: Infernape|def|1
|-unboost|p1a: Infernape|spd|1
|move|p2a: Gligar|Toxic|p1a: Infernape
|-status|p1a: Infernape|tox
|
|-damage|p1a: Infernape|275\/293 tox|[from] psn
|-damage|p2a: Gligar|88\/334 tox|[from] psn
|turn|36
|c| zebra.k|flare blitz can probably do better
|
|move|p1a: Infernape|Close Combat|p2a: Gligar
|-resisted|p2a: Gligar
|-damage|p2a: Gligar|47\/334 tox
|-unboost|p1a: Infernape|def|1
|-unboost|p1a: Infernape|spd|1
|move|p2a: Gligar|U-turn|p1a: Infernape
|-crit|p1a: Infernape
|-resisted|p1a: Infernape
|-damage|p1a: Infernape|213\/293 tox
|c|âtrentg27|yeah?
|c|âEren Swaeger|gg
|c|âtrentg27|gg
|
|switch|p2a: Vaporeon|Vaporeon, F|413\/451
|
|-heal|p2a: Vaporeon|441\/451|[from] item: Leftovers
|-damage|p1a: Infernape|177\/293 tox|[from] psn
|turn|37
|c| Frostykewl|wow
|c|âtrentg27|i'm going to switch that i think after this
|c| Frostykewl|6-0?
|c| Starmie Sweep|Flare blitz, CC, U turn, ... then EQ?
|c| zebra.k|thunderpunch
|
|move|p1a: Infernape|Close Combat|p2a: Vaporeon
|-damage|p2a: Vaporeon|240\/451
|-unboost|p1a: Infernape|def|1
|-unboost|p1a: Infernape|spd|1
|move|p2a: Vaporeon|Scald|p1a: Infernape
|-supereffective|p1a: Infernape
|-damage|p1a: Infernape|0 fnt
|faint|p1a: Infernape
|
|win|Eren Swaeger
|leave|aweonaoMoore
|leave|Eren Swaeger
|join|FlaFlaPT
|leave|PZwag
|leave|Starmie Sweep
|player|p2
|c|âtrentg27|i have overheat, mach punch, cc, and eq
|leave|Frostykewl
|leave|Mr.McMuffin
|leave|trentg27
|leave|SingleThunder
|player|p1
|leave|Mega Gyarados Z
|leave|Alldaalts
|join|Eren Swaeger
|leave|zebra.k
|leave|Mighty Dagon