|join|trentg27
|join|MrTurtle98
|player|p1|trentg27|167
|player|p2|MrTurtle98|256
|gametype|singles
|gen|6
|tier|UU
|rated
|rule|Sleep Clause Mod: Limit one foe put to sleep
|rule|Species Clause: Limit one of each PokÃ©mon
|rule|OHKO Clause: OHKO moves are banned
|rule|Moody Clause: Moody is banned
|rule|Evasion Moves Clause: Evasion moves are banned
|rule|Endless Battle Clause: Forcing endless battles is banned
|rule|HP Percentage Mod: HP is shown in percentages
|clearpoke
|poke|p1|Toxicroak, M
|poke|p1|Suicune
|poke|p1|Galvantula, F
|poke|p1|Shaymin
|poke|p1|Infernape, F
|poke|p1|Umbreon, M, shiny
|poke|p2|Honchkrow, M
|poke|p2|Slurpuff, M
|poke|p2|Forretress, F
|poke|p2|Ampharos, F
|poke|p2|Espeon, M
|poke|p2|Chesnaught, M
|rule|Swagger Clause: Swagger is banned
|rule|Baton Pass Clause: Limit one PokÃ©mon knowing Baton Pass
|teampreview
|
|start
|switch|p1a: Galvantula|Galvantula, F|281\/281
|switch|p2a: The Eyes|Forretress, F|354\/354
|turn|1
|
|move|p1a: Galvantula|Thunder Wave|p2a: The Eyes
|-status|p2a: The Eyes|par
|move|p2a: The Eyes|Spikes|p1a: Galvantula
|-sidestart|p1: trentg27|Spikes
|
|turn|2
|
|switch|p1a: Infernape|Infernape, F|293\/293
|-damage|p1a: Infernape|257\/293|[from] Spikes
|cant|p2a: The Eyes|par
|
|turn|3
|
|move|p1a: Infernape|Earthquake|p2a: The Eyes
|-damage|p2a: The Eyes|295\/354 par
|move|p2a: The Eyes|Spikes|p1a: Infernape
|-sidestart|p1: trentg27|Spikes
|
|-heal|p2a: The Eyes|317\/354 par|[from] item: Leftovers
|turn|4
|
|switch|p1a: Suicune|Suicune|404\/404
|-damage|p1a: Suicune|337\/404|[from] Spikes
|-ability|p1a: Suicune|Pressure
|move|p2a: The Eyes|Counter|p1a: Suicune
|-fail|p1a: Suicune
|
|-heal|p1a: Suicune|362\/404|[from] item: Leftovers
|-heal|p2a: The Eyes|339\/354 par|[from] item: Leftovers
|turn|5
|
|switch|p2a: The Boss|Honchkrow, M|404\/404
|move|p1a: Suicune|Scald|p2a: The Boss
|-damage|p2a: The Boss|269\/404
|-status|p2a: The Boss|brn
|
|-heal|p1a: Suicune|387\/404|[from] item: Leftovers
|-damage|p2a: The Boss|219\/404 brn|[from] brn
|turn|6
|
|move|p2a: The Boss|Sucker Punch|p1a: Suicune
|-fail|p1a: Suicune
|move|p1a: Suicune|Calm Mind|p1a: Suicune
|-boost|p1a: Suicune|spa|1
|-boost|p1a: Suicune|spd|1
|
|-heal|p1a: Suicune|404\/404|[from] item: Leftovers
|-damage|p2a: The Boss|169\/404 brn|[from] brn
|-enditem|p2a: The Boss|Sitrus Berry|[eat]
|-heal|p2a: The Boss|270\/404 brn|[from] item: Sitrus Berry
|turn|7
|
|move|p1a: Suicune|Scald|p2a: The Boss
|-damage|p2a: The Boss|44\/404 brn
|move|p2a: The Boss|Taunt|p1a: Suicune
|-start|p1a: Suicune|move: Taunt
|
|-damage|p2a: The Boss|0 fnt|[from] brn
|faint|p2a: The Boss
|
|switch|p2a: The Muscle|Chesnaught, M|375\/375
|turn|8
|
|switch|p1a: Shaymin|Shaymin|341\/341
|-damage|p1a: Shaymin|285\/341|[from] Spikes
|move|p2a: The Muscle|Power-Up Punch|p1a: Shaymin
|-damage|p1a: Shaymin|222\/341
|-boost|p2a: The Muscle|atk|1
|
|-heal|p1a: Shaymin|243\/341|[from] item: Leftovers
|turn|9
|
|move|p1a: Shaymin|Air Slash|p2a: The Muscle
|-supereffective|p2a: The Muscle
|-damage|p2a: The Muscle|119\/375
|cant|p2a: The Muscle|flinch
|
|-heal|p1a: Shaymin|264\/341|[from] item: Leftovers
|turn|10
|
|switch|p2a: The Sparks|Ampharos, F|384\/384
|move|p1a: Shaymin|Psychic|p2a: The Sparks
|-damage|p2a: The Sparks|288\/384
|
|-heal|p1a: Shaymin|285\/341|[from] item: Leftovers
|turn|11
|
|detailschange|p2a: The Sparks|Ampharos-Mega, F
|-mega|p2a: The Sparks|Ampharos|Ampharosite
|-ability|p2a: The Sparks|Mold Breaker
|move|p1a: Shaymin|Seed Flare|p2a: The Sparks
|-resisted|p2a: The Sparks
|-damage|p2a: The Sparks|207\/384
|-unboost|p2a: The Sparks|spd|2
|move|p2a: The Sparks|Thunder Wave|p1a: Shaymin
|-status|p1a: Shaymin|par
|
|-heal|p1a: Shaymin|306\/341 par|[from] item: Leftovers
|turn|12
|
|switch|p1a: Toxicroak|Toxicroak, M|369\/369
|-damage|p1a: Toxicroak|308\/369|[from] Spikes
|move|p2a: The Sparks|Discharge|p1a: Toxicroak
|-damage|p1a: Toxicroak|163\/369
|
|turn|13
|
|move|p1a: Toxicroak|Drain Punch|p2a: The Sparks
|-damage|p2a: The Sparks|102\/384
|-heal|p1a: Toxicroak|216\/369|[from] drain|[of] p2a: The Sparks
|move|p2a: The Sparks|Cotton Guard|p2a: The Sparks
|-boost|p2a: The Sparks|def|3
|
|turn|14
|
|move|p1a: Toxicroak|Gunk Shot|p2a: The Sparks
|-damage|p2a: The Sparks|33\/384
|-status|p2a: The Sparks|psn
|move|p2a: The Sparks|Discharge|p1a: Toxicroak
|-damage|p1a: Toxicroak|62\/369
|
|-damage|p2a: The Sparks|0 fnt|[from] psn
|faint|p2a: The Sparks
|
|switch|p2a: The Brains|Espeon, M|272\/272
|turn|15
|
|move|p1a: Toxicroak|Sucker Punch|p2a: The Brains
|-supereffective|p2a: The Brains
|-damage|p2a: The Brains|0 fnt
|faint|p2a: The Brains
|
|
|switch|p2a: The Muscle|Chesnaught, M|119\/375
|turn|16
|
|move|p1a: Toxicroak|Sucker Punch|p2a: The Muscle
|-resisted|p2a: The Muscle
|-damage|p2a: The Muscle|78\/375
|move|p2a: The Muscle|Drain Punch|p1a: Toxicroak
|-resisted|p1a: Toxicroak
|-damage|p1a: Toxicroak|0 fnt
|-heal|p2a: The Muscle|109\/375|[from] drain|[of] p1a: Toxicroak
|faint|p1a: Toxicroak
|
|
|switch|p1a: Shaymin|Shaymin|306\/341
|-damage|p1a: Shaymin|250\/341|[from] Spikes
|turn|17
|
|switch|p2a: The Eyes|Forretress, F|339\/354 par
|move|p1a: Shaymin|Psychic|p2a: The Eyes
|-resisted|p2a: The Eyes
|-damage|p2a: The Eyes|269\/354 par
|
|-heal|p1a: Shaymin|271\/341|[from] item: Leftovers
|-heal|p2a: The Eyes|291\/354 par|[from] item: Leftovers
|turn|18
|
|move|p1a: Shaymin|Seed Flare|p2a: The Eyes
|-resisted|p2a: The Eyes
|-damage|p2a: The Eyes|221\/354 par
|-unboost|p2a: The Eyes|spd|2
|move|p2a: The Eyes|Spikes|p1a: Shaymin
|-sidestart|p1: trentg27|Spikes
|
|-heal|p1a: Shaymin|292\/341|[from] item: Leftovers
|-heal|p2a: The Eyes|243\/354 par|[from] item: Leftovers
|turn|19
|
|move|p1a: Shaymin|Psychic|p2a: The Eyes
|-resisted|p2a: The Eyes
|-damage|p2a: The Eyes|105\/354 par
|move|p2a: The Eyes|Stealth Rock|p1a: Shaymin
|-sidestart|p1: trentg27|move: Stealth Rock
|
|-heal|p1a: Shaymin|313\/341|[from] item: Leftovers
|-heal|p2a: The Eyes|127\/354 par|[from] item: Leftovers
|turn|20
|
|move|p1a: Shaymin|Psychic|p2a: The Eyes
|-resisted|p2a: The Eyes
|-damage|p2a: The Eyes|4\/354 par
|move|p2a: The Eyes|Rapid Spin|p1a: Shaymin
|-damage|p1a: Shaymin|300\/341
|
|-heal|p1a: Shaymin|321\/341|[from] item: Leftovers
|-heal|p2a: The Eyes|26\/354 par|[from] item: Leftovers
|turn|21
|
|move|p1a: Shaymin|Psychic|p2a: The Eyes
|-resisted|p2a: The Eyes
|-damage|p2a: The Eyes|0 fnt
|faint|p2a: The Eyes
|
|-heal|p1a: Shaymin|341\/341|[from] item: Leftovers
|
|switch|p2a: Man with the Plan|Slurpuff, M|366\/366
|turn|22
|
|move|p1a: Shaymin|Seed Flare|p2a: Man with the Plan
|-damage|p2a: Man with the Plan|149\/366
|-enditem|p2a: Man with the Plan|Sitrus Berry|[eat]
|-heal|p2a: Man with the Plan|240\/366|[from] item: Sitrus Berry
|move|p2a: Man with the Plan|Belly Drum|p2a: Man with the Plan
|-damage|p2a: Man with the Plan|57\/366
|-setboost|p2a: Man with the Plan|atk|6|[from] move: Belly Drum
|
|turn|23
|
|move|p2a: Man with the Plan|Drain Punch|p1a: Shaymin
|-damage|p1a: Shaymin|64\/341
|-heal|p2a: Man with the Plan|196\/366|[from] drain|[of] p1a: Shaymin
|move|p1a: Shaymin|Psychic|p2a: Man with the Plan
|-damage|p2a: Man with the Plan|82\/366
|
|-heal|p1a: Shaymin|85\/341|[from] item: Leftovers
|turn|24
|
|move|p2a: Man with the Plan|Play Rough|p1a: Shaymin
|-damage|p1a: Shaymin|0 fnt
|faint|p1a: Shaymin
|
|
|switch|p1a: Infernape|Infernape, F|257\/293
|-damage|p1a: Infernape|221\/293|[from] Stealth Rock
|-damage|p1a: Infernape|148\/293|[from] Spikes
|turn|25
|
|move|p1a: Infernape|Mach Punch|p2a: Man with the Plan
|-resisted|p2a: Man with the Plan
|-damage|p2a: Man with the Plan|40\/366
|move|p2a: Man with the Plan|Play Rough|p1a: Infernape
|-damage|p1a: Infernape|0 fnt
|faint|p1a: Infernape
|
|
|switch|p1a: Suicune|Suicune|404\/404
|-damage|p1a: Suicune|303\/404|[from] Spikes
|-damage|p1a: Suicune|253\/404|[from] Stealth Rock
|-ability|p1a: Suicune|Pressure
|turn|26
|
|move|p2a: Man with the Plan|Drain Punch|p1a: Suicune
|-damage|p1a: Suicune|73\/404
|-heal|p2a: Man with the Plan|130\/366|[from] drain|[of] p1a: Suicune
|move|p1a: Suicune|Scald|p2a: Man with the Plan
|-damage|p2a: Man with the Plan|10\/366
|
|-heal|p1a: Suicune|98\/404|[from] item: Leftovers
|turn|27
|
|move|p2a: Man with the Plan|Drain Punch|p1a: Suicune
|-damage|p1a: Suicune|0 fnt
|-heal|p2a: Man with the Plan|59\/366|[from] drain|[of] p1a: Suicune
|faint|p1a: Suicune
|
|
|switch|p1a: Galvantula|Galvantula, F|281\/281
|-damage|p1a: Galvantula|211\/281|[from] Spikes
|-damage|p1a: Galvantula|141\/281|[from] Stealth Rock
|turn|28
|
|move|p2a: Man with the Plan|Drain Punch|p1a: Galvantula
|-resisted|p1a: Galvantula
|-damage|p1a: Galvantula|0 fnt
|-heal|p2a: Man with the Plan|130\/366|[from] drain|[of] p1a: Galvantula
|faint|p1a: Galvantula
|
|c|âtrentg27|wow
|
|switch|p1a: Umbreon|Umbreon, M, shiny|394\/394
|-damage|p1a: Umbreon|345\/394|[from] Stealth Rock
|-damage|p1a: Umbreon|247\/394|[from] Spikes
|turn|29
|
|move|p2a: Man with the Plan|Drain Punch|p1a: Umbreon
|-supereffective|p1a: Umbreon
|-damage|p1a: Umbreon|0 fnt
|-heal|p2a: Man with the Plan|254\/366|[from] drain|[of] p1a: Umbreon
|faint|p1a: Umbreon
|
|win|MrTurtle98
|raw|Ladder updating...
|raw|trentg27's rating: 1231 &rarr; <strong>1207<\/strong><br \/>(-24 for losing)
|raw|MrTurtle98's rating: 1247 &rarr; <strong>1270<\/strong><br \/>(+23 for winning)
|c|âtrentg27|suicicde time
|c|âMrTurtle98|gg
|leave|trentg27
|player|p1