|join|Ludicolo For OU
|join|trentg27
|player|p1|Ludicolo For OU|255
|player|p2|trentg27|167
|gametype|singles
|gen|6
|tier|UU
|rule|Sleep Clause Mod: Limit one foe put to sleep
|rule|Species Clause: Limit one of each PokÃ©mon
|rule|OHKO Clause: OHKO moves are banned
|rule|Moody Clause: Moody is banned
|rule|Evasion Moves Clause: Evasion moves are banned
|rule|Endless Battle Clause: Forcing endless battles is banned
|rule|HP Percentage Mod: HP is shown in percentages
|clearpoke
|poke|p1|Aerodactyl, F, shiny
|poke|p1|Lucario, M, shiny
|poke|p1|Druddigon, M, shiny
|poke|p1|Florges, F
|poke|p1|Eelektross, F, shiny
|poke|p1|Ludicolo, F, shiny
|poke|p2|Toxicroak, M
|poke|p2|Suicune
|poke|p2|Galvantula, F
|poke|p2|Shaymin
|poke|p2|Infernape, F
|poke|p2|Umbreon, F, shiny
|rule|Swagger Clause: Swagger is banned
|rule|Baton Pass Clause: Limit one PokÃ©mon knowing Baton Pass
|teampreview
|join|SirVictini
|c|âLudicolo For OU|good luck :D
|join|LiberalLucario
|c|âtrentg27|glhf
|join|epicjelly1
|
|start
|switch|p1a: Druddigon|Druddigon, M, shiny|295\/295
|switch|p2a: Galvantula|Galvantula, F|281\/281
|turn|1
|join|MeatsOfEvil93
|leave|MeatsOfEvil93
|
|move|p2a: Galvantula|Sticky Web|p1a: Druddigon
|-sidestart|p1: Ludicolo For OU|move: Sticky Web
|move|p1a: Druddigon|Stealth Rock|p2a: Galvantula
|-sidestart|p2: trentg27|move: Stealth Rock
|
|turn|2
|
|move|p2a: Galvantula|Thunder|p1a: Druddigon
|-resisted|p1a: Druddigon
|-damage|p1a: Druddigon|202\/295
|move|p1a: Druddigon|Dragon Claw|p2a: Galvantula
|-damage|p2a: Galvantula|38\/281
|
|turn|3
|
|move|p2a: Galvantula|Thunder|p1a: Druddigon
|-resisted|p1a: Druddigon
|-damage|p1a: Druddigon|118\/295
|-status|p1a: Druddigon|par
|move|p1a: Druddigon|Dragon Claw|p2a: Galvantula
|-damage|p2a: Galvantula|0 fnt
|faint|p2a: Galvantula
|
|join|tuRk.jpg
|
|switch|p2a: Umbreon|Umbreon, F, shiny|394\/394
|-damage|p2a: Umbreon|345\/394|[from] Stealth Rock
|turn|4
|
|move|p2a: Umbreon|Foul Play|p1a: Druddigon
|-damage|p1a: Druddigon|0 fnt
|-damage|p2a: Umbreon|296\/394|[from] ability: Rough Skin|[of] p1a: Druddigon
|-damage|p2a: Umbreon|231\/394|[from] item: Rocky Helmet|[of] p1a: Druddigon
|faint|p1a: Druddigon
|
|-heal|p2a: Umbreon|255\/394|[from] item: Leftovers
|c| epicjelly1|victini can we have a uu battle?
|
|switch|p1a: Lucario|Lucario, M, shiny|281\/281
|-activate|p1a: Lucario|move: Sticky Web
|-unboost|p1a: Lucario|spe|1
|turn|5
|leave|LiberalLucario
|join|Starmie Sweep
|
|move|p2a: Umbreon|Protect|p2a: Umbreon
|-singleturn|p2a: Umbreon|Protect
|move|p1a: Lucario|Vacuum Wave|p2a: Umbreon
|-activate|p2a: Umbreon|Protect
|
|-heal|p2a: Umbreon|279\/394|[from] item: Leftovers
|turn|6
|c| epicjelly1|umm vic
|
|switch|p2a: Suicune|Suicune|404\/404
|-damage|p2a: Suicune|354\/404|[from] Stealth Rock
|-ability|p2a: Suicune|Pressure
|move|p1a: Lucario|Vacuum Wave|p2a: Suicune
|-damage|p2a: Suicune|270\/404
|
|-heal|p2a: Suicune|295\/404|[from] item: Leftovers
|turn|7
|
|switch|p1a: Florges|Florges, F|360\/360
|-activate|p1a: Florges|move: Sticky Web
|-unboost|p1a: Florges|spe|1
|move|p2a: Suicune|Calm Mind|p2a: Suicune
|-boost|p2a: Suicune|spa|1
|-boost|p2a: Suicune|spd|1
|
|-heal|p2a: Suicune|320\/404|[from] item: Leftovers
|turn|8
|
|switch|p1a: Eelektross|Eelektross, F, shiny|374\/374
|move|p2a: Suicune|Calm Mind|p2a: Suicune
|-boost|p2a: Suicune|spa|1
|-boost|p2a: Suicune|spd|1
|
|-heal|p2a: Suicune|345\/404|[from] item: Leftovers
|turn|9
|join|PZwag
|
|switch|p2a: Umbreon|Umbreon, F, shiny|279\/394
|-damage|p2a: Umbreon|230\/394|[from] Stealth Rock
|move|p1a: Eelektross|Thunderbolt|p2a: Umbreon
|-damage|p2a: Umbreon|146\/394
|
|-heal|p2a: Umbreon|170\/394|[from] item: Leftovers
|turn|10
|c|âLudicolo For OU|...
|c|âtrentg27|lol whats up
|
|move|p2a: Umbreon|Wish|p2a: Umbreon
|move|p1a: Eelektross|U-turn|p2a: Umbreon
|-supereffective|p2a: Umbreon
|-damage|p2a: Umbreon|66\/394
|
|switch|p1a: Aerodactyl|Aerodactyl, F, shiny|301\/301
|
|-heal|p2a: Umbreon|90\/394|[from] item: Leftovers
|turn|11
|c|âLudicolo For OU|i cant believe you switched out..
|
|switch|p2a: Suicune|Suicune|345\/404
|-damage|p2a: Suicune|295\/404|[from] Stealth Rock
|-ability|p2a: Suicune|Pressure
|detailschange|p1a: Aerodactyl|Aerodactyl-Mega, F, shiny
|-mega|p1a: Aerodactyl|Aerodactyl|Aerodactylite
|move|p1a: Aerodactyl|Earthquake|p2a: Suicune
|-damage|p2a: Suicune|221\/404
|
|-heal|p2a: Suicune|404\/404|[from] move: Wish|[wisher] Umbreon
|turn|12
|c|âtrentg27|i expected a physical eelektross
|join|BIGGSTEELIX
|
|switch|p1a: Ludicolo|Ludicolo, F, shiny|301\/301
|-activate|p1a: Ludicolo|move: Sticky Web
|-unboost|p1a: Ludicolo|spe|1
|move|p2a: Suicune|Scald|p1a: Ludicolo
|-resisted|p1a: Ludicolo
|-damage|p1a: Ludicolo|280\/301
|-status|p1a: Ludicolo|brn
|
|-heal|p1a: Ludicolo|298\/301 brn|[from] item: Leftovers
|-damage|p1a: Ludicolo|261\/301 brn|[from] brn
|turn|13
|
|switch|p2a: Shaymin|Shaymin|341\/341
|-damage|p2a: Shaymin|299\/341|[from] Stealth Rock
|move|p1a: Ludicolo|Leech Seed|p2a: Shaymin
|-immune|p2a: Shaymin|[msg]
|
|-heal|p2a: Shaymin|320\/341|[from] item: Leftovers
|-heal|p1a: Ludicolo|279\/301 brn|[from] item: Leftovers
|-damage|p1a: Ludicolo|242\/301 brn|[from] brn
|turn|14
|
|switch|p1a: Florges|Florges, F|360\/360
|-activate|p1a: Florges|move: Sticky Web
|-unboost|p1a: Florges|spe|1
|move|p2a: Shaymin|Air Slash|p1a: Florges
|-damage|p1a: Florges|319\/360
|
|-heal|p2a: Shaymin|341\/341|[from] item: Leftovers
|-heal|p1a: Florges|341\/360|[from] item: Leftovers
|turn|15
|leave|BIGGSTEELIX
|
|switch|p2a: Umbreon|Umbreon, F, shiny|90\/394
|-damage|p2a: Umbreon|41\/394|[from] Stealth Rock
|move|p1a: Florges|Aromatherapy|p1a: Florges
|-cureteam|p1a: Florges|[from] move: Aromatherapy
|
|-heal|p2a: Umbreon|65\/394|[from] item: Leftovers
|-heal|p1a: Florges|360\/360|[from] item: Leftovers
|turn|16
|
|move|p2a: Umbreon|Protect|p2a: Umbreon
|-singleturn|p2a: Umbreon|Protect
|move|p1a: Florges|Moonblast|p2a: Umbreon
|-activate|p2a: Umbreon|Protect
|
|-heal|p2a: Umbreon|89\/394|[from] item: Leftovers
|turn|17
|leave|tuRk.jpg
|
|move|p2a: Umbreon|Wish|p2a: Umbreon
|move|p1a: Florges|Moonblast|p2a: Umbreon
|-supereffective|p2a: Umbreon
|-damage|p2a: Umbreon|0 fnt
|faint|p2a: Umbreon
|
|
|switch|p2a: Toxicroak|Toxicroak, M|369\/369
|-damage|p2a: Toxicroak|346\/369|[from] Stealth Rock
|turn|18
|
|switch|p1a: Lucario|Lucario, M, shiny|281\/281
|-activate|p1a: Lucario|move: Sticky Web
|-unboost|p1a: Lucario|spe|1
|move|p2a: Toxicroak|Gunk Shot|p1a: Lucario
|-immune|p1a: Lucario|[msg]
|
|-heal|p2a: Toxicroak|369\/369|[from] move: Wish|[wisher] Umbreon
|turn|19
|join|GuesstEyeGuess
|
|move|p2a: Toxicroak|Drain Punch|p1a: Lucario
|-supereffective|p1a: Lucario
|-damage|p1a: Lucario|0 fnt
|faint|p1a: Lucario
|
|
|switch|p1a: Aerodactyl|Aerodactyl-Mega, F, shiny|301\/301
|turn|20
|
|switch|p2a: Suicune|Suicune|404\/404
|-damage|p2a: Suicune|354\/404|[from] Stealth Rock
|-ability|p2a: Suicune|Pressure
|move|p1a: Aerodactyl|Aerial Ace|p2a: Suicune
|-damage|p2a: Suicune|261\/404
|
|-heal|p2a: Suicune|286\/404|[from] item: Leftovers
|turn|21
|
|switch|p1a: Florges|Florges, F|360\/360
|-activate|p1a: Florges|move: Sticky Web
|-unboost|p1a: Florges|spe|1
|move|p2a: Suicune|Scald|p1a: Florges
|-damage|p1a: Florges|311\/360
|-status|p1a: Florges|brn
|
|-heal|p2a: Suicune|311\/404|[from] item: Leftovers
|-heal|p1a: Florges|333\/360 brn|[from] item: Leftovers
|-damage|p1a: Florges|288\/360 brn|[from] brn
|turn|22
|
|move|p2a: Suicune|Calm Mind|p2a: Suicune
|-boost|p2a: Suicune|spa|1
|-boost|p2a: Suicune|spd|1
|move|p1a: Florges|Moonblast|p2a: Suicune
|-crit|p2a: Suicune
|-damage|p2a: Suicune|146\/404
|-unboost|p2a: Suicune|spa|1
|
|-heal|p2a: Suicune|171\/404|[from] item: Leftovers
|-heal|p1a: Florges|310\/360 brn|[from] item: Leftovers
|-damage|p1a: Florges|265\/360 brn|[from] brn
|turn|23
|
|switch|p1a: Ludicolo|Ludicolo, F, shiny|242\/301
|-activate|p1a: Ludicolo|move: Sticky Web
|-unboost|p1a: Ludicolo|spe|1
|move|p2a: Suicune|Calm Mind|p2a: Suicune
|-boost|p2a: Suicune|spa|1
|-boost|p2a: Suicune|spd|1
|
|-heal|p2a: Suicune|196\/404|[from] item: Leftovers
|-heal|p1a: Ludicolo|260\/301|[from] item: Leftovers
|turn|24
|
|switch|p2a: Shaymin|Shaymin|341\/341
|-damage|p2a: Shaymin|299\/341|[from] Stealth Rock
|move|p1a: Ludicolo|Giga Drain|p2a: Shaymin
|-resisted|p2a: Shaymin
|-damage|p2a: Shaymin|247\/341
|-heal|p1a: Ludicolo|286\/301|[from] drain|[of] p2a: Shaymin
|
|-heal|p2a: Shaymin|268\/341|[from] item: Leftovers
|-heal|p1a: Ludicolo|301\/301|[from] item: Leftovers
|turn|25
|
|move|p2a: Shaymin|Seed Flare|p1a: Ludicolo
|-damage|p1a: Ludicolo|112\/301
|-unboost|p1a: Ludicolo|spd|2
|move|p1a: Ludicolo|Teeter Dance|p2a: Shaymin
|-start|p2a: Shaymin|confusion
|
|-heal|p2a: Shaymin|289\/341|[from] item: Leftovers
|-heal|p1a: Ludicolo|130\/301|[from] item: Leftovers
|turn|26
|
|switch|p1a: Florges|Florges, F|265\/360 brn
|-activate|p1a: Florges|move: Sticky Web
|-unboost|p1a: Florges|spe|1
|-activate|p2a: Shaymin|confusion
|-damage|p2a: Shaymin|258\/341|[from] confusion
|
|-heal|p2a: Shaymin|279\/341|[from] item: Leftovers
|-heal|p1a: Florges|287\/360 brn|[from] item: Leftovers
|-damage|p1a: Florges|242\/360 brn|[from] brn
|turn|27
|
|-activate|p2a: Shaymin|confusion
|move|p2a: Shaymin|Seed Flare|p1a: Florges
|-damage|p1a: Florges|145\/360 brn
|-unboost|p1a: Florges|spd|2
|move|p1a: Florges|Aromatherapy|p1a: Florges
|-cureteam|p1a: Florges|[from] move: Aromatherapy
|
|-heal|p2a: Shaymin|300\/341|[from] item: Leftovers
|-heal|p1a: Florges|167\/360|[from] item: Leftovers
|turn|28
|leave|SirVictini
|join|maxehg
|
|-end|p2a: Shaymin|confusion
|move|p2a: Shaymin|Seed Flare|p1a: Florges|[miss]
|-miss|p2a: Shaymin|p1a: Florges
|move|p1a: Florges|Wish|p1a: Florges
|
|-heal|p2a: Shaymin|321\/341|[from] item: Leftovers
|-heal|p1a: Florges|189\/360|[from] item: Leftovers
|turn|29
|
|move|p1a: Florges|Protect|p1a: Florges
|-singleturn|p1a: Florges|Protect
|move|p2a: Shaymin|Air Slash|p1a: Florges
|-activate|p1a: Florges|Protect
|
|-heal|p1a: Florges|360\/360|[from] move: Wish|[wisher] Florges
|-heal|p2a: Shaymin|341\/341|[from] item: Leftovers
|turn|30
|
|switch|p1a: Eelektross|Eelektross, F, shiny|374\/374
|move|p2a: Shaymin|Air Slash|p1a: Eelektross
|-resisted|p1a: Eelektross
|-damage|p1a: Eelektross|342\/374
|
|turn|31
|
|move|p2a: Shaymin|Seed Flare|p1a: Eelektross|[miss]
|-miss|p2a: Shaymin|p1a: Eelektross
|move|p1a: Eelektross|Flamethrower|p2a: Shaymin
|-supereffective|p2a: Shaymin
|-damage|p2a: Shaymin|129\/341
|-status|p2a: Shaymin|brn
|
|-heal|p2a: Shaymin|150\/341 brn|[from] item: Leftovers
|-damage|p2a: Shaymin|108\/341 brn|[from] brn
|turn|32
|join|Mighty Dagon
|c| maxehg|gg wp
|c|âtrentg27|damn
|
|move|p2a: Shaymin|Seed Flare|p1a: Eelektross
|-damage|p1a: Eelektross|201\/374
|move|p1a: Eelektross|Flamethrower|p2a: Shaymin
|-supereffective|p2a: Shaymin
|-damage|p2a: Shaymin|0 fnt
|faint|p2a: Shaymin
|
|c| Mighty Dagon|u prolly could set up w\/ croak rn
|
|switch|p2a: Toxicroak|Toxicroak, M|369\/369
|-damage|p2a: Toxicroak|346\/369|[from] Stealth Rock
|turn|33
|leave|epicjelly1
|c| Mighty Dagon|and sweep
|c| GuesstEyeGuess|this is a good match so far
|join|BIGGSTEELIX
|leave|BIGGSTEELIX
|join|Eren Swaeger
|
|move|p2a: Toxicroak|Gunk Shot|p1a: Eelektross
|-damage|p1a: Eelektross|0 fnt
|faint|p1a: Eelektross
|
|join|spuun
|c| Mighty Dagon|no setup?
|
|switch|p1a: Aerodactyl|Aerodactyl-Mega, F, shiny|301\/301
|turn|34
|
|switch|p2a: Suicune|Suicune|196\/404
|-damage|p2a: Suicune|146\/404|[from] Stealth Rock
|-ability|p2a: Suicune|Pressure
|move|p1a: Aerodactyl|Aerial Ace|p2a: Suicune
|-damage|p2a: Suicune|56\/404
|
|-heal|p2a: Suicune|81\/404|[from] item: Leftovers
|turn|35
|c| Eren Swaeger|yum
|
|move|p1a: Aerodactyl|Aerial Ace|p2a: Suicune
|-damage|p2a: Suicune|0 fnt
|faint|p2a: Suicune
|
|c| GuesstEyeGuess|Go attack a different titan
|
|switch|p2a: Infernape|Infernape, F|293\/293
|-damage|p2a: Infernape|257\/293|[from] Stealth Rock
|turn|36
|
|move|p2a: Infernape|Close Combat|p1a: Aerodactyl
|-damage|p1a: Aerodactyl|76\/301
|-unboost|p2a: Infernape|def|1
|-unboost|p2a: Infernape|spd|1
|move|p1a: Aerodactyl|Aerial Ace|p2a: Infernape
|-supereffective|p2a: Infernape
|-damage|p2a: Infernape|0 fnt
|faint|p2a: Infernape
|
|c| Eren Swaeger|n
|c| Eren Swaeger|damn
|c| Mighty Dagon|weak
|c| Eren Swaeger|That scarf
|c|âtrentg27|damn
|c|âtrentg27|yeah
|c| Eren Swaeger|That sucker punch
|c| Eren Swaeger|Toxicroak can win
|
|switch|p2a: Toxicroak|Toxicroak, M|346\/369
|-damage|p2a: Toxicroak|323\/369|[from] Stealth Rock
|turn|37
|c| Eren Swaeger|Sucker h3r3
|c| Mighty Dagon|roost
|c| Mighty Dagon|here
|c| Mighty Dagon|imo
|
|switch|p1a: Florges|Florges, F|360\/360
|-activate|p1a: Florges|move: Sticky Web
|-unboost|p1a: Florges|spe|1
|move|p2a: Toxicroak|Sucker Punch|p1a: Florges
|-fail|p1a: Florges
|
|turn|38
|c| maxehg|gunk midd
|c| GuesstEyeGuess|oooooooooooHHHHHHHHHhhhhhhHhhhhhHHHHHHHHHH
|
|move|p2a: Toxicroak|Gunk Shot|p1a: Florges|[miss]
|-miss|p2a: Toxicroak|p1a: Florges
|move|p1a: Florges|Wish|p1a: Florges
|
|turn|39
|c| maxehg|gunk miss*
|c| Eren Swaeger|LOL
|c| spuun|ez
|c| Mighty Dagon|oof
|c| Eren Swaeger|Drain punch
|c| Eren Swaeger|You need too
|c| GuesstEyeGuess|dp?
|
|switch|p1a: Aerodactyl|Aerodactyl-Mega, F, shiny|76\/301
|move|p2a: Toxicroak|Ice Punch|p1a: Aerodactyl
|-crit|p1a: Aerodactyl
|-supereffective|p1a: Aerodactyl
|-damage|p1a: Aerodactyl|0 fnt
|faint|p1a: Aerodactyl
|
|c| Eren Swaeger|bop
|c| Eren Swaeger|ez
|c| Mighty Dagon|gg
|c| GuesstEyeGuess|bad switchin definition right there
|c| maxehg|now gunk miss everything
|c| Eren Swaeger|Toxicroak wins
|c| Eren Swaeger|Is that Av croak?
|c| spuun|trust the colo
|
|switch|p1a: Ludicolo|Ludicolo, F, shiny|130\/301
|-activate|p1a: Ludicolo|move: Sticky Web
|-unboost|p1a: Ludicolo|spe|1
|turn|40
|c| GuesstEyeGuess|colo x)
|c| Eren Swaeger|I'm in love with the Ludicolo
|c| GuesstEyeGuess|ludicolo is so cute tbh
|
|move|p2a: Toxicroak|Gunk Shot|p1a: Ludicolo
|-supereffective|p1a: Ludicolo
|-damage|p1a: Ludicolo|0 fnt
|faint|p1a: Ludicolo
|
|c| Eren Swaeger|bop
|c| Eren Swaeger|The comeback is real
|
|switch|p1a: Florges|Florges, F|360\/360
|-activate|p1a: Florges|move: Sticky Web
|-unboost|p1a: Florges|spe|1
|turn|41
|c| Eren Swaeger|Better have psychic
|c| GuesstEyeGuess|that struggle tho
|c|âLudicolo For OU|gg man good battle
|
|move|p2a: Toxicroak|Gunk Shot|p1a: Florges
|-supereffective|p1a: Florges
|-damage|p1a: Florges|0 fnt
|faint|p1a: Florges
|
|win|trentg27
|c|âtrentg27|gg man best battle i've had ever haha
|c| Eren Swaeger|bop
|c| GuesstEyeGuess|OH MAN
|c| GuesstEyeGuess|GG
|c|âLudicolo For OU|same haha
|leave|Ludicolo For OU
|leave|PZwag
|player|p1
|leave|maxehg