|join|trentg27
|join|CoreyImperia
|player|p1|trentg27|167
|player|p2|CoreyImperia|148
|gametype|singles
|gen|6
|tier|UU
|rated
|rule|Sleep Clause Mod: Limit one foe put to sleep
|rule|Species Clause: Limit one of each PokÃ©mon
|rule|OHKO Clause: OHKO moves are banned
|rule|Moody Clause: Moody is banned
|rule|Evasion Moves Clause: Evasion moves are banned
|rule|Endless Battle Clause: Forcing endless battles is banned
|rule|HP Percentage Mod: HP is shown in percentages
|clearpoke
|poke|p1|Toxicroak, F
|poke|p1|Suicune
|poke|p1|Galvantula, M
|poke|p1|Shaymin
|poke|p1|Infernape, M
|poke|p1|Umbreon, M, shiny
|poke|p2|Absol, M
|poke|p2|Roserade, M
|poke|p2|Infernape, F
|poke|p2|Jellicent, M
|poke|p2|Crobat, M
|poke|p2|Alakazam, F
|rule|Swagger Clause: Swagger is banned
|rule|Baton Pass Clause: Limit one PokÃ©mon knowing Baton Pass
|teampreview
|
|start
|switch|p1a: Galvantula|Galvantula, M|281\/281
|switch|p2a: Infernape|Infernape, F|293\/293
|turn|1
|
|move|p2a: Infernape|U-turn|p1a: Galvantula
|-damage|p1a: Galvantula|167\/281
|
|switch|p2a: Alakazam|Alakazam, F|251\/251
|move|p1a: Galvantula|Thunder Wave|p2a: Alakazam
|-status|p2a: Alakazam|par
|
|turn|2
|
|move|p1a: Galvantula|Sticky Web|p2a: Alakazam
|-sidestart|p2: CoreyImperia|move: Sticky Web
|move|p2a: Alakazam|Focus Blast|p1a: Galvantula
|-resisted|p1a: Galvantula
|-damage|p1a: Galvantula|51\/281
|
|turn|3
|
|move|p1a: Galvantula|Bug Buzz|p2a: Alakazam
|-supereffective|p2a: Alakazam
|-enditem|p2a: Alakazam|Focus Sash
|-damage|p2a: Alakazam|1\/251 par
|move|p2a: Alakazam|Shadow Ball|p1a: Galvantula
|-damage|p1a: Galvantula|0 fnt
|faint|p1a: Galvantula
|
|
|switch|p1a: Umbreon|Umbreon, M, shiny|394\/394
|turn|4
|
|move|p1a: Umbreon|Foul Play|p2a: Alakazam
|-supereffective|p2a: Alakazam
|-damage|p2a: Alakazam|0 fnt
|faint|p2a: Alakazam
|
|
|switch|p2a: Crobat|Crobat, M|311\/311
|turn|5
|
|move|p2a: Crobat|Defog|p1a: Umbreon
|-unboost|p1a: Umbreon|evasion|1
|-sideend|p2: CoreyImperia|Sticky Web|[from] move: Defog|[of] p2a: Crobat
|move|p1a: Umbreon|Foul Play|p2a: Crobat
|-damage|p2a: Crobat|158\/311
|
|turn|6
|
|switch|p2a: Absol|Absol, M|271\/271
|move|p1a: Umbreon|Foul Play|p2a: Absol
|-resisted|p2a: Absol
|-damage|p2a: Absol|138\/271
|-boost|p2a: Absol|atk|1|[from] ability: Justified
|
|turn|7
|
|detailschange|p2a: Absol|Absol-Mega, M
|-mega|p2a: Absol|Absol|Absolite
|move|p2a: Absol|Superpower|p1a: Umbreon
|-supereffective|p1a: Umbreon
|-damage|p1a: Umbreon|0 fnt
|-unboost|p2a: Absol|atk|1
|-unboost|p2a: Absol|def|1
|faint|p1a: Umbreon
|
|
|switch|p1a: Suicune|Suicune|404\/404
|-ability|p1a: Suicune|Pressure
|turn|8
|
|switch|p2a: Roserade|Roserade, M|261\/261
|move|p1a: Suicune|Scald|p2a: Roserade
|-resisted|p2a: Roserade
|-damage|p2a: Roserade|219\/261
|
|turn|9
|c|âtrentg27|jellly
|
|switch|p1a: Shaymin|Shaymin|341\/341
|move|p2a: Roserade|Sleep Powder|p1a: Shaymin
|-fail|p1a: Shaymin
|
|turn|10
|
|move|p1a: Shaymin|Psychic|p2a: Roserade
|-supereffective|p2a: Roserade
|-damage|p2a: Roserade|55\/261
|move|p2a: Roserade|Sludge Bomb|p1a: Shaymin
|-supereffective|p1a: Shaymin
|-damage|p1a: Shaymin|0 fnt
|-damage|p2a: Roserade|29\/261|[from] item: Life Orb
|faint|p1a: Shaymin
|
|
|switch|p1a: Infernape|Infernape, M|293\/293
|turn|11
|
|switch|p2a: Jellicent|Jellicent, M|404\/404
|move|p1a: Infernape|Flare Blitz|p2a: Jellicent
|-resisted|p2a: Jellicent
|-damage|p2a: Jellicent|324\/404
|-damage|p1a: Infernape|267\/293|[from] recoil|[of] p2a: Jellicent
|
|-heal|p2a: Jellicent|349\/404|[from] item: Leftovers
|turn|12
|
|switch|p1a: Toxicroak|Toxicroak, F|369\/369
|move|p2a: Jellicent|Taunt|p1a: Toxicroak
|-start|p1a: Toxicroak|move: Taunt
|
|-heal|p2a: Jellicent|374\/404|[from] item: Leftovers
|turn|13
|
|move|p1a: Toxicroak|Gunk Shot|p2a: Jellicent|[miss]
|-miss|p1a: Toxicroak|p2a: Jellicent
|move|p2a: Jellicent|Will-O-Wisp|p1a: Toxicroak
|-status|p1a: Toxicroak|brn
|
|-heal|p2a: Jellicent|399\/404|[from] item: Leftovers
|-damage|p1a: Toxicroak|323\/369 brn|[from] brn
|turn|14
|c|âtrentg27|son of a CUNT
|
|switch|p2a: Crobat|Crobat, M|158\/311
|move|p1a: Toxicroak|Gunk Shot|p2a: Crobat
|-resisted|p2a: Crobat
|-damage|p2a: Crobat|101\/311
|
|-damage|p1a: Toxicroak|277\/369 brn|[from] brn
|turn|15
|
|switch|p1a: Suicune|Suicune|404\/404
|-ability|p1a: Suicune|Pressure
|move|p2a: Crobat|Brave Bird|p1a: Suicune
|-damage|p1a: Suicune|235\/404
|-damage|p2a: Crobat|45\/311|[from] recoil|[of] p1a: Suicune
|
|-heal|p1a: Suicune|260\/404|[from] item: Leftovers
|turn|16
|
|move|p2a: Crobat|Brave Bird|p1a: Suicune
|-damage|p1a: Suicune|100\/404
|-damage|p2a: Crobat|0 fnt|[from] recoil|[of] p1a: Suicune
|faint|p2a: Crobat
|move|p1a: Suicune|Calm Mind|p1a: Suicune
|-boost|p1a: Suicune|spa|1
|-boost|p1a: Suicune|spd|1
|
|-heal|p1a: Suicune|125\/404|[from] item: Leftovers
|c|âtrentg27|absol here
|
|switch|p2a: Absol|Absol-Mega, M|138\/271
|turn|17
|
|move|p2a: Absol|Knock Off|p1a: Suicune
|-damage|p1a: Suicune|7\/404
|-enditem|p1a: Suicune|Leftovers|[from] move: Knock Off|[of] p2a: Absol
|move|p1a: Suicune|Rest|p1a: Suicune
|-status|p1a: Suicune|slp
|-heal|p1a: Suicune|404\/404 slp|[silent]
|-status|p1a: Suicune|slp|[from] move: Rest
|
|turn|18
|c|âtrentg27|scald
|c|âtrentg27|scald
|c|âtrentg27|scald
|
|switch|p2a: Roserade|Roserade, M|29\/261
|cant|p1a: Suicune|slp
|move|p1a: Suicune|Sleep Talk|p1a: Suicune
|move|p1a: Suicune|Scald|p2a: Roserade|[from]Sleep Talk
|-resisted|p2a: Roserade
|-damage|p2a: Roserade|0 fnt
|faint|p2a: Roserade
|
|
|switch|p2a: Absol|Absol-Mega, M|138\/271
|turn|19
|
|move|p2a: Absol|Swords Dance|p2a: Absol
|-boost|p2a: Absol|atk|2
|cant|p1a: Suicune|slp
|move|p1a: Suicune|Sleep Talk|p1a: Suicune
|move|p1a: Suicune|Rest|p1a: Suicune|[from]Sleep Talk
|-fail|p1a: Suicune
|
|turn|20
|
|move|p2a: Absol|Superpower|p1a: Suicune
|-damage|p1a: Suicune|196\/404 slp
|-unboost|p2a: Absol|atk|1
|-unboost|p2a: Absol|def|1
|-curestatus|p1a: Suicune|slp
|move|p1a: Suicune|Scald|p2a: Absol
|-damage|p2a: Absol|0 fnt
|faint|p2a: Absol
|
|
|switch|p2a: Infernape|Infernape, F|293\/293
|turn|21
|
|move|p2a: Infernape|Close Combat|p1a: Suicune
|-damage|p1a: Suicune|72\/404
|-unboost|p2a: Infernape|def|1
|-unboost|p2a: Infernape|spd|1
|move|p1a: Suicune|Rest|p1a: Suicune
|-status|p1a: Suicune|slp
|-heal|p1a: Suicune|404\/404 slp|[silent]
|-status|p1a: Suicune|slp|[from] move: Rest
|
|turn|22
|
|switch|p2a: Jellicent|Jellicent, M|399\/404
|cant|p1a: Suicune|slp
|move|p1a: Suicune|Sleep Talk|p1a: Suicune
|move|p1a: Suicune|Scald|p2a: Jellicent|[from]Sleep Talk
|-heal|p2a: Jellicent|404\/404|[from] ability: Water Absorb|[of] p1a: Suicune
|
|turn|23
|
|cant|p1a: Suicune|slp
|move|p1a: Suicune|Sleep Talk|p1a: Suicune
|move|p1a: Suicune|Scald|p2a: Jellicent|[from]Sleep Talk
|-immune|p2a: Jellicent|[msg]
|move|p2a: Jellicent|Taunt|p1a: Suicune
|-start|p1a: Suicune|move: Taunt
|
|turn|24
|
|-curestatus|p1a: Suicune|slp
|move|p1a: Suicune|Scald|p2a: Jellicent
|-immune|p2a: Jellicent|[msg]
|move|p2a: Jellicent|Will-O-Wisp|p1a: Suicune
|-status|p1a: Suicune|brn
|
|-damage|p1a: Suicune|354\/404 brn|[from] brn
|turn|25
|
|switch|p1a: Infernape|Infernape, M|267\/293
|move|p2a: Jellicent|Scald|p1a: Infernape
|-supereffective|p1a: Infernape
|-damage|p1a: Infernape|67\/293
|
|turn|26
|
|move|p1a: Infernape|Earthquake|p2a: Jellicent
|-damage|p2a: Jellicent|299\/404
|move|p2a: Jellicent|Scald|p1a: Infernape
|-supereffective|p1a: Infernape
|-damage|p1a: Infernape|0 fnt
|faint|p1a: Infernape
|
|-heal|p2a: Jellicent|324\/404|[from] item: Leftovers
|c|âtrentg27|jelly ball for the win
|
|switch|p1a: Toxicroak|Toxicroak, F|277\/369 brn
|turn|27
|
|move|p1a: Toxicroak|Gunk Shot|p2a: Jellicent
|-resisted|p2a: Jellicent
|-damage|p2a: Jellicent|275\/404
|-status|p2a: Jellicent|psn
|move|p2a: Jellicent|Recover|p2a: Jellicent
|-heal|p2a: Jellicent|404\/404 psn
|
|-damage|p1a: Toxicroak|231\/369 brn|[from] brn
|-damage|p2a: Jellicent|354\/404 psn|[from] psn
|turn|28
|
|move|p1a: Toxicroak|Gunk Shot|p2a: Jellicent
|-resisted|p2a: Jellicent
|-damage|p2a: Jellicent|309\/404 psn
|move|p2a: Jellicent|Recover|p2a: Jellicent
|-heal|p2a: Jellicent|404\/404 psn
|
|-damage|p1a: Toxicroak|185\/369 brn|[from] brn
|-damage|p2a: Jellicent|354\/404 psn|[from] psn
|turn|29
|
|switch|p1a: Suicune|Suicune|354\/404 brn
|-ability|p1a: Suicune|Pressure
|move|p2a: Jellicent|Recover|p2a: Jellicent
|-heal|p2a: Jellicent|404\/404 psn
|
|-damage|p1a: Suicune|304\/404 brn|[from] brn
|-damage|p2a: Jellicent|354\/404 psn|[from] psn
|turn|30
|
|move|p1a: Suicune|Rest|p1a: Suicune
|-status|p1a: Suicune|slp
|-heal|p1a: Suicune|404\/404 slp|[silent]
|-status|p1a: Suicune|slp|[from] move: Rest
|move|p2a: Jellicent|Taunt|p1a: Suicune
|-start|p1a: Suicune|move: Taunt
|
|-heal|p2a: Jellicent|379\/404 psn|[from] item: Leftovers
|-damage|p2a: Jellicent|329\/404 psn|[from] psn
|turn|31
|
|cant|p1a: Suicune|slp
|move|p2a: Jellicent|Recover|p2a: Jellicent
|-heal|p2a: Jellicent|404\/404 psn
|
|-damage|p2a: Jellicent|354\/404 psn|[from] psn
|turn|32
|
|cant|p1a: Suicune|slp
|move|p2a: Jellicent|Will-O-Wisp|p1a: Suicune
|-fail|p1a: Suicune
|
|-heal|p2a: Jellicent|379\/404 psn|[from] item: Leftovers
|-damage|p2a: Jellicent|329\/404 psn|[from] psn
|turn|33
|
|-curestatus|p1a: Suicune|slp
|move|p1a: Suicune|Scald|p2a: Jellicent
|-heal|p2a: Jellicent|404\/404 psn|[from] ability: Water Absorb|[of] p1a: Suicune
|move|p2a: Jellicent|Will-O-Wisp|p1a: Suicune
|-status|p1a: Suicune|brn
|
|-damage|p1a: Suicune|354\/404 brn|[from] brn
|-damage|p2a: Jellicent|354\/404 psn|[from] psn
|-end|p1a: Suicune|move: Taunt
|turn|34
|
|move|p1a: Suicune|Rest|p1a: Suicune
|-status|p1a: Suicune|slp
|-heal|p1a: Suicune|404\/404 slp|[silent]
|-status|p1a: Suicune|slp|[from] move: Rest
|move|p2a: Jellicent|Taunt|p1a: Suicune
|-start|p1a: Suicune|move: Taunt
|
|-heal|p2a: Jellicent|379\/404 psn|[from] item: Leftovers
|-damage|p2a: Jellicent|329\/404 psn|[from] psn
|turn|35
|
|cant|p1a: Suicune|slp
|move|p2a: Jellicent|Will-O-Wisp|p1a: Suicune
|-fail|p1a: Suicune
|
|-heal|p2a: Jellicent|354\/404 psn|[from] item: Leftovers
|-damage|p2a: Jellicent|304\/404 psn|[from] psn
|turn|36
|
|cant|p1a: Suicune|slp
|move|p2a: Jellicent|Will-O-Wisp|p1a: Suicune
|-fail|p1a: Suicune
|
|-heal|p2a: Jellicent|329\/404 psn|[from] item: Leftovers
|-damage|p2a: Jellicent|279\/404 psn|[from] psn
|turn|37
|
|-curestatus|p1a: Suicune|slp
|move|p1a: Suicune|Scald|p2a: Jellicent
|-heal|p2a: Jellicent|380\/404 psn|[from] ability: Water Absorb|[of] p1a: Suicune
|move|p2a: Jellicent|Recover|p2a: Jellicent
|-heal|p2a: Jellicent|404\/404 psn
|
|-damage|p2a: Jellicent|354\/404 psn|[from] psn
|-end|p1a: Suicune|move: Taunt
|turn|38
|
|move|p1a: Suicune|Calm Mind|p1a: Suicune
|-boost|p1a: Suicune|spa|1
|-boost|p1a: Suicune|spd|1
|move|p2a: Jellicent|Taunt|p1a: Suicune
|-start|p1a: Suicune|move: Taunt
|
|-heal|p2a: Jellicent|379\/404 psn|[from] item: Leftovers
|-damage|p2a: Jellicent|329\/404 psn|[from] psn
|turn|39
|
|move|p1a: Suicune|Scald|p2a: Jellicent
|-heal|p2a: Jellicent|404\/404 psn|[from] ability: Water Absorb|[of] p1a: Suicune
|move|p2a: Jellicent|Will-O-Wisp|p1a: Suicune
|-status|p1a: Suicune|brn
|
|-damage|p1a: Suicune|354\/404 brn|[from] brn
|-damage|p2a: Jellicent|354\/404 psn|[from] psn
|turn|40
|
|move|p1a: Suicune|Scald|p2a: Jellicent
|-heal|p2a: Jellicent|404\/404 psn|[from] ability: Water Absorb|[of] p1a: Suicune
|move|p2a: Jellicent|Scald|p1a: Suicune
|-resisted|p1a: Suicune
|-damage|p1a: Suicune|328\/404 brn
|
|-damage|p1a: Suicune|278\/404 brn|[from] brn
|-damage|p2a: Jellicent|354\/404 psn|[from] psn
|turn|41
|
|move|p1a: Suicune|Scald|p2a: Jellicent
|-heal|p2a: Jellicent|404\/404 psn|[from] ability: Water Absorb|[of] p1a: Suicune
|move|p2a: Jellicent|Will-O-Wisp|p1a: Suicune
|-fail|p1a: Suicune|brn
|
|-damage|p1a: Suicune|228\/404 brn|[from] brn
|-damage|p2a: Jellicent|354\/404 psn|[from] psn
|-end|p1a: Suicune|move: Taunt
|turn|42
|
|move|p1a: Suicune|Rest|p1a: Suicune
|-status|p1a: Suicune|slp
|-heal|p1a: Suicune|404\/404 slp|[silent]
|-status|p1a: Suicune|slp|[from] move: Rest
|move|p2a: Jellicent|Taunt|p1a: Suicune
|-start|p1a: Suicune|move: Taunt
|
|-heal|p2a: Jellicent|379\/404 psn|[from] item: Leftovers
|-damage|p2a: Jellicent|329\/404 psn|[from] psn
|turn|43
|
|cant|p1a: Suicune|slp
|move|p2a: Jellicent|Recover|p2a: Jellicent
|-heal|p2a: Jellicent|404\/404 psn
|
|-damage|p2a: Jellicent|354\/404 psn|[from] psn
|turn|44
|
|cant|p1a: Suicune|slp
|move|p2a: Jellicent|Taunt|p1a: Suicune
|-fail|p1a: Suicune
|
|-heal|p2a: Jellicent|379\/404 psn|[from] item: Leftovers
|-damage|p2a: Jellicent|329\/404 psn|[from] psn
|turn|45
|
|-curestatus|p1a: Suicune|slp
|move|p1a: Suicune|Scald|p2a: Jellicent
|-heal|p2a: Jellicent|404\/404 psn|[from] ability: Water Absorb|[of] p1a: Suicune
|move|p2a: Jellicent|Taunt|p1a: Suicune
|-fail|p1a: Suicune
|
|-damage|p2a: Jellicent|354\/404 psn|[from] psn
|-end|p1a: Suicune|move: Taunt
|turn|46
|
|move|p1a: Suicune|Rest|p1a: Suicune
|-fail|p1a: Suicune
|move|p2a: Jellicent|Taunt|p1a: Suicune
|-start|p1a: Suicune|move: Taunt
|
|-heal|p2a: Jellicent|379\/404 psn|[from] item: Leftovers
|-damage|p2a: Jellicent|329\/404 psn|[from] psn
|turn|47
|
|switch|p1a: Toxicroak|Toxicroak, F|185\/369 brn
|move|p2a: Jellicent|Will-O-Wisp|p1a: Toxicroak
|-fail|p1a: Toxicroak|brn
|
|-heal|p2a: Jellicent|354\/404 psn|[from] item: Leftovers
|-damage|p1a: Toxicroak|139\/369 brn|[from] brn
|-damage|p2a: Jellicent|304\/404 psn|[from] psn
|turn|48
|
|move|p1a: Toxicroak|Gunk Shot|p2a: Jellicent
|-resisted|p2a: Jellicent
|-damage|p2a: Jellicent|255\/404 psn
|move|p2a: Jellicent|Recover|p2a: Jellicent
|-heal|p2a: Jellicent|404\/404 psn
|
|-damage|p1a: Toxicroak|93\/369 brn|[from] brn
|-damage|p2a: Jellicent|354\/404 psn|[from] psn
|turn|49
|
|move|p1a: Toxicroak|Sucker Punch|p2a: Jellicent
|-fail|p2a: Jellicent
|move|p2a: Jellicent|Taunt|p1a: Toxicroak
|-start|p1a: Toxicroak|move: Taunt
|
|-heal|p2a: Jellicent|379\/404 psn|[from] item: Leftovers
|-damage|p1a: Toxicroak|47\/369 brn|[from] brn
|-damage|p2a: Jellicent|329\/404 psn|[from] psn
|turn|50
|
|move|p1a: Toxicroak|Gunk Shot|p2a: Jellicent
|-resisted|p2a: Jellicent
|-damage|p2a: Jellicent|276\/404 psn
|move|p2a: Jellicent|Taunt|p1a: Toxicroak
|-fail|p1a: Toxicroak
|
|-heal|p2a: Jellicent|301\/404 psn|[from] item: Leftovers
|-damage|p1a: Toxicroak|1\/369 brn|[from] brn
|-damage|p2a: Jellicent|251\/404 psn|[from] psn
|turn|51
|
|move|p1a: Toxicroak|Gunk Shot|p2a: Jellicent
|-resisted|p2a: Jellicent
|-damage|p2a: Jellicent|203\/404 psn
|move|p2a: Jellicent|Recover|p2a: Jellicent
|-heal|p2a: Jellicent|404\/404 psn
|
|-damage|p1a: Toxicroak|0 fnt|[from] brn
|-damage|p2a: Jellicent|354\/404 psn|[from] psn
|faint|p1a: Toxicroak
|
|switch|p1a: Suicune|Suicune|404\/404
|-ability|p1a: Suicune|Pressure
|turn|52
|
|move|p1a: Suicune|Calm Mind|p1a: Suicune
|-boost|p1a: Suicune|spa|1
|-boost|p1a: Suicune|spd|1
|move|p2a: Jellicent|Taunt|p1a: Suicune
|-start|p1a: Suicune|move: Taunt
|
|-heal|p2a: Jellicent|379\/404 psn|[from] item: Leftovers
|-damage|p2a: Jellicent|329\/404 psn|[from] psn
|turn|53
|
|move|p1a: Suicune|Scald|p2a: Jellicent
|-heal|p2a: Jellicent|404\/404 psn|[from] ability: Water Absorb|[of] p1a: Suicune
|move|p2a: Jellicent|Will-O-Wisp|p1a: Suicune
|-status|p1a: Suicune|brn
|
|-damage|p1a: Suicune|354\/404 brn|[from] brn
|-damage|p2a: Jellicent|354\/404 psn|[from] psn
|turn|54
|c|âtrentg27|hey so since we know what is going on, how many recovers do u have left?
|c|âCoreyImperia|8.
|
|move|p1a: Suicune|Scald|p2a: Jellicent
|-heal|p2a: Jellicent|404\/404 psn|[from] ability: Water Absorb|[of] p1a: Suicune
|move|p2a: Jellicent|Taunt|p1a: Suicune
|-fail|p1a: Suicune
|
|-damage|p1a: Suicune|304\/404 brn|[from] brn
|-damage|p2a: Jellicent|354\/404 psn|[from] psn
|turn|55
|
|move|p1a: Suicune|Scald|p2a: Jellicent
|-heal|p2a: Jellicent|404\/404 psn|[from] ability: Water Absorb|[of] p1a: Suicune
|move|p2a: Jellicent|Scald|p1a: Suicune
|-resisted|p1a: Suicune
|-damage|p1a: Suicune|280\/404 brn
|
|-damage|p1a: Suicune|230\/404 brn|[from] brn
|-damage|p2a: Jellicent|354\/404 psn|[from] psn
|-end|p1a: Suicune|move: Taunt
|turn|56
|
|move|p1a: Suicune|Rest|p1a: Suicune
|-status|p1a: Suicune|slp
|-heal|p1a: Suicune|404\/404 slp|[silent]
|-status|p1a: Suicune|slp|[from] move: Rest
|move|p2a: Jellicent|Taunt|p1a: Suicune
|-start|p1a: Suicune|move: Taunt
|
|-heal|p2a: Jellicent|379\/404 psn|[from] item: Leftovers
|-damage|p2a: Jellicent|329\/404 psn|[from] psn
|turn|57
|
|switch|p2a: Infernape|Infernape, F|293\/293
|cant|p1a: Suicune|slp
|
|turn|58
|
|move|p2a: Infernape|Close Combat|p1a: Suicune
|-damage|p1a: Suicune|274\/404 slp
|-unboost|p2a: Infernape|def|1
|-unboost|p2a: Infernape|spd|1
|cant|p1a: Suicune|slp
|
|turn|59
|
|move|p2a: Infernape|Close Combat|p1a: Suicune
|-damage|p1a: Suicune|147\/404 slp
|-unboost|p2a: Infernape|def|1
|-unboost|p2a: Infernape|spd|1
|-curestatus|p1a: Suicune|slp
|move|p1a: Suicune|Scald|p2a: Infernape
|-supereffective|p2a: Infernape
|-damage|p2a: Infernape|0 fnt
|faint|p2a: Infernape
|
|-end|p1a: Suicune|move: Taunt
|
|switch|p2a: Jellicent|Jellicent, M|329\/404 psn
|turn|60
|
|move|p1a: Suicune|Rest|p1a: Suicune
|-status|p1a: Suicune|slp
|-heal|p1a: Suicune|404\/404 slp|[silent]
|-status|p1a: Suicune|slp|[from] move: Rest
|move|p2a: Jellicent|Taunt|p1a: Suicune
|-start|p1a: Suicune|move: Taunt
|
|-heal|p2a: Jellicent|354\/404 psn|[from] item: Leftovers
|-damage|p2a: Jellicent|304\/404 psn|[from] psn
|turn|61
|
|cant|p1a: Suicune|slp
|move|p2a: Jellicent|Scald|p1a: Suicune
|-resisted|p1a: Suicune
|-damage|p1a: Suicune|379\/404 slp
|
|-heal|p2a: Jellicent|329\/404 psn|[from] item: Leftovers
|-damage|p2a: Jellicent|279\/404 psn|[from] psn
|turn|62
|
|cant|p1a: Suicune|slp
|move|p2a: Jellicent|Scald|p1a: Suicune
|-resisted|p1a: Suicune
|-damage|p1a: Suicune|352\/404 slp
|
|-heal|p2a: Jellicent|304\/404 psn|[from] item: Leftovers
|-damage|p2a: Jellicent|254\/404 psn|[from] psn
|turn|63
|
|-curestatus|p1a: Suicune|slp
|move|p1a: Suicune|Scald|p2a: Jellicent
|-heal|p2a: Jellicent|355\/404 psn|[from] ability: Water Absorb|[of] p1a: Suicune
|move|p2a: Jellicent|Will-O-Wisp|p1a: Suicune
|-status|p1a: Suicune|brn
|
|-heal|p2a: Jellicent|380\/404 psn|[from] item: Leftovers
|-damage|p1a: Suicune|302\/404 brn|[from] brn
|-damage|p2a: Jellicent|330\/404 psn|[from] psn
|-end|p1a: Suicune|move: Taunt
|turn|64
|
|move|p1a: Suicune|Rest|p1a: Suicune
|-status|p1a: Suicune|slp
|-heal|p1a: Suicune|404\/404 slp|[silent]
|-status|p1a: Suicune|slp|[from] move: Rest
|move|p2a: Jellicent|Taunt|p1a: Suicune
|-start|p1a: Suicune|move: Taunt
|
|-heal|p2a: Jellicent|355\/404 psn|[from] item: Leftovers
|-damage|p2a: Jellicent|305\/404 psn|[from] psn
|turn|65
|
|cant|p1a: Suicune|slp
|move|p2a: Jellicent|Scald|p1a: Suicune
|-resisted|p1a: Suicune
|-damage|p1a: Suicune|380\/404 slp
|
|-heal|p2a: Jellicent|330\/404 psn|[from] item: Leftovers
|-damage|p2a: Jellicent|280\/404 psn|[from] psn
|turn|66
|
|cant|p1a: Suicune|slp
|move|p2a: Jellicent|Recover|p2a: Jellicent
|-heal|p2a: Jellicent|404\/404 psn
|
|-damage|p2a: Jellicent|354\/404 psn|[from] psn
|turn|67
|
|-curestatus|p1a: Suicune|slp
|move|p1a: Suicune|Scald|p2a: Jellicent
|-heal|p2a: Jellicent|404\/404 psn|[from] ability: Water Absorb|[of] p1a: Suicune
|move|p2a: Jellicent|Scald|p1a: Suicune
|-resisted|p1a: Suicune
|-damage|p1a: Suicune|357\/404
|
|-damage|p2a: Jellicent|354\/404 psn|[from] psn
|-end|p1a: Suicune|move: Taunt
|turn|68
|
|move|p1a: Suicune|Rest|p1a: Suicune
|-status|p1a: Suicune|slp
|-heal|p1a: Suicune|404\/404 slp|[silent]
|-status|p1a: Suicune|slp|[from] move: Rest
|move|p2a: Jellicent|Scald|p1a: Suicune
|-resisted|p1a: Suicune
|-damage|p1a: Suicune|377\/404 slp
|
|-heal|p2a: Jellicent|379\/404 psn|[from] item: Leftovers
|-damage|p2a: Jellicent|329\/404 psn|[from] psn
|turn|69
|
|cant|p1a: Suicune|slp
|move|p1a: Suicune|Sleep Talk|p1a: Suicune
|move|p1a: Suicune|Calm Mind|p1a: Suicune|[from]Sleep Talk
|-boost|p1a: Suicune|spa|1
|-boost|p1a: Suicune|spd|1
|move|p2a: Jellicent|Scald|p1a: Suicune
|-resisted|p1a: Suicune
|-damage|p1a: Suicune|359\/404 slp
|
|-heal|p2a: Jellicent|354\/404 psn|[from] item: Leftovers
|-damage|p2a: Jellicent|304\/404 psn|[from] psn
|turn|70
|
|cant|p1a: Suicune|slp
|move|p1a: Suicune|Sleep Talk|p1a: Suicune
|move|p1a: Suicune|Scald|p2a: Jellicent|[from]Sleep Talk
|-heal|p2a: Jellicent|404\/404 psn|[from] ability: Water Absorb|[of] p1a: Suicune
|move|p2a: Jellicent|Scald|p1a: Suicune
|-resisted|p1a: Suicune
|-damage|p1a: Suicune|339\/404 slp
|
|-damage|p2a: Jellicent|354\/404 psn|[from] psn
|turn|71
|
|-curestatus|p1a: Suicune|slp
|move|p1a: Suicune|Calm Mind|p1a: Suicune
|-boost|p1a: Suicune|spa|1
|-boost|p1a: Suicune|spd|1
|move|p2a: Jellicent|Scald|p1a: Suicune
|-resisted|p1a: Suicune
|-damage|p1a: Suicune|324\/404
|
|-heal|p2a: Jellicent|379\/404 psn|[from] item: Leftovers
|-damage|p2a: Jellicent|329\/404 psn|[from] psn
|turn|72
|
|move|p1a: Suicune|Calm Mind|p1a: Suicune
|-boost|p1a: Suicune|spa|1
|-boost|p1a: Suicune|spd|1
|move|p2a: Jellicent|Scald|p1a: Suicune
|-resisted|p1a: Suicune
|-damage|p1a: Suicune|311\/404
|
|-heal|p2a: Jellicent|354\/404 psn|[from] item: Leftovers
|-damage|p2a: Jellicent|304\/404 psn|[from] psn
|turn|73
|
|move|p1a: Suicune|Calm Mind|p1a: Suicune
|-boost|p1a: Suicune|spa|1
|-boost|p1a: Suicune|spd|1
|move|p2a: Jellicent|Will-O-Wisp|p1a: Suicune
|-status|p1a: Suicune|brn
|
|-heal|p2a: Jellicent|329\/404 psn|[from] item: Leftovers
|-damage|p1a: Suicune|261\/404 brn|[from] brn
|-damage|p2a: Jellicent|279\/404 psn|[from] psn
|turn|74
|
|move|p1a: Suicune|Calm Mind|p1a: Suicune
|-boost|p1a: Suicune|spa|1
|-boost|p1a: Suicune|spd|1
|move|p2a: Jellicent|Will-O-Wisp|p1a: Suicune|[miss]
|-miss|p2a: Jellicent|p1a: Suicune
|
|-heal|p2a: Jellicent|304\/404 psn|[from] item: Leftovers
|-damage|p1a: Suicune|211\/404 brn|[from] brn
|-damage|p2a: Jellicent|254\/404 psn|[from] psn
|turn|75
|
|move|p1a: Suicune|Rest|p1a: Suicune
|-status|p1a: Suicune|slp
|-heal|p1a: Suicune|404\/404 slp|[silent]
|-status|p1a: Suicune|slp|[from] move: Rest
|move|p2a: Jellicent|Taunt|p1a: Suicune
|-start|p1a: Suicune|move: Taunt
|
|-heal|p2a: Jellicent|279\/404 psn|[from] item: Leftovers
|-damage|p2a: Jellicent|229\/404 psn|[from] psn
|turn|76
|
|cant|p1a: Suicune|slp
|move|p2a: Jellicent|Recover|p2a: Jellicent
|-heal|p2a: Jellicent|404\/404 psn
|
|-damage|p2a: Jellicent|354\/404 psn|[from] psn
|turn|77
|
|cant|p1a: Suicune|slp
|move|p2a: Jellicent|Taunt|p1a: Suicune
|-fail|p1a: Suicune
|
|-heal|p2a: Jellicent|379\/404 psn|[from] item: Leftovers
|-damage|p2a: Jellicent|329\/404 psn|[from] psn
|turn|78
|
|-curestatus|p1a: Suicune|slp
|move|p1a: Suicune|Scald|p2a: Jellicent
|-heal|p2a: Jellicent|404\/404 psn|[from] ability: Water Absorb|[of] p1a: Suicune
|move|p2a: Jellicent|Recover|p2a: Jellicent
|-fail|p2a: Jellicent
|
|-damage|p2a: Jellicent|354\/404 psn|[from] psn
|-end|p1a: Suicune|move: Taunt
|turn|79
|
|move|p1a: Suicune|Calm Mind|p1a: Suicune
|-fail|p1a: Suicune
|move|p2a: Jellicent|Recover|p2a: Jellicent
|-heal|p2a: Jellicent|404\/404 psn
|
|-damage|p2a: Jellicent|354\/404 psn|[from] psn
|turn|80
|
|move|p1a: Suicune|Calm Mind|p1a: Suicune
|-fail|p1a: Suicune
|move|p2a: Jellicent|Recover|p2a: Jellicent
|-heal|p2a: Jellicent|404\/404 psn
|
|-damage|p2a: Jellicent|354\/404 psn|[from] psn
|turn|81
|
|move|p1a: Suicune|Calm Mind|p1a: Suicune
|-fail|p1a: Suicune
|move|p2a: Jellicent|Recover|p2a: Jellicent
|-heal|p2a: Jellicent|404\/404 psn
|
|-damage|p2a: Jellicent|354\/404 psn|[from] psn
|turn|82
|
|move|p1a: Suicune|Calm Mind|p1a: Suicune
|-fail|p1a: Suicune
|move|p2a: Jellicent|Recover|p2a: Jellicent
|-heal|p2a: Jellicent|404\/404 psn
|
|-damage|p2a: Jellicent|354\/404 psn|[from] psn
|turn|83
|
|move|p1a: Suicune|Calm Mind|p1a: Suicune
|-fail|p1a: Suicune
|move|p2a: Jellicent|Recover|p2a: Jellicent
|-heal|p2a: Jellicent|404\/404 psn
|
|-damage|p2a: Jellicent|354\/404 psn|[from] psn
|turn|84
|
|move|p1a: Suicune|Calm Mind|p1a: Suicune
|-fail|p1a: Suicune
|move|p2a: Jellicent|Struggle|p1a: Suicune
|-damage|p1a: Suicune|391\/404
|-damage|p2a: Jellicent|253\/404 psn
|
|-heal|p2a: Jellicent|278\/404 psn|[from] item: Leftovers
|-damage|p2a: Jellicent|228\/404 psn|[from] psn
|turn|85
|c|âCoreyImperia|Look at that struggle haha.
|
|move|p1a: Suicune|Calm Mind|p1a: Suicune
|-fail|p1a: Suicune
|move|p2a: Jellicent|Struggle|p1a: Suicune
|-damage|p1a: Suicune|378\/404
|-damage|p2a: Jellicent|127\/404 psn
|
|-heal|p2a: Jellicent|152\/404 psn|[from] item: Leftovers
|-damage|p2a: Jellicent|102\/404 psn|[from] psn
|turn|86
|c|âtrentg27|lol the stuggle is indeed real
|
|move|p1a: Suicune|Rest|p1a: Suicune
|-status|p1a: Suicune|slp
|-heal|p1a: Suicune|404\/404 slp|[silent]
|-status|p1a: Suicune|slp|[from] move: Rest
|move|p2a: Jellicent|Struggle|p1a: Suicune
|-damage|p1a: Suicune|391\/404 slp
|-damage|p2a: Jellicent|1\/404 psn
|
|-heal|p2a: Jellicent|26\/404 psn|[from] item: Leftovers
|-damage|p2a: Jellicent|0 fnt|[from] psn
|faint|p2a: Jellicent
|
|win|trentg27
|raw|Ladder updating...
|raw|trentg27's rating: 1307 &rarr; <strong>1334<\/strong><br \/>(+27 for winning)
|raw|CoreyImperia's rating: 1428 &rarr; <strong>1401<\/strong><br \/>(-27 for losing)
|c|âtrentg27|pressure at its finest
|c|âCoreyImperia|gg
|c|âtrentg27|gg
|leave|CoreyImperia
|player|p2