|join|siempre13
|join|trentg27
|player|p1|siempre13|102
|player|p2|trentg27|167
|gametype|singles
|gen|6
|tier|UU
|rated
|rule|Sleep Clause Mod: Limit one foe put to sleep
|rule|Species Clause: Limit one of each PokÃ©mon
|rule|OHKO Clause: OHKO moves are banned
|rule|Moody Clause: Moody is banned
|rule|Evasion Moves Clause: Evasion moves are banned
|rule|Endless Battle Clause: Forcing endless battles is banned
|rule|HP Percentage Mod: HP is shown in percentages
|clearpoke
|poke|p1|Crobat, M
|poke|p1|Azelf
|poke|p1|Blastoise, F
|poke|p1|Hippowdon, F
|poke|p1|Flygon, F
|poke|p1|Raikou, shiny
|poke|p2|Crobat, F
|poke|p2|Ampharos, M
|poke|p2|Forretress, M
|poke|p2|Swampert, F
|poke|p2|Umbreon, M
|poke|p2|Infernape, M
|rule|Swagger Clause: Swagger is banned
|rule|Baton Pass Clause: Limit one PokÃ©mon knowing Baton Pass
|teampreview
|
|start
|switch|p1a: Azelf|Azelf|292\/292
|switch|p2a: Crobat|Crobat, F|331\/331
|turn|1
|
|move|p2a: Crobat|U-turn|p1a: Azelf
|-supereffective|p1a: Azelf
|-damage|p1a: Azelf|100\/292
|
|switch|p2a: Forretress|Forretress, M|354\/354
|move|p1a: Azelf|Stealth Rock|p2a: Forretress
|-sidestart|p2: trentg27|move: Stealth Rock
|
|turn|2
|
|move|p1a: Azelf|Flamethrower|p2a: Forretress
|-supereffective|p2a: Forretress
|-damage|p2a: Forretress|0 fnt
|faint|p2a: Forretress
|
|
|switch|p2a: Crobat|Crobat, F|331\/331
|-damage|p2a: Crobat|249\/331|[from] Stealth Rock
|turn|3
|
|move|p2a: Crobat|U-turn|p1a: Azelf
|-supereffective|p1a: Azelf
|-damage|p1a: Azelf|0 fnt
|faint|p1a: Azelf
|
|switch|p2a: Swampert|Swampert, F|404\/404
|-damage|p2a: Swampert|379\/404|[from] Stealth Rock
|
|-heal|p2a: Swampert|404\/404|[from] item: Leftovers
|
|switch|p1a: Crobat|Crobat, M|311\/311
|turn|4
|
|move|p1a: Crobat|Brave Bird|p2a: Swampert
|-damage|p2a: Swampert|200\/404
|-damage|p1a: Crobat|244\/311|[from] recoil|[of] p2a: Swampert
|move|p2a: Swampert|Stealth Rock|p1a: Crobat
|-sidestart|p1: siempre13|move: Stealth Rock
|
|-heal|p2a: Swampert|225\/404|[from] item: Leftovers
|turn|5
|
|move|p1a: Crobat|Brave Bird|p2a: Swampert
|-damage|p2a: Swampert|35\/404
|-damage|p1a: Crobat|181\/311|[from] recoil|[of] p2a: Swampert
|move|p2a: Swampert|Roar|p1a: Crobat
|drag|p1a: Raikou|Raikou, shiny|321\/321
|-damage|p1a: Raikou|281\/321|[from] Stealth Rock
|-ability|p1a: Raikou|Pressure
|
|-heal|p2a: Swampert|60\/404|[from] item: Leftovers
|turn|6
|
|move|p1a: Raikou|Extrasensory|p2a: Swampert
|-damage|p2a: Swampert|0 fnt
|faint|p2a: Swampert
|
|
|switch|p2a: Umbreon|Umbreon, M|394\/394
|-damage|p2a: Umbreon|345\/394|[from] Stealth Rock
|turn|7
|
|switch|p1a: Blastoise|Blastoise, F|313\/313
|-damage|p1a: Blastoise|274\/313|[from] Stealth Rock
|move|p2a: Umbreon|Protect|p2a: Umbreon
|-fail|p2a: Umbreon
|
|-heal|p2a: Umbreon|369\/394|[from] item: Leftovers
|turn|8
|
|detailschange|p1a: Blastoise|Blastoise-Mega, F
|-mega|p1a: Blastoise|Blastoise|Blastoisinite
|move|p1a: Blastoise|Aura Sphere|p2a: Umbreon
|-supereffective|p2a: Umbreon
|-damage|p2a: Umbreon|183\/394
|move|p2a: Umbreon|Wish|p2a: Umbreon
|
|-heal|p2a: Umbreon|207\/394|[from] item: Leftovers
|turn|9
|
|switch|p2a: Ampharos|Ampharos, M|374\/374
|-damage|p2a: Ampharos|328\/374|[from] Stealth Rock
|move|p1a: Blastoise|Aura Sphere|p2a: Ampharos
|-damage|p2a: Ampharos|151\/374
|
|-heal|p2a: Ampharos|348\/374|[from] move: Wish|[wisher] Umbreon
|turn|10
|
|switch|p1a: Hippowdon|Hippowdon, F|420\/420
|-damage|p1a: Hippowdon|394\/420|[from] Stealth Rock
|detailschange|p2a: Ampharos|Ampharos-Mega, M
|-mega|p2a: Ampharos|Ampharos|Ampharosite
|-ability|p2a: Ampharos|Mold Breaker
|move|p2a: Ampharos|Thunderbolt|p1a: Hippowdon
|-immune|p1a: Hippowdon|[msg]
|
|-heal|p1a: Hippowdon|420\/420|[from] item: Leftovers
|turn|11
|
|move|p2a: Ampharos|Focus Blast|p1a: Hippowdon|[miss]
|-miss|p2a: Ampharos|p1a: Hippowdon
|move|p1a: Hippowdon|Stone Edge|p2a: Ampharos|[miss]
|-miss|p1a: Hippowdon|p2a: Ampharos
|
|turn|12
|c|âtrentg27|double miss lol
|
|move|p2a: Ampharos|Focus Blast|p1a: Hippowdon|[miss]
|-miss|p2a: Ampharos|p1a: Hippowdon
|move|p1a: Hippowdon|Earthquake|p2a: Ampharos
|-supereffective|p2a: Ampharos
|-damage|p2a: Ampharos|78\/374
|
|turn|13
|c|âtrentg27|come onnnnnnnnnnnnnnnnnnnnnn
|
|move|p2a: Ampharos|Focus Blast|p1a: Hippowdon
|-damage|p1a: Hippowdon|225\/420
|move|p1a: Hippowdon|Earthquake|p2a: Ampharos
|-supereffective|p2a: Ampharos
|-damage|p2a: Ampharos|0 fnt
|faint|p2a: Ampharos
|
|-heal|p1a: Hippowdon|251\/420|[from] item: Leftovers
|c|âtrentg27|gg
|
|switch|p2a: Crobat|Crobat, F|249\/331
|-damage|p2a: Crobat|167\/331|[from] Stealth Rock
|turn|14
|
|move|p2a: Crobat|Defog|p1a: Hippowdon
|-unboost|p1a: Hippowdon|evasion|1
|-sideend|p1: siempre13|Stealth Rock|[from] move: Defog|[of] p1a: Hippowdon
|-sideend|p2: trentg27|Stealth Rock|[from] move: Defog|[of] p2a: Crobat
|move|p1a: Hippowdon|Stone Edge|p2a: Crobat|[miss]
|-miss|p1a: Hippowdon|p2a: Crobat
|
|-heal|p1a: Hippowdon|277\/420|[from] item: Leftovers
|turn|15
|
|switch|p2a: Umbreon|Umbreon, M|207\/394
|move|p1a: Hippowdon|Stone Edge|p2a: Umbreon|[miss]
|-miss|p1a: Hippowdon|p2a: Umbreon
|
|-heal|p2a: Umbreon|231\/394|[from] item: Leftovers
|-heal|p1a: Hippowdon|303\/420|[from] item: Leftovers
|turn|16
|
|switch|p1a: Blastoise|Blastoise-Mega, F|274\/313
|move|p2a: Umbreon|Foul Play|p1a: Blastoise
|-crit|p1a: Blastoise
|-damage|p1a: Blastoise|142\/313
|
|-heal|p2a: Umbreon|255\/394|[from] item: Leftovers
|turn|17
|
|move|p1a: Blastoise|Aura Sphere|p2a: Umbreon
|-crit|p2a: Umbreon
|-supereffective|p2a: Umbreon
|-damage|p2a: Umbreon|0 fnt
|faint|p2a: Umbreon
|
|c|âsiempre13|lucky blastoise
|
|switch|p2a: Infernape|Infernape, M|293\/293
|turn|18
|c|âtrentg27|lol
|
|move|p2a: Infernape|Thunder Punch|p1a: Blastoise
|-supereffective|p1a: Blastoise
|-damage|p1a: Blastoise|0 fnt
|faint|p1a: Blastoise
|
|
|switch|p1a: Flygon|Flygon, F|301\/301
|turn|19
|
|switch|p2a: Crobat|Crobat, F|167\/331
|move|p1a: Flygon|Earthquake|p2a: Crobat
|-immune|p2a: Crobat|[msg]
|
|turn|20
|
|switch|p1a: Hippowdon|Hippowdon, F|303\/420
|move|p2a: Crobat|Cross Poison|p1a: Hippowdon
|-resisted|p1a: Hippowdon
|-damage|p1a: Hippowdon|265\/420
|
|-heal|p1a: Hippowdon|291\/420|[from] item: Leftovers
|turn|21
|
|switch|p2a: Infernape|Infernape, M|293\/293
|move|p1a: Hippowdon|Stone Edge|p2a: Infernape
|-damage|p2a: Infernape|178\/293
|
|-heal|p1a: Hippowdon|317\/420|[from] item: Leftovers
|turn|22
|
|switch|p1a: Flygon|Flygon, F|301\/301
|move|p2a: Infernape|Close Combat|p1a: Flygon
|-damage|p1a: Flygon|87\/301
|-unboost|p2a: Infernape|def|1
|-unboost|p2a: Infernape|spd|1
|
|turn|23
|
|move|p2a: Infernape|Close Combat|p1a: Flygon
|-damage|p1a: Flygon|0 fnt
|-unboost|p2a: Infernape|def|1
|-unboost|p2a: Infernape|spd|1
|faint|p1a: Flygon
|
|
|switch|p1a: Raikou|Raikou, shiny|281\/321
|-ability|p1a: Raikou|Pressure
|turn|24
|c|âsiempre13|choice scarf?
|
|switch|p2a: Crobat|Crobat, F|167\/331
|move|p1a: Raikou|Extreme Speed|p2a: Crobat
|-damage|p2a: Crobat|96\/331
|
|turn|25
|c|âtrentg27|indeed
|
|move|p2a: Crobat|Cross Poison|p1a: Raikou
|-damage|p1a: Raikou|154\/321
|move|p1a: Raikou|Extrasensory|p2a: Crobat
|-supereffective|p2a: Crobat
|-damage|p2a: Crobat|0 fnt
|faint|p2a: Crobat
|
|
|switch|p2a: Infernape|Infernape, M|178\/293
|turn|26
|
|move|p1a: Raikou|Extreme Speed|p2a: Infernape
|-damage|p2a: Infernape|103\/293
|move|p2a: Infernape|Close Combat|p1a: Raikou
|-damage|p1a: Raikou|0 fnt
|-unboost|p2a: Infernape|def|1
|-unboost|p2a: Infernape|spd|1
|faint|p1a: Raikou
|
|
|switch|p1a: Crobat|Crobat, M|181\/311
|turn|27
|c|âtrentg27|cmon crit lol
|
|move|p2a: Infernape|Close Combat|p1a: Crobat
|-resisted|p1a: Crobat
|-damage|p1a: Crobat|129\/311
|-unboost|p2a: Infernape|def|1
|-unboost|p2a: Infernape|spd|1
|move|p1a: Crobat|Brave Bird|p2a: Infernape
|-supereffective|p2a: Infernape
|-damage|p2a: Infernape|0 fnt
|-damage|p1a: Crobat|95\/311|[from] recoil|[of] p2a: Infernape
|faint|p2a: Infernape
|
|win|siempre13
|raw|Ladder updating...
|raw|siempre13's rating: 1307 &rarr; <strong>1329<\/strong><br \/>(+22 for winning)
|raw|trentg27's rating: 1346 &rarr; <strong>1324<\/strong><br \/>(-22 for losing)
|c|âtrentg27|gg
|c|âsiempre13|gg
|leave|trentg27