|join|Firsty
|join|trentg27
|player|p1|Firsty|290
|player|p2|trentg27|167
|gametype|singles
|gen|6
|tier|UU
|rated
|rule|Sleep Clause Mod: Limit one foe put to sleep
|rule|Species Clause: Limit one of each PokÃ©mon
|rule|OHKO Clause: OHKO moves are banned
|rule|Moody Clause: Moody is banned
|rule|Evasion Moves Clause: Evasion moves are banned
|rule|Endless Battle Clause: Forcing endless battles is banned
|rule|HP Percentage Mod: HP is shown in percentages
|clearpoke
|poke|p1|Milotic, F
|poke|p1|Forretress, M
|poke|p1|Nidoking, M
|poke|p1|Porygon2
|poke|p1|Honchkrow, F
|poke|p1|Mienshao, F
|poke|p2|Crobat, M
|poke|p2|Ampharos, F
|poke|p2|Forretress, F
|poke|p2|Swampert, F
|poke|p2|Umbreon, F
|poke|p2|Infernape, F
|rule|Swagger Clause: Swagger is banned
|rule|Baton Pass Clause: Limit one PokÃ©mon knowing Baton Pass
|teampreview
|
|start
|switch|p1a: Milotic Tac|Milotic, F|393\/393
|switch|p2a: Crobat|Crobat, M|331\/331
|turn|1
|
|switch|p1a: Forretress Fallout|Forretress, M|354\/354
|move|p2a: Crobat|U-turn|p1a: Forretress Fallout
|-resisted|p1a: Forretress Fallout
|-damage|p1a: Forretress Fallout|334\/354
|
|switch|p2a: Infernape|Infernape, F|293\/293
|
|-heal|p1a: Forretress Fallout|354\/354|[from] item: Leftovers
|turn|2
|
|switch|p1a: Milotic Tac|Milotic, F|393\/393
|move|p2a: Infernape|U-turn|p1a: Milotic Tac
|-damage|p1a: Milotic Tac|328\/393
|
|switch|p2a: Ampharos|Ampharos, F|374\/374
|
|-heal|p1a: Milotic Tac|352\/393|[from] item: Leftovers
|turn|3
|
|detailschange|p2a: Ampharos|Ampharos-Mega, F
|-mega|p2a: Ampharos|Ampharos|Ampharosite
|-ability|p2a: Ampharos|Mold Breaker
|move|p2a: Ampharos|Thunderbolt|p1a: Milotic Tac
|-supereffective|p1a: Milotic Tac
|-damage|p1a: Milotic Tac|64\/393
|move|p1a: Milotic Tac|Mirror Coat|p2a: Ampharos
|-damage|p2a: Ampharos|0 fnt
|faint|p2a: Ampharos
|
|-heal|p1a: Milotic Tac|88\/393|[from] item: Leftovers
|c|âtrentg27|wtf why would u run that LMFAO
|c|âFirsty|For that exact reason?
|c|âtrentg27|lol i guess
|
|switch|p2a: Infernape|Infernape, F|293\/293
|turn|4
|
|move|p2a: Infernape|U-turn|p1a: Milotic Tac
|-damage|p1a: Milotic Tac|25\/393
|
|switch|p2a: Swampert|Swampert, F|404\/404
|move|p1a: Milotic Tac|Recover|p1a: Milotic Tac
|-heal|p1a: Milotic Tac|222\/393
|
|-heal|p1a: Milotic Tac|246\/393|[from] item: Leftovers
|turn|5
|
|move|p1a: Milotic Tac|Recover|p1a: Milotic Tac
|-heal|p1a: Milotic Tac|393\/393
|move|p2a: Swampert|Stealth Rock|p1a: Milotic Tac
|-sidestart|p1: Firsty|move: Stealth Rock
|
|turn|6
|
|switch|p2a: Forretress|Forretress, F|354\/354
|move|p1a: Milotic Tac|Scald|p2a: Forretress
|-damage|p2a: Forretress|204\/354
|-status|p2a: Forretress|brn
|
|-heal|p2a: Forretress|226\/354 brn|[from] item: Leftovers
|-damage|p2a: Forretress|182\/354 brn|[from] brn
|turn|7
|
|move|p1a: Milotic Tac|Scald|p2a: Forretress
|-damage|p2a: Forretress|38\/354 brn
|move|p2a: Forretress|Toxic|p1a: Milotic Tac
|-status|p1a: Milotic Tac|tox
|
|-heal|p2a: Forretress|60\/354 brn|[from] item: Leftovers
|-damage|p1a: Milotic Tac|369\/393 tox|[from] psn
|-damage|p2a: Forretress|16\/354 brn|[from] brn
|turn|8
|
|switch|p2a: Umbreon|Umbreon, F|394\/394
|move|p1a: Milotic Tac|Scald|p2a: Umbreon
|-damage|p2a: Umbreon|334\/394
|
|-heal|p1a: Milotic Tac|393\/393 tox|[from] item: Leftovers
|-heal|p2a: Umbreon|358\/394|[from] item: Leftovers
|-damage|p1a: Milotic Tac|345\/393 tox|[from] psn
|turn|9
|
|switch|p1a: Forretress Fallout|Forretress, M|354\/354
|-damage|p1a: Forretress Fallout|310\/354|[from] Stealth Rock
|move|p2a: Umbreon|Heal Bell|p2a: Umbreon
|-cureteam|p2a: Umbreon|[from] move: HealBell
|
|-heal|p2a: Umbreon|382\/394|[from] item: Leftovers
|-heal|p1a: Forretress Fallout|332\/354|[from] item: Leftovers
|turn|10
|
|switch|p2a: Swampert|Swampert, F|404\/404
|move|p1a: Forretress Fallout|Stealth Rock|p2a: Swampert
|-sidestart|p2: trentg27|move: Stealth Rock
|
|-heal|p1a: Forretress Fallout|354\/354|[from] item: Leftovers
|turn|11
|
|move|p2a: Swampert|Scald|p1a: Forretress Fallout
|-damage|p1a: Forretress Fallout|228\/354
|move|p1a: Forretress Fallout|Rapid Spin|p2a: Swampert
|-damage|p2a: Swampert|392\/404
|-sideend|p1: Firsty|Stealth Rock|[from] move: Rapid Spin|[of] p1a: Forretress Fallout
|
|-heal|p2a: Swampert|404\/404|[from] item: Leftovers
|-heal|p1a: Forretress Fallout|250\/354|[from] item: Leftovers
|turn|12
|
|switch|p1a: Porygon2much4u|Porygon2|374\/374
|move|p2a: Swampert|Scald|p1a: Porygon2much4u
|-damage|p1a: Porygon2much4u|316\/374
|
|turn|13
|
|move|p1a: Porygon2much4u|Tri Attack|p2a: Swampert
|-damage|p2a: Swampert|257\/404
|move|p2a: Swampert|Stealth Rock|p1a: Porygon2much4u
|-sidestart|p1: Firsty|move: Stealth Rock
|
|-heal|p2a: Swampert|282\/404|[from] item: Leftovers
|turn|14
|
|move|p1a: Porygon2much4u|Tri Attack|p2a: Swampert
|-damage|p2a: Swampert|132\/404
|-status|p2a: Swampert|par
|move|p2a: Swampert|Roar|p1a: Porygon2much4u
|drag|p1a: Honchkrowbat|Honchkrow, F|341\/341
|-damage|p1a: Honchkrowbat|256\/341|[from] Stealth Rock
|
|-heal|p2a: Swampert|157\/404 par|[from] item: Leftovers
|turn|15
|
|switch|p2a: Umbreon|Umbreon, F|382\/394
|-damage|p2a: Umbreon|333\/394|[from] Stealth Rock
|move|p1a: Honchkrowbat|Brave Bird|p2a: Umbreon
|-damage|p2a: Umbreon|64\/394
|-damage|p1a: Honchkrowbat|167\/341|[from] recoil|[of] p2a: Umbreon
|-damage|p1a: Honchkrowbat|133\/341|[from] item: Life Orb
|
|-heal|p2a: Umbreon|88\/394|[from] item: Leftovers
|turn|16
|
|move|p2a: Umbreon|Protect|p2a: Umbreon
|-singleturn|p2a: Umbreon|Protect
|move|p1a: Honchkrowbat|Brave Bird|p2a: Umbreon
|-activate|p2a: Umbreon|Protect
|
|-heal|p2a: Umbreon|112\/394|[from] item: Leftovers
|turn|17
|
|switch|p2a: Forretress|Forretress, F|16\/354
|-damage|p2a: Forretress|0 fnt|[from] Stealth Rock
|faint|p2a: Forretress
|move|p1a: Honchkrowbat|Brave Bird|p2: Forretress|[notarget]
|-notarget
|
|
|switch|p2a: Infernape|Infernape, F|293\/293
|-damage|p2a: Infernape|257\/293|[from] Stealth Rock
|turn|18
|
|switch|p1a: Milotic Tac|Milotic, F|345\/393 tox
|-damage|p1a: Milotic Tac|296\/393 tox|[from] Stealth Rock
|move|p2a: Infernape|U-turn|p1a: Milotic Tac
|-damage|p1a: Milotic Tac|227\/393 tox
|
|switch|p2a: Umbreon|Umbreon, F|112\/394
|-damage|p2a: Umbreon|63\/394|[from] Stealth Rock
|
|-heal|p1a: Milotic Tac|251\/393 tox|[from] item: Leftovers
|-heal|p2a: Umbreon|87\/394|[from] item: Leftovers
|-damage|p1a: Milotic Tac|227\/393 tox|[from] psn
|turn|19
|
|move|p2a: Umbreon|Protect|p2a: Umbreon
|-singleturn|p2a: Umbreon|Protect
|move|p1a: Milotic Tac|Recover|p1a: Milotic Tac
|-heal|p1a: Milotic Tac|393\/393 tox
|
|-heal|p2a: Umbreon|111\/394|[from] item: Leftovers
|-damage|p1a: Milotic Tac|345\/393 tox|[from] psn
|turn|20
|
|move|p1a: Milotic Tac|Scald|p2a: Umbreon
|-damage|p2a: Umbreon|51\/394
|move|p2a: Umbreon|Wish|p2a: Umbreon
|
|-heal|p1a: Milotic Tac|369\/393 tox|[from] item: Leftovers
|-heal|p2a: Umbreon|75\/394|[from] item: Leftovers
|-damage|p1a: Milotic Tac|297\/393 tox|[from] psn
|turn|21
|
|switch|p1a: Mienshao pun|Mienshao, F|271\/271
|-damage|p1a: Mienshao pun|255\/271|[from] Stealth Rock
|move|p2a: Umbreon|Heal Bell|p2a: Umbreon
|-cureteam|p2a: Umbreon|[from] move: HealBell
|
|-heal|p2a: Umbreon|272\/394|[from] move: Wish|[wisher] Umbreon
|-heal|p2a: Umbreon|296\/394|[from] item: Leftovers
|turn|22
|
|switch|p2a: Crobat|Crobat, M|331\/331
|-damage|p2a: Crobat|249\/331|[from] Stealth Rock
|move|p1a: Mienshao pun|Drain Punch|p2a: Crobat
|-crit|p2a: Crobat
|-resisted|p2a: Crobat
|-damage|p2a: Crobat|174\/331
|-heal|p1a: Mienshao pun|271\/271|[from] drain|[of] p2a: Crobat
|-damage|p1a: Mienshao pun|244\/271|[from] item: Life Orb
|
|turn|23
|
|switch|p1a: Porygon2much4u|Porygon2|316\/374
|-damage|p1a: Porygon2much4u|270\/374|[from] Stealth Rock
|move|p2a: Crobat|Defog|p1a: Porygon2much4u
|-unboost|p1a: Porygon2much4u|evasion|1
|-sideend|p1: Firsty|Stealth Rock|[from] move: Defog|[of] p1a: Porygon2much4u
|-sideend|p2: trentg27|Stealth Rock|[from] move: Defog|[of] p2a: Crobat
|
|turn|24
|
|switch|p2a: Umbreon|Umbreon, F|296\/394
|move|p1a: Porygon2much4u|Charge Beam|p2a: Umbreon
|-damage|p2a: Umbreon|252\/394
|-boost|p1a: Porygon2much4u|spa|1
|
|-heal|p2a: Umbreon|276\/394|[from] item: Leftovers
|turn|25
|
|move|p2a: Umbreon|Wish|p2a: Umbreon
|move|p1a: Porygon2much4u|Charge Beam|p2a: Umbreon
|-crit|p2a: Umbreon
|-damage|p2a: Umbreon|177\/394
|-boost|p1a: Porygon2much4u|spa|1
|
|-heal|p2a: Umbreon|201\/394|[from] item: Leftovers
|turn|26
|
|switch|p2a: Swampert|Swampert, F|157\/404
|move|p1a: Porygon2much4u|Recover|p1a: Porygon2much4u
|-heal|p1a: Porygon2much4u|374\/374
|
|-heal|p2a: Swampert|354\/404|[from] move: Wish|[wisher] Umbreon
|-heal|p2a: Swampert|379\/404|[from] item: Leftovers
|turn|27
|
|move|p1a: Porygon2much4u|Tri Attack|p2a: Swampert
|-damage|p2a: Swampert|109\/404
|move|p2a: Swampert|Stealth Rock|p1a: Porygon2much4u
|-sidestart|p1: Firsty|move: Stealth Rock
|
|-heal|p2a: Swampert|134\/404|[from] item: Leftovers
|turn|28
|-message|trentg27 forfeited.
|leave|trentg27
|
|win|Firsty
|raw|Ladder updating...
|player|p2
|raw|Firsty's rating: 1251 &rarr; <strong>1281<\/strong><br \/>(+30 for winning)
|raw|trentg27's rating: 1324 &rarr; <strong>1300<\/strong><br \/>(-24 for losing)