|join|ForgottenGreninja
|join|22dula
|player|p1|ForgottenGreninja|169
|player|p2|22dula|2
|gametype|singles
|gen|6
|tier|OU
|rated
|clearpoke
|poke|p1|Serperior, F
|poke|p1|Slowbro, M
|poke|p1|Jirachi
|poke|p1|Azelf
|poke|p1|Terrakion
|poke|p1|Rotom-Wash
|poke|p2|Manectric, M
|poke|p2|Landorus-Therian, M
|poke|p2|Crawdaunt, F
|poke|p2|Skarmory, M
|poke|p2|Sylveon, F
|poke|p2|Mew
|rule|Swagger Clause: Swagger is banned
|rule|Baton Pass Clause: Limit one PokÃ©mon knowing Baton Pass
|rule|Sleep Clause Mod: Limit one foe put to sleep
|rule|Species Clause: Limit one of each PokÃ©mon
|rule|OHKO Clause: OHKO moves are banned
|rule|Moody Clause: Moody is banned
|rule|Evasion Moves Clause: Evasion moves are banned
|rule|Endless Battle Clause: Forcing endless battles is banned
|rule|HP Percentage Mod: HP is shown in percentages
|teampreview
|
|start
|switch|p1a: Azelf|Azelf|292\/292
|switch|p2a: Landorus-Therian|Landorus-Therian, M|319\/319
|-ability|p2a: Landorus-Therian|Intimidate|[of] p1a: Azelf
|-unboost|p1a: Azelf|atk|1
|turn|1
|
|move|p2a: Landorus-Therian|U-turn|p1a: Azelf
|-supereffective|p1a: Azelf
|-damage|p1a: Azelf|54\/292
|
|switch|p2a: Crawdaunt|Crawdaunt, F|268\/268
|move|p1a: Azelf|Stealth Rock|p2a: Crawdaunt
|-sidestart|p2: 22dula|move: Stealth Rock
|
|turn|2
|
|move|p2a: Crawdaunt|Aqua Jet|p1a: Azelf
|-damage|p1a: Azelf|0 fnt
|-damage|p2a: Crawdaunt|242\/268|[from] item: Life Orb
|faint|p1a: Azelf
|
|
|switch|p1a: Rotom-Wash|Rotom-Wash|304\/304
|turn|3
|
|switch|p2a: Mew|Mew|394\/394
|-damage|p2a: Mew|345\/394|[from] Stealth Rock
|move|p1a: Rotom-Wash|Will-O-Wisp|p2a: Mew
|-status|p2a: Mew|brn
|-status|p1a: Rotom-Wash|brn
|
|-heal|p2a: Mew|369\/394 brn|[from] item: Leftovers
|-damage|p2a: Mew|320\/394 brn|[from] brn
|-damage|p1a: Rotom-Wash|266\/304 brn|[from] brn
|turn|4
|
|switch|p2a: Manectric|Manectric, M|281\/281
|-damage|p2a: Manectric|246\/281|[from] Stealth Rock
|move|p1a: Rotom-Wash|Volt Switch|p2a: Manectric
|-boost|p2a: Manectric|spa|1|[from] ability: Lightning Rod
|
|-heal|p1a: Rotom-Wash|285\/304 brn|[from] item: Leftovers
|-damage|p1a: Rotom-Wash|247\/304 brn|[from] brn
|turn|5
|
|detailschange|p2a: Manectric|Manectric-Mega, M
|-mega|p2a: Manectric|Manectric|Manectite
|-ability|p2a: Manectric|Intimidate|[of] p1a: Rotom-Wash
|-unboost|p1a: Rotom-Wash|atk|1
|move|p2a: Manectric|Thunderbolt|p1a: Rotom-Wash
|-damage|p1a: Rotom-Wash|15\/304 brn
|move|p1a: Rotom-Wash|Hydro Pump|p2a: Manectric
|-damage|p2a: Manectric|90\/281
|
|-heal|p1a: Rotom-Wash|34\/304 brn|[from] item: Leftovers
|-damage|p1a: Rotom-Wash|0 fnt|[from] brn
|faint|p1a: Rotom-Wash
|
|switch|p1a: Jirachi|Jirachi|342\/342
|turn|6
|
|move|p1a: Jirachi|Fire Punch|p2a: Manectric
|-damage|p2a: Manectric|0 fnt
|faint|p2a: Manectric
|
|
|switch|p2a: Crawdaunt|Crawdaunt, F|242\/268
|-damage|p2a: Crawdaunt|209\/268|[from] Stealth Rock
|turn|7
|
|move|p1a: Jirachi|Fire Punch|p2a: Crawdaunt
|-resisted|p2a: Crawdaunt
|-damage|p2a: Crawdaunt|162\/268
|move|p2a: Crawdaunt|Knock Off|p1a: Jirachi
|-supereffective|p1a: Jirachi
|-damage|p1a: Jirachi|0 fnt
|-enditem|p1a: Jirachi|Choice Scarf|[from] move: Knock Off|[of] p2a: Crawdaunt
|-damage|p2a: Crawdaunt|136\/268|[from] item: Life Orb
|faint|p1a: Jirachi
|
|
|switch|p1a: Serperior|Serperior, F|292\/292
|turn|8
|
|switch|p2a: Skarmory|Skarmory, M|333\/333
|-damage|p2a: Skarmory|292\/333|[from] Stealth Rock
|move|p1a: Serperior|Leaf Storm|p2a: Skarmory
|-resisted|p2a: Skarmory
|-damage|p2a: Skarmory|230\/333
|-boost|p1a: Serperior|spa|2
|
|turn|9
|
|move|p1a: Serperior|Leaf Storm|p2a: Skarmory
|-crit|p2a: Skarmory
|-resisted|p2a: Skarmory
|-damage|p2a: Skarmory|59\/333
|-boost|p1a: Serperior|spa|2
|move|p2a: Skarmory|Defog|p1a: Serperior
|-boost|p1a: Serperior|evasion|1
|-sideend|p2: 22dula|Stealth Rock|[from] move: Defog|[of] p2a: Skarmory
|
|turn|10
|
|move|p1a: Serperior|Giga Drain|p2a: Skarmory
|-resisted|p2a: Skarmory
|-damage|p2a: Skarmory|0 fnt
|faint|p2a: Skarmory
|
|
|switch|p2a: Landorus-Therian|Landorus-Therian, M|319\/319
|-ability|p2a: Landorus-Therian|Intimidate|[of] p1a: Serperior
|-boost|p1a: Serperior|atk|1
|turn|11
|
|move|p2a: Landorus-Therian|U-turn|p1a: Serperior
|-supereffective|p1a: Serperior
|-damage|p1a: Serperior|116\/292
|
|switch|p2a: Mew|Mew|320\/394 brn
|move|p1a: Serperior|Giga Drain|p2a: Mew
|-damage|p2a: Mew|79\/394 brn
|-heal|p1a: Serperior|237\/292|[from] drain|[of] p2a: Mew
|
|-heal|p2a: Mew|103\/394 brn|[from] item: Leftovers
|-damage|p2a: Mew|54\/394 brn|[from] brn
|turn|12
|
|move|p1a: Serperior|Giga Drain|p2a: Mew
|-damage|p2a: Mew|0 fnt
|-heal|p1a: Serperior|264\/292|[from] drain|[of] p2a: Mew
|faint|p2a: Mew
|
|
|switch|p2a: Landorus-Therian|Landorus-Therian, M|319\/319
|-ability|p2a: Landorus-Therian|Intimidate|[of] p1a: Serperior
|-boost|p1a: Serperior|atk|1
|turn|13
|
|move|p2a: Landorus-Therian|U-turn|p1a: Serperior
|-supereffective|p1a: Serperior
|-damage|p1a: Serperior|76\/292
|
|switch|p2a: Crawdaunt|Crawdaunt, F|136\/268
|move|p1a: Serperior|Giga Drain|p2a: Crawdaunt
|-supereffective|p2a: Crawdaunt
|-damage|p2a: Crawdaunt|0 fnt
|-heal|p1a: Serperior|144\/292|[from] drain|[of] p2a: Crawdaunt
|faint|p2a: Crawdaunt
|
|
|switch|p2a: Landorus-Therian|Landorus-Therian, M|319\/319
|-ability|p2a: Landorus-Therian|Intimidate|[of] p1a: Serperior
|-boost|p1a: Serperior|atk|1
|turn|14
|
|switch|p1a: Terrakion|Terrakion|324\/324
|move|p2a: Landorus-Therian|U-turn|p1a: Terrakion
|-crit|p1a: Terrakion
|-resisted|p1a: Terrakion
|-damage|p1a: Terrakion|244\/324
|
|switch|p2a: Sylveon|Sylveon, F|394\/394
|
|turn|15
|
|move|p1a: Terrakion|Stone Edge|p2a: Sylveon
|-damage|p2a: Sylveon|36\/394
|move|p2a: Sylveon|Hyper Voice|p1a: Terrakion
|-supereffective|p1a: Terrakion
|-damage|p1a: Terrakion|0 fnt
|faint|p1a: Terrakion
|
|
|switch|p1a: Serperior|Serperior, F|144\/292
|turn|16
|
|switch|p2a: Landorus-Therian|Landorus-Therian, M|319\/319
|-ability|p2a: Landorus-Therian|Intimidate|[of] p1a: Serperior
|-boost|p1a: Serperior|atk|1
|move|p1a: Serperior|Giga Drain|p2a: Landorus-Therian
|-damage|p2a: Landorus-Therian|174\/319
|-heal|p1a: Serperior|217\/292|[from] drain|[of] p2a: Landorus-Therian
|
|turn|17
|
|move|p2a: Landorus-Therian|U-turn|p1a: Serperior
|-supereffective|p1a: Serperior
|-damage|p1a: Serperior|35\/292
|
|switch|p2a: Sylveon|Sylveon, F|36\/394
|move|p1a: Serperior|Leaf Storm|p2a: Sylveon
|-damage|p2a: Sylveon|0 fnt
|-boost|p1a: Serperior|spa|2
|faint|p2a: Sylveon
|
|
|switch|p2a: Landorus-Therian|Landorus-Therian, M|174\/319
|-ability|p2a: Landorus-Therian|Intimidate|[of] p1a: Serperior
|-boost|p1a: Serperior|atk|1
|turn|18
|
|move|p2a: Landorus-Therian|Earthquake|p1a: Serperior
|-resisted|p1a: Serperior
|-damage|p1a: Serperior|0 fnt
|faint|p1a: Serperior
|
|
|switch|p1a: Slowbro|Slowbro, M|394\/394
|turn|19
|
|detailschange|p1a: Slowbro|Slowbro-Mega, M
|-mega|p1a: Slowbro|Slowbro|Slowbronite
|move|p2a: Landorus-Therian|Earthquake|p1a: Slowbro
|-damage|p1a: Slowbro|277\/394
|move|p1a: Slowbro|Scald|p2a: Landorus-Therian
|-supereffective|p2a: Landorus-Therian
|-damage|p2a: Landorus-Therian|0 fnt
|faint|p2a: Landorus-Therian
|
|win|ForgottenGreninja
|raw|Ladder updating...
|raw|ForgottenGreninja's rating: 1592 &rarr; <strong>1614<\/strong><br \/>(+22 for winning)
|raw|22dula's rating: 1614 &rarr; <strong>1593<\/strong><br \/>(-21 for losing)
|c|âForgottenGreninja|gg
|c|â22dula|gg