|join|LMay
|join|ForgottenGreninja
|player|p1|LMay|283
|player|p2|ForgottenGreninja|101
|gametype|singles
|gen|6
|tier|OU
|rated
|clearpoke
|poke|p1|Rotom-Wash
|poke|p1|Altaria, M
|poke|p1|Tentacruel, M
|poke|p1|Ferrothorn, M
|poke|p1|Bisharp, F
|poke|p1|Landorus-Therian, M
|poke|p2|Gyarados, F
|poke|p2|Victini
|poke|p2|Slowbro, M
|poke|p2|Azelf
|poke|p2|Landorus-Therian, M
|poke|p2|Conkeldurr, F
|rule|Swagger Clause: Swagger is banned
|rule|Baton Pass Clause: Limit one PokÃ©mon knowing Baton Pass
|rule|Sleep Clause Mod: Limit one foe put to sleep
|rule|Species Clause: Limit one of each PokÃ©mon
|rule|OHKO Clause: OHKO moves are banned
|rule|Moody Clause: Moody is banned
|rule|Evasion Moves Clause: Evasion moves are banned
|rule|Endless Battle Clause: Forcing endless battles is banned
|rule|HP Percentage Mod: HP is shown in percentages
|teampreview
|
|start
|switch|p1a: Ferrothorn|Ferrothorn, M|352\/352
|switch|p2a: Azelf|Azelf|292\/292
|turn|1
|
|move|p2a: Azelf|Taunt|p1a: Ferrothorn
|-start|p1a: Ferrothorn|move: Taunt
|cant|p1a: Ferrothorn|move: Taunt|Stealth Rock
|
|turn|2
|
|move|p2a: Azelf|Stealth Rock|p1a: Ferrothorn
|-sidestart|p1: LMay|move: Stealth Rock
|move|p1a: Ferrothorn|Gyro Ball|p2a: Azelf
|-damage|p2a: Azelf|75\/292
|
|turn|3
|
|move|p2a: Azelf|Knock Off|p1a: Ferrothorn
|-damage|p1a: Ferrothorn|279\/352
|-damage|p2a: Azelf|39\/292|[from] ability: Iron Barbs|[of] p1a: Ferrothorn
|-enditem|p1a: Ferrothorn|Leftovers|[from] move: Knock Off|[of] p2a: Azelf
|move|p1a: Ferrothorn|Gyro Ball|p2a: Azelf
|-damage|p2a: Azelf|0 fnt
|faint|p2a: Azelf
|
|-end|p1a: Ferrothorn|move: Taunt
|
|switch|p2a: Victini|Victini|341\/341
|turn|4
|
|move|p2a: Victini|Thunderbolt|p1a: Ferrothorn
|-resisted|p1a: Ferrothorn
|-damage|p1a: Ferrothorn|246\/352
|move|p1a: Ferrothorn|Stealth Rock|p2a: Victini
|-sidestart|p2: ForgottenGreninja|move: Stealth Rock
|
|turn|5
|
|move|p1a: Ferrothorn|Protect|p1a: Ferrothorn
|-singleturn|p1a: Ferrothorn|Protect
|move|p2a: Victini|Searing Shot|p1a: Ferrothorn
|-activate|p1a: Ferrothorn|Protect
|
|turn|6
|
|move|p2a: Victini|Searing Shot|p1a: Ferrothorn
|-supereffective|p1a: Ferrothorn
|-damage|p1a: Ferrothorn|0 fnt
|faint|p1a: Ferrothorn
|
|
|switch|p1a: Tentacruel|Tentacruel, M|362\/362
|-damage|p1a: Tentacruel|317\/362|[from] Stealth Rock
|turn|7
|
|move|p2a: Victini|Thunderbolt|p1a: Tentacruel
|-supereffective|p1a: Tentacruel
|-damage|p1a: Tentacruel|163\/362
|move|p1a: Tentacruel|Rapid Spin|p2a: Victini
|-damage|p2a: Victini|330\/341
|-sideend|p1: LMay|Stealth Rock|[from] move: Rapid Spin|[of] p1a: Tentacruel
|
|-heal|p1a: Tentacruel|185\/362|[from] item: Black Sludge
|turn|8
|
|move|p2a: Victini|Thunderbolt|p1a: Tentacruel
|-supereffective|p1a: Tentacruel
|-damage|p1a: Tentacruel|31\/362
|-status|p1a: Tentacruel|par
|cant|p1a: Tentacruel|par
|
|-heal|p1a: Tentacruel|53\/362 par|[from] item: Black Sludge
|turn|9
|
|move|p2a: Victini|Searing Shot|p1a: Tentacruel
|-resisted|p1a: Tentacruel
|-damage|p1a: Tentacruel|4\/362 par
|cant|p1a: Tentacruel|par
|
|-heal|p1a: Tentacruel|26\/362 par|[from] item: Black Sludge
|turn|10
|
|move|p2a: Victini|Searing Shot|p1a: Tentacruel
|-resisted|p1a: Tentacruel
|-damage|p1a: Tentacruel|0 fnt
|faint|p1a: Tentacruel
|
|
|switch|p1a: Altaria|Altaria, M|345\/345
|turn|11
|
|switch|p2a: Slowbro|Slowbro, M|394\/394
|-damage|p2a: Slowbro|345\/394|[from] Stealth Rock
|detailschange|p1a: Altaria|Altaria-Mega, M
|-mega|p1a: Altaria|Altaria|Altarianite
|move|p1a: Altaria|Hyper Voice|p2a: Slowbro
|-damage|p2a: Slowbro|98\/394
|
|-heal|p2a: Slowbro|122\/394|[from] item: Leftovers
|turn|12
|
|switch|p2a: Victini|Victini|330\/341
|-damage|p2a: Victini|245\/341|[from] Stealth Rock
|move|p1a: Altaria|Hyper Voice|p2a: Victini
|-resisted|p2a: Victini
|-damage|p2a: Victini|149\/341
|
|turn|13
|
|move|p2a: Victini|Hidden Power|p1a: Altaria
|-supereffective|p1a: Altaria
|-damage|p1a: Altaria|196\/345
|move|p1a: Altaria|Hyper Voice|p2a: Victini
|-resisted|p2a: Victini
|-damage|p2a: Victini|56\/341
|
|turn|14
|
|move|p2a: Victini|Searing Shot|p1a: Altaria
|-resisted|p1a: Altaria
|-damage|p1a: Altaria|128\/345
|move|p1a: Altaria|Roost|p1a: Altaria
|-heal|p1a: Altaria|301\/345
|
|turn|15
|
|move|p2a: Victini|Hidden Power|p1a: Altaria
|-supereffective|p1a: Altaria
|-damage|p1a: Altaria|176\/345
|move|p1a: Altaria|Roost|p1a: Altaria
|-heal|p1a: Altaria|345\/345
|
|turn|16
|
|move|p2a: Victini|Searing Shot|p1a: Altaria
|-resisted|p1a: Altaria
|-damage|p1a: Altaria|274\/345
|move|p1a: Altaria|Hyper Voice|p2a: Victini
|-resisted|p2a: Victini
|-damage|p2a: Victini|0 fnt
|faint|p2a: Victini
|
|
|switch|p2a: Landorus-Therian|Landorus-Therian, M|320\/320
|-damage|p2a: Landorus-Therian|280\/320|[from] Stealth Rock
|-ability|p2a: Landorus-Therian|Intimidate|[of] p1a: Altaria
|-unboost|p1a: Altaria|atk|1
|turn|17
|
|switch|p1a: Landorus-Therian|Landorus-Therian, M|382\/382
|-ability|p1a: Landorus-Therian|Intimidate|[of] p2a: Landorus-Therian
|-unboost|p2a: Landorus-Therian|atk|1
|move|p2a: Landorus-Therian|Earthquake|p1a: Landorus-Therian
|-immune|p1a: Landorus-Therian|[msg]
|
|turn|18
|
|move|p2a: Landorus-Therian|Earthquake|p1a: Landorus-Therian
|-immune|p1a: Landorus-Therian|[msg]
|move|p1a: Landorus-Therian|Knock Off|p2a: Landorus-Therian
|-damage|p2a: Landorus-Therian|124\/320
|-enditem|p2a: Landorus-Therian|Choice Scarf|[from] move: Knock Off|[of] p1a: Landorus-Therian
|
|turn|19
|
|switch|p2a: Conkeldurr|Conkeldurr, F|414\/414
|-damage|p2a: Conkeldurr|389\/414|[from] Stealth Rock
|move|p1a: Landorus-Therian|U-turn|p2a: Conkeldurr
|-resisted|p2a: Conkeldurr
|-damage|p2a: Conkeldurr|338\/414
|
|switch|p1a: Altaria|Altaria-Mega, M|274\/345
|
|turn|20
|
|switch|p1a: Landorus-Therian|Landorus-Therian, M|382\/382
|-ability|p1a: Landorus-Therian|Intimidate|[of] p2a: Conkeldurr
|-unboost|p2a: Conkeldurr|atk|1
|move|p2a: Conkeldurr|Poison Jab|p1a: Landorus-Therian
|-resisted|p1a: Landorus-Therian
|-damage|p1a: Landorus-Therian|345\/382
|
|-heal|p1a: Landorus-Therian|368\/382|[from] item: Leftovers
|turn|21
|
|move|p1a: Landorus-Therian|U-turn|p2a: Conkeldurr
|-resisted|p2a: Conkeldurr
|-damage|p2a: Conkeldurr|284\/414
|
|switch|p1a: Rotom-Wash|Rotom-Wash|304\/304
|move|p2a: Conkeldurr|Knock Off|p1a: Rotom-Wash
|-damage|p1a: Rotom-Wash|243\/304
|-enditem|p1a: Rotom-Wash|Leftovers|[from] move: Knock Off|[of] p2a: Conkeldurr
|
|turn|22
|
|switch|p2a: Landorus-Therian|Landorus-Therian, M|124\/320
|-damage|p2a: Landorus-Therian|84\/320|[from] Stealth Rock
|-ability|p2a: Landorus-Therian|Intimidate|[of] p1a: Rotom-Wash
|-unboost|p1a: Rotom-Wash|atk|1
|move|p1a: Rotom-Wash|Volt Switch|p2a: Landorus-Therian
|-immune|p2a: Landorus-Therian|[msg]
|
|turn|23
|
|move|p2a: Landorus-Therian|Superpower|p1a: Rotom-Wash
|-damage|p1a: Rotom-Wash|122\/304
|-unboost|p2a: Landorus-Therian|atk|1
|-unboost|p2a: Landorus-Therian|def|1
|move|p1a: Rotom-Wash|Hydro Pump|p2a: Landorus-Therian|[miss]
|-miss|p1a: Rotom-Wash|p2a: Landorus-Therian
|
|turn|24
|
|move|p2a: Landorus-Therian|Superpower|p1a: Rotom-Wash
|-damage|p1a: Rotom-Wash|39\/304
|-unboost|p2a: Landorus-Therian|atk|1
|-unboost|p2a: Landorus-Therian|def|1
|move|p1a: Rotom-Wash|Hydro Pump|p2a: Landorus-Therian
|-supereffective|p2a: Landorus-Therian
|-damage|p2a: Landorus-Therian|0 fnt
|faint|p2a: Landorus-Therian
|
|
|switch|p2a: Gyarados|Gyarados, F|353\/353
|-damage|p2a: Gyarados|265\/353|[from] Stealth Rock
|turn|25
|
|move|p2a: Gyarados|Crunch|p1a: Rotom-Wash
|-damage|p1a: Rotom-Wash|0 fnt
|faint|p1a: Rotom-Wash
|-boost|p2a: Gyarados|atk|1|[from] ability: Moxie
|
|
|switch|p1a: Landorus-Therian|Landorus-Therian, M|368\/382
|-ability|p1a: Landorus-Therian|Intimidate|[of] p2a: Gyarados
|-unboost|p2a: Gyarados|atk|1
|turn|26
|
|switch|p1a: Altaria|Altaria-Mega, M|274\/345
|detailschange|p2a: Gyarados|Gyarados-Mega, F
|-mega|p2a: Gyarados|Gyarados|Gyaradosite
|-ability|p2a: Gyarados|Mold Breaker
|move|p2a: Gyarados|Dragon Dance|p2a: Gyarados
|-boost|p2a: Gyarados|atk|1
|-boost|p2a: Gyarados|spe|1
|
|turn|27
|
|move|p2a: Gyarados|Waterfall|p1a: Altaria
|-resisted|p1a: Altaria
|-damage|p1a: Altaria|147\/345
|cant|p1a: Altaria|flinch
|
|turn|28
|
|move|p2a: Gyarados|Waterfall|p1a: Altaria
|-resisted|p1a: Altaria
|-damage|p1a: Altaria|25\/345
|move|p1a: Altaria|Roost|p1a: Altaria
|-heal|p1a: Altaria|198\/345
|
|turn|29
|
|move|p2a: Gyarados|Waterfall|p1a: Altaria
|-resisted|p1a: Altaria
|-damage|p1a: Altaria|80\/345
|cant|p1a: Altaria|flinch
|
|turn|30
|
|switch|p1a: Landorus-Therian|Landorus-Therian, M|368\/382
|-ability|p1a: Landorus-Therian|Intimidate|[of] p2a: Gyarados
|-unboost|p2a: Gyarados|atk|1
|move|p2a: Gyarados|Waterfall|p1a: Landorus-Therian
|-supereffective|p1a: Landorus-Therian
|-damage|p1a: Landorus-Therian|18\/382
|
|-heal|p1a: Landorus-Therian|41\/382|[from] item: Leftovers
|turn|31
|
|move|p2a: Gyarados|Dragon Dance|p2a: Gyarados
|-boost|p2a: Gyarados|atk|1
|-boost|p2a: Gyarados|spe|1
|move|p1a: Landorus-Therian|Superpower|p2a: Gyarados
|-supereffective|p2a: Gyarados
|-damage|p2a: Gyarados|0 fnt
|-unboost|p1a: Landorus-Therian|atk|1
|-unboost|p1a: Landorus-Therian|def|1
|faint|p2a: Gyarados
|
|-heal|p1a: Landorus-Therian|64\/382|[from] item: Leftovers
|
|switch|p2a: Conkeldurr|Conkeldurr, F|284\/414
|-damage|p2a: Conkeldurr|259\/414|[from] Stealth Rock
|turn|32
|
|switch|p1a: Bisharp|Bisharp, F|271\/271
|move|p2a: Conkeldurr|Mach Punch|p1a: Bisharp
|-supereffective|p1a: Bisharp
|-damage|p1a: Bisharp|0 fnt
|faint|p1a: Bisharp
|
|
|switch|p1a: Landorus-Therian|Landorus-Therian, M|64\/382
|-ability|p1a: Landorus-Therian|Intimidate|[of] p2a: Conkeldurr
|-unboost|p2a: Conkeldurr|atk|1
|turn|33
|
|switch|p2a: Slowbro|Slowbro, M|253\/394
|-damage|p2a: Slowbro|204\/394|[from] Stealth Rock
|move|p1a: Landorus-Therian|Knock Off|p2a: Slowbro
|-supereffective|p2a: Slowbro
|-damage|p2a: Slowbro|22\/394
|-enditem|p2a: Slowbro|Leftovers|[from] move: Knock Off|[of] p1a: Landorus-Therian
|
|-heal|p1a: Landorus-Therian|87\/382|[from] item: Leftovers
|turn|34
|
|move|p1a: Landorus-Therian|Knock Off|p2a: Slowbro
|-supereffective|p2a: Slowbro
|-damage|p2a: Slowbro|0 fnt
|faint|p2a: Slowbro
|
|-heal|p1a: Landorus-Therian|110\/382|[from] item: Leftovers
|
|switch|p2a: Conkeldurr|Conkeldurr, F|259\/414
|-damage|p2a: Conkeldurr|234\/414|[from] Stealth Rock
|turn|35
|
|move|p1a: Landorus-Therian|Knock Off|p2a: Conkeldurr
|-resisted|p2a: Conkeldurr
|-damage|p2a: Conkeldurr|163\/414
|-enditem|p2a: Conkeldurr|Assault Vest|[from] move: Knock Off|[of] p1a: Landorus-Therian
|move|p2a: Conkeldurr|Knock Off|p1a: Landorus-Therian
|-crit|p1a: Landorus-Therian
|-damage|p1a: Landorus-Therian|0 fnt
|-enditem|p1a: Landorus-Therian|Leftovers|[from] move: Knock Off|[of] p2a: Conkeldurr
|faint|p1a: Landorus-Therian
|
|
|switch|p1a: Altaria|Altaria-Mega, M|80\/345
|turn|36
|
|move|p2a: Conkeldurr|Mach Punch|p1a: Altaria
|-resisted|p1a: Altaria
|-damage|p1a: Altaria|47\/345
|move|p1a: Altaria|Hyper Voice|p2a: Conkeldurr
|-supereffective|p2a: Conkeldurr
|-damage|p2a: Conkeldurr|0 fnt
|faint|p2a: Conkeldurr
|
|win|LMay
|raw|Ladder updating...
|raw|LMay's rating: 1480 &rarr; <strong>1501<\/strong><br \/>(+21 for winning)
|raw|ForgottenGreninja's rating: 1490 &rarr; <strong>1469<\/strong><br \/>(-21 for losing)
|leave|ForgottenGreninja
|player|p2
|leave|LMay
|player|p1
|join|LMay