|join|ForgottenGreninja
|join|LookingForTheBest
|player|p1|ForgottenGreninja|266
|player|p2|LookingForTheBest|53
|gametype|singles
|gen|6
|tier|OU
|rated
|clearpoke
|poke|p1|Serperior, F
|poke|p1|Slowbro, F
|poke|p1|Jirachi
|poke|p1|Azelf
|poke|p1|Terrakion
|poke|p1|Rotom-Wash
|poke|p2|Bisharp, M
|poke|p2|Skarmory, F
|poke|p2|Sylveon, M
|poke|p2|Venusaur, M
|poke|p2|Talonflame, M
|poke|p2|Garchomp, M
|rule|Swagger Clause: Swagger is banned
|rule|Baton Pass Clause: Limit one PokÃ©mon knowing Baton Pass
|rule|Sleep Clause Mod: Limit one foe put to sleep
|rule|Species Clause: Limit one of each PokÃ©mon
|rule|OHKO Clause: OHKO moves are banned
|rule|Moody Clause: Moody is banned
|rule|Evasion Moves Clause: Evasion moves are banned
|rule|Endless Battle Clause: Forcing endless battles is banned
|rule|HP Percentage Mod: HP is shown in percentages
|teampreview
|c|âLookingForTheBest|Poor Greninja =,(
|
|start
|switch|p1a: Azelf|Azelf|292\/292
|switch|p2a: Red Ranger|Bisharp, M|272\/272
|turn|1
|
|move|p1a: Azelf|Stealth Rock|p2a: Red Ranger
|-sidestart|p2: LookingForTheBest|move: Stealth Rock
|move|p2a: Red Ranger|Knock Off|p1a: Azelf
|-supereffective|p1a: Azelf
|-enditem|p1a: Azelf|Focus Sash
|-damage|p1a: Azelf|1\/292
|-damage|p2a: Red Ranger|245\/272|[from] item: Life Orb
|
|turn|2
|
|move|p2a: Red Ranger|Sucker Punch|p1a: Azelf
|-fail|p1a: Azelf
|move|p1a: Azelf|Taunt|p2a: Red Ranger
|-start|p2a: Red Ranger|move: Taunt
|
|turn|3
|
|move|p2a: Red Ranger|Sucker Punch|p1a: Azelf
|-supereffective|p1a: Azelf
|-damage|p1a: Azelf|0 fnt
|-damage|p2a: Red Ranger|218\/272|[from] item: Life Orb
|faint|p1a: Azelf
|
|
|switch|p1a: Terrakion|Terrakion|324\/324
|turn|4
|
|switch|p2a: Sakura|Sylveon, M|394\/394
|-damage|p2a: Sakura|345\/394|[from] Stealth Rock
|move|p1a: Terrakion|Close Combat|p2a: Sakura
|-resisted|p2a: Sakura
|-damage|p2a: Sakura|197\/394
|-unboost|p1a: Terrakion|def|1
|-unboost|p1a: Terrakion|spd|1
|
|-heal|p2a: Sakura|221\/394|[from] item: Leftovers
|turn|5
|
|switch|p1a: Serperior|Serperior, F|292\/292
|move|p2a: Sakura|Hyper Voice|p1a: Serperior
|-damage|p1a: Serperior|124\/292
|
|-heal|p2a: Sakura|245\/394|[from] item: Leftovers
|turn|6
|
|move|p2a: Sakura|Protect|p2a: Sakura
|-singleturn|p2a: Sakura|Protect
|move|p1a: Serperior|Leaf Storm|p2a: Sakura
|-activate|p2a: Sakura|Protect
|
|-heal|p2a: Sakura|269\/394|[from] item: Leftovers
|turn|7
|
|move|p1a: Serperior|Leaf Storm|p2a: Sakura
|-damage|p2a: Sakura|107\/394
|-boost|p1a: Serperior|spa|2
|move|p2a: Sakura|Hyper Voice|p1a: Serperior
|-damage|p1a: Serperior|0 fnt
|faint|p1a: Serperior
|
|-heal|p2a: Sakura|131\/394|[from] item: Leftovers
|
|switch|p1a: Terrakion|Terrakion|324\/324
|turn|8
|
|move|p2a: Sakura|Protect|p2a: Sakura
|-singleturn|p2a: Sakura|Protect
|move|p1a: Terrakion|Close Combat|p2a: Sakura
|-activate|p2a: Sakura|Protect
|
|-heal|p2a: Sakura|155\/394|[from] item: Leftovers
|turn|9
|
|move|p1a: Terrakion|Close Combat|p2a: Sakura
|-resisted|p2a: Sakura
|-damage|p2a: Sakura|0 fnt
|-unboost|p1a: Terrakion|def|1
|-unboost|p1a: Terrakion|spd|1
|faint|p2a: Sakura
|
|
|switch|p2a: Weed|Venusaur, M|364\/364
|-damage|p2a: Weed|319\/364|[from] Stealth Rock
|turn|10
|
|switch|p1a: Jirachi|Jirachi|342\/342
|detailschange|p2a: Weed|Venusaur-Mega, M
|-mega|p2a: Weed|Venusaur|Venusaurite
|move|p2a: Weed|Sleep Powder|p1a: Jirachi
|-status|p1a: Jirachi|slp
|
|turn|11
|
|cant|p1a: Jirachi|slp
|move|p2a: Weed|Leech Seed|p1a: Jirachi
|-start|p1a: Jirachi|move: Leech Seed
|
|-damage|p1a: Jirachi|300\/342 slp|[from] Leech Seed|[of] p2a: Weed
|-heal|p2a: Weed|361\/364|[silent]
|turn|12
|
|switch|p1a: Rotom-Wash|Rotom-Wash|304\/304
|switch|p2a: Skarmory|Skarmory, F|292\/292
|-damage|p2a: Skarmory|256\/292|[from] Stealth Rock
|
|turn|13
|
|switch|p2a: Weed|Venusaur-Mega, M|361\/364
|-damage|p2a: Weed|316\/364|[from] Stealth Rock
|move|p1a: Rotom-Wash|Volt Switch|p2a: Weed
|-resisted|p2a: Weed
|-damage|p2a: Weed|278\/364
|
|switch|p1a: Jirachi|Jirachi|300\/342 slp
|
|turn|14
|
|cant|p1a: Jirachi|slp
|move|p2a: Weed|Leech Seed|p1a: Jirachi
|-start|p1a: Jirachi|move: Leech Seed
|
|-damage|p1a: Jirachi|258\/342 slp|[from] Leech Seed|[of] p2a: Weed
|-heal|p2a: Weed|320\/364|[silent]
|turn|15
|
|switch|p1a: Rotom-Wash|Rotom-Wash|304\/304
|move|p2a: Weed|Giga Drain|p1a: Rotom-Wash
|-supereffective|p1a: Rotom-Wash
|-damage|p1a: Rotom-Wash|34\/304
|-heal|p2a: Weed|364\/364|[from] drain|[of] p1a: Rotom-Wash
|
|-heal|p1a: Rotom-Wash|53\/304|[from] item: Leftovers
|turn|16
|
|move|p1a: Rotom-Wash|Pain Split|p2a: Weed
|-sethp|p2a: Weed|208\/364|p1a: Rotom-Wash|208\/304|[from] move: Pain Split
|move|p2a: Weed|Giga Drain|p1a: Rotom-Wash
|-supereffective|p1a: Rotom-Wash
|-damage|p1a: Rotom-Wash|0 fnt
|-heal|p2a: Weed|312\/364|[from] drain|[of] p1a: Rotom-Wash
|faint|p1a: Rotom-Wash
|
|
|switch|p1a: Terrakion|Terrakion|324\/324
|turn|17
|
|move|p1a: Terrakion|Stone Edge|p2a: Weed
|-crit|p2a: Weed
|-damage|p2a: Weed|0 fnt
|faint|p2a: Weed
|
|
|switch|p2a: Garchomp|Garchomp, M|358\/358
|-damage|p2a: Garchomp|336\/358|[from] Stealth Rock
|turn|18
|
|switch|p2a: Red Ranger|Bisharp, M|218\/272
|-damage|p2a: Red Ranger|201\/272|[from] Stealth Rock
|switch|p1a: Jirachi|Jirachi|258\/342 slp
|
|turn|19
|
|cant|p1a: Jirachi|slp
|move|p2a: Red Ranger|Iron Head|p1a: Jirachi
|-resisted|p1a: Jirachi
|-damage|p1a: Jirachi|154\/342 slp
|-damage|p2a: Red Ranger|174\/272|[from] item: Life Orb
|
|turn|20
|
|move|p2a: Red Ranger|Sucker Punch|p1a: Jirachi
|-supereffective|p1a: Jirachi
|-damage|p1a: Jirachi|0 fnt
|-damage|p2a: Red Ranger|147\/272|[from] item: Life Orb
|faint|p1a: Jirachi
|
|
|switch|p1a: Terrakion|Terrakion|324\/324
|turn|21
|
|switch|p2a: Skarmory|Skarmory, F|256\/292
|-damage|p2a: Skarmory|220\/292|[from] Stealth Rock
|move|p1a: Terrakion|Close Combat|p2a: Skarmory
|-damage|p2a: Skarmory|10\/292
|-damage|p1a: Terrakion|270\/324|[from] item: Rocky Helmet|[of] p2a: Skarmory
|-unboost|p1a: Terrakion|def|1
|-unboost|p1a: Terrakion|spd|1
|
|turn|22
|
|move|p1a: Terrakion|Close Combat|p2a: Skarmory
|-damage|p2a: Skarmory|0 fnt
|-damage|p1a: Terrakion|216\/324|[from] item: Rocky Helmet|[of] p2a: Skarmory
|-unboost|p1a: Terrakion|def|1
|-unboost|p1a: Terrakion|spd|1
|faint|p2a: Skarmory
|
|
|switch|p2a: Red Ranger|Bisharp, M|147\/272
|-damage|p2a: Red Ranger|130\/272|[from] Stealth Rock
|turn|23
|
|move|p2a: Red Ranger|Sucker Punch|p1a: Terrakion
|-resisted|p1a: Terrakion
|-damage|p1a: Terrakion|0 fnt
|-damage|p2a: Red Ranger|103\/272|[from] item: Life Orb
|faint|p1a: Terrakion
|
|
|switch|p1a: Slowbro|Slowbro, F|394\/394
|turn|24
|
|detailschange|p1a: Slowbro|Slowbro-Mega, F
|-mega|p1a: Slowbro|Slowbro|Slowbronite
|move|p2a: Red Ranger|Knock Off|p1a: Slowbro
|-supereffective|p1a: Slowbro
|-damage|p1a: Slowbro|207\/394
|-damage|p2a: Red Ranger|76\/272|[from] item: Life Orb
|move|p1a: Slowbro|Thunder Wave|p2a: Red Ranger
|-status|p2a: Red Ranger|par
|
|turn|25
|
|move|p1a: Slowbro|Slack Off|p1a: Slowbro
|-heal|p1a: Slowbro|394\/394
|move|p2a: Red Ranger|Swords Dance|p2a: Red Ranger
|-boost|p2a: Red Ranger|atk|2
|
|turn|26
|
|move|p2a: Red Ranger|Sucker Punch|p1a: Slowbro
|-fail|p1a: Slowbro
|move|p1a: Slowbro|Slack Off|p1a: Slowbro
|-fail|p1a: Slowbro
|
|turn|27
|
|cant|p2a: Red Ranger|par
|move|p1a: Slowbro|Thunder Wave|p2a: Red Ranger
|-fail|p2a: Red Ranger|par
|
|turn|28
|
|move|p1a: Slowbro|Thunder Wave|p2a: Red Ranger
|-fail|p2a: Red Ranger|par
|move|p2a: Red Ranger|Knock Off|p1a: Slowbro
|-supereffective|p1a: Slowbro
|-damage|p1a: Slowbro|12\/394
|-damage|p2a: Red Ranger|49\/272 par|[from] item: Life Orb
|
|turn|29
|
|move|p1a: Slowbro|Slack Off|p1a: Slowbro
|-heal|p1a: Slowbro|209\/394
|cant|p2a: Red Ranger|par
|
|turn|30
|
|move|p1a: Slowbro|Slack Off|p1a: Slowbro
|-heal|p1a: Slowbro|394\/394
|cant|p2a: Red Ranger|par
|
|turn|31
|
|move|p2a: Red Ranger|Sucker Punch|p1a: Slowbro
|-fail|p1a: Slowbro
|move|p1a: Slowbro|Thunder Wave|p2a: Red Ranger
|-fail|p2a: Red Ranger|par
|
|turn|32
|
|move|p1a: Slowbro|Scald|p2a: Red Ranger
|-damage|p2a: Red Ranger|0 fnt
|faint|p2a: Red Ranger
|
|
|switch|p2a: Garchomp|Garchomp, M|336\/358
|-damage|p2a: Garchomp|314\/358|[from] Stealth Rock
|turn|33
|
|move|p2a: Garchomp|Outrage|p1a: Slowbro
|-damage|p1a: Slowbro|255\/394
|move|p1a: Slowbro|Scald|p2a: Garchomp
|-damage|p2a: Garchomp|137\/358
|
|turn|34
|
|move|p2a: Garchomp|Outrage|p1a: Slowbro
|-damage|p1a: Slowbro|107\/394
|move|p1a: Slowbro|Slack Off|p1a: Slowbro
|-heal|p1a: Slowbro|304\/394
|
|-end|p2a: Garchomp|rampage
|-start|p2a: Garchomp|confusion
|turn|35
|
|-activate|p2a: Garchomp|confusion
|move|p2a: Garchomp|Outrage|p1a: Slowbro
|-damage|p1a: Slowbro|175\/394
|move|p1a: Slowbro|Slack Off|p1a: Slowbro
|-heal|p1a: Slowbro|372\/394
|
|turn|36
|
|-activate|p2a: Garchomp|confusion
|-damage|p2a: Garchomp|83\/358|[from] confusion
|move|p1a: Slowbro|Slack Off|p1a: Slowbro
|-heal|p1a: Slowbro|394\/394
|
|-end|p2a: Garchomp|rampage
|turn|37
|
|-activate|p2a: Garchomp|confusion
|-damage|p2a: Garchomp|23\/358|[from] confusion
|move|p1a: Slowbro|Scald|p2a: Garchomp
|-damage|p2a: Garchomp|0 fnt
|faint|p2a: Garchomp
|
|c|âForgottenGreninja|gg
|-message|LookingForTheBest forfeited.
|
|win|ForgottenGreninja
|raw|Ladder updating...
|leave|LookingForTheBest
|player|p2
|raw|ForgottenGreninja's rating: 1637 &rarr; <strong>1650<\/strong><br \/>(+13 for winning)
|raw|LookingForTheBest's rating: 1500 &rarr; <strong>1488<\/strong><br \/>(-12 for losing)