|join|pleasebegood
|join|ForgottenGreninja
|player|p1|pleasebegood|129
|player|p2|ForgottenGreninja|169
|gametype|singles
|gen|6
|tier|OU
|rated
|clearpoke
|poke|p1|Politoed, F
|poke|p1|Swampert, M
|poke|p1|Celebi
|poke|p1|Manaphy
|poke|p1|Klefki, F
|poke|p1|Magnezone, shiny
|poke|p2|Gyarados, M
|poke|p2|Victini
|poke|p2|Slowbro, F
|poke|p2|Azelf
|poke|p2|Landorus-Therian, M
|poke|p2|Conkeldurr, M
|rule|Swagger Clause: Swagger is banned
|rule|Baton Pass Clause: Limit one PokÃ©mon knowing Baton Pass
|rule|Sleep Clause Mod: Limit one foe put to sleep
|rule|Species Clause: Limit one of each PokÃ©mon
|rule|OHKO Clause: OHKO moves are banned
|rule|Moody Clause: Moody is banned
|rule|Evasion Moves Clause: Evasion moves are banned
|rule|Endless Battle Clause: Forcing endless battles is banned
|rule|HP Percentage Mod: HP is shown in percentages
|teampreview
|
|start
|switch|p1a: Klefki|Klefki, F|318\/318
|switch|p2a: Azelf|Azelf|292\/292
|turn|1
|
|move|p1a: Klefki|Reflect|p1a: Klefki
|-sidestart|p1: pleasebegood|Reflect
|move|p2a: Azelf|Taunt|p1a: Klefki
|-start|p1a: Klefki|move: Taunt
|
|turn|2
|
|move|p2a: Azelf|Stealth Rock|p1a: Klefki
|-sidestart|p1: pleasebegood|move: Stealth Rock
|move|p1a: Klefki|Foul Play|p2a: Azelf
|-supereffective|p2a: Azelf
|-enditem|p2a: Azelf|Focus Sash
|-damage|p2a: Azelf|1\/292
|
|turn|3
|
|move|p2a: Azelf|Knock Off|p1a: Klefki
|-resisted|p1a: Klefki
|-damage|p1a: Klefki|299\/318
|-enditem|p1a: Klefki|Light Clay|[from] move: Knock Off|[of] p2a: Azelf
|move|p1a: Klefki|Foul Play|p2a: Azelf
|-crit|p2a: Azelf
|-supereffective|p2a: Azelf
|-damage|p2a: Azelf|0 fnt
|faint|p2a: Azelf
|
|
|switch|p2a: Gyarados|Gyarados, M|353\/353
|turn|4
|
|detailschange|p2a: Gyarados|Gyarados-Mega, M
|-mega|p2a: Gyarados|Gyarados|Gyaradosite
|-ability|p2a: Gyarados|Mold Breaker
|move|p2a: Gyarados|Substitute|p2a: Gyarados
|-start|p2a: Gyarados|Substitute
|-damage|p2a: Gyarados|265\/353
|move|p1a: Klefki|Foul Play|p2a: Gyarados
|-resisted|p2a: Gyarados
|-activate|p2a: Gyarados|Substitute|[damage]
|
|-end|p1a: Klefki|move: Taunt
|turn|5
|
|move|p2a: Gyarados|Waterfall|p1a: Klefki
|-damage|p1a: Klefki|233\/318
|cant|p1a: Klefki|flinch
|
|turn|6
|
|move|p2a: Gyarados|Waterfall|p1a: Klefki
|-damage|p1a: Klefki|167\/318
|move|p1a: Klefki|Foul Play|p2a: Gyarados
|-resisted|p2a: Gyarados
|-end|p2a: Gyarados|Substitute
|
|turn|7
|
|switch|p2a: Landorus-Therian|Landorus-Therian, M|320\/320
|-ability|p2a: Landorus-Therian|Intimidate|[of] p1a: Klefki
|-unboost|p1a: Klefki|atk|1
|move|p1a: Klefki|Thunder Wave|p2a: Landorus-Therian
|-immune|p2a: Landorus-Therian|[msg]
|
|turn|8
|
|move|p2a: Landorus-Therian|Earthquake|p1a: Klefki
|-supereffective|p1a: Klefki
|-damage|p1a: Klefki|8\/318
|move|p1a: Klefki|Foul Play|p2a: Landorus-Therian
|-damage|p2a: Landorus-Therian|166\/320
|
|-sideend|p1: pleasebegood|Reflect
|turn|9
|
|move|p1a: Klefki|Reflect|p1a: Klefki
|-sidestart|p1: pleasebegood|Reflect
|move|p2a: Landorus-Therian|Earthquake|p1a: Klefki
|-supereffective|p1a: Klefki
|-damage|p1a: Klefki|0 fnt
|faint|p1a: Klefki
|
|
|switch|p1a: Manaphy|Manaphy|404\/404
|-damage|p1a: Manaphy|354\/404|[from] Stealth Rock
|turn|10
|
|switch|p2a: Victini|Victini|341\/341
|move|p1a: Manaphy|Scald|p2a: Victini
|-supereffective|p2a: Victini
|-damage|p2a: Victini|95\/341
|
|-heal|p1a: Manaphy|379\/404|[from] item: Leftovers
|turn|11
|
|move|p2a: Victini|Thunderbolt|p1a: Manaphy
|-supereffective|p1a: Manaphy
|-damage|p1a: Manaphy|163\/404
|move|p1a: Manaphy|Scald|p2a: Victini
|-supereffective|p2a: Victini
|-damage|p2a: Victini|0 fnt
|faint|p2a: Victini
|
|-heal|p1a: Manaphy|188\/404|[from] item: Leftovers
|
|switch|p2a: Gyarados|Gyarados-Mega, M|265\/353
|-ability|p2a: Gyarados|Mold Breaker
|turn|12
|
|move|p2a: Gyarados|Dragon Dance|p2a: Gyarados
|-boost|p2a: Gyarados|atk|1
|-boost|p2a: Gyarados|spe|1
|move|p1a: Manaphy|Scald|p2a: Gyarados
|-resisted|p2a: Gyarados
|-damage|p2a: Gyarados|211\/353
|
|-heal|p1a: Manaphy|213\/404|[from] item: Leftovers
|turn|13
|
|move|p2a: Gyarados|Substitute|p2a: Gyarados
|-start|p2a: Gyarados|Substitute
|-damage|p2a: Gyarados|123\/353
|move|p1a: Manaphy|Scald|p2a: Gyarados
|-resisted|p2a: Gyarados
|-activate|p2a: Gyarados|Substitute|[damage]
|
|-heal|p1a: Manaphy|238\/404|[from] item: Leftovers
|-sideend|p1: pleasebegood|Reflect
|turn|14
|
|switch|p1a: Ollie|Politoed, F|384\/384
|-damage|p1a: Ollie|336\/384|[from] Stealth Rock
|-weather|RainDance
|move|p2a: Gyarados|Dragon Dance|p2a: Gyarados
|-boost|p2a: Gyarados|atk|1
|-boost|p2a: Gyarados|spe|1
|
|-weather|RainDance|[upkeep]
|turn|15
|
|move|p2a: Gyarados|Crunch|p1a: Ollie
|-damage|p1a: Ollie|0 fnt
|faint|p1a: Ollie
|
|-weather|RainDance|[upkeep]
|-message|pleasebegood forfeited.
|
|win|ForgottenGreninja
|raw|Ladder updating...
|raw|pleasebegood's rating: 1372 &rarr; <strong>1347<\/strong><br \/>(-25 for losing)
|raw|ForgottenGreninja's rating: 1288 &rarr; <strong>1319<\/strong><br \/>(+31 for winning)
|leave|pleasebegood
|player|p1