|join|tsukasa7
|join|One-TeD
|player|p1|tsukasa7|1
|player|p2|One-TeD|92
|gametype|singles
|tier|OU
|rated
|rule|Evasion Abilities Clause: Evasion abilities are banned
|clearpoke
|poke|p1|Keldeo
|poke|p1|Skarmory, M
|poke|p1|Latios, M, shiny
|poke|p1|Kyurem-Black
|poke|p1|Mamoswine, F
|poke|p1|Magnezone
|poke|p2|Tyranitar, F
|poke|p2|Landorus-Therian, M
|poke|p2|Rotom-Wash
|poke|p2|Scizor, M
|poke|p2|Tentacruel, M
|poke|p2|Alakazam, M
|rule|Sleep Clause Mod: Limit one foe put to sleep
|rule|Species Clause: Limit one of each Pokemon
|rule|OHKO Clause: OHKO moves are banned
|rule|Moody Clause: Moody is banned
|rule|Evasion Moves Clause: Evasion moves are banned
|rule|HP Percentage Mod: HP is reported as percentages
|teampreview
|callback|decision
|join|Rafa Lucario99
|
|start
|switch|p1a: Skarmory|Skarmory, M|271\/271
|switch|p2a: Gum Gum'|Rotom-Wash|303\/303
|turn|1
|callback|decision
|
|move|p1a: Skarmory|Stealth Rock|p2a: Gum Gum'
|-sidestart|p2: One-TeD|move: Stealth Rock
|move|p2a: Gum Gum'|Will-O-Wisp|p1a: Skarmory
|-status|p1a: Skarmory|brn
|
|-damage|p1a: Skarmory|238\/271 brn|[from] brn
|turn|2
|callback|decision
|
|switch|p2a: Doku Doku'|Tentacruel, M|364\/364
|-damage|p2a: Doku Doku'|319\/364|[from] Stealth Rock
|move|p1a: Skarmory|Spikes|p2a: Doku Doku'
|-sidestart|p2: One-TeD|Spikes
|
|-heal|p2a: Doku Doku'|341\/364|[from] item: Black Sludge
|-damage|p1a: Skarmory|205\/271 brn|[from] brn
|turn|3
|callback|decision
|
|switch|p1a: Kyurem-Black|Kyurem-Black|391\/391
|-ability|p1a: Kyurem-Black|Teravolt
|move|p2a: Doku Doku'|Rapid Spin|p1a: Kyurem-Black
|-damage|p1a: Kyurem-Black|379\/391
|-sideend|p2: One-TeD|Spikes|[from] move: Rapid Spin|[of] p2a: Doku Doku'
|-sideend|p2: One-TeD|Stealth Rock|[from] move: Rapid Spin|[of] p2a: Doku Doku'
|
|-heal|p2a: Doku Doku'|363\/364|[from] item: Black Sludge
|turn|4
|callback|decision
|
|switch|p2a: Toge Toge'|Tyranitar, F|342\/342
|-weather|Sandstorm|[from] ability: Sand Stream|[of] p2a: Toge Toge'
|move|p1a: Kyurem-Black|Fusion Bolt|p2a: Toge Toge'
|-damage|p2a: Toge Toge'|187\/342
|-damage|p1a: Kyurem-Black|340\/391|[from] item: Life Orb
|
|-weather|Sandstorm|[upkeep]
|-damage|p1a: Kyurem-Black|316\/391|[from] sandstorm
|turn|5
|callback|decision
|
|switch|p1a: Skarmory|Skarmory, M|205\/271 brn
|move|p2a: Toge Toge'|Superpower|p1a: Skarmory
|-damage|p1a: Skarmory|102\/271 brn
|-unboost|p2a: Toge Toge'|atk|1
|-unboost|p2a: Toge Toge'|def|1
|
|-weather|Sandstorm|[upkeep]
|-damage|p1a: Skarmory|69\/271 brn|[from] brn
|turn|6
|callback|decision
|
|move|p2a: Toge Toge'|Superpower|p1a: Skarmory
|-damage|p1a: Skarmory|0 fnt
|-unboost|p2a: Toge Toge'|atk|1
|-unboost|p2a: Toge Toge'|def|1
|faint|p1a: Skarmory
|
|-weather|Sandstorm|[upkeep]
|callback|decision
|
|switch|p1a: Latios|Latios, M, shiny|301\/301
|turn|7
|callback|decision
|
|switch|p2a: Doku Doku'|Tentacruel, M|363\/364
|move|p1a: Latios|Draco Meteor|p2a: Doku Doku'
|-damage|p2a: Doku Doku'|66\/364
|-unboost|p1a: Latios|spa|2
|
|-weather|Sandstorm|[upkeep]
|-damage|p1a: Latios|283\/301|[from] sandstorm
|-damage|p2a: Doku Doku'|44\/364|[from] sandstorm
|-heal|p2a: Doku Doku'|66\/364|[from] item: Black Sludge
|turn|8
|callback|decision
|
|switch|p1a: Keldeo|Keldeo|324\/324
|move|p2a: Doku Doku'|Toxic|p1a: Keldeo
|-status|p1a: Keldeo|tox
|
|-weather|Sandstorm|[upkeep]
|-damage|p1a: Keldeo|304\/324 tox|[from] sandstorm
|-damage|p2a: Doku Doku'|44\/364|[from] sandstorm
|-heal|p1a: Keldeo|324\/324 tox|[from] item: Leftovers
|-heal|p2a: Doku Doku'|66\/364|[from] item: Black Sludge
|-damage|p1a: Keldeo|304\/324 tox|[from] psn
|turn|9
|callback|decision
|
|move|p2a: Doku Doku'|Protect|p2a: Doku Doku'
|-singleturn|p2a: Doku Doku'|Protect
|move|p1a: Keldeo|Secret Sword|p2a: Doku Doku'
|-activate|p2a: Doku Doku'|Protect
|
|-weather|Sandstorm|[upkeep]
|-damage|p1a: Keldeo|284\/324 tox|[from] sandstorm
|-damage|p2a: Doku Doku'|44\/364|[from] sandstorm
|-heal|p1a: Keldeo|304\/324 tox|[from] item: Leftovers
|-heal|p2a: Doku Doku'|66\/364|[from] item: Black Sludge
|-damage|p1a: Keldeo|264\/324 tox|[from] psn
|turn|10
|callback|decision
|
|move|p1a: Keldeo|Secret Sword|p2a: Doku Doku'
|-resisted|p2a: Doku Doku'
|-damage|p2a: Doku Doku'|0 fnt
|faint|p2a: Doku Doku'
|
|-weather|Sandstorm|[upkeep]
|-damage|p1a: Keldeo|244\/324 tox|[from] sandstorm
|-heal|p1a: Keldeo|264\/324 tox|[from] item: Leftovers
|-damage|p1a: Keldeo|204\/324 tox|[from] psn
|callback|decision
|
|switch|p2a: Hana Hana'|Alakazam, M|252\/252
|turn|11
|callback|decision
|
|move|p2a: Hana Hana'|Psyshock|p1a: Keldeo
|-supereffective|p1a: Keldeo
|-damage|p1a: Keldeo|0 fnt
|faint|p1a: Keldeo
|
|-weather|Sandstorm|[upkeep]
|callback|decision
|
|switch|p1a: Latios|Latios, M, shiny|283\/301
|turn|12
|callback|decision
|
|switch|p2a: Supa Supa'|Scizor, M|282\/282
|move|p1a: Latios|Surf|p2a: Supa Supa'
|-damage|p2a: Supa Supa'|61\/282
|
|-weather|Sandstorm|[upkeep]
|-damage|p1a: Latios|265\/301|[from] sandstorm
|turn|13
|callback|decision
|
|switch|p2a: Gum Gum'|Rotom-Wash|303\/303
|move|p1a: Latios|Surf|p2a: Gum Gum'
|-resisted|p2a: Gum Gum'
|-damage|p2a: Gum Gum'|248\/303
|
|-weather|Sandstorm|[upkeep]
|-damage|p1a: Latios|247\/301|[from] sandstorm
|-damage|p2a: Gum Gum'|230\/303|[from] sandstorm
|-heal|p2a: Gum Gum'|248\/303|[from] item: Leftovers
|turn|14
|callback|decision
|
|switch|p1a: Magnezone|Magnezone|282\/282
|move|p2a: Gum Gum'|Will-O-Wisp|p1a: Magnezone
|-status|p1a: Magnezone|brn
|
|-weather|Sandstorm|[upkeep]
|-damage|p2a: Gum Gum'|230\/303|[from] sandstorm
|-heal|p2a: Gum Gum'|248\/303|[from] item: Leftovers
|-damage|p1a: Magnezone|247\/282 brn|[from] brn
|turn|15
|callback|decision
|
|switch|p1a: Mamoswine|Mamoswine, F|361\/361
|move|p2a: Gum Gum'|Volt Switch|p1a: Mamoswine
|-immune|p1a: Mamoswine|[msg]
|
|-weather|Sandstorm|[upkeep]
|-damage|p2a: Gum Gum'|230\/303|[from] sandstorm
|-heal|p2a: Gum Gum'|248\/303|[from] item: Leftovers
|turn|16
|callback|decision
|leave|Rafa Lucario99
|
|switch|p1a: Magnezone|Magnezone|247\/282 brn
|move|p2a: Gum Gum'|Will-O-Wisp|p1a: Magnezone|[miss]
|-miss|p2a: Gum Gum'|p1a: Magnezone
|
|-weather|Sandstorm|[upkeep]
|-damage|p2a: Gum Gum'|230\/303|[from] sandstorm
|-heal|p2a: Gum Gum'|248\/303|[from] item: Leftovers
|-damage|p1a: Magnezone|212\/282 brn|[from] brn
|turn|17
|callback|decision
|
|move|p1a: Magnezone|Thunderbolt|p2a: Gum Gum'
|-damage|p2a: Gum Gum'|83\/303
|move|p2a: Gum Gum'|Hydro Pump|p1a: Magnezone
|-damage|p1a: Magnezone|40\/282 brn
|
|-weather|Sandstorm|[upkeep]
|-damage|p2a: Gum Gum'|65\/303|[from] sandstorm
|-heal|p2a: Gum Gum'|83\/303|[from] item: Leftovers
|-damage|p1a: Magnezone|5\/282 brn|[from] brn
|turn|18
|callback|decision
|
|switch|p2a: Suna Suna'|Landorus-Therian, M|369\/369
|-ability|p2a: Suna Suna'|Intimidate|[of] p1a: Magnezone
|-unboost|p1a: Magnezone|atk|1
|move|p1a: Magnezone|Thunderbolt|p2a: Suna Suna'
|-immune|p2a: Suna Suna'|[msg]
|
|-weather|Sandstorm|[upkeep]
|-damage|p1a: Magnezone|0 fnt|[from] brn
|faint|p1a: Magnezone
|callback|decision
|
|switch|p1a: Kyurem-Black|Kyurem-Black|316\/391
|-ability|p1a: Kyurem-Black|Teravolt
|turn|19
|callback|decision
|
|move|p1a: Kyurem-Black|Ice Beam|p2a: Suna Suna'
|-supereffective|p2a: Suna Suna'
|-damage|p2a: Suna Suna'|0 fnt
|-damage|p1a: Kyurem-Black|277\/391|[from] item: Life Orb
|faint|p2a: Suna Suna'
|
|-weather|Sandstorm|[upkeep]
|-damage|p1a: Kyurem-Black|253\/391|[from] sandstorm
|callback|decision
|
|switch|p2a: Supa Supa'|Scizor, M|61\/282
|turn|20
|callback|decision
|
|move|p2a: Supa Supa'|Bullet Punch|p1a: Kyurem-Black
|-crit|p1a: Kyurem-Black
|-supereffective|p1a: Kyurem-Black
|-damage|p1a: Kyurem-Black|0 fnt
|faint|p1a: Kyurem-Black
|
|-weather|Sandstorm|[upkeep]
|callback|decision
|
|switch|p1a: Mamoswine|Mamoswine, F|361\/361
|turn|21
|callback|decision
|
|move|p1a: Mamoswine|Ice Shard|p2a: Supa Supa'
|-resisted|p2a: Supa Supa'
|-damage|p2a: Supa Supa'|16\/282
|-damage|p1a: Mamoswine|325\/361|[from] item: Life Orb
|move|p2a: Supa Supa'|Bullet Punch|p1a: Mamoswine
|-supereffective|p1a: Mamoswine
|-damage|p1a: Mamoswine|0 fnt
|faint|p1a: Mamoswine
|
|-weather|Sandstorm|[upkeep]
|callback|decision
|
|switch|p1a: Latios|Latios, M, shiny|247\/301
|turn|22
|callback|decision
|
|move|p2a: Supa Supa'|Bullet Punch|p1a: Latios
|-damage|p1a: Latios|28\/301
|move|p1a: Latios|Psyshock|p2a: Supa Supa'
|-resisted|p2a: Supa Supa'
|-damage|p2a: Supa Supa'|0 fnt
|faint|p2a: Supa Supa'
|
|-weather|Sandstorm|[upkeep]
|-damage|p1a: Latios|10\/301|[from] sandstorm
|callback|decision
|-message|tsukasa7 forfeited.
|
|win|One-TeD
|raw|Ladder updating...
|leave|tsukasa7
|player|p1
|raw|tsukasa7's rating: 1758 &rarr; <strong>1755<\/strong><br \/>(-3 for losing)
|raw|One-TeD's rating: 1875 &rarr; <strong>1877<\/strong><br \/>(+2 for winning)