|join|tsukasa7
|join|RMJCDC
|player|p1|tsukasa7|266
|player|p2|RMJCDC|101
|gametype|singles
|tier|OU
|rated
|rule|Evasion Abilities Clause: Evasion abilities are banned
|clearpoke
|poke|p1|Keldeo
|poke|p1|Skarmory, M
|poke|p1|Latios, M, shiny
|poke|p1|Kyurem-Black
|poke|p1|Mamoswine, F
|poke|p1|Terrakion
|poke|p2|Donphan, F, shiny
|poke|p2|Porygon2, shiny
|poke|p2|Golurk
|poke|p2|Volcarona, M
|poke|p2|Scrafty, M
|poke|p2|Breloom, F, shiny
|rule|Sleep Clause Mod: Limit one foe put to sleep
|rule|Species Clause: Limit one of each Pokemon
|rule|OHKO Clause: OHKO moves are banned
|rule|Moody Clause: Moody is banned
|rule|Evasion Moves Clause: Evasion moves are banned
|rule|HP Percentage Mod: HP is reported as percentages
|teampreview
|callback|decision
|chat|RMJCDC|gl hf :3
|
|start
|switch|p1a: Skarmory|Skarmory, M|271\/271
|switch|p2a: Phanfare|Donphan, F, shiny|384\/384
|turn|1
|callback|decision
|
|switch|p1a: Keldeo|Keldeo|324\/324
|switch|p2a: Pyromania|Volcarona, M|351\/351
|
|turn|2
|callback|decision
|
|switch|p2a: BriBri|Breloom, F, shiny|264\/264
|move|p1a: Keldeo|Hydro Pump|p2a: BriBri
|-resisted|p2a: BriBri
|-damage|p2a: BriBri|99\/264
|
|-activate|p2a: BriBri|item: Toxic Orb
|-status|p2a: BriBri|tox
|turn|3
|callback|decision
|
|move|p1a: Keldeo|Hydro Pump|p2a: BriBri|[miss]
|-miss|p1a: Keldeo|p2a: BriBri
|move|p2a: BriBri|Spore|p1a: Keldeo
|-status|p1a: Keldeo|slp
|
|-heal|p2a: BriBri|132\/264 tox|[from] ability: Poison Heal
|turn|4
|callback|decision
|
|switch|p1a: Latios|Latios, M, shiny|301\/301
|move|p2a: BriBri|Substitute|p2a: BriBri
|-start|p2a: BriBri|Substitute
|-damage|p2a: BriBri|66\/264 tox
|
|-heal|p2a: BriBri|99\/264 tox|[from] ability: Poison Heal
|turn|5
|callback|decision
|
|-singleturn|p2a: BriBri|move: Focus Punch
|move|p1a: Latios|Psyshock|p2a: BriBri
|-supereffective|p2a: BriBri
|-end|p2a: BriBri|Substitute
|move|p2a: BriBri|Focus Punch|p1a: Latios
|-crit|p1a: Latios
|-resisted|p1a: Latios
|-damage|p1a: Latios|0 fnt
|faint|p1a: Latios
|
|-heal|p2a: BriBri|132\/264 tox|[from] ability: Poison Heal
|callback|decision
|chat|RMJCDC|well...that was lucky
|
|switch|p1a: Kyurem-Black|Kyurem-Black|391\/391
|-ability|p1a: Kyurem-Black|Teravolt
|turn|6
|callback|decision
|
|move|p1a: Kyurem-Black|Ice Beam|p2a: BriBri
|-supereffective|p2a: BriBri
|-damage|p2a: BriBri|0 fnt
|-damage|p1a: Kyurem-Black|352\/391|[from] item: Life Orb
|faint|p2a: BriBri
|
|callback|decision
|
|switch|p2a: Pyromania|Volcarona, M|351\/351
|turn|7
|callback|decision
|
|move|p1a: Kyurem-Black|Outrage|p2a: Pyromania
|-damage|p2a: Pyromania|0 fnt
|-status|p1a: Kyurem-Black|brn
|-damage|p1a: Kyurem-Black|313\/391 brn|[from] item: Life Orb
|faint|p2a: Pyromania
|
|-damage|p1a: Kyurem-Black|265\/391 brn|[from] brn
|callback|decision
|chat|RMJCDC|:D
|
|switch|p2a: BX Lizard|Scrafty, M|272\/272
|turn|8
|callback|decision
|
|move|p1a: Kyurem-Black|Outrage|p2a: BX Lizard
|-damage|p2a: BX Lizard|137\/272
|-damage|p1a: Kyurem-Black|226\/391 brn|[from] item: Life Orb
|move|p2a: BX Lizard|Dragon Dance|p2a: BX Lizard
|-boost|p2a: BX Lizard|atk|1
|-boost|p2a: BX Lizard|spe|1
|
|-end|p1a: Kyurem-Black|rampage
|-start|p1a: Kyurem-Black|confusion
|-heal|p2a: BX Lizard|154\/272|[from] item: Leftovers
|-damage|p1a: Kyurem-Black|178\/391 brn|[from] brn
|turn|9
|callback|decision
|
|move|p2a: BX Lizard|Dragon Dance|p2a: BX Lizard
|-boost|p2a: BX Lizard|atk|1
|-boost|p2a: BX Lizard|spe|1
|-activate|p1a: Kyurem-Black|confusion
|move|p1a: Kyurem-Black|Ice Beam|p2a: BX Lizard
|-damage|p2a: BX Lizard|0 fnt
|-damage|p1a: Kyurem-Black|139\/391 brn|[from] item: Life Orb
|faint|p2a: BX Lizard
|
|-damage|p1a: Kyurem-Black|91\/391 brn|[from] brn
|callback|decision
|
|switch|p2a: Phanfare|Donphan, F, shiny|384\/384
|turn|10
|callback|decision
|
|-activate|p1a: Kyurem-Black|confusion
|-damage|p1a: Kyurem-Black|51\/391 brn
|move|p2a: Phanfare|Earthquake|p1a: Kyurem-Black
|-crit|p1a: Kyurem-Black
|-damage|p1a: Kyurem-Black|0 fnt
|faint|p1a: Kyurem-Black
|
|callback|decision
|
|switch|p1a: Keldeo|Keldeo|324\/324 slp
|turn|11
|callback|decision
|
|cant|p1a: Keldeo|slp
|move|p2a: Phanfare|Earthquake|p1a: Keldeo
|-damage|p1a: Keldeo|177\/324 slp
|
|-heal|p1a: Keldeo|197\/324 slp|[from] item: Leftovers
|turn|12
|callback|decision
|
|cant|p1a: Keldeo|slp
|move|p2a: Phanfare|Earthquake|p1a: Keldeo
|-damage|p1a: Keldeo|46\/324 slp
|
|-heal|p1a: Keldeo|66\/324 slp|[from] item: Leftovers
|turn|13
|callback|decision
|
|cant|p1a: Keldeo|slp
|move|p2a: Phanfare|Earthquake|p1a: Keldeo
|-damage|p1a: Keldeo|0 fnt
|faint|p1a: Keldeo
|
|callback|decision
|
|switch|p1a: Mamoswine|Mamoswine, F|361\/361
|turn|14
|callback|decision
|
|move|p1a: Mamoswine|Icicle Crash|p2a: Phanfare|[miss]
|-miss|p1a: Mamoswine|p2a: Phanfare
|move|p2a: Phanfare|Earthquake|p1a: Mamoswine
|-damage|p1a: Mamoswine|196\/361
|
|turn|15
|callback|decision
|
|move|p1a: Mamoswine|Icicle Crash|p2a: Phanfare
|-supereffective|p2a: Phanfare
|-damage|p2a: Phanfare|112\/384
|-damage|p1a: Mamoswine|160\/361|[from] item: Life Orb
|move|p2a: Phanfare|Earthquake|p1a: Mamoswine
|-damage|p1a: Mamoswine|6\/361
|
|-heal|p2a: Phanfare|136\/384|[from] item: Leftovers
|turn|16
|callback|decision
|
|switch|p1a: Skarmory|Skarmory, M|271\/271
|move|p2a: Phanfare|Ice Shard|p1a: Skarmory
|-crit|p1a: Skarmory
|-damage|p1a: Skarmory|217\/271
|
|-heal|p2a: Phanfare|160\/384|[from] item: Leftovers
|turn|17
|callback|decision
|
|switch|p2a: Digi-Duck|Porygon2, shiny|374\/374
|-ability|p2a: Digi-Duck|Sturdy|[from] ability: Trace|[of] p1a: Skarmory
|move|p1a: Skarmory|Brave Bird|p2a: Digi-Duck
|-damage|p2a: Digi-Duck|284\/374
|-damage|p1a: Skarmory|187\/271|[from] recoil|[of] p2a: Digi-Duck
|
|turn|18
|callback|decision
|
|move|p1a: Skarmory|Stealth Rock|p2a: Digi-Duck
|-sidestart|p2: RMJCDC|move: Stealth Rock
|move|p2a: Digi-Duck|Recover|p2a: Digi-Duck
|-heal|p2a: Digi-Duck|374\/374
|
|turn|19
|callback|decision
|
|move|p1a: Skarmory|Spikes|p2a: Digi-Duck
|-sidestart|p2: RMJCDC|Spikes
|move|p2a: Digi-Duck|Discharge|p1a: Skarmory
|-supereffective|p1a: Skarmory
|-damage|p1a: Skarmory|15\/271
|
|turn|20
|callback|decision
|-enditem|p1a: Skarmory|Custap Berry|[eat]
|-activate|p1a: Skarmory|Custap Berry
|
|move|p1a: Skarmory|Brave Bird|p2a: Digi-Duck
|-damage|p2a: Digi-Duck|292\/374
|-damage|p1a: Skarmory|0 fnt|[from] recoil|[of] p2a: Digi-Duck
|faint|p1a: Skarmory
|move|p2a: Digi-Duck|Ice Beam|p1: Skarmory|[notarget]
|-notarget
|
|callback|decision
|
|switch|p1a: Terrakion|Terrakion|324\/324
|turn|21
|callback|decision
|
|move|p1a: Terrakion|Stone Edge|p2a: Digi-Duck
|-crit|p2a: Digi-Duck
|-damage|p2a: Digi-Duck|99\/374
|move|p2a: Digi-Duck|Toxic|p1a: Terrakion
|-status|p1a: Terrakion|tox
|
|-damage|p1a: Terrakion|304\/324 tox|[from] psn
|turn|22
|callback|decision
|
|move|p1a: Terrakion|Stone Edge|p2a: Digi-Duck
|-damage|p2a: Digi-Duck|0 fnt
|faint|p2a: Digi-Duck
|
|-damage|p1a: Terrakion|264\/324 tox|[from] psn
|callback|decision
|
|switch|p2a: Phanfare|Donphan, F, shiny|160\/384
|-damage|p2a: Phanfare|136\/384|[from] Stealth Rock
|-damage|p2a: Phanfare|88\/384|[from] Spikes
|turn|23
|callback|decision
|
|move|p1a: Terrakion|Stone Edge|p2a: Phanfare
|-resisted|p2a: Phanfare
|-damage|p2a: Phanfare|26\/384
|move|p2a: Phanfare|Rapid Spin|p1a: Terrakion
|-resisted|p1a: Terrakion
|-damage|p1a: Terrakion|253\/324 tox
|-sideend|p2: RMJCDC|Spikes|[from] move: Rapid Spin|[of] p2a: Phanfare
|-sideend|p2: RMJCDC|Stealth Rock|[from] move: Rapid Spin|[of] p2a: Phanfare
|
|-heal|p2a: Phanfare|50\/384|[from] item: Leftovers
|-damage|p1a: Terrakion|193\/324 tox|[from] psn
|turn|24
|callback|decision
|
|move|p1a: Terrakion|Stone Edge|p2a: Phanfare
|-resisted|p2a: Phanfare
|-damage|p2a: Phanfare|0 fnt
|faint|p2a: Phanfare
|
|-damage|p1a: Terrakion|113\/324 tox|[from] psn
|callback|decision
|
|switch|p2a: Ghost Gardna|Golurk|382\/382
|turn|25
|callback|decision
|
|move|p1a: Terrakion|Stone Edge|p2a: Ghost Gardna
|-resisted|p2a: Ghost Gardna
|-damage|p2a: Ghost Gardna|304\/382
|move|p2a: Ghost Gardna|Stealth Rock|p1a: Terrakion
|-sidestart|p1: tsukasa7|move: Stealth Rock
|
|-heal|p2a: Ghost Gardna|327\/382|[from] item: Leftovers
|-damage|p1a: Terrakion|13\/324 tox|[from] psn
|turn|26
|callback|decision
|chat|RMJCDC|gg
|
|move|p1a: Terrakion|Stone Edge|p2a: Ghost Gardna
|-resisted|p2a: Ghost Gardna
|-damage|p2a: Ghost Gardna|254\/382
|move|p2a: Ghost Gardna|Shadow Punch|p1a: Terrakion
|-crit|p1a: Terrakion
|-damage|p1a: Terrakion|0 fnt
|faint|p1a: Terrakion
|
|-heal|p2a: Ghost Gardna|277\/382|[from] item: Leftovers
|callback|decision
|-message|tsukasa7 forfeited.
|
|win|RMJCDC
|raw|Ladder updating...
|raw|tsukasa7's rating: 1727 &rarr; <strong>1718<\/strong><br \/>(-9 for losing)
|raw|RMJCDC's rating: 1542 &rarr; <strong>1553<\/strong><br \/>(+11 for winning)
|leave|tsukasa7
|player|p1