|join|Aka DH
|join|Yat
|player|p1|Aka DH|68
|player|p2|Yat|2
|gametype|singles
|gen|6
|tier|OU
|rated
|clearpoke
|poke|p1|Bisharp, M
|poke|p1|Venusaur, M
|poke|p1|Heatran, F
|poke|p1|Keldeo
|poke|p1|Chansey, F
|poke|p1|Skarmory, F
|poke|p2|Lopunny, F
|poke|p2|Keldeo-Resolute
|poke|p2|Celebi
|poke|p2|Landorus-Therian, M
|poke|p2|Empoleon, M
|poke|p2|Tyranitar, M
|rule|Swagger Clause: Swagger is banned
|rule|Baton Pass Clause: Limit one PokÃ©mon knowing Baton Pass
|rule|Sleep Clause Mod: Limit one foe put to sleep
|rule|Species Clause: Limit one of each PokÃ©mon
|rule|OHKO Clause: OHKO moves are banned
|rule|Moody Clause: Moody is banned
|rule|Evasion Moves Clause: Evasion moves are banned
|rule|Endless Battle Clause: Forcing endless battles is banned
|rule|HP Percentage Mod: HP is shown in percentages
|teampreview
|
|start
|switch|p1a: Nice try hacker|Keldeo|323\/323
|switch|p2a: Lopunny|Lopunny, F|271\/271
|turn|1
|
|switch|p1a: Nice try hacker|Skarmory, F|334\/334
|switch|p2a: Empoleon|Empoleon, M|372\/372
|
|turn|2
|
|switch|p1a: Nice try hacker|Keldeo|323\/323
|move|p2a: Empoleon|Stealth Rock|p1a: Nice try hacker
|-sidestart|p1: Aka DH|move: Stealth Rock
|
|turn|3
|
|switch|p1a: Nice try hacker|Bisharp, M|334\/334
|-damage|p1a: Nice try hacker|314\/334|[from] Stealth Rock
|switch|p2a: Celebi|Celebi|403\/403
|
|-heal|p1a: Nice try hacker|334\/334|[from] item: Leftovers
|turn|4
|
|switch|p2a: Keldeo-Resolute|Keldeo-Resolute|323\/323
|move|p1a: Nice try hacker|Iron Head|p2a: Keldeo-Resolute
|-resisted|p2a: Keldeo-Resolute
|-damage|p2a: Keldeo-Resolute|234\/323
|
|-heal|p2a: Keldeo-Resolute|254\/323|[from] item: Leftovers
|turn|5
|
|switch|p1a: Nice try hacker|Venusaur, M|364\/364
|-damage|p1a: Nice try hacker|319\/364|[from] Stealth Rock
|move|p2a: Keldeo-Resolute|Scald|p1a: Nice try hacker
|-resisted|p1a: Nice try hacker
|-damage|p1a: Nice try hacker|244\/364
|-status|p1a: Nice try hacker|brn
|
|-heal|p2a: Keldeo-Resolute|274\/323|[from] item: Leftovers
|-damage|p1a: Nice try hacker|199\/364 brn|[from] brn
|turn|6
|
|switch|p2a: Tyranitar|Tyranitar, M|403\/403
|-weather|Sandstorm
|detailschange|p1a: Nice try hacker|Venusaur-Mega, M
|-mega|p1a: Nice try hacker|Venusaur|Venusaurite
|move|p1a: Nice try hacker|Synthesis|p1a: Nice try hacker
|-heal|p1a: Nice try hacker|290\/364 brn
|
|-weather|Sandstorm|[upkeep]
|-damage|p1a: Nice try hacker|268\/364 brn|[from] sandstorm
|-damage|p1a: Nice try hacker|223\/364 brn|[from] brn
|turn|7
|
|switch|p2a: Celebi|Celebi|403\/403
|move|p1a: Nice try hacker|Giga Drain|p2a: Celebi
|-resisted|p2a: Celebi
|-damage|p2a: Celebi|367\/403
|-heal|p1a: Nice try hacker|241\/364 brn|[from] drain|[of] p2a: Celebi
|
|-weather|Sandstorm|[upkeep]
|-damage|p2a: Celebi|342\/403|[from] sandstorm
|-damage|p1a: Nice try hacker|219\/364 brn|[from] sandstorm
|-heal|p2a: Celebi|367\/403|[from] item: Leftovers
|-damage|p1a: Nice try hacker|174\/364 brn|[from] brn
|turn|8
|
|move|p2a: Celebi|Substitute|p2a: Celebi
|-start|p2a: Celebi|Substitute
|-damage|p2a: Celebi|267\/403
|move|p1a: Nice try hacker|Synthesis|p1a: Nice try hacker
|-heal|p1a: Nice try hacker|265\/364 brn
|
|-weather|Sandstorm|[upkeep]
|-damage|p2a: Celebi|242\/403|[from] sandstorm
|-damage|p1a: Nice try hacker|243\/364 brn|[from] sandstorm
|-heal|p2a: Celebi|267\/403|[from] item: Leftovers
|-damage|p1a: Nice try hacker|198\/364 brn|[from] brn
|turn|9
|
|move|p2a: Celebi|Baton Pass|p2a: Celebi
|
|switch|p2a: Lopunny|Lopunny, F|271\/271
|move|p1a: Nice try hacker|Hidden Power|p2a: Lopunny
|-activate|p2a: Lopunny|Substitute|[damage]
|
|-weather|Sandstorm|[upkeep]
|-damage|p2a: Lopunny|255\/271|[from] sandstorm
|-damage|p1a: Nice try hacker|176\/364 brn|[from] sandstorm
|-damage|p1a: Nice try hacker|131\/364 brn|[from] brn
|turn|10
|
|switch|p1a: Nice try hacker|Skarmory, F|334\/334
|-damage|p1a: Nice try hacker|293\/334|[from] Stealth Rock
|detailschange|p2a: Lopunny|Lopunny-Mega, F
|-mega|p2a: Lopunny|Lopunny|Lopunnite
|move|p2a: Lopunny|High Jump Kick|p1a: Nice try hacker
|-damage|p1a: Nice try hacker|136\/334
|-damage|p2a: Lopunny|210\/271|[from] item: Rocky Helmet|[of] p1a: Nice try hacker
|
|-weather|none
|turn|11
|
|move|p2a: Lopunny|High Jump Kick|p1a: Nice try hacker
|-damage|p1a: Nice try hacker|0 fnt
|-damage|p2a: Lopunny|165\/271|[from] item: Rocky Helmet|[of] p1a: Nice try hacker
|faint|p1a: Nice try hacker
|
|
|switch|p1a: Nice try hacker|Keldeo|323\/323
|-damage|p1a: Nice try hacker|303\/323|[from] Stealth Rock
|turn|12
|
|move|p2a: Lopunny|Frustration|p1a: Nice try hacker
|-damage|p1a: Nice try hacker|110\/323
|move|p1a: Nice try hacker|Secret Sword|p2a: Lopunny
|-supereffective|p2a: Lopunny
|-end|p2a: Lopunny|Substitute
|
|-heal|p1a: Nice try hacker|130\/323|[from] item: Leftovers
|turn|13
|
|move|p2a: Lopunny|Frustration|p1a: Nice try hacker
|-damage|p1a: Nice try hacker|0 fnt
|faint|p1a: Nice try hacker
|
|-message|Aka DH forfeited.
|leave|Aka DH
|
|win|Yat
|raw|Ladder updating...
|player|p1
|raw|Aka DH's rating: 1774 &rarr; <strong>1747<\/strong><br \/>(-27 for losing)
|raw|Yat's rating: 1641 &rarr; <strong>1668<\/strong><br \/>(+27 for winning)