|join|Aka DH
|join|LT2a windu
|player|p1|Aka DH|68
|player|p2|LT2a windu|2
|gametype|singles
|gen|6
|tier|OU
|clearpoke
|poke|p1|Bisharp, F
|poke|p1|Venusaur, M
|poke|p1|Heatran, F
|poke|p1|Keldeo-Resolute
|poke|p1|Chansey, F
|poke|p1|Skarmory, F
|poke|p2|Sableye, F
|poke|p2|Excadrill, F
|poke|p2|Manaphy
|poke|p2|Gliscor, M
|poke|p2|Talonflame, F
|poke|p2|Clefable, M
|rule|Swagger Clause: Swagger is banned
|rule|Baton Pass Clause: Limit one PokÃ©mon knowing Baton Pass
|rule|Sleep Clause Mod: Limit one foe put to sleep
|rule|Species Clause: Limit one of each PokÃ©mon
|rule|OHKO Clause: OHKO moves are banned
|rule|Moody Clause: Moody is banned
|rule|Evasion Moves Clause: Evasion moves are banned
|rule|Endless Battle Clause: Forcing endless battles is banned
|rule|HP Percentage Mod: HP is shown in percentages
|teampreview
|join|htyjtfgjg
|join|CleanerThanRotom-W
|join|Soul M8
|leave|htyjtfgjg
|join|Tyltashiro
|join|Alkov
|join|TheNewBrends11
|join|cippersama
|leave|cippersama
|join|cippersama
|leave|cippersama
|leave|Soul M8
|leave|TheNewBrends11
|join|TheNewBrends11
|leave|TheNewBrends11
|
|start
|switch|p1a: Keldeo-Resolute|Keldeo-Resolute|324\/324
|switch|p2a: Sableye|Sableye, F|303\/303
|turn|1
|join|GunnerRohan
|
|detailschange|p2a: Sableye|Sableye-Mega, F
|-mega|p2a: Sableye|Sableye|Sablenite
|move|p2a: Sableye|Will-O-Wisp|p1a: Keldeo-Resolute|[miss]
|-miss|p2a: Sableye|p1a: Keldeo-Resolute
|move|p1a: Keldeo-Resolute|Scald|p2a: Sableye
|-damage|p2a: Sableye|206\/303
|-status|p2a: Sableye|brn
|
|-damage|p2a: Sableye|169\/303 brn|[from] brn
|turn|2
|join|pokemanMastur
|join|MolleteLADD
|leave|Alkov
|
|move|p1a: Keldeo-Resolute|Scald|p2a: Sableye
|-damage|p2a: Sableye|67\/303 brn
|move|p2a: Sableye|Recover|p2a: Sableye
|-heal|p2a: Sableye|219\/303 brn
|
|-damage|p2a: Sableye|182\/303 brn|[from] brn
|turn|3
|
|move|p1a: Keldeo-Resolute|Scald|p2a: Sableye
|-damage|p2a: Sableye|85\/303 brn
|move|p2a: Sableye|Recover|p2a: Sableye
|-heal|p2a: Sableye|237\/303 brn
|
|-damage|p2a: Sableye|200\/303 brn|[from] brn
|turn|4
|
|switch|p2a: Manaphy|Manaphy|401\/401
|move|p1a: Keldeo-Resolute|Scald|p2a: Manaphy
|-resisted|p2a: Manaphy
|-damage|p2a: Manaphy|353\/401
|-status|p2a: Manaphy|brn
|
|-heal|p2a: Manaphy|378\/401 brn|[from] item: Leftovers
|-damage|p2a: Manaphy|328\/401 brn|[from] brn
|turn|5
|
|move|p1a: Keldeo-Resolute|Secret Sword|p2a: Manaphy
|-damage|p2a: Manaphy|177\/401 brn
|move|p2a: Manaphy|Rain Dance|p2a: Manaphy
|-weather|RainDance
|
|-weather|RainDance|[upkeep]
|-curestatus|p2a: Manaphy|brn
|-heal|p2a: Manaphy|202\/401|[from] item: Leftovers
|turn|6
|join|JohnxYiu
|join|Villager B
|join|l-Thunder
|
|move|p1a: Keldeo-Resolute|Calm Mind|p1a: Keldeo-Resolute
|-boost|p1a: Keldeo-Resolute|spa|1
|-boost|p1a: Keldeo-Resolute|spd|1
|move|p2a: Manaphy|Rest|p2a: Manaphy
|-status|p2a: Manaphy|slp
|-heal|p2a: Manaphy|401\/401 slp|[silent]
|-status|p2a: Manaphy|slp|[from] move: Rest
|
|-weather|RainDance|[upkeep]
|-curestatus|p2a: Manaphy|slp
|turn|7
|join|AbrasKazam
|c| AbrasKazam|.-.
|join|Manabind
|
|move|p1a: Keldeo-Resolute|Secret Sword|p2a: Manaphy
|-damage|p2a: Manaphy|170\/401
|move|p2a: Manaphy|U-turn|p1a: Keldeo-Resolute
|-resisted|p1a: Keldeo-Resolute
|-damage|p1a: Keldeo-Resolute|298\/324
|
|switch|p2a: Talonflame|Talonflame, F|345\/345
|
|-weather|RainDance|[upkeep]
|-heal|p1a: Keldeo-Resolute|318\/324|[from] item: Leftovers
|turn|8
|leave|Manabind
|join|Alkov
|
|switch|p1a: Skarmory|Skarmory, F|334\/334
|move|p2a: Talonflame|Brave Bird|p1a: Skarmory
|-resisted|p1a: Skarmory
|-damage|p1a: Skarmory|279\/334
|-damage|p2a: Talonflame|288\/345|[from] item: Rocky Helmet|[of] p1a: Skarmory
|-damage|p2a: Talonflame|270\/345|[from] recoil|[of] p1a: Skarmory
|
|-weather|RainDance|[upkeep]
|-heal|p2a: Talonflame|291\/345|[from] item: Leftovers
|turn|9
|leave|JohnxYiu
|
|switch|p1a: Heatran|Heatran, F|340\/340
|-item|p1a: Heatran|Air Balloon
|move|p2a: Talonflame|Taunt|p1a: Heatran
|-start|p1a: Heatran|move: Taunt
|
|-weather|none
|-heal|p2a: Talonflame|312\/345|[from] item: Leftovers
|turn|10
|
|move|p2a: Talonflame|Brave Bird|p1a: Heatran
|-resisted|p1a: Heatran
|-damage|p1a: Heatran|274\/340
|-enditem|p1a: Heatran|Air Balloon
|-damage|p2a: Talonflame|290\/345|[from] recoil|[of] p1a: Heatran
|move|p1a: Heatran|Fire Blast|p2a: Talonflame
|-resisted|p2a: Talonflame
|-damage|p2a: Talonflame|185\/345
|
|-heal|p2a: Talonflame|206\/345|[from] item: Leftovers
|turn|11
|
|switch|p1a: Keldeo-Resolute|Keldeo-Resolute|318\/324
|move|p2a: Talonflame|Roost|p2a: Talonflame
|-heal|p2a: Talonflame|345\/345
|
|-heal|p1a: Keldeo-Resolute|324\/324|[from] item: Leftovers
|turn|12
|
|move|p2a: Talonflame|Brave Bird|p1a: Keldeo-Resolute
|-supereffective|p1a: Keldeo-Resolute
|-damage|p1a: Keldeo-Resolute|0 fnt
|-damage|p2a: Talonflame|238\/345|[from] recoil|[of] p1a: Keldeo-Resolute
|faint|p1a: Keldeo-Resolute
|
|-heal|p2a: Talonflame|259\/345|[from] item: Leftovers
|
|switch|p1a: Bisharp|Bisharp, F|334\/334
|turn|13
|
|move|p2a: Talonflame|Will-O-Wisp|p1a: Bisharp|[miss]
|-miss|p2a: Talonflame|p1a: Bisharp
|move|p1a: Bisharp|Knock Off|p2a: Talonflame
|-damage|p2a: Talonflame|0 fnt
|-enditem|p2a: Talonflame|Leftovers|[from] move: Knock Off|[of] p1a: Bisharp
|faint|p2a: Talonflame
|
|
|switch|p2a: Excadrill|Excadrill, F|424\/424
|-ability|p2a: Excadrill|Mold Breaker
|turn|14
|
|switch|p2a: Gliscor|Gliscor, M|353\/353
|switch|p1a: Skarmory|Skarmory, F|279\/334
|
|-status|p2a: Gliscor|tox|[from] item: Toxic Orb
|turn|15
|
|switch|p1a: Venusaur|Venusaur, M|364\/364
|move|p2a: Gliscor|Taunt|p1a: Venusaur
|-start|p1a: Venusaur|move: Taunt
|
|turn|16
|
|detailschange|p1a: Venusaur|Venusaur-Mega, M
|-mega|p1a: Venusaur|Venusaur|Venusaurite
|move|p2a: Gliscor|Stealth Rock|p1a: Venusaur
|-sidestart|p1: Aka DH|move: Stealth Rock
|move|p1a: Venusaur|Giga Drain|p2a: Gliscor
|-damage|p2a: Gliscor|223\/353 tox
|
|-heal|p2a: Gliscor|267\/353 tox|[from] ability: Poison Heal
|turn|17
|join|Days End
|
|switch|p2a: Sableye|Sableye-Mega, F|200\/303 brn
|move|p1a: Venusaur|Giga Drain|p2a: Sableye
|-damage|p2a: Sableye|128\/303 brn
|
|-damage|p2a: Sableye|91\/303 brn|[from] brn
|turn|18
|join|JohnxYiu
|
|move|p1a: Venusaur|Giga Drain|p2a: Sableye
|-damage|p2a: Sableye|19\/303 brn
|move|p2a: Sableye|Recover|p2a: Sableye
|-heal|p2a: Sableye|171\/303 brn
|
|-damage|p2a: Sableye|134\/303 brn|[from] brn
|-end|p1a: Venusaur|move: Taunt
|turn|19
|
|switch|p1a: Bisharp|Bisharp, F|334\/334
|-damage|p1a: Bisharp|314\/334|[from] Stealth Rock
|move|p2a: Sableye|Recover|p2a: Sableye
|-heal|p2a: Sableye|286\/303 brn
|
|-heal|p1a: Bisharp|334\/334|[from] item: Leftovers
|-damage|p2a: Sableye|249\/303 brn|[from] brn
|turn|20
|
|move|p1a: Bisharp|Iron Head|p2a: Sableye
|-damage|p2a: Sableye|119\/303 brn
|cant|p2a: Sableye|flinch
|
|-damage|p2a: Sableye|82\/303 brn|[from] brn
|turn|21
|
|move|p1a: Bisharp|Knock Off|p2a: Sableye
|-damage|p2a: Sableye|0 fnt
|faint|p2a: Sableye
|
|
|switch|p2a: Gliscor|Gliscor, M|267\/353 tox
|turn|22
|join|l123
|c| l-Thunder|rip
|
|switch|p1a: Venusaur|Venusaur-Mega, M|364\/364
|-damage|p1a: Venusaur|319\/364|[from] Stealth Rock
|move|p2a: Gliscor|Earthquake|p1a: Venusaur
|-damage|p1a: Venusaur|253\/364
|
|-heal|p2a: Gliscor|311\/353 tox|[from] ability: Poison Heal
|turn|23
|join|Soul M8
|c|âLT2a windu|yiu won with talon death
|
|move|p2a: Gliscor|U-turn|p1a: Venusaur
|-damage|p1a: Venusaur|220\/364
|
|switch|p2a: Clefable|Clefable, M|393\/393
|move|p1a: Venusaur|Giga Drain|p2a: Clefable
|-damage|p2a: Clefable|297\/393
|-heal|p1a: Venusaur|268\/364|[from] drain|[of] p2a: Clefable
|
|-heal|p2a: Clefable|321\/393|[from] item: Leftovers
|turn|24
|
|switch|p1a: Heatran|Heatran, F|274\/340
|-damage|p1a: Heatran|232\/340|[from] Stealth Rock
|switch|p2a: Excadrill|Excadrill, F|424\/424
|-ability|p2a: Excadrill|Mold Breaker
|
|turn|25
|
|move|p1a: Heatran|Fire Blast|p2a: Excadrill
|-supereffective|p2a: Excadrill
|-damage|p2a: Excadrill|106\/424
|move|p2a: Excadrill|Earthquake|p1a: Heatran
|-supereffective|p1a: Heatran
|-damage|p1a: Heatran|0 fnt
|faint|p1a: Heatran
|
|-heal|p2a: Excadrill|132\/424|[from] item: Leftovers
|
|switch|p1a: Skarmory|Skarmory, F|279\/334
|-damage|p1a: Skarmory|238\/334|[from] Stealth Rock
|turn|26
|join|Keiix
|leave|JohnxYiu
|
|switch|p2a: Manaphy|Manaphy|170\/401
|move|p1a: Skarmory|Spikes|p2a: Manaphy
|-sidestart|p2: LT2a windu|Spikes
|
|-heal|p2a: Manaphy|195\/401|[from] item: Leftovers
|turn|27
|
|move|p2a: Manaphy|Rain Dance|p2a: Manaphy
|-weather|RainDance
|move|p1a: Skarmory|Whirlwind|p2a: Manaphy
|drag|p2a: Gliscor|Gliscor, M|311\/353 tox
|
|-weather|RainDance|[upkeep]
|-heal|p2a: Gliscor|353\/353 tox|[from] ability: Poison Heal
|turn|28
|
|switch|p1a: Venusaur|Venusaur-Mega, M|268\/364
|-damage|p1a: Venusaur|223\/364|[from] Stealth Rock
|move|p2a: Gliscor|U-turn|p1a: Venusaur
|-damage|p1a: Venusaur|191\/364
|
|switch|p2a: Manaphy|Manaphy|195\/401
|-damage|p2a: Manaphy|145\/401|[from] Spikes
|
|-weather|RainDance|[upkeep]
|-heal|p2a: Manaphy|170\/401|[from] item: Leftovers
|turn|29
|
|move|p2a: Manaphy|Rest|p2a: Manaphy
|-status|p2a: Manaphy|slp
|-heal|p2a: Manaphy|401\/401 slp|[silent]
|-status|p2a: Manaphy|slp|[from] move: Rest
|move|p1a: Venusaur|Giga Drain|p2a: Manaphy
|-supereffective|p2a: Manaphy
|-damage|p2a: Manaphy|237\/401 slp
|-heal|p1a: Venusaur|273\/364|[from] drain|[of] p2a: Manaphy
|
|-weather|RainDance|[upkeep]
|-curestatus|p2a: Manaphy|slp
|-heal|p2a: Manaphy|262\/401|[from] item: Leftovers
|turn|30
|
|move|p2a: Manaphy|Scald|p1a: Venusaur
|-resisted|p1a: Venusaur
|-damage|p1a: Venusaur|214\/364
|move|p1a: Venusaur|Giga Drain|p2a: Manaphy
|-supereffective|p2a: Manaphy
|-damage|p2a: Manaphy|100\/401
|-heal|p1a: Venusaur|295\/364|[from] drain|[of] p2a: Manaphy
|
|-weather|RainDance|[upkeep]
|-heal|p2a: Manaphy|125\/401|[from] item: Leftovers
|turn|31
|
|move|p2a: Manaphy|Rest|p2a: Manaphy
|-status|p2a: Manaphy|slp
|-heal|p2a: Manaphy|401\/401 slp|[silent]
|-status|p2a: Manaphy|slp|[from] move: Rest
|move|p1a: Venusaur|Giga Drain|p2a: Manaphy
|-supereffective|p2a: Manaphy
|-damage|p2a: Manaphy|245\/401 slp
|-heal|p1a: Venusaur|364\/364|[from] drain|[of] p2a: Manaphy
|
|-weather|none
|-heal|p2a: Manaphy|270\/401 slp|[from] item: Leftovers
|turn|32
|
|cant|p2a: Manaphy|slp
|move|p1a: Venusaur|Giga Drain|p2a: Manaphy
|-supereffective|p2a: Manaphy
|-damage|p2a: Manaphy|120\/401 slp
|
|-heal|p2a: Manaphy|145\/401 slp|[from] item: Leftovers
|turn|33
|
|cant|p2a: Manaphy|slp
|move|p1a: Venusaur|Giga Drain|p2a: Manaphy
|-supereffective|p2a: Manaphy
|-damage|p2a: Manaphy|0 fnt
|faint|p2a: Manaphy
|
|
|switch|p2a: Clefable|Clefable, M|321\/393
|-damage|p2a: Clefable|272\/393|[from] Spikes
|turn|34
|c| Soul M8|lmao
|c| Alkov|lol a team 6-0'ed by that talonflame loses instead cus of that miss
|
|move|p1a: Venusaur|Leech Seed|p2a: Clefable
|-start|p2a: Clefable|move: Leech Seed
|move|p2a: Clefable|Calm Mind|p2a: Clefable
|-boost|p2a: Clefable|spa|1
|-boost|p2a: Clefable|spd|1
|
|-heal|p2a: Clefable|296\/393|[from] item: Leftovers
|-damage|p2a: Clefable|247\/393|[from] Leech Seed|[of] p1a: Venusaur
|turn|35
|c| l-Thunder|and the flinch o.o
|
|move|p1a: Venusaur|Giga Drain|p2a: Clefable
|-damage|p2a: Clefable|177\/393
|move|p2a: Clefable|Moonlight|p2a: Clefable
|-heal|p2a: Clefable|373\/393
|
|-heal|p2a: Clefable|393\/393|[from] item: Leftovers
|-damage|p2a: Clefable|344\/393|[from] Leech Seed|[of] p1a: Venusaur
|turn|36
|
|switch|p1a: Bisharp|Bisharp, F|334\/334
|-damage|p1a: Bisharp|314\/334|[from] Stealth Rock
|move|p2a: Clefable|Moonblast|p1a: Bisharp
|-damage|p1a: Bisharp|103\/334
|-unboost|p1a: Bisharp|spa|1
|-boost|p1a: Bisharp|atk|2|[from] ability: Defiant
|
|-heal|p1a: Bisharp|123\/334|[from] item: Leftovers
|-heal|p2a: Clefable|368\/393|[from] item: Leftovers
|-damage|p2a: Clefable|319\/393|[from] Leech Seed|[of] p1a: Bisharp
|-heal|p1a: Bisharp|172\/334|[silent]
|turn|37
|
|move|p1a: Bisharp|Iron Head|p2a: Clefable
|-supereffective|p2a: Clefable
|-damage|p2a: Clefable|5\/393
|cant|p2a: Clefable|flinch
|
|-heal|p1a: Bisharp|192\/334|[from] item: Leftovers
|-heal|p2a: Clefable|29\/393|[from] item: Leftovers
|-damage|p2a: Clefable|0 fnt|[from] Leech Seed|[of] p1a: Bisharp
|-heal|p1a: Bisharp|221\/334|[silent]
|faint|p2a: Clefable
|c|âLT2a windu|lol
|join|Glorious Player
|
|switch|p2a: Excadrill|Excadrill, F|132\/424
|-damage|p2a: Excadrill|79\/424|[from] Spikes
|-ability|p2a: Excadrill|Mold Breaker
|turn|38
|c| Alkov|another flinch
|c| Alkov|so good
|
|move|p1a: Bisharp|Sucker Punch|p2a: Excadrill
|-crit|p2a: Excadrill
|-damage|p2a: Excadrill|0 fnt
|faint|p2a: Excadrill
|
|-heal|p1a: Bisharp|241\/334|[from] item: Leftovers
|join|aweonaoMoore
|
|switch|p2a: Gliscor|Gliscor, M|353\/353 tox
|turn|39
|
|switch|p1a: Venusaur|Venusaur-Mega, M|364\/364
|-damage|p1a: Venusaur|319\/364|[from] Stealth Rock
|move|p2a: Gliscor|Earthquake|p1a: Venusaur
|-damage|p1a: Venusaur|241\/364
|
|turn|40
|
|move|p2a: Gliscor|Taunt|p1a: Venusaur
|-start|p1a: Venusaur|move: Taunt
|move|p1a: Venusaur|Giga Drain|p2a: Gliscor
|-damage|p2a: Gliscor|212\/353 tox
|-heal|p1a: Venusaur|312\/364|[from] drain|[of] p2a: Gliscor
|
|-heal|p2a: Gliscor|256\/353 tox|[from] ability: Poison Heal
|turn|41
|join|ThE0 da King
|
|move|p2a: Gliscor|U-turn|p1a: Venusaur
|-damage|p1a: Venusaur|278\/364
|move|p1a: Venusaur|Hidden Power|p2a: Gliscor
|-damage|p2a: Gliscor|182\/353 tox
|
|-heal|p2a: Gliscor|226\/353 tox|[from] ability: Poison Heal
|turn|42
|
|move|p2a: Gliscor|U-turn|p1a: Venusaur
|-damage|p1a: Venusaur|247\/364
|move|p1a: Venusaur|Giga Drain|p2a: Gliscor
|-damage|p2a: Gliscor|91\/353 tox
|-heal|p1a: Venusaur|315\/364|[from] drain|[of] p2a: Gliscor
|
|-heal|p2a: Gliscor|135\/353 tox|[from] ability: Poison Heal
|-end|p1a: Venusaur|move: Taunt
|turn|43
|
|move|p2a: Gliscor|Taunt|p1a: Venusaur
|-start|p1a: Venusaur|move: Taunt
|move|p1a: Venusaur|Giga Drain|p2a: Gliscor
|-damage|p2a: Gliscor|3\/353 tox
|-heal|p1a: Venusaur|364\/364|[from] drain|[of] p2a: Gliscor
|
|-heal|p2a: Gliscor|47\/353 tox|[from] ability: Poison Heal
|turn|44
|
|move|p2a: Gliscor|U-turn|p1a: Venusaur
|-damage|p1a: Venusaur|330\/364
|move|p1a: Venusaur|Giga Drain|p2a: Gliscor
|-damage|p2a: Gliscor|0 fnt
|-heal|p1a: Venusaur|354\/364|[from] drain|[of] p2a: Gliscor
|faint|p2a: Gliscor
|
|win|Aka DH
|leave|Days End
|leave|LT2a windu
|player|p2
|leave|Glorious Player
|join|Days End
|c|âAka DH|nice try with your ct
|leave|Days End
|leave|Soul M8
|leave|Keiix
|leave|GunnerRohan
|c|âAka DH|get rekt