|join|Aka DH
|join|Slowpoke Soda
|player|p1|Aka DH|1
|player|p2|Slowpoke Soda|101
|gametype|singles
|gen|6
|tier|OU
|rated
|clearpoke
|poke|p1|Bisharp, M
|poke|p1|Venusaur, M
|poke|p1|Heatran, F
|poke|p1|Keldeo
|poke|p1|Chansey, F
|poke|p1|Skarmory, F
|poke|p2|Tyranitar, M
|poke|p2|Excadrill, M
|poke|p2|Sceptile, M
|poke|p2|Talonflame, F
|poke|p2|Staraptor, M
|poke|p2|Dragonite, F
|rule|Swagger Clause: Swagger is banned
|rule|Baton Pass Clause: Limit one PokÃ©mon knowing Baton Pass
|rule|Sleep Clause Mod: Limit one foe put to sleep
|rule|Species Clause: Limit one of each PokÃ©mon
|rule|OHKO Clause: OHKO moves are banned
|rule|Moody Clause: Moody is banned
|rule|Evasion Moves Clause: Evasion moves are banned
|rule|Endless Battle Clause: Forcing endless battles is banned
|rule|HP Percentage Mod: HP is shown in percentages
|teampreview
Aka DH made this room hidden.
|
|start
|switch|p1a: Heatran|Heatran, F|340\/340
|switch|p2a: Tyranitar|Tyranitar, M|341\/341
|-item|p1a: Heatran|Air Balloon
|-weather|Sandstorm
|turn|1
|
|move|p1a: Heatran|Toxic|p2a: Tyranitar
|-status|p2a: Tyranitar|tox
|move|p2a: Tyranitar|Stealth Rock|p1a: Heatran
|-sidestart|p1: Aka DH|move: Stealth Rock
|
|-weather|Sandstorm|[upkeep]
|-damage|p2a: Tyranitar|320\/341 tox|[from] psn
|turn|2
|
|move|p1a: Heatran|Stealth Rock|p2a: Tyranitar
|-sidestart|p2: Slowpoke Soda|move: Stealth Rock
|move|p2a: Tyranitar|Crunch|p1a: Heatran
|-damage|p1a: Heatran|238\/340
|-enditem|p1a: Heatran|Air Balloon
|
|-weather|Sandstorm|[upkeep]
|-damage|p2a: Tyranitar|278\/341 tox|[from] psn
|turn|3
|
|move|p1a: Heatran|Fire Blast|p2a: Tyranitar
|-resisted|p2a: Tyranitar
|-damage|p2a: Tyranitar|221\/341 tox
|move|p2a: Tyranitar|Crunch|p1a: Heatran
|-damage|p1a: Heatran|129\/340
|
|-weather|Sandstorm|[upkeep]
|-damage|p2a: Tyranitar|158\/341 tox|[from] psn
|turn|4
|
|move|p1a: Heatran|Fire Blast|p2a: Tyranitar
|-resisted|p2a: Tyranitar
|-damage|p2a: Tyranitar|101\/341 tox
|move|p2a: Tyranitar|Crunch|p1a: Heatran
|-damage|p1a: Heatran|32\/340
|
|-weather|Sandstorm|[upkeep]
|-damage|p2a: Tyranitar|17\/341 tox|[from] psn
|turn|5
|
|move|p1a: Heatran|Fire Blast|p2a: Tyranitar
|-resisted|p2a: Tyranitar
|-damage|p2a: Tyranitar|0 fnt
|faint|p2a: Tyranitar
|
|-weather|none
|
|switch|p2a: Excadrill|Excadrill, M|361\/361
|-damage|p2a: Excadrill|350\/361|[from] Stealth Rock
|turn|6
|
|move|p1a: Heatran|Fire Blast|p2a: Excadrill
|-supereffective|p2a: Excadrill
|-damage|p2a: Excadrill|0 fnt
|faint|p2a: Excadrill
|
|
|switch|p2a: Sceptile|Sceptile, M|281\/281
|-damage|p2a: Sceptile|246\/281|[from] Stealth Rock
|turn|7
|c|âSlowpoke Soda|max speed wow, terrible play by me
|
|switch|p1a: Chansey|Chansey, F|684\/684
|-damage|p1a: Chansey|599\/684|[from] Stealth Rock
|detailschange|p2a: Sceptile|Sceptile-Mega, M
|-mega|p2a: Sceptile|Sceptile|Sceptilite
|move|p2a: Sceptile|Dragon Pulse|p1a: Chansey
|-damage|p1a: Chansey|497\/684
|
|turn|8
|
|switch|p2a: Dragonite|Dragonite, F|323\/323
|-damage|p2a: Dragonite|243\/323|[from] Stealth Rock
|move|p1a: Chansey|Soft-Boiled|p1a: Chansey
|-heal|p1a: Chansey|684\/684
|
|turn|9
|
|switch|p1a: Heatran|Heatran, F|32\/340
|-damage|p1a: Heatran|0 fnt|[from] Stealth Rock
|faint|p1a: Heatran
|move|p2a: Dragonite|Outrage|p1: Heatran|[notarget]
|-notarget
|
|
|switch|p1a: Keldeo|Keldeo|323\/323
|-damage|p1a: Keldeo|303\/323|[from] Stealth Rock
|turn|10
|
|move|p1a: Keldeo|Icy Wind|p2a: Dragonite
|-supereffective|p2a: Dragonite
|-damage|p2a: Dragonite|0 fnt
|faint|p2a: Dragonite
|
|-heal|p1a: Keldeo|323\/323|[from] item: Leftovers
|
|switch|p2a: Sceptile|Sceptile-Mega, M|246\/281
|-damage|p2a: Sceptile|211\/281|[from] Stealth Rock
|turn|11
|
|switch|p1a: Chansey|Chansey, F|684\/684
|-damage|p1a: Chansey|599\/684|[from] Stealth Rock
|move|p2a: Sceptile|Focus Blast|p1a: Chansey|[miss]
|-miss|p2a: Sceptile|p1a: Chansey
|
|turn|12
|
|move|p2a: Sceptile|Focus Blast|p1a: Chansey|[miss]
|-miss|p2a: Sceptile|p1a: Chansey
|move|p1a: Chansey|Seismic Toss|p2a: Sceptile
|-damage|p2a: Sceptile|111\/281
|
|turn|13
|
|move|p2a: Sceptile|Focus Blast|p1a: Chansey
|-supereffective|p1a: Chansey
|-damage|p1a: Chansey|421\/684
|move|p1a: Chansey|Seismic Toss|p2a: Sceptile
|-damage|p2a: Sceptile|11\/281
|
|turn|14
|
|move|p2a: Sceptile|Focus Blast|p1a: Chansey|[miss]
|-miss|p2a: Sceptile|p1a: Chansey
|move|p1a: Chansey|Soft-Boiled|p1a: Chansey
|-heal|p1a: Chansey|684\/684
|
|turn|15
|
|move|p2a: Sceptile|Focus Blast|p1a: Chansey|[miss]
|-miss|p2a: Sceptile|p1a: Chansey
|move|p1a: Chansey|Seismic Toss|p2a: Sceptile
|-damage|p2a: Sceptile|0 fnt
|faint|p2a: Sceptile
|
|
|switch|p2a: Staraptor|Staraptor, M|311\/311
|-damage|p2a: Staraptor|234\/311|[from] Stealth Rock
|turn|16
|
|switch|p1a: Venusaur|Venusaur, M|364\/364
|-damage|p1a: Venusaur|319\/364|[from] Stealth Rock
|move|p2a: Staraptor|Close Combat|p1a: Venusaur
|-resisted|p1a: Venusaur
|-damage|p1a: Venusaur|263\/364
|-unboost|p2a: Staraptor|def|1
|-unboost|p2a: Staraptor|spd|1
|
|turn|17
|
|switch|p2a: Talonflame|Talonflame, F|309\/309
|-damage|p2a: Talonflame|155\/309|[from] Stealth Rock
|detailschange|p1a: Venusaur|Venusaur-Mega, M
|-mega|p1a: Venusaur|Venusaur|Venusaurite
|move|p1a: Venusaur|Leech Seed|p2a: Talonflame
|-start|p2a: Talonflame|move: Leech Seed
|
|-damage|p2a: Talonflame|117\/309|[from] Leech Seed|[of] p1a: Venusaur
|-heal|p1a: Venusaur|301\/364|[silent]
|turn|18
|
|switch|p1a: Bisharp|Bisharp, M|334\/334
|-damage|p1a: Bisharp|314\/334|[from] Stealth Rock
|move|p2a: Talonflame|Brave Bird|p1a: Bisharp
|-resisted|p1a: Bisharp
|-damage|p1a: Bisharp|203\/334
|-damage|p2a: Talonflame|80\/309|[from] recoil|[of] p1a: Bisharp
|
|-heal|p1a: Bisharp|223\/334|[from] item: Leftovers
|-damage|p2a: Talonflame|42\/309|[from] Leech Seed|[of] p1a: Bisharp
|-heal|p1a: Bisharp|261\/334|[silent]
|turn|19
|
|move|p2a: Talonflame|Flare Blitz|p1a: Bisharp
|-supereffective|p1a: Bisharp
|-damage|p1a: Bisharp|0 fnt
|-damage|p2a: Talonflame|0 fnt|[from] recoil|[of] p1a: Bisharp
|faint|p1a: Bisharp
|faint|p2a: Talonflame
|
|
|switch|p2a: Staraptor|Staraptor, M|234\/311
|switch|p1a: Skarmory|Skarmory, F|334\/334
|-damage|p2a: Staraptor|157\/311|[from] Stealth Rock
|-damage|p1a: Skarmory|293\/334|[from] Stealth Rock
|turn|20
|
|move|p2a: Staraptor|Close Combat|p1a: Skarmory
|-damage|p1a: Skarmory|195\/334
|-damage|p2a: Staraptor|106\/311|[from] item: Rocky Helmet|[of] p1a: Skarmory
|-unboost|p2a: Staraptor|def|1
|-unboost|p2a: Staraptor|spd|1
|move|p1a: Skarmory|Roost|p1a: Skarmory
|-heal|p1a: Skarmory|334\/334
|
|turn|21
|
|move|p2a: Staraptor|Close Combat|p1a: Skarmory
|-damage|p1a: Skarmory|234\/334
|-damage|p2a: Staraptor|55\/311|[from] item: Rocky Helmet|[of] p1a: Skarmory
|-unboost|p2a: Staraptor|def|1
|-unboost|p2a: Staraptor|spd|1
|move|p1a: Skarmory|Brave Bird|p2a: Staraptor
|-damage|p2a: Staraptor|0 fnt
|-damage|p1a: Skarmory|216\/334|[from] recoil|[of] p2a: Staraptor
|faint|p2a: Staraptor
|
|win|Aka DH
|raw|Ladder updating...
|raw|Aka DH's rating: 1734 &rarr; <strong>1747<\/strong><br \/>(+13 for winning)
|raw|Slowpoke Soda's rating: 1602 &rarr; <strong>1590<\/strong><br \/>(-12 for losing)