|join|Aka DH
|join|MaskedMan
|player|p1|Aka DH|1
|player|p2|MaskedMan|273
|gametype|singles
|gen|6
|tier|OU
|rated
|clearpoke
|poke|p1|Bisharp, F
|poke|p1|Venusaur, F
|poke|p1|Heatran, M
|poke|p1|Keldeo
|poke|p1|Chansey, F
|poke|p1|Skarmory, F
|poke|p2|Sceptile, M
|poke|p2|Milotic, F
|poke|p2|Entei, shiny
|poke|p2|Excadrill, M
|poke|p2|Togekiss, F, shiny
|poke|p2|Mew, shiny
|rule|Swagger Clause: Swagger is banned
|rule|Baton Pass Clause: Limit one PokÃ©mon knowing Baton Pass
|rule|Sleep Clause Mod: Limit one foe put to sleep
|rule|Species Clause: Limit one of each PokÃ©mon
|rule|OHKO Clause: OHKO moves are banned
|rule|Moody Clause: Moody is banned
|rule|Evasion Moves Clause: Evasion moves are banned
|rule|Endless Battle Clause: Forcing endless battles is banned
|rule|HP Percentage Mod: HP is shown in percentages
|teampreview
|
|start
|switch|p1a: Heatran|Heatran, M|340\/340
|switch|p2a: Ace|Entei, shiny|371\/371
|-ability|p2a: Ace|Pressure
|-item|p1a: Heatran|Air Balloon
|turn|1
|
|move|p2a: Ace|Stone Edge|p1a: Heatran|[miss]
|-miss|p2a: Ace|p1a: Heatran
|move|p1a: Heatran|Toxic|p2a: Ace
|-status|p2a: Ace|tox
|
|-damage|p2a: Ace|348\/371 tox|[from] psn
|turn|2
|
|move|p2a: Ace|Stone Edge|p1a: Heatran
|-crit|p1a: Heatran
|-damage|p1a: Heatran|146\/340
|-enditem|p1a: Heatran|Air Balloon
|-damage|p2a: Ace|311\/371 tox|[from] item: Life Orb
|move|p1a: Heatran|Stealth Rock|p2a: Ace
|-sidestart|p2: MaskedMan|move: Stealth Rock
|
|-damage|p2a: Ace|265\/371 tox|[from] psn
|turn|3
|join|i came from leddit
|c| i came from leddit|only 1738
|
|switch|p2a: Bason|Excadrill, M|361\/361
|-damage|p2a: Bason|350\/361|[from] Stealth Rock
|-ability|p2a: Bason|Mold Breaker
|switch|p1a: Chansey|Chansey, F|684\/684
|
|turn|4
|c| i came from leddit|you're bad, much worse than wish killer
|c|âAka DH|yes
|c|âAka DH|i suck
|
|switch|p1a: Heatran|Heatran, M|146\/340
|move|p2a: Bason|Rapid Spin|p1a: Heatran
|-resisted|p1a: Heatran
|-damage|p1a: Heatran|137\/340
|-sideend|p2: MaskedMan|Stealth Rock|[from] move: Rapid Spin|[of] p2a: Bason
|
|turn|5
|c| i came from leddit|**âAka DH: i suck**
|
|switch|p2a: Karin|Milotic, F|393\/393
|move|p1a: Heatran|Stealth Rock|p2a: Karin
|-sidestart|p2: MaskedMan|move: Stealth Rock
|
|turn|6
|c|âAka DH|i need serperior
|
|move|p1a: Heatran|Toxic|p2a: Karin
|-status|p2a: Karin|tox
|move|p2a: Karin|Scald|p1a: Heatran
|-supereffective|p1a: Heatran
|-damage|p1a: Heatran|0 fnt
|faint|p1a: Heatran
|
|-damage|p2a: Karin|369\/393 tox|[from] psn
|
|switch|p1a: Keldeo|Keldeo|323\/323
|turn|7
|
|switch|p2a: Togekiss|Togekiss, F, shiny|373\/373
|-damage|p2a: Togekiss|280\/373|[from] Stealth Rock
|move|p1a: Keldeo|Icy Wind|p2a: Togekiss
|-supereffective|p2a: Togekiss
|-damage|p2a: Togekiss|158\/373
|-unboost|p2a: Togekiss|spe|1
|
|-heal|p2a: Togekiss|181\/373|[from] item: Leftovers
|turn|8
|
|switch|p1a: Bisharp|Bisharp, F|334\/334
|move|p2a: Togekiss|Roost|p2a: Togekiss
|-heal|p2a: Togekiss|368\/373
|
|-heal|p2a: Togekiss|373\/373|[from] item: Leftovers
|turn|9
|
|move|p1a: Bisharp|Iron Head|p2a: Togekiss
|-supereffective|p2a: Togekiss
|-damage|p2a: Togekiss|133\/373
|move|p2a: Togekiss|Heal Bell|p2a: Togekiss
|-cureteam|p2a: Togekiss|[from] move: HealBell
|
|-heal|p2a: Togekiss|156\/373|[from] item: Leftovers
|turn|10
|
|switch|p2a: Karin|Milotic, F|369\/393
|-damage|p2a: Karin|320\/393|[from] Stealth Rock
|move|p1a: Bisharp|Knock Off|p2a: Karin
|-damage|p2a: Karin|175\/393
|-enditem|p2a: Karin|Leftovers|[from] move: Knock Off|[of] p1a: Bisharp
|
|turn|11
|
|switch|p1a: Keldeo|Keldeo|323\/323
|move|p2a: Karin|Recover|p2a: Karin
|-heal|p2a: Karin|372\/393
|
|turn|12
|
|move|p1a: Keldeo|Calm Mind|p1a: Keldeo
|-boost|p1a: Keldeo|spa|1
|-boost|p1a: Keldeo|spd|1
|move|p2a: Karin|Toxic|p1a: Keldeo
|-status|p1a: Keldeo|tox
|
|-damage|p1a: Keldeo|303\/323 tox|[from] psn
|turn|13
|
|move|p1a: Keldeo|Secret Sword|p2a: Karin
|-damage|p2a: Karin|174\/393
|move|p2a: Karin|Haze|p2a: Karin
|-clearallboost
|
|-heal|p1a: Keldeo|323\/323 tox|[from] item: Leftovers
|-damage|p1a: Keldeo|283\/323 tox|[from] psn
|turn|14
|
|switch|p1a: Venusaur|Venusaur, F|364\/364
|move|p2a: Karin|Recover|p2a: Karin
|-heal|p2a: Karin|371\/393
|
|turn|15
|
|switch|p2a: Daichi|Mew, shiny|404\/404
|-damage|p2a: Daichi|354\/404|[from] Stealth Rock
|detailschange|p1a: Venusaur|Venusaur-Mega, F
|-mega|p1a: Venusaur|Venusaur|Venusaurite
|move|p1a: Venusaur|Giga Drain|p2a: Daichi
|-damage|p2a: Daichi|276\/404
|
|-heal|p2a: Daichi|301\/404|[from] item: Leftovers
|turn|16
|
|switch|p1a: Keldeo|Keldeo|283\/323 tox
|move|p2a: Daichi|Will-O-Wisp|p1a: Keldeo|[miss]
|-miss|p2a: Daichi|p1a: Keldeo
|
|-heal|p1a: Keldeo|303\/323 tox|[from] item: Leftovers
|-heal|p2a: Daichi|326\/404|[from] item: Leftovers
|-damage|p1a: Keldeo|283\/323 tox|[from] psn
|turn|17
|
|switch|p2a: Colonel|Sceptile, M|281\/281
|-damage|p2a: Colonel|246\/281|[from] Stealth Rock
|move|p1a: Keldeo|Scald|p2a: Colonel
|-resisted|p2a: Colonel
|-damage|p2a: Colonel|171\/281
|-status|p2a: Colonel|brn
|
|-heal|p1a: Keldeo|303\/323 tox|[from] item: Leftovers
|-damage|p2a: Colonel|136\/281 brn|[from] brn
|-damage|p1a: Keldeo|263\/323 tox|[from] psn
|turn|18
|
|switch|p1a: Chansey|Chansey, F|684\/684
|detailschange|p2a: Colonel|Sceptile-Mega, M
|-mega|p2a: Colonel|Sceptile|Sceptilite
|move|p2a: Colonel|Giga Drain|p1a: Chansey
|-damage|p1a: Chansey|593\/684
|-heal|p2a: Colonel|182\/281 brn|[from] drain|[of] p1a: Chansey
|
|-damage|p2a: Colonel|147\/281 brn|[from] brn
|turn|19
|
|switch|p2a: Bason|Excadrill, M|350\/361
|-damage|p2a: Bason|339\/361|[from] Stealth Rock
|-ability|p2a: Bason|Mold Breaker
|move|p1a: Chansey|Seismic Toss|p2a: Bason
|-damage|p2a: Bason|239\/361
|
|turn|20
|
|move|p2a: Bason|Rapid Spin|p1a: Chansey
|-damage|p1a: Chansey|558\/684
|-sideend|p2: MaskedMan|Stealth Rock|[from] move: Rapid Spin|[of] p2a: Bason
|move|p1a: Chansey|Aromatherapy|p1a: Chansey
|-cureteam|p1a: Chansey|[from] move: Aromatherapy
|
|turn|21
|
|switch|p2a: Togekiss|Togekiss, F, shiny|156\/373
|move|p1a: Chansey|Seismic Toss|p2a: Togekiss
|-damage|p2a: Togekiss|56\/373
|
|-heal|p2a: Togekiss|79\/373|[from] item: Leftovers
|turn|22
|c| i came from leddit|big fan masked man
|c| i came from leddit|keep it up
|
|switch|p1a: Bisharp|Bisharp, F|334\/334
|move|p2a: Togekiss|Roost|p2a: Togekiss
|-heal|p2a: Togekiss|266\/373
|
|-heal|p2a: Togekiss|289\/373|[from] item: Leftovers
|turn|23
|c|âMaskedMan|thnx
|
|switch|p2a: Karin|Milotic, F|371\/393
|move|p1a: Bisharp|Knock Off|p2a: Karin
|-crit|p2a: Karin
|-damage|p2a: Karin|220\/393
|
|turn|24
|
|switch|p1a: Venusaur|Venusaur-Mega, F|364\/364
|move|p2a: Karin|Recover|p2a: Karin
|-heal|p2a: Karin|393\/393
|
|turn|25
|
|switch|p2a: Ace|Entei, shiny|265\/371
|-ability|p2a: Ace|Pressure
|move|p1a: Venusaur|Leech Seed|p2a: Ace
|-start|p2a: Ace|move: Leech Seed
|
|-damage|p2a: Ace|219\/371|[from] Leech Seed|[of] p1a: Venusaur
|turn|26
|
|switch|p1a: Chansey|Chansey, F|558\/684
|move|p2a: Ace|Sacred Fire|p1a: Chansey
|-damage|p1a: Chansey|254\/684
|-damage|p2a: Ace|182\/371|[from] item: Life Orb
|
|-damage|p2a: Ace|136\/371|[from] Leech Seed|[of] p1a: Chansey
|-heal|p1a: Chansey|300\/684|[silent]
|turn|27
|
|switch|p2a: Daichi|Mew, shiny|326\/404
|move|p1a: Chansey|Seismic Toss|p2a: Daichi
|-damage|p2a: Daichi|226\/404
|
|-heal|p2a: Daichi|251\/404|[from] item: Leftovers
|turn|28
|
|switch|p1a: Keldeo|Keldeo|263\/323
|move|p2a: Daichi|Will-O-Wisp|p1a: Keldeo
|-status|p1a: Keldeo|brn
|
|-heal|p1a: Keldeo|283\/323 brn|[from] item: Leftovers
|-heal|p2a: Daichi|276\/404|[from] item: Leftovers
|-damage|p1a: Keldeo|243\/323 brn|[from] brn
|turn|29
|
|move|p1a: Keldeo|Scald|p2a: Daichi
|-damage|p2a: Daichi|173\/404
|-status|p2a: Daichi|brn
|move|p2a: Daichi|Stealth Rock|p1a: Keldeo
|-sidestart|p1: Aka DH|move: Stealth Rock
|
|-heal|p1a: Keldeo|263\/323 brn|[from] item: Leftovers
|-heal|p2a: Daichi|198\/404 brn|[from] item: Leftovers
|-damage|p1a: Keldeo|223\/323 brn|[from] brn
|-damage|p2a: Daichi|148\/404 brn|[from] brn
|turn|30
|
|move|p1a: Keldeo|Calm Mind|p1a: Keldeo
|-boost|p1a: Keldeo|spa|1
|-boost|p1a: Keldeo|spd|1
|move|p2a: Daichi|Soft-Boiled|p2a: Daichi
|-heal|p2a: Daichi|350\/404 brn
|
|-heal|p1a: Keldeo|243\/323 brn|[from] item: Leftovers
|-heal|p2a: Daichi|375\/404 brn|[from] item: Leftovers
|-damage|p1a: Keldeo|203\/323 brn|[from] brn
|-damage|p2a: Daichi|325\/404 brn|[from] brn
|turn|31
|c|âMaskedMan|ur keldeo is well trained imo
|
|switch|p2a: Karin|Milotic, F|393\/393
|move|p1a: Keldeo|Scald|p2a: Karin
|-resisted|p2a: Karin
|-damage|p2a: Karin|309\/393
|-status|p2a: Karin|brn
|
|-heal|p1a: Keldeo|223\/323 brn|[from] item: Leftovers
|-damage|p1a: Keldeo|183\/323 brn|[from] brn
|-damage|p2a: Karin|260\/393 brn|[from] brn
|turn|32
|
|move|p1a: Keldeo|Secret Sword|p2a: Karin
|-damage|p2a: Karin|134\/393 brn
|move|p2a: Karin|Haze|p2a: Karin
|-clearallboost
|
|-heal|p1a: Keldeo|203\/323 brn|[from] item: Leftovers
|-damage|p1a: Keldeo|163\/323 brn|[from] brn
|-damage|p2a: Karin|85\/393 brn|[from] brn
|turn|33
|
|switch|p1a: Venusaur|Venusaur-Mega, F|364\/364
|-damage|p1a: Venusaur|319\/364|[from] Stealth Rock
|switch|p2a: Togekiss|Togekiss, F, shiny|289\/373
|
|-heal|p2a: Togekiss|312\/373|[from] item: Leftovers
|turn|34
|
|switch|p1a: Bisharp|Bisharp, F|334\/334
|-damage|p1a: Bisharp|314\/334|[from] Stealth Rock
|move|p2a: Togekiss|Air Slash|p1a: Bisharp
|-resisted|p1a: Bisharp
|-damage|p1a: Bisharp|243\/334
|
|-heal|p2a: Togekiss|335\/373|[from] item: Leftovers
|-heal|p1a: Bisharp|263\/334|[from] item: Leftovers
|turn|35
|
|move|p2a: Togekiss|Heal Bell|p2a: Togekiss
|-cureteam|p2a: Togekiss|[from] move: HealBell
|move|p1a: Bisharp|Iron Head|p2a: Togekiss
|-crit|p2a: Togekiss
|-supereffective|p2a: Togekiss
|-damage|p2a: Togekiss|9\/373
|
|-heal|p2a: Togekiss|32\/373|[from] item: Leftovers
|-heal|p1a: Bisharp|283\/334|[from] item: Leftovers
|turn|36
|
|switch|p2a: Bason|Excadrill, M|239\/361
|-ability|p2a: Bason|Mold Breaker
|move|p1a: Bisharp|Iron Head|p2a: Bason
|-resisted|p2a: Bason
|-damage|p2a: Bason|133\/361
|
|-heal|p1a: Bisharp|303\/334|[from] item: Leftovers
|turn|37
|join|Venom3000
|
|switch|p2a: Karin|Milotic, F|85\/393
|move|p1a: Bisharp|Sucker Punch|p2a: Karin
|-fail|p2a: Karin
|
|-heal|p1a: Bisharp|323\/334|[from] item: Leftovers
|turn|38
|
|move|p2a: Karin|Recover|p2a: Karin
|-heal|p2a: Karin|282\/393
|move|p1a: Bisharp|Swords Dance|p1a: Bisharp
|-boost|p1a: Bisharp|atk|2
|
|-heal|p1a: Bisharp|334\/334|[from] item: Leftovers
|turn|39
|
|move|p2a: Karin|Haze|p2a: Karin
|-clearallboost
|move|p1a: Bisharp|Knock Off|p2a: Karin
|-damage|p2a: Karin|182\/393
|
|turn|40
|
|switch|p1a: Venusaur|Venusaur-Mega, F|319\/364
|-damage|p1a: Venusaur|274\/364|[from] Stealth Rock
|move|p2a: Karin|Recover|p2a: Karin
|-heal|p2a: Karin|379\/393
|
|turn|41
|
|switch|p2a: Daichi|Mew, shiny|325\/404
|move|p1a: Venusaur|Leech Seed|p2a: Daichi
|-start|p2a: Daichi|move: Leech Seed
|
|-heal|p2a: Daichi|350\/404|[from] item: Leftovers
|-damage|p2a: Daichi|300\/404|[from] Leech Seed|[of] p1a: Venusaur
|-heal|p1a: Venusaur|324\/364|[silent]
|turn|42
|
|move|p2a: Daichi|Will-O-Wisp|p1a: Venusaur
|-status|p1a: Venusaur|brn
|move|p1a: Venusaur|Giga Drain|p2a: Daichi
|-damage|p2a: Daichi|230\/404
|-heal|p1a: Venusaur|359\/364 brn|[from] drain|[of] p2a: Daichi
|
|-heal|p2a: Daichi|255\/404|[from] item: Leftovers
|-damage|p2a: Daichi|205\/404|[from] Leech Seed|[of] p1a: Venusaur
|-heal|p1a: Venusaur|364\/364 brn|[silent]
|-damage|p1a: Venusaur|319\/364 brn|[from] brn
|turn|43
|
|switch|p1a: Keldeo|Keldeo|163\/323 brn
|-damage|p1a: Keldeo|143\/323 brn|[from] Stealth Rock
|move|p2a: Daichi|Soft-Boiled|p2a: Daichi
|-heal|p2a: Daichi|404\/404
|
|-heal|p1a: Keldeo|163\/323 brn|[from] item: Leftovers
|-damage|p2a: Daichi|354\/404|[from] Leech Seed|[of] p1a: Keldeo
|-heal|p1a: Keldeo|213\/323 brn|[silent]
|-damage|p1a: Keldeo|173\/323 brn|[from] brn
|turn|44
|
|switch|p2a: Karin|Milotic, F|379\/393
|move|p1a: Keldeo|Scald|p2a: Karin
|-resisted|p2a: Karin
|-damage|p2a: Karin|316\/393
|
|-heal|p1a: Keldeo|193\/323 brn|[from] item: Leftovers
|-damage|p1a: Keldeo|153\/323 brn|[from] brn
|turn|45
|
|switch|p1a: Chansey|Chansey, F|300\/684
|-damage|p1a: Chansey|215\/684|[from] Stealth Rock
|move|p2a: Karin|Scald|p1a: Chansey
|-damage|p1a: Chansey|161\/684
|
|turn|46
|
|switch|p2a: Ace|Entei, shiny|136\/371
|-ability|p2a: Ace|Pressure
|move|p1a: Chansey|Soft-Boiled|p1a: Chansey
|-heal|p1a: Chansey|503\/684
|
|turn|47
|
|move|p2a: Ace|Sacred Fire|p1a: Chansey
|-damage|p1a: Chansey|213\/684
|-status|p1a: Chansey|brn
|-damage|p2a: Ace|99\/371|[from] item: Life Orb
|move|p1a: Chansey|Aromatherapy|p1a: Chansey
|-cureteam|p1a: Chansey|[from] move: Aromatherapy
|
|turn|48
|
|switch|p1a: Skarmory|Skarmory, F|334\/334
|-damage|p1a: Skarmory|293\/334|[from] Stealth Rock
|move|p2a: Ace|Sacred Fire|p1a: Skarmory
|-supereffective|p1a: Skarmory
|-damage|p1a: Skarmory|0 fnt
|-damage|p2a: Ace|62\/371|[from] item: Life Orb
|faint|p1a: Skarmory
|
|join|UrsaReign
|
|switch|p1a: Bisharp|Bisharp, F|334\/334
|-damage|p1a: Bisharp|314\/334|[from] Stealth Rock
|turn|49
|c|âMaskedMan|Sacrificed
|
|switch|p2a: Karin|Milotic, F|316\/393
|move|p1a: Bisharp|Sucker Punch|p2a: Karin
|-fail|p2a: Karin
|
|-heal|p1a: Bisharp|334\/334|[from] item: Leftovers
|turn|50
|
|switch|p1a: Venusaur|Venusaur-Mega, F|319\/364
|-damage|p1a: Venusaur|274\/364|[from] Stealth Rock
|move|p2a: Karin|Scald|p1a: Venusaur
|-resisted|p1a: Venusaur
|-damage|p1a: Venusaur|232\/364
|
|turn|51
|
|switch|p2a: Daichi|Mew, shiny|354\/404
|move|p1a: Venusaur|Giga Drain|p2a: Daichi
|-damage|p2a: Daichi|279\/404
|-heal|p1a: Venusaur|270\/364|[from] drain|[of] p2a: Daichi
|
|-heal|p2a: Daichi|304\/404|[from] item: Leftovers
|turn|52
|
|move|p2a: Daichi|Will-O-Wisp|p1a: Venusaur
|-status|p1a: Venusaur|brn
|move|p1a: Venusaur|Leech Seed|p2a: Daichi
|-start|p2a: Daichi|move: Leech Seed
|
|-heal|p2a: Daichi|329\/404|[from] item: Leftovers
|-damage|p2a: Daichi|279\/404|[from] Leech Seed|[of] p1a: Venusaur
|-heal|p1a: Venusaur|320\/364 brn|[silent]
|-damage|p1a: Venusaur|275\/364 brn|[from] brn
|turn|53
|
|move|p2a: Daichi|Knock Off|p1a: Venusaur
|-crit|p1a: Venusaur
|-damage|p1a: Venusaur|228\/364 brn
|move|p1a: Venusaur|Giga Drain|p2a: Daichi
|-damage|p2a: Daichi|206\/404
|-heal|p1a: Venusaur|265\/364 brn|[from] drain|[of] p2a: Daichi
|
|-heal|p2a: Daichi|231\/404|[from] item: Leftovers
|-damage|p2a: Daichi|181\/404|[from] Leech Seed|[of] p1a: Venusaur
|-heal|p1a: Venusaur|315\/364 brn|[silent]
|-damage|p1a: Venusaur|270\/364 brn|[from] brn
|turn|54
|
|switch|p1a: Keldeo|Keldeo|153\/323
|-damage|p1a: Keldeo|133\/323|[from] Stealth Rock
|move|p2a: Daichi|Soft-Boiled|p2a: Daichi
|-heal|p2a: Daichi|383\/404
|
|-heal|p1a: Keldeo|153\/323|[from] item: Leftovers
|-heal|p2a: Daichi|404\/404|[from] item: Leftovers
|-damage|p2a: Daichi|354\/404|[from] Leech Seed|[of] p1a: Keldeo
|-heal|p1a: Keldeo|203\/323|[silent]
|turn|55
|
|switch|p2a: Karin|Milotic, F|316\/393
|move|p1a: Keldeo|Scald|p2a: Karin
|-resisted|p2a: Karin
|-damage|p2a: Karin|262\/393
|
|-heal|p1a: Keldeo|223\/323|[from] item: Leftovers
|turn|56
|
|switch|p1a: Chansey|Chansey, F|213\/684
|-damage|p1a: Chansey|128\/684|[from] Stealth Rock
|move|p2a: Karin|Scald|p1a: Chansey
|-damage|p1a: Chansey|70\/684
|
|turn|57
|
|switch|p2a: Ace|Entei, shiny|62\/371
|-ability|p2a: Ace|Pressure
|move|p1a: Chansey|Soft-Boiled|p1a: Chansey
|-heal|p1a: Chansey|412\/684
|
|turn|58
|
|move|p2a: Ace|Sacred Fire|p1a: Chansey
|-damage|p1a: Chansey|114\/684
|-status|p1a: Chansey|brn
|-damage|p2a: Ace|25\/371|[from] item: Life Orb
|move|p1a: Chansey|Soft-Boiled|p1a: Chansey
|-heal|p1a: Chansey|456\/684 brn
|
|-damage|p1a: Chansey|371\/684 brn|[from] brn
|turn|59
|
|switch|p2a: Daichi|Mew, shiny|354\/404
|move|p1a: Chansey|Soft-Boiled|p1a: Chansey
|-heal|p1a: Chansey|684\/684 brn
|
|-heal|p2a: Daichi|379\/404|[from] item: Leftovers
|-damage|p1a: Chansey|599\/684 brn|[from] brn
|turn|60
|
|move|p2a: Daichi|Knock Off|p1a: Chansey
|-damage|p1a: Chansey|502\/684 brn
|-enditem|p1a: Chansey|Eviolite|[from] move: Knock Off|[of] p2a: Daichi
|move|p1a: Chansey|Thunder Wave|p2a: Daichi
|-status|p2a: Daichi|par
|
|-heal|p2a: Daichi|404\/404 par|[from] item: Leftovers
|-damage|p1a: Chansey|417\/684 brn|[from] brn
|turn|61
|c| UrsaReign|pssshhh dead
|
|switch|p2a: Bason|Excadrill, M|133\/361
|-ability|p2a: Bason|Mold Breaker
|move|p1a: Chansey|Aromatherapy|p1a: Chansey
|-cureteam|p1a: Chansey|[from] move: Aromatherapy
|
|turn|62
|
|move|p2a: Bason|Earthquake|p1a: Chansey
|-damage|p1a: Chansey|48\/684
|move|p1a: Chansey|Seismic Toss|p2a: Bason
|-damage|p2a: Bason|33\/361
|
|turn|63
|
|move|p2a: Bason|Earthquake|p1a: Chansey
|-damage|p1a: Chansey|0 fnt
|faint|p1a: Chansey
|
|
|switch|p1a: Bisharp|Bisharp, F|334\/334
|-damage|p1a: Bisharp|314\/334|[from] Stealth Rock
|turn|64
|
|move|p1a: Bisharp|Sucker Punch|p2a: Bason
|-damage|p2a: Bason|0 fnt
|faint|p2a: Bason
|
|-heal|p1a: Bisharp|334\/334|[from] item: Leftovers
|c|âMaskedMan|not bad
|
|switch|p2a: Karin|Milotic, F|262\/393
|turn|65
|
|switch|p1a: Venusaur|Venusaur-Mega, F|270\/364
|-damage|p1a: Venusaur|225\/364|[from] Stealth Rock
|move|p2a: Karin|Scald|p1a: Venusaur
|-resisted|p1a: Venusaur
|-damage|p1a: Venusaur|183\/364
|-status|p1a: Venusaur|brn
|
|-damage|p1a: Venusaur|138\/364 brn|[from] brn
|turn|66
|
|move|p2a: Karin|Recover|p2a: Karin
|-heal|p2a: Karin|393\/393
|move|p1a: Venusaur|Synthesis|p1a: Venusaur
|-heal|p1a: Venusaur|320\/364 brn
|
|-damage|p1a: Venusaur|275\/364 brn|[from] brn
|turn|67
|
|switch|p2a: Daichi|Mew, shiny|404\/404 par
|move|p1a: Venusaur|Leech Seed|p2a: Daichi
|-start|p2a: Daichi|move: Leech Seed
|
|-damage|p2a: Daichi|354\/404 par|[from] Leech Seed|[of] p1a: Venusaur
|-heal|p1a: Venusaur|325\/364 brn|[silent]
|-damage|p1a: Venusaur|280\/364 brn|[from] brn
|turn|68
|
|switch|p2a: Karin|Milotic, F|393\/393
|move|p1a: Venusaur|Giga Drain|p2a: Karin
|-supereffective|p2a: Karin
|-damage|p2a: Karin|205\/393
|-heal|p1a: Venusaur|364\/364 brn|[from] drain|[of] p2a: Karin
|
|-damage|p1a: Venusaur|319\/364 brn|[from] brn
|turn|69
|
|move|p2a: Karin|Recover|p2a: Karin
|-heal|p2a: Karin|393\/393
|move|p1a: Venusaur|Giga Drain|p2a: Karin
|-supereffective|p2a: Karin
|-damage|p2a: Karin|231\/393
|-heal|p1a: Venusaur|364\/364 brn|[from] drain|[of] p2a: Karin
|
|-damage|p1a: Venusaur|319\/364 brn|[from] brn
|turn|70
|
|move|p2a: Karin|Recover|p2a: Karin
|-heal|p2a: Karin|393\/393
|move|p1a: Venusaur|Giga Drain|p2a: Karin
|-supereffective|p2a: Karin
|-damage|p2a: Karin|217\/393
|-heal|p1a: Venusaur|364\/364 brn|[from] drain|[of] p2a: Karin
|
|-damage|p1a: Venusaur|319\/364 brn|[from] brn
|turn|71
|
|move|p2a: Karin|Recover|p2a: Karin
|-heal|p2a: Karin|393\/393
|move|p1a: Venusaur|Giga Drain|p2a: Karin
|-supereffective|p2a: Karin
|-damage|p2a: Karin|235\/393
|-heal|p1a: Venusaur|364\/364 brn|[from] drain|[of] p2a: Karin
|
|-damage|p1a: Venusaur|319\/364 brn|[from] brn
|turn|72
|
|switch|p2a: Colonel|Sceptile-Mega, M|147\/281
|move|p1a: Venusaur|Giga Drain|p2a: Colonel
|-resisted|p2a: Colonel
|-damage|p2a: Colonel|120\/281
|-heal|p1a: Venusaur|333\/364 brn|[from] drain|[of] p2a: Colonel
|
|-damage|p1a: Venusaur|288\/364 brn|[from] brn
|turn|73
|
|switch|p2a: Daichi|Mew, shiny|354\/404 par
|move|p1a: Venusaur|Hidden Power|p2a: Daichi
|-damage|p2a: Daichi|311\/404 par
|
|-heal|p2a: Daichi|336\/404 par|[from] item: Leftovers
|-damage|p1a: Venusaur|243\/364 brn|[from] brn
|turn|74
|
|switch|p2a: Colonel|Sceptile-Mega, M|120\/281
|move|p1a: Venusaur|Synthesis|p1a: Venusaur
|-heal|p1a: Venusaur|364\/364 brn
|
|-damage|p1a: Venusaur|319\/364 brn|[from] brn
|turn|75
|
|move|p2a: Colonel|Substitute|p2a: Colonel
|-start|p2a: Colonel|Substitute
|-damage|p2a: Colonel|50\/281
|move|p1a: Venusaur|Hidden Power|p2a: Colonel
|-activate|p2a: Colonel|Substitute|[damage]
|
|-damage|p1a: Venusaur|274\/364 brn|[from] brn
|turn|76
|
|move|p2a: Colonel|Dragon Pulse|p1a: Venusaur
|-damage|p1a: Venusaur|121\/364 brn
|move|p1a: Venusaur|Synthesis|p1a: Venusaur
|-heal|p1a: Venusaur|303\/364 brn
|
|-damage|p1a: Venusaur|258\/364 brn|[from] brn
|turn|77
|
|move|p2a: Colonel|Dragon Pulse|p1a: Venusaur
|-damage|p1a: Venusaur|125\/364 brn
|move|p1a: Venusaur|Giga Drain|p2a: Colonel
|-resisted|p2a: Colonel
|-end|p2a: Colonel|Substitute
|-heal|p1a: Venusaur|129\/364 brn|[from] drain|[of] p2a: Colonel
|
|-damage|p1a: Venusaur|84\/364 brn|[from] brn
|turn|78
|
|switch|p1a: Bisharp|Bisharp, F|334\/334
|-damage|p1a: Bisharp|314\/334|[from] Stealth Rock
|move|p2a: Colonel|Focus Blast|p1a: Bisharp
|-supereffective|p1a: Bisharp
|-damage|p1a: Bisharp|0 fnt
|faint|p1a: Bisharp
|
|c|âMaskedMan|WP.
|
|switch|p1a: Keldeo|Keldeo|223\/323
|-damage|p1a: Keldeo|203\/323|[from] Stealth Rock
|turn|79
|
|move|p2a: Colonel|Giga Drain|p1a: Keldeo
|-supereffective|p1a: Keldeo
|-damage|p1a: Keldeo|0 fnt
|-heal|p2a: Colonel|152\/281|[from] drain|[of] p1a: Keldeo
|faint|p1a: Keldeo
|
|-message|Aka DH forfeited.
|
|win|MaskedMan
|raw|Ladder updating...
|leave|Aka DH
|player|p1
|raw|Aka DH's rating: 1738 &rarr; <strong>1711<\/strong><br \/>(-27 for losing)
|raw|MaskedMan's rating: 1614 &rarr; <strong>1641<\/strong><br \/>(+27 for winning)