|join|ladelicieuseteam
|join|Aka DH
|player|p1|ladelicieuseteam|265
|player|p2|Aka DH|169
|gametype|singles
|gen|6
|tier|OU (suspect test)
|rated
|clearpoke
|poke|p1|Sableye, F
|poke|p1|Chansey, F
|poke|p1|Quagsire, F
|poke|p1|Bisharp, M
|poke|p1|Gothitelle, F
|poke|p1|Skarmory, M
|poke|p2|Bisharp, M
|poke|p2|Venusaur, M
|poke|p2|Heatran, F
|poke|p2|Keldeo
|poke|p2|Chansey, F
|poke|p2|Skarmory, F
|rule|Swagger Clause: Swagger is banned
|rule|Baton Pass Clause: Limit one PokÃ©mon knowing Baton Pass
|rule|Sleep Clause Mod: Limit one foe put to sleep
|rule|Species Clause: Limit one of each PokÃ©mon
|rule|OHKO Clause: OHKO moves are banned
|rule|Moody Clause: Moody is banned
|rule|Evasion Moves Clause: Evasion moves are banned
|rule|Endless Battle Clause: Forcing endless battles is banned
|rule|HP Percentage Mod: HP is shown in percentages
|teampreview
Aka DH made this room hidden.
|
|start
|switch|p1a: Gothitelle|Gothitelle, F|334\/334
|switch|p2a: Keldeo|Keldeo|323\/323
|turn|1
|
|switch|p1a: Chansey|Chansey, F|703\/703
|move|p2a: Keldeo|Scald|p1a: Chansey
|-damage|p1a: Chansey|613\/703
|-status|p1a: Chansey|brn
|
|-damage|p1a: Chansey|526\/703 brn|[from] brn
|turn|2
|
|switch|p1a: Gothitelle|Gothitelle, F|334\/334
|move|p2a: Keldeo|Calm Mind|p2a: Keldeo
|-boost|p2a: Keldeo|spa|1
|-boost|p2a: Keldeo|spd|1
|
|turn|3
|
|move|p1a: Gothitelle|Trick|p2a: Keldeo
|-activate|p1a: Gothitelle|move: Trick|[of] p2a: Keldeo
|-item|p2a: Keldeo|Choice Scarf|[from] move: Trick
|-item|p1a: Gothitelle|Leftovers|[from] move: Trick
|move|p2a: Keldeo|Scald|p1a: Gothitelle
|-damage|p1a: Gothitelle|150\/334
|
|-heal|p1a: Gothitelle|170\/334|[from] item: Leftovers
|turn|4
|
|switch|p1a: Chansey|Chansey, F|526\/703
|move|p2a: Keldeo|Scald|p1a: Chansey
|-damage|p1a: Chansey|394\/703
|-status|p1a: Chansey|brn
|
|-damage|p1a: Chansey|307\/703 brn|[from] brn
|turn|5
|
|switch|p2a: Heatran|Heatran, F|340\/340
|-item|p2a: Heatran|Air Balloon
|move|p1a: Chansey|Soft-Boiled|p1a: Chansey
|-heal|p1a: Chansey|659\/703 brn
|
|-damage|p1a: Chansey|572\/703 brn|[from] brn
|turn|6
|
|switch|p1a: Gothitelle|Gothitelle, F|170\/334
|move|p2a: Heatran|Stealth Rock|p1a: Gothitelle
|-sidestart|p1: ladelicieuseteam|move: Stealth Rock
|
|-heal|p1a: Gothitelle|190\/334|[from] item: Leftovers
|turn|7
|
|switch|p1a: Chansey|Chansey, F|572\/703
|-damage|p1a: Chansey|485\/703|[from] Stealth Rock
|move|p2a: Heatran|Fire Blast|p1a: Chansey
|-damage|p1a: Chansey|377\/703
|
|turn|8
|
|move|p2a: Heatran|Taunt|p1a: Chansey
|-start|p1a: Chansey|move: Taunt
|move|p1a: Chansey|Seismic Toss|p2a: Heatran
|-damage|p2a: Heatran|240\/340
|-enditem|p2a: Heatran|Air Balloon
|
|turn|9
|
|switch|p2a: Bisharp|Bisharp, M|334\/334
|move|p1a: Chansey|Seismic Toss|p2a: Bisharp
|-damage|p2a: Bisharp|234\/334
|
|-heal|p2a: Bisharp|254\/334|[from] item: Leftovers
|turn|10
|
|switch|p1a: Quagsire|Quagsire, F|394\/394
|-damage|p1a: Quagsire|370\/394|[from] Stealth Rock
|move|p2a: Bisharp|Knock Off|p1a: Quagsire
|-damage|p1a: Quagsire|229\/394
|-enditem|p1a: Quagsire|Leftovers|[from] move: Knock Off|[of] p2a: Bisharp
|
|-heal|p2a: Bisharp|274\/334|[from] item: Leftovers
|turn|11
|
|switch|p2a: Venusaur|Venusaur, M|364\/364
|switch|p1a: Sableye|Sableye, F|304\/304
|-damage|p1a: Sableye|266\/304|[from] Stealth Rock
|
|turn|12
|
|switch|p2a: Keldeo|Keldeo|323\/323
|detailschange|p1a: Sableye|Sableye-Mega, F
|-mega|p1a: Sableye|Sableye|Sablenite
|move|p1a: Sableye|Snarl|p2a: Keldeo
|-resisted|p2a: Keldeo
|-damage|p2a: Keldeo|291\/323
|-boost|p2a: Keldeo|atk|1|[from] ability: Justified
|-unboost|p2a: Keldeo|spa|1
|
|turn|13
|
|switch|p2a: Heatran|Heatran, F|240\/340
|move|p1a: Sableye|Recover|p1a: Sableye
|-heal|p1a: Sableye|304\/304
|
|turn|14
|
|move|p2a: Heatran|Fire Blast|p1a: Sableye
|-damage|p1a: Sableye|192\/304
|move|p1a: Sableye|Calm Mind|p1a: Sableye
|-boost|p1a: Sableye|spa|1
|-boost|p1a: Sableye|spd|1
|
|turn|15
|
|move|p2a: Heatran|Fire Blast|p1a: Sableye
|-damage|p1a: Sableye|110\/304
|move|p1a: Sableye|Recover|p1a: Sableye
|-heal|p1a: Sableye|262\/304
|
|turn|16
|
|switch|p2a: Bisharp|Bisharp, M|274\/334
|move|p1a: Sableye|Calm Mind|p1a: Sableye
|-boost|p1a: Sableye|spa|1
|-boost|p1a: Sableye|spd|1
|
|-heal|p2a: Bisharp|294\/334|[from] item: Leftovers
|turn|17
|
|move|p2a: Bisharp|Iron Head|p1a: Sableye
|-crit|p1a: Sableye
|-damage|p1a: Sableye|90\/304
|move|p1a: Sableye|Will-O-Wisp|p2a: Bisharp
|-status|p2a: Bisharp|brn
|
|-heal|p2a: Bisharp|314\/334 brn|[from] item: Leftovers
|-damage|p2a: Bisharp|273\/334 brn|[from] brn
|turn|18
|
|move|p2a: Bisharp|Iron Head|p1a: Sableye
|-damage|p1a: Sableye|32\/304
|move|p1a: Sableye|Recover|p1a: Sableye
|-heal|p1a: Sableye|184\/304
|
|-heal|p2a: Bisharp|293\/334 brn|[from] item: Leftovers
|-damage|p2a: Bisharp|252\/334 brn|[from] brn
|turn|19
|
|switch|p2a: Keldeo|Keldeo|291\/323
|move|p1a: Sableye|Recover|p1a: Sableye
|-heal|p1a: Sableye|304\/304
|
|turn|20
|
|move|p2a: Keldeo|Scald|p1a: Sableye
|-damage|p1a: Sableye|250\/304
|-status|p1a: Sableye|brn
|move|p1a: Sableye|Snarl|p2a: Keldeo
|-resisted|p2a: Keldeo
|-damage|p2a: Keldeo|224\/323
|-boost|p2a: Keldeo|atk|1|[from] ability: Justified
|-unboost|p2a: Keldeo|spa|1
|
|-damage|p1a: Sableye|212\/304 brn|[from] brn
|turn|21
|
|switch|p2a: Chansey|Chansey, F|684\/684
|move|p1a: Sableye|Snarl|p2a: Chansey
|-damage|p2a: Chansey|621\/684
|-unboost|p2a: Chansey|spa|1
|
|-damage|p1a: Sableye|174\/304 brn|[from] brn
|turn|22
|
|move|p2a: Chansey|Aromatherapy|p2a: Chansey
|-cureteam|p2a: Chansey|[from] move: Aromatherapy
|move|p1a: Sableye|Recover|p1a: Sableye
|-heal|p1a: Sableye|304\/304 brn
|
|-damage|p1a: Sableye|266\/304 brn|[from] brn
|turn|23
|
|switch|p2a: Heatran|Heatran, F|240\/340
|move|p1a: Sableye|Will-O-Wisp|p2a: Heatran
|-start|p2a: Heatran|ability: Flash Fire
|
|-damage|p1a: Sableye|228\/304 brn|[from] brn
|turn|24
|
|move|p2a: Heatran|Fire Blast|p1a: Sableye
|-damage|p1a: Sableye|143\/304 brn
|move|p1a: Sableye|Snarl|p2a: Heatran
|-damage|p2a: Heatran|128\/340
|-unboost|p2a: Heatran|spa|1
|
|-damage|p1a: Sableye|105\/304 brn|[from] brn
|turn|25
|
|switch|p2a: Bisharp|Bisharp, M|252\/334
|move|p1a: Sableye|Recover|p1a: Sableye
|-heal|p1a: Sableye|257\/304 brn
|
|-heal|p2a: Bisharp|272\/334|[from] item: Leftovers
|-damage|p1a: Sableye|219\/304 brn|[from] brn
|turn|26
|
|switch|p1a: Skarmory|Skarmory, M|333\/333
|-damage|p1a: Skarmory|292\/333|[from] Stealth Rock
|move|p2a: Bisharp|Iron Head|p1a: Skarmory
|-resisted|p1a: Skarmory
|-damage|p1a: Skarmory|247\/333
|-damage|p2a: Bisharp|217\/334|[from] item: Rocky Helmet|[of] p1a: Skarmory
|
|-heal|p2a: Bisharp|237\/334|[from] item: Leftovers
|turn|27
|
|switch|p2a: Heatran|Heatran, F|128\/340
|move|p1a: Skarmory|Roost|p1a: Skarmory
|-heal|p1a: Skarmory|333\/333
|
|turn|28
|
|switch|p1a: Chansey|Chansey, F|377\/703
|-damage|p1a: Chansey|290\/703|[from] Stealth Rock
|move|p2a: Heatran|Fire Blast|p1a: Chansey
|-damage|p1a: Chansey|193\/703
|
|turn|29
|
|move|p2a: Heatran|Taunt|p1a: Chansey
|-start|p1a: Chansey|move: Taunt
|cant|p1a: Chansey|move: Taunt|Soft-Boiled
|
|turn|30
|
|switch|p2a: Skarmory|Skarmory, F|334\/334
|switch|p1a: Quagsire|Quagsire, F|229\/394
|-damage|p1a: Quagsire|205\/394|[from] Stealth Rock
|
|turn|31
|
|move|p2a: Skarmory|Spikes|p1a: Quagsire
|-sidestart|p1: ladelicieuseteam|Spikes
|move|p1a: Quagsire|Recover|p1a: Quagsire
|-heal|p1a: Quagsire|394\/394
|
|turn|32
|
|switch|p1a: Skarmory|Skarmory, M|333\/333
|-damage|p1a: Skarmory|292\/333|[from] Stealth Rock
|move|p2a: Skarmory|Whirlwind|p1a: Skarmory
|drag|p1a: Gothitelle|Gothitelle, F|190\/334
|-damage|p1a: Gothitelle|149\/334|[from] Stealth Rock
|-damage|p1a: Gothitelle|108\/334|[from] Spikes
|
|-heal|p1a: Gothitelle|128\/334|[from] item: Leftovers
|turn|33
|
|move|p1a: Gothitelle|Heal Bell|p1a: Gothitelle
|-cureteam|p1a: Gothitelle|[from] move: HealBell
|move|p2a: Skarmory|Whirlwind|p1a: Gothitelle
|drag|p1a: Skarmory|Skarmory, M|292\/333
|-damage|p1a: Skarmory|251\/333|[from] Stealth Rock
|
|turn|34
|
|switch|p2a: Heatran|Heatran, F|128\/340
|move|p1a: Skarmory|Defog|p2a: Heatran
|-unboost|p2a: Heatran|evasion|1
|-sideend|p1: ladelicieuseteam|Spikes|[from] move: Defog|[of] p1a: Skarmory
|-sideend|p1: ladelicieuseteam|Stealth Rock|[from] move: Defog|[of] p1a: Skarmory
|
|turn|35
|
|move|p2a: Heatran|Fire Blast|p1a: Skarmory
|-supereffective|p1a: Skarmory
|-damage|p1a: Skarmory|0 fnt
|faint|p1a: Skarmory
|
|
|switch|p1a: Bisharp|Bisharp, M|319\/319
|turn|36
|
|move|p2a: Heatran|Fire Blast|p1a: Bisharp
|-supereffective|p1a: Bisharp
|-damage|p1a: Bisharp|11\/319
|move|p1a: Bisharp|Pursuit|p2a: Heatran
|-damage|p2a: Heatran|64\/340
|
|turn|37
|
|move|p2a: Heatran|Stealth Rock|p1a: Bisharp
|-sidestart|p1: ladelicieuseteam|move: Stealth Rock
|move|p1a: Bisharp|Knock Off|p2a: Heatran
|-damage|p2a: Heatran|0 fnt
|faint|p2a: Heatran
|
|
|switch|p2a: Skarmory|Skarmory, F|334\/334
|turn|38
|
|switch|p1a: Sableye|Sableye-Mega, F|219\/304
|-damage|p1a: Sableye|181\/304|[from] Stealth Rock
|move|p2a: Skarmory|Spikes|p1a: Sableye
|move|p1a: Sableye|Spikes|p2a: Skarmory|[from]Magic Bounce
|-sidestart|p2: Aka DH|Spikes
|
|turn|39
|
|switch|p2a: Keldeo|Keldeo|224\/323
|-damage|p2a: Keldeo|184\/323|[from] Spikes
|move|p1a: Sableye|Recover|p1a: Sableye
|-heal|p1a: Sableye|304\/304
|
|turn|40
|
|switch|p1a: Bisharp|Bisharp, M|11\/319
|-damage|p1a: Bisharp|0 fnt|[from] Stealth Rock
|faint|p1a: Bisharp
|move|p2a: Keldeo|Scald|p1: Bisharp|[notarget]
|-notarget
|
|
|switch|p1a: Chansey|Chansey, F|193\/703
|-damage|p1a: Chansey|106\/703|[from] Stealth Rock
|turn|41
|
|move|p2a: Keldeo|Scald|p1a: Chansey
|-damage|p1a: Chansey|21\/703
|move|p1a: Chansey|Soft-Boiled|p1a: Chansey
|-heal|p1a: Chansey|373\/703
|
|turn|42
|
|switch|p2a: Skarmory|Skarmory, F|334\/334
|move|p1a: Chansey|Stealth Rock|p2a: Skarmory
|-sidestart|p2: Aka DH|move: Stealth Rock
|
|turn|43
|
|move|p2a: Skarmory|Brave Bird|p1a: Chansey
|-damage|p1a: Chansey|226\/703
|-damage|p2a: Skarmory|285\/334|[from] recoil|[of] p1a: Chansey
|move|p1a: Chansey|Wish|p1a: Chansey
|
|turn|44
|
|move|p1a: Chansey|Soft-Boiled|p1a: Chansey
|-heal|p1a: Chansey|578\/703
|move|p2a: Skarmory|Whirlwind|p1a: Chansey
|drag|p1a: Sableye|Sableye-Mega, F|304\/304
|-damage|p1a: Sableye|266\/304|[from] Stealth Rock
|
|-heal|p1a: Sableye|304\/304|[from] move: Wish|[wisher] Chansey
|turn|45
|
|switch|p2a: Keldeo|Keldeo|184\/323
|-damage|p2a: Keldeo|144\/323|[from] Spikes
|-damage|p2a: Keldeo|124\/323|[from] Stealth Rock
|move|p1a: Sableye|Snarl|p2a: Keldeo
|-resisted|p2a: Keldeo
|-damage|p2a: Keldeo|93\/323
|-boost|p2a: Keldeo|atk|1|[from] ability: Justified
|-unboost|p2a: Keldeo|spa|1
|
|turn|46
|
|move|p2a: Keldeo|Scald|p1a: Sableye
|-damage|p1a: Sableye|232\/304
|move|p1a: Sableye|Snarl|p2a: Keldeo
|-crit|p2a: Keldeo
|-resisted|p2a: Keldeo
|-damage|p2a: Keldeo|42\/323
|-boost|p2a: Keldeo|atk|1|[from] ability: Justified
|-unboost|p2a: Keldeo|spa|1
|
|turn|47
|
|switch|p2a: Bisharp|Bisharp, M|237\/334
|-damage|p2a: Bisharp|217\/334|[from] Stealth Rock
|-damage|p2a: Bisharp|176\/334|[from] Spikes
|switch|p1a: Chansey|Chansey, F|578\/703
|-damage|p1a: Chansey|491\/703|[from] Stealth Rock
|
|-heal|p2a: Bisharp|196\/334|[from] item: Leftovers
|turn|48
|
|switch|p1a: Quagsire|Quagsire, F|394\/394
|-damage|p1a: Quagsire|370\/394|[from] Stealth Rock
|move|p2a: Bisharp|Knock Off|p1a: Quagsire
|-damage|p1a: Quagsire|268\/394
|
|-heal|p2a: Bisharp|216\/334|[from] item: Leftovers
|turn|49
|
|switch|p2a: Skarmory|Skarmory, F|285\/334
|-damage|p2a: Skarmory|244\/334|[from] Stealth Rock
|move|p1a: Quagsire|Scald|p2a: Skarmory
|-damage|p2a: Skarmory|175\/334
|-status|p2a: Skarmory|brn
|
|-damage|p2a: Skarmory|134\/334 brn|[from] brn
|turn|50
|
|switch|p1a: Sableye|Sableye-Mega, F|232\/304
|-damage|p1a: Sableye|194\/304|[from] Stealth Rock
|move|p2a: Skarmory|Whirlwind|p1a: Sableye
|move|p1a: Sableye|Whirlwind|p2a: Skarmory|[from]Magic Bounce
|drag|p2a: Venusaur|Venusaur, M|364\/364
|-damage|p2a: Venusaur|319\/364|[from] Stealth Rock
|-damage|p2a: Venusaur|274\/364|[from] Spikes
|
|turn|51
|
|detailschange|p2a: Venusaur|Venusaur-Mega, M
|-mega|p2a: Venusaur|Venusaur|Venusaurite
|move|p2a: Venusaur|Giga Drain|p1a: Sableye
|-damage|p1a: Sableye|121\/304
|-heal|p2a: Venusaur|311\/364|[from] drain|[of] p1a: Sableye
|move|p1a: Sableye|Recover|p1a: Sableye
|-heal|p1a: Sableye|273\/304
|
|turn|52
|
|switch|p2a: Keldeo|Keldeo|42\/323
|-damage|p2a: Keldeo|2\/323|[from] Spikes
|-damage|p2a: Keldeo|0 fnt|[from] Stealth Rock
|faint|p2a: Keldeo
|move|p1a: Sableye|Will-O-Wisp|p2: Keldeo|[notarget]
|-notarget
|
|
|switch|p2a: Bisharp|Bisharp, M|216\/334
|-damage|p2a: Bisharp|196\/334|[from] Stealth Rock
|-damage|p2a: Bisharp|155\/334|[from] Spikes
|turn|53
|
|move|p2a: Bisharp|Swords Dance|p2a: Bisharp
|-boost|p2a: Bisharp|atk|2
|move|p1a: Sableye|Will-O-Wisp|p2a: Bisharp
|-status|p2a: Bisharp|brn
|
|-heal|p2a: Bisharp|175\/334 brn|[from] item: Leftovers
|-damage|p2a: Bisharp|134\/334 brn|[from] brn
|turn|54
|-message|Aka DH forfeited.
|leave|Aka DH
|
|win|ladelicieuseteam
|raw|Ladder updating...
|player|p2
|raw|ladelicieuseteam's rating: 1566 &rarr; <strong>1584<\/strong><br \/>(+18 for winning)
|raw|Aka DH's rating: 1526 &rarr; <strong>1509<\/strong><br \/>(-17 for losing)