|join|Aka DH
|join|LeoDamin
|player|p1|Aka DH|169
|player|p2|LeoDamin|87
|gametype|singles
|gen|6
|tier|OU (suspect test)
|rated
|clearpoke
|poke|p1|Bisharp, F
|poke|p1|Venusaur, M
|poke|p1|Heatran, F
|poke|p1|Keldeo
|poke|p1|Chansey, F
|poke|p1|Skarmory, F
|poke|p2|Celebi
|poke|p2|Metagross
|poke|p2|Heatran, F
|poke|p2|Keldeo
|poke|p2|Landorus-Therian, M
|poke|p2|Tornadus-Therian, M
|rule|Swagger Clause: Swagger is banned
|rule|Baton Pass Clause: Limit one PokÃ©mon knowing Baton Pass
|rule|Sleep Clause Mod: Limit one foe put to sleep
|rule|Species Clause: Limit one of each PokÃ©mon
|rule|OHKO Clause: OHKO moves are banned
|rule|Moody Clause: Moody is banned
|rule|Evasion Moves Clause: Evasion moves are banned
|rule|Endless Battle Clause: Forcing endless battles is banned
|rule|HP Percentage Mod: HP is shown in percentages
|teampreview
|
|start
|switch|p1a: Heatran|Heatran, F|340\/340
|switch|p2a: Heatran|Heatran, F|385\/385
|-item|p1a: Heatran|Air Balloon
|turn|1
|
|move|p1a: Heatran|Stealth Rock|p2a: Heatran
|-sidestart|p2: LeoDamin|move: Stealth Rock
|move|p2a: Heatran|Taunt|p1a: Heatran
|-start|p1a: Heatran|move: Taunt
|
|turn|2
|c|âLeoDamin|aw
|c|âLeoDamin|]:
|c|âLeoDamin|rofl
|join|AMlovu
|
|switch|p1a: Keldeo|Keldeo|323\/323
|move|p2a: Heatran|Stealth Rock|p1a: Keldeo
|-sidestart|p1: Aka DH|move: Stealth Rock
|
|turn|3
|
|switch|p2a: Celebi|Celebi|403\/403
|-damage|p2a: Celebi|353\/403|[from] Stealth Rock
|move|p1a: Keldeo|Scald|p2a: Celebi
|-resisted|p2a: Celebi
|-damage|p2a: Celebi|302\/403
|
|-heal|p2a: Celebi|327\/403|[from] item: Leftovers
|turn|4
|c| AMlovu|ewww,that team is lame
|
|switch|p1a: Bisharp|Bisharp, F|334\/334
|-damage|p1a: Bisharp|314\/334|[from] Stealth Rock
|move|p2a: Celebi|Baton Pass|p2a: Celebi
|
|switch|p2a: Keldeo|Keldeo|323\/323
|-damage|p2a: Keldeo|303\/323|[from] Stealth Rock
|
|-heal|p1a: Bisharp|334\/334|[from] item: Leftovers
|turn|5
|
|switch|p1a: Venusaur|Venusaur, M|364\/364
|-damage|p1a: Venusaur|319\/364|[from] Stealth Rock
|move|p2a: Keldeo|Secret Sword|p1a: Venusaur
|-resisted|p1a: Venusaur
|-damage|p1a: Venusaur|254\/364
|
|turn|6
|
|switch|p2a: Celebi|Celebi|327\/403
|-damage|p2a: Celebi|277\/403|[from] Stealth Rock
|detailschange|p1a: Venusaur|Venusaur-Mega, M
|-mega|p1a: Venusaur|Venusaur|Venusaurite
|move|p1a: Venusaur|Synthesis|p1a: Venusaur
|-heal|p1a: Venusaur|364\/364
|
|-heal|p2a: Celebi|302\/403|[from] item: Leftovers
|turn|7
|
|switch|p1a: Bisharp|Bisharp, F|334\/334
|-damage|p1a: Bisharp|314\/334|[from] Stealth Rock
|move|p2a: Celebi|Baton Pass|p2a: Celebi
|
|switch|p2a: Keldeo|Keldeo|303\/323
|-damage|p2a: Keldeo|283\/323|[from] Stealth Rock
|
|-heal|p1a: Bisharp|334\/334|[from] item: Leftovers
|turn|8
|
|switch|p1a: Venusaur|Venusaur-Mega, M|364\/364
|-damage|p1a: Venusaur|319\/364|[from] Stealth Rock
|move|p2a: Keldeo|Secret Sword|p1a: Venusaur
|-resisted|p1a: Venusaur
|-damage|p1a: Venusaur|272\/364
|
|turn|9
|c| AMlovu|that venutran team so lame
|
|switch|p2a: Metagross|Metagross|301\/301
|-damage|p2a: Metagross|283\/301|[from] Stealth Rock
|switch|p1a: Bisharp|Bisharp, F|334\/334
|-damage|p1a: Bisharp|314\/334|[from] Stealth Rock
|
|-heal|p1a: Bisharp|334\/334|[from] item: Leftovers
|turn|10
|
|switch|p2a: Keldeo|Keldeo|283\/323
|-damage|p2a: Keldeo|263\/323|[from] Stealth Rock
|switch|p1a: Skarmory|Skarmory, F|334\/334
|-damage|p1a: Skarmory|293\/334|[from] Stealth Rock
|
|turn|11
|
|switch|p2a: Tornadus-Therian|Tornadus-Therian, M|299\/299
|-damage|p2a: Tornadus-Therian|225\/299|[from] Stealth Rock
|switch|p1a: Venusaur|Venusaur-Mega, M|272\/364
|-damage|p1a: Venusaur|227\/364|[from] Stealth Rock
|
|turn|12
|
|switch|p1a: Chansey|Chansey, F|684\/684
|-damage|p1a: Chansey|599\/684|[from] Stealth Rock
|move|p2a: Tornadus-Therian|Knock Off|p1a: Chansey
|-damage|p1a: Chansey|469\/684
|-enditem|p1a: Chansey|Eviolite|[from] move: Knock Off|[of] p2a: Tornadus-Therian
|-damage|p2a: Tornadus-Therian|196\/299|[from] item: Life Orb
|
|turn|13
|c|âLeoDamin|yaas
|c| AMlovu|that venutran team so lame
|
|move|p2a: Tornadus-Therian|U-turn|p1a: Chansey
|-crit|p1a: Chansey
|-damage|p1a: Chansey|232\/684
|-damage|p2a: Tornadus-Therian|167\/299|[from] item: Life Orb
|c|âLeoDamin|lol
|
|switch|p2a: Metagross|Metagross|283\/301
|-damage|p2a: Metagross|265\/301|[from] Stealth Rock
|move|p1a: Chansey|Soft-Boiled|p1a: Chansey
|-heal|p1a: Chansey|574\/684
|
|turn|14
|
|detailschange|p2a: Metagross|Metagross-Mega
|-mega|p2a: Metagross|Metagross|Metagrossite
|move|p2a: Metagross|Hammer Arm|p1a: Chansey
|-supereffective|p1a: Chansey
|-damage|p1a: Chansey|0 fnt
|-unboost|p2a: Metagross|spe|1
|faint|p1a: Chansey
|
|c|âLeoDamin|gone
|
|switch|p1a: Skarmory|Skarmory, F|293\/334
|-damage|p1a: Skarmory|252\/334|[from] Stealth Rock
|turn|15
|
|switch|p2a: Heatran|Heatran, F|385\/385
|-damage|p2a: Heatran|337\/385|[from] Stealth Rock
|move|p1a: Skarmory|Spikes|p2a: Heatran
|-sidestart|p2: LeoDamin|Spikes
|
|-heal|p2a: Heatran|361\/385|[from] item: Leftovers
|turn|16
|
|switch|p2a: Keldeo|Keldeo|263\/323
|-damage|p2a: Keldeo|243\/323|[from] Stealth Rock
|-damage|p2a: Keldeo|203\/323|[from] Spikes
|switch|p1a: Heatran|Heatran, F|340\/340
|-damage|p1a: Heatran|298\/340|[from] Stealth Rock
|-item|p1a: Heatran|Air Balloon
|
|turn|17
|
|switch|p1a: Venusaur|Venusaur-Mega, M|227\/364
|-damage|p1a: Venusaur|182\/364|[from] Stealth Rock
|move|p2a: Keldeo|Hydro Pump|p1a: Venusaur
|-resisted|p1a: Venusaur
|-damage|p1a: Venusaur|100\/364
|
|turn|18
|join|Swaqfeq
|
|switch|p2a: Tornadus-Therian|Tornadus-Therian, M|266\/299
|-damage|p2a: Tornadus-Therian|192\/299|[from] Stealth Rock
|move|p1a: Venusaur|Synthesis|p1a: Venusaur
|-heal|p1a: Venusaur|282\/364
|
|turn|19
|
|switch|p1a: Heatran|Heatran, F|298\/340
|-damage|p1a: Heatran|256\/340|[from] Stealth Rock
|-item|p1a: Heatran|Air Balloon
|move|p2a: Tornadus-Therian|Hurricane|p1a: Heatran|[miss]
|-miss|p2a: Tornadus-Therian|p1a: Heatran
|
|turn|20
|c|âLeoDamin|aw
|c| AMlovu|LeoDamin if u loose to such lame tem u should probably jump from the roof
|c| Swaqfeq|>lame team
|c|âLeoDamin|]:
|
|move|p2a: Tornadus-Therian|Focus Blast|p1a: Heatran
|-supereffective|p1a: Heatran
|-damage|p1a: Heatran|0 fnt
|-enditem|p1a: Heatran|Air Balloon
|-damage|p2a: Tornadus-Therian|163\/299|[from] item: Life Orb
|faint|p1a: Heatran
|
|
|switch|p1a: Bisharp|Bisharp, F|334\/334
|-damage|p1a: Bisharp|314\/334|[from] Stealth Rock
|turn|21
|
|switch|p2a: Keldeo|Keldeo|203\/323
|-damage|p2a: Keldeo|163\/323|[from] Spikes
|-damage|p2a: Keldeo|143\/323|[from] Stealth Rock
|move|p1a: Bisharp|Sucker Punch|p2a: Keldeo
|-fail|p2a: Keldeo
|
|-heal|p1a: Bisharp|334\/334|[from] item: Leftovers
|turn|22
|
|switch|p2a: Tornadus-Therian|Tornadus-Therian, M|262\/299
|-damage|p2a: Tornadus-Therian|188\/299|[from] Stealth Rock
|switch|p1a: Venusaur|Venusaur-Mega, M|282\/364
|-damage|p1a: Venusaur|237\/364|[from] Stealth Rock
|
|turn|23
|
|switch|p1a: Bisharp|Bisharp, F|334\/334
|-damage|p1a: Bisharp|314\/334|[from] Stealth Rock
|move|p2a: Tornadus-Therian|Hurricane|p1a: Bisharp
|-resisted|p1a: Bisharp
|-damage|p1a: Bisharp|159\/334
|-damage|p2a: Tornadus-Therian|159\/299|[from] item: Life Orb
|
|-heal|p1a: Bisharp|179\/334|[from] item: Leftovers
|turn|24
|
|move|p1a: Bisharp|Sucker Punch|p2a: Tornadus-Therian
|-damage|p2a: Tornadus-Therian|0 fnt
|faint|p2a: Tornadus-Therian
|
|-heal|p1a: Bisharp|199\/334|[from] item: Leftovers
|c|âLeoDamin|ok
|c|âLeoDamin|I missplayed now
|
|switch|p2a: Heatran|Heatran, F|361\/385
|-damage|p2a: Heatran|313\/385|[from] Stealth Rock
|-damage|p2a: Heatran|265\/385|[from] Spikes
|turn|25
|c| AMlovu|tip-this guy stays in heatran vs mega heracross
|
|switch|p1a: Keldeo|Keldeo|323\/323
|-damage|p1a: Keldeo|303\/323|[from] Stealth Rock
|move|p2a: Heatran|Lava Plume|p1a: Keldeo
|-resisted|p1a: Keldeo
|-damage|p1a: Keldeo|235\/323
|
|-heal|p1a: Keldeo|255\/323|[from] item: Leftovers
|-heal|p2a: Heatran|289\/385|[from] item: Leftovers
|turn|26
|c|âLeoDamin|oh
|c|âLeoDamin|Ok
|c|âLeoDamin|rofl
|
|switch|p2a: Celebi|Celebi|302\/403
|-damage|p2a: Celebi|252\/403|[from] Stealth Rock
|-damage|p2a: Celebi|202\/403|[from] Spikes
|move|p1a: Keldeo|Scald|p2a: Celebi
|-resisted|p2a: Celebi
|-damage|p2a: Celebi|151\/403
|
|-heal|p1a: Keldeo|275\/323|[from] item: Leftovers
|-heal|p2a: Celebi|176\/403|[from] item: Leftovers
|turn|27
|
|switch|p1a: Bisharp|Bisharp, F|199\/334
|-damage|p1a: Bisharp|179\/334|[from] Stealth Rock
|move|p2a: Celebi|Recover|p2a: Celebi
|-heal|p2a: Celebi|378\/403
|
|-heal|p2a: Celebi|403\/403|[from] item: Leftovers
|-heal|p1a: Bisharp|199\/334|[from] item: Leftovers
|turn|28
|
|move|p2a: Celebi|Nasty Plot|p2a: Celebi
|-boost|p2a: Celebi|spa|2
|move|p1a: Bisharp|Knock Off|p2a: Celebi
|-supereffective|p2a: Celebi
|-damage|p2a: Celebi|47\/403
|-enditem|p2a: Celebi|Leftovers|[from] move: Knock Off|[of] p1a: Bisharp
|
|-heal|p1a: Bisharp|219\/334|[from] item: Leftovers
|turn|29
|c| Swaqfeq|nice play
|c|âLeoDamin|]:
|
|move|p2a: Celebi|Recover|p2a: Celebi
|-heal|p2a: Celebi|249\/403
|move|p1a: Bisharp|Knock Off|p2a: Celebi
|-supereffective|p2a: Celebi
|-damage|p2a: Celebi|25\/403
|
|-heal|p1a: Bisharp|239\/334|[from] item: Leftovers
|turn|30
|c| Swaqfeq|dude
|c| Swaqfeq|baton pass that shit
|c|âLeoDamin|If I do it
|c|âLeoDamin|I lose
|c|âLeoDamin|lol
|
|move|p2a: Celebi|Recover|p2a: Celebi
|-heal|p2a: Celebi|227\/403
|move|p1a: Bisharp|Knock Off|p2a: Celebi
|-supereffective|p2a: Celebi
|-damage|p2a: Celebi|0 fnt
|faint|p2a: Celebi
|
|-heal|p1a: Bisharp|259\/334|[from] item: Leftovers
|c| AMlovu|earthpower that shit
|
|switch|p2a: Heatran|Heatran, F|289\/385
|-damage|p2a: Heatran|241\/385|[from] Stealth Rock
|-damage|p2a: Heatran|193\/385|[from] Spikes
|turn|31
|c|âLeoDamin|I couldn't bpass to keldeo
|c|âLeoDamin|nor heatran
|
|switch|p2a: Metagross|Metagross-Mega|265\/301
|-damage|p2a: Metagross|247\/301|[from] Stealth Rock
|-damage|p2a: Metagross|210\/301|[from] Spikes
|switch|p1a: Keldeo|Keldeo|275\/323
|-damage|p1a: Keldeo|255\/323|[from] Stealth Rock
|
|-heal|p1a: Keldeo|275\/323|[from] item: Leftovers
|turn|32
|c| AMlovu|use thunder punch
|
|switch|p2a: Heatran|Heatran, F|193\/385
|-damage|p2a: Heatran|145\/385|[from] Spikes
|-damage|p2a: Heatran|97\/385|[from] Stealth Rock
|switch|p1a: Skarmory|Skarmory, F|252\/334
|-damage|p1a: Skarmory|211\/334|[from] Stealth Rock
|
|-heal|p2a: Heatran|121\/385|[from] item: Leftovers
|turn|33
|c| Swaqfeq|Why?
|c|âLeoDamin|I don't have thunder punch
|
|switch|p1a: Keldeo|Keldeo|275\/323
|-damage|p1a: Keldeo|255\/323|[from] Stealth Rock
|move|p2a: Heatran|Lava Plume|p1a: Keldeo
|-resisted|p1a: Keldeo
|-damage|p1a: Keldeo|188\/323
|
|-heal|p1a: Keldeo|208\/323|[from] item: Leftovers
|-heal|p2a: Heatran|145\/385|[from] item: Leftovers
|turn|34
|c|âLeoDamin|do you want me to hit skarmory with what?
|c| AMlovu|>dont have tp
|c| Swaqfeq|dont u have b pass?
|
|switch|p2a: Keldeo|Keldeo|143\/323
|-damage|p2a: Keldeo|123\/323|[from] Stealth Rock
|-damage|p2a: Keldeo|83\/323|[from] Spikes
|move|p1a: Keldeo|Scald|p2a: Keldeo
|-resisted|p2a: Keldeo
|-damage|p2a: Keldeo|3\/323
|-status|p2a: Keldeo|brn
|
|-heal|p1a: Keldeo|228\/323|[from] item: Leftovers
|-damage|p2a: Keldeo|0 fnt|[from] brn
|faint|p2a: Keldeo
|
|switch|p2a: Metagross|Metagross-Mega|210\/301
|-damage|p2a: Metagross|173\/301|[from] Spikes
|-damage|p2a: Metagross|155\/301|[from] Stealth Rock
|turn|35
|c| AMlovu|these fucktard plays
|leave|Swaqfeq
|c| AMlovu|dont have thunder punch,dont use metagross
|
|switch|p1a: Skarmory|Skarmory, F|211\/334
|-damage|p1a: Skarmory|170\/334|[from] Stealth Rock
|move|p2a: Metagross|Hammer Arm|p1a: Skarmory|[miss]
|-miss|p2a: Metagross|p1a: Skarmory
|
|turn|36
|c| AMlovu|how do u even beat slowbro?
|join|jamel
|c|âLeoDamin|with celebi hello
|
|move|p2a: Metagross|Zen Headbutt|p1a: Skarmory
|-resisted|p1a: Skarmory
|-damage|p1a: Skarmory|107\/334
|-damage|p2a: Metagross|105\/301|[from] item: Rocky Helmet|[of] p1a: Skarmory
|cant|p1a: Skarmory|flinch
|
|turn|37
|c| AMlovu|ur opponent will nt stay in]
|
|move|p2a: Metagross|Hammer Arm|p1a: Skarmory
|-damage|p1a: Skarmory|0 fnt
|-damage|p2a: Metagross|55\/301|[from] item: Rocky Helmet|[of] p1a: Skarmory
|-unboost|p2a: Metagross|spe|1
|faint|p1a: Skarmory
|
|c| AMlovu|5 mons gets wall hard by slowbro
|
|switch|p1a: Keldeo|Keldeo|228\/323
|-damage|p1a: Keldeo|208\/323|[from] Stealth Rock
|turn|38
|
|move|p1a: Keldeo|Scald|p2a: Metagross
|-damage|p2a: Metagross|0 fnt
|faint|p2a: Metagross
|
|-heal|p1a: Keldeo|228\/323|[from] item: Leftovers
|
|switch|p2a: Landorus-Therian|Landorus-Therian, M|319\/319
|-damage|p2a: Landorus-Therian|280\/319|[from] Stealth Rock
|-ability|p2a: Landorus-Therian|Intimidate|[of] p1a: Keldeo
|-unboost|p1a: Keldeo|atk|1
|turn|39
|c| AMlovu|earthquake wont kill
|c| AMlovu|if he subs
|c|âLeoDamin|Do you have a better idea?
|
|move|p2a: Landorus-Therian|Earthquake|p1a: Keldeo
|-crit|p1a: Keldeo
|-damage|p1a: Keldeo|0 fnt
|faint|p1a: Keldeo
|
|c| AMlovu|yes
|
|switch|p1a: Venusaur|Venusaur-Mega, M|237\/364
|-damage|p1a: Venusaur|192\/364|[from] Stealth Rock
|turn|40
|c| AMlovu|crit
|c| jamel|.-.
|c| AMlovu|it
|c|âLeoDamin|nice idea
|c|âLeoDamin|I'll try again
|
|move|p2a: Landorus-Therian|Earthquake|p1a: Venusaur
|-damage|p1a: Venusaur|77\/364
|move|p1a: Venusaur|Synthesis|p1a: Venusaur
|-heal|p1a: Venusaur|259\/364
|
|turn|41
|c|âLeoDamin|it didn't work, sadly
|join|CleanerThanRotom-W
|
|move|p2a: Landorus-Therian|Earthquake|p1a: Venusaur
|-damage|p1a: Venusaur|127\/364
|move|p1a: Venusaur|Leech Seed|p2a: Landorus-Therian
|-start|p2a: Landorus-Therian|move: Leech Seed
|
|-damage|p2a: Landorus-Therian|241\/319|[from] Leech Seed|[of] p1a: Venusaur
|-heal|p1a: Venusaur|166\/364|[silent]
|turn|42
|c|âLeoDamin|crit now
|
|switch|p2a: Heatran|Heatran, F|145\/385
|-damage|p2a: Heatran|97\/385|[from] Stealth Rock
|-damage|p2a: Heatran|49\/385|[from] Spikes
|move|p1a: Venusaur|Synthesis|p1a: Venusaur
|-heal|p1a: Venusaur|348\/364
|
|-heal|p2a: Heatran|73\/385|[from] item: Leftovers
|turn|43
|c| AMlovu|his team gets destroyed by tornadus,nice u let ur win cond get raped like tht
|c|âLeoDamin|I know
|c| AMlovu|that was ur ass play
|c|âLeoDamin|I stated that
|c|âLeoDamin|when I did it
|c|âLeoDamin|But I don't know
|c|âLeoDamin|I thought he would make a prediction
|c|âLeoDamin|at least one
|c|âLeoDamin|]:
|c| AMlovu|tip-this guy stays in heatran vs mega heracross
|
|switch|p1a: Bisharp|Bisharp, F|259\/334
|-damage|p1a: Bisharp|239\/334|[from] Stealth Rock
|move|p2a: Heatran|Lava Plume|p1a: Bisharp
|-supereffective|p1a: Bisharp
|-damage|p1a: Bisharp|0 fnt
|faint|p1a: Bisharp
|
|-heal|p2a: Heatran|97\/385|[from] item: Leftovers
|c|âLeoDamin|oh
|c|âLeoDamin|I won
|c|âLeoDamin|rofl
|-message|Aka DH forfeited.
|leave|Aka DH
|
|win|LeoDamin
|raw|Ladder updating...
|c|âLeoDamin|hahaha
|player|p1
|raw|Aka DH's rating: 1546 &rarr; <strong>1524<\/strong><br \/>(-22 for losing)
|raw|LeoDamin's rating: 1513 &rarr; <strong>1535<\/strong><br \/>(+22 for winning)
|c|âLeoDamin|taunt heatran coming through
|c| AMlovu|gg
|leave|CleanerThanRotom-W
|c|âLeoDamin|gg