|join|IraArchive
|join|Aka DH
|player|p1|IraArchive|70
|player|p2|Aka DH|1
|gametype|singles
|gen|6
|tier|OU (suspect test)
|rated
|clearpoke
|poke|p1|Heracross, F
|poke|p1|Heatran, F
|poke|p1|Ferrothorn, M
|poke|p1|Thundurus, M
|poke|p1|Latias, F
|poke|p1|Conkeldurr, F
|poke|p2|Bisharp, M
|poke|p2|Venusaur, F
|poke|p2|Heatran, F
|poke|p2|Keldeo
|poke|p2|Chansey, F
|poke|p2|Skarmory, M
|rule|Swagger Clause: Swagger is banned
|rule|Baton Pass Clause: Limit one PokÃ©mon knowing Baton Pass
|rule|Sleep Clause Mod: Limit one foe put to sleep
|rule|Species Clause: Limit one of each PokÃ©mon
|rule|OHKO Clause: OHKO moves are banned
|rule|Moody Clause: Moody is banned
|rule|Evasion Moves Clause: Evasion moves are banned
|rule|Endless Battle Clause: Forcing endless battles is banned
|rule|HP Percentage Mod: HP is shown in percentages
|teampreview
|
|start
|switch|p1a: Heracross|Heracross, F|311\/311
|switch|p2a: Heatran|Heatran, F|340\/340
|-item|p2a: Heatran|Air Balloon
|turn|1
|join|i came from leddit
|
|detailschange|p1a: Heracross|Heracross-Mega, F
|-mega|p1a: Heracross|Heracross|Heracronite
|move|p2a: Heatran|Fire Blast|p1a: Heracross|[miss]
|-miss|p2a: Heatran|p1a: Heracross
|move|p1a: Heracross|Close Combat|p2a: Heatran
|-supereffective|p2a: Heatran
|-damage|p2a: Heatran|0 fnt
|-enditem|p2a: Heatran|Air Balloon
|-unboost|p1a: Heracross|def|1
|-unboost|p1a: Heracross|spd|1
|faint|p2a: Heatran
|
|c| i came from leddit|....
|join|Aaron Pinkman
|c| i came from leddit|poopyhead
|
|switch|p2a: Skarmory|Skarmory, M|334\/334
|turn|2
|
|move|p1a: Heracross|Close Combat|p2a: Skarmory
|-crit|p2a: Skarmory
|-damage|p2a: Skarmory|19\/334
|-damage|p1a: Heracross|260\/311|[from] item: Rocky Helmet|[of] p2a: Skarmory
|-unboost|p1a: Heracross|def|1
|-unboost|p1a: Heracross|spd|1
|move|p2a: Skarmory|Spikes|p1a: Heracross
|-sidestart|p1: IraArchive|Spikes
|
|turn|3
|join|blarghlfarghl
|
|move|p1a: Heracross|Close Combat|p2a: Skarmory
|-damage|p2a: Skarmory|0 fnt
|-damage|p1a: Heracross|209\/311|[from] item: Rocky Helmet|[of] p2a: Skarmory
|-unboost|p1a: Heracross|def|1
|-unboost|p1a: Heracross|spd|1
|faint|p2a: Skarmory
|
|
|switch|p2a: Keldeo|Keldeo|323\/323
|turn|4
|c| Aaron Pinkman|the hax
|
|switch|p2a: Bisharp|Bisharp, M|334\/334
|switch|p1a: Latias|Latias, F|302\/302
|
|turn|5
|
|switch|p1a: Conkeldurr|Conkeldurr, F|352\/352
|-damage|p1a: Conkeldurr|308\/352|[from] Spikes
|move|p2a: Bisharp|Knock Off|p1a: Conkeldurr
|-resisted|p1a: Conkeldurr
|-damage|p1a: Conkeldurr|219\/352
|-enditem|p1a: Conkeldurr|Assault Vest|[from] move: Knock Off|[of] p2a: Bisharp
|
|turn|6
|
|switch|p2a: Venusaur|Venusaur, F|364\/364
|move|p1a: Conkeldurr|Ice Punch|p2a: Venusaur
|-supereffective|p2a: Venusaur
|-damage|p2a: Venusaur|190\/364
|
|turn|7
|
|switch|p1a: Latias|Latias, F|302\/302
|detailschange|p2a: Venusaur|Venusaur-Mega, F
|-mega|p2a: Venusaur|Venusaur|Venusaurite
|move|p2a: Venusaur|Leech Seed|p1a: Latias
|-start|p1a: Latias|move: Leech Seed
|
|-damage|p1a: Latias|265\/302|[from] Leech Seed|[of] p2a: Venusaur
|-heal|p2a: Venusaur|227\/364|[silent]
|turn|8
|
|move|p1a: Latias|Psychic|p2a: Venusaur
|-supereffective|p2a: Venusaur
|-damage|p2a: Venusaur|0 fnt
|-damage|p1a: Latias|235\/302|[from] item: Life Orb
|faint|p2a: Venusaur
|
|
|switch|p2a: Bisharp|Bisharp, M|334\/334
|turn|9
|
|move|p1a: Latias|Healing Wish|p1a: Latias
|faint|p1a: Latias
|move|p2a: Bisharp|Swords Dance|p2a: Bisharp
|-boost|p2a: Bisharp|atk|2
|
|
|switch|p1a: Heracross|Heracross-Mega, F|209\/311
|-heal|p1a: Heracross|311\/311|[from] move: Healing Wish
|-damage|p1a: Heracross|273\/311|[from] Spikes
|turn|10
|c|âIraArchive|shit
|
|move|p1a: Heracross|Close Combat|p2a: Bisharp
|-supereffective|p2a: Bisharp
|-damage|p2a: Bisharp|0 fnt
|-unboost|p1a: Heracross|def|1
|-unboost|p1a: Heracross|spd|1
|faint|p2a: Bisharp
|
|c| blarghlfarghl|damn
|c| blarghlfarghl|see that team everytwhere
|
|switch|p2a: Keldeo|Keldeo|323\/323
|turn|11
|c|âIraArchive|lol
|
|switch|p1a: Ferrothorn|Ferrothorn, M|352\/352
|-damage|p1a: Ferrothorn|308\/352|[from] Spikes
|move|p2a: Keldeo|Calm Mind|p2a: Keldeo
|-boost|p2a: Keldeo|spa|1
|-boost|p2a: Keldeo|spd|1
|
|turn|12
|
|move|p2a: Keldeo|Calm Mind|p2a: Keldeo
|-boost|p2a: Keldeo|spa|1
|-boost|p2a: Keldeo|spd|1
|move|p1a: Ferrothorn|Thunder Wave|p2a: Keldeo
|-status|p2a: Keldeo|par
|
|turn|13
|c| i came from leddit|IraArchive you should give Aka DH the win, he is closer to #1 on ladder than you and you haxed him pretty hard in the beginning
|
|move|p2a: Keldeo|Secret Sword|p1a: Ferrothorn
|-crit|p1a: Ferrothorn
|-supereffective|p1a: Ferrothorn
|-damage|p1a: Ferrothorn|0 fnt
|faint|p1a: Ferrothorn
|
|c| blarghlfarghl|kek
|
|switch|p1a: Heracross|Heracross-Mega, F|273\/311
|-damage|p1a: Heracross|235\/311|[from] Spikes
|turn|14
|c| Aaron Pinkman|yup
|join|Zenzo
|c| blarghlfarghl|seems legit
|
|move|p1a: Heracross|Bullet Seed|p2a: Keldeo
|-supereffective|p2a: Keldeo
|-damage|p2a: Keldeo|231\/323 par
|-supereffective|p2a: Keldeo
|-damage|p2a: Keldeo|137\/323 par
|-supereffective|p2a: Keldeo
|-damage|p2a: Keldeo|35\/323 par
|-supereffective|p2a: Keldeo
|-damage|p2a: Keldeo|0 fnt
|-hitcount|p2a: Keldeo|4
|faint|p2a: Keldeo
|
|c| i came from leddit|just saying it like it is
|c| Aaron Pinkman|totally bitch
|c| Zenzo|does **blaziken** learn **high jump kick**
|c| blarghlfarghl|lol i missed the hax
|c| Zenzo|?
|c| blarghlfarghl|yes
|c| Zenzo|does umbreon learn protect?
|c| blarghlfarghl|you can do \/learn
|c| i came from leddit|n
|c| blarghlfarghl|lol
|c| i came from leddit|umbreon usually runs moonlight confuse ray toxic heal bell
|c|âIraArchive|i've been palying competitiveley for a while so i deserve to make reqs
|c| blarghlfarghl|protect is an event move
|c|âIraArchive|hat off to your elo though
|c| blarghlfarghl|you need adamant nature shiny to use it
|c| i came from leddit|you aren't entitled to anything
|c|âIraArchive|socialism
|c| i came from leddit|playing competitively for a while != deserving of reqs
|c| i came from leddit|hahaha very epic meme my friend
|c|âIraArchive|i know what i'm doind. speed haeatran is a thing but it's a bitch so it was worth the risk of staying ine arly game
|leave|i came from leddit
|c|âIraArchive|by
|c|âIraArchive|bye*
|c| blarghlfarghl|uhhh
|leave|Zenzo
|-message|Aka DH lost due to inactivity.
|
|win|IraArchive
|raw|Ladder updating...
|raw|IraArchive's rating: 1483 &rarr; <strong>1513<\/strong><br \/>(+30 for winning)
|raw|Aka DH's rating: 1671 &rarr; <strong>1641<\/strong><br \/>(-30 for losing)
|leave|Aaron Pinkman
|c| blarghlfarghl|rage quit?
|leave|blarghlfarghl