|join|Aka DH
|join|sucepect bien
|player|p1|Aka DH|1
|player|p2|sucepect bien|170
|gametype|singles
|gen|6
|tier|OU (suspect test)
|rated
|clearpoke
|poke|p1|Bisharp, F
|poke|p1|Venusaur, F
|poke|p1|Heatran, F
|poke|p1|Keldeo
|poke|p1|Chansey, F
|poke|p1|Skarmory, M
|poke|p2|Metagross, shiny
|poke|p2|Landorus, M, shiny
|poke|p2|Garchomp, M, shiny
|poke|p2|Azumarill, M
|poke|p2|Latias, F
|poke|p2|Keldeo-Resolute
|rule|Swagger Clause: Swagger is banned
|rule|Baton Pass Clause: Limit one PokÃ©mon knowing Baton Pass
|rule|Sleep Clause Mod: Limit one foe put to sleep
|rule|Species Clause: Limit one of each PokÃ©mon
|rule|OHKO Clause: OHKO moves are banned
|rule|Moody Clause: Moody is banned
|rule|Evasion Moves Clause: Evasion moves are banned
|rule|Endless Battle Clause: Forcing endless battles is banned
|rule|HP Percentage Mod: HP is shown in percentages
|teampreview
|join|CleanerThanRotom-W
|
|start
|switch|p1a: Keldeo|Keldeo|323\/323
|switch|p2a: Landorus|Landorus, M, shiny|319\/319
|turn|1
|join|Zenzo
|
|switch|p2a: Latias|Latias, F|301\/301
|move|p1a: Keldeo|Icy Wind|p2a: Latias
|-supereffective|p2a: Latias
|-damage|p2a: Latias|193\/301
|-unboost|p2a: Latias|spe|1
|
|turn|2
|
|switch|p2a: Keldeo-Resolute|Keldeo-Resolute|323\/323
|move|p1a: Keldeo|Icy Wind|p2a: Keldeo-Resolute
|-resisted|p2a: Keldeo-Resolute
|-damage|p2a: Keldeo-Resolute|286\/323
|-unboost|p2a: Keldeo-Resolute|spe|1
|
|turn|3
|
|move|p1a: Keldeo|Secret Sword|p2a: Keldeo-Resolute
|-damage|p2a: Keldeo-Resolute|117\/323
|move|p2a: Keldeo-Resolute|Scald|p1a: Keldeo
|-resisted|p1a: Keldeo
|-damage|p1a: Keldeo|201\/323
|
|-heal|p1a: Keldeo|221\/323|[from] item: Leftovers
|turn|4
|join|jake5
|
|move|p1a: Keldeo|Icy Wind|p2a: Keldeo-Resolute
|-miss|p1a: Keldeo|p2a: Keldeo-Resolute
|move|p2a: Keldeo-Resolute|Scald|p1a: Keldeo
|-resisted|p1a: Keldeo
|-damage|p1a: Keldeo|100\/323
|-status|p1a: Keldeo|brn
|
|-heal|p1a: Keldeo|120\/323 brn|[from] item: Leftovers
|-damage|p1a: Keldeo|80\/323 brn|[from] brn
|turn|5
|c| jake5|lol ctrw tell bloody to git gud he's lost like 100 points in the past half an hour, and set modchat or i'll be dissapointed
|
|move|p1a: Keldeo|Secret Sword|p2a: Keldeo-Resolute
|-damage|p2a: Keldeo-Resolute|0 fnt
|faint|p2a: Keldeo-Resolute
|
|-heal|p1a: Keldeo|100\/323 brn|[from] item: Leftovers
|-damage|p1a: Keldeo|60\/323 brn|[from] brn
|
|switch|p2a: Latias|Latias, F|193\/301
|turn|6
|
|switch|p1a: Bisharp|Bisharp, F|334\/334
|move|p2a: Latias|Psyshock|p1a: Bisharp
|-immune|p1a: Bisharp|[msg]
|
|turn|7
|
|move|p2a: Latias|Draco Meteor|p1a: Bisharp
|-crit|p1a: Bisharp
|-resisted|p1a: Bisharp
|-damage|p1a: Bisharp|56\/334
|-unboost|p2a: Latias|spa|2
|-damage|p2a: Latias|163\/301|[from] item: Life Orb
|move|p1a: Bisharp|Knock Off|p2a: Latias
|-supereffective|p2a: Latias
|-damage|p2a: Latias|0 fnt
|-enditem|p2a: Latias|Life Orb|[from] move: Knock Off|[of] p1a: Bisharp
|faint|p2a: Latias
|
|-heal|p1a: Bisharp|76\/334|[from] item: Leftovers
|c| CleanerThanRotom-W|...
|c| CleanerThanRotom-W|whats
|c| CleanerThanRotom-W|t
|c| CleanerThanRotom-W|the
|c| CleanerThanRotom-W|next
|c| Zenzo|btw jake
|c| Zenzo|nice 76 gxe
|c| Zenzo|nice 47 gxe
|c| CleanerThanRotom-W|LOL
|c| Zenzo|i wouldn't talk tbh
|
|switch|p2a: Landorus|Landorus, M, shiny|319\/319
|turn|8
|
|move|p2a: Landorus|Earth Power|p1a: Bisharp
|-supereffective|p1a: Bisharp
|-damage|p1a: Bisharp|0 fnt
|faint|p1a: Bisharp
|
|
|switch|p1a: Chansey|Chansey, F|684\/684
|turn|9
|
|move|p2a: Landorus|Stealth Rock|p1a: Chansey
|-sidestart|p1: Aka DH|move: Stealth Rock
|move|p1a: Chansey|Aromatherapy|p1a: Chansey
|-cureteam|p1a: Chansey|[from] move: Aromatherapy
|
|turn|10
|
|move|p2a: Landorus|Knock Off|p1a: Chansey
|-damage|p1a: Chansey|524\/684
|-enditem|p1a: Chansey|Eviolite|[from] move: Knock Off|[of] p2a: Landorus
|-damage|p2a: Landorus|288\/319|[from] item: Life Orb
|move|p1a: Chansey|Seismic Toss|p2a: Landorus
|-damage|p2a: Landorus|188\/319
|
|turn|11
|
|move|p2a: Landorus|Earth Power|p1a: Chansey
|-damage|p1a: Chansey|312\/684
|move|p1a: Chansey|Seismic Toss|p2a: Landorus
|-damage|p2a: Landorus|88\/319
|
|turn|12
|
|move|p2a: Landorus|Focus Blast|p1a: Chansey
|-supereffective|p1a: Chansey
|-damage|p1a: Chansey|0 fnt
|faint|p1a: Chansey
|
|
|switch|p1a: Keldeo|Keldeo|60\/323
|-damage|p1a: Keldeo|40\/323|[from] Stealth Rock
|turn|13
|c| jake5|i would i beat bloody like 1\/2 hour ago
|c| Zenzo|congrats
|
|switch|p2a: Azumarill|Azumarill, M|360\/360
|move|p1a: Keldeo|Scald|p2a: Azumarill
|-resisted|p2a: Azumarill
|-damage|p2a: Azumarill|277\/360
|
|-heal|p1a: Keldeo|60\/323|[from] item: Leftovers
|turn|14
|c| jake5|no don't
|c| Zenzo|thats like one out of ten
|
|switch|p1a: Heatran|Heatran, F|340\/340
|-damage|p1a: Heatran|298\/340|[from] Stealth Rock
|-item|p1a: Heatran|Air Balloon
|move|p2a: Azumarill|Aqua Jet|p1a: Heatran
|-crit|p1a: Heatran
|-supereffective|p1a: Heatran
|-damage|p1a: Heatran|82\/340
|-enditem|p1a: Heatran|Air Balloon
|
|turn|15
|c| jake5|beating bloody aint an achieement
|
|move|p2a: Azumarill|Aqua Jet|p1a: Heatran
|-supereffective|p1a: Heatran
|-damage|p1a: Heatran|0 fnt
|faint|p1a: Heatran
|
|join|Cosine180
|
|switch|p1a: Venusaur|Venusaur, F|364\/364
|-damage|p1a: Venusaur|319\/364|[from] Stealth Rock
|turn|16
|
|switch|p2a: Metagross|Metagross, shiny|301\/301
|detailschange|p1a: Venusaur|Venusaur-Mega, F
|-mega|p1a: Venusaur|Venusaur|Venusaurite
|move|p1a: Venusaur|Hidden Power|p2a: Metagross
|-supereffective|p2a: Metagross
|-damage|p2a: Metagross|159\/301
|
|turn|17
|c| Cosine180|why are people so mean to bloody
|c| CleanerThanRotom-W|^
|
|switch|p1a: Skarmory|Skarmory, M|334\/334
|-damage|p1a: Skarmory|293\/334|[from] Stealth Rock
|detailschange|p2a: Metagross|Metagross-Mega, shiny
|-mega|p2a: Metagross|Metagross|Metagrossite
|move|p2a: Metagross|Zen Headbutt|p1a: Skarmory|[miss]
|-miss|p2a: Metagross|p1a: Skarmory
|
|turn|18
|c| jake5|cuz he uses the same gay team
|c| jake5|at least make a new team brah
|c| Cosine180|so? let him
|
|move|p2a: Metagross|Meteor Mash|p1a: Skarmory
|-resisted|p1a: Skarmory
|-damage|p1a: Skarmory|224\/334
|-damage|p2a: Metagross|109\/301|[from] item: Rocky Helmet|[of] p1a: Skarmory
|move|p1a: Skarmory|Spikes|p2a: Metagross
|-sidestart|p2: sucepect bien|Spikes
|
|turn|19
|c| Zenzo|what's the problem
|c| Zenzo|i'm not seeing it
|
|switch|p2a: Landorus|Landorus, M, shiny|88\/319
|move|p1a: Skarmory|Roost|p1a: Skarmory
|-heal|p1a: Skarmory|334\/334
|
|turn|20
|c| CleanerThanRotom-W|jake
|c| CleanerThanRotom-W|u are using gay ho temas
|c| CleanerThanRotom-W|,,
|c| jake5|yes ho is soooo gay
|c| jake5|loooool
|
|move|p2a: Landorus|Knock Off|p1a: Skarmory
|-damage|p1a: Skarmory|260\/334
|-damage|p2a: Landorus|35\/319|[from] item: Rocky Helmet|[of] p1a: Skarmory
|-enditem|p1a: Skarmory|Rocky Helmet|[from] move: Knock Off|[of] p2a: Landorus
|-damage|p2a: Landorus|4\/319|[from] item: Life Orb
|move|p1a: Skarmory|Brave Bird|p2a: Landorus
|-damage|p2a: Landorus|0 fnt
|-damage|p1a: Skarmory|259\/334|[from] recoil|[of] p2a: Landorus
|faint|p2a: Landorus
|
|c| CleanerThanRotom-W|yea ikr
|join|yuy
|c| jake5|ho = <3
|c| CleanerThanRotom-W|...
|c| jake5|stall, semistall=gay
|c| yuy|sup dh
|
|switch|p2a: Metagross|Metagross-Mega, shiny|109\/301
|-damage|p2a: Metagross|72\/301|[from] Spikes
|turn|21
|
|move|p2a: Metagross|Zen Headbutt|p1a: Skarmory
|-resisted|p1a: Skarmory
|-damage|p1a: Skarmory|199\/334
|move|p1a: Skarmory|Roost|p1a: Skarmory
|-heal|p1a: Skarmory|334\/334
|
|turn|22
|
|move|p2a: Metagross|Meteor Mash|p1a: Skarmory
|-resisted|p1a: Skarmory
|-damage|p1a: Skarmory|265\/334
|move|p1a: Skarmory|Spikes|p2a: Metagross
|-sidestart|p2: sucepect bien|Spikes
|
|turn|23
|
|move|p2a: Metagross|Meteor Mash|p1a: Skarmory
|-resisted|p1a: Skarmory
|-damage|p1a: Skarmory|186\/334
|move|p1a: Skarmory|Roost|p1a: Skarmory
|-heal|p1a: Skarmory|334\/334
|
|turn|24
|c| jake5|this man needs a magnezone
|c| jake5|or a megazardx
|
|move|p2a: Metagross|Zen Headbutt|p1a: Skarmory
|-crit|p1a: Skarmory
|-resisted|p1a: Skarmory
|-damage|p1a: Skarmory|232\/334
|move|p1a: Skarmory|Spikes|p2a: Metagross
|-sidestart|p2: sucepect bien|Spikes
|
|turn|25
|
|move|p2a: Metagross|Hammer Arm|p1a: Skarmory
|-damage|p1a: Skarmory|127\/334
|-unboost|p2a: Metagross|spe|1
|move|p1a: Skarmory|Roost|p1a: Skarmory
|-heal|p1a: Skarmory|294\/334
|
|turn|26
|c| Cosine180|if bloody had a better team, he'd probably be better than most players, at least on ps
|
|move|p2a: Metagross|Hammer Arm|p1a: Skarmory
|-damage|p1a: Skarmory|183\/334
|-unboost|p2a: Metagross|spe|1
|move|p1a: Skarmory|Whirlwind|p2a: Metagross
|drag|p2a: Azumarill|Azumarill, M|277\/360
|-damage|p2a: Azumarill|187\/360|[from] Spikes
|
|turn|27
|c| jake5|not if he makes retarded plays
|c| Cosine180|cause the way he's playing is pretty smart
|c| jake5|which he almost always does
|c| Cosine180|no
|
|move|p2a: Azumarill|Aqua Jet|p1a: Skarmory
|-damage|p1a: Skarmory|125\/334
|move|p1a: Skarmory|Roost|p1a: Skarmory
|-heal|p1a: Skarmory|292\/334
|
|turn|28
|c| Zenzo|they work
|c| Cosine180|pretty rarely
|c| Cosine180|tbh
|
|move|p2a: Azumarill|Belly Drum|p2a: Azumarill
|-damage|p2a: Azumarill|7\/360
|-setboost|p2a: Azumarill|atk|6|[from] move: Belly Drum
|-enditem|p2a: Azumarill|Sitrus Berry|[eat]
|-heal|p2a: Azumarill|97\/360|[from] item: Sitrus Berry
|move|p1a: Skarmory|Whirlwind|p2a: Azumarill
|drag|p2a: Metagross|Metagross-Mega, shiny|72\/301
|-damage|p2a: Metagross|0 fnt|[from] Spikes
|faint|p2a: Metagross
|
|c| Zenzo|no
|c| Zenzo|the majority of the time they do
|c| jake5|what cosine said
|-message|sucepect bien forfeited.
|leave|sucepect bien
|
|win|Aka DH
|raw|Ladder updating...
|player|p2
|c| Zenzo|gg
|leave|Aka DH
|player|p1
|raw|Aka DH's rating: 1581 &rarr; <strong>1595<\/strong><br \/>(+14 for winning)
|raw|sucepect bien's rating: 1484 &rarr; <strong>1469<\/strong><br \/>(-15 for losing)
|leave|Zenzo
|leave|jake5
|leave|Cosine180
|leave|CleanerThanRotom-W
|join|Zenzo
|join|CleanerThanRotom-W