|join|iplaytennislol
|join|Aka DH
|player|p1|iplaytennislol|175
|player|p2|Aka DH|1
|gametype|singles
|gen|6
|tier|OU (suspect test)
|rated
|clearpoke
|poke|p1|Infernape, M
|poke|p1|Azumarill, M
|poke|p1|Lucario, F
|poke|p1|Landorus, M
|poke|p1|Metagross
|poke|p1|Thundurus, M
|poke|p2|Bisharp, F
|poke|p2|Venusaur, F
|poke|p2|Heatran, F
|poke|p2|Keldeo
|poke|p2|Chansey, F
|poke|p2|Skarmory, F
|rule|Swagger Clause: Swagger is banned
|rule|Baton Pass Clause: Limit one PokÃ©mon knowing Baton Pass
|rule|Sleep Clause Mod: Limit one foe put to sleep
|rule|Species Clause: Limit one of each PokÃ©mon
|rule|OHKO Clause: OHKO moves are banned
|rule|Moody Clause: Moody is banned
|rule|Evasion Moves Clause: Evasion moves are banned
|rule|Endless Battle Clause: Forcing endless battles is banned
|rule|HP Percentage Mod: HP is shown in percentages
|teampreview
|
|start
|switch|p1a: Infernape|Infernape, M|294\/294
|switch|p2a: Keldeo|Keldeo|323\/323
|turn|1
|
|move|p2a: Keldeo|Scald|p1a: Infernape
|-supereffective|p1a: Infernape
|-enditem|p1a: Infernape|Focus Sash
|-damage|p1a: Infernape|1\/294
|move|p1a: Infernape|Stealth Rock|p2a: Keldeo
|-sidestart|p2: Aka DH|move: Stealth Rock
|
|turn|2
|
|move|p1a: Infernape|Endeavor|p2a: Keldeo
|-damage|p2a: Keldeo|1\/323
|move|p2a: Keldeo|Secret Sword|p1a: Infernape
|-damage|p1a: Infernape|0 fnt
|faint|p1a: Infernape
|
|-heal|p2a: Keldeo|21\/323|[from] item: Leftovers
|join|i came from leddit
|
|switch|p1a: Thundurus|Thundurus, M|299\/299
|turn|3
|
|switch|p2a: Chansey|Chansey, F|684\/684
|-damage|p2a: Chansey|599\/684|[from] Stealth Rock
|move|p1a: Thundurus|Thunderbolt|p2a: Chansey
|-damage|p2a: Chansey|485\/684
|-damage|p1a: Thundurus|270\/299|[from] item: Life Orb
|
|turn|4
|
|move|p1a: Thundurus|Knock Off|p2a: Chansey
|-damage|p2a: Chansey|329\/684
|-enditem|p2a: Chansey|Eviolite|[from] move: Knock Off|[of] p1a: Thundurus
|-damage|p1a: Thundurus|241\/299|[from] item: Life Orb
|move|p2a: Chansey|Seismic Toss|p1a: Thundurus
|-damage|p1a: Thundurus|141\/299
|
|turn|5
|
|switch|p1a: Metagross|Metagross|301\/301
|move|p2a: Chansey|Seismic Toss|p1a: Metagross
|-damage|p1a: Metagross|201\/301
|
|turn|6
|
|switch|p2a: Skarmory|Skarmory, F|334\/334
|-damage|p2a: Skarmory|293\/334|[from] Stealth Rock
|detailschange|p1a: Metagross|Metagross-Mega
|-mega|p1a: Metagross|Metagross|Metagrossite
|move|p1a: Metagross|Meteor Mash|p2a: Skarmory
|-resisted|p2a: Skarmory
|-damage|p2a: Skarmory|212\/334
|-damage|p1a: Metagross|151\/301|[from] item: Rocky Helmet|[of] p2a: Skarmory
|-boost|p1a: Metagross|atk|1
|
|turn|7
|
|move|p1a: Metagross|Thunder Punch|p2a: Skarmory
|-supereffective|p2a: Skarmory
|-damage|p2a: Skarmory|0 fnt
|-damage|p1a: Metagross|101\/301|[from] item: Rocky Helmet|[of] p2a: Skarmory
|faint|p2a: Skarmory
|
|join|Aaron Pinkman
|
|switch|p2a: Bisharp|Bisharp, F|334\/334
|-damage|p2a: Bisharp|314\/334|[from] Stealth Rock
|turn|8
|c| i came from leddit|..
|
|move|p1a: Metagross|Bullet Punch|p2a: Bisharp
|-resisted|p2a: Bisharp
|-damage|p2a: Bisharp|241\/334
|move|p2a: Bisharp|Sucker Punch|p1a: Metagross
|-fail|p1a: Metagross
|
|-heal|p2a: Bisharp|261\/334|[from] item: Leftovers
|turn|9
|
|move|p1a: Metagross|Bullet Punch|p2a: Bisharp
|-resisted|p2a: Bisharp
|-damage|p2a: Bisharp|180\/334
|move|p2a: Bisharp|Sucker Punch|p1a: Metagross
|-fail|p1a: Metagross
|
|-heal|p2a: Bisharp|200\/334|[from] item: Leftovers
|turn|10
|
|move|p2a: Bisharp|Sucker Punch|p1a: Metagross
|-supereffective|p1a: Metagross
|-damage|p1a: Metagross|0 fnt
|faint|p1a: Metagross
|
|-heal|p2a: Bisharp|220\/334|[from] item: Leftovers
|join|Zenzo
|
|switch|p1a: Lucario|Lucario, F|281\/281
|turn|11
|c| Aaron Pinkman|against number 2 in ladder?
|c| Aaron Pinkman|nice
|
|switch|p2a: Chansey|Chansey, F|329\/684
|-damage|p2a: Chansey|244\/684|[from] Stealth Rock
|move|p1a: Lucario|Close Combat|p2a: Chansey
|-supereffective|p2a: Chansey
|-damage|p2a: Chansey|0 fnt
|-unboost|p1a: Lucario|def|1
|-unboost|p1a: Lucario|spd|1
|-damage|p1a: Lucario|253\/281|[from] item: Life Orb
|faint|p2a: Chansey
|
|
|switch|p2a: Venusaur|Venusaur, F|364\/364
|-damage|p2a: Venusaur|319\/364|[from] Stealth Rock
|turn|12
|
|switch|p1a: Thundurus|Thundurus, M|141\/299
|detailschange|p2a: Venusaur|Venusaur-Mega, F
|-mega|p2a: Venusaur|Venusaur|Venusaurite
|move|p2a: Venusaur|Giga Drain|p1a: Thundurus
|-resisted|p1a: Thundurus
|-damage|p1a: Thundurus|78\/299
|-heal|p2a: Venusaur|351\/364|[from] drain|[of] p1a: Thundurus
|
|turn|13
|
|move|p1a: Thundurus|Hidden Power|p2a: Venusaur
|-crit|p2a: Venusaur
|-supereffective|p2a: Venusaur
|-damage|p2a: Venusaur|242\/364
|-damage|p1a: Thundurus|49\/299|[from] item: Life Orb
|move|p2a: Venusaur|Giga Drain|p1a: Thundurus
|-resisted|p1a: Thundurus
|-damage|p1a: Thundurus|0 fnt
|-heal|p2a: Venusaur|267\/364|[from] drain|[of] p1a: Thundurus
|faint|p1a: Thundurus
|
|
|switch|p1a: Landorus|Landorus, M|319\/319
|turn|14
|c| i came from leddit|nice hp ice
|
|switch|p2a: Heatran|Heatran, F|340\/340
|-damage|p2a: Heatran|298\/340|[from] Stealth Rock
|-item|p2a: Heatran|Air Balloon
|move|p1a: Landorus|Earth Power|p2a: Heatran
|-immune|p2a: Heatran|[msg]
|
|turn|15
|
|move|p2a: Heatran|Fire Blast|p1a: Landorus
|-crit|p1a: Landorus
|-damage|p1a: Landorus|0 fnt
|faint|p1a: Landorus
|
|c| i came from leddit|lol
|c| Zenzo|kek
|c| Aaron Pinkman|gg
|
|switch|p1a: Azumarill|Azumarill, M|364\/364
|turn|16
|
|move|p2a: Heatran|Taunt|p1a: Azumarill
|-start|p1a: Azumarill|move: Taunt
|cant|p1a: Azumarill|move: Taunt|Belly Drum
|
|turn|17
|c| i came from leddit|nice try nerd
|-message|iplaytennislol forfeited.
|
|win|Aka DH
|raw|Ladder updating...
|leave|iplaytennislol
|player|p1
|c| Aaron Pinkman|rekt
|raw|iplaytennislol's rating: 1669 &rarr; <strong>1648<\/strong><br \/>(-21 for losing)
|raw|Aka DH's rating: 1641 &rarr; <strong>1662<\/strong><br \/>(+21 for winning)
|c| i came from leddit|rekt
|c| Zenzo|go back to nu
|leave|i came from leddit