|join|Aka DH
|join|spookysect
|player|p1|Aka DH|1
|player|p2|spookysect|143
|gametype|singles
|gen|6
|tier|OU (suspect test)
|rated
|clearpoke
|poke|p1|Bisharp, M
|poke|p1|Venusaur, F
|poke|p1|Heatran, F
|poke|p1|Keldeo
|poke|p1|Chansey, F
|poke|p1|Skarmory, F
|poke|p2|Cottonee, F, shiny
|poke|p2|Azelf, shiny
|poke|p2|Whimsicott, F, shiny
|poke|p2|Smeargle, M, shiny
|poke|p2|Espeon, F, shiny
|poke|p2|Gothitelle, F, shiny
|rule|Swagger Clause: Swagger is banned
|rule|Baton Pass Clause: Limit one PokÃ©mon knowing Baton Pass
|rule|Sleep Clause Mod: Limit one foe put to sleep
|rule|Species Clause: Limit one of each PokÃ©mon
|rule|OHKO Clause: OHKO moves are banned
|rule|Moody Clause: Moody is banned
|rule|Evasion Moves Clause: Evasion moves are banned
|rule|Endless Battle Clause: Forcing endless battles is banned
|rule|HP Percentage Mod: HP is shown in percentages
|teampreview
|join|i came from leddit
|join|Zenzo
|
|start
|switch|p1a: Keldeo|Keldeo|323\/323
|switch|p2a: SWEETY|Cottonee, F, shiny|284\/284
|turn|1
|c| i came from leddit|go bloody! beat this trash team
|
|move|p2a: SWEETY|Taunt|p1a: Keldeo
|-start|p1a: Keldeo|move: Taunt
|move|p1a: Keldeo|Scald|p2a: SWEETY
|-resisted|p2a: SWEETY
|-damage|p2a: SWEETY|155\/284
|
|turn|2
|
|switch|p1a: Chansey|Chansey, F|684\/684
|move|p2a: SWEETY|Stun Spore|p1a: Chansey
|-status|p1a: Chansey|par
|
|turn|3
|join|yuy
|
|move|p2a: SWEETY|Taunt|p1a: Chansey
|-start|p1a: Chansey|move: Taunt
|cant|p1a: Chansey|par
|
|turn|4
|c| i came from leddit|hey yuy, big fan
|
|switch|p2a: ARTIFACT|Azelf, shiny|354\/354
|move|p1a: Chansey|Seismic Toss|p2a: ARTIFACT
|-damage|p2a: ARTIFACT|254\/354
|
|turn|5
|
|switch|p1a: Bisharp|Bisharp, M|334\/334
|move|p2a: ARTIFACT|Reflect|p2a: ARTIFACT
|-sidestart|p2: spookysect|Reflect
|
|turn|6
|
|move|p2a: ARTIFACT|Taunt|p1a: Bisharp
|-start|p1a: Bisharp|move: Taunt
|move|p1a: Bisharp|Knock Off|p2a: ARTIFACT
|-supereffective|p2a: ARTIFACT
|-damage|p2a: ARTIFACT|7\/354
|-enditem|p2a: ARTIFACT|Light Clay|[from] move: Knock Off|[of] p1a: Bisharp
|
|turn|7
|
|switch|p1a: Heatran|Heatran, F|340\/340
|-item|p1a: Heatran|Air Balloon
|move|p2a: ARTIFACT|Light Screen|p2a: ARTIFACT
|-sidestart|p2: spookysect|move: Light Screen
|
|turn|8
|
|switch|p1a: Keldeo|Keldeo|323\/323
|move|p2a: ARTIFACT|Taunt|p1a: Keldeo
|-start|p1a: Keldeo|move: Taunt
|
|turn|9
|
|switch|p1a: Heatran|Heatran, F|340\/340
|-item|p1a: Heatran|Air Balloon
|move|p2a: ARTIFACT|Explosion|p1a: Heatran
|-resisted|p1a: Heatran
|-damage|p1a: Heatran|261\/340
|-enditem|p1a: Heatran|Air Balloon
|faint|p2a: ARTIFACT
|
|
|switch|p2a: FLUFFY|Whimsicott, F, shiny|324\/324
|turn|10
|join|unity chuggarules
|
|move|p2a: FLUFFY|Taunt|p1a: Heatran
|-start|p1a: Heatran|move: Taunt
|move|p1a: Heatran|Fire Blast|p2a: FLUFFY|[miss]
|-miss|p1a: Heatran|p2a: FLUFFY
|
|turn|11
|join|Ailurophilia
|
|switch|p1a: Bisharp|Bisharp, M|334\/334
|move|p2a: FLUFFY|Memento|p1a: Bisharp
|-unboost|p1a: Bisharp|atk|2
|-boost|p1a: Bisharp|atk|2|[from] ability: Defiant
|-unboost|p1a: Bisharp|spa|2
|-boost|p1a: Bisharp|atk|2|[from] ability: Defiant
|faint|p2a: FLUFFY
|
|-sideend|p2: spookysect|move: Light Screen
|
|switch|p2a: MICHELANGELO|Smeargle, M, shiny|251\/251
|turn|12
|join|sugarhigh
|
|move|p2a: MICHELANGELO|Spore|p1a: Bisharp
|-status|p1a: Bisharp|slp
|cant|p1a: Bisharp|slp
|
|-sideend|p2: spookysect|Reflect
|turn|13
|c| i came from leddit|spookysect your best play here is to hit x
|
|move|p2a: MICHELANGELO|Geomancy|p2a: MICHELANGELO|[still]
|-prepare|p2a: MICHELANGELO|Geomancy|p2a: MICHELANGELO
|-enditem|p2a: MICHELANGELO|Power Herb
|-anim|p2a: MICHELANGELO|Geomancy|p2a: MICHELANGELO
|-boost|p2a: MICHELANGELO|spa|2
|-boost|p2a: MICHELANGELO|spd|2
|-boost|p2a: MICHELANGELO|spe|2
|cant|p1a: Bisharp|slp
|
|turn|14
|
|move|p2a: MICHELANGELO|Cotton Guard|p2a: MICHELANGELO
|-boost|p2a: MICHELANGELO|def|3
|-curestatus|p1a: Bisharp|slp
|move|p1a: Bisharp|Knock Off|p2a: MICHELANGELO
|-damage|p2a: MICHELANGELO|118\/251
|
|turn|15
|
|move|p2a: MICHELANGELO|Spore|p1a: Bisharp
|-status|p1a: Bisharp|slp
|cant|p1a: Bisharp|slp
|
|turn|16
|join|Bajingas
|
|move|p2a: MICHELANGELO|Baton Pass|p2a: MICHELANGELO
|
|switch|p2a: CAT|Espeon, F, shiny|323\/323
|-curestatus|p1a: Bisharp|slp
|move|p1a: Bisharp|Knock Off|p2a: CAT
|-supereffective|p2a: CAT
|-damage|p2a: CAT|27\/323
|-enditem|p2a: CAT|Leftovers|[from] move: Knock Off|[of] p1a: Bisharp
|
|turn|17
|c|âspookysect|o.o
|c|âspookysect|dat much
|
|move|p2a: CAT|Dazzling Gleam|p1a: Bisharp
|-damage|p1a: Bisharp|120\/334
|move|p1a: Bisharp|Knock Off|p2a: CAT
|-crit|p2a: CAT
|-supereffective|p2a: CAT
|-damage|p2a: CAT|0 fnt
|faint|p2a: CAT
|
|-heal|p1a: Bisharp|140\/334|[from] item: Leftovers
|c|âspookysect|gg
|c| Ailurophilia|why didnt u cotton guard agn
|join|Prankster
|leave|Prankster
|c|âspookysect|yeah noticed
|leave|Ailurophilia
|-message|spookysect forfeited.
|
|win|Aka DH
|raw|Ladder updating...
|leave|spookysect
|player|p2
|raw|Aka DH's rating: 1647 &rarr; <strong>1663<\/strong><br \/>(+16 for winning)
|raw|spookysect's rating: 1568 &rarr; <strong>1553<\/strong><br \/>(-15 for losing)
|leave|i came from leddit
|leave|Aka DH
|player|p1
|join|Lord Kuvira
|leave|Zenzo
|leave|unity chuggarules