|join|Aka DH
|join|Bakun
|player|p1|Aka DH|169
|player|p2|Bakun|20
|gametype|singles
|gen|6
|tier|OU (suspect test)
|rated
|clearpoke
|poke|p1|Bisharp, F
|poke|p1|Venusaur, M
|poke|p1|Heatran, M
|poke|p1|Keldeo
|poke|p1|Chansey, F
|poke|p1|Skarmory, M
|poke|p2|Sableye, M
|poke|p2|Chansey, F
|poke|p2|Slowbro, M
|poke|p2|Skarmory, F
|poke|p2|Amoonguss, M
|poke|p2|Clefable, F
|rule|Swagger Clause: Swagger is banned
|rule|Baton Pass Clause: Limit one PokÃ©mon knowing Baton Pass
|rule|Sleep Clause Mod: Limit one foe put to sleep
|rule|Species Clause: Limit one of each PokÃ©mon
|rule|OHKO Clause: OHKO moves are banned
|rule|Moody Clause: Moody is banned
|rule|Evasion Moves Clause: Evasion moves are banned
|rule|Endless Battle Clause: Forcing endless battles is banned
|rule|HP Percentage Mod: HP is shown in percentages
|teampreview
Aka DH made this room hidden.
|
|start
|switch|p1a: Keldeo|Keldeo|323\/323
|switch|p2a: Sableye|Sableye, M|304\/304
|turn|1
|
|switch|p2a: Slowbro|Slowbro, M|394\/394
|move|p1a: Keldeo|Scald|p2a: Slowbro
|-resisted|p2a: Slowbro
|-damage|p2a: Slowbro|310\/394
|
|turn|2
|
|switch|p1a: Heatran|Heatran, M|340\/340
|-item|p1a: Heatran|Air Balloon
|move|p2a: Slowbro|Psyshock|p1a: Heatran
|-resisted|p1a: Heatran
|-damage|p1a: Heatran|298\/340
|-enditem|p1a: Heatran|Air Balloon
|
|turn|3
|
|move|p1a: Heatran|Stealth Rock|p2a: Slowbro
|-sidestart|p2: Bakun|move: Stealth Rock
|move|p2a: Slowbro|Scald|p1a: Heatran
|-supereffective|p1a: Heatran
|-damage|p1a: Heatran|130\/340
|
|turn|4
|
|switch|p1a: Chansey|Chansey, F|684\/684
|move|p2a: Slowbro|Scald|p1a: Chansey
|-damage|p1a: Chansey|633\/684
|-status|p1a: Chansey|brn
|
|-damage|p1a: Chansey|548\/684 brn|[from] brn
|turn|5
|
|switch|p1a: Keldeo|Keldeo|323\/323
|switch|p2a: Sableye|Sableye, M|304\/304
|-damage|p2a: Sableye|266\/304|[from] Stealth Rock
|
|turn|6
|
|switch|p2a: Slowbro|Slowbro, M|394\/394
|-damage|p2a: Slowbro|345\/394|[from] Stealth Rock
|move|p1a: Keldeo|Scald|p2a: Slowbro
|-resisted|p2a: Slowbro
|-damage|p2a: Slowbro|260\/394
|-status|p2a: Slowbro|brn
|
|-damage|p2a: Slowbro|211\/394 brn|[from] brn
|turn|7
|
|switch|p1a: Bisharp|Bisharp, F|334\/334
|move|p2a: Slowbro|Slack Off|p2a: Slowbro
|-heal|p2a: Slowbro|394\/394 brn
|
|-damage|p2a: Slowbro|345\/394 brn|[from] brn
|turn|8
|
|switch|p2a: Sableye|Sableye, M|266\/304
|-damage|p2a: Sableye|228\/304|[from] Stealth Rock
|move|p1a: Bisharp|Swords Dance|p1a: Bisharp
|-boost|p1a: Bisharp|atk|2
|
|turn|9
|
|detailschange|p2a: Sableye|Sableye-Mega, M
|-mega|p2a: Sableye|Sableye|Sablenite
|move|p2a: Sableye|Will-O-Wisp|p1a: Bisharp
|-status|p1a: Bisharp|brn
|move|p1a: Bisharp|Iron Head|p2a: Sableye
|-crit|p2a: Sableye
|-damage|p2a: Sableye|86\/304
|
|-damage|p1a: Bisharp|293\/334 brn|[from] brn
|turn|10
|
|move|p1a: Bisharp|Iron Head|p2a: Sableye
|-crit|p2a: Sableye
|-damage|p2a: Sableye|0 fnt
|faint|p2a: Sableye
|
|-heal|p1a: Bisharp|313\/334 brn|[from] item: Leftovers
|-damage|p1a: Bisharp|272\/334 brn|[from] brn
|
|switch|p2a: Skarmory|Skarmory, F|334\/334
|-damage|p2a: Skarmory|293\/334|[from] Stealth Rock
|turn|11
|
|switch|p1a: Heatran|Heatran, M|130\/340
|move|p2a: Skarmory|Spikes|p1a: Heatran
|-sidestart|p1: Aka DH|Spikes
|
|turn|12
|
|switch|p2a: Chansey|Chansey, F|642\/642
|-damage|p2a: Chansey|562\/642|[from] Stealth Rock
|move|p1a: Heatran|Fire Blast|p2a: Chansey|[miss]
|-miss|p1a: Heatran|p2a: Chansey
|
|turn|13
|
|switch|p1a: Skarmory|Skarmory, M|334\/334
|move|p2a: Chansey|Seismic Toss|p1a: Skarmory
|-damage|p1a: Skarmory|234\/334
|-damage|p2a: Chansey|455\/642|[from] item: Rocky Helmet|[of] p1a: Skarmory
|
|turn|14
|
|switch|p2a: Clefable|Clefable, F|394\/394
|-damage|p2a: Clefable|345\/394|[from] Stealth Rock
|move|p1a: Skarmory|Spikes|p2a: Clefable
|-sidestart|p2: Bakun|Spikes
|
|-heal|p2a: Clefable|369\/394|[from] item: Leftovers
|turn|15
|
|move|p1a: Skarmory|Spikes|p2a: Clefable
|-sidestart|p2: Bakun|Spikes
|move|p2a: Clefable|Stealth Rock|p1a: Skarmory
|-sidestart|p1: Aka DH|move: Stealth Rock
|
|-heal|p2a: Clefable|393\/394|[from] item: Leftovers
|turn|16
|
|switch|p2a: Skarmory|Skarmory, F|293\/334
|-damage|p2a: Skarmory|252\/334|[from] Stealth Rock
|move|p1a: Skarmory|Spikes|p2a: Skarmory
|-sidestart|p2: Bakun|Spikes
|
|turn|17
|
|move|p2a: Skarmory|Spikes|p1a: Skarmory
|-sidestart|p1: Aka DH|Spikes
|move|p1a: Skarmory|Whirlwind|p2a: Skarmory
|drag|p2a: Clefable|Clefable, F|393\/394
|-damage|p2a: Clefable|344\/394|[from] Stealth Rock
|-damage|p2a: Clefable|246\/394|[from] Spikes
|
|-heal|p2a: Clefable|270\/394|[from] item: Leftovers
|turn|18
|
|move|p2a: Clefable|Wish|p2a: Clefable
|move|p1a: Skarmory|Whirlwind|p2a: Clefable
|drag|p2a: Chansey|Chansey, F|455\/642
|-damage|p2a: Chansey|295\/642|[from] Spikes
|-damage|p2a: Chansey|215\/642|[from] Stealth Rock
|
|turn|19
|
|move|p1a: Skarmory|Roost|p1a: Skarmory
|-heal|p1a: Skarmory|334\/334
|move|p2a: Chansey|Soft-Boiled|p2a: Chansey
|-heal|p2a: Chansey|536\/642
|
|-heal|p2a: Chansey|642\/642|[from] move: Wish|[wisher] Clefable
|turn|20
|
|move|p2a: Chansey|Thunder Wave|p1a: Skarmory
|-status|p1a: Skarmory|par
|move|p1a: Skarmory|Whirlwind|p2a: Chansey
|drag|p2a: Slowbro|Slowbro, M|394\/394 brn
|-damage|p2a: Slowbro|296\/394 brn|[from] Spikes
|-damage|p2a: Slowbro|247\/394 brn|[from] Stealth Rock
|
|-damage|p2a: Slowbro|198\/394 brn|[from] brn
|turn|21
|
|move|p2a: Slowbro|Slack Off|p2a: Slowbro
|-heal|p2a: Slowbro|394\/394 brn
|move|p1a: Skarmory|Whirlwind|p2a: Slowbro
|drag|p2a: Skarmory|Skarmory, F|252\/334
|-damage|p2a: Skarmory|211\/334|[from] Stealth Rock
|
|turn|22
|
|move|p2a: Skarmory|Spikes|p1a: Skarmory
|-sidestart|p1: Aka DH|Spikes
|cant|p1a: Skarmory|par
|
|turn|23
|
|move|p2a: Skarmory|Roost|p2a: Skarmory
|-heal|p2a: Skarmory|334\/334
|move|p1a: Skarmory|Whirlwind|p2a: Skarmory
|drag|p2a: Chansey|Chansey, F|642\/642
|-damage|p2a: Chansey|562\/642|[from] Stealth Rock
|-damage|p2a: Chansey|402\/642|[from] Spikes
|
|turn|24
|
|move|p2a: Chansey|Soft-Boiled|p2a: Chansey
|-heal|p2a: Chansey|642\/642
|move|p1a: Skarmory|Whirlwind|p2a: Chansey
|drag|p2a: Amoonguss|Amoonguss, M|432\/432
|-damage|p2a: Amoonguss|324\/432|[from] Spikes
|-damage|p2a: Amoonguss|270\/432|[from] Stealth Rock
|
|-heal|p2a: Amoonguss|297\/432|[from] item: Black Sludge
|turn|25
|
|switch|p2a: Skarmory|Skarmory, F|334\/334
|-damage|p2a: Skarmory|293\/334|[from] Stealth Rock
|move|p1a: Skarmory|Brave Bird|p2a: Skarmory
|-resisted|p2a: Skarmory
|-damage|p2a: Skarmory|258\/334
|-damage|p1a: Skarmory|322\/334 par|[from] recoil|[of] p2a: Skarmory
|
|turn|26
|
|move|p2a: Skarmory|Whirlwind|p1a: Skarmory
|drag|p1a: Chansey|Chansey, F|548\/684
|-damage|p1a: Chansey|377\/684|[from] Spikes
|-damage|p1a: Chansey|292\/684|[from] Stealth Rock
|
|turn|27
|
|move|p1a: Chansey|Soft-Boiled|p1a: Chansey
|-heal|p1a: Chansey|634\/684
|move|p2a: Skarmory|Whirlwind|p1a: Chansey
|drag|p1a: Heatran|Heatran, M|130\/340
|-damage|p1a: Heatran|88\/340|[from] Stealth Rock
|-damage|p1a: Heatran|3\/340|[from] Spikes
|
|turn|28
|
|switch|p2a: Slowbro|Slowbro, M|394\/394 brn
|-damage|p2a: Slowbro|296\/394 brn|[from] Spikes
|-damage|p2a: Slowbro|247\/394 brn|[from] Stealth Rock
|move|p1a: Heatran|Fire Blast|p2a: Slowbro
|-resisted|p2a: Slowbro
|-damage|p2a: Slowbro|144\/394 brn
|
|-damage|p2a: Slowbro|95\/394 brn|[from] brn
|turn|29
|
|switch|p2a: Chansey|Chansey, F|642\/642
|-damage|p2a: Chansey|482\/642|[from] Spikes
|-damage|p2a: Chansey|402\/642|[from] Stealth Rock
|move|p1a: Heatran|Fire Blast|p2a: Chansey|[miss]
|-miss|p1a: Heatran|p2a: Chansey
|
|turn|30
|
|move|p1a: Heatran|Taunt|p2a: Chansey
|-start|p2a: Chansey|move: Taunt
|move|p2a: Chansey|Seismic Toss|p1a: Heatran
|-damage|p1a: Heatran|0 fnt
|faint|p1a: Heatran
|
|
|switch|p1a: Keldeo|Keldeo|323\/323
|-damage|p1a: Keldeo|243\/323|[from] Spikes
|-damage|p1a: Keldeo|223\/323|[from] Stealth Rock
|turn|31
|
|switch|p2a: Amoonguss|Amoonguss, M|432\/432
|-damage|p2a: Amoonguss|378\/432|[from] Stealth Rock
|-damage|p2a: Amoonguss|270\/432|[from] Spikes
|move|p1a: Keldeo|Calm Mind|p1a: Keldeo
|-boost|p1a: Keldeo|spa|1
|-boost|p1a: Keldeo|spd|1
|
|-heal|p1a: Keldeo|243\/323|[from] item: Leftovers
|-heal|p2a: Amoonguss|297\/432|[from] item: Black Sludge
|turn|32
|
|move|p1a: Keldeo|Icy Wind|p2a: Amoonguss
|-supereffective|p2a: Amoonguss
|-damage|p2a: Amoonguss|61\/432
|-unboost|p2a: Amoonguss|spe|1
|move|p2a: Amoonguss|Spore|p1a: Keldeo
|-status|p1a: Keldeo|slp
|
|-heal|p1a: Keldeo|263\/323 slp|[from] item: Leftovers
|-heal|p2a: Amoonguss|88\/432|[from] item: Black Sludge
|turn|33
|
|cant|p1a: Keldeo|slp
|move|p2a: Amoonguss|Clear Smog|p1a: Keldeo
|-damage|p1a: Keldeo|226\/323 slp
|-clearboost|p1a: Keldeo
|
|-heal|p1a: Keldeo|246\/323 slp|[from] item: Leftovers
|-heal|p2a: Amoonguss|115\/432|[from] item: Black Sludge
|turn|34
|
|-curestatus|p1a: Keldeo|slp
|move|p1a: Keldeo|Icy Wind|p2a: Amoonguss
|-supereffective|p2a: Amoonguss
|-damage|p2a: Amoonguss|0 fnt
|faint|p2a: Amoonguss
|
|-heal|p1a: Keldeo|266\/323|[from] item: Leftovers
|
|switch|p2a: Slowbro|Slowbro, M|226\/394 brn
|-damage|p2a: Slowbro|128\/394 brn|[from] Spikes
|-damage|p2a: Slowbro|79\/394 brn|[from] Stealth Rock
|turn|35
|c|âBakun|gg
|
|switch|p1a: Venusaur|Venusaur, M|364\/364
|-damage|p1a: Venusaur|273\/364|[from] Spikes
|-damage|p1a: Venusaur|228\/364|[from] Stealth Rock
|move|p2a: Slowbro|Slack Off|p2a: Slowbro
|-heal|p2a: Slowbro|276\/394 brn
|
|-damage|p2a: Slowbro|227\/394 brn|[from] brn
|turn|36
|c|âBakun|what o.O
|
|switch|p2a: Chansey|Chansey, F|402\/642
|-damage|p2a: Chansey|242\/642|[from] Spikes
|-damage|p2a: Chansey|162\/642|[from] Stealth Rock
|detailschange|p1a: Venusaur|Venusaur-Mega, M
|-mega|p1a: Venusaur|Venusaur|Venusaurite
|move|p1a: Venusaur|Leech Seed|p2a: Chansey
|-start|p2a: Chansey|move: Leech Seed
|
|-damage|p2a: Chansey|82\/642|[from] Leech Seed|[of] p1a: Venusaur
|-heal|p1a: Venusaur|308\/364|[silent]
|turn|37
|
|switch|p1a: Keldeo|Keldeo|266\/323
|-damage|p1a: Keldeo|246\/323|[from] Stealth Rock
|-damage|p1a: Keldeo|166\/323|[from] Spikes
|move|p2a: Chansey|Soft-Boiled|p2a: Chansey
|-heal|p2a: Chansey|403\/642
|
|-heal|p1a: Keldeo|186\/323|[from] item: Leftovers
|-damage|p2a: Chansey|323\/642|[from] Leech Seed|[of] p1a: Keldeo
|-heal|p1a: Keldeo|266\/323|[silent]
|turn|38
|
|switch|p2a: Slowbro|Slowbro, M|358\/394 brn
|-damage|p2a: Slowbro|260\/394 brn|[from] Spikes
|-damage|p2a: Slowbro|211\/394 brn|[from] Stealth Rock
|move|p1a: Keldeo|Secret Sword|p2a: Slowbro
|-resisted|p2a: Slowbro
|-damage|p2a: Slowbro|160\/394 brn
|
|-heal|p1a: Keldeo|286\/323|[from] item: Leftovers
|-damage|p2a: Slowbro|111\/394 brn|[from] brn
|turn|39
|
|move|p1a: Keldeo|Scald|p2a: Slowbro
|-resisted|p2a: Slowbro
|-damage|p2a: Slowbro|25\/394 brn
|move|p2a: Slowbro|Slack Off|p2a: Slowbro
|-heal|p2a: Slowbro|222\/394 brn
|
|-heal|p1a: Keldeo|306\/323|[from] item: Leftovers
|-damage|p2a: Slowbro|173\/394 brn|[from] brn
|turn|40
|
|switch|p1a: Chansey|Chansey, F|634\/684
|-damage|p1a: Chansey|463\/684|[from] Spikes
|-damage|p1a: Chansey|378\/684|[from] Stealth Rock
|move|p2a: Slowbro|Slack Off|p2a: Slowbro
|-heal|p2a: Slowbro|370\/394 brn
|
|-damage|p2a: Slowbro|321\/394 brn|[from] brn
|turn|41
|
|move|p1a: Chansey|Aromatherapy|p1a: Chansey
|-cureteam|p1a: Chansey|[from] move: Aromatherapy
|move|p2a: Slowbro|Psyshock|p1a: Chansey
|-crit|p1a: Chansey
|-damage|p1a: Chansey|183\/684
|
|-damage|p2a: Slowbro|272\/394 brn|[from] brn
|turn|42
|
|move|p1a: Chansey|Seismic Toss|p2a: Slowbro
|-damage|p2a: Slowbro|172\/394 brn
|-damage|p1a: Chansey|69\/684|[from] item: Rocky Helmet|[of] p2a: Slowbro
|move|p2a: Slowbro|Scald|p1a: Chansey
|-damage|p1a: Chansey|15\/684
|-status|p1a: Chansey|brn
|
|-damage|p1a: Chansey|0 fnt|[from] brn
|-damage|p2a: Slowbro|123\/394 brn|[from] brn
|faint|p1a: Chansey
|
|switch|p1a: Bisharp|Bisharp, F|272\/334
|-damage|p1a: Bisharp|252\/334|[from] Stealth Rock
|-damage|p1a: Bisharp|169\/334|[from] Spikes
|turn|43
|
|switch|p2a: Skarmory|Skarmory, F|258\/334
|-damage|p2a: Skarmory|217\/334|[from] Stealth Rock
|move|p1a: Bisharp|Knock Off|p2a: Skarmory
|-damage|p2a: Skarmory|118\/334
|-enditem|p2a: Skarmory|Shed Shell|[from] move: Knock Off|[of] p1a: Bisharp
|
|-heal|p1a: Bisharp|189\/334|[from] item: Leftovers
|turn|44
|
|move|p1a: Bisharp|Swords Dance|p1a: Bisharp
|-boost|p1a: Bisharp|atk|2
|move|p2a: Skarmory|Roost|p2a: Skarmory
|-heal|p2a: Skarmory|285\/334
|
|-heal|p1a: Bisharp|209\/334|[from] item: Leftovers
|turn|45
|
|move|p1a: Bisharp|Knock Off|p2a: Skarmory
|-damage|p2a: Skarmory|155\/334
|move|p2a: Skarmory|Brave Bird|p1a: Bisharp
|-resisted|p1a: Bisharp
|-damage|p1a: Bisharp|147\/334
|-damage|p2a: Skarmory|135\/334|[from] recoil|[of] p1a: Bisharp
|
|-heal|p1a: Bisharp|167\/334|[from] item: Leftovers
|turn|46
|
|move|p1a: Bisharp|Swords Dance|p1a: Bisharp
|-boost|p1a: Bisharp|atk|2
|move|p2a: Skarmory|Roost|p2a: Skarmory
|-heal|p2a: Skarmory|302\/334
|
|-heal|p1a: Bisharp|187\/334|[from] item: Leftovers
|turn|47
|
|move|p1a: Bisharp|Knock Off|p2a: Skarmory
|-damage|p2a: Skarmory|98\/334
|move|p2a: Skarmory|Whirlwind|p1a: Bisharp
|drag|p1a: Skarmory|Skarmory, M|322\/334
|-damage|p1a: Skarmory|281\/334|[from] Stealth Rock
|
|turn|48
|
|move|p2a: Skarmory|Roost|p2a: Skarmory
|-heal|p2a: Skarmory|265\/334
|move|p1a: Skarmory|Whirlwind|p2a: Skarmory
|drag|p2a: Slowbro|Slowbro, M|254\/394 brn
|-damage|p2a: Slowbro|156\/394 brn|[from] Spikes
|-damage|p2a: Slowbro|107\/394 brn|[from] Stealth Rock
|
|-damage|p2a: Slowbro|58\/394 brn|[from] brn
|turn|49
|
|switch|p2a: Skarmory|Skarmory, F|265\/334
|-damage|p2a: Skarmory|224\/334|[from] Stealth Rock
|move|p1a: Skarmory|Whirlwind|p2a: Skarmory
|drag|p2a: Chansey|Chansey, F|323\/642
|-damage|p2a: Chansey|243\/642|[from] Stealth Rock
|-damage|p2a: Chansey|83\/642|[from] Spikes
|
|turn|50
|
|move|p1a: Skarmory|Brave Bird|p2a: Chansey
|-damage|p2a: Chansey|0 fnt
|-damage|p1a: Skarmory|254\/334|[from] recoil|[of] p2a: Chansey
|faint|p2a: Chansey
|
|
|switch|p2a: Slowbro|Slowbro, M|189\/394 brn
|-damage|p2a: Slowbro|91\/394 brn|[from] Spikes
|-damage|p2a: Slowbro|42\/394 brn|[from] Stealth Rock
|turn|51
|
|switch|p2a: Skarmory|Skarmory, F|224\/334
|-damage|p2a: Skarmory|183\/334|[from] Stealth Rock
|move|p1a: Skarmory|Brave Bird|p2a: Skarmory
|-resisted|p2a: Skarmory
|-damage|p2a: Skarmory|152\/334
|-damage|p1a: Skarmory|244\/334|[from] recoil|[of] p2a: Skarmory
|
|turn|52
|
|move|p1a: Skarmory|Whirlwind|p2a: Skarmory
|drag|p2a: Clefable|Clefable, F|270\/394
|-damage|p2a: Clefable|172\/394|[from] Spikes
|-damage|p2a: Clefable|123\/394|[from] Stealth Rock
|
|-heal|p2a: Clefable|147\/394|[from] item: Leftovers
|turn|53
|
|move|p2a: Clefable|Wish|p2a: Clefable
|move|p1a: Skarmory|Whirlwind|p2a: Clefable
|drag|p2a: Skarmory|Skarmory, F|152\/334
|-damage|p2a: Skarmory|111\/334|[from] Stealth Rock
|
|turn|54
|
|move|p1a: Skarmory|Roost|p1a: Skarmory
|-heal|p1a: Skarmory|334\/334
|move|p2a: Skarmory|Whirlwind|p1a: Skarmory
|drag|p1a: Keldeo|Keldeo|306\/323
|-damage|p1a: Keldeo|226\/323|[from] Spikes
|-damage|p1a: Keldeo|206\/323|[from] Stealth Rock
|
|-heal|p2a: Skarmory|308\/334|[from] move: Wish|[wisher] Clefable
|-heal|p1a: Keldeo|226\/323|[from] item: Leftovers
|turn|55
|
|move|p1a: Keldeo|Scald|p2a: Skarmory
|-damage|p2a: Skarmory|128\/334
|-status|p2a: Skarmory|brn
|move|p2a: Skarmory|Brave Bird|p1a: Keldeo
|-supereffective|p1a: Keldeo
|-damage|p1a: Keldeo|100\/323
|-damage|p2a: Skarmory|86\/334 brn|[from] recoil|[of] p1a: Keldeo
|
|-heal|p1a: Keldeo|120\/323|[from] item: Leftovers
|-damage|p2a: Skarmory|45\/334 brn|[from] brn
|turn|56
|
|move|p1a: Keldeo|Scald|p2a: Skarmory
|-damage|p2a: Skarmory|0 fnt
|faint|p2a: Skarmory
|
|-heal|p1a: Keldeo|140\/323|[from] item: Leftovers
|
|switch|p2a: Slowbro|Slowbro, M|173\/394 brn
|-damage|p2a: Slowbro|124\/394 brn|[from] Stealth Rock
|-damage|p2a: Slowbro|26\/394 brn|[from] Spikes
|turn|57
|
|move|p1a: Keldeo|Scald|p2a: Slowbro
|-resisted|p2a: Slowbro
|-damage|p2a: Slowbro|0 fnt
|faint|p2a: Slowbro
|
|-heal|p1a: Keldeo|160\/323|[from] item: Leftovers
|c|âBakun|gg
|c|âBakun|=)
|
|switch|p2a: Clefable|Clefable, F|147\/394
|-damage|p2a: Clefable|98\/394|[from] Stealth Rock
|-damage|p2a: Clefable|0 fnt|[from] Spikes
|faint|p2a: Clefable
|
|win|Aka DH
|raw|Ladder updating...
|raw|Aka DH's rating: 1507 &rarr; <strong>1526<\/strong><br \/>(+19 for winning)
|raw|Bakun's rating: 1492 &rarr; <strong>1473<\/strong><br \/>(-19 for losing)