|join|Aka DH
|join|spookysect
|player|p1|Aka DH|1
|player|p2|spookysect|143
|gametype|singles
|gen|6
|tier|OU (suspect test)
|rated
|clearpoke
|poke|p1|Bisharp, M
|poke|p1|Venusaur, F
|poke|p1|Heatran, M
|poke|p1|Keldeo
|poke|p1|Chansey, F
|poke|p1|Skarmory, M
|poke|p2|Cottonee, F, shiny
|poke|p2|Azelf, shiny
|poke|p2|Whimsicott, F, shiny
|poke|p2|Smeargle, M, shiny
|poke|p2|Espeon, F, shiny
|poke|p2|Gothitelle, F, shiny
|rule|Swagger Clause: Swagger is banned
|rule|Baton Pass Clause: Limit one PokÃ©mon knowing Baton Pass
|rule|Sleep Clause Mod: Limit one foe put to sleep
|rule|Species Clause: Limit one of each PokÃ©mon
|rule|OHKO Clause: OHKO moves are banned
|rule|Moody Clause: Moody is banned
|rule|Evasion Moves Clause: Evasion moves are banned
|rule|Endless Battle Clause: Forcing endless battles is banned
|rule|HP Percentage Mod: HP is shown in percentages
|teampreview
|join|i came from leddit
|join|Aaron Pinkman
|c|âspookysect|again lol
|c| i came from leddit|:^)
|
|start
|switch|p1a: Chansey|Chansey, F|684\/684
|switch|p2a: SWEETY|Cottonee, F, shiny|284\/284
|turn|1
|join|Ailurophilia
|c| i came from leddit|#1 match
|c| i came from leddit|to break the tie
|join|Zenzo
|c|âspookysect|what insane coil nice
|c|âspookysect|:D
|c|âspookysect|k hf
|c| Aaron Pinkman|aka, you are already number 1 man
|c| Aaron Pinkman|grats
|c|âAka DH|i hate ties
|
|move|p2a: SWEETY|Taunt|p1a: Chansey
|-start|p1a: Chansey|move: Taunt
|move|p1a: Chansey|Seismic Toss|p2a: SWEETY
|-damage|p2a: SWEETY|184\/284
|
|turn|2
|c| Aaron Pinkman|sure you do
|c|âspookysect|how get people ties?
|c|âspookysect|xD
|c| i came from leddit|he has the same elo as mastermind15
|c| i came from leddit|he's trying to beat him
|c|âspookysect|k
|c|âspookysect|then you have to be a better mastermind
|
|move|p2a: SWEETY|Stun Spore|p1a: Chansey
|-status|p1a: Chansey|par
|move|p1a: Chansey|Seismic Toss|p2a: SWEETY
|-damage|p2a: SWEETY|84\/284
|
|turn|3
|
|switch|p2a: ARTIFACT|Azelf, shiny|354\/354
|move|p1a: Chansey|Seismic Toss|p2a: ARTIFACT
|-damage|p2a: ARTIFACT|254\/354
|
|-end|p1a: Chansey|move: Taunt
|turn|4
|c| Aaron Pinkman|he is
|c|âspookysect|K
|
|switch|p1a: Bisharp|Bisharp, M|334\/334
|move|p2a: ARTIFACT|Light Screen|p2a: ARTIFACT
|-sidestart|p2: spookysect|move: Light Screen
|
|turn|5
|
|move|p2a: ARTIFACT|Taunt|p1a: Bisharp
|-start|p1a: Bisharp|move: Taunt
|move|p1a: Bisharp|Knock Off|p2a: ARTIFACT
|-supereffective|p2a: ARTIFACT
|-damage|p2a: ARTIFACT|0 fnt
|-enditem|p2a: ARTIFACT|Light Clay|[from] move: Knock Off|[of] p1a: Bisharp
|faint|p2a: ARTIFACT
|
|
|switch|p2a: MICHELANGELO|Smeargle, M, shiny|251\/251
|turn|6
|
|switch|p1a: Skarmory|Skarmory, M|334\/334
|move|p2a: MICHELANGELO|Cotton Guard|p2a: MICHELANGELO
|-boost|p2a: MICHELANGELO|def|3
|
|turn|7
|c|âAka DH|you're playing well now?
|c| i came from leddit|ily spookysect
|c| i came from leddit|2spooky4me
|
|move|p2a: MICHELANGELO|Geomancy|p2a: MICHELANGELO|[still]
|-prepare|p2a: MICHELANGELO|Geomancy|p2a: MICHELANGELO
|-enditem|p2a: MICHELANGELO|Power Herb
|-anim|p2a: MICHELANGELO|Geomancy|p2a: MICHELANGELO
|-boost|p2a: MICHELANGELO|spa|2
|-boost|p2a: MICHELANGELO|spd|2
|-boost|p2a: MICHELANGELO|spe|2
|move|p1a: Skarmory|Whirlwind|p2a: MICHELANGELO
|drag|p2a: CAT|Espeon, F, shiny|323\/323
|
|turn|8
|join|Lord Kuvira
|c| Ailurophilia|uh
|c|âspookysect|shit
|c| Ailurophilia|loling
|c|âspookysect|thought that was a bluff
|c| i came from leddit|rip
|c|âspookysect|hmk
|
|switch|p2a: SWEETY|Cottonee, F, shiny|84\/284
|switch|p1a: Bisharp|Bisharp, M|334\/334
|
|turn|9
|
|switch|p1a: Chansey|Chansey, F|684\/684
|move|p2a: SWEETY|Taunt|p1a: Chansey
|-start|p1a: Chansey|move: Taunt
|
|turn|10
|leave|Ailurophilia
|c| i came from leddit|what means hmk
|c|âspookysect|not the end
|c| i came from leddit|:^)
|c|âspookysect|but more difficult
|
|move|p2a: SWEETY|Memento|p1a: Chansey
|-unboost|p1a: Chansey|atk|2
|-unboost|p1a: Chansey|spa|2
|faint|p2a: SWEETY
|move|p1a: Chansey|Seismic Toss|p2: SWEETY|[notarget]
|-notarget
|
|c| Aaron Pinkman|lol
|c|âAka DH|high master kick
|
|switch|p2a: MICHELANGELO|Smeargle, M, shiny|251\/251
|turn|11
|
|switch|p1a: Heatran|Heatran, M|340\/340
|-item|p1a: Heatran|Air Balloon
|move|p2a: MICHELANGELO|Spore|p1a: Heatran
|-status|p1a: Heatran|slp
|
|-sideend|p2: spookysect|move: Light Screen
|turn|12
|c| i came from leddit|poopyhead
|
|switch|p1a: Bisharp|Bisharp, M|334\/334
|move|p2a: MICHELANGELO|Geomancy|p2a: MICHELANGELO|[still]
|-prepare|p2a: MICHELANGELO|Geomancy|p2a: MICHELANGELO
|
|turn|13
|
|move|p2a: MICHELANGELO|Geomancy|p2a: MICHELANGELO
|-boost|p2a: MICHELANGELO|spa|2
|-boost|p2a: MICHELANGELO|spd|2
|-boost|p2a: MICHELANGELO|spe|2
|move|p1a: Bisharp|Swords Dance|p1a: Bisharp
|-boost|p1a: Bisharp|atk|2
|
|turn|14
|
|move|p2a: MICHELANGELO|Cotton Guard|p2a: MICHELANGELO
|-boost|p2a: MICHELANGELO|def|3
|move|p1a: Bisharp|Knock Off|p2a: MICHELANGELO
|-damage|p2a: MICHELANGELO|119\/251
|
|turn|15
|
|move|p2a: MICHELANGELO|Cotton Guard|p2a: MICHELANGELO
|-boost|p2a: MICHELANGELO|def|3
|move|p1a: Bisharp|Knock Off|p2a: MICHELANGELO
|-damage|p2a: MICHELANGELO|35\/251
|
|turn|16
|
|move|p2a: MICHELANGELO|Baton Pass|p2a: MICHELANGELO
|
|switch|p2a: CAT|Espeon, F, shiny|323\/323
|move|p1a: Bisharp|Knock Off|p2a: CAT
|-supereffective|p2a: CAT
|-damage|p2a: CAT|131\/323
|-enditem|p2a: CAT|Leftovers|[from] move: Knock Off|[of] p1a: Bisharp
|
|turn|17
|
|move|p2a: CAT|Substitute|p2a: CAT
|-start|p2a: CAT|Substitute
|-damage|p2a: CAT|51\/323
|move|p1a: Bisharp|Swords Dance|p1a: Bisharp
|-boost|p1a: Bisharp|atk|2
|
|turn|18
|
|move|p2a: CAT|Dazzling Gleam|p1a: Bisharp
|-damage|p1a: Bisharp|120\/334
|move|p1a: Bisharp|Knock Off|p2a: CAT
|-supereffective|p2a: CAT
|-end|p2a: CAT|Substitute
|
|-heal|p1a: Bisharp|140\/334|[from] item: Leftovers
|turn|19
|
|move|p2a: CAT|Morning Sun|p2a: CAT
|-heal|p2a: CAT|212\/323
|move|p1a: Bisharp|Knock Off|p2a: CAT
|-supereffective|p2a: CAT
|-damage|p2a: CAT|6\/323
|
|-heal|p1a: Bisharp|160\/334|[from] item: Leftovers
|turn|20
|
|move|p1a: Bisharp|Sucker Punch|p2a: CAT
|-supereffective|p2a: CAT
|-damage|p2a: CAT|0 fnt
|faint|p2a: CAT
|
|-heal|p1a: Bisharp|180\/334|[from] item: Leftovers
|c| Aaron Pinkman|damn
|c|âspookysect|gg
|c| i came from leddit|50\/50d
|c|âspookysect|man
|c|âspookysect|really
|c|âAka DH|gg
|c|âspookysect|go ahead
|c|âspookysect|play smash or so :D
|c|âspookysect|win apex
|c|âspookysect|bye people
|c| Aaron Pinkman|cya
|-message|spookysect forfeited.
|
|win|Aka DH
|raw|Ladder updating...
|leave|spookysect
|player|p2
|c| i came from leddit|u got bisharp'ed what els
|raw|Aka DH's rating: 1684 &rarr; <strong>1697<\/strong><br \/>(+13 for winning)
|raw|spookysect's rating: 1552 &rarr; <strong>1540<\/strong><br \/>(-12 for losing)
|leave|Zenzo
|c|âAka DH|i play the phantom pain