|join|Dem Wolf
|join|Aka DH
|player|p1|Dem Wolf|262
|player|p2|Aka DH|169
|gametype|singles
|gen|6
|tier|OU (suspect test)
|rated
|clearpoke
|poke|p1|Sableye, M
|poke|p1|Excadrill, F
|poke|p1|Manaphy
|poke|p1|Gliscor, M
|poke|p1|Talonflame, F
|poke|p1|Clefable, M
|poke|p2|Bisharp, F
|poke|p2|Venusaur, F
|poke|p2|Heatran, M
|poke|p2|Keldeo
|poke|p2|Chansey, F
|poke|p2|Skarmory, F
|rule|Swagger Clause: Swagger is banned
|rule|Baton Pass Clause: Limit one PokÃ©mon knowing Baton Pass
|rule|Sleep Clause Mod: Limit one foe put to sleep
|rule|Species Clause: Limit one of each PokÃ©mon
|rule|OHKO Clause: OHKO moves are banned
|rule|Moody Clause: Moody is banned
|rule|Evasion Moves Clause: Evasion moves are banned
|rule|Endless Battle Clause: Forcing endless battles is banned
|rule|HP Percentage Mod: HP is shown in percentages
|teampreview
|join|CleanerThanRotom-W
|join|katadromeas
|c| katadromeas|yoooo
|join|GunnerRohan
|
|start
|switch|p1a: Manaphy|Manaphy|401\/401
|switch|p2a: Keldeo|Keldeo|323\/323
|turn|1
|
|move|p2a: Keldeo|Calm Mind|p2a: Keldeo
|-boost|p2a: Keldeo|spa|1
|-boost|p2a: Keldeo|spd|1
|move|p1a: Manaphy|Scald|p2a: Keldeo
|-resisted|p2a: Keldeo
|-damage|p2a: Keldeo|288\/323
|-status|p2a: Keldeo|brn
|
|-heal|p2a: Keldeo|308\/323 brn|[from] item: Leftovers
|-damage|p2a: Keldeo|268\/323 brn|[from] brn
|turn|2
|
|switch|p1a: Clefable|Clefable, M|393\/393
|move|p2a: Keldeo|Scald|p1a: Clefable
|-damage|p1a: Clefable|263\/393
|
|-heal|p2a: Keldeo|288\/323 brn|[from] item: Leftovers
|-heal|p1a: Clefable|287\/393|[from] item: Leftovers
|-damage|p2a: Keldeo|248\/323 brn|[from] brn
|turn|3
|
|switch|p2a: Heatran|Heatran, M|340\/340
|-item|p2a: Heatran|Air Balloon
|switch|p1a: Gliscor|Gliscor, M|353\/353
|
|-status|p1a: Gliscor|tox|[from] item: Toxic Orb
|turn|4
|
|move|p2a: Heatran|Stealth Rock|p1a: Gliscor
|-sidestart|p1: Dem Wolf|move: Stealth Rock
|move|p1a: Gliscor|Taunt|p2a: Heatran
|-start|p2a: Heatran|move: Taunt
|
|turn|5
|
|switch|p2a: Venusaur|Venusaur, F|364\/364
|move|p1a: Gliscor|U-turn|p2a: Venusaur
|-damage|p2a: Venusaur|321\/364
|
|switch|p1a: Excadrill|Excadrill, F|424\/424
|-damage|p1a: Excadrill|411\/424|[from] Stealth Rock
|-ability|p1a: Excadrill|Mold Breaker
|
|-heal|p1a: Excadrill|424\/424|[from] item: Leftovers
|turn|6
|
|detailschange|p2a: Venusaur|Venusaur-Mega, F
|-mega|p2a: Venusaur|Venusaur|Venusaurite
|move|p1a: Excadrill|Rapid Spin|p2a: Venusaur
|-damage|p2a: Venusaur|306\/364
|-sideend|p1: Dem Wolf|Stealth Rock|[from] move: Rapid Spin|[of] p1a: Excadrill
|move|p2a: Venusaur|Giga Drain|p1a: Excadrill
|-damage|p1a: Excadrill|325\/424
|-heal|p2a: Venusaur|356\/364|[from] drain|[of] p1a: Excadrill
|
|-heal|p1a: Excadrill|351\/424|[from] item: Leftovers
|turn|7
|
|move|p1a: Excadrill|Earthquake|p2a: Venusaur
|-damage|p2a: Venusaur|269\/364
|move|p2a: Venusaur|Leech Seed|p1a: Excadrill
|-start|p1a: Excadrill|move: Leech Seed
|
|-heal|p1a: Excadrill|377\/424|[from] item: Leftovers
|-damage|p1a: Excadrill|324\/424|[from] Leech Seed|[of] p2a: Venusaur
|-heal|p2a: Venusaur|322\/364|[silent]
|turn|8
|
|switch|p1a: Sableye|Sableye, M|303\/303
|move|p2a: Venusaur|Leech Seed|p1a: Sableye
|-start|p1a: Sableye|move: Leech Seed
|
|-damage|p1a: Sableye|266\/303|[from] Leech Seed|[of] p2a: Venusaur
|-heal|p2a: Venusaur|359\/364|[silent]
|turn|9
|
|switch|p2a: Heatran|Heatran, M|340\/340
|-item|p2a: Heatran|Air Balloon
|detailschange|p1a: Sableye|Sableye-Mega, M
|-mega|p1a: Sableye|Sableye|Sablenite
|move|p1a: Sableye|Will-O-Wisp|p2a: Heatran
|-start|p2a: Heatran|ability: Flash Fire
|
|-damage|p1a: Sableye|229\/303|[from] Leech Seed|[of] p2a: Heatran
|turn|10
|
|switch|p1a: Manaphy|Manaphy|401\/401
|move|p2a: Heatran|Fire Blast|p1a: Manaphy
|-resisted|p1a: Manaphy
|-damage|p1a: Manaphy|308\/401
|
|-heal|p1a: Manaphy|333\/401|[from] item: Leftovers
|turn|11
|
|move|p2a: Heatran|Toxic|p1a: Manaphy
|-status|p1a: Manaphy|tox
|move|p1a: Manaphy|U-turn|p2a: Heatran
|-resisted|p2a: Heatran
|-damage|p2a: Heatran|331\/340
|-enditem|p2a: Heatran|Air Balloon
|
|switch|p1a: Gliscor|Gliscor, M|353\/353 tox
|
|turn|12
|
|move|p2a: Heatran|Fire Blast|p1a: Gliscor
|-damage|p1a: Gliscor|61\/353 tox
|move|p1a: Gliscor|Earthquake|p2a: Heatran
|-supereffective|p2a: Heatran
|-damage|p2a: Heatran|0 fnt
|faint|p2a: Heatran
|
|-heal|p1a: Gliscor|105\/353 tox|[from] ability: Poison Heal
|
|switch|p2a: Keldeo|Keldeo|248\/323 brn
|turn|13
|
|move|p2a: Keldeo|Scald|p1a: Gliscor
|-supereffective|p1a: Gliscor
|-damage|p1a: Gliscor|0 fnt
|faint|p1a: Gliscor
|
|-heal|p2a: Keldeo|268\/323 brn|[from] item: Leftovers
|-damage|p2a: Keldeo|228\/323 brn|[from] brn
|
|switch|p1a: Talonflame|Talonflame, F|345\/345
|turn|14
|
|move|p1a: Talonflame|Brave Bird|p2a: Keldeo
|-supereffective|p2a: Keldeo
|-damage|p2a: Keldeo|0 fnt
|-damage|p1a: Talonflame|270\/345|[from] recoil|[of] p2a: Keldeo
|faint|p2a: Keldeo
|
|-heal|p1a: Talonflame|291\/345|[from] item: Leftovers
|
|switch|p2a: Bisharp|Bisharp, F|334\/334
|turn|15
|
|move|p1a: Talonflame|Will-O-Wisp|p2a: Bisharp
|-status|p2a: Bisharp|brn
|move|p2a: Bisharp|Knock Off|p1a: Talonflame
|-damage|p1a: Talonflame|174\/345
|-enditem|p1a: Talonflame|Leftovers|[from] move: Knock Off|[of] p2a: Bisharp
|
|-damage|p2a: Bisharp|293\/334 brn|[from] brn
|turn|16
|
|move|p1a: Talonflame|Roost|p1a: Talonflame
|-heal|p1a: Talonflame|345\/345
|move|p2a: Bisharp|Swords Dance|p2a: Bisharp
|-boost|p2a: Bisharp|atk|2
|
|-heal|p2a: Bisharp|313\/334 brn|[from] item: Leftovers
|-damage|p2a: Bisharp|272\/334 brn|[from] brn
|turn|17
|
|move|p1a: Talonflame|Taunt|p2a: Bisharp
|-start|p2a: Bisharp|move: Taunt
|move|p2a: Bisharp|Knock Off|p1a: Talonflame
|-damage|p1a: Talonflame|186\/345
|
|-heal|p2a: Bisharp|292\/334 brn|[from] item: Leftovers
|-damage|p2a: Bisharp|251\/334 brn|[from] brn
|turn|18
|
|move|p1a: Talonflame|Roost|p1a: Talonflame
|-heal|p1a: Talonflame|345\/345
|move|p2a: Bisharp|Knock Off|p1a: Talonflame
|-damage|p1a: Talonflame|174\/345
|
|-heal|p2a: Bisharp|271\/334 brn|[from] item: Leftovers
|-damage|p2a: Bisharp|230\/334 brn|[from] brn
|turn|19
|
|move|p1a: Talonflame|Roost|p1a: Talonflame
|-heal|p1a: Talonflame|345\/345
|move|p2a: Bisharp|Knock Off|p1a: Talonflame
|-damage|p1a: Talonflame|195\/345
|
|-heal|p2a: Bisharp|250\/334 brn|[from] item: Leftovers
|-damage|p2a: Bisharp|209\/334 brn|[from] brn
|-end|p2a: Bisharp|move: Taunt
|turn|20
|
|move|p1a: Talonflame|Roost|p1a: Talonflame
|-heal|p1a: Talonflame|345\/345
|move|p2a: Bisharp|Knock Off|p1a: Talonflame
|-damage|p1a: Talonflame|179\/345
|
|-heal|p2a: Bisharp|229\/334 brn|[from] item: Leftovers
|-damage|p2a: Bisharp|188\/334 brn|[from] brn
|turn|21
|
|move|p1a: Talonflame|Roost|p1a: Talonflame
|-heal|p1a: Talonflame|345\/345
|move|p2a: Bisharp|Knock Off|p1a: Talonflame
|-damage|p1a: Talonflame|195\/345
|
|-heal|p2a: Bisharp|208\/334 brn|[from] item: Leftovers
|-damage|p2a: Bisharp|167\/334 brn|[from] brn
|turn|22
|
|switch|p2a: Chansey|Chansey, F|684\/684
|move|p1a: Talonflame|Roost|p1a: Talonflame
|-heal|p1a: Talonflame|345\/345
|
|turn|23
|
|move|p1a: Talonflame|Taunt|p2a: Chansey
|-start|p2a: Chansey|move: Taunt
|move|p2a: Chansey|Seismic Toss|p1a: Talonflame
|-damage|p1a: Talonflame|245\/345
|
|turn|24
|
|move|p1a: Talonflame|Will-O-Wisp|p2a: Chansey
|-status|p2a: Chansey|brn
|move|p2a: Chansey|Seismic Toss|p1a: Talonflame
|-damage|p1a: Talonflame|145\/345
|
|-damage|p2a: Chansey|599\/684 brn|[from] brn
|turn|25
|
|move|p1a: Talonflame|Roost|p1a: Talonflame
|-heal|p1a: Talonflame|318\/345
|move|p2a: Chansey|Seismic Toss|p1a: Talonflame
|-damage|p1a: Talonflame|218\/345
|
|-damage|p2a: Chansey|514\/684 brn|[from] brn
|-end|p2a: Chansey|move: Taunt
|turn|26
|
|move|p1a: Talonflame|Taunt|p2a: Chansey
|-start|p2a: Chansey|move: Taunt
|move|p2a: Chansey|Seismic Toss|p1a: Talonflame
|-damage|p1a: Talonflame|118\/345
|
|-damage|p2a: Chansey|429\/684 brn|[from] brn
|turn|27
|
|move|p1a: Talonflame|Roost|p1a: Talonflame
|-heal|p1a: Talonflame|291\/345
|move|p2a: Chansey|Seismic Toss|p1a: Talonflame
|-damage|p1a: Talonflame|191\/345
|
|-damage|p2a: Chansey|344\/684 brn|[from] brn
|turn|28
|
|move|p1a: Talonflame|Roost|p1a: Talonflame
|-heal|p1a: Talonflame|345\/345
|move|p2a: Chansey|Seismic Toss|p1a: Talonflame
|-damage|p1a: Talonflame|245\/345
|
|-damage|p2a: Chansey|259\/684 brn|[from] brn
|-end|p2a: Chansey|move: Taunt
|turn|29
|
|switch|p2a: Skarmory|Skarmory, F|334\/334
|move|p1a: Talonflame|Taunt|p2a: Skarmory
|-start|p2a: Skarmory|move: Taunt
|
|turn|30
|
|move|p1a: Talonflame|Will-O-Wisp|p2a: Skarmory
|-status|p2a: Skarmory|brn
|move|p2a: Skarmory|Brave Bird|p1a: Talonflame
|-damage|p1a: Talonflame|170\/345
|-damage|p2a: Skarmory|309\/334 brn|[from] recoil|[of] p1a: Talonflame
|
|-damage|p2a: Skarmory|268\/334 brn|[from] brn
|turn|31
|
|switch|p2a: Chansey|Chansey, F|259\/684
|move|p1a: Talonflame|Roost|p1a: Talonflame
|-heal|p1a: Talonflame|343\/345
|
|turn|32
|
|move|p1a: Talonflame|Taunt|p2a: Chansey
|-start|p2a: Chansey|move: Taunt
|move|p2a: Chansey|Seismic Toss|p1a: Talonflame
|-damage|p1a: Talonflame|243\/345
|
|turn|33
|
|switch|p2a: Skarmory|Skarmory, F|268\/334 brn
|move|p1a: Talonflame|Brave Bird|p2a: Skarmory
|-resisted|p2a: Skarmory
|-damage|p2a: Skarmory|224\/334 brn
|-damage|p1a: Talonflame|186\/345|[from] item: Rocky Helmet|[of] p2a: Skarmory
|-damage|p1a: Talonflame|171\/345|[from] recoil|[of] p2a: Skarmory
|
|-damage|p2a: Skarmory|183\/334 brn|[from] brn
|turn|34
|
|switch|p2a: Chansey|Chansey, F|259\/684
|move|p1a: Talonflame|Taunt|p2a: Chansey
|-start|p2a: Chansey|move: Taunt
|
|turn|35
|join|maestro YOda
|
|move|p1a: Talonflame|Roost|p1a: Talonflame
|-heal|p1a: Talonflame|344\/345
|move|p2a: Chansey|Seismic Toss|p1a: Talonflame
|-damage|p1a: Talonflame|244\/345
|
|turn|36
|c| maestro YOda|watch how branflakes stall turn destroys aka
|
|switch|p2a: Skarmory|Skarmory, F|183\/334 brn
|move|p1a: Talonflame|Brave Bird|p2a: Skarmory
|-resisted|p2a: Skarmory
|-damage|p2a: Skarmory|138\/334 brn
|-damage|p1a: Talonflame|187\/345|[from] item: Rocky Helmet|[of] p2a: Skarmory
|-damage|p1a: Talonflame|172\/345|[from] recoil|[of] p2a: Skarmory
|
|-damage|p2a: Skarmory|97\/334 brn|[from] brn
|turn|37
|
|move|p1a: Talonflame|Taunt|p2a: Skarmory
|-start|p2a: Skarmory|move: Taunt
|cant|p2a: Skarmory|move: Taunt|Whirlwind
|
|-damage|p2a: Skarmory|56\/334 brn|[from] brn
|turn|38
|c| maestro YOda|aka
|join|Omegasization
|c| maestro YOda|win as many ladder games u want
|
|switch|p2a: Chansey|Chansey, F|259\/684
|move|p1a: Talonflame|Roost|p1a: Talonflame
|-heal|p1a: Talonflame|345\/345
|
|turn|39
|c| maestro YOda|u will never win a bo3
|c| maestro YOda|with the same team
|
|move|p1a: Talonflame|Taunt|p2a: Chansey
|-start|p2a: Chansey|move: Taunt
|move|p2a: Chansey|Seismic Toss|p1a: Talonflame
|-damage|p1a: Talonflame|245\/345
|
|turn|40
|
|move|p1a: Talonflame|Brave Bird|p2a: Chansey
|-damage|p2a: Chansey|60\/684
|-damage|p1a: Talonflame|179\/345|[from] recoil|[of] p2a: Chansey
|move|p2a: Chansey|Seismic Toss|p1a: Talonflame
|-damage|p1a: Talonflame|79\/345
|
|turn|41
|join|Prowerr.
|
|move|p1a: Talonflame|Roost|p1a: Talonflame
|-heal|p1a: Talonflame|252\/345
|move|p2a: Chansey|Seismic Toss|p1a: Talonflame
|-damage|p1a: Talonflame|152\/345
|
|-end|p2a: Chansey|move: Taunt
|turn|42
|
|switch|p2a: Skarmory|Skarmory, F|56\/334 brn
|move|p1a: Talonflame|Brave Bird|p2a: Skarmory
|-resisted|p2a: Skarmory
|-damage|p2a: Skarmory|11\/334 brn
|-damage|p1a: Talonflame|95\/345|[from] item: Rocky Helmet|[of] p2a: Skarmory
|-damage|p1a: Talonflame|80\/345|[from] recoil|[of] p2a: Skarmory
|
|-damage|p2a: Skarmory|0 fnt|[from] brn
|faint|p2a: Skarmory
|
|switch|p2a: Bisharp|Bisharp, F|167\/334 brn
|turn|43
|
|move|p1a: Talonflame|Roost|p1a: Talonflame
|-heal|p1a: Talonflame|253\/345
|move|p2a: Bisharp|Swords Dance|p2a: Bisharp
|-boost|p2a: Bisharp|atk|2
|
|-heal|p2a: Bisharp|187\/334 brn|[from] item: Leftovers
|-damage|p2a: Bisharp|146\/334 brn|[from] brn
|turn|44
|c| maestro YOda|fucking destroyed
|c| maestro YOda|by taunt talon
|c| maestro YOda|dem wolf areu branflakes actually?
|
|move|p1a: Talonflame|Roost|p1a: Talonflame
|-heal|p1a: Talonflame|345\/345
|move|p2a: Bisharp|Knock Off|p1a: Talonflame
|-damage|p1a: Talonflame|197\/345
|
|-heal|p2a: Bisharp|166\/334 brn|[from] item: Leftovers
|-damage|p2a: Bisharp|125\/334 brn|[from] brn
|turn|45
|c| maestro YOda|unlikely tho
|join|Alldaalts
|c| maestro YOda|branflakes got reqs already
|
|move|p1a: Talonflame|Roost|p1a: Talonflame
|-heal|p1a: Talonflame|345\/345
|move|p2a: Bisharp|Knock Off|p1a: Talonflame
|-damage|p1a: Talonflame|183\/345
|
|-heal|p2a: Bisharp|145\/334 brn|[from] item: Leftovers
|-damage|p2a: Bisharp|104\/334 brn|[from] brn
|turn|46
|
|switch|p1a: Excadrill|Excadrill, F|324\/424
|-ability|p1a: Excadrill|Mold Breaker
|move|p2a: Bisharp|Knock Off|p1a: Excadrill
|-crit|p1a: Excadrill
|-damage|p1a: Excadrill|0 fnt
|-enditem|p1a: Excadrill|Leftovers|[from] move: Knock Off|[of] p2a: Bisharp
|faint|p1a: Excadrill
|
|-heal|p2a: Bisharp|124\/334 brn|[from] item: Leftovers
|-damage|p2a: Bisharp|83\/334 brn|[from] brn
|
|switch|p1a: Manaphy|Manaphy|333\/401 tox
|turn|47
|
|switch|p2a: Venusaur|Venusaur-Mega, F|359\/364
|move|p1a: Manaphy|U-turn|p2a: Venusaur
|-damage|p2a: Venusaur|330\/364
|
|switch|p1a: Talonflame|Talonflame, F|183\/345
|
|turn|48
|c| maestro YOda|go sludge poison
|c| maestro YOda|oh no u dont have it
|c| maestro YOda|what a pity
|join|gamerguy1123
|join|daftmau5
|
|move|p1a: Talonflame|Brave Bird|p2a: Venusaur
|-supereffective|p2a: Venusaur
|-damage|p2a: Venusaur|172\/364
|-damage|p1a: Talonflame|131\/345|[from] recoil|[of] p2a: Venusaur
|move|p2a: Venusaur|Giga Drain|p1a: Talonflame
|-resisted|p1a: Talonflame
|-damage|p1a: Talonflame|97\/345
|-heal|p2a: Venusaur|189\/364|[from] drain|[of] p1a: Talonflame
|
|turn|49
|c| maestro YOda|just taunt and roost
|c| maestro YOda|taunt and roost
|c| gamerguy1123|you mean roost then taount
|c| gamerguy1123|taount op
|c| maestro YOda|he can leech
|join|wolferi
|c| maestro YOda|its giga synthesis leech hpfire
|c| maestro YOda|completely walled
|join|flan75
|c| wolferi|gg
|leave|katadromeas
|-message|Aka DH lost due to inactivity.
|
|win|Dem Wolf
|raw|Ladder updating...
|c| maestro YOda|i dont think what aka was thinking when he first built this
|c|âDem Wolf|pwned
|raw|Dem Wolf's rating: 1525 &rarr; <strong>1545<\/strong><br \/>(+20 for winning)
|raw|Aka DH's rating: 1527 &rarr; <strong>1507<\/strong><br \/>(-20 for losing)
|c| maestro YOda|totally walled by flame
|c| wolferi|:D
|c| wolferi|raped
|c| maestro YOda|i dont know*
|leave|flan75
|leave|maestro YOda
|leave|GunnerRohan
|leave|Omegasization
|join|Fashion Slaya
|leave|gamerguy1123
|join|Demandred
|leave|Fashion Slaya
|join|Fashion Slaya
|leave|Fashion Slaya
|leave|Alldaalts
|join|Praj.pran
|join|steeljackal
|leave|steeljackal
|join|Tom Bus
|leave|Praj.pran
|join|Alldaalts
|leave|Alldaalts
|leave|Tom Bus
|join|Tom Bus
|leave|Tom Bus
|join|Tom Bus
|leave|Tom Bus
|player|p1|Guest 82288|262
|join|Plays lel
|player|p1|Plays lel|262
|join|Dem wolf
|player|p1|Guest 82288|262
|player|p1|Dem wolf|262
|join|IAmGingy
|leave|IAmGingy
|join|KJ Corp
|join|TheEnder
|leave|TheEnder
|leave|KJ Corp
|join|TheyCallMeGunner
|leave|TheyCallMeGunner
|join|FuzzyXYZ
|join|Bristleback
|leave|Bristleback
|leave|FuzzyXYZ
|leave|Dem wolf
|player|p1
|leave|wolferi
|join|Tentacruel3
|join|PoweredByRevenge
|join|Winter Schemes
|leave|Tentacruel3
|join|Zenzo
|leave|Zenzo
|leave|PoweredByRevenge
|join|TheyCallMeGunner
|leave|TheyCallMeGunner
|join|Zenzo
|leave|Winter Schemes
|leave|Zenzo
|join|maestro YOda
|leave|maestro YOda
|join|maestro YOda
|leave|maestro YOda
|join|AnyLongYard
|leave|AnyLongYard
|join|Jack41
|join|jake5
|leave|Jack41
|leave|jake5
|join|jake5
|leave|jake5
|join|Zenzo
|leave|Zenzo
|join|maestro YOda
|leave|maestro YOda
|join|i came from leddit
|leave|i came from leddit
|join|jake5
|leave|jake5
|join|TheUberTherian
|leave|TheUberTherian
|join|maestro YOda
|leave|maestro YOda
|join|TheyCallMeGunner
|leave|TheyCallMeGunner
|join|AnyLongYard
|leave|AnyLongYard
|join|Fake
|join|Korby
|join|Ox the Box
|leave|Korby
|join|Alldaalts
|join|hashtagRjx
|leave|Ox the Box
|leave|Alldaalts