|join|Aka DH
|join|spookysect
|player|p1|Aka DH|1
|player|p2|spookysect|143
|gametype|singles
|gen|6
|tier|OU (suspect test)
|rated
|clearpoke
|poke|p1|Bisharp, M
|poke|p1|Venusaur, M
|poke|p1|Heatran, M
|poke|p1|Keldeo
|poke|p1|Chansey, F
|poke|p1|Skarmory, M
|poke|p2|Cottonee, F, shiny
|poke|p2|Azelf, shiny
|poke|p2|Whimsicott, F, shiny
|poke|p2|Smeargle, M, shiny
|poke|p2|Espeon, F, shiny
|poke|p2|Gothitelle, F, shiny
|rule|Swagger Clause: Swagger is banned
|rule|Baton Pass Clause: Limit one PokÃ©mon knowing Baton Pass
|rule|Sleep Clause Mod: Limit one foe put to sleep
|rule|Species Clause: Limit one of each PokÃ©mon
|rule|OHKO Clause: OHKO moves are banned
|rule|Moody Clause: Moody is banned
|rule|Evasion Moves Clause: Evasion moves are banned
|rule|Endless Battle Clause: Forcing endless battles is banned
|rule|HP Percentage Mod: HP is shown in percentages
|teampreview
|c|âspookysect|hi again
|join|Aaron Pinkman
|
|start
|switch|p1a: Keldeo|Keldeo|323\/323
|switch|p2a: SWEETY|Cottonee, F, shiny|284\/284
|turn|1
|join|i came from leddit
|
|switch|p1a: Chansey|Chansey, F|684\/684
|move|p2a: SWEETY|Taunt|p1a: Chansey
|-start|p1a: Chansey|move: Taunt
|
|turn|2
|c| i came from leddit|YOU CAN DO THIS BLOODY!!
|c|âspookysect|dat rematch xD
|
|move|p2a: SWEETY|Stun Spore|p1a: Chansey
|-status|p1a: Chansey|par
|cant|p1a: Chansey|par
|
|turn|3
|c| i came from leddit|hi spookysect
|c|âspookysect|hy
|
|move|p2a: SWEETY|Taunt|p1a: Chansey
|-fail|p1a: Chansey
|move|p1a: Chansey|Seismic Toss|p2a: SWEETY
|-damage|p2a: SWEETY|184\/284
|
|turn|4
|join|Zenzo
|
|move|p2a: SWEETY|Memento|p1a: Chansey
|-unboost|p1a: Chansey|atk|2
|-unboost|p1a: Chansey|spa|2
|faint|p2a: SWEETY
|move|p1a: Chansey|Seismic Toss|p2: SWEETY|[notarget]
|-notarget
|
|-end|p1a: Chansey|move: Taunt
|
|switch|p2a: ARTIFACT|Azelf, shiny|354\/354
|turn|5
|
|switch|p1a: Bisharp|Bisharp, M|334\/334
|move|p2a: ARTIFACT|Taunt|p1a: Bisharp
|-start|p1a: Bisharp|move: Taunt
|
|turn|6
|
|move|p2a: ARTIFACT|Reflect|p2a: ARTIFACT
|-sidestart|p2: spookysect|Reflect
|move|p1a: Bisharp|Knock Off|p2a: ARTIFACT
|-supereffective|p2a: ARTIFACT
|-damage|p2a: ARTIFACT|125\/354
|-enditem|p2a: ARTIFACT|Light Clay|[from] move: Knock Off|[of] p1a: Bisharp
|
|turn|7
|
|switch|p1a: Heatran|Heatran, M|340\/340
|-item|p1a: Heatran|Air Balloon
|move|p2a: ARTIFACT|Light Screen|p2a: ARTIFACT
|-sidestart|p2: spookysect|move: Light Screen
|
|turn|8
|
|switch|p1a: Keldeo|Keldeo|323\/323
|move|p2a: ARTIFACT|Taunt|p1a: Keldeo
|-start|p1a: Keldeo|move: Taunt
|
|turn|9
|
|switch|p1a: Heatran|Heatran, M|340\/340
|-item|p1a: Heatran|Air Balloon
|move|p2a: ARTIFACT|Explosion|p1a: Heatran
|-resisted|p1a: Heatran
|-damage|p1a: Heatran|262\/340
|-enditem|p1a: Heatran|Air Balloon
|faint|p2a: ARTIFACT
|
|
|switch|p2a: FLUFFY|Whimsicott, F, shiny|324\/324
|turn|10
|
|move|p2a: FLUFFY|Taunt|p1a: Heatran
|-start|p1a: Heatran|move: Taunt
|cant|p1a: Heatran|move: Taunt|Stealth Rock
|
|turn|11
|c| i came from leddit|poopyhead..
|
|switch|p1a: Bisharp|Bisharp, M|334\/334
|move|p2a: FLUFFY|Memento|p1a: Bisharp
|-unboost|p1a: Bisharp|atk|2
|-boost|p1a: Bisharp|atk|2|[from] ability: Defiant
|-unboost|p1a: Bisharp|spa|2
|-boost|p1a: Bisharp|atk|2|[from] ability: Defiant
|faint|p2a: FLUFFY
|
|-sideend|p2: spookysect|move: Light Screen
|
|switch|p2a: MICHELANGELO|Smeargle, M, shiny|251\/251
|turn|12
|
|move|p2a: MICHELANGELO|Spore|p1a: Bisharp
|-status|p1a: Bisharp|slp
|cant|p1a: Bisharp|slp
|
|turn|13
|
|move|p2a: MICHELANGELO|Geomancy|p2a: MICHELANGELO|[still]
|-prepare|p2a: MICHELANGELO|Geomancy|p2a: MICHELANGELO
|-enditem|p2a: MICHELANGELO|Power Herb
|-anim|p2a: MICHELANGELO|Geomancy|p2a: MICHELANGELO
|-boost|p2a: MICHELANGELO|spa|2
|-boost|p2a: MICHELANGELO|spd|2
|-boost|p2a: MICHELANGELO|spe|2
|cant|p1a: Bisharp|slp
|
|-sideend|p2: spookysect|Reflect
|turn|14
|
|move|p2a: MICHELANGELO|Cotton Guard|p2a: MICHELANGELO
|-boost|p2a: MICHELANGELO|def|3
|-curestatus|p1a: Bisharp|slp
|move|p1a: Bisharp|Swords Dance|p1a: Bisharp
|-boost|p1a: Bisharp|atk|2
|
|turn|15
|
|move|p2a: MICHELANGELO|Spore|p1a: Bisharp
|-status|p1a: Bisharp|slp
|cant|p1a: Bisharp|slp
|
|turn|16
|
|move|p2a: MICHELANGELO|Baton Pass|p2a: MICHELANGELO
|
|switch|p2a: CAT|Espeon, F, shiny|323\/323
|-curestatus|p1a: Bisharp|slp
|move|p1a: Bisharp|Knock Off|p2a: CAT
|-supereffective|p2a: CAT
|-damage|p2a: CAT|0 fnt
|-enditem|p2a: CAT|Leftovers|[from] move: Knock Off|[of] p1a: Bisharp
|faint|p2a: CAT
|
|c|âspookysect|k gg
|c| Aaron Pinkman|nnicr4
|c| Zenzo|gg
|c|âAka DH|gg
|c| Aaron Pinkman|gg
|c| i came from leddit|gg
|-message|spookysect forfeited.
|
|win|Aka DH
|raw|Ladder updating...
|leave|spookysect
|player|p2
|raw|Aka DH's rating: 1662 &rarr; <strong>1676<\/strong><br \/>(+14 for winning)
|raw|spookysect's rating: 1550 &rarr; <strong>1537<\/strong><br \/>(-13 for losing)
|leave|i came from leddit