|join|qways
|join|Time2GetBopped
|player|p1|qways|2
|player|p2|Time2GetBopped|138
|gametype|singles
|gen|6
|tier|OU
|rated
|clearpoke
|poke|p1|Infernape, M
|poke|p1|Lopunny, F
|poke|p1|Scizor, M
|poke|p1|Jolteon, F
|poke|p1|Breloom, M
|poke|p1|Tyranitar, F
|poke|p2|Tyranitar, M
|poke|p2|Excadrill, F
|poke|p2|Pinsir, F
|poke|p2|Talonflame, F
|poke|p2|Dragonite, F
|poke|p2|Greninja, F
|rule|Swagger Clause: Swagger is banned
|rule|Baton Pass Clause: Limit one PokÃ©mon knowing Baton Pass
|rule|Sleep Clause Mod: Limit one foe put to sleep
|rule|Species Clause: Limit one of each PokÃ©mon
|rule|OHKO Clause: OHKO moves are banned
|rule|Moody Clause: Moody is banned
|rule|Evasion Moves Clause: Evasion moves are banned
|rule|Endless Battle Clause: Forcing endless battles is banned
|rule|HP Percentage Mod: HP is shown in percentages
|teampreview
|
|start
|switch|p1a: Infernape|Infernape, M|293\/293
|switch|p2a: Bird Flu|Talonflame, F|297\/297
|turn|1
|
|move|p1a: Infernape|Fake Out|p2a: Bird Flu
|-crit|p2a: Bird Flu
|-damage|p2a: Bird Flu|223\/297
|cant|p2a: Bird Flu|flinch
|
|turn|2
|
|move|p2a: Bird Flu|U-turn|p1a: Infernape
|-resisted|p1a: Infernape
|-damage|p1a: Infernape|261\/293
|
|switch|p2a: Polio|Dragonite, F|323\/323
|move|p1a: Infernape|Stealth Rock|p2a: Polio
|-sidestart|p2: Time2GetBopped|move: Stealth Rock
|
|turn|3
|
|move|p1a: Infernape|Taunt|p2a: Polio
|-start|p2a: Polio|move: Taunt
|move|p2a: Polio|Outrage|p1a: Infernape
|-damage|p1a: Infernape|0 fnt
|faint|p1a: Infernape
|
|
|switch|p1a: Scizor|Scizor, M|343\/343
|turn|4
|
|move|p1a: Scizor|Bullet Punch|p2a: Polio
|-damage|p2a: Polio|229\/323
|move|p2a: Polio|Outrage|p1a: Scizor
|-resisted|p1a: Scizor
|-damage|p1a: Scizor|167\/343
|
|turn|5
|
|move|p1a: Scizor|Bullet Punch|p2a: Polio
|-damage|p2a: Polio|57\/323
|move|p2a: Polio|Outrage|p1a: Scizor
|-resisted|p1a: Scizor
|-damage|p1a: Scizor|1\/343
|
|-end|p2a: Polio|rampage
|-start|p2a: Polio|confusion
|-end|p2a: Polio|move: Taunt
|turn|6
|
|switch|p2a: Diabetes|Greninja, F|285\/285
|-damage|p2a: Diabetes|250\/285|[from] Stealth Rock
|move|p1a: Scizor|Bullet Punch|p2a: Diabetes
|-resisted|p2a: Diabetes
|-damage|p2a: Diabetes|124\/285
|
|turn|7
|
|move|p1a: Scizor|Bullet Punch|p2a: Diabetes
|-resisted|p2a: Diabetes
|-damage|p2a: Diabetes|0 fnt
|faint|p2a: Diabetes
|
|
|switch|p2a: Gonorrhea|Excadrill, F|361\/361
|-damage|p2a: Gonorrhea|350\/361|[from] Stealth Rock
|turn|8
|
|move|p1a: Scizor|Bullet Punch|p2a: Gonorrhea
|-resisted|p2a: Gonorrhea
|-damage|p2a: Gonorrhea|227\/361
|move|p2a: Gonorrhea|Rapid Spin|p1a: Scizor
|-resisted|p1a: Scizor
|-damage|p1a: Scizor|0 fnt
|-sideend|p2: Time2GetBopped|Stealth Rock|[from] move: Rapid Spin|[of] p2a: Gonorrhea
|-damage|p2a: Gonorrhea|191\/361|[from] item: Life Orb
|faint|p1a: Scizor
|
|
|switch|p1a: Lopunny|Lopunny, F|271\/271
|turn|9
|
|switch|p2a: Pinsir|Pinsir, F|275\/275
|detailschange|p1a: Lopunny|Lopunny-Mega, F
|message|Lopunny has Mega Evolved into Mega Lopunny!
|move|p1a: Lopunny|Power-Up Punch|p2a: Pinsir
|-resisted|p2a: Pinsir
|-damage|p2a: Pinsir|235\/275
|-boost|p1a: Lopunny|atk|1
|
|turn|10
|
|detailschange|p2a: Pinsir|Pinsir-Mega, F
|message|Pinsir has Mega Evolved into Mega Pinsir!
|move|p2a: Pinsir|Quick Attack|p1a: Lopunny
|-supereffective|p1a: Lopunny
|-damage|p1a: Lopunny|53\/271
|move|p1a: Lopunny|Return|p2a: Pinsir
|-damage|p2a: Pinsir|12\/275
|
|turn|11
|
|move|p1a: Lopunny|Quick Attack|p2a: Pinsir
|-damage|p2a: Pinsir|0 fnt
|faint|p2a: Pinsir
|
|
|switch|p2a: Polio|Dragonite, F|57\/323
|turn|12
|
|switch|p1a: Tyranitar|Tyranitar, F|389\/389
|-weather|Sandstorm
|move|p2a: Polio|Extreme Speed|p1a: Tyranitar
|-resisted|p1a: Tyranitar
|-damage|p1a: Tyranitar|313\/389
|
|-weather|Sandstorm|[upkeep]
|-damage|p2a: Polio|37\/323|[from] sandstorm
|turn|13
|
|switch|p2a: Scientology|Tyranitar, M|341\/341
|move|p1a: Tyranitar|Crunch|p2a: Scientology
|-resisted|p2a: Scientology
|-damage|p2a: Scientology|221\/341
|-unboost|p2a: Scientology|def|1
|
|-weather|Sandstorm|[upkeep]
|turn|14
|
|move|p2a: Scientology|Stealth Rock|p1a: Tyranitar
|-sidestart|p1: qways|move: Stealth Rock
|move|p1a: Tyranitar|Crunch|p2a: Scientology
|-resisted|p2a: Scientology
|-damage|p2a: Scientology|44\/341
|
|-weather|Sandstorm|[upkeep]
|turn|15
|
|switch|p2a: Polio|Dragonite, F|37\/323
|move|p1a: Tyranitar|Crunch|p2a: Polio
|-damage|p2a: Polio|0 fnt
|faint|p2a: Polio
|
|-weather|Sandstorm|[upkeep]
|
|switch|p2a: Gonorrhea|Excadrill, F|191\/361
|turn|16
|
|switch|p1a: Breloom|Breloom, M|323\/323
|-damage|p1a: Breloom|303\/323|[from] Stealth Rock
|move|p2a: Gonorrhea|Iron Head|p1a: Breloom
|-damage|p1a: Breloom|135\/323
|-damage|p2a: Gonorrhea|155\/361|[from] item: Life Orb
|
|-weather|none
|-status|p1a: Breloom|tox|[from] item: Toxic Orb
|turn|17
|
|move|p1a: Breloom|Mach Punch|p2a: Gonorrhea
|-supereffective|p2a: Gonorrhea
|-damage|p2a: Gonorrhea|0 fnt
|faint|p2a: Gonorrhea
|
|-heal|p1a: Breloom|175\/323 tox|[from] ability: Poison Heal
|
|switch|p2a: Bird Flu|Talonflame, F|223\/297
|turn|18
|
|switch|p1a: Lopunny|Lopunny-Mega, F|53\/271
|-damage|p1a: Lopunny|37\/271|[from] Stealth Rock
|move|p2a: Bird Flu|Brave Bird|p1a: Lopunny
|-supereffective|p1a: Lopunny
|-damage|p1a: Lopunny|0 fnt
|-damage|p2a: Bird Flu|211\/297|[from] recoil|[of] p1a: Lopunny
|faint|p1a: Lopunny
|
|
|switch|p1a: Tyranitar|Tyranitar, F|313\/389
|-damage|p1a: Tyranitar|265\/389|[from] Stealth Rock
|-weather|Sandstorm
|turn|19
|
|move|p2a: Bird Flu|Brave Bird|p1a: Tyranitar
|-resisted|p1a: Tyranitar
|-damage|p1a: Tyranitar|140\/389
|-damage|p2a: Bird Flu|170\/297|[from] recoil|[of] p1a: Tyranitar
|move|p1a: Tyranitar|Crunch|p2a: Bird Flu
|-damage|p2a: Bird Flu|0 fnt
|faint|p2a: Bird Flu
|
|-weather|Sandstorm|[upkeep]
|
|switch|p2a: Scientology|Tyranitar, M|44\/341
|turn|20
|-message|Time2GetBopped forfeited.
|
|win|qways
|raw|Ladder updating...
|leave|Time2GetBopped
|player|p2
|raw|qways's rating: 1830 &rarr; <strong>1849<\/strong><br \/>(+19 for winning)
|raw|Time2GetBopped's rating: 1798 &rarr; <strong>1780<\/strong><br \/>(-18 for losing)