|join|TRICKING
|join|qways
|player|p1|TRICKING|265
|player|p2|qways|1
|gametype|singles
|gen|6
|tier|OU
|rated
|clearpoke
|poke|p1|Metagross
|poke|p1|Greninja, M
|poke|p1|Garchomp, F
|poke|p1|Landorus-Therian, M
|poke|p1|Breloom, F
|poke|p1|Gengar, M
|poke|p2|Infernape, M
|poke|p2|Lopunny, F
|poke|p2|Scizor, M
|poke|p2|Jolteon, F
|poke|p2|Breloom, M
|poke|p2|Gliscor, M
|rule|Swagger Clause: Swagger is banned
|rule|Baton Pass Clause: Limit one PokÃ©mon knowing Baton Pass
|rule|Sleep Clause Mod: Limit one foe put to sleep
|rule|Species Clause: Limit one of each PokÃ©mon
|rule|OHKO Clause: OHKO moves are banned
|rule|Moody Clause: Moody is banned
|rule|Evasion Moves Clause: Evasion moves are banned
|rule|Endless Battle Clause: Forcing endless battles is banned
|rule|HP Percentage Mod: HP is shown in percentages
|teampreview
|c|âqways|gosh
|join|I Iike Squirtles
|
|start
|switch|p1a: Garchomp|Garchomp, F|357\/357
|switch|p2a: Infernape|Infernape, M|293\/293
|turn|1
|
|move|p2a: Infernape|Taunt|p1a: Garchomp
|-start|p1a: Garchomp|move: Taunt
|move|p1a: Garchomp|Earthquake|p2a: Infernape
|-supereffective|p2a: Infernape
|-enditem|p2a: Infernape|Focus Sash
|-damage|p2a: Infernape|1\/293
|
|turn|2
|
|move|p2a: Infernape|Stealth Rock|p1a: Garchomp
|-sidestart|p1: TRICKING|move: Stealth Rock
|move|p1a: Garchomp|Dragon Claw|p2a: Infernape
|-damage|p2a: Infernape|0 fnt
|faint|p2a: Infernape
|
|
|switch|p2a: Breloom|Breloom, M|323\/323
|turn|3
|join|Alexander
|
|switch|p1a: Breloom|Breloom, F|261\/261
|-damage|p1a: Breloom|245\/261|[from] Stealth Rock
|move|p2a: Breloom|Spore|p1a: Breloom
|-fail|p1a: Breloom
|
|-status|p2a: Breloom|tox|[from] item: Toxic Orb
|turn|4
|
|move|p1a: Breloom|Swords Dance|p1a: Breloom
|-boost|p1a: Breloom|atk|2
|move|p2a: Breloom|Swords Dance|p2a: Breloom
|-boost|p2a: Breloom|atk|2
|
|turn|5
|
|switch|p1a: Gengar|Gengar, M|262\/262
|-damage|p1a: Gengar|230\/262|[from] Stealth Rock
|move|p2a: Breloom|Mach Punch|p1a: Gengar
|-immune|p1a: Gengar|[msg]
|
|turn|6
|
|switch|p2a: Jolteon|Jolteon, F|271\/271
|move|p1a: Gengar|Substitute|p1a: Gengar
|-start|p1a: Gengar|Substitute
|-damage|p1a: Gengar|165\/262
|
|turn|7
|join|Alvadora
|
|move|p2a: Jolteon|Shadow Ball|p1a: Gengar
|-supereffective|p1a: Gengar
|-end|p1a: Gengar|Substitute
|move|p1a: Gengar|Sludge Wave|p2a: Jolteon
|-damage|p2a: Jolteon|114\/271
|-damage|p1a: Gengar|139\/262|[from] item: Life Orb
|
|turn|8
|
|switch|p1a: Landorus-Therian|Landorus-Therian, M|319\/319
|-damage|p1a: Landorus-Therian|280\/319|[from] Stealth Rock
|-ability|p1a: Landorus-Therian|Intimidate|[of] p2a: Jolteon
|-unboost|p2a: Jolteon|atk|1
|move|p2a: Jolteon|Shadow Ball|p1a: Landorus-Therian
|-damage|p1a: Landorus-Therian|181\/319
|
|turn|9
|join|jesus christmas
|
|switch|p2a: Gliscor|Gliscor, M|353\/353
|move|p1a: Landorus-Therian|U-turn|p2a: Gliscor
|-resisted|p2a: Gliscor
|-damage|p2a: Gliscor|319\/353
|
|switch|p1a: Greninja|Greninja, M|285\/285
|-damage|p1a: Greninja|250\/285|[from] Stealth Rock
|
|-status|p2a: Gliscor|tox|[from] item: Toxic Orb
|turn|10
|
|switch|p2a: Breloom|Breloom, M|323\/323 tox
|move|p1a: Greninja|Hydro Pump|p2a: Breloom
|-start|p1a: Greninja|typechange|Water|[from] Protean
|-resisted|p2a: Breloom
|-damage|p2a: Breloom|159\/323 tox
|-damage|p1a: Greninja|222\/285|[from] item: Life Orb
|
|-heal|p2a: Breloom|199\/323 tox|[from] ability: Poison Heal
|turn|11
|join|Omegasization
|
|switch|p2a: Scizor|Scizor, M|343\/343
|move|p1a: Greninja|Ice Beam|p2a: Scizor
|-start|p1a: Greninja|typechange|Ice|[from] Protean
|-resisted|p2a: Scizor
|-damage|p2a: Scizor|238\/343
|-damage|p1a: Greninja|194\/285|[from] item: Life Orb
|
|turn|12
|
|switch|p1a: Metagross|Metagross|301\/301
|-damage|p1a: Metagross|283\/301|[from] Stealth Rock
|move|p2a: Scizor|U-turn|p1a: Metagross
|-damage|p1a: Metagross|105\/301
|
|switch|p2a: Lopunny|Lopunny, F|271\/271
|
|turn|13
|
|switch|p1a: Landorus-Therian|Landorus-Therian, M|181\/319
|-damage|p1a: Landorus-Therian|142\/319|[from] Stealth Rock
|-ability|p1a: Landorus-Therian|Intimidate|[of] p2a: Lopunny
|-unboost|p2a: Lopunny|atk|1
|detailschange|p2a: Lopunny|Lopunny-Mega, F
|message|Lopunny has Mega Evolved into Mega Lopunny!
|move|p2a: Lopunny|High Jump Kick|p1a: Landorus-Therian
|-resisted|p1a: Landorus-Therian
|-damage|p1a: Landorus-Therian|50\/319
|
|turn|14
|join|Inflikted
|
|move|p2a: Lopunny|Quick Attack|p1a: Landorus-Therian
|-damage|p1a: Landorus-Therian|0 fnt
|faint|p1a: Landorus-Therian
|
|
|switch|p1a: Garchomp|Garchomp, F|357\/357
|-damage|p1a: Garchomp|335\/357|[from] Stealth Rock
|turn|15
|
|switch|p2a: Gliscor|Gliscor, M|319\/353 tox
|move|p1a: Garchomp|Stealth Rock|p2a: Gliscor
|-sidestart|p2: qways|move: Stealth Rock
|
|-heal|p2a: Gliscor|353\/353 tox|[from] ability: Poison Heal
|turn|16
|
|move|p1a: Garchomp|Swords Dance|p1a: Garchomp
|-boost|p1a: Garchomp|atk|2
|move|p2a: Gliscor|Agility|p2a: Gliscor
|-boost|p2a: Gliscor|spe|2
|
|turn|17
|
|move|p2a: Gliscor|Earthquake|p1a: Garchomp
|-damage|p1a: Garchomp|191\/357
|move|p1a: Garchomp|Swords Dance|p1a: Garchomp
|-boost|p1a: Garchomp|atk|2
|
|turn|18
|
|move|p2a: Gliscor|Earthquake|p1a: Garchomp
|-damage|p1a: Garchomp|44\/357
|move|p1a: Garchomp|Dragon Claw|p2a: Gliscor
|-damage|p2a: Gliscor|0 fnt
|faint|p2a: Gliscor
|
|
|switch|p2a: Jolteon|Jolteon, F|114\/271
|-damage|p2a: Jolteon|81\/271|[from] Stealth Rock
|turn|19
|
|move|p2a: Jolteon|Shadow Ball|p1a: Garchomp
|-damage|p1a: Garchomp|0 fnt
|faint|p1a: Garchomp
|
|
|switch|p1a: Breloom|Breloom, F|245\/261
|-damage|p1a: Breloom|229\/261|[from] Stealth Rock
|turn|20
|
|move|p1a: Breloom|Mach Punch|p2a: Jolteon
|-damage|p2a: Jolteon|0 fnt
|-damage|p1a: Breloom|203\/261|[from] item: Life Orb
|faint|p2a: Jolteon
|
|
|switch|p2a: Scizor|Scizor, M|238\/343
|-damage|p2a: Scizor|196\/343|[from] Stealth Rock
|turn|21
|
|switch|p1a: Metagross|Metagross|105\/301
|-damage|p1a: Metagross|87\/301|[from] Stealth Rock
|move|p2a: Scizor|Bullet Punch|p1a: Metagross
|-resisted|p1a: Metagross
|-damage|p1a: Metagross|18\/301
|
|turn|22
|
|detailschange|p1a: Metagross|Metagross-Mega
|message|Metagross has Mega Evolved into Mega Metagross!
|move|p2a: Scizor|Bullet Punch|p1a: Metagross
|-resisted|p1a: Metagross
|-damage|p1a: Metagross|0 fnt
|faint|p1a: Metagross
|
|
|switch|p1a: Greninja|Greninja, M|194\/285
|-damage|p1a: Greninja|159\/285|[from] Stealth Rock
|turn|23
|
|switch|p2a: Breloom|Breloom, M|199\/323 tox
|-damage|p2a: Breloom|179\/323 tox|[from] Stealth Rock
|move|p1a: Greninja|Ice Beam|p2a: Breloom
|-start|p1a: Greninja|typechange|Ice|[from] Protean
|-supereffective|p2a: Breloom
|-damage|p2a: Breloom|0 fnt
|-damage|p1a: Greninja|131\/285|[from] item: Life Orb
|faint|p2a: Breloom
|
|
|switch|p2a: Scizor|Scizor, M|196\/343
|-damage|p2a: Scizor|154\/343|[from] Stealth Rock
|turn|24
|
|move|p2a: Scizor|Bullet Punch|p1a: Greninja
|-crit|p1a: Greninja
|-supereffective|p1a: Greninja
|-damage|p1a: Greninja|0 fnt
|faint|p1a: Greninja
|
|
|switch|p1a: Breloom|Breloom, F|203\/261
|-damage|p1a: Breloom|187\/261|[from] Stealth Rock
|turn|25
|
|move|p1a: Breloom|Mach Punch|p2a: Scizor
|-damage|p2a: Scizor|2\/343
|-damage|p1a: Breloom|161\/261|[from] item: Life Orb
|move|p2a: Scizor|Bullet Punch|p1a: Breloom
|-damage|p1a: Breloom|0 fnt
|faint|p1a: Breloom
|
|c|âTRICKING|ROFL
|c|âqways|gg
|-message|TRICKING forfeited.
|
|win|qways
|raw|Ladder updating...
|c| Alvadora|lmfao
|c|âTRICKING|nice luck
|raw|TRICKING's rating: 1657 &rarr; <strong>1640<\/strong><br \/>(-17 for losing)
|raw|qways's rating: 1718 &rarr; <strong>1735<\/strong><br \/>(+17 for winning)
|c|âTRICKING|-140 in a row
|c|âTRICKING|haha
|c|âqways|gj
|c|âTRICKING|thx
|leave|TRICKING
|player|p1
|leave|Alexander
|leave|Alvadora
|join|Alexander