|join|qways
|join|Ho3nConfirm3d
|player|p1|qways|2
|player|p2|Ho3nConfirm3d|2
|gametype|singles
|gen|6
|tier|OU
|rated
|clearpoke
|poke|p1|Infernape, M
|poke|p1|Lopunny, M
|poke|p1|Scizor, M
|poke|p1|Jolteon, M
|poke|p1|Breloom, F
|poke|p1|Gliscor, F
|poke|p2|Thundurus, M
|poke|p2|Excadrill, M
|poke|p2|Gyarados, F
|poke|p2|Rotom-Wash
|poke|p2|Tyranitar, M
|poke|p2|Breloom, F
|rule|Swagger Clause: Swagger is banned
|rule|Baton Pass Clause: Limit one PokÃ©mon knowing Baton Pass
|rule|Sleep Clause Mod: Limit one foe put to sleep
|rule|Species Clause: Limit one of each PokÃ©mon
|rule|OHKO Clause: OHKO moves are banned
|rule|Moody Clause: Moody is banned
|rule|Evasion Moves Clause: Evasion moves are banned
|rule|Endless Battle Clause: Forcing endless battles is banned
|rule|HP Percentage Mod: HP is shown in percentages
|teampreview
|
|start
|switch|p1a: Infernape|Infernape, M|293\/293
|switch|p2a: Rotom-Wash|Rotom-Wash|304\/304
|turn|1
|join|WerewolfOfWysteria
|
|move|p1a: Infernape|Stealth Rock|p2a: Rotom-Wash
|-sidestart|p2: Ho3nConfirm3d|move: Stealth Rock
|move|p2a: Rotom-Wash|Reflect|p2a: Rotom-Wash
|-sidestart|p2: Ho3nConfirm3d|Reflect
|
|turn|2
|
|move|p1a: Infernape|Taunt|p2a: Rotom-Wash
|-start|p2a: Rotom-Wash|move: Taunt
|move|p2a: Rotom-Wash|Volt Switch|p1a: Infernape
|-damage|p1a: Infernape|184\/293
|
|switch|p2a: Gyarados|Gyarados, F|332\/332
|-damage|p2a: Gyarados|249\/332|[from] Stealth Rock
|-ability|p2a: Gyarados|Intimidate|[of] p1a: Infernape
|-unboost|p1a: Infernape|atk|1
|
|turn|3
|
|switch|p1a: Breloom|Breloom, F|323\/323
|move|p2a: Gyarados|Dragon Dance|p2a: Gyarados
|-boost|p2a: Gyarados|atk|1
|-boost|p2a: Gyarados|spe|1
|
|-status|p1a: Breloom|tox|[from] item: Toxic Orb
|turn|4
|
|move|p2a: Gyarados|Waterfall|p1a: Breloom
|-resisted|p1a: Breloom
|-damage|p1a: Breloom|236\/323 tox
|move|p1a: Breloom|Spore|p2a: Gyarados
|-status|p2a: Gyarados|slp
|
|-heal|p1a: Breloom|276\/323 tox|[from] ability: Poison Heal
|turn|5
|
|switch|p2a: Tyranitar|Tyranitar, M|404\/404
|-damage|p2a: Tyranitar|354\/404|[from] Stealth Rock
|-weather|Sandstorm
|move|p1a: Breloom|Swords Dance|p1a: Breloom
|-boost|p1a: Breloom|atk|2
|
|-weather|Sandstorm|[upkeep]
|-damage|p1a: Breloom|256\/323 tox|[from] sandstorm
|-heal|p2a: Tyranitar|379\/404|[from] item: Leftovers
|-heal|p1a: Breloom|296\/323 tox|[from] ability: Poison Heal
|turn|6
|
|move|p1a: Breloom|Seed Bomb|p2a: Tyranitar
|-supereffective|p2a: Tyranitar
|-damage|p2a: Tyranitar|168\/404
|move|p2a: Tyranitar|Fire Punch|p1a: Breloom
|-supereffective|p1a: Breloom
|-damage|p1a: Breloom|130\/323 tox
|
|-weather|Sandstorm|[upkeep]
|-damage|p1a: Breloom|110\/323 tox|[from] sandstorm
|-heal|p2a: Tyranitar|193\/404|[from] item: Leftovers
|-heal|p1a: Breloom|150\/323 tox|[from] ability: Poison Heal
|turn|7
|
|switch|p2a: Gyarados|Gyarados, F|249\/332 slp
|-damage|p2a: Gyarados|166\/332 slp|[from] Stealth Rock
|-ability|p2a: Gyarados|Intimidate|[of] p1a: Breloom
|-unboost|p1a: Breloom|atk|1
|move|p1a: Breloom|Seed Bomb|p2a: Gyarados
|-damage|p2a: Gyarados|61\/332 slp
|
|-weather|Sandstorm|[upkeep]
|-damage|p2a: Gyarados|41\/332 slp|[from] sandstorm
|-damage|p1a: Breloom|130\/323 tox|[from] sandstorm
|-heal|p1a: Breloom|170\/323 tox|[from] ability: Poison Heal
|turn|8
|
|detailschange|p2a: Gyarados|Gyarados-Mega, F
|message|Gyarados has Mega Evolved into Mega Gyarados!
|-ability|p2a: Gyarados|Mold Breaker
|cant|p2a: Gyarados|slp
|move|p1a: Breloom|Swords Dance|p1a: Breloom
|-boost|p1a: Breloom|atk|2
|
|-weather|Sandstorm|[upkeep]
|-damage|p2a: Gyarados|21\/332 slp|[from] sandstorm
|-damage|p1a: Breloom|150\/323 tox|[from] sandstorm
|-heal|p1a: Breloom|190\/323 tox|[from] ability: Poison Heal
|-sideend|p2: Ho3nConfirm3d|Reflect
|turn|9
|
|move|p1a: Breloom|Mach Punch|p2a: Gyarados
|-supereffective|p2a: Gyarados
|-damage|p2a: Gyarados|0 fnt
|faint|p2a: Gyarados
|
|-weather|none
|-heal|p1a: Breloom|230\/323 tox|[from] ability: Poison Heal
|-message|Ho3nConfirm3d forfeited.
|
|win|qways
|raw|Ladder updating...
|leave|Ho3nConfirm3d
|player|p2