|join|candres
|join|qways
|player|p1|candres|291
|player|p2|qways|265
|gametype|singles
|gen|6
|tier|OU
|rated
|clearpoke
|poke|p1|Diancie
|poke|p1|Bisharp, F
|poke|p1|Starmie
|poke|p1|Garchomp, M
|poke|p1|Gothitelle, M
|poke|p1|Ferrothorn, M
|poke|p2|Infernape, F
|poke|p2|Lopunny, F
|poke|p2|Scizor, M
|poke|p2|Jolteon, F
|poke|p2|Breloom, M
|poke|p2|Gliscor, F
|rule|Swagger Clause: Swagger is banned
|rule|Baton Pass Clause: Limit one PokÃ©mon knowing Baton Pass
|rule|Sleep Clause Mod: Limit one foe put to sleep
|rule|Species Clause: Limit one of each PokÃ©mon
|rule|OHKO Clause: OHKO moves are banned
|rule|Moody Clause: Moody is banned
|rule|Evasion Moves Clause: Evasion moves are banned
|rule|Endless Battle Clause: Forcing endless battles is banned
|rule|HP Percentage Mod: HP is shown in percentages
|teampreview
|
|start
|switch|p1a: Gothitelle|Gothitelle, M|281\/281
|switch|p2a: Infernape|Infernape, F|293\/293
|turn|1
|
|switch|p1a: Starmie|Starmie|261\/261
|move|p2a: Infernape|Fake Out|p1a: Starmie
|-damage|p1a: Starmie|211\/261
|
|turn|2
|
|switch|p2a: Jolteon|Jolteon, F|271\/271
|move|p1a: Starmie|Thunderbolt|p2a: Jolteon
|-immune|p2a: Jolteon|[msg]
|
|turn|3
|
|switch|p1a: Ferrothorn|Ferrothorn, M|352\/352
|move|p2a: Jolteon|Volt Switch|p1a: Ferrothorn
|-resisted|p1a: Ferrothorn
|-damage|p1a: Ferrothorn|309\/352
|
|switch|p2a: Infernape|Infernape, F|293\/293
|
|-heal|p1a: Ferrothorn|331\/352|[from] item: Leftovers
|turn|4
|
|move|p1a: Ferrothorn|Protect|p1a: Ferrothorn
|-singleturn|p1a: Ferrothorn|Protect
|move|p2a: Infernape|Taunt|p1a: Ferrothorn
|-activate|p1a: Ferrothorn|Protect
|
|-heal|p1a: Ferrothorn|352\/352|[from] item: Leftovers
|turn|5
|
|switch|p1a: Starmie|Starmie|211\/261
|move|p2a: Infernape|Stealth Rock|p1a: Starmie
|-sidestart|p1: candres|move: Stealth Rock
|
|turn|6
|
|switch|p2a: Jolteon|Jolteon, F|271\/271
|move|p1a: Starmie|Hydro Pump|p2a: Jolteon
|-damage|p2a: Jolteon|71\/271
|-damage|p1a: Starmie|185\/261|[from] item: Life Orb
|
|turn|7
|
|switch|p1a: Ferrothorn|Ferrothorn, M|352\/352
|-damage|p1a: Ferrothorn|330\/352|[from] Stealth Rock
|move|p2a: Jolteon|Volt Switch|p1a: Ferrothorn
|-resisted|p1a: Ferrothorn
|-damage|p1a: Ferrothorn|288\/352
|
|switch|p2a: Lopunny|Lopunny, F|271\/271
|
|-heal|p1a: Ferrothorn|310\/352|[from] item: Leftovers
|turn|8
|
|detailschange|p2a: Lopunny|Lopunny-Mega, F
|message|Lopunny has Mega Evolved into Mega Lopunny!
|move|p2a: Lopunny|Power-Up Punch|p1a: Ferrothorn
|-supereffective|p1a: Ferrothorn
|-damage|p1a: Ferrothorn|214\/352
|-damage|p2a: Lopunny|238\/271|[from] ability: Iron Barbs|[of] p1a: Ferrothorn
|-boost|p2a: Lopunny|atk|1
|move|p1a: Ferrothorn|Gyro Ball|p2a: Lopunny
|-damage|p2a: Lopunny|67\/271
|
|-heal|p1a: Ferrothorn|236\/352|[from] item: Leftovers
|turn|9
|
|move|p1a: Ferrothorn|Protect|p1a: Ferrothorn
|-singleturn|p1a: Ferrothorn|Protect
|move|p2a: Lopunny|Power-Up Punch|p1a: Ferrothorn
|-activate|p1a: Ferrothorn|Protect
|
|-heal|p1a: Ferrothorn|258\/352|[from] item: Leftovers
|turn|10
|
|move|p2a: Lopunny|High Jump Kick|p1a: Ferrothorn
|-supereffective|p1a: Ferrothorn
|-damage|p1a: Ferrothorn|0 fnt
|-damage|p2a: Lopunny|34\/271|[from] ability: Iron Barbs|[of] p1a: Ferrothorn
|faint|p1a: Ferrothorn
|
|
|switch|p1a: Bisharp|Bisharp, F|271\/271
|-damage|p1a: Bisharp|255\/271|[from] Stealth Rock
|turn|11
|
|move|p1a: Bisharp|Pursuit|p2a: Lopunny|[from]Pursuit
|-resisted|p2a: Lopunny
|-damage|p2a: Lopunny|0 fnt
|faint|p2a: Lopunny
|
|c|âqways|NICE!
|
|switch|p2a: Breloom|Breloom, M|323\/323
|turn|12
|
|switch|p1a: Gothitelle|Gothitelle, M|281\/281
|-damage|p1a: Gothitelle|246\/281|[from] Stealth Rock
|move|p2a: Breloom|Spore|p1a: Gothitelle
|-status|p1a: Gothitelle|slp
|
|-status|p2a: Breloom|tox|[from] item: Toxic Orb
|turn|13
|
|switch|p1a: Garchomp|Garchomp, M|357\/357
|-damage|p1a: Garchomp|335\/357|[from] Stealth Rock
|move|p2a: Breloom|Swords Dance|p2a: Breloom
|-boost|p2a: Breloom|atk|2
|
|turn|14
|
|move|p1a: Garchomp|Stealth Rock|p2a: Breloom
|-sidestart|p2: qways|move: Stealth Rock
|move|p2a: Breloom|Seed Bomb|p1a: Garchomp
|-damage|p1a: Garchomp|85\/357
|
|turn|15
|
|move|p2a: Breloom|Mach Punch|p1a: Garchomp
|-damage|p1a: Garchomp|0 fnt
|-damage|p2a: Breloom|283\/323 tox|[from] ability: Rough Skin|[of] p1a: Garchomp
|faint|p1a: Garchomp
|
|-heal|p2a: Breloom|323\/323 tox|[from] ability: Poison Heal
|
|switch|p1a: Starmie|Starmie|185\/261
|-damage|p1a: Starmie|153\/261|[from] Stealth Rock
|turn|16
|
|switch|p2a: Infernape|Infernape, F|293\/293
|-damage|p2a: Infernape|257\/293|[from] Stealth Rock
|move|p1a: Starmie|Ice Beam|p2a: Infernape
|-resisted|p2a: Infernape
|-damage|p2a: Infernape|154\/293
|-damage|p1a: Starmie|127\/261|[from] item: Life Orb
|
|turn|17
|
|move|p2a: Infernape|Fake Out|p1a: Starmie
|-damage|p1a: Starmie|82\/261
|cant|p1a: Starmie|flinch
|
|turn|18
|
|move|p1a: Starmie|Rapid Spin|p2a: Infernape
|-damage|p2a: Infernape|135\/293
|-sideend|p1: candres|Stealth Rock|[from] move: Rapid Spin|[of] p1a: Starmie
|-damage|p1a: Starmie|56\/261|[from] item: Life Orb
|move|p2a: Infernape|Close Combat|p1a: Starmie
|-resisted|p1a: Starmie
|-damage|p1a: Starmie|0 fnt
|-unboost|p2a: Infernape|def|1
|-unboost|p2a: Infernape|spd|1
|faint|p1a: Starmie
|
|
|switch|p1a: Diancie|Diancie|285\/285
|turn|19
|
|detailschange|p1a: Diancie|Diancie-Mega
|message|Diancie has Mega Evolved into Mega Diancie!
|move|p2a: Infernape|Close Combat|p1a: Diancie
|-damage|p1a: Diancie|119\/285
|-unboost|p2a: Infernape|def|1
|-unboost|p2a: Infernape|spd|1
|move|p1a: Diancie|Earth Power|p2a: Infernape
|-supereffective|p2a: Infernape
|-damage|p2a: Infernape|0 fnt
|faint|p2a: Infernape
|
|
|switch|p2a: Scizor|Scizor, M|343\/343
|-damage|p2a: Scizor|301\/343|[from] Stealth Rock
|turn|20
|
|switch|p1a: Bisharp|Bisharp, F|255\/271
|move|p2a: Scizor|Bullet Punch|p1a: Bisharp
|-resisted|p1a: Bisharp
|-damage|p1a: Bisharp|171\/271
|
|turn|21
|
|switch|p2a: Breloom|Breloom, M|323\/323 tox
|-damage|p2a: Breloom|303\/323 tox|[from] Stealth Rock
|move|p1a: Bisharp|Knock Off|p2a: Breloom
|-resisted|p2a: Breloom
|-damage|p2a: Breloom|207\/323 tox
|-enditem|p2a: Breloom|Toxic Orb|[from] move: Knock Off|[of] p1a: Bisharp
|
|-heal|p2a: Breloom|247\/323 tox|[from] ability: Poison Heal
|turn|22
|
|move|p1a: Bisharp|Iron Head|p2a: Breloom
|-damage|p2a: Breloom|120\/323 tox
|move|p2a: Breloom|Swords Dance|p2a: Breloom
|-boost|p2a: Breloom|atk|2
|
|-heal|p2a: Breloom|160\/323 tox|[from] ability: Poison Heal
|turn|23
|
|move|p1a: Bisharp|Sucker Punch|p2a: Breloom
|-crit|p2a: Breloom
|-resisted|p2a: Breloom
|-damage|p2a: Breloom|42\/323 tox
|move|p2a: Breloom|Mach Punch|p1a: Bisharp
|-supereffective|p1a: Bisharp
|-damage|p1a: Bisharp|0 fnt
|faint|p1a: Bisharp
|
|-heal|p2a: Breloom|82\/323 tox|[from] ability: Poison Heal
|
|switch|p1a: Diancie|Diancie-Mega|119\/285
|turn|24
|
|move|p2a: Breloom|Mach Punch|p1a: Diancie
|-damage|p1a: Diancie|19\/285
|move|p1a: Diancie|Moonblast|p2a: Breloom
|-supereffective|p2a: Breloom
|-damage|p2a: Breloom|0 fnt
|faint|p2a: Breloom
|
|
|switch|p2a: Scizor|Scizor, M|301\/343
|-damage|p2a: Scizor|259\/343|[from] Stealth Rock
|turn|25
|
|move|p2a: Scizor|Bullet Punch|p1a: Diancie
|-supereffective|p1a: Diancie
|-damage|p1a: Diancie|0 fnt
|faint|p1a: Diancie
|
|
|switch|p1a: Gothitelle|Gothitelle, M|246\/281 slp
|turn|26
|
|move|p2a: Scizor|Bullet Punch|p1a: Gothitelle
|-damage|p1a: Gothitelle|77\/281 slp
|cant|p1a: Gothitelle|slp
|
|turn|27
|
|move|p2a: Scizor|Bullet Punch|p1a: Gothitelle
|-damage|p1a: Gothitelle|0 fnt
|faint|p1a: Gothitelle
|
|win|qways
|raw|Ladder updating...
|raw|candres's rating: 1572 &rarr; <strong>1555<\/strong><br \/>(-17 for losing)
|raw|qways's rating: 1622 &rarr; <strong>1640<\/strong><br \/>(+18 for winning)
|leave|candres
|player|p1