|join|Aka DH
|join|qways
|player|p1|Aka DH|288
|player|p2|qways|169
|gametype|singles
|gen|6
|tier|OU
|rated
|clearpoke
|poke|p1|Bisharp, F
|poke|p1|Venusaur, F
|poke|p1|Heatran, F
|poke|p1|Keldeo
|poke|p1|Chansey, F
|poke|p1|Skarmory, F
|poke|p2|Infernape, M
|poke|p2|Lopunny, F
|poke|p2|Scizor, F
|poke|p2|Jolteon, F
|poke|p2|Breloom, F
|poke|p2|Gliscor, F
|rule|Swagger Clause: Swagger is banned
|rule|Baton Pass Clause: Limit one PokÃ©mon knowing Baton Pass
|rule|Sleep Clause Mod: Limit one foe put to sleep
|rule|Species Clause: Limit one of each PokÃ©mon
|rule|OHKO Clause: OHKO moves are banned
|rule|Moody Clause: Moody is banned
|rule|Evasion Moves Clause: Evasion moves are banned
|rule|Endless Battle Clause: Forcing endless battles is banned
|rule|HP Percentage Mod: HP is shown in percentages
|teampreview
Aka DH turned on modjoin.
|raw|<div class="broadcast-red"><b>Moderated chat was set to +!<\/b><br \/>Only users of rank + and higher can talk.<\/div>
Aka DH made this room private.
|
|start
|switch|p1a: Heatran|Heatran, F|340\/340
|switch|p2a: Infernape|Infernape, M|293\/293
|-item|p1a: Heatran|Air Balloon
|turn|1
|
|move|p2a: Infernape|Stealth Rock|p1a: Heatran
|-sidestart|p1: Aka DH|move: Stealth Rock
|move|p1a: Heatran|Stealth Rock|p2a: Infernape
|-sidestart|p2: qways|move: Stealth Rock
|
|turn|2
|
|move|p2a: Infernape|Close Combat|p1a: Heatran
|-supereffective|p1a: Heatran
|-damage|p1a: Heatran|52\/340
|-enditem|p1a: Heatran|Air Balloon
|-unboost|p2a: Infernape|def|1
|-unboost|p2a: Infernape|spd|1
|move|p1a: Heatran|Toxic|p2a: Infernape
|-status|p2a: Infernape|tox
|
|-damage|p2a: Infernape|275\/293 tox|[from] psn
|turn|3
|
|move|p2a: Infernape|Close Combat|p1a: Heatran
|-supereffective|p1a: Heatran
|-damage|p1a: Heatran|0 fnt
|-unboost|p2a: Infernape|def|1
|-unboost|p2a: Infernape|spd|1
|faint|p1a: Heatran
|
|-damage|p2a: Infernape|239\/293 tox|[from] psn
|
|switch|p1a: Keldeo|Keldeo|323\/323
|-damage|p1a: Keldeo|303\/323|[from] Stealth Rock
|turn|4
|
|move|p1a: Keldeo|Scald|p2a: Infernape
|-supereffective|p2a: Infernape
|-damage|p2a: Infernape|0 fnt
|faint|p2a: Infernape
|
|-heal|p1a: Keldeo|323\/323|[from] item: Leftovers
|
|switch|p2a: Jolteon|Jolteon, F|271\/271
|-damage|p2a: Jolteon|238\/271|[from] Stealth Rock
|turn|5
|
|switch|p1a: Chansey|Chansey, F|684\/684
|-damage|p1a: Chansey|599\/684|[from] Stealth Rock
|move|p2a: Jolteon|Volt Switch|p1a: Chansey
|-damage|p1a: Chansey|539\/684
|
|switch|p2a: Gliscor|Gliscor, F|353\/353
|-damage|p2a: Gliscor|309\/353|[from] Stealth Rock
|
|-status|p2a: Gliscor|tox|[from] item: Toxic Orb
|turn|6
|
|switch|p1a: Keldeo|Keldeo|323\/323
|-damage|p1a: Keldeo|303\/323|[from] Stealth Rock
|move|p2a: Gliscor|Earthquake|p1a: Keldeo
|-damage|p1a: Keldeo|144\/323
|
|-heal|p1a: Keldeo|164\/323|[from] item: Leftovers
|-heal|p2a: Gliscor|353\/353 tox|[from] ability: Poison Heal
|turn|7
|
|switch|p2a: Breloom|Breloom, F|323\/323
|-damage|p2a: Breloom|303\/323|[from] Stealth Rock
|move|p1a: Keldeo|Scald|p2a: Breloom
|-resisted|p2a: Breloom
|-damage|p2a: Breloom|189\/323
|
|-heal|p1a: Keldeo|184\/323|[from] item: Leftovers
|-status|p2a: Breloom|tox|[from] item: Toxic Orb
|turn|8
|c|âqways|phew
|
|switch|p1a: Venusaur|Venusaur, F|364\/364
|-damage|p1a: Venusaur|319\/364|[from] Stealth Rock
|switch|p2a: Scizor|Scizor, F|343\/343
|-damage|p2a: Scizor|301\/343|[from] Stealth Rock
|
|turn|9
|
|detailschange|p1a: Venusaur|Venusaur-Mega, F
|message|Venusaur has Mega Evolved into Mega Venusaur!
|move|p1a: Venusaur|Hidden Power|p2a: Scizor
|-supereffective|p2a: Scizor
|-damage|p2a: Scizor|21\/343
|move|p2a: Scizor|U-turn|p1a: Venusaur
|-damage|p1a: Venusaur|183\/364
|
|switch|p2a: Gliscor|Gliscor, F|353\/353 tox
|-damage|p2a: Gliscor|309\/353 tox|[from] Stealth Rock
|
|-heal|p2a: Gliscor|353\/353 tox|[from] ability: Poison Heal
|turn|10
|
|move|p2a: Gliscor|Swords Dance|p2a: Gliscor
|-boost|p2a: Gliscor|atk|2
|move|p1a: Venusaur|Giga Drain|p2a: Gliscor
|-damage|p2a: Gliscor|229\/353 tox
|-heal|p1a: Venusaur|245\/364|[from] drain|[of] p2a: Gliscor
|
|-heal|p2a: Gliscor|273\/353 tox|[from] ability: Poison Heal
|turn|11
|
|move|p2a: Gliscor|Earthquake|p1a: Venusaur
|-damage|p1a: Venusaur|41\/364
|move|p1a: Venusaur|Giga Drain|p2a: Gliscor
|-damage|p2a: Gliscor|150\/353 tox
|-heal|p1a: Venusaur|103\/364|[from] drain|[of] p2a: Gliscor
|
|-heal|p2a: Gliscor|194\/353 tox|[from] ability: Poison Heal
|turn|12
|
|switch|p1a: Skarmory|Skarmory, F|334\/334
|-damage|p1a: Skarmory|293\/334|[from] Stealth Rock
|move|p2a: Gliscor|Earthquake|p1a: Skarmory
|-immune|p1a: Skarmory|[msg]
|
|-heal|p2a: Gliscor|238\/353 tox|[from] ability: Poison Heal
|turn|13
|
|move|p2a: Gliscor|Stone Edge|p1a: Skarmory
|-damage|p1a: Skarmory|167\/334
|move|p1a: Skarmory|Roost|p1a: Skarmory
|-heal|p1a: Skarmory|334\/334
|
|-heal|p2a: Gliscor|282\/353 tox|[from] ability: Poison Heal
|turn|14
|
|move|p2a: Gliscor|Stone Edge|p1a: Skarmory
|-damage|p1a: Skarmory|211\/334
|move|p1a: Skarmory|Whirlwind|p2a: Gliscor
|drag|p2a: Breloom|Breloom, F|189\/323 tox
|-damage|p2a: Breloom|169\/323 tox|[from] Stealth Rock
|
|-heal|p2a: Breloom|209\/323 tox|[from] ability: Poison Heal
|turn|15
|
|switch|p2a: Scizor|Scizor, F|21\/343
|-damage|p2a: Scizor|0 fnt|[from] Stealth Rock
|faint|p2a: Scizor
|move|p1a: Skarmory|Brave Bird|p2: Scizor|[notarget]
|-notarget
|
|
|switch|p2a: Jolteon|Jolteon, F|238\/271
|-damage|p2a: Jolteon|205\/271|[from] Stealth Rock
|turn|16
|
|switch|p1a: Chansey|Chansey, F|539\/684
|-damage|p1a: Chansey|454\/684|[from] Stealth Rock
|move|p2a: Jolteon|Volt Switch|p1a: Chansey
|-crit|p1a: Chansey
|-damage|p1a: Chansey|351\/684
|
|switch|p2a: Lopunny|Lopunny, F|271\/271
|-damage|p2a: Lopunny|238\/271|[from] Stealth Rock
|
|turn|17
|
|detailschange|p2a: Lopunny|Lopunny-Mega, F
|message|Lopunny has Mega Evolved into Mega Lopunny!
|move|p2a: Lopunny|High Jump Kick|p1a: Chansey
|-supereffective|p1a: Chansey
|-damage|p1a: Chansey|0 fnt
|faint|p1a: Chansey
|
|
|switch|p1a: Skarmory|Skarmory, F|211\/334
|-damage|p1a: Skarmory|170\/334|[from] Stealth Rock
|turn|18
|
|switch|p2a: Jolteon|Jolteon, F|205\/271
|-damage|p2a: Jolteon|172\/271|[from] Stealth Rock
|move|p1a: Skarmory|Roost|p1a: Skarmory
|-heal|p1a: Skarmory|334\/334
|
|turn|19
|
|switch|p1a: Bisharp|Bisharp, F|334\/334
|-damage|p1a: Bisharp|314\/334|[from] Stealth Rock
|move|p2a: Jolteon|Thunderbolt|p1a: Bisharp
|-damage|p1a: Bisharp|121\/334
|
|-heal|p1a: Bisharp|141\/334|[from] item: Leftovers
|turn|20
|
|move|p2a: Jolteon|Volt Switch|p1a: Bisharp
|-damage|p1a: Bisharp|0 fnt
|faint|p1a: Bisharp
|
|switch|p2a: Lopunny|Lopunny-Mega, F|238\/271
|-damage|p2a: Lopunny|222\/271|[from] Stealth Rock
|
|
|switch|p1a: Skarmory|Skarmory, F|334\/334
|-damage|p1a: Skarmory|293\/334|[from] Stealth Rock
|turn|21
|
|switch|p2a: Gliscor|Gliscor, F|282\/353 tox
|-damage|p2a: Gliscor|238\/353 tox|[from] Stealth Rock
|move|p1a: Skarmory|Brave Bird|p2a: Gliscor
|-damage|p2a: Gliscor|144\/353 tox
|-damage|p1a: Skarmory|262\/334|[from] recoil|[of] p2a: Gliscor
|
|-heal|p2a: Gliscor|188\/353 tox|[from] ability: Poison Heal
|turn|22
|
|switch|p2a: Jolteon|Jolteon, F|172\/271
|-damage|p2a: Jolteon|139\/271|[from] Stealth Rock
|move|p1a: Skarmory|Spikes|p2a: Jolteon
|-sidestart|p2: qways|Spikes
|
|turn|23
|
|switch|p1a: Keldeo|Keldeo|184\/323
|-damage|p1a: Keldeo|164\/323|[from] Stealth Rock
|move|p2a: Jolteon|Thunderbolt|p1a: Keldeo
|-supereffective|p1a: Keldeo
|-damage|p1a: Keldeo|0 fnt
|faint|p1a: Keldeo
|
|
|switch|p1a: Venusaur|Venusaur-Mega, F|103\/364
|-damage|p1a: Venusaur|58\/364|[from] Stealth Rock
|turn|24
|
|move|p2a: Jolteon|Shadow Ball|p1a: Venusaur
|-damage|p1a: Venusaur|0 fnt
|faint|p1a: Venusaur
|
|-message|Aka DH forfeited.
|
|win|qways
|raw|Ladder updating...
|leave|Aka DH
|player|p1
|raw|Aka DH's rating: 1769 &rarr; <strong>1745<\/strong><br \/>(-24 for losing)
|raw|qways's rating: 1692 &rarr; <strong>1716<\/strong><br \/>(+24 for winning)