|join|MacroMonarch
|join|qways
|player|p1|MacroMonarch|162
|player|p2|qways|170
|gametype|singles
|gen|6
|tier|OU
|rated
|clearpoke
|poke|p1|Weavile, M, shiny
|poke|p1|Skarmory, F, shiny
|poke|p1|Chansey, F
|poke|p1|Slowbro, M, shiny
|poke|p1|Bisharp, F, shiny
|poke|p1|Lopunny, M, shiny
|poke|p2|Infernape, M
|poke|p2|Lopunny, M
|poke|p2|Scizor, F
|poke|p2|Jolteon, F
|poke|p2|Breloom, F
|poke|p2|Gliscor, F
|rule|Swagger Clause: Swagger is banned
|rule|Baton Pass Clause: Limit one PokÃ©mon knowing Baton Pass
|rule|Sleep Clause Mod: Limit one foe put to sleep
|rule|Species Clause: Limit one of each PokÃ©mon
|rule|OHKO Clause: OHKO moves are banned
|rule|Moody Clause: Moody is banned
|rule|Evasion Moves Clause: Evasion moves are banned
|rule|Endless Battle Clause: Forcing endless battles is banned
|rule|HP Percentage Mod: HP is shown in percentages
|teampreview
|
|start
|switch|p1a: Bisharp|Bisharp, F, shiny|272\/272
|switch|p2a: Infernape|Infernape, M|293\/293
|turn|1
|
|move|p2a: Infernape|Stealth Rock|p1a: Bisharp
|-sidestart|p1: MacroMonarch|move: Stealth Rock
|move|p1a: Bisharp|Knock Off|p2a: Infernape
|-resisted|p2a: Infernape
|-damage|p2a: Infernape|134\/293
|-enditem|p2a: Infernape|Focus Sash|[from] move: Knock Off|[of] p1a: Bisharp
|-damage|p1a: Bisharp|245\/272|[from] item: Life Orb
|
|turn|2
|
|switch|p1a: Slowbro|Slowbro, M, shiny|383\/383
|-damage|p1a: Slowbro|336\/383|[from] Stealth Rock
|move|p2a: Infernape|Close Combat|p1a: Slowbro
|-resisted|p1a: Slowbro
|-damage|p1a: Slowbro|273\/383
|-unboost|p2a: Infernape|def|1
|-unboost|p2a: Infernape|spd|1
|
|-heal|p1a: Slowbro|296\/383|[from] item: Leftovers
|turn|3
|
|switch|p2a: Jolteon|Jolteon, F|271\/271
|move|p1a: Slowbro|Psychic|p2a: Jolteon
|-damage|p2a: Jolteon|198\/271
|-unboost|p2a: Jolteon|spd|1
|
|-heal|p1a: Slowbro|319\/383|[from] item: Leftovers
|turn|4
|
|switch|p1a: Chansey|Chansey, F|642\/642
|-damage|p1a: Chansey|562\/642|[from] Stealth Rock
|move|p2a: Jolteon|Volt Switch|p1a: Chansey
|-damage|p1a: Chansey|505\/642
|
|switch|p2a: Lopunny|Lopunny, M|271\/271
|
|turn|5
|
|switch|p1a: Slowbro|Slowbro, M, shiny|383\/383
|-damage|p1a: Slowbro|336\/383|[from] Stealth Rock
|detailschange|p2a: Lopunny|Lopunny-Mega, M
|message|Lopunny has Mega Evolved into Mega Lopunny!
|move|p2a: Lopunny|Power-Up Punch|p1a: Slowbro
|-resisted|p1a: Slowbro
|-damage|p1a: Slowbro|312\/383
|-boost|p2a: Lopunny|atk|1
|
|-heal|p1a: Slowbro|335\/383|[from] item: Leftovers
|turn|6
|
|move|p2a: Lopunny|Return|p1a: Slowbro
|-damage|p1a: Slowbro|154\/383
|move|p1a: Slowbro|Psychic|p2a: Lopunny
|-supereffective|p2a: Lopunny
|-damage|p2a: Lopunny|49\/271
|
|-heal|p1a: Slowbro|177\/383|[from] item: Leftovers
|turn|7
|
|switch|p1a: Skarmory|Skarmory, F, shiny|334\/334
|-damage|p1a: Skarmory|293\/334|[from] Stealth Rock
|move|p2a: Lopunny|Return|p1a: Skarmory
|-resisted|p1a: Skarmory
|-damage|p1a: Skarmory|202\/334
|
|-heal|p1a: Skarmory|222\/334|[from] item: Leftovers
|turn|8
|
|switch|p1a: Slowbro|Slowbro, M, shiny|304\/383
|-damage|p1a: Slowbro|257\/383|[from] Stealth Rock
|move|p2a: Lopunny|High Jump Kick|p1a: Slowbro|[miss]
|-miss|p2a: Lopunny|p1a: Slowbro
|-damage|p2a: Lopunny|0 fnt|[from] highjumpkick
|faint|p2a: Lopunny
|
|-heal|p1a: Slowbro|280\/383|[from] item: Leftovers
|
|switch|p2a: Jolteon|Jolteon, F|198\/271
|turn|9
|
|switch|p1a: Chansey|Chansey, F|505\/642
|-damage|p1a: Chansey|425\/642|[from] Stealth Rock
|move|p2a: Jolteon|Volt Switch|p1a: Chansey
|-crit|p1a: Chansey
|-damage|p1a: Chansey|340\/642
|
|switch|p2a: Breloom|Breloom, F|323\/323
|
|-status|p2a: Breloom|tox|[from] item: Toxic Orb
|turn|10
|
|switch|p1a: Bisharp|Bisharp, F, shiny|245\/272
|-damage|p1a: Bisharp|228\/272|[from] Stealth Rock
|move|p2a: Breloom|Swords Dance|p2a: Breloom
|-boost|p2a: Breloom|atk|2
|
|turn|11
|
|move|p1a: Bisharp|Sucker Punch|p2a: Breloom
|-resisted|p2a: Breloom
|-damage|p2a: Breloom|237\/323 tox
|-damage|p1a: Bisharp|201\/272|[from] item: Life Orb
|move|p2a: Breloom|Mach Punch|p1a: Bisharp
|-supereffective|p1a: Bisharp
|-damage|p1a: Bisharp|0 fnt
|faint|p1a: Bisharp
|
|-heal|p2a: Breloom|277\/323 tox|[from] ability: Poison Heal
|
|switch|p1a: Weavile|Weavile, M, shiny|281\/281
|-damage|p1a: Weavile|211\/281|[from] Stealth Rock
|-ability|p1a: Weavile|Pressure
|turn|12
|
|move|p1a: Weavile|Ice Shard|p2a: Breloom
|-supereffective|p2a: Breloom
|-damage|p2a: Breloom|142\/323 tox
|-damage|p1a: Weavile|183\/281|[from] item: Life Orb
|move|p2a: Breloom|Mach Punch|p1a: Weavile
|-supereffective|p1a: Weavile
|-damage|p1a: Weavile|0 fnt
|faint|p1a: Weavile
|
|-heal|p2a: Breloom|182\/323 tox|[from] ability: Poison Heal
|
|switch|p1a: Lopunny|Lopunny, M, shiny|272\/272
|-damage|p1a: Lopunny|238\/272|[from] Stealth Rock
|turn|13
|
|detailschange|p1a: Lopunny|Lopunny-Mega, M, shiny
|message|Lopunny has Mega Evolved into Mega Lopunny!
|move|p1a: Lopunny|Fake Out|p2a: Breloom
|-damage|p2a: Breloom|119\/323 tox
|cant|p2a: Breloom|flinch
|
|-heal|p2a: Breloom|159\/323 tox|[from] ability: Poison Heal
|turn|14
|
|switch|p1a: Skarmory|Skarmory, F, shiny|222\/334
|-damage|p1a: Skarmory|181\/334|[from] Stealth Rock
|move|p2a: Breloom|Mach Punch|p1a: Skarmory
|-damage|p1a: Skarmory|111\/334
|
|-heal|p1a: Skarmory|131\/334|[from] item: Leftovers
|-heal|p2a: Breloom|199\/323 tox|[from] ability: Poison Heal
|turn|15
|
|switch|p2a: Jolteon|Jolteon, F|198\/271
|move|p1a: Skarmory|Whirlwind|p2a: Jolteon
|drag|p2a: Infernape|Infernape, M|134\/293
|
|-heal|p1a: Skarmory|151\/334|[from] item: Leftovers
|turn|16
|
|switch|p1a: Slowbro|Slowbro, M, shiny|383\/383
|-damage|p1a: Slowbro|336\/383|[from] Stealth Rock
|move|p2a: Infernape|Taunt|p1a: Slowbro
|-start|p1a: Slowbro|move: Taunt
|
|-heal|p1a: Slowbro|359\/383|[from] item: Leftovers
|turn|17
|
|switch|p2a: Jolteon|Jolteon, F|198\/271
|move|p1a: Slowbro|Psychic|p2a: Jolteon
|-damage|p2a: Jolteon|126\/271
|
|-heal|p1a: Slowbro|382\/383|[from] item: Leftovers
|turn|18
|
|move|p2a: Jolteon|Volt Switch|p1a: Slowbro
|-supereffective|p1a: Slowbro
|-damage|p1a: Slowbro|160\/383
|
|switch|p2a: Breloom|Breloom, F|199\/323 tox
|move|p1a: Slowbro|Scald|p2a: Breloom
|-resisted|p2a: Breloom
|-damage|p2a: Breloom|134\/323 tox
|
|-heal|p1a: Slowbro|183\/383|[from] item: Leftovers
|-heal|p2a: Breloom|174\/323 tox|[from] ability: Poison Heal
|turn|19
|
|move|p2a: Breloom|Spore|p1a: Slowbro
|-status|p1a: Slowbro|slp
|cant|p1a: Slowbro|slp
|
|-heal|p1a: Slowbro|206\/383 slp|[from] item: Leftovers
|-heal|p2a: Breloom|214\/323 tox|[from] ability: Poison Heal
|-end|p1a: Slowbro|move: Taunt
|turn|20
|
|switch|p2a: Jolteon|Jolteon, F|126\/271
|switch|p1a: Skarmory|Skarmory, F, shiny|151\/334
|-damage|p1a: Skarmory|110\/334|[from] Stealth Rock
|
|-heal|p1a: Skarmory|130\/334|[from] item: Leftovers
|turn|21
|
|move|p2a: Jolteon|Volt Switch|p1a: Skarmory
|-supereffective|p1a: Skarmory
|-damage|p1a: Skarmory|0 fnt
|faint|p1a: Skarmory
|
|switch|p2a: Scizor|Scizor, F|343\/343
|
|
|switch|p1a: Lopunny|Lopunny-Mega, M, shiny|238\/272
|-damage|p1a: Lopunny|221\/272|[from] Stealth Rock
|turn|22
|
|move|p1a: Lopunny|Fake Out|p2a: Scizor
|-crit|p2a: Scizor
|-resisted|p2a: Scizor
|-damage|p2a: Scizor|289\/343
|cant|p2a: Scizor|flinch
|
|turn|23
|
|move|p2a: Scizor|Bullet Punch|p1a: Lopunny
|-damage|p1a: Lopunny|40\/272
|move|p1a: Lopunny|High Jump Kick|p2a: Scizor
|-damage|p2a: Scizor|61\/343
|
|turn|24
|
|switch|p1a: Slowbro|Slowbro, M, shiny|333\/383 slp
|-damage|p1a: Slowbro|286\/383 slp|[from] Stealth Rock
|move|p2a: Scizor|Bullet Punch|p1a: Slowbro
|-resisted|p1a: Slowbro
|-damage|p1a: Slowbro|224\/383 slp
|
|-heal|p1a: Slowbro|247\/383 slp|[from] item: Leftovers
|turn|25
|
|switch|p2a: Jolteon|Jolteon, F|126\/271
|switch|p1a: Lopunny|Lopunny-Mega, M, shiny|40\/272
|-damage|p1a: Lopunny|23\/272|[from] Stealth Rock
|
|turn|26
|
|move|p1a: Lopunny|Return|p2a: Jolteon
|-damage|p2a: Jolteon|0 fnt
|faint|p2a: Jolteon
|
|
|switch|p2a: Breloom|Breloom, F|214\/323 tox
|turn|27
|
|switch|p1a: Slowbro|Slowbro, M, shiny|374\/383 slp
|-damage|p1a: Slowbro|327\/383 slp|[from] Stealth Rock
|move|p2a: Breloom|Mach Punch|p1a: Slowbro
|-crit|p1a: Slowbro
|-resisted|p1a: Slowbro
|-damage|p1a: Slowbro|297\/383 slp
|
|-heal|p1a: Slowbro|320\/383 slp|[from] item: Leftovers
|-heal|p2a: Breloom|254\/323 tox|[from] ability: Poison Heal
|turn|28
|
|move|p2a: Breloom|Swords Dance|p2a: Breloom
|-boost|p2a: Breloom|atk|2
|cant|p1a: Slowbro|slp
|
|-heal|p1a: Slowbro|343\/383 slp|[from] item: Leftovers
|-heal|p2a: Breloom|294\/323 tox|[from] ability: Poison Heal
|turn|29
|
|move|p2a: Breloom|Seed Bomb|p1a: Slowbro
|-supereffective|p1a: Slowbro
|-damage|p1a: Slowbro|43\/383 slp
|-curestatus|p1a: Slowbro|slp
|move|p1a: Slowbro|Psychic|p2a: Breloom
|-crit|p2a: Breloom
|-supereffective|p2a: Breloom
|-damage|p2a: Breloom|0 fnt
|faint|p2a: Breloom
|
|-heal|p1a: Slowbro|66\/383|[from] item: Leftovers
|
|switch|p2a: Scizor|Scizor, F|61\/343
|turn|30
|
|switch|p1a: Lopunny|Lopunny-Mega, M, shiny|23\/272
|-damage|p1a: Lopunny|6\/272|[from] Stealth Rock
|move|p2a: Scizor|U-turn|p1a: Lopunny
|-resisted|p1a: Lopunny
|-damage|p1a: Lopunny|0 fnt
|faint|p1a: Lopunny
|
|switch|p2a: Gliscor|Gliscor, F|353\/353
|
|-status|p2a: Gliscor|tox|[from] item: Toxic Orb
|
|switch|p1a: Slowbro|Slowbro, M, shiny|193\/383
|-damage|p1a: Slowbro|146\/383|[from] Stealth Rock
|turn|31
|
|move|p2a: Gliscor|Swords Dance|p2a: Gliscor
|-boost|p2a: Gliscor|atk|2
|move|p1a: Slowbro|Scald|p2a: Gliscor
|-supereffective|p2a: Gliscor
|-damage|p2a: Gliscor|99\/353 tox
|
|-heal|p1a: Slowbro|169\/383|[from] item: Leftovers
|-heal|p2a: Gliscor|143\/353 tox|[from] ability: Poison Heal
|turn|32
|
|move|p2a: Gliscor|Earthquake|p1a: Slowbro
|-damage|p1a: Slowbro|0 fnt
|faint|p1a: Slowbro
|
|-heal|p2a: Gliscor|187\/353 tox|[from] ability: Poison Heal
|
|switch|p1a: Chansey|Chansey, F|340\/642
|-damage|p1a: Chansey|260\/642|[from] Stealth Rock
|turn|33
|
|move|p2a: Gliscor|Earthquake|p1a: Chansey
|-damage|p1a: Chansey|0 fnt
|faint|p1a: Chansey
|
|win|qways
|raw|Ladder updating...
|leave|MacroMonarch
|player|p1
|raw|MacroMonarch's rating: 1598 &rarr; <strong>1579<\/strong><br \/>(-19 for losing)
|raw|qways's rating: 1620 &rarr; <strong>1639<\/strong><br \/>(+19 for winning)