|join|qways
|join|popparon
|player|p1|qways|2
|player|p2|popparon|223
|gametype|singles
|gen|6
|tier|OU
|rated
|clearpoke
|poke|p1|Infernape, F
|poke|p1|Lopunny, M
|poke|p1|Scizor, F
|poke|p1|Jolteon, M
|poke|p1|Breloom, M
|poke|p1|Gliscor, F
|poke|p2|Mandibuzz, F, shiny
|poke|p2|Empoleon, M, shiny
|poke|p2|Victini
|poke|p2|Umbreon, F, shiny
|poke|p2|Toxicroak, F
|poke|p2|Mew, shiny
|rule|Swagger Clause: Swagger is banned
|rule|Baton Pass Clause: Limit one PokÃ©mon knowing Baton Pass
|rule|Sleep Clause Mod: Limit one foe put to sleep
|rule|Species Clause: Limit one of each PokÃ©mon
|rule|OHKO Clause: OHKO moves are banned
|rule|Moody Clause: Moody is banned
|rule|Evasion Moves Clause: Evasion moves are banned
|rule|Endless Battle Clause: Forcing endless battles is banned
|rule|HP Percentage Mod: HP is shown in percentages
|teampreview
|
|start
|switch|p1a: Infernape|Infernape, F|293\/293
|switch|p2a: OG|Mew, shiny|341\/341
|turn|1
|
|move|p1a: Infernape|Taunt|p2a: OG
|-start|p2a: OG|move: Taunt
|move|p2a: OG|Psychic|p1a: Infernape
|-supereffective|p1a: Infernape
|-enditem|p1a: Infernape|Focus Sash
|-damage|p1a: Infernape|1\/293
|-unboost|p1a: Infernape|spd|1
|
|turn|2
|
|move|p1a: Infernape|Stealth Rock|p2a: OG
|-sidestart|p2: popparon|move: Stealth Rock
|move|p2a: OG|Psychic|p1a: Infernape
|-supereffective|p1a: Infernape
|-damage|p1a: Infernape|0 fnt
|faint|p1a: Infernape
|
|
|switch|p1a: Scizor|Scizor, F|343\/343
|turn|3
|join|Vogas
|
|move|p2a: OG|Fire Blast|p1a: Scizor
|-supereffective|p1a: Scizor
|-damage|p1a: Scizor|0 fnt
|faint|p1a: Scizor
|
|-end|p2a: OG|move: Taunt
|
|switch|p1a: Jolteon|Jolteon, M|271\/271
|turn|4
|
|move|p1a: Jolteon|Shadow Ball|p2a: OG
|-crit|p2a: OG
|-supereffective|p2a: OG
|-damage|p2a: OG|155\/341
|move|p2a: OG|Earth Power|p1a: Jolteon
|-supereffective|p1a: Jolteon
|-damage|p1a: Jolteon|157\/271
|
|turn|5
|c|âpopparon|!data jolteon
|c|~|\/data-pokemon Jolteon

|
|switch|p2a: Rita Ora|Umbreon, F, shiny|393\/393
|-damage|p2a: Rita Ora|344\/393|[from] Stealth Rock
|move|p1a: Jolteon|Volt Switch|p2a: Rita Ora
|-damage|p2a: Rita Ora|275\/393
|
|switch|p1a: Lopunny|Lopunny, M|271\/271
|
|-heal|p2a: Rita Ora|299\/393|[from] item: Leftovers
|turn|6
|c|âpopparon|assault vest jolteon
|
|detailschange|p1a: Lopunny|Lopunny-Mega, M
|message|Lopunny has Mega Evolved into Mega Lopunny!
|move|p2a: Rita Ora|Protect|p2a: Rita Ora
|-singleturn|p2a: Rita Ora|Protect
|move|p1a: Lopunny|Power-Up Punch|p2a: Rita Ora
|-activate|p2a: Rita Ora|Protect
|
|-heal|p2a: Rita Ora|323\/393|[from] item: Leftovers
|turn|7
|leave|Vogas
|
|move|p1a: Lopunny|High Jump Kick|p2a: Rita Ora
|-supereffective|p2a: Rita Ora
|-damage|p2a: Rita Ora|0 fnt
|faint|p2a: Rita Ora
|
|
|switch|p2a: Flocka Flame|Victini|341\/341
|-damage|p2a: Flocka Flame|256\/341|[from] Stealth Rock
|turn|8
|
|switch|p1a: Gliscor|Gliscor, F|353\/353
|move|p2a: Flocka Flame|Glaciate|p1a: Gliscor
|-supereffective|p1a: Gliscor
|-damage|p1a: Gliscor|105\/353
|-unboost|p1a: Gliscor|spe|1
|
|-status|p1a: Gliscor|tox|[from] item: Toxic Orb
|turn|9
|
|switch|p1a: Jolteon|Jolteon, M|157\/271
|move|p2a: Flocka Flame|Glaciate|p1a: Jolteon
|-damage|p1a: Jolteon|127\/271
|-unboost|p1a: Jolteon|spe|1
|
|turn|10
|
|move|p2a: Flocka Flame|V-create|p1a: Jolteon
|-damage|p1a: Jolteon|0 fnt
|-unboost|p2a: Flocka Flame|def|1
|-unboost|p2a: Flocka Flame|spd|1
|-unboost|p2a: Flocka Flame|spe|1
|faint|p1a: Jolteon
|
|
|switch|p1a: Lopunny|Lopunny-Mega, M|271\/271
|turn|11
|
|switch|p2a: Flinstone|Mandibuzz, F, shiny|419\/419
|-damage|p2a: Flinstone|315\/419|[from] Stealth Rock
|move|p1a: Lopunny|Power-Up Punch|p2a: Flinstone
|-damage|p2a: Flinstone|258\/419
|-boost|p1a: Lopunny|atk|1
|
|-heal|p2a: Flinstone|284\/419|[from] item: Leftovers
|turn|12
|
|move|p1a: Lopunny|High Jump Kick|p2a: Flinstone
|-damage|p2a: Flinstone|0 fnt
|faint|p2a: Flinstone
|
|
|switch|p2a: Toxicroak|Toxicroak, F|307\/307
|-damage|p2a: Toxicroak|288\/307|[from] Stealth Rock
|turn|13
|
|move|p1a: Lopunny|Return|p2a: Toxicroak
|-damage|p2a: Toxicroak|0 fnt
|faint|p2a: Toxicroak
|
|
|switch|p2a: OG|Mew, shiny|155\/341
|-damage|p2a: OG|113\/341|[from] Stealth Rock
|turn|14
|
|move|p1a: Lopunny|Return|p2a: OG
|-damage|p2a: OG|0 fnt
|faint|p2a: OG
|
|
|switch|p2a: Flocka Flame|Victini|256\/341
|-damage|p2a: Flocka Flame|171\/341|[from] Stealth Rock
|turn|15
|
|move|p1a: Lopunny|Return|p2a: Flocka Flame
|-damage|p2a: Flocka Flame|0 fnt
|faint|p2a: Flocka Flame
|
|
|switch|p2a: Happy Feet|Empoleon, M, shiny|372\/372
|-damage|p2a: Happy Feet|349\/372|[from] Stealth Rock
|turn|16
|
|move|p1a: Lopunny|High Jump Kick|p2a: Happy Feet
|-supereffective|p2a: Happy Feet
|-damage|p2a: Happy Feet|0 fnt
|faint|p2a: Happy Feet
|
|win|qways
|raw|Ladder updating...
|c|âpopparon|gg
|c|âqways|gg
|raw|qways's rating: 1593 &rarr; <strong>1609<\/strong><br \/>(+16 for winning)
|raw|popparon's rating: 1506 &rarr; <strong>1491<\/strong><br \/>(-15 for losing)
|leave|popparon
|player|p2