|join|qways
|join|MissLemonade
|player|p1|qways|101
|player|p2|MissLemonade|233
|gametype|singles
|gen|6
|tier|OU
|rated
|clearpoke
|poke|p1|Infernape, M
|poke|p1|Lopunny, F
|poke|p1|Scizor, M
|poke|p1|Jolteon, M
|poke|p1|Breloom, M
|poke|p1|Tyranitar, F
|poke|p2|Lopunny, F
|poke|p2|Gliscor, F
|poke|p2|Goodra, F
|poke|p2|Sylveon, F
|poke|p2|Rotom-Heat
|poke|p2|Ferrothorn, F
|rule|Swagger Clause: Swagger is banned
|rule|Baton Pass Clause: Limit one PokÃ©mon knowing Baton Pass
|rule|Sleep Clause Mod: Limit one foe put to sleep
|rule|Species Clause: Limit one of each PokÃ©mon
|rule|OHKO Clause: OHKO moves are banned
|rule|Moody Clause: Moody is banned
|rule|Evasion Moves Clause: Evasion moves are banned
|rule|Endless Battle Clause: Forcing endless battles is banned
|rule|HP Percentage Mod: HP is shown in percentages
|teampreview
|
|start
|switch|p1a: Infernape|Infernape, M|293\/293
|switch|p2a: Lopunny|Lopunny, F|272\/272
|turn|1
|
|switch|p2a: Gliscor|Gliscor, F|354\/354
|move|p1a: Infernape|Fake Out|p2a: Gliscor
|-crit|p2a: Gliscor
|-damage|p2a: Gliscor|301\/354
|
|-status|p2a: Gliscor|tox|[from] item: Toxic Orb
|turn|2
|
|switch|p2a: Rotom-Heat|Rotom-Heat|304\/304
|move|p1a: Infernape|Stealth Rock|p2a: Rotom-Heat
|-sidestart|p2: MissLemonade|move: Stealth Rock
|
|turn|3
|
|move|p1a: Infernape|Close Combat|p2a: Rotom-Heat
|-damage|p2a: Rotom-Heat|157\/304
|-unboost|p1a: Infernape|def|1
|-unboost|p1a: Infernape|spd|1
|move|p2a: Rotom-Heat|Thunder Wave|p1a: Infernape
|-status|p1a: Infernape|par
|
|-heal|p2a: Rotom-Heat|176\/304|[from] item: Leftovers
|turn|4
|
|move|p2a: Rotom-Heat|Thunderbolt|p1a: Infernape
|-damage|p1a: Infernape|89\/293 par
|move|p1a: Infernape|Close Combat|p2a: Rotom-Heat
|-crit|p2a: Rotom-Heat
|-damage|p2a: Rotom-Heat|0 fnt
|-unboost|p1a: Infernape|def|1
|-unboost|p1a: Infernape|spd|1
|faint|p2a: Rotom-Heat
|
|
|switch|p2a: Goodra|Goodra, F|322\/322
|-damage|p2a: Goodra|282\/322|[from] Stealth Rock
|turn|5
|
|switch|p1a: Tyranitar|Tyranitar, F|389\/389
|-weather|Sandstorm
|move|p2a: Goodra|Sludge Bomb|p1a: Tyranitar
|-resisted|p1a: Tyranitar
|-damage|p1a: Tyranitar|340\/389
|-damage|p2a: Goodra|250\/322|[from] item: Life Orb
|
|-weather|Sandstorm|[upkeep]
|-damage|p2a: Goodra|230\/322|[from] sandstorm
|turn|6
|
|switch|p2a: Ferrothorn|Ferrothorn, F|352\/352
|-damage|p2a: Ferrothorn|330\/352|[from] Stealth Rock
|move|p1a: Tyranitar|Crunch|p2a: Ferrothorn
|-damage|p2a: Ferrothorn|191\/352
|-damage|p1a: Tyranitar|292\/389|[from] ability: Iron Barbs|[of] p2a: Ferrothorn
|
|-weather|Sandstorm|[upkeep]
|turn|7
|
|move|p1a: Tyranitar|Crunch|p2a: Ferrothorn
|-damage|p2a: Ferrothorn|46\/352
|-damage|p1a: Tyranitar|244\/389|[from] ability: Iron Barbs|[of] p2a: Ferrothorn
|move|p2a: Ferrothorn|Stealth Rock|p1a: Tyranitar
|-sidestart|p1: qways|move: Stealth Rock
|
|-weather|Sandstorm|[upkeep]
|turn|8
|
|move|p1a: Tyranitar|Crunch|p2a: Ferrothorn
|-damage|p2a: Ferrothorn|0 fnt
|-damage|p1a: Tyranitar|196\/389|[from] ability: Iron Barbs|[of] p2a: Ferrothorn
|faint|p2a: Ferrothorn
|
|-weather|Sandstorm|[upkeep]
|
|switch|p2a: Gliscor|Gliscor, F|301\/354 tox
|-damage|p2a: Gliscor|257\/354 tox|[from] Stealth Rock
|turn|9
|
|switch|p1a: Breloom|Breloom, M|323\/323
|-damage|p1a: Breloom|303\/323|[from] Stealth Rock
|move|p2a: Gliscor|Swords Dance|p2a: Gliscor
|-boost|p2a: Gliscor|atk|2
|
|-weather|none
|-heal|p2a: Gliscor|301\/354 tox|[from] ability: Poison Heal
|-status|p1a: Breloom|tox|[from] item: Toxic Orb
|turn|10
|
|move|p2a: Gliscor|Facade|p1a: Breloom
|-damage|p1a: Breloom|45\/323 tox
|move|p1a: Breloom|Swords Dance|p1a: Breloom
|-boost|p1a: Breloom|atk|2
|
|-heal|p2a: Gliscor|345\/354 tox|[from] ability: Poison Heal
|-heal|p1a: Breloom|85\/323 tox|[from] ability: Poison Heal
|turn|11
|
|switch|p1a: Infernape|Infernape, M|89\/293 par
|-damage|p1a: Infernape|53\/293 par|[from] Stealth Rock
|move|p2a: Gliscor|Facade|p1a: Infernape
|-damage|p1a: Infernape|0 fnt
|faint|p1a: Infernape
|
|-heal|p2a: Gliscor|354\/354 tox|[from] ability: Poison Heal
|
|switch|p1a: Jolteon|Jolteon, M|271\/271
|-damage|p1a: Jolteon|238\/271|[from] Stealth Rock
|turn|12
|
|switch|p2a: Goodra|Goodra, F|230\/322
|-damage|p2a: Goodra|190\/322|[from] Stealth Rock
|move|p1a: Jolteon|Hidden Power|p2a: Goodra
|-supereffective|p2a: Goodra
|-damage|p2a: Goodra|104\/322
|
|turn|13
|
|move|p1a: Jolteon|Hidden Power|p2a: Goodra
|-supereffective|p2a: Goodra
|-damage|p2a: Goodra|10\/322
|move|p2a: Goodra|Draco Meteor|p1a: Jolteon
|-crit|p1a: Jolteon
|-damage|p1a: Jolteon|0 fnt
|-unboost|p2a: Goodra|spa|2
|-damage|p2a: Goodra|0 fnt|[from] item: Life Orb
|faint|p1a: Jolteon
|faint|p2a: Goodra
|
|
|switch|p1a: Lopunny|Lopunny, F|271\/271
|switch|p2a: Gliscor|Gliscor, F|354\/354 tox
|-damage|p1a: Lopunny|238\/271|[from] Stealth Rock
|-damage|p2a: Gliscor|310\/354 tox|[from] Stealth Rock
|turn|14
|
|switch|p2a: Sylveon|Sylveon, F|332\/332
|-damage|p2a: Sylveon|291\/332|[from] Stealth Rock
|detailschange|p1a: Lopunny|Lopunny-Mega, F
|message|Lopunny has Mega Evolved into Mega Lopunny!
|move|p1a: Lopunny|Return|p2a: Sylveon
|-damage|p2a: Sylveon|38\/332
|
|turn|15
|
|move|p1a: Lopunny|Return|p2a: Sylveon
|-crit|p2a: Sylveon
|-damage|p2a: Sylveon|0 fnt
|faint|p2a: Sylveon
|
|
|switch|p2a: Lopunny|Lopunny, F|272\/272
|-damage|p2a: Lopunny|238\/272|[from] Stealth Rock
|turn|16
|
|switch|p1a: Scizor|Scizor, M|343\/343
|-damage|p1a: Scizor|301\/343|[from] Stealth Rock
|detailschange|p2a: Lopunny|Lopunny-Mega, F
|message|Lopunny has Mega Evolved into Mega Lopunny!
|move|p2a: Lopunny|High Jump Kick|p1a: Scizor
|-damage|p1a: Scizor|79\/343
|
|turn|17
|
|switch|p2a: Gliscor|Gliscor, F|310\/354 tox
|-damage|p2a: Gliscor|266\/354 tox|[from] Stealth Rock
|move|p1a: Scizor|Bullet Punch|p2a: Gliscor
|-damage|p2a: Gliscor|127\/354 tox
|
|-heal|p2a: Gliscor|171\/354 tox|[from] ability: Poison Heal
|turn|18
|
|move|p1a: Scizor|Bullet Punch|p2a: Gliscor
|-damage|p2a: Gliscor|35\/354 tox
|move|p2a: Gliscor|Earthquake|p1a: Scizor
|-damage|p1a: Scizor|0 fnt
|faint|p1a: Scizor
|
|-heal|p2a: Gliscor|79\/354 tox|[from] ability: Poison Heal
|
|switch|p1a: Lopunny|Lopunny-Mega, F|238\/271
|-damage|p1a: Lopunny|222\/271|[from] Stealth Rock
|turn|19
|
|move|p1a: Lopunny|Return|p2a: Gliscor
|-crit|p2a: Gliscor
|-damage|p2a: Gliscor|0 fnt
|faint|p2a: Gliscor
|
|
|switch|p2a: Lopunny|Lopunny-Mega, F|238\/272
|-damage|p2a: Lopunny|221\/272|[from] Stealth Rock
|turn|20
|
|move|p1a: Lopunny|Quick Attack|p2a: Lopunny
|-damage|p2a: Lopunny|145\/272
|move|p2a: Lopunny|High Jump Kick|p1a: Lopunny
|-supereffective|p1a: Lopunny
|-damage|p1a: Lopunny|0 fnt
|faint|p1a: Lopunny
|
|
|switch|p1a: Breloom|Breloom, M|85\/323 tox
|-damage|p1a: Breloom|65\/323 tox|[from] Stealth Rock
|turn|21
|
|move|p1a: Breloom|Mach Punch|p2a: Lopunny
|-supereffective|p2a: Lopunny
|-damage|p2a: Lopunny|11\/272
|move|p2a: Lopunny|Return|p1a: Breloom
|-crit|p1a: Breloom
|-damage|p1a: Breloom|0 fnt
|faint|p1a: Breloom
|
|
|switch|p1a: Tyranitar|Tyranitar, F|196\/389
|-damage|p1a: Tyranitar|148\/389|[from] Stealth Rock
|-weather|Sandstorm
|turn|22
|
|move|p2a: Lopunny|High Jump Kick|p1a: Tyranitar
|-supereffective|p1a: Tyranitar
|-damage|p1a: Tyranitar|0 fnt
|faint|p1a: Tyranitar
|
|win|MissLemonade
|raw|Ladder updating...
|raw|qways's rating: 1815 &rarr; <strong>1786<\/strong><br \/>(-29 for losing)
|raw|MissLemonade's rating: 1648 &rarr; <strong>1677<\/strong><br \/>(+29 for winning)
|leave|qways
|player|p1