|join|kiks1
|join|qways
|player|p1|kiks1|7
|player|p2|qways|265
|gametype|singles
|gen|6
|tier|OU
|rated
|clearpoke
|poke|p1|Garchomp, M
|poke|p1|Ferrothorn, F
|poke|p1|Conkeldurr, M
|poke|p1|Manectric, M
|poke|p1|Landorus, M
|poke|p1|Chansey, F
|poke|p2|Infernape, F
|poke|p2|Lopunny, M
|poke|p2|Scizor, F
|poke|p2|Jolteon, M
|poke|p2|Breloom, M
|poke|p2|Gliscor, F
|rule|Swagger Clause: Swagger is banned
|rule|Baton Pass Clause: Limit one PokÃ©mon knowing Baton Pass
|rule|Sleep Clause Mod: Limit one foe put to sleep
|rule|Species Clause: Limit one of each PokÃ©mon
|rule|OHKO Clause: OHKO moves are banned
|rule|Moody Clause: Moody is banned
|rule|Evasion Moves Clause: Evasion moves are banned
|rule|Endless Battle Clause: Forcing endless battles is banned
|rule|HP Percentage Mod: HP is shown in percentages
|teampreview
|
|start
|switch|p1a: Conkeldurr|Conkeldurr, M|414\/414
|switch|p2a: Infernape|Infernape, F|293\/293
|turn|1
|
|move|p2a: Infernape|Fake Out|p1a: Conkeldurr
|-damage|p1a: Conkeldurr|375\/414
|cant|p1a: Conkeldurr|flinch
|
|turn|2
|
|move|p2a: Infernape|Stealth Rock|p1a: Conkeldurr
|-sidestart|p1: kiks1|move: Stealth Rock
|move|p1a: Conkeldurr|Drain Punch|p2a: Infernape
|-damage|p2a: Infernape|65\/293
|-heal|p1a: Conkeldurr|414\/414|[from] drain|[of] p2a: Infernape
|
|turn|3
|
|move|p1a: Conkeldurr|Mach Punch|p2a: Infernape
|-damage|p2a: Infernape|0 fnt
|faint|p2a: Infernape
|
|
|switch|p2a: Breloom|Breloom, M|323\/323
|turn|4
|
|switch|p1a: Ferrothorn|Ferrothorn, F|352\/352
|-damage|p1a: Ferrothorn|330\/352|[from] Stealth Rock
|move|p2a: Breloom|Swords Dance|p2a: Breloom
|-boost|p2a: Breloom|atk|2
|
|-heal|p1a: Ferrothorn|352\/352|[from] item: Leftovers
|-status|p2a: Breloom|tox|[from] item: Toxic Orb
|turn|5
|
|move|p2a: Breloom|Swords Dance|p2a: Breloom
|-boost|p2a: Breloom|atk|2
|move|p1a: Ferrothorn|Gyro Ball|p2a: Breloom
|-damage|p2a: Breloom|214\/323 tox
|
|-heal|p2a: Breloom|254\/323 tox|[from] ability: Poison Heal
|turn|6
|
|move|p2a: Breloom|Mach Punch|p1a: Ferrothorn
|-supereffective|p1a: Ferrothorn
|-damage|p1a: Ferrothorn|130\/352
|-damage|p2a: Breloom|214\/323 tox|[from] ability: Iron Barbs|[of] p1a: Ferrothorn
|move|p1a: Ferrothorn|Gyro Ball|p2a: Breloom
|-damage|p2a: Breloom|106\/323 tox
|
|-heal|p1a: Ferrothorn|152\/352|[from] item: Leftovers
|-heal|p2a: Breloom|146\/323 tox|[from] ability: Poison Heal
|turn|7
|
|move|p2a: Breloom|Mach Punch|p1a: Ferrothorn
|-supereffective|p1a: Ferrothorn
|-damage|p1a: Ferrothorn|0 fnt
|-damage|p2a: Breloom|106\/323 tox|[from] ability: Iron Barbs|[of] p1a: Ferrothorn
|faint|p1a: Ferrothorn
|
|-heal|p2a: Breloom|146\/323 tox|[from] ability: Poison Heal
|
|switch|p1a: Landorus|Landorus, M|320\/320
|-damage|p1a: Landorus|280\/320|[from] Stealth Rock
|turn|8
|
|switch|p2a: Jolteon|Jolteon, M|271\/271
|move|p1a: Landorus|Psychic|p2a: Jolteon
|-damage|p2a: Jolteon|161\/271
|
|turn|9
|
|switch|p1a: Channy|Chansey, F|704\/704
|-damage|p1a: Channy|616\/704|[from] Stealth Rock
|move|p2a: Jolteon|Hidden Power|p1a: Channy
|-damage|p1a: Channy|574\/704
|
|turn|10
|
|switch|p2a: Gliscor|Gliscor, F|353\/353
|move|p1a: Channy|Seismic Toss|p2a: Gliscor
|-damage|p2a: Gliscor|253\/353
|
|-status|p2a: Gliscor|tox|[from] item: Toxic Orb
|turn|11
|
|switch|p1a: Conkeldurr|Conkeldurr, M|414\/414
|-damage|p1a: Conkeldurr|389\/414|[from] Stealth Rock
|move|p2a: Gliscor|Stone Edge|p1a: Conkeldurr
|-resisted|p1a: Conkeldurr
|-damage|p1a: Conkeldurr|340\/414
|
|-heal|p2a: Gliscor|297\/353 tox|[from] ability: Poison Heal
|turn|12
|
|switch|p2a: Scizor|Scizor, F|343\/343
|move|p1a: Conkeldurr|Ice Punch|p2a: Scizor
|-resisted|p2a: Scizor
|-damage|p2a: Scizor|277\/343
|
|turn|13
|
|move|p2a: Scizor|U-turn|p1a: Conkeldurr
|-crit|p1a: Conkeldurr
|-resisted|p1a: Conkeldurr
|-damage|p1a: Conkeldurr|186\/414
|
|switch|p2a: Breloom|Breloom, M|146\/323 tox
|move|p1a: Conkeldurr|Drain Punch|p2a: Breloom
|-damage|p2a: Breloom|0 fnt
|-heal|p1a: Conkeldurr|259\/414|[from] drain|[of] p2a: Breloom
|faint|p2a: Breloom
|
|
|switch|p2a: Gliscor|Gliscor, F|297\/353 tox
|turn|14
|
|move|p2a: Gliscor|Earthquake|p1a: Conkeldurr
|-damage|p1a: Conkeldurr|96\/414
|move|p1a: Conkeldurr|Ice Punch|p2a: Gliscor
|-supereffective|p2a: Gliscor
|-damage|p2a: Gliscor|0 fnt
|faint|p2a: Gliscor
|
|
|switch|p2a: Scizor|Scizor, F|277\/343
|turn|15
|
|switch|p1a: Garchomp|Garchomp, M|358\/358
|-damage|p1a: Garchomp|336\/358|[from] Stealth Rock
|move|p2a: Scizor|Bullet Punch|p1a: Garchomp
|-damage|p1a: Garchomp|140\/358
|-damage|p2a: Scizor|235\/343|[from] ability: Rough Skin|[of] p1a: Garchomp
|
|-heal|p1a: Garchomp|162\/358|[from] item: Leftovers
|turn|16
|
|move|p2a: Scizor|Bullet Punch|p1a: Garchomp
|-damage|p1a: Garchomp|0 fnt
|-damage|p2a: Scizor|193\/343|[from] ability: Rough Skin|[of] p1a: Garchomp
|faint|p1a: Garchomp
|
|
|switch|p1a: Manectric|Manectric, M|282\/282
|-damage|p1a: Manectric|247\/282|[from] Stealth Rock
|turn|17
|
|switch|p2a: Jolteon|Jolteon, M|161\/271
|detailschange|p1a: Manectric|Manectric-Mega, M
|message|Manectric has Mega Evolved into Mega Manectric!
|-ability|p1a: Manectric|Intimidate|[of] p2a: Jolteon
|-unboost|p2a: Jolteon|atk|1
|move|p1a: Manectric|Flamethrower|p2a: Jolteon
|-damage|p2a: Jolteon|72\/271
|
|turn|18
|
|move|p2a: Jolteon|Shadow Ball|p1a: Manectric
|-damage|p1a: Manectric|149\/282
|move|p1a: Manectric|Flamethrower|p2a: Jolteon
|-damage|p2a: Jolteon|0 fnt
|faint|p2a: Jolteon
|
|
|switch|p2a: Lopunny|Lopunny, M|271\/271
|turn|19
|
|switch|p1a: Channy|Chansey, F|574\/704
|-damage|p1a: Channy|486\/704|[from] Stealth Rock
|detailschange|p2a: Lopunny|Lopunny-Mega, M
|message|Lopunny has Mega Evolved into Mega Lopunny!
|move|p2a: Lopunny|Power-Up Punch|p1a: Channy
|-supereffective|p1a: Channy
|-damage|p1a: Channy|294\/704
|-boost|p2a: Lopunny|atk|1
|
|turn|20
|
|move|p2a: Lopunny|Return|p1a: Channy
|-damage|p1a: Channy|0 fnt
|faint|p1a: Channy
|
|
|switch|p1a: Conkeldurr|Conkeldurr, M|96\/414
|-damage|p1a: Conkeldurr|71\/414|[from] Stealth Rock
|turn|21
|
|move|p2a: Lopunny|Quick Attack|p1a: Conkeldurr
|-damage|p1a: Conkeldurr|0 fnt
|faint|p1a: Conkeldurr
|
|
|switch|p1a: Manectric|Manectric-Mega, M|149\/282
|-damage|p1a: Manectric|114\/282|[from] Stealth Rock
|-ability|p1a: Manectric|Intimidate|[of] p2a: Lopunny
|-unboost|p2a: Lopunny|atk|1
|turn|22
|
|move|p2a: Lopunny|Power-Up Punch|p1a: Manectric
|-damage|p1a: Manectric|20\/282
|-boost|p2a: Lopunny|atk|1
|move|p1a: Manectric|Thunderbolt|p2a: Lopunny
|-damage|p2a: Lopunny|93\/271
|
|turn|23
|
|move|p2a: Lopunny|Power-Up Punch|p1a: Manectric
|-damage|p1a: Manectric|0 fnt
|-boost|p2a: Lopunny|atk|1
|faint|p1a: Manectric
|
|
|switch|p1a: Landorus|Landorus, M|280\/320
|-damage|p1a: Landorus|240\/320|[from] Stealth Rock
|turn|24
|
|move|p2a: Lopunny|Quick Attack|p1a: Landorus
|-damage|p1a: Landorus|71\/320
|move|p1a: Landorus|Earth Power|p2a: Lopunny
|-damage|p2a: Lopunny|0 fnt
|faint|p2a: Lopunny
|
|
|switch|p2a: Scizor|Scizor, F|193\/343
|turn|25
|
|move|p2a: Scizor|Bullet Punch|p1a: Landorus
|-damage|p1a: Landorus|0 fnt
|faint|p1a: Landorus
|
|win|qways
|raw|Ladder updating...
|raw|kiks1's rating: 1571 &rarr; <strong>1555<\/strong><br \/>(-16 for losing)
|raw|qways's rating: 1640 &rarr; <strong>1656<\/strong><br \/>(+16 for winning)
|leave|kiks1
|player|p1