|join|qways
|join|Appreciation
|player|p1|qways|2
|player|p2|Appreciation|68
|gametype|singles
|gen|6
|tier|OU
|rated
|clearpoke
|poke|p1|Serperior, F
|poke|p1|Gastrodon, M
|poke|p1|Tentacruel, M
|poke|p1|Heatran, F
|poke|p1|Bisharp, F
|poke|p1|Landorus-Therian, M
|poke|p2|Scizor, M
|poke|p2|Crawdaunt, F
|poke|p2|Thundurus, M
|poke|p2|Diggersby, M
|poke|p2|Garchomp, M
|poke|p2|Latios, M
|rule|Swagger Clause: Swagger is banned
|rule|Baton Pass Clause: Limit one PokÃ©mon knowing Baton Pass
|rule|Sleep Clause Mod: Limit one foe put to sleep
|rule|Species Clause: Limit one of each PokÃ©mon
|rule|OHKO Clause: OHKO moves are banned
|rule|Moody Clause: Moody is banned
|rule|Evasion Moves Clause: Evasion moves are banned
|rule|Endless Battle Clause: Forcing endless battles is banned
|rule|HP Percentage Mod: HP is shown in percentages
|teampreview
|c|âAppreciation|oh nose
|
|start
|switch|p1a: Landorus-Therian|Landorus-Therian, M|319\/319
|switch|p2a: Garchomp|Garchomp, M|357\/357
|-ability|p1a: Landorus-Therian|Intimidate|[of] p2a: Garchomp
|-unboost|p2a: Garchomp|atk|1
|turn|1
|
|move|p1a: Landorus-Therian|Earthquake|p2a: Garchomp
|-damage|p2a: Garchomp|141\/357
|move|p2a: Garchomp|Stealth Rock|p1a: Landorus-Therian
|-sidestart|p1: qways|move: Stealth Rock
|
|turn|2
|c|âAppreciation|AH
|c|âAppreciation|Scarf!
|c|âAppreciation|Not BAD:
|c|âAppreciation|going lati here
|
|switch|p1a: Gastrodon|Gastrodon, M|425\/425
|-damage|p1a: Gastrodon|399\/425|[from] Stealth Rock
|switch|p2a: Latios|Latios, M|301\/301
|
|-heal|p1a: Gastrodon|425\/425|[from] item: Leftovers
|turn|3
|c|âAppreciation|woah dat prediction
|
|switch|p1a: Heatran|Heatran, F|385\/385
|-damage|p1a: Heatran|337\/385|[from] Stealth Rock
|move|p2a: Latios|Trick|p1a: Heatran
|-activate|p2a: Latios|move: Trick|[of] p1a: Heatran
|-item|p1a: Heatran|Choice Scarf|[from] move: Trick
|-item|p2a: Latios|Leftovers|[from] move: Trick
|
|turn|4
|
|switch|p2a: Crawdaunt|Crawdaunt, F|268\/268
|move|p1a: Heatran|Stealth Rock|p2a: Crawdaunt
|-sidestart|p2: Appreciation|move: Stealth Rock
|
|turn|5
|
|switch|p1a: Serperior|Serperior, F|291\/291
|-damage|p1a: Serperior|255\/291|[from] Stealth Rock
|move|p2a: Crawdaunt|Knock Off|p1a: Serperior
|-damage|p1a: Serperior|0 fnt
|-enditem|p1a: Serperior|Leftovers|[from] move: Knock Off|[of] p2a: Crawdaunt
|-damage|p2a: Crawdaunt|242\/268|[from] item: Life Orb
|faint|p1a: Serperior
|
|c|âAppreciation|d-donk
|
|switch|p1a: Landorus-Therian|Landorus-Therian, M|319\/319
|-damage|p1a: Landorus-Therian|280\/319|[from] Stealth Rock
|-ability|p1a: Landorus-Therian|Intimidate|[of] p2a: Crawdaunt
|-unboost|p2a: Crawdaunt|atk|1
|turn|6
|
|move|p1a: Landorus-Therian|U-turn|p2a: Crawdaunt
|-supereffective|p2a: Crawdaunt
|-damage|p2a: Crawdaunt|36\/268
|
|switch|p1a: Tentacruel|Tentacruel, M|363\/363
|-damage|p1a: Tentacruel|318\/363|[from] Stealth Rock
|move|p2a: Crawdaunt|Swords Dance|p2a: Crawdaunt
|-boost|p2a: Crawdaunt|atk|2
|
|-heal|p1a: Tentacruel|340\/363|[from] item: Leftovers
|turn|7
|c|âAppreciation|fak
|c|âAppreciation|GG WP
|
|move|p1a: Tentacruel|Acid Spray|p2a: Crawdaunt
|-damage|p2a: Crawdaunt|0 fnt
|faint|p2a: Crawdaunt
|
|-heal|p1a: Tentacruel|362\/363|[from] item: Leftovers
|c|âAppreciation|nice luck tho XD
|
|switch|p2a: Latios|Latios, M|301\/301
|-damage|p2a: Latios|264\/301|[from] Stealth Rock
|turn|8
|
|switch|p1a: Heatran|Heatran, F|337\/385
|-damage|p1a: Heatran|289\/385|[from] Stealth Rock
|move|p2a: Latios|Psyshock|p1a: Heatran
|-resisted|p1a: Heatran
|-damage|p1a: Heatran|226\/385
|
|-heal|p2a: Latios|282\/301|[from] item: Leftovers
|turn|9
|
|move|p1a: Heatran|Lava Plume|p2a: Latios
|-resisted|p2a: Latios
|-damage|p2a: Latios|225\/301
|move|p2a: Latios|Psyshock|p1a: Heatran
|-resisted|p1a: Heatran
|-damage|p1a: Heatran|158\/385
|
|-heal|p2a: Latios|243\/301|[from] item: Leftovers
|turn|10
|
|switch|p1a: Bisharp|Bisharp, F|271\/271
|-damage|p1a: Bisharp|255\/271|[from] Stealth Rock
|move|p2a: Latios|Psyshock|p1a: Bisharp
|-immune|p1a: Bisharp|[msg]
|
|-heal|p2a: Latios|261\/301|[from] item: Leftovers
|turn|11
|
|switch|p2a: Garchomp|Garchomp, M|141\/357
|-damage|p2a: Garchomp|119\/357|[from] Stealth Rock
|move|p1a: Bisharp|Knock Off|p2a: Garchomp
|-damage|p2a: Garchomp|0 fnt
|-damage|p1a: Bisharp|222\/271|[from] ability: Rough Skin|[of] p2a: Garchomp
|-enditem|p2a: Garchomp|Lum Berry|[from] move: Knock Off|[of] p1a: Bisharp
|-damage|p1a: Bisharp|195\/271|[from] item: Life Orb
|faint|p2a: Garchomp
|
|c|âAppreciation|nice play!
|c|âqways|do you have ads
|c|âAppreciation|lets see if i do..
|c|âqways|*adhs
|
|switch|p2a: Diggersby|Diggersby, M|311\/311
|-damage|p2a: Diggersby|292\/311|[from] Stealth Rock
|turn|12
|
|switch|p1a: Heatran|Heatran, F|158\/385
|-damage|p1a: Heatran|110\/385|[from] Stealth Rock
|move|p2a: Diggersby|Earthquake|p1a: Heatran
|-supereffective|p1a: Heatran
|-damage|p1a: Heatran|0 fnt
|-damage|p2a: Diggersby|261\/311|[from] item: Life Orb
|faint|p1a: Heatran
|
|c|âAppreciation|woah shiet
|
|switch|p1a: Landorus-Therian|Landorus-Therian, M|280\/319
|-damage|p1a: Landorus-Therian|241\/319|[from] Stealth Rock
|-ability|p1a: Landorus-Therian|Intimidate|[of] p2a: Diggersby
|-unboost|p2a: Diggersby|atk|1
|turn|13
|c|âAppreciation|oh no..
|
|move|p1a: Landorus-Therian|Earthquake|p2a: Diggersby
|-damage|p2a: Diggersby|23\/311
|move|p2a: Diggersby|Return|p1a: Landorus-Therian
|-damage|p1a: Landorus-Therian|17\/319
|-damage|p2a: Diggersby|0 fnt|[from] item: Life Orb
|faint|p2a: Diggersby
|
|c|âAppreciation|oh my shiet
|
|switch|p2a: Thundurus|Thundurus, M|299\/299
|-damage|p2a: Thundurus|225\/299|[from] Stealth Rock
|turn|14
|
|switch|p1a: Gastrodon|Gastrodon, M|425\/425
|-damage|p1a: Gastrodon|399\/425|[from] Stealth Rock
|move|p2a: Thundurus|Hidden Power|p1a: Gastrodon
|-damage|p1a: Gastrodon|303\/425
|-damage|p2a: Thundurus|196\/299|[from] item: Life Orb
|
|-heal|p1a: Gastrodon|329\/425|[from] item: Leftovers
|turn|15
|c|âAppreciation|nice play...
|c|âAppreciation|gotta admite
|
|move|p2a: Thundurus|Knock Off|p1a: Gastrodon
|-damage|p1a: Gastrodon|212\/425
|-enditem|p1a: Gastrodon|Leftovers|[from] move: Knock Off|[of] p2a: Thundurus
|-damage|p2a: Thundurus|167\/299|[from] item: Life Orb
|move|p1a: Gastrodon|Scald|p2a: Thundurus
|-damage|p2a: Thundurus|62\/299
|
|turn|16
|c|âAppreciation|BOOM!
|
|switch|p2a: Latios|Latios, M|261\/301
|-damage|p2a: Latios|224\/301|[from] Stealth Rock
|move|p1a: Gastrodon|Recover|p1a: Gastrodon
|-heal|p1a: Gastrodon|425\/425
|
|-heal|p2a: Latios|242\/301|[from] item: Leftovers
|turn|17
|
|move|p2a: Latios|Psyshock|p1a: Gastrodon
|-damage|p1a: Gastrodon|283\/425
|move|p1a: Gastrodon|Recover|p1a: Gastrodon
|-heal|p1a: Gastrodon|425\/425
|
|-heal|p2a: Latios|260\/301|[from] item: Leftovers
|turn|18
|
|move|p2a: Latios|Psyshock|p1a: Gastrodon
|-damage|p1a: Gastrodon|283\/425
|move|p1a: Gastrodon|Recover|p1a: Gastrodon
|-heal|p1a: Gastrodon|425\/425
|
|-heal|p2a: Latios|278\/301|[from] item: Leftovers
|turn|19
|
|switch|p1a: Bisharp|Bisharp, F|195\/271
|-damage|p1a: Bisharp|179\/271|[from] Stealth Rock
|move|p2a: Latios|Psyshock|p1a: Bisharp
|-immune|p1a: Bisharp|[msg]
|
|-heal|p2a: Latios|296\/301|[from] item: Leftovers
|turn|20
|c|âAppreciation|man nice!
|
|move|p1a: Bisharp|Sucker Punch|p2a: Latios
|-fail|p2a: Latios
|move|p2a: Latios|Trick|p1a: Bisharp
|-activate|p2a: Latios|move: Trick|[of] p1a: Bisharp
|-item|p1a: Bisharp|Leftovers|[from] move: Trick
|-item|p2a: Latios|Life Orb|[from] move: Trick
|
|-heal|p1a: Bisharp|195\/271|[from] item: Leftovers
|turn|21
|c|âAppreciation|lelelelel
|c|âAppreciation|thx for lorb i guess
|
|move|p1a: Bisharp|Sucker Punch|p2a: Latios
|-supereffective|p2a: Latios
|-damage|p2a: Latios|0 fnt
|faint|p2a: Latios
|
|-heal|p1a: Bisharp|211\/271|[from] item: Leftovers
|
|switch|p2a: Scizor|Scizor, M|282\/282
|-damage|p2a: Scizor|247\/282|[from] Stealth Rock
|turn|22
|c|âqways|thx for lefties lol
|
|detailschange|p2a: Scizor|Scizor-Mega, M
|-mega|p2a: Scizor|Scizor|Scizorite
|move|p1a: Bisharp|Knock Off|p2a: Scizor
|-damage|p2a: Scizor|145\/282
|move|p2a: Scizor|Swords Dance|p2a: Scizor
|-boost|p2a: Scizor|atk|2
|
|-heal|p1a: Bisharp|227\/271|[from] item: Leftovers
|turn|23
|c|âAppreciation|no problem
|c|âAppreciation|ive always been a nice guy
|
|move|p1a: Bisharp|Sucker Punch|p2a: Scizor
|-damage|p2a: Scizor|40\/282
|move|p2a: Scizor|Bug Bite|p1a: Bisharp
|-damage|p1a: Bisharp|0 fnt
|faint|p1a: Bisharp
|
|
|switch|p1a: Tentacruel|Tentacruel, M|362\/363
|-damage|p1a: Tentacruel|317\/363|[from] Stealth Rock
|turn|24
|
|move|p2a: Scizor|Bug Bite|p1a: Tentacruel
|-crit|p1a: Tentacruel
|-resisted|p1a: Tentacruel
|-damage|p1a: Tentacruel|0 fnt
|faint|p1a: Tentacruel
|
|c|âAppreciation|HAAHAHAH
|c|âqways|omg
|c|âAppreciation|AHAHAHAH
|c|âAppreciation|LMFAO
|c|âAppreciation|AHAHAHAHAH
|c|âAppreciation|AHHAHHA
|c|âAppreciation|AHAHAH
|c|âAppreciation|AHAHAH
|c|âAppreciation|IM DYING
|c|âAppreciation|AHAHAHAHAHAH
|c|âqways|lucker
|c|âAppreciation|go into lando
|
|switch|p1a: Gastrodon|Gastrodon, M|425\/425
|-damage|p1a: Gastrodon|399\/425|[from] Stealth Rock
|turn|25
|c|âAppreciation|hello?
|c|âAppreciation|gastrodon lives this...
|
|move|p2a: Scizor|Bug Bite|p1a: Gastrodon
|-crit|p1a: Gastrodon
|-damage|p1a: Gastrodon|0 fnt
|faint|p1a: Gastrodon
|
|c|âAppreciation|ABBAba
|c|âAppreciation|JK
|c|âAppreciation|AHAHHAHAH
|c|âAppreciation|LMFAO
|c|âAppreciation|best game
|c|âAppreciation|of my life
|c|âqways|...
|c|âAppreciation|gg no re
|c|âqways|biggest lucker ever
|
|switch|p1a: Landorus-Therian|Landorus-Therian, M|17\/319
|-damage|p1a: Landorus-Therian|0 fnt|[from] Stealth Rock
|faint|p1a: Landorus-Therian
|
|win|Appreciation
|raw|Ladder updating...
|c|âAppreciation|imo
|c|âAppreciation|gg
|raw|qways's rating: 1664 &rarr; <strong>1647<\/strong><br \/>(-17 for losing)
|raw|Appreciation's rating: 1720 &rarr; <strong>1737<\/strong><br \/>(+17 for winning)
|c|âAppreciation|jk