|join|qways
|join|RoxanneHere
|player|p1|qways|170
|player|p2|RoxanneHere|280
|gametype|singles
|gen|6
|tier|OU
|rated
|clearpoke
|poke|p1|Slowbro, M
|poke|p1|Clefable, M
|poke|p1|Raikou
|poke|p1|Gliscor, F
|poke|p1|Lopunny, F
|poke|p1|Heatran, F
|poke|p2|Clefable, M
|poke|p2|Metagross
|poke|p2|Landorus-Therian, M
|poke|p2|Kyurem-Black
|poke|p2|Skarmory, M
|poke|p2|Conkeldurr, F
|rule|Swagger Clause: Swagger is banned
|rule|Baton Pass Clause: Limit one PokÃ©mon knowing Baton Pass
|rule|Sleep Clause Mod: Limit one foe put to sleep
|rule|Species Clause: Limit one of each PokÃ©mon
|rule|OHKO Clause: OHKO moves are banned
|rule|Moody Clause: Moody is banned
|rule|Evasion Moves Clause: Evasion moves are banned
|rule|Endless Battle Clause: Forcing endless battles is banned
|rule|HP Percentage Mod: HP is shown in percentages
|teampreview
|
|start
|switch|p1a: Slowbro|Slowbro, M|393\/393
|switch|p2a: Landorus-Therian|Landorus-Therian, M|319\/319
|-ability|p2a: Landorus-Therian|Intimidate|[of] p1a: Slowbro
|-unboost|p1a: Slowbro|atk|1
|turn|1
|
|move|p2a: Landorus-Therian|Knock Off|p1a: Slowbro
|-supereffective|p1a: Slowbro
|-damage|p1a: Slowbro|167\/393
|-enditem|p1a: Slowbro|Choice Specs|[from] move: Knock Off|[of] p2a: Landorus-Therian
|move|p1a: Slowbro|Scald|p2a: Landorus-Therian
|-supereffective|p2a: Landorus-Therian
|-damage|p2a: Landorus-Therian|31\/319
|-status|p2a: Landorus-Therian|brn
|
|-damage|p2a: Landorus-Therian|0 fnt|[from] brn
|faint|p2a: Landorus-Therian
|c|âRoxanneHere|dat burn
|
|switch|p2a: Conkeldurr|Conkeldurr, F|413\/413
|turn|2
|
|switch|p1a: Clefable|Clefable, M|393\/393
|move|p2a: Conkeldurr|Knock Off|p1a: Clefable
|-resisted|p1a: Clefable
|-damage|p1a: Clefable|337\/393
|-enditem|p1a: Clefable|Life Orb|[from] move: Knock Off|[of] p2a: Conkeldurr
|
|turn|3
|
|switch|p1a: Slowbro|Slowbro, M|298\/393
|switch|p2a: Metagross|Metagross|301\/301
|
|turn|4
|
|detailschange|p2a: Metagross|Metagross-Mega
|-mega|p2a: Metagross|Metagross|Metagrossite
|move|p2a: Metagross|Thunder Punch|p1a: Slowbro
|-supereffective|p1a: Slowbro
|-damage|p1a: Slowbro|72\/393
|move|p1a: Slowbro|Flamethrower|p2a: Metagross
|-supereffective|p2a: Metagross
|-damage|p2a: Metagross|111\/301
|
|turn|5
|
|switch|p1a: Gliscor|Gliscor, F|353\/353
|move|p2a: Metagross|Zen Headbutt|p1a: Gliscor
|-crit|p1a: Gliscor
|-damage|p1a: Gliscor|116\/353
|
|-status|p1a: Gliscor|tox|[from] item: Toxic Orb
|turn|6
|
|switch|p2a: Kyurem-Black|Kyurem-Black|391\/391
|-ability|p2a: Kyurem-Black|Teravolt
|move|p1a: Gliscor|Earthquake|p2a: Kyurem-Black
|-damage|p2a: Kyurem-Black|234\/391
|
|-heal|p1a: Gliscor|160\/353 tox|[from] ability: Poison Heal
|turn|7
|
|move|p2a: Kyurem-Black|Ice Beam|p1a: Gliscor
|-supereffective|p1a: Gliscor
|-damage|p1a: Gliscor|0 fnt
|faint|p1a: Gliscor
|
|
|switch|p1a: Lopunny|Lopunny, F|271\/271
|turn|8
|
|switch|p2a: Skarmory|Skarmory, M|333\/333
|detailschange|p1a: Lopunny|Lopunny-Mega, F
|-mega|p1a: Lopunny|Lopunny|Lopunnite
|move|p1a: Lopunny|High Jump Kick|p2a: Skarmory
|-damage|p2a: Skarmory|195\/333
|-damage|p1a: Lopunny|226\/271|[from] item: Rocky Helmet|[of] p2a: Skarmory
|
|turn|9
|
|switch|p1a: Heatran|Heatran, F|385\/385
|move|p2a: Skarmory|Roost|p2a: Skarmory
|-heal|p2a: Skarmory|333\/333
|
|turn|10
|
|move|p1a: Heatran|Stealth Rock|p2a: Skarmory
|-sidestart|p2: RoxanneHere|move: Stealth Rock
|move|p2a: Skarmory|Stealth Rock|p1a: Heatran
|-sidestart|p1: qways|move: Stealth Rock
|
|turn|11
|
|switch|p2a: Conkeldurr|Conkeldurr, F|413\/413
|-damage|p2a: Conkeldurr|388\/413|[from] Stealth Rock
|move|p1a: Heatran|Lava Plume|p2a: Conkeldurr
|-damage|p2a: Conkeldurr|276\/413
|
|turn|12
|
|switch|p1a: Clefable|Clefable, M|337\/393
|move|p2a: Conkeldurr|Drain Punch|p1a: Clefable
|-crit|p1a: Clefable
|-resisted|p1a: Clefable
|-damage|p1a: Clefable|235\/393
|-heal|p2a: Conkeldurr|327\/413|[from] drain|[of] p1a: Clefable
|
|turn|13
|
|switch|p2a: Clefable|Clefable, M|394\/394
|move|p1a: Clefable|Soft-Boiled|p1a: Clefable
|-heal|p1a: Clefable|393\/393
|
|turn|14
|
|switch|p1a: Heatran|Heatran, F|385\/385
|-damage|p1a: Heatran|337\/385|[from] Stealth Rock
|move|p2a: Clefable|Calm Mind|p2a: Clefable
|-boost|p2a: Clefable|spa|1
|-boost|p2a: Clefable|spd|1
|
|-heal|p1a: Heatran|361\/385|[from] item: Leftovers
|turn|15
|
|switch|p2a: Conkeldurr|Conkeldurr, F|327\/413
|-damage|p2a: Conkeldurr|302\/413|[from] Stealth Rock
|move|p1a: Heatran|Taunt|p2a: Conkeldurr
|-start|p2a: Conkeldurr|move: Taunt
|
|-heal|p1a: Heatran|385\/385|[from] item: Leftovers
|turn|16
|
|switch|p1a: Clefable|Clefable, M|393\/393
|switch|p2a: Kyurem-Black|Kyurem-Black|234\/391
|-damage|p2a: Kyurem-Black|137\/391|[from] Stealth Rock
|-ability|p2a: Kyurem-Black|Teravolt
|
|turn|17
|
|move|p2a: Kyurem-Black|Ice Beam|p1a: Clefable
|-damage|p1a: Clefable|206\/393
|move|p1a: Clefable|Soft-Boiled|p1a: Clefable
|-heal|p1a: Clefable|393\/393
|
|turn|18
|
|switch|p1a: Slowbro|Slowbro, M|203\/393
|-damage|p1a: Slowbro|154\/393|[from] Stealth Rock
|move|p2a: Kyurem-Black|Ice Beam|p1a: Slowbro
|-resisted|p1a: Slowbro
|-damage|p1a: Slowbro|58\/393
|
|turn|19
|
|switch|p1a: Heatran|Heatran, F|385\/385
|-damage|p1a: Heatran|337\/385|[from] Stealth Rock
|move|p2a: Kyurem-Black|Earth Power|p1a: Heatran
|-supereffective|p1a: Heatran
|-damage|p1a: Heatran|0 fnt
|faint|p1a: Heatran
|
|
|switch|p1a: Lopunny|Lopunny-Mega, F|226\/271
|-damage|p1a: Lopunny|210\/271|[from] Stealth Rock
|turn|20
|
|switch|p1a: Raikou|Raikou|321\/321
|-damage|p1a: Raikou|281\/321|[from] Stealth Rock
|-ability|p1a: Raikou|Pressure
|switch|p2a: Skarmory|Skarmory, M|333\/333
|-damage|p2a: Skarmory|292\/333|[from] Stealth Rock
|
|turn|21
|
|switch|p2a: Conkeldurr|Conkeldurr, F|302\/413
|-damage|p2a: Conkeldurr|277\/413|[from] Stealth Rock
|move|p1a: Raikou|Volt Switch|p2a: Conkeldurr
|-damage|p2a: Conkeldurr|177\/413
|
|switch|p1a: Clefable|Clefable, M|393\/393
|
|turn|22
|
|switch|p2a: Clefable|Clefable, M|394\/394
|move|p1a: Clefable|Moonblast|p2a: Clefable
|-damage|p2a: Clefable|298\/394
|-unboost|p2a: Clefable|spa|1
|
|turn|23
|
|move|p2a: Clefable|Calm Mind|p2a: Clefable
|-boost|p2a: Clefable|spa|1
|-boost|p2a: Clefable|spd|1
|move|p1a: Clefable|Soft-Boiled|p1a: Clefable
|-fail|p1a: Clefable
|
|turn|24
|c|âRoxanneHere|pls no haxerino
|
|move|p1a: Clefable|Calm Mind|p1a: Clefable
|-boost|p1a: Clefable|spa|1
|-boost|p1a: Clefable|spd|1
|move|p2a: Clefable|Calm Mind|p2a: Clefable
|-boost|p2a: Clefable|spa|1
|-boost|p2a: Clefable|spd|1
|
|turn|25
|
|move|p2a: Clefable|Calm Mind|p2a: Clefable
|-boost|p2a: Clefable|spa|1
|-boost|p2a: Clefable|spd|1
|move|p1a: Clefable|Calm Mind|p1a: Clefable
|-boost|p1a: Clefable|spa|1
|-boost|p1a: Clefable|spd|1
|
|turn|26
|
|move|p2a: Clefable|Calm Mind|p2a: Clefable
|-boost|p2a: Clefable|spa|1
|-boost|p2a: Clefable|spd|1
|move|p1a: Clefable|Calm Mind|p1a: Clefable
|-boost|p1a: Clefable|spa|1
|-boost|p1a: Clefable|spd|1
|
|turn|27
|
|move|p2a: Clefable|Calm Mind|p2a: Clefable
|-boost|p2a: Clefable|spa|1
|-boost|p2a: Clefable|spd|1
|move|p1a: Clefable|Calm Mind|p1a: Clefable
|-boost|p1a: Clefable|spa|1
|-boost|p1a: Clefable|spd|1
|
|turn|28
|
|move|p2a: Clefable|Calm Mind|p2a: Clefable
|-boost|p2a: Clefable|spa|1
|-boost|p2a: Clefable|spd|1
|move|p1a: Clefable|Calm Mind|p1a: Clefable
|-boost|p1a: Clefable|spa|1
|-boost|p1a: Clefable|spd|1
|
|turn|29
|
|move|p1a: Clefable|Calm Mind|p1a: Clefable
|-boost|p1a: Clefable|spa|1
|-boost|p1a: Clefable|spd|1
|move|p2a: Clefable|Moonblast|p1a: Clefable
|-crit|p1a: Clefable
|-damage|p1a: Clefable|0 fnt
|faint|p1a: Clefable
|
|c|âRoxanneHere|ROFL
|c|âqways|fuck yiou
|c|âRoxanneHere|OMG
|c|âRoxanneHere|IM SO SORRY
|-message|qways forfeited.
|
|win|RoxanneHere
|raw|Ladder updating...
|leave|qways
|raw|qways's rating: 1601 &rarr; <strong>1575<\/strong><br \/>(-26 for losing)
|raw|RoxanneHere's rating: 1495 &rarr; <strong>1521<\/strong><br \/>(+26 for winning)
|c|âRoxanneHere|BUT THAT IS JUST TOO HILARIOUS
|player|p1
|c|âRoxanneHere|OMG
|c|âRoxanneHere|LOL
|join|Elynsor
|join|SkarmSteel
|c|âRoxanneHere|dat crit tho
|leave|Elynsor