|join|qways
|join|Motherklang
|player|p1|qways|265
|player|p2|Motherklang|226
|gametype|singles
|gen|6
|tier|OU
|rated
|clearpoke
|poke|p1|Slowbro, M
|poke|p1|Clefable, F
|poke|p1|Raikou
|poke|p1|Gliscor, F
|poke|p1|Lopunny, M
|poke|p1|Heatran, M
|poke|p2|Jirachi
|poke|p2|Keldeo
|poke|p2|Raikou
|poke|p2|Diggersby, F
|poke|p2|Altaria, M
|poke|p2|Landorus-Therian, M
|rule|Swagger Clause: Swagger is banned
|rule|Baton Pass Clause: Limit one PokÃ©mon knowing Baton Pass
|rule|Sleep Clause Mod: Limit one foe put to sleep
|rule|Species Clause: Limit one of each PokÃ©mon
|rule|OHKO Clause: OHKO moves are banned
|rule|Moody Clause: Moody is banned
|rule|Evasion Moves Clause: Evasion moves are banned
|rule|Endless Battle Clause: Forcing endless battles is banned
|rule|HP Percentage Mod: HP is shown in percentages
|teampreview
|
|start
|switch|p1a: Slowbro|Slowbro, M|393\/393
|switch|p2a: Altaria|Altaria, M|353\/353
|turn|1
|
|detailschange|p2a: Altaria|Altaria-Mega, M
|-mega|p2a: Altaria|Altaria|Altarianite
|move|p2a: Altaria|Hyper Voice|p1a: Slowbro
|-damage|p1a: Slowbro|210\/393
|move|p1a: Slowbro|Psyshock|p2a: Altaria
|-damage|p2a: Altaria|209\/353
|
|turn|2
|
|switch|p1a: Heatran|Heatran, M|385\/385
|move|p2a: Altaria|Roost|p2a: Altaria
|-heal|p2a: Altaria|353\/353
|
|turn|3
|
|switch|p2a: Keldeo|Keldeo|323\/323
|move|p1a: Heatran|Stealth Rock|p2a: Keldeo
|-sidestart|p2: Motherklang|move: Stealth Rock
|
|turn|4
|
|switch|p1a: Slowbro|Slowbro, M|341\/393
|move|p2a: Keldeo|Scald|p1a: Slowbro
|-resisted|p1a: Slowbro
|-damage|p1a: Slowbro|260\/393
|
|turn|5
|
|switch|p2a: Altaria|Altaria-Mega, M|353\/353
|-damage|p2a: Altaria|309\/353|[from] Stealth Rock
|move|p1a: Slowbro|Scald|p2a: Altaria
|-resisted|p2a: Altaria
|-damage|p2a: Altaria|220\/353
|
|turn|6
|
|move|p2a: Altaria|Roost|p2a: Altaria
|-heal|p2a: Altaria|353\/353
|move|p1a: Slowbro|Scald|p2a: Altaria
|-resisted|p2a: Altaria
|-damage|p2a: Altaria|260\/353
|
|turn|7
|
|switch|p1a: Heatran|Heatran, M|385\/385
|move|p2a: Altaria|Hyper Voice|p1a: Heatran
|-resisted|p1a: Heatran
|-damage|p1a: Heatran|350\/385
|
|-heal|p1a: Heatran|374\/385|[from] item: Leftovers
|turn|8
|
|switch|p2a: Keldeo|Keldeo|323\/323
|-damage|p2a: Keldeo|303\/323|[from] Stealth Rock
|move|p1a: Heatran|Taunt|p2a: Keldeo
|-start|p2a: Keldeo|move: Taunt
|
|-heal|p2a: Keldeo|323\/323|[from] item: Leftovers
|-heal|p1a: Heatran|385\/385|[from] item: Leftovers
|turn|9
|
|switch|p1a: Slowbro|Slowbro, M|391\/393
|move|p2a: Keldeo|Scald|p1a: Slowbro
|-resisted|p1a: Slowbro
|-damage|p1a: Slowbro|311\/393
|
|turn|10
|
|switch|p2a: Altaria|Altaria-Mega, M|260\/353
|-damage|p2a: Altaria|216\/353|[from] Stealth Rock
|move|p1a: Slowbro|Scald|p2a: Altaria
|-resisted|p2a: Altaria
|-damage|p2a: Altaria|117\/353
|
|turn|11
|
|move|p2a: Altaria|Roost|p2a: Altaria
|-heal|p2a: Altaria|294\/353
|move|p1a: Slowbro|Scald|p2a: Altaria
|-resisted|p2a: Altaria
|-damage|p2a: Altaria|197\/353
|
|turn|12
|
|move|p2a: Altaria|Roost|p2a: Altaria
|-heal|p2a: Altaria|353\/353
|move|p1a: Slowbro|Scald|p2a: Altaria
|-resisted|p2a: Altaria
|-damage|p2a: Altaria|251\/353
|-status|p2a: Altaria|brn
|
|-damage|p2a: Altaria|207\/353 brn|[from] brn
|turn|13
|c|âqways|gfinally
|c|âMotherklang|why is that so powerful
|c|âqways|because its slowbro
|c|âMotherklang|base 100 spatt
|
|switch|p1a: Heatran|Heatran, M|385\/385
|move|p2a: Altaria|Heal Bell|p2a: Altaria
|-cureteam|p2a: Altaria|[from] move: HealBell
|
|turn|14
|
|switch|p2a: Keldeo|Keldeo|323\/323
|-damage|p2a: Keldeo|303\/323|[from] Stealth Rock
|move|p1a: Heatran|Lava Plume|p2a: Keldeo
|-resisted|p2a: Keldeo
|-damage|p2a: Keldeo|237\/323
|
|-heal|p2a: Keldeo|257\/323|[from] item: Leftovers
|turn|15
|
|switch|p1a: Slowbro|Slowbro, M|393\/393
|move|p2a: Keldeo|Scald|p1a: Slowbro
|-resisted|p1a: Slowbro
|-damage|p1a: Slowbro|311\/393
|
|-heal|p2a: Keldeo|277\/323|[from] item: Leftovers
|turn|16
|
|switch|p2a: Altaria|Altaria-Mega, M|207\/353
|-damage|p2a: Altaria|163\/353|[from] Stealth Rock
|move|p1a: Slowbro|Psyshock|p2a: Altaria
|-damage|p2a: Altaria|12\/353
|
|turn|17
|
|move|p2a: Altaria|Roost|p2a: Altaria
|-heal|p2a: Altaria|189\/353
|move|p1a: Slowbro|Psyshock|p2a: Altaria
|-damage|p2a: Altaria|32\/353
|
|turn|18
|
|switch|p1a: Heatran|Heatran, M|385\/385
|move|p2a: Altaria|Roost|p2a: Altaria
|-heal|p2a: Altaria|209\/353
|
|turn|19
|
|move|p1a: Heatran|Lava Plume|p2a: Altaria
|-resisted|p2a: Altaria
|-damage|p2a: Altaria|149\/353
|move|p2a: Altaria|Roost|p2a: Altaria
|-heal|p2a: Altaria|326\/353
|
|turn|20
|
|move|p1a: Heatran|Lava Plume|p2a: Altaria
|-resisted|p2a: Altaria
|-damage|p2a: Altaria|260\/353
|-status|p2a: Altaria|brn
|move|p2a: Altaria|Hyper Voice|p1a: Heatran
|-resisted|p1a: Heatran
|-damage|p1a: Heatran|348\/385
|
|-heal|p1a: Heatran|372\/385|[from] item: Leftovers
|-damage|p2a: Altaria|216\/353 brn|[from] brn
|turn|21
|
|move|p1a: Heatran|Taunt|p2a: Altaria
|-start|p2a: Altaria|move: Taunt
|cant|p2a: Altaria|move: Taunt|Heal Bell
|
|-heal|p1a: Heatran|385\/385|[from] item: Leftovers
|-damage|p2a: Altaria|172\/353 brn|[from] brn
|turn|22
|
|switch|p1a: Slowbro|Slowbro, M|393\/393
|switch|p2a: Keldeo|Keldeo|277\/323
|-damage|p2a: Keldeo|257\/323|[from] Stealth Rock
|
|-heal|p2a: Keldeo|277\/323|[from] item: Leftovers
|turn|23
|
|switch|p2a: Jirachi|Jirachi|404\/404
|-damage|p2a: Jirachi|379\/404|[from] Stealth Rock
|move|p1a: Slowbro|Scald|p2a: Jirachi
|-damage|p2a: Jirachi|205\/404
|
|-heal|p2a: Jirachi|230\/404|[from] item: Leftovers
|turn|24
|
|move|p2a: Jirachi|Protect|p2a: Jirachi
|-singleturn|p2a: Jirachi|Protect
|move|p1a: Slowbro|Scald|p2a: Jirachi
|-activate|p2a: Jirachi|Protect
|
|-heal|p2a: Jirachi|255\/404|[from] item: Leftovers
|turn|25
|
|move|p2a: Jirachi|Stealth Rock|p1a: Slowbro
|-sidestart|p1: qways|move: Stealth Rock
|move|p1a: Slowbro|Scald|p2a: Jirachi
|-damage|p2a: Jirachi|87\/404
|
|-heal|p2a: Jirachi|112\/404|[from] item: Leftovers
|turn|26
|
|move|p2a: Jirachi|Protect|p2a: Jirachi
|-singleturn|p2a: Jirachi|Protect
|move|p1a: Slowbro|Scald|p2a: Jirachi
|-activate|p2a: Jirachi|Protect
|
|-heal|p2a: Jirachi|137\/404|[from] item: Leftovers
|turn|27
|
|move|p2a: Jirachi|Iron Head|p1a: Slowbro
|-resisted|p1a: Slowbro
|-damage|p1a: Slowbro|348\/393
|move|p1a: Slowbro|Scald|p2a: Jirachi
|-damage|p2a: Jirachi|0 fnt
|faint|p2a: Jirachi
|
|
|switch|p2a: Landorus-Therian|Landorus-Therian, M|319\/319
|-damage|p2a: Landorus-Therian|280\/319|[from] Stealth Rock
|-ability|p2a: Landorus-Therian|Intimidate|[of] p1a: Slowbro
|-unboost|p1a: Slowbro|atk|1
|turn|28
|
|move|p2a: Landorus-Therian|Knock Off|p1a: Slowbro
|-supereffective|p1a: Slowbro
|-damage|p1a: Slowbro|102\/393
|-enditem|p1a: Slowbro|Choice Specs|[from] move: Knock Off|[of] p2a: Landorus-Therian
|move|p1a: Slowbro|Scald|p2a: Landorus-Therian
|-supereffective|p2a: Landorus-Therian
|-damage|p2a: Landorus-Therian|0 fnt
|faint|p2a: Landorus-Therian
|
|
|switch|p2a: Raikou|Raikou|329\/329
|-damage|p2a: Raikou|288\/329|[from] Stealth Rock
|-ability|p2a: Raikou|Pressure
|turn|29
|
|switch|p1a: Gliscor|Gliscor, F|353\/353
|-damage|p1a: Gliscor|309\/353|[from] Stealth Rock
|move|p2a: Raikou|Shadow Ball|p1a: Gliscor
|-damage|p1a: Gliscor|153\/353
|
|-status|p1a: Gliscor|tox|[from] item: Toxic Orb
|turn|30
|
|switch|p2a: Keldeo|Keldeo|277\/323
|-damage|p2a: Keldeo|257\/323|[from] Stealth Rock
|switch|p1a: Lopunny|Lopunny, M|271\/271
|-damage|p1a: Lopunny|238\/271|[from] Stealth Rock
|
|-heal|p2a: Keldeo|277\/323|[from] item: Leftovers
|turn|31
|
|detailschange|p1a: Lopunny|Lopunny-Mega, M
|-mega|p1a: Lopunny|Lopunny|Lopunnite
|move|p1a: Lopunny|Fake Out|p2a: Keldeo
|-damage|p2a: Keldeo|192\/323
|cant|p2a: Keldeo|flinch
|
|-heal|p2a: Keldeo|212\/323|[from] item: Leftovers
|turn|32
|
|switch|p2a: Altaria|Altaria-Mega, M|172\/353 brn
|-damage|p2a: Altaria|128\/353 brn|[from] Stealth Rock
|move|p1a: Lopunny|High Jump Kick|p2a: Altaria
|-resisted|p2a: Altaria
|-damage|p2a: Altaria|44\/353 brn
|
|-damage|p2a: Altaria|0 fnt|[from] brn
|faint|p2a: Altaria
|-message|Motherklang forfeited.
|leave|Motherklang
|
|win|qways
|raw|Ladder updating...
|player|p2
|raw|qways's rating: 1680 &rarr; <strong>1693<\/strong><br \/>(+13 for winning)
|raw|Motherklang's rating: 1554 &rarr; <strong>1541<\/strong><br \/>(-13 for losing)