|join|qways
|join|Tiziano Ferrothorn
|join|PINGUINO FIEROH
|player|p1|qways|101
|player|p2|Tiziano Ferrothorn|102
|gametype|singles
|gen|6
|tier|OU (suspect test)
|rated
|clearpoke
|poke|p1|Infernape, F
|poke|p1|Lopunny, M
|poke|p1|Scizor, M
|poke|p1|Jolteon, F
|poke|p1|Breloom, F
|poke|p1|Tyranitar, M
|poke|p2|Diancie
|poke|p2|Hawlucha, M, shiny
|poke|p2|Shaymin
|poke|p2|Bisharp, M
|poke|p2|Rhyperior, M
|poke|p2|Azumarill, F
|rule|Swagger Clause: Swagger is banned
|rule|Baton Pass Clause: Limit one PokÃ©mon knowing Baton Pass
|rule|Sleep Clause Mod: Limit one foe put to sleep
|rule|Species Clause: Limit one of each PokÃ©mon
|rule|OHKO Clause: OHKO moves are banned
|rule|Moody Clause: Moody is banned
|rule|Evasion Moves Clause: Evasion moves are banned
|rule|Endless Battle Clause: Forcing endless battles is banned
|rule|HP Percentage Mod: HP is shown in percentages
|teampreview
|c| PINGUINO FIEROH|VAI
|c| PINGUINO FIEROH|VAI
|c| PINGUINO FIEROH|GUD LC
|join|Chrisintin
|c| PINGUINO FIEROH|EV FAN
|join|SamuelBest3
|join|Bizzozzero
|c| PINGUINO FIEROH|ASPETTA
|join|BlueAndrew
|leave|Bizzozzero
|c| PINGUINO FIEROH|devo andare a pisciare
|c| PINGUINO FIEROH|torno subito
|join|Shida
|
|start
|switch|p1a: Infernape|Infernape, F|293\/293
|switch|p2a: DUE RESPIRI|Diancie|241\/241
|turn|1
|join|Mentana
|
|detailschange|p2a: DUE RESPIRI|Diancie-Mega
|-mega|p2a: DUE RESPIRI|Diancie|Diancite
|move|p1a: Infernape|Fake Out|p2a: DUE RESPIRI
|-resisted|p2a: DUE RESPIRI
|-damage|p2a: DUE RESPIRI|223\/241
|cant|p2a: DUE RESPIRI|flinch
|
|turn|2
|c| BlueAndrew|anche 3 respiri
|
|move|p2a: DUE RESPIRI|Earth Power|p1a: Infernape
|-supereffective|p1a: Infernape
|-enditem|p1a: Infernape|Focus Sash
|-damage|p1a: Infernape|1\/293
|move|p1a: Infernape|Close Combat|p2a: DUE RESPIRI
|-damage|p2a: DUE RESPIRI|43\/241
|-unboost|p1a: Infernape|def|1
|-unboost|p1a: Infernape|spd|1
|
|turn|3
|c|âTiziano Ferrothorn|rofl
|join|Light Matter
|c| Light Matter|Forza forza
|c| Mentana|azzz
|c| Light Matter|Siamo tuoi fan
|c|âTiziano Ferrothorn|la gente che non capisce le cit
|c| BlueAndrew|gia
|
|move|p2a: DUE RESPIRI|Moonblast|p1a: Infernape
|-damage|p1a: Infernape|0 fnt
|faint|p1a: Infernape
|
|c| BlueAndrew|non le capisco D:
|c| Light Matter|PerÃ²
|c| Light Matter|Il migliore rimane sempre Sylveon Berlusconi
|c| PINGUINO FIEROH|SIAM DUE RESPIRI
|
|switch|p1a: Scizor|Scizor, M|343\/343
|turn|4
|c| PINGUINO FIEROH|CHE VIBRANO VICINIII
|
|switch|p2a: STOP DIMENTICA|Rhyperior, M|433\/433
|move|p1a: Scizor|U-turn|p2a: STOP DIMENTICA
|-damage|p2a: STOP DIMENTICA|312\/433
|c| PINGUINO FIEROH|BABDB ME E TE INSIEMEEEE
|c|âTiziano Ferrothorn|porco m3l3
|
|switch|p1a: Lopunny|Lopunny, M|271\/271
|
|-heal|p2a: STOP DIMENTICA|339\/433|[from] item: Leftovers
|turn|5
|join|RoasterthanRotomH
|c| PINGUINO FIEROH|https:\/\/www.youtube.com\/watch?v=WpyFgCQX7YY
|c| PINGUINO FIEROH|STOP
|c| PINGUINO FIEROH|DIMENTICA
|
|detailschange|p1a: Lopunny|Lopunny-Mega, M
|-mega|p1a: Lopunny|Lopunny|Lopunnite
|move|p1a: Lopunny|Power-Up Punch|p2a: STOP DIMENTICA
|-supereffective|p2a: STOP DIMENTICA
|-damage|p2a: STOP DIMENTICA|267\/433
|-boost|p1a: Lopunny|atk|1
|move|p2a: STOP DIMENTICA|Stealth Rock|p1a: Lopunny
|-sidestart|p1: qways|move: Stealth Rock
|
|-heal|p2a: STOP DIMENTICA|294\/433|[from] item: Leftovers
|turn|6
|
|switch|p2a: DANNATE NUVOLE|Hawlucha, M, shiny|300\/300
|move|p1a: Lopunny|High Jump Kick|p2a: DANNATE NUVOLE
|-resisted|p2a: DANNATE NUVOLE
|-damage|p2a: DANNATE NUVOLE|79\/300
|-enditem|p2a: DANNATE NUVOLE|Sitrus Berry|[eat]
|-heal|p2a: DANNATE NUVOLE|154\/300|[from] item: Sitrus Berry
|
|turn|7
|c|âTiziano Ferrothorn|l'idiota con pup lopunny
|c|âTiziano Ferrothorn|tutti a me
|c|âTiziano Ferrothorn|capitano
|c| RoasterthanRotomH|non Ã¨ male
|c| PINGUINO FIEROH|UNOOOOOOOOOO
|leave|Mentana
|c| PINGUINO FIEROH|UNO SGUARDOOOO
|c| RoasterthanRotomH|non si mangia le mille kill che altrimenti mangerebbe
|c| PINGUINO FIEROH|http:\/\/gamut-was-taken.github.io\/
|c| PINGUINO FIEROH|Il calc aggiornato
|c| PINGUINO FIEROH|se servisse
|c|âTiziano Ferrothorn|[[plays.com]]
|
|switch|p1a: Tyranitar|Tyranitar, M|389\/389
|-damage|p1a: Tyranitar|341\/389|[from] Stealth Rock
|-weather|Sandstorm
|move|p2a: DANNATE NUVOLE|Acrobatics|p1a: Tyranitar
|-resisted|p1a: Tyranitar
|-damage|p1a: Tyranitar|265\/389
|
|-weather|Sandstorm|[upkeep]
|-damage|p2a: DANNATE NUVOLE|136\/300|[from] sandstorm
|turn|8
|c| PINGUINO FIEROH|[tette]
|c|âTiziano Ferrothorn|mh
|
|move|p2a: DANNATE NUVOLE|High Jump Kick|p1a: Tyranitar
|-supereffective|p1a: Tyranitar
|-damage|p1a: Tyranitar|0 fnt
|faint|p1a: Tyranitar
|
|-weather|Sandstorm|[upkeep]
|-damage|p2a: DANNATE NUVOLE|118\/300|[from] sandstorm
|c|âTiziano Ferrothorn|[plays.com]
|
|switch|p1a: Scizor|Scizor, M|343\/343
|-damage|p1a: Scizor|301\/343|[from] Stealth Rock
|turn|9
|c| PINGUINO FIEROH|ORA STOP
|c| PINGUINO FIEROH|DIMENTICA
|c| BlueAndrew|come fai a farlo lol
|c|âTiziano Ferrothorn|lol
|c| BlueAndrew|tiziano
|
|switch|p2a: GUERRIERO|Bisharp, M|290\/290
|move|p1a: Scizor|Bullet Punch|p2a: GUERRIERO
|-resisted|p2a: GUERRIERO
|-damage|p2a: GUERRIERO|201\/290
|
|-weather|Sandstorm|[upkeep]
|turn|10
|c| PINGUINO FIEROH|QUESTO SILENZIO
|
|move|p2a: GUERRIERO|Pursuit|p1a: Scizor|[from]Pursuit
|-crit|p1a: Scizor
|-damage|p1a: Scizor|82\/343
|switch|p1a: Breloom|Breloom, F|323\/323
|-damage|p1a: Breloom|303\/323|[from] Stealth Rock
|
|-weather|Sandstorm|[upkeep]
|-damage|p1a: Breloom|283\/323|[from] sandstorm
|-status|p1a: Breloom|tox|[from] item: Toxic Orb
|turn|11
|c|âTiziano Ferrothorn|godo
|c|âTiziano Ferrothorn|lmao
|c| PINGUINO FIEROH|lol
|
|move|p1a: Breloom|Mach Punch|p2a: GUERRIERO
|-supereffective|p2a: GUERRIERO
|-damage|p2a: GUERRIERO|0 fnt
|faint|p2a: GUERRIERO
|
|-weather|none
|-heal|p1a: Breloom|323\/323 tox|[from] ability: Poison Heal
|c|âTiziano Ferrothorn|MA
|c|âTiziano Ferrothorn|MA
|
|switch|p2a: DANNATE NUVOLE|Hawlucha, M, shiny|118\/300
|turn|12
|c| PINGUINO FIEROH|MA
|c| PINGUINO FIEROH|MA
|c| PINGUINO FIEROH|speed breloom
|join|L0NE
|
|switch|p1a: Jolteon|Jolteon, F|271\/271
|-damage|p1a: Jolteon|238\/271|[from] Stealth Rock
|move|p2a: DANNATE NUVOLE|Acrobatics|p1a: Jolteon
|-resisted|p1a: Jolteon
|-damage|p1a: Jolteon|102\/271
|
|turn|13
|c| PINGUINO FIEROH|CAIO L0NE
|c|âTiziano Ferrothorn|wei l0ne
|c| PINGUINO FIEROH|pls dunt ban me
|
|switch|p2a: STOP DIMENTICA|Rhyperior, M|294\/433
|move|p1a: Jolteon|Hidden Power|p2a: STOP DIMENTICA
|-supereffective|p2a: STOP DIMENTICA
|-damage|p2a: STOP DIMENTICA|152\/433
|
|-heal|p2a: STOP DIMENTICA|179\/433|[from] item: Leftovers
|turn|14
|
|move|p1a: Jolteon|Hidden Power|p2a: STOP DIMENTICA
|-supereffective|p2a: STOP DIMENTICA
|-damage|p2a: STOP DIMENTICA|20\/433
|move|p2a: STOP DIMENTICA|Fire Punch|p1a: Jolteon
|-damage|p1a: Jolteon|0 fnt
|faint|p1a: Jolteon
|
|-heal|p2a: STOP DIMENTICA|47\/433|[from] item: Leftovers
|c|âTiziano Ferrothorn|tanto ti banno
|c|âTiziano Ferrothorn|ninja
|c|âTiziano Ferrothorn|non perderÃ² lol
|
|switch|p1a: Lopunny|Lopunny-Mega, M|271\/271
|-damage|p1a: Lopunny|255\/271|[from] Stealth Rock
|turn|15
|c|âTiziano Ferrothorn|mh
|c| PINGUINO FIEROH|non fa
|
|move|p1a: Lopunny|Power-Up Punch|p2a: STOP DIMENTICA
|-supereffective|p2a: STOP DIMENTICA
|-damage|p2a: STOP DIMENTICA|0 fnt
|-boost|p1a: Lopunny|atk|1
|faint|p2a: STOP DIMENTICA
|
|c| PINGUINO FIEROH|pugno
|
|switch|p2a: AMAMI|Azumarill, F|377\/377
|turn|16
|c| PINGUINO FIEROH|ah
|c|âTiziano Ferrothorn|un return
|c|âTiziano Ferrothorn|dovrei
|c|âTiziano Ferrothorn|reggerlo
|
|move|p1a: Lopunny|Return|p2a: AMAMI
|-damage|p2a: AMAMI|65\/377
|move|p2a: AMAMI|Play Rough|p1a: Lopunny
|-supereffective|p1a: Lopunny
|-damage|p1a: Lopunny|0 fnt
|faint|p1a: Lopunny
|
|c| PINGUINO FIEROH|si, dovresti
|c| PINGUINO FIEROH|k
|c|âTiziano Ferrothorn|kk
|c|âTiziano Ferrothorn|ez
|c| PINGUINO FIEROH|ez
|
|switch|p1a: Breloom|Breloom, F|323\/323 tox
|-damage|p1a: Breloom|303\/323 tox|[from] Stealth Rock
|turn|17
|c| PINGUINO FIEROH|unb4 missava
|c| PINGUINO FIEROH|inb4*
|
|switch|p2a: DUE RESPIRI|Diancie-Mega|43\/241
|move|p1a: Breloom|Spore|p2a: DUE RESPIRI
|move|p2a: DUE RESPIRI|Spore|p1a: Breloom|[from]Magic Bounce
|-fail|p1a: Breloom
|
|-heal|p1a: Breloom|323\/323 tox|[from] ability: Poison Heal
|turn|18
|
|move|p1a: Breloom|Mach Punch|p2a: DUE RESPIRI
|-crit|p2a: DUE RESPIRI
|-damage|p2a: DUE RESPIRI|0 fnt
|faint|p2a: DUE RESPIRI
|
|c| PINGUINO FIEROH|btw NON E L'INFERNO>AMAMI
|
|switch|p2a: DANNATE NUVOLE|Hawlucha, M, shiny|118\/300
|turn|19
|c| Light Matter|Sono tornato
|c| Light Matter|Ecco il grande Tiziano Ferrothorn
|
|move|p2a: DANNATE NUVOLE|Acrobatics|p1a: Breloom
|-supereffective|p1a: Breloom
|-damage|p1a: Breloom|0 fnt
|faint|p1a: Breloom
|
|c| Light Matter|lol
|
|switch|p1a: Scizor|Scizor, M|82\/343
|-damage|p1a: Scizor|40\/343|[from] Stealth Rock
|turn|20
|c| PINGUINO FIEROH|non Ã¨ l'inferno Ã¨ imo una delle canzoni piÃ¹ ridicole
|c| PINGUINO FIEROH|lol
|
|move|p1a: Scizor|Bullet Punch|p2a: DANNATE NUVOLE
|-damage|p2a: DANNATE NUVOLE|0 fnt
|faint|p2a: DANNATE NUVOLE
|
|c|âTiziano Ferrothorn|NOOO
|c| PINGUINO FIEROH|NO QUESTO NOOOOOOOOOOOOOOOOOOOOOOOOOOOO
|c|âTiziano Ferrothorn|NON Ã¨ L'INFERNOOOOO
|c| PINGUINO FIEROH|NON E L'INFERNOOOOOOOOO
|c| PINGUINO FIEROH|OOOO
|c| PINGUINO FIEROH|IO NON COMPRENDOOO
|
|switch|p2a: MI VENDO|Shaymin|341\/341
|turn|21
|c| PINGUINO FIEROH|DIMMI CHE COSA DEVO FARE
|c| PINGUINO FIEROH|PER COMPRARMI DA MANGIARE
|
|move|p1a: Scizor|Bullet Punch|p2a: MI VENDO
|-damage|p2a: MI VENDO|161\/341
|move|p2a: MI VENDO|Hidden Power|p1a: Scizor
|-supereffective|p1a: Scizor
|-damage|p1a: Scizor|0 fnt
|-damage|p2a: MI VENDO|127\/341|[from] item: Life Orb
|faint|p1a: Scizor
|
|win|Tiziano Ferrothorn
|raw|Ladder updating...
|c| PINGUINO FIEROH|vai a lavorare, stronza
|raw|qways's rating: 1462 &rarr; <strong>1445<\/strong><br \/>(-17 for losing)
|raw|Tiziano Ferrothorn's rating: 1521 &rarr; <strong>1538<\/strong><br \/>(+17 for winning)
|c|âTiziano Ferrothorn|LOL
|leave|qways
|player|p1
|c|âTiziano Ferrothorn|REQS
|c|âTiziano Ferrothorn|!!!!!
|c| PINGUINO FIEROH|GG
|c|âTiziano Ferrothorn|2711
|c| PINGUINO FIEROH|grande
|c|âTiziano Ferrothorn|SCATENATE LA BOLGIA
|c|âTiziano Ferrothorn|WOOOOOOOOOOOOOOOOOOOOO
|c| Light Matter|VIVA TE
|c| Light Matter|DAI DAI DAI
|c| Light Matter|ALTRA LOTTA
|c| Light Matter|NOI TI SEGUIAMO
|c|âTiziano Ferrothorn|n
|c|âTiziano Ferrothorn|devo screenare
|leave|Chrisintin
|c|âTiziano Ferrothorn|e basta ou
|join|Chrisintin
|join|Bacco Bocchini
|join|Lillo2000
|leave|PINGUINO FIEROH
|c| Bacco Bocchini|BAN THE FROG PLS
|leave|Chrisintin
|leave|Lillo2000
|join|Koura-tas-kai
|leave|Koura-tas-kai
|leave|SamuelBest3
|leave|BlueAndrew
|leave|Shida
|join|jake5
|player|p2|TRICKING|102
|leave|jake5
|leave|Bacco Bocchini
|join|Bacco Bocchini