|join|shams713
|join|pokemonisfun
|player|p1|shams713|180
|player|p2|pokemonisfun|184
|gametype|singles
|gen|6
|tier|UU
|rated
|rule|Sleep Clause Mod: Limit one foe put to sleep
|rule|Species Clause: Limit one of each PokÃ©mon
|rule|OHKO Clause: OHKO moves are banned
|rule|Moody Clause: Moody is banned
|rule|Evasion Moves Clause: Evasion moves are banned
|rule|Endless Battle Clause: Forcing endless battles is banned
|rule|HP Percentage Mod: HP is shown in percentages
|clearpoke
|poke|p1|Toxicroak, M
|poke|p1|Hydreigon, M
|poke|p1|Rotom-Heat
|poke|p1|Aerodactyl, M
|poke|p1|Forretress, F
|poke|p1|Suicune
|poke|p2|Togetic, M
|poke|p2|Absol, F
|poke|p2|Yanmega, M
|poke|p2|Exploud, F
|poke|p2|Donphan, F
|poke|p2|Suicune
|rule|Swagger Clause: Swagger is banned
|rule|Baton Pass Clause: Limit one PokÃ©mon knowing Baton Pass
|teampreview
|
|start
|switch|p1a: Forretress|Forretress, F|354\/354
|switch|p2a: Absol|Absol, F|271\/271
|turn|1
|
|detailschange|p2a: Absol|Absol-Mega, F
|message|Absol has Mega Evolved into Mega Absol!
|move|p2a: Absol|Knock Off|p1a: Forretress
|-damage|p1a: Forretress|245\/354
|-enditem|p1a: Forretress|Leftovers|[from] move: Knock Off|[of] p2a: Absol
|move|p1a: Forretress|Volt Switch|p2a: Absol
|-damage|p2a: Absol|213\/271
|
|switch|p1a: Rotom-Heat|Rotom-Heat|241\/241
|
|turn|2
|
|move|p2a: Absol|Sucker Punch|p1a: Rotom-Heat
|-damage|p1a: Rotom-Heat|87\/241
|move|p1a: Rotom-Heat|Overheat|p2a: Absol
|-damage|p2a: Absol|0 fnt
|-unboost|p1a: Rotom-Heat|spa|2
|faint|p2a: Absol
|
|
|switch|p2a: Donphan|Donphan, F|384\/384
|turn|3
|
|switch|p1a: Suicune|Suicune|404\/404
|-ability|p1a: Suicune|Pressure
|move|p2a: Donphan|Stealth Rock|p1a: Suicune
|-sidestart|p1: shams713|move: Stealth Rock
|
|turn|4
|
|switch|p2a: Suicune|Suicune|402\/402
|-ability|p2a: Suicune|Pressure
|move|p1a: Suicune|Scald|p2a: Suicune
|-resisted|p2a: Suicune
|-damage|p2a: Suicune|366\/402
|
|-heal|p2a: Suicune|391\/402|[from] item: Leftovers
|turn|5
|
|switch|p1a: Hydreigon|Hydreigon, M|325\/325
|-damage|p1a: Hydreigon|285\/325|[from] Stealth Rock
|move|p2a: Suicune|Calm Mind|p2a: Suicune
|-boost|p2a: Suicune|spa|1
|-boost|p2a: Suicune|spd|1
|
|-heal|p2a: Suicune|402\/402|[from] item: Leftovers
|turn|6
|
|move|p1a: Hydreigon|Dark Pulse|p2a: Suicune
|-damage|p2a: Suicune|295\/402
|-damage|p1a: Hydreigon|253\/325|[from] item: Life Orb
|move|p2a: Suicune|Calm Mind|p2a: Suicune
|-boost|p2a: Suicune|spa|1
|-boost|p2a: Suicune|spd|1
|
|-heal|p2a: Suicune|320\/402|[from] item: Leftovers
|turn|7
|
|switch|p1a: Rotom-Heat|Rotom-Heat|87\/241
|-damage|p1a: Rotom-Heat|27\/241|[from] Stealth Rock
|move|p2a: Suicune|Calm Mind|p2a: Suicune
|-boost|p2a: Suicune|spa|1
|-boost|p2a: Suicune|spd|1
|
|-heal|p2a: Suicune|345\/402|[from] item: Leftovers
|turn|8
|
|switch|p2a: Yanmega|Yanmega, M|313\/313
|move|p1a: Rotom-Heat|Trick|p2a: Yanmega
|-activate|p1a: Rotom-Heat|move: Trick|[of] p2a: Yanmega
|-item|p2a: Yanmega|Choice Scarf|[from] move: Trick
|-item|p1a: Rotom-Heat|Life Orb|[from] move: Trick
|
|turn|9
|
|move|p2a: Yanmega|Bug Buzz|p1a: Rotom-Heat
|-resisted|p1a: Rotom-Heat
|-damage|p1a: Rotom-Heat|0 fnt
|faint|p1a: Rotom-Heat
|
|-boost|p2a: Yanmega|spe|1|[from] ability: Speed Boost
|
|switch|p1a: Forretress|Forretress, F|245\/354
|-damage|p1a: Forretress|201\/354|[from] Stealth Rock
|turn|10
|
|switch|p2a: Donphan|Donphan, F|384\/384
|move|p1a: Forretress|Rapid Spin|p2a: Donphan
|-damage|p2a: Donphan|375\/384
|-sideend|p1: shams713|Stealth Rock|[from] move: Rapid Spin|[of] p1a: Forretress
|
|-heal|p2a: Donphan|384\/384|[from] item: Leftovers
|turn|11
|
|move|p2a: Donphan|Stealth Rock|p1a: Forretress
|-sidestart|p1: shams713|move: Stealth Rock
|move|p1a: Forretress|Toxic|p2a: Donphan
|-status|p2a: Donphan|tox
|
|-damage|p2a: Donphan|360\/384 tox|[from] psn
|turn|12
|
|move|p2a: Donphan|Earthquake|p1a: Forretress
|-crit|p1a: Forretress
|-damage|p1a: Forretress|92\/354
|move|p1a: Forretress|Rapid Spin|p2a: Donphan
|-damage|p2a: Donphan|352\/384 tox
|-sideend|p1: shams713|Stealth Rock|[from] move: Rapid Spin|[of] p1a: Forretress
|
|-heal|p2a: Donphan|376\/384 tox|[from] item: Leftovers
|-damage|p2a: Donphan|328\/384 tox|[from] psn
|turn|13
|
|switch|p1a: Hydreigon|Hydreigon, M|253\/325
|move|p2a: Donphan|Earthquake|p1a: Hydreigon
|-immune|p1a: Hydreigon|[msg]
|
|-heal|p2a: Donphan|352\/384 tox|[from] item: Leftovers
|-damage|p2a: Donphan|280\/384 tox|[from] psn
|turn|14
|
|switch|p2a: Togetic|Togetic, M|313\/313
|move|p1a: Hydreigon|Dark Pulse|p2a: Togetic
|-crit|p2a: Togetic
|-resisted|p2a: Togetic
|-damage|p2a: Togetic|242\/313
|-damage|p1a: Hydreigon|221\/325|[from] item: Life Orb
|
|turn|15
|
|switch|p1a: Forretress|Forretress, F|92\/354
|move|p2a: Togetic|Dazzling Gleam|p1a: Forretress
|-resisted|p1a: Forretress
|-damage|p1a: Forretress|32\/354
|
|turn|16
|
|move|p1a: Forretress|Toxic|p2a: Togetic
|-status|p2a: Togetic|tox
|move|p2a: Togetic|Dazzling Gleam|p1a: Forretress
|-resisted|p1a: Forretress
|-damage|p1a: Forretress|0 fnt
|faint|p1a: Forretress
|
|-damage|p2a: Togetic|223\/313 tox|[from] psn
|
|switch|p1a: Aerodactyl|Aerodactyl, M|302\/302
|-ability|p1a: Aerodactyl|Unnerve|p2: pokemonisfun
|turn|17
|
|switch|p2a: Suicune|Suicune|345\/402
|-ability|p2a: Suicune|Pressure
|detailschange|p1a: Aerodactyl|Aerodactyl-Mega, M
|message|Aerodactyl has Mega Evolved into Mega Aerodactyl!
|move|p1a: Aerodactyl|Hone Claws|p1a: Aerodactyl
|-boost|p1a: Aerodactyl|atk|1
|-boost|p1a: Aerodactyl|accuracy|1
|
|-heal|p2a: Suicune|370\/402|[from] item: Leftovers
|turn|18
|
|switch|p1a: Toxicroak|Toxicroak, M|334\/334
|move|p2a: Suicune|Scald|p1a: Toxicroak
|-immune|p1a: Toxicroak|[msg]
|
|-heal|p2a: Suicune|395\/402|[from] item: Leftovers
|turn|19
|
|move|p1a: Toxicroak|Drain Punch|p2a: Suicune
|-crit|p2a: Suicune
|-damage|p2a: Suicune|281\/402
|move|p2a: Suicune|Extrasensory|p1a: Toxicroak
|-crit|p1a: Toxicroak
|-supereffective|p1a: Toxicroak
|-enditem|p1a: Toxicroak|Focus Sash
|-damage|p1a: Toxicroak|1\/334
|
|-heal|p2a: Suicune|306\/402|[from] item: Leftovers
|turn|20
|
|move|p1a: Toxicroak|Gunk Shot|p2a: Suicune
|-damage|p2a: Suicune|192\/402
|move|p2a: Suicune|Extrasensory|p1a: Toxicroak
|-crit|p1a: Toxicroak
|-supereffective|p1a: Toxicroak
|-damage|p1a: Toxicroak|0 fnt
|faint|p1a: Toxicroak
|
|-heal|p2a: Suicune|217\/402|[from] item: Leftovers
|
|switch|p1a: Hydreigon|Hydreigon, M|221\/325
|turn|21
|
|switch|p2a: Togetic|Togetic, M|223\/313 tox
|move|p1a: Hydreigon|Draco Meteor|p2a: Togetic
|-immune|p2a: Togetic|[msg]
|
|-damage|p2a: Togetic|204\/313 tox|[from] psn
|turn|22
|
|move|p1a: Hydreigon|Flamethrower|p2a: Togetic
|-damage|p2a: Togetic|129\/313 tox
|-damage|p1a: Hydreigon|189\/325|[from] item: Life Orb
|move|p2a: Togetic|Baton Pass|p2a: Togetic
|
|switch|p2a: Exploud|Exploud, F|349\/349
|
|turn|23
|
|move|p2a: Exploud|Boomburst|p1a: Hydreigon
|-damage|p1a: Hydreigon|0 fnt
|faint|p1a: Hydreigon
|
|
|switch|p1a: Aerodactyl|Aerodactyl-Mega, M|302\/302
|turn|24
|
|move|p1a: Aerodactyl|Hone Claws|p1a: Aerodactyl
|-boost|p1a: Aerodactyl|atk|1
|-boost|p1a: Aerodactyl|accuracy|1
|move|p2a: Exploud|Boomburst|p1a: Aerodactyl
|-resisted|p1a: Aerodactyl
|-damage|p1a: Aerodactyl|194\/302
|
|turn|25
|
|move|p1a: Aerodactyl|Stone Edge|p2a: Exploud
|-crit|p2a: Exploud
|-damage|p2a: Exploud|0 fnt
|faint|p2a: Exploud
|
|
|switch|p2a: Donphan|Donphan, F|280\/384 tox
|turn|26
|
|switch|p1a: Suicune|Suicune|404\/404
|-ability|p1a: Suicune|Pressure
|move|p2a: Donphan|Knock Off|p1a: Suicune
|-crit|p1a: Suicune
|-damage|p1a: Suicune|318\/404
|-enditem|p1a: Suicune|Leftovers|[from] move: Knock Off|[of] p2a: Donphan
|
|-heal|p2a: Donphan|304\/384 tox|[from] item: Leftovers
|-damage|p2a: Donphan|280\/384 tox|[from] psn
|turn|27
|
|move|p1a: Suicune|Scald|p2a: Donphan
|-crit|p2a: Donphan
|-supereffective|p2a: Donphan
|-damage|p2a: Donphan|0 fnt
|faint|p2a: Donphan
|
|
|switch|p2a: Yanmega|Yanmega, M|313\/313
|turn|28
|
|move|p2a: Yanmega|Giga Drain|p1a: Suicune
|-supereffective|p1a: Suicune
|-damage|p1a: Suicune|158\/404
|move|p1a: Suicune|Scald|p2a: Yanmega
|-damage|p2a: Yanmega|175\/313
|-status|p2a: Yanmega|brn
|
|-damage|p2a: Yanmega|136\/313 brn|[from] brn
|-boost|p2a: Yanmega|spe|1|[from] ability: Speed Boost
|turn|29
|
|move|p2a: Yanmega|Giga Drain|p1a: Suicune
|-supereffective|p1a: Suicune
|-damage|p1a: Suicune|0 fnt
|-heal|p2a: Yanmega|215\/313 brn|[from] drain|[of] p1a: Suicune
|faint|p1a: Suicune
|
|-damage|p2a: Yanmega|176\/313 brn|[from] brn
|-boost|p2a: Yanmega|spe|1|[from] ability: Speed Boost
|
|switch|p1a: Aerodactyl|Aerodactyl-Mega, M|194\/302
|turn|30
|
|move|p2a: Yanmega|Giga Drain|p1a: Aerodactyl
|-damage|p1a: Aerodactyl|93\/302
|-heal|p2a: Yanmega|227\/313 brn|[from] drain|[of] p1a: Aerodactyl
|move|p1a: Aerodactyl|Aerial Ace|p2a: Yanmega
|-supereffective|p2a: Yanmega
|-damage|p2a: Yanmega|0 fnt
|faint|p2a: Yanmega
|
|
|switch|p2a: Suicune|Suicune|217\/402
|-ability|p2a: Suicune|Pressure
|turn|31
|
|move|p1a: Aerodactyl|Stone Edge|p2a: Suicune|[miss]
|-miss|p1a: Aerodactyl|p2a: Suicune
|move|p2a: Suicune|Scald|p1a: Aerodactyl
|-supereffective|p1a: Aerodactyl
|-damage|p1a: Aerodactyl|0 fnt
|faint|p1a: Aerodactyl
|
|win|pokemonisfun
|raw|Ladder updating...
|raw|shams713's rating: 1610 &rarr; <strong>1598<\/strong><br \/>(-12 for losing)
|raw|pokemonisfun's rating: 1767 &rarr; <strong>1778<\/strong><br \/>(+11 for winning)
|c|âshams713|gg
|c|âpokemonisfun|gg
|leave|shams713
|player|p1