|join|shams713
|join|Haxxhatred
|player|p1|shams713|180
|player|p2|Haxxhatred|2
|gametype|singles
|gen|6
|tier|UU
|rated
|rule|Sleep Clause Mod: Limit one foe put to sleep
|rule|Species Clause: Limit one of each Pokemon
|rule|OHKO Clause: OHKO moves are banned
|rule|Moody Clause: Moody is banned
|rule|Evasion Moves Clause: Evasion moves are banned
|rule|Endless Battle Clause: Forcing endless battles is banned.
|rule|HP Percentage Mod: HP is reported as percentages
|clearpoke
|poke|p1|Shuckle, F
|poke|p1|Nidoking, M
|poke|p1|Honchkrow, M
|poke|p1|Blastoise, F
|poke|p1|Azelf
|poke|p1|Aggron, M
|poke|p2|Mismagius, M
|poke|p2|Krookodile, F
|poke|p2|Crobat, F
|poke|p2|Houndoom, M
|poke|p2|Mienshao, F
|poke|p2|Noivern, F
|teampreview
|
|start
|switch|p1a: Azelf|Azelf|291\/291
|switch|p2a: Houndoom|Houndoom, M|302\/302
|turn|1
|
|detailschange|p2a: Houndoom|Houndoom-Mega, M
|message|Houndoom has Mega Evolved into Mega Houndoom!
|move|p1a: Azelf|Explosion|p2a: Houndoom
|-damage|p2a: Houndoom|0 fnt
|faint|p1a: Azelf
|faint|p2a: Houndoom
|
|
|switch|p2a: Krookodile|Krookodile, F|353\/353
|switch|p1a: Blastoise|Blastoise, F|362\/362
|-ability|p2a: Krookodile|Intimidate|[of] p1a: Blastoise
|-unboost|p1a: Blastoise|atk|1
|turn|2
|
|detailschange|p1a: Blastoise|Blastoise-Mega, F
|message|Blastoise has Mega Evolved into Mega Blastoise!
|move|p2a: Krookodile|Earthquake|p1a: Blastoise
|-damage|p1a: Blastoise|150\/362
|-damage|p2a: Krookodile|318\/353|[from] item: Life Orb
|move|p1a: Blastoise|Water Pulse|p2a: Krookodile
|-supereffective|p2a: Krookodile
|-damage|p2a: Krookodile|0 fnt
|faint|p2a: Krookodile
|
|
|switch|p2a: Mienshao|Mienshao, F|301\/301
|turn|3
|
|move|p2a: Mienshao|High Jump Kick|p1a: Blastoise|[miss]
|-miss|p2a: Mienshao|p1a: Blastoise
|-damage|p2a: Mienshao|151\/301|[from] highjumpkick
|move|p1a: Blastoise|Water Pulse|p2a: Mienshao
|-damage|p2a: Mienshao|0 fnt
|faint|p2a: Mienshao
|
|
|switch|p2a: Noivern|Noivern, F|315\/315
|turn|4
|
|move|p2a: Noivern|Draco Meteor|p1a: Blastoise|[miss]
|-miss|p2a: Noivern|p1a: Blastoise
|move|p1a: Blastoise|Dark Pulse|p2a: Noivern
|-damage|p2a: Noivern|112\/315
|
|turn|5
|chat|shams713|i am really sorry
|
|move|p2a: Noivern|Draco Meteor|p1a: Blastoise
|-damage|p1a: Blastoise|0 fnt
|-unboost|p2a: Noivern|spa|2
|faint|p1a: Blastoise
|
|chat|shams713|but that is to be expected when you vs one of the ninja turtles
|
|switch|p1a: Aggron|Aggron, M|282\/282
|turn|6
|
|switch|p2a: Mismagius|Mismagius, M|323\/323
|move|p1a: Aggron|Rock Polish|p1a: Aggron
|-boost|p1a: Aggron|spe|2
|
|turn|7
|
|move|p1a: Aggron|Head Smash|p2a: Mismagius
|-damage|p2a: Mismagius|0 fnt
|faint|p2a: Mismagius
|
|
|switch|p2a: Noivern|Noivern, F|112\/315
|turn|8
|
|switch|p1a: Shuckle|Shuckle, F|244\/244
|move|p2a: Noivern|Hurricane|p1a: Shuckle|[miss]
|-miss|p2a: Noivern|p1a: Shuckle
|
|turn|9
|
|move|p2a: Noivern|Hurricane|p1a: Shuckle
|-damage|p1a: Shuckle|177\/244
|move|p1a: Shuckle|Stealth Rock|p2a: Noivern
|-sidestart|p2: Haxxhatred|move: Stealth Rock
|
|turn|10
|
|move|p2a: Noivern|Hurricane|p1a: Shuckle|[miss]
|-miss|p2a: Noivern|p1a: Shuckle
|move|p1a: Shuckle|Encore|p2a: Noivern
|-start|p2a: Noivern|Encore
|
|turn|11
|
|switch|p1a: Aggron|Aggron, M|282\/282
|move|p2a: Noivern|Hurricane|p1a: Aggron
|-resisted|p1a: Aggron
|-damage|p1a: Aggron|218\/282
|
|turn|12
|
|move|p2a: Noivern|Hurricane|p1a: Aggron|[miss]
|-miss|p2a: Noivern|p1a: Aggron
|move|p1a: Aggron|Head Smash|p2a: Noivern
|-supereffective|p2a: Noivern
|-damage|p2a: Noivern|0 fnt
|faint|p2a: Noivern
|
|chat|shams713|gg
|
|switch|p2a: Crobat|Crobat, F|314\/314
|-damage|p2a: Crobat|236\/314|[from] Stealth Rock
|turn|13
|
|move|p2a: Crobat|Roost|p2a: Crobat
|-heal|p2a: Crobat|314\/314
|move|p1a: Aggron|Head Smash|p2a: Crobat
|-damage|p2a: Crobat|19\/314
|
|-heal|p2a: Crobat|38\/314|[from] item: Black Sludge
|turn|14
|
|move|p2a: Crobat|Brave Bird|p1a: Aggron
|-resisted|p1a: Aggron
|-damage|p1a: Aggron|190\/282
|-damage|p2a: Crobat|29\/314|[from] recoil|[of] p1a: Aggron
|move|p1a: Aggron|Head Smash|p2a: Crobat
|-supereffective|p2a: Crobat
|-damage|p2a: Crobat|0 fnt
|faint|p2a: Crobat
|
|win|shams713
|raw|Ladder updating...
|raw|shams713's rating: 1444 &rarr; <strong>1461<\/strong><br \/>(+17 for winning)
|raw|Haxxhatred's rating: 1398 &rarr; <strong>1380<\/strong><br \/>(-18 for losing)
|chat|shams713|gg
|leave|shams713
|player|p1