|join|jams12
|join|shams713
|player|p1|jams12|101
|player|p2|shams713|180
|gametype|singles
|gen|6
|tier|UU
|rule|Sleep Clause Mod: Limit one foe put to sleep
|rule|Species Clause: Limit one of each PokÃ©mon
|rule|OHKO Clause: OHKO moves are banned
|rule|Moody Clause: Moody is banned
|rule|Evasion Moves Clause: Evasion moves are banned
|rule|Endless Battle Clause: Forcing endless battles is banned
|rule|HP Percentage Mod: HP is shown in percentages
|clearpoke
|poke|p1|Absol, F
|poke|p1|Alakazam, F
|poke|p1|Hippowdon, F
|poke|p1|Tentacruel, F
|poke|p1|Nidoking, M
|poke|p1|Goodra, M
|poke|p2|Celebi
|poke|p2|Aerodactyl, F
|poke|p2|Tentacruel, M
|poke|p2|Chandelure, F
|poke|p2|Escavalier, F
|poke|p2|Hydreigon, M
|rule|Swagger Clause: Swagger is banned
|rule|Baton Pass Clause: Limit one PokÃ©mon knowing Baton Pass
|teampreview
|c|âshams713|using hippoddonw
|c|âjams12|so
|c|âshams713|disgusting
|c|âjams12|hes good
|
|start
|switch|p1a: Goodra|Goodra, M|384\/384
|switch|p2a: Hydreigon|Hydreigon, M|325\/325
|turn|1
|
|switch|p2a: Celebi|Celebi|404\/404
|switch|p1a: Tentacruel|Tentacruel, F|364\/364
|
|turn|2
|
|move|p1a: Tentacruel|Acid Spray|p2a: Celebi
|-supereffective|p2a: Celebi
|-damage|p2a: Celebi|320\/404
|-unboost|p2a: Celebi|spd|2
|move|p2a: Celebi|Thunder Wave|p1a: Tentacruel
|-status|p1a: Tentacruel|par
|
|-heal|p2a: Celebi|345\/404|[from] item: Leftovers
|turn|3
|
|switch|p2a: Hydreigon|Hydreigon, M|325\/325
|switch|p1a: Goodra|Goodra, M|384\/384
|
|turn|4
|
|switch|p2a: Escavalier|Escavalier, F|344\/344
|switch|p1a: Tentacruel|Tentacruel, F|364\/364 par
|
|turn|5
|
|switch|p1a: Hippowdon|Hippowdon, F|420\/420
|-weather|Sandstorm
|move|p2a: Escavalier|Knock Off|p1a: Hippowdon
|-damage|p1a: Hippowdon|334\/420
|-enditem|p1a: Hippowdon|Leftovers|[from] move: Knock Off|[of] p2a: Escavalier
|
|-weather|Sandstorm|[upkeep]
|turn|6
|
|switch|p2a: Celebi|Celebi|345\/404
|move|p1a: Hippowdon|Stealth Rock|p2a: Celebi
|-sidestart|p2: shams713|move: Stealth Rock
|
|-weather|Sandstorm|[upkeep]
|-damage|p2a: Celebi|320\/404|[from] sandstorm
|-heal|p2a: Celebi|345\/404|[from] item: Leftovers
|turn|7
|
|switch|p1a: Goodra|Goodra, M|384\/384
|move|p2a: Celebi|Stealth Rock|p1a: Goodra
|-sidestart|p1: jams12|move: Stealth Rock
|
|-weather|Sandstorm|[upkeep]
|-damage|p2a: Celebi|320\/404|[from] sandstorm
|-damage|p1a: Goodra|360\/384|[from] sandstorm
|-heal|p2a: Celebi|345\/404|[from] item: Leftovers
|turn|8
|
|move|p2a: Celebi|Thunder Wave|p1a: Goodra
|-status|p1a: Goodra|par
|move|p1a: Goodra|Draco Meteor|p2a: Celebi
|-damage|p2a: Celebi|0 fnt
|-unboost|p1a: Goodra|spa|2
|faint|p2a: Celebi
|
|-weather|Sandstorm|[upkeep]
|-damage|p1a: Goodra|336\/384 par|[from] sandstorm
|
|switch|p2a: Hydreigon|Hydreigon, M|325\/325
|-damage|p2a: Hydreigon|285\/325|[from] Stealth Rock
|turn|9
|
|switch|p1a: Tentacruel|Tentacruel, F|364\/364 par
|-damage|p1a: Tentacruel|319\/364 par|[from] Stealth Rock
|move|p2a: Hydreigon|Dark Pulse|p1a: Tentacruel
|-crit|p1a: Tentacruel
|-damage|p1a: Tentacruel|126\/364 par
|
|-weather|none
|-heal|p1a: Tentacruel|148\/364 par|[from] item: Black Sludge
|turn|10
|
|move|p2a: Hydreigon|Dark Pulse|p1a: Tentacruel
|-damage|p1a: Tentacruel|18\/364 par
|move|p1a: Tentacruel|Rapid Spin|p2a: Hydreigon
|-damage|p2a: Hydreigon|271\/325
|-sideend|p1: jams12|Stealth Rock|[from] move: Rapid Spin|[of] p1a: Tentacruel
|
|-heal|p1a: Tentacruel|40\/364 par|[from] item: Black Sludge
|turn|11
|
|move|p2a: Hydreigon|Dark Pulse|p1a: Tentacruel
|-damage|p1a: Tentacruel|0 fnt
|faint|p1a: Tentacruel
|
|
|switch|p1a: Goodra|Goodra, M|336\/384 par
|turn|12
|
|switch|p2a: Tentacruel|Tentacruel, M|364\/364
|-damage|p2a: Tentacruel|319\/364|[from] Stealth Rock
|move|p1a: Goodra|Draco Meteor|p2a: Tentacruel
|-damage|p2a: Tentacruel|60\/364
|-unboost|p1a: Goodra|spa|2
|
|-heal|p2a: Tentacruel|82\/364|[from] item: Black Sludge
|turn|13
|
|move|p2a: Tentacruel|Rapid Spin|p1a: Goodra
|-damage|p1a: Goodra|322\/384 par
|-unboost|p2a: Tentacruel|spe|1
|-sideend|p2: shams713|Stealth Rock|[from] move: Rapid Spin|[of] p2a: Tentacruel
|move|p1a: Goodra|Draco Meteor|p2a: Tentacruel
|-damage|p2a: Tentacruel|0 fnt
|-unboost|p1a: Goodra|spa|2
|faint|p2a: Tentacruel
|
|
|switch|p2a: Aerodactyl|Aerodactyl, F|302\/302
|-ability|p2a: Aerodactyl|Unnerve|p1: jams12
|turn|14
|
|switch|p2a: Hydreigon|Hydreigon, M|271\/325
|switch|p1a: Hippowdon|Hippowdon, F|334\/420
|-weather|Sandstorm
|
|-weather|Sandstorm|[upkeep]
|-damage|p2a: Hydreigon|251\/325|[from] sandstorm
|turn|15
|c|âshams713|disgusting
|
|move|p2a: Hydreigon|Draco Meteor|p1a: Hippowdon
|-damage|p1a: Hippowdon|0 fnt
|-unboost|p2a: Hydreigon|spa|2
|faint|p1a: Hippowdon
|
|-weather|Sandstorm|[upkeep]
|-damage|p2a: Hydreigon|231\/325|[from] sandstorm
|
|switch|p1a: Alakazam|Alakazam, F|252\/252
|turn|16
|
|switch|p1a: Goodra|Goodra, M|322\/384 par
|switch|p2a: Escavalier|Escavalier, F|344\/344
|
|-weather|Sandstorm|[upkeep]
|-damage|p1a: Goodra|298\/384 par|[from] sandstorm
|turn|17
|
|move|p2a: Escavalier|Iron Head|p1a: Goodra
|-damage|p1a: Goodra|67\/384 par
|-unboost|p2a: Escavalier|spe|1
|move|p1a: Goodra|Flamethrower|p2a: Escavalier
|-supereffective|p2a: Escavalier
|-damage|p2a: Escavalier|0 fnt
|faint|p2a: Escavalier
|
|-weather|Sandstorm|[upkeep]
|-damage|p1a: Goodra|43\/384 par|[from] sandstorm
|
|switch|p2a: Aerodactyl|Aerodactyl, F|302\/302
|-ability|p2a: Aerodactyl|Unnerve|p1: jams12
|turn|18
|
|detailschange|p2a: Aerodactyl|Aerodactyl-Mega, F
|message|Aerodactyl has Mega Evolved into Mega Aerodactyl!
|move|p2a: Aerodactyl|Hone Claws|p2a: Aerodactyl
|-boost|p2a: Aerodactyl|atk|1
|-boost|p2a: Aerodactyl|accuracy|1
|move|p1a: Goodra|Flamethrower|p2a: Aerodactyl
|-resisted|p2a: Aerodactyl
|-damage|p2a: Aerodactyl|252\/302
|
|-weather|none
|turn|19
|
|move|p2a: Aerodactyl|Earthquake|p1a: Goodra
|-damage|p1a: Goodra|0 fnt
|faint|p1a: Goodra
|
|
|switch|p1a: Absol|Absol, F|271\/271
|turn|20
|c|âshams713|dam wh do you take so long
|
|detailschange|p1a: Absol|Absol-Mega, F
|message|Absol has Mega Evolved into Mega Absol!
|move|p1a: Absol|Sucker Punch|p2a: Aerodactyl
|-damage|p2a: Aerodactyl|84\/302
|move|p2a: Aerodactyl|Stone Edge|p1a: Absol
|-damage|p1a: Absol|0 fnt
|faint|p1a: Absol
|
|
|switch|p1a: Alakazam|Alakazam, F|252\/252
|turn|21
|
|move|p2a: Aerodactyl|Aerial Ace|p1a: Alakazam
|-enditem|p1a: Alakazam|Focus Sash
|-damage|p1a: Alakazam|1\/252
|move|p1a: Alakazam|Shadow Ball|p2a: Aerodactyl
|-damage|p2a: Aerodactyl|0 fnt
|faint|p2a: Aerodactyl
|
|
|switch|p2a: Chandelure|Chandelure, F|261\/261
|turn|22
|
|move|p2a: Chandelure|Shadow Ball|p1a: Alakazam
|-supereffective|p1a: Alakazam
|-damage|p1a: Alakazam|0 fnt
|faint|p1a: Alakazam
|
|c|âshams713|ha
|c|âjams12|two scarfers
|
|switch|p1a: Nidoking|Nidoking, M|304\/304
|turn|23
|c|âshams713|no
|
|move|p2a: Chandelure|Shadow Ball|p1a: Nidoking
|-damage|p1a: Nidoking|81\/304
|move|p1a: Nidoking|Earthquake|p2a: Chandelure
|-supereffective|p2a: Chandelure
|-damage|p2a: Chandelure|0 fnt
|-damage|p1a: Nidoking|51\/304|[from] item: Life Orb
|faint|p2a: Chandelure
|
|
|switch|p2a: Hydreigon|Hydreigon, M|231\/325
|turn|24
|c|âjams12|whats hydreigon
|
|move|p2a: Hydreigon|Dark Pulse|p1a: Nidoking
|-damage|p1a: Nidoking|0 fnt
|faint|p1a: Nidoking
|
|win|shams713
|c|âshams713|specs
|c|âjams12|really
|c|âshams713|hahahahahahahahahahahah
|c|âshams713|yeah
|c|âjams12|why didnt it do anything to tentacruel
|c|âjams12|even with a crit