|join|shams713
|join|dynamic test
|player|p1|shams713|180
|player|p2|dynamic test|5
|gametype|singles
|gen|6
|tier|UU
|rated
|rule|Sleep Clause Mod: Limit one foe put to sleep
|rule|Species Clause: Limit one of each PokÃ©mon
|rule|OHKO Clause: OHKO moves are banned
|rule|Moody Clause: Moody is banned
|rule|Evasion Moves Clause: Evasion moves are banned
|rule|Endless Battle Clause: Forcing endless battles is banned
|rule|HP Percentage Mod: HP is shown in percentages
|clearpoke
|poke|p1|Toxicroak, F
|poke|p1|Hydreigon, F
|poke|p1|Rotom-Heat
|poke|p1|Aerodactyl, F
|poke|p1|Forretress, F
|poke|p1|Suicune
|poke|p2|Jirachi, shiny
|poke|p2|Vaporeon, F
|poke|p2|Gligar, F
|poke|p2|Granbull, M
|poke|p2|Aerodactyl, F
|poke|p2|Virizion
|rule|Swagger Clause: Swagger is banned
|rule|Baton Pass Clause: Limit one PokÃ©mon knowing Baton Pass
|teampreview
|c|âdynamic test|gl hf
|c|âshams713|you to
|
|start
|switch|p1a: Rotom-Heat|Rotom-Heat|241\/241
|switch|p2a: Aerodactyl|Aerodactyl, F|327\/327
|turn|1
|
|switch|p2a: Gligar|Gligar, F|334\/334
|move|p1a: Rotom-Heat|Volt Switch|p2a: Gligar
|-immune|p2a: Gligar|[msg]
|
|turn|2
|
|switch|p1a: Forretress|Forretress, F|354\/354
|move|p2a: Gligar|U-turn|p1a: Forretress
|-crit|p1a: Forretress
|-resisted|p1a: Forretress
|-damage|p1a: Forretress|335\/354
|
|switch|p2a: Jirachi|Jirachi, shiny|341\/341
|
|-heal|p1a: Forretress|354\/354|[from] item: Leftovers
|turn|3
|
|move|p2a: Jirachi|Calm Mind|p2a: Jirachi
|-boost|p2a: Jirachi|spa|1
|-boost|p2a: Jirachi|spd|1
|move|p1a: Forretress|Volt Switch|p2a: Jirachi
|-damage|p2a: Jirachi|317\/341
|
|switch|p1a: Hydreigon|Hydreigon, F|325\/325
|
|-heal|p2a: Jirachi|338\/341|[from] item: Leftovers
|turn|4
|
|move|p2a: Jirachi|Moonblast|p1a: Hydreigon
|-supereffective|p1a: Hydreigon
|-damage|p1a: Hydreigon|0 fnt
|faint|p1a: Hydreigon
|
|-heal|p2a: Jirachi|341\/341|[from] item: Leftovers
|c|âdynamic test|wot
|
|switch|p1a: Rotom-Heat|Rotom-Heat|241\/241
|turn|5
|
|switch|p2a: Aerodactyl|Aerodactyl, F|327\/327
|move|p1a: Rotom-Heat|Trick|p2a: Aerodactyl
|-fail|p2a: Aerodactyl
|
|turn|6
|
|switch|p1a: Forretress|Forretress, F|354\/354
|detailschange|p2a: Aerodactyl|Aerodactyl-Mega, F
|message|Aerodactyl has Mega Evolved into Mega Aerodactyl!
|move|p2a: Aerodactyl|Stone Edge|p1a: Forretress
|-damage|p1a: Forretress|236\/354
|
|-heal|p1a: Forretress|258\/354|[from] item: Leftovers
|turn|7
|
|switch|p2a: Jirachi|Jirachi, shiny|341\/341
|move|p1a: Forretress|Stealth Rock|p2a: Jirachi
|-sidestart|p2: dynamic test|move: Stealth Rock
|
|-heal|p1a: Forretress|280\/354|[from] item: Leftovers
|turn|8
|
|move|p2a: Jirachi|Moonblast|p1a: Forretress
|-resisted|p1a: Forretress
|-damage|p1a: Forretress|205\/354
|move|p1a: Forretress|Volt Switch|p2a: Jirachi
|-damage|p2a: Jirachi|306\/341
|
|switch|p1a: Rotom-Heat|Rotom-Heat|241\/241
|
|-heal|p2a: Jirachi|327\/341|[from] item: Leftovers
|turn|9
|
|switch|p2a: Vaporeon|Vaporeon, F|449\/449
|-damage|p2a: Vaporeon|393\/449|[from] Stealth Rock
|move|p1a: Rotom-Heat|Overheat|p2a: Vaporeon
|-resisted|p2a: Vaporeon
|-damage|p2a: Vaporeon|294\/449
|-unboost|p1a: Rotom-Heat|spa|2
|
|-heal|p2a: Vaporeon|322\/449|[from] item: Leftovers
|turn|10
|
|switch|p1a: Toxicroak|Toxicroak, F|334\/334
|move|p2a: Vaporeon|Baton Pass|p2a: Vaporeon
|
|switch|p2a: Gligar|Gligar, F|334\/334
|-damage|p2a: Gligar|293\/334|[from] Stealth Rock
|
|turn|11
|
|switch|p1a: Forretress|Forretress, F|205\/354
|move|p2a: Gligar|Defog|p1a: Forretress
|-unboost|p1a: Forretress|evasion|1
|-sideend|p2: dynamic test|Stealth Rock|[from] move: Defog|[of] p2a: Gligar
|
|-heal|p1a: Forretress|227\/354|[from] item: Leftovers
|turn|12
|
|move|p2a: Gligar|Earthquake|p1a: Forretress
|-damage|p1a: Forretress|175\/354
|move|p1a: Forretress|Volt Switch|p2a: Gligar
|-immune|p2a: Gligar|[msg]
|
|-heal|p1a: Forretress|197\/354|[from] item: Leftovers
|turn|13
|
|move|p2a: Gligar|Earthquake|p1a: Forretress
|-damage|p1a: Forretress|143\/354
|move|p1a: Forretress|Stealth Rock|p2a: Gligar
|-sidestart|p2: dynamic test|move: Stealth Rock
|
|-heal|p1a: Forretress|165\/354|[from] item: Leftovers
|turn|14
|
|move|p2a: Gligar|Defog|p1a: Forretress
|-unboost|p1a: Forretress|evasion|1
|-sideend|p2: dynamic test|Stealth Rock|[from] move: Defog|[of] p2a: Gligar
|move|p1a: Forretress|Toxic|p2a: Gligar
|-status|p2a: Gligar|tox
|
|-heal|p1a: Forretress|187\/354|[from] item: Leftovers
|-damage|p2a: Gligar|273\/334 tox|[from] psn
|turn|15
|
|move|p2a: Gligar|Earthquake|p1a: Forretress
|-damage|p1a: Forretress|130\/354
|move|p1a: Forretress|Stealth Rock|p2a: Gligar
|-sidestart|p2: dynamic test|move: Stealth Rock
|
|-heal|p1a: Forretress|152\/354|[from] item: Leftovers
|-damage|p2a: Gligar|233\/334 tox|[from] psn
|turn|16
|
|move|p2a: Gligar|U-turn|p1a: Forretress
|-resisted|p1a: Forretress
|-damage|p1a: Forretress|140\/354
|
|switch|p2a: Vaporeon|Vaporeon, F|322\/449
|-damage|p2a: Vaporeon|266\/449|[from] Stealth Rock
|move|p1a: Forretress|Stealth Rock|p2a: Vaporeon
|-fail|p2a: Vaporeon
|
|-heal|p2a: Vaporeon|294\/449|[from] item: Leftovers
|-heal|p1a: Forretress|162\/354|[from] item: Leftovers
|turn|17
|
|move|p2a: Vaporeon|Wish|p2a: Vaporeon
|move|p1a: Forretress|Volt Switch|p2a: Vaporeon
|-supereffective|p2a: Vaporeon
|-damage|p2a: Vaporeon|224\/449
|
|switch|p1a: Rotom-Heat|Rotom-Heat|241\/241
|
|-heal|p2a: Vaporeon|252\/449|[from] item: Leftovers
|turn|18
|
|switch|p2a: Gligar|Gligar, F|233\/334 tox
|-damage|p2a: Gligar|192\/334 tox|[from] Stealth Rock
|move|p1a: Rotom-Heat|Trick|p2a: Gligar
|-activate|p1a: Rotom-Heat|move: Trick|[of] p2a: Gligar
|-item|p2a: Gligar|Choice Scarf|[from] move: Trick
|-item|p1a: Rotom-Heat|Eviolite|[from] move: Trick
|
|-heal|p2a: Gligar|334\/334 tox|[from] move: Wish|[wisher] Vaporeon
|-damage|p2a: Gligar|314\/334 tox|[from] psn
|turn|19
|
|move|p2a: Gligar|Defog|p1a: Rotom-Heat
|-unboost|p1a: Rotom-Heat|evasion|1
|-sideend|p2: dynamic test|Stealth Rock|[from] move: Defog|[of] p2a: Gligar
|move|p1a: Rotom-Heat|Overheat|p2a: Gligar
|-damage|p2a: Gligar|121\/334 tox
|-unboost|p1a: Rotom-Heat|spa|2
|
|-damage|p2a: Gligar|81\/334 tox|[from] psn
|turn|20
|
|switch|p2a: Aerodactyl|Aerodactyl-Mega, F|327\/327
|switch|p1a: Forretress|Forretress, F|162\/354
|
|-heal|p1a: Forretress|184\/354|[from] item: Leftovers
|turn|21
|
|move|p2a: Aerodactyl|Stone Edge|p1a: Forretress
|-damage|p1a: Forretress|70\/354
|move|p1a: Forretress|Stealth Rock|p2a: Aerodactyl
|-sidestart|p2: dynamic test|move: Stealth Rock
|
|-heal|p1a: Forretress|92\/354|[from] item: Leftovers
|turn|22
|
|move|p2a: Aerodactyl|Stone Edge|p1a: Forretress|[miss]
|-miss|p2a: Aerodactyl|p1a: Forretress
|move|p1a: Forretress|Volt Switch|p2a: Aerodactyl
|-supereffective|p2a: Aerodactyl
|-damage|p2a: Aerodactyl|249\/327
|
|switch|p1a: Suicune|Suicune|404\/404
|-ability|p1a: Suicune|Pressure
|
|turn|23
|
|move|p2a: Aerodactyl|Stealth Rock|p1a: Suicune
|-sidestart|p1: shams713|move: Stealth Rock
|move|p1a: Suicune|Scald|p2a: Aerodactyl
|-supereffective|p2a: Aerodactyl
|-damage|p2a: Aerodactyl|79\/327
|
|turn|24
|
|switch|p2a: Vaporeon|Vaporeon, F|252\/449
|-damage|p2a: Vaporeon|196\/449|[from] Stealth Rock
|switch|p1a: Rotom-Heat|Rotom-Heat|241\/241
|-damage|p1a: Rotom-Heat|181\/241|[from] Stealth Rock
|
|-heal|p2a: Vaporeon|224\/449|[from] item: Leftovers
|turn|25
|
|move|p2a: Vaporeon|Protect|p2a: Vaporeon
|-singleturn|p2a: Vaporeon|Protect
|move|p1a: Rotom-Heat|Thunderbolt|p2a: Vaporeon
|-activate|p2a: Vaporeon|Protect
|
|-heal|p2a: Vaporeon|252\/449|[from] item: Leftovers
|turn|26
|
|move|p1a: Rotom-Heat|Thunderbolt|p2a: Vaporeon
|-supereffective|p2a: Vaporeon
|-damage|p2a: Vaporeon|0 fnt
|faint|p2a: Vaporeon
|
|
|switch|p2a: Gligar|Gligar, F|81\/334 tox
|-damage|p2a: Gligar|40\/334 tox|[from] Stealth Rock
|turn|27
|
|switch|p1a: Forretress|Forretress, F|92\/354
|-damage|p1a: Forretress|48\/354|[from] Stealth Rock
|move|p2a: Gligar|Defog|p1a: Forretress
|-unboost|p1a: Forretress|evasion|1
|-sideend|p1: shams713|Stealth Rock|[from] move: Defog|[of] p1a: Forretress
|-sideend|p2: dynamic test|Stealth Rock|[from] move: Defog|[of] p2a: Gligar
|
|-heal|p1a: Forretress|70\/354|[from] item: Leftovers
|-damage|p2a: Gligar|20\/334 tox|[from] psn
|turn|28
|
|switch|p2a: Jirachi|Jirachi, shiny|327\/341
|move|p1a: Forretress|Stealth Rock|p2a: Jirachi
|-sidestart|p2: dynamic test|move: Stealth Rock
|
|-heal|p2a: Jirachi|341\/341|[from] item: Leftovers
|-heal|p1a: Forretress|92\/354|[from] item: Leftovers
|turn|29
|
|move|p2a: Jirachi|Calm Mind|p2a: Jirachi
|-boost|p2a: Jirachi|spa|1
|-boost|p2a: Jirachi|spd|1
|move|p1a: Forretress|Volt Switch|p2a: Jirachi
|-damage|p2a: Jirachi|316\/341
|
|switch|p1a: Rotom-Heat|Rotom-Heat|181\/241
|
|-heal|p2a: Jirachi|337\/341|[from] item: Leftovers
|turn|30
|
|move|p2a: Jirachi|Calm Mind|p2a: Jirachi
|-boost|p2a: Jirachi|spa|1
|-boost|p2a: Jirachi|spd|1
|move|p1a: Rotom-Heat|Overheat|p2a: Jirachi|[miss]
|-miss|p1a: Rotom-Heat|p2a: Jirachi
|
|-heal|p2a: Jirachi|341\/341|[from] item: Leftovers
|turn|31
|
|move|p2a: Jirachi|Psyshock|p1a: Rotom-Heat
|-damage|p1a: Rotom-Heat|0 fnt
|faint|p1a: Rotom-Heat
|
|
|switch|p1a: Toxicroak|Toxicroak, F|334\/334
|turn|32
|
|move|p2a: Jirachi|Psyshock|p1a: Toxicroak
|-supereffective|p1a: Toxicroak
|-enditem|p1a: Toxicroak|Focus Sash
|-damage|p1a: Toxicroak|1\/334
|move|p1a: Toxicroak|Swords Dance|p1a: Toxicroak
|-boost|p1a: Toxicroak|atk|2
|
|turn|33
|
|switch|p2a: Granbull|Granbull, M|384\/384
|-damage|p2a: Granbull|336\/384|[from] Stealth Rock
|-ability|p2a: Granbull|Intimidate|[of] p1a: Toxicroak
|-unboost|p1a: Toxicroak|atk|1
|move|p1a: Toxicroak|Sucker Punch|p2a: Granbull
|-fail|p2a: Granbull
|
|-heal|p2a: Granbull|360\/384|[from] item: Leftovers
|turn|34
|
|switch|p2a: Gligar|Gligar, F|20\/334 tox
|-damage|p2a: Gligar|0 fnt|[from] Stealth Rock
|faint|p2a: Gligar
|move|p1a: Toxicroak|Gunk Shot|p2: Gligar|[notarget]
|-notarget
|
|
|switch|p2a: Virizion|Virizion|324\/324
|-damage|p2a: Virizion|304\/324|[from] Stealth Rock
|turn|35
|
|switch|p1a: Forretress|Forretress, F|92\/354
|move|p2a: Virizion|Leaf Blade|p1a: Forretress
|-resisted|p1a: Forretress
|-damage|p1a: Forretress|75\/354
|
|-heal|p1a: Forretress|97\/354|[from] item: Leftovers
|turn|36
|
|move|p2a: Virizion|Close Combat|p1a: Forretress
|-damage|p1a: Forretress|0 fnt
|-unboost|p2a: Virizion|def|1
|-unboost|p2a: Virizion|spd|1
|faint|p1a: Forretress
|
|
|switch|p1a: Aerodactyl|Aerodactyl, F|302\/302
|-ability|p1a: Aerodactyl|Unnerve|p2: dynamic test
|turn|37
|
|switch|p2a: Granbull|Granbull, M|360\/384
|-damage|p2a: Granbull|312\/384|[from] Stealth Rock
|-ability|p2a: Granbull|Intimidate|[of] p1a: Aerodactyl
|-unboost|p1a: Aerodactyl|atk|1
|detailschange|p1a: Aerodactyl|Aerodactyl-Mega, F
|message|Aerodactyl has Mega Evolved into Mega Aerodactyl!
|move|p1a: Aerodactyl|Hone Claws|p1a: Aerodactyl
|-boost|p1a: Aerodactyl|atk|1
|-boost|p1a: Aerodactyl|accuracy|1
|
|-heal|p2a: Granbull|336\/384|[from] item: Leftovers
|turn|38
|
|move|p1a: Aerodactyl|Hone Claws|p1a: Aerodactyl
|-boost|p1a: Aerodactyl|atk|1
|-boost|p1a: Aerodactyl|accuracy|1
|move|p2a: Granbull|Play Rough|p1a: Aerodactyl
|-damage|p1a: Aerodactyl|152\/302
|
|-heal|p2a: Granbull|360\/384|[from] item: Leftovers
|turn|39
|
|move|p1a: Aerodactyl|Stone Edge|p2a: Granbull
|-damage|p2a: Granbull|137\/384
|move|p2a: Granbull|Play Rough|p1a: Aerodactyl
|-damage|p1a: Aerodactyl|7\/302
|
|-heal|p2a: Granbull|161\/384|[from] item: Leftovers
|turn|40
|
|switch|p2a: Aerodactyl|Aerodactyl-Mega, F|79\/327
|-damage|p2a: Aerodactyl|0 fnt|[from] Stealth Rock
|faint|p2a: Aerodactyl
|move|p1a: Aerodactyl|Stone Edge|p2: Aerodactyl|[notarget]
|-notarget
|
|
|switch|p2a: Granbull|Granbull, M|161\/384
|-damage|p2a: Granbull|113\/384|[from] Stealth Rock
|-ability|p2a: Granbull|Intimidate|[of] p1a: Aerodactyl
|-unboost|p1a: Aerodactyl|atk|1
|turn|41
|
|move|p1a: Aerodactyl|Aerial Ace|p2a: Granbull
|-damage|p2a: Granbull|0 fnt
|faint|p2a: Granbull
|
|
|switch|p2a: Jirachi|Jirachi, shiny|341\/341
|-damage|p2a: Jirachi|320\/341|[from] Stealth Rock
|turn|42
|
|switch|p1a: Suicune|Suicune|404\/404
|-ability|p1a: Suicune|Pressure
|move|p2a: Jirachi|Psyshock|p1a: Suicune
|-damage|p1a: Suicune|319\/404
|
|-heal|p2a: Jirachi|341\/341|[from] item: Leftovers
|-heal|p1a: Suicune|344\/404|[from] item: Leftovers
|turn|43
|
|move|p2a: Jirachi|Calm Mind|p2a: Jirachi
|-boost|p2a: Jirachi|spa|1
|-boost|p2a: Jirachi|spd|1
|move|p1a: Suicune|Scald|p2a: Jirachi
|-damage|p2a: Jirachi|278\/341
|-status|p2a: Jirachi|brn
|
|-heal|p2a: Jirachi|299\/341 brn|[from] item: Leftovers
|-heal|p1a: Suicune|369\/404|[from] item: Leftovers
|-damage|p2a: Jirachi|257\/341 brn|[from] brn
|turn|44
|
|move|p2a: Jirachi|Calm Mind|p2a: Jirachi
|-boost|p2a: Jirachi|spa|1
|-boost|p2a: Jirachi|spd|1
|move|p1a: Suicune|Scald|p2a: Jirachi
|-damage|p2a: Jirachi|212\/341 brn
|
|-heal|p2a: Jirachi|233\/341 brn|[from] item: Leftovers
|-heal|p1a: Suicune|394\/404|[from] item: Leftovers
|-damage|p2a: Jirachi|191\/341 brn|[from] brn
|turn|45
|
|move|p2a: Jirachi|Calm Mind|p2a: Jirachi
|-boost|p2a: Jirachi|spa|1
|-boost|p2a: Jirachi|spd|1
|move|p1a: Suicune|Scald|p2a: Jirachi
|-damage|p2a: Jirachi|157\/341 brn
|
|-heal|p2a: Jirachi|178\/341 brn|[from] item: Leftovers
|-heal|p1a: Suicune|404\/404|[from] item: Leftovers
|-damage|p2a: Jirachi|136\/341 brn|[from] brn
|turn|46
|
|switch|p1a: Toxicroak|Toxicroak, F|1\/334
|move|p2a: Jirachi|Psyshock|p1a: Toxicroak
|-supereffective|p1a: Toxicroak
|-damage|p1a: Toxicroak|0 fnt
|faint|p1a: Toxicroak
|
|-heal|p2a: Jirachi|157\/341 brn|[from] item: Leftovers
|-damage|p2a: Jirachi|115\/341 brn|[from] brn
|
|switch|p1a: Aerodactyl|Aerodactyl-Mega, F|7\/302
|turn|47
|c|âshams713|gg
|
|move|p1a: Aerodactyl|Earthquake|p2a: Jirachi
|-supereffective|p2a: Jirachi
|-damage|p2a: Jirachi|0 fnt
|faint|p2a: Jirachi
|
|
|switch|p2a: Virizion|Virizion|304\/324
|-damage|p2a: Virizion|284\/324|[from] Stealth Rock
|turn|48
|
|move|p1a: Aerodactyl|Aerial Ace|p2a: Virizion
|-supereffective|p2a: Virizion
|-damage|p2a: Virizion|0 fnt
|faint|p2a: Virizion
|
|win|shams713
|raw|Ladder updating...
|raw|shams713's rating: 1592 &rarr; <strong>1615<\/strong><br \/>(+23 for winning)
|raw|dynamic test's rating: 1633 &rarr; <strong>1611<\/strong><br \/>(-22 for losing)
|leave|dynamic test
|player|p2