|join|dudman
|join|shams713
|player|p1|dudman|171
|player|p2|shams713|180
|gametype|singles
|gen|6
|tier|UU
|rated
|rule|Sleep Clause Mod: Limit one foe put to sleep
|rule|Species Clause: Limit one of each PokÃ©mon
|rule|OHKO Clause: OHKO moves are banned
|rule|Moody Clause: Moody is banned
|rule|Evasion Moves Clause: Evasion moves are banned
|rule|Endless Battle Clause: Forcing endless battles is banned
|rule|HP Percentage Mod: HP is shown in percentages
|clearpoke
|poke|p1|Empoleon, M
|poke|p1|Jirachi, shiny
|poke|p1|Blastoise, F
|poke|p1|Krookodile, M
|poke|p1|Goodra, M
|poke|p1|Mienshao, F
|poke|p2|Entei, shiny
|poke|p2|Krookodile, M
|poke|p2|Florges, F
|poke|p2|Forretress, F
|poke|p2|Blastoise, F
|poke|p2|Roserade, M
|rule|Swagger Clause: Swagger is banned
|rule|Baton Pass Clause: Limit one PokÃ©mon knowing Baton Pass
|teampreview
|
|start
|switch|p1a: Krookodile|Krookodile, M|394\/394
|switch|p2a: Krookodile|Krookodile, M|331\/331
|-ability|p2a: Krookodile|Intimidate|[of] p1a: Krookodile
|-unboost|p1a: Krookodile|atk|1
|-ability|p1a: Krookodile|Intimidate|[of] p2a: Krookodile
|-unboost|p2a: Krookodile|atk|1
|turn|1
|
|move|p2a: Krookodile|Knock Off|p1a: Krookodile
|-resisted|p1a: Krookodile
|-damage|p1a: Krookodile|334\/394
|-enditem|p1a: Krookodile|Leftovers|[from] move: Knock Off|[of] p2a: Krookodile
|move|p1a: Krookodile|Knock Off|p2a: Krookodile
|-resisted|p2a: Krookodile
|-damage|p2a: Krookodile|273\/331
|-enditem|p2a: Krookodile|Choice Scarf|[from] move: Knock Off|[of] p1a: Krookodile
|
|turn|2
|
|switch|p2a: Roserade|Roserade, M|262\/262
|move|p1a: Krookodile|Stealth Rock|p2a: Roserade
|-sidestart|p2: shams713|move: Stealth Rock
|
|turn|3
|
|switch|p1a: Goodra|Goodra, M|352\/352
|move|p2a: Roserade|Leaf Storm|p1a: Goodra
|-boost|p1a: Goodra|atk|1|[from] ability: Sap Sipper
|
|turn|4
|
|switch|p2a: Florges|Florges, F|360\/360
|-damage|p2a: Florges|315\/360|[from] Stealth Rock
|move|p1a: Goodra|Earthquake|p2a: Florges
|-damage|p2a: Florges|0 fnt
|faint|p2a: Florges
|
|
|switch|p2a: Krookodile|Krookodile, M|273\/331
|-damage|p2a: Krookodile|253\/331|[from] Stealth Rock
|-ability|p2a: Krookodile|Intimidate|[of] p1a: Goodra
|-unboost|p1a: Goodra|atk|1
|turn|5
|
|switch|p1a: Krookodile|Krookodile, M|334\/394
|-ability|p1a: Krookodile|Intimidate|[of] p2a: Krookodile
|-unboost|p2a: Krookodile|atk|1
|move|p2a: Krookodile|Knock Off|p1a: Krookodile
|-resisted|p1a: Krookodile
|-damage|p1a: Krookodile|289\/394
|
|turn|6
|
|move|p2a: Krookodile|Earthquake|p1a: Krookodile
|-damage|p1a: Krookodile|151\/394
|move|p1a: Krookodile|Earthquake|p2a: Krookodile
|-crit|p2a: Krookodile
|-damage|p2a: Krookodile|0 fnt
|faint|p2a: Krookodile
|
|-message|shams713 forfeited.
|
|win|dudman
|raw|Ladder updating...
|leave|shams713
|player|p2
|raw|dudman's rating: 1651 &rarr; <strong>1662<\/strong><br \/>(+11 for winning)
|raw|shams713's rating: 1484 &rarr; <strong>1473<\/strong><br \/>(-11 for losing)