|join|shams713
|join|Bl153
|player|p1|shams713|180
|player|p2|Bl153|101
|gametype|singles
|gen|6
|tier|UU
|rated
|rule|Sleep Clause Mod: Limit one foe put to sleep
|rule|Species Clause: Limit one of each PokÃ©mon
|rule|OHKO Clause: OHKO moves are banned
|rule|Moody Clause: Moody is banned
|rule|Evasion Moves Clause: Evasion moves are banned
|rule|Endless Battle Clause: Forcing endless battles is banned
|rule|HP Percentage Mod: HP is shown in percentages
|clearpoke
|poke|p1|Mienshao, M
|poke|p1|Blastoise, M
|poke|p1|Shaymin
|poke|p1|Darmanitan, F
|poke|p1|Alakazam, F
|poke|p1|Crobat, M
|poke|p2|Florges, F
|poke|p2|Blastoise, M
|poke|p2|Mienshao, F
|poke|p2|Metagross
|poke|p2|Darmanitan, M
|poke|p2|Nidoking, M
|rule|Swagger Clause: Swagger is banned
|rule|Baton Pass Clause: Limit one PokÃ©mon knowing Baton Pass
|teampreview
|c|âBl153|gl hf
|c|âshams713|you to
|
|start
|switch|p1a: Mienshao|Mienshao, M|271\/271
|switch|p2a: Mienshao|Mienshao, F|271\/271
|turn|1
|
|move|p2a: Mienshao|U-turn|p1a: Mienshao
|-resisted|p1a: Mienshao
|-damage|p1a: Mienshao|215\/271
|
|switch|p2a: Florges|Florges, F|359\/359
|move|p1a: Mienshao|High Jump Kick|p2a: Florges|[miss]
|-miss|p1a: Mienshao|p2a: Florges
|-damage|p1a: Mienshao|80\/271|[from] highjumpkick
|
|turn|2
|c|âBl153|sorry :\/
|
|switch|p1a: Darmanitan|Darmanitan, F|351\/351
|move|p2a: Florges|Wish|p2a: Florges
|
|turn|3
|
|switch|p2a: Blastoise|Blastoise, M|361\/361
|move|p1a: Darmanitan|Flare Blitz|p2a: Blastoise
|-resisted|p2a: Blastoise
|-damage|p2a: Blastoise|174\/361
|-damage|p1a: Darmanitan|289\/351|[from] recoil|[of] p2a: Blastoise
|
|-heal|p2a: Blastoise|353\/361|[from] move: Wish|[wisher] Florges
|turn|4
|
|switch|p1a: Shaymin|Shaymin|404\/404
|detailschange|p2a: Blastoise|Blastoise-Mega, M
|message|Blastoise has Mega Evolved into Mega Blastoise!
|move|p2a: Blastoise|Ice Beam|p1a: Shaymin
|-supereffective|p1a: Shaymin
|-damage|p1a: Shaymin|206\/404
|
|turn|5
|
|switch|p2a: Metagross|Metagross|355\/355
|move|p1a: Shaymin|Seed Flare|p2a: Metagross
|-resisted|p2a: Metagross
|-damage|p2a: Metagross|215\/355
|-damage|p1a: Shaymin|166\/404|[from] item: Life Orb
|
|-heal|p2a: Metagross|237\/355|[from] item: Leftovers
|turn|6
|
|switch|p2a: Mienshao|Mienshao, F|271\/271
|move|p1a: Shaymin|Rest|p1a: Shaymin
|-status|p1a: Shaymin|slp
|-heal|p1a: Shaymin|404\/404 slp|[silent]
|-status|p1a: Shaymin|slp|[from] move: Rest
|
|turn|7
|
|switch|p1a: Crobat|Crobat, M|311\/311
|move|p2a: Mienshao|U-turn|p1a: Crobat
|-resisted|p1a: Crobat
|-damage|p1a: Crobat|289\/311
|
|switch|p2a: Nidoking|Nidoking, M|303\/303
|
|turn|8
|
|move|p1a: Crobat|Brave Bird|p2a: Nidoking
|-damage|p2a: Nidoking|0 fnt
|-damage|p1a: Crobat|189\/311|[from] recoil|[of] p2a: Nidoking
|faint|p2a: Nidoking
|
|
|switch|p2a: Metagross|Metagross|237\/355
|turn|9
|
|switch|p1a: Blastoise|Blastoise, M|362\/362
|move|p2a: Metagross|Grass Knot|p1a: Blastoise
|-supereffective|p1a: Blastoise
|-damage|p1a: Blastoise|242\/362
|
|-heal|p2a: Metagross|259\/355|[from] item: Leftovers
|turn|10
|
|switch|p2a: Florges|Florges, F|359\/359
|detailschange|p1a: Blastoise|Blastoise-Mega, M
|message|Blastoise has Mega Evolved into Mega Blastoise!
|move|p1a: Blastoise|Water Pulse|p2a: Florges
|-damage|p2a: Florges|244\/359
|-start|p2a: Florges|confusion
|
|-heal|p2a: Florges|266\/359|[from] item: Leftovers
|turn|11
|
|switch|p1a: Crobat|Crobat, M|189\/311
|switch|p2a: Blastoise|Blastoise-Mega, M|353\/361
|
|turn|12
|
|move|p1a: Crobat|U-turn|p2a: Blastoise
|-damage|p2a: Blastoise|276\/361
|
|switch|p1a: Shaymin|Shaymin|404\/404
|move|p2a: Blastoise|Ice Beam|p1a: Shaymin
|-supereffective|p1a: Shaymin
|-damage|p1a: Shaymin|232\/404
|-status|p1a: Shaymin|frz
|
|turn|13
|
|switch|p2a: Darmanitan|Darmanitan, M|355\/355
|cant|p1a: Shaymin|frz
|
|turn|14
|
|switch|p1a: Blastoise|Blastoise-Mega, M|242\/362
|move|p2a: Darmanitan|Flare Blitz|p1a: Blastoise
|-resisted|p1a: Blastoise
|-damage|p1a: Blastoise|50\/362
|-damage|p2a: Darmanitan|292\/355|[from] recoil|[of] p1a: Blastoise
|
|turn|15
|
|move|p2a: Darmanitan|Flare Blitz|p1a: Blastoise
|-resisted|p1a: Blastoise
|-damage|p1a: Blastoise|0 fnt
|-damage|p2a: Darmanitan|275\/355|[from] recoil|[of] p1a: Blastoise
|faint|p1a: Blastoise
|
|
|switch|p1a: Mienshao|Mienshao, M|80\/271
|turn|16
|
|switch|p2a: Florges|Florges, F|266\/359
|move|p1a: Mienshao|High Jump Kick|p2a: Florges
|-resisted|p2a: Florges
|-damage|p2a: Florges|134\/359
|
|-heal|p2a: Florges|156\/359|[from] item: Leftovers
|turn|17
|
|switch|p1a: Crobat|Crobat, M|189\/311
|move|p2a: Florges|Wish|p2a: Florges
|
|-heal|p2a: Florges|178\/359|[from] item: Leftovers
|turn|18
|
|move|p2a: Florges|Protect|p2a: Florges
|-singleturn|p2a: Florges|Protect
|move|p1a: Crobat|Brave Bird|p2a: Florges
|-activate|p2a: Florges|Protect
|
|-heal|p2a: Florges|357\/359|[from] move: Wish|[wisher] Florges
|-heal|p2a: Florges|359\/359|[from] item: Leftovers
|turn|19
|
|switch|p2a: Metagross|Metagross|259\/355
|move|p1a: Crobat|Brave Bird|p2a: Metagross
|-resisted|p2a: Metagross
|-damage|p2a: Metagross|157\/355
|-damage|p1a: Crobat|155\/311|[from] recoil|[of] p2a: Metagross
|
|-heal|p2a: Metagross|179\/355|[from] item: Leftovers
|turn|20
|
|switch|p1a: Shaymin|Shaymin|232\/404
|move|p2a: Metagross|Stealth Rock|p1a: Shaymin
|-sidestart|p1: shams713|move: Stealth Rock
|
|-heal|p2a: Metagross|201\/355|[from] item: Leftovers
|turn|21
|
|switch|p2a: Florges|Florges, F|359\/359
|move|p1a: Shaymin|Earth Power|p2a: Florges
|-damage|p2a: Florges|271\/359
|-unboost|p2a: Florges|spd|1
|-damage|p1a: Shaymin|192\/404|[from] item: Life Orb
|
|-heal|p2a: Florges|293\/359|[from] item: Leftovers
|turn|22
|
|move|p2a: Florges|Protect|p2a: Florges
|-singleturn|p2a: Florges|Protect
|move|p1a: Shaymin|Seed Flare|p2a: Florges
|-activate|p2a: Florges|Protect
|
|-heal|p2a: Florges|315\/359|[from] item: Leftovers
|turn|23
|
|switch|p2a: Metagross|Metagross|201\/355
|move|p1a: Shaymin|Seed Flare|p2a: Metagross|[miss]
|-miss|p1a: Shaymin|p2a: Metagross
|
|-heal|p2a: Metagross|223\/355|[from] item: Leftovers
|turn|24
|
|switch|p2a: Florges|Florges, F|315\/359
|move|p1a: Shaymin|Seed Flare|p2a: Florges
|-damage|p2a: Florges|124\/359
|-unboost|p2a: Florges|spd|2
|-damage|p1a: Shaymin|152\/404|[from] item: Life Orb
|
|-heal|p2a: Florges|146\/359|[from] item: Leftovers
|turn|25
|
|move|p2a: Florges|Protect|p2a: Florges
|-singleturn|p2a: Florges|Protect
|move|p1a: Shaymin|Seed Flare|p2a: Florges
|-activate|p2a: Florges|Protect
|
|-heal|p2a: Florges|168\/359|[from] item: Leftovers
|turn|26
|
|move|p1a: Shaymin|Seed Flare|p2a: Florges
|-damage|p2a: Florges|0 fnt
|-damage|p1a: Shaymin|112\/404|[from] item: Life Orb
|faint|p2a: Florges
|
|
|switch|p2a: Mienshao|Mienshao, F|271\/271
|turn|27
|
|move|p2a: Mienshao|Knock Off|p1a: Shaymin
|-damage|p1a: Shaymin|0 fnt
|-enditem|p1a: Shaymin|Life Orb|[from] move: Knock Off|[of] p2a: Mienshao
|faint|p1a: Shaymin
|
|
|switch|p1a: Alakazam|Alakazam, F|252\/252
|turn|28
|
|switch|p2a: Metagross|Metagross|223\/355
|move|p1a: Alakazam|Psyshock|p2a: Metagross
|-resisted|p2a: Metagross
|-damage|p2a: Metagross|196\/355
|
|-heal|p2a: Metagross|218\/355|[from] item: Leftovers
|turn|29
|
|switch|p1a: Darmanitan|Darmanitan, F|289\/351
|-damage|p1a: Darmanitan|202\/351|[from] Stealth Rock
|move|p2a: Metagross|Meteor Mash|p1a: Darmanitan
|-resisted|p1a: Darmanitan
|-damage|p1a: Darmanitan|73\/351
|
|-heal|p2a: Metagross|240\/355|[from] item: Leftovers
|turn|30
|
|switch|p2a: Blastoise|Blastoise-Mega, M|276\/361
|move|p1a: Darmanitan|Flare Blitz|p2a: Blastoise
|-resisted|p2a: Blastoise
|-damage|p2a: Blastoise|127\/361
|-damage|p1a: Darmanitan|24\/351|[from] recoil|[of] p2a: Blastoise
|
|turn|31
|
|move|p1a: Darmanitan|Flare Blitz|p2a: Blastoise
|-resisted|p2a: Blastoise
|-damage|p2a: Blastoise|0 fnt
|-damage|p1a: Darmanitan|0 fnt|[from] recoil|[of] p2a: Blastoise
|faint|p2a: Blastoise
|faint|p1a: Darmanitan
|
|
|switch|p2a: Mienshao|Mienshao, F|271\/271
|switch|p1a: Alakazam|Alakazam, F|252\/252
|turn|32
|
|move|p2a: Mienshao|U-turn|p1a: Alakazam
|-supereffective|p1a: Alakazam
|-enditem|p1a: Alakazam|Focus Sash
|-damage|p1a: Alakazam|1\/252
|
|switch|p2a: Metagross|Metagross|240\/355
|move|p1a: Alakazam|Shadow Ball|p2a: Metagross
|-supereffective|p2a: Metagross
|-damage|p2a: Metagross|42\/355
|
|-heal|p2a: Metagross|64\/355|[from] item: Leftovers
|turn|33
|
|move|p1a: Alakazam|Shadow Ball|p2a: Metagross
|-crit|p2a: Metagross
|-supereffective|p2a: Metagross
|-damage|p2a: Metagross|0 fnt
|faint|p2a: Metagross
|
|
|switch|p2a: Mienshao|Mienshao, F|271\/271
|turn|34
|c|âBl153|I love your team BTW very Offensive :]
|c|âshams713|thanks
|
|move|p2a: Mienshao|Knock Off|p1a: Alakazam
|-supereffective|p1a: Alakazam
|-damage|p1a: Alakazam|0 fnt
|faint|p1a: Alakazam
|
|
|switch|p1a: Mienshao|Mienshao, M|80\/271
|-damage|p1a: Mienshao|64\/271|[from] Stealth Rock
|turn|35
|
|switch|p2a: Darmanitan|Darmanitan, M|275\/355
|move|p1a: Mienshao|High Jump Kick|p2a: Darmanitan
|-damage|p2a: Darmanitan|0 fnt
|faint|p2a: Darmanitan
|
|
|switch|p2a: Mienshao|Mienshao, F|271\/271
|turn|36
|
|move|p1a: Mienshao|High Jump Kick|p2a: Mienshao
|-damage|p2a: Mienshao|0 fnt
|faint|p2a: Mienshao
|
|win|shams713
|raw|Ladder updating...
|raw|shams713's rating: 1522 &rarr; <strong>1538<\/strong><br \/>(+16 for winning)
|raw|Bl153's rating: 1448 &rarr; <strong>1432<\/strong><br \/>(-16 for losing)
|c|âshams713|gg
|c|âBl153|gg...
|c|âshams713|that speed tie
|leave|shams713
|player|p1