|join|shams713
|join|Haxxhatred
|player|p1|shams713|170
|player|p2|Haxxhatred|169
|gametype|singles
|gen|6
|tier|UU
|rated
|rule|Sleep Clause Mod: Limit one foe put to sleep
|rule|Species Clause: Limit one of each Pokemon
|rule|OHKO Clause: OHKO moves are banned
|rule|Moody Clause: Moody is banned
|rule|Evasion Moves Clause: Evasion moves are banned
|rule|Endless Battle Clause: Forcing endless battles is banned.
|rule|HP Percentage Mod: HP is reported as percentages
|clearpoke
|poke|p1|Volcarona, F, shiny
|poke|p1|Azelf, shiny
|poke|p1|Blastoise, F, shiny
|poke|p1|Florges, F
|poke|p1|Toxicroak, F, shiny
|poke|p1|Alakazam, F
|poke|p2|Emboar, F
|poke|p2|Druddigon, F
|poke|p2|Mismagius, M
|poke|p2|Skuntank, M
|poke|p2|Aerodactyl, M, shiny
|poke|p2|Noivern, M
|teampreview
|
|start
|switch|p1a: Azelf|Azelf, shiny|291\/291
|switch|p2a: Noivern|Noivern, M|315\/315
|turn|1
|
|move|p2a: Noivern|Taunt|p1a: Azelf
|-start|p1a: Azelf|move: Taunt
|cant|p1a: Azelf|move: Taunt|Stealth Rock
|
|turn|2
|
|switch|p2a: Mismagius|Mismagius, M|321\/321
|move|p1a: Azelf|Explosion|p2a: Mismagius
|-immune|p2a: Mismagius|[msg]
|faint|p1a: Azelf
|
|
|switch|p1a: Blastoise|Blastoise, F, shiny|362\/362
|turn|3
|chat|shams713|lol
|
|switch|p2a: Skuntank|Skuntank, M|354\/354
|detailschange|p1a: Blastoise|Blastoise-Mega, F, shiny
|message|Blastoise has Mega Evolved into Mega Blastoise!
|move|p1a: Blastoise|Dark Pulse|p2a: Skuntank
|-resisted|p2a: Skuntank
|-damage|p2a: Skuntank|237\/354
|
|turn|4
|
|move|p2a: Skuntank|Explosion|p1a: Blastoise
|-damage|p1a: Blastoise|64\/362
|faint|p2a: Skuntank
|move|p1a: Blastoise|Water Pulse|p2: Skuntank|[notarget]
|-notarget
|
|
|switch|p2a: Mismagius|Mismagius, M|321\/321
|turn|5
|
|switch|p1a: Florges|Florges, F|360\/360
|move|p2a: Mismagius|Shadow Ball|p1a: Florges
|-damage|p1a: Florges|290\/360
|
|-heal|p1a: Florges|312\/360|[from] item: Leftovers
|turn|6
|
|move|p2a: Mismagius|Taunt|p1a: Florges
|-start|p1a: Florges|move: Taunt
|move|p1a: Florges|Moonblast|p2a: Mismagius
|-damage|p2a: Mismagius|203\/321
|
|-heal|p2a: Mismagius|223\/321|[from] item: Leftovers
|-heal|p1a: Florges|334\/360|[from] item: Leftovers
|turn|7
|
|move|p2a: Mismagius|Will-O-Wisp|p1a: Florges|[miss]
|-miss|p2a: Mismagius|p1a: Florges
|move|p1a: Florges|Moonblast|p2a: Mismagius
|-damage|p2a: Mismagius|96\/321
|
|-heal|p2a: Mismagius|116\/321|[from] item: Leftovers
|-heal|p1a: Florges|356\/360|[from] item: Leftovers
|turn|8
|
|move|p2a: Mismagius|Pain Split|p1a: Florges
|-sethp|p1a: Florges|236\/360|p2a: Mismagius|236\/321|[from] move: Pain Split
|move|p1a: Florges|Moonblast|p2a: Mismagius
|-damage|p2a: Mismagius|110\/321
|-unboost|p2a: Mismagius|spa|1
|
|-heal|p2a: Mismagius|130\/321|[from] item: Leftovers
|-heal|p1a: Florges|258\/360|[from] item: Leftovers
|-end|p1a: Florges|move: Taunt
|turn|9
|
|move|p2a: Mismagius|Will-O-Wisp|p1a: Florges
|-status|p1a: Florges|brn
|move|p1a: Florges|Wish|p1a: Florges
|
|-heal|p2a: Mismagius|150\/321|[from] item: Leftovers
|-heal|p1a: Florges|280\/360 brn|[from] item: Leftovers
|-damage|p1a: Florges|235\/360 brn|[from] brn
|turn|10
|
|move|p2a: Mismagius|Shadow Ball|p1a: Florges
|-damage|p1a: Florges|187\/360 brn
|-unboost|p1a: Florges|spd|1
|move|p1a: Florges|Moonblast|p2a: Mismagius
|-damage|p2a: Mismagius|41\/321
|-unboost|p2a: Mismagius|spa|1
|
|-heal|p1a: Florges|360\/360 brn|[from] move: Wish|[wisher] Florges
|-heal|p2a: Mismagius|61\/321|[from] item: Leftovers
|-damage|p1a: Florges|315\/360 brn|[from] brn
|turn|11
|
|switch|p1a: Blastoise|Blastoise-Mega, F, shiny|64\/362
|move|p2a: Mismagius|Pain Split|p1a: Blastoise
|-sethp|p1a: Blastoise|62\/362|p2a: Mismagius|62\/321|[from] move: Pain Split
|
|-heal|p2a: Mismagius|82\/321|[from] item: Leftovers
|turn|12
|
|move|p2a: Mismagius|Shadow Ball|p1a: Blastoise
|-damage|p1a: Blastoise|10\/362
|-unboost|p1a: Blastoise|spd|1
|move|p1a: Blastoise|Water Pulse|p2a: Mismagius
|-damage|p2a: Mismagius|0 fnt
|faint|p2a: Mismagius
|
|
|switch|p2a: Aerodactyl|Aerodactyl, M, shiny|305\/305
|-ability|p2a: Aerodactyl|Unnerve|p1: shams713
|turn|13
|
|detailschange|p2a: Aerodactyl|Aerodactyl-Mega, M, shiny
|message|Aerodactyl has Mega Evolved into Mega Aerodactyl!
|move|p2a: Aerodactyl|Aerial Ace|p1a: Blastoise
|-damage|p1a: Blastoise|0 fnt
|faint|p1a: Blastoise
|
|
|switch|p1a: Alakazam|Alakazam, F|252\/252
|turn|14
|
|move|p2a: Aerodactyl|Aerial Ace|p1a: Alakazam
|-enditem|p1a: Alakazam|Focus Sash
|-damage|p1a: Alakazam|1\/252
|move|p1a: Alakazam|Psyshock|p2a: Aerodactyl
|-damage|p2a: Aerodactyl|139\/305
|
|turn|15
|
|move|p2a: Aerodactyl|Aerial Ace|p1a: Alakazam
|-damage|p1a: Alakazam|0 fnt
|faint|p1a: Alakazam
|
|
|switch|p1a: Florges|Florges, F|315\/360 brn
|turn|16
|
|move|p2a: Aerodactyl|Stone Edge|p1a: Florges
|-damage|p1a: Florges|38\/360 brn
|move|p1a: Florges|Moonblast|p2a: Aerodactyl
|-damage|p2a: Aerodactyl|0 fnt
|faint|p2a: Aerodactyl
|
|-heal|p1a: Florges|60\/360 brn|[from] item: Leftovers
|-damage|p1a: Florges|15\/360 brn|[from] brn
|
|switch|p2a: Emboar|Emboar, F|363\/363
|turn|17
|
|move|p2a: Emboar|Sucker Punch|p1a: Florges
|-resisted|p1a: Florges
|-damage|p1a: Florges|0 fnt
|-damage|p2a: Emboar|327\/363|[from] item: Life Orb
|faint|p1a: Florges
|
|
|switch|p1a: Volcarona|Volcarona, F, shiny|374\/374
|turn|18
|
|move|p1a: Volcarona|Quiver Dance|p1a: Volcarona
|-boost|p1a: Volcarona|spa|1
|-boost|p1a: Volcarona|spd|1
|-boost|p1a: Volcarona|spe|1
|move|p2a: Emboar|Flare Blitz|p1a: Volcarona
|-damage|p1a: Volcarona|109\/374
|-damage|p2a: Emboar|240\/363|[from] recoil|[of] p1a: Volcarona
|-damage|p2a: Emboar|204\/363|[from] item: Life Orb
|
|-heal|p1a: Volcarona|132\/374|[from] item: Leftovers
|turn|19
|
|move|p1a: Volcarona|Hidden Power|p2a: Emboar
|-damage|p2a: Emboar|72\/363
|move|p2a: Emboar|Flare Blitz|p1a: Volcarona
|-damage|p1a: Volcarona|0 fnt
|-damage|p2a: Emboar|28\/363|[from] recoil|[of] p1a: Volcarona
|-damage|p2a: Emboar|0 fnt|[from] item: Life Orb
|faint|p1a: Volcarona
|faint|p2a: Emboar
|
|-message|shams713 forfeited.
|
|win|Haxxhatred
|raw|Ladder updating...
|raw|shams713's rating: 1434 &rarr; <strong>1408<\/strong><br \/>(-26 for losing)
|raw|Haxxhatred's rating: 1325 &rarr; <strong>1352<\/strong><br \/>(+27 for winning)
|leave|shams713
|player|p1