|join|shams713
|join|picklebunny420
|player|p1|shams713|180
|player|p2|picklebunny420|120
|gametype|singles
|gen|6
|tier|UU
|rated
|rule|Sleep Clause Mod: Limit one foe put to sleep
|rule|Species Clause: Limit one of each Pokemon
|rule|OHKO Clause: OHKO moves are banned
|rule|Moody Clause: Moody is banned
|rule|Evasion Moves Clause: Evasion moves are banned
|rule|Endless Battle Clause: Forcing endless battles is banned.
|rule|HP Percentage Mod: HP is reported as percentages
|clearpoke
|poke|p1|Shuckle, M
|poke|p1|Nidoking, M
|poke|p1|Honchkrow, F
|poke|p1|Blastoise, F
|poke|p1|Azelf
|poke|p1|Aggron, F
|poke|p2|Blissey, F
|poke|p2|Alakazam, M, shiny
|poke|p2|Infernape, F, shiny
|poke|p2|Aggron, M, shiny
|poke|p2|Empoleon, M, shiny
|poke|p2|Mienshao, F
|teampreview
|
|start
|switch|p1a: Shuckle|Shuckle, M|244\/244
|switch|p2a: Mienshao|Mienshao, F|271\/271
|turn|1
|
|move|p2a: Mienshao|Stone Edge|p1a: Shuckle
|-supereffective|p1a: Shuckle
|-damage|p1a: Shuckle|101\/244
|-damage|p2a: Mienshao|244\/271|[from] item: Life Orb
|move|p1a: Shuckle|Sticky Web|p2a: Mienshao
|-sidestart|p2: picklebunny420|move: Sticky Web
|
|turn|2
|
|move|p2a: Mienshao|U-turn|p1a: Shuckle
|-damage|p1a: Shuckle|54\/244
|-damage|p2a: Mienshao|217\/271|[from] item: Life Orb
|
|switch|p2a: Empoleon|Empoleon, M, shiny|352\/352
|-activate|p2a: Empoleon|move: Sticky Web
|-unboost|p2a: Empoleon|spe|1
|move|p1a: Shuckle|Stealth Rock|p2a: Empoleon
|-sidestart|p2: picklebunny420|move: Stealth Rock
|
|turn|3
|
|move|p2a: Empoleon|Defog|p1a: Shuckle
|-unboost|p1a: Shuckle|evasion|1
|-sideend|p2: picklebunny420|Stealth Rock|[from] move: Defog|[of] p2a: Empoleon
|-sideend|p2: picklebunny420|Sticky Web|[from] move: Defog|[of] p2a: Empoleon
|move|p1a: Shuckle|Encore|p2a: Empoleon
|-start|p2a: Empoleon|Encore
|
|turn|4
|
|switch|p2a: Aggron|Aggron, M, shiny|344\/344
|switch|p1a: Aggron|Aggron, F|282\/282
|
|turn|5
|
|switch|p1a: Shuckle|Shuckle, M|54\/244
|detailschange|p2a: Aggron|Aggron-Mega, M, shiny
|message|Aggron has Mega Evolved into Mega Aggron!
|move|p2a: Aggron|Earthquake|p1a: Shuckle
|-damage|p1a: Shuckle|10\/244
|
|turn|6
|
|move|p2a: Aggron|Iron Head|p1a: Shuckle
|-crit|p1a: Shuckle
|-supereffective|p1a: Shuckle
|-damage|p1a: Shuckle|0 fnt
|faint|p1a: Shuckle
|
|
|switch|p1a: Blastoise|Blastoise, F|362\/362
|turn|7
|
|switch|p2a: Blissey|Blissey, F|651\/651
|detailschange|p1a: Blastoise|Blastoise-Mega, F
|message|Blastoise has Mega Evolved into Mega Blastoise!
|move|p1a: Blastoise|Aura Sphere|p2a: Blissey
|-supereffective|p2a: Blissey
|-damage|p2a: Blissey|443\/651
|
|-heal|p2a: Blissey|483\/651|[from] item: Leftovers
|turn|8
|
|switch|p1a: Honchkrow|Honchkrow, F|341\/341
|move|p2a: Blissey|Wish|p2a: Blissey
|
|-heal|p2a: Blissey|523\/651|[from] item: Leftovers
|turn|9
|
|move|p1a: Honchkrow|Pursuit|p2a: Blissey|[from]Pursuit
|-damage|p2a: Blissey|186\/651
|-damage|p1a: Honchkrow|307\/341|[from] item: Life Orb
|switch|p2a: Aggron|Aggron-Mega, M, shiny|344\/344
|
|turn|10
|
|switch|p1a: Blastoise|Blastoise-Mega, F|362\/362
|move|p2a: Aggron|Thunder Wave|p1a: Blastoise
|-status|p1a: Blastoise|par
|
|turn|11
|
|switch|p2a: Blissey|Blissey, F|186\/651
|move|p1a: Blastoise|Aura Sphere|p2a: Blissey
|-supereffective|p2a: Blissey
|-damage|p2a: Blissey|0 fnt
|faint|p2a: Blissey
|
|
|switch|p2a: Infernape|Infernape, F, shiny|293\/293
|turn|12
|
|move|p2a: Infernape|Thunder Punch|p1a: Blastoise
|-crit|p1a: Blastoise
|-supereffective|p1a: Blastoise
|-damage|p1a: Blastoise|86\/362 par
|-damage|p2a: Infernape|264\/293|[from] item: Life Orb
|move|p1a: Blastoise|Water Pulse|p2a: Infernape
|-supereffective|p2a: Infernape
|-damage|p2a: Infernape|0 fnt
|faint|p2a: Infernape
|
|
|switch|p2a: Mienshao|Mienshao, F|271\/271
|turn|13
|
|move|p2a: Mienshao|U-turn|p1a: Blastoise
|-damage|p1a: Blastoise|0 fnt
|-damage|p2a: Mienshao|244\/271|[from] item: Life Orb
|faint|p1a: Blastoise
|
|switch|p2a: Empoleon|Empoleon, M, shiny|352\/352
|
|
|switch|p1a: Nidoking|Nidoking, M|304\/304
|turn|14
|
|move|p1a: Nidoking|Earth Power|p2a: Empoleon
|-supereffective|p2a: Empoleon
|-damage|p2a: Empoleon|0 fnt
|faint|p2a: Empoleon
|
|
|switch|p2a: Aggron|Aggron-Mega, M, shiny|344\/344
|turn|15
|
|move|p1a: Nidoking|Earth Power|p2a: Aggron
|-supereffective|p2a: Aggron
|-damage|p2a: Aggron|40\/344
|move|p2a: Aggron|Earthquake|p1a: Nidoking
|-supereffective|p1a: Nidoking
|-damage|p1a: Nidoking|56\/304
|
|turn|16
|
|move|p1a: Nidoking|Earth Power|p2a: Aggron
|-supereffective|p2a: Aggron
|-damage|p2a: Aggron|0 fnt
|faint|p2a: Aggron
|
|
|switch|p2a: Alakazam|Alakazam, M, shiny|252\/252
|turn|17
|
|move|p2a: Alakazam|Shadow Ball|p1a: Nidoking
|-damage|p1a: Nidoking|0 fnt
|faint|p1a: Nidoking
|
|
|switch|p1a: Honchkrow|Honchkrow, F|307\/341
|turn|18
|
|move|p1a: Honchkrow|Sucker Punch|p2a: Alakazam
|-supereffective|p2a: Alakazam
|-enditem|p2a: Alakazam|Focus Sash
|-damage|p2a: Alakazam|1\/252
|-damage|p1a: Honchkrow|273\/341|[from] item: Life Orb
|move|p2a: Alakazam|Focus Blast|p1a: Honchkrow|[miss]
|-miss|p2a: Alakazam|p1a: Honchkrow
|
|turn|19
|
|switch|p2a: Mienshao|Mienshao, F|271\/271
|move|p1a: Honchkrow|Sucker Punch|p2a: Mienshao
|-fail|p2a: Mienshao
|
|turn|20
|
|move|p2a: Mienshao|Stone Edge|p1a: Honchkrow
|-crit|p1a: Honchkrow
|-supereffective|p1a: Honchkrow
|-damage|p1a: Honchkrow|0 fnt
|-damage|p2a: Mienshao|244\/271|[from] item: Life Orb
|faint|p1a: Honchkrow
|
|
|switch|p1a: Azelf|Azelf|291\/291
|turn|21
|
|move|p2a: Mienshao|Knock Off|p1a: Azelf
|-supereffective|p1a: Azelf
|-damage|p1a: Azelf|0 fnt
|-damage|p2a: Mienshao|217\/271|[from] item: Life Orb
|faint|p1a: Azelf
|
|
|switch|p1a: Aggron|Aggron, F|282\/282
|turn|22
|
|move|p2a: Mienshao|High Jump Kick|p1a: Aggron
|-supereffective|p1a: Aggron
|-damage|p1a: Aggron|0 fnt
|-damage|p2a: Mienshao|190\/271|[from] item: Life Orb
|faint|p1a: Aggron
|
|win|picklebunny420
|raw|Ladder updating...
|leave|shams713
|player|p1