|join|shams713
|join|BFoxy
|player|p1|shams713|180
|player|p2|BFoxy|172
|gametype|singles
|gen|6
|tier|UU
|rated
|rule|Sleep Clause Mod: Limit one foe put to sleep
|rule|Species Clause: Limit one of each Pokemon
|rule|OHKO Clause: OHKO moves are banned
|rule|Moody Clause: Moody is banned
|rule|Evasion Moves Clause: Evasion moves are banned
|rule|Endless Battle Clause: Forcing endless battles is banned.
|rule|HP Percentage Mod: HP is reported as percentages
|clearpoke
|poke|p1|Shuckle, F
|poke|p1|Nidoking, M
|poke|p1|Honchkrow, M
|poke|p1|Blastoise, F
|poke|p1|Porygon-Z
|poke|p1|Volcarona, M
|poke|p2|Slowbro, M
|poke|p2|Florges, F
|poke|p2|Roserade, M
|poke|p2|Escavalier, M
|poke|p2|Aerodactyl, M, shiny
|poke|p2|Hippowdon, F
|teampreview
|
|start
|switch|p1a: Shuckle|Shuckle, F|244\/244
|switch|p2a: Petrie|Aerodactyl, M, shiny|361\/361
|turn|1
|
|detailschange|p2a: Petrie|Aerodactyl-Mega, M, shiny
|message|Aerodactyl has Mega Evolved into Mega Aerodactyl!
|move|p2a: Petrie|Aqua Tail|p1a: Shuckle
|-supereffective|p1a: Shuckle
|-damage|p1a: Shuckle|130\/244
|move|p1a: Shuckle|Stealth Rock|p2a: Petrie
|-sidestart|p2: BFoxy|move: Stealth Rock
|
|turn|2
|
|move|p2a: Petrie|Aqua Tail|p1a: Shuckle
|-supereffective|p1a: Shuckle
|-damage|p1a: Shuckle|10\/244
|move|p1a: Shuckle|Sticky Web|p2a: Petrie
|-sidestart|p2: BFoxy|move: Sticky Web
|
|turn|3
|
|move|p2a: Petrie|Aerial Ace|p1a: Shuckle
|-damage|p1a: Shuckle|0 fnt
|faint|p1a: Shuckle
|
|
|switch|p1a: Blastoise|Blastoise, F|362\/362
|turn|4
|
|switch|p2a: Freya|Florges, F|360\/360
|-damage|p2a: Freya|315\/360|[from] Stealth Rock
|-activate|p2a: Freya|move: Sticky Web
|-unboost|p2a: Freya|spe|1
|detailschange|p1a: Blastoise|Blastoise-Mega, F
|message|Blastoise has Mega Evolved into Mega Blastoise!
|move|p1a: Blastoise|Hydro Pump|p2a: Freya|[miss]
|-miss|p1a: Blastoise|p2a: Freya
|
|-heal|p2a: Freya|337\/360|[from] item: Leftovers
|turn|5
|
|switch|p1a: Nidoking|Nidoking, M|303\/303
|move|p2a: Freya|Moonblast|p1a: Nidoking
|-resisted|p1a: Nidoking
|-damage|p1a: Nidoking|231\/303
|-unboost|p1a: Nidoking|spa|1
|
|-heal|p2a: Freya|359\/360|[from] item: Leftovers
|turn|6
|
|move|p1a: Nidoking|Poison Jab|p2a: Freya
|-supereffective|p2a: Freya
|-damage|p2a: Freya|0 fnt
|faint|p2a: Freya
|
|
|switch|p2a: Petrie|Aerodactyl-Mega, M, shiny|361\/361
|-damage|p2a: Petrie|271\/361|[from] Stealth Rock
|turn|7
|
|switch|p1a: Blastoise|Blastoise-Mega, F|362\/362
|move|p2a: Petrie|Defog|p1a: Blastoise
|-unboost|p1a: Blastoise|evasion|1
|-sideend|p2: BFoxy|Stealth Rock|[from] move: Defog|[of] p2a: Petrie
|-sideend|p2: BFoxy|Sticky Web|[from] move: Defog|[of] p2a: Petrie
|
|turn|8
|
|switch|p2a: Highgarden|Roserade, M|261\/261
|move|p1a: Blastoise|Dark Pulse|p2a: Highgarden
|-damage|p2a: Highgarden|96\/261
|
|turn|9
|
|switch|p1a: Honchkrow|Honchkrow, M|341\/341
|move|p2a: Highgarden|Sleep Powder|p1a: Honchkrow
|-status|p1a: Honchkrow|slp
|
|turn|10
|
|cant|p1a: Honchkrow|slp
|move|p2a: Highgarden|Sludge Bomb|p1a: Honchkrow
|-damage|p1a: Honchkrow|12\/341 slp
|-damage|p2a: Highgarden|70\/261|[from] item: Life Orb
|
|turn|11
|
|switch|p1a: Nidoking|Nidoking, M|231\/303
|move|p2a: Highgarden|Giga Drain|p1a: Nidoking
|-damage|p1a: Nidoking|23\/303
|-heal|p2a: Highgarden|174\/261|[from] drain|[of] p1a: Nidoking
|-damage|p2a: Highgarden|148\/261|[from] item: Life Orb
|
|turn|12
|
|switch|p2a: Short Bus|Slowbro, M|393\/393
|switch|p1a: Volcarona|Volcarona, M|374\/374
|
|turn|13
|
|switch|p2a: Petrie|Aerodactyl-Mega, M, shiny|271\/361
|move|p1a: Volcarona|Quiver Dance|p1a: Volcarona
|-boost|p1a: Volcarona|spa|1
|-boost|p1a: Volcarona|spd|1
|-boost|p1a: Volcarona|spe|1
|
|turn|14
|
|switch|p1a: Blastoise|Blastoise-Mega, F|362\/362
|move|p2a: Petrie|Aqua Tail|p1a: Blastoise
|-resisted|p1a: Blastoise
|-damage|p1a: Blastoise|313\/362
|
|turn|15
|
|switch|p2a: KnightsOftheRound|Escavalier, M|343\/343
|move|p1a: Blastoise|Hydro Pump|p2a: KnightsOftheRound
|-damage|p2a: KnightsOftheRound|180\/343
|
|-heal|p2a: KnightsOftheRound|201\/343|[from] item: Leftovers
|turn|16
|
|switch|p1a: Honchkrow|Honchkrow, M|12\/341 slp
|move|p2a: KnightsOftheRound|Megahorn|p1a: Honchkrow
|-damage|p1a: Honchkrow|0 fnt
|faint|p1a: Honchkrow
|
|-heal|p2a: KnightsOftheRound|222\/343|[from] item: Leftovers
|
|switch|p1a: Nidoking|Nidoking, M|23\/303
|turn|17
|
|switch|p2a: Short Bus|Slowbro, M|393\/393
|move|p1a: Nidoking|Fire Punch|p2a: Short Bus
|-resisted|p2a: Short Bus
|-damage|p2a: Short Bus|344\/393
|-damage|p1a: Nidoking|0 fnt|[from] item: Rocky Helmet|[of] p2a: Short Bus
|faint|p1a: Nidoking
|
|
|switch|p1a: Porygon-Z|Porygon-Z|311\/311
|turn|18
|
|switch|p2a: Hungry Hungry|Hippowdon, F|417\/417
|-weather|Sandstorm
|move|p1a: Porygon-Z|Dark Pulse|p2a: Hungry Hungry
|-damage|p2a: Hungry Hungry|284\/417
|
|-weather|Sandstorm|[upkeep]
|-damage|p1a: Porygon-Z|292\/311|[from] sandstorm
|-heal|p2a: Hungry Hungry|310\/417|[from] item: Leftovers
|turn|19
|
|switch|p1a: Blastoise|Blastoise-Mega, F|313\/362
|move|p2a: Hungry Hungry|Earthquake|p1a: Blastoise
|-damage|p1a: Blastoise|192\/362
|
|-weather|Sandstorm|[upkeep]
|-damage|p1a: Blastoise|170\/362|[from] sandstorm
|-heal|p2a: Hungry Hungry|336\/417|[from] item: Leftovers
|turn|20
|
|switch|p2a: Short Bus|Slowbro, M|393\/393
|move|p1a: Blastoise|Hydro Pump|p2a: Short Bus
|-resisted|p2a: Short Bus
|-damage|p2a: Short Bus|267\/393
|
|-weather|Sandstorm|[upkeep]
|-damage|p1a: Blastoise|148\/362|[from] sandstorm
|-damage|p2a: Short Bus|243\/393|[from] sandstorm
|turn|21
|
|move|p1a: Blastoise|Dark Pulse|p2a: Short Bus
|-supereffective|p2a: Short Bus
|-damage|p2a: Short Bus|0 fnt
|faint|p2a: Short Bus
|
|-weather|Sandstorm|[upkeep]
|-damage|p1a: Blastoise|126\/362|[from] sandstorm
|
|switch|p2a: Highgarden|Roserade, M|148\/261
|turn|22
|
|move|p2a: Highgarden|Sludge Bomb|p1a: Blastoise
|-damage|p1a: Blastoise|0 fnt
|-damage|p2a: Highgarden|122\/261|[from] item: Life Orb
|faint|p1a: Blastoise
|
|-weather|none
|
|switch|p1a: Porygon-Z|Porygon-Z|292\/311
|turn|23
|
|switch|p2a: KnightsOftheRound|Escavalier, M|222\/343
|move|p1a: Porygon-Z|Tri Attack|p2a: KnightsOftheRound
|-resisted|p2a: KnightsOftheRound
|-damage|p2a: KnightsOftheRound|99\/343
|
|-heal|p2a: KnightsOftheRound|120\/343|[from] item: Leftovers
|turn|24
|
|move|p1a: Porygon-Z|Tri Attack|p2a: KnightsOftheRound
|-resisted|p2a: KnightsOftheRound
|-damage|p2a: KnightsOftheRound|0 fnt
|faint|p2a: KnightsOftheRound
|
|
|switch|p2a: Petrie|Aerodactyl-Mega, M, shiny|271\/361
|turn|25
|
|move|p2a: Petrie|Roost|p2a: Petrie
|-heal|p2a: Petrie|361\/361
|move|p1a: Porygon-Z|Tri Attack|p2a: Petrie
|-resisted|p2a: Petrie
|-damage|p2a: Petrie|187\/361
|
|turn|26
|
|move|p2a: Petrie|Aerial Ace|p1a: Porygon-Z
|-damage|p1a: Porygon-Z|121\/311
|move|p1a: Porygon-Z|Tri Attack|p2a: Petrie
|-resisted|p2a: Petrie
|-damage|p2a: Petrie|33\/361
|
|turn|27
|
|move|p2a: Petrie|Aerial Ace|p1a: Porygon-Z
|-damage|p1a: Porygon-Z|0 fnt
|faint|p1a: Porygon-Z
|
|
|switch|p1a: Volcarona|Volcarona, M|374\/374
|turn|28
|
|move|p2a: Petrie|Aqua Tail|p1a: Volcarona
|-supereffective|p1a: Volcarona
|-damage|p1a: Volcarona|6\/374
|move|p1a: Volcarona|Quiver Dance|p1a: Volcarona
|-boost|p1a: Volcarona|spa|1
|-boost|p1a: Volcarona|spd|1
|-boost|p1a: Volcarona|spe|1
|
|-heal|p1a: Volcarona|29\/374|[from] item: Leftovers
|turn|29
|
|move|p1a: Volcarona|Hidden Power|p2a: Petrie
|-supereffective|p2a: Petrie
|-damage|p2a: Petrie|0 fnt
|faint|p2a: Petrie
|
|-heal|p1a: Volcarona|52\/374|[from] item: Leftovers
|
|switch|p2a: Hungry Hungry|Hippowdon, F|336\/417
|-weather|Sandstorm
|turn|30
|
|move|p1a: Volcarona|Fiery Dance|p2a: Hungry Hungry
|-damage|p2a: Hungry Hungry|117\/417
|move|p2a: Hungry Hungry|Earthquake|p1a: Volcarona
|-damage|p1a: Volcarona|0 fnt
|faint|p1a: Volcarona
|
|win|BFoxy
|raw|Ladder updating...
|raw|shams713's rating: 1550 &rarr; <strong>1528<\/strong><br \/>(-22 for losing)
|raw|BFoxy's rating: 1523 &rarr; <strong>1544<\/strong><br \/>(+21 for winning)
|chat|shams713|mega areodactly is such a threat
|chat|shams713|gg
|leave|shams713
|player|p1