|join|shams713
|join|Sonic Man
|player|p1|shams713|180
|player|p2|Sonic Man|169
|gametype|singles
|gen|6
|tier|UU
|rated
|rule|Sleep Clause Mod: Limit one foe put to sleep
|rule|Species Clause: Limit one of each PokÃ©mon
|rule|OHKO Clause: OHKO moves are banned
|rule|Moody Clause: Moody is banned
|rule|Evasion Moves Clause: Evasion moves are banned
|rule|Endless Battle Clause: Forcing endless battles is banned
|rule|HP Percentage Mod: HP is shown in percentages
|clearpoke
|poke|p1|Forretress, M
|poke|p1|Milotic, F
|poke|p1|Lopunny, F
|poke|p1|Toxicroak, F
|poke|p1|Alakazam, M
|poke|p1|Hydreigon, M
|poke|p2|Azelf
|poke|p2|Honchkrow, M
|poke|p2|Arcanine, M
|poke|p2|Jirachi, shiny
|poke|p2|Porygon-Z, shiny
|poke|p2|Empoleon, M
|rule|Swagger Clause: Swagger is banned
|rule|Baton Pass Clause: Limit one PokÃ©mon knowing Baton Pass
|teampreview
|
|start
|switch|p1a: Lopunny|Lopunny, F|272\/272
|switch|p2a: Flare|Arcanine, M|384\/384
|-ability|p2a: Flare|Intimidate|[of] p1a: Lopunny
|-unboost|p1a: Lopunny|atk|1
|turn|1
|
|switch|p1a: Milotic|Milotic, F|394\/394
|move|p2a: Flare|Will-O-Wisp|p1a: Milotic
|-status|p1a: Milotic|brn
|
|-damage|p1a: Milotic|345\/394 brn|[from] brn
|turn|2
|
|move|p2a: Flare|Wild Charge|p1a: Milotic
|-supereffective|p1a: Milotic
|-damage|p1a: Milotic|251\/394 brn
|-damage|p2a: Flare|360\/384|[from] recoil|[of] p1a: Milotic
|move|p1a: Milotic|Scald|p2a: Flare
|-supereffective|p2a: Flare
|-damage|p2a: Flare|202\/384
|
|-heal|p2a: Flare|226\/384|[from] item: Leftovers
|-heal|p1a: Milotic|275\/394 brn|[from] item: Leftovers
|-damage|p1a: Milotic|226\/394 brn|[from] brn
|turn|3
|
|move|p2a: Flare|Wild Charge|p1a: Milotic
|-supereffective|p1a: Milotic
|-damage|p1a: Milotic|142\/394 brn
|-damage|p2a: Flare|205\/384|[from] recoil|[of] p1a: Milotic
|move|p1a: Milotic|Recover|p1a: Milotic
|-heal|p1a: Milotic|339\/394 brn
|
|-heal|p2a: Flare|229\/384|[from] item: Leftovers
|-heal|p1a: Milotic|363\/394 brn|[from] item: Leftovers
|-damage|p1a: Milotic|314\/394 brn|[from] brn
|turn|4
|
|switch|p2a: Mega Top Gun|Azelf|291\/291
|move|p1a: Milotic|Scald|p2a: Mega Top Gun
|-damage|p2a: Mega Top Gun|153\/291
|
|-heal|p1a: Milotic|338\/394 brn|[from] item: Leftovers
|-damage|p1a: Milotic|289\/394 brn|[from] brn
|turn|5
|
|switch|p1a: Lopunny|Lopunny, F|272\/272
|move|p2a: Mega Top Gun|Trick|p1a: Lopunny
|-fail|p1a: Lopunny
|
|turn|6
|
|switch|p2a: Flare|Arcanine, M|229\/384
|-ability|p2a: Flare|Intimidate|[of] p1a: Lopunny
|-unboost|p1a: Lopunny|atk|1
|detailschange|p1a: Lopunny|Lopunny-Mega, F
|message|Lopunny has Mega Evolved into Mega Lopunny!
|move|p1a: Lopunny|Fake Out|p2a: Flare
|-damage|p2a: Flare|174\/384
|
|-heal|p2a: Flare|198\/384|[from] item: Leftovers
|turn|7
|
|switch|p1a: Milotic|Milotic, F|289\/394 brn
|move|p2a: Flare|Will-O-Wisp|p1a: Milotic
|-fail|p1a: Milotic|brn
|
|-heal|p2a: Flare|222\/384|[from] item: Leftovers
|-heal|p1a: Milotic|313\/394 brn|[from] item: Leftovers
|-damage|p1a: Milotic|264\/394 brn|[from] brn
|turn|8
|
|move|p2a: Flare|Morning Sun|p2a: Flare
|-heal|p2a: Flare|384\/384
|move|p1a: Milotic|Scald|p2a: Flare
|-supereffective|p2a: Flare
|-damage|p2a: Flare|232\/384
|
|-heal|p2a: Flare|256\/384|[from] item: Leftovers
|-heal|p1a: Milotic|288\/394 brn|[from] item: Leftovers
|-damage|p1a: Milotic|239\/394 brn|[from] brn
|turn|9
|
|switch|p2a: DNA|Porygon-Z, shiny|312\/312
|move|p1a: Milotic|Recover|p1a: Milotic
|-heal|p1a: Milotic|394\/394 brn
|
|-damage|p1a: Milotic|345\/394 brn|[from] brn
|turn|10
|
|switch|p1a: Forretress|Forretress, M|354\/354
|move|p2a: DNA|Thunderbolt|p1a: Forretress
|-damage|p1a: Forretress|185\/354
|
|turn|11
|
|move|p2a: DNA|Thunderbolt|p1a: Forretress
|-damage|p1a: Forretress|7\/354
|-status|p1a: Forretress|par
|move|p1a: Forretress|Stealth Rock|p2a: DNA
|-sidestart|p2: Sonic Man|move: Stealth Rock
|
|turn|12
|
|switch|p2a: Happy Feet|Empoleon, M|372\/372
|-damage|p2a: Happy Feet|349\/372|[from] Stealth Rock
|switch|p1a: Hydreigon|Hydreigon, M|325\/325
|
|-heal|p2a: Happy Feet|372\/372|[from] item: Leftovers
|turn|13
|
|move|p1a: Hydreigon|Dark Pulse|p2a: Happy Feet
|-damage|p2a: Happy Feet|245\/372
|move|p2a: Happy Feet|Defog|p1a: Hydreigon
|-unboost|p1a: Hydreigon|evasion|1
|-sideend|p2: Sonic Man|Stealth Rock|[from] move: Defog|[of] p2a: Happy Feet
|
|-heal|p2a: Happy Feet|268\/372|[from] item: Leftovers
|turn|14
|
|move|p1a: Hydreigon|Dark Pulse|p2a: Happy Feet
|-damage|p2a: Happy Feet|136\/372
|cant|p2a: Happy Feet|flinch
|
|-heal|p2a: Happy Feet|159\/372|[from] item: Leftovers
|turn|15
|
|move|p1a: Hydreigon|Dark Pulse|p2a: Happy Feet
|-damage|p2a: Happy Feet|32\/372
|cant|p2a: Happy Feet|flinch
|
|-heal|p2a: Happy Feet|55\/372|[from] item: Leftovers
|turn|16
|
|switch|p2a: Knock Back|Honchkrow, M|342\/342
|move|p1a: Hydreigon|Dark Pulse|p2a: Knock Back
|-resisted|p2a: Knock Back
|-damage|p2a: Knock Back|266\/342
|
|turn|17
|
|switch|p1a: Forretress|Forretress, M|7\/354 par
|move|p2a: Knock Back|Superpower|p1a: Forretress
|-damage|p1a: Forretress|0 fnt
|-damage|p2a: Knock Back|209\/342|[from] item: Rocky Helmet|[of] p1a: Forretress
|-unboost|p2a: Knock Back|atk|1
|-unboost|p2a: Knock Back|def|1
|faint|p1a: Forretress
|-boost|p2a: Knock Back|atk|1|[from] ability: Moxie
|
|
|switch|p1a: Lopunny|Lopunny-Mega, F|272\/272
|turn|18
|
|switch|p2a: Troll|Jirachi, shiny|341\/341
|move|p1a: Lopunny|Fake Out|p2a: Troll
|-resisted|p2a: Troll
|-damage|p2a: Troll|307\/341
|
|turn|19
|
|switch|p1a: Milotic|Milotic, F|345\/394 brn
|move|p2a: Troll|Stealth Rock|p1a: Milotic
|-sidestart|p1: shams713|move: Stealth Rock
|
|-heal|p1a: Milotic|369\/394 brn|[from] item: Leftovers
|-damage|p1a: Milotic|320\/394 brn|[from] brn
|turn|20
|
|switch|p2a: Happy Feet|Empoleon, M|55\/372
|move|p1a: Milotic|Scald|p2a: Happy Feet
|-resisted|p2a: Happy Feet
|-damage|p2a: Happy Feet|11\/372
|
|-heal|p1a: Milotic|344\/394 brn|[from] item: Leftovers
|-heal|p2a: Happy Feet|34\/372|[from] item: Leftovers
|-damage|p1a: Milotic|295\/394 brn|[from] brn
|turn|21
|
|move|p1a: Milotic|Scald|p2a: Happy Feet
|-resisted|p2a: Happy Feet
|-damage|p2a: Happy Feet|0 fnt
|faint|p2a: Happy Feet
|
|-heal|p1a: Milotic|319\/394 brn|[from] item: Leftovers
|-damage|p1a: Milotic|270\/394 brn|[from] brn
|
|switch|p2a: DNA|Porygon-Z, shiny|312\/312
|turn|22
|
|move|p2a: DNA|Tri Attack|p1a: Milotic
|-damage|p1a: Milotic|108\/394 brn
|move|p1a: Milotic|Mirror Coat|p2a: DNA
|-damage|p2a: DNA|0 fnt
|faint|p2a: DNA
|
|-heal|p1a: Milotic|132\/394 brn|[from] item: Leftovers
|-damage|p1a: Milotic|83\/394 brn|[from] brn
|
|switch|p2a: Knock Back|Honchkrow, M|209\/342
|turn|23
|
|move|p2a: Knock Back|Night Slash|p1a: Milotic
|-damage|p1a: Milotic|11\/394 brn
|move|p1a: Milotic|Scald|p2a: Knock Back
|-damage|p2a: Knock Back|101\/342
|
|-heal|p1a: Milotic|35\/394 brn|[from] item: Leftovers
|-damage|p1a: Milotic|0 fnt|[from] brn
|faint|p1a: Milotic
|
|switch|p1a: Lopunny|Lopunny-Mega, F|272\/272
|-damage|p1a: Lopunny|255\/272|[from] Stealth Rock
|turn|24
|
|move|p2a: Knock Back|Sucker Punch|p1a: Lopunny
|-resisted|p1a: Lopunny
|-damage|p1a: Lopunny|187\/272
|move|p1a: Lopunny|Return|p2a: Knock Back
|-damage|p2a: Knock Back|0 fnt
|faint|p2a: Knock Back
|
|
|switch|p2a: Troll|Jirachi, shiny|307\/341
|turn|25
|
|move|p2a: Troll|Iron Head|p1a: Lopunny
|-damage|p1a: Lopunny|63\/272
|move|p1a: Lopunny|High Jump Kick|p2a: Troll
|-damage|p2a: Troll|87\/341
|
|turn|26
|
|switch|p1a: Toxicroak|Toxicroak, F|370\/370
|-damage|p1a: Toxicroak|347\/370|[from] Stealth Rock
|move|p2a: Troll|Iron Head|p1a: Toxicroak
|-damage|p1a: Toxicroak|176\/370
|
|turn|27
|
|switch|p2a: Flare|Arcanine, M|256\/384
|-ability|p2a: Flare|Intimidate|[of] p1a: Toxicroak
|-unboost|p1a: Toxicroak|atk|1
|move|p1a: Toxicroak|Drain Punch|p2a: Flare
|-crit|p2a: Flare
|-damage|p2a: Flare|25\/384
|-heal|p1a: Toxicroak|292\/370|[from] drain|[of] p2a: Flare
|
|-heal|p2a: Flare|49\/384|[from] item: Leftovers
|turn|28
|
|move|p2a: Flare|Morning Sun|p2a: Flare
|-heal|p2a: Flare|241\/384
|move|p1a: Toxicroak|Gunk Shot|p2a: Flare
|-damage|p2a: Flare|84\/384
|
|-heal|p2a: Flare|108\/384|[from] item: Leftovers
|turn|29
|
|move|p2a: Flare|Flare Blitz|p1a: Toxicroak
|-damage|p1a: Toxicroak|36\/370
|-damage|p2a: Flare|24\/384|[from] recoil|[of] p1a: Toxicroak
|move|p1a: Toxicroak|Gunk Shot|p2a: Flare
|-damage|p2a: Flare|0 fnt
|faint|p2a: Flare
|
|
|switch|p2a: Mega Top Gun|Azelf|153\/291
|turn|30
|
|move|p1a: Toxicroak|Sucker Punch|p2a: Mega Top Gun
|-fail|p2a: Mega Top Gun
|move|p2a: Mega Top Gun|Trick|p1a: Toxicroak
|-activate|p2a: Mega Top Gun|move: Trick|[of] p1a: Toxicroak
|-item|p1a: Toxicroak|Choice Scarf|[from] move: Trick
|-item|p2a: Mega Top Gun|Focus Sash|[from] move: Trick
|
|turn|31
|
|switch|p2a: Troll|Jirachi, shiny|87\/341
|move|p1a: Toxicroak|Sucker Punch|p2a: Troll
|-fail|p2a: Troll
|
|turn|32
|
|switch|p2a: Mega Top Gun|Azelf|153\/291
|move|p1a: Toxicroak|Sucker Punch|p2a: Mega Top Gun
|-fail|p2a: Mega Top Gun
|
|turn|33
|
|switch|p2a: Troll|Jirachi, shiny|87\/341
|switch|p1a: Alakazam|Alakazam, M|252\/252
|
|turn|34
|
|move|p2a: Troll|Iron Head|p1a: Alakazam
|-damage|p1a: Alakazam|36\/252
|move|p1a: Alakazam|Shadow Ball|p2a: Troll
|-supereffective|p2a: Troll
|-damage|p2a: Troll|0 fnt
|faint|p2a: Troll
|
|
|switch|p2a: Mega Top Gun|Azelf|153\/291
|turn|35
|c|âshams713|gg
|
|move|p1a: Alakazam|Shadow Ball|p2a: Mega Top Gun
|-supereffective|p2a: Mega Top Gun
|-damage|p2a: Mega Top Gun|0 fnt
|faint|p2a: Mega Top Gun
|
|win|shams713
|raw|Ladder updating...
|c|âSonic Man|gg
|leave|shams713
|player|p1
|raw|shams713's rating: 1321 &rarr; <strong>1334<\/strong><br \/>(+13 for winning)
|raw|Sonic Man's rating: 1199 &rarr; <strong>1182<\/strong><br \/>(-17 for losing)