|join|Pika BOOOM
|join|awesomenessikr
|player|p1|Pika BOOOM|23
|player|p2|awesomenessikr|288
|gametype|singles
|gen|6
|tier|OU
|rated
|clearpoke
|poke|p1|Pinsir, M
|poke|p1|Rotom-Wash
|poke|p1|Landorus-Therian, M
|poke|p1|Latias, F
|poke|p1|Keldeo
|poke|p1|Scizor, F
|poke|p2|Bisharp, F, shiny
|poke|p2|Azumarill, F, shiny
|poke|p2|Latios, M
|poke|p2|Chansey, F
|poke|p2|Skarmory, M
|poke|p2|Pinsir, M, shiny
|rule|Swagger Clause: Swagger is banned
|rule|Baton Pass Clause: Limit one PokÃ©mon knowing Baton Pass
|rule|Sleep Clause Mod: Limit one foe put to sleep
|rule|Species Clause: Limit one of each PokÃ©mon
|rule|OHKO Clause: OHKO moves are banned
|rule|Moody Clause: Moody is banned
|rule|Evasion Moves Clause: Evasion moves are banned
|rule|Endless Battle Clause: Forcing endless battles is banned
|rule|HP Percentage Mod: HP is shown in percentages
|teampreview
|
|start
|switch|p1a: Landorus-Therian|Landorus-Therian, M|382\/382
|switch|p2a: Azumarill|Azumarill, F, shiny|404\/404
|-ability|p1a: Landorus-Therian|Intimidate|[of] p2a: Azumarill
|-unboost|p2a: Azumarill|atk|1
|turn|1
|
|move|p1a: Landorus-Therian|U-turn|p2a: Azumarill
|-resisted|p2a: Azumarill
|-damage|p2a: Azumarill|360\/404
|
|switch|p1a: Rotom-Wash|Rotom-Wash|304\/304
|move|p2a: Azumarill|Knock Off|p1a: Rotom-Wash
|-damage|p1a: Rotom-Wash|161\/304
|-enditem|p1a: Rotom-Wash|Leftovers|[from] move: Knock Off|[of] p2a: Azumarill
|
|turn|2
|
|switch|p2a: Latios|Latios, M|301\/301
|move|p1a: Rotom-Wash|Will-O-Wisp|p2a: Latios
|-status|p2a: Latios|brn
|
|-damage|p2a: Latios|264\/301 brn|[from] brn
|turn|3
|
|switch|p1a: Scizor|Scizor, F|343\/343
|move|p2a: Latios|Draco Meteor|p1a: Scizor|[miss]
|-miss|p2a: Latios|p1a: Scizor
|
|-damage|p2a: Latios|227\/301 brn|[from] brn
|turn|4
|
|switch|p2a: Skarmory|Skarmory, M|334\/334
|move|p1a: Scizor|U-turn|p2a: Skarmory
|-resisted|p2a: Skarmory
|-damage|p2a: Skarmory|304\/334
|-damage|p1a: Scizor|286\/343|[from] item: Rocky Helmet|[of] p2a: Skarmory
|
|switch|p1a: Rotom-Wash|Rotom-Wash|161\/304
|
|turn|5
|
|switch|p2a: Chansey|Chansey, F|703\/703
|move|p1a: Rotom-Wash|Volt Switch|p2a: Chansey
|-damage|p2a: Chansey|651\/703
|
|switch|p1a: Landorus-Therian|Landorus-Therian, M|382\/382
|-ability|p1a: Landorus-Therian|Intimidate|[of] p2a: Chansey
|-unboost|p2a: Chansey|atk|1
|
|turn|6
|
|switch|p2a: Skarmory|Skarmory, M|304\/334
|move|p1a: Landorus-Therian|Stealth Rock|p2a: Skarmory
|-sidestart|p2: awesomenessikr|move: Stealth Rock
|
|turn|7
|
|switch|p1a: Rotom-Wash|Rotom-Wash|161\/304
|move|p2a: Skarmory|Stealth Rock|p1a: Rotom-Wash
|-sidestart|p1: Pika BOOOM|move: Stealth Rock
|
|turn|8
|
|switch|p2a: Chansey|Chansey, F|651\/703
|-damage|p2a: Chansey|564\/703|[from] Stealth Rock
|move|p1a: Rotom-Wash|Pain Split|p2a: Chansey
|-sethp|p2a: Chansey|362\/703|p1a: Rotom-Wash|304\/304|[from] move: Pain Split
|
|turn|9
|
|move|p1a: Rotom-Wash|Volt Switch|p2a: Chansey
|-damage|p2a: Chansey|305\/703
|
|switch|p1a: Landorus-Therian|Landorus-Therian, M|382\/382
|-damage|p1a: Landorus-Therian|335\/382|[from] Stealth Rock
|-ability|p1a: Landorus-Therian|Intimidate|[of] p2a: Chansey
|-unboost|p2a: Chansey|atk|1
|move|p2a: Chansey|Soft-Boiled|p2a: Chansey
|-heal|p2a: Chansey|657\/703
|
|-heal|p1a: Landorus-Therian|358\/382|[from] item: Leftovers
|turn|10
|
|move|p1a: Landorus-Therian|Knock Off|p2a: Chansey
|-damage|p2a: Chansey|517\/703
|-enditem|p2a: Chansey|Eviolite|[from] move: Knock Off|[of] p1a: Landorus-Therian
|move|p2a: Chansey|Seismic Toss|p1a: Landorus-Therian
|-damage|p1a: Landorus-Therian|258\/382
|
|-heal|p1a: Landorus-Therian|281\/382|[from] item: Leftovers
|turn|11
|
|move|p1a: Landorus-Therian|Earthquake|p2a: Chansey
|-damage|p2a: Chansey|169\/703
|move|p2a: Chansey|Soft-Boiled|p2a: Chansey
|-heal|p2a: Chansey|521\/703
|
|-heal|p1a: Landorus-Therian|304\/382|[from] item: Leftovers
|turn|12
|
|move|p1a: Landorus-Therian|Earthquake|p2a: Chansey
|-damage|p2a: Chansey|181\/703
|move|p2a: Chansey|Seismic Toss|p1a: Landorus-Therian
|-damage|p1a: Landorus-Therian|204\/382
|
|-heal|p1a: Landorus-Therian|227\/382|[from] item: Leftovers
|turn|13
|
|switch|p2a: Skarmory|Skarmory, M|304\/334
|-damage|p2a: Skarmory|263\/334|[from] Stealth Rock
|move|p1a: Landorus-Therian|Earthquake|p2a: Skarmory
|-immune|p2a: Skarmory|[msg]
|
|-heal|p1a: Landorus-Therian|250\/382|[from] item: Leftovers
|turn|14
|
|move|p1a: Landorus-Therian|Knock Off|p2a: Skarmory
|-damage|p2a: Skarmory|203\/334
|-damage|p1a: Landorus-Therian|187\/382|[from] item: Rocky Helmet|[of] p2a: Skarmory
|-enditem|p2a: Skarmory|Rocky Helmet|[from] move: Knock Off|[of] p1a: Landorus-Therian
|move|p2a: Skarmory|Roost|p2a: Skarmory
|-heal|p2a: Skarmory|334\/334
|
|-heal|p1a: Landorus-Therian|210\/382|[from] item: Leftovers
|turn|15
|
|move|p1a: Landorus-Therian|U-turn|p2a: Skarmory
|-resisted|p2a: Skarmory
|-damage|p2a: Skarmory|324\/334
|
|switch|p1a: Rotom-Wash|Rotom-Wash|304\/304
|-damage|p1a: Rotom-Wash|266\/304|[from] Stealth Rock
|move|p2a: Skarmory|Whirlwind|p1a: Rotom-Wash
|drag|p1a: Landorus-Therian|Landorus-Therian, M|210\/382
|-damage|p1a: Landorus-Therian|163\/382|[from] Stealth Rock
|-ability|p1a: Landorus-Therian|Intimidate|[of] p2a: Skarmory
|-unboost|p2a: Skarmory|atk|1
|
|-heal|p1a: Landorus-Therian|186\/382|[from] item: Leftovers
|turn|16
|
|move|p1a: Landorus-Therian|Knock Off|p2a: Skarmory
|-damage|p2a: Skarmory|280\/334
|move|p2a: Skarmory|Iron Head|p1a: Landorus-Therian
|-damage|p1a: Landorus-Therian|141\/382
|
|-heal|p1a: Landorus-Therian|164\/382|[from] item: Leftovers
|turn|17
|
|move|p1a: Landorus-Therian|U-turn|p2a: Skarmory
|-resisted|p2a: Skarmory
|-damage|p2a: Skarmory|270\/334
|
|switch|p1a: Rotom-Wash|Rotom-Wash|266\/304
|-damage|p1a: Rotom-Wash|228\/304|[from] Stealth Rock
|move|p2a: Skarmory|Iron Head|p1a: Rotom-Wash
|-resisted|p1a: Rotom-Wash
|-damage|p1a: Rotom-Wash|215\/304
|
|turn|18
|
|switch|p2a: Latios|Latios, M|227\/301 brn
|-damage|p2a: Latios|190\/301 brn|[from] Stealth Rock
|move|p1a: Rotom-Wash|Volt Switch|p2a: Latios
|-resisted|p2a: Latios
|-damage|p2a: Latios|152\/301 brn
|
|switch|p1a: Scizor|Scizor, F|286\/343
|-damage|p1a: Scizor|244\/343|[from] Stealth Rock
|
|-damage|p2a: Latios|115\/301 brn|[from] brn
|turn|19
|
|switch|p2a: Skarmory|Skarmory, M|270\/334
|-damage|p2a: Skarmory|229\/334|[from] Stealth Rock
|move|p1a: Scizor|Bullet Punch|p2a: Skarmory
|-resisted|p2a: Skarmory
|-damage|p2a: Skarmory|178\/334
|
|turn|20
|
|move|p1a: Scizor|Bullet Punch|p2a: Skarmory
|-resisted|p2a: Skarmory
|-damage|p2a: Skarmory|130\/334
|move|p2a: Skarmory|Whirlwind|p1a: Scizor
|drag|p1a: Pinsir|Pinsir, M|271\/271
|-damage|p1a: Pinsir|204\/271|[from] Stealth Rock
|
|turn|21
|
|move|p1a: Pinsir|Swords Dance|p1a: Pinsir
|-boost|p1a: Pinsir|atk|2
|move|p2a: Skarmory|Roost|p2a: Skarmory
|-heal|p2a: Skarmory|297\/334
|
|turn|22
|
|detailschange|p1a: Pinsir|Pinsir-Mega, M
|-mega|p1a: Pinsir|Pinsir|Pinsirite
|move|p1a: Pinsir|Close Combat|p2a: Skarmory
|-damage|p2a: Skarmory|115\/334
|-unboost|p1a: Pinsir|def|1
|-unboost|p1a: Pinsir|spd|1
|move|p2a: Skarmory|Whirlwind|p1a: Pinsir
|drag|p1a: Keldeo|Keldeo|323\/323
|-damage|p1a: Keldeo|303\/323|[from] Stealth Rock
|
|turn|23
|
|switch|p2a: Azumarill|Azumarill, F, shiny|360\/404
|-damage|p2a: Azumarill|310\/404|[from] Stealth Rock
|move|p1a: Keldeo|Scald|p2a: Azumarill
|-resisted|p2a: Azumarill
|-damage|p2a: Azumarill|190\/404
|-status|p2a: Azumarill|brn
|
|-damage|p2a: Azumarill|140\/404 brn|[from] brn
|turn|24
|
|switch|p1a: Scizor|Scizor, F|244\/343
|-damage|p1a: Scizor|202\/343|[from] Stealth Rock
|move|p2a: Azumarill|Play Rough|p1a: Scizor
|-resisted|p1a: Scizor
|-damage|p1a: Scizor|130\/343
|
|-damage|p2a: Azumarill|90\/404 brn|[from] brn
|turn|25
|
|switch|p2a: Skarmory|Skarmory, M|115\/334
|-damage|p2a: Skarmory|74\/334|[from] Stealth Rock
|move|p1a: Scizor|Bullet Punch|p2a: Skarmory
|-resisted|p2a: Skarmory
|-damage|p2a: Skarmory|24\/334
|
|turn|26
|
|switch|p2a: Bisharp|Bisharp, F, shiny|272\/272
|-damage|p2a: Bisharp|255\/272|[from] Stealth Rock
|move|p1a: Scizor|Bullet Punch|p2a: Bisharp
|-resisted|p2a: Bisharp
|-damage|p2a: Bisharp|171\/272
|
|turn|27
|
|switch|p1a: Rotom-Wash|Rotom-Wash|215\/304
|-damage|p1a: Rotom-Wash|177\/304|[from] Stealth Rock
|move|p2a: Bisharp|Swords Dance|p2a: Bisharp
|-boost|p2a: Bisharp|atk|2
|
|turn|28
|
|move|p2a: Bisharp|Knock Off|p1a: Rotom-Wash
|-damage|p1a: Rotom-Wash|0 fnt
|-damage|p2a: Bisharp|144\/272|[from] item: Life Orb
|faint|p1a: Rotom-Wash
|
|
|switch|p1a: Keldeo|Keldeo|303\/323
|-damage|p1a: Keldeo|283\/323|[from] Stealth Rock
|turn|29
|
|move|p2a: Bisharp|Sucker Punch|p1a: Keldeo
|-resisted|p1a: Keldeo
|-damage|p1a: Keldeo|53\/323
|-boost|p1a: Keldeo|atk|1|[from] ability: Justified
|-damage|p2a: Bisharp|117\/272|[from] item: Life Orb
|move|p1a: Keldeo|Scald|p2a: Bisharp
|-damage|p2a: Bisharp|0 fnt
|faint|p2a: Bisharp
|
|
|switch|p2a: Pinsir|Pinsir, M, shiny|334\/334
|-damage|p2a: Pinsir|251\/334|[from] Stealth Rock
|turn|30
|
|switch|p1a: Landorus-Therian|Landorus-Therian, M|164\/382
|-damage|p1a: Landorus-Therian|117\/382|[from] Stealth Rock
|-ability|p1a: Landorus-Therian|Intimidate|[of] p2a: Pinsir
|-unboost|p2a: Pinsir|atk|1
|move|p2a: Pinsir|Quick Attack|p1a: Landorus-Therian
|-damage|p1a: Landorus-Therian|90\/382
|
|-heal|p1a: Landorus-Therian|113\/382|[from] item: Leftovers
|turn|31
|
|switch|p2a: Skarmory|Skarmory, M|24\/334
|-damage|p2a: Skarmory|0 fnt|[from] Stealth Rock
|faint|p2a: Skarmory
|move|p1a: Landorus-Therian|Knock Off|p2: Skarmory|[notarget]
|-notarget
|
|-heal|p1a: Landorus-Therian|136\/382|[from] item: Leftovers
|
|switch|p2a: Latios|Latios, M|115\/301 brn
|-damage|p2a: Latios|78\/301 brn|[from] Stealth Rock
|turn|32
|
|switch|p1a: Keldeo|Keldeo|53\/323
|-damage|p1a: Keldeo|33\/323|[from] Stealth Rock
|move|p2a: Latios|Surf|p1a: Keldeo
|-resisted|p1a: Keldeo
|-damage|p1a: Keldeo|0 fnt
|-damage|p2a: Latios|48\/301 brn|[from] item: Life Orb
|faint|p1a: Keldeo
|
|-damage|p2a: Latios|11\/301 brn|[from] brn
|
|switch|p1a: Pinsir|Pinsir-Mega, M|204\/271
|-damage|p1a: Pinsir|69\/271|[from] Stealth Rock
|turn|33
|c|âPika BOOOM|gg
|
|move|p1a: Pinsir|Quick Attack|p2a: Latios
|-damage|p2a: Latios|0 fnt
|faint|p2a: Latios
|
|
|switch|p2a: Pinsir|Pinsir, M, shiny|251\/334
|-damage|p2a: Pinsir|168\/334|[from] Stealth Rock
|turn|34
|
|detailschange|p2a: Pinsir|Pinsir-Mega, M, shiny
|-mega|p2a: Pinsir|Pinsir|Pinsirite
|move|p1a: Pinsir|Quick Attack|p2a: Pinsir
|-supereffective|p2a: Pinsir
|-damage|p2a: Pinsir|0 fnt
|faint|p2a: Pinsir
|
|-message|awesomenessikr forfeited.
|leave|awesomenessikr
|
|win|Pika BOOOM
|raw|Ladder updating...
|player|p2
|raw|Pika BOOOM's rating: 1459 &rarr; <strong>1477<\/strong><br \/>(+18 for winning)
|raw|awesomenessikr's rating: 1414 &rarr; <strong>1397<\/strong><br \/>(-17 for losing)