|join|FredRules
|join|Pika BOOOM
|player|p1|FredRules|101
|player|p2|Pika BOOOM|23
|gametype|singles
|gen|6
|tier|OU
|rated
|clearpoke
|poke|p1|Pinsir, F
|poke|p1|Tyranitar, M
|poke|p1|Excadrill, M
|poke|p1|Latias, F
|poke|p1|Manaphy
|poke|p1|Thundurus, M
|poke|p2|Scizor, M
|poke|p2|Magnezone
|poke|p2|Landorus-Therian, M
|poke|p2|Rotom-Wash
|poke|p2|Garchomp, M
|poke|p2|Keldeo-Resolute
|rule|Swagger Clause: Swagger is banned
|rule|Baton Pass Clause: Limit one PokÃ©mon knowing Baton Pass
|rule|Sleep Clause Mod: Limit one foe put to sleep
|rule|Species Clause: Limit one of each PokÃ©mon
|rule|OHKO Clause: OHKO moves are banned
|rule|Moody Clause: Moody is banned
|rule|Evasion Moves Clause: Evasion moves are banned
|rule|Endless Battle Clause: Forcing endless battles is banned
|rule|HP Percentage Mod: HP is shown in percentages
|teampreview
|
|start
|switch|p1a: Thundurus|Thundurus, M|299\/299
|switch|p2a: Rotom-Wash|Rotom-Wash|304\/304
|turn|1
|
|move|p1a: Thundurus|Thunderbolt|p2a: Rotom-Wash
|-damage|p2a: Rotom-Wash|164\/304
|-damage|p1a: Thundurus|270\/299|[from] item: Life Orb
|move|p2a: Rotom-Wash|Pain Split|p1a: Thundurus
|-sethp|p1a: Thundurus|217\/299|p2a: Rotom-Wash|217\/304|[from] move: Pain Split
|
|-heal|p2a: Rotom-Wash|236\/304|[from] item: Leftovers
|turn|2
|
|move|p1a: Thundurus|Thunderbolt|p2a: Rotom-Wash
|-damage|p2a: Rotom-Wash|98\/304
|-damage|p1a: Thundurus|188\/299|[from] item: Life Orb
|move|p2a: Rotom-Wash|Volt Switch|p1a: Thundurus
|-damage|p1a: Thundurus|83\/299
|
|switch|p2a: Magnezone|Magnezone|281\/281
|
|turn|3
|
|move|p2a: Magnezone|Volt Switch|p1a: Thundurus
|-damage|p1a: Thundurus|0 fnt
|faint|p1a: Thundurus
|
|switch|p2a: Scizor|Scizor, M|343\/343
|
|
|switch|p1a: Manaphy|Manaphy|364\/364
|turn|4
|
|detailschange|p2a: Scizor|Scizor-Mega, M
|-mega|p2a: Scizor|Scizor|Scizorite
|move|p1a: Manaphy|Tail Glow|p1a: Manaphy
|-boost|p1a: Manaphy|spa|3
|move|p2a: Scizor|Knock Off|p1a: Manaphy
|-damage|p1a: Manaphy|249\/364
|-enditem|p1a: Manaphy|Leftovers|[from] move: Knock Off|[of] p2a: Scizor
|
|turn|5
|
|switch|p2a: Rotom-Wash|Rotom-Wash|98\/304
|move|p1a: Manaphy|Scald|p2a: Rotom-Wash
|-resisted|p2a: Rotom-Wash
|-damage|p2a: Rotom-Wash|2\/304
|
|-heal|p2a: Rotom-Wash|21\/304|[from] item: Leftovers
|turn|6
|
|move|p1a: Manaphy|Scald|p2a: Rotom-Wash
|-resisted|p2a: Rotom-Wash
|-damage|p2a: Rotom-Wash|0 fnt
|faint|p2a: Rotom-Wash
|
|
|switch|p2a: Magnezone|Magnezone|281\/281
|turn|7
|
|switch|p1a: Excadrill|Excadrill, M|361\/361
|-item|p1a: Excadrill|Air Balloon
|move|p2a: Magnezone|Thunderbolt|p1a: Excadrill
|-immune|p1a: Excadrill|[msg]
|
|turn|8
|
|switch|p2a: Landorus-Therian|Landorus-Therian, M|382\/382
|-ability|p2a: Landorus-Therian|Intimidate|[of] p1a: Excadrill
|-unboost|p1a: Excadrill|atk|1
|move|p1a: Excadrill|Iron Head|p2a: Landorus-Therian
|-damage|p2a: Landorus-Therian|306\/382
|
|-heal|p2a: Landorus-Therian|329\/382|[from] item: Leftovers
|turn|9
|
|switch|p1a: Manaphy|Manaphy|249\/364
|move|p2a: Landorus-Therian|Stealth Rock|p1a: Manaphy
|-sidestart|p1: FredRules|move: Stealth Rock
|
|-heal|p2a: Landorus-Therian|352\/382|[from] item: Leftovers
|turn|10
|
|switch|p2a: Magnezone|Magnezone|281\/281
|move|p1a: Manaphy|Scald|p2a: Magnezone
|-damage|p2a: Magnezone|161\/281
|
|turn|11
|
|move|p2a: Magnezone|Thunderbolt|p1a: Manaphy
|-supereffective|p1a: Manaphy
|-damage|p1a: Manaphy|0 fnt
|faint|p1a: Manaphy
|
|
|switch|p1a: Tyranitar|Tyranitar, M|403\/403
|-damage|p1a: Tyranitar|353\/403|[from] Stealth Rock
|-weather|Sandstorm
|turn|12
|
|switch|p2a: Landorus-Therian|Landorus-Therian, M|352\/382
|-ability|p2a: Landorus-Therian|Intimidate|[of] p1a: Tyranitar
|-unboost|p1a: Tyranitar|atk|1
|move|p1a: Tyranitar|Stealth Rock|p2a: Landorus-Therian
|-sidestart|p2: Pika BOOOM|move: Stealth Rock
|
|-weather|Sandstorm|[upkeep]
|-heal|p2a: Landorus-Therian|375\/382|[from] item: Leftovers
|turn|13
|
|move|p2a: Landorus-Therian|Earthquake|p1a: Tyranitar
|-supereffective|p1a: Tyranitar
|-damage|p1a: Tyranitar|123\/403
|move|p1a: Tyranitar|Ice Beam|p2a: Landorus-Therian
|-supereffective|p2a: Landorus-Therian
|-damage|p2a: Landorus-Therian|55\/382
|
|-weather|Sandstorm|[upkeep]
|-heal|p2a: Landorus-Therian|78\/382|[from] item: Leftovers
|turn|14
|
|switch|p1a: Latias|Latias, F|301\/301
|-damage|p1a: Latias|264\/301|[from] Stealth Rock
|move|p2a: Landorus-Therian|U-turn|p1a: Latias
|-supereffective|p1a: Latias
|-damage|p1a: Latias|96\/301
|
|switch|p2a: Magnezone|Magnezone|161\/281
|-damage|p2a: Magnezone|144\/281|[from] Stealth Rock
|
|-weather|Sandstorm|[upkeep]
|-damage|p1a: Latias|78\/301|[from] sandstorm
|turn|15
|
|move|p2a: Magnezone|Flash Cannon|p1a: Latias
|-damage|p1a: Latias|0 fnt
|faint|p1a: Latias
|
|-weather|Sandstorm|[upkeep]
|
|switch|p1a: Excadrill|Excadrill, M|361\/361
|-damage|p1a: Excadrill|350\/361|[from] Stealth Rock
|-item|p1a: Excadrill|Air Balloon
|turn|16
|
|switch|p2a: Landorus-Therian|Landorus-Therian, M|78\/382
|-damage|p2a: Landorus-Therian|31\/382|[from] Stealth Rock
|-ability|p2a: Landorus-Therian|Intimidate|[of] p1a: Excadrill
|-unboost|p1a: Excadrill|atk|1
|move|p1a: Excadrill|Swords Dance|p1a: Excadrill
|-boost|p1a: Excadrill|atk|2
|
|-weather|Sandstorm|[upkeep]
|-heal|p2a: Landorus-Therian|54\/382|[from] item: Leftovers
|turn|17
|
|move|p1a: Excadrill|Iron Head|p2a: Landorus-Therian
|-damage|p2a: Landorus-Therian|0 fnt
|faint|p2a: Landorus-Therian
|
|-weather|Sandstorm|[upkeep]
|
|switch|p2a: Scizor|Scizor-Mega, M|343\/343
|-damage|p2a: Scizor|301\/343|[from] Stealth Rock
|turn|18
|
|move|p1a: Excadrill|Earthquake|p2a: Scizor
|-damage|p2a: Scizor|91\/343
|move|p2a: Scizor|Roost|p2a: Scizor
|-heal|p2a: Scizor|263\/343
|
|-weather|Sandstorm|[upkeep]
|turn|19
|
|move|p1a: Excadrill|Swords Dance|p1a: Excadrill
|-boost|p1a: Excadrill|atk|2
|move|p2a: Scizor|Knock Off|p1a: Excadrill
|-damage|p1a: Excadrill|175\/361
|-enditem|p1a: Excadrill|Air Balloon
|
|-weather|none
|turn|20
|
|move|p2a: Scizor|Bullet Punch|p1a: Excadrill
|-resisted|p1a: Excadrill
|-damage|p1a: Excadrill|94\/361
|move|p1a: Excadrill|Earthquake|p2a: Scizor
|-damage|p2a: Scizor|0 fnt
|faint|p2a: Scizor
|
|
|switch|p2a: Garchomp|Garchomp, M|358\/358
|-damage|p2a: Garchomp|336\/358|[from] Stealth Rock
|turn|21
|
|switch|p1a: Tyranitar|Tyranitar, M|123\/403
|-damage|p1a: Tyranitar|73\/403|[from] Stealth Rock
|-weather|Sandstorm
|move|p2a: Garchomp|Substitute|p2a: Garchomp
|-start|p2a: Garchomp|Substitute
|-damage|p2a: Garchomp|247\/358
|
|-weather|Sandstorm|[upkeep]
|-heal|p2a: Garchomp|269\/358|[from] item: Leftovers
|turn|22
|
|move|p2a: Garchomp|Dragon Claw|p1a: Tyranitar
|-damage|p1a: Tyranitar|0 fnt
|faint|p1a: Tyranitar
|
|-weather|Sandstorm|[upkeep]
|-heal|p2a: Garchomp|291\/358|[from] item: Leftovers
|
|switch|p1a: Pinsir|Pinsir, F|271\/271
|-damage|p1a: Pinsir|204\/271|[from] Stealth Rock
|turn|23
|
|detailschange|p1a: Pinsir|Pinsir-Mega, F
|-mega|p1a: Pinsir|Pinsir|Pinsirite
|move|p1a: Pinsir|Quick Attack|p2a: Garchomp
|-end|p2a: Garchomp|Substitute
|move|p2a: Garchomp|Dragon Claw|p1a: Pinsir
|-damage|p1a: Pinsir|84\/271
|
|-weather|Sandstorm|[upkeep]
|-damage|p1a: Pinsir|68\/271|[from] sandstorm
|-heal|p2a: Garchomp|313\/358|[from] item: Leftovers
|turn|24
|
|switch|p2a: Magnezone|Magnezone|144\/281
|-damage|p2a: Magnezone|127\/281|[from] Stealth Rock
|move|p1a: Pinsir|Return|p2a: Magnezone
|-resisted|p2a: Magnezone
|-damage|p2a: Magnezone|63\/281
|
|-weather|Sandstorm|[upkeep]
|-damage|p1a: Pinsir|52\/271|[from] sandstorm
|turn|25
|
|move|p2a: Magnezone|Hidden Power|p1a: Pinsir
|-supereffective|p1a: Pinsir
|-damage|p1a: Pinsir|0 fnt
|faint|p1a: Pinsir
|
|-weather|Sandstorm|[upkeep]
|
|switch|p1a: Excadrill|Excadrill, M|94\/361
|-damage|p1a: Excadrill|83\/361|[from] Stealth Rock
|turn|26
|
|move|p1a: Excadrill|Earthquake|p2a: Magnezone
|-supereffective|p2a: Magnezone
|-damage|p2a: Magnezone|0 fnt
|faint|p2a: Magnezone
|
|-weather|Sandstorm|[upkeep]
|
|switch|p2a: Garchomp|Garchomp, M|313\/358
|-damage|p2a: Garchomp|291\/358|[from] Stealth Rock
|turn|27
|
|move|p1a: Excadrill|Iron Head|p2a: Garchomp
|-damage|p2a: Garchomp|113\/358
|-damage|p1a: Excadrill|38\/361|[from] ability: Rough Skin|[of] p2a: Garchomp
|move|p2a: Garchomp|Earthquake|p1a: Excadrill
|-supereffective|p1a: Excadrill
|-damage|p1a: Excadrill|0 fnt
|faint|p1a: Excadrill
|
|win|Pika BOOOM
|raw|Ladder updating...
|raw|FredRules's rating: 1632 &rarr; <strong>1614<\/strong><br \/>(-18 for losing)
|raw|Pika BOOOM's rating: 1657 &rarr; <strong>1675<\/strong><br \/>(+18 for winning)
|c|âPika BOOOM|gg
|leave|FredRules