|join|FKA Mence
|join|Pika BOOOM
|player|p1|FKA Mence|100
|player|p2|Pika BOOOM|23
|gametype|singles
|gen|6
|tier|OU
|rated
|clearpoke
|poke|p1|Clefable, M
|poke|p1|Sableye, F
|poke|p1|Ferrothorn, F
|poke|p1|Gliscor, F
|poke|p1|Slowbro, F
|poke|p1|Heatran, F
|poke|p2|Scizor, M
|poke|p2|Magnezone
|poke|p2|Landorus-Therian, M
|poke|p2|Rotom-Wash
|poke|p2|Garchomp, F
|poke|p2|Greninja, M
|rule|Swagger Clause: Swagger is banned
|rule|Baton Pass Clause: Limit one PokÃ©mon knowing Baton Pass
|rule|Sleep Clause Mod: Limit one foe put to sleep
|rule|Species Clause: Limit one of each PokÃ©mon
|rule|OHKO Clause: OHKO moves are banned
|rule|Moody Clause: Moody is banned
|rule|Evasion Moves Clause: Evasion moves are banned
|rule|Endless Battle Clause: Forcing endless battles is banned
|rule|HP Percentage Mod: HP is shown in percentages
|teampreview
|
|start
|switch|p1a: parasitic|Sableye, F|304\/304
|switch|p2a: Magnezone|Magnezone|281\/281
|turn|1
|
|detailschange|p1a: parasitic|Sableye-Mega, F
|-mega|p1a: parasitic|Sableye|Sablenite
|move|p2a: Magnezone|Volt Switch|p1a: parasitic
|-damage|p1a: parasitic|177\/304
|
|switch|p2a: Rotom-Wash|Rotom-Wash|304\/304
|move|p1a: parasitic|Knock Off|p2a: Rotom-Wash
|-damage|p2a: Rotom-Wash|214\/304
|-enditem|p2a: Rotom-Wash|Leftovers|[from] move: Knock Off|[of] p1a: parasitic
|
|turn|2
|
|move|p2a: Rotom-Wash|Volt Switch|p1a: parasitic
|-damage|p1a: parasitic|119\/304
|
|switch|p2a: Magnezone|Magnezone|281\/281
|move|p1a: parasitic|Recover|p1a: parasitic
|-heal|p1a: parasitic|271\/304
|
|turn|3
|
|move|p2a: Magnezone|Flash Cannon|p1a: parasitic
|-damage|p1a: parasitic|124\/304
|move|p1a: parasitic|Recover|p1a: parasitic
|-heal|p1a: parasitic|276\/304
|
|turn|4
|
|move|p2a: Magnezone|Flash Cannon|p1a: parasitic
|-damage|p1a: parasitic|131\/304
|move|p1a: parasitic|Knock Off|p2a: Magnezone
|-damage|p2a: Magnezone|185\/281
|-enditem|p2a: Magnezone|Choice Specs|[from] move: Knock Off|[of] p1a: parasitic
|
|turn|5
|
|move|p2a: Magnezone|Thunderbolt|p1a: parasitic
|-damage|p1a: parasitic|11\/304
|-status|p1a: parasitic|par
|cant|p1a: parasitic|par
|
|turn|6
|
|switch|p1a: pretend|Heatran, F|385\/385
|move|p2a: Magnezone|Volt Switch|p1a: pretend
|-damage|p1a: pretend|270\/385
|
|switch|p2a: Landorus-Therian|Landorus-Therian, M|382\/382
|-ability|p2a: Landorus-Therian|Intimidate|[of] p1a: pretend
|-unboost|p1a: pretend|atk|1
|
|-heal|p1a: pretend|294\/385|[from] item: Leftovers
|turn|7
|
|switch|p1a: parasitic|Sableye-Mega, F|11\/304 par
|move|p2a: Landorus-Therian|Earthquake|p1a: parasitic
|-damage|p1a: parasitic|0 fnt
|faint|p1a: parasitic
|
|
|switch|p1a: all day nigga|Ferrothorn, F|352\/352
|turn|8
|
|move|p2a: Landorus-Therian|Stealth Rock|p1a: all day nigga
|-sidestart|p1: FKA Mence|move: Stealth Rock
|move|p1a: all day nigga|Spikes|p2a: Landorus-Therian
|-sidestart|p2: Pika BOOOM|Spikes
|
|turn|9
|
|move|p2a: Landorus-Therian|U-turn|p1a: all day nigga
|-damage|p1a: all day nigga|304\/352
|-damage|p2a: Landorus-Therian|335\/382|[from] ability: Iron Barbs|[of] p1a: all day nigga
|
|switch|p2a: Magnezone|Magnezone|185\/281
|-damage|p2a: Magnezone|150\/281|[from] Spikes
|move|p1a: all day nigga|Leech Seed|p2a: Magnezone
|-start|p2a: Magnezone|move: Leech Seed
|
|-heal|p1a: all day nigga|326\/352|[from] item: Leftovers
|-damage|p2a: Magnezone|115\/281|[from] Leech Seed|[of] p1a: all day nigga
|-heal|p1a: all day nigga|352\/352|[silent]
|turn|10
|
|move|p1a: all day nigga|Protect|p1a: all day nigga
|-singleturn|p1a: all day nigga|Protect
|move|p2a: Magnezone|Hidden Power|p1a: all day nigga
|-activate|p1a: all day nigga|Protect
|
|-damage|p2a: Magnezone|80\/281|[from] Leech Seed|[of] p1a: all day nigga
|turn|11
|
|move|p2a: Magnezone|Hidden Power|p1a: all day nigga
|-supereffective|p1a: all day nigga
|-damage|p1a: all day nigga|128\/352
|move|p1a: all day nigga|Spikes|p2a: Magnezone
|-sidestart|p2: Pika BOOOM|Spikes
|
|-heal|p1a: all day nigga|150\/352|[from] item: Leftovers
|-damage|p2a: Magnezone|45\/281|[from] Leech Seed|[of] p1a: all day nigga
|-heal|p1a: all day nigga|185\/352|[silent]
|turn|12
|
|move|p1a: all day nigga|Protect|p1a: all day nigga
|-singleturn|p1a: all day nigga|Protect
|move|p2a: Magnezone|Hidden Power|p1a: all day nigga
|-activate|p1a: all day nigga|Protect
|
|-heal|p1a: all day nigga|207\/352|[from] item: Leftovers
|-damage|p2a: Magnezone|10\/281|[from] Leech Seed|[of] p1a: all day nigga
|-heal|p1a: all day nigga|242\/352|[silent]
|turn|13
|
|move|p1a: all day nigga|Protect|p1a: all day nigga
|-fail|p1a: all day nigga
|move|p2a: Magnezone|Hidden Power|p1a: all day nigga
|-supereffective|p1a: all day nigga
|-damage|p1a: all day nigga|18\/352
|
|-heal|p1a: all day nigga|40\/352|[from] item: Leftovers
|-damage|p2a: Magnezone|0 fnt|[from] Leech Seed|[of] p1a: all day nigga
|-heal|p1a: all day nigga|50\/352|[silent]
|faint|p2a: Magnezone
|
|switch|p2a: Garchomp|Garchomp, F|358\/358
|-damage|p2a: Garchomp|299\/358|[from] Spikes
|turn|14
|
|move|p2a: Garchomp|Substitute|p2a: Garchomp
|-start|p2a: Garchomp|Substitute
|-damage|p2a: Garchomp|210\/358
|move|p1a: all day nigga|Leech Seed|p2a: Garchomp
|
|-heal|p2a: Garchomp|232\/358|[from] item: Leftovers
|-heal|p1a: all day nigga|72\/352|[from] item: Leftovers
|turn|15
|
|move|p2a: Garchomp|Swords Dance|p2a: Garchomp
|-boost|p2a: Garchomp|atk|2
|move|p1a: all day nigga|Power Whip|p2a: Garchomp
|-end|p2a: Garchomp|Substitute
|
|-heal|p2a: Garchomp|254\/358|[from] item: Leftovers
|-heal|p1a: all day nigga|94\/352|[from] item: Leftovers
|turn|16
|
|move|p2a: Garchomp|Earthquake|p1a: all day nigga
|-damage|p1a: all day nigga|0 fnt
|faint|p1a: all day nigga
|
|-heal|p2a: Garchomp|276\/358|[from] item: Leftovers
|
|switch|p1a: hey lol|Slowbro, F|394\/394
|-damage|p1a: hey lol|345\/394|[from] Stealth Rock
|turn|17
|
|move|p2a: Garchomp|Substitute|p2a: Garchomp
|-start|p2a: Garchomp|Substitute
|-damage|p2a: Garchomp|187\/358
|move|p1a: hey lol|Scald|p2a: Garchomp
|-end|p2a: Garchomp|Substitute
|
|-heal|p2a: Garchomp|209\/358|[from] item: Leftovers
|-heal|p1a: hey lol|369\/394|[from] item: Leftovers
|turn|18
|
|move|p2a: Garchomp|Swords Dance|p2a: Garchomp
|-boost|p2a: Garchomp|atk|2
|move|p1a: hey lol|Scald|p2a: Garchomp
|-damage|p2a: Garchomp|98\/358
|
|-heal|p2a: Garchomp|120\/358|[from] item: Leftovers
|-heal|p1a: hey lol|393\/394|[from] item: Leftovers
|turn|19
|
|move|p2a: Garchomp|Earthquake|p1a: hey lol
|-damage|p1a: hey lol|62\/394
|move|p1a: hey lol|Scald|p2a: Garchomp
|-damage|p2a: Garchomp|5\/358
|-status|p2a: Garchomp|brn
|
|-heal|p2a: Garchomp|27\/358 brn|[from] item: Leftovers
|-heal|p1a: hey lol|86\/394|[from] item: Leftovers
|-damage|p2a: Garchomp|0 fnt|[from] brn
|faint|p2a: Garchomp
|
|switch|p2a: Greninja|Greninja, M|285\/285
|-damage|p2a: Greninja|238\/285|[from] Spikes
|turn|20
|
|switch|p1a: purity ring|Clefable, M|393\/393
|move|p2a: Greninja|Dark Pulse|p1a: purity ring
|-start|p2a: Greninja|typechange|Dark|[from] Protean
|-resisted|p1a: purity ring
|-damage|p1a: purity ring|316\/393
|-damage|p2a: Greninja|210\/285|[from] item: Life Orb
|
|-heal|p1a: purity ring|340\/393|[from] item: Leftovers
|turn|21
|
|switch|p1a: run da jewels|Gliscor, F|353\/353
|-damage|p1a: run da jewels|309\/353|[from] Stealth Rock
|move|p2a: Greninja|Gunk Shot|p1a: run da jewels
|-start|p2a: Greninja|typechange|Poison|[from] Protean
|-resisted|p1a: run da jewels
|-damage|p1a: run da jewels|253\/353
|-damage|p2a: Greninja|182\/285|[from] item: Life Orb
|
|-status|p1a: run da jewels|tox|[from] item: Toxic Orb
|turn|22
|
|switch|p1a: hey lol|Slowbro, F|217\/394
|-damage|p1a: hey lol|168\/394|[from] Stealth Rock
|move|p2a: Greninja|Hydro Pump|p1a: hey lol
|-start|p2a: Greninja|typechange|Water|[from] Protean
|-resisted|p1a: hey lol
|-damage|p1a: hey lol|33\/394
|-damage|p2a: Greninja|154\/285|[from] item: Life Orb
|
|-heal|p1a: hey lol|57\/394|[from] item: Leftovers
|turn|23
|
|switch|p1a: pretend|Heatran, F|294\/385
|-damage|p1a: pretend|246\/385|[from] Stealth Rock
|move|p2a: Greninja|Hydro Pump|p1a: pretend
|-supereffective|p1a: pretend
|-damage|p1a: pretend|0 fnt
|-damage|p2a: Greninja|126\/285|[from] item: Life Orb
|faint|p1a: pretend
|
|
|switch|p1a: purity ring|Clefable, M|340\/393
|turn|24
|
|move|p2a: Greninja|Gunk Shot|p1a: purity ring
|-start|p2a: Greninja|typechange|Poison|[from] Protean
|-supereffective|p1a: purity ring
|-damage|p1a: purity ring|0 fnt
|-damage|p2a: Greninja|98\/285|[from] item: Life Orb
|faint|p1a: purity ring
|
|
|switch|p1a: run da jewels|Gliscor, F|253\/353 tox
|-damage|p1a: run da jewels|209\/353 tox|[from] Stealth Rock
|turn|25
|
|move|p2a: Greninja|Ice Beam|p1a: run da jewels
|-start|p2a: Greninja|typechange|Ice|[from] Protean
|-crit|p1a: run da jewels
|-supereffective|p1a: run da jewels
|-damage|p1a: run da jewels|0 fnt
|-damage|p2a: Greninja|70\/285|[from] item: Life Orb
|faint|p1a: run da jewels
|
|c|âPika BOOOM|gg
|
|switch|p1a: hey lol|Slowbro, F|188\/394
|-damage|p1a: hey lol|139\/394|[from] Stealth Rock
|turn|26
|c|âFKA Mence|yep great one
|-message|FKA Mence forfeited.
|
|win|Pika BOOOM
|raw|Ladder updating...
|raw|FKA Mence's rating: 1560 &rarr; <strong>1536<\/strong><br \/>(-24 for losing)
|raw|Pika BOOOM's rating: 1486 &rarr; <strong>1510<\/strong><br \/>(+24 for winning)
|leave|FKA Mence
|player|p1