|join|nyctest
|join|Pika BOOOM
|player|p1|nyctest|92
|player|p2|Pika BOOOM|283
|gametype|singles
|gen|6
|tier|OU
|rated
|clearpoke
|poke|p1|Landorus-Therian, M
|poke|p1|Ferrothorn, M
|poke|p1|Latias, F, shiny
|poke|p1|Keldeo-Resolute
|poke|p1|Gothitelle, F, shiny
|poke|p1|Charizard, M, shiny
|poke|p2|Pinsir, F
|poke|p2|Rotom-Wash
|poke|p2|Landorus-Therian, M
|poke|p2|Latias, F
|poke|p2|Keldeo
|poke|p2|Scizor, M
|rule|Swagger Clause: Swagger is banned
|rule|Baton Pass Clause: Limit one PokÃ©mon knowing Baton Pass
|rule|Sleep Clause Mod: Limit one foe put to sleep
|rule|Species Clause: Limit one of each PokÃ©mon
|rule|OHKO Clause: OHKO moves are banned
|rule|Moody Clause: Moody is banned
|rule|Evasion Moves Clause: Evasion moves are banned
|rule|Endless Battle Clause: Forcing endless battles is banned
|rule|HP Percentage Mod: HP is shown in percentages
|teampreview
|
|start
|switch|p1a: Charizard|Charizard, M, shiny|319\/319
|switch|p2a: Scizor|Scizor, M|343\/343
|turn|1
|
|switch|p2a: Latias|Latias, F|319\/319
|detailschange|p1a: Charizard|Charizard-Mega-X, M, shiny
|-mega|p1a: Charizard|Charizard|Charizardite X
|move|p1a: Charizard|Flare Blitz|p2a: Latias
|-resisted|p2a: Latias
|-damage|p2a: Latias|172\/319
|-status|p2a: Latias|brn
|-damage|p1a: Charizard|270\/319|[from] recoil|[of] p2a: Latias
|
|-damage|p2a: Latias|133\/319 brn|[from] brn
|turn|2
|
|switch|p1a: Ferrothorn|Ferrothorn, M|352\/352
|move|p2a: Latias|Roost|p2a: Latias
|-heal|p2a: Latias|293\/319 brn
|
|-damage|p2a: Latias|254\/319 brn|[from] brn
|turn|3
|
|switch|p2a: Landorus-Therian|Landorus-Therian, M|382\/382
|-ability|p2a: Landorus-Therian|Intimidate|[of] p1a: Ferrothorn
|-unboost|p1a: Ferrothorn|atk|1
|move|p1a: Ferrothorn|Leech Seed|p2a: Landorus-Therian
|-start|p2a: Landorus-Therian|move: Leech Seed
|
|-damage|p2a: Landorus-Therian|335\/382|[from] Leech Seed|[of] p1a: Ferrothorn
|turn|4
|
|switch|p1a: Landorus-Therian|Landorus-Therian, M|381\/381
|-ability|p1a: Landorus-Therian|Intimidate|[of] p2a: Landorus-Therian
|-unboost|p2a: Landorus-Therian|atk|1
|move|p2a: Landorus-Therian|Knock Off|p1a: Landorus-Therian
|-damage|p1a: Landorus-Therian|324\/381
|-enditem|p1a: Landorus-Therian|Leftovers|[from] move: Knock Off|[of] p2a: Landorus-Therian
|
|-heal|p2a: Landorus-Therian|358\/382|[from] item: Leftovers
|-damage|p2a: Landorus-Therian|311\/382|[from] Leech Seed|[of] p1a: Landorus-Therian
|-heal|p1a: Landorus-Therian|371\/381|[silent]
|turn|5
|
|move|p1a: Landorus-Therian|Stealth Rock|p2a: Landorus-Therian
|-sidestart|p2: Pika BOOOM|move: Stealth Rock
|move|p2a: Landorus-Therian|Stealth Rock|p1a: Landorus-Therian
|-sidestart|p1: nyctest|move: Stealth Rock
|
|-heal|p2a: Landorus-Therian|334\/382|[from] item: Leftovers
|-damage|p2a: Landorus-Therian|287\/382|[from] Leech Seed|[of] p1a: Landorus-Therian
|-heal|p1a: Landorus-Therian|381\/381|[silent]
|turn|6
|
|switch|p1a: Ferrothorn|Ferrothorn, M|352\/352
|-damage|p1a: Ferrothorn|330\/352|[from] Stealth Rock
|move|p2a: Landorus-Therian|U-turn|p1a: Ferrothorn
|-damage|p1a: Ferrothorn|291\/352
|-damage|p2a: Landorus-Therian|240\/382|[from] ability: Iron Barbs|[of] p1a: Ferrothorn
|
|switch|p2a: Scizor|Scizor, M|343\/343
|-damage|p2a: Scizor|301\/343|[from] Stealth Rock
|
|-heal|p1a: Ferrothorn|313\/352|[from] item: Leftovers
|turn|7
|
|switch|p1a: Landorus-Therian|Landorus-Therian, M|381\/381
|-damage|p1a: Landorus-Therian|334\/381|[from] Stealth Rock
|-ability|p1a: Landorus-Therian|Intimidate|[of] p2a: Scizor
|-unboost|p2a: Scizor|atk|1
|move|p2a: Scizor|U-turn|p1a: Landorus-Therian
|-resisted|p1a: Landorus-Therian
|-damage|p1a: Landorus-Therian|282\/381
|
|switch|p2a: Keldeo|Keldeo|323\/323
|-damage|p2a: Keldeo|303\/323|[from] Stealth Rock
|
|turn|8
|
|switch|p1a: Latias|Latias, F, shiny|319\/319
|-damage|p1a: Latias|280\/319|[from] Stealth Rock
|move|p2a: Keldeo|Scald|p1a: Latias
|-resisted|p1a: Latias
|-damage|p1a: Latias|198\/319
|-status|p1a: Latias|brn
|
|-damage|p1a: Latias|159\/319 brn|[from] brn
|turn|9
|
|switch|p1a: Charizard|Charizard-Mega-X, M, shiny|270\/319
|-damage|p1a: Charizard|191\/319|[from] Stealth Rock
|switch|p2a: Scizor|Scizor, M|301\/343
|-damage|p2a: Scizor|259\/343|[from] Stealth Rock
|
|turn|10
|
|switch|p2a: Landorus-Therian|Landorus-Therian, M|240\/382
|-damage|p2a: Landorus-Therian|193\/382|[from] Stealth Rock
|-ability|p2a: Landorus-Therian|Intimidate|[of] p1a: Charizard
|-unboost|p1a: Charizard|atk|1
|move|p1a: Charizard|Dragon Dance|p1a: Charizard
|-boost|p1a: Charizard|atk|1
|-boost|p1a: Charizard|spe|1
|
|-heal|p2a: Landorus-Therian|216\/382|[from] item: Leftovers
|turn|11
|
|move|p1a: Charizard|Flare Blitz|p2a: Landorus-Therian
|-damage|p2a: Landorus-Therian|0 fnt
|-damage|p1a: Charizard|120\/319|[from] recoil|[of] p2a: Landorus-Therian
|faint|p2a: Landorus-Therian
|
|
|switch|p2a: Keldeo|Keldeo|303\/323
|-damage|p2a: Keldeo|283\/323|[from] Stealth Rock
|turn|12
|
|switch|p1a: Gothitelle|Gothitelle, F, shiny|343\/343
|-damage|p1a: Gothitelle|301\/343|[from] Stealth Rock
|move|p2a: Keldeo|Scald|p1a: Gothitelle
|-damage|p1a: Gothitelle|111\/343
|
|turn|13
|
|move|p1a: Gothitelle|Psychic|p2a: Keldeo
|-supereffective|p2a: Keldeo
|-damage|p2a: Keldeo|49\/323
|move|p2a: Keldeo|Scald|p1a: Gothitelle
|-damage|p1a: Gothitelle|0 fnt
|faint|p1a: Gothitelle
|
|
|switch|p1a: Keldeo-Resolute|Keldeo-Resolute|323\/323
|-damage|p1a: Keldeo-Resolute|303\/323|[from] Stealth Rock
|turn|14
|
|switch|p2a: Latias|Latias, F|254\/319 brn
|-damage|p2a: Latias|215\/319 brn|[from] Stealth Rock
|move|p1a: Keldeo-Resolute|Scald|p2a: Latias
|-resisted|p2a: Latias
|-damage|p2a: Latias|161\/319 brn
|
|-damage|p2a: Latias|122\/319 brn|[from] brn
|turn|15
|
|switch|p1a: Ferrothorn|Ferrothorn, M|313\/352
|-damage|p1a: Ferrothorn|291\/352|[from] Stealth Rock
|move|p2a: Latias|Roost|p2a: Latias
|-heal|p2a: Latias|282\/319 brn
|
|-heal|p1a: Ferrothorn|313\/352|[from] item: Leftovers
|-damage|p2a: Latias|243\/319 brn|[from] brn
|turn|16
|
|switch|p2a: Scizor|Scizor, M|259\/343
|-damage|p2a: Scizor|217\/343|[from] Stealth Rock
|move|p1a: Ferrothorn|Leech Seed|p2a: Scizor
|-start|p2a: Scizor|move: Leech Seed
|
|-heal|p1a: Ferrothorn|335\/352|[from] item: Leftovers
|-damage|p2a: Scizor|175\/343|[from] Leech Seed|[of] p1a: Ferrothorn
|-heal|p1a: Ferrothorn|352\/352|[silent]
|turn|17
|
|move|p1a: Ferrothorn|Protect|p1a: Ferrothorn
|-singleturn|p1a: Ferrothorn|Protect
|move|p2a: Scizor|U-turn|p1a: Ferrothorn
|-activate|p1a: Ferrothorn|Protect
|
|-damage|p2a: Scizor|133\/343|[from] Leech Seed|[of] p1a: Ferrothorn
|turn|18
|
|switch|p2a: Rotom-Wash|Rotom-Wash|304\/304
|-damage|p2a: Rotom-Wash|266\/304|[from] Stealth Rock
|move|p1a: Ferrothorn|Thunder Wave|p2a: Rotom-Wash
|-fail|p2a: Rotom-Wash
|
|-heal|p2a: Rotom-Wash|285\/304|[from] item: Leftovers
|turn|19
|
|switch|p1a: Latias|Latias, F, shiny|159\/319 brn
|-damage|p1a: Latias|120\/319 brn|[from] Stealth Rock
|move|p2a: Rotom-Wash|Will-O-Wisp|p1a: Latias
|-fail|p1a: Latias|brn
|
|-heal|p2a: Rotom-Wash|304\/304|[from] item: Leftovers
|-damage|p1a: Latias|81\/319 brn|[from] brn
|turn|20
|
|move|p1a: Latias|Healing Wish|p1a: Latias
|faint|p1a: Latias
|move|p2a: Rotom-Wash|Hydro Pump|p1: Latias|[notarget]
|-notarget
|
|
|switch|p1a: Charizard|Charizard-Mega-X, M, shiny|120\/319
|-heal|p1a: Charizard|319\/319|[from] move: Healing Wish
|-damage|p1a: Charizard|240\/319|[from] Stealth Rock
|turn|21
|
|move|p1a: Charizard|Dragon Dance|p1a: Charizard
|-boost|p1a: Charizard|atk|1
|-boost|p1a: Charizard|spe|1
|move|p2a: Rotom-Wash|Hydro Pump|p1a: Charizard|[miss]
|-miss|p2a: Rotom-Wash|p1a: Charizard
|
|turn|22
|
|move|p1a: Charizard|Dragon Claw|p2a: Rotom-Wash
|-damage|p2a: Rotom-Wash|43\/304
|move|p2a: Rotom-Wash|Hydro Pump|p1a: Charizard
|-damage|p1a: Charizard|81\/319
|
|-heal|p2a: Rotom-Wash|62\/304|[from] item: Leftovers
|turn|23
|
|move|p1a: Charizard|Roost|p1a: Charizard
|-heal|p1a: Charizard|241\/319
|move|p2a: Rotom-Wash|Hydro Pump|p1a: Charizard
|-damage|p1a: Charizard|85\/319
|
|-heal|p2a: Rotom-Wash|81\/304|[from] item: Leftovers
|turn|24
|
|move|p1a: Charizard|Roost|p1a: Charizard
|-heal|p1a: Charizard|245\/319
|move|p2a: Rotom-Wash|Hydro Pump|p1a: Charizard
|-damage|p1a: Charizard|104\/319
|
|-heal|p2a: Rotom-Wash|100\/304|[from] item: Leftovers
|turn|25
|
|move|p1a: Charizard|Roost|p1a: Charizard
|-heal|p1a: Charizard|264\/319
|move|p2a: Rotom-Wash|Hydro Pump|p1a: Charizard|[miss]
|-miss|p2a: Rotom-Wash|p1a: Charizard
|
|-heal|p2a: Rotom-Wash|119\/304|[from] item: Leftovers
|turn|26
|-message|Pika BOOOM forfeited.
|leave|Pika BOOOM
|
|win|nyctest
|raw|Ladder updating...
|player|p2
|raw|nyctest's rating: 1732 &rarr; <strong>1744<\/strong><br \/>(+12 for winning)
|raw|Pika BOOOM's rating: 1583 &rarr; <strong>1571<\/strong><br \/>(-12 for losing)