|join|mexitacos
|join|Pika BOOOM
|player|p1|mexitacos|126
|player|p2|Pika BOOOM|23
|gametype|singles
|gen|6
|tier|OU
|rated
|clearpoke
|poke|p1|Arcanine, F
|poke|p1|Donphan, F
|poke|p1|Umbreon, F
|poke|p1|Milotic, F
|poke|p1|Machamp, F
|poke|p1|Slowbro, F, shiny
|poke|p2|Pinsir, M
|poke|p2|Rotom-Wash
|poke|p2|Landorus-Therian, M
|poke|p2|Latias, F
|poke|p2|Keldeo
|poke|p2|Scizor, F
|rule|Swagger Clause: Swagger is banned
|rule|Baton Pass Clause: Limit one PokÃ©mon knowing Baton Pass
|rule|Sleep Clause Mod: Limit one foe put to sleep
|rule|Species Clause: Limit one of each PokÃ©mon
|rule|OHKO Clause: OHKO moves are banned
|rule|Moody Clause: Moody is banned
|rule|Evasion Moves Clause: Evasion moves are banned
|rule|Endless Battle Clause: Forcing endless battles is banned
|rule|HP Percentage Mod: HP is shown in percentages
|teampreview
|
|start
|switch|p1a: Umbreon|Umbreon, F|394\/394
|switch|p2a: Rotom-Wash|Rotom-Wash|304\/304
|turn|1
|
|move|p1a: Umbreon|Protect|p1a: Umbreon
|-singleturn|p1a: Umbreon|Protect
|move|p2a: Rotom-Wash|Volt Switch|p1a: Umbreon
|-activate|p1a: Umbreon|Protect
|
|turn|2
|
|move|p2a: Rotom-Wash|Volt Switch|p1a: Umbreon
|-damage|p1a: Umbreon|343\/394
|
|switch|p2a: Scizor|Scizor, F|343\/343
|move|p1a: Umbreon|Wish|p1a: Umbreon
|
|-heal|p1a: Umbreon|367\/394|[from] item: Leftovers
|turn|3
|
|switch|p1a: Arcanine|Arcanine, F|322\/322
|-ability|p1a: Arcanine|Intimidate|[of] p2a: Scizor
|-unboost|p2a: Scizor|atk|1
|move|p2a: Scizor|U-turn|p1a: Arcanine
|-resisted|p1a: Arcanine
|-damage|p1a: Arcanine|247\/322
|
|switch|p2a: Keldeo|Keldeo|323\/323
|
|-heal|p1a: Arcanine|322\/322|[from] move: Wish|[wisher] Umbreon
|turn|4
|
|switch|p1a: Slowbro|Slowbro, F, shiny|394\/394
|move|p2a: Keldeo|Scald|p1a: Slowbro
|-resisted|p1a: Slowbro
|-damage|p1a: Slowbro|265\/394
|
|turn|5
|
|switch|p2a: Rotom-Wash|Rotom-Wash|304\/304
|move|p1a: Slowbro|Psyshock|p2a: Rotom-Wash
|-crit|p2a: Rotom-Wash
|-damage|p2a: Rotom-Wash|160\/304
|
|-heal|p2a: Rotom-Wash|179\/304|[from] item: Leftovers
|turn|6
|
|switch|p1a: Umbreon|Umbreon, F|367\/394
|move|p2a: Rotom-Wash|Will-O-Wisp|p1a: Umbreon|[miss]
|-miss|p2a: Rotom-Wash|p1a: Umbreon
|
|-heal|p2a: Rotom-Wash|198\/304|[from] item: Leftovers
|-heal|p1a: Umbreon|391\/394|[from] item: Leftovers
|turn|7
|
|move|p2a: Rotom-Wash|Pain Split|p1a: Umbreon
|-sethp|p1a: Umbreon|294\/394|p2a: Rotom-Wash|294\/304|[from] move: Pain Split
|move|p1a: Umbreon|Foul Play|p2a: Rotom-Wash
|-damage|p2a: Rotom-Wash|221\/304
|
|-heal|p2a: Rotom-Wash|240\/304|[from] item: Leftovers
|-heal|p1a: Umbreon|318\/394|[from] item: Leftovers
|turn|8
|
|move|p2a: Rotom-Wash|Volt Switch|p1a: Umbreon
|-damage|p1a: Umbreon|264\/394
|
|switch|p2a: Scizor|Scizor, F|343\/343
|move|p1a: Umbreon|Toxic|p2a: Scizor
|-fail|p2a: Scizor
|
|-heal|p1a: Umbreon|288\/394|[from] item: Leftovers
|turn|9
|
|move|p1a: Umbreon|Protect|p1a: Umbreon
|-singleturn|p1a: Umbreon|Protect
|move|p2a: Scizor|U-turn|p1a: Umbreon
|-activate|p1a: Umbreon|Protect
|
|-heal|p1a: Umbreon|312\/394|[from] item: Leftovers
|turn|10
|
|switch|p1a: Slowbro|Slowbro, F, shiny|394\/394
|move|p2a: Scizor|U-turn|p1a: Slowbro
|-supereffective|p1a: Slowbro
|-damage|p1a: Slowbro|110\/394
|-damage|p2a: Scizor|286\/343|[from] item: Rocky Helmet|[of] p1a: Slowbro
|
|switch|p2a: Rotom-Wash|Rotom-Wash|240\/304
|
|-heal|p2a: Rotom-Wash|259\/304|[from] item: Leftovers
|turn|11
|
|switch|p1a: Umbreon|Umbreon, F|312\/394
|move|p2a: Rotom-Wash|Volt Switch|p1a: Umbreon
|-crit|p1a: Umbreon
|-damage|p1a: Umbreon|240\/394
|
|switch|p2a: Scizor|Scizor, F|286\/343
|
|-heal|p1a: Umbreon|264\/394|[from] item: Leftovers
|turn|12
|
|move|p1a: Umbreon|Foul Play|p2a: Scizor
|-damage|p2a: Scizor|115\/343
|move|p2a: Scizor|U-turn|p1a: Umbreon
|-supereffective|p1a: Umbreon
|-damage|p1a: Umbreon|0 fnt
|faint|p1a: Umbreon
|
|switch|p2a: Rotom-Wash|Rotom-Wash|259\/304
|
|-heal|p2a: Rotom-Wash|278\/304|[from] item: Leftovers
|
|switch|p1a: Milotic|Milotic, F|394\/394
|turn|13
|
|move|p2a: Rotom-Wash|Volt Switch|p1a: Milotic
|-supereffective|p1a: Milotic
|-damage|p1a: Milotic|296\/394
|
|switch|p2a: Latias|Latias, F|319\/319
|move|p1a: Milotic|Mirror Coat|p2a: Latias
|-damage|p2a: Latias|123\/319
|
|-heal|p1a: Milotic|320\/394|[from] item: Leftovers
|turn|14
|
|move|p2a: Latias|Roost|p2a: Latias
|-heal|p2a: Latias|283\/319
|move|p1a: Milotic|Recover|p1a: Milotic
|-heal|p1a: Milotic|394\/394
|
|turn|15
|
|move|p2a: Latias|Psyshock|p1a: Milotic
|-damage|p1a: Milotic|209\/394
|-damage|p2a: Latias|252\/319|[from] item: Life Orb
|move|p1a: Milotic|Toxic|p2a: Latias
|-status|p2a: Latias|tox
|
|-heal|p1a: Milotic|233\/394|[from] item: Leftovers
|-damage|p2a: Latias|233\/319 tox|[from] psn
|turn|16
|
|switch|p2a: Landorus-Therian|Landorus-Therian, M|382\/382
|-ability|p2a: Landorus-Therian|Intimidate|[of] p1a: Milotic
|-unboost|p1a: Milotic|atk|1
|move|p1a: Milotic|Scald|p2a: Landorus-Therian
|-supereffective|p2a: Landorus-Therian
|-damage|p2a: Landorus-Therian|164\/382
|-status|p2a: Landorus-Therian|brn
|
|-heal|p2a: Landorus-Therian|187\/382 brn|[from] item: Leftovers
|-heal|p1a: Milotic|257\/394|[from] item: Leftovers
|-damage|p2a: Landorus-Therian|140\/382 brn|[from] brn
|turn|17
|
|move|p2a: Landorus-Therian|Stealth Rock|p1a: Milotic
|-sidestart|p1: mexitacos|move: Stealth Rock
|move|p1a: Milotic|Recover|p1a: Milotic
|-heal|p1a: Milotic|394\/394
|
|-heal|p2a: Landorus-Therian|163\/382 brn|[from] item: Leftovers
|-damage|p2a: Landorus-Therian|116\/382 brn|[from] brn
|turn|18
|
|switch|p1a: Slowbro|Slowbro, F, shiny|241\/394
|-damage|p1a: Slowbro|192\/394|[from] Stealth Rock
|move|p2a: Landorus-Therian|Knock Off|p1a: Slowbro
|-supereffective|p1a: Slowbro
|-damage|p1a: Slowbro|118\/394
|-damage|p2a: Landorus-Therian|53\/382 brn|[from] item: Rocky Helmet|[of] p1a: Slowbro
|-enditem|p1a: Slowbro|Rocky Helmet|[from] move: Knock Off|[of] p2a: Landorus-Therian
|
|-heal|p2a: Landorus-Therian|76\/382 brn|[from] item: Leftovers
|-damage|p2a: Landorus-Therian|29\/382 brn|[from] brn
|turn|19
|
|move|p2a: Landorus-Therian|U-turn|p1a: Slowbro
|-supereffective|p1a: Slowbro
|-damage|p1a: Slowbro|64\/394
|
|switch|p2a: Rotom-Wash|Rotom-Wash|278\/304
|move|p1a: Slowbro|Slack Off|p1a: Slowbro
|-heal|p1a: Slowbro|261\/394
|
|-heal|p2a: Rotom-Wash|297\/304|[from] item: Leftovers
|turn|20
|
|move|p2a: Rotom-Wash|Volt Switch|p1a: Slowbro
|-supereffective|p1a: Slowbro
|-damage|p1a: Slowbro|63\/394
|
|switch|p2a: Landorus-Therian|Landorus-Therian, M|29\/382 brn
|-ability|p2a: Landorus-Therian|Intimidate|[of] p1a: Slowbro
|-unboost|p1a: Slowbro|atk|1
|move|p1a: Slowbro|Scald|p2a: Landorus-Therian
|-supereffective|p2a: Landorus-Therian
|-damage|p2a: Landorus-Therian|0 fnt
|faint|p2a: Landorus-Therian
|
|
|switch|p2a: Rotom-Wash|Rotom-Wash|297\/304
|turn|21
|
|move|p2a: Rotom-Wash|Volt Switch|p1a: Slowbro
|-supereffective|p1a: Slowbro
|-damage|p1a: Slowbro|0 fnt
|faint|p1a: Slowbro
|
|switch|p2a: Keldeo|Keldeo|323\/323
|
|
|switch|p1a: Milotic|Milotic, F|394\/394
|-damage|p1a: Milotic|345\/394|[from] Stealth Rock
|turn|22
|
|move|p2a: Keldeo|Secret Sword|p1a: Milotic
|-damage|p1a: Milotic|84\/394
|move|p1a: Milotic|Recover|p1a: Milotic
|-heal|p1a: Milotic|281\/394
|
|-heal|p1a: Milotic|305\/394|[from] item: Leftovers
|turn|23
|
|move|p2a: Keldeo|Secret Sword|p1a: Milotic
|-damage|p1a: Milotic|47\/394
|move|p1a: Milotic|Toxic|p2a: Keldeo
|-status|p2a: Keldeo|tox
|
|-heal|p1a: Milotic|71\/394|[from] item: Leftovers
|-damage|p2a: Keldeo|303\/323 tox|[from] psn
|turn|24
|
|move|p2a: Keldeo|Secret Sword|p1a: Milotic
|-damage|p1a: Milotic|0 fnt
|faint|p1a: Milotic
|
|-damage|p2a: Keldeo|263\/323 tox|[from] psn
|
|switch|p1a: Machamp|Machamp, F|384\/384
|-damage|p1a: Machamp|360\/384|[from] Stealth Rock
|turn|25
|
|switch|p2a: Scizor|Scizor, F|115\/343
|move|p1a: Machamp|Dynamic Punch|p2a: Scizor
|-damage|p2a: Scizor|0 fnt
|faint|p2a: Scizor
|
|
|switch|p2a: Pinsir|Pinsir, M|271\/271
|turn|26
|
|switch|p1a: Arcanine|Arcanine, F|322\/322
|-damage|p1a: Arcanine|242\/322|[from] Stealth Rock
|-ability|p1a: Arcanine|Intimidate|[of] p2a: Pinsir
|-fail|p2a: Pinsir|unboost|Attack|[from] ability: Hyper Cutter|[of] p2a: Pinsir
|detailschange|p2a: Pinsir|Pinsir-Mega, M
|-mega|p2a: Pinsir|Pinsir|Pinsirite
|move|p2a: Pinsir|Return|p1a: Arcanine
|-damage|p1a: Arcanine|0 fnt
|faint|p1a: Arcanine
|
|
|switch|p1a: Donphan|Donphan, F|384\/384
|-damage|p1a: Donphan|360\/384|[from] Stealth Rock
|turn|27
|
|switch|p2a: Keldeo|Keldeo|263\/323 tox
|move|p1a: Donphan|Stealth Rock|p2a: Keldeo
|-sidestart|p2: Pika BOOOM|move: Stealth Rock
|
|-damage|p2a: Keldeo|243\/323 tox|[from] psn
|turn|28
|c|âPika BOOOM|gg
|
|move|p2a: Keldeo|Scald|p1a: Donphan
|-supereffective|p1a: Donphan
|-damage|p1a: Donphan|0 fnt
|faint|p1a: Donphan
|
|-damage|p2a: Keldeo|203\/323 tox|[from] psn
|
|switch|p1a: Machamp|Machamp, F|360\/384
|-damage|p1a: Machamp|336\/384|[from] Stealth Rock
|turn|29
|
|move|p2a: Keldeo|Scald|p1a: Machamp
|-damage|p1a: Machamp|182\/384
|move|p1a: Machamp|Dynamic Punch|p2a: Keldeo
|-damage|p2a: Keldeo|0 fnt
|faint|p2a: Keldeo
|
|
|switch|p2a: Latias|Latias, F|233\/319 tox
|-damage|p2a: Latias|194\/319 tox|[from] Stealth Rock
|turn|30
|
|move|p2a: Latias|Psyshock|p1a: Machamp
|-supereffective|p1a: Machamp
|-damage|p1a: Machamp|0 fnt
|-damage|p2a: Latias|163\/319 tox|[from] item: Life Orb
|faint|p1a: Machamp
|
|win|Pika BOOOM
|raw|Ladder updating...
|raw|mexitacos's rating: 1469 &rarr; <strong>1444<\/strong><br \/>(-25 for losing)
|raw|Pika BOOOM's rating: 1375 &rarr; <strong>1401<\/strong><br \/>(+26 for winning)
|leave|mexitacos
|player|p1