|join|Pete Zahut
|join|MartinSousRace
|player|p1|Pete Zahut|216
|player|p2|MartinSousRace|264
|gametype|singles
|gen|6
|tier|OU
|rated
|clearpoke
|poke|p1|Latias, F
|poke|p1|Greninja, M, shiny
|poke|p1|Skarmory, M
|poke|p1|Tentacruel, F
|poke|p1|Heatran, M
|poke|p1|Gastrodon, F
|poke|p2|Sharpedo, M
|poke|p2|Klefki, F
|poke|p2|Garchomp, F
|poke|p2|Clefable, M
|poke|p2|Rotom-Wash
|poke|p2|Keldeo
|rule|Swagger Clause: Swagger is banned
|rule|Baton Pass Clause: Limit one PokÃ©mon knowing Baton Pass
|rule|Sleep Clause Mod: Limit one foe put to sleep
|rule|Species Clause: Limit one of each PokÃ©mon
|rule|OHKO Clause: OHKO moves are banned
|rule|Moody Clause: Moody is banned
|rule|Evasion Moves Clause: Evasion moves are banned
|rule|Endless Battle Clause: Forcing endless battles is banned
|rule|HP Percentage Mod: HP is shown in percentages
|teampreview
|
|start
|switch|p1a: Tentacruel|Tentacruel, F|364\/364
|switch|p2a: Rotom-Wash|Rotom-Wash|303\/303
|turn|1
|
|move|p1a: Tentacruel|Toxic Spikes|p2a: Rotom-Wash
|-sidestart|p2: MartinSousRace|move: Toxic Spikes
|move|p2a: Rotom-Wash|Will-O-Wisp|p1a: Tentacruel
|-status|p1a: Tentacruel|brn
|
|-damage|p1a: Tentacruel|319\/364 brn|[from] brn
|turn|2
|
|move|p1a: Tentacruel|Knock Off|p2a: Rotom-Wash
|-damage|p2a: Rotom-Wash|286\/303
|-enditem|p2a: Rotom-Wash|Leftovers|[from] move: Knock Off|[of] p1a: Tentacruel
|move|p2a: Rotom-Wash|Volt Switch|p1a: Tentacruel
|-supereffective|p1a: Tentacruel
|-damage|p1a: Tentacruel|205\/364 brn
|join|Shiny Raichu
|
|switch|p2a: Klefki|Klefki, F|317\/317
|
|-heal|p1a: Tentacruel|227\/364 brn|[from] item: Black Sludge
|-damage|p1a: Tentacruel|182\/364 brn|[from] brn
|turn|3
|
|move|p2a: Klefki|Spikes|p1a: Tentacruel
|-sidestart|p1: Pete Zahut|Spikes
|move|p1a: Tentacruel|Toxic Spikes|p2a: Klefki
|-sidestart|p2: MartinSousRace|move: Toxic Spikes
|
|-heal|p1a: Tentacruel|204\/364 brn|[from] item: Black Sludge
|-damage|p1a: Tentacruel|159\/364 brn|[from] brn
|turn|4
|
|move|p1a: Tentacruel|Scald|p2a: Klefki
|-damage|p2a: Klefki|251\/317
|-status|p2a: Klefki|brn
|move|p2a: Klefki|Play Rough|p1a: Tentacruel
|-resisted|p1a: Tentacruel
|-damage|p1a: Tentacruel|128\/364 brn
|
|-heal|p1a: Tentacruel|150\/364 brn|[from] item: Black Sludge
|-heal|p2a: Klefki|270\/317 brn|[from] item: Leftovers
|-damage|p1a: Tentacruel|105\/364 brn|[from] brn
|-damage|p2a: Klefki|231\/317 brn|[from] brn
|turn|5
|
|move|p1a: Tentacruel|Knock Off|p2a: Klefki
|-resisted|p2a: Klefki
|-damage|p2a: Klefki|217\/317 brn
|-enditem|p2a: Klefki|Leftovers|[from] move: Knock Off|[of] p1a: Tentacruel
|move|p2a: Klefki|Play Rough|p1a: Tentacruel
|-resisted|p1a: Tentacruel
|-damage|p1a: Tentacruel|73\/364 brn
|
|-heal|p1a: Tentacruel|95\/364 brn|[from] item: Black Sludge
|-damage|p1a: Tentacruel|50\/364 brn|[from] brn
|-damage|p2a: Klefki|178\/317 brn|[from] brn
|turn|6
|
|move|p1a: Tentacruel|Rapid Spin|p2a: Klefki
|-resisted|p2a: Klefki
|-damage|p2a: Klefki|175\/317 brn
|-sideend|p1: Pete Zahut|Spikes|[from] move: Rapid Spin|[of] p1a: Tentacruel
|move|p2a: Klefki|Play Rough|p1a: Tentacruel
|-resisted|p1a: Tentacruel
|-damage|p1a: Tentacruel|20\/364 brn
|
|-heal|p1a: Tentacruel|42\/364 brn|[from] item: Black Sludge
|-damage|p1a: Tentacruel|0 fnt|[from] brn
|-damage|p2a: Klefki|136\/317 brn|[from] brn
|faint|p1a: Tentacruel
|
|switch|p1a: Heatran|Heatran, M|324\/324
|turn|7
|
|switch|p2a: Rotom-Wash|Rotom-Wash|286\/303
|move|p1a: Heatran|Lava Plume|p2a: Rotom-Wash
|-resisted|p2a: Rotom-Wash
|-damage|p2a: Rotom-Wash|208\/303
|
|turn|8
|
|switch|p1a: Gastrodon|Gastrodon, F|426\/426
|move|p2a: Rotom-Wash|Volt Switch|p1a: Gastrodon
|-immune|p1a: Gastrodon|[msg]
|
|turn|9
|
|move|p2a: Rotom-Wash|Volt Switch|p1a: Gastrodon
|-immune|p1a: Gastrodon|[msg]
|move|p1a: Gastrodon|Toxic|p2a: Rotom-Wash
|-status|p2a: Rotom-Wash|tox
|
|-damage|p2a: Rotom-Wash|190\/303 tox|[from] psn
|turn|10
|
|switch|p1a: Heatran|Heatran, M|324\/324
|move|p2a: Rotom-Wash|Will-O-Wisp|p1a: Heatran
|-start|p1a: Heatran|ability: Flash Fire
|
|-damage|p2a: Rotom-Wash|154\/303 tox|[from] psn
|turn|11
|
|switch|p2a: Keldeo|Keldeo|323\/323
|-status|p2a: Keldeo|tox
|move|p1a: Heatran|Taunt|p2a: Keldeo
|-start|p2a: Keldeo|move: Taunt
|
|-damage|p2a: Keldeo|303\/323 tox|[from] psn
|turn|12
|
|switch|p1a: Latias|Latias, F|363\/363
|move|p2a: Keldeo|Icy Wind|p1a: Latias
|-supereffective|p1a: Latias
|-damage|p1a: Latias|253\/363
|-unboost|p1a: Latias|spe|1
|
|-damage|p2a: Keldeo|263\/323 tox|[from] psn
|turn|13
|
|switch|p2a: Garchomp|Garchomp, F|413\/413
|-status|p2a: Garchomp|tox
|detailschange|p1a: Latias|Latias-Mega, F
|message|Latias has Mega Evolved into Mega Latias!
|move|p1a: Latias|Substitute|p1a: Latias
|-start|p1a: Latias|Substitute
|-damage|p1a: Latias|163\/363
|
|-damage|p2a: Garchomp|388\/413 tox|[from] psn
|turn|14
|
|move|p2a: Garchomp|Stealth Rock|p1a: Latias
|-sidestart|p1: Pete Zahut|move: Stealth Rock
|move|p1a: Latias|Roost|p1a: Latias
|-heal|p1a: Latias|345\/363
|
|-damage|p2a: Garchomp|338\/413 tox|[from] psn
|turn|15
|
|switch|p2a: Clefable|Clefable, M|394\/394
|-status|p2a: Clefable|tox
|move|p1a: Latias|Substitute|p1a: Latias
|-fail|p1a: Latias|move: Substitute
|
|-damage|p2a: Clefable|370\/394 tox|[from] psn
|turn|16
|
|switch|p1a: Heatran|Heatran, M|324\/324
|-damage|p1a: Heatran|284\/324|[from] Stealth Rock
|move|p2a: Clefable|Moonblast|p1a: Heatran
|-resisted|p1a: Heatran
|-damage|p1a: Heatran|259\/324
|-unboost|p1a: Heatran|spa|1
|
|-heal|p1a: Heatran|279\/324|[from] item: Leftovers
|-heal|p2a: Clefable|394\/394 tox|[from] item: Leftovers
|-damage|p2a: Clefable|346\/394 tox|[from] psn
|turn|17
|
|switch|p2a: Garchomp|Garchomp, F|338\/413 tox
|move|p1a: Heatran|Taunt|p2a: Garchomp
|-start|p2a: Garchomp|move: Taunt
|
|-heal|p1a: Heatran|299\/324|[from] item: Leftovers
|-damage|p2a: Garchomp|313\/413 tox|[from] psn
|turn|18
|
|switch|p2a: Klefki|Klefki, F|136\/317 brn
|switch|p1a: Skarmory|Skarmory, M|334\/334
|-damage|p1a: Skarmory|293\/334|[from] Stealth Rock
|
|-damage|p2a: Klefki|97\/317 brn|[from] brn
|turn|19
|
|move|p2a: Klefki|Spikes|p1a: Skarmory
|-sidestart|p1: Pete Zahut|Spikes
|move|p1a: Skarmory|Stealth Rock|p2a: Klefki
|-sidestart|p2: MartinSousRace|move: Stealth Rock
|
|-damage|p2a: Klefki|58\/317 brn|[from] brn
|turn|20
|
|move|p2a: Klefki|Spikes|p1a: Skarmory
|-sidestart|p1: Pete Zahut|Spikes
|move|p1a: Skarmory|Brave Bird|p2a: Klefki
|-resisted|p2a: Klefki
|-damage|p2a: Klefki|0 fnt
|-damage|p1a: Skarmory|274\/334|[from] recoil|[of] p2a: Klefki
|faint|p2a: Klefki
|
|
|switch|p2a: Keldeo|Keldeo|263\/323 tox
|-damage|p2a: Keldeo|243\/323 tox|[from] Stealth Rock
|turn|21
|
|switch|p1a: Latias|Latias-Mega, F|345\/363
|-damage|p1a: Latias|300\/363|[from] Stealth Rock
|move|p2a: Keldeo|Hydro Pump|p1a: Latias
|-resisted|p1a: Latias
|-damage|p1a: Latias|231\/363
|
|-damage|p2a: Keldeo|223\/323 tox|[from] psn
|turn|22
|leave|Shiny Raichu
|
|switch|p2a: Clefable|Clefable, M|346\/394 tox
|-damage|p2a: Clefable|297\/394 tox|[from] Stealth Rock
|move|p1a: Latias|Substitute|p1a: Latias
|-start|p1a: Latias|Substitute
|-damage|p1a: Latias|141\/363
|
|-heal|p2a: Clefable|321\/394 tox|[from] item: Leftovers
|-damage|p2a: Clefable|297\/394 tox|[from] psn
|turn|23
|
|move|p1a: Latias|Roost|p1a: Latias
|-heal|p1a: Latias|323\/363
|move|p2a: Clefable|Moonblast|p1a: Latias
|-supereffective|p1a: Latias
|-end|p1a: Latias|Substitute
|
|-heal|p2a: Clefable|321\/394 tox|[from] item: Leftovers
|-damage|p2a: Clefable|273\/394 tox|[from] psn
|turn|24
|
|switch|p2a: Sharpedo|Sharpedo, M|281\/281
|-status|p2a: Sharpedo|tox
|-damage|p2a: Sharpedo|246\/281 tox|[from] Stealth Rock
|move|p1a: Latias|Substitute|p1a: Latias
|-start|p1a: Latias|Substitute
|-damage|p1a: Latias|233\/363
|
|-damage|p2a: Sharpedo|229\/281 tox|[from] psn
|turn|25
|
|move|p2a: Sharpedo|Crunch|p1a: Latias
|-supereffective|p1a: Latias
|-end|p1a: Latias|Substitute
|move|p1a: Latias|Substitute|p1a: Latias
|-start|p1a: Latias|Substitute
|-damage|p1a: Latias|143\/363
|
|-damage|p2a: Sharpedo|195\/281 tox|[from] psn
|-boost|p2a: Sharpedo|spe|1|[from] ability: Speed Boost
|turn|26
|c|âMartinSousRace|zzz
|
|move|p2a: Sharpedo|Crunch|p1a: Latias
|-supereffective|p1a: Latias
|-end|p1a: Latias|Substitute
|move|p1a: Latias|Substitute|p1a: Latias
|-start|p1a: Latias|Substitute
|-damage|p1a: Latias|53\/363
|
|-damage|p2a: Sharpedo|144\/281 tox|[from] psn
|-boost|p2a: Sharpedo|spe|1|[from] ability: Speed Boost
|turn|27
|
|switch|p2a: Clefable|Clefable, M|273\/394 tox
|-damage|p2a: Clefable|224\/394 tox|[from] Stealth Rock
|move|p1a: Latias|Roost|p1a: Latias
|-heal|p1a: Latias|235\/363
|
|-heal|p2a: Clefable|248\/394 tox|[from] item: Leftovers
|-damage|p2a: Clefable|224\/394 tox|[from] psn
|turn|28
|
|move|p1a: Latias|Calm Mind|p1a: Latias
|-boost|p1a: Latias|spa|1
|-boost|p1a: Latias|spd|1
|move|p2a: Clefable|Moonblast|p1a: Latias
|-crit|p1a: Latias
|-supereffective|p1a: Latias
|-end|p1a: Latias|Substitute
|
|-heal|p2a: Clefable|248\/394 tox|[from] item: Leftovers
|-damage|p2a: Clefable|200\/394 tox|[from] psn
|turn|29
|
|move|p1a: Latias|Roost|p1a: Latias
|-heal|p1a: Latias|363\/363
|move|p2a: Clefable|Moonblast|p1a: Latias
|-supereffective|p1a: Latias
|-damage|p1a: Latias|219\/363
|
|-heal|p2a: Clefable|224\/394 tox|[from] item: Leftovers
|-damage|p2a: Clefable|152\/394 tox|[from] psn
|turn|30
|
|move|p1a: Latias|Substitute|p1a: Latias
|-start|p1a: Latias|Substitute
|-damage|p1a: Latias|129\/363
|move|p2a: Clefable|Moonlight|p2a: Clefable
|-heal|p2a: Clefable|349\/394 tox
|
|-heal|p2a: Clefable|373\/394 tox|[from] item: Leftovers
|-damage|p2a: Clefable|277\/394 tox|[from] psn
|turn|31
|c|âMartinSousRace|so many boring mega right know i dont even know what to build right know
|c|âPete Zahut|inb4 whatever rage comment you have in mind
|
|move|p1a: Latias|Roost|p1a: Latias
|-heal|p1a: Latias|311\/363
|move|p2a: Clefable|Moonblast|p1a: Latias
|-supereffective|p1a: Latias
|-end|p1a: Latias|Substitute
|
|-heal|p2a: Clefable|301\/394 tox|[from] item: Leftovers
|-damage|p2a: Clefable|181\/394 tox|[from] psn
|turn|32
|c|âPete Zahut|i gues not inb4
|c|âPete Zahut|lol
|c|âMartinSousRace|:\/
|
|move|p1a: Latias|Substitute|p1a: Latias
|-start|p1a: Latias|Substitute
|-damage|p1a: Latias|221\/363
|move|p2a: Clefable|Moonblast|p1a: Latias
|-crit|p1a: Latias
|-supereffective|p1a: Latias
|-end|p1a: Latias|Substitute
|
|-heal|p2a: Clefable|205\/394 tox|[from] item: Leftovers
|-damage|p2a: Clefable|61\/394 tox|[from] psn
|turn|33
|c|âMartinSousRace|its so hard to deal with all new mega
|c|âPete Zahut|my team dels well enought with teams to leave the rest on plays
|c|âPete Zahut|decent enough
|c|âPete Zahut|to be around 1550
|
|move|p1a: Latias|Substitute|p1a: Latias
|-start|p1a: Latias|Substitute
|-damage|p1a: Latias|131\/363
|move|p2a: Clefable|Moonblast|p1a: Latias
|-supereffective|p1a: Latias
|-end|p1a: Latias|Substitute
|
|-heal|p2a: Clefable|85\/394 tox|[from] item: Leftovers
|-damage|p2a: Clefable|0 fnt|[from] psn
|faint|p2a: Clefable
|
|switch|p2a: Sharpedo|Sharpedo, M|144\/281 tox
|-damage|p2a: Sharpedo|109\/281 tox|[from] Stealth Rock
|turn|34
|
|switch|p1a: Skarmory|Skarmory, M|274\/334
|-damage|p1a: Skarmory|233\/334|[from] Stealth Rock
|move|p2a: Sharpedo|Crunch|p1a: Skarmory
|-crit|p1a: Skarmory
|-damage|p1a: Skarmory|110\/334
|
|-damage|p2a: Sharpedo|92\/281 tox|[from] psn
|-boost|p2a: Sharpedo|spe|1|[from] ability: Speed Boost
|turn|35
|
|detailschange|p2a: Sharpedo|Sharpedo-Mega, M
|message|Sharpedo has Mega Evolved into Mega Sharpedo!
|move|p2a: Sharpedo|Crunch|p1a: Skarmory
|-damage|p1a: Skarmory|0 fnt
|faint|p1a: Skarmory
|
|-damage|p2a: Sharpedo|58\/281 tox|[from] psn
|
|switch|p1a: Gastrodon|Gastrodon, F|426\/426
|-damage|p1a: Gastrodon|400\/426|[from] Stealth Rock
|-damage|p1a: Gastrodon|329\/426|[from] Spikes
|turn|36
|
|move|p2a: Sharpedo|Crunch|p1a: Gastrodon
|-damage|p1a: Gastrodon|94\/426
|-unboost|p1a: Gastrodon|def|1
|move|p1a: Gastrodon|Recover|p1a: Gastrodon
|-heal|p1a: Gastrodon|307\/426
|
|-heal|p1a: Gastrodon|333\/426|[from] item: Leftovers
|-damage|p2a: Sharpedo|7\/281 tox|[from] psn
|turn|37
|
|switch|p1a: Heatran|Heatran, M|299\/324
|-damage|p1a: Heatran|245\/324|[from] Spikes
|-damage|p1a: Heatran|205\/324|[from] Stealth Rock
|move|p2a: Sharpedo|Crunch|p1a: Heatran
|-damage|p1a: Heatran|0 fnt
|faint|p1a: Heatran
|
|-damage|p2a: Sharpedo|0 fnt|[from] psn
|faint|p2a: Sharpedo
|
|switch|p2a: Garchomp|Garchomp, F|313\/413 tox
|switch|p1a: Latias|Latias-Mega, F|131\/363
|-damage|p2a: Garchomp|288\/413 tox|[from] Stealth Rock
|-damage|p1a: Latias|86\/363|[from] Stealth Rock
|turn|38
|
|move|p2a: Garchomp|Toxic|p1a: Latias
|-status|p1a: Latias|tox
|move|p1a: Latias|Roost|p1a: Latias
|-heal|p1a: Latias|268\/363 tox
|
|-damage|p2a: Garchomp|263\/413 tox|[from] psn
|-damage|p1a: Latias|246\/363 tox|[from] psn
|turn|39
|
|switch|p2a: Rotom-Wash|Rotom-Wash|154\/303 tox
|-damage|p2a: Rotom-Wash|117\/303 tox|[from] Stealth Rock
|move|p1a: Latias|Stored Power|p2a: Rotom-Wash
|-damage|p2a: Rotom-Wash|86\/303 tox
|
|-damage|p1a: Latias|202\/363 tox|[from] psn
|-damage|p2a: Rotom-Wash|68\/303 tox|[from] psn
|turn|40
|
|move|p1a: Latias|Stored Power|p2a: Rotom-Wash
|-damage|p2a: Rotom-Wash|37\/303 tox
|move|p2a: Rotom-Wash|Pain Split|p1a: Latias
|-sethp|p1a: Latias|119\/363 tox|p2a: Rotom-Wash|119\/303 tox|[from] move: Pain Split
|
|-damage|p1a: Latias|53\/363 tox|[from] psn
|-damage|p2a: Rotom-Wash|83\/303 tox|[from] psn
|turn|41
|
|move|p1a: Latias|Stored Power|p2a: Rotom-Wash
|-damage|p2a: Rotom-Wash|50\/303 tox
|move|p2a: Rotom-Wash|Will-O-Wisp|p1a: Latias
|-fail|p1a: Latias
|
|-damage|p1a: Latias|0 fnt|[from] psn
|-damage|p2a: Rotom-Wash|0 fnt|[from] psn
|faint|p1a: Latias
|faint|p2a: Rotom-Wash
|
|switch|p2a: Keldeo|Keldeo|223\/323 tox
|switch|p1a: Gastrodon|Gastrodon, F|333\/426
|-damage|p2a: Keldeo|203\/323 tox|[from] Stealth Rock
|-damage|p1a: Gastrodon|262\/426|[from] Spikes
|-damage|p1a: Gastrodon|236\/426|[from] Stealth Rock
|turn|42
|
|switch|p2a: Garchomp|Garchomp, F|263\/413 tox
|-damage|p2a: Garchomp|238\/413 tox|[from] Stealth Rock
|move|p1a: Gastrodon|Recover|p1a: Gastrodon
|-heal|p1a: Gastrodon|426\/426
|
|-damage|p2a: Garchomp|213\/413 tox|[from] psn
|turn|43
|
|switch|p1a: Greninja|Greninja, M, shiny|285\/285
|-damage|p1a: Greninja|250\/285|[from] Stealth Rock
|-damage|p1a: Greninja|203\/285|[from] Spikes
|move|p2a: Garchomp|Earthquake|p1a: Greninja
|-damage|p1a: Greninja|0 fnt
|faint|p1a: Greninja
|
|-damage|p2a: Garchomp|163\/413 tox|[from] psn
|
|switch|p1a: Gastrodon|Gastrodon, F|426\/426
|-damage|p1a: Gastrodon|400\/426|[from] Stealth Rock
|-damage|p1a: Gastrodon|329\/426|[from] Spikes
|turn|44
|
|move|p2a: Garchomp|Toxic|p1a: Gastrodon
|-status|p1a: Gastrodon|tox
|move|p1a: Gastrodon|Recover|p1a: Gastrodon
|-heal|p1a: Gastrodon|426\/426 tox
|
|-damage|p2a: Garchomp|88\/413 tox|[from] psn
|-damage|p1a: Gastrodon|400\/426 tox|[from] psn
|turn|45
|
|switch|p2a: Keldeo|Keldeo|203\/323 tox
|-damage|p2a: Keldeo|183\/323 tox|[from] Stealth Rock
|move|p1a: Gastrodon|Recover|p1a: Gastrodon
|-heal|p1a: Gastrodon|426\/426 tox
|
|-damage|p2a: Keldeo|163\/323 tox|[from] psn
|-damage|p1a: Gastrodon|374\/426 tox|[from] psn
|turn|46
|
|move|p2a: Keldeo|Secret Sword|p1a: Gastrodon
|-damage|p1a: Gastrodon|232\/426 tox
|move|p1a: Gastrodon|Earthquake|p2a: Keldeo
|-damage|p2a: Keldeo|51\/323 tox
|
|-heal|p1a: Gastrodon|258\/426 tox|[from] item: Leftovers
|-damage|p2a: Keldeo|11\/323 tox|[from] psn
|-damage|p1a: Gastrodon|180\/426 tox|[from] psn
|turn|47
|
|move|p2a: Keldeo|Secret Sword|p1a: Gastrodon
|-damage|p1a: Gastrodon|36\/426 tox
|move|p1a: Gastrodon|Recover|p1a: Gastrodon
|-heal|p1a: Gastrodon|249\/426 tox
|
|-heal|p1a: Gastrodon|275\/426 tox|[from] item: Leftovers
|-damage|p2a: Keldeo|0 fnt|[from] psn
|-damage|p1a: Gastrodon|171\/426 tox|[from] psn
|faint|p2a: Keldeo
|
|switch|p2a: Garchomp|Garchomp, F|88\/413 tox
|-damage|p2a: Garchomp|63\/413 tox|[from] Stealth Rock
|turn|48
|
|move|p2a: Garchomp|Protect|p2a: Garchomp
|-singleturn|p2a: Garchomp|Protect
|move|p1a: Gastrodon|Scald|p2a: Garchomp
|-activate|p2a: Garchomp|Protect
|
|-heal|p1a: Gastrodon|197\/426 tox|[from] item: Leftovers
|-damage|p2a: Garchomp|38\/413 tox|[from] psn
|-damage|p1a: Gastrodon|67\/426 tox|[from] psn
|turn|49
|
|move|p2a: Garchomp|Earthquake|p1a: Gastrodon
|-crit|p1a: Gastrodon
|-damage|p1a: Gastrodon|0 fnt
|faint|p1a: Gastrodon
|
|win|MartinSousRace
|raw|Ladder updating...
|c|âMartinSousRace|gg
|raw|Pete Zahut's rating: 1535 &rarr; <strong>1513<\/strong><br \/>(-22 for losing)
|raw|MartinSousRace's rating: 1502 &rarr; <strong>1524<\/strong><br \/>(+22 for winning)
|leave|Pete Zahut
|player|p1