|join|MartinSousRace
|join|Pago
|player|p1|MartinSousRace|38
|player|p2|Pago|1
|gametype|singles
|gen|6
|tier|OU
|rated
|clearpoke
|poke|p1|Aegislash, M
|poke|p1|Azumarill, M
|poke|p1|Bisharp, F
|poke|p1|Deoxys-Defense
|poke|p1|Pinsir, F
|poke|p1|Latios, M
|poke|p2|Charizard, F
|poke|p2|Greninja, M
|poke|p2|Gliscor, M
|poke|p2|Scizor, F
|poke|p2|Tyranitar, M
|poke|p2|Zapdos
|rule|Sleep Clause Mod: Limit one foe put to sleep
|rule|Species Clause: Limit one of each Pokemon
|rule|OHKO Clause: OHKO moves are banned
|rule|Moody Clause: Moody is banned
|rule|Evasion Moves Clause: Evasion moves are banned
|rule|Endless Battle Clause: Forcing endless battles is banned.
|rule|HP Percentage Mod: HP is reported as percentages
|teampreview
|
|start
|switch|p1a: Deoxys-Defense|Deoxys-Defense|304\/304
|switch|p2a: Greninja|Greninja, M|286\/286
|-ability|p1a: Deoxys-Defense|Pressure
|turn|1
|
|-start|p2a: Greninja|typechange|Dark|[from] Protean
|move|p2a: Greninja|Dark Pulse|p1a: Deoxys-Defense
|-supereffective|p1a: Deoxys-Defense
|-damage|p1a: Deoxys-Defense|134\/304
|-enditem|p1a: Deoxys-Defense|Red Card|[of] p2a: Greninja
|drag|p2a: Charizard|Charizard, F|297\/297
|move|p1a: Deoxys-Defense|Stealth Rock|p2a: Charizard
|-sidestart|p2: Pago|move: Stealth Rock
|
|turn|2
|
|-formechange|p2a: Charizard|Charizard-Mega-Y
|message|Charizard has Mega Evolved into Mega Charizard!
|-weather|SunnyDay
|move|p2a: Charizard|Flamethrower|p1a: Deoxys-Defense
|-damage|p1a: Deoxys-Defense|0 fnt
|faint|p1a: Deoxys-Defense
|
|-weather|SunnyDay|[upkeep]
|
|switch|p1a: Latios|Latios, M|302\/302
|turn|3
|
|switch|p2a: Tyranitar|Tyranitar, M|404\/404
|-damage|p2a: Tyranitar|354\/404|[from] Stealth Rock
|-weather|Sandstorm
|move|p1a: Latios|Thunderbolt|p2a: Tyranitar
|-damage|p2a: Tyranitar|285\/404
|-damage|p1a: Latios|272\/302|[from] item: Life Orb
|
|-weather|Sandstorm|[upkeep]
|-damage|p1a: Latios|254\/302|[from] sandstorm
|-heal|p2a: Tyranitar|310\/404|[from] item: Leftovers
|turn|4
|
|switch|p1a: Azumarill|Azumarill, M|404\/404
|move|p2a: Tyranitar|Roar|p1a: Azumarill
|drag|p1a: Latios|Latios, M|254\/302
|
|-weather|Sandstorm|[upkeep]
|-damage|p1a: Latios|236\/302|[from] sandstorm
|-heal|p2a: Tyranitar|335\/404|[from] item: Leftovers
|turn|5
|
|switch|p1a: Pinsir|Pinsir, F|271\/271
|move|p2a: Tyranitar|Stealth Rock|p1a: Pinsir
|-sidestart|p1: MartinSousRace|move: Stealth Rock
|
|-weather|Sandstorm|[upkeep]
|-damage|p1a: Pinsir|255\/271|[from] sandstorm
|-heal|p2a: Tyranitar|360\/404|[from] item: Leftovers
|turn|6
|
|switch|p2a: Gliscor|Gliscor, M|354\/354
|-damage|p2a: Gliscor|310\/354|[from] Stealth Rock
|-formechange|p1a: Pinsir|Pinsir-Mega
|message|Pinsir has Mega Evolved into Mega Pinsir!
|move|p1a: Pinsir|Swords Dance|p1a: Pinsir
|-boost|p1a: Pinsir|atk|2
|
|-weather|Sandstorm|[upkeep]
|-damage|p1a: Pinsir|239\/271|[from] sandstorm
|-status|p2a: Gliscor|tox|[from] item: Toxic Orb
|turn|7
|
|move|p1a: Pinsir|Frustration|p2a: Gliscor
|-damage|p2a: Gliscor|0 fnt
|faint|p2a: Gliscor
|
|-weather|none
|
|switch|p2a: Tyranitar|Tyranitar, M|360\/404
|-damage|p2a: Tyranitar|310\/404|[from] Stealth Rock
|-weather|Sandstorm
|turn|8
|
|move|p1a: Pinsir|Earthquake|p2a: Tyranitar
|-supereffective|p2a: Tyranitar
|-damage|p2a: Tyranitar|0 fnt
|faint|p2a: Tyranitar
|
|-weather|Sandstorm|[upkeep]
|-damage|p1a: Pinsir|223\/271|[from] sandstorm
|
|switch|p2a: Scizor|Scizor, F|344\/344
|-damage|p2a: Scizor|301\/344|[from] Stealth Rock
|turn|9
|
|move|p2a: Scizor|Bullet Punch|p1a: Pinsir
|-damage|p1a: Pinsir|78\/271
|move|p1a: Pinsir|Frustration|p2a: Scizor
|-damage|p2a: Scizor|0 fnt
|faint|p2a: Scizor
|
|-weather|Sandstorm|[upkeep]
|-damage|p1a: Pinsir|62\/271|[from] sandstorm
|
|switch|p2a: Zapdos|Zapdos|384\/384
|-damage|p2a: Zapdos|288\/384|[from] Stealth Rock
|-ability|p2a: Zapdos|Pressure
|turn|10
|
|move|p1a: Pinsir|Frustration|p2a: Zapdos
|-resisted|p2a: Zapdos
|-damage|p2a: Zapdos|0 fnt
|faint|p2a: Zapdos
|
|-weather|Sandstorm|[upkeep]
|-damage|p1a: Pinsir|46\/271|[from] sandstorm
|
|switch|p2a: Greninja|Greninja, M|286\/286
|-damage|p2a: Greninja|251\/286|[from] Stealth Rock
|turn|11
|
|move|p1a: Pinsir|Quick Attack|p2a: Greninja
|-damage|p2a: Greninja|0 fnt
|faint|p2a: Greninja
|
|-weather|Sandstorm|[upkeep]
|-damage|p1a: Pinsir|30\/271|[from] sandstorm
|
|switch|p2a: Charizard|Charizard, F|297\/297
|-formechange|p2a: Charizard|Charizard-Mega-Y
|-damage|p2a: Charizard|149\/297|[from] Stealth Rock
|-weather|SunnyDay
|turn|12
|
|move|p1a: Pinsir|Frustration|p2a: Charizard
|-damage|p2a: Charizard|0 fnt
|faint|p2a: Charizard
|
|win|MartinSousRace
|raw|Ladder updating...
|raw|MartinSousRace's rating: 1663 &rarr; <strong>1688<\/strong><br \/>(+25 for winning)
|raw|Pago's rating: 1749 &rarr; <strong>1724<\/strong><br \/>(-25 for losing)