|join|MartinSousRace
|join|giant steps
|player|p1|MartinSousRace|38
|player|p2|giant steps|11
|gametype|singles
|gen|6
|tier|OU
|rated
|clearpoke
|poke|p1|Aegislash, M
|poke|p1|Azumarill, M
|poke|p1|Bisharp, M
|poke|p1|Deoxys-Defense
|poke|p1|Pinsir, F
|poke|p1|Latios, M
|poke|p2|Clefable, M, shiny
|poke|p2|Mawile, M, shiny
|poke|p2|Porygon2, shiny
|poke|p2|Chansey, F, shiny
|poke|p2|Mandibuzz, F, shiny
|poke|p2|Slowbro, M, shiny
|rule|Sleep Clause Mod: Limit one foe put to sleep
|rule|Species Clause: Limit one of each Pokemon
|rule|OHKO Clause: OHKO moves are banned
|rule|Moody Clause: Moody is banned
|rule|Evasion Moves Clause: Evasion moves are banned
|rule|Endless Battle Clause: Forcing endless battles is banned.
|rule|HP Percentage Mod: HP is reported as percentages
|teampreview
|join|randomqaz
|
|start
|switch|p1a: Pinsir|Pinsir, F|271\/271
|switch|p2a: Mawile|Mawile, M, shiny|241\/241
|-ability|p2a: Mawile|Intimidate|[of] p1a: Pinsir
|-fail|p1a: Pinsir|unboost|Attack|[from] ability: Hyper Cutter|[of] p1a: Pinsir
|turn|1
|
|switch|p1a: Deoxys-Defense|Deoxys-Defense|304\/304
|-ability|p1a: Deoxys-Defense|Pressure
|-formechange|p2a: Mawile|Mawile-Mega
|message|Mawile has Mega Evolved into Mega Mawile!
|move|p2a: Mawile|Play Rough|p1a: Deoxys-Defense
|-damage|p1a: Deoxys-Defense|133\/304
|-unboost|p1a: Deoxys-Defense|atk|1
|-enditem|p1a: Deoxys-Defense|Red Card|[of] p2a: Mawile
|drag|p2a: Slowbro|Slowbro, M, shiny|394\/394
|
|turn|2
|
|switch|p2a: Mandibuzz|Mandibuzz, F, shiny|424\/424
|move|p1a: Deoxys-Defense|Stealth Rock|p2a: Mandibuzz
|-sidestart|p2: giant steps|move: Stealth Rock
|
|turn|3
|
|move|p1a: Deoxys-Defense|Taunt|p2a: Mandibuzz
|-start|p2a: Mandibuzz|move: Taunt
|cant|p2a: Mandibuzz|move: Taunt|Taunt
|
|turn|4
|
|switch|p1a: Azumarill|Azumarill, M|404\/404
|move|p2a: Mandibuzz|Foul Play|p1a: Azumarill
|-resisted|p1a: Azumarill
|-damage|p1a: Azumarill|344\/404
|
|turn|5
|
|switch|p2a: Slowbro|Slowbro, M, shiny|394\/394
|-damage|p2a: Slowbro|345\/394|[from] Stealth Rock
|move|p1a: Azumarill|Play Rough|p2a: Slowbro
|-damage|p2a: Slowbro|158\/394
|
|-heal|p2a: Slowbro|182\/394|[from] item: Leftovers
|turn|6
|
|move|p1a: Azumarill|Play Rough|p2a: Slowbro|[miss]
|-miss|p1a: Azumarill|p2a: Slowbro
|move|p2a: Slowbro|Slack Off|p2a: Slowbro
|-heal|p2a: Slowbro|379\/394
|
|-heal|p2a: Slowbro|394\/394|[from] item: Leftovers
|turn|7
|chat|MartinSousRace|sigh
|
|move|p1a: Azumarill|Play Rough|p2a: Slowbro
|-damage|p2a: Slowbro|199\/394
|move|p2a: Slowbro|Scald|p1a: Azumarill
|-resisted|p1a: Azumarill
|-damage|p1a: Azumarill|289\/404
|
|-heal|p2a: Slowbro|223\/394|[from] item: Leftovers
|turn|8
|chat|giant steps|sry...the same thing happened to me last game 99
|
|move|p1a: Azumarill|Play Rough|p2a: Slowbro
|-damage|p2a: Slowbro|42\/394
|move|p2a: Slowbro|Slack Off|p2a: Slowbro
|-heal|p2a: Slowbro|239\/394
|
|-heal|p2a: Slowbro|263\/394|[from] item: Leftovers
|turn|9
|
|switch|p1a: Bisharp|Bisharp, M|272\/272
|move|p2a: Slowbro|Thunder Wave|p1a: Bisharp
|-status|p1a: Bisharp|par
|
|-heal|p2a: Slowbro|287\/394|[from] item: Leftovers
|turn|10
|
|switch|p2a: Mandibuzz|Mandibuzz, F, shiny|424\/424
|-damage|p2a: Mandibuzz|318\/424|[from] Stealth Rock
|cant|p1a: Bisharp|par
|
|turn|11
|
|move|p2a: Mandibuzz|Foul Play|p1a: Bisharp
|-resisted|p1a: Bisharp
|-damage|p1a: Bisharp|179\/272 par
|move|p1a: Bisharp|Knock Off|p2a: Mandibuzz
|-resisted|p2a: Mandibuzz
|-damage|p2a: Mandibuzz|234\/424
|-damage|p1a: Bisharp|134\/272 par|[from] item: Rocky Helmet|[of] p2a: Mandibuzz
|-enditem|p2a: Mandibuzz|Rocky Helmet|[from] move: Knock Off|[of] p1a: Bisharp
|-damage|p1a: Bisharp|107\/272 par|[from] item: Life Orb
|
|turn|12
|
|switch|p1a: Azumarill|Azumarill, M|289\/404
|move|p2a: Mandibuzz|Roost|p2a: Mandibuzz
|-heal|p2a: Mandibuzz|424\/424
|
|turn|13
|
|switch|p2a: Porygon2|Porygon2, shiny|373\/373
|-damage|p2a: Porygon2|327\/373|[from] Stealth Rock
|-ability|p2a: Porygon2|Huge Power|[from] ability: Trace|[of] p1a: Azumarill
|move|p1a: Azumarill|Play Rough|p2a: Porygon2
|-damage|p2a: Porygon2|177\/373
|
|turn|14
|
|move|p2a: Porygon2|Recover|p2a: Porygon2
|-heal|p2a: Porygon2|364\/373
|move|p1a: Azumarill|Play Rough|p2a: Porygon2
|-damage|p2a: Porygon2|211\/373
|
|turn|15
|leave|randomqaz
|
|switch|p1a: Bisharp|Bisharp, M|107\/272 par
|move|p2a: Porygon2|Recover|p2a: Porygon2
|-heal|p2a: Porygon2|373\/373
|
|turn|16
|
|switch|p2a: Mandibuzz|Mandibuzz, F, shiny|424\/424
|-damage|p2a: Mandibuzz|318\/424|[from] Stealth Rock
|move|p1a: Bisharp|Swords Dance|p1a: Bisharp
|-boost|p1a: Bisharp|atk|2
|
|turn|17
|
|move|p2a: Mandibuzz|Foul Play|p1a: Bisharp
|-resisted|p1a: Bisharp
|-damage|p1a: Bisharp|0 fnt
|faint|p1a: Bisharp
|
|
|switch|p1a: Pinsir|Pinsir, F|271\/271
|turn|18
|
|move|p1a: Pinsir|Frustration|p2a: Mandibuzz
|-damage|p2a: Mandibuzz|241\/424
|move|p2a: Mandibuzz|Foul Play|p1a: Pinsir
|-damage|p1a: Pinsir|105\/271
|
|turn|19
|
|switch|p1a: Azumarill|Azumarill, M|289\/404
|move|p2a: Mandibuzz|Foul Play|p1a: Azumarill
|-resisted|p1a: Azumarill
|-damage|p1a: Azumarill|225\/404
|
|turn|20
|
|switch|p2a: Slowbro|Slowbro, M, shiny|394\/394
|-damage|p2a: Slowbro|345\/394|[from] Stealth Rock
|move|p1a: Azumarill|Waterfall|p2a: Slowbro
|-resisted|p2a: Slowbro
|-damage|p2a: Slowbro|252\/394
|
|-heal|p2a: Slowbro|276\/394|[from] item: Leftovers
|turn|21
|
|switch|p1a: Deoxys-Defense|Deoxys-Defense|133\/304
|-ability|p1a: Deoxys-Defense|Pressure
|move|p2a: Slowbro|Thunder Wave|p1a: Deoxys-Defense
|-status|p1a: Deoxys-Defense|par
|
|-heal|p2a: Slowbro|300\/394|[from] item: Leftovers
|turn|22
|
|switch|p2a: Mandibuzz|Mandibuzz, F, shiny|241\/424
|-damage|p2a: Mandibuzz|135\/424|[from] Stealth Rock
|move|p1a: Deoxys-Defense|Taunt|p2a: Mandibuzz
|-start|p2a: Mandibuzz|move: Taunt
|
|turn|23
|
|move|p2a: Mandibuzz|Foul Play|p1a: Deoxys-Defense
|-supereffective|p1a: Deoxys-Defense
|-damage|p1a: Deoxys-Defense|31\/304 par
|move|p1a: Deoxys-Defense|Spikes|p2a: Mandibuzz
|-sidestart|p2: giant steps|Spikes
|
|turn|24
|
|move|p2a: Mandibuzz|Foul Play|p1a: Deoxys-Defense
|-supereffective|p1a: Deoxys-Defense
|-damage|p1a: Deoxys-Defense|0 fnt
|faint|p1a: Deoxys-Defense
|
|
|switch|p1a: Latios|Latios, M|302\/302
|turn|25
|
|switch|p2a: Chansey|Chansey, F, shiny|704\/704
|-damage|p2a: Chansey|616\/704|[from] Stealth Rock
|-damage|p2a: Chansey|528\/704|[from] Spikes
|move|p1a: Latios|Thunderbolt|p2a: Chansey
|-damage|p2a: Chansey|438\/704
|-damage|p1a: Latios|272\/302|[from] item: Life Orb
|
|turn|26
|
|switch|p1a: Pinsir|Pinsir, F|105\/271
|move|p2a: Chansey|Wish|p2a: Chansey
|
|turn|27
|
|switch|p2a: Mandibuzz|Mandibuzz, F, shiny|135\/424
|-damage|p2a: Mandibuzz|29\/424|[from] Stealth Rock
|-formechange|p1a: Pinsir|Pinsir-Mega
|message|Pinsir has Mega Evolved into Mega Pinsir!
|move|p1a: Pinsir|Swords Dance|p1a: Pinsir
|-boost|p1a: Pinsir|atk|2
|
|-heal|p2a: Mandibuzz|381\/424|[from] move: Wish|[wisher] Chansey
|turn|28
|
|move|p1a: Pinsir|Frustration|p2a: Mandibuzz
|-damage|p2a: Mandibuzz|0 fnt
|faint|p2a: Mandibuzz
|
|chat|giant steps|calcing
|
|switch|p2a: Mawile|Mawile, M, shiny|241\/241
|-formechange|p2a: Mawile|Mawile-Mega
|-damage|p2a: Mawile|226\/241|[from] Stealth Rock
|-damage|p2a: Mawile|196\/241|[from] Spikes
|turn|29
|
|switch|p1a: Aegislash|Aegislash, M|262\/262
|-item|p1a: Aegislash|Air Balloon
|move|p2a: Mawile|Sucker Punch|p1a: Aegislash
|-fail|p1a: Aegislash
|
|turn|30
|
|move|p2a: Mawile|Fire Fang|p1a: Aegislash
|-supereffective|p1a: Aegislash
|-damage|p1a: Aegislash|76\/262
|-enditem|p1a: Aegislash|Air Balloon
|-status|p1a: Aegislash|brn
|-formechange|p1a: Aegislash|Aegislash-Blade
|move|p1a: Aegislash|Sacred Sword|p2a: Mawile
|-damage|p2a: Mawile|149\/241
|
|-damage|p1a: Aegislash|44\/262 brn|[from] brn
|turn|31
|chat|MartinSousRace|wow
|
|-formechange|p1a: Aegislash|Aegislash
|move|p1a: Aegislash|King's Shield|p1a: Aegislash
|-singleturn|p1a: Aegislash|Protect
|move|p2a: Mawile|Sucker Punch|p1a: Aegislash
|-fail|p1a: Aegislash
|
|-damage|p1a: Aegislash|12\/262 brn|[from] brn
|turn|32
|
|move|p1a: Aegislash|King's Shield|p1a: Aegislash
|-singleturn|p1a: Aegislash|Protect
|move|p2a: Mawile|Fire Fang|p1a: Aegislash
|-activate|p1a: Aegislash|Protect
|-unboost|p2a: Mawile|atk|2
|
|-damage|p1a: Aegislash|0 fnt|[from] brn
|faint|p1a: Aegislash
|
|switch|p1a: Pinsir|Pinsir, F|105\/271
|-formechange|p1a: Pinsir|Pinsir-Mega
|turn|33
|chat|giant steps|derp
|
|move|p1a: Pinsir|Swords Dance|p1a: Pinsir
|-boost|p1a: Pinsir|atk|2
|move|p2a: Mawile|Play Rough|p1a: Pinsir
|-damage|p1a: Pinsir|0 fnt
|faint|p1a: Pinsir
|
|
|switch|p1a: Azumarill|Azumarill, M|225\/404
|turn|34
|
|move|p2a: Mawile|Play Rough|p1a: Azumarill
|-damage|p1a: Azumarill|72\/404
|move|p1a: Azumarill|Waterfall|p2a: Mawile
|-damage|p2a: Mawile|0 fnt
|faint|p2a: Mawile
|
|
|switch|p2a: Slowbro|Slowbro, M, shiny|394\/394
|-damage|p2a: Slowbro|345\/394|[from] Spikes
|-damage|p2a: Slowbro|296\/394|[from] Stealth Rock
|turn|35
|
|switch|p1a: Latios|Latios, M|272\/302
|move|p2a: Slowbro|Thunder Wave|p1a: Latios
|-status|p1a: Latios|par
|
|-heal|p2a: Slowbro|320\/394|[from] item: Leftovers
|turn|36
|
|switch|p2a: Porygon2|Porygon2, shiny|373\/373
|-damage|p2a: Porygon2|327\/373|[from] Stealth Rock
|-damage|p2a: Porygon2|281\/373|[from] Spikes
|-ability|p2a: Porygon2|Levitate|[from] ability: Trace|[of] p1a: Latios
|cant|p1a: Latios|par
|
|turn|37
|
|move|p2a: Porygon2|Discharge|p1a: Latios
|-crit|p1a: Latios
|-resisted|p1a: Latios
|-damage|p1a: Latios|224\/302 par
|move|p1a: Latios|Draco Meteor|p2a: Porygon2
|-crit|p2a: Porygon2
|-damage|p2a: Porygon2|0 fnt
|-unboost|p1a: Latios|spa|2
|-damage|p1a: Latios|194\/302 par|[from] item: Life Orb
|faint|p2a: Porygon2
|
|
|switch|p2a: Chansey|Chansey, F, shiny|438\/704
|-damage|p2a: Chansey|350\/704|[from] Spikes
|-damage|p2a: Chansey|262\/704|[from] Stealth Rock
|turn|38
|
|switch|p1a: Azumarill|Azumarill, M|72\/404
|move|p2a: Chansey|Soft-Boiled|p2a: Chansey
|-heal|p2a: Chansey|614\/704
|
|turn|39
|
|switch|p2a: Slowbro|Slowbro, M, shiny|394\/394
|-damage|p2a: Slowbro|345\/394|[from] Spikes
|-damage|p2a: Slowbro|296\/394|[from] Stealth Rock
|move|p1a: Azumarill|Play Rough|p2a: Slowbro
|-damage|p2a: Slowbro|101\/394
|
|-heal|p2a: Slowbro|125\/394|[from] item: Leftovers
|turn|40
|
|move|p1a: Azumarill|Play Rough|p2a: Slowbro
|-damage|p2a: Slowbro|0 fnt
|faint|p2a: Slowbro
|
|
|switch|p2a: Chansey|Chansey, F, shiny|614\/704
|-damage|p2a: Chansey|526\/704|[from] Spikes
|-damage|p2a: Chansey|438\/704|[from] Stealth Rock
|turn|41
|
|move|p1a: Azumarill|Play Rough|p2a: Chansey|[miss]
|-miss|p1a: Azumarill|p2a: Chansey
|move|p2a: Chansey|Seismic Toss|p1a: Azumarill
|-damage|p1a: Azumarill|0 fnt
|faint|p1a: Azumarill
|
|chat|MartinSousRace|fuckthisgame
|
|switch|p1a: Latios|Latios, M|194\/302 par
|turn|42
|chat|giant steps|wouldnt have killed
|chat|giant steps|252+ Atk Choice Band Huge Power Azumarill Play Rough vs. 252 HP \/ 252+ Def Eviolite Chansey: 355-418 (50.4 - 59.3%) -- guaranteed 2HKO after Stealth Rock
|
|move|p2a: Chansey|Seismic Toss|p1a: Latios
|-damage|p1a: Latios|94\/302 par
|move|p1a: Latios|Psyshock|p2a: Chansey
|-damage|p2a: Chansey|192\/704
|-damage|p1a: Latios|64\/302 par|[from] item: Life Orb
|
|turn|43
|
|move|p2a: Chansey|Soft-Boiled|p2a: Chansey
|-heal|p2a: Chansey|544\/704
|move|p1a: Latios|Psyshock|p2a: Chansey
|-damage|p2a: Chansey|287\/704
|-damage|p1a: Latios|34\/302 par|[from] item: Life Orb
|
|turn|44
|
|move|p2a: Chansey|Seismic Toss|p1a: Latios
|-damage|p1a: Latios|0 fnt
|faint|p1a: Latios
|
|win|giant steps
|raw|Ladder updating...
|raw|MartinSousRace's rating: 1707 &rarr; <strong>1687<\/strong><br \/>(-20 for losing)
|raw|giant steps's rating: 1716 &rarr; <strong>1735<\/strong><br \/>(+19 for winning)
|leave|MartinSousRace
|player|p1