|join|xxxtest
|join|BHARATH_THEBEST
|player|p1|xxxtest|52
|player|p2|BHARATH_THEBEST|290
|gametype|singles
|gen|6
|tier|ORAS OU
|rated
|rule|Sleep Clause Mod: Limit one foe put to sleep
|rule|Species Clause: Limit one of each PokÃ©mon
|rule|OHKO Clause: OHKO moves are banned
|rule|Moody Clause: Moody is banned
|rule|Evasion Moves Clause: Evasion moves are banned
|rule|Endless Battle Clause: Forcing endless battles is banned
|rule|HP Percentage Mod: HP is shown in percentages
|clearpoke
|poke|p1|Salamence, M, shiny
|poke|p1|Conkeldurr, M, shiny
|poke|p1|Azumarill, M, shiny
|poke|p1|Skarmory, M, shiny
|poke|p1|Heatran, M, shiny
|poke|p1|Latias, F, shiny
|poke|p2|Salamence, M
|poke|p2|Jirachi
|poke|p2|Mamoswine, F
|poke|p2|Greninja, M
|poke|p2|Ferrothorn, M
|poke|p2|Thundurus, M
|rule|Swagger Clause: Swagger is banned
|rule|Baton Pass Clause: Limit one PokÃ©mon knowing Baton Pass
|teampreview
|
|start
|switch|p1a: Salamence|Salamence, M, shiny|331\/331
|switch|p2a: Ferrothorn|Ferrothorn, M|352\/352
|-ability|p1a: Salamence|Intimidate|[of] p2a: Ferrothorn
|-unboost|p2a: Ferrothorn|atk|1
|turn|1
|
|switch|p2a: Mamoswine|Mamoswine, F|361\/361
|detailschange|p1a: Salamence|Salamence-Mega, M, shiny
|message|Salamence has Mega Evolved into Mega Salamence!
|move|p1a: Salamence|Fire Blast|p2a: Mamoswine
|-supereffective|p2a: Mamoswine
|-damage|p2a: Mamoswine|45\/361
|
|turn|2
|
|move|p2a: Mamoswine|Ice Shard|p1a: Salamence
|-supereffective|p1a: Salamence
|-damage|p1a: Salamence|75\/331
|move|p1a: Salamence|Return|p2a: Mamoswine
|-damage|p2a: Mamoswine|0 fnt
|faint|p2a: Mamoswine
|
|
|switch|p2a: Salamence|Salamence, M|377\/377
|-ability|p2a: Salamence|Intimidate|[of] p1a: Salamence
|-unboost|p1a: Salamence|atk|1
|turn|3
|
|switch|p1a: Heatran|Heatran, M, shiny|324\/324
|switch|p2a: Greninja|Greninja, M|285\/285
|
|turn|4
|
|switch|p1a: Azumarill|Azumarill, M, shiny|363\/363
|move|p2a: Greninja|Hydro Pump|p1a: Azumarill
|-start|p2a: Greninja|typechange|Water|[from] Protean
|-resisted|p1a: Azumarill
|-damage|p1a: Azumarill|234\/363
|-damage|p2a: Greninja|257\/285|[from] item: Life Orb
|
|turn|5
|
|switch|p2a: Ferrothorn|Ferrothorn, M|352\/352
|switch|p1a: Heatran|Heatran, M, shiny|324\/324
|
|turn|6
|
|switch|p2a: Greninja|Greninja, M|257\/285
|move|p1a: Heatran|Fire Blast|p2a: Greninja
|-resisted|p2a: Greninja
|-damage|p2a: Greninja|111\/285
|
|turn|7
|
|move|p1a: Heatran|Fire Blast|p2a: Greninja
|-crit|p2a: Greninja
|-resisted|p2a: Greninja
|-damage|p2a: Greninja|0 fnt
|faint|p2a: Greninja
|
|
|switch|p2a: Salamence|Salamence, M|377\/377
|-ability|p2a: Salamence|Intimidate|[of] p1a: Heatran
|-unboost|p1a: Heatran|atk|1
|turn|8
|
|switch|p1a: Skarmory|Skarmory, M, shiny|327\/327
|switch|p2a: Thundurus|Thundurus, M|301\/301
|
|turn|9
|
|move|p2a: Thundurus|Knock Off|p1a: Skarmory
|-damage|p1a: Skarmory|254\/327
|-damage|p2a: Thundurus|251\/301|[from] item: Rocky Helmet|[of] p1a: Skarmory
|-enditem|p1a: Skarmory|Rocky Helmet|[from] move: Knock Off|[of] p2a: Thundurus
|-damage|p2a: Thundurus|221\/301|[from] item: Life Orb
|move|p1a: Skarmory|Stealth Rock|p2a: Thundurus
|-sidestart|p2: BHARATH_THEBEST|move: Stealth Rock
|
|turn|10
|
|move|p2a: Thundurus|Thunderbolt|p1a: Skarmory
|-supereffective|p1a: Skarmory
|-damage|p1a: Skarmory|0 fnt
|-damage|p2a: Thundurus|191\/301|[from] item: Life Orb
|faint|p1a: Skarmory
|
|
|switch|p1a: Azumarill|Azumarill, M, shiny|234\/363
|turn|11
|
|move|p1a: Azumarill|Aqua Jet|p2a: Thundurus
|-damage|p2a: Thundurus|1\/301
|move|p2a: Thundurus|Thunderbolt|p1a: Azumarill
|-supereffective|p1a: Azumarill
|-damage|p1a: Azumarill|0 fnt
|-damage|p2a: Thundurus|0 fnt|[from] item: Life Orb
|faint|p1a: Azumarill
|faint|p2a: Thundurus
|
|
|switch|p1a: Heatran|Heatran, M, shiny|324\/324
|switch|p2a: Jirachi|Jirachi|341\/341
|-damage|p2a: Jirachi|320\/341|[from] Stealth Rock
|turn|12
|
|move|p2a: Jirachi|U-turn|p1a: Heatran
|-resisted|p1a: Heatran
|-damage|p1a: Heatran|306\/324
|
|switch|p2a: Salamence|Salamence, M|377\/377
|-damage|p2a: Salamence|283\/377|[from] Stealth Rock
|-ability|p2a: Salamence|Intimidate|[of] p1a: Heatran
|-unboost|p1a: Heatran|atk|1
|move|p1a: Heatran|Fire Blast|p2a: Salamence
|-resisted|p2a: Salamence
|-damage|p2a: Salamence|160\/377
|
|turn|13
|
|switch|p1a: Conkeldurr|Conkeldurr, M, shiny|401\/401
|detailschange|p2a: Salamence|Salamence-Mega, M
|message|Salamence has Mega Evolved into Mega Salamence!
|move|p2a: Salamence|Dragon Dance|p2a: Salamence
|-boost|p2a: Salamence|atk|1
|-boost|p2a: Salamence|spe|1
|
|turn|14
|
|move|p2a: Salamence|Frustration|p1a: Conkeldurr
|-supereffective|p1a: Conkeldurr
|-damage|p1a: Conkeldurr|0 fnt
|faint|p1a: Conkeldurr
|
|
|switch|p1a: Heatran|Heatran, M, shiny|306\/324
|turn|15
|
|move|p2a: Salamence|Roost|p2a: Salamence
|-heal|p2a: Salamence|349\/377
|move|p1a: Heatran|Hidden Power|p2a: Salamence
|-supereffective|p2a: Salamence
|-damage|p2a: Salamence|183\/377
|
|turn|16
|
|move|p2a: Salamence|Roost|p2a: Salamence
|-heal|p2a: Salamence|372\/377
|move|p1a: Heatran|Hidden Power|p2a: Salamence
|-supereffective|p2a: Salamence
|-damage|p2a: Salamence|208\/377
|
|turn|17
|
|switch|p2a: Ferrothorn|Ferrothorn, M|352\/352
|-damage|p2a: Ferrothorn|330\/352|[from] Stealth Rock
|move|p1a: Heatran|Hidden Power|p2a: Ferrothorn
|-damage|p2a: Ferrothorn|273\/352
|
|-heal|p2a: Ferrothorn|295\/352|[from] item: Leftovers
|turn|18
|
|switch|p1a: Latias|Latias, F, shiny|301\/301
|move|p2a: Ferrothorn|Leech Seed|p1a: Latias
|-start|p1a: Latias|move: Leech Seed
|
|-heal|p2a: Ferrothorn|317\/352|[from] item: Leftovers
|-damage|p1a: Latias|264\/301|[from] Leech Seed|[of] p2a: Ferrothorn
|-heal|p2a: Ferrothorn|352\/352|[silent]
|turn|19
|
|switch|p2a: Jirachi|Jirachi|320\/341
|-damage|p2a: Jirachi|299\/341|[from] Stealth Rock
|move|p1a: Latias|Healing Wish|p1a: Latias
|faint|p1a: Latias
|
|
|switch|p1a: Salamence|Salamence-Mega, M, shiny|75\/331
|-heal|p1a: Salamence|331\/331|[from] move: Healing Wish
|turn|20
|
|move|p2a: Jirachi|Iron Head|p1a: Salamence
|-damage|p1a: Salamence|232\/331
|move|p1a: Salamence|Dragon Dance|p1a: Salamence
|-boost|p1a: Salamence|atk|1
|-boost|p1a: Salamence|spe|1
|
|turn|21
|
|move|p1a: Salamence|Earthquake|p2a: Jirachi
|-supereffective|p2a: Jirachi
|-damage|p2a: Jirachi|0 fnt
|faint|p2a: Jirachi
|
|
|switch|p2a: Ferrothorn|Ferrothorn, M|352\/352
|-damage|p2a: Ferrothorn|330\/352|[from] Stealth Rock
|turn|22
|
|move|p1a: Salamence|Fire Blast|p2a: Ferrothorn
|-supereffective|p2a: Ferrothorn
|-damage|p2a: Ferrothorn|18\/352
|-status|p2a: Ferrothorn|brn
|move|p2a: Ferrothorn|Leech Seed|p1a: Salamence|[miss]
|-miss|p2a: Ferrothorn|p1a: Salamence
|
|-heal|p2a: Ferrothorn|40\/352 brn|[from] item: Leftovers
|-damage|p2a: Ferrothorn|0 fnt|[from] brn
|faint|p2a: Ferrothorn
|-message|BHARATH_THEBEST forfeited.
|
|win|xxxtest
|raw|Ladder updating...
|leave|BHARATH_THEBEST
|player|p2
|c|âxxxtest|it survived
|raw|xxxtest's rating: 1291 &rarr; <strong>1324<\/strong><br \/>(+33 for winning)
|raw|BHARATH_THEBEST's rating: 1400 &rarr; <strong>1374<\/strong><br \/>(-26 for losing)