|join|BHARATH_THEBEST
|join|Rizkarm
|player|p1|BHARATH_THEBEST|290
|player|p2|Rizkarm|288
|gametype|singles
|gen|6
|tier|ORAS OU
|rated
|rule|Sleep Clause Mod: Limit one foe put to sleep
|rule|Species Clause: Limit one of each PokÃ©mon
|rule|OHKO Clause: OHKO moves are banned
|rule|Moody Clause: Moody is banned
|rule|Evasion Moves Clause: Evasion moves are banned
|rule|Endless Battle Clause: Forcing endless battles is banned
|rule|HP Percentage Mod: HP is shown in percentages
|clearpoke
|poke|p1|Salamence, M
|poke|p1|Jirachi
|poke|p1|Mamoswine, F
|poke|p1|Greninja, M
|poke|p1|Ferrothorn, M
|poke|p1|Kyurem-Black
|poke|p2|Sceptile, F
|poke|p2|Talonflame, F
|poke|p2|Excadrill, M
|poke|p2|Sylveon, F
|poke|p2|Porygon2
|poke|p2|Rotom-Wash
|rule|Swagger Clause: Swagger is banned
|rule|Baton Pass Clause: Limit one PokÃ©mon knowing Baton Pass
|teampreview
|
|start
|switch|p1a: Mamoswine|Mamoswine, F|361\/361
|switch|p2a: Sylveon|Sylveon, F|392\/392
|turn|1
|
|move|p1a: Mamoswine|Stealth Rock|p2a: Sylveon
|-sidestart|p2: Rizkarm|move: Stealth Rock
|move|p2a: Sylveon|Hidden Power|p1a: Mamoswine
|-supereffective|p1a: Mamoswine
|-damage|p1a: Mamoswine|57\/361
|
|turn|2
|
|move|p1a: Mamoswine|Knock Off|p2a: Sylveon
|-resisted|p2a: Sylveon
|-damage|p2a: Sylveon|305\/392
|-enditem|p2a: Sylveon|Choice Specs|[from] move: Knock Off|[of] p1a: Mamoswine
|move|p2a: Sylveon|Hidden Power|p1a: Mamoswine
|-crit|p1a: Mamoswine
|-supereffective|p1a: Mamoswine
|-damage|p1a: Mamoswine|0 fnt
|faint|p1a: Mamoswine
|
|
|switch|p1a: Salamence|Salamence, M|377\/377
|-ability|p1a: Salamence|Intimidate|[of] p2a: Sylveon
|-unboost|p2a: Sylveon|atk|1
|turn|3
|
|switch|p1a: Jirachi|Jirachi|341\/341
|move|p2a: Sylveon|Hyper Voice|p1a: Jirachi
|-resisted|p1a: Jirachi
|-damage|p1a: Jirachi|246\/341
|
|turn|4
|
|move|p1a: Jirachi|Iron Head|p2a: Sylveon
|-supereffective|p2a: Sylveon
|-damage|p2a: Sylveon|0 fnt
|faint|p2a: Sylveon
|
|
|switch|p2a: Rotom-Wash|Rotom-Wash|304\/304
|-damage|p2a: Rotom-Wash|266\/304|[from] Stealth Rock
|turn|5
|
|switch|p1a: Ferrothorn|Ferrothorn, M|352\/352
|move|p2a: Rotom-Wash|Will-O-Wisp|p1a: Ferrothorn
|-status|p1a: Ferrothorn|brn
|
|-damage|p1a: Ferrothorn|308\/352 brn|[from] brn
|turn|6
|
|move|p2a: Rotom-Wash|Volt Switch|p1a: Ferrothorn
|-resisted|p1a: Ferrothorn
|-damage|p1a: Ferrothorn|274\/352 brn
|
|switch|p2a: Excadrill|Excadrill, M|362\/362
|-damage|p2a: Excadrill|351\/362|[from] Stealth Rock
|-ability|p2a: Excadrill|Mold Breaker
|-item|p2a: Excadrill|Air Balloon
|move|p1a: Ferrothorn|Leech Seed|p2a: Excadrill
|-start|p2a: Excadrill|move: Leech Seed
|
|-heal|p1a: Ferrothorn|296\/352 brn|[from] item: Leftovers
|-damage|p2a: Excadrill|306\/362|[from] Leech Seed|[of] p1a: Ferrothorn
|-heal|p1a: Ferrothorn|341\/352 brn|[silent]
|-damage|p1a: Ferrothorn|297\/352 brn|[from] brn
|turn|7
|
|move|p1a: Ferrothorn|Protect|p1a: Ferrothorn
|-singleturn|p1a: Ferrothorn|Protect
|move|p2a: Excadrill|Rapid Spin|p1a: Ferrothorn
|-activate|p1a: Ferrothorn|Protect
|
|-heal|p1a: Ferrothorn|319\/352 brn|[from] item: Leftovers
|-damage|p2a: Excadrill|261\/362|[from] Leech Seed|[of] p1a: Ferrothorn
|-heal|p1a: Ferrothorn|352\/352 brn|[silent]
|-damage|p1a: Ferrothorn|308\/352 brn|[from] brn
|turn|8
|
|move|p2a: Excadrill|Rapid Spin|p1a: Ferrothorn
|-resisted|p1a: Ferrothorn
|-damage|p1a: Ferrothorn|299\/352 brn
|-damage|p2a: Excadrill|216\/362|[from] ability: Iron Barbs|[of] p1a: Ferrothorn
|-end|p2a: Excadrill|Leech Seed|[from] move: Rapid Spin|[of] p2a: Excadrill
|-sideend|p2: Rizkarm|Stealth Rock|[from] move: Rapid Spin|[of] p2a: Excadrill
|move|p1a: Ferrothorn|Gyro Ball|p2a: Excadrill
|-resisted|p2a: Excadrill
|-damage|p2a: Excadrill|150\/362
|-enditem|p2a: Excadrill|Air Balloon
|
|-heal|p1a: Ferrothorn|321\/352 brn|[from] item: Leftovers
|-damage|p1a: Ferrothorn|277\/352 brn|[from] brn
|turn|9
|
|move|p2a: Excadrill|Stealth Rock|p1a: Ferrothorn
|-sidestart|p1: BHARATH_THEBEST|move: Stealth Rock
|move|p1a: Ferrothorn|Leech Seed|p2a: Excadrill
|-start|p2a: Excadrill|move: Leech Seed
|
|-heal|p1a: Ferrothorn|299\/352 brn|[from] item: Leftovers
|-damage|p2a: Excadrill|105\/362|[from] Leech Seed|[of] p1a: Ferrothorn
|-heal|p1a: Ferrothorn|344\/352 brn|[silent]
|-damage|p1a: Ferrothorn|300\/352 brn|[from] brn
|turn|10
|
|switch|p1a: Salamence|Salamence, M|377\/377
|-damage|p1a: Salamence|283\/377|[from] Stealth Rock
|-ability|p1a: Salamence|Intimidate|[of] p2a: Excadrill
|-unboost|p2a: Excadrill|atk|1
|move|p2a: Excadrill|Earthquake|p1a: Salamence
|-immune|p1a: Salamence|[msg]
|
|-damage|p2a: Excadrill|60\/362|[from] Leech Seed|[of] p1a: Salamence
|-heal|p1a: Salamence|328\/377|[silent]
|turn|11
|
|detailschange|p1a: Salamence|Salamence-Mega, M
|message|Salamence has Mega Evolved into Mega Salamence!
|move|p2a: Excadrill|Iron Head|p1a: Salamence
|-damage|p1a: Salamence|243\/377
|move|p1a: Salamence|Frustration|p2a: Excadrill
|-resisted|p2a: Excadrill
|-damage|p2a: Excadrill|0 fnt
|faint|p2a: Excadrill
|
|
|switch|p2a: Porygon2|Porygon2|374\/374
|-boost|p2a: Porygon2|spa|1|[from] ability: Download
|turn|12
|
|move|p1a: Salamence|Dragon Dance|p1a: Salamence
|-boost|p1a: Salamence|atk|1
|-boost|p1a: Salamence|spe|1
|move|p2a: Porygon2|Ice Beam|p1a: Salamence
|-supereffective|p1a: Salamence
|-damage|p1a: Salamence|0 fnt
|faint|p1a: Salamence
|
|
|switch|p1a: Kyurem-Black|Kyurem-Black|391\/391
|-damage|p1a: Kyurem-Black|294\/391|[from] Stealth Rock
|-ability|p1a: Kyurem-Black|Teravolt
|turn|13
|
|move|p1a: Kyurem-Black|Outrage|p2a: Porygon2
|-damage|p2a: Porygon2|136\/374
|-damage|p1a: Kyurem-Black|255\/391|[from] item: Life Orb
|move|p2a: Porygon2|Thunder Wave|p1a: Kyurem-Black
|-status|p1a: Kyurem-Black|par
|
|turn|14
|-message|BHARATH_THEBEST forfeited.
|
|win|Rizkarm
|raw|Ladder updating...
|leave|BHARATH_THEBEST
|player|p1
|raw|BHARATH_THEBEST's rating: 1536 &rarr; <strong>1505<\/strong><br \/>(-31 for losing)
|raw|Rizkarm's rating: 1319 &rarr; <strong>1350<\/strong><br \/>(+31 for winning)
|c|âRizkarm|:]