|join|BHARATH_THEBEST
|join|Pheonixmaster
|player|p1|BHARATH_THEBEST|290
|player|p2|Pheonixmaster|168
|gametype|singles
|gen|6
|tier|OU
|rated
|clearpoke
|poke|p1|Raikou
|poke|p1|Landorus-Therian, M
|poke|p1|Ferrothorn, F
|poke|p1|Scizor, M
|poke|p1|Thundurus, M
|poke|p1|Latias, F
|poke|p2|Heracross, M
|poke|p2|Ferrothorn, M
|poke|p2|Latias, F
|poke|p2|Landorus-Therian, M
|poke|p2|Raikou
|poke|p2|Victini
|rule|Swagger Clause: Swagger is banned
|rule|Baton Pass Clause: Limit one PokÃ©mon knowing Baton Pass
|rule|Sleep Clause Mod: Limit one foe put to sleep
|rule|Species Clause: Limit one of each PokÃ©mon
|rule|OHKO Clause: OHKO moves are banned
|rule|Moody Clause: Moody is banned
|rule|Evasion Moves Clause: Evasion moves are banned
|rule|Endless Battle Clause: Forcing endless battles is banned
|rule|HP Percentage Mod: HP is shown in percentages
|teampreview
|
|start
|switch|p1a: Ferrothorn|Ferrothorn, F|352\/352
|switch|p2a: Heracross|Heracross, M|301\/301
|turn|1
|
|switch|p1a: Landorus-Therian|Landorus-Therian, M|320\/320
|-ability|p1a: Landorus-Therian|Intimidate|[of] p2a: Heracross
|-unboost|p2a: Heracross|atk|1
|move|p2a: Heracross|Substitute|p2a: Heracross
|-start|p2a: Heracross|Substitute
|-damage|p2a: Heracross|226\/301
|
|turn|2
|
|detailschange|p2a: Heracross|Heracross-Mega, M
|message|Heracross has Mega Evolved into Mega Heracross!
|move|p1a: Landorus-Therian|Stone Edge|p2a: Heracross
|-end|p2a: Heracross|Substitute
|move|p2a: Heracross|Swords Dance|p2a: Heracross
|-boost|p2a: Heracross|atk|2
|
|turn|3
|
|move|p1a: Landorus-Therian|Stone Edge|p2a: Heracross
|-damage|p2a: Heracross|104\/301
|move|p2a: Heracross|Substitute|p2a: Heracross
|-start|p2a: Heracross|Substitute
|-damage|p2a: Heracross|29\/301
|
|turn|4
|
|move|p1a: Landorus-Therian|Stone Edge|p2a: Heracross|[miss]
|-miss|p1a: Landorus-Therian|p2a: Heracross
|move|p2a: Heracross|Rock Blast|p1a: Landorus-Therian
|-damage|p1a: Landorus-Therian|257\/320
|-damage|p1a: Landorus-Therian|194\/320
|-damage|p1a: Landorus-Therian|132\/320
|-damage|p1a: Landorus-Therian|63\/320
|-damage|p1a: Landorus-Therian|4\/320
|-hitcount|p1a: Landorus-Therian|5
|
|turn|5
|
|move|p1a: Landorus-Therian|Stone Edge|p2a: Heracross
|-end|p2a: Heracross|Substitute
|move|p2a: Heracross|Pin Missile|p1a: Landorus-Therian
|-resisted|p1a: Landorus-Therian
|-damage|p1a: Landorus-Therian|0 fnt
|-hitcount|p1a: Landorus-Therian|1
|faint|p1a: Landorus-Therian
|
|
|switch|p1a: Raikou|Raikou|322\/322
|-ability|p1a: Raikou|Pressure
|turn|6
|
|switch|p2a: Victini|Victini|379\/379
|move|p1a: Raikou|Hidden Power|p2a: Victini
|-resisted|p2a: Victini
|-damage|p2a: Victini|331\/379
|
|-heal|p2a: Victini|354\/379|[from] item: Leftovers
|turn|7
|
|switch|p1a: Thundurus|Thundurus, M|299\/299
|move|p2a: Victini|Substitute|p2a: Victini
|-start|p2a: Victini|Substitute
|-damage|p2a: Victini|260\/379
|
|-heal|p2a: Victini|283\/379|[from] item: Leftovers
|turn|8
|
|move|p1a: Thundurus|Knock Off|p2a: Victini
|-supereffective|p2a: Victini
|-end|p2a: Victini|Substitute
|-damage|p1a: Thundurus|270\/299|[from] item: Life Orb
|move|p2a: Victini|V-create|p1a: Thundurus
|-damage|p1a: Thundurus|0 fnt
|-unboost|p2a: Victini|def|1
|-unboost|p2a: Victini|spd|1
|-unboost|p2a: Victini|spe|1
|faint|p1a: Thundurus
|
|-heal|p2a: Victini|306\/379|[from] item: Leftovers
|
|switch|p1a: Raikou|Raikou|322\/322
|-ability|p1a: Raikou|Pressure
|turn|9
|
|switch|p2a: Landorus-Therian|Landorus-Therian, M|325\/325
|-ability|p2a: Landorus-Therian|Intimidate|[of] p1a: Raikou
|-unboost|p1a: Raikou|atk|1
|move|p1a: Raikou|Volt Switch|p2a: Landorus-Therian
|-immune|p2a: Landorus-Therian|[msg]
|
|turn|10
|
|switch|p1a: Scizor|Scizor, M|343\/343
|move|p2a: Landorus-Therian|U-turn|p1a: Scizor
|-resisted|p1a: Scizor
|-damage|p1a: Scizor|297\/343
|
|switch|p2a: Victini|Victini|306\/379
|
|-heal|p2a: Victini|329\/379|[from] item: Leftovers
|turn|11
|
|detailschange|p1a: Scizor|Scizor-Mega, M
|message|Scizor has Mega Evolved into Mega Scizor!
|move|p2a: Victini|V-create|p1a: Scizor
|-supereffective|p1a: Scizor
|-damage|p1a: Scizor|0 fnt
|-unboost|p2a: Victini|def|1
|-unboost|p2a: Victini|spd|1
|-unboost|p2a: Victini|spe|1
|faint|p1a: Scizor
|
|-heal|p2a: Victini|352\/379|[from] item: Leftovers
|
|switch|p1a: Raikou|Raikou|322\/322
|-ability|p1a: Raikou|Pressure
|turn|12
|
|move|p1a: Raikou|Hidden Power|p2a: Victini
|-resisted|p2a: Victini
|-damage|p2a: Victini|277\/379
|move|p2a: Victini|V-create|p1a: Raikou
|-damage|p1a: Raikou|0 fnt
|-unboost|p2a: Victini|def|1
|-unboost|p2a: Victini|spd|1
|-unboost|p2a: Victini|spe|1
|faint|p1a: Raikou
|
|-heal|p2a: Victini|300\/379|[from] item: Leftovers
|-message|BHARATH_THEBEST forfeited.
|
|win|Pheonixmaster
|raw|Ladder updating...
|leave|BHARATH_THEBEST
|player|p1
|raw|BHARATH_THEBEST's rating: 1711 &rarr; <strong>1696<\/strong><br \/>(-15 for losing)
|raw|Pheonixmaster's rating: 1790 &rarr; <strong>1805<\/strong><br \/>(+15 for winning)