|join|PiKacHuiSFuN
|join|BHARATH_THEBEST
|player|p1|PiKacHuiSFuN|180
|player|p2|BHARATH_THEBEST|290
|gametype|singles
|gen|6
|tier|OU
|rated
|clearpoke
|poke|p1|Smeargle, M, shiny
|poke|p1|Scolipede, M
|poke|p1|Vaporeon, F
|poke|p1|Espeon, M, shiny
|poke|p1|Sylveon, F
|poke|p1|Mr. Mime, M, shiny
|poke|p2|Tyranitar, F
|poke|p2|Excadrill, M
|poke|p2|Aegislash, M
|poke|p2|Pinsir, F
|poke|p2|Dragonite, M
|poke|p2|Latios, M
|rule|Sleep Clause Mod: Limit one foe put to sleep
|rule|Species Clause: Limit one of each Pokemon
|rule|OHKO Clause: OHKO moves are banned
|rule|Moody Clause: Moody is banned
|rule|Evasion Moves Clause: Evasion moves are banned
|rule|Endless Battle Clause: Forcing endless battles is banned.
|rule|HP Percentage Mod: HP is reported as percentages
|teampreview
|
|start
|switch|p1a: Large Nixe|Vaporeon, F|449\/449
|switch|p2a: Pinsir|Pinsir, F|272\/272
|turn|1
|
|detailschange|p2a: Pinsir|Pinsir-Mega, F
|message|Pinsir has Mega Evolved into Mega Pinsir!
|move|p2a: Pinsir|Return|p1a: Large Nixe
|-damage|p1a: Large Nixe|199\/449
|move|p1a: Large Nixe|Acid Armor|p1a: Large Nixe
|-boost|p1a: Large Nixe|def|2
|
|-heal|p1a: Large Nixe|227\/449|[from] item: Leftovers
|turn|2
|
|move|p2a: Pinsir|Swords Dance|p2a: Pinsir
|-boost|p2a: Pinsir|atk|2
|move|p1a: Large Nixe|Roar|p2a: Pinsir
|drag|p2a: Dragonite|Dragonite, M|324\/324
|
|-heal|p1a: Large Nixe|255\/449|[from] item: Leftovers
|turn|3
|
|switch|p2a: Aegislash|Aegislash, M|261\/261
|move|p1a: Large Nixe|Baton Pass|p1a: Large Nixe
|
|switch|p1a: Charles le Brun|Smeargle, M, shiny|273\/273
|
|turn|4
|
|move|p1a: Charles le Brun|Quiver Dance|p1a: Charles le Brun
|-boost|p1a: Charles le Brun|spa|1
|-boost|p1a: Charles le Brun|spd|1
|-boost|p1a: Charles le Brun|spe|1
|-formechange|p2a: Aegislash|Aegislash-Blade
|move|p2a: Aegislash|Sacred Sword|p1a: Charles le Brun
|-supereffective|p1a: Charles le Brun
|-enditem|p1a: Charles le Brun|Focus Sash
|-damage|p1a: Charles le Brun|1\/273
|-damage|p2a: Aegislash|235\/261|[from] item: Life Orb
|
|turn|5
|
|switch|p2a: Tyranitar|Tyranitar, F|404\/404
|-weather|Sandstorm
|move|p1a: Charles le Brun|Baton Pass|p1a: Charles le Brun
|
|switch|p1a: SandstormWiggler|Scolipede, M|321\/321
|
|-weather|Sandstorm|[upkeep]
|-damage|p1a: SandstormWiggler|301\/321|[from] sandstorm
|turn|6
|
|move|p1a: SandstormWiggler|Iron Defense|p1a: SandstormWiggler
|-boost|p1a: SandstormWiggler|def|2
|move|p2a: Tyranitar|Stone Edge|p1a: SandstormWiggler|[miss]
|-miss|p2a: Tyranitar|p1a: SandstormWiggler
|
|-weather|Sandstorm|[upkeep]
|-damage|p1a: SandstormWiggler|281\/321|[from] sandstorm
|-boost|p1a: SandstormWiggler|spe|1|[from] ability: Speed Boost
|turn|7
|
|move|p1a: SandstormWiggler|Substitute|p1a: SandstormWiggler
|-start|p1a: SandstormWiggler|Substitute
|-damage|p1a: SandstormWiggler|201\/321
|move|p2a: Tyranitar|Stone Edge|p1a: SandstormWiggler
|-supereffective|p1a: SandstormWiggler
|-end|p1a: SandstormWiggler|Substitute
|
|-weather|Sandstorm|[upkeep]
|-damage|p1a: SandstormWiggler|181\/321|[from] sandstorm
|-boost|p1a: SandstormWiggler|spe|1|[from] ability: Speed Boost
|turn|8
|
|move|p1a: SandstormWiggler|Substitute|p1a: SandstormWiggler
|-start|p1a: SandstormWiggler|Substitute
|-damage|p1a: SandstormWiggler|101\/321
|move|p2a: Tyranitar|Stone Edge|p1a: SandstormWiggler
|-supereffective|p1a: SandstormWiggler
|-end|p1a: SandstormWiggler|Substitute
|
|-weather|Sandstorm|[upkeep]
|-damage|p1a: SandstormWiggler|81\/321|[from] sandstorm
|-boost|p1a: SandstormWiggler|spe|1|[from] ability: Speed Boost
|turn|9
|
|move|p1a: SandstormWiggler|Baton Pass|p1a: SandstormWiggler
|
|switch|p1a: CandleCarapace|Sylveon, F|385\/385
|move|p2a: Tyranitar|Fire Blast|p1a: CandleCarapace
|-damage|p1a: CandleCarapace|350\/385
|
|-weather|Sandstorm|[upkeep]
|-damage|p1a: CandleCarapace|326\/385|[from] sandstorm
|-heal|p1a: CandleCarapace|350\/385|[from] item: Leftovers
|turn|10
|
|move|p1a: CandleCarapace|Calm Mind|p1a: CandleCarapace
|-boost|p1a: CandleCarapace|spa|1
|-boost|p1a: CandleCarapace|spd|1
|move|p2a: Tyranitar|Stone Edge|p1a: CandleCarapace
|-damage|p1a: CandleCarapace|247\/385
|
|-weather|Sandstorm|[upkeep]
|-damage|p1a: CandleCarapace|223\/385|[from] sandstorm
|-heal|p1a: CandleCarapace|247\/385|[from] item: Leftovers
|turn|11
|
|move|p1a: CandleCarapace|Baton Pass|p1a: CandleCarapace
|
|switch|p1a: Large Nixe|Vaporeon, F|255\/449
|move|p2a: Tyranitar|Stone Edge|p1a: Large Nixe
|-damage|p1a: Large Nixe|191\/449
|
|-weather|Sandstorm|[upkeep]
|-damage|p1a: Large Nixe|163\/449|[from] sandstorm
|-heal|p1a: Large Nixe|191\/449|[from] item: Leftovers
|turn|12
|
|move|p1a: Large Nixe|Substitute|p1a: Large Nixe
|-start|p1a: Large Nixe|Substitute
|-damage|p1a: Large Nixe|79\/449
|move|p2a: Tyranitar|Stealth Rock|p1a: Large Nixe
|-sidestart|p1: PiKacHuiSFuN|move: Stealth Rock
|
|-weather|none
|-heal|p1a: Large Nixe|107\/449|[from] item: Leftovers
|turn|13
|
|move|p1a: Large Nixe|Acid Armor|p1a: Large Nixe
|-boost|p1a: Large Nixe|def|2
|move|p2a: Tyranitar|Stone Edge|p1a: Large Nixe|[miss]
|-miss|p2a: Tyranitar|p1a: Large Nixe
|
|-heal|p1a: Large Nixe|135\/449|[from] item: Leftovers
|turn|14
|
|move|p1a: Large Nixe|Baton Pass|p1a: Large Nixe
|
|switch|p1a: GreenPanthern|Espeon, M, shiny|321\/321
|-damage|p1a: GreenPanthern|281\/321|[from] Stealth Rock
|move|p2a: Tyranitar|Stone Edge|p1a: GreenPanthern
|-activate|p1a: GreenPanthern|Substitute|[damage]
|
|-heal|p1a: GreenPanthern|301\/321|[from] item: Leftovers
|turn|15
|
|move|p1a: GreenPanthern|Calm Mind|p1a: GreenPanthern
|-boost|p1a: GreenPanthern|spa|1
|-boost|p1a: GreenPanthern|spd|1
|move|p2a: Tyranitar|Crunch|p1a: GreenPanthern
|-supereffective|p1a: GreenPanthern
|-end|p1a: GreenPanthern|Substitute
|
|-heal|p1a: GreenPanthern|321\/321|[from] item: Leftovers
|turn|16
|
|move|p1a: GreenPanthern|Substitute|p1a: GreenPanthern
|-start|p1a: GreenPanthern|Substitute
|-damage|p1a: GreenPanthern|241\/321
|move|p2a: Tyranitar|Crunch|p1a: GreenPanthern
|-supereffective|p1a: GreenPanthern
|-end|p1a: GreenPanthern|Substitute
|
|-heal|p1a: GreenPanthern|261\/321|[from] item: Leftovers
|turn|17
|
|move|p1a: GreenPanthern|Substitute|p1a: GreenPanthern
|-start|p1a: GreenPanthern|Substitute
|-damage|p1a: GreenPanthern|181\/321
|move|p2a: Tyranitar|Crunch|p1a: GreenPanthern
|-crit|p1a: GreenPanthern
|-supereffective|p1a: GreenPanthern
|-end|p1a: GreenPanthern|Substitute
|
|-heal|p1a: GreenPanthern|201\/321|[from] item: Leftovers
|turn|18
|
|move|p1a: GreenPanthern|Baton Pass|p1a: GreenPanthern
|
|switch|p1a: CandleCarapace|Sylveon, F|247\/385
|-damage|p1a: CandleCarapace|199\/385|[from] Stealth Rock
|move|p2a: Tyranitar|Crunch|p1a: CandleCarapace
|-resisted|p1a: CandleCarapace
|-damage|p1a: CandleCarapace|169\/385
|
|-heal|p1a: CandleCarapace|193\/385|[from] item: Leftovers
|turn|19
|
|move|p1a: CandleCarapace|Hyper Voice|p2a: Tyranitar
|-supereffective|p2a: Tyranitar
|-damage|p2a: Tyranitar|0 fnt
|faint|p2a: Tyranitar
|
|-heal|p1a: CandleCarapace|217\/385|[from] item: Leftovers
|
|switch|p2a: Aegislash|Aegislash, M|235\/261
|turn|20
|
|move|p1a: CandleCarapace|Stored Power|p2a: Aegislash
|-resisted|p2a: Aegislash
|-damage|p2a: Aegislash|0 fnt
|faint|p2a: Aegislash
|
|-heal|p1a: CandleCarapace|241\/385|[from] item: Leftovers
|
|switch|p2a: Dragonite|Dragonite, M|324\/324
|turn|21
|
|move|p2a: Dragonite|Extreme Speed|p1a: CandleCarapace
|-damage|p1a: CandleCarapace|187\/385
|move|p1a: CandleCarapace|Calm Mind|p1a: CandleCarapace
|-boost|p1a: CandleCarapace|spa|1
|-boost|p1a: CandleCarapace|spd|1
|
|-heal|p1a: CandleCarapace|211\/385|[from] item: Leftovers
|turn|22
|
|move|p2a: Dragonite|Extreme Speed|p1a: CandleCarapace
|-damage|p1a: CandleCarapace|149\/385
|move|p1a: CandleCarapace|Hyper Voice|p2a: Dragonite
|-supereffective|p2a: Dragonite
|-damage|p2a: Dragonite|0 fnt
|faint|p2a: Dragonite
|
|-heal|p1a: CandleCarapace|173\/385|[from] item: Leftovers
|
|switch|p2a: Pinsir|Pinsir-Mega, F|272\/272
|turn|23
|
|move|p2a: Pinsir|Quick Attack|p1a: CandleCarapace
|-damage|p1a: CandleCarapace|136\/385
|move|p1a: CandleCarapace|Hyper Voice|p2a: Pinsir
|-damage|p2a: Pinsir|0 fnt
|faint|p2a: Pinsir
|
|-heal|p1a: CandleCarapace|160\/385|[from] item: Leftovers
|-message|BHARATH_THEBEST forfeited.
|
|win|PiKacHuiSFuN
|raw|Ladder updating...
|leave|BHARATH_THEBEST
|player|p2
|raw|PiKacHuiSFuN's rating: 1855 &rarr; <strong>1874<\/strong><br \/>(+19 for winning)
|raw|BHARATH_THEBEST's rating: 1827 &rarr; <strong>1809<\/strong><br \/>(-18 for losing)