|join|BHARATH_THEBEST
|join|aglet09
|player|p1|BHARATH_THEBEST|290
|player|p2|aglet09|184
|gametype|singles
|gen|6
|tier|OU
|rated
|clearpoke
|poke|p1|Scizor, F
|poke|p1|Kyurem-Black
|poke|p1|Excadrill, M
|poke|p1|Landorus-Therian, M
|poke|p1|Entei, shiny
|poke|p1|Thundurus, M
|poke|p2|Nidoking, M
|poke|p2|Cloyster, F
|poke|p2|Kingdra, F
|poke|p2|Scolipede, M
|poke|p2|Sigilyph, M
|poke|p2|Klefki, F
|rule|Swagger Clause: Swagger is banned
|rule|Baton Pass Clause: Limit one PokÃ©mon knowing Baton Pass
|rule|Sleep Clause Mod: Limit one foe put to sleep
|rule|Species Clause: Limit one of each PokÃ©mon
|rule|OHKO Clause: OHKO moves are banned
|rule|Moody Clause: Moody is banned
|rule|Evasion Moves Clause: Evasion moves are banned
|rule|Endless Battle Clause: Forcing endless battles is banned
|rule|HP Percentage Mod: HP is shown in percentages
|teampreview
|
|start
|switch|p1a: Entei|Entei, shiny|371\/371
|switch|p2a: Testudo|Klefki, F|318\/318
|-ability|p1a: Entei|Pressure
|turn|1
|
|switch|p1a: Landorus-Therian|Landorus-Therian, M|381\/381
|-ability|p1a: Landorus-Therian|Intimidate|[of] p2a: Testudo
|-unboost|p2a: Testudo|atk|1
|move|p2a: Testudo|Light Screen|p2a: Testudo
|-sidestart|p2: aglet09|move: Light Screen
|
|turn|2
|
|move|p2a: Testudo|Reflect|p2a: Testudo
|-sidestart|p2: aglet09|Reflect
|move|p1a: Landorus-Therian|Stealth Rock|p2a: Testudo
|-sidestart|p2: aglet09|move: Stealth Rock
|
|turn|3
|
|switch|p1a: Entei|Entei, shiny|371\/371
|-ability|p1a: Entei|Pressure
|switch|p2a: Sigilyph|Sigilyph, M|348\/348
|
|-status|p2a: Sigilyph|brn|[from] item: Flame Orb
|turn|4
|
|switch|p1a: Scizor|Scizor, F|343\/343
|switch|p2a: Maelstrom|Kingdra, F|354\/354
|-damage|p2a: Maelstrom|310\/354|[from] Stealth Rock
|
|turn|5
|
|detailschange|p1a: Scizor|Scizor-Mega, F
|message|Scizor has Mega Evolved into Mega Scizor!
|move|p2a: Maelstrom|Focus Energy|p2a: Maelstrom
|-start|p2a: Maelstrom|move: Focus Energy
|move|p1a: Scizor|Swords Dance|p1a: Scizor
|-boost|p1a: Scizor|atk|2
|
|turn|6
|
|move|p2a: Maelstrom|Surf|p1a: Scizor
|-crit|p1a: Scizor
|-damage|p1a: Scizor|72\/343
|move|p1a: Scizor|Superpower|p2a: Maelstrom
|-damage|p2a: Maelstrom|147\/354
|-unboost|p1a: Scizor|atk|1
|-unboost|p1a: Scizor|def|1
|
|turn|7
|
|move|p2a: Maelstrom|Surf|p1a: Scizor
|-crit|p1a: Scizor
|-damage|p1a: Scizor|0 fnt
|faint|p1a: Scizor
|
|
|switch|p1a: Kyurem-Black|Kyurem-Black|391\/391
|-ability|p1a: Kyurem-Black|Teravolt
|turn|8
|
|switch|p2a: Testudo|Klefki, F|318\/318
|-damage|p2a: Testudo|299\/318|[from] Stealth Rock
|move|p1a: Kyurem-Black|Dragon Claw|p2a: Testudo
|-immune|p2a: Testudo|[msg]
|
|-sideend|p2: aglet09|move: Light Screen
|turn|9
|
|switch|p1a: Entei|Entei, shiny|371\/371
|-ability|p1a: Entei|Pressure
|move|p2a: Testudo|Light Screen|p2a: Testudo
|-sidestart|p2: aglet09|move: Light Screen
|
|-sideend|p2: aglet09|Reflect
|turn|10
|
|move|p2a: Testudo|Thunder Wave|p1a: Entei
|-status|p1a: Entei|par
|cant|p1a: Entei|par
|
|turn|11
|
|move|p2a: Testudo|Reflect|p2a: Testudo
|-sidestart|p2: aglet09|Reflect
|move|p1a: Entei|Flare Blitz|p2a: Testudo
|-supereffective|p2a: Testudo
|-damage|p2a: Testudo|65\/318
|-damage|p1a: Entei|294\/371 par|[from] recoil|[of] p2a: Testudo
|
|turn|12
|
|switch|p2a: Maelstrom|Kingdra, F|147\/354
|-damage|p2a: Maelstrom|103\/354|[from] Stealth Rock
|move|p1a: Entei|Flare Blitz|p2a: Maelstrom
|-resisted|p2a: Maelstrom
|-damage|p2a: Maelstrom|64\/354
|-damage|p1a: Entei|281\/371 par|[from] recoil|[of] p2a: Maelstrom
|
|turn|13
|
|switch|p1a: Kyurem-Black|Kyurem-Black|391\/391
|-ability|p1a: Kyurem-Black|Teravolt
|move|p2a: Maelstrom|Draco Meteor|p1a: Kyurem-Black
|-supereffective|p1a: Kyurem-Black
|-damage|p1a: Kyurem-Black|0 fnt
|-unboost|p2a: Maelstrom|spa|2
|faint|p1a: Kyurem-Black
|
|
|switch|p1a: Thundurus|Thundurus, M|299\/299
|turn|14
|
|switch|p2a: Havoc|Nidoking, M|304\/304
|-damage|p2a: Havoc|285\/304|[from] Stealth Rock
|move|p1a: Thundurus|Thunderbolt|p2a: Havoc
|-immune|p2a: Havoc|[msg]
|
|turn|15
|
|switch|p1a: Entei|Entei, shiny|281\/371 par
|-ability|p1a: Entei|Pressure
|move|p2a: Havoc|Ice Beam|p1a: Entei
|-resisted|p1a: Entei
|-damage|p1a: Entei|198\/371 par
|
|turn|16
|
|cant|p1a: Entei|par
|move|p2a: Havoc|Earth Power|p1a: Entei
|-supereffective|p1a: Entei
|-damage|p1a: Entei|0 fnt
|faint|p1a: Entei
|
|-sideend|p2: aglet09|move: Light Screen
|
|switch|p1a: Thundurus|Thundurus, M|299\/299
|turn|17
|
|move|p1a: Thundurus|Hidden Power|p2a: Havoc
|-supereffective|p2a: Havoc
|-damage|p2a: Havoc|59\/304
|-damage|p1a: Thundurus|270\/299|[from] item: Life Orb
|move|p2a: Havoc|Ice Beam|p1a: Thundurus
|-supereffective|p1a: Thundurus
|-damage|p1a: Thundurus|0 fnt
|faint|p1a: Thundurus
|
|
|switch|p1a: Excadrill|Excadrill, M|391\/391
|-ability|p1a: Excadrill|Mold Breaker
|turn|18
|-message|BHARATH_THEBEST forfeited.
|
|win|aglet09
|raw|Ladder updating...
|raw|BHARATH_THEBEST's rating: 1646 &rarr; <strong>1618<\/strong><br \/>(-28 for losing)
|raw|aglet09's rating: 1514 &rarr; <strong>1541<\/strong><br \/>(+27 for winning)
|leave|BHARATH_THEBEST
|player|p1