|join|LT7A level 56
|join|BHARATH_THEBEST
|player|p1|LT7A level 56|7
|player|p2|BHARATH_THEBEST|290
|gametype|singles
|gen|6
|tier|OU
|rated
|clearpoke
|poke|p1|Azumarill, F
|poke|p1|Landorus-Therian, M
|poke|p1|Magnezone
|poke|p1|Pinsir, M
|poke|p1|Latios, M
|poke|p1|Terrakion
|poke|p2|Rotom-Wash
|poke|p2|Diggersby, F
|poke|p2|Bisharp, F
|poke|p2|Venusaur, F
|poke|p2|Azumarill, F
|poke|p2|Garchomp, M
|rule|Swagger Clause: Swagger is banned
|rule|Baton Pass Clause: Limit one PokÃ©mon knowing Baton Pass
|rule|Sleep Clause Mod: Limit one foe put to sleep
|rule|Species Clause: Limit one of each PokÃ©mon
|rule|OHKO Clause: OHKO moves are banned
|rule|Moody Clause: Moody is banned
|rule|Evasion Moves Clause: Evasion moves are banned
|rule|Endless Battle Clause: Forcing endless battles is banned
|rule|HP Percentage Mod: HP is shown in percentages
|teampreview
|
|start
|switch|p1a: Azumarill|Azumarill, F|404\/404
|switch|p2a: Venusaur|Venusaur, F|363\/363
|turn|1
|
|switch|p1a: Magnezone|Magnezone|282\/282
|detailschange|p2a: Venusaur|Venusaur-Mega, F
|message|Venusaur has Mega Evolved into Mega Venusaur!
|move|p2a: Venusaur|Leech Seed|p1a: Magnezone
|-start|p1a: Magnezone|move: Leech Seed
|
|-damage|p1a: Magnezone|247\/282|[from] Leech Seed|[of] p2a: Venusaur
|turn|2
|
|switch|p1a: Latios|Latios, M|302\/302
|move|p2a: Venusaur|Leech Seed|p1a: Latios
|-start|p1a: Latios|move: Leech Seed
|
|-damage|p1a: Latios|265\/302|[from] Leech Seed|[of] p2a: Venusaur
|turn|3
|
|switch|p1a: Terrakion|Terrakion|324\/324
|move|p2a: Venusaur|Synthesis|p2a: Venusaur
|
|turn|4
|
|move|p1a: Terrakion|Substitute|p1a: Terrakion
|-start|p1a: Terrakion|Substitute
|-damage|p1a: Terrakion|243\/324
|move|p2a: Venusaur|Leech Seed|p1a: Terrakion
|
|-heal|p1a: Terrakion|263\/324|[from] item: Leftovers
|turn|5
|
|move|p1a: Terrakion|Stealth Rock|p2a: Venusaur
|-sidestart|p2: BHARATH_THEBEST|move: Stealth Rock
|move|p2a: Venusaur|Giga Drain|p1a: Terrakion
|-supereffective|p1a: Terrakion
|-end|p1a: Terrakion|Substitute
|
|-heal|p1a: Terrakion|283\/324|[from] item: Leftovers
|turn|6
|
|switch|p1a: Latios|Latios, M|265\/302
|move|p2a: Venusaur|Giga Drain|p1a: Latios
|-resisted|p1a: Latios
|-damage|p1a: Latios|211\/302
|
|turn|7
|
|switch|p1a: Terrakion|Terrakion|283\/324
|switch|p2a: Bisharp|Bisharp, F|271\/271
|-damage|p2a: Bisharp|255\/271|[from] Stealth Rock
|
|-heal|p1a: Terrakion|303\/324|[from] item: Leftovers
|turn|8
|
|switch|p2a: Rotom-Wash|Rotom-Wash|304\/304
|-damage|p2a: Rotom-Wash|266\/304|[from] Stealth Rock
|move|p1a: Terrakion|Substitute|p1a: Terrakion
|-start|p1a: Terrakion|Substitute
|-damage|p1a: Terrakion|222\/324
|
|-heal|p1a: Terrakion|242\/324|[from] item: Leftovers
|-heal|p2a: Rotom-Wash|285\/304|[from] item: Leftovers
|turn|9
|
|move|p1a: Terrakion|Close Combat|p2a: Rotom-Wash
|-damage|p2a: Rotom-Wash|137\/304
|-unboost|p1a: Terrakion|def|1
|-unboost|p1a: Terrakion|spd|1
|move|p2a: Rotom-Wash|Hydro Pump|p1a: Terrakion
|-supereffective|p1a: Terrakion
|-end|p1a: Terrakion|Substitute
|
|-heal|p1a: Terrakion|262\/324|[from] item: Leftovers
|-heal|p2a: Rotom-Wash|156\/304|[from] item: Leftovers
|turn|10
|
|switch|p1a: Latios|Latios, M|211\/302
|move|p2a: Rotom-Wash|Will-O-Wisp|p1a: Latios
|-status|p1a: Latios|brn
|
|-heal|p2a: Rotom-Wash|175\/304|[from] item: Leftovers
|-damage|p1a: Latios|174\/302 brn|[from] brn
|turn|11
|
|switch|p2a: Bisharp|Bisharp, F|255\/271
|-damage|p2a: Bisharp|239\/271|[from] Stealth Rock
|move|p1a: Latios|Draco Meteor|p2a: Bisharp|[miss]
|-miss|p1a: Latios|p2a: Bisharp
|
|-damage|p1a: Latios|137\/302 brn|[from] brn
|turn|12
|
|switch|p1a: Terrakion|Terrakion|262\/324
|move|p2a: Bisharp|Sucker Punch|p1a: Terrakion
|-fail|p1a: Terrakion
|
|-heal|p1a: Terrakion|282\/324|[from] item: Leftovers
|turn|13
|
|switch|p2a: Rotom-Wash|Rotom-Wash|175\/304
|-damage|p2a: Rotom-Wash|137\/304|[from] Stealth Rock
|move|p1a: Terrakion|Close Combat|p2a: Rotom-Wash
|-damage|p2a: Rotom-Wash|0 fnt
|-unboost|p1a: Terrakion|def|1
|-unboost|p1a: Terrakion|spd|1
|faint|p2a: Rotom-Wash
|
|-heal|p1a: Terrakion|302\/324|[from] item: Leftovers
|
|switch|p2a: Garchomp|Garchomp, M|357\/357
|-damage|p2a: Garchomp|335\/357|[from] Stealth Rock
|turn|14
|
|move|p1a: Terrakion|Substitute|p1a: Terrakion
|-start|p1a: Terrakion|Substitute
|-damage|p1a: Terrakion|221\/324
|move|p2a: Garchomp|Draco Meteor|p1a: Terrakion
|-crit|p1a: Terrakion
|-end|p1a: Terrakion|Substitute
|-unboost|p2a: Garchomp|spa|2
|-damage|p2a: Garchomp|300\/357|[from] item: Life Orb
|
|-heal|p1a: Terrakion|241\/324|[from] item: Leftovers
|turn|15
|
|move|p1a: Terrakion|Substitute|p1a: Terrakion
|-start|p1a: Terrakion|Substitute
|-damage|p1a: Terrakion|160\/324
|move|p2a: Garchomp|Stealth Rock|p1a: Terrakion
|-sidestart|p1: LT7A level 56|move: Stealth Rock
|
|-heal|p1a: Terrakion|180\/324|[from] item: Leftovers
|turn|16
|
|move|p1a: Terrakion|Close Combat|p2a: Garchomp
|-damage|p2a: Garchomp|90\/357
|-damage|p1a: Terrakion|140\/324|[from] ability: Rough Skin|[of] p2a: Garchomp
|-unboost|p1a: Terrakion|def|1
|-unboost|p1a: Terrakion|spd|1
|move|p2a: Garchomp|Earthquake|p1a: Terrakion
|-supereffective|p1a: Terrakion
|-end|p1a: Terrakion|Substitute
|-damage|p2a: Garchomp|55\/357|[from] item: Life Orb
|
|-heal|p1a: Terrakion|160\/324|[from] item: Leftovers
|turn|17
|
|move|p1a: Terrakion|Close Combat|p2a: Garchomp
|-crit|p2a: Garchomp
|-damage|p2a: Garchomp|0 fnt
|-damage|p1a: Terrakion|120\/324|[from] ability: Rough Skin|[of] p2a: Garchomp
|-unboost|p1a: Terrakion|def|1
|-unboost|p1a: Terrakion|spd|1
|faint|p2a: Garchomp
|
|-heal|p1a: Terrakion|140\/324|[from] item: Leftovers
|
|switch|p2a: Azumarill|Azumarill, F|401\/401
|-damage|p2a: Azumarill|351\/401|[from] Stealth Rock
|turn|18
|
|move|p2a: Azumarill|Aqua Jet|p1a: Terrakion
|-supereffective|p1a: Terrakion
|-damage|p1a: Terrakion|0 fnt
|faint|p1a: Terrakion
|
|
|switch|p1a: Magnezone|Magnezone|247\/282
|-damage|p1a: Magnezone|230\/282|[from] Stealth Rock
|turn|19
|
|move|p1a: Magnezone|Charge Beam|p2a: Azumarill
|-supereffective|p2a: Azumarill
|-damage|p2a: Azumarill|219\/401
|-boost|p1a: Magnezone|spa|1
|move|p2a: Azumarill|Knock Off|p1a: Magnezone
|-damage|p1a: Magnezone|116\/282
|-enditem|p1a: Magnezone|Leftovers|[from] move: Knock Off|[of] p2a: Azumarill
|
|turn|20
|
|switch|p2a: Diggersby|Diggersby, F|312\/312
|-damage|p2a: Diggersby|293\/312|[from] Stealth Rock
|move|p1a: Magnezone|Flash Cannon|p2a: Diggersby
|-damage|p2a: Diggersby|19\/312
|-unboost|p2a: Diggersby|spd|1
|
|turn|21
|
|switch|p1a: Landorus-Therian|Landorus-Therian, M|320\/320
|-damage|p1a: Landorus-Therian|280\/320|[from] Stealth Rock
|-ability|p1a: Landorus-Therian|Intimidate|[of] p2a: Diggersby
|-unboost|p2a: Diggersby|atk|1
|move|p2a: Diggersby|Return|p1a: Landorus-Therian
|-damage|p1a: Landorus-Therian|106\/320
|
|turn|22
|
|move|p1a: Landorus-Therian|U-turn|p2a: Diggersby
|-damage|p2a: Diggersby|0 fnt
|faint|p2a: Diggersby
|
|switch|p1a: Magnezone|Magnezone|116\/282
|-damage|p1a: Magnezone|99\/282|[from] Stealth Rock
|
|
|switch|p2a: Bisharp|Bisharp, F|239\/271
|-damage|p2a: Bisharp|223\/271|[from] Stealth Rock
|turn|23
|
|move|p2a: Bisharp|Knock Off|p1a: Magnezone
|-damage|p1a: Magnezone|0 fnt
|-damage|p2a: Bisharp|196\/271|[from] item: Life Orb
|faint|p1a: Magnezone
|
|
|switch|p1a: Azumarill|Azumarill, F|404\/404
|-damage|p1a: Azumarill|354\/404|[from] Stealth Rock
|turn|24
|
|switch|p2a: Venusaur|Venusaur-Mega, F|363\/363
|-damage|p2a: Venusaur|318\/363|[from] Stealth Rock
|switch|p1a: Latios|Latios, M|137\/302 brn
|-damage|p1a: Latios|100\/302 brn|[from] Stealth Rock
|
|-damage|p1a: Latios|63\/302 brn|[from] brn
|turn|25
|
|move|p1a: Latios|Defog|p2a: Venusaur
|-unboost|p2a: Venusaur|evasion|1
|-sideend|p2: BHARATH_THEBEST|Stealth Rock|[from] move: Defog|[of] p2a: Venusaur
|-sideend|p1: LT7A level 56|Stealth Rock|[from] move: Defog|[of] p1a: Latios
|move|p2a: Venusaur|Synthesis|p2a: Venusaur
|-heal|p2a: Venusaur|363\/363
|
|-damage|p1a: Latios|26\/302 brn|[from] brn
|turn|26
|
|move|p1a: Latios|Recover|p1a: Latios
|-heal|p1a: Latios|177\/302 brn
|move|p2a: Venusaur|Synthesis|p2a: Venusaur
|
|-damage|p1a: Latios|140\/302 brn|[from] brn
|turn|27
|
|switch|p2a: Bisharp|Bisharp, F|196\/271
|move|p1a: Latios|Draco Meteor|p2a: Bisharp
|-resisted|p2a: Bisharp
|-damage|p2a: Bisharp|2\/271
|-unboost|p1a: Latios|spa|2
|-damage|p1a: Latios|110\/302 brn|[from] item: Life Orb
|
|-damage|p1a: Latios|73\/302 brn|[from] brn
|turn|28
|
|move|p2a: Bisharp|Sucker Punch|p1a: Latios
|-supereffective|p1a: Latios
|-damage|p1a: Latios|0 fnt
|-damage|p2a: Bisharp|0 fnt|[from] item: Life Orb
|faint|p1a: Latios
|faint|p2a: Bisharp
|
|
|switch|p1a: Pinsir|Pinsir, M|272\/272
|switch|p2a: Azumarill|Azumarill, F|219\/401
|turn|29
|
|detailschange|p1a: Pinsir|Pinsir-Mega, M
|message|Pinsir has Mega Evolved into Mega Pinsir!
|move|p1a: Pinsir|Return|p2a: Azumarill
|-damage|p2a: Azumarill|0 fnt
|faint|p2a: Azumarill
|
|
|switch|p2a: Venusaur|Venusaur-Mega, F|363\/363
|turn|30
|
|move|p1a: Pinsir|Return|p2a: Venusaur
|-supereffective|p2a: Venusaur
|-damage|p2a: Venusaur|0 fnt
|faint|p2a: Venusaur
|
|win|LT7A level 56
|raw|Ladder updating...
|raw|LT7A level 56's rating: 1636 &rarr; <strong>1658<\/strong><br \/>(+22 for winning)
|raw|BHARATH_THEBEST's rating: 1674 &rarr; <strong>1652<\/strong><br \/>(-22 for losing)