|join|BHARATH_THEBEST
|join|Lemmy (CB)
|player|p1|BHARATH_THEBEST|290
|player|p2|Lemmy (CB)|153
|gametype|singles
|gen|6
|tier|OU
|rated
|clearpoke
|poke|p1|Heracross, M
|poke|p1|Dragonite, M
|poke|p1|Aegislash, M
|poke|p1|Breloom, M
|poke|p1|Zapdos
|poke|p1|Talonflame, M
|poke|p2|Mamoswine, M
|poke|p2|Politoed, F
|poke|p2|Kingdra, F
|poke|p2|Kabutops, M
|poke|p2|Latias, F
|poke|p2|Mawile, M
|rule|Sleep Clause Mod: Limit one foe put to sleep
|rule|Species Clause: Limit one of each Pokemon
|rule|OHKO Clause: OHKO moves are banned
|rule|Moody Clause: Moody is banned
|rule|Evasion Moves Clause: Evasion moves are banned
|rule|Endless Battle Clause: Forcing endless battles is banned.
|rule|HP Percentage Mod: HP is reported as percentages
|teampreview
|
|start
|switch|p1a: Heracross|Heracross, M|320\/320
|switch|p2a: Manmosiaw|Mamoswine, M|361\/361
|turn|1
|
|detailschange|p1a: Heracross|Heracross-Mega, M
|message|Heracross has Mega Evolved into Mega Heracross!
|move|p2a: Manmosiaw|Stealth Rock|p1a: Heracross
|-sidestart|p1: BHARATH_THEBEST|move: Stealth Rock
|move|p1a: Heracross|Bullet Seed|p2a: Manmosiaw
|-supereffective|p2a: Manmosiaw
|-damage|p2a: Manmosiaw|259\/361
|-supereffective|p2a: Manmosiaw
|-damage|p2a: Manmosiaw|159\/361
|-supereffective|p2a: Manmosiaw
|-damage|p2a: Manmosiaw|49\/361
|-supereffective|p2a: Manmosiaw
|-damage|p2a: Manmosiaw|0 fnt
|-hitcount|p2a: Manmosiaw|4
|faint|p2a: Manmosiaw
|
|
|switch|p2a: Zapatofono|Mawile, M|282\/282
|-ability|p2a: Zapatofono|Intimidate|[of] p1a: Heracross
|-unboost|p1a: Heracross|atk|1
|turn|2
|
|switch|p1a: Aegislash|Aegislash, M|261\/261
|-damage|p1a: Aegislash|245\/261|[from] Stealth Rock
|detailschange|p2a: Zapatofono|Mawile-Mega, M
|message|Mawile has Mega Evolved into Mega Mawile!
|move|p2a: Zapatofono|Play Rough|p1a: Aegislash
|-resisted|p1a: Aegislash
|-damage|p1a: Aegislash|140\/261
|
|turn|3
|
|move|p2a: Zapatofono|Sucker Punch|p1a: Aegislash
|-supereffective|p1a: Aegislash
|-damage|p1a: Aegislash|0 fnt
|faint|p1a: Aegislash
|
|join|zapdos paco
|
|switch|p1a: Zapdos|Zapdos|372\/372
|-damage|p1a: Zapdos|279\/372|[from] Stealth Rock
|-ability|p1a: Zapdos|Pressure
|turn|4
|leave|zapdos paco
|
|switch|p2a: Rana Puta|Politoed, F|384\/384
|-weather|RainDance
|move|p1a: Zapdos|Defog|p2a: Rana Puta
|-unboost|p2a: Rana Puta|evasion|1
|-sideend|p1: BHARATH_THEBEST|Stealth Rock|[from] move: Defog|[of] p1a: Zapdos
|
|-weather|RainDance|[upkeep]
|-heal|p1a: Zapdos|302\/372|[from] item: Leftovers
|turn|5
|
|switch|p2a: Dragon Puto|Kingdra, F|291\/291
|move|p1a: Zapdos|Thunderbolt|p2a: Dragon Puto
|-damage|p2a: Dragon Puto|161\/291
|
|-weather|RainDance|[upkeep]
|-heal|p1a: Zapdos|325\/372|[from] item: Leftovers
|turn|6
|
|move|p2a: Dragon Puto|Hydro Pump|p1a: Zapdos
|-damage|p1a: Zapdos|0 fnt
|faint|p1a: Zapdos
|
|-weather|RainDance|[upkeep]
|chat|Lemmy (CB)|Ups
|
|switch|p1a: Talonflame|Talonflame, M|298\/298
|turn|7
|
|switch|p2a: Roca Puta|Kabutops, M|262\/262
|move|p1a: Talonflame|Brave Bird|p2a: Roca Puta
|-resisted|p2a: Roca Puta
|-damage|p2a: Roca Puta|141\/262
|-damage|p1a: Talonflame|258\/298|[from] recoil|[of] p2a: Roca Puta
|
|-weather|RainDance|[upkeep]
|turn|8
|
|move|p2a: Roca Puta|Aqua Jet|p1a: Talonflame
|-supereffective|p1a: Talonflame
|-damage|p1a: Talonflame|0 fnt
|-damage|p2a: Roca Puta|115\/262|[from] item: Life Orb
|faint|p1a: Talonflame
|
|-weather|RainDance|[upkeep]
|
|switch|p1a: Breloom|Breloom, M|262\/262
|turn|9
|join|Clayst
|join|CH) Brad Lahm
|leave|CH) Brad Lahm
|-message|BHARATH_THEBEST lost due to inactivity.
|
|win|Lemmy (CB)
|raw|Ladder updating...
|raw|BHARATH_THEBEST's rating: 1713 &rarr; <strong>1691<\/strong><br \/>(-22 for losing)
|raw|Lemmy (CB)'s rating: 1678 &rarr; <strong>1700<\/strong><br \/>(+22 for winning)