|join|BHARATH_THEBEST
|join|SquallStrife
|player|p1|BHARATH_THEBEST|290
|player|p2|SquallStrife|248
|gametype|singles
|gen|6
|tier|OU
|rated
|clearpoke
|poke|p1|Gardevoir, M
|poke|p1|Keldeo
|poke|p1|Tyranitar, M
|poke|p1|Excadrill, M
|poke|p1|Magnezone
|poke|p1|Latios, M
|poke|p2|Salamence, F
|poke|p2|Chansey, F
|poke|p2|Infernape, M
|poke|p2|Mamoswine, F
|poke|p2|Klefki, F
|poke|p2|Blastoise, M
|rule|Swagger Clause: Swagger is banned
|rule|Baton Pass Clause: Limit one PokÃ©mon knowing Baton Pass
|rule|Sleep Clause Mod: Limit one foe put to sleep
|rule|Species Clause: Limit one of each PokÃ©mon
|rule|OHKO Clause: OHKO moves are banned
|rule|Moody Clause: Moody is banned
|rule|Evasion Moves Clause: Evasion moves are banned
|rule|Endless Battle Clause: Forcing endless battles is banned
|rule|HP Percentage Mod: HP is shown in percentages
|teampreview
|
|start
|switch|p1a: Crests of Waves|Keldeo|323\/323
|switch|p2a: Infernape|Infernape, M|293\/293
|turn|1
|
|move|p2a: Infernape|Close Combat|p1a: Crests of Waves
|-damage|p1a: Crests of Waves|49\/323
|-unboost|p2a: Infernape|def|1
|-unboost|p2a: Infernape|spd|1
|move|p1a: Crests of Waves|Scald|p2a: Infernape
|-supereffective|p2a: Infernape
|-damage|p2a: Infernape|0 fnt
|faint|p2a: Infernape
|
|
|switch|p2a: Klefki|Klefki, F|318\/318
|turn|2
|
|move|p2a: Klefki|Light Screen|p2a: Klefki
|-sidestart|p2: SquallStrife|move: Light Screen
|move|p1a: Crests of Waves|Scald|p2a: Klefki
|-damage|p2a: Klefki|209\/318
|
|turn|3
|
|move|p2a: Klefki|Reflect|p2a: Klefki
|-sidestart|p2: SquallStrife|Reflect
|move|p1a: Crests of Waves|Scald|p2a: Klefki
|-damage|p2a: Klefki|91\/318
|-status|p2a: Klefki|brn
|
|-damage|p2a: Klefki|52\/318 brn|[from] brn
|turn|4
|
|move|p2a: Klefki|Thunder Wave|p1a: Crests of Waves
|-status|p1a: Crests of Waves|par
|move|p1a: Crests of Waves|Scald|p2a: Klefki
|-damage|p2a: Klefki|0 fnt
|faint|p2a: Klefki
|
|
|switch|p2a: Salamence|Salamence, F|359\/359
|turn|5
|
|switch|p1a: Magic|Gardevoir, M|277\/277
|-ability|p1a: Magic|Moxie|[from] ability: Trace|[of] p2a: Salamence
|move|p2a: Salamence|Dragon Dance|p2a: Salamence
|-boost|p2a: Salamence|atk|1
|-boost|p2a: Salamence|spe|1
|
|turn|6
|
|detailschange|p1a: Magic|Gardevoir-Mega, M
|message|Gardevoir has Mega Evolved into Mega Gardevoir!
|move|p2a: Salamence|Earthquake|p1a: Magic
|-damage|p1a: Magic|21\/277
|move|p1a: Magic|Hyper Voice|p2a: Salamence
|-supereffective|p2a: Salamence
|-damage|p2a: Salamence|22\/359
|
|-heal|p2a: Salamence|44\/359|[from] item: Leftovers
|turn|7
|
|switch|p1a: Crests of Waves|Keldeo|49\/323 par
|move|p2a: Salamence|Earthquake|p1a: Crests of Waves
|-damage|p1a: Crests of Waves|0 fnt
|faint|p1a: Crests of Waves
|-boost|p2a: Salamence|atk|1|[from] ability: Moxie
|
|-heal|p2a: Salamence|66\/359|[from] item: Leftovers
|
|switch|p1a: Shiver|Tyranitar, M|403\/403
|-weather|Sandstorm
|turn|8
|
|move|p2a: Salamence|Earthquake|p1a: Shiver
|-supereffective|p1a: Shiver
|-damage|p1a: Shiver|0 fnt
|faint|p1a: Shiver
|-boost|p2a: Salamence|atk|1|[from] ability: Moxie
|
|-weather|Sandstorm|[upkeep]
|-damage|p2a: Salamence|44\/359|[from] sandstorm
|-heal|p2a: Salamence|66\/359|[from] item: Leftovers
|
|switch|p1a: Such a Rush|Excadrill, M|361\/361
|-item|p1a: Such a Rush|Air Balloon
|turn|9
|
|move|p1a: Such a Rush|Iron Head|p2a: Salamence
|-damage|p2a: Salamence|0 fnt
|faint|p2a: Salamence
|
|-weather|Sandstorm|[upkeep]
|-sideend|p2: SquallStrife|move: Light Screen
|
|switch|p2a: Blastoise|Blastoise, M|354\/354
|turn|10
|
|switch|p1a: Magnezone|Magnezone|282\/282
|detailschange|p2a: Blastoise|Blastoise-Mega, M
|message|Blastoise has Mega Evolved into Mega Blastoise!
|move|p2a: Blastoise|Dark Pulse|p1a: Magnezone
|-damage|p1a: Magnezone|101\/282
|
|-weather|Sandstorm|[upkeep]
|-damage|p2a: Blastoise|332\/354|[from] sandstorm
|-sideend|p2: SquallStrife|Reflect
|turn|11
|
|switch|p2a: Mamoswine|Mamoswine, F|420\/420
|move|p1a: Magnezone|Flash Cannon|p2a: Mamoswine
|-supereffective|p2a: Mamoswine
|-damage|p2a: Mamoswine|0 fnt
|faint|p2a: Mamoswine
|
|-weather|Sandstorm|[upkeep]
|
|switch|p2a: Blastoise|Blastoise-Mega, M|332\/354
|turn|12
|
|switch|p1a: High Speed|Latios, M|299\/299
|move|p2a: Blastoise|Dark Pulse|p1a: High Speed
|-supereffective|p1a: High Speed
|-damage|p1a: High Speed|0 fnt
|faint|p1a: High Speed
|
|-weather|Sandstorm|[upkeep]
|-damage|p2a: Blastoise|310\/354|[from] sandstorm
|
|switch|p1a: Magnezone|Magnezone|101\/282
|turn|13
|
|switch|p2a: Chansey|Chansey, F|642\/642
|move|p1a: Magnezone|Volt Switch|p2a: Chansey
|-damage|p2a: Chansey|578\/642
|
|switch|p1a: Such a Rush|Excadrill, M|361\/361
|-item|p1a: Such a Rush|Air Balloon
|
|-weather|Sandstorm|[upkeep]
|-damage|p2a: Chansey|538\/642|[from] sandstorm
|turn|14
|
|move|p1a: Such a Rush|Earthquake|p2a: Chansey
|-damage|p2a: Chansey|252\/642
|move|p2a: Chansey|Wish|p2a: Chansey
|
|-weather|Sandstorm|[upkeep]
|-damage|p2a: Chansey|212\/642|[from] sandstorm
|turn|15
|
|switch|p2a: Blastoise|Blastoise-Mega, M|310\/354
|move|p1a: Such a Rush|Iron Head|p2a: Blastoise
|-resisted|p2a: Blastoise
|-damage|p2a: Blastoise|247\/354
|
|-weather|none
|-heal|p2a: Blastoise|354\/354|[from] move: Wish|[wisher] Chansey
|turn|16
|
|move|p1a: Such a Rush|Earthquake|p2a: Blastoise
|-damage|p2a: Blastoise|182\/354
|move|p2a: Blastoise|Water Pulse|p1a: Such a Rush
|-supereffective|p1a: Such a Rush
|-damage|p1a: Such a Rush|0 fnt
|-enditem|p1a: Such a Rush|Air Balloon
|faint|p1a: Such a Rush
|
|
|switch|p1a: Magic|Gardevoir-Mega, M|21\/277
|turn|17
|
|move|p1a: Magic|Hyper Voice|p2a: Blastoise
|-damage|p2a: Blastoise|0 fnt
|faint|p2a: Blastoise
|
|
|switch|p2a: Chansey|Chansey, F|212\/642
|turn|18
|
|move|p1a: Magic|Taunt|p2a: Chansey
|-start|p2a: Chansey|move: Taunt
|cant|p2a: Chansey|move: Taunt|Wish
|
|turn|19
|c|âSquallStrife|gg
|
|move|p1a: Magic|Hyper Voice|p2a: Chansey
|-damage|p2a: Chansey|80\/642
|move|p2a: Chansey|Seismic Toss|p1a: Magic
|-damage|p1a: Magic|0 fnt
|faint|p1a: Magic
|
|
|switch|p1a: Magnezone|Magnezone|101\/282
|turn|20
|
|move|p1a: Magnezone|Flash Cannon|p2a: Chansey
|-damage|p2a: Chansey|16\/642
|move|p2a: Chansey|Seismic Toss|p1a: Magnezone
|-damage|p1a: Magnezone|1\/282
|
|-end|p2a: Chansey|move: Taunt
|turn|21
|c|âBHARATH_THEBEST|gg
|c|âSquallStrife|Wow very close
|
|move|p1a: Magnezone|Flash Cannon|p2a: Chansey
|-damage|p2a: Chansey|0 fnt
|faint|p2a: Chansey
|
|win|BHARATH_THEBEST
|raw|Ladder updating...
|raw|BHARATH_THEBEST's rating: 1666 &rarr; <strong>1684<\/strong><br \/>(+18 for winning)
|raw|SquallStrife's rating: 1632 &rarr; <strong>1614<\/strong><br \/>(-18 for losing)
|c|âBHARATH_THEBEST|ik