|join|BHARATH_THEBEST
|join|ruddy420__
|player|p1|BHARATH_THEBEST|290
|player|p2|ruddy420__|109
|gametype|singles
|gen|6
|tier|OU
|rated
|clearpoke
|poke|p1|Kyurem-Black
|poke|p1|Bisharp, F
|poke|p1|Latios, M
|poke|p1|Entei, shiny
|poke|p1|Pinsir, M
|poke|p1|Terrakion
|poke|p2|Tyranitar, F
|poke|p2|Espeon, M
|poke|p2|Talonflame, F
|poke|p2|Keldeo-Resolute
|poke|p2|Rotom-Wash
|poke|p2|Excadrill, F
|rule|Sleep Clause Mod: Limit one foe put to sleep
|rule|Species Clause: Limit one of each Pokemon
|rule|OHKO Clause: OHKO moves are banned
|rule|Moody Clause: Moody is banned
|rule|Evasion Moves Clause: Evasion moves are banned
|rule|Endless Battle Clause: Forcing endless battles is banned.
|rule|HP Percentage Mod: HP is reported as percentages
|teampreview
|join|Sky'sthelimit
|chat|Sky'sthelimit|https:\/\/www.youtube.com\/watch?v=wNHB824lwtY
|chat|ruddy420__|terrakion the god
|join|Poke Master Snow
|
|start
|switch|p1a: Terrakion|Terrakion|323\/323
|switch|p2a: Tyranitar|Tyranitar, F|404\/404
|-weather|Sandstorm
|turn|1
|
|move|p1a: Terrakion|Close Combat|p2a: Tyranitar
|-supereffective|p2a: Tyranitar
|-damage|p2a: Tyranitar|0 fnt
|-unboost|p1a: Terrakion|def|1
|-unboost|p1a: Terrakion|spd|1
|faint|p2a: Tyranitar
|
|-weather|Sandstorm|[upkeep]
|chat|Sky'sthelimit|Survive through this, Thenhttps:\/\/www.youtube.com\/watch?v=wNHB824lwtY
|chat|Poke Master Snow|"remembers pinsir sweeping you earlier"
|
|switch|p2a: Excadrill|Excadrill, F|361\/361
|-item|p2a: Excadrill|Air Balloon
|turn|2
|chat|Sky'sthelimit|*theb
|
|move|p2a: Excadrill|Iron Head|p1a: Terrakion
|-supereffective|p1a: Terrakion
|-enditem|p1a: Terrakion|Focus Sash
|-damage|p1a: Terrakion|1\/323
|cant|p1a: Terrakion|flinch
|
|-weather|Sandstorm|[upkeep]
|turn|3
|
|move|p2a: Excadrill|Earthquake|p1a: Terrakion
|-supereffective|p1a: Terrakion
|-damage|p1a: Terrakion|0 fnt
|faint|p1a: Terrakion
|
|-weather|Sandstorm|[upkeep]
|
|switch|p1a: Latios|Latios, M|302\/302
|turn|4
|
|switch|p2a: Rotom-Wash|Rotom-Wash|304\/304
|move|p1a: Latios|Hidden Power|p2a: Rotom-Wash
|-resisted|p2a: Rotom-Wash
|-damage|p2a: Rotom-Wash|260\/304
|-damage|p1a: Latios|272\/302|[from] item: Life Orb
|
|-weather|Sandstorm|[upkeep]
|-damage|p1a: Latios|254\/302|[from] sandstorm
|-damage|p2a: Rotom-Wash|241\/304|[from] sandstorm
|turn|5
|
|move|p1a: Latios|Draco Meteor|p2a: Rotom-Wash
|-damage|p2a: Rotom-Wash|0 fnt
|-unboost|p1a: Latios|spa|2
|-damage|p1a: Latios|224\/302|[from] item: Life Orb
|faint|p2a: Rotom-Wash
|
|-weather|none
|
|switch|p2a: Espeon|Espeon, M|334\/334
|turn|6
|
|switch|p1a: Pinsir|Pinsir, M|272\/272
|move|p2a: Espeon|Substitute|p2a: Espeon
|-start|p2a: Espeon|Substitute
|-damage|p2a: Espeon|251\/334
|
|-heal|p2a: Espeon|271\/334|[from] item: Leftovers
|turn|7
|
|detailschange|p1a: Pinsir|Pinsir-Mega, M
|message|Pinsir has Mega Evolved into Mega Pinsir!
|move|p2a: Espeon|Baton Pass|p2a: Espeon
|
|switch|p2a: Talonflame|Talonflame, F|297\/297
|move|p1a: Pinsir|Return|p2a: Talonflame
|-end|p2a: Talonflame|Substitute
|
|turn|8
|chat|Sky'sthelimit|Oh cow O_O
|
|switch|p1a: Bisharp|Bisharp, F|272\/272
|move|p2a: Talonflame|Brave Bird|p1a: Bisharp
|-resisted|p1a: Bisharp
|-damage|p1a: Bisharp|135\/272
|-damage|p2a: Talonflame|252\/297|[from] recoil|[of] p1a: Bisharp
|
|turn|9
|
|move|p2a: Talonflame|Brave Bird|p1a: Bisharp
|-resisted|p1a: Bisharp
|-damage|p1a: Bisharp|18\/272
|-damage|p2a: Talonflame|213\/297|[from] recoil|[of] p1a: Bisharp
|move|p1a: Bisharp|Knock Off|p2a: Talonflame
|-damage|p2a: Talonflame|0 fnt
|-damage|p1a: Bisharp|0 fnt|[from] item: Life Orb
|faint|p2a: Talonflame
|faint|p1a: Bisharp
|
|chat|Sky'sthelimit|Max and min
|chat|ruddy420__|only way to win
|chat|Sky'sthelimit|OP
|chat|ruddy420__|dead ;]
|
|switch|p2a: Espeon|Espeon, M|271\/334
|switch|p1a: Latios|Latios, M|224\/302
|turn|10
|
|move|p2a: Espeon|Substitute|p2a: Espeon
|-start|p2a: Espeon|Substitute
|-damage|p2a: Espeon|188\/334
|move|p1a: Latios|Draco Meteor|p2a: Espeon
|-end|p2a: Espeon|Substitute
|-unboost|p1a: Latios|spa|2
|-damage|p1a: Latios|194\/302|[from] item: Life Orb
|
|-heal|p2a: Espeon|208\/334|[from] item: Leftovers
|turn|11
|
|switch|p1a: Pinsir|Pinsir-Mega, M|272\/272
|move|p2a: Espeon|Substitute|p2a: Espeon
|-start|p2a: Espeon|Substitute
|-damage|p2a: Espeon|125\/334
|
|-heal|p2a: Espeon|145\/334|[from] item: Leftovers
|turn|12
|chat|Sky'sthelimit|https:\/\/www.youtube.com\/watch?v=wNHB824lwtY
|chat|Sky'sthelimit|https:\/\/www.youtube.com\/watch?v=wNHB824lwtY
|chat|Sky'sthelimit|https:\/\/www.youtube.com\/watch?v=wNHB824lwtY
|
|move|p2a: Espeon|Baton Pass|p2a: Espeon
|
|switch|p2a: Keldeo-Resolute|Keldeo-Resolute|322\/322
|move|p1a: Pinsir|Return|p2a: Keldeo-Resolute
|-supereffective|p2a: Keldeo-Resolute
|-end|p2a: Keldeo-Resolute|Substitute
|
|turn|13
|
|move|p1a: Pinsir|Quick Attack|p2a: Keldeo-Resolute
|-supereffective|p2a: Keldeo-Resolute
|-damage|p2a: Keldeo-Resolute|68\/322
|move|p2a: Keldeo-Resolute|Hydro Pump|p1a: Pinsir
|-damage|p1a: Pinsir|41\/272
|
|-heal|p2a: Keldeo-Resolute|88\/322|[from] item: Leftovers
|turn|14
|
|move|p1a: Pinsir|Quick Attack|p2a: Keldeo-Resolute
|-supereffective|p2a: Keldeo-Resolute
|-damage|p2a: Keldeo-Resolute|0 fnt
|faint|p2a: Keldeo-Resolute
|
|
|switch|p2a: Excadrill|Excadrill, F|361\/361
|-item|p2a: Excadrill|Air Balloon
|turn|15
|
|move|p1a: Pinsir|Close Combat|p2a: Excadrill
|-supereffective|p2a: Excadrill
|-damage|p2a: Excadrill|0 fnt
|-enditem|p2a: Excadrill|Air Balloon
|-unboost|p1a: Pinsir|def|1
|-unboost|p1a: Pinsir|spd|1
|faint|p2a: Excadrill
|
|
|switch|p2a: Espeon|Espeon, M|145\/334
|turn|16
|chat|BHARATH_THEBEST|gg
|
|move|p1a: Pinsir|Quick Attack|p2a: Espeon
|-damage|p2a: Espeon|0 fnt
|faint|p2a: Espeon
|
|win|BHARATH_THEBEST
|raw|Ladder updating...
|raw|BHARATH_THEBEST's rating: 1627 &rarr; <strong>1642<\/strong><br \/>(+15 for winning)
|raw|ruddy420__'s rating: 1514 &rarr; <strong>1501<\/strong><br \/>(-13 for losing)
|chat|ruddy420__|gg
|chat|Poke Master Snow|pinsir why are you so godly?
|leave|BHARATH_THEBEST
|player|p1