|join|olll
|join|BHARATH_THEBEST
|player|p1|olll|237
|player|p2|BHARATH_THEBEST|290
|gametype|singles
|gen|6
|tier|OU
|rated
|clearpoke
|poke|p1|Chansey, F
|poke|p1|Latios, M
|poke|p1|Gliscor, F
|poke|p1|Ferrothorn, M
|poke|p1|Pinsir, F
|poke|p1|Heatran, M
|poke|p2|Sableye, M
|poke|p2|Bisharp, F
|poke|p2|Latios, M
|poke|p2|Entei, shiny
|poke|p2|Pinsir, M
|poke|p2|Terrakion
|rule|Sleep Clause Mod: Limit one foe put to sleep
|rule|Species Clause: Limit one of each Pokemon
|rule|OHKO Clause: OHKO moves are banned
|rule|Moody Clause: Moody is banned
|rule|Evasion Moves Clause: Evasion moves are banned
|rule|Endless Battle Clause: Forcing endless battles is banned.
|rule|HP Percentage Mod: HP is reported as percentages
|teampreview
|
|start
|switch|p1a: Latios|Latios, M|302\/302
|switch|p2a: Terrakion|Terrakion|323\/323
|turn|1
|
|move|p1a: Latios|Psyshock|p2a: Terrakion
|-supereffective|p2a: Terrakion
|-damage|p2a: Terrakion|9\/323
|move|p2a: Terrakion|Stone Edge|p1a: Latios
|-damage|p1a: Latios|103\/302
|
|turn|2
|
|move|p1a: Latios|Psyshock|p2a: Terrakion
|-supereffective|p2a: Terrakion
|-damage|p2a: Terrakion|0 fnt
|faint|p2a: Terrakion
|
|
|switch|p2a: Sableye|Sableye, M|304\/304
|turn|3
|
|switch|p1a: Heatran|Heatran, M|386\/386
|move|p2a: Sableye|Knock Off|p1a: Heatran
|-damage|p1a: Heatran|302\/386
|-enditem|p1a: Heatran|Leftovers|[from] move: Knock Off|[of] p2a: Sableye
|
|turn|4
|
|move|p2a: Sableye|Taunt|p1a: Heatran
|-start|p1a: Heatran|move: Taunt
|move|p1a: Heatran|Magma Storm|p2a: Sableye
|-damage|p2a: Sableye|156\/304
|-activate|p2a: Sableye|move: Magma Storm|[of] p1a: Heatran
|
|-heal|p2a: Sableye|175\/304|[from] item: Leftovers
|-damage|p2a: Sableye|137\/304|[from] move: Magma Storm|[partiallytrapped]
|turn|5
|
|switch|p2a: Latios|Latios, M|302\/302
|move|p1a: Heatran|Magma Storm|p2a: Latios
|-resisted|p2a: Latios
|-damage|p2a: Latios|236\/302
|-activate|p2a: Latios|move: Magma Storm|[of] p1a: Heatran
|
|-damage|p2a: Latios|199\/302|[from] move: Magma Storm|[partiallytrapped]
|turn|6
|
|switch|p1a: Ferrothorn|Ferrothorn, M|352\/352
|move|p2a: Latios|Draco Meteor|p1a: Ferrothorn
|-resisted|p1a: Ferrothorn
|-damage|p1a: Ferrothorn|223\/352
|-unboost|p2a: Latios|spa|2
|-damage|p2a: Latios|169\/302|[from] item: Life Orb
|
|-end|p2a: Latios|Magma Storm|[partiallytrapped]
|turn|7
|
|switch|p2a: Entei|Entei, shiny|372\/372
|-ability|p2a: Entei|Pressure
|move|p1a: Ferrothorn|Leech Seed|p2a: Entei
|-start|p2a: Entei|move: Leech Seed
|
|-damage|p2a: Entei|326\/372|[from] Leech Seed|[of] p1a: Ferrothorn
|-heal|p1a: Ferrothorn|269\/352|[silent]
|turn|8
|
|move|p1a: Ferrothorn|Protect|p1a: Ferrothorn
|-singleturn|p1a: Ferrothorn|Protect
|move|p2a: Entei|Bulldoze|p1a: Ferrothorn
|-activate|p1a: Ferrothorn|Protect
|
|-damage|p2a: Entei|280\/372|[from] Leech Seed|[of] p1a: Ferrothorn
|-heal|p1a: Ferrothorn|315\/352|[silent]
|turn|9
|
|switch|p2a: Latios|Latios, M|169\/302
|switch|p1a: Latios|Latios, M|103\/302
|
|turn|10
|
|switch|p2a: Sableye|Sableye, M|137\/304
|move|p1a: Latios|Draco Meteor|p2a: Sableye
|-damage|p2a: Sableye|0 fnt
|-unboost|p1a: Latios|spa|2
|faint|p2a: Sableye
|
|
|switch|p2a: Pinsir|Pinsir, M|272\/272
|turn|11
|
|detailschange|p2a: Pinsir|Pinsir-Mega, M
|message|Pinsir has Mega Evolved into Mega Pinsir!
|move|p1a: Latios|Draco Meteor|p2a: Pinsir
|-damage|p2a: Pinsir|140\/272
|-unboost|p1a: Latios|spa|2
|move|p2a: Pinsir|Swords Dance|p2a: Pinsir
|-boost|p2a: Pinsir|atk|2
|
|turn|12
|
|switch|p1a: Ferrothorn|Ferrothorn, M|315\/352
|move|p2a: Pinsir|Swords Dance|p2a: Pinsir
|-boost|p2a: Pinsir|atk|2
|
|turn|13
|
|move|p2a: Pinsir|Return|p1a: Ferrothorn
|-damage|p1a: Ferrothorn|0 fnt
|-damage|p2a: Pinsir|106\/272|[from] ability: Iron Barbs|[of] p1a: Ferrothorn
|-damage|p2a: Pinsir|61\/272|[from] item: Rocky Helmet|[of] p1a: Ferrothorn
|faint|p1a: Ferrothorn
|
|
|switch|p1a: Heatran|Heatran, M|302\/386
|turn|14
|
|move|p2a: Pinsir|Close Combat|p1a: Heatran
|-supereffective|p1a: Heatran
|-damage|p1a: Heatran|0 fnt
|-unboost|p2a: Pinsir|def|1
|-unboost|p2a: Pinsir|spd|1
|faint|p1a: Heatran
|
|
|switch|p1a: Pinsir|Pinsir, F|272\/272
|turn|15
|
|detailschange|p1a: Pinsir|Pinsir-Mega, F
|message|Pinsir has Mega Evolved into Mega Pinsir!
|move|p2a: Pinsir|Quick Attack|p1a: Pinsir
|-supereffective|p1a: Pinsir
|-damage|p1a: Pinsir|0 fnt
|faint|p1a: Pinsir
|
|
|switch|p1a: Latios|Latios, M|103\/302
|turn|16
|
|move|p2a: Pinsir|Quick Attack|p1a: Latios
|-damage|p1a: Latios|0 fnt
|faint|p1a: Latios
|
|
|switch|p1a: Chansey|Chansey, F|704\/704
|turn|17
|
|move|p2a: Pinsir|Close Combat|p1a: Chansey
|-supereffective|p1a: Chansey
|-damage|p1a: Chansey|0 fnt
|-unboost|p2a: Pinsir|def|1
|-unboost|p2a: Pinsir|spd|1
|faint|p1a: Chansey
|
|chat|olll|gg
|-message|olll forfeited.
|
|win|BHARATH_THEBEST
|raw|Ladder updating...
|raw|olll's rating: 1545 &rarr; <strong>1525<\/strong><br \/>(-20 for losing)
|raw|BHARATH_THEBEST's rating: 1550 &rarr; <strong>1569<\/strong><br \/>(+19 for winning)
|chat|BHARATH_THEBEST|gg
|leave|olll
|player|p1