|join|Reaper of Hearts
|join|BHARATH_THEBEST
|player|p1|Reaper of Hearts|65
|player|p2|BHARATH_THEBEST|170
|gametype|singles
|gen|6
|tier|OU
|rated
|clearpoke
|poke|p1|Medicham, M
|poke|p1|Gothitelle, F
|poke|p1|Mew
|poke|p1|Chansey, F
|poke|p1|Skarmory, M
|poke|p1|Rotom-Wash
|poke|p2|Tyranitar, M
|poke|p2|Excadrill, M
|poke|p2|Talonflame, F
|poke|p2|Latios, M
|poke|p2|Mawile, M
|poke|p2|Dragonite, F
|rule|Swagger Clause: Swagger is banned
|rule|Baton Pass Clause: Limit one PokÃ©mon knowing Baton Pass
|rule|Sleep Clause Mod: Limit one foe put to sleep
|rule|Species Clause: Limit one of each PokÃ©mon
|rule|OHKO Clause: OHKO moves are banned
|rule|Moody Clause: Moody is banned
|rule|Evasion Moves Clause: Evasion moves are banned
|rule|Endless Battle Clause: Forcing endless battles is banned
|rule|HP Percentage Mod: HP is shown in percentages
|teampreview
|
|start
|switch|p1a: Rotom-Wash|Rotom-Wash|304\/304
|switch|p2a: Talonflame|Talonflame, F|298\/298
|turn|1
|
|move|p2a: Talonflame|U-turn|p1a: Rotom-Wash
|-damage|p1a: Rotom-Wash|230\/304
|
|switch|p2a: Tyranitar|Tyranitar, M|341\/341
|-weather|Sandstorm
|move|p1a: Rotom-Wash|Will-O-Wisp|p2a: Tyranitar
|-status|p2a: Tyranitar|brn
|
|-weather|Sandstorm|[upkeep]
|-damage|p1a: Rotom-Wash|211\/304|[from] sandstorm
|-heal|p1a: Rotom-Wash|230\/304|[from] item: Leftovers
|-damage|p2a: Tyranitar|299\/341 brn|[from] brn
|turn|2
|
|move|p2a: Tyranitar|Stealth Rock|p1a: Rotom-Wash
|-sidestart|p1: Reaper of Hearts|move: Stealth Rock
|move|p1a: Rotom-Wash|Hydro Pump|p2a: Tyranitar
|-supereffective|p2a: Tyranitar
|-damage|p2a: Tyranitar|105\/341 brn
|
|-weather|Sandstorm|[upkeep]
|-damage|p1a: Rotom-Wash|211\/304|[from] sandstorm
|-heal|p1a: Rotom-Wash|230\/304|[from] item: Leftovers
|-damage|p2a: Tyranitar|63\/341 brn|[from] brn
|turn|3
|
|move|p2a: Tyranitar|Stone Edge|p1a: Rotom-Wash
|-damage|p1a: Rotom-Wash|151\/304
|move|p1a: Rotom-Wash|Will-O-Wisp|p2a: Tyranitar
|-fail|p2a: Tyranitar|brn
|
|-weather|Sandstorm|[upkeep]
|-damage|p1a: Rotom-Wash|132\/304|[from] sandstorm
|-heal|p1a: Rotom-Wash|151\/304|[from] item: Leftovers
|-damage|p2a: Tyranitar|21\/341 brn|[from] brn
|turn|4
|
|move|p2a: Tyranitar|Fire Blast|p1a: Rotom-Wash|[miss]
|-miss|p2a: Tyranitar|p1a: Rotom-Wash
|move|p1a: Rotom-Wash|Volt Switch|p2a: Tyranitar
|-damage|p2a: Tyranitar|0 fnt
|faint|p2a: Tyranitar
|
|switch|p1a: Medicham|Medicham, M|261\/261
|-damage|p1a: Medicham|245\/261|[from] Stealth Rock
|
|-weather|Sandstorm|[upkeep]
|-damage|p1a: Medicham|229\/261|[from] sandstorm
|
|switch|p2a: Talonflame|Talonflame, F|298\/298
|turn|5
|
|detailschange|p1a: Medicham|Medicham-Mega, M
|message|Medicham has Mega Evolved into Mega Medicham!
|move|p1a: Medicham|Fake Out|p2a: Talonflame
|-damage|p2a: Talonflame|192\/298
|cant|p2a: Talonflame|flinch
|
|-weather|Sandstorm|[upkeep]
|-damage|p2a: Talonflame|174\/298|[from] sandstorm
|-damage|p1a: Medicham|213\/261|[from] sandstorm
|turn|6
|
|switch|p1a: Skarmory|Skarmory, M|334\/334
|-damage|p1a: Skarmory|293\/334|[from] Stealth Rock
|move|p2a: Talonflame|Flare Blitz|p1a: Skarmory
|-supereffective|p1a: Skarmory
|-damage|p1a: Skarmory|0 fnt
|-damage|p2a: Talonflame|125\/298|[from] item: Rocky Helmet|[of] p1a: Skarmory
|-damage|p2a: Talonflame|28\/298|[from] recoil|[of] p1a: Skarmory
|faint|p1a: Skarmory
|
|-weather|Sandstorm|[upkeep]
|-damage|p2a: Talonflame|10\/298|[from] sandstorm
|
|switch|p1a: Medicham|Medicham-Mega, M|213\/261
|-damage|p1a: Medicham|197\/261|[from] Stealth Rock
|turn|7
|
|switch|p2a: Mawile|Mawile, M|269\/269
|move|p1a: Medicham|Fake Out|p2a: Mawile
|-resisted|p2a: Mawile
|-damage|p2a: Mawile|224\/269
|
|-weather|Sandstorm|[upkeep]
|-damage|p1a: Medicham|181\/261|[from] sandstorm
|turn|8
|
|detailschange|p2a: Mawile|Mawile-Mega, M
|message|Mawile has Mega Evolved into Mega Mawile!
|move|p1a: Medicham|High Jump Kick|p2a: Mawile
|-damage|p2a: Mawile|0 fnt
|faint|p2a: Mawile
|
|-weather|none
|
|switch|p2a: Talonflame|Talonflame, F|10\/298
|turn|9
|
|switch|p1a: Rotom-Wash|Rotom-Wash|151\/304
|-damage|p1a: Rotom-Wash|113\/304|[from] Stealth Rock
|move|p2a: Talonflame|Brave Bird|p1a: Rotom-Wash
|-resisted|p1a: Rotom-Wash
|-damage|p1a: Rotom-Wash|23\/304
|-damage|p2a: Talonflame|0 fnt|[from] recoil|[of] p1a: Rotom-Wash
|faint|p2a: Talonflame
|
|-heal|p1a: Rotom-Wash|42\/304|[from] item: Leftovers
|
|switch|p2a: Latios|Latios, M|301\/301
|turn|10
|
|move|p2a: Latios|Psyshock|p1a: Rotom-Wash
|-damage|p1a: Rotom-Wash|0 fnt
|-damage|p2a: Latios|271\/301|[from] item: Life Orb
|faint|p1a: Rotom-Wash
|
|
|switch|p1a: Mew|Mew|404\/404
|-damage|p1a: Mew|354\/404|[from] Stealth Rock
|turn|11
|
|move|p2a: Latios|Surf|p1a: Mew
|-damage|p1a: Mew|220\/404
|-damage|p2a: Latios|241\/301|[from] item: Life Orb
|move|p1a: Mew|Roost|p1a: Mew
|-heal|p1a: Mew|404\/404
|
|turn|12
|
|move|p2a: Latios|Surf|p1a: Mew
|-damage|p1a: Mew|274\/404
|-damage|p2a: Latios|211\/301|[from] item: Life Orb
|move|p1a: Mew|Knock Off|p2a: Latios
|-supereffective|p2a: Latios
|-damage|p2a: Latios|25\/301
|-enditem|p2a: Latios|Life Orb|[from] move: Knock Off|[of] p1a: Mew
|
|-heal|p1a: Mew|299\/404|[from] item: Leftovers
|turn|13
|
|switch|p2a: Dragonite|Dragonite, F|323\/323
|move|p1a: Mew|Roost|p1a: Mew
|-heal|p1a: Mew|404\/404
|
|turn|14
|
|move|p2a: Dragonite|Outrage|p1a: Mew
|-damage|p1a: Mew|103\/404
|move|p1a: Mew|Will-O-Wisp|p2a: Dragonite
|-status|p2a: Dragonite|brn
|
|-heal|p1a: Mew|128\/404|[from] item: Leftovers
|-damage|p2a: Dragonite|283\/323 brn|[from] brn
|turn|15
|
|switch|p1a: Chansey|Chansey, F|684\/684
|-damage|p1a: Chansey|599\/684|[from] Stealth Rock
|move|p2a: Dragonite|Outrage|p1a: Chansey
|-damage|p1a: Chansey|349\/684
|
|-damage|p2a: Dragonite|243\/323 brn|[from] brn
|turn|16
|
|move|p2a: Dragonite|Outrage|p1a: Chansey
|-damage|p1a: Chansey|111\/684
|move|p1a: Chansey|Soft-Boiled|p1a: Chansey
|-heal|p1a: Chansey|453\/684
|
|-end|p2a: Dragonite|rampage
|-start|p2a: Dragonite|confusion
|-damage|p2a: Dragonite|203\/323 brn|[from] brn
|turn|17
|-message|BHARATH_THEBEST forfeited.
|
|win|Reaper of Hearts
|raw|Ladder updating...
|leave|BHARATH_THEBEST
|player|p2
|raw|Reaper of Hearts's rating: 1854 &rarr; <strong>1868<\/strong><br \/>(+14 for winning)
|raw|BHARATH_THEBEST's rating: 1740 &rarr; <strong>1726<\/strong><br \/>(-14 for losing)