|join|teleee
|join|BHARATH_THEBEST
|player|p1|teleee|167
|player|p2|BHARATH_THEBEST|290
|gametype|singles
|gen|6
|tier|OU
|rated
|clearpoke
|poke|p1|Slowbro, F
|poke|p1|Latios, M
|poke|p1|Heatran, F
|poke|p1|Scizor, M
|poke|p1|Clefable, F
|poke|p1|Terrakion
|poke|p2|Tyranitar, F
|poke|p2|Excadrill, F
|poke|p2|Latios, M
|poke|p2|Mawile, F
|poke|p2|Talonflame, M
|poke|p2|Dragonite, M
|rule|Sleep Clause Mod: Limit one foe put to sleep
|rule|Species Clause: Limit one of each Pokemon
|rule|OHKO Clause: OHKO moves are banned
|rule|Moody Clause: Moody is banned
|rule|Evasion Moves Clause: Evasion moves are banned
|rule|Endless Battle Clause: Forcing endless battles is banned.
|rule|HP Percentage Mod: HP is reported as percentages
|teampreview
|
|start
|switch|p1a: bold|Slowbro, F|394\/394
|switch|p2a: PAIN PLANE|Latios, M|302\/302
|turn|1
|
|move|p2a: PAIN PLANE|Draco Meteor|p1a: bold
|-damage|p1a: bold|39\/394
|-unboost|p2a: PAIN PLANE|spa|2
|-damage|p2a: PAIN PLANE|272\/302|[from] item: Life Orb
|move|p1a: bold|Thunder Wave|p2a: PAIN PLANE
|-status|p2a: PAIN PLANE|par
|
|-heal|p1a: bold|63\/394|[from] item: Leftovers
|turn|2
|
|switch|p2a: tyranitard|Tyranitar, F|404\/404
|-weather|Sandstorm
|move|p1a: bold|Slack Off|p1a: bold
|-heal|p1a: bold|260\/394
|
|-weather|Sandstorm|[upkeep]
|-damage|p1a: bold|236\/394|[from] sandstorm
|-heal|p1a: bold|260\/394|[from] item: Leftovers
|turn|3
|
|move|p2a: tyranitard|Stealth Rock|p1a: bold
|-sidestart|p1: teleee|move: Stealth Rock
|move|p1a: bold|Thunder Wave|p2a: tyranitard
|-status|p2a: tyranitard|par
|
|-weather|Sandstorm|[upkeep]
|-damage|p1a: bold|236\/394|[from] sandstorm
|-heal|p1a: bold|260\/394|[from] item: Leftovers
|turn|4
|
|switch|p2a: PAIN PLANE|Latios, M|272\/302 par
|move|p1a: bold|Scald|p2a: PAIN PLANE
|-resisted|p2a: PAIN PLANE
|-damage|p2a: PAIN PLANE|228\/302 par
|
|-weather|Sandstorm|[upkeep]
|-damage|p1a: bold|236\/394|[from] sandstorm
|-damage|p2a: PAIN PLANE|210\/302 par|[from] sandstorm
|-heal|p1a: bold|260\/394|[from] item: Leftovers
|turn|5
|
|switch|p1a: Calm|Heatran, F|385\/385
|-damage|p1a: Calm|337\/385|[from] Stealth Rock
|move|p2a: PAIN PLANE|Hidden Power|p1a: Calm
|-start|p1a: Calm|ability: Flash Fire
|
|-weather|Sandstorm|[upkeep]
|-damage|p2a: PAIN PLANE|192\/302 par|[from] sandstorm
|-heal|p1a: Calm|361\/385|[from] item: Leftovers
|turn|6
|
|switch|p2a: monty mole|Excadrill, F|362\/362
|move|p1a: Calm|Stealth Rock|p2a: monty mole
|-sidestart|p2: BHARATH_THEBEST|move: Stealth Rock
|
|-weather|Sandstorm|[upkeep]
|-heal|p1a: Calm|385\/385|[from] item: Leftovers
|turn|7
|
|switch|p1a: Scizor|Scizor, M|343\/343
|-damage|p1a: Scizor|301\/343|[from] Stealth Rock
|move|p2a: monty mole|Swords Dance|p2a: monty mole
|-boost|p2a: monty mole|atk|2
|
|-weather|Sandstorm|[upkeep]
|turn|8
|
|detailschange|p1a: Scizor|Scizor-Mega, M
|message|Scizor has Mega Evolved into Mega Scizor!
|move|p2a: monty mole|Earthquake|p1a: Scizor
|-damage|p1a: Scizor|0 fnt
|-damage|p2a: monty mole|326\/362|[from] item: Life Orb
|faint|p1a: Scizor
|
|-weather|Sandstorm|[upkeep]
|
|switch|p1a: bold|Slowbro, F|391\/394
|-damage|p1a: bold|342\/394|[from] Stealth Rock
|turn|9
|
|move|p2a: monty mole|Earthquake|p1a: bold
|-crit|p1a: bold
|-damage|p1a: bold|0 fnt
|-damage|p2a: monty mole|290\/362|[from] item: Life Orb
|faint|p1a: bold
|
|-weather|none
|
|switch|p1a: Jolly|Terrakion|324\/324
|-damage|p1a: Jolly|304\/324|[from] Stealth Rock
|turn|10
|
|switch|p2a: tyranitard|Tyranitar, F|404\/404 par
|-damage|p2a: tyranitard|354\/404 par|[from] Stealth Rock
|-weather|Sandstorm
|move|p1a: Jolly|Close Combat|p2a: tyranitard
|-supereffective|p2a: tyranitard
|-damage|p2a: tyranitard|0 fnt
|-unboost|p1a: Jolly|def|1
|-unboost|p1a: Jolly|spd|1
|faint|p2a: tyranitard
|
|-weather|Sandstorm|[upkeep]
|
|switch|p2a: monty mole|Excadrill, F|290\/362
|-damage|p2a: monty mole|279\/362|[from] Stealth Rock
|turn|11
|
|switch|p1a: Modest|Latios, M|302\/302
|-damage|p1a: Modest|265\/302|[from] Stealth Rock
|move|p2a: monty mole|Iron Head|p1a: Modest
|-damage|p1a: Modest|2\/302
|-damage|p2a: monty mole|243\/362|[from] item: Life Orb
|
|-weather|Sandstorm|[upkeep]
|-damage|p1a: Modest|0 fnt|[from] sandstorm
|faint|p1a: Modest
|
|switch|p1a: Calm|Heatran, F|385\/385
|-damage|p1a: Calm|337\/385|[from] Stealth Rock
|turn|12
|-message|teleee forfeited.
|
|win|BHARATH_THEBEST
|raw|Ladder updating...
|raw|teleee's rating: 1851 &rarr; <strong>1823<\/strong><br \/>(-28 for losing)
|raw|BHARATH_THEBEST's rating: 1706 &rarr; <strong>1734<\/strong><br \/>(+28 for winning)
|leave|teleee
|player|p1