|join|zeroalt
|join|BHARATH_THEBEST
|player|p1|zeroalt|102
|player|p2|BHARATH_THEBEST|290
|gametype|singles
|gen|6
|tier|OU
|rated
|clearpoke
|poke|p1|Mew
|poke|p1|Bisharp, F
|poke|p1|Landorus-Therian, M
|poke|p1|Garchomp, M
|poke|p1|Manectric, F
|poke|p1|Azumarill, F
|poke|p2|Scizor, M
|poke|p2|Kyurem-Black
|poke|p2|Excadrill, M
|poke|p2|Landorus-Therian, M
|poke|p2|Entei, shiny
|poke|p2|Thundurus, M
|rule|Swagger Clause: Swagger is banned
|rule|Baton Pass Clause: Limit one PokÃ©mon knowing Baton Pass
|rule|Sleep Clause Mod: Limit one foe put to sleep
|rule|Species Clause: Limit one of each PokÃ©mon
|rule|OHKO Clause: OHKO moves are banned
|rule|Moody Clause: Moody is banned
|rule|Evasion Moves Clause: Evasion moves are banned
|rule|Endless Battle Clause: Forcing endless battles is banned
|rule|HP Percentage Mod: HP is shown in percentages
|teampreview
|
|start
|switch|p1a: Garchomp|Garchomp, M|357\/357
|switch|p2a: Landorus-Therian|Landorus-Therian, M|381\/381
|-ability|p2a: Landorus-Therian|Intimidate|[of] p1a: Garchomp
|-unboost|p1a: Garchomp|atk|1
|turn|1
|
|move|p1a: Garchomp|Stealth Rock|p2a: Landorus-Therian
|-sidestart|p2: BHARATH_THEBEST|move: Stealth Rock
|move|p2a: Landorus-Therian|Stealth Rock|p1a: Garchomp
|-sidestart|p1: zeroalt|move: Stealth Rock
|
|turn|2
|
|move|p1a: Garchomp|Swords Dance|p1a: Garchomp
|-boost|p1a: Garchomp|atk|2
|move|p2a: Landorus-Therian|Earthquake|p1a: Garchomp
|-damage|p1a: Garchomp|171\/357
|
|turn|3
|
|move|p1a: Garchomp|Outrage|p2a: Landorus-Therian
|-damage|p2a: Landorus-Therian|72\/381
|move|p2a: Landorus-Therian|Earthquake|p1a: Garchomp
|-damage|p1a: Garchomp|0 fnt
|faint|p1a: Garchomp
|
|-heal|p2a: Landorus-Therian|95\/381|[from] item: Leftovers
|
|switch|p1a: Azumarill|Azumarill, F|404\/404
|-damage|p1a: Azumarill|354\/404|[from] Stealth Rock
|turn|4
|
|switch|p2a: Scizor|Scizor, M|343\/343
|-damage|p2a: Scizor|301\/343|[from] Stealth Rock
|move|p1a: Azumarill|Aqua Jet|p2a: Scizor
|-damage|p2a: Scizor|226\/343
|
|turn|5
|
|switch|p1a: Mew|Mew|404\/404
|-damage|p1a: Mew|354\/404|[from] Stealth Rock
|detailschange|p2a: Scizor|Scizor-Mega, M
|message|Scizor has Mega Evolved into Mega Scizor!
|move|p2a: Scizor|Knock Off|p1a: Mew
|-supereffective|p1a: Mew
|-damage|p1a: Mew|110\/404
|-enditem|p1a: Mew|Leftovers|[from] move: Knock Off|[of] p2a: Scizor
|
|turn|6
|
|move|p2a: Scizor|Bullet Punch|p1a: Mew
|-damage|p1a: Mew|10\/404
|move|p1a: Mew|Roost|p1a: Mew
|-heal|p1a: Mew|212\/404
|
|turn|7
|
|switch|p2a: Entei|Entei, shiny|371\/371
|-damage|p2a: Entei|279\/371|[from] Stealth Rock
|-ability|p2a: Entei|Pressure
|move|p1a: Mew|Knock Off|p2a: Entei
|-damage|p2a: Entei|186\/371
|-enditem|p2a: Entei|Choice Band|[from] move: Knock Off|[of] p1a: Mew
|
|turn|8
|
|move|p2a: Entei|Sacred Fire|p1a: Mew
|-damage|p1a: Mew|28\/404
|move|p1a: Mew|Roost|p1a: Mew
|-heal|p1a: Mew|230\/404
|
|turn|9
|
|move|p2a: Entei|Sacred Fire|p1a: Mew
|-damage|p1a: Mew|50\/404
|-status|p1a: Mew|brn
|move|p1a: Mew|Roost|p1a: Mew
|-heal|p1a: Mew|252\/404 brn
|
|-damage|p1a: Mew|202\/404 brn|[from] brn
|turn|10
|
|move|p2a: Entei|Flare Blitz|p1a: Mew
|-damage|p1a: Mew|0 fnt
|-damage|p2a: Entei|119\/371|[from] recoil|[of] p1a: Mew
|faint|p1a: Mew
|
|
|switch|p1a: Manectric|Manectric, F|281\/281
|-damage|p1a: Manectric|246\/281|[from] Stealth Rock
|turn|11
|
|switch|p2a: Excadrill|Excadrill, M|391\/391
|-damage|p2a: Excadrill|379\/391|[from] Stealth Rock
|-ability|p2a: Excadrill|Mold Breaker
|detailschange|p1a: Manectric|Manectric-Mega, F
|message|Manectric has Mega Evolved into Mega Manectric!
|-ability|p1a: Manectric|Intimidate|[of] p2a: Excadrill
|-unboost|p2a: Excadrill|atk|1
|move|p1a: Manectric|Thunderbolt|p2a: Excadrill
|-immune|p2a: Excadrill|[msg]
|
|turn|12
|
|move|p1a: Manectric|Overheat|p2a: Excadrill
|-supereffective|p2a: Excadrill
|-damage|p2a: Excadrill|171\/391
|-unboost|p1a: Manectric|spa|2
|move|p2a: Excadrill|Rapid Spin|p1a: Manectric
|-damage|p1a: Manectric|224\/281
|-sideend|p2: BHARATH_THEBEST|Stealth Rock|[from] move: Rapid Spin|[of] p2a: Excadrill
|
|turn|13
|
|switch|p1a: Landorus-Therian|Landorus-Therian, M|319\/319
|-damage|p1a: Landorus-Therian|280\/319|[from] Stealth Rock
|-ability|p1a: Landorus-Therian|Intimidate|[of] p2a: Excadrill
|-unboost|p2a: Excadrill|atk|1
|move|p2a: Excadrill|Earthquake|p1a: Landorus-Therian
|-immune|p1a: Landorus-Therian|[msg]
|
|turn|14
|
|switch|p2a: Landorus-Therian|Landorus-Therian, M|95\/381
|-ability|p2a: Landorus-Therian|Intimidate|[of] p1a: Landorus-Therian
|-unboost|p1a: Landorus-Therian|atk|1
|move|p1a: Landorus-Therian|Stone Edge|p2a: Landorus-Therian
|-damage|p2a: Landorus-Therian|7\/381
|
|-heal|p2a: Landorus-Therian|30\/381|[from] item: Leftovers
|turn|15
|
|switch|p2a: Scizor|Scizor-Mega, M|226\/343
|move|p1a: Landorus-Therian|Stone Edge|p2a: Scizor
|-damage|p2a: Scizor|162\/343
|
|turn|16
|
|switch|p1a: Manectric|Manectric-Mega, F|224\/281
|-damage|p1a: Manectric|189\/281|[from] Stealth Rock
|-ability|p1a: Manectric|Intimidate|[of] p2a: Scizor
|-unboost|p2a: Scizor|atk|1
|move|p2a: Scizor|Roost|p2a: Scizor
|-heal|p2a: Scizor|334\/343
|
|turn|17
|
|switch|p2a: Landorus-Therian|Landorus-Therian, M|30\/381
|-ability|p2a: Landorus-Therian|Intimidate|[of] p1a: Manectric
|-unboost|p1a: Manectric|atk|1
|move|p1a: Manectric|Thunderbolt|p2a: Landorus-Therian
|-immune|p2a: Landorus-Therian|[msg]
|
|-heal|p2a: Landorus-Therian|53\/381|[from] item: Leftovers
|turn|18
|
|switch|p2a: Entei|Entei, shiny|119\/371
|-ability|p2a: Entei|Pressure
|move|p1a: Manectric|Hidden Power|p2a: Entei
|-resisted|p2a: Entei
|-damage|p2a: Entei|73\/371
|
|turn|19
|
|move|p2a: Entei|Extreme Speed|p1a: Manectric
|-damage|p1a: Manectric|79\/281
|move|p1a: Manectric|Thunderbolt|p2a: Entei
|-crit|p2a: Entei
|-damage|p2a: Entei|0 fnt
|faint|p2a: Entei
|
|
|switch|p2a: Kyurem-Black|Kyurem-Black|391\/391
|-ability|p2a: Kyurem-Black|Teravolt
|turn|20
|
|move|p2a: Kyurem-Black|Ice Beam|p1a: Manectric
|-damage|p1a: Manectric|0 fnt
|faint|p1a: Manectric
|
|
|switch|p1a: Azumarill|Azumarill, F|354\/404
|-damage|p1a: Azumarill|304\/404|[from] Stealth Rock
|turn|21
|
|switch|p2a: Scizor|Scizor-Mega, M|334\/343
|move|p1a: Azumarill|Belly Drum|p1a: Azumarill
|-damage|p1a: Azumarill|102\/404
|-setboost|p1a: Azumarill|atk|6|[from] move: Belly Drum
|-enditem|p1a: Azumarill|Sitrus Berry|[eat]
|-heal|p1a: Azumarill|203\/404|[from] item: Sitrus Berry
|
|turn|22
|
|move|p1a: Azumarill|Aqua Jet|p2a: Scizor
|-damage|p2a: Scizor|82\/343
|move|p2a: Scizor|Swords Dance|p2a: Scizor
|-boost|p2a: Scizor|atk|2
|
|turn|23
|
|move|p2a: Scizor|Bullet Punch|p1a: Azumarill
|-damage|p1a: Azumarill|0 fnt
|faint|p1a: Azumarill
|
|
|switch|p1a: Landorus-Therian|Landorus-Therian, M|280\/319
|-damage|p1a: Landorus-Therian|241\/319|[from] Stealth Rock
|-ability|p1a: Landorus-Therian|Intimidate|[of] p2a: Scizor
|-unboost|p2a: Scizor|atk|1
|turn|24
|
|move|p2a: Scizor|Bullet Punch|p1a: Landorus-Therian
|-damage|p1a: Landorus-Therian|66\/319
|move|p1a: Landorus-Therian|Knock Off|p2a: Scizor
|-damage|p2a: Scizor|23\/343
|
|turn|25
|
|move|p2a: Scizor|Bullet Punch|p1a: Landorus-Therian
|-damage|p1a: Landorus-Therian|0 fnt
|faint|p1a: Landorus-Therian
|
|
|switch|p1a: Bisharp|Bisharp, F|271\/271
|-damage|p1a: Bisharp|255\/271|[from] Stealth Rock
|turn|26
|
|move|p1a: Bisharp|Sucker Punch|p2a: Scizor
|-fail|p2a: Scizor
|move|p2a: Scizor|Roost|p2a: Scizor
|-heal|p2a: Scizor|195\/343
|
|turn|27
|
|move|p2a: Scizor|Bullet Punch|p1a: Bisharp
|-resisted|p1a: Bisharp
|-damage|p1a: Bisharp|174\/271
|move|p1a: Bisharp|Swords Dance|p1a: Bisharp
|-boost|p1a: Bisharp|atk|2
|
|turn|28
|
|move|p1a: Bisharp|Swords Dance|p1a: Bisharp
|-boost|p1a: Bisharp|atk|2
|move|p2a: Scizor|Roost|p2a: Scizor
|-heal|p2a: Scizor|343\/343
|
|turn|29
|
|move|p1a: Bisharp|Sucker Punch|p2a: Scizor
|-damage|p2a: Scizor|28\/343
|move|p2a: Scizor|Knock Off|p1a: Bisharp
|-resisted|p1a: Bisharp
|-damage|p1a: Bisharp|86\/271
|-enditem|p1a: Bisharp|Lum Berry|[from] move: Knock Off|[of] p2a: Scizor
|
|turn|30
|
|move|p1a: Bisharp|Sucker Punch|p2a: Scizor
|-damage|p2a: Scizor|0 fnt
|faint|p2a: Scizor
|
|
|switch|p2a: Kyurem-Black|Kyurem-Black|391\/391
|-ability|p2a: Kyurem-Black|Teravolt
|turn|31
|
|move|p1a: Bisharp|Sucker Punch|p2a: Kyurem-Black
|-damage|p2a: Kyurem-Black|0 fnt
|faint|p2a: Kyurem-Black
|
|
|switch|p2a: Thundurus|Thundurus, M|299\/299
|turn|32
|
|switch|p2a: Excadrill|Excadrill, M|171\/391
|-ability|p2a: Excadrill|Mold Breaker
|move|p1a: Bisharp|Knock Off|p2a: Excadrill
|-damage|p2a: Excadrill|0 fnt
|-enditem|p2a: Excadrill|Assault Vest|[from] move: Knock Off|[of] p1a: Bisharp
|faint|p2a: Excadrill
|
|
|switch|p2a: Thundurus|Thundurus, M|299\/299
|turn|33
|
|switch|p2a: Landorus-Therian|Landorus-Therian, M|53\/381
|-ability|p2a: Landorus-Therian|Intimidate|[of] p1a: Bisharp
|-unboost|p1a: Bisharp|atk|1
|-boost|p1a: Bisharp|atk|2|[from] ability: Defiant
|move|p1a: Bisharp|Sucker Punch|p2a: Landorus-Therian
|-fail|p2a: Landorus-Therian
|
|-heal|p2a: Landorus-Therian|76\/381|[from] item: Leftovers
|turn|34
|
|switch|p2a: Thundurus|Thundurus, M|299\/299
|move|p1a: Bisharp|Knock Off|p2a: Thundurus
|-damage|p2a: Thundurus|0 fnt
|-enditem|p2a: Thundurus|Life Orb|[from] move: Knock Off|[of] p1a: Bisharp
|faint|p2a: Thundurus
|
|
|switch|p2a: Landorus-Therian|Landorus-Therian, M|76\/381
|-ability|p2a: Landorus-Therian|Intimidate|[of] p1a: Bisharp
|-unboost|p1a: Bisharp|atk|1
|-boost|p1a: Bisharp|atk|2|[from] ability: Defiant
|turn|35
|
|move|p1a: Bisharp|Sucker Punch|p2a: Landorus-Therian
|-damage|p2a: Landorus-Therian|0 fnt
|faint|p2a: Landorus-Therian
|
|win|zeroalt
|raw|Ladder updating...
|raw|zeroalt's rating: 1705 &rarr; <strong>1723<\/strong><br \/>(+18 for winning)
|raw|BHARATH_THEBEST's rating: 1672 &rarr; <strong>1654<\/strong><br \/>(-18 for losing)