|join|BHARATH_THEBEST
|join|happycakeoven
|player|p1|BHARATH_THEBEST|290
|player|p2|happycakeoven|141
|gametype|singles
|gen|6
|tier|OU
|rated
|clearpoke
|poke|p1|Rotom-Wash
|poke|p1|Diggersby, M
|poke|p1|Bisharp, F
|poke|p1|Gyarados, F
|poke|p1|Azumarill, M
|poke|p1|Ferrothorn, F
|poke|p2|Mandibuzz, F
|poke|p2|Venusaur, M
|poke|p2|Latios, M
|poke|p2|Gengar, M
|poke|p2|Excadrill, M
|poke|p2|Azumarill, M
|rule|Swagger Clause: Swagger is banned
|rule|Baton Pass Clause: Limit one PokÃ©mon knowing Baton Pass
|rule|Sleep Clause Mod: Limit one foe put to sleep
|rule|Species Clause: Limit one of each PokÃ©mon
|rule|OHKO Clause: OHKO moves are banned
|rule|Moody Clause: Moody is banned
|rule|Evasion Moves Clause: Evasion moves are banned
|rule|Endless Battle Clause: Forcing endless battles is banned
|rule|HP Percentage Mod: HP is shown in percentages
|teampreview
|
|start
|switch|p1a: Ferrothorn|Ferrothorn, F|352\/352
|switch|p2a: Venusaur|Venusaur, M|364\/364
|turn|1
|
|detailschange|p2a: Venusaur|Venusaur-Mega, M
|message|Venusaur has Mega Evolved into Mega Venusaur!
|move|p2a: Venusaur|Hidden Power|p1a: Ferrothorn
|-supereffective|p1a: Ferrothorn
|-damage|p1a: Ferrothorn|76\/352
|move|p1a: Ferrothorn|Stealth Rock|p2a: Venusaur
|-sidestart|p2: happycakeoven|move: Stealth Rock
|
|-heal|p1a: Ferrothorn|98\/352|[from] item: Leftovers
|turn|2
|
|switch|p1a: Gyarados|Gyarados, F|332\/332
|-ability|p1a: Gyarados|Intimidate|[of] p2a: Venusaur
|-unboost|p2a: Venusaur|atk|1
|move|p2a: Venusaur|Giga Drain|p1a: Gyarados
|-damage|p1a: Gyarados|188\/332
|
|turn|3
|
|move|p1a: Gyarados|Dragon Dance|p1a: Gyarados
|-boost|p1a: Gyarados|atk|1
|-boost|p1a: Gyarados|spe|1
|move|p2a: Venusaur|Giga Drain|p1a: Gyarados
|-damage|p1a: Gyarados|43\/332
|
|turn|4
|
|detailschange|p1a: Gyarados|Gyarados-Mega, F
|message|Gyarados has Mega Evolved into Mega Gyarados!
|-ability|p1a: Gyarados|Mold Breaker
|move|p1a: Gyarados|Ice Fang|p2a: Venusaur
|-supereffective|p2a: Venusaur
|-damage|p2a: Venusaur|100\/364
|move|p2a: Venusaur|Giga Drain|p1a: Gyarados
|-supereffective|p1a: Gyarados
|-damage|p1a: Gyarados|0 fnt
|-heal|p2a: Venusaur|122\/364|[from] drain|[of] p1a: Gyarados
|faint|p1a: Gyarados
|
|
|switch|p1a: Diggersby|Diggersby, M|312\/312
|turn|5
|
|switch|p2a: Gengar|Gengar, M|262\/262
|-damage|p2a: Gengar|230\/262|[from] Stealth Rock
|move|p1a: Diggersby|Return|p2a: Gengar
|-immune|p2a: Gengar|[msg]
|
|turn|6
|
|switch|p2a: Mandibuzz|Mandibuzz, F|424\/424
|-damage|p2a: Mandibuzz|318\/424|[from] Stealth Rock
|switch|p1a: Ferrothorn|Ferrothorn, F|98\/352
|
|-heal|p2a: Mandibuzz|344\/424|[from] item: Leftovers
|-heal|p1a: Ferrothorn|120\/352|[from] item: Leftovers
|turn|7
|
|move|p2a: Mandibuzz|Knock Off|p1a: Ferrothorn
|-damage|p1a: Ferrothorn|71\/352
|-damage|p2a: Mandibuzz|291\/424|[from] ability: Iron Barbs|[of] p1a: Ferrothorn
|-enditem|p1a: Ferrothorn|Leftovers|[from] move: Knock Off|[of] p2a: Mandibuzz
|move|p1a: Ferrothorn|Leech Seed|p2a: Mandibuzz
|-start|p2a: Mandibuzz|move: Leech Seed
|
|-heal|p2a: Mandibuzz|317\/424|[from] item: Leftovers
|-damage|p2a: Mandibuzz|264\/424|[from] Leech Seed|[of] p1a: Ferrothorn
|-heal|p1a: Ferrothorn|124\/352|[silent]
|turn|8
|
|switch|p2a: Venusaur|Venusaur-Mega, M|122\/364
|-damage|p2a: Venusaur|77\/364|[from] Stealth Rock
|move|p1a: Ferrothorn|Stealth Rock|p2a: Venusaur
|-fail|p2a: Venusaur
|
|turn|9
|
|switch|p1a: Diggersby|Diggersby, M|312\/312
|move|p2a: Venusaur|Synthesis|p2a: Venusaur
|-heal|p2a: Venusaur|259\/364
|
|turn|10
|
|move|p1a: Diggersby|Return|p2a: Venusaur
|-damage|p2a: Venusaur|49\/364
|move|p2a: Venusaur|Giga Drain|p1a: Diggersby
|-supereffective|p1a: Diggersby
|-damage|p1a: Diggersby|0 fnt
|-heal|p2a: Venusaur|205\/364|[from] drain|[of] p1a: Diggersby
|faint|p1a: Diggersby
|
|-message|BHARATH_THEBEST forfeited.
|
|win|happycakeoven
|raw|Ladder updating...
|leave|BHARATH_THEBEST
|player|p1
|raw|BHARATH_THEBEST's rating: 1697 &rarr; <strong>1674<\/strong><br \/>(-23 for losing)
|raw|happycakeoven's rating: 1646 &rarr; <strong>1669<\/strong><br \/>(+23 for winning)