|join|must b nice...
|join|BHARATH_THEBEST
|player|p1|must b nice...|4
|player|p2|BHARATH_THEBEST|290
|gametype|singles
|gen|6
|tier|OU
|rated
|clearpoke
|poke|p1|Tyranitar, F
|poke|p1|Excadrill, M
|poke|p1|Greninja, F
|poke|p1|Pinsir, M
|poke|p1|Talonflame, M
|poke|p1|Dragonite, M
|poke|p2|Scizor, M
|poke|p2|Kyurem-Black
|poke|p2|Excadrill, M
|poke|p2|Landorus-Therian, M
|poke|p2|Entei, shiny
|poke|p2|Thundurus, M
|rule|Swagger Clause: Swagger is banned
|rule|Baton Pass Clause: Limit one PokÃ©mon knowing Baton Pass
|rule|Sleep Clause Mod: Limit one foe put to sleep
|rule|Species Clause: Limit one of each PokÃ©mon
|rule|OHKO Clause: OHKO moves are banned
|rule|Moody Clause: Moody is banned
|rule|Evasion Moves Clause: Evasion moves are banned
|rule|Endless Battle Clause: Forcing endless battles is banned
|rule|HP Percentage Mod: HP is shown in percentages
|teampreview
|
|start
|switch|p1a: Tyranitar|Tyranitar, F|341\/341
|switch|p2a: Landorus-Therian|Landorus-Therian, M|381\/381
|-weather|Sandstorm
|-ability|p2a: Landorus-Therian|Intimidate|[of] p1a: Tyranitar
|-unboost|p1a: Tyranitar|atk|1
|turn|1
|
|move|p1a: Tyranitar|Stealth Rock|p2a: Landorus-Therian
|-sidestart|p2: BHARATH_THEBEST|move: Stealth Rock
|move|p2a: Landorus-Therian|Earthquake|p1a: Tyranitar
|-crit|p1a: Tyranitar
|-supereffective|p1a: Tyranitar
|-enditem|p1a: Tyranitar|Focus Sash
|-damage|p1a: Tyranitar|1\/341
|
|-weather|Sandstorm|[upkeep]
|turn|2
|
|move|p1a: Tyranitar|Ice Beam|p2a: Landorus-Therian
|-supereffective|p2a: Landorus-Therian
|-damage|p2a: Landorus-Therian|13\/381
|move|p2a: Landorus-Therian|Stealth Rock|p1a: Tyranitar
|-sidestart|p1: must b nice...|move: Stealth Rock
|
|-weather|Sandstorm|[upkeep]
|-heal|p2a: Landorus-Therian|36\/381|[from] item: Leftovers
|turn|3
|
|move|p1a: Tyranitar|Fire Blast|p2a: Landorus-Therian|[miss]
|-miss|p1a: Tyranitar|p2a: Landorus-Therian
|move|p2a: Landorus-Therian|U-turn|p1a: Tyranitar
|-supereffective|p1a: Tyranitar
|-damage|p1a: Tyranitar|0 fnt
|faint|p1a: Tyranitar
|
|switch|p2a: Scizor|Scizor, M|341\/341
|-damage|p2a: Scizor|299\/341|[from] Stealth Rock
|
|-weather|Sandstorm|[upkeep]
|
|switch|p1a: Excadrill|Excadrill, M|369\/369
|-damage|p1a: Excadrill|358\/369|[from] Stealth Rock
|turn|4
|
|detailschange|p2a: Scizor|Scizor-Mega, M
|message|Scizor has Mega Evolved into Mega Scizor!
|move|p1a: Excadrill|Rapid Spin|p2a: Scizor
|-resisted|p2a: Scizor
|-damage|p2a: Scizor|287\/341
|-sideend|p1: must b nice...|Stealth Rock|[from] move: Rapid Spin|[of] p1a: Excadrill
|-damage|p1a: Excadrill|322\/369|[from] item: Life Orb
|move|p2a: Scizor|Superpower|p1a: Excadrill
|-supereffective|p1a: Excadrill
|-damage|p1a: Excadrill|0 fnt
|-unboost|p2a: Scizor|atk|1
|-unboost|p2a: Scizor|def|1
|faint|p1a: Excadrill
|
|-weather|Sandstorm|[upkeep]
|
|switch|p1a: Talonflame|Talonflame, M|309\/309
|turn|5
|
|switch|p2a: Excadrill|Excadrill, M|391\/391
|-damage|p2a: Excadrill|379\/391|[from] Stealth Rock
|-ability|p2a: Excadrill|Mold Breaker
|move|p1a: Talonflame|Brave Bird|p2a: Excadrill
|-resisted|p2a: Excadrill
|-damage|p2a: Excadrill|179\/391
|-damage|p1a: Talonflame|243\/309|[from] recoil|[of] p2a: Excadrill
|
|-weather|none
|turn|6
|
|move|p1a: Talonflame|Brave Bird|p2a: Excadrill
|-resisted|p2a: Excadrill
|-damage|p2a: Excadrill|0 fnt
|-damage|p1a: Talonflame|184\/309|[from] recoil|[of] p2a: Excadrill
|faint|p2a: Excadrill
|
|
|switch|p2a: Thundurus|Thundurus, M|299\/299
|-damage|p2a: Thundurus|225\/299|[from] Stealth Rock
|turn|7
|
|move|p1a: Talonflame|Brave Bird|p2a: Thundurus
|-resisted|p2a: Thundurus
|-damage|p2a: Thundurus|52\/299
|-damage|p1a: Talonflame|127\/309|[from] recoil|[of] p2a: Thundurus
|move|p2a: Thundurus|Knock Off|p1a: Talonflame
|-damage|p1a: Talonflame|0 fnt
|-enditem|p1a: Talonflame|Choice Band|[from] move: Knock Off|[of] p2a: Thundurus
|-damage|p2a: Thundurus|23\/299|[from] item: Life Orb
|faint|p1a: Talonflame
|
|
|switch|p1a: Pinsir|Pinsir, M|271\/271
|turn|8
|
|detailschange|p1a: Pinsir|Pinsir-Mega, M
|message|Pinsir has Mega Evolved into Mega Pinsir!
|move|p1a: Pinsir|Quick Attack|p2a: Thundurus
|-resisted|p2a: Thundurus
|-damage|p2a: Thundurus|0 fnt
|faint|p2a: Thundurus
|
|
|switch|p2a: Kyurem-Black|Kyurem-Black|391\/391
|-damage|p2a: Kyurem-Black|294\/391|[from] Stealth Rock
|-ability|p2a: Kyurem-Black|Teravolt
|turn|9
|
|move|p2a: Kyurem-Black|Fusion Bolt|p1a: Pinsir
|-supereffective|p1a: Pinsir
|-damage|p1a: Pinsir|11\/271
|move|p1a: Pinsir|Return|p2a: Kyurem-Black
|-damage|p2a: Kyurem-Black|5\/391
|
|turn|10
|
|switch|p2a: Landorus-Therian|Landorus-Therian, M|36\/381
|-damage|p2a: Landorus-Therian|0 fnt|[from] Stealth Rock
|faint|p2a: Landorus-Therian
|move|p1a: Pinsir|Quick Attack|p2: Landorus-Therian|[notarget]
|-notarget
|
|
|switch|p2a: Scizor|Scizor-Mega, M|287\/341
|-damage|p2a: Scizor|245\/341|[from] Stealth Rock
|turn|11
|
|move|p1a: Pinsir|Return|p2a: Scizor
|-damage|p2a: Scizor|58\/341
|move|p2a: Scizor|Swords Dance|p2a: Scizor
|-boost|p2a: Scizor|atk|2
|
|turn|12
|
|move|p1a: Pinsir|Quick Attack|p2a: Scizor
|-damage|p2a: Scizor|0 fnt
|faint|p2a: Scizor
|
|-message|BHARATH_THEBEST forfeited.
|
|win|must b nice...
|raw|Ladder updating...
|leave|BHARATH_THEBEST
|player|p2
|raw|must b nice...'s rating: 1641 &rarr; <strong>1661<\/strong><br \/>(+20 for winning)
|raw|BHARATH_THEBEST's rating: 1644 &rarr; <strong>1624<\/strong><br \/>(-20 for losing)