|join|BHARATH_THEBEST
|join|noremacnoswad
|player|p1|BHARATH_THEBEST|290
|player|p2|noremacnoswad|169
|gametype|singles
|gen|6
|tier|OU
|rated
|clearpoke
|poke|p1|Azumarill, F
|poke|p1|Breloom, F
|poke|p1|Greninja, F
|poke|p1|Gothitelle, F
|poke|p1|Garchomp, F
|poke|p1|Lopunny, M
|poke|p2|Magnezone, shiny
|poke|p2|Garchomp, M
|poke|p2|Beedrill, M
|poke|p2|Landorus-Therian, M, shiny
|poke|p2|Chansey, F
|poke|p2|Mandibuzz, F
|rule|Swagger Clause: Swagger is banned
|rule|Baton Pass Clause: Limit one PokÃ©mon knowing Baton Pass
|rule|Sleep Clause Mod: Limit one foe put to sleep
|rule|Species Clause: Limit one of each PokÃ©mon
|rule|OHKO Clause: OHKO moves are banned
|rule|Moody Clause: Moody is banned
|rule|Evasion Moves Clause: Evasion moves are banned
|rule|Endless Battle Clause: Forcing endless battles is banned
|rule|HP Percentage Mod: HP is shown in percentages
|teampreview
|
|start
|switch|p1a: Lopunny|Lopunny, M|271\/271
|switch|p2a: Landorus-Therian|Landorus-Therian, M, shiny|381\/381
|-ability|p2a: Landorus-Therian|Intimidate|[of] p1a: Lopunny
|-unboost|p1a: Lopunny|atk|1
|turn|1
|
|detailschange|p1a: Lopunny|Lopunny-Mega, M
|message|Lopunny has Mega Evolved into Mega Lopunny!
|move|p1a: Lopunny|Fake Out|p2a: Landorus-Therian
|-damage|p2a: Landorus-Therian|333\/381
|cant|p2a: Landorus-Therian|flinch
|
|-heal|p2a: Landorus-Therian|356\/381|[from] item: Leftovers
|turn|2
|
|move|p1a: Lopunny|Ice Beam|p2a: Landorus-Therian
|-supereffective|p2a: Landorus-Therian
|-damage|p2a: Landorus-Therian|168\/381
|move|p2a: Landorus-Therian|Bulk Up|p2a: Landorus-Therian
|-boost|p2a: Landorus-Therian|atk|1
|-boost|p2a: Landorus-Therian|def|1
|
|-heal|p2a: Landorus-Therian|191\/381|[from] item: Leftovers
|turn|3
|
|move|p1a: Lopunny|Ice Beam|p2a: Landorus-Therian
|-supereffective|p2a: Landorus-Therian
|-damage|p2a: Landorus-Therian|11\/381
|move|p2a: Landorus-Therian|Stealth Rock|p1a: Lopunny
|-sidestart|p1: BHARATH_THEBEST|move: Stealth Rock
|
|-heal|p2a: Landorus-Therian|34\/381|[from] item: Leftovers
|turn|4
|
|move|p1a: Lopunny|Return|p2a: Landorus-Therian
|-damage|p2a: Landorus-Therian|0 fnt
|faint|p2a: Landorus-Therian
|
|
|switch|p2a: Mandibuzz|Mandibuzz, F|424\/424
|turn|5
|
|switch|p1a: Gothitelle|Gothitelle, F|282\/282
|-damage|p1a: Gothitelle|247\/282|[from] Stealth Rock
|move|p2a: Mandibuzz|Foul Play|p1a: Gothitelle
|-supereffective|p1a: Gothitelle
|-damage|p1a: Gothitelle|143\/282
|
|turn|6
|
|move|p1a: Gothitelle|Trick|p2a: Mandibuzz
|-activate|p1a: Gothitelle|move: Trick|[of] p2a: Mandibuzz
|-item|p2a: Mandibuzz|Choice Scarf|[from] move: Trick
|-item|p1a: Gothitelle|Leftovers|[from] move: Trick
|move|p2a: Mandibuzz|Taunt|p1a: Gothitelle
|-start|p1a: Gothitelle|move: Taunt
|
|-heal|p1a: Gothitelle|160\/282|[from] item: Leftovers
|turn|7
|
|switch|p1a: Azumarill|Azumarill, F|375\/375
|-damage|p1a: Azumarill|329\/375|[from] Stealth Rock
|move|p2a: Mandibuzz|Taunt|p1a: Azumarill
|-start|p1a: Azumarill|move: Taunt
|
|turn|8
|
|switch|p2a: Magnezone|Magnezone, shiny|302\/302
|-item|p2a: Magnezone|Air Balloon
|move|p1a: Azumarill|Knock Off|p2a: Magnezone
|-damage|p2a: Magnezone|150\/302
|-enditem|p2a: Magnezone|Air Balloon
|
|turn|9
|
|switch|p1a: Garchomp|Garchomp, F|357\/357
|-damage|p1a: Garchomp|335\/357|[from] Stealth Rock
|move|p2a: Magnezone|Volt Switch|p1a: Garchomp
|-immune|p1a: Garchomp|[msg]
|
|turn|10
|
|switch|p2a: Mandibuzz|Mandibuzz, F|424\/424
|move|p1a: Garchomp|Stealth Rock|p2a: Mandibuzz
|-sidestart|p2: noremacnoswad|move: Stealth Rock
|
|turn|11
|
|move|p1a: Garchomp|Draco Meteor|p2a: Mandibuzz|[miss]
|-miss|p1a: Garchomp|p2a: Mandibuzz
|move|p2a: Mandibuzz|Foul Play|p1a: Garchomp
|-crit|p1a: Garchomp
|-damage|p1a: Garchomp|100\/357
|-damage|p2a: Mandibuzz|371\/424|[from] ability: Rough Skin|[of] p1a: Garchomp
|
|turn|12
|
|move|p1a: Garchomp|Draco Meteor|p2a: Mandibuzz|[miss]
|-miss|p1a: Garchomp|p2a: Mandibuzz
|move|p2a: Mandibuzz|Foul Play|p1a: Garchomp
|-damage|p1a: Garchomp|0 fnt
|-damage|p2a: Mandibuzz|318\/424|[from] ability: Rough Skin|[of] p1a: Garchomp
|faint|p1a: Garchomp
|
|
|switch|p1a: Lopunny|Lopunny-Mega, M|271\/271
|-damage|p1a: Lopunny|255\/271|[from] Stealth Rock
|turn|13
|
|move|p1a: Lopunny|High Jump Kick|p2a: Mandibuzz
|-damage|p2a: Mandibuzz|161\/424
|move|p2a: Mandibuzz|Foul Play|p1a: Lopunny
|-resisted|p1a: Lopunny
|-damage|p1a: Lopunny|157\/271
|
|turn|14
|
|move|p1a: Lopunny|Return|p2a: Mandibuzz
|-damage|p2a: Mandibuzz|41\/424
|move|p2a: Mandibuzz|Foul Play|p1a: Lopunny
|-resisted|p1a: Lopunny
|-damage|p1a: Lopunny|58\/271
|
|turn|15
|
|move|p1a: Lopunny|Return|p2a: Mandibuzz
|-damage|p2a: Mandibuzz|0 fnt
|faint|p2a: Mandibuzz
|
|
|switch|p2a: Garchomp|Garchomp, M|358\/358
|-damage|p2a: Garchomp|336\/358|[from] Stealth Rock
|turn|16
|
|move|p2a: Garchomp|Iron Head|p1a: Lopunny
|-damage|p1a: Lopunny|0 fnt
|faint|p1a: Lopunny
|
|
|switch|p1a: Greninja|Greninja, F|285\/285
|-damage|p1a: Greninja|250\/285|[from] Stealth Rock
|turn|17
|
|switch|p1a: Gothitelle|Gothitelle, F|160\/282
|-damage|p1a: Gothitelle|125\/282|[from] Stealth Rock
|move|p2a: Garchomp|Iron Head|p1a: Gothitelle
|-damage|p1a: Gothitelle|22\/282
|
|-heal|p1a: Gothitelle|39\/282|[from] item: Leftovers
|turn|18
|
|switch|p1a: Greninja|Greninja, F|250\/285
|-damage|p1a: Greninja|215\/285|[from] Stealth Rock
|move|p2a: Garchomp|Iron Head|p1a: Greninja
|-resisted|p1a: Greninja
|-damage|p1a: Greninja|134\/285
|
|turn|19
|
|move|p2a: Garchomp|Iron Head|p1a: Greninja
|-resisted|p1a: Greninja
|-damage|p1a: Greninja|50\/285
|move|p1a: Greninja|Ice Beam|p2a: Garchomp
|-start|p1a: Greninja|typechange|Ice|[from] Protean
|-supereffective|p2a: Garchomp
|-damage|p2a: Garchomp|0 fnt
|-damage|p1a: Greninja|22\/285|[from] item: Life Orb
|faint|p2a: Garchomp
|
|
|switch|p2a: Chansey|Chansey, F|704\/704
|-damage|p2a: Chansey|616\/704|[from] Stealth Rock
|turn|20
|
|move|p1a: Greninja|Gunk Shot|p2a: Chansey
|-start|p1a: Greninja|typechange|Poison|[from] Protean
|-damage|p2a: Chansey|19\/704
|-damage|p1a: Greninja|0 fnt|[from] item: Life Orb
|faint|p1a: Greninja
|move|p2a: Chansey|Seismic Toss|p1: Greninja|[notarget]
|-notarget
|
|
|switch|p1a: Gothitelle|Gothitelle, F|39\/282
|-damage|p1a: Gothitelle|4\/282|[from] Stealth Rock
|turn|21
|
|move|p1a: Gothitelle|Psychic|p2a: Chansey
|-damage|p2a: Chansey|0 fnt
|faint|p2a: Chansey
|
|-heal|p1a: Gothitelle|21\/282|[from] item: Leftovers
|
|switch|p2a: Beedrill|Beedrill, M|272\/272
|-damage|p2a: Beedrill|204\/272|[from] Stealth Rock
|turn|22
|
|detailschange|p2a: Beedrill|Beedrill-Mega, M
|message|Beedrill has Mega Evolved into Mega Beedrill!
|move|p1a: Gothitelle|Psychic|p2a: Beedrill
|-supereffective|p2a: Beedrill
|-damage|p2a: Beedrill|0 fnt
|faint|p2a: Beedrill
|
|-heal|p1a: Gothitelle|38\/282|[from] item: Leftovers
|c|ânoremacnoswad|gg
|
|switch|p2a: Magnezone|Magnezone, shiny|150\/302
|-damage|p2a: Magnezone|132\/302|[from] Stealth Rock
|turn|23
|c|âBHARATH_THEBEST|gg
|
|move|p1a: Gothitelle|Psychic|p2a: Magnezone
|-crit|p2a: Magnezone
|-resisted|p2a: Magnezone
|-damage|p2a: Magnezone|36\/302
|move|p2a: Magnezone|Flash Cannon|p1a: Gothitelle
|-damage|p1a: Gothitelle|0 fnt
|faint|p1a: Gothitelle
|
|
|switch|p1a: Breloom|Breloom, F|261\/261
|-damage|p1a: Breloom|245\/261|[from] Stealth Rock
|turn|24
|-message|noremacnoswad lost due to inactivity.
|
|win|BHARATH_THEBEST
|raw|Ladder updating...
|raw|BHARATH_THEBEST's rating: 1311 &rarr; <strong>1327<\/strong><br \/>(+16 for winning)
|raw|noremacnoswad's rating: 1228 &rarr; <strong>1209<\/strong><br \/>(-19 for losing)