|join|Eddie2013
|join|BHARATH_THEBEST
|player|p1|Eddie2013|169
|player|p2|BHARATH_THEBEST|290
|gametype|singles
|gen|6
|tier|OU
|rated
|clearpoke
|poke|p1|Clefable, M
|poke|p1|Tyranitar, M
|poke|p1|Rotom-Wash
|poke|p1|Charizard, M
|poke|p1|Excadrill, M
|poke|p1|Keldeo
|poke|p2|Sableye, F
|poke|p2|Bisharp, M
|poke|p2|Latios, M
|poke|p2|Entei, shiny
|poke|p2|Pinsir, M
|poke|p2|Terrakion
|rule|Sleep Clause Mod: Limit one foe put to sleep
|rule|Species Clause: Limit one of each Pokemon
|rule|OHKO Clause: OHKO moves are banned
|rule|Moody Clause: Moody is banned
|rule|Evasion Moves Clause: Evasion moves are banned
|rule|Endless Battle Clause: Forcing endless battles is banned.
|rule|HP Percentage Mod: HP is reported as percentages
|teampreview
|
|start
|switch|p1a: Tyranitar|Tyranitar, M|399\/399
|switch|p2a: Terrakion|Terrakion|323\/323
|-weather|Sandstorm
|turn|1
|
|switch|p1a: Clefable|Clefable, M|394\/394
|move|p2a: Terrakion|Close Combat|p1a: Clefable
|-resisted|p1a: Clefable
|-damage|p1a: Clefable|307\/394
|-unboost|p2a: Terrakion|def|1
|-unboost|p2a: Terrakion|spd|1
|
|-weather|Sandstorm|[upkeep]
|-heal|p1a: Clefable|331\/394|[from] item: Leftovers
|turn|2
|
|switch|p2a: Entei|Entei, shiny|372\/372
|-ability|p2a: Entei|Pressure
|move|p1a: Clefable|Flamethrower|p2a: Entei
|-resisted|p2a: Entei
|-damage|p2a: Entei|330\/372
|
|-weather|Sandstorm|[upkeep]
|-damage|p2a: Entei|307\/372|[from] sandstorm
|-heal|p1a: Clefable|355\/394|[from] item: Leftovers
|turn|3
|
|switch|p2a: Terrakion|Terrakion|323\/323
|move|p1a: Clefable|Calm Mind|p1a: Clefable
|-boost|p1a: Clefable|spa|1
|-boost|p1a: Clefable|spd|1
|
|-weather|Sandstorm|[upkeep]
|-heal|p1a: Clefable|379\/394|[from] item: Leftovers
|turn|4
|
|move|p2a: Terrakion|Stealth Rock|p1a: Clefable
|-sidestart|p1: Eddie2013|move: Stealth Rock
|move|p1a: Clefable|Moonblast|p2a: Terrakion
|-supereffective|p2a: Terrakion
|-damage|p2a: Terrakion|95\/323
|
|-weather|Sandstorm|[upkeep]
|-heal|p1a: Clefable|394\/394|[from] item: Leftovers
|turn|5
|
|move|p2a: Terrakion|Stone Edge|p1a: Clefable
|-damage|p1a: Clefable|232\/394
|move|p1a: Clefable|Calm Mind|p1a: Clefable
|-boost|p1a: Clefable|spa|1
|-boost|p1a: Clefable|spd|1
|
|-weather|Sandstorm|[upkeep]
|-heal|p1a: Clefable|256\/394|[from] item: Leftovers
|turn|6
|
|move|p2a: Terrakion|Stone Edge|p1a: Clefable
|-damage|p1a: Clefable|103\/394
|move|p1a: Clefable|Soft-Boiled|p1a: Clefable
|-heal|p1a: Clefable|300\/394
|
|-weather|Sandstorm|[upkeep]
|-heal|p1a: Clefable|324\/394|[from] item: Leftovers
|turn|7
|
|move|p2a: Terrakion|Stone Edge|p1a: Clefable
|-damage|p1a: Clefable|173\/394
|move|p1a: Clefable|Moonblast|p2a: Terrakion
|-supereffective|p2a: Terrakion
|-damage|p2a: Terrakion|0 fnt
|faint|p2a: Terrakion
|
|-weather|Sandstorm|[upkeep]
|-heal|p1a: Clefable|197\/394|[from] item: Leftovers
|
|switch|p2a: Entei|Entei, shiny|307\/372
|-ability|p2a: Entei|Pressure
|turn|8
|
|move|p2a: Entei|Sacred Fire|p1a: Clefable
|-damage|p1a: Clefable|0 fnt
|faint|p1a: Clefable
|
|-weather|none
|
|switch|p1a: Tyranitar|Tyranitar, M|399\/399
|-damage|p1a: Tyranitar|350\/399|[from] Stealth Rock
|-weather|Sandstorm
|turn|9
|
|move|p2a: Entei|Sacred Fire|p1a: Tyranitar
|-resisted|p1a: Tyranitar
|-damage|p1a: Tyranitar|233\/399
|move|p1a: Tyranitar|Stone Edge|p2a: Entei
|-crit|p2a: Entei
|-supereffective|p2a: Entei
|-damage|p2a: Entei|0 fnt
|faint|p2a: Entei
|
|-weather|Sandstorm|[upkeep]
|
|switch|p2a: Pinsir|Pinsir, M|272\/272
|turn|10
|
|detailschange|p2a: Pinsir|Pinsir-Mega, M
|message|Pinsir has Mega Evolved into Mega Pinsir!
|move|p2a: Pinsir|Close Combat|p1a: Tyranitar
|-supereffective|p1a: Tyranitar
|-damage|p1a: Tyranitar|0 fnt
|-unboost|p2a: Pinsir|def|1
|-unboost|p2a: Pinsir|spd|1
|faint|p1a: Tyranitar
|
|-weather|Sandstorm|[upkeep]
|-damage|p2a: Pinsir|255\/272|[from] sandstorm
|
|switch|p1a: Excadrill|Excadrill, M|362\/362
|-damage|p1a: Excadrill|351\/362|[from] Stealth Rock
|-item|p1a: Excadrill|Air Balloon
|turn|11
|
|switch|p2a: Sableye|Sableye, F|304\/304
|move|p1a: Excadrill|Rock Slide|p2a: Sableye
|-damage|p2a: Sableye|167\/304
|
|-weather|Sandstorm|[upkeep]
|-damage|p2a: Sableye|148\/304|[from] sandstorm
|-heal|p2a: Sableye|167\/304|[from] item: Leftovers
|turn|12
|
|move|p2a: Sableye|Will-O-Wisp|p1a: Excadrill|[miss]
|-miss|p2a: Sableye|p1a: Excadrill
|move|p1a: Excadrill|Iron Head|p2a: Sableye
|-damage|p2a: Sableye|0 fnt
|faint|p2a: Sableye
|
|-weather|Sandstorm|[upkeep]
|
|switch|p2a: Latios|Latios, M|302\/302
|turn|13
|
|move|p1a: Excadrill|Rapid Spin|p2a: Latios
|-damage|p2a: Latios|272\/302
|-sideend|p1: Eddie2013|Stealth Rock|[from] move: Rapid Spin|[of] p1a: Excadrill
|move|p2a: Latios|Hidden Power|p1a: Excadrill
|-supereffective|p1a: Excadrill
|-damage|p1a: Excadrill|81\/362
|-enditem|p1a: Excadrill|Air Balloon
|-damage|p2a: Latios|242\/302|[from] item: Life Orb
|
|-weather|Sandstorm|[upkeep]
|-damage|p2a: Latios|224\/302|[from] sandstorm
|turn|14
|
|switch|p1a: Rotom-Wash|Rotom-Wash|303\/303
|move|p2a: Latios|Psyshock|p1a: Rotom-Wash
|-damage|p1a: Rotom-Wash|126\/303
|-damage|p2a: Latios|194\/302|[from] item: Life Orb
|
|-weather|Sandstorm|[upkeep]
|-damage|p2a: Latios|176\/302|[from] sandstorm
|-damage|p1a: Rotom-Wash|108\/303|[from] sandstorm
|-heal|p1a: Rotom-Wash|126\/303|[from] item: Leftovers
|turn|15
|
|move|p2a: Latios|Psyshock|p1a: Rotom-Wash
|-damage|p1a: Rotom-Wash|0 fnt
|-damage|p2a: Latios|146\/302|[from] item: Life Orb
|faint|p1a: Rotom-Wash
|
|-weather|Sandstorm|[upkeep]
|-damage|p2a: Latios|128\/302|[from] sandstorm
|
|switch|p1a: Excadrill|Excadrill, M|81\/362
|turn|16
|
|switch|p2a: Bisharp|Bisharp, M|272\/272
|move|p1a: Excadrill|Iron Head|p2a: Bisharp
|-resisted|p2a: Bisharp
|-damage|p2a: Bisharp|193\/272
|
|-weather|none
|turn|17
|
|switch|p1a: Keldeo|Keldeo|323\/323
|switch|p2a: Latios|Latios, M|128\/302
|
|turn|18
|
|move|p2a: Latios|Psyshock|p1a: Keldeo
|-supereffective|p1a: Keldeo
|-damage|p1a: Keldeo|0 fnt
|-damage|p2a: Latios|98\/302|[from] item: Life Orb
|faint|p1a: Keldeo
|
|
|switch|p1a: Charizard|Charizard, M|315\/315
|turn|19
|
|detailschange|p1a: Charizard|Charizard-Mega-X, M
|message|Charizard has Mega Evolved into Mega Charizard!
|move|p2a: Latios|Draco Meteor|p1a: Charizard
|-supereffective|p1a: Charizard
|-damage|p1a: Charizard|0 fnt
|-unboost|p2a: Latios|spa|2
|-damage|p2a: Latios|68\/302|[from] item: Life Orb
|faint|p1a: Charizard
|
|
|switch|p1a: Excadrill|Excadrill, M|81\/362
|turn|20
|
|move|p2a: Latios|Hidden Power|p1a: Excadrill
|-crit|p1a: Excadrill
|-supereffective|p1a: Excadrill
|-damage|p1a: Excadrill|0 fnt
|-damage|p2a: Latios|38\/302|[from] item: Life Orb
|faint|p1a: Excadrill
|
|win|BHARATH_THEBEST
|raw|Ladder updating...
|raw|Eddie2013's rating: 1503 &rarr; <strong>1489<\/strong><br \/>(-14 for losing)
|raw|BHARATH_THEBEST's rating: 1601 &rarr; <strong>1617<\/strong><br \/>(+16 for winning)
|chat|BHARATH_THEBEST|gg
|leave|Eddie2013
|player|p1