|join|Twisted Logics
|join|BHARATH_THEBEST
|player|p1|Twisted Logics|9
|player|p2|BHARATH_THEBEST|290
|gametype|singles
|gen|6
|tier|OU
|rated
|clearpoke
|poke|p1|Landorus, M, shiny
|poke|p1|Scizor, M, shiny
|poke|p1|Sylveon, F
|poke|p1|Heatran, M
|poke|p1|Garchomp, M, shiny
|poke|p1|Mandibuzz, F
|poke|p2|Tyranitar, M
|poke|p2|Excadrill, M
|poke|p2|Latios, M
|poke|p2|Mawile, M
|poke|p2|Talonflame, M
|poke|p2|Dragonite, M
|rule|Sleep Clause Mod: Limit one foe put to sleep
|rule|Species Clause: Limit one of each Pokemon
|rule|OHKO Clause: OHKO moves are banned
|rule|Moody Clause: Moody is banned
|rule|Evasion Moves Clause: Evasion moves are banned
|rule|Endless Battle Clause: Forcing endless battles is banned.
|rule|HP Percentage Mod: HP is reported as percentages
|teampreview
|
|start
|switch|p1a: Urahara|Landorus, M, shiny|319\/319
|switch|p2a: tyranitard|Tyranitar, M|404\/404
|-weather|Sandstorm
|turn|1
|
|move|p1a: Urahara|Knock Off|p2a: tyranitard
|-resisted|p2a: tyranitard
|-damage|p2a: tyranitard|342\/404
|-enditem|p2a: tyranitard|Smooth Rock|[from] move: Knock Off|[of] p1a: Urahara
|-damage|p1a: Urahara|288\/319|[from] item: Life Orb
|move|p2a: tyranitard|Stealth Rock|p1a: Urahara
|-sidestart|p1: Twisted Logics|move: Stealth Rock
|
|-weather|Sandstorm|[upkeep]
|turn|2
|
|move|p1a: Urahara|Earth Power|p2a: tyranitard
|-supereffective|p2a: tyranitard
|-damage|p2a: tyranitard|27\/404
|move|p2a: tyranitard|Stone Edge|p1a: Urahara
|-damage|p1a: Urahara|86\/319
|
|-weather|Sandstorm|[upkeep]
|turn|3
|
|move|p1a: Urahara|Sludge Wave|p2a: tyranitard
|-crit|p2a: tyranitard
|-resisted|p2a: tyranitard
|-damage|p2a: tyranitard|0 fnt
|faint|p2a: tyranitard
|
|-weather|Sandstorm|[upkeep]
|
|switch|p2a: monty mole|Excadrill, M|362\/362
|turn|4
|
|switch|p1a: Bryant|Garchomp, M, shiny|357\/357
|-damage|p1a: Bryant|335\/357|[from] Stealth Rock
|move|p2a: monty mole|Iron Head|p1a: Bryant
|-damage|p1a: Bryant|136\/357
|-damage|p2a: monty mole|317\/362|[from] ability: Rough Skin|[of] p1a: Bryant
|-damage|p2a: monty mole|281\/362|[from] item: Life Orb
|
|-weather|Sandstorm|[upkeep]
|turn|5
|
|switch|p1a: Guille|Mandibuzz, F|423\/423
|-damage|p1a: Guille|318\/423|[from] Stealth Rock
|move|p2a: monty mole|Iron Head|p1a: Guille
|-damage|p1a: Guille|165\/423
|-damage|p2a: monty mole|221\/362|[from] item: Rocky Helmet|[of] p1a: Guille
|-damage|p2a: monty mole|185\/362|[from] item: Life Orb
|
|-weather|Sandstorm|[upkeep]
|turn|6
|
|move|p2a: monty mole|Rock Slide|p1a: Guille
|-supereffective|p1a: Guille
|-damage|p1a: Guille|0 fnt
|-damage|p2a: monty mole|149\/362|[from] item: Life Orb
|faint|p1a: Guille
|
|-weather|Sandstorm|[upkeep]
|
|switch|p1a: Twisted Logic|Scizor, M, shiny|343\/343
|-damage|p1a: Twisted Logic|301\/343|[from] Stealth Rock
|turn|7
|
|detailschange|p1a: Twisted Logic|Scizor-Mega, M, shiny
|message|Scizor has Mega Evolved into Mega Scizor!
|move|p2a: monty mole|Earthquake|p1a: Twisted Logic
|-damage|p1a: Twisted Logic|132\/343
|-damage|p2a: monty mole|113\/362|[from] item: Life Orb
|move|p1a: Twisted Logic|Roost|p1a: Twisted Logic
|-heal|p1a: Twisted Logic|304\/343
|
|-weather|Sandstorm|[upkeep]
|turn|8
|
|move|p2a: monty mole|Swords Dance|p2a: monty mole
|-boost|p2a: monty mole|atk|2
|move|p1a: Twisted Logic|Roost|p1a: Twisted Logic
|-heal|p1a: Twisted Logic|343\/343
|
|-weather|none
|turn|9
|
|switch|p1a: Urahara|Landorus, M, shiny|86\/319
|-damage|p1a: Urahara|47\/319|[from] Stealth Rock
|move|p2a: monty mole|Iron Head|p1a: Urahara
|-crit|p1a: Urahara
|-damage|p1a: Urahara|0 fnt
|-damage|p2a: monty mole|77\/362|[from] item: Life Orb
|faint|p1a: Urahara
|
|
|switch|p1a: Bryant|Garchomp, M, shiny|136\/357
|-damage|p1a: Bryant|114\/357|[from] Stealth Rock
|turn|10
|
|move|p1a: Bryant|Dragon Claw|p2a: monty mole
|-crit|p2a: monty mole
|-resisted|p2a: monty mole
|-damage|p2a: monty mole|0 fnt
|faint|p2a: monty mole
|
|
|switch|p2a: SNIP|Mawile, M|245\/245
|-ability|p2a: SNIP|Intimidate|[of] p1a: Bryant
|-unboost|p1a: Bryant|atk|1
|turn|11
|
|switch|p1a: Twisted Logic|Scizor-Mega, M, shiny|343\/343
|-damage|p1a: Twisted Logic|301\/343|[from] Stealth Rock
|switch|p2a: ZAPPY|Dragonite, M|324\/324
|
|turn|12
|
|move|p2a: ZAPPY|Fire Punch|p1a: Twisted Logic
|-crit|p1a: Twisted Logic
|-supereffective|p1a: Twisted Logic
|-damage|p1a: Twisted Logic|0 fnt
|faint|p1a: Twisted Logic
|
|
|switch|p1a: swylveon|Sylveon, F|394\/394
|-damage|p1a: swylveon|345\/394|[from] Stealth Rock
|turn|13
|
|switch|p2a: SNIP|Mawile, M|245\/245
|-ability|p2a: SNIP|Intimidate|[of] p1a: swylveon
|-unboost|p1a: swylveon|atk|1
|move|p1a: swylveon|Wish|p1a: swylveon
|
|-heal|p1a: swylveon|369\/394|[from] item: Leftovers
|turn|14
|
|switch|p1a: Rolo|Heatran, M|386\/386
|-damage|p1a: Rolo|338\/386|[from] Stealth Rock
|detailschange|p2a: SNIP|Mawile-Mega, M
|message|Mawile has Mega Evolved into Mega Mawile!
|move|p2a: SNIP|Swords Dance|p2a: SNIP
|-boost|p2a: SNIP|atk|2
|
|-heal|p1a: Rolo|386\/386|[from] move: Wish|[wisher] swylveon
|turn|15
|
|move|p2a: SNIP|Sucker Punch|p1a: Rolo
|-damage|p1a: Rolo|25\/386
|move|p1a: Rolo|Lava Plume|p2a: SNIP
|-supereffective|p2a: SNIP
|-damage|p2a: SNIP|5\/245
|
|-heal|p1a: Rolo|49\/386|[from] item: Leftovers
|turn|16
|
|move|p1a: Rolo|Stealth Rock|p2a: SNIP
|-sidestart|p2: BHARATH_THEBEST|move: Stealth Rock
|move|p2a: SNIP|Play Rough|p1a: Rolo
|-resisted|p1a: Rolo
|-damage|p1a: Rolo|0 fnt
|faint|p1a: Rolo
|
|
|switch|p1a: swylveon|Sylveon, F|369\/394
|-damage|p1a: swylveon|320\/394|[from] Stealth Rock
|turn|17
|
|move|p2a: SNIP|Play Rough|p1a: swylveon
|-damage|p1a: swylveon|0 fnt
|faint|p1a: swylveon
|
|
|switch|p1a: Bryant|Garchomp, M, shiny|114\/357
|-damage|p1a: Bryant|92\/357|[from] Stealth Rock
|turn|18
|chat|BHARATH_THEBEST|gg
|
|move|p2a: SNIP|Sucker Punch|p1a: Bryant
|-damage|p1a: Bryant|0 fnt
|-damage|p2a: SNIP|0 fnt|[from] ability: Rough Skin|[of] p1a: Bryant
|faint|p1a: Bryant
|faint|p2a: SNIP
|
|win|BHARATH_THEBEST
|raw|Ladder updating...
|raw|Twisted Logics's rating: 1621 &rarr; <strong>1602<\/strong><br \/>(-19 for losing)
|raw|BHARATH_THEBEST's rating: 1627 &rarr; <strong>1647<\/strong><br \/>(+20 for winning)
|leave|Twisted Logics
|player|p1