|join|oibaf
|join|GIODOPR
|player|p1|oibaf|25
|player|p2|GIODOPR|2
|gametype|singles
|gen|6
|tier|UU
|rated
|rule|Sleep Clause Mod: Limit one foe put to sleep
|rule|Species Clause: Limit one of each PokÃ©mon
|rule|OHKO Clause: OHKO moves are banned
|rule|Moody Clause: Moody is banned
|rule|Evasion Moves Clause: Evasion moves are banned
|rule|Endless Battle Clause: Forcing endless battles is banned
|rule|HP Percentage Mod: HP is shown in percentages
|clearpoke
|poke|p1|Medicham, F
|poke|p1|Absol, M
|poke|p1|Noivern, F
|poke|p1|Tornadus, M
|poke|p1|Slowking, F
|poke|p1|Empoleon, M
|poke|p2|Machamp, M
|poke|p2|Hydreigon, M
|poke|p2|Beedrill, F
|poke|p2|Suicune
|poke|p2|Darmanitan, F
|poke|p2|Donphan, F
|rule|Swagger Clause: Swagger is banned
|rule|Baton Pass Clause: Limit one PokÃ©mon knowing Baton Pass
|teampreview
|
|start
|switch|p1a: Empoleon|Empoleon, M|372\/372
|switch|p2a: Darmanitan|Darmanitan, F|351\/351
|turn|1
|
|move|p2a: Darmanitan|U-turn|p1a: Empoleon
|-resisted|p1a: Empoleon
|-damage|p1a: Empoleon|325\/372
|
|switch|p2a: Hydreigon|Hydreigon, M|325\/325
|move|p1a: Empoleon|Stealth Rock|p2a: Hydreigon
|-sidestart|p2: GIODOPR|move: Stealth Rock
|
|-heal|p1a: Empoleon|348\/372|[from] item: Leftovers
|turn|2
|
|switch|p1a: Slowking|Slowking, F|394\/394
|move|p2a: Hydreigon|Dark Pulse|p1a: Slowking
|-supereffective|p1a: Slowking
|-damage|p1a: Slowking|0 fnt
|faint|p1a: Slowking
|
|
|switch|p1a: Noivern|Noivern, F|311\/311
|turn|3
|
|switch|p2a: Suicune|Suicune|403\/403
|-damage|p2a: Suicune|353\/403|[from] Stealth Rock
|-ability|p2a: Suicune|Pressure
|move|p1a: Noivern|Draco Meteor|p2a: Suicune
|-damage|p2a: Suicune|116\/403
|-unboost|p1a: Noivern|spa|2
|
|-heal|p2a: Suicune|141\/403|[from] item: Leftovers
|turn|4
|
|move|p1a: Noivern|Draco Meteor|p2a: Suicune
|-damage|p2a: Suicune|18\/403
|-unboost|p1a: Noivern|spa|2
|move|p2a: Suicune|Rest|p2a: Suicune
|-status|p2a: Suicune|slp
|-heal|p2a: Suicune|403\/403 slp|[silent]
|-status|p2a: Suicune|slp|[from] move: Rest
|
|turn|5
|
|switch|p1a: Absol|Absol, M|271\/271
|-ability|p1a: Absol|Pressure
|cant|p2a: Suicune|slp
|move|p2a: Suicune|Sleep Talk|p2a: Suicune
|move|p2a: Suicune|Scald|p1a: Absol|[from]Sleep Talk
|-damage|p1a: Absol|91\/271
|-status|p1a: Absol|brn
|
|-damage|p1a: Absol|58\/271 brn|[from] brn
|turn|6
|
|detailschange|p1a: Absol|Absol-Mega, M
|-mega|p1a: Absol|Absol|Absolite
|move|p1a: Absol|Play Rough|p2a: Suicune
|-damage|p2a: Suicune|347\/403 slp
|cant|p2a: Suicune|slp
|move|p2a: Suicune|Sleep Talk|p2a: Suicune
|move|p2a: Suicune|Rest|p2a: Suicune|[from]Sleep Talk
|-fail|p2a: Suicune
|
|-heal|p2a: Suicune|372\/403 slp|[from] item: Leftovers
|-damage|p1a: Absol|25\/271 brn|[from] brn
|turn|7
|
|move|p1a: Absol|Play Rough|p2a: Suicune
|-damage|p2a: Suicune|323\/403 slp
|-curestatus|p2a: Suicune|slp
|move|p2a: Suicune|Sleep Talk|p2a: Suicune
|-fail|p2a: Suicune
|
|-heal|p2a: Suicune|348\/403|[from] item: Leftovers
|-damage|p1a: Absol|0 fnt|[from] brn
|faint|p1a: Absol
|
|switch|p1a: Tornadus|Tornadus, M|299\/299
|turn|8
|
|move|p1a: Tornadus|Taunt|p2a: Suicune
|-start|p2a: Suicune|move: Taunt
|cant|p2a: Suicune|move: Taunt|Calm Mind
|
|-heal|p2a: Suicune|373\/403|[from] item: Leftovers
|turn|9
|
|move|p1a: Tornadus|Air Slash|p2a: Suicune
|-damage|p2a: Suicune|252\/403
|cant|p2a: Suicune|flinch
|
|-heal|p2a: Suicune|277\/403|[from] item: Leftovers
|turn|10
|
|move|p1a: Tornadus|Air Slash|p2a: Suicune
|-damage|p2a: Suicune|154\/403
|cant|p2a: Suicune|flinch
|
|-heal|p2a: Suicune|179\/403|[from] item: Leftovers
|-end|p2a: Suicune|move: Taunt
|turn|11
|
|move|p1a: Tornadus|Taunt|p2a: Suicune
|-start|p2a: Suicune|move: Taunt
|move|p2a: Suicune|Scald|p1a: Tornadus
|-damage|p1a: Tornadus|149\/299
|
|-heal|p2a: Suicune|204\/403|[from] item: Leftovers
|turn|12
|
|move|p1a: Tornadus|Air Slash|p2a: Suicune
|-damage|p2a: Suicune|83\/403
|move|p2a: Suicune|Scald|p1a: Tornadus
|-damage|p1a: Tornadus|5\/299
|
|-heal|p2a: Suicune|108\/403|[from] item: Leftovers
|turn|13
|
|move|p1a: Tornadus|Air Slash|p2a: Suicune
|-damage|p2a: Suicune|0 fnt
|faint|p2a: Suicune
|
|
|switch|p2a: Donphan|Donphan, F|384\/384
|-damage|p2a: Donphan|360\/384|[from] Stealth Rock
|turn|14
|
|move|p2a: Donphan|Ice Shard|p1a: Tornadus
|-supereffective|p1a: Tornadus
|-damage|p1a: Tornadus|0 fnt
|faint|p1a: Tornadus
|
|-heal|p2a: Donphan|384\/384|[from] item: Leftovers
|
|switch|p1a: Noivern|Noivern, F|311\/311
|turn|15
|
|move|p2a: Donphan|Ice Shard|p1a: Noivern
|-supereffective|p1a: Noivern
|-damage|p1a: Noivern|131\/311
|move|p1a: Noivern|Air Slash|p2a: Donphan
|-damage|p2a: Donphan|143\/384
|
|-heal|p2a: Donphan|167\/384|[from] item: Leftovers
|turn|16
|
|switch|p1a: Empoleon|Empoleon, M|348\/372
|move|p2a: Donphan|Ice Shard|p1a: Empoleon
|-crit|p1a: Empoleon
|-resisted|p1a: Empoleon
|-damage|p1a: Empoleon|334\/372
|
|-heal|p1a: Empoleon|357\/372|[from] item: Leftovers
|-heal|p2a: Donphan|191\/384|[from] item: Leftovers
|turn|17
|
|switch|p2a: Hydreigon|Hydreigon, M|325\/325
|-damage|p2a: Hydreigon|285\/325|[from] Stealth Rock
|move|p1a: Empoleon|Waterfall|p2a: Hydreigon
|-resisted|p2a: Hydreigon
|-damage|p2a: Hydreigon|220\/325
|
|-heal|p1a: Empoleon|372\/372|[from] item: Leftovers
|turn|18
|
|move|p2a: Hydreigon|Dark Pulse|p1a: Empoleon
|-damage|p1a: Empoleon|135\/372
|move|p1a: Empoleon|Waterfall|p2a: Hydreigon
|-resisted|p2a: Hydreigon
|-damage|p2a: Hydreigon|151\/325
|
|-heal|p1a: Empoleon|158\/372|[from] item: Leftovers
|turn|19
|
|move|p2a: Hydreigon|Dark Pulse|p1a: Empoleon
|-damage|p1a: Empoleon|0 fnt
|faint|p1a: Empoleon
|
|
|switch|p1a: Noivern|Noivern, F|131\/311
|turn|20
|
|move|p1a: Noivern|Air Slash|p2a: Hydreigon
|-damage|p2a: Hydreigon|0 fnt
|faint|p2a: Hydreigon
|
|
|switch|p2a: Donphan|Donphan, F|191\/384
|-damage|p2a: Donphan|167\/384|[from] Stealth Rock
|turn|21
|
|switch|p1a: Medicham|Medicham, F|261\/261
|move|p2a: Donphan|Ice Shard|p1a: Medicham
|-damage|p1a: Medicham|209\/261
|
|-heal|p2a: Donphan|191\/384|[from] item: Leftovers
|turn|22
|
|move|p1a: Medicham|Zen Headbutt|p2a: Donphan|[miss]
|-miss|p1a: Medicham|p2a: Donphan
|move|p2a: Donphan|Earthquake|p1a: Medicham
|-damage|p1a: Medicham|43\/261
|
|-heal|p2a: Donphan|215\/384|[from] item: Leftovers
|turn|23
|
|move|p2a: Donphan|Ice Shard|p1a: Medicham
|-damage|p1a: Medicham|0 fnt
|faint|p1a: Medicham
|
|-heal|p2a: Donphan|239\/384|[from] item: Leftovers
|c|âoibaf|gg
|
|switch|p1a: Noivern|Noivern, F|131\/311
|turn|24
|
|move|p2a: Donphan|Ice Shard|p1a: Noivern
|-supereffective|p1a: Noivern
|-damage|p1a: Noivern|0 fnt
|faint|p1a: Noivern
|
|win|GIODOPR
|raw|Ladder updating...
|raw|oibaf's rating: 1317 &rarr; <strong>1290<\/strong><br \/>(-27 for losing)
|raw|GIODOPR's rating: 1198 &rarr; <strong>1231<\/strong><br \/>(+33 for winning)
|leave|GIODOPR
|player|p2