|join|Pair Uh Noia
|join|GIODOPR
|player|p1|Pair Uh Noia|157
|player|p2|GIODOPR|153
|gametype|singles
|gen|6
|tier|UU
|rated
|rule|Sleep Clause Mod: Limit one foe put to sleep
|rule|Species Clause: Limit one of each Pokemon
|rule|OHKO Clause: OHKO moves are banned
|rule|Moody Clause: Moody is banned
|rule|Evasion Moves Clause: Evasion moves are banned
|rule|Endless Battle Clause: Forcing endless battles is banned
|rule|HP Percentage Mod: HP is reported as percentages
|clearpoke
|poke|p1|Victini
|poke|p1|Hydreigon, M
|poke|p1|Krookodile, M
|poke|p1|Swampert, F
|poke|p1|Florges, F
|poke|p1|Crobat, F
|poke|p2|Ampharos, M
|poke|p2|Donphan, M
|poke|p2|Hydreigon, F
|poke|p2|Mienshao, F
|poke|p2|Crobat, F
|poke|p2|Chandelure, F
|rule|Swagger Clause: Swagger is banned
|rule|Baton Pass Clause: Limit 3 pokemon knowing Baton Pass
|teampreview
|
|start
|switch|p1a: Victini|Victini|341\/341
|switch|p2a: Mienshao|Mienshao, F|272\/272
|turn|1
|
|switch|p1a: Florges|Florges, F|360\/360
|move|p2a: Mienshao|Fake Out|p1a: Florges
|-damage|p1a: Florges|285\/360
|-damage|p2a: Mienshao|245\/272|[from] item: Life Orb
|
|-heal|p1a: Florges|307\/360|[from] item: Leftovers
|turn|2
|
|move|p2a: Mienshao|U-turn|p1a: Florges
|-resisted|p1a: Florges
|-damage|p1a: Florges|247\/360
|-damage|p2a: Mienshao|218\/272|[from] item: Life Orb
|
|switch|p2a: Crobat|Crobat, F|374\/374
|move|p1a: Florges|Wish|p1a: Florges
|
|-heal|p1a: Florges|269\/360|[from] item: Leftovers
|turn|3
|
|switch|p1a: Swampert|Swampert, F|402\/402
|move|p2a: Crobat|Brave Bird|p1a: Swampert
|-damage|p1a: Swampert|309\/402
|-damage|p2a: Crobat|343\/374|[from] recoil|[of] p1a: Swampert
|
|-heal|p1a: Swampert|402\/402|[from] move: Wish|[wisher] Florges
|-heal|p2a: Crobat|366\/374|[from] item: Black Sludge
|turn|4
|
|move|p2a: Crobat|Toxic|p1a: Swampert
|-status|p1a: Swampert|tox
|move|p1a: Swampert|Stealth Rock|p2a: Crobat
|-sidestart|p2: GIODOPR|move: Stealth Rock
|
|-heal|p2a: Crobat|374\/374|[from] item: Black Sludge
|-damage|p1a: Swampert|377\/402 tox|[from] psn
|turn|5
|
|move|p2a: Crobat|Defog|p1a: Swampert
|-unboost|p1a: Swampert|evasion|1
|-sideend|p2: GIODOPR|Stealth Rock|[from] move: Defog|[of] p2a: Crobat
|move|p1a: Swampert|Scald|p2a: Crobat
|-damage|p2a: Crobat|281\/374
|
|-heal|p2a: Crobat|304\/374|[from] item: Black Sludge
|-heal|p1a: Swampert|402\/402 tox|[from] item: Leftovers
|-damage|p1a: Swampert|352\/402 tox|[from] psn
|turn|6
|
|switch|p2a: Hydreigon|Hydreigon, F|325\/325
|move|p1a: Swampert|Stealth Rock|p2a: Hydreigon
|-sidestart|p2: GIODOPR|move: Stealth Rock
|
|-heal|p1a: Swampert|377\/402 tox|[from] item: Leftovers
|-damage|p1a: Swampert|302\/402 tox|[from] psn
|turn|7
|
|switch|p1a: Florges|Florges, F|269\/360
|move|p2a: Hydreigon|Dark Pulse|p1a: Florges
|-resisted|p1a: Florges
|-damage|p1a: Florges|208\/360
|
|-heal|p1a: Florges|230\/360|[from] item: Leftovers
|turn|8
|
|switch|p2a: Crobat|Crobat, F|304\/374
|-damage|p2a: Crobat|211\/374|[from] Stealth Rock
|move|p1a: Florges|Wish|p1a: Florges
|
|-heal|p2a: Crobat|234\/374|[from] item: Black Sludge
|-heal|p1a: Florges|252\/360|[from] item: Leftovers
|turn|9
|
|switch|p1a: Victini|Victini|341\/341
|move|p2a: Crobat|Defog|p1a: Victini
|-unboost|p1a: Victini|evasion|1
|-sideend|p2: GIODOPR|Stealth Rock|[from] move: Defog|[of] p2a: Crobat
|
|-heal|p2a: Crobat|257\/374|[from] item: Black Sludge
|turn|10
|
|switch|p2a: Donphan|Donphan, M|384\/384
|move|p1a: Victini|V-create|p2a: Donphan
|-damage|p2a: Donphan|150\/384
|-unboost|p1a: Victini|def|1
|-unboost|p1a: Victini|spd|1
|-unboost|p1a: Victini|spe|1
|
|-heal|p2a: Donphan|174\/384|[from] item: Leftovers
|turn|11
|
|switch|p1a: Hydreigon|Hydreigon, M|325\/325
|switch|p2a: Chandelure|Chandelure, F|262\/262
|
|turn|12
|
|move|p2a: Chandelure|Shadow Ball|p1a: Hydreigon
|-resisted|p1a: Hydreigon
|-damage|p1a: Hydreigon|239\/325
|move|p1a: Hydreigon|Draco Meteor|p2a: Chandelure
|-damage|p2a: Chandelure|0 fnt
|-unboost|p1a: Hydreigon|spa|2
|-damage|p1a: Hydreigon|207\/325|[from] item: Life Orb
|faint|p2a: Chandelure
|
|
|switch|p2a: Mienshao|Mienshao, F|272\/272
|turn|13
|
|switch|p1a: Florges|Florges, F|252\/360
|move|p2a: Mienshao|U-turn|p1a: Florges
|-resisted|p1a: Florges
|-damage|p1a: Florges|194\/360
|-damage|p2a: Mienshao|245\/272|[from] item: Life Orb
|
|switch|p2a: Crobat|Crobat, F|257\/374
|
|-heal|p2a: Crobat|280\/374|[from] item: Black Sludge
|-heal|p1a: Florges|216\/360|[from] item: Leftovers
|turn|14
|
|switch|p1a: Crobat|Crobat, F|373\/373
|move|p2a: Crobat|Brave Bird|p1a: Crobat
|-crit|p1a: Crobat
|-damage|p1a: Crobat|133\/373
|-damage|p2a: Crobat|201\/374|[from] recoil|[of] p1a: Crobat
|
|-heal|p2a: Crobat|224\/374|[from] item: Black Sludge
|-heal|p1a: Crobat|156\/373|[from] item: Black Sludge
|turn|15
|
|move|p2a: Crobat|Brave Bird|p1a: Crobat
|-damage|p1a: Crobat|2\/373
|-damage|p2a: Crobat|173\/374|[from] recoil|[of] p1a: Crobat
|move|p1a: Crobat|Roost|p1a: Crobat
|-heal|p1a: Crobat|189\/373
|
|-heal|p2a: Crobat|196\/374|[from] item: Black Sludge
|-heal|p1a: Crobat|212\/373|[from] item: Black Sludge
|turn|16
|
|move|p2a: Crobat|Brave Bird|p1a: Crobat
|-damage|p1a: Crobat|46\/373
|-damage|p2a: Crobat|141\/374|[from] recoil|[of] p1a: Crobat
|move|p1a: Crobat|Roost|p1a: Crobat
|-heal|p1a: Crobat|233\/373
|
|-heal|p2a: Crobat|164\/374|[from] item: Black Sludge
|-heal|p1a: Crobat|256\/373|[from] item: Black Sludge
|turn|17
|
|switch|p1a: Victini|Victini|341\/341
|move|p2a: Crobat|Roost|p2a: Crobat
|-heal|p2a: Crobat|351\/374
|
|-heal|p2a: Crobat|374\/374|[from] item: Black Sludge
|turn|18
|
|move|p2a: Crobat|Brave Bird|p1a: Victini
|-damage|p1a: Victini|205\/341
|-damage|p2a: Crobat|329\/374|[from] recoil|[of] p1a: Victini
|move|p1a: Victini|V-create|p2a: Crobat
|-damage|p2a: Crobat|0 fnt
|-unboost|p1a: Victini|def|1
|-unboost|p1a: Victini|spd|1
|-unboost|p1a: Victini|spe|1
|faint|p2a: Crobat
|
|
|switch|p2a: Hydreigon|Hydreigon, F|325\/325
|turn|19
|
|switch|p1a: Crobat|Crobat, F|256\/373
|move|p2a: Hydreigon|Flash Cannon|p1a: Crobat
|-damage|p1a: Crobat|72\/373
|
|-heal|p1a: Crobat|95\/373|[from] item: Black Sludge
|turn|20
|
|switch|p2a: Donphan|Donphan, M|174\/384
|move|p1a: Crobat|Roost|p1a: Crobat
|-heal|p1a: Crobat|282\/373
|
|-heal|p1a: Crobat|305\/373|[from] item: Black Sludge
|-heal|p2a: Donphan|198\/384|[from] item: Leftovers
|turn|21
|
|move|p1a: Crobat|Toxic|p2a: Donphan
|-status|p2a: Donphan|tox
|move|p2a: Donphan|Stealth Rock|p1a: Crobat
|-sidestart|p1: Pair Uh Noia|move: Stealth Rock
|
|-heal|p1a: Crobat|328\/373|[from] item: Black Sludge
|-heal|p2a: Donphan|222\/384 tox|[from] item: Leftovers
|-damage|p2a: Donphan|198\/384 tox|[from] psn
|turn|22
|
|switch|p2a: Hydreigon|Hydreigon, F|325\/325
|move|p1a: Crobat|Defog|p2a: Hydreigon
|-unboost|p2a: Hydreigon|evasion|1
|-sideend|p1: Pair Uh Noia|Stealth Rock|[from] move: Defog|[of] p1a: Crobat
|
|-heal|p1a: Crobat|351\/373|[from] item: Black Sludge
|turn|23
|
|switch|p1a: Florges|Florges, F|216\/360
|move|p2a: Hydreigon|Draco Meteor|p1a: Florges
|-immune|p1a: Florges|[msg]
|
|-heal|p1a: Florges|238\/360|[from] item: Leftovers
|turn|24
|
|switch|p2a: Donphan|Donphan, M|198\/384 tox
|move|p1a: Florges|Wish|p1a: Florges
|
|-heal|p1a: Florges|260\/360|[from] item: Leftovers
|-heal|p2a: Donphan|222\/384 tox|[from] item: Leftovers
|-damage|p2a: Donphan|198\/384 tox|[from] psn
|turn|25
|
|move|p1a: Florges|Moonblast|p2a: Donphan
|-damage|p2a: Donphan|0 fnt
|faint|p2a: Donphan
|
|-heal|p1a: Florges|360\/360|[from] move: Wish|[wisher] Florges
|
|switch|p2a: Mienshao|Mienshao, F|272\/272
|turn|26
|
|move|p1a: Florges|Protect|p1a: Florges
|-singleturn|p1a: Florges|Protect
|move|p2a: Mienshao|Fake Out|p1a: Florges
|-activate|p1a: Florges|Protect
|
|turn|27
|
|move|p2a: Mienshao|Knock Off|p1a: Florges
|-resisted|p1a: Florges
|-damage|p1a: Florges|278\/360
|-enditem|p1a: Florges|Leftovers|[from] move: Knock Off|[of] p2a: Mienshao
|-damage|p2a: Mienshao|245\/272|[from] item: Life Orb
|move|p1a: Florges|Moonblast|p2a: Mienshao
|-supereffective|p2a: Mienshao
|-damage|p2a: Mienshao|0 fnt
|faint|p2a: Mienshao
|
|
|switch|p2a: Hydreigon|Hydreigon, F|325\/325
|turn|28
|
|move|p1a: Florges|Protect|p1a: Florges
|-singleturn|p1a: Florges|Protect
|move|p2a: Hydreigon|Flash Cannon|p1a: Florges
|-activate|p1a: Florges|Protect
|
|turn|29
|
|move|p2a: Hydreigon|Flash Cannon|p1a: Florges
|-supereffective|p1a: Florges
|-damage|p1a: Florges|102\/360
|move|p1a: Florges|Moonblast|p2a: Hydreigon
|-supereffective|p2a: Hydreigon
|-damage|p2a: Hydreigon|0 fnt
|faint|p2a: Hydreigon
|
|
|switch|p2a: Ampharos|Ampharos, M|322\/322
|turn|30
|
|move|p2a: Ampharos|Thunderbolt|p1a: Florges
|-damage|p1a: Florges|20\/360
|move|p1a: Florges|Wish|p1a: Florges
|
|turn|31
|
|move|p1a: Florges|Protect|p1a: Florges
|-singleturn|p1a: Florges|Protect
|move|p2a: Ampharos|Agility|p2a: Ampharos
|-boost|p2a: Ampharos|spe|2
|
|-heal|p1a: Florges|200\/360|[from] move: Wish|[wisher] Florges
|turn|32
|
|move|p2a: Ampharos|Thunderbolt|p1a: Florges
|-crit|p1a: Florges
|-damage|p1a: Florges|68\/360
|move|p1a: Florges|Wish|p1a: Florges
|
|turn|33
|
|move|p2a: Ampharos|Thunderbolt|p1a: Florges
|-damage|p1a: Florges|0 fnt
|faint|p1a: Florges
|
|
|switch|p1a: Krookodile|Krookodile, M|332\/332
|-ability|p1a: Krookodile|Intimidate|[of] p2a: Ampharos
|-unboost|p2a: Ampharos|atk|1
|turn|34
|
|detailschange|p2a: Ampharos|Ampharos-Mega, M
|message|Ampharos has Mega Evolved into Mega Ampharos!
|-ability|p2a: Ampharos|Mold Breaker
|move|p2a: Ampharos|Focus Blast|p1a: Krookodile
|-supereffective|p1a: Krookodile
|-damage|p1a: Krookodile|0 fnt
|faint|p1a: Krookodile
|
|
|switch|p1a: Swampert|Swampert, F|302\/402 tox
|turn|35
|
|move|p2a: Ampharos|Dragon Pulse|p1a: Swampert
|-damage|p1a: Swampert|110\/402 tox
|move|p1a: Swampert|Earthquake|p2a: Ampharos
|-supereffective|p2a: Ampharos
|-damage|p2a: Ampharos|76\/322
|
|-heal|p1a: Swampert|135\/402 tox|[from] item: Leftovers
|-damage|p1a: Swampert|110\/402 tox|[from] psn
|turn|36
|
|move|p2a: Ampharos|Dragon Pulse|p1a: Swampert
|-damage|p1a: Swampert|0 fnt
|faint|p1a: Swampert
|
|
|switch|p1a: Victini|Victini|205\/341
|turn|37
|
|move|p2a: Ampharos|Thunderbolt|p1a: Victini
|-crit|p1a: Victini
|-damage|p1a: Victini|0 fnt
|faint|p1a: Victini
|
|-message|Pair Uh Noia forfeited.
|leave|Pair Uh Noia
|
|win|GIODOPR
|raw|Ladder updating...
|player|p1
|raw|Pair Uh Noia's rating: 1465 &rarr; <strong>1444<\/strong><br \/>(-21 for losing)
|raw|GIODOPR's rating: 1452 &rarr; <strong>1473<\/strong><br \/>(+21 for winning)