|join|Emblema de Fuego
|join|GIODOPR
|player|p1|Emblema de Fuego|265
|player|p2|GIODOPR|153
|gametype|singles
|gen|6
|tier|UU
|rated
|rule|Sleep Clause Mod: Limit one foe put to sleep
|rule|Species Clause: Limit one of each PokÃ©mon
|rule|OHKO Clause: OHKO moves are banned
|rule|Moody Clause: Moody is banned
|rule|Evasion Moves Clause: Evasion moves are banned
|rule|Endless Battle Clause: Forcing endless battles is banned
|rule|HP Percentage Mod: HP is shown in percentages
|clearpoke
|poke|p1|Fletchinder, F, shiny
|poke|p1|Absol, M
|poke|p1|Uxie
|poke|p1|Flygon, F
|poke|p1|Raikou, shiny
|poke|p1|Whimsicott, M
|poke|p2|Ampharos, M
|poke|p2|Donphan, M
|poke|p2|Hydreigon, M
|poke|p2|Mienshao, F
|poke|p2|Darmanitan, F
|poke|p2|Crobat, F
|rule|Swagger Clause: Swagger is banned
|rule|Baton Pass Clause: Limit one PokÃ©mon knowing Baton Pass
|teampreview
|
|start
|switch|p1a: D-Angelo|Absol, M|271\/271
|switch|p2a: Donphan|Donphan, M|384\/384
|turn|1
|
|detailschange|p1a: D-Angelo|Absol-Mega, M
|message|Absol has Mega Evolved into Mega Absol!
|move|p1a: D-Angelo|Will-O-Wisp|p2a: Donphan
|-status|p2a: Donphan|brn
|move|p2a: Donphan|Earthquake|p1a: D-Angelo
|-damage|p1a: D-Angelo|165\/271
|
|-damage|p2a: Donphan|336\/384 brn|[from] brn
|turn|2
|
|move|p1a: D-Angelo|Protect|p1a: D-Angelo
|-singleturn|p1a: D-Angelo|Protect
|move|p2a: Donphan|Earthquake|p1a: D-Angelo
|-activate|p1a: D-Angelo|Protect
|
|-heal|p2a: Donphan|360\/384 brn|[from] item: Leftovers
|-damage|p2a: Donphan|312\/384 brn|[from] brn
|turn|3
|
|switch|p1a: Uzzi|Uxie|354\/354
|move|p2a: Donphan|Earthquake|p1a: Uzzi
|-immune|p1a: Uzzi|[msg]
|
|-heal|p2a: Donphan|336\/384 brn|[from] item: Leftovers
|-damage|p2a: Donphan|288\/384 brn|[from] brn
|turn|4
|
|move|p1a: Uzzi|U-turn|p2a: Donphan
|-damage|p2a: Donphan|262\/384 brn
|
|switch|p1a: D-Angelo|Absol-Mega, M|165\/271
|move|p2a: Donphan|Stealth Rock|p1a: D-Angelo
|move|p1a: D-Angelo|Stealth Rock|p2a: Donphan|[from]Magic Bounce
|-sidestart|p2: GIODOPR|move: Stealth Rock
|
|-heal|p2a: Donphan|286\/384 brn|[from] item: Leftovers
|-damage|p2a: Donphan|238\/384 brn|[from] brn
|turn|5
|
|move|p1a: D-Angelo|Protect|p1a: D-Angelo
|-singleturn|p1a: D-Angelo|Protect
|move|p2a: Donphan|Rapid Spin|p1a: D-Angelo
|-activate|p1a: D-Angelo|Protect
|
|-heal|p2a: Donphan|262\/384 brn|[from] item: Leftovers
|-damage|p2a: Donphan|214\/384 brn|[from] brn
|turn|6
|
|move|p1a: D-Angelo|Sucker Punch|p2a: Donphan
|-damage|p2a: Donphan|111\/384 brn
|move|p2a: Donphan|Rapid Spin|p1a: D-Angelo
|-damage|p1a: D-Angelo|151\/271
|-sideend|p2: GIODOPR|Stealth Rock|[from] move: Rapid Spin|[of] p2a: Donphan
|
|-heal|p2a: Donphan|135\/384 brn|[from] item: Leftovers
|-damage|p2a: Donphan|87\/384 brn|[from] brn
|turn|7
|
|switch|p2a: Darmanitan|Darmanitan, F|352\/352
|move|p1a: D-Angelo|Play Rough|p2a: Darmanitan
|-resisted|p2a: Darmanitan
|-damage|p2a: Darmanitan|248\/352
|-unboost|p2a: Darmanitan|atk|1
|
|turn|8
|
|move|p1a: D-Angelo|Protect|p1a: D-Angelo
|-singleturn|p1a: D-Angelo|Protect
|move|p2a: Darmanitan|U-turn|p1a: D-Angelo
|-activate|p1a: D-Angelo|Protect
|
|turn|9
|
|switch|p2a: Crobat|Crobat, F|374\/374
|move|p1a: D-Angelo|Sucker Punch|p2a: Crobat
|-fail|p2a: Crobat
|
|turn|10
|
|move|p1a: D-Angelo|Protect|p1a: D-Angelo
|-singleturn|p1a: D-Angelo|Protect
|move|p2a: Crobat|Brave Bird|p1a: D-Angelo
|-activate|p1a: D-Angelo|Protect
|
|turn|11
|
|switch|p1a: Uzzi|Uxie|354\/354
|move|p2a: Crobat|Toxic|p1a: Uzzi
|-status|p1a: Uzzi|tox
|
|-damage|p1a: Uzzi|332\/354 tox|[from] psn
|turn|12
|
|switch|p2a: Darmanitan|Darmanitan, F|248\/352
|move|p1a: Uzzi|Knock Off|p2a: Darmanitan
|-damage|p2a: Darmanitan|146\/352
|-enditem|p2a: Darmanitan|Choice Scarf|[from] move: Knock Off|[of] p1a: Uzzi
|
|-heal|p1a: Uzzi|354\/354 tox|[from] item: Leftovers
|-damage|p1a: Uzzi|310\/354 tox|[from] psn
|turn|13
|
|move|p2a: Darmanitan|U-turn|p1a: Uzzi
|-supereffective|p1a: Uzzi
|-damage|p1a: Uzzi|188\/354 tox
|
|switch|p2a: Hydreigon|Hydreigon, M|325\/325
|move|p1a: Uzzi|Stealth Rock|p2a: Hydreigon
|-sidestart|p2: GIODOPR|move: Stealth Rock
|
|-heal|p1a: Uzzi|210\/354 tox|[from] item: Leftovers
|-damage|p1a: Uzzi|144\/354 tox|[from] psn
|turn|14
|
|switch|p1a: Paf-Paf|Whimsicott, M|323\/323
|move|p2a: Hydreigon|Fire Blast|p1a: Paf-Paf|[miss]
|-miss|p2a: Hydreigon|p1a: Paf-Paf
|
|turn|15
|
|switch|p1a: 5|Fletchinder, F, shiny|327\/327
|move|p2a: Hydreigon|Fire Blast|p1a: 5|[miss]
|-miss|p2a: Hydreigon|p1a: 5
|
|turn|16
|c|âEmblema de Fuego|sorry
|c|âGIODOPR|lol
|
|switch|p2a: Ampharos|Ampharos, M|322\/322
|-damage|p2a: Ampharos|282\/322|[from] Stealth Rock
|move|p1a: 5|Will-O-Wisp|p2a: Ampharos
|-status|p2a: Ampharos|brn
|
|-damage|p2a: Ampharos|242\/322 brn|[from] brn
|turn|17
|
|switch|p1a: Paf-Paf|Whimsicott, M|323\/323
|detailschange|p2a: Ampharos|Ampharos-Mega, M
|message|Ampharos has Mega Evolved into Mega Ampharos!
|-ability|p2a: Ampharos|Mold Breaker
|move|p2a: Ampharos|Dragon Pulse|p1a: Paf-Paf
|-immune|p1a: Paf-Paf|[msg]
|
|-damage|p2a: Ampharos|202\/322 brn|[from] brn
|turn|18
|
|switch|p2a: Crobat|Crobat, F|374\/374
|-damage|p2a: Crobat|281\/374|[from] Stealth Rock
|move|p1a: Paf-Paf|Encore|p2a: Crobat
|-fail|p2a: Crobat
|
|-heal|p2a: Crobat|304\/374|[from] item: Black Sludge
|turn|19
|
|move|p1a: Paf-Paf|Leech Seed|p2a: Crobat|[miss]
|-miss|p1a: Paf-Paf|p2a: Crobat
|move|p2a: Crobat|Super Fang|p1a: Paf-Paf|[miss]
|-miss|p2a: Crobat|p1a: Paf-Paf
|
|-heal|p2a: Crobat|327\/374|[from] item: Black Sludge
|turn|20
|c|âEmblema de Fuego|jaja
|c|âGIODOPR|no es mi dia brother
|c|âEmblema de Fuego|no la verdad
|
|move|p1a: Paf-Paf|Encore|p2a: Crobat
|-start|p2a: Crobat|Encore
|move|p2a: Crobat|Super Fang|p1a: Paf-Paf
|-damage|p1a: Paf-Paf|162\/323
|
|-heal|p2a: Crobat|350\/374|[from] item: Black Sludge
|-heal|p1a: Paf-Paf|182\/323|[from] item: Leftovers
|turn|21
|
|move|p1a: Paf-Paf|Leech Seed|p2a: Crobat
|-start|p2a: Crobat|move: Leech Seed
|move|p2a: Crobat|Super Fang|p1a: Paf-Paf
|-damage|p1a: Paf-Paf|91\/323
|
|-heal|p2a: Crobat|373\/374|[from] item: Black Sludge
|-heal|p1a: Paf-Paf|111\/323|[from] item: Leftovers
|-damage|p2a: Crobat|327\/374|[from] Leech Seed|[of] p1a: Paf-Paf
|-heal|p1a: Paf-Paf|157\/323|[silent]
|turn|22
|
|switch|p2a: Hydreigon|Hydreigon, M|325\/325
|-damage|p2a: Hydreigon|285\/325|[from] Stealth Rock
|move|p1a: Paf-Paf|Substitute|p1a: Paf-Paf
|-start|p1a: Paf-Paf|Substitute
|-damage|p1a: Paf-Paf|77\/323
|
|-heal|p1a: Paf-Paf|97\/323|[from] item: Leftovers
|turn|23
|
|move|p1a: Paf-Paf|Leech Seed|p2a: Hydreigon
|-start|p2a: Hydreigon|move: Leech Seed
|move|p2a: Hydreigon|Flash Cannon|p1a: Paf-Paf
|-crit|p1a: Paf-Paf
|-supereffective|p1a: Paf-Paf
|-end|p1a: Paf-Paf|Substitute
|
|-heal|p1a: Paf-Paf|117\/323|[from] item: Leftovers
|-damage|p2a: Hydreigon|245\/325|[from] Leech Seed|[of] p1a: Paf-Paf
|-heal|p1a: Paf-Paf|157\/323|[silent]
|turn|24
|
|switch|p2a: Crobat|Crobat, F|327\/374
|-damage|p2a: Crobat|234\/374|[from] Stealth Rock
|move|p1a: Paf-Paf|Substitute|p1a: Paf-Paf
|-start|p1a: Paf-Paf|Substitute
|-damage|p1a: Paf-Paf|77\/323
|
|-heal|p2a: Crobat|257\/374|[from] item: Black Sludge
|-heal|p1a: Paf-Paf|97\/323|[from] item: Leftovers
|turn|25
|
|move|p1a: Paf-Paf|Leech Seed|p2a: Crobat
|-start|p2a: Crobat|move: Leech Seed
|move|p2a: Crobat|Brave Bird|p1a: Paf-Paf
|-supereffective|p1a: Paf-Paf
|-end|p1a: Paf-Paf|Substitute
|-damage|p2a: Crobat|231\/374|[from] recoil|[of] p1a: Paf-Paf
|
|-heal|p2a: Crobat|254\/374|[from] item: Black Sludge
|-heal|p1a: Paf-Paf|117\/323|[from] item: Leftovers
|-damage|p2a: Crobat|208\/374|[from] Leech Seed|[of] p1a: Paf-Paf
|-heal|p1a: Paf-Paf|163\/323|[silent]
|turn|26
|c|âEmblema de Fuego|no tiene allanamiento?
|c|âGIODOPR|no
|
|move|p1a: Paf-Paf|Substitute|p1a: Paf-Paf
|-start|p1a: Paf-Paf|Substitute
|-damage|p1a: Paf-Paf|83\/323
|move|p2a: Crobat|Brave Bird|p1a: Paf-Paf
|-supereffective|p1a: Paf-Paf
|-end|p1a: Paf-Paf|Substitute
|-damage|p2a: Crobat|182\/374|[from] recoil|[of] p1a: Paf-Paf
|
|-heal|p2a: Crobat|205\/374|[from] item: Black Sludge
|-heal|p1a: Paf-Paf|103\/323|[from] item: Leftovers
|-damage|p2a: Crobat|159\/374|[from] Leech Seed|[of] p1a: Paf-Paf
|-heal|p1a: Paf-Paf|149\/323|[silent]
|turn|27
|c|âEmblema de Fuego|mira vos, que raro
|c|âEmblema de Fuego|me quede por si acaso XD
|c|âGIODOPR|por mienshao cuando usa fake out
|c|âEmblema de Fuego|claro
|
|switch|p2a: Hydreigon|Hydreigon, M|245\/325
|-damage|p2a: Hydreigon|205\/325|[from] Stealth Rock
|move|p1a: Paf-Paf|Substitute|p1a: Paf-Paf
|-start|p1a: Paf-Paf|Substitute
|-damage|p1a: Paf-Paf|69\/323
|
|-heal|p1a: Paf-Paf|89\/323|[from] item: Leftovers
|turn|28
|c|âEmblema de Fuego|puede ser
|
|move|p1a: Paf-Paf|Leech Seed|p2a: Hydreigon
|-start|p2a: Hydreigon|move: Leech Seed
|move|p2a: Hydreigon|Fire Blast|p1a: Paf-Paf
|-supereffective|p1a: Paf-Paf
|-end|p1a: Paf-Paf|Substitute
|
|-heal|p1a: Paf-Paf|109\/323|[from] item: Leftovers
|-damage|p2a: Hydreigon|165\/325|[from] Leech Seed|[of] p1a: Paf-Paf
|-heal|p1a: Paf-Paf|149\/323|[silent]
|turn|29
|c|âGIODOPR|buen juego 
|-message|GIODOPR forfeited.
|
|win|Emblema de Fuego
|raw|Ladder updating...
|raw|Emblema de Fuego's rating: 1468 &rarr; <strong>1490<\/strong><br \/>(+22 for winning)
|raw|GIODOPR's rating: 1499 &rarr; <strong>1478<\/strong><br \/>(-21 for losing)
|c|âEmblema de Fuego|GG