|join|GIODOPR
|join|Kruzynn
|player|p1|GIODOPR|170
|player|p2|Kruzynn|169
|gametype|singles
|gen|6
|tier|UU
|rated
|rule|Sleep Clause Mod: Limit one foe put to sleep
|rule|Species Clause: Limit one of each PokÃ©mon
|rule|OHKO Clause: OHKO moves are banned
|rule|Moody Clause: Moody is banned
|rule|Evasion Moves Clause: Evasion moves are banned
|rule|Endless Battle Clause: Forcing endless battles is banned
|rule|HP Percentage Mod: HP is shown in percentages
|clearpoke
|poke|p1|Sharpedo, M
|poke|p1|Hydreigon, M
|poke|p1|Crobat, F
|poke|p1|Serperior, M
|poke|p1|Darmanitan, M
|poke|p1|Donphan, M
|poke|p2|Hydreigon, M
|poke|p2|Jirachi
|poke|p2|Suicune
|poke|p2|Florges, F
|poke|p2|Swampert, M
|poke|p2|Lucario, M
|rule|Swagger Clause: Swagger is banned
|rule|Baton Pass Clause: Limit one PokÃ©mon knowing Baton Pass
|teampreview
|
|start
|switch|p1a: Serperior|Serperior, M|291\/291
|switch|p2a: Beud|Hydreigon, M|357\/357
|turn|1
|
|move|p2a: Beud|Dark Pulse|p1a: Serperior
|-damage|p1a: Serperior|146\/291
|move|p1a: Serperior|Glare|p2a: Beud
|-status|p2a: Beud|par
|
|-heal|p1a: Serperior|164\/291|[from] item: Leftovers
|turn|2
|
|switch|p1a: Hydreigon|Hydreigon, M|325\/325
|move|p2a: Beud|Dark Pulse|p1a: Hydreigon
|-resisted|p1a: Hydreigon
|-damage|p1a: Hydreigon|247\/325
|
|turn|3
|
|switch|p2a: FlowerPower|Florges, F|353\/353
|move|p1a: Hydreigon|Flash Cannon|p2a: FlowerPower
|-supereffective|p2a: FlowerPower
|-damage|p2a: FlowerPower|177\/353
|
|-heal|p2a: FlowerPower|199\/353|[from] item: Leftovers
|turn|4
|
|switch|p1a: Crobat|Crobat, F|374\/374
|move|p2a: FlowerPower|Aromatherapy|p2a: FlowerPower
|-cureteam|p2a: FlowerPower|[from] move: Aromatherapy
|
|-heal|p2a: FlowerPower|221\/353|[from] item: Leftovers
|turn|5
|
|move|p2a: FlowerPower|Protect|p2a: FlowerPower
|-singleturn|p2a: FlowerPower|Protect
|move|p1a: Crobat|Super Fang|p2a: FlowerPower
|-activate|p2a: FlowerPower|Protect
|
|-heal|p2a: FlowerPower|243\/353|[from] item: Leftovers
|turn|6
|
|move|p1a: Crobat|Toxic|p2a: FlowerPower
|-status|p2a: FlowerPower|tox
|move|p2a: FlowerPower|Wish|p2a: FlowerPower
|
|-heal|p2a: FlowerPower|265\/353 tox|[from] item: Leftovers
|-damage|p2a: FlowerPower|243\/353 tox|[from] psn
|turn|7
|
|move|p1a: Crobat|Super Fang|p2a: FlowerPower
|-damage|p2a: FlowerPower|122\/353 tox
|move|p2a: FlowerPower|Aromatherapy|p2a: FlowerPower
|-cureteam|p2a: FlowerPower|[from] move: Aromatherapy
|
|-heal|p2a: FlowerPower|298\/353|[from] move: Wish|[wisher] FlowerPower
|-heal|p2a: FlowerPower|320\/353|[from] item: Leftovers
|turn|8
|
|move|p2a: FlowerPower|Protect|p2a: FlowerPower
|-singleturn|p2a: FlowerPower|Protect
|move|p1a: Crobat|Brave Bird|p2a: FlowerPower
|-activate|p2a: FlowerPower|Protect
|
|-heal|p2a: FlowerPower|342\/353|[from] item: Leftovers
|turn|9
|
|switch|p2a: Pixie|Jirachi|401\/401
|move|p1a: Crobat|Toxic|p2a: Pixie
|-fail|p2a: Pixie
|
|turn|10
|
|switch|p1a: Donphan|Donphan, M|384\/384
|move|p2a: Pixie|Fire Punch|p1a: Donphan
|-crit|p1a: Donphan
|-damage|p1a: Donphan|325\/384
|
|-heal|p1a: Donphan|349\/384|[from] item: Leftovers
|turn|11
|
|switch|p2a: Pert|Swampert, M|401\/401
|move|p1a: Donphan|Stealth Rock|p2a: Pert
|-sidestart|p2: Kruzynn|move: Stealth Rock
|
|-heal|p1a: Donphan|373\/384|[from] item: Leftovers
|turn|12
|
|switch|p1a: Serperior|Serperior, M|164\/291
|detailschange|p2a: Pert|Swampert-Mega, M
|-mega|p2a: Pert|Swampert|Swampertite
|move|p2a: Pert|Stealth Rock|p1a: Serperior
|-sidestart|p1: GIODOPR|move: Stealth Rock
|
|-heal|p1a: Serperior|182\/291|[from] item: Leftovers
|turn|13
|
|switch|p2a: Pixie|Jirachi|401\/401
|-damage|p2a: Pixie|376\/401|[from] Stealth Rock
|move|p1a: Serperior|Leaf Storm|p2a: Pixie
|-resisted|p2a: Pixie
|-damage|p2a: Pixie|316\/401
|-boost|p1a: Serperior|spa|2
|
|-heal|p1a: Serperior|200\/291|[from] item: Leftovers
|-heal|p2a: Pixie|341\/401|[from] item: Leftovers
|turn|14
|
|switch|p1a: Donphan|Donphan, M|373\/384
|-damage|p1a: Donphan|349\/384|[from] Stealth Rock
|move|p2a: Pixie|Toxic|p1a: Donphan
|-status|p1a: Donphan|tox
|
|-heal|p2a: Pixie|366\/401|[from] item: Leftovers
|-heal|p1a: Donphan|373\/384 tox|[from] item: Leftovers
|-damage|p1a: Donphan|349\/384 tox|[from] psn
|turn|15
|
|move|p2a: Pixie|Iron Head|p1a: Donphan
|-damage|p1a: Donphan|289\/384 tox
|cant|p1a: Donphan|flinch
|
|-heal|p2a: Pixie|391\/401|[from] item: Leftovers
|-heal|p1a: Donphan|313\/384 tox|[from] item: Leftovers
|-damage|p1a: Donphan|265\/384 tox|[from] psn
|turn|16
|
|move|p2a: Pixie|Iron Head|p1a: Donphan
|-damage|p1a: Donphan|201\/384 tox
|cant|p1a: Donphan|flinch
|
|-heal|p2a: Pixie|401\/401|[from] item: Leftovers
|-heal|p1a: Donphan|225\/384 tox|[from] item: Leftovers
|-damage|p1a: Donphan|153\/384 tox|[from] psn
|turn|17
|
|move|p2a: Pixie|Iron Head|p1a: Donphan
|-damage|p1a: Donphan|96\/384 tox
|cant|p1a: Donphan|flinch
|
|-heal|p1a: Donphan|120\/384 tox|[from] item: Leftovers
|-damage|p1a: Donphan|24\/384 tox|[from] psn
|turn|18
|
|move|p1a: Donphan|Ice Shard|p2a: Pixie
|-resisted|p2a: Pixie
|-damage|p2a: Pixie|384\/401
|move|p2a: Pixie|Fire Punch|p1a: Donphan
|-damage|p1a: Donphan|0 fnt
|faint|p1a: Donphan
|
|-heal|p2a: Pixie|401\/401|[from] item: Leftovers
|
|switch|p1a: Darmanitan|Darmanitan, M|351\/351
|-damage|p1a: Darmanitan|264\/351|[from] Stealth Rock
|turn|19
|
|move|p1a: Darmanitan|U-turn|p2a: Pixie
|-damage|p2a: Pixie|312\/401
|
|switch|p1a: Hydreigon|Hydreigon, M|247\/325
|-damage|p1a: Hydreigon|207\/325|[from] Stealth Rock
|move|p2a: Pixie|Toxic|p1a: Hydreigon
|-status|p1a: Hydreigon|tox
|
|-heal|p2a: Pixie|337\/401|[from] item: Leftovers
|-damage|p1a: Hydreigon|187\/325 tox|[from] psn
|turn|20
|
|switch|p2a: FlowerPower|Florges, F|342\/353
|-damage|p2a: FlowerPower|298\/353|[from] Stealth Rock
|move|p1a: Hydreigon|Dark Pulse|p2a: FlowerPower
|-resisted|p2a: FlowerPower
|-damage|p2a: FlowerPower|234\/353
|
|-heal|p2a: FlowerPower|256\/353|[from] item: Leftovers
|-damage|p1a: Hydreigon|147\/325 tox|[from] psn
|turn|21
|
|switch|p1a: Darmanitan|Darmanitan, M|264\/351
|-damage|p1a: Darmanitan|177\/351|[from] Stealth Rock
|move|p2a: FlowerPower|Wish|p2a: FlowerPower
|
|-heal|p2a: FlowerPower|278\/353|[from] item: Leftovers
|turn|22
|
|switch|p2a: Koon|Suicune|404\/404
|-damage|p2a: Koon|354\/404|[from] Stealth Rock
|-ability|p2a: Koon|Pressure
|move|p1a: Darmanitan|Flare Blitz|p2a: Koon
|-resisted|p2a: Koon
|-damage|p2a: Koon|259\/404
|-damage|p1a: Darmanitan|146\/351|[from] recoil|[of] p2a: Koon
|
|-heal|p2a: Koon|404\/404|[from] move: Wish|[wisher] FlowerPower
|turn|23
|
|switch|p1a: Serperior|Serperior, M|200\/291
|-damage|p1a: Serperior|164\/291|[from] Stealth Rock
|move|p2a: Koon|Scald|p1a: Serperior
|-crit|p1a: Serperior
|-resisted|p1a: Serperior
|-damage|p1a: Serperior|98\/291
|
|-heal|p1a: Serperior|116\/291|[from] item: Leftovers
|turn|24
|
|switch|p2a: Pixie|Jirachi|337\/401
|-damage|p2a: Pixie|312\/401|[from] Stealth Rock
|move|p1a: Serperior|Leaf Storm|p2a: Pixie
|-resisted|p2a: Pixie
|-damage|p2a: Pixie|251\/401
|-boost|p1a: Serperior|spa|2
|
|-heal|p1a: Serperior|134\/291|[from] item: Leftovers
|-heal|p2a: Pixie|276\/401|[from] item: Leftovers
|turn|25
|
|move|p1a: Serperior|Leaf Storm|p2a: Pixie
|-resisted|p2a: Pixie
|-damage|p2a: Pixie|153\/401
|-boost|p1a: Serperior|spa|2
|move|p2a: Pixie|Fire Punch|p1a: Serperior
|-supereffective|p1a: Serperior
|-damage|p1a: Serperior|6\/291
|
|-heal|p1a: Serperior|24\/291|[from] item: Leftovers
|-heal|p2a: Pixie|178\/401|[from] item: Leftovers
|turn|26
|
|move|p1a: Serperior|Leaf Storm|p2a: Pixie
|-resisted|p2a: Pixie
|-damage|p2a: Pixie|2\/401
|-boost|p1a: Serperior|spa|2
|move|p2a: Pixie|Fire Punch|p1a: Serperior
|-supereffective|p1a: Serperior
|-damage|p1a: Serperior|0 fnt
|faint|p1a: Serperior
|
|-heal|p2a: Pixie|27\/401|[from] item: Leftovers
|c|âGIODOPR|oh God
|
|switch|p1a: Hydreigon|Hydreigon, M|147\/325 tox
|-damage|p1a: Hydreigon|107\/325 tox|[from] Stealth Rock
|turn|27
|
|move|p1a: Hydreigon|Flash Cannon|p2a: Pixie
|-resisted|p2a: Pixie
|-damage|p2a: Pixie|0 fnt
|faint|p2a: Pixie
|
|-damage|p1a: Hydreigon|87\/325 tox|[from] psn
|
|switch|p2a: Luke|Lucario, M|281\/281
|-damage|p2a: Luke|273\/281|[from] Stealth Rock
|turn|28
|
|switch|p1a: Crobat|Crobat, F|374\/374
|-damage|p1a: Crobat|281\/374|[from] Stealth Rock
|move|p2a: Luke|Swords Dance|p2a: Luke
|-boost|p2a: Luke|atk|2
|
|-heal|p1a: Crobat|304\/374|[from] item: Black Sludge
|turn|29
|
|move|p2a: Luke|Extreme Speed|p1a: Crobat
|-damage|p1a: Crobat|0 fnt
|-damage|p2a: Luke|245\/281|[from] item: Life Orb
|faint|p1a: Crobat
|
|-message|GIODOPR forfeited.
|leave|GIODOPR
|
|win|Kruzynn
|raw|Ladder updating...
|player|p1