|join|jacksonjack
|join|Sovahkiin
|player|p1|jacksonjack|80
|player|p2|Sovahkiin|34
|gametype|singles
|gen|6
|tier|OU
|rated
|clearpoke
|poke|p1|Starmie
|poke|p1|Kyurem-Black
|poke|p1|Greninja, M
|poke|p1|Diancie
|poke|p1|Klefki, F
|poke|p1|Landorus-Therian, M
|poke|p2|Altaria, F
|poke|p2|Greninja, M
|poke|p2|Ferrothorn, M
|poke|p2|Latios, M
|poke|p2|Clefable, M
|poke|p2|Gliscor, M
|rule|Swagger Clause: Swagger is banned
|rule|Baton Pass Clause: Limit one PokÃ©mon knowing Baton Pass
|rule|Sleep Clause Mod: Limit one foe put to sleep
|rule|Species Clause: Limit one of each PokÃ©mon
|rule|OHKO Clause: OHKO moves are banned
|rule|Moody Clause: Moody is banned
|rule|Evasion Moves Clause: Evasion moves are banned
|rule|Endless Battle Clause: Forcing endless battles is banned
|rule|HP Percentage Mod: HP is shown in percentages
|teampreview
|join|Bowlii
|
|start
|switch|p1a: Greninja|Greninja, M|285\/285
|switch|p2a: Gliscor|Gliscor, M|352\/352
|turn|1
|
|move|p2a: Gliscor|Protect|p2a: Gliscor
|-singleturn|p2a: Gliscor|Protect
|move|p1a: Greninja|Ice Beam|p2a: Gliscor
|-start|p1a: Greninja|typechange|Ice|[from] Protean
|-activate|p2a: Gliscor|Protect
|
|-status|p2a: Gliscor|tox|[from] item: Toxic Orb
|turn|2
|
|switch|p2a: Ferrothorn|Ferrothorn, M|352\/352
|move|p1a: Greninja|Hidden Power|p2a: Ferrothorn
|-start|p1a: Greninja|typechange|Fire|[from] Protean
|-supereffective|p2a: Ferrothorn
|-damage|p2a: Ferrothorn|0 fnt
|-damage|p1a: Greninja|257\/285|[from] item: Life Orb
|faint|p2a: Ferrothorn
|
|
|switch|p2a: Greninja|Greninja, M|285\/285
|turn|3
|
|switch|p1a: Klefki|Klefki, F|318\/318
|move|p2a: Greninja|Low Kick|p1a: Klefki
|-start|p2a: Greninja|typechange|Fighting|[from] Protean
|-damage|p1a: Klefki|282\/318
|-damage|p2a: Greninja|257\/285|[from] item: Life Orb
|
|-heal|p1a: Klefki|301\/318|[from] item: Leftovers
|turn|4
|
|switch|p2a: Gliscor|Gliscor, M|352\/352 tox
|switch|p1a: Greninja|Greninja, M|257\/285
|
|turn|5
|
|switch|p2a: Clefable|Clefable, M|394\/394
|move|p1a: Greninja|Ice Beam|p2a: Clefable
|-start|p1a: Greninja|typechange|Ice|[from] Protean
|-damage|p2a: Clefable|234\/394
|-status|p2a: Clefable|frz
|-damage|p1a: Greninja|229\/285|[from] item: Life Orb
|
|-heal|p2a: Clefable|258\/394 frz|[from] item: Leftovers
|turn|6
|
|switch|p2a: Greninja|Greninja, M|257\/285
|move|p1a: Greninja|Gunk Shot|p2a: Greninja
|-start|p1a: Greninja|typechange|Poison|[from] Protean
|-damage|p2a: Greninja|0 fnt
|-damage|p1a: Greninja|201\/285|[from] item: Life Orb
|faint|p2a: Greninja
|
|-message|Sovahkiin forfeited.
|
|switch|p2a: Clefable|Clefable, M|258\/394 frz
|turn|7
|leave|Sovahkiin
|
|win|jacksonjack
|raw|Ladder updating...
|player|p2
|raw|jacksonjack's rating: 1521 &rarr; <strong>1542<\/strong><br \/>(+21 for winning)
|raw|Sovahkiin's rating: 1548 &rarr; <strong>1527<\/strong><br \/>(-21 for losing)