|join|jacksonjack
|join|lil manaphy
|player|p1|jacksonjack|80
|player|p2|lil manaphy|6
|gametype|singles
|gen|6
|tier|OU
|rated
|clearpoke
|poke|p1|Garchomp, F
|poke|p1|Bisharp, F
|poke|p1|Breloom, F
|poke|p1|Charizard, F
|poke|p1|Azumarill, M
|poke|p1|Latias, F
|poke|p2|Gardevoir, F, shiny
|poke|p2|Mandibuzz, F
|poke|p2|Amoonguss, M
|poke|p2|Keldeo
|poke|p2|Heatran, F
|poke|p2|Landorus-Therian, M
|rule|Sleep Clause Mod: Limit one foe put to sleep
|rule|Species Clause: Limit one of each Pokemon
|rule|OHKO Clause: OHKO moves are banned
|rule|Moody Clause: Moody is banned
|rule|Evasion Moves Clause: Evasion moves are banned
|rule|Endless Battle Clause: Forcing endless battles is banned.
|rule|HP Percentage Mod: HP is reported as percentages
|teampreview
|
|start
|switch|p1a: Azumarill|Azumarill, M|342\/342
|switch|p2a: Amoonguss|Amoonguss, M|432\/432
|turn|1
|
|switch|p1a: Breloom|Breloom, F|261\/261
|move|p2a: Amoonguss|Spore|p1a: Breloom
|-fail|p1a: Breloom
|
|turn|2
|
|switch|p1a: Bisharp|Bisharp, F|271\/271
|move|p2a: Amoonguss|Spore|p1a: Bisharp
|-status|p1a: Bisharp|slp
|
|turn|3
|
|switch|p2a: Keldeo|Keldeo|323\/323
|cant|p1a: Bisharp|slp
|
|turn|4
|
|switch|p1a: Latias|Latias, F|301\/301
|move|p2a: Keldeo|Scald|p1a: Latias
|-resisted|p1a: Latias
|-damage|p1a: Latias|241\/301
|
|turn|5
|
|switch|p2a: Heatran|Heatran, F|386\/386
|move|p1a: Latias|Draco Meteor|p2a: Heatran|[miss]
|-miss|p1a: Latias|p2a: Heatran
|
|turn|6
|
|switch|p1a: Garchomp|Garchomp, F|357\/357
|move|p2a: Heatran|Toxic|p1a: Garchomp
|-status|p1a: Garchomp|tox
|
|-damage|p1a: Garchomp|335\/357 tox|[from] psn
|turn|7
|
|switch|p2a: Landorus-Therian|Landorus-Therian, M|382\/382
|-ability|p2a: Landorus-Therian|Intimidate|[of] p1a: Garchomp
|-unboost|p1a: Garchomp|atk|1
|move|p1a: Garchomp|Stealth Rock|p2a: Landorus-Therian
|-sidestart|p2: lil manaphy|move: Stealth Rock
|
|-damage|p1a: Garchomp|291\/357 tox|[from] psn
|turn|8
|
|switch|p1a: Azumarill|Azumarill, M|342\/342
|move|p2a: Landorus-Therian|Stealth Rock|p1a: Azumarill
|-sidestart|p1: jacksonjack|move: Stealth Rock
|
|turn|9
|
|move|p2a: Landorus-Therian|U-turn|p1a: Azumarill
|-resisted|p1a: Azumarill
|-damage|p1a: Azumarill|295\/342
|
|switch|p2a: Amoonguss|Amoonguss, M|432\/432
|-damage|p2a: Amoonguss|378\/432|[from] Stealth Rock
|move|p1a: Azumarill|Waterfall|p2a: Amoonguss
|-resisted|p2a: Amoonguss
|-damage|p2a: Amoonguss|299\/432
|
|-heal|p2a: Amoonguss|326\/432|[from] item: Black Sludge
|turn|10
|
|switch|p1a: Bisharp|Bisharp, F|271\/271 slp
|-damage|p1a: Bisharp|255\/271 slp|[from] Stealth Rock
|move|p2a: Amoonguss|Sludge Bomb|p1a: Bisharp
|-immune|p1a: Bisharp|[msg]
|
|-heal|p2a: Amoonguss|353\/432|[from] item: Black Sludge
|turn|11
|
|switch|p2a: Keldeo|Keldeo|323\/323
|-damage|p2a: Keldeo|303\/323|[from] Stealth Rock
|cant|p1a: Bisharp|slp
|
|-heal|p2a: Keldeo|323\/323|[from] item: Leftovers
|turn|12
|
|switch|p1a: Latias|Latias, F|241\/301
|-damage|p1a: Latias|204\/301|[from] Stealth Rock
|move|p2a: Keldeo|Secret Sword|p1a: Latias
|-resisted|p1a: Latias
|-damage|p1a: Latias|127\/301
|
|turn|13
|
|switch|p2a: Heatran|Heatran, F|386\/386
|-damage|p2a: Heatran|338\/386|[from] Stealth Rock
|move|p1a: Latias|Defog|p2a: Heatran
|-unboost|p2a: Heatran|evasion|1
|-sideend|p2: lil manaphy|Stealth Rock|[from] move: Defog|[of] p2a: Heatran
|-sideend|p1: jacksonjack|Stealth Rock|[from] move: Defog|[of] p1a: Latias
|
|-heal|p2a: Heatran|362\/386|[from] item: Leftovers
|turn|14
|
|switch|p1a: Breloom|Breloom, F|261\/261
|move|p2a: Heatran|Lava Plume|p1a: Breloom
|-supereffective|p1a: Breloom
|-enditem|p1a: Breloom|Focus Sash
|-damage|p1a: Breloom|1\/261
|
|-heal|p2a: Heatran|386\/386|[from] item: Leftovers
|turn|15
|
|switch|p1a: Latias|Latias, F|127\/301
|switch|p2a: Amoonguss|Amoonguss, M|432\/432
|
|turn|16
|
|switch|p2a: Heatran|Heatran, F|386\/386
|move|p1a: Latias|Draco Meteor|p2a: Heatran
|-resisted|p2a: Heatran
|-damage|p2a: Heatran|292\/386
|-unboost|p1a: Latias|spa|2
|-damage|p1a: Latias|97\/301|[from] item: Life Orb
|
|-heal|p2a: Heatran|316\/386|[from] item: Leftovers
|turn|17
|
|switch|p1a: Azumarill|Azumarill, M|295\/342
|move|p2a: Heatran|Lava Plume|p1a: Azumarill
|-resisted|p1a: Azumarill
|-damage|p1a: Azumarill|226\/342
|-status|p1a: Azumarill|brn
|
|-heal|p2a: Heatran|340\/386|[from] item: Leftovers
|-damage|p1a: Azumarill|184\/342 brn|[from] brn
|turn|18
|
|switch|p1a: Latias|Latias, F|97\/301
|move|p2a: Heatran|Protect|p2a: Heatran
|-fail|p2a: Heatran
|
|-heal|p2a: Heatran|364\/386|[from] item: Leftovers
|turn|19
|
|move|p1a: Latias|Healing Wish|p1a: Latias
|faint|p1a: Latias
|move|p2a: Heatran|Toxic|p1: Latias|[notarget]
|-notarget
|
|-heal|p2a: Heatran|386\/386|[from] item: Leftovers
|
|switch|p1a: Azumarill|Azumarill, M|184\/342 brn
|-heal|p1a: Azumarill|342\/342|[from] move: Healing Wish
|turn|20
|
|switch|p1a: Bisharp|Bisharp, F|255\/271 slp
|move|p2a: Heatran|Toxic|p1a: Bisharp
|-fail|p1a: Bisharp
|
|turn|21
|
|-curestatus|p1a: Bisharp|slp
|move|p1a: Bisharp|Knock Off|p2a: Heatran
|-damage|p2a: Heatran|212\/386
|-enditem|p2a: Heatran|Leftovers|[from] move: Knock Off|[of] p1a: Bisharp
|move|p2a: Heatran|Lava Plume|p1a: Bisharp
|-supereffective|p1a: Bisharp
|-damage|p1a: Bisharp|0 fnt
|faint|p1a: Bisharp
|
|
|switch|p1a: Azumarill|Azumarill, M|342\/342
|turn|22
|
|switch|p1a: Charizard|Charizard, F|359\/359
|switch|p2a: Amoonguss|Amoonguss, M|432\/432
|
|turn|23
|
|switch|p2a: Heatran|Heatran, F|212\/386
|detailschange|p1a: Charizard|Charizard-Mega-X, F
|message|Charizard has Mega Evolved into Mega Charizard!
|move|p1a: Charizard|Flare Blitz|p2a: Heatran
|-start|p2a: Heatran|ability: Flash Fire
|
|turn|24
|
|switch|p1a: Garchomp|Garchomp, F|291\/357 tox
|switch|p2a: Landorus-Therian|Landorus-Therian, M|382\/382
|-ability|p2a: Landorus-Therian|Intimidate|[of] p1a: Garchomp
|-unboost|p1a: Garchomp|atk|1
|
|-damage|p1a: Garchomp|269\/357 tox|[from] psn
|turn|25
|
|move|p1a: Garchomp|Stealth Rock|p2a: Landorus-Therian
|-sidestart|p2: lil manaphy|move: Stealth Rock
|move|p2a: Landorus-Therian|Stealth Rock|p1a: Garchomp
|-sidestart|p1: jacksonjack|move: Stealth Rock
|
|-damage|p1a: Garchomp|225\/357 tox|[from] psn
|turn|26
|
|move|p1a: Garchomp|Outrage|p2a: Landorus-Therian
|-crit|p2a: Landorus-Therian
|-damage|p2a: Landorus-Therian|148\/382
|move|p2a: Landorus-Therian|U-turn|p1a: Garchomp
|-damage|p1a: Garchomp|141\/357 tox
|-damage|p2a: Landorus-Therian|101\/382|[from] ability: Rough Skin|[of] p1a: Garchomp
|
|switch|p2a: Misty day|Gardevoir, F, shiny|277\/277
|-damage|p2a: Misty day|243\/277|[from] Stealth Rock
|-ability|p2a: Misty day|Rough Skin|[from] ability: Trace|[of] p1a: Garchomp
|
|-damage|p1a: Garchomp|75\/357 tox|[from] psn
|turn|27
|
|detailschange|p2a: Misty day|Gardevoir-Mega, F, shiny
|message|Gardevoir has Mega Evolved into Mega Gardevoir!
|move|p1a: Garchomp|Outrage|p2a: Misty day
|-immune|p2a: Misty day|[msg]
|move|p2a: Misty day|Hyper Voice|p1a: Garchomp
|-supereffective|p1a: Garchomp
|-damage|p1a: Garchomp|0 fnt
|faint|p1a: Garchomp
|
|
|switch|p1a: Azumarill|Azumarill, M|342\/342
|-damage|p1a: Azumarill|300\/342|[from] Stealth Rock
|turn|28
|
|switch|p2a: Amoonguss|Amoonguss, M|432\/432
|-damage|p2a: Amoonguss|378\/432|[from] Stealth Rock
|move|p1a: Azumarill|Play Rough|p2a: Amoonguss
|-crit|p2a: Amoonguss
|-resisted|p2a: Amoonguss
|-damage|p2a: Amoonguss|256\/432
|
|-heal|p2a: Amoonguss|283\/432|[from] item: Black Sludge
|turn|29
|
|switch|p1a: Breloom|Breloom, F|1\/261
|-damage|p1a: Breloom|0 fnt|[from] Stealth Rock
|faint|p1a: Breloom
|move|p2a: Amoonguss|Spore|p1: Breloom|[notarget]
|-notarget
|
|-heal|p2a: Amoonguss|310\/432|[from] item: Black Sludge
|
|switch|p1a: Charizard|Charizard-Mega-X, F|359\/359
|-damage|p1a: Charizard|270\/359|[from] Stealth Rock
|turn|30
|
|switch|p2a: Landorus-Therian|Landorus-Therian, M|101\/382
|-damage|p2a: Landorus-Therian|54\/382|[from] Stealth Rock
|-ability|p2a: Landorus-Therian|Intimidate|[of] p1a: Charizard
|-unboost|p1a: Charizard|atk|1
|move|p1a: Charizard|Dragon Claw|p2a: Landorus-Therian
|-damage|p2a: Landorus-Therian|0 fnt
|faint|p2a: Landorus-Therian
|
|
|switch|p2a: Misty day|Gardevoir-Mega, F, shiny|243\/277
|-damage|p2a: Misty day|209\/277|[from] Stealth Rock
|turn|31
|
|move|p2a: Misty day|Hyper Voice|p1a: Charizard
|-crit|p1a: Charizard
|-damage|p1a: Charizard|0 fnt
|faint|p1a: Charizard
|
|
|switch|p1a: Azumarill|Azumarill, M|300\/342
|-damage|p1a: Azumarill|258\/342|[from] Stealth Rock
|turn|32
|
|move|p2a: Misty day|Hyper Voice|p1a: Azumarill
|-damage|p1a: Azumarill|0 fnt
|faint|p1a: Azumarill
|
|win|lil manaphy
|raw|Ladder updating...