|join|jacksonjack
|join|neimoo
|player|p1|jacksonjack|80
|player|p2|neimoo|102
|gametype|singles
|gen|6
|tier|OU
|rated
|clearpoke
|poke|p1|Azumarill, F
|poke|p1|Talonflame, M
|poke|p1|Landorus-Therian, M
|poke|p1|Ferrothorn, F
|poke|p1|Heracross, F
|poke|p1|Latias, F
|poke|p2|Charizard, F, shiny
|poke|p2|Azumarill, M
|poke|p2|Tyranitar, M
|poke|p2|Florges, F
|poke|p2|Ampharos, F
|poke|p2|Skarmory, M
|rule|Swagger Clause: Swagger is banned
|rule|Baton Pass Clause: Limit one PokÃ©mon knowing Baton Pass
|rule|Sleep Clause Mod: Limit one foe put to sleep
|rule|Species Clause: Limit one of each PokÃ©mon
|rule|OHKO Clause: OHKO moves are banned
|rule|Moody Clause: Moody is banned
|rule|Evasion Moves Clause: Evasion moves are banned
|rule|Endless Battle Clause: Forcing endless battles is banned
|rule|HP Percentage Mod: HP is reported as percentages
|teampreview
|
|start
|switch|p1a: Heracross|Heracross, F|301\/301
|switch|p2a: Charizard|Charizard, F, shiny|297\/297
|turn|1
|
|switch|p1a: Latias|Latias, F|319\/319
|detailschange|p2a: Charizard|Charizard-Mega-Y, F, shiny
|message|Charizard has Mega Evolved into Mega Charizard!
|-weather|SunnyDay
|move|p2a: Charizard|Flamethrower|p1a: Latias
|-resisted|p1a: Latias
|-damage|p1a: Latias|204\/319
|-status|p1a: Latias|brn
|
|-weather|SunnyDay|[upkeep]
|-damage|p1a: Latias|165\/319 brn|[from] brn
|turn|2
|
|switch|p1a: Landorus-Therian|Landorus-Therian, M|369\/369
|-ability|p1a: Landorus-Therian|Intimidate|[of] p2a: Charizard
|-unboost|p2a: Charizard|atk|1
|switch|p2a: Florges|Florges, F|360\/360
|
|-weather|SunnyDay|[upkeep]
|turn|3
|
|move|p1a: Landorus-Therian|Stealth Rock|p2a: Florges
|-sidestart|p2: neimoo|move: Stealth Rock
|move|p2a: Florges|Moonblast|p1a: Landorus-Therian
|-damage|p1a: Landorus-Therian|231\/369
|-unboost|p1a: Landorus-Therian|spa|1
|
|-weather|SunnyDay|[upkeep]
|-heal|p1a: Landorus-Therian|254\/369|[from] item: Leftovers
|turn|4
|
|move|p1a: Landorus-Therian|U-turn|p2a: Florges
|-resisted|p2a: Florges
|-damage|p2a: Florges|324\/360
|
|switch|p1a: Azumarill|Azumarill, F|401\/401
|move|p2a: Florges|Moonblast|p1a: Azumarill
|-damage|p1a: Azumarill|311\/401
|
|-weather|SunnyDay|[upkeep]
|-heal|p2a: Florges|346\/360|[from] item: Leftovers
|turn|5
|
|switch|p2a: Skarmory|Skarmory, M|334\/334
|-damage|p2a: Skarmory|293\/334|[from] Stealth Rock
|move|p1a: Azumarill|Knock Off|p2a: Skarmory
|-damage|p2a: Skarmory|220\/334
|-damage|p1a: Azumarill|245\/401|[from] item: Rocky Helmet|[of] p2a: Skarmory
|-enditem|p2a: Skarmory|Rocky Helmet|[from] move: Knock Off|[of] p1a: Azumarill
|
|-weather|none
|turn|6
|
|switch|p1a: Talonflame|Talonflame, M|324\/324
|move|p2a: Skarmory|Defog|p1a: Talonflame
|-unboost|p1a: Talonflame|evasion|1
|-sideend|p2: neimoo|Stealth Rock|[from] move: Defog|[of] p2a: Skarmory
|
|turn|7
|
|switch|p1a: Heracross|Heracross, F|301\/301
|switch|p2a: Tyranitar|Tyranitar, M|404\/404
|-weather|Sandstorm
|
|-weather|Sandstorm|[upkeep]
|-damage|p1a: Heracross|283\/301|[from] sandstorm
|turn|8
|
|switch|p2a: Florges|Florges, F|346\/360
|detailschange|p1a: Heracross|Heracross-Mega, F
|message|Heracross has Mega Evolved into Mega Heracross!
|move|p1a: Heracross|Close Combat|p2a: Florges
|-resisted|p2a: Florges
|-damage|p2a: Florges|215\/360
|-unboost|p1a: Heracross|def|1
|-unboost|p1a: Heracross|spd|1
|
|-weather|Sandstorm|[upkeep]
|-damage|p1a: Heracross|265\/301|[from] sandstorm
|-damage|p2a: Florges|193\/360|[from] sandstorm
|-heal|p2a: Florges|215\/360|[from] item: Leftovers
|turn|9
|
|switch|p1a: Azumarill|Azumarill, F|245\/401
|move|p2a: Florges|Moonblast|p1a: Azumarill
|-damage|p1a: Azumarill|149\/401
|-unboost|p1a: Azumarill|spa|1
|
|-weather|Sandstorm|[upkeep]
|-damage|p2a: Florges|193\/360|[from] sandstorm
|-damage|p1a: Azumarill|124\/401|[from] sandstorm
|-heal|p2a: Florges|215\/360|[from] item: Leftovers
|turn|10
|
|move|p2a: Florges|Wish|p2a: Florges
|move|p1a: Azumarill|Waterfall|p2a: Florges
|-damage|p2a: Florges|62\/360
|
|-weather|Sandstorm|[upkeep]
|-damage|p2a: Florges|40\/360|[from] sandstorm
|-damage|p1a: Azumarill|99\/401|[from] sandstorm
|-heal|p2a: Florges|62\/360|[from] item: Leftovers
|turn|11
|
|switch|p1a: Talonflame|Talonflame, M|324\/324
|move|p2a: Florges|Protect|p2a: Florges
|-fail|p2a: Florges
|
|-weather|none
|-heal|p2a: Florges|242\/360|[from] move: Wish|[wisher] Florges
|-heal|p2a: Florges|264\/360|[from] item: Leftovers
|turn|12
|
|switch|p1a: Landorus-Therian|Landorus-Therian, M|254\/369
|-ability|p1a: Landorus-Therian|Intimidate|[of] p2a: Florges
|-unboost|p2a: Florges|atk|1
|move|p2a: Florges|Protect|p2a: Florges
|-fail|p2a: Florges
|
|-heal|p1a: Landorus-Therian|277\/369|[from] item: Leftovers
|-heal|p2a: Florges|286\/360|[from] item: Leftovers
|turn|13
|
|switch|p2a: Skarmory|Skarmory, M|220\/334
|move|p1a: Landorus-Therian|Stealth Rock|p2a: Skarmory
|-sidestart|p2: neimoo|move: Stealth Rock
|
|-heal|p1a: Landorus-Therian|300\/369|[from] item: Leftovers
|turn|14
|
|move|p1a: Landorus-Therian|U-turn|p2a: Skarmory
|-resisted|p2a: Skarmory
|-damage|p2a: Skarmory|209\/334
|
|switch|p1a: Heracross|Heracross-Mega, F|265\/301
|move|p2a: Skarmory|Defog|p1a: Heracross
|-unboost|p1a: Heracross|evasion|1
|-sideend|p2: neimoo|Stealth Rock|[from] move: Defog|[of] p2a: Skarmory
|
|turn|15
|
|move|p1a: Heracross|Swords Dance|p1a: Heracross
|-boost|p1a: Heracross|atk|2
|move|p2a: Skarmory|Roost|p2a: Skarmory
|-heal|p2a: Skarmory|334\/334
|
|turn|16
|
|move|p1a: Heracross|Rock Blast|p2a: Skarmory
|-damage|p2a: Skarmory|291\/334
|-damage|p2a: Skarmory|246\/334
|-crit|p2a: Skarmory
|-damage|p2a: Skarmory|178\/334
|-damage|p2a: Skarmory|133\/334
|-damage|p2a: Skarmory|87\/334
|-hitcount|p2a: Skarmory|5
|move|p2a: Skarmory|Brave Bird|p1a: Heracross
|-crit|p1a: Heracross
|-supereffective|p1a: Heracross
|-damage|p1a: Heracross|0 fnt
|-damage|p2a: Skarmory|0 fnt|[from] recoil|[of] p1a: Heracross
|faint|p1a: Heracross
|faint|p2a: Skarmory
|
|
|switch|p1a: Landorus-Therian|Landorus-Therian, M|300\/369
|switch|p2a: Azumarill|Azumarill, M|341\/341
|-ability|p1a: Landorus-Therian|Intimidate|[of] p2a: Azumarill
|-unboost|p2a: Azumarill|atk|1
|turn|17
|
|move|p1a: Landorus-Therian|Stealth Rock|p2a: Azumarill
|-sidestart|p2: neimoo|move: Stealth Rock
|move|p2a: Azumarill|Waterfall|p1a: Landorus-Therian
|-supereffective|p1a: Landorus-Therian
|-damage|p1a: Landorus-Therian|10\/369
|
|-heal|p1a: Landorus-Therian|33\/369|[from] item: Leftovers
|turn|18
|
|switch|p1a: Ferrothorn|Ferrothorn, F|352\/352
|switch|p2a: Florges|Florges, F|286\/360
|-damage|p2a: Florges|241\/360|[from] Stealth Rock
|
|-heal|p2a: Florges|263\/360|[from] item: Leftovers
|turn|19
|
|switch|p2a: Charizard|Charizard-Mega-Y, F, shiny|297\/297
|-damage|p2a: Charizard|149\/297|[from] Stealth Rock
|-weather|SunnyDay
|move|p1a: Ferrothorn|Leech Seed|p2a: Charizard
|-start|p2a: Charizard|move: Leech Seed
|
|-weather|SunnyDay|[upkeep]
|-damage|p2a: Charizard|112\/297|[from] Leech Seed|[of] p1a: Ferrothorn
|turn|20
|
|switch|p1a: Latias|Latias, F|165\/319 brn
|move|p2a: Charizard|Flamethrower|p1a: Latias
|-resisted|p1a: Latias
|-damage|p1a: Latias|54\/319 brn
|
|-weather|SunnyDay|[upkeep]
|-damage|p2a: Charizard|75\/297|[from] Leech Seed|[of] p1a: Latias
|-heal|p1a: Latias|91\/319 brn|[silent]
|-damage|p1a: Latias|52\/319 brn|[from] brn
|turn|21
|
|move|p1a: Latias|Roost|p1a: Latias
|-heal|p1a: Latias|212\/319 brn
|move|p2a: Charizard|Air Slash|p1a: Latias
|-damage|p1a: Latias|88\/319 brn
|
|-weather|SunnyDay|[upkeep]
|-damage|p2a: Charizard|38\/297|[from] Leech Seed|[of] p1a: Latias
|-heal|p1a: Latias|125\/319 brn|[silent]
|-damage|p1a: Latias|86\/319 brn|[from] brn
|turn|22
|
|move|p1a: Latias|Roost|p1a: Latias
|-heal|p1a: Latias|246\/319 brn
|move|p2a: Charizard|Air Slash|p1a: Latias
|-damage|p1a: Latias|128\/319 brn
|
|-weather|SunnyDay|[upkeep]
|-damage|p2a: Charizard|1\/297|[from] Leech Seed|[of] p1a: Latias
|-heal|p1a: Latias|165\/319 brn|[silent]
|-damage|p1a: Latias|126\/319 brn|[from] brn
|turn|23
|
|move|p1a: Latias|Roost|p1a: Latias
|-heal|p1a: Latias|286\/319 brn
|move|p2a: Charizard|Air Slash|p1a: Latias
|-crit|p1a: Latias
|-damage|p1a: Latias|99\/319 brn
|
|-weather|none
|-damage|p2a: Charizard|0 fnt|[from] Leech Seed|[of] p1a: Latias
|-heal|p1a: Latias|100\/319 brn|[silent]
|-damage|p1a: Latias|61\/319 brn|[from] brn
|faint|p2a: Charizard
|
|switch|p2a: Florges|Florges, F|263\/360
|-damage|p2a: Florges|218\/360|[from] Stealth Rock
|turn|24
|
|switch|p2a: Azumarill|Azumarill, M|341\/341
|-damage|p2a: Azumarill|299\/341|[from] Stealth Rock
|move|p1a: Latias|Roost|p1a: Latias
|-heal|p1a: Latias|221\/319 brn
|
|-damage|p1a: Latias|182\/319 brn|[from] brn
|turn|25
|
|switch|p1a: Landorus-Therian|Landorus-Therian, M|33\/369
|-ability|p1a: Landorus-Therian|Intimidate|[of] p2a: Azumarill
|-unboost|p2a: Azumarill|atk|1
|move|p2a: Azumarill|Play Rough|p1a: Landorus-Therian
|-damage|p1a: Landorus-Therian|0 fnt
|faint|p1a: Landorus-Therian
|
|
|switch|p1a: Talonflame|Talonflame, M|324\/324
|turn|26
|
|switch|p2a: Florges|Florges, F|218\/360
|-damage|p2a: Florges|173\/360|[from] Stealth Rock
|move|p1a: Talonflame|Swords Dance|p1a: Talonflame
|-boost|p1a: Talonflame|atk|2
|
|-heal|p2a: Florges|195\/360|[from] item: Leftovers
|turn|27
|
|move|p1a: Talonflame|Brave Bird|p2a: Florges
|-damage|p2a: Florges|0 fnt
|-damage|p1a: Talonflame|260\/324|[from] recoil|[of] p2a: Florges
|faint|p2a: Florges
|
|
|switch|p2a: Tyranitar|Tyranitar, M|404\/404
|-damage|p2a: Tyranitar|354\/404|[from] Stealth Rock
|-weather|Sandstorm
|turn|28
|
|switch|p1a: Ferrothorn|Ferrothorn, F|352\/352
|move|p2a: Tyranitar|Stone Edge|p1a: Ferrothorn
|-resisted|p1a: Ferrothorn
|-damage|p1a: Ferrothorn|274\/352
|
|-weather|Sandstorm|[upkeep]
|-heal|p2a: Tyranitar|379\/404|[from] item: Leftovers
|-heal|p1a: Ferrothorn|296\/352|[from] item: Leftovers
|turn|29
|
|move|p2a: Tyranitar|Fire Blast|p1a: Ferrothorn|[miss]
|-miss|p2a: Tyranitar|p1a: Ferrothorn
|move|p1a: Ferrothorn|Leech Seed|p2a: Tyranitar
|-start|p2a: Tyranitar|move: Leech Seed
|
|-weather|Sandstorm|[upkeep]
|-heal|p2a: Tyranitar|404\/404|[from] item: Leftovers
|-heal|p1a: Ferrothorn|318\/352|[from] item: Leftovers
|-damage|p2a: Tyranitar|354\/404|[from] Leech Seed|[of] p1a: Ferrothorn
|-heal|p1a: Ferrothorn|352\/352|[silent]
|turn|30
|
|move|p1a: Ferrothorn|Protect|p1a: Ferrothorn
|-singleturn|p1a: Ferrothorn|Protect
|move|p2a: Tyranitar|Fire Blast|p1a: Ferrothorn
|-activate|p1a: Ferrothorn|Protect
|
|-weather|Sandstorm|[upkeep]
|-heal|p2a: Tyranitar|379\/404|[from] item: Leftovers
|-damage|p2a: Tyranitar|329\/404|[from] Leech Seed|[of] p1a: Ferrothorn
|turn|31
|
|move|p2a: Tyranitar|Fire Blast|p1a: Ferrothorn
|-supereffective|p1a: Ferrothorn
|-damage|p1a: Ferrothorn|124\/352
|move|p1a: Ferrothorn|Gyro Ball|p2a: Tyranitar
|-supereffective|p2a: Tyranitar
|-damage|p2a: Tyranitar|227\/404
|
|-weather|Sandstorm|[upkeep]
|-heal|p2a: Tyranitar|252\/404|[from] item: Leftovers
|-heal|p1a: Ferrothorn|146\/352|[from] item: Leftovers
|-damage|p2a: Tyranitar|202\/404|[from] Leech Seed|[of] p1a: Ferrothorn
|-heal|p1a: Ferrothorn|196\/352|[silent]
|turn|32
|
|switch|p2a: Azumarill|Azumarill, M|299\/341
|-damage|p2a: Azumarill|257\/341|[from] Stealth Rock
|move|p1a: Ferrothorn|Protect|p1a: Ferrothorn
|-fail|p1a: Ferrothorn
|
|-weather|none
|-heal|p1a: Ferrothorn|218\/352|[from] item: Leftovers
|turn|33
|
|move|p2a: Azumarill|Superpower|p1a: Ferrothorn
|-supereffective|p1a: Ferrothorn
|-damage|p1a: Ferrothorn|0 fnt
|-damage|p2a: Azumarill|215\/341|[from] ability: Iron Barbs|[of] p1a: Ferrothorn
|-unboost|p2a: Azumarill|atk|1
|-unboost|p2a: Azumarill|def|1
|faint|p1a: Ferrothorn
|
|
|switch|p1a: Talonflame|Talonflame, M|260\/324
|turn|34
|
|switch|p2a: Tyranitar|Tyranitar, M|202\/404
|-damage|p2a: Tyranitar|152\/404|[from] Stealth Rock
|-weather|Sandstorm
|move|p1a: Talonflame|Swords Dance|p1a: Talonflame
|-boost|p1a: Talonflame|atk|2
|
|-weather|Sandstorm|[upkeep]
|-damage|p1a: Talonflame|240\/324|[from] sandstorm
|-heal|p2a: Tyranitar|177\/404|[from] item: Leftovers
|turn|35
|
|move|p1a: Talonflame|Brave Bird|p2a: Tyranitar
|-resisted|p2a: Tyranitar
|-damage|p2a: Tyranitar|14\/404
|-damage|p1a: Talonflame|186\/324|[from] recoil|[of] p2a: Tyranitar
|move|p2a: Tyranitar|Crunch|p1a: Talonflame
|-damage|p1a: Talonflame|0 fnt
|faint|p1a: Talonflame
|
|-weather|Sandstorm|[upkeep]
|-heal|p2a: Tyranitar|39\/404|[from] item: Leftovers
|
|switch|p1a: Azumarill|Azumarill, F|99\/401
|turn|36
|
|move|p1a: Azumarill|Aqua Jet|p2a: Tyranitar
|-supereffective|p2a: Tyranitar
|-damage|p2a: Tyranitar|0 fnt
|faint|p2a: Tyranitar
|
|-weather|Sandstorm|[upkeep]
|-damage|p1a: Azumarill|74\/401|[from] sandstorm
|
|switch|p2a: Azumarill|Azumarill, M|215\/341
|-damage|p2a: Azumarill|173\/341|[from] Stealth Rock
|turn|37
|
|move|p2a: Azumarill|Play Rough|p1a: Azumarill
|-damage|p1a: Azumarill|0 fnt
|faint|p1a: Azumarill
|
|-weather|Sandstorm|[upkeep]
|-damage|p2a: Azumarill|152\/341|[from] sandstorm
|
|switch|p1a: Latias|Latias, F|182\/319 brn
|turn|38
|
|move|p1a: Latias|Roost|p1a: Latias
|-heal|p1a: Latias|319\/319 brn
|move|p2a: Azumarill|Play Rough|p1a: Latias
|-supereffective|p1a: Latias
|-damage|p1a: Latias|0 fnt
|faint|p1a: Latias
|
|win|neimoo
|raw|Ladder updating...
|raw|jacksonjack's rating: 1679 &rarr; <strong>1655<\/strong><br \/>(-24 for losing)
|raw|neimoo's rating: 1599 &rarr; <strong>1623<\/strong><br \/>(+24 for winning)
|leave|jacksonjack
|player|p1
|leave|neimoo
|player|p2
|join|neimoo