|join|jacksonjack
|join|acase
|player|p1|jacksonjack|80
|player|p2|acase|169
|gametype|singles
|gen|6
|tier|OU
|rated
|clearpoke
|poke|p1|Excadrill, F
|poke|p1|Tyranitar, M
|poke|p1|Ferrothorn, M
|poke|p1|Clefable, F
|poke|p1|Thundurus, M
|poke|p1|Keldeo-Resolute
|poke|p2|Venusaur, M
|poke|p2|Tyranitar, F
|poke|p2|Sylveon, F
|poke|p2|Donphan, F
|poke|p2|Rotom-Wash
|poke|p2|Conkeldurr, F
|rule|Swagger Clause: Swagger is banned
|rule|Baton Pass Clause: Limit three PokÃ©mon knowing Baton Pass
|rule|Sleep Clause Mod: Limit one foe put to sleep
|rule|Species Clause: Limit one of each PokÃ©mon
|rule|OHKO Clause: OHKO moves are banned
|rule|Moody Clause: Moody is banned
|rule|Evasion Moves Clause: Evasion moves are banned
|rule|Endless Battle Clause: Forcing endless battles is banned
|rule|HP Percentage Mod: HP is reported as percentages
|teampreview
|
|start
|switch|p1a: Keldeo-Resolute|Keldeo-Resolute|323\/323
|switch|p2a: Rotom-Wash|Rotom-Wash|242\/242
|turn|1
|
|switch|p1a: Ferrothorn|Ferrothorn, M|352\/352
|move|p2a: Rotom-Wash|Volt Switch|p1a: Ferrothorn
|-resisted|p1a: Ferrothorn
|-damage|p1a: Ferrothorn|302\/352
|
|switch|p2a: Conkeldurr|Conkeldurr, F|414\/414
|
|-heal|p1a: Ferrothorn|324\/352|[from] item: Leftovers
|turn|2
|
|switch|p1a: Clefable|Clefable, F|394\/394
|move|p2a: Conkeldurr|Drain Punch|p1a: Clefable
|-resisted|p1a: Clefable
|-damage|p1a: Clefable|313\/394
|
|-heal|p1a: Clefable|337\/394|[from] item: Leftovers
|turn|3
|
|switch|p1a: Thundurus|Thundurus, M|300\/300
|switch|p2a: Sylveon|Sylveon, F|394\/394
|
|turn|4
|
|switch|p1a: Ferrothorn|Ferrothorn, M|324\/352
|switch|p2a: Rotom-Wash|Rotom-Wash|242\/242
|
|-heal|p1a: Ferrothorn|346\/352|[from] item: Leftovers
|turn|5
|
|switch|p1a: Clefable|Clefable, F|337\/394
|move|p2a: Rotom-Wash|Volt Switch|p1a: Clefable
|-crit|p1a: Clefable
|-damage|p1a: Clefable|129\/394
|
|switch|p2a: Venusaur|Venusaur, M|364\/364
|
|-heal|p1a: Clefable|153\/394|[from] item: Leftovers
|turn|6
|
|switch|p1a: Excadrill|Excadrill, F|362\/362
|-item|p1a: Excadrill|Air Balloon
|detailschange|p2a: Venusaur|Venusaur-Mega, M
|message|Venusaur has Mega Evolved into Mega Venusaur!
|move|p2a: Venusaur|Sludge Bomb|p1a: Excadrill
|-immune|p1a: Excadrill|[msg]
|
|turn|7
|
|move|p1a: Excadrill|Earthquake|p2a: Venusaur
|-damage|p2a: Venusaur|249\/364
|move|p2a: Venusaur|Giga Drain|p1a: Excadrill
|-damage|p1a: Excadrill|206\/362
|-heal|p2a: Venusaur|327\/364|[from] drain|[of] p1a: Excadrill
|-enditem|p1a: Excadrill|Air Balloon
|
|turn|8
|
|switch|p1a: Ferrothorn|Ferrothorn, M|346\/352
|move|p2a: Venusaur|Sleep Powder|p1a: Ferrothorn
|-fail|p1a: Ferrothorn
|
|-heal|p1a: Ferrothorn|352\/352|[from] item: Leftovers
|turn|9
|
|switch|p2a: Conkeldurr|Conkeldurr, F|414\/414
|move|p1a: Ferrothorn|Stealth Rock|p2a: Conkeldurr
|-sidestart|p2: acase|move: Stealth Rock
|
|turn|10
|
|switch|p2a: Venusaur|Venusaur-Mega, M|327\/364
|-damage|p2a: Venusaur|282\/364|[from] Stealth Rock
|switch|p1a: Clefable|Clefable, F|153\/394
|
|-heal|p1a: Clefable|177\/394|[from] item: Leftovers
|turn|11
|
|switch|p2a: Donphan|Donphan, F|384\/384
|-damage|p2a: Donphan|360\/384|[from] Stealth Rock
|switch|p1a: Ferrothorn|Ferrothorn, M|352\/352
|
|-heal|p2a: Donphan|384\/384|[from] item: Leftovers
|turn|12
|
|move|p2a: Donphan|Stealth Rock|p1a: Ferrothorn
|-sidestart|p1: jacksonjack|move: Stealth Rock
|move|p1a: Ferrothorn|Power Whip|p2a: Donphan
|-supereffective|p2a: Donphan
|-damage|p2a: Donphan|204\/384
|
|-heal|p2a: Donphan|228\/384|[from] item: Leftovers
|turn|13
|
|switch|p2a: Venusaur|Venusaur-Mega, M|282\/364
|-damage|p2a: Venusaur|237\/364|[from] Stealth Rock
|move|p1a: Ferrothorn|Leech Seed|p2a: Venusaur
|-immune|p2a: Venusaur|[msg]
|
|turn|14
|
|move|p2a: Venusaur|Synthesis|p2a: Venusaur
|-heal|p2a: Venusaur|364\/364
|move|p1a: Ferrothorn|Gyro Ball|p2a: Venusaur
|-damage|p2a: Venusaur|283\/364
|
|turn|15
|
|switch|p2a: Conkeldurr|Conkeldurr, F|414\/414
|-damage|p2a: Conkeldurr|389\/414|[from] Stealth Rock
|move|p1a: Ferrothorn|Gyro Ball|p2a: Conkeldurr
|-damage|p2a: Conkeldurr|301\/414
|
|turn|16
|
|switch|p1a: Clefable|Clefable, F|177\/394
|move|p2a: Conkeldurr|Fire Punch|p1a: Clefable
|-damage|p1a: Clefable|72\/394
|
|-heal|p1a: Clefable|96\/394|[from] item: Leftovers
|turn|17
|
|switch|p2a: Rotom-Wash|Rotom-Wash|242\/242
|-damage|p2a: Rotom-Wash|212\/242|[from] Stealth Rock
|move|p1a: Clefable|Soft-Boiled|p1a: Clefable
|-heal|p1a: Clefable|293\/394
|
|-heal|p1a: Clefable|317\/394|[from] item: Leftovers
|turn|18
|
|move|p2a: Rotom-Wash|Trick|p1a: Clefable
|-activate|p2a: Rotom-Wash|move: Trick|[of] p1a: Clefable
|-item|p1a: Clefable|Choice Scarf|[from] move: Trick
|-item|p2a: Rotom-Wash|Leftovers|[from] move: Trick
|move|p1a: Clefable|Calm Mind|p1a: Clefable
|-boost|p1a: Clefable|spa|1
|-boost|p1a: Clefable|spd|1
|
|-heal|p2a: Rotom-Wash|227\/242|[from] item: Leftovers
|turn|19
|
|move|p2a: Rotom-Wash|Volt Switch|p1a: Clefable
|-damage|p1a: Clefable|236\/394
|
|switch|p2a: Donphan|Donphan, F|228\/384
|-damage|p2a: Donphan|204\/384|[from] Stealth Rock
|move|p1a: Clefable|Calm Mind|p1a: Clefable
|-boost|p1a: Clefable|spa|1
|-boost|p1a: Clefable|spd|1
|
|-heal|p2a: Donphan|228\/384|[from] item: Leftovers
|turn|20
|
|switch|p1a: Keldeo-Resolute|Keldeo-Resolute|323\/323
|-damage|p1a: Keldeo-Resolute|303\/323|[from] Stealth Rock
|move|p2a: Donphan|Rapid Spin|p1a: Keldeo-Resolute
|-damage|p1a: Keldeo-Resolute|283\/323
|-sideend|p2: acase|Stealth Rock|[from] move: Rapid Spin|[of] p2a: Donphan
|
|-heal|p2a: Donphan|252\/384|[from] item: Leftovers
|turn|21
|
|switch|p2a: Rotom-Wash|Rotom-Wash|227\/242
|move|p1a: Keldeo-Resolute|Icy Wind|p2a: Rotom-Wash
|-resisted|p2a: Rotom-Wash
|-damage|p2a: Rotom-Wash|182\/242
|-unboost|p2a: Rotom-Wash|spe|1
|
|-heal|p2a: Rotom-Wash|197\/242|[from] item: Leftovers
|turn|22
|
|switch|p1a: Clefable|Clefable, F|236\/394
|move|p2a: Rotom-Wash|Volt Switch|p1a: Clefable
|-damage|p1a: Clefable|112\/394
|
|switch|p2a: Tyranitar|Tyranitar, F|404\/404
|-weather|Sandstorm
|
|-weather|Sandstorm|[upkeep]
|turn|23
|
|move|p1a: Clefable|Moonblast|p2a: Tyranitar
|-supereffective|p2a: Tyranitar
|-damage|p2a: Tyranitar|330\/404
|-unboost|p2a: Tyranitar|spa|1
|move|p2a: Tyranitar|Stone Edge|p1a: Clefable
|-damage|p1a: Clefable|0 fnt
|faint|p1a: Clefable
|
|-weather|Sandstorm|[upkeep]
|
|switch|p1a: Excadrill|Excadrill, F|206\/362
|-damage|p1a: Excadrill|195\/362|[from] Stealth Rock
|turn|24
|
|switch|p2a: Venusaur|Venusaur-Mega, M|283\/364
|move|p1a: Excadrill|Rapid Spin|p2a: Venusaur
|-damage|p2a: Venusaur|265\/364
|-sideend|p1: jacksonjack|Stealth Rock|[from] move: Rapid Spin|[of] p1a: Excadrill
|
|-weather|Sandstorm|[upkeep]
|-damage|p2a: Venusaur|243\/364|[from] sandstorm
|turn|25
|
|switch|p1a: Ferrothorn|Ferrothorn, M|352\/352
|switch|p2a: Conkeldurr|Conkeldurr, F|301\/414
|
|-weather|Sandstorm|[upkeep]
|-damage|p2a: Conkeldurr|276\/414|[from] sandstorm
|turn|26
|
|switch|p1a: Thundurus|Thundurus, M|300\/300
|move|p2a: Conkeldurr|Drain Punch|p1a: Thundurus
|-resisted|p1a: Thundurus
|-damage|p1a: Thundurus|166\/300
|-heal|p2a: Conkeldurr|343\/414|[from] drain|[of] p1a: Thundurus
|
|-weather|none
|turn|27
|
|switch|p2a: Tyranitar|Tyranitar, F|330\/404
|-weather|Sandstorm
|move|p1a: Thundurus|Psychic|p2a: Tyranitar
|-immune|p2a: Tyranitar|[msg]
|
|-weather|Sandstorm|[upkeep]
|-damage|p1a: Thundurus|148\/300|[from] sandstorm
|turn|28
|
|move|p2a: Tyranitar|Pursuit|p1a: Thundurus|[from]Pursuit
|-damage|p1a: Thundurus|0 fnt
|faint|p1a: Thundurus
|
|-weather|Sandstorm|[upkeep]
|
|switch|p1a: Tyranitar|Tyranitar, M|342\/342
|turn|29
|
|switch|p2a: Conkeldurr|Conkeldurr, F|343\/414
|detailschange|p1a: Tyranitar|Tyranitar-Mega, M
|message|Tyranitar has Mega Evolved into Mega Tyranitar!
|move|p1a: Tyranitar|Dragon Dance|p1a: Tyranitar
|-boost|p1a: Tyranitar|atk|1
|-boost|p1a: Tyranitar|spe|1
|
|-weather|Sandstorm|[upkeep]
|-damage|p2a: Conkeldurr|318\/414|[from] sandstorm
|turn|30
|
|move|p1a: Tyranitar|Earthquake|p2a: Conkeldurr
|-damage|p2a: Conkeldurr|113\/414
|move|p2a: Conkeldurr|Drain Punch|p1a: Tyranitar
|-supereffective|p1a: Tyranitar
|-damage|p1a: Tyranitar|0 fnt
|-heal|p2a: Conkeldurr|284\/414|[from] drain|[of] p1a: Tyranitar
|faint|p1a: Tyranitar
|
|-weather|Sandstorm|[upkeep]
|-damage|p2a: Conkeldurr|259\/414|[from] sandstorm
|
|switch|p1a: Keldeo-Resolute|Keldeo-Resolute|283\/323
|turn|31
|
|switch|p2a: Rotom-Wash|Rotom-Wash|197\/242
|move|p1a: Keldeo-Resolute|Hydro Pump|p2a: Rotom-Wash
|-resisted|p2a: Rotom-Wash
|-damage|p2a: Rotom-Wash|65\/242
|
|-weather|none
|-heal|p2a: Rotom-Wash|80\/242|[from] item: Leftovers
|turn|32
|
|move|p1a: Keldeo-Resolute|Hydro Pump|p2a: Rotom-Wash
|-resisted|p2a: Rotom-Wash
|-damage|p2a: Rotom-Wash|0 fnt
|faint|p2a: Rotom-Wash
|
|
|switch|p2a: Sylveon|Sylveon, F|394\/394
|turn|33
|
|switch|p1a: Ferrothorn|Ferrothorn, M|352\/352
|move|p2a: Sylveon|Wish|p2a: Sylveon
|
|turn|34
|
|switch|p2a: Conkeldurr|Conkeldurr, F|259\/414
|move|p1a: Ferrothorn|Stealth Rock|p2a: Conkeldurr
|-sidestart|p2: acase|move: Stealth Rock
|
|-heal|p2a: Conkeldurr|414\/414|[from] move: Wish|[wisher] Sylveon
|turn|35
|
|move|p2a: Conkeldurr|Drain Punch|p1a: Ferrothorn
|-supereffective|p1a: Ferrothorn
|-damage|p1a: Ferrothorn|116\/352
|-damage|p2a: Conkeldurr|363\/414|[from] ability: Iron Barbs|[of] p1a: Ferrothorn
|move|p1a: Ferrothorn|Gyro Ball|p2a: Conkeldurr
|-damage|p2a: Conkeldurr|273\/414
|
|-heal|p1a: Ferrothorn|138\/352|[from] item: Leftovers
|turn|36
|
|move|p2a: Conkeldurr|Drain Punch|p1a: Ferrothorn
|-supereffective|p1a: Ferrothorn
|-damage|p1a: Ferrothorn|0 fnt
|-heal|p2a: Conkeldurr|342\/414|[from] drain|[of] p1a: Ferrothorn
|-damage|p2a: Conkeldurr|291\/414|[from] ability: Iron Barbs|[of] p1a: Ferrothorn
|faint|p1a: Ferrothorn
|
|
|switch|p1a: Keldeo-Resolute|Keldeo-Resolute|283\/323
|turn|37
|
|move|p1a: Keldeo-Resolute|Hydro Pump|p2a: Conkeldurr
|-damage|p2a: Conkeldurr|30\/414
|move|p2a: Conkeldurr|Drain Punch|p1a: Keldeo-Resolute
|-damage|p1a: Keldeo-Resolute|72\/323
|-heal|p2a: Conkeldurr|136\/414|[from] drain|[of] p1a: Keldeo-Resolute
|
|turn|38
|
|move|p2a: Conkeldurr|Mach Punch|p1a: Keldeo-Resolute
|-damage|p1a: Keldeo-Resolute|0 fnt
|faint|p1a: Keldeo-Resolute
|
|
|switch|p1a: Excadrill|Excadrill, F|195\/362
|turn|39
|
|move|p2a: Conkeldurr|Mach Punch|p1a: Excadrill
|-supereffective|p1a: Excadrill
|-damage|p1a: Excadrill|0 fnt
|faint|p1a: Excadrill
|
|win|acase
|raw|Ladder updating...
|chat|acase|gg
|leave|jacksonjack
|player|p1
|raw|Ladder (probably) updated, but score could not be retrieved (timeout).
|raw|Ladder (probably) updated, but score could not be retrieved (Error: socket hang up).
|leave|acase
|player|p2
|join|acase