|join|blondey
|join|jacksonjack
|player|p1|blondey|190
|player|p2|jacksonjack|169
|gametype|singles
|gen|6
|tier|OU
|rated
|clearpoke
|poke|p1|Heatran, F
|poke|p1|Ferrothorn, F
|poke|p1|Gliscor, F
|poke|p1|Starmie
|poke|p1|Sableye, M
|poke|p1|Dragonite, M
|poke|p2|Garchomp, F
|poke|p2|Landorus-Therian, M
|poke|p2|Thundurus, M
|poke|p2|Metagross
|poke|p2|Gardevoir, M
|poke|p2|Keldeo-Resolute
|rule|Swagger Clause: Swagger is banned
|rule|Baton Pass Clause: Limit one PokÃ©mon knowing Baton Pass
|rule|Sleep Clause Mod: Limit one foe put to sleep
|rule|Species Clause: Limit one of each PokÃ©mon
|rule|OHKO Clause: OHKO moves are banned
|rule|Moody Clause: Moody is banned
|rule|Evasion Moves Clause: Evasion moves are banned
|rule|Endless Battle Clause: Forcing endless battles is banned
|rule|HP Percentage Mod: HP is shown in percentages
|teampreview
|
|start
|switch|p1a: Sableye|Sableye, M|304\/304
|switch|p2a: Garchomp|Garchomp, F|357\/357
|turn|1
|
|switch|p2a: Gardevoir|Gardevoir, M|277\/277
|-ability|p2a: Gardevoir|Keen Eye|[from] ability: Trace|[of] p1a: Sableye
|detailschange|p1a: Sableye|Sableye-Mega, M
|-mega|p1a: Sableye|Sableye|Sablenite
|move|p1a: Sableye|Will-O-Wisp|p2a: Gardevoir
|-status|p2a: Gardevoir|brn
|
|-damage|p2a: Gardevoir|243\/277 brn|[from] brn
|turn|2
|
|switch|p1a: Heatran|Heatran, F|385\/385
|move|p2a: Gardevoir|Focus Blast|p1a: Heatran|[miss]
|-miss|p2a: Gardevoir|p1a: Heatran
|
|-damage|p2a: Gardevoir|209\/277 brn|[from] brn
|turn|3
|
|switch|p2a: Keldeo-Resolute|Keldeo-Resolute|323\/323
|move|p1a: Heatran|Stealth Rock|p2a: Keldeo-Resolute
|-sidestart|p2: jacksonjack|move: Stealth Rock
|
|turn|4
|
|switch|p1a: Starmie|Starmie|323\/323
|move|p2a: Keldeo-Resolute|Hydro Pump|p1a: Starmie
|-resisted|p1a: Starmie
|-damage|p1a: Starmie|179\/323
|-damage|p2a: Keldeo-Resolute|291\/323|[from] item: Life Orb
|
|-heal|p1a: Starmie|199\/323|[from] item: Leftovers
|turn|5
|
|switch|p2a: Landorus-Therian|Landorus-Therian, M|319\/319
|-damage|p2a: Landorus-Therian|280\/319|[from] Stealth Rock
|-ability|p2a: Landorus-Therian|Intimidate|[of] p1a: Starmie
|-unboost|p1a: Starmie|atk|1
|move|p1a: Starmie|Toxic|p2a: Landorus-Therian
|-status|p2a: Landorus-Therian|tox
|
|-heal|p1a: Starmie|219\/323|[from] item: Leftovers
|-damage|p2a: Landorus-Therian|261\/319 tox|[from] psn
|turn|6
|
|switch|p1a: Sableye|Sableye-Mega, M|304\/304
|move|p2a: Landorus-Therian|U-turn|p1a: Sableye
|-damage|p1a: Sableye|246\/304
|
|switch|p2a: Gardevoir|Gardevoir, M|209\/277 brn
|-damage|p2a: Gardevoir|175\/277 brn|[from] Stealth Rock
|-ability|p2a: Gardevoir|Magic Bounce|[from] ability: Trace|[of] p1a: Sableye
|
|-damage|p2a: Gardevoir|141\/277 brn|[from] brn
|turn|7
|
|switch|p1a: Heatran|Heatran, F|385\/385
|move|p2a: Gardevoir|Focus Blast|p1a: Heatran
|-supereffective|p1a: Heatran
|-damage|p1a: Heatran|115\/385
|-damage|p2a: Gardevoir|114\/277 brn|[from] item: Life Orb
|
|-heal|p1a: Heatran|139\/385|[from] item: Leftovers
|-damage|p2a: Gardevoir|80\/277 brn|[from] brn
|turn|8
|
|move|p1a: Heatran|Protect|p1a: Heatran
|-singleturn|p1a: Heatran|Protect
|move|p2a: Gardevoir|Moonblast|p1a: Heatran
|-activate|p1a: Heatran|Protect
|
|-heal|p1a: Heatran|163\/385|[from] item: Leftovers
|-damage|p2a: Gardevoir|46\/277 brn|[from] brn
|turn|9
|
|move|p2a: Gardevoir|Focus Blast|p1a: Heatran
|-supereffective|p1a: Heatran
|-damage|p1a: Heatran|0 fnt
|-damage|p2a: Gardevoir|19\/277 brn|[from] item: Life Orb
|faint|p1a: Heatran
|
|-damage|p2a: Gardevoir|0 fnt|[from] brn
|faint|p2a: Gardevoir
|
|switch|p2a: Garchomp|Garchomp, F|357\/357
|switch|p1a: Ferrothorn|Ferrothorn, F|352\/352
|-damage|p2a: Garchomp|335\/357|[from] Stealth Rock
|turn|10
|
|switch|p1a: Sableye|Sableye-Mega, M|246\/304
|move|p2a: Garchomp|Fire Blast|p1a: Sableye
|-damage|p1a: Sableye|185\/304
|
|turn|11
|
|switch|p2a: Keldeo-Resolute|Keldeo-Resolute|291\/323
|-damage|p2a: Keldeo-Resolute|271\/323|[from] Stealth Rock
|move|p1a: Sableye|Recover|p1a: Sableye
|-heal|p1a: Sableye|304\/304
|
|turn|12
|
|switch|p1a: Starmie|Starmie|219\/323
|move|p2a: Keldeo-Resolute|Icy Wind|p1a: Starmie
|-resisted|p1a: Starmie
|-damage|p1a: Starmie|176\/323
|-unboost|p1a: Starmie|spe|1
|-damage|p2a: Keldeo-Resolute|239\/323|[from] item: Life Orb
|
|-heal|p1a: Starmie|196\/323|[from] item: Leftovers
|turn|13
|
|move|p2a: Keldeo-Resolute|Secret Sword|p1a: Starmie
|-resisted|p1a: Starmie
|-damage|p1a: Starmie|79\/323
|-damage|p2a: Keldeo-Resolute|207\/323|[from] item: Life Orb
|move|p1a: Starmie|Toxic|p2a: Keldeo-Resolute|[miss]
|-miss|p1a: Starmie|p2a: Keldeo-Resolute
|
|-heal|p1a: Starmie|99\/323|[from] item: Leftovers
|turn|14
|
|switch|p1a: Dragonite|Dragonite, M|323\/323
|move|p2a: Keldeo-Resolute|Scald|p1a: Dragonite
|-resisted|p1a: Dragonite
|-damage|p1a: Dragonite|276\/323
|-damage|p2a: Keldeo-Resolute|175\/323|[from] item: Life Orb
|
|turn|15
|
|switch|p2a: Garchomp|Garchomp, F|335\/357
|-damage|p2a: Garchomp|313\/357|[from] Stealth Rock
|switch|p1a: Starmie|Starmie|99\/323
|
|-heal|p1a: Starmie|119\/323|[from] item: Leftovers
|turn|16
|
|switch|p1a: Sableye|Sableye-Mega, M|304\/304
|move|p2a: Garchomp|Dragon Claw|p1a: Sableye
|-damage|p1a: Sableye|214\/304
|
|turn|17
|
|switch|p2a: Keldeo-Resolute|Keldeo-Resolute|175\/323
|-damage|p2a: Keldeo-Resolute|155\/323|[from] Stealth Rock
|move|p1a: Sableye|Will-O-Wisp|p2a: Keldeo-Resolute
|-status|p2a: Keldeo-Resolute|brn
|
|-damage|p2a: Keldeo-Resolute|115\/323 brn|[from] brn
|turn|18
|
|move|p2a: Keldeo-Resolute|Hydro Pump|p1a: Sableye
|-damage|p1a: Sableye|0 fnt
|-damage|p2a: Keldeo-Resolute|83\/323 brn|[from] item: Life Orb
|faint|p1a: Sableye
|
|-damage|p2a: Keldeo-Resolute|43\/323 brn|[from] brn
|
|switch|p1a: Starmie|Starmie|119\/323
|turn|19
|
|move|p1a: Starmie|Scald|p2a: Keldeo-Resolute
|-resisted|p2a: Keldeo-Resolute
|-damage|p2a: Keldeo-Resolute|0 fnt
|faint|p2a: Keldeo-Resolute
|
|-heal|p1a: Starmie|139\/323|[from] item: Leftovers
|
|switch|p2a: Landorus-Therian|Landorus-Therian, M|261\/319 tox
|-damage|p2a: Landorus-Therian|222\/319 tox|[from] Stealth Rock
|-ability|p2a: Landorus-Therian|Intimidate|[of] p1a: Starmie
|-unboost|p1a: Starmie|atk|1
|turn|20
|
|switch|p1a: Ferrothorn|Ferrothorn, F|352\/352
|move|p2a: Landorus-Therian|U-turn|p1a: Ferrothorn
|-damage|p1a: Ferrothorn|290\/352
|-damage|p2a: Landorus-Therian|183\/319 tox|[from] ability: Iron Barbs|[of] p1a: Ferrothorn
|
|switch|p2a: Garchomp|Garchomp, F|313\/357
|-damage|p2a: Garchomp|291\/357|[from] Stealth Rock
|
|-heal|p1a: Ferrothorn|312\/352|[from] item: Leftovers
|turn|21
|
|switch|p1a: Gliscor|Gliscor, F|352\/352
|move|p2a: Garchomp|Stealth Rock|p1a: Gliscor
|-sidestart|p1: blondey|move: Stealth Rock
|
|-status|p1a: Gliscor|tox|[from] item: Toxic Orb
|turn|22
|
|move|p2a: Garchomp|Dragon Claw|p1a: Gliscor
|-damage|p1a: Gliscor|241\/352 tox
|move|p1a: Gliscor|Swords Dance|p1a: Gliscor
|-boost|p1a: Gliscor|atk|2
|
|-heal|p1a: Gliscor|285\/352 tox|[from] ability: Poison Heal
|turn|23
|
|move|p2a: Garchomp|Dragon Claw|p1a: Gliscor
|-damage|p1a: Gliscor|165\/352 tox
|move|p1a: Gliscor|Roost|p1a: Gliscor
|-heal|p1a: Gliscor|341\/352 tox
|
|-heal|p1a: Gliscor|352\/352 tox|[from] ability: Poison Heal
|turn|24
|
|move|p2a: Garchomp|Dragon Claw|p1a: Gliscor
|-damage|p1a: Gliscor|243\/352 tox
|move|p1a: Gliscor|Earthquake|p2a: Garchomp
|-damage|p2a: Garchomp|47\/357
|
|-heal|p1a: Gliscor|287\/352 tox|[from] ability: Poison Heal
|turn|25
|
|move|p2a: Garchomp|Dragon Claw|p1a: Gliscor
|-damage|p1a: Gliscor|161\/352 tox
|move|p1a: Gliscor|Roost|p1a: Gliscor
|-heal|p1a: Gliscor|337\/352 tox
|
|-heal|p1a: Gliscor|352\/352 tox|[from] ability: Poison Heal
|turn|26
|
|move|p2a: Garchomp|Dragon Claw|p1a: Gliscor
|-damage|p1a: Gliscor|226\/352 tox
|move|p1a: Gliscor|Earthquake|p2a: Garchomp
|-damage|p2a: Garchomp|0 fnt
|faint|p2a: Garchomp
|
|-heal|p1a: Gliscor|270\/352 tox|[from] ability: Poison Heal
|
|switch|p2a: Thundurus|Thundurus, M|299\/299
|-damage|p2a: Thundurus|225\/299|[from] Stealth Rock
|turn|27
|
|switch|p1a: Starmie|Starmie|139\/323
|-damage|p1a: Starmie|99\/323|[from] Stealth Rock
|move|p2a: Thundurus|Focus Blast|p1a: Starmie
|-resisted|p1a: Starmie
|-damage|p1a: Starmie|0 fnt
|-damage|p2a: Thundurus|196\/299|[from] item: Life Orb
|faint|p1a: Starmie
|
|
|switch|p1a: Dragonite|Dragonite, M|276\/323
|-damage|p1a: Dragonite|196\/323|[from] Stealth Rock
|turn|28
|
|switch|p2a: Landorus-Therian|Landorus-Therian, M|183\/319 tox
|-damage|p2a: Landorus-Therian|144\/319 tox|[from] Stealth Rock
|-ability|p2a: Landorus-Therian|Intimidate|[of] p1a: Dragonite
|-unboost|p1a: Dragonite|atk|1
|move|p1a: Dragonite|Extreme Speed|p2a: Landorus-Therian
|-damage|p2a: Landorus-Therian|29\/319 tox
|
|-damage|p2a: Landorus-Therian|10\/319 tox|[from] psn
|turn|29
|
|move|p1a: Dragonite|Extreme Speed|p2a: Landorus-Therian
|-damage|p2a: Landorus-Therian|0 fnt
|faint|p2a: Landorus-Therian
|
|
|switch|p2a: Metagross|Metagross|301\/301
|-damage|p2a: Metagross|283\/301|[from] Stealth Rock
|turn|30
|
|switch|p1a: Gliscor|Gliscor, F|270\/352 tox
|-damage|p1a: Gliscor|226\/352 tox|[from] Stealth Rock
|detailschange|p2a: Metagross|Metagross-Mega
|-mega|p2a: Metagross|Metagross|Metagrossite
|move|p2a: Metagross|Hammer Arm|p1a: Gliscor
|-resisted|p1a: Gliscor
|-damage|p1a: Gliscor|153\/352 tox
|-unboost|p2a: Metagross|spe|1
|
|-heal|p1a: Gliscor|197\/352 tox|[from] ability: Poison Heal
|turn|31
|
|move|p1a: Gliscor|Roost|p1a: Gliscor
|-heal|p1a: Gliscor|352\/352 tox
|move|p2a: Metagross|Meteor Mash|p1a: Gliscor
|-damage|p1a: Gliscor|175\/352 tox
|-boost|p2a: Metagross|atk|1
|
|-heal|p1a: Gliscor|219\/352 tox|[from] ability: Poison Heal
|turn|32
|
|move|p1a: Gliscor|Earthquake|p2a: Metagross
|-supereffective|p2a: Metagross
|-damage|p2a: Metagross|103\/301
|move|p2a: Metagross|Meteor Mash|p1a: Gliscor
|-damage|p1a: Gliscor|0 fnt
|faint|p1a: Gliscor
|
|
|switch|p1a: Dragonite|Dragonite, M|196\/323
|-damage|p1a: Dragonite|116\/323|[from] Stealth Rock
|turn|33
|
|move|p1a: Dragonite|Fire Punch|p2a: Metagross
|-supereffective|p2a: Metagross
|-damage|p2a: Metagross|0 fnt
|faint|p2a: Metagross
|
|
|switch|p2a: Thundurus|Thundurus, M|196\/299
|-damage|p2a: Thundurus|122\/299|[from] Stealth Rock
|turn|34
|
|switch|p1a: Ferrothorn|Ferrothorn, F|312\/352
|-damage|p1a: Ferrothorn|290\/352|[from] Stealth Rock
|move|p2a: Thundurus|Focus Blast|p1a: Ferrothorn
|-supereffective|p1a: Ferrothorn
|-damage|p1a: Ferrothorn|12\/352
|-damage|p2a: Thundurus|93\/299|[from] item: Life Orb
|
|-heal|p1a: Ferrothorn|34\/352|[from] item: Leftovers
|turn|35
|
|move|p2a: Thundurus|Hidden Power|p1a: Ferrothorn
|-crit|p1a: Ferrothorn
|-damage|p1a: Ferrothorn|0 fnt
|-damage|p2a: Thundurus|64\/299|[from] item: Life Orb
|faint|p1a: Ferrothorn
|
|
|switch|p1a: Dragonite|Dragonite, M|116\/323
|-damage|p1a: Dragonite|36\/323|[from] Stealth Rock
|turn|36
|
|move|p1a: Dragonite|Extreme Speed|p2a: Thundurus
|-damage|p2a: Thundurus|0 fnt
|faint|p2a: Thundurus
|
|win|blondey
|raw|Ladder updating...
|raw|blondey's rating: 1595 &rarr; <strong>1613<\/strong><br \/>(+18 for winning)
|raw|jacksonjack's rating: 1558 &rarr; <strong>1540<\/strong><br \/>(-18 for losing)
|leave|jacksonjack
|c|âblondey|gg