|join|jacksonjack
|join|yuna28
|player|p1|jacksonjack|1
|player|p2|yuna28|192
|gametype|singles
|gen|6
|tier|OU
|rated
|clearpoke
|poke|p1|Metagross
|poke|p1|Talonflame, F
|poke|p1|Latios, M
|poke|p1|Gliscor, F
|poke|p1|Ferrothorn, F
|poke|p1|Clefable, M
|poke|p2|Weavile, F
|poke|p2|Charizard, F
|poke|p2|Raikou
|poke|p2|Manaphy
|poke|p2|Jirachi
|poke|p2|Mew
|rule|Swagger Clause: Swagger is banned
|rule|Baton Pass Clause: Limit one PokÃ©mon knowing Baton Pass
|rule|Sleep Clause Mod: Limit one foe put to sleep
|rule|Species Clause: Limit one of each PokÃ©mon
|rule|OHKO Clause: OHKO moves are banned
|rule|Moody Clause: Moody is banned
|rule|Evasion Moves Clause: Evasion moves are banned
|rule|Endless Battle Clause: Forcing endless battles is banned
|rule|HP Percentage Mod: HP is shown in percentages
|teampreview
|
|start
|switch|p1a: Gliscor|Gliscor, F|352\/352
|switch|p2a: Charizard|Charizard, F|297\/297
|turn|1
|
|switch|p1a: Latios|Latios, M|299\/299
|detailschange|p2a: Charizard|Charizard-Mega-Y, F
|-mega|p2a: Charizard|Charizard|Charizardite Y
|-weather|SunnyDay
|move|p2a: Charizard|Fire Blast|p1a: Latios
|-resisted|p1a: Latios
|-damage|p1a: Latios|154\/299
|
|-weather|SunnyDay|[upkeep]
|turn|2
|
|switch|p2a: Jirachi|Jirachi|404\/404
|move|p1a: Latios|Draco Meteor|p2a: Jirachi
|-resisted|p2a: Jirachi
|-damage|p2a: Jirachi|300\/404
|-unboost|p1a: Latios|spa|2
|-damage|p1a: Latios|125\/299|[from] item: Life Orb
|
|-weather|SunnyDay|[upkeep]
|-heal|p2a: Jirachi|325\/404|[from] item: Leftovers
|turn|3
|
|switch|p1a: Gliscor|Gliscor, F|352\/352
|move|p2a: Jirachi|Wish|p2a: Jirachi
|
|-weather|SunnyDay|[upkeep]
|-heal|p2a: Jirachi|350\/404|[from] item: Leftovers
|-status|p1a: Gliscor|tox|[from] item: Toxic Orb
|turn|4
|
|switch|p1a: Latios|Latios, M|125\/299
|switch|p2a: Manaphy|Manaphy|391\/391
|
|-weather|SunnyDay|[upkeep]
|turn|5
|
|move|p1a: Latios|Roost|p1a: Latios
|-heal|p1a: Latios|275\/299
|move|p2a: Manaphy|Tail Glow|p2a: Manaphy
|-boost|p2a: Manaphy|spa|3
|
|-weather|none
|turn|6
|
|move|p1a: Latios|Psyshock|p2a: Manaphy
|-damage|p2a: Manaphy|188\/391
|-damage|p1a: Latios|246\/299|[from] item: Life Orb
|move|p2a: Manaphy|Rain Dance|p2a: Manaphy
|-weather|RainDance
|
|-weather|RainDance|[upkeep]
|-heal|p2a: Manaphy|212\/391|[from] item: Leftovers
|turn|7
|
|move|p1a: Latios|Draco Meteor|p2a: Manaphy
|-damage|p2a: Manaphy|0 fnt
|-unboost|p1a: Latios|spa|2
|-damage|p1a: Latios|217\/299|[from] item: Life Orb
|faint|p2a: Manaphy
|
|-weather|RainDance|[upkeep]
|
|switch|p2a: Weavile|Weavile, F|281\/281
|-ability|p2a: Weavile|Pressure
|turn|8
|
|move|p2a: Weavile|Knock Off|p1a: Latios
|-supereffective|p1a: Latios
|-damage|p1a: Latios|0 fnt
|-enditem|p1a: Latios|Life Orb|[from] move: Knock Off|[of] p2a: Weavile
|-damage|p2a: Weavile|253\/281|[from] item: Life Orb
|faint|p1a: Latios
|
|-weather|RainDance|[upkeep]
|
|switch|p1a: Talonflame|Talonflame, F|319\/319
|turn|9
|
|switch|p2a: Jirachi|Jirachi|350\/404
|move|p1a: Talonflame|Brave Bird|p2a: Jirachi
|-resisted|p2a: Jirachi
|-damage|p2a: Jirachi|263\/404
|-damage|p1a: Talonflame|290\/319|[from] recoil|[of] p2a: Jirachi
|
|-weather|RainDance|[upkeep]
|-heal|p2a: Jirachi|288\/404|[from] item: Leftovers
|turn|10
|
|move|p1a: Talonflame|Swords Dance|p1a: Talonflame
|-boost|p1a: Talonflame|atk|2
|move|p2a: Jirachi|Wish|p2a: Jirachi
|
|-weather|none
|-heal|p2a: Jirachi|313\/404|[from] item: Leftovers
|turn|11
|
|move|p1a: Talonflame|Flare Blitz|p2a: Jirachi
|-supereffective|p2a: Jirachi
|-damage|p2a: Jirachi|0 fnt
|-damage|p1a: Talonflame|187\/319|[from] recoil|[of] p2a: Jirachi
|faint|p2a: Jirachi
|
|
|switch|p2a: Raikou|Raikou|321\/321
|-ability|p2a: Raikou|Pressure
|turn|12
|
|move|p1a: Talonflame|Flare Blitz|p2a: Raikou
|-damage|p2a: Raikou|0 fnt
|-damage|p1a: Talonflame|81\/319|[from] recoil|[of] p2a: Raikou
|faint|p2a: Raikou
|
|
|switch|p2a: Mew|Mew|404\/404
|turn|13
|
|move|p1a: Talonflame|Roost|p1a: Talonflame
|-heal|p1a: Talonflame|241\/319
|move|p2a: Mew|Stealth Rock|p1a: Talonflame
|-sidestart|p1: jacksonjack|move: Stealth Rock
|
|turn|14
|
|move|p1a: Talonflame|Swords Dance|p1a: Talonflame
|-boost|p1a: Talonflame|atk|2
|move|p2a: Mew|Thunder Wave|p1a: Talonflame
|-status|p1a: Talonflame|par
|
|turn|15
|
|move|p1a: Talonflame|Brave Bird|p2a: Mew
|-damage|p2a: Mew|35\/404
|-damage|p1a: Talonflame|119\/319 par|[from] recoil|[of] p2a: Mew
|move|p2a: Mew|Drain Punch|p1a: Talonflame
|-resisted|p1a: Talonflame
|-damage|p1a: Talonflame|78\/319 par
|-heal|p2a: Mew|56\/404|[from] drain|[of] p1a: Talonflame
|
|-heal|p2a: Mew|81\/404|[from] item: Leftovers
|turn|16
|
|move|p1a: Talonflame|Brave Bird|p2a: Mew
|-damage|p2a: Mew|0 fnt
|-damage|p1a: Talonflame|51\/319 par|[from] recoil|[of] p2a: Mew
|faint|p2a: Mew
|
|
|switch|p2a: Weavile|Weavile, F|253\/281
|-ability|p2a: Weavile|Pressure
|turn|17
|
|move|p2a: Weavile|Knock Off|p1a: Talonflame
|-damage|p1a: Talonflame|0 fnt
|-enditem|p1a: Talonflame|Sharp Beak|[from] move: Knock Off|[of] p2a: Weavile
|-damage|p2a: Weavile|225\/281|[from] item: Life Orb
|faint|p1a: Talonflame
|
|
|switch|p1a: Clefable|Clefable, M|394\/394
|turn|18
|
|move|p2a: Weavile|Poison Jab|p1a: Clefable
|-supereffective|p1a: Clefable
|-damage|p1a: Clefable|186\/394
|-damage|p2a: Weavile|197\/281|[from] item: Life Orb
|move|p1a: Clefable|Calm Mind|p1a: Clefable
|-boost|p1a: Clefable|spa|1
|-boost|p1a: Clefable|spd|1
|
|-heal|p1a: Clefable|210\/394|[from] item: Leftovers
|turn|19
|
|move|p2a: Weavile|Poison Jab|p1a: Clefable
|-supereffective|p1a: Clefable
|-damage|p1a: Clefable|18\/394
|-status|p1a: Clefable|psn
|-damage|p2a: Weavile|169\/281|[from] item: Life Orb
|move|p1a: Clefable|Soft-Boiled|p1a: Clefable
|-heal|p1a: Clefable|215\/394 psn
|
|-heal|p1a: Clefable|239\/394 psn|[from] item: Leftovers
|turn|20
|
|move|p2a: Weavile|Poison Jab|p1a: Clefable
|-crit|p1a: Clefable
|-supereffective|p1a: Clefable
|-damage|p1a: Clefable|0 fnt
|-damage|p2a: Weavile|141\/281|[from] item: Life Orb
|faint|p1a: Clefable
|
|
|switch|p1a: Ferrothorn|Ferrothorn, F|352\/352
|-damage|p1a: Ferrothorn|330\/352|[from] Stealth Rock
|turn|21
|
|move|p2a: Weavile|Low Kick|p1a: Ferrothorn
|-supereffective|p1a: Ferrothorn
|-damage|p1a: Ferrothorn|112\/352
|-damage|p2a: Weavile|106\/281|[from] ability: Iron Barbs|[of] p1a: Ferrothorn
|-damage|p2a: Weavile|78\/281|[from] item: Life Orb
|move|p1a: Ferrothorn|Stealth Rock|p2a: Weavile
|-sidestart|p2: yuna28|move: Stealth Rock
|
|-heal|p1a: Ferrothorn|134\/352|[from] item: Leftovers
|turn|22
|
|move|p2a: Weavile|Poison Jab|p1a: Ferrothorn
|-immune|p1a: Ferrothorn|[msg]
|move|p1a: Ferrothorn|Leech Seed|p2a: Weavile
|-start|p2a: Weavile|move: Leech Seed
|
|-heal|p1a: Ferrothorn|156\/352|[from] item: Leftovers
|-damage|p2a: Weavile|43\/281|[from] Leech Seed|[of] p1a: Ferrothorn
|-heal|p1a: Ferrothorn|191\/352|[silent]
|turn|23
|
|switch|p1a: Metagross|Metagross|301\/301
|-damage|p1a: Metagross|283\/301|[from] Stealth Rock
|move|p2a: Weavile|Low Kick|p1a: Metagross
|-damage|p1a: Metagross|127\/301
|-damage|p2a: Weavile|15\/281|[from] item: Life Orb
|
|-damage|p2a: Weavile|0 fnt|[from] Leech Seed|[of] p1a: Metagross
|-heal|p1a: Metagross|142\/301|[silent]
|faint|p2a: Weavile
|
|switch|p2a: Charizard|Charizard-Mega-Y, F|297\/297
|-damage|p2a: Charizard|149\/297|[from] Stealth Rock
|-weather|SunnyDay
|turn|24
|
|detailschange|p1a: Metagross|Metagross-Mega
|-mega|p1a: Metagross|Metagross|Metagrossite
|move|p2a: Charizard|Fire Blast|p1a: Metagross
|-supereffective|p1a: Metagross
|-damage|p1a: Metagross|0 fnt
|faint|p1a: Metagross
|
|-weather|SunnyDay|[upkeep]
|
|switch|p1a: Ferrothorn|Ferrothorn, F|191\/352
|-damage|p1a: Ferrothorn|169\/352|[from] Stealth Rock
|turn|25
|
|move|p2a: Charizard|Fire Blast|p1a: Ferrothorn
|-supereffective|p1a: Ferrothorn
|-damage|p1a: Ferrothorn|0 fnt
|faint|p1a: Ferrothorn
|
|-weather|SunnyDay|[upkeep]
|
|switch|p1a: Gliscor|Gliscor, F|352\/352 tox
|-damage|p1a: Gliscor|308\/352 tox|[from] Stealth Rock
|turn|26
|
|move|p2a: Charizard|Fire Blast|p1a: Gliscor
|-damage|p1a: Gliscor|17\/352 tox
|move|p1a: Gliscor|Roost|p1a: Gliscor
|-heal|p1a: Gliscor|193\/352 tox
|
|-weather|SunnyDay|[upkeep]
|-heal|p1a: Gliscor|237\/352 tox|[from] ability: Poison Heal
|turn|27
|c|âyuna28|gg
|
|move|p2a: Charizard|Fire Blast|p1a: Gliscor
|-crit|p1a: Gliscor
|-damage|p1a: Gliscor|0 fnt
|faint|p1a: Gliscor
|
|win|yuna28
|raw|Ladder updating...
|raw|jacksonjack's rating: 1699 &rarr; <strong>1676<\/strong><br \/>(-23 for losing)
|raw|yuna28's rating: 1662 &rarr; <strong>1684<\/strong><br \/>(+22 for winning)
|c|âjacksonjack|lol
|c|âyuna28|I never miss fireblast
|leave|jacksonjack
|c|âyuna28|ever
|join|jacksonjack
|leave|jacksonjack
|player|p1