|join|jacksonjack
|join|lil manaphy
|player|p1|jacksonjack|80
|player|p2|lil manaphy|34
|gametype|singles
|gen|6
|tier|OU (suspect test)
|rated
|clearpoke
|poke|p1|Garchomp, F
|poke|p1|Keldeo
|poke|p1|Scizor, F
|poke|p1|Bisharp, F
|poke|p1|Latios, M
|poke|p1|Landorus-Therian, M
|poke|p2|Diancie
|poke|p2|Ferrothorn, M
|poke|p2|Wobbuffet, M
|poke|p2|Landorus-Therian, M
|poke|p2|Conkeldurr, F
|poke|p2|Mandibuzz, F
|rule|Swagger Clause: Swagger is banned
|rule|Baton Pass Clause: Limit one PokÃ©mon knowing Baton Pass
|rule|Sleep Clause Mod: Limit one foe put to sleep
|rule|Species Clause: Limit one of each PokÃ©mon
|rule|OHKO Clause: OHKO moves are banned
|rule|Moody Clause: Moody is banned
|rule|Evasion Moves Clause: Evasion moves are banned
|rule|Endless Battle Clause: Forcing endless battles is banned
|rule|HP Percentage Mod: HP is shown in percentages
|teampreview
|
|start
|switch|p1a: Bisharp|Bisharp, F|271\/271
|switch|p2a: Landorus-Therian|Landorus-Therian, M|382\/382
|-ability|p2a: Landorus-Therian|Intimidate|[of] p1a: Bisharp
|-unboost|p1a: Bisharp|atk|1
|-boost|p1a: Bisharp|atk|2|[from] ability: Defiant
|turn|1
|
|move|p1a: Bisharp|Iron Head|p2a: Landorus-Therian
|-crit|p2a: Landorus-Therian
|-damage|p2a: Landorus-Therian|69\/382
|-damage|p1a: Bisharp|244\/271|[from] item: Life Orb
|move|p2a: Landorus-Therian|Earthquake|p1a: Bisharp
|-supereffective|p1a: Bisharp
|-damage|p1a: Bisharp|0 fnt
|faint|p1a: Bisharp
|
|-heal|p2a: Landorus-Therian|92\/382|[from] item: Leftovers
|
|switch|p1a: Garchomp|Garchomp, F|357\/357
|turn|2
|join|jake5
|
|switch|p2a: Mandibuzz|Mandibuzz, F|424\/424
|move|p1a: Garchomp|Dragon Claw|p2a: Mandibuzz
|-damage|p2a: Mandibuzz|330\/424
|
|-heal|p2a: Mandibuzz|356\/424|[from] item: Leftovers
|turn|3
|join|Yuttt.ttttt
|
|switch|p1a: Keldeo|Keldeo|323\/323
|move|p2a: Mandibuzz|Foul Play|p1a: Keldeo
|-crit|p1a: Keldeo
|-resisted|p1a: Keldeo
|-damage|p1a: Keldeo|264\/323
|-boost|p1a: Keldeo|atk|1|[from] ability: Justified
|
|-heal|p2a: Mandibuzz|382\/424|[from] item: Leftovers
|turn|4
|join|xtraDOLLARshine
|join|habajiga
|c| Yuttt.ttttt|O_O STYLISH
|
|switch|p2a: Ferrothorn|Ferrothorn, M|352\/352
|move|p1a: Keldeo|Hydro Pump|p2a: Ferrothorn
|-resisted|p2a: Ferrothorn
|-damage|p2a: Ferrothorn|258\/352
|-damage|p1a: Keldeo|232\/323|[from] item: Life Orb
|
|turn|5
|c| Yuttt.ttttt|i am so cool now!
|
|switch|p2a: Wobbuffet|Wobbuffet, M|528\/528
|move|p1a: Keldeo|Scald|p2a: Wobbuffet
|-damage|p2a: Wobbuffet|310\/528
|-damage|p1a: Keldeo|200\/323|[from] item: Life Orb
|
|-heal|p2a: Wobbuffet|343\/528|[from] item: Leftovers
|turn|6
|join|A2tehBR
|
|move|p1a: Keldeo|Hydro Pump|p2a: Wobbuffet
|-damage|p2a: Wobbuffet|74\/528
|-damage|p1a: Keldeo|168\/323|[from] item: Life Orb
|move|p2a: Wobbuffet|Mirror Coat|p1a: Keldeo
|-damage|p1a: Keldeo|0 fnt
|faint|p1a: Keldeo
|
|-heal|p2a: Wobbuffet|107\/528|[from] item: Leftovers
|
|switch|p1a: Scizor|Scizor, F|286\/286
|turn|7
|
|detailschange|p1a: Scizor|Scizor-Mega, F
|-mega|p1a: Scizor|Scizor|Scizorite
|move|p1a: Scizor|Bug Bite|p2a: Wobbuffet
|-supereffective|p2a: Wobbuffet
|-damage|p2a: Wobbuffet|0 fnt
|faint|p2a: Wobbuffet
|
|
|switch|p2a: Mandibuzz|Mandibuzz, F|382\/424
|turn|8
|
|switch|p1a: Garchomp|Garchomp, F|357\/357
|move|p2a: Mandibuzz|Foul Play|p1a: Garchomp
|-damage|p1a: Garchomp|177\/357
|-damage|p2a: Mandibuzz|329\/424|[from] ability: Rough Skin|[of] p1a: Garchomp
|
|-heal|p2a: Mandibuzz|355\/424|[from] item: Leftovers
|turn|9
|
|move|p1a: Garchomp|Stealth Rock|p2a: Mandibuzz
|-sidestart|p2: lil manaphy|move: Stealth Rock
|move|p2a: Mandibuzz|Foul Play|p1a: Garchomp
|-damage|p1a: Garchomp|0 fnt
|-damage|p2a: Mandibuzz|302\/424|[from] ability: Rough Skin|[of] p1a: Garchomp
|faint|p1a: Garchomp
|
|-heal|p2a: Mandibuzz|328\/424|[from] item: Leftovers
|
|switch|p1a: Latios|Latios, M|302\/302
|turn|10
|
|switch|p2a: Ferrothorn|Ferrothorn, M|258\/352
|-damage|p2a: Ferrothorn|236\/352|[from] Stealth Rock
|move|p1a: Latios|Thunderbolt|p2a: Ferrothorn
|-resisted|p2a: Ferrothorn
|-damage|p2a: Ferrothorn|179\/352
|-status|p2a: Ferrothorn|par
|-damage|p1a: Latios|272\/302|[from] item: Life Orb
|
|turn|11
|
|switch|p1a: Landorus-Therian|Landorus-Therian, M|325\/325
|-ability|p1a: Landorus-Therian|Intimidate|[of] p2a: Ferrothorn
|-unboost|p2a: Ferrothorn|atk|1
|cant|p2a: Ferrothorn|par
|
|turn|12
|c| A2tehBR|lucky and good!
|
|move|p1a: Landorus-Therian|Superpower|p2a: Ferrothorn
|-supereffective|p2a: Ferrothorn
|-damage|p2a: Ferrothorn|0 fnt
|-damage|p1a: Landorus-Therian|285\/325|[from] ability: Iron Barbs|[of] p2a: Ferrothorn
|-unboost|p1a: Landorus-Therian|atk|1
|-unboost|p1a: Landorus-Therian|def|1
|faint|p2a: Ferrothorn
|
|c| A2tehBR|i think lando lives
|
|switch|p2a: Mandibuzz|Mandibuzz, F|328\/424
|-damage|p2a: Mandibuzz|222\/424|[from] Stealth Rock
|turn|13
|c| A2tehBR|manaphy
|
|move|p1a: Landorus-Therian|Superpower|p2a: Mandibuzz
|-damage|p2a: Mandibuzz|148\/424
|-unboost|p1a: Landorus-Therian|atk|1
|-unboost|p1a: Landorus-Therian|def|1
|move|p2a: Mandibuzz|Roost|p2a: Mandibuzz
|-heal|p2a: Mandibuzz|360\/424
|
|-heal|p2a: Mandibuzz|386\/424|[from] item: Leftovers
|turn|14
|
|switch|p1a: Latios|Latios, M|272\/302
|move|p2a: Mandibuzz|Defog|p1a: Latios
|-unboost|p1a: Latios|evasion|1
|-sideend|p2: lil manaphy|Stealth Rock|[from] move: Defog|[of] p2a: Mandibuzz
|
|-heal|p2a: Mandibuzz|412\/424|[from] item: Leftovers
|turn|15
|
|switch|p2a: Landorus-Therian|Landorus-Therian, M|92\/382
|-ability|p2a: Landorus-Therian|Intimidate|[of] p1a: Latios
|-unboost|p1a: Latios|atk|1
|move|p1a: Latios|Thunderbolt|p2a: Landorus-Therian
|-immune|p2a: Landorus-Therian|[msg]
|
|-heal|p2a: Landorus-Therian|115\/382|[from] item: Leftovers
|turn|16
|
|move|p1a: Latios|Psyshock|p2a: Landorus-Therian
|-damage|p2a: Landorus-Therian|0 fnt
|-damage|p1a: Latios|242\/302|[from] item: Life Orb
|faint|p2a: Landorus-Therian
|
|
|switch|p2a: Diancie|Diancie|241\/241
|turn|17
|
|switch|p1a: Landorus-Therian|Landorus-Therian, M|285\/325
|-ability|p1a: Landorus-Therian|Intimidate|[of] p2a: Diancie
|-fail|p2a: Diancie|unboost|[from] ability: Clear Body|[of] p2a: Diancie
|detailschange|p2a: Diancie|Diancie-Mega
|-mega|p2a: Diancie|Diancie|Diancite
|move|p2a: Diancie|Moonblast|p1a: Landorus-Therian
|-damage|p1a: Landorus-Therian|36\/325
|-unboost|p1a: Landorus-Therian|spa|1
|
|turn|18
|
|switch|p2a: Conkeldurr|Conkeldurr, F|352\/352
|move|p1a: Landorus-Therian|Stone Edge|p2a: Conkeldurr|[miss]
|-miss|p1a: Landorus-Therian|p2a: Conkeldurr
|
|turn|19
|c| jake5|lol doesnt send out zor ok
|
|move|p1a: Landorus-Therian|Stone Edge|p2a: Conkeldurr
|-resisted|p2a: Conkeldurr
|-damage|p2a: Conkeldurr|287\/352
|move|p2a: Conkeldurr|Drain Punch|p1a: Landorus-Therian
|-resisted|p1a: Landorus-Therian
|-damage|p1a: Landorus-Therian|0 fnt
|-heal|p2a: Conkeldurr|305\/352|[from] drain|[of] p1a: Landorus-Therian
|faint|p1a: Landorus-Therian
|
|
|switch|p1a: Latios|Latios, M|242\/302
|turn|20
|
|move|p1a: Latios|Psyshock|p2a: Conkeldurr
|-supereffective|p2a: Conkeldurr
|-damage|p2a: Conkeldurr|0 fnt
|-damage|p1a: Latios|212\/302|[from] item: Life Orb
|faint|p2a: Conkeldurr
|
|
|switch|p2a: Diancie|Diancie-Mega|241\/241
|turn|21
|
|move|p2a: Diancie|Moonblast|p1a: Latios
|-supereffective|p1a: Latios
|-damage|p1a: Latios|0 fnt
|faint|p1a: Latios
|
|
|switch|p1a: Scizor|Scizor-Mega, F|286\/286
|turn|22
|c| habajiga|..........
|c| A2tehBR|what
|c| A2tehBR|haba
|
|move|p2a: Diancie|Ancient Power|p1a: Scizor
|-damage|p1a: Scizor|153\/286
|-boost|p2a: Diancie|atk|1
|-boost|p2a: Diancie|def|1
|-boost|p2a: Diancie|spa|1
|-boost|p2a: Diancie|spd|1
|-boost|p2a: Diancie|spe|1
|move|p1a: Scizor|Swords Dance|p1a: Scizor
|-boost|p1a: Scizor|atk|2
|
|turn|23
|c| A2tehBR|ah
|c| A2tehBR|live the bp
|
|move|p1a: Scizor|Bullet Punch|p2a: Diancie
|-supereffective|p2a: Diancie
|-damage|p2a: Diancie|0 fnt
|faint|p2a: Diancie
|
|c| A2tehBR|u can do it
|c| jake5|why didnt this man switch to zor
|
|switch|p2a: Mandibuzz|Mandibuzz, F|412\/424
|turn|24
|c| jake5|crit it
|
|move|p1a: Scizor|Bug Bite|p2a: Mandibuzz
|-damage|p2a: Mandibuzz|141\/424
|move|p2a: Mandibuzz|Foul Play|p1a: Scizor
|-damage|p1a: Scizor|0 fnt
|faint|p1a: Scizor
|
|win|lil manaphy
|raw|Ladder updating...
|raw|jacksonjack's rating: 1554 &rarr; <strong>1526<\/strong><br \/>(-28 for losing)
|raw|lil manaphy's rating: 1415 &rarr; <strong>1443<\/strong><br \/>(+28 for winning)