|join|jacksonjack
|join|Alakabamm
|player|p1|jacksonjack|80
|player|p2|Alakabamm|1
|gametype|singles
|gen|6
|tier|OU (suspect test)
|rated
|clearpoke
|poke|p1|Garchomp, F
|poke|p1|Keldeo
|poke|p1|Scizor, F
|poke|p1|Bisharp, F
|poke|p1|Latios, M
|poke|p1|Landorus-Therian, M
|poke|p2|Bisharp, F
|poke|p2|Sylveon, F
|poke|p2|Conkeldurr, M
|poke|p2|Manectric, F
|poke|p2|Latios, M
|poke|p2|Landorus-Therian, M
|rule|Swagger Clause: Swagger is banned
|rule|Baton Pass Clause: Limit one PokÃ©mon knowing Baton Pass
|rule|Sleep Clause Mod: Limit one foe put to sleep
|rule|Species Clause: Limit one of each PokÃ©mon
|rule|OHKO Clause: OHKO moves are banned
|rule|Moody Clause: Moody is banned
|rule|Evasion Moves Clause: Evasion moves are banned
|rule|Endless Battle Clause: Forcing endless battles is banned
|rule|HP Percentage Mod: HP is shown in percentages
|teampreview
|join|jake5
|
|start
|switch|p1a: Landorus-Therian|Landorus-Therian, M|325\/325
|switch|p2a: Landorus-Therian|Landorus-Therian, M|382\/382
|-ability|p1a: Landorus-Therian|Intimidate|[of] p2a: Landorus-Therian
|-unboost|p2a: Landorus-Therian|atk|1
|-ability|p2a: Landorus-Therian|Intimidate|[of] p1a: Landorus-Therian
|-unboost|p1a: Landorus-Therian|atk|1
|turn|1
|
|move|p1a: Landorus-Therian|U-turn|p2a: Landorus-Therian
|-resisted|p2a: Landorus-Therian
|-damage|p2a: Landorus-Therian|360\/382
|
|switch|p1a: Keldeo|Keldeo|323\/323
|move|p2a: Landorus-Therian|Stealth Rock|p1a: Keldeo
|-sidestart|p1: jacksonjack|move: Stealth Rock
|
|-heal|p2a: Landorus-Therian|382\/382|[from] item: Leftovers
|turn|2
|
|switch|p2a: Sylveon|Sylveon, F|394\/394
|move|p1a: Keldeo|Scald|p2a: Sylveon
|-damage|p2a: Sylveon|252\/394
|-damage|p1a: Keldeo|291\/323|[from] item: Life Orb
|
|-heal|p2a: Sylveon|276\/394|[from] item: Leftovers
|turn|3
|
|switch|p1a: Scizor|Scizor, F|286\/286
|-damage|p1a: Scizor|251\/286|[from] Stealth Rock
|switch|p2a: Manectric|Manectric, F|282\/282
|
|turn|4
|
|switch|p1a: Latios|Latios, M|302\/302
|-damage|p1a: Latios|265\/302|[from] Stealth Rock
|detailschange|p2a: Manectric|Manectric-Mega, F
|-mega|p2a: Manectric|Manectric|Manectite
|-ability|p2a: Manectric|Intimidate|[of] p1a: Latios
|-unboost|p1a: Latios|atk|1
|move|p2a: Manectric|Volt Switch|p1a: Latios
|-resisted|p1a: Latios
|-damage|p1a: Latios|208\/302
|
|switch|p2a: Sylveon|Sylveon, F|276\/394
|
|-heal|p2a: Sylveon|300\/394|[from] item: Leftovers
|turn|5
|
|move|p1a: Latios|Psyshock|p2a: Sylveon
|-damage|p2a: Sylveon|128\/394
|-damage|p1a: Latios|178\/302|[from] item: Life Orb
|move|p2a: Sylveon|Wish|p2a: Sylveon
|
|-heal|p2a: Sylveon|152\/394|[from] item: Leftovers
|turn|6
|
|switch|p1a: Scizor|Scizor, F|251\/286
|-damage|p1a: Scizor|216\/286|[from] Stealth Rock
|move|p2a: Sylveon|Hyper Voice|p1a: Scizor
|-resisted|p1a: Scizor
|-damage|p1a: Scizor|127\/286
|
|-heal|p2a: Sylveon|349\/394|[from] move: Wish|[wisher] Sylveon
|-heal|p2a: Sylveon|373\/394|[from] item: Leftovers
|turn|7
|
|switch|p2a: Landorus-Therian|Landorus-Therian, M|382\/382
|-ability|p2a: Landorus-Therian|Intimidate|[of] p1a: Scizor
|-unboost|p1a: Scizor|atk|1
|detailschange|p1a: Scizor|Scizor-Mega, F
|-mega|p1a: Scizor|Scizor|Scizorite
|move|p1a: Scizor|Swords Dance|p1a: Scizor
|-boost|p1a: Scizor|atk|2
|
|turn|8
|
|switch|p2a: Manectric|Manectric-Mega, F|282\/282
|-ability|p2a: Manectric|Intimidate|[of] p1a: Scizor
|-unboost|p1a: Scizor|atk|1
|move|p1a: Scizor|Bullet Punch|p2a: Manectric
|-crit|p2a: Manectric
|-resisted|p2a: Manectric
|-damage|p2a: Manectric|169\/282
|
|turn|9
|
|move|p1a: Scizor|Bullet Punch|p2a: Manectric
|-resisted|p2a: Manectric
|-damage|p2a: Manectric|92\/282
|move|p2a: Manectric|Volt Switch|p1a: Scizor
|-damage|p1a: Scizor|0 fnt
|faint|p1a: Scizor
|
|switch|p2a: Latios|Latios, M|301\/301
|
|
|switch|p1a: Landorus-Therian|Landorus-Therian, M|325\/325
|-damage|p1a: Landorus-Therian|285\/325|[from] Stealth Rock
|-ability|p1a: Landorus-Therian|Intimidate|[of] p2a: Latios
|-unboost|p2a: Latios|atk|1
|turn|10
|
|switch|p2a: Landorus-Therian|Landorus-Therian, M|382\/382
|-ability|p2a: Landorus-Therian|Intimidate|[of] p1a: Landorus-Therian
|-unboost|p1a: Landorus-Therian|atk|1
|move|p1a: Landorus-Therian|U-turn|p2a: Landorus-Therian
|-resisted|p2a: Landorus-Therian
|-damage|p2a: Landorus-Therian|358\/382
|
|switch|p1a: Keldeo|Keldeo|291\/323
|-damage|p1a: Keldeo|271\/323|[from] Stealth Rock
|
|-heal|p2a: Landorus-Therian|381\/382|[from] item: Leftovers
|turn|11
|
|switch|p1a: Bisharp|Bisharp, F|271\/271
|-damage|p1a: Bisharp|255\/271|[from] Stealth Rock
|switch|p2a: Conkeldurr|Conkeldurr, M|414\/414
|
|turn|12
|c|âAlakabamm|EZ
|
|switch|p1a: Garchomp|Garchomp, F|357\/357
|-damage|p1a: Garchomp|335\/357|[from] Stealth Rock
|move|p2a: Conkeldurr|Knock Off|p1a: Garchomp
|-damage|p1a: Garchomp|204\/357
|-damage|p2a: Conkeldurr|363\/414|[from] ability: Rough Skin|[of] p1a: Garchomp
|-enditem|p1a: Garchomp|Focus Sash|[from] move: Knock Off|[of] p2a: Conkeldurr
|
|turn|13
|
|move|p1a: Garchomp|Stealth Rock|p2a: Conkeldurr
|-sidestart|p2: Alakabamm|move: Stealth Rock
|move|p2a: Conkeldurr|Ice Punch|p1a: Garchomp
|-supereffective|p1a: Garchomp
|-damage|p1a: Garchomp|0 fnt
|-damage|p2a: Conkeldurr|312\/414|[from] ability: Rough Skin|[of] p1a: Garchomp
|faint|p1a: Garchomp
|
|
|switch|p1a: Latios|Latios, M|178\/302
|-damage|p1a: Latios|141\/302|[from] Stealth Rock
|turn|14
|
|switch|p2a: Bisharp|Bisharp, F|272\/272
|-damage|p2a: Bisharp|255\/272|[from] Stealth Rock
|move|p1a: Latios|Draco Meteor|p2a: Bisharp
|-resisted|p2a: Bisharp
|-damage|p2a: Bisharp|67\/272
|-unboost|p1a: Latios|spa|2
|-damage|p1a: Latios|111\/302|[from] item: Life Orb
|
|turn|15
|
|move|p1a: Latios|Thunderbolt|p2a: Bisharp
|-damage|p2a: Bisharp|0 fnt
|-damage|p1a: Latios|81\/302|[from] item: Life Orb
|faint|p2a: Bisharp
|
|
|switch|p2a: Sylveon|Sylveon, F|373\/394
|-damage|p2a: Sylveon|324\/394|[from] Stealth Rock
|turn|16
|
|move|p1a: Latios|Psyshock|p2a: Sylveon
|-damage|p2a: Sylveon|230\/394
|-damage|p1a: Latios|51\/302|[from] item: Life Orb
|move|p2a: Sylveon|Wish|p2a: Sylveon
|
|-heal|p2a: Sylveon|254\/394|[from] item: Leftovers
|turn|17
|
|move|p1a: Latios|Psyshock|p2a: Sylveon
|-damage|p2a: Sylveon|172\/394
|-damage|p1a: Latios|21\/302|[from] item: Life Orb
|move|p2a: Sylveon|Hyper Voice|p1a: Latios
|-supereffective|p1a: Latios
|-damage|p1a: Latios|0 fnt
|faint|p1a: Latios
|
|-heal|p2a: Sylveon|369\/394|[from] move: Wish|[wisher] Sylveon
|-heal|p2a: Sylveon|393\/394|[from] item: Leftovers
|
|switch|p1a: Bisharp|Bisharp, F|255\/271
|-damage|p1a: Bisharp|239\/271|[from] Stealth Rock
|turn|18
|
|move|p1a: Bisharp|Iron Head|p2a: Sylveon
|-supereffective|p2a: Sylveon
|-damage|p2a: Sylveon|81\/394
|-damage|p1a: Bisharp|212\/271|[from] item: Life Orb
|cant|p2a: Sylveon|flinch
|
|-heal|p2a: Sylveon|105\/394|[from] item: Leftovers
|turn|19
|
|move|p1a: Bisharp|Iron Head|p2a: Sylveon
|-supereffective|p2a: Sylveon
|-damage|p2a: Sylveon|0 fnt
|-damage|p1a: Bisharp|185\/271|[from] item: Life Orb
|faint|p2a: Sylveon
|
|
|switch|p2a: Conkeldurr|Conkeldurr, M|312\/414
|-damage|p2a: Conkeldurr|287\/414|[from] Stealth Rock
|turn|20
|
|switch|p1a: Landorus-Therian|Landorus-Therian, M|285\/325
|-damage|p1a: Landorus-Therian|245\/325|[from] Stealth Rock
|-ability|p1a: Landorus-Therian|Intimidate|[of] p2a: Conkeldurr
|-unboost|p2a: Conkeldurr|atk|1
|move|p2a: Conkeldurr|Drain Punch|p1a: Landorus-Therian
|-resisted|p1a: Landorus-Therian
|-damage|p1a: Landorus-Therian|191\/325
|-heal|p2a: Conkeldurr|314\/414|[from] drain|[of] p1a: Landorus-Therian
|
|turn|21
|
|switch|p2a: Landorus-Therian|Landorus-Therian, M|381\/382
|-damage|p2a: Landorus-Therian|334\/382|[from] Stealth Rock
|-ability|p2a: Landorus-Therian|Intimidate|[of] p1a: Landorus-Therian
|-unboost|p1a: Landorus-Therian|atk|1
|move|p1a: Landorus-Therian|Earthquake|p2a: Landorus-Therian
|-immune|p2a: Landorus-Therian|[msg]
|
|-heal|p2a: Landorus-Therian|357\/382|[from] item: Leftovers
|turn|22
|
|move|p1a: Landorus-Therian|Earthquake|p2a: Landorus-Therian
|-immune|p2a: Landorus-Therian|[msg]
|move|p2a: Landorus-Therian|U-turn|p1a: Landorus-Therian
|-resisted|p1a: Landorus-Therian
|-damage|p1a: Landorus-Therian|153\/325
|
|switch|p2a: Latios|Latios, M|301\/301
|-damage|p2a: Latios|264\/301|[from] Stealth Rock
|
|turn|23
|
|move|p1a: Landorus-Therian|Earthquake|p2a: Latios
|-immune|p2a: Latios|[msg]
|move|p2a: Latios|Draco Meteor|p1a: Landorus-Therian
|-damage|p1a: Landorus-Therian|0 fnt
|-unboost|p2a: Latios|spa|2
|-damage|p2a: Latios|234\/301|[from] item: Life Orb
|faint|p1a: Landorus-Therian
|
|
|switch|p1a: Bisharp|Bisharp, F|185\/271
|-damage|p1a: Bisharp|169\/271|[from] Stealth Rock
|turn|24
|
|move|p2a: Latios|Earthquake|p1a: Bisharp
|-supereffective|p1a: Bisharp
|-damage|p1a: Bisharp|0 fnt
|-damage|p2a: Latios|204\/301|[from] item: Life Orb
|faint|p1a: Bisharp
|
|
|switch|p1a: Keldeo|Keldeo|271\/323
|-damage|p1a: Keldeo|251\/323|[from] Stealth Rock
|turn|25
|c|âAlakabamm|B8
|
|move|p2a: Latios|Psyshock|p1a: Keldeo
|-supereffective|p1a: Keldeo
|-damage|p1a: Keldeo|56\/323
|-damage|p2a: Latios|174\/301|[from] item: Life Orb
|move|p1a: Keldeo|Icy Wind|p2a: Latios
|-supereffective|p2a: Latios
|-damage|p2a: Latios|18\/301
|-unboost|p2a: Latios|spe|1
|-damage|p1a: Keldeo|24\/323|[from] item: Life Orb
|
|turn|26
|
|move|p1a: Keldeo|Secret Sword|p2a: Latios
|-resisted|p2a: Latios
|-damage|p2a: Latios|0 fnt
|-damage|p1a: Keldeo|0 fnt|[from] item: Life Orb
|faint|p2a: Latios
|faint|p1a: Keldeo
|
|win|Alakabamm
|raw|Ladder updating...
|raw|jacksonjack's rating: 1556 &rarr; <strong>1527<\/strong><br \/>(-29 for losing)
|raw|Alakabamm's rating: 1400 &rarr; <strong>1428<\/strong><br \/>(+28 for winning)
|c|âAlakabamm|gg
|leave|jacksonjack
|player|p1