|join|jacksonjack
|join|Reverend
|player|p1|jacksonjack|80
|player|p2|Reverend|135
|gametype|singles
|gen|6
|tier|OU (suspect test)
|rated
|clearpoke
|poke|p1|Garchomp, F
|poke|p1|Keldeo
|poke|p1|Scizor, F
|poke|p1|Bisharp, F
|poke|p1|Latios, M
|poke|p1|Landorus-Therian, M
|poke|p2|Houndoom, M
|poke|p2|Latias, F
|poke|p2|Azumarill, M
|poke|p2|Ferrothorn, M
|poke|p2|Keldeo
|poke|p2|Scizor, M
|rule|Swagger Clause: Swagger is banned
|rule|Baton Pass Clause: Limit one PokÃ©mon knowing Baton Pass
|rule|Sleep Clause Mod: Limit one foe put to sleep
|rule|Species Clause: Limit one of each PokÃ©mon
|rule|OHKO Clause: OHKO moves are banned
|rule|Moody Clause: Moody is banned
|rule|Evasion Moves Clause: Evasion moves are banned
|rule|Endless Battle Clause: Forcing endless battles is banned
|rule|HP Percentage Mod: HP is shown in percentages
|teampreview
|join|MushyMooo
|c| MushyMooo|IT'S YOU~ YAY!
|
|start
|switch|p1a: Landorus-Therian|Landorus-Therian, M|325\/325
|switch|p2a: Eddie Murphy|Keldeo|323\/323
|-ability|p1a: Landorus-Therian|Intimidate|[of] p2a: Eddie Murphy
|-unboost|p2a: Eddie Murphy|atk|1
|turn|1
|join|gene mafia 2015
|c|âReverend|<3
|c| gene mafia 2015|XD!
|c| gene mafia 2015|ive never seen this team before
|c| MushyMooo|TAT
|c|âReverend|your names are the same color
|
|switch|p1a: Latios|Latios, M|302\/302
|move|p2a: Eddie Murphy|Icy Wind|p1a: Latios
|-supereffective|p1a: Latios
|-damage|p1a: Latios|132\/302
|-unboost|p1a: Latios|spe|1
|
|turn|2
|c|âReverend|this is a tragedy
|c| gene mafia 2015|shit they're the same color
|c| gene mafia 2015|rev is this your gf
|c| gene mafia 2015|i can get chaos to change color of your name
|c| MushyMooo|ground fire?
|c| gene mafia 2015|spoiler: no i cant
|c|âReverend|I wish mine was regal purple
|c| gene mafia 2015|actually on my main
|
|switch|p2a: Wanna be your dog|Houndoom, M|291\/291
|switch|p1a: Scizor|Scizor, F|286\/286
|
|turn|3
|c| gene mafia 2015|i have the objective best color
|c| gene mafia 2015|its true
|
|switch|p1a: Keldeo|Keldeo|323\/323
|detailschange|p2a: Wanna be your dog|Houndoom-Mega, M
|-mega|p2a: Wanna be your dog|Houndoom|Houndoominite
|move|p2a: Wanna be your dog|Flamethrower|p1a: Keldeo
|-resisted|p1a: Keldeo
|-damage|p1a: Keldeo|224\/323
|
|turn|4
|join|HENRY
|c| HENRY|see
|c| HENRY|best color NA
|c|âReverend|damn
|c|âReverend|that's hot
|c|âReverend|I wanna be cobalt
|
|switch|p2a: Muscle Man|Azumarill, M|381\/381
|move|p1a: Keldeo|Scald|p2a: Muscle Man
|-resisted|p2a: Muscle Man
|-damage|p2a: Muscle Man|277\/381
|-status|p2a: Muscle Man|brn
|-damage|p1a: Keldeo|192\/323|[from] item: Life Orb
|
|-damage|p2a: Muscle Man|230\/381 brn|[from] brn
|turn|5
|c| MushyMooo|OH DANG
|c| MushyMooo|MINE'S PPURRP
|
|switch|p1a: Landorus-Therian|Landorus-Therian, M|325\/325
|-ability|p1a: Landorus-Therian|Intimidate|[of] p2a: Muscle Man
|-unboost|p2a: Muscle Man|atk|1
|switch|p2a: Eddie Murphy|Keldeo|323\/323
|
|turn|6
|c|âReverend|please
|
|move|p1a: Landorus-Therian|U-turn|p2a: Eddie Murphy
|-resisted|p2a: Eddie Murphy
|-damage|p2a: Eddie Murphy|278\/323
|
|switch|p1a: Latios|Latios, M|132\/302
|move|p2a: Eddie Murphy|Scald|p1a: Latios
|-resisted|p1a: Latios
|-damage|p1a: Latios|30\/302
|
|turn|7
|
|switch|p2a: Muscle Man|Azumarill, M|230\/381 brn
|move|p1a: Latios|Roost|p1a: Latios
|-heal|p1a: Latios|181\/302
|
|-damage|p2a: Muscle Man|183\/381 brn|[from] brn
|turn|8
|
|move|p1a: Latios|Psyshock|p2a: Muscle Man
|-damage|p2a: Muscle Man|0 fnt
|-damage|p1a: Latios|151\/302|[from] item: Life Orb
|faint|p2a: Muscle Man
|
|
|switch|p2a: Wanna be your dog|Houndoom-Mega, M|291\/291
|turn|9
|
|move|p2a: Wanna be your dog|Dark Pulse|p1a: Latios
|-supereffective|p1a: Latios
|-damage|p1a: Latios|0 fnt
|faint|p1a: Latios
|
|
|switch|p1a: Keldeo|Keldeo|192\/323
|turn|10
|
|switch|p2a: no bisharp pls|Latias, F|319\/319
|move|p1a: Keldeo|Icy Wind|p2a: no bisharp pls
|-supereffective|p2a: no bisharp pls
|-damage|p2a: no bisharp pls|176\/319
|-unboost|p2a: no bisharp pls|spe|1
|-damage|p1a: Keldeo|160\/323|[from] item: Life Orb
|
|turn|11
|
|switch|p1a: Bisharp|Bisharp, F|271\/271
|move|p2a: no bisharp pls|Draco Meteor|p1a: Bisharp
|-resisted|p1a: Bisharp
|-damage|p1a: Bisharp|111\/271
|-unboost|p2a: no bisharp pls|spa|2
|-damage|p2a: no bisharp pls|145\/319|[from] item: Life Orb
|
|turn|12
|
|switch|p2a: Eddie Murphy|Keldeo|278\/323
|move|p1a: Bisharp|Knock Off|p2a: Eddie Murphy
|-resisted|p2a: Eddie Murphy
|-damage|p2a: Eddie Murphy|151\/323
|-boost|p2a: Eddie Murphy|atk|1|[from] ability: Justified
|-enditem|p2a: Eddie Murphy|Choice Specs|[from] move: Knock Off|[of] p1a: Bisharp
|-damage|p1a: Bisharp|84\/271|[from] item: Life Orb
|
|turn|13
|
|switch|p1a: Garchomp|Garchomp, F|357\/357
|move|p2a: Eddie Murphy|Scald|p1a: Garchomp
|-damage|p1a: Garchomp|170\/357
|
|turn|14
|
|switch|p1a: Keldeo|Keldeo|160\/323
|move|p2a: Eddie Murphy|Scald|p1a: Keldeo
|-resisted|p1a: Keldeo
|-damage|p1a: Keldeo|79\/323
|
|turn|15
|c|âReverend|dearest lord satan
|c| HENRY|0 burns
|join|Live4evil
|c|âReverend|allow me to win this speed tie
|c| HENRY|u dont even need to risk
|c| HENRY|stupid noob
|c|âReverend|and i will listen to every black sabbath album
|
|move|p1a: Keldeo|Secret Sword|p2a: Eddie Murphy
|-damage|p2a: Eddie Murphy|0 fnt
|-damage|p1a: Keldeo|47\/323|[from] item: Life Orb
|faint|p2a: Eddie Murphy
|
|c|âReverend|fine
|c| MushyMooo|LIES
|c| Live4evil|LOL
|c|âReverend|going to church sunday then
|c| HENRY|u didnt even need to do that
|c|âReverend|thanks for nothing
|c| MushyMooo|IT'S ALLA LIE
|c| Live4evil|Hey guys what was the largest streak of teams in a row with Lando-T have you seen?
|c| Live4evil|mine was 9
|c| HENRY|was it just you using landot
|c| HENRY|for 9 games
|c| Live4evil|no
|
|switch|p2a: Wanna be your dog|Houndoom-Mega, M|291\/291
|turn|16
|c| Live4evil|i mean the enemy player
|c| Live4evil|XD
|c| HENRY|__your enemy?__
|
|move|p2a: Wanna be your dog|Dark Pulse|p1a: Keldeo
|-resisted|p1a: Keldeo
|-damage|p1a: Keldeo|0 fnt
|faint|p1a: Keldeo
|
|c| Live4evil|yeah
|
|switch|p1a: Landorus-Therian|Landorus-Therian, M|325\/325
|-ability|p1a: Landorus-Therian|Intimidate|[of] p2a: Wanna be your dog
|-unboost|p2a: Wanna be your dog|atk|1
|turn|17
|
|switch|p2a: no bisharp pls|Latias, F|145\/319
|move|p1a: Landorus-Therian|Superpower|p2a: no bisharp pls
|-resisted|p2a: no bisharp pls
|-damage|p2a: no bisharp pls|54\/319
|-unboost|p1a: Landorus-Therian|atk|1
|-unboost|p1a: Landorus-Therian|def|1
|
|turn|18
|c| Live4evil|i played 9 games in a row where they had a lando-t
|
|move|p1a: Landorus-Therian|Superpower|p2a: no bisharp pls
|-resisted|p2a: no bisharp pls
|-damage|p2a: no bisharp pls|3\/319
|-unboost|p1a: Landorus-Therian|atk|1
|-unboost|p1a: Landorus-Therian|def|1
|move|p2a: no bisharp pls|Draco Meteor|p1a: Landorus-Therian
|-damage|p1a: Landorus-Therian|39\/325
|-unboost|p2a: no bisharp pls|spa|2
|-damage|p2a: no bisharp pls|0 fnt|[from] item: Life Orb
|faint|p2a: no bisharp pls
|
|c| HENRY|AHHHHHHHHHHHHHHHHHHHHHHHHHHHHH
|c| HENRY|SURVIVAL
|
|switch|p2a: Clamps|Scizor, M|307\/307
|turn|19
|
|switch|p1a: Garchomp|Garchomp, F|170\/357
|move|p2a: Clamps|Bullet Punch|p1a: Garchomp
|-damage|p1a: Garchomp|14\/357
|-damage|p2a: Clamps|269\/307|[from] ability: Rough Skin|[of] p1a: Garchomp
|-damage|p2a: Clamps|239\/307|[from] item: Life Orb
|
|turn|20
|
|move|p2a: Clamps|Bullet Punch|p1a: Garchomp
|-damage|p1a: Garchomp|0 fnt
|-damage|p2a: Clamps|201\/307|[from] ability: Rough Skin|[of] p1a: Garchomp
|-damage|p2a: Clamps|171\/307|[from] item: Life Orb
|faint|p1a: Garchomp
|
|c| MushyMooo|fish fish fish eye
|c| MushyMooo|pee
|c|âReverend|yes dear
|
|switch|p1a: Bisharp|Bisharp, F|84\/271
|turn|21
|
|switch|p2a: Wanna be your dog|Houndoom-Mega, M|291\/291
|move|p1a: Bisharp|Sucker Punch|p2a: Wanna be your dog
|-fail|p2a: Wanna be your dog
|
|turn|22
|
|move|p1a: Bisharp|Sucker Punch|p2a: Wanna be your dog
|-resisted|p2a: Wanna be your dog
|-damage|p2a: Wanna be your dog|187\/291
|-damage|p1a: Bisharp|57\/271|[from] item: Life Orb
|move|p2a: Wanna be your dog|Flamethrower|p1a: Bisharp
|-supereffective|p1a: Bisharp
|-damage|p1a: Bisharp|0 fnt
|faint|p1a: Bisharp
|
|
|switch|p1a: Landorus-Therian|Landorus-Therian, M|39\/325
|-ability|p1a: Landorus-Therian|Intimidate|[of] p2a: Wanna be your dog
|-unboost|p2a: Wanna be your dog|atk|1
|turn|23
|
|switch|p2a: Fox Mulder|Ferrothorn, M|307\/307
|move|p1a: Landorus-Therian|Earthquake|p2a: Fox Mulder
|-damage|p2a: Fox Mulder|178\/307
|
|turn|24
|
|move|p1a: Landorus-Therian|Earthquake|p2a: Fox Mulder
|-damage|p2a: Fox Mulder|40\/307
|move|p2a: Fox Mulder|Leech Seed|p1a: Landorus-Therian|[miss]
|-miss|p2a: Fox Mulder|p1a: Landorus-Therian
|
|turn|25
|c| Live4evil|ooh
|
|move|p1a: Landorus-Therian|Earthquake|p2a: Fox Mulder
|-damage|p2a: Fox Mulder|0 fnt
|faint|p2a: Fox Mulder
|
|
|switch|p2a: Clamps|Scizor, M|171\/307
|turn|26
|c| MushyMooo|EEHUNNNNGGGG
|
|switch|p1a: Scizor|Scizor, F|286\/286
|switch|p2a: Wanna be your dog|Houndoom-Mega, M|187\/291
|
|turn|27
|
|detailschange|p1a: Scizor|Scizor-Mega, F
|-mega|p1a: Scizor|Scizor|Scizorite
|move|p1a: Scizor|Bullet Punch|p2a: Wanna be your dog
|-resisted|p2a: Wanna be your dog
|-damage|p2a: Wanna be your dog|115\/291
|move|p2a: Wanna be your dog|Flamethrower|p1a: Scizor
|-supereffective|p1a: Scizor
|-damage|p1a: Scizor|0 fnt
|faint|p1a: Scizor
|
|c|âReverend|holy
|c|âReverend|shit
|c| MushyMooo|FREAKING EEEEHONK
|
|switch|p1a: Landorus-Therian|Landorus-Therian, M|39\/325
|-ability|p1a: Landorus-Therian|Intimidate|[of] p2a: Wanna be your dog
|-unboost|p2a: Wanna be your dog|atk|1
|turn|28
|c| Live4evil|wat
|
|move|p1a: Landorus-Therian|Earthquake|p2a: Wanna be your dog
|-supereffective|p2a: Wanna be your dog
|-damage|p2a: Wanna be your dog|0 fnt
|faint|p2a: Wanna be your dog
|
|c| MushyMooo|he called me a dear
|
|switch|p2a: Clamps|Scizor, M|171\/307
|turn|29
|c| Live4evil|the double switch won~
|c|âReverend|is that the sound deers make
|
|move|p2a: Clamps|Bullet Punch|p1a: Landorus-Therian
|-damage|p1a: Landorus-Therian|0 fnt
|-damage|p2a: Clamps|141\/307|[from] item: Life Orb
|faint|p1a: Landorus-Therian
|
|win|Reverend
|raw|Ladder updating...
|raw|jacksonjack's rating: 1507 &rarr; <strong>1481<\/strong><br \/>(-26 for losing)
|raw|Reverend's rating: 1415 &rarr; <strong>1440<\/strong><br \/>(+25 for winning)
|c| HENRY|no
|leave|jacksonjack
|player|p1
|c|âReverend|that's the sound you made
|c| MushyMooo|no :C
|c|âReverend|that one time