|join|yuricon
|join|oh no oh no
|player|p1|yuricon|2
|player|p2|oh no oh no|157
|gametype|singles
|gen|6
|tier|UU
|rated
|rule|Sleep Clause Mod: Limit one foe put to sleep
|rule|Species Clause: Limit one of each PokÃ©mon
|rule|OHKO Clause: OHKO moves are banned
|rule|Moody Clause: Moody is banned
|rule|Evasion Moves Clause: Evasion moves are banned
|rule|Endless Battle Clause: Forcing endless battles is banned
|rule|HP Percentage Mod: HP is shown in percentages
|clearpoke
|poke|p1|Zygarde
|poke|p1|Forretress, M
|poke|p1|Florges, F
|poke|p1|Blastoise, F
|poke|p1|Crobat, F
|poke|p1|Machamp, M
|poke|p2|Chesnaught, M
|poke|p2|Donphan, M
|poke|p2|Chandelure, M
|poke|p2|Umbreon, M
|poke|p2|Blissey, F
|poke|p2|Suicune
|rule|Swagger Clause: Swagger is banned
|rule|Baton Pass Clause: Limit one PokÃ©mon knowing Baton Pass
|teampreview
|c|âyuricon|gl hf
|c|âoh no oh no|you too
|
|start
|switch|p1a: Machamp|Machamp, M|363\/363
|switch|p2a: Big Lez|Donphan, M|381\/381
|turn|1
|
|move|p1a: Machamp|Knock Off|p2a: Big Lez
|-damage|p2a: Big Lez|265\/381
|-enditem|p2a: Big Lez|Leftovers|[from] move: Knock Off|[of] p1a: Machamp
|move|p2a: Big Lez|Stealth Rock|p1a: Machamp
|-sidestart|p1: yuricon|move: Stealth Rock
|
|turn|2
|
|switch|p1a: Blastoise|Blastoise, F|361\/361
|-damage|p1a: Blastoise|316\/361|[from] Stealth Rock
|move|p2a: Big Lez|Knock Off|p1a: Blastoise
|-damage|p1a: Blastoise|270\/361
|
|turn|3
|
|switch|p2a: Quinton|Umbreon, M|394\/394
|detailschange|p1a: Blastoise|Blastoise-Mega, F
|-mega|p1a: Blastoise|Blastoise|Blastoisinite
|move|p1a: Blastoise|Rapid Spin|p2a: Quinton
|-damage|p2a: Quinton|379\/394
|-sideend|p1: yuricon|Stealth Rock|[from] move: Rapid Spin|[of] p1a: Blastoise
|
|-heal|p2a: Quinton|394\/394|[from] item: Leftovers
|turn|4
|
|switch|p1a: Forretress|Forretress, M|353\/353
|move|p2a: Quinton|Toxic|p1a: Forretress
|-fail|p1a: Forretress
|
|turn|5
|
|switch|p2a: Big Lez|Donphan, M|265\/381
|move|p1a: Forretress|Stealth Rock|p2a: Big Lez
|-sidestart|p2: oh no oh no|move: Stealth Rock
|
|turn|6
|
|move|p2a: Big Lez|Stealth Rock|p1a: Forretress
|-sidestart|p1: yuricon|move: Stealth Rock
|move|p1a: Forretress|Toxic|p2a: Big Lez|[miss]
|-miss|p1a: Forretress|p2a: Big Lez
|
|turn|7
|
|move|p2a: Big Lez|Knock Off|p1a: Forretress
|-damage|p1a: Forretress|298\/353
|-enditem|p1a: Forretress|Leftovers|[from] move: Knock Off|[of] p2a: Big Lez
|move|p1a: Forretress|Spikes|p2a: Big Lez
|-sidestart|p2: oh no oh no|Spikes
|
|turn|8
|
|move|p2a: Big Lez|Rapid Spin|p1a: Forretress
|-resisted|p1a: Forretress
|-damage|p1a: Forretress|292\/353
|-sideend|p2: oh no oh no|Spikes|[from] move: Rapid Spin|[of] p2a: Big Lez
|-sideend|p2: oh no oh no|Stealth Rock|[from] move: Rapid Spin|[of] p2a: Big Lez
|move|p1a: Forretress|Toxic|p2a: Big Lez
|-status|p2a: Big Lez|tox
|
|-damage|p2a: Big Lez|242\/381 tox|[from] psn
|turn|9
|
|switch|p2a: Sassy|Chandelure, M|261\/261
|move|p1a: Forretress|Stealth Rock|p2a: Sassy
|-sidestart|p2: oh no oh no|move: Stealth Rock
|
|turn|10
|
|switch|p1a: Florges|Florges, F|359\/359
|-damage|p1a: Florges|315\/359|[from] Stealth Rock
|move|p2a: Sassy|Trick|p1a: Florges
|-activate|p2a: Sassy|move: Trick|[of] p1a: Florges
|-item|p1a: Florges|Choice Scarf|[from] move: Trick
|-item|p2a: Sassy|Leftovers|[from] move: Trick
|
|turn|11
|
|switch|p2a: Quinton|Umbreon, M|394\/394
|-damage|p2a: Quinton|345\/394|[from] Stealth Rock
|move|p1a: Florges|Moonblast|p2a: Quinton
|-supereffective|p2a: Quinton
|-damage|p2a: Quinton|187\/394
|-unboost|p2a: Quinton|spa|1
|
|-heal|p2a: Quinton|211\/394|[from] item: Leftovers
|turn|12
|
|switch|p2a: Norton|Blissey, F|657\/657
|-damage|p2a: Norton|575\/657|[from] Stealth Rock
|move|p1a: Florges|Moonblast|p2a: Norton
|-damage|p2a: Norton|499\/657
|-unboost|p2a: Norton|spa|1
|
|-heal|p2a: Norton|540\/657|[from] item: Leftovers
|turn|13
|
|switch|p1a: Machamp|Machamp, M|363\/363
|-damage|p1a: Machamp|341\/363|[from] Stealth Rock
|move|p2a: Norton|Toxic|p1a: Machamp
|-status|p1a: Machamp|tox
|
|-heal|p2a: Norton|581\/657|[from] item: Leftovers
|-damage|p1a: Machamp|319\/363 tox|[from] psn
|turn|14
|
|move|p2a: Norton|Protect|p2a: Norton
|-singleturn|p2a: Norton|Protect
|move|p1a: Machamp|Knock Off|p2a: Norton
|-activate|p2a: Norton|Protect
|
|-heal|p2a: Norton|622\/657|[from] item: Leftovers
|-damage|p1a: Machamp|275\/363 tox|[from] psn
|turn|15
|
|switch|p2a: Big Lez|Donphan, M|242\/381 tox
|-damage|p2a: Big Lez|219\/381 tox|[from] Stealth Rock
|move|p1a: Machamp|Knock Off|p2a: Big Lez
|-damage|p2a: Big Lez|144\/381 tox
|
|-damage|p1a: Machamp|209\/363 tox|[from] psn
|-damage|p2a: Big Lez|121\/381 tox|[from] psn
|turn|16
|
|switch|p1a: Blastoise|Blastoise-Mega, F|270\/361
|-damage|p1a: Blastoise|225\/361|[from] Stealth Rock
|move|p2a: Big Lez|Rapid Spin|p1a: Blastoise
|-damage|p1a: Blastoise|210\/361
|-sideend|p2: oh no oh no|Stealth Rock|[from] move: Rapid Spin|[of] p2a: Big Lez
|
|-damage|p2a: Big Lez|75\/381 tox|[from] psn
|turn|17
|
|switch|p2a: Sassy|Chandelure, M|261\/261
|move|p1a: Blastoise|Rapid Spin|p2a: Sassy
|-immune|p2a: Sassy|[msg]
|
|turn|18
|
|move|p2a: Sassy|Energy Ball|p1a: Blastoise
|-supereffective|p1a: Blastoise
|-damage|p1a: Blastoise|38\/361
|move|p1a: Blastoise|Scald|p2a: Sassy
|-supereffective|p2a: Sassy
|-damage|p2a: Sassy|0 fnt
|faint|p2a: Sassy
|
|
|switch|p2a: Donny the Dealer|Suicune|404\/404
|-ability|p2a: Donny the Dealer|Pressure
|turn|19
|
|move|p2a: Donny the Dealer|Scald|p1a: Blastoise
|-resisted|p1a: Blastoise
|-damage|p1a: Blastoise|2\/361
|move|p1a: Blastoise|Rapid Spin|p2a: Donny the Dealer
|-damage|p2a: Donny the Dealer|394\/404
|-sideend|p1: yuricon|Stealth Rock|[from] move: Rapid Spin|[of] p1a: Blastoise
|
|-heal|p2a: Donny the Dealer|404\/404|[from] item: Leftovers
|turn|20
|
|switch|p1a: Florges|Florges, F|315\/359
|move|p2a: Donny the Dealer|Scald|p1a: Florges
|-damage|p1a: Florges|254\/359
|-status|p1a: Florges|brn
|
|-damage|p1a: Florges|210\/359 brn|[from] brn
|turn|21
|
|switch|p2a: Norton|Blissey, F|622\/657
|move|p1a: Florges|Aromatherapy|p1a: Florges
|-cureteam|p1a: Florges|[from] move: Aromatherapy
|
|-heal|p2a: Norton|657\/657|[from] item: Leftovers
|turn|22
|
|switch|p1a: Machamp|Machamp, M|209\/363
|switch|p2a: Clarence|Chesnaught, M|377\/377
|
|turn|23
|
|switch|p1a: Forretress|Forretress, M|292\/353
|move|p2a: Clarence|Spiky Shield|p2a: Clarence
|-fail|p2a: Clarence
|
|turn|24
|
|switch|p2a: Norton|Blissey, F|657\/657
|move|p1a: Forretress|Stealth Rock|p2a: Norton
|-sidestart|p2: oh no oh no|move: Stealth Rock
|
|turn|25
|
|move|p2a: Norton|Wish|p2a: Norton
|move|p1a: Forretress|Spikes|p2a: Norton
|-sidestart|p2: oh no oh no|Spikes
|
|turn|26
|
|switch|p2a: Big Lez|Donphan, M|75\/381 tox
|-damage|p2a: Big Lez|52\/381 tox|[from] Stealth Rock
|-damage|p2a: Big Lez|5\/381 tox|[from] Spikes
|switch|p1a: Blastoise|Blastoise-Mega, F|2\/361
|
|-heal|p2a: Big Lez|333\/381 tox|[from] move: Wish|[wisher] Norton
|-damage|p2a: Big Lez|310\/381 tox|[from] psn
|turn|27
|
|switch|p2a: Donny the Dealer|Suicune|404\/404
|-damage|p2a: Donny the Dealer|354\/404|[from] Spikes
|-damage|p2a: Donny the Dealer|304\/404|[from] Stealth Rock
|-ability|p2a: Donny the Dealer|Pressure
|move|p1a: Blastoise|Ice Beam|p2a: Donny the Dealer
|-resisted|p2a: Donny the Dealer
|-damage|p2a: Donny the Dealer|266\/404
|-status|p2a: Donny the Dealer|frz
|
|-heal|p2a: Donny the Dealer|291\/404 frz|[from] item: Leftovers
|turn|28
|
|switch|p1a: Florges|Florges, F|210\/359
|-curestatus|p2a: Donny the Dealer|frz
|move|p2a: Donny the Dealer|Scald|p1a: Florges
|-damage|p1a: Florges|152\/359
|
|-heal|p2a: Donny the Dealer|316\/404|[from] item: Leftovers
|turn|29
|
|switch|p2a: Quinton|Umbreon, M|211\/394
|-damage|p2a: Quinton|162\/394|[from] Spikes
|-damage|p2a: Quinton|113\/394|[from] Stealth Rock
|move|p1a: Florges|Wish|p1a: Florges
|
|-heal|p2a: Quinton|137\/394|[from] item: Leftovers
|turn|30
|
|switch|p1a: Machamp|Machamp, M|209\/363
|move|p2a: Quinton|Moonlight|p2a: Quinton
|-heal|p2a: Quinton|334\/394
|
|-heal|p1a: Machamp|363\/363|[from] move: Wish|[wisher] Florges
|-heal|p2a: Quinton|358\/394|[from] item: Leftovers
|turn|31
|
|switch|p2a: Clarence|Chesnaught, M|377\/377
|-damage|p2a: Clarence|354\/377|[from] Stealth Rock
|-damage|p2a: Clarence|307\/377|[from] Spikes
|move|p1a: Machamp|Dynamic Punch|p2a: Clarence
|-damage|p2a: Clarence|108\/377
|-start|p2a: Clarence|confusion
|
|-heal|p2a: Clarence|131\/377|[from] item: Leftovers
|turn|32
|
|-activate|p2a: Clarence|confusion
|move|p2a: Clarence|Spiky Shield|p2a: Clarence
|-singleturn|p2a: Clarence|move: Protect
|move|p1a: Machamp|Dynamic Punch|p2a: Clarence
|-activate|p2a: Clarence|move: Protect
|-damage|p1a: Machamp|318\/363|[from] Spiky Shield|[of] p2a: Clarence
|
|-heal|p2a: Clarence|154\/377|[from] item: Leftovers
|turn|33
|
|switch|p2a: Quinton|Umbreon, M|358\/394
|-damage|p2a: Quinton|309\/394|[from] Stealth Rock
|-damage|p2a: Quinton|260\/394|[from] Spikes
|move|p1a: Machamp|Dynamic Punch|p2a: Quinton
|-crit|p2a: Quinton
|-supereffective|p2a: Quinton
|-damage|p2a: Quinton|0 fnt
|faint|p2a: Quinton
|
|
|switch|p2a: Donny the Dealer|Suicune|316\/404
|-damage|p2a: Donny the Dealer|266\/404|[from] Spikes
|-damage|p2a: Donny the Dealer|216\/404|[from] Stealth Rock
|-ability|p2a: Donny the Dealer|Pressure
|turn|34
|
|switch|p1a: Forretress|Forretress, M|292\/353
|move|p2a: Donny the Dealer|Rest|p2a: Donny the Dealer
|-status|p2a: Donny the Dealer|slp
|-heal|p2a: Donny the Dealer|404\/404 slp|[silent]
|-status|p2a: Donny the Dealer|slp|[from] move: Rest
|
|turn|35
|
|switch|p2a: Big Lez|Donphan, M|310\/381 tox
|-damage|p2a: Big Lez|263\/381 tox|[from] Spikes
|-damage|p2a: Big Lez|240\/381 tox|[from] Stealth Rock
|move|p1a: Forretress|Volt Switch|p2a: Big Lez
|-immune|p2a: Big Lez|[msg]
|
|-damage|p2a: Big Lez|217\/381 tox|[from] psn
|turn|36
|
|move|p2a: Big Lez|Rapid Spin|p1a: Forretress
|-resisted|p1a: Forretress
|-damage|p1a: Forretress|286\/353
|-sideend|p2: oh no oh no|Spikes|[from] move: Rapid Spin|[of] p2a: Big Lez
|-sideend|p2: oh no oh no|Stealth Rock|[from] move: Rapid Spin|[of] p2a: Big Lez
|move|p1a: Forretress|Stealth Rock|p2a: Big Lez
|-sidestart|p2: oh no oh no|move: Stealth Rock
|
|-damage|p2a: Big Lez|171\/381 tox|[from] psn
|turn|37
|
|move|p2a: Big Lez|Stealth Rock|p1a: Forretress
|-sidestart|p1: yuricon|move: Stealth Rock
|move|p1a: Forretress|Spikes|p2a: Big Lez
|-sidestart|p2: oh no oh no|Spikes
|
|-damage|p2a: Big Lez|102\/381 tox|[from] psn
|turn|38
|
|switch|p2a: Clarence|Chesnaught, M|154\/377
|-damage|p2a: Clarence|131\/377|[from] Stealth Rock
|-damage|p2a: Clarence|84\/377|[from] Spikes
|move|p1a: Forretress|Stealth Rock|p2a: Clarence
|-fail|p2a: Clarence
|
|-heal|p2a: Clarence|107\/377|[from] item: Leftovers
|turn|39
|
|move|p2a: Clarence|Leech Seed|p1a: Forretress
|-start|p1a: Forretress|move: Leech Seed
|move|p1a: Forretress|Toxic|p2a: Clarence
|-status|p2a: Clarence|tox
|
|-heal|p2a: Clarence|130\/377 tox|[from] item: Leftovers
|-damage|p1a: Forretress|242\/353|[from] Leech Seed|[of] p2a: Clarence
|-heal|p2a: Clarence|174\/377 tox|[silent]
|-damage|p2a: Clarence|151\/377 tox|[from] psn
|turn|40
|
|move|p2a: Clarence|Spikes|p1a: Forretress
|-sidestart|p1: yuricon|Spikes
|move|p1a: Forretress|Volt Switch|p2a: Clarence
|-resisted|p2a: Clarence
|-damage|p2a: Clarence|126\/377 tox
|
|switch|p1a: Zygarde|Zygarde|419\/419
|-damage|p1a: Zygarde|393\/419|[from] Stealth Rock
|-damage|p1a: Zygarde|341\/419|[from] Spikes
|-ability|p1a: Zygarde|Aura Break
|
|-heal|p1a: Zygarde|367\/419|[from] item: Leftovers
|-heal|p2a: Clarence|149\/377 tox|[from] item: Leftovers
|-damage|p2a: Clarence|103\/377 tox|[from] psn
|turn|41
|
|move|p1a: Zygarde|Substitute|p1a: Zygarde
|-start|p1a: Zygarde|Substitute
|-damage|p1a: Zygarde|263\/419
|move|p2a: Clarence|Spikes|p1a: Zygarde
|-sidestart|p1: yuricon|Spikes
|
|-heal|p1a: Zygarde|289\/419|[from] item: Leftovers
|-heal|p2a: Clarence|126\/377 tox|[from] item: Leftovers
|-damage|p2a: Clarence|57\/377 tox|[from] psn
|turn|42
|
|move|p2a: Clarence|Spikes|p1a: Zygarde
|-sidestart|p1: yuricon|Spikes
|move|p1a: Zygarde|Dragon Tail|p2a: Clarence
|-damage|p2a: Clarence|9\/377 tox
|drag|p2a: Norton|Blissey, F|657\/657
|-damage|p2a: Norton|575\/657|[from] Spikes
|-damage|p2a: Norton|493\/657|[from] Stealth Rock
|
|-heal|p1a: Zygarde|315\/419|[from] item: Leftovers
|-heal|p2a: Norton|534\/657|[from] item: Leftovers
|turn|43
|
|move|p1a: Zygarde|Coil|p1a: Zygarde
|-boost|p1a: Zygarde|atk|1
|-boost|p1a: Zygarde|def|1
|-boost|p1a: Zygarde|accuracy|1
|move|p2a: Norton|Wish|p2a: Norton
|
|-heal|p1a: Zygarde|341\/419|[from] item: Leftovers
|-heal|p2a: Norton|575\/657|[from] item: Leftovers
|turn|44
|
|switch|p2a: Clarence|Chesnaught, M|9\/377 tox
|-damage|p2a: Clarence|0 fnt|[from] Spikes
|faint|p2a: Clarence
|move|p1a: Zygarde|Dragon Tail|p2: Clarence|[notarget]
|-notarget
|
|-heal|p1a: Zygarde|367\/419|[from] item: Leftovers
|
|switch|p2a: Donny the Dealer|Suicune|404\/404 slp
|-damage|p2a: Donny the Dealer|354\/404 slp|[from] Stealth Rock
|-damage|p2a: Donny the Dealer|304\/404 slp|[from] Spikes
|-ability|p2a: Donny the Dealer|Pressure
|turn|45
|
|move|p1a: Zygarde|Coil|p1a: Zygarde
|-boost|p1a: Zygarde|atk|1
|-boost|p1a: Zygarde|def|1
|-boost|p1a: Zygarde|accuracy|1
|cant|p2a: Donny the Dealer|slp
|move|p2a: Donny the Dealer|Sleep Talk|p2a: Donny the Dealer
|move|p2a: Donny the Dealer|Scald|p1a: Zygarde|[from]Sleep Talk
|-activate|p1a: Zygarde|Substitute|[damage]
|
|-heal|p1a: Zygarde|393\/419|[from] item: Leftovers
|-heal|p2a: Donny the Dealer|329\/404 slp|[from] item: Leftovers
|turn|46
|
|cant|p2a: Donny the Dealer|slp
|move|p2a: Donny the Dealer|Sleep Talk|p2a: Donny the Dealer
|move|p2a: Donny the Dealer|Roar|p1a: Zygarde|[from]Sleep Talk
|drag|p1a: Forretress|Forretress, M|242\/353
|-damage|p1a: Forretress|154\/353|[from] Spikes
|-damage|p1a: Forretress|110\/353|[from] Stealth Rock
|
|-heal|p2a: Donny the Dealer|354\/404 slp|[from] item: Leftovers
|turn|47
|
|-curestatus|p2a: Donny the Dealer|slp
|move|p2a: Donny the Dealer|Scald|p1a: Forretress
|-damage|p1a: Forretress|2\/353
|move|p1a: Forretress|Spikes|p2a: Donny the Dealer
|-sidestart|p2: oh no oh no|Spikes
|
|-heal|p2a: Donny the Dealer|379\/404|[from] item: Leftovers
|turn|48
|
|move|p2a: Donny the Dealer|Scald|p1a: Forretress
|-damage|p1a: Forretress|0 fnt
|faint|p1a: Forretress
|
|-heal|p2a: Donny the Dealer|404\/404|[from] item: Leftovers
|
|switch|p1a: Zygarde|Zygarde|393\/419
|-damage|p1a: Zygarde|289\/419|[from] Spikes
|-damage|p1a: Zygarde|263\/419|[from] Stealth Rock
|-ability|p1a: Zygarde|Aura Break
|turn|49
|
|move|p1a: Zygarde|Substitute|p1a: Zygarde
|-start|p1a: Zygarde|Substitute
|-damage|p1a: Zygarde|159\/419
|move|p2a: Donny the Dealer|Scald|p1a: Zygarde
|-activate|p1a: Zygarde|Substitute|[damage]
|
|-heal|p1a: Zygarde|185\/419|[from] item: Leftovers
|turn|50
|
|move|p2a: Donny the Dealer|Scald|p1a: Zygarde
|-end|p1a: Zygarde|Substitute
|move|p1a: Zygarde|Dragon Tail|p2a: Donny the Dealer
|-damage|p2a: Donny the Dealer|358\/404
|drag|p2a: Norton|Blissey, F|575\/657
|-damage|p2a: Norton|493\/657|[from] Stealth Rock
|-damage|p2a: Norton|384\/657|[from] Spikes
|
|-heal|p1a: Zygarde|211\/419|[from] item: Leftovers
|-heal|p2a: Norton|425\/657|[from] item: Leftovers
|turn|51
|
|move|p1a: Zygarde|Substitute|p1a: Zygarde
|-start|p1a: Zygarde|Substitute
|-damage|p1a: Zygarde|107\/419
|move|p2a: Norton|Wish|p2a: Norton
|
|-heal|p1a: Zygarde|133\/419|[from] item: Leftovers
|-heal|p2a: Norton|466\/657|[from] item: Leftovers
|turn|52
|
|move|p1a: Zygarde|Coil|p1a: Zygarde
|-boost|p1a: Zygarde|atk|1
|-boost|p1a: Zygarde|def|1
|-boost|p1a: Zygarde|accuracy|1
|move|p2a: Norton|Seismic Toss|p1a: Zygarde
|-activate|p1a: Zygarde|Substitute|[damage]
|
|-heal|p2a: Norton|657\/657|[from] move: Wish|[wisher] Norton
|-heal|p1a: Zygarde|159\/419|[from] item: Leftovers
|turn|53
|
|move|p1a: Zygarde|Coil|p1a: Zygarde
|-boost|p1a: Zygarde|atk|1
|-boost|p1a: Zygarde|def|1
|-boost|p1a: Zygarde|accuracy|1
|move|p2a: Norton|Wish|p2a: Norton
|
|-heal|p1a: Zygarde|185\/419|[from] item: Leftovers
|turn|54
|
|switch|p2a: Big Lez|Donphan, M|102\/381 tox
|-damage|p2a: Big Lez|79\/381 tox|[from] Stealth Rock
|-damage|p2a: Big Lez|16\/381 tox|[from] Spikes
|move|p1a: Zygarde|Coil|p1a: Zygarde
|-boost|p1a: Zygarde|atk|1
|-boost|p1a: Zygarde|def|1
|-boost|p1a: Zygarde|accuracy|1
|
|-heal|p2a: Big Lez|344\/381 tox|[from] move: Wish|[wisher] Norton
|-heal|p1a: Zygarde|211\/419|[from] item: Leftovers
|-damage|p2a: Big Lez|321\/381 tox|[from] psn
|turn|55
|
|move|p1a: Zygarde|Earthquake|p2a: Big Lez
|-damage|p2a: Big Lez|132\/381 tox
|move|p2a: Big Lez|Rapid Spin|p1a: Zygarde
|-end|p1a: Zygarde|Substitute
|-sideend|p2: oh no oh no|Spikes|[from] move: Rapid Spin|[of] p2a: Big Lez
|-sideend|p2: oh no oh no|Stealth Rock|[from] move: Rapid Spin|[of] p2a: Big Lez
|
|-heal|p1a: Zygarde|237\/419|[from] item: Leftovers
|-damage|p2a: Big Lez|86\/381 tox|[from] psn
|turn|56
|
|move|p1a: Zygarde|Substitute|p1a: Zygarde
|-start|p1a: Zygarde|Substitute
|-damage|p1a: Zygarde|133\/419
|move|p2a: Big Lez|Knock Off|p1a: Zygarde
|-activate|p1a: Zygarde|Substitute|[damage]
|
|-heal|p1a: Zygarde|159\/419|[from] item: Leftovers
|-damage|p2a: Big Lez|17\/381 tox|[from] psn
|turn|57
|
|move|p1a: Zygarde|Earthquake|p2a: Big Lez
|-damage|p2a: Big Lez|0 fnt
|faint|p2a: Big Lez
|
|-heal|p1a: Zygarde|185\/419|[from] item: Leftovers
|
|switch|p2a: Donny the Dealer|Suicune|358\/404
|-ability|p2a: Donny the Dealer|Pressure
|turn|58
|
|move|p1a: Zygarde|Dragon Tail|p2a: Donny the Dealer
|-damage|p2a: Donny the Dealer|250\/404
|drag|p2a: Norton|Blissey, F|657\/657
|
|-heal|p1a: Zygarde|211\/419|[from] item: Leftovers
|turn|59
|
|move|p1a: Zygarde|Earthquake|p2a: Norton
|-damage|p2a: Norton|83\/657
|move|p2a: Norton|Wish|p2a: Norton
|
|-heal|p1a: Zygarde|237\/419|[from] item: Leftovers
|-heal|p2a: Norton|124\/657|[from] item: Leftovers
|turn|60
|
|move|p1a: Zygarde|Earthquake|p2a: Norton
|-damage|p2a: Norton|0 fnt
|faint|p2a: Norton
|
|-heal|p1a: Zygarde|263\/419|[from] item: Leftovers
|
|switch|p2a: Donny the Dealer|Suicune|250\/404
|-ability|p2a: Donny the Dealer|Pressure
|turn|61
|
|move|p1a: Zygarde|Earthquake|p2a: Donny the Dealer
|-damage|p2a: Donny the Dealer|49\/404
|move|p2a: Donny the Dealer|Rest|p2a: Donny the Dealer
|-status|p2a: Donny the Dealer|slp
|-heal|p2a: Donny the Dealer|404\/404 slp|[silent]
|-status|p2a: Donny the Dealer|slp|[from] move: Rest
|
|-heal|p1a: Zygarde|289\/419|[from] item: Leftovers
|turn|62
|
|move|p1a: Zygarde|Earthquake|p2a: Donny the Dealer
|-damage|p2a: Donny the Dealer|215\/404 slp
|cant|p2a: Donny the Dealer|slp
|move|p2a: Donny the Dealer|Sleep Talk|p2a: Donny the Dealer
|move|p2a: Donny the Dealer|Scald|p1a: Zygarde|[from]Sleep Talk
|-end|p1a: Zygarde|Substitute
|
|-heal|p1a: Zygarde|315\/419|[from] item: Leftovers
|-heal|p2a: Donny the Dealer|240\/404 slp|[from] item: Leftovers
|turn|63
|
|move|p1a: Zygarde|Earthquake|p2a: Donny the Dealer
|-damage|p2a: Donny the Dealer|60\/404 slp
|cant|p2a: Donny the Dealer|slp
|move|p2a: Donny the Dealer|Sleep Talk|p2a: Donny the Dealer
|move|p2a: Donny the Dealer|Rest|p2a: Donny the Dealer|[from]Sleep Talk
|-fail|p2a: Donny the Dealer
|
|-heal|p1a: Zygarde|341\/419|[from] item: Leftovers
|-heal|p2a: Donny the Dealer|85\/404 slp|[from] item: Leftovers
|turn|64
|c|âyuricon|gg
|
|move|p1a: Zygarde|Earthquake|p2a: Donny the Dealer
|-damage|p2a: Donny the Dealer|0 fnt
|faint|p2a: Donny the Dealer
|
|win|yuricon
|raw|Ladder updating...
|c|âoh no oh no|gg
|leave|oh no oh no
|player|p2
|raw|yuricon's rating: 1475 &rarr; <strong>1495<\/strong><br \/>(+20 for winning)
|raw|oh no oh no's rating: 1481 &rarr; <strong>1461<\/strong><br \/>(-20 for losing)