|join|Bro Tha God
|join|yuricon
|player|p1|Bro Tha God|102
|player|p2|yuricon|2
|gametype|singles
|gen|6
|tier|UU
|rated
|rule|Sleep Clause Mod: Limit one foe put to sleep
|rule|Species Clause: Limit one of each PokÃ©mon
|rule|OHKO Clause: OHKO moves are banned
|rule|Moody Clause: Moody is banned
|rule|Evasion Moves Clause: Evasion moves are banned
|rule|Endless Battle Clause: Forcing endless battles is banned
|rule|HP Percentage Mod: HP is shown in percentages
|clearpoke
|poke|p1|Tornadus, M
|poke|p1|Azelf
|poke|p1|Swampert, M
|poke|p1|Kabutops, F
|poke|p1|Forretress, M
|poke|p1|Umbreon, F
|poke|p2|Suicune
|poke|p2|Zygarde
|poke|p2|Lopunny, F
|poke|p2|Sharpedo, F
|poke|p2|Gligar, M
|poke|p2|Jirachi
|rule|Swagger Clause: Swagger is banned
|rule|Baton Pass Clause: Limit one PokÃ©mon knowing Baton Pass
|teampreview
|c|âyuricon|gl hf
|
|start
|switch|p1a: Azelf|Azelf|354\/354
|switch|p2a: Lopunny|Lopunny, F|271\/271
|turn|1
|
|detailschange|p2a: Lopunny|Lopunny-Mega, F
|message|Lopunny has Mega Evolved into Mega Lopunny!
|move|p2a: Lopunny|Fake Out|p1a: Azelf
|-damage|p1a: Azelf|251\/354
|cant|p1a: Azelf|flinch
|
|turn|2
|
|switch|p1a: Forretress|Forretress, M|354\/354
|move|p2a: Lopunny|Return|p1a: Forretress
|-resisted|p1a: Forretress
|-damage|p1a: Forretress|302\/354
|-enditem|p1a: Forretress|Red Card|[of] p2a: Lopunny
|drag|p2a: Gligar|Gligar, M|334\/334
|
|turn|3
|
|switch|p1a: Swampert|Swampert, M|404\/404
|move|p2a: Gligar|Swords Dance|p2a: Gligar
|-boost|p2a: Gligar|atk|2
|
|turn|4
|
|detailschange|p1a: Swampert|Swampert-Mega, M
|message|Swampert has Mega Evolved into Mega Swampert!
|move|p2a: Gligar|Baton Pass|p2a: Gligar
|
|switch|p2a: Zygarde|Zygarde|383\/383
|-ability|p2a: Zygarde|Aura Break
|move|p1a: Swampert|Ice Punch|p2a: Zygarde
|-supereffective|p2a: Zygarde
|-damage|p2a: Zygarde|0 fnt
|faint|p2a: Zygarde
|
|
|switch|p2a: Lopunny|Lopunny-Mega, F|271\/271
|turn|5
|
|move|p2a: Lopunny|Fake Out|p1a: Swampert
|-damage|p1a: Swampert|337\/404
|cant|p1a: Swampert|flinch
|
|turn|6
|
|move|p2a: Lopunny|High Jump Kick|p1a: Swampert
|-damage|p1a: Swampert|108\/404
|move|p1a: Swampert|Rain Dance|p1a: Swampert
|-weather|RainDance
|
|-weather|RainDance|[upkeep]
|turn|7
|
|switch|p2a: Gligar|Gligar, M|334\/334
|move|p1a: Swampert|Waterfall|p2a: Gligar
|-supereffective|p2a: Gligar
|-damage|p2a: Gligar|20\/334
|
|-weather|RainDance|[upkeep]
|turn|8
|
|move|p1a: Swampert|Waterfall|p2a: Gligar
|-supereffective|p2a: Gligar
|-damage|p2a: Gligar|0 fnt
|faint|p2a: Gligar
|
|-weather|RainDance|[upkeep]
|
|switch|p2a: Sharpedo|Sharpedo, F|281\/281
|turn|9
|
|move|p2a: Sharpedo|Protect|p2a: Sharpedo
|-singleturn|p2a: Sharpedo|Protect
|move|p1a: Swampert|Earthquake|p2a: Sharpedo
|-activate|p2a: Sharpedo|Protect
|
|-weather|RainDance|[upkeep]
|-boost|p2a: Sharpedo|spe|1|[from] ability: Speed Boost
|turn|10
|
|move|p2a: Sharpedo|Crunch|p1a: Swampert
|-damage|p1a: Swampert|0 fnt
|-damage|p2a: Sharpedo|253\/281|[from] item: Life Orb
|faint|p1a: Swampert
|
|-weather|none
|-boost|p2a: Sharpedo|spe|1|[from] ability: Speed Boost
|
|switch|p1a: Kabutops|Kabutops, F|262\/262
|turn|11
|
|move|p2a: Sharpedo|Destiny Bond|p2a: Sharpedo
|-singlemove|p2a: Sharpedo|Destiny Bond
|move|p1a: Kabutops|Stone Edge|p2a: Sharpedo
|-damage|p2a: Sharpedo|0 fnt
|faint|p2a: Sharpedo
|-activate|p2a: Sharpedo|Destiny Bond
|faint|p1a: Kabutops
|
|
|switch|p2a: Lopunny|Lopunny-Mega, F|271\/271
|switch|p1a: Tornadus|Tornadus, M|300\/300
|turn|12
|
|switch|p1a: Forretress|Forretress, M|302\/354
|move|p2a: Lopunny|Fake Out|p1a: Forretress
|-resisted|p1a: Forretress
|-damage|p1a: Forretress|281\/354
|
|turn|13
|
|switch|p2a: Suicune|Suicune|367\/367
|-ability|p2a: Suicune|Pressure
|move|p1a: Forretress|Gyro Ball|p2a: Suicune
|-resisted|p2a: Suicune
|-damage|p2a: Suicune|331\/367
|
|-heal|p2a: Suicune|353\/367|[from] item: Leftovers
|turn|14
|
|switch|p1a: Azelf|Azelf|251\/354
|move|p2a: Suicune|Substitute|p2a: Suicune
|-start|p2a: Suicune|Substitute
|-damage|p2a: Suicune|262\/367
|
|-heal|p2a: Suicune|284\/367|[from] item: Leftovers
|turn|15
|
|move|p1a: Azelf|Knock Off|p2a: Suicune
|-activate|p2a: Suicune|Substitute|[damage]
|move|p2a: Suicune|Calm Mind|p2a: Suicune
|-boost|p2a: Suicune|spa|1
|-boost|p2a: Suicune|spd|1
|
|-heal|p2a: Suicune|306\/367|[from] item: Leftovers
|turn|16
|
|move|p1a: Azelf|Knock Off|p2a: Suicune
|-end|p2a: Suicune|Substitute
|move|p2a: Suicune|Scald|p1a: Azelf
|-damage|p1a: Azelf|17\/354
|
|-heal|p2a: Suicune|328\/367|[from] item: Leftovers
|turn|17
|
|move|p1a: Azelf|Explosion|p2a: Suicune
|-damage|p2a: Suicune|126\/367
|faint|p1a: Azelf
|move|p2a: Suicune|Scald|p1: Azelf|[notarget]
|-notarget
|
|-heal|p2a: Suicune|148\/367|[from] item: Leftovers
|
|switch|p1a: Tornadus|Tornadus, M|300\/300
|turn|18
|
|switch|p2a: Jirachi|Jirachi|403\/403
|move|p1a: Tornadus|Hurricane|p2a: Jirachi
|-resisted|p2a: Jirachi
|-damage|p2a: Jirachi|274\/403
|-damage|p1a: Tornadus|270\/300|[from] item: Life Orb
|
|turn|19
|
|move|p1a: Tornadus|Dark Pulse|p2a: Jirachi
|-supereffective|p2a: Jirachi
|-damage|p2a: Jirachi|30\/403
|-damage|p1a: Tornadus|240\/300|[from] item: Life Orb
|cant|p2a: Jirachi|flinch
|
|turn|20
|
|move|p1a: Tornadus|Dark Pulse|p2a: Jirachi
|-supereffective|p2a: Jirachi
|-damage|p2a: Jirachi|0 fnt
|-damage|p1a: Tornadus|210\/300|[from] item: Life Orb
|faint|p2a: Jirachi
|
|
|switch|p2a: Lopunny|Lopunny-Mega, F|271\/271
|turn|21
|
|switch|p1a: Forretress|Forretress, M|281\/354
|move|p2a: Lopunny|Fake Out|p1a: Forretress
|-resisted|p1a: Forretress
|-damage|p1a: Forretress|260\/354
|
|turn|22
|
|switch|p2a: Suicune|Suicune|148\/367
|-ability|p2a: Suicune|Pressure
|move|p1a: Forretress|Stealth Rock|p2a: Suicune
|-sidestart|p2: yuricon|move: Stealth Rock
|
|-heal|p2a: Suicune|170\/367|[from] item: Leftovers
|turn|23
|
|switch|p1a: Tornadus|Tornadus, M|210\/300
|move|p2a: Suicune|Substitute|p2a: Suicune
|-start|p2a: Suicune|Substitute
|-damage|p2a: Suicune|79\/367
|
|-heal|p2a: Suicune|101\/367|[from] item: Leftovers
|turn|24
|-message|Bro Tha God forfeited.
|
|win|yuricon
|raw|Ladder updating...
|leave|Bro Tha God
|player|p1
|raw|Bro Tha God's rating: 1359 &rarr; <strong>1338<\/strong><br \/>(-21 for losing)
|raw|yuricon's rating: 1352 &rarr; <strong>1372<\/strong><br \/>(+20 for winning)