|join|quotenschwarzer
|join|yuricon
|player|p1|quotenschwarzer|169
|player|p2|yuricon|2
|gametype|singles
|gen|6
|tier|UU
|rated
|rule|Sleep Clause Mod: Limit one foe put to sleep
|rule|Species Clause: Limit one of each Pokemon
|rule|OHKO Clause: OHKO moves are banned
|rule|Moody Clause: Moody is banned
|rule|Evasion Moves Clause: Evasion moves are banned
|rule|Endless Battle Clause: Forcing endless battles is banned.
|rule|HP Percentage Mod: HP is reported as percentages
|clearpoke
|poke|p1|Victini
|poke|p1|Florges, F
|poke|p1|Suicune
|poke|p1|Manectric, F
|poke|p1|Forretress, F
|poke|p1|Noivern, M
|poke|p2|Victini
|poke|p2|Escavalier, F
|poke|p2|Shaymin
|poke|p2|Scrafty, M
|poke|p2|Ampharos, F
|poke|p2|Gligar, F
|teampreview
|
|start
|switch|p1a: Forretress|Forretress, F|354\/354
|switch|p2a: Victini|Victini|341\/341
|turn|1
|
|move|p2a: Victini|V-create|p1a: Forretress
|-supereffective|p1a: Forretress
|-activate|p1a: Forretress|Sturdy
|-damage|p1a: Forretress|1\/354
|-unboost|p2a: Victini|def|1
|-unboost|p2a: Victini|spd|1
|-unboost|p2a: Victini|spe|1
|move|p1a: Forretress|Stealth Rock|p2a: Victini
|-sidestart|p2: yuricon|move: Stealth Rock
|
|-heal|p1a: Forretress|23\/354|[from] item: Leftovers
|turn|2
|
|switch|p1a: Suicune|Suicune|404\/404
|-ability|p1a: Suicune|Pressure
|move|p2a: Victini|V-create|p1a: Suicune
|-resisted|p1a: Suicune
|-damage|p1a: Suicune|280\/404
|-unboost|p2a: Victini|def|1
|-unboost|p2a: Victini|spd|1
|-unboost|p2a: Victini|spe|1
|
|-heal|p1a: Suicune|305\/404|[from] item: Leftovers
|turn|3
|
|switch|p2a: Shaymin|Shaymin|341\/341
|-damage|p2a: Shaymin|299\/341|[from] Stealth Rock
|move|p1a: Suicune|Scald|p2a: Shaymin
|-resisted|p2a: Shaymin
|-damage|p2a: Shaymin|254\/341
|
|-heal|p1a: Suicune|330\/404|[from] item: Leftovers
|turn|4
|
|switch|p1a: Florges|Florges, F|360\/360
|move|p2a: Shaymin|Seed Flare|p1a: Florges
|-damage|p1a: Florges|200\/360
|-damage|p2a: Shaymin|220\/341|[from] item: Life Orb
|
|-heal|p1a: Florges|222\/360|[from] item: Leftovers
|turn|5
|
|move|p2a: Shaymin|Seed Flare|p1a: Florges
|-damage|p1a: Florges|50\/360
|-damage|p2a: Shaymin|186\/341|[from] item: Life Orb
|move|p1a: Florges|Toxic|p2a: Shaymin
|-status|p2a: Shaymin|tox
|
|-heal|p1a: Florges|72\/360|[from] item: Leftovers
|-damage|p2a: Shaymin|165\/341 tox|[from] psn
|turn|6
|
|move|p1a: Florges|Protect|p1a: Florges
|-singleturn|p1a: Florges|Protect
|move|p2a: Shaymin|Rest|p2a: Shaymin
|-status|p2a: Shaymin|slp
|-heal|p2a: Shaymin|341\/341 slp|[silent]
|-status|p2a: Shaymin|slp|[from] move: Rest
|
|-heal|p1a: Florges|94\/360|[from] item: Leftovers
|turn|7
|
|switch|p2a: Escavalier|Escavalier, F|323\/323
|-damage|p2a: Escavalier|283\/323|[from] Stealth Rock
|switch|p1a: Victini|Victini|341\/341
|
|turn|8
|
|move|p1a: Victini|V-create|p2a: Escavalier
|-supereffective|p2a: Escavalier
|-damage|p2a: Escavalier|0 fnt
|-unboost|p1a: Victini|def|1
|-unboost|p1a: Victini|spd|1
|-unboost|p1a: Victini|spe|1
|faint|p2a: Escavalier
|
|
|switch|p2a: Ampharos|Ampharos, F|383\/383
|-damage|p2a: Ampharos|336\/383|[from] Stealth Rock
|turn|9
|
|switch|p1a: Forretress|Forretress, F|23\/354
|detailschange|p2a: Ampharos|Ampharos-Mega, F
|message|Ampharos has Mega Evolved into Mega Ampharos!
|-ability|p2a: Ampharos|Mold Breaker
|move|p2a: Ampharos|Volt Switch|p1a: Forretress
|-damage|p1a: Forretress|0 fnt
|faint|p1a: Forretress
|
|switch|p2a: Victini|Victini|341\/341
|-damage|p2a: Victini|256\/341|[from] Stealth Rock
|
|
|switch|p1a: Suicune|Suicune|330\/404
|-ability|p1a: Suicune|Pressure
|turn|10
|
|switch|p1a: Manectric|Manectric, F|281\/281
|move|p2a: Victini|U-turn|p1a: Manectric
|-damage|p1a: Manectric|127\/281
|
|switch|p2a: Scrafty|Scrafty, M|317\/317
|-damage|p2a: Scrafty|298\/317|[from] Stealth Rock
|
|turn|11
|
|detailschange|p1a: Manectric|Manectric-Mega, F
|message|Manectric has Mega Evolved into Mega Manectric!
|-ability|p1a: Manectric|Intimidate|[of] p2a: Scrafty
|-unboost|p2a: Scrafty|atk|1
|move|p1a: Manectric|Volt Switch|p2a: Scrafty
|-damage|p2a: Scrafty|226\/317
|
|switch|p1a: Florges|Florges, F|94\/360
|move|p2a: Scrafty|Drain Punch|p1a: Florges
|-resisted|p1a: Florges
|-damage|p1a: Florges|61\/360
|-heal|p2a: Scrafty|243\/317|[from] drain|[of] p1a: Florges
|
|-heal|p1a: Florges|83\/360|[from] item: Leftovers
|turn|12
|
|switch|p2a: Gligar|Gligar, F|333\/333
|-damage|p2a: Gligar|292\/333|[from] Stealth Rock
|move|p1a: Florges|Wish|p1a: Florges
|
|-heal|p1a: Florges|105\/360|[from] item: Leftovers
|turn|13
|
|move|p2a: Gligar|Defog|p1a: Florges
|-unboost|p1a: Florges|evasion|1
|-sideend|p2: yuricon|Stealth Rock|[from] move: Defog|[of] p2a: Gligar
|move|p1a: Florges|Moonblast|p2a: Gligar
|-damage|p2a: Gligar|175\/333
|
|-heal|p1a: Florges|285\/360|[from] move: Wish|[wisher] Florges
|-heal|p1a: Florges|307\/360|[from] item: Leftovers
|turn|14
|
|move|p2a: Gligar|Stealth Rock|p1a: Florges
|-sidestart|p1: quotenschwarzer|move: Stealth Rock
|move|p1a: Florges|Moonblast|p2a: Gligar
|-damage|p2a: Gligar|52\/333
|
|-heal|p1a: Florges|329\/360|[from] item: Leftovers
|turn|15
|
|move|p2a: Gligar|Roost|p2a: Gligar
|-heal|p2a: Gligar|219\/333
|move|p1a: Florges|Moonblast|p2a: Gligar
|-crit|p2a: Gligar
|-damage|p2a: Gligar|54\/333
|
|-heal|p1a: Florges|351\/360|[from] item: Leftovers
|turn|16
|
|switch|p1a: Suicune|Suicune|330\/404
|-damage|p1a: Suicune|280\/404|[from] Stealth Rock
|-ability|p1a: Suicune|Pressure
|move|p2a: Gligar|Roost|p2a: Gligar
|-heal|p2a: Gligar|221\/333
|
|-heal|p1a: Suicune|305\/404|[from] item: Leftovers
|turn|17
|
|switch|p2a: Shaymin|Shaymin|341\/341
|move|p1a: Suicune|Calm Mind|p1a: Suicune
|-boost|p1a: Suicune|spa|1
|-boost|p1a: Suicune|spd|1
|
|-heal|p1a: Suicune|330\/404|[from] item: Leftovers
|turn|18
|
|move|p2a: Shaymin|Seed Flare|p1a: Suicune|[miss]
|-miss|p2a: Shaymin|p1a: Suicune
|move|p1a: Suicune|Scald|p2a: Shaymin
|-resisted|p2a: Shaymin
|-damage|p2a: Shaymin|276\/341
|
|-heal|p1a: Suicune|355\/404|[from] item: Leftovers
|turn|19
|
|move|p2a: Shaymin|Seed Flare|p1a: Suicune
|-supereffective|p1a: Suicune
|-damage|p1a: Suicune|103\/404
|-damage|p2a: Shaymin|242\/341|[from] item: Life Orb
|move|p1a: Suicune|Scald|p2a: Shaymin
|-resisted|p2a: Shaymin
|-damage|p2a: Shaymin|179\/341
|-status|p2a: Shaymin|brn
|
|-heal|p1a: Suicune|128\/404|[from] item: Leftovers
|-damage|p2a: Shaymin|137\/341 brn|[from] brn
|turn|20
|
|switch|p1a: Victini|Victini|341\/341
|-damage|p1a: Victini|256\/341|[from] Stealth Rock
|move|p2a: Shaymin|Seed Flare|p1a: Victini
|-crit|p1a: Victini
|-resisted|p1a: Victini
|-damage|p1a: Victini|81\/341
|-damage|p2a: Shaymin|103\/341 brn|[from] item: Life Orb
|
|-damage|p2a: Shaymin|61\/341 brn|[from] brn
|turn|21
|
|move|p1a: Victini|U-turn|p2a: Shaymin
|-supereffective|p2a: Shaymin
|-damage|p2a: Shaymin|0 fnt
|faint|p2a: Shaymin
|
|switch|p1a: Manectric|Manectric-Mega, F|127\/281
|-damage|p1a: Manectric|92\/281|[from] Stealth Rock
|
|
|switch|p2a: Victini|Victini|256\/341
|turn|22
|
|switch|p1a: Victini|Victini|81\/341
|-damage|p1a: Victini|0 fnt|[from] Stealth Rock
|faint|p1a: Victini
|move|p2a: Victini|V-create|p1: Victini|[notarget]
|-notarget
|
|
|switch|p1a: Suicune|Suicune|128\/404
|-damage|p1a: Suicune|78\/404|[from] Stealth Rock
|-ability|p1a: Suicune|Pressure
|turn|23
|
|move|p2a: Victini|V-create|p1a: Suicune
|-resisted|p1a: Suicune
|-damage|p1a: Suicune|0 fnt
|-unboost|p2a: Victini|def|1
|-unboost|p2a: Victini|spd|1
|-unboost|p2a: Victini|spe|1
|faint|p1a: Suicune
|
|
|switch|p1a: Noivern|Noivern, M|311\/311
|-damage|p1a: Noivern|234\/311|[from] Stealth Rock
|turn|24
|
|switch|p2a: Gligar|Gligar, F|221\/333
|move|p1a: Noivern|Draco Meteor|p2a: Gligar
|-damage|p2a: Gligar|0 fnt
|-unboost|p1a: Noivern|spa|2
|faint|p2a: Gligar
|
|
|switch|p2a: Scrafty|Scrafty, M|243\/317
|turn|25
|
|switch|p1a: Florges|Florges, F|351\/360
|-damage|p1a: Florges|306\/360|[from] Stealth Rock
|move|p2a: Scrafty|Knock Off|p1a: Florges
|-resisted|p1a: Florges
|-damage|p1a: Florges|237\/360
|-enditem|p1a: Florges|Leftovers|[from] move: Knock Off|[of] p2a: Scrafty
|
|turn|26
|
|move|p1a: Florges|Wish|p1a: Florges
|move|p2a: Scrafty|High Jump Kick|p1a: Florges
|-resisted|p1a: Florges
|-damage|p1a: Florges|153\/360
|
|turn|27
|
|switch|p2a: Victini|Victini|256\/341
|move|p1a: Florges|Moonblast|p2a: Victini
|-resisted|p2a: Victini
|-damage|p2a: Victini|190\/341
|-unboost|p2a: Victini|spa|1
|
|-heal|p1a: Florges|333\/360|[from] move: Wish|[wisher] Florges
|turn|28
|
|move|p1a: Florges|Protect|p1a: Florges
|-singleturn|p1a: Florges|Protect
|move|p2a: Victini|U-turn|p1a: Florges
|-activate|p1a: Florges|Protect
|
|turn|29
|
|move|p2a: Victini|U-turn|p1a: Florges
|-resisted|p1a: Florges
|-damage|p1a: Florges|289\/360
|
|switch|p2a: Scrafty|Scrafty, M|243\/317
|move|p1a: Florges|Moonblast|p2a: Scrafty
|-supereffective|p2a: Scrafty
|-damage|p2a: Scrafty|0 fnt
|faint|p2a: Scrafty
|
|
|switch|p2a: Victini|Victini|190\/341
|turn|30
|
|move|p2a: Victini|V-create|p1a: Florges
|-damage|p1a: Florges|0 fnt
|-unboost|p2a: Victini|def|1
|-unboost|p2a: Victini|spd|1
|-unboost|p2a: Victini|spe|1
|faint|p1a: Florges
|
|
|switch|p1a: Noivern|Noivern, M|234\/311
|-damage|p1a: Noivern|157\/311|[from] Stealth Rock
|turn|31
|
|move|p1a: Noivern|Draco Meteor|p2a: Victini
|-damage|p2a: Victini|0 fnt
|-unboost|p1a: Noivern|spa|2
|faint|p2a: Victini
|
|
|switch|p2a: Ampharos|Ampharos-Mega, F|336\/383
|-ability|p2a: Ampharos|Mold Breaker
|turn|32
|
|switch|p1a: Manectric|Manectric-Mega, F|92\/281
|-damage|p1a: Manectric|57\/281|[from] Stealth Rock
|-ability|p1a: Manectric|Intimidate|[of] p2a: Ampharos
|-unboost|p2a: Ampharos|atk|1
|move|p2a: Ampharos|Rest|p2a: Ampharos
|-status|p2a: Ampharos|slp
|-heal|p2a: Ampharos|383\/383 slp|[silent]
|-status|p2a: Ampharos|slp|[from] move: Rest
|
|turn|33
|
|move|p1a: Manectric|Thunderbolt|p2a: Ampharos
|-resisted|p2a: Ampharos
|-damage|p2a: Ampharos|344\/383 slp
|cant|p2a: Ampharos|slp
|move|p2a: Ampharos|Sleep Talk|p2a: Ampharos
|move|p2a: Ampharos|Rest|p2a: Ampharos|[from]Sleep Talk
|-fail|p2a: Ampharos
|
|turn|34
|
|move|p1a: Manectric|Overheat|p2a: Ampharos
|-resisted|p2a: Ampharos
|-damage|p2a: Ampharos|265\/383 slp
|-unboost|p1a: Manectric|spa|2
|cant|p2a: Ampharos|slp
|move|p2a: Ampharos|Sleep Talk|p2a: Ampharos
|move|p2a: Ampharos|Dragon Pulse|p1a: Manectric|[from]Sleep Talk
|-damage|p1a: Manectric|0 fnt
|faint|p1a: Manectric
|
|
|switch|p1a: Noivern|Noivern, M|157\/311
|-damage|p1a: Noivern|80\/311|[from] Stealth Rock
|turn|35
|
|move|p1a: Noivern|Draco Meteor|p2a: Ampharos
|-supereffective|p2a: Ampharos
|-damage|p2a: Ampharos|0 fnt
|-unboost|p1a: Noivern|spa|2
|faint|p2a: Ampharos
|
|win|quotenschwarzer
|raw|Ladder updating...
|raw|quotenschwarzer's rating: 1380 &rarr; <strong>1404<\/strong><br \/>(+24 for winning)
|raw|yuricon's rating: 1436 &rarr; <strong>1413<\/strong><br \/>(-23 for losing)
|chat|quotenschwarzer|gg
|chat|yuricon|gg
|leave|quotenschwarzer
|player|p1