|join|Lord Zyrador
|join|yuricon
|player|p1|Lord Zyrador|110
|player|p2|yuricon|2
|gametype|singles
|gen|6
|tier|UU
|rated
|rule|Sleep Clause Mod: Limit one foe put to sleep
|rule|Species Clause: Limit one of each PokÃ©mon
|rule|OHKO Clause: OHKO moves are banned
|rule|Moody Clause: Moody is banned
|rule|Evasion Moves Clause: Evasion moves are banned
|rule|Endless Battle Clause: Forcing endless battles is banned
|rule|HP Percentage Mod: HP is shown in percentages
|clearpoke
|poke|p1|Yanmega, M
|poke|p1|Jirachi
|poke|p1|Vaporeon, F
|poke|p1|Nidoking, M
|poke|p1|Machamp, F
|poke|p1|Donphan, M
|poke|p2|Zygarde
|poke|p2|Forretress, M
|poke|p2|Florges, F
|poke|p2|Blastoise, M
|poke|p2|Crobat, F
|poke|p2|Machamp, F
|rule|Swagger Clause: Swagger is banned
|rule|Baton Pass Clause: Limit one PokÃ©mon knowing Baton Pass
|teampreview
|c|âyuricon|gl hf
|join|goldenpanic
|c|âLord Zyrador|you too
|
|start
|switch|p1a: Nidoking|Nidoking, M|303\/303
|switch|p2a: Forretress|Forretress, M|353\/353
|turn|1
|
|move|p1a: Nidoking|Earth Power|p2a: Forretress
|-damage|p2a: Forretress|115\/353
|move|p2a: Forretress|Stealth Rock|p1a: Nidoking
|-sidestart|p1: Lord Zyrador|move: Stealth Rock
|
|-heal|p2a: Forretress|137\/353|[from] item: Leftovers
|turn|2
|
|switch|p2a: Blastoise|Blastoise, M|361\/361
|move|p1a: Nidoking|Thunderbolt|p2a: Blastoise
|-supereffective|p2a: Blastoise
|-damage|p2a: Blastoise|132\/361
|
|turn|3
|
|detailschange|p2a: Blastoise|Blastoise-Mega, M
|-mega|p2a: Blastoise|Blastoise|Blastoisinite
|move|p1a: Nidoking|Sludge Wave|p2a: Blastoise
|-damage|p2a: Blastoise|0 fnt
|faint|p2a: Blastoise
|
|
|switch|p2a: Machamp|Machamp, F|363\/363
|turn|4
|
|move|p1a: Nidoking|Sludge Wave|p2a: Machamp
|-crit|p2a: Machamp
|-damage|p2a: Machamp|0 fnt
|faint|p2a: Machamp
|
|
|switch|p2a: Crobat|Crobat, F|371\/371
|turn|5
|c|âLord Zyrador|sorry bout the crit
|
|switch|p1a: Airavata|Donphan, M|384\/384
|-damage|p1a: Airavata|360\/384|[from] Stealth Rock
|move|p2a: Crobat|Brave Bird|p1a: Airavata
|-damage|p1a: Airavata|254\/384
|-damage|p2a: Crobat|336\/371|[from] recoil|[of] p1a: Airavata
|
|-heal|p1a: Airavata|278\/384|[from] item: Leftovers
|turn|6
|
|move|p2a: Crobat|U-turn|p1a: Airavata
|-damage|p1a: Airavata|242\/384
|
|switch|p2a: Zygarde|Zygarde|419\/419
|-ability|p2a: Zygarde|Aura Break
|move|p1a: Airavata|Rapid Spin|p2a: Zygarde
|-crit|p2a: Zygarde
|-damage|p2a: Zygarde|396\/419
|-sideend|p1: Lord Zyrador|Stealth Rock|[from] move: Rapid Spin|[of] p1a: Airavata
|
|-heal|p2a: Zygarde|419\/419|[from] item: Leftovers
|-heal|p1a: Airavata|266\/384|[from] item: Leftovers
|turn|7
|
|move|p1a: Airavata|Ice Shard|p2a: Zygarde
|-supereffective|p2a: Zygarde
|-damage|p2a: Zygarde|299\/419
|move|p2a: Zygarde|Coil|p2a: Zygarde
|-boost|p2a: Zygarde|atk|1
|-boost|p2a: Zygarde|def|1
|-boost|p2a: Zygarde|accuracy|1
|
|-heal|p2a: Zygarde|325\/419|[from] item: Leftovers
|-heal|p1a: Airavata|290\/384|[from] item: Leftovers
|turn|8
|
|switch|p1a: Fallen|Jirachi|341\/341
|move|p2a: Zygarde|Substitute|p2a: Zygarde
|-start|p2a: Zygarde|Substitute
|-damage|p2a: Zygarde|221\/419
|
|-heal|p2a: Zygarde|247\/419|[from] item: Leftovers
|turn|9
|
|switch|p1a: New Queen|Yanmega, M|313\/313
|move|p2a: Zygarde|Coil|p2a: Zygarde
|-boost|p2a: Zygarde|atk|1
|-boost|p2a: Zygarde|def|1
|-boost|p2a: Zygarde|accuracy|1
|
|-heal|p2a: Zygarde|273\/419|[from] item: Leftovers
|turn|10
|
|move|p1a: New Queen|Bug Buzz|p2a: Zygarde
|-damage|p2a: Zygarde|65\/419
|move|p2a: Zygarde|Dragon Tail|p1a: New Queen
|-damage|p1a: New Queen|154\/313
|drag|p1a: Nidoking|Nidoking, M|303\/303
|
|-heal|p2a: Zygarde|91\/419|[from] item: Leftovers
|turn|11
|
|move|p1a: Nidoking|Earth Power|p2a: Zygarde
|-end|p2a: Zygarde|Substitute
|move|p2a: Zygarde|Earthquake|p1a: Nidoking
|-supereffective|p1a: Nidoking
|-damage|p1a: Nidoking|0 fnt
|faint|p1a: Nidoking
|
|-heal|p2a: Zygarde|117\/419|[from] item: Leftovers
|
|switch|p1a: New Queen|Yanmega, M|154\/313
|turn|12
|
|switch|p2a: Florges|Florges, F|359\/359
|move|p1a: New Queen|Bug Buzz|p2a: Florges
|-crit|p2a: Florges
|-resisted|p2a: Florges
|-damage|p2a: Florges|119\/359
|
|-heal|p2a: Florges|141\/359|[from] item: Leftovers
|turn|13
|
|switch|p2a: Crobat|Crobat, F|336\/371
|move|p1a: New Queen|Bug Buzz|p2a: Crobat
|-resisted|p2a: Crobat
|-damage|p2a: Crobat|208\/371
|
|turn|14
|
|switch|p1a: Fallen|Jirachi|341\/341
|move|p2a: Crobat|U-turn|p1a: Fallen
|-damage|p1a: Fallen|290\/341
|
|switch|p2a: Forretress|Forretress, M|137\/353
|
|-heal|p2a: Forretress|159\/353|[from] item: Leftovers
|turn|15
|
|move|p1a: Fallen|U-turn|p2a: Forretress
|-resisted|p2a: Forretress
|-damage|p2a: Forretress|139\/353
|
|switch|p1a: Eisenhauer|Machamp, F|372\/372
|move|p2a: Forretress|Stealth Rock|p1a: Eisenhauer
|-sidestart|p1: Lord Zyrador|move: Stealth Rock
|
|-heal|p2a: Forretress|161\/353|[from] item: Leftovers
|turn|16
|
|move|p1a: Eisenhauer|Substitute|p1a: Eisenhauer
|-start|p1a: Eisenhauer|Substitute
|-damage|p1a: Eisenhauer|279\/372
|move|p2a: Forretress|Volt Switch|p1a: Eisenhauer
|-activate|p1a: Eisenhauer|Substitute|[damage]
|
|switch|p2a: Crobat|Crobat, F|208\/371
|
|-heal|p1a: Eisenhauer|302\/372|[from] item: Leftovers
|turn|17
|
|switch|p1a: Airavata|Donphan, M|290\/384
|-damage|p1a: Airavata|266\/384|[from] Stealth Rock
|move|p2a: Crobat|Brave Bird|p1a: Airavata
|-damage|p1a: Airavata|143\/384
|-damage|p2a: Crobat|167\/371|[from] recoil|[of] p1a: Airavata
|
|-heal|p1a: Airavata|167\/384|[from] item: Leftovers
|turn|18
|
|move|p2a: Crobat|Toxic|p1a: Airavata
|-status|p1a: Airavata|tox
|move|p1a: Airavata|Rapid Spin|p2a: Crobat
|-damage|p2a: Crobat|142\/371
|-sideend|p1: Lord Zyrador|Stealth Rock|[from] move: Rapid Spin|[of] p1a: Airavata
|
|-heal|p1a: Airavata|191\/384 tox|[from] item: Leftovers
|-damage|p1a: Airavata|167\/384 tox|[from] psn
|turn|19
|
|switch|p1a: Fallen|Jirachi|290\/341
|move|p2a: Crobat|U-turn|p1a: Fallen
|-damage|p1a: Fallen|233\/341
|
|switch|p2a: Forretress|Forretress, M|161\/353
|
|-heal|p2a: Forretress|183\/353|[from] item: Leftovers
|turn|20
|
|move|p1a: Fallen|Iron Head|p2a: Forretress
|-resisted|p2a: Forretress
|-damage|p2a: Forretress|144\/353
|cant|p2a: Forretress|flinch
|
|-heal|p2a: Forretress|166\/353|[from] item: Leftovers
|turn|21
|
|move|p1a: Fallen|Iron Head|p2a: Forretress
|-resisted|p2a: Forretress
|-damage|p2a: Forretress|130\/353
|cant|p2a: Forretress|flinch
|
|-heal|p2a: Forretress|152\/353|[from] item: Leftovers
|turn|22
|
|switch|p1a: Sleepy|Vaporeon, F|464\/464
|move|p2a: Forretress|Stealth Rock|p1a: Sleepy
|-sidestart|p1: Lord Zyrador|move: Stealth Rock
|
|-heal|p2a: Forretress|174\/353|[from] item: Leftovers
|turn|23
|
|switch|p2a: Florges|Florges, F|141\/359
|move|p1a: Sleepy|Wish|p1a: Sleepy
|
|-heal|p2a: Florges|163\/359|[from] item: Leftovers
|turn|24
|
|switch|p1a: Fallen|Jirachi|233\/341
|-damage|p1a: Fallen|212\/341|[from] Stealth Rock
|move|p2a: Florges|Wish|p2a: Florges
|
|-heal|p1a: Fallen|341\/341|[from] move: Wish|[wisher] Sleepy
|-heal|p2a: Florges|185\/359|[from] item: Leftovers
|turn|25
|
|switch|p2a: Zygarde|Zygarde|117\/419
|-ability|p2a: Zygarde|Aura Break
|move|p1a: Fallen|Trick|p2a: Zygarde
|-activate|p1a: Fallen|move: Trick|[of] p2a: Zygarde
|-item|p2a: Zygarde|Choice Scarf|[from] move: Trick
|-item|p1a: Fallen|Leftovers|[from] move: Trick
|
|-heal|p2a: Zygarde|296\/419|[from] move: Wish|[wisher] Florges
|turn|26
|
|switch|p1a: Sleepy|Vaporeon, F|464\/464
|-damage|p1a: Sleepy|406\/464|[from] Stealth Rock
|move|p2a: Zygarde|Dragon Tail|p1a: Sleepy
|-damage|p1a: Sleepy|321\/464
|drag|p1a: Fallen|Jirachi|341\/341
|-damage|p1a: Fallen|320\/341|[from] Stealth Rock
|
|-heal|p1a: Fallen|341\/341|[from] item: Leftovers
|turn|27
|
|move|p1a: Fallen|Ice Punch|p2a: Zygarde
|-supereffective|p2a: Zygarde
|-damage|p2a: Zygarde|80\/419
|move|p2a: Zygarde|Dragon Tail|p1a: Fallen
|-resisted|p1a: Fallen
|-damage|p1a: Fallen|308\/341
|drag|p1a: New Queen|Yanmega, M|154\/313
|-damage|p1a: New Queen|0 fnt|[from] Stealth Rock
|faint|p1a: New Queen
|
|
|switch|p1a: Sleepy|Vaporeon, F|321\/464
|-damage|p1a: Sleepy|263\/464|[from] Stealth Rock
|turn|28
|
|switch|p2a: Florges|Florges, F|185\/359
|move|p1a: Sleepy|Protect|p1a: Sleepy
|-fail|p1a: Sleepy
|
|-heal|p2a: Florges|207\/359|[from] item: Leftovers
|-heal|p1a: Sleepy|292\/464|[from] item: Leftovers
|turn|29
|
|move|p2a: Florges|Wish|p2a: Florges
|move|p1a: Sleepy|Wish|p1a: Sleepy
|
|-heal|p2a: Florges|229\/359|[from] item: Leftovers
|-heal|p1a: Sleepy|321\/464|[from] item: Leftovers
|turn|30
|
|move|p2a: Florges|Moonblast|p1a: Sleepy
|-damage|p1a: Sleepy|207\/464
|-unboost|p1a: Sleepy|spa|1
|move|p1a: Sleepy|Scald|p2a: Florges
|-damage|p2a: Florges|180\/359
|-status|p2a: Florges|brn
|
|-heal|p1a: Sleepy|439\/464|[from] move: Wish|[wisher] Sleepy
|-heal|p2a: Florges|359\/359 brn|[from] move: Wish|[wisher] Florges
|-heal|p1a: Sleepy|464\/464|[from] item: Leftovers
|-damage|p2a: Florges|315\/359 brn|[from] brn
|turn|31
|
|move|p2a: Florges|Aromatherapy|p2a: Florges
|-cureteam|p2a: Florges|[from] move: Aromatherapy
|move|p1a: Sleepy|Wish|p1a: Sleepy
|
|-heal|p2a: Florges|337\/359|[from] item: Leftovers
|turn|32
|
|switch|p1a: Fallen|Jirachi|308\/341
|-damage|p1a: Fallen|287\/341|[from] Stealth Rock
|move|p2a: Florges|Wish|p2a: Florges
|
|-heal|p1a: Fallen|341\/341|[from] move: Wish|[wisher] Sleepy
|-heal|p2a: Florges|359\/359|[from] item: Leftovers
|turn|33
|
|switch|p2a: Forretress|Forretress, M|174\/353
|move|p1a: Fallen|Iron Head|p2a: Forretress
|-resisted|p2a: Forretress
|-damage|p2a: Forretress|136\/353
|
|-heal|p2a: Forretress|315\/353|[from] move: Wish|[wisher] Florges
|-heal|p2a: Forretress|337\/353|[from] item: Leftovers
|turn|34
|
|switch|p1a: Sleepy|Vaporeon, F|464\/464
|-damage|p1a: Sleepy|406\/464|[from] Stealth Rock
|move|p2a: Forretress|Spikes|p1a: Sleepy
|-sidestart|p1: Lord Zyrador|Spikes
|
|-heal|p1a: Sleepy|435\/464|[from] item: Leftovers
|-heal|p2a: Forretress|353\/353|[from] item: Leftovers
|turn|35
|join|Reyde
|
|move|p1a: Sleepy|Wish|p1a: Sleepy
|move|p2a: Forretress|Toxic|p1a: Sleepy
|-status|p1a: Sleepy|tox
|
|-heal|p1a: Sleepy|464\/464 tox|[from] item: Leftovers
|-damage|p1a: Sleepy|435\/464 tox|[from] psn
|turn|36
|
|switch|p1a: Airavata|Donphan, M|167\/384 tox
|-damage|p1a: Airavata|119\/384 tox|[from] Spikes
|-damage|p1a: Airavata|95\/384 tox|[from] Stealth Rock
|switch|p2a: Florges|Florges, F|359\/359
|
|-heal|p1a: Airavata|327\/384 tox|[from] move: Wish|[wisher] Sleepy
|-heal|p1a: Airavata|351\/384 tox|[from] item: Leftovers
|-damage|p1a: Airavata|327\/384 tox|[from] psn
|turn|37
|
|move|p2a: Florges|Moonblast|p1a: Airavata
|-damage|p1a: Airavata|161\/384 tox
|move|p1a: Airavata|Rapid Spin|p2a: Florges
|-damage|p2a: Florges|341\/359
|-sideend|p1: Lord Zyrador|Spikes|[from] move: Rapid Spin|[of] p1a: Airavata
|-sideend|p1: Lord Zyrador|Stealth Rock|[from] move: Rapid Spin|[of] p1a: Airavata
|
|-heal|p2a: Florges|359\/359|[from] item: Leftovers
|-heal|p1a: Airavata|185\/384 tox|[from] item: Leftovers
|-damage|p1a: Airavata|137\/384 tox|[from] psn
|turn|38
|
|switch|p2a: Forretress|Forretress, M|353\/353
|switch|p1a: Sleepy|Vaporeon, F|435\/464 tox
|
|-heal|p1a: Sleepy|464\/464 tox|[from] item: Leftovers
|-damage|p1a: Sleepy|435\/464 tox|[from] psn
|turn|39
|
|move|p1a: Sleepy|Scald|p2a: Forretress
|-damage|p2a: Forretress|233\/353
|move|p2a: Forretress|Stealth Rock|p1a: Sleepy
|-sidestart|p1: Lord Zyrador|move: Stealth Rock
|
|-heal|p1a: Sleepy|464\/464 tox|[from] item: Leftovers
|-heal|p2a: Forretress|255\/353|[from] item: Leftovers
|-damage|p1a: Sleepy|406\/464 tox|[from] psn
|turn|40
|
|switch|p2a: Florges|Florges, F|359\/359
|move|p1a: Sleepy|Heal Bell|p1a: Sleepy
|-cureteam|p1a: Sleepy|[from] move: HealBell
|
|-heal|p1a: Sleepy|435\/464|[from] item: Leftovers
|turn|41
|
|switch|p1a: Fallen|Jirachi|341\/341
|-damage|p1a: Fallen|320\/341|[from] Stealth Rock
|move|p2a: Florges|Moonblast|p1a: Fallen
|-resisted|p1a: Fallen
|-damage|p1a: Fallen|260\/341
|
|-heal|p1a: Fallen|281\/341|[from] item: Leftovers
|turn|42
|
|switch|p2a: Forretress|Forretress, M|255\/353
|move|p1a: Fallen|Iron Head|p2a: Forretress
|-resisted|p2a: Forretress
|-damage|p2a: Forretress|219\/353
|
|-heal|p1a: Fallen|302\/341|[from] item: Leftovers
|-heal|p2a: Forretress|241\/353|[from] item: Leftovers
|turn|43
|
|move|p1a: Fallen|U-turn|p2a: Forretress
|-resisted|p2a: Forretress
|-damage|p2a: Forretress|218\/353
|
|switch|p1a: Eisenhauer|Machamp, F|302\/372
|-damage|p1a: Eisenhauer|279\/372|[from] Stealth Rock
|move|p2a: Forretress|Toxic|p1a: Eisenhauer
|-status|p1a: Eisenhauer|tox
|
|-heal|p1a: Eisenhauer|302\/372 tox|[from] item: Leftovers
|-heal|p2a: Forretress|240\/353|[from] item: Leftovers
|-damage|p1a: Eisenhauer|279\/372 tox|[from] psn
|turn|44
|
|move|p1a: Eisenhauer|Stone Edge|p2a: Forretress
|-crit|p2a: Forretress
|-damage|p2a: Forretress|131\/353
|move|p2a: Forretress|Volt Switch|p1a: Eisenhauer
|-damage|p1a: Eisenhauer|235\/372 tox
|
|switch|p2a: Crobat|Crobat, F|142\/371
|
|-heal|p1a: Eisenhauer|258\/372 tox|[from] item: Leftovers
|-damage|p1a: Eisenhauer|212\/372 tox|[from] psn
|turn|45
|
|switch|p1a: Fallen|Jirachi|302\/341
|-damage|p1a: Fallen|281\/341|[from] Stealth Rock
|move|p2a: Crobat|Roost|p2a: Crobat
|-heal|p2a: Crobat|328\/371
|
|-heal|p1a: Fallen|302\/341|[from] item: Leftovers
|turn|46
|
|move|p2a: Crobat|U-turn|p1a: Fallen
|-damage|p1a: Fallen|246\/341
|
|switch|p2a: Forretress|Forretress, M|131\/353
|move|p1a: Fallen|U-turn|p2a: Forretress
|-resisted|p2a: Forretress
|-damage|p2a: Forretress|111\/353
|
|switch|p1a: Sleepy|Vaporeon, F|435\/464
|-damage|p1a: Sleepy|377\/464|[from] Stealth Rock
|
|-heal|p1a: Sleepy|406\/464|[from] item: Leftovers
|-heal|p2a: Forretress|133\/353|[from] item: Leftovers
|turn|47
|
|switch|p2a: Florges|Florges, F|359\/359
|move|p1a: Sleepy|Scald|p2a: Florges
|-damage|p2a: Florges|290\/359
|
|-heal|p2a: Florges|312\/359|[from] item: Leftovers
|-heal|p1a: Sleepy|435\/464|[from] item: Leftovers
|turn|48
|
|move|p2a: Florges|Wish|p2a: Florges
|move|p1a: Sleepy|Wish|p1a: Sleepy
|
|-heal|p2a: Florges|334\/359|[from] item: Leftovers
|-heal|p1a: Sleepy|464\/464|[from] item: Leftovers
|turn|49
|c| Reyde|zygarde incoming
|
|move|p2a: Florges|Moonblast|p1a: Sleepy
|-damage|p1a: Sleepy|353\/464
|move|p1a: Sleepy|Scald|p2a: Florges
|-damage|p2a: Florges|264\/359
|
|-heal|p1a: Sleepy|464\/464|[from] move: Wish|[wisher] Sleepy
|-heal|p2a: Florges|359\/359|[from] move: Wish|[wisher] Florges
|turn|50
|
|move|p2a: Florges|Moonblast|p1a: Sleepy
|-damage|p1a: Sleepy|346\/464
|move|p1a: Sleepy|Wish|p1a: Sleepy
|
|-heal|p1a: Sleepy|375\/464|[from] item: Leftovers
|turn|51
|
|switch|p1a: Fallen|Jirachi|246\/341
|-damage|p1a: Fallen|225\/341|[from] Stealth Rock
|move|p2a: Florges|Wish|p2a: Florges
|
|-heal|p1a: Fallen|341\/341|[from] move: Wish|[wisher] Sleepy
|turn|52
|
|switch|p2a: Crobat|Crobat, F|328\/371
|move|p1a: Fallen|U-turn|p2a: Crobat
|-resisted|p2a: Crobat
|-damage|p2a: Crobat|308\/371
|
|switch|p1a: Sleepy|Vaporeon, F|375\/464
|-damage|p1a: Sleepy|317\/464|[from] Stealth Rock
|
|-heal|p2a: Crobat|371\/371|[from] move: Wish|[wisher] Florges
|-heal|p1a: Sleepy|346\/464|[from] item: Leftovers
|turn|53
|
|move|p2a: Crobat|Toxic|p1a: Sleepy
|-status|p1a: Sleepy|tox
|move|p1a: Sleepy|Wish|p1a: Sleepy
|
|-heal|p1a: Sleepy|375\/464 tox|[from] item: Leftovers
|-damage|p1a: Sleepy|346\/464 tox|[from] psn
|turn|54
|
|move|p2a: Crobat|Brave Bird|p1a: Sleepy
|-damage|p1a: Sleepy|141\/464 tox
|-damage|p2a: Crobat|303\/371|[from] recoil|[of] p1a: Sleepy
|move|p1a: Sleepy|Heal Bell|p1a: Sleepy
|-cureteam|p1a: Sleepy|[from] move: HealBell
|
|-heal|p1a: Sleepy|373\/464|[from] move: Wish|[wisher] Sleepy
|-heal|p1a: Sleepy|402\/464|[from] item: Leftovers
|turn|55
|
|move|p1a: Sleepy|Protect|p1a: Sleepy
|-singleturn|p1a: Sleepy|Protect
|move|p2a: Crobat|Toxic|p1a: Sleepy
|-activate|p1a: Sleepy|Protect
|
|-heal|p1a: Sleepy|431\/464|[from] item: Leftovers
|turn|56
|
|move|p2a: Crobat|Toxic|p1a: Sleepy
|-status|p1a: Sleepy|tox
|move|p1a: Sleepy|Scald|p2a: Crobat
|-damage|p2a: Crobat|171\/371
|
|-heal|p1a: Sleepy|460\/464 tox|[from] item: Leftovers
|-damage|p1a: Sleepy|431\/464 tox|[from] psn
|turn|57
|
|switch|p1a: Fallen|Jirachi|341\/341
|-damage|p1a: Fallen|320\/341|[from] Stealth Rock
|move|p2a: Crobat|Roost|p2a: Crobat
|-heal|p2a: Crobat|357\/371
|
|-heal|p1a: Fallen|341\/341|[from] item: Leftovers
|turn|58
|
|move|p2a: Crobat|U-turn|p1a: Fallen
|-damage|p1a: Fallen|280\/341
|
|switch|p2a: Forretress|Forretress, M|133\/353
|move|p1a: Fallen|Ice Punch|p2a: Forretress
|-resisted|p2a: Forretress
|-damage|p2a: Forretress|109\/353
|
|-heal|p1a: Fallen|301\/341|[from] item: Leftovers
|-heal|p2a: Forretress|131\/353|[from] item: Leftovers
|turn|59
|
|move|p1a: Fallen|Iron Head|p2a: Forretress
|-resisted|p2a: Forretress
|-damage|p2a: Forretress|92\/353
|move|p2a: Forretress|Spikes|p1a: Fallen
|-sidestart|p1: Lord Zyrador|Spikes
|
|-heal|p1a: Fallen|322\/341|[from] item: Leftovers
|-heal|p2a: Forretress|114\/353|[from] item: Leftovers
|turn|60
|
|switch|p1a: Sleepy|Vaporeon, F|431\/464 tox
|-damage|p1a: Sleepy|373\/464 tox|[from] Spikes
|-damage|p1a: Sleepy|315\/464 tox|[from] Stealth Rock
|move|p2a: Forretress|Spikes|p1a: Sleepy
|-sidestart|p1: Lord Zyrador|Spikes
|
|-heal|p1a: Sleepy|344\/464 tox|[from] item: Leftovers
|-heal|p2a: Forretress|136\/353|[from] item: Leftovers
|-damage|p1a: Sleepy|315\/464 tox|[from] psn
|turn|61
|
|switch|p2a: Crobat|Crobat, F|357\/371
|move|p1a: Sleepy|Wish|p1a: Sleepy
|
|-heal|p1a: Sleepy|344\/464 tox|[from] item: Leftovers
|-damage|p1a: Sleepy|286\/464 tox|[from] psn
|turn|62
|
|move|p2a: Crobat|U-turn|p1a: Sleepy
|-damage|p1a: Sleepy|218\/464 tox
|
|switch|p2a: Florges|Florges, F|359\/359
|move|p1a: Sleepy|Scald|p2a: Florges
|-damage|p2a: Florges|289\/359
|
|-heal|p1a: Sleepy|450\/464 tox|[from] move: Wish|[wisher] Sleepy
|-heal|p2a: Florges|311\/359|[from] item: Leftovers
|-heal|p1a: Sleepy|464\/464 tox|[from] item: Leftovers
|-damage|p1a: Sleepy|377\/464 tox|[from] psn
|turn|63
|
|move|p2a: Florges|Wish|p2a: Florges
|move|p1a: Sleepy|Heal Bell|p1a: Sleepy
|-cureteam|p1a: Sleepy|[from] move: HealBell
|
|-heal|p2a: Florges|333\/359|[from] item: Leftovers
|-heal|p1a: Sleepy|406\/464|[from] item: Leftovers
|turn|64
|
|switch|p2a: Forretress|Forretress, M|136\/353
|switch|p1a: Fallen|Jirachi|322\/341
|-damage|p1a: Fallen|301\/341|[from] Stealth Rock
|-damage|p1a: Fallen|245\/341|[from] Spikes
|
|-heal|p2a: Forretress|315\/353|[from] move: Wish|[wisher] Florges
|-heal|p1a: Fallen|266\/341|[from] item: Leftovers
|-heal|p2a: Forretress|337\/353|[from] item: Leftovers
|turn|65
|c|âLord Zyrador|gg
|-message|Lord Zyrador forfeited.
|leave|Lord Zyrador
|
|win|yuricon
|raw|Ladder updating...
|player|p1
|c|âyuricon|gg
|leave|Reyde
|raw|Lord Zyrador's rating: 1408 &rarr; <strong>1396<\/strong><br \/>(-12 for losing)
|raw|yuricon's rating: 1564 &rarr; <strong>1576<\/strong><br \/>(+12 for winning)