|join|Century Express
|join|yuricon
|player|p1|Century Express|216
|player|p2|yuricon|2
|gametype|singles
|gen|6
|tier|UU
|rated
|rule|Sleep Clause Mod: Limit one foe put to sleep
|rule|Species Clause: Limit one of each PokÃ©mon
|rule|OHKO Clause: OHKO moves are banned
|rule|Moody Clause: Moody is banned
|rule|Evasion Moves Clause: Evasion moves are banned
|rule|Endless Battle Clause: Forcing endless battles is banned
|rule|HP Percentage Mod: HP is shown in percentages
|clearpoke
|poke|p1|Ampharos, M
|poke|p1|Jirachi
|poke|p1|Crobat, M
|poke|p1|Gligar, M
|poke|p1|Vaporeon, F
|poke|p1|Hydreigon, M
|poke|p2|Lopunny, M
|poke|p2|Bronzong
|poke|p2|Tentacruel, M
|poke|p2|Florges, F
|poke|p2|Hydreigon, F
|poke|p2|Zygarde
|rule|Swagger Clause: Swagger is banned
|rule|Baton Pass Clause: Limit one PokÃ©mon knowing Baton Pass
|teampreview
|
|start
|switch|p1a: Sand Kid|Gligar, M|333\/333
|switch|p2a: Hydreigon|Hydreigon, F|325\/325
|turn|1
|
|move|p2a: Hydreigon|Dark Pulse|p1a: Sand Kid
|-damage|p1a: Sand Kid|237\/333
|move|p1a: Sand Kid|Stealth Rock|p2a: Hydreigon
|-sidestart|p2: yuricon|move: Stealth Rock
|
|turn|2
|
|switch|p2a: Bronzong|Bronzong|338\/338
|-damage|p2a: Bronzong|317\/338|[from] Stealth Rock
|move|p1a: Sand Kid|U-turn|p2a: Bronzong
|-damage|p2a: Bronzong|288\/338
|
|switch|p1a: Pharosus XII|Ampharos, M|351\/351
|
|-heal|p2a: Bronzong|309\/338|[from] item: Leftovers
|turn|3
|
|detailschange|p1a: Pharosus XII|Ampharos-Mega, M
|message|Ampharos has Mega Evolved into Mega Ampharos!
|-ability|p1a: Pharosus XII|Mold Breaker
|move|p1a: Pharosus XII|Thunderbolt|p2a: Bronzong
|-damage|p2a: Bronzong|153\/338
|move|p2a: Bronzong|Stealth Rock|p1a: Pharosus XII
|-sidestart|p1: Century Express|move: Stealth Rock
|
|-heal|p2a: Bronzong|174\/338|[from] item: Leftovers
|turn|4
|
|switch|p2a: Florges|Florges, F|359\/359
|-damage|p2a: Florges|315\/359|[from] Stealth Rock
|move|p1a: Pharosus XII|Volt Switch|p2a: Florges
|-damage|p2a: Florges|195\/359
|
|switch|p1a: Purple Haze|Crobat, M|325\/325
|-damage|p1a: Purple Haze|244\/325|[from] Stealth Rock
|
|-heal|p2a: Florges|217\/359|[from] item: Leftovers
|turn|5
|
|move|p1a: Purple Haze|Acrobatics|p2a: Florges
|-damage|p2a: Florges|69\/359
|move|p2a: Florges|Wish|p2a: Florges
|
|-heal|p2a: Florges|91\/359|[from] item: Leftovers
|turn|6
|
|move|p2a: Florges|Protect|p2a: Florges
|-singleturn|p2a: Florges|Protect
|move|p1a: Purple Haze|Acrobatics|p2a: Florges
|-activate|p2a: Florges|Protect
|
|-heal|p2a: Florges|270\/359|[from] move: Wish|[wisher] Florges
|-heal|p2a: Florges|292\/359|[from] item: Leftovers
|turn|7
|
|switch|p2a: Bronzong|Bronzong|174\/338
|-damage|p2a: Bronzong|153\/338|[from] Stealth Rock
|move|p1a: Purple Haze|Acrobatics|p2a: Bronzong
|-resisted|p2a: Bronzong
|-damage|p2a: Bronzong|101\/338
|
|-heal|p2a: Bronzong|122\/338|[from] item: Leftovers
|turn|8
|
|move|p1a: Purple Haze|U-turn|p2a: Bronzong
|-damage|p2a: Bronzong|78\/338
|
|switch|p1a: Pharosus XII|Ampharos-Mega, M|351\/351
|-damage|p1a: Pharosus XII|308\/351|[from] Stealth Rock
|-ability|p1a: Pharosus XII|Mold Breaker
|move|p2a: Bronzong|Toxic|p1a: Pharosus XII
|-status|p1a: Pharosus XII|tox
|
|-heal|p2a: Bronzong|99\/338|[from] item: Leftovers
|-damage|p1a: Pharosus XII|287\/351 tox|[from] psn
|turn|9
|
|switch|p2a: Zygarde|Zygarde|419\/419
|-damage|p2a: Zygarde|393\/419|[from] Stealth Rock
|-ability|p2a: Zygarde|Aura Break
|move|p1a: Pharosus XII|Dragon Pulse|p2a: Zygarde
|-supereffective|p2a: Zygarde
|-damage|p2a: Zygarde|1\/419
|
|-heal|p2a: Zygarde|27\/419|[from] item: Leftovers
|-damage|p1a: Pharosus XII|245\/351 tox|[from] psn
|turn|10
|
|switch|p1a: Sand Kid|Gligar, M|237\/333
|-damage|p1a: Sand Kid|196\/333|[from] Stealth Rock
|move|p2a: Zygarde|Earthquake|p1a: Sand Kid
|-immune|p1a: Sand Kid|[msg]
|
|-heal|p2a: Zygarde|53\/419|[from] item: Leftovers
|turn|11
|
|switch|p2a: Tentacruel|Tentacruel, M|364\/364
|-damage|p2a: Tentacruel|319\/364|[from] Stealth Rock
|move|p1a: Sand Kid|U-turn|p2a: Tentacruel
|-resisted|p2a: Tentacruel
|-damage|p2a: Tentacruel|298\/364
|
|switch|p1a: Pharosus XII|Ampharos-Mega, M|245\/351 tox
|-damage|p1a: Pharosus XII|202\/351 tox|[from] Stealth Rock
|-ability|p1a: Pharosus XII|Mold Breaker
|
|-heal|p2a: Tentacruel|320\/364|[from] item: Black Sludge
|-damage|p1a: Pharosus XII|181\/351 tox|[from] psn
|turn|12
|
|switch|p2a: Zygarde|Zygarde|53\/419
|-damage|p2a: Zygarde|27\/419|[from] Stealth Rock
|-ability|p2a: Zygarde|Aura Break
|move|p1a: Pharosus XII|Thunderbolt|p2a: Zygarde
|-immune|p2a: Zygarde|[msg]
|
|-heal|p2a: Zygarde|53\/419|[from] item: Leftovers
|-damage|p1a: Pharosus XII|139\/351 tox|[from] psn
|turn|13
|
|switch|p1a: Hellwyvern|Hydreigon, M|325\/325
|-damage|p1a: Hellwyvern|285\/325|[from] Stealth Rock
|move|p2a: Zygarde|Coil|p2a: Zygarde
|-boost|p2a: Zygarde|atk|1
|-boost|p2a: Zygarde|def|1
|-boost|p2a: Zygarde|accuracy|1
|
|-heal|p2a: Zygarde|79\/419|[from] item: Leftovers
|turn|14
|
|move|p1a: Hellwyvern|U-turn|p2a: Zygarde
|-damage|p2a: Zygarde|50\/419
|
|switch|p1a: Shoot Star|Jirachi|341\/341
|-damage|p1a: Shoot Star|320\/341|[from] Stealth Rock
|move|p2a: Zygarde|Dragon Tail|p1a: Shoot Star
|-resisted|p1a: Shoot Star
|-damage|p1a: Shoot Star|268\/341
|drag|p1a: Sand Kid|Gligar, M|196\/333
|-damage|p1a: Sand Kid|155\/333|[from] Stealth Rock
|
|-heal|p2a: Zygarde|76\/419|[from] item: Leftovers
|turn|15
|
|move|p1a: Sand Kid|U-turn|p2a: Zygarde
|-damage|p2a: Zygarde|55\/419
|
|switch|p1a: Shoot Star|Jirachi|268\/341
|-damage|p1a: Shoot Star|247\/341|[from] Stealth Rock
|move|p2a: Zygarde|Dragon Tail|p1a: Shoot Star
|-resisted|p1a: Shoot Star
|-damage|p1a: Shoot Star|193\/341
|drag|p1a: Purple Haze|Crobat, M|244\/325
|-damage|p1a: Purple Haze|163\/325|[from] Stealth Rock
|
|-heal|p2a: Zygarde|81\/419|[from] item: Leftovers
|turn|16
|
|move|p1a: Purple Haze|Acrobatics|p2a: Zygarde
|-damage|p2a: Zygarde|2\/419
|move|p2a: Zygarde|Earthquake|p1a: Purple Haze
|-immune|p1a: Purple Haze|[msg]
|
|-heal|p2a: Zygarde|28\/419|[from] item: Leftovers
|turn|17
|
|move|p1a: Purple Haze|Acrobatics|p2a: Zygarde
|-damage|p2a: Zygarde|0 fnt
|faint|p2a: Zygarde
|
|
|switch|p2a: Hydreigon|Hydreigon, F|325\/325
|-damage|p2a: Hydreigon|285\/325|[from] Stealth Rock
|turn|18
|
|switch|p1a: La Sirene|Vaporeon, F|463\/463
|-damage|p1a: La Sirene|406\/463|[from] Stealth Rock
|move|p2a: Hydreigon|Draco Meteor|p1a: La Sirene
|-damage|p1a: La Sirene|252\/463
|-unboost|p2a: Hydreigon|spa|2
|
|-heal|p1a: La Sirene|280\/463|[from] item: Leftovers
|turn|19
|
|switch|p2a: Tentacruel|Tentacruel, M|320\/364
|-damage|p2a: Tentacruel|275\/364|[from] Stealth Rock
|move|p1a: La Sirene|Wish|p1a: La Sirene
|
|-heal|p2a: Tentacruel|297\/364|[from] item: Black Sludge
|-heal|p1a: La Sirene|308\/463|[from] item: Leftovers
|turn|20
|
|move|p2a: Tentacruel|Scald|p1a: La Sirene
|-heal|p1a: La Sirene|423\/463|[from] ability: Water Absorb|[of] p2a: Tentacruel
|move|p1a: La Sirene|Baton Pass|p1a: La Sirene
|
|switch|p1a: Pharosus XII|Ampharos-Mega, M|139\/351 tox
|-damage|p1a: Pharosus XII|96\/351 tox|[from] Stealth Rock
|-ability|p1a: Pharosus XII|Mold Breaker
|
|-heal|p1a: Pharosus XII|327\/351 tox|[from] move: Wish|[wisher] La Sirene
|-heal|p2a: Tentacruel|319\/364|[from] item: Black Sludge
|-damage|p1a: Pharosus XII|306\/351 tox|[from] psn
|turn|21
|
|switch|p2a: Florges|Florges, F|292\/359
|-damage|p2a: Florges|248\/359|[from] Stealth Rock
|move|p1a: Pharosus XII|Thunderbolt|p2a: Florges
|-damage|p2a: Florges|107\/359
|
|-heal|p2a: Florges|129\/359|[from] item: Leftovers
|-damage|p1a: Pharosus XII|264\/351 tox|[from] psn
|turn|22
|
|switch|p1a: Shoot Star|Jirachi|193\/341
|-damage|p1a: Shoot Star|172\/341|[from] Stealth Rock
|move|p2a: Florges|Protect|p2a: Florges
|-fail|p2a: Florges
|
|-heal|p2a: Florges|151\/359|[from] item: Leftovers
|turn|23
|
|move|p1a: Shoot Star|Trick|p2a: Florges
|-activate|p1a: Shoot Star|move: Trick|[of] p2a: Florges
|-item|p2a: Florges|Choice Scarf|[from] move: Trick
|-item|p1a: Shoot Star|Leftovers|[from] move: Trick
|move|p2a: Florges|Wish|p2a: Florges
|
|-heal|p1a: Shoot Star|193\/341|[from] item: Leftovers
|turn|24
|
|move|p1a: Shoot Star|U-turn|p2a: Florges
|-resisted|p2a: Florges
|-damage|p2a: Florges|120\/359
|
|switch|p1a: Purple Haze|Crobat, M|163\/325
|-damage|p1a: Purple Haze|82\/325|[from] Stealth Rock
|move|p2a: Florges|Wish|p2a: Florges
|-fail|p2a: Florges
|
|-heal|p2a: Florges|299\/359|[from] move: Wish|[wisher] Florges
|turn|25
|
|switch|p2a: Bronzong|Bronzong|99\/338
|-damage|p2a: Bronzong|78\/338|[from] Stealth Rock
|move|p1a: Purple Haze|Roost|p1a: Purple Haze
|-heal|p1a: Purple Haze|245\/325
|
|-heal|p2a: Bronzong|99\/338|[from] item: Leftovers
|turn|26
|
|move|p1a: Purple Haze|U-turn|p2a: Bronzong
|-damage|p2a: Bronzong|53\/338
|
|switch|p1a: Sand Kid|Gligar, M|155\/333
|-damage|p1a: Sand Kid|114\/333|[from] Stealth Rock
|move|p2a: Bronzong|Iron Head|p1a: Sand Kid
|-damage|p1a: Sand Kid|63\/333
|
|-heal|p2a: Bronzong|74\/338|[from] item: Leftovers
|turn|27
|
|move|p1a: Sand Kid|Roost|p1a: Sand Kid
|-heal|p1a: Sand Kid|230\/333
|move|p2a: Bronzong|Toxic|p1a: Sand Kid
|-fail|p1a: Sand Kid
|
|-heal|p2a: Bronzong|95\/338|[from] item: Leftovers
|turn|28
|
|move|p1a: Sand Kid|Roost|p1a: Sand Kid
|-heal|p1a: Sand Kid|333\/333
|move|p2a: Bronzong|Psychic|p1a: Sand Kid
|-damage|p1a: Sand Kid|273\/333
|
|-heal|p2a: Bronzong|116\/338|[from] item: Leftovers
|turn|29
|
|move|p1a: Sand Kid|U-turn|p2a: Bronzong
|-damage|p2a: Bronzong|86\/338
|
|switch|p1a: La Sirene|Vaporeon, F|423\/463
|-damage|p1a: La Sirene|366\/463|[from] Stealth Rock
|move|p2a: Bronzong|Psychic|p1a: La Sirene
|-damage|p1a: La Sirene|296\/463
|
|-heal|p1a: La Sirene|324\/463|[from] item: Leftovers
|-heal|p2a: Bronzong|107\/338|[from] item: Leftovers
|turn|30
|
|move|p1a: La Sirene|Wish|p1a: La Sirene
|move|p2a: Bronzong|Toxic|p1a: La Sirene
|-status|p1a: La Sirene|tox
|
|-heal|p1a: La Sirene|352\/463 tox|[from] item: Leftovers
|-heal|p2a: Bronzong|128\/338|[from] item: Leftovers
|-damage|p1a: La Sirene|324\/463 tox|[from] psn
|turn|31
|
|move|p1a: La Sirene|Baton Pass|p1a: La Sirene
|
|switch|p1a: Pharosus XII|Ampharos-Mega, M|264\/351 tox
|-damage|p1a: Pharosus XII|221\/351 tox|[from] Stealth Rock
|-ability|p1a: Pharosus XII|Mold Breaker
|move|p2a: Bronzong|Iron Head|p1a: Pharosus XII
|-resisted|p1a: Pharosus XII
|-damage|p1a: Pharosus XII|179\/351 tox
|
|-heal|p1a: Pharosus XII|351\/351 tox|[from] move: Wish|[wisher] La Sirene
|-heal|p2a: Bronzong|149\/338|[from] item: Leftovers
|-damage|p1a: Pharosus XII|330\/351 tox|[from] psn
|turn|32
|
|switch|p2a: Florges|Florges, F|299\/359
|-damage|p2a: Florges|255\/359|[from] Stealth Rock
|move|p1a: Pharosus XII|Thunderbolt|p2a: Florges
|-damage|p2a: Florges|111\/359
|
|-damage|p1a: Pharosus XII|288\/351 tox|[from] psn
|turn|33
|
|move|p2a: Florges|Moonblast|p1a: Pharosus XII
|-supereffective|p1a: Pharosus XII
|-damage|p1a: Pharosus XII|72\/351 tox
|-unboost|p1a: Pharosus XII|spa|1
|move|p1a: Pharosus XII|Thunderbolt|p2a: Florges
|-damage|p2a: Florges|17\/359
|
|-damage|p1a: Pharosus XII|9\/351 tox|[from] psn
|turn|34
|
|switch|p1a: Shoot Star|Jirachi|193\/341
|-damage|p1a: Shoot Star|172\/341|[from] Stealth Rock
|move|p2a: Florges|Moonblast|p1a: Shoot Star
|-resisted|p1a: Shoot Star
|-damage|p1a: Shoot Star|115\/341
|-unboost|p1a: Shoot Star|spa|1
|
|-heal|p1a: Shoot Star|136\/341|[from] item: Leftovers
|turn|35
|
|move|p1a: Shoot Star|Healing Wish|p1a: Shoot Star
|faint|p1a: Shoot Star
|move|p2a: Florges|Moonblast|p1: Shoot Star|[notarget]
|-notarget
|
|
|switch|p1a: Pharosus XII|Ampharos-Mega, M|9\/351 tox
|-heal|p1a: Pharosus XII|351\/351|[from] move: Healing Wish
|-damage|p1a: Pharosus XII|308\/351|[from] Stealth Rock
|-ability|p1a: Pharosus XII|Mold Breaker
|turn|36
|
|switch|p1a: Purple Haze|Crobat, M|245\/325
|-damage|p1a: Purple Haze|164\/325|[from] Stealth Rock
|move|p2a: Florges|Moonblast|p1a: Purple Haze
|-resisted|p1a: Purple Haze
|-damage|p1a: Purple Haze|84\/325
|-unboost|p1a: Purple Haze|spa|1
|
|turn|37
|
|move|p1a: Purple Haze|Roost|p1a: Purple Haze
|-heal|p1a: Purple Haze|247\/325
|move|p2a: Florges|Moonblast|p1a: Purple Haze
|-resisted|p1a: Purple Haze
|-damage|p1a: Purple Haze|176\/325
|
|turn|38
|
|switch|p2a: Tentacruel|Tentacruel, M|319\/364
|-damage|p2a: Tentacruel|274\/364|[from] Stealth Rock
|move|p1a: Purple Haze|Roost|p1a: Purple Haze
|-heal|p1a: Purple Haze|325\/325
|
|-heal|p2a: Tentacruel|296\/364|[from] item: Black Sludge
|turn|39
|
|move|p1a: Purple Haze|Acrobatics|p2a: Tentacruel
|-damage|p2a: Tentacruel|157\/364
|move|p2a: Tentacruel|Rapid Spin|p1a: Purple Haze
|-damage|p1a: Purple Haze|313\/325
|-sideend|p2: yuricon|Stealth Rock|[from] move: Rapid Spin|[of] p2a: Tentacruel
|
|-heal|p2a: Tentacruel|179\/364|[from] item: Black Sludge
|turn|40
|
|move|p1a: Purple Haze|Acrobatics|p2a: Tentacruel
|-damage|p2a: Tentacruel|44\/364
|move|p2a: Tentacruel|Toxic Spikes|p1a: Purple Haze
|-sidestart|p1: Century Express|move: Toxic Spikes
|
|-heal|p2a: Tentacruel|66\/364|[from] item: Black Sludge
|turn|41
|
|switch|p2a: Bronzong|Bronzong|149\/338
|move|p1a: Purple Haze|Defog|p2a: Bronzong
|-unboost|p2a: Bronzong|evasion|1
|-sideend|p1: Century Express|Toxic Spikes|[from] move: Defog|[of] p1a: Purple Haze
|-sideend|p1: Century Express|Stealth Rock|[from] move: Defog|[of] p1a: Purple Haze
|
|-heal|p2a: Bronzong|170\/338|[from] item: Leftovers
|turn|42
|
|move|p1a: Purple Haze|Acrobatics|p2a: Bronzong
|-resisted|p2a: Bronzong
|-damage|p2a: Bronzong|121\/338
|move|p2a: Bronzong|Stealth Rock|p1a: Purple Haze
|-sidestart|p1: Century Express|move: Stealth Rock
|
|-heal|p2a: Bronzong|142\/338|[from] item: Leftovers
|turn|43
|
|move|p1a: Purple Haze|Acrobatics|p2a: Bronzong
|-resisted|p2a: Bronzong
|-damage|p2a: Bronzong|91\/338
|move|p2a: Bronzong|Psychic|p1a: Purple Haze
|-supereffective|p1a: Purple Haze
|-damage|p1a: Purple Haze|115\/325
|
|-heal|p2a: Bronzong|112\/338|[from] item: Leftovers
|turn|44
|
|move|p1a: Purple Haze|U-turn|p2a: Bronzong
|-damage|p2a: Bronzong|66\/338
|
|switch|p1a: Hellwyvern|Hydreigon, M|285\/325
|-damage|p1a: Hellwyvern|245\/325|[from] Stealth Rock
|move|p2a: Bronzong|Psychic|p1a: Hellwyvern
|-immune|p1a: Hellwyvern|[msg]
|
|-heal|p2a: Bronzong|87\/338|[from] item: Leftovers
|turn|45
|
|move|p1a: Hellwyvern|U-turn|p2a: Bronzong
|-damage|p2a: Bronzong|53\/338
|
|switch|p1a: Pharosus XII|Ampharos-Mega, M|308\/351
|-damage|p1a: Pharosus XII|265\/351|[from] Stealth Rock
|-ability|p1a: Pharosus XII|Mold Breaker
|move|p2a: Bronzong|Toxic|p1a: Pharosus XII
|-status|p1a: Pharosus XII|tox
|
|-heal|p2a: Bronzong|74\/338|[from] item: Leftovers
|-damage|p1a: Pharosus XII|244\/351 tox|[from] psn
|turn|46
|
|move|p1a: Pharosus XII|Volt Switch|p2a: Bronzong
|-damage|p2a: Bronzong|0 fnt
|faint|p2a: Bronzong
|
|switch|p1a: Hellwyvern|Hydreigon, M|245\/325
|-damage|p1a: Hellwyvern|205\/325|[from] Stealth Rock
|
|
|switch|p2a: Hydreigon|Hydreigon, F|285\/325
|turn|47
|
|switch|p1a: La Sirene|Vaporeon, F|324\/463 tox
|-damage|p1a: La Sirene|267\/463 tox|[from] Stealth Rock
|move|p2a: Hydreigon|U-turn|p1a: La Sirene
|-damage|p1a: La Sirene|185\/463 tox
|
|switch|p2a: Lopunny|Lopunny, M|271\/271
|
|-heal|p1a: La Sirene|213\/463 tox|[from] item: Leftovers
|-damage|p1a: La Sirene|185\/463 tox|[from] psn
|turn|48
|
|switch|p1a: Sand Kid|Gligar, M|273\/333
|-damage|p1a: Sand Kid|232\/333|[from] Stealth Rock
|detailschange|p2a: Lopunny|Lopunny-Mega, M
|message|Lopunny has Mega Evolved into Mega Lopunny!
|move|p2a: Lopunny|Frustration|p1a: Sand Kid
|-damage|p1a: Sand Kid|132\/333
|
|turn|49
|
|move|p2a: Lopunny|Substitute|p2a: Lopunny
|-start|p2a: Lopunny|Substitute
|-damage|p2a: Lopunny|204\/271
|move|p1a: Sand Kid|Roost|p1a: Sand Kid
|-heal|p1a: Sand Kid|299\/333
|
|turn|50
|
|move|p2a: Lopunny|Encore|p1a: Sand Kid
|-start|p1a: Sand Kid|Encore
|move|p1a: Sand Kid|Roost|p1a: Sand Kid
|-heal|p1a: Sand Kid|333\/333
|
|turn|51
|
|move|p2a: Lopunny|Frustration|p1a: Sand Kid
|-damage|p1a: Sand Kid|227\/333
|move|p1a: Sand Kid|Roost|p1a: Sand Kid
|-heal|p1a: Sand Kid|333\/333
|
|turn|52
|
|move|p2a: Lopunny|Frustration|p1a: Sand Kid
|-damage|p1a: Sand Kid|218\/333
|move|p1a: Sand Kid|Roost|p1a: Sand Kid
|-heal|p1a: Sand Kid|333\/333
|
|-end|p1a: Sand Kid|Encore
|turn|53
|
|switch|p1a: La Sirene|Vaporeon, F|185\/463 tox
|-damage|p1a: La Sirene|128\/463 tox|[from] Stealth Rock
|move|p2a: Lopunny|Encore|p1a: La Sirene
|-fail|p1a: La Sirene
|
|-heal|p1a: La Sirene|156\/463 tox|[from] item: Leftovers
|-damage|p1a: La Sirene|128\/463 tox|[from] psn
|turn|54
|
|move|p2a: Lopunny|Frustration|p1a: La Sirene
|-damage|p1a: La Sirene|0 fnt
|faint|p1a: La Sirene
|
|
|switch|p1a: Pharosus XII|Ampharos-Mega, M|244\/351 tox
|-damage|p1a: Pharosus XII|201\/351 tox|[from] Stealth Rock
|-ability|p1a: Pharosus XII|Mold Breaker
|turn|55
|
|move|p2a: Lopunny|Frustration|p1a: Pharosus XII
|-damage|p1a: Pharosus XII|33\/351 tox
|move|p1a: Pharosus XII|Volt Switch|p2a: Lopunny
|-end|p2a: Lopunny|Substitute
|
|switch|p1a: Hellwyvern|Hydreigon, M|205\/325
|-damage|p1a: Hellwyvern|165\/325|[from] Stealth Rock
|
|turn|56
|
|switch|p2a: Florges|Florges, F|17\/359
|move|p1a: Hellwyvern|Draco Meteor|p2a: Florges
|-immune|p2a: Florges|[msg]
|
|turn|57
|
|switch|p1a: Pharosus XII|Ampharos-Mega, M|33\/351 tox
|-damage|p1a: Pharosus XII|0 fnt|[from] Stealth Rock
|faint|p1a: Pharosus XII
|move|p2a: Florges|Moonblast|p1: Pharosus XII|[notarget]
|-notarget
|
|
|switch|p1a: Purple Haze|Crobat, M|115\/325
|-damage|p1a: Purple Haze|34\/325|[from] Stealth Rock
|turn|58
|
|move|p1a: Purple Haze|Defog|p2a: Florges
|-unboost|p2a: Florges|evasion|1
|-sideend|p1: Century Express|Stealth Rock|[from] move: Defog|[of] p1a: Purple Haze
|move|p2a: Florges|Moonblast|p1a: Purple Haze
|-resisted|p1a: Purple Haze
|-damage|p1a: Purple Haze|0 fnt
|faint|p1a: Purple Haze
|
|
|switch|p1a: Hellwyvern|Hydreigon, M|165\/325
|turn|59
|
|move|p1a: Hellwyvern|U-turn|p2a: Florges
|-resisted|p2a: Florges
|-damage|p2a: Florges|0 fnt
|faint|p2a: Florges
|
|switch|p1a: Sand Kid|Gligar, M|333\/333
|
|
|switch|p2a: Tentacruel|Tentacruel, M|66\/364
|turn|60
|
|move|p2a: Tentacruel|Scald|p1a: Sand Kid
|-supereffective|p1a: Sand Kid
|-damage|p1a: Sand Kid|223\/333
|move|p1a: Sand Kid|Earthquake|p2a: Tentacruel
|-supereffective|p2a: Tentacruel
|-damage|p2a: Tentacruel|0 fnt
|faint|p2a: Tentacruel
|
|
|switch|p2a: Hydreigon|Hydreigon, F|285\/325
|turn|61
|
|move|p2a: Hydreigon|U-turn|p1a: Sand Kid
|-resisted|p1a: Sand Kid
|-damage|p1a: Sand Kid|208\/333
|
|switch|p2a: Lopunny|Lopunny-Mega, M|204\/271
|move|p1a: Sand Kid|Roost|p1a: Sand Kid
|-heal|p1a: Sand Kid|333\/333
|
|turn|62
|
|switch|p1a: Hellwyvern|Hydreigon, M|165\/325
|move|p2a: Lopunny|Drain Punch|p1a: Hellwyvern
|-supereffective|p1a: Hellwyvern
|-damage|p1a: Hellwyvern|0 fnt
|-heal|p2a: Lopunny|271\/271|[from] drain|[of] p1a: Hellwyvern
|faint|p1a: Hellwyvern
|
|c|âCentury Express|gg wp
|
|switch|p1a: Sand Kid|Gligar, M|333\/333
|turn|63
|-message|Century Express forfeited.
|
|win|yuricon
|raw|Ladder updating...
|leave|Century Express
|player|p1
|raw|Century Express's rating: 1462 &rarr; <strong>1438<\/strong><br \/>(-24 for losing)
|raw|yuricon's rating: 1392 &rarr; <strong>1416<\/strong><br \/>(+24 for winning)