|join|Omar EC
|join|yuricon
|player|p1|Omar EC|281
|player|p2|yuricon|2
|gametype|singles
|gen|6
|tier|UU
|rated
|rule|Sleep Clause Mod: Limit one foe put to sleep
|rule|Species Clause: Limit one of each PokÃ©mon
|rule|OHKO Clause: OHKO moves are banned
|rule|Moody Clause: Moody is banned
|rule|Evasion Moves Clause: Evasion moves are banned
|rule|Endless Battle Clause: Forcing endless battles is banned
|rule|HP Percentage Mod: HP is shown in percentages
|clearpoke
|poke|p1|Mienshao, M
|poke|p1|Alakazam, M
|poke|p1|Crobat, M
|poke|p1|Kingdra, F
|poke|p1|Forretress, F
|poke|p1|Trevenant, M
|poke|p2|Zygarde
|poke|p2|Forretress, F
|poke|p2|Florges, F
|poke|p2|Blastoise, F
|poke|p2|Crobat, F
|poke|p2|Machamp, F
|rule|Swagger Clause: Swagger is banned
|rule|Baton Pass Clause: Limit one PokÃ©mon knowing Baton Pass
|teampreview
|c|âyuricon|gl hf
|
|start
|switch|p1a: Alakazam|Alakazam, M|251\/251
|switch|p2a: Crobat|Crobat, F|371\/371
|turn|1
|
|switch|p1a: Crobat|Crobat, M|374\/374
|move|p2a: Crobat|U-turn|p1a: Crobat
|-resisted|p1a: Crobat
|-damage|p1a: Crobat|357\/374
|
|switch|p2a: Forretress|Forretress, F|353\/353
|
|-heal|p1a: Crobat|374\/374|[from] item: Black Sludge
|turn|2
|
|switch|p1a: Alakazam|Alakazam, M|251\/251
|move|p2a: Forretress|Stealth Rock|p1a: Alakazam
|-sidestart|p1: Omar EC|move: Stealth Rock
|
|turn|3
|
|detailschange|p1a: Alakazam|Alakazam-Mega, M
|-mega|p1a: Alakazam|Alakazam|Alakazite
|-ability|p1a: Alakazam|Overcoat|[from] ability: Trace|[of] p2a: Forretress
|move|p1a: Alakazam|Substitute|p1a: Alakazam
|-start|p1a: Alakazam|Substitute
|-damage|p1a: Alakazam|189\/251
|move|p2a: Forretress|Volt Switch|p1a: Alakazam
|-activate|p1a: Alakazam|Substitute|[damage]
|
|switch|p2a: Florges|Florges, F|359\/359
|
|turn|4
|
|move|p1a: Alakazam|Psyshock|p2a: Florges
|-damage|p2a: Florges|175\/359
|move|p2a: Florges|Moonblast|p1a: Alakazam
|-end|p1a: Alakazam|Substitute
|
|-heal|p2a: Florges|197\/359|[from] item: Leftovers
|turn|5
|
|move|p1a: Alakazam|Psyshock|p2a: Florges
|-damage|p2a: Florges|25\/359
|move|p2a: Florges|Moonblast|p1a: Alakazam
|-damage|p1a: Alakazam|50\/251
|
|-heal|p2a: Florges|47\/359|[from] item: Leftovers
|turn|6
|
|move|p1a: Alakazam|Psyshock|p2a: Florges
|-damage|p2a: Florges|0 fnt
|faint|p2a: Florges
|
|
|switch|p2a: Forretress|Forretress, F|353\/353
|turn|7
|
|move|p1a: Alakazam|Shadow Ball|p2a: Forretress
|-damage|p2a: Forretress|186\/353
|move|p2a: Forretress|Toxic|p1a: Alakazam
|-status|p1a: Alakazam|tox
|
|-heal|p2a: Forretress|208\/353|[from] item: Leftovers
|-damage|p1a: Alakazam|35\/251 tox|[from] psn
|turn|8
|
|move|p1a: Alakazam|Psyshock|p2a: Forretress
|-resisted|p2a: Forretress
|-damage|p2a: Forretress|149\/353
|move|p2a: Forretress|Spikes|p1a: Alakazam
|-sidestart|p1: Omar EC|Spikes
|
|-heal|p2a: Forretress|171\/353|[from] item: Leftovers
|-damage|p1a: Alakazam|5\/251 tox|[from] psn
|turn|9
|
|move|p1a: Alakazam|Psyshock|p2a: Forretress
|-resisted|p2a: Forretress
|-damage|p2a: Forretress|107\/353
|move|p2a: Forretress|Spikes|p1a: Alakazam
|-sidestart|p1: Omar EC|Spikes
|
|-heal|p2a: Forretress|129\/353|[from] item: Leftovers
|-damage|p1a: Alakazam|0 fnt|[from] psn
|faint|p1a: Alakazam
|
|switch|p1a: Crobat|Crobat, M|374\/374
|-damage|p1a: Crobat|281\/374|[from] Stealth Rock
|turn|10
|
|move|p1a: Crobat|Defog|p2a: Forretress
|-unboost|p2a: Forretress|evasion|1
|-sideend|p1: Omar EC|Spikes|[from] move: Defog|[of] p1a: Crobat
|-sideend|p1: Omar EC|Stealth Rock|[from] move: Defog|[of] p1a: Crobat
|move|p2a: Forretress|Volt Switch|p1a: Crobat
|-supereffective|p1a: Crobat
|-damage|p1a: Crobat|197\/374
|
|switch|p2a: Zygarde|Zygarde|419\/419
|-ability|p2a: Zygarde|Aura Break
|
|-heal|p1a: Crobat|220\/374|[from] item: Black Sludge
|turn|11
|
|move|p1a: Crobat|Toxic|p2a: Zygarde
|-status|p2a: Zygarde|tox
|move|p2a: Zygarde|Substitute|p2a: Zygarde
|-start|p2a: Zygarde|Substitute
|-damage|p2a: Zygarde|315\/419 tox
|
|-heal|p1a: Crobat|243\/374|[from] item: Black Sludge
|-heal|p2a: Zygarde|341\/419 tox|[from] item: Leftovers
|-damage|p2a: Zygarde|315\/419 tox|[from] psn
|turn|12
|
|move|p1a: Crobat|Brave Bird|p2a: Zygarde
|-damage|p2a: Zygarde|210\/419 tox
|-damage|p1a: Crobat|208\/374|[from] recoil|[of] p2a: Zygarde
|move|p2a: Zygarde|Dragon Tail|p1a: Crobat
|-damage|p1a: Crobat|126\/374
|drag|p1a: Trevenant|Trevenant, M|374\/374
|
|-heal|p2a: Zygarde|236\/419 tox|[from] item: Leftovers
|-damage|p2a: Zygarde|184\/419 tox|[from] psn
|turn|13
|
|switch|p1a: Forretress|Forretress, F|354\/354
|move|p2a: Zygarde|Dragon Tail|p1a: Forretress
|-resisted|p1a: Forretress
|-damage|p1a: Forretress|334\/354
|drag|p1a: Mienshao|Mienshao, M|271\/271
|
|-heal|p2a: Zygarde|210\/419 tox|[from] item: Leftovers
|-damage|p2a: Zygarde|132\/419 tox|[from] psn
|turn|14
|
|move|p1a: Mienshao|U-turn|p2a: Zygarde
|-activate|p2a: Zygarde|Substitute|[damage]
|-damage|p1a: Mienshao|244\/271|[from] item: Life Orb
|
|switch|p1a: Forretress|Forretress, F|334\/354
|move|p2a: Zygarde|Earthquake|p1a: Forretress
|-damage|p1a: Forretress|267\/354
|
|-heal|p2a: Zygarde|158\/419 tox|[from] item: Leftovers
|-heal|p1a: Forretress|289\/354|[from] item: Leftovers
|-damage|p2a: Zygarde|54\/419 tox|[from] psn
|turn|15
|
|move|p1a: Forretress|Stealth Rock|p2a: Zygarde
|-sidestart|p2: yuricon|move: Stealth Rock
|move|p2a: Zygarde|Dragon Tail|p1a: Forretress|[miss]
|-miss|p2a: Zygarde|p1a: Forretress
|
|-heal|p2a: Zygarde|80\/419 tox|[from] item: Leftovers
|-heal|p1a: Forretress|311\/354|[from] item: Leftovers
|-damage|p2a: Zygarde|0 fnt|[from] psn
|faint|p2a: Zygarde
|
|switch|p2a: Blastoise|Blastoise, F|361\/361
|-damage|p2a: Blastoise|316\/361|[from] Stealth Rock
|turn|16
|
|switch|p1a: Kingdra|Kingdra, F|291\/291
|detailschange|p2a: Blastoise|Blastoise-Mega, F
|-mega|p2a: Blastoise|Blastoise|Blastoisinite
|move|p2a: Blastoise|Scald|p1a: Kingdra
|-resisted|p1a: Kingdra
|-damage|p1a: Kingdra|260\/291
|
|turn|17
|
|move|p1a: Kingdra|Focus Energy|p1a: Kingdra
|-start|p1a: Kingdra|move: Focus Energy
|move|p2a: Blastoise|Ice Beam|p1a: Kingdra
|-damage|p1a: Kingdra|159\/291
|
|turn|18
|
|switch|p2a: Forretress|Forretress, F|129\/353
|-damage|p2a: Forretress|85\/353|[from] Stealth Rock
|move|p1a: Kingdra|Draco Meteor|p2a: Forretress
|-crit|p2a: Forretress
|-resisted|p2a: Forretress
|-damage|p2a: Forretress|0 fnt
|-unboost|p1a: Kingdra|spa|2
|faint|p2a: Forretress
|
|
|switch|p2a: Crobat|Crobat, F|371\/371
|-damage|p2a: Crobat|279\/371|[from] Stealth Rock
|turn|19
|
|switch|p1a: Forretress|Forretress, F|311\/354
|move|p2a: Crobat|Brave Bird|p1a: Forretress
|-damage|p1a: Forretress|215\/354
|-damage|p2a: Crobat|247\/371|[from] recoil|[of] p1a: Forretress
|
|-heal|p1a: Forretress|237\/354|[from] item: Leftovers
|turn|20
|
|move|p2a: Crobat|Roost|p2a: Crobat
|-heal|p2a: Crobat|371\/371
|move|p1a: Forretress|Gyro Ball|p2a: Crobat
|-damage|p2a: Crobat|227\/371
|
|-heal|p1a: Forretress|259\/354|[from] item: Leftovers
|turn|21
|
|move|p2a: Crobat|U-turn|p1a: Forretress
|-resisted|p1a: Forretress
|-damage|p1a: Forretress|243\/354
|
|switch|p2a: Blastoise|Blastoise-Mega, F|316\/361
|-damage|p2a: Blastoise|271\/361|[from] Stealth Rock
|move|p1a: Forretress|Gyro Ball|p2a: Blastoise
|-resisted|p2a: Blastoise
|-damage|p2a: Blastoise|248\/361
|
|-heal|p1a: Forretress|265\/354|[from] item: Leftovers
|turn|22
|
|switch|p1a: Trevenant|Trevenant, M|374\/374
|move|p2a: Blastoise|Scald|p1a: Trevenant
|-resisted|p1a: Trevenant
|-damage|p1a: Trevenant|326\/374
|
|turn|23
|
|move|p2a: Blastoise|Ice Beam|p1a: Trevenant
|-supereffective|p1a: Trevenant
|-damage|p1a: Trevenant|168\/374
|move|p1a: Trevenant|Horn Leech|p2a: Blastoise
|-supereffective|p2a: Blastoise
|-damage|p2a: Blastoise|98\/361
|-heal|p1a: Trevenant|243\/374|[from] drain|[of] p2a: Blastoise
|
|turn|24
|
|move|p2a: Blastoise|Ice Beam|p1a: Trevenant
|-supereffective|p1a: Trevenant
|-damage|p1a: Trevenant|101\/374
|move|p1a: Trevenant|Horn Leech|p2a: Blastoise
|-supereffective|p2a: Blastoise
|-damage|p2a: Blastoise|0 fnt
|-heal|p1a: Trevenant|150\/374|[from] drain|[of] p2a: Blastoise
|faint|p2a: Blastoise
|
|
|switch|p2a: Machamp|Machamp, F|363\/363
|-damage|p2a: Machamp|341\/363|[from] Stealth Rock
|turn|25
|
|move|p2a: Machamp|Knock Off|p1a: Trevenant
|-crit|p1a: Trevenant
|-supereffective|p1a: Trevenant
|-damage|p1a: Trevenant|0 fnt
|-enditem|p1a: Trevenant|Lum Berry|[from] move: Knock Off|[of] p2a: Machamp
|faint|p1a: Trevenant
|
|
|switch|p1a: Crobat|Crobat, M|126\/374
|turn|26
|
|move|p1a: Crobat|Roost|p1a: Crobat
|-heal|p1a: Crobat|313\/374
|move|p2a: Machamp|Knock Off|p1a: Crobat
|-damage|p1a: Crobat|98\/374
|-enditem|p1a: Crobat|Black Sludge|[from] move: Knock Off|[of] p2a: Machamp
|
|turn|27
|
|move|p1a: Crobat|Roost|p1a: Crobat
|-heal|p1a: Crobat|285\/374
|move|p2a: Machamp|Knock Off|p1a: Crobat
|-damage|p1a: Crobat|131\/374
|
|turn|28
|
|switch|p2a: Crobat|Crobat, F|227\/371
|-damage|p2a: Crobat|135\/371|[from] Stealth Rock
|move|p1a: Crobat|Roost|p1a: Crobat
|-heal|p1a: Crobat|318\/374
|
|turn|29
|
|switch|p1a: Forretress|Forretress, F|265\/354
|move|p2a: Crobat|Roost|p2a: Crobat
|-heal|p2a: Crobat|321\/371
|
|-heal|p1a: Forretress|287\/354|[from] item: Leftovers
|turn|30
|
|move|p2a: Crobat|U-turn|p1a: Forretress
|-crit|p1a: Forretress
|-resisted|p1a: Forretress
|-damage|p1a: Forretress|261\/354
|
|switch|p2a: Machamp|Machamp, F|341\/363
|-damage|p2a: Machamp|319\/363|[from] Stealth Rock
|move|p1a: Forretress|Gyro Ball|p2a: Machamp
|-damage|p2a: Machamp|252\/363
|
|-heal|p1a: Forretress|283\/354|[from] item: Leftovers
|turn|31
|
|switch|p1a: Crobat|Crobat, M|318\/374
|move|p2a: Machamp|Dynamic Punch|p1a: Crobat
|-resisted|p1a: Crobat
|-damage|p1a: Crobat|231\/374
|-start|p1a: Crobat|confusion
|
|turn|32
|
|switch|p2a: Crobat|Crobat, F|321\/371
|-damage|p2a: Crobat|229\/371|[from] Stealth Rock
|-activate|p1a: Crobat|confusion
|move|p1a: Crobat|Toxic|p2a: Crobat
|-fail|p2a: Crobat
|
|turn|33
|
|move|p2a: Crobat|Brave Bird|p1a: Crobat
|-crit|p1a: Crobat
|-damage|p1a: Crobat|0 fnt
|-damage|p2a: Crobat|153\/371|[from] recoil|[of] p1a: Crobat
|faint|p1a: Crobat
|
|
|switch|p1a: Kingdra|Kingdra, F|159\/291
|turn|34
|
|move|p2a: Crobat|Brave Bird|p1a: Kingdra
|-damage|p1a: Kingdra|0 fnt
|-damage|p2a: Crobat|101\/371|[from] recoil|[of] p1a: Kingdra
|faint|p1a: Kingdra
|
|-message|Omar EC forfeited.
|
|win|yuricon
|raw|Ladder updating...
|leave|Omar EC
|player|p1
|raw|Omar EC's rating: 1504 &rarr; <strong>1484<\/strong><br \/>(-20 for losing)
|raw|yuricon's rating: 1514 &rarr; <strong>1534<\/strong><br \/>(+20 for winning)