|join|yuricon
|join|WoNg Joey
|player|p1|yuricon|169
|player|p2|WoNg Joey|47
|gametype|singles
|gen|6
|tier|UU
|rated
|clearpoke
|poke|p1|Carracosta, F
|poke|p1|Swoobat, F
|poke|p1|Vivillon, F
|poke|p1|Slurpuff, M
|poke|p1|Banette, M
|poke|p1|Flygon, M
|poke|p2|Chesnaught, M
|poke|p2|Sharpedo, M
|poke|p2|Zoroark, M
|poke|p2|Jellicent, F
|poke|p2|Forretress, F
|poke|p2|Azelf
|rule|Sleep Clause Mod: Limit one foe put to sleep
|rule|Species Clause: Limit one of each Pokemon
|rule|OHKO Clause: OHKO moves are banned
|rule|Moody Clause: Moody is banned
|rule|Evasion Moves Clause: Evasion moves are banned
|rule|Endless Battle Clause: Forcing endless battles is banned.
|rule|HP Percentage Mod: HP is reported as percentages
|teampreview
|join|joao23
|
|start
|switch|p1a: Vivillon|Vivillon, F|301\/301
|switch|p2a: Chesnaught|Chesnaught, M|380\/380
|turn|1
|
|switch|p2a: Roger <3|Azelf|291\/291
|move|p1a: Vivillon|Hurricane|p2a: Roger <3
|-damage|p2a: Roger <3|72\/291
|-start|p2a: Roger <3|confusion
|
|turn|2
|
|-activate|p2a: Roger <3|confusion
|move|p2a: Roger <3|Thunderbolt|p1a: Vivillon
|-supereffective|p1a: Vivillon
|-damage|p1a: Vivillon|0 fnt
|faint|p1a: Vivillon
|
|chat|joao23|hiii
|chat|WoNg Joey|I just realised
|chat|WoNg Joey|this man's name is yuricon
|chat|joao23|afz vai logo teho raihu
|chat|WoNg Joey|that is amazing
|chat|joao23|hi
|
|switch|p1a: Swoobat|Swoobat, F|338\/338
|turn|3
|
|-activate|p2a: Roger <3|confusion
|-damage|p2a: Roger <3|11\/291|[from] confusion
|move|p1a: Swoobat|Calm Mind|p1a: Swoobat
|-boost|p1a: Swoobat|spa|2
|-boost|p1a: Swoobat|spd|2
|
|turn|4
|
|-activate|p2a: Roger <3|confusion
|move|p2a: Roger <3|Thunderbolt|p1a: Swoobat
|-supereffective|p1a: Swoobat
|-damage|p1a: Swoobat|64\/338
|-enditem|p1a: Swoobat|Weakness Policy
|-boost|p1a: Swoobat|atk|4|[from] item: Weakness Policy
|-boost|p1a: Swoobat|spa|4|[from] item: Weakness Policy
|move|p1a: Swoobat|Stored Power|p2a: Roger <3
|-resisted|p2a: Roger <3
|-damage|p2a: Roger <3|0 fnt
|faint|p2a: Roger <3
|
|chat|joao23|ma godd
|
|switch|p2a: Jellicent|Jellicent, F|261\/261
|turn|5
|
|move|p1a: Swoobat|Stored Power|p2a: Jellicent
|-immune|p2a: Jellicent|[msg]
|move|p2a: Jellicent|Knock Off|p1a: Swoobat
|-supereffective|p1a: Swoobat
|-damage|p1a: Swoobat|0 fnt
|faint|p1a: Swoobat
|
|chat|joao23|yum pokemo evolute
|chat|yuricon|?
|chat|joao23|yum pokemon evolute
|chat|yuricon|ah
|
|switch|p1a: Slurpuff|Slurpuff, M|340\/340
|turn|6
|
|switch|p2a: Forretress|Forretress, F|354\/354
|move|p1a: Slurpuff|Belly Drum|p1a: Slurpuff
|-damage|p1a: Slurpuff|170\/340
|-setboost|p1a: Slurpuff|atk|6|[from] move: Belly Drum
|-enditem|p1a: Slurpuff|Sitrus Berry|[eat]
|-heal|p1a: Slurpuff|255\/340|[from] item: Sitrus Berry
|
|turn|7
|chat|joao23|oi vc me tedi
|
|move|p1a: Slurpuff|Substitute|p1a: Slurpuff
|-start|p1a: Slurpuff|Substitute
|-damage|p1a: Slurpuff|170\/340
|move|p2a: Forretress|Gyro Ball|p1a: Slurpuff
|-supereffective|p1a: Slurpuff
|-end|p1a: Slurpuff|Substitute
|
|turn|8
|
|move|p1a: Slurpuff|Play Rough|p2a: Forretress
|-resisted|p2a: Forretress
|-damage|p2a: Forretress|207\/354
|move|p2a: Forretress|Gyro Ball|p1a: Slurpuff
|-supereffective|p1a: Slurpuff
|-damage|p1a: Slurpuff|0 fnt
|faint|p1a: Slurpuff
|
|-heal|p2a: Forretress|229\/354|[from] item: Leftovers
|
|switch|p1a: Carracosta|Carracosta, F|290\/290
|turn|9
|
|move|p1a: Carracosta|Rock Slide|p2a: Forretress
|-damage|p2a: Forretress|166\/354
|cant|p2a: Forretress|flinch
|
|-heal|p2a: Forretress|188\/354|[from] item: Leftovers
|turn|10
|
|move|p1a: Carracosta|Shell Smash|p1a: Carracosta
|-boost|p1a: Carracosta|atk|2
|-boost|p1a: Carracosta|spa|2
|-boost|p1a: Carracosta|spe|2
|-unboost|p1a: Carracosta|def|1
|-unboost|p1a: Carracosta|spd|1
|move|p2a: Forretress|Gyro Ball|p1a: Carracosta
|-damage|p1a: Carracosta|131\/290
|
|-heal|p2a: Forretress|210\/354|[from] item: Leftovers
|turn|11
|
|move|p1a: Carracosta|Rock Slide|p2a: Forretress
|-damage|p2a: Forretress|84\/354
|move|p2a: Forretress|Gyro Ball|p1a: Carracosta
|-damage|p1a: Carracosta|0 fnt
|faint|p1a: Carracosta
|
|-heal|p2a: Forretress|106\/354|[from] item: Leftovers
|chat|joao23|qe ta vesedo
|chat|yuricon|gg
|-message|yuricon forfeited.
|
|win|WoNg Joey
|raw|Ladder updating...
|leave|yuricon
|player|p1
|raw|yuricon's rating: 1040 &rarr; <strong>1026<\/strong><br \/>(-14 for losing)
|raw|WoNg Joey's rating: 1077 &rarr; <strong>1102<\/strong><br \/>(+25 for winning)
|chat|joao23|ata
|leave|WoNg Joey
|player|p2