|join|WhiteQueen
|join|yuricon
|player|p1|WhiteQueen|2
|player|p2|yuricon|2
|gametype|singles
|gen|6
|tier|UU
|rated
|rule|Sleep Clause Mod: Limit one foe put to sleep
|rule|Species Clause: Limit one of each PokÃ©mon
|rule|OHKO Clause: OHKO moves are banned
|rule|Moody Clause: Moody is banned
|rule|Evasion Moves Clause: Evasion moves are banned
|rule|Endless Battle Clause: Forcing endless battles is banned
|rule|HP Percentage Mod: HP is shown in percentages
|clearpoke
|poke|p1|Abomasnow, M
|poke|p1|Jirachi
|poke|p1|Zygarde
|poke|p1|Forretress, M
|poke|p1|Mienshao, M
|poke|p1|Vaporeon, F
|poke|p2|Zygarde
|poke|p2|Forretress, M
|poke|p2|Florges, F
|poke|p2|Blastoise, F
|poke|p2|Crobat, M
|poke|p2|Machamp, M
|rule|Swagger Clause: Swagger is banned
|rule|Baton Pass Clause: Limit one PokÃ©mon knowing Baton Pass
|teampreview
|c|âyuricon|gl hf
|
|start
|switch|p1a: Forretress|Forretress, M|353\/353
|switch|p2a: Crobat|Crobat, M|369\/369
|turn|1
|
|move|p2a: Crobat|U-turn|p1a: Forretress
|-resisted|p1a: Forretress
|-damage|p1a: Forretress|338\/353
|
|switch|p2a: Zygarde|Zygarde|419\/419
|-ability|p2a: Zygarde|Aura Break
|move|p1a: Forretress|Volt Switch|p2a: Zygarde
|-immune|p2a: Zygarde|[msg]
|
|-heal|p1a: Forretress|353\/353|[from] item: Leftovers
|turn|2
|
|move|p2a: Zygarde|Substitute|p2a: Zygarde
|-start|p2a: Zygarde|Substitute
|-damage|p2a: Zygarde|315\/419
|move|p1a: Forretress|Hidden Power|p2a: Zygarde
|-supereffective|p2a: Zygarde
|-end|p2a: Zygarde|Substitute
|
|-heal|p2a: Zygarde|341\/419|[from] item: Leftovers
|turn|3
|
|switch|p2a: Forretress|Forretress, M|353\/353
|move|p1a: Forretress|Stealth Rock|p2a: Forretress
|-sidestart|p2: yuricon|move: Stealth Rock
|
|turn|4
|
|move|p2a: Forretress|Stealth Rock|p1a: Forretress
|-sidestart|p1: WhiteQueen|move: Stealth Rock
|move|p1a: Forretress|Volt Switch|p2a: Forretress
|-damage|p2a: Forretress|301\/353
|
|switch|p1a: Zygarde|Zygarde|419\/419
|-damage|p1a: Zygarde|393\/419|[from] Stealth Rock
|-ability|p1a: Zygarde|Aura Break
|
|-heal|p1a: Zygarde|419\/419|[from] item: Leftovers
|-heal|p2a: Forretress|323\/353|[from] item: Leftovers
|turn|5
|
|switch|p2a: Crobat|Crobat, M|369\/369
|-damage|p2a: Crobat|277\/369|[from] Stealth Rock
|move|p1a: Zygarde|Substitute|p1a: Zygarde
|-start|p1a: Zygarde|Substitute
|-damage|p1a: Zygarde|315\/419
|
|-heal|p1a: Zygarde|341\/419|[from] item: Leftovers
|turn|6
|
|move|p2a: Crobat|Toxic|p1a: Zygarde
|-status|p1a: Zygarde|tox
|move|p1a: Zygarde|Dragon Tail|p2a: Crobat
|-damage|p2a: Crobat|186\/369
|drag|p2a: Florges|Florges, F|359\/359
|-damage|p2a: Florges|315\/359|[from] Stealth Rock
|
|-heal|p1a: Zygarde|367\/419 tox|[from] item: Leftovers
|-heal|p2a: Florges|337\/359|[from] item: Leftovers
|-damage|p1a: Zygarde|341\/419 tox|[from] psn
|turn|7
|
|move|p1a: Zygarde|Earthquake|p2a: Florges
|-damage|p2a: Florges|228\/359
|move|p2a: Florges|Wish|p2a: Florges
|
|-heal|p1a: Zygarde|367\/419 tox|[from] item: Leftovers
|-heal|p2a: Florges|250\/359|[from] item: Leftovers
|-damage|p1a: Zygarde|315\/419 tox|[from] psn
|turn|8
|
|switch|p1a: Forretress|Forretress, M|353\/353
|-damage|p1a: Forretress|309\/353|[from] Stealth Rock
|switch|p2a: Blastoise|Blastoise, F|361\/361
|-damage|p2a: Blastoise|316\/361|[from] Stealth Rock
|
|-heal|p2a: Blastoise|361\/361|[from] move: Wish|[wisher] Florges
|-heal|p1a: Forretress|331\/353|[from] item: Leftovers
|turn|9
|
|detailschange|p2a: Blastoise|Blastoise-Mega, F
|-mega|p2a: Blastoise|Blastoise|Blastoisinite
|move|p2a: Blastoise|Scald|p1a: Forretress
|-damage|p1a: Forretress|150\/353
|move|p1a: Forretress|Rapid Spin|p2a: Blastoise
|-damage|p2a: Blastoise|351\/361
|-sideend|p1: WhiteQueen|Stealth Rock|[from] move: Rapid Spin|[of] p1a: Forretress
|
|-heal|p1a: Forretress|172\/353|[from] item: Leftovers
|turn|10
|
|switch|p1a: Abomasnow|Abomasnow, M|373\/373
|-weather|Hail
|move|p2a: Blastoise|Rapid Spin|p1a: Abomasnow
|-damage|p1a: Abomasnow|355\/373
|-sideend|p2: yuricon|Stealth Rock|[from] move: Rapid Spin|[of] p2a: Blastoise
|
|-weather|Hail|[upkeep]
|-damage|p2a: Blastoise|329\/361|[from] hail
|turn|11
|
|switch|p2a: Forretress|Forretress, M|323\/353
|detailschange|p1a: Abomasnow|Abomasnow-Mega, M
|-mega|p1a: Abomasnow|Abomasnow|Abomasite
|move|p1a: Abomasnow|Blizzard|p2a: Forretress
|-resisted|p2a: Forretress
|-damage|p2a: Forretress|182\/353
|
|-weather|Hail|[upkeep]
|-damage|p2a: Forretress|160\/353|[from] hail
|-heal|p2a: Forretress|182\/353|[from] item: Leftovers
|turn|12
|
|move|p2a: Forretress|Stealth Rock|p1a: Abomasnow
|-sidestart|p1: WhiteQueen|move: Stealth Rock
|move|p1a: Abomasnow|Blizzard|p2a: Forretress
|-resisted|p2a: Forretress
|-damage|p2a: Forretress|40\/353
|
|-weather|Hail|[upkeep]
|-damage|p2a: Forretress|18\/353|[from] hail
|-heal|p2a: Forretress|40\/353|[from] item: Leftovers
|turn|13
|
|move|p2a: Forretress|Spikes|p1a: Abomasnow
|-sidestart|p1: WhiteQueen|Spikes
|move|p1a: Abomasnow|Blizzard|p2a: Forretress
|-resisted|p2a: Forretress
|-damage|p2a: Forretress|0 fnt
|faint|p2a: Forretress
|
|-weather|Hail|[upkeep]
|
|switch|p2a: Machamp|Machamp, M|363\/363
|turn|14
|
|switch|p1a: Zygarde|Zygarde|315\/419 tox
|-damage|p1a: Zygarde|263\/419 tox|[from] Spikes
|-damage|p1a: Zygarde|237\/419 tox|[from] Stealth Rock
|-ability|p1a: Zygarde|Aura Break
|move|p2a: Machamp|Dynamic Punch|p1a: Zygarde
|-damage|p1a: Zygarde|0 fnt
|faint|p1a: Zygarde
|
|-weather|none
|
|switch|p1a: Mienshao|Mienshao, M|271\/271
|-damage|p1a: Mienshao|238\/271|[from] Spikes
|-damage|p1a: Mienshao|222\/271|[from] Stealth Rock
|turn|15
|
|switch|p2a: Crobat|Crobat, M|186\/369
|move|p1a: Mienshao|Knock Off|p2a: Crobat
|-damage|p2a: Crobat|14\/369
|-enditem|p2a: Crobat|Sharp Beak|[from] move: Knock Off|[of] p1a: Mienshao
|-damage|p1a: Mienshao|195\/271|[from] item: Life Orb
|
|turn|16
|
|switch|p1a: Vaporeon|Vaporeon, F|451\/451
|-damage|p1a: Vaporeon|395\/451|[from] Spikes
|-damage|p1a: Vaporeon|339\/451|[from] Stealth Rock
|move|p2a: Crobat|Roost|p2a: Crobat
|-heal|p2a: Crobat|199\/369
|
|-heal|p1a: Vaporeon|367\/451|[from] item: Leftovers
|turn|17
|
|move|p2a: Crobat|Toxic|p1a: Vaporeon
|-status|p1a: Vaporeon|tox
|move|p1a: Vaporeon|Scald|p2a: Crobat
|-damage|p2a: Crobat|82\/369
|
|-heal|p1a: Vaporeon|395\/451 tox|[from] item: Leftovers
|-damage|p1a: Vaporeon|367\/451 tox|[from] psn
|turn|18
|
|move|p2a: Crobat|Roost|p2a: Crobat
|-heal|p2a: Crobat|267\/369
|move|p1a: Vaporeon|Scald|p2a: Crobat
|-damage|p2a: Crobat|153\/369
|
|-heal|p1a: Vaporeon|395\/451 tox|[from] item: Leftovers
|-damage|p1a: Vaporeon|339\/451 tox|[from] psn
|turn|19
|
|move|p2a: Crobat|Roost|p2a: Crobat
|-heal|p2a: Crobat|338\/369
|move|p1a: Vaporeon|Scald|p2a: Crobat
|-damage|p2a: Crobat|226\/369
|
|-heal|p1a: Vaporeon|367\/451 tox|[from] item: Leftovers
|-damage|p1a: Vaporeon|283\/451 tox|[from] psn
|turn|20
|
|move|p2a: Crobat|U-turn|p1a: Vaporeon
|-damage|p1a: Vaporeon|215\/451 tox
|
|switch|p2a: Florges|Florges, F|250\/359
|move|p1a: Vaporeon|Scald|p2a: Florges
|-damage|p2a: Florges|174\/359
|
|-heal|p2a: Florges|196\/359|[from] item: Leftovers
|-heal|p1a: Vaporeon|243\/451 tox|[from] item: Leftovers
|-damage|p1a: Vaporeon|131\/451 tox|[from] psn
|turn|21
|
|switch|p2a: Machamp|Machamp, M|363\/363
|move|p1a: Vaporeon|Scald|p2a: Machamp
|-damage|p2a: Machamp|252\/363
|
|-heal|p1a: Vaporeon|159\/451 tox|[from] item: Leftovers
|-damage|p1a: Vaporeon|19\/451 tox|[from] psn
|turn|22
|
|move|p1a: Vaporeon|Scald|p2a: Machamp
|-damage|p2a: Machamp|128\/363
|-status|p2a: Machamp|brn
|move|p2a: Machamp|Knock Off|p1a: Vaporeon
|-damage|p1a: Vaporeon|0 fnt
|-enditem|p1a: Vaporeon|Leftovers|[from] move: Knock Off|[of] p2a: Machamp
|faint|p1a: Vaporeon
|
|-damage|p2a: Machamp|83\/363 brn|[from] brn
|
|switch|p1a: Mienshao|Mienshao, M|271\/271
|-damage|p1a: Mienshao|255\/271|[from] Stealth Rock
|-damage|p1a: Mienshao|222\/271|[from] Spikes
|turn|23
|
|switch|p2a: Florges|Florges, F|196\/359
|move|p1a: Mienshao|High Jump Kick|p2a: Florges|[miss]
|-miss|p1a: Mienshao|p2a: Florges
|-damage|p1a: Mienshao|87\/271|[from] highjumpkick
|
|-heal|p2a: Florges|218\/359|[from] item: Leftovers
|turn|24
|
|move|p1a: Mienshao|Knock Off|p2a: Florges
|-resisted|p2a: Florges
|-damage|p2a: Florges|153\/359
|-enditem|p2a: Florges|Leftovers|[from] move: Knock Off|[of] p1a: Mienshao
|-damage|p1a: Mienshao|60\/271|[from] item: Life Orb
|move|p2a: Florges|Aromatherapy|p2a: Florges
|-cureteam|p2a: Florges|[from] move: Aromatherapy
|
|turn|25
|
|move|p1a: Mienshao|High Jump Kick|p2a: Florges|[miss]
|-miss|p1a: Mienshao|p2a: Florges
|-damage|p1a: Mienshao|0 fnt|[from] highjumpkick
|faint|p1a: Mienshao
|move|p2a: Florges|Wish|p2a: Florges
|
|c|âyuricon|sorry
|
|switch|p1a: Forretress|Forretress, M|172\/353
|-damage|p1a: Forretress|128\/353|[from] Spikes
|-damage|p1a: Forretress|84\/353|[from] Stealth Rock
|turn|26
|
|switch|p2a: Machamp|Machamp, M|83\/363
|move|p1a: Forretress|Rapid Spin|p2a: Machamp
|-damage|p2a: Machamp|66\/363
|-sideend|p1: WhiteQueen|Spikes|[from] move: Rapid Spin|[of] p1a: Forretress
|-sideend|p1: WhiteQueen|Stealth Rock|[from] move: Rapid Spin|[of] p1a: Forretress
|
|-heal|p2a: Machamp|245\/363|[from] move: Wish|[wisher] Florges
|-heal|p1a: Forretress|106\/353|[from] item: Leftovers
|turn|27
|
|move|p2a: Machamp|Dynamic Punch|p1a: Forretress
|-damage|p1a: Forretress|0 fnt
|faint|p1a: Forretress
|
|
|switch|p1a: Jirachi|Jirachi|341\/341
|turn|28
|
|switch|p2a: Florges|Florges, F|153\/359
|move|p1a: Jirachi|Zen Headbutt|p2a: Florges
|-damage|p2a: Florges|45\/359
|
|turn|29
|
|move|p1a: Jirachi|Zen Headbutt|p2a: Florges
|-damage|p2a: Florges|0 fnt
|faint|p2a: Florges
|
|
|switch|p2a: Zygarde|Zygarde|341\/419
|-ability|p2a: Zygarde|Aura Break
|turn|30
|
|move|p1a: Jirachi|Zen Headbutt|p2a: Zygarde|[miss]
|-miss|p1a: Jirachi|p2a: Zygarde
|move|p2a: Zygarde|Dragon Tail|p1a: Jirachi|[miss]
|-miss|p2a: Zygarde|p1a: Jirachi
|
|-heal|p2a: Zygarde|367\/419|[from] item: Leftovers
|turn|31
|
|move|p1a: Jirachi|Zen Headbutt|p2a: Zygarde|[miss]
|-miss|p1a: Jirachi|p2a: Zygarde
|move|p2a: Zygarde|Earthquake|p1a: Jirachi
|-supereffective|p1a: Jirachi
|-damage|p1a: Jirachi|87\/341
|
|-heal|p2a: Zygarde|393\/419|[from] item: Leftovers
|turn|32
|
|switch|p1a: Abomasnow|Abomasnow-Mega, M|355\/373
|-weather|Hail
|move|p2a: Zygarde|Earthquake|p1a: Abomasnow
|-resisted|p1a: Abomasnow
|-damage|p1a: Abomasnow|298\/373
|
|-weather|Hail|[upkeep]
|-damage|p2a: Zygarde|367\/419|[from] hail
|-heal|p2a: Zygarde|393\/419|[from] item: Leftovers
|turn|33
|
|switch|p2a: Crobat|Crobat, M|226\/369
|move|p1a: Abomasnow|Blizzard|p2a: Crobat
|-supereffective|p2a: Crobat
|-damage|p2a: Crobat|0 fnt
|faint|p2a: Crobat
|
|-weather|Hail|[upkeep]
|
|switch|p2a: Machamp|Machamp, M|245\/363
|turn|34
|
|move|p1a: Abomasnow|Protect|p1a: Abomasnow
|-singleturn|p1a: Abomasnow|Protect
|move|p2a: Machamp|Dynamic Punch|p1a: Abomasnow
|-activate|p1a: Abomasnow|Protect
|
|-weather|Hail|[upkeep]
|-damage|p2a: Machamp|223\/363|[from] hail
|turn|35
|
|move|p1a: Abomasnow|Protect|p1a: Abomasnow
|-fail|p1a: Abomasnow
|move|p2a: Machamp|Dynamic Punch|p1a: Abomasnow
|-supereffective|p1a: Abomasnow
|-damage|p1a: Abomasnow|0 fnt
|faint|p1a: Abomasnow
|
|-weather|Hail|[upkeep]
|-damage|p2a: Machamp|201\/363|[from] hail
|
|switch|p1a: Jirachi|Jirachi|87\/341
|turn|36
|
|move|p1a: Jirachi|Zen Headbutt|p2a: Machamp
|-supereffective|p2a: Machamp
|-damage|p2a: Machamp|0 fnt
|faint|p2a: Machamp
|
|-weather|none
|
|switch|p2a: Zygarde|Zygarde|393\/419
|-ability|p2a: Zygarde|Aura Break
|turn|37
|
|move|p1a: Jirachi|Zen Headbutt|p2a: Zygarde
|-damage|p2a: Zygarde|309\/419
|move|p2a: Zygarde|Earthquake|p1a: Jirachi
|-crit|p1a: Jirachi
|-supereffective|p1a: Jirachi
|-damage|p1a: Jirachi|0 fnt
|faint|p1a: Jirachi
|
|win|yuricon
|raw|Ladder updating...
|raw|WhiteQueen's rating: 1608 &rarr; <strong>1582<\/strong><br \/>(-26 for losing)
|raw|yuricon's rating: 1495 &rarr; <strong>1522<\/strong><br \/>(+27 for winning)
|leave|WhiteQueen
|player|p1