|join|CelsiusWork
|join|yuricon
|player|p1|CelsiusWork|294
|player|p2|yuricon|2
|gametype|singles
|gen|6
|tier|UU
|rated
|rule|Sleep Clause Mod: Limit one foe put to sleep
|rule|Species Clause: Limit one of each PokÃ©mon
|rule|OHKO Clause: OHKO moves are banned
|rule|Moody Clause: Moody is banned
|rule|Evasion Moves Clause: Evasion moves are banned
|rule|Endless Battle Clause: Forcing endless battles is banned
|rule|HP Percentage Mod: HP is shown in percentages
|clearpoke
|poke|p1|Serperior, M, shiny
|poke|p1|Darmanitan, M
|poke|p1|Steelix, M
|poke|p1|Starmie
|poke|p1|Florges, F
|poke|p1|Hydreigon, M
|poke|p2|Crobat, M
|poke|p2|Ampharos, M
|poke|p2|Alomomola, M
|poke|p2|Krookodile, F
|poke|p2|Whimsicott, M
|poke|p2|Snorlax, F
|rule|Swagger Clause: Swagger is banned
|rule|Baton Pass Clause: Limit one PokÃ©mon knowing Baton Pass
|teampreview
|c|âyuricon|gl hf
|
|start
|switch|p1a: Hydreigon|Hydreigon, M|325\/325
|switch|p2a: Krookodile|Krookodile, F|329\/329
|-ability|p2a: Krookodile|Intimidate|[of] p1a: Hydreigon
|-unboost|p1a: Hydreigon|atk|1
|turn|1
|
|move|p1a: Hydreigon|Toxic|p2a: Krookodile
|-status|p2a: Krookodile|tox
|move|p2a: Krookodile|Knock Off|p1a: Hydreigon
|-resisted|p1a: Hydreigon
|-damage|p1a: Hydreigon|205\/325
|-enditem|p1a: Hydreigon|Leftovers|[from] move: Knock Off|[of] p2a: Krookodile
|-damage|p2a: Krookodile|297\/329 tox|[from] item: Life Orb
|
|-damage|p2a: Krookodile|277\/329 tox|[from] psn
|turn|2
|
|switch|p2a: Crobat|Crobat, M|369\/369
|move|p1a: Hydreigon|Substitute|p1a: Hydreigon
|-start|p1a: Hydreigon|Substitute
|-damage|p1a: Hydreigon|124\/325
|
|turn|3
|
|switch|p1a: Steelix|Steelix, M|354\/354
|move|p2a: Crobat|U-turn|p1a: Steelix
|-resisted|p1a: Steelix
|-damage|p1a: Steelix|341\/354
|
|switch|p2a: Krookodile|Krookodile, F|277\/329 tox
|-ability|p2a: Krookodile|Intimidate|[of] p1a: Steelix
|-unboost|p1a: Steelix|atk|1
|
|-damage|p2a: Krookodile|257\/329 tox|[from] psn
|turn|4
|
|switch|p1a: Serperior|Serperior, M, shiny|292\/292
|move|p2a: Krookodile|Earthquake|p1a: Serperior
|-resisted|p1a: Serperior
|-damage|p1a: Serperior|180\/292
|-damage|p2a: Krookodile|225\/329 tox|[from] item: Life Orb
|
|-heal|p1a: Serperior|198\/292|[from] item: Leftovers
|-damage|p2a: Krookodile|185\/329 tox|[from] psn
|turn|5
|
|switch|p2a: Crobat|Crobat, M|369\/369
|move|p1a: Serperior|Glare|p2a: Crobat
|-status|p2a: Crobat|par
|
|-heal|p1a: Serperior|216\/292|[from] item: Leftovers
|turn|6
|
|switch|p1a: Steelix|Steelix, M|341\/354
|move|p2a: Crobat|U-turn|p1a: Steelix
|-resisted|p1a: Steelix
|-damage|p1a: Steelix|326\/354
|
|switch|p2a: Alomomola|Alomomola, M|531\/531
|
|turn|7
|
|detailschange|p1a: Steelix|Steelix-Mega, M
|-mega|p1a: Steelix|Steelix|Steelixite
|move|p2a: Alomomola|Scald|p1a: Steelix
|-supereffective|p1a: Steelix
|-damage|p1a: Steelix|258\/354
|move|p1a: Steelix|Stealth Rock|p2a: Alomomola
|-sidestart|p2: yuricon|move: Stealth Rock
|
|turn|8
|
|switch|p1a: Starmie|Starmie|324\/324
|move|p2a: Alomomola|Scald|p1a: Starmie
|-resisted|p1a: Starmie
|-damage|p1a: Starmie|300\/324
|
|-heal|p1a: Starmie|320\/324|[from] item: Leftovers
|turn|9
|
|move|p2a: Alomomola|Protect|p2a: Alomomola
|-singleturn|p2a: Alomomola|Protect
|move|p1a: Starmie|Scald|p2a: Alomomola
|-activate|p2a: Alomomola|Protect
|
|-heal|p1a: Starmie|324\/324|[from] item: Leftovers
|turn|10
|
|move|p1a: Starmie|Scald|p2a: Alomomola
|-resisted|p2a: Alomomola
|-damage|p2a: Alomomola|444\/531
|move|p2a: Alomomola|Wish|p2a: Alomomola
|
|turn|11
|
|switch|p2a: Ampharos|Ampharos, M|363\/363
|-damage|p2a: Ampharos|318\/363|[from] Stealth Rock
|move|p1a: Starmie|Scald|p2a: Ampharos
|-damage|p2a: Ampharos|216\/363
|
|-heal|p2a: Ampharos|363\/363|[from] move: Wish|[wisher] Alomomola
|turn|12
|
|switch|p1a: Steelix|Steelix-Mega, M|258\/354
|detailschange|p2a: Ampharos|Ampharos-Mega, M
|-mega|p2a: Ampharos|Ampharos|Ampharosite
|-ability|p2a: Ampharos|Mold Breaker
|move|p2a: Ampharos|Dragon Pulse|p1a: Steelix
|-resisted|p1a: Steelix
|-damage|p1a: Steelix|180\/354
|
|turn|13
|
|move|p2a: Ampharos|Focus Blast|p1a: Steelix
|-supereffective|p1a: Steelix
|-damage|p1a: Steelix|0 fnt
|faint|p1a: Steelix
|
|
|switch|p1a: Florges|Florges, F|360\/360
|turn|14
|
|switch|p1a: Darmanitan|Darmanitan, M|351\/351
|switch|p2a: Crobat|Crobat, M|369\/369 par
|-damage|p2a: Crobat|277\/369 par|[from] Stealth Rock
|
|-heal|p2a: Crobat|300\/369 par|[from] item: Black Sludge
|turn|15
|
|switch|p2a: Alomomola|Alomomola, M|531\/531
|-damage|p2a: Alomomola|465\/531|[from] Stealth Rock
|move|p1a: Darmanitan|U-turn|p2a: Alomomola
|-damage|p2a: Alomomola|385\/531
|-damage|p1a: Darmanitan|293\/351|[from] item: Rocky Helmet|[of] p2a: Alomomola
|
|switch|p1a: Serperior|Serperior, M, shiny|216\/292
|
|-heal|p1a: Serperior|234\/292|[from] item: Leftovers
|turn|16
|
|switch|p2a: Crobat|Crobat, M|300\/369 par
|-damage|p2a: Crobat|208\/369 par|[from] Stealth Rock
|move|p1a: Serperior|Leaf Storm|p2a: Crobat
|-resisted|p2a: Crobat
|-damage|p2a: Crobat|162\/369 par
|-boost|p1a: Serperior|spa|2
|
|-heal|p1a: Serperior|252\/292|[from] item: Leftovers
|-heal|p2a: Crobat|185\/369 par|[from] item: Black Sludge
|turn|17
|
|move|p1a: Serperior|Dragon Pulse|p2a: Crobat
|-damage|p2a: Crobat|8\/369 par
|move|p2a: Crobat|Defog|p1a: Serperior
|-boost|p1a: Serperior|evasion|1
|-sideend|p2: yuricon|Stealth Rock|[from] move: Defog|[of] p2a: Crobat
|
|-heal|p1a: Serperior|270\/292|[from] item: Leftovers
|-heal|p2a: Crobat|31\/369 par|[from] item: Black Sludge
|turn|18
|
|move|p1a: Serperior|Substitute|p1a: Serperior
|-start|p1a: Serperior|Substitute
|-damage|p1a: Serperior|197\/292
|move|p2a: Crobat|Brave Bird|p1a: Serperior
|-supereffective|p1a: Serperior
|-damage|p1a: Serperior|0 fnt
|-damage|p2a: Crobat|0 fnt|[from] recoil|[of] p1a: Serperior
|faint|p1a: Serperior
|faint|p2a: Crobat
|
|
|switch|p1a: Darmanitan|Darmanitan, M|293\/351
|switch|p2a: Krookodile|Krookodile, F|185\/329 tox
|-ability|p2a: Krookodile|Intimidate|[of] p1a: Darmanitan
|-unboost|p1a: Darmanitan|atk|1
|turn|19
|
|move|p1a: Darmanitan|U-turn|p2a: Krookodile
|-supereffective|p2a: Krookodile
|-damage|p2a: Krookodile|39\/329 tox
|
|move|p2a: Krookodile|Pursuit|p1a: Darmanitan|[from]Pursuit
|-damage|p1a: Darmanitan|11\/351
|-damage|p2a: Krookodile|7\/329 tox|[from] item: Life Orb
|switch|p1a: Hydreigon|Hydreigon, M|124\/325
|
|-damage|p2a: Krookodile|0 fnt|[from] psn
|faint|p2a: Krookodile
|
|switch|p2a: Whimsicott|Whimsicott, M|305\/305
|turn|20
|
|switch|p1a: Florges|Florges, F|360\/360
|move|p2a: Whimsicott|U-turn|p1a: Florges
|-resisted|p1a: Florges
|-damage|p1a: Florges|343\/360
|
|switch|p2a: Snorlax|Snorlax, F|497\/497
|
|-heal|p1a: Florges|360\/360|[from] item: Leftovers
|turn|21
|
|move|p1a: Florges|Wish|p1a: Florges
|move|p2a: Snorlax|Frustration|p1a: Florges
|-damage|p1a: Florges|233\/360
|
|-heal|p1a: Florges|255\/360|[from] item: Leftovers
|turn|22
|
|switch|p1a: Hydreigon|Hydreigon, M|124\/325
|move|p2a: Snorlax|Frustration|p1a: Hydreigon
|-damage|p1a: Hydreigon|0 fnt
|faint|p1a: Hydreigon
|
|-message|CelsiusWork forfeited.
|
|win|yuricon
|raw|Ladder updating...
|leave|CelsiusWork
|player|p1
|raw|CelsiusWork's rating: 1436 &rarr; <strong>1423<\/strong><br \/>(-13 for losing)
|raw|yuricon's rating: 1547 &rarr; <strong>1561<\/strong><br \/>(+14 for winning)