|join|yuricon
|join|Dix pix
|player|p1|yuricon|2
|player|p2|Dix pix|165
|gametype|singles
|gen|6
|tier|UU
|rated
|rule|Sleep Clause Mod: Limit one foe put to sleep
|rule|Species Clause: Limit one of each PokÃ©mon
|rule|OHKO Clause: OHKO moves are banned
|rule|Moody Clause: Moody is banned
|rule|Evasion Moves Clause: Evasion moves are banned
|rule|Endless Battle Clause: Forcing endless battles is banned
|rule|HP Percentage Mod: HP is shown in percentages
|clearpoke
|poke|p1|Alomomola, F
|poke|p1|Ampharos, M
|poke|p1|Snorlax, M
|poke|p1|Whimsicott, F
|poke|p1|Krookodile, M
|poke|p1|Crobat, F
|poke|p2|Krookodile, F
|poke|p2|Lucario, F
|poke|p2|Suicune
|poke|p2|Forretress, F
|poke|p2|Entei, shiny
|poke|p2|Ampharos, M
|rule|Swagger Clause: Swagger is banned
|rule|Baton Pass Clause: Limit one PokÃ©mon knowing Baton Pass
|teampreview
|c|âyuricon|gl hf
|
|start
|switch|p1a: Krookodile|Krookodile, M|333\/333
|switch|p2a: Suicune|Suicune|404\/404
|-ability|p1a: Krookodile|Intimidate|[of] p2a: Suicune
|-unboost|p2a: Suicune|atk|1
|-ability|p2a: Suicune|Pressure
|turn|1
|
|switch|p2a: Forretress|Forretress, F|354\/354
|move|p1a: Krookodile|Knock Off|p2a: Forretress
|-damage|p2a: Forretress|237\/354
|-enditem|p2a: Forretress|Leftovers|[from] move: Knock Off|[of] p1a: Krookodile
|-damage|p1a: Krookodile|300\/333|[from] item: Life Orb
|
|turn|2
|
|move|p1a: Krookodile|Earthquake|p2a: Forretress
|-damage|p2a: Forretress|119\/354
|-damage|p1a: Krookodile|267\/333|[from] item: Life Orb
|move|p2a: Forretress|Gyro Ball|p1a: Krookodile
|-damage|p1a: Krookodile|126\/333
|
|turn|3
|
|move|p1a: Krookodile|Earthquake|p2a: Forretress
|-damage|p2a: Forretress|1\/354
|-damage|p1a: Krookodile|93\/333|[from] item: Life Orb
|move|p2a: Forretress|Stealth Rock|p1a: Krookodile
|-sidestart|p1: yuricon|move: Stealth Rock
|
|turn|4
|
|move|p1a: Krookodile|Knock Off|p2a: Forretress
|-damage|p2a: Forretress|0 fnt
|-damage|p1a: Krookodile|60\/333|[from] item: Life Orb
|faint|p2a: Forretress
|
|
|switch|p2a: Entei|Entei, shiny|371\/371
|-ability|p2a: Entei|Pressure
|turn|5
|
|switch|p1a: Alomomola|Alomomola, F|519\/519
|-damage|p1a: Alomomola|455\/519|[from] Stealth Rock
|move|p2a: Entei|Extreme Speed|p1a: Alomomola
|-damage|p1a: Alomomola|328\/519
|-damage|p2a: Entei|310\/371|[from] item: Rocky Helmet|[of] p1a: Alomomola
|
|turn|6
|
|switch|p2a: Ampharos|Ampharos, M|384\/384
|move|p1a: Alomomola|Wish|p1a: Alomomola
|
|turn|7
|
|switch|p1a: Ampharos|Ampharos, M|363\/363
|-damage|p1a: Ampharos|318\/363|[from] Stealth Rock
|detailschange|p2a: Ampharos|Ampharos-Mega, M
|-mega|p2a: Ampharos|Ampharos|Ampharosite
|-ability|p2a: Ampharos|Mold Breaker
|move|p2a: Ampharos|Dragon Pulse|p1a: Ampharos
|-damage|p1a: Ampharos|143\/363
|
|-heal|p1a: Ampharos|363\/363|[from] move: Wish|[wisher] Alomomola
|turn|8
|
|detailschange|p1a: Ampharos|Ampharos-Mega, M
|-mega|p1a: Ampharos|Ampharos|Ampharosite
|-ability|p1a: Ampharos|Mold Breaker
|move|p1a: Ampharos|Dragon Pulse|p2a: Ampharos
|-supereffective|p2a: Ampharos
|-damage|p2a: Ampharos|108\/384
|move|p2a: Ampharos|Dragon Pulse|p1a: Ampharos
|-supereffective|p1a: Ampharos
|-damage|p1a: Ampharos|61\/363
|
|turn|9
|join|SexualAssaultVest
|
|switch|p2a: Lucario|Lucario, F|281\/281
|move|p1a: Ampharos|Dragon Pulse|p2a: Lucario
|-resisted|p2a: Lucario
|-damage|p2a: Lucario|143\/281
|
|turn|10
|
|switch|p1a: Crobat|Crobat, F|353\/353
|-damage|p1a: Crobat|265\/353|[from] Stealth Rock
|move|p2a: Lucario|Flash Cannon|p1a: Crobat
|-damage|p1a: Crobat|65\/353
|-damage|p2a: Lucario|115\/281|[from] item: Life Orb
|
|-heal|p1a: Crobat|87\/353|[from] item: Black Sludge
|turn|11
|
|move|p1a: Crobat|Roost|p1a: Crobat
|-heal|p1a: Crobat|264\/353
|move|p2a: Lucario|Flash Cannon|p1a: Crobat
|-damage|p1a: Crobat|69\/353
|-damage|p2a: Lucario|87\/281|[from] item: Life Orb
|
|-heal|p1a: Crobat|91\/353|[from] item: Black Sludge
|turn|12
|
|switch|p2a: Ampharos|Ampharos-Mega, M|108\/384
|-ability|p2a: Ampharos|Mold Breaker
|move|p1a: Crobat|Roost|p1a: Crobat
|-heal|p1a: Crobat|268\/353
|
|-heal|p1a: Crobat|290\/353|[from] item: Black Sludge
|turn|13
|
|move|p1a: Crobat|Roost|p1a: Crobat
|-heal|p1a: Crobat|353\/353
|move|p2a: Ampharos|Rest|p2a: Ampharos
|-status|p2a: Ampharos|slp
|-heal|p2a: Ampharos|384\/384 slp|[silent]
|-status|p2a: Ampharos|slp|[from] move: Rest
|
|turn|14
|
|move|p1a: Crobat|Defog|p2a: Ampharos
|-unboost|p2a: Ampharos|evasion|1
|-sideend|p1: yuricon|Stealth Rock|[from] move: Defog|[of] p1a: Crobat
|cant|p2a: Ampharos|slp
|move|p2a: Ampharos|Sleep Talk|p2a: Ampharos
|move|p2a: Ampharos|Volt Switch|p1a: Crobat|[from]Sleep Talk
|-supereffective|p1a: Crobat
|-damage|p1a: Crobat|41\/353
|
|switch|p2a: Krookodile|Krookodile, F|331\/331
|-ability|p2a: Krookodile|Intimidate|[of] p1a: Crobat
|-unboost|p1a: Crobat|atk|1
|
|-heal|p1a: Crobat|63\/353|[from] item: Black Sludge
|turn|15
|
|move|p1a: Crobat|U-turn|p2a: Krookodile
|-supereffective|p2a: Krookodile
|-damage|p2a: Krookodile|235\/331
|
|switch|p1a: Krookodile|Krookodile, M|60\/333
|-ability|p1a: Krookodile|Intimidate|[of] p2a: Krookodile
|-unboost|p2a: Krookodile|atk|1
|move|p2a: Krookodile|Knock Off|p1a: Krookodile
|-resisted|p1a: Krookodile
|-damage|p1a: Krookodile|0 fnt
|-enditem|p1a: Krookodile|Life Orb|[from] move: Knock Off|[of] p2a: Krookodile
|faint|p1a: Krookodile
|
|
|switch|p1a: Snorlax|Snorlax, M|497\/497
|turn|16
|
|switch|p2a: Lucario|Lucario, F|87\/281
|move|p1a: Snorlax|Frustration|p2a: Lucario
|-resisted|p2a: Lucario
|-damage|p2a: Lucario|0 fnt
|faint|p2a: Lucario
|
|
|switch|p2a: Krookodile|Krookodile, F|235\/331
|-ability|p2a: Krookodile|Intimidate|[of] p1a: Snorlax
|-unboost|p1a: Snorlax|atk|1
|turn|17
|join|Druides
|
|switch|p1a: Alomomola|Alomomola, F|501\/519
|move|p2a: Krookodile|Knock Off|p1a: Alomomola
|-damage|p1a: Alomomola|312\/519
|-damage|p2a: Krookodile|180\/331|[from] item: Rocky Helmet|[of] p1a: Alomomola
|-enditem|p1a: Alomomola|Rocky Helmet|[from] move: Knock Off|[of] p2a: Krookodile
|
|turn|18
|
|switch|p2a: Ampharos|Ampharos-Mega, M|384\/384 slp
|-ability|p2a: Ampharos|Mold Breaker
|move|p1a: Alomomola|Toxic|p2a: Ampharos
|-fail|p2a: Ampharos
|
|turn|19
|
|switch|p1a: Whimsicott|Whimsicott, F|305\/305
|cant|p2a: Ampharos|slp
|move|p2a: Ampharos|Sleep Talk|p2a: Ampharos
|move|p2a: Ampharos|Dragon Pulse|p1a: Whimsicott|[from]Sleep Talk
|-immune|p1a: Whimsicott|[msg]
|
|turn|20
|
|move|p1a: Whimsicott|U-turn|p2a: Ampharos
|-damage|p2a: Ampharos|348\/384 slp
|
|switch|p1a: Alomomola|Alomomola, F|485\/519
|-curestatus|p2a: Ampharos|slp
|move|p2a: Ampharos|Volt Switch|p1a: Alomomola
|-supereffective|p1a: Alomomola
|-damage|p1a: Alomomola|81\/519
|
|switch|p2a: Krookodile|Krookodile, F|180\/331
|-ability|p2a: Krookodile|Intimidate|[of] p1a: Alomomola
|-unboost|p1a: Alomomola|atk|1
|
|turn|21
|c|âyuricon|misclick..
|
|switch|p1a: Ampharos|Ampharos-Mega, M|61\/363
|-ability|p1a: Ampharos|Mold Breaker
|move|p2a: Krookodile|Knock Off|p1a: Ampharos
|-damage|p1a: Ampharos|0 fnt
|faint|p1a: Ampharos
|
|
|switch|p1a: Whimsicott|Whimsicott, F|305\/305
|turn|22
|
|switch|p2a: Ampharos|Ampharos-Mega, M|348\/384
|-ability|p2a: Ampharos|Mold Breaker
|move|p1a: Whimsicott|Moonblast|p2a: Ampharos
|-supereffective|p2a: Ampharos
|-damage|p2a: Ampharos|220\/384
|
|turn|23
|
|move|p1a: Whimsicott|Moonblast|p2a: Ampharos
|-supereffective|p2a: Ampharos
|-damage|p2a: Ampharos|74\/384
|move|p2a: Ampharos|Rest|p2a: Ampharos
|-status|p2a: Ampharos|slp
|-heal|p2a: Ampharos|384\/384 slp|[silent]
|-status|p2a: Ampharos|slp|[from] move: Rest
|
|turn|24
|
|switch|p2a: Entei|Entei, shiny|310\/371
|-ability|p2a: Entei|Pressure
|move|p1a: Whimsicott|Encore|p2a: Entei
|-fail|p2a: Entei
|
|turn|25
|
|switch|p1a: Alomomola|Alomomola, F|254\/519
|move|p2a: Entei|Sacred Fire|p1a: Alomomola
|-resisted|p1a: Alomomola
|-damage|p1a: Alomomola|129\/519
|-status|p1a: Alomomola|brn
|
|-damage|p1a: Alomomola|65\/519 brn|[from] brn
|turn|26
|
|switch|p1a: Snorlax|Snorlax, M|497\/497
|move|p2a: Entei|Sacred Fire|p1a: Snorlax
|-damage|p1a: Snorlax|344\/497
|-status|p1a: Snorlax|brn
|
|-heal|p1a: Snorlax|375\/497 brn|[from] item: Leftovers
|-damage|p1a: Snorlax|313\/497 brn|[from] brn
|turn|27
|
|switch|p2a: Krookodile|Krookodile, F|180\/331
|-ability|p2a: Krookodile|Intimidate|[of] p1a: Snorlax
|-unboost|p1a: Snorlax|atk|1
|move|p1a: Snorlax|Rest|p1a: Snorlax
|-status|p1a: Snorlax|slp
|-heal|p1a: Snorlax|497\/497 slp|[silent]
|-status|p1a: Snorlax|slp|[from] move: Rest
|
|turn|28
|
|switch|p1a: Alomomola|Alomomola, F|238\/519 brn
|move|p2a: Krookodile|Knock Off|p1a: Alomomola
|-damage|p1a: Alomomola|96\/519 brn
|
|-damage|p1a: Alomomola|32\/519 brn|[from] brn
|turn|29
|
|move|p2a: Krookodile|Knock Off|p1a: Alomomola
|-damage|p1a: Alomomola|0 fnt
|faint|p1a: Alomomola
|
|
|switch|p1a: Whimsicott|Whimsicott, F|305\/305
|turn|30
|
|switch|p2a: Entei|Entei, shiny|310\/371
|-ability|p2a: Entei|Pressure
|move|p1a: Whimsicott|Moonblast|p2a: Entei
|-resisted|p2a: Entei
|-damage|p2a: Entei|249\/371
|-unboost|p2a: Entei|spa|1
|
|turn|31
|
|switch|p2a: Krookodile|Krookodile, F|180\/331
|-ability|p2a: Krookodile|Intimidate|[of] p1a: Whimsicott
|-unboost|p1a: Whimsicott|atk|1
|switch|p1a: Snorlax|Snorlax, M|497\/497 slp
|
|turn|32
|
|move|p2a: Krookodile|Pursuit|p1a: Snorlax
|-damage|p1a: Snorlax|383\/497 slp
|cant|p1a: Snorlax|slp
|move|p1a: Snorlax|Sleep Talk|p1a: Snorlax
|move|p1a: Snorlax|Curse|p1a: Snorlax|[from]Sleep Talk
|-boost|p1a: Snorlax|atk|1
|-boost|p1a: Snorlax|def|1
|-unboost|p1a: Snorlax|spe|1
|
|-heal|p1a: Snorlax|414\/497 slp|[from] item: Leftovers
|turn|33
|
|switch|p2a: Ampharos|Ampharos-Mega, M|384\/384 slp
|-ability|p2a: Ampharos|Mold Breaker
|cant|p1a: Snorlax|slp
|move|p1a: Snorlax|Sleep Talk|p1a: Snorlax
|move|p1a: Snorlax|Curse|p1a: Snorlax|[from]Sleep Talk
|-boost|p1a: Snorlax|atk|1
|-boost|p1a: Snorlax|def|1
|-unboost|p1a: Snorlax|spe|1
|
|-heal|p1a: Snorlax|445\/497 slp|[from] item: Leftovers
|turn|34
|
|cant|p2a: Ampharos|slp
|-curestatus|p1a: Snorlax|slp
|move|p1a: Snorlax|Frustration|p2a: Ampharos
|-damage|p2a: Ampharos|123\/384 slp
|
|-heal|p1a: Snorlax|476\/497|[from] item: Leftovers
|turn|35
|
|cant|p2a: Ampharos|slp
|move|p2a: Ampharos|Sleep Talk|p2a: Ampharos
|move|p2a: Ampharos|Dragon Pulse|p1a: Snorlax|[from]Sleep Talk
|-damage|p1a: Snorlax|362\/497
|move|p1a: Snorlax|Frustration|p2a: Ampharos
|-damage|p2a: Ampharos|0 fnt
|faint|p2a: Ampharos
|
|-heal|p1a: Snorlax|393\/497|[from] item: Leftovers
|
|switch|p2a: Krookodile|Krookodile, F|180\/331
|-ability|p2a: Krookodile|Intimidate|[of] p1a: Snorlax
|-unboost|p1a: Snorlax|atk|1
|turn|36
|
|move|p2a: Krookodile|Superpower|p1a: Snorlax
|-supereffective|p1a: Snorlax
|-damage|p1a: Snorlax|185\/497
|-unboost|p2a: Krookodile|atk|1
|-unboost|p2a: Krookodile|def|1
|move|p1a: Snorlax|Frustration|p2a: Krookodile
|-damage|p2a: Krookodile|0 fnt
|faint|p2a: Krookodile
|
|-heal|p1a: Snorlax|216\/497|[from] item: Leftovers
|
|switch|p2a: Entei|Entei, shiny|249\/371
|-ability|p2a: Entei|Pressure
|turn|37
|
|move|p2a: Entei|Sacred Fire|p1a: Snorlax
|-crit|p1a: Snorlax
|-damage|p1a: Snorlax|3\/497
|move|p1a: Snorlax|Rest|p1a: Snorlax
|-status|p1a: Snorlax|slp
|-heal|p1a: Snorlax|497\/497 slp|[silent]
|-status|p1a: Snorlax|slp|[from] move: Rest
|
|turn|38
|leave|Dix pix
|player|p2
|leave|SexualAssaultVest
|-message|dixpix lost due to inactivity.
|
|win|yuricon
|raw|Ladder updating...
|raw|yuricon's rating: 1526 &rarr; <strong>1548<\/strong><br \/>(+22 for winning)
|raw|Dix pix's rating: 1568 &rarr; <strong>1545<\/strong><br \/>(-23 for losing)