|join|Julie3
|join|yuricon
|player|p1|Julie3|170
|player|p2|yuricon|2
|gametype|singles
|gen|6
|tier|UU
|rated
|rule|Sleep Clause Mod: Limit one foe put to sleep
|rule|Species Clause: Limit one of each PokÃ©mon
|rule|OHKO Clause: OHKO moves are banned
|rule|Moody Clause: Moody is banned
|rule|Evasion Moves Clause: Evasion moves are banned
|rule|Endless Battle Clause: Forcing endless battles is banned
|rule|HP Percentage Mod: HP is shown in percentages
|clearpoke
|poke|p1|Milotic, M
|poke|p1|Celebi
|poke|p1|Arcanine, M
|poke|p1|Pidgeot, M
|poke|p1|Cobalion
|poke|p1|Espeon, M
|poke|p2|Alomomola, F
|poke|p2|Ampharos, M
|poke|p2|Snorlax, M
|poke|p2|Whimsicott, F
|poke|p2|Krookodile, M
|poke|p2|Crobat, F
|rule|Swagger Clause: Swagger is banned
|rule|Baton Pass Clause: Limit one PokÃ©mon knowing Baton Pass
|teampreview
|c|âyuricon|gl hf
|c|âJulie3|gl hf
|
|start
|switch|p1a: Espeon|Espeon, M|271\/271
|switch|p2a: Krookodile|Krookodile, M|333\/333
|-ability|p2a: Krookodile|Intimidate|[of] p1a: Espeon
|-unboost|p1a: Espeon|atk|1
|turn|1
|
|move|p1a: Espeon|Dazzling Gleam|p2a: Krookodile
|-supereffective|p2a: Krookodile
|-damage|p2a: Krookodile|79\/333
|move|p2a: Krookodile|Pursuit|p1a: Espeon
|-supereffective|p1a: Espeon
|-damage|p1a: Espeon|29\/271
|-damage|p2a: Krookodile|46\/333|[from] item: Life Orb
|
|turn|2
|
|switch|p2a: Snorlax|Snorlax, M|497\/497
|move|p1a: Espeon|Dazzling Gleam|p2a: Snorlax
|-damage|p2a: Snorlax|427\/497
|
|-heal|p2a: Snorlax|458\/497|[from] item: Leftovers
|turn|3
|
|switch|p1a: Cobalion|Cobalion|323\/323
|move|p2a: Snorlax|Frustration|p1a: Cobalion
|-resisted|p1a: Cobalion
|-damage|p1a: Cobalion|268\/323
|
|-heal|p1a: Cobalion|288\/323|[from] item: Leftovers
|-heal|p2a: Snorlax|489\/497|[from] item: Leftovers
|turn|4
|
|switch|p2a: Alomomola|Alomomola, F|519\/519
|move|p1a: Cobalion|Close Combat|p2a: Alomomola
|-damage|p2a: Alomomola|380\/519
|-damage|p1a: Cobalion|235\/323|[from] item: Rocky Helmet|[of] p2a: Alomomola
|-unboost|p1a: Cobalion|def|1
|-unboost|p1a: Cobalion|spd|1
|
|-heal|p1a: Cobalion|255\/323|[from] item: Leftovers
|turn|5
|
|switch|p1a: Pidgeot|Pidgeot, M|307\/307
|move|p2a: Alomomola|Wish|p2a: Alomomola
|
|turn|6
|
|switch|p2a: Ampharos|Ampharos, M|363\/363
|detailschange|p1a: Pidgeot|Pidgeot-Mega, M
|-mega|p1a: Pidgeot|Pidgeot|Pidgeotite
|move|p1a: Pidgeot|Hurricane|p2a: Ampharos
|-resisted|p2a: Ampharos
|-damage|p2a: Ampharos|262\/363
|-start|p2a: Ampharos|confusion
|
|-heal|p2a: Ampharos|363\/363|[from] move: Wish|[wisher] Alomomola
|turn|7
|
|switch|p1a: Celebi|Celebi|341\/341
|detailschange|p2a: Ampharos|Ampharos-Mega, M
|-mega|p2a: Ampharos|Ampharos|Ampharosite
|-ability|p2a: Ampharos|Mold Breaker
|-activate|p2a: Ampharos|confusion
|-damage|p2a: Ampharos|341\/363|[from] confusion
|
|turn|8
|
|move|p1a: Celebi|U-turn|p2a: Ampharos
|-crit|p2a: Ampharos
|-damage|p2a: Ampharos|203\/363
|
|switch|p1a: Milotic|Milotic, M|393\/393
|-activate|p2a: Ampharos|confusion
|move|p2a: Ampharos|Volt Switch|p1a: Milotic
|-supereffective|p1a: Milotic
|-damage|p1a: Milotic|189\/393
|
|switch|p2a: Whimsicott|Whimsicott, F|305\/305
|
|-heal|p1a: Milotic|213\/393|[from] item: Leftovers
|turn|9
|
|move|p2a: Whimsicott|U-turn|p1a: Milotic
|-damage|p1a: Milotic|174\/393
|
|switch|p2a: Alomomola|Alomomola, F|519\/519
|move|p1a: Milotic|Ice Beam|p2a: Alomomola
|-resisted|p2a: Alomomola
|-damage|p2a: Alomomola|461\/519
|
|-heal|p1a: Milotic|198\/393|[from] item: Leftovers
|turn|10
|
|move|p1a: Milotic|Recover|p1a: Milotic
|-heal|p1a: Milotic|393\/393
|move|p2a: Alomomola|Wish|p2a: Alomomola
|
|turn|11
|
|move|p1a: Milotic|Ice Beam|p2a: Alomomola
|-resisted|p2a: Alomomola
|-damage|p2a: Alomomola|410\/519
|move|p2a: Alomomola|Toxic|p1a: Milotic
|-status|p1a: Milotic|tox
|
|-heal|p2a: Alomomola|519\/519|[from] move: Wish|[wisher] Alomomola
|-damage|p1a: Milotic|369\/393 tox|[from] psn
|turn|12
|
|switch|p1a: Pidgeot|Pidgeot-Mega, M|307\/307
|move|p2a: Alomomola|Wish|p2a: Alomomola
|
|turn|13
|
|switch|p2a: Ampharos|Ampharos-Mega, M|203\/363
|-ability|p2a: Ampharos|Mold Breaker
|move|p1a: Pidgeot|Hurricane|p2a: Ampharos
|-resisted|p2a: Ampharos
|-damage|p2a: Ampharos|104\/363
|-start|p2a: Ampharos|confusion
|
|-heal|p2a: Ampharos|363\/363|[from] move: Wish|[wisher] Alomomola
|turn|14
|
|switch|p1a: Milotic|Milotic, M|369\/393 tox
|-activate|p2a: Ampharos|confusion
|move|p2a: Ampharos|Volt Switch|p1a: Milotic
|-supereffective|p1a: Milotic
|-damage|p1a: Milotic|141\/393 tox
|
|switch|p2a: Krookodile|Krookodile, M|46\/333
|-ability|p2a: Krookodile|Intimidate|[of] p1a: Milotic
|-unboost|p1a: Milotic|atk|1
|
|-heal|p1a: Milotic|165\/393 tox|[from] item: Leftovers
|-damage|p1a: Milotic|141\/393 tox|[from] psn
|turn|15
|
|move|p2a: Krookodile|Stealth Rock|p1a: Milotic
|-sidestart|p1: Julie3|move: Stealth Rock
|move|p1a: Milotic|Scald|p2a: Krookodile
|-supereffective|p2a: Krookodile
|-damage|p2a: Krookodile|0 fnt
|faint|p2a: Krookodile
|
|-heal|p1a: Milotic|165\/393 tox|[from] item: Leftovers
|-damage|p1a: Milotic|117\/393 tox|[from] psn
|
|switch|p2a: Ampharos|Ampharos-Mega, M|363\/363
|-ability|p2a: Ampharos|Mold Breaker
|turn|16
|
|move|p1a: Milotic|Ice Beam|p2a: Ampharos
|-supereffective|p2a: Ampharos
|-damage|p2a: Ampharos|223\/363
|move|p2a: Ampharos|Volt Switch|p1a: Milotic
|-supereffective|p1a: Milotic
|-damage|p1a: Milotic|0 fnt
|faint|p1a: Milotic
|
|switch|p2a: Crobat|Crobat, F|353\/353
|
|
|switch|p1a: Pidgeot|Pidgeot-Mega, M|307\/307
|-damage|p1a: Pidgeot|231\/307|[from] Stealth Rock
|turn|17
|
|move|p2a: Crobat|Brave Bird|p1a: Pidgeot
|-damage|p1a: Pidgeot|56\/307
|-damage|p2a: Crobat|295\/353|[from] recoil|[of] p1a: Pidgeot
|move|p1a: Pidgeot|Hurricane|p2a: Crobat
|-damage|p2a: Crobat|39\/353
|
|-heal|p2a: Crobat|61\/353|[from] item: Black Sludge
|turn|18
|
|move|p2a: Crobat|Brave Bird|p1a: Pidgeot
|-damage|p1a: Pidgeot|0 fnt
|-damage|p2a: Crobat|43\/353|[from] recoil|[of] p1a: Pidgeot
|faint|p1a: Pidgeot
|
|-heal|p2a: Crobat|65\/353|[from] item: Black Sludge
|
|switch|p1a: Arcanine|Arcanine, M|384\/384
|-damage|p1a: Arcanine|288\/384|[from] Stealth Rock
|-ability|p1a: Arcanine|Intimidate|[of] p2a: Crobat
|-unboost|p2a: Crobat|atk|1
|turn|19
|
|move|p2a: Crobat|U-turn|p1a: Arcanine
|-resisted|p1a: Arcanine
|-damage|p1a: Arcanine|267\/384
|
|switch|p2a: Snorlax|Snorlax, M|489\/497
|move|p1a: Arcanine|Will-O-Wisp|p2a: Snorlax
|-status|p2a: Snorlax|brn
|
|-heal|p1a: Arcanine|291\/384|[from] item: Leftovers
|-heal|p2a: Snorlax|497\/497 brn|[from] item: Leftovers
|-damage|p2a: Snorlax|435\/497 brn|[from] brn
|turn|20
|
|switch|p1a: Espeon|Espeon, M|29\/271
|-damage|p1a: Espeon|0 fnt|[from] Stealth Rock
|faint|p1a: Espeon
|move|p2a: Snorlax|Rest|p2a: Snorlax
|-status|p2a: Snorlax|slp
|-heal|p2a: Snorlax|497\/497 slp|[silent]
|-status|p2a: Snorlax|slp|[from] move: Rest
|
|
|switch|p1a: Cobalion|Cobalion|255\/323
|-damage|p1a: Cobalion|245\/323|[from] Stealth Rock
|turn|21
|
|switch|p2a: Alomomola|Alomomola, F|519\/519
|move|p1a: Cobalion|Swords Dance|p1a: Cobalion
|-boost|p1a: Cobalion|atk|2
|
|-heal|p1a: Cobalion|265\/323|[from] item: Leftovers
|turn|22
|
|switch|p2a: Whimsicott|Whimsicott, F|305\/305
|move|p1a: Cobalion|Close Combat|p2a: Whimsicott
|-resisted|p2a: Whimsicott
|-damage|p2a: Whimsicott|183\/305
|-unboost|p1a: Cobalion|def|1
|-unboost|p1a: Cobalion|spd|1
|
|-heal|p1a: Cobalion|285\/323|[from] item: Leftovers
|-heal|p2a: Whimsicott|202\/305|[from] item: Leftovers
|turn|23
|
|move|p2a: Whimsicott|Encore|p1a: Cobalion
|-start|p1a: Cobalion|Encore
|move|p1a: Cobalion|Close Combat|p2a: Whimsicott
|-resisted|p2a: Whimsicott
|-damage|p2a: Whimsicott|80\/305
|-unboost|p1a: Cobalion|def|1
|-unboost|p1a: Cobalion|spd|1
|
|-heal|p1a: Cobalion|305\/323|[from] item: Leftovers
|-heal|p2a: Whimsicott|99\/305|[from] item: Leftovers
|turn|24
|
|move|p2a: Whimsicott|Leech Seed|p1a: Cobalion
|-start|p1a: Cobalion|move: Leech Seed
|move|p1a: Cobalion|Close Combat|p2a: Whimsicott
|-resisted|p2a: Whimsicott
|-damage|p2a: Whimsicott|0 fnt
|-unboost|p1a: Cobalion|def|1
|-unboost|p1a: Cobalion|spd|1
|faint|p2a: Whimsicott
|
|-heal|p1a: Cobalion|323\/323|[from] item: Leftovers
|
|switch|p2a: Crobat|Crobat, F|65\/353
|turn|25
|
|switch|p1a: Arcanine|Arcanine, M|291\/384
|-damage|p1a: Arcanine|195\/384|[from] Stealth Rock
|-ability|p1a: Arcanine|Intimidate|[of] p2a: Crobat
|-unboost|p2a: Crobat|atk|1
|move|p2a: Crobat|Brave Bird|p1a: Arcanine
|-damage|p1a: Arcanine|89\/384
|-damage|p2a: Crobat|30\/353|[from] recoil|[of] p1a: Arcanine
|
|-heal|p2a: Crobat|52\/353|[from] item: Black Sludge
|-heal|p1a: Arcanine|113\/384|[from] item: Leftovers
|turn|26
|
|move|p1a: Arcanine|Extreme Speed|p2a: Crobat
|-damage|p2a: Crobat|0 fnt
|faint|p2a: Crobat
|
|-heal|p1a: Arcanine|137\/384|[from] item: Leftovers
|
|switch|p2a: Snorlax|Snorlax, M|497\/497 slp
|turn|27
|
|switch|p1a: Cobalion|Cobalion|323\/323
|-damage|p1a: Cobalion|313\/323|[from] Stealth Rock
|cant|p2a: Snorlax|slp
|move|p2a: Snorlax|Sleep Talk|p2a: Snorlax
|move|p2a: Snorlax|Rest|p2a: Snorlax|[from]Sleep Talk
|-fail|p2a: Snorlax
|
|-heal|p1a: Cobalion|323\/323|[from] item: Leftovers
|turn|28
|
|switch|p2a: Alomomola|Alomomola, F|519\/519
|move|p1a: Cobalion|Swords Dance|p1a: Cobalion
|-boost|p1a: Cobalion|atk|2
|
|turn|29
|
|move|p1a: Cobalion|Close Combat|p2a: Alomomola
|-damage|p2a: Alomomola|251\/519
|-damage|p1a: Cobalion|270\/323|[from] item: Rocky Helmet|[of] p2a: Alomomola
|-unboost|p1a: Cobalion|def|1
|-unboost|p1a: Cobalion|spd|1
|move|p2a: Alomomola|Scald|p1a: Cobalion
|-crit|p1a: Cobalion
|-damage|p1a: Cobalion|144\/323
|-status|p1a: Cobalion|brn
|
|-heal|p1a: Cobalion|164\/323 brn|[from] item: Leftovers
|-damage|p1a: Cobalion|124\/323 brn|[from] brn
|turn|30
|
|switch|p2a: Ampharos|Ampharos-Mega, M|223\/363
|-ability|p2a: Ampharos|Mold Breaker
|move|p1a: Cobalion|Close Combat|p2a: Ampharos
|-damage|p2a: Ampharos|69\/363
|-unboost|p1a: Cobalion|def|1
|-unboost|p1a: Cobalion|spd|1
|
|-heal|p1a: Cobalion|144\/323 brn|[from] item: Leftovers
|-damage|p1a: Cobalion|104\/323 brn|[from] brn
|turn|31
|
|switch|p2a: Alomomola|Alomomola, F|424\/519
|move|p1a: Cobalion|Close Combat|p2a: Alomomola
|-damage|p2a: Alomomola|291\/519
|-damage|p1a: Cobalion|51\/323 brn|[from] item: Rocky Helmet|[of] p2a: Alomomola
|-unboost|p1a: Cobalion|def|1
|-unboost|p1a: Cobalion|spd|1
|
|-heal|p1a: Cobalion|71\/323 brn|[from] item: Leftovers
|-damage|p1a: Cobalion|31\/323 brn|[from] brn
|turn|32
|
|move|p1a: Cobalion|Close Combat|p2a: Alomomola
|-damage|p2a: Alomomola|138\/519
|-damage|p1a: Cobalion|0 fnt|[from] item: Rocky Helmet|[of] p2a: Alomomola
|faint|p1a: Cobalion
|move|p2a: Alomomola|Wish|p2a: Alomomola
|
|
|switch|p1a: Celebi|Celebi|341\/341
|-damage|p1a: Celebi|299\/341|[from] Stealth Rock
|turn|33
|
|switch|p2a: Snorlax|Snorlax, M|497\/497 slp
|move|p1a: Celebi|Seed Bomb|p2a: Snorlax
|-damage|p2a: Snorlax|305\/497 slp
|
|-heal|p2a: Snorlax|497\/497 slp|[from] move: Wish|[wisher] Alomomola
|turn|34
|
|switch|p1a: Arcanine|Arcanine, M|137\/384
|-damage|p1a: Arcanine|41\/384|[from] Stealth Rock
|-ability|p1a: Arcanine|Intimidate|[of] p2a: Snorlax
|-unboost|p2a: Snorlax|atk|1
|cant|p2a: Snorlax|slp
|move|p2a: Snorlax|Sleep Talk|p2a: Snorlax
|move|p2a: Snorlax|Frustration|p1a: Arcanine|[from]Sleep Talk
|-damage|p1a: Arcanine|0 fnt
|faint|p1a: Arcanine
|
|
|switch|p1a: Celebi|Celebi|299\/341
|-damage|p1a: Celebi|257\/341|[from] Stealth Rock
|turn|35
|
|move|p1a: Celebi|Seed Bomb|p2a: Snorlax
|-damage|p2a: Snorlax|292\/497 slp
|-curestatus|p2a: Snorlax|slp
|move|p2a: Snorlax|Frustration|p1a: Celebi
|-damage|p1a: Celebi|163\/341
|
|-heal|p2a: Snorlax|323\/497|[from] item: Leftovers
|turn|36
|
|switch|p2a: Alomomola|Alomomola, F|311\/519
|move|p1a: Celebi|Seed Bomb|p2a: Alomomola
|-supereffective|p2a: Alomomola
|-damage|p2a: Alomomola|0 fnt
|faint|p2a: Alomomola
|
|
|switch|p2a: Ampharos|Ampharos-Mega, M|69\/363
|-ability|p2a: Ampharos|Mold Breaker
|turn|37
|
|move|p1a: Celebi|Seed Bomb|p2a: Ampharos
|-resisted|p2a: Ampharos
|-damage|p2a: Ampharos|0 fnt
|faint|p2a: Ampharos
|
|
|switch|p2a: Snorlax|Snorlax, M|323\/497
|turn|38
|
|move|p1a: Celebi|Seed Bomb|p2a: Snorlax
|-damage|p2a: Snorlax|131\/497
|move|p2a: Snorlax|Curse|p2a: Snorlax
|-boost|p2a: Snorlax|atk|1
|-boost|p2a: Snorlax|def|1
|-unboost|p2a: Snorlax|spe|1
|
|-heal|p2a: Snorlax|162\/497|[from] item: Leftovers
|turn|39
|
|move|p1a: Celebi|Seed Bomb|p2a: Snorlax
|-damage|p2a: Snorlax|39\/497
|move|p2a: Snorlax|Frustration|p1a: Celebi
|-damage|p1a: Celebi|0 fnt
|faint|p1a: Celebi
|
|win|yuricon
|raw|Ladder updating...
|raw|Julie3's rating: 1590 &rarr; <strong>1565<\/strong><br \/>(-25 for losing)
|raw|yuricon's rating: 1505 &rarr; <strong>1530<\/strong><br \/>(+25 for winning)
|c|âyuricon|gg
|leave|Julie3
|player|p1