|join|yuricon
|join|klos
|player|p1|yuricon|2
|player|p2|klos|78
|gametype|singles
|gen|6
|tier|UU
|rated
|rule|Sleep Clause Mod: Limit one foe put to sleep
|rule|Species Clause: Limit one of each PokÃ©mon
|rule|OHKO Clause: OHKO moves are banned
|rule|Moody Clause: Moody is banned
|rule|Evasion Moves Clause: Evasion moves are banned
|rule|Endless Battle Clause: Forcing endless battles is banned
|rule|HP Percentage Mod: HP is shown in percentages
|clearpoke
|poke|p1|Alomomola, M
|poke|p1|Ampharos, F
|poke|p1|Snorlax, M
|poke|p1|Whimsicott, F
|poke|p1|Krookodile, M
|poke|p1|Crobat, M
|poke|p2|Mienshao, M
|poke|p2|Diancie
|poke|p2|Serperior, M
|poke|p2|Gligar, F
|poke|p2|Vaporeon, F
|poke|p2|Snorlax, M
|rule|Swagger Clause: Swagger is banned
|rule|Baton Pass Clause: Limit one PokÃ©mon knowing Baton Pass
|teampreview
|c|âyuricon|gl hf
|c|âklos|u2 m8
|
|start
|switch|p1a: Krookodile|Krookodile, M|333\/333
|switch|p2a: Gligar|Gligar, F|333\/333
|-ability|p1a: Krookodile|Intimidate|[of] p2a: Gligar
|-unboost|p2a: Gligar|atk|1
|turn|1
|
|move|p1a: Krookodile|Knock Off|p2a: Gligar
|-damage|p2a: Gligar|219\/333
|-enditem|p2a: Gligar|Eviolite|[from] move: Knock Off|[of] p1a: Krookodile
|-damage|p1a: Krookodile|300\/333|[from] item: Life Orb
|move|p2a: Gligar|Stealth Rock|p1a: Krookodile
|-sidestart|p1: yuricon|move: Stealth Rock
|
|turn|2
|
|move|p1a: Krookodile|Stealth Rock|p2a: Gligar
|-sidestart|p2: klos|move: Stealth Rock
|move|p2a: Gligar|Roost|p2a: Gligar
|-heal|p2a: Gligar|333\/333
|
|turn|3
|
|move|p1a: Krookodile|Knock Off|p2a: Gligar
|-damage|p2a: Gligar|232\/333
|-damage|p1a: Krookodile|267\/333|[from] item: Life Orb
|move|p2a: Gligar|U-turn|p1a: Krookodile
|-supereffective|p1a: Krookodile
|-damage|p1a: Krookodile|193\/333
|
|switch|p2a: Serperior|Serperior, M|289\/289
|-damage|p2a: Serperior|253\/289|[from] Stealth Rock
|
|turn|4
|
|switch|p1a: Snorlax|Snorlax, M|497\/497
|-damage|p1a: Snorlax|435\/497|[from] Stealth Rock
|move|p2a: Serperior|Glare|p1a: Snorlax
|-status|p1a: Snorlax|par
|
|-heal|p1a: Snorlax|466\/497 par|[from] item: Leftovers
|turn|5
|
|move|p2a: Serperior|Leaf Storm|p1a: Snorlax
|-damage|p1a: Snorlax|318\/497 par
|-boost|p2a: Serperior|spa|2
|-damage|p2a: Serperior|225\/289|[from] item: Life Orb
|cant|p1a: Snorlax|par
|
|-heal|p1a: Snorlax|349\/497 par|[from] item: Leftovers
|turn|6
|
|move|p2a: Serperior|Leaf Storm|p1a: Snorlax
|-damage|p1a: Snorlax|44\/497 par
|-boost|p2a: Serperior|spa|2
|-damage|p2a: Serperior|197\/289|[from] item: Life Orb
|move|p1a: Snorlax|Frustration|p2a: Serperior
|-damage|p2a: Serperior|59\/289
|
|-heal|p1a: Snorlax|75\/497 par|[from] item: Leftovers
|turn|7
|
|move|p2a: Serperior|Leaf Storm|p1a: Snorlax
|-damage|p1a: Snorlax|0 fnt
|-boost|p2a: Serperior|spa|2
|-damage|p2a: Serperior|31\/289|[from] item: Life Orb
|faint|p1a: Snorlax
|
|
|switch|p1a: Crobat|Crobat, M|353\/353
|-damage|p1a: Crobat|265\/353|[from] Stealth Rock
|turn|8
|
|move|p1a: Crobat|U-turn|p2a: Serperior
|-supereffective|p2a: Serperior
|-damage|p2a: Serperior|0 fnt
|faint|p2a: Serperior
|
|switch|p1a: Alomomola|Alomomola, M|519\/519
|-damage|p1a: Alomomola|455\/519|[from] Stealth Rock
|
|
|switch|p2a: Snorlax|Snorlax, M|524\/524
|-damage|p2a: Snorlax|459\/524|[from] Stealth Rock
|turn|9
|
|switch|p1a: Whimsicott|Whimsicott, F|305\/305
|-damage|p1a: Whimsicott|267\/305|[from] Stealth Rock
|move|p2a: Snorlax|Curse|p2a: Snorlax
|-boost|p2a: Snorlax|atk|1
|-boost|p2a: Snorlax|def|1
|-unboost|p2a: Snorlax|spe|1
|
|-heal|p1a: Whimsicott|286\/305|[from] item: Leftovers
|-heal|p2a: Snorlax|491\/524|[from] item: Leftovers
|turn|10
|
|switch|p2a: Diancie|Diancie|241\/241
|-damage|p2a: Diancie|211\/241|[from] Stealth Rock
|move|p1a: Whimsicott|Encore|p2a: Diancie
|-fail|p2a: Diancie
|
|-heal|p1a: Whimsicott|305\/305|[from] item: Leftovers
|turn|11
|
|detailschange|p2a: Diancie|Diancie-Mega
|-mega|p2a: Diancie|Diancie|Diancite
|move|p1a: Whimsicott|U-turn|p2a: Diancie
|-resisted|p2a: Diancie
|-damage|p2a: Diancie|192\/241
|
|switch|p1a: Krookodile|Krookodile, M|193\/333
|-damage|p1a: Krookodile|173\/333|[from] Stealth Rock
|-ability|p1a: Krookodile|Intimidate|[of] p2a: Diancie
|-unboost|p2a: Diancie|atk|1
|move|p2a: Diancie|Moonblast|p1a: Krookodile
|-supereffective|p1a: Krookodile
|-damage|p1a: Krookodile|0 fnt
|faint|p1a: Krookodile
|
|
|switch|p1a: Alomomola|Alomomola, M|519\/519
|-damage|p1a: Alomomola|455\/519|[from] Stealth Rock
|turn|12
|
|switch|p2a: Vaporeon|Vaporeon, F|464\/464
|-damage|p2a: Vaporeon|406\/464|[from] Stealth Rock
|move|p1a: Alomomola|Scald|p2a: Vaporeon
|-heal|p2a: Vaporeon|464\/464|[from] ability: Water Absorb|[of] p1a: Alomomola
|
|turn|13
|
|move|p2a: Vaporeon|Baton Pass|p2a: Vaporeon
|
|switch|p2a: Snorlax|Snorlax, M|491\/524
|-damage|p2a: Snorlax|426\/524|[from] Stealth Rock
|move|p1a: Alomomola|Wish|p1a: Alomomola
|
|-heal|p2a: Snorlax|458\/524|[from] item: Leftovers
|turn|14
|
|switch|p1a: Crobat|Crobat, M|265\/353
|-damage|p1a: Crobat|177\/353|[from] Stealth Rock
|move|p2a: Snorlax|Frustration|p1a: Crobat
|-damage|p1a: Crobat|14\/353
|
|-heal|p1a: Crobat|273\/353|[from] move: Wish|[wisher] Alomomola
|-heal|p1a: Crobat|295\/353|[from] item: Black Sludge
|-heal|p2a: Snorlax|490\/524|[from] item: Leftovers
|turn|15
|
|switch|p2a: Diancie|Diancie-Mega|192\/241
|-damage|p2a: Diancie|162\/241|[from] Stealth Rock
|move|p1a: Crobat|Defog|p2a: Diancie
|move|p2a: Diancie|Defog|p1a: Crobat|[from]Magic Bounce
|-unboost|p1a: Crobat|evasion|1
|-sideend|p1: yuricon|Stealth Rock|[from] move: Defog|[of] p1a: Crobat
|-sideend|p2: klos|Stealth Rock|[from] move: Defog|[of] p2a: Diancie
|
|-heal|p1a: Crobat|317\/353|[from] item: Black Sludge
|turn|16
|
|move|p1a: Crobat|U-turn|p2a: Diancie
|-resisted|p2a: Diancie
|-damage|p2a: Diancie|135\/241
|
|switch|p1a: Alomomola|Alomomola, M|519\/519
|move|p2a: Diancie|Diamond Storm|p1a: Alomomola
|-damage|p1a: Alomomola|375\/519
|
|turn|17
|
|move|p2a: Diancie|Moonblast|p1a: Alomomola
|-damage|p1a: Alomomola|81\/519
|-unboost|p1a: Alomomola|spa|1
|move|p1a: Alomomola|Scald|p2a: Diancie
|-crit|p2a: Diancie
|-supereffective|p2a: Diancie
|-damage|p2a: Diancie|3\/241
|
|turn|18
|
|move|p1a: Alomomola|Protect|p1a: Alomomola
|-singleturn|p1a: Alomomola|Protect
|move|p2a: Diancie|Moonblast|p1a: Alomomola
|-activate|p1a: Alomomola|Protect
|
|turn|19
|
|switch|p1a: Crobat|Crobat, M|317\/353
|move|p2a: Diancie|Diamond Storm|p1a: Crobat
|-supereffective|p1a: Crobat
|-damage|p1a: Crobat|0 fnt
|-boost|p2a: Diancie|def|1
|faint|p1a: Crobat
|
|
|switch|p1a: Whimsicott|Whimsicott, F|305\/305
|turn|20
|
|move|p2a: Diancie|Moonblast|p1a: Whimsicott
|-damage|p1a: Whimsicott|62\/305
|move|p1a: Whimsicott|U-turn|p2a: Diancie
|-resisted|p2a: Diancie
|-damage|p2a: Diancie|0 fnt
|faint|p2a: Diancie
|
|switch|p1a: Alomomola|Alomomola, M|254\/519
|
|
|switch|p2a: Snorlax|Snorlax, M|490\/524
|turn|21
|
|move|p1a: Alomomola|Wish|p1a: Alomomola
|move|p2a: Snorlax|Curse|p2a: Snorlax
|-boost|p2a: Snorlax|atk|1
|-boost|p2a: Snorlax|def|1
|-unboost|p2a: Snorlax|spe|1
|
|-heal|p2a: Snorlax|522\/524|[from] item: Leftovers
|turn|22
|
|move|p1a: Alomomola|Toxic|p2a: Snorlax
|-status|p2a: Snorlax|tox
|move|p2a: Snorlax|Frustration|p1a: Alomomola
|-damage|p1a: Alomomola|76\/519
|-damage|p2a: Snorlax|435\/524 tox|[from] item: Rocky Helmet|[of] p1a: Alomomola
|
|-heal|p1a: Alomomola|335\/519|[from] move: Wish|[wisher] Alomomola
|-heal|p2a: Snorlax|467\/524 tox|[from] item: Leftovers
|-damage|p2a: Snorlax|435\/524 tox|[from] psn
|turn|23
|
|move|p1a: Alomomola|Wish|p1a: Alomomola
|move|p2a: Snorlax|Curse|p2a: Snorlax
|-boost|p2a: Snorlax|atk|1
|-boost|p2a: Snorlax|def|1
|-unboost|p2a: Snorlax|spe|1
|
|-heal|p2a: Snorlax|467\/524 tox|[from] item: Leftovers
|-damage|p2a: Snorlax|403\/524 tox|[from] psn
|turn|24
|
|move|p1a: Alomomola|Protect|p1a: Alomomola
|-singleturn|p1a: Alomomola|Protect
|move|p2a: Snorlax|Frustration|p1a: Alomomola
|-activate|p1a: Alomomola|Protect
|
|-heal|p1a: Alomomola|519\/519|[from] move: Wish|[wisher] Alomomola
|-heal|p2a: Snorlax|435\/524 tox|[from] item: Leftovers
|-damage|p2a: Snorlax|339\/524 tox|[from] psn
|turn|25
|
|move|p1a: Alomomola|Wish|p1a: Alomomola
|move|p2a: Snorlax|Frustration|p1a: Alomomola
|-damage|p1a: Alomomola|282\/519
|-damage|p2a: Snorlax|252\/524 tox|[from] item: Rocky Helmet|[of] p1a: Alomomola
|
|-heal|p2a: Snorlax|284\/524 tox|[from] item: Leftovers
|-damage|p2a: Snorlax|156\/524 tox|[from] psn
|turn|26
|
|switch|p1a: Whimsicott|Whimsicott, F|62\/305
|move|p2a: Snorlax|Rest|p2a: Snorlax
|-status|p2a: Snorlax|slp
|-heal|p2a: Snorlax|524\/524 slp|[silent]
|-status|p2a: Snorlax|slp|[from] move: Rest
|
|-heal|p1a: Whimsicott|305\/305|[from] move: Wish|[wisher] Alomomola
|turn|27
|
|move|p1a: Whimsicott|Encore|p2a: Snorlax
|-start|p2a: Snorlax|Encore
|cant|p2a: Snorlax|slp
|
|turn|28
|
|move|p1a: Whimsicott|U-turn|p2a: Snorlax
|-damage|p2a: Snorlax|495\/524 slp
|
|switch|p1a: Ampharos|Ampharos, F|363\/363
|cant|p2a: Snorlax|slp
|
|-heal|p2a: Snorlax|524\/524 slp|[from] item: Leftovers
|turn|29
|
|detailschange|p1a: Ampharos|Ampharos-Mega, F
|-mega|p1a: Ampharos|Ampharos|Ampharosite
|-ability|p1a: Ampharos|Mold Breaker
|move|p1a: Ampharos|Volt Switch|p2a: Snorlax
|-damage|p2a: Snorlax|418\/524 slp
|
|switch|p1a: Whimsicott|Whimsicott, F|305\/305
|-curestatus|p2a: Snorlax|slp
|move|p2a: Snorlax|Rest|p2a: Snorlax
|-status|p2a: Snorlax|slp
|-heal|p2a: Snorlax|524\/524 slp|[silent]
|-status|p2a: Snorlax|slp|[from] move: Rest
|
|-end|p2a: Snorlax|Encore
|turn|30
|
|switch|p2a: Gligar|Gligar, F|232\/333
|move|p1a: Whimsicott|Encore|p2a: Gligar
|-fail|p2a: Gligar
|
|turn|31
|
|move|p1a: Whimsicott|Moonblast|p2a: Gligar
|-damage|p2a: Gligar|111\/333
|-unboost|p2a: Gligar|spa|1
|move|p2a: Gligar|U-turn|p1a: Whimsicott
|-crit|p1a: Whimsicott
|-damage|p1a: Whimsicott|256\/305
|
|switch|p2a: Snorlax|Snorlax, M|524\/524 slp
|
|-heal|p1a: Whimsicott|275\/305|[from] item: Leftovers
|turn|32
|
|move|p1a: Whimsicott|Leech Seed|p2a: Snorlax
|-start|p2a: Snorlax|move: Leech Seed
|cant|p2a: Snorlax|slp
|
|-heal|p1a: Whimsicott|294\/305|[from] item: Leftovers
|-damage|p2a: Snorlax|459\/524 slp|[from] Leech Seed|[of] p1a: Whimsicott
|-heal|p1a: Whimsicott|305\/305|[silent]
|turn|33
|
|move|p1a: Whimsicott|Moonblast|p2a: Snorlax
|-damage|p2a: Snorlax|396\/524 slp
|cant|p2a: Snorlax|slp
|
|-heal|p2a: Snorlax|428\/524 slp|[from] item: Leftovers
|-damage|p2a: Snorlax|363\/524 slp|[from] Leech Seed|[of] p1a: Whimsicott
|turn|34
|
|switch|p1a: Alomomola|Alomomola, M|455\/519
|-curestatus|p2a: Snorlax|slp
|move|p2a: Snorlax|Frustration|p1a: Alomomola
|-damage|p1a: Alomomola|347\/519
|-damage|p2a: Snorlax|276\/524|[from] item: Rocky Helmet|[of] p1a: Alomomola
|
|-heal|p2a: Snorlax|308\/524|[from] item: Leftovers
|-damage|p2a: Snorlax|243\/524|[from] Leech Seed|[of] p1a: Alomomola
|-heal|p1a: Alomomola|412\/519|[silent]
|turn|35
|
|switch|p2a: Vaporeon|Vaporeon, F|464\/464
|move|p1a: Alomomola|Toxic|p2a: Vaporeon
|-status|p2a: Vaporeon|tox
|
|-damage|p2a: Vaporeon|435\/464 tox|[from] psn
|turn|36
|
|switch|p1a: Ampharos|Ampharos-Mega, F|363\/363
|-ability|p1a: Ampharos|Mold Breaker
|move|p2a: Vaporeon|Baton Pass|p2a: Vaporeon
|
|switch|p2a: Mienshao|Mienshao, M|271\/271
|
|turn|37
|
|switch|p1a: Alomomola|Alomomola, M|519\/519
|move|p2a: Mienshao|U-turn|p1a: Alomomola
|-damage|p1a: Alomomola|448\/519
|-damage|p2a: Mienshao|226\/271|[from] item: Rocky Helmet|[of] p1a: Alomomola
|
|switch|p2a: Snorlax|Snorlax, M|243\/524
|
|-heal|p2a: Snorlax|275\/524|[from] item: Leftovers
|turn|38
|
|move|p1a: Alomomola|Toxic|p2a: Snorlax
|-status|p2a: Snorlax|tox
|move|p2a: Snorlax|Curse|p2a: Snorlax
|-boost|p2a: Snorlax|atk|1
|-boost|p2a: Snorlax|def|1
|-unboost|p2a: Snorlax|spe|1
|
|-heal|p2a: Snorlax|307\/524 tox|[from] item: Leftovers
|-damage|p2a: Snorlax|275\/524 tox|[from] psn
|turn|39
|
|move|p1a: Alomomola|Wish|p1a: Alomomola
|move|p2a: Snorlax|Earthquake|p1a: Alomomola
|-damage|p1a: Alomomola|333\/519
|
|-heal|p2a: Snorlax|307\/524 tox|[from] item: Leftovers
|-damage|p2a: Snorlax|243\/524 tox|[from] psn
|turn|40
|
|switch|p1a: Whimsicott|Whimsicott, F|305\/305
|move|p2a: Snorlax|Rest|p2a: Snorlax
|-status|p2a: Snorlax|slp
|-heal|p2a: Snorlax|524\/524 slp|[silent]
|-status|p2a: Snorlax|slp|[from] move: Rest
|
|turn|41
|
|switch|p2a: Gligar|Gligar, F|111\/333
|move|p1a: Whimsicott|Leech Seed|p2a: Gligar
|-start|p2a: Gligar|move: Leech Seed
|
|-damage|p2a: Gligar|70\/333|[from] Leech Seed|[of] p1a: Whimsicott
|turn|42
|
|move|p1a: Whimsicott|Moonblast|p2a: Gligar
|-damage|p2a: Gligar|0 fnt
|faint|p2a: Gligar
|
|
|switch|p2a: Mienshao|Mienshao, M|226\/271
|turn|43
|
|switch|p1a: Alomomola|Alomomola, M|506\/519
|move|p2a: Mienshao|High Jump Kick|p1a: Alomomola
|-damage|p1a: Alomomola|280\/519
|-damage|p2a: Mienshao|181\/271|[from] item: Rocky Helmet|[of] p1a: Alomomola
|
|turn|44
|
|move|p1a: Alomomola|Protect|p1a: Alomomola
|-singleturn|p1a: Alomomola|Protect
|move|p2a: Mienshao|High Jump Kick|p1a: Alomomola
|-activate|p1a: Alomomola|Protect
|-damage|p2a: Mienshao|46\/271|[from] highjumpkick
|
|turn|45
|
|move|p2a: Mienshao|High Jump Kick|p1a: Alomomola
|-damage|p1a: Alomomola|67\/519
|-damage|p2a: Mienshao|1\/271|[from] item: Rocky Helmet|[of] p1a: Alomomola
|move|p1a: Alomomola|Wish|p1a: Alomomola
|
|turn|46
|
|switch|p2a: Snorlax|Snorlax, M|524\/524 slp
|move|p1a: Alomomola|Protect|p1a: Alomomola
|-fail|p1a: Alomomola
|
|-heal|p1a: Alomomola|326\/519|[from] move: Wish|[wisher] Alomomola
|turn|47
|c|âklos|gg
|
|switch|p1a: Ampharos|Ampharos-Mega, F|363\/363
|-ability|p1a: Ampharos|Mold Breaker
|cant|p2a: Snorlax|slp
|
|turn|48
|-message|klos forfeited.
|leave|klos
|
|win|yuricon
|raw|Ladder updating...
|player|p2
|raw|yuricon's rating: 1490 &rarr; <strong>1506<\/strong><br \/>(+16 for winning)
|raw|klos's rating: 1417 &rarr; <strong>1401<\/strong><br \/>(-16 for losing)