|join|yuricon
|join|Julie3
|player|p1|yuricon|169
|player|p2|Julie3|170
|gametype|singles
|gen|6
|tier|UU
|rated
|rule|Sleep Clause Mod: Limit one foe put to sleep
|rule|Species Clause: Limit one of each PokÃ©mon
|rule|OHKO Clause: OHKO moves are banned
|rule|Moody Clause: Moody is banned
|rule|Evasion Moves Clause: Evasion moves are banned
|rule|Endless Battle Clause: Forcing endless battles is banned
|rule|HP Percentage Mod: HP is shown in percentages
|clearpoke
|poke|p1|Alomomola, F
|poke|p1|Medicham, M
|poke|p1|Snorlax, F
|poke|p1|Krookodile, F
|poke|p1|Whimsicott, M
|poke|p1|Crobat, M
|poke|p2|Milotic, F
|poke|p2|Celebi
|poke|p2|Arcanine, F
|poke|p2|Pidgeot, F
|poke|p2|Cobalion
|poke|p2|Espeon, M
|rule|Swagger Clause: Swagger is banned
|rule|Baton Pass Clause: Limit one PokÃ©mon knowing Baton Pass
|teampreview
|c|âyuricon|gl
|c|âJulie3|gl
|join|goldenpanic
|
|start
|switch|p1a: Medicham|Medicham, M|261\/261
|switch|p2a: Arcanine|Arcanine, F|384\/384
|-ability|p2a: Arcanine|Intimidate|[of] p1a: Medicham
|-unboost|p1a: Medicham|atk|1
|turn|1
|
|switch|p1a: Snorlax|Snorlax, F|497\/497
|move|p2a: Arcanine|Flare Blitz|p1a: Snorlax
|-damage|p1a: Snorlax|398\/497
|-damage|p2a: Arcanine|351\/384|[from] recoil|[of] p1a: Snorlax
|
|-heal|p2a: Arcanine|375\/384|[from] item: Leftovers
|-heal|p1a: Snorlax|429\/497|[from] item: Leftovers
|turn|2
|
|move|p2a: Arcanine|Will-O-Wisp|p1a: Snorlax
|-status|p1a: Snorlax|brn
|move|p1a: Snorlax|Frustration|p2a: Arcanine
|-damage|p2a: Arcanine|306\/384
|
|-heal|p2a: Arcanine|330\/384|[from] item: Leftovers
|-heal|p1a: Snorlax|460\/497 brn|[from] item: Leftovers
|-damage|p1a: Snorlax|398\/497 brn|[from] brn
|turn|3
|
|switch|p2a: Celebi|Celebi|341\/341
|move|p1a: Snorlax|Curse|p1a: Snorlax
|-boost|p1a: Snorlax|atk|1
|-boost|p1a: Snorlax|def|1
|-unboost|p1a: Snorlax|spe|1
|
|-heal|p1a: Snorlax|429\/497 brn|[from] item: Leftovers
|-damage|p1a: Snorlax|367\/497 brn|[from] brn
|turn|4
|
|move|p2a: Celebi|U-turn|p1a: Snorlax
|-damage|p1a: Snorlax|287\/497 brn
|
|switch|p2a: Cobalion|Cobalion|323\/323
|move|p1a: Snorlax|Rest|p1a: Snorlax
|-status|p1a: Snorlax|slp
|-heal|p1a: Snorlax|497\/497 slp|[silent]
|-status|p1a: Snorlax|slp|[from] move: Rest
|
|turn|5
|
|switch|p1a: Alomomola|Alomomola, F|519\/519
|move|p2a: Cobalion|Swords Dance|p2a: Cobalion
|-boost|p2a: Cobalion|atk|2
|
|turn|6
|
|move|p2a: Cobalion|Close Combat|p1a: Alomomola
|-damage|p1a: Alomomola|228\/519
|-damage|p2a: Cobalion|270\/323|[from] item: Rocky Helmet|[of] p1a: Alomomola
|-unboost|p2a: Cobalion|def|1
|-unboost|p2a: Cobalion|spd|1
|move|p1a: Alomomola|Scald|p2a: Cobalion
|-damage|p2a: Cobalion|171\/323
|
|-heal|p2a: Cobalion|191\/323|[from] item: Leftovers
|turn|7
|
|switch|p1a: Crobat|Crobat, M|369\/369
|move|p2a: Cobalion|Close Combat|p1a: Crobat
|-resisted|p1a: Crobat
|-damage|p1a: Crobat|261\/369
|-unboost|p2a: Cobalion|def|1
|-unboost|p2a: Cobalion|spd|1
|
|-heal|p1a: Crobat|284\/369|[from] item: Black Sludge
|-heal|p2a: Cobalion|211\/323|[from] item: Leftovers
|turn|8
|
|switch|p2a: Arcanine|Arcanine, F|330\/384
|-ability|p2a: Arcanine|Intimidate|[of] p1a: Crobat
|-unboost|p1a: Crobat|atk|1
|move|p1a: Crobat|U-turn|p2a: Arcanine
|-resisted|p2a: Arcanine
|-damage|p2a: Arcanine|311\/384
|
|switch|p1a: Medicham|Medicham, M|261\/261
|
|-heal|p2a: Arcanine|335\/384|[from] item: Leftovers
|turn|9
|
|detailschange|p1a: Medicham|Medicham-Mega, M
|-mega|p1a: Medicham|Medicham|Medichamite
|move|p1a: Medicham|Fake Out|p2a: Arcanine
|-damage|p2a: Arcanine|260\/384
|cant|p2a: Arcanine|flinch
|
|-heal|p2a: Arcanine|284\/384|[from] item: Leftovers
|turn|10
|
|switch|p2a: Celebi|Celebi|341\/341
|move|p1a: Medicham|High Jump Kick|p2a: Celebi
|-resisted|p2a: Celebi
|-damage|p2a: Celebi|142\/341
|
|turn|11
|
|move|p2a: Celebi|Zen Headbutt|p1a: Medicham
|-damage|p1a: Medicham|39\/261
|move|p1a: Medicham|High Jump Kick|p2a: Celebi
|-crit|p2a: Celebi
|-resisted|p2a: Celebi
|-damage|p2a: Celebi|0 fnt
|faint|p2a: Celebi
|
|
|switch|p2a: Pidgeot|Pidgeot, F|307\/307
|turn|12
|
|switch|p1a: Snorlax|Snorlax, F|497\/497 slp
|detailschange|p2a: Pidgeot|Pidgeot-Mega, F
|-mega|p2a: Pidgeot|Pidgeot|Pidgeotite
|move|p2a: Pidgeot|Hurricane|p1a: Snorlax
|-damage|p1a: Snorlax|362\/497 slp
|-start|p1a: Snorlax|confusion
|
|-heal|p1a: Snorlax|393\/497 slp|[from] item: Leftovers
|turn|13
|
|move|p2a: Pidgeot|Hurricane|p1a: Snorlax
|-damage|p1a: Snorlax|240\/497 slp
|cant|p1a: Snorlax|slp
|-activate|p1a: Snorlax|confusion
|move|p1a: Snorlax|Sleep Talk|p1a: Snorlax
|move|p1a: Snorlax|Frustration|p2a: Pidgeot|[from]Sleep Talk
|-damage|p2a: Pidgeot|145\/307
|
|-heal|p1a: Snorlax|271\/497 slp|[from] item: Leftovers
|turn|14
|
|switch|p1a: Whimsicott|Whimsicott, M|305\/305
|move|p2a: Pidgeot|Hurricane|p1a: Whimsicott
|-supereffective|p1a: Whimsicott
|-damage|p1a: Whimsicott|0 fnt
|faint|p1a: Whimsicott
|
|
|switch|p1a: Crobat|Crobat, M|284\/369
|turn|15
|
|switch|p2a: Arcanine|Arcanine, F|284\/384
|-ability|p2a: Arcanine|Intimidate|[of] p1a: Crobat
|-unboost|p1a: Crobat|atk|1
|move|p1a: Crobat|Brave Bird|p2a: Arcanine
|-damage|p2a: Arcanine|194\/384
|-damage|p1a: Crobat|254\/369|[from] recoil|[of] p2a: Arcanine
|
|-heal|p1a: Crobat|277\/369|[from] item: Black Sludge
|-heal|p2a: Arcanine|218\/384|[from] item: Leftovers
|turn|16
|
|move|p1a: Crobat|Defog|p2a: Arcanine
|-unboost|p2a: Arcanine|evasion|1
|move|p2a: Arcanine|Morning Sun|p2a: Arcanine
|-heal|p2a: Arcanine|384\/384
|
|-heal|p1a: Crobat|300\/369|[from] item: Black Sludge
|turn|17
|c|âyuricon|misclick
|
|move|p1a: Crobat|U-turn|p2a: Arcanine
|-resisted|p2a: Arcanine
|-damage|p2a: Arcanine|366\/384
|
|switch|p1a: Snorlax|Snorlax, F|271\/497 slp
|move|p2a: Arcanine|Will-O-Wisp|p1a: Snorlax
|-fail|p1a: Snorlax
|
|-heal|p2a: Arcanine|384\/384|[from] item: Leftovers
|-heal|p1a: Snorlax|302\/497 slp|[from] item: Leftovers
|turn|18
|
|switch|p2a: Cobalion|Cobalion|211\/323
|cant|p1a: Snorlax|slp
|move|p1a: Snorlax|Sleep Talk|p1a: Snorlax
|move|p1a: Snorlax|Rest|p1a: Snorlax|[from]Sleep Talk
|-fail|p1a: Snorlax
|
|-heal|p2a: Cobalion|231\/323|[from] item: Leftovers
|-heal|p1a: Snorlax|333\/497 slp|[from] item: Leftovers
|turn|19
|
|switch|p1a: Alomomola|Alomomola, F|401\/519
|move|p2a: Cobalion|Close Combat|p1a: Alomomola
|-damage|p1a: Alomomola|259\/519
|-damage|p2a: Cobalion|178\/323|[from] item: Rocky Helmet|[of] p1a: Alomomola
|-unboost|p2a: Cobalion|def|1
|-unboost|p2a: Cobalion|spd|1
|
|-heal|p2a: Cobalion|198\/323|[from] item: Leftovers
|turn|20
|
|switch|p2a: Espeon|Espeon, M|271\/271
|move|p1a: Alomomola|Wish|p1a: Alomomola
|
|turn|21
|
|switch|p1a: Snorlax|Snorlax, F|333\/497 slp
|move|p2a: Espeon|Psychic|p1a: Snorlax
|-damage|p1a: Snorlax|219\/497 slp
|-unboost|p1a: Snorlax|spd|1
|
|-heal|p1a: Snorlax|478\/497 slp|[from] move: Wish|[wisher] Alomomola
|-heal|p1a: Snorlax|497\/497 slp|[from] item: Leftovers
|turn|22
|
|switch|p2a: Arcanine|Arcanine, F|384\/384
|-ability|p2a: Arcanine|Intimidate|[of] p1a: Snorlax
|-unboost|p1a: Snorlax|atk|1
|-curestatus|p1a: Snorlax|slp
|move|p1a: Snorlax|Frustration|p2a: Arcanine
|-damage|p2a: Arcanine|296\/384
|
|-heal|p2a: Arcanine|320\/384|[from] item: Leftovers
|turn|23
|
|switch|p2a: Espeon|Espeon, M|271\/271
|move|p1a: Snorlax|Curse|p1a: Snorlax
|-boost|p1a: Snorlax|atk|1
|-boost|p1a: Snorlax|def|1
|-unboost|p1a: Snorlax|spe|1
|
|turn|24
|
|switch|p1a: Krookodile|Krookodile, F|331\/331
|-ability|p1a: Krookodile|Intimidate|[of] p2a: Espeon
|-unboost|p2a: Espeon|atk|1
|move|p2a: Espeon|Trick|p1a: Krookodile
|-activate|p2a: Espeon|move: Trick|[of] p1a: Krookodile
|-item|p1a: Krookodile|Choice Scarf|[from] move: Trick
|-item|p2a: Espeon|Life Orb|[from] move: Trick
|
|turn|25
|
|move|p1a: Krookodile|Pursuit|p2a: Espeon
|-supereffective|p2a: Espeon
|-damage|p2a: Espeon|61\/271
|move|p2a: Espeon|Dazzling Gleam|p1a: Krookodile
|-supereffective|p1a: Krookodile
|-damage|p1a: Krookodile|16\/331
|-damage|p2a: Espeon|34\/271|[from] item: Life Orb
|
|turn|26
|
|move|p1a: Krookodile|Pursuit|p2a: Espeon
|-supereffective|p2a: Espeon
|-damage|p2a: Espeon|0 fnt
|faint|p2a: Espeon
|
|
|switch|p2a: Cobalion|Cobalion|198\/323
|turn|27
|
|switch|p1a: Alomomola|Alomomola, F|432\/519
|move|p2a: Cobalion|Swords Dance|p2a: Cobalion
|-boost|p2a: Cobalion|atk|2
|
|-heal|p2a: Cobalion|218\/323|[from] item: Leftovers
|turn|28
|
|switch|p1a: Crobat|Crobat, M|300\/369
|move|p2a: Cobalion|Swords Dance|p2a: Cobalion
|-boost|p2a: Cobalion|atk|2
|
|-heal|p1a: Crobat|323\/369|[from] item: Black Sludge
|-heal|p2a: Cobalion|238\/323|[from] item: Leftovers
|turn|29
|
|move|p1a: Crobat|Brave Bird|p2a: Cobalion
|-damage|p2a: Cobalion|135\/323
|-damage|p1a: Crobat|289\/369|[from] recoil|[of] p2a: Cobalion
|move|p2a: Cobalion|Iron Head|p1a: Crobat
|-damage|p1a: Crobat|0 fnt
|faint|p1a: Crobat
|
|-heal|p2a: Cobalion|155\/323|[from] item: Leftovers
|
|switch|p1a: Krookodile|Krookodile, F|16\/331
|-ability|p1a: Krookodile|Intimidate|[of] p2a: Cobalion
|-unboost|p2a: Cobalion|atk|1
|turn|30
|
|switch|p2a: Milotic|Milotic, F|393\/393
|move|p1a: Krookodile|Earthquake|p2a: Milotic
|-damage|p2a: Milotic|212\/393
|
|-heal|p2a: Milotic|236\/393|[from] item: Leftovers
|turn|31
|
|switch|p1a: Snorlax|Snorlax, F|497\/497
|move|p2a: Milotic|Ice Beam|p1a: Snorlax
|-damage|p1a: Snorlax|472\/497
|-status|p1a: Snorlax|frz
|
|-heal|p2a: Milotic|260\/393|[from] item: Leftovers
|-heal|p1a: Snorlax|497\/497 frz|[from] item: Leftovers
|turn|32
|
|switch|p2a: Pidgeot|Pidgeot-Mega, F|145\/307
|cant|p1a: Snorlax|frz
|
|turn|33
|
|move|p2a: Pidgeot|Hurricane|p1a: Snorlax
|-damage|p1a: Snorlax|349\/497 frz
|-curestatus|p1a: Snorlax|frz
|move|p1a: Snorlax|Curse|p1a: Snorlax
|-boost|p1a: Snorlax|atk|1
|-boost|p1a: Snorlax|def|1
|-unboost|p1a: Snorlax|spe|1
|
|-heal|p1a: Snorlax|380\/497|[from] item: Leftovers
|turn|34
|
|move|p2a: Pidgeot|Hurricane|p1a: Snorlax
|-damage|p1a: Snorlax|244\/497
|move|p1a: Snorlax|Frustration|p2a: Pidgeot
|-damage|p2a: Pidgeot|0 fnt
|faint|p2a: Pidgeot
|
|-heal|p1a: Snorlax|275\/497|[from] item: Leftovers
|
|switch|p2a: Cobalion|Cobalion|155\/323
|turn|35
|
|switch|p1a: Alomomola|Alomomola, F|519\/519
|move|p2a: Cobalion|Swords Dance|p2a: Cobalion
|-boost|p2a: Cobalion|atk|2
|
|-heal|p2a: Cobalion|175\/323|[from] item: Leftovers
|turn|36
|
|move|p2a: Cobalion|Swords Dance|p2a: Cobalion
|-boost|p2a: Cobalion|atk|2
|move|p1a: Alomomola|Scald|p2a: Cobalion
|-damage|p2a: Cobalion|111\/323
|
|-heal|p2a: Cobalion|131\/323|[from] item: Leftovers
|turn|37
|
|move|p2a: Cobalion|Close Combat|p1a: Alomomola
|-damage|p1a: Alomomola|75\/519
|-damage|p2a: Cobalion|78\/323|[from] item: Rocky Helmet|[of] p1a: Alomomola
|-unboost|p2a: Cobalion|def|1
|-unboost|p2a: Cobalion|spd|1
|move|p1a: Alomomola|Scald|p2a: Cobalion
|-damage|p2a: Cobalion|0 fnt
|faint|p2a: Cobalion
|
|
|switch|p2a: Arcanine|Arcanine, F|320\/384
|-ability|p2a: Arcanine|Intimidate|[of] p1a: Alomomola
|-unboost|p1a: Alomomola|atk|1
|turn|38
|
|switch|p1a: Krookodile|Krookodile, F|16\/331
|-ability|p1a: Krookodile|Intimidate|[of] p2a: Arcanine
|-unboost|p2a: Arcanine|atk|1
|move|p2a: Arcanine|Flare Blitz|p1a: Krookodile
|-damage|p1a: Krookodile|0 fnt
|-damage|p2a: Arcanine|315\/384|[from] recoil|[of] p1a: Krookodile
|faint|p1a: Krookodile
|
|-heal|p2a: Arcanine|339\/384|[from] item: Leftovers
|-message|Julie3 forfeited.
|leave|Julie3
|
|win|yuricon
|raw|Ladder updating...
|player|p2
|raw|yuricon's rating: 1504 &rarr; <strong>1530<\/strong><br \/>(+26 for winning)
|raw|Julie3's rating: 1611 &rarr; <strong>1585<\/strong><br \/>(-26 for losing)