|join|swmas
|join|yuricon
|player|p1|swmas|170
|player|p2|yuricon|101
|gametype|singles
|gen|6
|tier|UU
|rated
|rule|Sleep Clause Mod: Limit one foe put to sleep
|rule|Species Clause: Limit one of each PokÃ©mon
|rule|OHKO Clause: OHKO moves are banned
|rule|Moody Clause: Moody is banned
|rule|Evasion Moves Clause: Evasion moves are banned
|rule|Endless Battle Clause: Forcing endless battles is banned
|rule|HP Percentage Mod: HP is shown in percentages
|clearpoke
|poke|p1|Jirachi
|poke|p1|Lucario, F
|poke|p1|Hydreigon, F
|poke|p1|Arcanine, F
|poke|p1|Porygon-Z
|poke|p1|Meloetta
|poke|p2|Alomomola, F
|poke|p2|Ampharos, F
|poke|p2|Snorlax, F
|poke|p2|Krookodile, F
|poke|p2|Whimsicott, F
|poke|p2|Crobat, M
|rule|Swagger Clause: Swagger is banned
|rule|Baton Pass Clause: Limit one PokÃ©mon knowing Baton Pass
|teampreview
|c|âyuricon|gl hf
|c|âswmas|glhf
|
|start
|switch|p1a: Jirachi|Jirachi|342\/342
|switch|p2a: Krookodile|Krookodile, F|331\/331
|-ability|p2a: Krookodile|Intimidate|[of] p1a: Jirachi
|-unboost|p1a: Jirachi|atk|1
|turn|1
|
|move|p1a: Jirachi|Iron Head|p2a: Krookodile
|-damage|p2a: Krookodile|231\/331
|cant|p2a: Krookodile|flinch
|
|turn|2
|
|switch|p1a: Arcanine|Arcanine, F|321\/321
|-ability|p1a: Arcanine|Intimidate|[of] p2a: Krookodile
|-unboost|p2a: Krookodile|atk|1
|move|p2a: Krookodile|Knock Off|p1a: Arcanine
|-damage|p1a: Arcanine|153\/321
|-enditem|p1a: Arcanine|Choice Band|[from] move: Knock Off|[of] p2a: Krookodile
|-damage|p2a: Krookodile|198\/331|[from] item: Life Orb
|
|turn|3
|
|switch|p2a: Alomomola|Alomomola, F|519\/519
|move|p1a: Arcanine|Wild Charge|p2a: Alomomola
|-supereffective|p2a: Alomomola
|-damage|p2a: Alomomola|371\/519
|-damage|p1a: Arcanine|100\/321|[from] item: Rocky Helmet|[of] p2a: Alomomola
|-damage|p1a: Arcanine|63\/321|[from] recoil|[of] p2a: Alomomola
|
|turn|4
|
|switch|p1a: Jirachi|Jirachi|342\/342
|move|p2a: Alomomola|Scald|p1a: Jirachi
|-damage|p1a: Jirachi|291\/342
|
|-heal|p1a: Jirachi|312\/342|[from] item: Leftovers
|turn|5
|
|move|p1a: Jirachi|Stealth Rock|p2a: Alomomola
|-sidestart|p2: yuricon|move: Stealth Rock
|move|p2a: Alomomola|Wish|p2a: Alomomola
|
|-heal|p1a: Jirachi|333\/342|[from] item: Leftovers
|turn|6
|
|switch|p2a: Krookodile|Krookodile, F|198\/331
|-damage|p2a: Krookodile|178\/331|[from] Stealth Rock
|-ability|p2a: Krookodile|Intimidate|[of] p1a: Jirachi
|-unboost|p1a: Jirachi|atk|1
|move|p1a: Jirachi|Body Slam|p2a: Krookodile
|-damage|p2a: Krookodile|109\/331
|-status|p2a: Krookodile|par
|
|-heal|p2a: Krookodile|331\/331 par|[from] move: Wish|[wisher] Alomomola
|-heal|p1a: Jirachi|342\/342|[from] item: Leftovers
|turn|7
|
|move|p1a: Jirachi|Iron Head|p2a: Krookodile
|-damage|p2a: Krookodile|241\/331 par
|cant|p2a: Krookodile|flinch
|
|turn|8
|
|cant|p2a: Krookodile|par
|switch|p1a: Arcanine|Arcanine, F|63\/321
|-ability|p1a: Arcanine|Intimidate|[of] p2a: Krookodile
|-unboost|p2a: Krookodile|atk|1
|
|turn|9
|
|switch|p2a: Alomomola|Alomomola, F|519\/519
|-damage|p2a: Alomomola|455\/519|[from] Stealth Rock
|move|p1a: Arcanine|Close Combat|p2a: Alomomola
|-damage|p2a: Alomomola|350\/519
|-damage|p1a: Arcanine|10\/321|[from] item: Rocky Helmet|[of] p2a: Alomomola
|-unboost|p1a: Arcanine|def|1
|-unboost|p1a: Arcanine|spd|1
|
|turn|10
|
|switch|p1a: Meloetta|Meloetta|404\/404
|move|p2a: Alomomola|Wish|p2a: Alomomola
|
|turn|11
|
|switch|p2a: Krookodile|Krookodile, F|241\/331 par
|-damage|p2a: Krookodile|221\/331 par|[from] Stealth Rock
|-ability|p2a: Krookodile|Intimidate|[of] p1a: Meloetta
|-unboost|p1a: Meloetta|atk|1
|move|p1a: Meloetta|Knock Off|p2a: Krookodile
|-resisted|p2a: Krookodile
|-damage|p2a: Krookodile|196\/331 par
|-enditem|p2a: Krookodile|Life Orb|[from] move: Knock Off|[of] p1a: Meloetta
|
|-heal|p2a: Krookodile|331\/331 par|[from] move: Wish|[wisher] Alomomola
|turn|12
|
|move|p1a: Meloetta|Relic Song|p2a: Krookodile
|-damage|p2a: Krookodile|189\/331 par
|-formechange|p1a: Meloetta|Meloetta-Pirouette|[msg]
|move|p2a: Krookodile|Earthquake|p1a: Meloetta
|-damage|p1a: Meloetta|208\/404
|
|-heal|p1a: Meloetta|233\/404|[from] item: Leftovers
|turn|13
|
|switch|p2a: Alomomola|Alomomola, F|519\/519
|-damage|p2a: Alomomola|455\/519|[from] Stealth Rock
|move|p1a: Meloetta|Quick Attack|p2a: Alomomola
|-damage|p2a: Alomomola|421\/519
|-damage|p1a: Meloetta|166\/404|[from] item: Rocky Helmet|[of] p2a: Alomomola
|
|-heal|p1a: Meloetta|191\/404|[from] item: Leftovers
|turn|14
|
|move|p1a: Meloetta|Knock Off|p2a: Alomomola
|-damage|p2a: Alomomola|368\/519
|-damage|p1a: Meloetta|124\/404|[from] item: Rocky Helmet|[of] p2a: Alomomola
|-enditem|p2a: Alomomola|Rocky Helmet|[from] move: Knock Off|[of] p1a: Meloetta
|move|p2a: Alomomola|Scald|p1a: Meloetta
|-damage|p1a: Meloetta|85\/404
|
|-heal|p1a: Meloetta|110\/404|[from] item: Leftovers
|turn|15
|
|move|p1a: Meloetta|Relic Song|p2a: Alomomola
|-damage|p2a: Alomomola|253\/519
|-formechange|p1a: Meloetta|Meloetta|[msg]
|move|p2a: Alomomola|Wish|p2a: Alomomola
|
|-heal|p1a: Meloetta|135\/404|[from] item: Leftovers
|turn|16
|
|move|p1a: Meloetta|Relic Song|p2a: Alomomola
|-damage|p2a: Alomomola|79\/519
|-formechange|p1a: Meloetta|Meloetta-Pirouette|[msg]
|move|p2a: Alomomola|Toxic|p1a: Meloetta
|-status|p1a: Meloetta|tox
|
|-heal|p2a: Alomomola|338\/519|[from] move: Wish|[wisher] Alomomola
|-heal|p1a: Meloetta|160\/404 tox|[from] item: Leftovers
|-damage|p1a: Meloetta|135\/404 tox|[from] psn
|turn|17
|
|switch|p1a: Hydreigon|Hydreigon, F|388\/388
|move|p2a: Alomomola|Wish|p2a: Alomomola
|
|turn|18
|
|move|p2a: Alomomola|Protect|p2a: Alomomola
|-singleturn|p2a: Alomomola|Protect
|move|p1a: Hydreigon|Focus Energy|p1a: Hydreigon
|-start|p1a: Hydreigon|move: Focus Energy
|
|-heal|p2a: Alomomola|519\/519|[from] move: Wish|[wisher] Alomomola
|turn|19
|
|move|p1a: Hydreigon|Draco Meteor|p2a: Alomomola
|-crit|p2a: Alomomola
|-damage|p2a: Alomomola|30\/519
|-unboost|p1a: Hydreigon|spa|2
|move|p2a: Alomomola|Toxic|p1a: Hydreigon
|-status|p1a: Hydreigon|tox
|
|-damage|p1a: Hydreigon|364\/388 tox|[from] psn
|turn|20
|c|âyuricon|interesting
|
|switch|p2a: Whimsicott|Whimsicott, F|305\/305
|-damage|p2a: Whimsicott|267\/305|[from] Stealth Rock
|move|p1a: Hydreigon|Facade|p2a: Whimsicott
|-crit|p2a: Whimsicott
|-damage|p2a: Whimsicott|123\/305
|
|-heal|p2a: Whimsicott|142\/305|[from] item: Leftovers
|-damage|p1a: Hydreigon|316\/388 tox|[from] psn
|turn|21
|
|move|p1a: Hydreigon|Facade|p2a: Whimsicott
|-crit|p2a: Whimsicott
|-damage|p2a: Whimsicott|12\/305
|move|p2a: Whimsicott|U-turn|p1a: Hydreigon
|-supereffective|p1a: Hydreigon
|-damage|p1a: Hydreigon|232\/388 tox
|
|switch|p2a: Crobat|Crobat, M|369\/369
|-damage|p2a: Crobat|277\/369|[from] Stealth Rock
|
|-heal|p2a: Crobat|300\/369|[from] item: Black Sludge
|-damage|p1a: Hydreigon|160\/388 tox|[from] psn
|turn|22
|
|move|p2a: Crobat|Brave Bird|p1a: Hydreigon
|-damage|p1a: Hydreigon|4\/388 tox
|-damage|p2a: Crobat|249\/369|[from] recoil|[of] p1a: Hydreigon
|move|p1a: Hydreigon|Facade|p2a: Crobat
|-crit|p2a: Crobat
|-damage|p2a: Crobat|31\/369
|
|-heal|p2a: Crobat|54\/369|[from] item: Black Sludge
|-damage|p1a: Hydreigon|0 fnt|[from] psn
|faint|p1a: Hydreigon
|
|switch|p1a: Arcanine|Arcanine, F|10\/321
|-ability|p1a: Arcanine|Intimidate|[of] p2a: Crobat
|-unboost|p2a: Crobat|atk|1
|turn|23
|
|move|p1a: Arcanine|Extreme Speed|p2a: Crobat
|-damage|p2a: Crobat|0 fnt
|faint|p2a: Crobat
|
|
|switch|p2a: Alomomola|Alomomola, F|203\/519
|-damage|p2a: Alomomola|139\/519|[from] Stealth Rock
|turn|24
|
|switch|p2a: Whimsicott|Whimsicott, F|12\/305
|-damage|p2a: Whimsicott|0 fnt|[from] Stealth Rock
|faint|p2a: Whimsicott
|move|p1a: Arcanine|Wild Charge|p2: Whimsicott|[notarget]
|-notarget
|
|
|switch|p2a: Alomomola|Alomomola, F|312\/519
|-damage|p2a: Alomomola|248\/519|[from] Stealth Rock
|turn|25
|
|switch|p1a: Meloetta|Meloetta|135\/404 tox
|move|p2a: Alomomola|Wish|p2a: Alomomola
|
|-heal|p1a: Meloetta|160\/404 tox|[from] item: Leftovers
|-damage|p1a: Meloetta|135\/404 tox|[from] psn
|turn|26
|
|switch|p2a: Krookodile|Krookodile, F|189\/331 par
|-damage|p2a: Krookodile|169\/331 par|[from] Stealth Rock
|-ability|p2a: Krookodile|Intimidate|[of] p1a: Meloetta
|-unboost|p1a: Meloetta|atk|1
|move|p1a: Meloetta|Heal Bell|p1a: Meloetta
|-cureteam|p1a: Meloetta|[from] move: HealBell
|
|-heal|p2a: Krookodile|331\/331 par|[from] move: Wish|[wisher] Alomomola
|-heal|p1a: Meloetta|160\/404|[from] item: Leftovers
|turn|27
|
|move|p1a: Meloetta|Relic Song|p2a: Krookodile
|-crit|p2a: Krookodile
|-damage|p2a: Krookodile|111\/331 par
|-formechange|p1a: Meloetta|Meloetta-Pirouette|[msg]
|move|p2a: Krookodile|Earthquake|p1a: Meloetta
|-damage|p1a: Meloetta|0 fnt
|faint|p1a: Meloetta
|
|
|switch|p1a: Lucario|Lucario, F|282\/282
|turn|28
|
|move|p1a: Lucario|Swords Dance|p1a: Lucario
|-boost|p1a: Lucario|atk|2
|move|p2a: Krookodile|Earthquake|p1a: Lucario
|-supereffective|p1a: Lucario
|-damage|p1a: Lucario|0 fnt
|faint|p1a: Lucario
|
|
|switch|p1a: Porygon-Z|Porygon-Z|311\/311
|turn|29
|
|move|p1a: Porygon-Z|Tri Attack|p2a: Krookodile
|-crit|p2a: Krookodile
|-damage|p2a: Krookodile|0 fnt
|faint|p2a: Krookodile
|
|
|switch|p2a: Ampharos|Ampharos, F|363\/363
|-damage|p2a: Ampharos|318\/363|[from] Stealth Rock
|turn|30
|
|detailschange|p2a: Ampharos|Ampharos-Mega, F
|-mega|p2a: Ampharos|Ampharos|Ampharosite
|-ability|p2a: Ampharos|Mold Breaker
|move|p1a: Porygon-Z|Tri Attack|p2a: Ampharos
|-damage|p2a: Ampharos|102\/363
|move|p2a: Ampharos|Focus Blast|p1a: Porygon-Z|[miss]
|-miss|p2a: Ampharos|p1a: Porygon-Z
|
|turn|31
|
|move|p1a: Porygon-Z|Tri Attack|p2a: Ampharos
|-damage|p2a: Ampharos|0 fnt
|faint|p2a: Ampharos
|
|
|switch|p2a: Snorlax|Snorlax, F|497\/497
|-damage|p2a: Snorlax|435\/497|[from] Stealth Rock
|turn|32
|
|switch|p1a: Jirachi|Jirachi|342\/342
|move|p2a: Snorlax|Frustration|p1a: Jirachi
|-resisted|p1a: Jirachi
|-damage|p1a: Jirachi|278\/342
|
|-heal|p1a: Jirachi|299\/342|[from] item: Leftovers
|-heal|p2a: Snorlax|466\/497|[from] item: Leftovers
|turn|33
|
|move|p1a: Jirachi|Body Slam|p2a: Snorlax
|-damage|p2a: Snorlax|376\/497
|-status|p2a: Snorlax|par
|move|p2a: Snorlax|Curse|p2a: Snorlax
|-boost|p2a: Snorlax|atk|1
|-boost|p2a: Snorlax|def|1
|-unboost|p2a: Snorlax|spe|1
|
|-heal|p1a: Jirachi|320\/342|[from] item: Leftovers
|-heal|p2a: Snorlax|407\/497 par|[from] item: Leftovers
|turn|34
|
|switch|p1a: Porygon-Z|Porygon-Z|311\/311
|cant|p2a: Snorlax|par
|
|-heal|p2a: Snorlax|438\/497 par|[from] item: Leftovers
|turn|35
|
|move|p1a: Porygon-Z|Trick|p2a: Snorlax
|-activate|p1a: Porygon-Z|move: Trick|[of] p2a: Snorlax
|-item|p2a: Snorlax|Choice Scarf|[from] move: Trick
|-item|p1a: Porygon-Z|Leftovers|[from] move: Trick
|move|p2a: Snorlax|Frustration|p1a: Porygon-Z
|-damage|p1a: Porygon-Z|47\/311
|
|-heal|p1a: Porygon-Z|66\/311|[from] item: Leftovers
|turn|36
|
|switch|p1a: Jirachi|Jirachi|320\/342
|move|p2a: Snorlax|Frustration|p1a: Jirachi
|-resisted|p1a: Jirachi
|-damage|p1a: Jirachi|230\/342
|
|-heal|p1a: Jirachi|251\/342|[from] item: Leftovers
|turn|37
|
|switch|p2a: Alomomola|Alomomola, F|421\/519
|-damage|p2a: Alomomola|357\/519|[from] Stealth Rock
|move|p1a: Jirachi|Iron Head|p2a: Alomomola
|-resisted|p2a: Alomomola
|-damage|p2a: Alomomola|311\/519
|
|-heal|p1a: Jirachi|272\/342|[from] item: Leftovers
|turn|38
|
|move|p1a: Jirachi|Thunderbolt|p2a: Alomomola
|-crit|p2a: Alomomola
|-supereffective|p2a: Alomomola
|-damage|p2a: Alomomola|0 fnt
|faint|p2a: Alomomola
|
|-heal|p1a: Jirachi|293\/342|[from] item: Leftovers
|
|switch|p2a: Snorlax|Snorlax, F|438\/497 par
|-damage|p2a: Snorlax|376\/497 par|[from] Stealth Rock
|turn|39
|
|move|p1a: Jirachi|Iron Head|p2a: Snorlax
|-damage|p2a: Snorlax|234\/497 par
|cant|p2a: Snorlax|flinch
|
|-heal|p1a: Jirachi|314\/342|[from] item: Leftovers
|turn|40
|-message|yuricon forfeited.
|leave|yuricon
|
|win|swmas
|raw|Ladder updating...
|player|p2
|raw|swmas's rating: 1438 &rarr; <strong>1465<\/strong><br \/>(+27 for winning)
|raw|yuricon's rating: 1560 &rarr; <strong>1533<\/strong><br \/>(-27 for losing)