|join|RedsCharizard
|join|RestePaisible
|player|p1|RedsCharizard|163
|player|p2|RestePaisible|23
|gametype|singles
|gen|6
|tier|OU
|rated
|clearpoke
|poke|p1|Raikou, shiny
|poke|p1|Scizor, M
|poke|p1|Greninja, F
|poke|p1|Landorus, M
|poke|p1|Latios, M
|poke|p1|Skarmory, F
|poke|p2|Hippowdon, F
|poke|p2|Keldeo
|poke|p2|Slowbro, F
|poke|p2|Amoonguss, M
|poke|p2|Gardevoir, F
|poke|p2|Terrakion
|rule|Swagger Clause: Swagger is banned
|rule|Baton Pass Clause: Limit one PokÃ©mon knowing Baton Pass
|rule|Sleep Clause Mod: Limit one foe put to sleep
|rule|Species Clause: Limit one of each PokÃ©mon
|rule|OHKO Clause: OHKO moves are banned
|rule|Moody Clause: Moody is banned
|rule|Evasion Moves Clause: Evasion moves are banned
|rule|Endless Battle Clause: Forcing endless battles is banned
|rule|HP Percentage Mod: HP is shown in percentages
|teampreview
|
|start
|switch|p1a: Latios|Latios, M|302\/302
|switch|p2a: Keldeo|Keldeo|323\/323
|turn|1
|
|switch|p2a: Gardevoir|Gardevoir, F|340\/340
|-ability|p2a: Gardevoir|Levitate|[from] ability: Trace|[of] p1a: Latios
|move|p1a: Latios|Psyshock|p2a: Gardevoir
|-resisted|p2a: Gardevoir
|-damage|p2a: Gardevoir|262\/340
|
|turn|2
|
|switch|p1a: Scizor|Scizor, M|344\/344
|detailschange|p2a: Gardevoir|Gardevoir-Mega, F
|message|Gardevoir has Mega Evolved into Mega Gardevoir!
|move|p2a: Gardevoir|Hyper Voice|p1a: Scizor
|-resisted|p1a: Scizor
|-damage|p1a: Scizor|206\/344
|
|turn|3
|
|switch|p2a: Slowbro|Slowbro, F|394\/394
|detailschange|p1a: Scizor|Scizor-Mega, M
|message|Scizor has Mega Evolved into Mega Scizor!
|move|p1a: Scizor|Bullet Punch|p2a: Slowbro
|-resisted|p2a: Slowbro
|-damage|p2a: Slowbro|349\/394
|-damage|p1a: Scizor|149\/344|[from] item: Rocky Helmet|[of] p2a: Slowbro
|
|turn|4
|
|move|p1a: Scizor|Bug Bite|p2a: Slowbro
|-supereffective|p2a: Slowbro
|-damage|p2a: Slowbro|77\/394
|-damage|p1a: Scizor|92\/344|[from] item: Rocky Helmet|[of] p2a: Slowbro
|move|p2a: Slowbro|Scald|p1a: Scizor
|-damage|p1a: Scizor|0 fnt
|faint|p1a: Scizor
|
|
|switch|p1a: Landorus|Landorus, M|319\/319
|turn|5
|
|switch|p2a: Amoonguss|Amoonguss, M|432\/432
|move|p1a: Landorus|Earth Power|p2a: Amoonguss
|-damage|p2a: Amoonguss|221\/432
|
|-heal|p2a: Amoonguss|248\/432|[from] item: Black Sludge
|turn|6
|
|move|p1a: Landorus|Psychic|p2a: Amoonguss
|-supereffective|p2a: Amoonguss
|-damage|p2a: Amoonguss|0 fnt
|faint|p2a: Amoonguss
|
|
|switch|p2a: Keldeo|Keldeo|323\/323
|turn|7
|
|switch|p1a: Latios|Latios, M|302\/302
|move|p2a: Keldeo|Icy Wind|p1a: Latios
|-supereffective|p1a: Latios
|-damage|p1a: Latios|122\/302
|-unboost|p1a: Latios|spe|1
|
|turn|8
|
|switch|p1a: Skarmory|Skarmory, F|334\/334
|move|p2a: Keldeo|Icy Wind|p1a: Skarmory
|-damage|p1a: Skarmory|208\/334
|-unboost|p1a: Skarmory|spe|1
|
|-heal|p1a: Skarmory|228\/334|[from] item: Leftovers
|turn|9
|
|switch|p2a: Hippowdon|Hippowdon, F|420\/420
|-weather|Sandstorm
|move|p1a: Skarmory|Roost|p1a: Skarmory
|-heal|p1a: Skarmory|334\/334
|
|-weather|Sandstorm|[upkeep]
|turn|10
|
|switch|p1a: Greninja|Greninja, F|285\/285
|move|p2a: Hippowdon|Stealth Rock|p1a: Greninja
|-sidestart|p1: RedsCharizard|move: Stealth Rock
|
|-weather|Sandstorm|[upkeep]
|-damage|p1a: Greninja|268\/285|[from] sandstorm
|turn|11
|
|move|p1a: Greninja|Hydro Pump|p2a: Hippowdon
|-start|p1a: Greninja|typechange|Water|[from] Protean
|-supereffective|p2a: Hippowdon
|-damage|p2a: Hippowdon|0 fnt
|-damage|p1a: Greninja|240\/285|[from] item: Life Orb
|faint|p2a: Hippowdon
|
|-weather|Sandstorm|[upkeep]
|-damage|p1a: Greninja|223\/285|[from] sandstorm
|
|switch|p2a: Gardevoir|Gardevoir-Mega, F|262\/340
|turn|12
|
|move|p1a: Greninja|U-turn|p2a: Gardevoir
|-start|p1a: Greninja|typechange|Bug|[from] Protean
|-damage|p2a: Gardevoir|141\/340
|-damage|p1a: Greninja|195\/285|[from] item: Life Orb
|
|switch|p1a: Skarmory|Skarmory, F|334\/334
|-damage|p1a: Skarmory|293\/334|[from] Stealth Rock
|move|p2a: Gardevoir|Hyper Voice|p1a: Skarmory
|-resisted|p1a: Skarmory
|-damage|p1a: Skarmory|143\/334
|
|-weather|Sandstorm|[upkeep]
|-damage|p2a: Gardevoir|120\/340|[from] sandstorm
|-heal|p1a: Skarmory|163\/334|[from] item: Leftovers
|turn|13
|
|move|p2a: Gardevoir|Wish|p2a: Gardevoir
|move|p1a: Skarmory|Defog|p2a: Gardevoir
|-unboost|p2a: Gardevoir|evasion|1
|-sideend|p1: RedsCharizard|Stealth Rock|[from] move: Defog|[of] p1a: Skarmory
|
|-weather|none
|-heal|p1a: Skarmory|183\/334|[from] item: Leftovers
|turn|14
|
|move|p2a: Gardevoir|Hyper Voice|p1a: Skarmory
|-resisted|p1a: Skarmory
|-damage|p1a: Skarmory|51\/334
|move|p1a: Skarmory|Stealth Rock|p2a: Gardevoir
|-sidestart|p2: RestePaisible|move: Stealth Rock
|
|-heal|p2a: Gardevoir|290\/340|[from] move: Wish|[wisher] Gardevoir
|-heal|p1a: Skarmory|71\/334|[from] item: Leftovers
|turn|15
|
|move|p2a: Gardevoir|Calm Mind|p2a: Gardevoir
|-boost|p2a: Gardevoir|spa|1
|-boost|p2a: Gardevoir|spd|1
|move|p1a: Skarmory|Brave Bird|p2a: Gardevoir
|-damage|p2a: Gardevoir|172\/340
|-damage|p1a: Skarmory|32\/334|[from] recoil|[of] p2a: Gardevoir
|
|-heal|p1a: Skarmory|52\/334|[from] item: Leftovers
|turn|16
|
|move|p2a: Gardevoir|Wish|p2a: Gardevoir
|move|p1a: Skarmory|Brave Bird|p2a: Gardevoir
|-damage|p2a: Gardevoir|52\/340
|-damage|p1a: Skarmory|12\/334|[from] recoil|[of] p2a: Gardevoir
|
|-heal|p1a: Skarmory|32\/334|[from] item: Leftovers
|turn|17
|
|move|p2a: Gardevoir|Hyper Voice|p1a: Skarmory
|-resisted|p1a: Skarmory
|-damage|p1a: Skarmory|0 fnt
|faint|p1a: Skarmory
|
|-heal|p2a: Gardevoir|222\/340|[from] move: Wish|[wisher] Gardevoir
|
|switch|p1a: Greninja|Greninja, F|195\/285
|turn|18
|
|move|p1a: Greninja|Hydro Pump|p2a: Gardevoir
|-start|p1a: Greninja|typechange|Water|[from] Protean
|-crit|p2a: Gardevoir
|-damage|p2a: Gardevoir|0 fnt
|-damage|p1a: Greninja|167\/285|[from] item: Life Orb
|faint|p2a: Gardevoir
|
|c|âRestePaisible|omg
|
|switch|p2a: Keldeo|Keldeo|323\/323
|-damage|p2a: Keldeo|303\/323|[from] Stealth Rock
|turn|19
|
|switch|p2a: Slowbro|Slowbro, F|208\/394
|-damage|p2a: Slowbro|159\/394|[from] Stealth Rock
|move|p1a: Greninja|Extrasensory|p2a: Slowbro
|-start|p1a: Greninja|typechange|Psychic|[from] Protean
|-resisted|p2a: Slowbro
|-damage|p2a: Slowbro|72\/394
|-damage|p1a: Greninja|139\/285|[from] item: Life Orb
|
|turn|20
|
|switch|p2a: Keldeo|Keldeo|303\/323
|-damage|p2a: Keldeo|283\/323|[from] Stealth Rock
|move|p1a: Greninja|Ice Beam|p2a: Keldeo
|-start|p1a: Greninja|typechange|Ice|[from] Protean
|-resisted|p2a: Keldeo
|-damage|p2a: Keldeo|187\/323
|-damage|p1a: Greninja|111\/285|[from] item: Life Orb
|
|turn|21
|
|switch|p2a: Slowbro|Slowbro, F|203\/394
|-damage|p2a: Slowbro|154\/394|[from] Stealth Rock
|move|p1a: Greninja|Extrasensory|p2a: Slowbro
|-start|p1a: Greninja|typechange|Psychic|[from] Protean
|-resisted|p2a: Slowbro
|-damage|p2a: Slowbro|60\/394
|-damage|p1a: Greninja|83\/285|[from] item: Life Orb
|
|turn|22
|
|switch|p2a: Terrakion|Terrakion|323\/323
|-damage|p2a: Terrakion|303\/323|[from] Stealth Rock
|move|p1a: Greninja|Extrasensory|p2a: Terrakion
|-supereffective|p2a: Terrakion
|-damage|p2a: Terrakion|0 fnt
|-damage|p1a: Greninja|55\/285|[from] item: Life Orb
|faint|p2a: Terrakion
|
|
|switch|p2a: Slowbro|Slowbro, F|191\/394
|-damage|p2a: Slowbro|142\/394|[from] Stealth Rock
|turn|23
|c|âRedsCharizard|Raikou kills slowbro, you know
|
|switch|p1a: Latios|Latios, M|122\/302
|switch|p2a: Keldeo|Keldeo|187\/323
|-damage|p2a: Keldeo|167\/323|[from] Stealth Rock
|
|turn|24
|
|move|p1a: Latios|Thunderbolt|p2a: Keldeo
|-supereffective|p2a: Keldeo
|-damage|p2a: Keldeo|0 fnt
|faint|p2a: Keldeo
|
|-message|RestePaisible forfeited.
|
|win|RedsCharizard
|raw|Ladder updating...
|raw|RedsCharizard's rating: 1487 &rarr; <strong>1504<\/strong><br \/>(+17 for winning)
|raw|RestePaisible's rating: 1433 &rarr; <strong>1417<\/strong><br \/>(-16 for losing)
|leave|RestePaisible
|player|p2