|join|Alistair_Jacknife
|join|RestePaisible
|player|p1|Alistair_Jacknife|50
|player|p2|RestePaisible|248
|gametype|singles
|gen|6
|tier|OU
|rated
|clearpoke
|poke|p1|Gyarados, F, shiny
|poke|p1|Medicham, F, shiny
|poke|p1|Tyranitar, F, shiny
|poke|p1|Dusclops, M, shiny
|poke|p1|Weavile, M, shiny
|poke|p1|Scolipede, F, shiny
|poke|p2|Amoonguss, M
|poke|p2|Heatran, M
|poke|p2|Gliscor, M
|poke|p2|Mew
|poke|p2|Manectric, F
|poke|p2|Bisharp, F
|rule|Swagger Clause: Swagger is banned
|rule|Baton Pass Clause: Limit one PokÃ©mon knowing Baton Pass
|rule|Sleep Clause Mod: Limit one foe put to sleep
|rule|Species Clause: Limit one of each PokÃ©mon
|rule|OHKO Clause: OHKO moves are banned
|rule|Moody Clause: Moody is banned
|rule|Evasion Moves Clause: Evasion moves are banned
|rule|Endless Battle Clause: Forcing endless battles is banned
|rule|HP Percentage Mod: HP is shown in percentages
|teampreview
|
|start
|switch|p1a: Scolipede|Scolipede, F, shiny|324\/324
|switch|p2a: Mew|Mew|404\/404
|turn|1
|
|move|p1a: Scolipede|Megahorn|p2a: Mew
|-supereffective|p2a: Mew
|-damage|p2a: Mew|170\/404
|move|p2a: Mew|Taunt|p1a: Scolipede
|-start|p1a: Scolipede|move: Taunt
|
|-heal|p2a: Mew|195\/404|[from] item: Leftovers
|-boost|p1a: Scolipede|spe|1|[from] ability: Speed Boost
|turn|2
|
|switch|p2a: Heatran|Heatran, M|386\/386
|move|p1a: Scolipede|Megahorn|p2a: Heatran
|-resisted|p2a: Heatran
|-damage|p2a: Heatran|352\/386
|
|-heal|p2a: Heatran|376\/386|[from] item: Leftovers
|-boost|p1a: Scolipede|spe|1|[from] ability: Speed Boost
|turn|3
|
|switch|p1a: Tyranitar|Tyranitar, F, shiny|344\/344
|-weather|Sandstorm
|move|p2a: Heatran|Roar|p1a: Tyranitar
|drag|p1a: Gyarados|Gyarados, F, shiny|331\/331
|-ability|p1a: Gyarados|Intimidate|[of] p2a: Heatran
|-unboost|p2a: Heatran|atk|1
|
|-weather|Sandstorm|[upkeep]
|-damage|p1a: Gyarados|311\/331|[from] sandstorm
|-heal|p2a: Heatran|386\/386|[from] item: Leftovers
|turn|4
|
|switch|p2a: Amoonguss|Amoonguss, M|432\/432
|move|p1a: Gyarados|Dragon Dance|p1a: Gyarados
|-boost|p1a: Gyarados|atk|1
|-boost|p1a: Gyarados|spe|1
|
|-weather|Sandstorm|[upkeep]
|-damage|p1a: Gyarados|291\/331|[from] sandstorm
|-damage|p2a: Amoonguss|405\/432|[from] sandstorm
|-heal|p2a: Amoonguss|432\/432|[from] item: Black Sludge
|turn|5
|
|move|p1a: Gyarados|Bounce|p2a: Amoonguss|[still]
|-prepare|p1a: Gyarados|Bounce|p2a: Amoonguss
|move|p2a: Amoonguss|Spore|p1a: Gyarados|[miss]
|-miss|p2a: Amoonguss|p1a: Gyarados
|
|-weather|Sandstorm|[upkeep]
|-damage|p1a: Gyarados|271\/331|[from] sandstorm
|-damage|p2a: Amoonguss|405\/432|[from] sandstorm
|-heal|p2a: Amoonguss|432\/432|[from] item: Black Sludge
|turn|6
|
|switch|p2a: Gliscor|Gliscor, M|354\/354
|move|p1a: Gyarados|Bounce|p2a: Gliscor
|-damage|p2a: Gliscor|213\/354
|
|-weather|Sandstorm|[upkeep]
|-damage|p1a: Gyarados|251\/331|[from] sandstorm
|-status|p2a: Gliscor|tox|[from] item: Toxic Orb
|turn|7
|
|switch|p2a: Amoonguss|Amoonguss, M|432\/432
|move|p1a: Gyarados|Waterfall|p2a: Amoonguss
|-resisted|p2a: Amoonguss
|-damage|p2a: Amoonguss|315\/432
|
|-weather|none
|-heal|p2a: Amoonguss|342\/432|[from] item: Black Sludge
|turn|8
|
|switch|p2a: Bisharp|Bisharp, F|272\/272
|move|p1a: Gyarados|Bounce|p2a: Bisharp|[still]
|-prepare|p1a: Gyarados|Bounce|p2a: Bisharp
|
|turn|9
|
|move|p1a: Gyarados|Bounce|p2a: Bisharp
|-resisted|p2a: Bisharp
|-damage|p2a: Bisharp|171\/272
|move|p2a: Bisharp|Swords Dance|p2a: Bisharp
|-boost|p2a: Bisharp|atk|2
|
|turn|10
|
|move|p2a: Bisharp|Sucker Punch|p1a: Gyarados
|-damage|p1a: Gyarados|0 fnt
|-damage|p2a: Bisharp|144\/272|[from] item: Life Orb
|faint|p1a: Gyarados
|
|
|switch|p1a: Scolipede|Scolipede, F, shiny|324\/324
|turn|11
|
|move|p1a: Scolipede|Iron Defense|p1a: Scolipede
|-boost|p1a: Scolipede|def|2
|move|p2a: Bisharp|Knock Off|p1a: Scolipede
|-damage|p1a: Scolipede|132\/324
|-enditem|p1a: Scolipede|Leftovers|[from] move: Knock Off|[of] p2a: Bisharp
|-damage|p2a: Bisharp|117\/272|[from] item: Life Orb
|
|-boost|p1a: Scolipede|spe|1|[from] ability: Speed Boost
|turn|12
|
|move|p1a: Scolipede|Megahorn|p2a: Bisharp
|-damage|p2a: Bisharp|0 fnt
|faint|p2a: Bisharp
|
|-boost|p1a: Scolipede|spe|1|[from] ability: Speed Boost
|
|switch|p2a: Heatran|Heatran, M|386\/386
|turn|13
|
|move|p1a: Scolipede|Baton Pass|p1a: Scolipede
|
|switch|p1a: Medicham|Medicham, F, shiny|262\/262
|move|p2a: Heatran|Roar|p1a: Medicham
|drag|p1a: Weavile|Weavile, M, shiny|281\/281
|-ability|p1a: Weavile|Pressure
|
|turn|14
|
|move|p1a: Weavile|Taunt|p2a: Heatran
|-start|p2a: Heatran|move: Taunt
|move|p2a: Heatran|Lava Plume|p1a: Weavile
|-supereffective|p1a: Weavile
|-damage|p1a: Weavile|0 fnt
|faint|p1a: Weavile
|
|
|switch|p1a: Tyranitar|Tyranitar, F, shiny|344\/344
|-weather|Sandstorm
|turn|15
|
|switch|p2a: Mew|Mew|195\/404
|move|p1a: Tyranitar|Dragon Dance|p1a: Tyranitar
|-boost|p1a: Tyranitar|atk|1
|-boost|p1a: Tyranitar|spe|1
|
|-weather|Sandstorm|[upkeep]
|-damage|p2a: Mew|170\/404|[from] sandstorm
|-heal|p2a: Mew|195\/404|[from] item: Leftovers
|turn|16
|
|move|p1a: Tyranitar|Dragon Dance|p1a: Tyranitar
|-boost|p1a: Tyranitar|atk|1
|-boost|p1a: Tyranitar|spe|1
|move|p2a: Mew|Will-O-Wisp|p1a: Tyranitar
|-status|p1a: Tyranitar|brn
|-enditem|p1a: Tyranitar|Lum Berry|[eat]
|-curestatus|p1a: Tyranitar|brn
|
|-weather|Sandstorm|[upkeep]
|-damage|p2a: Mew|170\/404|[from] sandstorm
|-heal|p2a: Mew|195\/404|[from] item: Leftovers
|turn|17
|
|move|p1a: Tyranitar|Crunch|p2a: Mew
|-supereffective|p2a: Mew
|-damage|p2a: Mew|0 fnt
|faint|p2a: Mew
|
|-weather|Sandstorm|[upkeep]
|
|switch|p2a: Amoonguss|Amoonguss, M|432\/432
|turn|18
|
|move|p1a: Tyranitar|Fire Punch|p2a: Amoonguss
|-supereffective|p2a: Amoonguss
|-damage|p2a: Amoonguss|0 fnt
|faint|p2a: Amoonguss
|
|-weather|Sandstorm|[upkeep]
|
|switch|p2a: Gliscor|Gliscor, M|213\/354 tox
|turn|19
|
|move|p1a: Tyranitar|Crunch|p2a: Gliscor
|-damage|p2a: Gliscor|27\/354 tox
|-unboost|p2a: Gliscor|def|1
|move|p2a: Gliscor|Earthquake|p1a: Tyranitar
|-supereffective|p1a: Tyranitar
|-damage|p1a: Tyranitar|138\/344
|
|-weather|none
|-heal|p2a: Gliscor|71\/354 tox|[from] ability: Poison Heal
|turn|20
|
|move|p1a: Tyranitar|Crunch|p2a: Gliscor
|-damage|p2a: Gliscor|0 fnt
|faint|p2a: Gliscor
|
|
|switch|p2a: Manectric|Manectric, F|281\/281
|turn|21
|
|detailschange|p2a: Manectric|Manectric-Mega, F
|message|Manectric has Mega Evolved into Mega Manectric!
|-ability|p2a: Manectric|Intimidate|[of] p1a: Tyranitar
|-unboost|p1a: Tyranitar|atk|1
|move|p1a: Tyranitar|Earthquake|p2a: Manectric
|-crit|p2a: Manectric
|-supereffective|p2a: Manectric
|-damage|p2a: Manectric|0 fnt
|faint|p2a: Manectric
|
|
|switch|p2a: Heatran|Heatran, M|386\/386
|turn|22
|
|move|p1a: Tyranitar|Earthquake|p2a: Heatran
|-supereffective|p2a: Heatran
|-damage|p2a: Heatran|0 fnt
|faint|p2a: Heatran
|
|win|Alistair_Jacknife
|raw|Ladder updating...
|c|âAlistair_Jacknife|gg
|raw|Alistair_Jacknife's rating: 1649 &rarr; <strong>1671<\/strong><br \/>(+22 for winning)
|raw|RestePaisible's rating: 1684 &rarr; <strong>1662<\/strong><br \/>(-22 for losing)
|leave|RestePaisible
|player|p2