|join|Grovyleleaf
|join|RestePaisible
|player|p1|Grovyleleaf|170
|player|p2|RestePaisible|248
|gametype|singles
|gen|6
|tier|OU
|rated
|clearpoke
|poke|p1|Keldeo
|poke|p1|Venusaur, F
|poke|p1|Talonflame, F
|poke|p1|Gliscor, M
|poke|p1|Latias, F
|poke|p1|Skarmory, F
|poke|p2|Zapdos
|poke|p2|Breloom, F
|poke|p2|Mawile, M
|poke|p2|Rotom-Wash
|poke|p2|Donphan, M
|poke|p2|Heatran, F
|rule|Swagger Clause: Swagger is banned
|rule|Baton Pass Clause: Limit one PokÃ©mon knowing Baton Pass
|rule|Sleep Clause Mod: Limit one foe put to sleep
|rule|Species Clause: Limit one of each PokÃ©mon
|rule|OHKO Clause: OHKO moves are banned
|rule|Moody Clause: Moody is banned
|rule|Evasion Moves Clause: Evasion moves are banned
|rule|Endless Battle Clause: Forcing endless battles is banned
|rule|HP Percentage Mod: HP is reported as percentages
|teampreview
|
|start
|switch|p1a: Skarmory|Skarmory, F|334\/334
|switch|p2a: Donphan|Donphan, M|384\/384
|turn|1
|
|move|p1a: Skarmory|Stealth Rock|p2a: Donphan
|-sidestart|p2: RestePaisible|move: Stealth Rock
|move|p2a: Donphan|Stealth Rock|p1a: Skarmory
|-sidestart|p1: Grovyleleaf|move: Stealth Rock
|
|turn|2
|
|switch|p1a: Venusaur|Venusaur, F|364\/364
|-damage|p1a: Venusaur|319\/364|[from] Stealth Rock
|move|p2a: Donphan|Rapid Spin|p1a: Venusaur
|-crit|p1a: Venusaur
|-damage|p1a: Venusaur|293\/364
|-sideend|p2: RestePaisible|Stealth Rock|[from] move: Rapid Spin|[of] p2a: Donphan
|
|turn|3
|
|switch|p2a: Heatran|Heatran, F|355\/355
|detailschange|p1a: Venusaur|Venusaur-Mega, F
|message|Venusaur has Mega Evolved into Mega Venusaur!
|move|p1a: Venusaur|Giga Drain|p2a: Heatran
|-resisted|p2a: Heatran
|-damage|p2a: Heatran|339\/355
|-heal|p1a: Venusaur|301\/364|[from] drain|[of] p2a: Heatran
|
|turn|4
|
|switch|p1a: Score|Gliscor, M|354\/354
|-damage|p1a: Score|310\/354|[from] Stealth Rock
|move|p2a: Heatran|Flamethrower|p1a: Score
|-crit|p1a: Score
|-damage|p1a: Score|94\/354
|
|-status|p1a: Score|tox|[from] item: Toxic Orb
|turn|5
|
|move|p1a: Score|Roost|p1a: Score
|-heal|p1a: Score|271\/354 tox
|move|p2a: Heatran|Flamethrower|p1a: Score
|-damage|p1a: Score|141\/354 tox
|
|-heal|p1a: Score|185\/354 tox|[from] ability: Poison Heal
|turn|6
|
|move|p1a: Score|Toxic|p2a: Heatran
|-fail|p2a: Heatran
|move|p2a: Heatran|Flamethrower|p1a: Score
|-damage|p1a: Score|44\/354 tox
|
|-heal|p1a: Score|88\/354 tox|[from] ability: Poison Heal
|turn|7
|
|move|p1a: Score|Roost|p1a: Score
|-heal|p1a: Score|265\/354 tox
|move|p2a: Heatran|Flamethrower|p1a: Score
|-damage|p1a: Score|126\/354 tox
|
|-heal|p1a: Score|170\/354 tox|[from] ability: Poison Heal
|turn|8
|
|switch|p2a: Rotom-Wash|Rotom-Wash|289\/289
|move|p1a: Score|Roost|p1a: Score
|-heal|p1a: Score|347\/354 tox
|
|-heal|p1a: Score|354\/354 tox|[from] ability: Poison Heal
|turn|9
|
|switch|p1a: Venusaur|Venusaur-Mega, F|301\/364
|-damage|p1a: Venusaur|256\/364|[from] Stealth Rock
|move|p2a: Rotom-Wash|Hydro Pump|p1a: Venusaur
|-resisted|p1a: Venusaur
|-damage|p1a: Venusaur|200\/364
|
|turn|10
|
|switch|p2a: Heatran|Heatran, F|339\/355
|move|p1a: Venusaur|Synthesis|p1a: Venusaur
|-heal|p1a: Venusaur|364\/364
|
|turn|11
|
|switch|p1a: Score|Gliscor, M|354\/354 tox
|-damage|p1a: Score|310\/354 tox|[from] Stealth Rock
|move|p2a: Heatran|Flamethrower|p1a: Score
|-damage|p1a: Score|174\/354 tox
|
|-heal|p1a: Score|218\/354 tox|[from] ability: Poison Heal
|turn|12
|
|switch|p2a: Rotom-Wash|Rotom-Wash|289\/289
|move|p1a: Score|Earthquake|p2a: Rotom-Wash
|-immune|p2a: Rotom-Wash|[msg]
|
|-heal|p1a: Score|262\/354 tox|[from] ability: Poison Heal
|turn|13
|
|switch|p1a: Venusaur|Venusaur-Mega, F|364\/364
|-damage|p1a: Venusaur|319\/364|[from] Stealth Rock
|move|p2a: Rotom-Wash|Trick|p1a: Venusaur
|-fail|p1a: Venusaur
|
|turn|14
|
|switch|p2a: Heatran|Heatran, F|339\/355
|switch|p1a: Score|Gliscor, M|262\/354 tox
|-damage|p1a: Score|218\/354 tox|[from] Stealth Rock
|
|-heal|p1a: Score|262\/354 tox|[from] ability: Poison Heal
|turn|15
|
|move|p1a: Score|Toxic|p2a: Heatran
|-fail|p2a: Heatran
|move|p2a: Heatran|Flamethrower|p1a: Score
|-damage|p1a: Score|115\/354 tox
|
|-heal|p1a: Score|159\/354 tox|[from] ability: Poison Heal
|turn|16
|
|move|p1a: Score|Roost|p1a: Score
|-heal|p1a: Score|336\/354 tox
|move|p2a: Heatran|Flamethrower|p1a: Score
|-damage|p1a: Score|197\/354 tox
|
|-heal|p1a: Score|241\/354 tox|[from] ability: Poison Heal
|turn|17
|
|switch|p2a: Rotom-Wash|Rotom-Wash|289\/289
|move|p1a: Score|Toxic|p2a: Rotom-Wash
|-status|p2a: Rotom-Wash|tox
|
|-damage|p2a: Rotom-Wash|271\/289 tox|[from] psn
|-heal|p1a: Score|285\/354 tox|[from] ability: Poison Heal
|turn|18
|
|switch|p1a: Venusaur|Venusaur-Mega, F|319\/364
|-damage|p1a: Venusaur|274\/364|[from] Stealth Rock
|move|p2a: Rotom-Wash|Will-O-Wisp|p1a: Venusaur
|-status|p1a: Venusaur|brn
|
|-damage|p2a: Rotom-Wash|235\/289 tox|[from] psn
|-damage|p1a: Venusaur|229\/364 brn|[from] brn
|turn|19
|
|switch|p2a: Heatran|Heatran, F|339\/355
|move|p1a: Venusaur|Synthesis|p1a: Venusaur
|-heal|p1a: Venusaur|364\/364 brn
|
|-damage|p1a: Venusaur|319\/364 brn|[from] brn
|turn|20
|
|switch|p1a: Score|Gliscor, M|285\/354 tox
|-damage|p1a: Score|241\/354 tox|[from] Stealth Rock
|move|p2a: Heatran|Flamethrower|p1a: Score
|-damage|p1a: Score|105\/354 tox
|
|-heal|p1a: Score|149\/354 tox|[from] ability: Poison Heal
|turn|21
|
|move|p1a: Score|Roost|p1a: Score
|-heal|p1a: Score|326\/354 tox
|move|p2a: Heatran|Flamethrower|p1a: Score
|-damage|p1a: Score|197\/354 tox
|
|-heal|p1a: Score|241\/354 tox|[from] ability: Poison Heal
|turn|22
|
|switch|p1a: Venusaur|Venusaur-Mega, F|319\/364 brn
|-damage|p1a: Venusaur|274\/364 brn|[from] Stealth Rock
|switch|p2a: Rotom-Wash|Rotom-Wash|235\/289 tox
|
|-damage|p2a: Rotom-Wash|217\/289 tox|[from] psn
|-damage|p1a: Venusaur|229\/364 brn|[from] brn
|turn|23
|
|switch|p1a: Score|Gliscor, M|241\/354 tox
|-damage|p1a: Score|197\/354 tox|[from] Stealth Rock
|move|p2a: Rotom-Wash|Volt Switch|p1a: Score
|-immune|p1a: Score|[msg]
|
|-damage|p2a: Rotom-Wash|181\/289 tox|[from] psn
|-heal|p1a: Score|241\/354 tox|[from] ability: Poison Heal
|turn|24
|
|switch|p1a: Venusaur|Venusaur-Mega, F|229\/364 brn
|-damage|p1a: Venusaur|184\/364 brn|[from] Stealth Rock
|move|p2a: Rotom-Wash|Volt Switch|p1a: Venusaur
|-resisted|p1a: Venusaur
|-damage|p1a: Venusaur|144\/364 brn
|
|switch|p2a: Heatran|Heatran, F|339\/355
|
|-damage|p1a: Venusaur|99\/364 brn|[from] brn
|turn|25
|
|move|p1a: Venusaur|Synthesis|p1a: Venusaur
|-heal|p1a: Venusaur|281\/364 brn
|move|p2a: Heatran|Flamethrower|p1a: Venusaur
|-supereffective|p1a: Venusaur
|-damage|p1a: Venusaur|153\/364 brn
|
|-damage|p1a: Venusaur|108\/364 brn|[from] brn
|turn|26
|
|move|p1a: Venusaur|Giga Drain|p2a: Heatran
|-resisted|p2a: Heatran
|-damage|p2a: Heatran|323\/355
|-heal|p1a: Venusaur|116\/364 brn|[from] drain|[of] p2a: Heatran
|move|p2a: Heatran|Flamethrower|p1a: Venusaur
|-supereffective|p1a: Venusaur
|-damage|p1a: Venusaur|0 fnt
|faint|p1a: Venusaur
|
|
|switch|p1a: Keldeo|Keldeo|322\/322
|-damage|p1a: Keldeo|302\/322|[from] Stealth Rock
|turn|27
|
|switch|p2a: Breloom|Breloom, F|262\/262
|move|p1a: Keldeo|Secret Sword|p2a: Breloom
|-damage|p2a: Breloom|78\/262
|
|turn|28
|
|move|p2a: Breloom|Mach Punch|p1a: Keldeo
|-damage|p1a: Keldeo|190\/322
|move|p1a: Keldeo|Secret Sword|p2a: Breloom
|-damage|p2a: Breloom|0 fnt
|faint|p2a: Breloom
|
|
|switch|p2a: Zapdos|Zapdos|322\/322
|-ability|p2a: Zapdos|Pressure
|turn|29
|
|switch|p1a: Nova|Latias, F|301\/301
|-damage|p1a: Nova|264\/301|[from] Stealth Rock
|move|p2a: Zapdos|Heat Wave|p1a: Nova
|-resisted|p1a: Nova
|-damage|p1a: Nova|206\/301
|-damage|p2a: Zapdos|290\/322|[from] item: Life Orb
|
|turn|30
|
|switch|p2a: Mawile|Mawile, M|304\/304
|move|p1a: Nova|Defog|p2a: Mawile
|-unboost|p2a: Mawile|evasion|1
|-sideend|p1: Grovyleleaf|Stealth Rock|[from] move: Defog|[of] p1a: Nova
|
|turn|31
|
|switch|p1a: Sunhaven|Talonflame, F|297\/297
|detailschange|p2a: Mawile|Mawile-Mega, M
|message|Mawile has Mega Evolved into Mega Mawile!
|move|p2a: Mawile|Sucker Punch|p1a: Sunhaven
|-fail|p1a: Sunhaven
|
|turn|32
|
|switch|p1a: Score|Gliscor, M|241\/354 tox
|move|p2a: Mawile|Sucker Punch|p1a: Score
|-fail|p1a: Score
|
|-heal|p1a: Score|285\/354 tox|[from] ability: Poison Heal
|turn|33
|
|move|p1a: Score|Earthquake|p2a: Mawile
|-supereffective|p2a: Mawile
|-damage|p2a: Mawile|128\/304
|move|p2a: Mawile|Taunt|p1a: Score
|-start|p1a: Score|move: Taunt
|
|-heal|p1a: Score|329\/354 tox|[from] ability: Poison Heal
|turn|34
|
|switch|p2a: Rotom-Wash|Rotom-Wash|181\/289 tox
|move|p1a: Score|Earthquake|p2a: Rotom-Wash
|-immune|p2a: Rotom-Wash|[msg]
|
|-damage|p2a: Rotom-Wash|163\/289 tox|[from] psn
|-heal|p1a: Score|354\/354 tox|[from] ability: Poison Heal
|turn|35
|
|switch|p1a: Nova|Latias, F|206\/301
|move|p2a: Rotom-Wash|Volt Switch|p1a: Nova
|-resisted|p1a: Nova
|-damage|p1a: Nova|173\/301
|
|switch|p2a: Heatran|Heatran, F|323\/355
|
|turn|36
|
|switch|p1a: Score|Gliscor, M|354\/354 tox
|move|p2a: Heatran|Dragon Pulse|p1a: Score
|-damage|p1a: Score|273\/354 tox
|
|-heal|p1a: Score|317\/354 tox|[from] ability: Poison Heal
|turn|37
|
|switch|p1a: Sunhaven|Talonflame, F|297\/297
|switch|p2a: Rotom-Wash|Rotom-Wash|163\/289 tox
|
|-damage|p2a: Rotom-Wash|145\/289 tox|[from] psn
|turn|38
|
|move|p1a: Sunhaven|Brave Bird|p2a: Rotom-Wash
|-resisted|p2a: Rotom-Wash
|-damage|p2a: Rotom-Wash|56\/289 tox
|-damage|p1a: Sunhaven|268\/297|[from] recoil|[of] p2a: Rotom-Wash
|move|p2a: Rotom-Wash|Volt Switch|p1a: Sunhaven
|-supereffective|p1a: Sunhaven
|-damage|p1a: Sunhaven|32\/297
|
|switch|p2a: Mawile|Mawile-Mega, M|128\/304
|
|turn|39
|
|move|p2a: Mawile|Sucker Punch|p1a: Sunhaven
|-fail|p1a: Sunhaven
|move|p1a: Sunhaven|Swords Dance|p1a: Sunhaven
|-boost|p1a: Sunhaven|atk|2
|
|turn|40
|
|move|p2a: Mawile|Sucker Punch|p1a: Sunhaven
|-damage|p1a: Sunhaven|0 fnt
|faint|p1a: Sunhaven
|
|
|switch|p1a: Score|Gliscor, M|317\/354 tox
|turn|41
|
|switch|p2a: Rotom-Wash|Rotom-Wash|56\/289 tox
|move|p1a: Score|Earthquake|p2a: Rotom-Wash
|-immune|p2a: Rotom-Wash|[msg]
|
|-damage|p2a: Rotom-Wash|38\/289 tox|[from] psn
|-heal|p1a: Score|354\/354 tox|[from] ability: Poison Heal
|turn|42
|
|switch|p1a: Nova|Latias, F|173\/301
|move|p2a: Rotom-Wash|Trick|p1a: Nova
|-activate|p2a: Rotom-Wash|move: Trick|[of] p1a: Nova
|-item|p1a: Nova|Choice Scarf|[from] move: Trick
|-item|p2a: Rotom-Wash|Life Orb|[from] move: Trick
|
|-damage|p2a: Rotom-Wash|2\/289 tox|[from] psn
|turn|43
|
|move|p1a: Nova|Thunderbolt|p2a: Rotom-Wash
|-damage|p2a: Rotom-Wash|0 fnt
|faint|p2a: Rotom-Wash
|
|
|switch|p2a: Mawile|Mawile-Mega, M|128\/304
|turn|44
|
|switch|p1a: Skarmory|Skarmory, F|334\/334
|move|p2a: Mawile|Sucker Punch|p1a: Skarmory
|-fail|p1a: Skarmory
|
|turn|45
|
|switch|p2a: Donphan|Donphan, M|384\/384
|move|p1a: Skarmory|Brave Bird|p2a: Donphan
|-damage|p2a: Donphan|305\/384
|-damage|p1a: Skarmory|308\/334|[from] recoil|[of] p2a: Donphan
|
|-heal|p1a: Skarmory|328\/334|[from] item: Leftovers
|-heal|p2a: Donphan|329\/384|[from] item: Leftovers
|turn|46
|
|move|p1a: Skarmory|Stealth Rock|p2a: Donphan
|-sidestart|p2: RestePaisible|move: Stealth Rock
|move|p2a: Donphan|Stealth Rock|p1a: Skarmory
|-sidestart|p1: Grovyleleaf|move: Stealth Rock
|
|-heal|p1a: Skarmory|334\/334|[from] item: Leftovers
|-heal|p2a: Donphan|353\/384|[from] item: Leftovers
|turn|47
|
|move|p1a: Skarmory|Brave Bird|p2a: Donphan
|-damage|p2a: Donphan|274\/384
|-damage|p1a: Skarmory|308\/334|[from] recoil|[of] p2a: Donphan
|move|p2a: Donphan|Rapid Spin|p1a: Skarmory
|-resisted|p1a: Skarmory
|-damage|p1a: Skarmory|302\/334
|-sideend|p2: RestePaisible|Stealth Rock|[from] move: Rapid Spin|[of] p2a: Donphan
|
|-heal|p1a: Skarmory|322\/334|[from] item: Leftovers
|-heal|p2a: Donphan|298\/384|[from] item: Leftovers
|turn|48
|
|switch|p2a: Zapdos|Zapdos|290\/322
|-ability|p2a: Zapdos|Pressure
|move|p1a: Skarmory|Defog|p2a: Zapdos
|-unboost|p2a: Zapdos|evasion|1
|-sideend|p1: Grovyleleaf|Stealth Rock|[from] move: Defog|[of] p1a: Skarmory
|
|-heal|p1a: Skarmory|334\/334|[from] item: Leftovers
|turn|49
|
|switch|p1a: Nova|Latias, F|173\/301
|move|p2a: Zapdos|Thunderbolt|p1a: Nova
|-resisted|p1a: Nova
|-damage|p1a: Nova|92\/301
|-damage|p2a: Zapdos|258\/322|[from] item: Life Orb
|
|turn|50
|
|switch|p2a: Heatran|Heatran, F|323\/355
|move|p1a: Nova|Thunderbolt|p2a: Heatran
|-damage|p2a: Heatran|265\/355
|
|turn|51
|
|switch|p1a: Score|Gliscor, M|354\/354 tox
|move|p2a: Heatran|Dragon Pulse|p1a: Score
|-damage|p1a: Score|270\/354 tox
|
|-heal|p1a: Score|314\/354 tox|[from] ability: Poison Heal
|turn|52
|
|switch|p2a: Zapdos|Zapdos|258\/322
|-ability|p2a: Zapdos|Pressure
|move|p1a: Score|Earthquake|p2a: Zapdos
|-immune|p2a: Zapdos|[msg]
|
|-heal|p1a: Score|354\/354 tox|[from] ability: Poison Heal
|turn|53
|
|switch|p1a: Nova|Latias, F|92\/301
|move|p2a: Zapdos|Heat Wave|p1a: Nova
|-miss|p2a: Zapdos|p1a: Nova
|
|turn|54
|
|move|p1a: Nova|Thunderbolt|p2a: Zapdos
|-damage|p2a: Zapdos|149\/322
|move|p2a: Zapdos|Thunderbolt|p1a: Nova
|-resisted|p1a: Nova
|-damage|p1a: Nova|6\/301
|-damage|p2a: Zapdos|117\/322|[from] item: Life Orb
|
|turn|55
|
|switch|p1a: Score|Gliscor, M|354\/354 tox
|move|p2a: Zapdos|Roost|p2a: Zapdos
|-heal|p2a: Zapdos|278\/322
|
|turn|56
|
|move|p2a: Zapdos|Heat Wave|p1a: Score
|-damage|p1a: Score|221\/354 tox
|-damage|p2a: Zapdos|246\/322|[from] item: Life Orb
|move|p1a: Score|Earthquake|p2a: Zapdos
|-immune|p2a: Zapdos|[msg]
|
|-heal|p1a: Score|265\/354 tox|[from] ability: Poison Heal
|turn|57
|
|move|p2a: Zapdos|Heat Wave|p1a: Score
|-damage|p1a: Score|136\/354 tox
|-damage|p2a: Zapdos|214\/322|[from] item: Life Orb
|move|p1a: Score|Roost|p1a: Score
|-heal|p1a: Score|313\/354 tox
|
|-heal|p1a: Score|354\/354 tox|[from] ability: Poison Heal
|turn|58
|
|move|p2a: Zapdos|Heat Wave|p1a: Score
|-damage|p1a: Score|240\/354 tox
|-damage|p2a: Zapdos|182\/322|[from] item: Life Orb
|move|p1a: Score|Earthquake|p2a: Zapdos
|-immune|p2a: Zapdos|[msg]
|
|-heal|p1a: Score|284\/354 tox|[from] ability: Poison Heal
|turn|59
|
|move|p2a: Zapdos|Roost|p2a: Zapdos
|-heal|p2a: Zapdos|322\/322
|move|p1a: Score|Toxic|p2a: Zapdos
|-status|p2a: Zapdos|tox
|
|-damage|p2a: Zapdos|302\/322 tox|[from] psn
|-heal|p1a: Score|328\/354 tox|[from] ability: Poison Heal
|turn|60
|
|move|p2a: Zapdos|Heat Wave|p1a: Score
|-miss|p2a: Zapdos|p1a: Score
|move|p1a: Score|Roost|p1a: Score
|-heal|p1a: Score|354\/354 tox
|
|-damage|p2a: Zapdos|262\/322 tox|[from] psn
|turn|61
|
|move|p2a: Zapdos|Heat Wave|p1a: Score
|-damage|p1a: Score|238\/354 tox
|-damage|p2a: Zapdos|230\/322 tox|[from] item: Life Orb
|move|p1a: Score|Taunt|p2a: Zapdos
|-start|p2a: Zapdos|move: Taunt
|
|-damage|p2a: Zapdos|170\/322 tox|[from] psn
|-heal|p1a: Score|282\/354 tox|[from] ability: Poison Heal
|turn|62
|
|move|p2a: Zapdos|Thunderbolt|p1a: Score
|-immune|p1a: Score|[msg]
|move|p1a: Score|Roost|p1a: Score
|-heal|p1a: Score|354\/354 tox
|
|-damage|p2a: Zapdos|90\/322 tox|[from] psn
|turn|63
|
|switch|p2a: Donphan|Donphan, M|298\/384
|move|p1a: Score|Taunt|p2a: Donphan
|-start|p2a: Donphan|move: Taunt
|
|-heal|p2a: Donphan|322\/384|[from] item: Leftovers
|turn|64
|
|switch|p1a: Nova|Latias, F|6\/301
|move|p2a: Donphan|Earthquake|p1a: Nova
|-immune|p1a: Nova|[msg]
|
|-heal|p2a: Donphan|346\/384|[from] item: Leftovers
|turn|65
|
|move|p1a: Nova|Thunderbolt|p2a: Donphan
|-immune|p2a: Donphan|[msg]
|move|p2a: Donphan|Rapid Spin|p1a: Nova
|-damage|p1a: Nova|0 fnt
|faint|p1a: Nova
|
|-heal|p2a: Donphan|370\/384|[from] item: Leftovers
|
|switch|p1a: Keldeo|Keldeo|190\/322
|turn|66
|
|move|p1a: Keldeo|Hydro Pump|p2a: Donphan
|-supereffective|p2a: Donphan
|-damage|p2a: Donphan|0 fnt
|faint|p2a: Donphan
|
|
|switch|p2a: Mawile|Mawile-Mega, M|128\/304
|turn|67
|
|switch|p1a: Score|Gliscor, M|354\/354 tox
|move|p2a: Mawile|Sucker Punch|p1a: Score
|-fail|p1a: Score
|
|turn|68
|
|switch|p2a: Zapdos|Zapdos|90\/322 tox
|-ability|p2a: Zapdos|Pressure
|move|p1a: Score|Taunt|p2a: Zapdos
|-start|p2a: Zapdos|move: Taunt
|
|-damage|p2a: Zapdos|70\/322 tox|[from] psn
|turn|69
|
|switch|p2a: Heatran|Heatran, F|265\/355
|move|p1a: Score|Taunt|p2a: Heatran
|-start|p2a: Heatran|move: Taunt
|
|turn|70
|
|switch|p2a: Zapdos|Zapdos|70\/322 tox
|-ability|p2a: Zapdos|Pressure
|move|p1a: Score|Taunt|p2a: Zapdos
|-start|p2a: Zapdos|move: Taunt
|
|-damage|p2a: Zapdos|50\/322 tox|[from] psn
|turn|71
|
|switch|p2a: Heatran|Heatran, F|265\/355
|move|p1a: Score|Taunt|p2a: Heatran
|-start|p2a: Heatran|move: Taunt
|
|turn|72
|
|move|p1a: Score|Taunt|p2a: Heatran
|-fail|p2a: Heatran
|move|p2a: Heatran|Flamethrower|p1a: Score
|-damage|p1a: Score|207\/354 tox
|
|-heal|p1a: Score|251\/354 tox|[from] ability: Poison Heal
|turn|73
|
|switch|p2a: Zapdos|Zapdos|50\/322 tox
|-ability|p2a: Zapdos|Pressure
|move|p1a: Score|Taunt|p2a: Zapdos
|-start|p2a: Zapdos|move: Taunt
|
|-damage|p2a: Zapdos|30\/322 tox|[from] psn
|-heal|p1a: Score|295\/354 tox|[from] ability: Poison Heal
|turn|74
|
|move|p2a: Zapdos|Heat Wave|p1a: Score
|-damage|p1a: Score|181\/354 tox
|-damage|p2a: Zapdos|0 fnt|[from] item: Life Orb
|faint|p2a: Zapdos
|move|p1a: Score|Earthquake|p2: Zapdos|[notarget]
|-notarget
|
|-heal|p1a: Score|225\/354 tox|[from] ability: Poison Heal
|
|switch|p2a: Mawile|Mawile-Mega, M|128\/304
|turn|75
|
|move|p2a: Mawile|Sucker Punch|p1a: Score
|-damage|p1a: Score|71\/354 tox
|move|p1a: Score|Earthquake|p2a: Mawile
|-supereffective|p2a: Mawile
|-damage|p2a: Mawile|0 fnt
|faint|p2a: Mawile
|
|-heal|p1a: Score|115\/354 tox|[from] ability: Poison Heal
|
|switch|p2a: Heatran|Heatran, F|265\/355
|turn|76
|
|move|p1a: Score|Earthquake|p2a: Heatran
|-supereffective|p2a: Heatran
|-damage|p2a: Heatran|0 fnt
|faint|p2a: Heatran
|
|win|Grovyleleaf
|raw|Ladder updating...
|raw|Grovyleleaf's rating: 1100 &rarr; <strong>1126<\/strong><br \/>(+26 for winning)
|raw|RestePaisible's rating: 1107 &rarr; <strong>1081<\/strong><br \/>(-26 for losing)
|leave|RestePaisible
|player|p2
|chat|Grovyleleaf|Gg