|join|RS Bamafive
|join|RestePaisible
|player|p1|RS Bamafive|223
|player|p2|RestePaisible|248
|gametype|singles
|gen|6
|tier|OU
|rated
|clearpoke
|poke|p1|Garchomp, F
|poke|p1|Charizard, M, shiny
|poke|p1|Mew, shiny
|poke|p1|Keldeo-Resolute
|poke|p1|Bisharp, M
|poke|p1|Dragalge, F
|poke|p2|Gliscor, F
|poke|p2|Heatran, F
|poke|p2|Salamence, F
|poke|p2|Florges, F
|poke|p2|Quagsire, F
|poke|p2|Manectric, F
|rule|Swagger Clause: Swagger is banned
|rule|Baton Pass Clause: Limit one PokÃ©mon knowing Baton Pass
|rule|Sleep Clause Mod: Limit one foe put to sleep
|rule|Species Clause: Limit one of each PokÃ©mon
|rule|OHKO Clause: OHKO moves are banned
|rule|Moody Clause: Moody is banned
|rule|Evasion Moves Clause: Evasion moves are banned
|rule|Endless Battle Clause: Forcing endless battles is banned
|rule|HP Percentage Mod: HP is reported as percentages
|teampreview
|join|sonotfun
|
|start
|switch|p1a: VictiHunter|Dragalge, F|334\/334
|switch|p2a: Heatran|Heatran, F|386\/386
|-item|p2a: Heatran|Air Balloon
|turn|1
|
|move|p2a: Heatran|Stealth Rock|p1a: VictiHunter
|-sidestart|p1: RS Bamafive|move: Stealth Rock
|move|p1a: VictiHunter|Scald|p2a: Heatran
|-supereffective|p2a: Heatran
|-damage|p2a: Heatran|294\/386
|-enditem|p2a: Heatran|Air Balloon
|
|turn|2
|
|switch|p2a: Florges|Florges, F|360\/360
|switch|p1a: Team Lapo|Mew, shiny|404\/404
|-damage|p1a: Team Lapo|354\/404|[from] Stealth Rock
|
|-heal|p1a: Team Lapo|379\/404|[from] item: Leftovers
|turn|3
|
|move|p1a: Team Lapo|Stealth Rock|p2a: Florges
|-sidestart|p2: RestePaisible|move: Stealth Rock
|move|p2a: Florges|Moonblast|p1a: Team Lapo
|-damage|p1a: Team Lapo|273\/404
|-unboost|p1a: Team Lapo|spa|1
|
|-heal|p1a: Team Lapo|298\/404|[from] item: Leftovers
|turn|4
|
|move|p1a: Team Lapo|Defog|p2a: Florges
|-unboost|p2a: Florges|evasion|1
|-sideend|p2: RestePaisible|Stealth Rock|[from] move: Defog|[of] p2a: Florges
|-sideend|p1: RS Bamafive|Stealth Rock|[from] move: Defog|[of] p1a: Team Lapo
|move|p2a: Florges|Moonblast|p1a: Team Lapo
|-damage|p1a: Team Lapo|205\/404
|
|-heal|p1a: Team Lapo|230\/404|[from] item: Leftovers
|turn|5
|
|move|p1a: Team Lapo|Will-O-Wisp|p2a: Florges
|-status|p2a: Florges|brn
|move|p2a: Florges|Moonblast|p1a: Team Lapo
|-damage|p1a: Team Lapo|130\/404
|-unboost|p1a: Team Lapo|spa|1
|
|-heal|p1a: Team Lapo|155\/404|[from] item: Leftovers
|-damage|p2a: Florges|315\/360 brn|[from] brn
|turn|6
|
|switch|p1a: VictiHunter|Dragalge, F|334\/334
|move|p2a: Florges|Moonblast|p1a: VictiHunter
|-damage|p1a: VictiHunter|282\/334
|
|-heal|p2a: Florges|337\/360 brn|[from] item: Leftovers
|-damage|p2a: Florges|292\/360 brn|[from] brn
|turn|7
|
|move|p2a: Florges|Protect|p2a: Florges
|-singleturn|p2a: Florges|Protect
|move|p1a: VictiHunter|Sludge Bomb|p2a: Florges
|-activate|p2a: Florges|Protect
|
|-heal|p2a: Florges|314\/360 brn|[from] item: Leftovers
|-damage|p2a: Florges|269\/360 brn|[from] brn
|turn|8
|
|switch|p2a: Quagsire|Quagsire, F|394\/394
|move|p1a: VictiHunter|Scald|p2a: Quagsire
|-damage|p2a: Quagsire|308\/394
|
|-heal|p2a: Quagsire|332\/394|[from] item: Leftovers
|turn|9
|
|switch|p1a: Fan de pkmn|Charizard, M, shiny|298\/298
|move|p2a: Quagsire|Yawn|p1a: Fan de pkmn
|-start|p1a: Fan de pkmn|move: Yawn|[of] p2a: Quagsire
|
|-heal|p2a: Quagsire|356\/394|[from] item: Leftovers
|turn|10
|
|detailschange|p1a: Fan de pkmn|Charizard-Mega-Y, M, shiny
|message|Charizard has Mega Evolved into Mega Charizard!
|-weather|SunnyDay
|move|p1a: Fan de pkmn|Solar Beam|p2a: Quagsire|[still]
|-prepare|p1a: Fan de pkmn|Solar Beam|p2a: Quagsire
|-anim|p1a: Fan de pkmn|Solar Beam|p2a: Quagsire
|-supereffective|p2a: Quagsire
|-damage|p2a: Quagsire|0 fnt
|faint|p2a: Quagsire
|
|-status|p1a: Fan de pkmn|slp
|-weather|SunnyDay|[upkeep]
|
|switch|p2a: Salamence|Salamence, F|332\/332
|-ability|p2a: Salamence|Intimidate|[of] p1a: Fan de pkmn
|-unboost|p1a: Fan de pkmn|atk|1
|turn|11
|
|switch|p1a: Ybel|Bisharp, M|272\/272
|move|p2a: Salamence|Dragon Dance|p2a: Salamence
|-boost|p2a: Salamence|atk|1
|-boost|p2a: Salamence|spe|1
|
|-weather|SunnyDay|[upkeep]
|turn|12
|
|move|p2a: Salamence|Earthquake|p1a: Ybel
|-supereffective|p1a: Ybel
|-damage|p1a: Ybel|0 fnt
|-damage|p2a: Salamence|299\/332|[from] item: Life Orb
|faint|p1a: Ybel
|
|-weather|SunnyDay|[upkeep]
|
|switch|p1a: Dark_killer79|Garchomp, F|357\/357
|turn|13
|
|switch|p2a: Gliscor|Gliscor, F|354\/354
|move|p1a: Dark_killer79|Outrage|p2a: Gliscor
|-damage|p2a: Gliscor|213\/354
|
|-weather|SunnyDay|[upkeep]
|-status|p2a: Gliscor|tox|[from] item: Toxic Orb
|turn|14
|
|switch|p2a: Florges|Florges, F|269\/360 brn
|move|p1a: Dark_killer79|Outrage|p2a: Florges
|-immune|p2a: Florges|[msg]
|
|-end|p1a: Dark_killer79|rampage
|-start|p1a: Dark_killer79|confusion
|-weather|none
|-heal|p2a: Florges|291\/360 brn|[from] item: Leftovers
|-damage|p2a: Florges|246\/360 brn|[from] brn
|turn|15
|
|switch|p1a: VictiHunter|Dragalge, F|282\/334
|switch|p2a: Gliscor|Gliscor, F|213\/354 tox
|
|-heal|p2a: Gliscor|257\/354 tox|[from] ability: Poison Heal
|turn|16
|leave|sonotfun
|chat|RS Bamafive|go -_-
|
|switch|p2a: Heatran|Heatran, F|294\/386
|move|p1a: VictiHunter|Scald|p2a: Heatran
|-supereffective|p2a: Heatran
|-damage|p2a: Heatran|210\/386
|
|turn|17
|
|switch|p1a: Lapinou|Keldeo-Resolute|323\/323
|move|p2a: Heatran|Stealth Rock|p1a: Lapinou
|-sidestart|p1: RS Bamafive|move: Stealth Rock
|
|turn|18
|
|switch|p2a: Florges|Florges, F|246\/360 brn
|move|p1a: Lapinou|Secret Sword|p2a: Florges
|-resisted|p2a: Florges
|-damage|p2a: Florges|84\/360 brn
|
|-heal|p2a: Florges|106\/360 brn|[from] item: Leftovers
|-damage|p2a: Florges|61\/360 brn|[from] brn
|turn|19
|
|move|p1a: Lapinou|Secret Sword|p2a: Florges
|-resisted|p2a: Florges
|-damage|p2a: Florges|0 fnt
|faint|p2a: Florges
|
|
|switch|p2a: Manectric|Manectric, F|282\/282
|turn|20
|
|switch|p1a: Dark_killer79|Garchomp, F|357\/357
|-damage|p1a: Dark_killer79|335\/357|[from] Stealth Rock
|detailschange|p2a: Manectric|Manectric-Mega, F
|message|Manectric has Mega Evolved into Mega Manectric!
|-ability|p2a: Manectric|Intimidate|[of] p1a: Dark_killer79
|-unboost|p1a: Dark_killer79|atk|1
|move|p2a: Manectric|Hidden Power|p1a: Dark_killer79
|-damage|p1a: Dark_killer79|240\/357
|
|turn|21
|
|switch|p2a: Gliscor|Gliscor, F|257\/354 tox
|move|p1a: Dark_killer79|Earthquake|p2a: Gliscor
|-immune|p2a: Gliscor|[msg]
|
|-heal|p2a: Gliscor|301\/354 tox|[from] ability: Poison Heal
|turn|22
|
|switch|p1a: Lapinou|Keldeo-Resolute|323\/323
|-damage|p1a: Lapinou|303\/323|[from] Stealth Rock
|move|p2a: Gliscor|Toxic|p1a: Lapinou
|-status|p1a: Lapinou|tox
|
|-damage|p1a: Lapinou|283\/323 tox|[from] psn
|-heal|p2a: Gliscor|345\/354 tox|[from] ability: Poison Heal
|turn|23
|
|switch|p2a: Heatran|Heatran, F|210\/386
|move|p1a: Lapinou|Icy Wind|p2a: Heatran
|-resisted|p2a: Heatran
|-damage|p2a: Heatran|193\/386
|-unboost|p2a: Heatran|spe|1
|
|-damage|p1a: Lapinou|243\/323 tox|[from] psn
|turn|24
|
|switch|p1a: Dark_killer79|Garchomp, F|240\/357
|-damage|p1a: Dark_killer79|218\/357|[from] Stealth Rock
|move|p2a: Heatran|Roar|p1a: Dark_killer79
|drag|p1a: Team Lapo|Mew, shiny|155\/404
|-damage|p1a: Team Lapo|105\/404|[from] Stealth Rock
|
|-heal|p1a: Team Lapo|130\/404|[from] item: Leftovers
|turn|25
|
|move|p1a: Team Lapo|Soft-Boiled|p1a: Team Lapo
|-heal|p1a: Team Lapo|332\/404
|move|p2a: Heatran|Lava Plume|p1a: Team Lapo
|-damage|p1a: Team Lapo|238\/404
|
|-heal|p1a: Team Lapo|263\/404|[from] item: Leftovers
|turn|26
|
|move|p1a: Team Lapo|Defog|p2a: Heatran
|-unboost|p2a: Heatran|evasion|1
|-sideend|p1: RS Bamafive|Stealth Rock|[from] move: Defog|[of] p1a: Team Lapo
|move|p2a: Heatran|Roar|p1a: Team Lapo
|drag|p1a: Dark_killer79|Garchomp, F|218\/357
|
|turn|27
|
|switch|p2a: Gliscor|Gliscor, F|345\/354 tox
|move|p1a: Dark_killer79|Dragon Claw|p2a: Gliscor
|-damage|p2a: Gliscor|246\/354 tox
|
|-heal|p2a: Gliscor|290\/354 tox|[from] ability: Poison Heal
|turn|28
|
|switch|p1a: VictiHunter|Dragalge, F|282\/334
|move|p2a: Gliscor|Earthquake|p1a: VictiHunter
|-supereffective|p1a: VictiHunter
|-damage|p1a: VictiHunter|34\/334
|
|-heal|p2a: Gliscor|334\/354 tox|[from] ability: Poison Heal
|turn|29
|
|switch|p2a: Heatran|Heatran, F|193\/386
|switch|p1a: Fan de pkmn|Charizard-Mega-Y, M, shiny|298\/298 slp
|-weather|SunnyDay
|
|-weather|SunnyDay|[upkeep]
|turn|30
|
|cant|p1a: Fan de pkmn|slp
|move|p2a: Heatran|Stealth Rock|p1a: Fan de pkmn
|-sidestart|p1: RS Bamafive|move: Stealth Rock
|
|-weather|SunnyDay|[upkeep]
|turn|31
|
|cant|p1a: Fan de pkmn|slp
|move|p2a: Heatran|Roar|p1a: Fan de pkmn
|drag|p1a: Team Lapo|Mew, shiny|263\/404
|-damage|p1a: Team Lapo|213\/404|[from] Stealth Rock
|
|-weather|SunnyDay|[upkeep]
|-heal|p1a: Team Lapo|238\/404|[from] item: Leftovers
|turn|32
|
|switch|p2a: Salamence|Salamence, F|299\/332
|-ability|p2a: Salamence|Intimidate|[of] p1a: Team Lapo
|-unboost|p1a: Team Lapo|atk|1
|move|p1a: Team Lapo|Defog|p2a: Salamence
|-unboost|p2a: Salamence|evasion|1
|-sideend|p1: RS Bamafive|Stealth Rock|[from] move: Defog|[of] p1a: Team Lapo
|
|-weather|SunnyDay|[upkeep]
|-heal|p1a: Team Lapo|263\/404|[from] item: Leftovers
|turn|33
|
|move|p2a: Salamence|Crunch|p1a: Team Lapo
|-supereffective|p1a: Team Lapo
|-damage|p1a: Team Lapo|3\/404
|-damage|p2a: Salamence|266\/332|[from] item: Life Orb
|move|p1a: Team Lapo|Will-O-Wisp|p2a: Salamence
|-status|p2a: Salamence|brn
|
|-weather|none
|-heal|p1a: Team Lapo|28\/404|[from] item: Leftovers
|-damage|p2a: Salamence|225\/332 brn|[from] brn
|turn|34
|
|switch|p1a: Lapinou|Keldeo-Resolute|243\/323 tox
|move|p2a: Salamence|Crunch|p1a: Lapinou
|-resisted|p1a: Lapinou
|-damage|p1a: Lapinou|205\/323 tox
|-boost|p1a: Lapinou|atk|1|[from] ability: Justified
|-damage|p2a: Salamence|192\/332 brn|[from] item: Life Orb
|
|-damage|p1a: Lapinou|185\/323 tox|[from] psn
|-damage|p2a: Salamence|151\/332 brn|[from] brn
|turn|35
|
|switch|p2a: Heatran|Heatran, F|193\/386
|move|p1a: Lapinou|Secret Sword|p2a: Heatran
|-supereffective|p2a: Heatran
|-damage|p2a: Heatran|0 fnt
|faint|p2a: Heatran
|
|-damage|p1a: Lapinou|145\/323 tox|[from] psn
|
|switch|p2a: Manectric|Manectric-Mega, F|282\/282
|-ability|p2a: Manectric|Intimidate|[of] p1a: Lapinou
|-unboost|p1a: Lapinou|atk|1
|turn|36
|join|Manslip
|
|switch|p1a: Dark_killer79|Garchomp, F|218\/357
|move|p2a: Manectric|Thunderbolt|p1a: Dark_killer79
|-immune|p1a: Dark_killer79|[msg]
|
|turn|37
|
|switch|p2a: Gliscor|Gliscor, F|334\/354 tox
|move|p1a: Dark_killer79|Dragon Claw|p2a: Gliscor
|-damage|p2a: Gliscor|240\/354 tox
|
|-heal|p2a: Gliscor|284\/354 tox|[from] ability: Poison Heal
|turn|38
|
|switch|p1a: Fan de pkmn|Charizard-Mega-Y, M, shiny|298\/298 slp
|-weather|SunnyDay
|move|p2a: Gliscor|Earthquake|p1a: Fan de pkmn
|-immune|p1a: Fan de pkmn|[msg]
|
|-weather|SunnyDay|[upkeep]
|-heal|p2a: Gliscor|328\/354 tox|[from] ability: Poison Heal
|turn|39
|
|switch|p2a: Salamence|Salamence, F|151\/332 brn
|-ability|p2a: Salamence|Intimidate|[of] p1a: Fan de pkmn
|-unboost|p1a: Fan de pkmn|atk|1
|-curestatus|p1a: Fan de pkmn|slp
|move|p1a: Fan de pkmn|Flamethrower|p2a: Salamence
|-resisted|p2a: Salamence
|-damage|p2a: Salamence|0 fnt
|faint|p2a: Salamence
|
|-weather|SunnyDay|[upkeep]
|
|switch|p2a: Manectric|Manectric-Mega, F|282\/282
|-ability|p2a: Manectric|Intimidate|[of] p1a: Fan de pkmn
|-unboost|p1a: Fan de pkmn|atk|1
|turn|40
|
|switch|p1a: Dark_killer79|Garchomp, F|218\/357
|move|p2a: Manectric|Thunderbolt|p1a: Dark_killer79
|-immune|p1a: Dark_killer79|[msg]
|
|-weather|SunnyDay|[upkeep]
|turn|41
|
|switch|p2a: Gliscor|Gliscor, F|328\/354 tox
|move|p1a: Dark_killer79|Stone Edge|p2a: Gliscor
|-damage|p2a: Gliscor|240\/354 tox
|
|-weather|SunnyDay|[upkeep]
|-heal|p2a: Gliscor|284\/354 tox|[from] ability: Poison Heal
|turn|42
|
|switch|p1a: Lapinou|Keldeo-Resolute|145\/323 tox
|move|p2a: Gliscor|Toxic|p1a: Lapinou
|-fail|p1a: Lapinou|tox
|
|-weather|none
|-damage|p1a: Lapinou|125\/323 tox|[from] psn
|-heal|p2a: Gliscor|328\/354 tox|[from] ability: Poison Heal
|turn|43
|
|move|p1a: Lapinou|Hydro Pump|p2a: Gliscor
|-supereffective|p2a: Gliscor
|-damage|p2a: Gliscor|0 fnt
|faint|p2a: Gliscor
|
|-damage|p1a: Lapinou|85\/323 tox|[from] psn
|
|switch|p2a: Manectric|Manectric-Mega, F|282\/282
|-ability|p2a: Manectric|Intimidate|[of] p1a: Lapinou
|-unboost|p1a: Lapinou|atk|1
|turn|44
|
|switch|p1a: Dark_killer79|Garchomp, F|218\/357
|move|p2a: Manectric|Flamethrower|p1a: Dark_killer79
|-resisted|p1a: Dark_killer79
|-damage|p1a: Dark_killer79|142\/357
|
|turn|45
|
|move|p1a: Dark_killer79|Earthquake|p2a: Manectric
|-supereffective|p2a: Manectric
|-damage|p2a: Manectric|0 fnt
|faint|p2a: Manectric
|
|win|RS Bamafive
|raw|Ladder updating...
|raw|RS Bamafive's rating: 1236 &rarr; <strong>1264<\/strong><br \/>(+28 for winning)
|raw|RestePaisible's rating: 1275 &rarr; <strong>1247<\/strong><br \/>(-28 for losing)
|chat|RS Bamafive|gg
|leave|RestePaisible
|player|p2
|leave|Manslip
|leave|RS Bamafive
|player|p1
|join|Manslip