|join|RestePaisible
|join|EdJarAbu
|player|p1|RestePaisible|23
|player|p2|EdJarAbu|2
|gametype|singles
|gen|6
|tier|OU
|rated
|clearpoke
|poke|p1|Chansey, F
|poke|p1|Mew
|poke|p1|Alomomola, M
|poke|p1|Gardevoir, M
|poke|p1|Landorus-Therian, M
|poke|p1|Clefable, M
|poke|p2|Scolipede, F
|poke|p2|Clefable, F
|poke|p2|Landorus-Therian, M
|poke|p2|Rotom-Wash
|poke|p2|Gyarados, F
|poke|p2|Pinsir, F
|rule|Swagger Clause: Swagger is banned
|rule|Baton Pass Clause: Limit one PokÃ©mon knowing Baton Pass
|rule|Sleep Clause Mod: Limit one foe put to sleep
|rule|Species Clause: Limit one of each PokÃ©mon
|rule|OHKO Clause: OHKO moves are banned
|rule|Moody Clause: Moody is banned
|rule|Evasion Moves Clause: Evasion moves are banned
|rule|Endless Battle Clause: Forcing endless battles is banned
|rule|HP Percentage Mod: HP is shown in percentages
|teampreview
|
|start
|switch|p1a: Mew|Mew|404\/404
|switch|p2a: Landorus-Therian|Landorus-Therian, M|320\/320
|-ability|p2a: Landorus-Therian|Intimidate|[of] p1a: Mew
|-unboost|p1a: Mew|atk|1
|turn|1
|c|âEdJarAbu|so much pink...
|
|move|p2a: Landorus-Therian|Knock Off|p1a: Mew
|-supereffective|p1a: Mew
|-damage|p1a: Mew|128\/404
|-enditem|p1a: Mew|Leftovers|[from] move: Knock Off|[of] p2a: Landorus-Therian
|move|p1a: Mew|Will-O-Wisp|p2a: Landorus-Therian
|-status|p2a: Landorus-Therian|brn
|
|-damage|p2a: Landorus-Therian|280\/320 brn|[from] brn
|turn|2
|
|switch|p2a: Pinsir|Pinsir, F|271\/271
|move|p1a: Mew|Roost|p1a: Mew
|-heal|p1a: Mew|330\/404
|
|turn|3
|
|detailschange|p2a: Pinsir|Pinsir-Mega, F
|message|Pinsir has Mega Evolved into Mega Pinsir!
|move|p2a: Pinsir|Swords Dance|p2a: Pinsir
|-boost|p2a: Pinsir|atk|2
|move|p1a: Mew|Will-O-Wisp|p2a: Pinsir
|-status|p2a: Pinsir|brn
|
|-damage|p2a: Pinsir|238\/271 brn|[from] brn
|turn|4
|
|move|p2a: Pinsir|Swords Dance|p2a: Pinsir
|-boost|p2a: Pinsir|atk|2
|move|p1a: Mew|Taunt|p2a: Pinsir
|-start|p2a: Pinsir|move: Taunt
|
|-damage|p2a: Pinsir|205\/271 brn|[from] brn
|turn|5
|
|switch|p1a: Alomomola|Alomomola, M|534\/534
|move|p2a: Pinsir|Return|p1a: Alomomola
|-damage|p1a: Alomomola|224\/534
|-damage|p2a: Pinsir|160\/271 brn|[from] item: Rocky Helmet|[of] p1a: Alomomola
|
|-damage|p2a: Pinsir|127\/271 brn|[from] brn
|turn|6
|
|move|p1a: Alomomola|Protect|p1a: Alomomola
|-singleturn|p1a: Alomomola|Protect
|move|p2a: Pinsir|Return|p1a: Alomomola
|-activate|p1a: Alomomola|Protect
|
|-damage|p2a: Pinsir|94\/271 brn|[from] brn
|turn|7
|
|switch|p1a: Landorus-Therian|Landorus-Therian, M|320\/320
|-ability|p1a: Landorus-Therian|Intimidate|[of] p2a: Pinsir
|-unboost|p2a: Pinsir|atk|1
|move|p2a: Pinsir|Return|p1a: Landorus-Therian
|-damage|p1a: Landorus-Therian|0 fnt
|faint|p1a: Landorus-Therian
|
|-damage|p2a: Pinsir|61\/271 brn|[from] brn
|-end|p2a: Pinsir|move: Taunt
|
|switch|p1a: Alomomola|Alomomola, M|402\/534
|turn|8
|
|move|p2a: Pinsir|Feint|p1a: Alomomola
|-damage|p1a: Alomomola|317\/534
|move|p1a: Alomomola|Wish|p1a: Alomomola
|
|-damage|p2a: Pinsir|28\/271 brn|[from] brn
|turn|9
|
|move|p1a: Alomomola|Protect|p1a: Alomomola
|-singleturn|p1a: Alomomola|Protect
|move|p2a: Pinsir|Feint|p1a: Alomomola
|-damage|p1a: Alomomola|224\/534
|
|-heal|p1a: Alomomola|491\/534|[from] move: Wish|[wisher] Alomomola
|-damage|p2a: Pinsir|0 fnt|[from] brn
|faint|p2a: Pinsir
|
|switch|p2a: Scolipede|Scolipede, F|324\/324
|turn|10
|
|move|p2a: Scolipede|Iron Defense|p2a: Scolipede
|-boost|p2a: Scolipede|def|2
|move|p1a: Alomomola|Toxic|p2a: Scolipede
|-fail|p2a: Scolipede
|
|-boost|p2a: Scolipede|spe|1|[from] ability: Speed Boost
|turn|11
|
|switch|p1a: Mew|Mew|330\/404
|move|p2a: Scolipede|Iron Defense|p2a: Scolipede
|-boost|p2a: Scolipede|def|2
|
|-boost|p2a: Scolipede|spe|1|[from] ability: Speed Boost
|turn|12
|
|move|p2a: Scolipede|Protect|p2a: Scolipede
|-singleturn|p2a: Scolipede|Protect
|move|p1a: Mew|Taunt|p2a: Scolipede
|-activate|p2a: Scolipede|Protect
|
|-boost|p2a: Scolipede|spe|1|[from] ability: Speed Boost
|turn|13
|
|move|p2a: Scolipede|Baton Pass|p2a: Scolipede
|
|switch|p2a: Clefable|Clefable, F|394\/394
|move|p1a: Mew|Taunt|p2a: Clefable
|-start|p2a: Clefable|move: Taunt
|
|turn|14
|
|switch|p1a: Gardevoir|Gardevoir, M|278\/278
|-ability|p1a: Gardevoir|Magic Guard|[from] ability: Trace|[of] p2a: Clefable
|move|p2a: Clefable|Moonblast|p1a: Gardevoir
|-crit|p1a: Gardevoir
|-damage|p1a: Gardevoir|128\/278
|
|turn|15
|
|detailschange|p1a: Gardevoir|Gardevoir-Mega, M
|message|Gardevoir has Mega Evolved into Mega Gardevoir!
|move|p2a: Clefable|Moonblast|p1a: Gardevoir
|-damage|p1a: Gardevoir|52\/278
|move|p1a: Gardevoir|Hyper Voice|p2a: Clefable
|-damage|p2a: Clefable|204\/394
|
|-heal|p2a: Clefable|228\/394|[from] item: Leftovers
|turn|16
|
|move|p2a: Clefable|Moonblast|p1a: Gardevoir
|-damage|p1a: Gardevoir|0 fnt
|faint|p1a: Gardevoir
|
|-heal|p2a: Clefable|252\/394|[from] item: Leftovers
|-end|p2a: Clefable|move: Taunt
|
|switch|p1a: Chansey|Chansey, F|704\/704
|turn|17
|
|move|p2a: Clefable|Calm Mind|p2a: Clefable
|-boost|p2a: Clefable|spa|1
|-boost|p2a: Clefable|spd|1
|move|p1a: Chansey|Seismic Toss|p2a: Clefable
|-damage|p2a: Clefable|152\/394
|
|-heal|p2a: Clefable|176\/394|[from] item: Leftovers
|turn|18
|
|move|p2a: Clefable|Calm Mind|p2a: Clefable
|-boost|p2a: Clefable|spa|1
|-boost|p2a: Clefable|spd|1
|move|p1a: Chansey|Thunder Wave|p2a: Clefable
|-status|p2a: Clefable|par
|
|-heal|p2a: Clefable|200\/394 par|[from] item: Leftovers
|turn|19
|
|move|p1a: Chansey|Seismic Toss|p2a: Clefable
|-damage|p2a: Clefable|100\/394 par
|cant|p2a: Clefable|par
|
|-heal|p2a: Clefable|124\/394 par|[from] item: Leftovers
|turn|20
|
|switch|p1a: Clefable|Clefable, M|394\/394
|cant|p2a: Clefable|par
|
|-heal|p2a: Clefable|148\/394 par|[from] item: Leftovers
|turn|21
|
|move|p1a: Clefable|Calm Mind|p1a: Clefable
|-boost|p1a: Clefable|spa|1
|-boost|p1a: Clefable|spd|1
|move|p2a: Clefable|Soft-Boiled|p2a: Clefable
|-heal|p2a: Clefable|345\/394 par
|
|-heal|p2a: Clefable|369\/394 par|[from] item: Leftovers
|turn|22
|
|move|p1a: Clefable|Calm Mind|p1a: Clefable
|-boost|p1a: Clefable|spa|1
|-boost|p1a: Clefable|spd|1
|cant|p2a: Clefable|par
|
|-heal|p2a: Clefable|393\/394 par|[from] item: Leftovers
|turn|23
|
|move|p1a: Clefable|Calm Mind|p1a: Clefable
|-boost|p1a: Clefable|spa|1
|-boost|p1a: Clefable|spd|1
|move|p2a: Clefable|Stored Power|p1a: Clefable
|-damage|p1a: Clefable|241\/394
|
|-heal|p1a: Clefable|265\/394|[from] item: Leftovers
|-heal|p2a: Clefable|394\/394 par|[from] item: Leftovers
|turn|24
|
|move|p1a: Clefable|Calm Mind|p1a: Clefable
|-boost|p1a: Clefable|spa|1
|-boost|p1a: Clefable|spd|1
|move|p2a: Clefable|Calm Mind|p2a: Clefable
|-boost|p2a: Clefable|spa|1
|-boost|p2a: Clefable|spd|1
|
|-heal|p1a: Clefable|289\/394|[from] item: Leftovers
|turn|25
|
|move|p1a: Clefable|Calm Mind|p1a: Clefable
|-boost|p1a: Clefable|spa|1
|-boost|p1a: Clefable|spd|1
|move|p2a: Clefable|Calm Mind|p2a: Clefable
|-boost|p2a: Clefable|spa|1
|-boost|p2a: Clefable|spd|1
|
|-heal|p1a: Clefable|313\/394|[from] item: Leftovers
|turn|26
|
|move|p1a: Clefable|Calm Mind|p1a: Clefable
|-boost|p1a: Clefable|spa|1
|-boost|p1a: Clefable|spd|1
|move|p2a: Clefable|Calm Mind|p2a: Clefable
|-boost|p2a: Clefable|spa|1
|-boost|p2a: Clefable|spd|1
|
|-heal|p1a: Clefable|337\/394|[from] item: Leftovers
|turn|27
|
|move|p1a: Clefable|Moonblast|p2a: Clefable
|-damage|p2a: Clefable|298\/394 par
|move|p2a: Clefable|Stored Power|p1a: Clefable
|-damage|p1a: Clefable|75\/394
|
|-heal|p1a: Clefable|99\/394|[from] item: Leftovers
|-heal|p2a: Clefable|322\/394 par|[from] item: Leftovers
|turn|28
|-message|RestePaisible forfeited.
|
|win|EdJarAbu
|raw|Ladder updating...
|leave|RestePaisible
|player|p1
|raw|RestePaisible's rating: 1647 &rarr; <strong>1626<\/strong><br \/>(-21 for losing)
|raw|EdJarAbu's rating: 1629 &rarr; <strong>1650<\/strong><br \/>(+21 for winning)