|join|RestePaisible
|join|Mounts
|player|p1|RestePaisible|23
|player|p2|Mounts|101
|gametype|singles
|gen|6
|tier|OU
|rated
|clearpoke
|poke|p1|Raikou
|poke|p1|Landorus-Therian, M
|poke|p1|Venusaur, F
|poke|p1|Registeel
|poke|p1|Gliscor, F
|poke|p1|Gengar, M
|poke|p2|Bibarel, F
|poke|p2|Cinccino, F
|poke|p2|Tauros, M
|poke|p2|Furfrou, F
|poke|p2|Diggersby, M
|poke|p2|Miltank, F
|rule|Swagger Clause: Swagger is banned
|rule|Baton Pass Clause: Limit one PokÃ©mon knowing Baton Pass
|rule|Sleep Clause Mod: Limit one foe put to sleep
|rule|Species Clause: Limit one of each PokÃ©mon
|rule|OHKO Clause: OHKO moves are banned
|rule|Moody Clause: Moody is banned
|rule|Evasion Moves Clause: Evasion moves are banned
|rule|Endless Battle Clause: Forcing endless battles is banned
|rule|HP Percentage Mod: HP is shown in percentages
|teampreview
|c|âRestePaisible|wow
|
|start
|switch|p1a: Landorus-Therian|Landorus-Therian, M|320\/320
|switch|p2a: Miltank|Miltank, F|394\/394
|-ability|p1a: Landorus-Therian|Intimidate|[of] p2a: Miltank
|-unboost|p2a: Miltank|atk|1
|turn|1
|
|move|p1a: Landorus-Therian|U-turn|p2a: Miltank
|-damage|p2a: Miltank|309\/394
|
|switch|p1a: Registeel|Registeel|364\/364
|move|p2a: Miltank|Stealth Rock|p1a: Registeel
|-sidestart|p1: RestePaisible|move: Stealth Rock
|
|-heal|p2a: Miltank|333\/394|[from] item: Leftovers
|turn|2
|
|switch|p2a: Bibarel|Bibarel, F|362\/362
|move|p1a: Registeel|Stealth Rock|p2a: Bibarel
|-sidestart|p2: Mounts|move: Stealth Rock
|
|turn|3
|
|move|p2a: Bibarel|Curse|p2a: Bibarel
|-boost|p2a: Bibarel|atk|2
|-boost|p2a: Bibarel|def|2
|-unboost|p2a: Bibarel|spe|2
|move|p1a: Registeel|Toxic|p2a: Bibarel
|-status|p2a: Bibarel|tox
|
|-damage|p2a: Bibarel|340\/362 tox|[from] psn
|turn|4
|
|move|p1a: Registeel|Seismic Toss|p2a: Bibarel
|-damage|p2a: Bibarel|240\/362 tox
|move|p2a: Bibarel|Curse|p2a: Bibarel
|-boost|p2a: Bibarel|atk|2
|-boost|p2a: Bibarel|def|2
|-unboost|p2a: Bibarel|spe|2
|
|-heal|p2a: Bibarel|262\/362 tox|[from] item: Leftovers
|-damage|p2a: Bibarel|218\/362 tox|[from] psn
|turn|5
|
|move|p1a: Registeel|Seismic Toss|p2a: Bibarel
|-damage|p2a: Bibarel|118\/362 tox
|move|p2a: Bibarel|Waterfall|p1a: Registeel
|-crit|p1a: Registeel
|-damage|p1a: Registeel|7\/364
|
|-heal|p1a: Registeel|29\/364|[from] item: Leftovers
|-heal|p2a: Bibarel|140\/362 tox|[from] item: Leftovers
|-damage|p2a: Bibarel|74\/362 tox|[from] psn
|turn|6
|
|move|p2a: Bibarel|Quick Attack|p1a: Registeel
|-crit|p1a: Registeel
|-resisted|p1a: Registeel
|-damage|p1a: Registeel|0 fnt
|faint|p1a: Registeel
|
|-heal|p2a: Bibarel|96\/362 tox|[from] item: Leftovers
|-damage|p2a: Bibarel|8\/362 tox|[from] psn
|
|switch|p1a: Gengar|Gengar, M|262\/262
|-damage|p1a: Gengar|230\/262|[from] Stealth Rock
|turn|7
|
|move|p1a: Gengar|Sludge Bomb|p2a: Bibarel
|-damage|p2a: Bibarel|0 fnt
|faint|p2a: Bibarel
|
|-heal|p1a: Gengar|246\/262|[from] item: Black Sludge
|
|switch|p2a: Cinccino|Cinccino, F|291\/291
|-damage|p2a: Cinccino|255\/291|[from] Stealth Rock
|turn|8
|
|switch|p1a: Gliscor|Gliscor, F|354\/354
|-damage|p1a: Gliscor|310\/354|[from] Stealth Rock
|move|p2a: Cinccino|Rock Blast|p1a: Gliscor
|-damage|p1a: Gliscor|288\/354
|-damage|p1a: Gliscor|264\/354
|-damage|p1a: Gliscor|239\/354
|-damage|p1a: Gliscor|216\/354
|-damage|p1a: Gliscor|192\/354
|-hitcount|p1a: Gliscor|5
|
|-status|p1a: Gliscor|tox|[from] item: Toxic Orb
|turn|9
|
|switch|p2a: Tauros|Tauros, M|292\/292
|-damage|p2a: Tauros|256\/292|[from] Stealth Rock
|move|p1a: Gliscor|Roost|p1a: Gliscor
|-heal|p1a: Gliscor|354\/354 tox
|
|turn|10
|
|move|p2a: Tauros|Rock Climb|p1a: Gliscor
|-damage|p1a: Gliscor|220\/354 tox
|move|p1a: Gliscor|Earthquake|p2a: Tauros
|-damage|p2a: Tauros|138\/292
|
|-heal|p1a: Gliscor|264\/354 tox|[from] ability: Poison Heal
|turn|11
|
|move|p2a: Tauros|Rock Climb|p1a: Gliscor
|-damage|p1a: Gliscor|120\/354 tox
|move|p1a: Gliscor|Earthquake|p2a: Tauros
|-damage|p2a: Tauros|29\/292
|
|-heal|p1a: Gliscor|164\/354 tox|[from] ability: Poison Heal
|turn|12
|
|move|p2a: Tauros|Rock Climb|p1a: Gliscor|[miss]
|-miss|p2a: Tauros|p1a: Gliscor
|move|p1a: Gliscor|Roost|p1a: Gliscor
|-heal|p1a: Gliscor|341\/354 tox
|
|-heal|p1a: Gliscor|354\/354 tox|[from] ability: Poison Heal
|turn|13
|
|move|p2a: Tauros|Rock Climb|p1a: Gliscor
|-damage|p1a: Gliscor|202\/354 tox
|move|p1a: Gliscor|Earthquake|p2a: Tauros
|-damage|p2a: Tauros|0 fnt
|faint|p2a: Tauros
|
|-heal|p1a: Gliscor|246\/354 tox|[from] ability: Poison Heal
|
|switch|p2a: Cinccino|Cinccino, F|255\/291
|-damage|p2a: Cinccino|219\/291|[from] Stealth Rock
|turn|14
|
|move|p2a: Cinccino|Tail Slap|p1a: Gliscor
|-damage|p1a: Gliscor|207\/354 tox
|-damage|p1a: Gliscor|173\/354 tox
|-crit|p1a: Gliscor
|-damage|p1a: Gliscor|124\/354 tox
|-damage|p1a: Gliscor|85\/354 tox
|-damage|p1a: Gliscor|52\/354 tox
|-hitcount|p1a: Gliscor|5
|move|p1a: Gliscor|Earthquake|p2a: Cinccino
|-damage|p2a: Cinccino|57\/291
|
|-heal|p1a: Gliscor|96\/354 tox|[from] ability: Poison Heal
|turn|15
|
|switch|p1a: Landorus-Therian|Landorus-Therian, M|320\/320
|-damage|p1a: Landorus-Therian|280\/320|[from] Stealth Rock
|-ability|p1a: Landorus-Therian|Intimidate|[of] p2a: Cinccino
|-unboost|p2a: Cinccino|atk|1
|move|p2a: Cinccino|Tail Slap|p1a: Landorus-Therian
|-damage|p1a: Landorus-Therian|243\/320
|-damage|p1a: Landorus-Therian|200\/320
|-damage|p1a: Landorus-Therian|157\/320
|-damage|p1a: Landorus-Therian|114\/320
|-damage|p1a: Landorus-Therian|75\/320
|-hitcount|p1a: Landorus-Therian|5
|
|turn|16
|
|switch|p2a: Furfrou|Furfrou, F|354\/354
|-damage|p2a: Furfrou|310\/354|[from] Stealth Rock
|move|p1a: Landorus-Therian|U-turn|p2a: Furfrou
|-damage|p2a: Furfrou|268\/354
|
|switch|p1a: Raikou|Raikou|322\/322
|-damage|p1a: Raikou|282\/322|[from] Stealth Rock
|-ability|p1a: Raikou|Pressure
|
|-heal|p2a: Furfrou|290\/354|[from] item: Leftovers
|turn|17
|
|move|p1a: Raikou|Thunderbolt|p2a: Furfrou
|-damage|p2a: Furfrou|119\/354
|move|p2a: Furfrou|Return|p1a: Raikou
|-damage|p1a: Raikou|164\/322
|
|-heal|p2a: Furfrou|141\/354|[from] item: Leftovers
|turn|18
|
|switch|p2a: Diggersby|Diggersby, M|311\/311
|-damage|p2a: Diggersby|292\/311|[from] Stealth Rock
|move|p1a: Raikou|Thunderbolt|p2a: Diggersby
|-immune|p2a: Diggersby|[msg]
|
|turn|19
|
|switch|p1a: Gengar|Gengar, M|246\/262
|-damage|p1a: Gengar|214\/262|[from] Stealth Rock
|move|p2a: Diggersby|Rock Slide|p1a: Gengar
|-damage|p1a: Gengar|42\/262
|
|-heal|p1a: Gengar|58\/262|[from] item: Black Sludge
|turn|20
|
|move|p2a: Diggersby|Rock Slide|p1a: Gengar
|-damage|p1a: Gengar|0 fnt
|faint|p1a: Gengar
|
|
|switch|p1a: Venusaur|Venusaur, F|364\/364
|-damage|p1a: Venusaur|319\/364|[from] Stealth Rock
|turn|21
|
|switch|p2a: Miltank|Miltank, F|333\/394
|-damage|p2a: Miltank|284\/394|[from] Stealth Rock
|detailschange|p1a: Venusaur|Venusaur-Mega, F
|message|Venusaur has Mega Evolved into Mega Venusaur!
|move|p1a: Venusaur|Giga Drain|p2a: Miltank
|-damage|p2a: Miltank|166\/394
|-heal|p1a: Venusaur|364\/364|[from] drain|[of] p2a: Miltank
|
|-heal|p2a: Miltank|190\/394|[from] item: Leftovers
|turn|22
|
|switch|p1a: Gliscor|Gliscor, F|96\/354 tox
|-damage|p1a: Gliscor|52\/354 tox|[from] Stealth Rock
|move|p2a: Miltank|Body Slam|p1a: Gliscor
|-crit|p1a: Gliscor
|-damage|p1a: Gliscor|0 fnt
|faint|p1a: Gliscor
|
|-heal|p2a: Miltank|214\/394|[from] item: Leftovers
|c|âMounts|faut rester paisible en toutes circonstances
|
|switch|p1a: Raikou|Raikou|164\/322
|-damage|p1a: Raikou|124\/322|[from] Stealth Rock
|-ability|p1a: Raikou|Pressure
|turn|23
|c|âRestePaisible|toujours, toujours
|
|move|p1a: Raikou|Thunderbolt|p2a: Miltank
|-damage|p2a: Miltank|90\/394
|move|p2a: Miltank|Milk Drink|p2a: Miltank
|-heal|p2a: Miltank|287\/394
|
|-heal|p2a: Miltank|311\/394|[from] item: Leftovers
|turn|24
|c|âMounts|j'aime cet Ã©tat d'esprit
|
|move|p1a: Raikou|Volt Switch|p2a: Miltank
|-damage|p2a: Miltank|214\/394
|
|switch|p1a: Venusaur|Venusaur-Mega, F|364\/364
|-damage|p1a: Venusaur|319\/364|[from] Stealth Rock
|move|p2a: Miltank|Body Slam|p1a: Venusaur
|-damage|p1a: Venusaur|249\/364
|
|-heal|p2a: Miltank|238\/394|[from] item: Leftovers
|turn|25
|
|move|p2a: Miltank|Milk Drink|p2a: Miltank
|-heal|p2a: Miltank|394\/394
|move|p1a: Venusaur|Giga Drain|p2a: Miltank
|-damage|p2a: Miltank|267\/394
|-heal|p1a: Venusaur|313\/364|[from] drain|[of] p2a: Miltank
|
|-heal|p2a: Miltank|291\/394|[from] item: Leftovers
|turn|26
|c|âRestePaisible|ta team est completement stylÃ©
|c|âMounts|mononormal
|
|move|p2a: Miltank|Body Slam|p1a: Venusaur
|-damage|p1a: Venusaur|247\/364
|move|p1a: Venusaur|Sludge Bomb|p2a: Miltank
|-damage|p2a: Miltank|149\/394
|-status|p2a: Miltank|psn
|
|-heal|p2a: Miltank|173\/394 psn|[from] item: Leftovers
|-damage|p2a: Miltank|124\/394 psn|[from] psn
|turn|27
|c|âMounts|c'est l'avenir
|
|move|p2a: Miltank|Milk Drink|p2a: Miltank
|-heal|p2a: Miltank|321\/394 psn
|move|p1a: Venusaur|Giga Drain|p2a: Miltank
|-damage|p2a: Miltank|191\/394 psn
|-heal|p1a: Venusaur|312\/364|[from] drain|[of] p2a: Miltank
|
|-heal|p2a: Miltank|215\/394 psn|[from] item: Leftovers
|-damage|p2a: Miltank|166\/394 psn|[from] psn
|turn|28
|
|move|p2a: Miltank|Heal Bell|p2a: Miltank
|-cureteam|p2a: Miltank|[from] move: HealBell
|move|p1a: Venusaur|Sludge Bomb|p2a: Miltank
|-damage|p2a: Miltank|18\/394
|-status|p2a: Miltank|psn
|
|-heal|p2a: Miltank|42\/394 psn|[from] item: Leftovers
|-damage|p2a: Miltank|0 fnt|[from] psn
|faint|p2a: Miltank
|c|âRestePaisible|ah scuse
|
|switch|p2a: Furfrou|Furfrou, F|141\/354
|-damage|p2a: Furfrou|97\/354|[from] Stealth Rock
|turn|29
|
|switch|p1a: Raikou|Raikou|124\/322
|-damage|p1a: Raikou|84\/322|[from] Stealth Rock
|-ability|p1a: Raikou|Pressure
|move|p2a: Furfrou|Rest|p2a: Furfrou
|-status|p2a: Furfrou|slp
|-heal|p2a: Furfrou|354\/354 slp|[silent]
|-status|p2a: Furfrou|slp|[from] move: Rest
|
|turn|30
|
|move|p1a: Raikou|Thunderbolt|p2a: Furfrou
|-damage|p2a: Furfrou|204\/354 slp
|cant|p2a: Furfrou|slp
|move|p2a: Furfrou|Sleep Talk|p2a: Furfrou
|move|p2a: Furfrou|Thunder Wave|p1a: Raikou|[from]Sleep Talk
|-fail|p1a: Raikou
|
|-heal|p2a: Furfrou|226\/354 slp|[from] item: Leftovers
|turn|31
|
|move|p1a: Raikou|Thunderbolt|p2a: Furfrou
|-damage|p2a: Furfrou|66\/354 slp
|cant|p2a: Furfrou|slp
|move|p2a: Furfrou|Sleep Talk|p2a: Furfrou
|move|p2a: Furfrou|Return|p1a: Raikou|[from]Sleep Talk
|-damage|p1a: Raikou|0 fnt
|faint|p1a: Raikou
|
|-heal|p2a: Furfrou|88\/354 slp|[from] item: Leftovers
|
|switch|p1a: Landorus-Therian|Landorus-Therian, M|75\/320
|-damage|p1a: Landorus-Therian|35\/320|[from] Stealth Rock
|-ability|p1a: Landorus-Therian|Intimidate|[of] p2a: Furfrou
|-unboost|p2a: Furfrou|atk|1
|turn|32
|
|move|p1a: Landorus-Therian|Earthquake|p2a: Furfrou
|-damage|p2a: Furfrou|0 fnt
|faint|p2a: Furfrou
|
|
|switch|p2a: Diggersby|Diggersby, M|292\/311
|-damage|p2a: Diggersby|273\/311|[from] Stealth Rock
|turn|33
|
|move|p1a: Landorus-Therian|Earthquake|p2a: Diggersby
|-damage|p2a: Diggersby|35\/311
|move|p2a: Diggersby|Return|p1a: Landorus-Therian
|-damage|p1a: Landorus-Therian|0 fnt
|faint|p1a: Landorus-Therian
|
|
|switch|p1a: Venusaur|Venusaur-Mega, F|312\/364
|-damage|p1a: Venusaur|267\/364|[from] Stealth Rock
|turn|34
|
|move|p2a: Diggersby|Return|p1a: Venusaur
|-damage|p1a: Venusaur|90\/364
|move|p1a: Venusaur|Synthesis|p1a: Venusaur
|-heal|p1a: Venusaur|272\/364
|
|turn|35
|c|âRestePaisible|t'as gagnÃ© en plus
|
|move|p2a: Diggersby|Return|p1a: Venusaur
|-damage|p1a: Venusaur|83\/364
|move|p1a: Venusaur|Synthesis|p1a: Venusaur
|-heal|p1a: Venusaur|265\/364
|
|turn|36
|c|âMounts|pas encore, mais sÃ©rieux jouer des teams random c'est cool, si tu gagnes t'es content et si tu perds tu t'en tapes
|c|âMounts|:D
|
|move|p2a: Diggersby|Return|p1a: Venusaur
|-crit|p1a: Venusaur
|-damage|p1a: Venusaur|18\/364
|move|p1a: Venusaur|Giga Drain|p2a: Diggersby
|-supereffective|p2a: Diggersby
|-damage|p2a: Diggersby|0 fnt
|-heal|p1a: Venusaur|36\/364|[from] drain|[of] p2a: Diggersby
|faint|p2a: Diggersby
|
|
|switch|p2a: Cinccino|Cinccino, F|57\/291
|-damage|p2a: Cinccino|21\/291|[from] Stealth Rock
|turn|37
|c|âMounts|gg
|
|move|p2a: Cinccino|U-turn|p1a: Venusaur
|-damage|p1a: Venusaur|0 fnt
|faint|p1a: Venusaur
|
|win|Mounts
|raw|Ladder updating...
|raw|RestePaisible's rating: 1615 &rarr; <strong>1598<\/strong><br \/>(-17 for losing)
|raw|Mounts's rating: 1681 &rarr; <strong>1697<\/strong><br \/>(+16 for winning)
|leave|RestePaisible
|player|p1