|join|Elesto_3
|join|RestePaisible
|player|p1|Elesto_3|3
|player|p2|RestePaisible|248
|gametype|singles
|gen|6
|tier|OU
|rated
|clearpoke
|poke|p1|Charizard, M, shiny
|poke|p1|Manectric, F
|poke|p1|Milotic, F
|poke|p1|Mienshao, M
|poke|p1|Spiritomb, F
|poke|p1|Forretress, M
|poke|p2|Charizard, F
|poke|p2|Smeargle, F
|poke|p2|Milotic, M
|poke|p2|Metagross
|poke|p2|Togekiss, F
|poke|p2|Lucario, F
|rule|Swagger Clause: Swagger is banned
|rule|Baton Pass Clause: Limit one PokÃ©mon knowing Baton Pass
|rule|Sleep Clause Mod: Limit one foe put to sleep
|rule|Species Clause: Limit one of each PokÃ©mon
|rule|OHKO Clause: OHKO moves are banned
|rule|Moody Clause: Moody is banned
|rule|Evasion Moves Clause: Evasion moves are banned
|rule|Endless Battle Clause: Forcing endless battles is banned
|rule|HP Percentage Mod: HP is reported as percentages
|teampreview
|
|start
|switch|p1a: Forretress|Forretress, M|354\/354
|switch|p2a: Smeargle|Smeargle, F|251\/251
|turn|1
|
|move|p2a: Smeargle|Spore|p1a: Forretress
|-status|p1a: Forretress|slp
|cant|p1a: Forretress|slp
|
|turn|2
|
|move|p2a: Smeargle|Stealth Rock|p1a: Forretress
|-sidestart|p1: Elesto_3|move: Stealth Rock
|cant|p1a: Forretress|slp
|
|turn|3
|
|move|p2a: Smeargle|Sticky Web|p1a: Forretress
|-sidestart|p1: Elesto_3|move: Sticky Web
|cant|p1a: Forretress|slp
|
|turn|4
|
|move|p2a: Smeargle|U-turn|p1a: Forretress
|-resisted|p1a: Forretress
|-damage|p1a: Forretress|349\/354 slp
|
|switch|p2a: Charizard|Charizard, F|298\/298
|-curestatus|p1a: Forretress|slp
|move|p1a: Forretress|Stealth Rock|p2a: Charizard
|-sidestart|p2: RestePaisible|move: Stealth Rock
|
|-heal|p1a: Forretress|354\/354|[from] item: Leftovers
|turn|5
|
|detailschange|p2a: Charizard|Charizard-Mega-X, F
|message|Charizard has Mega Evolved into Mega Charizard!
|move|p2a: Charizard|Dragon Dance|p2a: Charizard
|-boost|p2a: Charizard|atk|1
|-boost|p2a: Charizard|spe|1
|move|p1a: Forretress|Rapid Spin|p2a: Charizard
|-damage|p2a: Charizard|283\/298
|-sideend|p1: Elesto_3|Stealth Rock|[from] move: Rapid Spin|[of] p1a: Forretress
|-sideend|p1: Elesto_3|Sticky Web|[from] move: Rapid Spin|[of] p1a: Forretress
|
|turn|6
|
|move|p2a: Charizard|Dragon Dance|p2a: Charizard
|-boost|p2a: Charizard|atk|1
|-boost|p2a: Charizard|spe|1
|move|p1a: Forretress|Toxic Spikes|p2a: Charizard
|-sidestart|p2: RestePaisible|move: Toxic Spikes
|
|turn|7
|
|switch|p1a: Manectric|Manectric, F|281\/281
|move|p2a: Charizard|Dragon Dance|p2a: Charizard
|-boost|p2a: Charizard|atk|1
|-boost|p2a: Charizard|spe|1
|
|turn|8
|
|move|p2a: Charizard|Flare Blitz|p1a: Manectric
|-damage|p1a: Manectric|0 fnt
|-damage|p2a: Charizard|190\/298|[from] recoil|[of] p1a: Manectric
|faint|p1a: Manectric
|
|
|switch|p1a: Milotic|Milotic, F|394\/394
|turn|9
|
|move|p2a: Charizard|Dragon Claw|p1a: Milotic
|-damage|p1a: Milotic|0 fnt
|faint|p1a: Milotic
|
|
|switch|p1a: Forretress|Forretress, M|354\/354
|turn|10
|
|move|p1a: Forretress|Protect|p1a: Forretress
|-singleturn|p1a: Forretress|Protect
|move|p2a: Charizard|Flare Blitz|p1a: Forretress
|-activate|p1a: Forretress|Protect
|
|turn|11
|
|move|p1a: Forretress|Protect|p1a: Forretress
|-fail|p1a: Forretress
|move|p2a: Charizard|Flare Blitz|p1a: Forretress
|-supereffective|p1a: Forretress
|-activate|p1a: Forretress|Sturdy
|-damage|p1a: Forretress|1\/354
|-damage|p2a: Charizard|74\/298|[from] recoil|[of] p1a: Forretress
|
|-heal|p1a: Forretress|23\/354|[from] item: Leftovers
|turn|12
|
|move|p1a: Forretress|Protect|p1a: Forretress
|-singleturn|p1a: Forretress|Protect
|move|p2a: Charizard|Roost|p2a: Charizard
|-heal|p2a: Charizard|223\/298
|
|-heal|p1a: Forretress|45\/354|[from] item: Leftovers
|turn|13
|
|move|p2a: Charizard|Dragon Claw|p1a: Forretress
|-resisted|p1a: Forretress
|-damage|p1a: Forretress|0 fnt
|faint|p1a: Forretress
|
|
|switch|p1a: Spiritomb|Spiritomb, F|304\/304
|turn|14
|
|move|p1a: Spiritomb|Shadow Sneak|p2a: Charizard
|-damage|p2a: Charizard|184\/298
|move|p2a: Charizard|Flare Blitz|p1a: Spiritomb
|-damage|p1a: Spiritomb|0 fnt
|-damage|p2a: Charizard|84\/298|[from] recoil|[of] p1a: Spiritomb
|faint|p1a: Spiritomb
|
|
|switch|p1a: Mienshao|Mienshao, M|272\/272
|turn|15
|
|move|p2a: Charizard|Roost|p2a: Charizard
|-heal|p2a: Charizard|233\/298
|move|p1a: Mienshao|Rock Slide|p2a: Charizard
|-supereffective|p2a: Charizard
|-damage|p2a: Charizard|0 fnt
|-damage|p1a: Mienshao|245\/272|[from] item: Life Orb
|faint|p2a: Charizard
|
|
|switch|p2a: Metagross|Metagross|364\/364
|-damage|p2a: Metagross|342\/364|[from] Stealth Rock
|turn|16
|
|move|p1a: Mienshao|Drain Punch|p2a: Metagross
|-damage|p2a: Metagross|209\/364
|-heal|p1a: Mienshao|272\/272|[from] drain|[of] p2a: Metagross
|-damage|p1a: Mienshao|245\/272|[from] item: Life Orb
|move|p2a: Metagross|Earthquake|p1a: Mienshao
|-damage|p1a: Mienshao|96\/272
|
|-heal|p2a: Metagross|231\/364|[from] item: Leftovers
|turn|17
|
|move|p1a: Mienshao|Drain Punch|p2a: Metagross
|-damage|p2a: Metagross|110\/364
|-heal|p1a: Mienshao|157\/272|[from] drain|[of] p2a: Metagross
|-damage|p1a: Mienshao|130\/272|[from] item: Life Orb
|move|p2a: Metagross|Ice Punch|p1a: Mienshao
|-damage|p1a: Mienshao|20\/272
|
|-heal|p2a: Metagross|132\/364|[from] item: Leftovers
|turn|18
|
|move|p1a: Mienshao|Drain Punch|p2a: Metagross
|-damage|p2a: Metagross|19\/364
|-heal|p1a: Mienshao|77\/272|[from] drain|[of] p2a: Metagross
|-damage|p1a: Mienshao|50\/272|[from] item: Life Orb
|move|p2a: Metagross|Rest|p2a: Metagross
|-status|p2a: Metagross|slp
|-heal|p2a: Metagross|364\/364 slp|[silent]
|-status|p2a: Metagross|slp|[from] move: Rest
|
|turn|19
|
|move|p1a: Mienshao|Rock Slide|p2a: Metagross
|-resisted|p2a: Metagross
|-damage|p2a: Metagross|322\/364 slp
|-damage|p1a: Mienshao|23\/272|[from] item: Life Orb
|cant|p2a: Metagross|slp
|cant|p2a: Metagross|flinch
|
|-heal|p2a: Metagross|344\/364 slp|[from] item: Leftovers
|turn|20
|
|move|p1a: Mienshao|Drain Punch|p2a: Metagross
|-damage|p2a: Metagross|231\/364 slp
|-heal|p1a: Mienshao|80\/272|[from] drain|[of] p2a: Metagross
|-damage|p1a: Mienshao|53\/272|[from] item: Life Orb
|cant|p2a: Metagross|slp
|move|p2a: Metagross|Sleep Talk|p2a: Metagross
|move|p2a: Metagross|Earthquake|p1a: Mienshao|[from]Sleep Talk
|-damage|p1a: Mienshao|0 fnt
|faint|p1a: Mienshao
|
|-heal|p2a: Metagross|253\/364 slp|[from] item: Leftovers
|
|switch|p1a: Charizard|Charizard, M, shiny|320\/320
|turn|21
|
|detailschange|p1a: Charizard|Charizard-Mega-Y, M, shiny
|message|Charizard has Mega Evolved into Mega Charizard!
|-weather|SunnyDay
|move|p1a: Charizard|Flamethrower|p2a: Metagross
|-supereffective|p2a: Metagross
|-damage|p2a: Metagross|0 fnt
|faint|p2a: Metagross
|
|-weather|SunnyDay|[upkeep]
|
|switch|p2a: Milotic|Milotic, M|394\/394
|-status|p2a: Milotic|psn
|-damage|p2a: Milotic|345\/394 psn|[from] Stealth Rock
|turn|22
|
|move|p1a: Charizard|Solar Beam|p2a: Milotic|[still]
|-prepare|p1a: Charizard|Solar Beam|p2a: Milotic
|-anim|p1a: Charizard|Solar Beam|p2a: Milotic
|-supereffective|p2a: Milotic
|-damage|p2a: Milotic|135\/394 psn
|move|p2a: Milotic|Scald|p1a: Charizard
|-supereffective|p1a: Charizard
|-damage|p1a: Charizard|240\/320
|
|-weather|SunnyDay|[upkeep]
|-heal|p2a: Milotic|159\/394 psn|[from] item: Leftovers
|-damage|p2a: Milotic|110\/394 psn|[from] psn
|turn|23
|
|move|p1a: Charizard|Solar Beam|p2a: Milotic|[still]
|-prepare|p1a: Charizard|Solar Beam|p2a: Milotic
|-anim|p1a: Charizard|Solar Beam|p2a: Milotic
|-supereffective|p2a: Milotic
|-damage|p2a: Milotic|0 fnt
|faint|p2a: Milotic
|
|-weather|SunnyDay|[upkeep]
|
|switch|p2a: Togekiss|Togekiss, F|311\/311
|-damage|p2a: Togekiss|234\/311|[from] Stealth Rock
|turn|24
|
|move|p1a: Charizard|Flamethrower|p2a: Togekiss
|-damage|p2a: Togekiss|9\/311
|-status|p2a: Togekiss|brn
|move|p2a: Togekiss|Dazzling Gleam|p1a: Charizard
|-resisted|p1a: Charizard
|-damage|p1a: Charizard|165\/320
|-damage|p2a: Togekiss|0 fnt|[from] item: Life Orb
|faint|p2a: Togekiss
|
|-weather|SunnyDay|[upkeep]
|
|switch|p2a: Smeargle|Smeargle, F|251\/251
|-status|p2a: Smeargle|psn
|-damage|p2a: Smeargle|220\/251 psn|[from] Stealth Rock
|turn|25
|
|move|p1a: Charizard|Flamethrower|p2a: Smeargle
|-damage|p2a: Smeargle|0 fnt
|faint|p2a: Smeargle
|
|-weather|none
|
|switch|p2a: Lucario|Lucario, F|282\/282
|-damage|p2a: Lucario|274\/282|[from] Stealth Rock
|turn|26
|
|move|p2a: Lucario|Extreme Speed|p1a: Charizard
|-damage|p1a: Charizard|52\/320
|-damage|p2a: Lucario|246\/282|[from] item: Life Orb
|move|p1a: Charizard|Flamethrower|p2a: Lucario
|-supereffective|p2a: Lucario
|-damage|p2a: Lucario|0 fnt
|faint|p2a: Lucario
|
|win|Elesto_3
|raw|Ladder updating...
|raw|Elesto_3's rating: 1073 &rarr; <strong>1104<\/strong><br \/>(+31 for winning)
|raw|RestePaisible's rating: 1096 &rarr; <strong>1070<\/strong><br \/>(-26 for losing)
|chat|Elesto_3|gg
|leave|RestePaisible
|player|p2
|chat|Elesto_3|win with luck