|join|lil manaphy
|join|RestePaisible
|player|p1|lil manaphy|9
|player|p2|RestePaisible|23
|gametype|singles
|gen|6
|tier|OU
|rated
|clearpoke
|poke|p1|Lopunny, F
|poke|p1|Gothitelle, F
|poke|p1|Rotom-Wash
|poke|p1|Celebi
|poke|p1|Heatran, F
|poke|p1|Mandibuzz, F
|poke|p2|Sableye, M
|poke|p2|Talonflame, F
|poke|p2|Clefable, F
|poke|p2|Landorus, M
|poke|p2|Ferrothorn, M
|poke|p2|Starmie
|rule|Swagger Clause: Swagger is banned
|rule|Baton Pass Clause: Limit one PokÃ©mon knowing Baton Pass
|rule|Sleep Clause Mod: Limit one foe put to sleep
|rule|Species Clause: Limit one of each PokÃ©mon
|rule|OHKO Clause: OHKO moves are banned
|rule|Moody Clause: Moody is banned
|rule|Evasion Moves Clause: Evasion moves are banned
|rule|Endless Battle Clause: Forcing endless battles is banned
|rule|HP Percentage Mod: HP is shown in percentages
|teampreview
|
|start
|switch|p1a: Lopunny|Lopunny, F|271\/271
|switch|p2a: Ferrothorn|Ferrothorn, M|352\/352
|turn|1
|
|switch|p1a: Rotom-Wash|Rotom-Wash|303\/303
|move|p2a: Ferrothorn|Gyro Ball|p1a: Rotom-Wash
|-resisted|p1a: Rotom-Wash
|-damage|p1a: Rotom-Wash|281\/303
|
|-heal|p1a: Rotom-Wash|299\/303|[from] item: Leftovers
|turn|2
|
|move|p1a: Rotom-Wash|Will-O-Wisp|p2a: Ferrothorn
|-status|p2a: Ferrothorn|brn
|move|p2a: Ferrothorn|Power Whip|p1a: Rotom-Wash
|-supereffective|p1a: Rotom-Wash
|-damage|p1a: Rotom-Wash|201\/303
|
|-heal|p1a: Rotom-Wash|219\/303|[from] item: Leftovers
|-damage|p2a: Ferrothorn|308\/352 brn|[from] brn
|turn|3
|
|move|p1a: Rotom-Wash|Volt Switch|p2a: Ferrothorn
|-resisted|p2a: Ferrothorn
|-damage|p2a: Ferrothorn|272\/352 brn
|
|switch|p1a: Mandibuzz|Mandibuzz, F|424\/424
|move|p2a: Ferrothorn|Stealth Rock|p1a: Mandibuzz
|-sidestart|p1: lil manaphy|move: Stealth Rock
|
|-heal|p2a: Ferrothorn|294\/352 brn|[from] item: Leftovers
|-damage|p2a: Ferrothorn|250\/352 brn|[from] brn
|turn|4
|
|switch|p2a: Sableye|Sableye, M|303\/303
|move|p1a: Mandibuzz|Defog|p2a: Sableye
|-unboost|p2a: Sableye|evasion|1
|-sideend|p1: lil manaphy|Stealth Rock|[from] move: Defog|[of] p1a: Mandibuzz
|
|turn|5
|
|switch|p1a: Penny traiton|Heatran, F|383\/383
|detailschange|p2a: Sableye|Sableye-Mega, M
|-mega|p2a: Sableye|Sableye|Sablenite
|move|p2a: Sableye|Knock Off|p1a: Penny traiton
|-damage|p1a: Penny traiton|286\/383
|-enditem|p1a: Penny traiton|Leftovers|[from] move: Knock Off|[of] p2a: Sableye
|
|turn|6
|
|switch|p2a: Talonflame|Talonflame, F|360\/360
|move|p1a: Penny traiton|Lava Plume|p2a: Talonflame
|-resisted|p2a: Talonflame
|-damage|p2a: Talonflame|302\/360
|
|-heal|p2a: Talonflame|324\/360|[from] item: Leftovers
|turn|7
|
|switch|p1a: Rotom-Wash|Rotom-Wash|219\/303
|move|p2a: Talonflame|Taunt|p1a: Rotom-Wash
|-start|p1a: Rotom-Wash|move: Taunt
|
|-heal|p2a: Talonflame|346\/360|[from] item: Leftovers
|-heal|p1a: Rotom-Wash|237\/303|[from] item: Leftovers
|turn|8
|
|switch|p2a: Ferrothorn|Ferrothorn, M|250\/352 brn
|move|p1a: Rotom-Wash|Hydro Pump|p2a: Ferrothorn
|-resisted|p2a: Ferrothorn
|-damage|p2a: Ferrothorn|197\/352 brn
|
|-heal|p1a: Rotom-Wash|255\/303|[from] item: Leftovers
|-heal|p2a: Ferrothorn|219\/352 brn|[from] item: Leftovers
|-damage|p2a: Ferrothorn|175\/352 brn|[from] brn
|turn|9
|
|move|p1a: Rotom-Wash|Volt Switch|p2a: Ferrothorn
|-resisted|p2a: Ferrothorn
|-damage|p2a: Ferrothorn|139\/352 brn
|
|switch|p1a: Mandibuzz|Mandibuzz, F|424\/424
|move|p2a: Ferrothorn|Stealth Rock|p1a: Mandibuzz
|-sidestart|p1: lil manaphy|move: Stealth Rock
|
|-heal|p2a: Ferrothorn|161\/352 brn|[from] item: Leftovers
|-damage|p2a: Ferrothorn|117\/352 brn|[from] brn
|turn|10
|
|switch|p2a: Clefable|Clefable, F|394\/394
|move|p1a: Mandibuzz|Defog|p2a: Clefable
|-unboost|p2a: Clefable|evasion|1
|-sideend|p1: lil manaphy|Stealth Rock|[from] move: Defog|[of] p1a: Mandibuzz
|
|turn|11
|
|switch|p1a: Gothitelle|Gothitelle, F|301\/301
|switch|p2a: Landorus|Landorus, M|319\/319
|
|turn|12
|
|switch|p1a: Celebi|Celebi|404\/404
|move|p2a: Landorus|Knock Off|p1a: Celebi
|-supereffective|p1a: Celebi
|-damage|p1a: Celebi|170\/404
|-enditem|p1a: Celebi|Leftovers|[from] move: Knock Off|[of] p2a: Landorus
|-damage|p2a: Landorus|288\/319|[from] item: Life Orb
|
|turn|13
|
|move|p2a: Landorus|Knock Off|p1a: Celebi
|-crit|p1a: Celebi
|-supereffective|p1a: Celebi
|-damage|p1a: Celebi|0 fnt
|-damage|p2a: Landorus|257\/319|[from] item: Life Orb
|faint|p1a: Celebi
|
|
|switch|p1a: Lopunny|Lopunny, F|271\/271
|turn|14
|c|âRestePaisible|sry
|
|switch|p2a: Starmie|Starmie|324\/324
|detailschange|p1a: Lopunny|Lopunny-Mega, F
|-mega|p1a: Lopunny|Lopunny|Lopunnite
|move|p1a: Lopunny|Ice Punch|p2a: Starmie
|-resisted|p2a: Starmie
|-damage|p2a: Starmie|284\/324
|
|-heal|p2a: Starmie|304\/324|[from] item: Leftovers
|turn|15
|
|switch|p1a: Rotom-Wash|Rotom-Wash|255\/303
|move|p2a: Starmie|Scald|p1a: Rotom-Wash
|-resisted|p1a: Rotom-Wash
|-damage|p1a: Rotom-Wash|207\/303
|
|-heal|p2a: Starmie|324\/324|[from] item: Leftovers
|-heal|p1a: Rotom-Wash|225\/303|[from] item: Leftovers
|turn|16
|
|move|p2a: Starmie|Recover|p2a: Starmie
|-fail|p2a: Starmie
|move|p1a: Rotom-Wash|Volt Switch|p2a: Starmie
|-supereffective|p2a: Starmie
|-damage|p2a: Starmie|136\/324
|
|switch|p1a: Lopunny|Lopunny-Mega, F|271\/271
|
|-heal|p2a: Starmie|156\/324|[from] item: Leftovers
|turn|17
|join|bluri
|
|switch|p2a: Ferrothorn|Ferrothorn, M|117\/352 brn
|move|p1a: Lopunny|Return|p2a: Ferrothorn
|-resisted|p2a: Ferrothorn
|-damage|p2a: Ferrothorn|58\/352 brn
|-damage|p1a: Lopunny|238\/271|[from] ability: Iron Barbs|[of] p2a: Ferrothorn
|
|-heal|p2a: Ferrothorn|80\/352 brn|[from] item: Leftovers
|-damage|p2a: Ferrothorn|36\/352 brn|[from] brn
|turn|18
|
|move|p1a: Lopunny|Drain Punch|p2a: Ferrothorn
|-supereffective|p2a: Ferrothorn
|-damage|p2a: Ferrothorn|0 fnt
|-heal|p1a: Lopunny|256\/271|[from] drain|[of] p2a: Ferrothorn
|-damage|p1a: Lopunny|223\/271|[from] ability: Iron Barbs|[of] p2a: Ferrothorn
|faint|p2a: Ferrothorn
|
|
|switch|p2a: Talonflame|Talonflame, F|346\/360
|turn|19
|
|switch|p1a: Penny traiton|Heatran, F|286\/383
|move|p2a: Talonflame|Brave Bird|p1a: Penny traiton
|-resisted|p1a: Penny traiton
|-damage|p1a: Penny traiton|229\/383
|-damage|p2a: Talonflame|327\/360|[from] recoil|[of] p1a: Penny traiton
|
|-heal|p2a: Talonflame|349\/360|[from] item: Leftovers
|turn|20
|
|switch|p1a: Rotom-Wash|Rotom-Wash|225\/303
|move|p2a: Talonflame|Taunt|p1a: Rotom-Wash
|-start|p1a: Rotom-Wash|move: Taunt
|
|-heal|p2a: Talonflame|360\/360|[from] item: Leftovers
|-heal|p1a: Rotom-Wash|243\/303|[from] item: Leftovers
|turn|21
|
|move|p2a: Talonflame|Bulk Up|p2a: Talonflame
|-boost|p2a: Talonflame|atk|1
|-boost|p2a: Talonflame|def|1
|move|p1a: Rotom-Wash|Hydro Pump|p2a: Talonflame|[miss]
|-miss|p1a: Rotom-Wash|p2a: Talonflame
|
|-heal|p1a: Rotom-Wash|261\/303|[from] item: Leftovers
|turn|22
|
|switch|p2a: Starmie|Starmie|156\/324
|move|p1a: Rotom-Wash|Hydro Pump|p2a: Starmie
|-resisted|p2a: Starmie
|-damage|p2a: Starmie|75\/324
|
|-heal|p2a: Starmie|95\/324|[from] item: Leftovers
|-heal|p1a: Rotom-Wash|279\/303|[from] item: Leftovers
|turn|23
|
|switch|p2a: Landorus|Landorus, M|257\/319
|move|p1a: Rotom-Wash|Volt Switch|p2a: Landorus
|-immune|p2a: Landorus|[msg]
|
|-heal|p1a: Rotom-Wash|297\/303|[from] item: Leftovers
|-end|p1a: Rotom-Wash|move: Taunt
|turn|24
|
|switch|p2a: Sableye|Sableye-Mega, M|303\/303
|switch|p1a: Mandibuzz|Mandibuzz, F|424\/424
|
|turn|25
|
|switch|p1a: Penny traiton|Heatran, F|229\/383
|move|p2a: Sableye|Knock Off|p1a: Penny traiton
|-damage|p1a: Penny traiton|163\/383
|
|turn|26
|leave|bluri
|
|switch|p2a: Starmie|Starmie|95\/324
|move|p1a: Penny traiton|Toxic|p2a: Starmie
|-status|p2a: Starmie|tox
|
|-heal|p2a: Starmie|115\/324 tox|[from] item: Leftovers
|-damage|p2a: Starmie|95\/324 tox|[from] psn
|turn|27
|join|bluri
|
|switch|p1a: Rotom-Wash|Rotom-Wash|297\/303
|move|p2a: Starmie|Recover|p2a: Starmie
|-heal|p2a: Starmie|257\/324 tox
|
|-heal|p2a: Starmie|277\/324 tox|[from] item: Leftovers
|-heal|p1a: Rotom-Wash|303\/303|[from] item: Leftovers
|-damage|p2a: Starmie|237\/324 tox|[from] psn
|turn|28
|
|switch|p2a: Landorus|Landorus, M|257\/319
|move|p1a: Rotom-Wash|Volt Switch|p2a: Landorus
|-immune|p2a: Landorus|[msg]
|
|turn|29
|
|switch|p2a: Sableye|Sableye-Mega, M|303\/303
|move|p1a: Rotom-Wash|Hydro Pump|p2a: Sableye|[miss]
|-miss|p1a: Rotom-Wash|p2a: Sableye
|
|turn|30
|
|move|p1a: Rotom-Wash|Volt Switch|p2a: Sableye
|-crit|p2a: Sableye
|-damage|p2a: Sableye|210\/303
|
|switch|p1a: Penny traiton|Heatran, F|163\/383
|move|p2a: Sableye|Knock Off|p1a: Penny traiton
|-crit|p1a: Penny traiton
|-damage|p1a: Penny traiton|72\/383
|
|turn|31
|
|switch|p1a: Lopunny|Lopunny-Mega, F|223\/271
|move|p2a: Sableye|Recover|p2a: Sableye
|-heal|p2a: Sableye|303\/303
|
|turn|32
|
|switch|p2a: Starmie|Starmie|237\/324
|move|p1a: Lopunny|Drain Punch|p2a: Starmie
|-resisted|p2a: Starmie
|-damage|p2a: Starmie|184\/324
|-heal|p1a: Lopunny|250\/271|[from] drain|[of] p2a: Starmie
|
|-heal|p2a: Starmie|204\/324|[from] item: Leftovers
|turn|33
|
|move|p1a: Lopunny|Return|p2a: Starmie
|-damage|p2a: Starmie|56\/324
|move|p2a: Starmie|Scald|p1a: Lopunny
|-crit|p1a: Lopunny
|-damage|p1a: Lopunny|114\/271
|
|-heal|p2a: Starmie|76\/324|[from] item: Leftovers
|turn|34
|
|move|p1a: Lopunny|Return|p2a: Starmie
|-damage|p2a: Starmie|0 fnt
|faint|p2a: Starmie
|
|
|switch|p2a: Landorus|Landorus, M|257\/319
|turn|35
|
|switch|p2a: Talonflame|Talonflame, F|360\/360
|move|p1a: Lopunny|Ice Punch|p2a: Talonflame
|-damage|p2a: Talonflame|230\/360
|
|-heal|p2a: Talonflame|252\/360|[from] item: Leftovers
|turn|36
|
|switch|p1a: Rotom-Wash|Rotom-Wash|303\/303
|move|p2a: Talonflame|Brave Bird|p1a: Rotom-Wash
|-resisted|p1a: Rotom-Wash
|-damage|p1a: Rotom-Wash|258\/303
|-damage|p2a: Talonflame|237\/360|[from] recoil|[of] p1a: Rotom-Wash
|
|-heal|p2a: Talonflame|259\/360|[from] item: Leftovers
|-heal|p1a: Rotom-Wash|276\/303|[from] item: Leftovers
|turn|37
|
|switch|p2a: Sableye|Sableye-Mega, M|303\/303
|move|p1a: Rotom-Wash|Volt Switch|p2a: Sableye
|-damage|p2a: Sableye|245\/303
|
|switch|p1a: Lopunny|Lopunny-Mega, F|114\/271
|
|turn|38
|
|move|p1a: Lopunny|Drain Punch|p2a: Sableye
|-supereffective|p2a: Sableye
|-damage|p2a: Sableye|33\/303
|-heal|p1a: Lopunny|220\/271|[from] drain|[of] p2a: Sableye
|move|p2a: Sableye|Will-O-Wisp|p1a: Lopunny
|-status|p1a: Lopunny|brn
|
|-damage|p1a: Lopunny|187\/271 brn|[from] brn
|turn|39
|
|switch|p2a: Talonflame|Talonflame, F|259\/360
|move|p1a: Lopunny|Return|p2a: Talonflame
|-damage|p2a: Talonflame|144\/360
|
|-heal|p2a: Talonflame|166\/360|[from] item: Leftovers
|-damage|p1a: Lopunny|154\/271 brn|[from] brn
|turn|40
|
|switch|p1a: Rotom-Wash|Rotom-Wash|276\/303
|move|p2a: Talonflame|Roost|p2a: Talonflame
|-heal|p2a: Talonflame|346\/360
|
|-heal|p2a: Talonflame|360\/360|[from] item: Leftovers
|-heal|p1a: Rotom-Wash|294\/303|[from] item: Leftovers
|turn|41
|
|switch|p2a: Clefable|Clefable, F|394\/394
|move|p1a: Rotom-Wash|Volt Switch|p2a: Clefable
|-crit|p2a: Clefable
|-damage|p2a: Clefable|244\/394
|
|switch|p1a: Gothitelle|Gothitelle, F|301\/301
|
|-heal|p2a: Clefable|268\/394|[from] item: Leftovers
|turn|42
|
|move|p1a: Gothitelle|Trick|p2a: Clefable
|-activate|p1a: Gothitelle|move: Trick|[of] p2a: Clefable
|-item|p2a: Clefable|Choice Scarf|[from] move: Trick
|-item|p1a: Gothitelle|Leftovers|[from] move: Trick
|move|p2a: Clefable|Moonblast|p1a: Gothitelle
|-damage|p1a: Gothitelle|205\/301
|
|-heal|p1a: Gothitelle|223\/301|[from] item: Leftovers
|turn|43
|
|move|p1a: Gothitelle|Calm Mind|p1a: Gothitelle
|-boost|p1a: Gothitelle|spa|1
|-boost|p1a: Gothitelle|spd|1
|move|p2a: Clefable|Moonblast|p1a: Gothitelle
|-damage|p1a: Gothitelle|129\/301
|
|-heal|p1a: Gothitelle|147\/301|[from] item: Leftovers
|turn|44
|
|switch|p1a: Penny traiton|Heatran, F|72\/383
|move|p2a: Clefable|Moonblast|p1a: Penny traiton
|-resisted|p1a: Penny traiton
|-damage|p1a: Penny traiton|55\/383
|
|turn|45
|
|switch|p2a: Sableye|Sableye-Mega, M|33\/303
|move|p1a: Penny traiton|Lava Plume|p2a: Sableye
|-damage|p2a: Sableye|0 fnt
|faint|p2a: Sableye
|
|
|switch|p2a: Landorus|Landorus, M|257\/319
|turn|46
|
|switch|p1a: Mandibuzz|Mandibuzz, F|424\/424
|move|p2a: Landorus|Focus Blast|p1a: Mandibuzz
|-damage|p1a: Mandibuzz|200\/424
|
|turn|47
|
|move|p2a: Landorus|Focus Blast|p1a: Mandibuzz
|-damage|p1a: Mandibuzz|0 fnt
|faint|p1a: Mandibuzz
|
|
|switch|p1a: Lopunny|Lopunny-Mega, F|154\/271 brn
|turn|48
|
|switch|p2a: Clefable|Clefable, F|268\/394
|move|p1a: Lopunny|Ice Punch|p2a: Clefable
|-damage|p2a: Clefable|225\/394
|
|-damage|p1a: Lopunny|121\/271 brn|[from] brn
|turn|49
|
|switch|p1a: Gothitelle|Gothitelle, F|147\/301
|switch|p2a: Talonflame|Talonflame, F|360\/360
|
|-heal|p1a: Gothitelle|165\/301|[from] item: Leftovers
|turn|50
|
|switch|p1a: Rotom-Wash|Rotom-Wash|294\/303
|move|p2a: Talonflame|Brave Bird|p1a: Rotom-Wash
|-resisted|p1a: Rotom-Wash
|-damage|p1a: Rotom-Wash|255\/303
|-damage|p2a: Talonflame|347\/360|[from] recoil|[of] p1a: Rotom-Wash
|
|-heal|p2a: Talonflame|360\/360|[from] item: Leftovers
|-heal|p1a: Rotom-Wash|273\/303|[from] item: Leftovers
|turn|51
|
|move|p2a: Talonflame|Bulk Up|p2a: Talonflame
|-boost|p2a: Talonflame|atk|1
|-boost|p2a: Talonflame|def|1
|move|p1a: Rotom-Wash|Hydro Pump|p2a: Talonflame
|-supereffective|p2a: Talonflame
|-damage|p2a: Talonflame|124\/360
|
|-heal|p2a: Talonflame|146\/360|[from] item: Leftovers
|-heal|p1a: Rotom-Wash|291\/303|[from] item: Leftovers
|turn|52
|
|move|p2a: Talonflame|Roost|p2a: Talonflame
|-heal|p2a: Talonflame|326\/360
|move|p1a: Rotom-Wash|Hydro Pump|p2a: Talonflame
|-supereffective|p2a: Talonflame
|-damage|p2a: Talonflame|78\/360
|
|-heal|p2a: Talonflame|100\/360|[from] item: Leftovers
|-heal|p1a: Rotom-Wash|303\/303|[from] item: Leftovers
|turn|53
|join|Bulky Deoxys-A
|
|move|p2a: Talonflame|Roost|p2a: Talonflame
|-heal|p2a: Talonflame|280\/360
|move|p1a: Rotom-Wash|Hydro Pump|p2a: Talonflame
|-supereffective|p2a: Talonflame
|-damage|p2a: Talonflame|26\/360
|
|-heal|p2a: Talonflame|48\/360|[from] item: Leftovers
|turn|54
|
|switch|p2a: Landorus|Landorus, M|257\/319
|move|p1a: Rotom-Wash|Hydro Pump|p2a: Landorus
|-supereffective|p2a: Landorus
|-damage|p2a: Landorus|0 fnt
|faint|p2a: Landorus
|
|
|switch|p2a: Talonflame|Talonflame, F|48\/360
|turn|55
|
|move|p2a: Talonflame|Roost|p2a: Talonflame
|-heal|p2a: Talonflame|228\/360
|move|p1a: Rotom-Wash|Volt Switch|p2a: Talonflame
|-damage|p2a: Talonflame|144\/360
|
|switch|p1a: Gothitelle|Gothitelle, F|165\/301
|
|-heal|p2a: Talonflame|166\/360|[from] item: Leftovers
|-heal|p1a: Gothitelle|183\/301|[from] item: Leftovers
|turn|56
|
|move|p2a: Talonflame|Roost|p2a: Talonflame
|-heal|p2a: Talonflame|346\/360
|move|p1a: Gothitelle|Calm Mind|p1a: Gothitelle
|-boost|p1a: Gothitelle|spa|1
|-boost|p1a: Gothitelle|spd|1
|
|-heal|p2a: Talonflame|360\/360|[from] item: Leftovers
|-heal|p1a: Gothitelle|201\/301|[from] item: Leftovers
|turn|57
|
|move|p2a: Talonflame|Bulk Up|p2a: Talonflame
|-boost|p2a: Talonflame|atk|1
|-boost|p2a: Talonflame|def|1
|move|p1a: Gothitelle|Psychic|p2a: Talonflame
|-damage|p2a: Talonflame|176\/360
|
|-heal|p2a: Talonflame|198\/360|[from] item: Leftovers
|-heal|p1a: Gothitelle|219\/301|[from] item: Leftovers
|turn|58
|c|âlil manaphy|got ya... i think
|
|move|p2a: Talonflame|Brave Bird|p1a: Gothitelle
|-damage|p1a: Gothitelle|50\/301
|-damage|p2a: Talonflame|142\/360|[from] recoil|[of] p1a: Gothitelle
|move|p1a: Gothitelle|Psychic|p2a: Talonflame
|-damage|p2a: Talonflame|0 fnt
|faint|p2a: Talonflame
|
|-heal|p1a: Gothitelle|68\/301|[from] item: Leftovers
|c|âlil manaphy|phew
|c|âRestePaisible|gg
|c|âlil manaphy|fuck that thing,...
|c|âlil manaphy|gg!
|c|âRestePaisible|hope for a miss on pump ...
|
|switch|p2a: Clefable|Clefable, F|225\/394
|turn|59
|c|âlil manaphy|yeah
|
|move|p1a: Gothitelle|Psychic|p2a: Clefable
|-damage|p2a: Clefable|87\/394
|move|p2a: Clefable|Moonblast|p1a: Gothitelle
|-damage|p1a: Gothitelle|0 fnt
|faint|p1a: Gothitelle
|
|
|switch|p1a: Penny traiton|Heatran, F|55\/383
|turn|60
|
|move|p2a: Clefable|Moonblast|p1a: Penny traiton
|-resisted|p1a: Penny traiton
|-damage|p1a: Penny traiton|37\/383
|-unboost|p1a: Penny traiton|spa|1
|move|p1a: Penny traiton|Lava Plume|p2a: Clefable
|-damage|p2a: Clefable|0 fnt
|faint|p2a: Clefable
|
|win|lil manaphy
|raw|Ladder updating...
|raw|lil manaphy's rating: 1829 &rarr; <strong>1837<\/strong><br \/>(+8 for winning)
|raw|RestePaisible's rating: 1594 &rarr; <strong>1586<\/strong><br \/>(-8 for losing)
|leave|RestePaisible
|player|p2