|join|jjrn
|join|RestePaisible
|player|p1|jjrn|101
|player|p2|RestePaisible|23
|gametype|singles
|gen|6
|tier|OU
|rated
|clearpoke
|poke|p1|Magnezone
|poke|p1|Breloom, F
|poke|p1|Azumarill, F
|poke|p1|Latios, M
|poke|p1|Metagross
|poke|p1|Landorus-Therian, M
|poke|p2|Altaria, F
|poke|p2|Keldeo
|poke|p2|Scizor, M
|poke|p2|Landorus-Therian, M
|poke|p2|Rotom-Wash
|poke|p2|Celebi
|rule|Swagger Clause: Swagger is banned
|rule|Baton Pass Clause: Limit one PokÃ©mon knowing Baton Pass
|rule|Sleep Clause Mod: Limit one foe put to sleep
|rule|Species Clause: Limit one of each PokÃ©mon
|rule|OHKO Clause: OHKO moves are banned
|rule|Moody Clause: Moody is banned
|rule|Evasion Moves Clause: Evasion moves are banned
|rule|Endless Battle Clause: Forcing endless battles is banned
|rule|HP Percentage Mod: HP is shown in percentages
|teampreview
|
|start
|switch|p1a: Latios|Latios, M|301\/301
|switch|p2a: Keldeo|Keldeo|323\/323
|turn|1
|
|switch|p2a: Celebi|Celebi|403\/403
|move|p1a: Latios|Psychic|p2a: Celebi
|-resisted|p2a: Celebi
|-damage|p2a: Celebi|341\/403
|
|-heal|p2a: Celebi|366\/403|[from] item: Leftovers
|turn|2
|
|switch|p1a: Landorus-Therian|Landorus-Therian, M|319\/319
|-ability|p1a: Landorus-Therian|Intimidate|[of] p2a: Celebi
|-unboost|p2a: Celebi|atk|1
|move|p2a: Celebi|Baton Pass|p2a: Celebi
|
|switch|p2a: Landorus-Therian|Landorus-Therian, M|382\/382
|-ability|p2a: Landorus-Therian|Intimidate|[of] p1a: Landorus-Therian
|-unboost|p1a: Landorus-Therian|atk|1
|
|turn|3
|
|move|p1a: Landorus-Therian|Stealth Rock|p2a: Landorus-Therian
|-sidestart|p2: RestePaisible|move: Stealth Rock
|move|p2a: Landorus-Therian|Stealth Rock|p1a: Landorus-Therian
|-sidestart|p1: jjrn|move: Stealth Rock
|
|turn|4
|
|switch|p1a: Azumarill|Azumarill, F|341\/341
|-damage|p1a: Azumarill|299\/341|[from] Stealth Rock
|move|p2a: Landorus-Therian|U-turn|p1a: Azumarill
|-resisted|p1a: Azumarill
|-damage|p1a: Azumarill|267\/341
|
|switch|p2a: Celebi|Celebi|366\/403
|-damage|p2a: Celebi|316\/403|[from] Stealth Rock
|
|-heal|p2a: Celebi|341\/403|[from] item: Leftovers
|turn|5
|
|move|p2a: Celebi|Giga Drain|p1a: Azumarill
|-supereffective|p1a: Azumarill
|-damage|p1a: Azumarill|147\/341
|-heal|p2a: Celebi|401\/403|[from] drain|[of] p1a: Azumarill
|move|p1a: Azumarill|Knock Off|p2a: Celebi
|-supereffective|p2a: Celebi
|-damage|p2a: Celebi|141\/403
|-enditem|p2a: Celebi|Leftovers|[from] move: Knock Off|[of] p1a: Azumarill
|
|turn|6
|
|switch|p2a: Landorus-Therian|Landorus-Therian, M|382\/382
|-damage|p2a: Landorus-Therian|335\/382|[from] Stealth Rock
|-ability|p2a: Landorus-Therian|Intimidate|[of] p1a: Azumarill
|-unboost|p1a: Azumarill|atk|1
|move|p1a: Azumarill|Knock Off|p2a: Landorus-Therian
|-damage|p2a: Landorus-Therian|260\/382
|-enditem|p2a: Landorus-Therian|Leftovers|[from] move: Knock Off|[of] p1a: Azumarill
|
|turn|7
|
|switch|p2a: Rotom-Wash|Rotom-Wash|303\/303
|-damage|p2a: Rotom-Wash|266\/303|[from] Stealth Rock
|move|p1a: Azumarill|Aqua Jet|p2a: Rotom-Wash
|-resisted|p2a: Rotom-Wash
|-damage|p2a: Rotom-Wash|242\/303
|
|-heal|p2a: Rotom-Wash|260\/303|[from] item: Leftovers
|turn|8
|
|move|p2a: Rotom-Wash|Will-O-Wisp|p1a: Azumarill
|-status|p1a: Azumarill|brn
|move|p1a: Azumarill|Knock Off|p2a: Rotom-Wash
|-damage|p2a: Rotom-Wash|222\/303
|-enditem|p2a: Rotom-Wash|Leftovers|[from] move: Knock Off|[of] p1a: Azumarill
|
|-damage|p1a: Azumarill|105\/341 brn|[from] brn
|turn|9
|
|move|p1a: Azumarill|Aqua Jet|p2a: Rotom-Wash
|-resisted|p2a: Rotom-Wash
|-damage|p2a: Rotom-Wash|210\/303
|move|p2a: Rotom-Wash|Volt Switch|p1a: Azumarill
|-supereffective|p1a: Azumarill
|-damage|p1a: Azumarill|0 fnt
|faint|p1a: Azumarill
|
|switch|p2a: Landorus-Therian|Landorus-Therian, M|260\/382
|-damage|p2a: Landorus-Therian|213\/382|[from] Stealth Rock
|
|
|switch|p1a: Metagross|Metagross|301\/301
|-damage|p1a: Metagross|283\/301|[from] Stealth Rock
|turn|10
|
|detailschange|p1a: Metagross|Metagross-Mega
|-mega|p1a: Metagross|Metagross|Metagrossite
|move|p1a: Metagross|Ice Punch|p2a: Landorus-Therian
|-crit|p2a: Landorus-Therian
|-supereffective|p2a: Landorus-Therian
|-damage|p2a: Landorus-Therian|0 fnt
|faint|p2a: Landorus-Therian
|
|
|switch|p2a: Rotom-Wash|Rotom-Wash|210\/303
|-damage|p2a: Rotom-Wash|173\/303|[from] Stealth Rock
|turn|11
|
|move|p1a: Metagross|Zen Headbutt|p2a: Rotom-Wash
|-damage|p2a: Rotom-Wash|22\/303
|move|p2a: Rotom-Wash|Will-O-Wisp|p1a: Metagross
|-status|p1a: Metagross|brn
|
|-damage|p1a: Metagross|246\/301 brn|[from] brn
|turn|12
|
|move|p1a: Metagross|Zen Headbutt|p2a: Rotom-Wash
|-damage|p2a: Rotom-Wash|0 fnt
|faint|p2a: Rotom-Wash
|
|-damage|p1a: Metagross|209\/301 brn|[from] brn
|
|switch|p2a: Scizor|Scizor, M|343\/343
|-damage|p2a: Scizor|301\/343|[from] Stealth Rock
|turn|13
|
|switch|p1a: Landorus-Therian|Landorus-Therian, M|319\/319
|-damage|p1a: Landorus-Therian|280\/319|[from] Stealth Rock
|-ability|p1a: Landorus-Therian|Intimidate|[of] p2a: Scizor
|-unboost|p2a: Scizor|atk|1
|move|p2a: Scizor|U-turn|p1a: Landorus-Therian
|-resisted|p1a: Landorus-Therian
|-damage|p1a: Landorus-Therian|213\/319
|
|switch|p2a: Keldeo|Keldeo|323\/323
|-damage|p2a: Keldeo|303\/323|[from] Stealth Rock
|
|-heal|p2a: Keldeo|323\/323|[from] item: Leftovers
|turn|14
|
|move|p1a: Landorus-Therian|Earthquake|p2a: Keldeo
|-damage|p2a: Keldeo|85\/323
|move|p2a: Keldeo|Scald|p1a: Landorus-Therian
|-supereffective|p1a: Landorus-Therian
|-damage|p1a: Landorus-Therian|0 fnt
|faint|p1a: Landorus-Therian
|
|-heal|p2a: Keldeo|105\/323|[from] item: Leftovers
|
|switch|p1a: Metagross|Metagross-Mega|209\/301 brn
|-damage|p1a: Metagross|191\/301 brn|[from] Stealth Rock
|turn|15
|
|switch|p1a: Magnezone|Magnezone|281\/281
|-damage|p1a: Magnezone|264\/281|[from] Stealth Rock
|move|p2a: Keldeo|Scald|p1a: Magnezone
|-damage|p1a: Magnezone|107\/281
|
|-heal|p2a: Keldeo|125\/323|[from] item: Leftovers
|turn|16
|
|switch|p1a: Latios|Latios, M|301\/301
|-damage|p1a: Latios|264\/301|[from] Stealth Rock
|move|p2a: Keldeo|Scald|p1a: Latios
|-resisted|p1a: Latios
|-damage|p1a: Latios|198\/301
|
|-heal|p2a: Keldeo|145\/323|[from] item: Leftovers
|turn|17
|
|switch|p2a: Scizor|Scizor, M|301\/343
|-damage|p2a: Scizor|259\/343|[from] Stealth Rock
|move|p1a: Latios|Draco Meteor|p2a: Scizor
|-resisted|p2a: Scizor
|-damage|p2a: Scizor|110\/343
|-unboost|p1a: Latios|spa|2
|
|turn|18
|
|switch|p1a: Metagross|Metagross-Mega|191\/301 brn
|-damage|p1a: Metagross|173\/301 brn|[from] Stealth Rock
|move|p2a: Scizor|U-turn|p1a: Metagross
|-damage|p1a: Metagross|25\/301 brn
|
|switch|p2a: Keldeo|Keldeo|145\/323
|-damage|p2a: Keldeo|125\/323|[from] Stealth Rock
|
|-heal|p2a: Keldeo|145\/323|[from] item: Leftovers
|-damage|p1a: Metagross|0 fnt|[from] brn
|faint|p1a: Metagross
|
|switch|p1a: Latios|Latios, M|198\/301
|-damage|p1a: Latios|161\/301|[from] Stealth Rock
|turn|19
|
|switch|p2a: Celebi|Celebi|141\/403
|-damage|p2a: Celebi|91\/403|[from] Stealth Rock
|move|p1a: Latios|Draco Meteor|p2a: Celebi
|-damage|p2a: Celebi|0 fnt
|-unboost|p1a: Latios|spa|2
|faint|p2a: Celebi
|
|
|switch|p2a: Altaria|Altaria, F|353\/353
|-damage|p2a: Altaria|265\/353|[from] Stealth Rock
|turn|20
|
|switch|p1a: Magnezone|Magnezone|107\/281
|-damage|p1a: Magnezone|90\/281|[from] Stealth Rock
|detailschange|p2a: Altaria|Altaria-Mega, F
|-mega|p2a: Altaria|Altaria|Altarianite
|move|p2a: Altaria|Hyper Voice|p1a: Magnezone
|-resisted|p1a: Magnezone
|-damage|p1a: Magnezone|0 fnt
|faint|p1a: Magnezone
|
|
|switch|p1a: Latios|Latios, M|161\/301
|-damage|p1a: Latios|124\/301|[from] Stealth Rock
|turn|21
|
|move|p1a: Latios|Ice Beam|p2a: Altaria
|-supereffective|p2a: Altaria
|-damage|p2a: Altaria|51\/353
|move|p2a: Altaria|Roost|p2a: Altaria
|-heal|p2a: Altaria|228\/353
|
|turn|22
|
|switch|p2a: Keldeo|Keldeo|145\/323
|-damage|p2a: Keldeo|125\/323|[from] Stealth Rock
|move|p1a: Latios|Ice Beam|p2a: Keldeo
|-resisted|p2a: Keldeo
|-damage|p2a: Keldeo|65\/323
|
|-heal|p2a: Keldeo|85\/323|[from] item: Leftovers
|turn|23
|
|switch|p1a: Breloom|Breloom, F|261\/261
|-damage|p1a: Breloom|245\/261|[from] Stealth Rock
|move|p2a: Keldeo|Secret Sword|p1a: Breloom
|-damage|p1a: Breloom|76\/261
|
|-heal|p2a: Keldeo|105\/323|[from] item: Leftovers
|turn|24
|
|move|p2a: Keldeo|Secret Sword|p1a: Breloom
|-damage|p1a: Breloom|0 fnt
|faint|p1a: Breloom
|
|-heal|p2a: Keldeo|125\/323|[from] item: Leftovers
|
|switch|p1a: Latios|Latios, M|124\/301
|-damage|p1a: Latios|87\/301|[from] Stealth Rock
|turn|25
|c|âRestePaisible|gg
|
|move|p1a: Latios|Psychic|p2a: Keldeo
|-supereffective|p2a: Keldeo
|-damage|p2a: Keldeo|0 fnt
|faint|p2a: Keldeo
|
|
|switch|p2a: Scizor|Scizor, M|110\/343
|-damage|p2a: Scizor|68\/343|[from] Stealth Rock
|turn|26
|
|move|p2a: Scizor|Bullet Punch|p1a: Latios
|-damage|p1a: Latios|0 fnt
|faint|p1a: Latios
|
|win|RestePaisible
|raw|Ladder updating...
|raw|jjrn's rating: 1741 &rarr; <strong>1714<\/strong><br \/>(-27 for losing)
|raw|RestePaisible's rating: 1616 &rarr; <strong>1643<\/strong><br \/>(+27 for winning)
|leave|jjrn
|player|p1