|join|RestePaisible
|join|Fourth Inversion
|player|p1|RestePaisible|23
|player|p2|Fourth Inversion|167
|gametype|singles
|gen|6
|tier|OU
|clearpoke
|poke|p1|Sableye, F
|poke|p1|Talonflame, F
|poke|p1|Clefable, M
|poke|p1|Landorus, M
|poke|p1|Ferrothorn, M
|poke|p1|Starmie
|poke|p2|Keldeo
|poke|p2|Heatran, F
|poke|p2|Venomoth, F
|poke|p2|Landorus, M
|poke|p2|Thundurus, M
|poke|p2|Slowbro, M
|rule|Swagger Clause: Swagger is banned
|rule|Baton Pass Clause: Limit one PokÃ©mon knowing Baton Pass
|rule|Sleep Clause Mod: Limit one foe put to sleep
|rule|Species Clause: Limit one of each PokÃ©mon
|rule|OHKO Clause: OHKO moves are banned
|rule|Moody Clause: Moody is banned
|rule|Evasion Moves Clause: Evasion moves are banned
|rule|Endless Battle Clause: Forcing endless battles is banned
|rule|HP Percentage Mod: HP is shown in percentages
|teampreview
|c|âFourth Inversion|gl
|join|DF135
|join|quanquan31611
|leave|DF135
|c|âRestePaisible|you to
|
|start
|switch|p1a: Talonflame|Talonflame, F|360\/360
|switch|p2a: Heatran|Heatran, F|385\/385
|turn|1
|
|move|p1a: Talonflame|Taunt|p2a: Heatran
|-start|p2a: Heatran|move: Taunt
|cant|p2a: Heatran|move: Taunt|Toxic
|
|turn|2
|
|move|p1a: Talonflame|Brave Bird|p2a: Heatran
|-resisted|p2a: Heatran
|-damage|p2a: Heatran|332\/385
|-damage|p1a: Talonflame|343\/360|[from] recoil|[of] p2a: Heatran
|move|p2a: Heatran|Magma Storm|p1a: Talonflame
|-resisted|p1a: Talonflame
|-damage|p1a: Talonflame|278\/360
|-activate|p1a: Talonflame|move: Magma Storm|[of] p2a: Heatran
|
|-heal|p1a: Talonflame|300\/360|[from] item: Leftovers
|-heal|p2a: Heatran|356\/385|[from] item: Leftovers
|-damage|p1a: Talonflame|255\/360|[from] move: Magma Storm|[partiallytrapped]
|turn|3
|
|switch|p2a: Slowbro|Slowbro, M|393\/393
|move|p1a: Talonflame|Bulk Up|p1a: Talonflame
|-boost|p1a: Talonflame|atk|1
|-boost|p1a: Talonflame|def|1
|
|-heal|p1a: Talonflame|277\/360|[from] item: Leftovers
|-end|p1a: Talonflame|Magma Storm|[partiallytrapped]
|turn|4
|
|switch|p1a: Ferrothorn|Ferrothorn, M|352\/352
|detailschange|p2a: Slowbro|Slowbro-Mega, M
|-mega|p2a: Slowbro|Slowbro|Slowbronite
|move|p2a: Slowbro|Calm Mind|p2a: Slowbro
|-boost|p2a: Slowbro|spa|1
|-boost|p2a: Slowbro|spd|1
|
|turn|5
|
|move|p2a: Slowbro|Calm Mind|p2a: Slowbro
|-boost|p2a: Slowbro|spa|1
|-boost|p2a: Slowbro|spd|1
|move|p1a: Ferrothorn|Stealth Rock|p2a: Slowbro
|-sidestart|p2: Fourth Inversion|move: Stealth Rock
|
|turn|6
|
|move|p2a: Slowbro|Scald|p1a: Ferrothorn
|-resisted|p1a: Ferrothorn
|-damage|p1a: Ferrothorn|253\/352
|move|p1a: Ferrothorn|Leech Seed|p2a: Slowbro|[miss]
|-miss|p1a: Ferrothorn|p2a: Slowbro
|
|-heal|p1a: Ferrothorn|275\/352|[from] item: Leftovers
|turn|7
|
|move|p2a: Slowbro|Scald|p1a: Ferrothorn
|-resisted|p1a: Ferrothorn
|-damage|p1a: Ferrothorn|191\/352
|-status|p1a: Ferrothorn|brn
|move|p1a: Ferrothorn|Leech Seed|p2a: Slowbro
|-start|p2a: Slowbro|move: Leech Seed
|
|-heal|p1a: Ferrothorn|213\/352 brn|[from] item: Leftovers
|-damage|p2a: Slowbro|344\/393|[from] Leech Seed|[of] p1a: Ferrothorn
|-heal|p1a: Ferrothorn|262\/352 brn|[silent]
|-damage|p1a: Ferrothorn|218\/352 brn|[from] brn
|turn|8
|
|switch|p1a: Clefable|Clefable, M|394\/394
|move|p2a: Slowbro|Calm Mind|p2a: Slowbro
|-boost|p2a: Slowbro|spa|1
|-boost|p2a: Slowbro|spd|1
|
|-damage|p2a: Slowbro|295\/393|[from] Leech Seed|[of] p1a: Clefable
|turn|9
|
|move|p1a: Clefable|Toxic|p2a: Slowbro
|-status|p2a: Slowbro|tox
|move|p2a: Slowbro|Scald|p1a: Clefable
|-damage|p1a: Clefable|264\/394
|
|-heal|p1a: Clefable|288\/394|[from] item: Leftovers
|-damage|p2a: Slowbro|246\/393 tox|[from] Leech Seed|[of] p1a: Clefable
|-heal|p1a: Clefable|337\/394|[silent]
|-damage|p2a: Slowbro|222\/393 tox|[from] psn
|turn|10
|
|move|p1a: Clefable|Moonblast|p2a: Slowbro
|-damage|p2a: Slowbro|101\/393 tox
|move|p2a: Slowbro|Rest|p2a: Slowbro
|-status|p2a: Slowbro|slp
|-heal|p2a: Slowbro|393\/393 slp|[silent]
|-status|p2a: Slowbro|slp|[from] move: Rest
|
|-heal|p1a: Clefable|361\/394|[from] item: Leftovers
|-damage|p2a: Slowbro|344\/393 slp|[from] Leech Seed|[of] p1a: Clefable
|-heal|p1a: Clefable|394\/394|[silent]
|turn|11
|
|switch|p2a: Heatran|Heatran, F|356\/385
|-damage|p2a: Heatran|308\/385|[from] Stealth Rock
|move|p1a: Clefable|Moonblast|p2a: Heatran
|-resisted|p2a: Heatran
|-damage|p2a: Heatran|283\/385
|
|-heal|p2a: Heatran|307\/385|[from] item: Leftovers
|turn|12
|join|sand1234
|
|switch|p1a: Starmie|Starmie|324\/324
|move|p2a: Heatran|Magma Storm|p1a: Starmie|[miss]
|-miss|p2a: Heatran|p1a: Starmie
|
|-heal|p2a: Heatran|331\/385|[from] item: Leftovers
|turn|13
|
|switch|p2a: Slowbro|Slowbro-Mega, M|344\/393 slp
|-damage|p2a: Slowbro|295\/393 slp|[from] Stealth Rock
|move|p1a: Starmie|Scald|p2a: Slowbro
|-resisted|p2a: Slowbro
|-damage|p2a: Slowbro|241\/393 slp
|
|turn|14
|
|switch|p1a: Clefable|Clefable, M|394\/394
|cant|p2a: Slowbro|slp
|move|p2a: Slowbro|Sleep Talk|p2a: Slowbro
|move|p2a: Slowbro|Calm Mind|p2a: Slowbro|[from]Sleep Talk
|-boost|p2a: Slowbro|spa|1
|-boost|p2a: Slowbro|spd|1
|
|turn|15
|
|move|p1a: Clefable|Moonblast|p2a: Slowbro
|-damage|p2a: Slowbro|123\/393 slp
|cant|p2a: Slowbro|slp
|move|p2a: Slowbro|Sleep Talk|p2a: Slowbro
|move|p2a: Slowbro|Scald|p1a: Clefable|[from]Sleep Talk
|-damage|p1a: Clefable|268\/394
|-status|p1a: Clefable|brn
|
|-heal|p1a: Clefable|292\/394 brn|[from] item: Leftovers
|-damage|p1a: Clefable|243\/394 brn|[from] brn
|turn|16
|
|move|p1a: Clefable|Moonblast|p2a: Slowbro
|-damage|p2a: Slowbro|0 fnt
|faint|p2a: Slowbro
|
|-heal|p1a: Clefable|267\/394 brn|[from] item: Leftovers
|-damage|p1a: Clefable|218\/394 brn|[from] brn
|join|tissue111
|leave|tissue111
|
|switch|p2a: Venomoth|Venomoth, F|343\/343
|-damage|p2a: Venomoth|258\/343|[from] Stealth Rock
|turn|17
|
|move|p2a: Venomoth|Quiver Dance|p2a: Venomoth
|-boost|p2a: Venomoth|spa|1
|-boost|p2a: Venomoth|spd|1
|-boost|p2a: Venomoth|spe|1
|move|p1a: Clefable|Wish|p1a: Clefable
|
|-heal|p1a: Clefable|242\/394 brn|[from] item: Leftovers
|-damage|p1a: Clefable|193\/394 brn|[from] brn
|turn|18
|
|move|p2a: Venomoth|Quiver Dance|p2a: Venomoth
|-boost|p2a: Venomoth|spa|1
|-boost|p2a: Venomoth|spd|1
|-boost|p2a: Venomoth|spe|1
|move|p1a: Clefable|Moonblast|p2a: Venomoth
|-resisted|p2a: Venomoth
|-damage|p2a: Venomoth|188\/343
|
|-heal|p1a: Clefable|390\/394 brn|[from] move: Wish|[wisher] Clefable
|-heal|p1a: Clefable|394\/394 brn|[from] item: Leftovers
|-damage|p1a: Clefable|345\/394 brn|[from] brn
|turn|19
|
|move|p2a: Venomoth|Baton Pass|p2a: Venomoth
|
|switch|p2a: Landorus|Landorus, M|319\/319
|-damage|p2a: Landorus|280\/319|[from] Stealth Rock
|move|p1a: Clefable|Wish|p1a: Clefable
|
|-heal|p1a: Clefable|369\/394 brn|[from] item: Leftovers
|-damage|p1a: Clefable|320\/394 brn|[from] brn
|turn|20
|
|move|p2a: Landorus|Sludge Wave|p1a: Clefable
|-supereffective|p1a: Clefable
|-damage|p1a: Clefable|0 fnt
|faint|p1a: Clefable
|
|
|switch|p1a: Landorus|Landorus, M|319\/319
|turn|21
|
|move|p2a: Landorus|Psychic|p1a: Landorus
|-damage|p1a: Landorus|0 fnt
|faint|p1a: Landorus
|
|
|switch|p1a: Sableye|Sableye, F|303\/303
|turn|22
|
|detailschange|p1a: Sableye|Sableye-Mega, F
|-mega|p1a: Sableye|Sableye|Sablenite
|move|p1a: Sableye|Will-O-Wisp|p2a: Landorus
|-status|p2a: Landorus|brn
|move|p2a: Landorus|Earth Power|p1a: Sableye
|-damage|p1a: Sableye|5\/303
|
|-damage|p2a: Landorus|241\/319 brn|[from] brn
|turn|23
|
|move|p2a: Landorus|Sludge Wave|p1a: Sableye
|-resisted|p1a: Sableye
|-damage|p1a: Sableye|0 fnt
|faint|p1a: Sableye
|
|-damage|p2a: Landorus|202\/319 brn|[from] brn
|
|switch|p1a: Ferrothorn|Ferrothorn, M|218\/352 brn
|turn|24
|
|switch|p1a: Talonflame|Talonflame, F|277\/360
|move|p2a: Landorus|Focus Blast|p1a: Talonflame
|-resisted|p1a: Talonflame
|-damage|p1a: Talonflame|72\/360
|
|-heal|p1a: Talonflame|94\/360|[from] item: Leftovers
|-damage|p2a: Landorus|163\/319 brn|[from] brn
|turn|25
|
|move|p1a: Talonflame|Brave Bird|p2a: Landorus
|-damage|p2a: Landorus|22\/319 brn
|-damage|p1a: Talonflame|47\/360|[from] recoil|[of] p2a: Landorus
|move|p2a: Landorus|Psychic|p1a: Talonflame
|-damage|p1a: Talonflame|0 fnt
|faint|p1a: Talonflame
|
|-damage|p2a: Landorus|0 fnt|[from] brn
|faint|p2a: Landorus
|
|switch|p2a: Heatran|Heatran, F|331\/385
|switch|p1a: Ferrothorn|Ferrothorn, M|218\/352 brn
|-damage|p2a: Heatran|283\/385|[from] Stealth Rock
|turn|26
|join|DF135
|
|switch|p1a: Starmie|Starmie|324\/324
|move|p2a: Heatran|Toxic|p1a: Starmie
|-status|p1a: Starmie|tox
|
|-heal|p2a: Heatran|307\/385|[from] item: Leftovers
|-damage|p1a: Starmie|304\/324 tox|[from] psn
|turn|27
|
|move|p2a: Heatran|Magma Storm|p1a: Starmie
|-resisted|p1a: Starmie
|-damage|p1a: Starmie|226\/324 tox
|-activate|p1a: Starmie|move: Magma Storm|[of] p2a: Heatran
|move|p1a: Starmie|Scald|p2a: Heatran
|-supereffective|p2a: Heatran
|-damage|p2a: Heatran|139\/385
|
|-heal|p2a: Heatran|163\/385|[from] item: Leftovers
|-heal|p1a: Starmie|246\/324 tox|[from] item: Leftovers
|-damage|p1a: Starmie|206\/324 tox|[from] psn
|-damage|p1a: Starmie|166\/324 tox|[from] move: Magma Storm|[partiallytrapped]
|turn|28
|
|move|p2a: Heatran|Taunt|p1a: Starmie
|-start|p1a: Starmie|move: Taunt
|move|p1a: Starmie|Scald|p2a: Heatran
|-supereffective|p2a: Heatran
|-damage|p2a: Heatran|0 fnt
|faint|p2a: Heatran
|
|-heal|p1a: Starmie|186\/324 tox|[from] item: Leftovers
|-damage|p1a: Starmie|126\/324 tox|[from] psn
|-end|p1a: Starmie|Magma Storm|[partiallytrapped]
|c|âRestePaisible|gg
|
|switch|p2a: Keldeo|Keldeo|323\/323
|-damage|p2a: Keldeo|303\/323|[from] Stealth Rock
|turn|29
|
|switch|p1a: Ferrothorn|Ferrothorn, M|218\/352 brn
|move|p2a: Keldeo|Secret Sword|p1a: Ferrothorn
|-supereffective|p1a: Ferrothorn
|-damage|p1a: Ferrothorn|30\/352 brn
|
|-heal|p1a: Ferrothorn|52\/352 brn|[from] item: Leftovers
|-damage|p1a: Ferrothorn|8\/352 brn|[from] brn
|turn|30
|
|move|p2a: Keldeo|Secret Sword|p1a: Ferrothorn
|-supereffective|p1a: Ferrothorn
|-damage|p1a: Ferrothorn|0 fnt
|faint|p1a: Ferrothorn
|
|
|switch|p1a: Starmie|Starmie|126\/324
|turn|31
|
|switch|p2a: Venomoth|Venomoth, F|188\/343
|-damage|p2a: Venomoth|103\/343|[from] Stealth Rock
|move|p1a: Starmie|Recover|p1a: Starmie
|-heal|p1a: Starmie|288\/324
|
|-heal|p1a: Starmie|308\/324|[from] item: Leftovers
|turn|32
|
|move|p2a: Venomoth|Sleep Powder|p1a: Starmie|[miss]
|-miss|p2a: Venomoth|p1a: Starmie
|move|p1a: Starmie|Scald|p2a: Venomoth
|-damage|p2a: Venomoth|0 fnt
|faint|p2a: Venomoth
|
|-heal|p1a: Starmie|324\/324|[from] item: Leftovers
|
|switch|p2a: Thundurus|Thundurus, M|299\/299
|-damage|p2a: Thundurus|225\/299|[from] Stealth Rock
|turn|33
|
|move|p2a: Thundurus|Thunderbolt|p1a: Starmie
|-supereffective|p1a: Starmie
|-damage|p1a: Starmie|0 fnt
|faint|p1a: Starmie
|
|win|Fourth Inversion
|c|âFourth Inversion|gg
|leave|RestePaisible
|player|p1