|join|subzeromkx
|join|RestePaisible
|player|p1|subzeromkx|20
|player|p2|RestePaisible|23
|gametype|singles
|gen|6
|tier|OU
|rated
|clearpoke
|poke|p1|Breloom, M
|poke|p1|Gardevoir, F
|poke|p1|Thundurus, M
|poke|p1|Bisharp, M
|poke|p1|Latias, F
|poke|p1|Garchomp, M
|poke|p2|Sableye, F
|poke|p2|Talonflame, F
|poke|p2|Clefable, M
|poke|p2|Landorus, M
|poke|p2|Ferrothorn, F
|poke|p2|Starmie
|rule|Swagger Clause: Swagger is banned
|rule|Baton Pass Clause: Limit one PokÃ©mon knowing Baton Pass
|rule|Sleep Clause Mod: Limit one foe put to sleep
|rule|Species Clause: Limit one of each PokÃ©mon
|rule|OHKO Clause: OHKO moves are banned
|rule|Moody Clause: Moody is banned
|rule|Evasion Moves Clause: Evasion moves are banned
|rule|Endless Battle Clause: Forcing endless battles is banned
|rule|HP Percentage Mod: HP is shown in percentages
|teampreview
|
|start
|switch|p1a: Gardevoir|Gardevoir, F|314\/314
|switch|p2a: Ferrothorn|Ferrothorn, F|352\/352
|-ability|p1a: Gardevoir|Iron Barbs|[from] ability: Trace|[of] p2a: Ferrothorn
|turn|1
|
|switch|p1a: Kisame|Garchomp, M|420\/420
|move|p2a: Ferrothorn|Stealth Rock|p1a: Kisame
|-sidestart|p1: subzeromkx|move: Stealth Rock
|
|turn|2
|
|switch|p2a: Starmie|Starmie|324\/324
|move|p1a: Kisame|Stealth Rock|p2a: Starmie
|-sidestart|p2: RestePaisible|move: Stealth Rock
|
|turn|3
|
|switch|p1a: Bisharp|Bisharp, M|272\/272
|-damage|p1a: Bisharp|255\/272|[from] Stealth Rock
|move|p2a: Starmie|Scald|p1a: Bisharp
|-damage|p1a: Bisharp|137\/272
|
|turn|4
|
|move|p1a: Bisharp|Sucker Punch|p2a: Starmie
|-fail|p2a: Starmie
|move|p2a: Starmie|Reflect Type|p1a: Bisharp
|-start|p2a: Starmie|typechange|[from] move: Reflect Type|[of] p1a: Bisharp
|
|turn|5
|
|switch|p1a: Breloom|Breloom, M|262\/262
|-damage|p1a: Breloom|246\/262|[from] Stealth Rock
|move|p2a: Starmie|Rapid Spin|p1a: Breloom
|-damage|p1a: Breloom|231\/262
|-sideend|p2: RestePaisible|Stealth Rock|[from] move: Rapid Spin|[of] p2a: Starmie
|
|turn|6
|
|switch|p2a: Ferrothorn|Ferrothorn, F|352\/352
|switch|p1a: Kisame|Garchomp, M|420\/420
|-damage|p1a: Kisame|394\/420|[from] Stealth Rock
|
|turn|7
|
|switch|p2a: Starmie|Starmie|324\/324
|move|p1a: Kisame|Stealth Rock|p2a: Starmie
|-sidestart|p2: RestePaisible|move: Stealth Rock
|
|turn|8
|
|move|p2a: Starmie|Scald|p1a: Kisame
|-damage|p1a: Kisame|273\/420
|move|p1a: Kisame|Earthquake|p2a: Starmie
|-damage|p2a: Starmie|206\/324
|
|-heal|p2a: Starmie|226\/324|[from] item: Leftovers
|turn|9
|
|move|p2a: Starmie|Scald|p1a: Kisame
|-damage|p1a: Kisame|159\/420
|move|p1a: Kisame|Earthquake|p2a: Starmie
|-damage|p2a: Starmie|108\/324
|
|-heal|p2a: Starmie|128\/324|[from] item: Leftovers
|turn|10
|
|move|p2a: Starmie|Recover|p2a: Starmie
|-heal|p2a: Starmie|290\/324
|move|p1a: Kisame|Earthquake|p2a: Starmie
|-damage|p2a: Starmie|164\/324
|
|-heal|p2a: Starmie|184\/324|[from] item: Leftovers
|turn|11
|
|move|p2a: Starmie|Recover|p2a: Starmie
|-heal|p2a: Starmie|324\/324
|move|p1a: Kisame|Earthquake|p2a: Starmie
|-damage|p2a: Starmie|203\/324
|
|-heal|p2a: Starmie|223\/324|[from] item: Leftovers
|turn|12
|
|move|p2a: Starmie|Scald|p1a: Kisame
|-damage|p1a: Kisame|41\/420
|-status|p1a: Kisame|brn
|move|p1a: Kisame|Earthquake|p2a: Starmie
|-damage|p2a: Starmie|168\/324
|
|-heal|p2a: Starmie|188\/324|[from] item: Leftovers
|-damage|p1a: Kisame|0 fnt|[from] brn
|faint|p1a: Kisame
|
|switch|p1a: Gardevoir|Gardevoir, F|314\/314
|-damage|p1a: Gardevoir|275\/314|[from] Stealth Rock
|-ability|p1a: Gardevoir|Natural Cure|[from] ability: Trace|[of] p2a: Starmie
|turn|13
|
|detailschange|p1a: Gardevoir|Gardevoir-Mega, F
|-mega|p1a: Gardevoir|Gardevoir|Gardevoirite
|move|p2a: Starmie|Rapid Spin|p1a: Gardevoir
|-damage|p1a: Gardevoir|259\/314
|-sideend|p2: RestePaisible|Stealth Rock|[from] move: Rapid Spin|[of] p2a: Starmie
|move|p1a: Gardevoir|Hyper Voice|p2a: Starmie
|-damage|p2a: Starmie|0 fnt
|faint|p2a: Starmie
|
|
|switch|p2a: Ferrothorn|Ferrothorn, F|352\/352
|turn|14
|
|switch|p1a: Latias|Latias, F|301\/301
|-damage|p1a: Latias|264\/301|[from] Stealth Rock
|move|p2a: Ferrothorn|Gyro Ball|p1a: Latias
|-damage|p1a: Latias|83\/301
|
|turn|15
|
|move|p1a: Latias|Healing Wish|p1a: Latias
|faint|p1a: Latias
|move|p2a: Ferrothorn|Stealth Rock|p1: Latias
|-fail|p1: Latias
|
|
|switch|p1a: Bisharp|Bisharp, M|137\/272
|-heal|p1a: Bisharp|272\/272|[from] move: Healing Wish
|-damage|p1a: Bisharp|255\/272|[from] Stealth Rock
|turn|16
|
|move|p1a: Bisharp|Swords Dance|p1a: Bisharp
|-boost|p1a: Bisharp|atk|2
|move|p2a: Ferrothorn|Gyro Ball|p1a: Bisharp
|-resisted|p1a: Bisharp
|-damage|p1a: Bisharp|175\/272
|
|turn|17
|
|switch|p2a: Clefable|Clefable, M|394\/394
|move|p1a: Bisharp|Knock Off|p2a: Clefable
|-resisted|p2a: Clefable
|-damage|p2a: Clefable|289\/394
|-enditem|p2a: Clefable|Leftovers|[from] move: Knock Off|[of] p1a: Bisharp
|-damage|p1a: Bisharp|148\/272|[from] item: Life Orb
|
|turn|18
|
|move|p1a: Bisharp|Knock Off|p2a: Clefable
|-resisted|p2a: Clefable
|-damage|p2a: Clefable|212\/394
|-damage|p1a: Bisharp|121\/272|[from] item: Life Orb
|move|p2a: Clefable|Moonblast|p1a: Bisharp
|-damage|p1a: Bisharp|0 fnt
|faint|p1a: Bisharp
|
|-message|subzeromkx forfeited.
|
|win|RestePaisible
|raw|Ladder updating...
|leave|subzeromkx
|player|p1
|raw|subzeromkx's rating: 1744 &rarr; <strong>1719<\/strong><br \/>(-25 for losing)
|raw|RestePaisible's rating: 1651 &rarr; <strong>1676<\/strong><br \/>(+25 for winning)