|join|RestePaisible
|join|Crypto-darkrai
|player|p1|RestePaisible|23
|player|p2|Crypto-darkrai|73
|gametype|singles
|gen|6
|tier|OU (suspect test)
|rated
|clearpoke
|poke|p1|Altaria, M
|poke|p1|Heatran, M
|poke|p1|Celebi
|poke|p1|Mandibuzz, F
|poke|p1|Keldeo
|poke|p1|Landorus-Therian, M
|poke|p2|Gallade, M
|poke|p2|Celebi
|poke|p2|Keldeo-Resolute
|poke|p2|Heatran, F
|poke|p2|Landorus-Therian, M
|poke|p2|Bisharp, F
|rule|Swagger Clause: Swagger is banned
|rule|Baton Pass Clause: Limit one PokÃ©mon knowing Baton Pass
|rule|Sleep Clause Mod: Limit one foe put to sleep
|rule|Species Clause: Limit one of each PokÃ©mon
|rule|OHKO Clause: OHKO moves are banned
|rule|Moody Clause: Moody is banned
|rule|Evasion Moves Clause: Evasion moves are banned
|rule|Endless Battle Clause: Forcing endless battles is banned
|rule|HP Percentage Mod: HP is shown in percentages
|teampreview
|
|start
|switch|p1a: Keldeo|Keldeo|323\/323
|switch|p2a: Landorus-Therian|Landorus-Therian, M|319\/319
|-ability|p2a: Landorus-Therian|Intimidate|[of] p1a: Keldeo
|-unboost|p1a: Keldeo|atk|1
|turn|1
|
|switch|p2a: Celebi|Celebi|404\/404
|move|p1a: Keldeo|Scald|p2a: Celebi
|-resisted|p2a: Celebi
|-damage|p2a: Celebi|350\/404
|-status|p2a: Celebi|brn
|
|-heal|p2a: Celebi|375\/404 brn|[from] item: Leftovers
|-damage|p2a: Celebi|325\/404 brn|[from] brn
|turn|2
|
|move|p1a: Keldeo|Substitute|p1a: Keldeo
|-start|p1a: Keldeo|Substitute
|-damage|p1a: Keldeo|243\/323
|move|p2a: Celebi|Thunder Wave|p1a: Keldeo
|
|-heal|p1a: Keldeo|263\/323|[from] item: Leftovers
|-heal|p2a: Celebi|350\/404 brn|[from] item: Leftovers
|-damage|p2a: Celebi|300\/404 brn|[from] brn
|turn|3
|
|move|p1a: Keldeo|Calm Mind|p1a: Keldeo
|-boost|p1a: Keldeo|spa|1
|-boost|p1a: Keldeo|spd|1
|move|p2a: Celebi|Giga Drain|p1a: Keldeo
|-supereffective|p1a: Keldeo
|-end|p1a: Keldeo|Substitute
|-heal|p2a: Celebi|340\/404 brn|[from] drain|[of] p1a: Keldeo
|
|-heal|p1a: Keldeo|283\/323|[from] item: Leftovers
|-heal|p2a: Celebi|365\/404 brn|[from] item: Leftovers
|-damage|p2a: Celebi|315\/404 brn|[from] brn
|turn|4
|
|move|p1a: Keldeo|Substitute|p1a: Keldeo
|-start|p1a: Keldeo|Substitute
|-damage|p1a: Keldeo|203\/323
|move|p2a: Celebi|Giga Drain|p1a: Keldeo
|-supereffective|p1a: Keldeo
|-end|p1a: Keldeo|Substitute
|-heal|p2a: Celebi|355\/404 brn|[from] drain|[of] p1a: Keldeo
|
|-heal|p1a: Keldeo|223\/323|[from] item: Leftovers
|-heal|p2a: Celebi|380\/404 brn|[from] item: Leftovers
|-damage|p2a: Celebi|330\/404 brn|[from] brn
|turn|5
|
|move|p1a: Keldeo|Secret Sword|p2a: Celebi
|-resisted|p2a: Celebi
|-damage|p2a: Celebi|222\/404 brn
|move|p2a: Celebi|Giga Drain|p1a: Keldeo
|-crit|p1a: Keldeo
|-supereffective|p1a: Keldeo
|-damage|p1a: Keldeo|0 fnt
|-heal|p2a: Celebi|334\/404 brn|[from] drain|[of] p1a: Keldeo
|faint|p1a: Keldeo
|
|-heal|p2a: Celebi|359\/404 brn|[from] item: Leftovers
|-damage|p2a: Celebi|309\/404 brn|[from] brn
|
|switch|p1a: Landorus-Therian|Landorus-Therian, M|319\/319
|-ability|p1a: Landorus-Therian|Intimidate|[of] p2a: Celebi
|-unboost|p2a: Celebi|atk|1
|turn|6
|
|switch|p2a: Heatran|Heatran, F|386\/386
|move|p1a: Landorus-Therian|U-turn|p2a: Heatran
|-resisted|p2a: Heatran
|-damage|p2a: Heatran|368\/386
|
|switch|p1a: Altaria|Altaria, M|291\/291
|
|-heal|p2a: Heatran|386\/386|[from] item: Leftovers
|turn|7
|
|detailschange|p1a: Altaria|Altaria-Mega, M
|-mega|p1a: Altaria|Altaria|Altarianite
|move|p1a: Altaria|Dragon Dance|p1a: Altaria
|-boost|p1a: Altaria|atk|1
|-boost|p1a: Altaria|spe|1
|move|p2a: Heatran|Toxic|p1a: Altaria
|-status|p1a: Altaria|tox
|
|-damage|p1a: Altaria|273\/291 tox|[from] psn
|turn|8
|
|move|p1a: Altaria|Earthquake|p2a: Heatran
|-supereffective|p2a: Heatran
|-damage|p2a: Heatran|0 fnt
|faint|p2a: Heatran
|
|-damage|p1a: Altaria|237\/291 tox|[from] psn
|
|switch|p2a: Landorus-Therian|Landorus-Therian, M|319\/319
|-ability|p2a: Landorus-Therian|Intimidate|[of] p1a: Altaria
|-unboost|p1a: Altaria|atk|1
|turn|9
|
|switch|p1a: Mandibuzz|Mandibuzz, F|424\/424
|move|p2a: Landorus-Therian|Earthquake|p1a: Mandibuzz
|-immune|p1a: Mandibuzz|[msg]
|
|turn|10
|
|switch|p2a: Bisharp|Bisharp, F|271\/271
|move|p1a: Mandibuzz|Foul Play|p2a: Bisharp
|-resisted|p2a: Bisharp
|-damage|p2a: Bisharp|182\/271
|
|turn|11
|
|move|p2a: Bisharp|Knock Off|p1a: Mandibuzz
|-resisted|p1a: Mandibuzz
|-damage|p1a: Mandibuzz|346\/424
|-enditem|p1a: Mandibuzz|Leftovers|[from] move: Knock Off|[of] p2a: Bisharp
|move|p1a: Mandibuzz|Foul Play|p2a: Bisharp
|-resisted|p2a: Bisharp
|-damage|p2a: Bisharp|89\/271
|
|turn|12
|
|switch|p2a: Keldeo-Resolute|Keldeo-Resolute|323\/323
|move|p1a: Mandibuzz|Roost|p1a: Mandibuzz
|-heal|p1a: Mandibuzz|424\/424
|
|turn|13
|
|switch|p2a: Bisharp|Bisharp, F|89\/271
|switch|p1a: Celebi|Celebi|404\/404
|
|turn|14
|
|move|p2a: Bisharp|Pursuit|p1a: Celebi|[from]Pursuit
|-supereffective|p1a: Celebi
|-damage|p1a: Celebi|20\/404
|switch|p1a: Mandibuzz|Mandibuzz, F|424\/424
|
|turn|15
|
|move|p2a: Bisharp|Iron Head|p1a: Mandibuzz
|-damage|p1a: Mandibuzz|321\/424
|move|p1a: Mandibuzz|Foul Play|p2a: Bisharp
|-resisted|p2a: Bisharp
|-damage|p2a: Bisharp|0 fnt
|faint|p2a: Bisharp
|
|
|switch|p2a: Keldeo-Resolute|Keldeo-Resolute|323\/323
|turn|16
|
|switch|p1a: Celebi|Celebi|20\/404
|move|p2a: Keldeo-Resolute|Hydro Pump|p1a: Celebi|[miss]
|-miss|p2a: Keldeo-Resolute|p1a: Celebi
|
|-heal|p1a: Celebi|45\/404|[from] item: Leftovers
|turn|17
|
|move|p2a: Keldeo-Resolute|Hydro Pump|p1a: Celebi|[miss]
|-miss|p2a: Keldeo-Resolute|p1a: Celebi
|move|p1a: Celebi|Recover|p1a: Celebi
|-heal|p1a: Celebi|247\/404
|
|-heal|p1a: Celebi|272\/404|[from] item: Leftovers
|turn|18
|
|switch|p2a: Celebi|Celebi|309\/404
|move|p1a: Celebi|Giga Drain|p2a: Celebi
|-resisted|p2a: Celebi
|-damage|p2a: Celebi|279\/404
|-heal|p1a: Celebi|287\/404|[from] drain|[of] p2a: Celebi
|
|-heal|p1a: Celebi|312\/404|[from] item: Leftovers
|-heal|p2a: Celebi|304\/404|[from] item: Leftovers
|turn|19
|
|switch|p1a: Landorus-Therian|Landorus-Therian, M|319\/319
|-ability|p1a: Landorus-Therian|Intimidate|[of] p2a: Celebi
|-unboost|p2a: Celebi|atk|1
|move|p2a: Celebi|Hidden Power|p1a: Landorus-Therian
|-damage|p1a: Landorus-Therian|264\/319
|
|-heal|p2a: Celebi|329\/404|[from] item: Leftovers
|turn|20
|
|switch|p2a: Landorus-Therian|Landorus-Therian, M|319\/319
|-ability|p2a: Landorus-Therian|Intimidate|[of] p1a: Landorus-Therian
|-unboost|p1a: Landorus-Therian|atk|1
|move|p1a: Landorus-Therian|U-turn|p2a: Landorus-Therian
|-resisted|p2a: Landorus-Therian
|-damage|p2a: Landorus-Therian|291\/319
|
|switch|p1a: Mandibuzz|Mandibuzz, F|321\/424
|
|turn|21
|
|move|p2a: Landorus-Therian|Stone Edge|p1a: Mandibuzz
|-crit|p1a: Mandibuzz
|-supereffective|p1a: Mandibuzz
|-damage|p1a: Mandibuzz|69\/424
|move|p1a: Mandibuzz|Foul Play|p2a: Landorus-Therian
|-damage|p2a: Landorus-Therian|89\/319
|
|turn|22
|c|âRestePaisible|why always crit ?
|
|move|p2a: Landorus-Therian|Stone Edge|p1a: Mandibuzz
|-supereffective|p1a: Mandibuzz
|-damage|p1a: Mandibuzz|0 fnt
|faint|p1a: Mandibuzz
|
|
|switch|p1a: Landorus-Therian|Landorus-Therian, M|264\/319
|-ability|p1a: Landorus-Therian|Intimidate|[of] p2a: Landorus-Therian
|-unboost|p2a: Landorus-Therian|atk|1
|turn|23
|
|switch|p2a: Keldeo-Resolute|Keldeo-Resolute|323\/323
|move|p1a: Landorus-Therian|Knock Off|p2a: Keldeo-Resolute
|-resisted|p2a: Keldeo-Resolute
|-damage|p2a: Keldeo-Resolute|262\/323
|-boost|p2a: Keldeo-Resolute|atk|1|[from] ability: Justified
|-enditem|p2a: Keldeo-Resolute|Choice Specs|[from] move: Knock Off|[of] p1a: Landorus-Therian
|
|turn|24
|
|switch|p1a: Celebi|Celebi|312\/404
|move|p2a: Keldeo-Resolute|Icy Wind|p1a: Celebi
|-crit|p1a: Celebi
|-supereffective|p1a: Celebi
|-damage|p1a: Celebi|170\/404
|-unboost|p1a: Celebi|spe|1
|
|-heal|p1a: Celebi|195\/404|[from] item: Leftovers
|turn|25
|
|switch|p2a: Celebi|Celebi|329\/404
|move|p1a: Celebi|Recover|p1a: Celebi
|-heal|p1a: Celebi|397\/404
|
|-heal|p2a: Celebi|354\/404|[from] item: Leftovers
|-heal|p1a: Celebi|404\/404|[from] item: Leftovers
|turn|26
|
|switch|p2a: Landorus-Therian|Landorus-Therian, M|89\/319
|-ability|p2a: Landorus-Therian|Intimidate|[of] p1a: Celebi
|-unboost|p1a: Celebi|atk|1
|switch|p1a: Heatran|Heatran, M|386\/386
|
|turn|27
|
|switch|p1a: Landorus-Therian|Landorus-Therian, M|264\/319
|-ability|p1a: Landorus-Therian|Intimidate|[of] p2a: Landorus-Therian
|-unboost|p2a: Landorus-Therian|atk|1
|move|p2a: Landorus-Therian|Hidden Power|p1a: Landorus-Therian
|-supereffective|p1a: Landorus-Therian
|-damage|p1a: Landorus-Therian|20\/319
|
|turn|28
|
|switch|p2a: Keldeo-Resolute|Keldeo-Resolute|262\/323
|move|p1a: Landorus-Therian|U-turn|p2a: Keldeo-Resolute
|-resisted|p2a: Keldeo-Resolute
|-damage|p2a: Keldeo-Resolute|221\/323
|
|switch|p1a: Celebi|Celebi|404\/404
|
|turn|29
|
|switch|p2a: Celebi|Celebi|354\/404
|move|p1a: Celebi|Baton Pass|p1a: Celebi
|
|switch|p1a: Heatran|Heatran, M|386\/386
|
|-heal|p2a: Celebi|379\/404|[from] item: Leftovers
|turn|30
|
|switch|p2a: Keldeo-Resolute|Keldeo-Resolute|221\/323
|move|p1a: Heatran|Stealth Rock|p2a: Keldeo-Resolute
|-sidestart|p2: Crypto-darkrai|move: Stealth Rock
|
|turn|31
|
|switch|p2a: Landorus-Therian|Landorus-Therian, M|89\/319
|-damage|p2a: Landorus-Therian|50\/319|[from] Stealth Rock
|-ability|p2a: Landorus-Therian|Intimidate|[of] p1a: Heatran
|-unboost|p1a: Heatran|atk|1
|move|p1a: Heatran|Protect|p1a: Heatran
|-fail|p1a: Heatran
|
|turn|32
|
|move|p2a: Landorus-Therian|Earthquake|p1a: Heatran
|-supereffective|p1a: Heatran
|-damage|p1a: Heatran|0 fnt
|faint|p1a: Heatran
|
|
|switch|p1a: Landorus-Therian|Landorus-Therian, M|20\/319
|-ability|p1a: Landorus-Therian|Intimidate|[of] p2a: Landorus-Therian
|-unboost|p2a: Landorus-Therian|atk|1
|turn|33
|
|move|p1a: Landorus-Therian|Explosion|p2a: Landorus-Therian
|-damage|p2a: Landorus-Therian|0 fnt
|faint|p1a: Landorus-Therian
|faint|p2a: Landorus-Therian
|
|
|switch|p2a: Gallade|Gallade, M|277\/277
|switch|p1a: Celebi|Celebi|404\/404
|-damage|p2a: Gallade|260\/277|[from] Stealth Rock
|turn|34
|
|detailschange|p2a: Gallade|Gallade-Mega, M
|-mega|p2a: Gallade|Gallade|Galladite
|move|p2a: Gallade|Swords Dance|p2a: Gallade
|-boost|p2a: Gallade|atk|2
|move|p1a: Celebi|Healing Wish|p1a: Celebi
|faint|p1a: Celebi
|
|
|switch|p1a: Altaria|Altaria-Mega, M|237\/291 tox
|-heal|p1a: Altaria|291\/291|[from] move: Healing Wish
|turn|35
|
|move|p2a: Gallade|Zen Headbutt|p1a: Altaria
|-damage|p1a: Altaria|0 fnt
|faint|p1a: Altaria
|
|win|Crypto-darkrai
|raw|Ladder updating...
|raw|RestePaisible's rating: 1297 &rarr; <strong>1275<\/strong><br \/>(-22 for losing)
|raw|Crypto-darkrai's rating: 1333 &rarr; <strong>1351<\/strong><br \/>(+18 for winning)
|leave|RestePaisible
|player|p1