|join|qpzm257
|join|BahaFan
|player|p1|qpzm257|101
|player|p2|BahaFan|256
|gametype|singles
|gen|6
|tier|OU
|rated
|clearpoke
|poke|p1|Vaporeon, F
|poke|p1|Dragonite, M
|poke|p1|Manectric, F
|poke|p1|Alakazam, M
|poke|p1|Excadrill, F
|poke|p1|Skarmory, F
|poke|p2|Medicham, M
|poke|p2|Clefable, M
|poke|p2|Landorus, M
|poke|p2|Skarmory, M
|poke|p2|Keldeo
|poke|p2|Tyranitar, F
|rule|Swagger Clause: Swagger is banned
|rule|Baton Pass Clause: Limit one PokÃ©mon knowing Baton Pass
|rule|Sleep Clause Mod: Limit one foe put to sleep
|rule|Species Clause: Limit one of each PokÃ©mon
|rule|OHKO Clause: OHKO moves are banned
|rule|Moody Clause: Moody is banned
|rule|Evasion Moves Clause: Evasion moves are banned
|rule|Endless Battle Clause: Forcing endless battles is banned
|rule|HP Percentage Mod: HP is shown in percentages
|teampreview
|
|start
|switch|p1a: Manectric|Manectric, F|282\/282
|switch|p2a: Medicham|Medicham, M|261\/261
|turn|1
|
|detailschange|p1a: Manectric|Manectric-Mega, F
|message|Manectric has Mega Evolved into Mega Manectric!
|-ability|p1a: Manectric|Intimidate|[of] p2a: Medicham
|-unboost|p2a: Medicham|atk|1
|detailschange|p2a: Medicham|Medicham-Mega, M
|message|Medicham has Mega Evolved into Mega Medicham!
|move|p2a: Medicham|Fake Out|p1a: Manectric
|-damage|p1a: Manectric|214\/282
|cant|p1a: Manectric|flinch
|
|turn|2
|
|switch|p2a: Neus|Landorus, M|319\/319
|move|p1a: Manectric|Volt Switch|p2a: Neus
|-immune|p2a: Neus|[msg]
|
|turn|3
|
|switch|p2a: Neus|Tyranitar, F|404\/404
|-weather|Sandstorm
|move|p1a: Manectric|Hidden Power|p2a: Neus
|-damage|p2a: Neus|370\/404
|
|-weather|Sandstorm|[upkeep]
|-damage|p1a: Manectric|197\/282|[from] sandstorm
|turn|4
|
|move|p1a: Manectric|Volt Switch|p2a: Neus
|-damage|p2a: Neus|316\/404
|
|move|p2a: Neus|Pursuit|p1a: Manectric|[from]Pursuit
|-damage|p1a: Manectric|19\/282
|switch|p1a: Skarmory|Skarmory, F|334\/334
|
|-weather|Sandstorm|[upkeep]
|turn|5
|
|move|p1a: Skarmory|Stealth Rock|p2a: Neus
|-sidestart|p2: BahaFan|move: Stealth Rock
|move|p2a: Neus|Fire Blast|p1a: Skarmory
|-supereffective|p1a: Skarmory
|-damage|p1a: Skarmory|116\/334
|
|-weather|Sandstorm|[upkeep]
|turn|6
|
|switch|p1a: Vaporeon|Vaporeon, F|464\/464
|move|p2a: Neus|Fire Blast|p1a: Vaporeon
|-resisted|p1a: Vaporeon
|-damage|p1a: Vaporeon|431\/464
|
|-weather|Sandstorm|[upkeep]
|-damage|p1a: Vaporeon|402\/464|[from] sandstorm
|-heal|p1a: Vaporeon|431\/464|[from] item: Leftovers
|turn|7
|
|switch|p2a: Neus|Clefable, M|393\/393
|move|p1a: Vaporeon|Scald|p2a: Neus
|-damage|p2a: Neus|279\/393
|
|-weather|none
|-heal|p1a: Vaporeon|460\/464|[from] item: Leftovers
|-heal|p2a: Neus|303\/393|[from] item: Leftovers
|turn|8
|
|switch|p1a: Excadrill|Excadrill, F|373\/373
|-ability|p1a: Excadrill|Mold Breaker
|switch|p2a: Skarmory|Skarmory, M|334\/334
|-damage|p2a: Skarmory|293\/334|[from] Stealth Rock
|
|-heal|p2a: Skarmory|313\/334|[from] item: Leftovers
|turn|9
|
|switch|p1a: Vaporeon|Vaporeon, F|460\/464
|move|p2a: Skarmory|Stealth Rock|p1a: Vaporeon
|-sidestart|p1: qpzm257|move: Stealth Rock
|
|-heal|p2a: Skarmory|333\/334|[from] item: Leftovers
|-heal|p1a: Vaporeon|464\/464|[from] item: Leftovers
|turn|10
|
|switch|p2a: Neus|Clefable, M|303\/393
|move|p1a: Vaporeon|Scald|p2a: Neus
|-damage|p2a: Neus|197\/393
|
|-heal|p2a: Neus|221\/393|[from] item: Leftovers
|turn|11
|
|move|p1a: Vaporeon|Wish|p1a: Vaporeon
|move|p2a: Neus|Soft-Boiled|p2a: Neus
|-heal|p2a: Neus|393\/393
|
|turn|12
|
|move|p1a: Vaporeon|Scald|p2a: Neus
|-damage|p2a: Neus|279\/393
|move|p2a: Neus|Flamethrower|p1a: Vaporeon
|-resisted|p1a: Vaporeon
|-damage|p1a: Vaporeon|438\/464
|-status|p1a: Vaporeon|brn
|
|-heal|p1a: Vaporeon|464\/464 brn|[from] move: Wish|[wisher] Vaporeon
|-heal|p2a: Neus|303\/393|[from] item: Leftovers
|-damage|p1a: Vaporeon|406\/464 brn|[from] brn
|turn|13
|
|move|p1a: Vaporeon|Heal Bell|p1a: Vaporeon
|-cureteam|p1a: Vaporeon|[from] move: HealBell
|move|p2a: Neus|Calm Mind|p2a: Neus
|-boost|p2a: Neus|spa|1
|-boost|p2a: Neus|spd|1
|
|-heal|p1a: Vaporeon|435\/464|[from] item: Leftovers
|-heal|p2a: Neus|327\/393|[from] item: Leftovers
|turn|14
|
|switch|p1a: Excadrill|Excadrill, F|373\/373
|-damage|p1a: Excadrill|362\/373|[from] Stealth Rock
|-ability|p1a: Excadrill|Mold Breaker
|move|p2a: Neus|Flamethrower|p1a: Excadrill
|-supereffective|p1a: Excadrill
|-damage|p1a: Excadrill|162\/373
|
|-heal|p2a: Neus|351\/393|[from] item: Leftovers
|turn|15
|
|switch|p2a: Neus|Keldeo|323\/323
|-damage|p2a: Neus|303\/323|[from] Stealth Rock
|move|p1a: Excadrill|Iron Head|p2a: Neus
|-resisted|p2a: Neus
|-damage|p2a: Neus|209\/323
|
|turn|16
|
|switch|p1a: Vaporeon|Vaporeon, F|435\/464
|-damage|p1a: Vaporeon|377\/464|[from] Stealth Rock
|move|p2a: Neus|Secret Sword|p1a: Vaporeon
|-damage|p1a: Vaporeon|170\/464
|
|-heal|p1a: Vaporeon|199\/464|[from] item: Leftovers
|turn|17
|
|switch|p2a: Medicham|Medicham-Mega, M|261\/261
|-damage|p2a: Medicham|245\/261|[from] Stealth Rock
|move|p1a: Vaporeon|Protect|p1a: Vaporeon
|-fail|p1a: Vaporeon
|
|-heal|p1a: Vaporeon|228\/464|[from] item: Leftovers
|turn|18
|
|move|p1a: Vaporeon|Protect|p1a: Vaporeon
|-singleturn|p1a: Vaporeon|Protect
|move|p2a: Medicham|Fake Out|p1a: Vaporeon
|-activate|p1a: Vaporeon|Protect
|
|-heal|p1a: Vaporeon|257\/464|[from] item: Leftovers
|turn|19
|
|switch|p1a: Skarmory|Skarmory, F|116\/334
|-damage|p1a: Skarmory|75\/334|[from] Stealth Rock
|move|p2a: Medicham|High Jump Kick|p1a: Skarmory
|-damage|p1a: Skarmory|0 fnt
|-damage|p2a: Medicham|202\/261|[from] item: Rocky Helmet|[of] p1a: Skarmory
|faint|p1a: Skarmory
|
|
|switch|p1a: Alakazam|Alakazam, M|252\/252
|turn|20
|
|switch|p2a: Neus|Landorus, M|319\/319
|-damage|p2a: Neus|280\/319|[from] Stealth Rock
|move|p1a: Alakazam|Shadow Ball|p2a: Neus
|-damage|p2a: Neus|138\/319
|
|turn|21
|
|move|p1a: Alakazam|Shadow Ball|p2a: Neus
|-damage|p2a: Neus|18\/319
|move|p2a: Neus|Knock Off|p1a: Alakazam
|-supereffective|p1a: Alakazam
|-enditem|p1a: Alakazam|Focus Sash
|-damage|p1a: Alakazam|1\/252
|-damage|p2a: Neus|0 fnt|[from] item: Life Orb
|faint|p2a: Neus
|
|
|switch|p2a: Neus|Tyranitar, F|316\/404
|-damage|p2a: Neus|266\/404|[from] Stealth Rock
|-weather|Sandstorm
|turn|22
|
|move|p1a: Alakazam|Focus Blast|p2a: Neus
|-supereffective|p2a: Neus
|-damage|p2a: Neus|10\/404
|move|p2a: Neus|Pursuit|p1a: Alakazam
|-supereffective|p1a: Alakazam
|-damage|p1a: Alakazam|0 fnt
|faint|p1a: Alakazam
|
|-weather|Sandstorm|[upkeep]
|
|switch|p1a: Excadrill|Excadrill, F|162\/373
|-damage|p1a: Excadrill|151\/373|[from] Stealth Rock
|-ability|p1a: Excadrill|Mold Breaker
|turn|23
|
|move|p1a: Excadrill|Rapid Spin|p2a: Neus
|-resisted|p2a: Neus
|-damage|p2a: Neus|0 fnt
|-sideend|p1: qpzm257|Stealth Rock|[from] move: Rapid Spin|[of] p1a: Excadrill
|faint|p2a: Neus
|
|-weather|Sandstorm|[upkeep]
|
|switch|p2a: Skarmory|Skarmory, M|333\/334
|-damage|p2a: Skarmory|292\/334|[from] Stealth Rock
|turn|24
|
|switch|p1a: Manectric|Manectric-Mega, F|19\/282
|-ability|p1a: Manectric|Intimidate|[of] p2a: Skarmory
|-unboost|p2a: Skarmory|atk|1
|move|p2a: Skarmory|Stealth Rock|p1a: Manectric
|-sidestart|p1: qpzm257|move: Stealth Rock
|
|-weather|Sandstorm|[upkeep]
|-damage|p1a: Manectric|2\/282|[from] sandstorm
|-heal|p2a: Skarmory|312\/334|[from] item: Leftovers
|turn|25
|
|switch|p2a: Neus|Clefable, M|351\/393
|move|p1a: Manectric|Thunderbolt|p2a: Neus
|-damage|p2a: Neus|179\/393
|
|-weather|Sandstorm|[upkeep]
|-damage|p1a: Manectric|0 fnt|[from] sandstorm
|-heal|p2a: Neus|203\/393|[from] item: Leftovers
|faint|p1a: Manectric
|
|switch|p1a: Excadrill|Excadrill, F|151\/373
|-damage|p1a: Excadrill|140\/373|[from] Stealth Rock
|-ability|p1a: Excadrill|Mold Breaker
|turn|26
|
|move|p1a: Excadrill|Earthquake|p2a: Neus
|-damage|p2a: Neus|25\/393
|move|p2a: Neus|Flamethrower|p1a: Excadrill
|-supereffective|p1a: Excadrill
|-damage|p1a: Excadrill|8\/373
|
|-weather|none
|-heal|p2a: Neus|49\/393|[from] item: Leftovers
|turn|27
|
|move|p1a: Excadrill|Rapid Spin|p2a: Neus
|-damage|p2a: Neus|24\/393
|-sideend|p1: qpzm257|Stealth Rock|[from] move: Rapid Spin|[of] p1a: Excadrill
|move|p2a: Neus|Soft-Boiled|p2a: Neus
|-heal|p2a: Neus|221\/393
|
|-heal|p2a: Neus|245\/393|[from] item: Leftovers
|turn|28
|
|switch|p2a: Skarmory|Skarmory, M|312\/334
|-damage|p2a: Skarmory|271\/334|[from] Stealth Rock
|move|p1a: Excadrill|Iron Head|p2a: Skarmory
|-resisted|p2a: Skarmory
|-damage|p2a: Skarmory|228\/334
|
|-heal|p2a: Skarmory|248\/334|[from] item: Leftovers
|turn|29
|
|move|p1a: Excadrill|Rock Slide|p2a: Skarmory
|-crit|p2a: Skarmory
|-damage|p2a: Skarmory|168\/334
|move|p2a: Skarmory|Stealth Rock|p1a: Excadrill
|-sidestart|p1: qpzm257|move: Stealth Rock
|
|-heal|p2a: Skarmory|188\/334|[from] item: Leftovers
|turn|30
|
|move|p1a: Excadrill|Rapid Spin|p2a: Skarmory
|-resisted|p2a: Skarmory
|-damage|p2a: Skarmory|181\/334
|-sideend|p1: qpzm257|Stealth Rock|[from] move: Rapid Spin|[of] p1a: Excadrill
|move|p2a: Skarmory|Roost|p2a: Skarmory
|-heal|p2a: Skarmory|334\/334
|
|turn|31
|
|switch|p1a: Dragonite|Dragonite, M|324\/324
|move|p2a: Skarmory|Stealth Rock|p1a: Dragonite
|-sidestart|p1: qpzm257|move: Stealth Rock
|
|turn|32
|
|move|p1a: Dragonite|Dragon Dance|p1a: Dragonite
|-boost|p1a: Dragonite|atk|1
|-boost|p1a: Dragonite|spe|1
|move|p2a: Skarmory|Whirlwind|p1a: Dragonite
|drag|p1a: Vaporeon|Vaporeon, F|257\/464
|-damage|p1a: Vaporeon|199\/464|[from] Stealth Rock
|
|-heal|p1a: Vaporeon|228\/464|[from] item: Leftovers
|turn|33
|
|move|p1a: Vaporeon|Wish|p1a: Vaporeon
|move|p2a: Skarmory|Whirlwind|p1a: Vaporeon
|drag|p1a: Dragonite|Dragonite, M|324\/324
|-damage|p1a: Dragonite|243\/324|[from] Stealth Rock
|
|turn|34
|
|move|p1a: Dragonite|Fire Punch|p2a: Skarmory
|-supereffective|p2a: Skarmory
|-damage|p2a: Skarmory|226\/334
|move|p2a: Skarmory|Whirlwind|p1a: Dragonite
|drag|p1a: Excadrill|Excadrill, F|8\/373
|-damage|p1a: Excadrill|0 fnt|[from] Stealth Rock
|faint|p1a: Excadrill
|
|-heal|p2a: Skarmory|246\/334|[from] item: Leftovers
|
|switch|p1a: Vaporeon|Vaporeon, F|228\/464
|-damage|p1a: Vaporeon|170\/464|[from] Stealth Rock
|turn|35
|
|move|p1a: Vaporeon|Wish|p1a: Vaporeon
|move|p2a: Skarmory|Whirlwind|p1a: Vaporeon
|drag|p1a: Dragonite|Dragonite, M|243\/324
|-damage|p1a: Dragonite|162\/324|[from] Stealth Rock
|
|-heal|p2a: Skarmory|266\/334|[from] item: Leftovers
|turn|36
|
|move|p1a: Dragonite|Fire Punch|p2a: Skarmory
|-supereffective|p2a: Skarmory
|-damage|p2a: Skarmory|158\/334
|move|p2a: Skarmory|Whirlwind|p1a: Dragonite
|drag|p1a: Vaporeon|Vaporeon, F|170\/464
|-damage|p1a: Vaporeon|112\/464|[from] Stealth Rock
|
|-heal|p1a: Vaporeon|344\/464|[from] move: Wish|[wisher] Vaporeon
|-heal|p2a: Skarmory|178\/334|[from] item: Leftovers
|-heal|p1a: Vaporeon|373\/464|[from] item: Leftovers
|turn|37
|
|switch|p2a: Neus|Clefable, M|245\/393
|move|p1a: Vaporeon|Scald|p2a: Neus
|-damage|p2a: Neus|130\/393
|
|-heal|p1a: Vaporeon|402\/464|[from] item: Leftovers
|-heal|p2a: Neus|154\/393|[from] item: Leftovers
|turn|38
|
|move|p1a: Vaporeon|Wish|p1a: Vaporeon
|move|p2a: Neus|Soft-Boiled|p2a: Neus
|-heal|p2a: Neus|351\/393
|
|-heal|p1a: Vaporeon|431\/464|[from] item: Leftovers
|-heal|p2a: Neus|375\/393|[from] item: Leftovers
|turn|39
|
|switch|p1a: Dragonite|Dragonite, M|162\/324
|-damage|p1a: Dragonite|81\/324|[from] Stealth Rock
|move|p2a: Neus|Moonblast|p1a: Dragonite
|-supereffective|p1a: Dragonite
|-damage|p1a: Dragonite|0 fnt
|faint|p1a: Dragonite
|
|-heal|p2a: Neus|393\/393|[from] item: Leftovers
|
|switch|p1a: Vaporeon|Vaporeon, F|431\/464
|-damage|p1a: Vaporeon|373\/464|[from] Stealth Rock
|turn|40
|c|âBahaFan|gg
|
|move|p1a: Vaporeon|Scald|p2a: Neus
|-damage|p2a: Neus|291\/393
|move|p2a: Neus|Calm Mind|p2a: Neus
|-boost|p2a: Neus|spa|1
|-boost|p2a: Neus|spd|1
|
|-heal|p1a: Vaporeon|402\/464|[from] item: Leftovers
|-heal|p2a: Neus|315\/393|[from] item: Leftovers
|turn|41
|
|move|p1a: Vaporeon|Scald|p2a: Neus
|-damage|p2a: Neus|245\/393
|move|p2a: Neus|Calm Mind|p2a: Neus
|-boost|p2a: Neus|spa|1
|-boost|p2a: Neus|spd|1
|
|-heal|p1a: Vaporeon|431\/464|[from] item: Leftovers
|-heal|p2a: Neus|269\/393|[from] item: Leftovers
|turn|42
|
|move|p1a: Vaporeon|Scald|p2a: Neus
|-damage|p2a: Neus|212\/393
|move|p2a: Neus|Soft-Boiled|p2a: Neus
|-heal|p2a: Neus|393\/393
|
|-heal|p1a: Vaporeon|460\/464|[from] item: Leftovers
|turn|43
|
|move|p1a: Vaporeon|Scald|p2a: Neus
|-damage|p2a: Neus|333\/393
|move|p2a: Neus|Moonblast|p1a: Vaporeon
|-damage|p1a: Vaporeon|309\/464
|-unboost|p1a: Vaporeon|spa|1
|
|-heal|p1a: Vaporeon|338\/464|[from] item: Leftovers
|-heal|p2a: Neus|357\/393|[from] item: Leftovers
|turn|44
|
|move|p1a: Vaporeon|Scald|p2a: Neus
|-damage|p2a: Neus|318\/393
|-status|p2a: Neus|brn
|move|p2a: Neus|Calm Mind|p2a: Neus
|-boost|p2a: Neus|spa|1
|-boost|p2a: Neus|spd|1
|
|-heal|p1a: Vaporeon|367\/464|[from] item: Leftovers
|-heal|p2a: Neus|342\/393 brn|[from] item: Leftovers
|turn|45
|-message|qpzm257 forfeited.
|
|win|BahaFan
|raw|Ladder updating...
|leave|qpzm257
|player|p1
|raw|qpzm257's rating: 1649 &rarr; <strong>1630<\/strong><br \/>(-19 for losing)
|raw|BahaFan's rating: 1673 &rarr; <strong>1691<\/strong><br \/>(+18 for winning)