|join|Flik oddessa
|join|qpzm257
|player|p1|Flik oddessa|277
|player|p2|qpzm257|101
|gametype|singles
|gen|6
|tier|OU
|rated
|clearpoke
|poke|p1|Tyranitar, F
|poke|p1|Keldeo-Resolute
|poke|p1|Talonflame, F
|poke|p1|Skarmory, F
|poke|p1|Thundurus, M
|poke|p1|Chansey, F
|poke|p2|Vaporeon, F
|poke|p2|Dragonite, M
|poke|p2|Manectric, F
|poke|p2|Alakazam, M
|poke|p2|Excadrill, F
|poke|p2|Skarmory, F
|rule|Sleep Clause Mod: Limit one foe put to sleep
|rule|Species Clause: Limit one of each Pokemon
|rule|OHKO Clause: OHKO moves are banned
|rule|Moody Clause: Moody is banned
|rule|Evasion Moves Clause: Evasion moves are banned
|rule|Endless Battle Clause: Forcing endless battles is banned.
|rule|HP Percentage Mod: HP is reported as percentages
|teampreview
|
|start
|switch|p1a: Keldeo-Resolute|Keldeo-Resolute|323\/323
|switch|p2a: Manectric|Manectric, F|282\/282
|turn|1
|
|-ability|p2a: Manectric|Intimidate|[of] p1a: Keldeo-Resolute
|-unboost|p1a: Keldeo-Resolute|atk|1
|detailschange|p2a: Manectric|Manectric-Mega, F
|message|Manectric has Mega Evolved into Mega Manectric!
|move|p1a: Keldeo-Resolute|Hydro Pump|p2a: Manectric|[miss]
|-miss|p1a: Keldeo-Resolute|p2a: Manectric
|move|p2a: Manectric|Thunderbolt|p1a: Keldeo-Resolute
|-crit|p1a: Keldeo-Resolute
|-supereffective|p1a: Keldeo-Resolute
|-damage|p1a: Keldeo-Resolute|0 fnt
|faint|p1a: Keldeo-Resolute
|
|
|switch|p1a: Tyranitar|Tyranitar, F|342\/342
|-weather|Sandstorm
|turn|2
|
|detailschange|p1a: Tyranitar|Tyranitar-Mega, F
|message|Tyranitar has Mega Evolved into Mega Tyranitar!
|move|p2a: Manectric|Volt Switch|p1a: Tyranitar
|-damage|p1a: Tyranitar|267\/342
|
|switch|p2a: Skarmory|Skarmory, F|334\/334
|move|p1a: Tyranitar|Dragon Dance|p1a: Tyranitar
|-boost|p1a: Tyranitar|atk|1
|-boost|p1a: Tyranitar|spe|1
|
|-weather|Sandstorm|[upkeep]
|turn|3
|
|move|p1a: Tyranitar|Stone Edge|p2a: Skarmory
|-damage|p2a: Skarmory|162\/334
|move|p2a: Skarmory|Whirlwind|p1a: Tyranitar
|drag|p1a: Chansey|Chansey, F|704\/704
|
|-weather|Sandstorm|[upkeep]
|-damage|p1a: Chansey|660\/704|[from] sandstorm
|turn|4
|
|move|p2a: Skarmory|Stealth Rock|p1a: Chansey
|-sidestart|p1: Flik oddessa|move: Stealth Rock
|move|p1a: Chansey|Wish|p1a: Chansey
|
|-weather|Sandstorm|[upkeep]
|-damage|p1a: Chansey|616\/704|[from] sandstorm
|turn|5
|
|switch|p1a: Tyranitar|Tyranitar-Mega, F|267\/342
|-damage|p1a: Tyranitar|225\/342|[from] Stealth Rock
|move|p2a: Skarmory|Whirlwind|p1a: Tyranitar
|drag|p1a: Talonflame|Talonflame, F|298\/298
|-damage|p1a: Talonflame|149\/298|[from] Stealth Rock
|
|-weather|Sandstorm|[upkeep]
|-damage|p1a: Talonflame|131\/298|[from] sandstorm
|-heal|p1a: Talonflame|298\/298|[from] move: Wish|[wisher] Chansey
|turn|6
|
|move|p1a: Talonflame|Flare Blitz|p2a: Skarmory
|-crit|p2a: Skarmory
|-supereffective|p2a: Skarmory
|-damage|p2a: Skarmory|0 fnt
|-damage|p1a: Talonflame|245\/298|[from] recoil|[of] p2a: Skarmory
|-damage|p1a: Talonflame|196\/298|[from] item: Rocky Helmet|[of] p2a: Skarmory
|faint|p2a: Skarmory
|
|-weather|none
|
|switch|p2a: Manectric|Manectric-Mega, F|282\/282
|-ability|p2a: Manectric|Intimidate|[of] p1a: Talonflame
|-unboost|p1a: Talonflame|atk|1
|turn|7
|
|switch|p1a: Chansey|Chansey, F|616\/704
|-damage|p1a: Chansey|528\/704|[from] Stealth Rock
|move|p2a: Manectric|Thunderbolt|p1a: Chansey
|-damage|p1a: Chansey|419\/704
|
|turn|8
|
|move|p2a: Manectric|Volt Switch|p1a: Chansey
|-damage|p1a: Chansey|334\/704
|
|switch|p2a: Excadrill|Excadrill, F|373\/373
|-ability|p2a: Excadrill|Mold Breaker
|move|p1a: Chansey|Wish|p1a: Chansey
|
|turn|9
|
|switch|p1a: Skarmory|Skarmory, F|334\/334
|-damage|p1a: Skarmory|293\/334|[from] Stealth Rock
|move|p2a: Excadrill|Rock Slide|p1a: Skarmory
|-damage|p1a: Skarmory|232\/334
|
|-heal|p1a: Skarmory|334\/334|[from] move: Wish|[wisher] Chansey
|turn|10
|
|move|p2a: Excadrill|Rock Slide|p1a: Skarmory
|-miss|p2a: Excadrill|p1a: Skarmory
|move|p1a: Skarmory|Defog|p2a: Excadrill
|-unboost|p2a: Excadrill|evasion|1
|-sideend|p1: Flik oddessa|Stealth Rock|[from] move: Defog|[of] p1a: Skarmory
|
|turn|11
|
|move|p2a: Excadrill|Rock Slide|p1a: Skarmory
|-damage|p1a: Skarmory|271\/334
|move|p1a: Skarmory|Stealth Rock|p2a: Excadrill
|-sidestart|p2: qpzm257|move: Stealth Rock
|
|turn|12
|
|move|p2a: Excadrill|Rock Slide|p1a: Skarmory
|-damage|p1a: Skarmory|208\/334
|move|p1a: Skarmory|Brave Bird|p2a: Excadrill
|-resisted|p2a: Excadrill
|-damage|p2a: Excadrill|295\/373
|-damage|p1a: Skarmory|182\/334|[from] recoil|[of] p2a: Excadrill
|
|turn|13
|
|move|p2a: Excadrill|Rapid Spin|p1a: Skarmory
|-resisted|p1a: Skarmory
|-damage|p1a: Skarmory|174\/334
|-damage|p2a: Excadrill|233\/373|[from] item: Rocky Helmet|[of] p1a: Skarmory
|-sideend|p2: qpzm257|Stealth Rock|[from] move: Rapid Spin|[of] p2a: Excadrill
|move|p1a: Skarmory|Roost|p1a: Skarmory
|-heal|p1a: Skarmory|334\/334
|
|turn|14
|
|switch|p2a: Manectric|Manectric-Mega, F|282\/282
|-ability|p2a: Manectric|Intimidate|[of] p1a: Skarmory
|-unboost|p1a: Skarmory|atk|1
|move|p1a: Skarmory|Stealth Rock|p2a: Manectric
|-sidestart|p2: qpzm257|move: Stealth Rock
|
|turn|15
|
|switch|p1a: Chansey|Chansey, F|334\/704
|move|p2a: Manectric|Thunderbolt|p1a: Chansey
|-damage|p1a: Chansey|216\/704
|
|turn|16
|
|move|p2a: Manectric|Volt Switch|p1a: Chansey
|-damage|p1a: Chansey|120\/704
|
|switch|p2a: Vaporeon|Vaporeon, F|464\/464
|-damage|p2a: Vaporeon|406\/464|[from] Stealth Rock
|move|p1a: Chansey|Wish|p1a: Chansey
|
|-heal|p2a: Vaporeon|435\/464|[from] item: Leftovers
|turn|17
|
|move|p1a: Chansey|Protect|p1a: Chansey
|-singleturn|p1a: Chansey|Protect
|move|p2a: Vaporeon|Wish|p2a: Vaporeon
|
|-heal|p1a: Chansey|472\/704|[from] move: Wish|[wisher] Chansey
|-heal|p2a: Vaporeon|464\/464|[from] item: Leftovers
|turn|18
|
|move|p2a: Vaporeon|Scald|p1a: Chansey
|-damage|p1a: Chansey|405\/704
|move|p1a: Chansey|Seismic Toss|p2a: Vaporeon
|-damage|p2a: Vaporeon|364\/464
|
|-heal|p2a: Vaporeon|464\/464|[from] move: Wish|[wisher] Vaporeon
|turn|19
|
|move|p2a: Vaporeon|Scald|p1a: Chansey
|-damage|p1a: Chansey|336\/704
|move|p1a: Chansey|Wish|p1a: Chansey
|
|turn|20
|
|switch|p1a: Thundurus|Thundurus, M|300\/300
|move|p2a: Vaporeon|Scald|p1a: Thundurus
|-damage|p1a: Thundurus|176\/300
|
|-heal|p1a: Thundurus|300\/300|[from] move: Wish|[wisher] Chansey
|turn|21
|
|move|p1a: Thundurus|Focus Blast|p2a: Vaporeon
|-damage|p2a: Vaporeon|366\/464
|move|p2a: Vaporeon|Scald|p1a: Thundurus
|-damage|p1a: Thundurus|179\/300
|
|-heal|p1a: Thundurus|197\/300|[from] item: Leftovers
|-heal|p2a: Vaporeon|395\/464|[from] item: Leftovers
|turn|22
|
|switch|p2a: Excadrill|Excadrill, F|233\/373
|-damage|p2a: Excadrill|222\/373|[from] Stealth Rock
|-ability|p2a: Excadrill|Mold Breaker
|move|p1a: Thundurus|Thunderbolt|p2a: Excadrill
|-immune|p2a: Excadrill|[msg]
|
|-heal|p1a: Thundurus|215\/300|[from] item: Leftovers
|turn|23
|
|move|p1a: Thundurus|Focus Blast|p2a: Excadrill
|-supereffective|p2a: Excadrill
|-damage|p2a: Excadrill|0 fnt
|faint|p2a: Excadrill
|
|-heal|p1a: Thundurus|233\/300|[from] item: Leftovers
|
|switch|p2a: Manectric|Manectric-Mega, F|282\/282
|-damage|p2a: Manectric|247\/282|[from] Stealth Rock
|-ability|p2a: Manectric|Intimidate|[of] p1a: Thundurus
|-unboost|p1a: Thundurus|atk|1
|turn|24
|
|switch|p1a: Chansey|Chansey, F|336\/704
|move|p2a: Manectric|Thunderbolt|p1a: Chansey
|-damage|p1a: Chansey|224\/704
|
|turn|25
|
|move|p2a: Manectric|Thunderbolt|p1a: Chansey
|-damage|p1a: Chansey|103\/704
|move|p1a: Chansey|Wish|p1a: Chansey
|
|turn|26
|
|switch|p2a: Vaporeon|Vaporeon, F|395\/464
|-damage|p2a: Vaporeon|337\/464|[from] Stealth Rock
|move|p1a: Chansey|Protect|p1a: Chansey
|-fail|p1a: Chansey
|
|-heal|p1a: Chansey|455\/704|[from] move: Wish|[wisher] Chansey
|-heal|p2a: Vaporeon|366\/464|[from] item: Leftovers
|turn|27
|
|move|p2a: Vaporeon|Wish|p2a: Vaporeon
|move|p1a: Chansey|Wish|p1a: Chansey
|
|-heal|p2a: Vaporeon|395\/464|[from] item: Leftovers
|turn|28
|
|move|p2a: Vaporeon|Scald|p1a: Chansey
|-damage|p1a: Chansey|389\/704
|-status|p1a: Chansey|brn
|move|p1a: Chansey|Seismic Toss|p2a: Vaporeon
|-damage|p2a: Vaporeon|295\/464
|
|-heal|p2a: Vaporeon|464\/464|[from] move: Wish|[wisher] Vaporeon
|-heal|p1a: Chansey|704\/704 brn|[from] move: Wish|[wisher] Chansey
|-damage|p1a: Chansey|616\/704 brn|[from] brn
|turn|29
|
|move|p2a: Vaporeon|Wish|p2a: Vaporeon
|move|p1a: Chansey|Heal Bell|p1a: Chansey
|-cureteam|p1a: Chansey|[from] move: HealBell
|
|turn|30
|
|switch|p2a: Dragonite|Dragonite, M|324\/324
|-damage|p2a: Dragonite|243\/324|[from] Stealth Rock
|move|p1a: Chansey|Seismic Toss|p2a: Dragonite
|-damage|p2a: Dragonite|143\/324
|
|-heal|p2a: Dragonite|324\/324|[from] move: Wish|[wisher] Vaporeon
|turn|31
|
|switch|p1a: Skarmory|Skarmory, F|334\/334
|move|p2a: Dragonite|Dragon Dance|p2a: Dragonite
|-boost|p2a: Dragonite|atk|1
|-boost|p2a: Dragonite|spe|1
|
|turn|32
|
|move|p2a: Dragonite|Fire Punch|p1a: Skarmory
|-supereffective|p1a: Skarmory
|-damage|p1a: Skarmory|174\/334
|-damage|p2a: Dragonite|270\/324|[from] item: Rocky Helmet|[of] p1a: Skarmory
|move|p1a: Skarmory|Brave Bird|p2a: Dragonite
|-damage|p2a: Dragonite|155\/324
|-damage|p1a: Skarmory|136\/334|[from] recoil|[of] p2a: Dragonite
|
|turn|33
|
|move|p2a: Dragonite|Fire Punch|p1a: Skarmory
|-supereffective|p1a: Skarmory
|-damage|p1a: Skarmory|0 fnt
|-damage|p2a: Dragonite|101\/324|[from] item: Rocky Helmet|[of] p1a: Skarmory
|faint|p1a: Skarmory
|
|
|switch|p1a: Talonflame|Talonflame, F|196\/298
|turn|34
|
|move|p2a: Dragonite|Extreme Speed|p1a: Talonflame
|-damage|p1a: Talonflame|0 fnt
|faint|p1a: Talonflame
|
|
|switch|p1a: Tyranitar|Tyranitar-Mega, F|225\/342
|-weather|Sandstorm
|turn|35
|
|move|p2a: Dragonite|Dragon Claw|p1a: Tyranitar
|-damage|p1a: Tyranitar|42\/342
|move|p1a: Tyranitar|Dragon Dance|p1a: Tyranitar
|-boost|p1a: Tyranitar|atk|1
|-boost|p1a: Tyranitar|spe|1
|
|-weather|Sandstorm|[upkeep]
|-damage|p2a: Dragonite|81\/324|[from] sandstorm
|turn|36
|
|move|p1a: Tyranitar|Ice Punch|p2a: Dragonite
|-supereffective|p2a: Dragonite
|-damage|p2a: Dragonite|0 fnt
|faint|p2a: Dragonite
|
|-weather|Sandstorm|[upkeep]
|chat|qpzm257|jolly?
|
|switch|p2a: Manectric|Manectric-Mega, F|247\/282
|-damage|p2a: Manectric|212\/282|[from] Stealth Rock
|-ability|p2a: Manectric|Intimidate|[of] p1a: Tyranitar
|-unboost|p1a: Tyranitar|atk|1
|turn|37
|chat|Flik oddessa|yeah 
|chat|qpzm257|I should've played it safe with e speed
|
|move|p1a: Tyranitar|Earthquake|p2a: Manectric
|-crit|p2a: Manectric
|-supereffective|p2a: Manectric
|-damage|p2a: Manectric|0 fnt
|faint|p2a: Manectric
|
|-weather|Sandstorm|[upkeep]
|
|switch|p2a: Alakazam|Alakazam, M|252\/252
|turn|38
|
|move|p1a: Tyranitar|Ice Punch|p2a: Alakazam
|-damage|p2a: Alakazam|37\/252
|move|p2a: Alakazam|Dazzling Gleam|p1a: Tyranitar
|-supereffective|p1a: Tyranitar
|-damage|p1a: Tyranitar|0 fnt
|faint|p1a: Tyranitar
|
|-weather|Sandstorm|[upkeep]
|
|switch|p1a: Chansey|Chansey, F|616\/704
|turn|39
|
|move|p2a: Alakazam|Focus Blast|p1a: Chansey
|-supereffective|p1a: Chansey
|-damage|p1a: Chansey|430\/704
|move|p1a: Chansey|Seismic Toss|p2a: Alakazam
|-damage|p2a: Alakazam|0 fnt
|faint|p2a: Alakazam
|
|-weather|none
|
|switch|p2a: Vaporeon|Vaporeon, F|464\/464
|-damage|p2a: Vaporeon|406\/464|[from] Stealth Rock
|turn|40
|
|move|p2a: Vaporeon|Scald|p1a: Chansey
|-damage|p1a: Chansey|361\/704
|-status|p1a: Chansey|brn
|move|p1a: Chansey|Wish|p1a: Chansey
|
|-heal|p2a: Vaporeon|435\/464|[from] item: Leftovers
|-damage|p1a: Chansey|273\/704 brn|[from] brn
|turn|41
|
|switch|p1a: Thundurus|Thundurus, M|233\/300
|move|p2a: Vaporeon|Scald|p1a: Thundurus
|-damage|p1a: Thundurus|103\/300
|
|-heal|p1a: Thundurus|300\/300|[from] move: Wish|[wisher] Chansey
|-heal|p2a: Vaporeon|464\/464|[from] item: Leftovers
|turn|42
|
|move|p1a: Thundurus|Thunderbolt|p2a: Vaporeon
|-supereffective|p2a: Vaporeon
|-damage|p2a: Vaporeon|230\/464
|move|p2a: Vaporeon|Scald|p1a: Thundurus
|-damage|p1a: Thundurus|171\/300
|-status|p1a: Thundurus|brn
|
|-heal|p1a: Thundurus|189\/300 brn|[from] item: Leftovers
|-heal|p2a: Vaporeon|259\/464|[from] item: Leftovers
|-damage|p1a: Thundurus|152\/300 brn|[from] brn
|turn|43
|
|move|p2a: Vaporeon|Protect|p2a: Vaporeon
|-singleturn|p2a: Vaporeon|Protect
|move|p1a: Thundurus|Thunderbolt|p2a: Vaporeon
|-activate|p2a: Vaporeon|Protect
|
|-heal|p1a: Thundurus|170\/300 brn|[from] item: Leftovers
|-heal|p2a: Vaporeon|288\/464|[from] item: Leftovers
|-damage|p1a: Thundurus|133\/300 brn|[from] brn
|turn|44
|
|move|p1a: Thundurus|Thunderbolt|p2a: Vaporeon
|-supereffective|p2a: Vaporeon
|-damage|p2a: Vaporeon|34\/464
|move|p2a: Vaporeon|Wish|p2a: Vaporeon
|
|-heal|p1a: Thundurus|151\/300 brn|[from] item: Leftovers
|-heal|p2a: Vaporeon|63\/464|[from] item: Leftovers
|-damage|p1a: Thundurus|114\/300 brn|[from] brn
|turn|45
|
|switch|p1a: Chansey|Chansey, F|273\/704
|move|p2a: Vaporeon|Scald|p1a: Chansey
|-damage|p1a: Chansey|209\/704
|
|-heal|p2a: Vaporeon|295\/464|[from] move: Wish|[wisher] Vaporeon
|-heal|p2a: Vaporeon|324\/464|[from] item: Leftovers
|turn|46
|
|move|p2a: Vaporeon|Scald|p1a: Chansey
|-crit|p1a: Chansey
|-damage|p1a: Chansey|101\/704
|move|p1a: Chansey|Heal Bell|p1a: Chansey
|-cureteam|p1a: Chansey|[from] move: HealBell
|
|-heal|p2a: Vaporeon|353\/464|[from] item: Leftovers
|turn|47
|
|move|p2a: Vaporeon|Scald|p1a: Chansey
|-damage|p1a: Chansey|37\/704
|-status|p1a: Chansey|brn
|move|p1a: Chansey|Wish|p1a: Chansey
|
|-heal|p2a: Vaporeon|382\/464|[from] item: Leftovers
|-damage|p1a: Chansey|0 fnt|[from] brn
|faint|p1a: Chansey
|
|switch|p1a: Thundurus|Thundurus, M|114\/300
|turn|48
|
|move|p1a: Thundurus|Thunderbolt|p2a: Vaporeon
|-supereffective|p2a: Vaporeon
|-damage|p2a: Vaporeon|142\/464
|move|p2a: Vaporeon|Scald|p1a: Thundurus
|-damage|p1a: Thundurus|0 fnt
|faint|p1a: Thundurus
|
|win|qpzm257
|raw|Ladder updating...
|chat|qpzm257|gg
|leave|Flik oddessa
|player|p1
|chat|qpzm257|didn't think I 'd pull that off
|raw|Ladder (probably) updated, but score could not be retrieved (timeout).
|raw|Ladder (probably) updated, but score could not be retrieved (Error: socket hang up).
|leave|qpzm257
|join|qpzm257
|player|p2