|join|qpzm257
|join|'Cune and Friends
|player|p1|qpzm257|101
|player|p2|'Cune and Friends|242
|gametype|singles
|gen|6
|tier|OU
|clearpoke
|poke|p1|Vaporeon, F
|poke|p1|Dragonite, M
|poke|p1|Manectric, F
|poke|p1|Alakazam, M
|poke|p1|Excadrill, F
|poke|p1|Skarmory, F
|poke|p2|Raikou
|poke|p2|Suicune
|poke|p2|Entei, shiny
|poke|p2|Deoxys-Speed
|poke|p2|Zapdos
|poke|p2|Chesnaught, F
|rule|Sleep Clause Mod: Limit one foe put to sleep
|rule|Species Clause: Limit one of each Pokemon
|rule|OHKO Clause: OHKO moves are banned
|rule|Moody Clause: Moody is banned
|rule|Evasion Moves Clause: Evasion moves are banned
|rule|Endless Battle Clause: Forcing endless battles is banned.
|rule|HP Percentage Mod: HP is reported as percentages
|teampreview
|
|start
|switch|p1a: Skarmory|Skarmory, F|334\/334
|switch|p2a: Entei|Entei, shiny|434\/434
|-ability|p2a: Entei|Pressure
|turn|1
|chat|'Cune and Friends|no good
|
|move|p2a: Entei|Sacred Fire|p1a: Skarmory
|-supereffective|p1a: Skarmory
|-damage|p1a: Skarmory|28\/334
|-status|p1a: Skarmory|brn
|move|p1a: Skarmory|Stealth Rock|p2a: Entei
|-sidestart|p2: 'Cune and Friends|move: Stealth Rock
|
|-damage|p1a: Skarmory|0 fnt|[from] brn
|faint|p1a: Skarmory
|chat|'Cune and Friends|god damn that punks got some serious D
|
|switch|p1a: Vaporeon|Vaporeon, F|464\/464
|turn|2
|
|switch|p2a: Zapdos|Zapdos|384\/384
|-damage|p2a: Zapdos|288\/384|[from] Stealth Rock
|-ability|p2a: Zapdos|Pressure
|move|p1a: Vaporeon|Scald|p2a: Zapdos
|-damage|p2a: Zapdos|173\/384
|
|-heal|p2a: Zapdos|197\/384|[from] item: Leftovers
|turn|3
|
|move|p2a: Zapdos|Defog|p1a: Vaporeon
|-unboost|p1a: Vaporeon|evasion|1
|-sideend|p2: 'Cune and Friends|Stealth Rock|[from] move: Defog|[of] p2a: Zapdos
|move|p1a: Vaporeon|Scald|p2a: Zapdos
|-damage|p2a: Zapdos|80\/384
|
|-heal|p2a: Zapdos|104\/384|[from] item: Leftovers
|turn|4
|
|move|p2a: Zapdos|Roost|p2a: Zapdos
|-heal|p2a: Zapdos|296\/384
|move|p1a: Vaporeon|Scald|p2a: Zapdos
|-damage|p2a: Zapdos|188\/384
|-status|p2a: Zapdos|brn
|
|-heal|p2a: Zapdos|212\/384 brn|[from] item: Leftovers
|-damage|p2a: Zapdos|164\/384 brn|[from] brn
|turn|5
|
|switch|p1a: Manectric|Manectric, F|282\/282
|move|p2a: Zapdos|Roost|p2a: Zapdos
|-heal|p2a: Zapdos|356\/384 brn
|
|-heal|p2a: Zapdos|380\/384 brn|[from] item: Leftovers
|-damage|p2a: Zapdos|332\/384 brn|[from] brn
|turn|6
|
|-formechange|p1a: Manectric|Manectric-Mega
|message|Manectric has Mega Evolved into Mega Manectric!
|-ability|p1a: Manectric|Intimidate|[of] p2a: Zapdos
|-unboost|p2a: Zapdos|atk|1
|move|p1a: Manectric|Thunderbolt|p2a: Zapdos
|-damage|p2a: Zapdos|149\/384 brn
|move|p2a: Zapdos|Heat Wave|p1a: Manectric
|-damage|p1a: Manectric|143\/282
|
|-heal|p2a: Zapdos|173\/384 brn|[from] item: Leftovers
|-damage|p2a: Zapdos|125\/384 brn|[from] brn
|turn|7
|
|switch|p2a: Entei|Entei, shiny|434\/434
|-ability|p2a: Entei|Pressure
|move|p1a: Manectric|Thunderbolt|p2a: Entei
|-damage|p2a: Entei|193\/434
|
|turn|8
|
|switch|p1a: Excadrill|Excadrill, F|373\/373
|-ability|p1a: Excadrill|Mold Breaker
|move|p2a: Entei|Extreme Speed|p1a: Excadrill
|-resisted|p1a: Excadrill
|-damage|p1a: Excadrill|264\/373
|
|turn|9
|
|switch|p2a: Chesnaught|Chesnaught, F|380\/380
|move|p1a: Excadrill|Rock Slide|p2a: Chesnaught
|-resisted|p2a: Chesnaught
|-damage|p2a: Chesnaught|334\/380
|
|-heal|p2a: Chesnaught|357\/380|[from] item: Leftovers
|turn|10
|
|move|p1a: Excadrill|Iron Head|p2a: Chesnaught
|-damage|p2a: Chesnaught|209\/380
|cant|p2a: Chesnaught|flinch
|
|-heal|p2a: Chesnaught|232\/380|[from] item: Leftovers
|turn|11
|
|move|p1a: Excadrill|Iron Head|p2a: Chesnaught
|-damage|p2a: Chesnaught|103\/380
|move|p2a: Chesnaught|Wood Hammer|p1a: Excadrill
|-damage|p1a: Excadrill|0 fnt
|-damage|p2a: Chesnaught|16\/380|[from] recoil|[of] p1a: Excadrill
|faint|p1a: Excadrill
|
|-heal|p2a: Chesnaught|39\/380|[from] item: Leftovers
|chat|'Cune and Friends|bs
|
|switch|p1a: Alakazam|Alakazam, M|252\/252
|turn|12
|
|switch|p2a: Deoxys-Speed|Deoxys-Speed|304\/304
|-ability|p2a: Deoxys-Speed|Pressure
|move|p1a: Alakazam|Psyshock|p2a: Deoxys-Speed
|-resisted|p2a: Deoxys-Speed
|-damage|p2a: Deoxys-Speed|217\/304
|
|turn|13
|
|move|p2a: Deoxys-Speed|Knock Off|p1a: Alakazam
|-supereffective|p1a: Alakazam
|-enditem|p1a: Alakazam|Focus Sash
|-damage|p1a: Alakazam|1\/252
|move|p1a: Alakazam|Shadow Ball|p2a: Deoxys-Speed
|-supereffective|p2a: Deoxys-Speed
|-damage|p2a: Deoxys-Speed|13\/304
|
|turn|14
|chat|'Cune and Friends|bulk
|
|move|p2a: Deoxys-Speed|Knock Off|p1a: Alakazam
|-supereffective|p1a: Alakazam
|-damage|p1a: Alakazam|0 fnt
|faint|p1a: Alakazam
|
|
|switch|p1a: Dragonite|Dragonite, M|324\/324
|turn|15
|
|move|p1a: Dragonite|Extreme Speed|p2a: Deoxys-Speed
|-damage|p2a: Deoxys-Speed|0 fnt
|faint|p2a: Deoxys-Speed
|
|
|switch|p2a: Raikou|Raikou|322\/322
|-ability|p2a: Raikou|Pressure
|-item|p2a: Raikou|Air Balloon
|turn|16
|
|switch|p1a: Vaporeon|Vaporeon, F|464\/464
|move|p2a: Raikou|Thunderbolt|p1a: Vaporeon
|-supereffective|p1a: Vaporeon
|-damage|p1a: Vaporeon|242\/464
|
|-heal|p1a: Vaporeon|271\/464|[from] item: Leftovers
|turn|17
|
|move|p2a: Raikou|Calm Mind|p2a: Raikou
|-boost|p2a: Raikou|spa|1
|-boost|p2a: Raikou|spd|1
|move|p1a: Vaporeon|Wish|p1a: Vaporeon
|
|-heal|p1a: Vaporeon|300\/464|[from] item: Leftovers
|turn|18
|chat|'Cune and Friends|roar me
|chat|'Cune and Friends|oh wait
|
|move|p2a: Raikou|Calm Mind|p2a: Raikou
|-boost|p2a: Raikou|spa|1
|-boost|p2a: Raikou|spd|1
|move|p1a: Vaporeon|Scald|p2a: Raikou
|-damage|p2a: Raikou|273\/322
|-enditem|p2a: Raikou|Air Balloon
|
|-heal|p1a: Vaporeon|464\/464|[from] move: Wish|[wisher] Vaporeon
|turn|19
|
|move|p2a: Raikou|Substitute|p2a: Raikou
|-start|p2a: Raikou|Substitute
|-damage|p2a: Raikou|193\/322
|move|p1a: Vaporeon|Wish|p1a: Vaporeon
|
|turn|20
|
|switch|p1a: Manectric|Manectric, F|143\/282
|-formechange|p1a: Manectric|Manectric-Mega
|-activate|p2a: Raikou|Substitute|ability: Intimidate|[of] p1a: Manectric
|move|p2a: Raikou|Calm Mind|p2a: Raikou
|-boost|p2a: Raikou|spa|1
|-boost|p2a: Raikou|spd|1
|
|-heal|p1a: Manectric|282\/282|[from] move: Wish|[wisher] Vaporeon
|turn|21
|
|move|p1a: Manectric|Thunderbolt|p2a: Raikou
|-crit|p2a: Raikou
|-resisted|p2a: Raikou
|-end|p2a: Raikou|Substitute
|move|p2a: Raikou|Hidden Power|p1a: Manectric
|-damage|p1a: Manectric|99\/282
|
|turn|22
|chat|'Cune and Friends|LOL what
|
|move|p1a: Manectric|Thunderbolt|p2a: Raikou
|-resisted|p2a: Raikou
|-damage|p2a: Raikou|154\/322
|move|p2a: Raikou|Substitute|p2a: Raikou
|-start|p2a: Raikou|Substitute
|-damage|p2a: Raikou|74\/322
|
|turn|23
|
|move|p1a: Manectric|Thunderbolt|p2a: Raikou
|-resisted|p2a: Raikou
|-activate|p2a: Raikou|Substitute|[damage]
|move|p2a: Raikou|Hidden Power|p1a: Manectric
|-damage|p1a: Manectric|0 fnt
|faint|p1a: Manectric
|
|
|switch|p1a: Dragonite|Dragonite, M|324\/324
|turn|24
|
|move|p1a: Dragonite|Extreme Speed|p2a: Raikou
|-end|p2a: Raikou|Substitute
|move|p2a: Raikou|Hidden Power|p1a: Dragonite
|-supereffective|p1a: Dragonite
|-damage|p1a: Dragonite|0 fnt
|faint|p1a: Dragonite
|
|chat|'Cune and Friends|weakness policy aint nothing but a thang
|
|switch|p1a: Vaporeon|Vaporeon, F|464\/464
|turn|25
|
|move|p2a: Raikou|Thunderbolt|p1a: Vaporeon
|-supereffective|p1a: Vaporeon
|-damage|p1a: Vaporeon|0 fnt
|faint|p1a: Vaporeon
|
|win|'Cune and Friends
|chat|'Cune and Friends|gg god damn
|chat|qpzm257|no weakness policy
|chat|'Cune and Friends|oh
|leave|qpzm257
|player|p1