|join|Guesst_50790
|join|qpzm257
|player|p1|Guesst_50790|294
|player|p2|qpzm257|101
|gametype|singles
|gen|6
|tier|OU
|rated
|clearpoke
|poke|p1|Smeargle, F, shiny
|poke|p1|Pinsir, M, shiny
|poke|p1|Talonflame, F
|poke|p1|Latios, M
|poke|p1|Magnezone
|poke|p1|Excadrill, M
|poke|p2|Vaporeon, F
|poke|p2|Dragonite, F
|poke|p2|Scizor, F
|poke|p2|Alakazam, M
|poke|p2|Excadrill, F
|poke|p2|Skarmory, F
|rule|Sleep Clause Mod: Limit one foe put to sleep
|rule|Species Clause: Limit one of each Pokemon
|rule|OHKO Clause: OHKO moves are banned
|rule|Moody Clause: Moody is banned
|rule|Evasion Moves Clause: Evasion moves are banned
|rule|Endless Battle Clause: Forcing endless battles is banned.
|rule|HP Percentage Mod: HP is reported as percentages
|teampreview
|
|start
|switch|p1a: Excadrill|Excadrill, M|362\/362
|switch|p2a: Excadrill|Excadrill, F|373\/373
|-item|p1a: Excadrill|Air Balloon
|-ability|p2a: Excadrill|Mold Breaker
|turn|1
|
|switch|p2a: Skarmory|Skarmory, F|334\/334
|move|p1a: Excadrill|Stealth Rock|p2a: Skarmory
|-sidestart|p2: qpzm257|move: Stealth Rock
|
|turn|2
|
|switch|p1a: Magnezone|Magnezone|281\/281
|move|p2a: Skarmory|Stealth Rock|p1a: Magnezone
|-sidestart|p1: Guesst_50790|move: Stealth Rock
|
|turn|3
|
|move|p1a: Magnezone|Volt Switch|p2a: Skarmory
|-supereffective|p2a: Skarmory
|-activate|p2a: Skarmory|Sturdy
|-damage|p2a: Skarmory|1\/334
|
|switch|p1a: Excadrill|Excadrill, M|362\/362
|-damage|p1a: Excadrill|351\/362|[from] Stealth Rock
|-item|p1a: Excadrill|Air Balloon
|move|p2a: Skarmory|Whirlwind|p1a: Excadrill
|drag|p1a: Talonflame|Talonflame, F|298\/298
|-damage|p1a: Talonflame|149\/298|[from] Stealth Rock
|
|turn|4
|
|move|p1a: Talonflame|Flare Blitz|p2a: Skarmory
|-supereffective|p2a: Skarmory
|-damage|p2a: Skarmory|0 fnt
|-damage|p1a: Talonflame|148\/298|[from] recoil|[of] p2a: Skarmory
|-damage|p1a: Talonflame|99\/298|[from] item: Rocky Helmet|[of] p2a: Skarmory
|-damage|p1a: Talonflame|70\/298|[from] item: Life Orb
|faint|p2a: Skarmory
|
|
|switch|p2a: Vaporeon|Vaporeon, F|464\/464
|-damage|p2a: Vaporeon|406\/464|[from] Stealth Rock
|turn|5
|
|move|p1a: Talonflame|Brave Bird|p2a: Vaporeon
|-damage|p2a: Vaporeon|124\/464
|-damage|p1a: Talonflame|0 fnt|[from] recoil|[of] p2a: Vaporeon
|faint|p1a: Talonflame
|move|p2a: Vaporeon|Wish|p2a: Vaporeon
|
|-heal|p2a: Vaporeon|153\/464|[from] item: Leftovers
|
|switch|p1a: Pinsir|Pinsir, M, shiny|272\/272
|-damage|p1a: Pinsir|204\/272|[from] Stealth Rock
|turn|6
|
|-formechange|p1a: Pinsir|Pinsir-Mega
|message|Pinsir has Mega Evolved into Mega Pinsir!
|move|p1a: Pinsir|Swords Dance|p1a: Pinsir
|-boost|p1a: Pinsir|atk|2
|move|p2a: Vaporeon|Scald|p1a: Pinsir
|-damage|p1a: Pinsir|90\/272
|-status|p1a: Pinsir|brn
|
|-heal|p2a: Vaporeon|385\/464|[from] move: Wish|[wisher] Vaporeon
|-heal|p2a: Vaporeon|414\/464|[from] item: Leftovers
|-damage|p1a: Pinsir|56\/272 brn|[from] brn
|turn|7
|
|move|p2a: Vaporeon|Protect|p2a: Vaporeon
|-singleturn|p2a: Vaporeon|Protect
|move|p1a: Pinsir|Frustration|p2a: Vaporeon
|-activate|p2a: Vaporeon|Protect
|
|-heal|p2a: Vaporeon|443\/464|[from] item: Leftovers
|-damage|p1a: Pinsir|22\/272 brn|[from] brn
|turn|8
|
|move|p1a: Pinsir|Frustration|p2a: Vaporeon
|-damage|p2a: Vaporeon|13\/464
|move|p2a: Vaporeon|Wish|p2a: Vaporeon
|
|-heal|p2a: Vaporeon|42\/464|[from] item: Leftovers
|-damage|p1a: Pinsir|0 fnt|[from] brn
|faint|p1a: Pinsir
|
|switch|p1a: Latios|Latios, M|301\/301
|-damage|p1a: Latios|264\/301|[from] Stealth Rock
|turn|9
|
|move|p2a: Vaporeon|Protect|p2a: Vaporeon
|-singleturn|p2a: Vaporeon|Protect
|move|p1a: Latios|Defog|p2a: Vaporeon
|-activate|p2a: Vaporeon|Protect
|
|-heal|p2a: Vaporeon|274\/464|[from] move: Wish|[wisher] Vaporeon
|-heal|p2a: Vaporeon|303\/464|[from] item: Leftovers
|turn|10
|
|move|p1a: Latios|Defog|p2a: Vaporeon
|-unboost|p2a: Vaporeon|evasion|1
|-sideend|p2: qpzm257|Stealth Rock|[from] move: Defog|[of] p2a: Vaporeon
|-sideend|p1: Guesst_50790|Stealth Rock|[from] move: Defog|[of] p1a: Latios
|move|p2a: Vaporeon|Wish|p2a: Vaporeon
|
|-heal|p2a: Vaporeon|332\/464|[from] item: Leftovers
|turn|11
|
|switch|p2a: Scizor|Scizor, F|344\/344
|move|p1a: Latios|Draco Meteor|p2a: Scizor
|-resisted|p2a: Scizor
|-damage|p2a: Scizor|161\/344
|-unboost|p1a: Latios|spa|2
|-damage|p1a: Latios|234\/301|[from] item: Life Orb
|
|-heal|p2a: Scizor|344\/344|[from] move: Wish|[wisher] Vaporeon
|turn|12
|
|switch|p1a: Magnezone|Magnezone|281\/281
|-formechange|p2a: Scizor|Scizor-Mega
|message|Scizor has Mega Evolved into Mega Scizor!
|move|p2a: Scizor|Swords Dance|p2a: Scizor
|-boost|p2a: Scizor|atk|2
|
|turn|13
|
|move|p1a: Magnezone|Volt Switch|p2a: Scizor
|-damage|p2a: Scizor|143\/344
|
|switch|p1a: Smeargle|Smeargle, F, shiny|314\/314
|move|p2a: Scizor|Superpower|p1a: Smeargle
|-supereffective|p1a: Smeargle
|-enditem|p1a: Smeargle|Focus Sash
|-damage|p1a: Smeargle|1\/314
|-unboost|p2a: Scizor|atk|1
|-unboost|p2a: Scizor|def|1
|
|turn|14
|
|move|p2a: Scizor|Bullet Punch|p1a: Smeargle
|-damage|p1a: Smeargle|0 fnt
|faint|p1a: Smeargle
|
|
|switch|p1a: Magnezone|Magnezone|281\/281
|turn|15
|
|move|p2a: Scizor|Bullet Punch|p1a: Magnezone
|-resisted|p1a: Magnezone
|-damage|p1a: Magnezone|235\/281
|move|p1a: Magnezone|Volt Switch|p2a: Scizor
|-damage|p2a: Scizor|0 fnt
|faint|p2a: Scizor
|
|switch|p1a: Excadrill|Excadrill, M|351\/362
|-item|p1a: Excadrill|Air Balloon
|
|
|switch|p2a: Dragonite|Dragonite, F|324\/324
|turn|16
|
|move|p1a: Excadrill|Iron Head|p2a: Dragonite
|-damage|p2a: Dragonite|246\/324
|cant|p2a: Dragonite|flinch
|
|turn|17
|
|move|p1a: Excadrill|Rock Slide|p2a: Dragonite
|-supereffective|p2a: Dragonite
|-damage|p2a: Dragonite|70\/324
|-enditem|p2a: Dragonite|Weakness Policy
|-boost|p2a: Dragonite|atk|2|[from] item: Weakness Policy
|-boost|p2a: Dragonite|spa|2|[from] item: Weakness Policy
|move|p2a: Dragonite|Dragon Dance|p2a: Dragonite
|-boost|p2a: Dragonite|atk|1
|-boost|p2a: Dragonite|spe|1
|
|turn|18
|
|move|p2a: Dragonite|Fire Punch|p1a: Excadrill
|-supereffective|p1a: Excadrill
|-damage|p1a: Excadrill|0 fnt
|-enditem|p1a: Excadrill|Air Balloon
|faint|p1a: Excadrill
|
|-message|Guesst_50790 forfeited.
|
|win|qpzm257
|raw|Ladder updating...
|leave|Guesst_50790
|player|p1
|raw|Guesst_50790's rating: 1611 &rarr; <strong>1594<\/strong><br \/>(-17 for losing)
|raw|qpzm257's rating: 1653 &rarr; <strong>1670<\/strong><br \/>(+17 for winning)