|join|qpzm257
|join|Ram-Jan
|player|p1|qpzm257|101
|player|p2|Ram-Jan|80
|gametype|singles
|gen|6
|tier|OU
|rated
|clearpoke
|poke|p1|Vaporeon, F
|poke|p1|Dragonite, F
|poke|p1|Manectric, F
|poke|p1|Alakazam, M
|poke|p1|Excadrill, F
|poke|p1|Skarmory, F
|poke|p2|Landorus-Therian, M
|poke|p2|Gardevoir, F
|poke|p2|Kyurem-Black
|poke|p2|Crawdaunt, M
|poke|p2|Forretress, M
|poke|p2|Heatran, F
|rule|Swagger Clause: Swagger is banned
|rule|Baton Pass Clause: Limit one PokÃ©mon knowing Baton Pass
|rule|Sleep Clause Mod: Limit one foe put to sleep
|rule|Species Clause: Limit one of each PokÃ©mon
|rule|OHKO Clause: OHKO moves are banned
|rule|Moody Clause: Moody is banned
|rule|Evasion Moves Clause: Evasion moves are banned
|rule|Endless Battle Clause: Forcing endless battles is banned
|rule|HP Percentage Mod: HP is shown in percentages
|teampreview
|
|start
|switch|p1a: Manectric|Manectric, F|282\/282
|switch|p2a: Landorus-Therian|Landorus-Therian, M|319\/319
|-ability|p2a: Landorus-Therian|Intimidate|[of] p1a: Manectric
|-unboost|p1a: Manectric|atk|1
|turn|1
|
|switch|p1a: Skarmory|Skarmory, F|334\/334
|move|p2a: Landorus-Therian|Earthquake|p1a: Skarmory
|-immune|p1a: Skarmory|[msg]
|
|turn|2
|
|switch|p2a: Heatran|Heatran, F|386\/386
|move|p1a: Skarmory|Stealth Rock|p2a: Heatran
|-sidestart|p2: Ram-Jan|move: Stealth Rock
|
|turn|3
|
|switch|p1a: Vaporeon|Vaporeon, F|464\/464
|move|p2a: Heatran|Flash Cannon|p1a: Vaporeon
|-resisted|p1a: Vaporeon
|-damage|p1a: Vaporeon|410\/464
|
|-heal|p1a: Vaporeon|439\/464|[from] item: Leftovers
|turn|4
|
|switch|p2a: Kyurem-Black|Kyurem-Black|391\/391
|-damage|p2a: Kyurem-Black|294\/391|[from] Stealth Rock
|-ability|p2a: Kyurem-Black|Teravolt
|move|p1a: Vaporeon|Scald|p2a: Kyurem-Black
|-resisted|p2a: Kyurem-Black
|-damage|p2a: Kyurem-Black|258\/391
|
|-heal|p1a: Vaporeon|464\/464|[from] item: Leftovers
|turn|5
|
|switch|p1a: Excadrill|Excadrill, F|373\/373
|-ability|p1a: Excadrill|Mold Breaker
|move|p2a: Kyurem-Black|Fusion Bolt|p1a: Excadrill
|-immune|p1a: Excadrill|[msg]
|
|turn|6
|
|switch|p2a: Landorus-Therian|Landorus-Therian, M|319\/319
|-damage|p2a: Landorus-Therian|280\/319|[from] Stealth Rock
|-ability|p2a: Landorus-Therian|Intimidate|[of] p1a: Excadrill
|-unboost|p1a: Excadrill|atk|1
|move|p1a: Excadrill|Iron Head|p2a: Landorus-Therian
|-damage|p2a: Landorus-Therian|166\/319
|
|turn|7
|
|switch|p1a: Skarmory|Skarmory, F|334\/334
|move|p2a: Landorus-Therian|U-turn|p1a: Skarmory
|-resisted|p1a: Skarmory
|-damage|p1a: Skarmory|321\/334
|-damage|p2a: Landorus-Therian|113\/319|[from] item: Rocky Helmet|[of] p1a: Skarmory
|
|switch|p2a: Heatran|Heatran, F|386\/386
|-damage|p2a: Heatran|338\/386|[from] Stealth Rock
|
|-heal|p2a: Heatran|362\/386|[from] item: Leftovers
|turn|8
|
|switch|p1a: Excadrill|Excadrill, F|373\/373
|-ability|p1a: Excadrill|Mold Breaker
|move|p2a: Heatran|Lava Plume|p1a: Excadrill
|-supereffective|p1a: Excadrill
|-damage|p1a: Excadrill|49\/373
|-status|p1a: Excadrill|brn
|
|-heal|p2a: Heatran|386\/386|[from] item: Leftovers
|-damage|p1a: Excadrill|3\/373 brn|[from] brn
|turn|9
|
|switch|p1a: Vaporeon|Vaporeon, F|464\/464
|switch|p2a: Forretress|Forretress, M|354\/354
|-damage|p2a: Forretress|310\/354|[from] Stealth Rock
|
|-heal|p2a: Forretress|332\/354|[from] item: Leftovers
|turn|10
|
|move|p1a: Vaporeon|Scald|p2a: Forretress
|-damage|p2a: Forretress|172\/354
|-status|p2a: Forretress|brn
|move|p2a: Forretress|Rapid Spin|p1a: Vaporeon
|-damage|p1a: Vaporeon|453\/464
|-sideend|p2: Ram-Jan|Stealth Rock|[from] move: Rapid Spin|[of] p2a: Forretress
|
|-heal|p1a: Vaporeon|464\/464|[from] item: Leftovers
|-heal|p2a: Forretress|194\/354 brn|[from] item: Leftovers
|-damage|p2a: Forretress|150\/354 brn|[from] brn
|turn|11
|
|switch|p2a: Kyurem-Black|Kyurem-Black|258\/391
|-ability|p2a: Kyurem-Black|Teravolt
|move|p1a: Vaporeon|Scald|p2a: Kyurem-Black
|-resisted|p2a: Kyurem-Black
|-damage|p2a: Kyurem-Black|220\/391
|
|turn|12
|
|move|p1a: Vaporeon|Protect|p1a: Vaporeon
|-singleturn|p1a: Vaporeon|Protect
|move|p2a: Kyurem-Black|Fusion Bolt|p1a: Vaporeon
|-activate|p1a: Vaporeon|Protect
|
|turn|13
|
|switch|p1a: Manectric|Manectric, F|282\/282
|move|p2a: Kyurem-Black|Ice Beam|p1a: Manectric
|-damage|p1a: Manectric|89\/282
|
|turn|14
|
|switch|p2a: Heatran|Heatran, F|386\/386
|detailschange|p1a: Manectric|Manectric-Mega, F
|message|Manectric has Mega Evolved into Mega Manectric!
|-ability|p1a: Manectric|Intimidate|[of] p2a: Heatran
|-unboost|p2a: Heatran|atk|1
|move|p1a: Manectric|Volt Switch|p2a: Heatran
|-damage|p2a: Heatran|269\/386
|
|switch|p1a: Vaporeon|Vaporeon, F|464\/464
|
|-heal|p2a: Heatran|293\/386|[from] item: Leftovers
|turn|15
|
|switch|p2a: Forretress|Forretress, M|150\/354 brn
|move|p1a: Vaporeon|Heal Bell|p1a: Vaporeon
|-cureteam|p1a: Vaporeon|[from] move: HealBell
|
|-heal|p2a: Forretress|172\/354 brn|[from] item: Leftovers
|-damage|p2a: Forretress|128\/354 brn|[from] brn
|turn|16
|
|move|p1a: Vaporeon|Scald|p2a: Forretress
|-damage|p2a: Forretress|0 fnt
|faint|p2a: Forretress
|
|
|switch|p2a: Kyurem-Black|Kyurem-Black|220\/391
|-ability|p2a: Kyurem-Black|Teravolt
|turn|17
|
|move|p2a: Kyurem-Black|Fusion Bolt|p1a: Vaporeon
|-supereffective|p1a: Vaporeon
|-damage|p1a: Vaporeon|0 fnt
|faint|p1a: Vaporeon
|
|
|switch|p1a: Alakazam|Alakazam, M|252\/252
|turn|18
|
|move|p1a: Alakazam|Focus Blast|p2a: Kyurem-Black|[miss]
|-miss|p1a: Alakazam|p2a: Kyurem-Black
|move|p2a: Kyurem-Black|Fusion Bolt|p1a: Alakazam
|-enditem|p1a: Alakazam|Focus Sash
|-damage|p1a: Alakazam|1\/252
|
|turn|19
|
|move|p1a: Alakazam|Focus Blast|p2a: Kyurem-Black
|-supereffective|p2a: Kyurem-Black
|-damage|p2a: Kyurem-Black|8\/391
|move|p2a: Kyurem-Black|Iron Head|p1a: Alakazam
|-damage|p1a: Alakazam|0 fnt
|faint|p1a: Alakazam
|
|
|switch|p1a: Manectric|Manectric-Mega, F|89\/282
|-ability|p1a: Manectric|Intimidate|[of] p2a: Kyurem-Black
|-unboost|p2a: Kyurem-Black|atk|1
|turn|20
|
|move|p1a: Manectric|Volt Switch|p2a: Kyurem-Black
|-resisted|p2a: Kyurem-Black
|-damage|p2a: Kyurem-Black|0 fnt
|faint|p2a: Kyurem-Black
|
|switch|p1a: Excadrill|Excadrill, F|3\/373
|-ability|p1a: Excadrill|Mold Breaker
|
|
|switch|p2a: Crawdaunt|Crawdaunt, M|267\/267
|turn|21
|
|switch|p1a: Skarmory|Skarmory, F|321\/334
|move|p2a: Crawdaunt|Aqua Jet|p1a: Skarmory
|-damage|p1a: Skarmory|251\/334
|-damage|p2a: Crawdaunt|223\/267|[from] item: Rocky Helmet|[of] p1a: Skarmory
|-damage|p2a: Crawdaunt|197\/267|[from] item: Life Orb
|
|turn|22
|
|switch|p2a: Heatran|Heatran, F|293\/386
|move|p1a: Skarmory|Stealth Rock|p2a: Heatran
|-sidestart|p2: Ram-Jan|move: Stealth Rock
|
|-heal|p2a: Heatran|317\/386|[from] item: Leftovers
|turn|23
|
|switch|p1a: Manectric|Manectric-Mega, F|89\/282
|-ability|p1a: Manectric|Intimidate|[of] p2a: Heatran
|-unboost|p2a: Heatran|atk|1
|move|p2a: Heatran|Lava Plume|p1a: Manectric
|-damage|p1a: Manectric|0 fnt
|faint|p1a: Manectric
|
|-heal|p2a: Heatran|341\/386|[from] item: Leftovers
|
|switch|p1a: Excadrill|Excadrill, F|3\/373
|-ability|p1a: Excadrill|Mold Breaker
|turn|24
|
|switch|p2a: Landorus-Therian|Landorus-Therian, M|113\/319
|-damage|p2a: Landorus-Therian|74\/319|[from] Stealth Rock
|-ability|p2a: Landorus-Therian|Intimidate|[of] p1a: Excadrill
|-unboost|p1a: Excadrill|atk|1
|move|p1a: Excadrill|Iron Head|p2a: Landorus-Therian
|-damage|p2a: Landorus-Therian|0 fnt
|faint|p2a: Landorus-Therian
|
|
|switch|p2a: Heatran|Heatran, F|341\/386
|-damage|p2a: Heatran|293\/386|[from] Stealth Rock
|turn|25
|
|move|p1a: Excadrill|Earthquake|p2a: Heatran
|-crit|p2a: Heatran
|-supereffective|p2a: Heatran
|-damage|p2a: Heatran|0 fnt
|faint|p2a: Heatran
|
|c|âRam-Jan|WHAT
|c|âRam-Jan|YOU'RE NOT SCARF
|
|switch|p2a: Crawdaunt|Crawdaunt, M|197\/267
|-damage|p2a: Crawdaunt|164\/267|[from] Stealth Rock
|turn|26
|c|âqpzm257|dat ev spread
|c|âRam-Jan|xD
|c|âRam-Jan|what item are you?
|c|âqpzm257|assault vest
|
|switch|p1a: Skarmory|Skarmory, F|251\/334
|move|p2a: Crawdaunt|Aqua Jet|p1a: Skarmory
|-damage|p1a: Skarmory|178\/334
|-damage|p2a: Crawdaunt|120\/267|[from] item: Rocky Helmet|[of] p1a: Skarmory
|-damage|p2a: Crawdaunt|94\/267|[from] item: Life Orb
|
|turn|27
|c|âRam-Jan|Ahh damn
|
|move|p2a: Crawdaunt|Swords Dance|p2a: Crawdaunt
|-boost|p2a: Crawdaunt|atk|2
|move|p1a: Skarmory|Roost|p1a: Skarmory
|-heal|p1a: Skarmory|334\/334
|
|turn|28
|
|move|p2a: Crawdaunt|Knock Off|p1a: Skarmory
|-activate|p1a: Skarmory|Sturdy
|-damage|p1a: Skarmory|1\/334
|-damage|p2a: Crawdaunt|50\/267|[from] item: Rocky Helmet|[of] p1a: Skarmory
|-enditem|p1a: Skarmory|Rocky Helmet|[from] move: Knock Off|[of] p2a: Crawdaunt
|-damage|p2a: Crawdaunt|24\/267|[from] item: Life Orb
|move|p1a: Skarmory|Whirlwind|p2a: Crawdaunt
|drag|p2a: Gardevoir|Gardevoir, F|330\/330
|-damage|p2a: Gardevoir|289\/330|[from] Stealth Rock
|
|turn|29
|
|detailschange|p2a: Gardevoir|Gardevoir-Mega, F
|message|Gardevoir has Mega Evolved into Mega Gardevoir!
|move|p2a: Gardevoir|Hyper Voice|p1a: Skarmory
|-crit|p1a: Skarmory
|-resisted|p1a: Skarmory
|-damage|p1a: Skarmory|0 fnt
|faint|p1a: Skarmory
|
|
|switch|p1a: Dragonite|Dragonite, F|323\/323
|turn|30
|
|move|p2a: Gardevoir|Hyper Voice|p1a: Dragonite
|-supereffective|p1a: Dragonite
|-damage|p1a: Dragonite|110\/323
|-enditem|p1a: Dragonite|Weakness Policy
|-boost|p1a: Dragonite|atk|2|[from] item: Weakness Policy
|-boost|p1a: Dragonite|spa|2|[from] item: Weakness Policy
|move|p1a: Dragonite|Dragon Dance|p1a: Dragonite
|-boost|p1a: Dragonite|atk|1
|-boost|p1a: Dragonite|spe|1
|
|turn|31
|
|switch|p2a: Crawdaunt|Crawdaunt, M|24\/267
|-damage|p2a: Crawdaunt|0 fnt|[from] Stealth Rock
|faint|p2a: Crawdaunt
|move|p1a: Dragonite|Extreme Speed|p2: Crawdaunt|[notarget]
|-notarget
|
|
|switch|p2a: Gardevoir|Gardevoir-Mega, F|289\/330
|-damage|p2a: Gardevoir|248\/330|[from] Stealth Rock
|turn|32
|c|âqpzm257|why did you do that?
|c|âqpzm257|all you did was take more sr damage
|
|move|p1a: Dragonite|Extreme Speed|p2a: Gardevoir
|-damage|p2a: Gardevoir|0 fnt
|faint|p2a: Gardevoir
|
|win|qpzm257
|raw|Ladder updating...
|c|âRam-Jan|I was dead anyway
|raw|qpzm257's rating: 1527 &rarr; <strong>1548<\/strong><br \/>(+21 for winning)
|raw|Ram-Jan's rating: 1552 &rarr; <strong>1530<\/strong><br \/>(-22 for losing)
|c|âqpzm257|gg
|c|âRam-Jan|gg