|join|qpzm257
|join|necrnw40p
|player|p1|qpzm257|101
|player|p2|necrnw40p|1
|gametype|singles
|gen|6
|tier|OU
|rated
|clearpoke
|poke|p1|Vaporeon, F
|poke|p1|Dragonite, F
|poke|p1|Manectric, F
|poke|p1|Alakazam, M
|poke|p1|Excadrill, F
|poke|p1|Skarmory, F
|poke|p2|Latios, M
|poke|p2|Rotom-Wash
|poke|p2|Salamence, F
|poke|p2|Thundurus-Therian, M
|poke|p2|Aggron, F
|poke|p2|Scizor, F
|rule|Swagger Clause: Swagger is banned
|rule|Baton Pass Clause: Limit one PokÃ©mon knowing Baton Pass
|rule|Sleep Clause Mod: Limit one foe put to sleep
|rule|Species Clause: Limit one of each PokÃ©mon
|rule|OHKO Clause: OHKO moves are banned
|rule|Moody Clause: Moody is banned
|rule|Evasion Moves Clause: Evasion moves are banned
|rule|Endless Battle Clause: Forcing endless battles is banned
|rule|HP Percentage Mod: HP is shown in percentages
|teampreview
|
|start
|switch|p1a: Skarmory|Skarmory, F|334\/334
|switch|p2a: Latios|Latios, M|302\/302
|turn|1
|
|move|p2a: Latios|Ice Beam|p1a: Skarmory
|-damage|p1a: Skarmory|181\/334
|move|p1a: Skarmory|Stealth Rock|p2a: Latios
|-sidestart|p2: necrnw40p|move: Stealth Rock
|
|turn|2
|
|switch|p1a: Vaporeon|Vaporeon, F|464\/464
|move|p2a: Latios|Ice Beam|p1a: Vaporeon
|-resisted|p1a: Vaporeon
|-damage|p1a: Vaporeon|423\/464
|
|-heal|p1a: Vaporeon|452\/464|[from] item: Leftovers
|turn|3
|
|move|p2a: Latios|Ice Beam|p1a: Vaporeon
|-resisted|p1a: Vaporeon
|-damage|p1a: Vaporeon|409\/464
|move|p1a: Vaporeon|Scald|p2a: Latios
|-resisted|p2a: Latios
|-damage|p2a: Latios|254\/302
|-status|p2a: Latios|brn
|
|-heal|p1a: Vaporeon|438\/464|[from] item: Leftovers
|-damage|p2a: Latios|217\/302 brn|[from] brn
|turn|4
|
|switch|p2a: Thundurus-Therian|Thundurus-Therian, M|300\/300
|-damage|p2a: Thundurus-Therian|225\/300|[from] Stealth Rock
|move|p1a: Vaporeon|Protect|p1a: Vaporeon
|-fail|p1a: Vaporeon
|
|-heal|p1a: Vaporeon|464\/464|[from] item: Leftovers
|turn|5
|
|move|p1a: Vaporeon|Protect|p1a: Vaporeon
|-singleturn|p1a: Vaporeon|Protect
|move|p2a: Thundurus-Therian|Nasty Plot|p2a: Thundurus-Therian
|-boost|p2a: Thundurus-Therian|spa|2
|
|turn|6
|
|move|p2a: Thundurus-Therian|Focus Blast|p1a: Vaporeon
|-damage|p1a: Vaporeon|153\/464
|-damage|p2a: Thundurus-Therian|195\/300|[from] item: Life Orb
|move|p1a: Vaporeon|Scald|p2a: Thundurus-Therian
|-damage|p2a: Thundurus-Therian|81\/300
|
|-heal|p1a: Vaporeon|182\/464|[from] item: Leftovers
|turn|7
|
|switch|p1a: Manectric|Manectric, F|282\/282
|move|p2a: Thundurus-Therian|Focus Blast|p1a: Manectric|[miss]
|-miss|p2a: Thundurus-Therian|p1a: Manectric
|
|turn|8
|
|detailschange|p1a: Manectric|Manectric-Mega, F
|message|Manectric has Mega Evolved into Mega Manectric!
|-ability|p1a: Manectric|Intimidate|[of] p2a: Thundurus-Therian
|-unboost|p2a: Thundurus-Therian|atk|1
|move|p1a: Manectric|Hidden Power|p2a: Thundurus-Therian
|-supereffective|p2a: Thundurus-Therian
|-damage|p2a: Thundurus-Therian|0 fnt
|faint|p2a: Thundurus-Therian
|
|c|ânecrnw40p|luky
|
|switch|p2a: Latios|Latios, M|217\/302 brn
|-damage|p2a: Latios|180\/302 brn|[from] Stealth Rock
|turn|9
|c|âqpzm257|part of the gamble with focus blast
|
|move|p2a: Latios|Draco Meteor|p1a: Manectric
|-damage|p1a: Manectric|2\/282
|-unboost|p2a: Latios|spa|2
|move|p1a: Manectric|Volt Switch|p2a: Latios
|-resisted|p2a: Latios
|-damage|p2a: Latios|116\/302 brn
|c|ânecrnw40p|ye
|
|switch|p1a: Dragonite|Dragonite, F|323\/323
|
|-damage|p2a: Latios|79\/302 brn|[from] brn
|turn|10
|
|switch|p2a: Rotom-Wash|Rotom-Wash|304\/304
|-damage|p2a: Rotom-Wash|266\/304|[from] Stealth Rock
|move|p1a: Dragonite|Dragon Dance|p1a: Dragonite
|-boost|p1a: Dragonite|atk|1
|-boost|p1a: Dragonite|spe|1
|
|turn|11
|
|move|p1a: Dragonite|Dragon Claw|p2a: Rotom-Wash
|-damage|p2a: Rotom-Wash|106\/304
|move|p2a: Rotom-Wash|Will-O-Wisp|p1a: Dragonite
|-status|p1a: Dragonite|brn
|
|-damage|p1a: Dragonite|283\/323 brn|[from] brn
|turn|12
|
|move|p1a: Dragonite|Dragon Claw|p2a: Rotom-Wash
|-damage|p2a: Rotom-Wash|27\/304
|move|p2a: Rotom-Wash|Rest|p2a: Rotom-Wash
|-status|p2a: Rotom-Wash|slp
|-heal|p2a: Rotom-Wash|304\/304 slp|[silent]
|-status|p2a: Rotom-Wash|slp|[from] move: Rest
|-enditem|p2a: Rotom-Wash|Chesto Berry|[eat]
|-curestatus|p2a: Rotom-Wash|slp
|
|-damage|p1a: Dragonite|243\/323 brn|[from] brn
|turn|13
|
|switch|p1a: Excadrill|Excadrill, F|373\/373
|-ability|p1a: Excadrill|Mold Breaker
|move|p2a: Rotom-Wash|Volt Switch|p1a: Excadrill
|-immune|p1a: Excadrill|[msg]
|
|turn|14
|
|switch|p2a: Salamence|Salamence, F|332\/332
|-damage|p2a: Salamence|249\/332|[from] Stealth Rock
|-ability|p2a: Salamence|Intimidate|[of] p1a: Excadrill
|-unboost|p1a: Excadrill|atk|1
|move|p1a: Excadrill|Earthquake|p2a: Salamence
|-immune|p2a: Salamence|[msg]
|
|turn|15
|
|switch|p1a: Skarmory|Skarmory, F|181\/334
|move|p2a: Salamence|Hydro Pump|p1a: Skarmory|[miss]
|-miss|p2a: Salamence|p1a: Skarmory
|
|turn|16
|
|move|p2a: Salamence|Fire Blast|p1a: Skarmory|[miss]
|-miss|p2a: Salamence|p1a: Skarmory
|move|p1a: Skarmory|Whirlwind|p2a: Salamence
|drag|p2a: Rotom-Wash|Rotom-Wash|304\/304
|-damage|p2a: Rotom-Wash|266\/304|[from] Stealth Rock
|
|turn|17
|
|move|p2a: Rotom-Wash|Hydro Pump|p1a: Skarmory
|-damage|p1a: Skarmory|12\/334
|move|p1a: Skarmory|Roost|p1a: Skarmory
|-heal|p1a: Skarmory|179\/334
|
|turn|18
|
|switch|p1a: Excadrill|Excadrill, F|373\/373
|-ability|p1a: Excadrill|Mold Breaker
|move|p2a: Rotom-Wash|Volt Switch|p1a: Excadrill
|-immune|p1a: Excadrill|[msg]
|
|turn|19
|
|move|p1a: Excadrill|Earthquake|p2a: Rotom-Wash
|-supereffective|p2a: Rotom-Wash
|-damage|p2a: Rotom-Wash|0 fnt
|faint|p2a: Rotom-Wash
|
|
|switch|p2a: Latios|Latios, M|79\/302 brn
|-damage|p2a: Latios|42\/302 brn|[from] Stealth Rock
|turn|20
|
|switch|p1a: Vaporeon|Vaporeon, F|182\/464
|move|p2a: Latios|Ice Beam|p1a: Vaporeon
|-resisted|p1a: Vaporeon
|-damage|p1a: Vaporeon|136\/464
|
|-heal|p1a: Vaporeon|165\/464|[from] item: Leftovers
|-damage|p2a: Latios|5\/302 brn|[from] brn
|turn|21
|
|move|p2a: Latios|Ice Beam|p1a: Vaporeon
|-resisted|p1a: Vaporeon
|-damage|p1a: Vaporeon|119\/464
|move|p1a: Vaporeon|Wish|p1a: Vaporeon
|
|-heal|p1a: Vaporeon|148\/464|[from] item: Leftovers
|-damage|p2a: Latios|0 fnt|[from] brn
|faint|p2a: Latios
|
|switch|p2a: Scizor|Scizor, F|282\/282
|-damage|p2a: Scizor|247\/282|[from] Stealth Rock
|turn|22
|
|move|p2a: Scizor|Swords Dance|p2a: Scizor
|-boost|p2a: Scizor|atk|2
|move|p1a: Vaporeon|Heal Bell|p1a: Vaporeon
|-cureteam|p1a: Vaporeon|[from] move: HealBell
|
|-heal|p1a: Vaporeon|380\/464|[from] move: Wish|[wisher] Vaporeon
|-heal|p1a: Vaporeon|409\/464|[from] item: Leftovers
|turn|23
|
|switch|p1a: Skarmory|Skarmory, F|179\/334
|move|p2a: Scizor|Bug Bite|p1a: Skarmory
|-resisted|p1a: Skarmory
|-damage|p1a: Skarmory|126\/334
|-damage|p2a: Scizor|200\/282|[from] item: Rocky Helmet|[of] p1a: Skarmory
|
|turn|24
|
|move|p2a: Scizor|Superpower|p1a: Skarmory
|-crit|p1a: Skarmory
|-damage|p1a: Skarmory|0 fnt
|-damage|p2a: Scizor|153\/282|[from] item: Rocky Helmet|[of] p1a: Skarmory
|-unboost|p2a: Scizor|atk|1
|-unboost|p2a: Scizor|def|1
|faint|p1a: Skarmory
|
|
|switch|p1a: Manectric|Manectric-Mega, F|2\/282
|-ability|p1a: Manectric|Intimidate|[of] p2a: Scizor
|-unboost|p2a: Scizor|atk|1
|turn|25
|
|switch|p1a: Vaporeon|Vaporeon, F|409\/464
|move|p2a: Scizor|Swords Dance|p2a: Scizor
|-boost|p2a: Scizor|atk|2
|
|-heal|p1a: Vaporeon|438\/464|[from] item: Leftovers
|turn|26
|c|âqpzm257|good move
|
|move|p2a: Scizor|Bug Bite|p1a: Vaporeon
|-damage|p1a: Vaporeon|0 fnt
|faint|p1a: Vaporeon
|
|c|ânecrnw40p|=)
|c|ânecrnw40p|ty
|c|ânecrnw40p|but not enough ...
|c|ânecrnw40p|i think
|
|switch|p1a: Excadrill|Excadrill, F|373\/373
|-ability|p1a: Excadrill|Mold Breaker
|turn|27
|
|move|p1a: Excadrill|Earthquake|p2a: Scizor
|-damage|p2a: Scizor|0 fnt
|faint|p2a: Scizor
|
|
|switch|p2a: Aggron|Aggron, F|344\/344
|-damage|p2a: Aggron|323\/344|[from] Stealth Rock
|turn|28
|c|âqpzm257|did you not have bullet punch or just never used it?
|c|ânecrnw40p|never used it
|
|detailschange|p2a: Aggron|Aggron-Mega, F
|message|Aggron has Mega Evolved into Mega Aggron!
|move|p1a: Excadrill|Earthquake|p2a: Aggron
|-supereffective|p2a: Aggron
|-damage|p2a: Aggron|173\/344
|move|p2a: Aggron|Stealth Rock|p1a: Excadrill
|-sidestart|p1: qpzm257|move: Stealth Rock
|
|turn|29
|
|move|p1a: Excadrill|Rapid Spin|p2a: Aggron
|-resisted|p2a: Aggron
|-damage|p2a: Aggron|168\/344
|-sideend|p1: qpzm257|Stealth Rock|[from] move: Rapid Spin|[of] p1a: Excadrill
|move|p2a: Aggron|Earthquake|p1a: Excadrill
|-supereffective|p1a: Excadrill
|-damage|p1a: Excadrill|33\/373
|
|turn|30
|
|move|p1a: Excadrill|Earthquake|p2a: Aggron
|-supereffective|p2a: Aggron
|-damage|p2a: Aggron|0 fnt
|faint|p2a: Aggron
|
|
|switch|p2a: Salamence|Salamence, F|249\/332
|-damage|p2a: Salamence|166\/332|[from] Stealth Rock
|-ability|p2a: Salamence|Intimidate|[of] p1a: Excadrill
|-unboost|p1a: Excadrill|atk|1
|turn|31
|
|move|p2a: Salamence|Hydro Pump|p1a: Excadrill
|-supereffective|p1a: Excadrill
|-damage|p1a: Excadrill|0 fnt
|-damage|p2a: Salamence|133\/332|[from] item: Life Orb
|faint|p1a: Excadrill
|
|c|âqpzm257|gg
|c|ânecrnw40p|gg
|
|switch|p1a: Manectric|Manectric-Mega, F|2\/282
|-ability|p1a: Manectric|Intimidate|[of] p2a: Salamence
|-unboost|p2a: Salamence|atk|1
|turn|32
|
|move|p1a: Manectric|Hidden Power|p2a: Salamence
|-supereffective|p2a: Salamence
|-damage|p2a: Salamence|0 fnt
|faint|p2a: Salamence
|
|win|qpzm257
|raw|Ladder updating...
|leave|necrnw40p
|player|p2
|raw|qpzm257's rating: 1336 &rarr; <strong>1354<\/strong><br \/>(+18 for winning)
|raw|necrnw40p's rating: 1300 &rarr; <strong>1282<\/strong><br \/>(-18 for losing)