|join|qpzm257
|join|shermin vermin
|player|p1|qpzm257|101
|player|p2|shermin vermin|1
|gametype|singles
|gen|6
|tier|OU
|rated
|clearpoke
|poke|p1|Vaporeon, F
|poke|p1|Dragonite, M
|poke|p1|Manectric, F
|poke|p1|Alakazam, M
|poke|p1|Excadrill, F
|poke|p1|Skarmory, F
|poke|p2|Scizor, F
|poke|p2|Slowbro, M
|poke|p2|Latios, M
|poke|p2|Clefable, M
|poke|p2|Terrakion
|poke|p2|Heatran, F
|rule|Swagger Clause: Swagger is banned
|rule|Baton Pass Clause: Limit one PokÃ©mon knowing Baton Pass
|rule|Sleep Clause Mod: Limit one foe put to sleep
|rule|Species Clause: Limit one of each PokÃ©mon
|rule|OHKO Clause: OHKO moves are banned
|rule|Moody Clause: Moody is banned
|rule|Evasion Moves Clause: Evasion moves are banned
|rule|Endless Battle Clause: Forcing endless battles is banned
|rule|HP Percentage Mod: HP is shown in percentages
|teampreview
|join|Nutellapkmn1212
|
|start
|switch|p1a: Manectric|Manectric, F|282\/282
|switch|p2a: Heatran|Heatran, F|386\/386
|turn|1
|
|detailschange|p1a: Manectric|Manectric-Mega, F
|message|Manectric has Mega Evolved into Mega Manectric!
|-ability|p1a: Manectric|Intimidate|[of] p2a: Heatran
|-unboost|p2a: Heatran|atk|1
|move|p1a: Manectric|Volt Switch|p2a: Heatran
|-damage|p2a: Heatran|299\/386
|
|switch|p1a: Excadrill|Excadrill, F|373\/373
|-ability|p1a: Excadrill|Mold Breaker
|move|p2a: Heatran|Stealth Rock|p1a: Excadrill
|-sidestart|p1: qpzm257|move: Stealth Rock
|
|-heal|p2a: Heatran|323\/386|[from] item: Leftovers
|turn|2
|
|move|p2a: Heatran|Protect|p2a: Heatran
|-singleturn|p2a: Heatran|Protect
|move|p1a: Excadrill|Earthquake|p2a: Heatran
|-activate|p2a: Heatran|Protect
|
|-heal|p2a: Heatran|347\/386|[from] item: Leftovers
|turn|3
|
|switch|p2a: Slowbro|Slowbro, M|394\/394
|move|p1a: Excadrill|Earthquake|p2a: Slowbro
|-damage|p2a: Slowbro|268\/394
|
|-heal|p2a: Slowbro|292\/394|[from] item: Leftovers
|turn|4
|
|switch|p1a: Vaporeon|Vaporeon, F|464\/464
|-damage|p1a: Vaporeon|406\/464|[from] Stealth Rock
|move|p2a: Slowbro|Scald|p1a: Vaporeon
|-heal|p1a: Vaporeon|464\/464|[from] ability: Water Absorb|[of] p2a: Slowbro
|
|-heal|p2a: Slowbro|316\/394|[from] item: Leftovers
|turn|5
|
|switch|p1a: Skarmory|Skarmory, F|334\/334
|-damage|p1a: Skarmory|293\/334|[from] Stealth Rock
|switch|p2a: Clefable|Clefable, M|394\/394
|
|turn|6
|
|move|p1a: Skarmory|Stealth Rock|p2a: Clefable
|-sidestart|p2: shermin vermin|move: Stealth Rock
|move|p2a: Clefable|Flamethrower|p1a: Skarmory
|-supereffective|p1a: Skarmory
|-damage|p1a: Skarmory|107\/334
|
|turn|7
|
|switch|p1a: Vaporeon|Vaporeon, F|464\/464
|-damage|p1a: Vaporeon|406\/464|[from] Stealth Rock
|move|p2a: Clefable|Flamethrower|p1a: Vaporeon
|-resisted|p1a: Vaporeon
|-damage|p1a: Vaporeon|381\/464
|-status|p1a: Vaporeon|brn
|
|-heal|p1a: Vaporeon|410\/464 brn|[from] item: Leftovers
|-damage|p1a: Vaporeon|352\/464 brn|[from] brn
|turn|8
|
|switch|p1a: Excadrill|Excadrill, F|373\/373
|-damage|p1a: Excadrill|362\/373|[from] Stealth Rock
|-ability|p1a: Excadrill|Mold Breaker
|move|p2a: Clefable|Calm Mind|p2a: Clefable
|-boost|p2a: Clefable|spa|1
|-boost|p2a: Clefable|spd|1
|
|turn|9
|
|move|p1a: Excadrill|Iron Head|p2a: Clefable
|-supereffective|p2a: Clefable
|-damage|p2a: Clefable|98\/394
|move|p2a: Clefable|Flamethrower|p1a: Excadrill
|-supereffective|p1a: Excadrill
|-damage|p1a: Excadrill|170\/373
|
|-heal|p2a: Clefable|122\/394|[from] item: Leftovers
|turn|10
|
|switch|p2a: Slowbro|Slowbro, M|394\/394
|-damage|p2a: Slowbro|345\/394|[from] Stealth Rock
|move|p1a: Excadrill|Earthquake|p2a: Slowbro
|-damage|p2a: Slowbro|198\/394
|
|-heal|p2a: Slowbro|222\/394|[from] item: Leftovers
|turn|11
|
|move|p1a: Excadrill|Rapid Spin|p2a: Slowbro
|-damage|p2a: Slowbro|204\/394
|-sideend|p1: qpzm257|Stealth Rock|[from] move: Rapid Spin|[of] p1a: Excadrill
|move|p2a: Slowbro|Slack Off|p2a: Slowbro
|-heal|p2a: Slowbro|394\/394
|
|turn|12
|
|switch|p1a: Vaporeon|Vaporeon, F|352\/464 brn
|switch|p2a: Latios|Latios, M|302\/302
|-damage|p2a: Latios|265\/302|[from] Stealth Rock
|
|-heal|p1a: Vaporeon|381\/464 brn|[from] item: Leftovers
|-damage|p1a: Vaporeon|323\/464 brn|[from] brn
|turn|13
|
|move|p2a: Latios|Defog|p1a: Vaporeon
|-unboost|p1a: Vaporeon|evasion|1
|-sideend|p2: shermin vermin|Stealth Rock|[from] move: Defog|[of] p2a: Latios
|move|p1a: Vaporeon|Heal Bell|p1a: Vaporeon
|-cureteam|p1a: Vaporeon|[from] move: HealBell
|
|-heal|p1a: Vaporeon|352\/464|[from] item: Leftovers
|turn|14
|
|switch|p2a: Heatran|Heatran, F|347\/386
|move|p1a: Vaporeon|Wish|p1a: Vaporeon
|
|-heal|p2a: Heatran|371\/386|[from] item: Leftovers
|-heal|p1a: Vaporeon|381\/464|[from] item: Leftovers
|turn|15
|
|switch|p1a: Excadrill|Excadrill, F|170\/373
|-ability|p1a: Excadrill|Mold Breaker
|move|p2a: Heatran|Lava Plume|p1a: Excadrill
|-supereffective|p1a: Excadrill
|-damage|p1a: Excadrill|0 fnt
|faint|p1a: Excadrill
|
|-heal|p2a: Heatran|386\/386|[from] item: Leftovers
|
|switch|p1a: Manectric|Manectric-Mega, F|282\/282
|-ability|p1a: Manectric|Intimidate|[of] p2a: Heatran
|-unboost|p2a: Heatran|atk|1
|turn|16
|
|move|p1a: Manectric|Volt Switch|p2a: Heatran
|-damage|p2a: Heatran|304\/386
|
|switch|p1a: Vaporeon|Vaporeon, F|381\/464
|move|p2a: Heatran|Stealth Rock|p1a: Vaporeon
|-sidestart|p1: qpzm257|move: Stealth Rock
|
|-heal|p2a: Heatran|328\/386|[from] item: Leftovers
|-heal|p1a: Vaporeon|410\/464|[from] item: Leftovers
|turn|17
|
|move|p2a: Heatran|Toxic|p1a: Vaporeon|[miss]
|-miss|p2a: Heatran|p1a: Vaporeon
|move|p1a: Vaporeon|Scald|p2a: Heatran
|-supereffective|p2a: Heatran
|-damage|p2a: Heatran|194\/386
|
|-heal|p2a: Heatran|218\/386|[from] item: Leftovers
|-heal|p1a: Vaporeon|439\/464|[from] item: Leftovers
|turn|18
|
|switch|p2a: Latios|Latios, M|265\/302
|move|p1a: Vaporeon|Scald|p2a: Latios
|-resisted|p2a: Latios
|-damage|p2a: Latios|216\/302
|-status|p2a: Latios|brn
|
|-heal|p1a: Vaporeon|464\/464|[from] item: Leftovers
|-damage|p2a: Latios|179\/302 brn|[from] brn
|turn|19
|
|move|p1a: Vaporeon|Protect|p1a: Vaporeon
|-singleturn|p1a: Vaporeon|Protect
|move|p2a: Latios|Trick|p1a: Vaporeon
|-activate|p1a: Vaporeon|Protect
|
|-damage|p2a: Latios|142\/302 brn|[from] brn
|turn|20
|
|switch|p2a: Clefable|Clefable, M|122\/394
|switch|p1a: Manectric|Manectric-Mega, F|282\/282
|-damage|p1a: Manectric|247\/282|[from] Stealth Rock
|-ability|p1a: Manectric|Intimidate|[of] p2a: Clefable
|-unboost|p2a: Clefable|atk|1
|
|-heal|p2a: Clefable|146\/394|[from] item: Leftovers
|turn|21
|
|move|p1a: Manectric|Thunderbolt|p2a: Clefable
|-damage|p2a: Clefable|0 fnt
|faint|p2a: Clefable
|
|
|switch|p2a: Terrakion|Terrakion|323\/323
|turn|22
|
|switch|p1a: Skarmory|Skarmory, F|107\/334
|-damage|p1a: Skarmory|66\/334|[from] Stealth Rock
|move|p2a: Terrakion|Stone Edge|p1a: Skarmory
|-damage|p1a: Skarmory|0 fnt
|faint|p1a: Skarmory
|
|
|switch|p1a: Alakazam|Alakazam, M|252\/252
|turn|23
|
|move|p2a: Terrakion|Stone Edge|p1a: Alakazam|[miss]
|-miss|p2a: Terrakion|p1a: Alakazam
|move|p1a: Alakazam|Psyshock|p2a: Terrakion
|-supereffective|p2a: Terrakion
|-damage|p2a: Terrakion|0 fnt
|faint|p2a: Terrakion
|
|
|switch|p2a: Scizor|Scizor, F|343\/343
|turn|24
|
|switch|p1a: Manectric|Manectric-Mega, F|247\/282
|-damage|p1a: Manectric|212\/282|[from] Stealth Rock
|-ability|p1a: Manectric|Intimidate|[of] p2a: Scizor
|-unboost|p2a: Scizor|atk|1
|detailschange|p2a: Scizor|Scizor-Mega, F
|message|Scizor has Mega Evolved into Mega Scizor!
|move|p2a: Scizor|Knock Off|p1a: Manectric
|-damage|p1a: Manectric|147\/282
|
|turn|25
|
|switch|p2a: Heatran|Heatran, F|218\/386
|move|p1a: Manectric|Volt Switch|p2a: Heatran
|-damage|p2a: Heatran|131\/386
|leave|Nutellapkmn1212
|
|switch|p1a: Alakazam|Alakazam, M|252\/252
|
|-heal|p2a: Heatran|155\/386|[from] item: Leftovers
|turn|26
|
|move|p2a: Heatran|Protect|p2a: Heatran
|-singleturn|p2a: Heatran|Protect
|move|p1a: Alakazam|Focus Blast|p2a: Heatran
|-activate|p2a: Heatran|Protect
|
|-heal|p2a: Heatran|179\/386|[from] item: Leftovers
|turn|27
|
|switch|p2a: Latios|Latios, M|142\/302 brn
|move|p1a: Alakazam|Shadow Ball|p2a: Latios
|-supereffective|p2a: Latios
|-damage|p2a: Latios|0 fnt
|faint|p2a: Latios
|
|
|switch|p2a: Scizor|Scizor-Mega, F|343\/343
|turn|28
|
|move|p1a: Alakazam|Focus Blast|p2a: Scizor
|-damage|p2a: Scizor|215\/343
|move|p2a: Scizor|Swords Dance|p2a: Scizor
|-boost|p2a: Scizor|atk|2
|
|turn|29
|
|move|p2a: Scizor|Bullet Punch|p1a: Alakazam
|-enditem|p1a: Alakazam|Focus Sash
|-damage|p1a: Alakazam|1\/252
|move|p1a: Alakazam|Focus Blast|p2a: Scizor
|-damage|p2a: Scizor|83\/343
|
|turn|30
|
|move|p2a: Scizor|Bullet Punch|p1a: Alakazam
|-damage|p1a: Alakazam|0 fnt
|faint|p1a: Alakazam
|
|join|BahaFan
|
|switch|p1a: Manectric|Manectric-Mega, F|147\/282
|-damage|p1a: Manectric|112\/282|[from] Stealth Rock
|-ability|p1a: Manectric|Intimidate|[of] p2a: Scizor
|-unboost|p2a: Scizor|atk|1
|turn|31
|
|switch|p2a: Heatran|Heatran, F|179\/386
|move|p1a: Manectric|Thunderbolt|p2a: Heatran
|-damage|p2a: Heatran|70\/386
|
|-heal|p2a: Heatran|94\/386|[from] item: Leftovers
|turn|32
|
|move|p2a: Heatran|Protect|p2a: Heatran
|-singleturn|p2a: Heatran|Protect
|move|p1a: Manectric|Thunderbolt|p2a: Heatran
|-activate|p2a: Heatran|Protect
|
|-heal|p2a: Heatran|118\/386|[from] item: Leftovers
|turn|33
|
|move|p1a: Manectric|Volt Switch|p2a: Heatran
|-damage|p2a: Heatran|34\/386
|
|switch|p1a: Vaporeon|Vaporeon, F|464\/464
|-damage|p1a: Vaporeon|406\/464|[from] Stealth Rock
|move|p2a: Heatran|Lava Plume|p1a: Vaporeon
|-resisted|p1a: Vaporeon
|-damage|p1a: Vaporeon|358\/464
|
|-heal|p2a: Heatran|58\/386|[from] item: Leftovers
|-heal|p1a: Vaporeon|387\/464|[from] item: Leftovers
|turn|34
|
|move|p2a: Heatran|Toxic|p1a: Vaporeon
|-status|p1a: Vaporeon|tox
|move|p1a: Vaporeon|Wish|p1a: Vaporeon
|
|-heal|p2a: Heatran|82\/386|[from] item: Leftovers
|-heal|p1a: Vaporeon|416\/464 tox|[from] item: Leftovers
|-damage|p1a: Vaporeon|387\/464 tox|[from] psn
|turn|35
|
|move|p2a: Heatran|Lava Plume|p1a: Vaporeon
|-resisted|p1a: Vaporeon
|-damage|p1a: Vaporeon|339\/464 tox
|move|p1a: Vaporeon|Heal Bell|p1a: Vaporeon
|-cureteam|p1a: Vaporeon|[from] move: HealBell
|
|-heal|p1a: Vaporeon|464\/464|[from] move: Wish|[wisher] Vaporeon
|-heal|p2a: Heatran|106\/386|[from] item: Leftovers
|turn|36
|
|move|p2a: Heatran|Toxic|p1a: Vaporeon
|-status|p1a: Vaporeon|tox
|move|p1a: Vaporeon|Scald|p2a: Heatran
|-supereffective|p2a: Heatran
|-damage|p2a: Heatran|0 fnt
|faint|p2a: Heatran
|
|-damage|p1a: Vaporeon|435\/464 tox|[from] psn
|
|switch|p2a: Scizor|Scizor-Mega, F|83\/343
|turn|37
|
|move|p2a: Scizor|Roost|p2a: Scizor
|-heal|p2a: Scizor|255\/343
|move|p1a: Vaporeon|Scald|p2a: Scizor
|-damage|p2a: Scizor|171\/343
|-status|p2a: Scizor|brn
|
|-heal|p1a: Vaporeon|464\/464 tox|[from] item: Leftovers
|-damage|p2a: Scizor|129\/343 brn|[from] brn
|-damage|p1a: Vaporeon|406\/464 tox|[from] psn
|turn|38
|
|move|p2a: Scizor|Roost|p2a: Scizor
|-heal|p2a: Scizor|301\/343 brn
|move|p1a: Vaporeon|Heal Bell|p1a: Vaporeon
|-cureteam|p1a: Vaporeon|[from] move: HealBell
|
|-heal|p1a: Vaporeon|435\/464|[from] item: Leftovers
|-damage|p2a: Scizor|259\/343 brn|[from] brn
|turn|39
|
|move|p2a: Scizor|Swords Dance|p2a: Scizor
|-boost|p2a: Scizor|atk|2
|move|p1a: Vaporeon|Wish|p1a: Vaporeon
|
|-heal|p1a: Vaporeon|464\/464|[from] item: Leftovers
|-damage|p2a: Scizor|217\/343 brn|[from] brn
|turn|40
|
|switch|p1a: Dragonite|Dragonite, M|324\/324
|-damage|p1a: Dragonite|243\/324|[from] Stealth Rock
|move|p2a: Scizor|Knock Off|p1a: Dragonite
|-crit|p1a: Dragonite
|-damage|p1a: Dragonite|44\/324
|-enditem|p1a: Dragonite|Weakness Policy|[from] move: Knock Off|[of] p2a: Scizor
|
|-heal|p1a: Dragonite|276\/324|[from] move: Wish|[wisher] Vaporeon
|-damage|p2a: Scizor|175\/343 brn|[from] brn
|turn|41
|
|switch|p2a: Slowbro|Slowbro, M|394\/394
|move|p1a: Dragonite|Fire Punch|p2a: Slowbro
|-resisted|p2a: Slowbro
|-damage|p2a: Slowbro|362\/394
|
|-heal|p2a: Slowbro|386\/394|[from] item: Leftovers
|turn|42
|
|switch|p1a: Vaporeon|Vaporeon, F|464\/464
|-damage|p1a: Vaporeon|406\/464|[from] Stealth Rock
|move|p2a: Slowbro|Psyshock|p1a: Vaporeon
|-damage|p1a: Vaporeon|267\/464
|
|-heal|p1a: Vaporeon|296\/464|[from] item: Leftovers
|-heal|p2a: Slowbro|394\/394|[from] item: Leftovers
|turn|43
|
|move|p1a: Vaporeon|Wish|p1a: Vaporeon
|move|p2a: Slowbro|Thunder Wave|p1a: Vaporeon
|-status|p1a: Vaporeon|par
|
|-heal|p1a: Vaporeon|325\/464 par|[from] item: Leftovers
|turn|44
|
|move|p2a: Slowbro|Psyshock|p1a: Vaporeon
|-damage|p1a: Vaporeon|177\/464 par
|cant|p1a: Vaporeon|par
|
|-heal|p1a: Vaporeon|409\/464 par|[from] move: Wish|[wisher] Vaporeon
|-heal|p1a: Vaporeon|438\/464 par|[from] item: Leftovers
|turn|45
|
|move|p2a: Slowbro|Psyshock|p1a: Vaporeon
|-damage|p1a: Vaporeon|305\/464 par
|move|p1a: Vaporeon|Heal Bell|p1a: Vaporeon
|-cureteam|p1a: Vaporeon|[from] move: HealBell
|
|-heal|p1a: Vaporeon|334\/464|[from] item: Leftovers
|turn|46
|
|move|p1a: Vaporeon|Wish|p1a: Vaporeon
|move|p2a: Slowbro|Thunder Wave|p1a: Vaporeon
|-status|p1a: Vaporeon|par
|
|-heal|p1a: Vaporeon|363\/464 par|[from] item: Leftovers
|turn|47
|
|move|p2a: Slowbro|Psyshock|p1a: Vaporeon
|-damage|p1a: Vaporeon|228\/464 par
|move|p1a: Vaporeon|Heal Bell|p1a: Vaporeon
|-cureteam|p1a: Vaporeon|[from] move: HealBell
|
|-heal|p1a: Vaporeon|460\/464|[from] move: Wish|[wisher] Vaporeon
|-heal|p1a: Vaporeon|464\/464|[from] item: Leftovers
|turn|48
|
|switch|p1a: Manectric|Manectric-Mega, F|112\/282
|-damage|p1a: Manectric|77\/282|[from] Stealth Rock
|-ability|p1a: Manectric|Intimidate|[of] p2a: Slowbro
|-unboost|p2a: Slowbro|atk|1
|move|p2a: Slowbro|Thunder Wave|p1a: Manectric
|-fail|p1a: Manectric
|
|turn|49
|
|move|p1a: Manectric|Thunderbolt|p2a: Slowbro
|-supereffective|p2a: Slowbro
|-damage|p2a: Slowbro|0 fnt
|faint|p2a: Slowbro
|
|
|switch|p2a: Scizor|Scizor-Mega, F|175\/343 brn
|turn|50
|-message|shermin vermin forfeited.
|
|win|qpzm257
|raw|Ladder updating...
|leave|shermin vermin
|player|p2
|raw|qpzm257's rating: 1630 &rarr; <strong>1645<\/strong><br \/>(+15 for winning)
|raw|shermin vermin's rating: 1530 &rarr; <strong>1516<\/strong><br \/>(-14 for losing)
|c| BahaFan|gg
|c| BahaFan|well played at the end
|c|âqpzm257|thanks
|c|âqpzm257|that was a risky move I made bringing in Manectric
|c|âqpzm257|it could have been big trouble if you didn't use t wave
|c| BahaFan|no risk no win
|c| BahaFan|im not your oponent
|c| BahaFan|i just watch your battle
|c|âqpzm257|oh, haha
|c| BahaFan|^^
|c|âqpzm257|whenever I see a comment I assume it's the person I'm battling
|c| BahaFan|oki
|leave|qpzm257
|player|p1