|join|jlisto42
|join|qpzm257
|player|p1|jlisto42|23
|player|p2|qpzm257|101
|gametype|singles
|gen|6
|tier|OU
|clearpoke
|poke|p1|Conkeldurr, M
|poke|p1|Clefable, F
|poke|p1|Latias, F
|poke|p1|Goodra, M
|poke|p1|Salamence, M
|poke|p1|Forretress, F
|poke|p2|Ferrothorn, F
|poke|p2|Alakazam, F
|poke|p2|Vaporeon, M
|poke|p2|Salamence, F
|poke|p2|Landorus-Therian, M
|poke|p2|Tyranitar, F
|rule|Swagger Clause: Swagger is banned
|rule|Baton Pass Clause: Limit one PokÃ©mon knowing Baton Pass
|rule|Sleep Clause Mod: Limit one foe put to sleep
|rule|Species Clause: Limit one of each PokÃ©mon
|rule|OHKO Clause: OHKO moves are banned
|rule|Moody Clause: Moody is banned
|rule|Evasion Moves Clause: Evasion moves are banned
|rule|Endless Battle Clause: Forcing endless battles is banned
|rule|HP Percentage Mod: HP is shown in percentages
|teampreview
|chat|jlisto42|gl and hf
|chat|qpzm257|you too
|
|start
|switch|p1a: Forretress|Forretress, F|354\/354
|switch|p2a: Landorus-Therian|Landorus-Therian, M|319\/319
|-ability|p2a: Landorus-Therian|Intimidate|[of] p1a: Forretress
|-unboost|p1a: Forretress|atk|1
|turn|1
|
|move|p2a: Landorus-Therian|U-turn|p1a: Forretress
|-resisted|p1a: Forretress
|-damage|p1a: Forretress|317\/354
|
|switch|p2a: Ferrothorn|Ferrothorn, F|352\/352
|move|p1a: Forretress|Stealth Rock|p2a: Ferrothorn
|-sidestart|p2: qpzm257|move: Stealth Rock
|
|-heal|p1a: Forretress|339\/354|[from] item: Leftovers
|turn|2
|
|switch|p1a: Clefable|Clefable, F|394\/394
|move|p2a: Ferrothorn|Stealth Rock|p1a: Clefable
|-sidestart|p1: jlisto42|move: Stealth Rock
|
|turn|3
|
|switch|p2a: Tyranitar|Tyranitar, F|342\/342
|-damage|p2a: Tyranitar|300\/342|[from] Stealth Rock
|-weather|Sandstorm
|move|p1a: Clefable|Cosmic Power|p1a: Clefable
|-boost|p1a: Clefable|def|1
|-boost|p1a: Clefable|spd|1
|
|-weather|Sandstorm|[upkeep]
|-heal|p2a: Tyranitar|321\/342|[from] item: Leftovers
|turn|4
|
|move|p2a: Tyranitar|Dragon Dance|p2a: Tyranitar
|-boost|p2a: Tyranitar|atk|1
|-boost|p2a: Tyranitar|spe|1
|move|p1a: Clefable|Ice Beam|p2a: Tyranitar
|-damage|p2a: Tyranitar|278\/342
|
|-weather|Sandstorm|[upkeep]
|-heal|p2a: Tyranitar|299\/342|[from] item: Leftovers
|turn|5
|
|move|p2a: Tyranitar|Iron Head|p1a: Clefable
|-supereffective|p1a: Clefable
|-damage|p1a: Clefable|236\/394
|move|p1a: Clefable|Cosmic Power|p1a: Clefable
|-boost|p1a: Clefable|def|1
|-boost|p1a: Clefable|spd|1
|
|-weather|Sandstorm|[upkeep]
|-heal|p2a: Tyranitar|320\/342|[from] item: Leftovers
|-heal|p1a: Clefable|260\/394|[from] item: Leftovers
|turn|6
|
|move|p2a: Tyranitar|Dragon Dance|p2a: Tyranitar
|-boost|p2a: Tyranitar|atk|1
|-boost|p2a: Tyranitar|spe|1
|move|p1a: Clefable|Cosmic Power|p1a: Clefable
|-boost|p1a: Clefable|def|1
|-boost|p1a: Clefable|spd|1
|
|-weather|Sandstorm|[upkeep]
|-heal|p2a: Tyranitar|341\/342|[from] item: Leftovers
|-heal|p1a: Clefable|284\/394|[from] item: Leftovers
|turn|7
|
|move|p2a: Tyranitar|Dragon Dance|p2a: Tyranitar
|-boost|p2a: Tyranitar|atk|1
|-boost|p2a: Tyranitar|spe|1
|move|p1a: Clefable|Cosmic Power|p1a: Clefable
|-boost|p1a: Clefable|def|1
|-boost|p1a: Clefable|spd|1
|
|-weather|none
|-heal|p2a: Tyranitar|342\/342|[from] item: Leftovers
|-heal|p1a: Clefable|308\/394|[from] item: Leftovers
|turn|8
|
|move|p2a: Tyranitar|Iron Head|p1a: Clefable
|-supereffective|p1a: Clefable
|-damage|p1a: Clefable|166\/394
|move|p1a: Clefable|Cosmic Power|p1a: Clefable
|-boost|p1a: Clefable|def|1
|-boost|p1a: Clefable|spd|1
|
|-heal|p1a: Clefable|190\/394|[from] item: Leftovers
|turn|9
|
|move|p2a: Tyranitar|Iron Head|p1a: Clefable
|-supereffective|p1a: Clefable
|-damage|p1a: Clefable|62\/394
|cant|p1a: Clefable|flinch
|
|-heal|p1a: Clefable|86\/394|[from] item: Leftovers
|turn|10
|chat|jlisto42|WOW
|
|move|p2a: Tyranitar|Iron Head|p1a: Clefable
|-supereffective|p1a: Clefable
|-damage|p1a: Clefable|0 fnt
|faint|p1a: Clefable
|
|chat|qpzm257|I was really hoping I'd get one in there
|
|switch|p1a: Latias|Latias, F|322\/322
|-damage|p1a: Latias|282\/322|[from] Stealth Rock
|turn|11
|chat|jlisto42|i was execting a spa tyranitar honestly
|chat|jlisto42|but i think this is gg
|
|move|p2a: Tyranitar|Dragon Claw|p1a: Latias
|-supereffective|p1a: Latias
|-damage|p1a: Latias|0 fnt
|faint|p1a: Latias
|
|
|switch|p1a: Salamence|Salamence, M|331\/331
|-damage|p1a: Salamence|249\/331|[from] Stealth Rock
|turn|12
|
|move|p2a: Tyranitar|Dragon Claw|p1a: Salamence
|-supereffective|p1a: Salamence
|-damage|p1a: Salamence|0 fnt
|faint|p1a: Salamence
|
|chat|jlisto42|yeah gg wp
|chat|jlisto42|go on and win!
|leave|jlisto42
|player|p1
|chat|qpzm257|Yea, it was pretty much guaranteed that either  t tar or clefable was gonna win this
|-message|Player 1 lost due to inactivity.
|
|win|qpzm257