|join|qpzm257
|join|Here To GG
|player|p1|qpzm257|101
|player|p2|Here To GG|148
|gametype|singles
|gen|6
|tier|OU
|rated
|clearpoke
|poke|p1|Metagross
|poke|p1|Rotom-Wash
|poke|p1|Conkeldurr, M
|poke|p1|Hydreigon, M
|poke|p1|Skarmory, F
|poke|p1|Clefable, F
|poke|p2|Charizard, M
|poke|p2|Gothitelle, F
|poke|p2|Skarmory, F
|poke|p2|Keldeo
|poke|p2|Landorus-Therian, M
|poke|p2|Chansey, F
|rule|Swagger Clause: Swagger is banned
|rule|Baton Pass Clause: Limit one PokÃ©mon knowing Baton Pass
|rule|Sleep Clause Mod: Limit one foe put to sleep
|rule|Species Clause: Limit one of each PokÃ©mon
|rule|OHKO Clause: OHKO moves are banned
|rule|Moody Clause: Moody is banned
|rule|Evasion Moves Clause: Evasion moves are banned
|rule|Endless Battle Clause: Forcing endless battles is banned
|rule|HP Percentage Mod: HP is shown in percentages
|teampreview
|
|start
|switch|p1a: Hydreigon|Hydreigon, M|326\/326
|switch|p2a: Chansey|Chansey, F|703\/703
|turn|1
|
|move|p1a: Hydreigon|U-turn|p2a: Chansey
|-damage|p2a: Chansey|625\/703
|
|switch|p1a: Conkeldurr|Conkeldurr, M|401\/401
|move|p2a: Chansey|Seismic Toss|p1a: Conkeldurr
|-damage|p1a: Conkeldurr|301\/401
|
|turn|2
|
|switch|p2a: Charizard|Charizard, M|323\/323
|move|p1a: Conkeldurr|Knock Off|p2a: Charizard
|-damage|p2a: Charizard|206\/323
|
|turn|3
|
|switch|p1a: Rotom-Wash|Rotom-Wash|304\/304
|detailschange|p2a: Charizard|Charizard-Mega-X, M
|-mega|p2a: Charizard|Charizard|Charizardite X
|move|p2a: Charizard|Flare Blitz|p1a: Rotom-Wash
|-resisted|p1a: Rotom-Wash
|-damage|p1a: Rotom-Wash|200\/304
|-damage|p2a: Charizard|172\/323|[from] recoil|[of] p1a: Rotom-Wash
|
|-heal|p1a: Rotom-Wash|219\/304|[from] item: Leftovers
|turn|4
|
|switch|p1a: Skarmory|Skarmory, F|334\/334
|move|p2a: Charizard|Roost|p2a: Charizard
|-heal|p2a: Charizard|323\/323
|
|turn|5
|
|move|p2a: Charizard|Flare Blitz|p1a: Skarmory
|-supereffective|p1a: Skarmory
|-damage|p1a: Skarmory|8\/334
|-damage|p2a: Charizard|270\/323|[from] item: Rocky Helmet|[of] p1a: Skarmory
|-damage|p2a: Charizard|162\/323|[from] recoil|[of] p1a: Skarmory
|move|p1a: Skarmory|Stealth Rock|p2a: Charizard
|-sidestart|p2: Here To GG|move: Stealth Rock
|
|turn|6
|c|âHere To GG|hello??"?
|c|âHere To GG|that lives
|c|âHere To GG|lol
|c|âqpzm257|it has sturdy anyway
|
|move|p2a: Charizard|Roost|p2a: Charizard
|-heal|p2a: Charizard|323\/323
|move|p1a: Skarmory|Roost|p1a: Skarmory
|-heal|p1a: Skarmory|175\/334
|
|turn|7
|c|âHere To GG|i know
|
|switch|p1a: Rotom-Wash|Rotom-Wash|219\/304
|move|p2a: Charizard|Flare Blitz|p1a: Rotom-Wash
|-resisted|p1a: Rotom-Wash
|-damage|p1a: Rotom-Wash|111\/304
|-status|p1a: Rotom-Wash|brn
|-damage|p2a: Charizard|287\/323|[from] recoil|[of] p1a: Rotom-Wash
|
|-heal|p1a: Rotom-Wash|130\/304 brn|[from] item: Leftovers
|-damage|p1a: Rotom-Wash|92\/304 brn|[from] brn
|turn|8
|c|âHere To GG|but i was just surprised
|
|move|p2a: Charizard|Dragon Claw|p1a: Rotom-Wash
|-damage|p1a: Rotom-Wash|0 fnt
|faint|p1a: Rotom-Wash
|
|
|switch|p1a: Hydreigon|Hydreigon, M|326\/326
|turn|9
|
|switch|p2a: Skarmory|Skarmory, F|334\/334
|-damage|p2a: Skarmory|293\/334|[from] Stealth Rock
|move|p1a: Hydreigon|Draco Meteor|p2a: Skarmory
|-crit|p2a: Skarmory
|-resisted|p2a: Skarmory
|-damage|p2a: Skarmory|55\/334
|-unboost|p1a: Hydreigon|spa|2
|
|turn|10
|c|âHere To GG|no way
|
|switch|p2a: Gothitelle|Gothitelle, F|281\/281
|-damage|p2a: Gothitelle|246\/281|[from] Stealth Rock
|move|p1a: Hydreigon|Draco Meteor|p2a: Gothitelle
|-damage|p2a: Gothitelle|140\/281
|-unboost|p1a: Hydreigon|spa|2
|
|turn|11
|
|move|p1a: Hydreigon|Draco Meteor|p2a: Gothitelle
|-damage|p2a: Gothitelle|70\/281
|-unboost|p1a: Hydreigon|spa|2
|move|p2a: Gothitelle|Rest|p2a: Gothitelle
|-status|p2a: Gothitelle|slp
|-heal|p2a: Gothitelle|281\/281 slp|[silent]
|-status|p2a: Gothitelle|slp|[from] move: Rest
|
|turn|12
|c|âqpzm257|crit, crit, crit, crit
|c|âHere To GG|nop
|c|âHere To GG|not another
|
|move|p1a: Hydreigon|Draco Meteor|p2a: Gothitelle
|-damage|p2a: Gothitelle|221\/281 slp
|cant|p2a: Gothitelle|slp
|
|turn|13
|
|move|p1a: Hydreigon|Draco Meteor|p2a: Gothitelle
|-damage|p2a: Gothitelle|170\/281 slp
|cant|p2a: Gothitelle|slp
|
|turn|14
|
|move|p1a: Hydreigon|Draco Meteor|p2a: Gothitelle
|-damage|p2a: Gothitelle|119\/281 slp
|-curestatus|p2a: Gothitelle|slp
|move|p2a: Gothitelle|Rest|p2a: Gothitelle
|-status|p2a: Gothitelle|slp
|-heal|p2a: Gothitelle|281\/281 slp|[silent]
|-status|p2a: Gothitelle|slp|[from] move: Rest
|
|turn|15
|
|move|p1a: Hydreigon|Draco Meteor|p2a: Gothitelle
|-damage|p2a: Gothitelle|221\/281 slp
|cant|p2a: Gothitelle|slp
|
|turn|16
|
|move|p1a: Hydreigon|Draco Meteor|p2a: Gothitelle
|-damage|p2a: Gothitelle|167\/281 slp
|cant|p2a: Gothitelle|slp
|
|turn|17
|
|move|p1a: Hydreigon|Struggle|p2a: Gothitelle
|-crit|p2a: Gothitelle
|-damage|p2a: Gothitelle|104\/281 slp
|-damage|p1a: Hydreigon|245\/326
|-curestatus|p2a: Gothitelle|slp
|move|p2a: Gothitelle|Rest|p2a: Gothitelle
|-status|p2a: Gothitelle|slp
|-heal|p2a: Gothitelle|281\/281 slp|[silent]
|-status|p2a: Gothitelle|slp|[from] move: Rest
|
|turn|18
|c|âHere To GG|lmao
|c|âqpzm257|of coure that's the crit
|
|move|p1a: Hydreigon|Struggle|p2a: Gothitelle
|-damage|p2a: Gothitelle|241\/281 slp
|-damage|p1a: Hydreigon|164\/326
|cant|p2a: Gothitelle|slp
|
|turn|19
|
|move|p1a: Hydreigon|Struggle|p2a: Gothitelle
|-damage|p2a: Gothitelle|201\/281 slp
|-damage|p1a: Hydreigon|83\/326
|cant|p2a: Gothitelle|slp
|
|turn|20
|c|âqpzm257|If that was a draco meteor you were gone
|c|âHere To GG|if your first dm didnt crit that wouldnt have happened in the first place lol
|
|move|p1a: Hydreigon|Struggle|p2a: Gothitelle
|-damage|p2a: Gothitelle|158\/281 slp
|-damage|p1a: Hydreigon|2\/326
|-curestatus|p2a: Gothitelle|slp
|move|p2a: Gothitelle|Rest|p2a: Gothitelle
|-status|p2a: Gothitelle|slp
|-heal|p2a: Gothitelle|281\/281 slp|[silent]
|-status|p2a: Gothitelle|slp|[from] move: Rest
|
|turn|21
|
|move|p1a: Hydreigon|Struggle|p2a: Gothitelle
|-damage|p2a: Gothitelle|242\/281 slp
|-damage|p1a: Hydreigon|0 fnt
|faint|p1a: Hydreigon
|cant|p2a: Gothitelle|slp
|
|
|switch|p1a: Metagross|Metagross|302\/302
|turn|22
|
|switch|p2a: Landorus-Therian|Landorus-Therian, M|319\/319
|-damage|p2a: Landorus-Therian|280\/319|[from] Stealth Rock
|-ability|p2a: Landorus-Therian|Intimidate|[of] p1a: Metagross
|-fail|p1a: Metagross|unboost|[from] ability: Clear Body|[of] p1a: Metagross
|detailschange|p1a: Metagross|Metagross-Mega
|-mega|p1a: Metagross|Metagross|Metagrossite
|move|p1a: Metagross|Meteor Mash|p2a: Landorus-Therian
|-damage|p2a: Landorus-Therian|40\/319
|
|turn|23
|
|move|p1a: Metagross|Bullet Punch|p2a: Landorus-Therian
|-damage|p2a: Landorus-Therian|0 fnt
|faint|p2a: Landorus-Therian
|
|
|switch|p2a: Charizard|Charizard-Mega-X, M|287\/323
|-damage|p2a: Charizard|207\/323|[from] Stealth Rock
|turn|24
|
|move|p1a: Metagross|Earthquake|p2a: Charizard
|-supereffective|p2a: Charizard
|-damage|p2a: Charizard|0 fnt
|faint|p2a: Charizard
|
|
|switch|p2a: Keldeo|Keldeo|323\/323
|-damage|p2a: Keldeo|303\/323|[from] Stealth Rock
|turn|25
|
|move|p1a: Metagross|Zen Headbutt|p2a: Keldeo
|-supereffective|p2a: Keldeo
|-damage|p2a: Keldeo|0 fnt
|faint|p2a: Keldeo
|
|-message|Here To GG forfeited.
|leave|Here To GG
|
|win|qpzm257
|raw|Ladder updating...
|player|p2
|raw|qpzm257's rating: 1643 &rarr; <strong>1662<\/strong><br \/>(+19 for winning)
|raw|Here To GG's rating: 1623 &rarr; <strong>1604<\/strong><br \/>(-19 for losing)