|join|anchorage
|join|qpzm257
|player|p1|anchorage|214
|player|p2|qpzm257|101
|gametype|singles
|gen|6
|tier|OU
|rated
|clearpoke
|poke|p1|Scizor, F
|poke|p1|Metagross
|poke|p1|Latios, M
|poke|p1|Azumarill, M
|poke|p1|Gliscor, F
|poke|p1|Heatran, M
|poke|p2|Metagross
|poke|p2|Rotom-Wash
|poke|p2|Conkeldurr, F
|poke|p2|Hydreigon, M
|poke|p2|Skarmory, F
|poke|p2|Clefable, F
|rule|Swagger Clause: Swagger is banned
|rule|Baton Pass Clause: Limit one PokÃ©mon knowing Baton Pass
|rule|Sleep Clause Mod: Limit one foe put to sleep
|rule|Species Clause: Limit one of each PokÃ©mon
|rule|OHKO Clause: OHKO moves are banned
|rule|Moody Clause: Moody is banned
|rule|Evasion Moves Clause: Evasion moves are banned
|rule|Endless Battle Clause: Forcing endless battles is banned
|rule|HP Percentage Mod: HP is shown in percentages
|teampreview
|
|start
|switch|p1a: Azumarill|Azumarill, M|342\/342
|switch|p2a: Rotom-Wash|Rotom-Wash|304\/304
|turn|1
|
|switch|p1a: Latios|Latios, M|301\/301
|move|p2a: Rotom-Wash|Will-O-Wisp|p1a: Latios
|-status|p1a: Latios|brn
|
|-damage|p1a: Latios|264\/301 brn|[from] brn
|turn|2
|
|switch|p2a: Clefable|Clefable, F|394\/394
|move|p1a: Latios|Psyshock|p2a: Clefable
|-damage|p2a: Clefable|190\/394
|-damage|p1a: Latios|234\/301 brn|[from] item: Life Orb
|
|-heal|p2a: Clefable|214\/394|[from] item: Leftovers
|-damage|p1a: Latios|197\/301 brn|[from] brn
|turn|3
|
|switch|p1a: Metagross|Metagross|301\/301
|move|p2a: Clefable|Moonlight|p2a: Clefable
|-heal|p2a: Clefable|394\/394
|
|turn|4
|
|switch|p2a: Skarmory|Skarmory, F|334\/334
|detailschange|p1a: Metagross|Metagross-Mega
|-mega|p1a: Metagross|Metagross|Metagrossite
|move|p1a: Metagross|Meteor Mash|p2a: Skarmory|[miss]
|-miss|p1a: Metagross|p2a: Skarmory
|
|turn|5
|
|move|p1a: Metagross|Hammer Arm|p2a: Skarmory
|-damage|p2a: Skarmory|236\/334
|-damage|p1a: Metagross|251\/301|[from] item: Rocky Helmet|[of] p2a: Skarmory
|-unboost|p1a: Metagross|spe|1
|move|p2a: Skarmory|Stealth Rock|p1a: Metagross
|-sidestart|p1: anchorage|move: Stealth Rock
|
|turn|6
|
|move|p1a: Metagross|Hammer Arm|p2a: Skarmory
|-damage|p2a: Skarmory|134\/334
|-damage|p1a: Metagross|201\/301|[from] item: Rocky Helmet|[of] p2a: Skarmory
|-unboost|p1a: Metagross|spe|1
|move|p2a: Skarmory|Roost|p2a: Skarmory
|-heal|p2a: Skarmory|301\/334
|
|turn|7
|
|switch|p2a: Clefable|Clefable, F|394\/394
|move|p1a: Metagross|Hammer Arm|p2a: Clefable
|-crit|p2a: Clefable
|-resisted|p2a: Clefable
|-damage|p2a: Clefable|266\/394
|-unboost|p1a: Metagross|spe|1
|
|-heal|p2a: Clefable|290\/394|[from] item: Leftovers
|turn|8
|
|switch|p2a: Rotom-Wash|Rotom-Wash|304\/304
|move|p1a: Metagross|Meteor Mash|p2a: Rotom-Wash
|-resisted|p2a: Rotom-Wash
|-damage|p2a: Rotom-Wash|268\/304
|
|-heal|p2a: Rotom-Wash|287\/304|[from] item: Leftovers
|turn|9
|
|switch|p1a: Latios|Latios, M|197\/301 brn
|-damage|p1a: Latios|160\/301 brn|[from] Stealth Rock
|move|p2a: Rotom-Wash|Hydro Pump|p1a: Latios|[miss]
|-miss|p2a: Rotom-Wash|p1a: Latios
|
|-heal|p2a: Rotom-Wash|304\/304|[from] item: Leftovers
|-damage|p1a: Latios|123\/301 brn|[from] brn
|turn|10
|
|switch|p2a: Metagross|Metagross|302\/302
|move|p1a: Latios|Psyshock|p2a: Metagross
|-resisted|p2a: Metagross
|-damage|p2a: Metagross|267\/302
|-damage|p1a: Latios|93\/301 brn|[from] item: Life Orb
|
|-damage|p1a: Latios|56\/301 brn|[from] brn
|turn|11
|
|detailschange|p2a: Metagross|Metagross-Mega
|-mega|p2a: Metagross|Metagross|Metagrossite
|move|p2a: Metagross|Bullet Punch|p1a: Latios
|-damage|p1a: Latios|0 fnt
|faint|p1a: Latios
|
|
|switch|p1a: Scizor|Scizor, F|343\/343
|-damage|p1a: Scizor|301\/343|[from] Stealth Rock
|turn|12
|
|switch|p2a: Skarmory|Skarmory, F|301\/334
|move|p1a: Scizor|U-turn|p2a: Skarmory
|-resisted|p2a: Skarmory
|-damage|p2a: Skarmory|288\/334
|-damage|p1a: Scizor|244\/343|[from] item: Rocky Helmet|[of] p2a: Skarmory
|
|switch|p1a: Heatran|Heatran, M|347\/347
|-damage|p1a: Heatran|304\/347|[from] Stealth Rock
|-item|p1a: Heatran|Air Balloon
|
|turn|13
|
|switch|p2a: Rotom-Wash|Rotom-Wash|304\/304
|move|p1a: Heatran|Stealth Rock|p2a: Rotom-Wash
|-sidestart|p2: qpzm257|move: Stealth Rock
|
|turn|14
|
|move|p1a: Heatran|Toxic|p2a: Rotom-Wash
|-status|p2a: Rotom-Wash|tox
|move|p2a: Rotom-Wash|Volt Switch|p1a: Heatran
|-damage|p1a: Heatran|226\/347
|-enditem|p1a: Heatran|Air Balloon
|
|switch|p2a: Conkeldurr|Conkeldurr, F|401\/401
|-damage|p2a: Conkeldurr|376\/401|[from] Stealth Rock
|
|turn|15
|
|switch|p1a: Scizor|Scizor, F|244\/343
|-damage|p1a: Scizor|202\/343|[from] Stealth Rock
|move|p2a: Conkeldurr|Knock Off|p1a: Scizor
|-crit|p1a: Scizor
|-damage|p1a: Scizor|8\/343
|-damage|p2a: Conkeldurr|310\/401|[from] item: Rocky Helmet|[of] p1a: Scizor
|-enditem|p1a: Scizor|Rocky Helmet|[from] move: Knock Off|[of] p2a: Conkeldurr
|
|turn|16
|c|âqpzm257|that's gotta be the first time I've ever seen a scizor with a rocky helmet
|
|switch|p2a: Skarmory|Skarmory, F|288\/334
|-damage|p2a: Skarmory|247\/334|[from] Stealth Rock
|move|p1a: Scizor|Bullet Punch|p2a: Skarmory
|-resisted|p2a: Skarmory
|-damage|p2a: Skarmory|220\/334
|-damage|p1a: Scizor|0 fnt|[from] item: Rocky Helmet|[of] p2a: Skarmory
|faint|p1a: Scizor
|
|
|switch|p1a: Heatran|Heatran, M|226\/347
|-damage|p1a: Heatran|183\/347|[from] Stealth Rock
|turn|17
|
|switch|p2a: Rotom-Wash|Rotom-Wash|304\/304 tox
|-damage|p2a: Rotom-Wash|266\/304 tox|[from] Stealth Rock
|move|p1a: Heatran|Lava Plume|p2a: Rotom-Wash
|-resisted|p2a: Rotom-Wash
|-damage|p2a: Rotom-Wash|207\/304 tox
|
|-heal|p2a: Rotom-Wash|226\/304 tox|[from] item: Leftovers
|-damage|p2a: Rotom-Wash|207\/304 tox|[from] psn
|turn|18
|
|move|p1a: Heatran|Lava Plume|p2a: Rotom-Wash
|-resisted|p2a: Rotom-Wash
|-damage|p2a: Rotom-Wash|147\/304 tox
|move|p2a: Rotom-Wash|Hydro Pump|p1a: Heatran
|-supereffective|p1a: Heatran
|-damage|p1a: Heatran|0 fnt
|faint|p1a: Heatran
|
|-heal|p2a: Rotom-Wash|166\/304 tox|[from] item: Leftovers
|-damage|p2a: Rotom-Wash|128\/304 tox|[from] psn
|
|switch|p1a: Metagross|Metagross-Mega|201\/301
|-damage|p1a: Metagross|183\/301|[from] Stealth Rock
|turn|19
|
|switch|p2a: Skarmory|Skarmory, F|220\/334
|-damage|p2a: Skarmory|179\/334|[from] Stealth Rock
|move|p1a: Metagross|Zen Headbutt|p2a: Skarmory
|-resisted|p2a: Skarmory
|-damage|p2a: Skarmory|117\/334
|-damage|p1a: Metagross|133\/301|[from] item: Rocky Helmet|[of] p2a: Skarmory
|
|turn|20
|
|switch|p1a: Gliscor|Gliscor, F|353\/353
|-damage|p1a: Gliscor|309\/353|[from] Stealth Rock
|move|p2a: Skarmory|Roost|p2a: Skarmory
|-heal|p2a: Skarmory|284\/334
|
|-status|p1a: Gliscor|tox|[from] item: Toxic Orb
|turn|21
|
|move|p1a: Gliscor|Swords Dance|p1a: Gliscor
|-boost|p1a: Gliscor|atk|2
|move|p2a: Skarmory|Whirlwind|p1a: Gliscor
|drag|p1a: Metagross|Metagross-Mega|133\/301
|-damage|p1a: Metagross|115\/301|[from] Stealth Rock
|
|turn|22
|
|switch|p1a: Gliscor|Gliscor, F|309\/353 tox
|-damage|p1a: Gliscor|265\/353 tox|[from] Stealth Rock
|move|p2a: Skarmory|Brave Bird|p1a: Gliscor
|-damage|p1a: Gliscor|166\/353 tox
|-damage|p2a: Skarmory|251\/334|[from] recoil|[of] p1a: Gliscor
|
|-heal|p1a: Gliscor|210\/353 tox|[from] ability: Poison Heal
|turn|23
|
|move|p1a: Gliscor|Roost|p1a: Gliscor
|-heal|p1a: Gliscor|353\/353 tox
|move|p2a: Skarmory|Whirlwind|p1a: Gliscor
|drag|p1a: Azumarill|Azumarill, M|342\/342
|-damage|p1a: Azumarill|300\/342|[from] Stealth Rock
|
|turn|24
|
|move|p1a: Azumarill|Knock Off|p2a: Skarmory
|-damage|p2a: Skarmory|177\/334
|-damage|p1a: Azumarill|243\/342|[from] item: Rocky Helmet|[of] p2a: Skarmory
|-enditem|p2a: Skarmory|Rocky Helmet|[from] move: Knock Off|[of] p1a: Azumarill
|move|p2a: Skarmory|Whirlwind|p1a: Azumarill
|drag|p1a: Gliscor|Gliscor, F|353\/353 tox
|-damage|p1a: Gliscor|309\/353 tox|[from] Stealth Rock
|
|-heal|p1a: Gliscor|353\/353 tox|[from] ability: Poison Heal
|turn|25
|
|move|p1a: Gliscor|Swords Dance|p1a: Gliscor
|-boost|p1a: Gliscor|atk|2
|move|p2a: Skarmory|Roost|p2a: Skarmory
|-heal|p2a: Skarmory|334\/334
|
|turn|26
|
|move|p1a: Gliscor|Stone Edge|p2a: Skarmory
|-damage|p2a: Skarmory|246\/334
|move|p2a: Skarmory|Whirlwind|p1a: Gliscor
|drag|p1a: Metagross|Metagross-Mega|115\/301
|-damage|p1a: Metagross|97\/301|[from] Stealth Rock
|
|turn|27
|
|move|p1a: Metagross|Hammer Arm|p2a: Skarmory
|-damage|p2a: Skarmory|156\/334
|-unboost|p1a: Metagross|spe|1
|move|p2a: Skarmory|Brave Bird|p1a: Metagross
|-resisted|p1a: Metagross
|-damage|p1a: Metagross|53\/301
|-damage|p2a: Skarmory|141\/334|[from] recoil|[of] p1a: Metagross
|
|turn|28
|
|switch|p1a: Gliscor|Gliscor, F|353\/353 tox
|-damage|p1a: Gliscor|309\/353 tox|[from] Stealth Rock
|move|p2a: Skarmory|Roost|p2a: Skarmory
|-heal|p2a: Skarmory|308\/334
|
|-heal|p1a: Gliscor|353\/353 tox|[from] ability: Poison Heal
|turn|29
|
|move|p1a: Gliscor|Swords Dance|p1a: Gliscor
|-boost|p1a: Gliscor|atk|2
|move|p2a: Skarmory|Whirlwind|p1a: Gliscor
|drag|p1a: Metagross|Metagross-Mega|53\/301
|-damage|p1a: Metagross|35\/301|[from] Stealth Rock
|
|turn|30
|
|move|p1a: Metagross|Zen Headbutt|p2a: Skarmory
|-crit|p2a: Skarmory
|-resisted|p2a: Skarmory
|-damage|p2a: Skarmory|221\/334
|move|p2a: Skarmory|Brave Bird|p1a: Metagross
|-resisted|p1a: Metagross
|-damage|p1a: Metagross|0 fnt
|-damage|p2a: Skarmory|209\/334|[from] recoil|[of] p1a: Metagross
|faint|p1a: Metagross
|
|
|switch|p1a: Gliscor|Gliscor, F|353\/353 tox
|-damage|p1a: Gliscor|309\/353 tox|[from] Stealth Rock
|turn|31
|
|move|p1a: Gliscor|Swords Dance|p1a: Gliscor
|-boost|p1a: Gliscor|atk|2
|move|p2a: Skarmory|Whirlwind|p1a: Gliscor
|drag|p1a: Azumarill|Azumarill, M|243\/342
|-damage|p1a: Azumarill|201\/342|[from] Stealth Rock
|
|turn|32
|
|move|p1a: Azumarill|Belly Drum|p1a: Azumarill
|-damage|p1a: Azumarill|30\/342
|-setboost|p1a: Azumarill|atk|6|[from] move: Belly Drum
|-enditem|p1a: Azumarill|Sitrus Berry|[eat]
|-heal|p1a: Azumarill|115\/342|[from] item: Sitrus Berry
|move|p2a: Skarmory|Roost|p2a: Skarmory
|-heal|p2a: Skarmory|334\/334
|
|turn|33
|
|move|p1a: Azumarill|Knock Off|p2a: Skarmory
|-damage|p2a: Skarmory|145\/334
|move|p2a: Skarmory|Whirlwind|p1a: Azumarill
|drag|p1a: Gliscor|Gliscor, F|309\/353 tox
|-damage|p1a: Gliscor|265\/353 tox|[from] Stealth Rock
|
|-heal|p1a: Gliscor|309\/353 tox|[from] ability: Poison Heal
|turn|34
|c|âanchorage|gg
|c|âqpzm257|gg
|
|move|p1a: Gliscor|Swords Dance|p1a: Gliscor
|-boost|p1a: Gliscor|atk|2
|move|p2a: Skarmory|Roost|p2a: Skarmory
|-heal|p2a: Skarmory|312\/334
|
|-heal|p1a: Gliscor|353\/353 tox|[from] ability: Poison Heal
|turn|35
|
|move|p1a: Gliscor|Stone Edge|p2a: Skarmory
|-damage|p2a: Skarmory|233\/334
|move|p2a: Skarmory|Whirlwind|p1a: Gliscor
|drag|p1a: Azumarill|Azumarill, M|115\/342
|-damage|p1a: Azumarill|73\/342|[from] Stealth Rock
|
|turn|36
|
|switch|p1a: Gliscor|Gliscor, F|353\/353 tox
|-damage|p1a: Gliscor|309\/353 tox|[from] Stealth Rock
|switch|p2a: Metagross|Metagross-Mega|267\/302
|-damage|p2a: Metagross|249\/302|[from] Stealth Rock
|
|-heal|p1a: Gliscor|353\/353 tox|[from] ability: Poison Heal
|turn|37
|
|move|p2a: Metagross|Meteor Mash|p1a: Gliscor
|-damage|p1a: Gliscor|149\/353 tox
|move|p1a: Gliscor|Earthquake|p2a: Metagross
|-supereffective|p2a: Metagross
|-damage|p2a: Metagross|79\/302
|
|-heal|p1a: Gliscor|193\/353 tox|[from] ability: Poison Heal
|turn|38
|
|move|p2a: Metagross|Meteor Mash|p1a: Gliscor
|-damage|p1a: Gliscor|0 fnt
|-boost|p2a: Metagross|atk|1
|faint|p1a: Gliscor
|
|
|switch|p1a: Azumarill|Azumarill, M|73\/342
|-damage|p1a: Azumarill|31\/342|[from] Stealth Rock
|turn|39
|
|move|p2a: Metagross|Bullet Punch|p1a: Azumarill
|-damage|p1a: Azumarill|0 fnt
|faint|p1a: Azumarill
|
|win|qpzm257
|raw|Ladder updating...
|raw|anchorage's rating: 1648 &rarr; <strong>1626<\/strong><br \/>(-22 for losing)
|raw|qpzm257's rating: 1616 &rarr; <strong>1638<\/strong><br \/>(+22 for winning)
|leave|anchorage
|player|p1