|join|will-i-am2
|join|qpzm257
|player|p1|will-i-am2|2
|player|p2|qpzm257|101
|gametype|singles
|gen|6
|tier|OU
|rated
|clearpoke
|poke|p1|Hydreigon, F
|poke|p1|Donphan, F
|poke|p1|Registeel
|poke|p1|Mawile, M
|poke|p1|Mandibuzz, F
|poke|p1|Ditto
|poke|p2|Vaporeon, F
|poke|p2|Dragonite, M
|poke|p2|Manectric, F
|poke|p2|Alakazam, M
|poke|p2|Excadrill, F
|poke|p2|Skarmory, F
|rule|Sleep Clause Mod: Limit one foe put to sleep
|rule|Species Clause: Limit one of each Pokemon
|rule|OHKO Clause: OHKO moves are banned
|rule|Moody Clause: Moody is banned
|rule|Evasion Moves Clause: Evasion moves are banned
|rule|Endless Battle Clause: Forcing endless battles is banned.
|rule|HP Percentage Mod: HP is reported as percentages
|teampreview
|
|start
|switch|p1a: Hydreigon|Hydreigon, F|331\/331
|switch|p2a: Skarmory|Skarmory, F|334\/334
|turn|1
|
|switch|p2a: Vaporeon|Vaporeon, F|464\/464
|move|p1a: Hydreigon|Dark Pulse|p2a: Vaporeon
|-damage|p2a: Vaporeon|280\/464
|
|-heal|p2a: Vaporeon|309\/464|[from] item: Leftovers
|turn|2
|
|move|p1a: Hydreigon|Dark Pulse|p2a: Vaporeon
|-crit|p2a: Vaporeon
|-damage|p2a: Vaporeon|62\/464
|move|p2a: Vaporeon|Scald|p1a: Hydreigon
|-resisted|p1a: Hydreigon
|-damage|p1a: Hydreigon|277\/331
|-status|p1a: Hydreigon|brn
|
|-heal|p2a: Vaporeon|91\/464|[from] item: Leftovers
|-damage|p1a: Hydreigon|236\/331 brn|[from] brn
|turn|3
|
|move|p2a: Vaporeon|Protect|p2a: Vaporeon
|-singleturn|p2a: Vaporeon|Protect
|move|p1a: Hydreigon|Dark Pulse|p2a: Vaporeon
|-activate|p2a: Vaporeon|Protect
|
|-heal|p2a: Vaporeon|120\/464|[from] item: Leftovers
|-damage|p1a: Hydreigon|195\/331 brn|[from] brn
|turn|4
|
|move|p1a: Hydreigon|Dark Pulse|p2a: Vaporeon
|-damage|p2a: Vaporeon|0 fnt
|faint|p2a: Vaporeon
|
|-damage|p1a: Hydreigon|154\/331 brn|[from] brn
|
|switch|p2a: Alakazam|Alakazam, M|252\/252
|turn|5
|
|switch|p1a: Registeel|Registeel|364\/364
|move|p2a: Alakazam|Dazzling Gleam|p1a: Registeel
|-resisted|p1a: Registeel
|-damage|p1a: Registeel|333\/364
|
|-heal|p1a: Registeel|355\/364|[from] item: Leftovers
|turn|6
|
|switch|p2a: Skarmory|Skarmory, F|334\/334
|move|p1a: Registeel|Stealth Rock|p2a: Skarmory
|-sidestart|p2: qpzm257|move: Stealth Rock
|
|-heal|p1a: Registeel|364\/364|[from] item: Leftovers
|turn|7
|
|move|p2a: Skarmory|Stealth Rock|p1a: Registeel
|-sidestart|p1: will-i-am2|move: Stealth Rock
|move|p1a: Registeel|Thunder Wave|p2a: Skarmory
|-status|p2a: Skarmory|par
|
|turn|8
|
|switch|p1a: Donphan|Donphan, F|384\/384
|-damage|p1a: Donphan|360\/384|[from] Stealth Rock
|move|p2a: Skarmory|Whirlwind|p1a: Donphan
|drag|p1a: Mandibuzz|Mandibuzz, F|424\/424
|-damage|p1a: Mandibuzz|318\/424|[from] Stealth Rock
|
|turn|9
|
|switch|p2a: Manectric|Manectric, F|282\/282
|-damage|p2a: Manectric|247\/282|[from] Stealth Rock
|move|p1a: Mandibuzz|Roost|p1a: Mandibuzz
|-heal|p1a: Mandibuzz|424\/424
|
|turn|10
|
|switch|p1a: Registeel|Registeel|364\/364
|-damage|p1a: Registeel|342\/364|[from] Stealth Rock
|-formechange|p2a: Manectric|Manectric-Mega
|message|Manectric has Mega Evolved into Mega Manectric!
|-ability|p2a: Manectric|Intimidate|[of] p1a: Registeel
|-fail|p1a: Registeel|unboost|[from] ability: Clear Body|[of] p1a: Registeel
|move|p2a: Manectric|Hidden Power|p1a: Registeel
|-resisted|p1a: Registeel
|-damage|p1a: Registeel|315\/364
|
|-heal|p1a: Registeel|337\/364|[from] item: Leftovers
|turn|11
|
|move|p2a: Manectric|Overheat|p1a: Registeel
|-supereffective|p1a: Registeel
|-damage|p1a: Registeel|109\/364
|-unboost|p2a: Manectric|spa|2
|move|p1a: Registeel|Seismic Toss|p2a: Manectric
|-damage|p2a: Manectric|147\/282
|
|-heal|p1a: Registeel|131\/364|[from] item: Leftovers
|turn|12
|
|switch|p1a: Donphan|Donphan, F|360\/384
|-damage|p1a: Donphan|336\/384|[from] Stealth Rock
|move|p2a: Manectric|Overheat|p1a: Donphan|[miss]
|-miss|p2a: Manectric|p1a: Donphan
|
|-heal|p1a: Donphan|360\/384|[from] item: Leftovers
|turn|13
|
|switch|p2a: Skarmory|Skarmory, F|334\/334 par
|-damage|p2a: Skarmory|293\/334 par|[from] Stealth Rock
|move|p1a: Donphan|Rapid Spin|p2a: Skarmory
|-resisted|p2a: Skarmory
|-damage|p2a: Skarmory|286\/334 par
|-damage|p1a: Donphan|296\/384|[from] item: Rocky Helmet|[of] p2a: Skarmory
|-sideend|p1: will-i-am2|Stealth Rock|[from] move: Rapid Spin|[of] p1a: Donphan
|
|-heal|p1a: Donphan|320\/384|[from] item: Leftovers
|turn|14
|
|switch|p1a: Hydreigon|Hydreigon, F|154\/331 brn
|move|p2a: Skarmory|Whirlwind|p1a: Hydreigon
|drag|p1a: Mandibuzz|Mandibuzz, F|424\/424
|
|turn|15
|
|switch|p1a: Hydreigon|Hydreigon, F|154\/331 brn
|move|p2a: Skarmory|Stealth Rock|p1a: Hydreigon
|-sidestart|p1: will-i-am2|move: Stealth Rock
|
|-damage|p1a: Hydreigon|113\/331 brn|[from] brn
|turn|16
|
|move|p1a: Hydreigon|Dark Pulse|p2a: Skarmory
|-damage|p2a: Skarmory|0 fnt
|faint|p2a: Skarmory
|
|-damage|p1a: Hydreigon|72\/331 brn|[from] brn
|
|switch|p2a: Manectric|Manectric, F|147\/282
|-formechange|p2a: Manectric|Manectric-Mega
|-damage|p2a: Manectric|112\/282|[from] Stealth Rock
|-ability|p2a: Manectric|Intimidate|[of] p1a: Hydreigon
|-unboost|p1a: Hydreigon|atk|1
|turn|17
|
|move|p2a: Manectric|Thunderbolt|p1a: Hydreigon
|-resisted|p1a: Hydreigon
|-damage|p1a: Hydreigon|0 fnt
|faint|p1a: Hydreigon
|
|
|switch|p1a: Ditto|Ditto|299\/299
|-damage|p1a: Ditto|262\/299|[from] Stealth Rock
|-transform|p1a: Ditto|p2a: Manectric
|-ability|p1a: Ditto|Intimidate|[of] p2a: Manectric
|-unboost|p2a: Manectric|atk|1
|turn|18
|
|move|p1a: Ditto|Overheat|p2a: Manectric
|-damage|p2a: Manectric|0 fnt
|-unboost|p1a: Ditto|spa|2
|faint|p2a: Manectric
|
|
|switch|p2a: Excadrill|Excadrill, F|373\/373
|-damage|p2a: Excadrill|362\/373|[from] Stealth Rock
|-ability|p2a: Excadrill|Mold Breaker
|turn|19
|
|switch|p1a: Mandibuzz|Mandibuzz, F|424\/424
|-damage|p1a: Mandibuzz|318\/424|[from] Stealth Rock
|move|p2a: Excadrill|Rock Slide|p1a: Mandibuzz
|-supereffective|p1a: Mandibuzz
|-damage|p1a: Mandibuzz|166\/424
|
|turn|20
|
|move|p2a: Excadrill|Rock Slide|p1a: Mandibuzz
|-supereffective|p1a: Mandibuzz
|-damage|p1a: Mandibuzz|26\/424
|cant|p1a: Mandibuzz|flinch
|
|turn|21
|
|move|p2a: Excadrill|Iron Head|p1a: Mandibuzz
|-damage|p1a: Mandibuzz|0 fnt
|-damage|p2a: Excadrill|300\/373|[from] item: Rocky Helmet|[of] p1a: Mandibuzz
|faint|p1a: Mandibuzz
|
|
|switch|p1a: Donphan|Donphan, F|320\/384
|-damage|p1a: Donphan|296\/384|[from] Stealth Rock
|turn|22
|
|move|p2a: Excadrill|Rapid Spin|p1a: Donphan
|-damage|p1a: Donphan|270\/384
|-sideend|p2: qpzm257|Stealth Rock|[from] move: Rapid Spin|[of] p2a: Excadrill
|move|p1a: Donphan|Rapid Spin|p2a: Excadrill
|-resisted|p2a: Excadrill
|-damage|p2a: Excadrill|280\/373
|-sideend|p1: will-i-am2|Stealth Rock|[from] move: Rapid Spin|[of] p1a: Donphan
|
|-heal|p1a: Donphan|294\/384|[from] item: Leftovers
|turn|23
|
|move|p2a: Excadrill|Earthquake|p1a: Donphan
|-damage|p1a: Donphan|122\/384
|move|p1a: Donphan|Earthquake|p2a: Excadrill
|-crit|p2a: Excadrill
|-supereffective|p2a: Excadrill
|-damage|p2a: Excadrill|0 fnt
|faint|p2a: Excadrill
|
|-heal|p1a: Donphan|146\/384|[from] item: Leftovers
|
|switch|p2a: Dragonite|Dragonite, M|324\/324
|turn|24
|
|move|p1a: Donphan|Ice Shard|p2a: Dragonite
|-supereffective|p2a: Dragonite
|-damage|p2a: Dragonite|214\/324
|move|p2a: Dragonite|Dragon Dance|p2a: Dragonite
|-boost|p2a: Dragonite|atk|1
|-boost|p2a: Dragonite|spe|1
|
|-heal|p1a: Donphan|170\/384|[from] item: Leftovers
|turn|25
|
|move|p2a: Dragonite|Extreme Speed|p1a: Donphan
|-damage|p1a: Donphan|37\/384
|move|p1a: Donphan|Ice Shard|p2a: Dragonite
|-supereffective|p2a: Dragonite
|-damage|p2a: Dragonite|0 fnt
|faint|p2a: Dragonite
|
|-heal|p1a: Donphan|61\/384|[from] item: Leftovers
|
|switch|p2a: Alakazam|Alakazam, M|252\/252
|turn|26
|
|move|p1a: Donphan|Ice Shard|p2a: Alakazam
|-damage|p2a: Alakazam|154\/252
|move|p2a: Alakazam|Shadow Ball|p1a: Donphan
|-damage|p1a: Donphan|0 fnt
|faint|p1a: Donphan
|
|chat|qpzm257|gg
|
|switch|p1a: Ditto|Ditto|262\/299
|-transform|p1a: Ditto|p2a: Alakazam
|turn|27
|chat|will-i-am2|gg
|
|move|p1a: Ditto|Shadow Ball|p2a: Alakazam
|-supereffective|p2a: Alakazam
|-damage|p2a: Alakazam|0 fnt
|faint|p2a: Alakazam
|
|win|will-i-am2
|raw|Ladder updating...
|raw|will-i-am2's rating: 1978 &rarr; <strong>1985<\/strong><br \/>(+7 for winning)
|raw|qpzm257's rating: 1688 &rarr; <strong>1682<\/strong><br \/>(-6 for losing)