|join|Blacksniper96
|join|qpzm257
|player|p1|Blacksniper96|1
|player|p2|qpzm257|101
|gametype|singles
|gen|6
|tier|OU (suspect test)
|rated
|clearpoke
|poke|p1|Hitmonlee, M, shiny
|poke|p1|Dragonite, M, shiny
|poke|p1|Jolteon, M
|poke|p1|Blastoise, F
|poke|p1|Snorlax, M, shiny
|poke|p1|Pidgeot, M, shiny
|poke|p2|Vaporeon, F
|poke|p2|Dragonite, F
|poke|p2|Manectric, F
|poke|p2|Alakazam, M
|poke|p2|Excadrill, F
|poke|p2|Skarmory, F
|rule|Swagger Clause: Swagger is banned
|rule|Baton Pass Clause: Limit one PokÃ©mon knowing Baton Pass
|rule|Sleep Clause Mod: Limit one foe put to sleep
|rule|Species Clause: Limit one of each PokÃ©mon
|rule|OHKO Clause: OHKO moves are banned
|rule|Moody Clause: Moody is banned
|rule|Evasion Moves Clause: Evasion moves are banned
|rule|Endless Battle Clause: Forcing endless battles is banned
|rule|HP Percentage Mod: HP is reported as percentages
|teampreview
|chat|qpzm257|dat gen wun
|
|start
|switch|p1a: Jolteon|Jolteon, M|272\/272
|switch|p2a: Manectric|Manectric, F|282\/282
|turn|1
|
|switch|p2a: Excadrill|Excadrill, F|373\/373
|-ability|p2a: Excadrill|Mold Breaker
|move|p1a: Jolteon|Roar|p2a: Excadrill
|drag|p2a: Dragonite|Dragonite, F|324\/324
|
|turn|2
|
|move|p1a: Jolteon|Rain Dance|p1a: Jolteon
|-weather|RainDance
|move|p2a: Dragonite|Dragon Dance|p2a: Dragonite
|-boost|p2a: Dragonite|atk|1
|-boost|p2a: Dragonite|spe|1
|
|-weather|RainDance|[upkeep]
|turn|3
|
|move|p1a: Jolteon|Thunder|p2a: Dragonite
|-damage|p2a: Dragonite|243\/324
|move|p2a: Dragonite|Dragon Claw|p1a: Jolteon
|-damage|p1a: Jolteon|0 fnt
|faint|p1a: Jolteon
|
|-weather|RainDance|[upkeep]
|
|switch|p1a: Dragonite|Dragonite, M, shiny|333\/333
|turn|4
|
|move|p2a: Dragonite|Dragon Claw|p1a: Dragonite
|-supereffective|p1a: Dragonite
|-damage|p1a: Dragonite|77\/333
|-enditem|p1a: Dragonite|Weakness Policy
|-boost|p1a: Dragonite|atk|2|[from] item: Weakness Policy
|-boost|p1a: Dragonite|spa|2|[from] item: Weakness Policy
|move|p1a: Dragonite|Outrage|p2a: Dragonite
|-supereffective|p2a: Dragonite
|-damage|p2a: Dragonite|0 fnt
|faint|p2a: Dragonite
|
|-weather|RainDance|[upkeep]
|
|switch|p2a: Skarmory|Skarmory, F|334\/334
|turn|5
|
|move|p1a: Dragonite|Outrage|p2a: Skarmory
|-resisted|p2a: Skarmory
|-damage|p2a: Skarmory|212\/334
|-damage|p1a: Dragonite|22\/333|[from] item: Rocky Helmet|[of] p2a: Skarmory
|move|p2a: Skarmory|Stealth Rock|p1a: Dragonite
|-sidestart|p1: Blacksniper96|move: Stealth Rock
|
|-weather|RainDance|[upkeep]
|turn|6
|
|move|p1a: Dragonite|Outrage|p2a: Skarmory
|-resisted|p2a: Skarmory
|-damage|p2a: Skarmory|86\/334
|-damage|p1a: Dragonite|0 fnt|[from] item: Rocky Helmet|[of] p2a: Skarmory
|faint|p1a: Dragonite
|move|p2a: Skarmory|Roost|p2a: Skarmory
|-heal|p2a: Skarmory|253\/334
|
|-weather|none
|
|switch|p1a: Blastoise|Blastoise, F|353\/353
|-damage|p1a: Blastoise|309\/353|[from] Stealth Rock
|turn|7
|
|switch|p2a: Vaporeon|Vaporeon, F|464\/464
|move|p1a: Blastoise|Rapid Spin|p2a: Vaporeon
|-damage|p2a: Vaporeon|443\/464
|-sideend|p1: Blacksniper96|Stealth Rock|[from] move: Rapid Spin|[of] p1a: Blastoise
|
|-heal|p2a: Vaporeon|464\/464|[from] item: Leftovers
|turn|8
|
|move|p1a: Blastoise|Skull Bash|p2a: Vaporeon|[still]
|-prepare|p1a: Blastoise|Skull Bash|p2a: Vaporeon
|-boost|p1a: Blastoise|def|1
|move|p2a: Vaporeon|Scald|p1a: Blastoise
|-resisted|p1a: Blastoise
|-damage|p1a: Blastoise|258\/353
|-status|p1a: Blastoise|brn
|
|-damage|p1a: Blastoise|214\/353 brn|[from] brn
|turn|9
|
|move|p1a: Blastoise|Skull Bash|p2a: Vaporeon
|-damage|p2a: Vaporeon|394\/464
|move|p2a: Vaporeon|Wish|p2a: Vaporeon
|
|-heal|p2a: Vaporeon|423\/464|[from] item: Leftovers
|-damage|p1a: Blastoise|170\/353 brn|[from] brn
|turn|10
|
|switch|p2a: Manectric|Manectric, F|282\/282
|move|p1a: Blastoise|Ice Beam|p2a: Manectric
|-damage|p2a: Manectric|145\/282
|-status|p2a: Manectric|frz
|
|-heal|p2a: Manectric|282\/282 frz|[from] move: Wish|[wisher] Vaporeon
|-damage|p1a: Blastoise|126\/353 brn|[from] brn
|turn|11
|
|switch|p2a: Vaporeon|Vaporeon, F|423\/464
|detailschange|p1a: Blastoise|Blastoise-Mega, F
|message|Blastoise has Mega Evolved into Mega Blastoise!
|move|p1a: Blastoise|Ice Beam|p2a: Vaporeon
|-resisted|p2a: Vaporeon
|-damage|p2a: Vaporeon|381\/464
|
|-heal|p2a: Vaporeon|410\/464|[from] item: Leftovers
|-damage|p1a: Blastoise|82\/353 brn|[from] brn
|turn|12
|
|move|p1a: Blastoise|Skull Bash|p2a: Vaporeon|[still]
|-prepare|p1a: Blastoise|Skull Bash|p2a: Vaporeon
|-boost|p1a: Blastoise|def|1
|move|p2a: Vaporeon|Heal Bell|p2a: Vaporeon
|-cureteam|p2a: Vaporeon|[from] move: HealBell
|
|-heal|p2a: Vaporeon|439\/464|[from] item: Leftovers
|-damage|p1a: Blastoise|38\/353 brn|[from] brn
|turn|13
|
|move|p2a: Vaporeon|Protect|p2a: Vaporeon
|-singleturn|p2a: Vaporeon|Protect
|move|p1a: Blastoise|Skull Bash|p2a: Vaporeon
|-activate|p2a: Vaporeon|Protect
|
|-heal|p2a: Vaporeon|464\/464|[from] item: Leftovers
|-damage|p1a: Blastoise|0 fnt|[from] brn
|faint|p1a: Blastoise
|
|switch|p1a: Hitmonlee|Hitmonlee, M, shiny|278\/278
|turn|14
|
|switch|p2a: Skarmory|Skarmory, F|253\/334
|move|p1a: Hitmonlee|High Jump Kick|p2a: Skarmory
|-damage|p2a: Skarmory|117\/334
|-damage|p1a: Hitmonlee|232\/278|[from] item: Rocky Helmet|[of] p2a: Skarmory
|
|turn|15
|
|move|p1a: Hitmonlee|High Jump Kick|p2a: Skarmory
|-damage|p2a: Skarmory|0 fnt
|-damage|p1a: Hitmonlee|186\/278|[from] item: Rocky Helmet|[of] p2a: Skarmory
|faint|p2a: Skarmory
|
|
|switch|p2a: Alakazam|Alakazam, M|252\/252
|turn|16
|
|move|p1a: Hitmonlee|Sucker Punch|p2a: Alakazam
|-supereffective|p2a: Alakazam
|-enditem|p2a: Alakazam|Focus Sash
|-damage|p2a: Alakazam|1\/252
|move|p2a: Alakazam|Psyshock|p1a: Hitmonlee
|-supereffective|p1a: Hitmonlee
|-damage|p1a: Hitmonlee|0 fnt
|faint|p1a: Hitmonlee
|
|
|switch|p1a: Pidgeot|Pidgeot, M, shiny|308\/308
|turn|17
|
|move|p1a: Pidgeot|Quick Attack|p2a: Alakazam
|-damage|p2a: Alakazam|0 fnt
|faint|p2a: Alakazam
|
|
|switch|p2a: Manectric|Manectric, F|282\/282
|turn|18
|
|detailschange|p2a: Manectric|Manectric-Mega, F
|message|Manectric has Mega Evolved into Mega Manectric!
|-ability|p2a: Manectric|Intimidate|[of] p1a: Pidgeot
|-unboost|p1a: Pidgeot|atk|1
|move|p2a: Manectric|Thunderbolt|p1a: Pidgeot
|-supereffective|p1a: Pidgeot
|-damage|p1a: Pidgeot|0 fnt
|faint|p1a: Pidgeot
|
|
|switch|p1a: Snorlax|Snorlax, M, shiny|524\/524
|turn|19
|
|move|p2a: Manectric|Volt Switch|p1a: Snorlax
|-damage|p1a: Snorlax|404\/524
|
|switch|p2a: Vaporeon|Vaporeon, F|464\/464
|move|p1a: Snorlax|Earthquake|p2a: Vaporeon
|-damage|p2a: Vaporeon|281\/464
|
|-heal|p2a: Vaporeon|310\/464|[from] item: Leftovers
|turn|20
|
|move|p2a: Vaporeon|Scald|p1a: Snorlax
|-damage|p1a: Snorlax|317\/524
|move|p1a: Snorlax|Mega Kick|p2a: Vaporeon
|-damage|p2a: Vaporeon|0 fnt
|faint|p2a: Vaporeon
|
|
|switch|p2a: Manectric|Manectric-Mega, F|282\/282
|-ability|p2a: Manectric|Intimidate|[of] p1a: Snorlax
|-unboost|p1a: Snorlax|atk|1
|turn|21
|
|move|p2a: Manectric|Thunderbolt|p1a: Snorlax
|-damage|p1a: Snorlax|169\/524
|-status|p1a: Snorlax|par
|move|p1a: Snorlax|Earthquake|p2a: Manectric
|-supereffective|p2a: Manectric
|-damage|p2a: Manectric|82\/282
|
|turn|22
|
|move|p2a: Manectric|Thunderbolt|p1a: Snorlax
|-damage|p1a: Snorlax|27\/524 par
|move|p1a: Snorlax|Earthquake|p2a: Manectric
|-supereffective|p2a: Manectric
|-damage|p2a: Manectric|0 fnt
|faint|p2a: Manectric
|
|chat|qpzm257|gg
|
|switch|p2a: Excadrill|Excadrill, F|373\/373
|-ability|p2a: Excadrill|Mold Breaker
|turn|23
|chat|Blacksniper96|gg
|
|move|p2a: Excadrill|Earthquake|p1a: Snorlax
|-damage|p1a: Snorlax|0 fnt
|faint|p1a: Snorlax
|
|win|qpzm257
|raw|Ladder updating...
|raw|Blacksniper96's rating: 1000 &rarr; <strong>1000<\/strong><br \/>(+0 for losing)
|raw|qpzm257's rating: 1075 &rarr; <strong>1098<\/strong><br \/>(+23 for winning)
|leave|qpzm257
|player|p2