|join|qpzm257
|join|susptest
|player|p1|qpzm257|101
|player|p2|susptest|217
|gametype|singles
|gen|6
|tier|OU (suspect test)
|rated
|clearpoke
|poke|p1|Vaporeon, F
|poke|p1|Dragonite, M
|poke|p1|Manectric, F
|poke|p1|Alakazam, M
|poke|p1|Excadrill, F
|poke|p1|Skarmory, M
|poke|p2|Terrakion
|poke|p2|Keldeo
|poke|p2|Landorus, M
|poke|p2|Tyranitar, F
|poke|p2|Scizor, F
|poke|p2|Rotom-Wash
|rule|Sleep Clause Mod: Limit one foe put to sleep
|rule|Species Clause: Limit one of each Pokemon
|rule|OHKO Clause: OHKO moves are banned
|rule|Moody Clause: Moody is banned
|rule|Evasion Moves Clause: Evasion moves are banned
|rule|Endless Battle Clause: Forcing endless battles is banned.
|rule|HP Percentage Mod: HP is reported as percentages
|teampreview
|callback|decision
|
|start
|switch|p1a: Manectric|Manectric, F|282\/282
|switch|p2a: Terrakion|Terrakion|323\/323
|turn|1
|callback|decision
|
|switch|p1a: Skarmory|Skarmory, M|334\/334
|move|p2a: Terrakion|Earthquake|p1a: Skarmory
|-immune|p1a: Skarmory|[msg]
|
|turn|2
|callback|decision
|
|switch|p2a: Tyranitar|Tyranitar, F|363\/363
|-weather|Sandstorm
|move|p1a: Skarmory|Stealth Rock|p2a: Tyranitar
|-sidestart|p2: susptest|move: Stealth Rock
|
|-weather|Sandstorm|[upkeep]
|turn|3
|callback|decision
|
|switch|p1a: Vaporeon|Vaporeon, F|464\/464
|-formechange|p2a: Tyranitar|Tyranitar-Mega
|message|Tyranitar has Mega Evolved into Mega Tyranitar!
|move|p2a: Tyranitar|Stealth Rock|p1a: Vaporeon
|-sidestart|p1: qpzm257|move: Stealth Rock
|
|-weather|Sandstorm|[upkeep]
|-damage|p1a: Vaporeon|435\/464|[from] sandstorm
|-heal|p1a: Vaporeon|464\/464|[from] item: Leftovers
|turn|4
|callback|decision
|
|switch|p2a: Rotom-Wash|Rotom-Wash|304\/304
|-damage|p2a: Rotom-Wash|266\/304|[from] Stealth Rock
|move|p1a: Vaporeon|Scald|p2a: Rotom-Wash
|-resisted|p2a: Rotom-Wash
|-damage|p2a: Rotom-Wash|219\/304
|
|-weather|Sandstorm|[upkeep]
|-damage|p2a: Rotom-Wash|200\/304|[from] sandstorm
|-damage|p1a: Vaporeon|435\/464|[from] sandstorm
|-heal|p2a: Rotom-Wash|219\/304|[from] item: Leftovers
|-heal|p1a: Vaporeon|464\/464|[from] item: Leftovers
|turn|5
|callback|decision
|
|move|p2a: Rotom-Wash|Hydro Pump|p1a: Vaporeon
|-immune|p1a: Vaporeon|[msg]
|move|p1a: Vaporeon|Scald|p2a: Rotom-Wash
|-resisted|p2a: Rotom-Wash
|-damage|p2a: Rotom-Wash|169\/304
|
|-weather|Sandstorm|[upkeep]
|-damage|p2a: Rotom-Wash|150\/304|[from] sandstorm
|-damage|p1a: Vaporeon|435\/464|[from] sandstorm
|-heal|p2a: Rotom-Wash|169\/304|[from] item: Leftovers
|-heal|p1a: Vaporeon|464\/464|[from] item: Leftovers
|turn|6
|callback|decision
|
|switch|p1a: Excadrill|Excadrill, F|365\/365
|-damage|p1a: Excadrill|354\/365|[from] Stealth Rock
|-ability|p1a: Excadrill|Mold Breaker
|move|p2a: Rotom-Wash|Will-O-Wisp|p1a: Excadrill
|-status|p1a: Excadrill|brn
|
|-weather|none
|-heal|p2a: Rotom-Wash|188\/304|[from] item: Leftovers
|-damage|p1a: Excadrill|309\/365 brn|[from] brn
|turn|7
|callback|decision
|
|move|p1a: Excadrill|Earthquake|p2a: Rotom-Wash
|-supereffective|p2a: Rotom-Wash
|-damage|p2a: Rotom-Wash|36\/304
|move|p2a: Rotom-Wash|Hydro Pump|p1a: Excadrill
|-supereffective|p1a: Excadrill
|-damage|p1a: Excadrill|69\/365 brn
|
|-heal|p2a: Rotom-Wash|55\/304|[from] item: Leftovers
|-damage|p1a: Excadrill|24\/365 brn|[from] brn
|turn|8
|callback|decision
|
|move|p1a: Excadrill|Rapid Spin|p2a: Rotom-Wash
|-damage|p2a: Rotom-Wash|44\/304
|-sideend|p1: qpzm257|Stealth Rock|[from] move: Rapid Spin|[of] p1a: Excadrill
|move|p2a: Rotom-Wash|Hydro Pump|p1a: Excadrill
|-supereffective|p1a: Excadrill
|-damage|p1a: Excadrill|0 fnt
|faint|p1a: Excadrill
|
|-heal|p2a: Rotom-Wash|63\/304|[from] item: Leftovers
|callback|decision
|
|switch|p1a: Manectric|Manectric, F|282\/282
|turn|9
|callback|decision
|
|-formechange|p1a: Manectric|Manectric-Mega
|message|Manectric has Mega Evolved into Mega Manectric!
|-ability|p1a: Manectric|Intimidate|[of] p2a: Rotom-Wash
|-unboost|p2a: Rotom-Wash|atk|1
|move|p1a: Manectric|Volt Switch|p2a: Rotom-Wash
|-damage|p2a: Rotom-Wash|0 fnt
|faint|p2a: Rotom-Wash
|callback|decision
|
|switch|p1a: Vaporeon|Vaporeon, F|464\/464
|
|callback|decision
|
|switch|p2a: Tyranitar|Tyranitar, F|363\/363
|-formechange|p2a: Tyranitar|Tyranitar-Mega
|-damage|p2a: Tyranitar|318\/363|[from] Stealth Rock
|-weather|Sandstorm
|turn|10
|callback|decision
|
|move|p2a: Tyranitar|Stealth Rock|p1a: Vaporeon
|-sidestart|p1: qpzm257|move: Stealth Rock
|move|p1a: Vaporeon|Scald|p2a: Tyranitar
|-supereffective|p2a: Tyranitar
|-damage|p2a: Tyranitar|210\/363
|-status|p2a: Tyranitar|brn
|
|-weather|Sandstorm|[upkeep]
|-damage|p1a: Vaporeon|435\/464|[from] sandstorm
|-heal|p1a: Vaporeon|464\/464|[from] item: Leftovers
|-damage|p2a: Tyranitar|165\/363 brn|[from] brn
|turn|11
|callback|decision
|
|move|p1a: Vaporeon|Protect|p1a: Vaporeon
|-singleturn|p1a: Vaporeon|Protect
|move|p2a: Tyranitar|Stone Edge|p1a: Vaporeon
|-activate|p1a: Vaporeon|Protect
|
|-weather|Sandstorm|[upkeep]
|-damage|p1a: Vaporeon|435\/464|[from] sandstorm
|-heal|p1a: Vaporeon|464\/464|[from] item: Leftovers
|-damage|p2a: Tyranitar|120\/363 brn|[from] brn
|turn|12
|callback|decision
|
|move|p2a: Tyranitar|Stone Edge|p1a: Vaporeon
|-damage|p1a: Vaporeon|292\/464
|move|p1a: Vaporeon|Wish|p1a: Vaporeon
|
|-weather|Sandstorm|[upkeep]
|-damage|p1a: Vaporeon|263\/464|[from] sandstorm
|-heal|p1a: Vaporeon|292\/464|[from] item: Leftovers
|-damage|p2a: Tyranitar|75\/363 brn|[from] brn
|turn|13
|callback|decision
|
|switch|p2a: Scizor|Scizor, F|291\/291
|-damage|p2a: Scizor|255\/291|[from] Stealth Rock
|move|p1a: Vaporeon|Scald|p2a: Scizor
|-damage|p2a: Scizor|129\/291
|
|-weather|Sandstorm|[upkeep]
|-damage|p1a: Vaporeon|263\/464|[from] sandstorm
|-heal|p1a: Vaporeon|464\/464|[from] move: Wish|[wisher] Vaporeon
|turn|14
|callback|decision
|
|switch|p1a: Skarmory|Skarmory, M|334\/334
|-damage|p1a: Skarmory|293\/334|[from] Stealth Rock
|move|p2a: Scizor|U-turn|p1a: Skarmory
|-resisted|p1a: Skarmory
|-damage|p1a: Skarmory|264\/334
|-damage|p2a: Scizor|81\/291|[from] item: Rocky Helmet|[of] p1a: Skarmory
|callback|decision
|
|switch|p2a: Terrakion|Terrakion|323\/323
|-damage|p2a: Terrakion|303\/323|[from] Stealth Rock
|
|-weather|none
|turn|15
|callback|decision
|
|move|p2a: Terrakion|Swords Dance|p2a: Terrakion
|-boost|p2a: Terrakion|atk|2
|move|p1a: Skarmory|Roost|p1a: Skarmory
|-heal|p1a: Skarmory|334\/334
|
|turn|16
|callback|decision
|
|move|p2a: Terrakion|Close Combat|p1a: Skarmory
|-crit|p1a: Skarmory
|-activate|p1a: Skarmory|Sturdy
|-damage|p1a: Skarmory|1\/334
|-damage|p2a: Terrakion|250\/323|[from] item: Rocky Helmet|[of] p1a: Skarmory
|-unboost|p2a: Terrakion|def|1
|-unboost|p2a: Terrakion|spd|1
|-damage|p2a: Terrakion|218\/323|[from] item: Life Orb
|move|p1a: Skarmory|Whirlwind|p2a: Terrakion
|drag|p2a: Keldeo|Keldeo|323\/323
|-damage|p2a: Keldeo|303\/323|[from] Stealth Rock
|
|turn|17
|callback|decision
|
|move|p2a: Keldeo|Scald|p1a: Skarmory
|-damage|p1a: Skarmory|0 fnt
|faint|p1a: Skarmory
|
|callback|decision
|
|switch|p1a: Manectric|Manectric, F|282\/282
|-formechange|p1a: Manectric|Manectric-Mega
|-damage|p1a: Manectric|247\/282|[from] Stealth Rock
|-ability|p1a: Manectric|Intimidate|[of] p2a: Keldeo
|-unboost|p2a: Keldeo|atk|1
|turn|18
|callback|decision
|
|switch|p2a: Tyranitar|Tyranitar, F|75\/363 brn
|-formechange|p2a: Tyranitar|Tyranitar-Mega
|-damage|p2a: Tyranitar|30\/363 brn|[from] Stealth Rock
|-weather|Sandstorm
|move|p1a: Manectric|Thunderbolt|p2a: Tyranitar
|-damage|p2a: Tyranitar|0 fnt
|faint|p2a: Tyranitar
|
|-weather|Sandstorm|[upkeep]
|-damage|p1a: Manectric|230\/282|[from] sandstorm
|callback|decision
|
|switch|p2a: Terrakion|Terrakion|218\/323
|-damage|p2a: Terrakion|198\/323|[from] Stealth Rock
|turn|19
|callback|decision
|
|move|p1a: Manectric|Volt Switch|p2a: Terrakion
|-damage|p2a: Terrakion|99\/323
|callback|decision
|
|switch|p1a: Dragonite|Dragonite, M|324\/324
|-damage|p1a: Dragonite|243\/324|[from] Stealth Rock
|move|p2a: Terrakion|Close Combat|p1a: Dragonite
|-crit|p1a: Dragonite
|-resisted|p1a: Dragonite
|-damage|p1a: Dragonite|18\/324
|-unboost|p2a: Terrakion|def|1
|-unboost|p2a: Terrakion|spd|1
|-damage|p2a: Terrakion|67\/323|[from] item: Life Orb
|
|-weather|Sandstorm|[upkeep]
|-damage|p1a: Dragonite|0 fnt|[from] sandstorm
|faint|p1a: Dragonite
|callback|decision
|
|switch|p1a: Alakazam|Alakazam, M|252\/252
|turn|20
|callback|decision
|
|move|p1a: Alakazam|Psyshock|p2a: Terrakion
|-supereffective|p2a: Terrakion
|-damage|p2a: Terrakion|0 fnt
|faint|p2a: Terrakion
|
|-weather|Sandstorm|[upkeep]
|callback|decision
|
|switch|p2a: Landorus|Landorus, M|319\/319
|-damage|p2a: Landorus|280\/319|[from] Stealth Rock
|turn|21
|callback|decision
|
|move|p1a: Alakazam|Psyshock|p2a: Landorus
|-damage|p2a: Landorus|124\/319
|move|p2a: Landorus|Earth Power|p1a: Alakazam
|-enditem|p1a: Alakazam|Focus Sash
|-damage|p1a: Alakazam|1\/252
|
|-weather|Sandstorm|[upkeep]
|turn|22
|callback|decision
|
|move|p1a: Alakazam|Psyshock|p2a: Landorus
|-damage|p2a: Landorus|0 fnt
|faint|p2a: Landorus
|
|-weather|none
|callback|decision
|
|switch|p2a: Scizor|Scizor, F|81\/291
|-damage|p2a: Scizor|45\/291|[from] Stealth Rock
|turn|23
|callback|decision
|
|switch|p1a: Vaporeon|Vaporeon, F|464\/464
|-damage|p1a: Vaporeon|406\/464|[from] Stealth Rock
|move|p2a: Scizor|Bullet Punch|p1a: Vaporeon
|-resisted|p1a: Vaporeon
|-damage|p1a: Vaporeon|280\/464
|
|-heal|p1a: Vaporeon|309\/464|[from] item: Leftovers
|turn|24
|callback|decision
|
|switch|p2a: Keldeo|Keldeo|303\/323
|-damage|p2a: Keldeo|283\/323|[from] Stealth Rock
|move|p1a: Vaporeon|Protect|p1a: Vaporeon
|-fail|p1a: Vaporeon
|
|-heal|p1a: Vaporeon|338\/464|[from] item: Leftovers
|turn|25
|callback|decision
|
|move|p2a: Keldeo|Secret Sword|p1a: Vaporeon
|-damage|p1a: Vaporeon|110\/464
|move|p1a: Vaporeon|Scald|p2a: Keldeo
|-resisted|p2a: Keldeo
|-damage|p2a: Keldeo|230\/323
|
|-heal|p1a: Vaporeon|139\/464|[from] item: Leftovers
|turn|26
|callback|decision
|
|move|p2a: Keldeo|Secret Sword|p1a: Vaporeon
|-damage|p1a: Vaporeon|0 fnt
|faint|p1a: Vaporeon
|
|callback|decision
|
|switch|p1a: Manectric|Manectric, F|230\/282
|-formechange|p1a: Manectric|Manectric-Mega
|-damage|p1a: Manectric|195\/282|[from] Stealth Rock
|-ability|p1a: Manectric|Intimidate|[of] p2a: Keldeo
|-unboost|p2a: Keldeo|atk|1
|turn|27
|callback|decision
|
|move|p2a: Keldeo|Secret Sword|p1a: Manectric
|-damage|p1a: Manectric|0 fnt
|faint|p1a: Manectric
|
|callback|decision
|
|switch|p1a: Alakazam|Alakazam, M|1\/252
|turn|28
|callback|decision
|chat|susptest|keldeo sweepsz
|
|move|p2a: Keldeo|Secret Sword|p1a: Alakazam
|-resisted|p1a: Alakazam
|-damage|p1a: Alakazam|0 fnt
|faint|p1a: Alakazam
|
|win|susptest
|raw|Ladder updating...
|chat|susptest|gg
|chat|qpzm257|gg
|raw|qpzm257's rating: 1311 &rarr; <strong>1285<\/strong><br \/>(-26 for losing)
|raw|susptest's rating: 1299 &rarr; <strong>1325<\/strong><br \/>(+26 for winning)
|leave|qpzm257
|player|p1