|join|qpzm257
|join|BALD HEAD
|player|p1|qpzm257|101
|player|p2|BALD HEAD|43
|gametype|singles
|gen|6
|tier|OU (suspect test)
|rated
|clearpoke
|poke|p1|Vaporeon, F
|poke|p1|Dragonite, M
|poke|p1|Manectric, F
|poke|p1|Alakazam, M
|poke|p1|Excadrill, F
|poke|p1|Skarmory, F
|poke|p2|Charizard, M
|poke|p2|Scizor, F
|poke|p2|Landorus-Therian, M
|poke|p2|Aegislash, F
|poke|p2|Latios, M
|poke|p2|Kyurem-Black
|rule|Sleep Clause Mod: Limit one foe put to sleep
|rule|Species Clause: Limit one of each Pokemon
|rule|OHKO Clause: OHKO moves are banned
|rule|Moody Clause: Moody is banned
|rule|Evasion Moves Clause: Evasion moves are banned
|rule|Endless Battle Clause: Forcing endless battles is banned.
|rule|HP Percentage Mod: HP is reported as percentages
|teampreview
|
|start
|switch|p1a: Skarmory|Skarmory, F|334\/334
|switch|p2a: Kyurem-Black|Kyurem-Black|454\/454
|-ability|p2a: Kyurem-Black|Teravolt
|turn|1
|
|move|p2a: Kyurem-Black|Substitute|p2a: Kyurem-Black
|-start|p2a: Kyurem-Black|Substitute
|-damage|p2a: Kyurem-Black|341\/454
|move|p1a: Skarmory|Stealth Rock|p2a: Kyurem-Black
|-sidestart|p2: BALD HEAD|move: Stealth Rock
|
|-heal|p2a: Kyurem-Black|369\/454|[from] item: Leftovers
|turn|2
|
|move|p2a: Kyurem-Black|Ice Beam|p1a: Skarmory
|-damage|p1a: Skarmory|124\/334
|move|p1a: Skarmory|Whirlwind|p2a: Kyurem-Black
|drag|p2a: Scizor|Scizor, F|344\/344
|-damage|p2a: Scizor|301\/344|[from] Stealth Rock
|
|turn|3
|
|move|p1a: Skarmory|Roost|p1a: Skarmory
|-heal|p1a: Skarmory|291\/334
|move|p2a: Scizor|Defog|p1a: Skarmory
|-unboost|p1a: Skarmory|evasion|1
|-sideend|p2: BALD HEAD|Stealth Rock|[from] move: Defog|[of] p2a: Scizor
|
|turn|4
|
|move|p1a: Skarmory|Stealth Rock|p2a: Scizor
|-sidestart|p2: BALD HEAD|move: Stealth Rock
|move|p2a: Scizor|U-turn|p1a: Skarmory
|-resisted|p1a: Skarmory
|-damage|p1a: Skarmory|266\/334
|-damage|p2a: Scizor|244\/344|[from] item: Rocky Helmet|[of] p1a: Skarmory
|-damage|p2a: Scizor|210\/344|[from] item: Life Orb
|
|switch|p2a: Latios|Latios, M|302\/302
|-damage|p2a: Latios|265\/302|[from] Stealth Rock
|
|turn|5
|
|switch|p1a: Vaporeon|Vaporeon, F|464\/464
|move|p2a: Latios|Defog|p1a: Vaporeon
|-unboost|p1a: Vaporeon|evasion|1
|-sideend|p2: BALD HEAD|Stealth Rock|[from] move: Defog|[of] p2a: Latios
|
|turn|6
|
|switch|p2a: Kyurem-Black|Kyurem-Black|369\/454
|-ability|p2a: Kyurem-Black|Teravolt
|move|p1a: Vaporeon|Scald|p2a: Kyurem-Black
|-resisted|p2a: Kyurem-Black
|-damage|p2a: Kyurem-Black|318\/454
|
|-heal|p2a: Kyurem-Black|346\/454|[from] item: Leftovers
|turn|7
|
|move|p2a: Kyurem-Black|Substitute|p2a: Kyurem-Black
|-start|p2a: Kyurem-Black|Substitute
|-damage|p2a: Kyurem-Black|233\/454
|move|p1a: Vaporeon|Scald|p2a: Kyurem-Black
|-resisted|p2a: Kyurem-Black
|-activate|p2a: Kyurem-Black|Substitute|[damage]
|
|-heal|p2a: Kyurem-Black|261\/454|[from] item: Leftovers
|turn|8
|
|switch|p1a: Excadrill|Excadrill, F|365\/365
|-ability|p1a: Excadrill|Mold Breaker
|move|p2a: Kyurem-Black|Fusion Bolt|p1a: Excadrill
|-immune|p1a: Excadrill|[msg]
|
|-heal|p2a: Kyurem-Black|289\/454|[from] item: Leftovers
|turn|9
|
|move|p1a: Excadrill|Iron Head|p2a: Kyurem-Black
|-supereffective|p2a: Kyurem-Black
|-end|p2a: Kyurem-Black|Substitute
|move|p2a: Kyurem-Black|Earth Power|p1a: Excadrill
|-supereffective|p1a: Excadrill
|-damage|p1a: Excadrill|161\/365
|
|-heal|p2a: Kyurem-Black|317\/454|[from] item: Leftovers
|turn|10
|
|switch|p2a: Landorus-Therian|Landorus-Therian, M|381\/381
|-ability|p2a: Landorus-Therian|Intimidate|[of] p1a: Excadrill
|-unboost|p1a: Excadrill|atk|1
|move|p1a: Excadrill|Iron Head|p2a: Landorus-Therian
|-damage|p2a: Landorus-Therian|266\/381
|
|-heal|p2a: Landorus-Therian|289\/381|[from] item: Leftovers
|turn|11
|
|switch|p1a: Skarmory|Skarmory, F|266\/334
|move|p2a: Landorus-Therian|Stealth Rock|p1a: Skarmory
|-sidestart|p1: qpzm257|move: Stealth Rock
|
|-heal|p2a: Landorus-Therian|312\/381|[from] item: Leftovers
|turn|12
|
|move|p2a: Landorus-Therian|U-turn|p1a: Skarmory
|-resisted|p1a: Skarmory
|-damage|p1a: Skarmory|254\/334
|-damage|p2a: Landorus-Therian|249\/381|[from] item: Rocky Helmet|[of] p1a: Skarmory
|
|switch|p2a: Charizard|Charizard, M|297\/297
|move|p1a: Skarmory|Stealth Rock|p2a: Charizard
|-sidestart|p2: BALD HEAD|move: Stealth Rock
|
|turn|13
|
|switch|p1a: Vaporeon|Vaporeon, F|464\/464
|-damage|p1a: Vaporeon|406\/464|[from] Stealth Rock
|-formechange|p2a: Charizard|Charizard-Mega-Y
|message|Charizard has Mega Evolved into Mega Charizard!
|-weather|SunnyDay
|move|p2a: Charizard|Fire Blast|p1a: Vaporeon|[miss]
|-miss|p2a: Charizard|p1a: Vaporeon
|
|-weather|SunnyDay|[upkeep]
|-heal|p1a: Vaporeon|435\/464|[from] item: Leftovers
|turn|14
|
|move|p1a: Vaporeon|Protect|p1a: Vaporeon
|-singleturn|p1a: Vaporeon|Protect
|move|p2a: Charizard|Solar Beam|p1a: Vaporeon|[still]
|-prepare|p2a: Charizard|Solar Beam|p1a: Vaporeon
|-anim|p2a: Charizard|Solar Beam|p1a: Vaporeon
|-activate|p1a: Vaporeon|Protect
|
|-weather|SunnyDay|[upkeep]
|-heal|p1a: Vaporeon|464\/464|[from] item: Leftovers
|turn|15
|
|move|p2a: Charizard|Fire Blast|p1a: Vaporeon
|-resisted|p1a: Vaporeon
|-damage|p1a: Vaporeon|344\/464
|move|p1a: Vaporeon|Wish|p1a: Vaporeon
|
|-weather|SunnyDay|[upkeep]
|-heal|p1a: Vaporeon|373\/464|[from] item: Leftovers
|turn|16
|
|switch|p2a: Latios|Latios, M|265\/302
|-damage|p2a: Latios|228\/302|[from] Stealth Rock
|move|p1a: Vaporeon|Scald|p2a: Latios
|-resisted|p2a: Latios
|-damage|p2a: Latios|206\/302
|-status|p2a: Latios|brn
|
|-weather|SunnyDay|[upkeep]
|-heal|p1a: Vaporeon|464\/464|[from] move: Wish|[wisher] Vaporeon
|-damage|p2a: Latios|169\/302 brn|[from] brn
|turn|17
|
|move|p2a: Latios|Defog|p1a: Vaporeon
|-unboost|p1a: Vaporeon|evasion|1
|-sideend|p1: qpzm257|Stealth Rock|[from] move: Defog|[of] p1a: Vaporeon
|-sideend|p2: BALD HEAD|Stealth Rock|[from] move: Defog|[of] p2a: Latios
|move|p1a: Vaporeon|Wish|p1a: Vaporeon
|
|-weather|none
|-damage|p2a: Latios|132\/302 brn|[from] brn
|turn|18
|
|switch|p1a: Excadrill|Excadrill, F|161\/365
|-ability|p1a: Excadrill|Mold Breaker
|move|p2a: Latios|Draco Meteor|p1a: Excadrill
|-resisted|p1a: Excadrill
|-damage|p1a: Excadrill|28\/365
|-unboost|p2a: Latios|spa|2
|-damage|p2a: Latios|102\/302 brn|[from] item: Life Orb
|
|-heal|p1a: Excadrill|260\/365|[from] move: Wish|[wisher] Vaporeon
|-damage|p2a: Latios|65\/302 brn|[from] brn
|turn|19
|
|switch|p2a: Landorus-Therian|Landorus-Therian, M|249\/381
|-ability|p2a: Landorus-Therian|Intimidate|[of] p1a: Excadrill
|-unboost|p1a: Excadrill|atk|1
|move|p1a: Excadrill|Iron Head|p2a: Landorus-Therian
|-damage|p2a: Landorus-Therian|150\/381
|
|-heal|p2a: Landorus-Therian|173\/381|[from] item: Leftovers
|turn|20
|
|switch|p1a: Skarmory|Skarmory, F|254\/334
|switch|p2a: Aegislash|Aegislash, F|262\/262
|
|turn|21
|
|move|p1a: Skarmory|Stealth Rock|p2a: Aegislash
|-sidestart|p2: BALD HEAD|move: Stealth Rock
|-formechange|p2a: Aegislash|Aegislash-Blade
|move|p2a: Aegislash|Shadow Ball|p1a: Skarmory
|-damage|p1a: Skarmory|0 fnt
|-damage|p2a: Aegislash|236\/262|[from] item: Life Orb
|faint|p1a: Skarmory
|
|
|switch|p1a: Vaporeon|Vaporeon, F|464\/464
|turn|22
|
|switch|p2a: Latios|Latios, M|65\/302 brn
|-damage|p2a: Latios|28\/302 brn|[from] Stealth Rock
|move|p1a: Vaporeon|Scald|p2a: Latios
|-resisted|p2a: Latios
|-damage|p2a: Latios|0 fnt
|faint|p2a: Latios
|
|
|switch|p2a: Scizor|Scizor, F|210\/344
|-damage|p2a: Scizor|167\/344|[from] Stealth Rock
|turn|23
|
|move|p2a: Scizor|Defog|p1a: Vaporeon
|-unboost|p1a: Vaporeon|evasion|1
|-sideend|p2: BALD HEAD|Stealth Rock|[from] move: Defog|[of] p2a: Scizor
|move|p1a: Vaporeon|Scald|p2a: Scizor
|-damage|p2a: Scizor|35\/344
|-status|p2a: Scizor|brn
|
|-damage|p2a: Scizor|0 fnt|[from] brn
|faint|p2a: Scizor
|
|switch|p2a: Kyurem-Black|Kyurem-Black|317\/454
|-ability|p2a: Kyurem-Black|Teravolt
|turn|24
|
|switch|p1a: Excadrill|Excadrill, F|260\/365
|-ability|p1a: Excadrill|Mold Breaker
|move|p2a: Kyurem-Black|Substitute|p2a: Kyurem-Black
|-start|p2a: Kyurem-Black|Substitute
|-damage|p2a: Kyurem-Black|204\/454
|
|-heal|p2a: Kyurem-Black|232\/454|[from] item: Leftovers
|turn|25
|
|move|p1a: Excadrill|Iron Head|p2a: Kyurem-Black
|-supereffective|p2a: Kyurem-Black
|-end|p2a: Kyurem-Black|Substitute
|move|p2a: Kyurem-Black|Earth Power|p1a: Excadrill
|-supereffective|p1a: Excadrill
|-damage|p1a: Excadrill|64\/365
|
|-heal|p2a: Kyurem-Black|260\/454|[from] item: Leftovers
|turn|26
|
|switch|p2a: Aegislash|Aegislash, F|236\/262
|move|p1a: Excadrill|Iron Head|p2a: Aegislash
|-resisted|p2a: Aegislash
|-damage|p2a: Aegislash|182\/262
|
|turn|27
|
|switch|p1a: Vaporeon|Vaporeon, F|464\/464
|-formechange|p2a: Aegislash|Aegislash-Blade
|move|p2a: Aegislash|Shadow Ball|p1a: Vaporeon
|-damage|p1a: Vaporeon|308\/464
|-damage|p2a: Aegislash|156\/262|[from] item: Life Orb
|
|-heal|p1a: Vaporeon|337\/464|[from] item: Leftovers
|turn|28
|
|-formechange|p2a: Aegislash|Aegislash
|move|p2a: Aegislash|King's Shield|p2a: Aegislash
|-singleturn|p2a: Aegislash|Protect
|move|p1a: Vaporeon|Wish|p1a: Vaporeon
|
|-heal|p1a: Vaporeon|366\/464|[from] item: Leftovers
|turn|29
|
|move|p1a: Vaporeon|Scald|p2a: Aegislash
|-damage|p2a: Aegislash|87\/262
|-formechange|p2a: Aegislash|Aegislash-Blade
|move|p2a: Aegislash|Shadow Ball|p1a: Vaporeon
|-damage|p1a: Vaporeon|209\/464
|-damage|p2a: Aegislash|61\/262|[from] item: Life Orb
|
|-heal|p1a: Vaporeon|441\/464|[from] move: Wish|[wisher] Vaporeon
|-heal|p1a: Vaporeon|464\/464|[from] item: Leftovers
|turn|30
|
|switch|p2a: Charizard|Charizard, M|297\/297
|-formechange|p2a: Charizard|Charizard-Mega-Y
|-weather|SunnyDay
|move|p1a: Vaporeon|Wish|p1a: Vaporeon
|
|-weather|SunnyDay|[upkeep]
|turn|31
|
|move|p2a: Charizard|Solar Beam|p1a: Vaporeon|[still]
|-prepare|p2a: Charizard|Solar Beam|p1a: Vaporeon
|-anim|p2a: Charizard|Solar Beam|p1a: Vaporeon
|-supereffective|p1a: Vaporeon
|-damage|p1a: Vaporeon|196\/464
|move|p1a: Vaporeon|Scald|p2a: Charizard
|-supereffective|p2a: Charizard
|-damage|p2a: Charizard|207\/297
|
|-weather|SunnyDay|[upkeep]
|-heal|p1a: Vaporeon|428\/464|[from] move: Wish|[wisher] Vaporeon
|-heal|p1a: Vaporeon|457\/464|[from] item: Leftovers
|turn|32
|
|move|p1a: Vaporeon|Protect|p1a: Vaporeon
|-singleturn|p1a: Vaporeon|Protect
|move|p2a: Charizard|Solar Beam|p1a: Vaporeon|[still]
|-prepare|p2a: Charizard|Solar Beam|p1a: Vaporeon
|-anim|p2a: Charizard|Solar Beam|p1a: Vaporeon
|-activate|p1a: Vaporeon|Protect
|
|-weather|SunnyDay|[upkeep]
|-heal|p1a: Vaporeon|464\/464|[from] item: Leftovers
|turn|33
|
|move|p2a: Charizard|Solar Beam|p1a: Vaporeon|[still]
|-prepare|p2a: Charizard|Solar Beam|p1a: Vaporeon
|-anim|p2a: Charizard|Solar Beam|p1a: Vaporeon
|-supereffective|p1a: Vaporeon
|-damage|p1a: Vaporeon|200\/464
|move|p1a: Vaporeon|Wish|p1a: Vaporeon
|
|-weather|SunnyDay|[upkeep]
|-heal|p1a: Vaporeon|229\/464|[from] item: Leftovers
|turn|34
|
|switch|p2a: Kyurem-Black|Kyurem-Black|260\/454
|-ability|p2a: Kyurem-Black|Teravolt
|switch|p1a: Excadrill|Excadrill, F|64\/365
|-ability|p1a: Excadrill|Mold Breaker
|
|-weather|none
|-heal|p1a: Excadrill|296\/365|[from] move: Wish|[wisher] Vaporeon
|-heal|p2a: Kyurem-Black|288\/454|[from] item: Leftovers
|turn|35
|chat|BALD HEAD|nice.
|chat|qpzm257|thanks
|chat|qpzm257|that was kind of risky
|chat|BALD HEAD|yeah, i was sure you'd protect.
|
|switch|p2a: Landorus-Therian|Landorus-Therian, M|173\/381
|-ability|p2a: Landorus-Therian|Intimidate|[of] p1a: Excadrill
|-unboost|p1a: Excadrill|atk|1
|move|p1a: Excadrill|Iron Head|p2a: Landorus-Therian
|-damage|p2a: Landorus-Therian|58\/381
|
|-heal|p2a: Landorus-Therian|81\/381|[from] item: Leftovers
|turn|36
|
|switch|p1a: Dragonite|Dragonite, M|324\/324
|switch|p2a: Aegislash|Aegislash, F|61\/262
|
|turn|37
|
|move|p1a: Dragonite|Fire Punch|p2a: Aegislash
|-supereffective|p2a: Aegislash
|-damage|p2a: Aegislash|0 fnt
|faint|p2a: Aegislash
|
|
|switch|p2a: Landorus-Therian|Landorus-Therian, M|81\/381
|-ability|p2a: Landorus-Therian|Intimidate|[of] p1a: Dragonite
|-unboost|p1a: Dragonite|atk|1
|turn|38
|
|move|p1a: Dragonite|Extreme Speed|p2a: Landorus-Therian
|-damage|p2a: Landorus-Therian|8\/381
|move|p2a: Landorus-Therian|Knock Off|p1a: Dragonite
|-damage|p1a: Dragonite|259\/324
|-enditem|p1a: Dragonite|Lum Berry|[from] move: Knock Off|[of] p2a: Landorus-Therian
|
|-heal|p2a: Landorus-Therian|31\/381|[from] item: Leftovers
|turn|39
|
|move|p1a: Dragonite|Dragon Dance|p1a: Dragonite
|-boost|p1a: Dragonite|atk|1
|-boost|p1a: Dragonite|spe|1
|move|p2a: Landorus-Therian|U-turn|p1a: Dragonite
|-resisted|p1a: Dragonite
|-damage|p1a: Dragonite|211\/324
|
|switch|p2a: Charizard|Charizard, M|207\/297
|-formechange|p2a: Charizard|Charizard-Mega-Y
|-weather|SunnyDay
|
|-weather|SunnyDay|[upkeep]
|turn|40
|
|move|p1a: Dragonite|Outrage|p2a: Charizard
|-damage|p2a: Charizard|0 fnt
|faint|p2a: Charizard
|
|-weather|SunnyDay|[upkeep]
|
|switch|p2a: Landorus-Therian|Landorus-Therian, M|31\/381
|-ability|p2a: Landorus-Therian|Intimidate|[of] p1a: Dragonite
|-unboost|p1a: Dragonite|atk|1
|turn|41
|
|move|p1a: Dragonite|Outrage|p2a: Landorus-Therian
|-damage|p2a: Landorus-Therian|0 fnt
|faint|p2a: Landorus-Therian
|
|-weather|SunnyDay|[upkeep]
|
|switch|p2a: Kyurem-Black|Kyurem-Black|288\/454
|-ability|p2a: Kyurem-Black|Teravolt
|turn|42
|
|move|p1a: Dragonite|Outrage|p2a: Kyurem-Black
|-supereffective|p2a: Kyurem-Black
|-damage|p2a: Kyurem-Black|0 fnt
|faint|p2a: Kyurem-Black
|
|win|qpzm257
|raw|Ladder updating...
|chat|qpzm257|gg
|chat|BALD HEAD|gg wp
|raw|qpzm257's rating: 1156 &rarr; <strong>1178<\/strong><br \/>(+22 for winning)
|raw|BALD HEAD's rating: 1108 &rarr; <strong>1086<\/strong><br \/>(-22 for losing)
|leave|qpzm257
|player|p1