|join|qpzm257
|join|i can smell u
|player|p1|qpzm257|101
|player|p2|i can smell u|168
|gametype|singles
|gen|6
|tier|OU (suspect test)
|rated
|clearpoke
|poke|p1|Vaporeon, F
|poke|p1|Dragonite, F
|poke|p1|Manectric, F
|poke|p1|Alakazam, M
|poke|p1|Excadrill, F
|poke|p1|Skarmory, F
|poke|p2|Mawile, F
|poke|p2|Thundurus, M
|poke|p2|Latias, F
|poke|p2|Keldeo-Resolute
|poke|p2|Azumarill, F
|poke|p2|Garchomp, M
|rule|Baton Pass Clause: Limit 3 pokemon knowing Baton Pass
|rule|Sleep Clause Mod: Limit one foe put to sleep
|rule|Species Clause: Limit one of each Pokemon
|rule|OHKO Clause: OHKO moves are banned
|rule|Moody Clause: Moody is banned
|rule|Evasion Moves Clause: Evasion moves are banned
|rule|Endless Battle Clause: Forcing endless battles is banned
|rule|HP Percentage Mod: HP is reported as percentages
|teampreview
|
|start
|switch|p1a: Manectric|Manectric, F|282\/282
|switch|p2a: Garchomp|Garchomp, M|357\/357
|turn|1
|chat|qpzm257|I feel like I played this exact same team yesterday
|chat|i can smell u|you might've
|chat|i can smell u|i was laddering yesterday w\/ it
|chat|qpzm257|in suspect?
|chat|i can smell u|what elo were you at yestreday?
|chat|i can smell u|suspect wasn't up yesterday
|
|switch|p1a: Skarmory|Skarmory, F|334\/334
|move|p2a: Garchomp|Earthquake|p1a: Skarmory
|-immune|p1a: Skarmory|[msg]
|
|turn|2
|chat|qpzm257|because I was in regular OU
|chat|qpzm257|this is my first battle today so it shouldn't have changed
|
|switch|p2a: Thundurus|Thundurus, M|299\/299
|move|p1a: Skarmory|Stealth Rock|p2a: Thundurus
|-sidestart|p2: i can smell u|move: Stealth Rock
|
|turn|3
|chat|i can smell u|were you using this alt?
|chat|qpzm257|yea
|
|switch|p1a: Manectric|Manectric, F|282\/282
|move|p2a: Thundurus|Thunderbolt|p1a: Manectric
|-boost|p1a: Manectric|spa|1|[from] ability: Lightningrod
|
|turn|4
|chat|i can smell u|maybe, idr lol
|
|switch|p2a: Azumarill|Azumarill, F|395\/395
|-damage|p2a: Azumarill|346\/395|[from] Stealth Rock
|detailschange|p1a: Manectric|Manectric-Mega, F
|message|Manectric has Mega Evolved into Mega Manectric!
|-ability|p1a: Manectric|Intimidate|[of] p2a: Azumarill
|-unboost|p2a: Azumarill|atk|1
|move|p1a: Manectric|Hidden Power|p2a: Azumarill
|-resisted|p2a: Azumarill
|-damage|p2a: Azumarill|299\/395
|
|turn|5
|
|switch|p2a: Garchomp|Garchomp, M|357\/357
|-damage|p2a: Garchomp|335\/357|[from] Stealth Rock
|move|p1a: Manectric|Thunderbolt|p2a: Garchomp
|-immune|p2a: Garchomp|[msg]
|
|turn|6
|
|switch|p2a: Thundurus|Thundurus, M|299\/299
|-damage|p2a: Thundurus|225\/299|[from] Stealth Rock
|switch|p1a: Skarmory|Skarmory, F|334\/334
|
|turn|7
|chat|qpzm257|nice move
|
|switch|p1a: Excadrill|Excadrill, F|373\/373
|-ability|p1a: Excadrill|Mold Breaker
|move|p2a: Thundurus|Thunderbolt|p1a: Excadrill
|-immune|p1a: Excadrill|[msg]
|
|turn|8
|
|switch|p2a: Keldeo-Resolute|Keldeo-Resolute|323\/323
|-damage|p2a: Keldeo-Resolute|303\/323|[from] Stealth Rock
|move|p1a: Excadrill|Rock Slide|p2a: Keldeo-Resolute
|-resisted|p2a: Keldeo-Resolute
|-damage|p2a: Keldeo-Resolute|245\/323
|
|turn|9
|chat|qpzm257|is there a difference between the different keldeo forms?
|chat|i can smell u|on PS no
|chat|qpzm257|people usually use the other one
|
|switch|p1a: Vaporeon|Vaporeon, F|464\/464
|move|p2a: Keldeo-Resolute|Secret Sword|p1a: Vaporeon
|-damage|p1a: Vaporeon|142\/464
|
|-heal|p1a: Vaporeon|171\/464|[from] item: Leftovers
|turn|10
|chat|i can smell u|but in the real games the other form can't have Secret Sword
|chat|i can smell u|it bothers me PS doesn't do it that way too
|chat|i can smell u|PO does
|
|move|p1a: Vaporeon|Protect|p1a: Vaporeon
|-singleturn|p1a: Vaporeon|Protect
|move|p2a: Keldeo-Resolute|Secret Sword|p1a: Vaporeon
|-activate|p1a: Vaporeon|Protect
|
|-heal|p1a: Vaporeon|200\/464|[from] item: Leftovers
|turn|11
|chat|qpzm257|yea, they should
|
|switch|p2a: Azumarill|Azumarill, F|299\/395
|-damage|p2a: Azumarill|250\/395|[from] Stealth Rock
|switch|p1a: Skarmory|Skarmory, F|334\/334
|
|turn|12
|
|switch|p2a: Latias|Latias, F|301\/301
|-damage|p2a: Latias|264\/301|[from] Stealth Rock
|move|p1a: Skarmory|Whirlwind|p2a: Latias
|drag|p2a: Azumarill|Azumarill, F|250\/395
|-damage|p2a: Azumarill|201\/395|[from] Stealth Rock
|
|turn|13
|
|move|p2a: Azumarill|Knock Off|p1a: Skarmory
|-damage|p1a: Skarmory|256\/334
|-damage|p2a: Azumarill|136\/395|[from] item: Rocky Helmet|[of] p1a: Skarmory
|-enditem|p1a: Skarmory|Rocky Helmet|[from] move: Knock Off|[of] p2a: Azumarill
|move|p1a: Skarmory|Whirlwind|p2a: Azumarill
|drag|p2a: Thundurus|Thundurus, M|225\/299
|-damage|p2a: Thundurus|151\/299|[from] Stealth Rock
|
|turn|14
|
|move|p2a: Thundurus|Thunderbolt|p1a: Skarmory
|-supereffective|p1a: Skarmory
|-damage|p1a: Skarmory|0 fnt
|-damage|p2a: Thundurus|122\/299|[from] item: Life Orb
|faint|p1a: Skarmory
|
|
|switch|p1a: Manectric|Manectric-Mega, F|282\/282
|-ability|p1a: Manectric|Intimidate|[of] p2a: Thundurus
|-unboost|p2a: Thundurus|atk|1
|turn|15
|
|switch|p2a: Latias|Latias, F|264\/301
|-damage|p2a: Latias|227\/301|[from] Stealth Rock
|move|p1a: Manectric|Hidden Power|p2a: Latias
|-supereffective|p2a: Latias
|-damage|p2a: Latias|109\/301
|
|turn|16
|
|move|p1a: Manectric|Hidden Power|p2a: Latias
|-supereffective|p2a: Latias
|-damage|p2a: Latias|0 fnt
|faint|p2a: Latias
|
|
|switch|p2a: Garchomp|Garchomp, M|335\/357
|-damage|p2a: Garchomp|313\/357|[from] Stealth Rock
|turn|17
|
|switch|p1a: Dragonite|Dragonite, F|324\/324
|move|p2a: Garchomp|Outrage|p1a: Dragonite
|-supereffective|p1a: Dragonite
|-damage|p1a: Dragonite|107\/324
|-enditem|p1a: Dragonite|Weakness Policy
|-boost|p1a: Dragonite|atk|2|[from] item: Weakness Policy
|-boost|p1a: Dragonite|spa|2|[from] item: Weakness Policy
|
|turn|18
|
|move|p1a: Dragonite|Extreme Speed|p2a: Garchomp
|-damage|p2a: Garchomp|109\/357
|-damage|p1a: Dragonite|67\/324|[from] ability: Rough Skin|[of] p2a: Garchomp
|move|p2a: Garchomp|Outrage|p1a: Dragonite
|-supereffective|p1a: Dragonite
|-damage|p1a: Dragonite|0 fnt
|faint|p1a: Dragonite
|
|chat|qpzm257|he isn't much use against your team anyway
|
|switch|p1a: Excadrill|Excadrill, F|373\/373
|-ability|p1a: Excadrill|Mold Breaker
|turn|19
|
|move|p2a: Garchomp|Outrage|p1a: Excadrill
|-resisted|p1a: Excadrill
|-damage|p1a: Excadrill|211\/373
|move|p1a: Excadrill|Earthquake|p2a: Garchomp
|-damage|p2a: Garchomp|0 fnt
|faint|p2a: Garchomp
|
|
|switch|p2a: Keldeo-Resolute|Keldeo-Resolute|245\/323
|-damage|p2a: Keldeo-Resolute|225\/323|[from] Stealth Rock
|turn|20
|
|move|p2a: Keldeo-Resolute|Secret Sword|p1a: Excadrill
|-supereffective|p1a: Excadrill
|-damage|p1a: Excadrill|0 fnt
|faint|p1a: Excadrill
|
|
|switch|p1a: Manectric|Manectric-Mega, F|282\/282
|-ability|p1a: Manectric|Intimidate|[of] p2a: Keldeo-Resolute
|-unboost|p2a: Keldeo-Resolute|atk|1
|turn|21
|
|switch|p2a: Thundurus|Thundurus, M|122\/299
|-damage|p2a: Thundurus|48\/299|[from] Stealth Rock
|move|p1a: Manectric|Volt Switch|p2a: Thundurus
|-damage|p2a: Thundurus|0 fnt
|faint|p2a: Thundurus
|
|switch|p1a: Vaporeon|Vaporeon, F|200\/464
|
|-heal|p1a: Vaporeon|229\/464|[from] item: Leftovers
|
|switch|p2a: Mawile|Mawile, F|279\/279
|-damage|p2a: Mawile|262\/279|[from] Stealth Rock
|-ability|p2a: Mawile|Intimidate|[of] p1a: Vaporeon
|-unboost|p1a: Vaporeon|atk|1
|turn|22
|
|detailschange|p2a: Mawile|Mawile-Mega, F
|message|Mawile has Mega Evolved into Mega Mawile!
|move|p1a: Vaporeon|Scald|p2a: Mawile
|-crit|p2a: Mawile
|-damage|p2a: Mawile|114\/279
|move|p2a: Mawile|Swords Dance|p2a: Mawile
|-boost|p2a: Mawile|atk|2
|
|-heal|p1a: Vaporeon|258\/464|[from] item: Leftovers
|turn|23
|
|move|p2a: Mawile|Sucker Punch|p1a: Vaporeon
|-fail|p1a: Vaporeon
|move|p1a: Vaporeon|Wish|p1a: Vaporeon
|
|-heal|p1a: Vaporeon|287\/464|[from] item: Leftovers
|turn|24
|
|move|p1a: Vaporeon|Scald|p2a: Mawile
|-damage|p2a: Mawile|2\/279
|move|p2a: Mawile|Swords Dance|p2a: Mawile
|-boost|p2a: Mawile|atk|2
|
|-heal|p1a: Vaporeon|464\/464|[from] move: Wish|[wisher] Vaporeon
|turn|25
|
|move|p2a: Mawile|Sucker Punch|p1a: Vaporeon
|-damage|p1a: Vaporeon|0 fnt
|faint|p1a: Vaporeon
|
|
|switch|p1a: Alakazam|Alakazam, M|252\/252
|turn|26
|
|move|p2a: Mawile|Sucker Punch|p1a: Alakazam
|-supereffective|p1a: Alakazam
|-enditem|p1a: Alakazam|Focus Sash
|-damage|p1a: Alakazam|1\/252
|move|p1a: Alakazam|Psyshock|p2a: Mawile
|-resisted|p2a: Mawile
|-damage|p2a: Mawile|0 fnt
|faint|p2a: Mawile
|
|
|switch|p2a: Azumarill|Azumarill, F|136\/395
|-damage|p2a: Azumarill|87\/395|[from] Stealth Rock
|turn|27
|
|move|p2a: Azumarill|Aqua Jet|p1a: Alakazam
|-damage|p1a: Alakazam|0 fnt
|faint|p1a: Alakazam
|
|
|switch|p1a: Manectric|Manectric-Mega, F|282\/282
|-ability|p1a: Manectric|Intimidate|[of] p2a: Azumarill
|-unboost|p2a: Azumarill|atk|1
|turn|28
|
|move|p2a: Azumarill|Aqua Jet|p1a: Manectric
|-damage|p1a: Manectric|216\/282
|move|p1a: Manectric|Thunderbolt|p2a: Azumarill
|-supereffective|p2a: Azumarill
|-damage|p2a: Azumarill|0 fnt
|faint|p2a: Azumarill
|
|
|switch|p2a: Keldeo-Resolute|Keldeo-Resolute|225\/323
|-damage|p2a: Keldeo-Resolute|205\/323|[from] Stealth Rock
|turn|29
|
|move|p1a: Manectric|Thunderbolt|p2a: Keldeo-Resolute
|-supereffective|p2a: Keldeo-Resolute
|-damage|p2a: Keldeo-Resolute|0 fnt
|faint|p2a: Keldeo-Resolute
|
|win|qpzm257
|raw|Ladder updating...
|raw|qpzm257's rating: 1000 &rarr; <strong>1055<\/strong><br \/>(+55 for winning)
|raw|i can smell u's rating: 1141 &rarr; <strong>1106<\/strong><br \/>(-35 for losing)
|chat|qpzm257|gg, really close
|chat|i can smell u|gg
|leave|i can smell u
|player|p2