|join|Moutoku Sousou
|join|qpzm257
|player|p1|Moutoku Sousou|200
|player|p2|qpzm257|101
|gametype|singles
|tier|Pokebank OU (beta)
|rated
|clearpoke
|poke|p1|Lucario, M
|poke|p1|Ferrothorn, F
|poke|p1|Latios, M, shiny
|poke|p1|Terrakion
|poke|p1|Vaporeon, M
|poke|p1|Jolteon, M
|poke|p2|Alakazam, M
|poke|p2|Dragonite, M
|poke|p2|Heatran, M
|poke|p2|Scizor, F
|poke|p2|Trevenant, M
|poke|p2|Vaporeon, F
|rule|Sleep Clause Mod: Limit one foe put to sleep
|rule|Species Clause: Limit one of each Pokemon
|rule|Moody Clause: Moody is banned
|rule|OHKO Clause: OHKO moves are banned
|rule|Evasion Moves Clause: Evasion moves are banned
|rule|HP Percentage Mod: HP is reported as percentages
|teampreview
|callback|decision
|
|start
|switch|p1a: Vaporeon|Vaporeon, M|463\/463
|switch|p2a: Heatran|Heatran, M|386\/386
|turn|1
|callback|decision
|
|move|p2a: Heatran|Stealth Rock|p1a: Vaporeon
|-sidestart|p1: Moutoku Sousou|move: Stealth Rock
|move|p1a: Vaporeon|Scald|p2a: Heatran
|-supereffective|p2a: Heatran
|-damage|p2a: Heatran|198\/386
|
|turn|2
|callback|decision
|
|switch|p2a: Trevenant|Trevenant, M|374\/374
|move|p1a: Vaporeon|Scald|p2a: Trevenant
|-resisted|p2a: Trevenant
|-damage|p2a: Trevenant|315\/374
|-status|p2a: Trevenant|brn
|
|-damage|p2a: Trevenant|269\/374 brn|[from] brn
|turn|3
|callback|decision
|
|move|p2a: Trevenant|Leech Seed|p1a: Vaporeon|[miss]
|-miss|p2a: Trevenant|p1a: Vaporeon
|move|p1a: Vaporeon|Ice Beam|p2a: Trevenant
|-supereffective|p2a: Trevenant
|-damage|p2a: Trevenant|93\/374 brn
|-enditem|p2a: Trevenant|Sitrus Berry|[eat]
|-heal|p2a: Trevenant|186\/374 brn|[from] item: Sitrus Berry
|
|-damage|p2a: Trevenant|140\/374 brn|[from] brn
|-item|p2a: Trevenant|Sitrus Berry|[from] ability: Harvest
|-enditem|p2a: Trevenant|Sitrus Berry|[eat]
|-heal|p2a: Trevenant|233\/374 brn|[from] item: Sitrus Berry
|turn|4
|callback|decision
|
|switch|p1a: Ferrothorn|Ferrothorn, F|352\/352
|-damage|p1a: Ferrothorn|330\/352|[from] Stealth Rock
|move|p2a: Trevenant|Horn Leech|p1a: Ferrothorn
|-resisted|p1a: Ferrothorn
|-damage|p1a: Ferrothorn|322\/352
|-heal|p2a: Trevenant|237\/374 brn|[from] drain|[of] p1a: Ferrothorn
|-damage|p2a: Trevenant|191\/374 brn|[from] ability: Iron Barbs|[of] p1a: Ferrothorn
|
|-heal|p1a: Ferrothorn|344\/352|[from] item: Leftovers
|-damage|p2a: Trevenant|145\/374 brn|[from] brn
|turn|5
|callback|decision
|
|switch|p2a: Dragonite|Dragonite, M|324\/324
|move|p1a: Ferrothorn|Stealth Rock|p2a: Dragonite
|-sidestart|p2: qpzm257|move: Stealth Rock
|
|-heal|p1a: Ferrothorn|352\/352|[from] item: Leftovers
|turn|6
|callback|decision
|
|move|p2a: Dragonite|Dragon Dance|p2a: Dragonite
|-boost|p2a: Dragonite|atk|1
|-boost|p2a: Dragonite|spe|1
|move|p1a: Ferrothorn|Thunder Wave|p2a: Dragonite
|-status|p2a: Dragonite|par
|-enditem|p2a: Dragonite|Lum Berry|[eat]
|-curestatus|p2a: Dragonite|par
|
|turn|7
|callback|decision
|
|move|p2a: Dragonite|Dragon Dance|p2a: Dragonite
|-boost|p2a: Dragonite|atk|1
|-boost|p2a: Dragonite|spe|1
|move|p1a: Ferrothorn|Thunder Wave|p2a: Dragonite
|-status|p2a: Dragonite|par
|
|turn|8
|callback|decision
|
|move|p2a: Dragonite|Dragon Dance|p2a: Dragonite
|-boost|p2a: Dragonite|atk|1
|-boost|p2a: Dragonite|spe|1
|move|p1a: Ferrothorn|Leech Seed|p2a: Dragonite|[miss]
|-miss|p1a: Ferrothorn|p2a: Dragonite
|
|turn|9
|callback|decision
|
|move|p2a: Dragonite|Fire Punch|p1a: Ferrothorn
|-supereffective|p1a: Ferrothorn
|-damage|p1a: Ferrothorn|0 fnt
|-damage|p2a: Dragonite|284\/324 par|[from] ability: Iron Barbs|[of] p1a: Ferrothorn
|faint|p1a: Ferrothorn
|
|callback|decision
|
|switch|p1a: Vaporeon|Vaporeon, M|463\/463
|-damage|p1a: Vaporeon|406\/463|[from] Stealth Rock
|turn|10
|callback|decision
|
|move|p1a: Vaporeon|Haze|p1a: Vaporeon
|-clearallboost
|move|p2a: Dragonite|Outrage|p1a: Vaporeon
|-damage|p1a: Vaporeon|153\/463
|
|-heal|p1a: Vaporeon|181\/463|[from] item: Leftovers
|turn|11
|callback|decision
|
|move|p1a: Vaporeon|Ice Beam|p2a: Dragonite
|-supereffective|p2a: Dragonite
|-damage|p2a: Dragonite|0 fnt
|faint|p2a: Dragonite
|
|-heal|p1a: Vaporeon|209\/463|[from] item: Leftovers
|callback|decision
|
|switch|p2a: Trevenant|Trevenant, M|145\/374 brn
|-damage|p2a: Trevenant|99\/374 brn|[from] Stealth Rock
|turn|12
|callback|decision
|
|switch|p1a: Lucario|Lucario, M|281\/281
|-damage|p1a: Lucario|273\/281|[from] Stealth Rock
|move|p2a: Trevenant|Horn Leech|p1a: Lucario
|-crit|p1a: Lucario
|-resisted|p1a: Lucario
|-damage|p1a: Lucario|224\/281
|-heal|p2a: Trevenant|124\/374 brn|[from] drain|[of] p1a: Lucario
|
|-damage|p2a: Trevenant|78\/374 brn|[from] brn
|turn|13
|callback|decision
|
|-formechange|p1a: Lucario|Lucario-Mega
|message|Lucario has Mega Evolved into Mega Lucario!
|move|p1a: Lucario|Swords Dance|p1a: Lucario
|-boost|p1a: Lucario|atk|2
|move|p2a: Trevenant|Leech Seed|p1a: Lucario|[miss]
|-miss|p2a: Trevenant|p1a: Lucario
|
|-damage|p2a: Trevenant|32\/374 brn|[from] brn
|turn|14
|callback|decision
|
|move|p1a: Lucario|Bullet Punch|p2a: Trevenant
|-damage|p2a: Trevenant|0 fnt
|faint|p2a: Trevenant
|
|callback|decision
|
|switch|p2a: Vaporeon|Vaporeon, F|464\/464
|-damage|p2a: Vaporeon|406\/464|[from] Stealth Rock
|turn|15
|callback|decision
|
|move|p1a: Lucario|Close Combat|p2a: Vaporeon
|-damage|p2a: Vaporeon|0 fnt
|-unboost|p1a: Lucario|def|1
|-unboost|p1a: Lucario|spd|1
|faint|p2a: Vaporeon
|
|callback|decision
|
|switch|p2a: Alakazam|Alakazam, M|251\/251
|turn|16
|callback|decision
|
|move|p1a: Lucario|Bullet Punch|p2a: Alakazam
|-enditem|p2a: Alakazam|Focus Sash
|-damage|p2a: Alakazam|1\/251
|move|p2a: Alakazam|Focus Blast|p1a: Lucario
|-supereffective|p1a: Lucario
|-damage|p1a: Lucario|0 fnt
|faint|p1a: Lucario
|
|callback|decision
|
|switch|p1a: Jolteon|Jolteon, M|271\/271
|-damage|p1a: Jolteon|238\/271|[from] Stealth Rock
|turn|17
|callback|decision
|
|switch|p2a: Heatran|Heatran, M|198\/386
|-damage|p2a: Heatran|150\/386|[from] Stealth Rock
|move|p1a: Jolteon|Thunderbolt|p2a: Heatran
|-damage|p2a: Heatran|5\/386
|
|-heal|p1a: Jolteon|254\/271|[from] item: Leftovers
|turn|18
|callback|decision
|
|move|p1a: Jolteon|Thunderbolt|p2a: Heatran
|-damage|p2a: Heatran|0 fnt
|faint|p2a: Heatran
|
|-heal|p1a: Jolteon|270\/271|[from] item: Leftovers
|callback|decision
|
|switch|p2a: Scizor|Scizor, F|344\/344
|-damage|p2a: Scizor|301\/344|[from] Stealth Rock
|turn|19
|callback|decision
|
|-formechange|p2a: Scizor|Scizor-Mega
|message|Scizor has Mega Evolved into Mega Scizor!
|move|p1a: Jolteon|Thunderbolt|p2a: Scizor
|-damage|p2a: Scizor|150\/344
|move|p2a: Scizor|Swords Dance|p2a: Scizor
|-boost|p2a: Scizor|atk|2
|
|-heal|p1a: Jolteon|271\/271|[from] item: Leftovers
|turn|20
|callback|decision
|
|move|p2a: Scizor|Bullet Punch|p1a: Jolteon
|-resisted|p1a: Jolteon
|-damage|p1a: Jolteon|57\/271
|move|p1a: Jolteon|Thunderbolt|p2a: Scizor
|-damage|p2a: Scizor|9\/344
|
|-heal|p1a: Jolteon|73\/271|[from] item: Leftovers
|turn|21
|callback|decision
|
|move|p2a: Scizor|Bullet Punch|p1a: Jolteon
|-resisted|p1a: Jolteon
|-damage|p1a: Jolteon|0 fnt
|faint|p1a: Jolteon
|
|callback|decision
|
|switch|p1a: Latios|Latios, M, shiny|302\/302
|-damage|p1a: Latios|265\/302|[from] Stealth Rock
|turn|22
|callback|decision
|
|move|p2a: Scizor|Bullet Punch|p1a: Latios
|-damage|p1a: Latios|0 fnt
|faint|p1a: Latios
|
|callback|decision
|
|switch|p1a: Vaporeon|Vaporeon, M|209\/463
|-damage|p1a: Vaporeon|152\/463|[from] Stealth Rock
|turn|23
|callback|decision
|
|move|p2a: Scizor|Bullet Punch|p1a: Vaporeon
|-resisted|p1a: Vaporeon
|-damage|p1a: Vaporeon|29\/463
|move|p1a: Vaporeon|Scald|p2a: Scizor
|-damage|p2a: Scizor|0 fnt
|faint|p2a: Scizor
|
|-heal|p1a: Vaporeon|57\/463|[from] item: Leftovers
|callback|decision
|
|switch|p2a: Alakazam|Alakazam, M|1\/251
|turn|24
|callback|decision
|
|move|p2a: Alakazam|Psyshock|p1a: Vaporeon
|-damage|p1a: Vaporeon|0 fnt
|faint|p1a: Vaporeon
|
|callback|decision
|
|switch|p1a: Terrakion|Terrakion|323\/323
|-damage|p1a: Terrakion|303\/323|[from] Stealth Rock
|turn|25
|callback|decision
|
|move|p2a: Alakazam|Psyshock|p1a: Terrakion
|-supereffective|p1a: Terrakion
|-damage|p1a: Terrakion|7\/323
|move|p1a: Terrakion|X-Scissor|p2a: Alakazam
|-supereffective|p2a: Alakazam
|-damage|p2a: Alakazam|0 fnt
|-damage|p1a: Terrakion|0 fnt|[from] item: Life Orb
|faint|p2a: Alakazam
|faint|p1a: Terrakion
|
|tie
|raw|Ladder updating...
|raw|Moutoku Sousou's rating: 1588 &rarr; <strong>1590<\/strong><br \/>(+2 for tying)
|raw|qpzm257's rating: 1742 &rarr; <strong>1740<\/strong><br \/>(-2 for tying)
|chat|qpzm257|so close
|chat|qpzm257|gg
|chat|Moutoku Sousou|gg