|join|qpzm257
|join|Zazoru
|player|p1|qpzm257|101
|player|p2|Zazoru|266
|gametype|singles
|tier|Pokebank OU (beta)
|rated
|clearpoke
|poke|p1|Alakazam, M
|poke|p1|Dragonite, F
|poke|p1|Heatran, F
|poke|p1|Scizor, M
|poke|p1|Trevenant, M
|poke|p1|Vaporeon, M
|poke|p2|Greninja, F
|poke|p2|Togekiss, F
|poke|p2|Garchomp, M
|poke|p2|Vaporeon, M
|poke|p2|Breloom, F
|poke|p2|Skarmory, F
|rule|Sleep Clause Mod: Limit one foe put to sleep
|rule|Species Clause: Limit one of each Pokemon
|rule|Moody Clause: Moody is banned
|rule|OHKO Clause: OHKO moves are banned
|rule|Evasion Moves Clause: Evasion moves are banned
|rule|HP Percentage Mod: HP is reported as percentages
|teampreview
|callback|decision
|
|start
|switch|p1a: Heatran|Heatran, F|386\/386
|switch|p2a: Breloom|Breloom, F|262\/262
|-item|p1a: Heatran|Air Balloon
|turn|1
|callback|decision
|
|move|p2a: Breloom|Spore|p1a: Heatran
|-status|p1a: Heatran|slp
|cant|p1a: Heatran|slp
|
|turn|2
|callback|decision
|
|move|p2a: Breloom|Swords Dance|p2a: Breloom
|-boost|p2a: Breloom|atk|2
|-curestatus|p1a: Heatran|slp
|move|p1a: Heatran|Stealth Rock|p2a: Breloom
|-sidestart|p2: Zazoru|move: Stealth Rock
|
|turn|3
|callback|decision
|
|switch|p1a: Trevenant|Trevenant, M|374\/374
|move|p2a: Breloom|Spore|p1a: Trevenant
|-fail|p1a: Trevenant
|
|turn|4
|callback|decision
|
|switch|p2a: Togekiss|Togekiss, F|374\/374
|-damage|p2a: Togekiss|281\/374|[from] Stealth Rock
|move|p1a: Trevenant|Shadow Claw|p2a: Togekiss
|-damage|p2a: Togekiss|184\/374
|
|-heal|p2a: Togekiss|207\/374|[from] item: Leftovers
|turn|5
|callback|decision
|
|switch|p1a: Scizor|Scizor, M|344\/344
|move|p2a: Togekiss|Defog|p1a: Scizor
|-unboost|p1a: Scizor|evasion|1
|-sideend|p2: Zazoru|Stealth Rock|[from] move: Defog|[of] p2a: Togekiss
|
|-heal|p2a: Togekiss|230\/374|[from] item: Leftovers
|turn|6
|callback|decision
|
|switch|p2a: Vaporeon|Vaporeon, M|464\/464
|-formechange|p1a: Scizor|Scizor-Mega
|message|Scizor has Mega Evolved into Mega Scizor!
|move|p1a: Scizor|Bullet Punch|p2a: Vaporeon
|-resisted|p2a: Vaporeon
|-damage|p2a: Vaporeon|396\/464
|
|-heal|p2a: Vaporeon|425\/464|[from] item: Leftovers
|turn|7
|callback|decision
|
|move|p1a: Scizor|U-turn|p2a: Vaporeon
|-crit|p2a: Vaporeon
|-damage|p2a: Vaporeon|206\/464
|callback|decision
|
|switch|p1a: Trevenant|Trevenant, M|374\/374
|move|p2a: Vaporeon|Wish|p2a: Vaporeon
|
|-heal|p2a: Vaporeon|235\/464|[from] item: Leftovers
|turn|8
|callback|decision
|
|switch|p2a: Togekiss|Togekiss, F|230\/374
|move|p1a: Trevenant|Leech Seed|p2a: Togekiss
|-start|p2a: Togekiss|move: Leech Seed
|
|-heal|p2a: Togekiss|374\/374|[from] move: Wish|[wisher] Vaporeon
|-damage|p2a: Togekiss|328\/374|[from] Leech Seed|[of] p1a: Trevenant
|turn|9
|callback|decision
|
|move|p2a: Togekiss|Thunder Wave|p1a: Trevenant
|-status|p1a: Trevenant|par
|cant|p1a: Trevenant|par
|
|-heal|p2a: Togekiss|351\/374|[from] item: Leftovers
|-damage|p2a: Togekiss|305\/374|[from] Leech Seed|[of] p1a: Trevenant
|turn|10
|callback|decision
|
|move|p2a: Togekiss|Air Slash|p1a: Trevenant
|-supereffective|p1a: Trevenant
|-damage|p1a: Trevenant|108\/374 par
|-enditem|p1a: Trevenant|Sitrus Berry|[eat]
|-heal|p1a: Trevenant|201\/374 par|[from] item: Sitrus Berry
|cant|p1a: Trevenant|flinch
|
|-heal|p2a: Togekiss|328\/374|[from] item: Leftovers
|-damage|p2a: Togekiss|282\/374|[from] Leech Seed|[of] p1a: Trevenant
|-heal|p1a: Trevenant|247\/374 par|[silent]
|-item|p1a: Trevenant|Sitrus Berry|[from] ability: Harvest
|turn|11
|callback|decision
|
|switch|p1a: Scizor|Scizor, M|344\/344
|-formechange|p1a: Scizor|Scizor-Mega
|move|p2a: Togekiss|Air Slash|p1a: Scizor
|-damage|p1a: Scizor|248\/344
|
|-heal|p2a: Togekiss|305\/374|[from] item: Leftovers
|-damage|p2a: Togekiss|259\/374|[from] Leech Seed|[of] p1a: Scizor
|-heal|p1a: Scizor|294\/344|[silent]
|turn|12
|callback|decision
|
|switch|p2a: Skarmory|Skarmory, F|334\/334
|move|p1a: Scizor|Bullet Punch|p2a: Skarmory
|-crit|p2a: Skarmory
|-resisted|p2a: Skarmory
|-damage|p2a: Skarmory|277\/334
|
|-heal|p2a: Skarmory|297\/334|[from] item: Leftovers
|turn|13
|callback|decision
|chat|Zazoru|ur crits are amazing
|
|move|p1a: Scizor|U-turn|p2a: Skarmory
|-resisted|p2a: Skarmory
|-damage|p2a: Skarmory|277\/334
|callback|decision
|
|switch|p1a: Heatran|Heatran, F|386\/386
|-item|p1a: Heatran|Air Balloon
|move|p2a: Skarmory|Stealth Rock|p1a: Heatran
|-sidestart|p1: qpzm257|move: Stealth Rock
|
|-heal|p2a: Skarmory|297\/334|[from] item: Leftovers
|turn|14
|callback|decision
|
|switch|p2a: Togekiss|Togekiss, F|259\/374
|move|p1a: Heatran|Magma Storm|p2a: Togekiss
|-damage|p2a: Togekiss|117\/374
|-activate|p2a: Togekiss|move: Magma Storm|[of] p1a: Heatran
|
|-heal|p2a: Togekiss|140\/374|[from] item: Leftovers
|-damage|p2a: Togekiss|94\/374|[from] move: Magma Storm|[partiallytrapped]
|turn|15
|callback|decision
|
|move|p2a: Togekiss|Roost|p2a: Togekiss
|-heal|p2a: Togekiss|281\/374
|move|p1a: Heatran|Stealth Rock|p2a: Togekiss
|-sidestart|p2: Zazoru|move: Stealth Rock
|
|-heal|p2a: Togekiss|304\/374|[from] item: Leftovers
|-damage|p2a: Togekiss|258\/374|[from] move: Magma Storm|[partiallytrapped]
|turn|16
|callback|decision
|
|move|p2a: Togekiss|Thunder Wave|p1a: Heatran
|-status|p1a: Heatran|par
|move|p1a: Heatran|Magma Storm|p2a: Togekiss
|-damage|p2a: Togekiss|108\/374
|
|-heal|p2a: Togekiss|131\/374|[from] item: Leftovers
|-damage|p2a: Togekiss|85\/374|[from] move: Magma Storm|[partiallytrapped]
|turn|17
|callback|decision
|
|move|p2a: Togekiss|Roost|p2a: Togekiss
|-heal|p2a: Togekiss|272\/374
|move|p1a: Heatran|Hidden Power|p2a: Togekiss
|-damage|p2a: Togekiss|218\/374
|
|-heal|p2a: Togekiss|241\/374|[from] item: Leftovers
|-damage|p2a: Togekiss|195\/374|[from] move: Magma Storm|[partiallytrapped]
|turn|18
|callback|decision
|
|move|p2a: Togekiss|Roost|p2a: Togekiss
|-heal|p2a: Togekiss|374\/374
|move|p1a: Heatran|Magma Storm|p2a: Togekiss
|-crit|p2a: Togekiss
|-damage|p2a: Togekiss|151\/374
|
|-heal|p2a: Togekiss|174\/374|[from] item: Leftovers
|-damage|p2a: Togekiss|128\/374|[from] move: Magma Storm|[partiallytrapped]
|turn|19
|callback|decision
|
|switch|p1a: Vaporeon|Vaporeon, M|464\/464
|-damage|p1a: Vaporeon|406\/464|[from] Stealth Rock
|move|p2a: Togekiss|Roost|p2a: Togekiss
|-heal|p2a: Togekiss|315\/374
|
|-heal|p2a: Togekiss|338\/374|[from] item: Leftovers
|-heal|p1a: Vaporeon|435\/464|[from] item: Leftovers
|-end|p2a: Togekiss|Magma Storm|[partiallytrapped]
|turn|20
|callback|decision
|chat|Zazoru|lol
|
|move|p2a: Togekiss|Thunder Wave|p1a: Vaporeon
|-status|p1a: Vaporeon|par
|move|p1a: Vaporeon|Roar|p2a: Togekiss
|drag|p2a: Breloom|Breloom, F|262\/262
|-damage|p2a: Breloom|246\/262|[from] Stealth Rock
|
|-heal|p1a: Vaporeon|464\/464 par|[from] item: Leftovers
|turn|21
|callback|decision
|
|switch|p1a: Trevenant|Trevenant, M|247\/374 par
|-damage|p1a: Trevenant|201\/374 par|[from] Stealth Rock
|move|p2a: Breloom|Swords Dance|p2a: Breloom
|-boost|p2a: Breloom|atk|2
|
|turn|22
|callback|decision
|
|move|p2a: Breloom|Bullet Seed|p1a: Trevenant
|-resisted|p1a: Trevenant
|-damage|p1a: Trevenant|137\/374 par
|-enditem|p1a: Trevenant|Sitrus Berry|[eat]
|-heal|p1a: Trevenant|230\/374 par|[from] item: Sitrus Berry
|-resisted|p1a: Trevenant
|-damage|p1a: Trevenant|168\/374 par
|-resisted|p1a: Trevenant
|-damage|p1a: Trevenant|106\/374 par
|-hitcount|p1a: Trevenant|3
|cant|p1a: Trevenant|par
|
|turn|23
|callback|decision
|
|switch|p1a: Scizor|Scizor, M|294\/344
|-formechange|p1a: Scizor|Scizor-Mega
|-damage|p1a: Scizor|251\/344|[from] Stealth Rock
|move|p2a: Breloom|Bullet Seed|p1a: Scizor
|-resisted|p1a: Scizor
|-damage|p1a: Scizor|226\/344
|-resisted|p1a: Scizor
|-damage|p1a: Scizor|202\/344
|-resisted|p1a: Scizor
|-damage|p1a: Scizor|178\/344
|-resisted|p1a: Scizor
|-damage|p1a: Scizor|153\/344
|-hitcount|p1a: Scizor|4
|
|turn|24
|callback|decision
|
|move|p2a: Breloom|Mach Punch|p1a: Scizor
|-damage|p1a: Scizor|0 fnt
|faint|p1a: Scizor
|
|callback|decision
|
|switch|p1a: Alakazam|Alakazam, M|251\/251
|-damage|p1a: Alakazam|220\/251|[from] Stealth Rock
|turn|25
|callback|decision
|chat|qpzm257|why does he not have magic guard anymore?
|
|move|p1a: Alakazam|Dazzling Gleam|p2a: Breloom
|-supereffective|p2a: Breloom
|-damage|p2a: Breloom|0 fnt
|faint|p2a: Breloom
|
|callback|decision
|
|switch|p2a: Skarmory|Skarmory, F|297\/334
|-damage|p2a: Skarmory|256\/334|[from] Stealth Rock
|turn|26
|callback|decision
|
|move|p1a: Alakazam|Shadow Ball|p2a: Skarmory
|-damage|p2a: Skarmory|134\/334
|move|p2a: Skarmory|Whirlwind|p1a: Alakazam
|drag|p1a: Vaporeon|Vaporeon, M|464\/464 par
|-damage|p1a: Vaporeon|406\/464 par|[from] Stealth Rock
|
|-heal|p2a: Skarmory|154\/334|[from] item: Leftovers
|-heal|p1a: Vaporeon|435\/464 par|[from] item: Leftovers
|turn|27
|callback|decision
|
|move|p2a: Skarmory|Roost|p2a: Skarmory
|-heal|p2a: Skarmory|321\/334
|move|p1a: Vaporeon|Wish|p1a: Vaporeon
|
|-heal|p2a: Skarmory|334\/334|[from] item: Leftovers
|-heal|p1a: Vaporeon|464\/464 par|[from] item: Leftovers
|turn|28
|callback|decision
|
|move|p2a: Skarmory|Spikes|p1a: Vaporeon
|-sidestart|p1: qpzm257|Spikes
|cant|p1a: Vaporeon|par
|
|turn|29
|callback|decision
|
|cant|p1a: Vaporeon|par
|move|p2a: Skarmory|Whirlwind|p1a: Vaporeon
|drag|p1a: Trevenant|Trevenant, M|106\/374 par
|-damage|p1a: Trevenant|60\/374 par|[from] Spikes
|-damage|p1a: Trevenant|14\/374 par|[from] Stealth Rock
|
|-item|p1a: Trevenant|Sitrus Berry|[from] ability: Harvest
|-enditem|p1a: Trevenant|Sitrus Berry|[eat]
|-heal|p1a: Trevenant|107\/374 par|[from] item: Sitrus Berry
|turn|30
|callback|decision
|
|move|p2a: Skarmory|Spikes|p1a: Trevenant
|-sidestart|p1: qpzm257|Spikes
|move|p1a: Trevenant|Leech Seed|p2a: Skarmory
|-start|p2a: Skarmory|move: Leech Seed
|
|-damage|p2a: Skarmory|293\/334|[from] Leech Seed|[of] p1a: Trevenant
|-heal|p1a: Trevenant|148\/374 par|[silent]
|turn|31
|callback|decision
|
|switch|p2a: Togekiss|Togekiss, F|338\/374
|-damage|p2a: Togekiss|245\/374|[from] Stealth Rock
|move|p1a: Trevenant|Shadow Claw|p2a: Togekiss
|-damage|p2a: Togekiss|145\/374
|
|-heal|p2a: Togekiss|168\/374|[from] item: Leftovers
|turn|32
|callback|decision
|
|move|p2a: Togekiss|Defog|p1a: Trevenant
|-unboost|p1a: Trevenant|evasion|1
|-sideend|p1: qpzm257|Spikes|[from] move: Defog|[of] p1a: Trevenant
|-sideend|p1: qpzm257|Stealth Rock|[from] move: Defog|[of] p1a: Trevenant
|-sideend|p2: Zazoru|Stealth Rock|[from] move: Defog|[of] p2a: Togekiss
|move|p1a: Trevenant|Shadow Claw|p2a: Togekiss
|-damage|p2a: Togekiss|80\/374
|
|-heal|p2a: Togekiss|103\/374|[from] item: Leftovers
|turn|33
|callback|decision
|
|switch|p1a: Heatran|Heatran, F|386\/386 par
|-item|p1a: Heatran|Air Balloon
|move|p2a: Togekiss|Air Slash|p1a: Heatran
|-crit|p1a: Heatran
|-resisted|p1a: Heatran
|-damage|p1a: Heatran|317\/386 par
|-enditem|p1a: Heatran|Air Balloon
|
|-heal|p2a: Togekiss|126\/374|[from] item: Leftovers
|turn|34
|callback|decision
|
|move|p2a: Togekiss|Roost|p2a: Togekiss
|-heal|p2a: Togekiss|313\/374
|move|p1a: Heatran|Magma Storm|p2a: Togekiss
|-damage|p2a: Togekiss|154\/374
|-activate|p2a: Togekiss|move: Magma Storm|[of] p1a: Heatran
|
|-heal|p2a: Togekiss|177\/374|[from] item: Leftovers
|-damage|p2a: Togekiss|131\/374|[from] move: Magma Storm|[partiallytrapped]
|turn|35
|callback|decision
|
|move|p2a: Togekiss|Roost|p2a: Togekiss
|-heal|p2a: Togekiss|318\/374
|move|p1a: Heatran|Stealth Rock|p2a: Togekiss
|-sidestart|p2: Zazoru|move: Stealth Rock
|
|-heal|p2a: Togekiss|341\/374|[from] item: Leftovers
|-damage|p2a: Togekiss|295\/374|[from] move: Magma Storm|[partiallytrapped]
|turn|36
|callback|decision
|
|switch|p1a: Vaporeon|Vaporeon, M|464\/464 par
|move|p2a: Togekiss|Air Slash|p1a: Vaporeon
|-damage|p1a: Vaporeon|358\/464 par
|
|-heal|p2a: Togekiss|318\/374|[from] item: Leftovers
|-heal|p1a: Vaporeon|387\/464 par|[from] item: Leftovers
|-end|p2a: Togekiss|Magma Storm|[partiallytrapped]
|turn|37
|callback|decision
|
|move|p2a: Togekiss|Air Slash|p1a: Vaporeon
|-damage|p1a: Vaporeon|272\/464 par
|cant|p1a: Vaporeon|par
|
|-heal|p2a: Togekiss|341\/374|[from] item: Leftovers
|-heal|p1a: Vaporeon|301\/464 par|[from] item: Leftovers
|turn|38
|callback|decision
|
|move|p2a: Togekiss|Air Slash|p1a: Vaporeon
|-damage|p1a: Vaporeon|186\/464 par
|cant|p1a: Vaporeon|flinch
|
|-heal|p2a: Togekiss|364\/374|[from] item: Leftovers
|-heal|p1a: Vaporeon|215\/464 par|[from] item: Leftovers
|turn|39
|callback|decision
|
|cant|p1a: Vaporeon|par
|move|p2a: Togekiss|Air Slash|p1a: Vaporeon
|-damage|p1a: Vaporeon|112\/464 par
|
|-heal|p2a: Togekiss|374\/374|[from] item: Leftovers
|-heal|p1a: Vaporeon|141\/464 par|[from] item: Leftovers
|turn|40
|callback|decision
|
|cant|p1a: Vaporeon|par
|move|p2a: Togekiss|Air Slash|p1a: Vaporeon
|-damage|p1a: Vaporeon|39\/464 par
|
|-heal|p1a: Vaporeon|68\/464 par|[from] item: Leftovers
|turn|41
|callback|decision
|
|move|p1a: Vaporeon|Protect|p1a: Vaporeon
|-singleturn|p1a: Vaporeon|Protect
|move|p2a: Togekiss|Air Slash|p1a: Vaporeon
|-activate|p1a: Vaporeon|Protect
|
|-heal|p1a: Vaporeon|97\/464 par|[from] item: Leftovers
|turn|42
|callback|decision
|
|move|p2a: Togekiss|Air Slash|p1a: Vaporeon|[miss]
|-miss|p2a: Togekiss|p1a: Vaporeon
|move|p1a: Vaporeon|Wish|p1a: Vaporeon
|
|-heal|p1a: Vaporeon|126\/464 par|[from] item: Leftovers
|turn|43
|callback|decision
|chat|Zazoru|nice
|
|move|p2a: Togekiss|Air Slash|p1a: Vaporeon
|-damage|p1a: Vaporeon|20\/464 par
|cant|p1a: Vaporeon|par
|
|-heal|p1a: Vaporeon|252\/464 par|[from] move: Wish|[wisher] Vaporeon
|-heal|p1a: Vaporeon|281\/464 par|[from] item: Leftovers
|turn|44
|callback|decision
|
|move|p2a: Togekiss|Air Slash|p1a: Vaporeon
|-damage|p1a: Vaporeon|169\/464 par
|cant|p1a: Vaporeon|flinch
|
|-heal|p1a: Vaporeon|198\/464 par|[from] item: Leftovers
|turn|45
|callback|decision
|
|move|p2a: Togekiss|Air Slash|p1a: Vaporeon
|-crit|p1a: Vaporeon
|-damage|p1a: Vaporeon|39\/464 par
|cant|p1a: Vaporeon|par
|
|-heal|p1a: Vaporeon|68\/464 par|[from] item: Leftovers
|turn|46
|callback|decision
|
|move|p1a: Vaporeon|Protect|p1a: Vaporeon
|-singleturn|p1a: Vaporeon|Protect
|move|p2a: Togekiss|Air Slash|p1a: Vaporeon
|-activate|p1a: Vaporeon|Protect
|
|-heal|p1a: Vaporeon|97\/464 par|[from] item: Leftovers
|turn|47
|callback|decision
|
|cant|p1a: Vaporeon|par
|move|p2a: Togekiss|Air Slash|p1a: Vaporeon
|-damage|p1a: Vaporeon|0 fnt
|faint|p1a: Vaporeon
|
|callback|decision
|
|switch|p1a: Alakazam|Alakazam, M|220\/251
|turn|48
|callback|decision
|
|move|p1a: Alakazam|Psyshock|p2a: Togekiss
|-damage|p2a: Togekiss|226\/374
|move|p2a: Togekiss|Air Slash|p1a: Alakazam
|-damage|p1a: Alakazam|111\/251
|
|-heal|p2a: Togekiss|249\/374|[from] item: Leftovers
|turn|49
|callback|decision
|
|switch|p2a: Greninja|Greninja, F|285\/285
|-damage|p2a: Greninja|250\/285|[from] Stealth Rock
|move|p1a: Alakazam|Psyshock|p2a: Greninja
|-immune|p2a: Greninja|[msg]
|
|turn|50
|callback|decision
|
|-start|p2a: Greninja|typechange|Dark|[from] Protean
|move|p2a: Greninja|Dark Pulse|p1a: Alakazam
|-supereffective|p1a: Alakazam
|-damage|p1a: Alakazam|0 fnt
|-damage|p2a: Greninja|222\/285|[from] item: Life Orb
|faint|p1a: Alakazam
|
|callback|decision
|
|switch|p1a: Trevenant|Trevenant, M|148\/374 par
|turn|51
|callback|decision
|
|move|p2a: Greninja|Dark Pulse|p1a: Trevenant
|-supereffective|p1a: Trevenant
|-damage|p1a: Trevenant|0 fnt
|-damage|p2a: Greninja|194\/285|[from] item: Life Orb
|faint|p1a: Trevenant
|
|callback|decision
|
|switch|p1a: Dragonite|Dragonite, F|324\/324
|turn|52
|callback|decision
|
|-start|p2a: Greninja|typechange|Bug|[from] Protean
|move|p2a: Greninja|U-turn|p1a: Dragonite
|-resisted|p1a: Dragonite
|-damage|p1a: Dragonite|295\/324
|-damage|p2a: Greninja|166\/285|[from] item: Life Orb
|callback|decision
|
|switch|p2a: Skarmory|Skarmory, F|293\/334
|-damage|p2a: Skarmory|252\/334|[from] Stealth Rock
|move|p1a: Dragonite|Dragon Dance|p1a: Dragonite
|-boost|p1a: Dragonite|atk|1
|-boost|p1a: Dragonite|spe|1
|
|-heal|p2a: Skarmory|272\/334|[from] item: Leftovers
|turn|53
|callback|decision
|
|move|p1a: Dragonite|Fire Punch|p2a: Skarmory
|-supereffective|p2a: Skarmory
|-damage|p2a: Skarmory|84\/334
|move|p2a: Skarmory|Whirlwind|p1a: Dragonite
|drag|p1a: Heatran|Heatran, F|317\/386 par
|
|-heal|p2a: Skarmory|104\/334|[from] item: Leftovers
|turn|54
|callback|decision
|
|switch|p2a: Vaporeon|Vaporeon, M|235\/464
|-damage|p2a: Vaporeon|177\/464|[from] Stealth Rock
|move|p1a: Heatran|Magma Storm|p2a: Vaporeon
|-resisted|p2a: Vaporeon
|-damage|p2a: Vaporeon|63\/464
|-activate|p2a: Vaporeon|move: Magma Storm|[of] p1a: Heatran
|
|-heal|p2a: Vaporeon|92\/464|[from] item: Leftovers
|-damage|p2a: Vaporeon|34\/464|[from] move: Magma Storm|[partiallytrapped]
|turn|55
|callback|decision
|
|move|p2a: Vaporeon|Scald|p1a: Heatran
|-supereffective|p1a: Heatran
|-damage|p1a: Heatran|119\/386 par
|move|p1a: Heatran|Earth Power|p2a: Vaporeon
|-damage|p2a: Vaporeon|0 fnt
|faint|p2a: Vaporeon
|
|callback|decision
|
|switch|p2a: Greninja|Greninja, F|166\/285
|-damage|p2a: Greninja|131\/285|[from] Stealth Rock
|turn|56
|callback|decision
|
|-start|p2a: Greninja|typechange|Water|[from] Protean
|move|p2a: Greninja|Surf|p1a: Heatran
|-supereffective|p1a: Heatran
|-damage|p1a: Heatran|0 fnt
|-damage|p2a: Greninja|103\/285|[from] item: Life Orb
|faint|p1a: Heatran
|
|callback|decision
|
|switch|p1a: Dragonite|Dragonite, F|295\/324
|turn|57
|callback|decision
|
|-start|p2a: Greninja|typechange|Dark|[from] Protean
|move|p2a: Greninja|Dark Pulse|p1a: Dragonite
|-damage|p1a: Dragonite|126\/324
|-damage|p2a: Greninja|75\/285|[from] item: Life Orb
|move|p1a: Dragonite|Dragon Dance|p1a: Dragonite
|-boost|p1a: Dragonite|atk|1
|-boost|p1a: Dragonite|spe|1
|
|turn|58
|callback|decision
|
|move|p1a: Dragonite|Extreme Speed|p2a: Greninja
|-damage|p2a: Greninja|0 fnt
|faint|p2a: Greninja
|
|callback|decision
|
|switch|p2a: Togekiss|Togekiss, F|249\/374
|-damage|p2a: Togekiss|156\/374|[from] Stealth Rock
|turn|59
|callback|decision
|
|move|p1a: Dragonite|Extreme Speed|p2a: Togekiss
|-damage|p2a: Togekiss|0 fnt
|faint|p2a: Togekiss
|
|callback|decision
|
|switch|p2a: Garchomp|Garchomp, M|358\/358
|-damage|p2a: Garchomp|336\/358|[from] Stealth Rock
|turn|60
|callback|decision
|
|-formechange|p2a: Garchomp|Garchomp-Mega
|message|Garchomp has Mega Evolved into Mega Garchomp!
|move|p1a: Dragonite|Outrage|p2a: Garchomp
|-supereffective|p2a: Garchomp
|-damage|p2a: Garchomp|0 fnt
|faint|p2a: Garchomp
|
|callback|decision
|
|switch|p2a: Skarmory|Skarmory, F|104\/334
|-damage|p2a: Skarmory|63\/334|[from] Stealth Rock
|turn|61
|callback|decision
|
|move|p1a: Dragonite|Outrage|p2a: Skarmory
|-resisted|p2a: Skarmory
|-damage|p2a: Skarmory|0 fnt
|faint|p2a: Skarmory
|
|win|qpzm257
|raw|Ladder updating...
|raw|qpzm257's rating: 1733 &rarr; <strong>1736<\/strong><br \/>(+3 for winning)
|raw|Zazoru's rating: 1525 &rarr; <strong>1522<\/strong><br \/>(-3 for losing)
|chat|Zazoru|lucky
|leave|Zazoru
|player|p2
|chat|qpzm257|you should have brought out garchomp before togekiss