|join|Seirle
|join|qpzm257
|player|p1|Seirle|238
|player|p2|qpzm257|101
|gametype|singles
|tier|Pokebank OU (beta)
|rated
|clearpoke
|poke|p1|Ferrothorn, F
|poke|p1|Rotom-Wash
|poke|p1|Roserade, M
|poke|p1|Conkeldurr, F
|poke|p1|Heatran, M
|poke|p1|Gliscor, F
|poke|p2|Vaporeon, M
|poke|p2|Dragonite, M
|poke|p2|Scizor, F
|poke|p2|Alakazam, F
|poke|p2|Excadrill, F
|poke|p2|Skarmory, F
|rule|Sleep Clause Mod: Limit one foe put to sleep
|rule|Species Clause: Limit one of each Pokemon
|rule|Moody Clause: Moody is banned
|rule|OHKO Clause: OHKO moves are banned
|rule|Evasion Moves Clause: Evasion moves are banned
|rule|HP Percentage Mod: HP is reported as percentages
|teampreview
|callback|decision
|
|start
|switch|p1a: Ferrothorn|Ferrothorn, F|336\/336
|switch|p2a: Excadrill|Excadrill, F|362\/362
|-ability|p2a: Excadrill|Mold Breaker
|turn|1
|callback|decision
|
|move|p2a: Excadrill|Earthquake|p1a: Ferrothorn
|-damage|p1a: Ferrothorn|215\/336
|move|p1a: Ferrothorn|Leech Seed|p2a: Excadrill
|-start|p2a: Excadrill|move: Leech Seed
|
|-damage|p2a: Excadrill|317\/362|[from] Leech Seed|[of] p1a: Ferrothorn
|-heal|p1a: Ferrothorn|260\/336|[silent]
|turn|2
|callback|decision
|
|switch|p2a: Skarmory|Skarmory, F|334\/334
|move|p1a: Ferrothorn|Stealth Rock|p2a: Skarmory
|-sidestart|p2: qpzm257|move: Stealth Rock
|
|turn|3
|callback|decision
|
|switch|p1a: Heatran|Heatran, M|329\/329
|move|p2a: Skarmory|Defog|p1a: Heatran
|-unboost|p1a: Heatran|evasion|1
|-sideend|p2: qpzm257|Stealth Rock|[from] move: Defog|[of] p2a: Skarmory
|
|turn|4
|callback|decision
|
|switch|p2a: Vaporeon|Vaporeon, M|464\/464
|move|p1a: Heatran|Lava Plume|p2a: Vaporeon
|-resisted|p2a: Vaporeon
|-damage|p2a: Vaporeon|409\/464
|-status|p2a: Vaporeon|brn
|
|-heal|p2a: Vaporeon|438\/464 brn|[from] item: Leftovers
|-damage|p2a: Vaporeon|380\/464 brn|[from] brn
|turn|5
|callback|decision
|
|switch|p1a: Roserade|Roserade, M|316\/316
|move|p2a: Vaporeon|Heal Bell|p2a: Vaporeon
|-cureteam|p2a: Vaporeon|[from] move: HealBell
|
|-heal|p2a: Vaporeon|409\/464|[from] item: Leftovers
|turn|6
|callback|decision
|
|switch|p2a: Skarmory|Skarmory, F|334\/334
|move|p1a: Roserade|Sleep Powder|p2a: Skarmory
|-status|p2a: Skarmory|slp
|
|turn|7
|callback|decision
|
|switch|p1a: Heatran|Heatran, M|329\/329
|cant|p2a: Skarmory|slp
|
|turn|8
|callback|decision
|
|switch|p2a: Vaporeon|Vaporeon, M|409\/464
|move|p1a: Heatran|Lava Plume|p2a: Vaporeon
|-resisted|p2a: Vaporeon
|-damage|p2a: Vaporeon|352\/464
|-status|p2a: Vaporeon|brn
|
|-heal|p2a: Vaporeon|381\/464 brn|[from] item: Leftovers
|-damage|p2a: Vaporeon|323\/464 brn|[from] brn
|turn|9
|callback|decision
|
|switch|p1a: Ferrothorn|Ferrothorn, F|260\/336
|move|p2a: Vaporeon|Heal Bell|p2a: Vaporeon
|-cureteam|p2a: Vaporeon|[from] move: HealBell
|
|-heal|p2a: Vaporeon|352\/464|[from] item: Leftovers
|turn|10
|callback|decision
|
|move|p2a: Vaporeon|Protect|p2a: Vaporeon
|-singleturn|p2a: Vaporeon|Protect
|move|p1a: Ferrothorn|Leech Seed|p2a: Vaporeon
|-activate|p2a: Vaporeon|Protect
|
|-heal|p2a: Vaporeon|381\/464|[from] item: Leftovers
|turn|11
|callback|decision
|
|switch|p2a: Alakazam|Alakazam, F|251\/251
|move|p1a: Ferrothorn|Stealth Rock|p2a: Alakazam
|-sidestart|p2: qpzm257|move: Stealth Rock
|
|turn|12
|callback|decision
|
|switch|p1a: Gliscor|Gliscor, F|338\/338
|move|p2a: Alakazam|Focus Blast|p1a: Gliscor
|-resisted|p1a: Gliscor
|-damage|p1a: Gliscor|266\/338
|-unboost|p1a: Gliscor|spd|1
|
|-activate|p1a: Gliscor|item: Toxic Orb
|-status|p1a: Gliscor|tox
|turn|13
|callback|decision
|
|switch|p2a: Vaporeon|Vaporeon, M|381\/464
|-damage|p2a: Vaporeon|323\/464|[from] Stealth Rock
|move|p1a: Gliscor|Knock Off|p2a: Vaporeon
|-damage|p2a: Vaporeon|202\/464
|-enditem|p2a: Vaporeon|Leftovers|[from] move: Knock Off|[of] p1a: Gliscor
|
|-heal|p1a: Gliscor|308\/338 tox|[from] ability: Poison Heal
|turn|14
|callback|decision
|
|move|p1a: Gliscor|Toxic|p2a: Vaporeon
|-status|p2a: Vaporeon|tox
|move|p2a: Vaporeon|Wish|p2a: Vaporeon
|
|-heal|p1a: Gliscor|338\/338 tox|[from] ability: Poison Heal
|-damage|p2a: Vaporeon|173\/464 tox|[from] psn
|turn|15
|callback|decision
|
|switch|p1a: Rotom-Wash|Rotom-Wash|251\/251
|move|p2a: Vaporeon|Heal Bell|p2a: Vaporeon
|-cureteam|p2a: Vaporeon|[from] move: HealBell
|
|-heal|p2a: Vaporeon|405\/464|[from] move: Wish|[wisher] Vaporeon
|turn|16
|callback|decision
|
|move|p1a: Rotom-Wash|Volt Switch|p2a: Vaporeon
|-supereffective|p2a: Vaporeon
|-damage|p2a: Vaporeon|265\/464
|callback|decision
|
|switch|p1a: Ferrothorn|Ferrothorn, F|260\/336
|move|p2a: Vaporeon|Wish|p2a: Vaporeon
|
|turn|17
|callback|decision
|
|move|p2a: Vaporeon|Scald|p1a: Ferrothorn
|-resisted|p1a: Ferrothorn
|-damage|p1a: Ferrothorn|218\/336
|-status|p1a: Ferrothorn|brn
|move|p1a: Ferrothorn|Spikes|p2a: Vaporeon
|-sidestart|p2: qpzm257|Spikes
|
|-heal|p2a: Vaporeon|464\/464|[from] move: Wish|[wisher] Vaporeon
|-damage|p1a: Ferrothorn|176\/336 brn|[from] brn
|turn|18
|callback|decision
|
|switch|p2a: Skarmory|Skarmory, F|334\/334
|-damage|p2a: Skarmory|293\/334|[from] Stealth Rock
|move|p1a: Ferrothorn|Leech Seed|p2a: Skarmory
|-start|p2a: Skarmory|move: Leech Seed
|
|-damage|p2a: Skarmory|252\/334|[from] Leech Seed|[of] p1a: Ferrothorn
|-heal|p1a: Ferrothorn|217\/336 brn|[silent]
|-damage|p1a: Ferrothorn|175\/336 brn|[from] brn
|turn|19
|callback|decision
|
|switch|p1a: Heatran|Heatran, M|329\/329
|move|p2a: Skarmory|Defog|p1a: Heatran
|-unboost|p1a: Heatran|evasion|1
|-sideend|p2: qpzm257|Spikes|[from] move: Defog|[of] p2a: Skarmory
|-sideend|p2: qpzm257|Stealth Rock|[from] move: Defog|[of] p2a: Skarmory
|
|-damage|p2a: Skarmory|211\/334|[from] Leech Seed|[of] p1a: Heatran
|turn|20
|callback|decision
|
|switch|p1a: Rotom-Wash|Rotom-Wash|251\/251
|switch|p2a: Vaporeon|Vaporeon, M|464\/464
|
|turn|21
|callback|decision
|
|move|p1a: Rotom-Wash|Will-O-Wisp|p2a: Vaporeon|[miss]
|-miss|p1a: Rotom-Wash|p2a: Vaporeon
|move|p2a: Vaporeon|Wish|p2a: Vaporeon
|
|turn|22
|callback|decision
|
|switch|p2a: Skarmory|Skarmory, F|211\/334
|move|p1a: Rotom-Wash|Volt Switch|p2a: Skarmory
|-supereffective|p2a: Skarmory
|-damage|p2a: Skarmory|0 fnt
|faint|p2a: Skarmory
|callback|decision
|
|switch|p1a: Ferrothorn|Ferrothorn, F|175\/336 brn
|
|-damage|p1a: Ferrothorn|133\/336 brn|[from] brn
|callback|decision
|
|switch|p2a: Alakazam|Alakazam, F|251\/251
|turn|23
|callback|decision
|
|move|p2a: Alakazam|Focus Blast|p1a: Ferrothorn|[miss]
|-miss|p2a: Alakazam|p1a: Ferrothorn
|move|p1a: Ferrothorn|Stealth Rock|p2a: Alakazam
|-sidestart|p2: qpzm257|move: Stealth Rock
|
|-damage|p1a: Ferrothorn|91\/336 brn|[from] brn
|turn|24
|callback|decision
|
|move|p2a: Alakazam|Focus Blast|p1a: Ferrothorn
|-supereffective|p1a: Ferrothorn
|-damage|p1a: Ferrothorn|0 fnt
|faint|p1a: Ferrothorn
|
|callback|decision
|
|switch|p1a: Gliscor|Gliscor, F|338\/338 tox
|turn|25
|callback|decision
|
|switch|p2a: Vaporeon|Vaporeon, M|464\/464
|-damage|p2a: Vaporeon|406\/464|[from] Stealth Rock
|move|p1a: Gliscor|Knock Off|p2a: Vaporeon
|-damage|p2a: Vaporeon|334\/464
|
|turn|26
|callback|decision
|
|switch|p1a: Roserade|Roserade, M|316\/316
|move|p2a: Vaporeon|Wish|p2a: Vaporeon
|
|turn|27
|callback|decision
|
|move|p2a: Vaporeon|Protect|p2a: Vaporeon
|-singleturn|p2a: Vaporeon|Protect
|move|p1a: Roserade|Sleep Powder|p2a: Vaporeon
|-activate|p2a: Vaporeon|Protect
|
|-heal|p2a: Vaporeon|464\/464|[from] move: Wish|[wisher] Vaporeon
|turn|28
|callback|decision
|
|switch|p2a: Scizor|Scizor, F|344\/344
|-damage|p2a: Scizor|301\/344|[from] Stealth Rock
|move|p1a: Roserade|Sleep Powder|p2a: Scizor|[miss]
|-miss|p1a: Roserade|p2a: Scizor
|
|turn|29
|callback|decision
|
|-formechange|p2a: Scizor|Scizor-Mega
|message|Scizor has Mega Evolved into Mega Scizor!
|move|p1a: Roserade|Sleep Powder|p2a: Scizor
|-status|p2a: Scizor|slp
|cant|p2a: Scizor|slp
|
|turn|30
|callback|decision
|
|switch|p1a: Heatran|Heatran, M|329\/329
|cant|p2a: Scizor|slp
|
|turn|31
|callback|decision
|
|switch|p1a: Roserade|Roserade, M|316\/316
|switch|p2a: Vaporeon|Vaporeon, M|464\/464
|-damage|p2a: Vaporeon|406\/464|[from] Stealth Rock
|
|turn|32
|callback|decision
|
|move|p1a: Roserade|Giga Drain|p2a: Vaporeon
|-supereffective|p2a: Vaporeon
|-damage|p2a: Vaporeon|236\/464
|move|p2a: Vaporeon|Heal Bell|p2a: Vaporeon
|-cureteam|p2a: Vaporeon|[from] move: HealBell
|
|turn|33
|callback|decision
|
|switch|p2a: Alakazam|Alakazam, F|251\/251
|move|p1a: Roserade|Giga Drain|p2a: Alakazam
|-damage|p2a: Alakazam|137\/251
|
|turn|34
|callback|decision
|
|switch|p1a: Heatran|Heatran, M|329\/329
|move|p2a: Alakazam|Psyshock|p1a: Heatran
|-resisted|p1a: Heatran
|-damage|p1a: Heatran|259\/329
|
|turn|35
|callback|decision
|
|switch|p2a: Vaporeon|Vaporeon, M|236\/464
|-damage|p2a: Vaporeon|178\/464|[from] Stealth Rock
|move|p1a: Heatran|Dark Pulse|p2a: Vaporeon
|-damage|p2a: Vaporeon|108\/464
|
|turn|36
|callback|decision
|
|move|p1a: Heatran|Dark Pulse|p2a: Vaporeon
|-damage|p2a: Vaporeon|40\/464
|move|p2a: Vaporeon|Wish|p2a: Vaporeon
|
|turn|37
|callback|decision
|
|switch|p1a: Roserade|Roserade, M|316\/316
|move|p2a: Vaporeon|Protect|p2a: Vaporeon
|-fail|p2a: Vaporeon
|
|-heal|p2a: Vaporeon|272\/464|[from] move: Wish|[wisher] Vaporeon
|turn|38
|callback|decision
|
|move|p1a: Roserade|Sleep Powder|p2a: Vaporeon
|-status|p2a: Vaporeon|slp
|cant|p2a: Vaporeon|slp
|
|turn|39
|callback|decision
|
|switch|p1a: Rotom-Wash|Rotom-Wash|251\/251
|switch|p2a: Scizor|Scizor, F|301\/344
|-formechange|p2a: Scizor|Scizor-Mega
|-damage|p2a: Scizor|258\/344|[from] Stealth Rock
|
|turn|40
|callback|decision
|
|move|p1a: Rotom-Wash|Will-O-Wisp|p2a: Scizor
|-status|p2a: Scizor|brn
|move|p2a: Scizor|Superpower|p1a: Rotom-Wash
|-damage|p1a: Rotom-Wash|181\/251
|-unboost|p2a: Scizor|atk|1
|-unboost|p2a: Scizor|def|1
|
|-damage|p2a: Scizor|215\/344 brn|[from] brn
|turn|41
|callback|decision
|
|switch|p2a: Excadrill|Excadrill, F|317\/362
|-damage|p2a: Excadrill|306\/362|[from] Stealth Rock
|-ability|p2a: Excadrill|Mold Breaker
|move|p1a: Rotom-Wash|Will-O-Wisp|p2a: Excadrill
|-status|p2a: Excadrill|brn
|
|-damage|p2a: Excadrill|261\/362 brn|[from] brn
|turn|42
|callback|decision
|
|switch|p2a: Vaporeon|Vaporeon, M|272\/464 slp
|-damage|p2a: Vaporeon|214\/464 slp|[from] Stealth Rock
|switch|p1a: Gliscor|Gliscor, F|338\/338 tox
|
|turn|43
|callback|decision
|
|move|p1a: Gliscor|Earthquake|p2a: Vaporeon
|-damage|p2a: Vaporeon|46\/464 slp
|cant|p2a: Vaporeon|slp
|
|turn|44
|callback|decision
|
|move|p1a: Gliscor|Earthquake|p2a: Vaporeon
|-damage|p2a: Vaporeon|0 fnt
|faint|p2a: Vaporeon
|
|callback|decision
|
|switch|p2a: Excadrill|Excadrill, F|261\/362 brn
|-damage|p2a: Excadrill|250\/362 brn|[from] Stealth Rock
|-ability|p2a: Excadrill|Mold Breaker
|turn|45
|callback|decision
|
|move|p2a: Excadrill|Iron Head|p1a: Gliscor
|-damage|p1a: Gliscor|287\/338 tox
|move|p1a: Gliscor|Earthquake|p2a: Excadrill
|-supereffective|p2a: Excadrill
|-damage|p2a: Excadrill|0 fnt
|faint|p2a: Excadrill
|
|-heal|p1a: Gliscor|329\/338 tox|[from] ability: Poison Heal
|callback|decision
|
|switch|p2a: Alakazam|Alakazam, F|137\/251
|turn|46
|callback|decision
|
|move|p2a: Alakazam|Shadow Ball|p1a: Gliscor
|-damage|p1a: Gliscor|222\/338 tox
|move|p1a: Gliscor|Knock Off|p2a: Alakazam
|-supereffective|p2a: Alakazam
|-damage|p2a: Alakazam|0 fnt
|faint|p2a: Alakazam
|
|-heal|p1a: Gliscor|264\/338 tox|[from] ability: Poison Heal
|callback|decision
|
|switch|p2a: Dragonite|Dragonite, M|324\/324
|-damage|p2a: Dragonite|243\/324|[from] Stealth Rock
|turn|47
|callback|decision
|
|move|p2a: Dragonite|Dragon Dance|p2a: Dragonite
|-boost|p2a: Dragonite|atk|1
|-boost|p2a: Dragonite|spe|1
|move|p1a: Gliscor|Knock Off|p2a: Dragonite
|-damage|p2a: Dragonite|170\/324
|-enditem|p2a: Dragonite|Lum Berry|[from] move: Knock Off|[of] p1a: Gliscor
|
|-heal|p1a: Gliscor|306\/338 tox|[from] ability: Poison Heal
|turn|48
|callback|decision
|
|move|p2a: Dragonite|Dragon Dance|p2a: Dragonite
|-boost|p2a: Dragonite|atk|1
|-boost|p2a: Dragonite|spe|1
|move|p1a: Gliscor|Toxic|p2a: Dragonite
|-status|p2a: Dragonite|tox
|
|-damage|p2a: Dragonite|150\/324 tox|[from] psn
|-heal|p1a: Gliscor|338\/338 tox|[from] ability: Poison Heal
|turn|49
|callback|decision
|
|move|p1a: Gliscor|Protect|p1a: Gliscor
|-singleturn|p1a: Gliscor|Protect
|move|p2a: Dragonite|Outrage|p1a: Gliscor
|-activate|p1a: Gliscor|Protect
|
|-damage|p2a: Dragonite|110\/324 tox|[from] psn
|turn|50
|callback|decision
|
|switch|p1a: Heatran|Heatran, M|259\/329
|move|p2a: Dragonite|Outrage|p1a: Heatran
|-crit|p1a: Heatran
|-resisted|p1a: Heatran
|-damage|p1a: Heatran|0 fnt
|faint|p1a: Heatran
|
|-damage|p2a: Dragonite|50\/324 tox|[from] psn
|callback|decision
|
|switch|p1a: Gliscor|Gliscor, F|338\/338 tox
|turn|51
|callback|decision
|
|move|p1a: Gliscor|Protect|p1a: Gliscor
|-singleturn|p1a: Gliscor|Protect
|move|p2a: Dragonite|Outrage|p1a: Gliscor
|-activate|p1a: Gliscor|Protect
|
|-end|p2a: Dragonite|rampage
|-start|p2a: Dragonite|confusion
|-damage|p2a: Dragonite|0 fnt|[from] psn
|faint|p2a: Dragonite
|callback|decision
|
|switch|p2a: Scizor|Scizor, F|215\/344 brn
|-formechange|p2a: Scizor|Scizor-Mega
|-damage|p2a: Scizor|172\/344 brn|[from] Stealth Rock
|turn|52
|callback|decision
|
|move|p1a: Gliscor|Earthquake|p2a: Scizor
|-damage|p2a: Scizor|87\/344 brn
|move|p2a: Scizor|Swords Dance|p2a: Scizor
|-boost|p2a: Scizor|atk|2
|
|-damage|p2a: Scizor|44\/344 brn|[from] brn
|turn|53
|callback|decision
|
|switch|p1a: Rotom-Wash|Rotom-Wash|181\/251
|move|p2a: Scizor|Bullet Punch|p1a: Rotom-Wash
|-resisted|p1a: Rotom-Wash
|-damage|p1a: Rotom-Wash|154\/251
|
|-damage|p2a: Scizor|1\/344 brn|[from] brn
|turn|54
|callback|decision
|
|switch|p1a: Conkeldurr|Conkeldurr, F|410\/410
|move|p2a: Scizor|Bullet Punch|p1a: Conkeldurr
|-damage|p1a: Conkeldurr|278\/410
|
|-heal|p1a: Conkeldurr|303\/410|[from] item: Leftovers
|-damage|p2a: Scizor|0 fnt|[from] brn
|faint|p2a: Scizor
|
|win|Seirle
|raw|Ladder updating...
|chat|Seirle|gg
|raw|Seirle's rating: 1690 &rarr; <strong>1695<\/strong><br \/>(+5 for winning)
|raw|qpzm257's rating: 1777 &rarr; <strong>1773<\/strong><br \/>(-4 for losing)