|join|qpzm257
|join|Zane3G
|player|p1|qpzm257|101
|player|p2|Zane3G|209
|gametype|singles
|tier|Pokebank OU (beta)
|rated
|clearpoke
|poke|p1|Vaporeon, M
|poke|p1|Dragonite, F
|poke|p1|Scizor, F
|poke|p1|Alakazam, F
|poke|p1|Excadrill, F
|poke|p1|Skarmory, F
|poke|p2|Tyranitar, F
|poke|p2|Lucario, M
|poke|p2|Gliscor, F
|poke|p2|Skarmory, F
|poke|p2|Quagsire, M
|poke|p2|Togekiss, M
|rule|Sleep Clause Mod: Limit one foe put to sleep
|rule|Species Clause: Limit one of each Pokemon
|rule|Moody Clause: Moody is banned
|rule|OHKO Clause: OHKO moves are banned
|rule|Evasion Moves Clause: Evasion moves are banned
|rule|HP Percentage Mod: HP is reported as percentages
|teampreview
|callback|decision
|
|start
|switch|p1a: Skarmory|Skarmory, F|334\/334
|switch|p2a: Quagsire|Quagsire, M|394\/394
|turn|1
|callback|decision
|
|move|p1a: Skarmory|Stealth Rock|p2a: Quagsire
|-sidestart|p2: Zane3G|move: Stealth Rock
|move|p2a: Quagsire|Yawn|p1a: Skarmory
|-start|p1a: Skarmory|move: Yawn|[of] p2a: Quagsire
|
|turn|2
|callback|decision
|
|switch|p2a: Togekiss|Togekiss, M|374\/374
|-damage|p2a: Togekiss|281\/374|[from] Stealth Rock
|move|p1a: Skarmory|Whirlwind|p2a: Togekiss
|drag|p2a: Quagsire|Quagsire, M|394\/394
|-damage|p2a: Quagsire|370\/394|[from] Stealth Rock
|
|-status|p1a: Skarmory|slp
|-heal|p2a: Quagsire|394\/394|[from] item: Leftovers
|turn|3
|callback|decision
|
|switch|p1a: Vaporeon|Vaporeon, M|464\/464
|switch|p2a: Togekiss|Togekiss, M|281\/374
|-damage|p2a: Togekiss|188\/374|[from] Stealth Rock
|
|-heal|p2a: Togekiss|211\/374|[from] item: Leftovers
|turn|4
|callback|decision
|
|move|p2a: Togekiss|Wish|p2a: Togekiss
|move|p1a: Vaporeon|Scald|p2a: Togekiss
|-damage|p2a: Togekiss|124\/374
|
|-heal|p2a: Togekiss|147\/374|[from] item: Leftovers
|turn|5
|callback|decision
|
|move|p2a: Togekiss|Defog|p1a: Vaporeon
|-unboost|p1a: Vaporeon|evasion|1
|-sideend|p2: Zane3G|Stealth Rock|[from] move: Defog|[of] p2a: Togekiss
|move|p1a: Vaporeon|Scald|p2a: Togekiss
|-damage|p2a: Togekiss|50\/374
|
|-heal|p2a: Togekiss|237\/374|[from] move: Wish|[wisher] Togekiss
|-heal|p2a: Togekiss|260\/374|[from] item: Leftovers
|turn|6
|callback|decision
|
|switch|p2a: Quagsire|Quagsire, M|394\/394
|switch|p1a: Excadrill|Excadrill, F|365\/365
|-ability|p1a: Excadrill|Mold Breaker
|
|turn|7
|callback|decision
|
|move|p1a: Excadrill|Earthquake|p2a: Quagsire
|-damage|p2a: Quagsire|177\/394
|move|p2a: Quagsire|Earthquake|p1a: Excadrill
|-supereffective|p1a: Excadrill
|-damage|p1a: Excadrill|63\/365
|
|-heal|p2a: Quagsire|201\/394|[from] item: Leftovers
|turn|8
|callback|decision
|
|switch|p1a: Skarmory|Skarmory, F|334\/334 slp
|switch|p2a: Gliscor|Gliscor, F|352\/352
|
|-activate|p2a: Gliscor|item: Toxic Orb
|-status|p2a: Gliscor|tox
|turn|9
|callback|decision
|
|switch|p2a: Quagsire|Quagsire, M|201\/394
|cant|p1a: Skarmory|slp
|
|-heal|p2a: Quagsire|225\/394|[from] item: Leftovers
|turn|10
|callback|decision
|
|cant|p1a: Skarmory|slp
|move|p2a: Quagsire|Waterfall|p1a: Skarmory
|-damage|p1a: Skarmory|289\/334 slp
|-damage|p2a: Quagsire|160\/394|[from] item: Rocky Helmet|[of] p1a: Skarmory
|
|-heal|p2a: Quagsire|184\/394|[from] item: Leftovers
|turn|11
|callback|decision
|
|cant|p1a: Skarmory|slp
|move|p2a: Quagsire|Recover|p2a: Quagsire
|-heal|p2a: Quagsire|381\/394
|
|-heal|p2a: Quagsire|394\/394|[from] item: Leftovers
|turn|12
|callback|decision
|
|switch|p2a: Lucario|Lucario, M|282\/282
|-curestatus|p1a: Skarmory|slp
|move|p1a: Skarmory|Stealth Rock|p2a: Lucario
|-sidestart|p2: Zane3G|move: Stealth Rock
|
|turn|13
|callback|decision
|
|-formechange|p2a: Lucario|Lucario-Mega
|message|Lucario has Mega Evolved into Mega Lucario!
|move|p2a: Lucario|Nasty Plot|p2a: Lucario
|-boost|p2a: Lucario|spa|2
|move|p1a: Skarmory|Whirlwind|p2a: Lucario
|drag|p2a: Togekiss|Togekiss, M|260\/374
|-damage|p2a: Togekiss|167\/374|[from] Stealth Rock
|
|-heal|p2a: Togekiss|190\/374|[from] item: Leftovers
|turn|14
|callback|decision
|
|move|p2a: Togekiss|Wish|p2a: Togekiss
|move|p1a: Skarmory|Whirlwind|p2a: Togekiss
|drag|p2a: Gliscor|Gliscor, F|352\/352 tox
|-damage|p2a: Gliscor|308\/352 tox|[from] Stealth Rock
|
|-heal|p2a: Gliscor|352\/352 tox|[from] ability: Poison Heal
|turn|15
|callback|decision
|
|switch|p1a: Vaporeon|Vaporeon, M|464\/464
|move|p2a: Gliscor|Toxic|p1a: Vaporeon
|-status|p1a: Vaporeon|tox
|
|-damage|p1a: Vaporeon|435\/464 tox|[from] psn
|turn|16
|callback|decision
|
|switch|p2a: Quagsire|Quagsire, M|394\/394
|-damage|p2a: Quagsire|370\/394|[from] Stealth Rock
|move|p1a: Vaporeon|Wish|p1a: Vaporeon
|
|-heal|p1a: Vaporeon|464\/464 tox|[from] item: Leftovers
|-heal|p2a: Quagsire|394\/394|[from] item: Leftovers
|-damage|p1a: Vaporeon|406\/464 tox|[from] psn
|turn|17
|callback|decision
|
|move|p1a: Vaporeon|Heal Bell|p1a: Vaporeon
|-cureteam|p1a: Vaporeon|[from] move: HealBell
|move|p2a: Quagsire|Earthquake|p1a: Vaporeon
|-damage|p1a: Vaporeon|247\/464
|
|-heal|p1a: Vaporeon|464\/464|[from] move: Wish|[wisher] Vaporeon
|turn|18
|callback|decision
|
|move|p1a: Vaporeon|Scald|p2a: Quagsire
|-damage|p2a: Quagsire|294\/394
|-status|p2a: Quagsire|brn
|move|p2a: Quagsire|Earthquake|p1a: Vaporeon
|-damage|p1a: Vaporeon|383\/464
|
|-heal|p1a: Vaporeon|412\/464|[from] item: Leftovers
|-heal|p2a: Quagsire|318\/394 brn|[from] item: Leftovers
|-damage|p2a: Quagsire|269\/394 brn|[from] brn
|turn|19
|callback|decision
|
|move|p1a: Vaporeon|Scald|p2a: Quagsire
|-damage|p2a: Quagsire|164\/394 brn
|move|p2a: Quagsire|Yawn|p1a: Vaporeon
|-start|p1a: Vaporeon|move: Yawn|[of] p2a: Quagsire
|
|-heal|p1a: Vaporeon|441\/464|[from] item: Leftovers
|-heal|p2a: Quagsire|188\/394 brn|[from] item: Leftovers
|-damage|p2a: Quagsire|139\/394 brn|[from] brn
|turn|20
|callback|decision
|
|switch|p1a: Scizor|Scizor, F|344\/344
|move|p2a: Quagsire|Recover|p2a: Quagsire
|-heal|p2a: Quagsire|336\/394 brn
|
|-heal|p2a: Quagsire|360\/394 brn|[from] item: Leftovers
|-damage|p2a: Quagsire|311\/394 brn|[from] brn
|turn|21
|callback|decision
|
|move|p1a: Scizor|Pursuit|p2a: Quagsire|[from]Pursuit
|-damage|p2a: Quagsire|197\/394 brn
|switch|p2a: Gliscor|Gliscor, F|352\/352 tox
|-damage|p2a: Gliscor|308\/352 tox|[from] Stealth Rock
|-formechange|p1a: Scizor|Scizor-Mega
|message|Scizor has Mega Evolved into Mega Scizor!
|
|-heal|p2a: Gliscor|352\/352 tox|[from] ability: Poison Heal
|turn|22
|callback|decision
|
|switch|p1a: Skarmory|Skarmory, F|289\/334
|move|p2a: Gliscor|Earthquake|p1a: Skarmory
|-immune|p1a: Skarmory|[msg]
|
|turn|23
|callback|decision
|
|switch|p2a: Lucario|Lucario, M|282\/282
|-formechange|p2a: Lucario|Lucario-Mega
|-damage|p2a: Lucario|274\/282|[from] Stealth Rock
|move|p1a: Skarmory|Brave Bird|p2a: Lucario
|-damage|p2a: Lucario|136\/282
|-damage|p1a: Skarmory|243\/334|[from] recoil|[of] p2a: Lucario
|
|turn|24
|callback|decision
|
|move|p2a: Lucario|Aura Sphere|p1a: Skarmory
|-crit|p1a: Skarmory
|-damage|p1a: Skarmory|0 fnt
|faint|p1a: Skarmory
|
|callback|decision
|
|switch|p1a: Alakazam|Alakazam, F|251\/251
|turn|25
|callback|decision
|
|switch|p2a: Quagsire|Quagsire, M|197\/394 brn
|-damage|p2a: Quagsire|173\/394 brn|[from] Stealth Rock
|move|p1a: Alakazam|Focus Blast|p2a: Quagsire
|-damage|p2a: Quagsire|34\/394 brn
|
|-heal|p2a: Quagsire|58\/394 brn|[from] item: Leftovers
|-damage|p2a: Quagsire|9\/394 brn|[from] brn
|turn|26
|callback|decision
|
|move|p1a: Alakazam|Psyshock|p2a: Quagsire
|-damage|p2a: Quagsire|0 fnt
|faint|p2a: Quagsire
|
|callback|decision
|
|switch|p2a: Tyranitar|Tyranitar, F|404\/404
|-damage|p2a: Tyranitar|354\/404|[from] Stealth Rock
|-weather|Sandstorm
|turn|27
|callback|decision
|
|move|p1a: Alakazam|Focus Blast|p2a: Tyranitar
|-supereffective|p2a: Tyranitar
|-damage|p2a: Tyranitar|130\/404
|-unboost|p2a: Tyranitar|spd|1
|move|p2a: Tyranitar|Crunch|p1a: Alakazam
|-supereffective|p1a: Alakazam
|-enditem|p1a: Alakazam|Focus Sash
|-damage|p1a: Alakazam|1\/251
|
|-weather|Sandstorm|[upkeep]
|turn|28
|callback|decision
|
|move|p1a: Alakazam|Focus Blast|p2a: Tyranitar|[miss]
|-miss|p1a: Alakazam|p2a: Tyranitar
|move|p2a: Tyranitar|Pursuit|p1a: Alakazam
|-supereffective|p1a: Alakazam
|-damage|p1a: Alakazam|0 fnt
|faint|p1a: Alakazam
|
|-weather|Sandstorm|[upkeep]
|callback|decision
|
|switch|p1a: Vaporeon|Vaporeon, M|441\/464
|turn|29
|callback|decision
|
|switch|p2a: Skarmory|Skarmory, F|334\/334
|-damage|p2a: Skarmory|293\/334|[from] Stealth Rock
|move|p1a: Vaporeon|Scald|p2a: Skarmory
|-damage|p2a: Skarmory|157\/334
|
|-weather|Sandstorm|[upkeep]
|-damage|p1a: Vaporeon|412\/464|[from] sandstorm
|-heal|p2a: Skarmory|177\/334|[from] item: Leftovers
|-heal|p1a: Vaporeon|441\/464|[from] item: Leftovers
|turn|30
|callback|decision
|
|move|p2a: Skarmory|Defog|p1a: Vaporeon
|-unboost|p1a: Vaporeon|evasion|1
|-sideend|p2: Zane3G|Stealth Rock|[from] move: Defog|[of] p2a: Skarmory
|move|p1a: Vaporeon|Scald|p2a: Skarmory
|-damage|p2a: Skarmory|33\/334
|
|-weather|Sandstorm|[upkeep]
|-damage|p1a: Vaporeon|412\/464|[from] sandstorm
|-heal|p2a: Skarmory|53\/334|[from] item: Leftovers
|-heal|p1a: Vaporeon|441\/464|[from] item: Leftovers
|turn|31
|callback|decision
|
|move|p2a: Skarmory|Roost|p2a: Skarmory
|-heal|p2a: Skarmory|220\/334
|move|p1a: Vaporeon|Scald|p2a: Skarmory
|-damage|p2a: Skarmory|76\/334
|
|-weather|none
|-heal|p2a: Skarmory|96\/334|[from] item: Leftovers
|-heal|p1a: Vaporeon|464\/464|[from] item: Leftovers
|turn|32
|callback|decision
|
|move|p2a: Skarmory|Roost|p2a: Skarmory
|-heal|p2a: Skarmory|263\/334
|move|p1a: Vaporeon|Scald|p2a: Skarmory
|-damage|p2a: Skarmory|131\/334
|
|-heal|p2a: Skarmory|151\/334|[from] item: Leftovers
|turn|33
|callback|decision
|
|move|p2a: Skarmory|Roost|p2a: Skarmory
|-heal|p2a: Skarmory|318\/334
|move|p1a: Vaporeon|Scald|p2a: Skarmory
|-damage|p2a: Skarmory|185\/334
|
|-heal|p2a: Skarmory|205\/334|[from] item: Leftovers
|turn|34
|callback|decision
|
|switch|p2a: Togekiss|Togekiss, M|190\/374
|move|p1a: Vaporeon|Scald|p2a: Togekiss
|-damage|p2a: Togekiss|94\/374
|
|-heal|p2a: Togekiss|117\/374|[from] item: Leftovers
|turn|35
|callback|decision
|
|switch|p1a: Scizor|Scizor, F|344\/344
|-formechange|p1a: Scizor|Scizor-Mega
|move|p2a: Togekiss|Wish|p2a: Togekiss
|
|-heal|p2a: Togekiss|140\/374|[from] item: Leftovers
|turn|36
|callback|decision
|
|switch|p2a: Lucario|Lucario, M|136\/282
|-formechange|p2a: Lucario|Lucario-Mega
|move|p1a: Scizor|Bullet Punch|p2a: Lucario
|-resisted|p2a: Lucario
|-damage|p2a: Lucario|64\/282
|
|-heal|p2a: Lucario|251\/282|[from] move: Wish|[wisher] Togekiss
|turn|37
|callback|decision
|
|move|p2a: Lucario|Nasty Plot|p2a: Lucario
|-boost|p2a: Lucario|spa|2
|move|p1a: Scizor|Superpower|p2a: Lucario
|-supereffective|p2a: Lucario
|-damage|p2a: Lucario|0 fnt
|-unboost|p1a: Scizor|atk|1
|-unboost|p1a: Scizor|def|1
|faint|p2a: Lucario
|
|callback|decision
|
|switch|p2a: Skarmory|Skarmory, F|205\/334
|turn|38
|callback|decision
|
|move|p1a: Scizor|U-turn|p2a: Skarmory
|-resisted|p2a: Skarmory
|-damage|p2a: Skarmory|191\/334
|callback|decision
|
|switch|p1a: Vaporeon|Vaporeon, M|464\/464
|move|p2a: Skarmory|Roost|p2a: Skarmory
|-heal|p2a: Skarmory|334\/334
|
|turn|39
|callback|decision
|
|move|p2a: Skarmory|Brave Bird|p1a: Vaporeon
|-crit|p1a: Vaporeon
|-damage|p1a: Vaporeon|206\/464
|-damage|p2a: Skarmory|249\/334|[from] recoil|[of] p1a: Vaporeon
|move|p1a: Vaporeon|Wish|p1a: Vaporeon
|
|-heal|p2a: Skarmory|269\/334|[from] item: Leftovers
|-heal|p1a: Vaporeon|235\/464|[from] item: Leftovers
|turn|40
|callback|decision
|
|move|p2a: Skarmory|Brave Bird|p1a: Vaporeon
|-damage|p1a: Vaporeon|70\/464
|-damage|p2a: Skarmory|215\/334|[from] recoil|[of] p1a: Vaporeon
|move|p1a: Vaporeon|Scald|p2a: Skarmory
|-damage|p2a: Skarmory|86\/334
|-status|p2a: Skarmory|brn
|
|-heal|p1a: Vaporeon|302\/464|[from] move: Wish|[wisher] Vaporeon
|-heal|p2a: Skarmory|106\/334 brn|[from] item: Leftovers
|-heal|p1a: Vaporeon|331\/464|[from] item: Leftovers
|-damage|p2a: Skarmory|65\/334 brn|[from] brn
|turn|41
|callback|decision
|
|move|p2a: Skarmory|Roost|p2a: Skarmory
|-heal|p2a: Skarmory|232\/334 brn
|move|p1a: Vaporeon|Wish|p1a: Vaporeon
|
|-heal|p2a: Skarmory|252\/334 brn|[from] item: Leftovers
|-heal|p1a: Vaporeon|360\/464|[from] item: Leftovers
|-damage|p2a: Skarmory|211\/334 brn|[from] brn
|turn|42
|callback|decision
|
|switch|p1a: Excadrill|Excadrill, F|63\/365
|-ability|p1a: Excadrill|Mold Breaker
|move|p2a: Skarmory|Roost|p2a: Skarmory
|-heal|p2a: Skarmory|334\/334 brn
|
|-heal|p1a: Excadrill|295\/365|[from] move: Wish|[wisher] Vaporeon
|-damage|p2a: Skarmory|293\/334 brn|[from] brn
|turn|43
|callback|decision
|
|switch|p1a: Vaporeon|Vaporeon, M|360\/464
|move|p2a: Skarmory|Whirlwind|p1a: Vaporeon
|drag|p1a: Scizor|Scizor, F|344\/344
|-formechange|p1a: Scizor|Scizor-Mega
|
|-heal|p2a: Skarmory|313\/334 brn|[from] item: Leftovers
|-damage|p2a: Skarmory|272\/334 brn|[from] brn
|turn|44
|callback|decision
|
|switch|p2a: Gliscor|Gliscor, F|352\/352 tox
|move|p1a: Scizor|Superpower|p2a: Gliscor
|-resisted|p2a: Gliscor
|-damage|p2a: Gliscor|293\/352 tox
|-unboost|p1a: Scizor|atk|1
|-unboost|p1a: Scizor|def|1
|
|-heal|p2a: Gliscor|337\/352 tox|[from] ability: Poison Heal
|turn|45
|callback|decision
|
|move|p2a: Gliscor|Toxic|p1a: Scizor
|-fail|p1a: Scizor
|move|p1a: Scizor|U-turn|p2a: Gliscor
|-resisted|p2a: Gliscor
|-damage|p2a: Gliscor|299\/352 tox
|callback|decision
|
|switch|p1a: Vaporeon|Vaporeon, M|360\/464
|
|-heal|p1a: Vaporeon|389\/464|[from] item: Leftovers
|-heal|p2a: Gliscor|343\/352 tox|[from] ability: Poison Heal
|turn|46
|callback|decision
|
|move|p2a: Gliscor|Protect|p2a: Gliscor
|-singleturn|p2a: Gliscor|Protect
|move|p1a: Vaporeon|Scald|p2a: Gliscor
|-activate|p2a: Gliscor|Protect
|
|-heal|p1a: Vaporeon|418\/464|[from] item: Leftovers
|-heal|p2a: Gliscor|352\/352 tox|[from] ability: Poison Heal
|turn|47
|callback|decision
|
|move|p2a: Gliscor|Substitute|p2a: Gliscor
|-start|p2a: Gliscor|Substitute
|-damage|p2a: Gliscor|264\/352 tox
|move|p1a: Vaporeon|Scald|p2a: Gliscor
|-supereffective|p2a: Gliscor
|-end|p2a: Gliscor|Substitute
|
|-heal|p1a: Vaporeon|447\/464|[from] item: Leftovers
|-heal|p2a: Gliscor|308\/352 tox|[from] ability: Poison Heal
|turn|48
|callback|decision
|
|move|p2a: Gliscor|Protect|p2a: Gliscor
|-singleturn|p2a: Gliscor|Protect
|move|p1a: Vaporeon|Scald|p2a: Gliscor
|-activate|p2a: Gliscor|Protect
|
|-heal|p1a: Vaporeon|464\/464|[from] item: Leftovers
|-heal|p2a: Gliscor|352\/352 tox|[from] ability: Poison Heal
|turn|49
|callback|decision
|
|move|p2a: Gliscor|Substitute|p2a: Gliscor
|-start|p2a: Gliscor|Substitute
|-damage|p2a: Gliscor|264\/352 tox
|move|p1a: Vaporeon|Scald|p2a: Gliscor
|-supereffective|p2a: Gliscor
|-end|p2a: Gliscor|Substitute
|
|-heal|p2a: Gliscor|308\/352 tox|[from] ability: Poison Heal
|turn|50
|callback|decision
|
|switch|p1a: Dragonite|Dragonite, F|324\/324
|move|p2a: Gliscor|Protect|p2a: Gliscor
|-fail|p2a: Gliscor
|
|-heal|p2a: Gliscor|352\/352 tox|[from] ability: Poison Heal
|turn|51
|callback|decision
|chat|qpzm257|really, this is what you're gonna do?
|
|move|p2a: Gliscor|Toxic|p1a: Dragonite
|-status|p1a: Dragonite|tox
|-enditem|p1a: Dragonite|Lum Berry|[eat]
|-curestatus|p1a: Dragonite|tox
|move|p1a: Dragonite|Dragon Dance|p1a: Dragonite
|-boost|p1a: Dragonite|atk|1
|-boost|p1a: Dragonite|spe|1
|
|turn|52
|callback|decision
|
|move|p1a: Dragonite|Dragon Dance|p1a: Dragonite
|-boost|p1a: Dragonite|atk|1
|-boost|p1a: Dragonite|spe|1
|move|p2a: Gliscor|Toxic|p1a: Dragonite
|-status|p1a: Dragonite|tox
|
|-damage|p1a: Dragonite|304\/324 tox|[from] psn
|turn|53
|callback|decision
|
|move|p1a: Dragonite|Dragon Dance|p1a: Dragonite
|-boost|p1a: Dragonite|atk|1
|-boost|p1a: Dragonite|spe|1
|move|p2a: Gliscor|Substitute|p2a: Gliscor
|-start|p2a: Gliscor|Substitute
|-damage|p2a: Gliscor|264\/352 tox
|
|-damage|p1a: Dragonite|264\/324 tox|[from] psn
|-heal|p2a: Gliscor|308\/352 tox|[from] ability: Poison Heal
|turn|54
|callback|decision
|
|move|p2a: Gliscor|Protect|p2a: Gliscor
|-singleturn|p2a: Gliscor|Protect
|move|p1a: Dragonite|Extreme Speed|p2a: Gliscor
|-activate|p2a: Gliscor|Protect
|
|-damage|p1a: Dragonite|204\/324 tox|[from] psn
|-heal|p2a: Gliscor|352\/352 tox|[from] ability: Poison Heal
|turn|55
|callback|decision
|
|move|p1a: Dragonite|Extreme Speed|p2a: Gliscor
|-end|p2a: Gliscor|Substitute
|move|p2a: Gliscor|Substitute|p2a: Gliscor
|-start|p2a: Gliscor|Substitute
|-damage|p2a: Gliscor|264\/352 tox
|
|-damage|p1a: Dragonite|124\/324 tox|[from] psn
|-heal|p2a: Gliscor|308\/352 tox|[from] ability: Poison Heal
|turn|56
|callback|decision
|
|move|p2a: Gliscor|Protect|p2a: Gliscor
|-singleturn|p2a: Gliscor|Protect
|move|p1a: Dragonite|Outrage|p2a: Gliscor
|-activate|p2a: Gliscor|Protect
|
|-damage|p1a: Dragonite|24\/324 tox|[from] psn
|-heal|p2a: Gliscor|352\/352 tox|[from] ability: Poison Heal
|turn|57
|callback|decision
|
|switch|p2a: Togekiss|Togekiss, M|140\/374
|move|p1a: Dragonite|Outrage|p2a: Togekiss
|-immune|p2a: Togekiss|[msg]
|
|-heal|p2a: Togekiss|163\/374|[from] item: Leftovers
|-damage|p1a: Dragonite|0 fnt|[from] psn
|faint|p1a: Dragonite
|callback|decision
|
|switch|p1a: Scizor|Scizor, F|344\/344
|-formechange|p1a: Scizor|Scizor-Mega
|turn|58
|callback|decision
|
|move|p1a: Scizor|Pursuit|p2a: Togekiss|[from]Pursuit
|-crit|p2a: Togekiss
|-resisted|p2a: Togekiss
|-damage|p2a: Togekiss|96\/374
|switch|p2a: Gliscor|Gliscor, F|352\/352 tox
|
|turn|59
|callback|decision
|
|move|p1a: Scizor|Bullet Punch|p2a: Gliscor
|-damage|p2a: Gliscor|256\/352 tox
|move|p2a: Gliscor|Substitute|p2a: Gliscor
|-start|p2a: Gliscor|Substitute
|-damage|p2a: Gliscor|168\/352 tox
|
|-heal|p2a: Gliscor|212\/352 tox|[from] ability: Poison Heal
|turn|60
|callback|decision
|
|move|p2a: Gliscor|Protect|p2a: Gliscor
|-singleturn|p2a: Gliscor|Protect
|move|p1a: Scizor|Bullet Punch|p2a: Gliscor
|-activate|p2a: Gliscor|Protect
|
|-heal|p2a: Gliscor|256\/352 tox|[from] ability: Poison Heal
|turn|61
|callback|decision
|
|move|p1a: Scizor|Bullet Punch|p2a: Gliscor
|-end|p2a: Gliscor|Substitute
|move|p2a: Gliscor|Earthquake|p1a: Scizor
|-damage|p1a: Scizor|256\/344
|
|-heal|p2a: Gliscor|300\/352 tox|[from] ability: Poison Heal
|turn|62
|callback|decision
|
|move|p2a: Gliscor|Protect|p2a: Gliscor
|-singleturn|p2a: Gliscor|Protect
|move|p1a: Scizor|U-turn|p2a: Gliscor
|-activate|p2a: Gliscor|Protect
|
|-heal|p2a: Gliscor|344\/352 tox|[from] ability: Poison Heal
|turn|63
|callback|decision
|
|move|p1a: Scizor|Bullet Punch|p2a: Gliscor
|-damage|p2a: Gliscor|253\/352 tox
|move|p2a: Gliscor|Substitute|p2a: Gliscor
|-start|p2a: Gliscor|Substitute
|-damage|p2a: Gliscor|165\/352 tox
|
|-heal|p2a: Gliscor|209\/352 tox|[from] ability: Poison Heal
|turn|64
|callback|decision
|
|move|p2a: Gliscor|Protect|p2a: Gliscor
|-singleturn|p2a: Gliscor|Protect
|move|p1a: Scizor|Bullet Punch|p2a: Gliscor
|-activate|p2a: Gliscor|Protect
|
|-heal|p2a: Gliscor|253\/352 tox|[from] ability: Poison Heal
|turn|65
|callback|decision
|
|move|p1a: Scizor|Bullet Punch|p2a: Gliscor
|-end|p2a: Gliscor|Substitute
|move|p2a: Gliscor|Earthquake|p1a: Scizor
|-damage|p1a: Scizor|166\/344
|
|-heal|p2a: Gliscor|297\/352 tox|[from] ability: Poison Heal
|turn|66
|callback|decision
|
|move|p2a: Gliscor|Protect|p2a: Gliscor
|-singleturn|p2a: Gliscor|Protect
|move|p1a: Scizor|U-turn|p2a: Gliscor
|-activate|p2a: Gliscor|Protect
|
|-heal|p2a: Gliscor|341\/352 tox|[from] ability: Poison Heal
|turn|67
|callback|decision
|
|move|p2a: Gliscor|Substitute|p2a: Gliscor
|-start|p2a: Gliscor|Substitute
|-damage|p2a: Gliscor|253\/352 tox
|move|p1a: Scizor|U-turn|p2a: Gliscor
|-resisted|p2a: Gliscor
|-activate|p2a: Gliscor|Substitute|[damage]
|callback|decision
|
|switch|p1a: Vaporeon|Vaporeon, M|464\/464
|
|-heal|p2a: Gliscor|297\/352 tox|[from] ability: Poison Heal
|turn|68
|callback|decision
|
|move|p2a: Gliscor|Toxic|p1a: Vaporeon
|-status|p1a: Vaporeon|tox
|move|p1a: Vaporeon|Scald|p2a: Gliscor
|-crit|p2a: Gliscor
|-supereffective|p2a: Gliscor
|-end|p2a: Gliscor|Substitute
|
|-heal|p2a: Gliscor|341\/352 tox|[from] ability: Poison Heal
|-damage|p1a: Vaporeon|435\/464 tox|[from] psn
|turn|69
|callback|decision
|
|move|p2a: Gliscor|Substitute|p2a: Gliscor
|-start|p2a: Gliscor|Substitute
|-damage|p2a: Gliscor|253\/352 tox
|move|p1a: Vaporeon|Wish|p1a: Vaporeon
|
|-heal|p1a: Vaporeon|464\/464 tox|[from] item: Leftovers
|-heal|p2a: Gliscor|297\/352 tox|[from] ability: Poison Heal
|-damage|p1a: Vaporeon|406\/464 tox|[from] psn
|turn|70
|callback|decision
|
|switch|p1a: Scizor|Scizor, F|166\/344
|-formechange|p1a: Scizor|Scizor-Mega
|move|p2a: Gliscor|Earthquake|p1a: Scizor
|-damage|p1a: Scizor|78\/344
|
|-heal|p1a: Scizor|310\/344|[from] move: Wish|[wisher] Vaporeon
|-heal|p2a: Gliscor|341\/352 tox|[from] ability: Poison Heal
|turn|71
|callback|decision
|
|move|p2a: Gliscor|Protect|p2a: Gliscor
|-singleturn|p2a: Gliscor|Protect
|move|p1a: Scizor|Bullet Punch|p2a: Gliscor
|-activate|p2a: Gliscor|Protect
|
|-heal|p2a: Gliscor|352\/352 tox|[from] ability: Poison Heal
|turn|72
|callback|decision
|
|move|p1a: Scizor|Bullet Punch|p2a: Gliscor
|-end|p2a: Gliscor|Substitute
|move|p2a: Gliscor|Earthquake|p1a: Scizor
|-damage|p1a: Scizor|223\/344
|
|turn|73
|callback|decision
|
|move|p2a: Gliscor|Protect|p2a: Gliscor
|-singleturn|p2a: Gliscor|Protect
|move|p1a: Scizor|U-turn|p2a: Gliscor
|-activate|p2a: Gliscor|Protect
|
|turn|74
|callback|decision
|
|move|p1a: Scizor|Bullet Punch|p2a: Gliscor
|-crit|p2a: Gliscor
|-damage|p2a: Gliscor|219\/352 tox
|move|p2a: Gliscor|Earthquake|p1a: Scizor
|-crit|p1a: Scizor
|-damage|p1a: Scizor|93\/344
|
|-heal|p2a: Gliscor|263\/352 tox|[from] ability: Poison Heal
|turn|75
|callback|decision
|
|switch|p1a: Excadrill|Excadrill, F|295\/365
|-ability|p1a: Excadrill|Mold Breaker
|move|p2a: Gliscor|Earthquake|p1a: Excadrill
|-supereffective|p1a: Excadrill
|-damage|p1a: Excadrill|0 fnt
|faint|p1a: Excadrill
|
|-heal|p2a: Gliscor|307\/352 tox|[from] ability: Poison Heal
|callback|decision
|
|switch|p1a: Vaporeon|Vaporeon, M|406\/464 tox
|turn|76
|callback|decision
|
|move|p2a: Gliscor|Substitute|p2a: Gliscor
|-start|p2a: Gliscor|Substitute
|-damage|p2a: Gliscor|219\/352 tox
|move|p1a: Vaporeon|Heal Bell|p1a: Vaporeon
|-cureteam|p1a: Vaporeon|[from] move: HealBell
|
|-heal|p1a: Vaporeon|435\/464|[from] item: Leftovers
|-heal|p2a: Gliscor|263\/352 tox|[from] ability: Poison Heal
|turn|77
|callback|decision
|chat|qpzm257|do you really want to take this to struggle?
|chat|Zane3G|I am pretty sure I can win this
|chat|qpzm257|how is your playstyle even fun?
|
|move|p2a: Gliscor|Toxic|p1a: Vaporeon
|-status|p1a: Vaporeon|tox
|move|p1a: Vaporeon|Scald|p2a: Gliscor
|-supereffective|p2a: Gliscor
|-end|p2a: Gliscor|Substitute
|
|-heal|p1a: Vaporeon|464\/464 tox|[from] item: Leftovers
|-heal|p2a: Gliscor|307\/352 tox|[from] ability: Poison Heal
|-damage|p1a: Vaporeon|435\/464 tox|[from] psn
|turn|78
|callback|decision
|chat|Zane3G|Start another tab if it annoys you
|chat|Zane3G|I play to win
|chat|qpzm257|yea, you can win, but it doesn't seem like it was a fun win
|
|move|p2a: Gliscor|Substitute|p2a: Gliscor
|-start|p2a: Gliscor|Substitute
|-damage|p2a: Gliscor|219\/352 tox
|move|p1a: Vaporeon|Wish|p1a: Vaporeon
|
|-heal|p1a: Vaporeon|464\/464 tox|[from] item: Leftovers
|-heal|p2a: Gliscor|263\/352 tox|[from] ability: Poison Heal
|-damage|p1a: Vaporeon|406\/464 tox|[from] psn
|turn|79
|callback|decision
|
|move|p2a: Gliscor|Earthquake|p1a: Vaporeon
|-damage|p1a: Vaporeon|226\/464 tox
|move|p1a: Vaporeon|Heal Bell|p1a: Vaporeon
|-cureteam|p1a: Vaporeon|[from] move: HealBell
|
|-heal|p1a: Vaporeon|458\/464|[from] move: Wish|[wisher] Vaporeon
|-heal|p1a: Vaporeon|464\/464|[from] item: Leftovers
|-heal|p2a: Gliscor|307\/352 tox|[from] ability: Poison Heal
|turn|80
|callback|decision
|
|move|p1a: Vaporeon|Protect|p1a: Vaporeon
|-singleturn|p1a: Vaporeon|Protect
|move|p2a: Gliscor|Toxic|p1a: Vaporeon
|-activate|p1a: Vaporeon|Protect
|
|-heal|p2a: Gliscor|351\/352 tox|[from] ability: Poison Heal
|turn|81
|callback|decision
|chat|Zane3G| idc if its fun at all
|
|move|p2a: Gliscor|Toxic|p1a: Vaporeon
|-status|p1a: Vaporeon|tox
|move|p1a: Vaporeon|Wish|p1a: Vaporeon
|
|-heal|p2a: Gliscor|352\/352 tox|[from] ability: Poison Heal
|-damage|p1a: Vaporeon|435\/464 tox|[from] psn
|turn|82
|callback|decision
|chat|qpzm257|then why do you play? that's kind of the point
|chat|Zane3G|I play to win
|
|move|p1a: Vaporeon|Protect|p1a: Vaporeon
|-singleturn|p1a: Vaporeon|Protect
|move|p2a: Gliscor|Earthquake|p1a: Vaporeon
|-activate|p1a: Vaporeon|Protect
|
|-heal|p1a: Vaporeon|464\/464 tox|[from] move: Wish|[wisher] Vaporeon
|-damage|p1a: Vaporeon|406\/464 tox|[from] psn
|turn|83
|callback|decision
|
|move|p2a: Gliscor|Earthquake|p1a: Vaporeon
|-damage|p1a: Vaporeon|223\/464 tox
|move|p1a: Vaporeon|Heal Bell|p1a: Vaporeon
|-cureteam|p1a: Vaporeon|[from] move: HealBell
|
|-heal|p1a: Vaporeon|252\/464|[from] item: Leftovers
|turn|84
|callback|decision
|
|move|p1a: Vaporeon|Protect|p1a: Vaporeon
|-singleturn|p1a: Vaporeon|Protect
|move|p2a: Gliscor|Earthquake|p1a: Vaporeon
|-activate|p1a: Vaporeon|Protect
|
|-heal|p1a: Vaporeon|281\/464|[from] item: Leftovers
|turn|85
|callback|decision
|
|move|p2a: Gliscor|Toxic|p1a: Vaporeon
|-status|p1a: Vaporeon|tox
|move|p1a: Vaporeon|Wish|p1a: Vaporeon
|
|-heal|p1a: Vaporeon|310\/464 tox|[from] item: Leftovers
|-damage|p1a: Vaporeon|281\/464 tox|[from] psn
|turn|86
|callback|decision
|
|move|p2a: Gliscor|Earthquake|p1a: Vaporeon
|-damage|p1a: Vaporeon|98\/464 tox
|move|p1a: Vaporeon|Heal Bell|p1a: Vaporeon
|-cureteam|p1a: Vaporeon|[from] move: HealBell
|
|-heal|p1a: Vaporeon|330\/464|[from] move: Wish|[wisher] Vaporeon
|-heal|p1a: Vaporeon|359\/464|[from] item: Leftovers
|turn|87
|callback|decision
|
|move|p1a: Vaporeon|Protect|p1a: Vaporeon
|-singleturn|p1a: Vaporeon|Protect
|move|p2a: Gliscor|Toxic|p1a: Vaporeon
|-activate|p1a: Vaporeon|Protect
|
|-heal|p1a: Vaporeon|388\/464|[from] item: Leftovers
|turn|88
|callback|decision
|
|switch|p1a: Scizor|Scizor, F|93\/344
|-formechange|p1a: Scizor|Scizor-Mega
|move|p2a: Gliscor|Toxic|p1a: Scizor
|-fail|p1a: Scizor
|
|turn|89
|callback|decision
|
|switch|p1a: Vaporeon|Vaporeon, M|388\/464
|move|p2a: Gliscor|Earthquake|p1a: Vaporeon
|-damage|p1a: Vaporeon|216\/464
|
|-heal|p1a: Vaporeon|245\/464|[from] item: Leftovers
|turn|90
|callback|decision
|
|move|p1a: Vaporeon|Protect|p1a: Vaporeon
|-singleturn|p1a: Vaporeon|Protect
|move|p2a: Gliscor|Toxic|p1a: Vaporeon
|-activate|p1a: Vaporeon|Protect
|
|-heal|p1a: Vaporeon|274\/464|[from] item: Leftovers
|turn|91
|callback|decision
|
|move|p2a: Gliscor|Toxic|p1a: Vaporeon
|-status|p1a: Vaporeon|tox
|move|p1a: Vaporeon|Wish|p1a: Vaporeon
|
|-heal|p1a: Vaporeon|303\/464 tox|[from] item: Leftovers
|-damage|p1a: Vaporeon|274\/464 tox|[from] psn
|turn|92
|callback|decision
|
|move|p2a: Gliscor|Earthquake|p1a: Vaporeon
|-damage|p1a: Vaporeon|102\/464 tox
|move|p1a: Vaporeon|Heal Bell|p1a: Vaporeon
|-cureteam|p1a: Vaporeon|[from] move: HealBell
|
|-heal|p1a: Vaporeon|334\/464|[from] move: Wish|[wisher] Vaporeon
|-heal|p1a: Vaporeon|363\/464|[from] item: Leftovers
|turn|93
|callback|decision
|
|move|p1a: Vaporeon|Protect|p1a: Vaporeon
|-singleturn|p1a: Vaporeon|Protect
|move|p2a: Gliscor|Toxic|p1a: Vaporeon
|-activate|p1a: Vaporeon|Protect
|
|-heal|p1a: Vaporeon|392\/464|[from] item: Leftovers
|turn|94
|callback|decision
|
|switch|p2a: Togekiss|Togekiss, M|96\/374
|switch|p1a: Scizor|Scizor, F|93\/344
|-formechange|p1a: Scizor|Scizor-Mega
|
|-heal|p2a: Togekiss|119\/374|[from] item: Leftovers
|turn|95
|callback|decision
|
|switch|p2a: Skarmory|Skarmory, F|272\/334 brn
|move|p1a: Scizor|Bullet Punch|p2a: Skarmory
|-resisted|p2a: Skarmory
|-damage|p2a: Skarmory|233\/334 brn
|
|-heal|p2a: Skarmory|253\/334 brn|[from] item: Leftovers
|-damage|p2a: Skarmory|212\/334 brn|[from] brn
|turn|96
|callback|decision
|
|switch|p1a: Vaporeon|Vaporeon, M|392\/464
|move|p2a: Skarmory|Roost|p2a: Skarmory
|-heal|p2a: Skarmory|334\/334 brn
|
|-heal|p1a: Vaporeon|421\/464|[from] item: Leftovers
|-damage|p2a: Skarmory|293\/334 brn|[from] brn
|turn|97
|callback|decision
|
|move|p2a: Skarmory|Roost|p2a: Skarmory
|-heal|p2a: Skarmory|334\/334 brn
|move|p1a: Vaporeon|Wish|p1a: Vaporeon
|
|-heal|p1a: Vaporeon|450\/464|[from] item: Leftovers
|-damage|p2a: Skarmory|293\/334 brn|[from] brn
|turn|98
|callback|decision
|
|switch|p1a: Scizor|Scizor, F|93\/344
|-formechange|p1a: Scizor|Scizor-Mega
|move|p2a: Skarmory|Whirlwind|p1a: Scizor
|drag|p1a: Vaporeon|Vaporeon, M|450\/464
|
|-heal|p1a: Vaporeon|464\/464|[from] move: Wish|[wisher] Vaporeon
|-heal|p2a: Skarmory|313\/334 brn|[from] item: Leftovers
|-damage|p2a: Skarmory|272\/334 brn|[from] brn
|turn|99
|callback|decision
|
|move|p2a: Skarmory|Roost|p2a: Skarmory
|-heal|p2a: Skarmory|334\/334 brn
|move|p1a: Vaporeon|Wish|p1a: Vaporeon
|
|-damage|p2a: Skarmory|293\/334 brn|[from] brn
|turn|100
|callback|decision
|
|move|p2a: Skarmory|Roost|p2a: Skarmory
|-heal|p2a: Skarmory|334\/334 brn
|move|p1a: Vaporeon|Scald|p2a: Skarmory
|-damage|p2a: Skarmory|199\/334 brn
|
|-heal|p2a: Skarmory|219\/334 brn|[from] item: Leftovers
|-damage|p2a: Skarmory|178\/334 brn|[from] brn
|turn|101
|callback|decision
|
|move|p2a: Skarmory|Roost|p2a: Skarmory
|-heal|p2a: Skarmory|334\/334 brn
|move|p1a: Vaporeon|Wish|p1a: Vaporeon
|
|-damage|p2a: Skarmory|293\/334 brn|[from] brn
|turn|102
|callback|decision
|
|move|p1a: Vaporeon|Scald|p2a: Skarmory
|-damage|p2a: Skarmory|158\/334 brn
|move|p2a: Skarmory|Whirlwind|p1a: Vaporeon
|drag|p1a: Scizor|Scizor, F|93\/344
|-formechange|p1a: Scizor|Scizor-Mega
|
|-heal|p1a: Scizor|325\/344|[from] move: Wish|[wisher] Vaporeon
|-heal|p2a: Skarmory|178\/334 brn|[from] item: Leftovers
|-damage|p2a: Skarmory|137\/334 brn|[from] brn
|turn|103
|callback|decision
|
|move|p1a: Scizor|Superpower|p2a: Skarmory
|-damage|p2a: Skarmory|39\/334 brn
|-unboost|p1a: Scizor|atk|1
|-unboost|p1a: Scizor|def|1
|move|p2a: Skarmory|Roost|p2a: Skarmory
|-heal|p2a: Skarmory|206\/334 brn
|
|-heal|p2a: Skarmory|226\/334 brn|[from] item: Leftovers
|-damage|p2a: Skarmory|185\/334 brn|[from] brn
|turn|104
|callback|decision
|
|move|p1a: Scizor|U-turn|p2a: Skarmory
|-resisted|p2a: Skarmory
|-damage|p2a: Skarmory|170\/334 brn
|callback|decision
|
|switch|p1a: Vaporeon|Vaporeon, M|464\/464
|move|p2a: Skarmory|Roost|p2a: Skarmory
|-heal|p2a: Skarmory|334\/334 brn
|
|-damage|p2a: Skarmory|293\/334 brn|[from] brn
|turn|105
|callback|decision
|
|switch|p1a: Scizor|Scizor, F|325\/344
|-formechange|p1a: Scizor|Scizor-Mega
|move|p2a: Skarmory|Roost|p2a: Skarmory
|-heal|p2a: Skarmory|334\/334 brn
|
|-damage|p2a: Skarmory|293\/334 brn|[from] brn
|turn|106
|callback|decision
|
|move|p1a: Scizor|Bullet Punch|p2a: Skarmory
|-resisted|p2a: Skarmory
|-damage|p2a: Skarmory|254\/334 brn
|move|p2a: Skarmory|Brave Bird|p1a: Scizor
|-damage|p1a: Scizor|283\/344
|-damage|p2a: Skarmory|240\/334 brn|[from] recoil|[of] p1a: Scizor
|
|-heal|p2a: Skarmory|260\/334 brn|[from] item: Leftovers
|-damage|p2a: Skarmory|219\/334 brn|[from] brn
|turn|107
|callback|decision
|
|move|p1a: Scizor|Bullet Punch|p2a: Skarmory
|-resisted|p2a: Skarmory
|-damage|p2a: Skarmory|183\/334 brn
|move|p2a: Skarmory|Brave Bird|p1a: Scizor
|-damage|p1a: Scizor|238\/344
|-damage|p2a: Skarmory|168\/334 brn|[from] recoil|[of] p1a: Scizor
|
|-heal|p2a: Skarmory|188\/334 brn|[from] item: Leftovers
|-damage|p2a: Skarmory|147\/334 brn|[from] brn
|turn|108
|callback|decision
|
|move|p1a: Scizor|Bullet Punch|p2a: Skarmory
|-resisted|p2a: Skarmory
|-damage|p2a: Skarmory|111\/334 brn
|move|p2a: Skarmory|Roost|p2a: Skarmory
|-heal|p2a: Skarmory|278\/334 brn
|
|-heal|p2a: Skarmory|298\/334 brn|[from] item: Leftovers
|-damage|p2a: Skarmory|257\/334 brn|[from] brn
|turn|109
|callback|decision
|
|move|p1a: Scizor|Superpower|p2a: Skarmory
|-damage|p2a: Skarmory|154\/334 brn
|-unboost|p1a: Scizor|atk|1
|-unboost|p1a: Scizor|def|1
|move|p2a: Skarmory|Defog|p1a: Scizor
|-unboost|p1a: Scizor|evasion|1
|
|-heal|p2a: Skarmory|174\/334 brn|[from] item: Leftovers
|-damage|p2a: Skarmory|133\/334 brn|[from] brn
|turn|110
|callback|decision
|
|move|p1a: Scizor|Bullet Punch|p2a: Skarmory
|-resisted|p2a: Skarmory
|-damage|p2a: Skarmory|106\/334 brn
|move|p2a: Skarmory|Roost|p2a: Skarmory
|-heal|p2a: Skarmory|273\/334 brn
|
|-heal|p2a: Skarmory|293\/334 brn|[from] item: Leftovers
|-damage|p2a: Skarmory|252\/334 brn|[from] brn
|turn|111
|callback|decision
|
|switch|p2a: Gliscor|Gliscor, F|352\/352 tox
|move|p1a: Scizor|Bullet Punch|p2a: Gliscor
|-damage|p2a: Gliscor|288\/352 tox
|
|-heal|p2a: Gliscor|332\/352 tox|[from] ability: Poison Heal
|turn|112
|callback|decision
|chat|qpzm257|it sucks that even that I don't get the super effective hit because I go first
|
|move|p1a: Scizor|Bullet Punch|p2a: Gliscor
|-damage|p2a: Gliscor|266\/352 tox
|move|p2a: Gliscor|Substitute|p2a: Gliscor
|-start|p2a: Gliscor|Substitute
|-damage|p2a: Gliscor|178\/352 tox
|
|-heal|p2a: Gliscor|222\/352 tox|[from] ability: Poison Heal
|turn|113
|callback|decision
|chat|Zane3G|what supereffective hit
|
|move|p2a: Gliscor|Protect|p2a: Gliscor
|-singleturn|p2a: Gliscor|Protect
|move|p1a: Scizor|U-turn|p2a: Gliscor
|-activate|p2a: Gliscor|Protect
|
|-heal|p2a: Gliscor|266\/352 tox|[from] ability: Poison Heal
|turn|114
|callback|decision
|chat|Zane3G|superpower right
|chat|Zane3G|that's why metagrosses take hammer arm instead
|
|move|p2a: Gliscor|Toxic|p1a: Scizor
|-fail|p1a: Scizor
|move|p1a: Scizor|U-turn|p2a: Gliscor
|-resisted|p2a: Gliscor
|-activate|p2a: Gliscor|Substitute|[damage]
|callback|decision
|
|switch|p1a: Vaporeon|Vaporeon, M|464\/464
|
|-heal|p2a: Gliscor|310\/352 tox|[from] ability: Poison Heal
|turn|115
|callback|decision
|chat|qpzm257|Yea when you use roost you lose flying type but I attacked first
|
|move|p2a: Gliscor|Protect|p2a: Gliscor
|-singleturn|p2a: Gliscor|Protect
|move|p1a: Vaporeon|Protect|p1a: Vaporeon
|-fail|p1a: Vaporeon
|
|-heal|p2a: Gliscor|352\/352 tox|[from] ability: Poison Heal
|turn|116
|callback|decision
|
|move|p1a: Vaporeon|Protect|p1a: Vaporeon
|-singleturn|p1a: Vaporeon|Protect
|move|p2a: Gliscor|Substitute|p2a: Gliscor
|-fail|p2a: Gliscor|move: Substitute
|
|turn|117
|callback|decision
|
|switch|p1a: Scizor|Scizor, F|238\/344
|-formechange|p1a: Scizor|Scizor-Mega
|move|p2a: Gliscor|Toxic|p1a: Scizor
|-fail|p1a: Scizor
|
|turn|118
|callback|decision
|
|move|p1a: Scizor|Bullet Punch|p2a: Gliscor
|-end|p2a: Gliscor|Substitute
|move|p2a: Gliscor|Substitute|p2a: Gliscor
|-start|p2a: Gliscor|Substitute
|-damage|p2a: Gliscor|264\/352 tox
|
|-heal|p2a: Gliscor|308\/352 tox|[from] ability: Poison Heal
|turn|119
|callback|decision
|
|move|p1a: Scizor|Bullet Punch|p2a: Gliscor
|-end|p2a: Gliscor|Substitute
|move|p2a: Gliscor|Earthquake|p1a: Scizor
|-damage|p1a: Scizor|153\/344
|
|-heal|p2a: Gliscor|352\/352 tox|[from] ability: Poison Heal
|turn|120
|callback|decision
|
|switch|p1a: Vaporeon|Vaporeon, M|464\/464
|move|p2a: Gliscor|Protect|p2a: Gliscor
|-fail|p2a: Gliscor
|
|turn|121
|callback|decision
|
|move|p2a: Gliscor|Substitute|p2a: Gliscor
|-start|p2a: Gliscor|Substitute
|-damage|p2a: Gliscor|264\/352 tox
|move|p1a: Vaporeon|Wish|p1a: Vaporeon
|
|-heal|p2a: Gliscor|308\/352 tox|[from] ability: Poison Heal
|turn|122
|callback|decision
|
|switch|p1a: Scizor|Scizor, F|153\/344
|-formechange|p1a: Scizor|Scizor-Mega
|move|p2a: Gliscor|Earthquake|p1a: Scizor
|-damage|p1a: Scizor|66\/344
|
|-heal|p1a: Scizor|298\/344|[from] move: Wish|[wisher] Vaporeon
|-heal|p2a: Gliscor|352\/352 tox|[from] ability: Poison Heal
|turn|123
|callback|decision
|
|move|p2a: Gliscor|Protect|p2a: Gliscor
|-singleturn|p2a: Gliscor|Protect
|move|p1a: Scizor|Bullet Punch|p2a: Gliscor
|-activate|p2a: Gliscor|Protect
|
|turn|124
|callback|decision
|
|move|p1a: Scizor|Bullet Punch|p2a: Gliscor
|-end|p2a: Gliscor|Substitute
|move|p2a: Gliscor|Substitute|p2a: Gliscor
|-start|p2a: Gliscor|Substitute
|-damage|p2a: Gliscor|264\/352 tox
|
|-heal|p2a: Gliscor|308\/352 tox|[from] ability: Poison Heal
|turn|125
|callback|decision
|
|move|p2a: Gliscor|Protect|p2a: Gliscor
|-singleturn|p2a: Gliscor|Protect
|move|p1a: Scizor|Bullet Punch|p2a: Gliscor
|-activate|p2a: Gliscor|Protect
|
|-heal|p2a: Gliscor|352\/352 tox|[from] ability: Poison Heal
|turn|126
|callback|decision
|
|move|p1a: Scizor|Bullet Punch|p2a: Gliscor
|-end|p2a: Gliscor|Substitute
|move|p2a: Gliscor|Substitute|p2a: Gliscor
|-start|p2a: Gliscor|Substitute
|-damage|p2a: Gliscor|264\/352 tox
|
|-heal|p2a: Gliscor|308\/352 tox|[from] ability: Poison Heal
|turn|127
|callback|decision
|
|switch|p2a: Skarmory|Skarmory, F|252\/334 brn
|move|p1a: Scizor|Bullet Punch|p2a: Skarmory
|-crit|p2a: Skarmory
|-resisted|p2a: Skarmory
|-damage|p2a: Skarmory|192\/334 brn
|
|-heal|p2a: Skarmory|212\/334 brn|[from] item: Leftovers
|-damage|p2a: Skarmory|171\/334 brn|[from] brn
|turn|128
|callback|decision
|
|move|p1a: Scizor|Superpower|p2a: Skarmory
|-damage|p2a: Skarmory|67\/334 brn
|-unboost|p1a: Scizor|atk|1
|-unboost|p1a: Scizor|def|1
|move|p2a: Skarmory|Whirlwind|p1a: Scizor
|drag|p1a: Vaporeon|Vaporeon, M|464\/464
|
|-heal|p2a: Skarmory|87\/334 brn|[from] item: Leftovers
|-damage|p2a: Skarmory|46\/334 brn|[from] brn
|turn|129
|callback|decision
|
|move|p1a: Vaporeon|Scald|p2a: Skarmory
|-damage|p2a: Skarmory|0 fnt
|faint|p2a: Skarmory
|
|callback|decision
|
|switch|p2a: Togekiss|Togekiss, M|119\/374
|turn|130
|callback|decision
|
|switch|p1a: Scizor|Scizor, F|298\/344
|-formechange|p1a: Scizor|Scizor-Mega
|move|p2a: Togekiss|Wish|p2a: Togekiss
|
|-heal|p2a: Togekiss|142\/374|[from] item: Leftovers
|turn|131
|callback|decision
|
|switch|p2a: Tyranitar|Tyranitar, F|130\/404
|-weather|Sandstorm
|move|p1a: Scizor|Bullet Punch|p2a: Tyranitar
|-supereffective|p2a: Tyranitar
|-damage|p2a: Tyranitar|0 fnt
|faint|p2a: Tyranitar
|
|-weather|Sandstorm|[upkeep]
|callback|decision
|
|switch|p2a: Togekiss|Togekiss, M|142\/374
|turn|132
|callback|decision
|
|switch|p2a: Gliscor|Gliscor, F|308\/352 tox
|move|p1a: Scizor|Bullet Punch|p2a: Gliscor
|-damage|p2a: Gliscor|211\/352 tox
|
|-weather|Sandstorm|[upkeep]
|-heal|p2a: Gliscor|255\/352 tox|[from] ability: Poison Heal
|turn|133
|callback|decision
|
|move|p1a: Scizor|Bullet Punch|p2a: Gliscor
|-damage|p2a: Gliscor|152\/352 tox
|-activate|p2a: Gliscor|move: Struggle
|move|p2a: Gliscor|Struggle|p1a: Scizor
|-damage|p1a: Scizor|268\/344
|-damage|p2a: Gliscor|64\/352 tox
|
|-weather|Sandstorm|[upkeep]
|-heal|p2a: Gliscor|108\/352 tox|[from] ability: Poison Heal
|turn|134
|callback|decision
|
|move|p1a: Scizor|Bullet Punch|p2a: Gliscor
|-damage|p2a: Gliscor|9\/352 tox
|-activate|p2a: Gliscor|move: Struggle
|move|p2a: Gliscor|Struggle|p1a: Scizor
|-damage|p1a: Scizor|239\/344
|-damage|p2a: Gliscor|0 fnt
|faint|p2a: Gliscor
|
|-weather|Sandstorm|[upkeep]
|callback|decision
|chat|qpzm257|gg
|
|switch|p2a: Togekiss|Togekiss, M|142\/374
|turn|135
|callback|decision
|chat|qpzm257|was that really worth the time?
|
|move|p1a: Scizor|Bullet Punch|p2a: Togekiss
|-crit|p2a: Togekiss
|-supereffective|p2a: Togekiss
|-damage|p2a: Togekiss|0 fnt
|faint|p2a: Togekiss
|
|win|qpzm257
|raw|Ladder updating...
|chat|Zane3G|yes
|leave|Zane3G
|player|p2
|raw|qpzm257's rating: 1792 &rarr; <strong>1795<\/strong><br \/>(+3 for winning)
|raw|Zane3G's rating: 1533 &rarr; <strong>1477<\/strong><br \/>(-56 for losing)