|join|terry41
|join|Ducking Fick
|player|p1|terry41|17
|player|p2|Ducking Fick|115
|gametype|singles
|gen|6
|tier|OU
|clearpoke
|poke|p1|Politoed, F
|poke|p1|Azelf
|poke|p1|Swampert, F
|poke|p1|Kingdra, M
|poke|p1|Latias, F
|poke|p1|Tornadus, M
|poke|p2|Sableye, M
|poke|p2|Slurpuff, M
|poke|p2|Togekiss, M, shiny
|poke|p2|Snorlax, F
|poke|p2|Ditto
|poke|p2|Pikachu-Belle, F
|rule|Swagger Clause: Swagger is banned
|rule|Baton Pass Clause: Limit one PokÃ©mon knowing Baton Pass
|rule|Sleep Clause Mod: Limit one foe put to sleep
|rule|Species Clause: Limit one of each PokÃ©mon
|rule|OHKO Clause: OHKO moves are banned
|rule|Moody Clause: Moody is banned
|rule|Evasion Moves Clause: Evasion moves are banned
|rule|Endless Battle Clause: Forcing endless battles is banned
|rule|HP Percentage Mod: HP is shown in percentages
|teampreview
|
|start
|switch|p1a: Azelf|Azelf|291\/291
|switch|p2a: Yes|Pikachu-Belle, F|212\/212
|turn|1
|
|move|p1a: Azelf|Stealth Rock|p2a: Yes
|-sidestart|p2: Ducking Fick|move: Stealth Rock
|move|p2a: Yes|Knock Off|p1a: Azelf
|-supereffective|p1a: Azelf
|-enditem|p1a: Azelf|Focus Sash
|-damage|p1a: Azelf|1\/291
|
|turn|2
|
|switch|p2a: Twitch|Sableye, M|302\/302
|-damage|p2a: Twitch|265\/302|[from] Stealth Rock
|move|p1a: Azelf|Explosion|p2a: Twitch
|-immune|p2a: Twitch|[msg]
|faint|p1a: Azelf
|
|
|switch|p1a: Politoed|Politoed, F|384\/384
|-weather|RainDance
|turn|3
|
|detailschange|p2a: Twitch|Sableye-Mega, M
|message|Sableye has Mega Evolved into Mega Sableye!
|move|p2a: Twitch|Will-O-Wisp|p1a: Politoed
|-status|p1a: Politoed|brn
|move|p1a: Politoed|Scald|p2a: Twitch
|-damage|p2a: Twitch|139\/302
|-status|p2a: Twitch|brn
|
|-weather|RainDance|[upkeep]
|-damage|p1a: Politoed|336\/384 brn|[from] brn
|-damage|p2a: Twitch|102\/302 brn|[from] brn
|turn|4
|
|switch|p1a: Ganju|Swampert, F|346\/346
|move|p2a: Twitch|Recover|p2a: Twitch
|-heal|p2a: Twitch|253\/302 brn
|
|-weather|RainDance|[upkeep]
|-damage|p2a: Twitch|216\/302 brn|[from] brn
|turn|5
|
|detailschange|p1a: Ganju|Swampert-Mega, F
|message|Swampert has Mega Evolved into Mega Swampert!
|move|p1a: Ganju|Waterfall|p2a: Twitch
|-damage|p2a: Twitch|65\/302 brn
|move|p2a: Twitch|Will-O-Wisp|p1a: Ganju|[miss]
|-miss|p2a: Twitch|p1a: Ganju
|
|-weather|RainDance|[upkeep]
|-damage|p2a: Twitch|28\/302 brn|[from] brn
|turn|6
|c|âDucking Fick|awww
|
|move|p1a: Ganju|Earthquake|p2a: Twitch
|-damage|p2a: Twitch|0 fnt
|faint|p2a: Twitch
|
|-weather|RainDance|[upkeep]
|
|switch|p2a: Verlis|Ditto|300\/300
|-damage|p2a: Verlis|263\/300|[from] Stealth Rock
|-transform|p2a: Verlis|p1a: Ganju
|turn|7
|
|move|p2a: Verlis|Waterfall|p1a: Ganju
|-damage|p1a: Ganju|96\/346
|move|p1a: Ganju|Earthquake|p2a: Verlis
|-damage|p2a: Verlis|74\/300
|
|-weather|RainDance|[upkeep]
|turn|8
|
|switch|p1a: Kingdra|Kingdra, M|291\/291
|move|p2a: Verlis|Waterfall|p1a: Kingdra
|-resisted|p1a: Kingdra
|-damage|p1a: Kingdra|225\/291
|
|-weather|RainDance|[upkeep]
|turn|9
|
|move|p2a: Verlis|Waterfall|p1a: Kingdra
|-resisted|p1a: Kingdra
|-damage|p1a: Kingdra|152\/291
|move|p1a: Kingdra|Scald|p2a: Verlis
|-damage|p2a: Verlis|0 fnt
|faint|p2a: Verlis
|
|-weather|RainDance|[upkeep]
|
|switch|p2a: Verlis|Togekiss, M, shiny|312\/312
|-damage|p2a: Verlis|234\/312|[from] Stealth Rock
|turn|10
|
|move|p1a: Kingdra|Scald|p2a: Verlis
|-damage|p2a: Verlis|0 fnt
|faint|p2a: Verlis
|
|-weather|none
|
|switch|p2a: Yes|Pikachu-Belle, F|212\/212
|-damage|p2a: Yes|186\/212|[from] Stealth Rock
|turn|11
|
|switch|p1a: Politoed|Politoed, F|336\/384 brn
|-weather|RainDance
|move|p2a: Yes|Knock Off|p1a: Politoed
|-damage|p1a: Politoed|217\/384 brn
|-enditem|p1a: Politoed|Damp Rock|[from] move: Knock Off|[of] p2a: Yes
|
|-weather|RainDance|[upkeep]
|-damage|p1a: Politoed|169\/384 brn|[from] brn
|turn|12
|
|switch|p1a: Ganju|Swampert-Mega, F|96\/346
|move|p2a: Yes|Thunder Punch|p1a: Ganju
|-immune|p1a: Ganju|[msg]
|
|-weather|RainDance|[upkeep]
|turn|13
|
|move|p1a: Ganju|Earthquake|p2a: Yes
|-supereffective|p2a: Yes
|-damage|p2a: Yes|0 fnt
|faint|p2a: Yes
|
|-weather|RainDance|[upkeep]
|
|switch|p2a: Verlis|Slurpuff, M|317\/317
|-damage|p2a: Verlis|278\/317|[from] Stealth Rock
|turn|14
|
|move|p1a: Ganju|Waterfall|p2a: Verlis
|-damage|p2a: Verlis|0 fnt
|faint|p2a: Verlis
|
|-weather|RainDance|[upkeep]
|
|switch|p2a: Verlis|Snorlax, F|497\/497
|-damage|p2a: Verlis|435\/497|[from] Stealth Rock
|turn|15
|
|move|p1a: Ganju|Waterfall|p2a: Verlis
|-damage|p2a: Verlis|150\/497
|move|p2a: Verlis|Stockpile|p2a: Verlis
|-start|p2a: Verlis|stockpile1
|-boost|p2a: Verlis|def|1
|-boost|p2a: Verlis|spd|1
|
|-weather|RainDance|[upkeep]
|turn|16
|
|move|p1a: Ganju|Superpower|p2a: Verlis
|-supereffective|p2a: Verlis
|-damage|p2a: Verlis|0 fnt
|-unboost|p1a: Ganju|atk|1
|-unboost|p1a: Ganju|def|1
|faint|p2a: Verlis
|
|win|terry41
|leave|Ducking Fick
|player|p2