|join|LordRay
|join|terry41
|player|p1|LordRay|288
|player|p2|terry41|17
|gametype|singles
|gen|6
|tier|OU
|clearpoke
|poke|p1|Altaria, F
|poke|p1|Magnezone
|poke|p1|Greninja, M
|poke|p1|Chesnaught, M
|poke|p1|Hippowdon, F
|poke|p1|Keldeo-Resolute
|poke|p2|Greninja, F
|poke|p2|Sceptile, F
|poke|p2|Talonflame, M
|poke|p2|Landorus-Therian, M
|poke|p2|Azumarill, F
|poke|p2|Latias, F
|rule|Swagger Clause: Swagger is banned
|rule|Baton Pass Clause: Limit one PokÃ©mon knowing Baton Pass
|rule|Sleep Clause Mod: Limit one foe put to sleep
|rule|Species Clause: Limit one of each PokÃ©mon
|rule|OHKO Clause: OHKO moves are banned
|rule|Moody Clause: Moody is banned
|rule|Evasion Moves Clause: Evasion moves are banned
|rule|Endless Battle Clause: Forcing endless battles is banned
|rule|HP Percentage Mod: HP is shown in percentages
|teampreview
|c|âLordRay|i had lando but then i decided hippos longevity might be better
|
|start
|switch|p1a: Keldeo-Resolute|Keldeo-Resolute|323\/323
|switch|p2a: Sceptile|Sceptile, F|281\/281
|turn|1
|
|switch|p1a: Magnezone|Magnezone|344\/344
|detailschange|p2a: Sceptile|Sceptile-Mega, F
|-mega|p2a: Sceptile|Sceptile|Sceptilite
|move|p2a: Sceptile|Substitute|p2a: Sceptile
|-start|p2a: Sceptile|Substitute
|-damage|p2a: Sceptile|211\/281
|
|turn|2
|
|switch|p1a: Altaria|Altaria, F|352\/352
|move|p2a: Sceptile|Earthquake|p1a: Altaria
|-immune|p1a: Altaria|[msg]
|
|turn|3
|
|detailschange|p1a: Altaria|Altaria-Mega, F
|-mega|p1a: Altaria|Altaria|Altarianite
|move|p2a: Sceptile|Giga Drain|p1a: Altaria
|-resisted|p1a: Altaria
|-damage|p1a: Altaria|281\/352
|-heal|p2a: Sceptile|247\/281|[from] drain|[of] p1a: Altaria
|move|p1a: Altaria|Frustration|p2a: Sceptile
|-supereffective|p2a: Sceptile
|-end|p2a: Sceptile|Substitute
|
|turn|4
|
|switch|p2a: Landorus-Therian|Landorus-Therian, M|375\/375
|-ability|p2a: Landorus-Therian|Intimidate|[of] p1a: Altaria
|-unboost|p1a: Altaria|atk|1
|move|p1a: Altaria|Frustration|p2a: Landorus-Therian
|-damage|p2a: Landorus-Therian|288\/375
|
|-heal|p2a: Landorus-Therian|311\/375|[from] item: Leftovers
|turn|5
|c|âLordRay|hmm if u had let me set up on u
|
|switch|p1a: Chesnaught|Chesnaught, M|380\/380
|move|p2a: Landorus-Therian|Stealth Rock|p1a: Chesnaught
|-sidestart|p1: LordRay|move: Stealth Rock
|
|-heal|p2a: Landorus-Therian|334\/375|[from] item: Leftovers
|turn|6
|
|move|p2a: Landorus-Therian|U-turn|p1a: Chesnaught
|-damage|p1a: Chesnaught|328\/380
|
|switch|p2a: Latias|Latias, F|319\/319
|move|p1a: Chesnaught|Super Fang|p2a: Latias|[miss]
|-miss|p1a: Chesnaught|p2a: Latias
|
|-heal|p1a: Chesnaught|351\/380|[from] item: Leftovers
|turn|7
|
|switch|p2a: Greninja|Greninja, F|285\/285
|switch|p1a: Magnezone|Magnezone|344\/344
|-damage|p1a: Magnezone|323\/344|[from] Stealth Rock
|
|turn|8
|
|move|p2a: Greninja|Hidden Power|p1a: Magnezone
|-start|p2a: Greninja|typechange|Fire|[from] Protean
|-supereffective|p1a: Magnezone
|-damage|p1a: Magnezone|86\/344
|-damage|p2a: Greninja|257\/285|[from] item: Life Orb
|move|p1a: Magnezone|Flash Cannon|p2a: Greninja
|-resisted|p2a: Greninja
|-damage|p2a: Greninja|156\/285
|-unboost|p2a: Greninja|spd|1
|
|turn|9
|c|âLordRay|welp im not specs
|
|move|p2a: Greninja|Hydro Pump|p1a: Magnezone
|-start|p2a: Greninja|typechange|Water|[from] Protean
|-damage|p1a: Magnezone|0 fnt
|-damage|p2a: Greninja|128\/285|[from] item: Life Orb
|faint|p1a: Magnezone
|
|c|âLordRay|gotta edit tht
|c|âterry41|i see that hp investment kicking in
|c|âLordRay|haha
|
|switch|p1a: Keldeo-Resolute|Keldeo-Resolute|323\/323
|-damage|p1a: Keldeo-Resolute|303\/323|[from] Stealth Rock
|turn|10
|
|switch|p2a: Azumarill|Azumarill, F|381\/381
|move|p1a: Keldeo-Resolute|Scald|p2a: Azumarill
|-resisted|p2a: Azumarill
|-damage|p2a: Azumarill|281\/381
|
|turn|11
|c|âLordRay|gah
|
|move|p1a: Keldeo-Resolute|Scald|p2a: Azumarill
|-resisted|p2a: Azumarill
|-damage|p2a: Azumarill|191\/381
|move|p2a: Azumarill|Play Rough|p1a: Keldeo-Resolute
|-supereffective|p1a: Keldeo-Resolute
|-damage|p1a: Keldeo-Resolute|0 fnt
|faint|p1a: Keldeo-Resolute
|
|
|switch|p1a: Greninja|Greninja, M|285\/285
|-damage|p1a: Greninja|250\/285|[from] Stealth Rock
|turn|12
|
|switch|p2a: Landorus-Therian|Landorus-Therian, M|334\/375
|-ability|p2a: Landorus-Therian|Intimidate|[of] p1a: Greninja
|-unboost|p1a: Greninja|atk|1
|move|p1a: Greninja|Gunk Shot|p2a: Landorus-Therian
|-start|p1a: Greninja|typechange|Poison|[from] Protean
|-resisted|p2a: Landorus-Therian
|-damage|p2a: Landorus-Therian|289\/375
|-status|p2a: Landorus-Therian|psn
|-damage|p1a: Greninja|222\/285|[from] item: Life Orb
|
|-heal|p2a: Landorus-Therian|312\/375 psn|[from] item: Leftovers
|-damage|p2a: Landorus-Therian|266\/375 psn|[from] psn
|turn|13
|c|âLordRay|i want to rematch
|c|âLordRay|i shouldnt have let mag die
|c|âterry41|sure
|
|move|p1a: Greninja|Gunk Shot|p2a: Landorus-Therian
|-resisted|p2a: Landorus-Therian
|-damage|p2a: Landorus-Therian|219\/375 psn
|-damage|p1a: Greninja|194\/285|[from] item: Life Orb
|move|p2a: Landorus-Therian|U-turn|p1a: Greninja
|-resisted|p1a: Greninja
|-damage|p1a: Greninja|142\/285
|c|âterry41|why no ice beam?
|
|switch|p2a: Talonflame|Talonflame, M|297\/297
|
|turn|14
|c|âLordRay|thought u were gonna double into gren
|c|âterry41|im hp fire ur faster than me
|c|âLordRay|true
|c|âLordRay|this is my failed logic
|
|switch|p1a: Hippowdon|Hippowdon, F|420\/420
|-damage|p1a: Hippowdon|394\/420|[from] Stealth Rock
|move|p2a: Talonflame|Brave Bird|p1a: Hippowdon
|-damage|p1a: Hippowdon|270\/420
|-damage|p2a: Talonflame|256\/297|[from] recoil|[of] p1a: Hippowdon
|
|-heal|p1a: Hippowdon|296\/420|[from] item: Leftovers
|turn|15
|c|âLordRay|i want to be a more consistent player
|
|switch|p2a: Azumarill|Azumarill, F|191\/381
|move|p1a: Hippowdon|Stealth Rock|p2a: Azumarill
|-sidestart|p2: terry41|move: Stealth Rock
|
|-heal|p1a: Hippowdon|322\/420|[from] item: Leftovers
|turn|16
|c|âterry41|to be more consistent because i dont even feel that good the sercet is taking alot of ass whoopins
|c|âLordRay|lol so battling alot?
|
|switch|p1a: Altaria|Altaria-Mega, F|281\/352
|-damage|p1a: Altaria|237\/352|[from] Stealth Rock
|move|p2a: Azumarill|Play Rough|p1a: Altaria
|-supereffective|p1a: Altaria
|-damage|p1a: Altaria|0 fnt
|faint|p1a: Altaria
|
|
|switch|p1a: Hippowdon|Hippowdon, F|322\/420
|-damage|p1a: Hippowdon|296\/420|[from] Stealth Rock
|turn|17
|c|âterry41|yes but also trying to understand what ur weak too and bettering urself from it
|
|move|p2a: Azumarill|Play Rough|p1a: Hippowdon
|-damage|p1a: Hippowdon|167\/420
|move|p1a: Hippowdon|Slack Off|p1a: Hippowdon
|-heal|p1a: Hippowdon|377\/420
|
|-heal|p1a: Hippowdon|403\/420|[from] item: Leftovers
|turn|18
|c|âLordRay|im weak to predictions
|
|switch|p2a: Sceptile|Sceptile-Mega, F|247\/281
|-damage|p2a: Sceptile|212\/281|[from] Stealth Rock
|move|p1a: Hippowdon|Stone Edge|p2a: Sceptile
|-damage|p2a: Sceptile|90\/281
|
|-heal|p1a: Hippowdon|420\/420|[from] item: Leftovers
|turn|19
|c|âLordRay|rematch
|-message|LordRay forfeited.
|leave|LordRay
|c|âterry41|sure
|
|win|terry41
|player|p1