|join|terry41
|join|Soulmeister
|player|p1|terry41|17
|player|p2|Soulmeister|277
|gametype|singles
|gen|6
|tier|OU
|clearpoke
|poke|p1|Beedrill, M
|poke|p1|Landorus-Therian, M
|poke|p1|Ferrothorn, M
|poke|p1|Rotom-Wash
|poke|p1|Latios, M
|poke|p1|Talonflame, M
|poke|p2|Beedrill, M
|poke|p2|Espeon, M
|poke|p2|Ferrothorn, F
|poke|p2|Greninja, M
|poke|p2|Latias, F
|poke|p2|Talonflame, M
|rule|Swagger Clause: Swagger is banned
|rule|Baton Pass Clause: Limit one PokÃ©mon knowing Baton Pass
|rule|Sleep Clause Mod: Limit one foe put to sleep
|rule|Species Clause: Limit one of each PokÃ©mon
|rule|OHKO Clause: OHKO moves are banned
|rule|Moody Clause: Moody is banned
|rule|Evasion Moves Clause: Evasion moves are banned
|rule|Endless Battle Clause: Forcing endless battles is banned
|rule|HP Percentage Mod: HP is shown in percentages
|teampreview
|
|start
|switch|p1a: Ferrothorn|Ferrothorn, M|352\/352
|switch|p2a: Ferrothorn|Ferrothorn, F|339\/339
|turn|1
|
|move|p1a: Ferrothorn|Gyro Ball|p2a: Ferrothorn
|-resisted|p2a: Ferrothorn
|-damage|p2a: Ferrothorn|328\/339
|-damage|p1a: Ferrothorn|308\/352|[from] ability: Iron Barbs|[of] p2a: Ferrothorn
|-damage|p1a: Ferrothorn|250\/352|[from] item: Rocky Helmet|[of] p2a: Ferrothorn
|move|p2a: Ferrothorn|Stealth Rock|p1a: Ferrothorn
|-sidestart|p1: terry41|move: Stealth Rock
|
|-heal|p1a: Ferrothorn|272\/352|[from] item: Leftovers
|turn|2
|
|switch|p2a: Espeon|Espeon, M|272\/272
|move|p1a: Ferrothorn|Gyro Ball|p2a: Espeon
|-damage|p2a: Espeon|11\/272
|
|-heal|p1a: Ferrothorn|294\/352|[from] item: Leftovers
|turn|3
|c|âterry41|why redo though
|
|switch|p2a: Ferrothorn|Ferrothorn, F|328\/339
|move|p1a: Ferrothorn|Gyro Ball|p2a: Ferrothorn
|-resisted|p2a: Ferrothorn
|-damage|p2a: Ferrothorn|319\/339
|-damage|p1a: Ferrothorn|250\/352|[from] ability: Iron Barbs|[of] p2a: Ferrothorn
|-damage|p1a: Ferrothorn|192\/352|[from] item: Rocky Helmet|[of] p2a: Ferrothorn
|
|-heal|p1a: Ferrothorn|214\/352|[from] item: Leftovers
|turn|4
|c|âSoulmeister|trying to make this team better
|
|move|p1a: Ferrothorn|Stealth Rock|p2a: Ferrothorn
|-sidestart|p2: Soulmeister|move: Stealth Rock
|move|p2a: Ferrothorn|Power Whip|p1a: Ferrothorn|[miss]
|-miss|p2a: Ferrothorn|p1a: Ferrothorn
|
|-heal|p1a: Ferrothorn|236\/352|[from] item: Leftovers
|turn|5
|
|switch|p2a: Latias|Latias, F|329\/329
|-damage|p2a: Latias|288\/329|[from] Stealth Rock
|move|p1a: Ferrothorn|Protect|p1a: Ferrothorn
|-fail|p1a: Ferrothorn
|
|-heal|p1a: Ferrothorn|258\/352|[from] item: Leftovers
|turn|6
|
|move|p2a: Latias|Defog|p1a: Ferrothorn
|-unboost|p1a: Ferrothorn|evasion|1
|-sideend|p1: terry41|Stealth Rock|[from] move: Defog|[of] p1a: Ferrothorn
|-sideend|p2: Soulmeister|Stealth Rock|[from] move: Defog|[of] p2a: Latias
|move|p1a: Ferrothorn|Leech Seed|p2a: Latias
|-start|p2a: Latias|move: Leech Seed
|
|-heal|p1a: Ferrothorn|280\/352|[from] item: Leftovers
|-damage|p2a: Latias|247\/329|[from] Leech Seed|[of] p1a: Ferrothorn
|-heal|p1a: Ferrothorn|321\/352|[silent]
|turn|7
|
|move|p2a: Latias|Healing Wish|p2a: Latias
|faint|p2a: Latias
|move|p1a: Ferrothorn|Gyro Ball|p2: Latias|[notarget]
|-notarget
|
|-heal|p1a: Ferrothorn|343\/352|[from] item: Leftovers
|
|switch|p2a: Espeon|Espeon, M|11\/272
|-heal|p2a: Espeon|272\/272|[from] move: Healing Wish
|turn|8
|
|switch|p2a: Ferrothorn|Ferrothorn, F|319\/339
|move|p1a: Ferrothorn|Gyro Ball|p2a: Ferrothorn
|-resisted|p2a: Ferrothorn
|-damage|p2a: Ferrothorn|308\/339
|-damage|p1a: Ferrothorn|299\/352|[from] ability: Iron Barbs|[of] p2a: Ferrothorn
|-damage|p1a: Ferrothorn|241\/352|[from] item: Rocky Helmet|[of] p2a: Ferrothorn
|
|-heal|p1a: Ferrothorn|263\/352|[from] item: Leftovers
|turn|9
|
|switch|p2a: Talonflame|Talonflame, M|298\/298
|move|p1a: Ferrothorn|Stealth Rock|p2a: Talonflame
|-sidestart|p2: Soulmeister|move: Stealth Rock
|
|-heal|p1a: Ferrothorn|285\/352|[from] item: Leftovers
|turn|10
|
|move|p2a: Talonflame|Flare Blitz|p1a: Ferrothorn
|-supereffective|p1a: Ferrothorn
|-damage|p1a: Ferrothorn|0 fnt
|-damage|p2a: Talonflame|261\/298|[from] ability: Iron Barbs|[of] p1a: Ferrothorn
|-damage|p2a: Talonflame|167\/298|[from] recoil|[of] p1a: Ferrothorn
|faint|p1a: Ferrothorn
|
|
|switch|p1a: Rotom-Wash|Rotom-Wash|304\/304
|turn|11
|
|move|p2a: Talonflame|U-turn|p1a: Rotom-Wash
|-damage|p1a: Rotom-Wash|260\/304
|
|switch|p2a: Espeon|Espeon, M|272\/272
|-damage|p2a: Espeon|238\/272|[from] Stealth Rock
|move|p1a: Rotom-Wash|Volt Switch|p2a: Espeon
|-damage|p2a: Espeon|150\/272
|
|switch|p1a: Landorus-Therian|Landorus-Therian, M|320\/320
|-ability|p1a: Landorus-Therian|Intimidate|[of] p2a: Espeon
|-unboost|p2a: Espeon|atk|1
|
|turn|12
|
|switch|p2a: Ferrothorn|Ferrothorn, F|308\/339
|-damage|p2a: Ferrothorn|287\/339|[from] Stealth Rock
|move|p1a: Landorus-Therian|U-turn|p2a: Ferrothorn
|-damage|p2a: Ferrothorn|217\/339
|-damage|p1a: Landorus-Therian|280\/320|[from] ability: Iron Barbs|[of] p2a: Ferrothorn
|-damage|p1a: Landorus-Therian|227\/320|[from] item: Rocky Helmet|[of] p2a: Ferrothorn
|c|âSoulmeister|yum
|
|switch|p1a: Talonflame|Talonflame, M|298\/298
|
|turn|13
|
|move|p1a: Talonflame|Flare Blitz|p2a: Ferrothorn
|-supereffective|p2a: Ferrothorn
|-damage|p2a: Ferrothorn|0 fnt
|-damage|p1a: Talonflame|261\/298|[from] ability: Iron Barbs|[of] p2a: Ferrothorn
|-damage|p1a: Talonflame|212\/298|[from] item: Rocky Helmet|[of] p2a: Ferrothorn
|-damage|p1a: Talonflame|140\/298|[from] recoil|[of] p2a: Ferrothorn
|faint|p2a: Ferrothorn
|
|
|switch|p2a: Espeon|Espeon, M|150\/272
|-damage|p2a: Espeon|116\/272|[from] Stealth Rock
|turn|14
|
|move|p1a: Talonflame|Brave Bird|p2a: Espeon
|-damage|p2a: Espeon|0 fnt
|-damage|p1a: Talonflame|102\/298|[from] recoil|[of] p2a: Espeon
|faint|p2a: Espeon
|
|
|switch|p2a: Greninja|Greninja, M|285\/285
|-damage|p2a: Greninja|250\/285|[from] Stealth Rock
|turn|15
|
|switch|p2a: Talonflame|Talonflame, M|167\/298
|-damage|p2a: Talonflame|18\/298|[from] Stealth Rock
|move|p1a: Talonflame|Brave Bird|p2a: Talonflame
|-damage|p2a: Talonflame|0 fnt
|-damage|p1a: Talonflame|96\/298|[from] recoil|[of] p2a: Talonflame
|faint|p2a: Talonflame
|
|c|âSoulmeister|fuck man
|
|switch|p2a: Greninja|Greninja, M|250\/285
|-damage|p2a: Greninja|215\/285|[from] Stealth Rock
|turn|16
|
|move|p1a: Talonflame|Brave Bird|p2a: Greninja
|-damage|p2a: Greninja|0 fnt
|-damage|p1a: Talonflame|25\/298|[from] recoil|[of] p2a: Greninja
|faint|p2a: Greninja
|
|leave|Soulmeister
|player|p2
|-message|Player 2 lost due to inactivity.
|
|win|terry41