|join|Inescapable Blue
|join|terry41
|player|p1|Inescapable Blue|290
|player|p2|terry41|17
|gametype|singles
|gen|6
|tier|OU
|rated
|clearpoke
|poke|p1|Smeargle, M
|poke|p1|Espeon, F
|poke|p1|Whimsicott, M, shiny
|poke|p1|Gothitelle, F, shiny
|poke|p1|Azelf, shiny
|poke|p1|Clefable, M
|poke|p2|Greninja, M
|poke|p2|Lopunny, F
|poke|p2|Tyranitar, M
|poke|p2|Excadrill, M
|poke|p2|Latios, M
|poke|p2|Talonflame, F
|rule|Swagger Clause: Swagger is banned
|rule|Baton Pass Clause: Limit one PokÃ©mon knowing Baton Pass
|rule|Sleep Clause Mod: Limit one foe put to sleep
|rule|Species Clause: Limit one of each PokÃ©mon
|rule|OHKO Clause: OHKO moves are banned
|rule|Moody Clause: Moody is banned
|rule|Evasion Moves Clause: Evasion moves are banned
|rule|Endless Battle Clause: Forcing endless battles is banned
|rule|HP Percentage Mod: HP is shown in percentages
|teampreview
|
|start
|switch|p1a: Azelf|Azelf, shiny|354\/354
|switch|p2a: Lola|Lopunny, F|271\/271
|turn|1
|
|detailschange|p2a: Lola|Lopunny-Mega, F
|-mega|p2a: Lola|Lopunny|Lopunnite
|move|p2a: Lola|Fake Out|p1a: Azelf
|-damage|p1a: Azelf|249\/354
|cant|p1a: Azelf|flinch
|
|turn|2
|
|move|p2a: Lola|Return|p1a: Azelf
|-damage|p1a: Azelf|0 fnt
|faint|p1a: Azelf
|
|
|switch|p1a: Gothitelle|Gothitelle, F, shiny|301\/301
|turn|3
|
|move|p2a: Lola|Return|p1a: Gothitelle
|-damage|p1a: Gothitelle|94\/301
|move|p1a: Gothitelle|Psychic|p2a: Lola
|-supereffective|p2a: Lola
|-damage|p2a: Lola|25\/271
|
|turn|4
|
|move|p2a: Lola|Return|p1a: Gothitelle
|-damage|p1a: Gothitelle|0 fnt
|faint|p1a: Gothitelle
|
|
|switch|p1a: Clefable|Clefable, M|331\/331
|turn|5
|
|move|p2a: Lola|Return|p1a: Clefable
|-damage|p1a: Clefable|79\/331
|move|p1a: Clefable|Moonblast|p2a: Lola
|-supereffective|p2a: Lola
|-damage|p2a: Lola|0 fnt
|faint|p2a: Lola
|
|-heal|p1a: Clefable|99\/331|[from] item: Leftovers
|
|switch|p2a: Bonnie|Talonflame, F|297\/297
|turn|6
|
|move|p2a: Bonnie|Swords Dance|p2a: Bonnie
|-boost|p2a: Bonnie|atk|2
|move|p1a: Clefable|Moonlight|p1a: Clefable
|-heal|p1a: Clefable|264\/331
|
|-heal|p1a: Clefable|284\/331|[from] item: Leftovers
|turn|7
|
|move|p2a: Bonnie|Brave Bird|p1a: Clefable
|-damage|p1a: Clefable|32\/331
|-damage|p2a: Bonnie|214\/297|[from] recoil|[of] p1a: Clefable
|move|p1a: Clefable|Calm Mind|p1a: Clefable
|-boost|p1a: Clefable|spa|1
|-boost|p1a: Clefable|spd|1
|
|-heal|p1a: Clefable|52\/331|[from] item: Leftovers
|turn|8
|-message|Inescapable Blue forfeited.
|leave|Inescapable Blue
|
|win|terry41
|raw|Ladder updating...
|player|p1
|raw|Inescapable Blue's rating: 1728 &rarr; <strong>1701<\/strong><br \/>(-27 for losing)
|raw|terry41's rating: 1604 &rarr; <strong>1631<\/strong><br \/>(+27 for winning)