|join|terry41
|join|Coatay
|player|p1|terry41|17
|player|p2|Coatay|2
|gametype|singles
|gen|6
|tier|OU
|rated
|clearpoke
|poke|p1|Heracross, F
|poke|p1|Rotom-Wash
|poke|p1|Tyranitar, F
|poke|p1|Excadrill, F
|poke|p1|Latios, M
|poke|p1|Talonflame, F
|poke|p2|Politoed, M
|poke|p2|Claydol
|poke|p2|Manaphy, shiny
|poke|p2|Amoonguss, F
|poke|p2|Kabutops, M
|poke|p2|Scizor, F
|rule|Swagger Clause: Swagger is banned
|rule|Baton Pass Clause: Limit one PokÃ©mon knowing Baton Pass
|rule|Sleep Clause Mod: Limit one foe put to sleep
|rule|Species Clause: Limit one of each PokÃ©mon
|rule|OHKO Clause: OHKO moves are banned
|rule|Moody Clause: Moody is banned
|rule|Evasion Moves Clause: Evasion moves are banned
|rule|Endless Battle Clause: Forcing endless battles is banned
|rule|HP Percentage Mod: HP is shown in percentages
|teampreview
|
|start
|switch|p1a: Heracross|Heracross, F|301\/301
|switch|p2a: Scizor|Scizor, F|344\/344
|turn|1
|
|detailschange|p1a: Heracross|Heracross-Mega, F
|message|Heracross has Mega Evolved into Mega Heracross!
|detailschange|p2a: Scizor|Scizor-Mega, F
|message|Scizor has Mega Evolved into Mega Scizor!
|move|p1a: Heracross|Close Combat|p2a: Scizor
|-crit|p2a: Scizor
|-damage|p2a: Scizor|0 fnt
|-unboost|p1a: Heracross|def|1
|-unboost|p1a: Heracross|spd|1
|faint|p2a: Scizor
|
|
|switch|p2a: Politoed|Politoed, M|384\/384
|-weather|RainDance
|turn|2
|
|switch|p1a: Rotom-Wash|Rotom-Wash|304\/304
|switch|p2a: Claydol|Claydol|324\/324
|
|-weather|RainDance|[upkeep]
|turn|3
|
|move|p1a: Rotom-Wash|Will-O-Wisp|p2a: Claydol
|-status|p2a: Claydol|brn
|move|p2a: Claydol|Stealth Rock|p1a: Rotom-Wash
|-sidestart|p1: terry41|move: Stealth Rock
|
|-weather|RainDance|[upkeep]
|-damage|p2a: Claydol|284\/324 brn|[from] brn
|turn|4
|
|switch|p2a: Amoonguss|Amoonguss, F|432\/432
|move|p1a: Rotom-Wash|Hydro Pump|p2a: Amoonguss
|-resisted|p2a: Amoonguss
|-damage|p2a: Amoonguss|329\/432
|
|-weather|RainDance|[upkeep]
|-heal|p2a: Amoonguss|356\/432|[from] item: Black Sludge
|turn|5
|
|move|p1a: Rotom-Wash|Volt Switch|p2a: Amoonguss
|-resisted|p2a: Amoonguss
|-damage|p2a: Amoonguss|308\/432
|
|switch|p1a: Latios|Latios, M|302\/302
|-damage|p1a: Latios|265\/302|[from] Stealth Rock
|move|p2a: Amoonguss|Spore|p1a: Latios
|-status|p1a: Latios|slp
|
|-weather|RainDance|[upkeep]
|-heal|p2a: Amoonguss|335\/432|[from] item: Black Sludge
|turn|6
|
|switch|p1a: Tyranitar|Tyranitar, F|403\/403
|-damage|p1a: Tyranitar|353\/403|[from] Stealth Rock
|-weather|Sandstorm
|switch|p2a: Kabutops|Kabutops, M|262\/262
|
|-weather|Sandstorm|[upkeep]
|-heal|p1a: Tyranitar|378\/403|[from] item: Leftovers
|turn|7
|
|move|p2a: Kabutops|Low Kick|p1a: Tyranitar
|-supereffective|p1a: Tyranitar
|-damage|p1a: Tyranitar|0 fnt
|-damage|p2a: Kabutops|236\/262|[from] item: Life Orb
|faint|p1a: Tyranitar
|
|-weather|Sandstorm|[upkeep]
|
|switch|p1a: Excadrill|Excadrill, F|362\/362
|-damage|p1a: Excadrill|351\/362|[from] Stealth Rock
|turn|8
|
|switch|p2a: Claydol|Claydol|284\/324 brn
|move|p1a: Excadrill|Rapid Spin|p2a: Claydol
|-damage|p2a: Claydol|255\/324 brn
|-sideend|p1: terry41|Stealth Rock|[from] move: Rapid Spin|[of] p1a: Excadrill
|-damage|p1a: Excadrill|315\/362|[from] item: Life Orb
|
|-weather|Sandstorm|[upkeep]
|-heal|p2a: Claydol|275\/324 brn|[from] item: Leftovers
|-damage|p2a: Claydol|235\/324 brn|[from] brn
|turn|9
|
|switch|p2a: Politoed|Politoed, M|384\/384
|-weather|RainDance
|move|p1a: Excadrill|Iron Head|p2a: Politoed
|-resisted|p2a: Politoed
|-damage|p2a: Politoed|298\/384
|-damage|p1a: Excadrill|279\/362|[from] item: Life Orb
|
|-weather|RainDance|[upkeep]
|turn|10
|
|switch|p2a: Claydol|Claydol|235\/324 brn
|move|p1a: Excadrill|Earthquake|p2a: Claydol
|-immune|p2a: Claydol|[msg]
|
|-weather|RainDance|[upkeep]
|-heal|p2a: Claydol|255\/324 brn|[from] item: Leftovers
|-damage|p2a: Claydol|215\/324 brn|[from] brn
|turn|11
|
|move|p1a: Excadrill|Iron Head|p2a: Claydol
|-damage|p2a: Claydol|55\/324 brn
|-damage|p1a: Excadrill|243\/362|[from] item: Life Orb
|move|p2a: Claydol|Stealth Rock|p1a: Excadrill
|-sidestart|p1: terry41|move: Stealth Rock
|
|-weather|RainDance|[upkeep]
|-heal|p2a: Claydol|75\/324 brn|[from] item: Leftovers
|-damage|p2a: Claydol|35\/324 brn|[from] brn
|turn|12
|
|move|p1a: Excadrill|Earthquake|p2a: Claydol
|-immune|p2a: Claydol|[msg]
|move|p2a: Claydol|Stealth Rock|p1a: Excadrill
|-fail|p1a: Excadrill
|
|-weather|RainDance|[upkeep]
|-heal|p2a: Claydol|55\/324 brn|[from] item: Leftovers
|-damage|p2a: Claydol|15\/324 brn|[from] brn
|turn|13
|
|move|p1a: Excadrill|Rapid Spin|p2a: Claydol
|-damage|p2a: Claydol|0 fnt
|-sideend|p1: terry41|Stealth Rock|[from] move: Rapid Spin|[of] p1a: Excadrill
|-damage|p1a: Excadrill|207\/362|[from] item: Life Orb
|faint|p2a: Claydol
|
|-weather|RainDance|[upkeep]
|
|switch|p2a: Kabutops|Kabutops, M|236\/262
|turn|14
|
|switch|p1a: Latios|Latios, M|265\/302 slp
|move|p2a: Kabutops|Waterfall|p1a: Latios
|-resisted|p1a: Latios
|-damage|p1a: Latios|95\/302 slp
|-damage|p2a: Kabutops|210\/262|[from] item: Life Orb
|
|-weather|RainDance|[upkeep]
|turn|15
|
|cant|p1a: Latios|slp
|move|p2a: Kabutops|Waterfall|p1a: Latios
|-resisted|p1a: Latios
|-damage|p1a: Latios|0 fnt
|-damage|p2a: Kabutops|184\/262|[from] item: Life Orb
|faint|p1a: Latios
|
|-weather|RainDance|[upkeep]
|
|switch|p1a: Heracross|Heracross-Mega, F|301\/301
|turn|16
|
|switch|p2a: Amoonguss|Amoonguss, F|432\/432
|move|p1a: Heracross|Close Combat|p2a: Amoonguss
|-resisted|p2a: Amoonguss
|-damage|p2a: Amoonguss|270\/432
|-unboost|p1a: Heracross|def|1
|-unboost|p1a: Heracross|spd|1
|
|-weather|none
|-heal|p2a: Amoonguss|297\/432|[from] item: Black Sludge
|turn|17
|
|move|p1a: Heracross|Pin Missile|p2a: Amoonguss
|-damage|p2a: Amoonguss|236\/432
|-damage|p2a: Amoonguss|172\/432
|-damage|p2a: Amoonguss|103\/432
|-damage|p2a: Amoonguss|40\/432
|-damage|p2a: Amoonguss|0 fnt
|-hitcount|p2a: Amoonguss|5
|faint|p2a: Amoonguss
|
|
|switch|p2a: Manaphy|Manaphy, shiny|404\/404
|turn|18
|
|switch|p1a: Rotom-Wash|Rotom-Wash|304\/304
|move|p2a: Manaphy|Psychic|p1a: Rotom-Wash
|-damage|p1a: Rotom-Wash|228\/304
|
|-heal|p1a: Rotom-Wash|247\/304|[from] item: Leftovers
|turn|19
|
|move|p2a: Manaphy|Tail Glow|p2a: Manaphy
|-boost|p2a: Manaphy|spa|3
|move|p1a: Rotom-Wash|Volt Switch|p2a: Manaphy
|-supereffective|p2a: Manaphy
|-damage|p2a: Manaphy|228\/404
|
|switch|p1a: Talonflame|Talonflame, F|319\/319
|
|-heal|p2a: Manaphy|253\/404|[from] item: Leftovers
|turn|20
|
|move|p1a: Talonflame|Brave Bird|p2a: Manaphy
|-damage|p2a: Manaphy|62\/404
|-damage|p1a: Talonflame|256\/319|[from] recoil|[of] p2a: Manaphy
|-damage|p1a: Talonflame|225\/319|[from] item: Life Orb
|move|p2a: Manaphy|Surf|p1a: Talonflame
|-supereffective|p1a: Talonflame
|-damage|p1a: Talonflame|0 fnt
|faint|p1a: Talonflame
|
|-heal|p2a: Manaphy|87\/404|[from] item: Leftovers
|
|switch|p1a: Excadrill|Excadrill, F|207\/362
|turn|21
|
|switch|p2a: Politoed|Politoed, M|298\/384
|-weather|RainDance
|move|p1a: Excadrill|Earthquake|p2a: Politoed
|-crit|p2a: Politoed
|-damage|p2a: Politoed|0 fnt
|-damage|p1a: Excadrill|171\/362|[from] item: Life Orb
|faint|p2a: Politoed
|
|-weather|RainDance|[upkeep]
|
|switch|p2a: Kabutops|Kabutops, M|184\/262
|turn|22
|
|move|p2a: Kabutops|Waterfall|p1a: Excadrill
|-supereffective|p1a: Excadrill
|-damage|p1a: Excadrill|0 fnt
|-damage|p2a: Kabutops|158\/262|[from] item: Life Orb
|faint|p1a: Excadrill
|
|-weather|RainDance|[upkeep]
|
|switch|p1a: Rotom-Wash|Rotom-Wash|247\/304
|turn|23
|
|move|p2a: Kabutops|Stone Edge|p1a: Rotom-Wash
|-crit|p1a: Rotom-Wash
|-damage|p1a: Rotom-Wash|20\/304
|-damage|p2a: Kabutops|132\/262|[from] item: Life Orb
|move|p1a: Rotom-Wash|Volt Switch|p2a: Kabutops
|-supereffective|p2a: Kabutops
|-damage|p2a: Kabutops|0 fnt
|faint|p2a: Kabutops
|
|switch|p1a: Heracross|Heracross-Mega, F|301\/301
|
|-weather|RainDance|[upkeep]
|
|switch|p2a: Manaphy|Manaphy, shiny|87\/404
|turn|24
|
|move|p2a: Manaphy|Rest|p2a: Manaphy
|-status|p2a: Manaphy|slp
|-heal|p2a: Manaphy|404\/404 slp|[silent]
|-status|p2a: Manaphy|slp|[from] move: Rest
|move|p1a: Heracross|Pin Missile|p2a: Manaphy
|-damage|p2a: Manaphy|340\/404 slp
|-damage|p2a: Manaphy|280\/404 slp
|-damage|p2a: Manaphy|214\/404 slp
|-crit|p2a: Manaphy
|-damage|p2a: Manaphy|123\/404 slp
|-damage|p2a: Manaphy|60\/404 slp
|-hitcount|p2a: Manaphy|5
|
|-weather|RainDance|[upkeep]
|-curestatus|p2a: Manaphy|slp
|-heal|p2a: Manaphy|85\/404|[from] item: Leftovers
|turn|25
|
|move|p2a: Manaphy|Rest|p2a: Manaphy
|-status|p2a: Manaphy|slp
|-heal|p2a: Manaphy|404\/404 slp|[silent]
|-status|p2a: Manaphy|slp|[from] move: Rest
|move|p1a: Heracross|Pin Missile|p2a: Manaphy
|-damage|p2a: Manaphy|343\/404 slp
|-damage|p2a: Manaphy|280\/404 slp
|-damage|p2a: Manaphy|211\/404 slp
|-damage|p2a: Manaphy|141\/404 slp
|-damage|p2a: Manaphy|75\/404 slp
|-hitcount|p2a: Manaphy|5
|
|-weather|RainDance|[upkeep]
|-curestatus|p2a: Manaphy|slp
|-heal|p2a: Manaphy|100\/404|[from] item: Leftovers
|turn|26
|
|move|p2a: Manaphy|Rest|p2a: Manaphy
|-status|p2a: Manaphy|slp
|-heal|p2a: Manaphy|404\/404 slp|[silent]
|-status|p2a: Manaphy|slp|[from] move: Rest
|move|p1a: Heracross|Pin Missile|p2a: Manaphy
|-damage|p2a: Manaphy|343\/404 slp
|-damage|p2a: Manaphy|283\/404 slp
|-damage|p2a: Manaphy|219\/404 slp
|-damage|p2a: Manaphy|153\/404 slp
|-damage|p2a: Manaphy|89\/404 slp
|-hitcount|p2a: Manaphy|5
|
|-weather|RainDance|[upkeep]
|-curestatus|p2a: Manaphy|slp
|-heal|p2a: Manaphy|114\/404|[from] item: Leftovers
|turn|27
|
|move|p2a: Manaphy|Rest|p2a: Manaphy
|-status|p2a: Manaphy|slp
|-heal|p2a: Manaphy|404\/404 slp|[silent]
|-status|p2a: Manaphy|slp|[from] move: Rest
|move|p1a: Heracross|Pin Missile|p2a: Manaphy
|-damage|p2a: Manaphy|338\/404 slp
|-damage|p2a: Manaphy|269\/404 slp
|-crit|p2a: Manaphy
|-damage|p2a: Manaphy|179\/404 slp
|-damage|p2a: Manaphy|118\/404 slp
|-damage|p2a: Manaphy|57\/404 slp
|-hitcount|p2a: Manaphy|5
|
|-weather|RainDance|[upkeep]
|-curestatus|p2a: Manaphy|slp
|-heal|p2a: Manaphy|82\/404|[from] item: Leftovers
|turn|28
|
|move|p2a: Manaphy|Rest|p2a: Manaphy
|-status|p2a: Manaphy|slp
|-heal|p2a: Manaphy|404\/404 slp|[silent]
|-status|p2a: Manaphy|slp|[from] move: Rest
|move|p1a: Heracross|Pin Missile|p2a: Manaphy
|-damage|p2a: Manaphy|343\/404 slp
|-damage|p2a: Manaphy|277\/404 slp
|-damage|p2a: Manaphy|214\/404 slp
|-damage|p2a: Manaphy|150\/404 slp
|-damage|p2a: Manaphy|90\/404 slp
|-hitcount|p2a: Manaphy|5
|
|-weather|none
|-heal|p2a: Manaphy|115\/404 slp|[from] item: Leftovers
|turn|29
|
|cant|p2a: Manaphy|slp
|move|p1a: Heracross|Pin Missile|p2a: Manaphy|[miss]
|-miss|p1a: Heracross|p2a: Manaphy
|
|-heal|p2a: Manaphy|140\/404 slp|[from] item: Leftovers
|turn|30
|
|cant|p2a: Manaphy|slp
|move|p1a: Heracross|Pin Missile|p2a: Manaphy
|-damage|p2a: Manaphy|79\/404 slp
|-damage|p2a: Manaphy|9\/404 slp
|-damage|p2a: Manaphy|0 fnt
|-hitcount|p2a: Manaphy|3
|faint|p2a: Manaphy
|
|win|terry41
|raw|Ladder updating...
|c|âterry41|gg
|leave|Coatay
|player|p2