|join|pye
|join|terry41
|player|p1|pye|59
|player|p2|terry41|17
|gametype|singles
|gen|6
|tier|OU
|rated
|clearpoke
|poke|p1|Talonflame, F
|poke|p1|Dugtrio, M
|poke|p1|Metagross
|poke|p1|Greninja, M
|poke|p1|Latias, F
|poke|p1|Ferrothorn, M
|poke|p2|Diancie
|poke|p2|Latias, F
|poke|p2|Talonflame, F
|poke|p2|Landorus-Therian, M
|poke|p2|Greninja, F
|poke|p2|Mamoswine, M
|rule|Swagger Clause: Swagger is banned
|rule|Baton Pass Clause: Limit one PokÃ©mon knowing Baton Pass
|rule|Sleep Clause Mod: Limit one foe put to sleep
|rule|Species Clause: Limit one of each PokÃ©mon
|rule|OHKO Clause: OHKO moves are banned
|rule|Moody Clause: Moody is banned
|rule|Evasion Moves Clause: Evasion moves are banned
|rule|Endless Battle Clause: Forcing endless battles is banned
|rule|HP Percentage Mod: HP is shown in percentages
|teampreview
|
|start
|switch|p1a: Ferrothorn|Ferrothorn, M|352\/352
|switch|p2a: Mamoswine|Mamoswine, M|361\/361
|turn|1
|
|move|p2a: Mamoswine|Stealth Rock|p1a: Ferrothorn
|-sidestart|p1: pye|move: Stealth Rock
|move|p1a: Ferrothorn|Spikes|p2a: Mamoswine
|-sidestart|p2: terry41|Spikes
|
|turn|2
|
|move|p2a: Mamoswine|Knock Off|p1a: Ferrothorn
|-damage|p1a: Ferrothorn|277\/352
|-damage|p2a: Mamoswine|316\/361|[from] ability: Iron Barbs|[of] p1a: Ferrothorn
|-enditem|p1a: Ferrothorn|Leftovers|[from] move: Knock Off|[of] p2a: Mamoswine
|move|p1a: Ferrothorn|Leech Seed|p2a: Mamoswine
|-start|p2a: Mamoswine|move: Leech Seed
|
|-damage|p2a: Mamoswine|271\/361|[from] Leech Seed|[of] p1a: Ferrothorn
|-heal|p1a: Ferrothorn|322\/352|[silent]
|turn|3
|
|move|p2a: Mamoswine|Earthquake|p1a: Ferrothorn
|-damage|p1a: Ferrothorn|201\/352
|move|p1a: Ferrothorn|Spikes|p2a: Mamoswine
|-sidestart|p2: terry41|Spikes
|
|-damage|p2a: Mamoswine|226\/361|[from] Leech Seed|[of] p1a: Ferrothorn
|-heal|p1a: Ferrothorn|246\/352|[silent]
|turn|4
|
|switch|p2a: Talonflame|Talonflame, F|297\/297
|move|p1a: Ferrothorn|Protect|p1a: Ferrothorn
|-fail|p1a: Ferrothorn
|
|turn|5
|
|move|p2a: Talonflame|Swords Dance|p2a: Talonflame
|-boost|p2a: Talonflame|atk|2
|move|p1a: Ferrothorn|Leech Seed|p2a: Talonflame
|-start|p2a: Talonflame|move: Leech Seed
|
|-damage|p2a: Talonflame|260\/297|[from] Leech Seed|[of] p1a: Ferrothorn
|-heal|p1a: Ferrothorn|283\/352|[silent]
|turn|6
|
|move|p1a: Ferrothorn|Protect|p1a: Ferrothorn
|-singleturn|p1a: Ferrothorn|Protect
|move|p2a: Talonflame|Flare Blitz|p1a: Ferrothorn
|-activate|p1a: Ferrothorn|Protect
|
|-damage|p2a: Talonflame|223\/297|[from] Leech Seed|[of] p1a: Ferrothorn
|-heal|p1a: Ferrothorn|320\/352|[silent]
|turn|7
|
|move|p2a: Talonflame|Roost|p2a: Talonflame
|-heal|p2a: Talonflame|297\/297
|move|p1a: Ferrothorn|Knock Off|p2a: Talonflame
|-damage|p2a: Talonflame|203\/297
|-enditem|p2a: Talonflame|Sharp Beak|[from] move: Knock Off|[of] p1a: Ferrothorn
|
|-damage|p2a: Talonflame|166\/297|[from] Leech Seed|[of] p1a: Ferrothorn
|-heal|p1a: Ferrothorn|352\/352|[silent]
|turn|8
|
|move|p2a: Talonflame|Roost|p2a: Talonflame
|-heal|p2a: Talonflame|297\/297
|move|p1a: Ferrothorn|Knock Off|p2a: Talonflame
|-damage|p2a: Talonflame|232\/297
|
|-damage|p2a: Talonflame|195\/297|[from] Leech Seed|[of] p1a: Ferrothorn
|turn|9
|
|move|p2a: Talonflame|Flare Blitz|p1a: Ferrothorn
|-supereffective|p1a: Ferrothorn
|-damage|p1a: Ferrothorn|0 fnt
|-damage|p2a: Talonflame|158\/297|[from] ability: Iron Barbs|[of] p1a: Ferrothorn
|-damage|p2a: Talonflame|42\/297|[from] recoil|[of] p1a: Ferrothorn
|faint|p1a: Ferrothorn
|
|
|switch|p1a: Greninja|Greninja, M|285\/285
|-damage|p1a: Greninja|250\/285|[from] Stealth Rock
|turn|10
|
|move|p2a: Talonflame|Brave Bird|p1a: Greninja
|-damage|p1a: Greninja|0 fnt
|-damage|p2a: Talonflame|0 fnt|[from] recoil|[of] p1a: Greninja
|faint|p1a: Greninja
|faint|p2a: Talonflame
|
|
|switch|p1a: Dugtrio|Dugtrio, M|211\/211
|switch|p2a: Landorus-Therian|Landorus-Therian, M|320\/320
|-ability|p2a: Landorus-Therian|Intimidate|[of] p1a: Dugtrio
|-unboost|p1a: Dugtrio|atk|1
|-damage|p1a: Dugtrio|198\/211|[from] Stealth Rock
|turn|11
|
|move|p2a: Landorus-Therian|U-turn|p1a: Dugtrio
|-damage|p1a: Dugtrio|54\/211
|
|switch|p2a: Mamoswine|Mamoswine, M|226\/361
|-damage|p2a: Mamoswine|166\/361|[from] Spikes
|move|p1a: Dugtrio|Stealth Rock|p2a: Mamoswine
|-sidestart|p2: terry41|move: Stealth Rock
|
|turn|12
|
|move|p1a: Dugtrio|Earthquake|p2a: Mamoswine
|-damage|p2a: Mamoswine|72\/361
|move|p2a: Mamoswine|Icicle Spear|p1a: Dugtrio
|-supereffective|p1a: Dugtrio
|-damage|p1a: Dugtrio|0 fnt
|-hitcount|p1a: Dugtrio|1
|faint|p1a: Dugtrio
|
|
|switch|p1a: Talonflame|Talonflame, F|327\/327
|-damage|p1a: Talonflame|164\/327|[from] Stealth Rock
|turn|13
|
|switch|p1a: Metagross|Metagross|339\/339
|-damage|p1a: Metagross|318\/339|[from] Stealth Rock
|move|p2a: Mamoswine|Earthquake|p1a: Metagross
|-supereffective|p1a: Metagross
|-damage|p1a: Metagross|22\/339
|
|turn|14
|
|detailschange|p1a: Metagross|Metagross-Mega
|message|Metagross has Mega Evolved into Mega Metagross!
|move|p2a: Mamoswine|Earthquake|p1a: Metagross
|-supereffective|p1a: Metagross
|-damage|p1a: Metagross|0 fnt
|faint|p1a: Metagross
|
|
|switch|p1a: Talonflame|Talonflame, F|164\/327
|-damage|p1a: Talonflame|1\/327|[from] Stealth Rock
|turn|15
|
|move|p1a: Talonflame|Roost|p1a: Talonflame
|-heal|p1a: Talonflame|165\/327
|move|p2a: Mamoswine|Earthquake|p1a: Talonflame
|-supereffective|p1a: Talonflame
|-damage|p1a: Talonflame|0 fnt
|faint|p1a: Talonflame
|
|-message|pye forfeited.
|
|win|terry41
|raw|Ladder updating...
|leave|pye
|player|p1