|join|ryzed
|join|terry41
|player|p1|ryzed|266
|player|p2|terry41|17
|gametype|singles
|gen|6
|tier|OU
|rated
|clearpoke
|poke|p1|Lopunny, M
|poke|p1|Skarmory, M
|poke|p1|Breloom, F
|poke|p1|Azumarill, F
|poke|p1|Bisharp, M
|poke|p1|Gengar, M
|poke|p2|Metagross
|poke|p2|Volcarona, F
|poke|p2|Garchomp, M
|poke|p2|Starmie
|poke|p2|Bisharp, F
|poke|p2|Talonflame, F
|rule|Swagger Clause: Swagger is banned
|rule|Baton Pass Clause: Limit one PokÃ©mon knowing Baton Pass
|rule|Sleep Clause Mod: Limit one foe put to sleep
|rule|Species Clause: Limit one of each PokÃ©mon
|rule|OHKO Clause: OHKO moves are banned
|rule|Moody Clause: Moody is banned
|rule|Evasion Moves Clause: Evasion moves are banned
|rule|Endless Battle Clause: Forcing endless battles is banned
|rule|HP Percentage Mod: HP is shown in percentages
|teampreview
|
|start
|switch|p1a: Breloom|Breloom, F|261\/261
|switch|p2a: Garchomp|Garchomp, M|357\/357
|turn|1
|
|move|p2a: Garchomp|Stealth Rock|p1a: Breloom
|-sidestart|p1: ryzed|move: Stealth Rock
|move|p1a: Breloom|Spore|p2a: Garchomp
|-status|p2a: Garchomp|slp
|-enditem|p2a: Garchomp|Lum Berry|[eat]
|-curestatus|p2a: Garchomp|slp
|
|turn|2
|
|move|p2a: Garchomp|Dragon Claw|p1a: Breloom
|-damage|p1a: Breloom|96\/261
|move|p1a: Breloom|Spore|p2a: Garchomp
|-status|p2a: Garchomp|slp
|
|turn|3
|
|cant|p2a: Garchomp|slp
|move|p1a: Breloom|Bullet Seed|p2a: Garchomp
|-damage|p2a: Garchomp|288\/357 slp
|-damage|p2a: Garchomp|224\/357 slp
|-damage|p2a: Garchomp|157\/357 slp
|-hitcount|p2a: Garchomp|3
|
|turn|4
|
|cant|p2a: Garchomp|slp
|move|p1a: Breloom|Bullet Seed|p2a: Garchomp
|-damage|p2a: Garchomp|91\/357 slp
|-damage|p2a: Garchomp|24\/357 slp
|-damage|p2a: Garchomp|0 fnt
|-hitcount|p2a: Garchomp|3
|faint|p2a: Garchomp
|
|
|switch|p2a: Starmie|Starmie|261\/261
|turn|5
|
|move|p2a: Starmie|Psyshock|p1a: Breloom
|-supereffective|p1a: Breloom
|-damage|p1a: Breloom|0 fnt
|-damage|p2a: Starmie|235\/261|[from] item: Life Orb
|faint|p1a: Breloom
|
|
|switch|p1a: Lopunny|Lopunny, M|271\/271
|-damage|p1a: Lopunny|238\/271|[from] Stealth Rock
|turn|6
|
|detailschange|p1a: Lopunny|Lopunny-Mega, M
|-mega|p1a: Lopunny|Lopunny|Lopunnite
|move|p2a: Starmie|Psyshock|p1a: Lopunny
|-supereffective|p1a: Lopunny
|-damage|p1a: Lopunny|0 fnt
|-damage|p2a: Starmie|209\/261|[from] item: Life Orb
|faint|p1a: Lopunny
|
|-message|ryzed forfeited.
|
|win|terry41
|raw|Ladder updating...
|leave|ryzed
|player|p1
|raw|ryzed's rating: 1689 &rarr; <strong>1663<\/strong><br \/>(-26 for losing)
|raw|terry41's rating: 1596 &rarr; <strong>1621<\/strong><br \/>(+25 for winning)