|join|nickinfinite
|join|terry41
|player|p1|nickinfinite|1
|player|p2|terry41|17
|gametype|singles
|gen|6
|tier|OU
|clearpoke
|poke|p1|Charizard, F
|poke|p1|Gyarados, M
|poke|p1|Chandelure, F
|poke|p1|Keldeo
|poke|p1|Excadrill, F
|poke|p1|Magnezone
|poke|p2|Talonflame, M
|poke|p2|Tyranitar, M
|poke|p2|Excadrill, M
|poke|p2|Gardevoir, M
|poke|p2|Empoleon, F
|poke|p2|Chesnaught, F
|rule|Swagger Clause: Swagger is banned
|rule|Baton Pass Clause: Limit one PokÃ©mon knowing Baton Pass
|rule|Sleep Clause Mod: Limit one foe put to sleep
|rule|Species Clause: Limit one of each PokÃ©mon
|rule|OHKO Clause: OHKO moves are banned
|rule|Moody Clause: Moody is banned
|rule|Evasion Moves Clause: Evasion moves are banned
|rule|Endless Battle Clause: Forcing endless battles is banned
|rule|HP Percentage Mod: HP is shown in percentages
|teampreview
|
|start
|switch|p1a: Excadrill|Excadrill, F|361\/361
|switch|p2a: Reptar|Tyranitar, M|342\/342
|-ability|p1a: Excadrill|Mold Breaker
|-weather|Sandstorm
|turn|1
|join|MegamasterX49
|
|switch|p2a: Chesnaught|Chesnaught, F|380\/380
|move|p1a: Excadrill|Earthquake|p2a: Chesnaught
|-resisted|p2a: Chesnaught
|-damage|p2a: Chesnaught|321\/380
|
|-weather|Sandstorm|[upkeep]
|-damage|p2a: Chesnaught|298\/380|[from] sandstorm
|-heal|p2a: Chesnaught|321\/380|[from] item: Leftovers
|turn|2
|
|switch|p1a: Chandelure|Chandelure, F|262\/262
|move|p2a: Chesnaught|Super Fang|p1a: Chandelure
|-immune|p1a: Chandelure|[msg]
|
|-weather|Sandstorm|[upkeep]
|-damage|p1a: Chandelure|246\/262|[from] sandstorm
|-damage|p2a: Chesnaught|298\/380|[from] sandstorm
|-heal|p2a: Chesnaught|321\/380|[from] item: Leftovers
|turn|3
|
|move|p2a: Chesnaught|Spiky Shield|p2a: Chesnaught
|-singleturn|p2a: Chesnaught|move: Protect
|move|p1a: Chandelure|Will-O-Wisp|p2a: Chesnaught
|-activate|p2a: Chesnaught|move: Protect
|
|-weather|Sandstorm|[upkeep]
|-damage|p1a: Chandelure|230\/262|[from] sandstorm
|-damage|p2a: Chesnaught|298\/380|[from] sandstorm
|-heal|p2a: Chesnaught|321\/380|[from] item: Leftovers
|turn|4
|c|ânickinfinite|Super fang is not nice
|c|âterry41|lol
|
|switch|p2a: Empoleon|Empoleon, F|371\/371
|move|p1a: Chandelure|Will-O-Wisp|p2a: Empoleon
|-status|p2a: Empoleon|brn
|
|-weather|Sandstorm|[upkeep]
|-damage|p1a: Chandelure|214\/262|[from] sandstorm
|-damage|p2a: Empoleon|325\/371 brn|[from] brn
|turn|5
|
|switch|p1a: Gyarados|Gyarados, M|353\/353
|-ability|p1a: Gyarados|Intimidate|[of] p2a: Empoleon
|-unboost|p2a: Empoleon|atk|1
|move|p2a: Empoleon|Toxic|p1a: Gyarados
|-status|p1a: Gyarados|tox
|
|-weather|none
|-heal|p2a: Empoleon|348\/371 brn|[from] item: Leftovers
|-damage|p1a: Gyarados|331\/353 tox|[from] psn
|-damage|p2a: Empoleon|302\/371 brn|[from] brn
|turn|6
|
|move|p1a: Gyarados|Dragon Dance|p1a: Gyarados
|-boost|p1a: Gyarados|atk|1
|-boost|p1a: Gyarados|spe|1
|move|p2a: Empoleon|Roar|p1a: Gyarados
|drag|p1a: Magnezone|Magnezone|307\/307
|-item|p1a: Magnezone|Air Balloon
|
|-heal|p2a: Empoleon|325\/371 brn|[from] item: Leftovers
|-damage|p2a: Empoleon|279\/371 brn|[from] brn
|turn|7
|c|ânickinfinite|I honestly forgot he got toxic
|
|move|p1a: Magnezone|Volt Switch|p2a: Empoleon
|-supereffective|p2a: Empoleon
|-damage|p2a: Empoleon|109\/371 brn
|
|switch|p1a: Gyarados|Gyarados, M|331\/353 tox
|-ability|p1a: Gyarados|Intimidate|[of] p2a: Empoleon
|-unboost|p2a: Empoleon|atk|1
|move|p2a: Empoleon|Scald|p1a: Gyarados
|-resisted|p1a: Gyarados
|-damage|p1a: Gyarados|263\/353 tox
|
|-heal|p1a: Gyarados|285\/353 tox|[from] item: Leftovers
|-heal|p2a: Empoleon|132\/371 brn|[from] item: Leftovers
|-damage|p1a: Gyarados|263\/353 tox|[from] psn
|-damage|p2a: Empoleon|86\/371 brn|[from] brn
|turn|8
|
|move|p1a: Gyarados|Waterfall|p2a: Empoleon
|-resisted|p2a: Empoleon
|-damage|p2a: Empoleon|5\/371 brn
|move|p2a: Empoleon|Roar|p1a: Gyarados
|drag|p1a: Chandelure|Chandelure, F|214\/262
|
|-heal|p2a: Empoleon|28\/371 brn|[from] item: Leftovers
|-damage|p2a: Empoleon|0 fnt|[from] brn
|faint|p2a: Empoleon
|
|switch|p2a: Reptar|Tyranitar, M|342\/342
|-weather|Sandstorm
|turn|9
|
|move|p1a: Chandelure|Energy Ball|p2a: Reptar
|-supereffective|p2a: Reptar
|-damage|p2a: Reptar|184\/342
|-unboost|p2a: Reptar|spd|1
|move|p2a: Reptar|Stealth Rock|p1a: Chandelure
|-sidestart|p1: nickinfinite|move: Stealth Rock
|
|-weather|Sandstorm|[upkeep]
|-damage|p1a: Chandelure|198\/262|[from] sandstorm
|turn|10
|c|ânickinfinite|I was curious how much that'd do
|
|switch|p1a: Excadrill|Excadrill, F|361\/361
|-damage|p1a: Excadrill|350\/361|[from] Stealth Rock
|-ability|p1a: Excadrill|Mold Breaker
|switch|p2a: Talonflame|Talonflame, M|298\/298
|
|-weather|Sandstorm|[upkeep]
|-damage|p2a: Talonflame|280\/298|[from] sandstorm
|turn|11
|
|move|p2a: Talonflame|Flare Blitz|p1a: Excadrill
|-supereffective|p1a: Excadrill
|-damage|p1a: Excadrill|0 fnt
|-damage|p2a: Talonflame|164\/298|[from] recoil|[of] p1a: Excadrill
|faint|p1a: Excadrill
|
|-weather|Sandstorm|[upkeep]
|-damage|p2a: Talonflame|146\/298|[from] sandstorm
|
|switch|p1a: Gyarados|Gyarados, M|263\/353 tox
|-damage|p1a: Gyarados|175\/353 tox|[from] Stealth Rock
|-ability|p1a: Gyarados|Intimidate|[of] p2a: Talonflame
|-unboost|p2a: Talonflame|atk|1
|turn|12
|
|move|p2a: Talonflame|Brave Bird|p1a: Gyarados
|-damage|p1a: Gyarados|28\/353 tox
|-damage|p2a: Talonflame|97\/298|[from] recoil|[of] p1a: Gyarados
|move|p1a: Gyarados|Ice Fang|p2a: Talonflame
|-damage|p2a: Talonflame|0 fnt
|faint|p2a: Talonflame
|
|-weather|Sandstorm|[upkeep]
|-damage|p1a: Gyarados|6\/353 tox|[from] sandstorm
|-heal|p1a: Gyarados|28\/353 tox|[from] item: Leftovers
|-damage|p1a: Gyarados|6\/353 tox|[from] psn
|
|switch|p2a: Grand Mole|Excadrill, M|362\/362
|-item|p2a: Grand Mole|Air Balloon
|turn|13
|
|move|p2a: Grand Mole|Iron Head|p1a: Gyarados
|-resisted|p1a: Gyarados
|-damage|p1a: Gyarados|0 fnt
|faint|p1a: Gyarados
|
|-weather|none
|
|switch|p1a: Keldeo|Keldeo|324\/324
|-damage|p1a: Keldeo|304\/324|[from] Stealth Rock
|turn|14
|
|switch|p2a: Chesnaught|Chesnaught, F|321\/380
|move|p1a: Keldeo|Scald|p2a: Chesnaught
|-resisted|p2a: Chesnaught
|-damage|p2a: Chesnaught|239\/380
|-status|p2a: Chesnaught|brn
|
|-heal|p2a: Chesnaught|262\/380 brn|[from] item: Leftovers
|-damage|p2a: Chesnaught|215\/380 brn|[from] brn
|turn|15
|
|switch|p1a: Magnezone|Magnezone|307\/307
|-damage|p1a: Magnezone|288\/307|[from] Stealth Rock
|-item|p1a: Magnezone|Air Balloon
|move|p2a: Chesnaught|Leech Seed|p1a: Magnezone
|-start|p1a: Magnezone|move: Leech Seed
|
|-heal|p2a: Chesnaught|238\/380 brn|[from] item: Leftovers
|-damage|p1a: Magnezone|250\/307|[from] Leech Seed|[of] p2a: Chesnaught
|-heal|p2a: Chesnaught|276\/380 brn|[silent]
|-damage|p2a: Chesnaught|229\/380 brn|[from] brn
|turn|16
|
|move|p2a: Chesnaught|Spiky Shield|p2a: Chesnaught
|-singleturn|p2a: Chesnaught|move: Protect
|move|p1a: Magnezone|Flash Cannon|p2a: Chesnaught
|-activate|p2a: Chesnaught|move: Protect
|
|-heal|p2a: Chesnaught|252\/380 brn|[from] item: Leftovers
|-damage|p1a: Magnezone|212\/307|[from] Leech Seed|[of] p2a: Chesnaught
|-heal|p2a: Chesnaught|290\/380 brn|[silent]
|-damage|p2a: Chesnaught|243\/380 brn|[from] brn
|turn|17
|
|move|p1a: Magnezone|Hidden Power|p2a: Chesnaught
|-supereffective|p2a: Chesnaught
|-damage|p2a: Chesnaught|67\/380 brn
|move|p2a: Chesnaught|Drain Punch|p1a: Magnezone
|-supereffective|p1a: Magnezone
|-damage|p1a: Magnezone|132\/307
|-heal|p2a: Chesnaught|107\/380 brn|[from] drain|[of] p1a: Magnezone
|-enditem|p1a: Magnezone|Air Balloon
|
|-heal|p2a: Chesnaught|130\/380 brn|[from] item: Leftovers
|-damage|p1a: Magnezone|94\/307|[from] Leech Seed|[of] p2a: Chesnaught
|-heal|p2a: Chesnaught|168\/380 brn|[silent]
|-damage|p2a: Chesnaught|121\/380 brn|[from] brn
|turn|18
|
|move|p1a: Magnezone|Flash Cannon|p2a: Chesnaught
|-crit|p2a: Chesnaught
|-damage|p2a: Chesnaught|0 fnt
|faint|p2a: Chesnaught
|
|
|switch|p2a: Gardevoir|Gardevoir, M|277\/277
|-ability|p2a: Gardevoir|Magnet Pull|[from] ability: Trace|[of] p1a: Magnezone
|turn|19
|
|detailschange|p2a: Gardevoir|Gardevoir-Mega, M
|-mega|p2a: Gardevoir|Gardevoir|Gardevoirite
|move|p2a: Gardevoir|Focus Blast|p1a: Magnezone
|-supereffective|p1a: Magnezone
|-damage|p1a: Magnezone|0 fnt
|faint|p1a: Magnezone
|
|
|switch|p1a: Charizard|Charizard, F|322\/322
|-damage|p1a: Charizard|161\/322|[from] Stealth Rock
|turn|20
|
|move|p2a: Gardevoir|Hyper Voice|p1a: Charizard
|-resisted|p1a: Charizard
|-damage|p1a: Charizard|32\/322
|move|p1a: Charizard|Roost|p1a: Charizard
|-heal|p1a: Charizard|193\/322
|
|turn|21
|
|move|p2a: Gardevoir|Hyper Voice|p1a: Charizard
|-resisted|p1a: Charizard
|-damage|p1a: Charizard|71\/322
|move|p1a: Charizard|Roost|p1a: Charizard
|-heal|p1a: Charizard|232\/322
|
|turn|22
|
|move|p2a: Gardevoir|Taunt|p1a: Charizard
|-start|p1a: Charizard|move: Taunt
|cant|p1a: Charizard|move: Taunt|Roost
|
|turn|23
|
|move|p2a: Gardevoir|Hyper Voice|p1a: Charizard
|-resisted|p1a: Charizard
|-damage|p1a: Charizard|91\/322
|move|p1a: Charizard|Flare Blitz|p2a: Gardevoir
|-damage|p2a: Gardevoir|0 fnt
|-damage|p1a: Charizard|0 fnt|[from] recoil|[of] p2a: Gardevoir
|faint|p2a: Gardevoir
|faint|p1a: Charizard
|
|c|ânickinfinite|That's an interesting move on that
|
|switch|p1a: Chandelure|Chandelure, F|198\/262
|switch|p2a: Reptar|Tyranitar, M|184\/342
|-damage|p1a: Chandelure|133\/262|[from] Stealth Rock
|-weather|Sandstorm
|turn|24
|
|move|p1a: Chandelure|Energy Ball|p2a: Reptar
|-supereffective|p2a: Reptar
|-damage|p2a: Reptar|16\/342
|move|p2a: Reptar|Dark Pulse|p1a: Chandelure
|-supereffective|p1a: Chandelure
|-damage|p1a: Chandelure|0 fnt
|faint|p1a: Chandelure
|
|-weather|Sandstorm|[upkeep]
|c|âterry41|what the taunt or the voice
|
|switch|p1a: Keldeo|Keldeo|304\/324
|-damage|p1a: Keldeo|284\/324|[from] Stealth Rock
|turn|25
|c|ânickinfinite|taunt
|c|âterry41|yeah i assume ur were bulky zard x
|c|âterry41|okay not bulky
|c|ânickinfinite|Somewhat bulky
|c|âterry41|i meant dd with enough speed to out speed lando-t scarf  after a dd dance
|
|move|p1a: Keldeo|Scald|p2a: Reptar
|-supereffective|p2a: Reptar
|-damage|p2a: Reptar|0 fnt
|faint|p2a: Reptar
|
|-weather|Sandstorm|[upkeep]
|-damage|p1a: Keldeo|264\/324|[from] sandstorm
|
|switch|p2a: Grand Mole|Excadrill, M|362\/362
|-item|p2a: Grand Mole|Air Balloon
|turn|26
|
|move|p2a: Grand Mole|Iron Head|p1a: Keldeo
|-resisted|p1a: Keldeo
|-damage|p1a: Keldeo|171\/324
|move|p1a: Keldeo|Scald|p2a: Grand Mole
|-supereffective|p2a: Grand Mole
|-damage|p2a: Grand Mole|0 fnt
|-enditem|p2a: Grand Mole|Air Balloon
|faint|p2a: Grand Mole
|
|win|nickinfinite
|c|âterry41|gg
|c|ânickinfinite|Had to go for the flinch
|c|ânickinfinite|gg
|c|âterry41|yeah wish i was life orb