|join|terry41
|join|MegaStarUniverse
|player|p1|terry41|169
|player|p2|MegaStarUniverse|217
|gametype|singles
|gen|6
|tier|OU
|clearpoke
|poke|p1|Excadrill, F
|poke|p1|Tyranitar, M
|poke|p1|Azumarill, F
|poke|p1|Charizard, M
|poke|p1|Latios, M
|poke|p1|Venusaur, F
|poke|p2|Victini
|poke|p2|Keldeo
|poke|p2|Latios, M
|poke|p2|Landorus-Therian, M
|poke|p2|Meloetta
|poke|p2|Altaria, M
|rule|Swagger Clause: Swagger is banned
|rule|Baton Pass Clause: Limit one PokÃ©mon knowing Baton Pass
|rule|Sleep Clause Mod: Limit one foe put to sleep
|rule|Species Clause: Limit one of each PokÃ©mon
|rule|OHKO Clause: OHKO moves are banned
|rule|Moody Clause: Moody is banned
|rule|Evasion Moves Clause: Evasion moves are banned
|rule|Endless Battle Clause: Forcing endless battles is banned
|rule|HP Percentage Mod: HP is shown in percentages
|teampreview
|
|start
|switch|p1a: Tyranitar|Tyranitar, M|403\/403
|switch|p2a: Victini|Victini|341\/341
|-weather|Sandstorm
|turn|1
|
|move|p2a: Victini|U-turn|p1a: Tyranitar
|-supereffective|p1a: Tyranitar
|-damage|p1a: Tyranitar|299\/403
|
|switch|p2a: Keldeo|Keldeo|336\/336
|move|p1a: Tyranitar|Stealth Rock|p2a: Keldeo
|-sidestart|p2: MegaStarUniverse|move: Stealth Rock
|
|-weather|Sandstorm|[upkeep]
|-damage|p2a: Keldeo|315\/336|[from] sandstorm
|-heal|p2a: Keldeo|336\/336|[from] item: Leftovers
|turn|2
|
|switch|p1a: Latios|Latios, M|301\/301
|move|p2a: Keldeo|Substitute|p2a: Keldeo
|-start|p2a: Keldeo|Substitute
|-damage|p2a: Keldeo|252\/336
|
|-weather|Sandstorm|[upkeep]
|-damage|p1a: Latios|283\/301|[from] sandstorm
|-damage|p2a: Keldeo|231\/336|[from] sandstorm
|-heal|p2a: Keldeo|252\/336|[from] item: Leftovers
|turn|3
|
|move|p1a: Latios|Psyshock|p2a: Keldeo
|-supereffective|p2a: Keldeo
|-end|p2a: Keldeo|Substitute
|-damage|p1a: Latios|253\/301|[from] item: Life Orb
|move|p2a: Keldeo|Scald|p1a: Latios
|-resisted|p1a: Latios
|-damage|p1a: Latios|193\/301
|-status|p1a: Latios|brn
|
|-weather|Sandstorm|[upkeep]
|-damage|p1a: Latios|175\/301 brn|[from] sandstorm
|-damage|p2a: Keldeo|231\/336|[from] sandstorm
|-heal|p2a: Keldeo|252\/336|[from] item: Leftovers
|-damage|p1a: Latios|138\/301 brn|[from] brn
|turn|4
|
|switch|p2a: Altaria|Altaria, M|307\/307
|-damage|p2a: Altaria|231\/307|[from] Stealth Rock
|move|p1a: Latios|Psyshock|p2a: Altaria
|-damage|p2a: Altaria|39\/307
|-damage|p1a: Latios|108\/301 brn|[from] item: Life Orb
|
|-weather|Sandstorm|[upkeep]
|-damage|p1a: Latios|90\/301 brn|[from] sandstorm
|-damage|p2a: Altaria|20\/307|[from] sandstorm
|-damage|p1a: Latios|53\/301 brn|[from] brn
|turn|5
|
|detailschange|p2a: Altaria|Altaria-Mega, M
|-mega|p2a: Altaria|Altaria|Altarianite
|move|p1a: Latios|Psyshock|p2a: Altaria
|-damage|p2a: Altaria|0 fnt
|-damage|p1a: Latios|23\/301 brn|[from] item: Life Orb
|faint|p2a: Altaria
|
|-weather|none
|-damage|p1a: Latios|0 fnt|[from] brn
|faint|p1a: Latios
|
|switch|p2a: Latios|Latios, M|301\/301
|switch|p1a: Charizard|Charizard, M|297\/297
|-damage|p2a: Latios|264\/301|[from] Stealth Rock
|turn|6
|
|switch|p1a: Tyranitar|Tyranitar, M|299\/403
|-weather|Sandstorm
|move|p2a: Latios|Defog|p1a: Tyranitar
|-unboost|p1a: Tyranitar|evasion|1
|-sideend|p2: MegaStarUniverse|Stealth Rock|[from] move: Defog|[of] p2a: Latios
|
|-weather|Sandstorm|[upkeep]
|-damage|p2a: Latios|246\/301|[from] sandstorm
|turn|7
|
|move|p2a: Latios|Draco Meteor|p1a: Tyranitar
|-damage|p1a: Tyranitar|96\/403
|-unboost|p2a: Latios|spa|2
|-damage|p2a: Latios|216\/301|[from] item: Life Orb
|move|p1a: Tyranitar|Pursuit|p2a: Latios
|-supereffective|p2a: Latios
|-damage|p2a: Latios|58\/301
|
|-weather|Sandstorm|[upkeep]
|-damage|p2a: Latios|40\/301|[from] sandstorm
|turn|8
|
|switch|p1a: Azumarill|Azumarill, F|358\/358
|move|p2a: Latios|Roost|p2a: Latios
|-heal|p2a: Latios|191\/301
|
|-weather|Sandstorm|[upkeep]
|-damage|p2a: Latios|173\/301|[from] sandstorm
|-damage|p1a: Azumarill|336\/358|[from] sandstorm
|turn|9
|
|move|p2a: Latios|Psyshock|p1a: Azumarill
|-crit|p1a: Azumarill
|-damage|p1a: Azumarill|0 fnt
|-damage|p2a: Latios|143\/301|[from] item: Life Orb
|faint|p1a: Azumarill
|
|-weather|Sandstorm|[upkeep]
|-damage|p2a: Latios|125\/301|[from] sandstorm
|c|âMegaStarUniverse|sorry
|c|âMegaStarUniverse|:[
|
|switch|p1a: Excadrill|Excadrill, F|361\/361
|turn|10
|
|move|p1a: Excadrill|Iron Head|p2a: Latios
|-damage|p2a: Latios|0 fnt
|-damage|p1a: Excadrill|325\/361|[from] item: Life Orb
|faint|p2a: Latios
|
|-weather|none
|
|switch|p2a: Victini|Victini|341\/341
|turn|11
|
|switch|p1a: Tyranitar|Tyranitar, M|96\/403
|-weather|Sandstorm
|move|p2a: Victini|V-create|p1a: Tyranitar
|-resisted|p1a: Tyranitar
|-damage|p1a: Tyranitar|3\/403
|-unboost|p2a: Victini|def|1
|-unboost|p2a: Victini|spd|1
|-unboost|p2a: Victini|spe|1
|
|-weather|Sandstorm|[upkeep]
|-damage|p2a: Victini|320\/341|[from] sandstorm
|turn|12
|
|switch|p1a: Venusaur|Venusaur, F|319\/319
|move|p2a: Victini|V-create|p1a: Venusaur
|-supereffective|p1a: Venusaur
|-damage|p1a: Venusaur|0 fnt
|-unboost|p2a: Victini|def|1
|-unboost|p2a: Victini|spd|1
|-unboost|p2a: Victini|spe|1
|faint|p1a: Venusaur
|
|-weather|Sandstorm|[upkeep]
|-damage|p2a: Victini|299\/341|[from] sandstorm
|
|switch|p1a: Excadrill|Excadrill, F|325\/361
|turn|13
|
|switch|p2a: Meloetta|Meloetta|352\/352
|move|p1a: Excadrill|Rock Slide|p2a: Meloetta
|-damage|p2a: Meloetta|174\/352
|-damage|p1a: Excadrill|289\/361|[from] item: Life Orb
|
|-weather|Sandstorm|[upkeep]
|-damage|p2a: Meloetta|152\/352|[from] sandstorm
|-heal|p2a: Meloetta|174\/352|[from] item: Leftovers
|turn|14
|
|move|p1a: Excadrill|Iron Head|p2a: Meloetta
|-damage|p2a: Meloetta|0 fnt
|-damage|p1a: Excadrill|253\/361|[from] item: Life Orb
|faint|p2a: Meloetta
|
|-weather|Sandstorm|[upkeep]
|
|switch|p2a: Landorus-Therian|Landorus-Therian, M|382\/382
|-ability|p2a: Landorus-Therian|Intimidate|[of] p1a: Excadrill
|-unboost|p1a: Excadrill|atk|1
|turn|15
|
|switch|p1a: Charizard|Charizard, M|297\/297
|move|p2a: Landorus-Therian|Stealth Rock|p1a: Charizard
|-sidestart|p1: terry41|move: Stealth Rock
|
|-weather|none
|turn|16
|
|detailschange|p1a: Charizard|Charizard-Mega-Y, M
|-mega|p1a: Charizard|Charizard|Charizardite Y
|-weather|SunnyDay
|move|p1a: Charizard|Fire Blast|p2a: Landorus-Therian|[miss]
|-miss|p1a: Charizard|p2a: Landorus-Therian
|move|p2a: Landorus-Therian|Stone Edge|p1a: Charizard
|-supereffective|p1a: Charizard
|-damage|p1a: Charizard|0 fnt
|faint|p1a: Charizard
|
|-weather|SunnyDay|[upkeep]
|c|âMegaStarUniverse|:[
|
|switch|p1a: Excadrill|Excadrill, F|253\/361
|-damage|p1a: Excadrill|242\/361|[from] Stealth Rock
|turn|17
|c|âterry41|yeah gg
|-message|terry41 forfeited.
|c|âMegaStarUniverse|gg that hax
|
|win|MegaStarUniverse