|join|terry41
|join|Rawk Hawk
|player|p1|terry41|17
|player|p2|Rawk Hawk|1
|gametype|singles
|gen|6
|tier|OU
|rated
|clearpoke
|poke|p1|Charizard, M
|poke|p1|Excadrill, F
|poke|p1|Tyranitar, F
|poke|p1|Azumarill, M
|poke|p1|Thundurus, M
|poke|p1|Dragonite, M
|poke|p2|Serperior, M
|poke|p2|Latias, F
|poke|p2|Talonflame, M
|poke|p2|Bisharp, M
|poke|p2|Gyarados, M
|poke|p2|Gliscor, F
|rule|Swagger Clause: Swagger is banned
|rule|Baton Pass Clause: Limit one PokÃ©mon knowing Baton Pass
|rule|Sleep Clause Mod: Limit one foe put to sleep
|rule|Species Clause: Limit one of each PokÃ©mon
|rule|OHKO Clause: OHKO moves are banned
|rule|Moody Clause: Moody is banned
|rule|Evasion Moves Clause: Evasion moves are banned
|rule|Endless Battle Clause: Forcing endless battles is banned
|rule|HP Percentage Mod: HP is shown in percentages
|teampreview
|
|start
|switch|p1a: Tyranitar|Tyranitar, F|403\/403
|switch|p2a: Latias|Latias, F|302\/302
|-weather|Sandstorm
|turn|1
|
|switch|p2a: Gliscor|Gliscor, F|354\/354
|move|p1a: Tyranitar|Stealth Rock|p2a: Gliscor
|-sidestart|p2: Rawk Hawk|move: Stealth Rock
|
|-weather|Sandstorm|[upkeep]
|-status|p2a: Gliscor|tox|[from] item: Toxic Orb
|turn|2
|c|âRawk Hawk|phew
|
|move|p2a: Gliscor|Stealth Rock|p1a: Tyranitar
|-sidestart|p1: terry41|move: Stealth Rock
|move|p1a: Tyranitar|Ice Beam|p2a: Gliscor
|-supereffective|p2a: Gliscor
|-damage|p2a: Gliscor|114\/354 tox
|
|-weather|Sandstorm|[upkeep]
|-heal|p2a: Gliscor|158\/354 tox|[from] ability: Poison Heal
|turn|3
|
|move|p2a: Gliscor|Protect|p2a: Gliscor
|-singleturn|p2a: Gliscor|Protect
|move|p1a: Tyranitar|Ice Beam|p2a: Gliscor
|-activate|p2a: Gliscor|Protect
|
|-weather|Sandstorm|[upkeep]
|-heal|p2a: Gliscor|202\/354 tox|[from] ability: Poison Heal
|turn|4
|
|move|p2a: Gliscor|Toxic|p1a: Tyranitar
|-status|p1a: Tyranitar|tox
|move|p1a: Tyranitar|Ice Beam|p2a: Gliscor
|-supereffective|p2a: Gliscor
|-damage|p2a: Gliscor|0 fnt
|faint|p2a: Gliscor
|
|-weather|Sandstorm|[upkeep]
|-damage|p1a: Tyranitar|378\/403 tox|[from] psn
|
|switch|p2a: Serperior|Serperior, M|291\/291
|-damage|p2a: Serperior|255\/291|[from] Stealth Rock
|turn|5
|
|switch|p1a: Dragonite|Dragonite, M|324\/324
|-damage|p1a: Dragonite|243\/324|[from] Stealth Rock
|move|p2a: Serperior|Substitute|p2a: Serperior
|-start|p2a: Serperior|Substitute
|-damage|p2a: Serperior|183\/291
|
|-weather|Sandstorm|[upkeep]
|-damage|p2a: Serperior|165\/291|[from] sandstorm
|-damage|p1a: Dragonite|223\/324|[from] sandstorm
|-heal|p2a: Serperior|183\/291|[from] item: Leftovers
|turn|6
|
|move|p1a: Dragonite|Extreme Speed|p2a: Serperior
|-end|p2a: Serperior|Substitute
|move|p2a: Serperior|Glare|p1a: Dragonite
|-status|p1a: Dragonite|par
|-enditem|p1a: Dragonite|Lum Berry|[eat]
|-curestatus|p1a: Dragonite|par
|
|-weather|Sandstorm|[upkeep]
|-damage|p2a: Serperior|165\/291|[from] sandstorm
|-damage|p1a: Dragonite|203\/324|[from] sandstorm
|-heal|p2a: Serperior|183\/291|[from] item: Leftovers
|turn|7
|
|move|p1a: Dragonite|Extreme Speed|p2a: Serperior
|-damage|p2a: Serperior|64\/291
|move|p2a: Serperior|Glare|p1a: Dragonite
|-status|p1a: Dragonite|par
|
|-weather|Sandstorm|[upkeep]
|-damage|p2a: Serperior|46\/291|[from] sandstorm
|-damage|p1a: Dragonite|183\/324 par|[from] sandstorm
|-heal|p2a: Serperior|64\/291|[from] item: Leftovers
|turn|8
|
|move|p1a: Dragonite|Extreme Speed|p2a: Serperior
|-damage|p2a: Serperior|0 fnt
|faint|p2a: Serperior
|
|-weather|none
|
|switch|p2a: Latias|Latias, F|302\/302
|-damage|p2a: Latias|265\/302|[from] Stealth Rock
|turn|9
|
|move|p2a: Latias|Defog|p1a: Dragonite
|-unboost|p1a: Dragonite|evasion|1
|-sideend|p1: terry41|Stealth Rock|[from] move: Defog|[of] p1a: Dragonite
|-sideend|p2: Rawk Hawk|Stealth Rock|[from] move: Defog|[of] p2a: Latias
|cant|p1a: Dragonite|par
|
|-heal|p2a: Latias|283\/302|[from] item: Leftovers
|turn|10
|
|switch|p2a: Gyarados|Gyarados, M|331\/331
|-ability|p2a: Gyarados|Intimidate|[of] p1a: Dragonite
|-unboost|p1a: Dragonite|atk|1
|cant|p1a: Dragonite|par
|
|turn|11
|
|move|p2a: Gyarados|Dragon Dance|p2a: Gyarados
|-boost|p2a: Gyarados|atk|1
|-boost|p2a: Gyarados|spe|1
|move|p1a: Dragonite|Dragon Claw|p2a: Gyarados
|-damage|p2a: Gyarados|192\/331
|
|turn|12
|
|move|p1a: Dragonite|Extreme Speed|p2a: Gyarados
|-damage|p2a: Gyarados|107\/331
|move|p2a: Gyarados|Waterfall|p1a: Dragonite
|-resisted|p1a: Dragonite
|-damage|p1a: Dragonite|61\/324 par
|
|turn|13
|
|switch|p2a: Talonflame|Talonflame, M|359\/359
|move|p1a: Dragonite|Extreme Speed|p2a: Talonflame
|-damage|p2a: Talonflame|270\/359
|
|-heal|p2a: Talonflame|292\/359|[from] item: Leftovers
|turn|14
|
|switch|p1a: Tyranitar|Tyranitar, F|378\/403 tox
|-weather|Sandstorm
|move|p2a: Talonflame|Bulk Up|p2a: Talonflame
|-boost|p2a: Talonflame|atk|1
|-boost|p2a: Talonflame|def|1
|
|-weather|Sandstorm|[upkeep]
|-damage|p2a: Talonflame|270\/359|[from] sandstorm
|-heal|p2a: Talonflame|292\/359|[from] item: Leftovers
|-damage|p1a: Tyranitar|353\/403 tox|[from] psn
|turn|15
|
|switch|p2a: Bisharp|Bisharp, M|272\/272
|move|p1a: Tyranitar|Stealth Rock|p2a: Bisharp
|-sidestart|p2: Rawk Hawk|move: Stealth Rock
|
|-weather|Sandstorm|[upkeep]
|-damage|p1a: Tyranitar|303\/403 tox|[from] psn
|turn|16
|
|move|p2a: Bisharp|Iron Head|p1a: Tyranitar
|-supereffective|p1a: Tyranitar
|-damage|p1a: Tyranitar|77\/403 tox
|-damage|p2a: Bisharp|245\/272|[from] item: Life Orb
|move|p1a: Tyranitar|Earthquake|p2a: Bisharp
|-supereffective|p2a: Bisharp
|-damage|p2a: Bisharp|41\/272
|
|-weather|Sandstorm|[upkeep]
|-damage|p1a: Tyranitar|2\/403 tox|[from] psn
|turn|17
|
|switch|p1a: Dragonite|Dragonite, M|61\/324 par
|move|p2a: Bisharp|Iron Head|p1a: Dragonite
|-crit|p1a: Dragonite
|-damage|p1a: Dragonite|0 fnt
|-damage|p2a: Bisharp|14\/272|[from] item: Life Orb
|faint|p1a: Dragonite
|
|-weather|Sandstorm|[upkeep]
|
|switch|p1a: Excadrill|Excadrill, F|361\/361
|turn|18
|
|move|p2a: Bisharp|Sucker Punch|p1a: Excadrill
|-damage|p1a: Excadrill|87\/361
|-damage|p2a: Bisharp|0 fnt|[from] item: Life Orb
|faint|p2a: Bisharp
|move|p1a: Excadrill|Iron Head|p2: Bisharp|[notarget]
|-notarget
|
|-weather|Sandstorm|[upkeep]
|
|switch|p2a: Latias|Latias, F|283\/302
|-damage|p2a: Latias|246\/302|[from] Stealth Rock
|turn|19
|
|move|p1a: Excadrill|Iron Head|p2a: Latias
|-damage|p2a: Latias|42\/302
|-damage|p1a: Excadrill|51\/361|[from] item: Life Orb
|move|p2a: Latias|Defog|p1a: Excadrill
|-unboost|p1a: Excadrill|evasion|1
|-sideend|p2: Rawk Hawk|Stealth Rock|[from] move: Defog|[of] p2a: Latias
|
|-weather|Sandstorm|[upkeep]
|-damage|p2a: Latias|24\/302|[from] sandstorm
|-heal|p2a: Latias|42\/302|[from] item: Leftovers
|turn|20
|
|move|p1a: Excadrill|Iron Head|p2a: Latias
|-damage|p2a: Latias|0 fnt
|-damage|p1a: Excadrill|15\/361|[from] item: Life Orb
|faint|p2a: Latias
|
|-weather|Sandstorm|[upkeep]
|
|switch|p2a: Talonflame|Talonflame, M|292\/359
|turn|21
|
|move|p2a: Talonflame|Brave Bird|p1a: Excadrill
|-resisted|p1a: Excadrill
|-damage|p1a: Excadrill|0 fnt
|-damage|p2a: Talonflame|287\/359|[from] recoil|[of] p1a: Excadrill
|faint|p1a: Excadrill
|
|-weather|none
|-heal|p2a: Talonflame|309\/359|[from] item: Leftovers
|
|switch|p1a: Azumarill|Azumarill, M|398\/398
|turn|22
|
|move|p1a: Azumarill|Aqua Jet|p2a: Talonflame
|-supereffective|p2a: Talonflame
|-damage|p2a: Talonflame|0 fnt
|faint|p2a: Talonflame
|
|
|switch|p2a: Gyarados|Gyarados, M|107\/331
|-ability|p2a: Gyarados|Intimidate|[of] p1a: Azumarill
|-unboost|p1a: Azumarill|atk|1
|turn|23
|
|switch|p1a: Tyranitar|Tyranitar, F|2\/403 tox
|-weather|Sandstorm
|detailschange|p2a: Gyarados|Gyarados-Mega, M
|-mega|p2a: Gyarados|Gyarados|Gyaradosite
|-ability|p2a: Gyarados|Mold Breaker
|move|p2a: Gyarados|Dragon Dance|p2a: Gyarados
|-boost|p2a: Gyarados|atk|1
|-boost|p2a: Gyarados|spe|1
|
|-weather|Sandstorm|[upkeep]
|-damage|p2a: Gyarados|87\/331|[from] sandstorm
|-damage|p1a: Tyranitar|0 fnt|[from] psn
|faint|p1a: Tyranitar
|
|switch|p1a: Thundurus|Thundurus, M|299\/299
|turn|24
|
|move|p1a: Thundurus|Thunder Wave|p2a: Gyarados
|-status|p2a: Gyarados|par
|move|p2a: Gyarados|Waterfall|p1a: Thundurus
|-damage|p1a: Thundurus|0 fnt
|faint|p1a: Thundurus
|
|-weather|Sandstorm|[upkeep]
|-damage|p2a: Gyarados|67\/331 par|[from] sandstorm
|
|switch|p1a: Charizard|Charizard, M|315\/315
|turn|25
|c|âterry41|gg
|
|detailschange|p1a: Charizard|Charizard-Mega-X, M
|-mega|p1a: Charizard|Charizard|Charizardite X
|move|p1a: Charizard|Dragon Claw|p2a: Gyarados
|-damage|p2a: Gyarados|0 fnt
|faint|p2a: Gyarados
|
|win|terry41
|raw|Ladder updating...
|c|âRawk Hawk|yea
|raw|terry41's rating: 1578 &rarr; <strong>1594<\/strong><br \/>(+16 for winning)
|raw|Rawk Hawk's rating: 1493 &rarr; <strong>1478<\/strong><br \/>(-15 for losing)
|leave|Rawk Hawk
|player|p2