|join|Young Ol' Punk
|join|terry41
|player|p1|Young Ol' Punk|155
|player|p2|terry41|169
|gametype|singles
|gen|6
|tier|OU
|clearpoke
|poke|p1|Ferrothorn, M
|poke|p1|Sylveon, F, shiny
|poke|p1|Talonflame, F
|poke|p1|Latias, F
|poke|p1|Metagross
|poke|p1|Rotom-Wash
|poke|p2|Garchomp, F
|poke|p2|Starmie
|poke|p2|Altaria, F
|poke|p2|Thundurus, M
|poke|p2|Heatran, F
|poke|p2|Azumarill, M
|rule|Swagger Clause: Swagger is banned
|rule|Baton Pass Clause: Limit one PokÃ©mon knowing Baton Pass
|rule|Sleep Clause Mod: Limit one foe put to sleep
|rule|Species Clause: Limit one of each PokÃ©mon
|rule|OHKO Clause: OHKO moves are banned
|rule|Moody Clause: Moody is banned
|rule|Evasion Moves Clause: Evasion moves are banned
|rule|Endless Battle Clause: Forcing endless battles is banned
|rule|HP Percentage Mod: HP is shown in percentages
|teampreview
|
|start
|switch|p1a: Talonflame|Talonflame, F|297\/297
|switch|p2a: Heatran|Heatran, F|323\/323
|turn|1
|
|move|p2a: Heatran|Ancient Power|p1a: Talonflame
|-supereffective|p1a: Talonflame
|-damage|p1a: Talonflame|0 fnt
|faint|p1a: Talonflame
|
|c|âYoung Ol' Punk|what
|c|âYoung Ol' Punk|oh i see
|c|âYoung Ol' Punk|you're scarfed
|c|âYoung Ol' Punk|good info
|
|switch|p1a: Metagross|Metagross|302\/302
|turn|2
|
|switch|p2a: Azumarill|Azumarill, M|398\/398
|detailschange|p1a: Metagross|Metagross-Mega
|-mega|p1a: Metagross|Metagross|Metagrossite
|move|p1a: Metagross|Zen Headbutt|p2a: Azumarill|[miss]
|-miss|p1a: Metagross|p2a: Azumarill
|
|turn|3
|c|âYoung Ol' Punk|of course
|
|move|p1a: Metagross|Zen Headbutt|p2a: Azumarill
|-damage|p2a: Azumarill|140\/398
|-enditem|p2a: Azumarill|Sitrus Berry|[eat]
|-heal|p2a: Azumarill|239\/398|[from] item: Sitrus Berry
|move|p2a: Azumarill|Belly Drum|p2a: Azumarill
|-damage|p2a: Azumarill|40\/398
|-setboost|p2a: Azumarill|atk|6|[from] move: Belly Drum
|
|turn|4
|c|âYoung Ol' Punk|you'd be dead already
|
|move|p1a: Metagross|Bullet Punch|p2a: Azumarill
|-crit|p2a: Azumarill
|-damage|p2a: Azumarill|0 fnt
|faint|p2a: Azumarill
|
|
|switch|p2a: Heatran|Heatran, F|323\/323
|turn|5
|
|switch|p2a: Garchomp|Garchomp, F|357\/357
|switch|p1a: Rotom-Wash|Rotom-Wash|242\/242
|
|turn|6
|
|move|p2a: Garchomp|Stealth Rock|p1a: Rotom-Wash
|-sidestart|p1: Young Ol' Punk|move: Stealth Rock
|move|p1a: Rotom-Wash|Will-O-Wisp|p2a: Garchomp|[miss]
|-miss|p1a: Rotom-Wash|p2a: Garchomp
|
|turn|7
|c|âYoung Ol' Punk|I MISS
|c|âYoung Ol' Punk|you're going to win because of hax
|
|move|p2a: Garchomp|Swords Dance|p2a: Garchomp
|-boost|p2a: Garchomp|atk|2
|move|p1a: Rotom-Wash|Substitute|p1a: Rotom-Wash
|-start|p1a: Rotom-Wash|Substitute
|-damage|p1a: Rotom-Wash|182\/242
|
|-heal|p1a: Rotom-Wash|197\/242|[from] item: Leftovers
|turn|8
|
|move|p2a: Garchomp|Dragon Claw|p1a: Rotom-Wash
|-end|p1a: Rotom-Wash|Substitute
|move|p1a: Rotom-Wash|Will-O-Wisp|p2a: Garchomp
|-status|p2a: Garchomp|brn
|-enditem|p2a: Garchomp|Lum Berry|[eat]
|-curestatus|p2a: Garchomp|brn
|
|-heal|p1a: Rotom-Wash|212\/242|[from] item: Leftovers
|turn|9
|c|âYoung Ol' Punk|gawd
|c|âYoung Ol' Punk|i hate hax
|
|move|p2a: Garchomp|Dragon Claw|p1a: Rotom-Wash
|-damage|p1a: Rotom-Wash|17\/242
|move|p1a: Rotom-Wash|Will-O-Wisp|p2a: Garchomp
|-status|p2a: Garchomp|brn
|
|-heal|p1a: Rotom-Wash|32\/242|[from] item: Leftovers
|-damage|p2a: Garchomp|313\/357 brn|[from] brn
|turn|10
|
|switch|p1a: Metagross|Metagross-Mega|302\/302
|-damage|p1a: Metagross|284\/302|[from] Stealth Rock
|move|p2a: Garchomp|Dragon Claw|p1a: Metagross
|-resisted|p1a: Metagross
|-damage|p1a: Metagross|232\/302
|
|-damage|p2a: Garchomp|269\/357 brn|[from] brn
|turn|11
|
|move|p1a: Metagross|Zen Headbutt|p2a: Garchomp
|-damage|p2a: Garchomp|64\/357 brn
|-damage|p1a: Metagross|195\/302|[from] ability: Rough Skin|[of] p2a: Garchomp
|move|p2a: Garchomp|Earthquake|p1a: Metagross
|-supereffective|p1a: Metagross
|-damage|p1a: Metagross|0 fnt
|faint|p1a: Metagross
|
|-damage|p2a: Garchomp|20\/357 brn|[from] brn
|c|âYoung Ol' Punk|fuck you
|c|âYoung Ol' Punk|go die in hell
|
|switch|p1a: Ferrothorn|Ferrothorn, M|352\/352
|-damage|p1a: Ferrothorn|330\/352|[from] Stealth Rock
|turn|12
|
|move|p2a: Garchomp|Earthquake|p1a: Ferrothorn
|-damage|p1a: Ferrothorn|230\/352
|move|p1a: Ferrothorn|Stealth Rock|p2a: Garchomp
|-sidestart|p2: terry41|move: Stealth Rock
|
|-heal|p1a: Ferrothorn|252\/352|[from] item: Leftovers
|-damage|p2a: Garchomp|0 fnt|[from] brn
|faint|p2a: Garchomp
|join|LordRay
|
|switch|p2a: Heatran|Heatran, F|323\/323
|-damage|p2a: Heatran|283\/323|[from] Stealth Rock
|turn|13
|
|switch|p1a: Rotom-Wash|Rotom-Wash|32\/242
|-damage|p1a: Rotom-Wash|2\/242|[from] Stealth Rock
|move|p2a: Heatran|Overheat|p1a: Rotom-Wash
|-resisted|p1a: Rotom-Wash
|-damage|p1a: Rotom-Wash|0 fnt
|-unboost|p2a: Heatran|spa|2
|faint|p1a: Rotom-Wash
|
|
|switch|p1a: Sylveon|Sylveon, F, shiny|394\/394
|-damage|p1a: Sylveon|345\/394|[from] Stealth Rock
|turn|14
|
|switch|p2a: Starmie|Starmie|261\/261
|-damage|p2a: Starmie|229\/261|[from] Stealth Rock
|move|p1a: Sylveon|Hyper Voice|p2a: Starmie
|-damage|p2a: Starmie|46\/261
|
|-heal|p1a: Sylveon|369\/394|[from] item: Leftovers
|turn|15
|
|move|p2a: Starmie|Rapid Spin|p1a: Sylveon
|-damage|p1a: Sylveon|346\/394
|-sideend|p2: terry41|Stealth Rock|[from] move: Rapid Spin|[of] p2a: Starmie
|-damage|p2a: Starmie|20\/261|[from] item: Life Orb
|move|p1a: Sylveon|Hyper Voice|p2a: Starmie
|-damage|p2a: Starmie|0 fnt
|faint|p2a: Starmie
|
|-heal|p1a: Sylveon|370\/394|[from] item: Leftovers
|
|switch|p2a: Heatran|Heatran, F|283\/323
|turn|16
|
|switch|p1a: Ferrothorn|Ferrothorn, M|252\/352
|-damage|p1a: Ferrothorn|230\/352|[from] Stealth Rock
|move|p2a: Heatran|Flash Cannon|p1a: Ferrothorn
|-resisted|p1a: Ferrothorn
|-damage|p1a: Ferrothorn|162\/352
|
|-heal|p1a: Ferrothorn|184\/352|[from] item: Leftovers
|turn|17
|
|switch|p2a: Thundurus|Thundurus, M|299\/299
|move|p1a: Ferrothorn|Thunder Wave|p2a: Thundurus
|-fail|p2a: Thundurus
|
|-heal|p1a: Ferrothorn|206\/352|[from] item: Leftovers
|turn|18
|
|move|p2a: Thundurus|Superpower|p1a: Ferrothorn
|-supereffective|p1a: Ferrothorn
|-damage|p1a: Ferrothorn|34\/352
|-damage|p2a: Thundurus|262\/299|[from] ability: Iron Barbs|[of] p1a: Ferrothorn
|-unboost|p2a: Thundurus|atk|1
|-unboost|p2a: Thundurus|def|1
|-damage|p2a: Thundurus|233\/299|[from] item: Life Orb
|move|p1a: Ferrothorn|Gyro Ball|p2a: Thundurus
|-resisted|p2a: Thundurus
|-damage|p2a: Thundurus|49\/299
|
|-heal|p1a: Ferrothorn|56\/352|[from] item: Leftovers
|turn|19
|
|switch|p1a: Latias|Latias, F|302\/302
|-damage|p1a: Latias|265\/302|[from] Stealth Rock
|move|p2a: Thundurus|Hidden Power|p1a: Latias
|-supereffective|p1a: Latias
|-damage|p1a: Latias|109\/302
|-damage|p2a: Thundurus|20\/299|[from] item: Life Orb
|
|turn|20
|
|switch|p1a: Sylveon|Sylveon, F, shiny|370\/394
|-damage|p1a: Sylveon|321\/394|[from] Stealth Rock
|move|p2a: Thundurus|Hidden Power|p1a: Sylveon
|-damage|p1a: Sylveon|269\/394
|-damage|p2a: Thundurus|0 fnt|[from] item: Life Orb
|faint|p2a: Thundurus
|
|-heal|p1a: Sylveon|293\/394|[from] item: Leftovers
|
|switch|p2a: Heatran|Heatran, F|283\/323
|turn|21
|
|switch|p1a: Ferrothorn|Ferrothorn, M|56\/352
|-damage|p1a: Ferrothorn|34\/352|[from] Stealth Rock
|move|p2a: Heatran|Flash Cannon|p1a: Ferrothorn
|-resisted|p1a: Ferrothorn
|-damage|p1a: Ferrothorn|0 fnt
|faint|p1a: Ferrothorn
|
|c|âYoung Ol' Punk|you only won
|
|switch|p1a: Latias|Latias, F|109\/302
|-damage|p1a: Latias|72\/302|[from] Stealth Rock
|turn|22
|c|âYoung Ol' Punk|because of hax
|c|âYoung Ol' Punk|other than that
|c|âYoung Ol' Punk|you're complete garbage
|
|move|p2a: Heatran|Flash Cannon|p1a: Latias
|-damage|p1a: Latias|0 fnt
|faint|p1a: Latias
|
|c|âterry41|ok have a nice day buddy
|
|switch|p1a: Sylveon|Sylveon, F, shiny|293\/394
|-damage|p1a: Sylveon|244\/394|[from] Stealth Rock
|turn|23
|c|âYoung Ol' Punk|hey pal go fuck yourself
|c|âYoung Ol' Punk|isaw your mom doing anal with the neighbor
|c|âterry41|lol thanks for ur commentary this is gonna help my paper
|c|âYoung Ol' Punk|you're dad is a gay
|c| LordRay|his paper on how video game ssupport aggressive behavior
|c|âterry41|and thats an insult because?
|c|âYoung Ol' Punk|because it's an insult?
|c|âterry41|whats wrong with homosexually?
|c|âYoung Ol' Punk|i dont wanna see a gay trying to put his dick into another gay's dick
|c|âYoung Ol' Punk|or if it's lesbian i dont wanna see two women and two vaginas
|c|âterry41|yeah but that doesnt mean homsexually is a problem just mean us prejudice against it
|c|âterry41|for an unjustified reason
|-message|Young Ol' Punk lost due to inactivity.
|
|win|terry41
|c|âterry41|you technically dont have to watch it but that doesnt mean u should be negative towrds it
|
|c|âYoung Ol' Punk|no
|c|âYoung Ol' Punk|i dont listen to you remember?
|c|âYoung Ol' Punk|so
|c|âYoung Ol' Punk|no
|c| LordRay|enough of this
|c|âYoung Ol' Punk|mr mature
|c|âYoung Ol' Punk|trying to end stuff
|c|âterry41|ray its okay i already saved the replay
|c|âYoung Ol' Punk|go chug some chlorine