|join|SciresM
|join|terry41
|player|p1|SciresM|2
|player|p2|terry41|169
|gametype|singles
|gen|6
|tier|OU
|rated
|clearpoke
|poke|p1|Azelf
|poke|p1|Scolipede, M
|poke|p1|Espeon, F
|poke|p1|Whimsicott, M
|poke|p1|Charizard, F
|poke|p1|Talonflame, F
|poke|p2|Excadrill, F
|poke|p2|Lopunny, F
|poke|p2|Volcarona, F
|poke|p2|Tyranitar, F
|poke|p2|Azumarill, M
|poke|p2|Thundurus, M
|rule|Swagger Clause: Swagger is banned
|rule|Baton Pass Clause: Limit one PokÃ©mon knowing Baton Pass
|rule|Sleep Clause Mod: Limit one foe put to sleep
|rule|Species Clause: Limit one of each PokÃ©mon
|rule|OHKO Clause: OHKO moves are banned
|rule|Moody Clause: Moody is banned
|rule|Evasion Moves Clause: Evasion moves are banned
|rule|Endless Battle Clause: Forcing endless battles is banned
|rule|HP Percentage Mod: HP is shown in percentages
|teampreview
|
|start
|switch|p1a: Azelf|Azelf|292\/292
|switch|p2a: Lopunny|Lopunny, F|271\/271
|turn|1
|
|detailschange|p2a: Lopunny|Lopunny-Mega, F
|-mega|p2a: Lopunny|Lopunny|Lopunnite
|move|p2a: Lopunny|Fake Out|p1a: Azelf
|-damage|p1a: Azelf|195\/292
|cant|p1a: Azelf|flinch
|
|turn|2
|
|move|p2a: Lopunny|Return|p1a: Azelf
|-damage|p1a: Azelf|0 fnt
|faint|p1a: Azelf
|
|
|switch|p1a: Charizard|Charizard, F|297\/297
|turn|3
|
|detailschange|p1a: Charizard|Charizard-Mega-X, F
|-mega|p1a: Charizard|Charizard|Charizardite X
|move|p2a: Lopunny|Return|p1a: Charizard
|-damage|p1a: Charizard|117\/297
|move|p1a: Charizard|Dragon Dance|p1a: Charizard
|-boost|p1a: Charizard|atk|1
|-boost|p1a: Charizard|spe|1
|
|turn|4
|
|switch|p2a: Tyranitar|Tyranitar, F|403\/403
|-weather|Sandstorm
|move|p1a: Charizard|Dragon Claw|p2a: Tyranitar
|-damage|p2a: Tyranitar|181\/403
|
|-weather|Sandstorm|[upkeep]
|-damage|p1a: Charizard|99\/297|[from] sandstorm
|turn|5
|
|switch|p2a: Azumarill|Azumarill, M|358\/358
|move|p1a: Charizard|Earthquake|p2a: Azumarill
|-crit|p2a: Azumarill
|-damage|p2a: Azumarill|30\/358
|
|-weather|Sandstorm|[upkeep]
|-damage|p1a: Charizard|81\/297|[from] sandstorm
|-damage|p2a: Azumarill|8\/358|[from] sandstorm
|turn|6
|
|move|p2a: Azumarill|Aqua Jet|p1a: Charizard
|-damage|p1a: Charizard|0 fnt
|faint|p1a: Charizard
|
|-weather|Sandstorm|[upkeep]
|-damage|p2a: Azumarill|0 fnt|[from] sandstorm
|faint|p2a: Azumarill
|
|switch|p2a: Lopunny|Lopunny-Mega, F|271\/271
|switch|p1a: Whimsicott|Whimsicott, M|323\/323
|turn|7
|
|move|p2a: Lopunny|Fake Out|p1a: Whimsicott
|-damage|p1a: Whimsicott|263\/323
|cant|p1a: Whimsicott|flinch
|
|-weather|Sandstorm|[upkeep]
|-damage|p2a: Lopunny|255\/271|[from] sandstorm
|-damage|p1a: Whimsicott|243\/323|[from] sandstorm
|turn|8
|
|move|p1a: Whimsicott|Encore|p2a: Lopunny
|-start|p2a: Lopunny|Encore
|move|p2a: Lopunny|Fake Out|p1a: Whimsicott
|-hint|Fake Out only works on your first turn out.
|-fail|p1a: Whimsicott
|
|-weather|Sandstorm|[upkeep]
|-damage|p2a: Lopunny|239\/271|[from] sandstorm
|-damage|p1a: Whimsicott|223\/323|[from] sandstorm
|turn|9
|
|switch|p2a: Thundurus|Thundurus, M|299\/299
|move|p1a: Whimsicott|Memento|p2a: Thundurus
|-unboost|p2a: Thundurus|atk|2
|-unboost|p2a: Thundurus|spa|2
|faint|p1a: Whimsicott
|
|-weather|Sandstorm|[upkeep]
|-damage|p2a: Thundurus|281\/299|[from] sandstorm
|
|switch|p1a: Scolipede|Scolipede, M|323\/323
|turn|10
|
|move|p1a: Scolipede|Protect|p1a: Scolipede
|-singleturn|p1a: Scolipede|Protect
|move|p2a: Thundurus|Thunder Wave|p1a: Scolipede
|-activate|p1a: Scolipede|Protect
|
|-weather|Sandstorm|[upkeep]
|-damage|p2a: Thundurus|263\/299|[from] sandstorm
|-damage|p1a: Scolipede|303\/323|[from] sandstorm
|-boost|p1a: Scolipede|spe|1|[from] ability: Speed Boost
|turn|11
|
|move|p2a: Thundurus|Thunder Wave|p1a: Scolipede
|-status|p1a: Scolipede|par
|move|p1a: Scolipede|Iron Defense|p1a: Scolipede
|-boost|p1a: Scolipede|def|2
|
|-weather|none
|-boost|p1a: Scolipede|spe|1|[from] ability: Speed Boost
|turn|12
|
|switch|p2a: Volcarona|Volcarona, F|327\/327
|move|p1a: Scolipede|Baton Pass|p1a: Scolipede
|
|switch|p1a: Espeon|Espeon, F|334\/334
|
|turn|13
|
|move|p1a: Espeon|Calm Mind|p1a: Espeon
|-boost|p1a: Espeon|spa|1
|-boost|p1a: Espeon|spd|1
|move|p2a: Volcarona|Bug Buzz|p1a: Espeon
|-supereffective|p1a: Espeon
|-damage|p1a: Espeon|116\/334
|
|-heal|p1a: Espeon|136\/334|[from] item: Leftovers
|turn|14
|
|move|p1a: Espeon|Stored Power|p2a: Volcarona
|-damage|p2a: Volcarona|27\/327
|move|p2a: Volcarona|Bug Buzz|p1a: Espeon
|-supereffective|p1a: Espeon
|-damage|p1a: Espeon|0 fnt
|faint|p1a: Espeon
|
|-message|SciresM forfeited.
|leave|SciresM
|
|switch|p1a: Talonflame|Talonflame, F|359\/359
|turn|15
|
|win|terry41
|raw|Ladder updating...
|player|p1
|raw|SciresM's rating: 1608 &rarr; <strong>1585<\/strong><br \/>(-23 for losing)
|raw|terry41's rating: 1566 &rarr; <strong>1588<\/strong><br \/>(+22 for winning)