|join|terry41
|join|Nesteaaaaaa
|player|p1|terry41|17
|player|p2|Nesteaaaaaa|2
|gametype|singles
|gen|6
|tier|OU (suspect test)
|rated
|clearpoke
|poke|p1|Tyranitar, F
|poke|p1|Excadrill, F
|poke|p1|Latios, M
|poke|p1|Charizard, M
|poke|p1|Mienshao, F
|poke|p1|Azumarill, M
|poke|p2|Tyranitar, M
|poke|p2|Excadrill, F
|poke|p2|Dragonite, F
|poke|p2|Gardevoir, F
|poke|p2|Ferrothorn, F
|poke|p2|Rotom-Wash
|rule|Swagger Clause: Swagger is banned
|rule|Baton Pass Clause: Limit one PokÃ©mon knowing Baton Pass
|rule|Sleep Clause Mod: Limit one foe put to sleep
|rule|Species Clause: Limit one of each PokÃ©mon
|rule|OHKO Clause: OHKO moves are banned
|rule|Moody Clause: Moody is banned
|rule|Evasion Moves Clause: Evasion moves are banned
|rule|Endless Battle Clause: Forcing endless battles is banned
|rule|HP Percentage Mod: HP is shown in percentages
|teampreview
|
|start
|switch|p1a: Charles|Mienshao, F|271\/271
|switch|p2a: Washtom-Posh|Rotom-Wash|303\/303
|turn|1
|
|move|p1a: Charles|U-turn|p2a: Washtom-Posh
|-damage|p2a: Washtom-Posh|230\/303
|-damage|p1a: Charles|244\/271|[from] item: Life Orb
|
|switch|p1a: Reptar|Tyranitar, F|342\/342
|-weather|Sandstorm
|move|p2a: Washtom-Posh|Volt Switch|p1a: Reptar
|-damage|p1a: Reptar|285\/342
|
|switch|p2a: DRAGON BITCH|Tyranitar, M|341\/341
|
|-weather|Sandstorm|[upkeep]
|turn|2
|
|detailschange|p2a: DRAGON BITCH|Tyranitar-Mega, M
|-mega|p2a: DRAGON BITCH|Tyranitar|Tyranitarite
|move|p1a: Reptar|Stealth Rock|p2a: DRAGON BITCH
|-sidestart|p2: Nesteaaaaaa|move: Stealth Rock
|move|p2a: DRAGON BITCH|Dragon Dance|p2a: DRAGON BITCH
|-boost|p2a: DRAGON BITCH|atk|1
|-boost|p2a: DRAGON BITCH|spe|1
|
|-weather|Sandstorm|[upkeep]
|turn|3
|
|switch|p1a: Azumarill|Azumarill, M|398\/398
|move|p2a: DRAGON BITCH|Dragon Dance|p2a: DRAGON BITCH
|-boost|p2a: DRAGON BITCH|atk|1
|-boost|p2a: DRAGON BITCH|spe|1
|
|-weather|Sandstorm|[upkeep]
|-damage|p1a: Azumarill|374\/398|[from] sandstorm
|turn|4
|
|switch|p2a: I'm Out|Ferrothorn, F|352\/352
|-damage|p2a: I'm Out|330\/352|[from] Stealth Rock
|move|p1a: Azumarill|Aqua Jet|p2a: I'm Out
|-resisted|p2a: I'm Out
|-damage|p2a: I'm Out|283\/352
|-damage|p1a: Azumarill|325\/398|[from] ability: Iron Barbs|[of] p2a: I'm Out
|-damage|p1a: Azumarill|259\/398|[from] item: Rocky Helmet|[of] p2a: I'm Out
|
|-weather|Sandstorm|[upkeep]
|-damage|p1a: Azumarill|235\/398|[from] sandstorm
|turn|5
|
|switch|p1a: Charizard|Charizard, M|297\/297
|move|p2a: I'm Out|Stealth Rock|p1a: Charizard
|-sidestart|p1: terry41|move: Stealth Rock
|
|-weather|none
|turn|6
|
|switch|p2a: DRAGON BITCH|Tyranitar-Mega, M|341\/341
|-damage|p2a: DRAGON BITCH|299\/341|[from] Stealth Rock
|-weather|Sandstorm
|detailschange|p1a: Charizard|Charizard-Mega-Y, M
|-mega|p1a: Charizard|Charizard|Charizardite Y
|-weather|SunnyDay
|move|p1a: Charizard|Fire Blast|p2a: DRAGON BITCH
|-resisted|p2a: DRAGON BITCH
|-damage|p2a: DRAGON BITCH|148\/341
|
|-weather|SunnyDay|[upkeep]
|turn|7
|
|switch|p2a: Insane|Dragonite, F|323\/323
|-damage|p2a: Insane|243\/323|[from] Stealth Rock
|move|p1a: Charizard|Fire Blast|p2a: Insane
|-resisted|p2a: Insane
|-damage|p2a: Insane|69\/323
|
|-weather|SunnyDay|[upkeep]
|turn|8
|
|move|p1a: Charizard|Fire Blast|p2a: Insane
|-crit|p2a: Insane
|-resisted|p2a: Insane
|-damage|p2a: Insane|0 fnt
|faint|p2a: Insane
|
|-weather|SunnyDay|[upkeep]
|
|switch|p2a: Washtom-Posh|Rotom-Wash|230\/303
|-damage|p2a: Washtom-Posh|193\/303|[from] Stealth Rock
|turn|9
|join|jack0fjabl3s
|
|move|p2a: Washtom-Posh|Hydro Pump|p1a: Charizard
|-supereffective|p1a: Charizard
|-damage|p1a: Charizard|181\/297
|move|p1a: Charizard|Solar Beam|p2a: Washtom-Posh|[still]
|-prepare|p1a: Charizard|Solar Beam|p2a: Washtom-Posh
|-anim|p1a: Charizard|Solar Beam|p2a: Washtom-Posh
|-supereffective|p2a: Washtom-Posh
|-damage|p2a: Washtom-Posh|0 fnt
|faint|p2a: Washtom-Posh
|
|-weather|SunnyDay|[upkeep]
|
|switch|p2a: DRAGON BITCH|Tyranitar-Mega, M|148\/341
|-damage|p2a: DRAGON BITCH|106\/341|[from] Stealth Rock
|-weather|Sandstorm
|turn|10
|
|switch|p2a: GGF|Excadrill, F|361\/361
|-damage|p2a: GGF|350\/361|[from] Stealth Rock
|move|p1a: Charizard|Focus Blast|p2a: GGF
|-supereffective|p2a: GGF
|-damage|p2a: GGF|0 fnt
|faint|p2a: GGF
|
|-weather|Sandstorm|[upkeep]
|-damage|p1a: Charizard|163\/297|[from] sandstorm
|leave|jack0fjabl3s
|-message|Nesteaaaaaa forfeited.
|
|win|terry41
|raw|Ladder updating...
|leave|Nesteaaaaaa
|player|p2
|raw|terry41's rating: 1180 &rarr; <strong>1199<\/strong><br \/>(+19 for winning)
|raw|Nesteaaaaaa's rating: 1091 &rarr; <strong>1073<\/strong><br \/>(-18 for losing)