|join|hot gay man
|join|TARJA TURUNEN
|player|p1|hot gay man|156
|player|p2|TARJA TURUNEN|260
|gametype|singles
|gen|6
|tier|OU
|rated
|clearpoke
|poke|p1|Cottonee, M
|poke|p1|Azelf
|poke|p1|Whimsicott, F
|poke|p1|Smeargle, M, shiny
|poke|p1|Espeon, M
|poke|p1|Gothitelle, F
|poke|p2|Kyurem-Black
|poke|p2|Mew
|poke|p2|Scizor, M
|poke|p2|Azumarill, M
|poke|p2|Thundurus, M
|poke|p2|Infernape, M
|rule|Swagger Clause: Swagger is banned
|rule|Baton Pass Clause: Limit one PokÃ©mon knowing Baton Pass
|rule|Sleep Clause Mod: Limit one foe put to sleep
|rule|Species Clause: Limit one of each PokÃ©mon
|rule|OHKO Clause: OHKO moves are banned
|rule|Moody Clause: Moody is banned
|rule|Evasion Moves Clause: Evasion moves are banned
|rule|Endless Battle Clause: Forcing endless battles is banned
|rule|HP Percentage Mod: HP is shown in percentages
|teampreview
|
|start
|switch|p1a: CHICHICHI LELELE|Cottonee, M|284\/284
|switch|p2a: Scizor|Scizor, M|343\/343
|turn|1
|
|detailschange|p2a: Scizor|Scizor-Mega, M
|message|Scizor has Mega Evolved into Mega Scizor!
|move|p1a: CHICHICHI LELELE|Tailwind|p1a: CHICHICHI LELELE
|-sidestart|p1: hot gay man|move: Tailwind
|move|p2a: Scizor|Bullet Punch|p1a: CHICHICHI LELELE
|-supereffective|p1a: CHICHICHI LELELE
|-enditem|p1a: CHICHICHI LELELE|Focus Sash
|-damage|p1a: CHICHICHI LELELE|1\/284
|
|turn|2
|
|switch|p2a: Thundurus|Thundurus, M|299\/299
|move|p1a: CHICHICHI LELELE|Memento|p2a: Thundurus
|-unboost|p2a: Thundurus|atk|2
|-unboost|p2a: Thundurus|spa|2
|faint|p1a: CHICHICHI LELELE
|
|
|switch|p1a: MURDERESS|Gothitelle, F|344\/344
|turn|3
|
|move|p2a: Thundurus|Thunder Wave|p1a: MURDERESS
|-status|p1a: MURDERESS|par
|move|p1a: MURDERESS|Psychic|p2a: Thundurus
|-damage|p2a: Thundurus|14\/299
|
|turn|4
|
|move|p2a: Thundurus|Thunderbolt|p1a: MURDERESS
|-damage|p1a: MURDERESS|250\/344 par
|-damage|p2a: Thundurus|0 fnt|[from] item: Life Orb
|faint|p2a: Thundurus
|cant|p1a: MURDERESS|par
|
|-sideend|p1: hot gay man|move: Tailwind
|
|switch|p2a: Scizor|Scizor-Mega, M|343\/343
|turn|5
|
|switch|p1a: FAIRY SOLIDARITY|Whimsicott, F|324\/324
|move|p2a: Scizor|U-turn|p1a: FAIRY SOLIDARITY
|-damage|p1a: FAIRY SOLIDARITY|173\/324
|
|switch|p2a: Kyurem-Black|Kyurem-Black|405\/405
|-ability|p2a: Kyurem-Black|Teravolt
|
|turn|6
|
|switch|p1a: MURDERESS|Gothitelle, F|250\/344 par
|move|p2a: Kyurem-Black|Ice Beam|p1a: MURDERESS
|-damage|p1a: MURDERESS|86\/344 par
|-damage|p2a: Kyurem-Black|365\/405|[from] item: Life Orb
|
|turn|7
|
|move|p2a: Kyurem-Black|Ice Beam|p1a: MURDERESS
|-damage|p1a: MURDERESS|0 fnt
|-damage|p2a: Kyurem-Black|325\/405|[from] item: Life Orb
|faint|p1a: MURDERESS
|
|
|switch|p1a: VIVA CHILE|Azelf|354\/354
|turn|8
|
|switch|p2a: Scizor|Scizor-Mega, M|343\/343
|move|p1a: VIVA CHILE|Light Screen|p1a: VIVA CHILE
|-sidestart|p1: hot gay man|move: Light Screen
|
|turn|9
|
|move|p1a: VIVA CHILE|Reflect|p1a: VIVA CHILE
|-sidestart|p1: hot gay man|Reflect
|move|p2a: Scizor|Knock Off|p1a: VIVA CHILE
|-supereffective|p1a: VIVA CHILE
|-damage|p1a: VIVA CHILE|209\/354
|-enditem|p1a: VIVA CHILE|Light Clay|[from] move: Knock Off|[of] p2a: Scizor
|
|turn|10
|
|move|p1a: VIVA CHILE|Explosion|p2a: Scizor
|-resisted|p2a: Scizor
|-damage|p2a: Scizor|266\/343
|faint|p1a: VIVA CHILE
|move|p2a: Scizor|U-turn|p1: VIVA CHILE|[notarget]
|-notarget
|
|
|switch|p1a: THE BP SAVIOR|Smeargle, M, shiny|251\/251
|turn|11
|
|switch|p2a: Kyurem-Black|Kyurem-Black|325\/405
|-ability|p2a: Kyurem-Black|Teravolt
|move|p1a: THE BP SAVIOR|Geomancy|p1a: THE BP SAVIOR|[still]
|-prepare|p1a: THE BP SAVIOR|Geomancy|p1a: THE BP SAVIOR
|-enditem|p1a: THE BP SAVIOR|Power Herb
|-anim|p1a: THE BP SAVIOR|Geomancy|p1a: THE BP SAVIOR
|-boost|p1a: THE BP SAVIOR|spa|2
|-boost|p1a: THE BP SAVIOR|spd|2
|-boost|p1a: THE BP SAVIOR|spe|2
|
|turn|12
|
|move|p1a: THE BP SAVIOR|Cotton Guard|p1a: THE BP SAVIOR
|-boost|p1a: THE BP SAVIOR|def|3
|move|p2a: Kyurem-Black|Focus Blast|p1a: THE BP SAVIOR|[miss]
|-miss|p2a: Kyurem-Black|p1a: THE BP SAVIOR
|
|turn|13
|
|move|p1a: THE BP SAVIOR|Spore|p2a: Kyurem-Black
|-status|p2a: Kyurem-Black|slp
|cant|p2a: Kyurem-Black|slp
|
|turn|14
|
|switch|p2a: Mew|Mew|404\/404
|move|p1a: THE BP SAVIOR|Baton Pass|p1a: THE BP SAVIOR
|
|switch|p1a: DON TROLEONE|Espeon, M|321\/321
|
|turn|15
|
|move|p1a: DON TROLEONE|Substitute|p1a: DON TROLEONE
|-start|p1a: DON TROLEONE|Substitute
|-damage|p1a: DON TROLEONE|241\/321
|move|p2a: Mew|Defog|p1a: DON TROLEONE
|move|p1a: DON TROLEONE|Defog|p2a: Mew|[from]Magic Bounce
|-unboost|p2a: Mew|evasion|1
|
|-heal|p1a: DON TROLEONE|261\/321|[from] item: Leftovers
|-sideend|p1: hot gay man|move: Light Screen
|turn|16
|
|move|p1a: DON TROLEONE|Stored Power|p2a: Mew
|-crit|p2a: Mew
|-resisted|p2a: Mew
|-damage|p2a: Mew|0 fnt
|faint|p2a: Mew
|
|-heal|p1a: DON TROLEONE|281\/321|[from] item: Leftovers
|-sideend|p1: hot gay man|Reflect
|
|switch|p2a: Scizor|Scizor-Mega, M|266\/343
|turn|17
|join|deklmel
|
|move|p1a: DON TROLEONE|Stored Power|p2a: Scizor
|-resisted|p2a: Scizor
|-damage|p2a: Scizor|40\/343
|move|p2a: Scizor|U-turn|p1a: DON TROLEONE
|-supereffective|p1a: DON TROLEONE
|-end|p1a: DON TROLEONE|Substitute
|
|switch|p2a: Infernape|Infernape, M|293\/293
|
|-heal|p1a: DON TROLEONE|301\/321|[from] item: Leftovers
|turn|18
|
|move|p1a: DON TROLEONE|Substitute|p1a: DON TROLEONE
|-start|p1a: DON TROLEONE|Substitute
|-damage|p1a: DON TROLEONE|221\/321
|move|p2a: Infernape|Heat Wave|p1a: DON TROLEONE
|-crit|p1a: DON TROLEONE
|-end|p1a: DON TROLEONE|Substitute
|
|-heal|p1a: DON TROLEONE|241\/321|[from] item: Leftovers
|turn|19
|
|move|p1a: DON TROLEONE|Substitute|p1a: DON TROLEONE
|-start|p1a: DON TROLEONE|Substitute
|-damage|p1a: DON TROLEONE|161\/321
|move|p2a: Infernape|Heat Wave|p1a: DON TROLEONE
|-activate|p1a: DON TROLEONE|Substitute|[damage]
|
|-heal|p1a: DON TROLEONE|181\/321|[from] item: Leftovers
|turn|20
|
|move|p1a: DON TROLEONE|Stored Power|p2a: Infernape
|-crit|p2a: Infernape
|-supereffective|p2a: Infernape
|-enditem|p2a: Infernape|Focus Sash
|-damage|p2a: Infernape|1\/293
|move|p2a: Infernape|Heat Wave|p1a: DON TROLEONE
|-crit|p1a: DON TROLEONE
|-end|p1a: DON TROLEONE|Substitute
|
|-heal|p1a: DON TROLEONE|201\/321|[from] item: Leftovers
|turn|21
|
|move|p1a: DON TROLEONE|Stored Power|p2a: Infernape
|-supereffective|p2a: Infernape
|-damage|p2a: Infernape|0 fnt
|faint|p2a: Infernape
|
|-heal|p1a: DON TROLEONE|221\/321|[from] item: Leftovers
|
|switch|p2a: Scizor|Scizor-Mega, M|40\/343
|turn|22
|
|move|p2a: Scizor|Bullet Punch|p1a: DON TROLEONE
|-damage|p1a: DON TROLEONE|173\/321
|move|p1a: DON TROLEONE|Stored Power|p2a: Scizor
|-resisted|p2a: Scizor
|-damage|p2a: Scizor|0 fnt
|faint|p2a: Scizor
|
|-heal|p1a: DON TROLEONE|193\/321|[from] item: Leftovers
|
|switch|p2a: Azumarill|Azumarill, M|403\/403
|turn|23
|
|move|p1a: DON TROLEONE|Stored Power|p2a: Azumarill
|-damage|p2a: Azumarill|0 fnt
|faint|p2a: Azumarill
|
|-heal|p1a: DON TROLEONE|213\/321|[from] item: Leftovers
|-message|TARJA TURUNEN forfeited.
|
|win|hot gay man
|raw|Ladder updating...
|leave|TARJA TURUNEN
|player|p2
|raw|hot gay man's rating: 1930 &rarr; <strong>1937<\/strong><br \/>(+7 for winning)
|raw|TARJA TURUNEN's rating: 1643 &rarr; <strong>1636<\/strong><br \/>(-7 for losing)