|join|Davon
|join|TARJA TURUNEN
|player|p1|Davon|75
|player|p2|TARJA TURUNEN|260
|gametype|singles
|gen|6
|tier|OU
|rated
|clearpoke
|poke|p1|Dugtrio, M
|poke|p1|Charizard, F
|poke|p1|Ferrothorn, F
|poke|p1|Excadrill, M
|poke|p1|Clefable, F
|poke|p1|Slowbro, M
|poke|p2|Metagross
|poke|p2|Landorus-Therian, M
|poke|p2|Rotom-Wash, shiny
|poke|p2|Greninja, M
|poke|p2|Conkeldurr, F
|poke|p2|Ferrothorn, M
|rule|Swagger Clause: Swagger is banned
|rule|Baton Pass Clause: Limit one PokÃ©mon knowing Baton Pass
|rule|Sleep Clause Mod: Limit one foe put to sleep
|rule|Species Clause: Limit one of each PokÃ©mon
|rule|OHKO Clause: OHKO moves are banned
|rule|Moody Clause: Moody is banned
|rule|Evasion Moves Clause: Evasion moves are banned
|rule|Endless Battle Clause: Forcing endless battles is banned
|rule|HP Percentage Mod: HP is shown in percentages
|teampreview
|
|start
|switch|p1a: Slowbro|Slowbro, M|394\/394
|switch|p2a: Rotom-Wash|Rotom-Wash, shiny|304\/304
|turn|1
|
|switch|p1a: Ferrothorn|Ferrothorn, F|352\/352
|move|p2a: Rotom-Wash|Volt Switch|p1a: Ferrothorn
|-resisted|p1a: Ferrothorn
|-damage|p1a: Ferrothorn|324\/352
|
|switch|p2a: Conkeldurr|Conkeldurr, F|413\/413
|
|-heal|p1a: Ferrothorn|346\/352|[from] item: Leftovers
|turn|2
|join|PuddlesA1
|leave|PuddlesA1
|
|switch|p1a: Clefable|Clefable, F|385\/385
|move|p2a: Conkeldurr|Fire Punch|p1a: Clefable
|-damage|p1a: Clefable|289\/385
|
|-heal|p1a: Clefable|313\/385|[from] item: Leftovers
|turn|3
|
|switch|p2a: Ferrothorn|Ferrothorn, M|352\/352
|move|p1a: Clefable|Fire Blast|p2a: Ferrothorn
|-supereffective|p2a: Ferrothorn
|-damage|p2a: Ferrothorn|124\/352
|
|-heal|p1a: Clefable|337\/385|[from] item: Leftovers
|-heal|p2a: Ferrothorn|146\/352|[from] item: Leftovers
|turn|4
|
|move|p1a: Clefable|Fire Blast|p2a: Ferrothorn
|-supereffective|p2a: Ferrothorn
|-damage|p2a: Ferrothorn|0 fnt
|faint|p2a: Ferrothorn
|
|-heal|p1a: Clefable|361\/385|[from] item: Leftovers
|
|switch|p2a: Metagross|Metagross|301\/301
|turn|5
|
|switch|p2a: Conkeldurr|Conkeldurr, F|413\/413
|switch|p1a: Ferrothorn|Ferrothorn, F|346\/352
|
|-heal|p1a: Ferrothorn|352\/352|[from] item: Leftovers
|turn|6
|
|move|p1a: Ferrothorn|Protect|p1a: Ferrothorn
|-singleturn|p1a: Ferrothorn|Protect
|move|p2a: Conkeldurr|Knock Off|p1a: Ferrothorn
|-activate|p1a: Ferrothorn|Protect
|
|turn|7
|
|switch|p1a: Clefable|Clefable, F|361\/385
|move|p2a: Conkeldurr|Fire Punch|p1a: Clefable
|-damage|p1a: Clefable|277\/385
|
|-heal|p1a: Clefable|301\/385|[from] item: Leftovers
|turn|8
|
|move|p1a: Clefable|Moonblast|p2a: Conkeldurr
|-supereffective|p2a: Conkeldurr
|-damage|p2a: Conkeldurr|213\/413
|-unboost|p2a: Conkeldurr|spa|1
|move|p2a: Conkeldurr|Knock Off|p1a: Clefable
|-resisted|p1a: Clefable
|-damage|p1a: Clefable|241\/385
|-enditem|p1a: Clefable|Leftovers|[from] move: Knock Off|[of] p2a: Conkeldurr
|
|turn|9
|
|switch|p2a: Rotom-Wash|Rotom-Wash, shiny|304\/304
|move|p1a: Clefable|Moonlight|p1a: Clefable
|-heal|p1a: Clefable|385\/385
|
|turn|10
|
|move|p2a: Rotom-Wash|Will-O-Wisp|p1a: Clefable|[miss]
|-miss|p2a: Rotom-Wash|p1a: Clefable
|move|p1a: Clefable|Fire Blast|p2a: Rotom-Wash
|-resisted|p2a: Rotom-Wash
|-damage|p2a: Rotom-Wash|268\/304
|
|-heal|p2a: Rotom-Wash|287\/304|[from] item: Leftovers
|turn|11
|
|move|p2a: Rotom-Wash|Will-O-Wisp|p1a: Clefable
|-status|p1a: Clefable|brn
|move|p1a: Clefable|Moonblast|p2a: Rotom-Wash
|-damage|p2a: Rotom-Wash|182\/304
|
|-heal|p2a: Rotom-Wash|201\/304|[from] item: Leftovers
|-damage|p1a: Clefable|337\/385 brn|[from] brn
|turn|12
|
|move|p2a: Rotom-Wash|Hydro Pump|p1a: Clefable
|-damage|p1a: Clefable|195\/385 brn
|move|p1a: Clefable|Fire Blast|p2a: Rotom-Wash
|-resisted|p2a: Rotom-Wash
|-damage|p2a: Rotom-Wash|161\/304
|-status|p2a: Rotom-Wash|brn
|
|-heal|p2a: Rotom-Wash|180\/304 brn|[from] item: Leftovers
|-damage|p2a: Rotom-Wash|142\/304 brn|[from] brn
|-damage|p1a: Clefable|147\/385 brn|[from] brn
|turn|13
|
|move|p2a: Rotom-Wash|Volt Switch|p1a: Clefable
|-damage|p1a: Clefable|57\/385 brn
|
|switch|p2a: Greninja|Greninja, M|285\/285
|move|p1a: Clefable|Moonlight|p1a: Clefable
|-heal|p1a: Clefable|249\/385 brn
|
|-damage|p1a: Clefable|201\/385 brn|[from] brn
|turn|14
|
|switch|p1a: Ferrothorn|Ferrothorn, F|352\/352
|move|p2a: Greninja|Surf|p1a: Ferrothorn
|-resisted|p1a: Ferrothorn
|-damage|p1a: Ferrothorn|294\/352
|-damage|p2a: Greninja|257\/285|[from] item: Life Orb
|
|-heal|p1a: Ferrothorn|316\/352|[from] item: Leftovers
|turn|15
|
|switch|p2a: Rotom-Wash|Rotom-Wash, shiny|142\/304 brn
|move|p1a: Ferrothorn|Leech Seed|p2a: Rotom-Wash
|-start|p2a: Rotom-Wash|move: Leech Seed
|
|-heal|p2a: Rotom-Wash|161\/304 brn|[from] item: Leftovers
|-heal|p1a: Ferrothorn|338\/352|[from] item: Leftovers
|-damage|p2a: Rotom-Wash|123\/304 brn|[from] Leech Seed|[of] p1a: Ferrothorn
|-heal|p1a: Ferrothorn|352\/352|[silent]
|-damage|p2a: Rotom-Wash|85\/304 brn|[from] brn
|turn|16
|
|move|p2a: Rotom-Wash|Pain Split|p1a: Ferrothorn
|-sethp|p1a: Ferrothorn|218\/352|p2a: Rotom-Wash|218\/304 brn|[from] move: Pain Split
|move|p1a: Ferrothorn|Spikes|p2a: Rotom-Wash
|-sidestart|p2: TARJA TURUNEN|Spikes
|
|-heal|p2a: Rotom-Wash|237\/304 brn|[from] item: Leftovers
|-heal|p1a: Ferrothorn|240\/352|[from] item: Leftovers
|-damage|p2a: Rotom-Wash|199\/304 brn|[from] Leech Seed|[of] p1a: Ferrothorn
|-heal|p1a: Ferrothorn|278\/352|[silent]
|-damage|p2a: Rotom-Wash|161\/304 brn|[from] brn
|turn|17
|
|move|p2a: Rotom-Wash|Will-O-Wisp|p1a: Ferrothorn|[miss]
|-miss|p2a: Rotom-Wash|p1a: Ferrothorn
|move|p1a: Ferrothorn|Leech Seed|p2a: Rotom-Wash
|-fail|p2a: Rotom-Wash
|
|-heal|p2a: Rotom-Wash|180\/304 brn|[from] item: Leftovers
|-heal|p1a: Ferrothorn|300\/352|[from] item: Leftovers
|-damage|p2a: Rotom-Wash|142\/304 brn|[from] Leech Seed|[of] p1a: Ferrothorn
|-heal|p1a: Ferrothorn|338\/352|[silent]
|-damage|p2a: Rotom-Wash|104\/304 brn|[from] brn
|turn|18
|
|move|p1a: Ferrothorn|Protect|p1a: Ferrothorn
|-singleturn|p1a: Ferrothorn|Protect
|move|p2a: Rotom-Wash|Will-O-Wisp|p1a: Ferrothorn
|-activate|p1a: Ferrothorn|Protect
|
|-heal|p2a: Rotom-Wash|123\/304 brn|[from] item: Leftovers
|-heal|p1a: Ferrothorn|352\/352|[from] item: Leftovers
|-damage|p2a: Rotom-Wash|85\/304 brn|[from] Leech Seed|[of] p1a: Ferrothorn
|-damage|p2a: Rotom-Wash|47\/304 brn|[from] brn
|turn|19
|
|switch|p1a: Charizard|Charizard, F|297\/297
|move|p2a: Rotom-Wash|Pain Split|p1a: Charizard
|-sethp|p1a: Charizard|172\/297|p2a: Rotom-Wash|172\/304 brn|[from] move: Pain Split
|
|-heal|p2a: Rotom-Wash|191\/304 brn|[from] item: Leftovers
|-damage|p2a: Rotom-Wash|153\/304 brn|[from] Leech Seed|[of] p1a: Charizard
|-heal|p1a: Charizard|210\/297|[silent]
|-damage|p2a: Rotom-Wash|115\/304 brn|[from] brn
|turn|20
|
|switch|p2a: Landorus-Therian|Landorus-Therian, M|327\/327
|-ability|p2a: Landorus-Therian|Intimidate|[of] p1a: Charizard
|-unboost|p1a: Charizard|atk|1
|detailschange|p1a: Charizard|Charizard-Mega-X, F
|message|Charizard has Mega Evolved into Mega Charizard!
|move|p1a: Charizard|Dragon Dance|p1a: Charizard
|-boost|p1a: Charizard|atk|1
|-boost|p1a: Charizard|spe|1
|
|turn|21
|
|switch|p1a: Slowbro|Slowbro, M|394\/394
|move|p2a: Landorus-Therian|Earthquake|p1a: Slowbro
|-damage|p1a: Slowbro|267\/394
|
|-heal|p1a: Slowbro|291\/394|[from] item: Leftovers
|turn|22
|
|switch|p2a: Rotom-Wash|Rotom-Wash, shiny|115\/304 brn
|move|p1a: Slowbro|Scald|p2a: Rotom-Wash
|-resisted|p2a: Rotom-Wash
|-damage|p2a: Rotom-Wash|69\/304 brn
|
|-heal|p2a: Rotom-Wash|88\/304 brn|[from] item: Leftovers
|-heal|p1a: Slowbro|315\/394|[from] item: Leftovers
|-damage|p2a: Rotom-Wash|50\/304 brn|[from] brn
|turn|23
|
|switch|p1a: Dugtrio|Dugtrio, M|212\/212
|move|p2a: Rotom-Wash|Pain Split|p1a: Dugtrio
|-sethp|p1a: Dugtrio|131\/212|p2a: Rotom-Wash|131\/304 brn|[from] move: Pain Split
|
|-heal|p2a: Rotom-Wash|150\/304 brn|[from] item: Leftovers
|-damage|p2a: Rotom-Wash|112\/304 brn|[from] brn
|turn|24
|
|move|p1a: Dugtrio|Stealth Rock|p2a: Rotom-Wash
|-sidestart|p2: TARJA TURUNEN|move: Stealth Rock
|move|p2a: Rotom-Wash|Hydro Pump|p1a: Dugtrio|[miss]
|-miss|p2a: Rotom-Wash|p1a: Dugtrio
|
|-heal|p2a: Rotom-Wash|131\/304 brn|[from] item: Leftovers
|-damage|p2a: Rotom-Wash|93\/304 brn|[from] brn
|turn|25
|
|move|p1a: Dugtrio|Stone Edge|p2a: Rotom-Wash
|-crit|p2a: Rotom-Wash
|-damage|p2a: Rotom-Wash|0 fnt
|faint|p2a: Rotom-Wash
|
|-message|TARJA TURUNEN forfeited.
|
|win|Davon
|raw|Ladder updating...
|leave|TARJA TURUNEN
|player|p2
|raw|Davon's rating: 1551 &rarr; <strong>1572<\/strong><br \/>(+21 for winning)
|raw|TARJA TURUNEN's rating: 1565 &rarr; <strong>1544<\/strong><br \/>(-21 for losing)