|join|TARJA TURUNEN
|join|Cienight
|player|p1|TARJA TURUNEN|70
|player|p2|Cienight|84
|gametype|singles
|gen|6
|tier|OU
|rated
|clearpoke
|poke|p1|Tyranitar, M
|poke|p1|Excadrill, F
|poke|p1|Thundurus, M
|poke|p1|Greninja, F
|poke|p1|Clefable, F
|poke|p1|Azumarill, M
|poke|p2|Landorus, M, shiny
|poke|p2|Thundurus, M, shiny
|poke|p2|Scizor, F
|poke|p2|Mamoswine, M, shiny
|poke|p2|Bisharp, M
|poke|p2|Azumarill, F, shiny
|rule|Swagger Clause: Swagger is banned
|rule|Baton Pass Clause: Limit one PokÃ©mon knowing Baton Pass
|rule|Sleep Clause Mod: Limit one foe put to sleep
|rule|Species Clause: Limit one of each PokÃ©mon
|rule|OHKO Clause: OHKO moves are banned
|rule|Moody Clause: Moody is banned
|rule|Evasion Moves Clause: Evasion moves are banned
|rule|Endless Battle Clause: Forcing endless battles is banned
|rule|HP Percentage Mod: HP is shown in percentages
|teampreview
|join|Bulky Deoxys-A
|join|MasterRyuga
|
|start
|switch|p1a: Azumarill|Azumarill, M|403\/403
|switch|p2a: Mamoswine|Mamoswine, M, shiny|361\/361
|turn|1
|
|move|p2a: Mamoswine|Stealth Rock|p1a: Azumarill
|-sidestart|p1: TARJA TURUNEN|move: Stealth Rock
|move|p1a: Azumarill|Waterfall|p2a: Mamoswine
|-supereffective|p2a: Mamoswine
|-enditem|p2a: Mamoswine|Focus Sash
|-damage|p2a: Mamoswine|1\/361
|
|turn|2
|
|move|p2a: Mamoswine|Endeavor|p1a: Azumarill
|-damage|p1a: Azumarill|1\/403
|move|p1a: Azumarill|Waterfall|p2a: Mamoswine
|-supereffective|p2a: Mamoswine
|-damage|p2a: Mamoswine|0 fnt
|faint|p2a: Mamoswine
|
|c| MasterRyuga|lol
|
|switch|p2a: Jehuty|Scizor, F|281\/281
|turn|3
|
|detailschange|p2a: Jehuty|Scizor-Mega, F
|message|Scizor has Mega Evolved into Mega Scizor!
|move|p2a: Jehuty|Bullet Punch|p1a: Azumarill
|-damage|p1a: Azumarill|0 fnt
|faint|p1a: Azumarill
|
|
|switch|p1a: Thundurus|Thundurus, M|299\/299
|-damage|p1a: Thundurus|225\/299|[from] Stealth Rock
|turn|4
|
|switch|p2a: Landorus|Landorus, M, shiny|319\/319
|move|p1a: Thundurus|Thunderbolt|p2a: Landorus
|-immune|p2a: Landorus|[msg]
|
|turn|5
|
|switch|p2a: Azumarill|Azumarill, F, shiny|401\/401
|move|p1a: Thundurus|Hidden Power|p2a: Azumarill
|-resisted|p2a: Azumarill
|-damage|p2a: Azumarill|367\/401
|-damage|p1a: Thundurus|196\/299|[from] item: Life Orb
|
|turn|6
|
|move|p1a: Thundurus|Thunderbolt|p2a: Azumarill
|-supereffective|p2a: Azumarill
|-damage|p2a: Azumarill|60\/401
|-damage|p1a: Thundurus|167\/299|[from] item: Life Orb
|move|p2a: Azumarill|Waterfall|p1a: Thundurus
|-damage|p1a: Thundurus|0 fnt
|faint|p1a: Thundurus
|
|c| Bulky Deoxys-A|azumarill best thundurus counter
|
|switch|p1a: Clefable|Clefable, F|394\/394
|turn|7
|
|switch|p2a: Bisharp|Bisharp, M|272\/272
|move|p1a: Clefable|Moonblast|p2a: Bisharp
|-damage|p2a: Bisharp|116\/272
|
|turn|8
|
|move|p2a: Bisharp|Iron Head|p1a: Clefable
|-supereffective|p1a: Clefable
|-damage|p1a: Clefable|59\/394
|-damage|p2a: Bisharp|89\/272|[from] item: Life Orb
|move|p1a: Clefable|Moonblast|p2a: Bisharp
|-damage|p2a: Bisharp|0 fnt
|faint|p2a: Bisharp
|
|-heal|p1a: Clefable|83\/394|[from] item: Leftovers
|
|switch|p2a: Landorus|Landorus, M, shiny|319\/319
|turn|9
|
|move|p1a: Clefable|Protect|p1a: Clefable
|-singleturn|p1a: Clefable|Protect
|move|p2a: Landorus|Earth Power|p1a: Clefable
|-activate|p1a: Clefable|Protect
|
|-heal|p1a: Clefable|107\/394|[from] item: Leftovers
|turn|10
|
|move|p2a: Landorus|Earth Power|p1a: Clefable
|-damage|p1a: Clefable|0 fnt
|faint|p1a: Clefable
|
|
|switch|p1a: Greninja|Greninja, F|285\/285
|-damage|p1a: Greninja|250\/285|[from] Stealth Rock
|turn|11
|
|switch|p2a: Azumarill|Azumarill, F, shiny|60\/401
|move|p1a: Greninja|Hydro Pump|p2a: Azumarill
|-start|p1a: Greninja|typechange|Water|[from] Protean
|-crit|p2a: Azumarill
|-resisted|p2a: Azumarill
|-damage|p2a: Azumarill|0 fnt
|-damage|p1a: Greninja|222\/285|[from] item: Life Orb
|faint|p2a: Azumarill
|
|
|switch|p2a: Thundurus|Thundurus, M, shiny|299\/299
|turn|12
|
|switch|p1a: Tyranitar|Tyranitar, M|404\/404
|-damage|p1a: Tyranitar|354\/404|[from] Stealth Rock
|-weather|Sandstorm
|move|p2a: Thundurus|Thunder Wave|p1a: Tyranitar
|-status|p1a: Tyranitar|par
|
|-weather|Sandstorm|[upkeep]
|-damage|p2a: Thundurus|281\/299|[from] sandstorm
|turn|13
|
|move|p2a: Thundurus|Thunderbolt|p1a: Tyranitar
|-damage|p1a: Tyranitar|253\/404 par
|-damage|p2a: Thundurus|252\/299|[from] item: Life Orb
|move|p1a: Tyranitar|Stealth Rock|p2a: Thundurus
|-sidestart|p2: Cienight|move: Stealth Rock
|
|-weather|Sandstorm|[upkeep]
|-damage|p2a: Thundurus|234\/299|[from] sandstorm
|turn|14
|
|move|p2a: Thundurus|Thunderbolt|p1a: Tyranitar
|-damage|p1a: Tyranitar|144\/404 par
|-damage|p2a: Thundurus|205\/299|[from] item: Life Orb
|move|p1a: Tyranitar|Ice Beam|p2a: Thundurus
|-supereffective|p2a: Thundurus
|-damage|p2a: Thundurus|27\/299
|
|-weather|Sandstorm|[upkeep]
|-damage|p2a: Thundurus|9\/299|[from] sandstorm
|turn|15
|
|move|p2a: Thundurus|Hidden Power|p1a: Tyranitar
|-damage|p1a: Tyranitar|95\/404 par
|-damage|p2a: Thundurus|0 fnt|[from] item: Life Orb
|faint|p2a: Thundurus
|move|p1a: Tyranitar|Ice Beam|p2: Thundurus|[notarget]
|-notarget
|
|-weather|Sandstorm|[upkeep]
|
|switch|p2a: Jehuty|Scizor-Mega, F|281\/281
|-damage|p2a: Jehuty|246\/281|[from] Stealth Rock
|turn|16
|
|move|p2a: Jehuty|Swords Dance|p2a: Jehuty
|-boost|p2a: Jehuty|atk|2
|move|p1a: Tyranitar|Fire Blast|p2a: Jehuty
|-supereffective|p2a: Jehuty
|-damage|p2a: Jehuty|0 fnt
|faint|p2a: Jehuty
|
|-weather|Sandstorm|[upkeep]
|
|switch|p2a: Landorus|Landorus, M, shiny|319\/319
|-damage|p2a: Landorus|280\/319|[from] Stealth Rock
|turn|17
|
|move|p2a: Landorus|Rock Polish|p2a: Landorus
|-boost|p2a: Landorus|spe|2
|move|p1a: Tyranitar|Ice Beam|p2a: Landorus
|-supereffective|p2a: Landorus
|-damage|p2a: Landorus|0 fnt
|faint|p2a: Landorus
|
|win|TARJA TURUNEN
|raw|Ladder updating...
|raw|TARJA TURUNEN's rating: 1598 &rarr; <strong>1622<\/strong><br \/>(+24 for winning)
|raw|Cienight's rating: 1670 &rarr; <strong>1646<\/strong><br \/>(-24 for losing)
|leave|Bulky Deoxys-A
|leave|TARJA TURUNEN
|player|p1
|leave|MasterRyuga
|leave|Cienight
|player|p2