|join|Andrewmon
|join|TARJA TURUNEN
|player|p1|Andrewmon|37
|player|p2|TARJA TURUNEN|78
|gametype|singles
|gen|6
|tier|OU
|rated
|clearpoke
|poke|p1|Charizard, M
|poke|p1|Gengar, M
|poke|p1|Starmie
|poke|p1|Mamoswine, M
|poke|p1|Bisharp, M
|poke|p1|Tyranitar, M
|poke|p2|Gengar, M
|poke|p2|Conkeldurr, M
|poke|p2|Ferrothorn, M
|poke|p2|Gyarados, M
|poke|p2|Landorus, M
|poke|p2|Meloetta
|rule|Swagger Clause: Swagger is banned
|rule|Baton Pass Clause: Limit one PokÃ©mon knowing Baton Pass
|rule|Sleep Clause Mod: Limit one foe put to sleep
|rule|Species Clause: Limit one of each PokÃ©mon
|rule|OHKO Clause: OHKO moves are banned
|rule|Moody Clause: Moody is banned
|rule|Evasion Moves Clause: Evasion moves are banned
|rule|Endless Battle Clause: Forcing endless battles is banned
|rule|HP Percentage Mod: HP is shown in percentages
|teampreview
|
|start
|switch|p1a: Charizard|Charizard, M|333\/333
|switch|p2a: Gyarados|Gyarados, M|331\/331
|-ability|p2a: Gyarados|Intimidate|[of] p1a: Charizard
|-unboost|p1a: Charizard|atk|1
|turn|1
|
|detailschange|p1a: Charizard|Charizard-Mega-Y, M
|message|Charizard has Mega Evolved into Mega Charizard!
|-weather|SunnyDay
|move|p1a: Charizard|Will-O-Wisp|p2a: Gyarados|[miss]
|-miss|p1a: Charizard|p2a: Gyarados
|move|p2a: Gyarados|Dragon Dance|p2a: Gyarados
|-boost|p2a: Gyarados|atk|1
|-boost|p2a: Gyarados|spe|1
|
|-weather|SunnyDay|[upkeep]
|turn|2
|c|âAndrewmon|bullshit!
|
|detailschange|p2a: Gyarados|Gyarados-Mega, M
|message|Gyarados has Mega Evolved into Mega Gyarados!
|-ability|p2a: Gyarados|Mold Breaker
|move|p2a: Gyarados|Waterfall|p1a: Charizard
|-supereffective|p1a: Charizard
|-damage|p1a: Charizard|103\/333
|move|p1a: Charizard|Will-O-Wisp|p2a: Gyarados|[miss]
|-miss|p1a: Charizard|p2a: Gyarados
|
|-weather|SunnyDay|[upkeep]
|turn|3
|
|switch|p1a: Starmie|Starmie|304\/304
|move|p2a: Gyarados|Waterfall|p1a: Starmie
|-resisted|p1a: Starmie
|-damage|p1a: Starmie|224\/304
|
|-weather|SunnyDay|[upkeep]
|-heal|p1a: Starmie|243\/304|[from] item: Leftovers
|turn|4
|
|move|p2a: Gyarados|Earthquake|p1a: Starmie
|-damage|p1a: Starmie|0 fnt
|faint|p1a: Starmie
|
|-weather|SunnyDay|[upkeep]
|c|âAndrewmon|wow, fucking bullshit
|
|switch|p1a: Mamoswine|Mamoswine, M|361\/361
|turn|5
|
|move|p2a: Gyarados|Waterfall|p1a: Mamoswine
|-supereffective|p1a: Mamoswine
|-damage|p1a: Mamoswine|77\/361
|move|p1a: Mamoswine|Rock Tomb|p2a: Gyarados|[miss]
|-miss|p1a: Mamoswine|p2a: Gyarados
|
|-weather|none
|turn|6
|c|âAndrewmon|holy fuck!
|
|move|p1a: Mamoswine|Ice Shard|p2a: Gyarados
|-resisted|p2a: Gyarados
|-damage|p2a: Gyarados|293\/331
|move|p2a: Gyarados|Waterfall|p1a: Mamoswine
|-supereffective|p1a: Mamoswine
|-damage|p1a: Mamoswine|0 fnt
|faint|p1a: Mamoswine
|
|c|âAndrewmon|wtf, do u have a bright powder on a mega?
|
|switch|p1a: Charizard|Charizard-Mega-Y, M|103\/333
|-weather|SunnyDay
|turn|7
|
|move|p2a: Gyarados|Waterfall|p1a: Charizard
|-supereffective|p1a: Charizard
|-damage|p1a: Charizard|0 fnt
|faint|p1a: Charizard
|
|-weather|SunnyDay|[upkeep]
|
|switch|p1a: Tyranitar|Tyranitar, M|397\/397
|-weather|Sandstorm
|turn|8
|
|move|p2a: Gyarados|Waterfall|p1a: Tyranitar
|-crit|p1a: Tyranitar
|-supereffective|p1a: Tyranitar
|-damage|p1a: Tyranitar|0 fnt
|faint|p1a: Tyranitar
|
|-weather|Sandstorm|[upkeep]
|-damage|p2a: Gyarados|273\/331|[from] sandstorm
|
|switch|p1a: Bisharp|Bisharp, M|272\/272
|turn|9
|
|move|p1a: Bisharp|Sucker Punch|p2a: Gyarados
|-resisted|p2a: Gyarados
|-damage|p2a: Gyarados|183\/331
|move|p2a: Gyarados|Earthquake|p1a: Bisharp
|-supereffective|p1a: Bisharp
|-damage|p1a: Bisharp|0 fnt
|faint|p1a: Bisharp
|
|-weather|Sandstorm|[upkeep]
|-damage|p2a: Gyarados|163\/331|[from] sandstorm
|
|switch|p1a: Gengar|Gengar, M|272\/272
|turn|10
|
|move|p2a: Gyarados|Earthquake|p1a: Gengar
|-supereffective|p1a: Gengar
|-damage|p1a: Gengar|0 fnt
|faint|p1a: Gengar
|
|win|TARJA TURUNEN
|raw|Ladder updating...
|raw|Andrewmon's rating: 1668 &rarr; <strong>1646<\/strong><br \/>(-22 for losing)
|raw|TARJA TURUNEN's rating: 1620 &rarr; <strong>1643<\/strong><br \/>(+23 for winning)