|join|HJ regicide
|join|TARJA TURUNEN
|player|p1|HJ regicide|46
|player|p2|TARJA TURUNEN|78
|gametype|singles
|gen|6
|tier|OU
|rated
|clearpoke
|poke|p1|Mamoswine, F
|poke|p1|Greninja, F
|poke|p1|Dragonite, F
|poke|p1|Landorus, M
|poke|p1|Scizor, F
|poke|p1|Thundurus, M
|poke|p2|Conkeldurr, F
|poke|p2|Mew
|poke|p2|Tyranitar, F
|poke|p2|Alakazam, M
|poke|p2|Excadrill, M
|poke|p2|Rotom-Wash
|rule|Swagger Clause: Swagger is banned
|rule|Baton Pass Clause: Limit one PokÃ©mon knowing Baton Pass
|rule|Sleep Clause Mod: Limit one foe put to sleep
|rule|Species Clause: Limit one of each PokÃ©mon
|rule|OHKO Clause: OHKO moves are banned
|rule|Moody Clause: Moody is banned
|rule|Evasion Moves Clause: Evasion moves are banned
|rule|Endless Battle Clause: Forcing endless battles is banned
|rule|HP Percentage Mod: HP is shown in percentages
|teampreview
|
|start
|switch|p1a: Mamoswine|Mamoswine, F|361\/361
|switch|p2a: Rotom-Wash|Rotom-Wash|241\/241
|turn|1
|
|move|p2a: Rotom-Wash|Hydro Pump|p1a: Mamoswine
|-supereffective|p1a: Mamoswine
|-enditem|p1a: Mamoswine|Focus Sash
|-damage|p1a: Mamoswine|1\/361
|move|p1a: Mamoswine|Stealth Rock|p2a: Rotom-Wash
|-sidestart|p2: TARJA TURUNEN|move: Stealth Rock
|
|turn|2
|
|switch|p1a: Dragonite|Dragonite, F|323\/323
|move|p2a: Rotom-Wash|Hydro Pump|p1a: Dragonite
|-resisted|p1a: Dragonite
|-damage|p1a: Dragonite|281\/323
|
|turn|3
|
|switch|p2a: Mew|Mew|404\/404
|-damage|p2a: Mew|354\/404|[from] Stealth Rock
|move|p1a: Dragonite|Outrage|p2a: Mew
|-damage|p2a: Mew|42\/404
|
|-heal|p2a: Mew|67\/404|[from] item: Leftovers
|turn|4
|
|move|p2a: Mew|Will-O-Wisp|p1a: Dragonite|[miss]
|-miss|p2a: Mew|p1a: Dragonite
|move|p1a: Dragonite|Outrage|p2a: Mew
|-damage|p2a: Mew|0 fnt
|faint|p2a: Mew
|
|-end|p1a: Dragonite|rampage
|-start|p1a: Dragonite|confusion
|
|switch|p2a: Excadrill|Excadrill, M|367\/367
|-damage|p2a: Excadrill|356\/367|[from] Stealth Rock
|turn|5
|
|switch|p1a: Mamoswine|Mamoswine, F|1\/361
|move|p2a: Excadrill|Rapid Spin|p1a: Mamoswine
|-damage|p1a: Mamoswine|0 fnt
|-sideend|p2: TARJA TURUNEN|Stealth Rock|[from] move: Rapid Spin|[of] p2a: Excadrill
|-damage|p2a: Excadrill|320\/367|[from] item: Life Orb
|faint|p1a: Mamoswine
|
|
|switch|p1a: Scizor|Scizor, F|344\/344
|turn|6
|
|detailschange|p1a: Scizor|Scizor-Mega, F
|message|Scizor has Mega Evolved into Mega Scizor!
|move|p2a: Excadrill|Earthquake|p1a: Scizor
|-damage|p1a: Scizor|148\/344
|-damage|p2a: Excadrill|284\/367|[from] item: Life Orb
|move|p1a: Scizor|Swords Dance|p1a: Scizor
|-boost|p1a: Scizor|atk|2
|
|turn|7
|
|move|p1a: Scizor|Bullet Punch|p2a: Excadrill
|-resisted|p2a: Excadrill
|-damage|p2a: Excadrill|95\/367
|move|p2a: Excadrill|Earthquake|p1a: Scizor
|-damage|p1a: Scizor|0 fnt
|-damage|p2a: Excadrill|59\/367|[from] item: Life Orb
|faint|p1a: Scizor
|
|
|switch|p1a: Landorus|Landorus, M|319\/319
|turn|8
|
|move|p1a: Landorus|Psychic|p2a: Excadrill
|-resisted|p2a: Excadrill
|-damage|p2a: Excadrill|0 fnt
|faint|p2a: Excadrill
|
|
|switch|p2a: Rotom-Wash|Rotom-Wash|241\/241
|turn|9
|
|move|p2a: Rotom-Wash|Hydro Pump|p1a: Landorus|[miss]
|-miss|p2a: Rotom-Wash|p1a: Landorus
|move|p1a: Landorus|Knock Off|p2a: Rotom-Wash
|-damage|p2a: Rotom-Wash|118\/241
|-enditem|p2a: Rotom-Wash|Choice Scarf|[from] move: Knock Off|[of] p1a: Landorus
|-damage|p1a: Landorus|288\/319|[from] item: Life Orb
|
|turn|10
|
|move|p1a: Landorus|Psychic|p2a: Rotom-Wash
|-damage|p2a: Rotom-Wash|0 fnt
|faint|p2a: Rotom-Wash
|
|
|switch|p2a: Conkeldurr|Conkeldurr, F|395\/395
|turn|11
|
|move|p1a: Landorus|Psychic|p2a: Conkeldurr
|-supereffective|p2a: Conkeldurr
|-damage|p2a: Conkeldurr|99\/395
|move|p2a: Conkeldurr|Ice Punch|p1a: Landorus
|-crit|p1a: Landorus
|-supereffective|p1a: Landorus
|-damage|p1a: Landorus|0 fnt
|faint|p1a: Landorus
|
|
|switch|p1a: Dragonite|Dragonite, F|281\/323
|turn|12
|
|move|p1a: Dragonite|Outrage|p2a: Conkeldurr
|-damage|p2a: Conkeldurr|0 fnt
|faint|p2a: Conkeldurr
|
|
|switch|p2a: Alakazam|Alakazam, M|251\/251
|turn|13
|
|detailschange|p2a: Alakazam|Alakazam-Mega, M
|message|Alakazam has Mega Evolved into Mega Alakazam!
|-ability|p2a: Alakazam|Multiscale|[from] ability: Trace|[of] p1a: Dragonite
|move|p2a: Alakazam|Calm Mind|p2a: Alakazam
|-boost|p2a: Alakazam|spa|1
|-boost|p2a: Alakazam|spd|1
|move|p1a: Dragonite|Outrage|p2a: Alakazam
|-damage|p2a: Alakazam|0 fnt
|faint|p2a: Alakazam
|
|-end|p1a: Dragonite|rampage
|-start|p1a: Dragonite|confusion
|-message|TARJA TURUNEN forfeited.
|leave|TARJA TURUNEN
|
|win|HJ regicide
|raw|Ladder updating...
|player|p2
|raw|HJ regicide's rating: 1708 &rarr; <strong>1721<\/strong><br \/>(+13 for winning)
|raw|TARJA TURUNEN's rating: 1579 &rarr; <strong>1566<\/strong><br \/>(-13 for losing)