|join|The Last Hero
|join|TARJA TURUNEN
|player|p1|The Last Hero|54
|player|p2|TARJA TURUNEN|78
|gametype|singles
|gen|6
|tier|OU
|rated
|clearpoke
|poke|p1|Heracross, M
|poke|p1|Arcanine, M
|poke|p1|Chansey, F, shiny
|poke|p1|Clefable, F
|poke|p1|Slowbro, M
|poke|p1|Skarmory, M
|poke|p2|Bisharp, F
|poke|p2|Breloom, M
|poke|p2|Dragonite, F
|poke|p2|Charizard, F
|poke|p2|Terrakion
|poke|p2|Greninja, M
|rule|Swagger Clause: Swagger is banned
|rule|Baton Pass Clause: Limit one PokÃ©mon knowing Baton Pass
|rule|Sleep Clause Mod: Limit one foe put to sleep
|rule|Species Clause: Limit one of each PokÃ©mon
|rule|OHKO Clause: OHKO moves are banned
|rule|Moody Clause: Moody is banned
|rule|Evasion Moves Clause: Evasion moves are banned
|rule|Endless Battle Clause: Forcing endless battles is banned
|rule|HP Percentage Mod: HP is shown in percentages
|teampreview
|
|start
|switch|p1a: Slow Pro|Slowbro, M|394\/394
|switch|p2a: Terrakion|Terrakion|323\/323
|turn|1
|
|move|p2a: Terrakion|Stealth Rock|p1a: Slow Pro
|-sidestart|p1: The Last Hero|move: Stealth Rock
|move|p1a: Slow Pro|Scald|p2a: Terrakion
|-supereffective|p2a: Terrakion
|-damage|p2a: Terrakion|153\/323
|
|turn|2
|
|switch|p2a: Greninja|Greninja, M|285\/285
|move|p1a: Slow Pro|Scald|p2a: Greninja
|-resisted|p2a: Greninja
|-damage|p2a: Greninja|228\/285
|-status|p2a: Greninja|brn
|
|-damage|p2a: Greninja|193\/285 brn|[from] brn
|turn|3
|
|switch|p1a: Last Chance|Chansey, F, shiny|704\/704
|-damage|p1a: Last Chance|616\/704|[from] Stealth Rock
|move|p2a: Greninja|Spikes|p1a: Last Chance
|-start|p2a: Greninja|typechange|Ground|[from] Protean
|-sidestart|p1: The Last Hero|Spikes
|
|-damage|p2a: Greninja|158\/285 brn|[from] brn
|turn|4
|
|switch|p2a: Terrakion|Terrakion|153\/323
|move|p1a: Last Chance|Stealth Rock|p2a: Terrakion
|-sidestart|p2: TARJA TURUNEN|move: Stealth Rock
|
|turn|5
|
|switch|p1a: Slow Pro|Slowbro, M|394\/394
|-damage|p1a: Slow Pro|345\/394|[from] Stealth Rock
|-damage|p1a: Slow Pro|296\/394|[from] Spikes
|move|p2a: Terrakion|Stone Edge|p1a: Slow Pro
|-damage|p1a: Slow Pro|166\/394
|
|-heal|p1a: Slow Pro|190\/394|[from] item: Leftovers
|turn|6
|
|move|p2a: Terrakion|Stone Edge|p1a: Slow Pro
|-damage|p1a: Slow Pro|76\/394
|move|p1a: Slow Pro|Scald|p2a: Terrakion
|-supereffective|p2a: Terrakion
|-damage|p2a: Terrakion|0 fnt
|faint|p2a: Terrakion
|
|-heal|p1a: Slow Pro|100\/394|[from] item: Leftovers
|
|switch|p2a: Greninja|Greninja, M|158\/285 brn
|-damage|p2a: Greninja|123\/285 brn|[from] Stealth Rock
|turn|7
|
|switch|p1a: Last Chance|Chansey, F, shiny|616\/704
|-damage|p1a: Last Chance|528\/704|[from] Stealth Rock
|-damage|p1a: Last Chance|440\/704|[from] Spikes
|move|p2a: Greninja|Dark Pulse|p1a: Last Chance
|-start|p2a: Greninja|typechange|Dark|[from] Protean
|-damage|p1a: Last Chance|341\/704
|-damage|p2a: Greninja|95\/285 brn|[from] item: Life Orb
|
|-damage|p2a: Greninja|60\/285 brn|[from] brn
|turn|8
|
|move|p2a: Greninja|Spikes|p1a: Last Chance
|-start|p2a: Greninja|typechange|Ground|[from] Protean
|-sidestart|p1: The Last Hero|Spikes
|move|p1a: Last Chance|Soft-Boiled|p1a: Last Chance
|-heal|p1a: Last Chance|693\/704
|
|-damage|p2a: Greninja|25\/285 brn|[from] brn
|turn|9
|
|move|p2a: Greninja|Spikes|p1a: Last Chance
|-sidestart|p1: The Last Hero|Spikes
|move|p1a: Last Chance|Soft-Boiled|p1a: Last Chance
|-heal|p1a: Last Chance|704\/704
|
|-damage|p2a: Greninja|0 fnt|[from] brn
|faint|p2a: Greninja
|
|switch|p2a: Breloom|Breloom, M|262\/262
|-damage|p2a: Breloom|246\/262|[from] Stealth Rock
|turn|10
|
|move|p2a: Breloom|Spore|p1a: Last Chance
|-status|p1a: Last Chance|slp
|cant|p1a: Last Chance|slp
|
|turn|11
|
|move|p2a: Breloom|Rock Tomb|p1a: Last Chance
|-damage|p1a: Last Chance|563\/704 slp
|-unboost|p1a: Last Chance|spe|1
|cant|p1a: Last Chance|slp
|
|turn|12
|
|switch|p2a: Bisharp|Bisharp, F|271\/271
|-damage|p2a: Bisharp|255\/271|[from] Stealth Rock
|-curestatus|p1a: Last Chance|slp
|move|p1a: Last Chance|Thunder Wave|p2a: Bisharp
|-status|p2a: Bisharp|par
|
|turn|13
|
|switch|p1a: Skarm|Skarmory, M|334\/334
|-damage|p1a: Skarm|293\/334|[from] Stealth Rock
|cant|p2a: Bisharp|par
|
|turn|14
|
|move|p1a: Skarm|Defog|p2a: Bisharp
|-unboost|p2a: Bisharp|evasion|1
|-boost|p2a: Bisharp|atk|2|[from] ability: Defiant
|-sideend|p2: TARJA TURUNEN|Stealth Rock|[from] move: Defog|[of] p2a: Bisharp
|-sideend|p1: The Last Hero|Spikes|[from] move: Defog|[of] p1a: Skarm
|-sideend|p1: The Last Hero|Stealth Rock|[from] move: Defog|[of] p1a: Skarm
|move|p2a: Bisharp|Knock Off|p1a: Skarm
|-damage|p1a: Skarm|95\/334
|-enditem|p1a: Skarm|Shed Shell|[from] move: Knock Off|[of] p2a: Bisharp
|
|turn|15
|
|move|p1a: Skarm|Roost|p1a: Skarm
|-heal|p1a: Skarm|262\/334
|cant|p2a: Bisharp|par
|
|turn|16
|
|switch|p2a: Charizard|Charizard, F|333\/333
|move|p1a: Skarm|Roost|p1a: Skarm
|-heal|p1a: Skarm|334\/334
|
|turn|17
|
|switch|p1a: Slow Pro|Slowbro, M|231\/394
|detailschange|p2a: Charizard|Charizard-Mega-X, F
|message|Charizard has Mega Evolved into Mega Charizard!
|move|p2a: Charizard|Dragon Dance|p2a: Charizard
|-boost|p2a: Charizard|atk|1
|-boost|p2a: Charizard|spe|1
|
|-heal|p1a: Slow Pro|255\/394|[from] item: Leftovers
|turn|18
|
|move|p2a: Charizard|Dragon Claw|p1a: Slow Pro
|-damage|p1a: Slow Pro|44\/394
|move|p1a: Slow Pro|Toxic|p2a: Charizard|[miss]
|-miss|p1a: Slow Pro|p2a: Charizard
|
|-heal|p1a: Slow Pro|68\/394|[from] item: Leftovers
|turn|19
|
|switch|p1a: Fabiole|Clefable, F|394\/394
|move|p2a: Charizard|Dragon Claw|p1a: Fabiole
|-immune|p1a: Fabiole|[msg]
|
|turn|20
|
|switch|p2a: Bisharp|Bisharp, F|255\/271 par
|move|p1a: Fabiole|Moonblast|p2a: Bisharp
|-damage|p2a: Bisharp|102\/271 par
|
|turn|21
|
|move|p1a: Fabiole|Moonblast|p2a: Bisharp
|-damage|p2a: Bisharp|0 fnt
|faint|p2a: Bisharp
|
|
|switch|p2a: Breloom|Breloom, M|246\/262
|turn|22
|
|switch|p1a: Shere Khan|Arcanine, M|383\/383
|-ability|p1a: Shere Khan|Intimidate|[of] p2a: Breloom
|-unboost|p2a: Breloom|atk|1
|move|p2a: Breloom|Spore|p1a: Shere Khan
|-status|p1a: Shere Khan|slp
|
|turn|23
|
|switch|p2a: Charizard|Charizard-Mega-X, F|333\/333
|switch|p1a: Heraboss|Heracross, M|349\/349
|
|turn|24
|
|switch|p1a: Slow Pro|Slowbro, M|199\/394
|move|p2a: Charizard|Fire Punch|p1a: Slow Pro
|-resisted|p1a: Slow Pro
|-damage|p1a: Slow Pro|130\/394
|
|-heal|p1a: Slow Pro|154\/394|[from] item: Leftovers
|turn|25
|
|move|p2a: Charizard|Fire Punch|p1a: Slow Pro
|-resisted|p1a: Slow Pro
|-damage|p1a: Slow Pro|82\/394
|move|p1a: Slow Pro|Toxic|p2a: Charizard
|-status|p2a: Charizard|tox
|
|-heal|p1a: Slow Pro|106\/394|[from] item: Leftovers
|-damage|p2a: Charizard|313\/333 tox|[from] psn
|turn|26
|-message|TARJA TURUNEN forfeited.
|
|win|The Last Hero
|raw|Ladder updating...
|leave|TARJA TURUNEN
|player|p2
|raw|The Last Hero's rating: 1838 &rarr; <strong>1854<\/strong><br \/>(+16 for winning)
|raw|TARJA TURUNEN's rating: 1780 &rarr; <strong>1764<\/strong><br \/>(-16 for losing)