|join|Will-i-am4
|join|TARJA TURUNEN
|player|p1|Will-i-am4|266
|player|p2|TARJA TURUNEN|78
|gametype|singles
|gen|6
|tier|OU
|rated
|clearpoke
|poke|p1|Registeel
|poke|p1|Donphan, M
|poke|p1|Hydreigon, M
|poke|p1|Slowbro, M
|poke|p1|Talonflame, M
|poke|p1|Mandibuzz, F
|poke|p2|Smeargle, M
|poke|p2|Bisharp, F
|poke|p2|Gengar, F
|poke|p2|Thundurus, M
|poke|p2|Scizor, M
|poke|p2|Azumarill, F
|rule|Swagger Clause: Swagger is banned
|rule|Baton Pass Clause: Limit one PokÃ©mon knowing Baton Pass
|rule|Sleep Clause Mod: Limit one foe put to sleep
|rule|Species Clause: Limit one of each PokÃ©mon
|rule|OHKO Clause: OHKO moves are banned
|rule|Moody Clause: Moody is banned
|rule|Evasion Moves Clause: Evasion moves are banned
|rule|Endless Battle Clause: Forcing endless battles is banned
|rule|HP Percentage Mod: HP is shown in percentages
|teampreview
|
|start
|switch|p1a: Talonflame|Talonflame, M|349\/349
|switch|p2a: Azumarill|Azumarill, F|403\/403
|turn|1
|
|switch|p1a: Registeel|Registeel|364\/364
|move|p2a: Azumarill|Play Rough|p1a: Registeel
|-resisted|p1a: Registeel
|-damage|p1a: Registeel|266\/364
|
|-heal|p1a: Registeel|288\/364|[from] item: Leftovers
|turn|2
|
|switch|p2a: Smeargle|Smeargle, M|314\/314
|move|p1a: Registeel|Stealth Rock|p2a: Smeargle
|-sidestart|p2: TARJA TURUNEN|move: Stealth Rock
|
|-heal|p1a: Registeel|310\/364|[from] item: Leftovers
|turn|3
|
|move|p2a: Smeargle|Stealth Rock|p1a: Registeel
|-sidestart|p1: Will-i-am4|move: Stealth Rock
|move|p1a: Registeel|Thunder Wave|p2a: Smeargle
|-status|p2a: Smeargle|par
|
|-heal|p1a: Registeel|332\/364|[from] item: Leftovers
|turn|4
|
|move|p1a: Registeel|Iron Head|p2a: Smeargle
|-damage|p2a: Smeargle|158\/314 par
|cant|p2a: Smeargle|par
|
|-heal|p1a: Registeel|354\/364|[from] item: Leftovers
|turn|5
|
|move|p1a: Registeel|Iron Head|p2a: Smeargle
|-damage|p2a: Smeargle|0 fnt
|faint|p2a: Smeargle
|
|-heal|p1a: Registeel|364\/364|[from] item: Leftovers
|
|switch|p2a: Azumarill|Azumarill, F|403\/403
|-damage|p2a: Azumarill|353\/403|[from] Stealth Rock
|turn|6
|
|switch|p1a: Mandibuzz|Mandibuzz, F|424\/424
|-damage|p1a: Mandibuzz|318\/424|[from] Stealth Rock
|move|p2a: Azumarill|Waterfall|p1a: Mandibuzz
|-damage|p1a: Mandibuzz|129\/424
|-damage|p2a: Azumarill|286\/403|[from] item: Rocky Helmet|[of] p1a: Mandibuzz
|
|turn|7
|
|move|p1a: Mandibuzz|Roost|p1a: Mandibuzz
|-heal|p1a: Mandibuzz|341\/424
|move|p2a: Azumarill|Waterfall|p1a: Mandibuzz
|-damage|p1a: Mandibuzz|166\/424
|-damage|p2a: Azumarill|219\/403|[from] item: Rocky Helmet|[of] p1a: Mandibuzz
|
|turn|8
|
|switch|p2a: Thundurus|Thundurus, M|301\/301
|-damage|p2a: Thundurus|226\/301|[from] Stealth Rock
|move|p1a: Mandibuzz|Foul Play|p2a: Thundurus
|-damage|p2a: Thundurus|67\/301
|
|turn|9
|
|switch|p1a: Registeel|Registeel|364\/364
|-damage|p1a: Registeel|342\/364|[from] Stealth Rock
|move|p2a: Thundurus|Thunderbolt|p1a: Registeel
|-damage|p1a: Registeel|228\/364
|-damage|p2a: Thundurus|37\/301|[from] item: Life Orb
|
|-heal|p1a: Registeel|250\/364|[from] item: Leftovers
|turn|10
|
|move|p2a: Thundurus|Thunderbolt|p1a: Registeel
|-damage|p1a: Registeel|133\/364
|-status|p1a: Registeel|par
|-damage|p2a: Thundurus|7\/301|[from] item: Life Orb
|move|p1a: Registeel|Seismic Toss|p2a: Thundurus
|-damage|p2a: Thundurus|0 fnt
|faint|p2a: Thundurus
|
|-heal|p1a: Registeel|155\/364 par|[from] item: Leftovers
|
|switch|p2a: Azumarill|Azumarill, F|219\/403
|-damage|p2a: Azumarill|169\/403|[from] Stealth Rock
|turn|11
|
|switch|p1a: Mandibuzz|Mandibuzz, F|166\/424
|-damage|p1a: Mandibuzz|60\/424|[from] Stealth Rock
|move|p2a: Azumarill|Waterfall|p1a: Mandibuzz
|-damage|p1a: Mandibuzz|0 fnt
|-damage|p2a: Azumarill|102\/403|[from] item: Rocky Helmet|[of] p1a: Mandibuzz
|faint|p1a: Mandibuzz
|
|
|switch|p1a: Hydreigon|Hydreigon, M|329\/329
|-damage|p1a: Hydreigon|288\/329|[from] Stealth Rock
|turn|12
|
|move|p1a: Hydreigon|Dark Pulse|p2a: Azumarill
|-resisted|p2a: Azumarill
|-damage|p2a: Azumarill|0 fnt
|faint|p2a: Azumarill
|
|
|switch|p2a: Scizor|Scizor, M|344\/344
|-damage|p2a: Scizor|301\/344|[from] Stealth Rock
|turn|13
|
|move|p1a: Hydreigon|Dark Pulse|p2a: Scizor
|-damage|p2a: Scizor|6\/344
|move|p2a: Scizor|U-turn|p1a: Hydreigon
|-supereffective|p1a: Hydreigon
|-damage|p1a: Hydreigon|0 fnt
|faint|p1a: Hydreigon
|
|switch|p2a: Bisharp|Bisharp, F|271\/271
|-damage|p2a: Bisharp|255\/271|[from] Stealth Rock
|
|
|switch|p1a: Donphan|Donphan, M|374\/374
|-damage|p1a: Donphan|351\/374|[from] Stealth Rock
|turn|14
|
|switch|p2a: Gengar|Gengar, F|262\/262
|-damage|p2a: Gengar|230\/262|[from] Stealth Rock
|move|p1a: Donphan|Earthquake|p2a: Gengar
|-immune|p2a: Gengar|[msg]
|
|-heal|p1a: Donphan|374\/374|[from] item: Leftovers
|turn|15
|
|move|p2a: Gengar|Shadow Ball|p1a: Donphan
|-damage|p1a: Donphan|149\/374
|move|p1a: Donphan|Knock Off|p2a: Gengar
|-supereffective|p2a: Gengar
|-damage|p2a: Gengar|0 fnt
|-enditem|p2a: Gengar|Choice Scarf|[from] move: Knock Off|[of] p1a: Donphan
|faint|p2a: Gengar
|
|-heal|p1a: Donphan|172\/374|[from] item: Leftovers
|-message|TARJA TURUNEN forfeited.
|
|win|Will-i-am4
|raw|Ladder updating...
|leave|TARJA TURUNEN
|player|p2
|raw|Will-i-am4's rating: 1951 &rarr; <strong>1958<\/strong><br \/>(+7 for winning)
|raw|TARJA TURUNEN's rating: 1702 &rarr; <strong>1695<\/strong><br \/>(-7 for losing)