|join|TARJA TURUNEN
|join|BG I sucked
|player|p1|TARJA TURUNEN|70
|player|p2|BG I sucked|169
|gametype|singles
|gen|6
|tier|OU
|rated
|clearpoke
|poke|p1|Lopunny, F, shiny
|poke|p1|Gastrodon, M
|poke|p1|Skarmory, M
|poke|p1|Infernape, F
|poke|p1|Azumarill, M
|poke|p1|Thundurus, M
|poke|p2|Tyranitar, F
|poke|p2|Rotom-Wash
|poke|p2|Amoonguss, M
|poke|p2|Latias, F
|poke|p2|Excadrill, M
|poke|p2|Heatran, M
|rule|Swagger Clause: Swagger is banned
|rule|Baton Pass Clause: Limit one PokÃ©mon knowing Baton Pass
|rule|Sleep Clause Mod: Limit one foe put to sleep
|rule|Species Clause: Limit one of each PokÃ©mon
|rule|OHKO Clause: OHKO moves are banned
|rule|Moody Clause: Moody is banned
|rule|Evasion Moves Clause: Evasion moves are banned
|rule|Endless Battle Clause: Forcing endless battles is banned
|rule|HP Percentage Mod: HP is shown in percentages
|teampreview
|
|start
|switch|p1a: Lopunny|Lopunny, F, shiny|271\/271
|switch|p2a: Amoonguss|Amoonguss, M|432\/432
|turn|1
|
|detailschange|p1a: Lopunny|Lopunny-Mega, F, shiny
|-mega|p1a: Lopunny|Lopunny|Lopunnite
|move|p1a: Lopunny|Fake Out|p2a: Amoonguss
|-damage|p2a: Amoonguss|360\/432
|cant|p2a: Amoonguss|flinch
|
|-heal|p2a: Amoonguss|387\/432|[from] item: Black Sludge
|turn|2
|
|switch|p1a: Skarmory|Skarmory, M|334\/334
|move|p2a: Amoonguss|Spore|p1a: Skarmory
|-status|p1a: Skarmory|slp
|
|-heal|p2a: Amoonguss|414\/432|[from] item: Black Sludge
|turn|3
|
|switch|p1a: Infernape|Infernape, F|293\/293
|switch|p2a: Tyranitar|Tyranitar, F|404\/404
|-weather|Sandstorm
|
|-weather|Sandstorm|[upkeep]
|-damage|p1a: Infernape|275\/293|[from] sandstorm
|turn|4
|
|switch|p2a: Latias|Latias, F|364\/364
|move|p1a: Infernape|Stealth Rock|p2a: Latias
|-sidestart|p2: BG I sucked|move: Stealth Rock
|
|-weather|Sandstorm|[upkeep]
|-damage|p1a: Infernape|257\/293|[from] sandstorm
|-damage|p2a: Latias|342\/364|[from] sandstorm
|turn|5
|
|switch|p1a: Gastrodon|Gastrodon, M|426\/426
|detailschange|p2a: Latias|Latias-Mega, F
|-mega|p2a: Latias|Latias|Latiasite
|move|p2a: Latias|Thunder Wave|p1a: Gastrodon
|-immune|p1a: Gastrodon|[msg]
|
|-weather|Sandstorm|[upkeep]
|-damage|p2a: Latias|320\/364|[from] sandstorm
|turn|6
|
|switch|p2a: Amoonguss|Amoonguss, M|432\/432
|-damage|p2a: Amoonguss|378\/432|[from] Stealth Rock
|move|p1a: Gastrodon|Infestation|p2a: Amoonguss
|-damage|p2a: Amoonguss|360\/432
|-activate|p2a: Amoonguss|move: Infestation|[of] p1a: Gastrodon
|
|-weather|Sandstorm|[upkeep]
|-damage|p2a: Amoonguss|333\/432|[from] sandstorm
|-heal|p2a: Amoonguss|360\/432|[from] item: Black Sludge
|-damage|p2a: Amoonguss|306\/432|[from] move: Infestation|[partiallytrapped]
|turn|7
|
|switch|p1a: Skarmory|Skarmory, M|334\/334 slp
|move|p2a: Amoonguss|Giga Drain|p1a: Skarmory
|-resisted|p1a: Skarmory
|-damage|p1a: Skarmory|307\/334 slp
|-heal|p2a: Amoonguss|320\/432|[from] drain|[of] p1a: Skarmory
|
|-weather|Sandstorm|[upkeep]
|-damage|p2a: Amoonguss|293\/432|[from] sandstorm
|-heal|p2a: Amoonguss|320\/432|[from] item: Black Sludge
|-end|p2a: Amoonguss|Infestation|[partiallytrapped]
|turn|8
|
|switch|p2a: Tyranitar|Tyranitar, F|404\/404
|-damage|p2a: Tyranitar|354\/404|[from] Stealth Rock
|cant|p1a: Skarmory|slp
|
|-weather|Sandstorm|[upkeep]
|turn|9
|
|switch|p1a: Gastrodon|Gastrodon, M|426\/426
|move|p2a: Tyranitar|Stealth Rock|p1a: Gastrodon
|-sidestart|p1: TARJA TURUNEN|move: Stealth Rock
|
|-weather|Sandstorm|[upkeep]
|turn|10
|
|switch|p2a: Amoonguss|Amoonguss, M|432\/432
|-damage|p2a: Amoonguss|378\/432|[from] Stealth Rock
|move|p1a: Gastrodon|Scald|p2a: Amoonguss
|-resisted|p2a: Amoonguss
|-damage|p2a: Amoonguss|327\/432
|-status|p2a: Amoonguss|brn
|
|-weather|none
|-heal|p2a: Amoonguss|354\/432 brn|[from] item: Black Sludge
|-damage|p2a: Amoonguss|300\/432 brn|[from] brn
|turn|11
|
|switch|p1a: Skarmory|Skarmory, M|307\/334 slp
|-damage|p1a: Skarmory|266\/334 slp|[from] Stealth Rock
|switch|p2a: Heatran|Heatran, M|323\/323
|-damage|p2a: Heatran|283\/323|[from] Stealth Rock
|
|turn|12
|
|switch|p1a: Gastrodon|Gastrodon, M|426\/426
|-damage|p1a: Gastrodon|400\/426|[from] Stealth Rock
|move|p2a: Heatran|Hidden Power|p1a: Gastrodon
|-supereffective|p1a: Gastrodon
|-damage|p1a: Gastrodon|176\/426
|
|-heal|p1a: Gastrodon|202\/426|[from] item: Leftovers
|turn|13
|
|switch|p2a: Rotom-Wash|Rotom-Wash|304\/304
|-damage|p2a: Rotom-Wash|266\/304|[from] Stealth Rock
|move|p1a: Gastrodon|Recover|p1a: Gastrodon
|-heal|p1a: Gastrodon|415\/426
|
|-heal|p2a: Rotom-Wash|285\/304|[from] item: Leftovers
|-heal|p1a: Gastrodon|426\/426|[from] item: Leftovers
|turn|14
|
|move|p2a: Rotom-Wash|Will-O-Wisp|p1a: Gastrodon
|-status|p1a: Gastrodon|brn
|move|p1a: Gastrodon|Infestation|p2a: Rotom-Wash
|-crit|p2a: Rotom-Wash
|-damage|p2a: Rotom-Wash|265\/304
|-activate|p2a: Rotom-Wash|move: Infestation|[of] p1a: Gastrodon
|
|-heal|p2a: Rotom-Wash|284\/304|[from] item: Leftovers
|-damage|p1a: Gastrodon|373\/426 brn|[from] brn
|-damage|p2a: Rotom-Wash|246\/304|[from] move: Infestation|[partiallytrapped]
|turn|15
|
|move|p2a: Rotom-Wash|Pain Split|p1a: Gastrodon
|-sethp|p1a: Gastrodon|309\/426 brn|p2a: Rotom-Wash|304\/304|[from] move: Pain Split
|move|p1a: Gastrodon|Toxic|p2a: Rotom-Wash
|-status|p2a: Rotom-Wash|tox
|
|-heal|p1a: Gastrodon|335\/426 brn|[from] item: Leftovers
|-damage|p2a: Rotom-Wash|285\/304 tox|[from] psn
|-damage|p1a: Gastrodon|282\/426 brn|[from] brn
|-damage|p2a: Rotom-Wash|247\/304 tox|[from] move: Infestation|[partiallytrapped]
|turn|16
|
|move|p2a: Rotom-Wash|Volt Switch|p1a: Gastrodon
|-immune|p1a: Gastrodon|[msg]
|move|p1a: Gastrodon|Recover|p1a: Gastrodon
|-heal|p1a: Gastrodon|426\/426 brn
|
|-heal|p2a: Rotom-Wash|266\/304 tox|[from] item: Leftovers
|-damage|p2a: Rotom-Wash|228\/304 tox|[from] psn
|-damage|p1a: Gastrodon|373\/426 brn|[from] brn
|-damage|p2a: Rotom-Wash|190\/304 tox|[from] move: Infestation|[partiallytrapped]
|turn|17
|
|move|p2a: Rotom-Wash|Volt Switch|p1a: Gastrodon
|-immune|p1a: Gastrodon|[msg]
|move|p1a: Gastrodon|Recover|p1a: Gastrodon
|-heal|p1a: Gastrodon|426\/426 brn
|
|-heal|p2a: Rotom-Wash|209\/304 tox|[from] item: Leftovers
|-damage|p2a: Rotom-Wash|152\/304 tox|[from] psn
|-damage|p1a: Gastrodon|373\/426 brn|[from] brn
|-damage|p2a: Rotom-Wash|114\/304 tox|[from] move: Infestation|[partiallytrapped]
|turn|18
|
|move|p2a: Rotom-Wash|Pain Split|p1a: Gastrodon
|-sethp|p1a: Gastrodon|243\/426 brn|p2a: Rotom-Wash|243\/304 tox|[from] move: Pain Split
|move|p1a: Gastrodon|Scald|p2a: Rotom-Wash
|-resisted|p2a: Rotom-Wash
|-damage|p2a: Rotom-Wash|202\/304 tox
|
|-heal|p2a: Rotom-Wash|221\/304 tox|[from] item: Leftovers
|-heal|p1a: Gastrodon|269\/426 brn|[from] item: Leftovers
|-damage|p2a: Rotom-Wash|145\/304 tox|[from] psn
|-damage|p1a: Gastrodon|216\/426 brn|[from] brn
|-end|p2a: Rotom-Wash|Infestation|[partiallytrapped]
|turn|19
|
|switch|p2a: Heatran|Heatran, M|283\/323
|-damage|p2a: Heatran|243\/323|[from] Stealth Rock
|move|p1a: Gastrodon|Recover|p1a: Gastrodon
|-heal|p1a: Gastrodon|426\/426 brn
|
|-damage|p1a: Gastrodon|373\/426 brn|[from] brn
|turn|20
|
|move|p2a: Heatran|Hidden Power|p1a: Gastrodon
|-supereffective|p1a: Gastrodon
|-damage|p1a: Gastrodon|109\/426 brn
|move|p1a: Gastrodon|Scald|p2a: Heatran
|-supereffective|p2a: Heatran
|-damage|p2a: Heatran|75\/323
|
|-heal|p1a: Gastrodon|135\/426 brn|[from] item: Leftovers
|-damage|p1a: Gastrodon|82\/426 brn|[from] brn
|turn|21
|
|move|p2a: Heatran|Hidden Power|p1a: Gastrodon
|-supereffective|p1a: Gastrodon
|-damage|p1a: Gastrodon|0 fnt
|faint|p1a: Gastrodon
|
|
|switch|p1a: Lopunny|Lopunny-Mega, F, shiny|271\/271
|-damage|p1a: Lopunny|255\/271|[from] Stealth Rock
|turn|22
|
|switch|p2a: Latias|Latias-Mega, F|320\/364
|-damage|p2a: Latias|275\/364|[from] Stealth Rock
|move|p1a: Lopunny|Fake Out|p2a: Latias
|-damage|p2a: Latias|227\/364
|
|turn|23
|
|move|p1a: Lopunny|Return|p2a: Latias
|-damage|p2a: Latias|110\/364
|move|p2a: Latias|Thunder Wave|p1a: Lopunny
|-status|p1a: Lopunny|par
|
|turn|24
|
|move|p2a: Latias|Recover|p2a: Latias
|-heal|p2a: Latias|292\/364
|cant|p1a: Lopunny|par
|
|turn|25
|
|move|p2a: Latias|Dragon Pulse|p1a: Lopunny
|-damage|p1a: Lopunny|116\/271 par
|move|p1a: Lopunny|Return|p2a: Latias
|-damage|p2a: Latias|168\/364
|
|turn|26
|
|move|p2a: Latias|Recover|p2a: Latias
|-heal|p2a: Latias|350\/364
|move|p1a: Lopunny|Return|p2a: Latias
|-damage|p2a: Latias|230\/364
|
|turn|27
|
|move|p2a: Latias|Dragon Pulse|p1a: Lopunny
|-damage|p1a: Lopunny|0 fnt
|faint|p1a: Lopunny
|
|
|switch|p1a: Azumarill|Azumarill, M|341\/341
|-damage|p1a: Azumarill|299\/341|[from] Stealth Rock
|turn|28
|
|switch|p2a: Amoonguss|Amoonguss, M|432\/432 brn
|-damage|p2a: Amoonguss|378\/432 brn|[from] Stealth Rock
|move|p1a: Azumarill|Belly Drum|p1a: Azumarill
|-damage|p1a: Azumarill|129\/341
|-setboost|p1a: Azumarill|atk|6|[from] move: Belly Drum
|-enditem|p1a: Azumarill|Sitrus Berry|[eat]
|-heal|p1a: Azumarill|214\/341|[from] item: Sitrus Berry
|
|-heal|p2a: Amoonguss|405\/432 brn|[from] item: Black Sludge
|-damage|p2a: Amoonguss|351\/432 brn|[from] brn
|turn|29
|
|move|p1a: Azumarill|Waterfall|p2a: Amoonguss
|-resisted|p2a: Amoonguss
|-damage|p2a: Amoonguss|60\/432 brn
|move|p2a: Amoonguss|Clear Smog|p1a: Azumarill
|-supereffective|p1a: Azumarill
|-damage|p1a: Azumarill|86\/341
|-clearboost|p1a: Azumarill
|
|-heal|p2a: Amoonguss|87\/432 brn|[from] item: Black Sludge
|-damage|p2a: Amoonguss|33\/432 brn|[from] brn
|turn|30
|
|move|p1a: Azumarill|Play Rough|p2a: Amoonguss
|-resisted|p2a: Amoonguss
|-damage|p2a: Amoonguss|0 fnt
|faint|p2a: Amoonguss
|
|
|switch|p2a: Rotom-Wash|Rotom-Wash|145\/304 tox
|-damage|p2a: Rotom-Wash|107\/304 tox|[from] Stealth Rock
|turn|31
|
|move|p1a: Azumarill|Play Rough|p2a: Rotom-Wash
|-damage|p2a: Rotom-Wash|0 fnt
|faint|p2a: Rotom-Wash
|
|
|switch|p2a: Excadrill|Excadrill, M|361\/361
|-damage|p2a: Excadrill|350\/361|[from] Stealth Rock
|turn|32
|
|move|p1a: Azumarill|Aqua Jet|p2a: Excadrill
|-supereffective|p2a: Excadrill
|-damage|p2a: Excadrill|96\/361
|move|p2a: Excadrill|Earthquake|p1a: Azumarill
|-damage|p1a: Azumarill|0 fnt
|-damage|p2a: Excadrill|60\/361|[from] item: Life Orb
|faint|p1a: Azumarill
|
|
|switch|p1a: Infernape|Infernape, F|257\/293
|-damage|p1a: Infernape|221\/293|[from] Stealth Rock
|turn|33
|
|switch|p2a: Latias|Latias-Mega, F|230\/364
|-damage|p2a: Latias|185\/364|[from] Stealth Rock
|move|p1a: Infernape|Close Combat|p2a: Latias
|-resisted|p2a: Latias
|-damage|p2a: Latias|127\/364
|-unboost|p1a: Infernape|def|1
|-unboost|p1a: Infernape|spd|1
|
|turn|34
|
|switch|p1a: Skarmory|Skarmory, M|266\/334 slp
|-damage|p1a: Skarmory|225\/334 slp|[from] Stealth Rock
|move|p2a: Latias|Recover|p2a: Latias
|-heal|p2a: Latias|309\/364
|
|turn|35
|
|switch|p2a: Tyranitar|Tyranitar, F|354\/404
|-damage|p2a: Tyranitar|304\/404|[from] Stealth Rock
|-weather|Sandstorm
|cant|p1a: Skarmory|slp
|
|-weather|Sandstorm|[upkeep]
|turn|36
|
|-curestatus|p1a: Skarmory|slp
|move|p1a: Skarmory|Roost|p1a: Skarmory
|-heal|p1a: Skarmory|334\/334
|move|p2a: Tyranitar|Fire Blast|p1a: Skarmory
|-crit|p1a: Skarmory
|-supereffective|p1a: Skarmory
|-activate|p1a: Skarmory|Sturdy
|-damage|p1a: Skarmory|1\/334
|
|-weather|Sandstorm|[upkeep]
|turn|37
|
|move|p1a: Skarmory|Defog|p2a: Tyranitar
|-unboost|p2a: Tyranitar|evasion|1
|-sideend|p2: BG I sucked|Stealth Rock|[from] move: Defog|[of] p2a: Tyranitar
|-sideend|p1: TARJA TURUNEN|Stealth Rock|[from] move: Defog|[of] p1a: Skarmory
|move|p2a: Tyranitar|Fire Blast|p1a: Skarmory|[miss]
|-miss|p2a: Tyranitar|p1a: Skarmory
|
|-weather|Sandstorm|[upkeep]
|turn|38
|
|move|p1a: Skarmory|Roost|p1a: Skarmory
|-heal|p1a: Skarmory|168\/334
|move|p2a: Tyranitar|Fire Blast|p1a: Skarmory
|-supereffective|p1a: Skarmory
|-damage|p1a: Skarmory|0 fnt
|faint|p1a: Skarmory
|
|-weather|Sandstorm|[upkeep]
|
|switch|p1a: Infernape|Infernape, F|221\/293
|turn|39
|
|switch|p1a: Thundurus|Thundurus, M|299\/299
|move|p2a: Tyranitar|Stealth Rock|p1a: Thundurus
|-sidestart|p1: TARJA TURUNEN|move: Stealth Rock
|
|-weather|Sandstorm|[upkeep]
|-damage|p1a: Thundurus|281\/299|[from] sandstorm
|turn|40
|
|move|p1a: Thundurus|Thunder Wave|p2a: Tyranitar
|-status|p2a: Tyranitar|par
|move|p2a: Tyranitar|Rock Slide|p1a: Thundurus
|-supereffective|p1a: Thundurus
|-damage|p1a: Thundurus|0 fnt
|faint|p1a: Thundurus
|
|-weather|Sandstorm|[upkeep]
|-message|TARJA TURUNEN forfeited.
|c|âBG I sucked|gg
|
|win|BG I sucked
|raw|Ladder updating...
|leave|TARJA TURUNEN
|player|p1
|raw|TARJA TURUNEN's rating: 1480 &rarr; <strong>1456<\/strong><br \/>(-24 for losing)
|raw|BG I sucked's rating: 1410 &rarr; <strong>1434<\/strong><br \/>(+24 for winning)