|join|Acknne
|join|TARJA TURUNEN
|player|p1|Acknne|170
|player|p2|TARJA TURUNEN|78
|gametype|doubles
|gen|6
|tier|Smogon Doubles Ubers
|rated
|rule|Species Clause: Limit one of each PokÃ©mon
|rule|Moody Clause: Moody is banned
|rule|OHKO Clause: OHKO moves are banned
|rule|Endless Battle Clause: Forcing endless battles is banned
|rule|HP Percentage Mod: HP is shown in percentages
|clearpoke
|poke|p1|Groudon
|poke|p1|Palkia
|poke|p1|Sableye, F
|poke|p1|Lopunny, M
|poke|p1|Cherrim, F
|poke|p1|Stantler, M
|poke|p2|Amoonguss, M
|poke|p2|Kangaskhan, F
|poke|p2|Kingdra, M
|poke|p2|Kyogre
|poke|p2|Yveltal
|poke|p2|Shaymin-Sky
|teampreview
|
|start
|switch|p1a: Groudon|Groudon|342\/342
|switch|p1b: Lopunny|Lopunny, M|272\/272
|switch|p2a: Kangaskhan|Kangaskhan, F|351\/351
|switch|p2b: Yveltal|Yveltal|399\/399
|detailschange|p1a: Groudon|Groudon-Primal
|message|Groudon's Primal Reversion! It reverted to its primal form!
|-weather|DesolateLand
|-ability|p2b: Yveltal|Dark Aura
|turn|1
|
|detailschange|p2a: Kangaskhan|Kangaskhan-Mega, F
|message|Kangaskhan has Mega Evolved into Mega Kangaskhan!
|move|p1a: Groudon|Protect|p1a: Groudon
|-singleturn|p1a: Groudon|Protect
|move|p1b: Lopunny|Fake Out|p2b: Yveltal
|-damage|p2b: Yveltal|348\/399
|move|p2a: Kangaskhan|Fake Out|p1a: Groudon
|-activate|p1a: Groudon|Protect
|cant|p2b: Yveltal|flinch
|
|-weather|DesolateLand|[upkeep]
|turn|2
|
|move|p1b: Lopunny|Encore|p2a: Kangaskhan
|-start|p2a: Kangaskhan|Encore
|move|p2a: Kangaskhan|Fake Out|p1a: Groudon
|-hint|Fake Out only works on your first turn out.
|-fail|p1a: Groudon
|move|p1a: Groudon|Rock Polish|p1a: Groudon
|-boost|p1a: Groudon|spe|2
|move|p2b: Yveltal|Dark Pulse|p1a: Groudon
|-damage|p1a: Groudon|22\/342
|-damage|p2b: Yveltal|309\/399|[from] item: Life Orb
|
|-weather|DesolateLand|[upkeep]
|turn|3
|
|switch|p2a: Amoonguss|Amoonguss, M|432\/432
|detailschange|p1b: Lopunny|Lopunny-Mega, M
|message|Lopunny has Mega Evolved into Mega Lopunny!
|move|p2b: Yveltal|Sucker Punch|p1a: Groudon
|-fail|p1a: Groudon
|move|p1a: Groudon|Rock Polish|p1a: Groudon
|-boost|p1a: Groudon|spe|2
|move|p1b: Lopunny|High Jump Kick|p2b: Yveltal
|-damage|p2b: Yveltal|47\/399
|
|-weather|DesolateLand|[upkeep]
|turn|4
|
|move|p1a: Groudon|Protect|p1a: Groudon
|-singleturn|p1a: Groudon|Protect
|move|p2a: Amoonguss|Rage Powder|p2a: Amoonguss
|-start|p2a: Amoonguss|move: Rage Powder
|move|p2b: Yveltal|Sucker Punch|p1a: Groudon
|-fail|p1a: Groudon
|move|p1b: Lopunny|Return|p2b: Yveltal
|-damage|p2a: Amoonguss|204\/432
|
|-weather|DesolateLand|[upkeep]
|-heal|p2a: Amoonguss|231\/432|[from] item: Black Sludge
|turn|5
|
|move|p2a: Amoonguss|Rage Powder|p2a: Amoonguss
|-start|p2a: Amoonguss|move: Rage Powder
|move|p1a: Groudon|Fire Punch|p2a: Amoonguss
|-supereffective|p2a: Amoonguss
|-damage|p2a: Amoonguss|0 fnt
|faint|p2a: Amoonguss
|move|p1b: Lopunny|Return|p2b: Yveltal
|-crit|p2b: Yveltal
|-damage|p2b: Yveltal|0 fnt
|faint|p2b: Yveltal
|
|-weather|DesolateLand|[upkeep]
|
|switch|p2b: Shaymin-Sky|Shaymin-Sky|341\/341
|switch|p2a: Kangaskhan|Kangaskhan-Mega, F|351\/351
|turn|6
|
|switch|p1b: Palkia|Palkia|321\/321
|-ability|p1b: Palkia|Pressure
|move|p1a: Groudon|Protect|p1a: Groudon
|-singleturn|p1a: Groudon|Protect
|move|p2a: Kangaskhan|Fake Out|p1b: Palkia
|-damage|p1b: Palkia|252\/321
|-damage|p1b: Palkia|215\/321
|-hitcount|p1b: Palkia|2
|-enditem|p1b: Palkia|Eject Button
|
|switch|p1b: Sableye|Sableye, F|304\/304
|move|p2b: Shaymin-Sky|Air Slash|p1b: Sableye
|-crit|p1b: Sableye
|-damage|p1b: Sableye|115\/304
|
|-weather|DesolateLand|[upkeep]
|turn|7
|
|move|p1b: Sableye|Fake Out|p2a: Kangaskhan
|-damage|p2a: Kangaskhan|325\/351
|cant|p2a: Kangaskhan|flinch
|move|p1a: Groudon|Fire Punch|p2a: Kangaskhan
|-damage|p2a: Kangaskhan|72\/351
|move|p2b: Shaymin-Sky|Seed Flare|p1b: Sableye
|-damage|p1b: Sableye|0 fnt
|faint|p1b: Sableye
|
|-weather|DesolateLand|[upkeep]
|
|switch|p1b: Lopunny|Lopunny-Mega, M|272\/272
|turn|8
|
|move|p1a: Groudon|Protect|p1a: Groudon
|-singleturn|p1a: Groudon|Protect
|move|p2b: Shaymin-Sky|Protect|p2b: Shaymin-Sky
|-singleturn|p2b: Shaymin-Sky|Protect
|move|p2a: Kangaskhan|Sucker Punch|p1a: Groudon
|-fail|p1a: Groudon
|move|p1b: Lopunny|High Jump Kick|p2a: Kangaskhan
|-supereffective|p2a: Kangaskhan
|-damage|p2a: Kangaskhan|0 fnt
|faint|p2a: Kangaskhan
|
|-weather|DesolateLand|[upkeep]
|
|switch|p2a: Kingdra|Kingdra, M|291\/291
|turn|9
|
|-weather|none
|switch|p1a: Cherrim|Cherrim, F|344\/344
|move|p2a: Kingdra|Protect|p2a: Kingdra
|-singleturn|p2a: Kingdra|Protect
|move|p1b: Lopunny|Encore|p2b: Shaymin-Sky
|-start|p2b: Shaymin-Sky|Encore
|move|p2b: Shaymin-Sky|Protect|p2b: Shaymin-Sky
|-fail|p2b: Shaymin-Sky
|
|turn|10
|
|switch|p1b: Groudon|Groudon-Primal|22\/342
|-weather|DesolateLand
|-formechange|p1a: Cherrim|Cherrim-Sunshine|[msg]
|switch|p2b: Kyogre|Kyogre|341\/341
|-ability|p2b: Kyogre|Drizzle|[from] desolateland|[fail]
|move|p2a: Kingdra|Hydro Pump|p1b: Groudon
|-fail|p1b: Groudon|Hydro Pump|[from] Desolate Land
|move|p1a: Cherrim|Heal Pulse|p1b: Groudon
|-heal|p1b: Groudon|193\/342
|
|-weather|DesolateLand|[upkeep]
|turn|11
|
|move|p2b: Kyogre|Ice Beam|p1a: Cherrim
|-supereffective|p1a: Cherrim
|-damage|p1a: Cherrim|146\/344
|-enditem|p1a: Cherrim|Sitrus Berry|[eat]
|-heal|p1a: Cherrim|232\/344|[from] item: Sitrus Berry
|move|p1b: Groudon|Rock Polish|p1b: Groudon
|-boost|p1b: Groudon|spe|2
|move|p2a: Kingdra|Draco Meteor|p1b: Groudon
|-damage|p1b: Groudon|6\/342
|-unboost|p2a: Kingdra|spa|2
|-damage|p2a: Kingdra|262\/291|[from] item: Life Orb
|move|p1a: Cherrim|Heal Pulse|p1b: Groudon
|-heal|p1b: Groudon|177\/342
|
|-weather|DesolateLand|[upkeep]
|turn|12
|
|move|p1a: Cherrim|Helping Hand|p1b: Groudon
|-singleturn|p1b: Groudon|Helping Hand|[of] p1a: Cherrim
|move|p1b: Groudon|Precipice Blades|p2a: Kingdra
|-miss|p1b: Groudon|p2a: Kingdra
|-damage|p2b: Kyogre|0 fnt
|faint|p2b: Kyogre
|move|p2a: Kingdra|Draco Meteor|p1b: Groudon
|-damage|p1b: Groudon|80\/342
|-unboost|p2a: Kingdra|spa|2
|-damage|p2a: Kingdra|233\/291|[from] item: Life Orb
|
|-weather|DesolateLand|[upkeep]
|-message|TARJA TURUNEN forfeited.
|
|win|Acknne
|raw|Ladder updating...
|leave|TARJA TURUNEN
|player|p2
|raw|Acknne's rating: 1256 &rarr; <strong>1287<\/strong><br \/>(+31 for winning)
|raw|TARJA TURUNEN's rating: 1335 &rarr; <strong>1311<\/strong><br \/>(-24 for losing)