|join|Arcanine is Regal
|join|Mamoswineflu
|player|p1|Arcanine is Regal|126
|player|p2|Mamoswineflu|170
|gametype|singles
|gen|6
|tier|OU
|rated
|clearpoke
|poke|p1|Ambipom, F
|poke|p1|Latias, F
|poke|p1|Heatran, F
|poke|p1|Conkeldurr, M
|poke|p1|Greninja, F
|poke|p1|Pinsir, M
|poke|p2|Abomasnow, F
|poke|p2|Heatran, M
|poke|p2|Mandibuzz, F
|poke|p2|Terrakion
|poke|p2|Alakazam, F
|poke|p2|Aegislash, M
|rule|Sleep Clause Mod: Limit one foe put to sleep
|rule|Species Clause: Limit one of each Pokemon
|rule|OHKO Clause: OHKO moves are banned
|rule|Moody Clause: Moody is banned
|rule|Evasion Moves Clause: Evasion moves are banned
|rule|Endless Battle Clause: Forcing endless battles is banned.
|rule|HP Percentage Mod: HP is reported as percentages
|teampreview
|callback|decision
|
|start
|switch|p1a: Greninja|Greninja, F|285\/285
|switch|p2a: Heatran|Heatran, M|386\/386
|turn|1
|callback|decision
|
|-start|p1a: Greninja|typechange|Fire|[from] Protean
|move|p1a: Greninja|Hidden Power|p2a: Heatran
|-start|p2a: Heatran|ability: Flash Fire
|move|p2a: Heatran|Stealth Rock|p1a: Greninja
|-sidestart|p1: Arcanine is Regal|move: Stealth Rock
|
|turn|2
|callback|decision
|
|switch|p1a: Latias|Latias, F|364\/364
|-damage|p1a: Latias|319\/364|[from] Stealth Rock
|move|p2a: Heatran|Lava Plume|p1a: Latias
|-resisted|p1a: Latias
|-damage|p1a: Latias|255\/364
|
|turn|3
|callback|decision
|chat|Arcanine is Regal|whyd you stay in :(
|
|move|p1a: Latias|Defog|p2a: Heatran
|-unboost|p2a: Heatran|evasion|1
|-sideend|p1: Arcanine is Regal|Stealth Rock|[from] move: Defog|[of] p1a: Latias
|move|p2a: Heatran|Toxic|p1a: Latias
|-status|p1a: Latias|tox
|
|-damage|p1a: Latias|233\/364 tox|[from] psn
|turn|4
|callback|decision
|
|switch|p1a: Conkeldurr|Conkeldurr, M|357\/357
|move|p2a: Heatran|Stealth Rock|p1a: Conkeldurr
|-sidestart|p1: Arcanine is Regal|move: Stealth Rock
|
|turn|5
|callback|decision
|
|move|p2a: Heatran|Protect|p2a: Heatran
|-singleturn|p2a: Heatran|Protect
|move|p1a: Conkeldurr|Knock Off|p2a: Heatran
|-activate|p2a: Heatran|Protect
|
|turn|6
|callback|decision
|
|switch|p2a: Mandibuzz|Mandibuzz, F|424\/424
|move|p1a: Conkeldurr|Drain Punch|p2a: Mandibuzz
|-crit|p2a: Mandibuzz
|-damage|p2a: Mandibuzz|250\/424
|
|-heal|p2a: Mandibuzz|276\/424|[from] item: Leftovers
|turn|7
|callback|decision
|
|move|p2a: Mandibuzz|Roost|p2a: Mandibuzz
|-heal|p2a: Mandibuzz|424\/424
|move|p1a: Conkeldurr|Ice Punch|p2a: Mandibuzz
|-damage|p2a: Mandibuzz|356\/424
|
|-heal|p2a: Mandibuzz|382\/424|[from] item: Leftovers
|turn|8
|callback|decision
|
|move|p2a: Mandibuzz|Knock Off|p1a: Conkeldurr
|-resisted|p1a: Conkeldurr
|-damage|p1a: Conkeldurr|318\/357
|-enditem|p1a: Conkeldurr|Assault Vest|[from] move: Knock Off|[of] p2a: Mandibuzz
|move|p1a: Conkeldurr|Knock Off|p2a: Mandibuzz
|-resisted|p2a: Mandibuzz
|-damage|p2a: Mandibuzz|332\/424
|-enditem|p2a: Mandibuzz|Leftovers|[from] move: Knock Off|[of] p1a: Conkeldurr
|
|turn|9
|callback|decision
|
|move|p2a: Mandibuzz|Knock Off|p1a: Conkeldurr
|-resisted|p1a: Conkeldurr
|-damage|p1a: Conkeldurr|291\/357
|move|p1a: Conkeldurr|Knock Off|p2a: Mandibuzz
|-resisted|p2a: Mandibuzz
|-damage|p2a: Mandibuzz|303\/424
|
|turn|10
|callback|decision
|
|switch|p2a: Aegislash|Aegislash, M|324\/324
|move|p1a: Conkeldurr|Ice Punch|p2a: Aegislash
|-resisted|p2a: Aegislash
|-damage|p2a: Aegislash|285\/324
|
|-heal|p2a: Aegislash|305\/324|[from] item: Leftovers
|turn|11
|callback|decision
|
|move|p2a: Aegislash|King's Shield|p2a: Aegislash
|-singleturn|p2a: Aegislash|Protect
|move|p1a: Conkeldurr|Mach Punch|p2a: Aegislash
|-immune|p2a: Aegislash|[msg]
|
|-heal|p2a: Aegislash|324\/324|[from] item: Leftovers
|turn|12
|callback|decision
|
|switch|p2a: Mandibuzz|Mandibuzz, F|303\/424
|move|p1a: Conkeldurr|Knock Off|p2a: Mandibuzz
|-resisted|p2a: Mandibuzz
|-damage|p2a: Mandibuzz|270\/424
|
|turn|13
|callback|decision
|
|move|p2a: Mandibuzz|Roost|p2a: Mandibuzz
|-heal|p2a: Mandibuzz|424\/424
|move|p1a: Conkeldurr|Drain Punch|p2a: Mandibuzz
|-supereffective|p2a: Mandibuzz
|-damage|p2a: Mandibuzz|190\/424
|-heal|p1a: Conkeldurr|357\/357|[from] drain|[of] p2a: Mandibuzz
|
|turn|14
|callback|decision
|
|move|p2a: Mandibuzz|Roost|p2a: Mandibuzz
|-heal|p2a: Mandibuzz|402\/424
|move|p1a: Conkeldurr|Ice Punch|p2a: Mandibuzz
|-damage|p2a: Mandibuzz|333\/424
|
|turn|15
|callback|decision
|
|move|p2a: Mandibuzz|Foul Play|p1a: Conkeldurr
|-resisted|p1a: Conkeldurr
|-damage|p1a: Conkeldurr|249\/357
|move|p1a: Conkeldurr|Knock Off|p2a: Mandibuzz
|-resisted|p2a: Mandibuzz
|-damage|p2a: Mandibuzz|304\/424
|
|turn|16
|callback|decision
|
|move|p2a: Mandibuzz|Foul Play|p1a: Conkeldurr
|-resisted|p1a: Conkeldurr
|-damage|p1a: Conkeldurr|156\/357
|move|p1a: Conkeldurr|Drain Punch|p2a: Mandibuzz
|-damage|p2a: Mandibuzz|193\/424
|-heal|p1a: Conkeldurr|212\/357|[from] drain|[of] p2a: Mandibuzz
|
|turn|17
|callback|decision
|
|move|p2a: Mandibuzz|Foul Play|p1a: Conkeldurr
|-resisted|p1a: Conkeldurr
|-damage|p1a: Conkeldurr|103\/357
|move|p1a: Conkeldurr|Drain Punch|p2a: Mandibuzz
|-damage|p2a: Mandibuzz|88\/424
|-heal|p1a: Conkeldurr|156\/357|[from] drain|[of] p2a: Mandibuzz
|
|turn|18
|callback|decision
|
|move|p2a: Mandibuzz|Foul Play|p1a: Conkeldurr
|-resisted|p1a: Conkeldurr
|-damage|p1a: Conkeldurr|57\/357
|move|p1a: Conkeldurr|Drain Punch|p2a: Mandibuzz
|-damage|p2a: Mandibuzz|0 fnt
|-heal|p1a: Conkeldurr|101\/357|[from] drain|[of] p2a: Mandibuzz
|faint|p2a: Mandibuzz
|
|callback|decision
|
|switch|p2a: Alakazam|Alakazam, F|252\/252
|turn|19
|callback|decision
|
|move|p1a: Conkeldurr|Mach Punch|p2a: Alakazam
|-resisted|p2a: Alakazam
|-damage|p2a: Alakazam|177\/252
|move|p2a: Alakazam|Focus Blast|p1a: Conkeldurr
|-damage|p1a: Conkeldurr|0 fnt
|faint|p1a: Conkeldurr
|
|callback|decision
|
|switch|p1a: Ambipom|Ambipom, F|291\/291
|-damage|p1a: Ambipom|255\/291|[from] Stealth Rock
|turn|20
|callback|decision
|
|move|p1a: Ambipom|Pursuit|p2a: Alakazam|[from]Pursuit
|-supereffective|p2a: Alakazam
|-damage|p2a: Alakazam|0 fnt
|-damage|p1a: Ambipom|226\/291|[from] item: Life Orb
|faint|p2a: Alakazam
|
|callback|decision
|
|switch|p2a: Aegislash|Aegislash, M|324\/324
|turn|21
|callback|decision
|
|switch|p1a: Heatran|Heatran, F|386\/386
|-damage|p1a: Heatran|338\/386|[from] Stealth Rock
|-formechange|p2a: Aegislash|Aegislash-Blade
|move|p2a: Aegislash|Sacred Sword|p1a: Heatran
|-supereffective|p1a: Heatran
|-damage|p1a: Heatran|154\/386
|
|-heal|p1a: Heatran|178\/386|[from] item: Leftovers
|turn|22
|callback|decision
|
|move|p1a: Heatran|Lava Plume|p2a: Aegislash
|-supereffective|p2a: Aegislash
|-damage|p2a: Aegislash|0 fnt
|faint|p2a: Aegislash
|
|-heal|p1a: Heatran|202\/386|[from] item: Leftovers
|callback|decision
|
|switch|p2a: Terrakion|Terrakion|323\/323
|turn|23
|callback|decision
|
|move|p2a: Terrakion|Close Combat|p1a: Heatran
|-supereffective|p1a: Heatran
|-damage|p1a: Heatran|0 fnt
|-unboost|p2a: Terrakion|def|1
|-unboost|p2a: Terrakion|spd|1
|faint|p1a: Heatran
|
|callback|decision
|
|switch|p1a: Pinsir|Pinsir, M|271\/271
|-damage|p1a: Pinsir|204\/271|[from] Stealth Rock
|turn|24
|callback|decision
|
|switch|p2a: Heatran|Heatran, M|386\/386
|-formechange|p1a: Pinsir|Pinsir-Mega
|message|Pinsir has Mega Evolved into Mega Pinsir!
|move|p1a: Pinsir|Frustration|p2a: Heatran
|-resisted|p2a: Heatran
|-damage|p2a: Heatran|245\/386
|
|-heal|p2a: Heatran|269\/386|[from] item: Leftovers
|turn|25
|callback|decision
|
|move|p2a: Heatran|Protect|p2a: Heatran
|-singleturn|p2a: Heatran|Protect
|move|p1a: Pinsir|Earthquake|p2a: Heatran
|-activate|p2a: Heatran|Protect
|
|-heal|p2a: Heatran|293\/386|[from] item: Leftovers
|turn|26
|callback|decision
|
|move|p1a: Pinsir|Earthquake|p2a: Heatran
|-supereffective|p2a: Heatran
|-damage|p2a: Heatran|0 fnt
|faint|p2a: Heatran
|
|callback|decision
|
|switch|p2a: Terrakion|Terrakion|323\/323
|turn|27
|callback|decision
|
|move|p2a: Terrakion|Rock Slide|p1a: Pinsir
|-supereffective|p1a: Pinsir
|-damage|p1a: Pinsir|0 fnt
|faint|p1a: Pinsir
|
|callback|decision
|
|switch|p1a: Latias|Latias, F|233\/364 tox
|-damage|p1a: Latias|188\/364 tox|[from] Stealth Rock
|turn|28
|callback|decision
|-message|Mamoswineflu lost due to inactivity.
|
|win|Arcanine is Regal
|raw|Ladder updating...
|raw|Arcanine is Regal's rating: 1505 &rarr; <strong>1531<\/strong><br \/>(+26 for winning)
|raw|Mamoswineflu's rating: 1516 &rarr; <strong>1490<\/strong><br \/>(-26 for losing)
|chat|Arcanine is Regal|gg