|join|Mamoswineflu
|join|ServerSucks
|player|p1|Mamoswineflu|1
|player|p2|ServerSucks|170
|gametype|singles
|gen|6
|tier|OU
|rated
|clearpoke
|poke|p1|Blastoise, M
|poke|p1|Tyranitar, M
|poke|p1|Chesnaught, F
|poke|p1|Genesect, shiny
|poke|p1|Landorus-Therian, M
|poke|p1|Rotom-Wash
|poke|p2|Zapdos
|poke|p2|Quagsire, M
|poke|p2|Charizard, M
|poke|p2|Ferrothorn, M
|poke|p2|Clefable, M
|poke|p2|Latios, M
|rule|Sleep Clause Mod: Limit one foe put to sleep
|rule|Species Clause: Limit one of each Pokemon
|rule|OHKO Clause: OHKO moves are banned
|rule|Moody Clause: Moody is banned
|rule|Evasion Moves Clause: Evasion moves are banned
|rule|Endless Battle Clause: Forcing endless battles is banned.
|rule|HP Percentage Mod: HP is reported as percentages
|teampreview
|callback|decision
|chat|ServerSucks|oh this bitch
|
|start
|switch|p1a: Rotom-Wash|Rotom-Wash|304\/304
|switch|p2a: Ferrothorn|Ferrothorn, M|351\/351
|turn|1
|callback|decision
|
|move|p1a: Rotom-Wash|Will-O-Wisp|p2a: Ferrothorn
|-status|p2a: Ferrothorn|brn
|move|p2a: Ferrothorn|Power Whip|p1a: Rotom-Wash
|-supereffective|p1a: Rotom-Wash
|-damage|p1a: Rotom-Wash|188\/304
|
|-heal|p1a: Rotom-Wash|207\/304|[from] item: Leftovers
|-damage|p2a: Ferrothorn|308\/351 brn|[from] brn
|turn|2
|callback|decision
|
|move|p1a: Rotom-Wash|Volt Switch|p2a: Ferrothorn
|-resisted|p2a: Ferrothorn
|-damage|p2a: Ferrothorn|275\/351 brn
|callback|decision
|
|switch|p1a: Genesect|Genesect, shiny|283\/283
|-boost|p1a: Genesect|spa|1|[from] ability: Download
|move|p2a: Ferrothorn|Stealth Rock|p1a: Genesect
|-sidestart|p1: Mamoswineflu|move: Stealth Rock
|
|-heal|p2a: Ferrothorn|296\/351 brn|[from] item: Leftovers
|-damage|p2a: Ferrothorn|253\/351 brn|[from] brn
|turn|3
|callback|decision
|
|switch|p2a: Charizard|Charizard, M|359\/359
|move|p1a: Genesect|U-turn|p2a: Charizard
|-resisted|p2a: Charizard
|-damage|p2a: Charizard|323\/359
|callback|decision
|
|switch|p1a: Tyranitar|Tyranitar, M|404\/404
|-damage|p1a: Tyranitar|354\/404|[from] Stealth Rock
|-weather|Sandstorm
|
|-weather|Sandstorm|[upkeep]
|-damage|p2a: Charizard|301\/359|[from] sandstorm
|turn|4
|callback|decision
|
|move|p1a: Tyranitar|Pursuit|p2a: Charizard|[from]Pursuit
|-damage|p2a: Charizard|129\/359
|switch|p2a: Quagsire|Quagsire, M|394\/394
|
|-weather|Sandstorm|[upkeep]
|turn|5
|callback|decision
|
|move|p1a: Tyranitar|Stealth Rock|p2a: Quagsire
|-sidestart|p2: ServerSucks|move: Stealth Rock
|move|p2a: Quagsire|Toxic|p1a: Tyranitar
|-status|p1a: Tyranitar|tox
|
|-weather|Sandstorm|[upkeep]
|-damage|p1a: Tyranitar|329\/404 tox|[from] psn
|turn|6
|callback|decision
|
|switch|p1a: Genesect|Genesect, shiny|283\/283
|-damage|p1a: Genesect|248\/283|[from] Stealth Rock
|-boost|p1a: Genesect|spa|1|[from] ability: Download
|move|p2a: Quagsire|Toxic|p1a: Genesect
|-fail|p1a: Genesect
|
|-weather|Sandstorm|[upkeep]
|turn|7
|callback|decision
|
|move|p1a: Genesect|Ice Beam|p2a: Quagsire
|-damage|p2a: Quagsire|281\/394
|move|p2a: Quagsire|Scald|p1a: Genesect
|-damage|p1a: Genesect|184\/283
|-status|p1a: Genesect|brn
|
|-weather|none
|-heal|p2a: Quagsire|305\/394|[from] item: Leftovers
|-damage|p1a: Genesect|149\/283 brn|[from] brn
|turn|8
|callback|decision
|
|move|p1a: Genesect|U-turn|p2a: Quagsire
|-damage|p2a: Quagsire|260\/394
|callback|decision
|
|switch|p1a: Blastoise|Blastoise, M|311\/311
|-damage|p1a: Blastoise|273\/311|[from] Stealth Rock
|move|p2a: Quagsire|Toxic|p1a: Blastoise|[miss]
|-miss|p2a: Quagsire|p1a: Blastoise
|
|-heal|p2a: Quagsire|284\/394|[from] item: Leftovers
|turn|9
|callback|decision
|
|-formechange|p1a: Blastoise|Blastoise-Mega
|message|Blastoise has Mega Evolved into Mega Blastoise!
|move|p1a: Blastoise|Water Pulse|p2a: Quagsire
|-crit|p2a: Quagsire
|-damage|p2a: Quagsire|0 fnt
|faint|p2a: Quagsire
|
|callback|decision
|chat|ServerSucks|LOL
|
|switch|p2a: Zapdos|Zapdos|383\/383
|-damage|p2a: Zapdos|288\/383|[from] Stealth Rock
|-ability|p2a: Zapdos|Pressure
|turn|10
|callback|decision
|
|move|p1a: Blastoise|Water Pulse|p2a: Zapdos
|-damage|p2a: Zapdos|146\/383
|move|p2a: Zapdos|Defog|p1a: Blastoise
|-unboost|p1a: Blastoise|evasion|1
|-sideend|p1: Mamoswineflu|Stealth Rock|[from] move: Defog|[of] p1a: Blastoise
|-sideend|p2: ServerSucks|Stealth Rock|[from] move: Defog|[of] p2a: Zapdos
|
|-heal|p2a: Zapdos|169\/383|[from] item: Leftovers
|turn|11
|callback|decision
|
|switch|p1a: Rotom-Wash|Rotom-Wash|207\/304
|move|p2a: Zapdos|Roost|p2a: Zapdos
|-heal|p2a: Zapdos|361\/383
|
|-heal|p2a: Zapdos|383\/383|[from] item: Leftovers
|-heal|p1a: Rotom-Wash|226\/304|[from] item: Leftovers
|turn|12
|callback|decision
|
|move|p2a: Zapdos|Discharge|p1a: Rotom-Wash
|-damage|p1a: Rotom-Wash|148\/304
|move|p1a: Rotom-Wash|Volt Switch|p2a: Zapdos
|-damage|p2a: Zapdos|308\/383
|callback|decision
|
|switch|p1a: Tyranitar|Tyranitar, M|329\/404 tox
|-weather|Sandstorm
|
|-weather|Sandstorm|[upkeep]
|-damage|p2a: Zapdos|285\/383|[from] sandstorm
|-heal|p2a: Zapdos|308\/383|[from] item: Leftovers
|-damage|p1a: Tyranitar|304\/404 tox|[from] psn
|turn|13
|callback|decision
|
|move|p1a: Tyranitar|Pursuit|p2a: Zapdos|[from]Pursuit
|-damage|p2a: Zapdos|122\/383
|switch|p2a: Clefable|Clefable, M|393\/393
|
|-weather|Sandstorm|[upkeep]
|-damage|p1a: Tyranitar|254\/404 tox|[from] psn
|turn|14
|callback|decision
|
|move|p1a: Tyranitar|Stealth Rock|p2a: Clefable
|-sidestart|p2: ServerSucks|move: Stealth Rock
|move|p2a: Clefable|Cosmic Power|p2a: Clefable
|-boost|p2a: Clefable|def|1
|-boost|p2a: Clefable|spd|1
|
|-weather|Sandstorm|[upkeep]
|-damage|p1a: Tyranitar|179\/404 tox|[from] psn
|turn|15
|callback|decision
|
|switch|p1a: Genesect|Genesect, shiny|149\/283 brn
|-boost|p1a: Genesect|spa|1|[from] ability: Download
|move|p2a: Clefable|Cosmic Power|p2a: Clefable
|-boost|p2a: Clefable|def|1
|-boost|p2a: Clefable|spd|1
|
|-weather|Sandstorm|[upkeep]
|-damage|p1a: Genesect|114\/283 brn|[from] brn
|turn|16
|callback|decision
|
|move|p1a: Genesect|Iron Head|p2a: Clefable
|-supereffective|p2a: Clefable
|-damage|p2a: Clefable|314\/393
|move|p2a: Clefable|Cosmic Power|p2a: Clefable
|-boost|p2a: Clefable|def|1
|-boost|p2a: Clefable|spd|1
|
|-weather|none
|-heal|p2a: Clefable|338\/393|[from] item: Leftovers
|-damage|p1a: Genesect|79\/283 brn|[from] brn
|turn|17
|callback|decision
|
|move|p1a: Genesect|Iron Head|p2a: Clefable
|-supereffective|p2a: Clefable
|-damage|p2a: Clefable|278\/393
|move|p2a: Clefable|Charge Beam|p1a: Genesect
|-damage|p1a: Genesect|36\/283 brn
|
|-heal|p2a: Clefable|302\/393|[from] item: Leftovers
|-damage|p1a: Genesect|1\/283 brn|[from] brn
|turn|18
|callback|decision
|
|move|p1a: Genesect|Iron Head|p2a: Clefable
|-supereffective|p2a: Clefable
|-damage|p2a: Clefable|244\/393
|move|p2a: Clefable|Soft-Boiled|p2a: Clefable
|-heal|p2a: Clefable|393\/393
|
|-damage|p1a: Genesect|0 fnt|[from] brn
|faint|p1a: Genesect
|callback|decision
|
|switch|p1a: Landorus-Therian|Landorus-Therian, M|328\/328
|-ability|p1a: Landorus-Therian|Intimidate|[of] p2a: Clefable
|-unboost|p2a: Clefable|atk|1
|turn|19
|callback|decision
|
|move|p1a: Landorus-Therian|Knock Off|p2a: Clefable
|-resisted|p2a: Clefable
|-damage|p2a: Clefable|371\/393
|-enditem|p2a: Clefable|Leftovers|[from] move: Knock Off|[of] p1a: Landorus-Therian
|move|p2a: Clefable|Moonblast|p1a: Landorus-Therian
|-damage|p1a: Landorus-Therian|208\/328
|-unboost|p1a: Landorus-Therian|spa|1
|
|turn|20
|callback|decision
|
|switch|p1a: Tyranitar|Tyranitar, M|179\/404 tox
|-weather|Sandstorm
|move|p2a: Clefable|Moonblast|p1a: Tyranitar
|-supereffective|p1a: Tyranitar
|-damage|p1a: Tyranitar|45\/404 tox
|
|-weather|Sandstorm|[upkeep]
|-damage|p1a: Tyranitar|20\/404 tox|[from] psn
|turn|21
|callback|decision
|
|move|p1a: Tyranitar|Stone Edge|p2a: Clefable
|-damage|p2a: Clefable|299\/393
|move|p2a: Clefable|Charge Beam|p1a: Tyranitar
|-damage|p1a: Tyranitar|0 fnt
|-boost|p2a: Clefable|spa|1
|faint|p1a: Tyranitar
|
|-weather|Sandstorm|[upkeep]
|callback|decision
|
|switch|p1a: Blastoise|Blastoise, M|273\/311
|-formechange|p1a: Blastoise|Blastoise-Mega
|turn|22
|callback|decision
|
|move|p1a: Blastoise|Water Pulse|p2a: Clefable
|-damage|p2a: Clefable|217\/393
|move|p2a: Clefable|Charge Beam|p1a: Blastoise
|-supereffective|p1a: Blastoise
|-damage|p1a: Blastoise|171\/311
|
|-weather|Sandstorm|[upkeep]
|-damage|p1a: Blastoise|152\/311|[from] sandstorm
|turn|23
|callback|decision
|
|move|p1a: Blastoise|Water Pulse|p2a: Clefable
|-damage|p2a: Clefable|144\/393
|move|p2a: Clefable|Moonblast|p1a: Blastoise
|-damage|p1a: Blastoise|20\/311
|-unboost|p1a: Blastoise|spa|1
|
|-weather|Sandstorm|[upkeep]
|-damage|p1a: Blastoise|1\/311|[from] sandstorm
|turn|24
|callback|decision
|
|switch|p1a: Rotom-Wash|Rotom-Wash|148\/304
|move|p2a: Clefable|Soft-Boiled|p2a: Clefable
|-heal|p2a: Clefable|341\/393
|
|-weather|none
|-heal|p1a: Rotom-Wash|167\/304|[from] item: Leftovers
|turn|25
|callback|decision
|
|move|p1a: Rotom-Wash|Hydro Pump|p2a: Clefable
|-damage|p2a: Clefable|278\/393
|move|p2a: Clefable|Charge Beam|p1a: Rotom-Wash
|-damage|p1a: Rotom-Wash|127\/304
|-boost|p2a: Clefable|spa|1
|
|-heal|p1a: Rotom-Wash|146\/304|[from] item: Leftovers
|turn|26
|callback|decision
|
|move|p1a: Rotom-Wash|Hydro Pump|p2a: Clefable
|-damage|p2a: Clefable|221\/393
|move|p2a: Clefable|Soft-Boiled|p2a: Clefable
|-heal|p2a: Clefable|393\/393
|
|-heal|p1a: Rotom-Wash|165\/304|[from] item: Leftovers
|turn|27
|callback|decision
|
|move|p1a: Rotom-Wash|Hydro Pump|p2a: Clefable
|-damage|p2a: Clefable|335\/393
|move|p2a: Clefable|Charge Beam|p1a: Rotom-Wash|[miss]
|-miss|p2a: Clefable|p1a: Rotom-Wash
|
|-heal|p1a: Rotom-Wash|184\/304|[from] item: Leftovers
|turn|28
|callback|decision
|
|move|p1a: Rotom-Wash|Volt Switch|p2a: Clefable
|-damage|p2a: Clefable|299\/393
|callback|decision
|
|switch|p1a: Chesnaught|Chesnaught, F|380\/380
|move|p2a: Clefable|Charge Beam|p1a: Chesnaught
|-resisted|p1a: Chesnaught
|-damage|p1a: Chesnaught|336\/380
|-boost|p2a: Clefable|spa|1
|
|-heal|p1a: Chesnaught|359\/380|[from] item: Leftovers
|turn|29
|callback|decision
|
|move|p1a: Chesnaught|Spiky Shield|p1a: Chesnaught
|-singleturn|p1a: Chesnaught|Spiky Shield
|move|p2a: Clefable|Moonblast|p1a: Chesnaught
|-activate|p1a: Chesnaught|Spiky Shield
|
|-heal|p1a: Chesnaught|380\/380|[from] item: Leftovers
|turn|30
|callback|decision
|
|move|p1a: Chesnaught|Spikes|p2a: Clefable
|-sidestart|p2: ServerSucks|Spikes
|move|p2a: Clefable|Moonblast|p1a: Chesnaught
|-supereffective|p1a: Chesnaught
|-damage|p1a: Chesnaught|0 fnt
|faint|p1a: Chesnaught
|
|callback|decision
|
|switch|p1a: Blastoise|Blastoise, M|1\/311
|-formechange|p1a: Blastoise|Blastoise-Mega
|turn|31
|callback|decision
|
|move|p1a: Blastoise|Water Pulse|p2a: Clefable
|-damage|p2a: Clefable|220\/393
|move|p2a: Clefable|Charge Beam|p1a: Blastoise
|-crit|p1a: Blastoise
|-supereffective|p1a: Blastoise
|-damage|p1a: Blastoise|0 fnt
|-boost|p2a: Clefable|spa|1
|faint|p1a: Blastoise
|
|callback|decision
|
|switch|p1a: Landorus-Therian|Landorus-Therian, M|208\/328
|-ability|p1a: Landorus-Therian|Intimidate|[of] p2a: Clefable
|-unboost|p2a: Clefable|atk|1
|turn|32
|callback|decision
|
|move|p1a: Landorus-Therian|Stone Edge|p2a: Clefable
|-damage|p2a: Clefable|176\/393
|move|p2a: Clefable|Moonblast|p1a: Landorus-Therian
|-damage|p1a: Landorus-Therian|0 fnt
|faint|p1a: Landorus-Therian
|
|callback|decision
|-message|Mamoswineflu forfeited.
|
|win|ServerSucks
|raw|Ladder updating...
|raw|Mamoswineflu's rating: 1662 &rarr; <strong>1630<\/strong><br \/>(-32 for losing)
|raw|ServerSucks's rating: 1562 &rarr; <strong>1594<\/strong><br \/>(+32 for winning)
|leave|Mamoswineflu
|player|p1