|join|Bob the Bro
|join|Teddeh
|c|âBob the Bro|who r u
|player|p1|Bob the Bro|23
|player|p2|Teddeh|143
|gametype|singles
|gen|6
|tier|UU
|rule|Sleep Clause Mod: Limit one foe put to sleep
|rule|Species Clause: Limit one of each PokÃ©mon
|rule|OHKO Clause: OHKO moves are banned
|rule|Moody Clause: Moody is banned
|rule|Evasion Moves Clause: Evasion moves are banned
|rule|Endless Battle Clause: Forcing endless battles is banned
|rule|HP Percentage Mod: HP is shown in percentages
|clearpoke
|poke|p1|Suicune
|poke|p1|Snorlax, F
|poke|p1|Reuniclus, M
|poke|p1|Chandelure, M
|poke|p1|Absol, M
|poke|p1|Toxicroak, F
|poke|p2|Azelf
|poke|p2|Kyurem
|poke|p2|Mawile, F
|poke|p2|Meditite, M
|poke|p2|Galvantula, M
|poke|p2|Feraligatr, F
|rule|Swagger Clause: Swagger is banned
|rule|Baton Pass Clause: Limit one PokÃ©mon knowing Baton Pass
|teampreview
|join|Based Infamy
|join|gobosox
|join|TheVaike2
|join|Annoying Bulba
|join|dodmen
|c| gobosox|are you sure your team is bulky enough bob
|
|start
|switch|p1a: Absolute|Absol, M|271\/271
|switch|p2a: Galvantula|Galvantula, M|281\/281
|turn|1
|c| gobosox|i think it needs more
|c| TheVaike2|fat
|c| Annoying Bulba|the guy ith the water type will win
|join|ChuffedTeapot
|
|switch|p1a: your mum|Snorlax, F|524\/524
|move|p2a: Galvantula|Bug Buzz|p1a: your mum
|-crit|p1a: your mum
|-damage|p1a: your mum|365\/524
|
|-heal|p1a: your mum|397\/524|[from] item: Leftovers
|turn|2
|
|move|p2a: Galvantula|Sticky Web|p1a: your mum
|-sidestart|p1: Bob the Bro|move: Sticky Web
|move|p1a: your mum|Curse|p1a: your mum
|-boost|p1a: your mum|atk|1
|-boost|p1a: your mum|def|1
|-unboost|p1a: your mum|spe|1
|
|-heal|p1a: your mum|429\/524|[from] item: Leftovers
|turn|3
|c|+dodmen|plays
|
|move|p2a: Galvantula|Thunder|p1a: your mum
|-damage|p1a: your mum|296\/524
|-status|p1a: your mum|par
|cant|p1a: your mum|par
|
|-heal|p1a: your mum|328\/524 par|[from] item: Leftovers
|turn|4
|c|+dodmen|implying meditite isn't gonna revenge kill your ass
|c| ChuffedTeapot|meditite eh? hmm
|c|+dodmen|go for spdef drops
|
|move|p2a: Galvantula|Thunder|p1a: your mum|[miss]
|-miss|p2a: Galvantula|p1a: your mum
|move|p1a: your mum|Curse|p1a: your mum
|-boost|p1a: your mum|atk|1
|-boost|p1a: your mum|def|1
|-unboost|p1a: your mum|spe|1
|
|-heal|p1a: your mum|360\/524 par|[from] item: Leftovers
|turn|5
|
|switch|p2a: Meditite|Meditite, M|201\/201
|move|p1a: your mum|Rest|p1a: your mum
|-status|p1a: your mum|slp
|-heal|p1a: your mum|524\/524 slp|[silent]
|-status|p1a: your mum|slp|[from] move: Rest
|
|turn|6
|join|Shit User
|join|A new guy
|c|âTeddeh|it's k
|leave|A new guy
|join|A new guy
|c|âTeddeh|i know the chandy is coming it
|c|âTeddeh|in
|join|So Dynamic
|c|âTeddeh|so i'm clicking psycho cut
|c|âTeddeh|after this fake out
|c| Shit User|meditite is a pussy
|c| Shit User|it cant do shit
|
|move|p2a: Meditite|High Jump Kick|p1a: your mum
|-crit|p1a: your mum
|-supereffective|p1a: your mum
|-damage|p1a: your mum|0 fnt
|faint|p1a: your mum
|
|join|LessThanThreeMan
|c| Shit User|o
|c|âBob the Bro|rip
|c| So Dynamic|nbnb
|c| Annoying Bulba|lol
|c| ChuffedTeapot|lolzzzzzzzzzz
|c| Shit User|i eat
|c| Shit User|my words
|c| ChuffedTeapot|that was amazing
|c|âTeddeh|Shit User: meditite is a pussy
|c| Shit User|i got a stiffy
|c|âTeddeh|Shit User: it cant do shit
|c| TheVaike2|lol
|c| ChuffedTeapot|best time to say it
|c| ChuffedTeapot|XD
|
|switch|p1a: Toxiforg|Toxicroak, F|307\/307
|-activate|p1a: Toxiforg|move: Sticky Web
|-unboost|p1a: Toxiforg|spe|1
|turn|7
|c|âTeddeh|you're a brave man O;
|c| ChuffedTeapot|rekitite
|
|move|p2a: Meditite|High Jump Kick|p1a: Toxiforg
|-resisted|p1a: Toxiforg
|-damage|p1a: Toxiforg|61\/307
|move|p1a: Toxiforg|Swords Dance|p1a: Toxiforg
|-boost|p1a: Toxiforg|atk|2
|
|turn|8
|c| Shit User|e
|c| Shit User|b
|c| Shit User|i
|c|âTeddeh|"resisted"
|c| Shit User|c
|c| Shit User|r u banded
|c| Shit User|like
|c| Shit User|wtf
|c| Shit User|o webs
|
|switch|p2a: Mawile|Mawile, F|271\/271
|move|p1a: Toxiforg|Sucker Punch|p2a: Mawile
|-fail|p2a: Mawile
|
|turn|9
|c| Shit User|is why
|c| ChuffedTeapot|but isnt medicham UU now? XD
|join|Alldaalts
|c|âTeddeh|is it?
|c|âTeddeh|o.o
|c| Shit User|y
|
|move|p2a: Mawile|Sucker Punch|p1a: Toxiforg
|-resisted|p1a: Toxiforg
|-damage|p1a: Toxiforg|0 fnt
|-damage|p2a: Mawile|244\/271|[from] item: Life Orb
|faint|p1a: Toxiforg
|
|c| ChuffedTeapot|yeh
|c|âTeddeh|rip
|c| Shit User|who fucking cares
|join|0rbital
|c| Shit User|meditite is based
|c| Annoying Bulba|it is a uber, lc uber
|join|sniperaim
|join|Negeo123
|leave|TheVaike2
|join|Exemption
|leave|Negeo123
|c| ChuffedTeapot|well it isnt updated but its OU
|join|Bob the Shmurda
|c| ChuffedTeapot|*UU
|
|switch|p1a: kawaii desu|Reuniclus, M|424\/424
|-activate|p1a: kawaii desu|move: Sticky Web
|-unboost|p1a: kawaii desu|spe|1
|turn|10
|c|âTeddeh|i asked earlier :c
|
|move|p2a: Mawile|Swords Dance|p2a: Mawile
|-boost|p2a: Mawile|atk|2
|move|p1a: kawaii desu|Calm Mind|p1a: kawaii desu
|-boost|p1a: kawaii desu|spa|1
|-boost|p1a: kawaii desu|spd|1
|
|turn|11
|c| Bob the Shmurda|you're so bad bob
|c|âBob the Bro|ik
|c| Bob the Shmurda|i hope he fucking rips apart your anus
|c| ChuffedTeapot|moar rek pls
|join|Antler Management
|
|move|p2a: Mawile|Play Rough|p1a: kawaii desu
|-damage|p1a: kawaii desu|21\/424
|move|p1a: kawaii desu|Psyshock|p2a: Mawile
|-resisted|p2a: Mawile
|-damage|p2a: Mawile|155\/271
|
|turn|12
|c| ChuffedTeapot|oooooooo
|c| Bob the Shmurda|nice!!!
|c|+dodmen|bob the bro
|c|+dodmen|is getting raped
|
|move|p2a: Mawile|Iron Head|p1a: kawaii desu
|-damage|p1a: kawaii desu|0 fnt
|faint|p1a: kawaii desu
|
|c|+dodmen|in every hole
|c|+dodmen|in his body
|c| Exemption|why not medicham
|c| Bob the Shmurda|even his fucking nostrils
|c| Bob the Shmurda|hes so bad at this game
|join|xShiba
|c| ChuffedTeapot|im gnna ask trekkers to change their name to rekkers
|
|switch|p1a: 3spooky5me|Chandelure, M|283\/283
|-activate|p1a: 3spooky5me|move: Sticky Web
|-unboost|p1a: 3spooky5me|spe|1
|turn|13
|leave|Exemption
|
|move|p2a: Mawile|Sucker Punch|p1a: 3spooky5me
|-fail|p1a: 3spooky5me
|move|p1a: 3spooky5me|Substitute|p1a: 3spooky5me
|-start|p1a: 3spooky5me|Substitute
|-damage|p1a: 3spooky5me|213\/283
|
|-heal|p1a: 3spooky5me|230\/283|[from] item: Leftovers
|turn|14
|join|OverUnderUsed
|
|move|p2a: Mawile|Iron Head|p1a: 3spooky5me
|-resisted|p1a: 3spooky5me
|-end|p1a: 3spooky5me|Substitute
|move|p1a: 3spooky5me|Flamethrower|p2a: Mawile
|-supereffective|p2a: Mawile
|-damage|p2a: Mawile|0 fnt
|faint|p2a: Mawile
|
|-heal|p1a: 3spooky5me|247\/283|[from] item: Leftovers
|c|âTeddeh|rip
|join|zebra.k
|c| Antler Management|why am I seeing a meditite
|
|switch|p2a: Feraligatr|Feraligatr, F|369\/369
|turn|15
|c| LessThanThreeMan|wait medicham is uu
|c|+dodmen|bob the bro doesn't even have rocks
|c| ChuffedTeapot|rekitite
|c| LessThanThreeMan|why tf is that a medite
|c| Antler Management|when medicham is legal
|c| Annoying Bulba|cuz its uber
|leave|OverUnderUsed
|join|amp'dpharos
|
|move|p2a: Feraligatr|Toxic|p1a: 3spooky5me
|-status|p1a: 3spooky5me|tox
|move|p1a: 3spooky5me|Shadow Ball|p2a: Feraligatr
|-damage|p2a: Feraligatr|153\/369
|
|-heal|p2a: Feraligatr|176\/369|[from] item: Leftovers
|-heal|p1a: 3spooky5me|264\/283 tox|[from] item: Leftovers
|-damage|p1a: 3spooky5me|247\/283 tox|[from] psn
|turn|16
|c| Antler Management|why am I seeing a toxic feraligatr
|join|hxhxhxhxhxhxhx
|
|move|p2a: Feraligatr|Waterfall|p1a: 3spooky5me
|-supereffective|p1a: 3spooky5me
|-damage|p1a: 3spooky5me|13\/283 tox
|move|p1a: 3spooky5me|Shadow Ball|p2a: Feraligatr
|-damage|p2a: Feraligatr|0 fnt
|faint|p2a: Feraligatr
|
|-heal|p1a: 3spooky5me|30\/283 tox|[from] item: Leftovers
|-damage|p1a: 3spooky5me|0 fnt|[from] psn
|faint|p1a: 3spooky5me
|c| zebra.k|I am so confused
|c|âBob the Bro|why do i need rox
|join|Ajna
|c| zebra.k|Is that a specially defensive feraligatr?
|c|+dodmen|sash galv
|join|OverUnderUsed
|c|+dodmen|with the late game cleanup
|
|switch|p2a: Galvantula|Galvantula, M|281\/281
|switch|p1a: Absolute|Absol, M|271\/271
|-activate|p1a: Absolute|move: Sticky Web
|-unboost|p1a: Absolute|spe|1
|turn|17
|c| hxhxhxhxhxhxhx|why does 1 of these teams not have rocks
|c| ChuffedTeapot|meditite bcoz he thought medicham was in OU
|c|+dodmen|kyurem + web is dirty though
|c|âBob the Bro|dw im spdef absol
|
|detailschange|p1a: Absolute|Absol-Mega, M
|-mega|p1a: Absolute|Absol|Absolite
|move|p1a: Absolute|Sucker Punch|p2a: Galvantula
|-damage|p2a: Galvantula|31\/281
|move|p2a: Galvantula|Bug Buzz|p1a: Absolute
|-supereffective|p1a: Absolute
|-damage|p1a: Absolute|0 fnt
|faint|p1a: Absolute
|
|c|âTeddeh|I was physically defensive gatr
|c| LessThanThreeMan|doesn't even need sash
|
|switch|p1a: ban pls|Suicune|401\/401
|-activate|p1a: ban pls|move: Sticky Web
|-unboost|p1a: ban pls|spe|1
|-ability|p1a: ban pls|Pressure
|turn|18
|
|move|p2a: Galvantula|Thunder|p1a: ban pls
|-supereffective|p1a: ban pls
|-damage|p1a: ban pls|141\/401
|move|p1a: ban pls|Calm Mind|p1a: ban pls
|-boost|p1a: ban pls|spa|1
|-boost|p1a: ban pls|spd|1
|
|-heal|p1a: ban pls|166\/401|[from] item: Leftovers
|turn|19
|leave|hxhxhxhxhxhxhx
|c|âBob the Bro|k miss
|c| Shit User|lol
|c| ChuffedTeapot|pls hit
|
|move|p2a: Galvantula|Thunder|p1a: ban pls
|-supereffective|p1a: ban pls
|-damage|p1a: ban pls|0 fnt
|faint|p1a: ban pls
|
|win|Teddeh
|c| ChuffedTeapot|for the reks
|c| 0rbital|ggggggggg
|leave|Antler Management
|c| Ajna|hax
|c|âTeddeh|ripppp
|leave|0rbital
|c| Ajna|af
|c|âTeddeh|ggggggg
|leave|Bob the Bro
|leave|dodmen
|leave|Based Infamy
|leave|Ajna
|leave|Shit User
|player|p1
|leave|sniperaim