|join|Dragonite1999
|join|The Supercomputer
|player|p1|Dragonite1999|228
|player|p2|The Supercomputer|290
|gametype|singles
|gen|6
|tier|OU (suspect test)
|rated
|clearpoke
|poke|p1|Metagross
|poke|p1|Magnezone
|poke|p1|Landorus-Therian, M
|poke|p1|Keldeo
|poke|p1|Latias, F
|poke|p1|Conkeldurr, M
|poke|p2|Gengar, M, shiny
|poke|p2|Azelf, shiny
|poke|p2|Metagross, shiny
|poke|p2|Azumarill, M, shiny
|poke|p2|Landorus, M, shiny
|poke|p2|Magnezone, shiny
|rule|Swagger Clause: Swagger is banned
|rule|Baton Pass Clause: Limit one PokÃ©mon knowing Baton Pass
|rule|Sleep Clause Mod: Limit one foe put to sleep
|rule|Species Clause: Limit one of each PokÃ©mon
|rule|OHKO Clause: OHKO moves are banned
|rule|Moody Clause: Moody is banned
|rule|Evasion Moves Clause: Evasion moves are banned
|rule|Endless Battle Clause: Forcing endless battles is banned
|rule|HP Percentage Mod: HP is shown in percentages
|teampreview
|
|start
|switch|p1a: Conkeldurr|Conkeldurr, M|413\/413
|switch|p2a: Azelf|Azelf, shiny|291\/291
|turn|1
|join|Nigguh Wit Tude
|
|move|p2a: Azelf|Stealth Rock|p1a: Conkeldurr
|-sidestart|p1: Dragonite1999|move: Stealth Rock
|move|p1a: Conkeldurr|Knock Off|p2a: Azelf
|-supereffective|p2a: Azelf
|-enditem|p2a: Azelf|Focus Sash
|-damage|p2a: Azelf|1\/291
|
|turn|2
|
|switch|p2a: Azumarill|Azumarill, M, shiny|401\/401
|move|p1a: Conkeldurr|Mach Punch|p2a: Azumarill
|-resisted|p2a: Azumarill
|-damage|p2a: Azumarill|347\/401
|
|turn|3
|
|switch|p1a: Metagross|Metagross|301\/301
|-damage|p1a: Metagross|283\/301|[from] Stealth Rock
|move|p2a: Azumarill|Waterfall|p1a: Metagross
|-damage|p1a: Metagross|150\/301
|
|turn|4
|
|switch|p2a: Magnezone|Magnezone, shiny|285\/285
|detailschange|p1a: Metagross|Metagross-Mega
|-mega|p1a: Metagross|Metagross|Metagrossite
|move|p1a: Metagross|Zen Headbutt|p2a: Magnezone
|-resisted|p2a: Magnezone
|-damage|p2a: Magnezone|198\/285
|
|turn|5
|
|move|p2a: Magnezone|Volt Switch|p1a: Metagross
|-damage|p1a: Metagross|35\/301
|
|switch|p2a: Azelf|Azelf, shiny|1\/291
|move|p1a: Metagross|Earthquake|p2a: Azelf
|-immune|p2a: Azelf|[msg]
|
|turn|6
|
|move|p1a: Metagross|Bullet Punch|p2a: Azelf
|-damage|p2a: Azelf|0 fnt
|faint|p2a: Azelf
|
|
|switch|p2a: Magnezone|Magnezone, shiny|198\/285
|turn|7
|
|move|p1a: Metagross|Bullet Punch|p2a: Magnezone
|-resisted|p2a: Magnezone
|-damage|p2a: Magnezone|177\/285
|move|p2a: Magnezone|Volt Switch|p1a: Metagross
|-damage|p1a: Metagross|0 fnt
|faint|p1a: Metagross
|
|switch|p2a: Azumarill|Azumarill, M, shiny|347\/401
|
|
|switch|p1a: Magnezone|Magnezone|343\/343
|-damage|p1a: Magnezone|322\/343|[from] Stealth Rock
|turn|8
|
|switch|p2a: Landorus|Landorus, M, shiny|345\/345
|move|p1a: Magnezone|Substitute|p1a: Magnezone
|-start|p1a: Magnezone|Substitute
|-damage|p1a: Magnezone|237\/343
|
|-heal|p1a: Magnezone|258\/343|[from] item: Leftovers
|turn|9
|
|move|p2a: Landorus|Earth Power|p1a: Magnezone
|-supereffective|p1a: Magnezone
|-end|p1a: Magnezone|Substitute
|move|p1a: Magnezone|Hidden Power|p2a: Landorus
|-crit|p2a: Landorus
|-supereffective|p2a: Landorus
|-damage|p2a: Landorus|0 fnt
|faint|p2a: Landorus
|
|-heal|p1a: Magnezone|279\/343|[from] item: Leftovers
|
|switch|p2a: Magnezone|Magnezone, shiny|177\/285
|turn|10
|
|move|p2a: Magnezone|Hidden Power|p1a: Magnezone
|-supereffective|p1a: Magnezone
|-damage|p1a: Magnezone|129\/343
|move|p1a: Magnezone|Thunderbolt|p2a: Magnezone
|-resisted|p2a: Magnezone
|-damage|p2a: Magnezone|86\/285
|
|-heal|p1a: Magnezone|150\/343|[from] item: Leftovers
|turn|11
|
|move|p2a: Magnezone|Hidden Power|p1a: Magnezone
|-supereffective|p1a: Magnezone
|-damage|p1a: Magnezone|0 fnt
|faint|p1a: Magnezone
|
|
|switch|p1a: Landorus-Therian|Landorus-Therian, M|379\/379
|-damage|p1a: Landorus-Therian|332\/379|[from] Stealth Rock
|-ability|p1a: Landorus-Therian|Intimidate|[of] p2a: Magnezone
|-unboost|p2a: Magnezone|atk|1
|turn|12
|
|move|p2a: Magnezone|Hidden Power|p1a: Landorus-Therian
|-damage|p1a: Landorus-Therian|253\/379
|move|p1a: Landorus-Therian|Stealth Rock|p2a: Magnezone
|-sidestart|p2: The Supercomputer|move: Stealth Rock
|
|-heal|p1a: Landorus-Therian|276\/379|[from] item: Leftovers
|turn|13
|
|move|p2a: Magnezone|Hidden Power|p1a: Landorus-Therian
|-damage|p1a: Landorus-Therian|187\/379
|move|p1a: Landorus-Therian|Earthquake|p2a: Magnezone
|-supereffective|p2a: Magnezone
|-damage|p2a: Magnezone|0 fnt
|faint|p2a: Magnezone
|
|-heal|p1a: Landorus-Therian|210\/379|[from] item: Leftovers
|
|switch|p2a: Gengar|Gengar, M, shiny|261\/261
|-damage|p2a: Gengar|229\/261|[from] Stealth Rock
|turn|14
|
|move|p2a: Gengar|Shadow Ball|p1a: Landorus-Therian
|-damage|p1a: Landorus-Therian|0 fnt
|-damage|p2a: Gengar|203\/261|[from] item: Life Orb
|faint|p1a: Landorus-Therian
|
|
|switch|p1a: Conkeldurr|Conkeldurr, M|413\/413
|-damage|p1a: Conkeldurr|388\/413|[from] Stealth Rock
|turn|15
|
|move|p2a: Gengar|Sludge Wave|p1a: Conkeldurr
|-crit|p1a: Conkeldurr
|-damage|p1a: Conkeldurr|98\/413
|-status|p1a: Conkeldurr|psn
|-damage|p2a: Gengar|177\/261|[from] item: Life Orb
|move|p1a: Conkeldurr|Knock Off|p2a: Gengar
|-supereffective|p2a: Gengar
|-damage|p2a: Gengar|0 fnt
|-enditem|p2a: Gengar|Life Orb|[from] move: Knock Off|[of] p1a: Conkeldurr
|faint|p2a: Gengar
|
|-damage|p1a: Conkeldurr|47\/413 psn|[from] psn
|
|switch|p2a: Metagross|Metagross, shiny|301\/301
|-damage|p2a: Metagross|283\/301|[from] Stealth Rock
|turn|16
|
|detailschange|p2a: Metagross|Metagross-Mega, shiny
|-mega|p2a: Metagross|Metagross|Metagrossite
|move|p1a: Conkeldurr|Mach Punch|p2a: Metagross
|-damage|p2a: Metagross|193\/301
|move|p2a: Metagross|Meteor Mash|p1a: Conkeldurr
|-damage|p1a: Conkeldurr|0 fnt
|faint|p1a: Conkeldurr
|
|
|switch|p1a: Latias|Latias, F|301\/301
|-damage|p1a: Latias|264\/301|[from] Stealth Rock
|turn|17
|
|move|p2a: Metagross|Meteor Mash|p1a: Latias
|-crit|p1a: Latias
|-damage|p1a: Latias|0 fnt
|faint|p1a: Latias
|
|
|switch|p1a: Keldeo|Keldeo|323\/323
|-damage|p1a: Keldeo|303\/323|[from] Stealth Rock
|turn|18
|
|move|p2a: Metagross|Zen Headbutt|p1a: Keldeo
|-supereffective|p1a: Keldeo
|-damage|p1a: Keldeo|0 fnt
|faint|p1a: Keldeo
|
|win|The Supercomputer
|raw|Ladder updating...
|raw|Dragonite1999's rating: 1554 &rarr; <strong>1527<\/strong><br \/>(-27 for losing)
|raw|The Supercomputer's rating: 1428 &rarr; <strong>1455<\/strong><br \/>(+27 for winning)
|leave|Dragonite1999
|leave|The Supercomputer
|player|p1
|player|p2