|join|The Supercomputer
|join|WECAMEASROMANS
|player|p1|The Supercomputer|290
|player|p2|WECAMEASROMANS|266
|gametype|singles
|gen|6
|tier|OU (suspect test)
|rated
|clearpoke
|poke|p1|Gengar, F, shiny
|poke|p1|Azelf, shiny
|poke|p1|Metagross, shiny
|poke|p1|Azumarill, M, shiny
|poke|p1|Landorus, M, shiny
|poke|p1|Magneton, shiny
|poke|p2|Heatran, F
|poke|p2|Ferrothorn, F
|poke|p2|Slowbro, M
|poke|p2|Landorus-Therian, M
|poke|p2|Kyurem-Black
|poke|p2|Clefable, F
|rule|Swagger Clause: Swagger is banned
|rule|Baton Pass Clause: Limit one PokÃ©mon knowing Baton Pass
|rule|Sleep Clause Mod: Limit one foe put to sleep
|rule|Species Clause: Limit one of each PokÃ©mon
|rule|OHKO Clause: OHKO moves are banned
|rule|Moody Clause: Moody is banned
|rule|Evasion Moves Clause: Evasion moves are banned
|rule|Endless Battle Clause: Forcing endless battles is banned
|rule|HP Percentage Mod: HP is shown in percentages
|teampreview
|join|Reverend
|
|start
|switch|p1a: Azelf|Azelf, shiny|291\/291
|switch|p2a: Heatran|Heatran, F|328\/328
|turn|1
|
|move|p1a: Azelf|Stealth Rock|p2a: Heatran
|-sidestart|p2: WECAMEASROMANS|move: Stealth Rock
|move|p2a: Heatran|Stealth Rock|p1a: Azelf
|-sidestart|p1: The Supercomputer|move: Stealth Rock
|
|turn|2
|
|move|p1a: Azelf|Explosion|p2a: Heatran
|-resisted|p2a: Heatran
|-damage|p2a: Heatran|202\/328
|faint|p1a: Azelf
|move|p2a: Heatran|Fire Blast|p1: Azelf|[notarget]
|-notarget
|
|-heal|p2a: Heatran|222\/328|[from] item: Leftovers
|join|TyranitarTerror
|
|switch|p1a: Landorus|Landorus, M, shiny|345\/345
|-damage|p1a: Landorus|302\/345|[from] Stealth Rock
|turn|3
|
|switch|p2a: Landorus-Therian|Landorus-Therian, M|325\/325
|-damage|p2a: Landorus-Therian|285\/325|[from] Stealth Rock
|-ability|p2a: Landorus-Therian|Intimidate|[of] p1a: Landorus
|-unboost|p1a: Landorus|atk|1
|move|p1a: Landorus|Earth Power|p2a: Landorus-Therian
|-immune|p2a: Landorus-Therian|[msg]
|
|turn|4
|
|switch|p1a: Azumarill|Azumarill, M, shiny|401\/401
|-damage|p1a: Azumarill|351\/401|[from] Stealth Rock
|move|p2a: Landorus-Therian|Stone Edge|p1a: Azumarill
|-damage|p1a: Azumarill|197\/401
|
|turn|5
|
|switch|p2a: Slowbro|Slowbro, M|393\/393
|-damage|p2a: Slowbro|344\/393|[from] Stealth Rock
|switch|p1a: Landorus|Landorus, M, shiny|302\/345
|-damage|p1a: Landorus|259\/345|[from] Stealth Rock
|
|turn|6
|
|switch|p1a: Magneton|Magneton, shiny|245\/245
|-damage|p1a: Magneton|230\/245|[from] Stealth Rock
|move|p2a: Slowbro|Scald|p1a: Magneton
|-damage|p1a: Magneton|43\/245
|
|turn|7
|join|only team testing
|
|switch|p2a: Ferrothorn|Ferrothorn, F|352\/352
|-damage|p2a: Ferrothorn|330\/352|[from] Stealth Rock
|move|p1a: Magneton|Volt Switch|p2a: Ferrothorn
|-resisted|p2a: Ferrothorn
|-damage|p2a: Ferrothorn|280\/352
|
|switch|p1a: Landorus|Landorus, M, shiny|259\/345
|-damage|p1a: Landorus|216\/345|[from] Stealth Rock
|
|-heal|p2a: Ferrothorn|302\/352|[from] item: Leftovers
|turn|8
|join|Alldaalts
|
|switch|p1a: Magneton|Magneton, shiny|43\/245
|-damage|p1a: Magneton|28\/245|[from] Stealth Rock
|switch|p2a: Landorus-Therian|Landorus-Therian, M|285\/325
|-damage|p2a: Landorus-Therian|245\/325|[from] Stealth Rock
|-ability|p2a: Landorus-Therian|Intimidate|[of] p1a: Magneton
|-unboost|p1a: Magneton|atk|1
|
|turn|9
|join|daftmau5
|
|move|p2a: Landorus-Therian|U-turn|p1a: Magneton
|-resisted|p1a: Magneton
|-damage|p1a: Magneton|0 fnt
|faint|p1a: Magneton
|
|switch|p2a: Slowbro|Slowbro, M|393\/393
|-damage|p2a: Slowbro|344\/393|[from] Stealth Rock
|
|
|switch|p1a: Gengar|Gengar, F, shiny|261\/261
|-damage|p1a: Gengar|229\/261|[from] Stealth Rock
|turn|10
|
|switch|p2a: Clefable|Clefable, F|394\/394
|move|p1a: Gengar|Shadow Ball|p2a: Clefable
|-damage|p2a: Clefable|190\/394
|-unboost|p2a: Clefable|spd|1
|-damage|p1a: Gengar|203\/261|[from] item: Life Orb
|
|-heal|p2a: Clefable|214\/394|[from] item: Leftovers
|turn|11
|join|Chillingtilnoon
|
|move|p1a: Gengar|Shadow Ball|p2a: Clefable
|-damage|p2a: Clefable|0 fnt
|-damage|p1a: Gengar|177\/261|[from] item: Life Orb
|faint|p2a: Clefable
|
|
|switch|p2a: Ferrothorn|Ferrothorn, F|302\/352
|-damage|p2a: Ferrothorn|280\/352|[from] Stealth Rock
|turn|12
|
|move|p1a: Gengar|Focus Blast|p2a: Ferrothorn
|-supereffective|p2a: Ferrothorn
|-damage|p2a: Ferrothorn|0 fnt
|-damage|p1a: Gengar|151\/261|[from] item: Life Orb
|faint|p2a: Ferrothorn
|
|
|switch|p2a: Landorus-Therian|Landorus-Therian, M|245\/325
|-damage|p2a: Landorus-Therian|205\/325|[from] Stealth Rock
|-ability|p2a: Landorus-Therian|Intimidate|[of] p1a: Gengar
|-unboost|p1a: Gengar|atk|1
|turn|13
|
|switch|p1a: Metagross|Metagross, shiny|301\/301
|-damage|p1a: Metagross|283\/301|[from] Stealth Rock
|move|p2a: Landorus-Therian|Stone Edge|p1a: Metagross
|-resisted|p1a: Metagross
|-damage|p1a: Metagross|229\/301
|
|turn|14
|
|switch|p2a: Slowbro|Slowbro, M|393\/393
|-damage|p2a: Slowbro|344\/393|[from] Stealth Rock
|detailschange|p1a: Metagross|Metagross-Mega, shiny
|-mega|p1a: Metagross|Metagross|Metagrossite
|move|p1a: Metagross|Grass Knot|p2a: Slowbro
|-supereffective|p2a: Slowbro
|-damage|p2a: Slowbro|140\/393
|
|turn|15
|
|switch|p2a: Kyurem-Black|Kyurem-Black|391\/391
|-damage|p2a: Kyurem-Black|294\/391|[from] Stealth Rock
|-ability|p2a: Kyurem-Black|Teravolt
|move|p1a: Metagross|Grass Knot|p2a: Kyurem-Black
|-resisted|p2a: Kyurem-Black
|-damage|p2a: Kyurem-Black|218\/391
|
|turn|16
|
|switch|p2a: Slowbro|Slowbro, M|271\/393
|-damage|p2a: Slowbro|222\/393|[from] Stealth Rock
|move|p1a: Metagross|Meteor Mash|p2a: Slowbro
|-resisted|p2a: Slowbro
|-damage|p2a: Slowbro|123\/393
|-boost|p1a: Metagross|atk|1
|
|turn|17
|join|LT3A Dragonuser
|
|switch|p2a: Landorus-Therian|Landorus-Therian, M|205\/325
|-damage|p2a: Landorus-Therian|165\/325|[from] Stealth Rock
|-ability|p2a: Landorus-Therian|Intimidate|[of] p1a: Metagross
|-unboost|p1a: Metagross|atk|1
|move|p1a: Metagross|Meteor Mash|p2a: Landorus-Therian
|-damage|p2a: Landorus-Therian|0 fnt
|faint|p2a: Landorus-Therian
|
|c| daftmau5|shiet
|-message|WECAMEASROMANS forfeited.
|leave|WECAMEASROMANS
|
|win|The Supercomputer
|raw|Ladder updating...
|player|p2
|raw|The Supercomputer's rating: 1648 &rarr; <strong>1666<\/strong><br \/>(+18 for winning)
|raw|WECAMEASROMANS's rating: 1614 &rarr; <strong>1596<\/strong><br \/>(-18 for losing)
|leave|Alldaalts
|leave|The Supercomputer
|player|p1