|join|dragon ascending
|join|The Supercomputer
|player|p1|dragon ascending|265
|player|p2|The Supercomputer|290
|gametype|singles
|gen|6
|tier|OU (suspect test)
|rated
|clearpoke
|poke|p1|Bisharp, M
|poke|p1|Sableye, F
|poke|p1|Skarmory, F
|poke|p1|Slowbro, M
|poke|p1|Chansey, F
|poke|p1|Amoonguss, F
|poke|p2|Gengar, F, shiny
|poke|p2|Azelf, shiny
|poke|p2|Metagross, shiny
|poke|p2|Azumarill, M, shiny
|poke|p2|Landorus, M, shiny
|poke|p2|Magneton, shiny
|rule|Swagger Clause: Swagger is banned
|rule|Baton Pass Clause: Limit one PokÃ©mon knowing Baton Pass
|rule|Sleep Clause Mod: Limit one foe put to sleep
|rule|Species Clause: Limit one of each PokÃ©mon
|rule|OHKO Clause: OHKO moves are banned
|rule|Moody Clause: Moody is banned
|rule|Evasion Moves Clause: Evasion moves are banned
|rule|Endless Battle Clause: Forcing endless battles is banned
|rule|HP Percentage Mod: HP is shown in percentages
|teampreview
|
|start
|switch|p1a: Sableye|Sableye, F|304\/304
|switch|p2a: Azelf|Azelf, shiny|291\/291
|turn|1
|
|detailschange|p1a: Sableye|Sableye-Mega, F
|-mega|p1a: Sableye|Sableye|Sablenite
|move|p1a: Sableye|Will-O-Wisp|p2a: Azelf
|-status|p2a: Azelf|brn
|move|p2a: Azelf|Skill Swap|p1a: Sableye
|-activate|p2a: Azelf|move: Skill Swap|Magic Bounce|Levitate|[of] p1a: Sableye
|
|-damage|p2a: Azelf|255\/291 brn|[from] brn
|turn|2
|
|move|p2a: Azelf|Stealth Rock|p1a: Sableye
|-sidestart|p1: dragon ascending|move: Stealth Rock
|move|p1a: Sableye|Dark Pulse|p2a: Azelf
|-supereffective|p2a: Azelf
|-damage|p2a: Azelf|7\/291 brn
|
|-damage|p2a: Azelf|0 fnt|[from] brn
|faint|p2a: Azelf
|
|switch|p2a: Azumarill|Azumarill, M, shiny|401\/401
|turn|3
|
|switch|p2a: Metagross|Metagross, shiny|301\/301
|move|p1a: Sableye|Will-O-Wisp|p2a: Metagross|[miss]
|-miss|p1a: Sableye|p2a: Metagross
|
|turn|4
|
|switch|p2a: Magneton|Magneton, shiny|245\/245
|switch|p1a: Slowbro|Slowbro, M|394\/394
|-damage|p1a: Slowbro|345\/394|[from] Stealth Rock
|
|turn|5
|
|switch|p1a: Amoonguss|Amoonguss, F|432\/432
|-damage|p1a: Amoonguss|378\/432|[from] Stealth Rock
|move|p2a: Magneton|Volt Switch|p1a: Amoonguss
|-resisted|p1a: Amoonguss
|-damage|p1a: Amoonguss|325\/432
|
|switch|p2a: Metagross|Metagross, shiny|301\/301
|
|-heal|p1a: Amoonguss|352\/432|[from] item: Black Sludge
|turn|6
|
|switch|p1a: Slowbro|Slowbro, M|394\/394
|-damage|p1a: Slowbro|345\/394|[from] Stealth Rock
|detailschange|p2a: Metagross|Metagross-Mega, shiny
|-mega|p2a: Metagross|Metagross|Metagrossite
|move|p2a: Metagross|Zen Headbutt|p1a: Slowbro
|-resisted|p1a: Slowbro
|-damage|p1a: Slowbro|272\/394
|-damage|p2a: Metagross|251\/301|[from] item: Rocky Helmet|[of] p1a: Slowbro
|
|turn|7
|
|move|p2a: Metagross|Grass Knot|p1a: Slowbro
|-supereffective|p1a: Slowbro
|-damage|p1a: Slowbro|68\/394
|-damage|p2a: Metagross|201\/301|[from] item: Rocky Helmet|[of] p1a: Slowbro
|move|p1a: Slowbro|Scald|p2a: Metagross
|-damage|p2a: Metagross|107\/301
|
|turn|8
|
|switch|p2a: Magneton|Magneton, shiny|245\/245
|switch|p1a: Skarmory|Skarmory, F|334\/334
|-damage|p1a: Skarmory|293\/334|[from] Stealth Rock
|
|turn|9
|
|move|p2a: Magneton|Thunderbolt|p1a: Skarmory
|-supereffective|p1a: Skarmory
|-damage|p1a: Skarmory|0 fnt
|faint|p1a: Skarmory
|
|
|switch|p1a: Chansey|Chansey, F|641\/641
|-damage|p1a: Chansey|561\/641|[from] Stealth Rock
|turn|10
|
|switch|p2a: Azumarill|Azumarill, M, shiny|401\/401
|move|p1a: Chansey|Stealth Rock|p2a: Azumarill
|-sidestart|p2: The Supercomputer|move: Stealth Rock
|
|turn|11
|
|move|p2a: Azumarill|Knock Off|p1a: Chansey
|-damage|p1a: Chansey|381\/641
|-enditem|p1a: Chansey|Eviolite|[from] move: Knock Off|[of] p2a: Azumarill
|move|p1a: Chansey|Thunder Wave|p2a: Azumarill
|-status|p2a: Azumarill|par
|
|turn|12
|
|move|p1a: Chansey|Soft-Boiled|p1a: Chansey
|-heal|p1a: Chansey|641\/641
|cant|p2a: Azumarill|par
|
|turn|13
|
|switch|p1a: Amoonguss|Amoonguss, F|432\/432
|-damage|p1a: Amoonguss|378\/432|[from] Stealth Rock
|switch|p2a: Gengar|Gengar, F, shiny|261\/261
|-damage|p2a: Gengar|229\/261|[from] Stealth Rock
|
|-heal|p1a: Amoonguss|405\/432|[from] item: Black Sludge
|turn|14
|
|switch|p1a: Sableye|Sableye-Mega, F|304\/304
|-damage|p1a: Sableye|266\/304|[from] Stealth Rock
|move|p2a: Gengar|Taunt|p1a: Sableye
|move|p1a: Sableye|Taunt|p2a: Gengar|[from]Magic Bounce
|-start|p2a: Gengar|move: Taunt
|
|turn|15
|
|switch|p1a: Chansey|Chansey, F|641\/641
|-damage|p1a: Chansey|561\/641|[from] Stealth Rock
|move|p2a: Gengar|Shadow Ball|p1a: Chansey
|-immune|p1a: Chansey|[msg]
|
|turn|16
|
|switch|p2a: Azumarill|Azumarill, M, shiny|401\/401 par
|-damage|p2a: Azumarill|351\/401 par|[from] Stealth Rock
|move|p1a: Chansey|Seismic Toss|p2a: Azumarill
|-damage|p2a: Azumarill|251\/401 par
|
|turn|17
|
|switch|p1a: Amoonguss|Amoonguss, F|432\/432
|-damage|p1a: Amoonguss|378\/432|[from] Stealth Rock
|move|p2a: Azumarill|Play Rough|p1a: Amoonguss
|-resisted|p1a: Amoonguss
|-damage|p1a: Amoonguss|246\/432
|
|-heal|p1a: Amoonguss|273\/432|[from] item: Black Sludge
|turn|18
|
|move|p1a: Amoonguss|Giga Drain|p2a: Azumarill
|-supereffective|p2a: Azumarill
|-damage|p2a: Azumarill|117\/401 par
|-heal|p1a: Amoonguss|340\/432|[from] drain|[of] p2a: Azumarill
|cant|p2a: Azumarill|par
|
|-heal|p1a: Amoonguss|367\/432|[from] item: Black Sludge
|turn|19
|
|move|p1a: Amoonguss|Giga Drain|p2a: Azumarill
|-supereffective|p2a: Azumarill
|-damage|p2a: Azumarill|0 fnt
|-heal|p1a: Amoonguss|426\/432|[from] drain|[of] p2a: Azumarill
|faint|p2a: Azumarill
|
|-heal|p1a: Amoonguss|432\/432|[from] item: Black Sludge
|
|switch|p2a: Metagross|Metagross-Mega, shiny|107\/301
|-damage|p2a: Metagross|89\/301|[from] Stealth Rock
|turn|20
|
|switch|p1a: Slowbro|Slowbro, M|199\/394
|-damage|p1a: Slowbro|150\/394|[from] Stealth Rock
|move|p2a: Metagross|Meteor Mash|p1a: Slowbro
|-resisted|p1a: Slowbro
|-damage|p1a: Slowbro|69\/394
|-damage|p2a: Metagross|39\/301|[from] item: Rocky Helmet|[of] p1a: Slowbro
|
|turn|21
|
|move|p2a: Metagross|Meteor Mash|p1a: Slowbro
|-resisted|p1a: Slowbro
|-damage|p1a: Slowbro|0 fnt
|-damage|p2a: Metagross|0 fnt|[from] item: Rocky Helmet|[of] p1a: Slowbro
|faint|p2a: Metagross
|faint|p1a: Slowbro
|
|
|switch|p2a: Landorus|Landorus, M, shiny|345\/345
|switch|p1a: Amoonguss|Amoonguss, F|432\/432
|-damage|p2a: Landorus|302\/345|[from] Stealth Rock
|-damage|p1a: Amoonguss|378\/432|[from] Stealth Rock
|turn|22
|
|move|p2a: Landorus|Psychic|p1a: Amoonguss
|-supereffective|p1a: Amoonguss
|-damage|p1a: Amoonguss|66\/432
|move|p1a: Amoonguss|Spore|p2a: Landorus
|-status|p2a: Landorus|slp
|
|-heal|p1a: Amoonguss|93\/432|[from] item: Black Sludge
|turn|23
|
|cant|p2a: Landorus|slp
|move|p1a: Amoonguss|Giga Drain|p2a: Landorus
|-damage|p2a: Landorus|203\/345 slp
|-heal|p1a: Amoonguss|143\/432|[from] drain|[of] p2a: Landorus
|
|-heal|p1a: Amoonguss|170\/432|[from] item: Black Sludge
|turn|24
|
|-curestatus|p2a: Landorus|slp
|move|p2a: Landorus|Earth Power|p1a: Amoonguss
|-damage|p1a: Amoonguss|0 fnt
|faint|p1a: Amoonguss
|
|
|switch|p1a: Chansey|Chansey, F|561\/641
|-damage|p1a: Chansey|481\/641|[from] Stealth Rock
|turn|25
|
|move|p2a: Landorus|Earth Power|p1a: Chansey
|-damage|p1a: Chansey|255\/641
|move|p1a: Chansey|Soft-Boiled|p1a: Chansey
|-heal|p1a: Chansey|576\/641
|
|turn|26
|
|move|p2a: Landorus|Earth Power|p1a: Chansey
|-damage|p1a: Chansey|362\/641
|move|p1a: Chansey|Thunder Wave|p2a: Landorus
|-immune|p2a: Landorus|[msg]
|
|turn|27
|
|switch|p2a: Gengar|Gengar, F, shiny|229\/261
|-damage|p2a: Gengar|197\/261|[from] Stealth Rock
|move|p1a: Chansey|Soft-Boiled|p1a: Chansey
|-heal|p1a: Chansey|641\/641
|
|turn|28
|
|move|p2a: Gengar|Taunt|p1a: Chansey
|-start|p1a: Chansey|move: Taunt
|cant|p1a: Chansey|move: Taunt|Thunder Wave
|
|turn|29
|
|switch|p1a: Sableye|Sableye-Mega, F|266\/304
|-damage|p1a: Sableye|228\/304|[from] Stealth Rock
|move|p2a: Gengar|Shadow Ball|p1a: Sableye
|-damage|p1a: Sableye|115\/304
|-damage|p2a: Gengar|171\/261|[from] item: Life Orb
|
|turn|30
|
|move|p2a: Gengar|Shadow Ball|p1a: Sableye
|-damage|p1a: Sableye|0 fnt
|-damage|p2a: Gengar|145\/261|[from] item: Life Orb
|faint|p1a: Sableye
|
|
|switch|p1a: Bisharp|Bisharp, M|271\/271
|-damage|p1a: Bisharp|255\/271|[from] Stealth Rock
|turn|31
|
|move|p1a: Bisharp|Sucker Punch|p2a: Gengar
|-supereffective|p2a: Gengar
|-damage|p2a: Gengar|0 fnt
|faint|p2a: Gengar
|
|-heal|p1a: Bisharp|271\/271|[from] item: Leftovers
|
|switch|p2a: Magneton|Magneton, shiny|245\/245
|-damage|p2a: Magneton|230\/245|[from] Stealth Rock
|turn|32
|
|move|p2a: Magneton|Thunderbolt|p1a: Bisharp
|-damage|p1a: Bisharp|67\/271
|-status|p1a: Bisharp|par
|cant|p1a: Bisharp|par
|
|-heal|p1a: Bisharp|83\/271 par|[from] item: Leftovers
|turn|33
|
|move|p1a: Bisharp|Sucker Punch|p2a: Magneton
|-damage|p2a: Magneton|71\/245
|move|p2a: Magneton|Thunderbolt|p1a: Bisharp
|-damage|p1a: Bisharp|0 fnt
|faint|p1a: Bisharp
|
|
|switch|p1a: Chansey|Chansey, F|641\/641
|-damage|p1a: Chansey|561\/641|[from] Stealth Rock
|turn|34
|
|move|p2a: Magneton|Thunderbolt|p1a: Chansey
|-damage|p1a: Chansey|453\/641
|move|p1a: Chansey|Soft-Boiled|p1a: Chansey
|-heal|p1a: Chansey|641\/641
|
|turn|35
|
|move|p2a: Magneton|Thunderbolt|p1a: Chansey
|-damage|p1a: Chansey|527\/641
|move|p1a: Chansey|Seismic Toss|p2a: Magneton
|-damage|p2a: Magneton|0 fnt
|faint|p2a: Magneton
|
|
|switch|p2a: Landorus|Landorus, M, shiny|203\/345
|-damage|p2a: Landorus|160\/345|[from] Stealth Rock
|turn|36
|
|move|p2a: Landorus|Earth Power|p1a: Chansey
|-damage|p1a: Chansey|311\/641
|move|p1a: Chansey|Soft-Boiled|p1a: Chansey
|-heal|p1a: Chansey|632\/641
|
|turn|37
|
|move|p2a: Landorus|Earth Power|p1a: Chansey
|-damage|p1a: Chansey|437\/641
|move|p1a: Chansey|Seismic Toss|p2a: Landorus
|-damage|p2a: Landorus|60\/345
|
|turn|38
|
|move|p2a: Landorus|Earth Power|p1a: Chansey
|-damage|p1a: Chansey|217\/641
|move|p1a: Chansey|Seismic Toss|p2a: Landorus
|-damage|p2a: Landorus|0 fnt
|faint|p2a: Landorus
|
|win|dragon ascending
|raw|Ladder updating...
|raw|dragon ascending's rating: 1547 &rarr; <strong>1570<\/strong><br \/>(+23 for winning)
|raw|The Supercomputer's rating: 1616 &rarr; <strong>1592<\/strong><br \/>(-24 for losing)
|leave|The Supercomputer
|c|âdragon ascending|gg
|player|p2