|join|The Supercomputer
|join|yoshi0692
|player|p1|The Supercomputer|290
|player|p2|yoshi0692|1
|gametype|singles
|gen|6
|tier|OU (suspect test)
|rated
|clearpoke
|poke|p1|Gengar, M, shiny
|poke|p1|Azelf, shiny
|poke|p1|Metagross, shiny
|poke|p1|Azumarill, F, shiny
|poke|p1|Landorus, M, shiny
|poke|p1|Magnezone, shiny
|poke|p2|Gardevoir, F, shiny
|poke|p2|Victini
|poke|p2|Jirachi
|poke|p2|Chesnaught, F
|poke|p2|Azumarill, M
|poke|p2|Excadrill, M
|rule|Swagger Clause: Swagger is banned
|rule|Baton Pass Clause: Limit one PokÃ©mon knowing Baton Pass
|rule|Sleep Clause Mod: Limit one foe put to sleep
|rule|Species Clause: Limit one of each PokÃ©mon
|rule|OHKO Clause: OHKO moves are banned
|rule|Moody Clause: Moody is banned
|rule|Evasion Moves Clause: Evasion moves are banned
|rule|Endless Battle Clause: Forcing endless battles is banned
|rule|HP Percentage Mod: HP is shown in percentages
|teampreview
|
|start
|switch|p1a: Azelf|Azelf, shiny|291\/291
|switch|p2a: Jirachi|Jirachi|404\/404
|turn|1
|
|move|p1a: Azelf|Stealth Rock|p2a: Jirachi
|-sidestart|p2: yoshi0692|move: Stealth Rock
|move|p2a: Jirachi|Thunder Wave|p1a: Azelf
|-status|p1a: Azelf|par
|
|turn|2
|
|switch|p1a: Magnezone|Magnezone, shiny|285\/285
|move|p2a: Jirachi|Iron Head|p1a: Magnezone
|-resisted|p1a: Magnezone
|-damage|p1a: Magnezone|264\/285
|
|turn|3
|
|move|p1a: Magnezone|Thunderbolt|p2a: Jirachi
|-damage|p2a: Jirachi|298\/404
|move|p2a: Jirachi|Wish|p2a: Jirachi
|
|-heal|p2a: Jirachi|323\/404|[from] item: Leftovers
|turn|4
|
|move|p1a: Magnezone|Thunderbolt|p2a: Jirachi
|-damage|p2a: Jirachi|206\/404
|move|p2a: Jirachi|Stealth Rock|p1a: Magnezone
|-sidestart|p1: The Supercomputer|move: Stealth Rock
|
|-heal|p2a: Jirachi|404\/404|[from] move: Wish|[wisher] Jirachi
|turn|5
|
|move|p1a: Magnezone|Thunderbolt|p2a: Jirachi
|-damage|p2a: Jirachi|284\/404
|-status|p2a: Jirachi|par
|move|p2a: Jirachi|Wish|p2a: Jirachi
|
|-heal|p2a: Jirachi|309\/404 par|[from] item: Leftovers
|turn|6
|c|âyoshi0692|this is not gonna work
|
|move|p1a: Magnezone|Thunderbolt|p2a: Jirachi
|-damage|p2a: Jirachi|200\/404 par
|move|p2a: Jirachi|Thunder Wave|p1a: Magnezone
|-fail|p1a: Magnezone
|
|-heal|p2a: Jirachi|402\/404 par|[from] move: Wish|[wisher] Jirachi
|-heal|p2a: Jirachi|404\/404 par|[from] item: Leftovers
|turn|7
|
|move|p1a: Magnezone|Thunderbolt|p2a: Jirachi
|-damage|p2a: Jirachi|281\/404 par
|move|p2a: Jirachi|Wish|p2a: Jirachi
|
|-heal|p2a: Jirachi|306\/404 par|[from] item: Leftovers
|turn|8
|
|move|p1a: Magnezone|Thunderbolt|p2a: Jirachi
|-damage|p2a: Jirachi|183\/404 par
|move|p2a: Jirachi|Iron Head|p1a: Magnezone
|-resisted|p1a: Magnezone
|-damage|p1a: Magnezone|242\/285
|
|-heal|p2a: Jirachi|385\/404 par|[from] move: Wish|[wisher] Jirachi
|-heal|p2a: Jirachi|404\/404 par|[from] item: Leftovers
|turn|9
|
|move|p1a: Magnezone|Thunderbolt|p2a: Jirachi
|-damage|p2a: Jirachi|298\/404 par
|cant|p2a: Jirachi|par
|
|-heal|p2a: Jirachi|323\/404 par|[from] item: Leftovers
|turn|10
|
|move|p1a: Magnezone|Thunderbolt|p2a: Jirachi
|-damage|p2a: Jirachi|209\/404 par
|move|p2a: Jirachi|Wish|p2a: Jirachi
|
|-heal|p2a: Jirachi|234\/404 par|[from] item: Leftovers
|turn|11
|
|move|p1a: Magnezone|Thunderbolt|p2a: Jirachi
|-damage|p2a: Jirachi|108\/404 par
|move|p2a: Jirachi|Iron Head|p1a: Magnezone
|-resisted|p1a: Magnezone
|-damage|p1a: Magnezone|223\/285
|
|-heal|p2a: Jirachi|310\/404 par|[from] move: Wish|[wisher] Jirachi
|-heal|p2a: Jirachi|335\/404 par|[from] item: Leftovers
|turn|12
|
|move|p1a: Magnezone|Thunderbolt|p2a: Jirachi
|-damage|p2a: Jirachi|218\/404 par
|cant|p2a: Jirachi|par
|
|-heal|p2a: Jirachi|243\/404 par|[from] item: Leftovers
|turn|13
|
|move|p1a: Magnezone|Thunderbolt|p2a: Jirachi
|-damage|p2a: Jirachi|134\/404 par
|move|p2a: Jirachi|Wish|p2a: Jirachi
|
|-heal|p2a: Jirachi|159\/404 par|[from] item: Leftovers
|turn|14
|
|move|p1a: Magnezone|Thunderbolt|p2a: Jirachi
|-damage|p2a: Jirachi|48\/404 par
|move|p2a: Jirachi|Iron Head|p1a: Magnezone
|-resisted|p1a: Magnezone
|-damage|p1a: Magnezone|201\/285
|
|-heal|p2a: Jirachi|250\/404 par|[from] move: Wish|[wisher] Jirachi
|-heal|p2a: Jirachi|275\/404 par|[from] item: Leftovers
|turn|15
|
|move|p1a: Magnezone|Thunderbolt|p2a: Jirachi
|-damage|p2a: Jirachi|163\/404 par
|move|p2a: Jirachi|Wish|p2a: Jirachi
|
|-heal|p2a: Jirachi|188\/404 par|[from] item: Leftovers
|turn|16
|
|move|p1a: Magnezone|Thunderbolt|p2a: Jirachi
|-damage|p2a: Jirachi|79\/404 par
|move|p2a: Jirachi|Iron Head|p1a: Magnezone
|-resisted|p1a: Magnezone
|-damage|p1a: Magnezone|179\/285
|
|-heal|p2a: Jirachi|281\/404 par|[from] move: Wish|[wisher] Jirachi
|-heal|p2a: Jirachi|306\/404 par|[from] item: Leftovers
|turn|17
|
|switch|p1a: Landorus|Landorus, M, shiny|345\/345
|-damage|p1a: Landorus|302\/345|[from] Stealth Rock
|move|p2a: Jirachi|Wish|p2a: Jirachi
|
|-heal|p2a: Jirachi|331\/404 par|[from] item: Leftovers
|turn|18
|
|switch|p2a: Azumarill|Azumarill, M|401\/401
|-damage|p2a: Azumarill|351\/401|[from] Stealth Rock
|move|p1a: Landorus|Earth Power|p2a: Azumarill
|-damage|p2a: Azumarill|125\/401
|
|-heal|p2a: Azumarill|327\/401|[from] move: Wish|[wisher] Jirachi
|turn|19
|
|switch|p1a: Azelf|Azelf, shiny|291\/291 par
|-damage|p1a: Azelf|255\/291 par|[from] Stealth Rock
|move|p2a: Azumarill|Knock Off|p1a: Azelf
|-supereffective|p1a: Azelf
|-damage|p1a: Azelf|0 fnt
|-enditem|p1a: Azelf|Focus Sash|[from] move: Knock Off|[of] p2a: Azumarill
|faint|p1a: Azelf
|
|
|switch|p1a: Metagross|Metagross, shiny|301\/301
|-damage|p1a: Metagross|283\/301|[from] Stealth Rock
|turn|20
|join|Dick Suck Jim
|
|detailschange|p1a: Metagross|Metagross-Mega, shiny
|-mega|p1a: Metagross|Metagross|Metagrossite
|move|p1a: Metagross|Meteor Mash|p2a: Azumarill
|-damage|p2a: Azumarill|53\/401
|move|p2a: Azumarill|Knock Off|p1a: Metagross
|-supereffective|p1a: Metagross
|-damage|p1a: Metagross|155\/301
|
|turn|21
|
|move|p2a: Azumarill|Aqua Jet|p1a: Metagross
|-damage|p1a: Metagross|95\/301
|move|p1a: Metagross|Earthquake|p2a: Azumarill
|-crit|p2a: Azumarill
|-damage|p2a: Azumarill|0 fnt
|faint|p2a: Azumarill
|
|
|switch|p2a: Excadrill|Excadrill, M|361\/361
|-damage|p2a: Excadrill|350\/361|[from] Stealth Rock
|-ability|p2a: Excadrill|Mold Breaker
|turn|22
|
|move|p2a: Excadrill|Earthquake|p1a: Metagross
|-supereffective|p1a: Metagross
|-damage|p1a: Metagross|0 fnt
|faint|p1a: Metagross
|
|
|switch|p1a: Landorus|Landorus, M, shiny|302\/345
|-damage|p1a: Landorus|259\/345|[from] Stealth Rock
|turn|23
|
|switch|p2a: Chesnaught|Chesnaught, F|380\/380
|-damage|p2a: Chesnaught|357\/380|[from] Stealth Rock
|move|p1a: Landorus|Rock Polish|p1a: Landorus
|-boost|p1a: Landorus|spe|2
|
|-heal|p2a: Chesnaught|380\/380|[from] item: Leftovers
|turn|24
|
|move|p1a: Landorus|Psychic|p2a: Chesnaught
|-supereffective|p2a: Chesnaught
|-damage|p2a: Chesnaught|0 fnt
|faint|p2a: Chesnaught
|
|
|switch|p2a: Gardevoir|Gardevoir, F, shiny|277\/277
|-damage|p2a: Gardevoir|243\/277|[from] Stealth Rock
|-ability|p2a: Gardevoir|Sheer Force|[from] ability: Trace|[of] p1a: Landorus
|turn|25
|
|detailschange|p2a: Gardevoir|Gardevoir-Mega, F, shiny
|-mega|p2a: Gardevoir|Gardevoir|Gardevoirite
|move|p1a: Landorus|Earth Power|p2a: Gardevoir
|-damage|p2a: Gardevoir|35\/277
|move|p2a: Gardevoir|Hyper Voice|p1a: Landorus
|-damage|p1a: Landorus|0 fnt
|faint|p1a: Landorus
|
|
|switch|p1a: Magnezone|Magnezone, shiny|179\/285
|-damage|p1a: Magnezone|162\/285|[from] Stealth Rock
|turn|26
|
|move|p1a: Magnezone|Hidden Power|p2a: Gardevoir
|-damage|p2a: Gardevoir|0 fnt
|faint|p2a: Gardevoir
|
|
|switch|p2a: Victini|Victini|341\/341
|-damage|p2a: Victini|256\/341|[from] Stealth Rock
|turn|27
|
|move|p1a: Magnezone|Hidden Power|p2a: Victini
|-resisted|p2a: Victini
|-damage|p2a: Victini|223\/341
|move|p2a: Victini|Bolt Strike|p1a: Magnezone
|-resisted|p1a: Magnezone
|-damage|p1a: Magnezone|72\/285
|
|turn|28
|
|move|p1a: Magnezone|Hidden Power|p2a: Victini
|-resisted|p2a: Victini
|-damage|p2a: Victini|186\/341
|move|p2a: Victini|Bolt Strike|p1a: Magnezone
|-resisted|p1a: Magnezone
|-damage|p1a: Magnezone|0 fnt
|faint|p1a: Magnezone
|
|
|switch|p1a: Gengar|Gengar, M, shiny|261\/261
|-damage|p1a: Gengar|229\/261|[from] Stealth Rock
|turn|29
|
|move|p1a: Gengar|Shadow Ball|p2a: Victini
|-crit|p2a: Victini
|-supereffective|p2a: Victini
|-damage|p2a: Victini|0 fnt
|-damage|p1a: Gengar|203\/261|[from] item: Life Orb
|faint|p2a: Victini
|
|
|switch|p2a: Excadrill|Excadrill, M|350\/361
|-damage|p2a: Excadrill|339\/361|[from] Stealth Rock
|-ability|p2a: Excadrill|Mold Breaker
|turn|30
|
|move|p2a: Excadrill|Iron Head|p1a: Gengar
|-damage|p1a: Gengar|0 fnt
|faint|p1a: Gengar
|
|
|switch|p1a: Azumarill|Azumarill, F, shiny|401\/401
|-damage|p1a: Azumarill|351\/401|[from] Stealth Rock
|turn|31
|
|move|p1a: Azumarill|Aqua Jet|p2a: Excadrill
|-supereffective|p2a: Excadrill
|-damage|p2a: Excadrill|99\/361
|move|p2a: Excadrill|Iron Head|p1a: Azumarill
|-damage|p1a: Azumarill|162\/401
|
|turn|32
|
|move|p1a: Azumarill|Aqua Jet|p2a: Excadrill
|-supereffective|p2a: Excadrill
|-damage|p2a: Excadrill|0 fnt
|faint|p2a: Excadrill
|
|
|switch|p2a: Jirachi|Jirachi|331\/404 par
|-damage|p2a: Jirachi|306\/404 par|[from] Stealth Rock
|turn|33
|
|move|p1a: Azumarill|Knock Off|p2a: Jirachi
|-supereffective|p2a: Jirachi
|-damage|p2a: Jirachi|36\/404 par
|-enditem|p2a: Jirachi|Leftovers|[from] move: Knock Off|[of] p1a: Azumarill
|move|p2a: Jirachi|Iron Head|p1a: Azumarill
|-damage|p1a: Azumarill|50\/401
|
|turn|34
|join|Dick Suck Bob
|
|move|p1a: Azumarill|Aqua Jet|p2a: Jirachi
|-damage|p2a: Jirachi|0 fnt
|faint|p2a: Jirachi
|
|win|The Supercomputer
|raw|Ladder updating...
|raw|The Supercomputer's rating: 1550 &rarr; <strong>1559<\/strong><br \/>(+9 for winning)
|raw|yoshi0692's rating: 1331 &rarr; <strong>1322<\/strong><br \/>(-9 for losing)
|leave|yoshi0692
|leave|The Supercomputer
|player|p2
|player|p1