|join|Skuukzky
|join|The Supercomputer
|player|p1|Skuukzky|249
|player|p2|The Supercomputer|290
|gametype|singles
|gen|6
|tier|OU (suspect test)
|rated
|clearpoke
|poke|p1|Bisharp, M, shiny
|poke|p1|Diggersby, F
|poke|p1|Azelf, shiny
|poke|p1|Thundurus, M, shiny
|poke|p1|Azumarill, F, shiny
|poke|p1|Pinsir, M, shiny
|poke|p2|Gengar, F, shiny
|poke|p2|Azelf, shiny
|poke|p2|Metagross, shiny
|poke|p2|Azumarill, F, shiny
|poke|p2|Landorus, M, shiny
|poke|p2|Magnezone, shiny
|rule|Swagger Clause: Swagger is banned
|rule|Baton Pass Clause: Limit one PokÃ©mon knowing Baton Pass
|rule|Sleep Clause Mod: Limit one foe put to sleep
|rule|Species Clause: Limit one of each PokÃ©mon
|rule|OHKO Clause: OHKO moves are banned
|rule|Moody Clause: Moody is banned
|rule|Evasion Moves Clause: Evasion moves are banned
|rule|Endless Battle Clause: Forcing endless battles is banned
|rule|HP Percentage Mod: HP is shown in percentages
|teampreview
|
|start
|switch|p1a: Azelf|Azelf, shiny|291\/291
|switch|p2a: Azelf|Azelf, shiny|291\/291
|turn|1
|
|move|p1a: Azelf|Taunt|p2a: Azelf
|-start|p2a: Azelf|move: Taunt
|cant|p2a: Azelf|move: Taunt|Stealth Rock
|
|turn|2
|
|move|p2a: Azelf|Fire Blast|p1a: Azelf
|-damage|p1a: Azelf|147\/291
|move|p1a: Azelf|Stealth Rock|p2a: Azelf
|-sidestart|p2: The Supercomputer|move: Stealth Rock
|
|turn|3
|
|move|p1a: Azelf|Explosion|p2a: Azelf
|-enditem|p2a: Azelf|Focus Sash
|-damage|p2a: Azelf|1\/291
|faint|p1a: Azelf
|move|p2a: Azelf|Fire Blast|p1: Azelf|[notarget]
|-notarget
|
|-end|p2a: Azelf|move: Taunt
|
|switch|p1a: Diggersby|Diggersby, F|311\/311
|turn|4
|
|move|p1a: Diggersby|Quick Attack|p2a: Azelf
|-crit|p2a: Azelf
|-damage|p2a: Azelf|0 fnt
|faint|p2a: Azelf
|
|
|switch|p2a: Azumarill|Azumarill, F, shiny|401\/401
|-damage|p2a: Azumarill|351\/401|[from] Stealth Rock
|turn|5
|
|move|p1a: Diggersby|Earthquake|p2a: Azumarill
|-damage|p2a: Azumarill|57\/401
|move|p2a: Azumarill|Play Rough|p1a: Diggersby|[miss]
|-miss|p2a: Azumarill|p1a: Diggersby
|
|turn|6
|
|switch|p2a: Gengar|Gengar, F, shiny|261\/261
|-damage|p2a: Gengar|229\/261|[from] Stealth Rock
|move|p1a: Diggersby|Quick Attack|p2a: Gengar
|-immune|p2a: Gengar|[msg]
|
|turn|7
|
|move|p2a: Gengar|Focus Blast|p1a: Diggersby|[miss]
|-miss|p2a: Gengar|p1a: Diggersby
|move|p1a: Diggersby|Knock Off|p2a: Gengar
|-supereffective|p2a: Gengar
|-damage|p2a: Gengar|0 fnt
|-enditem|p2a: Gengar|Life Orb|[from] move: Knock Off|[of] p1a: Diggersby
|faint|p2a: Gengar
|
|c|âSkuukzky|gg
|-message|The Supercomputer forfeited.
|
|win|Skuukzky
|raw|Ladder updating...
|leave|The Supercomputer
|player|p2
|raw|Skuukzky's rating: 1515 &rarr; <strong>1538<\/strong><br \/>(+23 for winning)
|raw|The Supercomputer's rating: 1559 &rarr; <strong>1536<\/strong><br \/>(-23 for losing)