|join|Uncle Wiseau
|join|Bob the m8
|player|p1|Uncle Wiseau|1
|player|p2|Bob the m8|23
|gametype|singles
|gen|6
|tier|UU
|rated
|rule|Sleep Clause Mod: Limit one foe put to sleep
|rule|Species Clause: Limit one of each PokÃ©mon
|rule|OHKO Clause: OHKO moves are banned
|rule|Moody Clause: Moody is banned
|rule|Evasion Moves Clause: Evasion moves are banned
|rule|Endless Battle Clause: Forcing endless battles is banned
|rule|HP Percentage Mod: HP is shown in percentages
|clearpoke
|poke|p1|Aggron, F
|poke|p1|Zygarde
|poke|p1|Blissey, F
|poke|p1|Crobat, F
|poke|p1|Shaymin
|poke|p1|Infernape, F
|poke|p2|Shedinja
|poke|p2|Blissey, F
|poke|p2|Quagsire, F
|poke|p2|Aggron, M
|poke|p2|Tentacruel, M
|poke|p2|Togetic, M
|rule|Swagger Clause: Swagger is banned
|rule|Baton Pass Clause: Limit one PokÃ©mon knowing Baton Pass
|teampreview
|
|start
|switch|p1a: Zygarde|Zygarde|420\/420
|switch|p2a: Tentacruel|Tentacruel, M|364\/364
|-ability|p1a: Zygarde|Aura Break
|turn|1
|
|switch|p2a: Togetic|Togetic, M|314\/314
|switch|p1a: Blissey|Blissey, F|714\/714
|
|turn|2
|
|switch|p2a: Tentacruel|Tentacruel, M|364\/364
|move|p1a: Blissey|Stealth Rock|p2a: Tentacruel
|-sidestart|p2: Bob the m8|move: Stealth Rock
|
|turn|3
|
|switch|p1a: Aggron|Aggron, F|344\/344
|move|p2a: Tentacruel|Toxic Spikes|p1a: Aggron
|-sidestart|p1: Uncle Wiseau|move: Toxic Spikes
|
|turn|4
|
|detailschange|p1a: Aggron|Aggron-Mega, F
|message|Aggron has Mega Evolved into Mega Aggron!
|move|p2a: Tentacruel|Rapid Spin|p1a: Aggron
|-resisted|p1a: Aggron
|-damage|p1a: Aggron|341\/344
|-sideend|p2: Bob the m8|Stealth Rock|[from] move: Rapid Spin|[of] p2a: Tentacruel
|move|p1a: Aggron|Thunder Wave|p2a: Tentacruel
|-status|p2a: Tentacruel|par
|
|turn|5
|
|switch|p1a: Shaymin|Shaymin|342\/342
|-status|p1a: Shaymin|psn
|switch|p2a: Quagsire|Quagsire, F|394\/394
|
|-damage|p1a: Shaymin|300\/342 psn|[from] psn
|turn|6
|
|switch|p1a: Crobat|Crobat, F|373\/373
|switch|p2a: Shedinja|Shedinja|1\/1
|
|turn|7
|
|switch|p2a: Aggron|Aggron, M|344\/344
|move|p1a: Crobat|Defog|p2a: Aggron
|-unboost|p2a: Aggron|evasion|1
|-sideend|p1: Uncle Wiseau|Toxic Spikes|[from] move: Defog|[of] p1a: Crobat
|
|turn|8
|
|detailschange|p2a: Aggron|Aggron-Mega, M
|message|Aggron has Mega Evolved into Mega Aggron!
|move|p1a: Crobat|U-turn|p2a: Aggron
|-resisted|p2a: Aggron
|-damage|p2a: Aggron|332\/344
|
|switch|p1a: Zygarde|Zygarde|420\/420
|-ability|p1a: Zygarde|Aura Break
|move|p2a: Aggron|Stealth Rock|p1a: Zygarde
|-sidestart|p1: Uncle Wiseau|move: Stealth Rock
|
|turn|9
|
|switch|p1a: Blissey|Blissey, F|714\/714
|-damage|p1a: Blissey|625\/714|[from] Stealth Rock
|switch|p2a: Togetic|Togetic, M|314\/314
|
|-heal|p1a: Blissey|669\/714|[from] item: Leftovers
|turn|10
|
|switch|p2a: Tentacruel|Tentacruel, M|364\/364 par
|move|p1a: Blissey|Stealth Rock|p2a: Tentacruel
|-sidestart|p2: Bob the m8|move: Stealth Rock
|
|-heal|p1a: Blissey|713\/714|[from] item: Leftovers
|turn|11
|
|move|p1a: Blissey|Seismic Toss|p2a: Tentacruel
|-damage|p2a: Tentacruel|264\/364 par
|cant|p2a: Tentacruel|par
|
|-heal|p1a: Blissey|714\/714|[from] item: Leftovers
|-heal|p2a: Tentacruel|286\/364 par|[from] item: Black Sludge
|turn|12
|
|move|p1a: Blissey|Seismic Toss|p2a: Tentacruel
|-damage|p2a: Tentacruel|186\/364 par
|move|p2a: Tentacruel|Toxic Spikes|p1a: Blissey
|-sidestart|p1: Uncle Wiseau|move: Toxic Spikes
|
|-heal|p2a: Tentacruel|208\/364 par|[from] item: Black Sludge
|turn|13
|
|switch|p2a: Blissey|Blissey, F|714\/714
|-damage|p2a: Blissey|625\/714|[from] Stealth Rock
|move|p1a: Blissey|Seismic Toss|p2a: Blissey
|-damage|p2a: Blissey|525\/714
|
|-heal|p2a: Blissey|569\/714|[from] item: Leftovers
|turn|14
|
|move|p2a: Blissey|Wish|p2a: Blissey
|move|p1a: Blissey|Wish|p1a: Blissey
|
|-heal|p2a: Blissey|613\/714|[from] item: Leftovers
|turn|15
|
|switch|p1a: Crobat|Crobat, F|373\/373
|-damage|p1a: Crobat|280\/373|[from] Stealth Rock
|switch|p2a: Tentacruel|Tentacruel, M|208\/364 par
|-damage|p2a: Tentacruel|163\/364 par|[from] Stealth Rock
|
|-heal|p2a: Tentacruel|364\/364 par|[from] move: Wish|[wisher] Blissey
|-heal|p1a: Crobat|373\/373|[from] move: Wish|[wisher] Blissey
|turn|16
|
|move|p1a: Crobat|Defog|p2a: Tentacruel
|-unboost|p2a: Tentacruel|evasion|1
|-sideend|p2: Bob the m8|Stealth Rock|[from] move: Defog|[of] p2a: Tentacruel
|-sideend|p1: Uncle Wiseau|Toxic Spikes|[from] move: Defog|[of] p1a: Crobat
|-sideend|p1: Uncle Wiseau|Stealth Rock|[from] move: Defog|[of] p1a: Crobat
|move|p2a: Tentacruel|Scald|p1a: Crobat
|-damage|p1a: Crobat|271\/373
|-status|p1a: Crobat|brn
|
|-heal|p1a: Crobat|294\/373 brn|[from] item: Leftovers
|-damage|p1a: Crobat|248\/373 brn|[from] brn
|turn|17
|
|move|p1a: Crobat|U-turn|p2a: Tentacruel
|-resisted|p2a: Tentacruel
|-damage|p2a: Tentacruel|352\/364 par
|
|switch|p1a: Blissey|Blissey, F|714\/714
|cant|p2a: Tentacruel|par
|
|-heal|p2a: Tentacruel|364\/364 par|[from] item: Black Sludge
|turn|18
|
|move|p1a: Blissey|Seismic Toss|p2a: Tentacruel
|-damage|p2a: Tentacruel|264\/364 par
|move|p2a: Tentacruel|Toxic Spikes|p1a: Blissey
|-sidestart|p1: Uncle Wiseau|move: Toxic Spikes
|
|-heal|p2a: Tentacruel|286\/364 par|[from] item: Black Sludge
|turn|19
|
|switch|p2a: Aggron|Aggron-Mega, M|332\/344
|move|p1a: Blissey|Stealth Rock|p2a: Aggron
|-sidestart|p2: Bob the m8|move: Stealth Rock
|
|turn|20
|
|move|p1a: Blissey|Seismic Toss|p2a: Aggron
|-damage|p2a: Aggron|232\/344
|move|p2a: Aggron|Earthquake|p1a: Blissey
|-crit|p1a: Blissey
|-damage|p1a: Blissey|443\/714
|
|-heal|p1a: Blissey|487\/714|[from] item: Leftovers
|turn|21
|
|move|p1a: Blissey|Seismic Toss|p2a: Aggron
|-damage|p2a: Aggron|132\/344
|move|p2a: Aggron|Heavy Slam|p1a: Blissey
|-damage|p1a: Blissey|159\/714
|
|-heal|p1a: Blissey|203\/714|[from] item: Leftovers
|turn|22
|
|move|p1a: Blissey|Soft-Boiled|p1a: Blissey
|-heal|p1a: Blissey|560\/714
|move|p2a: Aggron|Heavy Slam|p1a: Blissey
|-damage|p1a: Blissey|194\/714
|
|-heal|p1a: Blissey|238\/714|[from] item: Leftovers
|turn|23
|
|switch|p2a: Blissey|Blissey, F|613\/714
|-damage|p2a: Blissey|524\/714|[from] Stealth Rock
|move|p1a: Blissey|Soft-Boiled|p1a: Blissey
|-heal|p1a: Blissey|595\/714
|
|-heal|p2a: Blissey|568\/714|[from] item: Leftovers
|-heal|p1a: Blissey|639\/714|[from] item: Leftovers
|turn|24
|
|switch|p1a: Infernape|Infernape, F|293\/293
|-status|p1a: Infernape|psn
|move|p2a: Blissey|Wish|p2a: Blissey
|
|-heal|p2a: Blissey|612\/714|[from] item: Leftovers
|-damage|p1a: Infernape|257\/293 psn|[from] psn
|turn|25
|
|switch|p2a: Tentacruel|Tentacruel, M|286\/364 par
|-damage|p2a: Tentacruel|241\/364 par|[from] Stealth Rock
|move|p1a: Infernape|U-turn|p2a: Tentacruel
|-resisted|p2a: Tentacruel
|-damage|p2a: Tentacruel|193\/364 par
|
|switch|p1a: Crobat|Crobat, F|248\/373 brn
|
|-heal|p2a: Tentacruel|364\/364 par|[from] move: Wish|[wisher] Blissey
|-heal|p1a: Crobat|271\/373 brn|[from] item: Leftovers
|-damage|p1a: Crobat|225\/373 brn|[from] brn
|turn|26
|
|switch|p2a: Blissey|Blissey, F|612\/714
|-damage|p2a: Blissey|523\/714|[from] Stealth Rock
|move|p1a: Crobat|Defog|p2a: Blissey
|-unboost|p2a: Blissey|evasion|1
|-sideend|p2: Bob the m8|Stealth Rock|[from] move: Defog|[of] p2a: Blissey
|-sideend|p1: Uncle Wiseau|Toxic Spikes|[from] move: Defog|[of] p1a: Crobat
|
|-heal|p1a: Crobat|248\/373 brn|[from] item: Leftovers
|-heal|p2a: Blissey|567\/714|[from] item: Leftovers
|-damage|p1a: Crobat|202\/373 brn|[from] brn
|turn|27
|
|move|p1a: Crobat|U-turn|p2a: Blissey
|-damage|p2a: Blissey|520\/714
|
|switch|p1a: Infernape|Infernape, F|257\/293 psn
|move|p2a: Blissey|Wish|p2a: Blissey
|
|-heal|p2a: Blissey|564\/714|[from] item: Leftovers
|-damage|p1a: Infernape|221\/293 psn|[from] psn
|turn|28
|join|DatLatias
|
|switch|p2a: Tentacruel|Tentacruel, M|364\/364 par
|move|p1a: Infernape|U-turn|p2a: Tentacruel
|-resisted|p2a: Tentacruel
|-damage|p2a: Tentacruel|318\/364 par
|
|switch|p1a: Blissey|Blissey, F|639\/714
|
|-heal|p2a: Tentacruel|364\/364 par|[from] move: Wish|[wisher] Blissey
|-heal|p1a: Blissey|683\/714|[from] item: Leftovers
|turn|29
|
|move|p1a: Blissey|Stealth Rock|p2a: Tentacruel
|-sidestart|p2: Bob the m8|move: Stealth Rock
|move|p2a: Tentacruel|Toxic Spikes|p1a: Blissey
|-sidestart|p1: Uncle Wiseau|move: Toxic Spikes
|
|-heal|p1a: Blissey|714\/714|[from] item: Leftovers
|turn|30
|
|move|p1a: Blissey|Seismic Toss|p2a: Tentacruel
|-damage|p2a: Tentacruel|264\/364 par
|cant|p2a: Tentacruel|par
|
|-heal|p2a: Tentacruel|286\/364 par|[from] item: Black Sludge
|turn|31
|
|move|p1a: Blissey|Seismic Toss|p2a: Tentacruel
|-damage|p2a: Tentacruel|186\/364 par
|move|p2a: Tentacruel|Toxic Spikes|p1a: Blissey
|-sidestart|p1: Uncle Wiseau|move: Toxic Spikes
|
|-heal|p2a: Tentacruel|208\/364 par|[from] item: Black Sludge
|turn|32
|
|switch|p1a: Infernape|Infernape, F|221\/293 psn
|switch|p2a: Blissey|Blissey, F|564\/714
|-damage|p2a: Blissey|475\/714|[from] Stealth Rock
|
|-heal|p2a: Blissey|519\/714|[from] item: Leftovers
|-damage|p1a: Infernape|185\/293 psn|[from] psn
|turn|33
|
|move|p2a: Blissey|Protect|p2a: Blissey
|-singleturn|p2a: Blissey|Protect
|move|p1a: Infernape|Close Combat|p2a: Blissey
|-activate|p2a: Blissey|Protect
|
|-heal|p2a: Blissey|563\/714|[from] item: Leftovers
|-damage|p1a: Infernape|149\/293 psn|[from] psn
|turn|34
|
|switch|p2a: Togetic|Togetic, M|314\/314
|-damage|p2a: Togetic|236\/314|[from] Stealth Rock
|move|p1a: Infernape|Close Combat|p2a: Togetic
|-resisted|p2a: Togetic
|-damage|p2a: Togetic|194\/314
|-unboost|p1a: Infernape|def|1
|-unboost|p1a: Infernape|spd|1
|
|-damage|p1a: Infernape|113\/293 psn|[from] psn
|turn|35
|
|switch|p1a: Aggron|Aggron-Mega, F|341\/344
|move|p2a: Togetic|Roost|p2a: Togetic
|-heal|p2a: Togetic|314\/314
|
|turn|36
|
|switch|p2a: Quagsire|Quagsire, F|394\/394
|-damage|p2a: Quagsire|370\/394|[from] Stealth Rock
|move|p1a: Aggron|Roar|p2a: Quagsire
|drag|p2a: Togetic|Togetic, M|314\/314
|-damage|p2a: Togetic|236\/314|[from] Stealth Rock
|
|turn|37
|
|move|p2a: Togetic|Defog|p1a: Aggron
|-unboost|p1a: Aggron|evasion|1
|-sideend|p1: Uncle Wiseau|Toxic Spikes|[from] move: Defog|[of] p1a: Aggron
|-sideend|p2: Bob the m8|Stealth Rock|[from] move: Defog|[of] p2a: Togetic
|move|p1a: Aggron|Roar|p2a: Togetic
|drag|p2a: Quagsire|Quagsire, F|370\/394
|
|-heal|p2a: Quagsire|394\/394|[from] item: Leftovers
|turn|38
|
|switch|p1a: Shaymin|Shaymin|300\/342
|move|p2a: Quagsire|Scald|p1a: Shaymin
|-resisted|p1a: Shaymin
|-damage|p1a: Shaymin|267\/342
|
|turn|39
|
|switch|p2a: Blissey|Blissey, F|563\/714
|move|p1a: Shaymin|Aromatherapy|p1a: Shaymin
|-cureteam|p1a: Shaymin|[from] move: Aromatherapy
|
|-heal|p2a: Blissey|607\/714|[from] item: Leftovers
|turn|40
|
|move|p1a: Shaymin|Seed Flare|p2a: Blissey
|-damage|p2a: Blissey|434\/714
|-damage|p1a: Shaymin|233\/342|[from] item: Life Orb
|move|p2a: Blissey|Wish|p2a: Blissey
|
|-heal|p2a: Blissey|478\/714|[from] item: Leftovers
|turn|41
|
|move|p1a: Shaymin|Earth Power|p2a: Blissey
|-crit|p2a: Blissey
|-damage|p2a: Blissey|335\/714
|-damage|p1a: Shaymin|199\/342|[from] item: Life Orb
|move|p2a: Blissey|Seismic Toss|p1a: Shaymin
|-damage|p1a: Shaymin|99\/342
|
|-heal|p2a: Blissey|692\/714|[from] move: Wish|[wisher] Blissey
|-heal|p2a: Blissey|714\/714|[from] item: Leftovers
|turn|42
|join|Rudeman130498
|
|move|p1a: Shaymin|Rest|p1a: Shaymin
|-status|p1a: Shaymin|slp
|-heal|p1a: Shaymin|342\/342 slp|[silent]
|-status|p1a: Shaymin|slp|[from] move: Rest
|move|p2a: Blissey|Seismic Toss|p1a: Shaymin
|-damage|p1a: Shaymin|242\/342 slp
|
|turn|43
|
|switch|p1a: Aggron|Aggron-Mega, F|341\/344
|move|p2a: Blissey|Wish|p2a: Blissey
|
|turn|44
|
|switch|p2a: Aggron|Aggron-Mega, M|132\/344
|move|p1a: Aggron|Roar|p2a: Aggron
|drag|p2a: Tentacruel|Tentacruel, M|208\/364 par
|
|-heal|p2a: Tentacruel|364\/364 par|[from] move: Wish|[wisher] Blissey
|turn|45
|
|switch|p1a: Crobat|Crobat, F|202\/373
|move|p2a: Tentacruel|Scald|p1a: Crobat
|-damage|p1a: Crobat|105\/373
|
|-heal|p1a: Crobat|128\/373|[from] item: Leftovers
|turn|46
|
|move|p1a: Crobat|Roost|p1a: Crobat
|-heal|p1a: Crobat|315\/373
|move|p2a: Tentacruel|Scald|p1a: Crobat
|-damage|p1a: Crobat|227\/373
|
|-heal|p1a: Crobat|250\/373|[from] item: Leftovers
|turn|47
|
|move|p1a: Crobat|U-turn|p2a: Tentacruel
|-resisted|p2a: Tentacruel
|-damage|p2a: Tentacruel|339\/364 par
|
|switch|p1a: Blissey|Blissey, F|714\/714
|move|p2a: Tentacruel|Scald|p1a: Blissey
|-damage|p1a: Blissey|656\/714
|
|-heal|p1a: Blissey|700\/714|[from] item: Leftovers
|-heal|p2a: Tentacruel|361\/364 par|[from] item: Black Sludge
|turn|48
|
|move|p1a: Blissey|Stealth Rock|p2a: Tentacruel
|-sidestart|p2: Bob the m8|move: Stealth Rock
|cant|p2a: Tentacruel|par
|
|-heal|p1a: Blissey|714\/714|[from] item: Leftovers
|-heal|p2a: Tentacruel|364\/364 par|[from] item: Black Sludge
|turn|49
|
|move|p1a: Blissey|Seismic Toss|p2a: Tentacruel
|-damage|p2a: Tentacruel|264\/364 par
|cant|p2a: Tentacruel|par
|
|-heal|p2a: Tentacruel|286\/364 par|[from] item: Black Sludge
|turn|50
|
|move|p1a: Blissey|Seismic Toss|p2a: Tentacruel
|-damage|p2a: Tentacruel|186\/364 par
|move|p2a: Tentacruel|Rapid Spin|p1a: Blissey
|-damage|p1a: Blissey|695\/714
|-sideend|p2: Bob the m8|Stealth Rock|[from] move: Rapid Spin|[of] p2a: Tentacruel
|
|-heal|p1a: Blissey|714\/714|[from] item: Leftovers
|-heal|p2a: Tentacruel|208\/364 par|[from] item: Black Sludge
|turn|51
|
|move|p1a: Blissey|Stealth Rock|p2a: Tentacruel
|-sidestart|p2: Bob the m8|move: Stealth Rock
|move|p2a: Tentacruel|Toxic Spikes|p1a: Blissey
|-sidestart|p1: Uncle Wiseau|move: Toxic Spikes
|
|-heal|p2a: Tentacruel|230\/364 par|[from] item: Black Sludge
|turn|52
|
|switch|p2a: Blissey|Blissey, F|714\/714
|-damage|p2a: Blissey|625\/714|[from] Stealth Rock
|move|p1a: Blissey|Seismic Toss|p2a: Blissey
|-damage|p2a: Blissey|525\/714
|
|-heal|p2a: Blissey|569\/714|[from] item: Leftovers
|turn|53
|
|switch|p1a: Aggron|Aggron-Mega, F|341\/344
|move|p2a: Blissey|Seismic Toss|p1a: Aggron
|-damage|p1a: Aggron|241\/344
|
|-heal|p2a: Blissey|613\/714|[from] item: Leftovers
|turn|54
|
|move|p2a: Blissey|Wish|p2a: Blissey
|move|p1a: Aggron|Heavy Slam|p2a: Blissey
|-damage|p2a: Blissey|235\/714
|
|-heal|p2a: Blissey|279\/714|[from] item: Leftovers
|turn|55
|
|move|p2a: Blissey|Protect|p2a: Blissey
|-singleturn|p2a: Blissey|Protect
|move|p1a: Aggron|Roar|p2a: Blissey
|drag|p2a: Aggron|Aggron-Mega, M|132\/344
|-damage|p2a: Aggron|111\/344|[from] Stealth Rock
|
|-heal|p2a: Aggron|344\/344|[from] move: Wish|[wisher] Blissey
|turn|56
|
|move|p2a: Aggron|Earthquake|p1a: Aggron
|-supereffective|p1a: Aggron
|-damage|p1a: Aggron|169\/344
|move|p1a: Aggron|Thunder Wave|p2a: Aggron
|-status|p2a: Aggron|par
|
|turn|57
|
|move|p2a: Aggron|Earthquake|p1a: Aggron
|-supereffective|p1a: Aggron
|-damage|p1a: Aggron|94\/344
|move|p1a: Aggron|Roar|p2a: Aggron
|drag|p2a: Blissey|Blissey, F|279\/714
|-damage|p2a: Blissey|190\/714|[from] Stealth Rock
|
|-heal|p2a: Blissey|234\/714|[from] item: Leftovers
|turn|58
|
|switch|p1a: Blissey|Blissey, F|714\/714
|-status|p1a: Blissey|psn
|move|p2a: Blissey|Seismic Toss|p1a: Blissey
|-damage|p1a: Blissey|614\/714 psn
|
|-heal|p1a: Blissey|658\/714 psn|[from] item: Leftovers
|-heal|p2a: Blissey|278\/714|[from] item: Leftovers
|-damage|p1a: Blissey|569\/714 psn|[from] psn
|turn|59
|
|move|p2a: Blissey|Wish|p2a: Blissey
|move|p1a: Blissey|Wish|p1a: Blissey
|
|-heal|p1a: Blissey|613\/714 psn|[from] item: Leftovers
|-heal|p2a: Blissey|322\/714|[from] item: Leftovers
|-damage|p1a: Blissey|524\/714 psn|[from] psn
|turn|60
|
|switch|p1a: Infernape|Infernape, F|113\/293
|-status|p1a: Infernape|psn
|switch|p2a: Tentacruel|Tentacruel, M|230\/364 par
|-damage|p2a: Tentacruel|185\/364 par|[from] Stealth Rock
|
|-heal|p2a: Tentacruel|364\/364 par|[from] move: Wish|[wisher] Blissey
|-heal|p1a: Infernape|293\/293 psn|[from] move: Wish|[wisher] Blissey
|-damage|p1a: Infernape|257\/293 psn|[from] psn
|turn|61
|
|move|p1a: Infernape|U-turn|p2a: Tentacruel
|-resisted|p2a: Tentacruel
|-damage|p2a: Tentacruel|317\/364 par
|
|switch|p1a: Crobat|Crobat, F|250\/373
|cant|p2a: Tentacruel|par
|
|-heal|p1a: Crobat|273\/373|[from] item: Leftovers
|-heal|p2a: Tentacruel|339\/364 par|[from] item: Black Sludge
|turn|62
|leave|Rudeman130498
|
|move|p1a: Crobat|Brave Bird|p2a: Tentacruel
|-damage|p2a: Tentacruel|203\/364 par
|-damage|p1a: Crobat|228\/373|[from] recoil|[of] p2a: Tentacruel
|move|p2a: Tentacruel|Scald|p1a: Crobat
|-damage|p1a: Crobat|132\/373
|
|-heal|p1a: Crobat|155\/373|[from] item: Leftovers
|-heal|p2a: Tentacruel|225\/364 par|[from] item: Black Sludge
|turn|63
|
|move|p1a: Crobat|Roost|p1a: Crobat
|-heal|p1a: Crobat|342\/373
|move|p2a: Tentacruel|Rapid Spin|p1a: Crobat
|-damage|p1a: Crobat|328\/373
|-sideend|p2: Bob the m8|Stealth Rock|[from] move: Rapid Spin|[of] p2a: Tentacruel
|
|-heal|p1a: Crobat|351\/373|[from] item: Leftovers
|-heal|p2a: Tentacruel|247\/364 par|[from] item: Black Sludge
|turn|64
|
|switch|p2a: Aggron|Aggron-Mega, M|344\/344 par
|move|p1a: Crobat|Brave Bird|p2a: Aggron
|-resisted|p2a: Aggron
|-damage|p2a: Aggron|309\/344 par
|-damage|p1a: Crobat|339\/373|[from] recoil|[of] p2a: Aggron
|
|-heal|p1a: Crobat|362\/373|[from] item: Leftovers
|turn|65
|
|move|p1a: Crobat|Defog|p2a: Aggron
|-unboost|p2a: Aggron|evasion|1
|-sideend|p1: Uncle Wiseau|Toxic Spikes|[from] move: Defog|[of] p1a: Crobat
|move|p2a: Aggron|Stealth Rock|p1a: Crobat
|-sidestart|p1: Uncle Wiseau|move: Stealth Rock
|
|-heal|p1a: Crobat|373\/373|[from] item: Leftovers
|turn|66
|
|move|p1a: Crobat|Defog|p2a: Aggron
|-unboost|p2a: Aggron|evasion|1
|-sideend|p1: Uncle Wiseau|Stealth Rock|[from] move: Defog|[of] p1a: Crobat
|move|p2a: Aggron|Heavy Slam|p1a: Crobat
|-damage|p1a: Crobat|162\/373
|
|-heal|p1a: Crobat|185\/373|[from] item: Leftovers
|turn|67
|
|move|p1a: Crobat|U-turn|p2a: Aggron
|-resisted|p2a: Aggron
|-damage|p2a: Aggron|297\/344 par
|
|switch|p1a: Zygarde|Zygarde|420\/420
|-ability|p1a: Zygarde|Aura Break
|cant|p2a: Aggron|par
|
|turn|68
|
|move|p1a: Zygarde|Earthquake|p2a: Aggron
|-supereffective|p2a: Aggron
|-damage|p2a: Aggron|198\/344 par
|move|p2a: Aggron|Stealth Rock|p1a: Zygarde
|-sidestart|p1: Uncle Wiseau|move: Stealth Rock
|
|turn|69
|
|switch|p1a: Crobat|Crobat, F|185\/373
|-damage|p1a: Crobat|92\/373|[from] Stealth Rock
|switch|p2a: Shedinja|Shedinja|1\/1
|
|-heal|p1a: Crobat|115\/373|[from] item: Leftovers
|turn|70
|
|move|p2a: Shedinja|Shadow Sneak|p1a: Crobat
|-damage|p1a: Crobat|39\/373
|move|p1a: Crobat|Roost|p1a: Crobat
|-heal|p1a: Crobat|226\/373
|
|-heal|p1a: Crobat|249\/373|[from] item: Leftovers
|turn|71
|
|switch|p2a: Aggron|Aggron-Mega, M|198\/344 par
|move|p1a: Crobat|Defog|p2a: Aggron
|-unboost|p2a: Aggron|evasion|1
|-sideend|p1: Uncle Wiseau|Stealth Rock|[from] move: Defog|[of] p1a: Crobat
|
|-heal|p1a: Crobat|272\/373|[from] item: Leftovers
|turn|72
|
|move|p1a: Crobat|U-turn|p2a: Aggron
|-resisted|p2a: Aggron
|-damage|p2a: Aggron|186\/344 par
|
|switch|p1a: Shaymin|Shaymin|242\/342
|cant|p2a: Aggron|par
|
|turn|73
|
|switch|p1a: Blissey|Blissey, F|524\/714
|switch|p2a: Togetic|Togetic, M|236\/314
|
|-heal|p1a: Blissey|568\/714|[from] item: Leftovers
|turn|74
|
|switch|p2a: Quagsire|Quagsire, F|394\/394
|move|p1a: Blissey|Stealth Rock|p2a: Quagsire
|-sidestart|p2: Bob the m8|move: Stealth Rock
|
|-heal|p1a: Blissey|612\/714|[from] item: Leftovers
|turn|75
|
|move|p1a: Blissey|Wish|p1a: Blissey
|move|p2a: Quagsire|Scald|p1a: Blissey
|-crit|p1a: Blissey
|-damage|p1a: Blissey|530\/714
|
|-heal|p1a: Blissey|574\/714|[from] item: Leftovers
|turn|76
|
|switch|p1a: Aggron|Aggron-Mega, F|94\/344
|move|p2a: Quagsire|Scald|p1a: Aggron
|-damage|p1a: Aggron|31\/344
|
|-heal|p1a: Aggron|344\/344|[from] move: Wish|[wisher] Blissey
|turn|77
|
|switch|p1a: Shaymin|Shaymin|242\/342
|move|p2a: Quagsire|Scald|p1a: Shaymin
|-resisted|p1a: Shaymin
|-damage|p1a: Shaymin|209\/342
|
|turn|78
|
|switch|p2a: Togetic|Togetic, M|236\/314
|-damage|p2a: Togetic|158\/314|[from] Stealth Rock
|move|p1a: Shaymin|Seed Flare|p2a: Togetic
|-resisted|p2a: Togetic
|-damage|p2a: Togetic|89\/314
|-damage|p1a: Shaymin|175\/342|[from] item: Life Orb
|
|turn|79
|
|switch|p1a: Aggron|Aggron-Mega, F|344\/344
|move|p2a: Togetic|Roost|p2a: Togetic
|-heal|p2a: Togetic|246\/314
|
|turn|80
|
|move|p2a: Togetic|Defog|p1a: Aggron
|-unboost|p1a: Aggron|evasion|1
|-sideend|p2: Bob the m8|Stealth Rock|[from] move: Defog|[of] p2a: Togetic
|move|p1a: Aggron|Roar|p2a: Togetic
|drag|p2a: Blissey|Blissey, F|322\/714
|
|-heal|p2a: Blissey|366\/714|[from] item: Leftovers
|turn|81
|
|move|p2a: Blissey|Protect|p2a: Blissey
|-singleturn|p2a: Blissey|Protect
|move|p1a: Aggron|Heavy Slam|p2a: Blissey
|-activate|p2a: Blissey|Protect
|
|-heal|p2a: Blissey|410\/714|[from] item: Leftovers
|turn|82
|
|move|p1a: Aggron|Curse|p1a: Aggron
|-boost|p1a: Aggron|atk|1
|-boost|p1a: Aggron|def|1
|-unboost|p1a: Aggron|spe|1
|move|p2a: Blissey|Counter|p1a: Aggron
|-fail|p1a: Aggron
|
|-heal|p2a: Blissey|454\/714|[from] item: Leftovers
|turn|83
|
|switch|p2a: Quagsire|Quagsire, F|394\/394
|move|p1a: Aggron|Heavy Slam|p2a: Quagsire
|-resisted|p2a: Quagsire
|-damage|p2a: Quagsire|314\/394
|
|-heal|p2a: Quagsire|338\/394|[from] item: Leftovers
|turn|84
|join|4trackboy
|
|switch|p1a: Blissey|Blissey, F|574\/714
|move|p2a: Quagsire|Scald|p1a: Blissey
|-damage|p1a: Blissey|522\/714
|-status|p1a: Blissey|brn
|
|-heal|p1a: Blissey|566\/714 brn|[from] item: Leftovers
|-heal|p2a: Quagsire|362\/394|[from] item: Leftovers
|-damage|p1a: Blissey|477\/714 brn|[from] brn
|turn|85
|
|switch|p2a: Shedinja|Shedinja|1\/1
|move|p1a: Blissey|Stealth Rock|p2a: Shedinja
|-sidestart|p2: Bob the m8|move: Stealth Rock
|
|-heal|p1a: Blissey|521\/714 brn|[from] item: Leftovers
|-damage|p1a: Blissey|432\/714 brn|[from] brn
|turn|86
|
|switch|p1a: Crobat|Crobat, F|272\/373
|move|p2a: Shedinja|Swords Dance|p2a: Shedinja
|-boost|p2a: Shedinja|atk|2
|
|-heal|p1a: Crobat|295\/373|[from] item: Leftovers
|turn|87
|
|switch|p2a: Quagsire|Quagsire, F|362\/394
|-damage|p2a: Quagsire|338\/394|[from] Stealth Rock
|move|p1a: Crobat|Brave Bird|p2a: Quagsire
|-damage|p2a: Quagsire|221\/394
|-damage|p1a: Crobat|256\/373|[from] recoil|[of] p2a: Quagsire
|
|-heal|p1a: Crobat|279\/373|[from] item: Leftovers
|-heal|p2a: Quagsire|245\/394|[from] item: Leftovers
|turn|88
|
|move|p1a: Crobat|U-turn|p2a: Quagsire
|-damage|p2a: Quagsire|203\/394
|
|switch|p1a: Blissey|Blissey, F|432\/714
|move|p2a: Quagsire|Recover|p2a: Quagsire
|-heal|p2a: Quagsire|394\/394
|
|-heal|p1a: Blissey|476\/714|[from] item: Leftovers
|turn|89
|
|switch|p2a: Blissey|Blissey, F|454\/714
|-damage|p2a: Blissey|365\/714|[from] Stealth Rock
|move|p1a: Blissey|Wish|p1a: Blissey
|
|-heal|p1a: Blissey|520\/714|[from] item: Leftovers
|-heal|p2a: Blissey|409\/714|[from] item: Leftovers
|turn|90
|
|switch|p1a: Aggron|Aggron-Mega, F|344\/344
|move|p2a: Blissey|Wish|p2a: Blissey
|
|-heal|p2a: Blissey|453\/714|[from] item: Leftovers
|turn|91
|
|move|p2a: Blissey|Seismic Toss|p1a: Aggron
|-damage|p1a: Aggron|244\/344
|move|p1a: Aggron|Roar|p2a: Blissey
|drag|p2a: Togetic|Togetic, M|246\/314
|-damage|p2a: Togetic|168\/314|[from] Stealth Rock
|
|-heal|p2a: Togetic|314\/314|[from] move: Wish|[wisher] Blissey
|turn|92
|
|move|p2a: Togetic|Defog|p1a: Aggron
|-unboost|p1a: Aggron|evasion|1
|-sideend|p2: Bob the m8|Stealth Rock|[from] move: Defog|[of] p2a: Togetic
|move|p1a: Aggron|Roar|p2a: Togetic
|drag|p2a: Shedinja|Shedinja|1\/1
|
|turn|93
|
|switch|p2a: Blissey|Blissey, F|453\/714
|switch|p1a: Blissey|Blissey, F|520\/714
|
|-heal|p1a: Blissey|564\/714|[from] item: Leftovers
|-heal|p2a: Blissey|497\/714|[from] item: Leftovers
|turn|94
|
|move|p2a: Blissey|Wish|p2a: Blissey
|move|p1a: Blissey|Wish|p1a: Blissey
|
|-heal|p1a: Blissey|608\/714|[from] item: Leftovers
|-heal|p2a: Blissey|541\/714|[from] item: Leftovers
|turn|95
|
|switch|p2a: Aggron|Aggron-Mega, M|186\/344 par
|switch|p1a: Shaymin|Shaymin|175\/342
|
|-heal|p1a: Shaymin|342\/342|[from] move: Wish|[wisher] Blissey
|-heal|p2a: Aggron|344\/344 par|[from] move: Wish|[wisher] Blissey
|turn|96
|
|move|p1a: Shaymin|Earth Power|p2a: Aggron
|-supereffective|p2a: Aggron
|-damage|p2a: Aggron|204\/344 par
|-damage|p1a: Shaymin|308\/342|[from] item: Life Orb
|move|p2a: Aggron|Stealth Rock|p1a: Shaymin
|-sidestart|p1: Uncle Wiseau|move: Stealth Rock
|
|turn|97
|
|switch|p2a: Shedinja|Shedinja|1\/1
|move|p1a: Shaymin|Earth Power|p2a: Shedinja
|-activate|p2a: Shedinja|ability: Wonder Guard
|
|turn|98
|
|switch|p1a: Crobat|Crobat, F|279\/373
|-damage|p1a: Crobat|186\/373|[from] Stealth Rock
|move|p2a: Shedinja|Swords Dance|p2a: Shedinja
|-boost|p2a: Shedinja|atk|2
|
|-heal|p1a: Crobat|209\/373|[from] item: Leftovers
|turn|99
|
|move|p2a: Shedinja|Shadow Sneak|p1a: Crobat
|-damage|p1a: Crobat|67\/373
|move|p1a: Crobat|Roost|p1a: Crobat
|-heal|p1a: Crobat|254\/373
|
|-heal|p1a: Crobat|277\/373|[from] item: Leftovers
|turn|100
|
|move|p2a: Shedinja|Shadow Sneak|p1a: Crobat
|-damage|p1a: Crobat|118\/373
|move|p1a: Crobat|Defog|p2a: Shedinja
|-unboost|p2a: Shedinja|evasion|1
|-sideend|p1: Uncle Wiseau|Stealth Rock|[from] move: Defog|[of] p1a: Crobat
|
|-heal|p1a: Crobat|141\/373|[from] item: Leftovers
|turn|101
|
|switch|p1a: Aggron|Aggron-Mega, F|244\/344
|move|p2a: Shedinja|Shadow Sneak|p1a: Aggron
|-damage|p1a: Aggron|186\/344
|
|turn|102
|
|move|p2a: Shedinja|Shadow Sneak|p1a: Aggron
|-damage|p1a: Aggron|129\/344
|move|p1a: Aggron|Roar|p2a: Shedinja
|drag|p2a: Quagsire|Quagsire, F|394\/394
|
|turn|103
|
|switch|p1a: Blissey|Blissey, F|608\/714
|switch|p2a: Aggron|Aggron-Mega, M|204\/344 par
|
|-heal|p1a: Blissey|652\/714|[from] item: Leftovers
|turn|104
|
|move|p1a: Blissey|Stealth Rock|p2a: Aggron
|-sidestart|p2: Bob the m8|move: Stealth Rock
|move|p2a: Aggron|Stealth Rock|p1a: Blissey
|-sidestart|p1: Uncle Wiseau|move: Stealth Rock
|
|-heal|p1a: Blissey|696\/714|[from] item: Leftovers
|turn|105
|
|switch|p1a: Zygarde|Zygarde|420\/420
|-damage|p1a: Zygarde|394\/420|[from] Stealth Rock
|-ability|p1a: Zygarde|Aura Break
|move|p2a: Aggron|Heavy Slam|p1a: Zygarde
|-damage|p1a: Zygarde|342\/420
|
|-heal|p1a: Zygarde|368\/420|[from] item: Leftovers
|turn|106
|
|switch|p1a: Blissey|Blissey, F|696\/714
|-damage|p1a: Blissey|607\/714|[from] Stealth Rock
|switch|p2a: Togetic|Togetic, M|314\/314
|-damage|p2a: Togetic|236\/314|[from] Stealth Rock
|
|-heal|p1a: Blissey|651\/714|[from] item: Leftovers
|turn|107
|
|move|p1a: Blissey|Wish|p1a: Blissey
|move|p2a: Togetic|Defog|p1a: Blissey
|-unboost|p1a: Blissey|evasion|1
|-sideend|p1: Uncle Wiseau|Stealth Rock|[from] move: Defog|[of] p1a: Blissey
|-sideend|p2: Bob the m8|Stealth Rock|[from] move: Defog|[of] p2a: Togetic
|
|-heal|p1a: Blissey|695\/714|[from] item: Leftovers
|turn|108
|
|switch|p1a: Crobat|Crobat, F|141\/373
|switch|p2a: Blissey|Blissey, F|541\/714
|
|-heal|p1a: Crobat|373\/373|[from] move: Wish|[wisher] Blissey
|-heal|p2a: Blissey|585\/714|[from] item: Leftovers
|turn|109
|
|move|p1a: Crobat|U-turn|p2a: Blissey
|-damage|p2a: Blissey|480\/714
|
|switch|p1a: Infernape|Infernape, F|257\/293 psn
|move|p2a: Blissey|Counter|p1a: Infernape
|-damage|p1a: Infernape|47\/293 psn
|
|-heal|p2a: Blissey|524\/714|[from] item: Leftovers
|-damage|p1a: Infernape|11\/293 psn|[from] psn
|turn|110
|
|switch|p1a: Blissey|Blissey, F|695\/714
|move|p2a: Blissey|Protect|p2a: Blissey
|-fail|p2a: Blissey
|
|-heal|p1a: Blissey|714\/714|[from] item: Leftovers
|-heal|p2a: Blissey|568\/714|[from] item: Leftovers
|turn|111
|
|move|p2a: Blissey|Wish|p2a: Blissey
|move|p1a: Blissey|Wish|p1a: Blissey
|
|-heal|p2a: Blissey|612\/714|[from] item: Leftovers
|turn|112
|
|switch|p2a: Aggron|Aggron-Mega, M|204\/344 par
|switch|p1a: Aggron|Aggron-Mega, F|129\/344
|
|-heal|p2a: Aggron|344\/344 par|[from] move: Wish|[wisher] Blissey
|-heal|p1a: Aggron|344\/344|[from] move: Wish|[wisher] Blissey
|turn|113
|
|move|p1a: Aggron|Curse|p1a: Aggron
|-boost|p1a: Aggron|atk|1
|-boost|p1a: Aggron|def|1
|-unboost|p1a: Aggron|spe|1
|cant|p2a: Aggron|par
|
|turn|114
|
|move|p1a: Aggron|Thunder Wave|p2a: Aggron
|-fail|p2a: Aggron|par
|cant|p2a: Aggron|par
|
|turn|115
|
|move|p1a: Aggron|Curse|p1a: Aggron
|-boost|p1a: Aggron|atk|1
|-boost|p1a: Aggron|def|1
|-unboost|p1a: Aggron|spe|1
|move|p2a: Aggron|Stealth Rock|p1a: Aggron
|-sidestart|p1: Uncle Wiseau|move: Stealth Rock
|
|turn|116
|
|move|p1a: Aggron|Thunder Wave|p2a: Aggron
|-fail|p2a: Aggron|par
|move|p2a: Aggron|Roar|p1a: Aggron
|drag|p1a: Infernape|Infernape, F|11\/293 psn
|-damage|p1a: Infernape|0 fnt|[from] Stealth Rock
|faint|p1a: Infernape
|
|
|switch|p1a: Crobat|Crobat, F|373\/373
|-damage|p1a: Crobat|280\/373|[from] Stealth Rock
|turn|117
|
|move|p1a: Crobat|Defog|p2a: Aggron
|-unboost|p2a: Aggron|evasion|1
|-sideend|p1: Uncle Wiseau|Stealth Rock|[from] move: Defog|[of] p1a: Crobat
|cant|p2a: Aggron|par
|
|-heal|p1a: Crobat|303\/373|[from] item: Leftovers
|turn|118
|
|switch|p1a: Zygarde|Zygarde|368\/420
|-ability|p1a: Zygarde|Aura Break
|cant|p2a: Aggron|par
|
|-heal|p1a: Zygarde|394\/420|[from] item: Leftovers
|turn|119
|
|move|p1a: Zygarde|Earthquake|p2a: Aggron
|-supereffective|p2a: Aggron
|-damage|p2a: Aggron|239\/344 par
|move|p2a: Aggron|Stealth Rock|p1a: Zygarde
|-sidestart|p1: Uncle Wiseau|move: Stealth Rock
|
|-heal|p1a: Zygarde|420\/420|[from] item: Leftovers
|turn|120
|
|switch|p1a: Blissey|Blissey, F|714\/714
|-damage|p1a: Blissey|625\/714|[from] Stealth Rock
|switch|p2a: Togetic|Togetic, M|236\/314
|
|-heal|p1a: Blissey|669\/714|[from] item: Leftovers
|turn|121
|
|move|p1a: Blissey|Stealth Rock|p2a: Togetic
|-sidestart|p2: Bob the m8|move: Stealth Rock
|move|p2a: Togetic|Heal Bell|p2a: Togetic
|-cureteam|p2a: Togetic|[from] move: HealBell
|
|-heal|p1a: Blissey|713\/714|[from] item: Leftovers
|turn|122
|
|switch|p1a: Aggron|Aggron-Mega, F|344\/344
|-damage|p1a: Aggron|323\/344|[from] Stealth Rock
|move|p2a: Togetic|Defog|p1a: Aggron
|-unboost|p1a: Aggron|evasion|1
|-sideend|p1: Uncle Wiseau|Stealth Rock|[from] move: Defog|[of] p1a: Aggron
|-sideend|p2: Bob the m8|Stealth Rock|[from] move: Defog|[of] p2a: Togetic
|
|turn|123
|
|switch|p2a: Aggron|Aggron-Mega, M|239\/344
|move|p1a: Aggron|Thunder Wave|p2a: Aggron
|-status|p2a: Aggron|par
|
|turn|124
|
|switch|p1a: Zygarde|Zygarde|420\/420
|-ability|p1a: Zygarde|Aura Break
|move|p2a: Aggron|Stealth Rock|p1a: Zygarde
|-sidestart|p1: Uncle Wiseau|move: Stealth Rock
|
|turn|125
|
|switch|p1a: Blissey|Blissey, F|713\/714
|-damage|p1a: Blissey|624\/714|[from] Stealth Rock
|switch|p2a: Shedinja|Shedinja|1\/1
|
|-heal|p1a: Blissey|668\/714|[from] item: Leftovers
|turn|126
|
|switch|p2a: Aggron|Aggron-Mega, M|239\/344 par
|move|p1a: Blissey|Stealth Rock|p2a: Aggron
|-sidestart|p2: Bob the m8|move: Stealth Rock
|
|-heal|p1a: Blissey|712\/714|[from] item: Leftovers
|turn|127
|
|switch|p1a: Zygarde|Zygarde|420\/420
|-damage|p1a: Zygarde|394\/420|[from] Stealth Rock
|-ability|p1a: Zygarde|Aura Break
|cant|p2a: Aggron|par
|
|-heal|p1a: Zygarde|420\/420|[from] item: Leftovers
|turn|128
|
|switch|p2a: Togetic|Togetic, M|236\/314
|-damage|p2a: Togetic|158\/314|[from] Stealth Rock
|move|p1a: Zygarde|Earthquake|p2a: Togetic
|-immune|p2a: Togetic|[msg]
|
|turn|129
|
|move|p1a: Zygarde|Dragon Dance|p1a: Zygarde
|-boost|p1a: Zygarde|atk|1
|-boost|p1a: Zygarde|spe|1
|move|p2a: Togetic|Roost|p2a: Togetic
|-heal|p2a: Togetic|314\/314
|
|turn|130
|
|move|p1a: Zygarde|Extreme Speed|p2a: Togetic
|-damage|p2a: Togetic|248\/314
|move|p2a: Togetic|Defog|p1a: Zygarde
|-unboost|p1a: Zygarde|evasion|1
|-sideend|p1: Uncle Wiseau|Stealth Rock|[from] move: Defog|[of] p1a: Zygarde
|-sideend|p2: Bob the m8|Stealth Rock|[from] move: Defog|[of] p2a: Togetic
|
|turn|131
|
|switch|p1a: Blissey|Blissey, F|712\/714
|move|p2a: Togetic|Dazzling Gleam|p1a: Blissey
|-damage|p1a: Blissey|651\/714
|
|-heal|p1a: Blissey|695\/714|[from] item: Leftovers
|turn|132
|
|switch|p2a: Tentacruel|Tentacruel, M|247\/364
|move|p1a: Blissey|Stealth Rock|p2a: Tentacruel
|-sidestart|p2: Bob the m8|move: Stealth Rock
|
|-heal|p2a: Tentacruel|269\/364|[from] item: Black Sludge
|-heal|p1a: Blissey|714\/714|[from] item: Leftovers
|turn|133
|
|move|p2a: Tentacruel|Toxic Spikes|p1a: Blissey
|-sidestart|p1: Uncle Wiseau|move: Toxic Spikes
|move|p1a: Blissey|Seismic Toss|p2a: Tentacruel
|-damage|p2a: Tentacruel|169\/364
|
|-heal|p2a: Tentacruel|191\/364|[from] item: Black Sludge
|turn|134
|
|switch|p2a: Blissey|Blissey, F|612\/714
|-damage|p2a: Blissey|523\/714|[from] Stealth Rock
|move|p1a: Blissey|Seismic Toss|p2a: Blissey
|-damage|p2a: Blissey|423\/714
|
|-heal|p2a: Blissey|467\/714|[from] item: Leftovers
|turn|135
|
|switch|p1a: Aggron|Aggron-Mega, F|323\/344
|move|p2a: Blissey|Wish|p2a: Blissey
|
|-heal|p2a: Blissey|511\/714|[from] item: Leftovers
|turn|136
|
|move|p2a: Blissey|Seismic Toss|p1a: Aggron
|-damage|p1a: Aggron|223\/344
|move|p1a: Aggron|Roar|p2a: Blissey
|drag|p2a: Togetic|Togetic, M|248\/314
|-damage|p2a: Togetic|170\/314|[from] Stealth Rock
|
|-heal|p2a: Togetic|314\/314|[from] move: Wish|[wisher] Blissey
|turn|137
|
|move|p1a: Aggron|Heavy Slam|p2a: Togetic
|-supereffective|p2a: Togetic
|-damage|p2a: Togetic|98\/314
|move|p2a: Togetic|Defog|p1a: Aggron
|-unboost|p1a: Aggron|evasion|1
|-sideend|p1: Uncle Wiseau|Toxic Spikes|[from] move: Defog|[of] p1a: Aggron
|-sideend|p2: Bob the m8|Stealth Rock|[from] move: Defog|[of] p2a: Togetic
|
|turn|138
|
|switch|p1a: Blissey|Blissey, F|714\/714
|switch|p2a: Quagsire|Quagsire, F|394\/394
|
|turn|139
|
|switch|p2a: Shedinja|Shedinja|1\/1
|move|p1a: Blissey|Stealth Rock|p2a: Shedinja
|-sidestart|p2: Bob the m8|move: Stealth Rock
|
|turn|140
|
|move|p2a: Shedinja|Swords Dance|p2a: Shedinja
|-boost|p2a: Shedinja|atk|2
|move|p1a: Blissey|Wish|p1a: Blissey
|
|turn|141
|
|switch|p1a: Aggron|Aggron-Mega, F|223\/344
|move|p2a: Shedinja|Swords Dance|p2a: Shedinja
|-boost|p2a: Shedinja|atk|2
|
|-heal|p1a: Aggron|344\/344|[from] move: Wish|[wisher] Blissey
|turn|142
|
|move|p2a: Shedinja|X-Scissor|p1a: Aggron
|-resisted|p1a: Aggron
|-damage|p1a: Aggron|256\/344
|move|p1a: Aggron|Roar|p2a: Shedinja
|drag|p2a: Quagsire|Quagsire, F|394\/394
|-damage|p2a: Quagsire|370\/394|[from] Stealth Rock
|
|-heal|p2a: Quagsire|394\/394|[from] item: Leftovers
|turn|143
|join|Piexplode
|
|switch|p1a: Shaymin|Shaymin|308\/342
|move|p2a: Quagsire|Scald|p1a: Shaymin
|-resisted|p1a: Shaymin
|-damage|p1a: Shaymin|274\/342
|
|turn|144
|
|switch|p2a: Blissey|Blissey, F|511\/714
|-damage|p2a: Blissey|422\/714|[from] Stealth Rock
|move|p1a: Shaymin|Seed Flare|p2a: Blissey
|-damage|p2a: Blissey|245\/714
|-unboost|p2a: Blissey|spd|2
|-damage|p1a: Shaymin|240\/342|[from] item: Life Orb
|
|-heal|p2a: Blissey|289\/714|[from] item: Leftovers
|turn|145
|
|move|p2a: Blissey|Protect|p2a: Blissey
|-singleturn|p2a: Blissey|Protect
|move|p1a: Shaymin|Seed Flare|p2a: Blissey
|-activate|p2a: Blissey|Protect
|
|-heal|p2a: Blissey|333\/714|[from] item: Leftovers
|turn|146
|
|switch|p2a: Togetic|Togetic, M|98\/314
|-damage|p2a: Togetic|20\/314|[from] Stealth Rock
|move|p1a: Shaymin|Seed Flare|p2a: Togetic|[miss]
|-miss|p1a: Shaymin|p2a: Togetic
|
|turn|147
|
|move|p1a: Shaymin|Seed Flare|p2a: Togetic
|-resisted|p2a: Togetic
|-damage|p2a: Togetic|0 fnt
|-damage|p1a: Shaymin|206\/342|[from] item: Life Orb
|faint|p2a: Togetic
|
|c| Piexplode|lol;;;
|leave|Piexplode
|c| DatLatias|jesus christ i went and cleaned my fukn room and this game is still 5-5
|
|switch|p2a: Blissey|Blissey, F|333\/714
|-damage|p2a: Blissey|244\/714|[from] Stealth Rock
|turn|148
|
|switch|p1a: Aggron|Aggron-Mega, F|256\/344
|move|p2a: Blissey|Wish|p2a: Blissey
|
|-heal|p2a: Blissey|288\/714|[from] item: Leftovers
|turn|149
|
|move|p2a: Blissey|Seismic Toss|p1a: Aggron
|-damage|p1a: Aggron|156\/344
|move|p1a: Aggron|Roar|p2a: Blissey
|drag|p2a: Aggron|Aggron-Mega, M|239\/344 par
|-damage|p2a: Aggron|218\/344 par|[from] Stealth Rock
|
|-heal|p2a: Aggron|344\/344 par|[from] move: Wish|[wisher] Blissey
|turn|150
|
|switch|p1a: Zygarde|Zygarde|420\/420
|-ability|p1a: Zygarde|Aura Break
|move|p2a: Aggron|Stealth Rock|p1a: Zygarde
|-sidestart|p1: Uncle Wiseau|move: Stealth Rock
|
|turn|151
|
|switch|p2a: Quagsire|Quagsire, F|394\/394
|-damage|p2a: Quagsire|370\/394|[from] Stealth Rock
|move|p1a: Zygarde|Earthquake|p2a: Quagsire
|-damage|p2a: Quagsire|247\/394
|
|-heal|p2a: Quagsire|271\/394|[from] item: Leftovers
|turn|152
|
|move|p1a: Zygarde|Earthquake|p2a: Quagsire
|-damage|p2a: Quagsire|144\/394
|move|p2a: Quagsire|Scald|p1a: Zygarde
|-damage|p1a: Zygarde|350\/420
|
|-heal|p1a: Zygarde|376\/420|[from] item: Leftovers
|-heal|p2a: Quagsire|168\/394|[from] item: Leftovers
|turn|153
|join|ZvZ
|
|move|p1a: Zygarde|Outrage|p2a: Quagsire
|-damage|p2a: Quagsire|39\/394
|move|p2a: Quagsire|Recover|p2a: Quagsire
|-heal|p2a: Quagsire|236\/394
|
|-heal|p1a: Zygarde|402\/420|[from] item: Leftovers
|-heal|p2a: Quagsire|260\/394|[from] item: Leftovers
|turn|154
|
|move|p1a: Zygarde|Outrage|p2a: Quagsire
|-damage|p2a: Quagsire|131\/394
|move|p2a: Quagsire|Recover|p2a: Quagsire
|-heal|p2a: Quagsire|328\/394
|
|-end|p1a: Zygarde|rampage
|-start|p1a: Zygarde|confusion
|-heal|p1a: Zygarde|420\/420|[from] item: Leftovers
|-heal|p2a: Quagsire|352\/394|[from] item: Leftovers
|turn|155
|
|switch|p1a: Blissey|Blissey, F|714\/714
|-damage|p1a: Blissey|625\/714|[from] Stealth Rock
|move|p2a: Quagsire|Scald|p1a: Blissey
|-damage|p1a: Blissey|568\/714
|
|-heal|p1a: Blissey|612\/714|[from] item: Leftovers
|-heal|p2a: Quagsire|376\/394|[from] item: Leftovers
|turn|156
|
|move|p1a: Blissey|Wish|p1a: Blissey
|move|p2a: Quagsire|Curse|p2a: Quagsire
|-boost|p2a: Quagsire|atk|1
|-boost|p2a: Quagsire|def|1
|-unboost|p2a: Quagsire|spe|1
|
|-heal|p1a: Blissey|656\/714|[from] item: Leftovers
|-heal|p2a: Quagsire|394\/394|[from] item: Leftovers
|turn|157
|
|switch|p1a: Shaymin|Shaymin|206\/342
|-damage|p1a: Shaymin|164\/342|[from] Stealth Rock
|move|p2a: Quagsire|Scald|p1a: Shaymin
|-resisted|p1a: Shaymin
|-damage|p1a: Shaymin|131\/342
|
|-heal|p1a: Shaymin|342\/342|[from] move: Wish|[wisher] Blissey
|turn|158
|
|switch|p2a: Aggron|Aggron-Mega, M|344\/344 par
|-damage|p2a: Aggron|323\/344 par|[from] Stealth Rock
|move|p1a: Shaymin|Seed Flare|p2a: Aggron
|-resisted|p2a: Aggron
|-damage|p2a: Aggron|226\/344 par
|-damage|p1a: Shaymin|308\/342|[from] item: Life Orb
|
|turn|159
|leave|ZvZ
|
|switch|p2a: Blissey|Blissey, F|288\/714
|-damage|p2a: Blissey|199\/714|[from] Stealth Rock
|move|p1a: Shaymin|Earth Power|p2a: Blissey
|-crit|p2a: Blissey
|-damage|p2a: Blissey|63\/714
|-damage|p1a: Shaymin|274\/342|[from] item: Life Orb
|
|-heal|p2a: Blissey|107\/714|[from] item: Leftovers
|turn|160
|
|move|p2a: Blissey|Protect|p2a: Blissey
|-singleturn|p2a: Blissey|Protect
|move|p1a: Shaymin|Earth Power|p2a: Blissey
|-activate|p2a: Blissey|Protect
|
|-heal|p2a: Blissey|151\/714|[from] item: Leftovers
|turn|161
|
|move|p1a: Shaymin|Seed Flare|p2a: Blissey
|-damage|p2a: Blissey|0 fnt
|-damage|p1a: Shaymin|240\/342|[from] item: Life Orb
|faint|p2a: Blissey
|
|
|switch|p2a: Aggron|Aggron-Mega, M|226\/344 par
|-damage|p2a: Aggron|205\/344 par|[from] Stealth Rock
|turn|162
|
|move|p1a: Shaymin|Earth Power|p2a: Aggron
|-supereffective|p2a: Aggron
|-damage|p2a: Aggron|65\/344 par
|-damage|p1a: Shaymin|206\/342|[from] item: Life Orb
|move|p2a: Aggron|Heavy Slam|p1a: Shaymin
|-damage|p1a: Shaymin|29\/342
|
|turn|163
|
|move|p1a: Shaymin|Rest|p1a: Shaymin
|-status|p1a: Shaymin|slp
|-heal|p1a: Shaymin|342\/342 slp|[silent]
|-status|p1a: Shaymin|slp|[from] move: Rest
|move|p2a: Aggron|Heavy Slam|p1a: Shaymin
|-damage|p1a: Shaymin|149\/342 slp
|
|turn|164
|
|switch|p1a: Zygarde|Zygarde|420\/420
|-damage|p1a: Zygarde|394\/420|[from] Stealth Rock
|-ability|p1a: Zygarde|Aura Break
|switch|p2a: Tentacruel|Tentacruel, M|191\/364
|-damage|p2a: Tentacruel|146\/364|[from] Stealth Rock
|
|-heal|p2a: Tentacruel|168\/364|[from] item: Black Sludge
|-heal|p1a: Zygarde|420\/420|[from] item: Leftovers
|turn|165
|
|move|p2a: Tentacruel|Rapid Spin|p1a: Zygarde
|-crit|p1a: Zygarde
|-damage|p1a: Zygarde|408\/420
|-sideend|p2: Bob the m8|Stealth Rock|[from] move: Rapid Spin|[of] p2a: Tentacruel
|move|p1a: Zygarde|Earthquake|p2a: Tentacruel
|-supereffective|p2a: Tentacruel
|-damage|p2a: Tentacruel|0 fnt
|faint|p2a: Tentacruel
|
|-heal|p1a: Zygarde|420\/420|[from] item: Leftovers
|
|switch|p2a: Shedinja|Shedinja|1\/1
|turn|166
|
|switch|p1a: Crobat|Crobat, F|303\/373
|-damage|p1a: Crobat|210\/373|[from] Stealth Rock
|move|p2a: Shedinja|Swords Dance|p2a: Shedinja
|-boost|p2a: Shedinja|atk|2
|
|-heal|p1a: Crobat|233\/373|[from] item: Leftovers
|turn|167
|
|move|p1a: Crobat|Defog|p2a: Shedinja
|-unboost|p2a: Shedinja|evasion|1
|-sideend|p1: Uncle Wiseau|Stealth Rock|[from] move: Defog|[of] p1a: Crobat
|move|p2a: Shedinja|Swords Dance|p2a: Shedinja
|-boost|p2a: Shedinja|atk|2
|
|-heal|p1a: Crobat|256\/373|[from] item: Leftovers
|turn|168
|
|move|p2a: Shedinja|Shadow Sneak|p1a: Crobat
|-damage|p1a: Crobat|28\/373
|move|p1a: Crobat|Brave Bird|p2a: Shedinja
|-supereffective|p2a: Shedinja
|-enditem|p2a: Shedinja|Focus Sash
|-damage|p2a: Shedinja|1\/1
|-damage|p1a: Crobat|27\/373|[from] recoil|[of] p2a: Shedinja
|
|-heal|p1a: Crobat|50\/373|[from] item: Leftovers
|turn|169
|join|Rudeman130498
|
|switch|p1a: Blissey|Blissey, F|656\/714
|move|p2a: Shedinja|Shadow Sneak|p1a: Blissey
|-immune|p1a: Blissey|[msg]
|
|-heal|p1a: Blissey|700\/714|[from] item: Leftovers
|turn|170
|
|move|p2a: Shedinja|Swords Dance|p2a: Shedinja
|-boost|p2a: Shedinja|atk|2
|move|p1a: Blissey|Wish|p1a: Blissey
|
|-heal|p1a: Blissey|714\/714|[from] item: Leftovers
|turn|171
|
|switch|p1a: Aggron|Aggron-Mega, F|156\/344
|move|p2a: Shedinja|X-Scissor|p1a: Aggron
|-resisted|p1a: Aggron
|-damage|p1a: Aggron|48\/344
|
|-heal|p1a: Aggron|344\/344|[from] move: Wish|[wisher] Blissey
|turn|172
|
|move|p2a: Shedinja|Shadow Sneak|p1a: Aggron
|-damage|p1a: Aggron|235\/344
|move|p1a: Aggron|Roar|p2a: Shedinja
|drag|p2a: Aggron|Aggron-Mega, M|65\/344 par
|
|turn|173
|
|switch|p1a: Blissey|Blissey, F|714\/714
|move|p2a: Aggron|Stealth Rock|p1a: Blissey
|-sidestart|p1: Uncle Wiseau|move: Stealth Rock
|
|turn|174
|
|move|p1a: Blissey|Stealth Rock|p2a: Aggron
|-sidestart|p2: Bob the m8|move: Stealth Rock
|move|p2a: Aggron|Heavy Slam|p1a: Blissey
|-damage|p1a: Blissey|348\/714
|
|-heal|p1a: Blissey|392\/714|[from] item: Leftovers
|turn|175
|
|switch|p1a: Zygarde|Zygarde|420\/420
|-damage|p1a: Zygarde|394\/420|[from] Stealth Rock
|-ability|p1a: Zygarde|Aura Break
|move|p2a: Aggron|Heavy Slam|p1a: Zygarde
|-damage|p1a: Zygarde|342\/420
|
|-heal|p1a: Zygarde|368\/420|[from] item: Leftovers
|turn|176
|
|move|p1a: Zygarde|Earthquake|p2a: Aggron
|-supereffective|p2a: Aggron
|-damage|p2a: Aggron|0 fnt
|faint|p2a: Aggron
|
|-heal|p1a: Zygarde|394\/420|[from] item: Leftovers
|
|switch|p2a: Quagsire|Quagsire, F|394\/394
|-damage|p2a: Quagsire|370\/394|[from] Stealth Rock
|turn|177
|
|switch|p1a: Blissey|Blissey, F|392\/714
|-damage|p1a: Blissey|303\/714|[from] Stealth Rock
|move|p2a: Quagsire|Scald|p1a: Blissey
|-damage|p1a: Blissey|252\/714
|
|-heal|p1a: Blissey|296\/714|[from] item: Leftovers
|-heal|p2a: Quagsire|394\/394|[from] item: Leftovers
|turn|178
|
|move|p1a: Blissey|Soft-Boiled|p1a: Blissey
|-heal|p1a: Blissey|653\/714
|move|p2a: Quagsire|Curse|p2a: Quagsire
|-boost|p2a: Quagsire|atk|1
|-boost|p2a: Quagsire|def|1
|-unboost|p2a: Quagsire|spe|1
|
|-heal|p1a: Blissey|697\/714|[from] item: Leftovers
|turn|179
|
|move|p1a: Blissey|Seismic Toss|p2a: Quagsire
|-damage|p2a: Quagsire|294\/394
|move|p2a: Quagsire|Curse|p2a: Quagsire
|-boost|p2a: Quagsire|atk|1
|-boost|p2a: Quagsire|def|1
|-unboost|p2a: Quagsire|spe|1
|
|-heal|p1a: Blissey|714\/714|[from] item: Leftovers
|-heal|p2a: Quagsire|318\/394|[from] item: Leftovers
|turn|180
|join|qwilonfire
|
|move|p1a: Blissey|Wish|p1a: Blissey
|move|p2a: Quagsire|Curse|p2a: Quagsire
|-boost|p2a: Quagsire|atk|1
|-boost|p2a: Quagsire|def|1
|-unboost|p2a: Quagsire|spe|1
|
|-heal|p2a: Quagsire|342\/394|[from] item: Leftovers
|turn|181
|
|switch|p1a: Shaymin|Shaymin|149\/342
|-damage|p1a: Shaymin|107\/342|[from] Stealth Rock
|move|p2a: Quagsire|Earthquake|p1a: Shaymin
|-resisted|p1a: Shaymin
|-damage|p1a: Shaymin|0 fnt
|faint|p1a: Shaymin
|
|-heal|p2a: Quagsire|366\/394|[from] item: Leftovers
|
|switch|p1a: Aggron|Aggron-Mega, F|235\/344
|-damage|p1a: Aggron|214\/344|[from] Stealth Rock
|turn|182
|c| Rudeman130498|why would you do that
|
|move|p2a: Quagsire|Earthquake|p1a: Aggron
|-supereffective|p1a: Aggron
|-damage|p1a: Aggron|21\/344
|move|p1a: Aggron|Roar|p2a: Quagsire
|drag|p2a: Shedinja|Shedinja|1\/1
|-damage|p2a: Shedinja|0 fnt|[from] Stealth Rock
|faint|p2a: Shedinja
|
|c| DatLatias|sick choke
|c| Rudeman130498|fucking hell
|c|âBob the m8|sick choke
|
|switch|p2a: Quagsire|Quagsire, F|366\/394
|-damage|p2a: Quagsire|342\/394|[from] Stealth Rock
|turn|183
|c| Rudeman130498|you could have sacced crobat
|c| Rudeman130498|anything
|
|move|p1a: Aggron|Heavy Slam|p2a: Quagsire
|-resisted|p2a: Quagsire
|-damage|p2a: Quagsire|255\/394
|move|p2a: Quagsire|Curse|p2a: Quagsire
|-boost|p2a: Quagsire|atk|1
|-boost|p2a: Quagsire|def|1
|-unboost|p2a: Quagsire|spe|1
|
|-heal|p2a: Quagsire|279\/394|[from] item: Leftovers
|turn|184
|c| DatLatias|nice toxic bliss
|
|move|p1a: Aggron|Heavy Slam|p2a: Quagsire
|-resisted|p2a: Quagsire
|-damage|p2a: Quagsire|228\/394
|move|p2a: Quagsire|Curse|p2a: Quagsire
|-boost|p2a: Quagsire|atk|1
|-boost|p2a: Quagsire|def|1
|-unboost|p2a: Quagsire|spe|1
|
|-heal|p2a: Quagsire|252\/394|[from] item: Leftovers
|turn|185
|c| Rudeman130498|fucking dumb
|leave|Rudeman130498
|leave|DatLatias
|
|switch|p1a: Crobat|Crobat, F|50\/373
|-damage|p1a: Crobat|0 fnt|[from] Stealth Rock
|faint|p1a: Crobat
|move|p2a: Quagsire|Curse|p2a: Quagsire
|-boost|p2a: Quagsire|atk|1
|-boost|p2a: Quagsire|def|1
|-unboost|p2a: Quagsire|spe|1
|
|-heal|p2a: Quagsire|276\/394|[from] item: Leftovers
|
|switch|p1a: Zygarde|Zygarde|394\/420
|-damage|p1a: Zygarde|368\/420|[from] Stealth Rock
|-ability|p1a: Zygarde|Aura Break
|turn|186
|
|move|p1a: Zygarde|Earthquake|p2a: Quagsire
|-damage|p2a: Quagsire|231\/394
|move|p2a: Quagsire|Recover|p2a: Quagsire
|-heal|p2a: Quagsire|394\/394
|
|-heal|p1a: Zygarde|394\/420|[from] item: Leftovers
|turn|187
|
|move|p1a: Zygarde|Dragon Dance|p1a: Zygarde
|-boost|p1a: Zygarde|atk|1
|-boost|p1a: Zygarde|spe|1
|move|p2a: Quagsire|Curse|p2a: Quagsire
|-boost|p2a: Quagsire|atk|1
|-boost|p2a: Quagsire|def|1
|-unboost|p2a: Quagsire|spe|1
|
|-heal|p1a: Zygarde|420\/420|[from] item: Leftovers
|turn|188
|
|move|p1a: Zygarde|Earthquake|p2a: Quagsire
|-damage|p2a: Quagsire|357\/394
|move|p2a: Quagsire|Curse|p2a: Quagsire
|-boost|p2a: Quagsire|atk|1
|-boost|p2a: Quagsire|def|1
|-unboost|p2a: Quagsire|spe|1
|
|-heal|p2a: Quagsire|381\/394|[from] item: Leftovers
|turn|189
|c|âUncle Wiseau|ahh gg
|c|âUncle Wiseau|ran out of seed flares
|-message|Uncle Wiseau forfeited.
|
|win|Bob the m8
|raw|Ladder updating...
|leave|Uncle Wiseau
|player|p1
|raw|Uncle Wiseau's rating: 1369 &rarr; <strong>1349<\/strong><br \/>(-20 for losing)
|raw|Bob the m8's rating: 1375 &rarr; <strong>1394<\/strong><br \/>(+19 for winning)
|leave|Bob the m8
|player|p2
|leave|4trackboy
|join|4trackboy