|join|ryzed
|join|Wolf Bros
|player|p1|ryzed|165
|player|p2|Wolf Bros|168
|gametype|singles
|gen|6
|tier|OU
|rated
|clearpoke
|poke|p1|Talonflame, M
|poke|p1|Azumarill, F
|poke|p1|Gengar, F
|poke|p1|Breloom, M
|poke|p1|Mandibuzz, F
|poke|p1|Diancie
|poke|p2|Sableye, M
|poke|p2|Excadrill, M
|poke|p2|Manaphy
|poke|p2|Gliscor, F
|poke|p2|Talonflame, F
|poke|p2|Clefable, F
|rule|Swagger Clause: Swagger is banned
|rule|Baton Pass Clause: Limit one PokÃ©mon knowing Baton Pass
|rule|Sleep Clause Mod: Limit one foe put to sleep
|rule|Species Clause: Limit one of each PokÃ©mon
|rule|OHKO Clause: OHKO moves are banned
|rule|Moody Clause: Moody is banned
|rule|Evasion Moves Clause: Evasion moves are banned
|rule|Endless Battle Clause: Forcing endless battles is banned
|rule|HP Percentage Mod: HP is shown in percentages
|teampreview
|
|start
|switch|p1a: Diancie|Diancie|241\/241
|switch|p2a: Gliscor|Gliscor, F|353\/353
|turn|1
|
|detailschange|p1a: Diancie|Diancie-Mega
|-mega|p1a: Diancie|Diancie|Diancite
|move|p1a: Diancie|Protect|p1a: Diancie
|-singleturn|p1a: Diancie|Protect
|move|p2a: Gliscor|Earthquake|p1a: Diancie
|-activate|p1a: Diancie|Protect
|
|-status|p2a: Gliscor|tox|[from] item: Toxic Orb
|turn|2
|
|move|p1a: Diancie|Stealth Rock|p2a: Gliscor
|-sidestart|p2: Wolf Bros|move: Stealth Rock
|move|p2a: Gliscor|Earthquake|p1a: Diancie
|-supereffective|p1a: Diancie
|-damage|p1a: Diancie|43\/241
|
|turn|3
|
|switch|p2a: Excadrill|Excadrill, M|424\/424
|-damage|p2a: Excadrill|411\/424|[from] Stealth Rock
|-ability|p2a: Excadrill|Mold Breaker
|move|p1a: Diancie|Moonblast|p2a: Excadrill
|-resisted|p2a: Excadrill
|-damage|p2a: Excadrill|318\/424
|-unboost|p2a: Excadrill|spa|1
|
|-heal|p2a: Excadrill|344\/424|[from] item: Leftovers
|turn|4
|
|switch|p1a: Talonflame|Talonflame, M|297\/297
|move|p2a: Excadrill|Rapid Spin|p1a: Talonflame
|-damage|p1a: Talonflame|268\/297
|-sideend|p2: Wolf Bros|Stealth Rock|[from] move: Rapid Spin|[of] p2a: Excadrill
|
|-heal|p2a: Excadrill|370\/424|[from] item: Leftovers
|turn|5
|
|switch|p2a: Manaphy|Manaphy|401\/401
|move|p1a: Talonflame|Brave Bird|p2a: Manaphy
|-damage|p2a: Manaphy|149\/401
|-damage|p1a: Talonflame|185\/297|[from] recoil|[of] p2a: Manaphy
|
|-heal|p2a: Manaphy|174\/401|[from] item: Leftovers
|turn|6
|
|switch|p1a: Diancie|Diancie-Mega|43\/241
|switch|p2a: Gliscor|Gliscor, F|353\/353 tox
|
|turn|7
|
|move|p1a: Diancie|Stealth Rock|p2a: Gliscor
|-sidestart|p2: Wolf Bros|move: Stealth Rock
|move|p2a: Gliscor|U-turn|p1a: Diancie
|-resisted|p1a: Diancie
|-damage|p1a: Diancie|19\/241
|
|switch|p2a: Excadrill|Excadrill, M|370\/424
|-damage|p2a: Excadrill|357\/424|[from] Stealth Rock
|-ability|p2a: Excadrill|Mold Breaker
|
|-heal|p2a: Excadrill|383\/424|[from] item: Leftovers
|turn|8
|
|switch|p1a: Gengar|Gengar, F|262\/262
|move|p2a: Excadrill|Rapid Spin|p1a: Gengar
|-immune|p1a: Gengar|[msg]
|
|-heal|p2a: Excadrill|409\/424|[from] item: Leftovers
|turn|9
|
|switch|p1a: Talonflame|Talonflame, M|185\/297
|move|p2a: Excadrill|Earthquake|p1a: Talonflame
|-immune|p1a: Talonflame|[msg]
|
|-heal|p2a: Excadrill|424\/424|[from] item: Leftovers
|turn|10
|
|move|p1a: Talonflame|Flare Blitz|p2a: Excadrill
|-supereffective|p2a: Excadrill
|-damage|p2a: Excadrill|0 fnt
|-damage|p1a: Talonflame|45\/297|[from] recoil|[of] p2a: Excadrill
|faint|p2a: Excadrill
|
|
|switch|p2a: Gliscor|Gliscor, F|353\/353 tox
|-damage|p2a: Gliscor|309\/353 tox|[from] Stealth Rock
|turn|11
|
|switch|p1a: Gengar|Gengar, F|262\/262
|move|p2a: Gliscor|Stealth Rock|p1a: Gengar
|-sidestart|p1: ryzed|move: Stealth Rock
|
|-heal|p2a: Gliscor|353\/353 tox|[from] ability: Poison Heal
|turn|12
|
|move|p1a: Gengar|Shadow Ball|p2a: Gliscor
|-damage|p2a: Gliscor|106\/353 tox
|-damage|p1a: Gengar|236\/262|[from] item: Life Orb
|move|p2a: Gliscor|U-turn|p1a: Gengar
|-resisted|p1a: Gengar
|-damage|p1a: Gengar|217\/262
|
|switch|p2a: Sableye|Sableye, M|303\/303
|-damage|p2a: Sableye|266\/303|[from] Stealth Rock
|
|turn|13
|
|detailschange|p2a: Sableye|Sableye-Mega, M
|-mega|p2a: Sableye|Sableye|Sablenite
|move|p2a: Sableye|Will-O-Wisp|p1a: Gengar
|-status|p1a: Gengar|brn
|move|p1a: Gengar|Shadow Ball|p2a: Sableye
|-damage|p2a: Sableye|148\/303
|-damage|p1a: Gengar|191\/262 brn|[from] item: Life Orb
|
|-damage|p1a: Gengar|159\/262 brn|[from] brn
|turn|14
|
|switch|p1a: Mandibuzz|Mandibuzz, F|424\/424
|-damage|p1a: Mandibuzz|318\/424|[from] Stealth Rock
|move|p2a: Sableye|Recover|p2a: Sableye
|-heal|p2a: Sableye|300\/303
|
|-heal|p1a: Mandibuzz|344\/424|[from] item: Leftovers
|turn|15
|
|move|p1a: Mandibuzz|Defog|p2a: Sableye
|move|p2a: Sableye|Defog|p1a: Mandibuzz|[from]Magic Bounce
|-unboost|p1a: Mandibuzz|evasion|1
|-sideend|p1: ryzed|Stealth Rock|[from] move: Defog|[of] p1a: Mandibuzz
|-sideend|p2: Wolf Bros|Stealth Rock|[from] move: Defog|[of] p2a: Sableye
|move|p2a: Sableye|Knock Off|p1a: Mandibuzz
|-resisted|p1a: Mandibuzz
|-damage|p1a: Mandibuzz|303\/424
|-enditem|p1a: Mandibuzz|Leftovers|[from] move: Knock Off|[of] p2a: Sableye
|
|turn|16
|
|move|p1a: Mandibuzz|U-turn|p2a: Sableye
|-damage|p2a: Sableye|270\/303
|
|switch|p1a: Breloom|Breloom, M|261\/261
|move|p2a: Sableye|Will-O-Wisp|p1a: Breloom
|-status|p1a: Breloom|brn
|
|-damage|p1a: Breloom|229\/261 brn|[from] brn
|turn|17
|
|move|p1a: Breloom|Bullet Seed|p2a: Sableye
|-damage|p2a: Sableye|243\/303
|-damage|p2a: Sableye|215\/303
|-damage|p2a: Sableye|188\/303
|-crit|p2a: Sableye
|-damage|p2a: Sableye|142\/303
|-hitcount|p2a: Sableye|4
|move|p2a: Sableye|Knock Off|p1a: Breloom
|-resisted|p1a: Breloom
|-damage|p1a: Breloom|165\/261 brn
|-enditem|p1a: Breloom|Focus Sash|[from] move: Knock Off|[of] p2a: Sableye
|
|-damage|p1a: Breloom|133\/261 brn|[from] brn
|turn|18
|
|switch|p1a: Diancie|Diancie-Mega|19\/241
|move|p2a: Sableye|Recover|p2a: Sableye
|-heal|p2a: Sableye|294\/303
|
|turn|19
|
|move|p1a: Diancie|Moonblast|p2a: Sableye
|-supereffective|p2a: Sableye
|-damage|p2a: Sableye|28\/303
|-unboost|p2a: Sableye|spa|1
|move|p2a: Sableye|Knock Off|p1a: Diancie
|-resisted|p1a: Diancie
|-damage|p1a: Diancie|0 fnt
|faint|p1a: Diancie
|
|
|switch|p1a: Talonflame|Talonflame, M|45\/297
|turn|20
|
|switch|p2a: Clefable|Clefable, F|393\/393
|move|p1a: Talonflame|U-turn|p2a: Clefable
|-crit|p2a: Clefable
|-resisted|p2a: Clefable
|-damage|p2a: Clefable|321\/393
|
|switch|p1a: Gengar|Gengar, F|159\/262 brn
|
|-heal|p2a: Clefable|345\/393|[from] item: Leftovers
|-damage|p1a: Gengar|127\/262 brn|[from] brn
|turn|21
|
|switch|p2a: Sableye|Sableye-Mega, M|28\/303
|move|p1a: Gengar|Sludge Wave|p2a: Sableye
|-resisted|p2a: Sableye
|-damage|p2a: Sableye|0 fnt
|-damage|p1a: Gengar|101\/262 brn|[from] item: Life Orb
|faint|p2a: Sableye
|
|-damage|p1a: Gengar|69\/262 brn|[from] brn
|
|switch|p2a: Talonflame|Talonflame, F|345\/345
|turn|22
|
|move|p2a: Talonflame|Brave Bird|p1a: Gengar
|-damage|p1a: Gengar|0 fnt
|-damage|p2a: Talonflame|322\/345|[from] recoil|[of] p1a: Gengar
|faint|p1a: Gengar
|
|-heal|p2a: Talonflame|343\/345|[from] item: Leftovers
|
|switch|p1a: Azumarill|Azumarill, F|360\/360
|turn|23
|
|move|p2a: Talonflame|Will-O-Wisp|p1a: Azumarill
|-status|p1a: Azumarill|brn
|move|p1a: Azumarill|Belly Drum|p1a: Azumarill
|-damage|p1a: Azumarill|180\/360 brn
|-setboost|p1a: Azumarill|atk|6|[from] move: Belly Drum
|-enditem|p1a: Azumarill|Sitrus Berry|[eat]
|-heal|p1a: Azumarill|270\/360 brn|[from] item: Sitrus Berry
|
|-heal|p2a: Talonflame|345\/345|[from] item: Leftovers
|-damage|p1a: Azumarill|225\/360 brn|[from] brn
|turn|24
|
|switch|p2a: Clefable|Clefable, F|345\/393
|move|p1a: Azumarill|Aqua Jet|p2a: Clefable
|-damage|p2a: Clefable|299\/393
|
|-heal|p2a: Clefable|323\/393|[from] item: Leftovers
|-damage|p1a: Azumarill|180\/360 brn|[from] brn
|turn|25
|c|âryzed|nice team steal
|c|âryzed|brainless baddie
|c|âryzed|playing so bad yet still win
|c|âWolf Bros|cry me a river
|c|âryzed|Z_Z
|-message|ryzed forfeited.
|
|win|Wolf Bros
|raw|Ladder updating...
|leave|ryzed
|player|p1
|raw|ryzed's rating: 1702 &rarr; <strong>1676<\/strong><br \/>(-26 for losing)
|raw|Wolf Bros's rating: 1610 &rarr; <strong>1635<\/strong><br \/>(+25 for winning)
|leave|Wolf Bros
|player|p2
|join|Wolf Bros