|join|dark08
|join|Wolf Bros
|player|p1|dark08|153
|player|p2|Wolf Bros|168
|gametype|singles
|gen|6
|tier|OU
|rated
|clearpoke
|poke|p1|Lucario, F
|poke|p1|Latios, M
|poke|p1|Espeon, M
|poke|p1|Umbreon, M
|poke|p1|Zoroark, M
|poke|p1|Scizor, M
|poke|p2|Sableye, F
|poke|p2|Excadrill, M
|poke|p2|Manaphy
|poke|p2|Gliscor, M
|poke|p2|Talonflame, M
|poke|p2|Clefable, F
|rule|Swagger Clause: Swagger is banned
|rule|Baton Pass Clause: Limit one PokÃ©mon knowing Baton Pass
|rule|Sleep Clause Mod: Limit one foe put to sleep
|rule|Species Clause: Limit one of each PokÃ©mon
|rule|OHKO Clause: OHKO moves are banned
|rule|Moody Clause: Moody is banned
|rule|Evasion Moves Clause: Evasion moves are banned
|rule|Endless Battle Clause: Forcing endless battles is banned
|rule|HP Percentage Mod: HP is shown in percentages
|teampreview
|
|start
|switch|p1a: Espeon|Espeon, M|272\/272
|switch|p2a: Sableye|Sableye, F|303\/303
|turn|1
|
|detailschange|p2a: Sableye|Sableye-Mega, F
|-mega|p2a: Sableye|Sableye|Sablenite
|move|p1a: Espeon|Dazzling Gleam|p2a: Sableye
|-supereffective|p2a: Sableye
|-damage|p2a: Sableye|126\/303
|-damage|p1a: Espeon|245\/272|[from] item: Life Orb
|move|p2a: Sableye|Knock Off|p1a: Espeon
|-supereffective|p1a: Espeon
|-damage|p1a: Espeon|0 fnt
|-enditem|p1a: Espeon|Life Orb|[from] move: Knock Off|[of] p2a: Sableye
|faint|p1a: Espeon
|
|
|switch|p1a: Scizor|Scizor, M|343\/343
|turn|2
|
|detailschange|p1a: Scizor|Scizor-Mega, M
|-mega|p1a: Scizor|Scizor|Scizorite
|move|p1a: Scizor|Bullet Punch|p2a: Sableye
|-damage|p2a: Sableye|23\/303
|move|p2a: Sableye|Will-O-Wisp|p1a: Scizor
|-status|p1a: Scizor|brn
|
|-damage|p1a: Scizor|301\/343 brn|[from] brn
|turn|3
|
|move|p1a: Scizor|U-turn|p2a: Sableye
|-damage|p2a: Sableye|0 fnt
|faint|p2a: Sableye
|
|switch|p1a: Latios|Latios, M|262\/262
|
|
|switch|p2a: Clefable|Clefable, F|393\/393
|turn|4
|
|switch|p1a: Scizor|Scizor-Mega, M|301\/343 brn
|move|p2a: Clefable|Moonblast|p1a: Scizor
|-resisted|p1a: Scizor
|-damage|p1a: Scizor|248\/343 brn
|
|-damage|p1a: Scizor|206\/343 brn|[from] brn
|turn|5
|
|switch|p2a: Gliscor|Gliscor, M|353\/353
|move|p1a: Scizor|Roost|p1a: Scizor
|-heal|p1a: Scizor|343\/343 brn
|
|-damage|p1a: Scizor|301\/343 brn|[from] brn
|-status|p2a: Gliscor|tox|[from] item: Toxic Orb
|turn|6
|
|move|p2a: Gliscor|Stealth Rock|p1a: Scizor
|-sidestart|p1: dark08|move: Stealth Rock
|move|p1a: Scizor|Swords Dance|p1a: Scizor
|-boost|p1a: Scizor|atk|2
|
|-damage|p1a: Scizor|259\/343 brn|[from] brn
|turn|7
|
|move|p1a: Scizor|Bullet Punch|p2a: Gliscor
|-damage|p2a: Gliscor|277\/353 tox
|move|p2a: Gliscor|Taunt|p1a: Scizor
|-start|p1a: Scizor|move: Taunt
|
|-heal|p2a: Gliscor|321\/353 tox|[from] ability: Poison Heal
|-damage|p1a: Scizor|217\/343 brn|[from] brn
|turn|8
|
|switch|p1a: Latios|Latios, M|302\/302
|-damage|p1a: Latios|265\/302|[from] Stealth Rock
|move|p2a: Gliscor|U-turn|p1a: Latios
|-supereffective|p1a: Latios
|-damage|p1a: Latios|149\/302
|
|switch|p2a: Talonflame|Talonflame, M|345\/345
|
|turn|9
|
|switch|p1a: Umbreon|Umbreon, M|394\/394
|-damage|p1a: Umbreon|345\/394|[from] Stealth Rock
|move|p2a: Talonflame|Brave Bird|p1a: Umbreon
|-damage|p1a: Umbreon|222\/394
|-damage|p2a: Talonflame|304\/345|[from] recoil|[of] p1a: Umbreon
|
|-heal|p2a: Talonflame|325\/345|[from] item: Leftovers
|-heal|p1a: Umbreon|246\/394|[from] item: Leftovers
|turn|10
|
|move|p1a: Umbreon|Protect|p1a: Umbreon
|-singleturn|p1a: Umbreon|Protect
|move|p2a: Talonflame|Taunt|p1a: Umbreon
|-activate|p1a: Umbreon|Protect
|
|-heal|p2a: Talonflame|345\/345|[from] item: Leftovers
|-heal|p1a: Umbreon|270\/394|[from] item: Leftovers
|turn|11
|
|switch|p2a: Clefable|Clefable, F|393\/393
|move|p1a: Umbreon|Foul Play|p2a: Clefable
|-resisted|p2a: Clefable
|-damage|p2a: Clefable|364\/393
|
|-heal|p1a: Umbreon|294\/394|[from] item: Leftovers
|-heal|p2a: Clefable|388\/393|[from] item: Leftovers
|turn|12
|
|switch|p1a: Scizor|Scizor-Mega, M|217\/343 brn
|-damage|p1a: Scizor|175\/343 brn|[from] Stealth Rock
|move|p2a: Clefable|Calm Mind|p2a: Clefable
|-boost|p2a: Clefable|spa|1
|-boost|p2a: Clefable|spd|1
|
|-heal|p2a: Clefable|393\/393|[from] item: Leftovers
|-damage|p1a: Scizor|133\/343 brn|[from] brn
|turn|13
|
|switch|p2a: Talonflame|Talonflame, M|345\/345
|move|p1a: Scizor|Roost|p1a: Scizor
|-heal|p1a: Scizor|305\/343 brn
|
|-damage|p1a: Scizor|263\/343 brn|[from] brn
|turn|14
|
|switch|p1a: Umbreon|Umbreon, M|294\/394
|-damage|p1a: Umbreon|245\/394|[from] Stealth Rock
|move|p2a: Talonflame|Taunt|p1a: Umbreon
|-start|p1a: Umbreon|move: Taunt
|
|-heal|p1a: Umbreon|269\/394|[from] item: Leftovers
|turn|15
|
|move|p2a: Talonflame|Will-O-Wisp|p1a: Umbreon
|-status|p1a: Umbreon|brn
|move|p1a: Umbreon|Foul Play|p2a: Talonflame
|-damage|p2a: Talonflame|263\/345
|
|-heal|p2a: Talonflame|284\/345|[from] item: Leftovers
|-heal|p1a: Umbreon|293\/394 brn|[from] item: Leftovers
|-damage|p1a: Umbreon|244\/394 brn|[from] brn
|turn|16
|
|move|p2a: Talonflame|Brave Bird|p1a: Umbreon
|-damage|p1a: Umbreon|120\/394 brn
|-damage|p2a: Talonflame|243\/345|[from] recoil|[of] p1a: Umbreon
|move|p1a: Umbreon|Foul Play|p2a: Talonflame
|-damage|p2a: Talonflame|149\/345
|
|-heal|p2a: Talonflame|170\/345|[from] item: Leftovers
|-heal|p1a: Umbreon|144\/394 brn|[from] item: Leftovers
|-damage|p1a: Umbreon|95\/394 brn|[from] brn
|turn|17
|
|move|p2a: Talonflame|Roost|p2a: Talonflame
|-heal|p2a: Talonflame|343\/345
|move|p1a: Umbreon|Foul Play|p2a: Talonflame
|-damage|p2a: Talonflame|261\/345
|
|-heal|p2a: Talonflame|282\/345|[from] item: Leftovers
|-heal|p1a: Umbreon|119\/394 brn|[from] item: Leftovers
|-damage|p1a: Umbreon|70\/394 brn|[from] brn
|-end|p1a: Umbreon|move: Taunt
|turn|18
|
|switch|p1a: Scizor|Scizor-Mega, M|262\/262
|-damage|p1a: Scizor|230\/262|[from] Stealth Rock
|move|p2a: Talonflame|Brave Bird|p1a: Scizor
|replace|p1a: Zoroark|Zoroark, M|230\/262
|-damage|p1a: Zoroark|0 fnt
|-damage|p2a: Talonflame|206\/345|[from] recoil|[of] p1a: Zoroark
|faint|p1a: Zoroark
|
|-heal|p2a: Talonflame|227\/345|[from] item: Leftovers
|
|switch|p1a: Lucario|Lucario, F|282\/282
|-damage|p1a: Lucario|274\/282|[from] Stealth Rock
|turn|19
|
|move|p2a: Talonflame|Brave Bird|p1a: Lucario
|-damage|p1a: Lucario|51\/282
|-damage|p2a: Talonflame|153\/345|[from] recoil|[of] p1a: Lucario
|move|p1a: Lucario|Swords Dance|p1a: Lucario
|-boost|p1a: Lucario|atk|2
|
|-heal|p2a: Talonflame|174\/345|[from] item: Leftovers
|turn|20
|
|move|p1a: Lucario|Extreme Speed|p2a: Talonflame
|-damage|p2a: Talonflame|0 fnt
|-damage|p1a: Lucario|23\/282|[from] item: Life Orb
|faint|p2a: Talonflame
|
|
|switch|p2a: Gliscor|Gliscor, M|321\/353 tox
|turn|21
|
|move|p1a: Lucario|Ice Punch|p2a: Gliscor
|-supereffective|p2a: Gliscor
|-damage|p2a: Gliscor|0 fnt
|-damage|p1a: Lucario|0 fnt|[from] item: Life Orb
|faint|p2a: Gliscor
|faint|p1a: Lucario
|
|
|switch|p1a: Latios|Latios, M|149\/302
|switch|p2a: Manaphy|Manaphy|401\/401
|-damage|p1a: Latios|112\/302|[from] Stealth Rock
|turn|22
|
|move|p1a: Latios|Draco Meteor|p2a: Manaphy
|-damage|p2a: Manaphy|160\/401
|-unboost|p1a: Latios|spa|2
|move|p2a: Manaphy|Rain Dance|p2a: Manaphy
|-weather|RainDance
|
|-weather|RainDance|[upkeep]
|-heal|p2a: Manaphy|185\/401|[from] item: Leftovers
|turn|23
|
|switch|p1a: Umbreon|Umbreon, M|70\/394 brn
|-damage|p1a: Umbreon|21\/394 brn|[from] Stealth Rock
|move|p2a: Manaphy|Rest|p2a: Manaphy
|-status|p2a: Manaphy|slp
|-heal|p2a: Manaphy|401\/401 slp|[silent]
|-status|p2a: Manaphy|slp|[from] move: Rest
|
|-weather|RainDance|[upkeep]
|-curestatus|p2a: Manaphy|slp
|-heal|p1a: Umbreon|45\/394 brn|[from] item: Leftovers
|-damage|p1a: Umbreon|0 fnt|[from] brn
|faint|p1a: Umbreon
|
|switch|p1a: Latios|Latios, M|112\/302
|-damage|p1a: Latios|75\/302|[from] Stealth Rock
|turn|24
|
|move|p1a: Latios|Trick|p2a: Manaphy
|-activate|p1a: Latios|move: Trick|[of] p2a: Manaphy
|-item|p2a: Manaphy|Choice Specs|[from] move: Trick
|-item|p1a: Latios|Leftovers|[from] move: Trick
|move|p2a: Manaphy|Rest|p2a: Manaphy
|-fail|p2a: Manaphy
|
|-weather|RainDance|[upkeep]
|-heal|p1a: Latios|93\/302|[from] item: Leftovers
|turn|25
|
|switch|p2a: Clefable|Clefable, F|393\/393
|move|p1a: Latios|Surf|p2a: Clefable
|-damage|p2a: Clefable|254\/393
|
|-weather|RainDance|[upkeep]
|-heal|p1a: Latios|111\/302|[from] item: Leftovers
|-heal|p2a: Clefable|278\/393|[from] item: Leftovers
|turn|26
|
|switch|p1a: Scizor|Scizor-Mega, M|263\/343 brn
|-damage|p1a: Scizor|221\/343 brn|[from] Stealth Rock
|switch|p2a: Manaphy|Manaphy|401\/401
|
|-weather|none
|-damage|p1a: Scizor|179\/343 brn|[from] brn
|turn|27
|
|move|p2a: Manaphy|Scald|p1a: Scizor
|-damage|p1a: Scizor|38\/343 brn
|move|p1a: Scizor|U-turn|p2a: Manaphy
|-damage|p2a: Manaphy|322\/401
|
|switch|p1a: Latios|Latios, M|111\/302
|-damage|p1a: Latios|74\/302|[from] Stealth Rock
|
|-heal|p1a: Latios|92\/302|[from] item: Leftovers
|turn|28
|
|switch|p2a: Excadrill|Excadrill, M|424\/424
|-ability|p2a: Excadrill|Mold Breaker
|move|p1a: Latios|Psyshock|p2a: Excadrill
|-resisted|p2a: Excadrill
|-damage|p2a: Excadrill|311\/424
|
|-heal|p1a: Latios|110\/302|[from] item: Leftovers
|-heal|p2a: Excadrill|337\/424|[from] item: Leftovers
|turn|29
|
|move|p1a: Latios|Surf|p2a: Excadrill
|-supereffective|p2a: Excadrill
|-damage|p2a: Excadrill|117\/424
|move|p2a: Excadrill|Earthquake|p1a: Latios
|-damage|p1a: Latios|0 fnt
|faint|p1a: Latios
|
|-heal|p2a: Excadrill|143\/424|[from] item: Leftovers
|
|switch|p1a: Scizor|Scizor-Mega, M|38\/343 brn
|-damage|p1a: Scizor|0 fnt|[from] Stealth Rock
|faint|p1a: Scizor
|
|win|Wolf Bros
|raw|Ladder updating...
|raw|dark08's rating: 1672 &rarr; <strong>1648<\/strong><br \/>(-24 for losing)
|raw|Wolf Bros's rating: 1614 &rarr; <strong>1637<\/strong><br \/>(+23 for winning)
|c|âdark08|GG