|join|Le0nhart
|join|PCesar
|player|p1|Le0nhart|164
|player|p2|PCesar|266
|gametype|singles
|gen|6
|tier|UU
|rated
|rule|Sleep Clause Mod: Limit one foe put to sleep
|rule|Species Clause: Limit one of each PokÃ©mon
|rule|OHKO Clause: OHKO moves are banned
|rule|Moody Clause: Moody is banned
|rule|Evasion Moves Clause: Evasion moves are banned
|rule|Endless Battle Clause: Forcing endless battles is banned
|rule|HP Percentage Mod: HP is shown in percentages
|clearpoke
|poke|p1|Toxicroak, F
|poke|p1|Cresselia, F
|poke|p1|Ampharos, F
|poke|p1|Chesnaught, M
|poke|p1|Empoleon, M
|poke|p1|Entei, shiny
|poke|p2|Aggron, F
|poke|p2|Galvantula, F
|poke|p2|Donphan, F
|poke|p2|Jellicent, F
|poke|p2|Florges, F
|poke|p2|Hydreigon, F
|rule|Swagger Clause: Swagger is banned
|rule|Baton Pass Clause: Limit one PokÃ©mon knowing Baton Pass
|teampreview
|
|start
|switch|p1a: Entei|Entei, shiny|371\/371
|switch|p2a: Florges|Florges, F|360\/360
|-ability|p1a: Entei|Pressure
|turn|1
|
|move|p2a: Florges|Protect|p2a: Florges
|-singleturn|p2a: Florges|Protect
|move|p1a: Entei|Sacred Fire|p2a: Florges
|-activate|p2a: Florges|Protect
|
|turn|2
|
|switch|p2a: Jellicent|Jellicent, F|404\/404
|move|p1a: Entei|Sacred Fire|p2a: Jellicent
|-resisted|p2a: Jellicent
|-damage|p2a: Jellicent|275\/404
|
|-heal|p2a: Jellicent|300\/404|[from] item: Leftovers
|turn|3
|
|switch|p1a: Empoleon|Empoleon, M|372\/372
|move|p2a: Jellicent|Toxic|p1a: Empoleon
|-fail|p1a: Empoleon
|
|-heal|p2a: Jellicent|325\/404|[from] item: Leftovers
|turn|4
|
|move|p2a: Jellicent|Taunt|p1a: Empoleon
|-start|p1a: Empoleon|move: Taunt
|cant|p1a: Empoleon|move: Taunt|Stealth Rock
|
|-heal|p2a: Jellicent|350\/404|[from] item: Leftovers
|turn|5
|
|switch|p1a: Toxicroak|Toxicroak, F|307\/307
|move|p2a: Jellicent|Scald|p1a: Toxicroak
|-immune|p1a: Toxicroak|[msg]
|
|-heal|p2a: Jellicent|375\/404|[from] item: Leftovers
|turn|6
|
|switch|p1a: Entei|Entei, shiny|371\/371
|-ability|p1a: Entei|Pressure
|move|p2a: Jellicent|Taunt|p1a: Entei
|-start|p1a: Entei|move: Taunt
|
|-heal|p2a: Jellicent|400\/404|[from] item: Leftovers
|turn|7
|
|switch|p1a: Cresselia|Cresselia, F|443\/443
|move|p2a: Jellicent|Toxic|p1a: Cresselia
|-status|p1a: Cresselia|tox
|
|-heal|p2a: Jellicent|404\/404|[from] item: Leftovers
|-damage|p1a: Cresselia|416\/443 tox|[from] psn
|turn|8
|
|switch|p2a: Donphan|Donphan, F|364\/364
|move|p1a: Cresselia|Calm Mind|p1a: Cresselia
|-boost|p1a: Cresselia|spa|1
|-boost|p1a: Cresselia|spd|1
|
|-heal|p1a: Cresselia|443\/443 tox|[from] item: Leftovers
|-damage|p1a: Cresselia|389\/443 tox|[from] psn
|turn|9
|
|move|p1a: Cresselia|Moonblast|p2a: Donphan
|-damage|p2a: Donphan|223\/364
|move|p2a: Donphan|Knock Off|p1a: Cresselia
|-supereffective|p1a: Cresselia
|-damage|p1a: Cresselia|237\/443 tox
|-enditem|p1a: Cresselia|Leftovers|[from] move: Knock Off|[of] p2a: Donphan
|
|-heal|p2a: Donphan|245\/364|[from] item: Leftovers
|-damage|p1a: Cresselia|156\/443 tox|[from] psn
|turn|10
|
|switch|p2a: Aggron|Aggron, F|344\/344
|move|p1a: Cresselia|Moonblast|p2a: Aggron
|-resisted|p2a: Aggron
|-damage|p2a: Aggron|296\/344
|
|-damage|p1a: Cresselia|48\/443 tox|[from] psn
|turn|11
|
|detailschange|p2a: Aggron|Aggron-Mega, F
|-mega|p2a: Aggron|Aggron|Aggronite
|move|p1a: Cresselia|Psyshock|p2a: Aggron
|-resisted|p2a: Aggron
|-damage|p2a: Aggron|272\/344
|move|p2a: Aggron|Stealth Rock|p1a: Cresselia
|-sidestart|p1: Le0nhart|move: Stealth Rock
|
|-damage|p1a: Cresselia|0 fnt|[from] psn
|faint|p1a: Cresselia
|
|switch|p1a: Chesnaught|Chesnaught, M|380\/380
|-damage|p1a: Chesnaught|357\/380|[from] Stealth Rock
|turn|12
|
|switch|p2a: Florges|Florges, F|360\/360
|move|p1a: Chesnaught|Leech Seed|p2a: Florges|[miss]
|-miss|p1a: Chesnaught|p2a: Florges
|
|-heal|p1a: Chesnaught|380\/380|[from] item: Leftovers
|turn|13
|
|switch|p1a: Empoleon|Empoleon, M|372\/372
|-damage|p1a: Empoleon|349\/372|[from] Stealth Rock
|move|p2a: Florges|Moonblast|p1a: Empoleon
|-resisted|p1a: Empoleon
|-damage|p1a: Empoleon|306\/372
|
|-heal|p1a: Empoleon|329\/372|[from] item: Leftovers
|turn|14
|
|switch|p2a: Jellicent|Jellicent, F|404\/404
|move|p1a: Empoleon|Defog|p2a: Jellicent
|-unboost|p2a: Jellicent|evasion|1
|-sideend|p1: Le0nhart|Stealth Rock|[from] move: Defog|[of] p1a: Empoleon
|
|-heal|p1a: Empoleon|352\/372|[from] item: Leftovers
|turn|15
|
|switch|p1a: Ampharos|Ampharos, F|384\/384
|move|p2a: Jellicent|Taunt|p1a: Ampharos
|-start|p1a: Ampharos|move: Taunt
|
|turn|16
|
|switch|p2a: Florges|Florges, F|360\/360
|detailschange|p1a: Ampharos|Ampharos-Mega, F
|-mega|p1a: Ampharos|Ampharos|Ampharosite
|-ability|p1a: Ampharos|Mold Breaker
|move|p1a: Ampharos|Charge Beam|p2a: Florges
|-damage|p2a: Florges|293\/360
|-boost|p1a: Ampharos|spa|1
|
|-heal|p2a: Florges|315\/360|[from] item: Leftovers
|turn|17
|
|switch|p1a: Empoleon|Empoleon, M|352\/372
|move|p2a: Florges|Moonblast|p1a: Empoleon
|-resisted|p1a: Empoleon
|-damage|p1a: Empoleon|307\/372
|
|-heal|p2a: Florges|337\/360|[from] item: Leftovers
|-heal|p1a: Empoleon|330\/372|[from] item: Leftovers
|turn|18
|
|switch|p2a: Galvantula|Galvantula, F|281\/281
|move|p1a: Empoleon|Stealth Rock|p2a: Galvantula
|-sidestart|p2: PCesar|move: Stealth Rock
|
|-heal|p1a: Empoleon|353\/372|[from] item: Leftovers
|turn|19
|
|move|p2a: Galvantula|Sticky Web|p1a: Empoleon
|-sidestart|p1: Le0nhart|move: Sticky Web
|move|p1a: Empoleon|Roar|p2a: Galvantula
|drag|p2a: Jellicent|Jellicent, F|404\/404
|-damage|p2a: Jellicent|354\/404|[from] Stealth Rock
|
|-heal|p2a: Jellicent|379\/404|[from] item: Leftovers
|-heal|p1a: Empoleon|372\/372|[from] item: Leftovers
|turn|20
|
|switch|p1a: Ampharos|Ampharos-Mega, F|384\/384
|-activate|p1a: Ampharos|move: Sticky Web
|-unboost|p1a: Ampharos|spe|1
|-ability|p1a: Ampharos|Mold Breaker
|move|p2a: Jellicent|Scald|p1a: Ampharos
|-resisted|p1a: Ampharos
|-damage|p1a: Ampharos|355\/384
|
|-heal|p2a: Jellicent|404\/404|[from] item: Leftovers
|turn|21
|
|switch|p2a: Donphan|Donphan, F|245\/364
|-damage|p2a: Donphan|223\/364|[from] Stealth Rock
|move|p1a: Ampharos|Dragon Pulse|p2a: Donphan
|-damage|p2a: Donphan|0 fnt
|faint|p2a: Donphan
|
|
|switch|p2a: Florges|Florges, F|337\/360
|-damage|p2a: Florges|292\/360|[from] Stealth Rock
|turn|22
|
|switch|p1a: Entei|Entei, shiny|371\/371
|-activate|p1a: Entei|move: Sticky Web
|-unboost|p1a: Entei|spe|1
|-ability|p1a: Entei|Pressure
|move|p2a: Florges|Moonblast|p1a: Entei
|-resisted|p1a: Entei
|-damage|p1a: Entei|299\/371
|
|-heal|p2a: Florges|314\/360|[from] item: Leftovers
|turn|23
|
|move|p1a: Entei|Sacred Fire|p2a: Florges
|-damage|p2a: Florges|83\/360
|-status|p2a: Florges|brn
|move|p2a: Florges|Wish|p2a: Florges
|
|-heal|p2a: Florges|105\/360 brn|[from] item: Leftovers
|-damage|p2a: Florges|60\/360 brn|[from] brn
|turn|24
|
|switch|p1a: Empoleon|Empoleon, M|372\/372
|-activate|p1a: Empoleon|move: Sticky Web
|-unboost|p1a: Empoleon|spe|1
|move|p2a: Florges|Protect|p2a: Florges
|-fail|p2a: Florges
|
|-heal|p2a: Florges|240\/360 brn|[from] move: Wish|[wisher] Florges
|-heal|p2a: Florges|262\/360 brn|[from] item: Leftovers
|-damage|p2a: Florges|217\/360 brn|[from] brn
|turn|25
|
|move|p2a: Florges|Aromatherapy|p2a: Florges
|-cureteam|p2a: Florges|[from] move: Aromatherapy
|move|p1a: Empoleon|Roar|p2a: Florges
|drag|p2a: Aggron|Aggron-Mega, F|272\/344
|-damage|p2a: Aggron|251\/344|[from] Stealth Rock
|
|turn|26
|
|move|p2a: Aggron|Stealth Rock|p1a: Empoleon
|-sidestart|p1: Le0nhart|move: Stealth Rock
|move|p1a: Empoleon|Defog|p2a: Aggron
|-unboost|p2a: Aggron|evasion|1
|-sideend|p2: PCesar|Stealth Rock|[from] move: Defog|[of] p2a: Aggron
|-sideend|p1: Le0nhart|Stealth Rock|[from] move: Defog|[of] p1a: Empoleon
|-sideend|p1: Le0nhart|Sticky Web|[from] move: Defog|[of] p1a: Empoleon
|
|turn|27
|
|move|p2a: Aggron|Thunder Wave|p1a: Empoleon
|-status|p1a: Empoleon|par
|move|p1a: Empoleon|Scald|p2a: Aggron
|-damage|p2a: Aggron|158\/344
|
|turn|28
|
|move|p2a: Aggron|Earthquake|p1a: Empoleon
|-supereffective|p1a: Empoleon
|-damage|p1a: Empoleon|142\/372 par
|cant|p1a: Empoleon|par
|
|-heal|p1a: Empoleon|165\/372 par|[from] item: Leftovers
|turn|29
|
|move|p2a: Aggron|Heavy Slam|p1a: Empoleon
|-resisted|p1a: Empoleon
|-damage|p1a: Empoleon|124\/372 par
|cant|p1a: Empoleon|par
|
|-heal|p1a: Empoleon|147\/372 par|[from] item: Leftovers
|turn|30
|
|move|p2a: Aggron|Earthquake|p1a: Empoleon
|-supereffective|p1a: Empoleon
|-damage|p1a: Empoleon|0 fnt
|faint|p1a: Empoleon
|
|
|switch|p1a: Chesnaught|Chesnaught, M|380\/380
|turn|31
|
|switch|p2a: Florges|Florges, F|217\/360
|move|p1a: Chesnaught|Leech Seed|p2a: Florges
|-start|p2a: Florges|move: Leech Seed
|
|-heal|p2a: Florges|239\/360|[from] item: Leftovers
|-damage|p2a: Florges|194\/360|[from] Leech Seed|[of] p1a: Chesnaught
|turn|32
|
|switch|p2a: Hydreigon|Hydreigon, F|325\/325
|move|p1a: Chesnaught|Spiky Shield|p1a: Chesnaught
|-fail|p1a: Chesnaught
|
|turn|33
|
|move|p1a: Chesnaught|Spiky Shield|p1a: Chesnaught
|-singleturn|p1a: Chesnaught|move: Protect
|move|p2a: Hydreigon|Draco Meteor|p1a: Chesnaught
|-activate|p1a: Chesnaught|Protect
|
|turn|34
|
|move|p2a: Hydreigon|Draco Meteor|p1a: Chesnaught
|-damage|p1a: Chesnaught|51\/380
|-unboost|p2a: Hydreigon|spa|2
|-damage|p2a: Hydreigon|293\/325|[from] item: Life Orb
|move|p1a: Chesnaught|Drain Punch|p2a: Hydreigon
|-supereffective|p2a: Hydreigon
|-damage|p2a: Hydreigon|71\/325
|-heal|p1a: Chesnaught|162\/380|[from] drain|[of] p2a: Hydreigon
|
|-heal|p1a: Chesnaught|185\/380|[from] item: Leftovers
|turn|35
|
|switch|p2a: Florges|Florges, F|194\/360
|move|p1a: Chesnaught|Leech Seed|p2a: Florges
|-start|p2a: Florges|move: Leech Seed
|
|-heal|p2a: Florges|216\/360|[from] item: Leftovers
|-heal|p1a: Chesnaught|208\/380|[from] item: Leftovers
|-damage|p2a: Florges|171\/360|[from] Leech Seed|[of] p1a: Chesnaught
|-heal|p1a: Chesnaught|253\/380|[silent]
|turn|36
|
|switch|p2a: Jellicent|Jellicent, F|404\/404
|move|p1a: Chesnaught|Spikes|p2a: Jellicent
|-sidestart|p2: PCesar|Spikes
|
|-heal|p1a: Chesnaught|276\/380|[from] item: Leftovers
|turn|37
|
|switch|p1a: Ampharos|Ampharos-Mega, F|355\/384
|-ability|p1a: Ampharos|Mold Breaker
|move|p2a: Jellicent|Toxic|p1a: Ampharos
|-status|p1a: Ampharos|tox
|
|-damage|p1a: Ampharos|331\/384 tox|[from] psn
|turn|38
|
|switch|p2a: Florges|Florges, F|171\/360
|-damage|p2a: Florges|126\/360|[from] Spikes
|move|p1a: Ampharos|Charge Beam|p2a: Florges
|-damage|p2a: Florges|65\/360
|-boost|p1a: Ampharos|spa|1
|
|-heal|p2a: Florges|87\/360|[from] item: Leftovers
|-damage|p1a: Ampharos|283\/384 tox|[from] psn
|turn|39
|
|move|p2a: Florges|Protect|p2a: Florges
|-singleturn|p2a: Florges|Protect
|move|p1a: Ampharos|Rest|p1a: Ampharos
|-status|p1a: Ampharos|slp
|-heal|p1a: Ampharos|384\/384 slp|[silent]
|-status|p1a: Ampharos|slp|[from] move: Rest
|
|-heal|p2a: Florges|109\/360|[from] item: Leftovers
|turn|40
|
|move|p2a: Florges|Wish|p2a: Florges
|cant|p1a: Ampharos|slp
|move|p1a: Ampharos|Sleep Talk|p1a: Ampharos
|move|p1a: Ampharos|Rest|p1a: Ampharos|[from]Sleep Talk
|-fail|p1a: Ampharos
|
|-heal|p2a: Florges|131\/360|[from] item: Leftovers
|turn|41
|
|move|p2a: Florges|Moonblast|p1a: Ampharos
|-supereffective|p1a: Ampharos
|-damage|p1a: Ampharos|216\/384 slp
|cant|p1a: Ampharos|slp
|move|p1a: Ampharos|Sleep Talk|p1a: Ampharos
|move|p1a: Ampharos|Charge Beam|p2a: Florges|[from]Sleep Talk|[miss]
|-miss|p1a: Ampharos|p2a: Florges
|
|-heal|p2a: Florges|311\/360|[from] move: Wish|[wisher] Florges
|-heal|p2a: Florges|333\/360|[from] item: Leftovers
|turn|42
|
|move|p2a: Florges|Moonblast|p1a: Ampharos
|-supereffective|p1a: Ampharos
|-damage|p1a: Ampharos|60\/384 slp
|-curestatus|p1a: Ampharos|slp
|move|p1a: Ampharos|Rest|p1a: Ampharos
|-status|p1a: Ampharos|slp
|-heal|p1a: Ampharos|384\/384 slp|[silent]
|-status|p1a: Ampharos|slp|[from] move: Rest
|
|-heal|p2a: Florges|355\/360|[from] item: Leftovers
|turn|43
|
|switch|p1a: Entei|Entei, shiny|299\/371
|-ability|p1a: Entei|Pressure
|move|p2a: Florges|Moonblast|p1a: Entei
|-crit|p1a: Entei
|-resisted|p1a: Entei
|-damage|p1a: Entei|174\/371
|
|-heal|p2a: Florges|360\/360|[from] item: Leftovers
|turn|44
|
|move|p2a: Florges|Protect|p2a: Florges
|-singleturn|p2a: Florges|Protect
|move|p1a: Entei|Sacred Fire|p2a: Florges
|-activate|p2a: Florges|Protect
|
|turn|45
|
|move|p1a: Entei|Sacred Fire|p2a: Florges
|-damage|p2a: Florges|134\/360
|-status|p2a: Florges|brn
|move|p2a: Florges|Wish|p2a: Florges
|
|-heal|p2a: Florges|156\/360 brn|[from] item: Leftovers
|-damage|p2a: Florges|111\/360 brn|[from] brn
|turn|46
|
|switch|p1a: Toxicroak|Toxicroak, F|307\/307
|move|p2a: Florges|Protect|p2a: Florges
|-fail|p2a: Florges
|
|-heal|p2a: Florges|291\/360 brn|[from] move: Wish|[wisher] Florges
|-heal|p2a: Florges|313\/360 brn|[from] item: Leftovers
|-damage|p2a: Florges|268\/360 brn|[from] brn
|turn|47
|
|move|p1a: Toxicroak|Gunk Shot|p2a: Florges
|-supereffective|p2a: Florges
|-damage|p2a: Florges|0 fnt
|faint|p2a: Florges
|
|
|switch|p2a: Hydreigon|Hydreigon, F|71\/325
|turn|48
|
|switch|p1a: Chesnaught|Chesnaught, M|276\/380
|move|p2a: Hydreigon|Draco Meteor|p1a: Chesnaught
|-damage|p1a: Chesnaught|0 fnt
|-unboost|p2a: Hydreigon|spa|2
|-damage|p2a: Hydreigon|39\/325|[from] item: Life Orb
|faint|p1a: Chesnaught
|
|
|switch|p1a: Ampharos|Ampharos-Mega, F|384\/384 slp
|-ability|p1a: Ampharos|Mold Breaker
|turn|49
|
|move|p2a: Hydreigon|Draco Meteor|p1a: Ampharos
|-supereffective|p1a: Ampharos
|-damage|p1a: Ampharos|186\/384 slp
|-unboost|p2a: Hydreigon|spa|2
|-damage|p2a: Hydreigon|7\/325|[from] item: Life Orb
|cant|p1a: Ampharos|slp
|move|p1a: Ampharos|Sleep Talk|p1a: Ampharos
|move|p1a: Ampharos|Rest|p1a: Ampharos|[from]Sleep Talk
|-fail|p1a: Ampharos
|
|turn|50
|
|move|p2a: Hydreigon|Draco Meteor|p1a: Ampharos
|-supereffective|p1a: Ampharos
|-damage|p1a: Ampharos|61\/384 slp
|-unboost|p2a: Hydreigon|spa|2
|-damage|p2a: Hydreigon|0 fnt|[from] item: Life Orb
|faint|p2a: Hydreigon
|cant|p1a: Ampharos|slp
|move|p1a: Ampharos|Sleep Talk|p1a: Ampharos
|move|p1a: Ampharos|Dragon Pulse|p2: Hydreigon|[from]Sleep Talk|[notarget]
|-notarget
|
|
|switch|p2a: Galvantula|Galvantula, F|281\/281
|-damage|p2a: Galvantula|246\/281|[from] Spikes
|turn|51
|
|move|p2a: Galvantula|Bug Buzz|p1a: Ampharos
|-damage|p1a: Ampharos|0 fnt
|faint|p1a: Ampharos
|
|
|switch|p1a: Entei|Entei, shiny|174\/371
|-ability|p1a: Entei|Pressure
|turn|52
|
|switch|p2a: Jellicent|Jellicent, F|404\/404
|-damage|p2a: Jellicent|354\/404|[from] Spikes
|move|p1a: Entei|Sacred Fire|p2a: Jellicent
|-resisted|p2a: Jellicent
|-damage|p2a: Jellicent|223\/404
|
|-heal|p2a: Jellicent|248\/404|[from] item: Leftovers
|turn|53
|
|switch|p2a: Aggron|Aggron-Mega, F|158\/344
|-damage|p2a: Aggron|115\/344|[from] Spikes
|move|p1a: Entei|Sacred Fire|p2a: Aggron
|-supereffective|p2a: Aggron
|-damage|p2a: Aggron|0 fnt
|faint|p2a: Aggron
|
|
|switch|p2a: Jellicent|Jellicent, F|248\/404
|-damage|p2a: Jellicent|198\/404|[from] Spikes
|turn|54
|
|move|p1a: Entei|Sacred Fire|p2a: Jellicent
|-resisted|p2a: Jellicent
|-damage|p2a: Jellicent|67\/404
|move|p2a: Jellicent|Taunt|p1a: Entei
|-start|p1a: Entei|move: Taunt
|
|-heal|p2a: Jellicent|92\/404|[from] item: Leftovers
|turn|55
|
|switch|p1a: Toxicroak|Toxicroak, F|307\/307
|move|p2a: Jellicent|Recover|p2a: Jellicent
|-heal|p2a: Jellicent|294\/404
|
|-heal|p2a: Jellicent|319\/404|[from] item: Leftovers
|turn|56
|
|move|p1a: Toxicroak|Swords Dance|p1a: Toxicroak
|-boost|p1a: Toxicroak|atk|2
|move|p2a: Jellicent|Taunt|p1a: Toxicroak
|-start|p1a: Toxicroak|move: Taunt
|
|-heal|p2a: Jellicent|344\/404|[from] item: Leftovers
|turn|57
|
|move|p1a: Toxicroak|Gunk Shot|p2a: Jellicent
|-resisted|p2a: Jellicent
|-damage|p2a: Jellicent|158\/404
|move|p2a: Jellicent|Recover|p2a: Jellicent
|-heal|p2a: Jellicent|360\/404
|
|-heal|p2a: Jellicent|385\/404|[from] item: Leftovers
|turn|58
|
|move|p1a: Toxicroak|Gunk Shot|p2a: Jellicent
|-resisted|p2a: Jellicent
|-damage|p2a: Jellicent|220\/404
|move|p2a: Jellicent|Recover|p2a: Jellicent
|-heal|p2a: Jellicent|404\/404
|
|turn|59
|
|move|p1a: Toxicroak|Drain Punch|p2a: Jellicent
|-immune|p2a: Jellicent|[msg]
|move|p2a: Jellicent|Recover|p2a: Jellicent
|-fail|p2a: Jellicent
|
|-end|p1a: Toxicroak|move: Taunt
|turn|60
|
|switch|p2a: Galvantula|Galvantula, F|246\/281
|-damage|p2a: Galvantula|211\/281|[from] Spikes
|move|p1a: Toxicroak|Swords Dance|p1a: Toxicroak
|-boost|p1a: Toxicroak|atk|2
|
|turn|61
|
|move|p2a: Galvantula|Thunder|p1a: Toxicroak
|-damage|p1a: Toxicroak|79\/307
|-status|p1a: Toxicroak|par
|move|p1a: Toxicroak|Gunk Shot|p2a: Galvantula
|-damage|p2a: Galvantula|0 fnt
|faint|p2a: Galvantula
|
|
|switch|p2a: Jellicent|Jellicent, F|404\/404
|-damage|p2a: Jellicent|354\/404|[from] Spikes
|turn|62
|
|move|p1a: Toxicroak|Sucker Punch|p2a: Jellicent
|-fail|p1a: Toxicroak
|move|p2a: Jellicent|Taunt|p1a: Toxicroak
|-start|p1a: Toxicroak|move: Taunt
|
|-heal|p2a: Jellicent|379\/404|[from] item: Leftovers
|turn|63
|
|move|p1a: Toxicroak|Sucker Punch|p2a: Jellicent
|-fail|p1a: Toxicroak
|move|p2a: Jellicent|Recover|p2a: Jellicent
|-heal|p2a: Jellicent|404\/404
|
|turn|64
|
|move|p2a: Jellicent|Recover|p2a: Jellicent
|-fail|p2a: Jellicent
|move|p1a: Toxicroak|Drain Punch|p2a: Jellicent
|-immune|p2a: Jellicent|[msg]
|
|turn|65
|
|move|p2a: Jellicent|Scald|p1a: Toxicroak
|-heal|p1a: Toxicroak|155\/307 par|[from] ability: Dry Skin|[of] p2a: Jellicent
|move|p1a: Toxicroak|Drain Punch|p2a: Jellicent
|-immune|p2a: Jellicent|[msg]
|
|-end|p1a: Toxicroak|move: Taunt
|turn|66
|
|move|p2a: Jellicent|Taunt|p1a: Toxicroak
|-start|p1a: Toxicroak|move: Taunt
|cant|p1a: Toxicroak|move: Taunt|Swords Dance
|
|turn|67
|
|move|p2a: Jellicent|Scald|p1a: Toxicroak
|-heal|p1a: Toxicroak|231\/307 par|[from] ability: Dry Skin|[of] p2a: Jellicent
|move|p1a: Toxicroak|Drain Punch|p2a: Jellicent
|-immune|p2a: Jellicent|[msg]
|
|turn|68
|
|move|p1a: Toxicroak|Sucker Punch|p2a: Jellicent
|-supereffective|p2a: Jellicent
|-damage|p2a: Jellicent|0 fnt
|faint|p2a: Jellicent
|
|win|Le0nhart
|raw|Ladder updating...
|raw|Le0nhart's rating: 1321 &rarr; <strong>1334<\/strong><br \/>(+13 for winning)
|raw|PCesar's rating: 1186 &rarr; <strong>1170<\/strong><br \/>(-16 for losing)
|leave|PCesar
|player|p2