|join|thatisnotedible
|join|YurisistableSone19
|player|p1|thatisnotedible|266
|player|p2|YurisistableSone19|265
|gametype|singles
|gen|6
|tier|OU
|rated
|clearpoke
|poke|p1|Landorus-Therian, M, shiny
|poke|p1|Dragonite, F
|poke|p1|Aegislash, F
|poke|p1|Greninja, F
|poke|p1|Rotom-Wash
|poke|p1|Heatran, M
|poke|p2|Diggersby, F, shiny
|poke|p2|Salamence, M
|poke|p2|Crawdaunt, F
|poke|p2|Gardevoir, F, shiny
|poke|p2|Scizor, F
|poke|p2|Zapdos
|rule|Sleep Clause Mod: Limit one foe put to sleep
|rule|Species Clause: Limit one of each Pokemon
|rule|OHKO Clause: OHKO moves are banned
|rule|Moody Clause: Moody is banned
|rule|Evasion Moves Clause: Evasion moves are banned
|rule|Endless Battle Clause: Forcing endless battles is banned.
|rule|HP Percentage Mod: HP is reported as percentages
|teampreview
|
|start
|switch|p1a: Landorus-T|Landorus-Therian, M, shiny|382\/382
|switch|p2a: Diggersby|Diggersby, F, shiny|312\/312
|-ability|p1a: Landorus-T|Intimidate|[of] p2a: Diggersby
|-unboost|p2a: Diggersby|atk|1
|turn|1
|
|move|p2a: Diggersby|U-turn|p1a: Landorus-T
|-resisted|p1a: Landorus-T
|-damage|p1a: Landorus-T|347\/382
|
|switch|p2a: Zapdos|Zapdos|384\/384
|-ability|p2a: Zapdos|Pressure
|move|p1a: Landorus-T|Stealth Rock|p2a: Zapdos
|-sidestart|p2: YurisistableSone19|move: Stealth Rock
|
|-heal|p1a: Landorus-T|370\/382|[from] item: Leftovers
|turn|2
|
|move|p1a: Landorus-T|Knock Off|p2a: Zapdos
|-damage|p2a: Zapdos|300\/384
|-enditem|p2a: Zapdos|Leftovers|[from] move: Knock Off|[of] p1a: Landorus-T
|move|p2a: Zapdos|Defog|p1a: Landorus-T
|-unboost|p1a: Landorus-T|evasion|1
|-sideend|p2: YurisistableSone19|Stealth Rock|[from] move: Defog|[of] p2a: Zapdos
|
|-heal|p1a: Landorus-T|382\/382|[from] item: Leftovers
|turn|3
|
|switch|p2a: Diggersby|Diggersby, F, shiny|312\/312
|move|p1a: Landorus-T|U-turn|p2a: Diggersby
|-damage|p2a: Diggersby|215\/312
|
|switch|p1a: Rotom-Wash|Rotom-Wash|242\/242
|
|turn|4
|
|move|p2a: Diggersby|Return|p1a: Rotom-Wash
|-damage|p1a: Rotom-Wash|4\/242
|move|p1a: Rotom-Wash|Hydro Pump|p2a: Diggersby
|-supereffective|p2a: Diggersby
|-damage|p2a: Diggersby|0 fnt
|faint|p2a: Diggersby
|
|
|switch|p2a: Scizor|Scizor, F|283\/283
|turn|5
|
|move|p2a: Scizor|Bullet Punch|p1a: Rotom-Wash
|-resisted|p1a: Rotom-Wash
|-damage|p1a: Rotom-Wash|0 fnt
|faint|p1a: Rotom-Wash
|
|
|switch|p1a: Heatran|Heatran, M|323\/323
|-item|p1a: Heatran|Air Balloon
|turn|6
|
|switch|p2a: Zapdos|Zapdos|300\/384
|-ability|p2a: Zapdos|Pressure
|move|p1a: Heatran|Fire Blast|p2a: Zapdos
|-damage|p2a: Zapdos|84\/384
|
|turn|7
|
|move|p1a: Heatran|Hidden Power|p2a: Zapdos
|-supereffective|p2a: Zapdos
|-damage|p2a: Zapdos|0 fnt
|faint|p2a: Zapdos
|
|
|switch|p2a: Gardevoir|Gardevoir, F, shiny|278\/278
|-ability|p2a: Gardevoir|Flash Fire|[from] ability: Trace|[of] p1a: Heatran
|turn|8
|
|detailschange|p2a: Gardevoir|Gardevoir-Mega, F, shiny
|message|Gardevoir has Mega Evolved into Mega Gardevoir!
|move|p2a: Gardevoir|Focus Blast|p1a: Heatran
|-supereffective|p1a: Heatran
|-damage|p1a: Heatran|0 fnt
|-enditem|p1a: Heatran|Air Balloon
|faint|p1a: Heatran
|
|
|switch|p1a: Landorus-T|Landorus-Therian, M, shiny|382\/382
|-ability|p1a: Landorus-T|Intimidate|[of] p2a: Gardevoir
|-unboost|p2a: Gardevoir|atk|1
|turn|9
|
|move|p2a: Gardevoir|Hyper Voice|p1a: Landorus-T
|-damage|p1a: Landorus-T|94\/382
|move|p1a: Landorus-T|Earthquake|p2a: Gardevoir
|-damage|p2a: Gardevoir|59\/278
|
|-heal|p1a: Landorus-T|117\/382|[from] item: Leftovers
|turn|10
|
|move|p2a: Gardevoir|Hyper Voice|p1a: Landorus-T
|-damage|p1a: Landorus-T|0 fnt
|faint|p1a: Landorus-T
|
|
|switch|p1a: Dragonite|Dragonite, F|323\/323
|turn|11
|
|move|p2a: Gardevoir|Hyper Voice|p1a: Dragonite
|-supereffective|p1a: Dragonite
|-damage|p1a: Dragonite|58\/323
|-enditem|p1a: Dragonite|Weakness Policy
|-boost|p1a: Dragonite|atk|2|[from] item: Weakness Policy
|-boost|p1a: Dragonite|spa|2|[from] item: Weakness Policy
|move|p1a: Dragonite|Dragon Dance|p1a: Dragonite
|-boost|p1a: Dragonite|atk|1
|-boost|p1a: Dragonite|spe|1
|
|turn|12
|
|move|p1a: Dragonite|Iron Head|p2a: Gardevoir
|-supereffective|p2a: Gardevoir
|-damage|p2a: Gardevoir|0 fnt
|faint|p2a: Gardevoir
|
|
|switch|p2a: Scizor|Scizor, F|283\/283
|turn|13
|
|move|p2a: Scizor|Bullet Punch|p1a: Dragonite
|-damage|p1a: Dragonite|0 fnt
|faint|p1a: Dragonite
|
|
|switch|p1a: Aegislash|Aegislash, F|261\/261
|turn|14
|
|move|p2a: Scizor|Swords Dance|p2a: Scizor
|-boost|p2a: Scizor|atk|2
|move|p1a: Aegislash|Swords Dance|p1a: Aegislash
|-boost|p1a: Aegislash|atk|2
|
|turn|15
|
|move|p2a: Scizor|Superpower|p1a: Aegislash
|-immune|p1a: Aegislash|[msg]
|move|p1a: Aegislash|Swords Dance|p1a: Aegislash
|-boost|p1a: Aegislash|atk|2
|
|turn|16
|
|move|p2a: Scizor|Knock Off|p1a: Aegislash
|-supereffective|p1a: Aegislash
|-damage|p1a: Aegislash|0 fnt
|faint|p1a: Aegislash
|
|
|switch|p1a: Greninja|Greninja, F|285\/285
|turn|17
|
|-start|p1a: Greninja|typechange|Dark|[from] Protean
|move|p1a: Greninja|Dark Pulse|p2a: Scizor
|-damage|p2a: Scizor|84\/283
|-damage|p1a: Greninja|257\/285|[from] item: Life Orb
|move|p2a: Scizor|Knock Off|p1a: Greninja
|-resisted|p1a: Greninja
|-damage|p1a: Greninja|94\/285
|-enditem|p1a: Greninja|Life Orb|[from] move: Knock Off|[of] p2a: Scizor
|
|turn|18
|
|-start|p1a: Greninja|typechange|Water|[from] Protean
|move|p1a: Greninja|Hydro Pump|p2a: Scizor
|-damage|p2a: Scizor|0 fnt
|faint|p2a: Scizor
|
|chat|YurisistableSone19|gg
|
|switch|p2a: Salamence|Salamence, M|331\/331
|turn|19
|
|move|p2a: Salamence|Outrage|p1a: Greninja
|-damage|p1a: Greninja|0 fnt
|faint|p1a: Greninja
|-boost|p2a: Salamence|atk|1|[from] ability: Moxie
|
|win|YurisistableSone19
|raw|Ladder updating...
|raw|thatisnotedible's rating: 1439 &rarr; <strong>1416<\/strong><br \/>(-23 for losing)
|raw|YurisistableSone19's rating: 1393 &rarr; <strong>1416<\/strong><br \/>(+23 for winning)
|chat|thatisnotedible|gg
|leave|thatisnotedible
|player|p1