|join|thatisnotedible
|join|Dnao
|player|p1|thatisnotedible|169
|player|p2|Dnao|260
|gametype|singles
|gen|6
|tier|OU
|rated
|clearpoke
|poke|p1|Landorus-Therian, M, shiny
|poke|p1|Dragonite, F
|poke|p1|Aegislash, F
|poke|p1|Greninja, F
|poke|p1|Rotom-Wash
|poke|p1|Heatran, M
|poke|p2|Aegislash, F
|poke|p2|Thundurus, M
|poke|p2|Mawile, F, shiny
|poke|p2|Rotom-Wash
|poke|p2|Latios, M
|poke|p2|Landorus-Therian, M
|rule|Sleep Clause Mod: Limit one foe put to sleep
|rule|Species Clause: Limit one of each Pokemon
|rule|OHKO Clause: OHKO moves are banned
|rule|Moody Clause: Moody is banned
|rule|Evasion Moves Clause: Evasion moves are banned
|rule|Endless Battle Clause: Forcing endless battles is banned.
|rule|HP Percentage Mod: HP is reported as percentages
|teampreview
|chat|Dnao|gl
|chat|thatisnotedible|Have fun!
|
|start
|switch|p1a: Rotom-Wash|Rotom-Wash|242\/242
|switch|p2a: WEEEEE!|Rotom-Wash|304\/304
|turn|1
|
|move|p1a: Rotom-Wash|Volt Switch|p2a: WEEEEE!
|-damage|p2a: WEEEEE!|196\/304
|
|switch|p1a: Heatran|Heatran, M|323\/323
|-item|p1a: Heatran|Air Balloon
|move|p2a: WEEEEE!|Will-O-Wisp|p1a: Heatran
|-start|p1a: Heatran|ability: Flash Fire
|
|turn|2
|
|switch|p1a: Rotom-Wash|Rotom-Wash|242\/242
|move|p2a: WEEEEE!|Hydro Pump|p1a: Rotom-Wash
|-resisted|p1a: Rotom-Wash
|-damage|p1a: Rotom-Wash|191\/242
|
|turn|3
|
|move|p1a: Rotom-Wash|Hydro Pump|p2a: WEEEEE!
|-resisted|p2a: WEEEEE!
|-damage|p2a: WEEEEE!|111\/304
|move|p2a: WEEEEE!|Volt Switch|p1a: Rotom-Wash
|-crit|p1a: Rotom-Wash
|-damage|p1a: Rotom-Wash|92\/242
|
|switch|p2a: Pop Tarts|Thundurus, M|299\/299
|
|turn|4
|
|switch|p1a: Landorus-T|Landorus-Therian, M, shiny|382\/382
|-ability|p1a: Landorus-T|Intimidate|[of] p2a: Pop Tarts
|-unboost|p2a: Pop Tarts|atk|1
|move|p2a: Pop Tarts|Taunt|p1a: Landorus-T
|-start|p1a: Landorus-T|move: Taunt
|
|turn|5
|
|switch|p2a: Tony|Landorus-Therian, M|381\/381
|-ability|p2a: Tony|Intimidate|[of] p1a: Landorus-T
|-unboost|p1a: Landorus-T|atk|1
|switch|p1a: Greninja|Greninja, F|285\/285
|
|turn|6
|
|switch|p2a: WEEEEE!|Rotom-Wash|111\/304
|-start|p1a: Greninja|typechange|Ice|[from] Protean
|move|p1a: Greninja|Ice Beam|p2a: WEEEEE!
|-resisted|p2a: WEEEEE!
|-damage|p2a: WEEEEE!|54\/304
|-damage|p1a: Greninja|257\/285|[from] item: Life Orb
|
|turn|7
|
|-start|p1a: Greninja|typechange|Dark|[from] Protean
|move|p1a: Greninja|Dark Pulse|p2a: WEEEEE!
|-damage|p2a: WEEEEE!|0 fnt
|-damage|p1a: Greninja|229\/285|[from] item: Life Orb
|faint|p2a: WEEEEE!
|
|
|switch|p2a: Mawile|Mawile, F, shiny|304\/304
|-ability|p2a: Mawile|Intimidate|[of] p1a: Greninja
|-unboost|p1a: Greninja|atk|1
|turn|8
|
|detailschange|p2a: Mawile|Mawile-Mega, F, shiny
|message|Mawile has Mega Evolved into Mega Mawile!
|-start|p1a: Greninja|typechange|Water|[from] Protean
|move|p1a: Greninja|Hydro Pump|p2a: Mawile
|-damage|p2a: Mawile|97\/304
|-damage|p1a: Greninja|201\/285|[from] item: Life Orb
|move|p2a: Mawile|Iron Head|p1a: Greninja
|-resisted|p1a: Greninja
|-damage|p1a: Greninja|42\/285
|
|turn|9
|
|switch|p1a: Landorus-T|Landorus-Therian, M, shiny|382\/382
|-ability|p1a: Landorus-T|Intimidate|[of] p2a: Mawile
|-unboost|p2a: Mawile|atk|1
|move|p2a: Mawile|Sucker Punch|p1a: Landorus-T
|-fail|p1a: Landorus-T
|
|turn|10
|
|switch|p2a: Tony|Landorus-Therian, M|381\/381
|-ability|p2a: Tony|Intimidate|[of] p1a: Landorus-T
|-unboost|p1a: Landorus-T|atk|1
|move|p1a: Landorus-T|Stealth Rock|p2a: Tony
|-sidestart|p2: Dnao|move: Stealth Rock
|
|turn|11
|
|move|p1a: Landorus-T|Knock Off|p2a: Tony
|-crit|p2a: Tony
|-damage|p2a: Tony|240\/381
|-enditem|p2a: Tony|Leftovers|[from] move: Knock Off|[of] p1a: Landorus-T
|move|p2a: Tony|Earthquake|p1a: Landorus-T
|-immune|p1a: Landorus-T|[msg]
|
|turn|12
|
|move|p1a: Landorus-T|U-turn|p2a: Tony
|-resisted|p2a: Tony
|-damage|p2a: Tony|215\/381
|
|switch|p1a: Heatran|Heatran, M|323\/323
|-item|p1a: Heatran|Air Balloon
|move|p2a: Tony|Stealth Rock|p1a: Heatran
|-sidestart|p1: thatisnotedible|move: Stealth Rock
|
|turn|13
|
|switch|p2a: Latios|Latios, M|302\/302
|-damage|p2a: Latios|265\/302|[from] Stealth Rock
|move|p1a: Heatran|Hidden Power|p2a: Latios
|-supereffective|p2a: Latios
|-damage|p2a: Latios|133\/302
|
|turn|14
|
|move|p2a: Latios|Surf|p1a: Heatran
|-supereffective|p1a: Heatran
|-damage|p1a: Heatran|42\/323
|-enditem|p1a: Heatran|Air Balloon
|-damage|p2a: Latios|103\/302|[from] item: Life Orb
|move|p1a: Heatran|Hidden Power|p2a: Latios
|-supereffective|p2a: Latios
|-damage|p2a: Latios|0 fnt
|faint|p2a: Latios
|
|
|switch|p2a: Tony|Landorus-Therian, M|215\/381
|-damage|p2a: Tony|168\/381|[from] Stealth Rock
|-ability|p2a: Tony|Intimidate|[of] p1a: Heatran
|-unboost|p1a: Heatran|atk|1
|turn|15
|
|move|p1a: Heatran|Hidden Power|p2a: Tony
|-supereffective|p2a: Tony
|-damage|p2a: Tony|0 fnt
|faint|p2a: Tony
|
|
|switch|p2a: Saber|Aegislash, F|324\/324
|-damage|p2a: Saber|304\/324|[from] Stealth Rock
|turn|16
|
|move|p1a: Heatran|Fire Blast|p2a: Saber|[miss]
|-miss|p1a: Heatran|p2a: Saber
|-formechange|p2a: Saber|Aegislash-Blade
|move|p2a: Saber|Shadow Ball|p1a: Heatran
|-damage|p1a: Heatran|0 fnt
|faint|p1a: Heatran
|
|-heal|p2a: Saber|324\/324|[from] item: Leftovers
|
|switch|p1a: Aegislash|Aegislash, F|261\/261
|-damage|p1a: Aegislash|245\/261|[from] Stealth Rock
|turn|17
|
|-formechange|p2a: Saber|Aegislash
|move|p2a: Saber|King's Shield|p2a: Saber
|-singleturn|p2a: Saber|Protect
|move|p1a: Aegislash|Swords Dance|p1a: Aegislash
|-boost|p1a: Aegislash|atk|2
|
|-heal|p1a: Aegislash|261\/261|[from] item: Leftovers
|turn|18
|chat|thatisnotedible|Saber....and with the blonde avatar... 10\/10 if that reference is correct! Love it!
|
|move|p1a: Aegislash|King's Shield|p1a: Aegislash
|-singleturn|p1a: Aegislash|Protect
|-formechange|p2a: Saber|Aegislash-Blade
|move|p2a: Saber|Shadow Ball|p1a: Aegislash
|-activate|p1a: Aegislash|Protect
|
|turn|19
|
|-formechange|p2a: Saber|Aegislash
|move|p2a: Saber|King's Shield|p2a: Saber
|-singleturn|p2a: Saber|Protect
|-formechange|p1a: Aegislash|Aegislash-Blade
|move|p1a: Aegislash|Shadow Sneak|p2a: Saber
|-activate|p2a: Saber|Protect
|-unboost|p1a: Aegislash|atk|2
|
|turn|20
|
|-formechange|p1a: Aegislash|Aegislash
|move|p1a: Aegislash|King's Shield|p1a: Aegislash
|-singleturn|p1a: Aegislash|Protect
|-formechange|p2a: Saber|Aegislash-Blade
|move|p2a: Saber|Shadow Ball|p1a: Aegislash
|-activate|p1a: Aegislash|Protect
|
|turn|21
|
|-formechange|p2a: Saber|Aegislash
|move|p2a: Saber|King's Shield|p2a: Saber
|-singleturn|p2a: Saber|Protect
|-formechange|p1a: Aegislash|Aegislash-Blade
|move|p1a: Aegislash|Shadow Sneak|p2a: Saber
|-activate|p2a: Saber|Protect
|-unboost|p1a: Aegislash|atk|2
|
|turn|22
|
|switch|p1a: Rotom-Wash|Rotom-Wash|92\/242
|-damage|p1a: Rotom-Wash|62\/242|[from] Stealth Rock
|move|p2a: Saber|King's Shield|p2a: Saber
|-fail|p2a: Saber
|
|turn|23
|
|move|p1a: Rotom-Wash|Will-O-Wisp|p2a: Saber|[miss]
|-miss|p1a: Rotom-Wash|p2a: Saber
|-formechange|p2a: Saber|Aegislash-Blade
|move|p2a: Saber|Shadow Ball|p1a: Rotom-Wash
|-damage|p1a: Rotom-Wash|0 fnt
|faint|p1a: Rotom-Wash
|
|
|switch|p1a: Greninja|Greninja, F|42\/285
|-damage|p1a: Greninja|7\/285|[from] Stealth Rock
|turn|24
|
|move|p2a: Saber|Shadow Sneak|p1a: Greninja
|-resisted|p1a: Greninja
|-damage|p1a: Greninja|0 fnt
|faint|p1a: Greninja
|
|
|switch|p1a: Aegislash|Aegislash, F|261\/261
|-damage|p1a: Aegislash|245\/261|[from] Stealth Rock
|turn|25
|
|switch|p1a: Landorus-T|Landorus-Therian, M, shiny|382\/382
|-damage|p1a: Landorus-T|335\/382|[from] Stealth Rock
|-ability|p1a: Landorus-T|Intimidate|[of] p2a: Saber
|-unboost|p2a: Saber|atk|1
|-formechange|p2a: Saber|Aegislash
|move|p2a: Saber|King's Shield|p2a: Saber
|-fail|p2a: Saber
|
|-heal|p1a: Landorus-T|358\/382|[from] item: Leftovers
|turn|26
|
|switch|p2a: Pop Tarts|Thundurus, M|299\/299
|-damage|p2a: Pop Tarts|225\/299|[from] Stealth Rock
|move|p1a: Landorus-T|Earthquake|p2a: Pop Tarts
|-immune|p2a: Pop Tarts|[msg]
|
|-heal|p1a: Landorus-T|381\/382|[from] item: Leftovers
|turn|27
|
|switch|p1a: Aegislash|Aegislash, F|245\/261
|-damage|p1a: Aegislash|229\/261|[from] Stealth Rock
|move|p2a: Pop Tarts|Thunderbolt|p1a: Aegislash
|-damage|p1a: Aegislash|93\/261
|-damage|p2a: Pop Tarts|196\/299|[from] item: Life Orb
|
|-heal|p1a: Aegislash|109\/261|[from] item: Leftovers
|turn|28
|
|move|p1a: Aegislash|King's Shield|p1a: Aegislash
|-singleturn|p1a: Aegislash|Protect
|move|p2a: Pop Tarts|Taunt|p1a: Aegislash
|-start|p1a: Aegislash|move: Taunt
|
|-heal|p1a: Aegislash|125\/261|[from] item: Leftovers
|turn|29
|
|switch|p1a: Landorus-T|Landorus-Therian, M, shiny|381\/382
|-damage|p1a: Landorus-T|334\/382|[from] Stealth Rock
|-ability|p1a: Landorus-T|Intimidate|[of] p2a: Pop Tarts
|-unboost|p2a: Pop Tarts|atk|1
|move|p2a: Pop Tarts|Hidden Power|p1a: Landorus-T
|-damage|p1a: Landorus-T|169\/382
|-damage|p2a: Pop Tarts|167\/299|[from] item: Life Orb
|
|-heal|p1a: Landorus-T|192\/382|[from] item: Leftovers
|turn|30
|
|move|p2a: Pop Tarts|Hidden Power|p1a: Landorus-T
|-damage|p1a: Landorus-T|20\/382
|-damage|p2a: Pop Tarts|138\/299|[from] item: Life Orb
|move|p1a: Landorus-T|Knock Off|p2a: Pop Tarts
|-damage|p2a: Pop Tarts|1\/299
|-enditem|p2a: Pop Tarts|Life Orb|[from] move: Knock Off|[of] p1a: Landorus-T
|
|-heal|p1a: Landorus-T|43\/382|[from] item: Leftovers
|turn|31
|
|switch|p1a: Dragonite|Dragonite, F|323\/323
|-damage|p1a: Dragonite|243\/323|[from] Stealth Rock
|move|p2a: Pop Tarts|Hidden Power|p1a: Dragonite
|-damage|p1a: Dragonite|144\/323
|
|turn|32
|
|move|p2a: Pop Tarts|Thunder Wave|p1a: Dragonite
|-status|p1a: Dragonite|par
|move|p1a: Dragonite|Roost|p1a: Dragonite
|-heal|p1a: Dragonite|306\/323 par
|
|turn|33
|
|move|p2a: Pop Tarts|Taunt|p1a: Dragonite
|-start|p1a: Dragonite|move: Taunt
|cant|p1a: Dragonite|move: Taunt|Dragon Dance
|
|turn|34
|
|move|p2a: Pop Tarts|Thunderbolt|p1a: Dragonite
|-damage|p1a: Dragonite|153\/323 par
|move|p1a: Dragonite|Dragon Claw|p2a: Pop Tarts
|-damage|p2a: Pop Tarts|0 fnt
|faint|p2a: Pop Tarts
|
|
|switch|p2a: Mawile|Mawile-Mega, F, shiny|97\/304
|-damage|p2a: Mawile|78\/304|[from] Stealth Rock
|turn|35
|
|switch|p1a: Landorus-T|Landorus-Therian, M, shiny|43\/382
|-damage|p1a: Landorus-T|0 fnt|[from] Stealth Rock
|faint|p1a: Landorus-T
|move|p2a: Mawile|Sucker Punch|p1: Landorus-T|[notarget]
|-notarget
|
|
|switch|p1a: Dragonite|Dragonite, F|153\/323 par
|-damage|p1a: Dragonite|73\/323 par|[from] Stealth Rock
|turn|36
|
|move|p2a: Mawile|Play Rough|p1a: Dragonite
|-supereffective|p1a: Dragonite
|-damage|p1a: Dragonite|0 fnt
|faint|p1a: Dragonite
|
|
|switch|p1a: Aegislash|Aegislash, F|125\/261
|-damage|p1a: Aegislash|109\/261|[from] Stealth Rock
|turn|37
|
|move|p2a: Mawile|Sucker Punch|p1a: Aegislash
|-fail|p1a: Aegislash
|move|p1a: Aegislash|Swords Dance|p1a: Aegislash
|-boost|p1a: Aegislash|atk|2
|
|-heal|p1a: Aegislash|125\/261|[from] item: Leftovers
|turn|38
|
|move|p1a: Aegislash|Swords Dance|p1a: Aegislash
|-boost|p1a: Aegislash|atk|2
|move|p2a: Mawile|Fire Fang|p1a: Aegislash
|-supereffective|p1a: Aegislash
|-damage|p1a: Aegislash|0 fnt
|faint|p1a: Aegislash
|
|win|Dnao
|raw|Ladder updating...
|raw|thatisnotedible's rating: 1611 &rarr; <strong>1588<\/strong><br \/>(-23 for losing)
|raw|Dnao's rating: 1562 &rarr; <strong>1585<\/strong><br \/>(+23 for winning)
|chat|thatisnotedible|gg
|chat|Dnao|gg
|leave|thatisnotedible
|player|p1