|join|thatisnotedible
|join|TLATER
|player|p1|thatisnotedible|169
|player|p2|TLATER|102
|gametype|singles
|gen|6
|tier|OU
|rated
|clearpoke
|poke|p1|Landorus-Therian, M, shiny
|poke|p1|Dragonite, F
|poke|p1|Aegislash, M
|poke|p1|Greninja, F
|poke|p1|Rotom-Wash
|poke|p1|Heatran, F
|poke|p2|Ninetales, M
|poke|p2|Shiftry, F
|poke|p2|Charizard, M
|poke|p2|Blissey, F
|poke|p2|Arcanine, F, shiny
|poke|p2|Swampert, M
|rule|Sleep Clause Mod: Limit one foe put to sleep
|rule|Species Clause: Limit one of each Pokemon
|rule|OHKO Clause: OHKO moves are banned
|rule|Moody Clause: Moody is banned
|rule|Evasion Moves Clause: Evasion moves are banned
|rule|Endless Battle Clause: Forcing endless battles is banned.
|rule|HP Percentage Mod: HP is reported as percentages
|teampreview
|
|start
|switch|p1a: Landorus-T|Landorus-Therian, M, shiny|382\/382
|switch|p2a: Charizard|Charizard, M|298\/298
|-ability|p1a: Landorus-T|Intimidate|[of] p2a: Charizard
|-unboost|p2a: Charizard|atk|1
|turn|1
|
|switch|p2a: Swampert|Swampert, M|404\/404
|move|p1a: Landorus-T|Stealth Rock|p2a: Swampert
|-sidestart|p2: TLATER|move: Stealth Rock
|
|turn|2
|
|move|p1a: Landorus-T|U-turn|p2a: Swampert
|-damage|p2a: Swampert|340\/404
|
|switch|p1a: Greninja|Greninja, F|285\/285
|move|p2a: Swampert|Ice Punch|p1a: Greninja
|-resisted|p1a: Greninja
|-damage|p1a: Greninja|239\/285
|
|-heal|p2a: Swampert|365\/404|[from] item: Leftovers
|turn|3
|
|switch|p2a: Shiftry|Shiftry, F|321\/321
|-damage|p2a: Shiftry|281\/321|[from] Stealth Rock
|-start|p1a: Greninja|typechange|Grass|[from] Protean
|move|p1a: Greninja|Grass Knot|p2a: Shiftry
|-resisted|p2a: Shiftry
|-damage|p2a: Shiftry|146\/321
|-damage|p1a: Greninja|211\/285|[from] item: Life Orb
|
|turn|4
|
|switch|p1a: Aegislash|Aegislash, M|261\/261
|switch|p2a: Blissey|Blissey, F|714\/714
|-damage|p2a: Blissey|625\/714|[from] Stealth Rock
|
|-heal|p2a: Blissey|669\/714|[from] item: Leftovers
|turn|5
|
|move|p1a: Aegislash|Swords Dance|p1a: Aegislash
|-boost|p1a: Aegislash|atk|2
|move|p2a: Blissey|Stealth Rock|p1a: Aegislash
|-sidestart|p1: thatisnotedible|move: Stealth Rock
|
|-heal|p2a: Blissey|713\/714|[from] item: Leftovers
|turn|6
|
|move|p1a: Aegislash|Swords Dance|p1a: Aegislash
|-boost|p1a: Aegislash|atk|2
|move|p2a: Blissey|Wish|p2a: Blissey
|
|-heal|p2a: Blissey|714\/714|[from] item: Leftovers
|turn|7
|
|switch|p2a: Arcanine|Arcanine, F, shiny|384\/384
|-damage|p2a: Arcanine|288\/384|[from] Stealth Rock
|-ability|p2a: Arcanine|Intimidate|[of] p1a: Aegislash
|-unboost|p1a: Aegislash|atk|1
|move|p1a: Aegislash|Swords Dance|p1a: Aegislash
|-boost|p1a: Aegislash|atk|2
|
|-heal|p2a: Arcanine|384\/384|[from] move: Wish|[wisher] Blissey
|turn|8
|
|-formechange|p1a: Aegislash|Aegislash-Blade
|move|p1a: Aegislash|Shadow Sneak|p2a: Arcanine
|-damage|p2a: Arcanine|149\/384
|move|p2a: Arcanine|Will-O-Wisp|p1a: Aegislash
|-status|p1a: Aegislash|brn
|
|-heal|p2a: Arcanine|173\/384|[from] item: Leftovers
|-damage|p1a: Aegislash|229\/261 brn|[from] brn
|turn|9
|
|-formechange|p1a: Aegislash|Aegislash
|move|p1a: Aegislash|King's Shield|p1a: Aegislash
|-singleturn|p1a: Aegislash|Protect
|move|p2a: Arcanine|Morning Sun|p2a: Arcanine
|-heal|p2a: Arcanine|365\/384
|
|-heal|p2a: Arcanine|384\/384|[from] item: Leftovers
|-heal|p1a: Aegislash|245\/261 brn|[from] item: Leftovers
|-damage|p1a: Aegislash|213\/261 brn|[from] brn
|turn|10
|
|move|p2a: Arcanine|Flare Blitz|p1a: Aegislash
|-supereffective|p1a: Aegislash
|-damage|p1a: Aegislash|19\/261 brn
|-damage|p2a: Arcanine|320\/384|[from] recoil|[of] p1a: Aegislash
|-formechange|p1a: Aegislash|Aegislash-Blade
|move|p1a: Aegislash|Iron Head|p2a: Arcanine
|-resisted|p2a: Arcanine
|-damage|p2a: Arcanine|189\/384
|
|-heal|p2a: Arcanine|213\/384|[from] item: Leftovers
|-heal|p1a: Aegislash|35\/261 brn|[from] item: Leftovers
|-damage|p1a: Aegislash|3\/261 brn|[from] brn
|turn|11
|
|move|p1a: Aegislash|Shadow Sneak|p2a: Arcanine
|-damage|p2a: Arcanine|83\/384
|move|p2a: Arcanine|Morning Sun|p2a: Arcanine
|-heal|p2a: Arcanine|275\/384
|
|-heal|p2a: Arcanine|299\/384|[from] item: Leftovers
|-heal|p1a: Aegislash|19\/261 brn|[from] item: Leftovers
|-damage|p1a: Aegislash|0 fnt|[from] brn
|faint|p1a: Aegislash
|
|switch|p1a: Rotom-Wash|Rotom-Wash|242\/242
|-damage|p1a: Rotom-Wash|212\/242|[from] Stealth Rock
|turn|12
|
|switch|p2a: Blissey|Blissey, F|714\/714
|-damage|p2a: Blissey|625\/714|[from] Stealth Rock
|move|p1a: Rotom-Wash|Trick|p2a: Blissey
|-activate|p1a: Rotom-Wash|move: Trick|[of] p2a: Blissey
|-item|p2a: Blissey|Choice Specs|[from] move: Trick
|-item|p1a: Rotom-Wash|Leftovers|[from] move: Trick
|
|-heal|p1a: Rotom-Wash|227\/242|[from] item: Leftovers
|turn|13
|
|move|p1a: Rotom-Wash|Volt Switch|p2a: Blissey
|-damage|p2a: Blissey|543\/714
|
|switch|p1a: Landorus-T|Landorus-Therian, M, shiny|382\/382
|-damage|p1a: Landorus-T|335\/382|[from] Stealth Rock
|-ability|p1a: Landorus-T|Intimidate|[of] p2a: Blissey
|-unboost|p2a: Blissey|atk|1
|move|p2a: Blissey|Wish|p2a: Blissey
|
|-heal|p1a: Landorus-T|358\/382|[from] item: Leftovers
|turn|14
|
|switch|p2a: Charizard|Charizard, M|298\/298
|-damage|p2a: Charizard|149\/298|[from] Stealth Rock
|move|p1a: Landorus-T|Knock Off|p2a: Charizard
|-crit|p2a: Charizard
|-damage|p2a: Charizard|30\/298
|
|-heal|p2a: Charizard|298\/298|[from] move: Wish|[wisher] Blissey
|-heal|p1a: Landorus-T|381\/382|[from] item: Leftovers
|turn|15
|
|-weather|SunnyDay
|detailschange|p2a: Charizard|Charizard-Mega-Y, M
|message|Charizard has Mega Evolved into Mega Charizard!
|move|p2a: Charizard|Flamethrower|p1a: Landorus-T
|-damage|p1a: Landorus-T|63\/382
|move|p1a: Landorus-T|Earthquake|p2a: Charizard
|-immune|p2a: Charizard|[msg]
|
|-weather|SunnyDay|[upkeep]
|-heal|p1a: Landorus-T|86\/382|[from] item: Leftovers
|turn|16
|
|switch|p1a: Heatran|Heatran, F|323\/323
|-damage|p1a: Heatran|283\/323|[from] Stealth Rock
|-item|p1a: Heatran|Air Balloon
|move|p2a: Charizard|Air Slash|p1a: Heatran|[miss]
|-miss|p2a: Charizard|p1a: Heatran
|
|-weather|SunnyDay|[upkeep]
|turn|17
|
|move|p2a: Charizard|Air Slash|p1a: Heatran
|-resisted|p1a: Heatran
|-damage|p1a: Heatran|205\/323
|-enditem|p1a: Heatran|Air Balloon
|move|p1a: Heatran|Fire Blast|p2a: Charizard
|-resisted|p2a: Charizard
|-damage|p2a: Charizard|178\/298
|
|-weather|SunnyDay|[upkeep]
|turn|18
|
|switch|p2a: Ninetales|Ninetales, M|288\/288
|-damage|p2a: Ninetales|216\/288|[from] Stealth Rock
|move|p1a: Heatran|Toxic|p2a: Ninetales
|-status|p2a: Ninetales|tox
|
|-weather|SunnyDay|[upkeep]
|-damage|p2a: Ninetales|198\/288 tox|[from] psn
|turn|19
|
|move|p2a: Ninetales|Hidden Power|p1a: Heatran
|-supereffective|p1a: Heatran
|-damage|p1a: Heatran|0 fnt
|faint|p1a: Heatran
|
|-weather|none
|-damage|p2a: Ninetales|162\/288 tox|[from] psn
|chat|TLATER|lol, it actually worked XDD
|
|switch|p1a: Rotom-Wash|Rotom-Wash|227\/242
|-damage|p1a: Rotom-Wash|197\/242|[from] Stealth Rock
|turn|20
|
|switch|p2a: Blissey|Blissey, F|543\/714
|-damage|p2a: Blissey|454\/714|[from] Stealth Rock
|move|p1a: Rotom-Wash|Volt Switch|p2a: Blissey
|-damage|p2a: Blissey|372\/714
|
|switch|p1a: Landorus-T|Landorus-Therian, M, shiny|86\/382
|-damage|p1a: Landorus-T|39\/382|[from] Stealth Rock
|-ability|p1a: Landorus-T|Intimidate|[of] p2a: Blissey
|-unboost|p2a: Blissey|atk|1
|
|-heal|p1a: Landorus-T|62\/382|[from] item: Leftovers
|turn|21
|
|move|p1a: Landorus-T|Earthquake|p2a: Blissey
|-damage|p2a: Blissey|59\/714
|move|p2a: Blissey|Seismic Toss|p1a: Landorus-T
|-damage|p1a: Landorus-T|0 fnt
|faint|p1a: Landorus-T
|
|
|switch|p1a: Rotom-Wash|Rotom-Wash|197\/242
|-damage|p1a: Rotom-Wash|167\/242|[from] Stealth Rock
|turn|22
|
|move|p1a: Rotom-Wash|Volt Switch|p2a: Blissey
|-damage|p2a: Blissey|0 fnt
|faint|p2a: Blissey
|
|switch|p1a: Greninja|Greninja, F|211\/285
|-damage|p1a: Greninja|176\/285|[from] Stealth Rock
|
|
|switch|p2a: Ninetales|Ninetales, M|162\/288 tox
|-damage|p2a: Ninetales|90\/288 tox|[from] Stealth Rock
|-weather|SunnyDay
|turn|23
|
|-start|p1a: Greninja|typechange|Water|[from] Protean
|move|p1a: Greninja|Hydro Pump|p2a: Ninetales
|-supereffective|p2a: Ninetales
|-damage|p2a: Ninetales|0 fnt
|-damage|p1a: Greninja|148\/285|[from] item: Life Orb
|faint|p2a: Ninetales
|
|-weather|SunnyDay|[upkeep]
|
|switch|p2a: Shiftry|Shiftry, F|146\/321
|-damage|p2a: Shiftry|106\/321|[from] Stealth Rock
|turn|24
|
|move|p2a: Shiftry|Knock Off|p1a: Greninja
|-damage|p1a: Greninja|0 fnt
|-damage|p2a: Shiftry|74\/321|[from] item: Life Orb
|faint|p1a: Greninja
|
|-weather|SunnyDay|[upkeep]
|
|switch|p1a: Dragonite|Dragonite, F|323\/323
|-damage|p1a: Dragonite|243\/323|[from] Stealth Rock
|turn|25
|
|switch|p2a: Arcanine|Arcanine, F, shiny|299\/384
|-damage|p2a: Arcanine|203\/384|[from] Stealth Rock
|-ability|p2a: Arcanine|Intimidate|[of] p1a: Dragonite
|-unboost|p1a: Dragonite|atk|1
|move|p1a: Dragonite|Dragon Dance|p1a: Dragonite
|-boost|p1a: Dragonite|atk|1
|-boost|p1a: Dragonite|spe|1
|
|-weather|SunnyDay|[upkeep]
|-heal|p2a: Arcanine|227\/384|[from] item: Leftovers
|turn|26
|
|move|p1a: Dragonite|Dragon Dance|p1a: Dragonite
|-boost|p1a: Dragonite|atk|1
|-boost|p1a: Dragonite|spe|1
|move|p2a: Arcanine|Will-O-Wisp|p1a: Dragonite|[miss]
|-miss|p2a: Arcanine|p1a: Dragonite
|
|-weather|SunnyDay|[upkeep]
|-heal|p2a: Arcanine|251\/384|[from] item: Leftovers
|turn|27
|chat|TLATER|T.T
|
|move|p1a: Dragonite|Dragon Claw|p2a: Arcanine
|-damage|p2a: Arcanine|53\/384
|move|p2a: Arcanine|Will-O-Wisp|p1a: Dragonite
|-status|p1a: Dragonite|brn
|
|-weather|SunnyDay|[upkeep]
|-heal|p2a: Arcanine|77\/384|[from] item: Leftovers
|-damage|p1a: Dragonite|203\/323 brn|[from] brn
|turn|28
|
|move|p2a: Arcanine|Extreme Speed|p1a: Dragonite
|-damage|p1a: Dragonite|135\/323 brn
|move|p1a: Dragonite|Dragon Claw|p2a: Arcanine
|-damage|p2a: Arcanine|0 fnt
|faint|p2a: Arcanine
|
|-weather|SunnyDay|[upkeep]
|-damage|p1a: Dragonite|95\/323 brn|[from] brn
|
|switch|p2a: Swampert|Swampert, M|365\/404
|-damage|p2a: Swampert|340\/404|[from] Stealth Rock
|turn|29
|
|move|p1a: Dragonite|Roost|p1a: Dragonite
|-heal|p1a: Dragonite|257\/323 brn
|move|p2a: Swampert|Ice Punch|p1a: Dragonite
|-supereffective|p1a: Dragonite
|-damage|p1a: Dragonite|119\/323 brn
|-enditem|p1a: Dragonite|Weakness Policy
|-boost|p1a: Dragonite|atk|2|[from] item: Weakness Policy
|-boost|p1a: Dragonite|spa|2|[from] item: Weakness Policy
|
|-weather|SunnyDay|[upkeep]
|-heal|p2a: Swampert|365\/404|[from] item: Leftovers
|-damage|p1a: Dragonite|79\/323 brn|[from] brn
|turn|30
|
|move|p1a: Dragonite|Dragon Claw|p2a: Swampert
|-damage|p2a: Swampert|215\/404
|move|p2a: Swampert|Ice Punch|p1a: Dragonite
|-supereffective|p1a: Dragonite
|-damage|p1a: Dragonite|0 fnt
|faint|p1a: Dragonite
|
|-weather|none
|-heal|p2a: Swampert|240\/404|[from] item: Leftovers
|
|switch|p1a: Rotom-Wash|Rotom-Wash|167\/242
|-damage|p1a: Rotom-Wash|137\/242|[from] Stealth Rock
|turn|31
|chat|TLATER|gg
|
|switch|p2a: Charizard|Charizard-Mega-Y, M|178\/298
|-damage|p2a: Charizard|29\/298|[from] Stealth Rock
|-weather|SunnyDay
|move|p1a: Rotom-Wash|Hydro Pump|p2a: Charizard
|-supereffective|p2a: Charizard
|-damage|p2a: Charizard|0 fnt
|faint|p2a: Charizard
|
|-weather|SunnyDay|[upkeep]
|-heal|p1a: Rotom-Wash|152\/242|[from] item: Leftovers
|
|switch|p2a: Shiftry|Shiftry, F|74\/321
|-damage|p2a: Shiftry|34\/321|[from] Stealth Rock
|turn|32
|
|move|p2a: Shiftry|Seed Bomb|p1a: Rotom-Wash
|-crit|p1a: Rotom-Wash
|-supereffective|p1a: Rotom-Wash
|-damage|p1a: Rotom-Wash|0 fnt
|-damage|p2a: Shiftry|2\/321|[from] item: Life Orb
|faint|p1a: Rotom-Wash
|
|win|TLATER
|raw|Ladder updating...
|chat|thatisnotedible|gg
|leave|thatisnotedible
|player|p1
|raw|Ladder (probably) updated, but score could not be retrieved (timeout).
|raw|Ladder (probably) updated, but score could not be retrieved (Error: socket hang up).