|join|thatisnotedible
|join|Talfenix
|player|p1|thatisnotedible|265
|player|p2|Talfenix|292
|gametype|singles
|gen|6
|tier|OU
|rated
|clearpoke
|poke|p1|Metagross
|poke|p1|Dragonite, M
|poke|p1|Aegislash, M
|poke|p1|Greninja, M
|poke|p1|Scizor, M
|poke|p1|Heatran, M
|poke|p2|Ferrothorn, M, shiny
|poke|p2|Rotom-Wash, shiny
|poke|p2|Manaphy, shiny
|poke|p2|Charizard, F, shiny
|poke|p2|Conkeldurr, M, shiny
|poke|p2|Mandibuzz, F, shiny
|rule|Sleep Clause Mod: Limit one foe put to sleep
|rule|Species Clause: Limit one of each Pokemon
|rule|OHKO Clause: OHKO moves are banned
|rule|Moody Clause: Moody is banned
|rule|Evasion Moves Clause: Evasion moves are banned
|rule|Endless Battle Clause: Forcing endless battles is banned.
|rule|HP Percentage Mod: HP is reported as percentages
|teampreview
|
|start
|switch|p1a: Metagross|Metagross|340\/340
|switch|p2a: Manaphy|Manaphy, shiny|404\/404
|turn|1
|
|move|p2a: Manaphy|Tail Glow|p2a: Manaphy
|-boost|p2a: Manaphy|spa|3
|move|p1a: Metagross|Earthquake|p2a: Manaphy
|-damage|p2a: Manaphy|275\/404
|
|turn|2
|
|move|p1a: Metagross|Bullet Punch|p2a: Manaphy
|-resisted|p2a: Manaphy
|-damage|p2a: Manaphy|232\/404
|move|p2a: Manaphy|Hidden Power|p1a: Metagross
|-supereffective|p1a: Metagross
|-enditem|p1a: Metagross|Occa Berry|[eat]
|-damage|p1a: Metagross|154\/340
|
|turn|3
|
|switch|p1a: Heatran|Heatran, M|323\/323
|-item|p1a: Heatran|Air Balloon
|move|p2a: Manaphy|Hidden Power|p1a: Heatran
|-start|p1a: Heatran|ability: Flash Fire
|
|turn|4
|
|move|p1a: Heatran|Earth Power|p2a: Manaphy
|-crit|p2a: Manaphy
|-damage|p2a: Manaphy|85\/404
|move|p2a: Manaphy|Surf|p1a: Heatran
|-supereffective|p1a: Heatran
|-damage|p1a: Heatran|0 fnt
|-enditem|p1a: Heatran|Air Balloon
|faint|p1a: Heatran
|
|
|switch|p1a: Aegislash|Aegislash, M|261\/261
|turn|5
|
|switch|p2a: Ferrothorn|Ferrothorn, M, shiny|352\/352
|-formechange|p1a: Aegislash|Aegislash-Blade
|move|p1a: Aegislash|Shadow Sneak|p2a: Ferrothorn
|-damage|p2a: Ferrothorn|292\/352
|-damage|p1a: Aegislash|229\/261|[from] ability: Iron Barbs|[of] p2a: Ferrothorn
|-damage|p1a: Aegislash|186\/261|[from] item: Rocky Helmet|[of] p2a: Ferrothorn
|
|-heal|p1a: Aegislash|202\/261|[from] item: Leftovers
|turn|6
|
|switch|p2a: Mandibuzz|Mandibuzz, F, shiny|424\/424
|move|p1a: Aegislash|Swords Dance|p1a: Aegislash
|-boost|p1a: Aegislash|atk|2
|
|-heal|p1a: Aegislash|218\/261|[from] item: Leftovers
|turn|7
|
|-formechange|p1a: Aegislash|Aegislash
|move|p1a: Aegislash|King's Shield|p1a: Aegislash
|-singleturn|p1a: Aegislash|Protect
|move|p2a: Mandibuzz|Taunt|p1a: Aegislash
|-start|p1a: Aegislash|move: Taunt
|
|-heal|p1a: Aegislash|234\/261|[from] item: Leftovers
|turn|8
|
|move|p2a: Mandibuzz|Foul Play|p1a: Aegislash
|-supereffective|p1a: Aegislash
|-damage|p1a: Aegislash|0 fnt
|faint|p1a: Aegislash
|
|
|switch|p1a: Metagross|Metagross|154\/340
|turn|9
|
|move|p2a: Mandibuzz|Foul Play|p1a: Metagross
|-crit|p1a: Metagross
|-supereffective|p1a: Metagross
|-damage|p1a: Metagross|0 fnt
|faint|p1a: Metagross
|
|
|switch|p1a: Greninja|Greninja, M|285\/285
|turn|10
|
|switch|p2a: Ferrothorn|Ferrothorn, M, shiny|292\/352
|-start|p1a: Greninja|typechange|Ice|[from] Protean
|move|p1a: Greninja|Ice Beam|p2a: Ferrothorn
|-crit|p2a: Ferrothorn
|-damage|p2a: Ferrothorn|126\/352
|
|turn|11
|
|switch|p2a: Rotom-Wash|Rotom-Wash, shiny|304\/304
|move|p1a: Greninja|Ice Beam|p2a: Rotom-Wash
|-resisted|p2a: Rotom-Wash
|-damage|p2a: Rotom-Wash|253\/304
|
|-heal|p2a: Rotom-Wash|272\/304|[from] item: Leftovers
|turn|12
|
|-start|p1a: Greninja|typechange|Dark|[from] Protean
|move|p1a: Greninja|Dark Pulse|p2a: Rotom-Wash
|-damage|p2a: Rotom-Wash|175\/304
|move|p2a: Rotom-Wash|Volt Switch|p1a: Greninja
|-damage|p1a: Greninja|165\/285
|
|switch|p2a: Conkeldurr|Conkeldurr, M, shiny|414\/414
|
|turn|13
|
|move|p2a: Conkeldurr|Mach Punch|p1a: Greninja
|-supereffective|p1a: Greninja
|-damage|p1a: Greninja|0 fnt
|faint|p1a: Greninja
|
|
|switch|p1a: Scizor|Scizor, M|282\/282
|turn|14
|
|-formechange|p1a: Scizor|Scizor-Mega
|message|Scizor has Mega Evolved into Mega Scizor!
|move|p1a: Scizor|Bullet Punch|p2a: Conkeldurr
|-damage|p2a: Conkeldurr|266\/414
|move|p2a: Conkeldurr|Drain Punch|p1a: Scizor
|-damage|p1a: Scizor|161\/282
|-heal|p2a: Conkeldurr|327\/414|[from] drain|[of] p1a: Scizor
|
|turn|15
|
|move|p1a: Scizor|Bullet Punch|p2a: Conkeldurr
|-damage|p2a: Conkeldurr|188\/414
|move|p2a: Conkeldurr|Drain Punch|p1a: Scizor
|-damage|p1a: Scizor|44\/282
|-heal|p2a: Conkeldurr|247\/414|[from] drain|[of] p1a: Scizor
|
|turn|16
|
|move|p1a: Scizor|Bullet Punch|p2a: Conkeldurr
|-damage|p2a: Conkeldurr|121\/414
|move|p2a: Conkeldurr|Drain Punch|p1a: Scizor
|-damage|p1a: Scizor|0 fnt
|-heal|p2a: Conkeldurr|143\/414|[from] drain|[of] p1a: Scizor
|faint|p1a: Scizor
|
|
|switch|p1a: Dragonite|Dragonite, M|323\/323
|turn|17
|
|switch|p2a: Ferrothorn|Ferrothorn, M, shiny|126\/352
|move|p1a: Dragonite|Dragon Dance|p1a: Dragonite
|-boost|p1a: Dragonite|atk|1
|-boost|p1a: Dragonite|spe|1
|
|turn|18
|
|move|p1a: Dragonite|Dragon Claw|p2a: Ferrothorn
|-resisted|p2a: Ferrothorn
|-damage|p2a: Ferrothorn|36\/352
|-damage|p1a: Dragonite|283\/323|[from] ability: Iron Barbs|[of] p2a: Ferrothorn
|-damage|p1a: Dragonite|230\/323|[from] item: Rocky Helmet|[of] p2a: Ferrothorn
|move|p2a: Ferrothorn|Thunder Wave|p1a: Dragonite
|-status|p1a: Dragonite|par
|
|turn|19
|
|move|p1a: Dragonite|Roost|p1a: Dragonite
|-heal|p1a: Dragonite|323\/323 par
|move|p2a: Ferrothorn|Leech Seed|p1a: Dragonite
|-start|p1a: Dragonite|move: Leech Seed
|
|-damage|p1a: Dragonite|283\/323 par|[from] Leech Seed|[of] p2a: Ferrothorn
|-heal|p2a: Ferrothorn|76\/352|[silent]
|turn|20
|
|cant|p1a: Dragonite|par
|move|p2a: Ferrothorn|Knock Off|p1a: Dragonite
|-damage|p1a: Dragonite|205\/323 par
|-enditem|p1a: Dragonite|Weakness Policy|[from] move: Knock Off|[of] p2a: Ferrothorn
|
|-damage|p1a: Dragonite|165\/323 par|[from] Leech Seed|[of] p2a: Ferrothorn
|-heal|p2a: Ferrothorn|116\/352|[silent]
|turn|21
|
|switch|p2a: Mandibuzz|Mandibuzz, F, shiny|424\/424
|cant|p1a: Dragonite|par
|
|-damage|p1a: Dragonite|125\/323 par|[from] Leech Seed|[of] p2a: Mandibuzz
|turn|22
|
|move|p2a: Mandibuzz|Foul Play|p1a: Dragonite
|-damage|p1a: Dragonite|0 fnt
|faint|p1a: Dragonite
|
|win|Talfenix
|raw|Ladder updating...
|raw|thatisnotedible's rating: 1511 &rarr; <strong>1487<\/strong><br \/>(-24 for losing)
|raw|Talfenix's rating: 1431 &rarr; <strong>1456<\/strong><br \/>(+25 for winning)
|leave|thatisnotedible
|player|p1