|join|Porter Maberry
|join|thatisnotedible
|player|p1|Porter Maberry|126
|player|p2|thatisnotedible|101
|gametype|singles
|gen|6
|tier|OU
|rated
|clearpoke
|poke|p1|Hydreigon, M, shiny
|poke|p1|Mandibuzz, F
|poke|p1|Registeel
|poke|p1|Donphan, M
|poke|p1|Ditto
|poke|p1|Mawile, F
|poke|p2|Landorus-Therian, M
|poke|p2|Dragonite, M
|poke|p2|Aegislash, F
|poke|p2|Greninja, F
|poke|p2|Rotom-Wash
|poke|p2|Heatran, M
|rule|Sleep Clause Mod: Limit one foe put to sleep
|rule|Species Clause: Limit one of each Pokemon
|rule|OHKO Clause: OHKO moves are banned
|rule|Moody Clause: Moody is banned
|rule|Evasion Moves Clause: Evasion moves are banned
|rule|Endless Battle Clause: Forcing endless battles is banned.
|rule|HP Percentage Mod: HP is reported as percentages
|teampreview
|
|start
|switch|p1a: Hydreigon|Hydreigon, M, shiny|325\/325
|switch|p2a: Landorus-T|Landorus-Therian, M|382\/382
|-ability|p2a: Landorus-T|Intimidate|[of] p1a: Hydreigon
|-unboost|p1a: Hydreigon|atk|1
|turn|1
|
|move|p1a: Hydreigon|Draco Meteor|p2a: Landorus-T
|-damage|p2a: Landorus-T|0 fnt
|-unboost|p1a: Hydreigon|spa|2
|faint|p2a: Landorus-T
|
|
|switch|p2a: Dragonite|Dragonite, M|323\/323
|turn|2
|
|switch|p1a: Mandibuzz|Mandibuzz, F|424\/424
|move|p2a: Dragonite|Dragon Dance|p2a: Dragonite
|-boost|p2a: Dragonite|atk|1
|-boost|p2a: Dragonite|spe|1
|
|turn|3
|
|switch|p2a: Rotom-Wash|Rotom-Wash|242\/242
|move|p1a: Mandibuzz|Foul Play|p2a: Rotom-Wash
|-crit|p2a: Rotom-Wash
|-damage|p2a: Rotom-Wash|146\/242
|
|turn|4
|
|switch|p1a: Donphan|Donphan, M|384\/384
|move|p2a: Rotom-Wash|Volt Switch|p1a: Donphan
|-immune|p1a: Donphan|[msg]
|
|turn|5
|
|switch|p2a: Dragonite|Dragonite, M|323\/323
|move|p1a: Donphan|Head Smash|p2a: Dragonite
|-supereffective|p2a: Dragonite
|-damage|p2a: Dragonite|157\/323
|-damage|p1a: Donphan|301\/384|[from] recoil|[of] p2a: Dragonite
|-enditem|p2a: Dragonite|Weakness Policy
|-boost|p2a: Dragonite|atk|2|[from] item: Weakness Policy
|-boost|p2a: Dragonite|spa|2|[from] item: Weakness Policy
|
|turn|6
|
|switch|p2a: Rotom-Wash|Rotom-Wash|146\/242
|move|p1a: Donphan|Ice Shard|p2a: Rotom-Wash
|-resisted|p2a: Rotom-Wash
|-damage|p2a: Rotom-Wash|124\/242
|
|turn|7
|
|switch|p1a: Registeel|Registeel|364\/364
|move|p2a: Rotom-Wash|Hydro Pump|p1a: Registeel
|-damage|p1a: Registeel|225\/364
|
|-heal|p1a: Registeel|247\/364|[from] item: Leftovers
|turn|8
|
|move|p2a: Rotom-Wash|Hydro Pump|p1a: Registeel|[miss]
|-miss|p2a: Rotom-Wash|p1a: Registeel
|move|p1a: Registeel|Stealth Rock|p2a: Rotom-Wash
|-sidestart|p2: thatisnotedible|move: Stealth Rock
|
|-heal|p1a: Registeel|269\/364|[from] item: Leftovers
|turn|9
|
|move|p2a: Rotom-Wash|Hydro Pump|p1a: Registeel
|-damage|p1a: Registeel|136\/364
|move|p1a: Registeel|Seismic Toss|p2a: Rotom-Wash
|-damage|p2a: Rotom-Wash|24\/242
|
|-heal|p1a: Registeel|158\/364|[from] item: Leftovers
|turn|10
|
|switch|p2a: Aegislash|Aegislash, F|261\/261
|-damage|p2a: Aegislash|245\/261|[from] Stealth Rock
|move|p1a: Registeel|Seismic Toss|p2a: Aegislash
|-immune|p2a: Aegislash|[msg]
|
|-heal|p2a: Aegislash|261\/261|[from] item: Leftovers
|-heal|p1a: Registeel|180\/364|[from] item: Leftovers
|turn|11
|
|switch|p1a: Mandibuzz|Mandibuzz, F|424\/424
|move|p2a: Aegislash|Swords Dance|p2a: Aegislash
|-boost|p2a: Aegislash|atk|2
|
|turn|12
|
|move|p1a: Mandibuzz|Foul Play|p2a: Aegislash
|-crit|p2a: Aegislash
|-supereffective|p2a: Aegislash
|-damage|p2a: Aegislash|0 fnt
|faint|p2a: Aegislash
|
|-message|thatisnotedible forfeited.
|
|win|Porter Maberry
|raw|Ladder updating...
|leave|thatisnotedible
|player|p2
|raw|Porter Maberry's rating: 1575 &rarr; <strong>1594<\/strong><br \/>(+19 for winning)
|raw|thatisnotedible's rating: 1571 &rarr; <strong>1551<\/strong><br \/>(-20 for losing)