|join|trokemon3
|join|Beep^QED^Beep
|player|p1|trokemon3|266
|player|p2|Beep^QED^Beep|290
|gametype|singles
|gen|6
|tier|OU
|rated
|clearpoke
|poke|p1|Hawlucha, M
|poke|p1|Porygon2
|poke|p1|Gengar, M
|poke|p1|Metagross
|poke|p1|Venusaur, M
|poke|p1|Umbreon, F
|poke|p2|Salamence, M, shiny
|poke|p2|Thundurus, M
|poke|p2|Greninja, M, shiny
|poke|p2|Scizor, M
|poke|p2|Latios, M
|poke|p2|Heatran, F
|rule|Swagger Clause: Swagger is banned
|rule|Baton Pass Clause: Limit one PokÃ©mon knowing Baton Pass
|rule|Sleep Clause Mod: Limit one foe put to sleep
|rule|Species Clause: Limit one of each PokÃ©mon
|rule|OHKO Clause: OHKO moves are banned
|rule|Moody Clause: Moody is banned
|rule|Evasion Moves Clause: Evasion moves are banned
|rule|Endless Battle Clause: Forcing endless battles is banned
|rule|HP Percentage Mod: HP is shown in percentages
|teampreview
|
|start
|switch|p1a: Mr.crujidor|Hawlucha, M|298\/298
|switch|p2a: Scizor|Scizor, M|344\/344
|turn|1
|
|detailschange|p2a: Scizor|Scizor-Mega, M
|message|Scizor has Mega Evolved into Mega Scizor!
|move|p1a: Mr.crujidor|High Jump Kick|p2a: Scizor
|-damage|p2a: Scizor|214\/344
|move|p2a: Scizor|U-turn|p1a: Mr.crujidor
|-resisted|p1a: Mr.crujidor
|-damage|p1a: Mr.crujidor|261\/298
|
|switch|p2a: Greninja|Greninja, M, shiny|286\/286
|
|turn|2
|
|switch|p1a: Umbreon|Umbreon, F|394\/394
|move|p2a: Greninja|Ice Beam|p1a: Umbreon
|-start|p2a: Greninja|typechange|Ice|[from] Protean
|-damage|p1a: Umbreon|276\/394
|-damage|p2a: Greninja|258\/286|[from] item: Life Orb
|
|-heal|p1a: Umbreon|300\/394|[from] item: Leftovers
|turn|3
|
|switch|p2a: Heatran|Heatran, F|324\/324
|-item|p2a: Heatran|Air Balloon
|move|p1a: Umbreon|Confuse Ray|p2a: Heatran
|-start|p2a: Heatran|confusion
|
|-heal|p1a: Umbreon|324\/394|[from] item: Leftovers
|turn|4
|
|-activate|p2a: Heatran|confusion
|move|p2a: Heatran|Stealth Rock|p1a: Umbreon
|-sidestart|p1: trokemon3|move: Stealth Rock
|move|p1a: Umbreon|Foul Play|p2a: Heatran
|-damage|p2a: Heatran|257\/324
|-enditem|p2a: Heatran|Air Balloon
|
|-heal|p1a: Umbreon|348\/394|[from] item: Leftovers
|turn|5
|
|move|p1a: Umbreon|Foul Play|p2a: Heatran
|-damage|p2a: Heatran|193\/324
|-activate|p2a: Heatran|confusion
|-damage|p2a: Heatran|173\/324|[from] confusion
|
|-heal|p1a: Umbreon|372\/394|[from] item: Leftovers
|turn|6
|
|switch|p2a: Thundurus|Thundurus, M|300\/300
|move|p1a: Umbreon|Foul Play|p2a: Thundurus
|-damage|p2a: Thundurus|125\/300
|
|-heal|p1a: Umbreon|394\/394|[from] item: Leftovers
|turn|7
|
|move|p2a: Thundurus|Thunder Wave|p1a: Umbreon
|-status|p1a: Umbreon|par
|move|p1a: Umbreon|Foul Play|p2a: Thundurus
|-damage|p2a: Thundurus|0 fnt
|faint|p2a: Thundurus
|
|
|switch|p2a: Scizor|Scizor-Mega, M|214\/344
|turn|8
|
|switch|p1a: Don risas|Gengar, M|262\/262
|-damage|p1a: Don risas|230\/262|[from] Stealth Rock
|move|p2a: Scizor|Roost|p2a: Scizor
|-heal|p2a: Scizor|344\/344
|
|turn|9
|
|move|p2a: Scizor|Bullet Punch|p1a: Don risas
|-damage|p1a: Don risas|80\/262
|move|p1a: Don risas|Shadow Ball|p2a: Scizor
|-damage|p2a: Scizor|195\/344
|-unboost|p2a: Scizor|spd|1
|-damage|p1a: Don risas|54\/262|[from] item: Life Orb
|
|turn|10
|
|move|p2a: Scizor|Bullet Punch|p1a: Don risas
|-damage|p1a: Don risas|0 fnt
|faint|p1a: Don risas
|
|
|switch|p1a: Trollygon2|Porygon2|374\/374
|-damage|p1a: Trollygon2|328\/374|[from] Stealth Rock
|-boost|p1a: Trollygon2|spa|1|[from] ability: Download
|turn|11
|
|switch|p2a: Heatran|Heatran, F|173\/324
|move|p1a: Trollygon2|Thunder Wave|p2a: Heatran
|-status|p2a: Heatran|par
|
|turn|12
|
|move|p1a: Trollygon2|Thunderbolt|p2a: Heatran
|-damage|p2a: Heatran|71\/324 par
|cant|p2a: Heatran|par
|
|turn|13
|
|move|p1a: Trollygon2|Thunderbolt|p2a: Heatran
|-crit|p2a: Heatran
|-damage|p2a: Heatran|0 fnt
|faint|p2a: Heatran
|
|
|switch|p2a: Latios|Latios, M|301\/301
|turn|14
|
|move|p2a: Latios|Draco Meteor|p1a: Trollygon2
|-damage|p1a: Trollygon2|141\/374
|-unboost|p2a: Latios|spa|2
|-damage|p2a: Latios|271\/301|[from] item: Life Orb
|move|p1a: Trollygon2|Thunder Wave|p2a: Latios
|-status|p2a: Latios|par
|
|turn|15
|
|switch|p2a: Greninja|Greninja, M, shiny|258\/286
|move|p1a: Trollygon2|Recover|p1a: Trollygon2
|-heal|p1a: Trollygon2|328\/374
|
|turn|16
|
|switch|p2a: Latios|Latios, M|271\/301 par
|move|p1a: Trollygon2|Thunder Wave|p2a: Latios
|-fail|p2a: Latios|par
|
|turn|17
|
|move|p1a: Trollygon2|Ice Beam|p2a: Latios
|-supereffective|p2a: Latios
|-damage|p2a: Latios|37\/301 par
|move|p2a: Latios|Draco Meteor|p1a: Trollygon2
|-crit|p1a: Trollygon2
|-damage|p1a: Trollygon2|16\/374
|-unboost|p2a: Latios|spa|2
|-damage|p2a: Latios|7\/301 par|[from] item: Life Orb
|
|turn|18
|
|move|p1a: Trollygon2|Recover|p1a: Trollygon2
|-heal|p1a: Trollygon2|203\/374
|move|p2a: Latios|Psyshock|p1a: Trollygon2
|-damage|p1a: Trollygon2|137\/374
|-damage|p2a: Latios|0 fnt|[from] item: Life Orb
|faint|p2a: Latios
|
|
|switch|p2a: Salamence|Salamence, M, shiny|331\/331
|turn|19
|
|move|p2a: Salamence|Dragon Claw|p1a: Trollygon2
|-damage|p1a: Trollygon2|8\/374
|-damage|p2a: Salamence|298\/331|[from] item: Life Orb
|move|p1a: Trollygon2|Recover|p1a: Trollygon2
|-heal|p1a: Trollygon2|195\/374
|
|turn|20
|
|move|p2a: Salamence|Dragon Dance|p2a: Salamence
|-boost|p2a: Salamence|atk|1
|-boost|p2a: Salamence|spe|1
|move|p1a: Trollygon2|Recover|p1a: Trollygon2
|-heal|p1a: Trollygon2|374\/374
|
|turn|21
|
|move|p2a: Salamence|Dragon Claw|p1a: Trollygon2
|-damage|p1a: Trollygon2|193\/374
|-damage|p2a: Salamence|265\/331|[from] item: Life Orb
|move|p1a: Trollygon2|Thunder Wave|p2a: Salamence
|-status|p2a: Salamence|par
|
|turn|22
|
|move|p1a: Trollygon2|Recover|p1a: Trollygon2
|-heal|p1a: Trollygon2|374\/374
|cant|p2a: Salamence|par
|
|turn|23
|-message|Beep^QED^Beep forfeited.
|
|win|trokemon3
|raw|Ladder updating...
|leave|Beep^QED^Beep
|player|p2
|raw|trokemon3's rating: 1413 &rarr; <strong>1436<\/strong><br \/>(+23 for winning)
|raw|Beep^QED^Beep's rating: 1457 &rarr; <strong>1434<\/strong><br \/>(-23 for losing)