|join|trokemon3
|join|catlover23
|player|p1|trokemon3|102
|player|p2|catlover23|283
|gametype|singles
|gen|6
|tier|OU
|rated
|clearpoke
|poke|p1|Hawlucha, F
|poke|p1|Porygon2
|poke|p1|Gengar, F
|poke|p1|Metagross
|poke|p1|Venusaur, M
|poke|p1|Umbreon, F
|poke|p2|Scizor, M
|poke|p2|Slowbro, F
|poke|p2|Kyurem-Black
|poke|p2|Landorus-Therian, M
|poke|p2|Heatran, M
|poke|p2|Latias, F
|rule|Swagger Clause: Swagger is banned
|rule|Baton Pass Clause: Limit one PokÃ©mon knowing Baton Pass
|rule|Sleep Clause Mod: Limit one foe put to sleep
|rule|Species Clause: Limit one of each PokÃ©mon
|rule|OHKO Clause: OHKO moves are banned
|rule|Moody Clause: Moody is banned
|rule|Evasion Moves Clause: Evasion moves are banned
|rule|Endless Battle Clause: Forcing endless battles is banned
|rule|HP Percentage Mod: HP is shown in percentages
|teampreview
|
|start
|switch|p1a: I am fat|Venusaur, M|364\/364
|switch|p2a: Kyurem-Black|Kyurem-Black|391\/391
|-ability|p2a: Kyurem-Black|Teravolt
|turn|1
|
|detailschange|p1a: I am fat|Venusaur-Mega, M
|message|Venusaur has Mega Evolved into Mega Venusaur!
|move|p2a: Kyurem-Black|Ice Beam|p1a: I am fat
|-supereffective|p1a: I am fat
|-damage|p1a: I am fat|3\/364
|-damage|p2a: Kyurem-Black|352\/391|[from] item: Life Orb
|move|p1a: I am fat|Knock Off|p2a: Kyurem-Black
|-damage|p2a: Kyurem-Black|279\/391
|-enditem|p2a: Kyurem-Black|Life Orb|[from] move: Knock Off|[of] p1a: I am fat
|
|turn|2
|
|switch|p1a: Trollygon2|Porygon2|374\/374
|-boost|p1a: Trollygon2|spa|1|[from] ability: Download
|move|p2a: Kyurem-Black|Earth Power|p1a: Trollygon2
|-damage|p1a: Trollygon2|300\/374
|
|turn|3
|
|switch|p2a: Scizor|Scizor, M|343\/343
|move|p1a: Trollygon2|Thunder Wave|p2a: Scizor
|-status|p2a: Scizor|par
|
|turn|4
|
|detailschange|p2a: Scizor|Scizor-Mega, M
|message|Scizor has Mega Evolved into Mega Scizor!
|move|p1a: Trollygon2|Thunderbolt|p2a: Scizor
|-damage|p2a: Scizor|227\/343 par
|cant|p2a: Scizor|par
|
|turn|5
|
|move|p1a: Trollygon2|Thunderbolt|p2a: Scizor
|-damage|p2a: Scizor|111\/343 par
|move|p2a: Scizor|Knock Off|p1a: Trollygon2
|-damage|p1a: Trollygon2|216\/374
|-enditem|p1a: Trollygon2|Eviolite|[from] move: Knock Off|[of] p2a: Scizor
|
|turn|6
|
|switch|p2a: Landorus-Therian|Landorus-Therian, M|319\/319
|-ability|p2a: Landorus-Therian|Intimidate|[of] p1a: Trollygon2
|-unboost|p1a: Trollygon2|atk|1
|move|p1a: Trollygon2|Thunderbolt|p2a: Landorus-Therian
|-immune|p2a: Landorus-Therian|[msg]
|
|turn|7
|
|move|p2a: Landorus-Therian|U-turn|p1a: Trollygon2
|-damage|p1a: Trollygon2|127\/374
|
|switch|p2a: Heatran|Heatran, M|385\/385
|move|p1a: Trollygon2|Ice Beam|p2a: Heatran
|-resisted|p2a: Heatran
|-damage|p2a: Heatran|360\/385
|
|-heal|p2a: Heatran|384\/385|[from] item: Leftovers
|turn|8
|
|switch|p1a: I am fat|Venusaur-Mega, M|3\/364
|move|p2a: Heatran|Stealth Rock|p1a: I am fat
|-sidestart|p1: trokemon3|move: Stealth Rock
|
|-heal|p2a: Heatran|385\/385|[from] item: Leftovers
|turn|9
|
|move|p1a: I am fat|Synthesis|p1a: I am fat
|-heal|p1a: I am fat|185\/364
|move|p2a: Heatran|Lava Plume|p1a: I am fat
|-supereffective|p1a: I am fat
|-damage|p1a: I am fat|95\/364
|-status|p1a: I am fat|brn
|
|-damage|p1a: I am fat|50\/364 brn|[from] brn
|turn|10
|
|switch|p2a: Kyurem-Black|Kyurem-Black|279\/391
|-ability|p2a: Kyurem-Black|Teravolt
|move|p1a: I am fat|Synthesis|p1a: I am fat
|-heal|p1a: I am fat|232\/364 brn
|
|-damage|p1a: I am fat|187\/364 brn|[from] brn
|turn|11
|
|switch|p1a: Trollygon2|Porygon2|127\/374
|-damage|p1a: Trollygon2|81\/374|[from] Stealth Rock
|-boost|p1a: Trollygon2|spa|1|[from] ability: Download
|move|p2a: Kyurem-Black|Ice Beam|p1a: Trollygon2
|-crit|p1a: Trollygon2
|-damage|p1a: Trollygon2|0 fnt
|faint|p1a: Trollygon2
|
|
|switch|p1a: Mr.crujidor|Hawlucha, F|298\/298
|-damage|p1a: Mr.crujidor|261\/298|[from] Stealth Rock
|turn|12
|
|switch|p2a: Slowbro|Slowbro, F|394\/394
|move|p1a: Mr.crujidor|U-turn|p2a: Slowbro
|-supereffective|p2a: Slowbro
|-damage|p2a: Slowbro|304\/394
|
|switch|p1a: Umbreon|Umbreon, F|394\/394
|-damage|p1a: Umbreon|345\/394|[from] Stealth Rock
|
|-heal|p1a: Umbreon|369\/394|[from] item: Leftovers
|-heal|p2a: Slowbro|328\/394|[from] item: Leftovers
|turn|13
|
|switch|p2a: Heatran|Heatran, M|385\/385
|move|p1a: Umbreon|Heal Bell|p1a: Umbreon
|-cureteam|p1a: Umbreon|[from] move: HealBell
|
|-heal|p1a: Umbreon|393\/394|[from] item: Leftovers
|turn|14
|
|move|p2a: Heatran|Lava Plume|p1a: Umbreon
|-damage|p1a: Umbreon|321\/394
|move|p1a: Umbreon|Foul Play|p2a: Heatran
|-damage|p2a: Heatran|313\/385
|
|-heal|p2a: Heatran|337\/385|[from] item: Leftovers
|-heal|p1a: Umbreon|345\/394|[from] item: Leftovers
|turn|15
|
|move|p2a: Heatran|Lava Plume|p1a: Umbreon
|-damage|p1a: Umbreon|270\/394
|move|p1a: Umbreon|Foul Play|p2a: Heatran
|-damage|p2a: Heatran|255\/385
|
|-heal|p2a: Heatran|279\/385|[from] item: Leftovers
|-heal|p1a: Umbreon|294\/394|[from] item: Leftovers
|turn|16
|
|move|p1a: Umbreon|Foul Play|p2a: Heatran
|-damage|p2a: Heatran|200\/385
|move|p2a: Heatran|Roar|p1a: Umbreon
|drag|p1a: Don risas|Gengar, F|262\/262
|-damage|p1a: Don risas|230\/262|[from] Stealth Rock
|
|-heal|p2a: Heatran|224\/385|[from] item: Leftovers
|turn|17
|
|move|p1a: Don risas|Shadow Ball|p2a: Heatran
|-damage|p2a: Heatran|91\/385
|-damage|p1a: Don risas|204\/262|[from] item: Life Orb
|move|p2a: Heatran|Lava Plume|p1a: Don risas
|-damage|p1a: Don risas|45\/262
|
|-heal|p2a: Heatran|115\/385|[from] item: Leftovers
|turn|18
|
|move|p2a: Heatran|Protect|p2a: Heatran
|-singleturn|p2a: Heatran|Protect
|move|p1a: Don risas|Shadow Ball|p2a: Heatran
|-activate|p2a: Heatran|Protect
|
|-heal|p2a: Heatran|139\/385|[from] item: Leftovers
|turn|19
|
|switch|p2a: Scizor|Scizor-Mega, M|111\/343 par
|move|p1a: Don risas|Shadow Ball|p2a: Scizor
|-crit|p2a: Scizor
|-damage|p2a: Scizor|0 fnt
|-damage|p1a: Don risas|19\/262|[from] item: Life Orb
|faint|p2a: Scizor
|
|
|switch|p2a: Landorus-Therian|Landorus-Therian, M|319\/319
|-ability|p2a: Landorus-Therian|Intimidate|[of] p1a: Don risas
|-unboost|p1a: Don risas|atk|1
|turn|20
|
|move|p2a: Landorus-Therian|U-turn|p1a: Don risas
|-resisted|p1a: Don risas
|-damage|p1a: Don risas|0 fnt
|faint|p1a: Don risas
|
|switch|p2a: Latias|Latias, F|319\/319
|
|
|switch|p1a: Mr.crujidor|Hawlucha, F|261\/298
|-damage|p1a: Mr.crujidor|224\/298|[from] Stealth Rock
|turn|21
|
|move|p1a: Mr.crujidor|U-turn|p2a: Latias
|-supereffective|p2a: Latias
|-damage|p2a: Latias|167\/319
|
|switch|p1a: Umbreon|Umbreon, F|294\/394
|-damage|p1a: Umbreon|245\/394|[from] Stealth Rock
|move|p2a: Latias|Psyshock|p1a: Umbreon
|-immune|p1a: Umbreon|[msg]
|
|-heal|p1a: Umbreon|269\/394|[from] item: Leftovers
|turn|22
|
|move|p2a: Latias|Roost|p2a: Latias
|-heal|p2a: Latias|319\/319
|move|p1a: Umbreon|Moonlight|p1a: Umbreon
|-heal|p1a: Umbreon|394\/394
|
|turn|23
|
|switch|p2a: Heatran|Heatran, M|139\/385
|move|p1a: Umbreon|Foul Play|p2a: Heatran
|-damage|p2a: Heatran|57\/385
|
|-heal|p2a: Heatran|81\/385|[from] item: Leftovers
|turn|24
|
|move|p2a: Heatran|Protect|p2a: Heatran
|-singleturn|p2a: Heatran|Protect
|move|p1a: Umbreon|Foul Play|p2a: Heatran
|-activate|p2a: Heatran|Protect
|
|-heal|p2a: Heatran|105\/385|[from] item: Leftovers
|turn|25
|
|move|p2a: Heatran|Lava Plume|p1a: Umbreon
|-crit|p1a: Umbreon
|-damage|p1a: Umbreon|268\/394
|move|p1a: Umbreon|Foul Play|p2a: Heatran
|-damage|p2a: Heatran|36\/385
|
|-heal|p2a: Heatran|60\/385|[from] item: Leftovers
|-heal|p1a: Umbreon|292\/394|[from] item: Leftovers
|turn|26
|
|move|p2a: Heatran|Protect|p2a: Heatran
|-singleturn|p2a: Heatran|Protect
|move|p1a: Umbreon|Foul Play|p2a: Heatran
|-activate|p2a: Heatran|Protect
|
|-heal|p2a: Heatran|84\/385|[from] item: Leftovers
|-heal|p1a: Umbreon|316\/394|[from] item: Leftovers
|turn|27
|
|move|p2a: Heatran|Lava Plume|p1a: Umbreon
|-damage|p1a: Umbreon|241\/394
|-status|p1a: Umbreon|brn
|move|p1a: Umbreon|Foul Play|p2a: Heatran
|-damage|p2a: Heatran|48\/385
|
|-heal|p2a: Heatran|72\/385|[from] item: Leftovers
|-heal|p1a: Umbreon|265\/394 brn|[from] item: Leftovers
|-damage|p1a: Umbreon|216\/394 brn|[from] brn
|turn|28
|
|switch|p2a: Landorus-Therian|Landorus-Therian, M|319\/319
|-ability|p2a: Landorus-Therian|Intimidate|[of] p1a: Umbreon
|-unboost|p1a: Umbreon|atk|1
|move|p1a: Umbreon|Heal Bell|p1a: Umbreon
|-cureteam|p1a: Umbreon|[from] move: HealBell
|
|-heal|p1a: Umbreon|240\/394|[from] item: Leftovers
|turn|29
|
|move|p2a: Landorus-Therian|Earthquake|p1a: Umbreon
|-damage|p1a: Umbreon|81\/394
|move|p1a: Umbreon|Moonlight|p1a: Umbreon
|-heal|p1a: Umbreon|278\/394
|
|-heal|p1a: Umbreon|302\/394|[from] item: Leftovers
|turn|30
|
|switch|p2a: Heatran|Heatran, M|72\/385
|switch|p1a: Mr.crujidor|Hawlucha, F|224\/298
|-damage|p1a: Mr.crujidor|187\/298|[from] Stealth Rock
|
|-heal|p2a: Heatran|96\/385|[from] item: Leftovers
|turn|31
|
|move|p2a: Heatran|Protect|p2a: Heatran
|-singleturn|p2a: Heatran|Protect
|move|p1a: Mr.crujidor|Acrobatics|p2a: Heatran
|-activate|p2a: Heatran|Protect
|
|-heal|p2a: Heatran|120\/385|[from] item: Leftovers
|turn|32
|
|move|p1a: Mr.crujidor|High Jump Kick|p2a: Heatran
|-supereffective|p2a: Heatran
|-damage|p2a: Heatran|0 fnt
|faint|p2a: Heatran
|
|
|switch|p2a: Landorus-Therian|Landorus-Therian, M|319\/319
|-ability|p2a: Landorus-Therian|Intimidate|[of] p1a: Mr.crujidor
|-unboost|p1a: Mr.crujidor|atk|1
|turn|33
|
|switch|p1a: Metaweight|Metagross|364\/364
|-damage|p1a: Metaweight|342\/364|[from] Stealth Rock
|move|p2a: Landorus-Therian|Stone Edge|p1a: Metaweight
|-resisted|p1a: Metaweight
|-damage|p1a: Metaweight|305\/364
|
|turn|34
|
|switch|p2a: Slowbro|Slowbro, F|394\/394
|switch|p1a: I am fat|Venusaur-Mega, M|187\/364
|-damage|p1a: I am fat|142\/364|[from] Stealth Rock
|
|turn|35
|
|switch|p2a: Kyurem-Black|Kyurem-Black|279\/391
|-ability|p2a: Kyurem-Black|Teravolt
|move|p1a: I am fat|Synthesis|p1a: I am fat
|-heal|p1a: I am fat|324\/364
|
|turn|36
|
|switch|p1a: Umbreon|Umbreon, F|302\/394
|-damage|p1a: Umbreon|253\/394|[from] Stealth Rock
|move|p2a: Kyurem-Black|Ice Beam|p1a: Umbreon
|-crit|p1a: Umbreon
|-damage|p1a: Umbreon|73\/394
|
|-heal|p1a: Umbreon|97\/394|[from] item: Leftovers
|turn|37
|
|switch|p1a: Mr.crujidor|Hawlucha, F|187\/298
|-damage|p1a: Mr.crujidor|150\/298|[from] Stealth Rock
|move|p2a: Kyurem-Black|Ice Beam|p1a: Mr.crujidor
|-supereffective|p1a: Mr.crujidor
|-damage|p1a: Mr.crujidor|0 fnt
|faint|p1a: Mr.crujidor
|
|
|switch|p1a: Metaweight|Metagross|305\/364
|-damage|p1a: Metaweight|283\/364|[from] Stealth Rock
|turn|38
|
|switch|p2a: Slowbro|Slowbro, F|394\/394
|move|p1a: Metaweight|Meteor Mash|p2a: Slowbro
|-resisted|p2a: Slowbro
|-damage|p2a: Slowbro|346\/394
|
|-heal|p2a: Slowbro|370\/394|[from] item: Leftovers
|turn|39
|
|switch|p1a: I am fat|Venusaur-Mega, M|324\/364
|-damage|p1a: I am fat|279\/364|[from] Stealth Rock
|switch|p2a: Landorus-Therian|Landorus-Therian, M|319\/319
|-ability|p2a: Landorus-Therian|Intimidate|[of] p1a: I am fat
|-unboost|p1a: I am fat|atk|1
|
|turn|40
|
|move|p2a: Landorus-Therian|U-turn|p1a: I am fat
|-damage|p1a: I am fat|217\/364
|
|switch|p2a: Kyurem-Black|Kyurem-Black|279\/391
|-ability|p2a: Kyurem-Black|Teravolt
|move|p1a: I am fat|Leech Seed|p2a: Kyurem-Black
|-start|p2a: Kyurem-Black|move: Leech Seed
|
|-damage|p2a: Kyurem-Black|231\/391|[from] Leech Seed|[of] p1a: I am fat
|-heal|p1a: I am fat|265\/364|[silent]
|turn|41
|
|switch|p2a: Landorus-Therian|Landorus-Therian, M|319\/319
|-ability|p2a: Landorus-Therian|Intimidate|[of] p1a: I am fat
|-unboost|p1a: I am fat|atk|1
|move|p1a: I am fat|Earthquake|p2a: Landorus-Therian
|-immune|p2a: Landorus-Therian|[msg]
|
|turn|42
|
|move|p2a: Landorus-Therian|Earthquake|p1a: I am fat
|-damage|p1a: I am fat|124\/364
|move|p1a: I am fat|Leech Seed|p2a: Landorus-Therian
|-start|p2a: Landorus-Therian|move: Leech Seed
|
|-damage|p2a: Landorus-Therian|280\/319|[from] Leech Seed|[of] p1a: I am fat
|-heal|p1a: I am fat|163\/364|[silent]
|turn|43
|
|switch|p2a: Latias|Latias, F|319\/319
|move|p1a: I am fat|Synthesis|p1a: I am fat
|-heal|p1a: I am fat|345\/364
|
|turn|44
|
|switch|p1a: Metaweight|Metagross|283\/364
|-damage|p1a: Metaweight|261\/364|[from] Stealth Rock
|move|p2a: Latias|Draco Meteor|p1a: Metaweight
|-crit|p1a: Metaweight
|-resisted|p1a: Metaweight
|-damage|p1a: Metaweight|45\/364
|-unboost|p2a: Latias|spa|2
|-damage|p2a: Latias|288\/319|[from] item: Life Orb
|-enditem|p1a: Metaweight|Sitrus Berry|[eat]
|-heal|p1a: Metaweight|136\/364|[from] item: Sitrus Berry
|
|turn|45
|
|switch|p2a: Landorus-Therian|Landorus-Therian, M|280\/319
|-ability|p2a: Landorus-Therian|Intimidate|[of] p1a: Metaweight
|-fail|p1a: Metaweight|unboost|[from] ability: Clear Body|[of] p1a: Metaweight
|switch|p1a: Umbreon|Umbreon, F|97\/394
|-damage|p1a: Umbreon|48\/394|[from] Stealth Rock
|
|-heal|p1a: Umbreon|72\/394|[from] item: Leftovers
|turn|46
|
|switch|p1a: I am fat|Venusaur-Mega, M|345\/364
|-damage|p1a: I am fat|300\/364|[from] Stealth Rock
|move|p2a: Landorus-Therian|U-turn|p1a: I am fat
|-damage|p1a: I am fat|243\/364
|
|switch|p2a: Kyurem-Black|Kyurem-Black|231\/391
|-ability|p2a: Kyurem-Black|Teravolt
|
|turn|47
|
|move|p2a: Kyurem-Black|Ice Beam|p1a: I am fat
|-supereffective|p1a: I am fat
|-damage|p1a: I am fat|0 fnt
|faint|p1a: I am fat
|
|
|switch|p1a: Metaweight|Metagross|136\/364
|-damage|p1a: Metaweight|114\/364|[from] Stealth Rock
|turn|48
|
|move|p1a: Metaweight|Bullet Punch|p2a: Kyurem-Black
|-supereffective|p2a: Kyurem-Black
|-damage|p2a: Kyurem-Black|115\/391
|move|p2a: Kyurem-Black|Earth Power|p1a: Metaweight
|-supereffective|p1a: Metaweight
|-damage|p1a: Metaweight|0 fnt
|faint|p1a: Metaweight
|
|
|switch|p1a: Umbreon|Umbreon, F|72\/394
|-damage|p1a: Umbreon|23\/394|[from] Stealth Rock
|turn|49
|c|âcatlover23|gg
|
|move|p2a: Kyurem-Black|Ice Beam|p1a: Umbreon
|-damage|p1a: Umbreon|0 fnt
|faint|p1a: Umbreon
|
|win|catlover23
|raw|Ladder updating...
|raw|trokemon3's rating: 1573 &rarr; <strong>1548<\/strong><br \/>(-25 for losing)
|raw|catlover23's rating: 1486 &rarr; <strong>1511<\/strong><br \/>(+25 for winning)
|leave|trokemon3
|player|p1