|join|DCuca
|join|trokemon3
|player|p1|DCuca|101
|player|p2|trokemon3|266
|gametype|singles
|gen|6
|tier|OU
|rated
|clearpoke
|poke|p1|Medicham, F
|poke|p1|Azumarill, F
|poke|p1|Ferrothorn, F
|poke|p1|Latios, M
|poke|p1|Heatran, M
|poke|p1|Landorus, M
|poke|p2|Hawlucha, M
|poke|p2|Porygon2
|poke|p2|Gengar, F
|poke|p2|Metagross
|poke|p2|Venusaur, M
|poke|p2|Umbreon, M
|rule|Swagger Clause: Swagger is banned
|rule|Baton Pass Clause: Limit one PokÃ©mon knowing Baton Pass
|rule|Sleep Clause Mod: Limit one foe put to sleep
|rule|Species Clause: Limit one of each PokÃ©mon
|rule|OHKO Clause: OHKO moves are banned
|rule|Moody Clause: Moody is banned
|rule|Evasion Moves Clause: Evasion moves are banned
|rule|Endless Battle Clause: Forcing endless battles is banned
|rule|HP Percentage Mod: HP is shown in percentages
|teampreview
|
|start
|switch|p1a: Medicham|Medicham, F|261\/261
|switch|p2a: Mr.crujidor|Hawlucha, M|298\/298
|turn|1
|
|switch|p2a: Don risas|Gengar, F|262\/262
|switch|p1a: Latios|Latios, M|302\/302
|
|turn|2
|
|switch|p1a: Heatran|Heatran, M|386\/386
|move|p2a: Don risas|Shadow Ball|p1a: Heatran
|-damage|p1a: Heatran|252\/386
|-damage|p2a: Don risas|236\/262|[from] item: Life Orb
|
|-heal|p1a: Heatran|276\/386|[from] item: Leftovers
|turn|3
|
|switch|p2a: I am fat|Venusaur, M|364\/364
|move|p1a: Heatran|Stealth Rock|p2a: I am fat
|-sidestart|p2: trokemon3|move: Stealth Rock
|
|-heal|p1a: Heatran|300\/386|[from] item: Leftovers
|turn|4
|
|detailschange|p2a: I am fat|Venusaur-Mega, M
|message|Venusaur has Mega Evolved into Mega Venusaur!
|move|p2a: I am fat|Earthquake|p1a: Heatran
|-supereffective|p1a: Heatran
|-damage|p1a: Heatran|28\/386
|move|p1a: Heatran|Taunt|p2a: I am fat
|-start|p2a: I am fat|move: Taunt
|
|-heal|p1a: Heatran|52\/386|[from] item: Leftovers
|turn|5
|
|switch|p2a: Mr.crujidor|Hawlucha, M|298\/298
|-damage|p2a: Mr.crujidor|261\/298|[from] Stealth Rock
|switch|p1a: Latios|Latios, M|302\/302
|
|turn|6
|
|switch|p1a: Medicham|Medicham, F|261\/261
|move|p2a: Mr.crujidor|U-turn|p1a: Medicham
|-crit|p1a: Medicham
|-damage|p1a: Medicham|146\/261
|
|switch|p2a: Don risas|Gengar, F|236\/262
|-damage|p2a: Don risas|204\/262|[from] Stealth Rock
|
|turn|7
|
|switch|p1a: Heatran|Heatran, M|52\/386
|move|p2a: Don risas|Shadow Ball|p1a: Heatran
|-damage|p1a: Heatran|0 fnt
|-damage|p2a: Don risas|178\/262|[from] item: Life Orb
|faint|p1a: Heatran
|
|
|switch|p1a: Ferrothorn|Ferrothorn, F|342\/342
|turn|8
|
|switch|p2a: Mr.crujidor|Hawlucha, M|261\/298
|-damage|p2a: Mr.crujidor|224\/298|[from] Stealth Rock
|switch|p1a: Azumarill|Azumarill, F|388\/388
|
|turn|9
|
|switch|p2a: I am fat|Venusaur-Mega, M|364\/364
|-damage|p2a: I am fat|319\/364|[from] Stealth Rock
|move|p1a: Azumarill|Knock Off|p2a: I am fat
|-damage|p2a: I am fat|253\/364
|
|turn|10
|
|switch|p1a: Latios|Latios, M|302\/302
|move|p2a: I am fat|Leech Seed|p1a: Latios
|-start|p1a: Latios|move: Leech Seed
|
|-damage|p1a: Latios|265\/302|[from] Leech Seed|[of] p2a: I am fat
|-heal|p2a: I am fat|290\/364|[silent]
|turn|11
|
|switch|p1a: Medicham|Medicham, F|146\/261
|move|p2a: I am fat|Toxic|p1a: Medicham
|-status|p1a: Medicham|tox
|
|-damage|p1a: Medicham|130\/261 tox|[from] psn
|turn|12
|
|switch|p2a: Metaweight|Metagross|364\/364
|-damage|p2a: Metaweight|342\/364|[from] Stealth Rock
|detailschange|p1a: Medicham|Medicham-Mega, F
|message|Medicham has Mega Evolved into Mega Medicham!
|move|p1a: Medicham|Drain Punch|p2a: Metaweight
|-damage|p2a: Metaweight|204\/364
|-heal|p1a: Medicham|199\/261 tox|[from] drain|[of] p2a: Metaweight
|
|-damage|p1a: Medicham|167\/261 tox|[from] psn
|turn|13
|
|switch|p1a: Landorus|Landorus, M|319\/319
|move|p2a: Metaweight|Meteor Mash|p1a: Landorus
|-damage|p1a: Landorus|165\/319
|
|turn|14
|
|switch|p2a: Don risas|Gengar, F|178\/262
|-damage|p2a: Don risas|146\/262|[from] Stealth Rock
|move|p1a: Landorus|Knock Off|p2a: Don risas
|-supereffective|p2a: Don risas
|-damage|p2a: Don risas|0 fnt
|-enditem|p2a: Don risas|Life Orb|[from] move: Knock Off|[of] p1a: Landorus
|-damage|p1a: Landorus|134\/319|[from] item: Life Orb
|faint|p2a: Don risas
|
|
|switch|p2a: Metaweight|Metagross|204\/364
|-damage|p2a: Metaweight|182\/364|[from] Stealth Rock
|-enditem|p2a: Metaweight|Sitrus Berry|[eat]
|-heal|p2a: Metaweight|273\/364|[from] item: Sitrus Berry
|turn|15
|
|move|p1a: Landorus|Earth Power|p2a: Metaweight
|-supereffective|p2a: Metaweight
|-damage|p2a: Metaweight|0 fnt
|faint|p2a: Metaweight
|
|
|switch|p2a: Umbreon|Umbreon, M|394\/394
|-damage|p2a: Umbreon|345\/394|[from] Stealth Rock
|turn|16
|
|move|p1a: Landorus|Focus Blast|p2a: Umbreon
|-supereffective|p2a: Umbreon
|-damage|p2a: Umbreon|36\/394
|move|p2a: Umbreon|Foul Play|p1a: Landorus
|-damage|p1a: Landorus|0 fnt
|faint|p1a: Landorus
|
|-heal|p2a: Umbreon|60\/394|[from] item: Leftovers
|
|switch|p1a: Medicham|Medicham-Mega, F|167\/261 tox
|turn|17
|
|move|p1a: Medicham|Ice Punch|p2a: Umbreon
|-damage|p2a: Umbreon|0 fnt
|faint|p2a: Umbreon
|
|-damage|p1a: Medicham|151\/261 tox|[from] psn
|
|switch|p2a: Mr.crujidor|Hawlucha, M|224\/298
|-damage|p2a: Mr.crujidor|187\/298|[from] Stealth Rock
|turn|18
|
|switch|p1a: Ferrothorn|Ferrothorn, F|342\/342
|move|p2a: Mr.crujidor|Acrobatics|p1a: Ferrothorn
|-crit|p1a: Ferrothorn
|-damage|p1a: Ferrothorn|213\/342
|-damage|p2a: Mr.crujidor|150\/298|[from] ability: Iron Barbs|[of] p1a: Ferrothorn
|
|-heal|p1a: Ferrothorn|234\/342|[from] item: Leftovers
|turn|19
|
|move|p1a: Ferrothorn|Protect|p1a: Ferrothorn
|-singleturn|p1a: Ferrothorn|Protect
|move|p2a: Mr.crujidor|High Jump Kick|p1a: Ferrothorn
|-activate|p1a: Ferrothorn|Protect
|-damage|p2a: Mr.crujidor|1\/298|[from] highjumpkick
|
|-heal|p1a: Ferrothorn|255\/342|[from] item: Leftovers
|turn|20
|-message|trokemon3 forfeited.
|
|win|DCuca
|raw|Ladder updating...
|leave|trokemon3
|player|p2
|raw|Ladder (probably) updated, but score could not be retrieved (timeout).
|raw|Ladder (probably) updated, but score could not be retrieved (Error: socket hang up).