|join|trokemon3
|join|471V3
|player|p1|trokemon3|94
|player|p2|471V3|158
|gametype|singles
|gen|6
|tier|OU
|rated
|clearpoke
|poke|p1|Tyranitar, F
|poke|p1|Darmanitan, M
|poke|p1|Skarmory, M, shiny
|poke|p1|Goodra, M
|poke|p1|Alomomola, F, shiny
|poke|p1|Starmie
|poke|p2|Kyurem-Black
|poke|p2|Heracross, F
|poke|p2|Jirachi
|poke|p2|Azumarill, F
|poke|p2|Landorus-Therian, M
|poke|p2|Mew
|rule|Swagger Clause: Swagger is banned
|rule|Baton Pass Clause: Limit one PokÃ©mon knowing Baton Pass
|rule|Sleep Clause Mod: Limit one foe put to sleep
|rule|Species Clause: Limit one of each PokÃ©mon
|rule|OHKO Clause: OHKO moves are banned
|rule|Moody Clause: Moody is banned
|rule|Evasion Moves Clause: Evasion moves are banned
|rule|Endless Battle Clause: Forcing endless battles is banned
|rule|HP Percentage Mod: HP is shown in percentages
|teampreview
|
|start
|switch|p1a: Darmanitan|Darmanitan, M|351\/351
|switch|p2a: Jirachi|Jirachi|401\/401
|turn|1
|
|switch|p2a: Azumarill|Azumarill, F|389\/389
|move|p1a: Darmanitan|Flare Blitz|p2a: Azumarill
|-resisted|p2a: Azumarill
|-damage|p2a: Azumarill|199\/389
|-damage|p1a: Darmanitan|288\/351|[from] recoil|[of] p2a: Azumarill
|
|turn|2
|
|switch|p1a: Skarmory|Skarmory, M, shiny|334\/334
|move|p2a: Azumarill|Knock Off|p1a: Skarmory
|-crit|p1a: Skarmory
|-damage|p1a: Skarmory|149\/334
|-damage|p2a: Azumarill|135\/389|[from] item: Rocky Helmet|[of] p1a: Skarmory
|-enditem|p1a: Skarmory|Rocky Helmet|[from] move: Knock Off|[of] p2a: Azumarill
|
|turn|3
|
|switch|p2a: Mew|Mew|401\/401
|move|p1a: Skarmory|Roost|p1a: Skarmory
|-heal|p1a: Skarmory|316\/334
|
|turn|4
|
|move|p2a: Mew|Will-O-Wisp|p1a: Skarmory
|-status|p1a: Skarmory|brn
|move|p1a: Skarmory|Spikes|p2a: Mew
|-sidestart|p2: 471V3|Spikes
|
|-damage|p1a: Skarmory|275\/334 brn|[from] brn
|turn|5
|
|switch|p1a: Goodra|Goodra, M|384\/384
|move|p2a: Mew|Knock Off|p1a: Goodra
|-damage|p1a: Goodra|279\/384
|-enditem|p1a: Goodra|Assault Vest|[from] move: Knock Off|[of] p2a: Mew
|
|turn|6
|
|move|p2a: Mew|Will-O-Wisp|p1a: Goodra
|-status|p1a: Goodra|brn
|move|p1a: Goodra|Fire Blast|p2a: Mew
|-damage|p2a: Mew|291\/401
|
|-heal|p2a: Mew|316\/401|[from] item: Leftovers
|-damage|p1a: Goodra|231\/384 brn|[from] brn
|turn|7
|
|move|p2a: Mew|Knock Off|p1a: Goodra
|-crit|p1a: Goodra
|-damage|p1a: Goodra|128\/384 brn
|move|p1a: Goodra|Fire Blast|p2a: Mew|[miss]
|-miss|p1a: Goodra|p2a: Mew
|
|-heal|p2a: Mew|341\/401|[from] item: Leftovers
|-damage|p1a: Goodra|80\/384 brn|[from] brn
|turn|8
|
|move|p2a: Mew|Defog|p1a: Goodra
|-unboost|p1a: Goodra|evasion|1
|-sideend|p2: 471V3|Spikes|[from] move: Defog|[of] p2a: Mew
|move|p1a: Goodra|Fire Blast|p2a: Mew|[miss]
|-miss|p1a: Goodra|p2a: Mew
|
|-heal|p2a: Mew|366\/401|[from] item: Leftovers
|-damage|p1a: Goodra|32\/384 brn|[from] brn
|turn|9
|
|move|p2a: Mew|Knock Off|p1a: Goodra
|-crit|p1a: Goodra
|-damage|p1a: Goodra|0 fnt
|faint|p1a: Goodra
|
|-heal|p2a: Mew|391\/401|[from] item: Leftovers
|
|switch|p1a: Starmie|Starmie|261\/261
|turn|10
|
|move|p1a: Starmie|Hydro Pump|p2a: Mew|[miss]
|-miss|p1a: Starmie|p2a: Mew
|move|p2a: Mew|Knock Off|p1a: Starmie
|-crit|p1a: Starmie
|-supereffective|p1a: Starmie
|-damage|p1a: Starmie|15\/261
|-enditem|p1a: Starmie|Life Orb|[from] move: Knock Off|[of] p2a: Mew
|
|-heal|p2a: Mew|401\/401|[from] item: Leftovers
|turn|11
|c|â471V3|sry ._.
|
|move|p1a: Starmie|Hydro Pump|p2a: Mew
|-damage|p2a: Mew|247\/401
|move|p2a: Mew|Knock Off|p1a: Starmie
|-supereffective|p1a: Starmie
|-damage|p1a: Starmie|0 fnt
|faint|p1a: Starmie
|
|-heal|p2a: Mew|272\/401|[from] item: Leftovers
|
|switch|p1a: Darmanitan|Darmanitan, M|288\/351
|turn|12
|
|move|p1a: Darmanitan|Flare Blitz|p2a: Mew
|-damage|p2a: Mew|13\/401
|-damage|p1a: Darmanitan|203\/351|[from] recoil|[of] p2a: Mew
|move|p2a: Mew|Soft-Boiled|p2a: Mew
|-heal|p2a: Mew|214\/401
|
|-heal|p2a: Mew|239\/401|[from] item: Leftovers
|turn|13
|
|switch|p2a: Kyurem-Black|Kyurem-Black|417\/417
|-ability|p2a: Kyurem-Black|Teravolt
|move|p1a: Darmanitan|Flare Blitz|p2a: Kyurem-Black
|-crit|p2a: Kyurem-Black
|-damage|p2a: Kyurem-Black|0 fnt
|-damage|p1a: Darmanitan|65\/351|[from] recoil|[of] p2a: Kyurem-Black
|faint|p2a: Kyurem-Black
|
|
|switch|p2a: Azumarill|Azumarill, F|135\/389
|turn|14
|
|switch|p1a: Skarmory|Skarmory, M, shiny|275\/334 brn
|move|p2a: Azumarill|Play Rough|p1a: Skarmory
|-resisted|p1a: Skarmory
|-damage|p1a: Skarmory|194\/334 brn
|
|-damage|p1a: Skarmory|153\/334 brn|[from] brn
|turn|15
|
|switch|p2a: Landorus-Therian|Landorus-Therian, M|351\/351
|-ability|p2a: Landorus-Therian|Intimidate|[of] p1a: Skarmory
|-unboost|p1a: Skarmory|atk|1
|move|p1a: Skarmory|Spikes|p2a: Landorus-Therian
|-sidestart|p2: 471V3|Spikes
|
|-damage|p1a: Skarmory|112\/334 brn|[from] brn
|turn|16
|
|switch|p1a: Darmanitan|Darmanitan, M|65\/351
|move|p2a: Landorus-Therian|Swords Dance|p2a: Landorus-Therian
|-boost|p2a: Landorus-Therian|atk|2
|
|turn|17
|
|move|p1a: Darmanitan|Flare Blitz|p2a: Landorus-Therian
|-damage|p2a: Landorus-Therian|2\/351
|-damage|p1a: Darmanitan|0 fnt|[from] recoil|[of] p2a: Landorus-Therian
|faint|p1a: Darmanitan
|move|p2a: Landorus-Therian|Rock Polish|p2a: Landorus-Therian
|-boost|p2a: Landorus-Therian|spe|2
|
|-heal|p2a: Landorus-Therian|23\/351|[from] item: Leftovers
|
|switch|p1a: Alomomola|Alomomola, F, shiny|534\/534
|turn|18
|
|move|p2a: Landorus-Therian|Earthquake|p1a: Alomomola
|-damage|p1a: Alomomola|170\/534
|move|p1a: Alomomola|Scald|p2a: Landorus-Therian
|-supereffective|p2a: Landorus-Therian
|-damage|p2a: Landorus-Therian|0 fnt
|faint|p2a: Landorus-Therian
|
|-heal|p1a: Alomomola|203\/534|[from] item: Leftovers
|
|switch|p2a: Heracross|Heracross, F|301\/301
|-damage|p2a: Heracross|264\/301|[from] Spikes
|turn|19
|
|switch|p1a: Skarmory|Skarmory, M, shiny|112\/334 brn
|detailschange|p2a: Heracross|Heracross-Mega, F
|-mega|p2a: Heracross|Heracross|Heracronite
|move|p2a: Heracross|Pin Missile|p1a: Skarmory
|-resisted|p1a: Skarmory
|-damage|p1a: Skarmory|104\/334 brn
|-resisted|p1a: Skarmory
|-damage|p1a: Skarmory|95\/334 brn
|-crit|p1a: Skarmory
|-resisted|p1a: Skarmory
|-damage|p1a: Skarmory|83\/334 brn
|-resisted|p1a: Skarmory
|-damage|p1a: Skarmory|74\/334 brn
|-crit|p1a: Skarmory
|-resisted|p1a: Skarmory
|-damage|p1a: Skarmory|61\/334 brn
|-hitcount|p1a: Skarmory|5
|
|-damage|p1a: Skarmory|20\/334 brn|[from] brn
|turn|20
|
|move|p2a: Heracross|Pin Missile|p1a: Skarmory
|-resisted|p1a: Skarmory
|-damage|p1a: Skarmory|11\/334 brn
|-resisted|p1a: Skarmory
|-damage|p1a: Skarmory|3\/334 brn
|-resisted|p1a: Skarmory
|-damage|p1a: Skarmory|0 fnt
|-hitcount|p1a: Skarmory|3
|faint|p1a: Skarmory
|
|
|switch|p1a: Alomomola|Alomomola, F, shiny|381\/534
|turn|21
|
|move|p2a: Heracross|Swords Dance|p2a: Heracross
|-boost|p2a: Heracross|atk|2
|move|p1a: Alomomola|Wish|p1a: Alomomola
|
|-heal|p1a: Alomomola|414\/534|[from] item: Leftovers
|turn|22
|
|move|p2a: Heracross|Pin Missile|p1a: Alomomola
|-damage|p1a: Alomomola|324\/534
|-damage|p1a: Alomomola|222\/534
|-damage|p1a: Alomomola|126\/534
|-damage|p1a: Alomomola|30\/534
|-damage|p1a: Alomomola|0 fnt
|-hitcount|p1a: Alomomola|5
|faint|p1a: Alomomola
|
|-message|trokemon3 forfeited.
|leave|trokemon3
|
|win|471V3
|raw|Ladder updating...
|player|p1
|raw|trokemon3's rating: 1487 &rarr; <strong>1469<\/strong><br \/>(-18 for losing)
|raw|471V3's rating: 1521 &rarr; <strong>1539<\/strong><br \/>(+18 for winning)