|join|Magnetoz
|join|elgorf
|player|p1|Magnetoz|266
|player|p2|elgorf|266
|gametype|singles
|gen|6
|tier|OU
|rated
|clearpoke
|poke|p1|Pinsir, F
|poke|p1|Talonflame, F
|poke|p1|Staraptor, F
|poke|p1|Excadrill, F
|poke|p1|Latios, M
|poke|p1|Ferrothorn, M
|poke|p2|Heatran, M
|poke|p2|Rotom-Wash
|poke|p2|Landorus-Therian, M
|poke|p2|Pinsir, F
|poke|p2|Latios, M
|poke|p2|Greninja, M
|rule|Swagger Clause: Swagger is banned
|rule|Baton Pass Clause: Limit one PokÃ©mon knowing Baton Pass
|rule|Sleep Clause Mod: Limit one foe put to sleep
|rule|Species Clause: Limit one of each PokÃ©mon
|rule|OHKO Clause: OHKO moves are banned
|rule|Moody Clause: Moody is banned
|rule|Evasion Moves Clause: Evasion moves are banned
|rule|Endless Battle Clause: Forcing endless battles is banned
|rule|HP Percentage Mod: HP is shown in percentages
|teampreview
|
|start
|switch|p1a: Latios|Latios, M|301\/301
|switch|p2a: Rotom-Wash|Rotom-Wash|304\/304
|turn|1
|
|switch|p2a: Heatran|Heatran, M|386\/386
|move|p1a: Latios|Draco Meteor|p2a: Heatran
|-resisted|p2a: Heatran
|-damage|p2a: Heatran|276\/386
|-unboost|p1a: Latios|spa|2
|-damage|p1a: Latios|271\/301|[from] item: Life Orb
|
|-heal|p2a: Heatran|300\/386|[from] item: Leftovers
|turn|2
|
|switch|p1a: Excadrill|Excadrill, F|381\/381
|-ability|p1a: Excadrill|Mold Breaker
|move|p2a: Heatran|Protect|p2a: Heatran
|-fail|p2a: Heatran
|
|-heal|p2a: Heatran|324\/386|[from] item: Leftovers
|turn|3
|
|switch|p2a: Landorus-Therian|Landorus-Therian, M|338\/338
|-ability|p2a: Landorus-Therian|Intimidate|[of] p1a: Excadrill
|-unboost|p1a: Excadrill|atk|1
|move|p1a: Excadrill|Earthquake|p2a: Landorus-Therian
|-immune|p2a: Landorus-Therian|[msg]
|
|turn|4
|
|switch|p1a: Ferrothorn|Ferrothorn, M|352\/352
|move|p2a: Landorus-Therian|Knock Off|p1a: Ferrothorn
|-damage|p1a: Ferrothorn|268\/352
|-damage|p2a: Landorus-Therian|296\/338|[from] ability: Iron Barbs|[of] p1a: Ferrothorn
|-enditem|p1a: Ferrothorn|Leftovers|[from] move: Knock Off|[of] p2a: Landorus-Therian
|
|turn|5
|
|switch|p2a: Heatran|Heatran, M|324\/386
|move|p1a: Ferrothorn|Leech Seed|p2a: Heatran
|-start|p2a: Heatran|move: Leech Seed
|
|-heal|p2a: Heatran|348\/386|[from] item: Leftovers
|-damage|p2a: Heatran|300\/386|[from] Leech Seed|[of] p1a: Ferrothorn
|-heal|p1a: Ferrothorn|316\/352|[silent]
|turn|6
|
|move|p1a: Ferrothorn|Protect|p1a: Ferrothorn
|-singleturn|p1a: Ferrothorn|Protect
|move|p2a: Heatran|Stealth Rock|p1a: Ferrothorn
|-sidestart|p1: Magnetoz|move: Stealth Rock
|
|-heal|p2a: Heatran|324\/386|[from] item: Leftovers
|-damage|p2a: Heatran|276\/386|[from] Leech Seed|[of] p1a: Ferrothorn
|-heal|p1a: Ferrothorn|352\/352|[silent]
|turn|7
|
|switch|p1a: Latios|Latios, M|271\/301
|-damage|p1a: Latios|234\/301|[from] Stealth Rock
|move|p2a: Heatran|Lava Plume|p1a: Latios
|-resisted|p1a: Latios
|-damage|p1a: Latios|183\/301
|
|-heal|p2a: Heatran|300\/386|[from] item: Leftovers
|-damage|p2a: Heatran|252\/386|[from] Leech Seed|[of] p1a: Latios
|-heal|p1a: Latios|231\/301|[silent]
|turn|8
|
|switch|p2a: Greninja|Greninja, M|285\/285
|move|p1a: Latios|Defog|p2a: Greninja
|-unboost|p2a: Greninja|evasion|1
|-sideend|p1: Magnetoz|Stealth Rock|[from] move: Defog|[of] p1a: Latios
|
|turn|9
|
|switch|p1a: Ferrothorn|Ferrothorn, M|352\/352
|move|p2a: Greninja|Dark Pulse|p1a: Ferrothorn
|-start|p2a: Greninja|typechange|Dark|[from] Protean
|-damage|p1a: Ferrothorn|223\/352
|-damage|p2a: Greninja|257\/285|[from] item: Life Orb
|
|turn|10
|
|switch|p2a: Rotom-Wash|Rotom-Wash|304\/304
|move|p1a: Ferrothorn|Stealth Rock|p2a: Rotom-Wash
|-sidestart|p2: elgorf|move: Stealth Rock
|
|turn|11
|
|move|p2a: Rotom-Wash|Will-O-Wisp|p1a: Ferrothorn
|-status|p1a: Ferrothorn|brn
|move|p1a: Ferrothorn|Leech Seed|p2a: Rotom-Wash
|-start|p2a: Rotom-Wash|move: Leech Seed
|
|-damage|p2a: Rotom-Wash|266\/304|[from] Leech Seed|[of] p1a: Ferrothorn
|-heal|p1a: Ferrothorn|261\/352 brn|[silent]
|-damage|p1a: Ferrothorn|217\/352 brn|[from] brn
|turn|12
|
|move|p2a: Rotom-Wash|Volt Switch|p1a: Ferrothorn
|-resisted|p1a: Ferrothorn
|-damage|p1a: Ferrothorn|184\/352 brn
|
|switch|p2a: Heatran|Heatran, M|252\/386
|-damage|p2a: Heatran|204\/386|[from] Stealth Rock
|move|p1a: Ferrothorn|Leech Seed|p2a: Heatran
|-start|p2a: Heatran|move: Leech Seed
|
|-heal|p2a: Heatran|228\/386|[from] item: Leftovers
|-damage|p2a: Heatran|180\/386|[from] Leech Seed|[of] p1a: Ferrothorn
|-heal|p1a: Ferrothorn|232\/352 brn|[silent]
|-damage|p1a: Ferrothorn|188\/352 brn|[from] brn
|turn|13
|
|switch|p1a: Staraptor|Staraptor, F|311\/311
|move|p2a: Heatran|Lava Plume|p1a: Staraptor
|-crit|p1a: Staraptor
|-damage|p1a: Staraptor|34\/311
|
|-heal|p2a: Heatran|204\/386|[from] item: Leftovers
|-damage|p2a: Heatran|156\/386|[from] Leech Seed|[of] p1a: Staraptor
|-heal|p1a: Staraptor|82\/311|[silent]
|turn|14
|
|switch|p2a: Rotom-Wash|Rotom-Wash|266\/304
|-damage|p2a: Rotom-Wash|228\/304|[from] Stealth Rock
|move|p1a: Staraptor|U-turn|p2a: Rotom-Wash
|-damage|p2a: Rotom-Wash|173\/304
|
|switch|p1a: Latios|Latios, M|231\/301
|
|-heal|p2a: Rotom-Wash|192\/304|[from] item: Leftovers
|turn|15
|
|switch|p2a: Heatran|Heatran, M|156\/386
|-damage|p2a: Heatran|108\/386|[from] Stealth Rock
|move|p1a: Latios|Draco Meteor|p2a: Heatran
|-resisted|p2a: Heatran
|-damage|p2a: Heatran|0 fnt
|-unboost|p1a: Latios|spa|2
|-damage|p1a: Latios|201\/301|[from] item: Life Orb
|faint|p2a: Heatran
|
|
|switch|p2a: Landorus-Therian|Landorus-Therian, M|296\/338
|-damage|p2a: Landorus-Therian|254\/338|[from] Stealth Rock
|-ability|p2a: Landorus-Therian|Intimidate|[of] p1a: Latios
|-unboost|p1a: Latios|atk|1
|turn|16
|
|switch|p1a: Ferrothorn|Ferrothorn, M|188\/352 brn
|move|p2a: Landorus-Therian|U-turn|p1a: Ferrothorn
|-damage|p1a: Ferrothorn|129\/352 brn
|-damage|p2a: Landorus-Therian|212\/338|[from] ability: Iron Barbs|[of] p1a: Ferrothorn
|
|switch|p2a: Latios|Latios, M|301\/301
|-damage|p2a: Latios|264\/301|[from] Stealth Rock
|
|-damage|p1a: Ferrothorn|85\/352 brn|[from] brn
|turn|17
|
|move|p2a: Latios|Defog|p1a: Ferrothorn
|-unboost|p1a: Ferrothorn|evasion|1
|-sideend|p2: elgorf|Stealth Rock|[from] move: Defog|[of] p2a: Latios
|move|p1a: Ferrothorn|Stealth Rock|p2a: Latios
|-sidestart|p2: elgorf|move: Stealth Rock
|
|-damage|p1a: Ferrothorn|41\/352 brn|[from] brn
|turn|18
|
|move|p2a: Latios|Defog|p1a: Ferrothorn
|-unboost|p1a: Ferrothorn|evasion|1
|-sideend|p2: elgorf|Stealth Rock|[from] move: Defog|[of] p2a: Latios
|move|p1a: Ferrothorn|Stealth Rock|p2a: Latios
|-sidestart|p2: elgorf|move: Stealth Rock
|
|-damage|p1a: Ferrothorn|0 fnt|[from] brn
|faint|p1a: Ferrothorn
|
|switch|p1a: Talonflame|Talonflame, F|297\/297
|turn|19
|
|move|p1a: Talonflame|U-turn|p2a: Latios
|-supereffective|p2a: Latios
|-damage|p2a: Latios|12\/301
|
|switch|p1a: Pinsir|Pinsir, F|271\/271
|move|p2a: Latios|Defog|p1a: Pinsir
|-unboost|p1a: Pinsir|evasion|1
|-sideend|p2: elgorf|Stealth Rock|[from] move: Defog|[of] p2a: Latios
|
|turn|20
|
|move|p1a: Pinsir|Quick Attack|p2a: Latios
|-damage|p2a: Latios|0 fnt
|faint|p2a: Latios
|-boost|p1a: Pinsir|atk|1|[from] ability: Moxie
|
|
|switch|p2a: Rotom-Wash|Rotom-Wash|192\/304
|turn|21
|
|detailschange|p1a: Pinsir|Pinsir-Mega, F
|-mega|p1a: Pinsir|Pinsir|Pinsirite
|move|p1a: Pinsir|Return|p2a: Rotom-Wash
|-crit|p2a: Rotom-Wash
|-resisted|p2a: Rotom-Wash
|-damage|p2a: Rotom-Wash|1\/304
|move|p2a: Rotom-Wash|Will-O-Wisp|p1a: Pinsir
|-status|p1a: Pinsir|brn
|
|-heal|p2a: Rotom-Wash|20\/304|[from] item: Leftovers
|-damage|p1a: Pinsir|238\/271 brn|[from] brn
|turn|22
|
|move|p1a: Pinsir|Return|p2a: Rotom-Wash
|-resisted|p2a: Rotom-Wash
|-damage|p2a: Rotom-Wash|0 fnt
|faint|p2a: Rotom-Wash
|
|-damage|p1a: Pinsir|205\/271 brn|[from] brn
|
|switch|p2a: Landorus-Therian|Landorus-Therian, M|212\/338
|-ability|p2a: Landorus-Therian|Intimidate|[of] p1a: Pinsir
|-unboost|p1a: Pinsir|atk|1
|turn|23
|
|move|p1a: Pinsir|Quick Attack|p2a: Landorus-Therian
|-damage|p2a: Landorus-Therian|152\/338
|move|p2a: Landorus-Therian|Stone Edge|p1a: Pinsir
|-supereffective|p1a: Pinsir
|-damage|p1a: Pinsir|0 fnt
|faint|p1a: Pinsir
|
|
|switch|p1a: Staraptor|Staraptor, F|82\/311
|turn|24
|
|switch|p2a: Greninja|Greninja, M|257\/285
|move|p1a: Staraptor|Brave Bird|p2a: Greninja
|-damage|p2a: Greninja|0 fnt
|-damage|p1a: Staraptor|0 fnt|[from] recoil|[of] p2a: Greninja
|faint|p2a: Greninja
|faint|p1a: Staraptor
|
|
|switch|p2a: Landorus-Therian|Landorus-Therian, M|152\/338
|switch|p1a: Latios|Latios, M|201\/301
|-ability|p2a: Landorus-Therian|Intimidate|[of] p1a: Latios
|-unboost|p1a: Latios|atk|1
|turn|25
|
|move|p2a: Landorus-Therian|U-turn|p1a: Latios
|-supereffective|p1a: Latios
|-damage|p1a: Latios|0 fnt
|faint|p1a: Latios
|
|switch|p2a: Pinsir|Pinsir, F|271\/271
|-ability|p2a: Pinsir|Mold Breaker
|
|
|switch|p1a: Talonflame|Talonflame, F|297\/297
|turn|26
|
|detailschange|p2a: Pinsir|Pinsir-Mega, F
|-mega|p2a: Pinsir|Pinsir|Pinsirite
|move|p1a: Talonflame|Brave Bird|p2a: Pinsir
|-crit|p2a: Pinsir
|-supereffective|p2a: Pinsir
|-damage|p2a: Pinsir|0 fnt
|-damage|p1a: Talonflame|208\/297|[from] recoil|[of] p2a: Pinsir
|faint|p2a: Pinsir
|
|
|switch|p2a: Landorus-Therian|Landorus-Therian, M|152\/338
|-ability|p2a: Landorus-Therian|Intimidate|[of] p1a: Talonflame
|-unboost|p1a: Talonflame|atk|1
|turn|27
|
|move|p1a: Talonflame|Brave Bird|p2a: Landorus-Therian
|-damage|p2a: Landorus-Therian|0 fnt
|-damage|p1a: Talonflame|158\/297|[from] recoil|[of] p2a: Landorus-Therian
|faint|p2a: Landorus-Therian
|
|win|Magnetoz
|raw|Ladder updating...
|raw|Magnetoz's rating: 1314 &rarr; <strong>1333<\/strong><br \/>(+19 for winning)
|raw|elgorf's rating: 1296 &rarr; <strong>1272<\/strong><br \/>(-24 for losing)
|c|âMagnetoz|gg
|leave|elgorf
|player|p2