|join|Nagashi Dzuri
|join|TCMK
|player|p1|Nagashi Dzuri|264
|player|p2|TCMK|153
|gametype|singles
|gen|6
|tier|OU
|rated
|clearpoke
|poke|p1|Landorus-Therian, M
|poke|p1|Chansey, F
|poke|p1|Skarmory, M
|poke|p1|Thundurus, M
|poke|p1|Latios, M
|poke|p1|Charizard, M, shiny
|poke|p2|Ferrothorn, M
|poke|p2|Gardevoir, M
|poke|p2|Keldeo
|poke|p2|Landorus-Therian, M
|poke|p2|Metagross
|poke|p2|Thundurus, M
|rule|Swagger Clause: Swagger is banned
|rule|Baton Pass Clause: Limit one PokÃ©mon knowing Baton Pass
|rule|Sleep Clause Mod: Limit one foe put to sleep
|rule|Species Clause: Limit one of each PokÃ©mon
|rule|OHKO Clause: OHKO moves are banned
|rule|Moody Clause: Moody is banned
|rule|Evasion Moves Clause: Evasion moves are banned
|rule|Endless Battle Clause: Forcing endless battles is banned
|rule|HP Percentage Mod: HP is shown in percentages
|teampreview
|
|start
|switch|p1a: Charizard|Charizard, M, shiny|298\/298
|switch|p2a: Keldeo|Keldeo|323\/323
|turn|1
|
|switch|p2a: Thundurus|Thundurus, M|299\/299
|detailschange|p1a: Charizard|Charizard-Mega-Y, M, shiny
|-mega|p1a: Charizard|Charizard|Charizardite Y
|-weather|SunnyDay
|move|p1a: Charizard|Solar Beam|p2a: Thundurus|[still]
|-prepare|p1a: Charizard|Solar Beam|p2a: Thundurus
|-anim|p1a: Charizard|Solar Beam|p2a: Thundurus
|-resisted|p2a: Thundurus
|-damage|p2a: Thundurus|172\/299
|
|-weather|SunnyDay|[upkeep]
|turn|2
|
|switch|p1a: Chansey|Chansey, F|642\/642
|move|p2a: Thundurus|Thunderbolt|p1a: Chansey
|-damage|p1a: Chansey|552\/642
|-damage|p2a: Thundurus|143\/299|[from] item: Life Orb
|
|-weather|SunnyDay|[upkeep]
|turn|3
|
|switch|p1a: Charizard|Charizard-Mega-Y, M, shiny|298\/298
|move|p2a: Thundurus|Knock Off|p1a: Charizard
|-damage|p1a: Charizard|193\/298
|-damage|p2a: Thundurus|114\/299|[from] item: Life Orb
|
|-weather|SunnyDay|[upkeep]
|turn|4
|
|switch|p1a: Landorus-Therian|Landorus-Therian, M|320\/320
|-ability|p1a: Landorus-Therian|Intimidate|[of] p2a: Thundurus
|-unboost|p2a: Thundurus|atk|1
|move|p2a: Thundurus|Thunderbolt|p1a: Landorus-Therian
|-immune|p1a: Landorus-Therian|[msg]
|
|-weather|SunnyDay|[upkeep]
|turn|5
|
|switch|p2a: Ferrothorn|Ferrothorn, M|352\/352
|move|p1a: Landorus-Therian|Stone Edge|p2a: Ferrothorn|[miss]
|-miss|p1a: Landorus-Therian|p2a: Ferrothorn
|
|-weather|none
|turn|6
|
|switch|p1a: Charizard|Charizard-Mega-Y, M, shiny|193\/298
|-weather|SunnyDay
|move|p2a: Ferrothorn|Stealth Rock|p1a: Charizard
|-sidestart|p1: Nagashi Dzuri|move: Stealth Rock
|
|-weather|SunnyDay|[upkeep]
|turn|7
|
|switch|p2a: Gardevoir|Gardevoir, M|277\/277
|-ability|p2a: Gardevoir|Drought|[from] ability: Trace|[of] p1a: Charizard
|move|p1a: Charizard|Flamethrower|p2a: Gardevoir
|-damage|p2a: Gardevoir|27\/277
|
|-weather|SunnyDay|[upkeep]
|turn|8
|
|move|p1a: Charizard|Flamethrower|p2a: Gardevoir
|-damage|p2a: Gardevoir|0 fnt
|faint|p2a: Gardevoir
|
|-weather|SunnyDay|[upkeep]
|
|switch|p2a: Thundurus|Thundurus, M|114\/299
|turn|9
|
|switch|p1a: Chansey|Chansey, F|552\/642
|-damage|p1a: Chansey|472\/642|[from] Stealth Rock
|move|p2a: Thundurus|Knock Off|p1a: Chansey
|-damage|p1a: Chansey|316\/642
|-enditem|p1a: Chansey|Eviolite|[from] move: Knock Off|[of] p2a: Thundurus
|-damage|p2a: Thundurus|85\/299|[from] item: Life Orb
|
|-weather|SunnyDay|[upkeep]
|turn|10
|
|move|p2a: Thundurus|Superpower|p1a: Chansey
|-supereffective|p1a: Chansey
|-damage|p1a: Chansey|0 fnt
|-unboost|p2a: Thundurus|atk|1
|-unboost|p2a: Thundurus|def|1
|-damage|p2a: Thundurus|56\/299|[from] item: Life Orb
|faint|p1a: Chansey
|
|-weather|none
|
|switch|p1a: Landorus-Therian|Landorus-Therian, M|320\/320
|-damage|p1a: Landorus-Therian|280\/320|[from] Stealth Rock
|-ability|p1a: Landorus-Therian|Intimidate|[of] p2a: Thundurus
|-unboost|p2a: Thundurus|atk|1
|turn|11
|
|switch|p2a: Landorus-Therian|Landorus-Therian, M|319\/319
|-ability|p2a: Landorus-Therian|Intimidate|[of] p1a: Landorus-Therian
|-unboost|p1a: Landorus-Therian|atk|1
|move|p1a: Landorus-Therian|U-turn|p2a: Landorus-Therian
|-resisted|p2a: Landorus-Therian
|-damage|p2a: Landorus-Therian|281\/319
|
|switch|p1a: Skarmory|Skarmory, M|334\/334
|-damage|p1a: Skarmory|293\/334|[from] Stealth Rock
|
|turn|12
|
|move|p2a: Landorus-Therian|U-turn|p1a: Skarmory
|-resisted|p1a: Skarmory
|-damage|p1a: Skarmory|281\/334
|-damage|p2a: Landorus-Therian|228\/319|[from] item: Rocky Helmet|[of] p1a: Skarmory
|
|switch|p2a: Thundurus|Thundurus, M|56\/299
|move|p1a: Skarmory|Defog|p2a: Thundurus
|-unboost|p2a: Thundurus|evasion|1
|-sideend|p1: Nagashi Dzuri|Stealth Rock|[from] move: Defog|[of] p1a: Skarmory
|
|turn|13
|
|switch|p1a: Latios|Latios, M|302\/302
|move|p2a: Thundurus|Knock Off|p1a: Latios
|-supereffective|p1a: Latios
|-damage|p1a: Latios|16\/302
|-enditem|p1a: Latios|Choice Specs|[from] move: Knock Off|[of] p2a: Thundurus
|-damage|p2a: Thundurus|27\/299|[from] item: Life Orb
|
|turn|14
|
|switch|p2a: Ferrothorn|Ferrothorn, M|352\/352
|move|p1a: Latios|Draco Meteor|p2a: Ferrothorn
|-resisted|p2a: Ferrothorn
|-damage|p2a: Ferrothorn|280\/352
|-unboost|p1a: Latios|spa|2
|
|-heal|p2a: Ferrothorn|302\/352|[from] item: Leftovers
|turn|15
|
|switch|p1a: Charizard|Charizard-Mega-Y, M, shiny|193\/298
|-weather|SunnyDay
|move|p2a: Ferrothorn|Stealth Rock|p1a: Charizard
|-sidestart|p1: Nagashi Dzuri|move: Stealth Rock
|
|-weather|SunnyDay|[upkeep]
|-heal|p2a: Ferrothorn|324\/352|[from] item: Leftovers
|turn|16
|
|switch|p2a: Thundurus|Thundurus, M|27\/299
|move|p1a: Charizard|Flamethrower|p2a: Thundurus
|-damage|p2a: Thundurus|0 fnt
|faint|p2a: Thundurus
|
|-weather|SunnyDay|[upkeep]
|
|switch|p2a: Landorus-Therian|Landorus-Therian, M|228\/319
|-ability|p2a: Landorus-Therian|Intimidate|[of] p1a: Charizard
|-unboost|p1a: Charizard|atk|1
|turn|17
|
|switch|p1a: Skarmory|Skarmory, M|281\/334
|-damage|p1a: Skarmory|240\/334|[from] Stealth Rock
|move|p2a: Landorus-Therian|U-turn|p1a: Skarmory
|-resisted|p1a: Skarmory
|-damage|p1a: Skarmory|227\/334
|-damage|p2a: Landorus-Therian|175\/319|[from] item: Rocky Helmet|[of] p1a: Skarmory
|
|switch|p2a: Keldeo|Keldeo|323\/323
|
|-weather|SunnyDay|[upkeep]
|turn|18
|
|move|p2a: Keldeo|Taunt|p1a: Skarmory
|-start|p1a: Skarmory|move: Taunt
|cant|p1a: Skarmory|move: Taunt|Defog
|
|-weather|SunnyDay|[upkeep]
|turn|19
|
|switch|p1a: Latios|Latios, M|16\/302
|-damage|p1a: Latios|0 fnt|[from] Stealth Rock
|faint|p1a: Latios
|move|p2a: Keldeo|Scald|p1: Latios|[notarget]
|-notarget
|
|-weather|none
|
|switch|p1a: Thundurus|Thundurus, M|299\/299
|-damage|p1a: Thundurus|225\/299|[from] Stealth Rock
|turn|20
|
|switch|p2a: Ferrothorn|Ferrothorn, M|324\/352
|move|p1a: Thundurus|Knock Off|p2a: Ferrothorn
|-damage|p2a: Ferrothorn|240\/352
|-damage|p1a: Thundurus|188\/299|[from] ability: Iron Barbs|[of] p2a: Ferrothorn
|-enditem|p2a: Ferrothorn|Leftovers|[from] move: Knock Off|[of] p1a: Thundurus
|-damage|p1a: Thundurus|159\/299|[from] item: Life Orb
|
|turn|21
|
|switch|p1a: Skarmory|Skarmory, M|227\/334
|-damage|p1a: Skarmory|186\/334|[from] Stealth Rock
|move|p2a: Ferrothorn|Leech Seed|p1a: Skarmory
|-start|p1a: Skarmory|move: Leech Seed
|
|-damage|p1a: Skarmory|145\/334|[from] Leech Seed|[of] p2a: Ferrothorn
|-heal|p2a: Ferrothorn|281\/352|[silent]
|turn|22
|
|switch|p2a: Keldeo|Keldeo|323\/323
|move|p1a: Skarmory|Defog|p2a: Keldeo
|-unboost|p2a: Keldeo|evasion|1
|-sideend|p1: Nagashi Dzuri|Stealth Rock|[from] move: Defog|[of] p1a: Skarmory
|
|-damage|p1a: Skarmory|104\/334|[from] Leech Seed|[of] p2a: Keldeo
|turn|23
|
|move|p2a: Keldeo|Scald|p1a: Skarmory
|-damage|p1a: Skarmory|0 fnt
|-damage|p2a: Keldeo|291\/323|[from] item: Life Orb
|faint|p1a: Skarmory
|
|
|switch|p1a: Thundurus|Thundurus, M|159\/299
|turn|24
|
|switch|p2a: Ferrothorn|Ferrothorn, M|281\/352
|move|p1a: Thundurus|Thunderbolt|p2a: Ferrothorn
|-resisted|p2a: Ferrothorn
|-damage|p2a: Ferrothorn|221\/352
|-damage|p1a: Thundurus|130\/299|[from] item: Life Orb
|
|turn|25
|
|move|p1a: Thundurus|Superpower|p2a: Ferrothorn
|-supereffective|p2a: Ferrothorn
|-damage|p2a: Ferrothorn|0 fnt
|-damage|p1a: Thundurus|93\/299|[from] ability: Iron Barbs|[of] p2a: Ferrothorn
|-unboost|p1a: Thundurus|atk|1
|-unboost|p1a: Thundurus|def|1
|-damage|p1a: Thundurus|64\/299|[from] item: Life Orb
|faint|p2a: Ferrothorn
|
|
|switch|p2a: Landorus-Therian|Landorus-Therian, M|175\/319
|-ability|p2a: Landorus-Therian|Intimidate|[of] p1a: Thundurus
|-unboost|p1a: Thundurus|atk|1
|-boost|p1a: Thundurus|atk|2|[from] ability: Defiant
|turn|26
|
|switch|p1a: Landorus-Therian|Landorus-Therian, M|280\/320
|-ability|p1a: Landorus-Therian|Intimidate|[of] p2a: Landorus-Therian
|-unboost|p2a: Landorus-Therian|atk|1
|move|p2a: Landorus-Therian|U-turn|p1a: Landorus-Therian
|-resisted|p1a: Landorus-Therian
|-damage|p1a: Landorus-Therian|246\/320
|
|switch|p2a: Keldeo|Keldeo|291\/323
|
|turn|27
|
|move|p1a: Landorus-Therian|U-turn|p2a: Keldeo
|-resisted|p2a: Keldeo
|-damage|p2a: Keldeo|238\/323
|
|switch|p1a: Charizard|Charizard-Mega-Y, M, shiny|193\/298
|-weather|SunnyDay
|move|p2a: Keldeo|Scald|p1a: Charizard
|-supereffective|p1a: Charizard
|-damage|p1a: Charizard|19\/298
|-damage|p2a: Keldeo|206\/323|[from] item: Life Orb
|
|-weather|SunnyDay|[upkeep]
|turn|28
|
|move|p2a: Keldeo|Scald|p1a: Charizard
|-supereffective|p1a: Charizard
|-damage|p1a: Charizard|0 fnt
|-damage|p2a: Keldeo|174\/323|[from] item: Life Orb
|faint|p1a: Charizard
|
|-weather|SunnyDay|[upkeep]
|
|switch|p1a: Thundurus|Thundurus, M|64\/299
|turn|29
|
|switch|p2a: Metagross|Metagross|301\/301
|move|p1a: Thundurus|Hidden Power|p2a: Metagross
|-resisted|p2a: Metagross
|-damage|p2a: Metagross|256\/301
|-damage|p1a: Thundurus|35\/299|[from] item: Life Orb
|
|-weather|SunnyDay|[upkeep]
|turn|30
|
|switch|p1a: Landorus-Therian|Landorus-Therian, M|246\/320
|-ability|p1a: Landorus-Therian|Intimidate|[of] p2a: Metagross
|-fail|p2a: Metagross|unboost|[from] ability: Clear Body|[of] p2a: Metagross
|detailschange|p2a: Metagross|Metagross-Mega
|-mega|p2a: Metagross|Metagross|Metagrossite
|move|p2a: Metagross|Ice Punch|p1a: Landorus-Therian
|-supereffective|p1a: Landorus-Therian
|-damage|p1a: Landorus-Therian|0 fnt
|faint|p1a: Landorus-Therian
|
|-weather|SunnyDay|[upkeep]
|-message|Nagashi Dzuri forfeited.
|
|win|TCMK
|raw|Ladder updating...
|leave|Nagashi Dzuri
|player|p1
|raw|Nagashi Dzuri's rating: 1377 &rarr; <strong>1357<\/strong><br \/>(-20 for losing)
|raw|TCMK's rating: 1382 &rarr; <strong>1401<\/strong><br \/>(+19 for winning)