|join|edwin264
|join|TCMK
|player|p1|edwin264|242
|player|p2|TCMK|153
|gametype|singles
|gen|6
|tier|OU
|rated
|clearpoke
|poke|p1|Latias, F
|poke|p1|Rotom-Wash
|poke|p1|Keldeo-Resolute
|poke|p1|Scizor, F
|poke|p1|Landorus-Therian, M
|poke|p1|Gengar, M
|poke|p2|Skarmory, M
|poke|p2|Chansey, F
|poke|p2|Mawile, F, shiny
|poke|p2|Quagsire, M
|poke|p2|Slowbro, M
|poke|p2|Latias, F, shiny
|rule|Swagger Clause: Swagger is banned
|rule|Baton Pass Clause: Limit one PokÃ©mon knowing Baton Pass
|rule|Sleep Clause Mod: Limit one foe put to sleep
|rule|Species Clause: Limit one of each PokÃ©mon
|rule|OHKO Clause: OHKO moves are banned
|rule|Moody Clause: Moody is banned
|rule|Evasion Moves Clause: Evasion moves are banned
|rule|Endless Battle Clause: Forcing endless battles is banned
|rule|HP Percentage Mod: HP is reported as percentages
|teampreview
|
|start
|switch|p1a: Gengar|Gengar, M|268\/268
|switch|p2a: checkers>chess|Quagsire, M|394\/394
|turn|1
|
|move|p1a: Gengar|Will-O-Wisp|p2a: checkers>chess|[miss]
|-miss|p1a: Gengar|p2a: checkers>chess
|move|p2a: checkers>chess|Scald|p1a: Gengar
|-damage|p1a: Gengar|189\/268
|
|-heal|p1a: Gengar|205\/268|[from] item: Leftovers
|turn|2
|
|switch|p1a: Rotom-Wash|Rotom-Wash|303\/303
|move|p2a: checkers>chess|Scald|p1a: Rotom-Wash
|-crit|p1a: Rotom-Wash
|-resisted|p1a: Rotom-Wash
|-damage|p1a: Rotom-Wash|258\/303
|
|turn|3
|
|switch|p2a: Medusa|Mawile, F, shiny|304\/304
|-ability|p2a: Medusa|Intimidate|[of] p1a: Rotom-Wash
|-unboost|p1a: Rotom-Wash|atk|1
|move|p1a: Rotom-Wash|Will-O-Wisp|p2a: Medusa
|-status|p2a: Medusa|brn
|
|-damage|p2a: Medusa|266\/304 brn|[from] brn
|turn|4
|
|detailschange|p2a: Medusa|Mawile-Mega, F, shiny
|message|Mawile has Mega Evolved into Mega Mawile!
|move|p1a: Rotom-Wash|Volt Switch|p2a: Medusa
|-crit|p2a: Medusa
|-damage|p2a: Medusa|158\/304 brn
|
|switch|p1a: Landorus-Therian|Landorus-Therian, M|381\/381
|-ability|p1a: Landorus-Therian|Intimidate|[of] p2a: Medusa
|-unboost|p2a: Medusa|atk|1
|move|p2a: Medusa|Rest|p2a: Medusa
|-status|p2a: Medusa|slp
|-heal|p2a: Medusa|304\/304 slp|[silent]
|-status|p2a: Medusa|slp|[from] move: Rest
|
|turn|5
|
|switch|p2a: whirld wind|Skarmory, M|333\/333
|move|p1a: Landorus-Therian|U-turn|p2a: whirld wind
|-crit|p2a: whirld wind
|-resisted|p2a: whirld wind
|-damage|p2a: whirld wind|316\/333
|
|switch|p1a: Gengar|Gengar, M|205\/268
|
|-heal|p1a: Gengar|221\/268|[from] item: Leftovers
|-heal|p2a: whirld wind|333\/333|[from] item: Leftovers
|turn|6
|
|switch|p2a: Fallon|Chansey, F|703\/703
|move|p1a: Gengar|Taunt|p2a: Fallon
|-start|p2a: Fallon|move: Taunt
|
|-heal|p1a: Gengar|237\/268|[from] item: Leftovers
|turn|7
|
|switch|p2a: Medusa|Mawile-Mega, F, shiny|304\/304 slp
|move|p1a: Gengar|Substitute|p1a: Gengar
|-start|p1a: Gengar|Substitute
|-damage|p1a: Gengar|170\/268
|
|-heal|p1a: Gengar|186\/268|[from] item: Leftovers
|turn|8
|
|move|p1a: Gengar|Shadow Ball|p2a: Medusa
|-damage|p2a: Medusa|204\/304 slp
|cant|p2a: Medusa|slp
|move|p2a: Medusa|Sleep Talk|p2a: Medusa
|move|p2a: Medusa|Rest|p2a: Medusa|[from]Sleep Talk
|-fail|p2a: Medusa
|
|-heal|p1a: Gengar|202\/268|[from] item: Leftovers
|turn|9
|
|move|p1a: Gengar|Shadow Ball|p2a: Medusa
|-damage|p2a: Medusa|104\/304 slp
|-unboost|p2a: Medusa|spd|1
|cant|p2a: Medusa|slp
|move|p2a: Medusa|Sleep Talk|p2a: Medusa
|move|p2a: Medusa|Play Rough|p1a: Gengar|[from]Sleep Talk
|-resisted|p1a: Gengar
|-end|p1a: Gengar|Substitute
|
|-heal|p1a: Gengar|218\/268|[from] item: Leftovers
|turn|10
|
|switch|p2a: checkers>chess|Quagsire, M|394\/394
|move|p1a: Gengar|Shadow Ball|p2a: checkers>chess
|-damage|p2a: checkers>chess|217\/394
|
|-heal|p1a: Gengar|234\/268|[from] item: Leftovers
|-heal|p2a: checkers>chess|241\/394|[from] item: Leftovers
|turn|11
|
|switch|p1a: Keldeo-Resolute|Keldeo-Resolute|322\/322
|move|p2a: checkers>chess|Scald|p1a: Keldeo-Resolute
|-resisted|p1a: Keldeo-Resolute
|-damage|p1a: Keldeo-Resolute|289\/322
|
|-heal|p2a: checkers>chess|265\/394|[from] item: Leftovers
|turn|12
|
|switch|p1a: Landorus-Therian|Landorus-Therian, M|381\/381
|-ability|p1a: Landorus-Therian|Intimidate|[of] p2a: checkers>chess
|-unboost|p2a: checkers>chess|atk|1
|switch|p2a: LOLNAAAAAAH|Latias, F, shiny|363\/363
|
|turn|13
|
|switch|p2a: whirld wind|Skarmory, M|333\/333
|switch|p1a: Scizor|Scizor, F|343\/343
|
|turn|14
|
|switch|p1a: Gengar|Gengar, M|234\/268
|move|p2a: whirld wind|Stealth Rock|p1a: Gengar
|-sidestart|p1: edwin264|move: Stealth Rock
|
|-heal|p1a: Gengar|250\/268|[from] item: Leftovers
|turn|15
|
|move|p1a: Gengar|Substitute|p1a: Gengar
|-start|p1a: Gengar|Substitute
|-damage|p1a: Gengar|183\/268
|move|p2a: whirld wind|Whirlwind|p1a: Gengar
|drag|p1a: Rotom-Wash|Rotom-Wash|258\/303
|-damage|p1a: Rotom-Wash|221\/303|[from] Stealth Rock
|
|turn|16
|
|switch|p2a: LOLNAAAAAAH|Latias, F, shiny|363\/363
|move|p1a: Rotom-Wash|Will-O-Wisp|p2a: LOLNAAAAAAH|[miss]
|-miss|p1a: Rotom-Wash|p2a: LOLNAAAAAAH
|
|turn|17
|
|switch|p2a: Medusa|Mawile-Mega, F, shiny|104\/304 slp
|move|p1a: Rotom-Wash|Volt Switch|p2a: Medusa
|-damage|p2a: Medusa|28\/304 slp
|
|switch|p1a: Keldeo-Resolute|Keldeo-Resolute|289\/322
|-damage|p1a: Keldeo-Resolute|269\/322|[from] Stealth Rock
|
|turn|18
|
|switch|p2a: manbearpig|Slowbro, M|393\/393
|move|p1a: Keldeo-Resolute|Scald|p2a: manbearpig
|-resisted|p2a: manbearpig
|-damage|p2a: manbearpig|267\/393
|
|-heal|p2a: manbearpig|291\/393|[from] item: Leftovers
|turn|19
|
|switch|p1a: Rotom-Wash|Rotom-Wash|221\/303
|-damage|p1a: Rotom-Wash|184\/303|[from] Stealth Rock
|move|p2a: manbearpig|Toxic|p1a: Rotom-Wash
|-status|p1a: Rotom-Wash|tox
|
|-heal|p2a: manbearpig|315\/393|[from] item: Leftovers
|-damage|p1a: Rotom-Wash|166\/303 tox|[from] psn
|turn|20
|
|switch|p2a: LOLNAAAAAAH|Latias, F, shiny|363\/363
|move|p1a: Rotom-Wash|Will-O-Wisp|p2a: LOLNAAAAAAH
|-status|p2a: LOLNAAAAAAH|brn
|
|-damage|p2a: LOLNAAAAAAH|318\/363 brn|[from] brn
|-damage|p1a: Rotom-Wash|130\/303 tox|[from] psn
|turn|21
|
|move|p2a: LOLNAAAAAAH|Psyshock|p1a: Rotom-Wash
|-damage|p1a: Rotom-Wash|57\/303 tox
|move|p1a: Rotom-Wash|Rest|p1a: Rotom-Wash
|-status|p1a: Rotom-Wash|slp
|-heal|p1a: Rotom-Wash|303\/303 slp|[silent]
|-status|p1a: Rotom-Wash|slp|[from] move: Rest
|-enditem|p1a: Rotom-Wash|Chesto Berry|[eat]
|-curestatus|p1a: Rotom-Wash|slp
|
|-heal|p2a: LOLNAAAAAAH|340\/363 brn|[from] item: Leftovers
|-damage|p2a: LOLNAAAAAAH|295\/363 brn|[from] brn
|turn|22
|
|move|p2a: LOLNAAAAAAH|Psyshock|p1a: Rotom-Wash
|-damage|p1a: Rotom-Wash|222\/303
|move|p1a: Rotom-Wash|Volt Switch|p2a: LOLNAAAAAAH
|-resisted|p2a: LOLNAAAAAAH
|-damage|p2a: LOLNAAAAAAH|258\/363 brn
|
|switch|p1a: Scizor|Scizor, F|343\/343
|-damage|p1a: Scizor|301\/343|[from] Stealth Rock
|
|-heal|p2a: LOLNAAAAAAH|280\/363 brn|[from] item: Leftovers
|-damage|p2a: LOLNAAAAAAH|235\/363 brn|[from] brn
|turn|23
|
|switch|p2a: whirld wind|Skarmory, M|333\/333
|detailschange|p1a: Scizor|Scizor-Mega, F
|message|Scizor has Mega Evolved into Mega Scizor!
|move|p1a: Scizor|Knock Off|p2a: whirld wind
|-damage|p2a: whirld wind|246\/333
|-enditem|p2a: whirld wind|Leftovers|[from] move: Knock Off|[of] p1a: Scizor
|
|turn|24
|
|switch|p1a: Rotom-Wash|Rotom-Wash|222\/303
|-damage|p1a: Rotom-Wash|185\/303|[from] Stealth Rock
|move|p2a: whirld wind|Whirlwind|p1a: Rotom-Wash
|drag|p1a: Gengar|Gengar, M|183\/268
|-damage|p1a: Gengar|150\/268|[from] Stealth Rock
|
|-heal|p1a: Gengar|166\/268|[from] item: Leftovers
|turn|25
|
|switch|p2a: checkers>chess|Quagsire, M|265\/394
|move|p1a: Gengar|Taunt|p2a: checkers>chess
|-start|p2a: checkers>chess|move: Taunt
|
|-heal|p1a: Gengar|182\/268|[from] item: Leftovers
|-heal|p2a: checkers>chess|289\/394|[from] item: Leftovers
|turn|26
|
|move|p1a: Gengar|Shadow Ball|p2a: checkers>chess
|-damage|p2a: checkers>chess|114\/394
|move|p2a: checkers>chess|Scald|p1a: Gengar
|-damage|p1a: Gengar|104\/268
|-status|p1a: Gengar|brn
|
|-heal|p1a: Gengar|120\/268 brn|[from] item: Leftovers
|-heal|p2a: checkers>chess|138\/394|[from] item: Leftovers
|-damage|p1a: Gengar|87\/268 brn|[from] brn
|turn|27
|
|switch|p2a: Fallon|Chansey, F|703\/703
|move|p1a: Gengar|Shadow Ball|p2a: Fallon
|-immune|p2a: Fallon|[msg]
|
|-heal|p1a: Gengar|103\/268 brn|[from] item: Leftovers
|-damage|p1a: Gengar|70\/268 brn|[from] brn
|turn|28
|
|switch|p2a: Medusa|Mawile-Mega, F, shiny|28\/304 slp
|move|p1a: Gengar|Taunt|p2a: Medusa
|-start|p2a: Medusa|move: Taunt
|
|-heal|p1a: Gengar|86\/268 brn|[from] item: Leftovers
|-damage|p1a: Gengar|53\/268 brn|[from] brn
|turn|29
|
|switch|p1a: Landorus-Therian|Landorus-Therian, M|381\/381
|-damage|p1a: Landorus-Therian|334\/381|[from] Stealth Rock
|-ability|p1a: Landorus-Therian|Intimidate|[of] p2a: Medusa
|-unboost|p2a: Medusa|atk|1
|switch|p2a: Fallon|Chansey, F|703\/703
|
|turn|30
|
|switch|p2a: manbearpig|Slowbro, M|393\/393
|move|p1a: Landorus-Therian|Stealth Rock|p2a: manbearpig
|-sidestart|p2: TCMK|move: Stealth Rock
|
|turn|31
|
|move|p1a: Landorus-Therian|U-turn|p2a: manbearpig
|-crit|p2a: manbearpig
|-supereffective|p2a: manbearpig
|-damage|p2a: manbearpig|247\/393
|
|switch|p1a: Rotom-Wash|Rotom-Wash|185\/303
|-damage|p1a: Rotom-Wash|148\/303|[from] Stealth Rock
|move|p2a: manbearpig|Toxic|p1a: Rotom-Wash
|-status|p1a: Rotom-Wash|tox
|
|-heal|p2a: manbearpig|271\/393|[from] item: Leftovers
|-damage|p1a: Rotom-Wash|130\/303 tox|[from] psn
|turn|32
|
|switch|p2a: Fallon|Chansey, F|703\/703
|-damage|p2a: Fallon|616\/703|[from] Stealth Rock
|move|p1a: Rotom-Wash|Volt Switch|p2a: Fallon
|-damage|p2a: Fallon|561\/703
|
|switch|p1a: Keldeo-Resolute|Keldeo-Resolute|269\/322
|-damage|p1a: Keldeo-Resolute|249\/322|[from] Stealth Rock
|
|turn|33
|
|switch|p2a: LOLNAAAAAAH|Latias, F, shiny|235\/363 brn
|-damage|p2a: LOLNAAAAAAH|190\/363 brn|[from] Stealth Rock
|move|p1a: Keldeo-Resolute|Scald|p2a: LOLNAAAAAAH
|-resisted|p2a: LOLNAAAAAAH
|-damage|p2a: LOLNAAAAAAH|114\/363 brn
|
|-heal|p2a: LOLNAAAAAAH|136\/363 brn|[from] item: Leftovers
|-damage|p2a: LOLNAAAAAAH|91\/363 brn|[from] brn
|turn|34
|
|switch|p1a: Scizor|Scizor-Mega, F|301\/343
|-damage|p1a: Scizor|259\/343|[from] Stealth Rock
|move|p2a: LOLNAAAAAAH|Roost|p2a: LOLNAAAAAAH
|-heal|p2a: LOLNAAAAAAH|273\/363 brn
|
|-heal|p2a: LOLNAAAAAAH|295\/363 brn|[from] item: Leftovers
|-damage|p2a: LOLNAAAAAAH|250\/363 brn|[from] brn
|turn|35
|
|switch|p2a: whirld wind|Skarmory, M|246\/333
|-damage|p2a: whirld wind|205\/333|[from] Stealth Rock
|move|p1a: Scizor|Swords Dance|p1a: Scizor
|-boost|p1a: Scizor|atk|2
|
|turn|36
|
|move|p1a: Scizor|Knock Off|p2a: whirld wind
|-damage|p2a: whirld wind|101\/333
|move|p2a: whirld wind|Roost|p2a: whirld wind
|-heal|p2a: whirld wind|268\/333
|
|turn|37
|
|move|p1a: Scizor|Swords Dance|p1a: Scizor
|-boost|p1a: Scizor|atk|2
|move|p2a: whirld wind|Roost|p2a: whirld wind
|-heal|p2a: whirld wind|333\/333
|
|turn|38
|
|move|p1a: Scizor|Knock Off|p2a: whirld wind
|-crit|p2a: whirld wind
|-damage|p2a: whirld wind|80\/333
|move|p2a: whirld wind|Counter|p1a: Scizor
|-damage|p1a: Scizor|0 fnt
|faint|p1a: Scizor
|
|
|switch|p1a: Keldeo-Resolute|Keldeo-Resolute|249\/322
|-damage|p1a: Keldeo-Resolute|229\/322|[from] Stealth Rock
|turn|39
|
|switch|p2a: LOLNAAAAAAH|Latias, F, shiny|250\/363 brn
|-damage|p2a: LOLNAAAAAAH|205\/363 brn|[from] Stealth Rock
|move|p1a: Keldeo-Resolute|Secret Sword|p2a: LOLNAAAAAAH
|-resisted|p2a: LOLNAAAAAAH
|-damage|p2a: LOLNAAAAAAH|120\/363 brn
|
|-heal|p2a: LOLNAAAAAAH|142\/363 brn|[from] item: Leftovers
|-damage|p2a: LOLNAAAAAAH|97\/363 brn|[from] brn
|turn|40
|
|switch|p1a: Landorus-Therian|Landorus-Therian, M|334\/381
|-damage|p1a: Landorus-Therian|287\/381|[from] Stealth Rock
|-ability|p1a: Landorus-Therian|Intimidate|[of] p2a: LOLNAAAAAAH
|-unboost|p2a: LOLNAAAAAAH|atk|1
|move|p2a: LOLNAAAAAAH|Roost|p2a: LOLNAAAAAAH
|-heal|p2a: LOLNAAAAAAH|279\/363 brn
|
|-heal|p2a: LOLNAAAAAAH|301\/363 brn|[from] item: Leftovers
|-damage|p2a: LOLNAAAAAAH|256\/363 brn|[from] brn
|turn|41
|
|switch|p2a: manbearpig|Slowbro, M|393\/393
|-damage|p2a: manbearpig|344\/393|[from] Stealth Rock
|move|p1a: Landorus-Therian|U-turn|p2a: manbearpig
|-supereffective|p2a: manbearpig
|-damage|p2a: manbearpig|250\/393
|
|switch|p1a: Rotom-Wash|Rotom-Wash|130\/303 tox
|-damage|p1a: Rotom-Wash|93\/303 tox|[from] Stealth Rock
|
|-heal|p2a: manbearpig|274\/393|[from] item: Leftovers
|-damage|p1a: Rotom-Wash|75\/303 tox|[from] psn
|turn|42
|
|switch|p2a: Fallon|Chansey, F|561\/703
|-damage|p2a: Fallon|474\/703|[from] Stealth Rock
|move|p1a: Rotom-Wash|Volt Switch|p2a: Fallon
|-damage|p2a: Fallon|423\/703
|
|switch|p1a: Keldeo-Resolute|Keldeo-Resolute|229\/322
|-damage|p1a: Keldeo-Resolute|209\/322|[from] Stealth Rock
|
|turn|43
|
|switch|p2a: LOLNAAAAAAH|Latias, F, shiny|256\/363 brn
|-damage|p2a: LOLNAAAAAAH|211\/363 brn|[from] Stealth Rock
|move|p1a: Keldeo-Resolute|Secret Sword|p2a: LOLNAAAAAAH
|-resisted|p2a: LOLNAAAAAAH
|-damage|p2a: LOLNAAAAAAH|126\/363 brn
|
|-heal|p2a: LOLNAAAAAAH|148\/363 brn|[from] item: Leftovers
|-damage|p2a: LOLNAAAAAAH|103\/363 brn|[from] brn
|turn|44
|
|switch|p1a: Landorus-Therian|Landorus-Therian, M|287\/381
|-damage|p1a: Landorus-Therian|240\/381|[from] Stealth Rock
|-ability|p1a: Landorus-Therian|Intimidate|[of] p2a: LOLNAAAAAAH
|-unboost|p2a: LOLNAAAAAAH|atk|1
|move|p2a: LOLNAAAAAAH|Roost|p2a: LOLNAAAAAAH
|-heal|p2a: LOLNAAAAAAH|285\/363 brn
|
|-heal|p2a: LOLNAAAAAAH|307\/363 brn|[from] item: Leftovers
|-damage|p2a: LOLNAAAAAAH|262\/363 brn|[from] brn
|turn|45
|
|switch|p2a: manbearpig|Slowbro, M|393\/393
|-damage|p2a: manbearpig|344\/393|[from] Stealth Rock
|move|p1a: Landorus-Therian|U-turn|p2a: manbearpig
|-supereffective|p2a: manbearpig
|-damage|p2a: manbearpig|236\/393
|
|switch|p1a: Gengar|Gengar, M|53\/268 brn
|-damage|p1a: Gengar|20\/268 brn|[from] Stealth Rock
|
|-heal|p1a: Gengar|36\/268 brn|[from] item: Leftovers
|-heal|p2a: manbearpig|260\/393|[from] item: Leftovers
|-damage|p1a: Gengar|3\/268 brn|[from] brn
|turn|46
|
|switch|p2a: whirld wind|Skarmory, M|80\/333
|-damage|p2a: whirld wind|39\/333|[from] Stealth Rock
|move|p1a: Gengar|Taunt|p2a: whirld wind
|-start|p2a: whirld wind|move: Taunt
|
|-heal|p1a: Gengar|19\/268 brn|[from] item: Leftovers
|-damage|p1a: Gengar|0 fnt|[from] brn
|faint|p1a: Gengar
|
|switch|p1a: Keldeo-Resolute|Keldeo-Resolute|209\/322
|-damage|p1a: Keldeo-Resolute|189\/322|[from] Stealth Rock
|turn|47
|
|switch|p2a: LOLNAAAAAAH|Latias, F, shiny|262\/363 brn
|-damage|p2a: LOLNAAAAAAH|217\/363 brn|[from] Stealth Rock
|move|p1a: Keldeo-Resolute|Scald|p2a: LOLNAAAAAAH
|-resisted|p2a: LOLNAAAAAAH
|-damage|p2a: LOLNAAAAAAH|139\/363 brn
|
|-heal|p2a: LOLNAAAAAAH|161\/363 brn|[from] item: Leftovers
|-damage|p2a: LOLNAAAAAAH|116\/363 brn|[from] brn
|turn|48
|
|switch|p1a: Landorus-Therian|Landorus-Therian, M|240\/381
|-damage|p1a: Landorus-Therian|193\/381|[from] Stealth Rock
|-ability|p1a: Landorus-Therian|Intimidate|[of] p2a: LOLNAAAAAAH
|-unboost|p2a: LOLNAAAAAAH|atk|1
|move|p2a: LOLNAAAAAAH|Roost|p2a: LOLNAAAAAAH
|-heal|p2a: LOLNAAAAAAH|298\/363 brn
|
|-heal|p2a: LOLNAAAAAAH|320\/363 brn|[from] item: Leftovers
|-damage|p2a: LOLNAAAAAAH|275\/363 brn|[from] brn
|turn|49
|
|switch|p2a: manbearpig|Slowbro, M|391\/393
|-damage|p2a: manbearpig|342\/393|[from] Stealth Rock
|move|p1a: Landorus-Therian|U-turn|p2a: manbearpig
|-supereffective|p2a: manbearpig
|-damage|p2a: manbearpig|240\/393
|
|switch|p1a: Rotom-Wash|Rotom-Wash|75\/303 tox
|-damage|p1a: Rotom-Wash|38\/303 tox|[from] Stealth Rock
|
|-heal|p2a: manbearpig|264\/393|[from] item: Leftovers
|-damage|p1a: Rotom-Wash|20\/303 tox|[from] psn
|turn|50
|
|switch|p2a: Medusa|Mawile-Mega, F, shiny|28\/304 slp
|-damage|p2a: Medusa|9\/304 slp|[from] Stealth Rock
|move|p1a: Rotom-Wash|Hydro Pump|p2a: Medusa
|-damage|p2a: Medusa|0 fnt
|faint|p2a: Medusa
|
|-damage|p1a: Rotom-Wash|0 fnt|[from] psn
|faint|p1a: Rotom-Wash
|
|switch|p1a: Latias|Latias, F|363\/363
|-damage|p1a: Latias|318\/363|[from] Stealth Rock
|switch|p2a: manbearpig|Slowbro, M|393\/393
|-damage|p2a: manbearpig|344\/393|[from] Stealth Rock
|turn|51
|
|switch|p2a: whirld wind|Skarmory, M|39\/333
|-damage|p2a: whirld wind|0 fnt|[from] Stealth Rock
|faint|p2a: whirld wind
|move|p1a: Latias|Calm Mind|p1a: Latias
|-boost|p1a: Latias|spa|1
|-boost|p1a: Latias|spd|1
|
|-heal|p1a: Latias|340\/363|[from] item: Leftovers
|
|switch|p2a: Fallon|Chansey, F|423\/703
|-damage|p2a: Fallon|336\/703|[from] Stealth Rock
|turn|52
|
|move|p1a: Latias|Psyshock|p2a: Fallon
|-damage|p2a: Fallon|123\/703
|move|p2a: Fallon|Soft-Boiled|p2a: Fallon
|-heal|p2a: Fallon|475\/703
|
|-heal|p1a: Latias|362\/363|[from] item: Leftovers
|turn|53
|
|switch|p1a: Landorus-Therian|Landorus-Therian, M|193\/381
|-damage|p1a: Landorus-Therian|146\/381|[from] Stealth Rock
|-ability|p1a: Landorus-Therian|Intimidate|[of] p2a: Fallon
|-unboost|p2a: Fallon|atk|1
|move|p2a: Fallon|Toxic|p1a: Landorus-Therian
|-status|p1a: Landorus-Therian|tox
|
|-damage|p1a: Landorus-Therian|123\/381 tox|[from] psn
|turn|54
|
|switch|p2a: manbearpig|Slowbro, M|393\/393
|-damage|p2a: manbearpig|344\/393|[from] Stealth Rock
|move|p1a: Landorus-Therian|Earthquake|p2a: manbearpig
|-damage|p2a: manbearpig|236\/393
|
|-heal|p2a: manbearpig|260\/393|[from] item: Leftovers
|-damage|p1a: Landorus-Therian|77\/381 tox|[from] psn
|turn|55
|
|move|p1a: Landorus-Therian|U-turn|p2a: manbearpig
|-supereffective|p2a: manbearpig
|-damage|p2a: manbearpig|152\/393
|
|switch|p1a: Keldeo-Resolute|Keldeo-Resolute|189\/322
|-damage|p1a: Keldeo-Resolute|169\/322|[from] Stealth Rock
|move|p2a: manbearpig|Slack Off|p2a: manbearpig
|-heal|p2a: manbearpig|349\/393
|
|-heal|p2a: manbearpig|373\/393|[from] item: Leftovers
|turn|56
|
|switch|p1a: Landorus-Therian|Landorus-Therian, M|77\/381 tox
|-damage|p1a: Landorus-Therian|30\/381 tox|[from] Stealth Rock
|-ability|p1a: Landorus-Therian|Intimidate|[of] p2a: manbearpig
|-unboost|p2a: manbearpig|atk|1
|move|p2a: manbearpig|Toxic|p1a: Landorus-Therian
|-fail|p1a: Landorus-Therian|tox
|
|-heal|p2a: manbearpig|393\/393|[from] item: Leftovers
|-damage|p1a: Landorus-Therian|7\/381 tox|[from] psn
|turn|57
|
|move|p1a: Landorus-Therian|Earthquake|p2a: manbearpig
|-damage|p2a: manbearpig|290\/393
|move|p2a: manbearpig|Slack Off|p2a: manbearpig
|-heal|p2a: manbearpig|393\/393
|
|-damage|p1a: Landorus-Therian|0 fnt|[from] psn
|faint|p1a: Landorus-Therian
|
|switch|p1a: Latias|Latias, F|362\/363
|-damage|p1a: Latias|317\/363|[from] Stealth Rock
|turn|58
|
|move|p1a: Latias|Calm Mind|p1a: Latias
|-boost|p1a: Latias|spa|1
|-boost|p1a: Latias|spd|1
|move|p2a: manbearpig|Toxic|p1a: Latias
|-status|p1a: Latias|tox
|
|-heal|p1a: Latias|339\/363 tox|[from] item: Leftovers
|-damage|p1a: Latias|317\/363 tox|[from] psn
|turn|59
|
|switch|p2a: checkers>chess|Quagsire, M|138\/394
|-damage|p2a: checkers>chess|114\/394|[from] Stealth Rock
|move|p1a: Latias|Calm Mind|p1a: Latias
|-boost|p1a: Latias|spa|1
|-boost|p1a: Latias|spd|1
|
|-heal|p1a: Latias|339\/363 tox|[from] item: Leftovers
|-heal|p2a: checkers>chess|138\/394|[from] item: Leftovers
|-damage|p1a: Latias|295\/363 tox|[from] psn
|turn|60
|
|move|p1a: Latias|Dragon Pulse|p2a: checkers>chess
|-damage|p2a: checkers>chess|0 fnt
|faint|p2a: checkers>chess
|
|-heal|p1a: Latias|317\/363 tox|[from] item: Leftovers
|-damage|p1a: Latias|251\/363 tox|[from] psn
|
|switch|p2a: Fallon|Chansey, F|475\/703
|-damage|p2a: Fallon|388\/703|[from] Stealth Rock
|turn|61
|
|switch|p1a: Keldeo-Resolute|Keldeo-Resolute|169\/322
|-damage|p1a: Keldeo-Resolute|149\/322|[from] Stealth Rock
|move|p2a: Fallon|Soft-Boiled|p2a: Fallon
|-heal|p2a: Fallon|703\/703
|
|turn|62
|
|move|p1a: Keldeo-Resolute|Scald|p2a: Fallon
|-damage|p2a: Fallon|589\/703
|move|p2a: Fallon|Heal Bell|p2a: Fallon
|-cureteam|p2a: Fallon|[from] move: HealBell
|
|turn|63
|
|switch|p1a: Latias|Latias, F|251\/363 tox
|-damage|p1a: Latias|206\/363 tox|[from] Stealth Rock
|move|p2a: Fallon|Wish|p2a: Fallon
|
|-heal|p1a: Latias|228\/363 tox|[from] item: Leftovers
|-damage|p1a: Latias|206\/363 tox|[from] psn
|turn|64
|
|move|p1a: Latias|Calm Mind|p1a: Latias
|-boost|p1a: Latias|spa|1
|-boost|p1a: Latias|spd|1
|move|p2a: Fallon|Soft-Boiled|p2a: Fallon
|-heal|p2a: Fallon|703\/703
|
|-heal|p1a: Latias|228\/363 tox|[from] item: Leftovers
|-damage|p1a: Latias|184\/363 tox|[from] psn
|turn|65
|
|move|p1a: Latias|Calm Mind|p1a: Latias
|-boost|p1a: Latias|spa|1
|-boost|p1a: Latias|spd|1
|move|p2a: Fallon|Soft-Boiled|p2a: Fallon
|-fail|p2a: Fallon
|
|-heal|p1a: Latias|206\/363 tox|[from] item: Leftovers
|-damage|p1a: Latias|140\/363 tox|[from] psn
|turn|66
|
|move|p1a: Latias|Calm Mind|p1a: Latias
|-boost|p1a: Latias|spa|1
|-boost|p1a: Latias|spd|1
|move|p2a: Fallon|Soft-Boiled|p2a: Fallon
|-fail|p2a: Fallon
|
|-heal|p1a: Latias|162\/363 tox|[from] item: Leftovers
|-damage|p1a: Latias|74\/363 tox|[from] psn
|turn|67
|
|move|p1a: Latias|Roost|p1a: Latias
|-heal|p1a: Latias|256\/363 tox
|move|p2a: Fallon|Wish|p2a: Fallon
|
|-heal|p1a: Latias|278\/363 tox|[from] item: Leftovers
|-damage|p1a: Latias|168\/363 tox|[from] psn
|turn|68
|
|move|p1a: Latias|Roost|p1a: Latias
|-heal|p1a: Latias|350\/363 tox
|move|p2a: Fallon|Toxic|p1a: Latias
|-fail|p1a: Latias|tox
|
|-heal|p1a: Latias|363\/363 tox|[from] item: Leftovers
|-damage|p1a: Latias|231\/363 tox|[from] psn
|turn|69
|
|move|p1a: Latias|Psyshock|p2a: Fallon
|-damage|p2a: Fallon|330\/703
|move|p2a: Fallon|Soft-Boiled|p2a: Fallon
|-heal|p2a: Fallon|682\/703
|
|-heal|p1a: Latias|253\/363 tox|[from] item: Leftovers
|-damage|p1a: Latias|99\/363 tox|[from] psn
|turn|70
|
|move|p1a: Latias|Psyshock|p2a: Fallon
|-damage|p2a: Fallon|289\/703
|move|p2a: Fallon|Wish|p2a: Fallon
|
|-heal|p1a: Latias|121\/363 tox|[from] item: Leftovers
|-damage|p1a: Latias|0 fnt|[from] psn
|faint|p1a: Latias
|chat|TCMK|gg
|
|switch|p1a: Keldeo-Resolute|Keldeo-Resolute|149\/322
|-damage|p1a: Keldeo-Resolute|129\/322|[from] Stealth Rock
|turn|71
|chat|edwin264|gg
|
|switch|p2a: LOLNAAAAAAH|Latias, F, shiny|275\/363
|-damage|p2a: LOLNAAAAAAH|230\/363|[from] Stealth Rock
|move|p1a: Keldeo-Resolute|Secret Sword|p2a: LOLNAAAAAAH
|-resisted|p2a: LOLNAAAAAAH
|-damage|p2a: LOLNAAAAAAH|143\/363
|
|-heal|p2a: LOLNAAAAAAH|363\/363|[from] move: Wish|[wisher] Fallon
|turn|72
|
|move|p1a: Keldeo-Resolute|Secret Sword|p2a: LOLNAAAAAAH
|-crit|p2a: LOLNAAAAAAH
|-resisted|p2a: LOLNAAAAAAH
|-damage|p2a: LOLNAAAAAAH|231\/363
|move|p2a: LOLNAAAAAAH|Psyshock|p1a: Keldeo-Resolute
|-supereffective|p1a: Keldeo-Resolute
|-damage|p1a: Keldeo-Resolute|0 fnt
|faint|p1a: Keldeo-Resolute
|
|win|TCMK
|raw|Ladder updating...
|raw|edwin264's rating: 1732 &rarr; <strong>1713<\/strong><br \/>(-19 for losing)
|raw|TCMK's rating: 1750 &rarr; <strong>1769<\/strong><br \/>(+19 for winning)
|leave|edwin264
|leave|TCMK
|player|p1
|player|p2
|join|TCMK