|join|TCMK
|join|Ox the Box
|player|p1|TCMK|153
|player|p2|Ox the Box|201
|gametype|singles
|gen|6
|tier|OU
|rated
|clearpoke
|poke|p1|Landorus-Therian, M
|poke|p1|Slowbro, M
|poke|p1|Amoonguss, F
|poke|p1|Bisharp, M
|poke|p1|Diancie
|poke|p1|Latios, M
|poke|p2|Pinsir, M
|poke|p2|Magnezone
|poke|p2|Garchomp, F
|poke|p2|Azumarill, F
|poke|p2|Diggersby, F
|poke|p2|Latias, F
|rule|Swagger Clause: Swagger is banned
|rule|Baton Pass Clause: Limit one PokÃ©mon knowing Baton Pass
|rule|Sleep Clause Mod: Limit one foe put to sleep
|rule|Species Clause: Limit one of each PokÃ©mon
|rule|OHKO Clause: OHKO moves are banned
|rule|Moody Clause: Moody is banned
|rule|Evasion Moves Clause: Evasion moves are banned
|rule|Endless Battle Clause: Forcing endless battles is banned
|rule|HP Percentage Mod: HP is shown in percentages
|teampreview
|c|âOx the Box|glhf
|
|start
|switch|p1a: Landorus-Therian|Landorus-Therian, M|381\/381
|switch|p2a: Magnezone|Magnezone|281\/281
|-ability|p1a: Landorus-Therian|Intimidate|[of] p2a: Magnezone
|-unboost|p2a: Magnezone|atk|1
|turn|1
|
|switch|p2a: Garchomp|Garchomp, F|357\/357
|switch|p1a: Amoonguss|Amoonguss, F|432\/432
|
|turn|2
|
|switch|p1a: Landorus-Therian|Landorus-Therian, M|381\/381
|-ability|p1a: Landorus-Therian|Intimidate|[of] p2a: Garchomp
|-unboost|p2a: Garchomp|atk|1
|move|p2a: Garchomp|Stealth Rock|p1a: Landorus-Therian
|-sidestart|p1: TCMK|move: Stealth Rock
|
|turn|3
|
|move|p2a: Garchomp|Swords Dance|p2a: Garchomp
|-boost|p2a: Garchomp|atk|2
|move|p1a: Landorus-Therian|Stealth Rock|p2a: Garchomp
|-sidestart|p2: Ox the Box|move: Stealth Rock
|
|turn|4
|
|move|p2a: Garchomp|Dragon Claw|p1a: Landorus-Therian
|-damage|p1a: Landorus-Therian|212\/381
|move|p1a: Landorus-Therian|U-turn|p2a: Garchomp
|-damage|p2a: Garchomp|275\/357
|-damage|p1a: Landorus-Therian|165\/381|[from] ability: Rough Skin|[of] p2a: Garchomp
|
|switch|p1a: Diancie|Diancie|257\/257
|-damage|p1a: Diancie|225\/257|[from] Stealth Rock
|
|turn|5
|
|switch|p2a: Magnezone|Magnezone|281\/281
|-damage|p2a: Magnezone|264\/281|[from] Stealth Rock
|detailschange|p1a: Diancie|Diancie-Mega
|-mega|p1a: Diancie|Diancie|Diancite
|move|p1a: Diancie|Protect|p1a: Diancie
|-fail|p1a: Diancie
|
|turn|6
|
|move|p1a: Diancie|Protect|p1a: Diancie
|-singleturn|p1a: Diancie|Protect
|move|p2a: Magnezone|Flash Cannon|p1a: Diancie
|-activate|p1a: Diancie|Protect
|
|turn|7
|
|switch|p1a: Amoonguss|Amoonguss, F|432\/432
|-damage|p1a: Amoonguss|378\/432|[from] Stealth Rock
|move|p2a: Magnezone|Flash Cannon|p1a: Amoonguss
|-damage|p1a: Amoonguss|218\/432
|
|-heal|p1a: Amoonguss|245\/432|[from] item: Black Sludge
|turn|8
|
|switch|p2a: Garchomp|Garchomp, F|275\/357
|-damage|p2a: Garchomp|253\/357|[from] Stealth Rock
|switch|p1a: Slowbro|Slowbro, M|393\/393
|-damage|p1a: Slowbro|344\/393|[from] Stealth Rock
|
|-heal|p1a: Slowbro|368\/393|[from] item: Leftovers
|turn|9
|
|move|p2a: Garchomp|Swords Dance|p2a: Garchomp
|-boost|p2a: Garchomp|atk|2
|move|p1a: Slowbro|Scald|p2a: Garchomp
|-crit|p2a: Garchomp
|-damage|p2a: Garchomp|97\/357
|-status|p2a: Garchomp|brn
|-enditem|p2a: Garchomp|Lum Berry|[eat]
|-curestatus|p2a: Garchomp|brn
|
|-heal|p1a: Slowbro|392\/393|[from] item: Leftovers
|turn|10
|
|move|p2a: Garchomp|Dragon Claw|p1a: Slowbro
|-damage|p1a: Slowbro|203\/393
|move|p1a: Slowbro|Scald|p2a: Garchomp
|-crit|p2a: Garchomp
|-damage|p2a: Garchomp|0 fnt
|faint|p2a: Garchomp
|
|-heal|p1a: Slowbro|227\/393|[from] item: Leftovers
|
|switch|p2a: Azumarill|Azumarill, F|364\/364
|-damage|p2a: Azumarill|319\/364|[from] Stealth Rock
|turn|11
|
|switch|p1a: Amoonguss|Amoonguss, F|389\/432
|-damage|p1a: Amoonguss|335\/432|[from] Stealth Rock
|move|p2a: Azumarill|Belly Drum|p2a: Azumarill
|-damage|p2a: Azumarill|137\/364
|-setboost|p2a: Azumarill|atk|6|[from] move: Belly Drum
|-enditem|p2a: Azumarill|Sitrus Berry|[eat]
|-heal|p2a: Azumarill|228\/364|[from] item: Sitrus Berry
|
|-heal|p1a: Amoonguss|362\/432|[from] item: Black Sludge
|turn|12
|
|move|p2a: Azumarill|Knock Off|p1a: Amoonguss
|-damage|p1a: Amoonguss|0 fnt
|-enditem|p1a: Amoonguss|Black Sludge|[from] move: Knock Off|[of] p2a: Azumarill
|faint|p1a: Amoonguss
|
|
|switch|p1a: Latios|Latios, M|309\/309
|-damage|p1a: Latios|271\/309|[from] Stealth Rock
|turn|13
|
|move|p2a: Azumarill|Aqua Jet|p1a: Latios
|-resisted|p1a: Latios
|-damage|p1a: Latios|58\/309
|move|p1a: Latios|Thunderbolt|p2a: Azumarill
|-supereffective|p2a: Azumarill
|-damage|p2a: Azumarill|0 fnt
|-damage|p1a: Latios|28\/309|[from] item: Life Orb
|faint|p2a: Azumarill
|
|
|switch|p2a: Diggersby|Diggersby, F|311\/311
|-damage|p2a: Diggersby|292\/311|[from] Stealth Rock
|turn|14
|
|switch|p1a: Slowbro|Slowbro, M|358\/393
|-damage|p1a: Slowbro|309\/393|[from] Stealth Rock
|move|p2a: Diggersby|Quick Attack|p1a: Slowbro
|-damage|p1a: Slowbro|231\/393
|-damage|p2a: Diggersby|261\/311|[from] item: Life Orb
|
|-heal|p1a: Slowbro|255\/393|[from] item: Leftovers
|turn|15
|
|move|p2a: Diggersby|Knock Off|p1a: Slowbro
|-supereffective|p1a: Slowbro
|-damage|p1a: Slowbro|3\/393
|-enditem|p1a: Slowbro|Leftovers|[from] move: Knock Off|[of] p2a: Diggersby
|-damage|p2a: Diggersby|230\/311|[from] item: Life Orb
|move|p1a: Slowbro|Scald|p2a: Diggersby
|-crit|p2a: Diggersby
|-supereffective|p2a: Diggersby
|-damage|p2a: Diggersby|0 fnt
|faint|p2a: Diggersby
|
|
|switch|p2a: Latias|Latias, F|301\/301
|-damage|p2a: Latias|264\/301|[from] Stealth Rock
|turn|16
|c|âTCMK|my slowbro has some sick senses knowing where the opps openings are at
|
|switch|p1a: Latios|Latios, M|28\/309
|-damage|p1a: Latios|0 fnt|[from] Stealth Rock
|faint|p1a: Latios
|move|p2a: Latias|Psyshock|p1: Latios|[notarget]
|-notarget
|
|
|switch|p1a: Bisharp|Bisharp, M|279\/279
|-damage|p1a: Bisharp|262\/279|[from] Stealth Rock
|turn|17
|
|move|p2a: Latias|Hidden Power|p1a: Bisharp
|-supereffective|p1a: Bisharp
|-damage|p1a: Bisharp|25\/279
|-damage|p2a: Latias|234\/301|[from] item: Life Orb
|move|p1a: Bisharp|Knock Off|p2a: Latias
|-supereffective|p2a: Latias
|-damage|p2a: Latias|0 fnt
|-enditem|p2a: Latias|Life Orb|[from] move: Knock Off|[of] p1a: Bisharp
|-damage|p1a: Bisharp|0 fnt|[from] item: Life Orb
|faint|p2a: Latias
|faint|p1a: Bisharp
|
|
|switch|p2a: Magnezone|Magnezone|264\/281
|switch|p1a: Slowbro|Slowbro, M|134\/393
|-damage|p2a: Magnezone|247\/281|[from] Stealth Rock
|-damage|p1a: Slowbro|85\/393|[from] Stealth Rock
|turn|18
|
|switch|p1a: Landorus-Therian|Landorus-Therian, M|165\/381
|-damage|p1a: Landorus-Therian|118\/381|[from] Stealth Rock
|-ability|p1a: Landorus-Therian|Intimidate|[of] p2a: Magnezone
|-unboost|p2a: Magnezone|atk|1
|move|p2a: Magnezone|Thunderbolt|p1a: Landorus-Therian
|-immune|p1a: Landorus-Therian|[msg]
|
|-heal|p1a: Landorus-Therian|141\/381|[from] item: Leftovers
|turn|19
|
|switch|p2a: Pinsir|Pinsir, M|271\/271
|-damage|p2a: Pinsir|204\/271|[from] Stealth Rock
|-ability|p2a: Pinsir|Mold Breaker
|move|p1a: Landorus-Therian|U-turn|p2a: Pinsir
|-damage|p2a: Pinsir|130\/271
|
|switch|p1a: Diancie|Diancie-Mega|225\/257
|-damage|p1a: Diancie|193\/257|[from] Stealth Rock
|
|turn|20
|
|switch|p2a: Magnezone|Magnezone|247\/281
|-damage|p2a: Magnezone|230\/281|[from] Stealth Rock
|move|p1a: Diancie|Moonblast|p2a: Magnezone
|-resisted|p2a: Magnezone
|-damage|p2a: Magnezone|127\/281
|-unboost|p2a: Magnezone|spa|1
|
|turn|21
|c|âOx the Box|oh
|
|move|p1a: Diancie|Protect|p1a: Diancie
|-singleturn|p1a: Diancie|Protect
|move|p2a: Magnezone|Volt Switch|p1a: Diancie
|-activate|p1a: Diancie|Protect
|
|turn|22
|
|switch|p1a: Landorus-Therian|Landorus-Therian, M|141\/381
|-damage|p1a: Landorus-Therian|94\/381|[from] Stealth Rock
|-ability|p1a: Landorus-Therian|Intimidate|[of] p2a: Magnezone
|-unboost|p2a: Magnezone|atk|1
|move|p2a: Magnezone|Volt Switch|p1a: Landorus-Therian
|-immune|p1a: Landorus-Therian|[msg]
|
|-heal|p1a: Landorus-Therian|117\/381|[from] item: Leftovers
|turn|23
|
|move|p2a: Magnezone|Volt Switch|p1a: Landorus-Therian
|-immune|p1a: Landorus-Therian|[msg]
|move|p1a: Landorus-Therian|Earthquake|p2a: Magnezone
|-supereffective|p2a: Magnezone
|-damage|p2a: Magnezone|0 fnt
|faint|p2a: Magnezone
|
|-heal|p1a: Landorus-Therian|140\/381|[from] item: Leftovers
|
|switch|p2a: Pinsir|Pinsir, M|130\/271
|-damage|p2a: Pinsir|63\/271|[from] Stealth Rock
|-ability|p2a: Pinsir|Mold Breaker
|turn|24
|
|detailschange|p2a: Pinsir|Pinsir-Mega, M
|-mega|p2a: Pinsir|Pinsir|Pinsirite
|move|p2a: Pinsir|Swords Dance|p2a: Pinsir
|-boost|p2a: Pinsir|atk|2
|move|p1a: Landorus-Therian|U-turn|p2a: Pinsir
|-resisted|p2a: Pinsir
|-damage|p2a: Pinsir|29\/271
|
|switch|p1a: Diancie|Diancie-Mega|193\/257
|-damage|p1a: Diancie|161\/257|[from] Stealth Rock
|
|turn|25
|join|CleanerThanRotom-W
|c| CleanerThanRotom-W|ox the legend
|
|move|p1a: Diancie|Moonblast|p2a: Pinsir
|-damage|p2a: Pinsir|0 fnt
|faint|p2a: Pinsir
|
|win|TCMK
|raw|Ladder updating...
|raw|TCMK's rating: 1554 &rarr; <strong>1579<\/strong><br \/>(+25 for winning)
|raw|Ox the Box's rating: 1638 &rarr; <strong>1613<\/strong><br \/>(-25 for losing)
|c|âOx the Box|pinsir sucks
|c|âOx the Box|:[