|join|S2EeveeS2
|join|TCMK
|player|p1|S2EeveeS2|138
|player|p2|TCMK|153
|gametype|singles
|gen|6
|tier|OU
|rated
|clearpoke
|poke|p1|Manectric, F, shiny
|poke|p1|Shaymin, shiny
|poke|p1|Azumarill, F, shiny
|poke|p1|Latios, M, shiny
|poke|p1|Landorus-Therian, M, shiny
|poke|p1|Talonflame, M, shiny
|poke|p2|Landorus-Therian, M
|poke|p2|Slowbro, M
|poke|p2|Amoonguss, F
|poke|p2|Bisharp, M
|poke|p2|Diancie
|poke|p2|Latios, M
|rule|Swagger Clause: Swagger is banned
|rule|Baton Pass Clause: Limit one PokÃ©mon knowing Baton Pass
|rule|Sleep Clause Mod: Limit one foe put to sleep
|rule|Species Clause: Limit one of each PokÃ©mon
|rule|OHKO Clause: OHKO moves are banned
|rule|Moody Clause: Moody is banned
|rule|Evasion Moves Clause: Evasion moves are banned
|rule|Endless Battle Clause: Forcing endless battles is banned
|rule|HP Percentage Mod: HP is shown in percentages
|teampreview
|
|start
|switch|p1a: Manectric|Manectric, F, shiny|281\/281
|switch|p2a: Diancie|Diancie|257\/257
|turn|1
|
|detailschange|p1a: Manectric|Manectric-Mega, F, shiny
|-mega|p1a: Manectric|Manectric|Manectite
|-ability|p1a: Manectric|Intimidate|[of] p2a: Diancie
|-fail|p2a: Diancie|unboost|[from] ability: Clear Body|[of] p2a: Diancie
|move|p2a: Diancie|Protect|p2a: Diancie
|-singleturn|p2a: Diancie|Protect
|move|p1a: Manectric|Volt Switch|p2a: Diancie
|-activate|p2a: Diancie|Protect
|
|turn|2
|
|detailschange|p2a: Diancie|Diancie-Mega
|-mega|p2a: Diancie|Diancie|Diancite
|move|p1a: Manectric|Volt Switch|p2a: Diancie
|-damage|p2a: Diancie|131\/257
|
|switch|p1a: Azumarill|Azumarill, F, shiny|403\/403
|move|p2a: Diancie|Diamond Storm|p1a: Azumarill
|-crit|p1a: Azumarill
|-damage|p1a: Azumarill|106\/403
|
|turn|3
|
|switch|p2a: Slowbro|Slowbro, M|393\/393
|move|p1a: Azumarill|Aqua Jet|p2a: Slowbro
|-resisted|p2a: Slowbro
|-damage|p2a: Slowbro|347\/393
|
|-heal|p2a: Slowbro|371\/393|[from] item: Leftovers
|turn|4
|
|switch|p1a: Shaymin|Shaymin, shiny|391\/391
|switch|p2a: Landorus-Therian|Landorus-Therian, M|381\/381
|-ability|p2a: Landorus-Therian|Intimidate|[of] p1a: Shaymin
|-unboost|p1a: Shaymin|atk|1
|
|turn|5
|
|move|p1a: Shaymin|Seed Flare|p2a: Landorus-Therian
|-damage|p2a: Landorus-Therian|165\/381
|move|p2a: Landorus-Therian|Stealth Rock|p1a: Shaymin
|-sidestart|p1: S2EeveeS2|move: Stealth Rock
|
|-heal|p2a: Landorus-Therian|188\/381|[from] item: Leftovers
|turn|6
|
|switch|p2a: Amoonguss|Amoonguss, F|432\/432
|move|p1a: Shaymin|Seed Flare|p2a: Amoonguss
|-crit|p2a: Amoonguss
|-resisted|p2a: Amoonguss
|-damage|p2a: Amoonguss|358\/432
|-unboost|p2a: Amoonguss|spd|2
|
|-heal|p2a: Amoonguss|385\/432|[from] item: Black Sludge
|turn|7
|
|switch|p2a: Latios|Latios, M|309\/309
|move|p1a: Shaymin|Psychic|p2a: Latios
|-resisted|p2a: Latios
|-damage|p2a: Latios|264\/309
|
|turn|8
|
|switch|p1a: Azumarill|Azumarill, F, shiny|106\/403
|-damage|p1a: Azumarill|56\/403|[from] Stealth Rock
|move|p2a: Latios|Psyshock|p1a: Azumarill
|-damage|p1a: Azumarill|0 fnt
|-damage|p2a: Latios|234\/309|[from] item: Life Orb
|faint|p1a: Azumarill
|
|join|y4 sucK
|
|switch|p1a: Manectric|Manectric-Mega, F, shiny|281\/281
|-damage|p1a: Manectric|246\/281|[from] Stealth Rock
|-ability|p1a: Manectric|Intimidate|[of] p2a: Latios
|-unboost|p2a: Latios|atk|1
|turn|9
|
|move|p1a: Manectric|Hidden Power|p2a: Latios
|-supereffective|p2a: Latios
|-damage|p2a: Latios|90\/309
|move|p2a: Latios|Psyshock|p1a: Manectric
|-damage|p1a: Manectric|22\/281
|-damage|p2a: Latios|60\/309|[from] item: Life Orb
|
|turn|10
|
|switch|p2a: Amoonguss|Amoonguss, F|432\/432
|move|p1a: Manectric|Volt Switch|p2a: Amoonguss
|-resisted|p2a: Amoonguss
|-damage|p2a: Amoonguss|365\/432
|
|switch|p1a: Latios|Latios, M, shiny|301\/301
|-damage|p1a: Latios|264\/301|[from] Stealth Rock
|
|-heal|p2a: Amoonguss|392\/432|[from] item: Black Sludge
|turn|11
|
|switch|p2a: Bisharp|Bisharp, M|279\/279
|move|p1a: Latios|Defog|p2a: Bisharp
|-unboost|p2a: Bisharp|evasion|1
|-boost|p2a: Bisharp|atk|2|[from] ability: Defiant
|-sideend|p1: S2EeveeS2|Stealth Rock|[from] move: Defog|[of] p1a: Latios
|
|turn|12
|
|move|p2a: Bisharp|Sucker Punch|p1a: Latios
|-supereffective|p1a: Latios
|-damage|p1a: Latios|0 fnt
|-damage|p2a: Bisharp|252\/279|[from] item: Life Orb
|faint|p1a: Latios
|
|-message|S2EeveeS2 forfeited.
|leave|S2EeveeS2
|
|win|TCMK
|raw|Ladder updating...
|player|p1
|raw|S2EeveeS2's rating: 1582 &rarr; <strong>1567<\/strong><br \/>(-15 for losing)
|raw|TCMK's rating: 1678 &rarr; <strong>1693<\/strong><br \/>(+15 for winning)