|join|TCMK
|join|Separation
|player|p1|TCMK|153
|player|p2|Separation|102
|gametype|singles
|gen|6
|tier|OU
|rated
|clearpoke
|poke|p1|Landorus-Therian, M
|poke|p1|Slowbro, M
|poke|p1|Amoonguss, F
|poke|p1|Bisharp, M
|poke|p1|Diancie
|poke|p1|Latios, M
|poke|p2|Seismitoad, M
|poke|p2|Scizor, F
|poke|p2|Gardevoir, M
|poke|p2|Donphan, F
|poke|p2|Rotom-Heat
|poke|p2|Noivern, F
|rule|Swagger Clause: Swagger is banned
|rule|Baton Pass Clause: Limit one PokÃ©mon knowing Baton Pass
|rule|Sleep Clause Mod: Limit one foe put to sleep
|rule|Species Clause: Limit one of each PokÃ©mon
|rule|OHKO Clause: OHKO moves are banned
|rule|Moody Clause: Moody is banned
|rule|Evasion Moves Clause: Evasion moves are banned
|rule|Endless Battle Clause: Forcing endless battles is banned
|rule|HP Percentage Mod: HP is shown in percentages
|teampreview
|
|start
|switch|p1a: Diancie|Diancie|257\/257
|switch|p2a: Noivern|Noivern, F|311\/311
|turn|1
|
|switch|p2a: Scizor|Scizor, F|301\/301
|detailschange|p1a: Diancie|Diancie-Mega
|-mega|p1a: Diancie|Diancie|Diancite
|move|p1a: Diancie|Protect|p1a: Diancie
|-fail|p1a: Diancie
|
|turn|2
|
|switch|p1a: Landorus-Therian|Landorus-Therian, M|381\/381
|-ability|p1a: Landorus-Therian|Intimidate|[of] p2a: Scizor
|-unboost|p2a: Scizor|atk|1
|move|p2a: Scizor|Bullet Punch|p1a: Landorus-Therian
|-damage|p1a: Landorus-Therian|276\/381
|
|-heal|p1a: Landorus-Therian|299\/381|[from] item: Leftovers
|turn|3
|
|switch|p2a: Seismitoad|Seismitoad, M|414\/414
|move|p1a: Landorus-Therian|Stealth Rock|p2a: Seismitoad
|-sidestart|p2: Separation|move: Stealth Rock
|
|-heal|p1a: Landorus-Therian|322\/381|[from] item: Leftovers
|turn|4
|
|move|p1a: Landorus-Therian|U-turn|p2a: Seismitoad
|-damage|p2a: Seismitoad|342\/414
|
|switch|p1a: Latios|Latios, M|309\/309
|move|p2a: Seismitoad|Stealth Rock|p1a: Latios
|-sidestart|p1: TCMK|move: Stealth Rock
|
|-heal|p2a: Seismitoad|367\/414|[from] item: Leftovers
|turn|5
|
|switch|p2a: Gardevoir|Gardevoir, M|277\/277
|-damage|p2a: Gardevoir|243\/277|[from] Stealth Rock
|-ability|p2a: Gardevoir|Levitate|[from] ability: Trace|[of] p1a: Latios
|move|p1a: Latios|Thunderbolt|p2a: Gardevoir
|-damage|p2a: Gardevoir|121\/277
|-damage|p1a: Latios|279\/309|[from] item: Life Orb
|
|turn|6
|
|detailschange|p2a: Gardevoir|Gardevoir-Mega, M
|-mega|p2a: Gardevoir|Gardevoir|Gardevoirite
|move|p1a: Latios|Psyshock|p2a: Gardevoir
|-resisted|p2a: Gardevoir
|-damage|p2a: Gardevoir|0 fnt
|-damage|p1a: Latios|249\/309|[from] item: Life Orb
|faint|p2a: Gardevoir
|
|
|switch|p2a: Scizor|Scizor, F|301\/301
|-damage|p2a: Scizor|264\/301|[from] Stealth Rock
|turn|7
|
|move|p1a: Latios|Thunderbolt|p2a: Scizor
|-damage|p2a: Scizor|109\/301
|-damage|p1a: Latios|219\/309|[from] item: Life Orb
|move|p2a: Scizor|U-turn|p1a: Latios
|-supereffective|p1a: Latios
|-damage|p1a: Latios|0 fnt
|faint|p1a: Latios
|
|switch|p2a: Donphan|Donphan, F|353\/353
|-damage|p2a: Donphan|331\/353|[from] Stealth Rock
|
|-heal|p2a: Donphan|353\/353|[from] item: Leftovers
|
|switch|p1a: Slowbro|Slowbro, M|393\/393
|-damage|p1a: Slowbro|344\/393|[from] Stealth Rock
|turn|8
|
|switch|p2a: Seismitoad|Seismitoad, M|367\/414
|-damage|p2a: Seismitoad|342\/414|[from] Stealth Rock
|move|p1a: Slowbro|Scald|p2a: Seismitoad
|-heal|p2a: Seismitoad|414\/414|[from] ability: Water Absorb|[of] p1a: Slowbro
|
|-heal|p1a: Slowbro|368\/393|[from] item: Leftovers
|turn|9
|
|move|p2a: Seismitoad|Knock Off|p1a: Slowbro
|-supereffective|p1a: Slowbro
|-damage|p1a: Slowbro|274\/393
|-enditem|p1a: Slowbro|Leftovers|[from] move: Knock Off|[of] p2a: Seismitoad
|move|p1a: Slowbro|Toxic|p2a: Seismitoad
|-status|p2a: Seismitoad|tox
|
|-damage|p2a: Seismitoad|389\/414 tox|[from] psn
|turn|10
|
|switch|p2a: Rotom-Heat|Rotom-Heat|304\/304
|-damage|p2a: Rotom-Heat|228\/304|[from] Stealth Rock
|move|p1a: Slowbro|Scald|p2a: Rotom-Heat
|-supereffective|p2a: Rotom-Heat
|-damage|p2a: Rotom-Heat|42\/304
|
|-heal|p2a: Rotom-Heat|61\/304|[from] item: Leftovers
|turn|11
|
|switch|p1a: Landorus-Therian|Landorus-Therian, M|322\/381
|-damage|p1a: Landorus-Therian|275\/381|[from] Stealth Rock
|-ability|p1a: Landorus-Therian|Intimidate|[of] p2a: Rotom-Heat
|-unboost|p2a: Rotom-Heat|atk|1
|move|p2a: Rotom-Heat|Will-O-Wisp|p1a: Landorus-Therian
|-status|p1a: Landorus-Therian|brn
|
|-heal|p2a: Rotom-Heat|80\/304|[from] item: Leftovers
|-heal|p1a: Landorus-Therian|298\/381 brn|[from] item: Leftovers
|-damage|p1a: Landorus-Therian|251\/381 brn|[from] brn
|turn|12
|
|switch|p2a: Donphan|Donphan, F|353\/353
|-damage|p2a: Donphan|331\/353|[from] Stealth Rock
|move|p1a: Landorus-Therian|Knock Off|p2a: Donphan
|-damage|p2a: Donphan|291\/353
|-enditem|p2a: Donphan|Leftovers|[from] move: Knock Off|[of] p1a: Landorus-Therian
|
|-heal|p1a: Landorus-Therian|274\/381 brn|[from] item: Leftovers
|-damage|p1a: Landorus-Therian|227\/381 brn|[from] brn
|turn|13
|
|move|p1a: Landorus-Therian|U-turn|p2a: Donphan
|-damage|p2a: Donphan|259\/353
|
|switch|p1a: Slowbro|Slowbro, M|393\/393
|-damage|p1a: Slowbro|344\/393|[from] Stealth Rock
|move|p2a: Donphan|Rapid Spin|p1a: Slowbro
|-damage|p1a: Slowbro|328\/393
|-sideend|p2: Separation|Stealth Rock|[from] move: Rapid Spin|[of] p2a: Donphan
|
|turn|14
|
|switch|p2a: Seismitoad|Seismitoad, M|389\/414 tox
|move|p1a: Slowbro|Scald|p2a: Seismitoad
|-heal|p2a: Seismitoad|414\/414 tox|[from] ability: Water Absorb|[of] p1a: Slowbro
|
|-damage|p2a: Seismitoad|389\/414 tox|[from] psn
|turn|15
|
|move|p2a: Seismitoad|Scald|p1a: Slowbro
|-resisted|p1a: Slowbro
|-damage|p1a: Slowbro|283\/393
|move|p1a: Slowbro|Flamethrower|p2a: Seismitoad
|-resisted|p2a: Seismitoad
|-damage|p2a: Seismitoad|349\/414 tox
|
|-heal|p2a: Seismitoad|374\/414 tox|[from] item: Leftovers
|-damage|p2a: Seismitoad|324\/414 tox|[from] psn
|turn|16
|
|switch|p2a: Scizor|Scizor, F|109\/301
|move|p1a: Slowbro|Toxic|p2a: Scizor
|-fail|p2a: Scizor
|
|turn|17
|
|switch|p1a: Landorus-Therian|Landorus-Therian, M|227\/381 brn
|-damage|p1a: Landorus-Therian|180\/381 brn|[from] Stealth Rock
|-ability|p1a: Landorus-Therian|Intimidate|[of] p2a: Scizor
|-unboost|p2a: Scizor|atk|1
|move|p2a: Scizor|U-turn|p1a: Landorus-Therian
|-crit|p1a: Landorus-Therian
|-resisted|p1a: Landorus-Therian
|-damage|p1a: Landorus-Therian|58\/381 brn
|
|switch|p2a: Donphan|Donphan, F|259\/353
|
|-heal|p1a: Landorus-Therian|81\/381 brn|[from] item: Leftovers
|-damage|p1a: Landorus-Therian|34\/381 brn|[from] brn
|turn|18
|
|switch|p1a: Slowbro|Slowbro, M|393\/393
|-damage|p1a: Slowbro|344\/393|[from] Stealth Rock
|move|p2a: Donphan|Ice Shard|p1a: Slowbro
|-resisted|p1a: Slowbro
|-damage|p1a: Slowbro|328\/393
|
|turn|19
|
|move|p2a: Donphan|Earthquake|p1a: Slowbro
|-damage|p1a: Slowbro|211\/393
|move|p1a: Slowbro|Flamethrower|p2a: Donphan
|-damage|p2a: Donphan|147\/353
|
|turn|20
|
|move|p2a: Donphan|Earthquake|p1a: Slowbro
|-damage|p1a: Slowbro|96\/393
|move|p1a: Slowbro|Scald|p2a: Donphan
|-supereffective|p2a: Donphan
|-damage|p2a: Donphan|0 fnt
|faint|p2a: Donphan
|
|
|switch|p2a: Scizor|Scizor, F|109\/301
|turn|21
|
|move|p2a: Scizor|Pursuit|p1a: Slowbro|[from]Pursuit
|-supereffective|p1a: Slowbro
|-damage|p1a: Slowbro|0 fnt
|faint|p1a: Slowbro
|
|
|switch|p1a: Bisharp|Bisharp, M|279\/279
|-damage|p1a: Bisharp|262\/279|[from] Stealth Rock
|turn|22
|
|switch|p2a: Noivern|Noivern, F|311\/311
|move|p1a: Bisharp|Knock Off|p2a: Noivern
|-damage|p2a: Noivern|64\/311
|-enditem|p2a: Noivern|Choice Specs|[from] move: Knock Off|[of] p1a: Bisharp
|-damage|p1a: Bisharp|235\/279|[from] item: Life Orb
|
|turn|23
|
|move|p1a: Bisharp|Sucker Punch|p2a: Noivern
|-fail|p2a: Noivern
|move|p2a: Noivern|Switcheroo|p1a: Bisharp
|-activate|p2a: Noivern|move: Trick|[of] p1a: Bisharp
|-item|p2a: Noivern|Life Orb|[from] Trick
|
|turn|24
|
|move|p1a: Bisharp|Sucker Punch|p2a: Noivern
|-damage|p2a: Noivern|0 fnt
|faint|p2a: Noivern
|
|
|switch|p2a: Seismitoad|Seismitoad, M|324\/414 tox
|turn|25
|
|switch|p1a: Amoonguss|Amoonguss, F|432\/432
|-damage|p1a: Amoonguss|378\/432|[from] Stealth Rock
|move|p2a: Seismitoad|Earth Power|p1a: Amoonguss
|-damage|p1a: Amoonguss|284\/432
|
|-heal|p2a: Seismitoad|349\/414 tox|[from] item: Leftovers
|-heal|p1a: Amoonguss|311\/432|[from] item: Black Sludge
|-damage|p2a: Seismitoad|324\/414 tox|[from] psn
|turn|26
|
|move|p2a: Seismitoad|Knock Off|p1a: Amoonguss
|-damage|p1a: Amoonguss|241\/432
|-enditem|p1a: Amoonguss|Black Sludge|[from] move: Knock Off|[of] p2a: Seismitoad
|move|p1a: Amoonguss|Hidden Power|p2a: Seismitoad
|-resisted|p2a: Seismitoad
|-damage|p2a: Seismitoad|300\/414 tox
|
|-heal|p2a: Seismitoad|325\/414 tox|[from] item: Leftovers
|-damage|p2a: Seismitoad|275\/414 tox|[from] psn
|turn|27
|
|switch|p2a: Rotom-Heat|Rotom-Heat|80\/304
|move|p1a: Amoonguss|Hidden Power|p2a: Rotom-Heat
|-resisted|p2a: Rotom-Heat
|-damage|p2a: Rotom-Heat|59\/304
|
|-heal|p2a: Rotom-Heat|78\/304|[from] item: Leftovers
|turn|28
|
|switch|p2a: Seismitoad|Seismitoad, M|275\/414 tox
|switch|p1a: Landorus-Therian|Landorus-Therian, M|34\/381 brn
|-damage|p1a: Landorus-Therian|0 fnt|[from] Stealth Rock
|faint|p1a: Landorus-Therian
|
|-heal|p2a: Seismitoad|300\/414 tox|[from] item: Leftovers
|-damage|p2a: Seismitoad|275\/414 tox|[from] psn
|
|switch|p1a: Amoonguss|Amoonguss, F|385\/432
|-damage|p1a: Amoonguss|331\/432|[from] Stealth Rock
|turn|29
|
|move|p2a: Seismitoad|Scald|p1a: Amoonguss
|-resisted|p1a: Amoonguss
|-damage|p1a: Amoonguss|289\/432
|-status|p1a: Amoonguss|brn
|move|p1a: Amoonguss|Toxic|p2a: Seismitoad
|-fail|p2a: Seismitoad|tox
|
|-heal|p2a: Seismitoad|300\/414 tox|[from] item: Leftovers
|-damage|p2a: Seismitoad|250\/414 tox|[from] psn
|-damage|p1a: Amoonguss|235\/432 brn|[from] brn
|turn|30
|
|switch|p2a: Rotom-Heat|Rotom-Heat|78\/304
|move|p1a: Amoonguss|Hidden Power|p2a: Rotom-Heat
|-resisted|p2a: Rotom-Heat
|-damage|p2a: Rotom-Heat|57\/304
|
|-heal|p2a: Rotom-Heat|76\/304|[from] item: Leftovers
|-damage|p1a: Amoonguss|181\/432 brn|[from] brn
|turn|31
|
|switch|p1a: Diancie|Diancie-Mega|257\/257
|-damage|p1a: Diancie|225\/257|[from] Stealth Rock
|move|p2a: Rotom-Heat|Volt Switch|p1a: Diancie
|-damage|p1a: Diancie|134\/257
|
|switch|p2a: Scizor|Scizor, F|109\/301
|
|turn|32
|join|Tower Tycoon Amir
|
|move|p1a: Diancie|Protect|p1a: Diancie
|-singleturn|p1a: Diancie|Protect
|move|p2a: Scizor|Bullet Punch|p1a: Diancie
|-activate|p1a: Diancie|Protect
|
|turn|33
|
|switch|p1a: Bisharp|Bisharp, M|235\/279
|-damage|p1a: Bisharp|218\/279|[from] Stealth Rock
|switch|p2a: Seismitoad|Seismitoad, M|250\/414 tox
|
|-heal|p2a: Seismitoad|275\/414 tox|[from] item: Leftovers
|-damage|p2a: Seismitoad|250\/414 tox|[from] psn
|turn|34
|
|switch|p1a: Amoonguss|Amoonguss, F|325\/432 brn
|-damage|p1a: Amoonguss|271\/432 brn|[from] Stealth Rock
|switch|p2a: Rotom-Heat|Rotom-Heat|76\/304
|
|-heal|p2a: Rotom-Heat|95\/304|[from] item: Leftovers
|-damage|p1a: Amoonguss|217\/432 brn|[from] brn
|turn|35
|
|move|p2a: Rotom-Heat|Overheat|p1a: Amoonguss
|-supereffective|p1a: Amoonguss
|-damage|p1a: Amoonguss|0 fnt
|-unboost|p2a: Rotom-Heat|spa|2
|faint|p1a: Amoonguss
|
|-heal|p2a: Rotom-Heat|114\/304|[from] item: Leftovers
|
|switch|p1a: Diancie|Diancie-Mega|134\/257
|-damage|p1a: Diancie|102\/257|[from] Stealth Rock
|turn|36
|
|move|p1a: Diancie|Diamond Storm|p2a: Rotom-Heat
|-crit|p2a: Rotom-Heat
|-supereffective|p2a: Rotom-Heat
|-damage|p2a: Rotom-Heat|0 fnt
|faint|p2a: Rotom-Heat
|
|
|switch|p2a: Scizor|Scizor, F|109\/301
|turn|37
|
|move|p1a: Diancie|Protect|p1a: Diancie
|-singleturn|p1a: Diancie|Protect
|move|p2a: Scizor|U-turn|p1a: Diancie
|-activate|p1a: Diancie|Protect
|
|turn|38
|
|switch|p2a: Seismitoad|Seismitoad, M|250\/414 tox
|move|p1a: Diancie|Earth Power|p2a: Seismitoad
|-damage|p2a: Seismitoad|92\/414 tox
|
|-heal|p2a: Seismitoad|117\/414 tox|[from] item: Leftovers
|-damage|p2a: Seismitoad|92\/414 tox|[from] psn
|turn|39
|c|âSeparation|gg
|c|âTCMK|gigs
|
|move|p1a: Diancie|Earth Power|p2a: Seismitoad
|-damage|p2a: Seismitoad|0 fnt
|faint|p2a: Seismitoad
|
|
|switch|p2a: Scizor|Scizor, F|109\/301
|turn|40
|
|move|p2a: Scizor|Bullet Punch|p1a: Diancie
|-supereffective|p1a: Diancie
|-damage|p1a: Diancie|0 fnt
|faint|p1a: Diancie
|
|c| Tower Tycoon Amir|do you think it might have roost?
|
|switch|p1a: Bisharp|Bisharp, M|218\/279
|-damage|p1a: Bisharp|201\/279|[from] Stealth Rock
|turn|41
|c| Tower Tycoon Amir|or is it banded?
|c|âSeparation|band
|
|move|p2a: Scizor|Bullet Punch|p1a: Bisharp
|-resisted|p1a: Bisharp
|-damage|p1a: Bisharp|112\/279
|move|p1a: Bisharp|Knock Off|p2a: Scizor
|-damage|p2a: Scizor|0 fnt
|-enditem|p2a: Scizor|Choice Band|[from] move: Knock Off|[of] p1a: Bisharp
|faint|p2a: Scizor
|
|win|TCMK
|raw|Ladder updating...
|raw|TCMK's rating: 1631 &rarr; <strong>1651<\/strong><br \/>(+20 for winning)
|raw|Separation's rating: 1636 &rarr; <strong>1616<\/strong><br \/>(-20 for losing)
|leave|Tower Tycoon Amir