|join|TCMK
|join|tldtomorrow
|player|p1|TCMK|153
|player|p2|tldtomorrow|80
|gametype|singles
|gen|6
|tier|OU
|rated
|clearpoke
|poke|p1|Landorus-Therian, M
|poke|p1|Slowbro, M
|poke|p1|Amoonguss, F
|poke|p1|Bisharp, M
|poke|p1|Diancie
|poke|p1|Latios, M
|poke|p2|Crawdaunt, M
|poke|p2|Diancie
|poke|p2|Thundurus, M
|poke|p2|Terrakion
|poke|p2|Bisharp, F
|poke|p2|Talonflame, M
|rule|Swagger Clause: Swagger is banned
|rule|Baton Pass Clause: Limit one PokÃ©mon knowing Baton Pass
|rule|Sleep Clause Mod: Limit one foe put to sleep
|rule|Species Clause: Limit one of each PokÃ©mon
|rule|OHKO Clause: OHKO moves are banned
|rule|Moody Clause: Moody is banned
|rule|Evasion Moves Clause: Evasion moves are banned
|rule|Endless Battle Clause: Forcing endless battles is banned
|rule|HP Percentage Mod: HP is shown in percentages
|teampreview
|
|start
|switch|p1a: Landorus-Therian|Landorus-Therian, M|381\/381
|switch|p2a: Terrakion|Terrakion|323\/323
|-ability|p1a: Landorus-Therian|Intimidate|[of] p2a: Terrakion
|-unboost|p2a: Terrakion|atk|1
|turn|1
|
|move|p2a: Terrakion|Taunt|p1a: Landorus-Therian
|-start|p1a: Landorus-Therian|move: Taunt
|move|p1a: Landorus-Therian|Earthquake|p2a: Terrakion
|-supereffective|p2a: Terrakion
|-enditem|p2a: Terrakion|Focus Sash
|-damage|p2a: Terrakion|1\/323
|
|turn|2
|
|move|p2a: Terrakion|Stealth Rock|p1a: Landorus-Therian
|-sidestart|p1: TCMK|move: Stealth Rock
|move|p1a: Landorus-Therian|Earthquake|p2a: Terrakion
|-supereffective|p2a: Terrakion
|-damage|p2a: Terrakion|0 fnt
|faint|p2a: Terrakion
|
|
|switch|p2a: Crawdaunt|Crawdaunt, M|267\/267
|turn|3
|
|move|p1a: Landorus-Therian|U-turn|p2a: Crawdaunt
|-crit|p2a: Crawdaunt
|-supereffective|p2a: Crawdaunt
|-damage|p2a: Crawdaunt|23\/267
|
|switch|p1a: Bisharp|Bisharp, M|279\/279
|-damage|p1a: Bisharp|262\/279|[from] Stealth Rock
|move|p2a: Crawdaunt|Knock Off|p1a: Bisharp
|-resisted|p1a: Bisharp
|-damage|p1a: Bisharp|118\/279
|-enditem|p1a: Bisharp|Life Orb|[from] move: Knock Off|[of] p2a: Crawdaunt
|-damage|p2a: Crawdaunt|0 fnt|[from] item: Life Orb
|faint|p2a: Crawdaunt
|
|
|switch|p2a: Diancie|Diancie|241\/241
|turn|4
|
|detailschange|p2a: Diancie|Diancie-Mega
|-mega|p2a: Diancie|Diancie|Diancite
|move|p2a: Diancie|Protect|p2a: Diancie
|-singleturn|p2a: Diancie|Protect
|move|p1a: Bisharp|Iron Head|p2a: Diancie
|-activate|p2a: Diancie|Protect
|
|turn|5
|
|switch|p1a: Amoonguss|Amoonguss, F|432\/432
|-damage|p1a: Amoonguss|378\/432|[from] Stealth Rock
|move|p2a: Diancie|Moonblast|p1a: Amoonguss
|-resisted|p1a: Amoonguss
|-damage|p1a: Amoonguss|265\/432
|
|-heal|p1a: Amoonguss|292\/432|[from] item: Black Sludge
|turn|6
|
|switch|p2a: Bisharp|Bisharp, F|271\/271
|switch|p1a: Landorus-Therian|Landorus-Therian, M|381\/381
|-damage|p1a: Landorus-Therian|334\/381|[from] Stealth Rock
|-ability|p1a: Landorus-Therian|Intimidate|[of] p2a: Bisharp
|-unboost|p2a: Bisharp|atk|1
|-boost|p2a: Bisharp|atk|2|[from] ability: Defiant
|
|-heal|p1a: Landorus-Therian|357\/381|[from] item: Leftovers
|turn|7
|
|move|p2a: Bisharp|Knock Off|p1a: Landorus-Therian
|-damage|p1a: Landorus-Therian|144\/381
|-enditem|p1a: Landorus-Therian|Leftovers|[from] move: Knock Off|[of] p2a: Bisharp
|move|p1a: Landorus-Therian|Stealth Rock|p2a: Bisharp
|-sidestart|p2: tldtomorrow|move: Stealth Rock
|
|turn|8
|
|move|p2a: Bisharp|Iron Head|p1a: Landorus-Therian
|-damage|p1a: Landorus-Therian|0 fnt
|faint|p1a: Landorus-Therian
|
|
|switch|p1a: Bisharp|Bisharp, M|118\/279
|-damage|p1a: Bisharp|101\/279|[from] Stealth Rock
|turn|9
|
|move|p1a: Bisharp|Sucker Punch|p2a: Bisharp
|-resisted|p2a: Bisharp
|-damage|p2a: Bisharp|206\/271
|move|p2a: Bisharp|Knock Off|p1a: Bisharp
|-crit|p1a: Bisharp
|-resisted|p1a: Bisharp
|-damage|p1a: Bisharp|0 fnt
|faint|p1a: Bisharp
|
|
|switch|p1a: Diancie|Diancie|257\/257
|-damage|p1a: Diancie|225\/257|[from] Stealth Rock
|turn|10
|c|âTCMK|gg i think
|
|detailschange|p1a: Diancie|Diancie-Mega
|-mega|p1a: Diancie|Diancie|Diancite
|move|p1a: Diancie|Protect|p1a: Diancie
|-singleturn|p1a: Diancie|Protect
|move|p2a: Bisharp|Iron Head|p1a: Diancie
|-activate|p1a: Diancie|Protect
|
|turn|11
|
|move|p2a: Bisharp|Sucker Punch|p1a: Diancie
|-resisted|p1a: Diancie
|-damage|p1a: Diancie|126\/257
|move|p1a: Diancie|Earth Power|p2a: Bisharp
|-supereffective|p2a: Bisharp
|-damage|p2a: Bisharp|0 fnt
|faint|p2a: Bisharp
|
|
|switch|p2a: Thundurus|Thundurus, M|299\/299
|-damage|p2a: Thundurus|225\/299|[from] Stealth Rock
|turn|12
|
|switch|p1a: Amoonguss|Amoonguss, F|432\/432
|-damage|p1a: Amoonguss|378\/432|[from] Stealth Rock
|move|p2a: Thundurus|Nasty Plot|p2a: Thundurus
|-boost|p2a: Thundurus|spa|2
|
|-heal|p2a: Thundurus|243\/299|[from] item: Leftovers
|-heal|p1a: Amoonguss|405\/432|[from] item: Black Sludge
|turn|13
|
|switch|p2a: Diancie|Diancie-Mega|241\/241
|-damage|p2a: Diancie|211\/241|[from] Stealth Rock
|move|p1a: Amoonguss|Clear Smog|p2a: Diancie
|-damage|p2a: Diancie|160\/241
|-clearboost|p2a: Diancie
|
|-heal|p1a: Amoonguss|432\/432|[from] item: Black Sludge
|turn|14
|
|move|p2a: Diancie|Diamond Storm|p1a: Amoonguss
|-damage|p1a: Amoonguss|249\/432
|move|p1a: Amoonguss|Giga Drain|p2a: Diancie
|-supereffective|p2a: Diancie
|-damage|p2a: Diancie|0 fnt
|-heal|p1a: Amoonguss|329\/432|[from] drain|[of] p2a: Diancie
|faint|p2a: Diancie
|
|-heal|p1a: Amoonguss|356\/432|[from] item: Black Sludge
|
|switch|p2a: Talonflame|Talonflame, M|319\/319
|-damage|p2a: Talonflame|160\/319|[from] Stealth Rock
|turn|15
|
|switch|p1a: Slowbro|Slowbro, M|393\/393
|-damage|p1a: Slowbro|344\/393|[from] Stealth Rock
|move|p2a: Talonflame|Swords Dance|p2a: Talonflame
|-boost|p2a: Talonflame|atk|2
|
|-heal|p1a: Slowbro|368\/393|[from] item: Leftovers
|turn|16
|
|move|p2a: Talonflame|Brave Bird|p1a: Slowbro
|-damage|p1a: Slowbro|115\/393
|-damage|p2a: Talonflame|77\/319|[from] recoil|[of] p1a: Slowbro
|move|p1a: Slowbro|Scald|p2a: Talonflame
|-supereffective|p2a: Talonflame
|-damage|p2a: Talonflame|0 fnt
|faint|p2a: Talonflame
|
|-heal|p1a: Slowbro|139\/393|[from] item: Leftovers
|
|switch|p2a: Thundurus|Thundurus, M|243\/299
|-damage|p2a: Thundurus|169\/299|[from] Stealth Rock
|turn|17
|
|move|p2a: Thundurus|Nasty Plot|p2a: Thundurus
|-boost|p2a: Thundurus|spa|2
|move|p1a: Slowbro|Scald|p2a: Thundurus
|-damage|p2a: Thundurus|66\/299
|
|-heal|p2a: Thundurus|84\/299|[from] item: Leftovers
|-heal|p1a: Slowbro|163\/393|[from] item: Leftovers
|turn|18
|
|move|p2a: Thundurus|Thunderbolt|p1a: Slowbro
|-supereffective|p1a: Slowbro
|-damage|p1a: Slowbro|0 fnt
|faint|p1a: Slowbro
|
|-heal|p2a: Thundurus|102\/299|[from] item: Leftovers
|
|switch|p1a: Amoonguss|Amoonguss, F|432\/432
|-damage|p1a: Amoonguss|378\/432|[from] Stealth Rock
|turn|19
|
|move|p2a: Thundurus|Hidden Power|p1a: Amoonguss
|-supereffective|p1a: Amoonguss
|-damage|p1a: Amoonguss|102\/432
|move|p1a: Amoonguss|Clear Smog|p2a: Thundurus
|-damage|p2a: Thundurus|38\/299
|-clearboost|p2a: Thundurus
|
|-heal|p2a: Thundurus|56\/299|[from] item: Leftovers
|-heal|p1a: Amoonguss|129\/432|[from] item: Black Sludge
|turn|20
|
|move|p2a: Thundurus|Hidden Power|p1a: Amoonguss
|-supereffective|p1a: Amoonguss
|-damage|p1a: Amoonguss|0 fnt
|faint|p1a: Amoonguss
|
|-heal|p2a: Thundurus|74\/299|[from] item: Leftovers
|
|switch|p1a: Latios|Latios, M|309\/309
|-damage|p1a: Latios|271\/309|[from] Stealth Rock
|turn|21
|
|move|p2a: Thundurus|Thunder Wave|p1a: Latios
|-status|p1a: Latios|par
|move|p1a: Latios|Psyshock|p2a: Thundurus
|-damage|p2a: Thundurus|0 fnt
|-damage|p1a: Latios|241\/309 par|[from] item: Life Orb
|faint|p2a: Thundurus
|
|win|TCMK
|raw|Ladder updating...
|raw|TCMK's rating: 1624 &rarr; <strong>1633<\/strong><br \/>(+9 for winning)
|raw|tldtomorrow's rating: 1410 &rarr; <strong>1401<\/strong><br \/>(-9 for losing)
|c|âtldtomorrow|gg
|leave|tldtomorrow
|player|p2