|join|Caralhu
|join|fullmetalal
|player|p1|Caralhu|165
|player|p2|fullmetalal|102
|gametype|singles
|gen|6
|tier|OU
|rated
|clearpoke
|poke|p1|Cresselia, F
|poke|p1|Azumarill, M
|poke|p1|Volcarona, F
|poke|p1|Latios, M
|poke|p1|Scizor, F
|poke|p1|Landorus-Therian, M
|poke|p2|Ditto
|poke|p2|Landorus-Therian, M
|poke|p2|Gardevoir, F
|poke|p2|Heatran, F
|poke|p2|Slowbro, F
|poke|p2|Zapdos
|rule|Swagger Clause: Swagger is banned
|rule|Baton Pass Clause: Limit one PokÃ©mon knowing Baton Pass
|rule|Sleep Clause Mod: Limit one foe put to sleep
|rule|Species Clause: Limit one of each PokÃ©mon
|rule|OHKO Clause: OHKO moves are banned
|rule|Moody Clause: Moody is banned
|rule|Evasion Moves Clause: Evasion moves are banned
|rule|Endless Battle Clause: Forcing endless battles is banned
|rule|HP Percentage Mod: HP is shown in percentages
|teampreview
|
|start
|switch|p1a: Landorus-Therian|Landorus-Therian, M|320\/320
|switch|p2a: Landorus-Therian|Landorus-Therian, M|382\/382
|-ability|p1a: Landorus-Therian|Intimidate|[of] p2a: Landorus-Therian
|-unboost|p2a: Landorus-Therian|atk|1
|-ability|p2a: Landorus-Therian|Intimidate|[of] p1a: Landorus-Therian
|-unboost|p1a: Landorus-Therian|atk|1
|turn|1
|
|move|p1a: Landorus-Therian|U-turn|p2a: Landorus-Therian
|-resisted|p2a: Landorus-Therian
|-damage|p2a: Landorus-Therian|357\/382
|
|switch|p1a: Azumarill|Azumarill, M|404\/404
|move|p2a: Landorus-Therian|Stealth Rock|p1a: Azumarill
|-sidestart|p1: Caralhu|move: Stealth Rock
|
|-heal|p2a: Landorus-Therian|380\/382|[from] item: Leftovers
|turn|2
|
|switch|p2a: Zapdos|Zapdos|384\/384
|-ability|p2a: Zapdos|Pressure
|move|p1a: Azumarill|Play Rough|p2a: Zapdos
|-damage|p2a: Zapdos|179\/384
|
|-heal|p2a: Zapdos|203\/384|[from] item: Leftovers
|turn|3
|
|switch|p1a: Landorus-Therian|Landorus-Therian, M|320\/320
|-damage|p1a: Landorus-Therian|280\/320|[from] Stealth Rock
|-ability|p1a: Landorus-Therian|Intimidate|[of] p2a: Zapdos
|-unboost|p2a: Zapdos|atk|1
|move|p2a: Zapdos|Thunderbolt|p1a: Landorus-Therian
|-immune|p1a: Landorus-Therian|[msg]
|
|-heal|p2a: Zapdos|227\/384|[from] item: Leftovers
|turn|4
|
|switch|p2a: Slowbro|Slowbro, F|394\/394
|move|p1a: Landorus-Therian|U-turn|p2a: Slowbro
|-supereffective|p2a: Slowbro
|-damage|p2a: Slowbro|268\/394
|
|switch|p1a: Latios|Latios, M|302\/302
|-damage|p1a: Latios|265\/302|[from] Stealth Rock
|
|-heal|p2a: Slowbro|292\/394|[from] item: Leftovers
|turn|5
|
|switch|p2a: Heatran|Heatran, F|386\/386
|move|p1a: Latios|Surf|p2a: Heatran
|-supereffective|p2a: Heatran
|-damage|p2a: Heatran|175\/386
|-damage|p1a: Latios|235\/302|[from] item: Life Orb
|
|-heal|p2a: Heatran|199\/386|[from] item: Leftovers
|turn|6
|
|move|p2a: Heatran|Protect|p2a: Heatran
|-singleturn|p2a: Heatran|Protect
|move|p1a: Latios|Draco Meteor|p2a: Heatran
|-activate|p2a: Heatran|Protect
|
|-heal|p2a: Heatran|223\/386|[from] item: Leftovers
|turn|7
|
|switch|p2a: Ditto|Ditto|299\/299
|-transform|p2a: Ditto|p1a: Latios
|move|p1a: Latios|Surf|p2a: Ditto
|-resisted|p2a: Ditto
|-damage|p2a: Ditto|234\/299
|-damage|p1a: Latios|205\/302|[from] item: Life Orb
|
|turn|8
|
|switch|p1a: Azumarill|Azumarill, M|404\/404
|-damage|p1a: Azumarill|354\/404|[from] Stealth Rock
|move|p2a: Ditto|Draco Meteor|p1a: Azumarill
|-immune|p1a: Azumarill|[msg]
|
|turn|9
|
|switch|p2a: Slowbro|Slowbro, F|394\/394
|move|p1a: Azumarill|Play Rough|p2a: Slowbro
|-damage|p2a: Slowbro|261\/394
|
|-heal|p2a: Slowbro|285\/394|[from] item: Leftovers
|turn|10
|
|switch|p1a: Cresselia|Cresselia, F|444\/444
|-damage|p1a: Cresselia|389\/444|[from] Stealth Rock
|move|p2a: Slowbro|Scald|p1a: Cresselia
|-damage|p1a: Cresselia|316\/444
|-status|p1a: Cresselia|brn
|
|-heal|p1a: Cresselia|343\/444 brn|[from] item: Leftovers
|-heal|p2a: Slowbro|309\/394|[from] item: Leftovers
|-damage|p1a: Cresselia|288\/444 brn|[from] brn
|turn|11
|
|move|p1a: Cresselia|Light Screen|p1a: Cresselia
|-sidestart|p1: Caralhu|move: Light Screen
|move|p2a: Slowbro|Calm Mind|p2a: Slowbro
|-boost|p2a: Slowbro|spa|1
|-boost|p2a: Slowbro|spd|1
|
|-heal|p1a: Cresselia|315\/444 brn|[from] item: Leftovers
|-heal|p2a: Slowbro|333\/394|[from] item: Leftovers
|-damage|p1a: Cresselia|260\/444 brn|[from] brn
|turn|12
|
|move|p1a: Cresselia|Toxic|p2a: Slowbro
|-status|p2a: Slowbro|tox
|move|p2a: Slowbro|Scald|p1a: Cresselia
|-damage|p1a: Cresselia|210\/444 brn
|
|-heal|p1a: Cresselia|237\/444 brn|[from] item: Leftovers
|-heal|p2a: Slowbro|357\/394 tox|[from] item: Leftovers
|-damage|p1a: Cresselia|182\/444 brn|[from] brn
|-damage|p2a: Slowbro|333\/394 tox|[from] psn
|turn|13
|
|switch|p2a: Heatran|Heatran, F|223\/386
|move|p1a: Cresselia|Moonlight|p1a: Cresselia
|-heal|p1a: Cresselia|404\/444 brn
|
|-heal|p1a: Cresselia|431\/444 brn|[from] item: Leftovers
|-heal|p2a: Heatran|247\/386|[from] item: Leftovers
|-damage|p1a: Cresselia|376\/444 brn|[from] brn
|turn|14
|
|switch|p1a: Landorus-Therian|Landorus-Therian, M|280\/320
|-damage|p1a: Landorus-Therian|240\/320|[from] Stealth Rock
|-ability|p1a: Landorus-Therian|Intimidate|[of] p2a: Heatran
|-unboost|p2a: Heatran|atk|1
|move|p2a: Heatran|Roar|p1a: Landorus-Therian
|drag|p1a: Volcarona|Volcarona, F|312\/312
|-damage|p1a: Volcarona|156\/312|[from] Stealth Rock
|
|-heal|p2a: Heatran|271\/386|[from] item: Leftovers
|turn|15
|
|move|p1a: Volcarona|Bug Buzz|p2a: Heatran
|-resisted|p2a: Heatran
|-damage|p2a: Heatran|242\/386
|move|p2a: Heatran|Toxic|p1a: Volcarona
|-status|p1a: Volcarona|tox
|-enditem|p1a: Volcarona|Lum Berry|[eat]
|-curestatus|p1a: Volcarona|tox
|
|-heal|p2a: Heatran|266\/386|[from] item: Leftovers
|-sideend|p1: Caralhu|move: Light Screen
|turn|16
|
|switch|p1a: Landorus-Therian|Landorus-Therian, M|240\/320
|-damage|p1a: Landorus-Therian|200\/320|[from] Stealth Rock
|-ability|p1a: Landorus-Therian|Intimidate|[of] p2a: Heatran
|-unboost|p2a: Heatran|atk|1
|move|p2a: Heatran|Lava Plume|p1a: Landorus-Therian
|-crit|p1a: Landorus-Therian
|-damage|p1a: Landorus-Therian|0 fnt
|faint|p1a: Landorus-Therian
|
|-heal|p2a: Heatran|290\/386|[from] item: Leftovers
|
|switch|p1a: Latios|Latios, M|205\/302
|-damage|p1a: Latios|168\/302|[from] Stealth Rock
|turn|17
|
|move|p2a: Heatran|Protect|p2a: Heatran
|-singleturn|p2a: Heatran|Protect
|move|p1a: Latios|Surf|p2a: Heatran
|-activate|p2a: Heatran|Protect
|
|-heal|p2a: Heatran|314\/386|[from] item: Leftovers
|turn|18
|
|switch|p2a: Slowbro|Slowbro, F|394\/394 tox
|move|p1a: Latios|Draco Meteor|p2a: Slowbro
|-damage|p2a: Slowbro|18\/394 tox
|-unboost|p1a: Latios|spa|2
|-damage|p1a: Latios|138\/302|[from] item: Life Orb
|
|-heal|p2a: Slowbro|42\/394 tox|[from] item: Leftovers
|-damage|p2a: Slowbro|18\/394 tox|[from] psn
|turn|19
|
|switch|p2a: Heatran|Heatran, F|314\/386
|move|p1a: Latios|Draco Meteor|p2a: Heatran
|-resisted|p2a: Heatran
|-damage|p2a: Heatran|257\/386
|-unboost|p1a: Latios|spa|2
|-damage|p1a: Latios|108\/302|[from] item: Life Orb
|
|-heal|p2a: Heatran|281\/386|[from] item: Leftovers
|turn|20
|
|switch|p1a: Azumarill|Azumarill, M|354\/404
|-damage|p1a: Azumarill|304\/404|[from] Stealth Rock
|move|p2a: Heatran|Toxic|p1a: Azumarill
|-status|p1a: Azumarill|tox
|
|-heal|p2a: Heatran|305\/386|[from] item: Leftovers
|-damage|p1a: Azumarill|279\/404 tox|[from] psn
|turn|21
|
|move|p2a: Heatran|Protect|p2a: Heatran
|-singleturn|p2a: Heatran|Protect
|move|p1a: Azumarill|Belly Drum|p1a: Azumarill
|-damage|p1a: Azumarill|77\/404 tox
|-setboost|p1a: Azumarill|atk|6|[from] move: Belly Drum
|-enditem|p1a: Azumarill|Sitrus Berry|[eat]
|-heal|p1a: Azumarill|178\/404 tox|[from] item: Sitrus Berry
|
|-heal|p2a: Heatran|329\/386|[from] item: Leftovers
|-damage|p1a: Azumarill|128\/404 tox|[from] psn
|turn|22
|
|switch|p2a: Slowbro|Slowbro, F|149\/394 tox
|move|p1a: Azumarill|Play Rough|p2a: Slowbro
|-damage|p2a: Slowbro|0 fnt
|faint|p2a: Slowbro
|
|-damage|p1a: Azumarill|53\/404 tox|[from] psn
|
|switch|p2a: Ditto|Ditto|234\/299
|-transform|p2a: Ditto|p1a: Azumarill
|turn|23
|
|move|p2a: Ditto|Aqua Jet|p1a: Azumarill
|-resisted|p1a: Azumarill
|-damage|p1a: Azumarill|0 fnt
|faint|p1a: Azumarill
|
|
|switch|p1a: Cresselia|Cresselia, F|376\/444 brn
|-damage|p1a: Cresselia|321\/444 brn|[from] Stealth Rock
|turn|24
|
|move|p2a: Ditto|Aqua Jet|p1a: Cresselia
|-damage|p1a: Cresselia|101\/444 brn
|move|p1a: Cresselia|Lunar Dance|p1a: Cresselia
|faint|p1a: Cresselia
|
|
|switch|p1a: Latios|Latios, M|108\/302
|-heal|p1a: Latios|302\/302|[from] move: Lunar Dance
|-damage|p1a: Latios|265\/302|[from] Stealth Rock
|turn|25
|
|move|p2a: Ditto|Aqua Jet|p1a: Latios
|-resisted|p1a: Latios
|-damage|p1a: Latios|72\/302
|move|p1a: Latios|Psyshock|p2a: Ditto
|-damage|p2a: Ditto|0 fnt
|-damage|p1a: Latios|42\/302|[from] item: Life Orb
|faint|p2a: Ditto
|
|
|switch|p2a: Gardevoir|Gardevoir, F|277\/277
|turn|26
|-message|Caralhu forfeited.
|
|win|fullmetalal
|raw|Ladder updating...
|leave|Caralhu
|player|p1
|raw|Caralhu's rating: 1475 &rarr; <strong>1452<\/strong><br \/>(-23 for losing)
|raw|fullmetalal's rating: 1423 &rarr; <strong>1446<\/strong><br \/>(+23 for winning)