|join|Caralhu
|join|Don't Use Mega
|player|p1|Caralhu|165
|player|p2|Don't Use Mega|101
|gametype|singles
|gen|6
|tier|OU
|rated
|clearpoke
|poke|p1|Cresselia, F
|poke|p1|Azumarill, M
|poke|p1|Volcarona, F
|poke|p1|Latios, M
|poke|p1|Scizor, M
|poke|p1|Landorus-Therian, M
|poke|p2|Gothitelle, M
|poke|p2|Landorus-Therian, M
|poke|p2|Alomomola, F
|poke|p2|Chansey, F
|poke|p2|Amoonguss, F
|poke|p2|Tentacruel, M
|rule|Swagger Clause: Swagger is banned
|rule|Baton Pass Clause: Limit one PokÃ©mon knowing Baton Pass
|rule|Sleep Clause Mod: Limit one foe put to sleep
|rule|Species Clause: Limit one of each PokÃ©mon
|rule|OHKO Clause: OHKO moves are banned
|rule|Moody Clause: Moody is banned
|rule|Evasion Moves Clause: Evasion moves are banned
|rule|Endless Battle Clause: Forcing endless battles is banned
|rule|HP Percentage Mod: HP is shown in percentages
|teampreview
|
|start
|switch|p1a: Landorus-Therian|Landorus-Therian, M|320\/320
|switch|p2a: Amoonguss|Amoonguss, F|430\/430
|-ability|p1a: Landorus-Therian|Intimidate|[of] p2a: Amoonguss
|-unboost|p2a: Amoonguss|atk|1
|turn|1
|
|move|p1a: Landorus-Therian|U-turn|p2a: Amoonguss
|-damage|p2a: Amoonguss|337\/430
|
|switch|p1a: Volcarona|Volcarona, F|312\/312
|move|p2a: Amoonguss|Spore|p1a: Volcarona
|-status|p1a: Volcarona|slp
|-enditem|p1a: Volcarona|Lum Berry|[eat]
|-curestatus|p1a: Volcarona|slp
|
|-heal|p2a: Amoonguss|363\/430|[from] item: Black Sludge
|turn|2
|
|switch|p2a: Chansey|Chansey, F|672\/672
|move|p1a: Volcarona|Fiery Dance|p2a: Chansey
|-damage|p2a: Chansey|579\/672
|-boost|p1a: Volcarona|spa|1
|
|turn|3
|
|switch|p1a: Landorus-Therian|Landorus-Therian, M|320\/320
|-ability|p1a: Landorus-Therian|Intimidate|[of] p2a: Chansey
|-unboost|p2a: Chansey|atk|1
|move|p2a: Chansey|Stealth Rock|p1a: Landorus-Therian
|-sidestart|p1: Caralhu|move: Stealth Rock
|
|turn|4
|
|switch|p2a: Amoonguss|Amoonguss, F|430\/430
|move|p1a: Landorus-Therian|U-turn|p2a: Amoonguss
|-damage|p2a: Amoonguss|345\/430
|
|switch|p1a: Latios|Latios, M|302\/302
|-damage|p1a: Latios|265\/302|[from] Stealth Rock
|
|-heal|p2a: Amoonguss|371\/430|[from] item: Black Sludge
|turn|5
|
|move|p1a: Latios|Psyshock|p2a: Amoonguss
|-supereffective|p2a: Amoonguss
|-damage|p2a: Amoonguss|51\/430
|-damage|p1a: Latios|235\/302|[from] item: Life Orb
|move|p2a: Amoonguss|Spore|p1a: Latios
|-status|p1a: Latios|slp
|
|-heal|p2a: Amoonguss|77\/430|[from] item: Black Sludge
|turn|6
|
|switch|p1a: Scizor|Scizor, M|344\/344
|-damage|p1a: Scizor|301\/344|[from] Stealth Rock
|switch|p2a: Landorus-Therian|Landorus-Therian, M|382\/382
|-ability|p2a: Landorus-Therian|Intimidate|[of] p1a: Scizor
|-unboost|p1a: Scizor|atk|1
|
|turn|7
|
|detailschange|p1a: Scizor|Scizor-Mega, M
|message|Scizor has Mega Evolved into Mega Scizor!
|move|p2a: Landorus-Therian|U-turn|p1a: Scizor
|-resisted|p1a: Scizor
|-damage|p1a: Scizor|273\/344
|
|switch|p2a: Alomomola|Alomomola, F|472\/472
|move|p1a: Scizor|Defog|p2a: Alomomola
|-unboost|p2a: Alomomola|evasion|1
|-sideend|p1: Caralhu|Stealth Rock|[from] move: Defog|[of] p1a: Scizor
|
|turn|8
|
|switch|p1a: Latios|Latios, M|235\/302 slp
|move|p2a: Alomomola|Scald|p1a: Latios
|-resisted|p1a: Latios
|-damage|p1a: Latios|213\/302 slp
|
|turn|9
|
|switch|p2a: Landorus-Therian|Landorus-Therian, M|382\/382
|-ability|p2a: Landorus-Therian|Intimidate|[of] p1a: Latios
|-unboost|p1a: Latios|atk|1
|cant|p1a: Latios|slp
|
|turn|10
|
|switch|p1a: Landorus-Therian|Landorus-Therian, M|320\/320
|-ability|p1a: Landorus-Therian|Intimidate|[of] p2a: Landorus-Therian
|-unboost|p2a: Landorus-Therian|atk|1
|move|p2a: Landorus-Therian|U-turn|p1a: Landorus-Therian
|-resisted|p1a: Landorus-Therian
|-damage|p1a: Landorus-Therian|291\/320
|
|switch|p2a: Amoonguss|Amoonguss, F|220\/430
|
|-heal|p2a: Amoonguss|246\/430|[from] item: Black Sludge
|turn|11
|
|switch|p1a: Latios|Latios, M|213\/302 slp
|switch|p2a: Alomomola|Alomomola, F|472\/472
|
|turn|12
|
|switch|p2a: Landorus-Therian|Landorus-Therian, M|382\/382
|-ability|p2a: Landorus-Therian|Intimidate|[of] p1a: Latios
|-unboost|p1a: Latios|atk|1
|cant|p1a: Latios|slp
|
|turn|13
|
|switch|p1a: Landorus-Therian|Landorus-Therian, M|291\/320
|-ability|p1a: Landorus-Therian|Intimidate|[of] p2a: Landorus-Therian
|-unboost|p2a: Landorus-Therian|atk|1
|move|p2a: Landorus-Therian|U-turn|p1a: Landorus-Therian
|-crit|p1a: Landorus-Therian
|-resisted|p1a: Landorus-Therian
|-damage|p1a: Landorus-Therian|225\/320
|
|switch|p2a: Amoonguss|Amoonguss, F|389\/430
|
|-heal|p2a: Amoonguss|415\/430|[from] item: Black Sludge
|turn|14
|
|move|p1a: Landorus-Therian|U-turn|p2a: Amoonguss
|-damage|p2a: Amoonguss|319\/430
|
|switch|p1a: Latios|Latios, M|213\/302 slp
|move|p2a: Amoonguss|Foul Play|p1a: Latios
|-supereffective|p1a: Latios
|-damage|p1a: Latios|77\/302 slp
|
|-heal|p2a: Amoonguss|345\/430|[from] item: Black Sludge
|turn|15
|join|SilviuSantos
|
|-curestatus|p1a: Latios|slp
|move|p1a: Latios|Psyshock|p2a: Amoonguss
|-supereffective|p2a: Amoonguss
|-damage|p2a: Amoonguss|17\/430
|-damage|p1a: Latios|47\/302|[from] item: Life Orb
|move|p2a: Amoonguss|Foul Play|p1a: Latios
|-supereffective|p1a: Latios
|-damage|p1a: Latios|0 fnt
|faint|p1a: Latios
|
|-heal|p2a: Amoonguss|43\/430|[from] item: Black Sludge
|
|switch|p1a: Scizor|Scizor-Mega, M|273\/344
|turn|16
|
|move|p1a: Scizor|Pursuit|p2a: Amoonguss|[from]Pursuit
|-damage|p2a: Amoonguss|0 fnt
|faint|p2a: Amoonguss
|
|
|switch|p2a: Tentacruel|Tentacruel, M|352\/352
|turn|17
|
|move|p2a: Tentacruel|Toxic Spikes|p1a: Scizor
|-sidestart|p1: Caralhu|move: Toxic Spikes
|move|p1a: Scizor|Swords Dance|p1a: Scizor
|-boost|p1a: Scizor|atk|2
|
|turn|18
|
|move|p2a: Tentacruel|Scald|p1a: Scizor
|-damage|p1a: Scizor|195\/344
|move|p1a: Scizor|Swords Dance|p1a: Scizor
|-boost|p1a: Scizor|atk|2
|
|turn|19
|
|move|p2a: Tentacruel|Haze|p2a: Tentacruel
|-clearallboost
|move|p1a: Scizor|Pursuit|p2a: Tentacruel
|-damage|p2a: Tentacruel|262\/352
|
|-heal|p2a: Tentacruel|284\/352|[from] item: Black Sludge
|turn|20
|
|move|p2a: Tentacruel|Scald|p1a: Scizor
|-crit|p1a: Scizor
|-damage|p1a: Scizor|86\/344
|move|p1a: Scizor|Defog|p2a: Tentacruel
|-unboost|p2a: Tentacruel|evasion|1
|-sideend|p1: Caralhu|Toxic Spikes|[from] move: Defog|[of] p1a: Scizor
|
|-heal|p2a: Tentacruel|306\/352|[from] item: Black Sludge
|turn|21
|
|switch|p1a: Cresselia|Cresselia, F|444\/444
|move|p2a: Tentacruel|Scald|p1a: Cresselia
|-damage|p1a: Cresselia|378\/444
|-status|p1a: Cresselia|brn
|
|-heal|p2a: Tentacruel|328\/352|[from] item: Black Sludge
|-heal|p1a: Cresselia|405\/444 brn|[from] item: Leftovers
|-damage|p1a: Cresselia|350\/444 brn|[from] brn
|turn|22
|
|move|p2a: Tentacruel|Toxic Spikes|p1a: Cresselia
|-sidestart|p1: Caralhu|move: Toxic Spikes
|move|p1a: Cresselia|Thunder Wave|p2a: Tentacruel
|-status|p2a: Tentacruel|par
|
|-heal|p1a: Cresselia|377\/444 brn|[from] item: Leftovers
|-heal|p2a: Tentacruel|350\/352 par|[from] item: Black Sludge
|-damage|p1a: Cresselia|322\/444 brn|[from] brn
|turn|23
|
|switch|p1a: Scizor|Scizor-Mega, M|86\/344
|move|p2a: Tentacruel|Toxic Spikes|p1a: Scizor
|-sidestart|p1: Caralhu|move: Toxic Spikes
|
|-heal|p2a: Tentacruel|352\/352 par|[from] item: Black Sludge
|turn|24
|
|move|p1a: Scizor|Defog|p2a: Tentacruel
|-unboost|p2a: Tentacruel|evasion|1
|-sideend|p1: Caralhu|Toxic Spikes|[from] move: Defog|[of] p1a: Scizor
|move|p2a: Tentacruel|Scald|p1a: Scizor
|-crit|p1a: Scizor
|-damage|p1a: Scizor|0 fnt
|faint|p1a: Scizor
|
|
|switch|p1a: Azumarill|Azumarill, M|404\/404
|turn|25
|
|move|p1a: Azumarill|Belly Drum|p1a: Azumarill
|-damage|p1a: Azumarill|202\/404
|-setboost|p1a: Azumarill|atk|6|[from] move: Belly Drum
|-enditem|p1a: Azumarill|Sitrus Berry|[eat]
|-heal|p1a: Azumarill|303\/404|[from] item: Sitrus Berry
|move|p2a: Tentacruel|Haze|p2a: Tentacruel
|-clearallboost
|
|turn|26
|
|move|p1a: Azumarill|Body Slam|p2a: Tentacruel
|-damage|p2a: Tentacruel|239\/352 par
|move|p2a: Tentacruel|Scald|p1a: Azumarill
|-resisted|p1a: Azumarill
|-damage|p1a: Azumarill|260\/404
|-status|p1a: Azumarill|brn
|
|-heal|p2a: Tentacruel|261\/352 par|[from] item: Black Sludge
|-damage|p1a: Azumarill|210\/404 brn|[from] brn
|turn|27
|
|switch|p1a: Landorus-Therian|Landorus-Therian, M|225\/320
|-ability|p1a: Landorus-Therian|Intimidate|[of] p2a: Tentacruel
|-unboost|p2a: Tentacruel|atk|1
|cant|p2a: Tentacruel|par
|
|-heal|p2a: Tentacruel|283\/352 par|[from] item: Black Sludge
|turn|28
|c|âDon't Use Mega|you are from brazil ?
|
|switch|p2a: Alomomola|Alomomola, F|472\/472
|move|p1a: Landorus-Therian|U-turn|p2a: Alomomola
|-damage|p2a: Alomomola|390\/472
|
|switch|p1a: Cresselia|Cresselia, F|322\/444 brn
|
|-heal|p1a: Cresselia|349\/444 brn|[from] item: Leftovers
|-heal|p2a: Alomomola|419\/472|[from] item: Leftovers
|-damage|p1a: Cresselia|294\/444 brn|[from] brn
|turn|29
|
|switch|p2a: Gothitelle|Gothitelle, M|301\/301
|move|p1a: Cresselia|Lunar Dance|p1a: Cresselia
|faint|p1a: Cresselia
|
|
|switch|p1a: Azumarill|Azumarill, M|210\/404 brn
|-heal|p1a: Azumarill|404\/404|[from] move: Lunar Dance
|turn|30
|
|move|p2a: Gothitelle|Trick|p1a: Azumarill
|-activate|p2a: Gothitelle|move: Trick|[of] p1a: Azumarill
|-item|p1a: Azumarill|Choice Scarf|[from] move: Trick
|move|p1a: Azumarill|Body Slam|p2a: Gothitelle
|-damage|p2a: Gothitelle|179\/301
|
|turn|31
|
|switch|p2a: Alomomola|Alomomola, F|472\/472
|move|p1a: Azumarill|Body Slam|p2a: Alomomola
|-damage|p2a: Alomomola|366\/472
|
|-heal|p2a: Alomomola|395\/472|[from] item: Leftovers
|turn|32
|
|switch|p1a: Volcarona|Volcarona, F|312\/312
|move|p2a: Alomomola|Toxic|p1a: Volcarona
|-status|p1a: Volcarona|tox
|
|-heal|p2a: Alomomola|424\/472|[from] item: Leftovers
|-damage|p1a: Volcarona|293\/312 tox|[from] psn
|turn|33
|-message|Caralhu forfeited.
|
|win|Don't Use Mega
|raw|Ladder updating...
|leave|Caralhu
|player|p1
|raw|Caralhu's rating: 1705 &rarr; <strong>1677<\/strong><br \/>(-28 for losing)
|raw|Don&apos;t Use Mega's rating: 1576 &rarr; <strong>1603<\/strong><br \/>(+27 for winning)
|leave|SilviuSantos