|join|Caralhu
|join|Gwerkit
|player|p1|Caralhu|165
|player|p2|Gwerkit|287
|gametype|singles
|gen|6
|tier|OU
|rated
|clearpoke
|poke|p1|Azumarill, M
|poke|p1|Scizor, M
|poke|p1|Cresselia, F
|poke|p1|Latios, M
|poke|p1|Landorus-Therian, M
|poke|p1|Volcarona, F
|poke|p2|Sceptile, M
|poke|p2|Clefable, M
|poke|p2|Porygon2
|poke|p2|Rotom-Wash
|poke|p2|Tentacruel, F
|poke|p2|Gothitelle, F
|rule|Swagger Clause: Swagger is banned
|rule|Baton Pass Clause: Limit one PokÃ©mon knowing Baton Pass
|rule|Sleep Clause Mod: Limit one foe put to sleep
|rule|Species Clause: Limit one of each PokÃ©mon
|rule|OHKO Clause: OHKO moves are banned
|rule|Moody Clause: Moody is banned
|rule|Evasion Moves Clause: Evasion moves are banned
|rule|Endless Battle Clause: Forcing endless battles is banned
|rule|HP Percentage Mod: HP is shown in percentages
|teampreview
|
|start
|switch|p1a: Landorus-Therian|Landorus-Therian, M|320\/320
|switch|p2a: Clefable|Clefable, M|394\/394
|-ability|p1a: Landorus-Therian|Intimidate|[of] p2a: Clefable
|-unboost|p2a: Clefable|atk|1
|turn|1
|
|move|p1a: Landorus-Therian|Earthquake|p2a: Clefable
|-damage|p2a: Clefable|166\/394
|move|p2a: Clefable|Stealth Rock|p1a: Landorus-Therian
|-sidestart|p1: Caralhu|move: Stealth Rock
|
|-heal|p2a: Clefable|190\/394|[from] item: Leftovers
|turn|2
|
|switch|p1a: Latios|Latios, M|302\/302
|-damage|p1a: Latios|265\/302|[from] Stealth Rock
|switch|p2a: Rotom-Wash|Rotom-Wash|304\/304
|
|turn|3
|
|switch|p2a: Porygon2|Porygon2|374\/374
|-ability|p2a: Porygon2|Levitate|[from] ability: Trace|[of] p1a: Latios
|move|p1a: Latios|Psyshock|p2a: Porygon2
|-damage|p2a: Porygon2|284\/374
|-damage|p1a: Latios|235\/302|[from] item: Life Orb
|
|turn|4
|
|switch|p2a: Clefable|Clefable, M|190\/394
|move|p1a: Latios|Draco Meteor|p2a: Clefable
|-immune|p2a: Clefable|[msg]
|
|-heal|p2a: Clefable|214\/394|[from] item: Leftovers
|turn|5
|
|switch|p1a: Scizor|Scizor, M|344\/344
|-damage|p1a: Scizor|301\/344|[from] Stealth Rock
|move|p2a: Clefable|Thunder Wave|p1a: Scizor
|-status|p1a: Scizor|par
|
|-heal|p2a: Clefable|238\/394|[from] item: Leftovers
|turn|6
|
|switch|p2a: Rotom-Wash|Rotom-Wash|304\/304
|detailschange|p1a: Scizor|Scizor-Mega, M
|-mega|p1a: Scizor|Scizor|Scizorite
|move|p1a: Scizor|Defog|p2a: Rotom-Wash
|-unboost|p2a: Rotom-Wash|evasion|1
|-sideend|p1: Caralhu|Stealth Rock|[from] move: Defog|[of] p1a: Scizor
|
|turn|7
|
|move|p2a: Rotom-Wash|Hydro Pump|p1a: Scizor
|-damage|p1a: Scizor|177\/344 par
|move|p1a: Scizor|Swords Dance|p1a: Scizor
|-boost|p1a: Scizor|atk|2
|
|turn|8
|
|move|p2a: Rotom-Wash|Volt Switch|p1a: Scizor
|-damage|p1a: Scizor|96\/344 par
|
|move|p1a: Scizor|Pursuit|p2a: Rotom-Wash|[from]Pursuit
|-damage|p2a: Rotom-Wash|128\/304
|switch|p2a: Porygon2|Porygon2|284\/374
|-ability|p2a: Porygon2|Technician|[from] ability: Trace|[of] p1a: Scizor
|
|turn|9
|
|switch|p1a: Cresselia|Cresselia, F|444\/444
|move|p2a: Porygon2|Foul Play|p1a: Cresselia
|-supereffective|p1a: Cresselia
|-damage|p1a: Cresselia|370\/444
|
|-heal|p1a: Cresselia|397\/444|[from] item: Leftovers
|turn|10
|
|switch|p1a: Scizor|Scizor-Mega, M|96\/344 par
|switch|p2a: Gothitelle|Gothitelle, F|301\/301
|
|turn|11
|
|move|p1a: Scizor|Pursuit|p2a: Gothitelle|[from]Pursuit
|-crit|p2a: Gothitelle
|-supereffective|p2a: Gothitelle
|-damage|p2a: Gothitelle|0 fnt
|faint|p2a: Gothitelle
|
|
|switch|p2a: Sceptile|Sceptile, M|281\/281
|turn|12
|
|detailschange|p2a: Sceptile|Sceptile-Mega, M
|-mega|p2a: Sceptile|Sceptile|Sceptilite
|move|p1a: Scizor|Bullet Punch|p2a: Sceptile
|-damage|p2a: Sceptile|116\/281
|move|p2a: Sceptile|Hidden Power|p1a: Scizor
|-supereffective|p1a: Scizor
|-damage|p1a: Scizor|0 fnt
|faint|p1a: Scizor
|
|
|switch|p1a: Landorus-Therian|Landorus-Therian, M|320\/320
|-ability|p1a: Landorus-Therian|Intimidate|[of] p2a: Sceptile
|-unboost|p2a: Sceptile|atk|1
|turn|13
|
|switch|p2a: Porygon2|Porygon2|284\/374
|-ability|p2a: Porygon2|Intimidate|[from] ability: Trace|[of] p1a: Landorus-Therian
|-ability|p2a: Porygon2|Intimidate|[of] p1a: Landorus-Therian
|-unboost|p1a: Landorus-Therian|atk|1
|move|p1a: Landorus-Therian|U-turn|p2a: Porygon2
|-damage|p2a: Porygon2|252\/374
|
|switch|p1a: Volcarona|Volcarona, F|312\/312
|
|turn|14
|
|move|p1a: Volcarona|Quiver Dance|p1a: Volcarona
|-boost|p1a: Volcarona|spa|1
|-boost|p1a: Volcarona|spd|1
|-boost|p1a: Volcarona|spe|1
|move|p2a: Porygon2|Thunder Wave|p1a: Volcarona
|-status|p1a: Volcarona|par
|-enditem|p1a: Volcarona|Lum Berry|[eat]
|-curestatus|p1a: Volcarona|par
|
|turn|15
|
|move|p1a: Volcarona|Fiery Dance|p2a: Porygon2
|-crit|p2a: Porygon2
|-damage|p2a: Porygon2|17\/374
|move|p2a: Porygon2|Thunder Wave|p1a: Volcarona
|-status|p1a: Volcarona|par
|
|turn|16
|
|move|p2a: Porygon2|Recover|p2a: Porygon2
|-heal|p2a: Porygon2|204\/374
|move|p1a: Volcarona|Fiery Dance|p2a: Porygon2
|-damage|p2a: Porygon2|27\/374
|-boost|p1a: Volcarona|spa|1
|
|turn|17
|
|switch|p2a: Tentacruel|Tentacruel, F|364\/364
|move|p1a: Volcarona|Fiery Dance|p2a: Tentacruel
|-resisted|p2a: Tentacruel
|-damage|p2a: Tentacruel|270\/364
|-boost|p1a: Volcarona|spa|1
|
|-heal|p2a: Tentacruel|292\/364|[from] item: Black Sludge
|turn|18
|
|move|p2a: Tentacruel|Toxic Spikes|p1a: Volcarona
|-sidestart|p1: Caralhu|move: Toxic Spikes
|move|p1a: Volcarona|Giga Drain|p2a: Tentacruel
|-damage|p2a: Tentacruel|133\/364
|-damage|p1a: Volcarona|232\/312 par|[from] ability: Liquid Ooze|[of] p2a: Tentacruel
|
|-heal|p2a: Tentacruel|155\/364|[from] item: Black Sludge
|turn|19
|
|move|p2a: Tentacruel|Acid Spray|p1a: Volcarona
|-damage|p1a: Volcarona|204\/312 par
|-unboost|p1a: Volcarona|spd|2
|move|p1a: Volcarona|Giga Drain|p2a: Tentacruel
|-damage|p2a: Tentacruel|0 fnt
|-damage|p1a: Volcarona|126\/312 par|[from] ability: Liquid Ooze|[of] p2a: Tentacruel
|faint|p2a: Tentacruel
|
|
|switch|p2a: Rotom-Wash|Rotom-Wash|128\/304
|turn|20
|
|switch|p1a: Cresselia|Cresselia, F|397\/444
|move|p2a: Rotom-Wash|Volt Switch|p1a: Cresselia
|-damage|p1a: Cresselia|331\/444
|
|switch|p2a: Clefable|Clefable, M|238\/394
|
|-heal|p1a: Cresselia|358\/444|[from] item: Leftovers
|-heal|p2a: Clefable|262\/394|[from] item: Leftovers
|turn|21
|
|move|p1a: Cresselia|Toxic|p2a: Clefable
|-status|p2a: Clefable|tox
|move|p2a: Clefable|Stealth Rock|p1a: Cresselia
|-sidestart|p1: Caralhu|move: Stealth Rock
|
|-heal|p1a: Cresselia|385\/444|[from] item: Leftovers
|-heal|p2a: Clefable|286\/394 tox|[from] item: Leftovers
|turn|22
|
|switch|p1a: Volcarona|Volcarona, F|126\/312 par
|-damage|p1a: Volcarona|0 fnt|[from] Stealth Rock
|faint|p1a: Volcarona
|move|p2a: Clefable|Thunder Wave|p1: Volcarona|[notarget]
|-notarget
|
|-heal|p2a: Clefable|310\/394 tox|[from] item: Leftovers
|
|switch|p1a: Azumarill|Azumarill, M|404\/404
|-damage|p1a: Azumarill|354\/404|[from] Stealth Rock
|-status|p1a: Azumarill|psn
|turn|23
|
|move|p2a: Clefable|Moonblast|p1a: Azumarill
|-damage|p1a: Azumarill|228\/404 psn
|move|p1a: Azumarill|Belly Drum|p1a: Azumarill
|-damage|p1a: Azumarill|26\/404 psn
|-setboost|p1a: Azumarill|atk|6|[from] move: Belly Drum
|-enditem|p1a: Azumarill|Sitrus Berry|[eat]
|-heal|p1a: Azumarill|127\/404 psn|[from] item: Sitrus Berry
|
|-heal|p2a: Clefable|334\/394 tox|[from] item: Leftovers
|-damage|p1a: Azumarill|77\/404 psn|[from] psn
|turn|24
|
|switch|p2a: Porygon2|Porygon2|27\/374
|-ability|p2a: Porygon2|Huge Power|[from] ability: Trace|[of] p1a: Azumarill
|move|p1a: Azumarill|Aqua Jet|p2a: Porygon2
|-crit|p2a: Porygon2
|-damage|p2a: Porygon2|0 fnt
|faint|p2a: Porygon2
|
|-damage|p1a: Azumarill|27\/404 psn|[from] psn
|
|switch|p2a: Rotom-Wash|Rotom-Wash|128\/304
|turn|25
|
|move|p1a: Azumarill|Aqua Jet|p2a: Rotom-Wash
|-resisted|p2a: Rotom-Wash
|-damage|p2a: Rotom-Wash|0 fnt
|faint|p2a: Rotom-Wash
|
|-damage|p1a: Azumarill|0 fnt|[from] psn
|faint|p1a: Azumarill
|
|switch|p1a: Landorus-Therian|Landorus-Therian, M|320\/320
|switch|p2a: Clefable|Clefable, M|334\/394 tox
|-damage|p1a: Landorus-Therian|280\/320|[from] Stealth Rock
|-ability|p1a: Landorus-Therian|Intimidate|[of] p2a: Clefable
|-unboost|p2a: Clefable|atk|1
|turn|26
|
|move|p1a: Landorus-Therian|Earthquake|p2a: Clefable
|-damage|p2a: Clefable|124\/394 tox
|move|p2a: Clefable|Soft-Boiled|p2a: Clefable
|-heal|p2a: Clefable|321\/394 tox
|
|-heal|p2a: Clefable|345\/394 tox|[from] item: Leftovers
|turn|27
|
|move|p1a: Landorus-Therian|Earthquake|p2a: Clefable
|-damage|p2a: Clefable|107\/394 tox
|move|p2a: Clefable|Soft-Boiled|p2a: Clefable
|-heal|p2a: Clefable|304\/394 tox
|
|-heal|p2a: Clefable|328\/394 tox|[from] item: Leftovers
|turn|28
|
|move|p1a: Landorus-Therian|Earthquake|p2a: Clefable
|-damage|p2a: Clefable|87\/394 tox
|move|p2a: Clefable|Soft-Boiled|p2a: Clefable
|-heal|p2a: Clefable|284\/394 tox
|
|-heal|p2a: Clefable|308\/394 tox|[from] item: Leftovers
|turn|29
|
|move|p1a: Landorus-Therian|Earthquake|p2a: Clefable
|-crit|p2a: Clefable
|-damage|p2a: Clefable|2\/394 tox
|move|p2a: Clefable|Soft-Boiled|p2a: Clefable
|-heal|p2a: Clefable|199\/394 tox
|
|-heal|p2a: Clefable|223\/394 tox|[from] item: Leftovers
|turn|30
|
|move|p1a: Landorus-Therian|Earthquake|p2a: Clefable
|-damage|p2a: Clefable|0 fnt
|faint|p2a: Clefable
|
|
|switch|p2a: Sceptile|Sceptile-Mega, M|116\/281
|turn|31
|
|switch|p1a: Cresselia|Cresselia, F|385\/444
|-damage|p1a: Cresselia|330\/444|[from] Stealth Rock
|move|p2a: Sceptile|Substitute|p2a: Sceptile
|-start|p2a: Sceptile|Substitute
|-damage|p2a: Sceptile|46\/281
|
|-heal|p1a: Cresselia|357\/444|[from] item: Leftovers
|turn|32
|
|move|p2a: Sceptile|Giga Drain|p1a: Cresselia
|-damage|p1a: Cresselia|248\/444
|-heal|p2a: Sceptile|101\/281|[from] drain|[of] p1a: Cresselia
|move|p1a: Cresselia|Lunar Dance|p1a: Cresselia
|faint|p1a: Cresselia
|
|
|switch|p1a: Landorus-Therian|Landorus-Therian, M|280\/320
|-heal|p1a: Landorus-Therian|320\/320|[from] move: Lunar Dance
|-damage|p1a: Landorus-Therian|280\/320|[from] Stealth Rock
|-activate|p2a: Sceptile|Substitute|ability: Intimidate|[of] p1a: Landorus-Therian
|turn|33
|
|move|p2a: Sceptile|Giga Drain|p1a: Landorus-Therian
|-damage|p1a: Landorus-Therian|105\/320
|-heal|p2a: Sceptile|189\/281|[from] drain|[of] p1a: Landorus-Therian
|move|p1a: Landorus-Therian|U-turn|p2a: Sceptile
|-supereffective|p2a: Sceptile
|-end|p2a: Sceptile|Substitute
|
|switch|p1a: Latios|Latios, M|235\/302
|-damage|p1a: Latios|198\/302|[from] Stealth Rock
|
|turn|34
|
|move|p2a: Sceptile|Dragon Pulse|p1a: Latios
|-supereffective|p1a: Latios
|-damage|p1a: Latios|0 fnt
|faint|p1a: Latios
|
|
|switch|p1a: Landorus-Therian|Landorus-Therian, M|105\/320
|-damage|p1a: Landorus-Therian|65\/320|[from] Stealth Rock
|-ability|p1a: Landorus-Therian|Intimidate|[of] p2a: Sceptile
|-unboost|p2a: Sceptile|atk|1
|turn|35
|
|move|p2a: Sceptile|Giga Drain|p1a: Landorus-Therian
|-damage|p1a: Landorus-Therian|0 fnt
|-heal|p2a: Sceptile|222\/281|[from] drain|[of] p1a: Landorus-Therian
|faint|p1a: Landorus-Therian
|
|win|Gwerkit
|raw|Ladder updating...
|raw|Caralhu's rating: 1573 &rarr; <strong>1551<\/strong><br \/>(-22 for losing)
|raw|Gwerkit's rating: 1536 &rarr; <strong>1558<\/strong><br \/>(+22 for winning)
|c|âGwerkit|ggwp
|leave|Caralhu
|player|p1