|join|iFenrear
|join|Caralhu
|player|p1|iFenrear|156
|player|p2|Caralhu|165
|gametype|singles
|gen|6
|tier|OU
|rated
|clearpoke
|poke|p1|Scizor, M
|poke|p1|Talonflame, M
|poke|p1|Kyurem-Black
|poke|p1|Celebi
|poke|p1|Azumarill, M
|poke|p1|Porygon2
|poke|p2|Cresselia, F
|poke|p2|Azumarill, M
|poke|p2|Volcarona, F
|poke|p2|Latios, M
|poke|p2|Scizor, M
|poke|p2|Landorus-Therian, M
|rule|Swagger Clause: Swagger is banned
|rule|Baton Pass Clause: Limit one PokÃ©mon knowing Baton Pass
|rule|Sleep Clause Mod: Limit one foe put to sleep
|rule|Species Clause: Limit one of each PokÃ©mon
|rule|OHKO Clause: OHKO moves are banned
|rule|Moody Clause: Moody is banned
|rule|Evasion Moves Clause: Evasion moves are banned
|rule|Endless Battle Clause: Forcing endless battles is banned
|rule|HP Percentage Mod: HP is shown in percentages
|teampreview
|
|start
|switch|p1a: Phoenix|Talonflame, M|360\/360
|switch|p2a: Landorus-Therian|Landorus-Therian, M|320\/320
|-ability|p2a: Landorus-Therian|Intimidate|[of] p1a: Phoenix
|-unboost|p1a: Phoenix|atk|1
|turn|1
|
|move|p2a: Landorus-Therian|U-turn|p1a: Phoenix
|-resisted|p1a: Phoenix
|-damage|p1a: Phoenix|329\/360
|
|switch|p2a: Cresselia|Cresselia, F|444\/444
|move|p1a: Phoenix|Will-O-Wisp|p2a: Cresselia
|-status|p2a: Cresselia|brn
|
|-heal|p1a: Phoenix|351\/360|[from] item: Leftovers
|-damage|p2a: Cresselia|389\/444 brn|[from] brn
|turn|2
|
|move|p1a: Phoenix|Taunt|p2a: Cresselia
|-start|p2a: Cresselia|move: Taunt
|cant|p2a: Cresselia|move: Taunt|Thunder Wave
|
|-heal|p1a: Phoenix|360\/360|[from] item: Leftovers
|-heal|p2a: Cresselia|416\/444 brn|[from] item: Leftovers
|-damage|p2a: Cresselia|361\/444 brn|[from] brn
|turn|3
|
|switch|p2a: Landorus-Therian|Landorus-Therian, M|320\/320
|-ability|p2a: Landorus-Therian|Intimidate|[of] p1a: Phoenix
|-unboost|p1a: Phoenix|atk|1
|move|p1a: Phoenix|Brave Bird|p2a: Landorus-Therian
|-damage|p2a: Landorus-Therian|250\/320
|-damage|p1a: Phoenix|337\/360|[from] recoil|[of] p2a: Landorus-Therian
|
|-heal|p1a: Phoenix|359\/360|[from] item: Leftovers
|turn|4
|
|switch|p1a: Kratos|Scizor, M|344\/344
|move|p2a: Landorus-Therian|Rock Slide|p1a: Kratos
|-damage|p1a: Kratos|271\/344
|
|turn|5
|
|switch|p2a: Volcarona|Volcarona, F|312\/312
|detailschange|p1a: Kratos|Scizor-Mega, M
|message|Scizor has Mega Evolved into Mega Scizor!
|move|p1a: Kratos|U-turn|p2a: Volcarona
|-resisted|p2a: Volcarona
|-damage|p2a: Volcarona|222\/312
|
|switch|p1a: Phoenix|Talonflame, M|359\/360
|
|-heal|p1a: Phoenix|360\/360|[from] item: Leftovers
|turn|6
|
|switch|p2a: Cresselia|Cresselia, F|361\/444 brn
|move|p1a: Phoenix|Will-O-Wisp|p2a: Cresselia
|-fail|p2a: Cresselia|brn
|
|-heal|p2a: Cresselia|388\/444 brn|[from] item: Leftovers
|-damage|p2a: Cresselia|333\/444 brn|[from] brn
|turn|7
|
|switch|p2a: Latios|Latios, M|302\/302
|move|p1a: Phoenix|Taunt|p2a: Latios
|-start|p2a: Latios|move: Taunt
|
|turn|8
|
|move|p2a: Latios|Surf|p1a: Phoenix
|-supereffective|p1a: Phoenix
|-damage|p1a: Phoenix|105\/360
|-damage|p2a: Latios|272\/302|[from] item: Life Orb
|move|p1a: Phoenix|Will-O-Wisp|p2a: Latios
|-status|p2a: Latios|brn
|
|-heal|p1a: Phoenix|127\/360|[from] item: Leftovers
|-damage|p2a: Latios|235\/302 brn|[from] brn
|turn|9
|
|move|p1a: Phoenix|Roost|p1a: Phoenix
|-heal|p1a: Phoenix|307\/360
|move|p2a: Latios|Psyshock|p1a: Phoenix
|-damage|p1a: Phoenix|68\/360
|-damage|p2a: Latios|205\/302 brn|[from] item: Life Orb
|
|-heal|p1a: Phoenix|90\/360|[from] item: Leftovers
|-damage|p2a: Latios|168\/302 brn|[from] brn
|turn|10
|
|switch|p1a: Kratos|Scizor-Mega, M|271\/344
|move|p2a: Latios|Draco Meteor|p1a: Kratos
|-resisted|p1a: Kratos
|-damage|p1a: Kratos|135\/344
|-unboost|p2a: Latios|spa|2
|-damage|p2a: Latios|138\/302 brn|[from] item: Life Orb
|
|-damage|p2a: Latios|101\/302 brn|[from] brn
|-end|p2a: Latios|move: Taunt
|turn|11
|
|move|p2a: Latios|Hidden Power|p1a: Kratos
|-supereffective|p1a: Kratos
|-damage|p1a: Kratos|0 fnt
|-damage|p2a: Latios|71\/302 brn|[from] item: Life Orb
|faint|p1a: Kratos
|
|-damage|p2a: Latios|34\/302 brn|[from] brn
|
|switch|p1a: Phoenix|Talonflame, M|90\/360
|turn|12
|
|switch|p2a: Landorus-Therian|Landorus-Therian, M|250\/320
|-ability|p2a: Landorus-Therian|Intimidate|[of] p1a: Phoenix
|-unboost|p1a: Phoenix|atk|1
|move|p1a: Phoenix|Roost|p1a: Phoenix
|-heal|p1a: Phoenix|270\/360
|
|-heal|p1a: Phoenix|292\/360|[from] item: Leftovers
|turn|13
|
|switch|p1a: Stark|Kyurem-Black|454\/454
|-ability|p1a: Stark|Teravolt
|move|p2a: Landorus-Therian|U-turn|p1a: Stark
|-damage|p1a: Stark|385\/454
|
|switch|p2a: Cresselia|Cresselia, F|333\/444 brn
|
|-heal|p1a: Stark|413\/454|[from] item: Leftovers
|-heal|p2a: Cresselia|360\/444 brn|[from] item: Leftovers
|-damage|p2a: Cresselia|305\/444 brn|[from] brn
|turn|14
|
|switch|p1a: Ilex|Celebi|404\/404
|move|p2a: Cresselia|Thunder Wave|p1a: Ilex
|-status|p1a: Ilex|par
|
|-heal|p2a: Cresselia|332\/444 brn|[from] item: Leftovers
|-damage|p2a: Cresselia|277\/444 brn|[from] brn
|turn|15
|
|move|p2a: Cresselia|Lunar Dance|p2a: Cresselia
|faint|p2a: Cresselia
|move|p1a: Ilex|Stealth Rock|p2: Cresselia
|-sidestart|p2: Caralhu|move: Stealth Rock
|
|
|switch|p2a: Latios|Latios, M|34\/302 brn
|-heal|p2a: Latios|302\/302|[from] move: Lunar Dance
|-damage|p2a: Latios|265\/302|[from] Stealth Rock
|turn|16
|
|switch|p1a: R2P2|Porygon2|374\/374
|-ability|p1a: R2P2|Levitate|[from] ability: Trace|[of] p2a: Latios
|move|p2a: Latios|Hidden Power|p1a: R2P2
|-damage|p1a: R2P2|325\/374
|-damage|p2a: Latios|235\/302|[from] item: Life Orb
|
|turn|17
|
|switch|p2a: Scizor|Scizor, M|344\/344
|-damage|p2a: Scizor|301\/344|[from] Stealth Rock
|move|p1a: R2P2|Ice Beam|p2a: Scizor
|-resisted|p2a: Scizor
|-damage|p2a: Scizor|259\/344
|
|turn|18
|
|switch|p1a: Phoenix|Talonflame, M|292\/360
|detailschange|p2a: Scizor|Scizor-Mega, M
|message|Scizor has Mega Evolved into Mega Scizor!
|move|p2a: Scizor|Defog|p1a: Phoenix
|-unboost|p1a: Phoenix|evasion|1
|-sideend|p2: Caralhu|Stealth Rock|[from] move: Defog|[of] p2a: Scizor
|
|-heal|p1a: Phoenix|314\/360|[from] item: Leftovers
|turn|19
|
|switch|p2a: Landorus-Therian|Landorus-Therian, M|250\/320
|-ability|p2a: Landorus-Therian|Intimidate|[of] p1a: Phoenix
|-unboost|p1a: Phoenix|atk|1
|move|p1a: Phoenix|Will-O-Wisp|p2a: Landorus-Therian|[miss]
|-miss|p1a: Phoenix|p2a: Landorus-Therian
|
|-heal|p1a: Phoenix|336\/360|[from] item: Leftovers
|turn|20
|
|move|p2a: Landorus-Therian|Rock Slide|p1a: Phoenix
|-supereffective|p1a: Phoenix
|-damage|p1a: Phoenix|0 fnt
|faint|p1a: Phoenix
|
|
|switch|p1a: Ilex|Celebi|404\/404
|turn|21
|
|switch|p2a: Volcarona|Volcarona, F|222\/312
|move|p1a: Ilex|Stealth Rock|p2a: Volcarona
|-sidestart|p2: Caralhu|move: Stealth Rock
|
|turn|22
|
|switch|p1a: Ozzy|Azumarill, M|404\/404
|move|p2a: Volcarona|Giga Drain|p1a: Ozzy
|-supereffective|p1a: Ozzy
|-damage|p1a: Ozzy|254\/404
|-heal|p2a: Volcarona|297\/312|[from] drain|[of] p1a: Ozzy
|
|turn|23
|
|switch|p2a: Azumarill|Azumarill, M|404\/404
|-damage|p2a: Azumarill|354\/404|[from] Stealth Rock
|move|p1a: Ozzy|Waterfall|p2a: Azumarill
|-crit|p2a: Azumarill
|-resisted|p2a: Azumarill
|-damage|p2a: Azumarill|194\/404
|-enditem|p2a: Azumarill|Sitrus Berry|[eat]
|-heal|p2a: Azumarill|295\/404|[from] item: Sitrus Berry
|
|turn|24
|
|switch|p1a: Ilex|Celebi|404\/404
|move|p2a: Azumarill|Play Rough|p1a: Ilex
|-damage|p1a: Ilex|260\/404
|
|-heal|p1a: Ilex|285\/404|[from] item: Leftovers
|turn|25
|
|switch|p2a: Scizor|Scizor-Mega, M|259\/344
|-damage|p2a: Scizor|216\/344|[from] Stealth Rock
|move|p1a: Ilex|Giga Drain|p2a: Scizor
|-resisted|p2a: Scizor
|-damage|p2a: Scizor|195\/344
|-heal|p1a: Ilex|296\/404|[from] drain|[of] p2a: Scizor
|
|-heal|p1a: Ilex|321\/404|[from] item: Leftovers
|turn|26
|
|move|p1a: Ilex|Earth Power|p2a: Scizor
|-damage|p2a: Scizor|128\/344
|-unboost|p2a: Scizor|spd|1
|move|p2a: Scizor|Pursuit|p1a: Ilex
|-supereffective|p1a: Ilex
|-damage|p1a: Ilex|197\/404
|
|-heal|p1a: Ilex|222\/404|[from] item: Leftovers
|turn|27
|
|move|p1a: Ilex|Earth Power|p2a: Scizor
|-damage|p2a: Scizor|16\/344
|move|p2a: Scizor|Defog|p1a: Ilex
|-unboost|p1a: Ilex|evasion|1
|-sideend|p2: Caralhu|Stealth Rock|[from] move: Defog|[of] p2a: Scizor
|
|-heal|p1a: Ilex|247\/404|[from] item: Leftovers
|turn|28
|
|switch|p2a: Latios|Latios, M|235\/302
|move|p1a: Ilex|Giga Drain|p2a: Latios
|-resisted|p2a: Latios
|-damage|p2a: Latios|194\/302
|-heal|p1a: Ilex|268\/404|[from] drain|[of] p2a: Latios
|
|-heal|p1a: Ilex|293\/404|[from] item: Leftovers
|turn|29
|
|move|p2a: Latios|Psyshock|p1a: Ilex
|-resisted|p1a: Ilex
|-damage|p1a: Ilex|222\/404
|-damage|p2a: Latios|164\/302|[from] item: Life Orb
|move|p1a: Ilex|Recover|p1a: Ilex
|-heal|p1a: Ilex|404\/404
|
|turn|30
|
|switch|p2a: Volcarona|Volcarona, F|297\/312
|move|p1a: Ilex|Stealth Rock|p2a: Volcarona
|-sidestart|p2: Caralhu|move: Stealth Rock
|
|turn|31
|
|switch|p1a: Ozzy|Azumarill, M|254\/404
|move|p2a: Volcarona|Fiery Dance|p1a: Ozzy
|-resisted|p1a: Ozzy
|-damage|p1a: Ozzy|188\/404
|-boost|p2a: Volcarona|spa|1
|
|turn|32
|
|move|p1a: Ozzy|Aqua Jet|p2a: Volcarona
|-supereffective|p2a: Volcarona
|-damage|p2a: Volcarona|57\/312
|move|p2a: Volcarona|Giga Drain|p1a: Ozzy
|-supereffective|p1a: Ozzy
|-damage|p1a: Ozzy|0 fnt
|-heal|p2a: Volcarona|151\/312|[from] drain|[of] p1a: Ozzy
|faint|p1a: Ozzy
|
|
|switch|p1a: Stark|Kyurem-Black|413\/454
|-ability|p1a: Stark|Teravolt
|turn|33
|
|move|p2a: Volcarona|Fiery Dance|p1a: Stark
|-damage|p1a: Stark|140\/454
|-boost|p2a: Volcarona|spa|1
|move|p1a: Stark|Fusion Bolt|p2a: Volcarona
|-damage|p2a: Volcarona|0 fnt
|faint|p2a: Volcarona
|
|-heal|p1a: Stark|168\/454|[from] item: Leftovers
|
|switch|p2a: Latios|Latios, M|164\/302
|-damage|p2a: Latios|127\/302|[from] Stealth Rock
|turn|34
|
|move|p2a: Latios|Draco Meteor|p1a: Stark
|-supereffective|p1a: Stark
|-damage|p1a: Stark|0 fnt
|-unboost|p2a: Latios|spa|2
|-damage|p2a: Latios|97\/302|[from] item: Life Orb
|faint|p1a: Stark
|
|
|switch|p1a: Ilex|Celebi|404\/404
|turn|35
|
|switch|p2a: Scizor|Scizor-Mega, M|16\/344
|-damage|p2a: Scizor|0 fnt|[from] Stealth Rock
|faint|p2a: Scizor
|move|p1a: Ilex|Giga Drain|p2: Scizor|[notarget]
|-notarget
|
|
|switch|p2a: Landorus-Therian|Landorus-Therian, M|250\/320
|-damage|p2a: Landorus-Therian|210\/320|[from] Stealth Rock
|-ability|p2a: Landorus-Therian|Intimidate|[of] p1a: Ilex
|-unboost|p1a: Ilex|atk|1
|turn|36
|
|move|p2a: Landorus-Therian|U-turn|p1a: Ilex
|-supereffective|p1a: Ilex
|-damage|p1a: Ilex|96\/404
|
|switch|p2a: Latios|Latios, M|97\/302
|-damage|p2a: Latios|60\/302|[from] Stealth Rock
|move|p1a: Ilex|Giga Drain|p2a: Latios
|-resisted|p2a: Latios
|-damage|p2a: Latios|17\/302
|-heal|p1a: Ilex|118\/404|[from] drain|[of] p2a: Latios
|
|-heal|p1a: Ilex|143\/404|[from] item: Leftovers
|turn|37
|
|move|p2a: Latios|Draco Meteor|p1a: Ilex
|-damage|p1a: Ilex|0 fnt
|-unboost|p2a: Latios|spa|2
|-damage|p2a: Latios|0 fnt|[from] item: Life Orb
|faint|p1a: Ilex
|faint|p2a: Latios
|
|
|switch|p1a: R2P2|Porygon2|325\/374
|switch|p2a: Azumarill|Azumarill, M|295\/404
|-damage|p2a: Azumarill|245\/404|[from] Stealth Rock
|-ability|p1a: R2P2|Huge Power|[from] ability: Trace|[of] p2a: Azumarill
|turn|38
|
|move|p1a: R2P2|Thunderbolt|p2a: Azumarill
|-supereffective|p2a: Azumarill
|-damage|p2a: Azumarill|69\/404
|move|p2a: Azumarill|Belly Drum|p2a: Azumarill
|-fail|p2a: Azumarill
|
|turn|39
|
|move|p2a: Azumarill|Aqua Jet|p1a: R2P2
|-damage|p1a: R2P2|264\/374
|move|p1a: R2P2|Thunderbolt|p2a: Azumarill
|-supereffective|p2a: Azumarill
|-damage|p2a: Azumarill|0 fnt
|faint|p2a: Azumarill
|
|
|switch|p2a: Landorus-Therian|Landorus-Therian, M|210\/320
|-damage|p2a: Landorus-Therian|170\/320|[from] Stealth Rock
|-ability|p2a: Landorus-Therian|Intimidate|[of] p1a: R2P2
|-unboost|p1a: R2P2|atk|1
|turn|40
|c|âiFenrear|gg
|
|move|p2a: Landorus-Therian|Superpower|p1a: R2P2
|-supereffective|p1a: R2P2
|-damage|p1a: R2P2|50\/374
|-unboost|p2a: Landorus-Therian|atk|1
|-unboost|p2a: Landorus-Therian|def|1
|move|p1a: R2P2|Ice Beam|p2a: Landorus-Therian
|-supereffective|p2a: Landorus-Therian
|-damage|p2a: Landorus-Therian|0 fnt
|faint|p2a: Landorus-Therian
|
|win|iFenrear
|raw|Ladder updating...
|raw|iFenrear's rating: 1830 &rarr; <strong>1843<\/strong><br \/>(+13 for winning)
|raw|Caralhu's rating: 1694 &rarr; <strong>1681<\/strong><br \/>(-13 for losing)