|join|Caralhu
|join|Master Of Rampa
|player|p1|Caralhu|165
|player|p2|Master Of Rampa|281
|gametype|singles
|gen|6
|tier|OU
|rated
|clearpoke
|poke|p1|Cresselia, F
|poke|p1|Azumarill, M
|poke|p1|Volcarona, F
|poke|p1|Latios, M
|poke|p1|Scizor, F
|poke|p1|Landorus-Therian, M
|poke|p2|Mew
|poke|p2|Quagsire, F
|poke|p2|Chansey, F
|poke|p2|Gliscor, F
|poke|p2|Clefable, M
|poke|p2|Excadrill, F
|rule|Swagger Clause: Swagger is banned
|rule|Baton Pass Clause: Limit one PokÃ©mon knowing Baton Pass
|rule|Sleep Clause Mod: Limit one foe put to sleep
|rule|Species Clause: Limit one of each PokÃ©mon
|rule|OHKO Clause: OHKO moves are banned
|rule|Moody Clause: Moody is banned
|rule|Evasion Moves Clause: Evasion moves are banned
|rule|Endless Battle Clause: Forcing endless battles is banned
|rule|HP Percentage Mod: HP is shown in percentages
|teampreview
|
|start
|switch|p1a: Landorus-Therian|Landorus-Therian, M|320\/320
|switch|p2a: Quagsire|Quagsire, F|394\/394
|-ability|p1a: Landorus-Therian|Intimidate|[of] p2a: Quagsire
|-unboost|p2a: Quagsire|atk|1
|turn|1
|
|move|p1a: Landorus-Therian|U-turn|p2a: Quagsire
|-damage|p2a: Quagsire|319\/394
|
|switch|p1a: Cresselia|Cresselia, F|444\/444
|move|p2a: Quagsire|Scald|p1a: Cresselia
|-damage|p1a: Cresselia|393\/444
|-status|p1a: Cresselia|brn
|
|-heal|p1a: Cresselia|420\/444 brn|[from] item: Leftovers
|-heal|p2a: Quagsire|343\/394|[from] item: Leftovers
|-damage|p1a: Cresselia|365\/444 brn|[from] brn
|turn|2
|
|switch|p2a: Chansey|Chansey, F|704\/704
|move|p1a: Cresselia|Toxic|p2a: Chansey
|-status|p2a: Chansey|tox
|
|-heal|p1a: Cresselia|392\/444 brn|[from] item: Leftovers
|-damage|p1a: Cresselia|337\/444 brn|[from] brn
|-damage|p2a: Chansey|660\/704 tox|[from] psn
|turn|3
|
|switch|p1a: Scizor|Scizor, F|344\/344
|move|p2a: Chansey|Stealth Rock|p1a: Scizor
|-sidestart|p1: Caralhu|move: Stealth Rock
|
|-damage|p2a: Chansey|572\/704 tox|[from] psn
|turn|4
|
|switch|p2a: Quagsire|Quagsire, F|343\/394
|detailschange|p1a: Scizor|Scizor-Mega, F
|message|Scizor has Mega Evolved into Mega Scizor!
|move|p1a: Scizor|Defog|p2a: Quagsire
|-unboost|p2a: Quagsire|evasion|1
|-sideend|p1: Caralhu|Stealth Rock|[from] move: Defog|[of] p1a: Scizor
|
|-heal|p2a: Quagsire|367\/394|[from] item: Leftovers
|turn|5
|
|switch|p1a: Cresselia|Cresselia, F|337\/444 brn
|move|p2a: Quagsire|Earthquake|p1a: Cresselia
|-immune|p1a: Cresselia|[msg]
|
|-heal|p1a: Cresselia|364\/444 brn|[from] item: Leftovers
|-heal|p2a: Quagsire|391\/394|[from] item: Leftovers
|-damage|p1a: Cresselia|309\/444 brn|[from] brn
|turn|6
|
|switch|p1a: Latios|Latios, M|302\/302
|switch|p2a: Excadrill|Excadrill, F|361\/361
|-item|p2a: Excadrill|Air Balloon
|
|turn|7
|
|switch|p2a: Chansey|Chansey, F|572\/704
|move|p1a: Latios|Surf|p2a: Chansey
|-damage|p2a: Chansey|486\/704
|-damage|p1a: Latios|272\/302|[from] item: Life Orb
|
|turn|8
|
|move|p1a: Latios|Psyshock|p2a: Chansey
|-damage|p2a: Chansey|225\/704
|-damage|p1a: Latios|242\/302|[from] item: Life Orb
|move|p2a: Chansey|Thunder Wave|p1a: Latios
|-status|p1a: Latios|par
|
|turn|9
|
|switch|p1a: Landorus-Therian|Landorus-Therian, M|320\/320
|-ability|p1a: Landorus-Therian|Intimidate|[of] p2a: Chansey
|-unboost|p2a: Chansey|atk|1
|move|p2a: Chansey|Soft-Boiled|p2a: Chansey
|-heal|p2a: Chansey|577\/704
|
|turn|10
|
|switch|p2a: Quagsire|Quagsire, F|391\/394
|move|p1a: Landorus-Therian|Superpower|p2a: Quagsire
|-damage|p2a: Quagsire|246\/394
|-unboost|p1a: Landorus-Therian|atk|1
|-unboost|p1a: Landorus-Therian|def|1
|
|-heal|p2a: Quagsire|270\/394|[from] item: Leftovers
|turn|11
|
|switch|p1a: Volcarona|Volcarona, F|312\/312
|move|p2a: Quagsire|Scald|p1a: Volcarona
|-supereffective|p1a: Volcarona
|-damage|p1a: Volcarona|186\/312
|
|-heal|p2a: Quagsire|294\/394|[from] item: Leftovers
|turn|12
|
|switch|p2a: Chansey|Chansey, F|577\/704
|move|p1a: Volcarona|Giga Drain|p2a: Chansey
|-damage|p2a: Chansey|513\/704
|-heal|p1a: Volcarona|218\/312|[from] drain|[of] p2a: Chansey
|
|turn|13
|
|switch|p1a: Landorus-Therian|Landorus-Therian, M|320\/320
|-ability|p1a: Landorus-Therian|Intimidate|[of] p2a: Chansey
|-unboost|p2a: Chansey|atk|1
|move|p2a: Chansey|Stealth Rock|p1a: Landorus-Therian
|-sidestart|p1: Caralhu|move: Stealth Rock
|
|turn|14
|
|switch|p2a: Gliscor|Gliscor, F|354\/354
|move|p1a: Landorus-Therian|U-turn|p2a: Gliscor
|-resisted|p2a: Gliscor
|-damage|p2a: Gliscor|324\/354
|
|switch|p1a: Scizor|Scizor-Mega, F|344\/344
|-damage|p1a: Scizor|301\/344|[from] Stealth Rock
|
|-status|p2a: Gliscor|tox|[from] item: Toxic Orb
|turn|15
|
|switch|p2a: Mew|Mew|404\/404
|move|p1a: Scizor|Defog|p2a: Mew
|-unboost|p2a: Mew|evasion|1
|-sideend|p1: Caralhu|Stealth Rock|[from] move: Defog|[of] p1a: Scizor
|
|turn|16
|
|switch|p1a: Volcarona|Volcarona, F|218\/312
|move|p2a: Mew|Will-O-Wisp|p1a: Volcarona
|-fail|p1a: Volcarona
|
|turn|17
|
|switch|p1a: Azumarill|Azumarill, M|404\/404
|move|p2a: Mew|Will-O-Wisp|p1a: Azumarill
|-status|p1a: Azumarill|brn
|
|-damage|p1a: Azumarill|354\/404 brn|[from] brn
|turn|18
|
|switch|p2a: Quagsire|Quagsire, F|294\/394
|switch|p1a: Volcarona|Volcarona, F|218\/312
|
|-heal|p2a: Quagsire|318\/394|[from] item: Leftovers
|turn|19
|
|switch|p2a: Chansey|Chansey, F|513\/704
|move|p1a: Volcarona|Giga Drain|p2a: Chansey
|-damage|p2a: Chansey|451\/704
|-heal|p1a: Volcarona|249\/312|[from] drain|[of] p2a: Chansey
|
|turn|20
|
|switch|p1a: Scizor|Scizor-Mega, F|301\/344
|move|p2a: Chansey|Thunder Wave|p1a: Scizor
|-status|p1a: Scizor|par
|
|turn|21
|
|move|p2a: Chansey|Stealth Rock|p1a: Scizor
|-sidestart|p1: Caralhu|move: Stealth Rock
|move|p1a: Scizor|Swords Dance|p1a: Scizor
|-boost|p1a: Scizor|atk|2
|
|turn|22
|
|move|p1a: Scizor|Pursuit|p2a: Chansey|[from]Pursuit
|-damage|p2a: Chansey|143\/704
|switch|p2a: Quagsire|Quagsire, F|318\/394
|
|-heal|p2a: Quagsire|342\/394|[from] item: Leftovers
|turn|23
|
|move|p2a: Quagsire|Earthquake|p1a: Scizor
|-damage|p1a: Scizor|220\/344 par
|move|p1a: Scizor|Defog|p2a: Quagsire
|-unboost|p2a: Quagsire|evasion|1
|-sideend|p1: Caralhu|Stealth Rock|[from] move: Defog|[of] p1a: Scizor
|
|-heal|p2a: Quagsire|366\/394|[from] item: Leftovers
|turn|24
|
|switch|p1a: Cresselia|Cresselia, F|309\/444 brn
|move|p2a: Quagsire|Scald|p1a: Cresselia
|-damage|p1a: Cresselia|255\/444 brn
|
|-heal|p1a: Cresselia|282\/444 brn|[from] item: Leftovers
|-heal|p2a: Quagsire|390\/394|[from] item: Leftovers
|-damage|p1a: Cresselia|227\/444 brn|[from] brn
|turn|25
|
|switch|p1a: Landorus-Therian|Landorus-Therian, M|320\/320
|-ability|p1a: Landorus-Therian|Intimidate|[of] p2a: Quagsire
|-unboost|p2a: Quagsire|atk|1
|switch|p2a: Mew|Mew|404\/404
|
|turn|26
|
|move|p1a: Landorus-Therian|U-turn|p2a: Mew
|-supereffective|p2a: Mew
|-damage|p2a: Mew|208\/404
|
|switch|p1a: Scizor|Scizor-Mega, F|220\/344 par
|move|p2a: Mew|Knock Off|p1a: Scizor
|-damage|p1a: Scizor|183\/344 par
|
|-heal|p2a: Mew|233\/404|[from] item: Leftovers
|turn|27
|
|move|p2a: Mew|Soft-Boiled|p2a: Mew
|-heal|p2a: Mew|404\/404
|move|p1a: Scizor|Pursuit|p2a: Mew
|-supereffective|p2a: Mew
|-damage|p2a: Mew|218\/404
|
|-heal|p2a: Mew|243\/404|[from] item: Leftovers
|turn|28
|
|move|p2a: Mew|Taunt|p1a: Scizor
|-start|p1a: Scizor|move: Taunt
|cant|p1a: Scizor|par
|
|-heal|p2a: Mew|268\/404|[from] item: Leftovers
|turn|29
|
|move|p2a: Mew|Soft-Boiled|p2a: Mew
|-heal|p2a: Mew|404\/404
|cant|p1a: Scizor|par
|
|turn|30
|
|move|p2a: Mew|Knock Off|p1a: Scizor
|-damage|p1a: Scizor|148\/344 par
|move|p1a: Scizor|Pursuit|p2a: Mew
|-supereffective|p2a: Mew
|-damage|p2a: Mew|230\/404
|
|-heal|p2a: Mew|255\/404|[from] item: Leftovers
|-end|p1a: Scizor|move: Taunt
|turn|31
|
|switch|p1a: Landorus-Therian|Landorus-Therian, M|320\/320
|-ability|p1a: Landorus-Therian|Intimidate|[of] p2a: Mew
|-unboost|p2a: Mew|atk|1
|move|p2a: Mew|Soft-Boiled|p2a: Mew
|-heal|p2a: Mew|404\/404
|
|turn|32
|
|move|p1a: Landorus-Therian|U-turn|p2a: Mew
|-supereffective|p2a: Mew
|-damage|p2a: Mew|222\/404
|
|switch|p1a: Scizor|Scizor-Mega, F|148\/344 par
|move|p2a: Mew|Will-O-Wisp|p1a: Scizor
|-fail|p1a: Scizor
|
|-heal|p2a: Mew|247\/404|[from] item: Leftovers
|turn|33
|
|move|p2a: Mew|Soft-Boiled|p2a: Mew
|-heal|p2a: Mew|404\/404
|move|p1a: Scizor|Pursuit|p2a: Mew
|-supereffective|p2a: Mew
|-damage|p2a: Mew|238\/404
|
|-heal|p2a: Mew|263\/404|[from] item: Leftovers
|turn|34
|
|move|p2a: Mew|Knock Off|p1a: Scizor
|-damage|p1a: Scizor|122\/344 par
|cant|p1a: Scizor|par
|
|-heal|p2a: Mew|288\/404|[from] item: Leftovers
|turn|35
|
|move|p2a: Mew|Knock Off|p1a: Scizor
|-damage|p1a: Scizor|98\/344 par
|move|p1a: Scizor|Pursuit|p2a: Mew
|-supereffective|p2a: Mew
|-damage|p2a: Mew|114\/404
|
|-heal|p2a: Mew|139\/404|[from] item: Leftovers
|turn|36
|
|move|p1a: Scizor|Bullet Punch|p2a: Mew
|-damage|p2a: Mew|12\/404
|move|p2a: Mew|Soft-Boiled|p2a: Mew
|-heal|p2a: Mew|214\/404
|
|-heal|p2a: Mew|239\/404|[from] item: Leftovers
|turn|37
|
|move|p2a: Mew|Soft-Boiled|p2a: Mew
|-heal|p2a: Mew|404\/404
|move|p1a: Scizor|Swords Dance|p1a: Scizor
|-boost|p1a: Scizor|atk|2
|
|turn|38
|
|move|p2a: Mew|Knock Off|p1a: Scizor
|-damage|p1a: Scizor|70\/344 par
|move|p1a: Scizor|Pursuit|p2a: Mew
|-supereffective|p2a: Mew
|-damage|p2a: Mew|50\/404
|
|-heal|p2a: Mew|75\/404|[from] item: Leftovers
|turn|39
|
|move|p2a: Mew|Taunt|p1a: Scizor
|-start|p1a: Scizor|move: Taunt
|move|p1a: Scizor|Pursuit|p2a: Mew
|-supereffective|p2a: Mew
|-damage|p2a: Mew|0 fnt
|faint|p2a: Mew
|
|
|switch|p2a: Quagsire|Quagsire, F|390\/394
|turn|40
|
|switch|p2a: Chansey|Chansey, F|143\/704
|switch|p1a: Cresselia|Cresselia, F|227\/444 brn
|
|-heal|p1a: Cresselia|254\/444 brn|[from] item: Leftovers
|-damage|p1a: Cresselia|199\/444 brn|[from] brn
|turn|41
|
|move|p1a: Cresselia|Lunar Dance|p1a: Cresselia
|faint|p1a: Cresselia
|move|p2a: Chansey|Soft-Boiled|p2a: Chansey
|-heal|p2a: Chansey|495\/704
|
|
|switch|p1a: Azumarill|Azumarill, M|354\/404 brn
|-heal|p1a: Azumarill|404\/404|[from] move: Lunar Dance
|turn|42
|
|move|p1a: Azumarill|Belly Drum|p1a: Azumarill
|-damage|p1a: Azumarill|202\/404
|-setboost|p1a: Azumarill|atk|6|[from] move: Belly Drum
|-enditem|p1a: Azumarill|Sitrus Berry|[eat]
|-heal|p1a: Azumarill|303\/404|[from] item: Sitrus Berry
|move|p2a: Chansey|Thunder Wave|p1a: Azumarill
|-status|p1a: Azumarill|par
|
|turn|43
|
|switch|p2a: Quagsire|Quagsire, F|390\/394
|move|p1a: Azumarill|Play Rough|p2a: Quagsire|[miss]
|-miss|p1a: Azumarill|p2a: Quagsire
|
|-heal|p2a: Quagsire|394\/394|[from] item: Leftovers
|turn|44
|
|move|p2a: Quagsire|Earthquake|p1a: Azumarill
|-damage|p1a: Azumarill|188\/404 par
|cant|p1a: Azumarill|par
|
|turn|45
|
|move|p2a: Quagsire|Earthquake|p1a: Azumarill
|-damage|p1a: Azumarill|70\/404 par
|move|p1a: Azumarill|Play Rough|p2a: Quagsire
|-damage|p2a: Quagsire|237\/394
|
|-heal|p2a: Quagsire|261\/394|[from] item: Leftovers
|turn|46
|
|move|p1a: Azumarill|Aqua Jet|p2a: Quagsire
|-damage|p2a: Quagsire|189\/394
|move|p2a: Quagsire|Recover|p2a: Quagsire
|-heal|p2a: Quagsire|386\/394
|
|-heal|p2a: Quagsire|394\/394|[from] item: Leftovers
|turn|47
|
|move|p2a: Quagsire|Scald|p1a: Azumarill
|-resisted|p1a: Azumarill
|-damage|p1a: Azumarill|29\/404 par
|move|p1a: Azumarill|Play Rough|p2a: Quagsire|[miss]
|-miss|p1a: Azumarill|p2a: Quagsire
|
|turn|48
|
|move|p2a: Quagsire|Scald|p1a: Azumarill
|-resisted|p1a: Azumarill
|-damage|p1a: Azumarill|0 fnt
|faint|p1a: Azumarill
|
|
|switch|p1a: Volcarona|Volcarona, F|249\/312
|turn|49
|
|switch|p1a: Landorus-Therian|Landorus-Therian, M|320\/320
|-ability|p1a: Landorus-Therian|Intimidate|[of] p2a: Quagsire
|-unboost|p2a: Quagsire|atk|1
|switch|p2a: Chansey|Chansey, F|495\/704
|
|turn|50
|
|move|p1a: Landorus-Therian|Earthquake|p2a: Chansey
|-damage|p2a: Chansey|204\/704
|move|p2a: Chansey|Stealth Rock|p1a: Landorus-Therian
|-sidestart|p1: Caralhu|move: Stealth Rock
|
|turn|51
|
|switch|p1a: Latios|Latios, M|242\/302 par
|-damage|p1a: Latios|205\/302 par|[from] Stealth Rock
|switch|p2a: Quagsire|Quagsire, F|394\/394
|
|turn|52
|
|switch|p2a: Clefable|Clefable, M|394\/394
|move|p1a: Latios|Surf|p2a: Clefable
|-damage|p2a: Clefable|230\/394
|-damage|p1a: Latios|175\/302 par|[from] item: Life Orb
|
|-heal|p2a: Clefable|254\/394|[from] item: Leftovers
|turn|53
|
|move|p2a: Clefable|Moonlight|p2a: Clefable
|-heal|p2a: Clefable|394\/394
|move|p1a: Latios|Psyshock|p2a: Clefable
|-damage|p2a: Clefable|245\/394
|-damage|p1a: Latios|145\/302 par|[from] item: Life Orb
|
|-heal|p2a: Clefable|269\/394|[from] item: Leftovers
|turn|54
|
|switch|p1a: Landorus-Therian|Landorus-Therian, M|320\/320
|-damage|p1a: Landorus-Therian|280\/320|[from] Stealth Rock
|-ability|p1a: Landorus-Therian|Intimidate|[of] p2a: Clefable
|-unboost|p2a: Clefable|atk|1
|move|p2a: Clefable|Moonblast|p1a: Landorus-Therian
|-damage|p1a: Landorus-Therian|144\/320
|-unboost|p1a: Landorus-Therian|spa|1
|
|-heal|p2a: Clefable|293\/394|[from] item: Leftovers
|turn|55
|
|switch|p2a: Quagsire|Quagsire, F|394\/394
|move|p1a: Landorus-Therian|Earthquake|p2a: Quagsire
|-damage|p2a: Quagsire|220\/394
|
|-heal|p2a: Quagsire|244\/394|[from] item: Leftovers
|turn|56
|
|move|p1a: Landorus-Therian|Earthquake|p2a: Quagsire
|-damage|p2a: Quagsire|79\/394
|move|p2a: Quagsire|Recover|p2a: Quagsire
|-heal|p2a: Quagsire|276\/394
|
|-heal|p2a: Quagsire|300\/394|[from] item: Leftovers
|turn|57
|
|move|p1a: Landorus-Therian|Earthquake|p2a: Quagsire
|-damage|p2a: Quagsire|135\/394
|move|p2a: Quagsire|Recover|p2a: Quagsire
|-heal|p2a: Quagsire|332\/394
|
|-heal|p2a: Quagsire|356\/394|[from] item: Leftovers
|turn|58
|
|switch|p1a: Latios|Latios, M|145\/302 par
|-damage|p1a: Latios|108\/302 par|[from] Stealth Rock
|move|p2a: Quagsire|Recover|p2a: Quagsire
|-heal|p2a: Quagsire|394\/394
|
|turn|59
|
|switch|p2a: Chansey|Chansey, F|204\/704
|move|p1a: Latios|Draco Meteor|p2a: Chansey
|-damage|p2a: Chansey|17\/704
|-unboost|p1a: Latios|spa|2
|-damage|p1a: Latios|78\/302 par|[from] item: Life Orb
|
|turn|60
|
|move|p2a: Chansey|Soft-Boiled|p2a: Chansey
|-heal|p2a: Chansey|369\/704
|move|p1a: Latios|Psyshock|p2a: Chansey
|-damage|p2a: Chansey|247\/704
|-damage|p1a: Latios|48\/302 par|[from] item: Life Orb
|
|turn|61
|
|switch|p1a: Scizor|Scizor-Mega, F|70\/344 par
|-damage|p1a: Scizor|27\/344 par|[from] Stealth Rock
|move|p2a: Chansey|Soft-Boiled|p2a: Chansey
|-heal|p2a: Chansey|599\/704
|
|turn|62
|
|move|p2a: Chansey|Seismic Toss|p1a: Scizor
|-damage|p1a: Scizor|0 fnt
|faint|p1a: Scizor
|
|-message|Caralhu forfeited.
|
|win|Master Of Rampa
|raw|Ladder updating...
|leave|Caralhu
|player|p1
|raw|Caralhu's rating: 1803 &rarr; <strong>1778<\/strong><br \/>(-25 for losing)
|raw|Master Of Rampa's rating: 1717 &rarr; <strong>1742<\/strong><br \/>(+25 for winning)