|join|FUCKHACKERS14
|join|Caralhu
|player|p1|FUCKHACKERS14|125
|player|p2|Caralhu|165
|gametype|singles
|gen|6
|tier|OU
|rated
|clearpoke
|poke|p1|Landorus-Therian, M, shiny
|poke|p1|Heatran, F, shiny
|poke|p1|Chesnaught, F, shiny
|poke|p1|Suicune, shiny
|poke|p1|Mew, shiny
|poke|p1|Manectric, F, shiny
|poke|p2|Landorus-Therian, M
|poke|p2|Cresselia, F
|poke|p2|Azumarill, M
|poke|p2|Scizor, M
|poke|p2|Volcarona, F
|poke|p2|Latios, M
|rule|Swagger Clause: Swagger is banned
|rule|Baton Pass Clause: Limit one PokÃ©mon knowing Baton Pass
|rule|Sleep Clause Mod: Limit one foe put to sleep
|rule|Species Clause: Limit one of each PokÃ©mon
|rule|OHKO Clause: OHKO moves are banned
|rule|Moody Clause: Moody is banned
|rule|Evasion Moves Clause: Evasion moves are banned
|rule|Endless Battle Clause: Forcing endless battles is banned
|rule|HP Percentage Mod: HP is shown in percentages
|teampreview
|
|start
|switch|p1a: Manectric|Manectric, F, shiny|281\/281
|switch|p2a: Landorus-Therian|Landorus-Therian, M|320\/320
|-ability|p2a: Landorus-Therian|Intimidate|[of] p1a: Manectric
|-unboost|p1a: Manectric|atk|1
|turn|1
|
|switch|p1a: Chesnaught|Chesnaught, F, shiny|379\/379
|move|p2a: Landorus-Therian|Earthquake|p1a: Chesnaught
|-resisted|p1a: Chesnaught
|-damage|p1a: Chesnaught|318\/379
|
|-heal|p1a: Chesnaught|341\/379|[from] item: Leftovers
|turn|2
|
|switch|p2a: Cresselia|Cresselia, F|444\/444
|move|p1a: Chesnaught|Spikes|p2a: Cresselia
|-sidestart|p2: Caralhu|Spikes
|
|-heal|p1a: Chesnaught|364\/379|[from] item: Leftovers
|turn|3
|
|switch|p1a: Heatran|Heatran, F, shiny|386\/386
|move|p2a: Cresselia|Light Screen|p2a: Cresselia
|-sidestart|p2: Caralhu|move: Light Screen
|
|turn|4
|
|switch|p2a: Landorus-Therian|Landorus-Therian, M|320\/320
|-ability|p2a: Landorus-Therian|Intimidate|[of] p1a: Heatran
|-unboost|p1a: Heatran|atk|1
|move|p1a: Heatran|Stealth Rock|p2a: Landorus-Therian
|-sidestart|p2: Caralhu|move: Stealth Rock
|
|turn|5
|
|switch|p1a: Chesnaught|Chesnaught, F, shiny|364\/379
|move|p2a: Landorus-Therian|U-turn|p1a: Chesnaught
|-damage|p1a: Chesnaught|300\/379
|
|switch|p2a: Scizor|Scizor, M|344\/344
|-damage|p2a: Scizor|301\/344|[from] Spikes
|-damage|p2a: Scizor|258\/344|[from] Stealth Rock
|
|-heal|p1a: Chesnaught|323\/379|[from] item: Leftovers
|turn|6
|
|switch|p1a: Heatran|Heatran, F, shiny|386\/386
|detailschange|p2a: Scizor|Scizor-Mega, M
|message|Scizor has Mega Evolved into Mega Scizor!
|move|p2a: Scizor|Defog|p1a: Heatran
|-unboost|p1a: Heatran|evasion|1
|-sideend|p2: Caralhu|Spikes|[from] move: Defog|[of] p2a: Scizor
|-sideend|p2: Caralhu|Stealth Rock|[from] move: Defog|[of] p2a: Scizor
|
|turn|7
|
|switch|p2a: Azumarill|Azumarill, M|404\/404
|move|p1a: Heatran|Stealth Rock|p2a: Azumarill
|-sidestart|p2: Caralhu|move: Stealth Rock
|
|-sideend|p2: Caralhu|move: Light Screen
|turn|8
|
|move|p2a: Azumarill|Play Rough|p1a: Heatran
|-resisted|p1a: Heatran
|-damage|p1a: Heatran|343\/386
|move|p1a: Heatran|Roar|p2a: Azumarill
|drag|p2a: Latios|Latios, M|302\/302
|-damage|p2a: Latios|265\/302|[from] Stealth Rock
|
|-heal|p1a: Heatran|367\/386|[from] item: Leftovers
|turn|9
|c|âFUCKHACKERS14|LOL WHAT A TERRIBLE SCRUB
|c|âFUCKHACKERS14|USING PLAY ROUGH ON A HEATRAN WHEN YOU HAVE A SE WATER STAB
|c|âFUCKHACKERS14|LEARN 2 PLAY IMBECILE
|
|switch|p2a: Landorus-Therian|Landorus-Therian, M|320\/320
|-damage|p2a: Landorus-Therian|280\/320|[from] Stealth Rock
|-ability|p2a: Landorus-Therian|Intimidate|[of] p1a: Heatran
|-unboost|p1a: Heatran|atk|1
|switch|p1a: Mew|Mew, shiny|403\/403
|
|turn|10
|
|switch|p1a: Landorus-Therian|Landorus-Therian, M, shiny|323\/323
|-ability|p1a: Landorus-Therian|Intimidate|[of] p2a: Landorus-Therian
|-unboost|p2a: Landorus-Therian|atk|1
|move|p2a: Landorus-Therian|U-turn|p1a: Landorus-Therian
|-resisted|p1a: Landorus-Therian
|-damage|p1a: Landorus-Therian|287\/323
|
|switch|p2a: Scizor|Scizor-Mega, M|258\/344
|-damage|p2a: Scizor|215\/344|[from] Stealth Rock
|
|turn|11
|
|move|p1a: Landorus-Therian|Earthquake|p2a: Scizor
|-damage|p2a: Scizor|70\/344
|move|p2a: Scizor|Defog|p1a: Landorus-Therian
|-unboost|p1a: Landorus-Therian|evasion|1
|-sideend|p2: Caralhu|Stealth Rock|[from] move: Defog|[of] p2a: Scizor
|
|turn|12
|
|switch|p2a: Cresselia|Cresselia, F|444\/444
|move|p1a: Landorus-Therian|Earthquake|p2a: Cresselia
|-immune|p2a: Cresselia|[msg]
|
|turn|13
|
|switch|p1a: Heatran|Heatran, F, shiny|367\/386
|move|p2a: Cresselia|Light Screen|p2a: Cresselia
|-sidestart|p2: Caralhu|move: Light Screen
|
|-heal|p1a: Heatran|386\/386|[from] item: Leftovers
|turn|14
|
|switch|p2a: Azumarill|Azumarill, M|404\/404
|move|p1a: Heatran|Stealth Rock|p2a: Azumarill
|-sidestart|p2: Caralhu|move: Stealth Rock
|
|turn|15
|
|switch|p1a: Suicune|Suicune, shiny|403\/403
|-ability|p1a: Suicune|Pressure
|move|p2a: Azumarill|Aqua Jet|p1a: Suicune
|-resisted|p1a: Suicune
|-damage|p1a: Suicune|373\/403
|
|-heal|p1a: Suicune|398\/403|[from] item: Leftovers
|turn|16
|
|move|p1a: Suicune|Scald|p2a: Azumarill
|-resisted|p2a: Azumarill
|-damage|p2a: Azumarill|377\/404
|move|p2a: Azumarill|Belly Drum|p2a: Azumarill
|-damage|p2a: Azumarill|175\/404
|-setboost|p2a: Azumarill|atk|6|[from] move: Belly Drum
|-enditem|p2a: Azumarill|Sitrus Berry|[eat]
|-heal|p2a: Azumarill|276\/404|[from] item: Sitrus Berry
|
|-heal|p1a: Suicune|403\/403|[from] item: Leftovers
|turn|17
|
|move|p1a: Suicune|Scald|p2a: Azumarill
|-resisted|p2a: Azumarill
|-damage|p2a: Azumarill|250\/404
|move|p2a: Azumarill|Play Rough|p1a: Suicune
|-damage|p1a: Suicune|0 fnt
|faint|p1a: Suicune
|
|-sideend|p2: Caralhu|move: Light Screen
|c|âFUCKHACKERS14|UNFAIR BS HAX
|c|âFUCKHACKERS14|0 BURNS
|c|âFUCKHACKERS14|PITIFUL PATHETIC SHAMEFUL WEAK WORTHLESS HAX RELIANT COWARD
|
|switch|p1a: Mew|Mew, shiny|403\/403
|turn|18
|
|move|p2a: Azumarill|Aqua Jet|p1a: Mew
|-damage|p1a: Mew|42\/403
|move|p1a: Mew|Will-O-Wisp|p2a: Azumarill
|-status|p2a: Azumarill|brn
|
|-heal|p1a: Mew|67\/403|[from] item: Leftovers
|-damage|p2a: Azumarill|200\/404 brn|[from] brn
|turn|19
|
|move|p1a: Mew|Roost|p1a: Mew
|-heal|p1a: Mew|269\/403
|move|p2a: Azumarill|Body Slam|p1a: Mew
|-damage|p1a: Mew|45\/403
|
|-heal|p1a: Mew|70\/403|[from] item: Leftovers
|-damage|p2a: Azumarill|150\/404 brn|[from] brn
|turn|20
|
|move|p2a: Azumarill|Aqua Jet|p1a: Mew
|-damage|p1a: Mew|0 fnt
|faint|p1a: Mew
|
|-damage|p2a: Azumarill|100\/404 brn|[from] brn
|
|switch|p1a: Manectric|Manectric, F, shiny|281\/281
|turn|21
|
|switch|p2a: Landorus-Therian|Landorus-Therian, M|280\/320
|-damage|p2a: Landorus-Therian|240\/320|[from] Stealth Rock
|-ability|p2a: Landorus-Therian|Intimidate|[of] p1a: Manectric
|-unboost|p1a: Manectric|atk|1
|detailschange|p1a: Manectric|Manectric-Mega, F, shiny
|message|Manectric has Mega Evolved into Mega Manectric!
|-ability|p1a: Manectric|Intimidate|[of] p2a: Landorus-Therian
|-unboost|p2a: Landorus-Therian|atk|1
|move|p1a: Manectric|Thunderbolt|p2a: Landorus-Therian
|-immune|p2a: Landorus-Therian|[msg]
|
|turn|22
|
|switch|p1a: Chesnaught|Chesnaught, F, shiny|323\/379
|move|p2a: Landorus-Therian|Earthquake|p1a: Chesnaught
|-resisted|p1a: Chesnaught
|-damage|p1a: Chesnaught|278\/379
|
|-heal|p1a: Chesnaught|301\/379|[from] item: Leftovers
|turn|23
|
|switch|p2a: Scizor|Scizor-Mega, M|70\/344
|-damage|p2a: Scizor|27\/344|[from] Stealth Rock
|move|p1a: Chesnaught|Spikes|p2a: Scizor
|-sidestart|p2: Caralhu|Spikes
|
|-heal|p1a: Chesnaught|324\/379|[from] item: Leftovers
|turn|24
|
|switch|p1a: Heatran|Heatran, F, shiny|386\/386
|move|p2a: Scizor|Defog|p1a: Heatran
|-unboost|p1a: Heatran|evasion|1
|-sideend|p2: Caralhu|Spikes|[from] move: Defog|[of] p2a: Scizor
|-sideend|p2: Caralhu|Stealth Rock|[from] move: Defog|[of] p2a: Scizor
|
|turn|25
|
|switch|p2a: Cresselia|Cresselia, F|444\/444
|move|p1a: Heatran|Stealth Rock|p2a: Cresselia
|-sidestart|p2: Caralhu|move: Stealth Rock
|
|turn|26
|
|move|p2a: Cresselia|Light Screen|p2a: Cresselia
|-sidestart|p2: Caralhu|move: Light Screen
|move|p1a: Heatran|Toxic|p2a: Cresselia
|-status|p2a: Cresselia|tox
|
|-damage|p2a: Cresselia|417\/444 tox|[from] psn
|turn|27
|
|switch|p2a: Landorus-Therian|Landorus-Therian, M|240\/320
|-damage|p2a: Landorus-Therian|200\/320|[from] Stealth Rock
|-ability|p2a: Landorus-Therian|Intimidate|[of] p1a: Heatran
|-unboost|p1a: Heatran|atk|1
|move|p1a: Heatran|Lava Plume|p2a: Landorus-Therian
|-damage|p2a: Landorus-Therian|126\/320
|-status|p2a: Landorus-Therian|brn
|
|-damage|p2a: Landorus-Therian|86\/320 brn|[from] brn
|turn|28
|
|switch|p1a: Landorus-Therian|Landorus-Therian, M, shiny|287\/323
|-ability|p1a: Landorus-Therian|Intimidate|[of] p2a: Landorus-Therian
|-unboost|p2a: Landorus-Therian|atk|1
|move|p2a: Landorus-Therian|Superpower|p1a: Landorus-Therian
|-resisted|p1a: Landorus-Therian
|-damage|p1a: Landorus-Therian|254\/323
|-unboost|p2a: Landorus-Therian|atk|1
|-unboost|p2a: Landorus-Therian|def|1
|
|-damage|p2a: Landorus-Therian|46\/320 brn|[from] brn
|turn|29
|
|move|p1a: Landorus-Therian|Knock Off|p2a: Landorus-Therian
|-damage|p2a: Landorus-Therian|0 fnt
|-enditem|p2a: Landorus-Therian|Choice Scarf|[from] move: Knock Off|[of] p1a: Landorus-Therian
|faint|p2a: Landorus-Therian
|
|
|switch|p2a: Cresselia|Cresselia, F|417\/444 tox
|-damage|p2a: Cresselia|362\/444 tox|[from] Stealth Rock
|turn|30
|
|switch|p1a: Heatran|Heatran, F, shiny|386\/386
|move|p2a: Cresselia|Lunar Dance|p2a: Cresselia
|faint|p2a: Cresselia
|
|-sideend|p2: Caralhu|move: Light Screen
|
|switch|p2a: Azumarill|Azumarill, M|100\/404 brn
|-heal|p2a: Azumarill|404\/404|[from] move: Lunar Dance
|-damage|p2a: Azumarill|354\/404|[from] Stealth Rock
|turn|31
|
|move|p2a: Azumarill|Aqua Jet|p1a: Heatran
|-supereffective|p1a: Heatran
|-damage|p1a: Heatran|224\/386
|move|p1a: Heatran|Roar|p2a: Azumarill
|drag|p2a: Volcarona|Volcarona, F|312\/312
|-damage|p2a: Volcarona|156\/312|[from] Stealth Rock
|
|-heal|p1a: Heatran|248\/386|[from] item: Leftovers
|turn|32
|
|move|p2a: Volcarona|Bug Buzz|p1a: Heatran
|-resisted|p1a: Heatran
|-damage|p1a: Heatran|214\/386
|move|p1a: Heatran|Toxic|p2a: Volcarona
|-status|p2a: Volcarona|tox
|-enditem|p2a: Volcarona|Lum Berry|[eat]
|-curestatus|p2a: Volcarona|tox
|
|-heal|p1a: Heatran|238\/386|[from] item: Leftovers
|turn|33
|
|move|p2a: Volcarona|Quiver Dance|p2a: Volcarona
|-boost|p2a: Volcarona|spa|1
|-boost|p2a: Volcarona|spd|1
|-boost|p2a: Volcarona|spe|1
|move|p1a: Heatran|Toxic|p2a: Volcarona
|-status|p2a: Volcarona|tox
|
|-heal|p1a: Heatran|262\/386|[from] item: Leftovers
|-damage|p2a: Volcarona|137\/312 tox|[from] psn
|turn|34
|
|move|p2a: Volcarona|Bug Buzz|p1a: Heatran
|-resisted|p1a: Heatran
|-damage|p1a: Heatran|211\/386
|move|p1a: Heatran|Roar|p2a: Volcarona
|drag|p2a: Azumarill|Azumarill, M|354\/404
|-damage|p2a: Azumarill|304\/404|[from] Stealth Rock
|
|-heal|p1a: Heatran|235\/386|[from] item: Leftovers
|turn|35
|
|move|p2a: Azumarill|Play Rough|p1a: Heatran
|-resisted|p1a: Heatran
|-damage|p1a: Heatran|192\/386
|move|p1a: Heatran|Roar|p2a: Azumarill
|drag|p2a: Latios|Latios, M|265\/302
|-damage|p2a: Latios|228\/302|[from] Stealth Rock
|
|-heal|p1a: Heatran|216\/386|[from] item: Leftovers
|turn|36
|
|move|p2a: Latios|Psyshock|p1a: Heatran
|-resisted|p1a: Heatran
|-damage|p1a: Heatran|122\/386
|-damage|p2a: Latios|198\/302|[from] item: Life Orb
|move|p1a: Heatran|Toxic|p2a: Latios
|-status|p2a: Latios|tox
|
|-heal|p1a: Heatran|146\/386|[from] item: Leftovers
|-damage|p2a: Latios|180\/302 tox|[from] psn
|turn|37
|
|switch|p1a: Landorus-Therian|Landorus-Therian, M, shiny|254\/323
|-ability|p1a: Landorus-Therian|Intimidate|[of] p2a: Latios
|-unboost|p2a: Latios|atk|1
|move|p2a: Latios|Psyshock|p1a: Landorus-Therian
|-crit|p1a: Landorus-Therian
|-damage|p1a: Landorus-Therian|0 fnt
|-damage|p2a: Latios|150\/302 tox|[from] item: Life Orb
|faint|p1a: Landorus-Therian
|
|-damage|p2a: Latios|114\/302 tox|[from] psn
|
|switch|p1a: Manectric|Manectric-Mega, F, shiny|281\/281
|-ability|p1a: Manectric|Intimidate|[of] p2a: Latios
|-unboost|p2a: Latios|atk|1
|turn|38
|
|switch|p2a: Volcarona|Volcarona, F|137\/312 tox
|-damage|p2a: Volcarona|0 fnt|[from] Stealth Rock
|faint|p2a: Volcarona
|move|p1a: Manectric|Hidden Power|p2: Volcarona|[notarget]
|-notarget
|
|
|switch|p2a: Scizor|Scizor-Mega, M|27\/344
|-damage|p2a: Scizor|0 fnt|[from] Stealth Rock
|faint|p2a: Scizor
|
|switch|p2a: Latios|Latios, M|114\/302 tox
|-damage|p2a: Latios|77\/302 tox|[from] Stealth Rock
|turn|39
|
|move|p1a: Manectric|Hidden Power|p2a: Latios
|-supereffective|p2a: Latios
|-damage|p2a: Latios|0 fnt
|faint|p2a: Latios
|
|
|switch|p2a: Azumarill|Azumarill, M|304\/404
|-damage|p2a: Azumarill|254\/404|[from] Stealth Rock
|turn|40
|
|move|p2a: Azumarill|Aqua Jet|p1a: Manectric
|-damage|p1a: Manectric|170\/281
|move|p1a: Manectric|Thunderbolt|p2a: Azumarill
|-supereffective|p2a: Azumarill
|-damage|p2a: Azumarill|0 fnt
|faint|p2a: Azumarill
|
|win|FUCKHACKERS14
|raw|Ladder updating...
|raw|FUCKHACKERS14's rating: 1581 &rarr; <strong>1599<\/strong><br \/>(+18 for winning)
|raw|Caralhu's rating: 1534 &rarr; <strong>1517<\/strong><br \/>(-17 for losing)
|leave|Caralhu
|player|p2
|c|âFUCKHACKERS14|OUTSKILLED BY THE SUPERIOR IMMORTAL ALMIGHTY PRO