|join|Caralhu
|join|LiiQuid Snake
|player|p1|Caralhu|165
|player|p2|LiiQuid Snake|80
|gametype|singles
|gen|6
|tier|OU
|rated
|clearpoke
|poke|p1|Azumarill, M
|poke|p1|Scizor, M
|poke|p1|Cresselia, F
|poke|p1|Latios, M
|poke|p1|Landorus-Therian, M
|poke|p1|Volcarona, M
|poke|p2|Venusaur, M
|poke|p2|Heatran, F
|poke|p2|Azumarill, F
|poke|p2|Bisharp, F
|poke|p2|Chansey, F
|poke|p2|Skarmory, M
|rule|Swagger Clause: Swagger is banned
|rule|Baton Pass Clause: Limit one PokÃ©mon knowing Baton Pass
|rule|Sleep Clause Mod: Limit one foe put to sleep
|rule|Species Clause: Limit one of each PokÃ©mon
|rule|OHKO Clause: OHKO moves are banned
|rule|Moody Clause: Moody is banned
|rule|Evasion Moves Clause: Evasion moves are banned
|rule|Endless Battle Clause: Forcing endless battles is banned
|rule|HP Percentage Mod: HP is shown in percentages
|teampreview
|
|start
|switch|p1a: Latios|Latios, M|302\/302
|switch|p2a: Heatran|Heatran, F|386\/386
|-item|p2a: Heatran|Air Balloon
|turn|1
|
|move|p1a: Latios|Surf|p2a: Heatran
|-crit|p2a: Heatran
|-supereffective|p2a: Heatran
|-damage|p2a: Heatran|79\/386
|-enditem|p2a: Heatran|Air Balloon
|-damage|p1a: Latios|272\/302|[from] item: Life Orb
|move|p2a: Heatran|Stealth Rock|p1a: Latios
|-sidestart|p1: Caralhu|move: Stealth Rock
|
|turn|2
|
|switch|p2a: Bisharp|Bisharp, F|334\/334
|move|p1a: Latios|Psyshock|p2a: Bisharp
|-immune|p2a: Bisharp|[msg]
|
|turn|3
|
|switch|p1a: Azumarill|Azumarill, M|400\/400
|-damage|p1a: Azumarill|350\/400|[from] Stealth Rock
|move|p2a: Bisharp|Knock Off|p1a: Azumarill
|-resisted|p1a: Azumarill
|-damage|p1a: Azumarill|227\/400
|-enditem|p1a: Azumarill|Sitrus Berry|[from] move: Knock Off|[of] p2a: Bisharp
|
|turn|4
|
|switch|p2a: Skarmory|Skarmory, M|334\/334
|move|p1a: Azumarill|Play Rough|p2a: Skarmory
|-resisted|p2a: Skarmory
|-damage|p2a: Skarmory|280\/334
|-damage|p1a: Azumarill|161\/400|[from] item: Rocky Helmet|[of] p2a: Skarmory
|
|turn|5
|
|switch|p1a: Scizor|Scizor, M|340\/340
|-damage|p1a: Scizor|298\/340|[from] Stealth Rock
|move|p2a: Skarmory|Spikes|p1a: Scizor
|-sidestart|p1: Caralhu|Spikes
|
|turn|6
|
|switch|p2a: Bisharp|Bisharp, F|334\/334
|detailschange|p1a: Scizor|Scizor-Mega, M
|message|Scizor has Mega Evolved into Mega Scizor!
|move|p1a: Scizor|Defog|p2a: Bisharp
|-unboost|p2a: Bisharp|evasion|1
|-boost|p2a: Bisharp|atk|2|[from] ability: Defiant
|-sideend|p1: Caralhu|Spikes|[from] move: Defog|[of] p1a: Scizor
|-sideend|p1: Caralhu|Stealth Rock|[from] move: Defog|[of] p1a: Scizor
|
|turn|7
|
|move|p2a: Bisharp|Sucker Punch|p1a: Scizor
|-fail|p1a: Scizor
|move|p1a: Scizor|Swords Dance|p1a: Scizor
|-boost|p1a: Scizor|atk|2
|
|turn|8
|
|move|p1a: Scizor|Swords Dance|p1a: Scizor
|-boost|p1a: Scizor|atk|2
|move|p2a: Bisharp|Iron Head|p1a: Scizor
|-resisted|p1a: Scizor
|-damage|p1a: Scizor|182\/340
|
|turn|9
|leave|Caralhu
|player|p1
|join|Caralhu
|player|p1|Caralhu|165
|
|move|p1a: Scizor|Bullet Punch|p2a: Bisharp
|-resisted|p2a: Bisharp
|-damage|p2a: Bisharp|155\/334
|move|p2a: Bisharp|Sucker Punch|p1a: Scizor
|-fail|p1a: Scizor
|
|turn|10
|
|switch|p2a: Skarmory|Skarmory, M|280\/334
|move|p1a: Scizor|Bullet Punch|p2a: Skarmory
|-resisted|p2a: Skarmory
|-damage|p2a: Skarmory|163\/334
|-damage|p1a: Scizor|126\/340|[from] item: Rocky Helmet|[of] p2a: Skarmory
|
|turn|11
|
|move|p1a: Scizor|Pursuit|p2a: Skarmory
|-damage|p2a: Skarmory|18\/334
|-damage|p1a: Scizor|70\/340|[from] item: Rocky Helmet|[of] p2a: Skarmory
|move|p2a: Skarmory|Roost|p2a: Skarmory
|-heal|p2a: Skarmory|185\/334
|
|turn|12
|
|switch|p1a: Latios|Latios, M|272\/302
|move|p2a: Skarmory|Roost|p2a: Skarmory
|-heal|p2a: Skarmory|334\/334
|
|turn|13
|
|switch|p2a: Azumarill|Azumarill, F|404\/404
|move|p1a: Latios|Hidden Power|p2a: Azumarill
|-resisted|p2a: Azumarill
|-damage|p2a: Azumarill|344\/404
|-damage|p1a: Latios|242\/302|[from] item: Life Orb
|
|turn|14
|
|switch|p1a: Cresselia|Cresselia, F|444\/444
|move|p2a: Azumarill|Knock Off|p1a: Cresselia
|-supereffective|p1a: Cresselia
|-damage|p1a: Cresselia|168\/444
|-enditem|p1a: Cresselia|Leftovers|[from] move: Knock Off|[of] p2a: Azumarill
|
|turn|15
|
|move|p1a: Cresselia|Moonlight|p1a: Cresselia
|-heal|p1a: Cresselia|390\/444
|move|p2a: Azumarill|Knock Off|p1a: Cresselia
|-supereffective|p1a: Cresselia
|-damage|p1a: Cresselia|220\/444
|
|turn|16
|
|switch|p2a: Bisharp|Bisharp, F|155\/334
|move|p1a: Cresselia|Thunder Wave|p2a: Bisharp
|-status|p2a: Bisharp|par
|
|turn|17
|
|switch|p1a: Volcarona|Volcarona, M|312\/312
|move|p2a: Bisharp|Knock Off|p1a: Volcarona
|-damage|p1a: Volcarona|0 fnt
|-enditem|p1a: Volcarona|Lum Berry|[from] move: Knock Off|[of] p2a: Bisharp
|faint|p1a: Volcarona
|
|c|âLiiQuid Snake|one shot ?
|
|switch|p1a: Azumarill|Azumarill, M|161\/400
|turn|18
|c|âLiiQuid Snake|i didn't expect that
|
|switch|p2a: Skarmory|Skarmory, M|334\/334
|move|p1a: Azumarill|Play Rough|p2a: Skarmory
|-resisted|p2a: Skarmory
|-damage|p2a: Skarmory|279\/334
|-damage|p1a: Azumarill|95\/400|[from] item: Rocky Helmet|[of] p2a: Skarmory
|
|turn|19
|
|switch|p1a: Cresselia|Cresselia, F|220\/444
|move|p2a: Skarmory|Spikes|p1a: Cresselia
|-sidestart|p1: Caralhu|Spikes
|
|turn|20
|
|move|p1a: Cresselia|Thunder Wave|p2a: Skarmory
|-status|p2a: Skarmory|par
|move|p2a: Skarmory|Spikes|p1a: Cresselia
|-sidestart|p1: Caralhu|Spikes
|
|turn|21
|
|switch|p1a: Scizor|Scizor-Mega, M|70\/340
|-damage|p1a: Scizor|14\/340|[from] Spikes
|cant|p2a: Skarmory|par
|
|turn|22
|
|switch|p2a: Venusaur|Venusaur, M|364\/364
|move|p1a: Scizor|Swords Dance|p1a: Scizor
|-boost|p1a: Scizor|atk|2
|
|turn|23
|
|detailschange|p2a: Venusaur|Venusaur-Mega, M
|message|Venusaur has Mega Evolved into Mega Venusaur!
|move|p1a: Scizor|Bullet Punch|p2a: Venusaur
|-damage|p2a: Venusaur|199\/364
|move|p2a: Venusaur|Hidden Power|p1a: Scizor
|-supereffective|p1a: Scizor
|-damage|p1a: Scizor|0 fnt
|faint|p1a: Scizor
|
|
|switch|p1a: Latios|Latios, M|242\/302
|turn|24
|
|switch|p2a: Chansey|Chansey, F|642\/642
|move|p1a: Latios|Hidden Power|p2a: Chansey
|-damage|p2a: Chansey|590\/642
|-damage|p1a: Latios|212\/302|[from] item: Life Orb
|
|turn|25
|
|move|p1a: Latios|Psyshock|p2a: Chansey
|-damage|p2a: Chansey|321\/642
|-damage|p1a: Latios|182\/302|[from] item: Life Orb
|move|p2a: Chansey|Aromatherapy|p2a: Chansey
|-cureteam|p2a: Chansey|[from] move: Aromatherapy
|
|turn|26
|
|move|p1a: Latios|Surf|p2a: Chansey
|-damage|p2a: Chansey|243\/642
|-damage|p1a: Latios|152\/302|[from] item: Life Orb
|move|p2a: Chansey|Soft-Boiled|p2a: Chansey
|-heal|p2a: Chansey|564\/642
|
|turn|27
|
|switch|p1a: Landorus-Therian|Landorus-Therian, M|320\/320
|-ability|p1a: Landorus-Therian|Intimidate|[of] p2a: Chansey
|-unboost|p2a: Chansey|atk|1
|move|p2a: Chansey|Thunder Wave|p1a: Landorus-Therian
|-immune|p1a: Landorus-Therian|[msg]
|
|turn|28
|
|switch|p2a: Skarmory|Skarmory, M|279\/334
|move|p1a: Landorus-Therian|Superpower|p2a: Skarmory
|-damage|p2a: Skarmory|176\/334
|-damage|p1a: Landorus-Therian|267\/320|[from] item: Rocky Helmet|[of] p2a: Skarmory
|-unboost|p1a: Landorus-Therian|atk|1
|-unboost|p1a: Landorus-Therian|def|1
|
|turn|29
|
|switch|p1a: Cresselia|Cresselia, F|220\/444
|move|p2a: Skarmory|Roost|p2a: Skarmory
|-heal|p2a: Skarmory|334\/334
|
|turn|30
|
|move|p1a: Cresselia|Thunder Wave|p2a: Skarmory
|-status|p2a: Skarmory|par
|move|p2a: Skarmory|Spikes|p1a: Cresselia
|-sidestart|p1: Caralhu|Spikes
|
|turn|31
|-message|Caralhu forfeited.
|
|win|LiiQuid Snake
|raw|Ladder updating...
|leave|Caralhu
|player|p1
|raw|Caralhu's rating: 1669 &rarr; <strong>1648<\/strong><br \/>(-21 for losing)
|raw|LiiQuid Snake's rating: 1654 &rarr; <strong>1675<\/strong><br \/>(+21 for winning)