|join|Dylathyn
|join|Caralhu
|player|p1|Dylathyn|101
|player|p2|Caralhu|165
|gametype|singles
|gen|6
|tier|OU
|rated
|clearpoke
|poke|p1|Tyranitar, M
|poke|p1|Scizor, M
|poke|p1|Slowbro, M
|poke|p1|Venusaur, F
|poke|p1|Sableye, F
|poke|p1|Skarmory, F
|poke|p2|Scizor, M
|poke|p2|Latios, M
|poke|p2|Azumarill, M
|poke|p2|Heatran, F
|poke|p2|Thundurus-Therian, M
|poke|p2|Dragonite, M
|rule|Swagger Clause: Swagger is banned
|rule|Baton Pass Clause: Limit one PokÃ©mon knowing Baton Pass
|rule|Sleep Clause Mod: Limit one foe put to sleep
|rule|Species Clause: Limit one of each PokÃ©mon
|rule|OHKO Clause: OHKO moves are banned
|rule|Moody Clause: Moody is banned
|rule|Evasion Moves Clause: Evasion moves are banned
|rule|Endless Battle Clause: Forcing endless battles is banned
|rule|HP Percentage Mod: HP is shown in percentages
|teampreview
|
|start
|switch|p1a: Doku|Venusaur, F|364\/364
|switch|p2a: Azumarill|Azumarill, M|404\/404
|turn|1
|
|switch|p2a: Heatran|Heatran, F|386\/386
|detailschange|p1a: Doku|Venusaur-Mega, F
|message|Venusaur has Mega Evolved into Mega Venusaur!
|move|p1a: Doku|Leech Seed|p2a: Heatran
|-start|p2a: Heatran|move: Leech Seed
|
|-damage|p2a: Heatran|338\/386|[from] Leech Seed|[of] p1a: Doku
|turn|2
|
|switch|p1a: Vash|Tyranitar, M|342\/342
|-weather|Sandstorm
|move|p2a: Heatran|Toxic|p1a: Vash|[miss]
|-miss|p2a: Heatran|p1a: Vash
|
|-weather|Sandstorm|[upkeep]
|-heal|p2a: Heatran|362\/386|[from] item: Leftovers
|-damage|p2a: Heatran|314\/386|[from] Leech Seed|[of] p1a: Vash
|turn|3
|
|switch|p2a: Scizor|Scizor, M|344\/344
|move|p1a: Vash|Earthquake|p2a: Scizor
|-damage|p2a: Scizor|220\/344
|
|-weather|Sandstorm|[upkeep]
|turn|4
|
|switch|p1a: Kusari|Skarmory, F|334\/334
|detailschange|p2a: Scizor|Scizor-Mega, M
|message|Scizor has Mega Evolved into Mega Scizor!
|move|p2a: Scizor|Bullet Punch|p1a: Kusari
|-resisted|p1a: Kusari
|-damage|p1a: Kusari|295\/334
|
|-weather|Sandstorm|[upkeep]
|-heal|p1a: Kusari|315\/334|[from] item: Leftovers
|turn|5
|
|switch|p2a: Thundurus-Therian|Thundurus-Therian, M|300\/300
|move|p1a: Kusari|Stealth Rock|p2a: Thundurus-Therian
|-sidestart|p2: Caralhu|move: Stealth Rock
|
|-weather|Sandstorm|[upkeep]
|-damage|p2a: Thundurus-Therian|282\/300|[from] sandstorm
|-heal|p1a: Kusari|334\/334|[from] item: Leftovers
|turn|6
|
|switch|p1a: Vash|Tyranitar, M|342\/342
|move|p2a: Thundurus-Therian|Volt Switch|p1a: Vash
|-damage|p1a: Vash|242\/342
|
|switch|p2a: Scizor|Scizor-Mega, M|220\/344
|-damage|p2a: Scizor|177\/344|[from] Stealth Rock
|
|-weather|none
|turn|7
|
|switch|p2a: Azumarill|Azumarill, M|404\/404
|-damage|p2a: Azumarill|354\/404|[from] Stealth Rock
|move|p1a: Vash|Crunch|p2a: Azumarill
|-resisted|p2a: Azumarill
|-damage|p2a: Azumarill|266\/404
|-unboost|p2a: Azumarill|def|1
|
|turn|8
|
|switch|p1a: Doku|Venusaur-Mega, F|364\/364
|move|p2a: Azumarill|Play Rough|p1a: Doku
|-resisted|p1a: Doku
|-damage|p1a: Doku|286\/364
|
|turn|9
|
|switch|p2a: Latios|Latios, M|302\/302
|-damage|p2a: Latios|265\/302|[from] Stealth Rock
|move|p1a: Doku|Leech Seed|p2a: Latios
|-start|p2a: Latios|move: Leech Seed
|
|-damage|p2a: Latios|228\/302|[from] Leech Seed|[of] p1a: Doku
|-heal|p1a: Doku|323\/364|[silent]
|turn|10
|
|switch|p1a: Vash|Tyranitar, M|242\/342
|-weather|Sandstorm
|move|p2a: Latios|Hidden Power|p1a: Vash
|-resisted|p1a: Vash
|-damage|p1a: Vash|210\/342
|-damage|p2a: Latios|198\/302|[from] item: Life Orb
|
|-weather|Sandstorm|[upkeep]
|-damage|p2a: Latios|180\/302|[from] sandstorm
|-damage|p2a: Latios|143\/302|[from] Leech Seed|[of] p1a: Vash
|-heal|p1a: Vash|247\/342|[silent]
|turn|11
|
|move|p1a: Vash|Pursuit|p2a: Latios
|-supereffective|p2a: Latios
|-damage|p2a: Latios|0 fnt
|faint|p2a: Latios
|
|-weather|Sandstorm|[upkeep]
|
|switch|p2a: Scizor|Scizor-Mega, M|177\/344
|-damage|p2a: Scizor|134\/344|[from] Stealth Rock
|turn|12
|
|switch|p1a: Kusari|Skarmory, F|334\/334
|move|p2a: Scizor|Defog|p1a: Kusari
|-unboost|p1a: Kusari|evasion|1
|-sideend|p2: Caralhu|Stealth Rock|[from] move: Defog|[of] p2a: Scizor
|
|-weather|Sandstorm|[upkeep]
|turn|13
|
|switch|p2a: Thundurus-Therian|Thundurus-Therian, M|282\/300
|move|p1a: Kusari|Stealth Rock|p2a: Thundurus-Therian
|-sidestart|p2: Caralhu|move: Stealth Rock
|
|-weather|Sandstorm|[upkeep]
|-damage|p2a: Thundurus-Therian|264\/300|[from] sandstorm
|turn|14
|
|switch|p1a: Doku|Venusaur-Mega, F|323\/364
|move|p2a: Thundurus-Therian|Focus Blast|p1a: Doku|[miss]
|-miss|p2a: Thundurus-Therian|p1a: Doku
|
|-weather|none
|turn|15
|
|switch|p2a: Heatran|Heatran, F|314\/386
|-damage|p2a: Heatran|266\/386|[from] Stealth Rock
|move|p1a: Doku|Leech Seed|p2a: Heatran|[miss]
|-miss|p1a: Doku|p2a: Heatran
|
|-heal|p2a: Heatran|290\/386|[from] item: Leftovers
|turn|16
|
|switch|p1a: Vash|Tyranitar, M|247\/342
|-weather|Sandstorm
|move|p2a: Heatran|Hidden Power|p1a: Vash
|-supereffective|p1a: Vash
|-damage|p1a: Vash|171\/342
|
|-weather|Sandstorm|[upkeep]
|-heal|p2a: Heatran|314\/386|[from] item: Leftovers
|turn|17
|
|move|p2a: Heatran|Protect|p2a: Heatran
|-singleturn|p2a: Heatran|Protect
|move|p1a: Vash|Crunch|p2a: Heatran
|-activate|p2a: Heatran|Protect
|
|-weather|Sandstorm|[upkeep]
|-heal|p2a: Heatran|338\/386|[from] item: Leftovers
|turn|18
|
|switch|p1a: Doku|Venusaur-Mega, F|323\/364
|switch|p2a: Thundurus-Therian|Thundurus-Therian, M|264\/300
|-damage|p2a: Thundurus-Therian|189\/300|[from] Stealth Rock
|
|-weather|Sandstorm|[upkeep]
|-damage|p2a: Thundurus-Therian|171\/300|[from] sandstorm
|-damage|p1a: Doku|301\/364|[from] sandstorm
|turn|19
|
|move|p2a: Thundurus-Therian|Hidden Power|p1a: Doku
|-supereffective|p1a: Doku
|-damage|p1a: Doku|229\/364
|move|p1a: Doku|Leech Seed|p2a: Thundurus-Therian
|-start|p2a: Thundurus-Therian|move: Leech Seed
|
|-weather|Sandstorm|[upkeep]
|-damage|p2a: Thundurus-Therian|153\/300|[from] sandstorm
|-damage|p1a: Doku|207\/364|[from] sandstorm
|-damage|p2a: Thundurus-Therian|116\/300|[from] Leech Seed|[of] p1a: Doku
|-heal|p1a: Doku|244\/364|[silent]
|turn|20
|
|switch|p2a: Heatran|Heatran, F|338\/386
|-damage|p2a: Heatran|290\/386|[from] Stealth Rock
|move|p1a: Doku|Giga Drain|p2a: Heatran
|-resisted|p2a: Heatran
|-damage|p2a: Heatran|265\/386
|-heal|p1a: Doku|257\/364|[from] drain|[of] p2a: Heatran
|
|-weather|none
|-heal|p2a: Heatran|289\/386|[from] item: Leftovers
|turn|21
|
|move|p1a: Doku|Leech Seed|p2a: Heatran
|-start|p2a: Heatran|move: Leech Seed
|move|p2a: Heatran|Lava Plume|p1a: Doku
|-supereffective|p1a: Doku
|-damage|p1a: Doku|159\/364
|
|-heal|p2a: Heatran|313\/386|[from] item: Leftovers
|-damage|p2a: Heatran|265\/386|[from] Leech Seed|[of] p1a: Doku
|-heal|p1a: Doku|207\/364|[silent]
|turn|22
|
|switch|p1a: Vash|Tyranitar, M|171\/342
|-weather|Sandstorm
|move|p2a: Heatran|Lava Plume|p1a: Vash
|-resisted|p1a: Vash
|-damage|p1a: Vash|132\/342
|-status|p1a: Vash|brn
|
|-weather|Sandstorm|[upkeep]
|-heal|p2a: Heatran|289\/386|[from] item: Leftovers
|-damage|p2a: Heatran|241\/386|[from] Leech Seed|[of] p1a: Vash
|-heal|p1a: Vash|180\/342 brn|[silent]
|-damage|p1a: Vash|138\/342 brn|[from] brn
|turn|23
|
|switch|p2a: Azumarill|Azumarill, M|266\/404
|-damage|p2a: Azumarill|216\/404|[from] Stealth Rock
|move|p1a: Vash|Earthquake|p2a: Azumarill
|-damage|p2a: Azumarill|141\/404
|-enditem|p2a: Azumarill|Sitrus Berry|[eat]
|-heal|p2a: Azumarill|242\/404|[from] item: Sitrus Berry
|
|-weather|Sandstorm|[upkeep]
|-damage|p2a: Azumarill|217\/404|[from] sandstorm
|-damage|p1a: Vash|96\/342 brn|[from] brn
|turn|24
|
|switch|p1a: Grim|Sableye, F|304\/304
|switch|p2a: Heatran|Heatran, F|241\/386
|-damage|p2a: Heatran|193\/386|[from] Stealth Rock
|
|-weather|Sandstorm|[upkeep]
|-damage|p1a: Grim|285\/304|[from] sandstorm
|-heal|p2a: Heatran|217\/386|[from] item: Leftovers
|turn|25
|
|move|p2a: Heatran|Protect|p2a: Heatran
|-singleturn|p2a: Heatran|Protect
|move|p1a: Grim|Taunt|p2a: Heatran
|-activate|p2a: Heatran|Protect
|
|-weather|Sandstorm|[upkeep]
|-damage|p1a: Grim|266\/304|[from] sandstorm
|-heal|p2a: Heatran|241\/386|[from] item: Leftovers
|turn|26
|
|move|p2a: Heatran|Lava Plume|p1a: Grim
|-damage|p1a: Grim|131\/304
|-status|p1a: Grim|brn
|-enditem|p1a: Grim|Lum Berry|[eat]
|-curestatus|p1a: Grim|brn
|move|p1a: Grim|Foul Play|p2a: Heatran
|-damage|p2a: Heatran|150\/386
|
|-weather|none
|-heal|p2a: Heatran|174\/386|[from] item: Leftovers
|turn|27
|
|move|p1a: Grim|Recover|p1a: Grim
|-heal|p1a: Grim|283\/304
|move|p2a: Heatran|Lava Plume|p1a: Grim
|-damage|p1a: Grim|157\/304
|
|-heal|p2a: Heatran|198\/386|[from] item: Leftovers
|turn|28
|
|move|p2a: Heatran|Lava Plume|p1a: Grim
|-damage|p1a: Grim|36\/304
|move|p1a: Grim|Foul Play|p2a: Heatran
|-damage|p2a: Heatran|111\/386
|
|-heal|p2a: Heatran|135\/386|[from] item: Leftovers
|turn|29
|
|switch|p1a: Vash|Tyranitar, M|96\/342 brn
|-weather|Sandstorm
|move|p2a: Heatran|Toxic|p1a: Vash
|-fail|p1a: Vash
|
|-weather|Sandstorm|[upkeep]
|-heal|p2a: Heatran|159\/386|[from] item: Leftovers
|-damage|p1a: Vash|54\/342 brn|[from] brn
|turn|30
|
|move|p2a: Heatran|Protect|p2a: Heatran
|-singleturn|p2a: Heatran|Protect
|move|p1a: Vash|Crunch|p2a: Heatran
|-activate|p2a: Heatran|Protect
|
|-weather|Sandstorm|[upkeep]
|-heal|p2a: Heatran|183\/386|[from] item: Leftovers
|-damage|p1a: Vash|12\/342 brn|[from] brn
|turn|31
|
|move|p1a: Vash|Crunch|p2a: Heatran
|-damage|p2a: Heatran|113\/386
|-unboost|p2a: Heatran|def|1
|move|p2a: Heatran|Hidden Power|p1a: Vash
|-supereffective|p1a: Vash
|-damage|p1a: Vash|0 fnt
|faint|p1a: Vash
|
|-weather|Sandstorm|[upkeep]
|-heal|p2a: Heatran|137\/386|[from] item: Leftovers
|
|switch|p1a: Doku|Venusaur-Mega, F|207\/364
|turn|32
|
|move|p2a: Heatran|Protect|p2a: Heatran
|-singleturn|p2a: Heatran|Protect
|move|p1a: Doku|Leech Seed|p2a: Heatran
|-activate|p2a: Heatran|Protect
|
|-weather|Sandstorm|[upkeep]
|-damage|p1a: Doku|185\/364|[from] sandstorm
|-heal|p2a: Heatran|161\/386|[from] item: Leftovers
|turn|33
|
|move|p1a: Doku|Leech Seed|p2a: Heatran
|-start|p2a: Heatran|move: Leech Seed
|move|p2a: Heatran|Lava Plume|p1a: Doku
|-supereffective|p1a: Doku
|-damage|p1a: Doku|83\/364
|-status|p1a: Doku|brn
|
|-weather|none
|-heal|p2a: Heatran|185\/386|[from] item: Leftovers
|-damage|p2a: Heatran|137\/386|[from] Leech Seed|[of] p1a: Doku
|-heal|p1a: Doku|131\/364 brn|[silent]
|-damage|p1a: Doku|86\/364 brn|[from] brn
|turn|34
|
|move|p1a: Doku|Synthesis|p1a: Doku
|-heal|p1a: Doku|268\/364 brn
|move|p2a: Heatran|Lava Plume|p1a: Doku
|-supereffective|p1a: Doku
|-damage|p1a: Doku|166\/364 brn
|
|-heal|p2a: Heatran|161\/386|[from] item: Leftovers
|-damage|p2a: Heatran|113\/386|[from] Leech Seed|[of] p1a: Doku
|-heal|p1a: Doku|214\/364 brn|[silent]
|-damage|p1a: Doku|169\/364 brn|[from] brn
|turn|35
|
|switch|p2a: Dragonite|Dragonite, M|360\/360
|-damage|p2a: Dragonite|270\/360|[from] Stealth Rock
|move|p1a: Doku|Synthesis|p1a: Doku
|-heal|p1a: Doku|351\/364 brn
|
|-damage|p1a: Doku|306\/364 brn|[from] brn
|turn|36
|
|move|p2a: Dragonite|Dragon Dance|p2a: Dragonite
|-boost|p2a: Dragonite|atk|1
|-boost|p2a: Dragonite|spe|1
|move|p1a: Doku|Leech Seed|p2a: Dragonite
|-start|p2a: Dragonite|move: Leech Seed
|
|-damage|p2a: Dragonite|225\/360|[from] Leech Seed|[of] p1a: Doku
|-heal|p1a: Doku|351\/364 brn|[silent]
|-damage|p1a: Doku|306\/364 brn|[from] brn
|turn|37
|
|move|p2a: Dragonite|Dragon Rush|p1a: Doku
|-damage|p1a: Doku|74\/364 brn
|move|p1a: Doku|Sludge Bomb|p2a: Dragonite
|-damage|p2a: Dragonite|65\/360
|
|-damage|p2a: Dragonite|20\/360|[from] Leech Seed|[of] p1a: Doku
|-heal|p1a: Doku|119\/364 brn|[silent]
|-damage|p1a: Doku|74\/364 brn|[from] brn
|turn|38
|
|switch|p1a: Kenbo|Slowbro, M|394\/394
|move|p2a: Dragonite|Dragon Rush|p1a: Kenbo|[miss]
|-miss|p2a: Dragonite|p1a: Kenbo
|
|-damage|p2a: Dragonite|0 fnt|[from] Leech Seed|[of] p1a: Kenbo
|faint|p2a: Dragonite
|
|switch|p2a: Scizor|Scizor-Mega, M|134\/344
|-damage|p2a: Scizor|91\/344|[from] Stealth Rock
|turn|39
|
|move|p2a: Scizor|Defog|p1a: Kenbo
|-unboost|p1a: Kenbo|evasion|1
|-sideend|p2: Caralhu|Stealth Rock|[from] move: Defog|[of] p2a: Scizor
|move|p1a: Kenbo|Flamethrower|p2a: Scizor
|-supereffective|p2a: Scizor
|-damage|p2a: Scizor|0 fnt
|faint|p2a: Scizor
|
|
|switch|p2a: Thundurus-Therian|Thundurus-Therian, M|116\/300
|turn|40
|
|switch|p1a: Rysandan|Scizor, M|344\/344
|move|p2a: Thundurus-Therian|Dark Pulse|p1a: Rysandan
|-damage|p1a: Rysandan|218\/344
|
|turn|41
|
|switch|p2a: Heatran|Heatran, F|113\/386
|move|p1a: Rysandan|Bullet Punch|p2a: Heatran
|-resisted|p2a: Heatran
|-damage|p2a: Heatran|77\/386
|-damage|p1a: Rysandan|184\/344|[from] item: Life Orb
|
|-heal|p2a: Heatran|101\/386|[from] item: Leftovers
|turn|42
|
|switch|p1a: Grim|Sableye, F|36\/304
|move|p2a: Heatran|Lava Plume|p1a: Grim
|-damage|p1a: Grim|0 fnt
|faint|p1a: Grim
|
|-heal|p2a: Heatran|125\/386|[from] item: Leftovers
|
|switch|p1a: Kenbo|Slowbro, M|394\/394
|turn|43
|
|move|p2a: Heatran|Protect|p2a: Heatran
|-singleturn|p2a: Heatran|Protect
|move|p1a: Kenbo|Calm Mind|p1a: Kenbo
|-boost|p1a: Kenbo|spa|1
|-boost|p1a: Kenbo|spd|1
|
|-heal|p2a: Heatran|149\/386|[from] item: Leftovers
|turn|44
|
|switch|p2a: Azumarill|Azumarill, M|217\/404
|move|p1a: Kenbo|Calm Mind|p1a: Kenbo
|-boost|p1a: Kenbo|spa|1
|-boost|p1a: Kenbo|spd|1
|
|turn|45
|
|move|p2a: Azumarill|Belly Drum|p2a: Azumarill
|-damage|p2a: Azumarill|15\/404
|-setboost|p2a: Azumarill|atk|6|[from] move: Belly Drum
|move|p1a: Kenbo|Scald|p2a: Azumarill
|-crit|p2a: Azumarill
|-resisted|p2a: Azumarill
|-damage|p2a: Azumarill|0 fnt
|faint|p2a: Azumarill
|
|
|switch|p2a: Thundurus-Therian|Thundurus-Therian, M|116\/300
|turn|46
|
|move|p2a: Thundurus-Therian|Dark Pulse|p1a: Kenbo
|-supereffective|p1a: Kenbo
|-damage|p1a: Kenbo|246\/394
|move|p1a: Kenbo|Scald|p2a: Thundurus-Therian
|-crit|p2a: Thundurus-Therian
|-damage|p2a: Thundurus-Therian|0 fnt
|faint|p2a: Thundurus-Therian
|
|
|switch|p2a: Heatran|Heatran, F|149\/386
|turn|47
|
|move|p2a: Heatran|Toxic|p1a: Kenbo
|-status|p1a: Kenbo|tox
|move|p1a: Kenbo|Scald|p2a: Heatran
|-supereffective|p2a: Heatran
|-damage|p2a: Heatran|0 fnt
|faint|p2a: Heatran
|
|win|Dylathyn
|raw|Ladder updating...
|raw|Dylathyn's rating: 1268 &rarr; <strong>1290<\/strong><br \/>(+22 for winning)
|raw|Caralhu's rating: 1228 &rarr; <strong>1206<\/strong><br \/>(-22 for losing)
|c|âDylathyn|gg
|leave|Caralhu
|player|p2