|join|Caralhu
|join|newbieee
|player|p1|Caralhu|1
|player|p2|newbieee|266
|gametype|singles
|gen|6
|tier|OU
|rated
|clearpoke
|poke|p1|Azumarill, M
|poke|p1|Scizor, M
|poke|p1|Cresselia, F
|poke|p1|Latios, M
|poke|p1|Landorus-Therian, M
|poke|p1|Volcarona, F
|poke|p2|Clefable, F
|poke|p2|Pinsir, M
|poke|p2|Zapdos
|poke|p2|Latios, M
|poke|p2|Ferrothorn, M
|poke|p2|Terrakion
|rule|Swagger Clause: Swagger is banned
|rule|Baton Pass Clause: Limit one PokÃ©mon knowing Baton Pass
|rule|Sleep Clause Mod: Limit one foe put to sleep
|rule|Species Clause: Limit one of each PokÃ©mon
|rule|OHKO Clause: OHKO moves are banned
|rule|Moody Clause: Moody is banned
|rule|Evasion Moves Clause: Evasion moves are banned
|rule|Endless Battle Clause: Forcing endless battles is banned
|rule|HP Percentage Mod: HP is shown in percentages
|teampreview
|
|start
|switch|p1a: Landorus-Therian|Landorus-Therian, M|320\/320
|switch|p2a: Ferrothorn|Ferrothorn, M|352\/352
|-ability|p1a: Landorus-Therian|Intimidate|[of] p2a: Ferrothorn
|-unboost|p2a: Ferrothorn|atk|1
|turn|1
|
|move|p1a: Landorus-Therian|Superpower|p2a: Ferrothorn
|-supereffective|p2a: Ferrothorn
|-damage|p2a: Ferrothorn|144\/352
|-damage|p1a: Landorus-Therian|280\/320|[from] ability: Iron Barbs|[of] p2a: Ferrothorn
|-unboost|p1a: Landorus-Therian|atk|1
|-unboost|p1a: Landorus-Therian|def|1
|move|p2a: Ferrothorn|Stealth Rock|p1a: Landorus-Therian
|-sidestart|p1: Caralhu|move: Stealth Rock
|
|turn|2
|
|switch|p2a: Zapdos|Zapdos|384\/384
|-ability|p2a: Zapdos|Pressure
|move|p1a: Landorus-Therian|Superpower|p2a: Zapdos
|-resisted|p2a: Zapdos
|-damage|p2a: Zapdos|341\/384
|-unboost|p1a: Landorus-Therian|atk|1
|-unboost|p1a: Landorus-Therian|def|1
|
|-heal|p2a: Zapdos|365\/384|[from] item: Leftovers
|turn|3
|
|switch|p1a: Latios|Latios, M|302\/302
|-damage|p1a: Latios|265\/302|[from] Stealth Rock
|move|p2a: Zapdos|Volt Switch|p1a: Latios
|-resisted|p1a: Latios
|-damage|p1a: Latios|220\/302
|
|switch|p2a: Ferrothorn|Ferrothorn, M|144\/352
|
|turn|4
|
|move|p1a: Latios|Hidden Power|p2a: Ferrothorn
|-supereffective|p2a: Ferrothorn
|-damage|p2a: Ferrothorn|0 fnt
|faint|p2a: Ferrothorn
|
|
|switch|p2a: Clefable|Clefable, F|394\/394
|turn|5
|
|switch|p1a: Scizor|Scizor, M|344\/344
|-damage|p1a: Scizor|301\/344|[from] Stealth Rock
|move|p2a: Clefable|Moonblast|p1a: Scizor
|-resisted|p1a: Scizor
|-damage|p1a: Scizor|241\/344
|-unboost|p1a: Scizor|spa|1
|
|turn|6
|
|switch|p2a: Zapdos|Zapdos|365\/384
|-ability|p2a: Zapdos|Pressure
|detailschange|p1a: Scizor|Scizor-Mega, M
|-mega|p1a: Scizor|Scizor|Scizorite
|move|p1a: Scizor|Defog|p2a: Zapdos
|-unboost|p2a: Zapdos|evasion|1
|-sideend|p1: Caralhu|Stealth Rock|[from] move: Defog|[of] p1a: Scizor
|
|-heal|p2a: Zapdos|384\/384|[from] item: Leftovers
|turn|7
|
|switch|p1a: Landorus-Therian|Landorus-Therian, M|280\/320
|-ability|p1a: Landorus-Therian|Intimidate|[of] p2a: Zapdos
|-unboost|p2a: Zapdos|atk|1
|move|p2a: Zapdos|Heat Wave|p1a: Landorus-Therian
|-damage|p1a: Landorus-Therian|164\/320
|-status|p1a: Landorus-Therian|brn
|
|-damage|p1a: Landorus-Therian|124\/320 brn|[from] brn
|turn|8
|
|move|p1a: Landorus-Therian|U-turn|p2a: Zapdos
|-resisted|p2a: Zapdos
|-damage|p2a: Zapdos|364\/384
|
|switch|p1a: Cresselia|Cresselia, F|444\/444
|move|p2a: Zapdos|Heat Wave|p1a: Cresselia
|-damage|p1a: Cresselia|374\/444
|
|-heal|p2a: Zapdos|384\/384|[from] item: Leftovers
|-heal|p1a: Cresselia|401\/444|[from] item: Leftovers
|turn|9
|
|move|p2a: Zapdos|Volt Switch|p1a: Cresselia
|-crit|p1a: Cresselia
|-damage|p1a: Cresselia|284\/444
|
|switch|p2a: Clefable|Clefable, F|394\/394
|move|p1a: Cresselia|Toxic|p2a: Clefable
|-status|p2a: Clefable|tox
|
|-heal|p1a: Cresselia|311\/444|[from] item: Leftovers
|-damage|p2a: Clefable|370\/394 tox|[from] psn
|turn|10
|
|move|p1a: Cresselia|Moonlight|p1a: Cresselia
|-heal|p1a: Cresselia|444\/444
|move|p2a: Clefable|Heal Bell|p2a: Clefable
|-cureteam|p2a: Clefable|[from] move: HealBell
|
|-heal|p2a: Clefable|394\/394|[from] item: Leftovers
|turn|11
|
|switch|p1a: Volcarona|Volcarona, F|312\/312
|move|p2a: Clefable|Wish|p2a: Clefable
|
|turn|12
|
|switch|p1a: Azumarill|Azumarill, M|404\/404
|move|p2a: Clefable|Moonblast|p1a: Azumarill
|-damage|p1a: Azumarill|280\/404
|-unboost|p1a: Azumarill|spa|1
|
|turn|13
|
|switch|p2a: Zapdos|Zapdos|384\/384
|-ability|p2a: Zapdos|Pressure
|switch|p1a: Volcarona|Volcarona, F|312\/312
|
|turn|14
|
|move|p1a: Volcarona|Fiery Dance|p2a: Zapdos
|-damage|p2a: Zapdos|203\/384
|-boost|p1a: Volcarona|spa|1
|move|p2a: Zapdos|Volt Switch|p1a: Volcarona
|-damage|p1a: Volcarona|215\/312
|
|switch|p2a: Pinsir|Pinsir, M|271\/271
|
|turn|15
|
|switch|p1a: Landorus-Therian|Landorus-Therian, M|124\/320 brn
|-ability|p1a: Landorus-Therian|Intimidate|[of] p2a: Pinsir
|-fail|p2a: Pinsir|unboost|Attack|[from] ability: Hyper Cutter|[of] p2a: Pinsir
|detailschange|p2a: Pinsir|Pinsir-Mega, M
|-mega|p2a: Pinsir|Pinsir|Pinsirite
|move|p2a: Pinsir|Quick Attack|p1a: Landorus-Therian
|-damage|p1a: Landorus-Therian|13\/320 brn
|
|-damage|p1a: Landorus-Therian|0 fnt|[from] brn
|faint|p1a: Landorus-Therian
|
|switch|p1a: Latios|Latios, M|220\/302
|turn|16
|
|switch|p2a: Clefable|Clefable, F|394\/394
|move|p1a: Latios|Psyshock|p2a: Clefable
|-damage|p2a: Clefable|211\/394
|
|-heal|p2a: Clefable|235\/394|[from] item: Leftovers
|turn|17
|
|move|p1a: Latios|Psyshock|p2a: Clefable
|-damage|p2a: Clefable|58\/394
|move|p2a: Clefable|Wish|p2a: Clefable
|
|-heal|p2a: Clefable|82\/394|[from] item: Leftovers
|turn|18
|
|switch|p1a: Volcarona|Volcarona, F|215\/312
|move|p2a: Clefable|Protect|p2a: Clefable
|-fail|p2a: Clefable
|
|-heal|p2a: Clefable|279\/394|[from] move: Wish|[wisher] Clefable
|-heal|p2a: Clefable|303\/394|[from] item: Leftovers
|turn|19
|
|switch|p2a: Terrakion|Terrakion|323\/323
|move|p1a: Volcarona|Fiery Dance|p2a: Terrakion
|-resisted|p2a: Terrakion
|-damage|p2a: Terrakion|230\/323
|-boost|p1a: Volcarona|spa|1
|
|turn|20
|
|switch|p1a: Cresselia|Cresselia, F|444\/444
|move|p2a: Terrakion|Stone Edge|p1a: Cresselia
|-damage|p1a: Cresselia|280\/444
|-damage|p2a: Terrakion|198\/323|[from] item: Life Orb
|
|-heal|p1a: Cresselia|307\/444|[from] item: Leftovers
|turn|21
|
|move|p2a: Terrakion|Taunt|p1a: Cresselia
|-start|p1a: Cresselia|move: Taunt
|cant|p1a: Cresselia|move: Taunt|Thunder Wave
|
|-heal|p1a: Cresselia|334\/444|[from] item: Leftovers
|turn|22
|
|switch|p2a: Clefable|Clefable, F|303\/394
|switch|p1a: Scizor|Scizor-Mega, M|241\/344
|
|-heal|p2a: Clefable|327\/394|[from] item: Leftovers
|turn|23
|
|switch|p1a: Volcarona|Volcarona, F|215\/312
|switch|p2a: Zapdos|Zapdos|203\/384
|-ability|p2a: Zapdos|Pressure
|
|-heal|p2a: Zapdos|227\/384|[from] item: Leftovers
|turn|24
|
|move|p1a: Volcarona|Quiver Dance|p1a: Volcarona
|-boost|p1a: Volcarona|spa|1
|-boost|p1a: Volcarona|spd|1
|-boost|p1a: Volcarona|spe|1
|move|p2a: Zapdos|Roost|p2a: Zapdos
|-heal|p2a: Zapdos|384\/384
|
|turn|25
|
|switch|p2a: Clefable|Clefable, F|327\/394
|move|p1a: Volcarona|Fiery Dance|p2a: Clefable
|-damage|p2a: Clefable|207\/394
|
|-heal|p2a: Clefable|231\/394|[from] item: Leftovers
|turn|26
|
|move|p1a: Volcarona|Fiery Dance|p2a: Clefable
|-damage|p2a: Clefable|113\/394
|-boost|p1a: Volcarona|spa|1
|move|p2a: Clefable|Wish|p2a: Clefable
|
|-heal|p2a: Clefable|137\/394|[from] item: Leftovers
|turn|27
|
|switch|p1a: Azumarill|Azumarill, M|280\/404
|move|p2a: Clefable|Protect|p2a: Clefable
|-fail|p2a: Clefable
|
|-heal|p2a: Clefable|334\/394|[from] move: Wish|[wisher] Clefable
|-heal|p2a: Clefable|358\/394|[from] item: Leftovers
|turn|28
|
|switch|p2a: Zapdos|Zapdos|384\/384
|-ability|p2a: Zapdos|Pressure
|move|p1a: Azumarill|Play Rough|p2a: Zapdos
|-damage|p2a: Zapdos|236\/384
|
|-heal|p2a: Zapdos|260\/384|[from] item: Leftovers
|turn|29
|
|switch|p1a: Cresselia|Cresselia, F|334\/444
|move|p2a: Zapdos|Volt Switch|p1a: Cresselia
|-damage|p1a: Cresselia|256\/444
|
|switch|p2a: Terrakion|Terrakion|198\/323
|
|-heal|p1a: Cresselia|283\/444|[from] item: Leftovers
|turn|30
|
|switch|p1a: Latios|Latios, M|220\/302
|move|p2a: Terrakion|Taunt|p1a: Latios
|-start|p1a: Latios|move: Taunt
|
|turn|31
|
|switch|p2a: Clefable|Clefable, F|358\/394
|move|p1a: Latios|Surf|p2a: Clefable
|-damage|p2a: Clefable|277\/394
|
|-heal|p2a: Clefable|301\/394|[from] item: Leftovers
|turn|32
|
|switch|p1a: Scizor|Scizor-Mega, M|241\/344
|move|p2a: Clefable|Wish|p2a: Clefable
|
|-heal|p2a: Clefable|325\/394|[from] item: Leftovers
|turn|33
|
|switch|p2a: Zapdos|Zapdos|260\/384
|-ability|p2a: Zapdos|Pressure
|move|p1a: Scizor|Swords Dance|p1a: Scizor
|-boost|p1a: Scizor|atk|2
|
|-heal|p2a: Zapdos|384\/384|[from] move: Wish|[wisher] Clefable
|turn|34
|
|switch|p1a: Latios|Latios, M|220\/302
|move|p2a: Zapdos|Heat Wave|p1a: Latios
|-resisted|p1a: Latios
|-damage|p1a: Latios|175\/302
|
|turn|35
|
|move|p1a: Latios|Psyshock|p2a: Zapdos
|-damage|p2a: Zapdos|263\/384
|move|p2a: Zapdos|Volt Switch|p1a: Latios
|-resisted|p1a: Latios
|-damage|p1a: Latios|129\/302
|
|switch|p2a: Clefable|Clefable, F|325\/394
|
|-heal|p2a: Clefable|349\/394|[from] item: Leftovers
|turn|36
|
|switch|p1a: Cresselia|Cresselia, F|283\/444
|move|p2a: Clefable|Wish|p2a: Clefable
|
|-heal|p1a: Cresselia|310\/444|[from] item: Leftovers
|-heal|p2a: Clefable|373\/394|[from] item: Leftovers
|turn|37
|
|move|p1a: Cresselia|Thunder Wave|p2a: Clefable
|-status|p2a: Clefable|par
|cant|p2a: Clefable|par
|
|-heal|p2a: Clefable|394\/394 par|[from] move: Wish|[wisher] Clefable
|-heal|p1a: Cresselia|337\/444|[from] item: Leftovers
|turn|38
|
|switch|p1a: Azumarill|Azumarill, M|280\/404
|move|p2a: Clefable|Heal Bell|p2a: Clefable
|-cureteam|p2a: Clefable|[from] move: HealBell
|
|turn|39
|
|switch|p2a: Zapdos|Zapdos|263\/384
|-ability|p2a: Zapdos|Pressure
|move|p1a: Azumarill|Play Rough|p2a: Zapdos
|-damage|p2a: Zapdos|112\/384
|-unboost|p2a: Zapdos|atk|1
|
|-heal|p2a: Zapdos|136\/384|[from] item: Leftovers
|turn|40
|
|switch|p1a: Latios|Latios, M|129\/302
|move|p2a: Zapdos|Roost|p2a: Zapdos
|-heal|p2a: Zapdos|328\/384
|
|-heal|p2a: Zapdos|352\/384|[from] item: Leftovers
|turn|41
|
|move|p1a: Latios|Draco Meteor|p2a: Zapdos
|-crit|p2a: Zapdos
|-damage|p2a: Zapdos|4\/384
|-unboost|p1a: Latios|spa|2
|move|p2a: Zapdos|Volt Switch|p1a: Latios
|-resisted|p1a: Latios
|-damage|p1a: Latios|87\/302
|
|switch|p2a: Pinsir|Pinsir-Mega, M|271\/271
|
|turn|42
|
|move|p1a: Latios|Draco Meteor|p2a: Pinsir
|-damage|p2a: Pinsir|135\/271
|-unboost|p1a: Latios|spa|2
|move|p2a: Pinsir|Swords Dance|p2a: Pinsir
|-boost|p2a: Pinsir|atk|2
|
|turn|43
|
|move|p2a: Pinsir|Quick Attack|p1a: Latios
|-crit|p1a: Latios
|-damage|p1a: Latios|0 fnt
|faint|p1a: Latios
|
|
|switch|p1a: Volcarona|Volcarona, F|215\/312
|turn|44
|
|move|p2a: Pinsir|Quick Attack|p1a: Volcarona
|-supereffective|p1a: Volcarona
|-damage|p1a: Volcarona|0 fnt
|faint|p1a: Volcarona
|
|
|switch|p1a: Cresselia|Cresselia, F|337\/444
|turn|45
|
|move|p2a: Pinsir|Return|p1a: Cresselia
|-damage|p1a: Cresselia|6\/444
|move|p1a: Cresselia|Thunder Wave|p2a: Pinsir
|-status|p2a: Pinsir|par
|
|-heal|p1a: Cresselia|33\/444|[from] item: Leftovers
|turn|46
|
|cant|p2a: Pinsir|par
|move|p1a: Cresselia|Lunar Dance|p1a: Cresselia
|faint|p1a: Cresselia
|
|
|switch|p1a: Scizor|Scizor-Mega, M|241\/344
|-heal|p1a: Scizor|344\/344|[from] move: Lunar Dance
|turn|47
|
|move|p1a: Scizor|Swords Dance|p1a: Scizor
|-boost|p1a: Scizor|atk|2
|move|p2a: Pinsir|Return|p1a: Scizor
|-damage|p1a: Scizor|0 fnt
|faint|p1a: Scizor
|
|
|switch|p1a: Azumarill|Azumarill, M|280\/404
|turn|48
|
|move|p1a: Azumarill|Play Rough|p2a: Pinsir
|-damage|p2a: Pinsir|0 fnt
|faint|p2a: Pinsir
|
|
|switch|p2a: Zapdos|Zapdos|4\/384
|-ability|p2a: Zapdos|Pressure
|turn|49
|
|move|p1a: Azumarill|Aqua Jet|p2a: Zapdos
|-damage|p2a: Zapdos|0 fnt
|faint|p2a: Zapdos
|
|
|switch|p2a: Clefable|Clefable, F|394\/394
|turn|50
|
|move|p2a: Clefable|Moonblast|p1a: Azumarill
|-damage|p1a: Azumarill|151\/404
|-unboost|p1a: Azumarill|spa|1
|-enditem|p1a: Azumarill|Sitrus Berry|[eat]
|-heal|p1a: Azumarill|252\/404|[from] item: Sitrus Berry
|move|p1a: Azumarill|Play Rough|p2a: Clefable
|-damage|p2a: Clefable|157\/394
|
|-heal|p2a: Clefable|181\/394|[from] item: Leftovers
|turn|51
|
|move|p2a: Clefable|Moonblast|p1a: Azumarill
|-damage|p1a: Azumarill|111\/404
|-unboost|p1a: Azumarill|spa|1
|move|p1a: Azumarill|Play Rough|p2a: Clefable
|-crit|p2a: Clefable
|-damage|p2a: Clefable|0 fnt
|faint|p2a: Clefable
|
|
|switch|p2a: Latios|Latios, M|301\/301
|turn|52
|
|move|p2a: Latios|Psyshock|p1a: Azumarill
|-damage|p1a: Azumarill|0 fnt
|faint|p1a: Azumarill
|
|win|newbieee
|raw|Ladder updating...
|raw|Caralhu's rating: 1541 &rarr; <strong>1519<\/strong><br \/>(-22 for losing)
|raw|newbieee's rating: 1494 &rarr; <strong>1516<\/strong><br \/>(+22 for winning)
|leave|Caralhu