|join|eaglehwak
|join|killerASCII
|player|p1|eaglehwak|167
|player|p2|killerASCII|163
|gametype|singles
|gen|6
|tier|UU
|rated
|rule|Sleep Clause Mod: Limit one foe put to sleep
|rule|Species Clause: Limit one of each PokÃ©mon
|rule|OHKO Clause: OHKO moves are banned
|rule|Moody Clause: Moody is banned
|rule|Evasion Moves Clause: Evasion moves are banned
|rule|Endless Battle Clause: Forcing endless battles is banned
|rule|HP Percentage Mod: HP is shown in percentages
|clearpoke
|poke|p1|Tangrowth, F
|poke|p1|Raikou
|poke|p1|Chandelure, M
|poke|p1|Diancie
|poke|p1|Feraligatr, F
|poke|p1|Jirachi
|poke|p2|Steelix, F
|poke|p2|Hippowdon, F
|poke|p2|Jellicent, F
|poke|p2|Reuniclus, M
|poke|p2|Hydreigon, F
|poke|p2|Gigalith, F
|rule|Swagger Clause: Swagger is banned
|rule|Baton Pass Clause: Limit one PokÃ©mon knowing Baton Pass
|teampreview
|
|start
|switch|p1a: UC Berkeley|Jirachi|341\/341
|switch|p2a: Hippowdon|Hippowdon, F|420\/420
|-weather|Sandstorm
|turn|1
|
|move|p1a: UC Berkeley|U-turn|p2a: Hippowdon
|-damage|p2a: Hippowdon|373\/420
|
|switch|p1a: UPenn|Tangrowth, F|403\/403
|move|p2a: Hippowdon|Stealth Rock|p1a: UPenn
|-sidestart|p1: eaglehwak|move: Stealth Rock
|
|-weather|Sandstorm|[upkeep]
|-damage|p1a: UPenn|378\/403|[from] Sandstorm
|-heal|p1a: UPenn|403\/403|[from] item: Leftovers
|turn|2
|
|switch|p2a: Reuniclus|Reuniclus, M|424\/424
|move|p1a: UPenn|Leech Seed|p2a: Reuniclus|[miss]
|-miss|p1a: UPenn|p2a: Reuniclus
|
|-weather|Sandstorm|[upkeep]
|-damage|p1a: UPenn|378\/403|[from] Sandstorm
|-heal|p1a: UPenn|403\/403|[from] item: Leftovers
|turn|3
|
|move|p1a: UPenn|Knock Off|p2a: Reuniclus
|-supereffective|p2a: Reuniclus
|-damage|p2a: Reuniclus|224\/424
|-enditem|p2a: Reuniclus|Life Orb|[from] move: Knock Off|[of] p1a: UPenn
|move|p2a: Reuniclus|Trick Room|p2a: Reuniclus
|-fieldstart|move: Trick Room|[of] p2a: Reuniclus
|
|-weather|Sandstorm|[upkeep]
|-damage|p1a: UPenn|378\/403|[from] Sandstorm
|-heal|p1a: UPenn|403\/403|[from] item: Leftovers
|turn|4
|
|move|p2a: Reuniclus|Focus Blast|p1a: UPenn|[miss]
|-miss|p2a: Reuniclus|p1a: UPenn
|move|p1a: UPenn|Knock Off|p2a: Reuniclus
|-supereffective|p2a: Reuniclus
|-damage|p2a: Reuniclus|88\/424
|
|-weather|Sandstorm|[upkeep]
|-damage|p1a: UPenn|378\/403|[from] Sandstorm
|-heal|p1a: UPenn|403\/403|[from] item: Leftovers
|turn|5
|
|move|p2a: Reuniclus|Focus Blast|p1a: UPenn
|-crit|p1a: UPenn
|-damage|p1a: UPenn|152\/403
|move|p1a: UPenn|Knock Off|p2a: Reuniclus
|-supereffective|p2a: Reuniclus
|-damage|p2a: Reuniclus|0 fnt
|faint|p2a: Reuniclus
|
|-weather|Sandstorm|[upkeep]
|-damage|p1a: UPenn|127\/403|[from] Sandstorm
|-heal|p1a: UPenn|152\/403|[from] item: Leftovers
|
|switch|p2a: Gigalith|Gigalith, F|374\/374
|turn|6
|
|switch|p1a: UC Berkeley|Jirachi|341\/341
|-damage|p1a: UC Berkeley|320\/341|[from] Stealth Rock
|move|p2a: Gigalith|Stone Edge|p1a: UC Berkeley
|-resisted|p1a: UC Berkeley
|-damage|p1a: UC Berkeley|122\/341
|
|-weather|Sandstorm|[upkeep]
|turn|7
|
|move|p2a: Gigalith|Stone Edge|p1a: UC Berkeley
|-resisted|p1a: UC Berkeley
|-damage|p1a: UC Berkeley|0 fnt
|faint|p1a: UC Berkeley
|
|-weather|Sandstorm|[upkeep]
|-fieldend|move: Trick Room
|c|âeaglehwak|wait what
|c|âkillerASCII|what?
|c|âeaglehwak|or right
|c|âeaglehwak|trick room
|
|switch|p1a: Columbia|Feraligatr, F|325\/325
|-damage|p1a: Columbia|285\/325|[from] Stealth Rock
|turn|8
|
|switch|p1a: Vanderbilt|Raikou|321\/321
|-damage|p1a: Vanderbilt|281\/321|[from] Stealth Rock
|-ability|p1a: Vanderbilt|Pressure
|move|p2a: Gigalith|Stone Edge|p1a: Vanderbilt
|-damage|p1a: Vanderbilt|0 fnt
|faint|p1a: Vanderbilt
|
|-weather|none
|
|switch|p1a: UPenn|Tangrowth, F|286\/403
|-damage|p1a: UPenn|236\/403|[from] Stealth Rock
|turn|9
|c|âkillerASCII|what's with the college names?
|
|switch|p2a: Hippowdon|Hippowdon, F|373\/420
|-weather|Sandstorm
|move|p1a: UPenn|Leech Seed|p2a: Hippowdon
|-start|p2a: Hippowdon|move: Leech Seed
|
|-weather|Sandstorm|[upkeep]
|-damage|p1a: UPenn|211\/403|[from] Sandstorm
|-heal|p1a: UPenn|236\/403|[from] item: Leftovers
|-damage|p2a: Hippowdon|321\/420|[from] Leech Seed|[of] p1a: UPenn
|-heal|p1a: UPenn|288\/403|[silent]
|turn|10
|
|move|p1a: UPenn|Knock Off|p2a: Hippowdon
|-damage|p2a: Hippowdon|273\/420
|-enditem|p2a: Hippowdon|Smooth Rock|[from] move: Knock Off|[of] p1a: UPenn
|move|p2a: Hippowdon|Toxic|p1a: UPenn
|-status|p1a: UPenn|tox
|
|-weather|Sandstorm|[upkeep]
|-damage|p1a: UPenn|263\/403 tox|[from] Sandstorm
|-heal|p1a: UPenn|288\/403 tox|[from] item: Leftovers
|-damage|p2a: Hippowdon|221\/420|[from] Leech Seed|[of] p1a: UPenn
|-heal|p1a: UPenn|340\/403 tox|[silent]
|-damage|p1a: UPenn|315\/403 tox|[from] psn
|turn|11
|
|switch|p2a: Hydreigon|Hydreigon, F|326\/326
|move|p1a: UPenn|Power Whip|p2a: Hydreigon
|-resisted|p2a: Hydreigon
|-damage|p2a: Hydreigon|245\/326
|
|-weather|Sandstorm|[upkeep]
|-damage|p2a: Hydreigon|225\/326|[from] Sandstorm
|-damage|p1a: UPenn|290\/403 tox|[from] Sandstorm
|-heal|p1a: UPenn|315\/403 tox|[from] item: Leftovers
|-damage|p1a: UPenn|265\/403 tox|[from] psn
|turn|12
|
|switch|p1a: Cornell|Diancie|241\/241
|-damage|p1a: Cornell|211\/241|[from] Stealth Rock
|move|p2a: Hydreigon|U-turn|p1a: Cornell
|-resisted|p1a: Cornell
|-damage|p1a: Cornell|192\/241
|
|switch|p2a: Jellicent|Jellicent, F|404\/404
|
|-weather|Sandstorm|[upkeep]
|-damage|p2a: Jellicent|379\/404|[from] Sandstorm
|-heal|p2a: Jellicent|404\/404|[from] item: Leftovers
|turn|13
|
|detailschange|p1a: Cornell|Diancie-Mega
|-mega|p1a: Cornell|Diancie|Diancite
|move|p1a: Cornell|Moonblast|p2a: Jellicent
|-damage|p2a: Jellicent|260\/404
|move|p2a: Jellicent|Trick Room|p2a: Jellicent
|-fieldstart|move: Trick Room|[of] p2a: Jellicent
|
|-weather|Sandstorm|[upkeep]
|-damage|p2a: Jellicent|235\/404|[from] Sandstorm
|-heal|p2a: Jellicent|260\/404|[from] item: Leftovers
|turn|14
|
|move|p2a: Jellicent|Scald|p1a: Cornell
|-supereffective|p1a: Cornell
|-damage|p1a: Cornell|84\/241
|-status|p1a: Cornell|brn
|move|p1a: Cornell|Moonblast|p2a: Jellicent
|-damage|p2a: Jellicent|118\/404
|
|-weather|Sandstorm|[upkeep]
|-damage|p2a: Jellicent|93\/404|[from] Sandstorm
|-heal|p2a: Jellicent|118\/404|[from] item: Leftovers
|-damage|p1a: Cornell|54\/241 brn|[from] brn
|turn|15
|
|switch|p2a: Steelix|Steelix, F|354\/354
|move|p1a: Cornell|Moonblast|p2a: Steelix
|-resisted|p2a: Steelix
|-damage|p2a: Steelix|207\/354
|-unboost|p2a: Steelix|spa|1
|
|-weather|Sandstorm|[upkeep]
|-damage|p1a: Cornell|24\/241 brn|[from] brn
|turn|16
|
|detailschange|p2a: Steelix|Steelix-Mega, F
|-mega|p2a: Steelix|Steelix|Steelixite
|move|p2a: Steelix|Gyro Ball|p1a: Cornell
|-supereffective|p1a: Cornell
|-damage|p1a: Cornell|0 fnt
|faint|p1a: Cornell
|
|-weather|none
|
|switch|p1a: UPenn|Tangrowth, F|399\/403 tox
|-damage|p1a: UPenn|349\/403 tox|[from] Stealth Rock
|turn|17
|
|move|p2a: Steelix|Fire Fang|p1a: UPenn
|-supereffective|p1a: UPenn
|-damage|p1a: UPenn|205\/403 tox
|move|p1a: UPenn|Sleep Powder|p2a: Steelix
|-status|p2a: Steelix|slp
|
|-heal|p1a: UPenn|230\/403 tox|[from] item: Leftovers
|-damage|p1a: UPenn|205\/403 tox|[from] psn
|-fieldend|move: Trick Room
|turn|18
|
|switch|p2a: Hippowdon|Hippowdon, F|221\/420
|-weather|Sandstorm
|move|p1a: UPenn|Leech Seed|p2a: Hippowdon
|-start|p2a: Hippowdon|move: Leech Seed
|
|-weather|Sandstorm|[upkeep]
|-damage|p1a: UPenn|180\/403 tox|[from] Sandstorm
|-heal|p1a: UPenn|205\/403 tox|[from] item: Leftovers
|-damage|p2a: Hippowdon|169\/420|[from] Leech Seed|[of] p1a: UPenn
|-heal|p1a: UPenn|257\/403 tox|[silent]
|-damage|p1a: UPenn|207\/403 tox|[from] psn
|turn|19
|
|switch|p2a: Hydreigon|Hydreigon, F|225\/326
|move|p1a: UPenn|Power Whip|p2a: Hydreigon
|-crit|p2a: Hydreigon
|-resisted|p2a: Hydreigon
|-damage|p2a: Hydreigon|106\/326
|
|-weather|Sandstorm|[upkeep]
|-damage|p2a: Hydreigon|86\/326|[from] Sandstorm
|-damage|p1a: UPenn|182\/403 tox|[from] Sandstorm
|-heal|p1a: UPenn|207\/403 tox|[from] item: Leftovers
|-damage|p1a: UPenn|132\/403 tox|[from] psn
|turn|20
|
|move|p2a: Hydreigon|Dark Pulse|p1a: UPenn
|-damage|p1a: UPenn|0 fnt
|faint|p1a: UPenn
|
|-weather|Sandstorm|[upkeep]
|-damage|p2a: Hydreigon|66\/326|[from] Sandstorm
|
|switch|p1a: Columbia|Feraligatr, F|285\/325
|-damage|p1a: Columbia|245\/325|[from] Stealth Rock
|turn|21
|
|switch|p2a: Jellicent|Jellicent, F|118\/404
|move|p1a: Columbia|Swords Dance|p1a: Columbia
|-boost|p1a: Columbia|atk|2
|
|-weather|Sandstorm|[upkeep]
|-damage|p1a: Columbia|225\/325|[from] Sandstorm
|-damage|p2a: Jellicent|93\/404|[from] Sandstorm
|-heal|p2a: Jellicent|118\/404|[from] item: Leftovers
|turn|22
|
|switch|p1a: Northwestern|Chandelure, M|289\/289
|-damage|p1a: Northwestern|217\/289|[from] Stealth Rock
|move|p2a: Jellicent|Trick Room|p2a: Jellicent
|-fieldstart|move: Trick Room|[of] p2a: Jellicent
|
|-weather|none
|-heal|p2a: Jellicent|143\/404|[from] item: Leftovers
|-heal|p1a: Northwestern|235\/289|[from] item: Leftovers
|turn|23
|
|move|p2a: Jellicent|Scald|p1a: Northwestern
|-supereffective|p1a: Northwestern
|-damage|p1a: Northwestern|61\/289
|move|p1a: Northwestern|Shadow Ball|p2a: Jellicent
|-supereffective|p2a: Jellicent
|-damage|p2a: Jellicent|0 fnt
|faint|p2a: Jellicent
|
|-heal|p1a: Northwestern|79\/289|[from] item: Leftovers
|
|switch|p2a: Gigalith|Gigalith, F|374\/374
|turn|24
|
|move|p2a: Gigalith|Earthquake|p1a: Northwestern
|-crit|p1a: Northwestern
|-supereffective|p1a: Northwestern
|-damage|p1a: Northwestern|0 fnt
|faint|p1a: Northwestern
|
|
|switch|p1a: Columbia|Feraligatr, F|225\/325
|-damage|p1a: Columbia|185\/325|[from] Stealth Rock
|turn|25
|
|move|p1a: Columbia|Aqua Jet|p2a: Gigalith
|-supereffective|p2a: Gigalith
|-damage|p2a: Gigalith|242\/374
|move|p2a: Gigalith|Earthquake|p1a: Columbia
|-damage|p1a: Columbia|0 fnt
|faint|p1a: Columbia
|
|win|killerASCII
|raw|Ladder updating...
|raw|eaglehwak's rating: 1461 &rarr; <strong>1435<\/strong><br \/>(-26 for losing)
|raw|killerASCII's rating: 1352 &rarr; <strong>1378<\/strong><br \/>(+26 for winning)
|leave|eaglehwak