|join|killerASCII
|join|Aggron
|c|âAggron|hf
|player|p1|killerASCII|163
|player|p2|Aggron|17
|gametype|singles
|gen|6
|tier|UU
|rated
|rule|Sleep Clause Mod: Limit one foe put to sleep
|rule|Species Clause: Limit one of each PokÃ©mon
|rule|OHKO Clause: OHKO moves are banned
|rule|Moody Clause: Moody is banned
|rule|Evasion Moves Clause: Evasion moves are banned
|rule|Endless Battle Clause: Forcing endless battles is banned
|rule|HP Percentage Mod: HP is shown in percentages
|clearpoke
|poke|p1|Steelix, M
|poke|p1|Hippowdon, M
|poke|p1|Jellicent, M
|poke|p1|Reuniclus, M
|poke|p1|Hydreigon, F
|poke|p1|Gigalith, F
|poke|p2|Darmanitan, M
|poke|p2|Roserade, F
|poke|p2|Blastoise, M
|poke|p2|Rhyperior, M
|poke|p2|Scrafty, M
|poke|p2|Crobat, M
|rule|Swagger Clause: Swagger is banned
|rule|Baton Pass Clause: Limit one PokÃ©mon knowing Baton Pass
|teampreview
|c|âkillerASCII|you too
|
|start
|switch|p1a: King Hippo|Hippowdon, M|420\/420
|switch|p2a: Blastoise|Blastoise, M|361\/361
|-weather|Sandstorm
|turn|1
|join|MegamasterX49
|join|kaeoporaa
|
|detailschange|p2a: Blastoise|Blastoise-Mega, M
|-mega|p2a: Blastoise|Blastoise|Blastoisinite
|move|p2a: Blastoise|Ice Beam|p1a: King Hippo
|-supereffective|p1a: King Hippo
|-damage|p1a: King Hippo|124\/420
|move|p1a: King Hippo|Toxic|p2a: Blastoise
|-status|p2a: Blastoise|tox
|
|-weather|Sandstorm|[upkeep]
|-damage|p2a: Blastoise|339\/361 tox|[from] sandstorm
|-damage|p2a: Blastoise|317\/361 tox|[from] psn
|turn|2
|
|switch|p1a: Indubitably|Jellicent, M|404\/404
|move|p2a: Blastoise|Dark Pulse|p1a: Indubitably
|-supereffective|p1a: Indubitably
|-damage|p1a: Indubitably|160\/404
|
|-weather|Sandstorm|[upkeep]
|-damage|p2a: Blastoise|295\/361 tox|[from] sandstorm
|-damage|p1a: Indubitably|135\/404|[from] sandstorm
|-heal|p1a: Indubitably|160\/404|[from] item: Leftovers
|-damage|p2a: Blastoise|251\/361 tox|[from] psn
|turn|3
|
|switch|p2a: Roserade|Roserade, F|261\/261
|switch|p1a: Not a Tank|Hydreigon, F|326\/326
|
|-weather|Sandstorm|[upkeep]
|-damage|p1a: Not a Tank|306\/326|[from] sandstorm
|-damage|p2a: Roserade|245\/261|[from] sandstorm
|turn|4
|
|switch|p2a: Rhyperior|Rhyperior, M|432\/432
|move|p1a: Not a Tank|Fire Blast|p2a: Rhyperior
|-resisted|p2a: Rhyperior
|-damage|p2a: Rhyperior|381\/432
|
|-weather|Sandstorm|[upkeep]
|-damage|p1a: Not a Tank|286\/326|[from] sandstorm
|-heal|p2a: Rhyperior|408\/432|[from] item: Leftovers
|turn|5
|
|move|p1a: Not a Tank|Fire Blast|p2a: Rhyperior
|-resisted|p2a: Rhyperior
|-damage|p2a: Rhyperior|361\/432
|move|p2a: Rhyperior|Stealth Rock|p1a: Not a Tank
|-sidestart|p1: killerASCII|move: Stealth Rock
|
|-weather|Sandstorm|[upkeep]
|-damage|p1a: Not a Tank|266\/326|[from] sandstorm
|-heal|p2a: Rhyperior|388\/432|[from] item: Leftovers
|turn|6
|c|âAggron|sorry for the delay
|
|move|p1a: Not a Tank|Fire Blast|p2a: Rhyperior
|-resisted|p2a: Rhyperior
|-damage|p2a: Rhyperior|343\/432
|move|p2a: Rhyperior|Stone Edge|p1a: Not a Tank
|-damage|p1a: Not a Tank|67\/326
|
|-weather|Sandstorm|[upkeep]
|-damage|p1a: Not a Tank|47\/326|[from] sandstorm
|-heal|p2a: Rhyperior|370\/432|[from] item: Leftovers
|turn|7
|
|move|p1a: Not a Tank|Fire Blast|p2a: Rhyperior
|-resisted|p2a: Rhyperior
|-damage|p2a: Rhyperior|323\/432
|move|p2a: Rhyperior|Earthquake|p1a: Not a Tank
|-immune|p1a: Not a Tank|[msg]
|
|-weather|Sandstorm|[upkeep]
|-damage|p1a: Not a Tank|27\/326|[from] sandstorm
|-heal|p2a: Rhyperior|350\/432|[from] item: Leftovers
|turn|8
|c|âAggron|bro why are you letting it die?
|
|move|p1a: Not a Tank|Fire Blast|p2a: Rhyperior|[miss]
|-miss|p1a: Not a Tank|p2a: Rhyperior
|move|p2a: Rhyperior|Stone Edge|p1a: Not a Tank
|-damage|p1a: Not a Tank|0 fnt
|faint|p1a: Not a Tank
|
|-weather|none
|-heal|p2a: Rhyperior|377\/432|[from] item: Leftovers
|
|switch|p1a: Indubitably|Jellicent, M|160\/404
|-damage|p1a: Indubitably|110\/404|[from] Stealth Rock
|turn|9
|c|âAggron|that thing is actually an issue for my team when its weakened
|c|âkillerASCII|cause nobody wants to switch in
|c|âAggron|steelix
|c|âkillerASCII|You have EQ hello
|c|âAggron|reuniclus
|c|âkillerASCII|I need Steelix at good health
|c|âAggron|steelix has 200def
|c|âkillerASCII|I need Reuniclus as healthy as possible
|c|âAggron|not to mention that hydra is more important against my team then steelix
|c|âkillerASCII|Nah, it's fine
|
|switch|p2a: Roserade|Roserade, F|245\/261
|move|p1a: Indubitably|Trick Room|p1a: Indubitably
|-fieldstart|move: Trick Room|[of] p1a: Indubitably
|
|-heal|p1a: Indubitably|135\/404|[from] item: Leftovers
|turn|10
|c|âkillerASCII|You don't know my team
|c|âAggron|steelix gets beaten by almost everyone on my team
|c|âkillerASCII|In TR?
|c|âAggron|toise takes the hit
|c|âAggron|kos
|c|âkillerASCII|In sand?
|c|âAggron|not at his health i suppose
|
|switch|p1a: King Hippo|Hippowdon, M|124\/420
|-damage|p1a: King Hippo|98\/420|[from] Stealth Rock
|-weather|Sandstorm
|move|p2a: Roserade|Spikes|p1a: King Hippo
|-sidestart|p1: killerASCII|Spikes
|
|-weather|Sandstorm|[upkeep]
|-damage|p2a: Roserade|229\/261|[from] sandstorm
|turn|11
|c|âkillerASCII|Why do you think I didn't just sack Hippo?
|c|âAggron|even so that requires way more support then hydra needed to wreck my team
|c|âkillerASCII|But I need the TR
|c|âkillerASCII|And I need everything else with it
|
|switch|p1a: Metallo|Steelix, M|354\/354
|-damage|p1a: Metallo|310\/354|[from] Spikes
|-damage|p1a: Metallo|299\/354|[from] Stealth Rock
|move|p2a: Roserade|Sleep Powder|p1a: Metallo
|-status|p1a: Metallo|slp
|
|-weather|Sandstorm|[upkeep]
|-damage|p2a: Roserade|213\/261|[from] sandstorm
|turn|12
|
|detailschange|p1a: Metallo|Steelix-Mega, M
|-mega|p1a: Metallo|Steelix|Steelixite
|cant|p1a: Metallo|slp
|move|p2a: Roserade|Spikes|p1a: Metallo
|-sidestart|p1: killerASCII|Spikes
|
|-weather|Sandstorm|[upkeep]
|-damage|p2a: Roserade|197\/261|[from] sandstorm
|turn|13
|
|cant|p1a: Metallo|slp
|move|p2a: Roserade|Spikes|p1a: Metallo
|-sidestart|p1: killerASCII|Spikes
|
|-weather|Sandstorm|[upkeep]
|-damage|p2a: Roserade|181\/261|[from] sandstorm
|-fieldend|move: Trick Room
|turn|14
|
|move|p2a: Roserade|Giga Drain|p1a: Metallo
|-damage|p1a: Metallo|138\/354 slp
|-heal|p2a: Roserade|261\/261|[from] drain|[of] p1a: Metallo
|-damage|p2a: Roserade|235\/261|[from] item: Life Orb
|-curestatus|p1a: Metallo|slp
|move|p1a: Metallo|Gyro Ball|p2a: Roserade
|-damage|p2a: Roserade|0 fnt
|faint|p2a: Roserade
|
|-weather|Sandstorm|[upkeep]
|c|âAggron|you should add dily to this team though
|c|âkillerASCII|Hell no
|c|âkillerASCII|Cradily is dead weight
|c|âAggron|true but he has hella girth
|c|âkillerASCII|I only get 5 TR turns
|c|âAggron|and provides some nice resitances
|c| MegamasterX49|Hello? Why would you put that thing on this team?
|c|âkillerASCII|If I'm not killing something in those turns, why run it?
|c|âAggron|gives you a switch in for megatoise that you don't have atm
|
|switch|p2a: Blastoise|Blastoise-Mega, M|251\/361 tox
|turn|15
|c|âkillerASCII|Hello? Switch in?
|c|âkillerASCII|Cause it totally doesn't get Aura Sphere?
|c|âAggron|bro
|c|âAggron|under sand dily takes it
|c|âAggron|and drains back
|
|switch|p1a: Indubitably|Jellicent, M|135\/404
|-damage|p1a: Indubitably|85\/404|[from] Stealth Rock
|-damage|p1a: Indubitably|0 fnt|[from] Spikes
|faint|p1a: Indubitably
|move|p2a: Blastoise|Dark Pulse|p1: Indubitably|[notarget]
|-notarget
|
|-weather|Sandstorm|[upkeep]
|-damage|p2a: Blastoise|229\/361 tox|[from] sandstorm
|-damage|p2a: Blastoise|207\/361 tox|[from] psn
|c|âAggron|also thats rare that he even runs that
|c|âkillerASCII|I don't see why
|c|âAggron|because toxicroak
|c|âAggron|mainly
|c|âkillerASCII|Better than some of the things you carry
|c|âAggron|and chesnaught
|leave|kaeoporaa
|c|âAggron|lol how so
|
|switch|p1a: Giygas|Reuniclus, M|424\/424
|turn|16
|c|âkillerASCII|And Chesnaught should be OU now
|c|âkillerASCII|I don't build teams around things that should be moving up soon
|c|âAggron|explain how aura sphere is better then literally any of the moves i have
|c|âAggron|ill let you know why youre wrong
|c|âkillerASCII|Otherwise I'd be abusing Beedrill
|c|âkillerASCII|Tell me what your fourth move is then?
|c|âAggron|water pulse
|
|move|p2a: Blastoise|Dark Pulse|p1a: Giygas
|-supereffective|p1a: Giygas
|-damage|p1a: Giygas|70\/424
|move|p1a: Giygas|Trick Room|p1a: Giygas
|-fieldstart|move: Trick Room|[of] p1a: Giygas
|
|-weather|Sandstorm|[upkeep]
|-damage|p2a: Blastoise|185\/361 tox|[from] sandstorm
|-damage|p2a: Blastoise|141\/361 tox|[from] psn
|turn|17
|c|âkillerASCII|that's 3
|c|âAggron|oh rapid spin
|c|âkillerASCII|Yeah, I don't like spinner Blastoise
|c|âAggron|lol
|
|switch|p2a: Scrafty|Scrafty, M|320\/320
|move|p1a: Giygas|Focus Blast|p2a: Scrafty|[miss]
|-miss|p1a: Giygas|p2a: Scrafty
|
|-weather|none
|turn|18
|c|âkillerASCII|My preferred OU spinner is Donphan
|c|âkillerASCII|wow, the hax
|c|âAggron|you don't like the best spinner in the tier
|c|âkillerASCII|Hello?
|c|âAggron|also it has 70 accuracy lol
|c|âAggron|hi
|c|âkillerASCII|I don't even like Excadrill as an OU spinner
|c|âkillerASCII|Why would I want a bulky poke with so many common weaknesses?
|
|move|p1a: Giygas|Focus Blast|p2a: Scrafty|[miss]
|-miss|p1a: Giygas|p2a: Scrafty
|move|p2a: Scrafty|Knock Off|p1a: Giygas
|-supereffective|p1a: Giygas
|-damage|p1a: Giygas|0 fnt
|-enditem|p1a: Giygas|Life Orb|[from] move: Knock Off|[of] p2a: Scrafty
|faint|p1a: Giygas
|
|c|âAggron|it shares a weakness with donphan
|c|âAggron|the other one is electric
|leave|MegamasterX49
|c|âAggron|whereas don has water
|c|âkillerASCII|What are you talking about?
|c|âkillerASCII|I'm talking about drill
|c|âAggron|oh
|c|âAggron|well im not sure how he even came up
|
|switch|p1a: Metamorphic|Gigalith, F|374\/374
|-damage|p1a: Metamorphic|328\/374|[from] Stealth Rock
|-damage|p1a: Metamorphic|235\/374|[from] Spikes
|turn|19
|c|âkillerASCII|Cause you think I'm weird in UU spinner preference
|c|âAggron|excadrill isn't uu though
|c|âkillerASCII|And I said I dislike literally the only OU spinner
|c|âAggron|oh
|
|move|p1a: Metamorphic|Superpower|p2a: Scrafty
|-supereffective|p2a: Scrafty
|-damage|p2a: Scrafty|0 fnt
|-unboost|p1a: Metamorphic|atk|1
|-unboost|p1a: Metamorphic|def|1
|faint|p2a: Scrafty
|
|
|switch|p2a: Rhyperior|Rhyperior, M|377\/432
|turn|20
|c|âkillerASCII|I just think Blastoise would rather either deal damage or have lefties than be mega and a spinner
|
|move|p1a: Metamorphic|Superpower|p2a: Rhyperior
|-supereffective|p2a: Rhyperior
|-damage|p2a: Rhyperior|179\/432
|-unboost|p1a: Metamorphic|atk|1
|-unboost|p1a: Metamorphic|def|1
|move|p2a: Rhyperior|Earthquake|p1a: Metamorphic
|-supereffective|p1a: Metamorphic
|-damage|p1a: Metamorphic|0 fnt
|faint|p1a: Metamorphic
|
|-heal|p2a: Rhyperior|206\/432|[from] item: Leftovers
|-fieldend|move: Trick Room
|
|switch|p1a: King Hippo|Hippowdon, M|98\/420
|-damage|p1a: King Hippo|72\/420|[from] Stealth Rock
|-damage|p1a: King Hippo|0 fnt|[from] Spikes
|faint|p1a: King Hippo
|c|âkillerASCII|And I misclicked obv
|c|âkillerASCII|Why would I sack Gigalith
|c|âAggron|well
|c|âkillerASCII|It's the only threat to you
|c|âAggron|you didn't have anything to go to
|
|switch|p1a: Metallo|Steelix-Mega, M|138\/354
|-damage|p1a: Metallo|127\/354|[from] Stealth Rock
|-damage|p1a: Metallo|39\/354|[from] Spikes
|turn|21
|c|âAggron|and it was last turn of tr
|c|âkillerASCII|I could have sacked hippo
|c|âkillerASCII|It died to hazards anyway
|c|âAggron|and then what
|c|âAggron|he comes back
|c|âAggron|gets outsped
|c|âAggron|and dies
|c|âAggron|at least you got damage off
|
|move|p2a: Rhyperior|Earthquake|p1a: Metallo
|-supereffective|p1a: Metallo
|-damage|p1a: Metallo|0 fnt
|faint|p1a: Metallo
|
|win|Aggron
|raw|Ladder updating...
|raw|killerASCII's rating: 1392 &rarr; <strong>1373<\/strong><br \/>(-19 for losing)
|raw|Aggron's rating: 1412 &rarr; <strong>1430<\/strong><br \/>(+18 for winning)
|c|âAggron|gg
|c|âkillerASCII|no it wasn't
|leave|Aggron
|player|p2
|leave|killerASCII
|join|Aggron
|player|p1