|join|killerASCII
|join|Uncle Wiseau
|player|p1|killerASCII|163
|player|p2|Uncle Wiseau|101
|gametype|singles
|gen|6
|tier|UU
|rated
|rule|Sleep Clause Mod: Limit one foe put to sleep
|rule|Species Clause: Limit one of each PokÃ©mon
|rule|OHKO Clause: OHKO moves are banned
|rule|Moody Clause: Moody is banned
|rule|Evasion Moves Clause: Evasion moves are banned
|rule|Endless Battle Clause: Forcing endless battles is banned
|rule|HP Percentage Mod: HP is shown in percentages
|clearpoke
|poke|p1|Steelix, M
|poke|p1|Hippowdon, M
|poke|p1|Jellicent, M
|poke|p1|Reuniclus, M
|poke|p1|Hydreigon, F
|poke|p1|Gigalith, F
|poke|p2|Medicham, M
|poke|p2|Jirachi
|poke|p2|Suicune
|poke|p2|Darmanitan, F
|poke|p2|Ditto
|poke|p2|Gligar, F
|rule|Swagger Clause: Swagger is banned
|rule|Baton Pass Clause: Limit one PokÃ©mon knowing Baton Pass
|teampreview
|c|âkillerASCII|Thank god
|join|Based Cannon
|c|âkillerASCII|I just fought a pure stall team last battle
|c| Based Cannon|Stall is 2ez.
|
|start
|switch|p1a: King Hippo|Hippowdon, M|420\/420
|switch|p2a: Suicune|Suicune|403\/403
|-ability|p2a: Suicune|Pressure
|-weather|Sandstorm
|turn|1
|c|âkillerASCII|wait
|c|âkillerASCII|You led with Crocune
|
|switch|p2a: Jirachi|Jirachi|404\/404
|switch|p1a: Indubitably|Jellicent, M|404\/404
|
|-weather|Sandstorm|[upkeep]
|-damage|p1a: Indubitably|379\/404|[from] sandstorm
|-heal|p1a: Indubitably|404\/404|[from] item: Leftovers
|turn|2
|c| Based Cannon|kek
|
|move|p2a: Jirachi|Stealth Rock|p1a: Indubitably
|-sidestart|p1: killerASCII|move: Stealth Rock
|move|p1a: Indubitably|Trick Room|p1a: Indubitably
|-fieldstart|move: Trick Room|[of] p1a: Indubitably
|
|-weather|Sandstorm|[upkeep]
|-damage|p1a: Indubitably|379\/404|[from] sandstorm
|-heal|p1a: Indubitably|404\/404|[from] item: Leftovers
|turn|3
|c|âkillerASCII|that was an odd switch
|c|âkillerASCII|I mean
|
|move|p1a: Indubitably|Will-O-Wisp|p2a: Jirachi
|-status|p2a: Jirachi|brn
|move|p2a: Jirachi|Body Slam|p1a: Indubitably
|-immune|p1a: Indubitably|[msg]
|
|-weather|Sandstorm|[upkeep]
|-damage|p1a: Indubitably|379\/404|[from] sandstorm
|-heal|p1a: Indubitably|404\/404|[from] item: Leftovers
|-damage|p2a: Jirachi|354\/404 brn|[from] brn
|turn|4
|
|move|p1a: Indubitably|Hex|p2a: Jirachi
|-supereffective|p2a: Jirachi
|-damage|p2a: Jirachi|144\/404 brn
|move|p2a: Jirachi|Body Slam|p1a: Indubitably
|-immune|p1a: Indubitably|[msg]
|
|-weather|Sandstorm|[upkeep]
|-damage|p1a: Indubitably|379\/404|[from] sandstorm
|-heal|p1a: Indubitably|404\/404|[from] item: Leftovers
|-heal|p2a: Jirachi|169\/404 brn|[from] item: Leftovers
|-damage|p2a: Jirachi|119\/404 brn|[from] brn
|turn|5
|
|switch|p2a: Suicune|Suicune|403\/403
|-ability|p2a: Suicune|Pressure
|move|p1a: Indubitably|Scald|p2a: Suicune
|-resisted|p2a: Suicune
|-damage|p2a: Suicune|373\/403
|
|-weather|Sandstorm|[upkeep]
|-damage|p1a: Indubitably|379\/404|[from] sandstorm
|-damage|p2a: Suicune|348\/403|[from] sandstorm
|-heal|p1a: Indubitably|404\/404|[from] item: Leftovers
|turn|6
|
|move|p1a: Indubitably|Will-O-Wisp|p2a: Suicune
|-status|p2a: Suicune|brn
|move|p2a: Suicune|Calm Mind|p2a: Suicune
|-boost|p2a: Suicune|spa|1
|-boost|p2a: Suicune|spd|1
|
|-weather|Sandstorm|[upkeep]
|-damage|p1a: Indubitably|379\/404|[from] sandstorm
|-damage|p2a: Suicune|323\/403 brn|[from] sandstorm
|-heal|p1a: Indubitably|404\/404|[from] item: Leftovers
|-damage|p2a: Suicune|273\/403 brn|[from] brn
|-fieldend|move: Trick Room
|turn|7
|
|move|p2a: Suicune|Calm Mind|p2a: Suicune
|-boost|p2a: Suicune|spa|1
|-boost|p2a: Suicune|spd|1
|move|p1a: Indubitably|Trick Room|p1a: Indubitably
|-fieldstart|move: Trick Room|[of] p1a: Indubitably
|
|-weather|Sandstorm|[upkeep]
|-damage|p1a: Indubitably|379\/404|[from] sandstorm
|-damage|p2a: Suicune|248\/403 brn|[from] sandstorm
|-heal|p1a: Indubitably|404\/404|[from] item: Leftovers
|-damage|p2a: Suicune|198\/403 brn|[from] brn
|turn|8
|
|switch|p1a: Metamorphic|Gigalith, F|374\/374
|-damage|p1a: Metamorphic|328\/374|[from] Stealth Rock
|move|p2a: Suicune|Rest|p2a: Suicune
|-status|p2a: Suicune|slp
|-heal|p2a: Suicune|403\/403 slp|[silent]
|-status|p2a: Suicune|slp|[from] move: Rest
|-enditem|p2a: Suicune|Chesto Berry|[eat]
|-curestatus|p2a: Suicune|slp
|
|-weather|none
|turn|9
|c|âkillerASCII|chesto rest?
|c|âkillerASCII|Safely can say I didn't expect that
|
|switch|p1a: Indubitably|Jellicent, M|404\/404
|-damage|p1a: Indubitably|354\/404|[from] Stealth Rock
|move|p2a: Suicune|Scald|p1a: Indubitably
|-heal|p1a: Indubitably|404\/404|[from] ability: Water Absorb|[of] p2a: Suicune
|
|turn|10
|leave|Based Cannon
|
|move|p1a: Indubitably|Will-O-Wisp|p2a: Suicune
|-status|p2a: Suicune|brn
|move|p2a: Suicune|Calm Mind|p2a: Suicune
|-boost|p2a: Suicune|spa|1
|-boost|p2a: Suicune|spd|1
|
|-damage|p2a: Suicune|353\/403 brn|[from] brn
|turn|11
|
|move|p1a: Indubitably|Will-O-Wisp|p2a: Suicune
|-fail|p2a: Suicune|brn
|move|p2a: Suicune|Ice Beam|p1a: Indubitably
|-resisted|p1a: Indubitably
|-damage|p1a: Indubitably|346\/404
|
|-heal|p1a: Indubitably|371\/404|[from] item: Leftovers
|-damage|p2a: Suicune|303\/403 brn|[from] brn
|-fieldend|move: Trick Room
|turn|12
|c|âkillerASCII|misclick
|
|move|p2a: Suicune|Calm Mind|p2a: Suicune
|-boost|p2a: Suicune|spa|1
|-boost|p2a: Suicune|spd|1
|move|p1a: Indubitably|Trick Room|p1a: Indubitably
|-fieldstart|move: Trick Room|[of] p1a: Indubitably
|
|-heal|p1a: Indubitably|396\/404|[from] item: Leftovers
|-damage|p2a: Suicune|253\/403 brn|[from] brn
|turn|13
|
|move|p1a: Indubitably|Hex|p2a: Suicune
|-damage|p2a: Suicune|220\/403 brn
|move|p2a: Suicune|Rest|p2a: Suicune
|-status|p2a: Suicune|slp
|-heal|p2a: Suicune|403\/403 slp|[silent]
|-status|p2a: Suicune|slp|[from] move: Rest
|
|-heal|p1a: Indubitably|404\/404|[from] item: Leftovers
|turn|14
|
|switch|p1a: Metamorphic|Gigalith, F|328\/374
|-damage|p1a: Metamorphic|282\/374|[from] Stealth Rock
|cant|p2a: Suicune|slp
|
|turn|15
|
|move|p1a: Metamorphic|Stone Edge|p2a: Suicune
|-damage|p2a: Suicune|154\/403 slp
|cant|p2a: Suicune|slp
|
|turn|16
|
|switch|p2a: Medicham|Medicham, M|261\/261
|move|p1a: Metamorphic|Stone Edge|p2a: Medicham
|-resisted|p2a: Medicham
|-damage|p2a: Medicham|69\/261
|
|-fieldend|move: Trick Room
|turn|17
|
|switch|p1a: Indubitably|Jellicent, M|404\/404
|-damage|p1a: Indubitably|354\/404|[from] Stealth Rock
|detailschange|p2a: Medicham|Medicham-Mega, M
|-mega|p2a: Medicham|Medicham|Medichamite
|move|p2a: Medicham|Zen Headbutt|p1a: Indubitably
|-damage|p1a: Indubitably|0 fnt
|faint|p1a: Indubitably
|
|c|âkillerASCII|Wait
|c|âkillerASCII|I thought that thing was BL
|c|âkillerASCII|It is BL
|c|âkillerASCII|What the heck
|c|âUncle Wiseau|apparently not on showdown yet
|c|âUncle Wiseau|don't know how you havent seen one
|c|âUncle Wiseau|figured thats why you carried reuniclus
|c|âkillerASCII|Haven't done UU in a while
|
|switch|p1a: Not a Tank|Hydreigon, F|326\/326
|-damage|p1a: Not a Tank|286\/326|[from] Stealth Rock
|turn|18
|
|switch|p2a: Ditto|Ditto|299\/299
|-transform|p2a: Ditto|p1a: Not a Tank
|move|p1a: Not a Tank|U-turn|p2a: Ditto
|-supereffective|p2a: Ditto
|-damage|p2a: Ditto|177\/299
|
|switch|p1a: King Hippo|Hippowdon, M|420\/420
|-damage|p1a: King Hippo|394\/420|[from] Stealth Rock
|-weather|Sandstorm
|
|-weather|Sandstorm|[upkeep]
|-damage|p2a: Ditto|159\/299|[from] sandstorm
|turn|19
|
|switch|p2a: Gligar|Gligar, F|334\/334
|move|p1a: King Hippo|Slack Off|p1a: King Hippo
|-heal|p1a: King Hippo|420\/420
|
|-weather|Sandstorm|[upkeep]
|turn|20
|
|switch|p2a: Jirachi|Jirachi|119\/404 brn
|move|p1a: King Hippo|Stealth Rock|p2a: Jirachi
|-sidestart|p2: Uncle Wiseau|move: Stealth Rock
|
|-weather|Sandstorm|[upkeep]
|-heal|p2a: Jirachi|144\/404 brn|[from] item: Leftovers
|-damage|p2a: Jirachi|94\/404 brn|[from] brn
|turn|21
|
|move|p2a: Jirachi|Healing Wish|p2a: Jirachi
|faint|p2a: Jirachi
|move|p1a: King Hippo|Earthquake|p2: Jirachi|[notarget]
|-notarget
|
|-weather|Sandstorm|[upkeep]
|
|switch|p2a: Suicune|Suicune|154\/403 slp
|-heal|p2a: Suicune|403\/403|[from] move: Healing Wish
|-damage|p2a: Suicune|353\/403|[from] Stealth Rock
|-ability|p2a: Suicune|Pressure
|turn|22
|
|move|p2a: Suicune|Calm Mind|p2a: Suicune
|-boost|p2a: Suicune|spa|1
|-boost|p2a: Suicune|spd|1
|move|p1a: King Hippo|Toxic|p2a: Suicune
|-status|p2a: Suicune|tox
|
|-weather|Sandstorm|[upkeep]
|-damage|p2a: Suicune|328\/403 tox|[from] sandstorm
|-damage|p2a: Suicune|303\/403 tox|[from] psn
|turn|23
|
|switch|p1a: Not a Tank|Hydreigon, F|286\/326
|-damage|p1a: Not a Tank|246\/326|[from] Stealth Rock
|move|p2a: Suicune|Scald|p1a: Not a Tank
|-resisted|p1a: Not a Tank
|-damage|p1a: Not a Tank|165\/326
|
|-weather|Sandstorm|[upkeep]
|-damage|p1a: Not a Tank|145\/326|[from] sandstorm
|-damage|p2a: Suicune|278\/403 tox|[from] sandstorm
|-damage|p2a: Suicune|228\/403 tox|[from] psn
|turn|24
|
|move|p1a: Not a Tank|U-turn|p2a: Suicune
|-crit|p2a: Suicune
|-damage|p2a: Suicune|167\/403 tox
|
|switch|p1a: Giygas|Reuniclus, M|424\/424
|move|p2a: Suicune|Rest|p2a: Suicune
|-status|p2a: Suicune|slp
|-heal|p2a: Suicune|403\/403 slp|[silent]
|-status|p2a: Suicune|slp|[from] move: Rest
|
|-weather|Sandstorm|[upkeep]
|-damage|p2a: Suicune|378\/403 slp|[from] sandstorm
|turn|25
|
|cant|p2a: Suicune|slp
|move|p1a: Giygas|Trick Room|p1a: Giygas
|-fieldstart|move: Trick Room|[of] p1a: Giygas
|
|-weather|none
|turn|26
|
|move|p1a: Giygas|Psyshock|p2a: Suicune
|-damage|p2a: Suicune|214\/403 slp
|cant|p2a: Suicune|slp
|
|turn|27
|
|switch|p2a: Gligar|Gligar, F|334\/334
|-damage|p2a: Gligar|293\/334|[from] Stealth Rock
|move|p1a: Giygas|Psyshock|p2a: Gligar
|-damage|p2a: Gligar|175\/334
|
|turn|28
|
|switch|p1a: King Hippo|Hippowdon, M|420\/420
|-damage|p1a: King Hippo|394\/420|[from] Stealth Rock
|-weather|Sandstorm
|move|p2a: Gligar|Defog|p1a: King Hippo
|-unboost|p1a: King Hippo|evasion|1
|-sideend|p1: killerASCII|Stealth Rock|[from] move: Defog|[of] p1a: King Hippo
|-sideend|p2: Uncle Wiseau|Stealth Rock|[from] move: Defog|[of] p2a: Gligar
|
|-weather|Sandstorm|[upkeep]
|turn|29
|
|move|p1a: King Hippo|Stealth Rock|p2a: Gligar
|-sidestart|p2: Uncle Wiseau|move: Stealth Rock
|move|p2a: Gligar|Baton Pass|p2a: Gligar
|
|switch|p2a: Darmanitan|Darmanitan, F|351\/351
|-damage|p2a: Darmanitan|264\/351|[from] Stealth Rock
|
|-weather|Sandstorm|[upkeep]
|-damage|p2a: Darmanitan|243\/351|[from] sandstorm
|-fieldend|move: Trick Room
|turn|30
|
|move|p2a: Darmanitan|Flare Blitz|p1a: King Hippo
|-damage|p1a: King Hippo|76\/420
|-damage|p2a: Darmanitan|138\/351|[from] recoil|[of] p1a: King Hippo
|move|p1a: King Hippo|Earthquake|p2a: Darmanitan
|-supereffective|p2a: Darmanitan
|-damage|p2a: Darmanitan|0 fnt
|faint|p2a: Darmanitan
|
|-weather|Sandstorm|[upkeep]
|
|switch|p2a: Medicham|Medicham-Mega, M|69\/261
|-damage|p2a: Medicham|53\/261|[from] Stealth Rock
|turn|31
|
|switch|p1a: Not a Tank|Hydreigon, F|145\/326
|move|p2a: Medicham|Drain Punch|p1a: Not a Tank
|-supereffective|p1a: Not a Tank
|-damage|p1a: Not a Tank|0 fnt
|-heal|p2a: Medicham|126\/261|[from] drain|[of] p1a: Not a Tank
|faint|p1a: Not a Tank
|
|-weather|Sandstorm|[upkeep]
|-damage|p2a: Medicham|110\/261|[from] sandstorm
|
|switch|p1a: Giygas|Reuniclus, M|424\/424
|turn|32
|
|move|p2a: Medicham|High Jump Kick|p1a: Giygas
|-resisted|p1a: Giygas
|-damage|p1a: Giygas|155\/424
|move|p1a: Giygas|Trick Room|p1a: Giygas
|-fieldstart|move: Trick Room|[of] p1a: Giygas
|
|-weather|Sandstorm|[upkeep]
|-damage|p2a: Medicham|94\/261|[from] sandstorm
|turn|33
|
|switch|p2a: Suicune|Suicune|214\/403 slp
|-damage|p2a: Suicune|164\/403 slp|[from] Stealth Rock
|-ability|p2a: Suicune|Pressure
|move|p1a: Giygas|Shadow Ball|p2a: Suicune
|-damage|p2a: Suicune|63\/403 slp
|
|-weather|Sandstorm|[upkeep]
|-damage|p2a: Suicune|38\/403 slp|[from] sandstorm
|turn|34
|
|move|p1a: Giygas|Shadow Ball|p2a: Suicune
|-damage|p2a: Suicune|0 fnt
|faint|p2a: Suicune
|
|-weather|Sandstorm|[upkeep]
|
|switch|p2a: Gligar|Gligar, F|175\/334
|-damage|p2a: Gligar|134\/334|[from] Stealth Rock
|turn|35
|
|move|p1a: Giygas|Psyshock|p2a: Gligar
|-damage|p2a: Gligar|5\/334
|move|p2a: Gligar|Baton Pass|p2a: Gligar
|
|switch|p2a: Medicham|Medicham-Mega, M|94\/261
|-damage|p2a: Medicham|78\/261|[from] Stealth Rock
|
|-weather|none
|turn|36
|
|switch|p1a: King Hippo|Hippowdon, M|76\/420
|-weather|Sandstorm
|move|p2a: Medicham|Fake Out|p1a: King Hippo
|-damage|p1a: King Hippo|18\/420
|
|-weather|Sandstorm|[upkeep]
|-damage|p2a: Medicham|62\/261|[from] sandstorm
|-fieldend|move: Trick Room
|turn|37
|
|move|p2a: Medicham|Drain Punch|p1a: King Hippo
|-damage|p1a: King Hippo|0 fnt
|-heal|p2a: Medicham|71\/261|[from] drain|[of] p1a: King Hippo
|faint|p1a: King Hippo
|
|-weather|Sandstorm|[upkeep]
|-damage|p2a: Medicham|55\/261|[from] sandstorm
|
|switch|p1a: Metallo|Steelix, M|354\/354
|turn|38
|
|switch|p2a: Gligar|Gligar, F|5\/334
|-damage|p2a: Gligar|0 fnt|[from] Stealth Rock
|faint|p2a: Gligar
|detailschange|p1a: Metallo|Steelix-Mega, M
|-mega|p1a: Metallo|Steelix|Steelixite
|move|p1a: Metallo|Gyro Ball|p2: Gligar|[notarget]
|-notarget
|
|-weather|Sandstorm|[upkeep]
|
|switch|p2a: Ditto|Ditto|159\/299
|-damage|p2a: Ditto|122\/299|[from] Stealth Rock
|-transform|p2a: Ditto|p1a: Metallo
|turn|39
|
|move|p2a: Ditto|Earthquake|p1a: Metallo
|-supereffective|p1a: Metallo
|-damage|p1a: Metallo|132\/354
|move|p1a: Metallo|Earthquake|p2a: Ditto
|-supereffective|p2a: Ditto
|-damage|p2a: Ditto|0 fnt
|faint|p2a: Ditto
|
|-weather|Sandstorm|[upkeep]
|
|switch|p2a: Medicham|Medicham-Mega, M|55\/261
|-damage|p2a: Medicham|39\/261|[from] Stealth Rock
|turn|40
|
|switch|p1a: Giygas|Reuniclus, M|155\/424
|move|p2a: Medicham|Drain Punch|p1a: Giygas
|-resisted|p1a: Giygas
|-damage|p1a: Giygas|0 fnt
|-heal|p2a: Medicham|117\/261|[from] drain|[of] p1a: Giygas
|faint|p1a: Giygas
|
|-weather|Sandstorm|[upkeep]
|-damage|p2a: Medicham|101\/261|[from] sandstorm
|c|âkillerASCII|I honestly would have played differently if I knew that thing was suddenly legal
|
|switch|p1a: Metamorphic|Gigalith, F|282\/374
|turn|41
|
|move|p2a: Medicham|Drain Punch|p1a: Metamorphic
|-supereffective|p1a: Metamorphic
|-damage|p1a: Metamorphic|0 fnt
|-heal|p2a: Medicham|242\/261|[from] drain|[of] p1a: Metamorphic
|faint|p1a: Metamorphic
|
|-weather|Sandstorm|[upkeep]
|-damage|p2a: Medicham|226\/261|[from] sandstorm
|
|switch|p1a: Metallo|Steelix-Mega, M|132\/354
|turn|42
|
|move|p2a: Medicham|Drain Punch|p1a: Metallo
|-supereffective|p1a: Metallo
|-damage|p1a: Metallo|0 fnt
|-heal|p2a: Medicham|261\/261|[from] drain|[of] p1a: Metallo
|faint|p1a: Metallo
|
|win|Uncle Wiseau
|raw|Ladder updating...
|raw|killerASCII's rating: 1417 &rarr; <strong>1402<\/strong><br \/>(-15 for losing)
|raw|Uncle Wiseau's rating: 1497 &rarr; <strong>1512<\/strong><br \/>(+15 for winning)
|c|âkillerASCII|Why'd they lower that thing anyway?
|c|âUncle Wiseau|no idea
|c|âUncle Wiseau|it does have some counters
|c|âkillerASCII|Especially with Metagross moving up, way too good for UU
|c|âkillerASCII|Really? UU counters?
|c|âUncle Wiseau|yeah it probably will move up
|c|âkillerASCII|And screw Crocune
|c|âUncle Wiseau|but bulky psychics wall it
|c|âUncle Wiseau|and doublade is a pain
|c|âkillerASCII|What bulky psychics are in UU?
|c|âkillerASCII|And Doublade is not UU either
|c|âkillerASCII|Besides, Doublade's not hard to counter
|c|âUncle Wiseau|i know but they are getting usage because of medi
|c|âkillerASCII|That's a bad thing
|c|âkillerASCII|Doublade is not viable in UU otherwise
|c|âkillerASCII|Too many things wall it to hell
|c|âUncle Wiseau|i think it will get banned but its just the metagame evolving if it doesnt
|c|âkillerASCII|That's not a healthy evolution though
|c|âkillerASCII|So screw you for using it
|c|âUncle Wiseau|and obviously ditto walls it completely
|c|âkillerASCII|Well
|leave|killerASCII
|player|p1