|join|DragonFish9
|join|killerASCII
|player|p1|DragonFish9|124
|player|p2|killerASCII|163
|gametype|singles
|gen|6
|tier|UU
|rated
|rule|Sleep Clause Mod: Limit one foe put to sleep
|rule|Species Clause: Limit one of each PokÃ©mon
|rule|OHKO Clause: OHKO moves are banned
|rule|Moody Clause: Moody is banned
|rule|Evasion Moves Clause: Evasion moves are banned
|rule|Endless Battle Clause: Forcing endless battles is banned
|rule|HP Percentage Mod: HP is shown in percentages
|clearpoke
|poke|p1|Beedrill, M
|poke|p1|Hydreigon, F
|poke|p1|Suicune
|poke|p1|Rotom-Heat
|poke|p1|Roserade, M
|poke|p1|Hitmonlee, M
|poke|p2|Steelix, F
|poke|p2|Hippowdon, F
|poke|p2|Jellicent, F
|poke|p2|Reuniclus, F
|poke|p2|Hydreigon, F
|poke|p2|Gigalith, M
|rule|Swagger Clause: Swagger is banned
|rule|Baton Pass Clause: Limit one PokÃ©mon knowing Baton Pass
|teampreview
|
|start
|switch|p1a: Roserade|Roserade, M|324\/324
|switch|p2a: Hippowdon|Hippowdon, F|420\/420
|-weather|Sandstorm
|turn|1
|
|switch|p2a: Reuniclus|Reuniclus, F|424\/424
|move|p1a: Roserade|Toxic Spikes|p2a: Reuniclus
|-sidestart|p2: killerASCII|move: Toxic Spikes
|
|-weather|Sandstorm|[upkeep]
|-damage|p1a: Roserade|304\/324|[from] sandstorm
|-heal|p1a: Roserade|324\/324|[from] item: Black Sludge
|turn|2
|
|switch|p1a: Suicune|Suicune|404\/404
|-ability|p1a: Suicune|Pressure
|move|p2a: Reuniclus|Trick Room|p2a: Reuniclus
|-fieldstart|move: Trick Room|[of] p2a: Reuniclus
|
|-weather|Sandstorm|[upkeep]
|-damage|p1a: Suicune|379\/404|[from] sandstorm
|-heal|p1a: Suicune|404\/404|[from] item: Leftovers
|turn|3
|
|switch|p2a: Hippowdon|Hippowdon, F|420\/420
|-status|p2a: Hippowdon|psn
|move|p1a: Suicune|Calm Mind|p1a: Suicune
|-boost|p1a: Suicune|spa|1
|-boost|p1a: Suicune|spd|1
|
|-weather|Sandstorm|[upkeep]
|-damage|p1a: Suicune|379\/404|[from] sandstorm
|-heal|p1a: Suicune|404\/404|[from] item: Leftovers
|-damage|p2a: Hippowdon|368\/420 psn|[from] psn
|turn|4
|
|move|p2a: Hippowdon|Stealth Rock|p1a: Suicune
|-sidestart|p1: DragonFish9|move: Stealth Rock
|move|p1a: Suicune|Scald|p2a: Hippowdon
|-supereffective|p2a: Hippowdon
|-damage|p2a: Hippowdon|26\/420 psn
|
|-weather|Sandstorm|[upkeep]
|-damage|p1a: Suicune|379\/404|[from] sandstorm
|-heal|p1a: Suicune|404\/404|[from] item: Leftovers
|-damage|p2a: Hippowdon|0 fnt|[from] psn
|faint|p2a: Hippowdon
|
|switch|p2a: Gigalith|Gigalith, M|374\/374
|-status|p2a: Gigalith|psn
|turn|5
|
|move|p2a: Gigalith|Stone Edge|p1a: Suicune
|-damage|p1a: Suicune|161\/404
|move|p1a: Suicune|Scald|p2a: Gigalith
|-supereffective|p2a: Gigalith
|-damage|p2a: Gigalith|146\/374 psn
|
|-weather|Sandstorm|[upkeep]
|-damage|p1a: Suicune|136\/404|[from] sandstorm
|-heal|p1a: Suicune|161\/404|[from] item: Leftovers
|-damage|p2a: Gigalith|100\/374 psn|[from] psn
|turn|6
|
|switch|p1a: Hitmonlee|Hitmonlee, M|241\/241
|-damage|p1a: Hitmonlee|226\/241|[from] Stealth Rock
|move|p2a: Gigalith|Stone Edge|p1a: Hitmonlee|[miss]
|-miss|p2a: Gigalith|p1a: Hitmonlee
|
|-weather|Sandstorm|[upkeep]
|-damage|p1a: Hitmonlee|211\/241|[from] sandstorm
|-damage|p2a: Gigalith|54\/374 psn|[from] psn
|-fieldend|move: Trick Room
|turn|7
|
|switch|p2a: Jellicent|Jellicent, F|404\/404
|-status|p2a: Jellicent|psn
|move|p1a: Hitmonlee|Knock Off|p2a: Jellicent
|-supereffective|p2a: Jellicent
|-damage|p2a: Jellicent|0 fnt
|-enditem|p2a: Jellicent|Leftovers|[from] move: Knock Off|[of] p1a: Hitmonlee
|-damage|p1a: Hitmonlee|187\/241|[from] item: Life Orb
|faint|p2a: Jellicent
|
|-weather|Sandstorm|[upkeep]
|-damage|p1a: Hitmonlee|172\/241|[from] sandstorm
|
|switch|p2a: Hydreigon|Hydreigon, F|326\/326
|turn|8
|
|switch|p1a: Roserade|Roserade, M|324\/324
|-damage|p1a: Roserade|284\/324|[from] Stealth Rock
|move|p2a: Hydreigon|Draco Meteor|p1a: Roserade
|-damage|p1a: Roserade|137\/324
|-unboost|p2a: Hydreigon|spa|2
|
|-weather|none
|-heal|p1a: Roserade|157\/324|[from] item: Black Sludge
|turn|9
|
|switch|p2a: Steelix|Steelix, F|354\/354
|move|p1a: Roserade|Synthesis|p1a: Roserade
|-heal|p1a: Roserade|319\/324
|
|-heal|p1a: Roserade|324\/324|[from] item: Black Sludge
|turn|10
|
|switch|p1a: Rotom-Heat|Rotom-Heat|304\/304
|-damage|p1a: Rotom-Heat|228\/304|[from] Stealth Rock
|detailschange|p2a: Steelix|Steelix-Mega, F
|-mega|p2a: Steelix|Steelix|Steelixite
|move|p2a: Steelix|Gyro Ball|p1a: Rotom-Heat
|-resisted|p1a: Rotom-Heat
|-damage|p1a: Rotom-Heat|200\/304
|
|-heal|p1a: Rotom-Heat|219\/304|[from] item: Leftovers
|turn|11
|
|move|p1a: Rotom-Heat|Will-O-Wisp|p2a: Steelix
|-status|p2a: Steelix|brn
|move|p2a: Steelix|Stone Edge|p1a: Rotom-Heat|[miss]
|-miss|p2a: Steelix|p1a: Rotom-Heat
|
|-heal|p1a: Rotom-Heat|238\/304|[from] item: Leftovers
|-damage|p2a: Steelix|310\/354 brn|[from] brn
|turn|12
|
|move|p1a: Rotom-Heat|Volt Switch|p2a: Steelix
|-immune|p2a: Steelix|[msg]
|move|p2a: Steelix|Stone Edge|p1a: Rotom-Heat|[miss]
|-miss|p2a: Steelix|p1a: Rotom-Heat
|
|-heal|p1a: Rotom-Heat|257\/304|[from] item: Leftovers
|-damage|p2a: Steelix|266\/354 brn|[from] brn
|turn|13
|c|âkillerASCII|the hax in this battle though
|
|move|p1a: Rotom-Heat|Overheat|p2a: Steelix
|-supereffective|p2a: Steelix
|-damage|p2a: Steelix|0 fnt
|-unboost|p1a: Rotom-Heat|spa|2
|faint|p2a: Steelix
|
|-heal|p1a: Rotom-Heat|276\/304|[from] item: Leftovers
|c|âDragonFish9|: <
|
|switch|p2a: Reuniclus|Reuniclus, F|424\/424
|-status|p2a: Reuniclus|psn
|turn|14
|
|move|p1a: Rotom-Heat|Volt Switch|p2a: Reuniclus
|-damage|p2a: Reuniclus|375\/424 psn
|
|switch|p1a: Suicune|Suicune|161\/404
|-damage|p1a: Suicune|111\/404|[from] Stealth Rock
|-ability|p1a: Suicune|Pressure
|move|p2a: Reuniclus|Trick Room|p2a: Reuniclus
|-fieldstart|move: Trick Room|[of] p2a: Reuniclus
|
|-heal|p1a: Suicune|136\/404|[from] item: Leftovers
|turn|15
|
|move|p2a: Reuniclus|Focus Blast|p1a: Suicune
|-damage|p1a: Suicune|0 fnt
|faint|p1a: Suicune
|
|
|switch|p1a: Beedrill|Beedrill, M|271\/271
|-damage|p1a: Beedrill|204\/271|[from] Stealth Rock
|turn|16
|
|detailschange|p1a: Beedrill|Beedrill-Mega, M
|-mega|p1a: Beedrill|Beedrill|Beedrillite
|move|p1a: Beedrill|Protect|p1a: Beedrill
|-singleturn|p1a: Beedrill|Protect
|move|p2a: Reuniclus|Psyshock|p1a: Beedrill
|-activate|p1a: Beedrill|Protect
|
|turn|17
|
|switch|p1a: Hydreigon|Hydreigon, F|325\/325
|-damage|p1a: Hydreigon|285\/325|[from] Stealth Rock
|move|p2a: Reuniclus|Psyshock|p1a: Hydreigon
|-immune|p1a: Hydreigon|[msg]
|
|turn|18
|
|switch|p2a: Hydreigon|Hydreigon, F|326\/326
|switch|p1a: Roserade|Roserade, M|324\/324
|-damage|p1a: Roserade|284\/324|[from] Stealth Rock
|
|-heal|p1a: Roserade|304\/324|[from] item: Black Sludge
|-fieldend|move: Trick Room
|turn|19
|
|move|p2a: Hydreigon|Fire Blast|p1a: Roserade
|-supereffective|p1a: Roserade
|-damage|p1a: Roserade|122\/324
|move|p1a: Roserade|Giga Drain|p2a: Hydreigon
|-crit|p2a: Hydreigon
|-resisted|p2a: Hydreigon
|-damage|p2a: Hydreigon|237\/326
|-heal|p1a: Roserade|167\/324|[from] drain|[of] p2a: Hydreigon
|
|-heal|p1a: Roserade|187\/324|[from] item: Black Sludge
|turn|20
|c|âkillerASCII|and of course you get the crit
|c|âkillerASCII|Now you live another fire blast
|c|âkillerASCII|which means I take more damage
|
|switch|p1a: Hydreigon|Hydreigon, F|285\/325
|-damage|p1a: Hydreigon|245\/325|[from] Stealth Rock
|move|p2a: Hydreigon|Fire Blast|p1a: Hydreigon
|-resisted|p1a: Hydreigon
|-damage|p1a: Hydreigon|175\/325
|
|turn|21
|
|switch|p2a: Gigalith|Gigalith, M|54\/374 psn
|move|p1a: Hydreigon|Dark Pulse|p2a: Gigalith
|-damage|p2a: Gigalith|0 fnt
|faint|p2a: Gigalith
|
|
|switch|p2a: Hydreigon|Hydreigon, F|237\/326
|turn|22
|
|switch|p1a: Roserade|Roserade, M|187\/324
|-damage|p1a: Roserade|147\/324|[from] Stealth Rock
|move|p2a: Hydreigon|U-turn|p1a: Roserade
|-damage|p1a: Roserade|76\/324
|
|switch|p2a: Reuniclus|Reuniclus, F|375\/424 psn
|
|-heal|p1a: Roserade|96\/324|[from] item: Black Sludge
|turn|23
|
|move|p1a: Roserade|Synthesis|p1a: Roserade
|-heal|p1a: Roserade|258\/324
|move|p2a: Reuniclus|Trick Room|p2a: Reuniclus
|-fieldstart|move: Trick Room|[of] p2a: Reuniclus
|
|-heal|p1a: Roserade|278\/324|[from] item: Black Sludge
|turn|24
|
|move|p2a: Reuniclus|Psyshock|p1a: Roserade
|-supereffective|p1a: Roserade
|-damage|p1a: Roserade|0 fnt
|faint|p1a: Roserade
|
|
|switch|p1a: Rotom-Heat|Rotom-Heat|276\/304
|-damage|p1a: Rotom-Heat|200\/304|[from] Stealth Rock
|turn|25
|
|move|p2a: Reuniclus|Psyshock|p1a: Rotom-Heat
|-crit|p1a: Rotom-Heat
|-damage|p1a: Rotom-Heat|0 fnt
|faint|p1a: Rotom-Heat
|
|
|switch|p1a: Beedrill|Beedrill-Mega, M|204\/271
|-damage|p1a: Beedrill|137\/271|[from] Stealth Rock
|turn|26
|
|move|p1a: Beedrill|Protect|p1a: Beedrill
|-singleturn|p1a: Beedrill|Protect
|move|p2a: Reuniclus|Psyshock|p1a: Beedrill
|-activate|p1a: Beedrill|Protect
|
|turn|27
|
|switch|p1a: Hydreigon|Hydreigon, F|175\/325
|-damage|p1a: Hydreigon|135\/325|[from] Stealth Rock
|move|p2a: Reuniclus|Focus Blast|p1a: Hydreigon
|-supereffective|p1a: Hydreigon
|-damage|p1a: Hydreigon|0 fnt
|faint|p1a: Hydreigon
|
|-fieldend|move: Trick Room
|
|switch|p1a: Beedrill|Beedrill-Mega, M|137\/271
|-damage|p1a: Beedrill|70\/271|[from] Stealth Rock
|turn|28
|
|move|p1a: Beedrill|U-turn|p2a: Reuniclus
|-supereffective|p2a: Reuniclus
|-damage|p2a: Reuniclus|0 fnt
|faint|p2a: Reuniclus
|
|switch|p1a: Hitmonlee|Hitmonlee, M|172\/241
|-damage|p1a: Hitmonlee|157\/241|[from] Stealth Rock
|
|
|switch|p2a: Hydreigon|Hydreigon, F|237\/326
|turn|29
|
|move|p1a: Hitmonlee|Mach Punch|p2a: Hydreigon
|-supereffective|p2a: Hydreigon
|-damage|p2a: Hydreigon|32\/326
|-damage|p1a: Hitmonlee|133\/241|[from] item: Life Orb
|move|p2a: Hydreigon|Draco Meteor|p1a: Hitmonlee
|-damage|p1a: Hitmonlee|0 fnt
|-unboost|p2a: Hydreigon|spa|2
|faint|p1a: Hitmonlee
|
|
|switch|p1a: Beedrill|Beedrill-Mega, M|70\/271
|-damage|p1a: Beedrill|3\/271|[from] Stealth Rock
|turn|30
|
|move|p2a: Hydreigon|Draco Meteor|p1a: Beedrill
|-damage|p1a: Beedrill|0 fnt
|-unboost|p2a: Hydreigon|spa|2
|faint|p1a: Beedrill
|
|win|killerASCII
|raw|Ladder updating...
|raw|DragonFish9's rating: 1106 &rarr; <strong>1088<\/strong><br \/>(-18 for losing)
|raw|killerASCII's rating: 1208 &rarr; <strong>1226<\/strong><br \/>(+18 for winning)
|leave|DragonFish9
|player|p1