|join|killerASCII
|join|Chayne
|player|p1|killerASCII|163
|player|p2|Chayne|266
|gametype|singles
|gen|6
|tier|UU
|rated
|rule|Sleep Clause Mod: Limit one foe put to sleep
|rule|Species Clause: Limit one of each PokÃ©mon
|rule|OHKO Clause: OHKO moves are banned
|rule|Moody Clause: Moody is banned
|rule|Evasion Moves Clause: Evasion moves are banned
|rule|Endless Battle Clause: Forcing endless battles is banned
|rule|HP Percentage Mod: HP is shown in percentages
|clearpoke
|poke|p1|Steelix, F
|poke|p1|Hippowdon, M
|poke|p1|Jellicent, F
|poke|p1|Reuniclus, F
|poke|p1|Hydreigon, F
|poke|p1|Gigalith, M
|poke|p2|Swampert, F, shiny
|poke|p2|Donphan, F
|poke|p2|Infernape, F
|poke|p2|Raikou, shiny
|poke|p2|Sharpedo, M
|poke|p2|Florges, F, shiny
|rule|Swagger Clause: Swagger is banned
|rule|Baton Pass Clause: Limit one PokÃ©mon knowing Baton Pass
|teampreview
|
|start
|switch|p1a: Hippowdon|Hippowdon, M|420\/420
|switch|p2a: Swampert|Swampert, F, shiny|404\/404
|-weather|Sandstorm
|turn|1
|
|move|p2a: Swampert|Aqua Tail|p1a: Hippowdon
|-supereffective|p1a: Hippowdon
|-damage|p1a: Hippowdon|144\/420
|move|p1a: Hippowdon|Toxic|p2a: Swampert
|-status|p2a: Swampert|tox
|
|-weather|Sandstorm|[upkeep]
|-damage|p2a: Swampert|379\/404 tox|[from] psn
|turn|2
|join|SceptileAllTheWay
|
|switch|p1a: Jellicent|Jellicent, F|404\/404
|move|p2a: Swampert|Aqua Tail|p1a: Jellicent
|-immune|p1a: Jellicent|[msg]
|
|-weather|Sandstorm|[upkeep]
|-damage|p1a: Jellicent|379\/404|[from] Sandstorm
|-heal|p1a: Jellicent|404\/404|[from] item: Leftovers
|-damage|p2a: Swampert|329\/404 tox|[from] psn
|turn|3
|leave|SceptileAllTheWay
|
|switch|p2a: Florges|Florges, F, shiny|360\/360
|move|p1a: Jellicent|Trick Room|p1a: Jellicent
|-fieldstart|move: Trick Room|[of] p1a: Jellicent
|
|-weather|Sandstorm|[upkeep]
|-damage|p1a: Jellicent|379\/404|[from] Sandstorm
|-damage|p2a: Florges|338\/360|[from] Sandstorm
|-heal|p1a: Jellicent|404\/404|[from] item: Leftovers
|-heal|p2a: Florges|360\/360|[from] item: Leftovers
|turn|4
|
|switch|p1a: Steelix|Steelix, F|354\/354
|move|p2a: Florges|Aromatherapy|p2a: Florges
|-cureteam|p2a: Florges|[from] move: Aromatherapy
|
|-weather|Sandstorm|[upkeep]
|-damage|p2a: Florges|338\/360|[from] Sandstorm
|-heal|p2a: Florges|360\/360|[from] item: Leftovers
|turn|5
|
|switch|p2a: Donphan|Donphan, F|384\/384
|detailschange|p1a: Steelix|Steelix-Mega, F
|-mega|p1a: Steelix|Steelix|Steelixite
|move|p1a: Steelix|Gyro Ball|p2a: Donphan
|-damage|p2a: Donphan|297\/384
|
|-weather|Sandstorm|[upkeep]
|-heal|p2a: Donphan|321\/384|[from] item: Leftovers
|turn|6
|
|switch|p1a: Hydreigon|Hydreigon, F|326\/326
|move|p2a: Donphan|Stealth Rock|p1a: Hydreigon
|-sidestart|p1: killerASCII|move: Stealth Rock
|
|-weather|Sandstorm|[upkeep]
|-damage|p1a: Hydreigon|306\/326|[from] Sandstorm
|-heal|p2a: Donphan|345\/384|[from] item: Leftovers
|turn|7
|
|move|p2a: Donphan|Knock Off|p1a: Hydreigon
|-resisted|p1a: Hydreigon
|-damage|p1a: Hydreigon|256\/326
|-enditem|p1a: Hydreigon|Choice Scarf|[from] move: Knock Off|[of] p2a: Donphan
|move|p1a: Hydreigon|Draco Meteor|p2a: Donphan
|-damage|p2a: Donphan|0 fnt
|-unboost|p1a: Hydreigon|spa|2
|faint|p2a: Donphan
|
|-weather|Sandstorm|[upkeep]
|-damage|p1a: Hydreigon|236\/326|[from] Sandstorm
|-fieldend|move: Trick Room
|
|switch|p2a: Sharpedo|Sharpedo, M|281\/281
|turn|8
|
|switch|p1a: Jellicent|Jellicent, F|404\/404
|-damage|p1a: Jellicent|354\/404|[from] Stealth Rock
|detailschange|p2a: Sharpedo|Sharpedo-Mega, M
|-mega|p2a: Sharpedo|Sharpedo|Sharpedonite
|move|p2a: Sharpedo|Ice Fang|p1a: Jellicent
|-resisted|p1a: Jellicent
|-damage|p1a: Jellicent|259\/404
|
|-weather|none
|-heal|p1a: Jellicent|284\/404|[from] item: Leftovers
|turn|9
|
|move|p2a: Sharpedo|Crunch|p1a: Jellicent
|-supereffective|p1a: Jellicent
|-damage|p1a: Jellicent|0 fnt
|faint|p1a: Jellicent
|
|
|switch|p1a: Steelix|Steelix-Mega, F|354\/354
|-damage|p1a: Steelix|343\/354|[from] Stealth Rock
|turn|10
|
|switch|p2a: Infernape|Infernape, F|293\/293
|move|p1a: Steelix|Earthquake|p2a: Infernape
|-supereffective|p2a: Infernape
|-enditem|p2a: Infernape|Focus Sash
|-damage|p2a: Infernape|1\/293
|
|turn|11
|
|switch|p1a: Hippowdon|Hippowdon, M|144\/420
|-damage|p1a: Hippowdon|118\/420|[from] Stealth Rock
|-weather|Sandstorm
|move|p2a: Infernape|Endeavor|p1a: Hippowdon
|-damage|p1a: Hippowdon|1\/420
|
|-weather|Sandstorm|[upkeep]
|-damage|p2a: Infernape|0 fnt|[from] Sandstorm
|faint|p2a: Infernape
|
|switch|p2a: Sharpedo|Sharpedo-Mega, M|281\/281
|turn|12
|
|move|p2a: Sharpedo|Crunch|p1a: Hippowdon
|-damage|p1a: Hippowdon|0 fnt
|faint|p1a: Hippowdon
|
|-weather|Sandstorm|[upkeep]
|-damage|p2a: Sharpedo|264\/281|[from] Sandstorm
|
|switch|p1a: Steelix|Steelix-Mega, F|343\/354
|-damage|p1a: Steelix|332\/354|[from] Stealth Rock
|turn|13
|
|move|p2a: Sharpedo|Aqua Jet|p1a: Steelix
|-supereffective|p1a: Steelix
|-damage|p1a: Steelix|252\/354
|move|p1a: Steelix|Earthquake|p2a: Sharpedo
|-crit|p2a: Sharpedo
|-damage|p2a: Sharpedo|0 fnt
|faint|p2a: Sharpedo
|
|-weather|Sandstorm|[upkeep]
|
|switch|p2a: Swampert|Swampert, F, shiny|329\/404
|turn|14
|
|switch|p1a: Hydreigon|Hydreigon, F|236\/326
|-damage|p1a: Hydreigon|196\/326|[from] Stealth Rock
|move|p2a: Swampert|Earthquake|p1a: Hydreigon
|-immune|p1a: Hydreigon|[msg]
|
|-weather|Sandstorm|[upkeep]
|-damage|p1a: Hydreigon|176\/326|[from] Sandstorm
|turn|15
|
|switch|p2a: Florges|Florges, F, shiny|360\/360
|move|p1a: Hydreigon|U-turn|p2a: Florges
|-resisted|p2a: Florges
|-damage|p2a: Florges|326\/360
|
|switch|p1a: Reuniclus|Reuniclus, F|424\/424
|
|-weather|Sandstorm|[upkeep]
|-damage|p2a: Florges|304\/360|[from] Sandstorm
|-heal|p2a: Florges|326\/360|[from] item: Leftovers
|turn|16
|leave|Chayne
|
|move|p2a: Florges|Moonblast|p1a: Reuniclus
|-damage|p1a: Reuniclus|277\/424
|move|p1a: Reuniclus|Trick Room|p1a: Reuniclus
|-fieldstart|move: Trick Room|[of] p1a: Reuniclus
|
|-weather|Sandstorm|[upkeep]
|-damage|p2a: Florges|304\/360|[from] Sandstorm
|-heal|p2a: Florges|326\/360|[from] item: Leftovers
|turn|17
|player|p2
|-message|chayne lost due to inactivity.
|
|win|killerASCII
|raw|Ladder updating...
|raw|killerASCII's rating: 1352 &rarr; <strong>1370<\/strong><br \/>(+18 for winning)
|raw|Chayne's rating: 1313 &rarr; <strong>1295<\/strong><br \/>(-18 for losing)