|join|NorecuerdomiNick.
|join|Sunshine 92
|player|p1|NorecuerdomiNick.|209
|player|p2|Sunshine 92|264
|gametype|singles
|gen|6
|tier|OU
|rated
|clearpoke
|poke|p1|Breloom, M
|poke|p1|Azumarill, M
|poke|p1|Mandibuzz, F
|poke|p1|Heatran, M
|poke|p1|Gengar, M
|poke|p1|Manectric, F
|poke|p2|Conkeldurr, M
|poke|p2|Donphan, M
|poke|p2|Rotom-Wash
|poke|p2|Togekiss, F
|poke|p2|Ferrothorn, M
|poke|p2|Charizard, F
|rule|Swagger Clause: Swagger is banned
|rule|Baton Pass Clause: Limit three PokÃ©mon knowing Baton Pass
|rule|Sleep Clause Mod: Limit one foe put to sleep
|rule|Species Clause: Limit one of each PokÃ©mon
|rule|OHKO Clause: OHKO moves are banned
|rule|Moody Clause: Moody is banned
|rule|Evasion Moves Clause: Evasion moves are banned
|rule|Endless Battle Clause: Forcing endless battles is banned
|rule|HP Percentage Mod: HP is reported as percentages
|teampreview
|
|start
|switch|p1a: Manectric|Manectric, F|282\/282
|switch|p2a: Rotom-Wash|Rotom-Wash|304\/304
|turn|1
|
|switch|p2a: Donphan|Donphan, M|384\/384
|detailschange|p1a: Manectric|Manectric-Mega, F
|message|Manectric has Mega Evolved into Mega Manectric!
|-ability|p1a: Manectric|Intimidate|[of] p2a: Donphan
|-unboost|p2a: Donphan|atk|1
|move|p1a: Manectric|Thunderbolt|p2a: Donphan
|-immune|p2a: Donphan|[msg]
|
|turn|2
|
|switch|p1a: Breloom|Breloom, M|275\/275
|move|p2a: Donphan|Earthquake|p1a: Breloom
|-resisted|p1a: Breloom
|-damage|p1a: Breloom|224\/275
|
|-status|p1a: Breloom|tox|[from] item: Toxic Orb
|turn|3
|
|switch|p2a: Ferrothorn|Ferrothorn, M|352\/352
|move|p1a: Breloom|Spore|p2a: Ferrothorn
|-fail|p2a: Ferrothorn
|
|-heal|p1a: Breloom|258\/275 tox|[from] ability: Poison Heal
|turn|4
|
|move|p1a: Breloom|Substitute|p1a: Breloom
|-start|p1a: Breloom|Substitute
|-damage|p1a: Breloom|190\/275 tox
|move|p2a: Ferrothorn|Stealth Rock|p1a: Breloom
|-sidestart|p1: NorecuerdomiNick.|move: Stealth Rock
|
|-heal|p1a: Breloom|224\/275 tox|[from] ability: Poison Heal
|turn|5
|
|-singleturn|p1a: Breloom|move: Focus Punch
|move|p2a: Ferrothorn|Power Whip|p1a: Breloom
|-crit|p1a: Breloom
|-resisted|p1a: Breloom
|-end|p1a: Breloom|Substitute
|move|p1a: Breloom|Focus Punch|p2a: Ferrothorn
|-supereffective|p2a: Ferrothorn
|-damage|p2a: Ferrothorn|0 fnt
|-damage|p1a: Breloom|190\/275 tox|[from] ability: Iron Barbs|[of] p2a: Ferrothorn
|-damage|p1a: Breloom|145\/275 tox|[from] item: Rocky Helmet|[of] p2a: Ferrothorn
|faint|p2a: Ferrothorn
|
|-heal|p1a: Breloom|179\/275 tox|[from] ability: Poison Heal
|
|switch|p2a: Togekiss|Togekiss, F|374\/374
|turn|6
|
|move|p1a: Breloom|Spore|p2a: Togekiss
|-status|p2a: Togekiss|slp
|cant|p2a: Togekiss|slp
|
|-heal|p1a: Breloom|213\/275 tox|[from] ability: Poison Heal
|turn|7
|
|move|p1a: Breloom|Substitute|p1a: Breloom
|-start|p1a: Breloom|Substitute
|-damage|p1a: Breloom|145\/275 tox
|cant|p2a: Togekiss|slp
|
|-heal|p1a: Breloom|179\/275 tox|[from] ability: Poison Heal
|turn|8
|
|move|p1a: Breloom|Seed Bomb|p2a: Togekiss
|-resisted|p2a: Togekiss
|-damage|p2a: Togekiss|291\/374 slp
|-curestatus|p2a: Togekiss|slp
|move|p2a: Togekiss|Air Slash|p1a: Breloom
|-supereffective|p1a: Breloom
|-end|p1a: Breloom|Substitute
|
|-heal|p2a: Togekiss|314\/374|[from] item: Leftovers
|-heal|p1a: Breloom|213\/275 tox|[from] ability: Poison Heal
|turn|9
|
|move|p1a: Breloom|Spore|p2a: Togekiss
|-status|p2a: Togekiss|slp
|cant|p2a: Togekiss|slp
|
|-heal|p2a: Togekiss|337\/374 slp|[from] item: Leftovers
|-heal|p1a: Breloom|247\/275 tox|[from] ability: Poison Heal
|turn|10
|
|move|p1a: Breloom|Substitute|p1a: Breloom
|-start|p1a: Breloom|Substitute
|-damage|p1a: Breloom|179\/275 tox
|cant|p2a: Togekiss|slp
|
|-heal|p2a: Togekiss|360\/374 slp|[from] item: Leftovers
|-heal|p1a: Breloom|213\/275 tox|[from] ability: Poison Heal
|turn|11
|
|move|p1a: Breloom|Seed Bomb|p2a: Togekiss
|-resisted|p2a: Togekiss
|-damage|p2a: Togekiss|275\/374 slp
|-curestatus|p2a: Togekiss|slp
|move|p2a: Togekiss|Air Slash|p1a: Breloom
|-supereffective|p1a: Breloom
|-end|p1a: Breloom|Substitute
|
|-heal|p2a: Togekiss|298\/374|[from] item: Leftovers
|-heal|p1a: Breloom|247\/275 tox|[from] ability: Poison Heal
|turn|12
|
|move|p1a: Breloom|Spore|p2a: Togekiss
|-status|p2a: Togekiss|slp
|cant|p2a: Togekiss|slp
|
|-heal|p2a: Togekiss|321\/374 slp|[from] item: Leftovers
|-heal|p1a: Breloom|275\/275 tox|[from] ability: Poison Heal
|turn|13
|
|switch|p1a: Manectric|Manectric-Mega, F|282\/282
|-damage|p1a: Manectric|247\/282|[from] Stealth Rock
|-ability|p1a: Manectric|Intimidate|[of] p2a: Togekiss
|-unboost|p2a: Togekiss|atk|1
|cant|p2a: Togekiss|slp
|
|-heal|p2a: Togekiss|344\/374 slp|[from] item: Leftovers
|turn|14
|
|switch|p2a: Donphan|Donphan, M|384\/384
|move|p1a: Manectric|Hidden Power|p2a: Donphan
|-supereffective|p2a: Donphan
|-damage|p2a: Donphan|160\/384
|-enditem|p2a: Donphan|Sitrus Berry|[eat]
|-heal|p2a: Donphan|256\/384|[from] item: Sitrus Berry
|
|turn|15
|
|switch|p1a: Mandibuzz|Mandibuzz, F|424\/424
|-damage|p1a: Mandibuzz|318\/424|[from] Stealth Rock
|move|p2a: Donphan|Earthquake|p1a: Mandibuzz
|-immune|p1a: Mandibuzz|[msg]
|
|turn|16
|
|switch|p2a: Togekiss|Togekiss, F|344\/374 slp
|move|p1a: Mandibuzz|Defog|p2a: Togekiss
|-unboost|p2a: Togekiss|evasion|1
|-sideend|p1: NorecuerdomiNick.|Stealth Rock|[from] move: Defog|[of] p1a: Mandibuzz
|
|-heal|p2a: Togekiss|367\/374 slp|[from] item: Leftovers
|turn|17
|
|switch|p2a: Donphan|Donphan, M|256\/384
|switch|p1a: Gengar|Gengar, M|262\/262
|
|turn|18
|
|switch|p2a: Rotom-Wash|Rotom-Wash|304\/304
|move|p1a: Gengar|Substitute|p1a: Gengar
|-start|p1a: Gengar|Substitute
|-damage|p1a: Gengar|197\/262
|
|-heal|p1a: Gengar|213\/262|[from] item: Black Sludge
|turn|19
|
|move|p2a: Rotom-Wash|Trick|p1a: Gengar
|move|p1a: Gengar|Sludge Wave|p2a: Rotom-Wash
|-damage|p2a: Rotom-Wash|138\/304
|
|-heal|p1a: Gengar|229\/262|[from] item: Black Sludge
|turn|20
|
|switch|p2a: Togekiss|Togekiss, F|367\/374 slp
|move|p1a: Gengar|Sludge Wave|p2a: Togekiss
|-supereffective|p2a: Togekiss
|-damage|p2a: Togekiss|107\/374 slp
|
|-heal|p1a: Gengar|245\/262|[from] item: Black Sludge
|-heal|p2a: Togekiss|130\/374 slp|[from] item: Leftovers
|turn|21
|
|move|p1a: Gengar|Sludge Wave|p2a: Togekiss
|-supereffective|p2a: Togekiss
|-damage|p2a: Togekiss|0 fnt
|faint|p2a: Togekiss
|
|-heal|p1a: Gengar|261\/262|[from] item: Black Sludge
|
|switch|p2a: Donphan|Donphan, M|256\/384
|turn|22
|
|move|p2a: Donphan|Ice Shard|p1a: Gengar
|-activate|p1a: Gengar|Substitute|[damage]
|move|p1a: Gengar|Shadow Ball|p2a: Donphan
|-damage|p2a: Donphan|25\/384
|
|-heal|p1a: Gengar|262\/262|[from] item: Black Sludge
|turn|23
|
|move|p2a: Donphan|Ice Shard|p1a: Gengar
|-end|p1a: Gengar|Substitute
|move|p1a: Gengar|Substitute|p1a: Gengar
|-start|p1a: Gengar|Substitute
|-damage|p1a: Gengar|197\/262
|
|-heal|p1a: Gengar|213\/262|[from] item: Black Sludge
|turn|24
|
|move|p2a: Donphan|Ice Shard|p1a: Gengar
|-activate|p1a: Gengar|Substitute|[damage]
|move|p1a: Gengar|Shadow Ball|p2a: Donphan
|-damage|p2a: Donphan|0 fnt
|faint|p2a: Donphan
|
|-heal|p1a: Gengar|229\/262|[from] item: Black Sludge
|
|switch|p2a: Charizard|Charizard, F|298\/298
|turn|25
|
|detailschange|p2a: Charizard|Charizard-Mega-X, F
|message|Charizard has Mega Evolved into Mega Charizard!
|move|p1a: Gengar|Sludge Wave|p2a: Charizard
|-damage|p2a: Charizard|109\/298
|move|p2a: Charizard|Dragon Dance|p2a: Charizard
|-boost|p2a: Charizard|atk|1
|-boost|p2a: Charizard|spe|1
|
|-heal|p1a: Gengar|245\/262|[from] item: Black Sludge
|turn|26
|
|move|p2a: Charizard|Fire Punch|p1a: Gengar
|-end|p1a: Gengar|Substitute
|move|p1a: Gengar|Sludge Wave|p2a: Charizard
|-damage|p2a: Charizard|0 fnt
|faint|p2a: Charizard
|
|-heal|p1a: Gengar|261\/262|[from] item: Black Sludge
|
|switch|p2a: Conkeldurr|Conkeldurr, M|395\/395
|turn|27
|
|switch|p1a: Breloom|Breloom, M|275\/275 tox
|move|p2a: Conkeldurr|Knock Off|p1a: Breloom
|-resisted|p1a: Breloom
|-damage|p1a: Breloom|189\/275 tox
|-enditem|p1a: Breloom|Toxic Orb|[from] move: Knock Off|[of] p2a: Conkeldurr
|
|-heal|p1a: Breloom|223\/275 tox|[from] ability: Poison Heal
|turn|28
|
|move|p1a: Breloom|Spore|p2a: Conkeldurr
|-status|p2a: Conkeldurr|slp
|cant|p2a: Conkeldurr|slp
|
|-heal|p1a: Breloom|257\/275 tox|[from] ability: Poison Heal
|turn|29
|
|move|p1a: Breloom|Substitute|p1a: Breloom
|-start|p1a: Breloom|Substitute
|-damage|p1a: Breloom|189\/275 tox
|-curestatus|p2a: Conkeldurr|slp
|move|p2a: Conkeldurr|Ice Punch|p1a: Breloom
|-supereffective|p1a: Breloom
|-end|p1a: Breloom|Substitute
|
|-heal|p1a: Breloom|223\/275 tox|[from] ability: Poison Heal
|turn|30
|leave|Sunshine 92
|player|p2
|-message|sunshine92 lost due to inactivity.
|
|win|NorecuerdomiNick.
|raw|Ladder updating...
|raw|NorecuerdomiNick.'s rating: 1533 &rarr; <strong>1554<\/strong><br \/>(+21 for winning)
|raw|Sunshine 92's rating: 1555 &rarr; <strong>1534<\/strong><br \/>(-21 for losing)