|join|Sunshine 92
|join|Wobbuffet for uber
|player|p1|Sunshine 92|101
|player|p2|Wobbuffet for uber|267
|gametype|singles
|gen|6
|tier|OU
|rated
|clearpoke
|poke|p1|Greninja, F
|poke|p1|Tyranitar, F
|poke|p1|Breloom, M
|poke|p1|Landorus, M, shiny
|poke|p1|Scizor, M
|poke|p1|Heatran, M, shiny
|poke|p2|Wobbuffet, F
|poke|p2|Pinsir, M
|poke|p2|Azumarill, F
|poke|p2|Thundurus-Therian, M
|poke|p2|Espeon, F
|poke|p2|Whimsicott, M
|rule|Swagger Clause: Swagger is banned
|rule|Baton Pass Clause: Limit one PokÃ©mon knowing Baton Pass
|rule|Sleep Clause Mod: Limit one foe put to sleep
|rule|Species Clause: Limit one of each PokÃ©mon
|rule|OHKO Clause: OHKO moves are banned
|rule|Moody Clause: Moody is banned
|rule|Evasion Moves Clause: Evasion moves are banned
|rule|Endless Battle Clause: Forcing endless battles is banned
|rule|HP Percentage Mod: HP is shown in percentages
|teampreview
|
|start
|switch|p1a: Heatran|Heatran, M, shiny|386\/386
|switch|p2a: WTF is that shit?|Wobbuffet, F|584\/584
|turn|1
|
|switch|p2a: FUCK ENTRY HAZARD|Espeon, F|271\/271
|move|p1a: Heatran|Stealth Rock|p2a: FUCK ENTRY HAZARD
|move|p2a: FUCK ENTRY HAZARD|Stealth Rock|p1a: Heatran|[from]Magic Bounce
|-sidestart|p1: Sunshine 92|move: Stealth Rock
|
|turn|2
|
|move|p2a: FUCK ENTRY HAZARD|Trick|p1a: Heatran
|-activate|p2a: FUCK ENTRY HAZARD|move: Trick|[of] p1a: Heatran
|-item|p1a: Heatran|Choice Scarf|[from] move: Trick
|-item|p2a: FUCK ENTRY HAZARD|Leftovers|[from] move: Trick
|move|p1a: Heatran|Lava Plume|p2a: FUCK ENTRY HAZARD
|-damage|p2a: FUCK ENTRY HAZARD|148\/271
|-status|p2a: FUCK ENTRY HAZARD|brn
|
|-heal|p2a: FUCK ENTRY HAZARD|164\/271 brn|[from] item: Leftovers
|-damage|p2a: FUCK ENTRY HAZARD|131\/271 brn|[from] brn
|turn|3
|
|move|p2a: FUCK ENTRY HAZARD|Psychic|p1a: Heatran
|-resisted|p1a: Heatran
|-damage|p1a: Heatran|323\/386
|move|p1a: Heatran|Lava Plume|p2a: FUCK ENTRY HAZARD
|-damage|p2a: FUCK ENTRY HAZARD|14\/271 brn
|
|-heal|p2a: FUCK ENTRY HAZARD|30\/271 brn|[from] item: Leftovers
|-damage|p2a: FUCK ENTRY HAZARD|0 fnt|[from] brn
|faint|p2a: FUCK ENTRY HAZARD
|
|switch|p2a: Lapinou|Azumarill, F|404\/404
|turn|4
|
|switch|p1a: Breloom|Breloom, M|263\/263
|-damage|p1a: Breloom|247\/263|[from] Stealth Rock
|move|p2a: Lapinou|Belly Drum|p2a: Lapinou
|-damage|p2a: Lapinou|202\/404
|-setboost|p2a: Lapinou|atk|6|[from] move: Belly Drum
|-enditem|p2a: Lapinou|Sitrus Berry|[eat]
|-heal|p2a: Lapinou|303\/404|[from] item: Sitrus Berry
|
|-status|p1a: Breloom|tox|[from] item: Toxic Orb
|turn|5
|
|move|p2a: Lapinou|Aqua Jet|p1a: Breloom
|-resisted|p1a: Breloom
|-damage|p1a: Breloom|29\/263 tox
|move|p1a: Breloom|Spore|p2a: Lapinou
|-status|p2a: Lapinou|slp
|
|-heal|p1a: Breloom|61\/263 tox|[from] ability: Poison Heal
|turn|6
|
|cant|p2a: Lapinou|slp
|move|p1a: Breloom|Seed Bomb|p2a: Lapinou
|-supereffective|p2a: Lapinou
|-damage|p2a: Lapinou|0 fnt
|faint|p2a: Lapinou
|
|-heal|p1a: Breloom|93\/263 tox|[from] ability: Poison Heal
|
|switch|p2a: SkySnake|Thundurus-Therian, M|300\/300
|turn|7
|
|switch|p1a: Tyranitar|Tyranitar, F|342\/342
|-damage|p1a: Tyranitar|300\/342|[from] Stealth Rock
|-weather|Sandstorm
|move|p2a: SkySnake|Hidden Power|p1a: Tyranitar
|-damage|p1a: Tyranitar|248\/342
|
|-weather|Sandstorm|[upkeep]
|-damage|p2a: SkySnake|282\/300|[from] sandstorm
|-heal|p2a: SkySnake|300\/300|[from] item: Leftovers
|turn|8
|
|move|p1a: Tyranitar|Pursuit|p2a: SkySnake
|-damage|p2a: SkySnake|197\/300
|move|p2a: SkySnake|Nasty Plot|p2a: SkySnake
|-boost|p2a: SkySnake|spa|2
|
|-weather|Sandstorm|[upkeep]
|-damage|p2a: SkySnake|179\/300|[from] sandstorm
|-heal|p2a: SkySnake|197\/300|[from] item: Leftovers
|turn|9
|c|âWobbuffet for uber|gg
|
|move|p1a: Tyranitar|Pursuit|p2a: SkySnake
|-damage|p2a: SkySnake|98\/300
|move|p2a: SkySnake|Focus Blast|p1a: Tyranitar|[miss]
|-miss|p2a: SkySnake|p1a: Tyranitar
|
|-weather|Sandstorm|[upkeep]
|-damage|p2a: SkySnake|80\/300|[from] sandstorm
|-heal|p2a: SkySnake|98\/300|[from] item: Leftovers
|turn|10
|
|move|p1a: Tyranitar|Pursuit|p2a: SkySnake
|-damage|p2a: SkySnake|7\/300
|move|p2a: SkySnake|Focus Blast|p1a: Tyranitar
|-supereffective|p1a: Tyranitar
|-damage|p1a: Tyranitar|0 fnt
|faint|p1a: Tyranitar
|
|-weather|Sandstorm|[upkeep]
|-damage|p2a: SkySnake|0 fnt|[from] sandstorm
|faint|p2a: SkySnake
|
|switch|p1a: Greninja|Greninja, F|286\/286
|-damage|p1a: Greninja|251\/286|[from] Stealth Rock
|switch|p2a: WTF is that shit?|Wobbuffet, F|584\/584
|turn|11
|
|move|p1a: Greninja|Hydro Pump|p2a: WTF is that shit?
|-start|p1a: Greninja|typechange|Water|[from] Protean
|-damage|p2a: WTF is that shit?|299\/584
|-damage|p1a: Greninja|223\/286|[from] item: Life Orb
|move|p2a: WTF is that shit?|Counter|p1a: Greninja
|-fail|p1a: Greninja
|
|-weather|none
|-heal|p2a: WTF is that shit?|335\/584|[from] item: Leftovers
|turn|12
|c|âWobbuffet for uber|fail
|c|âSunshine 92|XD
|
|move|p1a: Greninja|Hydro Pump|p2a: WTF is that shit?
|-damage|p2a: WTF is that shit?|57\/584
|-damage|p1a: Greninja|195\/286|[from] item: Life Orb
|move|p2a: WTF is that shit?|Mirror Coat|p1a: Greninja
|-damage|p1a: Greninja|0 fnt
|faint|p1a: Greninja
|
|-heal|p2a: WTF is that shit?|93\/584|[from] item: Leftovers
|
|switch|p1a: Heatran|Heatran, M, shiny|323\/386
|-damage|p1a: Heatran|275\/386|[from] Stealth Rock
|turn|13
|
|move|p1a: Heatran|Stealth Rock|p2a: WTF is that shit?
|-sidestart|p2: Wobbuffet for uber|move: Stealth Rock
|move|p2a: WTF is that shit?|Encore|p1a: Heatran
|-start|p1a: Heatran|Encore
|
|-heal|p2a: WTF is that shit?|129\/584|[from] item: Leftovers
|turn|14
|
|switch|p2a: PIMPsir|Pinsir, M|272\/272
|-damage|p2a: PIMPsir|204\/272|[from] Stealth Rock
|move|p1a: Heatran|Stealth Rock|p2a: PIMPsir
|-fail|p2a: PIMPsir
|
|turn|15
|
|switch|p1a: Scizor|Scizor, M|336\/336
|-damage|p1a: Scizor|294\/336|[from] Stealth Rock
|detailschange|p2a: PIMPsir|Pinsir-Mega, M
|message|Pinsir has Mega Evolved into Mega Pinsir!
|move|p2a: PIMPsir|Swords Dance|p2a: PIMPsir
|-boost|p2a: PIMPsir|atk|2
|
|turn|16
|
|detailschange|p1a: Scizor|Scizor-Mega, M
|message|Scizor has Mega Evolved into Mega Scizor!
|move|p1a: Scizor|Bullet Punch|p2a: PIMPsir
|-damage|p2a: PIMPsir|117\/272
|move|p2a: PIMPsir|Frustration|p1a: Scizor
|-damage|p1a: Scizor|0 fnt
|faint|p1a: Scizor
|
|
|switch|p1a: Heatran|Heatran, M, shiny|275\/386
|-damage|p1a: Heatran|227\/386|[from] Stealth Rock
|turn|17
|
|move|p2a: PIMPsir|Earthquake|p1a: Heatran
|-supereffective|p1a: Heatran
|-damage|p1a: Heatran|0 fnt
|faint|p1a: Heatran
|
|
|switch|p1a: Breloom|Breloom, M|93\/263 tox
|-damage|p1a: Breloom|77\/263 tox|[from] Stealth Rock
|turn|18
|c|âWobbuffet for uber|gg
|-message|Sunshine 92 forfeited.
|
|win|Wobbuffet for uber
|raw|Ladder updating...
|leave|Sunshine 92
|player|p1
|raw|Sunshine 92's rating: 1423 &rarr; <strong>1402<\/strong><br \/>(-21 for losing)
|raw|Wobbuffet for uber's rating: 1411 &rarr; <strong>1435<\/strong><br \/>(+24 for winning)