|join|Sunshine 92
|join|higyy
|player|p1|Sunshine 92|102
|player|p2|higyy|265
|gametype|singles
|gen|6
|tier|OU
|rated
|clearpoke
|poke|p1|Scizor, M, shiny
|poke|p1|Florges, F, shiny
|poke|p1|Tyranitar, M, shiny
|poke|p1|Porygon2, shiny
|poke|p1|Charizard, M, shiny
|poke|p1|Forretress, M, shiny
|poke|p2|Alakazam, M
|poke|p2|Umbreon, F
|poke|p2|Manaphy
|poke|p2|Kyurem-Black
|poke|p2|Talonflame, F
|poke|p2|Klefki, M
|rule|Sleep Clause Mod: Limit one foe put to sleep
|rule|Species Clause: Limit one of each Pokemon
|rule|OHKO Clause: OHKO moves are banned
|rule|Moody Clause: Moody is banned
|rule|Evasion Moves Clause: Evasion moves are banned
|rule|Endless Battle Clause: Forcing endless battles is banned.
|rule|HP Percentage Mod: HP is reported as percentages
|teampreview
|
|start
|switch|p1a: Forretress|Forretress, M, shiny|354\/354
|switch|p2a: Talonflame|Talonflame, F|298\/298
|turn|1
|
|move|p2a: Talonflame|U-turn|p1a: Forretress
|-resisted|p1a: Forretress
|-damage|p1a: Forretress|327\/354
|-damage|p2a: Talonflame|249\/298|[from] item: Rocky Helmet|[of] p1a: Forretress
|
|switch|p2a: Manaphy|Manaphy|341\/341
|move|p1a: Forretress|Stealth Rock|p2a: Manaphy
|-sidestart|p2: higyy|move: Stealth Rock
|
|turn|2
|
|switch|p1a: Florges|Florges, F, shiny|359\/359
|move|p2a: Manaphy|Tail Glow|p2a: Manaphy
|-boost|p2a: Manaphy|spa|3
|
|turn|3
|
|move|p2a: Manaphy|Scald|p1a: Florges
|-crit|p1a: Florges
|-damage|p1a: Florges|116\/359
|move|p1a: Florges|Toxic|p2a: Manaphy
|-status|p2a: Manaphy|tox
|
|-heal|p1a: Florges|138\/359|[from] item: Leftovers
|-damage|p2a: Manaphy|320\/341 tox|[from] psn
|turn|4
|
|move|p2a: Manaphy|Scald|p1a: Florges
|-damage|p1a: Florges|0 fnt
|faint|p1a: Florges
|
|-heal|p2a: Manaphy|341\/341 tox|[from] item: Leftovers
|-damage|p2a: Manaphy|299\/341 tox|[from] psn
|
|switch|p1a: Charizard|Charizard, M, shiny|298\/298
|turn|5
|
|detailschange|p1a: Charizard|Charizard-Mega-Y, M, shiny
|message|Charizard has Mega Evolved into Mega Charizard!
|-weather|SunnyDay
|move|p2a: Manaphy|Scald|p1a: Charizard
|-supereffective|p1a: Charizard
|-damage|p1a: Charizard|50\/298
|move|p1a: Charizard|Solar Beam|p2a: Manaphy|[still]
|-prepare|p1a: Charizard|Solar Beam|p2a: Manaphy
|-anim|p1a: Charizard|Solar Beam|p2a: Manaphy
|-supereffective|p2a: Manaphy
|-damage|p2a: Manaphy|0 fnt
|faint|p2a: Manaphy
|
|-weather|SunnyDay|[upkeep]
|
|switch|p2a: Alakazam|Alakazam, M|252\/252
|-damage|p2a: Alakazam|221\/252|[from] Stealth Rock
|turn|6
|
|switch|p1a: Tyranitar|Tyranitar, M, shiny|342\/342
|-weather|Sandstorm
|move|p2a: Alakazam|Psyshock|p1a: Tyranitar
|-immune|p1a: Tyranitar|[msg]
|
|-weather|Sandstorm|[upkeep]
|-damage|p2a: Alakazam|206\/252|[from] sandstorm
|turn|7
|
|detailschange|p2a: Alakazam|Alakazam-Mega, M
|message|Alakazam has Mega Evolved into Mega Alakazam!
|-ability|p2a: Alakazam|Sand Stream|[from] ability: Trace|[of] p1a: Tyranitar
|move|p2a: Alakazam|Focus Blast|p1a: Tyranitar|[miss]
|-miss|p2a: Alakazam|p1a: Tyranitar
|move|p1a: Tyranitar|Pursuit|p2a: Alakazam
|-supereffective|p2a: Alakazam
|-damage|p2a: Alakazam|0 fnt
|faint|p2a: Alakazam
|
|-weather|Sandstorm|[upkeep]
|
|switch|p2a: Umbreon|Umbreon, F|394\/394
|-damage|p2a: Umbreon|345\/394|[from] Stealth Rock
|turn|8
|
|switch|p1a: Scizor|Scizor, M, shiny|344\/344
|move|p2a: Umbreon|Curse|p2a: Umbreon
|-boost|p2a: Umbreon|atk|1
|-boost|p2a: Umbreon|def|1
|-unboost|p2a: Umbreon|spe|1
|
|-weather|Sandstorm|[upkeep]
|-damage|p2a: Umbreon|321\/394|[from] sandstorm
|-heal|p2a: Umbreon|345\/394|[from] item: Leftovers
|turn|9
|
|move|p1a: Scizor|U-turn|p2a: Umbreon
|-supereffective|p2a: Umbreon
|-damage|p2a: Umbreon|127\/394
|
|switch|p1a: Tyranitar|Tyranitar, M, shiny|342\/342
|move|p2a: Umbreon|Curse|p2a: Umbreon
|-boost|p2a: Umbreon|atk|1
|-boost|p2a: Umbreon|def|1
|-unboost|p2a: Umbreon|spe|1
|
|-weather|Sandstorm|[upkeep]
|-damage|p2a: Umbreon|103\/394|[from] sandstorm
|-heal|p2a: Umbreon|127\/394|[from] item: Leftovers
|turn|10
|
|move|p1a: Tyranitar|Superpower|p2a: Umbreon
|-supereffective|p2a: Umbreon
|-damage|p2a: Umbreon|11\/394
|-unboost|p1a: Tyranitar|atk|1
|-unboost|p1a: Tyranitar|def|1
|move|p2a: Umbreon|Moonlight|p2a: Umbreon
|-heal|p2a: Umbreon|109\/394
|
|-weather|none
|-heal|p2a: Umbreon|133\/394|[from] item: Leftovers
|turn|11
|
|switch|p1a: Charizard|Charizard-Mega-Y, M, shiny|50\/298
|-weather|SunnyDay
|move|p2a: Umbreon|Moonlight|p2a: Umbreon
|-heal|p2a: Umbreon|394\/394
|
|-weather|SunnyDay|[upkeep]
|turn|12
|
|move|p1a: Charizard|Flamethrower|p2a: Umbreon
|-damage|p2a: Umbreon|183\/394
|move|p2a: Umbreon|Payback|p1a: Charizard
|-damage|p1a: Charizard|0 fnt
|faint|p1a: Charizard
|
|-weather|SunnyDay|[upkeep]
|-heal|p2a: Umbreon|207\/394|[from] item: Leftovers
|
|switch|p1a: Scizor|Scizor, M, shiny|344\/344
|turn|13
|
|move|p1a: Scizor|Bullet Punch|p2a: Umbreon
|-crit|p2a: Umbreon
|-damage|p2a: Umbreon|0 fnt
|faint|p2a: Umbreon
|
|-weather|SunnyDay|[upkeep]
|
|switch|p2a: Klefki|Klefki, M|318\/318
|-damage|p2a: Klefki|299\/318|[from] Stealth Rock
|turn|14
|
|switch|p1a: Porygon2|Porygon2, shiny|374\/374
|move|p2a: Klefki|Reflect|p2a: Klefki
|-sidestart|p2: higyy|Reflect
|
|-weather|SunnyDay|[upkeep]
|-heal|p2a: Klefki|318\/318|[from] item: Leftovers
|turn|15
|
|move|p2a: Klefki|Toxic|p1a: Porygon2
|-status|p1a: Porygon2|tox
|move|p1a: Porygon2|Tri Attack|p2a: Klefki
|-resisted|p2a: Klefki
|-damage|p2a: Klefki|250\/318
|
|-weather|none
|-heal|p2a: Klefki|269\/318|[from] item: Leftovers
|-damage|p1a: Porygon2|351\/374 tox|[from] psn
|turn|16
|
|switch|p1a: Tyranitar|Tyranitar, M, shiny|342\/342
|-weather|Sandstorm
|move|p2a: Klefki|Light Screen|p2a: Klefki
|-sidestart|p2: higyy|move: Light Screen
|
|-weather|Sandstorm|[upkeep]
|-heal|p2a: Klefki|288\/318|[from] item: Leftovers
|turn|17
|
|move|p2a: Klefki|Thunder Wave|p1a: Tyranitar
|-status|p1a: Tyranitar|par
|move|p1a: Tyranitar|Superpower|p2a: Klefki
|-damage|p2a: Klefki|236\/318
|-unboost|p1a: Tyranitar|atk|1
|-unboost|p1a: Tyranitar|def|1
|
|-weather|Sandstorm|[upkeep]
|-heal|p2a: Klefki|255\/318|[from] item: Leftovers
|turn|18
|
|switch|p2a: Kyurem-Black|Kyurem-Black|454\/454
|-damage|p2a: Kyurem-Black|341\/454|[from] Stealth Rock
|-ability|p2a: Kyurem-Black|Teravolt
|switch|p1a: Forretress|Forretress, M, shiny|327\/354
|
|-weather|Sandstorm|[upkeep]
|-damage|p2a: Kyurem-Black|313\/454|[from] sandstorm
|-sideend|p2: higyy|Reflect
|turn|19
|
|move|p2a: Kyurem-Black|Fusion Bolt|p1a: Forretress
|-damage|p1a: Forretress|201\/354
|move|p1a: Forretress|Gyro Ball|p2a: Kyurem-Black
|-supereffective|p2a: Kyurem-Black
|-damage|p2a: Kyurem-Black|181\/454
|
|-weather|Sandstorm|[upkeep]
|-damage|p2a: Kyurem-Black|153\/454|[from] sandstorm
|turn|20
|-message|higyy forfeited.
|
|win|Sunshine 92
|raw|Ladder updating...
|raw|Sunshine 92's rating: 1045 &rarr; <strong>1074<\/strong><br \/>(+29 for winning)
|raw|higyy's rating: 1000 &rarr; <strong>1000<\/strong><br \/>(+0 for losing)
|leave|higyy
|player|p2