|join|dcfvgbhnjmk
|join|Sunshine 92
|player|p1|dcfvgbhnjmk|165
|player|p2|Sunshine 92|102
|gametype|singles
|gen|6
|tier|OU
|rated
|clearpoke
|poke|p1|Blissey, F
|poke|p1|Conkeldurr, F
|poke|p1|Togekiss, M
|poke|p1|Scizor, F
|poke|p1|Pinsir, M
|poke|p1|Ferrothorn, F
|poke|p2|Scizor, M, shiny
|poke|p2|Florges, F, shiny
|poke|p2|Tyranitar, M, shiny
|poke|p2|Porygon2, shiny
|poke|p2|Charizard, M, shiny
|poke|p2|Forretress, M, shiny
|rule|Sleep Clause Mod: Limit one foe put to sleep
|rule|Species Clause: Limit one of each Pokemon
|rule|OHKO Clause: OHKO moves are banned
|rule|Moody Clause: Moody is banned
|rule|Evasion Moves Clause: Evasion moves are banned
|rule|Endless Battle Clause: Forcing endless battles is banned.
|rule|HP Percentage Mod: HP is reported as percentages
|teampreview
|
|start
|switch|p1a: Conkeldurr|Conkeldurr, F|414\/414
|switch|p2a: Forretress|Forretress, M, shiny|354\/354
|turn|1
|
|move|p1a: Conkeldurr|Knock Off|p2a: Forretress
|-damage|p2a: Forretress|283\/354
|-damage|p1a: Conkeldurr|345\/414|[from] item: Rocky Helmet|[of] p2a: Forretress
|-enditem|p2a: Forretress|Rocky Helmet|[from] move: Knock Off|[of] p1a: Conkeldurr
|move|p2a: Forretress|Stealth Rock|p1a: Conkeldurr
|-sidestart|p1: dcfvgbhnjmk|move: Stealth Rock
|
|turn|2
|
|move|p1a: Conkeldurr|Drain Punch|p2a: Forretress
|-damage|p2a: Forretress|175\/354
|-heal|p1a: Conkeldurr|399\/414|[from] drain|[of] p2a: Forretress
|move|p2a: Forretress|Spikes|p1a: Conkeldurr
|-sidestart|p1: dcfvgbhnjmk|Spikes
|
|turn|3
|
|switch|p2a: Charizard|Charizard, M, shiny|298\/298
|move|p1a: Conkeldurr|Drain Punch|p2a: Charizard
|-resisted|p2a: Charizard
|-damage|p2a: Charizard|175\/298
|-heal|p1a: Conkeldurr|414\/414|[from] drain|[of] p2a: Charizard
|
|turn|4
|
|detailschange|p2a: Charizard|Charizard-Mega-Y, M, shiny
|message|Charizard has Mega Evolved into Mega Charizard!
|-weather|SunnyDay
|move|p2a: Charizard|Air Slash|p1a: Conkeldurr
|-supereffective|p1a: Conkeldurr
|-damage|p1a: Conkeldurr|94\/414
|move|p1a: Conkeldurr|Drain Punch|p2a: Charizard
|-resisted|p2a: Charizard
|-damage|p2a: Charizard|52\/298
|-heal|p1a: Conkeldurr|156\/414|[from] drain|[of] p2a: Charizard
|
|-weather|SunnyDay|[upkeep]
|turn|5
|
|move|p1a: Conkeldurr|Mach Punch|p2a: Charizard
|-resisted|p2a: Charizard
|-damage|p2a: Charizard|0 fnt
|faint|p2a: Charizard
|
|-weather|SunnyDay|[upkeep]
|
|switch|p2a: Scizor|Scizor, M, shiny|344\/344
|turn|6
|
|move|p2a: Scizor|Bullet Punch|p1a: Conkeldurr
|-damage|p1a: Conkeldurr|0 fnt
|faint|p1a: Conkeldurr
|
|-weather|SunnyDay|[upkeep]
|
|switch|p1a: Ferrothorn|Ferrothorn, F|352\/352
|-damage|p1a: Ferrothorn|308\/352|[from] Spikes
|-damage|p1a: Ferrothorn|286\/352|[from] Stealth Rock
|turn|7
|
|switch|p2a: Forretress|Forretress, M, shiny|175\/354
|move|p1a: Ferrothorn|Thunder Wave|p2a: Forretress
|-status|p2a: Forretress|par
|
|-weather|SunnyDay|[upkeep]
|-heal|p1a: Ferrothorn|308\/352|[from] item: Leftovers
|turn|8
|
|move|p1a: Ferrothorn|Leech Seed|p2a: Forretress
|-start|p2a: Forretress|move: Leech Seed
|move|p2a: Forretress|Spikes|p1a: Ferrothorn
|-sidestart|p1: dcfvgbhnjmk|Spikes
|
|-weather|none
|-heal|p1a: Ferrothorn|330\/352|[from] item: Leftovers
|-damage|p2a: Forretress|131\/354 par|[from] Leech Seed|[of] p1a: Ferrothorn
|-heal|p1a: Ferrothorn|352\/352|[silent]
|turn|9
|
|move|p1a: Ferrothorn|Power Whip|p2a: Forretress
|-resisted|p2a: Forretress
|-damage|p2a: Forretress|111\/354 par
|cant|p2a: Forretress|par
|
|-damage|p2a: Forretress|67\/354 par|[from] Leech Seed|[of] p1a: Ferrothorn
|turn|10
|
|move|p1a: Ferrothorn|Power Whip|p2a: Forretress
|-crit|p2a: Forretress
|-resisted|p2a: Forretress
|-damage|p2a: Forretress|38\/354 par
|move|p2a: Forretress|Spikes|p1a: Ferrothorn
|-sidestart|p1: dcfvgbhnjmk|Spikes
|
|-damage|p2a: Forretress|0 fnt|[from] Leech Seed|[of] p1a: Ferrothorn
|faint|p2a: Forretress
|
|switch|p2a: Scizor|Scizor, M, shiny|344\/344
|turn|11
|
|move|p2a: Scizor|Superpower|p1a: Ferrothorn
|-supereffective|p1a: Ferrothorn
|-damage|p1a: Ferrothorn|8\/352
|-damage|p2a: Scizor|301\/344|[from] ability: Iron Barbs|[of] p1a: Ferrothorn
|-unboost|p2a: Scizor|atk|1
|-unboost|p2a: Scizor|def|1
|move|p1a: Ferrothorn|Thunder Wave|p2a: Scizor
|-status|p2a: Scizor|par
|
|-heal|p1a: Ferrothorn|30\/352|[from] item: Leftovers
|turn|12
|
|cant|p2a: Scizor|par
|move|p1a: Ferrothorn|Leech Seed|p2a: Scizor
|-start|p2a: Scizor|move: Leech Seed
|
|-heal|p1a: Ferrothorn|52\/352|[from] item: Leftovers
|-damage|p2a: Scizor|258\/344 par|[from] Leech Seed|[of] p1a: Ferrothorn
|-heal|p1a: Ferrothorn|95\/352|[silent]
|turn|13
|
|move|p2a: Scizor|Superpower|p1a: Ferrothorn
|-supereffective|p1a: Ferrothorn
|-damage|p1a: Ferrothorn|0 fnt
|-damage|p2a: Scizor|215\/344 par|[from] ability: Iron Barbs|[of] p1a: Ferrothorn
|-unboost|p2a: Scizor|atk|1
|-unboost|p2a: Scizor|def|1
|faint|p1a: Ferrothorn
|
|
|switch|p1a: Togekiss|Togekiss, M|374\/374
|-damage|p1a: Togekiss|281\/374|[from] Stealth Rock
|turn|14
|
|switch|p2a: Porygon2|Porygon2, shiny|374\/374
|move|p1a: Togekiss|Air Slash|p2a: Porygon2|[miss]
|-miss|p1a: Togekiss|p2a: Porygon2
|
|-heal|p1a: Togekiss|304\/374|[from] item: Leftovers
|turn|15
|
|move|p1a: Togekiss|Thunder Wave|p2a: Porygon2
|-status|p2a: Porygon2|par
|move|p2a: Porygon2|Tri Attack|p1a: Togekiss
|-damage|p1a: Togekiss|223\/374
|
|-heal|p1a: Togekiss|246\/374|[from] item: Leftovers
|turn|16
|
|move|p1a: Togekiss|Air Slash|p2a: Porygon2
|-damage|p2a: Porygon2|313\/374 par
|cant|p2a: Porygon2|flinch
|
|-heal|p1a: Togekiss|269\/374|[from] item: Leftovers
|turn|17
|
|move|p1a: Togekiss|Air Slash|p2a: Porygon2
|-damage|p2a: Porygon2|258\/374 par
|move|p2a: Porygon2|Toxic|p1a: Togekiss
|-status|p1a: Togekiss|tox
|
|-heal|p1a: Togekiss|292\/374 tox|[from] item: Leftovers
|-damage|p1a: Togekiss|269\/374 tox|[from] psn
|turn|18
|
|move|p1a: Togekiss|Air Slash|p2a: Porygon2|[miss]
|-miss|p1a: Togekiss|p2a: Porygon2
|move|p2a: Porygon2|Recover|p2a: Porygon2
|-heal|p2a: Porygon2|374\/374 par
|
|-heal|p1a: Togekiss|292\/374 tox|[from] item: Leftovers
|-damage|p1a: Togekiss|246\/374 tox|[from] psn
|turn|19
|
|switch|p1a: Blissey|Blissey, F|714\/714
|-damage|p1a: Blissey|536\/714|[from] Spikes
|-damage|p1a: Blissey|447\/714|[from] Stealth Rock
|move|p2a: Porygon2|Ice Beam|p1a: Blissey
|-damage|p1a: Blissey|367\/714
|
|-heal|p1a: Blissey|411\/714|[from] item: Leftovers
|turn|20
|
|move|p1a: Blissey|Heal Bell|p1a: Blissey
|-cureteam|p1a: Blissey|[from] move: HealBell
|cant|p2a: Porygon2|par
|
|-heal|p1a: Blissey|455\/714|[from] item: Leftovers
|turn|21
|
|move|p1a: Blissey|Seismic Toss|p2a: Porygon2
|-damage|p2a: Porygon2|274\/374 par
|cant|p2a: Porygon2|par
|
|-heal|p1a: Blissey|499\/714|[from] item: Leftovers
|turn|22
|
|move|p1a: Blissey|Seismic Toss|p2a: Porygon2
|-damage|p2a: Porygon2|174\/374 par
|move|p2a: Porygon2|Toxic|p1a: Blissey
|-status|p1a: Blissey|tox
|
|-heal|p1a: Blissey|543\/714 tox|[from] item: Leftovers
|-damage|p1a: Blissey|499\/714 tox|[from] psn
|turn|23
|
|move|p1a: Blissey|Seismic Toss|p2a: Porygon2
|-damage|p2a: Porygon2|74\/374 par
|move|p2a: Porygon2|Recover|p2a: Porygon2
|-heal|p2a: Porygon2|261\/374 par
|
|-heal|p1a: Blissey|543\/714 tox|[from] item: Leftovers
|-damage|p1a: Blissey|455\/714 tox|[from] psn
|turn|24
|
|switch|p2a: Tyranitar|Tyranitar, M, shiny|342\/342
|-weather|Sandstorm
|move|p1a: Blissey|Wish|p1a: Blissey
|
|-weather|Sandstorm|[upkeep]
|-damage|p1a: Blissey|411\/714 tox|[from] sandstorm
|-heal|p1a: Blissey|455\/714 tox|[from] item: Leftovers
|-damage|p1a: Blissey|323\/714 tox|[from] psn
|turn|25
|
|switch|p1a: Scizor|Scizor, F|344\/344
|-damage|p1a: Scizor|258\/344|[from] Spikes
|-damage|p1a: Scizor|215\/344|[from] Stealth Rock
|move|p2a: Tyranitar|Stone Edge|p1a: Scizor
|-damage|p1a: Scizor|17\/344
|
|-weather|Sandstorm|[upkeep]
|-heal|p1a: Scizor|344\/344|[from] move: Wish|[wisher] Blissey
|turn|26
|
|move|p2a: Tyranitar|Stone Edge|p1a: Scizor|[miss]
|-miss|p2a: Tyranitar|p1a: Scizor
|move|p1a: Scizor|U-turn|p2a: Tyranitar
|-supereffective|p2a: Tyranitar
|-damage|p2a: Tyranitar|0 fnt
|faint|p2a: Tyranitar
|
|switch|p1a: Togekiss|Togekiss, M|246\/374
|-damage|p1a: Togekiss|153\/374|[from] Stealth Rock
|
|-weather|Sandstorm|[upkeep]
|-damage|p1a: Togekiss|130\/374|[from] sandstorm
|-heal|p1a: Togekiss|153\/374|[from] item: Leftovers
|
|switch|p2a: Scizor|Scizor, M, shiny|215\/344 par
|turn|27
|
|move|p2a: Scizor|Bullet Punch|p1a: Togekiss
|-supereffective|p1a: Togekiss
|-damage|p1a: Togekiss|0 fnt
|faint|p1a: Togekiss
|
|-weather|Sandstorm|[upkeep]
|
|switch|p1a: Blissey|Blissey, F|323\/714
|-damage|p1a: Blissey|145\/714|[from] Spikes
|-damage|p1a: Blissey|56\/714|[from] Stealth Rock
|turn|28
|
|move|p2a: Scizor|Bullet Punch|p1a: Blissey
|-damage|p1a: Blissey|0 fnt
|faint|p1a: Blissey
|
|-weather|none
|
|switch|p1a: Pinsir|Pinsir, M|272\/272
|-damage|p1a: Pinsir|204\/272|[from] Spikes
|-damage|p1a: Pinsir|136\/272|[from] Stealth Rock
|turn|29
|
|detailschange|p1a: Pinsir|Pinsir-Mega, M
|message|Pinsir has Mega Evolved into Mega Pinsir!
|move|p1a: Pinsir|Quick Attack|p2a: Scizor
|-damage|p2a: Scizor|95\/344 par
|move|p2a: Scizor|Bullet Punch|p1a: Pinsir
|-damage|p1a: Pinsir|0 fnt
|faint|p1a: Pinsir
|
|
|switch|p1a: Scizor|Scizor, F|344\/344
|-damage|p1a: Scizor|258\/344|[from] Spikes
|-damage|p1a: Scizor|215\/344|[from] Stealth Rock
|turn|30
|
|move|p1a: Scizor|Bullet Punch|p2a: Scizor
|-resisted|p2a: Scizor
|-damage|p2a: Scizor|0 fnt
|faint|p2a: Scizor
|
|
|switch|p2a: Porygon2|Porygon2, shiny|261\/374 par
|turn|31
|
|move|p1a: Scizor|Bullet Punch|p2a: Porygon2
|-damage|p2a: Porygon2|153\/374 par
|move|p2a: Porygon2|Tri Attack|p1a: Scizor
|-resisted|p1a: Scizor
|-damage|p1a: Scizor|142\/344
|
|turn|32
|
|move|p1a: Scizor|Bullet Punch|p2a: Porygon2
|-damage|p2a: Porygon2|35\/374 par
|move|p2a: Porygon2|Recover|p2a: Porygon2
|-heal|p2a: Porygon2|222\/374 par
|
|turn|33
|
|move|p1a: Scizor|Bullet Punch|p2a: Porygon2
|-damage|p2a: Porygon2|101\/374 par
|move|p2a: Porygon2|Recover|p2a: Porygon2
|-heal|p2a: Porygon2|288\/374 par
|
|turn|34
|
|move|p1a: Scizor|Bullet Punch|p2a: Porygon2
|-damage|p2a: Porygon2|170\/374 par
|move|p2a: Porygon2|Tri Attack|p1a: Scizor
|-resisted|p1a: Scizor
|-damage|p1a: Scizor|59\/344
|
|turn|35
|
|move|p1a: Scizor|Bullet Punch|p2a: Porygon2
|-damage|p2a: Porygon2|53\/374 par
|cant|p2a: Porygon2|par
|
|turn|36
|
|move|p1a: Scizor|Bullet Punch|p2a: Porygon2
|-damage|p2a: Porygon2|0 fnt
|faint|p2a: Porygon2
|
|
|switch|p2a: Florges|Florges, F, shiny|359\/359
|turn|37
|
|move|p1a: Scizor|Bullet Punch|p2a: Florges
|-supereffective|p2a: Florges
|-damage|p2a: Florges|0 fnt
|faint|p2a: Florges
|
|win|dcfvgbhnjmk
|raw|Ladder updating...
|raw|dcfvgbhnjmk's rating: 1114 &rarr; <strong>1138<\/strong><br \/>(+24 for winning)
|raw|Sunshine 92's rating: 1103 &rarr; <strong>1079<\/strong><br \/>(-24 for losing)
|leave|dcfvgbhnjmk
|player|p1
|chat|Sunshine 92|thanks for playing you are strong 