|join|HappyK
|join|Sunshine 92
|player|p1|HappyK|273
|player|p2|Sunshine 92|265
|gametype|singles
|gen|6
|tier|OU
|rated
|clearpoke
|poke|p1|Galvantula, M, shiny
|poke|p1|Zygarde
|poke|p1|Kingdra, M
|poke|p1|Cloyster, F, shiny
|poke|p1|Pidgeot, M
|poke|p1|Jirachi
|poke|p2|Metagross
|poke|p2|Keldeo-Resolute
|poke|p2|Bisharp, M
|poke|p2|Landorus-Therian, M
|poke|p2|Thundurus, M
|poke|p2|Garchomp, F
|rule|Swagger Clause: Swagger is banned
|rule|Baton Pass Clause: Limit one PokÃ©mon knowing Baton Pass
|rule|Sleep Clause Mod: Limit one foe put to sleep
|rule|Species Clause: Limit one of each PokÃ©mon
|rule|OHKO Clause: OHKO moves are banned
|rule|Moody Clause: Moody is banned
|rule|Evasion Moves Clause: Evasion moves are banned
|rule|Endless Battle Clause: Forcing endless battles is banned
|rule|HP Percentage Mod: HP is shown in percentages
|teampreview
|
|start
|switch|p1a: Jimatchi|Jirachi|345\/345
|switch|p2a: Thundurus|Thundurus, M|299\/299
|turn|1
|
|move|p1a: Jimatchi|Ice Punch|p2a: Thundurus
|-supereffective|p2a: Thundurus
|-damage|p2a: Thundurus|109\/299
|-status|p2a: Thundurus|frz
|cant|p2a: Thundurus|frz
|
|turn|2
|c|âSunshine 92|...
|c|âHappyK|...
|
|switch|p1a: Snitcheot|Pidgeot, M|308\/308
|switch|p2a: Bisharp|Bisharp, M|272\/272
|
|turn|3
|
|switch|p2a: Landorus-Therian|Landorus-Therian, M|320\/320
|-ability|p2a: Landorus-Therian|Intimidate|[of] p1a: Snitcheot
|-unboost|p1a: Snitcheot|atk|1
|detailschange|p1a: Snitcheot|Pidgeot-Mega, M
|-mega|p1a: Snitcheot|Pidgeot|Pidgeotite
|move|p1a: Snitcheot|Heat Wave|p2a: Landorus-Therian
|-damage|p2a: Landorus-Therian|191\/320
|
|turn|4
|c|âHappyK|i-i'm sorry about that
|
|move|p2a: Landorus-Therian|Stone Edge|p1a: Snitcheot
|-supereffective|p1a: Snitcheot
|-damage|p1a: Snitcheot|14\/308
|move|p1a: Snitcheot|Hurricane|p2a: Landorus-Therian
|-damage|p2a: Landorus-Therian|0 fnt
|faint|p2a: Landorus-Therian
|
|c|âSunshine 92|no problem
|
|switch|p2a: Garchomp|Garchomp, F|358\/358
|turn|5
|
|move|p1a: Snitcheot|Roost|p1a: Snitcheot
|-heal|p1a: Snitcheot|168\/308
|move|p2a: Garchomp|Stealth Rock|p1a: Snitcheot
|-sidestart|p1: HappyK|move: Stealth Rock
|
|turn|6
|
|move|p1a: Snitcheot|Hurricane|p2a: Garchomp
|-damage|p2a: Garchomp|120\/358
|move|p2a: Garchomp|Dragon Claw|p1a: Snitcheot
|-damage|p1a: Snitcheot|0 fnt
|faint|p1a: Snitcheot
|
|
|switch|p1a: Diegarde|Zygarde|397\/397
|-damage|p1a: Diegarde|373\/397|[from] Stealth Rock
|-ability|p1a: Diegarde|Aura Break
|turn|7
|
|move|p2a: Garchomp|Dragon Claw|p1a: Diegarde
|-supereffective|p1a: Diegarde
|-damage|p1a: Diegarde|115\/397
|-enditem|p1a: Diegarde|Weakness Policy
|-boost|p1a: Diegarde|atk|2|[from] item: Weakness Policy
|-boost|p1a: Diegarde|spa|2|[from] item: Weakness Policy
|move|p1a: Diegarde|Earthquake|p2a: Garchomp
|-damage|p2a: Garchomp|0 fnt
|faint|p2a: Garchomp
|
|
|switch|p2a: Bisharp|Bisharp, M|272\/272
|turn|8
|
|switch|p1a: Greatvantula|Galvantula, M, shiny|282\/282
|-damage|p1a: Greatvantula|212\/282|[from] Stealth Rock
|move|p2a: Bisharp|Sucker Punch|p1a: Greatvantula
|-fail|p1a: Greatvantula
|
|turn|9
|
|move|p1a: Greatvantula|Thunder Wave|p2a: Bisharp
|-status|p2a: Bisharp|par
|cant|p2a: Bisharp|par
|
|turn|10
|
|move|p1a: Greatvantula|Sticky Web|p2a: Bisharp
|-sidestart|p2: Sunshine 92|move: Sticky Web
|move|p2a: Bisharp|Knock Off|p1a: Greatvantula
|-crit|p1a: Greatvantula
|-damage|p1a: Greatvantula|0 fnt
|-enditem|p1a: Greatvantula|Focus Sash|[from] move: Knock Off|[of] p2a: Bisharp
|-damage|p2a: Bisharp|245\/272 par|[from] item: Life Orb
|faint|p1a: Greatvantula
|
|
|switch|p1a: Jimatchi|Jirachi|345\/345
|-damage|p1a: Jimatchi|324\/345|[from] Stealth Rock
|turn|11
|
|move|p2a: Bisharp|Sucker Punch|p1a: Jimatchi
|-fail|p1a: Jimatchi
|move|p1a: Jimatchi|Healing Wish|p1a: Jimatchi
|faint|p1a: Jimatchi
|
|
|switch|p1a: Diegarde|Zygarde|115\/397
|-heal|p1a: Diegarde|397\/397|[from] move: Healing Wish
|-damage|p1a: Diegarde|373\/397|[from] Stealth Rock
|-ability|p1a: Diegarde|Aura Break
|turn|12
|
|move|p1a: Diegarde|Earthquake|p2a: Bisharp
|-supereffective|p2a: Bisharp
|-damage|p2a: Bisharp|0 fnt
|faint|p2a: Bisharp
|
|
|switch|p2a: Keldeo-Resolute|Keldeo-Resolute|324\/324
|-activate|p2a: Keldeo-Resolute|move: Sticky Web
|-unboost|p2a: Keldeo-Resolute|spe|1
|turn|13
|
|move|p1a: Diegarde|Outrage|p2a: Keldeo-Resolute
|-damage|p2a: Keldeo-Resolute|92\/324
|move|p2a: Keldeo-Resolute|Secret Sword|p1a: Diegarde
|-damage|p1a: Diegarde|183\/397
|
|turn|14
|
|switch|p2a: Thundurus|Thundurus, M|109\/299 frz
|move|p1a: Diegarde|Outrage|p2a: Thundurus
|-damage|p2a: Thundurus|0 fnt
|faint|p2a: Thundurus
|
|
|switch|p2a: Metagross|Metagross|302\/302
|-activate|p2a: Metagross|move: Sticky Web
|-fail|p2a: Metagross|unboost|[from] ability: Clear Body|[of] p2a: Metagross
|turn|15
|
|detailschange|p2a: Metagross|Metagross-Mega
|-mega|p2a: Metagross|Metagross|Metagrossite
|move|p1a: Diegarde|Outrage|p2a: Metagross
|-resisted|p2a: Metagross
|-damage|p2a: Metagross|238\/302
|move|p2a: Metagross|Meteor Mash|p1a: Diegarde
|-damage|p1a: Diegarde|0 fnt
|faint|p1a: Diegarde
|
|
|switch|p1a: Killdra|Kingdra, M|307\/307
|-damage|p1a: Killdra|269\/307|[from] Stealth Rock
|turn|16
|
|move|p2a: Metagross|Zen Headbutt|p1a: Killdra|[miss]
|-miss|p2a: Metagross|p1a: Killdra
|move|p1a: Killdra|Hydro Pump|p2a: Metagross
|-damage|p2a: Metagross|82\/302
|
|turn|17
|
|move|p2a: Metagross|Zen Headbutt|p1a: Killdra
|-damage|p1a: Killdra|35\/307
|cant|p1a: Killdra|flinch
|
|turn|18
|
|move|p2a: Metagross|Earthquake|p1a: Killdra
|-damage|p1a: Killdra|0 fnt
|faint|p1a: Killdra
|
|
|switch|p1a: Destroyster|Cloyster, F, shiny|241\/241
|-damage|p1a: Destroyster|181\/241|[from] Stealth Rock
|turn|19
|
|move|p2a: Metagross|Meteor Mash|p1a: Destroyster
|-damage|p1a: Destroyster|28\/241
|move|p1a: Destroyster|Shell Smash|p1a: Destroyster
|-boost|p1a: Destroyster|atk|2
|-boost|p1a: Destroyster|spa|2
|-boost|p1a: Destroyster|spe|2
|-unboost|p1a: Destroyster|def|1
|-unboost|p1a: Destroyster|spd|1
|
|turn|20
|
|move|p1a: Destroyster|Icicle Spear|p2a: Metagross
|-resisted|p2a: Metagross
|-damage|p2a: Metagross|57\/302
|-resisted|p2a: Metagross
|-damage|p2a: Metagross|30\/302
|-resisted|p2a: Metagross
|-damage|p2a: Metagross|5\/302
|-resisted|p2a: Metagross
|-damage|p2a: Metagross|0 fnt
|-hitcount|p2a: Metagross|4
|faint|p2a: Metagross
|
|c|âHappyK|*wipes sweat of face*
|
|switch|p2a: Keldeo-Resolute|Keldeo-Resolute|92\/324
|-activate|p2a: Keldeo-Resolute|move: Sticky Web
|-unboost|p2a: Keldeo-Resolute|spe|1
|turn|21
|-message|Sunshine 92 forfeited.
|leave|Sunshine 92
|
|win|HappyK
|raw|Ladder updating...
|c|âHappyK|awww man
|player|p2
|raw|HappyK's rating: 1388 &rarr; <strong>1407<\/strong><br \/>(+19 for winning)
|raw|Sunshine 92's rating: 1370 &rarr; <strong>1351<\/strong><br \/>(-19 for losing)