|join|Sunshine 92
|join|Ter Tar
|player|p1|Sunshine 92|264
|player|p2|Ter Tar|293
|gametype|singles
|gen|6
|tier|OU
|rated
|clearpoke
|poke|p1|Metagross
|poke|p1|Bisharp, M
|poke|p1|Thundurus, M
|poke|p1|Landorus-Therian, M
|poke|p1|Keldeo-Resolute
|poke|p1|Garchomp, M
|poke|p2|Heatran, M
|poke|p2|Azumarill, M
|poke|p2|Venusaur, M
|poke|p2|Landorus-Therian, M
|poke|p2|Conkeldurr, M
|poke|p2|Gengar, M
|rule|Swagger Clause: Swagger is banned
|rule|Baton Pass Clause: Limit one PokÃ©mon knowing Baton Pass
|rule|Sleep Clause Mod: Limit one foe put to sleep
|rule|Species Clause: Limit one of each PokÃ©mon
|rule|OHKO Clause: OHKO moves are banned
|rule|Moody Clause: Moody is banned
|rule|Evasion Moves Clause: Evasion moves are banned
|rule|Endless Battle Clause: Forcing endless battles is banned
|rule|HP Percentage Mod: HP is shown in percentages
|teampreview
|
|start
|switch|p1a: Garchomp|Garchomp, M|358\/358
|switch|p2a: Gengar|Gengar, M|268\/268
|turn|1
|
|move|p2a: Gengar|Substitute|p2a: Gengar
|-start|p2a: Gengar|Substitute
|-damage|p2a: Gengar|201\/268
|move|p1a: Garchomp|Stealth Rock|p2a: Gengar
|-sidestart|p2: Ter Tar|move: Stealth Rock
|
|-heal|p2a: Gengar|217\/268|[from] item: Black Sludge
|turn|2
|
|move|p2a: Gengar|Shadow Ball|p1a: Garchomp
|-damage|p1a: Garchomp|181\/358
|-unboost|p1a: Garchomp|spd|1
|move|p1a: Garchomp|Dragon Claw|p2a: Gengar
|-end|p2a: Gengar|Substitute
|
|-heal|p2a: Gengar|233\/268|[from] item: Black Sludge
|turn|3
|
|switch|p1a: Landorus-Therian|Landorus-Therian, M|320\/320
|-ability|p1a: Landorus-Therian|Intimidate|[of] p2a: Gengar
|-unboost|p2a: Gengar|atk|1
|move|p2a: Gengar|Shadow Ball|p1a: Landorus-Therian
|-damage|p1a: Landorus-Therian|157\/320
|
|-heal|p2a: Gengar|249\/268|[from] item: Black Sludge
|turn|4
|
|switch|p2a: Landorus-Therian|Landorus-Therian, M|319\/319
|-damage|p2a: Landorus-Therian|280\/319|[from] Stealth Rock
|-ability|p2a: Landorus-Therian|Intimidate|[of] p1a: Landorus-Therian
|-unboost|p1a: Landorus-Therian|atk|1
|move|p1a: Landorus-Therian|U-turn|p2a: Landorus-Therian
|-resisted|p2a: Landorus-Therian
|-damage|p2a: Landorus-Therian|249\/319
|
|switch|p1a: Bisharp|Bisharp, M|272\/272
|
|turn|5
|
|switch|p1a: Landorus-Therian|Landorus-Therian, M|157\/320
|-ability|p1a: Landorus-Therian|Intimidate|[of] p2a: Landorus-Therian
|-unboost|p2a: Landorus-Therian|atk|1
|move|p2a: Landorus-Therian|Earthquake|p1a: Landorus-Therian
|-immune|p1a: Landorus-Therian|[msg]
|
|turn|6
|
|switch|p2a: Venusaur|Venusaur, M|359\/359
|-damage|p2a: Venusaur|315\/359|[from] Stealth Rock
|move|p1a: Landorus-Therian|Knock Off|p2a: Venusaur
|-damage|p2a: Venusaur|223\/359
|
|turn|7
|
|switch|p1a: Metagross|Metagross|302\/302
|detailschange|p2a: Venusaur|Venusaur-Mega, M
|-mega|p2a: Venusaur|Venusaur|Venusaurite
|move|p2a: Venusaur|Giga Drain|p1a: Metagross
|-resisted|p1a: Metagross
|-damage|p1a: Metagross|232\/302
|-heal|p2a: Venusaur|258\/359|[from] drain|[of] p1a: Metagross
|
|turn|8
|
|detailschange|p1a: Metagross|Metagross-Mega
|-mega|p1a: Metagross|Metagross|Metagrossite
|move|p1a: Metagross|Meteor Mash|p2a: Venusaur
|-damage|p2a: Venusaur|39\/359
|move|p2a: Venusaur|Hidden Power|p1a: Metagross
|-supereffective|p1a: Metagross
|-damage|p1a: Metagross|100\/302
|
|turn|9
|
|move|p1a: Metagross|Meteor Mash|p2a: Venusaur
|-damage|p2a: Venusaur|0 fnt
|faint|p2a: Venusaur
|
|
|switch|p2a: Landorus-Therian|Landorus-Therian, M|249\/319
|-damage|p2a: Landorus-Therian|210\/319|[from] Stealth Rock
|-ability|p2a: Landorus-Therian|Intimidate|[of] p1a: Metagross
|-unboost|p1a: Metagross|atk|1
|turn|10
|
|move|p2a: Landorus-Therian|Knock Off|p1a: Metagross
|-supereffective|p1a: Metagross
|-damage|p1a: Metagross|0 fnt
|faint|p1a: Metagross
|
|
|switch|p1a: Thundurus|Thundurus, M|299\/299
|turn|11
|
|move|p2a: Landorus-Therian|Knock Off|p1a: Thundurus
|-damage|p1a: Thundurus|145\/299
|-enditem|p1a: Thundurus|Life Orb|[from] move: Knock Off|[of] p2a: Landorus-Therian
|move|p1a: Thundurus|Volt Switch|p2a: Landorus-Therian
|-immune|p2a: Landorus-Therian|[msg]
|
|turn|12
|join|Roi Pika
|
|move|p2a: Landorus-Therian|Knock Off|p1a: Thundurus
|-damage|p1a: Thundurus|30\/299
|move|p1a: Thundurus|Volt Switch|p2a: Landorus-Therian
|-immune|p2a: Landorus-Therian|[msg]
|
|turn|13
|c| Roi Pika|si on gagne nos match on rendre dans le ladd
|c|âSunshine 92|oue bah pr moi c mal parti
|
|switch|p1a: Keldeo-Resolute|Keldeo-Resolute|324\/324
|move|p2a: Landorus-Therian|Knock Off|p1a: Keldeo-Resolute
|-crit|p1a: Keldeo-Resolute
|-resisted|p1a: Keldeo-Resolute
|-damage|p1a: Keldeo-Resolute|216\/324
|-boost|p1a: Keldeo-Resolute|atk|1|[from] ability: Justified
|-enditem|p1a: Keldeo-Resolute|Choice Specs|[from] move: Knock Off|[of] p2a: Landorus-Therian
|
|turn|14
|c| Roi Pika|moi c du 50 50
|
|move|p2a: Landorus-Therian|Knock Off|p1a: Keldeo-Resolute
|-resisted|p1a: Keldeo-Resolute
|-damage|p1a: Keldeo-Resolute|171\/324
|-boost|p1a: Keldeo-Resolute|atk|1|[from] ability: Justified
|move|p1a: Keldeo-Resolute|Hidden Power|p2a: Landorus-Therian
|-immune|p2a: Landorus-Therian|[msg]
|
|turn|15
|c|âTer Tar|ton parti est bon
|c|âTer Tar|pourquoi est-ce que vous utilize de hidden power electric
|c| Roi Pika|Il a forfeit :)
|c|âSunshine 92|for gyarados and azumarill
|
|move|p2a: Landorus-Therian|Knock Off|p1a: Keldeo-Resolute
|-resisted|p1a: Keldeo-Resolute
|-damage|p1a: Keldeo-Resolute|126\/324
|-boost|p1a: Keldeo-Resolute|atk|1|[from] ability: Justified
|move|p1a: Keldeo-Resolute|Icy Wind|p2a: Landorus-Therian
|-supereffective|p2a: Landorus-Therian
|-damage|p2a: Landorus-Therian|0 fnt
|faint|p2a: Landorus-Therian
|
|c|âTer Tar|ils sont des options milleux
|c| Roi Pika|Roi Pika 394 :)
|c|âTer Tar|ol
|c|âTer Tar|lol
|
|switch|p2a: Gengar|Gengar, M|249\/268
|-damage|p2a: Gengar|216\/268|[from] Stealth Rock
|turn|16
|
|switch|p1a: Thundurus|Thundurus, M|30\/299
|move|p2a: Gengar|Shadow Ball|p1a: Thundurus
|-damage|p1a: Thundurus|0 fnt
|faint|p1a: Thundurus
|
|-heal|p2a: Gengar|232\/268|[from] item: Black Sludge
|
|switch|p1a: Landorus-Therian|Landorus-Therian, M|157\/320
|-ability|p1a: Landorus-Therian|Intimidate|[of] p2a: Gengar
|-unboost|p2a: Gengar|atk|1
|turn|17
|
|move|p1a: Landorus-Therian|Knock Off|p2a: Gengar
|-supereffective|p2a: Gengar
|-damage|p2a: Gengar|0 fnt
|-enditem|p2a: Gengar|Black Sludge|[from] move: Knock Off|[of] p1a: Landorus-Therian
|faint|p2a: Gengar
|
|
|switch|p2a: Conkeldurr|Conkeldurr, M|351\/351
|-damage|p2a: Conkeldurr|330\/351|[from] Stealth Rock
|turn|18
|
|move|p1a: Landorus-Therian|Knock Off|p2a: Conkeldurr
|-resisted|p2a: Conkeldurr
|-damage|p2a: Conkeldurr|259\/351
|-enditem|p2a: Conkeldurr|Assault Vest|[from] move: Knock Off|[of] p1a: Landorus-Therian
|move|p2a: Conkeldurr|Knock Off|p1a: Landorus-Therian
|-damage|p1a: Landorus-Therian|4\/320
|-enditem|p1a: Landorus-Therian|Choice Scarf|[from] move: Knock Off|[of] p2a: Conkeldurr
|
|turn|19
|
|move|p1a: Landorus-Therian|Earthquake|p2a: Conkeldurr
|-damage|p2a: Conkeldurr|61\/351
|move|p2a: Conkeldurr|Drain Punch|p1a: Landorus-Therian
|-resisted|p1a: Landorus-Therian
|-damage|p1a: Landorus-Therian|0 fnt
|-heal|p2a: Conkeldurr|63\/351|[from] drain|[of] p1a: Landorus-Therian
|faint|p1a: Landorus-Therian
|
|
|switch|p1a: Keldeo-Resolute|Keldeo-Resolute|126\/324
|turn|20
|
|move|p2a: Conkeldurr|Mach Punch|p1a: Keldeo-Resolute
|-damage|p1a: Keldeo-Resolute|33\/324
|move|p1a: Keldeo-Resolute|Secret Sword|p2a: Conkeldurr
|-damage|p2a: Conkeldurr|0 fnt
|faint|p2a: Conkeldurr
|
|
|switch|p2a: Azumarill|Azumarill, M|364\/364
|-damage|p2a: Azumarill|319\/364|[from] Stealth Rock
|turn|21
|
|move|p2a: Azumarill|Aqua Jet|p1a: Keldeo-Resolute
|-resisted|p1a: Keldeo-Resolute
|-damage|p1a: Keldeo-Resolute|0 fnt
|faint|p1a: Keldeo-Resolute
|
|
|switch|p1a: Bisharp|Bisharp, M|272\/272
|turn|22
|c| Roi Pika|Pk j'ai le modo chat
|c|âSunshine 92|chÃ© pas moi mdrrr
|-message|Ter Tar lost due to inactivity.
|
|move|p1a: Bisharp|Iron Head|p2a: Azumarill
|-damage|p2a: Azumarill|89\/364
|-damage|p1a: Bisharp|245\/272|[from] item: Life Orb
|-enditem|p2a: Azumarill|Sitrus Berry|[eat]
|-heal|p2a: Azumarill|180\/364|[from] item: Sitrus Berry
|cant|p2a: Azumarill|flinch
|
|turn|23
|
|win|Sunshine 92
|raw|Ladder updating...
|c|âSunshine 92|ah bah ... g gagnÃ©
|raw|Sunshine 92's rating: 1549 &rarr; <strong>1565<\/strong><br \/>(+16 for winning)
|raw|Ter Tar's rating: 1477 &rarr; <strong>1461<\/strong><br \/>(-16 for losing)
|c| Roi Pika|Sunshine a Win
|leave|Ter Tar
|c|âSunshine 92|eh oue meggle
|player|p2