|join|Sunshine 92
|join|Roi Pika
|player|p1|Sunshine 92|264
|player|p2|Roi Pika|290
|gametype|singles
|gen|6
|tier|OU
|clearpoke
|poke|p1|Metagross
|poke|p1|Keldeo-Resolute
|poke|p1|Landorus-Therian, M
|poke|p1|Garchomp, F
|poke|p1|Thundurus, M
|poke|p1|Bisharp, F
|poke|p2|Politoed, M
|poke|p2|Swampert, F
|poke|p2|Celebi
|poke|p2|Manaphy, shiny
|poke|p2|Klefki, F
|poke|p2|Magnezone, shiny
|rule|Swagger Clause: Swagger is banned
|rule|Baton Pass Clause: Limit one PokÃ©mon knowing Baton Pass
|rule|Sleep Clause Mod: Limit one foe put to sleep
|rule|Species Clause: Limit one of each PokÃ©mon
|rule|OHKO Clause: OHKO moves are banned
|rule|Moody Clause: Moody is banned
|rule|Evasion Moves Clause: Evasion moves are banned
|rule|Endless Battle Clause: Forcing endless battles is banned
|rule|HP Percentage Mod: HP is shown in percentages
|teampreview
|c|âSunshine 92|put1 ton laggron mets une pression de ouf sur ma team
|
|start
|switch|p1a: Keldeo-Resolute|Keldeo-Resolute|324\/324
|switch|p2a: Davy|Politoed, M|384\/384
|-weather|RainDance
|turn|1
|
|move|p1a: Keldeo-Resolute|Icy Wind|p2a: Davy
|-resisted|p2a: Davy
|-damage|p2a: Davy|349\/384
|-unboost|p2a: Davy|spe|1
|move|p2a: Davy|Perish Song|p2a: Davy
|-fieldactivate|move: Perish Song
|
|-start|p1a: Keldeo-Resolute|perish3
|-start|p2a: Davy|perish3
|-weather|RainDance|[upkeep]
|turn|2
|
|switch|p1a: Thundurus|Thundurus, M|299\/299
|switch|p2a: Alex|Magnezone, shiny|287\/287
|
|-weather|RainDance|[upkeep]
|turn|3
|
|switch|p1a: Garchomp|Garchomp, F|358\/358
|move|p2a: Alex|Volt Switch|p1a: Garchomp
|-immune|p1a: Garchomp|[msg]
|
|-weather|RainDance|[upkeep]
|turn|4
|
|switch|p2a: Eva|Celebi|404\/404
|move|p1a: Garchomp|Stealth Rock|p2a: Eva
|-sidestart|p2: Roi Pika|move: Stealth Rock
|
|-weather|RainDance|[upkeep]
|turn|5
|
|switch|p1a: Landorus-Therian|Landorus-Therian, M|320\/320
|-ability|p1a: Landorus-Therian|Intimidate|[of] p2a: Eva
|-unboost|p2a: Eva|atk|1
|move|p2a: Eva|Psychic|p1a: Landorus-Therian
|-damage|p1a: Landorus-Therian|197\/320
|
|-weather|RainDance|[upkeep]
|turn|6
|
|switch|p2a: Sunshine|Swampert, F|391\/391
|-damage|p2a: Sunshine|367\/391|[from] Stealth Rock
|move|p1a: Landorus-Therian|U-turn|p2a: Sunshine
|-crit|p2a: Sunshine
|-damage|p2a: Sunshine|225\/391
|
|switch|p1a: Keldeo-Resolute|Keldeo-Resolute|324\/324
|
|-weather|RainDance|[upkeep]
|turn|7
|
|switch|p2a: Eva|Celebi|404\/404
|-damage|p2a: Eva|354\/404|[from] Stealth Rock
|move|p1a: Keldeo-Resolute|Hydro Pump|p2a: Eva
|-resisted|p2a: Eva
|-damage|p2a: Eva|183\/404
|
|-weather|RainDance|[upkeep]
|-heal|p2a: Eva|208\/404|[from] item: Leftovers
|turn|8
|
|switch|p1a: Bisharp|Bisharp, F|272\/272
|move|p2a: Eva|Recover|p2a: Eva
|-heal|p2a: Eva|404\/404
|
|-weather|none
|turn|9
|
|switch|p2a: Alex|Magnezone, shiny|287\/287
|-damage|p2a: Alex|270\/287|[from] Stealth Rock
|move|p1a: Bisharp|Knock Off|p2a: Alex
|-damage|p2a: Alex|66\/287
|-enditem|p2a: Alex|Choice Scarf|[from] move: Knock Off|[of] p1a: Bisharp
|-damage|p1a: Bisharp|245\/272|[from] item: Life Orb
|
|turn|10
|
|move|p1a: Bisharp|Sucker Punch|p2a: Alex
|-damage|p2a: Alex|0 fnt
|-damage|p1a: Bisharp|218\/272|[from] item: Life Orb
|faint|p2a: Alex
|
|
|switch|p2a: Etienne|Manaphy, shiny|404\/404
|-damage|p2a: Etienne|354\/404|[from] Stealth Rock
|turn|11
|
|switch|p1a: Keldeo-Resolute|Keldeo-Resolute|324\/324
|move|p2a: Etienne|Scald|p1a: Keldeo-Resolute
|-resisted|p1a: Keldeo-Resolute
|-damage|p1a: Keldeo-Resolute|255\/324
|
|-heal|p2a: Etienne|379\/404|[from] item: Leftovers
|turn|12
|
|move|p1a: Keldeo-Resolute|Secret Sword|p2a: Etienne
|-damage|p2a: Etienne|162\/404
|move|p2a: Etienne|Psychic|p1a: Keldeo-Resolute
|-supereffective|p1a: Keldeo-Resolute
|-damage|p1a: Keldeo-Resolute|43\/324
|
|-heal|p2a: Etienne|187\/404|[from] item: Leftovers
|turn|13
|
|switch|p1a: Bisharp|Bisharp, F|218\/272
|switch|p2a: Eva|Celebi|404\/404
|-damage|p2a: Eva|354\/404|[from] Stealth Rock
|
|-heal|p2a: Eva|379\/404|[from] item: Leftovers
|turn|14
|c|âSunshine 92|ca va je me debrouilles
|
|switch|p2a: Yan|Klefki, F|318\/318
|-damage|p2a: Yan|299\/318|[from] Stealth Rock
|move|p1a: Bisharp|Swords Dance|p1a: Bisharp
|-boost|p1a: Bisharp|atk|2
|
|turn|15
|c|âRoi Pika|ouais
|
|move|p2a: Yan|Thunder Wave|p1a: Bisharp
|-status|p1a: Bisharp|par
|move|p1a: Bisharp|Iron Head|p2a: Yan
|-crit|p2a: Yan
|-damage|p2a: Yan|0 fnt
|-damage|p1a: Bisharp|191\/272 par|[from] item: Life Orb
|faint|p2a: Yan
|
|c|âSunshine 92|xD gg
|
|switch|p2a: Davy|Politoed, M|349\/384
|-damage|p2a: Davy|301\/384|[from] Stealth Rock
|-weather|RainDance
|turn|16
|
|move|p2a: Davy|Encore|p1a: Bisharp
|-start|p1a: Bisharp|Encore
|move|p1a: Bisharp|Iron Head|p2a: Davy
|-resisted|p2a: Davy
|-damage|p2a: Davy|50\/384
|-damage|p1a: Bisharp|164\/272 par|[from] item: Life Orb
|
|-weather|RainDance|[upkeep]
|turn|17
|c|âSunshine 92|... ok xD
|
|switch|p1a: Garchomp|Garchomp, F|358\/358
|move|p2a: Davy|Scald|p1a: Garchomp
|-damage|p1a: Garchomp|196\/358
|
|-weather|RainDance|[upkeep]
|turn|18
|
|switch|p2a: Eva|Celebi|379\/404
|-damage|p2a: Eva|329\/404|[from] Stealth Rock
|move|p1a: Garchomp|Dragon Claw|p2a: Eva
|-damage|p2a: Eva|178\/404
|
|-weather|RainDance|[upkeep]
|-heal|p2a: Eva|203\/404|[from] item: Leftovers
|turn|19
|
|switch|p1a: Bisharp|Bisharp, F|164\/272 par
|move|p2a: Eva|Healing Wish|p2a: Eva
|faint|p2a: Eva
|
|-weather|RainDance|[upkeep]
|
|switch|p2a: Davy|Politoed, M|50\/384
|-heal|p2a: Davy|384\/384|[from] move: Healing Wish
|-damage|p2a: Davy|336\/384|[from] Stealth Rock
|turn|20
|
|move|p1a: Bisharp|Sucker Punch|p2a: Davy
|-crit|p2a: Davy
|-damage|p2a: Davy|0 fnt
|-damage|p1a: Bisharp|137\/272 par|[from] item: Life Orb
|faint|p2a: Davy
|
|-weather|RainDance|[upkeep]
|c|âSunshine 92|xD dsl
|
|switch|p2a: Etienne|Manaphy, shiny|187\/404
|-damage|p2a: Etienne|137\/404|[from] Stealth Rock
|turn|21
|c|âRoi Pika|pas gravechui dead ce cc
|
|move|p1a: Bisharp|Sucker Punch|p2a: Etienne
|-fail|p2a: Etienne
|move|p2a: Etienne|Rest|p2a: Etienne
|-status|p2a: Etienne|slp
|-heal|p2a: Etienne|404\/404 slp|[silent]
|-status|p2a: Etienne|slp|[from] move: Rest
|
|-weather|RainDance|[upkeep]
|-curestatus|p2a: Etienne|slp
|turn|22
|
|move|p1a: Bisharp|Sucker Punch|p2a: Etienne
|-damage|p2a: Etienne|201\/404
|-damage|p1a: Bisharp|110\/272 par|[from] item: Life Orb
|move|p2a: Etienne|Scald|p1a: Bisharp
|-damage|p1a: Bisharp|0 fnt
|faint|p1a: Bisharp
|
|-weather|RainDance|[upkeep]
|-heal|p2a: Etienne|226\/404|[from] item: Leftovers
|
|switch|p1a: Thundurus|Thundurus, M|299\/299
|turn|23
|
|move|p1a: Thundurus|Volt Switch|p2a: Etienne
|-supereffective|p2a: Etienne
|-damage|p2a: Etienne|0 fnt
|-damage|p1a: Thundurus|270\/299|[from] item: Life Orb
|faint|p2a: Etienne
|
|switch|p1a: Keldeo-Resolute|Keldeo-Resolute|43\/324
|
|-weather|none
|
|switch|p2a: Sunshine|Swampert, F|225\/391
|-damage|p2a: Sunshine|201\/391|[from] Stealth Rock
|turn|24
|c|âSunshine 92|gg
|c|âRoi Pika|gg
|
|detailschange|p2a: Sunshine|Swampert-Mega, F
|-mega|p2a: Sunshine|Swampert|Swampertite
|move|p1a: Keldeo-Resolute|Hydro Pump|p2a: Sunshine
|-damage|p2a: Sunshine|0 fnt
|faint|p2a: Sunshine
|
|win|Sunshine 92