|join|Sunshine 92
|join|Roi Pika
|player|p1|Sunshine 92|264
|player|p2|Roi Pika|290
|gametype|singles
|gen|6
|tier|OU (suspect test)
|clearpoke
|poke|p1|Lopunny, M
|poke|p1|Gothitelle, F
|poke|p1|Heatran, F
|poke|p1|Latias, F
|poke|p1|Azumarill, F
|poke|p1|Gliscor, F
|poke|p2|Diancie, shiny
|poke|p2|Garchomp, M, shiny
|poke|p2|Thundurus, M, shiny
|poke|p2|Chansey, F, shiny
|poke|p2|Slowbro, F
|poke|p2|Scizor, M, shiny
|rule|Swagger Clause: Swagger is banned
|rule|Baton Pass Clause: Limit one PokÃ©mon knowing Baton Pass
|rule|Sleep Clause Mod: Limit one foe put to sleep
|rule|Species Clause: Limit one of each PokÃ©mon
|rule|OHKO Clause: OHKO moves are banned
|rule|Moody Clause: Moody is banned
|rule|Evasion Moves Clause: Evasion moves are banned
|rule|Endless Battle Clause: Forcing endless battles is banned
|rule|HP Percentage Mod: HP is shown in percentages
|teampreview
|c|âSunshine 92|good luck mon gars
|c|âRoi Pika|merci toi aussi
|
|start
|switch|p1a: Gliscor|Gliscor, F|354\/354
|switch|p2a: Slowbro|Slowbro, F|394\/394
|turn|1
|
|switch|p1a: Gothitelle|Gothitelle, F|282\/282
|switch|p2a: Scizor|Scizor, M, shiny|310\/310
|
|turn|2
|
|move|p1a: Gothitelle|Hidden Power|p2a: Scizor
|-damage|p2a: Scizor|192\/310
|move|p2a: Scizor|U-turn|p1a: Gothitelle
|-supereffective|p1a: Gothitelle
|-damage|p1a: Gothitelle|0 fnt
|faint|p1a: Gothitelle
|c|âSunshine 92|bye bye scizor xD
|c|âSunshine 92|whattttttttttt ?????????????
|
|switch|p2a: Slowbro|Slowbro, F|394\/394
|
|c|âSunshine 92|c est pas la pc feu NON G FAIL ??????????????????????????????
|c|âRoi Pika|hp ground
|c|âSunshine 92|OUE G VU .... mais il devait avoir pc feu .... fuck ...
|
|switch|p1a: Latias|Latias, F|321\/321
|turn|3
|c|âSunshine 92|... g le seum
|
|move|p1a: Latias|Draco Meteor|p2a: Slowbro
|-crit|p2a: Slowbro
|-damage|p2a: Slowbro|0 fnt
|-unboost|p1a: Latias|spa|2
|-damage|p1a: Latias|289\/321|[from] item: Life Orb
|faint|p2a: Slowbro
|
|
|switch|p2a: Scizor|Scizor, M, shiny|192\/310
|turn|4
|
|switch|p1a: Gliscor|Gliscor, F|354\/354
|move|p2a: Scizor|U-turn|p1a: Gliscor
|-resisted|p1a: Gliscor
|-damage|p1a: Gliscor|290\/354
|join|Lord A.L
|c| Lord A.L|yop
|
|switch|p2a: Thundurus|Thundurus, M, shiny|299\/299
|
|-status|p1a: Gliscor|tox|[from] item: Toxic Orb
|turn|5
|c|âSunshine 92|WSH C EST DAVY ???????
|c|âRoi Pika|ouais
|c| Lord A.L|:b
|c| Lord A.L|xD
|c|âSunshine 92|ah ok slt davy ? ca va ?
|
|switch|p1a: Heatran|Heatran, F|386\/386
|move|p2a: Thundurus|Hidden Power|p1a: Heatran
|-resisted|p1a: Heatran
|-damage|p1a: Heatran|370\/386
|-damage|p2a: Thundurus|270\/299|[from] item: Life Orb
|
|-heal|p1a: Heatran|386\/386|[from] item: Leftovers
|turn|6
|c| Lord A.L|Slt ouais et toi?
|
|move|p2a: Thundurus|Focus Blast|p1a: Heatran
|-supereffective|p1a: Heatran
|-damage|p1a: Heatran|142\/386
|-damage|p2a: Thundurus|241\/299|[from] item: Life Orb
|move|p1a: Heatran|Lava Plume|p2a: Thundurus
|-damage|p2a: Thundurus|91\/299
|
|-heal|p1a: Heatran|166\/386|[from] item: Leftovers
|turn|7
|c| Lord A.L|Ouais ce tank
|
|switch|p1a: Azumarill|Azumarill, F|363\/363
|move|p2a: Thundurus|Focus Blast|p1a: Azumarill
|-resisted|p1a: Azumarill
|-damage|p1a: Azumarill|251\/363
|-damage|p2a: Thundurus|62\/299|[from] item: Life Orb
|
|turn|8
|c|âSunshine 92|oue bien ... alors a ce qui parait t a tej etienne de a.l et oui mon tran est spe def
|c|âRoi Pika|belly drum full vitesse
|
|move|p2a: Thundurus|Thunder Wave|p1a: Azumarill
|-status|p1a: Azumarill|par
|move|p1a: Azumarill|Aqua Jet|p2a: Thundurus
|-damage|p2a: Thundurus|0 fnt
|faint|p2a: Thundurus
|
|c| Lord A.L|ouais j l ai ENFIN tej
|
|switch|p2a: Scizor|Scizor, M, shiny|192\/310
|turn|9
|
|switch|p1a: Gliscor|Gliscor, F|290\/354 tox
|move|p2a: Scizor|Bullet Punch|p1a: Gliscor
|-damage|p1a: Gliscor|178\/354 tox
|
|-heal|p1a: Gliscor|222\/354 tox|[from] ability: Poison Heal
|turn|10
|c| Lord A.L|Yeah THE switch
|c| Lord A.L|Let's Sunshine!
|
|move|p2a: Scizor|Bullet Punch|p1a: Gliscor
|-damage|p1a: Gliscor|117\/354 tox
|move|p1a: Gliscor|Knock Off|p2a: Scizor
|-damage|p2a: Scizor|120\/310
|-enditem|p2a: Scizor|Choice Band|[from] move: Knock Off|[of] p1a: Gliscor
|
|-heal|p1a: Gliscor|161\/354 tox|[from] ability: Poison Heal
|turn|11
|c|âSunshine 92|tavais raison , il respectait en aucun cas les principes de ta team , ( no hacking ) , t ab 1 resepctÃ© tes principes je te felicite
|
|switch|p2a: Diancie|Diancie, shiny|241\/241
|move|p1a: Gliscor|Roost|p1a: Gliscor
|-heal|p1a: Gliscor|338\/354 tox
|
|-heal|p1a: Gliscor|354\/354 tox|[from] ability: Poison Heal
|turn|12
|
|detailschange|p2a: Diancie|Diancie-Mega, shiny
|-mega|p2a: Diancie|Diancie|Diancite
|move|p1a: Gliscor|Earthquake|p2a: Diancie
|-supereffective|p2a: Diancie
|-damage|p2a: Diancie|0 fnt
|faint|p2a: Diancie
|
|
|switch|p2a: Garchomp|Garchomp, M, shiny|357\/357
|turn|13
|c|âSunshine 92|gg alex
|c|âRoi Pika|gg
|
|move|p2a: Garchomp|Swords Dance|p2a: Garchomp
|-boost|p2a: Garchomp|atk|2
|move|p1a: Gliscor|Knock Off|p2a: Garchomp
|-damage|p2a: Garchomp|287\/357
|-damage|p1a: Gliscor|310\/354 tox|[from] ability: Rough Skin|[of] p2a: Garchomp
|-enditem|p2a: Garchomp|Lum Berry|[from] move: Knock Off|[of] p1a: Gliscor
|
|-heal|p1a: Gliscor|354\/354 tox|[from] ability: Poison Heal
|turn|14
|c| Lord A.L|merci ^^
|
|move|p2a: Garchomp|Outrage|p1a: Gliscor
|-damage|p1a: Gliscor|78\/354 tox
|move|p1a: Gliscor|Earthquake|p2a: Garchomp
|-damage|p2a: Garchomp|169\/357
|
|-heal|p1a: Gliscor|122\/354 tox|[from] ability: Poison Heal
|turn|15
|
|switch|p1a: Azumarill|Azumarill, F|251\/363 par
|move|p2a: Garchomp|Outrage|p1a: Azumarill
|-immune|p1a: Azumarill|[msg]
|
|turn|16
|
|cant|p1a: Azumarill|par
|move|p2a: Garchomp|Earthquake|p1a: Azumarill
|-damage|p1a: Azumarill|0 fnt
|faint|p1a: Azumarill
|
|
|switch|p1a: Lopunny|Lopunny, M|272\/272
|turn|17
|c|âSunshine 92|^^
|
|detailschange|p1a: Lopunny|Lopunny-Mega, M
|-mega|p1a: Lopunny|Lopunny|Lopunnite
|move|p1a: Lopunny|Fake Out|p2a: Garchomp
|-damage|p2a: Garchomp|88\/357
|-damage|p1a: Lopunny|238\/272|[from] ability: Rough Skin|[of] p2a: Garchomp
|cant|p2a: Garchomp|flinch
|
|turn|18
|
|move|p1a: Lopunny|Return|p2a: Garchomp
|-crit|p2a: Garchomp
|-damage|p2a: Garchomp|0 fnt
|-damage|p1a: Lopunny|204\/272|[from] ability: Rough Skin|[of] p2a: Garchomp
|faint|p2a: Garchomp
|
|c| Lord A.L|Pour l instant on est 10 contre 3 dans les votes.
|
|switch|p2a: Chansey|Chansey, F, shiny|641\/641
|turn|19
|c|âSunshine 92|10 votes pr son virement ?
|c|âRoi Pika|Davy je vote pour son virement a vie
|c| Lord A.L|(10 pour qu il degage et 3 pour qu il reste)
|
|move|p1a: Lopunny|High Jump Kick|p2a: Chansey
|-supereffective|p2a: Chansey
|-damage|p2a: Chansey|0 fnt
|faint|p2a: Chansey
|
|c| Lord A.L|xD donc 11
|c|âSunshine 92|ah ok bah c est tant mieux xD !
|c|âRoi Pika|lol
|
|switch|p2a: Scizor|Scizor, M, shiny|120\/310
|turn|20
|
|move|p2a: Scizor|Bullet Punch|p1a: Lopunny
|-damage|p1a: Lopunny|69\/272
|move|p1a: Lopunny|High Jump Kick|p2a: Scizor
|-damage|p2a: Scizor|0 fnt
|faint|p2a: Scizor
|
|win|Sunshine 92
|c| Lord A.L|Pk tu viens plus sur console ? Et gg
|c|âSunshine 92|siderella aurait pas Ã©tÃ© mort s aurait Ã©tÃ© un clean 5-0
|c|âRoi Pika|a cause d'Etienne
|c| Lord A.L|pk???
|c|âSunshine 92|pk je viens plus sur console ? justement c est a cause de cet enfoirÃ©
|c|âRoi Pika|ouais ma ta fail  le building
|c|âSunshine 92|parce que c est un mito qui tient jms ses promesses en gros voilÃ 
|c|âRoi Pika|il te  devait quoi?
|c| Lord A.L|ah Mytho je sais mais c etais quoi sa promesse?