|join|Sunshine 92
|join|145h
|player|p1|Sunshine 92|264
|player|p2|145h|238
|gametype|singles
|gen|6
|tier|OU (suspect test)
|rated
|clearpoke
|poke|p1|Charizard, M, shiny
|poke|p1|Tyranitar, M
|poke|p1|Excadrill, M
|poke|p1|Gothitelle, F
|poke|p1|Ferrothorn, M
|poke|p1|Azumarill, F
|poke|p2|Scizor, M
|poke|p2|Landorus-Therian, M
|poke|p2|Rotom-Wash
|poke|p2|Heatran, F
|poke|p2|Latios, M
|poke|p2|Keldeo
|rule|Swagger Clause: Swagger is banned
|rule|Baton Pass Clause: Limit one PokÃ©mon knowing Baton Pass
|rule|Sleep Clause Mod: Limit one foe put to sleep
|rule|Species Clause: Limit one of each PokÃ©mon
|rule|OHKO Clause: OHKO moves are banned
|rule|Moody Clause: Moody is banned
|rule|Evasion Moves Clause: Evasion moves are banned
|rule|Endless Battle Clause: Forcing endless battles is banned
|rule|HP Percentage Mod: HP is shown in percentages
|teampreview
|
|start
|switch|p1a: Azumarill|Azumarill, F|404\/404
|switch|p2a: Heatran|Heatran, F|386\/386
|turn|1
|
|move|p2a: Heatran|Lava Plume|p1a: Azumarill
|-resisted|p1a: Azumarill
|-damage|p1a: Azumarill|337\/404
|-status|p1a: Azumarill|brn
|move|p1a: Azumarill|Waterfall|p2a: Heatran
|-supereffective|p2a: Heatran
|-damage|p2a: Heatran|224\/386
|
|-heal|p2a: Heatran|248\/386|[from] item: Leftovers
|-damage|p1a: Azumarill|287\/404 brn|[from] brn
|turn|2
|
|move|p2a: Heatran|Stealth Rock|p1a: Azumarill
|-sidestart|p1: Sunshine 92|move: Stealth Rock
|move|p1a: Azumarill|Knock Off|p2a: Heatran
|-damage|p2a: Heatran|177\/386
|-enditem|p2a: Heatran|Leftovers|[from] move: Knock Off|[of] p1a: Azumarill
|
|-damage|p1a: Azumarill|237\/404 brn|[from] brn
|turn|3
|
|move|p2a: Heatran|Lava Plume|p1a: Azumarill
|-resisted|p1a: Azumarill
|-damage|p1a: Azumarill|172\/404 brn
|move|p1a: Azumarill|Waterfall|p2a: Heatran
|-supereffective|p2a: Heatran
|-damage|p2a: Heatran|9\/386
|
|-damage|p1a: Azumarill|122\/404 brn|[from] brn
|turn|4
|
|move|p1a: Azumarill|Aqua Jet|p2a: Heatran
|-supereffective|p2a: Heatran
|-damage|p2a: Heatran|0 fnt
|faint|p2a: Heatran
|
|-damage|p1a: Azumarill|72\/404 brn|[from] brn
|c|â145h|oh cancel button how i loathe you
|
|switch|p2a: Keldeo|Keldeo|323\/323
|turn|5
|
|move|p2a: Keldeo|Substitute|p2a: Keldeo
|-start|p2a: Keldeo|Substitute
|-damage|p2a: Keldeo|243\/323
|move|p1a: Azumarill|Play Rough|p2a: Keldeo
|-supereffective|p2a: Keldeo
|-end|p2a: Keldeo|Substitute
|
|-heal|p2a: Keldeo|263\/323|[from] item: Leftovers
|-damage|p1a: Azumarill|22\/404 brn|[from] brn
|turn|6
|
|switch|p2a: Landorus-Therian|Landorus-Therian, M|319\/319
|-ability|p2a: Landorus-Therian|Intimidate|[of] p1a: Azumarill
|-unboost|p1a: Azumarill|atk|1
|move|p1a: Azumarill|Play Rough|p2a: Landorus-Therian
|-crit|p2a: Landorus-Therian
|-damage|p2a: Landorus-Therian|171\/319
|
|-heal|p2a: Landorus-Therian|190\/319|[from] item: Leftovers
|-damage|p1a: Azumarill|0 fnt|[from] brn
|faint|p1a: Azumarill
|
|switch|p1a: Charizard|Charizard, M, shiny|297\/297
|-damage|p1a: Charizard|149\/297|[from] Stealth Rock
|turn|7
|
|detailschange|p1a: Charizard|Charizard-Mega-Y, M, shiny
|-mega|p1a: Charizard|Charizard|Charizardite Y
|-weather|SunnyDay
|move|p1a: Charizard|Fire Blast|p2a: Landorus-Therian
|-damage|p2a: Landorus-Therian|0 fnt
|faint|p2a: Landorus-Therian
|
|-weather|SunnyDay|[upkeep]
|
|switch|p2a: Latios|Latios, M|302\/302
|turn|8
|
|switch|p2a: Keldeo|Keldeo|263\/323
|switch|p1a: Tyranitar|Tyranitar, M|342\/342
|-damage|p1a: Tyranitar|300\/342|[from] Stealth Rock
|-weather|Sandstorm
|
|-weather|Sandstorm|[upkeep]
|-damage|p2a: Keldeo|243\/323|[from] sandstorm
|-heal|p2a: Keldeo|263\/323|[from] item: Leftovers
|turn|9
|
|switch|p1a: Excadrill|Excadrill, M|362\/362
|-damage|p1a: Excadrill|351\/362|[from] Stealth Rock
|-item|p1a: Excadrill|Air Balloon
|move|p2a: Keldeo|Secret Sword|p1a: Excadrill
|-supereffective|p1a: Excadrill
|-damage|p1a: Excadrill|0 fnt
|-enditem|p1a: Excadrill|Air Balloon
|faint|p1a: Excadrill
|
|-weather|Sandstorm|[upkeep]
|-damage|p2a: Keldeo|243\/323|[from] sandstorm
|-heal|p2a: Keldeo|263\/323|[from] item: Leftovers
|
|switch|p1a: Gothitelle|Gothitelle, F|282\/282
|-damage|p1a: Gothitelle|247\/282|[from] Stealth Rock
|turn|10
|
|move|p2a: Keldeo|Hydro Pump|p1a: Gothitelle
|-crit|p1a: Gothitelle
|-damage|p1a: Gothitelle|0 fnt
|faint|p1a: Gothitelle
|
|-weather|Sandstorm|[upkeep]
|-damage|p2a: Keldeo|243\/323|[from] sandstorm
|-heal|p2a: Keldeo|263\/323|[from] item: Leftovers
|
|switch|p1a: Ferrothorn|Ferrothorn, M|352\/352
|-damage|p1a: Ferrothorn|330\/352|[from] Stealth Rock
|turn|11
|c|âSunshine 92|fuck you
|-message|Sunshine 92 forfeited.
|leave|Sunshine 92
|
|win|145h
|raw|Ladder updating...
|player|p1
|raw|Sunshine 92's rating: 1155 &rarr; <strong>1129<\/strong><br \/>(-26 for losing)
|raw|145h's rating: 1143 &rarr; <strong>1169<\/strong><br \/>(+26 for winning)