|join|dragon ascending
|join|Sunshine 92
|player|p1|dragon ascending|266
|player|p2|Sunshine 92|264
|gametype|singles
|gen|6
|tier|OU (suspect test)
|rated
|clearpoke
|poke|p1|Bisharp, M
|poke|p1|Sableye, M
|poke|p1|Skarmory, M
|poke|p1|Slowbro, F
|poke|p1|Chansey, F
|poke|p1|Amoonguss, M
|poke|p2|Lopunny, F
|poke|p2|Gothitelle, M
|poke|p2|Rotom-Wash
|poke|p2|Latias, F
|poke|p2|Heatran, M
|poke|p2|Azumarill, M
|rule|Swagger Clause: Swagger is banned
|rule|Baton Pass Clause: Limit one PokÃ©mon knowing Baton Pass
|rule|Sleep Clause Mod: Limit one foe put to sleep
|rule|Species Clause: Limit one of each PokÃ©mon
|rule|OHKO Clause: OHKO moves are banned
|rule|Moody Clause: Moody is banned
|rule|Evasion Moves Clause: Evasion moves are banned
|rule|Endless Battle Clause: Forcing endless battles is banned
|rule|HP Percentage Mod: HP is shown in percentages
|teampreview
|
|start
|switch|p1a: Sableye|Sableye, M|304\/304
|switch|p2a: Gothitelle|Gothitelle, M|282\/282
|turn|1
|
|switch|p2a: Lopunny|Lopunny, F|272\/272
|detailschange|p1a: Sableye|Sableye-Mega, M
|-mega|p1a: Sableye|Sableye|Sablenite
|move|p1a: Sableye|Calm Mind|p1a: Sableye
|-boost|p1a: Sableye|spa|1
|-boost|p1a: Sableye|spd|1
|
|turn|2
|
|switch|p2a: Gothitelle|Gothitelle, M|282\/282
|switch|p1a: Slowbro|Slowbro, F|394\/394
|
|turn|3
|
|move|p2a: Gothitelle|Energy Ball|p1a: Slowbro
|-supereffective|p1a: Slowbro
|-damage|p1a: Slowbro|42\/394
|move|p1a: Slowbro|Scald|p2a: Gothitelle
|-damage|p2a: Gothitelle|195\/282
|-status|p2a: Gothitelle|brn
|
|-damage|p2a: Gothitelle|160\/282 brn|[from] brn
|turn|4
|
|move|p2a: Gothitelle|Energy Ball|p1a: Slowbro
|-supereffective|p1a: Slowbro
|-damage|p1a: Slowbro|0 fnt
|faint|p1a: Slowbro
|
|-damage|p2a: Gothitelle|125\/282 brn|[from] brn
|
|switch|p1a: Bisharp|Bisharp, M|271\/271
|turn|5
|
|switch|p2a: Rotom-Wash|Rotom-Wash|304\/304
|move|p1a: Bisharp|Knock Off|p2a: Rotom-Wash
|-damage|p2a: Rotom-Wash|163\/304
|-enditem|p2a: Rotom-Wash|Leftovers|[from] move: Knock Off|[of] p1a: Bisharp
|
|turn|6
|
|switch|p1a: Sableye|Sableye-Mega, M|304\/304
|move|p2a: Rotom-Wash|Pain Split|p1a: Sableye
|-sethp|p1a: Sableye|233\/304|p2a: Rotom-Wash|233\/304|[from] move: Pain Split
|
|turn|7
|
|move|p2a: Rotom-Wash|Hydro Pump|p1a: Sableye
|-damage|p1a: Sableye|143\/304
|move|p1a: Sableye|Will-O-Wisp|p2a: Rotom-Wash
|-status|p2a: Rotom-Wash|brn
|
|-damage|p2a: Rotom-Wash|195\/304 brn|[from] brn
|turn|8
|
|move|p2a: Rotom-Wash|Volt Switch|p1a: Sableye
|-crit|p1a: Sableye
|-damage|p1a: Sableye|58\/304
|
|switch|p2a: Lopunny|Lopunny, F|272\/272
|move|p1a: Sableye|Recover|p1a: Sableye
|-heal|p1a: Sableye|210\/304
|
|turn|9
|
|detailschange|p2a: Lopunny|Lopunny-Mega, F
|-mega|p2a: Lopunny|Lopunny|Lopunnite
|move|p2a: Lopunny|High Jump Kick|p1a: Sableye
|-supereffective|p1a: Sableye
|-damage|p1a: Sableye|0 fnt
|faint|p1a: Sableye
|
|
|switch|p1a: Skarmory|Skarmory, M|334\/334
|turn|10
|
|switch|p2a: Heatran|Heatran, M|386\/386
|move|p1a: Skarmory|Spikes|p2a: Heatran
|-sidestart|p2: Sunshine 92|Spikes
|
|turn|11
|
|switch|p1a: Chansey|Chansey, F|641\/641
|move|p2a: Heatran|Taunt|p1a: Chansey
|-start|p1a: Chansey|move: Taunt
|
|turn|12
|
|move|p2a: Heatran|Stealth Rock|p1a: Chansey
|-sidestart|p1: dragon ascending|move: Stealth Rock
|move|p1a: Chansey|Seismic Toss|p2a: Heatran
|-damage|p2a: Heatran|286\/386
|
|-heal|p2a: Heatran|310\/386|[from] item: Leftovers
|turn|13
|
|move|p2a: Heatran|Toxic|p1a: Chansey
|-status|p1a: Chansey|tox
|move|p1a: Chansey|Seismic Toss|p2a: Heatran
|-damage|p2a: Heatran|210\/386
|
|-heal|p2a: Heatran|234\/386|[from] item: Leftovers
|-damage|p1a: Chansey|601\/641 tox|[from] psn
|turn|14
|
|switch|p2a: Latias|Latias, F|321\/321
|move|p1a: Chansey|Seismic Toss|p2a: Latias
|-damage|p2a: Latias|221\/321
|
|-heal|p2a: Latias|241\/321|[from] item: Leftovers
|-damage|p1a: Chansey|521\/641 tox|[from] psn
|-end|p1a: Chansey|move: Taunt
|turn|15
|
|switch|p1a: Bisharp|Bisharp, M|271\/271
|-damage|p1a: Bisharp|255\/271|[from] Stealth Rock
|move|p2a: Latias|Defog|p1a: Bisharp
|-unboost|p1a: Bisharp|evasion|1
|-boost|p1a: Bisharp|atk|2|[from] ability: Defiant
|-sideend|p1: dragon ascending|Stealth Rock|[from] move: Defog|[of] p1a: Bisharp
|-sideend|p2: Sunshine 92|Spikes|[from] move: Defog|[of] p2a: Latias
|
|-heal|p2a: Latias|261\/321|[from] item: Leftovers
|-heal|p1a: Bisharp|271\/271|[from] item: Leftovers
|turn|16
|
|move|p2a: Latias|Draco Meteor|p1a: Bisharp
|-resisted|p1a: Bisharp
|-damage|p1a: Bisharp|135\/271
|-unboost|p2a: Latias|spa|2
|move|p1a: Bisharp|Swords Dance|p1a: Bisharp
|-boost|p1a: Bisharp|atk|2
|
|-heal|p2a: Latias|281\/321|[from] item: Leftovers
|-heal|p1a: Bisharp|151\/271|[from] item: Leftovers
|turn|17
|
|move|p1a: Bisharp|Sucker Punch|p2a: Latias
|-supereffective|p2a: Latias
|-damage|p2a: Latias|0 fnt
|faint|p2a: Latias
|
|-heal|p1a: Bisharp|167\/271|[from] item: Leftovers
|
|switch|p2a: Azumarill|Azumarill, M|363\/363
|turn|18
|
|move|p2a: Azumarill|Aqua Jet|p1a: Bisharp
|-damage|p1a: Bisharp|31\/271
|move|p1a: Bisharp|Iron Head|p2a: Azumarill
|-damage|p2a: Azumarill|0 fnt
|faint|p2a: Azumarill
|
|-heal|p1a: Bisharp|47\/271|[from] item: Leftovers
|
|switch|p2a: Rotom-Wash|Rotom-Wash|195\/304 brn
|turn|19
|
|move|p1a: Bisharp|Knock Off|p2a: Rotom-Wash
|-damage|p2a: Rotom-Wash|0 fnt
|faint|p2a: Rotom-Wash
|
|-heal|p1a: Bisharp|63\/271|[from] item: Leftovers
|
|switch|p2a: Lopunny|Lopunny-Mega, F|272\/272
|turn|20
|
|move|p2a: Lopunny|Fake Out|p1a: Bisharp
|-resisted|p1a: Bisharp
|-damage|p1a: Bisharp|29\/271
|cant|p1a: Bisharp|flinch
|
|-heal|p1a: Bisharp|45\/271|[from] item: Leftovers
|turn|21
|
|move|p1a: Bisharp|Sucker Punch|p2a: Lopunny
|-resisted|p2a: Lopunny
|-damage|p2a: Lopunny|23\/272
|move|p2a: Lopunny|Return|p1a: Bisharp
|-resisted|p1a: Bisharp
|-damage|p1a: Bisharp|0 fnt
|faint|p1a: Bisharp
|
|
|switch|p1a: Skarmory|Skarmory, M|334\/334
|turn|22
|
|switch|p2a: Heatran|Heatran, M|234\/386
|move|p1a: Skarmory|Spikes|p2a: Heatran
|-sidestart|p2: Sunshine 92|Spikes
|
|-heal|p2a: Heatran|258\/386|[from] item: Leftovers
|turn|23
|
|switch|p1a: Chansey|Chansey, F|521\/641
|move|p2a: Heatran|Toxic|p1a: Chansey
|-status|p1a: Chansey|tox
|
|-heal|p2a: Heatran|282\/386|[from] item: Leftovers
|-damage|p1a: Chansey|481\/641 tox|[from] psn
|turn|24
|
|move|p2a: Heatran|Lava Plume|p1a: Chansey
|-damage|p1a: Chansey|424\/641 tox
|move|p1a: Chansey|Stealth Rock|p2a: Heatran
|-sidestart|p2: Sunshine 92|move: Stealth Rock
|
|-heal|p2a: Heatran|306\/386|[from] item: Leftovers
|-damage|p1a: Chansey|344\/641 tox|[from] psn
|turn|25
|
|switch|p1a: Amoonguss|Amoonguss, M|432\/432
|move|p2a: Heatran|Taunt|p1a: Amoonguss
|-start|p1a: Amoonguss|move: Taunt
|
|-heal|p2a: Heatran|330\/386|[from] item: Leftovers
|turn|26
|
|switch|p2a: Lopunny|Lopunny-Mega, F|23\/272
|-damage|p2a: Lopunny|0 fnt|[from] Spikes
|faint|p2a: Lopunny
|move|p1a: Amoonguss|Giga Drain|p2: Lopunny|[notarget]
|-notarget
|
|
|switch|p2a: Heatran|Heatran, M|330\/386
|-damage|p2a: Heatran|282\/386|[from] Stealth Rock
|-damage|p2a: Heatran|234\/386|[from] Spikes
|turn|27
|
|move|p2a: Heatran|Lava Plume|p1a: Amoonguss
|-supereffective|p1a: Amoonguss
|-damage|p1a: Amoonguss|226\/432
|-status|p1a: Amoonguss|brn
|move|p1a: Amoonguss|Giga Drain|p2a: Heatran
|-resisted|p2a: Heatran
|-damage|p2a: Heatran|221\/386
|-heal|p1a: Amoonguss|233\/432 brn|[from] drain|[of] p2a: Heatran
|
|-heal|p2a: Heatran|245\/386|[from] item: Leftovers
|-heal|p1a: Amoonguss|260\/432 brn|[from] item: Black Sludge
|-damage|p1a: Amoonguss|206\/432 brn|[from] brn
|turn|28
|
|move|p2a: Heatran|Lava Plume|p1a: Amoonguss
|-supereffective|p1a: Amoonguss
|-damage|p1a: Amoonguss|20\/432 brn
|move|p1a: Amoonguss|Giga Drain|p2a: Heatran
|-resisted|p2a: Heatran
|-damage|p2a: Heatran|232\/386
|-heal|p1a: Amoonguss|27\/432 brn|[from] drain|[of] p2a: Heatran
|
|-heal|p2a: Heatran|256\/386|[from] item: Leftovers
|-heal|p1a: Amoonguss|54\/432 brn|[from] item: Black Sludge
|-damage|p1a: Amoonguss|0 fnt|[from] brn
|faint|p1a: Amoonguss
|
|switch|p1a: Chansey|Chansey, F|344\/641
|turn|29
|
|move|p2a: Heatran|Taunt|p1a: Chansey
|-start|p1a: Chansey|move: Taunt
|move|p1a: Chansey|Seismic Toss|p2a: Heatran
|-damage|p2a: Heatran|156\/386
|
|-heal|p2a: Heatran|180\/386|[from] item: Leftovers
|turn|30
|
|move|p2a: Heatran|Toxic|p1a: Chansey
|-status|p1a: Chansey|tox
|move|p1a: Chansey|Seismic Toss|p2a: Heatran
|-damage|p2a: Heatran|80\/386
|
|-heal|p2a: Heatran|104\/386|[from] item: Leftovers
|-damage|p1a: Chansey|304\/641 tox|[from] psn
|turn|31
|
|move|p2a: Heatran|Lava Plume|p1a: Chansey
|-damage|p1a: Chansey|243\/641 tox
|move|p1a: Chansey|Seismic Toss|p2a: Heatran
|-damage|p2a: Heatran|4\/386
|
|-heal|p2a: Heatran|28\/386|[from] item: Leftovers
|-damage|p1a: Chansey|163\/641 tox|[from] psn
|-end|p1a: Chansey|move: Taunt
|turn|32
|
|move|p2a: Heatran|Stealth Rock|p1a: Chansey
|-sidestart|p1: dragon ascending|move: Stealth Rock
|move|p1a: Chansey|Seismic Toss|p2a: Heatran
|-damage|p2a: Heatran|0 fnt
|faint|p2a: Heatran
|
|-damage|p1a: Chansey|43\/641 tox|[from] psn
|
|switch|p2a: Gothitelle|Gothitelle, M|125\/282 brn
|-damage|p2a: Gothitelle|90\/282 brn|[from] Stealth Rock
|-damage|p2a: Gothitelle|55\/282 brn|[from] Spikes
|turn|33
|
|move|p2a: Gothitelle|Hidden Power|p1a: Chansey
|-damage|p1a: Chansey|0 fnt
|faint|p1a: Chansey
|
|-damage|p2a: Gothitelle|20\/282 brn|[from] brn
|
|switch|p1a: Skarmory|Skarmory, M|334\/334
|-damage|p1a: Skarmory|293\/334|[from] Stealth Rock
|turn|34
|
|move|p2a: Gothitelle|Hidden Power|p1a: Skarmory
|-supereffective|p1a: Skarmory
|-damage|p1a: Skarmory|59\/334
|move|p1a: Skarmory|Roost|p1a: Skarmory
|-heal|p1a: Skarmory|226\/334
|
|-damage|p2a: Gothitelle|0 fnt|[from] brn
|faint|p2a: Gothitelle
|
|win|dragon ascending
|raw|Ladder updating...
|raw|dragon ascending's rating: 1451 &rarr; <strong>1465<\/strong><br \/>(+14 for winning)
|raw|Sunshine 92's rating: 1342 &rarr; <strong>1328<\/strong><br \/>(-14 for losing)
|c|âdragon ascending|gg