|join|OsoRojo6
|join|Gripper
|player|p1|OsoRojo6|184
|player|p2|Gripper|142
|gametype|singles
|gen|6
|tier|OU
|rated
|clearpoke
|poke|p1|Dragonite, M, shiny
|poke|p1|Chansey, F
|poke|p1|Cofagrigus, M, shiny
|poke|p1|Mandibuzz, F
|poke|p1|Breloom, M, shiny
|poke|p1|Charizard, M, shiny
|poke|p2|Zapdos
|poke|p2|Lopunny, M
|poke|p2|Gyarados, F
|poke|p2|Slowbro, M
|poke|p2|Garchomp, M
|poke|p2|Clefable, M
|rule|Swagger Clause: Swagger is banned
|rule|Baton Pass Clause: Limit one PokÃ©mon knowing Baton Pass
|rule|Sleep Clause Mod: Limit one foe put to sleep
|rule|Species Clause: Limit one of each PokÃ©mon
|rule|OHKO Clause: OHKO moves are banned
|rule|Moody Clause: Moody is banned
|rule|Evasion Moves Clause: Evasion moves are banned
|rule|Endless Battle Clause: Forcing endless battles is banned
|rule|HP Percentage Mod: HP is shown in percentages
|teampreview
|
|start
|switch|p1a: Cofagrigus|Cofagrigus, M, shiny|319\/319
|switch|p2a: Chimped|Garchomp, M|420\/420
|turn|1
|
|switch|p2a: Lured|Clefable, M|394\/394
|move|p1a: Cofagrigus|Infestation|p2a: Lured
|-crit|p2a: Lured
|-resisted|p2a: Lured
|-damage|p2a: Lured|383\/394
|-activate|p2a: Lured|move: Infestation|[of] p1a: Cofagrigus
|
|-heal|p2a: Lured|394\/394|[from] item: Leftovers
|turn|2
|
|switch|p1a: Charizard|Charizard, M, shiny|324\/324
|move|p2a: Lured|Wish|p2a: Lured
|
|-end|p2a: Lured|Infestation|[partiallytrapped]
|turn|3
|
|switch|p2a: Chimped|Garchomp, M|420\/420
|detailschange|p1a: Charizard|Charizard-Mega-Y, M, shiny
|-mega|p1a: Charizard|Charizard|Charizardite Y
|-weather|SunnyDay
|move|p1a: Charizard|Flamethrower|p2a: Chimped
|-resisted|p2a: Chimped
|-damage|p2a: Chimped|240\/420
|
|-weather|SunnyDay|[upkeep]
|-heal|p2a: Chimped|420\/420|[from] move: Wish|[wisher] Lured
|turn|4
|
|switch|p1a: Mandibuzz|Mandibuzz, F|424\/424
|move|p2a: Chimped|Stealth Rock|p1a: Mandibuzz
|-sidestart|p1: OsoRojo6|move: Stealth Rock
|
|-weather|SunnyDay|[upkeep]
|turn|5
|
|switch|p2a: Lured|Clefable, M|394\/394
|move|p1a: Mandibuzz|Knock Off|p2a: Lured
|-crit|p2a: Lured
|-resisted|p2a: Lured
|-damage|p2a: Lured|325\/394
|-enditem|p2a: Lured|Leftovers|[from] move: Knock Off|[of] p1a: Mandibuzz
|
|-weather|SunnyDay|[upkeep]
|turn|6
|
|move|p1a: Mandibuzz|Defog|p2a: Lured
|-unboost|p2a: Lured|evasion|1
|-sideend|p1: OsoRojo6|Stealth Rock|[from] move: Defog|[of] p1a: Mandibuzz
|move|p2a: Lured|Calm Mind|p2a: Lured
|-boost|p2a: Lured|spa|1
|-boost|p2a: Lured|spd|1
|
|-weather|SunnyDay|[upkeep]
|turn|7
|
|switch|p1a: Breloom|Breloom, M, shiny|261\/261
|move|p2a: Lured|Calm Mind|p2a: Lured
|-boost|p2a: Lured|spa|1
|-boost|p2a: Lured|spd|1
|
|-weather|none
|turn|8
|
|switch|p2a: Zapdus|Zapdos|384\/384
|-ability|p2a: Zapdus|Pressure
|move|p1a: Breloom|Spore|p2a: Zapdus
|-status|p2a: Zapdus|slp
|
|turn|9
|
|switch|p2a: Chimped|Garchomp, M|420\/420
|move|p1a: Breloom|Swords Dance|p1a: Breloom
|-boost|p1a: Breloom|atk|2
|
|turn|10
|
|move|p2a: Chimped|Fire Blast|p1a: Breloom
|-supereffective|p1a: Breloom
|-damage|p1a: Breloom|75\/261
|move|p1a: Breloom|Bullet Seed|p2a: Chimped
|-damage|p2a: Chimped|321\/420
|-damage|p2a: Chimped|221\/420
|-damage|p2a: Chimped|118\/420
|-hitcount|p2a: Chimped|3
|
|turn|11
|
|move|p1a: Breloom|Mach Punch|p2a: Chimped
|-damage|p2a: Chimped|0 fnt
|-damage|p1a: Breloom|43\/261|[from] ability: Rough Skin|[of] p2a: Chimped
|-damage|p1a: Breloom|0 fnt|[from] item: Rocky Helmet|[of] p2a: Chimped
|faint|p1a: Breloom
|faint|p2a: Chimped
|
|
|switch|p2a: Lobussy|Lopunny, M|271\/271
|switch|p1a: Charizard|Charizard-Mega-Y, M, shiny|324\/324
|-weather|SunnyDay
|turn|12
|
|detailschange|p2a: Lobussy|Lopunny-Mega, M
|-mega|p2a: Lobussy|Lopunny|Lopunnite
|move|p2a: Lobussy|High Jump Kick|p1a: Charizard
|-resisted|p1a: Charizard
|-damage|p1a: Charizard|189\/324
|move|p1a: Charizard|Flamethrower|p2a: Lobussy
|-damage|p2a: Lobussy|0 fnt
|faint|p2a: Lobussy
|
|-weather|SunnyDay|[upkeep]
|
|switch|p2a: Finis|Gyarados, F|331\/331
|-ability|p2a: Finis|Intimidate|[of] p1a: Charizard
|-unboost|p1a: Charizard|atk|1
|turn|13
|
|switch|p1a: Cofagrigus|Cofagrigus, M, shiny|319\/319
|move|p2a: Finis|Dragon Dance|p2a: Finis
|-boost|p2a: Finis|atk|1
|-boost|p2a: Finis|spe|1
|
|-weather|SunnyDay|[upkeep]
|turn|14
|
|switch|p2a: Lured|Clefable, M|325\/394
|move|p1a: Cofagrigus|Curse|p2a: Lured
|-start|p2a: Lured|Curse|[of] p1a: Cofagrigus
|-damage|p1a: Cofagrigus|160\/319
|
|-weather|SunnyDay|[upkeep]
|turn|15
|
|switch|p1a: Chansey|Chansey, F|703\/703
|move|p2a: Lured|Calm Mind|p2a: Lured
|-boost|p2a: Lured|spa|1
|-boost|p2a: Lured|spd|1
|
|-weather|SunnyDay|[upkeep]
|turn|16
|
|move|p2a: Lured|Calm Mind|p2a: Lured
|-boost|p2a: Lured|spa|1
|-boost|p2a: Lured|spd|1
|move|p1a: Chansey|Thunder Wave|p2a: Lured
|-status|p2a: Lured|par
|
|-weather|none
|turn|17
|
|move|p1a: Chansey|Seismic Toss|p2a: Lured
|-damage|p2a: Lured|225\/394 par
|move|p2a: Lured|Wish|p2a: Lured
|
|turn|18
|
|switch|p1a: Cofagrigus|Cofagrigus, M, shiny|160\/319
|move|p2a: Lured|Calm Mind|p2a: Lured
|-boost|p2a: Lured|spa|1
|-boost|p2a: Lured|spd|1
|
|-heal|p2a: Lured|394\/394 par|[from] move: Wish|[wisher] Lured
|turn|19
|
|move|p1a: Cofagrigus|Haze|p1a: Cofagrigus
|-clearallboost
|move|p2a: Lured|Moonblast|p1a: Cofagrigus
|-damage|p1a: Cofagrigus|61\/319
|-enditem|p1a: Cofagrigus|Sitrus Berry|[eat]
|-heal|p1a: Cofagrigus|140\/319|[from] item: Sitrus Berry
|
|turn|20
|
|switch|p1a: Charizard|Charizard-Mega-Y, M, shiny|189\/324
|-weather|SunnyDay
|move|p2a: Lured|Moonblast|p1a: Charizard
|-resisted|p1a: Charizard
|-damage|p1a: Charizard|144\/324
|
|-weather|SunnyDay|[upkeep]
|turn|21
|
|switch|p2a: Zapdus|Zapdos|384\/384 slp
|-ability|p2a: Zapdus|Pressure
|move|p1a: Charizard|Flamethrower|p2a: Zapdus
|-damage|p2a: Zapdus|81\/384 slp
|
|-weather|SunnyDay|[upkeep]
|-heal|p2a: Zapdus|105\/384 slp|[from] item: Leftovers
|turn|22
|
|move|p1a: Charizard|Flamethrower|p2a: Zapdus
|-crit|p2a: Zapdus
|-damage|p2a: Zapdus|0 fnt
|faint|p2a: Zapdus
|
|-weather|SunnyDay|[upkeep]
|
|switch|p2a: Finis|Gyarados, F|331\/331
|-ability|p2a: Finis|Intimidate|[of] p1a: Charizard
|-unboost|p1a: Charizard|atk|1
|turn|23
|
|switch|p1a: Mandibuzz|Mandibuzz, F|424\/424
|move|p2a: Finis|Dragon Dance|p2a: Finis
|-boost|p2a: Finis|atk|1
|-boost|p2a: Finis|spe|1
|
|-weather|SunnyDay|[upkeep]
|turn|24
|
|move|p2a: Finis|Natural Gift|p1a: Mandibuzz
|-damage|p1a: Mandibuzz|231\/424
|move|p1a: Mandibuzz|Foul Play|p2a: Finis
|-damage|p2a: Finis|27\/331
|
|-weather|none
|-heal|p1a: Mandibuzz|257\/424|[from] item: Leftovers
|turn|25
|
|move|p2a: Finis|Waterfall|p1a: Mandibuzz
|-damage|p1a: Mandibuzz|88\/424
|cant|p1a: Mandibuzz|flinch
|
|-heal|p1a: Mandibuzz|114\/424|[from] item: Leftovers
|turn|26
|
|move|p2a: Finis|Waterfall|p1a: Mandibuzz
|-damage|p1a: Mandibuzz|0 fnt
|faint|p1a: Mandibuzz
|
|
|switch|p1a: Dragonite|Dragonite, M, shiny|323\/323
|turn|27
|
|switch|p2a: Not a lure|Slowbro, M|394\/394
|move|p1a: Dragonite|Dragon Dance|p1a: Dragonite
|-boost|p1a: Dragonite|atk|1
|-boost|p1a: Dragonite|spe|1
|
|turn|28
|
|switch|p1a: Chansey|Chansey, F|703\/703
|move|p2a: Not a lure|Thunder Wave|p1a: Chansey
|-status|p1a: Chansey|par
|
|turn|29
|
|switch|p2a: Lured|Clefable, M|394\/394 par
|move|p1a: Chansey|Seismic Toss|p2a: Lured
|-damage|p2a: Lured|294\/394 par
|
|turn|30
|
|switch|p1a: Charizard|Charizard-Mega-Y, M, shiny|144\/324
|-weather|SunnyDay
|move|p2a: Lured|Calm Mind|p2a: Lured
|-boost|p2a: Lured|spa|1
|-boost|p2a: Lured|spd|1
|
|-weather|SunnyDay|[upkeep]
|turn|31
|
|move|p1a: Charizard|Flamethrower|p2a: Lured
|-damage|p2a: Lured|108\/394 par
|move|p2a: Lured|Soft-Boiled|p2a: Lured
|-heal|p2a: Lured|305\/394 par
|
|-weather|SunnyDay|[upkeep]
|turn|32
|
|move|p1a: Charizard|Flamethrower|p2a: Lured
|-damage|p2a: Lured|131\/394 par
|move|p2a: Lured|Soft-Boiled|p2a: Lured
|-heal|p2a: Lured|328\/394 par
|
|-weather|SunnyDay|[upkeep]
|turn|33
|
|move|p1a: Charizard|Flamethrower|p2a: Lured
|-damage|p2a: Lured|147\/394 par
|move|p2a: Lured|Calm Mind|p2a: Lured
|-boost|p2a: Lured|spa|1
|-boost|p2a: Lured|spd|1
|
|-weather|SunnyDay|[upkeep]
|turn|34
|
|move|p1a: Charizard|Flamethrower|p2a: Lured
|-damage|p2a: Lured|20\/394 par
|move|p2a: Lured|Soft-Boiled|p2a: Lured
|-heal|p2a: Lured|217\/394 par
|
|-weather|none
|turn|35
|
|switch|p1a: Cofagrigus|Cofagrigus, M, shiny|140\/319
|move|p2a: Lured|Moonblast|p1a: Cofagrigus
|-damage|p1a: Cofagrigus|0 fnt
|faint|p1a: Cofagrigus
|
|
|switch|p1a: Dragonite|Dragonite, M, shiny|323\/323
|turn|36
|
|move|p1a: Dragonite|Earthquake|p2a: Lured
|-damage|p2a: Lured|68\/394 par
|move|p2a: Lured|Soft-Boiled|p2a: Lured
|-heal|p2a: Lured|265\/394 par
|
|turn|37
|
|move|p1a: Dragonite|Dragon Dance|p1a: Dragonite
|-boost|p1a: Dragonite|atk|1
|-boost|p1a: Dragonite|spe|1
|move|p2a: Lured|Soft-Boiled|p2a: Lured
|-heal|p2a: Lured|394\/394 par
|
|turn|38
|
|switch|p2a: Finis|Gyarados, F|27\/331
|-ability|p2a: Finis|Intimidate|[of] p1a: Dragonite
|-unboost|p1a: Dragonite|atk|1
|move|p1a: Dragonite|Earthquake|p2a: Finis
|-immune|p2a: Finis|[msg]
|
|turn|39
|
|switch|p2a: Not a lure|Slowbro, M|394\/394
|move|p1a: Dragonite|Extreme Speed|p2a: Not a lure
|-damage|p2a: Not a lure|324\/394
|
|-heal|p2a: Not a lure|348\/394|[from] item: Leftovers
|turn|40
|
|switch|p1a: Chansey|Chansey, F|703\/703
|switch|p2a: Finis|Gyarados, F|27\/331
|-ability|p2a: Finis|Intimidate|[of] p1a: Chansey
|-unboost|p1a: Chansey|atk|1
|
|turn|41
|
|move|p2a: Finis|Waterfall|p1a: Chansey
|-damage|p1a: Chansey|532\/703
|move|p1a: Chansey|Seismic Toss|p2a: Finis
|-damage|p2a: Finis|0 fnt
|faint|p2a: Finis
|
|
|switch|p2a: Lured|Clefable, M|394\/394 par
|turn|42
|
|switch|p1a: Charizard|Charizard-Mega-Y, M, shiny|144\/324
|-weather|SunnyDay
|move|p2a: Lured|Calm Mind|p2a: Lured
|-boost|p2a: Lured|spa|1
|-boost|p2a: Lured|spd|1
|
|-weather|SunnyDay|[upkeep]
|turn|43
|
|move|p1a: Charizard|Flamethrower|p2a: Lured
|-damage|p2a: Lured|219\/394 par
|move|p2a: Lured|Calm Mind|p2a: Lured
|-boost|p2a: Lured|spa|1
|-boost|p2a: Lured|spd|1
|
|-weather|SunnyDay|[upkeep]
|turn|44
|
|move|p1a: Charizard|Flamethrower|p2a: Lured
|-crit|p2a: Lured
|-damage|p2a: Lured|0 fnt
|faint|p2a: Lured
|
|-weather|SunnyDay|[upkeep]
|-message|Gripper forfeited.
|
|win|OsoRojo6
|raw|Ladder updating...
|leave|Gripper
|player|p2
|raw|OsoRojo6's rating: 1537 &rarr; <strong>1560<\/strong><br \/>(+23 for winning)
|raw|Gripper's rating: 1592 &rarr; <strong>1569<\/strong><br \/>(-23 for losing)
|leave|OsoRojo6
|player|p1
|join|OsoRojo6
|leave|OsoRojo6
|join|OsoRojo6