|join|Mudoon
|join|Pain Face
|player|p1|Mudoon|126
|player|p2|Pain Face|171
|gametype|singles
|gen|6
|tier|OU
|rated
|clearpoke
|poke|p1|Metagross
|poke|p1|Entei, shiny
|poke|p1|Azumarill, F, shiny
|poke|p1|Landorus-Therian, M
|poke|p1|Raikou
|poke|p1|Latios, M
|poke|p2|Charizard, M, shiny
|poke|p2|Landorus-Therian, M
|poke|p2|Keldeo
|poke|p2|Empoleon, M
|poke|p2|Kyurem-Black, shiny
|poke|p2|Tyranitar, F
|rule|Swagger Clause: Swagger is banned
|rule|Baton Pass Clause: Limit one PokÃ©mon knowing Baton Pass
|rule|Sleep Clause Mod: Limit one foe put to sleep
|rule|Species Clause: Limit one of each PokÃ©mon
|rule|OHKO Clause: OHKO moves are banned
|rule|Moody Clause: Moody is banned
|rule|Evasion Moves Clause: Evasion moves are banned
|rule|Endless Battle Clause: Forcing endless battles is banned
|rule|HP Percentage Mod: HP is shown in percentages
|teampreview
|
|start
|switch|p1a: Landorus-Therian|Landorus-Therian, M|381\/381
|switch|p2a: red eyes|Charizard, M, shiny|297\/297
|-ability|p1a: Landorus-Therian|Intimidate|[of] p2a: red eyes
|-unboost|p2a: red eyes|atk|1
|turn|1
|
|switch|p1a: Latios|Latios, M|301\/301
|detailschange|p2a: red eyes|Charizard-Mega-Y, M, shiny
|message|Charizard has Mega Evolved into Mega Charizard!
|-weather|SunnyDay
|move|p2a: red eyes|Fire Blast|p1a: Latios
|-resisted|p1a: Latios
|-damage|p1a: Latios|118\/301
|
|-weather|SunnyDay|[upkeep]
|turn|2
|
|switch|p2a: darude|Tyranitar, F|403\/403
|-weather|Sandstorm
|move|p1a: Latios|Draco Meteor|p2a: darude
|-damage|p2a: darude|298\/403
|-unboost|p1a: Latios|spa|2
|
|-weather|Sandstorm|[upkeep]
|-damage|p1a: Latios|100\/301|[from] sandstorm
|turn|3
|
|move|p2a: darude|Pursuit|p1a: Latios|[from]Pursuit
|-supereffective|p1a: Latios
|-damage|p1a: Latios|0 fnt
|faint|p1a: Latios
|
|-weather|Sandstorm|[upkeep]
|
|switch|p1a: Metagross|Metagross|301\/301
|turn|4
|
|detailschange|p1a: Metagross|Metagross-Mega
|message|Metagross has Mega Evolved into Mega Metagross!
|move|p1a: Metagross|Meteor Mash|p2a: darude
|-supereffective|p2a: darude
|-damage|p2a: darude|0 fnt
|faint|p2a: darude
|
|-weather|Sandstorm|[upkeep]
|
|switch|p2a: red eyes|Charizard-Mega-Y, M, shiny|297\/297
|-weather|SunnyDay
|turn|5
|
|switch|p1a: Entei|Entei, shiny|371\/371
|-ability|p1a: Entei|Pressure
|move|p2a: red eyes|Fire Blast|p1a: Entei|[miss]
|-miss|p2a: red eyes|p1a: Entei
|
|-weather|SunnyDay|[upkeep]
|turn|6
|
|switch|p2a: landoghini|Landorus-Therian, M|369\/369
|-ability|p2a: landoghini|Intimidate|[of] p1a: Entei
|-unboost|p1a: Entei|atk|1
|move|p1a: Entei|Sacred Fire|p2a: landoghini
|-damage|p2a: landoghini|114\/369
|-status|p2a: landoghini|brn
|
|-weather|SunnyDay|[upkeep]
|-damage|p2a: landoghini|68\/369 brn|[from] brn
|turn|7
|
|move|p1a: Entei|Sacred Fire|p2a: landoghini
|-damage|p2a: landoghini|0 fnt
|faint|p2a: landoghini
|
|-weather|SunnyDay|[upkeep]
|join|look at god
|
|switch|p2a: ill have another|Keldeo|323\/323
|turn|8
|
|switch|p1a: Azumarill|Azumarill, F, shiny|364\/364
|move|p2a: ill have another|Secret Sword|p1a: Azumarill
|-resisted|p1a: Azumarill
|-damage|p1a: Azumarill|231\/364
|
|-weather|SunnyDay|[upkeep]
|turn|9
|
|switch|p2a: happy feet|Empoleon, M|372\/372
|move|p1a: Azumarill|Belly Drum|p1a: Azumarill
|-damage|p1a: Azumarill|49\/364
|-setboost|p1a: Azumarill|atk|6|[from] move: Belly Drum
|-enditem|p1a: Azumarill|Sitrus Berry|[eat]
|-heal|p1a: Azumarill|140\/364|[from] item: Sitrus Berry
|
|-weather|none
|turn|10
|
|move|p1a: Azumarill|Superpower|p2a: happy feet
|-supereffective|p2a: happy feet
|-damage|p2a: happy feet|0 fnt
|-unboost|p1a: Azumarill|atk|1
|-unboost|p1a: Azumarill|def|1
|faint|p2a: happy feet
|
|
|switch|p2a: gucci glacier|Kyurem-Black, shiny|391\/391
|-ability|p2a: gucci glacier|Teravolt
|turn|11
|
|move|p1a: Azumarill|Aqua Jet|p2a: gucci glacier
|-resisted|p2a: gucci glacier
|-damage|p2a: gucci glacier|262\/391
|move|p2a: gucci glacier|Fusion Bolt|p1a: Azumarill
|-supereffective|p1a: Azumarill
|-damage|p1a: Azumarill|0 fnt
|faint|p1a: Azumarill
|
|
|switch|p1a: Landorus-Therian|Landorus-Therian, M|381\/381
|-ability|p1a: Landorus-Therian|Intimidate|[of] p2a: gucci glacier
|-unboost|p2a: gucci glacier|atk|1
|turn|12
|
|switch|p2a: red eyes|Charizard-Mega-Y, M, shiny|297\/297
|-weather|SunnyDay
|move|p1a: Landorus-Therian|Stealth Rock|p2a: red eyes
|-sidestart|p2: Pain Face|move: Stealth Rock
|
|-weather|SunnyDay|[upkeep]
|turn|13
|
|move|p2a: red eyes|Fire Blast|p1a: Landorus-Therian
|-damage|p1a: Landorus-Therian|0 fnt
|faint|p1a: Landorus-Therian
|
|-weather|SunnyDay|[upkeep]
|
|switch|p1a: Raikou|Raikou|321\/321
|-ability|p1a: Raikou|Pressure
|turn|14
|
|move|p1a: Raikou|Thunderbolt|p2a: red eyes
|-supereffective|p2a: red eyes
|-damage|p2a: red eyes|31\/297
|-status|p2a: red eyes|par
|cant|p2a: red eyes|par
|
|-weather|SunnyDay|[upkeep]
|turn|15
|c|âMudoon|AV
|
|move|p1a: Raikou|Thunderbolt|p2a: red eyes
|-supereffective|p2a: red eyes
|-damage|p2a: red eyes|0 fnt
|faint|p2a: red eyes
|
|-weather|SunnyDay|[upkeep]
|c| look at god|no
|c|âMudoon|Didn't matter
|c|âMudoon|Banded Espeed cleaned up
|
|switch|p2a: gucci glacier|Kyurem-Black, shiny|262\/391
|-damage|p2a: gucci glacier|165\/391|[from] Stealth Rock
|-ability|p2a: gucci glacier|Teravolt
|turn|16
|
|move|p2a: gucci glacier|Iron Head|p1a: Raikou
|-resisted|p1a: Raikou
|-damage|p1a: Raikou|242\/321
|cant|p1a: Raikou|flinch
|
|-weather|none
|turn|17
|
|move|p2a: gucci glacier|Iron Head|p1a: Raikou
|-resisted|p1a: Raikou
|-damage|p1a: Raikou|166\/321
|move|p1a: Raikou|Shadow Ball|p2a: gucci glacier
|-damage|p2a: gucci glacier|54\/391
|
|turn|18
|
|move|p2a: gucci glacier|Iron Head|p1a: Raikou
|-resisted|p1a: Raikou
|-damage|p1a: Raikou|87\/321
|cant|p1a: Raikou|flinch
|
|turn|19
|
|switch|p1a: Entei|Entei, shiny|371\/371
|-ability|p1a: Entei|Pressure
|move|p2a: gucci glacier|Iron Head|p1a: Entei
|-resisted|p1a: Entei
|-damage|p1a: Entei|308\/371
|
|turn|20
|
|switch|p2a: ill have another|Keldeo|323\/323
|-damage|p2a: ill have another|303\/323|[from] Stealth Rock
|move|p1a: Entei|Extreme Speed|p2a: ill have another
|-damage|p2a: ill have another|139\/323
|
|turn|21
|c|âMudoon|counter?
|
|move|p1a: Entei|Extreme Speed|p2a: ill have another
|-damage|p2a: ill have another|0 fnt
|faint|p2a: ill have another
|
|c| look at god|no
|
|switch|p2a: gucci glacier|Kyurem-Black, shiny|54\/391
|-damage|p2a: gucci glacier|0 fnt|[from] Stealth Rock
|faint|p2a: gucci glacier
|
|win|Mudoon
|raw|Ladder updating...
|raw|Mudoon's rating: 1690 &rarr; <strong>1703<\/strong><br \/>(+13 for winning)
|raw|Pain Face's rating: 1564 &rarr; <strong>1551<\/strong><br \/>(-13 for losing)
|leave|Mudoon
|player|p1
|leave|Pain Face
|player|p2