|join|Mudoon
|join|Reverb
|player|p1|Mudoon|126
|player|p2|Reverb|#reverb
|gametype|singles
|gen|6
|tier|OU
|rated
|clearpoke
|poke|p1|Thundurus, M
|poke|p1|Lopunny, F
|poke|p1|Crawdaunt, M
|poke|p1|Latios, M
|poke|p1|Landorus-Therian, M
|poke|p1|Heatran, F
|poke|p2|Empoleon, M
|poke|p2|Tyranitar, F
|poke|p2|Charizard, M
|poke|p2|Keldeo
|poke|p2|Kyurem-Black
|poke|p2|Landorus-Therian, M
|rule|Swagger Clause: Swagger is banned
|rule|Baton Pass Clause: Limit one PokÃ©mon knowing Baton Pass
|rule|Sleep Clause Mod: Limit one foe put to sleep
|rule|Species Clause: Limit one of each PokÃ©mon
|rule|OHKO Clause: OHKO moves are banned
|rule|Moody Clause: Moody is banned
|rule|Evasion Moves Clause: Evasion moves are banned
|rule|Endless Battle Clause: Forcing endless battles is banned
|rule|HP Percentage Mod: HP is shown in percentages
|teampreview
|join|Boredom v2.0
|join|Jukain
|join|Albyness
|join|I ABR I
|join|MoB Barley
|join|Ox the Fox
|c|âMudoon|Well well
|c| MoB Barley|i almost just laddered reverb
|
|start
|switch|p1a: Lopunny|Lopunny, F|271\/271
|switch|p2a: Landorus-Therian|Landorus-Therian, M|327\/327
|-ability|p2a: Landorus-Therian|Intimidate|[of] p1a: Lopunny
|-unboost|p1a: Lopunny|atk|1
|turn|1
|join|haunter
|join|WECAMEASROMANS
|c| MoB Barley|so glad i didnt
|c| I ABR I|he is 2 ez to beat
|join|BAN SMOGFROG
|join|Garbageeee
|c| I ABR I|tho
|join|Escavalier
|c| Boredom v2.0|Still using that rain team MoB?
|join|CBChansey
|c| MoB Barley|ye
|
|switch|p2a: Keldeo|Keldeo|323\/323
|detailschange|p1a: Lopunny|Lopunny-Mega, F
|message|Lopunny has Mega Evolved into Mega Lopunny!
|move|p1a: Lopunny|Fake Out|p2a: Keldeo
|-damage|p2a: Keldeo|269\/323
|
|turn|2
|c|âReverb|oml
|c|âMudoon|Rain is hella good this gen
|join|Gizmo
|c|âReverb|it's huge
|join|ampd302
|c| I ABR I|yea
|c| I ABR I|lol
|c| Gizmo|wtf
|
|switch|p1a: Thundurus|Thundurus, M|299\/299
|move|p2a: Keldeo|Icy Wind|p1a: Thundurus
|-supereffective|p1a: Thundurus
|-damage|p1a: Thundurus|81\/299
|-unboost|p1a: Thundurus|spe|1
|
|turn|3
|c| I ABR I|reverb doesnt zard avoid 2hko at -1
|
|move|p2a: Keldeo|Icy Wind|p1a: Thundurus
|-supereffective|p1a: Thundurus
|-damage|p1a: Thundurus|0 fnt
|faint|p1a: Thundurus
|
|c| Escavalier|its like talonflame and tornadus
|c|âMudoon|ugh
|c| Escavalier|all over again
|c|âMudoon|1st misplay
|c|âReverb|i mean tbf
|
|switch|p1a: Crawdaunt|Crawdaunt, M|267\/267
|turn|4
|c| I ABR I|well it was a 50 50
|c|âReverb|i made a play
|leave|WECAMEASROMANS
|c| Garbageeee|^
|c|âMudoon|Indeed
|c|+Jukain|not really
Jukain was locked from talking by Reverb.
|unlink|jukain
|
|switch|p2a: Kyurem-Black|Kyurem-Black|391\/391
|-ability|p2a: Kyurem-Black|Teravolt
|move|p1a: Crawdaunt|Crabhammer|p2a: Kyurem-Black
|-resisted|p2a: Kyurem-Black
|-damage|p2a: Kyurem-Black|243\/391
|-damage|p1a: Crawdaunt|241\/267|[from] item: Life Orb
|
|turn|5
|c| Garbageeee|lmao
|c| CBChansey|lol
|c|âReverb|jukain, you need to simmer
Jukain was unlocked by Reverb.
|c|+Jukain|reverb what LOL
|
|switch|p1a: Landorus-Therian|Landorus-Therian, M|319\/319
|-ability|p1a: Landorus-Therian|Intimidate|[of] p2a: Kyurem-Black
|-unboost|p2a: Kyurem-Black|atk|1
|move|p2a: Kyurem-Black|Fusion Bolt|p1a: Landorus-Therian
|-immune|p1a: Landorus-Therian|[msg]
|
|turn|6
|
|switch|p2a: Landorus-Therian|Landorus-Therian, M|327\/327
|-ability|p2a: Landorus-Therian|Intimidate|[of] p1a: Landorus-Therian
|-unboost|p1a: Landorus-Therian|atk|1
|move|p1a: Landorus-Therian|U-turn|p2a: Landorus-Therian
|-resisted|p2a: Landorus-Therian
|-damage|p2a: Landorus-Therian|294\/327
|c| Albyness|Risky af
|
|switch|p1a: Latios|Latios, M|301\/301
|
|turn|7
|
|switch|p1a: Crawdaunt|Crawdaunt, M|241\/267
|move|p2a: Landorus-Therian|U-turn|p1a: Crawdaunt
|-crit|p1a: Crawdaunt
|-supereffective|p1a: Crawdaunt
|-damage|p1a: Crawdaunt|0 fnt
|faint|p1a: Crawdaunt
|c|âReverb|ok
|c|âMudoon|WEll
|c| Garbageeee|bop
|c|âReverb|that was a misplay
|c| Escavalier|what sort of play was that
|c|âReverb|lol
|c|âMudoon|I thought youd predict my scarf
|c|âMudoon|Why else would I bring it out
|c| Albyness|Uhm
|c| Garbageeee|u turning
|c| Garbageeee|is still better
|c| Garbageeee|lol
|
|switch|p2a: Kyurem-Black|Kyurem-Black|243\/391
|-ability|p2a: Kyurem-Black|Teravolt
|
|leave|MoB Barley
|c|âMudoon|I'm pretty sure it's already gam
|c|âMudoon|But I'll play it out
|
|switch|p1a: Heatran|Heatran, F|386\/386
|turn|8
|
|move|p2a: Kyurem-Black|Earth Power|p1a: Heatran
|-supereffective|p1a: Heatran
|-damage|p1a: Heatran|142\/386
|move|p1a: Heatran|Toxic|p2a: Kyurem-Black
|-status|p2a: Kyurem-Black|tox
|
|-heal|p1a: Heatran|166\/386|[from] item: Leftovers
|-damage|p2a: Kyurem-Black|219\/391 tox|[from] psn
|turn|9
|c| CBChansey|Weak KyuB
|
|switch|p2a: Empoleon|Empoleon, M|372\/372
|move|p1a: Heatran|Stealth Rock|p2a: Empoleon
|-sidestart|p2: Reverb|move: Stealth Rock
|
|-heal|p1a: Heatran|190\/386|[from] item: Leftovers
|turn|10
|
|move|p1a: Heatran|Protect|p1a: Heatran
|-singleturn|p1a: Heatran|Protect
|move|p2a: Empoleon|Defog|p1a: Heatran
|-activate|p1a: Heatran|Protect
|
|-heal|p1a: Heatran|214\/386|[from] item: Leftovers
|turn|11
|leave|ampd302
|
|switch|p1a: Latios|Latios, M|301\/301
|move|p2a: Empoleon|Stealth Rock|p1a: Latios
|-sidestart|p1: Mudoon|move: Stealth Rock
|
|turn|12
|join|MoB Barley
|
|move|p1a: Latios|Trick|p2a: Empoleon
|-activate|p1a: Latios|move: Trick|[of] p2a: Empoleon
|-item|p2a: Empoleon|Choice Scarf|[from] move: Trick
|-item|p1a: Latios|Leftovers|[from] move: Trick
|move|p2a: Empoleon|Defog|p1a: Latios
|-unboost|p1a: Latios|evasion|1
|-sideend|p1: Mudoon|Stealth Rock|[from] move: Defog|[of] p1a: Latios
|-sideend|p2: Reverb|Stealth Rock|[from] move: Defog|[of] p2a: Empoleon
|
|turn|13
|join|Alldaalts
|
|switch|p1a: Landorus-Therian|Landorus-Therian, M|319\/319
|-ability|p1a: Landorus-Therian|Intimidate|[of] p2a: Empoleon
|-unboost|p2a: Empoleon|atk|1
|switch|p2a: Tyranitar|Tyranitar, F|383\/383
|-weather|Sandstorm
|
|-weather|Sandstorm|[upkeep]
|turn|14
|
|move|p1a: Landorus-Therian|U-turn|p2a: Tyranitar
|-supereffective|p2a: Tyranitar
|-damage|p2a: Tyranitar|223\/383
|
|move|p2a: Tyranitar|Pursuit|p1a: Landorus-Therian|[from]Pursuit
|-damage|p1a: Landorus-Therian|63\/319
|switch|p1a: Heatran|Heatran, F|214\/386
|
|-weather|Sandstorm|[upkeep]
|-heal|p1a: Heatran|238\/386|[from] item: Leftovers
|turn|15
|
|switch|p1a: Lopunny|Lopunny-Mega, F|271\/271
|switch|p2a: Empoleon|Empoleon, M|372\/372
|
|-weather|Sandstorm|[upkeep]
|-damage|p1a: Lopunny|255\/271|[from] sandstorm
|turn|16
|c| Escavalier|big bunny
|
|move|p1a: Lopunny|Return|p2a: Empoleon
|-resisted|p2a: Empoleon
|-damage|p2a: Empoleon|297\/372
|move|p2a: Empoleon|Stealth Rock|p1a: Lopunny
|-sidestart|p1: Mudoon|move: Stealth Rock
|
|-weather|Sandstorm|[upkeep]
|-damage|p1a: Lopunny|239\/271|[from] sandstorm
|turn|17
|c| Albyness|Omai
|
|move|p1a: Lopunny|Return|p2a: Empoleon
|-resisted|p2a: Empoleon
|-damage|p2a: Empoleon|223\/372
|move|p2a: Empoleon|Stealth Rock|p1a: Lopunny
|-fail|p1a: Lopunny
|
|-weather|none
|turn|18
|c| MoB Barley|big bunny
|
|switch|p2a: Landorus-Therian|Landorus-Therian, M|294\/327
|-ability|p2a: Landorus-Therian|Intimidate|[of] p1a: Lopunny
|-unboost|p1a: Lopunny|atk|1
|move|p1a: Lopunny|Return|p2a: Landorus-Therian
|-damage|p2a: Landorus-Therian|153\/327
|
|turn|19
|c| Garbageeee|sub pup?
|leave|Alldaalts
|c| Albyness|Dat ass
|
|move|p2a: Landorus-Therian|U-turn|p1a: Lopunny
|-resisted|p1a: Lopunny
|-damage|p1a: Lopunny|192\/271
|
|switch|p2a: Empoleon|Empoleon, M|223\/372
|move|p1a: Lopunny|Return|p2a: Empoleon
|-resisted|p2a: Empoleon
|-damage|p2a: Empoleon|172\/372
|
|turn|20
|
|move|p1a: Lopunny|Return|p2a: Empoleon
|-resisted|p2a: Empoleon
|-damage|p2a: Empoleon|118\/372
|move|p2a: Empoleon|Scald|p1a: Lopunny
|-damage|p1a: Lopunny|33\/271
|
|turn|21
|c|âReverb|hjk?
|
|move|p1a: Lopunny|High Jump Kick|p2a: Empoleon
|-supereffective|p2a: Empoleon
|-damage|p2a: Empoleon|0 fnt
|faint|p2a: Empoleon
|
|c|âMudoon|Yes
|leave|I ABR I
|
|switch|p2a: Landorus-Therian|Landorus-Therian, M|153\/327
|-ability|p2a: Landorus-Therian|Intimidate|[of] p1a: Lopunny
|-unboost|p1a: Lopunny|atk|1
|turn|22
|
|switch|p1a: Heatran|Heatran, F|238\/386
|-damage|p1a: Heatran|190\/386|[from] Stealth Rock
|move|p2a: Landorus-Therian|U-turn|p1a: Heatran
|-resisted|p1a: Heatran
|-damage|p1a: Heatran|171\/386
|
|switch|p2a: Keldeo|Keldeo|269\/323
|
|-heal|p1a: Heatran|195\/386|[from] item: Leftovers
|turn|23
|
|move|p1a: Heatran|Protect|p1a: Heatran
|-singleturn|p1a: Heatran|Protect
|move|p2a: Keldeo|Scald|p1a: Heatran
|-activate|p1a: Heatran|Protect
|
|-heal|p1a: Heatran|219\/386|[from] item: Leftovers
|turn|24
|
|move|p2a: Keldeo|Scald|p1a: Heatran
|-supereffective|p1a: Heatran
|-damage|p1a: Heatran|0 fnt
|faint|p1a: Heatran
|
|
|switch|p1a: Latios|Latios, M|301\/301
|-damage|p1a: Latios|264\/301|[from] Stealth Rock
|turn|25
|c| MoB Barley|reverb
|
|switch|p2a: Tyranitar|Tyranitar, F|223\/383
|-weather|Sandstorm
|move|p1a: Latios|Trick|p2a: Tyranitar
|-activate|p1a: Latios|move: Trick|[of] p2a: Tyranitar
|-item|p2a: Tyranitar|Leftovers|[from] move: Trick
|-item|p1a: Latios|Choice Band|[from] move: Trick
|
|-weather|Sandstorm|[upkeep]
|-damage|p1a: Latios|246\/301|[from] sandstorm
|-heal|p2a: Tyranitar|246\/383|[from] item: Leftovers
|turn|26
|c|âReverb|hi
|c| MoB Barley|i just realized
|join|craing _;
|c|âReverb|?
|c|âReverb|now that he tricked
|c|âReverb|he can use any move
|c|âReverb|but
|c|âMudoon|Thought you'd go to lando
|c|âReverb|what if he got a scarf from me?
|join|Alldaalts
|c|âReverb|could he still pick any move?
|c|âMudoon|No
|leave|Alldaalts
|c| Ox the Fox|yes
|c| Boredom v2.0|yes
|c| MoB Barley|he can choose
|c| MoB Barley|any move
|c|âMudoon|Anyhow it's over
|c| Boredom v2.0|if you get a new scarf
|c| MoB Barley|bc its a new item
|c|âReverb|kk
|c|âMudoon|Peace man, good luck
|-message|Mudoon forfeited.
|
|win|Reverb
|raw|Ladder updating...
|c| MoB Barley|GGGGG
|leave|Mudoon
|player|p1