|join|Mudoon
|join|Olusho
|player|p1|Mudoon|141
|player|p2|Olusho|169
|gametype|singles
|gen|6
|tier|OU
|rated
|clearpoke
|poke|p1|Pinsir, M, shiny
|poke|p1|Clefable, F
|poke|p1|Latios, M
|poke|p1|Breloom, M
|poke|p1|Azumarill, F, shiny
|poke|p1|Heatran, M
|poke|p2|Celebi
|poke|p2|Rotom-Wash
|poke|p2|Kyurem-Black
|poke|p2|Gyarados, M
|poke|p2|Landorus-Therian, M
|poke|p2|Blissey, F
|rule|Sleep Clause Mod: Limit one foe put to sleep
|rule|Species Clause: Limit one of each Pokemon
|rule|OHKO Clause: OHKO moves are banned
|rule|Moody Clause: Moody is banned
|rule|Evasion Moves Clause: Evasion moves are banned
|rule|Endless Battle Clause: Forcing endless battles is banned.
|rule|HP Percentage Mod: HP is reported as percentages
|teampreview
|
|start
|switch|p1a: Pinsir|Pinsir, M, shiny|271\/271
|switch|p2a: Landorus-Therian|Landorus-Therian, M|320\/320
|-ability|p1a: Pinsir|Mold Breaker
|-ability|p2a: Landorus-Therian|Intimidate|[of] p1a: Pinsir
|-unboost|p1a: Pinsir|atk|1
|turn|1
|
|switch|p1a: Breloom|Breloom, M|262\/262
|move|p2a: Landorus-Therian|Stone Edge|p1a: Breloom
|-resisted|p1a: Breloom
|-damage|p1a: Breloom|133\/262
|
|turn|2
|
|switch|p2a: Celebi|Celebi|404\/404
|switch|p1a: Pinsir|Pinsir, M, shiny|271\/271
|-ability|p1a: Pinsir|Mold Breaker
|
|turn|3
|
|move|p1a: Pinsir|Earthquake|p2a: Celebi
|-resisted|p2a: Celebi
|-damage|p2a: Celebi|359\/404
|move|p2a: Celebi|Thunder Wave|p1a: Pinsir
|-status|p1a: Pinsir|par
|
|-heal|p2a: Celebi|384\/404|[from] item: Leftovers
|turn|4
|
|move|p2a: Celebi|Stealth Rock|p1a: Pinsir
|-sidestart|p1: Mudoon|move: Stealth Rock
|cant|p1a: Pinsir|par
|
|-heal|p2a: Celebi|404\/404|[from] item: Leftovers
|turn|5
|
|-formechange|p1a: Pinsir|Pinsir-Mega
|message|Pinsir has Mega Evolved into Mega Pinsir!
|move|p2a: Celebi|U-turn|p1a: Pinsir
|-resisted|p1a: Pinsir
|-damage|p1a: Pinsir|250\/271 par
|
|switch|p2a: Rotom-Wash|Rotom-Wash|303\/303
|move|p1a: Pinsir|Frustration|p2a: Rotom-Wash
|-resisted|p2a: Rotom-Wash
|-damage|p2a: Rotom-Wash|206\/303
|
|-heal|p2a: Rotom-Wash|224\/303|[from] item: Leftovers
|turn|6
|
|switch|p1a: Latios|Latios, M|301\/301
|-damage|p1a: Latios|264\/301|[from] Stealth Rock
|move|p2a: Rotom-Wash|Volt Switch|p1a: Latios
|-resisted|p1a: Latios
|-damage|p1a: Latios|227\/301
|
|switch|p2a: Gyarados|Gyarados, M|332\/332
|-ability|p2a: Gyarados|Intimidate|[of] p1a: Latios
|-unboost|p1a: Latios|atk|1
|
|turn|7
|
|move|p1a: Latios|Defog|p2a: Gyarados
|-unboost|p2a: Gyarados|evasion|1
|-sideend|p1: Mudoon|Stealth Rock|[from] move: Defog|[of] p1a: Latios
|move|p2a: Gyarados|Ice Fang|p1a: Latios
|-supereffective|p1a: Latios
|-damage|p1a: Latios|43\/301
|
|turn|8
|
|move|p1a: Latios|Draco Meteor|p2a: Gyarados
|-damage|p2a: Gyarados|79\/332
|-unboost|p1a: Latios|spa|2
|-damage|p1a: Latios|13\/301|[from] item: Life Orb
|move|p2a: Gyarados|Waterfall|p1a: Latios
|-crit|p1a: Latios
|-resisted|p1a: Latios
|-damage|p1a: Latios|0 fnt
|faint|p1a: Latios
|
|
|switch|p1a: Pinsir|Pinsir, M, shiny|250\/271 par
|-formechange|p1a: Pinsir|Pinsir-Mega
|turn|9
|
|switch|p1a: Breloom|Breloom, M|133\/262
|-formechange|p2a: Gyarados|Gyarados-Mega
|message|Gyarados has Mega Evolved into Mega Gyarados!
|-ability|p2a: Gyarados|Mold Breaker
|move|p2a: Gyarados|Ice Fang|p1a: Breloom
|-supereffective|p1a: Breloom
|-damage|p1a: Breloom|0 fnt
|faint|p1a: Breloom
|
|
|switch|p1a: Pinsir|Pinsir, M, shiny|250\/271 par
|-formechange|p1a: Pinsir|Pinsir-Mega
|turn|10
|chat|Olusho|??
|
|move|p1a: Pinsir|Quick Attack|p2a: Gyarados
|-damage|p2a: Gyarados|0 fnt
|faint|p2a: Gyarados
|
|
|switch|p2a: Kyurem-Black|Kyurem-Black|405\/405
|-ability|p2a: Kyurem-Black|Teravolt
|turn|11
|
|move|p2a: Kyurem-Black|Ice Beam|p1a: Pinsir
|-supereffective|p1a: Pinsir
|-damage|p1a: Pinsir|0 fnt
|faint|p1a: Pinsir
|
|
|switch|p1a: Heatran|Heatran, M|385\/385
|turn|12
|
|move|p2a: Kyurem-Black|Fusion Bolt|p1a: Heatran
|-damage|p1a: Heatran|272\/385
|move|p1a: Heatran|Stealth Rock|p2a: Kyurem-Black
|-sidestart|p2: Olusho|move: Stealth Rock
|
|-heal|p1a: Heatran|296\/385|[from] item: Leftovers
|turn|13
|
|move|p2a: Kyurem-Black|Earth Power|p1a: Heatran
|-supereffective|p1a: Heatran
|-damage|p1a: Heatran|0 fnt
|faint|p1a: Heatran
|
|
|switch|p1a: Azumarill|Azumarill, F, shiny|403\/403
|turn|14
|
|move|p2a: Kyurem-Black|Fusion Bolt|p1a: Azumarill
|-supereffective|p1a: Azumarill
|-damage|p1a: Azumarill|103\/403
|move|p1a: Azumarill|Play Rough|p2a: Kyurem-Black
|-supereffective|p2a: Kyurem-Black
|-damage|p2a: Kyurem-Black|0 fnt
|faint|p2a: Kyurem-Black
|
|
|switch|p2a: Rotom-Wash|Rotom-Wash|224\/303
|-damage|p2a: Rotom-Wash|187\/303|[from] Stealth Rock
|turn|15
|
|switch|p1a: Clefable|Clefable, F|394\/394
|move|p2a: Rotom-Wash|Volt Switch|p1a: Clefable
|-damage|p1a: Clefable|295\/394
|
|switch|p2a: Landorus-Therian|Landorus-Therian, M|320\/320
|-damage|p2a: Landorus-Therian|280\/320|[from] Stealth Rock
|-ability|p2a: Landorus-Therian|Intimidate|[of] p1a: Clefable
|-unboost|p1a: Clefable|atk|1
|
|-heal|p1a: Clefable|319\/394|[from] item: Leftovers
|turn|16
|
|move|p2a: Landorus-Therian|Earthquake|p1a: Clefable
|-damage|p1a: Clefable|18\/394
|move|p1a: Clefable|Soft-Boiled|p1a: Clefable
|-heal|p1a: Clefable|215\/394
|
|-heal|p1a: Clefable|239\/394|[from] item: Leftovers
|turn|17
|-message|Mudoon forfeited.
|chat|Olusho|chice banded Landorus!!!!
|
|win|Olusho
|raw|Ladder updating...
|leave|Mudoon
|player|p1
|raw|Mudoon's rating: 1900 &rarr; <strong>1872<\/strong><br \/>(-28 for losing)
|raw|Olusho's rating: 1755 &rarr; <strong>1783<\/strong><br \/>(+28 for winning)