|join|subzeromk
|join|Buyu
|player|p1|subzeromk|20
|player|p2|Buyu|101
|gametype|singles
|gen|6
|tier|OU
|rated
|clearpoke
|poke|p1|Sylveon, M
|poke|p1|Garchomp, F
|poke|p1|Heracross, M
|poke|p1|Breloom, F
|poke|p1|Bisharp, M
|poke|p1|Latios, M
|poke|p2|Bisharp, M
|poke|p2|Gengar, M
|poke|p2|Shuckle, F
|poke|p2|Heracross, F
|poke|p2|Landorus, M
|poke|p2|Thundurus, M
|rule|Swagger Clause: Swagger is banned
|rule|Baton Pass Clause: Limit one PokÃ©mon knowing Baton Pass
|rule|Sleep Clause Mod: Limit one foe put to sleep
|rule|Species Clause: Limit one of each PokÃ©mon
|rule|OHKO Clause: OHKO moves are banned
|rule|Moody Clause: Moody is banned
|rule|Evasion Moves Clause: Evasion moves are banned
|rule|Endless Battle Clause: Forcing endless battles is banned
|rule|HP Percentage Mod: HP is shown in percentages
|teampreview
|
|start
|switch|p1a: Heracross|Heracross, M|310\/310
|switch|p2a: Landorus|Landorus, M|331\/331
|turn|1
|
|switch|p1a: Latios|Latios, M|301\/301
|move|p2a: Landorus|Psychic|p1a: Latios
|-resisted|p1a: Latios
|-damage|p1a: Latios|223\/301
|
|turn|2
|
|switch|p2a: Bisharp|Bisharp, M|271\/271
|move|p1a: Latios|Draco Meteor|p2a: Bisharp
|-resisted|p2a: Bisharp
|-damage|p2a: Bisharp|64\/271
|-unboost|p1a: Latios|spa|2
|-damage|p1a: Latios|193\/301|[from] item: Life Orb
|
|turn|3
|
|move|p2a: Bisharp|Pursuit|p1a: Latios|[from]Pursuit
|-supereffective|p1a: Latios
|-damage|p1a: Latios|0 fnt
|faint|p1a: Latios
|
|
|switch|p1a: Garchomp|Garchomp, F|419\/419
|turn|4
|
|move|p1a: Garchomp|Stealth Rock|p2a: Bisharp
|-sidestart|p2: Buyu|move: Stealth Rock
|move|p2a: Bisharp|Knock Off|p1a: Garchomp
|-damage|p1a: Garchomp|266\/419
|-damage|p2a: Bisharp|31\/271|[from] ability: Rough Skin|[of] p1a: Garchomp
|-damage|p2a: Bisharp|0 fnt|[from] item: Rocky Helmet|[of] p1a: Garchomp
|faint|p2a: Bisharp
|
|
|switch|p2a: Shuckle|Shuckle, F|244\/244
|-damage|p2a: Shuckle|183\/244|[from] Stealth Rock
|turn|5
|
|switch|p1a: Heracross|Heracross, M|310\/310
|move|p2a: Shuckle|Sticky Web|p1a: Heracross
|-sidestart|p1: subzeromk|move: Sticky Web
|
|turn|6
|
|detailschange|p1a: Heracross|Heracross-Mega, M
|message|Heracross has Mega Evolved into Mega Heracross!
|move|p1a: Heracross|Pin Missile|p2a: Shuckle
|-damage|p2a: Shuckle|158\/244
|-damage|p2a: Shuckle|134\/244
|-damage|p2a: Shuckle|109\/244
|-damage|p2a: Shuckle|85\/244
|-damage|p2a: Shuckle|58\/244
|-hitcount|p2a: Shuckle|5
|move|p2a: Shuckle|Encore|p1a: Heracross
|-start|p1a: Heracross|Encore
|
|turn|7
|
|move|p1a: Heracross|Pin Missile|p2a: Shuckle
|-damage|p2a: Shuckle|31\/244
|-damage|p2a: Shuckle|4\/244
|-damage|p2a: Shuckle|0 fnt
|-hitcount|p2a: Shuckle|3
|faint|p2a: Shuckle
|
|
|switch|p2a: Landorus|Landorus, M|331\/331
|-damage|p2a: Landorus|290\/331|[from] Stealth Rock
|turn|8
|
|switch|p1a: Madara|Bisharp, M|289\/289
|-activate|p1a: Madara|move: Sticky Web
|-unboost|p1a: Madara|spe|1
|-boost|p1a: Madara|atk|2|[from] ability: Defiant
|move|p2a: Landorus|Earth Power|p1a: Madara
|-supereffective|p1a: Madara
|-damage|p1a: Madara|0 fnt
|faint|p1a: Madara
|
|
|switch|p1a: Sylveon|Sylveon, M|393\/393
|-activate|p1a: Sylveon|move: Sticky Web
|-unboost|p1a: Sylveon|spe|1
|turn|9
|
|move|p2a: Landorus|U-turn|p1a: Sylveon
|-resisted|p1a: Sylveon
|-damage|p1a: Sylveon|336\/393
|-damage|p2a: Landorus|257\/331|[from] item: Life Orb
|
|switch|p2a: Thundurus|Thundurus, M|299\/299
|-damage|p2a: Thundurus|225\/299|[from] Stealth Rock
|move|p1a: Sylveon|Hyper Voice|p2a: Thundurus
|-damage|p2a: Thundurus|0 fnt
|faint|p2a: Thundurus
|
|
|switch|p2a: Gengar|Gengar, M|259\/259
|-damage|p2a: Gengar|227\/259|[from] Stealth Rock
|turn|10
|
|switch|p1a: Garchomp|Garchomp, F|266\/419
|-activate|p1a: Garchomp|move: Sticky Web
|-unboost|p1a: Garchomp|spe|1
|move|p2a: Gengar|Sludge Wave|p1a: Garchomp
|-resisted|p1a: Garchomp
|-damage|p1a: Garchomp|127\/419
|-damage|p2a: Gengar|202\/259|[from] item: Life Orb
|
|turn|11
|
|move|p2a: Gengar|Shadow Ball|p1a: Garchomp
|-damage|p1a: Garchomp|0 fnt
|-damage|p2a: Gengar|177\/259|[from] item: Life Orb
|faint|p1a: Garchomp
|
|
|switch|p1a: Heracross|Heracross-Mega, M|310\/310
|-activate|p1a: Heracross|move: Sticky Web
|-unboost|p1a: Heracross|spe|1
|turn|12
|
|switch|p2a: Heracross|Heracross, F|301\/301
|-damage|p2a: Heracross|264\/301|[from] Stealth Rock
|move|p1a: Heracross|Bullet Seed|p2a: Heracross
|-resisted|p2a: Heracross
|-damage|p2a: Heracross|239\/301
|-resisted|p2a: Heracross
|-damage|p2a: Heracross|211\/301
|-resisted|p2a: Heracross
|-damage|p2a: Heracross|184\/301
|-resisted|p2a: Heracross
|-damage|p2a: Heracross|159\/301
|-resisted|p2a: Heracross
|-damage|p2a: Heracross|134\/301
|-hitcount|p2a: Heracross|5
|
|turn|13
|
|switch|p1a: Breloom|Breloom, F|262\/262
|-activate|p1a: Breloom|move: Sticky Web
|-unboost|p1a: Breloom|spe|1
|detailschange|p2a: Heracross|Heracross-Mega, F
|message|Heracross has Mega Evolved into Mega Heracross!
|move|p2a: Heracross|Rock Blast|p1a: Breloom|[miss]
|-miss|p2a: Heracross|p1a: Breloom
|
|turn|14
|
|move|p1a: Breloom|Mach Punch|p2a: Heracross
|-resisted|p2a: Heracross
|-damage|p2a: Heracross|72\/301
|-damage|p1a: Breloom|236\/262|[from] item: Life Orb
|move|p2a: Heracross|Pin Missile|p1a: Breloom
|-crit|p1a: Breloom
|-damage|p1a: Breloom|131\/262
|-damage|p1a: Breloom|58\/262
|-damage|p1a: Breloom|0 fnt
|-hitcount|p1a: Breloom|3
|faint|p1a: Breloom
|
|-message|subzeromk forfeited.
|
|win|Buyu
|raw|Ladder updating...
|leave|subzeromk
|player|p1
|raw|subzeromk's rating: 1646 &rarr; <strong>1621<\/strong><br \/>(-25 for losing)
|raw|Buyu's rating: 1555 &rarr; <strong>1580<\/strong><br \/>(+25 for winning)