|join|subzeromk
|join|comingthruu
|player|p1|subzeromk|20
|player|p2|comingthruu|151
|gametype|singles
|gen|6
|tier|OU
|rated
|clearpoke
|poke|p1|Garchomp, M
|poke|p1|Sylveon, M
|poke|p1|Heracross, F
|poke|p1|Breloom, M
|poke|p1|Bisharp, M
|poke|p1|Greninja, F
|poke|p2|Pinsir, F
|poke|p2|Landorus-Therian, M
|poke|p2|Clefable, F
|poke|p2|Rotom-Wash
|poke|p2|Excadrill, F
|poke|p2|Sylveon, F
|rule|Swagger Clause: Swagger is banned
|rule|Baton Pass Clause: Limit one PokÃ©mon knowing Baton Pass
|rule|Sleep Clause Mod: Limit one foe put to sleep
|rule|Species Clause: Limit one of each PokÃ©mon
|rule|OHKO Clause: OHKO moves are banned
|rule|Moody Clause: Moody is banned
|rule|Evasion Moves Clause: Evasion moves are banned
|rule|Endless Battle Clause: Forcing endless battles is banned
|rule|HP Percentage Mod: HP is shown in percentages
|teampreview
|
|start
|switch|p1a: Greninja|Greninja, F|285\/285
|switch|p2a: Landorus-Therian|Landorus-Therian, M|319\/319
|-ability|p2a: Landorus-Therian|Intimidate|[of] p1a: Greninja
|-unboost|p1a: Greninja|atk|1
|turn|1
|
|switch|p1a: Garchomp|Garchomp, M|419\/419
|move|p2a: Landorus-Therian|U-turn|p1a: Garchomp
|-damage|p1a: Garchomp|355\/419
|-damage|p2a: Landorus-Therian|280\/319|[from] ability: Rough Skin|[of] p1a: Garchomp
|-damage|p2a: Landorus-Therian|227\/319|[from] item: Rocky Helmet|[of] p1a: Garchomp
|
|switch|p2a: Sylveon|Sylveon, F|374\/374
|
|turn|2
|
|move|p1a: Garchomp|Stealth Rock|p2a: Sylveon
|-sidestart|p2: comingthruu|move: Stealth Rock
|move|p2a: Sylveon|Hyper Voice|p1a: Garchomp
|-supereffective|p1a: Garchomp
|-damage|p1a: Garchomp|0 fnt
|faint|p1a: Garchomp
|
|
|switch|p1a: Madara|Bisharp, M|289\/289
|turn|3
|
|switch|p2a: Rotom-Wash|Rotom-Wash|303\/303
|-damage|p2a: Rotom-Wash|266\/303|[from] Stealth Rock
|move|p1a: Madara|Knock Off|p2a: Rotom-Wash
|-damage|p2a: Rotom-Wash|94\/303
|-enditem|p2a: Rotom-Wash|Leftovers|[from] move: Knock Off|[of] p1a: Madara
|-damage|p1a: Madara|261\/289|[from] item: Life Orb
|
|turn|4
|
|move|p1a: Madara|Knock Off|p2a: Rotom-Wash
|-damage|p2a: Rotom-Wash|0 fnt
|-damage|p1a: Madara|233\/289|[from] item: Life Orb
|faint|p2a: Rotom-Wash
|
|
|switch|p2a: Pinsir|Pinsir, F|271\/271
|-damage|p2a: Pinsir|204\/271|[from] Stealth Rock
|turn|5
|
|detailschange|p2a: Pinsir|Pinsir-Mega, F
|message|Pinsir has Mega Evolved into Mega Pinsir!
|move|p1a: Madara|Sucker Punch|p2a: Pinsir
|-damage|p2a: Pinsir|21\/271
|-damage|p1a: Madara|205\/289|[from] item: Life Orb
|move|p2a: Pinsir|Close Combat|p1a: Madara
|-supereffective|p1a: Madara
|-damage|p1a: Madara|0 fnt
|-unboost|p2a: Pinsir|def|1
|-unboost|p2a: Pinsir|spd|1
|faint|p1a: Madara
|
|
|switch|p1a: Greninja|Greninja, F|285\/285
|turn|6
|
|switch|p2a: Clefable|Clefable, F|394\/394
|-damage|p2a: Clefable|345\/394|[from] Stealth Rock
|move|p1a: Greninja|Ice Beam|p2a: Clefable
|-start|p1a: Greninja|typechange|Ice|[from] Protean
|-damage|p2a: Clefable|199\/394
|-damage|p1a: Greninja|257\/285|[from] item: Life Orb
|
|-heal|p2a: Clefable|223\/394|[from] item: Leftovers
|turn|7
|
|move|p1a: Greninja|Gunk Shot|p2a: Clefable|[miss]
|-start|p1a: Greninja|typechange|Poison|[from] Protean
|-miss|p1a: Greninja|p2a: Clefable
|move|p2a: Clefable|Wish|p2a: Clefable
|
|-heal|p2a: Clefable|247\/394|[from] item: Leftovers
|turn|8
|
|switch|p2a: Landorus-Therian|Landorus-Therian, M|227\/319
|-damage|p2a: Landorus-Therian|188\/319|[from] Stealth Rock
|-ability|p2a: Landorus-Therian|Intimidate|[of] p1a: Greninja
|-unboost|p1a: Greninja|atk|1
|move|p1a: Greninja|Gunk Shot|p2a: Landorus-Therian
|-resisted|p2a: Landorus-Therian
|-damage|p2a: Landorus-Therian|127\/319
|-damage|p1a: Greninja|229\/285|[from] item: Life Orb
|
|-heal|p2a: Landorus-Therian|319\/319|[from] move: Wish|[wisher] Clefable
|turn|9
|
|move|p2a: Landorus-Therian|Earthquake|p1a: Greninja
|-supereffective|p1a: Greninja
|-damage|p1a: Greninja|0 fnt
|faint|p1a: Greninja
|
|
|switch|p1a: Breloom|Breloom, M|262\/262
|turn|10
|
|switch|p2a: Clefable|Clefable, F|247\/394
|-damage|p2a: Clefable|198\/394|[from] Stealth Rock
|move|p1a: Breloom|Swords Dance|p1a: Breloom
|-boost|p1a: Breloom|atk|2
|
|-heal|p2a: Clefable|222\/394|[from] item: Leftovers
|turn|11
|
|move|p1a: Breloom|Bullet Seed|p2a: Clefable
|-damage|p2a: Clefable|123\/394
|-damage|p2a: Clefable|32\/394
|-hitcount|p2a: Clefable|2
|-damage|p1a: Breloom|236\/262|[from] item: Life Orb
|move|p2a: Clefable|Moonblast|p1a: Breloom
|-supereffective|p1a: Breloom
|-damage|p1a: Breloom|0 fnt
|faint|p1a: Breloom
|
|-heal|p2a: Clefable|56\/394|[from] item: Leftovers
|-message|subzeromk forfeited.
|
|win|comingthruu
|raw|Ladder updating...
|leave|subzeromk
|player|p1
|raw|subzeromk's rating: 1728 &rarr; <strong>1696<\/strong><br \/>(-32 for losing)
|raw|comingthruu's rating: 1479 &rarr; <strong>1511<\/strong><br \/>(+32 for winning)