|join|doublade45
|join|subzeromk
|player|p1|doublade45|101
|player|p2|subzeromk|20
|gametype|singles
|gen|6
|tier|OU
|rated
|clearpoke
|poke|p1|Metagross
|poke|p1|Greninja, F
|poke|p1|Thundurus, M
|poke|p1|Landorus-Therian, M
|poke|p1|Gardevoir, M
|poke|p1|Garchomp, M
|poke|p2|Garchomp, M
|poke|p2|Sylveon, M
|poke|p2|Heracross, M
|poke|p2|Breloom, F
|poke|p2|Bisharp, M
|poke|p2|Tyranitar, M
|rule|Swagger Clause: Swagger is banned
|rule|Baton Pass Clause: Limit one PokÃ©mon knowing Baton Pass
|rule|Sleep Clause Mod: Limit one foe put to sleep
|rule|Species Clause: Limit one of each PokÃ©mon
|rule|OHKO Clause: OHKO moves are banned
|rule|Moody Clause: Moody is banned
|rule|Evasion Moves Clause: Evasion moves are banned
|rule|Endless Battle Clause: Forcing endless battles is banned
|rule|HP Percentage Mod: HP is shown in percentages
|teampreview
|
|start
|switch|p1a: Garchomp|Garchomp, M|357\/357
|switch|p2a: Tyranitar|Tyranitar, M|404\/404
|-weather|Sandstorm
|turn|1
|join|Hellfireâ£Chainy
|
|move|p1a: Garchomp|Earthquake|p2a: Tyranitar
|-supereffective|p2a: Tyranitar
|-damage|p2a: Tyranitar|146\/404
|move|p2a: Tyranitar|Ice Beam|p1a: Garchomp
|-crit|p1a: Garchomp
|-supereffective|p1a: Garchomp
|-enditem|p1a: Garchomp|Focus Sash
|-damage|p1a: Garchomp|1\/357
|
|-weather|Sandstorm|[upkeep]
|-heal|p2a: Tyranitar|171\/404|[from] item: Leftovers
|turn|2
|
|move|p1a: Garchomp|Stealth Rock|p2a: Tyranitar
|-sidestart|p2: subzeromk|move: Stealth Rock
|move|p2a: Tyranitar|Ice Beam|p1a: Garchomp
|-supereffective|p1a: Garchomp
|-damage|p1a: Garchomp|0 fnt
|faint|p1a: Garchomp
|
|-weather|Sandstorm|[upkeep]
|-heal|p2a: Tyranitar|196\/404|[from] item: Leftovers
|
|switch|p1a: Metagross|Metagross|301\/301
|turn|3
|
|switch|p2a: Garchomp|Garchomp, M|419\/419
|-damage|p2a: Garchomp|393\/419|[from] Stealth Rock
|detailschange|p1a: Metagross|Metagross-Mega
|message|Metagross has Mega Evolved into Mega Metagross!
|move|p1a: Metagross|Hammer Arm|p2a: Garchomp
|-damage|p2a: Garchomp|264\/419
|-damage|p1a: Metagross|264\/301|[from] ability: Rough Skin|[of] p2a: Garchomp
|-damage|p1a: Metagross|214\/301|[from] item: Rocky Helmet|[of] p2a: Garchomp
|-unboost|p1a: Metagross|spe|1
|
|-weather|Sandstorm|[upkeep]
|turn|4
|
|switch|p1a: Landorus-Therian|Landorus-Therian, M|319\/319
|-ability|p1a: Landorus-Therian|Intimidate|[of] p2a: Garchomp
|-unboost|p2a: Garchomp|atk|1
|move|p2a: Garchomp|Stealth Rock|p1a: Landorus-Therian
|-sidestart|p1: doublade45|move: Stealth Rock
|
|-weather|Sandstorm|[upkeep]
|turn|5
|
|move|p1a: Landorus-Therian|Earthquake|p2a: Garchomp
|-damage|p2a: Garchomp|119\/419
|move|p2a: Garchomp|Hidden Power|p1a: Landorus-Therian
|-supereffective|p1a: Landorus-Therian
|-damage|p1a: Landorus-Therian|127\/319
|
|-weather|none
|turn|6
|
|move|p1a: Landorus-Therian|Earthquake|p2a: Garchomp
|-damage|p2a: Garchomp|0 fnt
|faint|p2a: Garchomp
|
|
|switch|p2a: Breloom|Breloom, F|262\/262
|-damage|p2a: Breloom|246\/262|[from] Stealth Rock
|turn|7
|c|âsubzeromk|he is top 10
|
|switch|p1a: Metagross|Metagross-Mega|214\/301
|-damage|p1a: Metagross|196\/301|[from] Stealth Rock
|move|p2a: Breloom|Bullet Seed|p1a: Metagross
|-resisted|p1a: Metagross
|-damage|p1a: Metagross|165\/301
|-resisted|p1a: Metagross
|-damage|p1a: Metagross|134\/301
|-resisted|p1a: Metagross
|-damage|p1a: Metagross|103\/301
|-hitcount|p1a: Metagross|3
|-damage|p2a: Breloom|220\/262|[from] item: Life Orb
|
|turn|8
|
|switch|p2a: Tyranitar|Tyranitar, M|196\/404
|-damage|p2a: Tyranitar|146\/404|[from] Stealth Rock
|-weather|Sandstorm
|move|p1a: Metagross|Hammer Arm|p2a: Tyranitar
|-crit|p2a: Tyranitar
|-supereffective|p2a: Tyranitar
|-damage|p2a: Tyranitar|0 fnt
|-unboost|p1a: Metagross|spe|1
|faint|p2a: Tyranitar
|
|-weather|Sandstorm|[upkeep]
|
|switch|p2a: Heracross|Heracross, M|308\/308
|-damage|p2a: Heracross|270\/308|[from] Stealth Rock
|turn|9
|
|detailschange|p2a: Heracross|Heracross-Mega, M
|message|Heracross has Mega Evolved into Mega Heracross!
|move|p2a: Heracross|Bullet Seed|p1a: Metagross
|-resisted|p1a: Metagross
|-damage|p1a: Metagross|89\/301
|-resisted|p1a: Metagross
|-damage|p1a: Metagross|74\/301
|-resisted|p1a: Metagross
|-damage|p1a: Metagross|59\/301
|-resisted|p1a: Metagross
|-damage|p1a: Metagross|43\/301
|-resisted|p1a: Metagross
|-damage|p1a: Metagross|28\/301
|-hitcount|p1a: Metagross|5
|move|p1a: Metagross|Zen Headbutt|p2a: Heracross
|-supereffective|p2a: Heracross
|-damage|p2a: Heracross|0 fnt
|faint|p2a: Heracross
|
|-weather|Sandstorm|[upkeep]
|
|switch|p2a: Breloom|Breloom, F|220\/262
|-damage|p2a: Breloom|204\/262|[from] Stealth Rock
|turn|10
|
|move|p2a: Breloom|Bullet Seed|p1a: Metagross
|-resisted|p1a: Metagross
|-damage|p1a: Metagross|0 fnt
|-hitcount|p1a: Metagross|1
|-damage|p2a: Breloom|178\/262|[from] item: Life Orb
|faint|p1a: Metagross
|
|-weather|Sandstorm|[upkeep]
|-damage|p2a: Breloom|162\/262|[from] sandstorm
|
|switch|p1a: Gardevoir|Gardevoir, M|278\/278
|-damage|p1a: Gardevoir|244\/278|[from] Stealth Rock
|-ability|p1a: Gardevoir|Technician|[from] ability: Trace|[of] p2a: Breloom
|turn|11
|
|switch|p2a: Sylveon|Sylveon, M|393\/393
|-damage|p2a: Sylveon|344\/393|[from] Stealth Rock
|move|p1a: Gardevoir|Moonblast|p2a: Sylveon
|-damage|p2a: Sylveon|157\/393
|-damage|p1a: Gardevoir|217\/278|[from] item: Life Orb
|
|-weather|Sandstorm|[upkeep]
|-damage|p1a: Gardevoir|200\/278|[from] sandstorm
|-damage|p2a: Sylveon|133\/393|[from] sandstorm
|turn|12
|
|move|p1a: Gardevoir|Moonblast|p2a: Sylveon
|-damage|p2a: Sylveon|0 fnt
|-damage|p1a: Gardevoir|173\/278|[from] item: Life Orb
|faint|p2a: Sylveon
|
|-weather|none
|
|switch|p2a: Madara|Bisharp, M|289\/289
|-damage|p2a: Madara|271\/289|[from] Stealth Rock
|turn|13
|join|Yoshiraptor
|
|move|p1a: Gardevoir|Moonblast|p2a: Madara
|-damage|p2a: Madara|0 fnt
|-damage|p1a: Gardevoir|146\/278|[from] item: Life Orb
|faint|p2a: Madara
|
|-message|subzeromk forfeited.
|
|win|doublade45
|raw|Ladder updating...
|leave|subzeromk
|player|p2
|raw|doublade45's rating: 1817 &rarr; <strong>1827<\/strong><br \/>(+10 for winning)
|raw|subzeromk's rating: 1629 &rarr; <strong>1619<\/strong><br \/>(-10 for losing)