|join|subzeromk
|join|Browneskiii
|player|p1|subzeromk|20
|player|p2|Browneskiii|266
|gametype|singles
|gen|6
|tier|OU
|rated
|clearpoke
|poke|p1|Sylveon, M
|poke|p1|Garchomp, F
|poke|p1|Metagross
|poke|p1|Breloom, M
|poke|p1|Bisharp, M
|poke|p1|Kyurem-Black, shiny
|poke|p2|Altaria, F
|poke|p2|Heatran, M
|poke|p2|Breloom, M
|poke|p2|Gengar, F
|poke|p2|Gyarados, F
|poke|p2|Keldeo
|rule|Swagger Clause: Swagger is banned
|rule|Baton Pass Clause: Limit one PokÃ©mon knowing Baton Pass
|rule|Sleep Clause Mod: Limit one foe put to sleep
|rule|Species Clause: Limit one of each PokÃ©mon
|rule|OHKO Clause: OHKO moves are banned
|rule|Moody Clause: Moody is banned
|rule|Evasion Moves Clause: Evasion moves are banned
|rule|Endless Battle Clause: Forcing endless battles is banned
|rule|HP Percentage Mod: HP is shown in percentages
|teampreview
|
|start
|switch|p1a: Kyurem-Black|Kyurem-Black, shiny|425\/425
|switch|p2a: Gengar|Gengar, F|262\/262
|-ability|p1a: Kyurem-Black|Teravolt
|turn|1
|
|move|p2a: Gengar|Destiny Bond|p2a: Gengar
|-singlemove|p2a: Gengar|Destiny Bond
|move|p1a: Kyurem-Black|Earth Power|p2a: Gengar
|-supereffective|p2a: Gengar
|-damage|p2a: Gengar|0 fnt
|-damage|p1a: Kyurem-Black|383\/425|[from] item: Life Orb
|faint|p2a: Gengar
|-activate|p2a: Gengar|Destiny Bond
|faint|p1a: Kyurem-Black
|
|
|switch|p1a: Metagross|Metagross|302\/302
|switch|p2a: Heatran|Heatran, M|323\/323
|turn|2
|
|detailschange|p1a: Metagross|Metagross-Mega
|message|Metagross has Mega Evolved into Mega Metagross!
|move|p1a: Metagross|Hammer Arm|p2a: Heatran
|-supereffective|p2a: Heatran
|-damage|p2a: Heatran|0 fnt
|-unboost|p1a: Metagross|spe|1
|faint|p2a: Heatran
|
|
|switch|p2a: Gyarados|Gyarados, F|394\/394
|-ability|p2a: Gyarados|Intimidate|[of] p1a: Metagross
|-unboost|p1a: Metagross|atk|1
|turn|3
|
|move|p1a: Metagross|Thunder Punch|p2a: Gyarados
|-supereffective|p2a: Gyarados
|-damage|p2a: Gyarados|82\/394
|move|p2a: Gyarados|Substitute|p2a: Gyarados
|-fail|p2a: Gyarados|move: Substitute|[weak]
|
|-heal|p2a: Gyarados|106\/394|[from] item: Leftovers
|turn|4
|
|switch|p2a: Keldeo|Keldeo|323\/323
|move|p1a: Metagross|Thunder Punch|p2a: Keldeo
|-supereffective|p2a: Keldeo
|-damage|p2a: Keldeo|117\/323
|
|turn|5
|
|move|p2a: Keldeo|Surf|p1a: Metagross
|-damage|p1a: Metagross|142\/302
|move|p1a: Metagross|Thunder Punch|p2a: Keldeo
|-supereffective|p2a: Keldeo
|-damage|p2a: Keldeo|0 fnt
|faint|p2a: Keldeo
|
|
|switch|p2a: Gyarados|Gyarados, F|106\/394
|-ability|p2a: Gyarados|Intimidate|[of] p1a: Metagross
|-unboost|p1a: Metagross|atk|1
|turn|6
|
|move|p1a: Metagross|Thunder Punch|p2a: Gyarados
|-supereffective|p2a: Gyarados
|-damage|p2a: Gyarados|0 fnt
|faint|p2a: Gyarados
|
|
|switch|p2a: Altaria|Altaria, F|291\/291
|turn|7
|
|switch|p1a: Sylveon|Sylveon, M|393\/393
|move|p2a: Altaria|Dragon Dance|p2a: Altaria
|-boost|p2a: Altaria|atk|1
|-boost|p2a: Altaria|spe|1
|
|turn|8
|
|detailschange|p2a: Altaria|Altaria-Mega, F
|message|Altaria has Mega Evolved into Mega Altaria!
|move|p2a: Altaria|Return|p1a: Sylveon
|-damage|p1a: Sylveon|0 fnt
|faint|p1a: Sylveon
|
|
|switch|p1a: Metagross|Metagross-Mega|142\/302
|turn|9
|
|move|p2a: Altaria|Earthquake|p1a: Metagross
|-supereffective|p1a: Metagross
|-damage|p1a: Metagross|0 fnt
|faint|p1a: Metagross
|
|-message|subzeromk forfeited.
|
|win|Browneskiii
|raw|Ladder updating...
|leave|subzeromk
|player|p1