|join|subzeromk
|join|lil manaphy
|player|p1|subzeromk|20
|player|p2|lil manaphy|8
|gametype|singles
|gen|6
|tier|OU
|rated
|clearpoke
|poke|p1|Heracross, F
|poke|p1|Garchomp, M
|poke|p1|Sylveon, F
|poke|p1|Breloom, F
|poke|p1|Bisharp, M
|poke|p1|Heatran, M
|poke|p2|Lopunny, M
|poke|p2|Rotom-Wash
|poke|p2|Gothitelle, M
|poke|p2|Mandibuzz, F
|poke|p2|Heatran, F
|poke|p2|Celebi
|rule|Swagger Clause: Swagger is banned
|rule|Baton Pass Clause: Limit one PokÃ©mon knowing Baton Pass
|rule|Sleep Clause Mod: Limit one foe put to sleep
|rule|Species Clause: Limit one of each PokÃ©mon
|rule|OHKO Clause: OHKO moves are banned
|rule|Moody Clause: Moody is banned
|rule|Evasion Moves Clause: Evasion moves are banned
|rule|Endless Battle Clause: Forcing endless battles is banned
|rule|HP Percentage Mod: HP is shown in percentages
|teampreview
|
|start
|switch|p1a: Sylveon|Sylveon, F|390\/390
|switch|p2a: Mandibuzz|Mandibuzz, F|424\/424
|turn|1
|join|Markastan
|join|Alvadora
|
|switch|p2a: Heatran|Heatran, F|386\/386
|move|p1a: Sylveon|Hyper Voice|p2a: Heatran
|-resisted|p2a: Heatran
|-damage|p2a: Heatran|332\/386
|
|-heal|p2a: Heatran|356\/386|[from] item: Leftovers
|turn|2
|join|Drag0n-fly64
|
|move|p2a: Heatran|Stealth Rock|p1a: Sylveon
|-sidestart|p1: subzeromk|move: Stealth Rock
|move|p1a: Sylveon|Hyper Voice|p2a: Heatran
|-crit|p2a: Heatran
|-resisted|p2a: Heatran
|-damage|p2a: Heatran|276\/386
|
|-heal|p2a: Heatran|300\/386|[from] item: Leftovers
|turn|3
|
|switch|p1a: Garchomp|Garchomp, M|420\/420
|-damage|p1a: Garchomp|394\/420|[from] Stealth Rock
|move|p2a: Heatran|Lava Plume|p1a: Garchomp
|-resisted|p1a: Garchomp
|-damage|p1a: Garchomp|321\/420
|
|-heal|p2a: Heatran|324\/386|[from] item: Leftovers
|turn|4
|
|switch|p2a: Mandibuzz|Mandibuzz, F|424\/424
|move|p1a: Garchomp|Stealth Rock|p2a: Mandibuzz
|-sidestart|p2: lil manaphy|move: Stealth Rock
|
|turn|5
|
|switch|p1a: Madara|Bisharp, M|272\/272
|-damage|p1a: Madara|255\/272|[from] Stealth Rock
|move|p2a: Mandibuzz|Foul Play|p1a: Madara
|-resisted|p1a: Madara
|-damage|p1a: Madara|159\/272
|
|turn|6
|
|move|p1a: Madara|Knock Off|p2a: Mandibuzz
|-resisted|p2a: Mandibuzz
|-damage|p2a: Mandibuzz|346\/424
|-enditem|p2a: Mandibuzz|Leftovers|[from] move: Knock Off|[of] p1a: Madara
|-damage|p1a: Madara|132\/272|[from] item: Life Orb
|move|p2a: Mandibuzz|Foul Play|p1a: Madara
|-resisted|p1a: Madara
|-damage|p1a: Madara|39\/272
|
|turn|7
|
|move|p1a: Madara|Iron Head|p2a: Mandibuzz
|-damage|p2a: Mandibuzz|204\/424
|-damage|p1a: Madara|12\/272|[from] item: Life Orb
|move|p2a: Mandibuzz|Foul Play|p1a: Madara
|-resisted|p1a: Madara
|-damage|p1a: Madara|0 fnt
|faint|p1a: Madara
|
|
|switch|p1a: Heracross|Heracross, F|301\/301
|-damage|p1a: Heracross|264\/301|[from] Stealth Rock
|turn|8
|
|detailschange|p1a: Heracross|Heracross-Mega, F
|message|Heracross has Mega Evolved into Mega Heracross!
|move|p1a: Heracross|Pin Missile|p2a: Mandibuzz
|-damage|p2a: Mandibuzz|165\/424
|-damage|p2a: Mandibuzz|122\/424
|-damage|p2a: Mandibuzz|82\/424
|-damage|p2a: Mandibuzz|42\/424
|-damage|p2a: Mandibuzz|3\/424
|-hitcount|p2a: Mandibuzz|5
|move|p2a: Mandibuzz|Foul Play|p1a: Heracross
|-resisted|p1a: Heracross
|-damage|p1a: Heracross|170\/301
|
|turn|9
|-message|subzeromk forfeited.
|
|win|lil manaphy
|raw|Ladder updating...
|leave|subzeromk
|player|p1
|raw|subzeromk's rating: 1729 &rarr; <strong>1706<\/strong><br \/>(-23 for losing)
|raw|lil manaphy's rating: 1676 &rarr; <strong>1699<\/strong><br \/>(+23 for winning)