|join|wish killer
|join|subzeromk
|player|p1|wish killer|288
|player|p2|subzeromk|20
|gametype|singles
|gen|6
|tier|OU
|rated
|clearpoke
|poke|p1|Bisharp, M
|poke|p1|Venusaur, M
|poke|p1|Heatran, M
|poke|p1|Keldeo
|poke|p1|Chansey, F
|poke|p1|Skarmory, M
|poke|p2|Sylveon, M
|poke|p2|Garchomp, M
|poke|p2|Heracross, F
|poke|p2|Breloom, M
|poke|p2|Bisharp, M
|poke|p2|Kyurem-Black, shiny
|rule|Swagger Clause: Swagger is banned
|rule|Baton Pass Clause: Limit one PokÃ©mon knowing Baton Pass
|rule|Sleep Clause Mod: Limit one foe put to sleep
|rule|Species Clause: Limit one of each PokÃ©mon
|rule|OHKO Clause: OHKO moves are banned
|rule|Moody Clause: Moody is banned
|rule|Evasion Moves Clause: Evasion moves are banned
|rule|Endless Battle Clause: Forcing endless battles is banned
|rule|HP Percentage Mod: HP is shown in percentages
|teampreview
|join|Alvadora
|
|start
|switch|p1a: Skarmory|Skarmory, M|334\/334
|switch|p2a: Garchomp|Garchomp, M|419\/419
|turn|1
|
|move|p2a: Garchomp|Fire Blast|p1a: Skarmory
|-supereffective|p1a: Skarmory
|-damage|p1a: Skarmory|166\/334
|move|p1a: Skarmory|Spikes|p2a: Garchomp
|-sidestart|p2: subzeromk|Spikes
|
|turn|2
|
|move|p2a: Garchomp|Fire Blast|p1a: Skarmory
|-supereffective|p1a: Skarmory
|-damage|p1a: Skarmory|4\/334
|move|p1a: Skarmory|Roost|p1a: Skarmory
|-heal|p1a: Skarmory|171\/334
|
|turn|3
|join|CDotocu
|
|move|p2a: Garchomp|Fire Blast|p1a: Skarmory|[miss]
|-miss|p2a: Garchomp|p1a: Skarmory
|move|p1a: Skarmory|Roost|p1a: Skarmory
|-heal|p1a: Skarmory|334\/334
|
|turn|4
|
|move|p2a: Garchomp|Stealth Rock|p1a: Skarmory
|-sidestart|p1: wish killer|move: Stealth Rock
|move|p1a: Skarmory|Spikes|p2a: Garchomp
|-sidestart|p2: subzeromk|Spikes
|
|turn|5
|
|switch|p2a: Kyurem-Black|Kyurem-Black, shiny|425\/425
|-damage|p2a: Kyurem-Black|355\/425|[from] Spikes
|-ability|p2a: Kyurem-Black|Teravolt
|move|p1a: Skarmory|Roost|p1a: Skarmory
|-fail|p1a: Skarmory
|
|turn|6
|
|switch|p1a: Chansey|Chansey, F|684\/684
|-damage|p1a: Chansey|599\/684|[from] Stealth Rock
|move|p2a: Kyurem-Black|Ice Beam|p1a: Chansey
|-crit|p1a: Chansey
|-damage|p1a: Chansey|412\/684
|-damage|p2a: Kyurem-Black|313\/425|[from] item: Life Orb
|
|turn|7
|
|move|p2a: Kyurem-Black|Fusion Bolt|p1a: Chansey
|-damage|p1a: Chansey|174\/684
|-damage|p2a: Kyurem-Black|271\/425|[from] item: Life Orb
|move|p1a: Chansey|Soft-Boiled|p1a: Chansey
|-heal|p1a: Chansey|516\/684
|
|turn|8
|
|switch|p2a: Heracross|Heracross, F|302\/302
|-damage|p2a: Heracross|252\/302|[from] Spikes
|move|p1a: Chansey|Seismic Toss|p2a: Heracross
|-damage|p2a: Heracross|152\/302
|
|turn|9
|
|switch|p1a: Skarmory|Skarmory, M|334\/334
|-damage|p1a: Skarmory|293\/334|[from] Stealth Rock
|detailschange|p2a: Heracross|Heracross-Mega, F
|message|Heracross has Mega Evolved into Mega Heracross!
|move|p2a: Heracross|Close Combat|p1a: Skarmory
|-damage|p1a: Skarmory|127\/334
|-damage|p2a: Heracross|102\/302|[from] item: Rocky Helmet|[of] p1a: Skarmory
|-unboost|p2a: Heracross|def|1
|-unboost|p2a: Heracross|spd|1
|
|turn|10
|
|move|p2a: Heracross|Close Combat|p1a: Skarmory
|-damage|p1a: Skarmory|0 fnt
|-damage|p2a: Heracross|52\/302|[from] item: Rocky Helmet|[of] p1a: Skarmory
|-unboost|p2a: Heracross|def|1
|-unboost|p2a: Heracross|spd|1
|faint|p1a: Skarmory
|
|
|switch|p1a: Keldeo|Keldeo|323\/323
|-damage|p1a: Keldeo|303\/323|[from] Stealth Rock
|turn|11
|
|move|p1a: Keldeo|Scald|p2a: Heracross
|-damage|p2a: Heracross|0 fnt
|faint|p2a: Heracross
|
|-heal|p1a: Keldeo|323\/323|[from] item: Leftovers
|
|switch|p2a: Breloom|Breloom, M|262\/262
|-damage|p2a: Breloom|219\/262|[from] Spikes
|turn|12
|
|switch|p1a: Venusaur|Venusaur, M|364\/364
|-damage|p1a: Venusaur|319\/364|[from] Stealth Rock
|move|p2a: Breloom|Swords Dance|p2a: Breloom
|-boost|p2a: Breloom|atk|2
|
|turn|13
|
|detailschange|p1a: Venusaur|Venusaur-Mega, M
|message|Venusaur has Mega Evolved into Mega Venusaur!
|move|p2a: Breloom|Bullet Seed|p1a: Venusaur
|-resisted|p1a: Venusaur
|-damage|p1a: Venusaur|290\/364
|-resisted|p1a: Venusaur
|-damage|p1a: Venusaur|261\/364
|-hitcount|p1a: Venusaur|2
|-damage|p2a: Breloom|193\/262|[from] item: Life Orb
|move|p1a: Venusaur|Hidden Power|p2a: Breloom
|-supereffective|p2a: Breloom
|-damage|p2a: Breloom|37\/262
|
|turn|14
|
|move|p2a: Breloom|Swords Dance|p2a: Breloom
|-boost|p2a: Breloom|atk|2
|move|p1a: Venusaur|Synthesis|p1a: Venusaur
|-heal|p1a: Venusaur|364\/364
|
|turn|15
|
|move|p2a: Breloom|Mach Punch|p1a: Venusaur
|-resisted|p1a: Venusaur
|-damage|p1a: Venusaur|243\/364
|-damage|p2a: Breloom|11\/262|[from] item: Life Orb
|move|p1a: Venusaur|Giga Drain|p2a: Breloom
|-resisted|p2a: Breloom
|-damage|p2a: Breloom|0 fnt
|-heal|p1a: Venusaur|249\/364|[from] drain|[of] p2a: Breloom
|faint|p2a: Breloom
|
|
|switch|p2a: Kyurem-Black|Kyurem-Black, shiny|271\/425
|-damage|p2a: Kyurem-Black|201\/425|[from] Spikes
|-ability|p2a: Kyurem-Black|Teravolt
|turn|16
|
|switch|p1a: Heatran|Heatran, M|340\/340
|-damage|p1a: Heatran|298\/340|[from] Stealth Rock
|-item|p1a: Heatran|Air Balloon
|move|p2a: Kyurem-Black|Ice Beam|p1a: Heatran
|-resisted|p1a: Heatran
|-damage|p1a: Heatran|249\/340
|-enditem|p1a: Heatran|Air Balloon
|-damage|p2a: Kyurem-Black|159\/425|[from] item: Life Orb
|
|turn|17
|
|move|p1a: Heatran|Stealth Rock|p2a: Kyurem-Black
|-sidestart|p2: subzeromk|move: Stealth Rock
|move|p2a: Kyurem-Black|Earth Power|p1a: Heatran
|-supereffective|p1a: Heatran
|-damage|p1a: Heatran|0 fnt
|-damage|p2a: Kyurem-Black|117\/425|[from] item: Life Orb
|faint|p1a: Heatran
|
|
|switch|p1a: Keldeo|Keldeo|323\/323
|-damage|p1a: Keldeo|303\/323|[from] Stealth Rock
|turn|18
|
|move|p1a: Keldeo|Secret Sword|p2a: Kyurem-Black
|-supereffective|p2a: Kyurem-Black
|-damage|p2a: Kyurem-Black|0 fnt
|faint|p2a: Kyurem-Black
|
|-heal|p1a: Keldeo|323\/323|[from] item: Leftovers
|
|switch|p2a: Sylveon|Sylveon, M|393\/393
|-damage|p2a: Sylveon|328\/393|[from] Spikes
|-damage|p2a: Sylveon|279\/393|[from] Stealth Rock
|turn|19
|
|switch|p1a: Chansey|Chansey, F|516\/684
|-damage|p1a: Chansey|431\/684|[from] Stealth Rock
|switch|p2a: Madara|Bisharp, M|272\/272
|-damage|p2a: Madara|255\/272|[from] Stealth Rock
|-damage|p2a: Madara|210\/272|[from] Spikes
|
|turn|20
|
|move|p2a: Madara|Knock Off|p1a: Chansey
|-damage|p1a: Chansey|129\/684
|-enditem|p1a: Chansey|Eviolite|[from] move: Knock Off|[of] p2a: Madara
|-damage|p2a: Madara|183\/272|[from] item: Life Orb
|move|p1a: Chansey|Thunder Wave|p2a: Madara
|-status|p2a: Madara|par
|
|turn|21
|
|move|p1a: Chansey|Seismic Toss|p2a: Madara
|-damage|p2a: Madara|83\/272 par
|cant|p2a: Madara|par
|
|turn|22
|-message|subzeromk forfeited.
|
|win|wish killer
|raw|Ladder updating...
|leave|subzeromk
|player|p2
|raw|wish killer's rating: 1782 &rarr; <strong>1797<\/strong><br \/>(+15 for winning)
|raw|subzeromk's rating: 1692 &rarr; <strong>1677<\/strong><br \/>(-15 for losing)