|join|subzeromk
|join|pure indifference
|player|p1|subzeromk|20
|player|p2|pure indifference|1
|gametype|singles
|gen|6
|tier|OU
|rated
|clearpoke
|poke|p1|Heracross, M
|poke|p1|Garchomp, M
|poke|p1|Sylveon, M
|poke|p1|Breloom, F
|poke|p1|Bisharp, M
|poke|p1|Heatran, F
|poke|p2|Gliscor, M
|poke|p2|Sylveon, M
|poke|p2|Latios, M
|poke|p2|Ferrothorn, M
|poke|p2|Tornadus-Therian, M
|poke|p2|Alomomola, M
|rule|Swagger Clause: Swagger is banned
|rule|Baton Pass Clause: Limit one PokÃ©mon knowing Baton Pass
|rule|Sleep Clause Mod: Limit one foe put to sleep
|rule|Species Clause: Limit one of each PokÃ©mon
|rule|OHKO Clause: OHKO moves are banned
|rule|Moody Clause: Moody is banned
|rule|Evasion Moves Clause: Evasion moves are banned
|rule|Endless Battle Clause: Forcing endless battles is banned
|rule|HP Percentage Mod: HP is shown in percentages
|teampreview
|
|start
|switch|p1a: Heatran|Heatran, F|323\/323
|switch|p2a: Tornadus-Therian|Tornadus-Therian, M|309\/309
|-item|p1a: Heatran|Air Balloon
|turn|1
|
|move|p2a: Tornadus-Therian|Focus Blast|p1a: Heatran
|-supereffective|p1a: Heatran
|-damage|p1a: Heatran|101\/323
|-enditem|p1a: Heatran|Air Balloon
|move|p1a: Heatran|Ancient Power|p2a: Tornadus-Therian
|-crit|p2a: Tornadus-Therian
|-supereffective|p2a: Tornadus-Therian
|-damage|p2a: Tornadus-Therian|161\/309
|
|turn|2
|
|move|p2a: Tornadus-Therian|Focus Blast|p1a: Heatran
|-supereffective|p1a: Heatran
|-damage|p1a: Heatran|0 fnt
|faint|p1a: Heatran
|
|
|switch|p1a: Sylveon|Sylveon, M|390\/390
|turn|3
|
|switch|p2a: Ferrothorn|Ferrothorn, M|351\/351
|switch|p1a: Heracross|Heracross, M|301\/301
|
|turn|4
|
|detailschange|p1a: Heracross|Heracross-Mega, M
|message|Heracross has Mega Evolved into Mega Heracross!
|move|p1a: Heracross|Pin Missile|p2a: Ferrothorn
|-damage|p2a: Ferrothorn|308\/351
|-crit|p2a: Ferrothorn
|-damage|p2a: Ferrothorn|242\/351
|-damage|p2a: Ferrothorn|197\/351
|-crit|p2a: Ferrothorn
|-damage|p2a: Ferrothorn|130\/351
|-damage|p2a: Ferrothorn|81\/351
|-hitcount|p2a: Ferrothorn|5
|move|p2a: Ferrothorn|Gyro Ball|p1a: Heracross
|-damage|p1a: Heracross|207\/301
|
|-heal|p2a: Ferrothorn|102\/351|[from] item: Leftovers
|turn|5
|
|switch|p2a: Sylveon|Sylveon, M|393\/393
|move|p1a: Heracross|Pin Missile|p2a: Sylveon
|-resisted|p2a: Sylveon
|-damage|p2a: Sylveon|364\/393
|-resisted|p2a: Sylveon
|-damage|p2a: Sylveon|337\/393
|-resisted|p2a: Sylveon
|-damage|p2a: Sylveon|307\/393
|-resisted|p2a: Sylveon
|-damage|p2a: Sylveon|281\/393
|-resisted|p2a: Sylveon
|-damage|p2a: Sylveon|256\/393
|-hitcount|p2a: Sylveon|5
|
|-heal|p2a: Sylveon|280\/393|[from] item: Leftovers
|turn|6
|
|switch|p1a: Sylveon|Sylveon, M|390\/390
|move|p2a: Sylveon|Hyper Voice|p1a: Sylveon
|-damage|p1a: Sylveon|267\/390
|
|-heal|p2a: Sylveon|304\/393|[from] item: Leftovers
|turn|7
|
|switch|p1a: Garchomp|Garchomp, M|420\/420
|move|p2a: Sylveon|Wish|p2a: Sylveon
|
|-heal|p2a: Sylveon|328\/393|[from] item: Leftovers
|turn|8
|
|switch|p1a: Sylveon|Sylveon, M|267\/390
|move|p2a: Sylveon|Hyper Voice|p1a: Sylveon
|-damage|p1a: Sylveon|149\/390
|
|-heal|p2a: Sylveon|393\/393|[from] move: Wish|[wisher] Sylveon
|turn|9
|
|move|p1a: Sylveon|Hyper Voice|p2a: Sylveon
|-damage|p2a: Sylveon|144\/393
|move|p2a: Sylveon|Hyper Voice|p1a: Sylveon
|-damage|p1a: Sylveon|26\/390
|
|-heal|p2a: Sylveon|168\/393|[from] item: Leftovers
|turn|10
|
|move|p2a: Sylveon|Protect|p2a: Sylveon
|-singleturn|p2a: Sylveon|Protect
|move|p1a: Sylveon|Hyper Voice|p2a: Sylveon
|-activate|p2a: Sylveon|Protect
|
|-heal|p2a: Sylveon|192\/393|[from] item: Leftovers
|turn|11
|
|switch|p2a: Tornadus-Therian|Tornadus-Therian, M|264\/309
|move|p1a: Sylveon|Hyper Voice|p2a: Tornadus-Therian
|-damage|p2a: Tornadus-Therian|42\/309
|
|turn|12
|
|move|p2a: Tornadus-Therian|Heat Wave|p1a: Sylveon
|-damage|p1a: Sylveon|0 fnt
|faint|p1a: Sylveon
|
|
|switch|p1a: Madara|Bisharp, M|272\/272
|turn|13
|
|switch|p2a: Gliscor|Gliscor, M|350\/350
|move|p1a: Madara|Swords Dance|p1a: Madara
|-boost|p1a: Madara|atk|2
|
|-status|p2a: Gliscor|tox|[from] item: Toxic Orb
|turn|14
|
|move|p2a: Gliscor|Earthquake|p1a: Madara
|-supereffective|p1a: Madara
|-damage|p1a: Madara|48\/272
|move|p1a: Madara|Knock Off|p2a: Gliscor
|-damage|p2a: Gliscor|0 fnt
|-enditem|p2a: Gliscor|Toxic Orb|[from] move: Knock Off|[of] p1a: Madara
|-damage|p1a: Madara|21\/272|[from] item: Life Orb
|faint|p2a: Gliscor
|
|
|switch|p2a: Ferrothorn|Ferrothorn, M|102\/351
|turn|15
|
|move|p1a: Madara|Knock Off|p2a: Ferrothorn
|-damage|p2a: Ferrothorn|0 fnt
|-damage|p1a: Madara|0 fnt|[from] ability: Iron Barbs|[of] p2a: Ferrothorn
|faint|p1a: Madara
|faint|p2a: Ferrothorn
|
|
|switch|p2a: Tornadus-Therian|Tornadus-Therian, M|145\/309
|switch|p1a: Heracross|Heracross-Mega, M|207\/301
|turn|16
|
|move|p2a: Tornadus-Therian|Hurricane|p1a: Heracross
|-supereffective|p1a: Heracross
|-damage|p1a: Heracross|0 fnt
|faint|p1a: Heracross
|
|
|switch|p1a: Breloom|Breloom, F|262\/262
|turn|17
|
|move|p2a: Tornadus-Therian|Heat Wave|p1a: Breloom
|-supereffective|p1a: Breloom
|-damage|p1a: Breloom|0 fnt
|faint|p1a: Breloom
|
|-message|subzeromk forfeited.
|
|win|pure indifference
|raw|Ladder updating...
|leave|subzeromk
|player|p1
|raw|subzeromk's rating: 1654 &rarr; <strong>1629<\/strong><br \/>(-25 for losing)
|raw|pure indifference's rating: 1567 &rarr; <strong>1592<\/strong><br \/>(+25 for winning)