|join|subzeromk
|join|Kandayo
|player|p1|subzeromk|20
|player|p2|Kandayo|52
|gametype|singles
|gen|6
|tier|OU
|rated
|clearpoke
|poke|p1|Sylveon, F
|poke|p1|Garchomp, M
|poke|p1|Heracross, M
|poke|p1|Breloom, M
|poke|p1|Bisharp, M
|poke|p1|Kyurem-Black, shiny
|poke|p2|Gardevoir, F
|poke|p2|Terrakion
|poke|p2|Excadrill, M
|poke|p2|Skarmory, F
|poke|p2|Heatran, M
|poke|p2|Rotom-Wash
|rule|Swagger Clause: Swagger is banned
|rule|Baton Pass Clause: Limit one PokÃ©mon knowing Baton Pass
|rule|Sleep Clause Mod: Limit one foe put to sleep
|rule|Species Clause: Limit one of each PokÃ©mon
|rule|OHKO Clause: OHKO moves are banned
|rule|Moody Clause: Moody is banned
|rule|Evasion Moves Clause: Evasion moves are banned
|rule|Endless Battle Clause: Forcing endless battles is banned
|rule|HP Percentage Mod: HP is shown in percentages
|teampreview
|
|start
|switch|p1a: Kyurem-Black|Kyurem-Black, shiny|438\/438
|switch|p2a: Rotom-Wash|Rotom-Wash|304\/304
|-ability|p1a: Kyurem-Black|Teravolt
|turn|1
|
|move|p1a: Kyurem-Black|Earth Power|p2a: Rotom-Wash
|-supereffective|p2a: Rotom-Wash
|-damage|p2a: Rotom-Wash|99\/304
|-damage|p1a: Kyurem-Black|395\/438|[from] item: Life Orb
|move|p2a: Rotom-Wash|Volt Switch|p1a: Kyurem-Black
|-resisted|p1a: Kyurem-Black
|-damage|p1a: Kyurem-Black|347\/438
|
|switch|p2a: Gardevoir|Gardevoir, F|277\/277
|-ability|p2a: Gardevoir|Teravolt|[from] ability: Trace|[of] p1a: Kyurem-Black
|-ability|p2a: Gardevoir|Teravolt
|
|turn|2
|
|detailschange|p2a: Gardevoir|Gardevoir-Mega, F
|message|Gardevoir has Mega Evolved into Mega Gardevoir!
|move|p2a: Gardevoir|Hyper Voice|p1a: Kyurem-Black
|-supereffective|p1a: Kyurem-Black
|-damage|p1a: Kyurem-Black|0 fnt
|faint|p1a: Kyurem-Black
|
|
|switch|p1a: Madara|Bisharp, M|272\/272
|turn|3
|
|switch|p2a: Skarmory|Skarmory, F|334\/334
|move|p1a: Madara|Sucker Punch|p2a: Skarmory
|-fail|p2a: Skarmory
|
|turn|4
|
|move|p1a: Madara|Swords Dance|p1a: Madara
|-boost|p1a: Madara|atk|2
|move|p2a: Skarmory|Spikes|p1a: Madara
|-sidestart|p1: subzeromk|Spikes
|
|turn|5
|
|move|p1a: Madara|Knock Off|p2a: Skarmory
|-damage|p2a: Skarmory|44\/334
|-enditem|p2a: Skarmory|Shed Shell|[from] move: Knock Off|[of] p1a: Madara
|-damage|p1a: Madara|245\/272|[from] item: Life Orb
|move|p2a: Skarmory|Roost|p2a: Skarmory
|-heal|p2a: Skarmory|211\/334
|
|turn|6
|
|move|p1a: Madara|Knock Off|p2a: Skarmory
|-damage|p2a: Skarmory|34\/334
|-damage|p1a: Madara|218\/272|[from] item: Life Orb
|move|p2a: Skarmory|Whirlwind|p1a: Madara
|drag|p1a: Garchomp|Garchomp, M|419\/419
|-damage|p1a: Garchomp|367\/419|[from] Spikes
|
|turn|7
|
|move|p1a: Garchomp|Stealth Rock|p2a: Skarmory
|-sidestart|p2: Kandayo|move: Stealth Rock
|move|p2a: Skarmory|Roost|p2a: Skarmory
|-heal|p2a: Skarmory|201\/334
|
|turn|8
|
|switch|p2a: Rotom-Wash|Rotom-Wash|99\/304
|-damage|p2a: Rotom-Wash|61\/304|[from] Stealth Rock
|move|p1a: Garchomp|Fire Blast|p2a: Rotom-Wash
|-resisted|p2a: Rotom-Wash
|-damage|p2a: Rotom-Wash|35\/304
|
|-heal|p2a: Rotom-Wash|54\/304|[from] item: Leftovers
|turn|9
|
|switch|p1a: Sylveon|Sylveon, F|393\/393
|-damage|p1a: Sylveon|344\/393|[from] Spikes
|move|p2a: Rotom-Wash|Pain Split|p1a: Sylveon
|-sethp|p1a: Sylveon|199\/393|p2a: Rotom-Wash|199\/304|[from] move: Pain Split
|
|-heal|p2a: Rotom-Wash|218\/304|[from] item: Leftovers
|turn|10
|
|switch|p2a: Heatran|Heatran, M|386\/386
|-damage|p2a: Heatran|338\/386|[from] Stealth Rock
|move|p1a: Sylveon|Hidden Power|p2a: Heatran
|-crit|p2a: Heatran
|-supereffective|p2a: Heatran
|-damage|p2a: Heatran|0 fnt
|faint|p2a: Heatran
|
|
|switch|p2a: Excadrill|Excadrill, M|362\/362
|-damage|p2a: Excadrill|351\/362|[from] Stealth Rock
|-ability|p2a: Excadrill|Mold Breaker
|turn|11
|
|switch|p1a: Garchomp|Garchomp, M|367\/419
|-damage|p1a: Garchomp|315\/419|[from] Spikes
|move|p2a: Excadrill|Iron Head|p1a: Garchomp
|-damage|p1a: Garchomp|213\/419
|-damage|p2a: Excadrill|306\/362|[from] ability: Rough Skin|[of] p1a: Garchomp
|-damage|p2a: Excadrill|246\/362|[from] item: Rocky Helmet|[of] p1a: Garchomp
|
|turn|12
|
|switch|p2a: Rotom-Wash|Rotom-Wash|218\/304
|-damage|p2a: Rotom-Wash|180\/304|[from] Stealth Rock
|move|p1a: Garchomp|Earthquake|p2a: Rotom-Wash
|-immune|p2a: Rotom-Wash|[msg]
|
|-heal|p2a: Rotom-Wash|199\/304|[from] item: Leftovers
|turn|13
|
|switch|p1a: Sylveon|Sylveon, F|199\/393
|-damage|p1a: Sylveon|150\/393|[from] Spikes
|move|p2a: Rotom-Wash|Volt Switch|p1a: Sylveon
|-damage|p1a: Sylveon|83\/393
|
|switch|p2a: Excadrill|Excadrill, M|246\/362
|-damage|p2a: Excadrill|235\/362|[from] Stealth Rock
|-ability|p2a: Excadrill|Mold Breaker
|
|turn|14
|
|move|p2a: Excadrill|Rapid Spin|p1a: Sylveon
|-damage|p1a: Sylveon|45\/393
|-sideend|p2: Kandayo|Stealth Rock|[from] move: Rapid Spin|[of] p2a: Excadrill
|move|p1a: Sylveon|Hyper Voice|p2a: Excadrill
|-resisted|p2a: Excadrill
|-damage|p2a: Excadrill|28\/362
|
|turn|15
|
|switch|p2a: Rotom-Wash|Rotom-Wash|199\/304
|move|p1a: Sylveon|Hyper Voice|p2a: Rotom-Wash
|-damage|p2a: Rotom-Wash|0 fnt
|faint|p2a: Rotom-Wash
|
|
|switch|p2a: Gardevoir|Gardevoir-Mega, F|277\/277
|turn|16
|
|move|p2a: Gardevoir|Hyper Voice|p1a: Sylveon
|-damage|p1a: Sylveon|0 fnt
|faint|p1a: Sylveon
|
|
|switch|p1a: Madara|Bisharp, M|218\/272
|-damage|p1a: Madara|184\/272|[from] Spikes
|turn|17
|
|switch|p2a: Skarmory|Skarmory, F|201\/334
|move|p1a: Madara|Sucker Punch|p2a: Skarmory
|-fail|p2a: Skarmory
|
|turn|18
|
|move|p1a: Madara|Swords Dance|p1a: Madara
|-boost|p1a: Madara|atk|2
|move|p2a: Skarmory|Whirlwind|p1a: Madara
|drag|p1a: Heracross|Heracross, M|306\/306
|-damage|p1a: Heracross|268\/306|[from] Spikes
|
|turn|19
|
|detailschange|p1a: Heracross|Heracross-Mega, M
|message|Heracross has Mega Evolved into Mega Heracross!
|move|p1a: Heracross|Close Combat|p2a: Skarmory
|-damage|p2a: Skarmory|14\/334
|-unboost|p1a: Heracross|def|1
|-unboost|p1a: Heracross|spd|1
|move|p2a: Skarmory|Brave Bird|p1a: Heracross
|-supereffective|p1a: Heracross
|-damage|p1a: Heracross|0 fnt
|-damage|p2a: Skarmory|0 fnt|[from] recoil|[of] p1a: Heracross
|faint|p1a: Heracross
|faint|p2a: Skarmory
|
|
|switch|p2a: Terrakion|Terrakion|323\/323
|switch|p1a: Breloom|Breloom, M|262\/262
|-damage|p1a: Breloom|230\/262|[from] Spikes
|turn|20
|
|move|p1a: Breloom|Mach Punch|p2a: Terrakion
|-supereffective|p2a: Terrakion
|-damage|p2a: Terrakion|27\/323
|-damage|p1a: Breloom|204\/262|[from] item: Life Orb
|move|p2a: Terrakion|Close Combat|p1a: Breloom
|-damage|p1a: Breloom|0 fnt
|-unboost|p2a: Terrakion|def|1
|-unboost|p2a: Terrakion|spd|1
|faint|p1a: Breloom
|
|
|switch|p1a: Madara|Bisharp, M|184\/272
|-damage|p1a: Madara|150\/272|[from] Spikes
|turn|21
|
|switch|p2a: Gardevoir|Gardevoir-Mega, F|277\/277
|move|p1a: Madara|Sucker Punch|p2a: Gardevoir
|-fail|p2a: Gardevoir
|
|turn|22
|
|move|p1a: Madara|Sucker Punch|p2a: Gardevoir
|-fail|p2a: Gardevoir
|move|p2a: Gardevoir|Healing Wish|p2a: Gardevoir
|faint|p2a: Gardevoir
|
|
|switch|p2a: Terrakion|Terrakion|27\/323
|-heal|p2a: Terrakion|323\/323|[from] move: Healing Wish
|turn|23
|
|switch|p1a: Garchomp|Garchomp, M|213\/419
|-damage|p1a: Garchomp|161\/419|[from] Spikes
|move|p2a: Terrakion|Close Combat|p1a: Garchomp
|-damage|p1a: Garchomp|0 fnt
|-damage|p2a: Terrakion|283\/323|[from] ability: Rough Skin|[of] p1a: Garchomp
|-damage|p2a: Terrakion|230\/323|[from] item: Rocky Helmet|[of] p1a: Garchomp
|-unboost|p2a: Terrakion|def|1
|-unboost|p2a: Terrakion|spd|1
|faint|p1a: Garchomp
|
|
|switch|p1a: Madara|Bisharp, M|150\/272
|-damage|p1a: Madara|116\/272|[from] Spikes
|turn|24
|
|move|p1a: Madara|Sucker Punch|p2a: Terrakion
|-resisted|p2a: Terrakion
|-damage|p2a: Terrakion|71\/323
|-boost|p2a: Terrakion|atk|1|[from] ability: Justified
|-damage|p1a: Madara|89\/272|[from] item: Life Orb
|move|p2a: Terrakion|Close Combat|p1a: Madara
|-crit|p1a: Madara
|-supereffective|p1a: Madara
|-damage|p1a: Madara|0 fnt
|-unboost|p2a: Terrakion|def|1
|-unboost|p2a: Terrakion|spd|1
|faint|p1a: Madara
|
|win|Kandayo
|raw|Ladder updating...
|raw|subzeromk's rating: 1848 &rarr; <strong>1816<\/strong><br \/>(-32 for losing)
|raw|Kandayo's rating: 1609 &rarr; <strong>1641<\/strong><br \/>(+32 for winning)
|c|âKandayo|gg
|leave|subzeromk
|player|p1