|join|MoB Barley
|join|subzeromk
|player|p1|MoB Barley|161
|player|p2|subzeromk|20
|gametype|singles
|gen|6
|tier|OU
|rated
|clearpoke
|poke|p1|Victini
|poke|p1|Greninja, M, shiny
|poke|p1|Bisharp, M, shiny
|poke|p1|Lopunny, F, shiny
|poke|p1|Azumarill, M
|poke|p1|Latios, M
|poke|p2|Sylveon, F
|poke|p2|Garchomp, M
|poke|p2|Heracross, M
|poke|p2|Breloom, F
|poke|p2|Bisharp, M
|poke|p2|Greninja, M
|rule|Swagger Clause: Swagger is banned
|rule|Baton Pass Clause: Limit one PokÃ©mon knowing Baton Pass
|rule|Sleep Clause Mod: Limit one foe put to sleep
|rule|Species Clause: Limit one of each PokÃ©mon
|rule|OHKO Clause: OHKO moves are banned
|rule|Moody Clause: Moody is banned
|rule|Evasion Moves Clause: Evasion moves are banned
|rule|Endless Battle Clause: Forcing endless battles is banned
|rule|HP Percentage Mod: HP is shown in percentages
|teampreview
|join|Quartz Quadrant
|
|start
|switch|p1a: Fr0gger|Greninja, M, shiny|285\/285
|switch|p2a: Greninja|Greninja, M|285\/285
|turn|1
|
|switch|p2a: Madara|Bisharp, M|289\/289
|move|p1a: Fr0gger|Gunk Shot|p2a: Madara
|-start|p1a: Fr0gger|typechange|Poison|[from] Protean
|-immune|p2a: Madara|[msg]
|
|turn|2
|
|move|p2a: Madara|Pursuit|p1a: Fr0gger|[from]Pursuit
|-damage|p1a: Fr0gger|0 fnt
|-damage|p2a: Madara|261\/289|[from] item: Life Orb
|faint|p1a: Fr0gger
|
|
|switch|p1a: Babs|Lopunny, F, shiny|271\/271
|turn|3
|
|switch|p2a: Garchomp|Garchomp, M|419\/419
|detailschange|p1a: Babs|Lopunny-Mega, F, shiny
|message|Lopunny has Mega Evolved into Mega Lopunny!
|move|p1a: Babs|Ice Punch|p2a: Garchomp
|-supereffective|p2a: Garchomp
|-damage|p2a: Garchomp|155\/419
|-damage|p1a: Babs|238\/271|[from] ability: Rough Skin|[of] p2a: Garchomp
|-damage|p1a: Babs|193\/271|[from] item: Rocky Helmet|[of] p2a: Garchomp
|
|turn|4
|
|move|p1a: Babs|Ice Punch|p2a: Garchomp
|-supereffective|p2a: Garchomp
|-damage|p2a: Garchomp|0 fnt
|-damage|p1a: Babs|160\/271|[from] ability: Rough Skin|[of] p2a: Garchomp
|-damage|p1a: Babs|115\/271|[from] item: Rocky Helmet|[of] p2a: Garchomp
|faint|p2a: Garchomp
|
|
|switch|p2a: Sylveon|Sylveon, F|393\/393
|turn|5
|
|switch|p1a: Destructo Disc|Victini|341\/341
|move|p2a: Sylveon|Hyper Voice|p1a: Destructo Disc
|-resisted|p1a: Destructo Disc
|-damage|p1a: Destructo Disc|180\/341
|
|turn|6
|
|move|p1a: Destructo Disc|V-create|p2a: Sylveon
|-damage|p2a: Sylveon|0 fnt
|-unboost|p1a: Destructo Disc|def|1
|-unboost|p1a: Destructo Disc|spd|1
|-unboost|p1a: Destructo Disc|spe|1
|faint|p2a: Sylveon
|
|
|switch|p2a: Madara|Bisharp, M|261\/289
|turn|7
|join|jailbait jenny
|
|move|p2a: Madara|Pursuit|p1a: Destructo Disc
|-supereffective|p1a: Destructo Disc
|-damage|p1a: Destructo Disc|0 fnt
|-damage|p2a: Madara|233\/289|[from] item: Life Orb
|faint|p1a: Destructo Disc
|
|
|switch|p1a: Water Bomb|Azumarill, M|360\/360
|turn|8
|
|switch|p2a: Heracross|Heracross, M|308\/308
|move|p1a: Water Bomb|Play Rough|p2a: Heracross
|-supereffective|p2a: Heracross
|-damage|p2a: Heracross|0 fnt
|faint|p2a: Heracross
|
|
|switch|p2a: Breloom|Breloom, F|262\/262
|turn|9
|join|i came from leddit
|
|switch|p1a: Prioritize|Bisharp, M, shiny|271\/271
|move|p2a: Breloom|Spore|p1a: Prioritize
|-status|p1a: Prioritize|slp
|
|turn|10
|
|switch|p1a: AC130|Latios, M|301\/301
|move|p2a: Breloom|Bullet Seed|p1a: AC130
|-resisted|p1a: AC130
|-damage|p1a: AC130|254\/301
|-resisted|p1a: AC130
|-damage|p1a: AC130|203\/301
|-hitcount|p1a: AC130|2
|-damage|p2a: Breloom|236\/262|[from] item: Life Orb
|
|turn|11
|c| i came from leddit|double to bisharp if real
|c| i came from leddit|o
|
|switch|p2a: Greninja|Greninja, M|285\/285
|move|p1a: AC130|Draco Meteor|p2a: Greninja
|-damage|p2a: Greninja|0 fnt
|-unboost|p1a: AC130|spa|2
|-damage|p1a: AC130|173\/301|[from] item: Life Orb
|faint|p2a: Greninja
|
|
|switch|p2a: Madara|Bisharp, M|233\/289
|turn|12
|leave|Quartz Quadrant
|c| i came from leddit|lol
|leave|i came from leddit
|
|move|p2a: Madara|Sucker Punch|p1a: AC130
|-supereffective|p1a: AC130
|-damage|p1a: AC130|0 fnt
|-damage|p2a: Madara|205\/289|[from] item: Life Orb
|faint|p1a: AC130
|
|
|switch|p1a: Babs|Lopunny-Mega, F, shiny|115\/271
|turn|13
|
|move|p2a: Madara|Sucker Punch|p1a: Babs
|-resisted|p1a: Babs
|-damage|p1a: Babs|6\/271
|-damage|p2a: Madara|177\/289|[from] item: Life Orb
|move|p1a: Babs|High Jump Kick|p2a: Madara
|-supereffective|p2a: Madara
|-damage|p2a: Madara|0 fnt
|faint|p2a: Madara
|
|leave|jailbait jenny
|
|switch|p2a: Breloom|Breloom, F|236\/262
|turn|14
|
|switch|p1a: Water Bomb|Azumarill, M|360\/360
|move|p2a: Breloom|Bullet Seed|p1a: Water Bomb
|-supereffective|p1a: Water Bomb
|-damage|p1a: Water Bomb|162\/360
|-enditem|p1a: Water Bomb|Sitrus Berry|[eat]
|-heal|p1a: Water Bomb|252\/360|[from] item: Sitrus Berry
|-supereffective|p1a: Water Bomb
|-damage|p1a: Water Bomb|62\/360
|-supereffective|p1a: Water Bomb
|-damage|p1a: Water Bomb|0 fnt
|-hitcount|p1a: Water Bomb|3
|-damage|p2a: Breloom|210\/262|[from] item: Life Orb
|faint|p1a: Water Bomb
|
|c|âMoB Barley|really?
|
|switch|p1a: Babs|Lopunny-Mega, F, shiny|6\/271
|turn|15
|
|move|p1a: Babs|Fake Out|p2a: Breloom
|-damage|p2a: Breloom|113\/262
|cant|p2a: Breloom|flinch
|
|turn|16
|
|switch|p1a: Prioritize|Bisharp, M, shiny|271\/271 slp
|move|p2a: Breloom|Mach Punch|p1a: Prioritize
|-crit|p1a: Prioritize
|-supereffective|p1a: Prioritize
|-enditem|p1a: Prioritize|Focus Sash
|-damage|p1a: Prioritize|1\/271 slp
|-damage|p2a: Breloom|87\/262|[from] item: Life Orb
|
|turn|17
|-message|subzeromk forfeited.
|
|win|MoB Barley
|raw|Ladder updating...
|leave|subzeromk
|player|p2
|raw|MoB Barley's rating: 1790 &rarr; <strong>1801<\/strong><br \/>(+11 for winning)
|raw|subzeromk's rating: 1622 &rarr; <strong>1611<\/strong><br \/>(-11 for losing)
|leave|MoB Barley
|player|p1