|join|Reverb
|join|subzeromk
|player|p1|Reverb|#cpgtan
|player|p2|subzeromk|20
|gametype|singles
|gen|6
|tier|OU
|rated
|clearpoke
|poke|p1|Empoleon, M
|poke|p1|Tyranitar, F
|poke|p1|Charizard, M
|poke|p1|Keldeo
|poke|p1|Kyurem-Black
|poke|p1|Landorus-Therian, M
|poke|p2|Heracross, M
|poke|p2|Garchomp, F
|poke|p2|Sylveon, M
|poke|p2|Breloom, F
|poke|p2|Bisharp, M
|poke|p2|Heatran, F
|rule|Swagger Clause: Swagger is banned
|rule|Baton Pass Clause: Limit one PokÃ©mon knowing Baton Pass
|rule|Sleep Clause Mod: Limit one foe put to sleep
|rule|Species Clause: Limit one of each PokÃ©mon
|rule|OHKO Clause: OHKO moves are banned
|rule|Moody Clause: Moody is banned
|rule|Evasion Moves Clause: Evasion moves are banned
|rule|Endless Battle Clause: Forcing endless battles is banned
|rule|HP Percentage Mod: HP is shown in percentages
|teampreview
|join|Squirrelll
|join|haunter
|join|Cienight
|c| Squirrelll|is the ladder not updating?
|join|oic
|join|Wind-Up Shark
|c| Squirrelll|you havent got your last 2 games points
|c|âReverb|yeah i have
|c|âReverb|on here
|c|âReverb|do \/rank reverb
|c| Squirrelll|whats your current rating
|c|âReverb|1809
|c| Squirrelll|i did 1809
|leave|Wind-Up Shark
|c|âReverb|i got the pts
|
|start
|switch|p1a: Keldeo|Keldeo|323\/323
|switch|p2a: Heracross|Heracross, M|301\/301
|turn|1
|c| Squirrelll|it said that 2 games ago
|
|detailschange|p2a: Heracross|Heracross-Mega, M
|message|Heracross has Mega Evolved into Mega Heracross!
|move|p1a: Keldeo|Hydro Pump|p2a: Heracross
|-damage|p2a: Heracross|30\/301
|move|p2a: Heracross|Bullet Seed|p1a: Keldeo
|-supereffective|p1a: Keldeo
|-damage|p1a: Keldeo|243\/323
|-supereffective|p1a: Keldeo
|-damage|p1a: Keldeo|161\/323
|-supereffective|p1a: Keldeo
|-damage|p1a: Keldeo|83\/323
|-supereffective|p1a: Keldeo
|-damage|p1a: Keldeo|0 fnt
|-hitcount|p1a: Keldeo|4
|faint|p1a: Keldeo
|
|c| oic|reverb are you the only one with that avi?
|c|âReverb|yes
|
|switch|p1a: Charizard|Charizard, M|297\/297
|turn|2
|join|Dell
|
|detailschange|p1a: Charizard|Charizard-Mega-Y, M
|message|Charizard has Mega Evolved into Mega Charizard!
|-weather|SunnyDay
|move|p1a: Charizard|Solar Beam|p2a: Heracross|[still]
|-prepare|p1a: Charizard|Solar Beam|p2a: Heracross
|-anim|p1a: Charizard|Solar Beam|p2a: Heracross
|-resisted|p2a: Heracross
|-damage|p2a: Heracross|0 fnt
|faint|p2a: Heracross
|
|-weather|SunnyDay|[upkeep]
|
|switch|p2a: Heatran|Heatran, F|323\/323
|-item|p2a: Heatran|Air Balloon
|turn|3
|join|Paramar
|
|move|p1a: Charizard|Focus Blast|p2a: Heatran|[miss]
|-miss|p1a: Charizard|p2a: Heatran
|move|p2a: Heatran|Ancient Power|p1a: Charizard
|-supereffective|p1a: Charizard
|-damage|p1a: Charizard|33\/297
|
|-weather|SunnyDay|[upkeep]
|turn|4
|c|âReverb|this
|c|âReverb|is the worst mvoe ver
|c|âReverb|lol
|
|move|p1a: Charizard|Roost|p1a: Charizard
|-heal|p1a: Charizard|182\/297
|move|p2a: Heatran|Ancient Power|p1a: Charizard
|-supereffective|p1a: Charizard
|-damage|p1a: Charizard|48\/297
|
|-weather|SunnyDay|[upkeep]
|turn|5
|
|move|p1a: Charizard|Roost|p1a: Charizard
|-heal|p1a: Charizard|197\/297
|move|p2a: Heatran|Ancient Power|p1a: Charizard
|-supereffective|p1a: Charizard
|-damage|p1a: Charizard|67\/297
|
|-weather|SunnyDay|[upkeep]
|turn|6
|
|move|p1a: Charizard|Roost|p1a: Charizard
|-heal|p1a: Charizard|216\/297
|move|p2a: Heatran|Earth Power|p1a: Charizard
|-supereffective|p1a: Charizard
|-damage|p1a: Charizard|34\/297
|
|-weather|none
|turn|7
|
|move|p1a: Charizard|Roost|p1a: Charizard
|-heal|p1a: Charizard|183\/297
|move|p2a: Heatran|Ancient Power|p1a: Charizard
|-supereffective|p1a: Charizard
|-damage|p1a: Charizard|51\/297
|
|turn|8
|
|move|p1a: Charizard|Focus Blast|p2a: Heatran
|-supereffective|p2a: Heatran
|-damage|p2a: Heatran|0 fnt
|-enditem|p2a: Heatran|Air Balloon
|faint|p2a: Heatran
|
|
|switch|p2a: Breloom|Breloom, F|262\/262
|turn|9
|
|move|p2a: Breloom|Mach Punch|p1a: Charizard
|-resisted|p1a: Charizard
|-damage|p1a: Charizard|0 fnt
|-damage|p2a: Breloom|236\/262|[from] item: Life Orb
|faint|p1a: Charizard
|
|
|switch|p1a: Landorus-Therian|Landorus-Therian, M|327\/327
|-ability|p1a: Landorus-Therian|Intimidate|[of] p2a: Breloom
|-unboost|p2a: Breloom|atk|1
|turn|10
|
|switch|p2a: Garchomp|Garchomp, F|420\/420
|move|p1a: Landorus-Therian|Explosion|p2a: Garchomp
|-damage|p2a: Garchomp|163\/420
|faint|p1a: Landorus-Therian
|
|
|switch|p1a: Kyurem-Black|Kyurem-Black|391\/391
|-ability|p1a: Kyurem-Black|Teravolt
|turn|11
|
|move|p1a: Kyurem-Black|Ice Beam|p2a: Garchomp
|-supereffective|p2a: Garchomp
|-damage|p2a: Garchomp|0 fnt
|faint|p2a: Garchomp
|
|
|switch|p2a: Sylveon|Sylveon, M|394\/394
|turn|12
|
|switch|p1a: Empoleon|Empoleon, M|372\/372
|switch|p2a: Madara|Bisharp, M|272\/272
|
|turn|13
|
|move|p2a: Madara|Swords Dance|p2a: Madara
|-boost|p2a: Madara|atk|2
|move|p1a: Empoleon|Scald|p2a: Madara
|-damage|p2a: Madara|134\/272
|
|turn|14
|join|gobosox
|
|move|p2a: Madara|Knock Off|p1a: Empoleon
|-damage|p1a: Empoleon|0 fnt
|-enditem|p1a: Empoleon|Leftovers|[from] move: Knock Off|[of] p2a: Madara
|-damage|p2a: Madara|107\/272|[from] item: Life Orb
|faint|p1a: Empoleon
|
|join|eve14
|c|âReverb|gg
|-message|Reverb forfeited.
|
|win|subzeromk
|raw|Ladder updating...
|c|âsubzeromk|gg
|leave|Paramar
|leave|Squirrelll
|raw|Reverb's rating: 1809 &rarr; <strong>1782<\/strong><br \/>(-27 for losing)
|raw|subzeromk's rating: 1677 &rarr; <strong>1704<\/strong><br \/>(+27 for winning)
|leave|eve14
|join|Squirrelll
|leave|subzeromk
|player|p2