|join|subzeromk
|join|CrazyPrimeape
|player|p1|subzeromk|20
|player|p2|CrazyPrimeape|2
|gametype|singles
|gen|6
|tier|OU
|rated
|clearpoke
|poke|p1|Sylveon, M
|poke|p1|Garchomp, M
|poke|p1|Metagross
|poke|p1|Breloom, M
|poke|p1|Bisharp, M
|poke|p1|Kyurem-Black, shiny
|poke|p2|Breloom, F
|poke|p2|Rotom-Wash
|poke|p2|Metagross
|poke|p2|Zapdos
|poke|p2|Chansey, F
|poke|p2|Alakazam, M
|rule|Swagger Clause: Swagger is banned
|rule|Baton Pass Clause: Limit one PokÃ©mon knowing Baton Pass
|rule|Sleep Clause Mod: Limit one foe put to sleep
|rule|Species Clause: Limit one of each PokÃ©mon
|rule|OHKO Clause: OHKO moves are banned
|rule|Moody Clause: Moody is banned
|rule|Evasion Moves Clause: Evasion moves are banned
|rule|Endless Battle Clause: Forcing endless battles is banned
|rule|HP Percentage Mod: HP is shown in percentages
|teampreview
|
|start
|switch|p1a: Kyurem-Black|Kyurem-Black, shiny|425\/425
|switch|p2a: Rotom-Wash|Rotom-Wash|241\/241
|-ability|p1a: Kyurem-Black|Teravolt
|turn|1
|
|move|p2a: Rotom-Wash|Will-O-Wisp|p1a: Kyurem-Black
|-status|p1a: Kyurem-Black|brn
|move|p1a: Kyurem-Black|Earth Power|p2a: Rotom-Wash
|-supereffective|p2a: Rotom-Wash
|-damage|p2a: Rotom-Wash|12\/241
|-unboost|p2a: Rotom-Wash|spd|1
|-damage|p1a: Kyurem-Black|383\/425 brn|[from] item: Life Orb
|
|-heal|p2a: Rotom-Wash|27\/241|[from] item: Leftovers
|-damage|p1a: Kyurem-Black|330\/425 brn|[from] brn
|turn|2
|
|switch|p1a: Metagross|Metagross|302\/302
|move|p2a: Rotom-Wash|Hydro Pump|p1a: Metagross
|-damage|p1a: Metagross|155\/302
|
|-heal|p2a: Rotom-Wash|42\/241|[from] item: Leftovers
|turn|3
|
|detailschange|p1a: Metagross|Metagross-Mega
|message|Metagross has Mega Evolved into Mega Metagross!
|move|p2a: Rotom-Wash|Volt Switch|p1a: Metagross
|-damage|p1a: Metagross|77\/302
|
|switch|p2a: Metagross|Metagross|301\/301
|move|p1a: Metagross|Meteor Mash|p2a: Metagross
|-resisted|p2a: Metagross
|-damage|p2a: Metagross|208\/301
|-boost|p1a: Metagross|atk|1
|
|turn|4
|
|switch|p2a: Zapdos|Zapdos|357\/357
|-ability|p2a: Zapdos|Pressure
|move|p1a: Metagross|Hammer Arm|p2a: Zapdos
|-resisted|p2a: Zapdos
|-damage|p2a: Zapdos|202\/357
|-unboost|p1a: Metagross|spe|1
|
|-heal|p2a: Zapdos|224\/357|[from] item: Leftovers
|turn|5
|
|move|p2a: Zapdos|Heat Wave|p1a: Metagross
|-supereffective|p1a: Metagross
|-damage|p1a: Metagross|0 fnt
|faint|p1a: Metagross
|
|-heal|p2a: Zapdos|246\/357|[from] item: Leftovers
|
|switch|p1a: Kyurem-Black|Kyurem-Black, shiny|330\/425 brn
|-ability|p1a: Kyurem-Black|Teravolt
|turn|6
|
|switch|p2a: Chansey|Chansey, F|703\/703
|switch|p1a: Madara|Bisharp, M|272\/272
|
|turn|7
|
|move|p1a: Madara|Knock Off|p2a: Chansey
|-damage|p2a: Chansey|374\/703
|-enditem|p2a: Chansey|Eviolite|[from] move: Knock Off|[of] p1a: Madara
|-damage|p1a: Madara|245\/272|[from] item: Life Orb
|move|p2a: Chansey|Stealth Rock|p1a: Madara
|-sidestart|p1: subzeromk|move: Stealth Rock
|
|turn|8
|
|move|p1a: Madara|Knock Off|p2a: Chansey
|-damage|p2a: Chansey|72\/703
|-damage|p1a: Madara|218\/272|[from] item: Life Orb
|move|p2a: Chansey|Thunder Wave|p1a: Madara
|-status|p1a: Madara|par
|
|turn|9
|
|move|p2a: Chansey|Soft-Boiled|p2a: Chansey
|-heal|p2a: Chansey|424\/703
|move|p1a: Madara|Iron Head|p2a: Chansey
|-damage|p2a: Chansey|13\/703
|-damage|p1a: Madara|191\/272 par|[from] item: Life Orb
|
|turn|10
|
|move|p2a: Chansey|Soft-Boiled|p2a: Chansey
|-heal|p2a: Chansey|365\/703
|move|p1a: Madara|Iron Head|p2a: Chansey
|-damage|p2a: Chansey|0 fnt
|-damage|p1a: Madara|164\/272 par|[from] item: Life Orb
|faint|p2a: Chansey
|
|
|switch|p2a: Breloom|Breloom, F|261\/261
|turn|11
|
|switch|p1a: Garchomp|Garchomp, M|419\/419
|-damage|p1a: Garchomp|393\/419|[from] Stealth Rock
|move|p2a: Breloom|Substitute|p2a: Breloom
|-start|p2a: Breloom|Substitute
|-damage|p2a: Breloom|196\/261
|
|-status|p2a: Breloom|tox|[from] item: Toxic Orb
|turn|12
|
|-singleturn|p2a: Breloom|move: Focus Punch
|move|p1a: Garchomp|Stealth Rock|p2a: Breloom
|-sidestart|p2: CrazyPrimeape|move: Stealth Rock
|move|p2a: Breloom|Focus Punch|p1a: Garchomp
|-damage|p1a: Garchomp|167\/419
|-damage|p2a: Breloom|164\/261 tox|[from] ability: Rough Skin|[of] p1a: Garchomp
|-damage|p2a: Breloom|121\/261 tox|[from] item: Rocky Helmet|[of] p1a: Garchomp
|
|-heal|p2a: Breloom|153\/261 tox|[from] ability: Poison Heal
|turn|13
|
|move|p1a: Garchomp|Hidden Power|p2a: Breloom
|-crit|p2a: Breloom
|-supereffective|p2a: Breloom
|-end|p2a: Breloom|Substitute
|move|p2a: Breloom|Spore|p1a: Garchomp
|-status|p1a: Garchomp|slp
|
|-heal|p2a: Breloom|185\/261 tox|[from] ability: Poison Heal
|turn|14
|
|switch|p1a: Sylveon|Sylveon, M|393\/393
|-damage|p1a: Sylveon|344\/393|[from] Stealth Rock
|move|p2a: Breloom|Seed Bomb|p1a: Sylveon
|-damage|p1a: Sylveon|122\/393
|
|-heal|p2a: Breloom|217\/261 tox|[from] ability: Poison Heal
|turn|15
|
|move|p2a: Breloom|Seed Bomb|p1a: Sylveon
|-damage|p1a: Sylveon|0 fnt
|faint|p1a: Sylveon
|
|-heal|p2a: Breloom|249\/261 tox|[from] ability: Poison Heal
|
|switch|p1a: Breloom|Breloom, M|262\/262
|-damage|p1a: Breloom|246\/262|[from] Stealth Rock
|turn|16
|
|move|p1a: Breloom|Swords Dance|p1a: Breloom
|-boost|p1a: Breloom|atk|2
|move|p2a: Breloom|Substitute|p2a: Breloom
|-start|p2a: Breloom|Substitute
|-damage|p2a: Breloom|184\/261 tox
|
|-heal|p2a: Breloom|216\/261 tox|[from] ability: Poison Heal
|turn|17
|
|-singleturn|p2a: Breloom|move: Focus Punch
|move|p1a: Breloom|Bullet Seed|p2a: Breloom
|-resisted|p2a: Breloom
|-end|p2a: Breloom|Substitute
|-resisted|p2a: Breloom
|-damage|p2a: Breloom|121\/261 tox
|-hitcount|p2a: Breloom|2
|-damage|p1a: Breloom|220\/262|[from] item: Life Orb
|cant|p2a: Breloom|Focus Punch|Focus Punch
|
|-heal|p2a: Breloom|153\/261 tox|[from] ability: Poison Heal
|turn|18
|
|move|p1a: Breloom|Bullet Seed|p2a: Breloom
|-resisted|p2a: Breloom
|-damage|p2a: Breloom|59\/261 tox
|-resisted|p2a: Breloom
|-damage|p2a: Breloom|0 fnt
|-hitcount|p2a: Breloom|2
|-damage|p1a: Breloom|194\/262|[from] item: Life Orb
|faint|p2a: Breloom
|
|
|switch|p2a: Alakazam|Alakazam, M|252\/252
|turn|19
|
|move|p1a: Breloom|Mach Punch|p2a: Alakazam
|-resisted|p2a: Alakazam
|-damage|p2a: Alakazam|9\/252
|-damage|p1a: Breloom|168\/262|[from] item: Life Orb
|move|p2a: Alakazam|Dazzling Gleam|p1a: Breloom
|-supereffective|p1a: Breloom
|-damage|p1a: Breloom|0 fnt
|faint|p1a: Breloom
|
|
|switch|p1a: Madara|Bisharp, M|164\/272 par
|-damage|p1a: Madara|147\/272 par|[from] Stealth Rock
|turn|20
|
|switch|p2a: Rotom-Wash|Rotom-Wash|42\/241
|-damage|p2a: Rotom-Wash|12\/241|[from] Stealth Rock
|move|p1a: Madara|Sucker Punch|p2a: Rotom-Wash
|-fail|p2a: Rotom-Wash
|
|-heal|p2a: Rotom-Wash|27\/241|[from] item: Leftovers
|turn|21
|
|move|p1a: Madara|Sucker Punch|p2a: Rotom-Wash
|-fail|p2a: Rotom-Wash
|move|p2a: Rotom-Wash|Pain Split|p1a: Madara
|-sethp|p1a: Madara|87\/272 par|p2a: Rotom-Wash|87\/241|[from] move: Pain Split
|
|-heal|p2a: Rotom-Wash|102\/241|[from] item: Leftovers
|turn|22
|
|cant|p1a: Madara|par
|move|p2a: Rotom-Wash|Will-O-Wisp|p1a: Madara
|-fail|p1a: Madara
|
|-heal|p2a: Rotom-Wash|117\/241|[from] item: Leftovers
|turn|23
|
|cant|p1a: Madara|par
|move|p2a: Rotom-Wash|Volt Switch|p1a: Madara
|-damage|p1a: Madara|0 fnt
|faint|p1a: Madara
|-message|subzeromk forfeited.
|
|win|CrazyPrimeape
|raw|Ladder updating...
|leave|subzeromk
|player|p1
|raw|subzeromk's rating: 1687 &rarr; <strong>1657<\/strong><br \/>(-30 for losing)
|raw|CrazyPrimeape's rating: 1496 &rarr; <strong>1526<\/strong><br \/>(+30 for winning)