|join|5torm
|join|subzeromk
|player|p1|5torm|151
|player|p2|subzeromk|20
|gametype|singles
|gen|6
|tier|OU
|rated
|clearpoke
|poke|p1|Gengar, M
|poke|p1|Meloetta
|poke|p1|Conkeldurr, M
|poke|p1|Gyarados, M
|poke|p1|Ferrothorn, M
|poke|p1|Landorus, M
|poke|p2|Heracross, M
|poke|p2|Garchomp, F
|poke|p2|Sylveon, F
|poke|p2|Breloom, F
|poke|p2|Bisharp, M
|poke|p2|Heatran, F
|rule|Swagger Clause: Swagger is banned
|rule|Baton Pass Clause: Limit one PokÃ©mon knowing Baton Pass
|rule|Sleep Clause Mod: Limit one foe put to sleep
|rule|Species Clause: Limit one of each PokÃ©mon
|rule|OHKO Clause: OHKO moves are banned
|rule|Moody Clause: Moody is banned
|rule|Evasion Moves Clause: Evasion moves are banned
|rule|Endless Battle Clause: Forcing endless battles is banned
|rule|HP Percentage Mod: HP is shown in percentages
|teampreview
|
|start
|switch|p1a: Enten|Landorus, M|319\/319
|switch|p2a: Sylveon|Sylveon, F|392\/392
|turn|1
|
|switch|p1a: Tytannial|Ferrothorn, M|352\/352
|move|p2a: Sylveon|Hyper Voice|p1a: Tytannial
|-resisted|p1a: Tytannial
|-damage|p1a: Tytannial|220\/352
|
|turn|2
|
|switch|p2a: Garchomp|Garchomp, F|420\/420
|move|p1a: Tytannial|Stealth Rock|p2a: Garchomp
|-sidestart|p2: subzeromk|move: Stealth Rock
|
|turn|3
|
|move|p2a: Garchomp|Stealth Rock|p1a: Tytannial
|-sidestart|p1: 5torm|move: Stealth Rock
|move|p1a: Tytannial|Leech Seed|p2a: Garchomp
|-start|p2a: Garchomp|move: Leech Seed
|
|-damage|p2a: Garchomp|368\/420|[from] Leech Seed|[of] p1a: Tytannial
|-heal|p1a: Tytannial|272\/352|[silent]
|turn|4
|
|switch|p2a: Heracross|Heracross, M|301\/301
|-damage|p2a: Heracross|264\/301|[from] Stealth Rock
|move|p1a: Tytannial|Gyro Ball|p2a: Heracross
|-damage|p2a: Heracross|36\/301
|
|turn|5
|
|detailschange|p2a: Heracross|Heracross-Mega, M
|message|Heracross has Mega Evolved into Mega Heracross!
|move|p2a: Heracross|Pin Missile|p1a: Tytannial
|-damage|p1a: Tytannial|238\/352
|-damage|p1a: Tytannial|205\/352
|-damage|p1a: Tytannial|168\/352
|-damage|p1a: Tytannial|135\/352
|-damage|p1a: Tytannial|102\/352
|-hitcount|p1a: Tytannial|5
|move|p1a: Tytannial|Gyro Ball|p2a: Heracross
|-crit|p2a: Heracross
|-damage|p2a: Heracross|0 fnt
|faint|p2a: Heracross
|
|
|switch|p2a: Madara|Bisharp, M|272\/272
|-damage|p2a: Madara|255\/272|[from] Stealth Rock
|turn|6
|join|Alldaalts
|
|move|p2a: Madara|Knock Off|p1a: Tytannial
|-damage|p1a: Tytannial|0 fnt
|-damage|p2a: Madara|221\/272|[from] ability: Iron Barbs|[of] p1a: Tytannial
|-damage|p2a: Madara|176\/272|[from] item: Rocky Helmet|[of] p1a: Tytannial
|-enditem|p1a: Tytannial|Rocky Helmet|[from] move: Knock Off|[of] p2a: Madara
|-damage|p2a: Madara|149\/272|[from] item: Life Orb
|faint|p1a: Tytannial
|
|
|switch|p1a: Heihachi|Conkeldurr, M|383\/383
|-damage|p1a: Heihachi|360\/383|[from] Stealth Rock
|turn|7
|
|switch|p2a: Sylveon|Sylveon, F|392\/392
|-damage|p2a: Sylveon|343\/392|[from] Stealth Rock
|move|p1a: Heihachi|Knock Off|p2a: Sylveon
|-resisted|p2a: Sylveon
|-damage|p2a: Sylveon|260\/392
|-enditem|p2a: Sylveon|Choice Specs|[from] move: Knock Off|[of] p1a: Heihachi
|
|turn|8
|
|switch|p1a: Zelda|Meloetta|404\/404
|-damage|p1a: Zelda|354\/404|[from] Stealth Rock
|move|p2a: Sylveon|Hyper Voice|p1a: Zelda
|-damage|p1a: Zelda|200\/404
|
|-heal|p1a: Zelda|225\/404|[from] item: Leftovers
|turn|9
|
|move|p1a: Zelda|Psyshock|p2a: Sylveon
|-damage|p2a: Sylveon|106\/392
|move|p2a: Sylveon|Hyper Voice|p1a: Zelda
|-damage|p1a: Zelda|50\/404
|
|-heal|p1a: Zelda|75\/404|[from] item: Leftovers
|turn|10
|
|move|p1a: Zelda|Dazzling Gleam|p2a: Sylveon
|-damage|p2a: Sylveon|43\/392
|move|p2a: Sylveon|Hyper Voice|p1a: Zelda
|-damage|p1a: Zelda|0 fnt
|faint|p1a: Zelda
|
|
|switch|p1a: Phantom|Gengar, M|262\/262
|-damage|p1a: Phantom|230\/262|[from] Stealth Rock
|turn|11
|
|move|p1a: Phantom|Shadow Ball|p2a: Sylveon
|-damage|p2a: Sylveon|0 fnt
|faint|p2a: Sylveon
|
|-heal|p1a: Phantom|246\/262|[from] item: Black Sludge
|
|switch|p2a: Heatran|Heatran, F|323\/323
|-damage|p2a: Heatran|283\/323|[from] Stealth Rock
|-item|p2a: Heatran|Air Balloon
|turn|12
|
|switch|p1a: Heihachi|Conkeldurr, M|360\/383
|-damage|p1a: Heihachi|337\/383|[from] Stealth Rock
|move|p2a: Heatran|Fire Blast|p1a: Heihachi
|-damage|p1a: Heihachi|207\/383
|
|turn|13
|
|switch|p2a: Garchomp|Garchomp, F|368\/420
|-damage|p2a: Garchomp|342\/420|[from] Stealth Rock
|move|p1a: Heihachi|Drain Punch|p2a: Garchomp
|-damage|p2a: Garchomp|252\/420
|-heal|p1a: Heihachi|252\/383|[from] drain|[of] p2a: Garchomp
|-damage|p1a: Heihachi|205\/383|[from] ability: Rough Skin|[of] p2a: Garchomp
|-damage|p1a: Heihachi|142\/383|[from] item: Rocky Helmet|[of] p2a: Garchomp
|
|turn|14
|
|move|p2a: Garchomp|Earthquake|p1a: Heihachi
|-crit|p1a: Heihachi
|-damage|p1a: Heihachi|0 fnt
|faint|p1a: Heihachi
|
|
|switch|p1a: Phantom|Gengar, M|246\/262
|-damage|p1a: Phantom|214\/262|[from] Stealth Rock
|turn|15
|
|switch|p2a: Heatran|Heatran, F|283\/323
|-damage|p2a: Heatran|243\/323|[from] Stealth Rock
|-item|p2a: Heatran|Air Balloon
|move|p1a: Phantom|Shadow Ball|p2a: Heatran
|-damage|p2a: Heatran|99\/323
|-enditem|p2a: Heatran|Air Balloon
|
|-heal|p1a: Phantom|230\/262|[from] item: Black Sludge
|turn|16
|
|move|p1a: Phantom|Shadow Ball|p2a: Heatran
|-damage|p2a: Heatran|0 fnt
|faint|p2a: Heatran
|
|-heal|p1a: Phantom|246\/262|[from] item: Black Sludge
|
|switch|p2a: Madara|Bisharp, M|149\/272
|-damage|p2a: Madara|132\/272|[from] Stealth Rock
|turn|17
|
|move|p1a: Phantom|Substitute|p1a: Phantom
|-start|p1a: Phantom|Substitute
|-damage|p1a: Phantom|181\/262
|move|p2a: Madara|Knock Off|p1a: Phantom
|-supereffective|p1a: Phantom
|-end|p1a: Phantom|Substitute
|-damage|p2a: Madara|105\/272|[from] item: Life Orb
|
|-heal|p1a: Phantom|197\/262|[from] item: Black Sludge
|turn|18
|
|move|p1a: Phantom|Substitute|p1a: Phantom
|-start|p1a: Phantom|Substitute
|-damage|p1a: Phantom|132\/262
|move|p2a: Madara|Knock Off|p1a: Phantom
|-supereffective|p1a: Phantom
|-end|p1a: Phantom|Substitute
|-damage|p2a: Madara|78\/272|[from] item: Life Orb
|
|-heal|p1a: Phantom|148\/262|[from] item: Black Sludge
|turn|19
|
|move|p2a: Madara|Sucker Punch|p1a: Phantom
|-fail|p1a: Phantom
|move|p1a: Phantom|Substitute|p1a: Phantom
|-start|p1a: Phantom|Substitute
|-damage|p1a: Phantom|83\/262
|
|-heal|p1a: Phantom|99\/262|[from] item: Black Sludge
|turn|20
|
|move|p2a: Madara|Sucker Punch|p1a: Phantom
|-supereffective|p1a: Phantom
|-end|p1a: Phantom|Substitute
|-damage|p2a: Madara|51\/272|[from] item: Life Orb
|move|p1a: Phantom|Shadow Ball|p2a: Madara
|-resisted|p2a: Madara
|-damage|p2a: Madara|0 fnt
|faint|p2a: Madara
|
|-heal|p1a: Phantom|115\/262|[from] item: Black Sludge
|-message|subzeromk forfeited.
|
|win|5torm
|raw|Ladder updating...
|leave|subzeromk
|player|p2
|raw|5torm's rating: 1764 &rarr; <strong>1784<\/strong><br \/>(+20 for winning)
|raw|subzeromk's rating: 1768 &rarr; <strong>1748<\/strong><br \/>(-20 for losing)