|join|much professional
|join|subzeromk
|player|p1|much professional|266
|player|p2|subzeromk|20
|gametype|singles
|gen|6
|tier|OU
|rated
|clearpoke
|poke|p1|Breloom, F
|poke|p1|Bisharp, F
|poke|p1|Greninja, F
|poke|p1|Gengar, F
|poke|p1|Ferrothorn, M
|poke|p1|Scizor, F
|poke|p2|Garchomp, F
|poke|p2|Sylveon, M
|poke|p2|Heracross, M
|poke|p2|Breloom, F
|poke|p2|Bisharp, M
|poke|p2|Tyranitar, F
|rule|Swagger Clause: Swagger is banned
|rule|Baton Pass Clause: Limit one PokÃ©mon knowing Baton Pass
|rule|Sleep Clause Mod: Limit one foe put to sleep
|rule|Species Clause: Limit one of each PokÃ©mon
|rule|OHKO Clause: OHKO moves are banned
|rule|Moody Clause: Moody is banned
|rule|Evasion Moves Clause: Evasion moves are banned
|rule|Endless Battle Clause: Forcing endless battles is banned
|rule|HP Percentage Mod: HP is shown in percentages
|teampreview
|
|start
|switch|p1a: Gengar|Gengar, F|262\/262
|switch|p2a: Tyranitar|Tyranitar, F|404\/404
|-weather|Sandstorm
|turn|1
|
|move|p1a: Gengar|Focus Blast|p2a: Tyranitar
|-supereffective|p2a: Tyranitar
|-damage|p2a: Tyranitar|0 fnt
|-damage|p1a: Gengar|236\/262|[from] item: Life Orb
|faint|p2a: Tyranitar
|
|-weather|Sandstorm|[upkeep]
|-damage|p1a: Gengar|220\/262|[from] sandstorm
|
|switch|p2a: Madara|Bisharp, M|289\/289
|turn|2
|
|move|p2a: Madara|Pursuit|p1a: Gengar|[from]Pursuit
|-crit|p1a: Gengar
|-supereffective|p1a: Gengar
|-damage|p1a: Gengar|0 fnt
|-damage|p2a: Madara|261\/289|[from] item: Life Orb
|faint|p1a: Gengar
|
|-weather|Sandstorm|[upkeep]
|
|switch|p1a: Breloom|Breloom, F|262\/262
|turn|3
|
|switch|p2a: Breloom|Breloom, F|262\/262
|move|p1a: Breloom|Spore|p2a: Breloom
|-fail|p2a: Breloom
|
|-weather|Sandstorm|[upkeep]
|-damage|p2a: Breloom|246\/262|[from] sandstorm
|-damage|p1a: Breloom|246\/262|[from] sandstorm
|turn|4
|
|switch|p1a: Ferrothorn|Ferrothorn, M|352\/352
|move|p2a: Breloom|Swords Dance|p2a: Breloom
|-boost|p2a: Breloom|atk|2
|
|-weather|Sandstorm|[upkeep]
|-damage|p2a: Breloom|230\/262|[from] sandstorm
|turn|5
|
|move|p2a: Breloom|Mach Punch|p1a: Ferrothorn
|-supereffective|p1a: Ferrothorn
|-damage|p1a: Ferrothorn|9\/352
|-damage|p2a: Breloom|198\/262|[from] ability: Iron Barbs|[of] p1a: Ferrothorn
|-damage|p2a: Breloom|172\/262|[from] item: Life Orb
|move|p1a: Ferrothorn|Gyro Ball|p2a: Breloom
|-damage|p2a: Breloom|0 fnt
|faint|p2a: Breloom
|
|-weather|none
|-heal|p1a: Ferrothorn|31\/352|[from] item: Leftovers
|
|switch|p2a: Madara|Bisharp, M|261\/289
|turn|6
|
|move|p2a: Madara|Pursuit|p1a: Ferrothorn
|-crit|p1a: Ferrothorn
|-damage|p1a: Ferrothorn|0 fnt
|-damage|p2a: Madara|225\/289|[from] ability: Iron Barbs|[of] p1a: Ferrothorn
|-damage|p2a: Madara|197\/289|[from] item: Life Orb
|faint|p1a: Ferrothorn
|
|
|switch|p1a: Breloom|Breloom, F|246\/262
|turn|7
|
|switch|p2a: Garchomp|Garchomp, F|419\/419
|move|p1a: Breloom|Spore|p2a: Garchomp
|-status|p2a: Garchomp|slp
|
|turn|8
|
|switch|p2a: Heracross|Heracross, M|308\/308
|move|p1a: Breloom|Swords Dance|p1a: Breloom
|-boost|p1a: Breloom|atk|2
|
|turn|9
|
|detailschange|p2a: Heracross|Heracross-Mega, M
|message|Heracross has Mega Evolved into Mega Heracross!
|move|p2a: Heracross|Pin Missile|p1a: Breloom
|-damage|p1a: Breloom|164\/262
|-damage|p1a: Breloom|80\/262
|-damage|p1a: Breloom|4\/262
|-crit|p1a: Breloom
|-damage|p1a: Breloom|0 fnt
|-hitcount|p1a: Breloom|4
|faint|p1a: Breloom
|
|
|switch|p1a: Greninja|Greninja, F|285\/285
|turn|10
|
|move|p1a: Greninja|Ice Beam|p2a: Heracross
|-start|p1a: Greninja|typechange|Ice|[from] Protean
|-damage|p2a: Heracross|139\/308
|-status|p2a: Heracross|frz
|-damage|p1a: Greninja|257\/285|[from] item: Life Orb
|cant|p2a: Heracross|frz
|
|turn|11
|c|âmuch professional|sorry
|
|switch|p1a: Scizor|Scizor, F|337\/337
|cant|p2a: Heracross|frz
|
|turn|12
|
|switch|p2a: Garchomp|Garchomp, F|419\/419 slp
|detailschange|p1a: Scizor|Scizor-Mega, F
|message|Scizor has Mega Evolved into Mega Scizor!
|move|p1a: Scizor|Swords Dance|p1a: Scizor
|-boost|p1a: Scizor|atk|2
|
|turn|13
|
|cant|p2a: Garchomp|slp
|move|p1a: Scizor|Bug Bite|p2a: Garchomp
|-damage|p2a: Garchomp|146\/419 slp
|-damage|p1a: Scizor|295\/337|[from] ability: Rough Skin|[of] p2a: Garchomp
|-damage|p1a: Scizor|239\/337|[from] item: Rocky Helmet|[of] p2a: Garchomp
|
|turn|14
|
|move|p1a: Scizor|Bullet Punch|p2a: Garchomp
|-damage|p2a: Garchomp|0 fnt
|-damage|p1a: Scizor|197\/337|[from] ability: Rough Skin|[of] p2a: Garchomp
|-damage|p1a: Scizor|141\/337|[from] item: Rocky Helmet|[of] p2a: Garchomp
|faint|p2a: Garchomp
|
|
|switch|p2a: Madara|Bisharp, M|197\/289
|turn|15
|
|move|p2a: Madara|Knock Off|p1a: Scizor
|-crit|p1a: Scizor
|-damage|p1a: Scizor|0 fnt
|-damage|p2a: Madara|169\/289|[from] item: Life Orb
|faint|p1a: Scizor
|
|
|switch|p1a: Greninja|Greninja, F|257\/285
|turn|16
|
|switch|p1a: Bisharp|Bisharp, F|272\/272
|switch|p2a: Heracross|Heracross-Mega, M|139\/308 frz
|
|turn|17
|
|cant|p2a: Heracross|frz
|move|p1a: Bisharp|Swords Dance|p1a: Bisharp
|-boost|p1a: Bisharp|atk|2
|
|turn|18
|
|cant|p2a: Heracross|frz
|move|p1a: Bisharp|Iron Head|p2a: Heracross
|-crit|p2a: Heracross
|-damage|p2a: Heracross|0 fnt
|-damage|p1a: Bisharp|245\/272|[from] item: Life Orb
|faint|p2a: Heracross
|
|-message|subzeromk forfeited.
|
|win|much professional
|raw|Ladder updating...
|leave|subzeromk
|player|p2
|c|âmuch professional|gg