|join|subzeromk
|join|survivor tele
|player|p1|subzeromk|20
|player|p2|survivor tele|168
|gametype|singles
|gen|6
|tier|OU
|rated
|clearpoke
|poke|p1|Garchomp, F
|poke|p1|Sylveon, M
|poke|p1|Heracross, F
|poke|p1|Breloom, M
|poke|p1|Bisharp, M
|poke|p1|Latios, M
|poke|p2|Jirachi
|poke|p2|Landorus-Therian, M
|poke|p2|Keldeo
|poke|p2|Altaria, M
|poke|p2|Ferrothorn, M
|poke|p2|Mew
|rule|Swagger Clause: Swagger is banned
|rule|Baton Pass Clause: Limit one PokÃ©mon knowing Baton Pass
|rule|Sleep Clause Mod: Limit one foe put to sleep
|rule|Species Clause: Limit one of each PokÃ©mon
|rule|OHKO Clause: OHKO moves are banned
|rule|Moody Clause: Moody is banned
|rule|Evasion Moves Clause: Evasion moves are banned
|rule|Endless Battle Clause: Forcing endless battles is banned
|rule|HP Percentage Mod: HP is shown in percentages
|teampreview
|c|âsubzeromk|time stall..
|
|start
|switch|p1a: Heracross|Heracross, F|308\/308
|switch|p2a: Landorus-Therian|Landorus-Therian, M|382\/382
|-ability|p2a: Landorus-Therian|Intimidate|[of] p1a: Heracross
|-unboost|p1a: Heracross|atk|1
|turn|1
|c|âsurvivor tele|stop crying
|
|detailschange|p1a: Heracross|Heracross-Mega, F
|message|Heracross has Mega Evolved into Mega Heracross!
|move|p1a: Heracross|Swords Dance|p1a: Heracross
|-boost|p1a: Heracross|atk|2
|move|p2a: Landorus-Therian|Stealth Rock|p1a: Heracross
|-sidestart|p1: subzeromk|move: Stealth Rock
|
|turn|2
|
|move|p1a: Heracross|Bullet Seed|p2a: Landorus-Therian
|-damage|p2a: Landorus-Therian|336\/382
|-damage|p2a: Landorus-Therian|290\/382
|-damage|p2a: Landorus-Therian|240\/382
|-damage|p2a: Landorus-Therian|186\/382
|-damage|p2a: Landorus-Therian|141\/382
|-hitcount|p2a: Landorus-Therian|5
|move|p2a: Landorus-Therian|U-turn|p1a: Heracross
|-resisted|p1a: Heracross
|-damage|p1a: Heracross|277\/308
|
|switch|p2a: Altaria|Altaria, M|354\/354
|
|turn|3
|
|detailschange|p2a: Altaria|Altaria-Mega, M
|message|Altaria has Mega Evolved into Mega Altaria!
|move|p1a: Heracross|Close Combat|p2a: Altaria
|-resisted|p2a: Altaria
|-damage|p2a: Altaria|173\/354
|-unboost|p1a: Heracross|def|1
|-unboost|p1a: Heracross|spd|1
|move|p2a: Altaria|Hyper Voice|p1a: Heracross
|-supereffective|p1a: Heracross
|-damage|p1a: Heracross|0 fnt
|faint|p1a: Heracross
|
|
|switch|p1a: Breloom|Breloom, M|262\/262
|-damage|p1a: Breloom|246\/262|[from] Stealth Rock
|turn|4
|
|move|p1a: Breloom|Spore|p2a: Altaria
|-status|p2a: Altaria|slp
|cant|p2a: Altaria|slp
|
|turn|5
|
|switch|p2a: Ferrothorn|Ferrothorn, M|352\/352
|move|p1a: Breloom|Swords Dance|p1a: Breloom
|-boost|p1a: Breloom|atk|2
|
|turn|6
|
|move|p1a: Breloom|Mach Punch|p2a: Ferrothorn
|-supereffective|p2a: Ferrothorn
|-damage|p2a: Ferrothorn|0 fnt
|-damage|p1a: Breloom|214\/262|[from] ability: Iron Barbs|[of] p2a: Ferrothorn
|-damage|p1a: Breloom|188\/262|[from] item: Life Orb
|faint|p2a: Ferrothorn
|
|
|switch|p2a: Keldeo|Keldeo|323\/323
|turn|7
|
|move|p1a: Breloom|Mach Punch|p2a: Keldeo
|-damage|p2a: Keldeo|11\/323
|-damage|p1a: Breloom|162\/262|[from] item: Life Orb
|move|p2a: Keldeo|Secret Sword|p1a: Breloom
|-damage|p1a: Breloom|0 fnt
|faint|p1a: Breloom
|
|-heal|p2a: Keldeo|31\/323|[from] item: Leftovers
|
|switch|p1a: Latios|Latios, M|301\/301
|-damage|p1a: Latios|264\/301|[from] Stealth Rock
|turn|8
|
|switch|p2a: Jirachi|Jirachi|404\/404
|move|p1a: Latios|Earthquake|p2a: Jirachi
|-supereffective|p2a: Jirachi
|-damage|p2a: Jirachi|212\/404
|-damage|p1a: Latios|234\/301|[from] item: Life Orb
|
|-heal|p2a: Jirachi|237\/404|[from] item: Leftovers
|turn|9
|
|switch|p1a: Garchomp|Garchomp, F|419\/419
|-damage|p1a: Garchomp|393\/419|[from] Stealth Rock
|move|p2a: Jirachi|U-turn|p1a: Garchomp
|-damage|p1a: Garchomp|353\/419
|-damage|p2a: Jirachi|187\/404|[from] ability: Rough Skin|[of] p1a: Garchomp
|-damage|p2a: Jirachi|120\/404|[from] item: Rocky Helmet|[of] p1a: Garchomp
|
|switch|p2a: Mew|Mew|404\/404
|
|turn|10
|
|move|p2a: Mew|Will-O-Wisp|p1a: Garchomp
|-status|p1a: Garchomp|brn
|move|p1a: Garchomp|Stealth Rock|p2a: Mew
|-sidestart|p2: survivor tele|move: Stealth Rock
|
|-damage|p1a: Garchomp|301\/419 brn|[from] brn
|turn|11
|
|move|p2a: Mew|Knock Off|p1a: Garchomp
|-damage|p1a: Garchomp|248\/419 brn
|-damage|p2a: Mew|354\/404|[from] ability: Rough Skin|[of] p1a: Garchomp
|-damage|p2a: Mew|287\/404|[from] item: Rocky Helmet|[of] p1a: Garchomp
|-enditem|p1a: Garchomp|Rocky Helmet|[from] move: Knock Off|[of] p2a: Mew
|move|p1a: Garchomp|Earthquake|p2a: Mew
|-damage|p2a: Mew|236\/404
|
|-heal|p2a: Mew|261\/404|[from] item: Leftovers
|-damage|p1a: Garchomp|196\/419 brn|[from] brn
|turn|12
|
|switch|p1a: Madara|Bisharp, M|289\/289
|-damage|p1a: Madara|271\/289|[from] Stealth Rock
|move|p2a: Mew|Will-O-Wisp|p1a: Madara
|-status|p1a: Madara|brn
|
|-heal|p2a: Mew|286\/404|[from] item: Leftovers
|-damage|p1a: Madara|235\/289 brn|[from] brn
|turn|13
|
|move|p2a: Mew|Knock Off|p1a: Madara
|-resisted|p1a: Madara
|-damage|p1a: Madara|196\/289 brn
|-enditem|p1a: Madara|Life Orb|[from] move: Knock Off|[of] p2a: Mew
|move|p1a: Madara|Knock Off|p2a: Mew
|-supereffective|p2a: Mew
|-damage|p2a: Mew|146\/404
|-enditem|p2a: Mew|Leftovers|[from] move: Knock Off|[of] p1a: Madara
|
|-damage|p1a: Madara|160\/289 brn|[from] brn
|turn|14
|
|switch|p1a: Sylveon|Sylveon, M|393\/393
|-damage|p1a: Sylveon|344\/393|[from] Stealth Rock
|move|p2a: Mew|Soft-Boiled|p2a: Mew
|-heal|p2a: Mew|348\/404
|
|turn|15
|
|switch|p2a: Altaria|Altaria-Mega, M|173\/354 slp
|-damage|p2a: Altaria|129\/354 slp|[from] Stealth Rock
|move|p1a: Sylveon|Heal Bell|p1a: Sylveon
|-cureteam|p1a: Sylveon|[from] move: HealBell
|
|turn|16
|
|switch|p2a: Mew|Mew|348\/404
|-damage|p2a: Mew|298\/404|[from] Stealth Rock
|switch|p1a: Madara|Bisharp, M|160\/289
|-damage|p1a: Madara|142\/289|[from] Stealth Rock
|
|turn|17
|
|move|p2a: Mew|Will-O-Wisp|p1a: Madara
|-status|p1a: Madara|brn
|move|p1a: Madara|Knock Off|p2a: Mew
|-supereffective|p2a: Mew
|-damage|p2a: Mew|208\/404
|
|-damage|p1a: Madara|106\/289 brn|[from] brn
|turn|18
|
|switch|p1a: Sylveon|Sylveon, M|344\/393
|-damage|p1a: Sylveon|295\/393|[from] Stealth Rock
|move|p2a: Mew|Soft-Boiled|p2a: Mew
|-heal|p2a: Mew|404\/404
|
|turn|19
|
|switch|p2a: Altaria|Altaria-Mega, M|129\/354 slp
|-damage|p2a: Altaria|85\/354 slp|[from] Stealth Rock
|move|p1a: Sylveon|Hyper Voice|p2a: Altaria
|-supereffective|p2a: Altaria
|-damage|p2a: Altaria|0 fnt
|faint|p2a: Altaria
|
|
|switch|p2a: Jirachi|Jirachi|120\/404
|-damage|p2a: Jirachi|95\/404|[from] Stealth Rock
|turn|20
|
|move|p2a: Jirachi|Wish|p2a: Jirachi
|move|p1a: Sylveon|Hyper Voice|p2a: Jirachi
|-resisted|p2a: Jirachi
|-damage|p2a: Jirachi|0 fnt
|faint|p2a: Jirachi
|
|
|switch|p2a: Keldeo|Keldeo|31\/323
|-damage|p2a: Keldeo|11\/323|[from] Stealth Rock
|turn|21
|
|move|p2a: Keldeo|Scald|p1a: Sylveon
|-damage|p1a: Sylveon|187\/393
|move|p1a: Sylveon|Hyper Voice|p2a: Keldeo
|-supereffective|p2a: Keldeo
|-damage|p2a: Keldeo|0 fnt
|faint|p2a: Keldeo
|
|
|switch|p2a: Landorus-Therian|Landorus-Therian, M|141\/382
|-damage|p2a: Landorus-Therian|94\/382|[from] Stealth Rock
|-ability|p2a: Landorus-Therian|Intimidate|[of] p1a: Sylveon
|-unboost|p1a: Sylveon|atk|1
|turn|22
|
|switch|p1a: Madara|Bisharp, M|106\/289 brn
|-damage|p1a: Madara|88\/289 brn|[from] Stealth Rock
|move|p2a: Landorus-Therian|U-turn|p1a: Madara
|-damage|p1a: Madara|14\/289 brn
|
|switch|p2a: Mew|Mew|404\/404
|-damage|p2a: Mew|354\/404|[from] Stealth Rock
|
|-damage|p1a: Madara|0 fnt|[from] brn
|faint|p1a: Madara
|
|switch|p1a: Sylveon|Sylveon, M|187\/393
|-damage|p1a: Sylveon|138\/393|[from] Stealth Rock
|turn|23
|
|move|p2a: Mew|Knock Off|p1a: Sylveon
|-resisted|p1a: Sylveon
|-damage|p1a: Sylveon|81\/393
|-enditem|p1a: Sylveon|Choice Specs|[from] move: Knock Off|[of] p2a: Mew
|move|p1a: Sylveon|Hyper Voice|p2a: Mew
|-damage|p2a: Mew|146\/404
|
|turn|24
|join|4 ever child
|
|move|p2a: Mew|Soft-Boiled|p2a: Mew
|-heal|p2a: Mew|348\/404
|move|p1a: Sylveon|Hyper Voice|p2a: Mew
|-damage|p2a: Mew|137\/404
|
|turn|25
|
|move|p2a: Mew|Soft-Boiled|p2a: Mew
|-heal|p2a: Mew|339\/404
|move|p1a: Sylveon|Hyper Voice|p2a: Mew
|-damage|p2a: Mew|126\/404
|
|turn|26
|
|move|p2a: Mew|Soft-Boiled|p2a: Mew
|-heal|p2a: Mew|328\/404
|move|p1a: Sylveon|Hyper Voice|p2a: Mew
|-damage|p2a: Mew|126\/404
|
|turn|27
|
|move|p2a: Mew|Soft-Boiled|p2a: Mew
|-heal|p2a: Mew|328\/404
|move|p1a: Sylveon|Hyper Voice|p2a: Mew
|-damage|p2a: Mew|142\/404
|
|turn|28
|
|move|p2a: Mew|Soft-Boiled|p2a: Mew
|-heal|p2a: Mew|344\/404
|move|p1a: Sylveon|Hyper Voice|p2a: Mew
|-damage|p2a: Mew|137\/404
|
|turn|29
|
|move|p2a: Mew|Soft-Boiled|p2a: Mew
|-heal|p2a: Mew|339\/404
|move|p1a: Sylveon|Hyper Voice|p2a: Mew
|-damage|p2a: Mew|150\/404
|
|turn|30
|
|move|p2a: Mew|Soft-Boiled|p2a: Mew
|-heal|p2a: Mew|352\/404
|move|p1a: Sylveon|Hyper Voice|p2a: Mew
|-damage|p2a: Mew|132\/404
|
|turn|31
|
|move|p2a: Mew|Soft-Boiled|p2a: Mew
|-heal|p2a: Mew|334\/404
|move|p1a: Sylveon|Hyper Voice|p2a: Mew
|-damage|p2a: Mew|141\/404
|
|turn|32
|
|move|p2a: Mew|Soft-Boiled|p2a: Mew
|-heal|p2a: Mew|343\/404
|move|p1a: Sylveon|Hyper Voice|p2a: Mew
|-damage|p2a: Mew|135\/404
|
|turn|33
|
|move|p2a: Mew|Soft-Boiled|p2a: Mew
|-heal|p2a: Mew|337\/404
|move|p1a: Sylveon|Hyper Voice|p2a: Mew
|-crit|p2a: Mew
|-damage|p2a: Mew|31\/404
|
|turn|34
|
|move|p2a: Mew|Soft-Boiled|p2a: Mew
|-heal|p2a: Mew|233\/404
|move|p1a: Sylveon|Hyper Voice|p2a: Mew
|-damage|p2a: Mew|43\/404
|
|turn|35
|
|switch|p1a: Latios|Latios, M|234\/301
|-damage|p1a: Latios|197\/301|[from] Stealth Rock
|move|p2a: Mew|Soft-Boiled|p2a: Mew
|-heal|p2a: Mew|245\/404
|
|turn|36
|
|move|p1a: Latios|Psyshock|p2a: Mew
|-resisted|p2a: Mew
|-damage|p2a: Mew|175\/404
|-damage|p1a: Latios|167\/301|[from] item: Life Orb
|move|p2a: Mew|Soft-Boiled|p2a: Mew
|-heal|p2a: Mew|377\/404
|
|turn|37
|
|switch|p1a: Sylveon|Sylveon, M|81\/393
|-damage|p1a: Sylveon|32\/393|[from] Stealth Rock
|move|p2a: Mew|Knock Off|p1a: Sylveon
|-resisted|p1a: Sylveon
|-damage|p1a: Sylveon|0 fnt
|faint|p1a: Sylveon
|
|
|switch|p1a: Latios|Latios, M|167\/301
|-damage|p1a: Latios|130\/301|[from] Stealth Rock
|turn|38
|
|switch|p1a: Garchomp|Garchomp, F|196\/419
|-damage|p1a: Garchomp|170\/419|[from] Stealth Rock
|move|p2a: Mew|Soft-Boiled|p2a: Mew
|-heal|p2a: Mew|404\/404
|
|turn|39
|
|move|p2a: Mew|Will-O-Wisp|p1a: Garchomp
|-status|p1a: Garchomp|brn
|move|p1a: Garchomp|Earthquake|p2a: Mew
|-damage|p2a: Mew|347\/404
|
|-damage|p1a: Garchomp|118\/419 brn|[from] brn
|turn|40
|
|switch|p2a: Landorus-Therian|Landorus-Therian, M|94\/382
|-damage|p2a: Landorus-Therian|47\/382|[from] Stealth Rock
|-ability|p2a: Landorus-Therian|Intimidate|[of] p1a: Garchomp
|-unboost|p1a: Garchomp|atk|1
|move|p1a: Garchomp|Earthquake|p2a: Landorus-Therian
|-immune|p2a: Landorus-Therian|[msg]
|
|-heal|p2a: Landorus-Therian|70\/382|[from] item: Leftovers
|-damage|p1a: Garchomp|66\/419 brn|[from] brn
|turn|41
|
|move|p1a: Garchomp|Hidden Power|p2a: Landorus-Therian
|-supereffective|p2a: Landorus-Therian
|-damage|p2a: Landorus-Therian|0 fnt
|faint|p2a: Landorus-Therian
|
|-damage|p1a: Garchomp|14\/419 brn|[from] brn
|
|switch|p2a: Mew|Mew|347\/404
|-damage|p2a: Mew|297\/404|[from] Stealth Rock
|turn|42
|
|move|p2a: Mew|Taunt|p1a: Garchomp
|-start|p1a: Garchomp|move: Taunt
|move|p1a: Garchomp|Fire Blast|p2a: Mew
|-damage|p2a: Mew|226\/404
|
|-damage|p1a: Garchomp|0 fnt|[from] brn
|faint|p1a: Garchomp
|
|switch|p1a: Latios|Latios, M|130\/301
|-damage|p1a: Latios|93\/301|[from] Stealth Rock
|turn|43
|
|move|p1a: Latios|Draco Meteor|p2a: Mew
|-damage|p2a: Mew|0 fnt
|-unboost|p1a: Latios|spa|2
|-damage|p1a: Latios|63\/301|[from] item: Life Orb
|faint|p2a: Mew
|
|win|subzeromk
|raw|Ladder updating...
|raw|subzeromk's rating: 1833 &rarr; <strong>1854<\/strong><br \/>(+21 for winning)
|raw|survivor tele's rating: 1836 &rarr; <strong>1816<\/strong><br \/>(-20 for losing)
|leave|survivor tele
|player|p2
|c|âsubzeromk|YES