|join|subzeromk
|join|Richizen
|player|p1|subzeromk|20
|player|p2|Richizen|1
|gametype|singles
|gen|6
|tier|OU
|rated
|clearpoke
|poke|p1|Garchomp, F
|poke|p1|Sylveon, M
|poke|p1|Heracross, F
|poke|p1|Breloom, M
|poke|p1|Bisharp, M
|poke|p1|Tyranitar, F
|poke|p2|Beedrill, F
|poke|p2|Magnezone
|poke|p2|Garchomp, F
|poke|p2|Diggersby, F
|poke|p2|Latias, F
|poke|p2|Azumarill, F
|rule|Swagger Clause: Swagger is banned
|rule|Baton Pass Clause: Limit one PokÃ©mon knowing Baton Pass
|rule|Sleep Clause Mod: Limit one foe put to sleep
|rule|Species Clause: Limit one of each PokÃ©mon
|rule|OHKO Clause: OHKO moves are banned
|rule|Moody Clause: Moody is banned
|rule|Evasion Moves Clause: Evasion moves are banned
|rule|Endless Battle Clause: Forcing endless battles is banned
|rule|HP Percentage Mod: HP is shown in percentages
|teampreview
|
|start
|switch|p1a: Sylveon|Sylveon, M|393\/393
|switch|p2a: NO|Magnezone|281\/281
|turn|1
|
|move|p2a: NO|Volt Switch|p1a: Sylveon
|-damage|p1a: Sylveon|288\/393
|
|switch|p2a: FUK|Beedrill, F|271\/271
|move|p1a: Sylveon|Hidden Power|p2a: FUK
|-damage|p2a: FUK|155\/271
|
|turn|2
|join|Hellfireâ£Chainy
|
|switch|p1a: Garchomp|Garchomp, F|419\/419
|detailschange|p2a: FUK|Beedrill-Mega, F
|message|Beedrill has Mega Evolved into Mega Beedrill!
|move|p2a: FUK|U-turn|p1a: Garchomp
|-damage|p1a: Garchomp|289\/419
|-damage|p2a: FUK|122\/271|[from] ability: Rough Skin|[of] p1a: Garchomp
|-damage|p2a: FUK|77\/271|[from] item: Rocky Helmet|[of] p1a: Garchomp
|
|switch|p2a: WAT|Garchomp, F|357\/357
|
|turn|3
|
|move|p2a: WAT|Stealth Rock|p1a: Garchomp
|-sidestart|p1: subzeromk|move: Stealth Rock
|move|p1a: Garchomp|Stealth Rock|p2a: WAT
|-sidestart|p2: Richizen|move: Stealth Rock
|
|turn|4
|
|move|p2a: WAT|Dragon Claw|p1a: Garchomp
|-supereffective|p1a: Garchomp
|-damage|p1a: Garchomp|77\/419
|-damage|p2a: WAT|313\/357|[from] ability: Rough Skin|[of] p1a: Garchomp
|-damage|p2a: WAT|254\/357|[from] item: Rocky Helmet|[of] p1a: Garchomp
|move|p1a: Garchomp|Hidden Power|p2a: WAT
|-supereffective|p2a: WAT
|-damage|p2a: WAT|62\/357
|
|turn|5
|
|move|p2a: WAT|Earthquake|p1a: Garchomp
|-damage|p1a: Garchomp|0 fnt
|faint|p1a: Garchomp
|
|
|switch|p1a: Madara|Bisharp, M|289\/289
|-damage|p1a: Madara|271\/289|[from] Stealth Rock
|turn|6
|
|move|p1a: Madara|Sucker Punch|p2a: WAT
|-fail|p2a: WAT
|move|p2a: WAT|Swords Dance|p2a: WAT
|-boost|p2a: WAT|atk|2
|
|turn|7
|
|move|p1a: Madara|Sucker Punch|p2a: WAT
|-fail|p2a: WAT
|move|p2a: WAT|Swords Dance|p2a: WAT
|-boost|p2a: WAT|atk|2
|
|turn|8
|
|move|p1a: Madara|Sucker Punch|p2a: WAT
|-fail|p2a: WAT
|move|p2a: WAT|Swords Dance|p2a: WAT
|-boost|p2a: WAT|atk|2
|
|turn|9
|
|move|p1a: Madara|Sucker Punch|p2a: WAT
|-fail|p2a: WAT
|move|p2a: WAT|Stealth Rock|p1a: Madara
|-fail|p1a: Madara
|
|turn|10
|
|move|p1a: Madara|Sucker Punch|p2a: WAT
|-crit|p2a: WAT
|-damage|p2a: WAT|0 fnt
|-damage|p1a: Madara|235\/289|[from] ability: Rough Skin|[of] p2a: WAT
|-damage|p1a: Madara|207\/289|[from] item: Life Orb
|faint|p2a: WAT
|
|c| Hellfireâ£Chainy|is this an rmt team?
|c|âRichizen|Yes.
|
|switch|p2a: NO|Magnezone|281\/281
|-damage|p2a: NO|264\/281|[from] Stealth Rock
|turn|11
|c| Hellfireâ£Chainy|ah
|
|move|p2a: NO|Volt Switch|p1a: Madara
|-crit|p1a: Madara
|-damage|p1a: Madara|0 fnt
|faint|p1a: Madara
|c|âsubzeromk|UGH
|c|âsubzeromk|that hax
|c|âsubzeromk|was supposed to fuck his azumarill up
|
|switch|p2a: OK|Latias, F|309\/309
|-damage|p2a: OK|271\/309|[from] Stealth Rock
|
|
|switch|p1a: Sylveon|Sylveon, M|288\/393
|-damage|p1a: Sylveon|239\/393|[from] Stealth Rock
|turn|12
|
|move|p2a: OK|Healing Wish|p2a: OK
|faint|p2a: OK
|move|p1a: Sylveon|Hyper Voice|p2: OK|[notarget]
|-notarget
|
|
|switch|p2a: FUK|Beedrill-Mega, F|77\/271
|-heal|p2a: FUK|271\/271|[from] move: Healing Wish
|-damage|p2a: FUK|204\/271|[from] Stealth Rock
|turn|13
|
|switch|p1a: Tyranitar|Tyranitar, F|404\/404
|-damage|p1a: Tyranitar|354\/404|[from] Stealth Rock
|-weather|Sandstorm
|move|p2a: FUK|Poison Jab|p1a: Tyranitar
|-resisted|p1a: Tyranitar
|-damage|p1a: Tyranitar|264\/404
|-status|p1a: Tyranitar|psn
|
|-weather|Sandstorm|[upkeep]
|-damage|p2a: FUK|188\/271|[from] sandstorm
|-heal|p1a: Tyranitar|289\/404 psn|[from] item: Leftovers
|-damage|p1a: Tyranitar|239\/404 psn|[from] psn
|turn|14
|
|move|p2a: FUK|U-turn|p1a: Tyranitar
|-supereffective|p1a: Tyranitar
|-damage|p1a: Tyranitar|0 fnt
|faint|p1a: Tyranitar
|
|switch|p2a: WHY|Diggersby, F|309\/309
|-damage|p2a: WHY|290\/309|[from] Stealth Rock
|
|-weather|Sandstorm|[upkeep]
|
|switch|p1a: Heracross|Heracross, F|308\/308
|-damage|p1a: Heracross|270\/308|[from] Stealth Rock
|turn|15
|
|detailschange|p1a: Heracross|Heracross-Mega, F
|message|Heracross has Mega Evolved into Mega Heracross!
|move|p2a: WHY|Frustration|p1a: Heracross
|-damage|p1a: Heracross|35\/308
|-damage|p2a: WHY|260\/309|[from] item: Life Orb
|move|p1a: Heracross|Bullet Seed|p2a: WHY
|-supereffective|p2a: WHY
|-damage|p2a: WHY|150\/309
|-supereffective|p2a: WHY
|-damage|p2a: WHY|34\/309
|-supereffective|p2a: WHY
|-damage|p2a: WHY|0 fnt
|-hitcount|p2a: WHY|3
|faint|p2a: WHY
|
|-weather|Sandstorm|[upkeep]
|-damage|p1a: Heracross|16\/308|[from] sandstorm
|
|switch|p2a: NO|Magnezone|264\/281
|-damage|p2a: NO|247\/281|[from] Stealth Rock
|turn|16
|
|move|p2a: NO|Flash Cannon|p1a: Heracross
|-damage|p1a: Heracross|0 fnt
|faint|p1a: Heracross
|
|-weather|Sandstorm|[upkeep]
|
|switch|p1a: Breloom|Breloom, M|262\/262
|-damage|p1a: Breloom|246\/262|[from] Stealth Rock
|turn|17
|
|move|p1a: Breloom|Mach Punch|p2a: NO
|-supereffective|p2a: NO
|-damage|p2a: NO|10\/281
|-damage|p1a: Breloom|220\/262|[from] item: Life Orb
|move|p2a: NO|Flash Cannon|p1a: Breloom
|-damage|p1a: Breloom|0 fnt
|faint|p1a: Breloom
|
|-weather|none
|-message|subzeromk forfeited.
|
|win|Richizen
|raw|Ladder updating...
|leave|subzeromk
|player|p1
|raw|subzeromk's rating: 1655 &rarr; <strong>1629<\/strong><br \/>(-26 for losing)
|raw|Richizen's rating: 1556 &rarr; <strong>1582<\/strong><br \/>(+26 for winning)