|join|subzeromk
|join|chompisnotaplane
|player|p1|subzeromk|20
|player|p2|chompisnotaplane|70
|gametype|singles
|gen|6
|tier|OU
|rated
|clearpoke
|poke|p1|Azumarill, F
|poke|p1|Garchomp, M
|poke|p1|Latias, F
|poke|p1|Gardevoir, F
|poke|p1|Celebi
|poke|p1|Bisharp, F
|poke|p2|Infernape, F
|poke|p2|Keldeo
|poke|p2|Metagross
|poke|p2|Bisharp, M
|poke|p2|Thundurus, M
|poke|p2|Dragonite, F
|rule|Swagger Clause: Swagger is banned
|rule|Baton Pass Clause: Limit one PokÃ©mon knowing Baton Pass
|rule|Sleep Clause Mod: Limit one foe put to sleep
|rule|Species Clause: Limit one of each PokÃ©mon
|rule|OHKO Clause: OHKO moves are banned
|rule|Moody Clause: Moody is banned
|rule|Evasion Moves Clause: Evasion moves are banned
|rule|Endless Battle Clause: Forcing endless battles is banned
|rule|HP Percentage Mod: HP is shown in percentages
|teampreview
|
|start
|switch|p1a: Azumarill|Azumarill, F|363\/363
|switch|p2a: Infernape|Infernape, F|293\/293
|turn|1
|
|move|p1a: Azumarill|Aqua Jet|p2a: Infernape
|-crit|p2a: Infernape
|-supereffective|p2a: Infernape
|-enditem|p2a: Infernape|Focus Sash
|-damage|p2a: Infernape|1\/293
|move|p2a: Infernape|Stealth Rock|p1a: Azumarill
|-sidestart|p1: subzeromk|move: Stealth Rock
|
|turn|2
|
|move|p1a: Azumarill|Aqua Jet|p2a: Infernape
|-supereffective|p2a: Infernape
|-damage|p2a: Infernape|0 fnt
|faint|p2a: Infernape
|
|
|switch|p2a: Thundurus|Thundurus, M|299\/299
|turn|3
|
|switch|p1a: Celebi|Celebi|404\/404
|-damage|p1a: Celebi|354\/404|[from] Stealth Rock
|move|p2a: Thundurus|Hidden Power|p1a: Celebi
|-crit|p1a: Celebi
|-supereffective|p1a: Celebi
|-damage|p1a: Celebi|138\/404
|-damage|p2a: Thundurus|270\/299|[from] item: Life Orb
|
|-heal|p1a: Celebi|163\/404|[from] item: Leftovers
|turn|4
|
|move|p2a: Thundurus|Hidden Power|p1a: Celebi
|-supereffective|p1a: Celebi
|-damage|p1a: Celebi|10\/404
|-damage|p2a: Thundurus|241\/299|[from] item: Life Orb
|move|p1a: Celebi|Recover|p1a: Celebi
|-heal|p1a: Celebi|212\/404
|
|-heal|p1a: Celebi|237\/404|[from] item: Leftovers
|turn|5
|
|switch|p2a: Metagross|Metagross|301\/301
|move|p1a: Celebi|Recover|p1a: Celebi
|-heal|p1a: Celebi|404\/404
|
|turn|6
|
|detailschange|p2a: Metagross|Metagross-Mega
|-mega|p2a: Metagross|Metagross|Metagrossite
|move|p1a: Celebi|Thunder Wave|p2a: Metagross
|-status|p2a: Metagross|par
|cant|p2a: Metagross|par
|
|turn|7
|
|switch|p1a: Garchomp|Garchomp, M|419\/419
|-damage|p1a: Garchomp|393\/419|[from] Stealth Rock
|switch|p2a: Keldeo|Keldeo|323\/323
|
|turn|8
|
|switch|p1a: Celebi|Celebi|404\/404
|-damage|p1a: Celebi|354\/404|[from] Stealth Rock
|move|p2a: Keldeo|Secret Sword|p1a: Celebi
|-resisted|p1a: Celebi
|-damage|p1a: Celebi|245\/404
|
|-heal|p1a: Celebi|270\/404|[from] item: Leftovers
|turn|9
|
|switch|p2a: Metagross|Metagross-Mega|301\/301 par
|move|p1a: Celebi|Giga Drain|p2a: Metagross
|-resisted|p2a: Metagross
|-damage|p2a: Metagross|256\/301 par
|-heal|p1a: Celebi|293\/404|[from] drain|[of] p2a: Metagross
|
|-heal|p1a: Celebi|318\/404|[from] item: Leftovers
|turn|10
|
|switch|p1a: Garchomp|Garchomp, M|393\/419
|-damage|p1a: Garchomp|367\/419|[from] Stealth Rock
|move|p2a: Metagross|Meteor Mash|p1a: Garchomp
|-damage|p1a: Garchomp|199\/419
|-damage|p2a: Metagross|219\/301 par|[from] ability: Rough Skin|[of] p1a: Garchomp
|-damage|p2a: Metagross|169\/301 par|[from] item: Rocky Helmet|[of] p1a: Garchomp
|
|turn|11
|
|switch|p2a: Thundurus|Thundurus, M|241\/299
|move|p1a: Garchomp|Stealth Rock|p2a: Thundurus
|-sidestart|p2: chompisnotaplane|move: Stealth Rock
|
|turn|12
|
|switch|p1a: Celebi|Celebi|318\/404
|-damage|p1a: Celebi|268\/404|[from] Stealth Rock
|move|p2a: Thundurus|Hidden Power|p1a: Celebi
|-supereffective|p1a: Celebi
|-damage|p1a: Celebi|122\/404
|-damage|p2a: Thundurus|212\/299|[from] item: Life Orb
|
|-heal|p1a: Celebi|147\/404|[from] item: Leftovers
|turn|13
|
|move|p2a: Thundurus|Hidden Power|p1a: Celebi
|-supereffective|p1a: Celebi
|-damage|p1a: Celebi|0 fnt
|-damage|p2a: Thundurus|183\/299|[from] item: Life Orb
|faint|p1a: Celebi
|
|
|switch|p1a: Azumarill|Azumarill, F|363\/363
|-damage|p1a: Azumarill|318\/363|[from] Stealth Rock
|turn|14
|
|move|p1a: Azumarill|Aqua Jet|p2a: Thundurus
|-damage|p2a: Thundurus|0 fnt
|faint|p2a: Thundurus
|
|
|switch|p2a: Keldeo|Keldeo|323\/323
|-damage|p2a: Keldeo|303\/323|[from] Stealth Rock
|turn|15
|
|switch|p1a: Latias|Latias, F|319\/319
|-damage|p1a: Latias|280\/319|[from] Stealth Rock
|move|p2a: Keldeo|Hydro Pump|p1a: Latias
|-resisted|p1a: Latias
|-damage|p1a: Latias|172\/319
|
|turn|16
|
|switch|p1a: Garchomp|Garchomp, M|199\/419
|-damage|p1a: Garchomp|173\/419|[from] Stealth Rock
|switch|p2a: Metagross|Metagross-Mega|169\/301 par
|-damage|p2a: Metagross|151\/301 par|[from] Stealth Rock
|
|turn|17
|
|move|p2a: Metagross|Bullet Punch|p1a: Garchomp
|-damage|p1a: Garchomp|98\/419
|-damage|p2a: Metagross|114\/301 par|[from] ability: Rough Skin|[of] p1a: Garchomp
|-damage|p2a: Metagross|64\/301 par|[from] item: Rocky Helmet|[of] p1a: Garchomp
|move|p1a: Garchomp|Earthquake|p2a: Metagross
|-supereffective|p2a: Metagross
|-damage|p2a: Metagross|0 fnt
|faint|p2a: Metagross
|
|
|switch|p2a: Keldeo|Keldeo|303\/323
|-damage|p2a: Keldeo|283\/323|[from] Stealth Rock
|turn|18
|
|move|p2a: Keldeo|Scald|p1a: Garchomp
|-damage|p1a: Garchomp|0 fnt
|faint|p1a: Garchomp
|
|
|switch|p1a: Azumarill|Azumarill, F|318\/363
|-damage|p1a: Azumarill|273\/363|[from] Stealth Rock
|turn|19
|
|move|p2a: Keldeo|Scald|p1a: Azumarill
|-resisted|p1a: Azumarill
|-damage|p1a: Azumarill|144\/363
|move|p1a: Azumarill|Play Rough|p2a: Keldeo
|-supereffective|p2a: Keldeo
|-damage|p2a: Keldeo|0 fnt
|faint|p2a: Keldeo
|
|
|switch|p2a: Bisharp|Bisharp, M|271\/271
|-damage|p2a: Bisharp|255\/271|[from] Stealth Rock
|turn|20
|
|move|p2a: Bisharp|Iron Head|p1a: Azumarill
|-damage|p1a: Azumarill|0 fnt
|-damage|p2a: Bisharp|228\/271|[from] item: Life Orb
|faint|p1a: Azumarill
|
|
|switch|p1a: Bisharp|Bisharp, F|272\/272
|-damage|p1a: Bisharp|255\/272|[from] Stealth Rock
|turn|21
|
|move|p2a: Bisharp|Swords Dance|p2a: Bisharp
|-boost|p2a: Bisharp|atk|2
|move|p1a: Bisharp|Knock Off|p2a: Bisharp
|-resisted|p2a: Bisharp
|-damage|p2a: Bisharp|112\/271
|-enditem|p2a: Bisharp|Life Orb|[from] move: Knock Off|[of] p1a: Bisharp
|-damage|p1a: Bisharp|228\/272|[from] item: Life Orb
|
|turn|22
|
|move|p1a: Bisharp|Sucker Punch|p2a: Bisharp
|-resisted|p2a: Bisharp
|-damage|p2a: Bisharp|13\/271
|-damage|p1a: Bisharp|201\/272|[from] item: Life Orb
|move|p2a: Bisharp|Iron Head|p1a: Bisharp
|-resisted|p1a: Bisharp
|-damage|p1a: Bisharp|65\/272
|
|turn|23
|
|switch|p1a: Latias|Latias, F|172\/319
|-damage|p1a: Latias|133\/319|[from] Stealth Rock
|move|p2a: Bisharp|Sucker Punch|p1a: Latias
|-fail|p1a: Latias
|
|turn|24
|
|move|p2a: Bisharp|Sucker Punch|p1a: Latias
|-fail|p1a: Latias
|move|p1a: Latias|Healing Wish|p1a: Latias
|faint|p1a: Latias
|
|
|switch|p1a: Bisharp|Bisharp, F|65\/272
|-heal|p1a: Bisharp|272\/272|[from] move: Healing Wish
|-damage|p1a: Bisharp|255\/272|[from] Stealth Rock
|turn|25
|
|move|p2a: Bisharp|Sucker Punch|p1a: Bisharp
|-resisted|p1a: Bisharp
|-damage|p1a: Bisharp|122\/272
|move|p1a: Bisharp|Knock Off|p2a: Bisharp
|-resisted|p2a: Bisharp
|-damage|p2a: Bisharp|0 fnt
|-damage|p1a: Bisharp|95\/272|[from] item: Life Orb
|faint|p2a: Bisharp
|
|
|switch|p2a: Dragonite|Dragonite, F|323\/323
|-damage|p2a: Dragonite|243\/323|[from] Stealth Rock
|turn|26
|c|âchompisnotaplane|gg
|
|move|p2a: Dragonite|Earthquake|p1a: Bisharp
|-supereffective|p1a: Bisharp
|-damage|p1a: Bisharp|0 fnt
|faint|p1a: Bisharp
|
|
|switch|p1a: Gardevoir|Gardevoir, F|314\/314
|-damage|p1a: Gardevoir|275\/314|[from] Stealth Rock
|-ability|p1a: Gardevoir|Multiscale|[from] ability: Trace|[of] p2a: Dragonite
|turn|27
|
|detailschange|p1a: Gardevoir|Gardevoir-Mega, F
|-mega|p1a: Gardevoir|Gardevoir|Gardevoirite
|move|p2a: Dragonite|Earthquake|p1a: Gardevoir
|-damage|p1a: Gardevoir|0 fnt
|faint|p1a: Gardevoir
|
|win|chompisnotaplane
|raw|Ladder updating...
|raw|subzeromk's rating: 1659 &rarr; <strong>1633<\/strong><br \/>(-26 for losing)
|raw|chompisnotaplane's rating: 1551 &rarr; <strong>1577<\/strong><br \/>(+26 for winning)
|leave|subzeromk