|join|subzeromk
|join|Ghislaine my heart
|player|p1|subzeromk|20
|player|p2|Ghislaine my heart|280
|gametype|singles
|gen|6
|tier|OU
|rated
|clearpoke
|poke|p1|Garchomp, F
|poke|p1|Landorus, M
|poke|p1|Gardevoir, F, shiny
|poke|p1|Breloom, M
|poke|p1|Bisharp, M
|poke|p1|Latias, F
|poke|p2|Garchomp, M
|poke|p2|Landorus, M
|poke|p2|Gardevoir, M
|poke|p2|Bisharp, M
|poke|p2|Breloom, F
|poke|p2|Latias, F
|rule|Swagger Clause: Swagger is banned
|rule|Baton Pass Clause: Limit one PokÃ©mon knowing Baton Pass
|rule|Sleep Clause Mod: Limit one foe put to sleep
|rule|Species Clause: Limit one of each PokÃ©mon
|rule|OHKO Clause: OHKO moves are banned
|rule|Moody Clause: Moody is banned
|rule|Evasion Moves Clause: Evasion moves are banned
|rule|Endless Battle Clause: Forcing endless battles is banned
|rule|HP Percentage Mod: HP is shown in percentages
|teampreview
|c|âsubzeromk|wow
|c|âsubzeromk|did you copy me
|join|Reverb
|c|@Reverb|hahahahaha
|
|start
|switch|p1a: Ugo|Landorus, M|319\/319
|switch|p2a: Landorus|Landorus, M|319\/319
|turn|1
|
|move|p2a: Landorus|Knock Off|p1a: Ugo
|-damage|p1a: Ugo|190\/319
|-enditem|p1a: Ugo|Life Orb|[from] move: Knock Off|[of] p2a: Landorus
|-damage|p2a: Landorus|288\/319|[from] item: Life Orb
|move|p1a: Ugo|Hidden Power|p2a: Landorus
|-crit|p2a: Landorus
|-supereffective|p2a: Landorus
|-damage|p2a: Landorus|0 fnt
|faint|p2a: Landorus
|
|c|âsubzeromk|yeah
|join|nirosih
|
|switch|p2a: Latias|Latias, F|319\/319
|turn|2
|
|switch|p1a: Madara|Bisharp, M|334\/334
|move|p2a: Latias|Hidden Power|p1a: Madara
|-supereffective|p1a: Madara
|-damage|p1a: Madara|116\/334
|-damage|p2a: Latias|288\/319|[from] item: Life Orb
|
|turn|3
|
|switch|p2a: Garchomp|Garchomp, M|420\/420
|move|p1a: Madara|Sucker Punch|p2a: Garchomp
|-fail|p2a: Garchomp
|
|turn|4
|
|switch|p1a: Ugo|Landorus, M|190\/319
|move|p2a: Garchomp|Stealth Rock|p1a: Ugo
|-sidestart|p1: subzeromk|move: Stealth Rock
|
|turn|5
|
|switch|p2a: Latias|Latias, F|288\/319
|move|p1a: Ugo|Hidden Power|p2a: Latias
|-supereffective|p2a: Latias
|-damage|p2a: Latias|184\/319
|
|turn|6
|
|switch|p2a: Gardevoir|Gardevoir, M|277\/277
|-ability|p2a: Gardevoir|Sheer Force|[from] ability: Trace|[of] p1a: Ugo
|move|p1a: Ugo|Hidden Power|p2a: Gardevoir
|-damage|p2a: Gardevoir|221\/277
|
|turn|7
|
|detailschange|p2a: Gardevoir|Gardevoir-Mega, M
|-mega|p2a: Gardevoir|Gardevoir|Gardevoirite
|move|p1a: Ugo|Sludge Wave|p2a: Gardevoir
|-supereffective|p2a: Gardevoir
|-damage|p2a: Gardevoir|5\/277
|move|p2a: Gardevoir|Hyper Voice|p1a: Ugo
|-damage|p1a: Ugo|0 fnt
|faint|p1a: Ugo
|
|
|switch|p1a: Kensei|Breloom, M|262\/262
|-damage|p1a: Kensei|246\/262|[from] Stealth Rock
|turn|8
|
|switch|p2a: Breloom|Breloom, F|261\/261
|move|p1a: Kensei|Mach Punch|p2a: Breloom
|-damage|p2a: Breloom|70\/261
|-damage|p1a: Kensei|220\/262|[from] item: Life Orb
|
|turn|9
|
|move|p2a: Breloom|Mach Punch|p1a: Kensei
|-damage|p1a: Kensei|47\/262
|-damage|p2a: Breloom|44\/261|[from] item: Life Orb
|move|p1a: Kensei|Mach Punch|p2a: Breloom
|-damage|p2a: Breloom|0 fnt
|-damage|p1a: Kensei|21\/262|[from] item: Life Orb
|faint|p2a: Breloom
|
|
|switch|p2a: Latias|Latias, F|184\/319
|turn|10
|
|switch|p1a: Madara|Bisharp, M|116\/334
|-damage|p1a: Madara|96\/334|[from] Stealth Rock
|move|p2a: Latias|Healing Wish|p2a: Latias
|faint|p2a: Latias
|
|
|switch|p2a: Gardevoir|Gardevoir-Mega, M|5\/277
|-heal|p2a: Gardevoir|277\/277|[from] move: Healing Wish
|turn|11
|
|switch|p2a: Garchomp|Garchomp, M|420\/420
|move|p1a: Madara|Sucker Punch|p2a: Garchomp
|-fail|p2a: Garchomp
|
|turn|12
|join|Druides
|
|switch|p1a: Kensei|Breloom, M|21\/262
|-damage|p1a: Kensei|5\/262|[from] Stealth Rock
|move|p2a: Garchomp|Earthquake|p1a: Kensei
|-resisted|p1a: Kensei
|-damage|p1a: Kensei|0 fnt
|faint|p1a: Kensei
|
|
|switch|p1a: Latias|Latias, F|301\/301
|-damage|p1a: Latias|264\/301|[from] Stealth Rock
|turn|13
|
|switch|p2a: Gardevoir|Gardevoir-Mega, M|277\/277
|move|p1a: Latias|Draco Meteor|p2a: Gardevoir
|-immune|p2a: Gardevoir|[msg]
|
|turn|14
|
|move|p1a: Latias|Healing Wish|p1a: Latias
|faint|p1a: Latias
|move|p2a: Gardevoir|Hyper Voice|p1: Latias|[notarget]
|-notarget
|
|join|Merry Jewmas
|
|switch|p1a: Madara|Bisharp, M|96\/334
|-heal|p1a: Madara|334\/334|[from] move: Healing Wish
|-damage|p1a: Madara|314\/334|[from] Stealth Rock
|turn|15
|leave|Merry Jewmas
|
|move|p1a: Madara|Sucker Punch|p2a: Gardevoir
|-damage|p2a: Gardevoir|21\/277
|move|p2a: Gardevoir|Hyper Voice|p1a: Madara
|-damage|p1a: Madara|0 fnt
|faint|p1a: Madara
|
|
|switch|p1a: Hilda|Gardevoir, F, shiny|314\/314
|-damage|p1a: Hilda|275\/314|[from] Stealth Rock
|-ability|p1a: Hilda|Pixilate|[from] ability: Trace|[of] p2a: Gardevoir
|turn|16
|leave|nirosih
|join|gamerguy1123
|
|switch|p2a: Garchomp|Garchomp, M|420\/420
|detailschange|p1a: Hilda|Gardevoir-Mega, F, shiny
|-mega|p1a: Hilda|Gardevoir|Gardevoirite
|move|p1a: Hilda|Hyper Voice|p2a: Garchomp
|-supereffective|p2a: Garchomp
|-damage|p2a: Garchomp|0 fnt
|faint|p2a: Garchomp
|
|
|switch|p2a: Bisharp|Bisharp, M|271\/271
|turn|17
|
|move|p1a: Hilda|Hyper Voice|p2a: Bisharp
|-damage|p2a: Bisharp|0 fnt
|faint|p2a: Bisharp
|
|-message|Ghislaine my heart forfeited.
|leave|Ghislaine my heart
|
|win|subzeromk
|raw|Ladder updating...
|player|p2
|raw|subzeromk's rating: 1714 &rarr; <strong>1722<\/strong><br \/>(+8 for winning)
|raw|Ghislaine my heart's rating: 1484 &rarr; <strong>1476<\/strong><br \/>(-8 for losing)
|c|âsubzeromk|fake ass bitch
|leave|subzeromk
|player|p1
|leave|Reverb
|leave|Druides
|join|subzeromk