|join|Dayanne
|join|subzeromk
|player|p1|Dayanne|37
|player|p2|subzeromk|20
|gametype|singles
|gen|6
|tier|OU
|rated
|clearpoke
|poke|p1|Chansey, F
|poke|p1|Zapdos
|poke|p1|Scizor, M
|poke|p1|Clefable, F
|poke|p1|Gliscor, M
|poke|p1|Slowbro, M
|poke|p2|Azumarill, F
|poke|p2|Garchomp, M
|poke|p2|Latias, F
|poke|p2|Gardevoir, M
|poke|p2|Celebi
|poke|p2|Bisharp, M
|rule|Swagger Clause: Swagger is banned
|rule|Baton Pass Clause: Limit one PokÃ©mon knowing Baton Pass
|rule|Sleep Clause Mod: Limit one foe put to sleep
|rule|Species Clause: Limit one of each PokÃ©mon
|rule|OHKO Clause: OHKO moves are banned
|rule|Moody Clause: Moody is banned
|rule|Evasion Moves Clause: Evasion moves are banned
|rule|Endless Battle Clause: Forcing endless battles is banned
|rule|HP Percentage Mod: HP is shown in percentages
|teampreview
|
|start
|switch|p1a: Slowbro|Slowbro, M|394\/394
|switch|p2a: Gardevoir|Gardevoir, M|314\/314
|-ability|p2a: Gardevoir|Regenerator|[from] ability: Trace|[of] p1a: Slowbro
|turn|1
|
|detailschange|p2a: Gardevoir|Gardevoir-Mega, M
|-mega|p2a: Gardevoir|Gardevoir|Gardevoirite
|move|p2a: Gardevoir|Hyper Voice|p1a: Slowbro
|-damage|p1a: Slowbro|76\/394
|move|p1a: Slowbro|Thunder Wave|p2a: Gardevoir
|-status|p2a: Gardevoir|par
|
|-heal|p1a: Slowbro|100\/394|[from] item: Leftovers
|turn|2
|
|switch|p1a: Chansey|Chansey, F|704\/704
|cant|p2a: Gardevoir|par
|
|turn|3
|
|switch|p2a: Garchomp|Garchomp, M|419\/419
|move|p1a: Chansey|Stealth Rock|p2a: Garchomp
|-sidestart|p2: subzeromk|move: Stealth Rock
|
|turn|4
|
|switch|p1a: Clefable|Clefable, F|394\/394
|move|p2a: Garchomp|Stealth Rock|p1a: Clefable
|-sidestart|p1: Dayanne|move: Stealth Rock
|
|turn|5
|
|switch|p2a: Latias|Latias, F|319\/319
|-damage|p2a: Latias|280\/319|[from] Stealth Rock
|move|p1a: Clefable|Moonblast|p2a: Latias
|-supereffective|p2a: Latias
|-damage|p2a: Latias|104\/319
|
|turn|6
|
|move|p2a: Latias|Healing Wish|p2a: Latias
|faint|p2a: Latias
|move|p1a: Clefable|Moonblast|p2: Latias|[notarget]
|-notarget
|
|
|switch|p2a: Gardevoir|Gardevoir-Mega, M|314\/314 par
|-heal|p2a: Gardevoir|314\/314|[from] move: Healing Wish
|-damage|p2a: Gardevoir|275\/314|[from] Stealth Rock
|turn|7
|
|switch|p1a: Scizor|Scizor, M|344\/344
|-damage|p1a: Scizor|301\/344|[from] Stealth Rock
|move|p2a: Gardevoir|Taunt|p1a: Scizor
|-start|p1a: Scizor|move: Taunt
|
|turn|8
|
|switch|p2a: Garchomp|Garchomp, M|419\/419
|-damage|p2a: Garchomp|393\/419|[from] Stealth Rock
|switch|p1a: Slowbro|Slowbro, M|231\/394
|-damage|p1a: Slowbro|182\/394|[from] Stealth Rock
|
|-heal|p1a: Slowbro|206\/394|[from] item: Leftovers
|turn|9
|
|move|p2a: Garchomp|Earthquake|p1a: Slowbro
|-damage|p1a: Slowbro|103\/394
|move|p1a: Slowbro|Scald|p2a: Garchomp
|-crit|p2a: Garchomp
|-damage|p2a: Garchomp|218\/419
|
|-heal|p1a: Slowbro|127\/394|[from] item: Leftovers
|turn|10
|
|switch|p2a: Gardevoir|Gardevoir-Mega, M|275\/314
|-damage|p2a: Gardevoir|236\/314|[from] Stealth Rock
|move|p1a: Slowbro|Slack Off|p1a: Slowbro
|-heal|p1a: Slowbro|324\/394
|
|-heal|p1a: Slowbro|348\/394|[from] item: Leftovers
|turn|11
|
|move|p2a: Gardevoir|Taunt|p1a: Slowbro
|-start|p1a: Slowbro|move: Taunt
|cant|p1a: Slowbro|move: Taunt|Thunder Wave
|
|-heal|p1a: Slowbro|372\/394|[from] item: Leftovers
|turn|12
|
|move|p2a: Gardevoir|Hyper Voice|p1a: Slowbro
|-damage|p1a: Slowbro|65\/394
|move|p1a: Slowbro|Scald|p2a: Gardevoir
|-damage|p2a: Gardevoir|166\/314
|-status|p2a: Gardevoir|brn
|
|-heal|p1a: Slowbro|89\/394|[from] item: Leftovers
|-damage|p2a: Gardevoir|127\/314 brn|[from] brn
|turn|13
|
|switch|p1a: Scizor|Scizor, M|301\/344
|-damage|p1a: Scizor|258\/344|[from] Stealth Rock
|move|p2a: Gardevoir|Hyper Voice|p1a: Scizor
|-resisted|p1a: Scizor
|-damage|p1a: Scizor|104\/344
|
|-damage|p2a: Gardevoir|88\/314 brn|[from] brn
|turn|14
|
|detailschange|p1a: Scizor|Scizor-Mega, M
|-mega|p1a: Scizor|Scizor|Scizorite
|move|p1a: Scizor|Bullet Punch|p2a: Gardevoir
|-supereffective|p2a: Gardevoir
|-damage|p2a: Gardevoir|0 fnt
|faint|p2a: Gardevoir
|
|
|switch|p2a: Bisharp|Bisharp, M|272\/272
|-damage|p2a: Bisharp|255\/272|[from] Stealth Rock
|turn|15
|
|move|p2a: Bisharp|Swords Dance|p2a: Bisharp
|-boost|p2a: Bisharp|atk|2
|move|p1a: Scizor|Roost|p1a: Scizor
|-heal|p1a: Scizor|276\/344
|
|turn|16
|
|move|p2a: Bisharp|Sucker Punch|p1a: Scizor
|-damage|p1a: Scizor|62\/344
|-damage|p2a: Bisharp|228\/272|[from] item: Life Orb
|move|p1a: Scizor|Superpower|p2a: Bisharp
|-supereffective|p2a: Bisharp
|-damage|p2a: Bisharp|0 fnt
|-unboost|p1a: Scizor|atk|1
|-unboost|p1a: Scizor|def|1
|faint|p2a: Bisharp
|
|-message|subzeromk forfeited.
|leave|subzeromk
|
|win|Dayanne
|raw|Ladder updating...
|player|p2
|raw|Dayanne's rating: 1774 &rarr; <strong>1789<\/strong><br \/>(+15 for winning)
|raw|subzeromk's rating: 1680 &rarr; <strong>1665<\/strong><br \/>(-15 for losing)