|join|subzeromk
|join|bidoofswar
|player|p1|subzeromk|20
|player|p2|bidoofswar|10
|gametype|singles
|gen|6
|tier|OU
|rated
|clearpoke
|poke|p1|Azumarill, M
|poke|p1|Garchomp, F
|poke|p1|Latias, F
|poke|p1|Gardevoir, M
|poke|p1|Celebi
|poke|p1|Bisharp, F
|poke|p2|Wobbuffet, F
|poke|p2|Heatran, F
|poke|p2|Thundurus, M
|poke|p2|Landorus, M
|poke|p2|Azumarill, F
|poke|p2|Pinsir, F
|rule|Swagger Clause: Swagger is banned
|rule|Baton Pass Clause: Limit one PokÃ©mon knowing Baton Pass
|rule|Sleep Clause Mod: Limit one foe put to sleep
|rule|Species Clause: Limit one of each PokÃ©mon
|rule|OHKO Clause: OHKO moves are banned
|rule|Moody Clause: Moody is banned
|rule|Evasion Moves Clause: Evasion moves are banned
|rule|Endless Battle Clause: Forcing endless battles is banned
|rule|HP Percentage Mod: HP is shown in percentages
|teampreview
|
|start
|switch|p1a: Gardevoir|Gardevoir, M|314\/314
|switch|p2a: Wobbuffet|Wobbuffet, F|521\/521
|-ability|p1a: Gardevoir|Shadow Tag|[from] ability: Trace|[of] p2a: Wobbuffet
|turn|1
|
|detailschange|p1a: Gardevoir|Gardevoir-Mega, M
|-mega|p1a: Gardevoir|Gardevoir|Gardevoirite
|move|p1a: Gardevoir|Taunt|p2a: Wobbuffet
|-start|p2a: Wobbuffet|move: Taunt
|move|p2a: Wobbuffet|Mirror Coat|p1a: Gardevoir
|-fail|p1a: Gardevoir
|
|turn|2
|
|move|p1a: Gardevoir|Taunt|p2a: Wobbuffet
|-fail|p2a: Wobbuffet
|move|p2a: Wobbuffet|Mirror Coat|p1a: Gardevoir
|-fail|p1a: Gardevoir
|
|turn|3
|
|move|p1a: Gardevoir|Taunt|p2a: Wobbuffet
|-fail|p2a: Wobbuffet
|move|p2a: Wobbuffet|Mirror Coat|p1a: Gardevoir
|-fail|p1a: Gardevoir
|
|-end|p2a: Wobbuffet|move: Taunt
|turn|4
|
|move|p1a: Gardevoir|Taunt|p2a: Wobbuffet
|-start|p2a: Wobbuffet|move: Taunt
|move|p2a: Wobbuffet|Mirror Coat|p1a: Gardevoir
|-fail|p1a: Gardevoir
|
|turn|5
|
|move|p1a: Gardevoir|Taunt|p2a: Wobbuffet
|-fail|p2a: Wobbuffet
|move|p2a: Wobbuffet|Mirror Coat|p1a: Gardevoir
|-fail|p1a: Gardevoir
|
|turn|6
|c|âbidoofswar|so how've you been
|
|move|p1a: Gardevoir|Taunt|p2a: Wobbuffet
|-fail|p2a: Wobbuffet
|move|p2a: Wobbuffet|Mirror Coat|p1a: Gardevoir
|-fail|p1a: Gardevoir
|
|-end|p2a: Wobbuffet|move: Taunt
|turn|7
|c|âsubzeromk|could be better I guess
|
|move|p1a: Gardevoir|Taunt|p2a: Wobbuffet
|-start|p2a: Wobbuffet|move: Taunt
|move|p2a: Wobbuffet|Mirror Coat|p1a: Gardevoir
|-fail|p1a: Gardevoir
|
|turn|8
|
|move|p1a: Gardevoir|Taunt|p2a: Wobbuffet
|-fail|p2a: Wobbuffet
|move|p2a: Wobbuffet|Mirror Coat|p1a: Gardevoir
|-fail|p1a: Gardevoir
|
|turn|9
|
|move|p1a: Gardevoir|Taunt|p2a: Wobbuffet
|-fail|p2a: Wobbuffet
|move|p2a: Wobbuffet|Mirror Coat|p1a: Gardevoir
|-fail|p1a: Gardevoir
|
|-end|p2a: Wobbuffet|move: Taunt
|turn|10
|
|move|p1a: Gardevoir|Taunt|p2a: Wobbuffet
|-start|p2a: Wobbuffet|move: Taunt
|move|p2a: Wobbuffet|Mirror Coat|p1a: Gardevoir
|-fail|p1a: Gardevoir
|
|turn|11
|
|move|p1a: Gardevoir|Taunt|p2a: Wobbuffet
|-fail|p2a: Wobbuffet
|move|p2a: Wobbuffet|Counter|p1a: Gardevoir
|-fail|p1a: Gardevoir
|
|turn|12
|
|move|p1a: Gardevoir|Taunt|p2a: Wobbuffet
|-fail|p2a: Wobbuffet
|move|p2a: Wobbuffet|Mirror Coat|p1a: Gardevoir
|-fail|p1a: Gardevoir
|
|-end|p2a: Wobbuffet|move: Taunt
|turn|13
|
|move|p1a: Gardevoir|Taunt|p2a: Wobbuffet
|-start|p2a: Wobbuffet|move: Taunt
|move|p2a: Wobbuffet|Mirror Coat|p1a: Gardevoir
|-fail|p1a: Gardevoir
|
|turn|14
|
|move|p1a: Gardevoir|Taunt|p2a: Wobbuffet
|-fail|p2a: Wobbuffet
|move|p2a: Wobbuffet|Mirror Coat|p1a: Gardevoir
|-fail|p1a: Gardevoir
|
|turn|15
|
|move|p1a: Gardevoir|Taunt|p2a: Wobbuffet
|-fail|p2a: Wobbuffet
|move|p2a: Wobbuffet|Counter|p1a: Gardevoir
|-fail|p1a: Gardevoir
|
|-end|p2a: Wobbuffet|move: Taunt
|turn|16
|
|move|p1a: Gardevoir|Taunt|p2a: Wobbuffet
|-start|p2a: Wobbuffet|move: Taunt
|move|p2a: Wobbuffet|Mirror Coat|p1a: Gardevoir
|-fail|p1a: Gardevoir
|
|turn|17
|
|move|p1a: Gardevoir|Taunt|p2a: Wobbuffet
|-fail|p2a: Wobbuffet
|move|p2a: Wobbuffet|Mirror Coat|p1a: Gardevoir
|-fail|p1a: Gardevoir
|
|turn|18
|
|move|p1a: Gardevoir|Taunt|p2a: Wobbuffet
|-fail|p2a: Wobbuffet
|move|p2a: Wobbuffet|Counter|p1a: Gardevoir
|-fail|p1a: Gardevoir
|
|-end|p2a: Wobbuffet|move: Taunt
|turn|19
|
|move|p1a: Gardevoir|Taunt|p2a: Wobbuffet
|-start|p2a: Wobbuffet|move: Taunt
|move|p2a: Wobbuffet|Counter|p1a: Gardevoir
|-fail|p1a: Gardevoir
|
|turn|20
|
|move|p1a: Gardevoir|Taunt|p2a: Wobbuffet
|-fail|p2a: Wobbuffet
|move|p2a: Wobbuffet|Mirror Coat|p1a: Gardevoir
|-fail|p1a: Gardevoir
|
|turn|21
|
|move|p1a: Gardevoir|Hyper Voice|p2a: Wobbuffet
|-damage|p2a: Wobbuffet|260\/521
|move|p2a: Wobbuffet|Mirror Coat|p1a: Gardevoir
|-damage|p1a: Gardevoir|0 fnt
|faint|p1a: Gardevoir
|
|-heal|p2a: Wobbuffet|292\/521|[from] item: Leftovers
|-end|p2a: Wobbuffet|move: Taunt
|
|switch|p1a: Garchomp|Garchomp, F|419\/419
|turn|22
|
|move|p1a: Garchomp|Stealth Rock|p2a: Wobbuffet
|-sidestart|p2: bidoofswar|move: Stealth Rock
|move|p2a: Wobbuffet|Encore|p1a: Garchomp
|-start|p1a: Garchomp|Encore
|
|-heal|p2a: Wobbuffet|324\/521|[from] item: Leftovers
|turn|23
|
|switch|p2a: Thundurus|Thundurus, M|299\/299
|-damage|p2a: Thundurus|225\/299|[from] Stealth Rock
|move|p1a: Garchomp|Stealth Rock|p2a: Thundurus
|-fail|p2a: Thundurus
|
|turn|24
|
|switch|p1a: Celebi|Celebi|404\/404
|move|p2a: Thundurus|Thunderbolt|p1a: Celebi
|-resisted|p1a: Celebi
|-damage|p1a: Celebi|318\/404
|-damage|p2a: Thundurus|196\/299|[from] item: Life Orb
|
|-heal|p1a: Celebi|343\/404|[from] item: Leftovers
|turn|25
|
|move|p2a: Thundurus|Taunt|p1a: Celebi
|-start|p1a: Celebi|move: Taunt
|cant|p1a: Celebi|move: Taunt|Thunder Wave
|
|-heal|p1a: Celebi|368\/404|[from] item: Leftovers
|turn|26
|
|switch|p1a: Azumarill|Azumarill, M|363\/363
|move|p2a: Thundurus|Thunder Wave|p1a: Azumarill
|-status|p1a: Azumarill|par
|
|turn|27
|
|cant|p1a: Azumarill|par
|move|p2a: Thundurus|Thunderbolt|p1a: Azumarill
|-supereffective|p1a: Azumarill
|-damage|p1a: Azumarill|0 fnt
|-damage|p2a: Thundurus|167\/299|[from] item: Life Orb
|faint|p1a: Azumarill
|
|-message|subzeromk forfeited.
|leave|subzeromk
|
|win|bidoofswar
|raw|Ladder updating...
|c|âbidoofswar|gg
|player|p1