|join|neenerz
|join|LMay
|player|p1|neenerz|159
|player|p2|LMay|283
|gametype|singles
|gen|6
|tier|ORAS OU
|rated
|rule|Sleep Clause Mod: Limit one foe put to sleep
|rule|Species Clause: Limit one of each PokÃ©mon
|rule|OHKO Clause: OHKO moves are banned
|rule|Moody Clause: Moody is banned
|rule|Evasion Moves Clause: Evasion moves are banned
|rule|Endless Battle Clause: Forcing endless battles is banned
|rule|HP Percentage Mod: HP is shown in percentages
|clearpoke
|poke|p1|Lopunny, F
|poke|p1|Sableye, M
|poke|p1|Ferrothorn, M
|poke|p1|Slowbro, F
|poke|p1|Excadrill, F, shiny
|poke|p1|Porygon-Z
|poke|p2|Lopunny, F, shiny
|poke|p2|Mamoswine, M, shiny
|poke|p2|Slowbro, M, shiny
|poke|p2|Chansey, F, shiny
|poke|p2|Gengar, M, shiny
|poke|p2|Dragonite, F, shiny
|rule|Swagger Clause: Swagger is banned
|rule|Baton Pass Clause: Limit one PokÃ©mon knowing Baton Pass
|teampreview
|
|start
|switch|p1a: Sableye|Sableye, M|303\/303
|switch|p2a: Beverly|Lopunny, F, shiny|272\/272
|turn|1
|
|detailschange|p2a: Beverly|Lopunny-Mega, F, shiny
|message|Lopunny has Mega Evolved into Mega Lopunny!
|move|p2a: Beverly|Fake Out|p1a: Sableye
|-damage|p1a: Sableye|210\/303
|cant|p1a: Sableye|flinch
|
|-heal|p1a: Sableye|228\/303|[from] item: Leftovers
|turn|2
|
|switch|p1a: Slowbro|Slowbro, F|393\/393
|move|p2a: Beverly|Jump Kick|p1a: Slowbro
|-resisted|p1a: Slowbro
|-damage|p1a: Slowbro|327\/393
|
|-heal|p1a: Slowbro|351\/393|[from] item: Leftovers
|turn|3
|
|switch|p2a: FREEZE|Chansey, F, shiny|704\/704
|move|p1a: Slowbro|Scald|p2a: FREEZE
|-damage|p2a: FREEZE|644\/704
|
|-heal|p1a: Slowbro|375\/393|[from] item: Leftovers
|turn|4
|
|switch|p2a: Cynder|Dragonite, F, shiny|373\/373
|move|p1a: Slowbro|Psyshock|p2a: Cynder
|-damage|p2a: Cynder|322\/373
|
|-heal|p1a: Slowbro|393\/393|[from] item: Leftovers
|turn|5
|
|switch|p2a: FREEZE|Chansey, F, shiny|644\/704
|move|p1a: Slowbro|Scald|p2a: FREEZE
|-damage|p2a: FREEZE|577\/704
|-status|p2a: FREEZE|brn
|
|-damage|p2a: FREEZE|489\/704 brn|[from] brn
|turn|6
|
|switch|p1a: Sableye|Sableye, M|228\/303
|move|p2a: FREEZE|Toxic|p1a: Sableye
|-status|p1a: Sableye|tox
|
|-heal|p1a: Sableye|246\/303 tox|[from] item: Leftovers
|-damage|p2a: FREEZE|401\/704 brn|[from] brn
|-damage|p1a: Sableye|228\/303 tox|[from] psn
|turn|7
|
|switch|p2a: Beverly|Lopunny-Mega, F, shiny|272\/272
|move|p1a: Sableye|Recover|p1a: Sableye
|-heal|p1a: Sableye|303\/303 tox
|
|-damage|p1a: Sableye|267\/303 tox|[from] psn
|turn|8
|
|switch|p2a: Ghostic|Gengar, M, shiny|265\/265
|switch|p1a: Slowbro|Slowbro, F|393\/393
|
|turn|9
|
|switch|p1a: Porygon-Z|Porygon-Z|311\/311
|move|p2a: Ghostic|Substitute|p2a: Ghostic
|-start|p2a: Ghostic|Substitute
|-damage|p2a: Ghostic|199\/265
|
|-heal|p2a: Ghostic|215\/265|[from] item: Black Sludge
|turn|10
|
|switch|p1a: Ferrothorn|Ferrothorn, M|351\/351
|move|p2a: Ghostic|Sludge Bomb|p1a: Ferrothorn
|-immune|p1a: Ferrothorn|[msg]
|
|-heal|p2a: Ghostic|231\/265|[from] item: Black Sludge
|turn|11
|
|move|p2a: Ghostic|Will-O-Wisp|p1a: Ferrothorn
|-status|p1a: Ferrothorn|brn
|move|p1a: Ferrothorn|Stealth Rock|p2a: Ghostic
|-sidestart|p2: LMay|move: Stealth Rock
|
|-heal|p2a: Ghostic|247\/265|[from] item: Black Sludge
|-damage|p1a: Ferrothorn|308\/351 brn|[from] brn
|turn|12
|
|move|p2a: Ghostic|Shadow Ball|p1a: Ferrothorn
|-damage|p1a: Ferrothorn|209\/351 brn
|-unboost|p1a: Ferrothorn|spd|1
|move|p1a: Ferrothorn|Knock Off|p2a: Ghostic
|-supereffective|p2a: Ghostic
|-end|p2a: Ghostic|Substitute
|
|-heal|p2a: Ghostic|263\/265|[from] item: Black Sludge
|-damage|p1a: Ferrothorn|166\/351 brn|[from] brn
|turn|13
|
|move|p2a: Ghostic|Substitute|p2a: Ghostic
|-start|p2a: Ghostic|Substitute
|-damage|p2a: Ghostic|197\/265
|move|p1a: Ferrothorn|Knock Off|p2a: Ghostic
|-supereffective|p2a: Ghostic
|-end|p2a: Ghostic|Substitute
|
|-heal|p2a: Ghostic|213\/265|[from] item: Black Sludge
|-damage|p1a: Ferrothorn|123\/351 brn|[from] brn
|turn|14
|
|move|p2a: Ghostic|Shadow Ball|p1a: Ferrothorn
|-damage|p1a: Ferrothorn|0 fnt
|faint|p1a: Ferrothorn
|
|-heal|p2a: Ghostic|229\/265|[from] item: Black Sludge
|
|switch|p1a: Lopunny|Lopunny, F|271\/271
|turn|15
|
|switch|p2a: Roger|Slowbro, M, shiny|394\/394
|-damage|p2a: Roger|345\/394|[from] Stealth Rock
|detailschange|p1a: Lopunny|Lopunny-Mega, F
|message|Lopunny has Mega Evolved into Mega Lopunny!
|move|p1a: Lopunny|Return|p2a: Roger
|-damage|p2a: Roger|197\/394
|
|-heal|p2a: Roger|221\/394|[from] item: Leftovers
|turn|16
|
|switch|p1a: Sableye|Sableye, M|267\/303 tox
|move|p2a: Roger|Slack Off|p2a: Roger
|-heal|p2a: Roger|394\/394
|
|-heal|p1a: Sableye|285\/303 tox|[from] item: Leftovers
|-damage|p1a: Sableye|267\/303 tox|[from] psn
|turn|17
|
|switch|p2a: Ghostic|Gengar, M, shiny|229\/265
|-damage|p2a: Ghostic|196\/265|[from] Stealth Rock
|move|p1a: Sableye|Toxic|p2a: Ghostic
|-fail|p2a: Ghostic
|
|-heal|p2a: Ghostic|212\/265|[from] item: Black Sludge
|-heal|p1a: Sableye|285\/303 tox|[from] item: Leftovers
|-damage|p1a: Sableye|249\/303 tox|[from] psn
|turn|18
|
|move|p1a: Sableye|Shadow Sneak|p2a: Ghostic
|-supereffective|p2a: Ghostic
|-damage|p2a: Ghostic|102\/265
|move|p2a: Ghostic|Substitute|p2a: Ghostic
|-start|p2a: Ghostic|Substitute
|-damage|p2a: Ghostic|36\/265
|
|-heal|p2a: Ghostic|52\/265|[from] item: Black Sludge
|-heal|p1a: Sableye|267\/303 tox|[from] item: Leftovers
|-damage|p1a: Sableye|213\/303 tox|[from] psn
|turn|19
|
|move|p1a: Sableye|Shadow Sneak|p2a: Ghostic
|-supereffective|p2a: Ghostic
|-end|p2a: Ghostic|Substitute
|move|p2a: Ghostic|Shadow Ball|p1a: Sableye
|-damage|p1a: Sableye|86\/303 tox
|
|-heal|p2a: Ghostic|68\/265|[from] item: Black Sludge
|-heal|p1a: Sableye|104\/303 tox|[from] item: Leftovers
|-damage|p1a: Sableye|32\/303 tox|[from] psn
|turn|20
|
|switch|p2a: FREEZE|Chansey, F, shiny|401\/704
|-damage|p2a: FREEZE|313\/704|[from] Stealth Rock
|move|p1a: Sableye|Shadow Sneak|p2a: FREEZE
|-immune|p2a: FREEZE|[msg]
|
|-heal|p1a: Sableye|50\/303 tox|[from] item: Leftovers
|-damage|p1a: Sableye|0 fnt|[from] psn
|faint|p1a: Sableye
|
|switch|p1a: Lopunny|Lopunny-Mega, F|271\/271
|turn|21
|
|move|p1a: Lopunny|Agility|p1a: Lopunny
|-boost|p1a: Lopunny|spe|2
|move|p2a: FREEZE|Soft-Boiled|p2a: FREEZE
|-heal|p2a: FREEZE|665\/704
|
|turn|22
|
|move|p1a: Lopunny|High Jump Kick|p2a: FREEZE
|-supereffective|p2a: FREEZE
|-damage|p2a: FREEZE|0 fnt
|faint|p2a: FREEZE
|
|
|switch|p2a: Roger|Slowbro, M, shiny|394\/394
|-damage|p2a: Roger|345\/394|[from] Stealth Rock
|turn|23
|
|move|p1a: Lopunny|Return|p2a: Roger
|-damage|p2a: Roger|204\/394
|move|p2a: Roger|Thunder Wave|p1a: Lopunny
|-status|p1a: Lopunny|par
|
|-heal|p2a: Roger|228\/394|[from] item: Leftovers
|turn|24
|
|switch|p1a: Excadrill|Excadrill, F, shiny|423\/423
|-ability|p1a: Excadrill|Mold Breaker
|move|p2a: Roger|Slack Off|p2a: Roger
|-heal|p2a: Roger|394\/394
|
|turn|25
|
|switch|p1a: Porygon-Z|Porygon-Z|311\/311
|move|p2a: Roger|Scald|p1a: Porygon-Z
|-damage|p1a: Porygon-Z|200\/311
|
|turn|26
|
|move|p1a: Porygon-Z|Dark Pulse|p2a: Roger
|-supereffective|p2a: Roger
|-damage|p2a: Roger|32\/394
|move|p2a: Roger|Thunder Wave|p1a: Porygon-Z
|-status|p1a: Porygon-Z|par
|
|-heal|p2a: Roger|56\/394|[from] item: Leftovers
|turn|27
|
|switch|p2a: Cynder|Dragonite, F, shiny|322\/373
|-damage|p2a: Cynder|229\/373|[from] Stealth Rock
|move|p1a: Porygon-Z|Dark Pulse|p2a: Cynder
|-damage|p2a: Cynder|70\/373
|
|turn|28
|
|move|p2a: Cynder|Extreme Speed|p1a: Porygon-Z
|-damage|p1a: Porygon-Z|0 fnt
|faint|p1a: Porygon-Z
|
|
|switch|p1a: Excadrill|Excadrill, F, shiny|423\/423
|-ability|p1a: Excadrill|Mold Breaker
|turn|29
|
|move|p2a: Cynder|Extreme Speed|p1a: Excadrill
|-resisted|p1a: Excadrill
|-damage|p1a: Excadrill|295\/423
|move|p1a: Excadrill|Swords Dance|p1a: Excadrill
|-boost|p1a: Excadrill|atk|2
|
|turn|30
|
|move|p2a: Cynder|Extreme Speed|p1a: Excadrill
|-resisted|p1a: Excadrill
|-damage|p1a: Excadrill|172\/423
|move|p1a: Excadrill|Iron Head|p2a: Cynder
|-damage|p2a: Cynder|0 fnt
|-damage|p1a: Excadrill|130\/423|[from] item: Life Orb
|faint|p2a: Cynder
|
|
|switch|p2a: Magnum|Mamoswine, M, shiny|364\/364
|-damage|p2a: Magnum|319\/364|[from] Stealth Rock
|turn|31
|
|move|p2a: Magnum|Ice Shard|p1a: Excadrill
|-damage|p1a: Excadrill|6\/423
|move|p1a: Excadrill|Earthquake|p2a: Magnum
|-damage|p2a: Magnum|0 fnt
|-damage|p1a: Excadrill|0 fnt|[from] item: Life Orb
|faint|p2a: Magnum
|faint|p1a: Excadrill
|
|
|switch|p2a: Beverly|Lopunny-Mega, F, shiny|272\/272
|-damage|p2a: Beverly|255\/272|[from] Stealth Rock
|switch|p1a: Lopunny|Lopunny-Mega, F|271\/271 par
|turn|32
|
|switch|p2a: Ghostic|Gengar, M, shiny|68\/265
|-damage|p2a: Ghostic|35\/265|[from] Stealth Rock
|switch|p1a: Slowbro|Slowbro, F|393\/393
|
|-heal|p2a: Ghostic|51\/265|[from] item: Black Sludge
|turn|33
|
|move|p2a: Ghostic|Sludge Bomb|p1a: Slowbro
|-damage|p1a: Slowbro|188\/393
|-status|p1a: Slowbro|psn
|move|p1a: Slowbro|Psyshock|p2a: Ghostic
|-supereffective|p2a: Ghostic
|-damage|p2a: Ghostic|0 fnt
|faint|p2a: Ghostic
|
|-heal|p1a: Slowbro|212\/393 psn|[from] item: Leftovers
|-damage|p1a: Slowbro|163\/393 psn|[from] psn
|
|switch|p2a: Roger|Slowbro, M, shiny|187\/394
|-damage|p2a: Roger|138\/394|[from] Stealth Rock
|turn|34
|
|switch|p1a: Lopunny|Lopunny-Mega, F|271\/271 par
|move|p2a: Roger|Slack Off|p2a: Roger
|-heal|p2a: Roger|335\/394
|
|-heal|p2a: Roger|359\/394|[from] item: Leftovers
|turn|35
|
|move|p2a: Roger|Scald|p1a: Lopunny
|-damage|p1a: Lopunny|175\/271 par
|move|p1a: Lopunny|Return|p2a: Roger
|-damage|p2a: Roger|226\/394
|
|-heal|p2a: Roger|250\/394|[from] item: Leftovers
|turn|36
|
|move|p2a: Roger|Slack Off|p2a: Roger
|-heal|p2a: Roger|394\/394
|move|p1a: Lopunny|Return|p2a: Roger
|-damage|p2a: Roger|243\/394
|
|-heal|p2a: Roger|267\/394|[from] item: Leftovers
|turn|37
|
|move|p2a: Roger|Scald|p1a: Lopunny
|-damage|p1a: Lopunny|73\/271 par
|move|p1a: Lopunny|Agility|p1a: Lopunny
|-boost|p1a: Lopunny|spe|2
|
|-heal|p2a: Roger|291\/394|[from] item: Leftovers
|turn|38
|
|move|p1a: Lopunny|Return|p2a: Roger
|-damage|p2a: Roger|143\/394
|move|p2a: Roger|Slack Off|p2a: Roger
|-heal|p2a: Roger|340\/394
|
|-heal|p2a: Roger|364\/394|[from] item: Leftovers
|turn|39
|
|move|p1a: Lopunny|Return|p2a: Roger
|-damage|p2a: Roger|213\/394
|move|p2a: Roger|Scald|p1a: Lopunny
|-damage|p1a: Lopunny|0 fnt
|faint|p1a: Lopunny
|
|-heal|p2a: Roger|237\/394|[from] item: Leftovers
|
|switch|p1a: Slowbro|Slowbro, F|294\/393 psn
|turn|40
|
|move|p2a: Roger|Slack Off|p2a: Roger
|-heal|p2a: Roger|394\/394
|move|p1a: Slowbro|Calm Mind|p1a: Slowbro
|-boost|p1a: Slowbro|spa|1
|-boost|p1a: Slowbro|spd|1
|
|-heal|p1a: Slowbro|318\/393 psn|[from] item: Leftovers
|-damage|p1a: Slowbro|269\/393 psn|[from] psn
|turn|41
|
|switch|p2a: Beverly|Lopunny-Mega, F, shiny|255\/272
|-damage|p2a: Beverly|238\/272|[from] Stealth Rock
|move|p1a: Slowbro|Calm Mind|p1a: Slowbro
|-boost|p1a: Slowbro|spa|1
|-boost|p1a: Slowbro|spd|1
|
|-heal|p1a: Slowbro|293\/393 psn|[from] item: Leftovers
|-damage|p1a: Slowbro|244\/393 psn|[from] psn
|turn|42
|
|move|p2a: Beverly|Fake Out|p1a: Slowbro
|-damage|p1a: Slowbro|198\/393 psn
|cant|p1a: Slowbro|flinch
|
|-heal|p1a: Slowbro|222\/393 psn|[from] item: Leftovers
|-damage|p1a: Slowbro|173\/393 psn|[from] psn
|turn|43
|
|move|p2a: Beverly|Return|p1a: Slowbro
|-damage|p1a: Slowbro|49\/393 psn
|move|p1a: Slowbro|Slack Off|p1a: Slowbro
|-heal|p1a: Slowbro|246\/393 psn
|
|-heal|p1a: Slowbro|270\/393 psn|[from] item: Leftovers
|-damage|p1a: Slowbro|221\/393 psn|[from] psn
|turn|44
|
|move|p2a: Beverly|Return|p1a: Slowbro
|-damage|p1a: Slowbro|98\/393 psn
|move|p1a: Slowbro|Slack Off|p1a: Slowbro
|-heal|p1a: Slowbro|295\/393 psn
|
|-heal|p1a: Slowbro|319\/393 psn|[from] item: Leftovers
|-damage|p1a: Slowbro|270\/393 psn|[from] psn
|turn|45
|
|move|p2a: Beverly|Return|p1a: Slowbro
|-damage|p1a: Slowbro|144\/393 psn
|move|p1a: Slowbro|Psyshock|p2a: Beverly
|-supereffective|p2a: Beverly
|-damage|p2a: Beverly|0 fnt
|faint|p2a: Beverly
|
|-heal|p1a: Slowbro|168\/393 psn|[from] item: Leftovers
|-damage|p1a: Slowbro|119\/393 psn|[from] psn
|
|switch|p2a: Roger|Slowbro, M, shiny|394\/394
|-damage|p2a: Roger|345\/394|[from] Stealth Rock
|turn|46
|
|move|p2a: Roger|Scald|p1a: Slowbro
|-resisted|p1a: Slowbro
|-damage|p1a: Slowbro|92\/393 psn
|move|p1a: Slowbro|Slack Off|p1a: Slowbro
|-heal|p1a: Slowbro|289\/393 psn
|
|-heal|p1a: Slowbro|313\/393 psn|[from] item: Leftovers
|-heal|p2a: Roger|369\/394|[from] item: Leftovers
|-damage|p1a: Slowbro|264\/393 psn|[from] psn
|turn|47
|
|move|p1a: Slowbro|Calm Mind|p1a: Slowbro
|-boost|p1a: Slowbro|spa|1
|-boost|p1a: Slowbro|spd|1
|move|p2a: Roger|Scald|p1a: Slowbro
|-resisted|p1a: Slowbro
|-damage|p1a: Slowbro|240\/393 psn
|
|-heal|p2a: Roger|393\/394|[from] item: Leftovers
|-heal|p1a: Slowbro|264\/393 psn|[from] item: Leftovers
|-damage|p1a: Slowbro|215\/393 psn|[from] psn
|turn|48
|
|move|p2a: Roger|Scald|p1a: Slowbro
|-resisted|p1a: Slowbro
|-damage|p1a: Slowbro|191\/393 psn
|move|p1a: Slowbro|Calm Mind|p1a: Slowbro
|-boost|p1a: Slowbro|spa|1
|-boost|p1a: Slowbro|spd|1
|
|-heal|p2a: Roger|394\/394|[from] item: Leftovers
|-heal|p1a: Slowbro|215\/393 psn|[from] item: Leftovers
|-damage|p1a: Slowbro|166\/393 psn|[from] psn
|turn|49
|
|move|p1a: Slowbro|Slack Off|p1a: Slowbro
|-heal|p1a: Slowbro|363\/393 psn
|move|p2a: Roger|Slack Off|p2a: Roger
|-fail|p2a: Roger
|
|-heal|p1a: Slowbro|387\/393 psn|[from] item: Leftovers
|-damage|p1a: Slowbro|338\/393 psn|[from] psn
|turn|50
|
|move|p2a: Roger|Scald|p1a: Slowbro
|-resisted|p1a: Slowbro
|-damage|p1a: Slowbro|317\/393 psn
|move|p1a: Slowbro|Calm Mind|p1a: Slowbro
|-boost|p1a: Slowbro|spa|1
|-boost|p1a: Slowbro|spd|1
|
|-heal|p1a: Slowbro|341\/393 psn|[from] item: Leftovers
|-damage|p1a: Slowbro|292\/393 psn|[from] psn
|turn|51
|
|move|p2a: Roger|Slack Off|p2a: Roger
|-fail|p2a: Roger
|move|p1a: Slowbro|Calm Mind|p1a: Slowbro
|-boost|p1a: Slowbro|spa|1
|-boost|p1a: Slowbro|spd|1
|
|-heal|p1a: Slowbro|316\/393 psn|[from] item: Leftovers
|-damage|p1a: Slowbro|267\/393 psn|[from] psn
|turn|52
|
|move|p1a: Slowbro|Scald|p2a: Roger
|-resisted|p2a: Roger
|-damage|p2a: Roger|163\/394
|move|p2a: Roger|Slack Off|p2a: Roger
|-heal|p2a: Roger|360\/394
|
|-heal|p1a: Slowbro|291\/393 psn|[from] item: Leftovers
|-heal|p2a: Roger|384\/394|[from] item: Leftovers
|-damage|p1a: Slowbro|242\/393 psn|[from] psn
|turn|53
|
|move|p2a: Roger|Slack Off|p2a: Roger
|-heal|p2a: Roger|394\/394
|move|p1a: Slowbro|Slack Off|p1a: Slowbro
|-heal|p1a: Slowbro|393\/393 psn
|
|-damage|p1a: Slowbro|344\/393 psn|[from] psn
|turn|54
|
|move|p1a: Slowbro|Scald|p2a: Roger
|-resisted|p2a: Roger
|-damage|p2a: Roger|169\/394
|-status|p2a: Roger|brn
|move|p2a: Roger|Slack Off|p2a: Roger
|-heal|p2a: Roger|366\/394 brn
|
|-heal|p2a: Roger|390\/394 brn|[from] item: Leftovers
|-heal|p1a: Slowbro|368\/393 psn|[from] item: Leftovers
|-damage|p1a: Slowbro|319\/393 psn|[from] psn
|-damage|p2a: Roger|341\/394 brn|[from] brn
|turn|55
|
|move|p2a: Roger|Slack Off|p2a: Roger
|-heal|p2a: Roger|394\/394 brn
|move|p1a: Slowbro|Scald|p2a: Roger
|-resisted|p2a: Roger
|-damage|p2a: Roger|181\/394 brn
|
|-heal|p1a: Slowbro|343\/393 psn|[from] item: Leftovers
|-heal|p2a: Roger|205\/394 brn|[from] item: Leftovers
|-damage|p2a: Roger|156\/394 brn|[from] brn
|-damage|p1a: Slowbro|294\/393 psn|[from] psn
|turn|56
|c|âneenerz|the speed ties are real
|
|move|p1a: Slowbro|Scald|p2a: Roger
|-resisted|p2a: Roger
|-damage|p2a: Roger|0 fnt
|faint|p2a: Roger
|
|win|neenerz
|raw|Ladder updating...
|raw|neenerz's rating: 1040 &rarr; <strong>1081<\/strong><br \/>(+41 for winning)
|raw|LMay's rating: 1114 &rarr; <strong>1084<\/strong><br \/>(-30 for losing)
|c|âneenerz|gg
|leave|LMay
|player|p2