|join|We Were OU
|join|LMay
|player|p1|We Were OU|286
|player|p2|LMay|283
|gametype|singles
|gen|6
|tier|ORAS OU
|rated
|rule|Sleep Clause Mod: Limit one foe put to sleep
|rule|Species Clause: Limit one of each PokÃ©mon
|rule|OHKO Clause: OHKO moves are banned
|rule|Moody Clause: Moody is banned
|rule|Evasion Moves Clause: Evasion moves are banned
|rule|Endless Battle Clause: Forcing endless battles is banned
|rule|HP Percentage Mod: HP is shown in percentages
|clearpoke
|poke|p1|Sableye, M
|poke|p1|Heatran, M
|poke|p1|Greninja, F
|poke|p1|Landorus-Therian, M
|poke|p1|Rotom-Wash
|poke|p1|Latios, M
|poke|p2|Altaria, M, shiny
|poke|p2|Mamoswine, M, shiny
|poke|p2|Slowbro, M, shiny
|poke|p2|Chansey, F, shiny
|poke|p2|Gengar, M, shiny
|poke|p2|Magnezone, shiny
|rule|Swagger Clause: Swagger is banned
|rule|Baton Pass Clause: Limit one PokÃ©mon knowing Baton Pass
|teampreview
|
|start
|switch|p1a: Sableye|Sableye, M|304\/304
|switch|p2a: Silver|Altaria, M, shiny|303\/303
|turn|1
|
|switch|p1a: Heatran|Heatran, M|386\/386
|move|p2a: Silver|Dragon Dance|p2a: Silver
|-boost|p2a: Silver|atk|1
|-boost|p2a: Silver|spe|1
|
|turn|2
|
|switch|p1a: Landorus-Therian|Landorus-Therian, M|319\/319
|-ability|p1a: Landorus-Therian|Intimidate|[of] p2a: Silver
|-unboost|p2a: Silver|atk|1
|move|p2a: Silver|Dragon Dance|p2a: Silver
|-boost|p2a: Silver|atk|1
|-boost|p2a: Silver|spe|1
|
|turn|3
|
|detailschange|p2a: Silver|Altaria-Mega, M, shiny
|message|Altaria has Mega Evolved into Mega Altaria!
|move|p2a: Silver|Return|p1a: Landorus-Therian
|-damage|p1a: Landorus-Therian|0 fnt
|faint|p1a: Landorus-Therian
|
|
|switch|p1a: Sableye|Sableye, M|304\/304
|turn|4
|
|detailschange|p1a: Sableye|Sableye-Mega, M
|message|Sableye has Mega Evolved into Mega Sableye!
|move|p1a: Sableye|Will-O-Wisp|p2a: Silver
|-status|p2a: Silver|brn
|move|p2a: Silver|Dragon Dance|p2a: Silver
|-boost|p2a: Silver|atk|1
|-boost|p2a: Silver|spe|1
|
|-damage|p2a: Silver|266\/303 brn|[from] brn
|turn|5
|
|switch|p1a: Rotom-Wash|Rotom-Wash|303\/303
|move|p2a: Silver|Dragon Dance|p2a: Silver
|-boost|p2a: Silver|atk|1
|-boost|p2a: Silver|spe|1
|
|-damage|p2a: Silver|229\/303 brn|[from] brn
|turn|6
|
|move|p2a: Silver|Dragon Dance|p2a: Silver
|-boost|p2a: Silver|atk|1
|-boost|p2a: Silver|spe|1
|move|p1a: Rotom-Wash|Volt Switch|p2a: Silver
|-resisted|p2a: Silver
|-damage|p2a: Silver|181\/303 brn
|
|switch|p1a: Latios|Latios, M|301\/301
|
|-damage|p2a: Silver|144\/303 brn|[from] brn
|turn|7
|
|move|p2a: Silver|Roost|p2a: Silver
|-heal|p2a: Silver|296\/303 brn
|move|p1a: Latios|Psyshock|p2a: Silver
|-damage|p2a: Silver|132\/303 brn
|-damage|p1a: Latios|271\/301|[from] item: Life Orb
|
|-damage|p2a: Silver|95\/303 brn|[from] brn
|turn|8
|
|move|p2a: Silver|Return|p1a: Latios
|-supereffective|p1a: Latios
|-damage|p1a: Latios|0 fnt
|faint|p1a: Latios
|
|-damage|p2a: Silver|58\/303 brn|[from] brn
|
|switch|p1a: Greninja|Greninja, F|285\/285
|turn|9
|
|move|p2a: Silver|Return|p1a: Greninja
|-supereffective|p1a: Greninja
|-damage|p1a: Greninja|0 fnt
|faint|p1a: Greninja
|
|-damage|p2a: Silver|21\/303 brn|[from] brn
|
|switch|p1a: Heatran|Heatran, M|386\/386
|turn|10
|
|move|p2a: Silver|Roost|p2a: Silver
|-heal|p2a: Silver|173\/303 brn
|move|p1a: Heatran|Earth Power|p2a: Silver
|-crit|p2a: Silver
|-damage|p2a: Silver|55\/303 brn
|
|-damage|p2a: Silver|18\/303 brn|[from] brn
|turn|11
|
|move|p2a: Silver|Roost|p2a: Silver
|-heal|p2a: Silver|170\/303 brn
|move|p1a: Heatran|Earth Power|p2a: Silver
|-damage|p2a: Silver|86\/303 brn
|
|-damage|p2a: Silver|49\/303 brn|[from] brn
|turn|12
|
|move|p2a: Silver|Roost|p2a: Silver
|-heal|p2a: Silver|201\/303 brn
|move|p1a: Heatran|Earth Power|p2a: Silver
|-damage|p2a: Silver|119\/303 brn
|
|-damage|p2a: Silver|82\/303 brn|[from] brn
|turn|13
|
|move|p2a: Silver|Roost|p2a: Silver
|-heal|p2a: Silver|234\/303 brn
|move|p1a: Heatran|Earth Power|p2a: Silver
|-damage|p2a: Silver|143\/303 brn
|-unboost|p2a: Silver|spd|1
|
|-damage|p2a: Silver|106\/303 brn|[from] brn
|turn|14
|
|move|p2a: Silver|Earthquake|p1a: Heatran
|-supereffective|p1a: Heatran
|-damage|p1a: Heatran|0 fnt
|faint|p1a: Heatran
|
|-damage|p2a: Silver|69\/303 brn|[from] brn
|
|switch|p1a: Sableye|Sableye-Mega, M|304\/304
|turn|15
|
|move|p2a: Silver|Return|p1a: Sableye
|-supereffective|p1a: Sableye
|-damage|p1a: Sableye|0 fnt
|faint|p1a: Sableye
|
|-damage|p2a: Silver|32\/303 brn|[from] brn
|
|switch|p1a: Rotom-Wash|Rotom-Wash|303\/303
|turn|16
|
|move|p2a: Silver|Return|p1a: Rotom-Wash
|-damage|p1a: Rotom-Wash|35\/303
|move|p1a: Rotom-Wash|Hydro Pump|p2a: Silver
|-resisted|p2a: Silver
|-damage|p2a: Silver|0 fnt
|faint|p2a: Silver
|
|-heal|p1a: Rotom-Wash|53\/303|[from] item: Leftovers
|
|switch|p2a: Ghostic|Gengar, M, shiny|263\/263
|turn|17
|
|move|p2a: Ghostic|Shadow Ball|p1a: Rotom-Wash
|-damage|p1a: Rotom-Wash|0 fnt
|faint|p1a: Rotom-Wash
|
|win|LMay
|raw|Ladder updating...
|raw|We Were OU's rating: 1324 &rarr; <strong>1310<\/strong><br \/>(-14 for losing)
|raw|LMay's rating: 1422 &rarr; <strong>1436<\/strong><br \/>(+14 for winning)