|join|Deviant Kid
|join|LMay
|player|p1|Deviant Kid|126
|player|p2|LMay|283
|gametype|singles
|gen|6
|tier|OU
|rated
|clearpoke
|poke|p1|Magnezone
|poke|p1|Swampert, M, shiny
|poke|p1|Politoed, F
|poke|p1|Goodra, F, shiny
|poke|p1|Kabutops, M
|poke|p1|Tornadus-Therian, M, shiny
|poke|p2|Altaria, M, shiny
|poke|p2|Magnezone, shiny
|poke|p2|Greninja, M, shiny
|poke|p2|Chansey, F, shiny
|poke|p2|Gengar, M, shiny
|poke|p2|Mamoswine, M
|rule|Swagger Clause: Swagger is banned
|rule|Baton Pass Clause: Limit one PokÃ©mon knowing Baton Pass
|rule|Sleep Clause Mod: Limit one foe put to sleep
|rule|Species Clause: Limit one of each PokÃ©mon
|rule|OHKO Clause: OHKO moves are banned
|rule|Moody Clause: Moody is banned
|rule|Evasion Moves Clause: Evasion moves are banned
|rule|Endless Battle Clause: Forcing endless battles is banned
|rule|HP Percentage Mod: HP is shown in percentages
|teampreview
|
|start
|switch|p1a: Swampert|Swampert, M, shiny|366\/366
|switch|p2a: Android|Magnezone, shiny|283\/283
|turn|1
|
|switch|p2a: Ghostic|Gengar, M, shiny|262\/262
|detailschange|p1a: Swampert|Swampert-Mega, M, shiny
|message|Swampert has Mega Evolved into Mega Swampert!
|move|p1a: Swampert|Rain Dance|p1a: Swampert
|-weather|RainDance
|
|-weather|RainDance|[upkeep]
|turn|2
|
|move|p1a: Swampert|Waterfall|p2a: Ghostic
|-damage|p2a: Ghostic|0 fnt
|faint|p2a: Ghostic
|
|-weather|RainDance|[upkeep]
|
|switch|p2a: FREEZE|Chansey, F, shiny|704\/704
|turn|3
|
|move|p1a: Swampert|Waterfall|p2a: FREEZE
|-damage|p2a: FREEZE|367\/704
|move|p2a: FREEZE|Stealth Rock|p1a: Swampert
|-sidestart|p1: Deviant Kid|move: Stealth Rock
|
|-weather|RainDance|[upkeep]
|turn|4
|
|move|p1a: Swampert|Waterfall|p2a: FREEZE
|-crit|p2a: FREEZE
|-damage|p2a: FREEZE|0 fnt
|faint|p2a: FREEZE
|
|-weather|RainDance|[upkeep]
|
|switch|p2a: Android|Magnezone, shiny|283\/283
|turn|5
|
|switch|p2a: Silver|Altaria, M, shiny|291\/291
|move|p1a: Swampert|Earthquake|p2a: Silver
|-immune|p2a: Silver|[msg]
|
|-weather|none
|turn|6
|
|detailschange|p2a: Silver|Altaria-Mega, M, shiny
|message|Altaria has Mega Evolved into Mega Altaria!
|move|p2a: Silver|Dragon Dance|p2a: Silver
|-boost|p2a: Silver|atk|1
|-boost|p2a: Silver|spe|1
|move|p1a: Swampert|Rain Dance|p1a: Swampert
|-weather|RainDance
|
|-weather|RainDance|[upkeep]
|turn|7
|
|move|p1a: Swampert|Ice Punch|p2a: Silver
|-supereffective|p2a: Silver
|-damage|p2a: Silver|101\/291
|move|p2a: Silver|Dragon Dance|p2a: Silver
|-boost|p2a: Silver|atk|1
|-boost|p2a: Silver|spe|1
|
|-weather|RainDance|[upkeep]
|turn|8
|
|move|p2a: Silver|Return|p1a: Swampert
|-damage|p1a: Swampert|0 fnt
|faint|p1a: Swampert
|
|-weather|RainDance|[upkeep]
|
|switch|p1a: Magnezone|Magnezone|324\/324
|-damage|p1a: Magnezone|304\/324|[from] Stealth Rock
|turn|9
|
|switch|p1a: Tornadus-Therian|Tornadus-Therian, M, shiny|299\/299
|-damage|p1a: Tornadus-Therian|225\/299|[from] Stealth Rock
|move|p2a: Silver|Earthquake|p1a: Tornadus-Therian
|-immune|p1a: Tornadus-Therian|[msg]
|
|-weather|RainDance|[upkeep]
|turn|10
|
|move|p2a: Silver|Return|p1a: Tornadus-Therian
|-damage|p1a: Tornadus-Therian|0 fnt
|faint|p1a: Tornadus-Therian
|
|-weather|none
|
|switch|p1a: Politoed|Politoed, F|384\/384
|-damage|p1a: Politoed|336\/384|[from] Stealth Rock
|-weather|RainDance
|turn|11
|
|move|p2a: Silver|Return|p1a: Politoed
|-damage|p1a: Politoed|0 fnt
|faint|p1a: Politoed
|
|-weather|RainDance|[upkeep]
|
|switch|p1a: Kabutops|Kabutops, M|261\/261
|-damage|p1a: Kabutops|229\/261|[from] Stealth Rock
|turn|12
|
|move|p2a: Silver|Return|p1a: Kabutops
|-crit|p1a: Kabutops
|-damage|p1a: Kabutops|0 fnt
|faint|p1a: Kabutops
|
|-weather|RainDance|[upkeep]
|-message|Deviant Kid forfeited.
|
|win|LMay
|raw|Ladder updating...
|leave|Deviant Kid
|player|p1
|raw|Ladder (probably) updated, but score could not be retrieved (timeout).
|raw|Ladder (probably) updated, but score could not be retrieved (Error: socket hang up).