|join|Miss Noob
|join|LMay
|player|p1|Miss Noob|283
|player|p2|LMay|283
|gametype|singles
|gen|6
|tier|OU
|rated
|clearpoke
|poke|p1|Talonflame, M
|poke|p1|Gyarados, M
|poke|p1|Breloom, M
|poke|p1|Uxie
|poke|p1|Scolipede, F
|poke|p1|Raikou
|poke|p2|Altaria, M, shiny
|poke|p2|Heatran, M, shiny
|poke|p2|Greninja, M, shiny
|poke|p2|Chansey, F, shiny
|poke|p2|Gengar, M, shiny
|poke|p2|Landorus-Therian, M, shiny
|rule|Swagger Clause: Swagger is banned
|rule|Baton Pass Clause: Limit one PokÃ©mon knowing Baton Pass
|rule|Sleep Clause Mod: Limit one foe put to sleep
|rule|Species Clause: Limit one of each PokÃ©mon
|rule|OHKO Clause: OHKO moves are banned
|rule|Moody Clause: Moody is banned
|rule|Evasion Moves Clause: Evasion moves are banned
|rule|Endless Battle Clause: Forcing endless battles is banned
|rule|HP Percentage Mod: HP is shown in percentages
|teampreview
|
|start
|switch|p1a: Uxie|Uxie|353\/353
|switch|p2a: Flam'Ama|Heatran, M, shiny|386\/386
|turn|1
|
|move|p1a: Uxie|Stealth Rock|p2a: Flam'Ama
|-sidestart|p2: LMay|move: Stealth Rock
|move|p2a: Flam'Ama|Taunt|p1a: Uxie
|-start|p1a: Uxie|move: Taunt
|
|turn|2
|
|move|p1a: Uxie|Knock Off|p2a: Flam'Ama
|-damage|p2a: Flam'Ama|350\/386
|move|p2a: Flam'Ama|Stealth Rock|p1a: Uxie
|-sidestart|p1: Miss Noob|move: Stealth Rock
|
|turn|3
|c|âMiss Noob|no item?
|
|move|p1a: Uxie|Knock Off|p2a: Flam'Ama
|-damage|p2a: Flam'Ama|310\/386
|move|p2a: Flam'Ama|Lava Plume|p1a: Uxie
|-damage|p1a: Uxie|272\/353
|-status|p1a: Uxie|brn
|
|-heal|p1a: Uxie|294\/353 brn|[from] item: Leftovers
|-damage|p1a: Uxie|250\/353 brn|[from] brn
|turn|4
|
|move|p1a: Uxie|Knock Off|p2a: Flam'Ama
|-damage|p2a: Flam'Ama|290\/386
|move|p2a: Flam'Ama|Lava Plume|p1a: Uxie
|-damage|p1a: Uxie|175\/353 brn
|
|-heal|p1a: Uxie|197\/353 brn|[from] item: Leftovers
|-damage|p1a: Uxie|153\/353 brn|[from] brn
|-end|p1a: Uxie|move: Taunt
|turn|5
|
|move|p1a: Uxie|Yawn|p2a: Flam'Ama
|-start|p2a: Flam'Ama|move: Yawn|[of] p1a: Uxie
|move|p2a: Flam'Ama|Lava Plume|p1a: Uxie
|-damage|p1a: Uxie|72\/353 brn
|
|-heal|p1a: Uxie|94\/353 brn|[from] item: Leftovers
|-damage|p1a: Uxie|50\/353 brn|[from] brn
|turn|6
|
|switch|p2a: Silver|Altaria, M, shiny|302\/302
|-damage|p2a: Silver|227\/302|[from] Stealth Rock
|move|p1a: Uxie|U-turn|p2a: Silver
|-resisted|p2a: Silver
|-damage|p2a: Silver|216\/302
|
|switch|p1a: Raikou|Raikou|321\/321
|-damage|p1a: Raikou|281\/321|[from] Stealth Rock
|-ability|p1a: Raikou|Pressure
|
|-heal|p1a: Raikou|301\/321|[from] item: Leftovers
|turn|7
|
|detailschange|p2a: Silver|Altaria-Mega, M, shiny
|message|Altaria has Mega Evolved into Mega Altaria!
|move|p1a: Raikou|Hidden Power|p2a: Silver
|-supereffective|p2a: Silver
|-damage|p2a: Silver|82\/302
|move|p2a: Silver|Dragon Dance|p2a: Silver
|-boost|p2a: Silver|atk|1
|-boost|p2a: Silver|spe|1
|
|-heal|p1a: Raikou|321\/321|[from] item: Leftovers
|turn|8
|
|switch|p1a: Uxie|Uxie|50\/353 brn
|-damage|p1a: Uxie|6\/353 brn|[from] Stealth Rock
|move|p2a: Silver|Roost|p2a: Silver
|-heal|p2a: Silver|233\/302
|
|-heal|p1a: Uxie|28\/353 brn|[from] item: Leftovers
|-damage|p1a: Uxie|0 fnt|[from] brn
|faint|p1a: Uxie
|
|switch|p1a: Scolipede|Scolipede, F|323\/323
|-damage|p1a: Scolipede|243\/323|[from] Stealth Rock
|turn|9
|
|move|p1a: Scolipede|Protect|p1a: Scolipede
|-singleturn|p1a: Scolipede|Protect
|move|p2a: Silver|Dragon Dance|p2a: Silver
|-boost|p2a: Silver|atk|1
|-boost|p2a: Silver|spe|1
|
|-heal|p1a: Scolipede|263\/323|[from] item: Black Sludge
|-boost|p1a: Scolipede|spe|1|[from] ability: Speed Boost
|turn|10
|
|move|p2a: Silver|Earthquake|p1a: Scolipede
|-damage|p1a: Scolipede|50\/323
|move|p1a: Scolipede|Iron Defense|p1a: Scolipede
|-boost|p1a: Scolipede|def|2
|
|-heal|p1a: Scolipede|70\/323|[from] item: Black Sludge
|-boost|p1a: Scolipede|spe|1|[from] ability: Speed Boost
|turn|11
|
|move|p1a: Scolipede|Protect|p1a: Scolipede
|-singleturn|p1a: Scolipede|Protect
|move|p2a: Silver|Dragon Dance|p2a: Silver
|-boost|p2a: Silver|atk|1
|-boost|p2a: Silver|spe|1
|
|-heal|p1a: Scolipede|90\/323|[from] item: Black Sludge
|-boost|p1a: Scolipede|spe|1|[from] ability: Speed Boost
|turn|12
|
|move|p1a: Scolipede|Baton Pass|p1a: Scolipede
|
|switch|p1a: Talonflame|Talonflame, M|315\/315
|-damage|p1a: Talonflame|158\/315|[from] Stealth Rock
|move|p2a: Silver|Return|p1a: Talonflame
|-resisted|p1a: Talonflame
|-damage|p1a: Talonflame|0 fnt
|faint|p1a: Talonflame
|
|
|switch|p1a: Gyarados|Gyarados, M|331\/331
|-damage|p1a: Gyarados|249\/331|[from] Stealth Rock
|-ability|p1a: Gyarados|Intimidate|[of] p2a: Silver
|-unboost|p2a: Silver|atk|1
|turn|13
|
|switch|p1a: Scolipede|Scolipede, F|90\/323
|-damage|p1a: Scolipede|10\/323|[from] Stealth Rock
|move|p2a: Silver|Return|p1a: Scolipede
|-resisted|p1a: Scolipede
|-damage|p1a: Scolipede|0 fnt
|faint|p1a: Scolipede
|
|
|switch|p1a: Gyarados|Gyarados, M|249\/331
|-damage|p1a: Gyarados|167\/331|[from] Stealth Rock
|-ability|p1a: Gyarados|Intimidate|[of] p2a: Silver
|-unboost|p2a: Silver|atk|1
|turn|14
|
|move|p2a: Silver|Return|p1a: Gyarados
|-damage|p1a: Gyarados|0 fnt
|faint|p1a: Gyarados
|
|
|switch|p1a: Raikou|Raikou|321\/321
|-damage|p1a: Raikou|281\/321|[from] Stealth Rock
|-ability|p1a: Raikou|Pressure
|turn|15
|
|move|p2a: Silver|Return|p1a: Raikou
|-damage|p1a: Raikou|0 fnt
|faint|p1a: Raikou
|
|-message|Miss Noob forfeited.
|
|win|LMay
|raw|Ladder updating...
|leave|Miss Noob
|player|p1