|join|JiaShengz
|join|LMay
|player|p1|JiaShengz|265
|player|p2|LMay|283
|gametype|singles
|gen|6
|tier|OU
|rated
|clearpoke
|poke|p1|Sableye, M
|poke|p1|Heatran, F
|poke|p1|Tentacruel, M
|poke|p1|Chesnaught, M
|poke|p1|Chansey, F
|poke|p1|Clefable, F
|poke|p2|Altaria, M, shiny
|poke|p2|Magnezone, shiny
|poke|p2|Greninja, M, shiny
|poke|p2|Chansey, F, shiny
|poke|p2|Gengar, M, shiny
|poke|p2|Mamoswine, M
|rule|Swagger Clause: Swagger is banned
|rule|Baton Pass Clause: Limit one PokÃ©mon knowing Baton Pass
|rule|Sleep Clause Mod: Limit one foe put to sleep
|rule|Species Clause: Limit one of each PokÃ©mon
|rule|OHKO Clause: OHKO moves are banned
|rule|Moody Clause: Moody is banned
|rule|Evasion Moves Clause: Evasion moves are banned
|rule|Endless Battle Clause: Forcing endless battles is banned
|rule|HP Percentage Mod: HP is shown in percentages
|teampreview
|
|start
|switch|p1a: Sableye|Sableye, M|304\/304
|switch|p2a: Silver|Altaria, M, shiny|291\/291
|turn|1
|
|detailschange|p1a: Sableye|Sableye-Mega, M
|message|Sableye has Mega Evolved into Mega Sableye!
|move|p1a: Sableye|Will-O-Wisp|p2a: Silver
|-status|p2a: Silver|brn
|move|p2a: Silver|Dragon Dance|p2a: Silver
|-boost|p2a: Silver|atk|1
|-boost|p2a: Silver|spe|1
|
|-damage|p2a: Silver|255\/291 brn|[from] brn
|turn|2
|
|switch|p2a: Android|Magnezone, shiny|283\/283
|switch|p1a: Clefable|Clefable, F|394\/394
|
|turn|3
|
|move|p1a: Clefable|Protect|p1a: Clefable
|-singleturn|p1a: Clefable|Protect
|move|p2a: Android|Volt Switch|p1a: Clefable
|-activate|p1a: Clefable|Protect
|
|turn|4
|
|move|p2a: Android|Volt Switch|p1a: Clefable
|-damage|p1a: Clefable|183\/394
|
|switch|p2a: Ghostic|Gengar, M, shiny|262\/262
|move|p1a: Clefable|Wish|p1a: Clefable
|
|-heal|p1a: Clefable|207\/394|[from] item: Leftovers
|turn|5
|
|switch|p1a: Chansey|Chansey, F|703\/703
|move|p2a: Ghostic|Substitute|p2a: Ghostic
|-start|p2a: Ghostic|Substitute
|-damage|p2a: Ghostic|197\/262
|
|-heal|p2a: Ghostic|213\/262|[from] item: Black Sludge
|turn|6
|
|move|p2a: Ghostic|Taunt|p1a: Chansey
|-start|p1a: Chansey|move: Taunt
|cant|p1a: Chansey|move: Taunt|Wish
|
|-heal|p2a: Ghostic|229\/262|[from] item: Black Sludge
|turn|7
|
|move|p2a: Ghostic|Shadow Ball|p1a: Chansey
|-immune|p1a: Chansey|[msg]
|move|p1a: Chansey|Seismic Toss|p2a: Ghostic
|-immune|p2a: Ghostic|[msg]
|
|-heal|p2a: Ghostic|245\/262|[from] item: Black Sludge
|turn|8
|
|switch|p1a: Heatran|Heatran, F|386\/386
|move|p2a: Ghostic|Will-O-Wisp|p1a: Heatran
|-start|p1a: Heatran|ability: Flash Fire
|
|-heal|p2a: Ghostic|261\/262|[from] item: Black Sludge
|turn|9
|
|move|p2a: Ghostic|Shadow Ball|p1a: Heatran
|-damage|p1a: Heatran|286\/386
|-unboost|p1a: Heatran|spd|1
|move|p1a: Heatran|Lava Plume|p2a: Ghostic
|-end|p2a: Ghostic|Substitute
|
|-heal|p2a: Ghostic|262\/262|[from] item: Black Sludge
|-heal|p1a: Heatran|310\/386|[from] item: Leftovers
|turn|10
|
|move|p2a: Ghostic|Taunt|p1a: Heatran
|-start|p1a: Heatran|move: Taunt
|move|p1a: Heatran|Lava Plume|p2a: Ghostic
|-damage|p2a: Ghostic|30\/262
|
|-heal|p2a: Ghostic|46\/262|[from] item: Black Sludge
|-heal|p1a: Heatran|334\/386|[from] item: Leftovers
|turn|11
|
|move|p2a: Ghostic|Shadow Ball|p1a: Heatran
|-damage|p1a: Heatran|189\/386
|move|p1a: Heatran|Lava Plume|p2a: Ghostic
|-damage|p2a: Ghostic|0 fnt
|faint|p2a: Ghostic
|
|-heal|p1a: Heatran|213\/386|[from] item: Leftovers
|
|switch|p2a: Silver|Altaria, M, shiny|255\/291
|turn|12
|
|switch|p1a: Clefable|Clefable, F|207\/394
|move|p2a: Silver|Dragon Dance|p2a: Silver
|-boost|p2a: Silver|atk|1
|-boost|p2a: Silver|spe|1
|
|-heal|p1a: Clefable|231\/394|[from] item: Leftovers
|turn|13
|
|detailschange|p2a: Silver|Altaria-Mega, M, shiny
|message|Altaria has Mega Evolved into Mega Altaria!
|move|p1a: Clefable|Protect|p1a: Clefable
|-singleturn|p1a: Clefable|Protect
|move|p2a: Silver|Frustration|p1a: Clefable
|-activate|p1a: Clefable|Protect
|
|-heal|p1a: Clefable|255\/394|[from] item: Leftovers
|turn|14
|
|move|p2a: Silver|Frustration|p1a: Clefable
|-damage|p1a: Clefable|39\/394
|move|p1a: Clefable|Wish|p1a: Clefable
|
|-heal|p1a: Clefable|63\/394|[from] item: Leftovers
|turn|15
|
|move|p1a: Clefable|Protect|p1a: Clefable
|-singleturn|p1a: Clefable|Protect
|move|p2a: Silver|Dragon Dance|p2a: Silver
|-boost|p2a: Silver|atk|1
|-boost|p2a: Silver|spe|1
|
|-heal|p1a: Clefable|260\/394|[from] move: Wish|[wisher] Clefable
|-heal|p1a: Clefable|284\/394|[from] item: Leftovers
|turn|16
|
|move|p2a: Silver|Frustration|p1a: Clefable
|-damage|p1a: Clefable|64\/394
|move|p1a: Clefable|Moonblast|p2a: Silver
|-supereffective|p2a: Silver
|-damage|p2a: Silver|63\/291
|
|-heal|p1a: Clefable|88\/394|[from] item: Leftovers
|turn|17
|
|move|p1a: Clefable|Protect|p1a: Clefable
|-singleturn|p1a: Clefable|Protect
|move|p2a: Silver|Frustration|p1a: Clefable
|-activate|p1a: Clefable|Protect
|
|-heal|p1a: Clefable|112\/394|[from] item: Leftovers
|turn|18
|
|switch|p1a: Tentacruel|Tentacruel, M|361\/361
|move|p2a: Silver|Frustration|p1a: Tentacruel
|-crit|p1a: Tentacruel
|-resisted|p1a: Tentacruel
|-damage|p1a: Tentacruel|24\/361
|
|-heal|p1a: Tentacruel|46\/361|[from] item: Black Sludge
|turn|19
|
|move|p2a: Silver|Frustration|p1a: Tentacruel
|-resisted|p1a: Tentacruel
|-damage|p1a: Tentacruel|0 fnt
|faint|p1a: Tentacruel
|
|
|switch|p1a: Chansey|Chansey, F|703\/703
|turn|20
|
|move|p2a: Silver|Roost|p2a: Silver
|-heal|p2a: Silver|209\/291
|move|p1a: Chansey|Seismic Toss|p2a: Silver
|-damage|p2a: Silver|109\/291
|
|turn|21
|
|move|p2a: Silver|Roost|p2a: Silver
|-heal|p2a: Silver|255\/291
|move|p1a: Chansey|Wish|p1a: Chansey
|
|turn|22
|
|move|p2a: Silver|Frustration|p1a: Chansey
|-damage|p1a: Chansey|42\/703
|move|p1a: Chansey|Seismic Toss|p2a: Silver
|-damage|p2a: Silver|155\/291
|
|-heal|p1a: Chansey|393\/703|[from] move: Wish|[wisher] Chansey
|turn|23
|
|switch|p1a: Heatran|Heatran, F|213\/386
|move|p2a: Silver|Frustration|p1a: Heatran
|-resisted|p1a: Heatran
|-damage|p1a: Heatran|99\/386
|
|-heal|p1a: Heatran|123\/386|[from] item: Leftovers
|turn|24
|
|move|p2a: Silver|Earthquake|p1a: Heatran
|-supereffective|p1a: Heatran
|-damage|p1a: Heatran|0 fnt
|faint|p1a: Heatran
|
|
|switch|p1a: Chesnaught|Chesnaught, M|380\/380
|turn|25
|
|move|p1a: Chesnaught|Spiky Shield|p1a: Chesnaught
|-singleturn|p1a: Chesnaught|move: Protect
|move|p2a: Silver|Roost|p2a: Silver
|-heal|p2a: Silver|291\/291
|
|turn|26
|
|move|p1a: Chesnaught|Spiky Shield|p1a: Chesnaught
|-fail|p1a: Chesnaught
|move|p2a: Silver|Frustration|p1a: Chesnaught
|-supereffective|p1a: Chesnaught
|-damage|p1a: Chesnaught|0 fnt
|faint|p1a: Chesnaught
|
|
|switch|p1a: Clefable|Clefable, F|112\/394
|turn|27
|
|move|p1a: Clefable|Protect|p1a: Clefable
|-singleturn|p1a: Clefable|Protect
|move|p2a: Silver|Frustration|p1a: Clefable
|-activate|p1a: Clefable|Protect
|
|-heal|p1a: Clefable|136\/394|[from] item: Leftovers
|turn|28
|
|move|p1a: Clefable|Protect|p1a: Clefable
|-fail|p1a: Clefable
|move|p2a: Silver|Frustration|p1a: Clefable
|-crit|p1a: Clefable
|-damage|p1a: Clefable|0 fnt
|faint|p1a: Clefable
|
|-message|JiaShengz forfeited.
|
|win|LMay
|raw|Ladder updating...
|leave|JiaShengz
|player|p1