|join|srn347
|join|LMay
|player|p1|srn347|1
|player|p2|LMay|283
|gametype|singles
|gen|6
|tier|OU
|clearpoke
|poke|p1|Ditto, shiny
|poke|p1|Garchomp, F, shiny
|poke|p1|Espeon, M, shiny
|poke|p1|Infernape, M, shiny
|poke|p1|Porygon2, shiny
|poke|p1|Eelektross, M, shiny
|poke|p2|Altaria, M, shiny
|poke|p2|Magnezone, shiny
|poke|p2|Greninja, M, shiny
|poke|p2|Chansey, F, shiny
|poke|p2|Gengar, M, shiny
|poke|p2|Mamoswine, M
|rule|Swagger Clause: Swagger is banned
|rule|Baton Pass Clause: Limit one PokÃ©mon knowing Baton Pass
|rule|Sleep Clause Mod: Limit one foe put to sleep
|rule|Species Clause: Limit one of each PokÃ©mon
|rule|OHKO Clause: OHKO moves are banned
|rule|Moody Clause: Moody is banned
|rule|Evasion Moves Clause: Evasion moves are banned
|rule|Endless Battle Clause: Forcing endless battles is banned
|rule|HP Percentage Mod: HP is shown in percentages
|teampreview
|join|Gonzo Dolo
|join|Wolfenstein
|
|start
|switch|p1a: Eelektross|Eelektross, M, shiny|312\/312
|switch|p2a: Ghostic|Gengar, M, shiny|262\/262
|turn|1
|
|move|p2a: Ghostic|Will-O-Wisp|p1a: Eelektross
|-status|p1a: Eelektross|brn
|move|p1a: Eelektross|Volt Switch|p2a: Ghostic
|-damage|p2a: Ghostic|123\/262
|
|switch|p1a: Porygon2|Porygon2, shiny|374\/374
|
|-heal|p2a: Ghostic|139\/262|[from] item: Black Sludge
|turn|2
|
|move|p2a: Ghostic|Substitute|p2a: Ghostic
|-start|p2a: Ghostic|Substitute
|-damage|p2a: Ghostic|74\/262
|move|p1a: Porygon2|Thunder Wave|p2a: Ghostic
|
|-heal|p2a: Ghostic|90\/262|[from] item: Black Sludge
|turn|3
|
|move|p2a: Ghostic|Will-O-Wisp|p1a: Porygon2
|-status|p1a: Porygon2|brn
|move|p1a: Porygon2|Thunderbolt|p2a: Ghostic
|-end|p2a: Ghostic|Substitute
|
|-heal|p2a: Ghostic|106\/262|[from] item: Black Sludge
|-damage|p1a: Porygon2|328\/374 brn|[from] brn
|turn|4
|join|Star Dazed Evening
|
|switch|p2a: Magnum|Mamoswine, M|362\/362
|move|p1a: Porygon2|Ice Beam|p2a: Magnum
|-damage|p2a: Magnum|265\/362
|
|-damage|p1a: Porygon2|282\/374 brn|[from] brn
|turn|5
|
|switch|p1a: Eelektross|Eelektross, M, shiny|312\/312 brn
|move|p2a: Magnum|Knock Off|p1a: Eelektross
|-damage|p1a: Eelektross|202\/312 brn
|-enditem|p1a: Eelektross|Assault Vest|[from] move: Knock Off|[of] p2a: Magnum
|
|-damage|p1a: Eelektross|163\/312 brn|[from] brn
|turn|6
|
|switch|p2a: FREEZE|Chansey, F, shiny|704\/704
|move|p1a: Eelektross|Giga Drain|p2a: FREEZE
|-damage|p2a: FREEZE|653\/704
|-heal|p1a: Eelektross|189\/312 brn|[from] drain|[of] p2a: FREEZE
|
|-damage|p1a: Eelektross|150\/312 brn|[from] brn
|turn|7
|
|switch|p1a: Espeon|Espeon, M, shiny|272\/272
|move|p2a: FREEZE|Stealth Rock|p1a: Espeon
|move|p1a: Espeon|Stealth Rock|p2a: FREEZE|[from]Magic Bounce
|-sidestart|p2: LMay|move: Stealth Rock
|
|turn|8
|
|switch|p2a: Magnum|Mamoswine, M|265\/362
|-damage|p2a: Magnum|220\/362|[from] Stealth Rock
|move|p1a: Espeon|Future Sight|p2a: Magnum
|-start|p1a: Espeon|move: Future Sight
|
|turn|9
|leave|Wolfenstein
|
|switch|p1a: Eelektross|Eelektross, M, shiny|150\/312 brn
|move|p2a: Magnum|Knock Off|p1a: Eelektross
|-damage|p1a: Eelektross|78\/312 brn
|
|-damage|p1a: Eelektross|39\/312 brn|[from] brn
|turn|10
|
|move|p2a: Magnum|Knock Off|p1a: Eelektross
|-damage|p1a: Eelektross|0 fnt
|faint|p1a: Eelektross
|
|-end|p2a: Magnum|move: Future Sight
|-damage|p2a: Magnum|0 fnt
|faint|p2a: Magnum
|
|switch|p2a: Ghostic|Gengar, M, shiny|106\/262
|switch|p1a: Infernape|Infernape, M, shiny|294\/294
|-damage|p2a: Ghostic|74\/262|[from] Stealth Rock
|turn|11
|
|move|p2a: Ghostic|Shadow Ball|p1a: Infernape
|-damage|p1a: Infernape|114\/294
|move|p1a: Infernape|U-turn|p2a: Ghostic
|-resisted|p2a: Ghostic
|-damage|p2a: Ghostic|32\/262
|
|switch|p1a: Ditto|Ditto, shiny|300\/300
|-transform|p1a: Ditto|p2a: Ghostic
|
|-heal|p2a: Ghostic|48\/262|[from] item: Black Sludge
|turn|12
|
|switch|p2a: FREEZE|Chansey, F, shiny|653\/704
|-damage|p2a: FREEZE|565\/704|[from] Stealth Rock
|move|p1a: Ditto|Shadow Ball|p2a: FREEZE
|-immune|p2a: FREEZE|[msg]
|
|turn|13
|
|switch|p1a: Espeon|Espeon, M, shiny|272\/272
|switch|p2a: Venom|Greninja, M, shiny|286\/286
|-damage|p2a: Venom|251\/286|[from] Stealth Rock
|
|turn|14
|leave|Star Dazed Evening
|
|move|p2a: Venom|Dark Pulse|p1a: Espeon
|-start|p2a: Venom|typechange|Dark|[from] Protean
|-supereffective|p1a: Espeon
|-damage|p1a: Espeon|0 fnt
|-damage|p2a: Venom|223\/286|[from] item: Life Orb
|faint|p1a: Espeon
|
|
|switch|p1a: Ditto|Ditto, shiny|300\/300
|-transform|p1a: Ditto|p2a: Venom
|turn|15
|
|move|p1a: Ditto|Ice Beam|p2a: Venom
|-start|p1a: Ditto|typechange|Ice|[from] Protean
|-damage|p2a: Venom|45\/286
|move|p2a: Venom|Dark Pulse|p1a: Ditto
|-damage|p1a: Ditto|97\/300
|-damage|p2a: Venom|17\/286|[from] item: Life Orb
|
|turn|16
|
|move|p1a: Ditto|Ice Beam|p2a: Venom
|-crit|p2a: Venom
|-damage|p2a: Venom|0 fnt
|faint|p2a: Venom
|
|c|âsrn347|dat crit
|
|switch|p2a: FREEZE|Chansey, F, shiny|565\/704
|-damage|p2a: FREEZE|477\/704|[from] Stealth Rock
|turn|17
|
|switch|p1a: Infernape|Infernape, M, shiny|114\/294
|move|p2a: FREEZE|Stealth Rock|p1a: Infernape
|-sidestart|p1: srn347|move: Stealth Rock
|
|turn|18
|
|switch|p2a: Ghostic|Gengar, M, shiny|48\/262
|-damage|p2a: Ghostic|16\/262|[from] Stealth Rock
|move|p1a: Infernape|Flare Blitz|p2a: Ghostic
|-damage|p2a: Ghostic|0 fnt
|-damage|p1a: Infernape|109\/294|[from] recoil|[of] p2a: Ghostic
|faint|p2a: Ghostic
|
|
|switch|p2a: Silver|Altaria, M, shiny|291\/291
|-damage|p2a: Silver|219\/291|[from] Stealth Rock
|turn|19
|
|switch|p1a: Porygon2|Porygon2, shiny|282\/374 brn
|-damage|p1a: Porygon2|236\/374 brn|[from] Stealth Rock
|detailschange|p2a: Silver|Altaria-Mega, M, shiny
|message|Altaria has Mega Evolved into Mega Altaria!
|move|p2a: Silver|Roost|p2a: Silver
|-heal|p2a: Silver|291\/291
|
|-damage|p1a: Porygon2|190\/374 brn|[from] brn
|turn|20
|
|switch|p2a: Android|Magnezone, shiny|283\/283
|-damage|p2a: Android|266\/283|[from] Stealth Rock
|move|p1a: Porygon2|Recover|p1a: Porygon2
|-heal|p1a: Porygon2|374\/374 brn
|
|-damage|p1a: Porygon2|328\/374 brn|[from] brn
|turn|21
|
|switch|p1a: Garchomp|Garchomp, F, shiny|358\/358
|-damage|p1a: Garchomp|336\/358|[from] Stealth Rock
|move|p2a: Android|Flash Cannon|p1a: Garchomp
|-damage|p1a: Garchomp|87\/358
|
|turn|22
|
|detailschange|p1a: Garchomp|Garchomp-Mega, F, shiny
|message|Garchomp has Mega Evolved into Mega Garchomp!
|move|p1a: Garchomp|Earthquake|p2a: Android
|-supereffective|p2a: Android
|-damage|p2a: Android|0 fnt
|faint|p2a: Android
|
|
|switch|p2a: FREEZE|Chansey, F, shiny|477\/704
|-damage|p2a: FREEZE|389\/704|[from] Stealth Rock
|turn|23
|
|move|p1a: Garchomp|Outrage|p2a: FREEZE
|-damage|p2a: FREEZE|107\/704
|move|p2a: FREEZE|Soft-Boiled|p2a: FREEZE
|-heal|p2a: FREEZE|459\/704
|
|turn|24
|
|move|p1a: Garchomp|Outrage|p2a: FREEZE
|-damage|p2a: FREEZE|188\/704
|move|p2a: FREEZE|Soft-Boiled|p2a: FREEZE
|-heal|p2a: FREEZE|540\/704
|
|turn|25
|
|move|p1a: Garchomp|Outrage|p2a: FREEZE
|-damage|p2a: FREEZE|219\/704
|move|p2a: FREEZE|Soft-Boiled|p2a: FREEZE
|-heal|p2a: FREEZE|571\/704
|
|-end|p1a: Garchomp|rampage
|-start|p1a: Garchomp|confusion
|turn|26
|c|âsrn347|that is bulk
|
|switch|p1a: Porygon2|Porygon2, shiny|328\/374 brn
|-damage|p1a: Porygon2|282\/374 brn|[from] Stealth Rock
|move|p2a: FREEZE|Seismic Toss|p1a: Porygon2
|-damage|p1a: Porygon2|182\/374 brn
|
|-damage|p1a: Porygon2|136\/374 brn|[from] brn
|turn|27
|
|switch|p2a: Silver|Altaria-Mega, M, shiny|291\/291
|-damage|p2a: Silver|255\/291|[from] Stealth Rock
|move|p1a: Porygon2|Recover|p1a: Porygon2
|-heal|p1a: Porygon2|323\/374 brn
|
|-damage|p1a: Porygon2|277\/374 brn|[from] brn
|turn|28
|
|move|p2a: Silver|Return|p1a: Porygon2
|-damage|p1a: Porygon2|111\/374 brn
|move|p1a: Porygon2|Thunder Wave|p2a: Silver
|-status|p2a: Silver|par
|
|-damage|p1a: Porygon2|65\/374 brn|[from] brn
|turn|29
|
|switch|p2a: FREEZE|Chansey, F, shiny|571\/704
|-damage|p2a: FREEZE|483\/704|[from] Stealth Rock
|move|p1a: Porygon2|Recover|p1a: Porygon2
|-heal|p1a: Porygon2|252\/374 brn
|
|-damage|p1a: Porygon2|206\/374 brn|[from] brn
|turn|30
|
|switch|p1a: Infernape|Infernape, M, shiny|109\/294
|-damage|p1a: Infernape|73\/294|[from] Stealth Rock
|move|p2a: FREEZE|Aromatherapy|p2a: FREEZE
|-cureteam|p2a: FREEZE|[from] move: Aromatherapy
|
|turn|31
|
|move|p1a: Infernape|Close Combat|p2a: FREEZE
|-supereffective|p2a: FREEZE
|-damage|p2a: FREEZE|0 fnt
|-unboost|p1a: Infernape|def|1
|-unboost|p1a: Infernape|spd|1
|faint|p2a: FREEZE
|
|
|switch|p2a: Silver|Altaria-Mega, M, shiny|255\/291
|-damage|p2a: Silver|219\/291|[from] Stealth Rock
|turn|32
|
|move|p1a: Infernape|Close Combat|p2a: Silver
|-resisted|p2a: Silver
|-damage|p2a: Silver|94\/291
|-unboost|p1a: Infernape|def|1
|-unboost|p1a: Infernape|spd|1
|move|p2a: Silver|Dragon Dance|p2a: Silver
|-boost|p2a: Silver|atk|1
|-boost|p2a: Silver|spe|1
|
|turn|33
|
|move|p2a: Silver|Return|p1a: Infernape
|-crit|p1a: Infernape
|-damage|p1a: Infernape|0 fnt
|faint|p1a: Infernape
|
|
|switch|p1a: Ditto|Ditto, shiny|97\/300
|-damage|p1a: Ditto|60\/300|[from] Stealth Rock
|-transform|p1a: Ditto|p2a: Silver
|turn|34
|c|âsrn347|gg
|
|move|p1a: Ditto|Return|p2a: Silver
|-supereffective|p2a: Silver
|-damage|p2a: Silver|0 fnt
|faint|p2a: Silver
|
|win|srn347
|leave|LMay
|player|p2