|join|LMay
|join|Tibblez
|player|p1|LMay|283
|player|p2|Tibblez|102
|gametype|singles
|gen|6
|tier|OU
|rated
|clearpoke
|poke|p1|Altaria, M, shiny
|poke|p1|Mamoswine, F, shiny
|poke|p1|Slowbro, M, shiny
|poke|p1|Chansey, F, shiny
|poke|p1|Gengar, M, shiny
|poke|p1|Magnezone, shiny
|poke|p2|Beedrill, M
|poke|p2|Rotom-Wash
|poke|p2|Greninja, M
|poke|p2|Latios, M
|poke|p2|Landorus-Therian, M
|poke|p2|Ferrothorn, M
|rule|Swagger Clause: Swagger is banned
|rule|Baton Pass Clause: Limit one PokÃ©mon knowing Baton Pass
|rule|Sleep Clause Mod: Limit one foe put to sleep
|rule|Species Clause: Limit one of each PokÃ©mon
|rule|OHKO Clause: OHKO moves are banned
|rule|Moody Clause: Moody is banned
|rule|Evasion Moves Clause: Evasion moves are banned
|rule|Endless Battle Clause: Forcing endless battles is banned
|rule|HP Percentage Mod: HP is shown in percentages
|teampreview
|
|start
|switch|p1a: Magnum|Mamoswine, F, shiny|364\/364
|switch|p2a: Rotom-Wash|Rotom-Wash|302\/302
|turn|1
|
|move|p1a: Magnum|Knock Off|p2a: Rotom-Wash
|-damage|p2a: Rotom-Wash|219\/302
|-enditem|p2a: Rotom-Wash|Leftovers|[from] move: Knock Off|[of] p1a: Magnum
|move|p2a: Rotom-Wash|Will-O-Wisp|p1a: Magnum
|-status|p1a: Magnum|brn
|
|-damage|p1a: Magnum|319\/364 brn|[from] brn
|turn|2
|
|switch|p1a: FREEZE|Chansey, F, shiny|704\/704
|move|p2a: Rotom-Wash|Hydro Pump|p1a: FREEZE
|-damage|p1a: FREEZE|620\/704
|
|turn|3
|
|move|p2a: Rotom-Wash|Will-O-Wisp|p1a: FREEZE
|-status|p1a: FREEZE|brn
|move|p1a: FREEZE|Aromatherapy|p1a: FREEZE
|-cureteam|p1a: FREEZE|[from] move: Aromatherapy
|
|turn|4
|
|move|p2a: Rotom-Wash|Will-O-Wisp|p1a: FREEZE
|-status|p1a: FREEZE|brn
|move|p1a: FREEZE|Seismic Toss|p2a: Rotom-Wash
|-damage|p2a: Rotom-Wash|119\/302
|
|-damage|p1a: FREEZE|532\/704 brn|[from] brn
|turn|5
|
|switch|p1a: Android|Magnezone, shiny|339\/339
|move|p2a: Rotom-Wash|Pain Split|p1a: Android
|-sethp|p1a: Android|229\/339|p2a: Rotom-Wash|229\/302|[from] move: Pain Split
|
|turn|6
|
|move|p2a: Rotom-Wash|Volt Switch|p1a: Android
|-resisted|p1a: Android
|-damage|p1a: Android|181\/339
|
|switch|p2a: Landorus-Therian|Landorus-Therian, M|381\/381
|-ability|p2a: Landorus-Therian|Intimidate|[of] p1a: Android
|-unboost|p1a: Android|atk|1
|move|p1a: Android|Volt Switch|p2a: Landorus-Therian
|-immune|p2a: Landorus-Therian|[msg]
|
|turn|7
|
|switch|p1a: Ghostic|Gengar, M, shiny|263\/263
|move|p2a: Landorus-Therian|Stealth Rock|p1a: Ghostic
|-sidestart|p1: LMay|move: Stealth Rock
|
|turn|8
|
|move|p1a: Ghostic|Will-O-Wisp|p2a: Landorus-Therian
|-status|p2a: Landorus-Therian|brn
|move|p2a: Landorus-Therian|U-turn|p1a: Ghostic
|-resisted|p1a: Ghostic
|-damage|p1a: Ghostic|248\/263
|
|switch|p2a: Greninja|Greninja, M|285\/285
|
|-heal|p1a: Ghostic|263\/263|[from] item: Black Sludge
|turn|9
|
|switch|p1a: FREEZE|Chansey, F, shiny|532\/704
|-damage|p1a: FREEZE|444\/704|[from] Stealth Rock
|move|p2a: Greninja|U-turn|p1a: FREEZE
|-start|p2a: Greninja|typechange|Bug|[from] Protean
|-damage|p1a: FREEZE|345\/704
|
|switch|p2a: Beedrill|Beedrill, M|272\/272
|
|turn|10
|
|detailschange|p2a: Beedrill|Beedrill-Mega, M
|message|Beedrill has Mega Evolved into Mega Beedrill!
|move|p2a: Beedrill|U-turn|p1a: FREEZE
|-damage|p1a: FREEZE|83\/704
|
|switch|p2a: Landorus-Therian|Landorus-Therian, M|381\/381 brn
|-ability|p2a: Landorus-Therian|Intimidate|[of] p1a: FREEZE
|-unboost|p1a: FREEZE|atk|1
|move|p1a: FREEZE|Thunder Wave|p2a: Landorus-Therian
|-immune|p2a: Landorus-Therian|[msg]
|
|-damage|p2a: Landorus-Therian|334\/381 brn|[from] brn
|turn|11
|
|move|p2a: Landorus-Therian|U-turn|p1a: FREEZE
|-damage|p1a: FREEZE|36\/704
|
|switch|p2a: Beedrill|Beedrill-Mega, M|272\/272
|move|p1a: FREEZE|Soft-Boiled|p1a: FREEZE
|-heal|p1a: FREEZE|388\/704
|
|turn|12
|
|move|p2a: Beedrill|Poison Jab|p1a: FREEZE
|-damage|p1a: FREEZE|122\/704
|move|p1a: FREEZE|Thunder Wave|p2a: Beedrill
|-status|p2a: Beedrill|par
|
|turn|13
|
|move|p1a: FREEZE|Soft-Boiled|p1a: FREEZE
|-heal|p1a: FREEZE|474\/704
|cant|p2a: Beedrill|par
|
|turn|14
|
|switch|p1a: Android|Magnezone, shiny|181\/339
|-damage|p1a: Android|160\/339|[from] Stealth Rock
|move|p2a: Beedrill|U-turn|p1a: Android
|-resisted|p1a: Android
|-damage|p1a: Android|77\/339
|
|switch|p2a: Landorus-Therian|Landorus-Therian, M|334\/381 brn
|-ability|p2a: Landorus-Therian|Intimidate|[of] p1a: Android
|-unboost|p1a: Android|atk|1
|
|-heal|p2a: Landorus-Therian|357\/381 brn|[from] item: Leftovers
|-damage|p2a: Landorus-Therian|310\/381 brn|[from] brn
|turn|15
|
|move|p2a: Landorus-Therian|Earthquake|p1a: Android
|-supereffective|p1a: Android
|-damage|p1a: Android|0 fnt
|faint|p1a: Android
|
|-heal|p2a: Landorus-Therian|333\/381 brn|[from] item: Leftovers
|-damage|p2a: Landorus-Therian|286\/381 brn|[from] brn
|
|switch|p1a: Magnum|Mamoswine, F, shiny|319\/364
|-damage|p1a: Magnum|274\/364|[from] Stealth Rock
|turn|16
|
|switch|p2a: Ferrothorn|Ferrothorn, M|352\/352
|move|p1a: Magnum|Stealth Rock|p2a: Ferrothorn
|-sidestart|p2: Tibblez|move: Stealth Rock
|
|turn|17
|
|move|p1a: Magnum|Earthquake|p2a: Ferrothorn
|-damage|p2a: Ferrothorn|231\/352
|move|p2a: Ferrothorn|Leech Seed|p1a: Magnum
|-start|p1a: Magnum|move: Leech Seed
|
|-heal|p2a: Ferrothorn|253\/352|[from] item: Leftovers
|-damage|p1a: Magnum|229\/364|[from] Leech Seed|[of] p2a: Ferrothorn
|-heal|p2a: Ferrothorn|298\/352|[silent]
|turn|18
|
|switch|p1a: Ghostic|Gengar, M, shiny|263\/263
|-damage|p1a: Ghostic|231\/263|[from] Stealth Rock
|move|p2a: Ferrothorn|Leech Seed|p1a: Ghostic
|-start|p1a: Ghostic|move: Leech Seed
|
|-heal|p1a: Ghostic|247\/263|[from] item: Black Sludge
|-heal|p2a: Ferrothorn|320\/352|[from] item: Leftovers
|-damage|p1a: Ghostic|215\/263|[from] Leech Seed|[of] p2a: Ferrothorn
|-heal|p2a: Ferrothorn|352\/352|[silent]
|turn|19
|
|switch|p1a: Magnum|Mamoswine, F, shiny|229\/364
|-damage|p1a: Magnum|184\/364|[from] Stealth Rock
|switch|p2a: Latios|Latios, M|302\/302
|-damage|p2a: Latios|265\/302|[from] Stealth Rock
|
|turn|20
|
|switch|p2a: Ferrothorn|Ferrothorn, M|352\/352
|-damage|p2a: Ferrothorn|330\/352|[from] Stealth Rock
|move|p1a: Magnum|Ice Shard|p2a: Ferrothorn
|-crit|p2a: Ferrothorn
|-damage|p2a: Ferrothorn|249\/352
|
|-heal|p2a: Ferrothorn|271\/352|[from] item: Leftovers
|turn|21
|
|move|p1a: Magnum|Knock Off|p2a: Ferrothorn
|-damage|p2a: Ferrothorn|196\/352
|-damage|p1a: Magnum|139\/364|[from] ability: Iron Barbs|[of] p2a: Ferrothorn
|-enditem|p2a: Ferrothorn|Leftovers|[from] move: Knock Off|[of] p1a: Magnum
|move|p2a: Ferrothorn|Leech Seed|p1a: Magnum
|-start|p1a: Magnum|move: Leech Seed
|
|-damage|p1a: Magnum|94\/364|[from] Leech Seed|[of] p2a: Ferrothorn
|-heal|p2a: Ferrothorn|241\/352|[silent]
|turn|22
|
|move|p1a: Magnum|Earthquake|p2a: Ferrothorn
|-damage|p2a: Ferrothorn|124\/352
|move|p2a: Ferrothorn|Leech Seed|p1a: Magnum
|-fail|p1a: Magnum
|
|-damage|p1a: Magnum|49\/364|[from] Leech Seed|[of] p2a: Ferrothorn
|-heal|p2a: Ferrothorn|169\/352|[silent]
|turn|23
|
|switch|p2a: Rotom-Wash|Rotom-Wash|229\/302
|-damage|p2a: Rotom-Wash|192\/302|[from] Stealth Rock
|move|p1a: Magnum|Earthquake|p2a: Rotom-Wash
|-immune|p2a: Rotom-Wash|[msg]
|
|-damage|p1a: Magnum|4\/364|[from] Leech Seed|[of] p2a: Rotom-Wash
|-heal|p2a: Rotom-Wash|237\/302|[silent]
|turn|24
|
|move|p1a: Magnum|Knock Off|p2a: Rotom-Wash
|-damage|p2a: Rotom-Wash|171\/302
|move|p2a: Rotom-Wash|Volt Switch|p1a: Magnum
|-immune|p1a: Magnum|[msg]
|
|-damage|p1a: Magnum|0 fnt|[from] Leech Seed|[of] p2a: Rotom-Wash
|-heal|p2a: Rotom-Wash|175\/302|[silent]
|faint|p1a: Magnum
|
|switch|p1a: Ghostic|Gengar, M, shiny|215\/263
|-damage|p1a: Ghostic|183\/263|[from] Stealth Rock
|turn|25
|
|move|p1a: Ghostic|Shadow Ball|p2a: Rotom-Wash
|-damage|p2a: Rotom-Wash|28\/302
|move|p2a: Rotom-Wash|Hydro Pump|p1a: Ghostic
|-damage|p1a: Ghostic|5\/263
|
|-heal|p1a: Ghostic|21\/263|[from] item: Black Sludge
|turn|26
|
|move|p1a: Ghostic|Shadow Ball|p2a: Rotom-Wash
|-damage|p2a: Rotom-Wash|0 fnt
|faint|p2a: Rotom-Wash
|
|-heal|p1a: Ghostic|37\/263|[from] item: Black Sludge
|
|switch|p2a: Greninja|Greninja, M|285\/285
|-damage|p2a: Greninja|250\/285|[from] Stealth Rock
|turn|27
|
|switch|p1a: FREEZE|Chansey, F, shiny|474\/704
|-damage|p1a: FREEZE|386\/704|[from] Stealth Rock
|move|p2a: Greninja|Ice Beam|p1a: FREEZE
|-start|p2a: Greninja|typechange|Ice|[from] Protean
|-damage|p1a: FREEZE|299\/704
|
|turn|28
|
|switch|p2a: Landorus-Therian|Landorus-Therian, M|286\/381 brn
|-damage|p2a: Landorus-Therian|239\/381 brn|[from] Stealth Rock
|-ability|p2a: Landorus-Therian|Intimidate|[of] p1a: FREEZE
|-unboost|p1a: FREEZE|atk|1
|move|p1a: FREEZE|Seismic Toss|p2a: Landorus-Therian
|-damage|p2a: Landorus-Therian|139\/381 brn
|
|-heal|p2a: Landorus-Therian|162\/381 brn|[from] item: Leftovers
|-damage|p2a: Landorus-Therian|115\/381 brn|[from] brn
|turn|29
|
|move|p2a: Landorus-Therian|U-turn|p1a: FREEZE
|-damage|p1a: FREEZE|250\/704
|
|switch|p2a: Ferrothorn|Ferrothorn, M|169\/352
|-damage|p2a: Ferrothorn|147\/352|[from] Stealth Rock
|move|p1a: FREEZE|Soft-Boiled|p1a: FREEZE
|-heal|p1a: FREEZE|602\/704
|
|turn|30
|
|move|p1a: FREEZE|Thunder Wave|p2a: Ferrothorn
|-status|p2a: Ferrothorn|par
|move|p2a: Ferrothorn|Leech Seed|p1a: FREEZE
|-start|p1a: FREEZE|move: Leech Seed
|
|-damage|p1a: FREEZE|514\/704|[from] Leech Seed|[of] p2a: Ferrothorn
|-heal|p2a: Ferrothorn|235\/352 par|[silent]
|turn|31
|
|move|p1a: FREEZE|Seismic Toss|p2a: Ferrothorn
|-damage|p2a: Ferrothorn|135\/352 par
|-damage|p1a: FREEZE|426\/704|[from] ability: Iron Barbs|[of] p2a: Ferrothorn
|cant|p2a: Ferrothorn|par
|
|-damage|p1a: FREEZE|338\/704|[from] Leech Seed|[of] p2a: Ferrothorn
|-heal|p2a: Ferrothorn|223\/352 par|[silent]
|turn|32
|
|move|p1a: FREEZE|Soft-Boiled|p1a: FREEZE
|-heal|p1a: FREEZE|690\/704
|move|p2a: Ferrothorn|Spikes|p1a: FREEZE
|-sidestart|p1: LMay|Spikes
|
|-damage|p1a: FREEZE|602\/704|[from] Leech Seed|[of] p2a: Ferrothorn
|-heal|p2a: Ferrothorn|311\/352 par|[silent]
|turn|33
|
|switch|p1a: Ghostic|Gengar, M, shiny|37\/263
|-damage|p1a: Ghostic|5\/263|[from] Stealth Rock
|move|p2a: Ferrothorn|Leech Seed|p1a: Ghostic
|-start|p1a: Ghostic|move: Leech Seed
|
|-heal|p1a: Ghostic|21\/263|[from] item: Black Sludge
|-damage|p1a: Ghostic|0 fnt|[from] Leech Seed|[of] p2a: Ferrothorn
|-heal|p2a: Ferrothorn|332\/352 par|[silent]
|faint|p1a: Ghostic
|-message|LMay forfeited.
|
|win|Tibblez
|raw|Ladder updating...
|leave|LMay
|player|p1
|raw|LMay's rating: 1439 &rarr; <strong>1418<\/strong><br \/>(-21 for losing)
|raw|Tibblez's rating: 1423 &rarr; <strong>1444<\/strong><br \/>(+21 for winning)