|join|I'm Rick Astley
|join|LMay
|player|p1|I'm Rick Astley|179
|player|p2|LMay|283
|gametype|singles
|gen|6
|tier|OU
|rated
|clearpoke
|poke|p1|Manaphy
|poke|p1|Altaria, F
|poke|p1|Heatran, M
|poke|p1|Latios, M
|poke|p1|Ferrothorn, M
|poke|p1|Rotom-Wash
|poke|p2|Altaria, M, shiny
|poke|p2|Heatran, M, shiny
|poke|p2|Greninja, M, shiny
|poke|p2|Chansey, F, shiny
|poke|p2|Gengar, M, shiny
|poke|p2|Landorus-Therian, M, shiny
|rule|Swagger Clause: Swagger is banned
|rule|Baton Pass Clause: Limit one PokÃ©mon knowing Baton Pass
|rule|Sleep Clause Mod: Limit one foe put to sleep
|rule|Species Clause: Limit one of each PokÃ©mon
|rule|OHKO Clause: OHKO moves are banned
|rule|Moody Clause: Moody is banned
|rule|Evasion Moves Clause: Evasion moves are banned
|rule|Endless Battle Clause: Forcing endless battles is banned
|rule|HP Percentage Mod: HP is shown in percentages
|teampreview
|
|start
|switch|p1a: Altaria|Altaria, F|354\/354
|switch|p2a: Scarfed|Landorus-Therian, M, shiny|319\/319
|-ability|p2a: Scarfed|Intimidate|[of] p1a: Altaria
|-unboost|p1a: Altaria|atk|1
|turn|1
|
|detailschange|p1a: Altaria|Altaria-Mega, F
|message|Altaria has Mega Evolved into Mega Altaria!
|move|p2a: Scarfed|Earthquake|p1a: Altaria
|-damage|p1a: Altaria|195\/354
|move|p1a: Altaria|Substitute|p1a: Altaria
|-start|p1a: Altaria|Substitute
|-damage|p1a: Altaria|107\/354
|
|turn|2
|
|move|p2a: Scarfed|Earthquake|p1a: Altaria
|-end|p1a: Altaria|Substitute
|move|p1a: Altaria|Roost|p1a: Altaria
|-heal|p1a: Altaria|284\/354
|
|turn|3
|
|move|p2a: Scarfed|Earthquake|p1a: Altaria
|-damage|p1a: Altaria|136\/354
|move|p1a: Altaria|Roost|p1a: Altaria
|-heal|p1a: Altaria|313\/354
|
|turn|4
|
|move|p2a: Scarfed|Earthquake|p1a: Altaria
|-damage|p1a: Altaria|159\/354
|move|p1a: Altaria|Roost|p1a: Altaria
|-heal|p1a: Altaria|336\/354
|
|turn|5
|
|move|p2a: Scarfed|Earthquake|p1a: Altaria
|-damage|p1a: Altaria|170\/354
|move|p1a: Altaria|Dragon Dance|p1a: Altaria
|-boost|p1a: Altaria|atk|1
|-boost|p1a: Altaria|spe|1
|
|turn|6
|
|move|p2a: Scarfed|Earthquake|p1a: Altaria
|-damage|p1a: Altaria|7\/354
|move|p1a: Altaria|Roost|p1a: Altaria
|-heal|p1a: Altaria|184\/354
|
|turn|7
|
|move|p2a: Scarfed|Earthquake|p1a: Altaria
|-damage|p1a: Altaria|21\/354
|move|p1a: Altaria|Roost|p1a: Altaria
|-heal|p1a: Altaria|198\/354
|
|turn|8
|
|move|p2a: Scarfed|Earthquake|p1a: Altaria
|-damage|p1a: Altaria|45\/354
|move|p1a: Altaria|Roost|p1a: Altaria
|-heal|p1a: Altaria|222\/354
|
|turn|9
|
|move|p2a: Scarfed|Earthquake|p1a: Altaria
|-damage|p1a: Altaria|59\/354
|move|p1a: Altaria|Roost|p1a: Altaria
|-heal|p1a: Altaria|236\/354
|
|turn|10
|
|switch|p2a: Flam'Ama|Heatran, M, shiny|386\/386
|move|p1a: Altaria|Roost|p1a: Altaria
|-heal|p1a: Altaria|354\/354
|
|turn|11
|
|move|p1a: Altaria|Substitute|p1a: Altaria
|-start|p1a: Altaria|Substitute
|-damage|p1a: Altaria|266\/354
|move|p2a: Flam'Ama|Stealth Rock|p1a: Altaria
|-sidestart|p1: I'm Rick Astley|move: Stealth Rock
|
|turn|12
|
|move|p1a: Altaria|Dragon Dance|p1a: Altaria
|-boost|p1a: Altaria|atk|1
|-boost|p1a: Altaria|spe|1
|move|p2a: Flam'Ama|Lava Plume|p1a: Altaria
|-resisted|p1a: Altaria
|-activate|p1a: Altaria|Substitute|[damage]
|
|turn|13
|
|move|p1a: Altaria|Dragon Dance|p1a: Altaria
|-boost|p1a: Altaria|atk|1
|-boost|p1a: Altaria|spe|1
|move|p2a: Flam'Ama|Lava Plume|p1a: Altaria
|-resisted|p1a: Altaria
|-end|p1a: Altaria|Substitute
|
|turn|14
|
|move|p1a: Altaria|Substitute|p1a: Altaria
|-start|p1a: Altaria|Substitute
|-damage|p1a: Altaria|178\/354
|move|p2a: Flam'Ama|Lava Plume|p1a: Altaria
|-resisted|p1a: Altaria
|-activate|p1a: Altaria|Substitute|[damage]
|
|turn|15
|
|move|p1a: Altaria|Roost|p1a: Altaria
|-heal|p1a: Altaria|354\/354
|move|p2a: Flam'Ama|Lava Plume|p1a: Altaria
|-resisted|p1a: Altaria
|-end|p1a: Altaria|Substitute
|
|turn|16
|
|move|p1a: Altaria|Substitute|p1a: Altaria
|-start|p1a: Altaria|Substitute
|-damage|p1a: Altaria|266\/354
|move|p2a: Flam'Ama|Lava Plume|p1a: Altaria
|-resisted|p1a: Altaria
|-activate|p1a: Altaria|Substitute|[damage]
|
|turn|17
|
|move|p1a: Altaria|Dragon Dance|p1a: Altaria
|-boost|p1a: Altaria|atk|1
|-boost|p1a: Altaria|spe|1
|move|p2a: Flam'Ama|Lava Plume|p1a: Altaria
|-resisted|p1a: Altaria
|-end|p1a: Altaria|Substitute
|
|turn|18
|
|move|p1a: Altaria|Substitute|p1a: Altaria
|-start|p1a: Altaria|Substitute
|-damage|p1a: Altaria|178\/354
|move|p2a: Flam'Ama|Lava Plume|p1a: Altaria
|-resisted|p1a: Altaria
|-activate|p1a: Altaria|Substitute|[damage]
|
|turn|19
|
|move|p1a: Altaria|Dragon Dance|p1a: Altaria
|-boost|p1a: Altaria|atk|1
|-boost|p1a: Altaria|spe|1
|move|p2a: Flam'Ama|Lava Plume|p1a: Altaria
|-resisted|p1a: Altaria
|-end|p1a: Altaria|Substitute
|
|turn|20
|
|move|p1a: Altaria|Substitute|p1a: Altaria
|-start|p1a: Altaria|Substitute
|-damage|p1a: Altaria|90\/354
|move|p2a: Flam'Ama|Lava Plume|p1a: Altaria
|-resisted|p1a: Altaria
|-activate|p1a: Altaria|Substitute|[damage]
|
|turn|21
|
|move|p1a: Altaria|Roost|p1a: Altaria
|-heal|p1a: Altaria|267\/354
|move|p2a: Flam'Ama|Lava Plume|p1a: Altaria
|-resisted|p1a: Altaria
|-end|p1a: Altaria|Substitute
|
|turn|22
|
|move|p1a: Altaria|Substitute|p1a: Altaria
|-start|p1a: Altaria|Substitute
|-damage|p1a: Altaria|179\/354
|move|p2a: Flam'Ama|Lava Plume|p1a: Altaria
|-resisted|p1a: Altaria
|-activate|p1a: Altaria|Substitute|[damage]
|
|turn|23
|
|move|p1a: Altaria|Dragon Dance|p1a: Altaria
|-boost|p1a: Altaria|atk|1
|-boost|p1a: Altaria|spe|1
|move|p2a: Flam'Ama|Lava Plume|p1a: Altaria
|-resisted|p1a: Altaria
|-end|p1a: Altaria|Substitute
|
|turn|24
|
|move|p1a: Altaria|Substitute|p1a: Altaria
|-start|p1a: Altaria|Substitute
|-damage|p1a: Altaria|91\/354
|move|p2a: Flam'Ama|Lava Plume|p1a: Altaria
|-resisted|p1a: Altaria
|-activate|p1a: Altaria|Substitute|[damage]
|
|turn|25
|c|âLMay|Ban M-GoltAria
|
|move|p1a: Altaria|Roost|p1a: Altaria
|-heal|p1a: Altaria|268\/354
|move|p2a: Flam'Ama|Lava Plume|p1a: Altaria
|-resisted|p1a: Altaria
|-end|p1a: Altaria|Substitute
|
|turn|26
|
|move|p1a: Altaria|Substitute|p1a: Altaria
|-start|p1a: Altaria|Substitute
|-damage|p1a: Altaria|180\/354
|move|p2a: Flam'Ama|Lava Plume|p1a: Altaria
|-resisted|p1a: Altaria
|-activate|p1a: Altaria|Substitute|[damage]
|
|turn|27
|c|âI'm Rick Astley|Just put taunt or roar on heatran.
|
|move|p1a: Altaria|Roost|p1a: Altaria
|-heal|p1a: Altaria|354\/354
|move|p2a: Flam'Ama|Lava Plume|p1a: Altaria
|-resisted|p1a: Altaria
|-end|p1a: Altaria|Substitute
|
|turn|28
|
|move|p1a: Altaria|Substitute|p1a: Altaria
|-start|p1a: Altaria|Substitute
|-damage|p1a: Altaria|266\/354
|move|p2a: Flam'Ama|Lava Plume|p1a: Altaria
|-resisted|p1a: Altaria
|-activate|p1a: Altaria|Substitute|[damage]
|
|turn|29
|
|move|p1a: Altaria|Dragon Dance|p1a: Altaria
|-boost|p1a: Altaria|atk|1
|move|p2a: Flam'Ama|Lava Plume|p1a: Altaria
|-resisted|p1a: Altaria
|-end|p1a: Altaria|Substitute
|
|turn|30
|
|move|p1a: Altaria|Substitute|p1a: Altaria
|-start|p1a: Altaria|Substitute
|-damage|p1a: Altaria|178\/354
|move|p2a: Flam'Ama|Lava Plume|p1a: Altaria
|-resisted|p1a: Altaria
|-activate|p1a: Altaria|Substitute|[damage]
|
|turn|31
|
|move|p1a: Altaria|Return|p2a: Flam'Ama
|-resisted|p2a: Flam'Ama
|-damage|p2a: Flam'Ama|220\/386
|move|p2a: Flam'Ama|Lava Plume|p1a: Altaria
|-resisted|p1a: Altaria
|-end|p1a: Altaria|Substitute
|
|-heal|p2a: Flam'Ama|244\/386|[from] item: Leftovers
|turn|32
|
|move|p1a: Altaria|Substitute|p1a: Altaria
|-start|p1a: Altaria|Substitute
|-damage|p1a: Altaria|90\/354
|move|p2a: Flam'Ama|Taunt|p1a: Altaria
|-start|p1a: Altaria|move: Taunt
|
|-heal|p2a: Flam'Ama|268\/386|[from] item: Leftovers
|turn|33
|
|move|p1a: Altaria|Return|p2a: Flam'Ama
|-resisted|p2a: Flam'Ama
|-damage|p2a: Flam'Ama|112\/386
|move|p2a: Flam'Ama|Lava Plume|p1a: Altaria
|-resisted|p1a: Altaria
|-activate|p1a: Altaria|Substitute|[damage]
|
|-heal|p2a: Flam'Ama|136\/386|[from] item: Leftovers
|turn|34
|
|switch|p2a: Scarfed|Landorus-Therian, M, shiny|319\/319
|-activate|p1a: Altaria|Substitute|ability: Intimidate|[of] p2a: Scarfed
|move|p1a: Altaria|Return|p2a: Scarfed
|-damage|p2a: Scarfed|0 fnt
|faint|p2a: Scarfed
|
|
|switch|p2a: Flam'Ama|Heatran, M, shiny|136\/386
|turn|35
|
|move|p1a: Altaria|Return|p2a: Flam'Ama
|-resisted|p2a: Flam'Ama
|-damage|p2a: Flam'Ama|0 fnt
|faint|p2a: Flam'Ama
|
|-end|p1a: Altaria|move: Taunt
|
|switch|p2a: Venom|Greninja, M, shiny|286\/286
|turn|36
|
|move|p1a: Altaria|Return|p2a: Venom
|-supereffective|p2a: Venom
|-damage|p2a: Venom|0 fnt
|faint|p2a: Venom
|
|c|âLMay|why this thing is not OU
|
|switch|p2a: FREEZE|Chansey, F, shiny|704\/704
|turn|37
|c|âI'm Rick Astley|Tiers are fucked, but it is a+ in viability.
|
|move|p1a: Altaria|Return|p2a: FREEZE
|-damage|p2a: FREEZE|0 fnt
|faint|p2a: FREEZE
|
|
|switch|p2a: Ghostic|Gengar, M, shiny|261\/261
|turn|38
|
|move|p1a: Altaria|Return|p2a: Ghostic
|-resisted|p2a: Ghostic
|-damage|p2a: Ghostic|0 fnt
|faint|p2a: Ghostic
|
|c|âLMay|GG
|c|âI'm Rick Astley|gg.
|c|âLMay|thx to lord altaria
|
|switch|p2a: Silver|Altaria, M, shiny|302\/302
|turn|39
|
|move|p1a: Altaria|Return|p2a: Silver
|-supereffective|p2a: Silver
|-damage|p2a: Silver|0 fnt
|faint|p2a: Silver
|
|win|I'm Rick Astley
|raw|Ladder updating...
|leave|LMay
|raw|I&apos;m Rick Astley's rating: 1585 &rarr; <strong>1601<\/strong><br \/>(+16 for winning)
|raw|LMay's rating: 1516 &rarr; <strong>1500<\/strong><br \/>(-16 for losing)
|player|p2