|join|San0suke
|join|LMay
|player|p1|San0suke|1
|player|p2|LMay|283
|gametype|singles
|gen|6
|tier|OU
|rated
|clearpoke
|poke|p1|Gallade, M
|poke|p1|Gengar, F
|poke|p1|Scizor, F
|poke|p1|Rotom-Wash, shiny
|poke|p1|Garchomp, F
|poke|p1|Zapdos
|poke|p2|Altaria, M, shiny
|poke|p2|Mamoswine, M, shiny
|poke|p2|Slowbro, M, shiny
|poke|p2|Chansey, F, shiny
|poke|p2|Gengar, M, shiny
|poke|p2|Magnezone, shiny
|rule|Swagger Clause: Swagger is banned
|rule|Baton Pass Clause: Limit one PokÃ©mon knowing Baton Pass
|rule|Sleep Clause Mod: Limit one foe put to sleep
|rule|Species Clause: Limit one of each PokÃ©mon
|rule|OHKO Clause: OHKO moves are banned
|rule|Moody Clause: Moody is banned
|rule|Evasion Moves Clause: Evasion moves are banned
|rule|Endless Battle Clause: Forcing endless battles is banned
|rule|HP Percentage Mod: HP is shown in percentages
|teampreview
|
|start
|switch|p1a: Scizor|Scizor, F|344\/344
|switch|p2a: Magnum|Mamoswine, M, shiny|362\/362
|turn|1
|
|move|p2a: Magnum|Knock Off|p1a: Scizor
|-damage|p1a: Scizor|215\/344
|-enditem|p1a: Scizor|Choice Band|[from] move: Knock Off|[of] p2a: Magnum
|move|p1a: Scizor|U-turn|p2a: Magnum
|-damage|p2a: Magnum|197\/362
|
|switch|p1a: Gengar|Gengar, F|262\/262
|
|turn|2
|
|move|p2a: Magnum|Ice Shard|p1a: Gengar
|-damage|p1a: Gengar|153\/262
|move|p1a: Gengar|Sludge Wave|p2a: Magnum
|-resisted|p2a: Magnum
|-damage|p2a: Magnum|22\/362
|-damage|p1a: Gengar|127\/262|[from] item: Life Orb
|
|turn|3
|
|move|p2a: Magnum|Ice Shard|p1a: Gengar
|-damage|p1a: Gengar|18\/262
|move|p1a: Gengar|Shadow Ball|p2a: Magnum
|-damage|p2a: Magnum|0 fnt
|-damage|p1a: Gengar|0 fnt|[from] item: Life Orb
|faint|p2a: Magnum
|faint|p1a: Gengar
|
|
|switch|p2a: Ghostic|Gengar, M, shiny|261\/261
|switch|p1a: Scizor|Scizor, F|215\/344
|turn|4
|
|move|p2a: Ghostic|Will-O-Wisp|p1a: Scizor
|-status|p1a: Scizor|brn
|move|p1a: Scizor|Knock Off|p2a: Ghostic
|-crit|p2a: Ghostic
|-supereffective|p2a: Ghostic
|-damage|p2a: Ghostic|0 fnt
|-enditem|p2a: Ghostic|Black Sludge|[from] move: Knock Off|[of] p1a: Scizor
|faint|p2a: Ghostic
|
|-damage|p1a: Scizor|172\/344 brn|[from] brn
|
|switch|p2a: Altaria|Altaria, M, shiny|307\/307
|turn|5
|
|move|p1a: Scizor|Bullet Punch|p2a: Altaria
|-damage|p2a: Altaria|243\/307
|move|p2a: Altaria|Dragon Dance|p2a: Altaria
|-boost|p2a: Altaria|atk|1
|-boost|p2a: Altaria|spe|1
|
|-damage|p1a: Scizor|129\/344 brn|[from] brn
|turn|6
|
|switch|p1a: Rotom-Wash|Rotom-Wash, shiny|303\/303
|move|p2a: Altaria|Dragon Dance|p2a: Altaria
|-boost|p2a: Altaria|atk|1
|-boost|p2a: Altaria|spe|1
|
|turn|7
|
|detailschange|p2a: Altaria|Altaria-Mega, M, shiny
|message|Altaria has Mega Evolved into Mega Altaria!
|move|p2a: Altaria|Return|p1a: Rotom-Wash
|-crit|p1a: Rotom-Wash
|-damage|p1a: Rotom-Wash|0 fnt
|faint|p1a: Rotom-Wash
|
|
|switch|p1a: Scizor|Scizor, F|129\/344 brn
|turn|8
|
|move|p1a: Scizor|Bullet Punch|p2a: Altaria
|-supereffective|p2a: Altaria
|-damage|p2a: Altaria|135\/307
|move|p2a: Altaria|Roost|p2a: Altaria
|-heal|p2a: Altaria|289\/307
|
|-damage|p1a: Scizor|86\/344 brn|[from] brn
|turn|9
|
|move|p1a: Scizor|Bullet Punch|p2a: Altaria
|-supereffective|p2a: Altaria
|-damage|p2a: Altaria|173\/307
|move|p2a: Altaria|Roost|p2a: Altaria
|-heal|p2a: Altaria|307\/307
|
|-damage|p1a: Scizor|43\/344 brn|[from] brn
|turn|10
|
|move|p1a: Scizor|Bullet Punch|p2a: Altaria
|-supereffective|p2a: Altaria
|-damage|p2a: Altaria|191\/307
|move|p2a: Altaria|Return|p1a: Scizor
|-resisted|p1a: Scizor
|-damage|p1a: Scizor|0 fnt
|faint|p1a: Scizor
|
|-message|San0suke forfeited.
|
|win|LMay
|raw|Ladder updating...
|leave|San0suke
|player|p1
|raw|San0suke's rating: 1489 &rarr; <strong>1466<\/strong><br \/>(-23 for losing)
|raw|LMay's rating: 1437 &rarr; <strong>1460<\/strong><br \/>(+23 for winning)