|join|Clixo Fc
|join|LMay
|player|p1|Clixo Fc|137
|player|p2|LMay|283
|gametype|singles
|gen|6
|tier|OU
|rated
|clearpoke
|poke|p1|Gardevoir, F
|poke|p1|Latios, M
|poke|p1|Keldeo
|poke|p1|Ferrothorn, M
|poke|p1|Tyranitar, M
|poke|p1|Excadrill, M
|poke|p2|Latios, M, shiny
|poke|p2|Dragonite, F, shiny
|poke|p2|Slowbro, M, shiny
|poke|p2|Greninja, M, shiny
|poke|p2|Chansey, F, shiny
|poke|p2|Mamoswine, M, shiny
|rule|Swagger Clause: Swagger is banned
|rule|Baton Pass Clause: Limit one PokÃ©mon knowing Baton Pass
|rule|Sleep Clause Mod: Limit one foe put to sleep
|rule|Species Clause: Limit one of each PokÃ©mon
|rule|OHKO Clause: OHKO moves are banned
|rule|Moody Clause: Moody is banned
|rule|Evasion Moves Clause: Evasion moves are banned
|rule|Endless Battle Clause: Forcing endless battles is banned
|rule|HP Percentage Mod: HP is shown in percentages
|teampreview
|
|start
|switch|p1a: Crests of Waves|Keldeo|323\/323
|switch|p2a: Coul WAKA|Greninja, M, shiny|286\/286
|turn|1
|
|switch|p2a: Roger|Slowbro, M, shiny|394\/394
|move|p1a: Crests of Waves|Secret Sword|p2a: Roger
|-crit|p2a: Roger
|-resisted|p2a: Roger
|-damage|p2a: Roger|279\/394
|
|-heal|p2a: Roger|303\/394|[from] item: Leftovers
|turn|2
|
|switch|p1a: Shiver|Tyranitar, M|403\/403
|-weather|Sandstorm
|move|p2a: Roger|Thunder Wave|p1a: Shiver
|-status|p1a: Shiver|par
|
|-weather|Sandstorm|[upkeep]
|-damage|p2a: Roger|279\/394|[from] sandstorm
|-heal|p2a: Roger|303\/394|[from] item: Leftovers
|turn|3
|
|move|p2a: Roger|Scald|p1a: Shiver
|-supereffective|p1a: Shiver
|-damage|p1a: Shiver|271\/403 par
|move|p1a: Shiver|Pursuit|p2a: Roger
|-supereffective|p2a: Roger
|-damage|p2a: Roger|201\/394
|
|-weather|Sandstorm|[upkeep]
|-damage|p2a: Roger|177\/394|[from] sandstorm
|-heal|p2a: Roger|201\/394|[from] item: Leftovers
|turn|4
|
|move|p2a: Roger|Scald|p1a: Shiver
|-supereffective|p1a: Shiver
|-damage|p1a: Shiver|137\/403 par
|move|p1a: Shiver|Pursuit|p2a: Roger
|-supereffective|p2a: Roger
|-damage|p2a: Roger|99\/394
|
|-weather|Sandstorm|[upkeep]
|-damage|p2a: Roger|75\/394|[from] sandstorm
|-heal|p2a: Roger|99\/394|[from] item: Leftovers
|turn|5
|
|move|p2a: Roger|Slack Off|p2a: Roger
|-heal|p2a: Roger|296\/394
|move|p1a: Shiver|Pursuit|p2a: Roger
|-supereffective|p2a: Roger
|-damage|p2a: Roger|194\/394
|
|-weather|Sandstorm|[upkeep]
|-damage|p2a: Roger|170\/394|[from] sandstorm
|-heal|p2a: Roger|194\/394|[from] item: Leftovers
|turn|6
|
|move|p2a: Roger|Scald|p1a: Shiver
|-supereffective|p1a: Shiver
|-damage|p1a: Shiver|9\/403 par
|cant|p1a: Shiver|par
|
|-weather|Sandstorm|[upkeep]
|-damage|p2a: Roger|170\/394|[from] sandstorm
|-heal|p2a: Roger|194\/394|[from] item: Leftovers
|turn|7
|
|switch|p1a: The Scientist|Ferrothorn, M|352\/352
|move|p2a: Roger|Slack Off|p2a: Roger
|-heal|p2a: Roger|391\/394
|
|-weather|Sandstorm|[upkeep]
|-damage|p2a: Roger|367\/394|[from] sandstorm
|-heal|p2a: Roger|391\/394|[from] item: Leftovers
|turn|8
|
|move|p2a: Roger|Fire Blast|p1a: The Scientist
|-supereffective|p1a: The Scientist
|-damage|p1a: The Scientist|72\/352
|move|p1a: The Scientist|Spikes|p2a: Roger
|-sidestart|p2: LMay|Spikes
|
|-weather|Sandstorm|[upkeep]
|-damage|p2a: Roger|367\/394|[from] sandstorm
|-heal|p2a: Roger|391\/394|[from] item: Leftovers
|-heal|p1a: The Scientist|94\/352|[from] item: Leftovers
|turn|9
|
|switch|p1a: Magic|Gardevoir, F|277\/277
|-ability|p1a: Magic|Regenerator|[from] ability: Trace|[of] p2a: Roger
|move|p2a: Roger|Fire Blast|p1a: Magic
|-damage|p1a: Magic|197\/277
|
|-weather|none
|-heal|p2a: Roger|394\/394|[from] item: Leftovers
|turn|10
|
|detailschange|p1a: Magic|Gardevoir-Mega, F
|message|Gardevoir has Mega Evolved into Mega Gardevoir!
|move|p1a: Magic|Taunt|p2a: Roger
|-start|p2a: Roger|move: Taunt
|cant|p2a: Roger|move: Taunt|Thunder Wave
|
|turn|11
|
|move|p1a: Magic|Hyper Voice|p2a: Roger
|-damage|p2a: Roger|75\/394
|move|p2a: Roger|Scald|p1a: Magic
|-damage|p1a: Magic|119\/277
|
|-heal|p2a: Roger|99\/394|[from] item: Leftovers
|turn|12
|join|laddersano
|
|switch|p2a: frreezzeeeee|Chansey, F, shiny|704\/704
|-damage|p2a: frreezzeeeee|616\/704|[from] Spikes
|move|p1a: Magic|Hyper Voice|p2a: frreezzeeeee
|-damage|p2a: frreezzeeeee|433\/704
|
|turn|13
|
|move|p1a: Magic|Focus Blast|p2a: frreezzeeeee
|-supereffective|p2a: frreezzeeeee
|-damage|p2a: frreezzeeeee|209\/704
|move|p2a: frreezzeeeee|Toxic|p1a: Magic
|-status|p1a: Magic|tox
|
|-damage|p1a: Magic|102\/277 tox|[from] psn
|turn|14
|
|move|p1a: Magic|Focus Blast|p2a: frreezzeeeee
|-supereffective|p2a: frreezzeeeee
|-damage|p2a: frreezzeeeee|0 fnt
|faint|p2a: frreezzeeeee
|
|-damage|p1a: Magic|68\/277 tox|[from] psn
|
|switch|p2a: Magnum|Mamoswine, M, shiny|368\/368
|-damage|p2a: Magnum|322\/368|[from] Spikes
|turn|15
|
|switch|p1a: Shiver|Tyranitar, M|9\/403 par
|-weather|Sandstorm
|move|p2a: Magnum|Ice Shard|p1a: Shiver
|-crit|p1a: Shiver
|-damage|p1a: Shiver|0 fnt
|faint|p1a: Shiver
|
|-weather|Sandstorm|[upkeep]
|
|switch|p1a: Such a Rush|Excadrill, M|361\/361
|-item|p1a: Such a Rush|Air Balloon
|turn|16
|
|move|p2a: Magnum|Ice Shard|p1a: Such a Rush
|-damage|p1a: Such a Rush|240\/361
|-enditem|p1a: Such a Rush|Air Balloon
|move|p1a: Such a Rush|Iron Head|p2a: Magnum
|-supereffective|p2a: Magnum
|-damage|p2a: Magnum|0 fnt
|faint|p2a: Magnum
|
|-weather|Sandstorm|[upkeep]
|
|switch|p2a: Cynder|Dragonite, F, shiny|325\/325
|turn|17
|
|move|p1a: Such a Rush|Iron Head|p2a: Cynder
|-damage|p2a: Cynder|236\/325
|move|p2a: Cynder|Dragon Dance|p2a: Cynder
|-boost|p2a: Cynder|atk|1
|-boost|p2a: Cynder|spe|1
|
|-weather|Sandstorm|[upkeep]
|-damage|p2a: Cynder|216\/325|[from] sandstorm
|turn|18
|
|move|p1a: Such a Rush|Rock Slide|p2a: Cynder
|-supereffective|p2a: Cynder
|-damage|p2a: Cynder|0 fnt
|faint|p2a: Cynder
|
|-weather|Sandstorm|[upkeep]
|
|switch|p2a: Roger|Slowbro, M, shiny|230\/394
|-damage|p2a: Roger|181\/394|[from] Spikes
|turn|19
|
|switch|p1a: Magic|Gardevoir-Mega, F|68\/277 tox
|switch|p2a: Airplane|Latios, M, shiny|309\/309
|
|-weather|Sandstorm|[upkeep]
|-damage|p2a: Airplane|290\/309|[from] sandstorm
|-damage|p1a: Magic|51\/277 tox|[from] sandstorm
|-damage|p1a: Magic|34\/277 tox|[from] psn
|turn|20
|
|move|p2a: Airplane|Psyshock|p1a: Magic
|-resisted|p1a: Magic
|-damage|p1a: Magic|0 fnt
|-damage|p2a: Airplane|260\/309|[from] item: Life Orb
|faint|p1a: Magic
|
|-weather|Sandstorm|[upkeep]
|-damage|p2a: Airplane|241\/309|[from] sandstorm
|
|switch|p1a: Such a Rush|Excadrill, M|240\/361
|turn|21
|
|switch|p2a: Roger|Slowbro, M, shiny|312\/394
|-damage|p2a: Roger|263\/394|[from] Spikes
|move|p1a: Such a Rush|Earthquake|p2a: Roger
|-damage|p2a: Roger|116\/394
|
|-weather|Sandstorm|[upkeep]
|-damage|p2a: Roger|92\/394|[from] sandstorm
|-heal|p2a: Roger|116\/394|[from] item: Leftovers
|turn|22
|
|switch|p2a: Airplane|Latios, M, shiny|241\/309
|move|p1a: Such a Rush|Iron Head|p2a: Airplane
|-damage|p2a: Airplane|57\/309
|
|-weather|none
|turn|23
|
|switch|p2a: Roger|Slowbro, M, shiny|247\/394
|-damage|p2a: Roger|198\/394|[from] Spikes
|move|p1a: Such a Rush|Iron Head|p2a: Roger
|-resisted|p2a: Roger
|-damage|p2a: Roger|142\/394
|
|-heal|p2a: Roger|166\/394|[from] item: Leftovers
|turn|24
|
|move|p1a: Such a Rush|Earthquake|p2a: Roger
|-damage|p2a: Roger|25\/394
|move|p2a: Roger|Scald|p1a: Such a Rush
|-supereffective|p1a: Such a Rush
|-damage|p1a: Such a Rush|0 fnt
|faint|p1a: Such a Rush
|
|-heal|p2a: Roger|49\/394|[from] item: Leftovers
|
|switch|p1a: High Speed|Latios, M|299\/299
|turn|25
|
|move|p1a: High Speed|Draco Meteor|p2a: Roger
|-damage|p2a: Roger|0 fnt
|-unboost|p1a: High Speed|spa|2
|-damage|p1a: High Speed|270\/299|[from] item: Life Orb
|faint|p2a: Roger
|
|
|switch|p2a: Coul WAKA|Greninja, M, shiny|286\/286
|-damage|p2a: Coul WAKA|251\/286|[from] Spikes
|turn|26
|
|switch|p1a: The Scientist|Ferrothorn, M|94\/352
|move|p2a: Coul WAKA|Ice Beam|p1a: The Scientist
|-start|p2a: Coul WAKA|typechange|Ice|[from] Protean
|-damage|p1a: The Scientist|0 fnt
|-damage|p2a: Coul WAKA|223\/286|[from] item: Life Orb
|faint|p1a: The Scientist
|
|
|switch|p1a: Crests of Waves|Keldeo|323\/323
|turn|27
|
|switch|p2a: Airplane|Latios, M, shiny|57\/309
|move|p1a: Crests of Waves|Icy Wind|p2a: Airplane
|-supereffective|p2a: Airplane
|-damage|p2a: Airplane|0 fnt
|faint|p2a: Airplane
|
|
|switch|p2a: Coul WAKA|Greninja, M, shiny|223\/286
|-damage|p2a: Coul WAKA|188\/286|[from] Spikes
|turn|28
|
|switch|p1a: High Speed|Latios, M|270\/299
|move|p2a: Coul WAKA|Ice Beam|p1a: High Speed
|-start|p2a: Coul WAKA|typechange|Ice|[from] Protean
|-supereffective|p1a: High Speed
|-damage|p1a: High Speed|0 fnt
|-damage|p2a: Coul WAKA|160\/286|[from] item: Life Orb
|faint|p1a: High Speed
|
|
|switch|p1a: Crests of Waves|Keldeo|323\/323
|turn|29
|
|move|p2a: Coul WAKA|Ice Beam|p1a: Crests of Waves
|-resisted|p1a: Crests of Waves
|-damage|p1a: Crests of Waves|222\/323
|-damage|p2a: Coul WAKA|132\/286|[from] item: Life Orb
|move|p1a: Crests of Waves|Secret Sword|p2a: Coul WAKA
|-supereffective|p2a: Coul WAKA
|-damage|p2a: Coul WAKA|0 fnt
|faint|p2a: Coul WAKA
|
|win|Clixo Fc
|raw|Ladder updating...
|raw|Clixo Fc's rating: 1502 &rarr; <strong>1519<\/strong><br \/>(+17 for winning)
|raw|LMay's rating: 1449 &rarr; <strong>1432<\/strong><br \/>(-17 for losing)
|c|âClixo Fc|gg
|leave|LMay
|player|p2
|leave|laddersano