|join|LMay
|join|keko
|player|p1|LMay|283
|player|p2|keko|169
|gametype|singles
|gen|6
|tier|OU
|rated
|clearpoke
|poke|p1|Altaria, M, shiny
|poke|p1|Magnezone, shiny
|poke|p1|Greninja, M, shiny
|poke|p1|Chansey, F, shiny
|poke|p1|Gengar, M, shiny
|poke|p1|Mamoswine, M
|poke|p2|Azumarill, F
|poke|p2|Sharpedo, F
|poke|p2|Landorus-Therian, M
|poke|p2|Zapdos
|poke|p2|Heatran, F
|poke|p2|Scizor, F
|rule|Swagger Clause: Swagger is banned
|rule|Baton Pass Clause: Limit one PokÃ©mon knowing Baton Pass
|rule|Sleep Clause Mod: Limit one foe put to sleep
|rule|Species Clause: Limit one of each PokÃ©mon
|rule|OHKO Clause: OHKO moves are banned
|rule|Moody Clause: Moody is banned
|rule|Evasion Moves Clause: Evasion moves are banned
|rule|Endless Battle Clause: Forcing endless battles is banned
|rule|HP Percentage Mod: HP is shown in percentages
|teampreview
|
|start
|switch|p1a: Magnum|Mamoswine, M|362\/362
|switch|p2a: Landorus-Therian|Landorus-Therian, M|320\/320
|-ability|p2a: Landorus-Therian|Intimidate|[of] p1a: Magnum
|-unboost|p1a: Magnum|atk|1
|turn|1
|
|switch|p2a: Scizor|Scizor, F|344\/344
|move|p1a: Magnum|Icicle Crash|p2a: Scizor
|-resisted|p2a: Scizor
|-damage|p2a: Scizor|288\/344
|
|turn|2
|
|move|p1a: Magnum|Icicle Crash|p2a: Scizor
|-resisted|p2a: Scizor
|-damage|p2a: Scizor|231\/344
|move|p2a: Scizor|U-turn|p1a: Magnum
|-crit|p1a: Magnum
|-damage|p1a: Magnum|1\/362
|
|switch|p2a: Azumarill|Azumarill, F|404\/404
|
|turn|3
|
|switch|p1a: Android|Magnezone, shiny|283\/283
|move|p2a: Azumarill|Aqua Jet|p1a: Android
|-damage|p1a: Android|207\/283
|
|turn|4
|
|switch|p2a: Zapdos|Zapdos|384\/384
|-ability|p2a: Zapdos|Pressure
|move|p1a: Android|Flash Cannon|p2a: Zapdos
|-resisted|p2a: Zapdos
|-damage|p2a: Zapdos|250\/384
|
|-heal|p2a: Zapdos|274\/384|[from] item: Leftovers
|turn|5
|
|switch|p1a: Magnum|Mamoswine, M|1\/362
|move|p2a: Zapdos|Toxic|p1a: Magnum
|-status|p1a: Magnum|tox
|
|-heal|p2a: Zapdos|298\/384|[from] item: Leftovers
|-damage|p1a: Magnum|0 fnt|[from] psn
|faint|p1a: Magnum
|
|switch|p1a: Venom|Greninja, M, shiny|286\/286
|turn|6
|
|switch|p2a: Heatran|Heatran, F|386\/386
|move|p1a: Venom|Scald|p2a: Heatran
|-start|p1a: Venom|typechange|Water|[from] Protean
|-supereffective|p2a: Heatran
|-damage|p2a: Heatran|181\/386
|-damage|p1a: Venom|258\/286|[from] item: Life Orb
|
|-heal|p2a: Heatran|205\/386|[from] item: Leftovers
|turn|7
|
|move|p2a: Heatran|Protect|p2a: Heatran
|-singleturn|p2a: Heatran|Protect
|move|p1a: Venom|Scald|p2a: Heatran
|-activate|p2a: Heatran|Protect
|
|-heal|p2a: Heatran|229\/386|[from] item: Leftovers
|turn|8
|
|move|p1a: Venom|Scald|p2a: Heatran
|-supereffective|p2a: Heatran
|-damage|p2a: Heatran|0 fnt
|-damage|p1a: Venom|230\/286|[from] item: Life Orb
|faint|p2a: Heatran
|
|
|switch|p2a: Landorus-Therian|Landorus-Therian, M|320\/320
|-ability|p2a: Landorus-Therian|Intimidate|[of] p1a: Venom
|-unboost|p1a: Venom|atk|1
|turn|9
|
|switch|p1a: Ghostic|Gengar, M, shiny|267\/267
|move|p2a: Landorus-Therian|U-turn|p1a: Ghostic
|-resisted|p1a: Ghostic
|-damage|p1a: Ghostic|230\/267
|
|switch|p2a: Sharpedo|Sharpedo, F|281\/281
|
|-heal|p1a: Ghostic|246\/267|[from] item: Black Sludge
|turn|10
|
|move|p1a: Ghostic|Substitute|p1a: Ghostic
|-start|p1a: Ghostic|Substitute
|-damage|p1a: Ghostic|180\/267
|move|p2a: Sharpedo|Crunch|p1a: Ghostic
|-supereffective|p1a: Ghostic
|-end|p1a: Ghostic|Substitute
|
|-heal|p1a: Ghostic|196\/267|[from] item: Black Sludge
|-boost|p2a: Sharpedo|spe|1|[from] ability: Speed Boost
|turn|11
|
|switch|p1a: FREEZE|Chansey, F, shiny|704\/704
|move|p2a: Sharpedo|Crunch|p1a: FREEZE
|-damage|p1a: FREEZE|514\/704
|
|-boost|p2a: Sharpedo|spe|1|[from] ability: Speed Boost
|turn|12
|
|switch|p2a: Scizor|Scizor, F|231\/344
|move|p1a: FREEZE|Stealth Rock|p2a: Scizor
|-sidestart|p2: keko|move: Stealth Rock
|
|turn|13
|
|move|p2a: Scizor|Knock Off|p1a: FREEZE
|-damage|p1a: FREEZE|256\/704
|-enditem|p1a: FREEZE|Eviolite|[from] move: Knock Off|[of] p2a: Scizor
|move|p1a: FREEZE|Seismic Toss|p2a: Scizor
|-damage|p2a: Scizor|131\/344
|
|turn|14
|
|move|p2a: Scizor|Knock Off|p1a: FREEZE
|-damage|p1a: FREEZE|0 fnt
|faint|p1a: FREEZE
|
|
|switch|p1a: Android|Magnezone, shiny|207\/283
|turn|15
|
|move|p1a: Android|Volt Switch|p2a: Scizor
|-damage|p2a: Scizor|0 fnt
|faint|p2a: Scizor
|
|switch|p1a: Ghostic|Gengar, M, shiny|196\/267
|
|-heal|p1a: Ghostic|212\/267|[from] item: Black Sludge
|
|switch|p2a: Landorus-Therian|Landorus-Therian, M|320\/320
|-damage|p2a: Landorus-Therian|280\/320|[from] Stealth Rock
|-ability|p2a: Landorus-Therian|Intimidate|[of] p1a: Ghostic
|-unboost|p1a: Ghostic|atk|1
|turn|16
|
|move|p2a: Landorus-Therian|Knock Off|p1a: Ghostic
|-supereffective|p1a: Ghostic
|-damage|p1a: Ghostic|0 fnt
|-enditem|p1a: Ghostic|Black Sludge|[from] move: Knock Off|[of] p2a: Landorus-Therian
|faint|p1a: Ghostic
|
|
|switch|p1a: Silver|Altaria, M, shiny|292\/292
|turn|17
|
|switch|p2a: Zapdos|Zapdos|298\/384
|-damage|p2a: Zapdos|202\/384|[from] Stealth Rock
|-ability|p2a: Zapdos|Pressure
|detailschange|p1a: Silver|Altaria-Mega, M, shiny
|message|Altaria has Mega Evolved into Mega Altaria!
|move|p1a: Silver|Dragon Dance|p1a: Silver
|-boost|p1a: Silver|atk|1
|-boost|p1a: Silver|spe|1
|
|-heal|p2a: Zapdos|226\/384|[from] item: Leftovers
|turn|18
|
|move|p1a: Silver|Dragon Dance|p1a: Silver
|-boost|p1a: Silver|atk|1
|-boost|p1a: Silver|spe|1
|move|p2a: Zapdos|Roost|p2a: Zapdos
|-heal|p2a: Zapdos|384\/384
|
|turn|19
|
|move|p1a: Silver|Return|p2a: Zapdos
|-damage|p2a: Zapdos|21\/384
|move|p2a: Zapdos|Toxic|p1a: Silver
|-status|p1a: Silver|tox
|
|-heal|p2a: Zapdos|45\/384|[from] item: Leftovers
|-damage|p1a: Silver|274\/292 tox|[from] psn
|turn|20
|
|move|p1a: Silver|Return|p2a: Zapdos
|-damage|p2a: Zapdos|0 fnt
|faint|p2a: Zapdos
|
|-damage|p1a: Silver|238\/292 tox|[from] psn
|
|switch|p2a: Landorus-Therian|Landorus-Therian, M|280\/320
|-damage|p2a: Landorus-Therian|240\/320|[from] Stealth Rock
|-ability|p2a: Landorus-Therian|Intimidate|[of] p1a: Silver
|-unboost|p1a: Silver|atk|1
|turn|21
|
|switch|p2a: Azumarill|Azumarill, F|404\/404
|-damage|p2a: Azumarill|354\/404|[from] Stealth Rock
|move|p1a: Silver|Return|p2a: Azumarill
|-damage|p2a: Azumarill|0 fnt
|faint|p2a: Azumarill
|
|-damage|p1a: Silver|184\/292 tox|[from] psn
|
|switch|p2a: Sharpedo|Sharpedo, F|281\/281
|-damage|p2a: Sharpedo|246\/281|[from] Stealth Rock
|turn|22
|
|move|p2a: Sharpedo|Protect|p2a: Sharpedo
|-singleturn|p2a: Sharpedo|Protect
|move|p1a: Silver|Return|p2a: Sharpedo
|-activate|p2a: Sharpedo|Protect
|
|-damage|p1a: Silver|112\/292 tox|[from] psn
|-boost|p2a: Sharpedo|spe|1|[from] ability: Speed Boost
|turn|23
|
|switch|p2a: Landorus-Therian|Landorus-Therian, M|240\/320
|-damage|p2a: Landorus-Therian|200\/320|[from] Stealth Rock
|-ability|p2a: Landorus-Therian|Intimidate|[of] p1a: Silver
|-unboost|p1a: Silver|atk|1
|move|p1a: Silver|Return|p2a: Landorus-Therian
|-damage|p2a: Landorus-Therian|0 fnt
|faint|p2a: Landorus-Therian
|
|-damage|p1a: Silver|22\/292 tox|[from] psn
|
|switch|p2a: Sharpedo|Sharpedo, F|246\/281
|-damage|p2a: Sharpedo|211\/281|[from] Stealth Rock
|turn|24
|
|move|p2a: Sharpedo|Protect|p2a: Sharpedo
|-singleturn|p2a: Sharpedo|Protect
|move|p1a: Silver|Roost|p1a: Silver
|-heal|p1a: Silver|168\/292 tox
|
|-damage|p1a: Silver|60\/292 tox|[from] psn
|-boost|p2a: Sharpedo|spe|1|[from] ability: Speed Boost
|turn|25
|
|move|p2a: Sharpedo|Protect|p2a: Sharpedo
|-fail|p2a: Sharpedo
|move|p1a: Silver|Return|p2a: Sharpedo
|-supereffective|p2a: Sharpedo
|-damage|p2a: Sharpedo|0 fnt
|faint|p2a: Sharpedo
|
|win|LMay
|raw|Ladder updating...
|raw|LMay's rating: 1515 &rarr; <strong>1535<\/strong><br \/>(+20 for winning)
|raw|keko's rating: 1514 &rarr; <strong>1494<\/strong><br \/>(-20 for losing)
|leave|keko
|player|p2