|join|gwing
|join|LMay
|player|p1|gwing|266
|player|p2|LMay|283
|gametype|singles
|gen|6
|tier|OU
|rated
|clearpoke
|poke|p1|Cofagrigus, F
|poke|p1|Venusaur, F
|poke|p1|Heatran, M
|poke|p1|Blissey, F
|poke|p1|Suicune
|poke|p1|Regigigas
|poke|p2|Azumarill, M, shiny
|poke|p2|Chansey, F, shiny
|poke|p2|Gliscor, M, shiny
|poke|p2|Manectric, M, shiny
|poke|p2|Dragonite, F, shiny
|poke|p2|Mandibuzz, F, shiny
|rule|Swagger Clause: Swagger is banned
|rule|Baton Pass Clause: Limit one PokÃ©mon knowing Baton Pass
|rule|Sleep Clause Mod: Limit one foe put to sleep
|rule|Species Clause: Limit one of each PokÃ©mon
|rule|OHKO Clause: OHKO moves are banned
|rule|Moody Clause: Moody is banned
|rule|Evasion Moves Clause: Evasion moves are banned
|rule|Endless Battle Clause: Forcing endless battles is banned
|rule|HP Percentage Mod: HP is shown in percentages
|teampreview
|
|start
|switch|p1a: Cofagrigus|Cofagrigus, F|320\/320
|switch|p2a: Diablo|Gliscor, M, shiny|354\/354
|turn|1
|c|âgwing|gl hf
|
|move|p2a: Diablo|Stealth Rock|p1a: Cofagrigus
|-sidestart|p1: gwing|move: Stealth Rock
|move|p1a: Cofagrigus|Will-O-Wisp|p2a: Diablo
|-status|p2a: Diablo|brn
|
|-damage|p2a: Diablo|310\/354 brn|[from] brn
|turn|2
|
|move|p2a: Diablo|Toxic|p1a: Cofagrigus
|-status|p1a: Cofagrigus|tox
|move|p1a: Cofagrigus|Toxic Spikes|p2a: Diablo
|-sidestart|p2: LMay|move: Toxic Spikes
|
|-damage|p2a: Diablo|266\/354 brn|[from] brn
|-damage|p1a: Cofagrigus|300\/320 tox|[from] psn
|turn|3
|
|switch|p2a: freeze|Chansey, F, shiny|704\/704
|-status|p2a: freeze|psn
|move|p1a: Cofagrigus|Toxic Spikes|p2a: freeze
|-sidestart|p2: LMay|move: Toxic Spikes
|
|-heal|p1a: Cofagrigus|320\/320 tox|[from] item: Leftovers
|-damage|p2a: freeze|616\/704 psn|[from] psn
|-damage|p1a: Cofagrigus|280\/320 tox|[from] psn
|turn|4
|
|switch|p1a: Venusaur|Venusaur, F|364\/364
|-damage|p1a: Venusaur|319\/364|[from] Stealth Rock
|move|p2a: freeze|Aromatherapy|p2a: freeze
|-cureteam|p2a: freeze|[from] move: Aromatherapy
|
|turn|5
|
|switch|p2a: Cruella|Mandibuzz, F, shiny|424\/424
|detailschange|p1a: Venusaur|Venusaur-Mega, F
|message|Venusaur has Mega Evolved into Mega Venusaur!
|move|p1a: Venusaur|Leech Seed|p2a: Cruella
|-start|p2a: Cruella|move: Leech Seed
|
|-damage|p2a: Cruella|371\/424|[from] Leech Seed|[of] p1a: Venusaur
|-heal|p1a: Venusaur|364\/364|[silent]
|turn|6
|
|move|p2a: Cruella|Defog|p1a: Venusaur
|-unboost|p1a: Venusaur|evasion|1
|-sideend|p1: gwing|Stealth Rock|[from] move: Defog|[of] p1a: Venusaur
|-sideend|p2: LMay|Toxic Spikes|[from] move: Defog|[of] p2a: Cruella
|move|p1a: Venusaur|Toxic|p2a: Cruella
|-status|p2a: Cruella|tox
|
|-heal|p2a: Cruella|397\/424 tox|[from] item: Leftovers
|-damage|p2a: Cruella|344\/424 tox|[from] Leech Seed|[of] p1a: Venusaur
|-damage|p2a: Cruella|318\/424 tox|[from] psn
|turn|7
|
|move|p2a: Cruella|Taunt|p1a: Venusaur
|-start|p1a: Venusaur|move: Taunt
|cant|p1a: Venusaur|move: Taunt|Amnesia
|
|-heal|p2a: Cruella|344\/424 tox|[from] item: Leftovers
|-damage|p2a: Cruella|291\/424 tox|[from] Leech Seed|[of] p1a: Venusaur
|-damage|p2a: Cruella|239\/424 tox|[from] psn
|turn|8
|
|switch|p2a: freeze|Chansey, F, shiny|616\/704
|switch|p1a: Regigigas|Regigigas|424\/424
|-start|p1a: Regigigas|Slow Start
|
|turn|9
|
|move|p2a: freeze|Aromatherapy|p2a: freeze
|-cureteam|p2a: freeze|[from] move: Aromatherapy
|move|p1a: Regigigas|Drain Punch|p2a: freeze
|-supereffective|p2a: freeze
|-damage|p2a: freeze|488\/704
|
|turn|10
|
|move|p2a: freeze|Seismic Toss|p1a: Regigigas
|-damage|p1a: Regigigas|324\/424
|move|p1a: Regigigas|Confuse Ray|p2a: freeze
|-start|p2a: freeze|confusion
|
|-heal|p1a: Regigigas|350\/424|[from] item: Leftovers
|turn|11
|
|switch|p2a: Diablo|Gliscor, M, shiny|266\/354
|move|p1a: Regigigas|Thunder Wave|p2a: Diablo
|-immune|p2a: Diablo|[msg]
|
|-heal|p1a: Regigigas|376\/424|[from] item: Leftovers
|-status|p2a: Diablo|tox|[from] item: Toxic Orb
|turn|12
|
|move|p2a: Diablo|Stealth Rock|p1a: Regigigas
|-sidestart|p1: gwing|move: Stealth Rock
|move|p1a: Regigigas|Return|p2a: Diablo
|-damage|p2a: Diablo|193\/354 tox
|
|-end|p1a: Regigigas|Slow Start
|-heal|p1a: Regigigas|402\/424|[from] item: Leftovers
|-heal|p2a: Diablo|237\/354 tox|[from] ability: Poison Heal
|turn|13
|
|move|p1a: Regigigas|Return|p2a: Diablo
|-damage|p2a: Diablo|93\/354 tox
|move|p2a: Diablo|Toxic|p1a: Regigigas|[miss]
|-miss|p2a: Diablo|p1a: Regigigas
|
|-heal|p1a: Regigigas|424\/424|[from] item: Leftovers
|-heal|p2a: Diablo|137\/354 tox|[from] ability: Poison Heal
|turn|14
|
|move|p2a: Diablo|Protect|p2a: Diablo
|-singleturn|p2a: Diablo|Protect
|move|p1a: Regigigas|Return|p2a: Diablo
|-activate|p2a: Diablo|Protect
|
|-heal|p2a: Diablo|181\/354 tox|[from] ability: Poison Heal
|turn|15
|
|move|p1a: Regigigas|Confuse Ray|p2a: Diablo
|-start|p2a: Diablo|confusion
|-activate|p2a: Diablo|confusion
|move|p2a: Diablo|Toxic|p1a: Regigigas
|-status|p1a: Regigigas|tox
|
|-damage|p1a: Regigigas|398\/424 tox|[from] psn
|-heal|p2a: Diablo|225\/354 tox|[from] ability: Poison Heal
|turn|16
|
|switch|p2a: Cruella|Mandibuzz, F, shiny|239\/424
|move|p1a: Regigigas|Return|p2a: Cruella
|-damage|p2a: Cruella|118\/424
|
|-heal|p1a: Regigigas|424\/424 tox|[from] item: Leftovers
|-heal|p2a: Cruella|144\/424|[from] item: Leftovers
|-damage|p1a: Regigigas|372\/424 tox|[from] psn
|turn|17
|
|move|p1a: Regigigas|Thunder Wave|p2a: Cruella
|-status|p2a: Cruella|par
|move|p2a: Cruella|Roost|p2a: Cruella
|-heal|p2a: Cruella|356\/424 par
|
|-heal|p1a: Regigigas|398\/424 tox|[from] item: Leftovers
|-heal|p2a: Cruella|382\/424 par|[from] item: Leftovers
|-damage|p1a: Regigigas|320\/424 tox|[from] psn
|turn|18
|
|switch|p1a: Suicune|Suicune|404\/404
|-damage|p1a: Suicune|354\/404|[from] Stealth Rock
|-ability|p1a: Suicune|Pressure
|cant|p2a: Cruella|par
|
|-heal|p2a: Cruella|408\/424 par|[from] item: Leftovers
|turn|19
|
|move|p1a: Suicune|Calm Mind|p1a: Suicune
|-boost|p1a: Suicune|spa|1
|-boost|p1a: Suicune|spd|1
|move|p2a: Cruella|Taunt|p1a: Suicune
|-start|p1a: Suicune|move: Taunt
|
|-heal|p2a: Cruella|424\/424 par|[from] item: Leftovers
|turn|20
|
|switch|p2a: freeze|Chansey, F, shiny|488\/704
|move|p1a: Suicune|Ice Beam|p2a: freeze
|-damage|p2a: freeze|424\/704
|
|turn|21
|
|move|p1a: Suicune|Scald|p2a: freeze
|-crit|p2a: freeze
|-damage|p2a: freeze|295\/704
|move|p2a: freeze|Toxic|p1a: Suicune
|-status|p1a: Suicune|tox
|
|-damage|p1a: Suicune|329\/404 tox|[from] psn
|turn|22
|
|move|p1a: Suicune|Scald|p2a: freeze
|-damage|p2a: freeze|214\/704
|move|p2a: freeze|Aromatherapy|p2a: freeze
|-cureteam|p2a: freeze|[from] move: Aromatherapy
|
|-damage|p1a: Suicune|279\/404 tox|[from] psn
|-end|p1a: Suicune|move: Taunt
|turn|23
|
|move|p1a: Suicune|Calm Mind|p1a: Suicune
|-boost|p1a: Suicune|spa|1
|-boost|p1a: Suicune|spd|1
|move|p2a: freeze|Soft-Boiled|p2a: freeze
|-heal|p2a: freeze|566\/704
|
|-damage|p1a: Suicune|204\/404 tox|[from] psn
|turn|24
|
|switch|p2a: Tails|Azumarill, M, shiny|400\/400
|move|p1a: Suicune|Rest|p1a: Suicune
|-status|p1a: Suicune|slp
|-heal|p1a: Suicune|404\/404 slp|[silent]
|-status|p1a: Suicune|slp|[from] move: Rest
|-enditem|p1a: Suicune|Chesto Berry|[eat]
|-curestatus|p1a: Suicune|slp
|
|turn|25
|
|move|p1a: Suicune|Scald|p2a: Tails
|-resisted|p2a: Tails
|-damage|p2a: Tails|334\/400
|move|p2a: Tails|Knock Off|p1a: Suicune
|-damage|p1a: Suicune|346\/404
|
|turn|26
|
|switch|p2a: freeze|Chansey, F, shiny|566\/704
|move|p1a: Suicune|Scald|p2a: freeze
|-damage|p2a: freeze|457\/704
|-status|p2a: freeze|brn
|
|-damage|p2a: freeze|369\/704 brn|[from] brn
|turn|27
|
|move|p1a: Suicune|Calm Mind|p1a: Suicune
|-boost|p1a: Suicune|spa|1
|-boost|p1a: Suicune|spd|1
|move|p2a: freeze|Toxic|p1a: Suicune
|-status|p1a: Suicune|tox
|
|-damage|p1a: Suicune|321\/404 tox|[from] psn
|-damage|p2a: freeze|281\/704 brn|[from] brn
|turn|28
|
|move|p1a: Suicune|Calm Mind|p1a: Suicune
|-boost|p1a: Suicune|spa|1
|-boost|p1a: Suicune|spd|1
|move|p2a: freeze|Soft-Boiled|p2a: freeze
|-heal|p2a: freeze|633\/704 brn
|
|-damage|p1a: Suicune|271\/404 tox|[from] psn
|-damage|p2a: freeze|545\/704 brn|[from] brn
|turn|29
|
|move|p1a: Suicune|Calm Mind|p1a: Suicune
|-boost|p1a: Suicune|spa|1
|-boost|p1a: Suicune|spd|1
|move|p2a: freeze|Aromatherapy|p2a: freeze
|-cureteam|p2a: freeze|[from] move: Aromatherapy
|
|-damage|p1a: Suicune|196\/404 tox|[from] psn
|turn|30
|
|move|p1a: Suicune|Rest|p1a: Suicune
|-status|p1a: Suicune|slp
|-heal|p1a: Suicune|404\/404 slp|[silent]
|-status|p1a: Suicune|slp|[from] move: Rest
|move|p2a: freeze|Seismic Toss|p1a: Suicune
|-damage|p1a: Suicune|304\/404 slp
|
|turn|31
|
|cant|p1a: Suicune|slp
|move|p2a: freeze|Seismic Toss|p1a: Suicune
|-damage|p1a: Suicune|204\/404 slp
|
|turn|32
|
|cant|p1a: Suicune|slp
|move|p2a: freeze|Seismic Toss|p1a: Suicune
|-damage|p1a: Suicune|104\/404 slp
|
|turn|33
|
|-curestatus|p1a: Suicune|slp
|move|p1a: Suicune|Scald|p2a: freeze
|-damage|p2a: freeze|362\/704
|move|p2a: freeze|Seismic Toss|p1a: Suicune
|-damage|p1a: Suicune|4\/404
|
|turn|34
|
|switch|p2a: Cynder|Dragonite, F, shiny|343\/343
|move|p1a: Suicune|Rest|p1a: Suicune
|-status|p1a: Suicune|slp
|-heal|p1a: Suicune|404\/404 slp|[silent]
|-status|p1a: Suicune|slp|[from] move: Rest
|
|turn|35
|
|move|p2a: Cynder|Dragon Dance|p2a: Cynder
|-boost|p2a: Cynder|atk|1
|-boost|p2a: Cynder|spe|1
|cant|p1a: Suicune|slp
|
|turn|36
|
|move|p2a: Cynder|Dragon Claw|p1a: Suicune
|-damage|p1a: Suicune|236\/404 slp
|cant|p1a: Suicune|slp
|
|turn|37
|
|switch|p2a: freeze|Chansey, F, shiny|362\/704
|-curestatus|p1a: Suicune|slp
|move|p1a: Suicune|Ice Beam|p2a: freeze
|-damage|p2a: freeze|222\/704
|-status|p2a: freeze|frz
|
|turn|38
|
|switch|p2a: Tails|Azumarill, M, shiny|334\/400
|move|p1a: Suicune|Calm Mind|p1a: Suicune
|-boost|p1a: Suicune|spa|1
|-boost|p1a: Suicune|spd|1
|
|turn|39
|
|move|p1a: Suicune|Scald|p2a: Tails
|-resisted|p2a: Tails
|-damage|p2a: Tails|196\/400
|move|p2a: Tails|Play Rough|p1a: Suicune
|-damage|p1a: Suicune|109\/404
|
|turn|40
|
|switch|p2a: Trick ?|Manectric, M, shiny|281\/281
|move|p1a: Suicune|Rest|p1a: Suicune
|-status|p1a: Suicune|slp
|-heal|p1a: Suicune|404\/404 slp|[silent]
|-status|p1a: Suicune|slp|[from] move: Rest
|
|turn|41
|
|detailschange|p2a: Trick ?|Manectric-Mega, M, shiny
|message|Manectric has Mega Evolved into Mega Manectric!
|-ability|p2a: Trick ?|Intimidate|[of] p1a: Suicune
|-unboost|p1a: Suicune|atk|1
|move|p2a: Trick ?|Volt Switch|p1a: Suicune
|-supereffective|p1a: Suicune
|-damage|p1a: Suicune|348\/404 slp
|
|switch|p2a: freeze|Chansey, F, shiny|222\/704
|cant|p1a: Suicune|slp
|
|turn|42
|
|cant|p1a: Suicune|slp
|move|p2a: freeze|Soft-Boiled|p2a: freeze
|-heal|p2a: freeze|574\/704
|
|turn|43
|
|-curestatus|p1a: Suicune|slp
|move|p1a: Suicune|Scald|p2a: freeze
|-damage|p2a: freeze|366\/704
|move|p2a: freeze|Seismic Toss|p1a: Suicune
|-damage|p1a: Suicune|248\/404
|
|turn|44
|
|move|p1a: Suicune|Scald|p2a: freeze
|-damage|p2a: freeze|132\/704
|-status|p2a: freeze|brn
|move|p2a: freeze|Soft-Boiled|p2a: freeze
|-heal|p2a: freeze|484\/704 brn
|
|-damage|p2a: freeze|396\/704 brn|[from] brn
|turn|45
|
|move|p1a: Suicune|Scald|p2a: freeze
|-damage|p2a: freeze|177\/704 brn
|move|p2a: freeze|Soft-Boiled|p2a: freeze
|-heal|p2a: freeze|529\/704 brn
|
|-damage|p2a: freeze|441\/704 brn|[from] brn
|turn|46
|
|move|p1a: Suicune|Scald|p2a: freeze
|-damage|p2a: freeze|224\/704 brn
|move|p2a: freeze|Soft-Boiled|p2a: freeze
|-heal|p2a: freeze|576\/704 brn
|
|-damage|p2a: freeze|488\/704 brn|[from] brn
|turn|47
|
|move|p1a: Suicune|Scald|p2a: freeze
|-damage|p2a: freeze|263\/704 brn
|move|p2a: freeze|Soft-Boiled|p2a: freeze
|-heal|p2a: freeze|615\/704 brn
|
|-damage|p2a: freeze|527\/704 brn|[from] brn
|turn|48
|
|move|p1a: Suicune|Scald|p2a: freeze
|-damage|p2a: freeze|326\/704 brn
|move|p2a: freeze|Soft-Boiled|p2a: freeze
|-heal|p2a: freeze|678\/704 brn
|
|-damage|p2a: freeze|590\/704 brn|[from] brn
|turn|49
|
|move|p1a: Suicune|Calm Mind|p1a: Suicune
|-fail|p1a: Suicune
|move|p2a: freeze|Seismic Toss|p1a: Suicune
|-damage|p1a: Suicune|148\/404
|
|-damage|p2a: freeze|502\/704 brn|[from] brn
|turn|50
|
|move|p1a: Suicune|Rest|p1a: Suicune
|-status|p1a: Suicune|slp
|-heal|p1a: Suicune|404\/404 slp|[silent]
|-status|p1a: Suicune|slp|[from] move: Rest
|move|p2a: freeze|Aromatherapy|p2a: freeze
|-cureteam|p2a: freeze|[from] move: Aromatherapy
|
|turn|51
|
|cant|p1a: Suicune|slp
|move|p2a: freeze|Seismic Toss|p1a: Suicune
|-damage|p1a: Suicune|304\/404 slp
|
|turn|52
|
|cant|p1a: Suicune|slp
|move|p2a: freeze|Seismic Toss|p1a: Suicune
|-damage|p1a: Suicune|204\/404 slp
|
|turn|53
|
|-curestatus|p1a: Suicune|slp
|move|p1a: Suicune|Scald|p2a: freeze
|-damage|p2a: freeze|277\/704
|move|p2a: freeze|Seismic Toss|p1a: Suicune
|-damage|p1a: Suicune|104\/404
|
|turn|54
|
|move|p1a: Suicune|Scald|p2a: freeze
|-damage|p2a: freeze|75\/704
|move|p2a: freeze|Seismic Toss|p1a: Suicune
|-damage|p1a: Suicune|4\/404
|
|turn|55
|
|move|p1a: Suicune|Rest|p1a: Suicune
|-status|p1a: Suicune|slp
|-heal|p1a: Suicune|404\/404 slp|[silent]
|-status|p1a: Suicune|slp|[from] move: Rest
|move|p2a: freeze|Soft-Boiled|p2a: freeze
|-heal|p2a: freeze|427\/704
|
|turn|56
|
|cant|p1a: Suicune|slp
|move|p2a: freeze|Seismic Toss|p1a: Suicune
|-damage|p1a: Suicune|304\/404 slp
|
|turn|57
|
|cant|p1a: Suicune|slp
|move|p2a: freeze|Soft-Boiled|p2a: freeze
|-heal|p2a: freeze|704\/704
|
|turn|58
|
|-curestatus|p1a: Suicune|slp
|move|p1a: Suicune|Calm Mind|p1a: Suicune
|-fail|p1a: Suicune
|move|p2a: freeze|Seismic Toss|p1a: Suicune
|-damage|p1a: Suicune|204\/404
|
|turn|59
|
|move|p1a: Suicune|Scald|p2a: freeze
|-damage|p2a: freeze|499\/704
|move|p2a: freeze|Seismic Toss|p1a: Suicune
|-damage|p1a: Suicune|104\/404
|
|turn|60
|
|move|p1a: Suicune|Calm Mind|p1a: Suicune
|-fail|p1a: Suicune
|move|p2a: freeze|Seismic Toss|p1a: Suicune
|-damage|p1a: Suicune|4\/404
|
|turn|61
|
|switch|p2a: Cynder|Dragonite, F, shiny|343\/343
|move|p1a: Suicune|Rest|p1a: Suicune
|-status|p1a: Suicune|slp
|-heal|p1a: Suicune|404\/404 slp|[silent]
|-status|p1a: Suicune|slp|[from] move: Rest
|
|turn|62
|
|move|p2a: Cynder|Dragon Dance|p2a: Cynder
|-boost|p2a: Cynder|atk|1
|-boost|p2a: Cynder|spe|1
|cant|p1a: Suicune|slp
|
|turn|63
|
|move|p2a: Cynder|Dragon Claw|p1a: Suicune
|-damage|p1a: Suicune|245\/404 slp
|cant|p1a: Suicune|slp
|
|turn|64
|
|switch|p2a: Tails|Azumarill, M, shiny|196\/400
|-curestatus|p1a: Suicune|slp
|move|p1a: Suicune|Ice Beam|p2a: Tails
|-resisted|p2a: Tails
|-damage|p2a: Tails|91\/400
|
|turn|65
|
|move|p1a: Suicune|Scald|p2a: Tails
|-resisted|p2a: Tails
|-damage|p2a: Tails|0 fnt
|faint|p2a: Tails
|
|
|switch|p2a: freeze|Chansey, F, shiny|499\/704
|turn|66
|
|move|p1a: Suicune|Scald|p2a: freeze
|-damage|p2a: freeze|262\/704
|move|p2a: freeze|Seismic Toss|p1a: Suicune
|-damage|p1a: Suicune|145\/404
|
|turn|67
|
|move|p1a: Suicune|Scald|p2a: freeze
|-damage|p2a: freeze|28\/704
|-status|p2a: freeze|brn
|move|p2a: freeze|Soft-Boiled|p2a: freeze
|-heal|p2a: freeze|380\/704 brn
|
|-damage|p2a: freeze|292\/704 brn|[from] brn
|turn|68
|
|move|p1a: Suicune|Scald|p2a: freeze
|-damage|p2a: freeze|66\/704 brn
|move|p2a: freeze|Seismic Toss|p1a: Suicune
|-damage|p1a: Suicune|45\/404
|
|-damage|p2a: freeze|0 fnt|[from] brn
|faint|p2a: freeze
|
|switch|p2a: Trick ?|Manectric-Mega, M, shiny|281\/281
|-ability|p2a: Trick ?|Intimidate|[of] p1a: Suicune
|-unboost|p1a: Suicune|atk|1
|turn|69
|
|move|p2a: Trick ?|Volt Switch|p1a: Suicune
|-supereffective|p1a: Suicune
|-damage|p1a: Suicune|0 fnt
|faint|p1a: Suicune
|
|switch|p2a: Diablo|Gliscor, M, shiny|225\/354
|
|-status|p2a: Diablo|tox|[from] item: Toxic Orb
|
|switch|p1a: Venusaur|Venusaur-Mega, F|364\/364
|-damage|p1a: Venusaur|319\/364|[from] Stealth Rock
|turn|70
|
|switch|p2a: Cruella|Mandibuzz, F, shiny|424\/424
|move|p1a: Venusaur|Leech Seed|p2a: Cruella
|-start|p2a: Cruella|move: Leech Seed
|
|-damage|p2a: Cruella|371\/424|[from] Leech Seed|[of] p1a: Venusaur
|-heal|p1a: Venusaur|364\/364|[silent]
|turn|71
|
|move|p2a: Cruella|Taunt|p1a: Venusaur
|-start|p1a: Venusaur|move: Taunt
|cant|p1a: Venusaur|move: Taunt|Toxic
|
|-heal|p2a: Cruella|397\/424|[from] item: Leftovers
|-damage|p2a: Cruella|344\/424|[from] Leech Seed|[of] p1a: Venusaur
|turn|72
|
|switch|p2a: Diablo|Gliscor, M, shiny|225\/354 tox
|switch|p1a: Heatran|Heatran, M|323\/323
|-damage|p1a: Heatran|283\/323|[from] Stealth Rock
|
|-heal|p2a: Diablo|269\/354 tox|[from] ability: Poison Heal
|turn|73
|
|move|p1a: Heatran|Heat Wave|p2a: Diablo
|-damage|p2a: Diablo|83\/354 tox
|move|p2a: Diablo|Earthquake|p1a: Heatran
|-supereffective|p1a: Heatran
|-damage|p1a: Heatran|0 fnt
|faint|p1a: Heatran
|
|-heal|p2a: Diablo|127\/354 tox|[from] ability: Poison Heal
|
|switch|p1a: Blissey|Blissey, F|714\/714
|-damage|p1a: Blissey|625\/714|[from] Stealth Rock
|turn|74
|
|move|p2a: Diablo|Earthquake|p1a: Blissey
|-damage|p1a: Blissey|406\/714
|move|p1a: Blissey|Seismic Toss|p2a: Diablo
|-damage|p2a: Diablo|27\/354 tox
|
|-heal|p1a: Blissey|450\/714|[from] item: Leftovers
|-heal|p2a: Diablo|71\/354 tox|[from] ability: Poison Heal
|turn|75
|
|move|p2a: Diablo|Protect|p2a: Diablo
|-singleturn|p2a: Diablo|Protect
|move|p1a: Blissey|Wish|p1a: Blissey
|
|-heal|p1a: Blissey|494\/714|[from] item: Leftovers
|-heal|p2a: Diablo|115\/354 tox|[from] ability: Poison Heal
|turn|76
|
|move|p2a: Diablo|Earthquake|p1a: Blissey
|-crit|p1a: Blissey
|-damage|p1a: Blissey|182\/714
|move|p1a: Blissey|Heal Bell|p1a: Blissey
|-cureteam|p1a: Blissey|[from] move: HealBell
|
|-heal|p1a: Blissey|539\/714|[from] move: Wish|[wisher] Blissey
|-heal|p1a: Blissey|583\/714|[from] item: Leftovers
|-heal|p2a: Diablo|159\/354 tox|[from] ability: Poison Heal
|turn|77
|
|switch|p2a: Cruella|Mandibuzz, F, shiny|344\/424
|move|p1a: Blissey|Wish|p1a: Blissey
|
|-heal|p2a: Cruella|370\/424|[from] item: Leftovers
|-heal|p1a: Blissey|627\/714|[from] item: Leftovers
|turn|78
|
|move|p2a: Cruella|Taunt|p1a: Blissey
|-start|p1a: Blissey|move: Taunt
|move|p1a: Blissey|Seismic Toss|p2a: Cruella
|-damage|p2a: Cruella|270\/424
|
|-heal|p1a: Blissey|714\/714|[from] move: Wish|[wisher] Blissey
|-heal|p2a: Cruella|296\/424|[from] item: Leftovers
|turn|79
|
|switch|p1a: Regigigas|Regigigas|320\/424
|-damage|p1a: Regigigas|267\/424|[from] Stealth Rock
|-start|p1a: Regigigas|Slow Start
|move|p2a: Cruella|Foul Play|p1a: Regigigas
|-damage|p1a: Regigigas|152\/424
|
|-heal|p2a: Cruella|322\/424|[from] item: Leftovers
|-heal|p1a: Regigigas|178\/424|[from] item: Leftovers
|turn|80
|
|move|p2a: Cruella|Foul Play|p1a: Regigigas
|-damage|p1a: Regigigas|64\/424
|move|p1a: Regigigas|Return|p2a: Cruella
|-damage|p2a: Cruella|262\/424
|
|-heal|p2a: Cruella|288\/424|[from] item: Leftovers
|-heal|p1a: Regigigas|90\/424|[from] item: Leftovers
|turn|81
|
|switch|p1a: Blissey|Blissey, F|714\/714
|-damage|p1a: Blissey|625\/714|[from] Stealth Rock
|move|p2a: Cruella|Foul Play|p1a: Blissey
|-damage|p1a: Blissey|580\/714
|
|-heal|p2a: Cruella|314\/424|[from] item: Leftovers
|-heal|p1a: Blissey|624\/714|[from] item: Leftovers
|turn|82
|
|move|p2a: Cruella|Taunt|p1a: Blissey
|-start|p1a: Blissey|move: Taunt
|move|p1a: Blissey|Seismic Toss|p2a: Cruella
|-damage|p2a: Cruella|214\/424
|
|-heal|p2a: Cruella|240\/424|[from] item: Leftovers
|-heal|p1a: Blissey|668\/714|[from] item: Leftovers
|turn|83
|
|switch|p2a: Diablo|Gliscor, M, shiny|159\/354 tox
|move|p1a: Blissey|Seismic Toss|p2a: Diablo
|-damage|p2a: Diablo|59\/354 tox
|
|-heal|p1a: Blissey|712\/714|[from] item: Leftovers
|-heal|p2a: Diablo|103\/354 tox|[from] ability: Poison Heal
|turn|84
|
|move|p2a: Diablo|Toxic|p1a: Blissey
|-status|p1a: Blissey|tox
|move|p1a: Blissey|Seismic Toss|p2a: Diablo
|-damage|p2a: Diablo|3\/354 tox
|
|-heal|p1a: Blissey|714\/714 tox|[from] item: Leftovers
|-heal|p2a: Diablo|47\/354 tox|[from] ability: Poison Heal
|-damage|p1a: Blissey|670\/714 tox|[from] psn
|-end|p1a: Blissey|move: Taunt
|turn|85
|
|switch|p2a: Cynder|Dragonite, F, shiny|343\/343
|move|p1a: Blissey|Seismic Toss|p2a: Cynder
|-damage|p2a: Cynder|243\/343
|
|-heal|p1a: Blissey|714\/714 tox|[from] item: Leftovers
|-damage|p1a: Blissey|626\/714 tox|[from] psn
|turn|86
|
|move|p2a: Cynder|Dragon Dance|p2a: Cynder
|-boost|p2a: Cynder|atk|1
|-boost|p2a: Cynder|spe|1
|move|p1a: Blissey|Thunder Wave|p2a: Cynder
|-status|p2a: Cynder|par
|
|-heal|p1a: Blissey|670\/714 tox|[from] item: Leftovers
|-damage|p1a: Blissey|538\/714 tox|[from] psn
|turn|87
|
|move|p1a: Blissey|Wish|p1a: Blissey
|move|p2a: Cynder|Dragon Dance|p2a: Cynder
|-boost|p2a: Cynder|atk|1
|-boost|p2a: Cynder|spe|1
|
|-heal|p1a: Blissey|582\/714 tox|[from] item: Leftovers
|-damage|p1a: Blissey|406\/714 tox|[from] psn
|turn|88
|
|switch|p1a: Venusaur|Venusaur-Mega, F|364\/364
|-damage|p1a: Venusaur|319\/364|[from] Stealth Rock
|move|p2a: Cynder|Dragon Dance|p2a: Cynder
|-boost|p2a: Cynder|atk|1
|-boost|p2a: Cynder|spe|1
|
|-heal|p1a: Venusaur|364\/364|[from] move: Wish|[wisher] Blissey
|turn|89
|
|move|p1a: Venusaur|Leech Seed|p2a: Cynder
|-start|p2a: Cynder|move: Leech Seed
|move|p2a: Cynder|Dragon Claw|p1a: Venusaur
|-damage|p1a: Venusaur|135\/364
|
|-damage|p2a: Cynder|201\/343 par|[from] Leech Seed|[of] p1a: Venusaur
|-heal|p1a: Venusaur|177\/364|[silent]
|turn|90
|
|move|p1a: Venusaur|Synthesis|p1a: Venusaur
|-heal|p1a: Venusaur|359\/364
|move|p2a: Cynder|Dragon Claw|p1a: Venusaur
|-damage|p1a: Venusaur|98\/364
|
|-damage|p2a: Cynder|159\/343 par|[from] Leech Seed|[of] p1a: Venusaur
|-heal|p1a: Venusaur|140\/364|[silent]
|turn|91
|
|move|p2a: Cynder|Extreme Speed|p1a: Venusaur
|-damage|p1a: Venusaur|0 fnt
|faint|p1a: Venusaur
|
|
|switch|p1a: Cofagrigus|Cofagrigus, F|280\/320
|-damage|p1a: Cofagrigus|240\/320|[from] Stealth Rock
|turn|92
|
|move|p2a: Cynder|Dragon Claw|p1a: Cofagrigus
|-damage|p1a: Cofagrigus|0 fnt
|-endability|p2a: Cynder|multiscale|[from] Mummy
|-ability|p2a: Cynder|Mummy|[from] Mummy
|faint|p1a: Cofagrigus
|
|
|switch|p1a: Regigigas|Regigigas|90\/424
|-damage|p1a: Regigigas|37\/424|[from] Stealth Rock
|-start|p1a: Regigigas|Slow Start
|turn|93
|join|xRaYzeRHD
|c| xRaYzeRHD|turn 93??????
|
|move|p2a: Cynder|Extreme Speed|p1a: Regigigas
|-damage|p1a: Regigigas|0 fnt
|faint|p1a: Regigigas
|
|leave|xRaYzeRHD
|
|switch|p1a: Blissey|Blissey, F|406\/714
|-damage|p1a: Blissey|317\/714|[from] Stealth Rock
|turn|94
|
|move|p2a: Cynder|Extreme Speed|p1a: Blissey
|-damage|p1a: Blissey|0 fnt
|faint|p1a: Blissey
|
|win|LMay
|raw|Ladder updating...
|raw|gwing's rating: 1547 &rarr; <strong>1529<\/strong><br \/>(-18 for losing)
|raw|LMay's rating: 1578 &rarr; <strong>1596<\/strong><br \/>(+18 for winning)
|c|âgwing|gg
|leave|LMay
|player|p2
|leave|gwing
|player|p1