|join|LMay
|join|zax07
|player|p1|LMay|283
|player|p2|zax07|110
|gametype|singles
|gen|6
|tier|OU
|rated
|clearpoke
|poke|p1|Altaria, M, shiny
|poke|p1|Mamoswine, M, shiny
|poke|p1|Slowbro, M, shiny
|poke|p1|Chansey, F, shiny
|poke|p1|Gengar, M, shiny
|poke|p1|Magnezone, shiny
|poke|p2|Magnezone, shiny
|poke|p2|Diggersby, M
|poke|p2|Terrakion
|poke|p2|Gardevoir, F, shiny
|poke|p2|Azumarill, F, shiny
|poke|p2|Gothitelle, F
|rule|Swagger Clause: Swagger is banned
|rule|Baton Pass Clause: Limit one PokÃ©mon knowing Baton Pass
|rule|Sleep Clause Mod: Limit one foe put to sleep
|rule|Species Clause: Limit one of each PokÃ©mon
|rule|OHKO Clause: OHKO moves are banned
|rule|Moody Clause: Moody is banned
|rule|Evasion Moves Clause: Evasion moves are banned
|rule|Endless Battle Clause: Forcing endless battles is banned
|rule|HP Percentage Mod: HP is shown in percentages
|teampreview
|
|start
|switch|p1a: Magnum|Mamoswine, M, shiny|364\/364
|switch|p2a: Terrakion|Terrakion|323\/323
|turn|1
|
|move|p2a: Terrakion|Close Combat|p1a: Magnum
|-supereffective|p1a: Magnum
|-enditem|p1a: Magnum|Focus Sash
|-damage|p1a: Magnum|1\/364
|-unboost|p2a: Terrakion|def|1
|-unboost|p2a: Terrakion|spd|1
|move|p1a: Magnum|Earthquake|p2a: Terrakion
|-supereffective|p2a: Terrakion
|-enditem|p2a: Terrakion|Focus Sash
|-damage|p2a: Terrakion|1\/323
|
|turn|2
|
|switch|p2a: Roger|Azumarill, F, shiny|363\/363
|move|p1a: Magnum|Ice Shard|p2a: Roger
|-resisted|p2a: Roger
|-damage|p2a: Roger|314\/363
|
|turn|3
|
|switch|p1a: Android|Magnezone, shiny|339\/339
|move|p2a: Roger|Belly Drum|p2a: Roger
|-damage|p2a: Roger|133\/363
|-setboost|p2a: Roger|atk|6|[from] move: Belly Drum
|-enditem|p2a: Roger|Sitrus Berry|[eat]
|-heal|p2a: Roger|223\/363|[from] item: Sitrus Berry
|
|turn|4
|
|move|p2a: Roger|Aqua Jet|p1a: Android
|-damage|p1a: Android|36\/339
|move|p1a: Android|Volt Switch|p2a: Roger
|-supereffective|p2a: Roger
|-damage|p2a: Roger|0 fnt
|faint|p2a: Roger
|
|switch|p1a: Magnum|Mamoswine, M, shiny|1\/364
|
|
|switch|p2a: Gothitelle|Gothitelle, F|343\/343
|turn|5
|
|move|p2a: Gothitelle|Psychic|p1a: Magnum
|-damage|p1a: Magnum|0 fnt
|faint|p1a: Magnum
|
|
|switch|p1a: Altaria|Altaria, M, shiny|292\/292
|turn|6
|
|switch|p2a: Meganeton|Magnezone, shiny|283\/283
|detailschange|p1a: Altaria|Altaria-Mega, M, shiny
|message|Altaria has Mega Evolved into Mega Altaria!
|move|p1a: Altaria|Dragon Dance|p1a: Altaria
|-boost|p1a: Altaria|atk|1
|-boost|p1a: Altaria|spe|1
|
|turn|7
|
|move|p1a: Altaria|Earthquake|p2a: Meganeton
|-supereffective|p2a: Meganeton
|-damage|p2a: Meganeton|0 fnt
|faint|p2a: Meganeton
|
|
|switch|p2a: Carly|Gardevoir, F, shiny|277\/277
|-ability|p2a: Carly|Pixilate|[from] ability: Trace|[of] p1a: Altaria
|turn|8
|
|detailschange|p2a: Carly|Gardevoir-Mega, F, shiny
|message|Gardevoir has Mega Evolved into Mega Gardevoir!
|move|p1a: Altaria|Return|p2a: Carly
|-damage|p2a: Carly|0 fnt
|faint|p2a: Carly
|
|
|switch|p2a: Bugs|Diggersby, M|325\/325
|turn|9
|
|move|p1a: Altaria|Return|p2a: Bugs
|-damage|p2a: Bugs|0 fnt
|faint|p2a: Bugs
|
|
|switch|p2a: Gothitelle|Gothitelle, F|343\/343
|turn|10
|c|âzax07|gg
|
|move|p1a: Altaria|Return|p2a: Gothitelle
|-crit|p2a: Gothitelle
|-damage|p2a: Gothitelle|0 fnt
|faint|p2a: Gothitelle
|
|
|switch|p2a: Terrakion|Terrakion|1\/323
|turn|11
|
|move|p1a: Altaria|Earthquake|p2a: Terrakion
|-crit|p2a: Terrakion
|-supereffective|p2a: Terrakion
|-damage|p2a: Terrakion|0 fnt
|faint|p2a: Terrakion
|
|win|LMay
|raw|Ladder updating...
|leave|zax07
|player|p2
|raw|LMay's rating: 1385 &rarr; <strong>1402<\/strong><br \/>(+17 for winning)
|raw|zax07's rating: 1346 &rarr; <strong>1328<\/strong><br \/>(-18 for losing)