|join|saintlaurent
|join|LMay
|player|p1|saintlaurent|265
|player|p2|LMay|283
|gametype|singles
|gen|6
|tier|OU
|rated
|clearpoke
|poke|p1|Keldeo
|poke|p1|Mew
|poke|p1|Blissey, F
|poke|p1|Scizor, M
|poke|p1|Bisharp, M
|poke|p1|Latias, F
|poke|p2|Latios, M, shiny
|poke|p2|Dragonite, F, shiny
|poke|p2|Slowbro, M, shiny
|poke|p2|Greninja, M, shiny
|poke|p2|Bisharp, M, shiny
|poke|p2|Mamoswine, M, shiny
|rule|Swagger Clause: Swagger is banned
|rule|Baton Pass Clause: Limit one PokÃ©mon knowing Baton Pass
|rule|Sleep Clause Mod: Limit one foe put to sleep
|rule|Species Clause: Limit one of each PokÃ©mon
|rule|OHKO Clause: OHKO moves are banned
|rule|Moody Clause: Moody is banned
|rule|Evasion Moves Clause: Evasion moves are banned
|rule|Endless Battle Clause: Forcing endless battles is banned
|rule|HP Percentage Mod: HP is shown in percentages
|teampreview
|
|start
|switch|p1a: Mew|Mew|404\/404
|switch|p2a: Airplane|Latios, M, shiny|309\/309
|turn|1
|
|switch|p2a: BLUE POWER NIGGA|Bisharp, M, shiny|282\/282
|move|p1a: Mew|Knock Off|p2a: BLUE POWER NIGGA
|-resisted|p2a: BLUE POWER NIGGA
|-damage|p2a: BLUE POWER NIGGA|243\/282
|-enditem|p2a: BLUE POWER NIGGA|Life Orb|[from] move: Knock Off|[of] p1a: Mew
|
|turn|2
|
|move|p1a: Mew|Will-O-Wisp|p2a: BLUE POWER NIGGA
|-status|p2a: BLUE POWER NIGGA|brn
|move|p2a: BLUE POWER NIGGA|Knock Off|p1a: Mew
|-supereffective|p1a: Mew
|-damage|p1a: Mew|230\/404
|-enditem|p1a: Mew|Leftovers|[from] move: Knock Off|[of] p2a: BLUE POWER NIGGA
|
|-damage|p2a: BLUE POWER NIGGA|208\/282 brn|[from] brn
|turn|3
|
|move|p1a: Mew|Taunt|p2a: BLUE POWER NIGGA
|-start|p2a: BLUE POWER NIGGA|move: Taunt
|cant|p2a: BLUE POWER NIGGA|move: Taunt|Swords Dance
|
|-damage|p2a: BLUE POWER NIGGA|173\/282 brn|[from] brn
|turn|4
|
|move|p1a: Mew|Roost|p1a: Mew
|-heal|p1a: Mew|404\/404
|move|p2a: BLUE POWER NIGGA|Knock Off|p1a: Mew
|-supereffective|p1a: Mew
|-damage|p1a: Mew|290\/404
|
|-damage|p2a: BLUE POWER NIGGA|138\/282 brn|[from] brn
|turn|5
|-message|LMay forfeited.
|
|win|saintlaurent
|raw|Ladder updating...
|leave|LMay
|player|p2