|join|Cancrix
|join|LMay
|player|p1|Cancrix|92
|player|p2|LMay|283
|gametype|singles
|gen|6
|tier|OU
|rated
|clearpoke
|poke|p1|Altaria, F
|poke|p1|Haxorus, M
|poke|p1|Latias, F
|poke|p1|Kyurem-Black
|poke|p1|Zygarde
|poke|p1|Hydreigon, M, shiny
|poke|p2|Altaria, M, shiny
|poke|p2|Gengar, M, shiny
|poke|p2|Azumarill, F
|poke|p2|Landorus-Therian, M
|poke|p2|Rotom-Wash
|poke|p2|Latios, M, shiny
|rule|Swagger Clause: Swagger is banned
|rule|Baton Pass Clause: Limit one PokÃ©mon knowing Baton Pass
|rule|Sleep Clause Mod: Limit one foe put to sleep
|rule|Species Clause: Limit one of each PokÃ©mon
|rule|OHKO Clause: OHKO moves are banned
|rule|Moody Clause: Moody is banned
|rule|Evasion Moves Clause: Evasion moves are banned
|rule|Endless Battle Clause: Forcing endless battles is banned
|rule|HP Percentage Mod: HP is shown in percentages
|teampreview
|
|start
|switch|p1a: Hydreigon|Hydreigon, M, shiny|325\/325
|switch|p2a: WhatIDo|Landorus-Therian, M|368\/368
|-ability|p2a: WhatIDo|Intimidate|[of] p1a: Hydreigon
|-unboost|p1a: Hydreigon|atk|1
|turn|1
|
|switch|p1a: Zygarde|Zygarde|420\/420
|-ability|p1a: Zygarde|Aura Break
|move|p2a: WhatIDo|Stealth Rock|p1a: Zygarde
|-sidestart|p1: Cancrix|move: Stealth Rock
|
|turn|2
|
|move|p1a: Zygarde|Coil|p1a: Zygarde
|-boost|p1a: Zygarde|atk|1
|-boost|p1a: Zygarde|def|1
|-boost|p1a: Zygarde|accuracy|1
|move|p2a: WhatIDo|U-turn|p1a: Zygarde
|-damage|p1a: Zygarde|382\/420
|-damage|p2a: WhatIDo|307\/368|[from] item: Rocky Helmet|[of] p1a: Zygarde
|
|switch|p2a: Latios|Latios, M, shiny|307\/307
|
|turn|3
|
|move|p1a: Zygarde|Extreme Speed|p2a: Latios
|-damage|p2a: Latios|188\/307
|move|p2a: Latios|Draco Meteor|p1a: Zygarde
|-supereffective|p1a: Zygarde
|-damage|p1a: Zygarde|0 fnt
|-unboost|p2a: Latios|spa|2
|-damage|p2a: Latios|158\/307|[from] item: Life Orb
|faint|p1a: Zygarde
|
|
|switch|p1a: Altaria|Altaria, F|292\/292
|-damage|p1a: Altaria|219\/292|[from] Stealth Rock
|turn|4
|
|switch|p2a: WhatIDo|Landorus-Therian, M|307\/368
|-ability|p2a: WhatIDo|Intimidate|[of] p1a: Altaria
|-unboost|p1a: Altaria|atk|1
|detailschange|p1a: Altaria|Altaria-Mega, F
|-mega|p1a: Altaria|Altaria|Altarianite
|move|p1a: Altaria|Dragon Dance|p1a: Altaria
|-boost|p1a: Altaria|atk|1
|-boost|p1a: Altaria|spe|1
|
|-heal|p2a: WhatIDo|330\/368|[from] item: Leftovers
|turn|5
|
|move|p1a: Altaria|Dragon Dance|p1a: Altaria
|-boost|p1a: Altaria|atk|1
|-boost|p1a: Altaria|spe|1
|move|p2a: WhatIDo|Earthquake|p1a: Altaria
|-damage|p1a: Altaria|44\/292
|
|-heal|p2a: WhatIDo|353\/368|[from] item: Leftovers
|turn|6
|
|move|p1a: Altaria|Return|p2a: WhatIDo
|-damage|p2a: WhatIDo|0 fnt
|faint|p2a: WhatIDo
|
|
|switch|p2a: WatR|Rotom-Wash|303\/303
|turn|7
|
|move|p1a: Altaria|Return|p2a: WatR
|-damage|p2a: WatR|65\/303
|move|p2a: WatR|Will-O-Wisp|p1a: Altaria
|-status|p1a: Altaria|brn
|
|-heal|p2a: WatR|83\/303|[from] item: Leftovers
|-damage|p1a: Altaria|8\/292 brn|[from] brn
|turn|8
|
|switch|p1a: Kyurem-Black|Kyurem-Black|403\/403
|-damage|p1a: Kyurem-Black|303\/403|[from] Stealth Rock
|-ability|p1a: Kyurem-Black|Teravolt
|switch|p2a: Gengar|Gengar, M, shiny|261\/261
|
|turn|9
|
|switch|p2a: WatR|Rotom-Wash|83\/303
|move|p1a: Kyurem-Black|Outrage|p2a: WatR
|-damage|p2a: WatR|0 fnt
|faint|p2a: WatR
|
|
|switch|p2a: Silver|Altaria, M, shiny|313\/313
|turn|10
|
|detailschange|p2a: Silver|Altaria-Mega, M, shiny
|-mega|p2a: Silver|Altaria|Altarianite
|move|p2a: Silver|Dragon Dance|p2a: Silver
|-boost|p2a: Silver|atk|1
|-boost|p2a: Silver|spe|1
|move|p1a: Kyurem-Black|Outrage|p2a: Silver
|-immune|p2a: Silver|[msg]
|
|turn|11
|
|move|p2a: Silver|Frustration|p1a: Kyurem-Black
|-supereffective|p1a: Kyurem-Black
|-damage|p1a: Kyurem-Black|0 fnt
|faint|p1a: Kyurem-Black
|
|
|switch|p1a: Haxorus|Haxorus, M|294\/294
|-damage|p1a: Haxorus|258\/294|[from] Stealth Rock
|-ability|p1a: Haxorus|Mold Breaker
|turn|12
|
|move|p1a: Haxorus|Poison Jab|p2a: Silver
|-supereffective|p2a: Silver
|-damage|p2a: Silver|113\/313
|move|p2a: Silver|Frustration|p1a: Haxorus
|-supereffective|p1a: Haxorus
|-damage|p1a: Haxorus|0 fnt
|faint|p1a: Haxorus
|
|c|âLMay|Altaria too good
|
|switch|p1a: Latias|Latias, F|364\/364
|-damage|p1a: Latias|319\/364|[from] Stealth Rock
|turn|13
|c|âCancrix|Yeah
|c|âLMay|very respectable player nice mono dragon
|c|âLMay|I love Altaria so I love your team :)
|
|move|p2a: Silver|Frustration|p1a: Latias
|-supereffective|p1a: Latias
|-damage|p1a: Latias|0 fnt
|faint|p1a: Latias
|
|c|âCancrix|Thanks. :) I, too, respect an Altaria user.
|
|switch|p1a: Altaria|Altaria-Mega, F|8\/292 brn
|-damage|p1a: Altaria|0 fnt|[from] Stealth Rock
|faint|p1a: Altaria
|
|switch|p1a: Hydreigon|Hydreigon, M, shiny|325\/325
|-damage|p1a: Hydreigon|285\/325|[from] Stealth Rock
|turn|14
|
|move|p2a: Silver|Frustration|p1a: Hydreigon
|-supereffective|p1a: Hydreigon
|-damage|p1a: Hydreigon|0 fnt
|faint|p1a: Hydreigon
|
|win|LMay
|raw|Ladder updating...
|raw|Cancrix's rating: 1525 &rarr; <strong>1509<\/strong><br \/>(-16 for losing)
|raw|LMay's rating: 1592 &rarr; <strong>1608<\/strong><br \/>(+16 for winning)
|c|âLMay|GG