|join|LMay
|join|AguaFacil
|player|p1|LMay|283
|player|p2|AguaFacil|274
|gametype|singles
|gen|6
|tier|OU
|rated
|clearpoke
|poke|p1|Altaria, M, shiny
|poke|p1|Gengar, M, shiny
|poke|p1|Azumarill, M
|poke|p1|Landorus-Therian, M
|poke|p1|Rotom-Wash
|poke|p1|Latios, M, shiny
|poke|p2|Politoed, F, shiny
|poke|p2|Swampert, F
|poke|p2|Kingdra, M
|poke|p2|Tornadus-Therian, M
|poke|p2|Ferrothorn, F
|poke|p2|Kabutops, F
|rule|Swagger Clause: Swagger is banned
|rule|Baton Pass Clause: Limit one PokÃ©mon knowing Baton Pass
|rule|Sleep Clause Mod: Limit one foe put to sleep
|rule|Species Clause: Limit one of each PokÃ©mon
|rule|OHKO Clause: OHKO moves are banned
|rule|Moody Clause: Moody is banned
|rule|Evasion Moves Clause: Evasion moves are banned
|rule|Endless Battle Clause: Forcing endless battles is banned
|rule|HP Percentage Mod: HP is shown in percentages
|teampreview
|
|start
|switch|p1a: Azumarill|Azumarill, M|387\/387
|switch|p2a: Rain Bird|Tornadus-Therian, M|299\/299
|turn|1
|
|move|p2a: Rain Bird|Taunt|p1a: Azumarill
|-start|p1a: Azumarill|move: Taunt
|move|p1a: Azumarill|Knock Off|p2a: Rain Bird
|-damage|p2a: Rain Bird|146\/299
|-enditem|p2a: Rain Bird|Life Orb|[from] move: Knock Off|[of] p1a: Azumarill
|
|turn|2
|
|move|p2a: Rain Bird|U-turn|p1a: Azumarill
|-resisted|p1a: Azumarill
|-damage|p1a: Azumarill|351\/387
|
|switch|p2a: who really knows|Ferrothorn, F|352\/352
|move|p1a: Azumarill|Knock Off|p2a: who really knows
|-damage|p2a: who really knows|259\/352
|-damage|p1a: Azumarill|303\/387|[from] ability: Iron Barbs|[of] p2a: who really knows
|-enditem|p2a: who really knows|Leftovers|[from] move: Knock Off|[of] p1a: Azumarill
|
|turn|3
|
|switch|p1a: WhatIDo|Landorus-Therian, M|368\/368
|-ability|p1a: WhatIDo|Intimidate|[of] p2a: who really knows
|-unboost|p2a: who really knows|atk|1
|move|p2a: who really knows|Stealth Rock|p1a: WhatIDo
|-sidestart|p1: LMay|move: Stealth Rock
|
|turn|4
|
|move|p1a: WhatIDo|Stealth Rock|p2a: who really knows
|-sidestart|p2: AguaFacil|move: Stealth Rock
|move|p2a: who really knows|Leech Seed|p1a: WhatIDo
|-start|p1a: WhatIDo|move: Leech Seed
|
|-damage|p1a: WhatIDo|322\/368|[from] Leech Seed|[of] p2a: who really knows
|-heal|p2a: who really knows|305\/352|[silent]
|turn|5
|
|move|p1a: WhatIDo|Superpower|p2a: who really knows
|-supereffective|p2a: who really knows
|-damage|p2a: who really knows|77\/352
|-damage|p1a: WhatIDo|276\/368|[from] ability: Iron Barbs|[of] p2a: who really knows
|-unboost|p1a: WhatIDo|atk|1
|-unboost|p1a: WhatIDo|def|1
|move|p2a: who really knows|Spikes|p1a: WhatIDo
|-sidestart|p1: LMay|Spikes
|
|-heal|p1a: WhatIDo|299\/368|[from] item: Leftovers
|-damage|p1a: WhatIDo|253\/368|[from] Leech Seed|[of] p2a: who really knows
|-heal|p2a: who really knows|123\/352|[silent]
|turn|6
|
|switch|p2a: Polito|Politoed, F, shiny|383\/383
|-damage|p2a: Polito|336\/383|[from] Stealth Rock
|-weather|RainDance
|move|p1a: WhatIDo|Earthquake|p2a: Polito
|-crit|p2a: Polito
|-damage|p2a: Polito|0 fnt
|faint|p2a: Polito
|
|-weather|RainDance|[upkeep]
|-heal|p1a: WhatIDo|276\/368|[from] item: Leftovers
|c|âAguaFacil|ok
|
|switch|p2a: This is my swamp|Swampert, F|404\/404
|-damage|p2a: This is my swamp|379\/404|[from] Stealth Rock
|turn|7
|
|switch|p1a: WatR|Rotom-Wash|303\/303
|-damage|p1a: WatR|266\/303|[from] Stealth Rock
|detailschange|p2a: This is my swamp|Swampert-Mega, F
|-mega|p2a: This is my swamp|Swampert|Swampertite
|move|p2a: This is my swamp|Waterfall|p1a: WatR
|-resisted|p1a: WatR
|-damage|p1a: WatR|182\/303
|
|-weather|RainDance|[upkeep]
|-heal|p1a: WatR|200\/303|[from] item: Leftovers
|turn|8
|
|switch|p2a: who really knows|Ferrothorn, F|123\/352
|-damage|p2a: who really knows|101\/352|[from] Stealth Rock
|move|p1a: WatR|Will-O-Wisp|p2a: who really knows
|-status|p2a: who really knows|brn
|
|-weather|RainDance|[upkeep]
|-heal|p1a: WatR|218\/303|[from] item: Leftovers
|-damage|p2a: who really knows|57\/352 brn|[from] brn
|turn|9
|
|move|p1a: WatR|Hydro Pump|p2a: who really knows
|-resisted|p2a: who really knows
|-damage|p2a: who really knows|0 fnt
|faint|p2a: who really knows
|
|-weather|RainDance|[upkeep]
|-heal|p1a: WatR|236\/303|[from] item: Leftovers
|
|switch|p2a: Kingdra|Kingdra, M|291\/291
|-damage|p2a: Kingdra|255\/291|[from] Stealth Rock
|turn|10
|
|move|p2a: Kingdra|Hydro Pump|p1a: WatR
|-resisted|p1a: WatR
|-damage|p1a: WatR|88\/303
|-damage|p2a: Kingdra|226\/291|[from] item: Life Orb
|move|p1a: WatR|Volt Switch|p2a: Kingdra
|-damage|p2a: Kingdra|132\/291
|
|switch|p1a: Azumarill|Azumarill, M|303\/387
|-damage|p1a: Azumarill|255\/387|[from] Spikes
|-damage|p1a: Azumarill|207\/387|[from] Stealth Rock
|
|-weather|RainDance|[upkeep]
|turn|11
|
|move|p2a: Kingdra|Hydro Pump|p1a: Azumarill
|-resisted|p1a: Azumarill
|-damage|p1a: Azumarill|73\/387
|-damage|p2a: Kingdra|103\/291|[from] item: Life Orb
|move|p1a: Azumarill|Play Rough|p2a: Kingdra
|-supereffective|p2a: Kingdra
|-damage|p2a: Kingdra|0 fnt
|faint|p2a: Kingdra
|
|-weather|RainDance|[upkeep]
|c|âAguaFacil|av
|
|switch|p2a: This is my swamp|Swampert-Mega, F|379\/404
|-damage|p2a: This is my swamp|354\/404|[from] Stealth Rock
|turn|12
|
|move|p1a: Azumarill|Aqua Jet|p2a: This is my swamp
|-damage|p2a: This is my swamp|227\/404
|move|p2a: This is my swamp|Power-Up Punch|p1a: Azumarill
|-resisted|p1a: Azumarill
|-damage|p1a: Azumarill|44\/387
|-boost|p2a: This is my swamp|atk|1
|
|-weather|RainDance|[upkeep]
|turn|13
|
|move|p1a: Azumarill|Aqua Jet|p2a: This is my swamp
|-damage|p2a: This is my swamp|100\/404
|move|p2a: This is my swamp|Power-Up Punch|p1a: Azumarill
|-resisted|p1a: Azumarill
|-damage|p1a: Azumarill|0 fnt
|-boost|p2a: This is my swamp|atk|1
|faint|p1a: Azumarill
|
|-weather|none
|
|switch|p1a: Gengar|Gengar, M, shiny|261\/261
|-damage|p1a: Gengar|229\/261|[from] Stealth Rock
|turn|14
|
|move|p1a: Gengar|Shadow Ball|p2a: This is my swamp
|-damage|p2a: This is my swamp|0 fnt
|-damage|p1a: Gengar|203\/261|[from] item: Life Orb
|faint|p2a: This is my swamp
|
|
|switch|p2a: Rain Bird|Tornadus-Therian, M|245\/299
|-damage|p2a: Rain Bird|171\/299|[from] Stealth Rock
|turn|15
|
|switch|p1a: WatR|Rotom-Wash|88\/303
|-damage|p1a: WatR|51\/303|[from] Stealth Rock
|move|p2a: Rain Bird|Knock Off|p1a: WatR
|-damage|p1a: WatR|0 fnt
|-enditem|p1a: WatR|Leftovers|[from] move: Knock Off|[of] p2a: Rain Bird
|faint|p1a: WatR
|
|
|switch|p1a: Silver|Altaria, M, shiny|313\/313
|-damage|p1a: Silver|235\/313|[from] Stealth Rock
|turn|16
|
|detailschange|p1a: Silver|Altaria-Mega, M, shiny
|-mega|p1a: Silver|Altaria|Altarianite
|move|p2a: Rain Bird|Hurricane|p1a: Silver
|-damage|p1a: Silver|66\/313
|-start|p1a: Silver|confusion
|-activate|p1a: Silver|confusion
|move|p1a: Silver|Dragon Dance|p1a: Silver
|-boost|p1a: Silver|atk|1
|-boost|p1a: Silver|spe|1
|
|turn|17
|
|-activate|p1a: Silver|confusion
|move|p1a: Silver|Frustration|p2a: Rain Bird
|-damage|p2a: Rain Bird|0 fnt
|faint|p2a: Rain Bird
|
|
|switch|p2a: Kabutops|Kabutops, F|261\/261
|-damage|p2a: Kabutops|229\/261|[from] Stealth Rock
|turn|18
|
|-end|p1a: Silver|confusion
|move|p1a: Silver|Earthquake|p2a: Kabutops
|-crit|p2a: Kabutops
|-supereffective|p2a: Kabutops
|-damage|p2a: Kabutops|0 fnt
|faint|p2a: Kabutops
|
|win|LMay
|raw|Ladder updating...
|raw|LMay's rating: 1572 &rarr; <strong>1593<\/strong><br \/>(+21 for winning)
|raw|AguaFacil's rating: 1581 &rarr; <strong>1560<\/strong><br \/>(-21 for losing)