|join|Mr Grizzly23
|join|LMay
|player|p1|Mr Grizzly23|101
|player|p2|LMay|283
|gametype|singles
|gen|6
|tier|OU
|rated
|clearpoke
|poke|p1|Talonflame, M
|poke|p1|Latias, F
|poke|p1|Rotom-Wash
|poke|p1|Skarmory, F
|poke|p1|Landorus-Therian, M
|poke|p1|Conkeldurr, F
|poke|p2|Altaria, M, shiny
|poke|p2|Heatran, M, shiny
|poke|p2|Azumarill, M, shiny
|poke|p2|Landorus-Therian, M, shiny
|poke|p2|Rotom-Wash, shiny
|poke|p2|Latios, M, shiny
|rule|Swagger Clause: Swagger is banned
|rule|Baton Pass Clause: Limit one PokÃ©mon knowing Baton Pass
|rule|Sleep Clause Mod: Limit one foe put to sleep
|rule|Species Clause: Limit one of each PokÃ©mon
|rule|OHKO Clause: OHKO moves are banned
|rule|Moody Clause: Moody is banned
|rule|Evasion Moves Clause: Evasion moves are banned
|rule|Endless Battle Clause: Forcing endless battles is banned
|rule|HP Percentage Mod: HP is shown in percentages
|teampreview
|
|start
|switch|p1a: Rotom-Wash|Rotom-Wash|304\/304
|switch|p2a: HotnChick|Heatran, M, shiny|385\/385
|turn|1
|
|move|p1a: Rotom-Wash|Volt Switch|p2a: HotnChick
|-damage|p2a: HotnChick|318\/385
|
|switch|p1a: Landorus-Therian|Landorus-Therian, M|382\/382
|-ability|p1a: Landorus-Therian|Intimidate|[of] p2a: HotnChick
|-unboost|p2a: HotnChick|atk|1
|move|p2a: HotnChick|Stealth Rock|p1a: Landorus-Therian
|-sidestart|p1: Mr Grizzly23|move: Stealth Rock
|
|-heal|p2a: HotnChick|342\/385|[from] item: Leftovers
|turn|2
|
|move|p1a: Landorus-Therian|Stealth Rock|p2a: HotnChick
|-sidestart|p2: LMay|move: Stealth Rock
|move|p2a: HotnChick|Lava Plume|p1a: Landorus-Therian
|-damage|p1a: Landorus-Therian|240\/382
|-status|p1a: Landorus-Therian|brn
|
|-heal|p1a: Landorus-Therian|263\/382 brn|[from] item: Leftovers
|-heal|p2a: HotnChick|366\/385|[from] item: Leftovers
|-damage|p1a: Landorus-Therian|216\/382 brn|[from] brn
|turn|3
|
|switch|p2a: WhatIDo|Landorus-Therian, M, shiny|319\/319
|-damage|p2a: WhatIDo|280\/319|[from] Stealth Rock
|-ability|p2a: WhatIDo|Intimidate|[of] p1a: Landorus-Therian
|-unboost|p1a: Landorus-Therian|atk|1
|move|p1a: Landorus-Therian|U-turn|p2a: WhatIDo
|-resisted|p2a: WhatIDo
|-damage|p2a: WhatIDo|267\/319
|
|switch|p1a: Rotom-Wash|Rotom-Wash|304\/304
|-damage|p1a: Rotom-Wash|266\/304|[from] Stealth Rock
|
|-heal|p1a: Rotom-Wash|285\/304|[from] item: Leftovers
|turn|4
|
|move|p2a: WhatIDo|Knock Off|p1a: Rotom-Wash
|-damage|p1a: Rotom-Wash|185\/304
|-enditem|p1a: Rotom-Wash|Leftovers|[from] move: Knock Off|[of] p2a: WhatIDo
|move|p1a: Rotom-Wash|Will-O-Wisp|p2a: WhatIDo
|-status|p2a: WhatIDo|brn
|
|-damage|p2a: WhatIDo|228\/319 brn|[from] brn
|turn|5
|c|âMr Grizzly23|eye for an eye
|
|switch|p2a: HotnChick|Heatran, M, shiny|366\/385
|-damage|p2a: HotnChick|318\/385|[from] Stealth Rock
|move|p1a: Rotom-Wash|Volt Switch|p2a: HotnChick
|-damage|p2a: HotnChick|260\/385
|
|switch|p1a: Conkeldurr|Conkeldurr, F|351\/351
|-damage|p1a: Conkeldurr|330\/351|[from] Stealth Rock
|
|-heal|p2a: HotnChick|284\/385|[from] item: Leftovers
|turn|6
|
|move|p1a: Conkeldurr|Knock Off|p2a: HotnChick
|-damage|p2a: HotnChick|160\/385
|-enditem|p2a: HotnChick|Leftovers|[from] move: Knock Off|[of] p1a: Conkeldurr
|move|p2a: HotnChick|Roar|p1a: Conkeldurr
|drag|p1a: Landorus-Therian|Landorus-Therian, M|216\/382 brn
|-damage|p1a: Landorus-Therian|169\/382 brn|[from] Stealth Rock
|-ability|p1a: Landorus-Therian|Intimidate|[of] p2a: HotnChick
|-unboost|p2a: HotnChick|atk|1
|
|-heal|p1a: Landorus-Therian|192\/382 brn|[from] item: Leftovers
|-damage|p1a: Landorus-Therian|145\/382 brn|[from] brn
|turn|7
|
|move|p1a: Landorus-Therian|Earthquake|p2a: HotnChick
|-supereffective|p2a: HotnChick
|-damage|p2a: HotnChick|0 fnt
|faint|p2a: HotnChick
|
|-heal|p1a: Landorus-Therian|168\/382 brn|[from] item: Leftovers
|-damage|p1a: Landorus-Therian|121\/382 brn|[from] brn
|
|switch|p2a: Latios|Latios, M, shiny|307\/307
|-damage|p2a: Latios|269\/307|[from] Stealth Rock
|turn|8
|
|move|p2a: Latios|Defog|p1a: Landorus-Therian
|-unboost|p1a: Landorus-Therian|evasion|1
|-sideend|p1: Mr Grizzly23|Stealth Rock|[from] move: Defog|[of] p1a: Landorus-Therian
|-sideend|p2: LMay|Stealth Rock|[from] move: Defog|[of] p2a: Latios
|move|p1a: Landorus-Therian|U-turn|p2a: Latios
|-supereffective|p2a: Latios
|-damage|p2a: Latios|169\/307
|
|switch|p1a: Skarmory|Skarmory, F|334\/334
|
|turn|9
|
|move|p2a: Latios|Draco Meteor|p1a: Skarmory|[miss]
|-miss|p2a: Latios|p1a: Skarmory
|move|p1a: Skarmory|Toxic|p2a: Latios
|-status|p2a: Latios|tox
|
|-damage|p2a: Latios|150\/307 tox|[from] psn
|turn|10
|
|switch|p2a: WatR|Rotom-Wash, shiny|303\/303
|move|p1a: Skarmory|Toxic|p2a: WatR
|-status|p2a: WatR|tox
|
|-damage|p2a: WatR|285\/303 tox|[from] psn
|turn|11
|
|move|p2a: WatR|Hydro Pump|p1a: Skarmory
|-damage|p1a: Skarmory|169\/334
|move|p1a: Skarmory|Roost|p1a: Skarmory
|-heal|p1a: Skarmory|334\/334
|
|-heal|p2a: WatR|303\/303 tox|[from] item: Leftovers
|-damage|p2a: WatR|267\/303 tox|[from] psn
|turn|12
|
|move|p2a: WatR|Volt Switch|p1a: Skarmory
|-supereffective|p1a: Skarmory
|-damage|p1a: Skarmory|112\/334
|
|switch|p2a: Latios|Latios, M, shiny|150\/307 tox
|move|p1a: Skarmory|Roost|p1a: Skarmory
|-heal|p1a: Skarmory|279\/334
|
|-heal|p1a: Skarmory|299\/334|[from] item: Leftovers
|-damage|p2a: Latios|131\/307 tox|[from] psn
|turn|13
|
|move|p2a: Latios|Roost|p2a: Latios
|-heal|p2a: Latios|285\/307 tox
|move|p1a: Skarmory|Roost|p1a: Skarmory
|-heal|p1a: Skarmory|334\/334
|
|-damage|p2a: Latios|247\/307 tox|[from] psn
|turn|14
|
|switch|p2a: WatR|Rotom-Wash, shiny|267\/303 tox
|move|p1a: Skarmory|Roost|p1a: Skarmory
|-fail|p1a: Skarmory
|
|-heal|p2a: WatR|285\/303 tox|[from] item: Leftovers
|-damage|p2a: WatR|267\/303 tox|[from] psn
|turn|15
|
|switch|p1a: Landorus-Therian|Landorus-Therian, M|121\/382 brn
|-ability|p1a: Landorus-Therian|Intimidate|[of] p2a: WatR
|-unboost|p2a: WatR|atk|1
|move|p2a: WatR|Will-O-Wisp|p1a: Landorus-Therian
|-fail|p1a: Landorus-Therian|brn
|
|-heal|p1a: Landorus-Therian|144\/382 brn|[from] item: Leftovers
|-heal|p2a: WatR|285\/303 tox|[from] item: Leftovers
|-damage|p1a: Landorus-Therian|97\/382 brn|[from] brn
|-damage|p2a: WatR|249\/303 tox|[from] psn
|turn|16
|
|move|p1a: Landorus-Therian|Stealth Rock|p2a: WatR
|-sidestart|p2: LMay|move: Stealth Rock
|move|p2a: WatR|Volt Switch|p1a: Landorus-Therian
|-immune|p1a: Landorus-Therian|[msg]
|
|-heal|p1a: Landorus-Therian|120\/382 brn|[from] item: Leftovers
|-heal|p2a: WatR|267\/303 tox|[from] item: Leftovers
|-damage|p1a: Landorus-Therian|73\/382 brn|[from] brn
|-damage|p2a: WatR|213\/303 tox|[from] psn
|turn|17
|
|switch|p2a: Latios|Latios, M, shiny|247\/307 tox
|-damage|p2a: Latios|209\/307 tox|[from] Stealth Rock
|move|p1a: Landorus-Therian|U-turn|p2a: Latios
|-supereffective|p2a: Latios
|-damage|p2a: Latios|109\/307 tox
|
|switch|p1a: Talonflame|Talonflame, M|297\/297
|
|-damage|p2a: Latios|90\/307 tox|[from] psn
|turn|18
|
|switch|p2a: WhatIDo|Landorus-Therian, M, shiny|228\/319 brn
|-damage|p2a: WhatIDo|189\/319 brn|[from] Stealth Rock
|-ability|p2a: WhatIDo|Intimidate|[of] p1a: Talonflame
|-unboost|p1a: Talonflame|atk|1
|move|p1a: Talonflame|Brave Bird|p2a: WhatIDo
|-damage|p2a: WhatIDo|62\/319 brn
|-damage|p1a: Talonflame|255\/297|[from] recoil|[of] p2a: WhatIDo
|
|-heal|p1a: Talonflame|273\/297|[from] item: Leftovers
|-damage|p2a: WhatIDo|23\/319 brn|[from] brn
|turn|19
|
|move|p1a: Talonflame|Brave Bird|p2a: WhatIDo
|-damage|p2a: WhatIDo|0 fnt
|-damage|p1a: Talonflame|265\/297|[from] recoil|[of] p2a: WhatIDo
|faint|p2a: WhatIDo
|
|-heal|p1a: Talonflame|283\/297|[from] item: Leftovers
|
|switch|p2a: Tails|Azumarill, M, shiny|394\/394
|-damage|p2a: Tails|345\/394|[from] Stealth Rock
|turn|20
|
|switch|p1a: Landorus-Therian|Landorus-Therian, M|73\/382 brn
|-ability|p1a: Landorus-Therian|Intimidate|[of] p2a: Tails
|-unboost|p2a: Tails|atk|1
|move|p2a: Tails|Knock Off|p1a: Landorus-Therian
|-damage|p1a: Landorus-Therian|0 fnt
|-enditem|p1a: Landorus-Therian|Leftovers|[from] move: Knock Off|[of] p2a: Tails
|faint|p1a: Landorus-Therian
|
|
|switch|p1a: Rotom-Wash|Rotom-Wash|185\/304
|turn|21
|
|move|p1a: Rotom-Wash|Will-O-Wisp|p2a: Tails
|-status|p2a: Tails|brn
|move|p2a: Tails|Knock Off|p1a: Rotom-Wash
|-damage|p1a: Rotom-Wash|158\/304
|
|-damage|p2a: Tails|296\/394 brn|[from] brn
|turn|22
|
|move|p1a: Rotom-Wash|Volt Switch|p2a: Tails
|-crit|p2a: Tails
|-supereffective|p2a: Tails
|-damage|p2a: Tails|98\/394 brn
|
|switch|p1a: Skarmory|Skarmory, F|334\/334
|move|p2a: Tails|Knock Off|p1a: Skarmory
|-damage|p1a: Skarmory|307\/334
|-enditem|p1a: Skarmory|Leftovers|[from] move: Knock Off|[of] p2a: Tails
|
|-damage|p2a: Tails|49\/394 brn|[from] brn
|turn|23
|
|move|p2a: Tails|Waterfall|p1a: Skarmory
|-damage|p1a: Skarmory|271\/334
|cant|p1a: Skarmory|flinch
|
|-damage|p2a: Tails|0 fnt|[from] brn
|faint|p2a: Tails
|
|switch|p2a: Latios|Latios, M, shiny|90\/307 tox
|-damage|p2a: Latios|52\/307 tox|[from] Stealth Rock
|turn|24
|
|move|p2a: Latios|Defog|p1a: Skarmory
|-unboost|p1a: Skarmory|evasion|1
|-sideend|p2: LMay|Stealth Rock|[from] move: Defog|[of] p2a: Latios
|move|p1a: Skarmory|Roost|p1a: Skarmory
|-heal|p1a: Skarmory|334\/334
|
|-damage|p2a: Latios|33\/307 tox|[from] psn
|turn|25
|
|switch|p2a: WatR|Rotom-Wash, shiny|213\/303 tox
|move|p1a: Skarmory|Roost|p1a: Skarmory
|-fail|p1a: Skarmory
|
|-heal|p2a: WatR|231\/303 tox|[from] item: Leftovers
|-damage|p2a: WatR|213\/303 tox|[from] psn
|turn|26
|
|switch|p1a: Conkeldurr|Conkeldurr, F|330\/351
|move|p2a: WatR|Will-O-Wisp|p1a: Conkeldurr|[miss]
|-miss|p2a: WatR|p1a: Conkeldurr
|
|-heal|p2a: WatR|231\/303 tox|[from] item: Leftovers
|-damage|p2a: WatR|195\/303 tox|[from] psn
|turn|27
|
|move|p2a: WatR|Volt Switch|p1a: Conkeldurr
|-damage|p1a: Conkeldurr|269\/351
|
|switch|p2a: Latios|Latios, M, shiny|33\/307 tox
|move|p1a: Conkeldurr|Drain Punch|p2a: Latios
|-resisted|p2a: Latios
|-damage|p2a: Latios|0 fnt
|-heal|p1a: Conkeldurr|286\/351|[from] drain|[of] p2a: Latios
|faint|p2a: Latios
|
|
|switch|p2a: Silver|Altaria, M, shiny|309\/309
|turn|28
|
|switch|p2a: WatR|Rotom-Wash, shiny|195\/303 tox
|move|p1a: Conkeldurr|Ice Punch|p2a: WatR
|-resisted|p2a: WatR
|-damage|p2a: WatR|159\/303 tox
|
|-heal|p2a: WatR|177\/303 tox|[from] item: Leftovers
|-damage|p2a: WatR|159\/303 tox|[from] psn
|turn|29
|
|move|p2a: WatR|Pain Split|p1a: Conkeldurr
|-sethp|p1a: Conkeldurr|222\/351|p2a: WatR|222\/303 tox|[from] move: Pain Split
|move|p1a: Conkeldurr|Drain Punch|p2a: WatR
|-damage|p2a: WatR|110\/303 tox
|-heal|p1a: Conkeldurr|278\/351|[from] drain|[of] p2a: WatR
|
|-heal|p2a: WatR|128\/303 tox|[from] item: Leftovers
|-damage|p2a: WatR|92\/303 tox|[from] psn
|turn|30
|
|switch|p2a: Silver|Altaria, M, shiny|309\/309
|move|p1a: Conkeldurr|Drain Punch|p2a: Silver
|-resisted|p2a: Silver
|-damage|p2a: Silver|223\/309
|-heal|p1a: Conkeldurr|321\/351|[from] drain|[of] p2a: Silver
|
|turn|31
|
|detailschange|p2a: Silver|Altaria-Mega, M, shiny
|-mega|p2a: Silver|Altaria|Altarianite
|move|p2a: Silver|Frustration|p1a: Conkeldurr
|-supereffective|p1a: Conkeldurr
|-damage|p1a: Conkeldurr|0 fnt
|faint|p1a: Conkeldurr
|
|
|switch|p1a: Skarmory|Skarmory, F|334\/334
|turn|32
|
|switch|p2a: WatR|Rotom-Wash, shiny|92\/303 tox
|move|p1a: Skarmory|Toxic|p2a: WatR
|-fail|p2a: WatR|tox
|
|-heal|p2a: WatR|110\/303 tox|[from] item: Leftovers
|-damage|p2a: WatR|92\/303 tox|[from] psn
|turn|33
|
|switch|p1a: Latias|Latias, F|319\/319
|move|p2a: WatR|Pain Split|p1a: Latias
|-sethp|p1a: Latias|205\/319|p2a: WatR|205\/303 tox|[from] move: Pain Split
|
|-heal|p2a: WatR|223\/303 tox|[from] item: Leftovers
|-damage|p2a: WatR|187\/303 tox|[from] psn
|turn|34
|
|switch|p2a: Silver|Altaria-Mega, M, shiny|223\/309
|detailschange|p1a: Latias|Latias-Mega, F
|-mega|p1a: Latias|Latias|Latiasite
|move|p1a: Latias|Calm Mind|p1a: Latias
|-boost|p1a: Latias|spa|1
|-boost|p1a: Latias|spd|1
|
|turn|35
|
|move|p1a: Latias|Psyshock|p2a: Silver
|-damage|p2a: Silver|19\/309
|move|p2a: Silver|Frustration|p1a: Latias
|-supereffective|p1a: Latias
|-damage|p1a: Latias|0 fnt
|faint|p1a: Latias
|
|
|switch|p1a: Talonflame|Talonflame, M|283\/297
|turn|36
|
|switch|p2a: WatR|Rotom-Wash, shiny|187\/303 tox
|move|p1a: Talonflame|Brave Bird|p2a: WatR
|-resisted|p2a: WatR
|-damage|p2a: WatR|127\/303 tox
|-damage|p1a: Talonflame|263\/297|[from] recoil|[of] p2a: WatR
|
|-heal|p1a: Talonflame|281\/297|[from] item: Leftovers
|-heal|p2a: WatR|145\/303 tox|[from] item: Leftovers
|-damage|p2a: WatR|127\/303 tox|[from] psn
|turn|37
|
|switch|p1a: Rotom-Wash|Rotom-Wash|158\/304
|move|p2a: WatR|Pain Split|p1a: Rotom-Wash
|-sethp|p1a: Rotom-Wash|142\/304|p2a: WatR|142\/303 tox|[from] move: Pain Split
|
|-heal|p2a: WatR|160\/303 tox|[from] item: Leftovers
|-damage|p2a: WatR|124\/303 tox|[from] psn
|turn|38
|
|move|p1a: Rotom-Wash|Hydro Pump|p2a: WatR|[miss]
|-miss|p1a: Rotom-Wash|p2a: WatR
|move|p2a: WatR|Volt Switch|p1a: Rotom-Wash
|-damage|p1a: Rotom-Wash|70\/304
|
|switch|p2a: Silver|Altaria-Mega, M, shiny|19\/309
|
|turn|39
|
|move|p2a: Silver|Roost|p2a: Silver
|-heal|p2a: Silver|174\/309
|move|p1a: Rotom-Wash|Will-O-Wisp|p2a: Silver
|-status|p2a: Silver|brn
|
|-damage|p2a: Silver|136\/309 brn|[from] brn
|turn|40
|
|move|p2a: Silver|Frustration|p1a: Rotom-Wash
|-damage|p1a: Rotom-Wash|0 fnt
|faint|p1a: Rotom-Wash
|
|-damage|p2a: Silver|98\/309 brn|[from] brn
|
|switch|p1a: Talonflame|Talonflame, M|281\/297
|turn|41
|
|move|p1a: Talonflame|Swords Dance|p1a: Talonflame
|-boost|p1a: Talonflame|atk|2
|move|p2a: Silver|Frustration|p1a: Talonflame
|-resisted|p1a: Talonflame
|-damage|p1a: Talonflame|203\/297
|
|-heal|p1a: Talonflame|221\/297|[from] item: Leftovers
|-damage|p2a: Silver|60\/309 brn|[from] brn
|turn|42
|
|move|p1a: Talonflame|Brave Bird|p2a: Silver
|-damage|p2a: Silver|0 fnt
|-damage|p1a: Talonflame|201\/297|[from] recoil|[of] p2a: Silver
|faint|p2a: Silver
|
|-heal|p1a: Talonflame|219\/297|[from] item: Leftovers
|
|switch|p2a: WatR|Rotom-Wash, shiny|124\/303 tox
|turn|43
|
|move|p1a: Talonflame|Brave Bird|p2a: WatR
|-resisted|p2a: WatR
|-damage|p2a: WatR|12\/303 tox
|-damage|p1a: Talonflame|182\/297|[from] recoil|[of] p2a: WatR
|move|p2a: WatR|Hydro Pump|p1a: Talonflame
|-supereffective|p1a: Talonflame
|-damage|p1a: Talonflame|0 fnt
|faint|p1a: Talonflame
|
|-heal|p2a: WatR|30\/303 tox|[from] item: Leftovers
|-damage|p2a: WatR|12\/303 tox|[from] psn
|
|switch|p1a: Skarmory|Skarmory, F|334\/334
|turn|44
|c|âMr Grizzly23|no fucking way
|
|move|p2a: WatR|Pain Split|p1a: Skarmory
|-sethp|p1a: Skarmory|173\/334|p2a: WatR|173\/303 tox|[from] move: Pain Split
|move|p1a: Skarmory|Roost|p1a: Skarmory
|-heal|p1a: Skarmory|334\/334
|
|-heal|p2a: WatR|191\/303 tox|[from] item: Leftovers
|-damage|p2a: WatR|155\/303 tox|[from] psn
|turn|45
|
|move|p2a: WatR|Will-O-Wisp|p1a: Skarmory
|-status|p1a: Skarmory|brn
|move|p1a: Skarmory|Roost|p1a: Skarmory
|-fail|p1a: Skarmory
|
|-heal|p2a: WatR|173\/303 tox|[from] item: Leftovers
|-damage|p2a: WatR|119\/303 tox|[from] psn
|-damage|p1a: Skarmory|293\/334 brn|[from] brn
|turn|46
|c|âMr Grizzly23|that is the biggest upset ive evr seen
|
|move|p2a: WatR|Volt Switch|p1a: Skarmory
|-supereffective|p1a: Skarmory
|-damage|p1a: Skarmory|71\/334 brn
|move|p1a: Skarmory|Roost|p1a: Skarmory
|-heal|p1a: Skarmory|238\/334 brn
|
|-heal|p2a: WatR|137\/303 tox|[from] item: Leftovers
|-damage|p2a: WatR|65\/303 tox|[from] psn
|-damage|p1a: Skarmory|197\/334 brn|[from] brn
|turn|47
|
|move|p2a: WatR|Volt Switch|p1a: Skarmory
|-supereffective|p1a: Skarmory
|-damage|p1a: Skarmory|0 fnt
|faint|p1a: Skarmory
|
|win|LMay
|raw|Ladder updating...
|c|âMr Grizzly23|thats some poppycock
|raw|Mr Grizzly23's rating: 1451 &rarr; <strong>1436<\/strong><br \/>(-15 for losing)
|raw|LMay's rating: 1542 &rarr; <strong>1557<\/strong><br \/>(+15 for winning)
|c|âMr Grizzly23|you got lucky sir
|leave|Mr Grizzly23
|player|p1