|join|LMay
|join|Nachbar Wang
|player|p1|LMay|283
|player|p2|Nachbar Wang|146
|gametype|singles
|gen|6
|tier|OU
|rated
|clearpoke
|poke|p1|Altaria, M, shiny
|poke|p1|Gengar, M, shiny
|poke|p1|Azumarill, F
|poke|p1|Landorus-Therian, M
|poke|p1|Rotom-Wash
|poke|p1|Latios, M, shiny
|poke|p2|Scizor, M
|poke|p2|Keldeo
|poke|p2|Breloom, M
|poke|p2|Latias, F
|poke|p2|Landorus-Therian, M
|poke|p2|Jirachi, shiny
|rule|Swagger Clause: Swagger is banned
|rule|Baton Pass Clause: Limit one PokÃ©mon knowing Baton Pass
|rule|Sleep Clause Mod: Limit one foe put to sleep
|rule|Species Clause: Limit one of each PokÃ©mon
|rule|OHKO Clause: OHKO moves are banned
|rule|Moody Clause: Moody is banned
|rule|Evasion Moves Clause: Evasion moves are banned
|rule|Endless Battle Clause: Forcing endless battles is banned
|rule|HP Percentage Mod: HP is shown in percentages
|teampreview
|
|start
|switch|p1a: Gengar|Gengar, M, shiny|261\/261
|switch|p2a: Breloom|Breloom, M|261\/261
|turn|1
|
|move|p1a: Gengar|Substitute|p1a: Gengar
|-start|p1a: Gengar|Substitute
|-damage|p1a: Gengar|196\/261
|move|p2a: Breloom|Rock Tomb|p1a: Gengar
|-end|p1a: Gengar|Substitute
|
|turn|2
|
|move|p1a: Gengar|Sludge Wave|p2a: Breloom
|-supereffective|p2a: Breloom
|-enditem|p2a: Breloom|Focus Sash
|-damage|p2a: Breloom|1\/261
|-damage|p1a: Gengar|170\/261|[from] item: Life Orb
|move|p2a: Breloom|Rock Tomb|p1a: Gengar
|-damage|p1a: Gengar|2\/261
|-unboost|p1a: Gengar|spe|1
|
|turn|3
|
|move|p2a: Breloom|Rock Tomb|p1a: Gengar
|-damage|p1a: Gengar|0 fnt
|faint|p1a: Gengar
|
|join|Codman820
|
|switch|p1a: Azumarill|Azumarill, F|387\/387
|turn|4
|
|move|p1a: Azumarill|Aqua Jet|p2a: Breloom
|-resisted|p2a: Breloom
|-damage|p2a: Breloom|0 fnt
|faint|p2a: Breloom
|
|
|switch|p2a: Landorus-Therian|Landorus-Therian, M|319\/319
|-ability|p2a: Landorus-Therian|Intimidate|[of] p1a: Azumarill
|-unboost|p1a: Azumarill|atk|1
|turn|5
|
|switch|p2a: Latias|Latias, F|301\/301
|move|p1a: Azumarill|Waterfall|p2a: Latias
|-resisted|p2a: Latias
|-damage|p2a: Latias|237\/301
|
|turn|6
|
|switch|p2a: Jirachi|Jirachi, shiny|404\/404
|move|p1a: Azumarill|Knock Off|p2a: Jirachi
|-supereffective|p2a: Jirachi
|-damage|p2a: Jirachi|206\/404
|-enditem|p2a: Jirachi|Leftovers|[from] move: Knock Off|[of] p1a: Azumarill
|
|turn|7
|
|switch|p1a: WhatIDo|Landorus-Therian, M|368\/368
|-ability|p1a: WhatIDo|Intimidate|[of] p2a: Jirachi
|-unboost|p2a: Jirachi|atk|1
|move|p2a: Jirachi|Iron Head|p1a: WhatIDo
|-damage|p1a: WhatIDo|287\/368
|
|-heal|p1a: WhatIDo|310\/368|[from] item: Leftovers
|turn|8
|
|switch|p2a: Landorus-Therian|Landorus-Therian, M|319\/319
|-ability|p2a: Landorus-Therian|Intimidate|[of] p1a: WhatIDo
|-unboost|p1a: WhatIDo|atk|1
|move|p1a: WhatIDo|Stealth Rock|p2a: Landorus-Therian
|-sidestart|p2: Nachbar Wang|move: Stealth Rock
|
|-heal|p1a: WhatIDo|333\/368|[from] item: Leftovers
|turn|9
|
|move|p2a: Landorus-Therian|Knock Off|p1a: WhatIDo
|-damage|p1a: WhatIDo|207\/368
|-enditem|p1a: WhatIDo|Leftovers|[from] move: Knock Off|[of] p2a: Landorus-Therian
|move|p1a: WhatIDo|U-turn|p2a: Landorus-Therian
|-resisted|p2a: Landorus-Therian
|-damage|p2a: Landorus-Therian|283\/319
|
|switch|p1a: Silver|Altaria, M, shiny|313\/313
|
|turn|10
|
|switch|p2a: Scizor|Scizor, M|287\/287
|-damage|p2a: Scizor|252\/287|[from] Stealth Rock
|switch|p1a: WatR|Rotom-Wash|303\/303
|
|turn|11
|
|switch|p2a: Latias|Latias, F|237\/301
|-damage|p2a: Latias|200\/301|[from] Stealth Rock
|move|p1a: WatR|Will-O-Wisp|p2a: Latias
|-status|p2a: Latias|brn
|
|-damage|p2a: Latias|163\/301 brn|[from] brn
|turn|12
|
|move|p2a: Latias|Defog|p1a: WatR
|-unboost|p1a: WatR|evasion|1
|-sideend|p2: Nachbar Wang|Stealth Rock|[from] move: Defog|[of] p2a: Latias
|move|p1a: WatR|Volt Switch|p2a: Latias
|-resisted|p2a: Latias
|-damage|p2a: Latias|130\/301 brn
|
|switch|p1a: Azumarill|Azumarill, F|387\/387
|
|-damage|p2a: Latias|93\/301 brn|[from] brn
|turn|13
|
|move|p2a: Latias|Thunderbolt|p1a: Azumarill
|-supereffective|p1a: Azumarill
|-damage|p1a: Azumarill|213\/387
|-damage|p2a: Latias|63\/301 brn|[from] item: Life Orb
|move|p1a: Azumarill|Play Rough|p2a: Latias
|-supereffective|p2a: Latias
|-damage|p2a: Latias|0 fnt
|faint|p2a: Latias
|
|
|switch|p2a: Scizor|Scizor, M|252\/287
|turn|14
|
|detailschange|p2a: Scizor|Scizor-Mega, M
|-mega|p2a: Scizor|Scizor|Scizorite
|move|p2a: Scizor|Swords Dance|p2a: Scizor
|-boost|p2a: Scizor|atk|2
|move|p1a: Azumarill|Waterfall|p2a: Scizor
|-damage|p2a: Scizor|116\/287
|
|turn|15
|
|move|p2a: Scizor|Bullet Punch|p1a: Azumarill
|-damage|p1a: Azumarill|0 fnt
|faint|p1a: Azumarill
|
|
|switch|p1a: WatR|Rotom-Wash|303\/303
|turn|16
|
|move|p2a: Scizor|Bug Bite|p1a: WatR
|-damage|p1a: WatR|11\/303
|move|p1a: WatR|Will-O-Wisp|p2a: Scizor
|-status|p2a: Scizor|brn
|
|-heal|p1a: WatR|29\/303|[from] item: Leftovers
|-damage|p2a: Scizor|81\/287 brn|[from] brn
|turn|17
|
|switch|p1a: WhatIDo|Landorus-Therian, M|207\/368
|-ability|p1a: WhatIDo|Intimidate|[of] p2a: Scizor
|-unboost|p2a: Scizor|atk|1
|move|p2a: Scizor|Bullet Punch|p1a: WhatIDo
|-damage|p1a: WhatIDo|110\/368
|
|-damage|p2a: Scizor|46\/287 brn|[from] brn
|turn|18
|
|move|p2a: Scizor|Bullet Punch|p1a: WhatIDo
|-damage|p1a: WhatIDo|5\/368
|move|p1a: WhatIDo|Stealth Rock|p2a: Scizor
|-sidestart|p2: Nachbar Wang|move: Stealth Rock
|
|-damage|p2a: Scizor|11\/287 brn|[from] brn
|turn|19
|
|move|p2a: Scizor|Bug Bite|p1a: WhatIDo
|-resisted|p1a: WhatIDo
|-damage|p1a: WhatIDo|0 fnt
|faint|p1a: WhatIDo
|
|-damage|p2a: Scizor|0 fnt|[from] brn
|faint|p2a: Scizor
|
|switch|p1a: Latios|Latios, M, shiny|307\/307
|switch|p2a: Jirachi|Jirachi, shiny|206\/404
|-damage|p2a: Jirachi|181\/404|[from] Stealth Rock
|turn|20
|
|move|p1a: Latios|Draco Meteor|p2a: Jirachi
|-resisted|p2a: Jirachi
|-damage|p2a: Jirachi|41\/404
|-unboost|p1a: Latios|spa|2
|-damage|p1a: Latios|277\/307|[from] item: Life Orb
|move|p2a: Jirachi|U-turn|p1a: Latios
|-supereffective|p1a: Latios
|-damage|p1a: Latios|99\/307
|
|switch|p2a: Landorus-Therian|Landorus-Therian, M|283\/319
|-damage|p2a: Landorus-Therian|244\/319|[from] Stealth Rock
|-ability|p2a: Landorus-Therian|Intimidate|[of] p1a: Latios
|-unboost|p1a: Latios|atk|1
|
|turn|21
|
|switch|p1a: WatR|Rotom-Wash|29\/303
|move|p2a: Landorus-Therian|Stone Edge|p1a: WatR
|-damage|p1a: WatR|0 fnt
|faint|p1a: WatR
|
|
|switch|p1a: Silver|Altaria, M, shiny|313\/313
|turn|22
|
|detailschange|p1a: Silver|Altaria-Mega, M, shiny
|-mega|p1a: Silver|Altaria|Altarianite
|move|p2a: Landorus-Therian|Stone Edge|p1a: Silver
|-damage|p1a: Silver|192\/313
|move|p1a: Silver|Dragon Dance|p1a: Silver
|-boost|p1a: Silver|atk|1
|-boost|p1a: Silver|spe|1
|
|turn|23
|
|move|p2a: Landorus-Therian|Stone Edge|p1a: Silver
|-damage|p1a: Silver|75\/313
|move|p1a: Silver|Dragon Dance|p1a: Silver
|-boost|p1a: Silver|atk|1
|-boost|p1a: Silver|spe|1
|
|turn|24
|
|move|p1a: Silver|Frustration|p2a: Landorus-Therian
|-damage|p2a: Landorus-Therian|0 fnt
|faint|p2a: Landorus-Therian
|
|
|switch|p2a: Keldeo|Keldeo|323\/323
|-damage|p2a: Keldeo|303\/323|[from] Stealth Rock
|turn|25
|
|move|p1a: Silver|Frustration|p2a: Keldeo
|-supereffective|p2a: Keldeo
|-damage|p2a: Keldeo|0 fnt
|faint|p2a: Keldeo
|
|-message|Nachbar Wang forfeited.
|
|win|LMay
|raw|Ladder updating...
|leave|Nachbar Wang
|player|p2
|raw|LMay's rating: 1539 &rarr; <strong>1558<\/strong><br \/>(+19 for winning)
|raw|Nachbar Wang's rating: 1529 &rarr; <strong>1509<\/strong><br \/>(-20 for losing)