|join|Lusch
|join|LMay
|player|p1|Lusch|153
|player|p2|LMay|283
|gametype|singles
|gen|6
|tier|OU
|rated
|clearpoke
|poke|p1|Venusaur, M
|poke|p1|Heatran, M
|poke|p1|Starmie
|poke|p1|Landorus-Therian, M
|poke|p1|Tyranitar, M
|poke|p1|Gyarados, M
|poke|p2|Altaria, M, shiny
|poke|p2|Gengar, M, shiny
|poke|p2|Azumarill, F
|poke|p2|Landorus-Therian, M
|poke|p2|Rotom-Wash
|poke|p2|Latios, M, shiny
|rule|Swagger Clause: Swagger is banned
|rule|Baton Pass Clause: Limit one PokÃ©mon knowing Baton Pass
|rule|Sleep Clause Mod: Limit one foe put to sleep
|rule|Species Clause: Limit one of each PokÃ©mon
|rule|OHKO Clause: OHKO moves are banned
|rule|Moody Clause: Moody is banned
|rule|Evasion Moves Clause: Evasion moves are banned
|rule|Endless Battle Clause: Forcing endless battles is banned
|rule|HP Percentage Mod: HP is shown in percentages
|teampreview
|
|start
|switch|p1a: Landorus-Therian|Landorus-Therian, M|319\/319
|switch|p2a: WhatIDo|Landorus-Therian, M|368\/368
|-ability|p1a: Landorus-Therian|Intimidate|[of] p2a: WhatIDo
|-unboost|p2a: WhatIDo|atk|1
|-ability|p2a: WhatIDo|Intimidate|[of] p1a: Landorus-Therian
|-unboost|p1a: Landorus-Therian|atk|1
|turn|1
|
|move|p1a: Landorus-Therian|Knock Off|p2a: WhatIDo
|-damage|p2a: WhatIDo|285\/368
|-enditem|p2a: WhatIDo|Leftovers|[from] move: Knock Off|[of] p1a: Landorus-Therian
|move|p2a: WhatIDo|U-turn|p1a: Landorus-Therian
|-resisted|p1a: Landorus-Therian
|-damage|p1a: Landorus-Therian|286\/319
|
|switch|p2a: Silver|Altaria, M, shiny|313\/313
|
|turn|2
|
|switch|p1a: Heatran|Heatran, M|386\/386
|detailschange|p2a: Silver|Altaria-Mega, M, shiny
|-mega|p2a: Silver|Altaria|Altarianite
|move|p2a: Silver|Frustration|p1a: Heatran
|-resisted|p1a: Heatran
|-damage|p1a: Heatran|336\/386
|
|-heal|p1a: Heatran|360\/386|[from] item: Leftovers
|turn|3
|
|switch|p1a: Gyarados|Gyarados, M|331\/331
|-ability|p1a: Gyarados|Intimidate|[of] p2a: Silver
|-unboost|p2a: Silver|atk|1
|move|p2a: Silver|Earthquake|p1a: Gyarados
|-immune|p1a: Gyarados|[msg]
|
|turn|4
|
|switch|p2a: WhatIDo|Landorus-Therian, M|285\/368
|-ability|p2a: WhatIDo|Intimidate|[of] p1a: Gyarados
|-unboost|p1a: Gyarados|atk|1
|move|p1a: Gyarados|Dragon Dance|p1a: Gyarados
|-boost|p1a: Gyarados|atk|1
|-boost|p1a: Gyarados|spe|1
|
|turn|5
|
|move|p1a: Gyarados|Waterfall|p2a: WhatIDo
|-supereffective|p2a: WhatIDo
|-damage|p2a: WhatIDo|0 fnt
|faint|p2a: WhatIDo
|
|
|switch|p2a: Azumarill|Azumarill, F|387\/387
|turn|6
|
|switch|p1a: Venusaur|Venusaur, M|353\/353
|move|p2a: Azumarill|Play Rough|p1a: Venusaur
|-resisted|p1a: Venusaur
|-damage|p1a: Venusaur|235\/353
|
|turn|7
|
|switch|p2a: Gengar|Gengar, M, shiny|261\/261
|detailschange|p1a: Venusaur|Venusaur-Mega, M
|-mega|p1a: Venusaur|Venusaur|Venusaurite
|move|p1a: Venusaur|Sludge Bomb|p2a: Gengar
|-resisted|p2a: Gengar
|-damage|p2a: Gengar|213\/261
|
|turn|8
|
|switch|p1a: Heatran|Heatran, M|360\/386
|move|p2a: Gengar|Substitute|p2a: Gengar
|-start|p2a: Gengar|Substitute
|-damage|p2a: Gengar|148\/261
|
|-heal|p1a: Heatran|384\/386|[from] item: Leftovers
|turn|9
|
|move|p2a: Gengar|Shadow Ball|p1a: Heatran
|-damage|p1a: Heatran|255\/386
|-damage|p2a: Gengar|122\/261|[from] item: Life Orb
|move|p1a: Heatran|Roar|p2a: Gengar
|drag|p2a: Latios|Latios, M, shiny|307\/307
|
|-heal|p1a: Heatran|279\/386|[from] item: Leftovers
|turn|10
|
|switch|p2a: WatR|Rotom-Wash|303\/303
|switch|p1a: Starmie|Starmie|323\/323
|
|turn|11
|
|switch|p1a: Landorus-Therian|Landorus-Therian, M|286\/319
|-ability|p1a: Landorus-Therian|Intimidate|[of] p2a: WatR
|-unboost|p2a: WatR|atk|1
|move|p2a: WatR|Hydro Pump|p1a: Landorus-Therian
|-supereffective|p1a: Landorus-Therian
|-damage|p1a: Landorus-Therian|0 fnt
|faint|p1a: Landorus-Therian
|
|
|switch|p1a: Venusaur|Venusaur-Mega, M|235\/353
|turn|12
|
|move|p2a: WatR|Will-O-Wisp|p1a: Venusaur|[miss]
|-miss|p2a: WatR|p1a: Venusaur
|move|p1a: Venusaur|Giga Drain|p2a: WatR
|-supereffective|p2a: WatR
|-damage|p2a: WatR|31\/303
|-heal|p1a: Venusaur|353\/353|[from] drain|[of] p2a: WatR
|
|-heal|p2a: WatR|49\/303|[from] item: Leftovers
|turn|13
|
|move|p2a: WatR|Pain Split|p1a: Venusaur
|-sethp|p1a: Venusaur|201\/353|p2a: WatR|201\/303|[from] move: Pain Split
|move|p1a: Venusaur|Giga Drain|p2a: WatR
|-supereffective|p2a: WatR
|-damage|p2a: WatR|0 fnt
|-heal|p1a: Venusaur|302\/353|[from] drain|[of] p2a: WatR
|faint|p2a: WatR
|
|
|switch|p2a: Latios|Latios, M, shiny|307\/307
|turn|14
|
|switch|p2a: Azumarill|Azumarill, F|387\/387
|switch|p1a: Tyranitar|Tyranitar, M|403\/403
|-weather|Sandstorm
|
|-weather|Sandstorm|[upkeep]
|-damage|p2a: Azumarill|363\/387|[from] sandstorm
|turn|15
|
|switch|p1a: Venusaur|Venusaur-Mega, M|302\/353
|move|p2a: Azumarill|Play Rough|p1a: Venusaur
|-resisted|p1a: Venusaur
|-damage|p1a: Venusaur|226\/353
|
|-weather|Sandstorm|[upkeep]
|-damage|p1a: Venusaur|204\/353|[from] sandstorm
|-damage|p2a: Azumarill|339\/387|[from] sandstorm
|turn|16
|
|switch|p2a: Latios|Latios, M, shiny|307\/307
|move|p1a: Venusaur|Sludge Bomb|p2a: Latios
|-damage|p2a: Latios|148\/307
|
|-weather|Sandstorm|[upkeep]
|-damage|p2a: Latios|129\/307|[from] sandstorm
|-damage|p1a: Venusaur|182\/353|[from] sandstorm
|turn|17
|
|switch|p1a: Tyranitar|Tyranitar, M|403\/403
|move|p2a: Latios|Draco Meteor|p1a: Tyranitar
|-damage|p1a: Tyranitar|265\/403
|-unboost|p2a: Latios|spa|2
|-damage|p2a: Latios|99\/307|[from] item: Life Orb
|
|-weather|Sandstorm|[upkeep]
|-damage|p2a: Latios|80\/307|[from] sandstorm
|turn|18
|
|move|p2a: Latios|Draco Meteor|p1a: Tyranitar
|-damage|p1a: Tyranitar|197\/403
|-unboost|p2a: Latios|spa|2
|-damage|p2a: Latios|50\/307|[from] item: Life Orb
|move|p1a: Tyranitar|Pursuit|p2a: Latios
|-supereffective|p2a: Latios
|-damage|p2a: Latios|0 fnt
|faint|p2a: Latios
|
|-weather|none
|
|switch|p2a: Silver|Altaria-Mega, M, shiny|313\/313
|turn|19
|
|move|p2a: Silver|Frustration|p1a: Tyranitar
|-supereffective|p1a: Tyranitar
|-damage|p1a: Tyranitar|0 fnt
|faint|p1a: Tyranitar
|
|
|switch|p1a: Gyarados|Gyarados, M|331\/331
|-ability|p1a: Gyarados|Intimidate|[of] p2a: Silver
|-unboost|p2a: Silver|atk|1
|turn|20
|
|move|p1a: Gyarados|Dragon Dance|p1a: Gyarados
|-boost|p1a: Gyarados|atk|1
|-boost|p1a: Gyarados|spe|1
|move|p2a: Silver|Dragon Dance|p2a: Silver
|-boost|p2a: Silver|atk|1
|-boost|p2a: Silver|spe|1
|
|turn|21
|
|move|p1a: Gyarados|Bounce|p2a: Silver|[still]
|-prepare|p1a: Gyarados|Bounce|p2a: Silver
|move|p2a: Silver|Dragon Dance|p2a: Silver
|-boost|p2a: Silver|atk|1
|-boost|p2a: Silver|spe|1
|
|turn|22
|
|move|p2a: Silver|Dragon Dance|p2a: Silver
|-boost|p2a: Silver|atk|1
|-boost|p2a: Silver|spe|1
|move|p1a: Gyarados|Bounce|p2a: Silver|[miss]
|-miss|p1a: Gyarados|p2a: Silver
|
|turn|23
|
|switch|p1a: Heatran|Heatran, M|279\/386
|move|p2a: Silver|Frustration|p1a: Heatran
|-resisted|p1a: Heatran
|-damage|p1a: Heatran|178\/386
|
|-heal|p1a: Heatran|202\/386|[from] item: Leftovers
|turn|24
|
|move|p2a: Silver|Frustration|p1a: Heatran
|-resisted|p1a: Heatran
|-damage|p1a: Heatran|94\/386
|move|p1a: Heatran|Roar|p2a: Silver
|drag|p2a: Gengar|Gengar, M, shiny|122\/261
|
|-heal|p1a: Heatran|118\/386|[from] item: Leftovers
|turn|25
|
|move|p2a: Gengar|Shadow Ball|p1a: Heatran
|-damage|p1a: Heatran|0 fnt
|-damage|p2a: Gengar|96\/261|[from] item: Life Orb
|faint|p1a: Heatran
|
|
|switch|p1a: Starmie|Starmie|323\/323
|turn|26
|
|switch|p2a: Azumarill|Azumarill, F|339\/387
|move|p1a: Starmie|Psyshock|p2a: Azumarill
|-damage|p2a: Azumarill|231\/387
|
|turn|27
|
|switch|p1a: Venusaur|Venusaur-Mega, M|182\/353
|switch|p2a: Gengar|Gengar, M, shiny|96\/261
|
|turn|28
|
|move|p2a: Gengar|Sludge Wave|p1a: Venusaur
|-damage|p1a: Venusaur|0 fnt
|-damage|p2a: Gengar|70\/261|[from] item: Life Orb
|faint|p1a: Venusaur
|
|
|switch|p1a: Starmie|Starmie|323\/323
|turn|29
|c|âLusch|wow
|c|âLusch|gengar is a beast^^
|
|move|p1a: Starmie|Scald|p2a: Gengar
|-damage|p2a: Gengar|0 fnt
|faint|p2a: Gengar
|
|
|switch|p2a: Azumarill|Azumarill, F|231\/387
|turn|30
|
|move|p1a: Starmie|Scald|p2a: Azumarill
|-resisted|p2a: Azumarill
|-damage|p2a: Azumarill|198\/387
|move|p2a: Azumarill|Knock Off|p1a: Starmie
|-supereffective|p1a: Starmie
|-damage|p1a: Starmie|45\/323
|-enditem|p1a: Starmie|Leftovers|[from] move: Knock Off|[of] p2a: Azumarill
|
|turn|31
|
|move|p2a: Azumarill|Aqua Jet|p1a: Starmie
|-resisted|p1a: Starmie
|-damage|p1a: Starmie|0 fnt
|faint|p1a: Starmie
|
|
|switch|p1a: Gyarados|Gyarados, M|331\/331
|-ability|p1a: Gyarados|Intimidate|[of] p2a: Azumarill
|-unboost|p2a: Azumarill|atk|1
|turn|32
|
|move|p1a: Gyarados|Dragon Dance|p1a: Gyarados
|-boost|p1a: Gyarados|atk|1
|-boost|p1a: Gyarados|spe|1
|move|p2a: Azumarill|Knock Off|p1a: Gyarados
|-damage|p1a: Gyarados|210\/331
|-enditem|p1a: Gyarados|Leftovers|[from] move: Knock Off|[of] p2a: Azumarill
|
|turn|33
|
|move|p1a: Gyarados|Dragon Dance|p1a: Gyarados
|-boost|p1a: Gyarados|atk|1
|-boost|p1a: Gyarados|spe|1
|move|p2a: Azumarill|Play Rough|p1a: Gyarados
|-damage|p1a: Gyarados|50\/331
|
|turn|34
|
|move|p2a: Azumarill|Aqua Jet|p1a: Gyarados
|-resisted|p1a: Gyarados
|-damage|p1a: Gyarados|17\/331
|move|p1a: Gyarados|Bounce|p2a: Azumarill|[still]
|-prepare|p1a: Gyarados|Bounce|p2a: Azumarill
|
|turn|35
|
|switch|p2a: Silver|Altaria-Mega, M, shiny|313\/313
|move|p1a: Gyarados|Bounce|p2a: Silver
|-damage|p2a: Silver|37\/313
|-status|p2a: Silver|par
|
|turn|36
|
|move|p1a: Gyarados|Waterfall|p2a: Silver
|-resisted|p2a: Silver
|-damage|p2a: Silver|0 fnt
|faint|p2a: Silver
|
|
|switch|p2a: Azumarill|Azumarill, F|198\/387
|turn|37
|c|âLusch|gg
|
|move|p2a: Azumarill|Aqua Jet|p1a: Gyarados
|-resisted|p1a: Gyarados
|-damage|p1a: Gyarados|0 fnt
|faint|p1a: Gyarados
|
|win|LMay
|raw|Ladder updating...
|raw|Lusch's rating: 1554 &rarr; <strong>1535<\/strong><br \/>(-19 for losing)
|raw|LMay's rating: 1553 &rarr; <strong>1573<\/strong><br \/>(+20 for winning)