|join|Magnaru
|join|LMay
|player|p1|Magnaru|190
|player|p2|LMay|283
|gametype|singles
|gen|6
|tier|OU
|rated
|clearpoke
|poke|p1|Sharpedo, M
|poke|p1|Weavile, M
|poke|p1|Landorus-Therian, M
|poke|p1|Excadrill, F
|poke|p1|Latios, M
|poke|p1|Manaphy
|poke|p2|Altaria, M, shiny
|poke|p2|Heatran, M
|poke|p2|Magnezone, shiny
|poke|p2|Landorus-Therian, M
|poke|p2|Rotom-Wash, shiny
|poke|p2|Latios, M, shiny
|rule|Swagger Clause: Swagger is banned
|rule|Baton Pass Clause: Limit one PokÃ©mon knowing Baton Pass
|rule|Sleep Clause Mod: Limit one foe put to sleep
|rule|Species Clause: Limit one of each PokÃ©mon
|rule|OHKO Clause: OHKO moves are banned
|rule|Moody Clause: Moody is banned
|rule|Evasion Moves Clause: Evasion moves are banned
|rule|Endless Battle Clause: Forcing endless battles is banned
|rule|HP Percentage Mod: HP is shown in percentages
|teampreview
|
|start
|switch|p1a: Landorus-Therian|Landorus-Therian, M|319\/319
|switch|p2a: WhatIDo|Landorus-Therian, M|319\/319
|-ability|p1a: Landorus-Therian|Intimidate|[of] p2a: WhatIDo
|-unboost|p2a: WhatIDo|atk|1
|-ability|p2a: WhatIDo|Intimidate|[of] p1a: Landorus-Therian
|-unboost|p1a: Landorus-Therian|atk|1
|turn|1
|
|move|p1a: Landorus-Therian|Knock Off|p2a: WhatIDo
|-damage|p2a: WhatIDo|237\/319
|-enditem|p2a: WhatIDo|Choice Scarf|[from] move: Knock Off|[of] p1a: Landorus-Therian
|move|p2a: WhatIDo|Knock Off|p1a: Landorus-Therian
|-damage|p1a: Landorus-Therian|224\/319
|-enditem|p1a: Landorus-Therian|Choice Scarf|[from] move: Knock Off|[of] p2a: WhatIDo
|
|turn|2
|c|âMagnaru|bam
|c|âMagnaru|rekt
|
|move|p1a: Landorus-Therian|Knock Off|p2a: WhatIDo
|-damage|p2a: WhatIDo|176\/319
|move|p2a: WhatIDo|U-turn|p1a: Landorus-Therian
|-resisted|p1a: Landorus-Therian
|-damage|p1a: Landorus-Therian|192\/319
|
|switch|p2a: HotnChick|Heatran, M|385\/385
|-item|p2a: HotnChick|Air Balloon
|
|turn|3
|
|move|p1a: Landorus-Therian|U-turn|p2a: HotnChick
|-resisted|p2a: HotnChick
|-damage|p2a: HotnChick|370\/385
|-enditem|p2a: HotnChick|Air Balloon
|
|switch|p1a: Excadrill|Excadrill, F|362\/362
|-ability|p1a: Excadrill|Mold Breaker
|-item|p1a: Excadrill|Air Balloon
|move|p2a: HotnChick|Stealth Rock|p1a: Excadrill
|-sidestart|p1: Magnaru|move: Stealth Rock
|
|turn|4
|
|move|p1a: Excadrill|Rapid Spin|p2a: HotnChick
|-resisted|p2a: HotnChick
|-damage|p2a: HotnChick|359\/385
|-sideend|p1: Magnaru|Stealth Rock|[from] move: Rapid Spin|[of] p1a: Excadrill
|move|p2a: HotnChick|Lava Plume|p1a: Excadrill
|-supereffective|p1a: Excadrill
|-damage|p1a: Excadrill|14\/362
|-enditem|p1a: Excadrill|Air Balloon
|
|turn|5
|
|switch|p2a: WhatIDo|Landorus-Therian, M|176\/319
|-ability|p2a: WhatIDo|Intimidate|[of] p1a: Excadrill
|-unboost|p1a: Excadrill|atk|1
|move|p1a: Excadrill|Earthquake|p2a: WhatIDo
|-immune|p2a: WhatIDo|[msg]
|
|turn|6
|
|switch|p1a: Landorus-Therian|Landorus-Therian, M|192\/319
|-ability|p1a: Landorus-Therian|Intimidate|[of] p2a: WhatIDo
|-unboost|p2a: WhatIDo|atk|1
|move|p2a: WhatIDo|U-turn|p1a: Landorus-Therian
|-resisted|p1a: Landorus-Therian
|-damage|p1a: Landorus-Therian|158\/319
|
|switch|p2a: Silver|Altaria, M, shiny|309\/309
|
|turn|7
|
|move|p1a: Landorus-Therian|Stone Edge|p2a: Silver|[miss]
|-miss|p1a: Landorus-Therian|p2a: Silver
|move|p2a: Silver|Dragon Dance|p2a: Silver
|-boost|p2a: Silver|atk|1
|-boost|p2a: Silver|spe|1
|
|turn|8
|
|detailschange|p2a: Silver|Altaria-Mega, M, shiny
|-mega|p2a: Silver|Altaria|Altarianite
|move|p2a: Silver|Dragon Dance|p2a: Silver
|-boost|p2a: Silver|atk|1
|-boost|p2a: Silver|spe|1
|move|p1a: Landorus-Therian|Stone Edge|p2a: Silver
|-damage|p2a: Silver|190\/309
|
|turn|9
|
|move|p2a: Silver|Frustration|p1a: Landorus-Therian
|-damage|p1a: Landorus-Therian|0 fnt
|faint|p1a: Landorus-Therian
|
|
|switch|p1a: Weavile|Weavile, M|281\/281
|-ability|p1a: Weavile|Pressure
|turn|10
|
|move|p1a: Weavile|Ice Shard|p2a: Silver
|-supereffective|p2a: Silver
|-damage|p2a: Silver|16\/309
|-damage|p1a: Weavile|253\/281|[from] item: Life Orb
|move|p2a: Silver|Frustration|p1a: Weavile
|-crit|p1a: Weavile
|-supereffective|p1a: Weavile
|-damage|p1a: Weavile|0 fnt
|faint|p1a: Weavile
|
|
|switch|p1a: Manaphy|Manaphy|341\/341
|turn|11
|
|move|p2a: Silver|Frustration|p1a: Manaphy
|-damage|p1a: Manaphy|0 fnt
|faint|p1a: Manaphy
|
|-message|Magnaru lost due to inactivity.
|
|win|LMay
|raw|Ladder updating...
|raw|Magnaru's rating: 1412 &rarr; <strong>1396<\/strong><br \/>(-16 for losing)
|raw|LMay's rating: 1479 &rarr; <strong>1495<\/strong><br \/>(+16 for winning)