|join|100Zaj
|join|LMay
|player|p1|100Zaj|153
|player|p2|LMay|283
|gametype|singles
|gen|6
|tier|OU (suspect test)
|rated
|clearpoke
|poke|p1|Latios, M
|poke|p1|Venusaur, F
|poke|p1|Darmanitan, M
|poke|p1|Excadrill, M
|poke|p1|Thundurus, M
|poke|p1|Gallade, M
|poke|p2|Altaria, M, shiny
|poke|p2|Heatran, M, shiny
|poke|p2|Azumarill, M, shiny
|poke|p2|Landorus-Therian, M, shiny
|poke|p2|Rotom-Wash, shiny
|poke|p2|Latios, M, shiny
|rule|Swagger Clause: Swagger is banned
|rule|Baton Pass Clause: Limit one PokÃ©mon knowing Baton Pass
|rule|Sleep Clause Mod: Limit one foe put to sleep
|rule|Species Clause: Limit one of each PokÃ©mon
|rule|OHKO Clause: OHKO moves are banned
|rule|Moody Clause: Moody is banned
|rule|Evasion Moves Clause: Evasion moves are banned
|rule|Endless Battle Clause: Forcing endless battles is banned
|rule|HP Percentage Mod: HP is shown in percentages
|teampreview
|c|â100Zaj|gl and hf
|
|start
|switch|p1a: Browzart|Darmanitan, M|351\/351
|switch|p2a: WatR|Rotom-Wash, shiny|303\/303
|turn|1
|c|âLMay|u2
|c|â100Zaj|thanks
|
|move|p1a: Browzart|U-turn|p2a: WatR
|-damage|p2a: WatR|235\/303
|
|switch|p1a: Queen Mamba|Venusaur, F|343\/343
|move|p2a: WatR|Volt Switch|p1a: Queen Mamba
|-crit|p1a: Queen Mamba
|-resisted|p1a: Queen Mamba
|-damage|p1a: Queen Mamba|283\/343
|
|switch|p2a: Latios|Latios, M, shiny|307\/307
|
|-heal|p1a: Queen Mamba|304\/343|[from] item: Black Sludge
|turn|2
|
|switch|p1a: Browzart|Darmanitan, M|351\/351
|move|p2a: Latios|Psyshock|p1a: Browzart
|-damage|p1a: Browzart|46\/351
|-damage|p2a: Latios|277\/307|[from] item: Life Orb
|
|turn|3
|
|switch|p2a: HotnChick|Heatran, M, shiny|385\/385
|move|p1a: Browzart|U-turn|p2a: HotnChick
|-resisted|p2a: HotnChick
|-damage|p2a: HotnChick|362\/385
|
|switch|p1a: Coco X|Excadrill, M|362\/362
|-ability|p1a: Coco X|Mold Breaker
|
|-heal|p2a: HotnChick|385\/385|[from] item: Leftovers
|turn|4
|
|switch|p1a: Phantom Shock|Thundurus, M|300\/300
|move|p2a: HotnChick|Stealth Rock|p1a: Phantom Shock
|-sidestart|p1: 100Zaj|move: Stealth Rock
|
|turn|5
|
|move|p1a: Phantom Shock|Focus Blast|p2a: HotnChick
|-supereffective|p2a: HotnChick
|-damage|p2a: HotnChick|109\/385
|-damage|p1a: Phantom Shock|270\/300|[from] item: Life Orb
|move|p2a: HotnChick|Lava Plume|p1a: Phantom Shock
|-damage|p1a: Phantom Shock|134\/300
|-status|p1a: Phantom Shock|brn
|
|-heal|p2a: HotnChick|133\/385|[from] item: Leftovers
|-damage|p1a: Phantom Shock|97\/300 brn|[from] brn
|turn|6
|
|move|p1a: Phantom Shock|Hidden Power|p2a: HotnChick
|-resisted|p2a: HotnChick
|-damage|p2a: HotnChick|117\/385
|-damage|p1a: Phantom Shock|67\/300 brn|[from] item: Life Orb
|move|p2a: HotnChick|Roar|p1a: Phantom Shock
|drag|p1a: Sugar Daddy|Gallade, M|278\/278
|-damage|p1a: Sugar Daddy|261\/278|[from] Stealth Rock
|
|-heal|p2a: HotnChick|141\/385|[from] item: Leftovers
|turn|7
|
|detailschange|p1a: Sugar Daddy|Gallade-Mega, M
|-mega|p1a: Sugar Daddy|Gallade|Galladite
|move|p1a: Sugar Daddy|Knock Off|p2a: HotnChick
|-damage|p2a: HotnChick|19\/385
|-enditem|p2a: HotnChick|Leftovers|[from] move: Knock Off|[of] p1a: Sugar Daddy
|move|p2a: HotnChick|Lava Plume|p1a: Sugar Daddy
|-damage|p1a: Sugar Daddy|156\/278
|
|turn|8
|
|move|p1a: Sugar Daddy|Psycho Cut|p2a: HotnChick
|-resisted|p2a: HotnChick
|-damage|p2a: HotnChick|0 fnt
|faint|p2a: HotnChick
|
|
|switch|p2a: WhatIDo|Landorus-Therian, M, shiny|319\/319
|-ability|p2a: WhatIDo|Intimidate|[of] p1a: Sugar Daddy
|-unboost|p1a: Sugar Daddy|atk|1
|turn|9
|
|switch|p1a: Queen Mamba|Venusaur, F|304\/343
|-damage|p1a: Queen Mamba|262\/343|[from] Stealth Rock
|move|p2a: WhatIDo|U-turn|p1a: Queen Mamba
|-damage|p1a: Queen Mamba|193\/343
|
|switch|p2a: Latios|Latios, M, shiny|277\/307
|
|-heal|p1a: Queen Mamba|214\/343|[from] item: Black Sludge
|turn|10
|
|switch|p1a: Browzart|Darmanitan, M|46\/351
|-damage|p1a: Browzart|0 fnt|[from] Stealth Rock
|faint|p1a: Browzart
|move|p2a: Latios|Draco Meteor|p1: Browzart|[notarget]
|-notarget
|
|
|switch|p1a: Phantom Shock|Thundurus, M|67\/300 brn
|-damage|p1a: Phantom Shock|0 fnt|[from] Stealth Rock
|faint|p1a: Phantom Shock
|
|switch|p1a: Sugar Daddy|Gallade-Mega, M|156\/278
|-damage|p1a: Sugar Daddy|139\/278|[from] Stealth Rock
|turn|11
|c|âLMay|speed tie go
|
|move|p1a: Sugar Daddy|Knock Off|p2a: Latios
|-supereffective|p2a: Latios
|-damage|p2a: Latios|0 fnt
|-enditem|p2a: Latios|Life Orb|[from] move: Knock Off|[of] p1a: Sugar Daddy
|faint|p2a: Latios
|
|c|âLMay|nice gg
|
|switch|p2a: WhatIDo|Landorus-Therian, M, shiny|319\/319
|-ability|p2a: WhatIDo|Intimidate|[of] p1a: Sugar Daddy
|-unboost|p1a: Sugar Daddy|atk|1
|turn|12
|
|switch|p1a: Queen Mamba|Venusaur, F|214\/343
|-damage|p1a: Queen Mamba|172\/343|[from] Stealth Rock
|move|p2a: WhatIDo|U-turn|p1a: Queen Mamba
|-damage|p1a: Queen Mamba|93\/343
|
|switch|p2a: Silver|Altaria, M, shiny|309\/309
|
|-heal|p1a: Queen Mamba|114\/343|[from] item: Black Sludge
|turn|13
|
|detailschange|p2a: Silver|Altaria-Mega, M, shiny
|-mega|p2a: Silver|Altaria|Altarianite
|move|p2a: Silver|Earthquake|p1a: Queen Mamba
|-damage|p1a: Queen Mamba|26\/343
|move|p1a: Queen Mamba|Sleep Powder|p2a: Silver
|-status|p2a: Silver|slp
|
|-heal|p1a: Queen Mamba|47\/343|[from] item: Black Sludge
|turn|14
|
|cant|p2a: Silver|slp
|move|p1a: Queen Mamba|Giga Drain|p2a: Silver
|-resisted|p2a: Silver
|-damage|p2a: Silver|244\/309 slp
|-heal|p1a: Queen Mamba|80\/343|[from] drain|[of] p2a: Silver
|
|-heal|p1a: Queen Mamba|101\/343|[from] item: Black Sludge
|turn|15
|
|-curestatus|p2a: Silver|slp
|move|p2a: Silver|Dragon Dance|p2a: Silver
|-boost|p2a: Silver|atk|1
|-boost|p2a: Silver|spe|1
|move|p1a: Queen Mamba|Sludge Bomb|p2a: Silver
|-supereffective|p2a: Silver
|-damage|p2a: Silver|4\/309
|
|-heal|p1a: Queen Mamba|122\/343|[from] item: Black Sludge
|turn|16
|
|move|p2a: Silver|Earthquake|p1a: Queen Mamba
|-damage|p1a: Queen Mamba|0 fnt
|faint|p1a: Queen Mamba
|
|
|switch|p1a: Coco X|Excadrill, M|362\/362
|-damage|p1a: Coco X|351\/362|[from] Stealth Rock
|-ability|p1a: Coco X|Mold Breaker
|turn|17
|
|move|p1a: Coco X|Iron Head|p2a: Silver
|-supereffective|p2a: Silver
|-damage|p2a: Silver|0 fnt
|faint|p2a: Silver
|
|
|switch|p2a: WhatIDo|Landorus-Therian, M, shiny|319\/319
|-ability|p2a: WhatIDo|Intimidate|[of] p1a: Coco X
|-unboost|p1a: Coco X|atk|1
|turn|18
|
|switch|p1a: Jiro|Latios, M|302\/302
|-damage|p1a: Jiro|265\/302|[from] Stealth Rock
|move|p2a: WhatIDo|Knock Off|p1a: Jiro
|-supereffective|p1a: Jiro
|-damage|p1a: Jiro|0 fnt
|-enditem|p1a: Jiro|Expert Belt|[from] move: Knock Off|[of] p2a: WhatIDo
|faint|p1a: Jiro
|
|
|switch|p1a: Sugar Daddy|Gallade-Mega, M|139\/278
|-damage|p1a: Sugar Daddy|122\/278|[from] Stealth Rock
|turn|19
|c|â100Zaj|I think you took it
|c|â100Zaj|gg
|c|âLMay|nah
|
|switch|p2a: WatR|Rotom-Wash, shiny|235\/303
|move|p1a: Sugar Daddy|Ice Punch|p2a: WatR
|-resisted|p2a: WatR
|-damage|p2a: WatR|201\/303
|
|-heal|p2a: WatR|219\/303|[from] item: Leftovers
|turn|20
|
|move|p1a: Sugar Daddy|Knock Off|p2a: WatR
|-damage|p2a: WatR|117\/303
|-enditem|p2a: WatR|Leftovers|[from] move: Knock Off|[of] p1a: Sugar Daddy
|move|p2a: WatR|Hydro Pump|p1a: Sugar Daddy
|-damage|p1a: Sugar Daddy|13\/278
|
|turn|21
|
|move|p1a: Sugar Daddy|Close Combat|p2a: WatR
|-damage|p2a: WatR|0 fnt
|-unboost|p1a: Sugar Daddy|def|1
|-unboost|p1a: Sugar Daddy|spd|1
|faint|p2a: WatR
|
|
|switch|p2a: Tails|Azumarill, M, shiny|394\/394
|turn|22
|
|move|p2a: Tails|Aqua Jet|p1a: Sugar Daddy
|-damage|p1a: Sugar Daddy|0 fnt
|faint|p1a: Sugar Daddy
|
|
|switch|p1a: Coco X|Excadrill, M|351\/362
|-damage|p1a: Coco X|340\/362|[from] Stealth Rock
|-ability|p1a: Coco X|Mold Breaker
|turn|23
|
|switch|p2a: WhatIDo|Landorus-Therian, M, shiny|319\/319
|-ability|p2a: WhatIDo|Intimidate|[of] p1a: Coco X
|-unboost|p1a: Coco X|atk|1
|move|p1a: Coco X|Iron Head|p2a: WhatIDo
|-damage|p2a: WhatIDo|199\/319
|
|turn|24
|
|move|p2a: WhatIDo|Knock Off|p1a: Coco X
|-damage|p1a: Coco X|148\/362
|-enditem|p1a: Coco X|Choice Scarf|[from] move: Knock Off|[of] p2a: WhatIDo
|move|p1a: Coco X|Iron Head|p2a: WhatIDo
|-damage|p2a: WhatIDo|87\/319
|
|turn|25
|
|move|p2a: WhatIDo|Knock Off|p1a: Coco X
|-damage|p1a: Coco X|12\/362
|move|p1a: Coco X|Iron Head|p2a: WhatIDo
|-damage|p2a: WhatIDo|0 fnt
|faint|p2a: WhatIDo
|
|
|switch|p2a: Tails|Azumarill, M, shiny|394\/394
|turn|26
|c|â100Zaj|gg
|c|âLMay|gg ^^
|
|move|p2a: Tails|Aqua Jet|p1a: Coco X
|-supereffective|p1a: Coco X
|-damage|p1a: Coco X|0 fnt
|faint|p1a: Coco X
|
|win|LMay
|raw|Ladder updating...
|raw|100Zaj's rating: 1215 &rarr; <strong>1194<\/strong><br \/>(-21 for losing)
|raw|LMay's rating: 1277 &rarr; <strong>1298<\/strong><br \/>(+21 for winning)
|leave|100Zaj
|leave|LMay
|player|p1
|player|p2
|join|LMay