|join|firematch
|join|LMay
|player|p1|firematch|101
|player|p2|LMay|283
|gametype|singles
|gen|6
|tier|OU (suspect test)
|rated
|clearpoke
|poke|p1|Heliolisk, M
|poke|p1|Politoed, F
|poke|p1|Chesnaught, F
|poke|p1|Goodra, M
|poke|p1|Excadrill, M
|poke|p1|Gyarados, M
|poke|p2|Altaria, M, shiny
|poke|p2|Heatran, M, shiny
|poke|p2|Gengar, F, shiny
|poke|p2|Landorus-Therian, M, shiny
|poke|p2|Rotom-Wash, shiny
|poke|p2|Latios, M, shiny
|rule|Swagger Clause: Swagger is banned
|rule|Baton Pass Clause: Limit one PokÃ©mon knowing Baton Pass
|rule|Sleep Clause Mod: Limit one foe put to sleep
|rule|Species Clause: Limit one of each PokÃ©mon
|rule|OHKO Clause: OHKO moves are banned
|rule|Moody Clause: Moody is banned
|rule|Evasion Moves Clause: Evasion moves are banned
|rule|Endless Battle Clause: Forcing endless battles is banned
|rule|HP Percentage Mod: HP is shown in percentages
|teampreview
|
|start
|switch|p1a: Heliolisk|Heliolisk, M|265\/265
|switch|p2a: WatR|Rotom-Wash, shiny|303\/303
|turn|1
|
|switch|p2a: HotnChick|Heatran, M, shiny|385\/385
|move|p1a: Heliolisk|Volt Switch|p2a: HotnChick
|-damage|p2a: HotnChick|286\/385
|-damage|p1a: Heliolisk|239\/265|[from] item: Life Orb
|
|switch|p1a: Gyarados|Gyarados, M|361\/361
|-ability|p1a: Gyarados|Intimidate|[of] p2a: HotnChick
|-unboost|p2a: HotnChick|atk|1
|
|-heal|p2a: HotnChick|310\/385|[from] item: Leftovers
|turn|2
|
|move|p1a: Gyarados|Dragon Dance|p1a: Gyarados
|-boost|p1a: Gyarados|atk|1
|-boost|p1a: Gyarados|spe|1
|move|p2a: HotnChick|Stealth Rock|p1a: Gyarados
|-sidestart|p1: firematch|move: Stealth Rock
|
|-heal|p2a: HotnChick|334\/385|[from] item: Leftovers
|turn|3
|
|move|p1a: Gyarados|Dragon Dance|p1a: Gyarados
|-boost|p1a: Gyarados|atk|1
|-boost|p1a: Gyarados|spe|1
|move|p2a: HotnChick|Roar|p1a: Gyarados
|drag|p1a: Excadrill|Excadrill, M|361\/361
|-damage|p1a: Excadrill|350\/361|[from] Stealth Rock
|-ability|p1a: Excadrill|Mold Breaker
|
|-heal|p2a: HotnChick|358\/385|[from] item: Leftovers
|turn|4
|
|switch|p2a: WhatIDo|Landorus-Therian, M, shiny|319\/319
|-ability|p2a: WhatIDo|Intimidate|[of] p1a: Excadrill
|-unboost|p1a: Excadrill|atk|1
|move|p1a: Excadrill|Earthquake|p2a: WhatIDo
|-immune|p2a: WhatIDo|[msg]
|
|turn|5
|
|switch|p1a: Chesnaught|Chesnaught, F|380\/380
|-damage|p1a: Chesnaught|357\/380|[from] Stealth Rock
|move|p2a: WhatIDo|U-turn|p1a: Chesnaught
|-damage|p1a: Chesnaught|305\/380
|
|switch|p2a: Silver|Altaria, M, shiny|309\/309
|
|-heal|p1a: Chesnaught|328\/380|[from] item: Leftovers
|turn|6
|
|detailschange|p2a: Silver|Altaria-Mega, M, shiny
|-mega|p2a: Silver|Altaria|Altarianite
|move|p2a: Silver|Dragon Dance|p2a: Silver
|-boost|p2a: Silver|atk|1
|-boost|p2a: Silver|spe|1
|move|p1a: Chesnaught|Leech Seed|p2a: Silver
|-start|p2a: Silver|move: Leech Seed
|
|-heal|p1a: Chesnaught|351\/380|[from] item: Leftovers
|-damage|p2a: Silver|271\/309|[from] Leech Seed|[of] p1a: Chesnaught
|-heal|p1a: Chesnaught|380\/380|[silent]
|turn|7
|
|switch|p1a: Excadrill|Excadrill, M|350\/361
|-damage|p1a: Excadrill|339\/361|[from] Stealth Rock
|-ability|p1a: Excadrill|Mold Breaker
|move|p2a: Silver|Roost|p2a: Silver
|-heal|p2a: Silver|309\/309
|
|-damage|p2a: Silver|271\/309|[from] Leech Seed|[of] p1a: Excadrill
|-heal|p1a: Excadrill|361\/361|[silent]
|turn|8
|
|switch|p2a: WhatIDo|Landorus-Therian, M, shiny|319\/319
|-ability|p2a: WhatIDo|Intimidate|[of] p1a: Excadrill
|-unboost|p1a: Excadrill|atk|1
|move|p1a: Excadrill|Iron Head|p2a: WhatIDo
|-damage|p2a: WhatIDo|210\/319
|
|turn|9
|
|switch|p1a: Chesnaught|Chesnaught, F|380\/380
|-damage|p1a: Chesnaught|357\/380|[from] Stealth Rock
|move|p2a: WhatIDo|Knock Off|p1a: Chesnaught
|-resisted|p1a: Chesnaught
|-damage|p1a: Chesnaught|320\/380
|-enditem|p1a: Chesnaught|Leftovers|[from] move: Knock Off|[of] p2a: WhatIDo
|
|turn|10
|
|switch|p2a: Silver|Altaria-Mega, M, shiny|271\/309
|move|p1a: Chesnaught|Leech Seed|p2a: Silver
|-start|p2a: Silver|move: Leech Seed
|
|-damage|p2a: Silver|233\/309|[from] Leech Seed|[of] p1a: Chesnaught
|-heal|p1a: Chesnaught|358\/380|[silent]
|turn|11
|
|switch|p1a: Excadrill|Excadrill, M|361\/361
|-damage|p1a: Excadrill|350\/361|[from] Stealth Rock
|-ability|p1a: Excadrill|Mold Breaker
|move|p2a: Silver|Frustration|p1a: Excadrill
|-resisted|p1a: Excadrill
|-damage|p1a: Excadrill|170\/361
|
|-damage|p2a: Silver|195\/309|[from] Leech Seed|[of] p1a: Excadrill
|-heal|p1a: Excadrill|208\/361|[silent]
|turn|12
|
|switch|p2a: WatR|Rotom-Wash, shiny|303\/303
|move|p1a: Excadrill|Iron Head|p2a: WatR
|-resisted|p2a: WatR
|-damage|p2a: WatR|276\/303
|
|-heal|p2a: WatR|294\/303|[from] item: Leftovers
|turn|13
|
|switch|p1a: Goodra|Goodra, M|383\/383
|-damage|p1a: Goodra|336\/383|[from] Stealth Rock
|move|p2a: WatR|Will-O-Wisp|p1a: Goodra
|-status|p1a: Goodra|brn
|
|-heal|p2a: WatR|303\/303|[from] item: Leftovers
|-damage|p1a: Goodra|289\/383 brn|[from] brn
|turn|14
|
|move|p2a: WatR|Volt Switch|p1a: Goodra
|-resisted|p1a: Goodra
|-damage|p1a: Goodra|268\/383 brn
|
|switch|p2a: Silver|Altaria-Mega, M, shiny|195\/309
|move|p1a: Goodra|Draco Meteor|p2a: Silver
|-immune|p2a: Silver|[msg]
|
|-damage|p1a: Goodra|221\/383 brn|[from] brn
|turn|15
|
|move|p2a: Silver|Roost|p2a: Silver
|-heal|p2a: Silver|309\/309
|move|p1a: Goodra|Sludge Bomb|p2a: Silver
|-supereffective|p2a: Silver
|-damage|p2a: Silver|97\/309
|
|-damage|p1a: Goodra|174\/383 brn|[from] brn
|turn|16
|
|move|p2a: Silver|Frustration|p1a: Goodra
|-supereffective|p1a: Goodra
|-damage|p1a: Goodra|0 fnt
|faint|p1a: Goodra
|
|
|switch|p1a: Heliolisk|Heliolisk, M|239\/265
|-damage|p1a: Heliolisk|206\/265|[from] Stealth Rock
|turn|17
|
|switch|p2a: HotnChick|Heatran, M, shiny|358\/385
|move|p1a: Heliolisk|Hidden Power|p2a: HotnChick
|-resisted|p2a: HotnChick
|-damage|p2a: HotnChick|342\/385
|-damage|p1a: Heliolisk|180\/265|[from] item: Life Orb
|
|-heal|p2a: HotnChick|366\/385|[from] item: Leftovers
|turn|18
|
|switch|p1a: Politoed|Politoed, F|383\/383
|-damage|p1a: Politoed|336\/383|[from] Stealth Rock
|-weather|RainDance
|move|p2a: HotnChick|Roar|p1a: Politoed
|drag|p1a: Excadrill|Excadrill, M|208\/361
|-damage|p1a: Excadrill|197\/361|[from] Stealth Rock
|-ability|p1a: Excadrill|Mold Breaker
|
|-weather|RainDance|[upkeep]
|-heal|p2a: HotnChick|385\/385|[from] item: Leftovers
|turn|19
|
|switch|p2a: WhatIDo|Landorus-Therian, M, shiny|210\/319
|-ability|p2a: WhatIDo|Intimidate|[of] p1a: Excadrill
|-unboost|p1a: Excadrill|atk|1
|move|p1a: Excadrill|Earthquake|p2a: WhatIDo
|-immune|p2a: WhatIDo|[msg]
|
|-weather|RainDance|[upkeep]
|turn|20
|
|switch|p1a: Chesnaught|Chesnaught, F|358\/380
|-damage|p1a: Chesnaught|335\/380|[from] Stealth Rock
|move|p2a: WhatIDo|U-turn|p1a: Chesnaught
|-damage|p1a: Chesnaught|273\/380
|
|switch|p2a: Silver|Altaria-Mega, M, shiny|97\/309
|
|-weather|RainDance|[upkeep]
|turn|21
|
|move|p2a: Silver|Roost|p2a: Silver
|-heal|p2a: Silver|252\/309
|move|p1a: Chesnaught|Leech Seed|p2a: Silver
|-start|p2a: Silver|move: Leech Seed
|
|-weather|RainDance|[upkeep]
|-damage|p2a: Silver|214\/309|[from] Leech Seed|[of] p1a: Chesnaught
|-heal|p1a: Chesnaught|311\/380|[silent]
|turn|22
|
|move|p2a: Silver|Frustration|p1a: Chesnaught
|-supereffective|p1a: Chesnaught
|-damage|p1a: Chesnaught|23\/380
|move|p1a: Chesnaught|Spikes|p2a: Silver
|-sidestart|p2: LMay|Spikes
|
|-weather|RainDance|[upkeep]
|-damage|p2a: Silver|176\/309|[from] Leech Seed|[of] p1a: Chesnaught
|-heal|p1a: Chesnaught|61\/380|[silent]
|turn|23
|
|move|p1a: Chesnaught|Spiky Shield|p1a: Chesnaught
|-singleturn|p1a: Chesnaught|move: Protect
|move|p2a: Silver|Roost|p2a: Silver
|-heal|p2a: Silver|309\/309
|
|-weather|RainDance|[upkeep]
|-damage|p2a: Silver|271\/309|[from] Leech Seed|[of] p1a: Chesnaught
|-heal|p1a: Chesnaught|99\/380|[silent]
|turn|24
|
|switch|p1a: Politoed|Politoed, F|336\/383
|-damage|p1a: Politoed|289\/383|[from] Stealth Rock
|move|p2a: Silver|Frustration|p1a: Politoed
|-damage|p1a: Politoed|81\/383
|
|-weather|RainDance|[upkeep]
|-damage|p2a: Silver|233\/309|[from] Leech Seed|[of] p1a: Politoed
|-heal|p1a: Politoed|119\/383|[silent]
|turn|25
|
|move|p1a: Politoed|Protect|p1a: Politoed
|-singleturn|p1a: Politoed|Protect
|move|p2a: Silver|Frustration|p1a: Politoed
|-activate|p1a: Politoed|Protect
|
|-weather|none
|-damage|p2a: Silver|195\/309|[from] Leech Seed|[of] p1a: Politoed
|-heal|p1a: Politoed|157\/383|[silent]
|turn|26
|
|switch|p2a: WhatIDo|Landorus-Therian, M, shiny|210\/319
|-ability|p2a: WhatIDo|Intimidate|[of] p1a: Politoed
|-unboost|p1a: Politoed|atk|1
|switch|p1a: Chesnaught|Chesnaught, F|99\/380
|-damage|p1a: Chesnaught|76\/380|[from] Stealth Rock
|
|turn|27
|
|move|p1a: Chesnaught|Spiky Shield|p1a: Chesnaught
|-singleturn|p1a: Chesnaught|move: Protect
|move|p2a: WhatIDo|U-turn|p1a: Chesnaught
|-activate|p1a: Chesnaught|move: Protect
|-damage|p2a: WhatIDo|171\/319|[from] Spiky Shield|[of] p1a: Chesnaught
|
|turn|28
|
|switch|p1a: Excadrill|Excadrill, M|197\/361
|-damage|p1a: Excadrill|186\/361|[from] Stealth Rock
|-ability|p1a: Excadrill|Mold Breaker
|move|p2a: WhatIDo|U-turn|p1a: Excadrill
|-resisted|p1a: Excadrill
|-damage|p1a: Excadrill|117\/361
|
|switch|p2a: WatR|Rotom-Wash, shiny|303\/303
|
|turn|29
|
|move|p1a: Excadrill|Rapid Spin|p2a: WatR
|-damage|p2a: WatR|284\/303
|-sideend|p1: firematch|Stealth Rock|[from] move: Rapid Spin|[of] p1a: Excadrill
|move|p2a: WatR|Volt Switch|p1a: Excadrill
|-immune|p1a: Excadrill|[msg]
|
|-heal|p2a: WatR|302\/303|[from] item: Leftovers
|turn|30
|
|switch|p1a: Politoed|Politoed, F|157\/383
|-weather|RainDance
|move|p2a: WatR|Will-O-Wisp|p1a: Politoed|[miss]
|-miss|p2a: WatR|p1a: Politoed
|
|-weather|RainDance|[upkeep]
|-heal|p2a: WatR|303\/303|[from] item: Leftovers
|turn|31
|
|move|p2a: WatR|Volt Switch|p1a: Politoed
|-supereffective|p1a: Politoed
|-damage|p1a: Politoed|0 fnt
|faint|p1a: Politoed
|
|switch|p2a: WhatIDo|Landorus-Therian, M, shiny|171\/319
|
|-weather|RainDance|[upkeep]
|
|switch|p1a: Gyarados|Gyarados, M|361\/361
|-ability|p1a: Gyarados|Intimidate|[of] p2a: WhatIDo
|-unboost|p2a: WhatIDo|atk|1
|turn|32
|
|switch|p2a: WatR|Rotom-Wash, shiny|303\/303
|move|p1a: Gyarados|Dragon Dance|p1a: Gyarados
|-boost|p1a: Gyarados|atk|1
|-boost|p1a: Gyarados|spe|1
|
|-weather|RainDance|[upkeep]
|turn|33
|
|detailschange|p1a: Gyarados|Gyarados-Mega, M
|-mega|p1a: Gyarados|Gyarados|Gyaradosite
|-ability|p1a: Gyarados|Mold Breaker
|move|p1a: Gyarados|Earthquake|p2a: WatR
|-supereffective|p2a: WatR
|-damage|p2a: WatR|0 fnt
|faint|p2a: WatR
|
|-weather|RainDance|[upkeep]
|
|switch|p2a: WhatIDo|Landorus-Therian, M, shiny|171\/319
|-ability|p2a: WhatIDo|Intimidate|[of] p1a: Gyarados
|-unboost|p1a: Gyarados|atk|1
|turn|34
|
|move|p2a: WhatIDo|Superpower|p1a: Gyarados
|-supereffective|p1a: Gyarados
|-damage|p1a: Gyarados|81\/361
|-unboost|p2a: WhatIDo|atk|1
|-unboost|p2a: WhatIDo|def|1
|move|p1a: Gyarados|Dragon Dance|p1a: Gyarados
|-boost|p1a: Gyarados|atk|1
|-boost|p1a: Gyarados|spe|1
|
|-weather|RainDance|[upkeep]
|turn|35
|
|move|p1a: Gyarados|Waterfall|p2a: WhatIDo
|-supereffective|p2a: WhatIDo
|-damage|p2a: WhatIDo|0 fnt
|faint|p2a: WhatIDo
|
|-weather|RainDance|[upkeep]
|
|switch|p2a: Silver|Altaria-Mega, M, shiny|195\/309
|-damage|p2a: Silver|157\/309|[from] Spikes
|turn|36
|
|move|p1a: Gyarados|Earthquake|p2a: Silver
|-damage|p2a: Silver|0 fnt
|faint|p2a: Silver
|
|-weather|RainDance|[upkeep]
|
|switch|p2a: Latios|Latios, M, shiny|307\/307
|turn|37
|
|move|p1a: Gyarados|Crunch|p2a: Latios
|-supereffective|p2a: Latios
|-damage|p2a: Latios|0 fnt
|faint|p2a: Latios
|
|-weather|none
|-message|LMay forfeited.
|
|win|firematch
|raw|Ladder updating...
|leave|LMay
|player|p2
|raw|firematch's rating: 1206 &rarr; <strong>1232<\/strong><br \/>(+26 for winning)
|raw|LMay's rating: 1228 &rarr; <strong>1201<\/strong><br \/>(-27 for losing)