|join|Divine Rose
|join|Sweep
|player|p1|Divine Rose|33
|player|p2|Sweep|1
|gametype|singles
|gen|6
|tier|OU
|rated
|clearpoke
|poke|p1|Celebi
|poke|p1|Heatran, F, shiny
|poke|p1|Rotom-Wash
|poke|p1|Lopunny, F
|poke|p1|Gothitelle, M
|poke|p1|Mandibuzz, F
|poke|p2|Crawdaunt, M
|poke|p2|Ferrothorn, F
|poke|p2|Gengar, F
|poke|p2|Hippowdon, M
|poke|p2|Latios, M
|poke|p2|Aerodactyl, M
|rule|Swagger Clause: Swagger is banned
|rule|Baton Pass Clause: Limit one PokÃ©mon knowing Baton Pass
|rule|Sleep Clause Mod: Limit one foe put to sleep
|rule|Species Clause: Limit one of each PokÃ©mon
|rule|OHKO Clause: OHKO moves are banned
|rule|Moody Clause: Moody is banned
|rule|Evasion Moves Clause: Evasion moves are banned
|rule|Endless Battle Clause: Forcing endless battles is banned
|rule|HP Percentage Mod: HP is shown in percentages
|teampreview
|
|start
|switch|p1a: Lopunny|Lopunny, F|271\/271
|switch|p2a: Aerodactyl|Aerodactyl, M|309\/309
|-ability|p2a: Aerodactyl|Pressure
|turn|1
|
|detailschange|p2a: Aerodactyl|Aerodactyl-Mega, M
|-mega|p2a: Aerodactyl|Aerodactyl|Aerodactylite
|detailschange|p1a: Lopunny|Lopunny-Mega, F
|-mega|p1a: Lopunny|Lopunny|Lopunnite
|move|p1a: Lopunny|Fake Out|p2a: Aerodactyl
|-resisted|p2a: Aerodactyl
|-damage|p2a: Aerodactyl|264\/309
|cant|p2a: Aerodactyl|flinch
|
|turn|2
|
|switch|p1a: Rotom-Wash|Rotom-Wash|303\/303
|move|p2a: Aerodactyl|Stone Edge|p1a: Rotom-Wash
|-crit|p1a: Rotom-Wash
|-damage|p1a: Rotom-Wash|110\/303
|
|-heal|p1a: Rotom-Wash|128\/303|[from] item: Leftovers
|turn|3
|
|move|p2a: Aerodactyl|Stone Edge|p1a: Rotom-Wash|[miss]
|-miss|p2a: Aerodactyl|p1a: Rotom-Wash
|move|p1a: Rotom-Wash|Pain Split|p2a: Aerodactyl
|-sethp|p2a: Aerodactyl|196\/309|p1a: Rotom-Wash|196\/303|[from] move: Pain Split
|
|-heal|p1a: Rotom-Wash|214\/303|[from] item: Leftovers
|turn|4
|
|switch|p2a: Gengar|Gengar, F|261\/261
|move|p1a: Rotom-Wash|Will-O-Wisp|p2a: Gengar
|-status|p2a: Gengar|brn
|
|-heal|p1a: Rotom-Wash|232\/303|[from] item: Leftovers
|-damage|p2a: Gengar|229\/261 brn|[from] brn
|turn|5
|
|switch|p1a: Mandibuzz|Mandibuzz, F|423\/423
|move|p2a: Gengar|Focus Blast|p1a: Mandibuzz
|-damage|p1a: Mandibuzz|246\/423
|-damage|p2a: Gengar|203\/261 brn|[from] item: Life Orb
|
|-heal|p1a: Mandibuzz|272\/423|[from] item: Leftovers
|-damage|p2a: Gengar|171\/261 brn|[from] brn
|turn|6
|
|switch|p2a: Aerodactyl|Aerodactyl-Mega, M|196\/309
|move|p1a: Mandibuzz|Roost|p1a: Mandibuzz
|-heal|p1a: Mandibuzz|423\/423
|
|turn|7
|
|move|p2a: Aerodactyl|Stone Edge|p1a: Mandibuzz
|-supereffective|p1a: Mandibuzz
|-damage|p1a: Mandibuzz|127\/423
|move|p1a: Mandibuzz|Foul Play|p2a: Aerodactyl
|-damage|p2a: Aerodactyl|0 fnt
|faint|p2a: Aerodactyl
|
|-heal|p1a: Mandibuzz|153\/423|[from] item: Leftovers
|
|switch|p2a: Crawdaunt|Crawdaunt, M|269\/269
|turn|8
|
|move|p2a: Crawdaunt|Crabhammer|p1a: Mandibuzz
|-damage|p1a: Mandibuzz|0 fnt
|-damage|p2a: Crawdaunt|243\/269|[from] item: Life Orb
|faint|p1a: Mandibuzz
|
|
|switch|p1a: Celebi|Celebi|403\/403
|turn|9
|
|switch|p2a: Ferrothorn|Ferrothorn, F|352\/352
|move|p1a: Celebi|U-turn|p2a: Ferrothorn
|-damage|p2a: Ferrothorn|322\/352
|-damage|p1a: Celebi|353\/403|[from] ability: Iron Barbs|[of] p2a: Ferrothorn
|
|switch|p1a: Heatran|Heatran, F, shiny|385\/385
|
|-heal|p2a: Ferrothorn|344\/352|[from] item: Leftovers
|turn|10
|
|switch|p2a: Crawdaunt|Crawdaunt, M|243\/269
|move|p1a: Heatran|Lava Plume|p2a: Crawdaunt
|-resisted|p2a: Crawdaunt
|-damage|p2a: Crawdaunt|150\/269
|
|turn|11
|
|switch|p1a: Rotom-Wash|Rotom-Wash|232\/303
|move|p2a: Crawdaunt|Knock Off|p1a: Rotom-Wash
|-damage|p1a: Rotom-Wash|37\/303
|-enditem|p1a: Rotom-Wash|Leftovers|[from] move: Knock Off|[of] p2a: Crawdaunt
|-damage|p2a: Crawdaunt|124\/269|[from] item: Life Orb
|
|turn|12
|
|move|p2a: Crawdaunt|Knock Off|p1a: Rotom-Wash
|-damage|p1a: Rotom-Wash|0 fnt
|-damage|p2a: Crawdaunt|98\/269|[from] item: Life Orb
|faint|p1a: Rotom-Wash
|
|
|switch|p1a: Celebi|Celebi|353\/403
|turn|13
|
|switch|p2a: Ferrothorn|Ferrothorn, F|344\/352
|move|p1a: Celebi|U-turn|p2a: Ferrothorn
|-damage|p2a: Ferrothorn|313\/352
|-damage|p1a: Celebi|303\/403|[from] ability: Iron Barbs|[of] p2a: Ferrothorn
|
|switch|p1a: Heatran|Heatran, F, shiny|385\/385
|
|-heal|p2a: Ferrothorn|335\/352|[from] item: Leftovers
|turn|14
|
|switch|p2a: Hippowdon|Hippowdon, M|419\/419
|-weather|Sandstorm
|move|p1a: Heatran|Lava Plume|p2a: Hippowdon
|-damage|p2a: Hippowdon|278\/419
|
|-weather|Sandstorm|[upkeep]
|-heal|p2a: Hippowdon|304\/419|[from] item: Leftovers
|turn|15
|
|switch|p1a: Celebi|Celebi|303\/403
|move|p2a: Hippowdon|Stealth Rock|p1a: Celebi
|-sidestart|p1: Divine Rose|move: Stealth Rock
|
|-weather|Sandstorm|[upkeep]
|-damage|p1a: Celebi|278\/403|[from] Sandstorm
|-heal|p1a: Celebi|303\/403|[from] item: Leftovers
|-heal|p2a: Hippowdon|330\/419|[from] item: Leftovers
|turn|16
|
|switch|p2a: Ferrothorn|Ferrothorn, F|335\/352
|move|p1a: Celebi|U-turn|p2a: Ferrothorn
|-damage|p2a: Ferrothorn|302\/352
|-damage|p1a: Celebi|253\/403|[from] ability: Iron Barbs|[of] p2a: Ferrothorn
|
|switch|p1a: Heatran|Heatran, F, shiny|385\/385
|-damage|p1a: Heatran|337\/385|[from] Stealth Rock
|
|-weather|Sandstorm|[upkeep]
|-heal|p1a: Heatran|361\/385|[from] item: Leftovers
|-heal|p2a: Ferrothorn|324\/352|[from] item: Leftovers
|turn|17
|
|switch|p2a: Hippowdon|Hippowdon, M|330\/419
|move|p1a: Heatran|Lava Plume|p2a: Hippowdon
|-damage|p2a: Hippowdon|212\/419
|
|-weather|Sandstorm|[upkeep]
|-heal|p1a: Heatran|385\/385|[from] item: Leftovers
|-heal|p2a: Hippowdon|238\/419|[from] item: Leftovers
|turn|18
|
|switch|p1a: Celebi|Celebi|253\/403
|-damage|p1a: Celebi|203\/403|[from] Stealth Rock
|move|p2a: Hippowdon|Slack Off|p2a: Hippowdon
|-heal|p2a: Hippowdon|419\/419
|
|-weather|none
|-heal|p1a: Celebi|228\/403|[from] item: Leftovers
|turn|19
|
|switch|p2a: Ferrothorn|Ferrothorn, F|324\/352
|move|p1a: Celebi|Recover|p1a: Celebi
|-heal|p1a: Celebi|403\/403
|
|-heal|p2a: Ferrothorn|346\/352|[from] item: Leftovers
|turn|20
|
|switch|p1a: Heatran|Heatran, F, shiny|385\/385
|-damage|p1a: Heatran|337\/385|[from] Stealth Rock
|move|p2a: Ferrothorn|Spikes|p1a: Heatran
|-sidestart|p1: Divine Rose|Spikes
|
|-heal|p1a: Heatran|361\/385|[from] item: Leftovers
|-heal|p2a: Ferrothorn|352\/352|[from] item: Leftovers
|turn|21
|
|switch|p2a: Hippowdon|Hippowdon, M|419\/419
|-weather|Sandstorm
|move|p1a: Heatran|Lava Plume|p2a: Hippowdon
|-damage|p2a: Hippowdon|283\/419
|
|-weather|Sandstorm|[upkeep]
|-heal|p1a: Heatran|385\/385|[from] item: Leftovers
|-heal|p2a: Hippowdon|309\/419|[from] item: Leftovers
|turn|22
|
|switch|p1a: Celebi|Celebi|403\/403
|-damage|p1a: Celebi|353\/403|[from] Spikes
|-damage|p1a: Celebi|303\/403|[from] Stealth Rock
|move|p2a: Hippowdon|Whirlwind|p1a: Celebi
|drag|p1a: Lopunny|Lopunny-Mega, F|271\/271
|-damage|p1a: Lopunny|255\/271|[from] Stealth Rock
|-damage|p1a: Lopunny|222\/271|[from] Spikes
|
|-weather|Sandstorm|[upkeep]
|-damage|p1a: Lopunny|206\/271|[from] Sandstorm
|-heal|p2a: Hippowdon|335\/419|[from] item: Leftovers
|turn|23
|
|move|p1a: Lopunny|Power-Up Punch|p2a: Hippowdon
|-damage|p2a: Hippowdon|286\/419
|-boost|p1a: Lopunny|atk|1
|move|p2a: Hippowdon|Earthquake|p1a: Lopunny
|-damage|p1a: Lopunny|77\/271
|
|-weather|Sandstorm|[upkeep]
|-damage|p1a: Lopunny|61\/271|[from] Sandstorm
|-heal|p2a: Hippowdon|312\/419|[from] item: Leftovers
|turn|24
|
|move|p1a: Lopunny|Drain Punch|p2a: Hippowdon
|-damage|p2a: Hippowdon|161\/419
|-heal|p1a: Lopunny|137\/271|[from] drain|[of] p2a: Hippowdon
|move|p2a: Hippowdon|Earthquake|p1a: Lopunny
|-damage|p1a: Lopunny|11\/271
|
|-weather|Sandstorm|[upkeep]
|-damage|p1a: Lopunny|0 fnt|[from] Sandstorm
|-heal|p2a: Hippowdon|187\/419|[from] item: Leftovers
|faint|p1a: Lopunny
|
|switch|p1a: Celebi|Celebi|303\/403
|-damage|p1a: Celebi|253\/403|[from] Spikes
|-damage|p1a: Celebi|203\/403|[from] Stealth Rock
|turn|25
|
|move|p1a: Celebi|Giga Drain|p2a: Hippowdon
|-supereffective|p2a: Hippowdon
|-damage|p2a: Hippowdon|11\/419
|-heal|p1a: Celebi|291\/403|[from] drain|[of] p2a: Hippowdon
|move|p2a: Hippowdon|Whirlwind|p1a: Celebi
|drag|p1a: Gothitelle|Gothitelle, M|281\/281
|-damage|p1a: Gothitelle|246\/281|[from] Spikes
|-damage|p1a: Gothitelle|211\/281|[from] Stealth Rock
|
|-weather|none
|-heal|p2a: Hippowdon|37\/419|[from] item: Leftovers
|turn|26
|
|switch|p1a: Celebi|Celebi|291\/403
|-damage|p1a: Celebi|241\/403|[from] Spikes
|-damage|p1a: Celebi|191\/403|[from] Stealth Rock
|move|p2a: Hippowdon|Whirlwind|p1a: Celebi
|drag|p1a: Gothitelle|Gothitelle, M|211\/281
|-damage|p1a: Gothitelle|176\/281|[from] Spikes
|-damage|p1a: Gothitelle|141\/281|[from] Stealth Rock
|
|-heal|p2a: Hippowdon|63\/419|[from] item: Leftovers
|turn|27
|
|switch|p1a: Celebi|Celebi|191\/403
|-damage|p1a: Celebi|141\/403|[from] Spikes
|-damage|p1a: Celebi|91\/403|[from] Stealth Rock
|move|p2a: Hippowdon|Whirlwind|p1a: Celebi
|drag|p1a: Gothitelle|Gothitelle, M|141\/281
|-damage|p1a: Gothitelle|106\/281|[from] Spikes
|-damage|p1a: Gothitelle|71\/281|[from] Stealth Rock
|
|-heal|p2a: Hippowdon|89\/419|[from] item: Leftovers
|turn|28
|join|mouse de frank
|
|move|p1a: Gothitelle|Psychic|p2a: Hippowdon
|-damage|p2a: Hippowdon|0 fnt
|faint|p2a: Hippowdon
|
|
|switch|p2a: Crawdaunt|Crawdaunt, M|98\/269
|turn|29
|
|switch|p1a: Celebi|Celebi|91\/403
|-damage|p1a: Celebi|41\/403|[from] Spikes
|-damage|p1a: Celebi|0 fnt|[from] Stealth Rock
|faint|p1a: Celebi
|move|p2a: Crawdaunt|Aqua Jet|p1: Celebi|[notarget]
|-notarget
|
|-message|Divine Rose forfeited.
|
|win|Sweep
|raw|Ladder updating...
|raw|Divine Rose's rating: 1641 &rarr; <strong>1616<\/strong><br \/>(-25 for losing)
|raw|Sweep's rating: 1557 &rarr; <strong>1581<\/strong><br \/>(+24 for winning)
|leave|Divine Rose
|player|p1
|c|âSweep|i got lucky all game
|leave|mouse de frank