|join|Aka DH
|join|Divine Rose
|player|p1|Aka DH|1
|player|p2|Divine Rose|33
|gametype|singles
|gen|6
|tier|OU
|rated
|clearpoke
|poke|p1|Bisharp, F
|poke|p1|Venusaur, F
|poke|p1|Heatran, M
|poke|p1|Keldeo
|poke|p1|Chansey, F
|poke|p1|Skarmory, M
|poke|p2|Clefable, M
|poke|p2|Gliscor, M
|poke|p2|Keldeo-Resolute
|poke|p2|Latios, M
|poke|p2|Tyranitar, F
|poke|p2|Charizard, F
|rule|Swagger Clause: Swagger is banned
|rule|Baton Pass Clause: Limit one PokÃ©mon knowing Baton Pass
|rule|Sleep Clause Mod: Limit one foe put to sleep
|rule|Species Clause: Limit one of each PokÃ©mon
|rule|OHKO Clause: OHKO moves are banned
|rule|Moody Clause: Moody is banned
|rule|Evasion Moves Clause: Evasion moves are banned
|rule|Endless Battle Clause: Forcing endless battles is banned
|rule|HP Percentage Mod: HP is shown in percentages
|teampreview
|
|start
|switch|p1a: Venusaur|Venusaur, F|364\/364
|switch|p2a: Charizard|Charizard, F|311\/311
|turn|1
|
|switch|p1a: Chansey|Chansey, F|684\/684
|detailschange|p2a: Charizard|Charizard-Mega-Y, F
|-mega|p2a: Charizard|Charizard|Charizardite Y
|-weather|SunnyDay
|move|p2a: Charizard|Fire Blast|p1a: Chansey
|-damage|p1a: Chansey|452\/684
|-status|p1a: Chansey|brn
|
|-weather|SunnyDay|[upkeep]
|-damage|p1a: Chansey|367\/684 brn|[from] brn
|turn|2
|
|switch|p2a: Gliscor|Gliscor, M|353\/353
|move|p1a: Chansey|Soft-Boiled|p1a: Chansey
|-heal|p1a: Chansey|684\/684 brn
|
|-weather|SunnyDay|[upkeep]
|-damage|p1a: Chansey|599\/684 brn|[from] brn
|-status|p2a: Gliscor|tox|[from] item: Toxic Orb
|turn|3
|
|switch|p1a: Venusaur|Venusaur, F|364\/364
|move|p2a: Gliscor|Knock Off|p1a: Venusaur
|-damage|p1a: Venusaur|321\/364
|
|-weather|SunnyDay|[upkeep]
|turn|4
|
|detailschange|p1a: Venusaur|Venusaur-Mega, F
|-mega|p1a: Venusaur|Venusaur|Venusaurite
|move|p2a: Gliscor|Taunt|p1a: Venusaur
|-start|p1a: Venusaur|move: Taunt
|move|p1a: Venusaur|Giga Drain|p2a: Gliscor
|-damage|p2a: Gliscor|218\/353 tox
|-heal|p1a: Venusaur|364\/364|[from] drain|[of] p2a: Gliscor
|
|-weather|SunnyDay|[upkeep]
|-heal|p2a: Gliscor|262\/353 tox|[from] ability: Poison Heal
|turn|5
|
|switch|p2a: Latios|Latios, M|301\/301
|switch|p1a: Heatran|Heatran, M|340\/340
|-item|p1a: Heatran|Air Balloon
|
|-weather|none
|turn|6
|
|move|p2a: Latios|Psyshock|p1a: Heatran
|-resisted|p1a: Heatran
|-damage|p1a: Heatran|258\/340
|-enditem|p1a: Heatran|Air Balloon
|-damage|p2a: Latios|271\/301|[from] item: Life Orb
|move|p1a: Heatran|Toxic|p2a: Latios
|-status|p2a: Latios|tox
|
|-damage|p2a: Latios|253\/301 tox|[from] psn
|turn|7
|
|switch|p2a: Keldeo-Resolute|Keldeo-Resolute|323\/323
|move|p1a: Heatran|Stealth Rock|p2a: Keldeo-Resolute
|-sidestart|p2: Divine Rose|move: Stealth Rock
|
|turn|8
|
|switch|p1a: Venusaur|Venusaur-Mega, F|364\/364
|move|p2a: Keldeo-Resolute|Substitute|p2a: Keldeo-Resolute
|-start|p2a: Keldeo-Resolute|Substitute
|-damage|p2a: Keldeo-Resolute|243\/323
|
|-heal|p2a: Keldeo-Resolute|263\/323|[from] item: Leftovers
|turn|9
|join|Mistaken
|
|move|p2a: Keldeo-Resolute|Scald|p1a: Venusaur
|-resisted|p1a: Venusaur
|-damage|p1a: Venusaur|304\/364
|-status|p1a: Venusaur|brn
|move|p1a: Venusaur|Giga Drain|p2a: Keldeo-Resolute
|-supereffective|p2a: Keldeo-Resolute
|-end|p2a: Keldeo-Resolute|Substitute
|-heal|p1a: Venusaur|344\/364 brn|[from] drain|[of] p2a: Keldeo-Resolute
|
|-heal|p2a: Keldeo-Resolute|283\/323|[from] item: Leftovers
|-damage|p1a: Venusaur|299\/364 brn|[from] brn
|turn|10
|
|switch|p2a: Latios|Latios, M|253\/301 tox
|-damage|p2a: Latios|216\/301 tox|[from] Stealth Rock
|move|p1a: Venusaur|Leech Seed|p2a: Latios
|-start|p2a: Latios|move: Leech Seed
|
|-damage|p2a: Latios|179\/301 tox|[from] Leech Seed|[of] p1a: Venusaur
|-heal|p1a: Venusaur|336\/364 brn|[silent]
|-damage|p2a: Latios|161\/301 tox|[from] psn
|-damage|p1a: Venusaur|291\/364 brn|[from] brn
|turn|11
|leave|Mistaken
|
|switch|p1a: Heatran|Heatran, M|258\/340
|move|p2a: Latios|Defog|p1a: Heatran
|-unboost|p1a: Heatran|evasion|1
|-sideend|p2: Divine Rose|Stealth Rock|[from] move: Defog|[of] p2a: Latios
|
|-damage|p2a: Latios|124\/301 tox|[from] Leech Seed|[of] p1a: Heatran
|-heal|p1a: Heatran|295\/340|[silent]
|-damage|p2a: Latios|88\/301 tox|[from] psn
|turn|12
|
|move|p2a: Latios|Roost|p2a: Latios
|-heal|p2a: Latios|239\/301 tox
|move|p1a: Heatran|Stealth Rock|p2a: Latios
|-sidestart|p2: Divine Rose|move: Stealth Rock
|
|-damage|p2a: Latios|202\/301 tox|[from] Leech Seed|[of] p1a: Heatran
|-heal|p1a: Heatran|332\/340|[silent]
|-damage|p2a: Latios|148\/301 tox|[from] psn
|turn|13
|
|switch|p2a: Gliscor|Gliscor, M|262\/353 tox
|-damage|p2a: Gliscor|218\/353 tox|[from] Stealth Rock
|move|p1a: Heatran|Fire Blast|p2a: Gliscor
|-damage|p2a: Gliscor|4\/353 tox
|
|-heal|p2a: Gliscor|48\/353 tox|[from] ability: Poison Heal
|turn|14
|
|move|p1a: Heatran|Fire Blast|p2a: Gliscor
|-damage|p2a: Gliscor|0 fnt
|faint|p2a: Gliscor
|
|
|switch|p2a: Clefable|Clefable, M|394\/394
|turn|15
|
|move|p1a: Heatran|Fire Blast|p2a: Clefable
|-damage|p2a: Clefable|240\/394
|move|p2a: Clefable|Thunder Wave|p1a: Heatran
|-status|p1a: Heatran|par
|
|-heal|p2a: Clefable|264\/394|[from] item: Leftovers
|turn|16
|
|switch|p1a: Chansey|Chansey, F|599\/684
|move|p2a: Clefable|Stealth Rock|p1a: Chansey
|-sidestart|p1: Aka DH|move: Stealth Rock
|
|-heal|p2a: Clefable|288\/394|[from] item: Leftovers
|turn|17
|
|switch|p2a: Latios|Latios, M|148\/301 tox
|-damage|p2a: Latios|111\/301 tox|[from] Stealth Rock
|move|p1a: Chansey|Aromatherapy|p1a: Chansey
|-cureteam|p1a: Chansey|[from] move: Aromatherapy
|
|-damage|p2a: Latios|93\/301 tox|[from] psn
|turn|18
|
|switch|p1a: Heatran|Heatran, M|332\/340
|-damage|p1a: Heatran|290\/340|[from] Stealth Rock
|move|p2a: Latios|Roost|p2a: Latios
|-heal|p2a: Latios|244\/301 tox
|
|-damage|p2a: Latios|208\/301 tox|[from] psn
|turn|19
|
|move|p2a: Latios|Draco Meteor|p1a: Heatran
|-resisted|p1a: Heatran
|-damage|p1a: Heatran|155\/340
|-unboost|p2a: Latios|spa|2
|-damage|p2a: Latios|178\/301 tox|[from] item: Life Orb
|move|p1a: Heatran|Fire Blast|p2a: Latios
|-resisted|p2a: Latios
|-damage|p2a: Latios|105\/301 tox
|
|-damage|p2a: Latios|51\/301 tox|[from] psn
|turn|20
|
|move|p2a: Latios|Draco Meteor|p1a: Heatran
|-resisted|p1a: Heatran
|-damage|p1a: Heatran|85\/340
|-unboost|p2a: Latios|spa|2
|-damage|p2a: Latios|21\/301 tox|[from] item: Life Orb
|move|p1a: Heatran|Fire Blast|p2a: Latios|[miss]
|-miss|p1a: Heatran|p2a: Latios
|
|-damage|p2a: Latios|0 fnt|[from] psn
|faint|p2a: Latios
|
|switch|p2a: Tyranitar|Tyranitar, F|341\/341
|-damage|p2a: Tyranitar|299\/341|[from] Stealth Rock
|-weather|Sandstorm
|turn|21
|
|move|p2a: Tyranitar|Pursuit|p1a: Heatran
|-damage|p1a: Heatran|21\/340
|move|p1a: Heatran|Toxic|p2a: Tyranitar
|-status|p2a: Tyranitar|tox
|
|-weather|Sandstorm|[upkeep]
|-damage|p2a: Tyranitar|278\/341 tox|[from] psn
|turn|22
|
|move|p2a: Tyranitar|Pursuit|p1a: Heatran
|-damage|p1a: Heatran|0 fnt
|faint|p1a: Heatran
|
|-weather|Sandstorm|[upkeep]
|-damage|p2a: Tyranitar|236\/341 tox|[from] psn
|
|switch|p1a: Skarmory|Skarmory, M|334\/334
|-damage|p1a: Skarmory|293\/334|[from] Stealth Rock
|turn|23
|
|switch|p2a: Clefable|Clefable, M|288\/394
|move|p1a: Skarmory|Spikes|p2a: Clefable
|-sidestart|p2: Divine Rose|Spikes
|
|-weather|Sandstorm|[upkeep]
|-heal|p2a: Clefable|312\/394|[from] item: Leftovers
|turn|24
|
|move|p1a: Skarmory|Spikes|p2a: Clefable
|-sidestart|p2: Divine Rose|Spikes
|move|p2a: Clefable|Thunder Wave|p1a: Skarmory
|-status|p1a: Skarmory|par
|
|-weather|Sandstorm|[upkeep]
|-heal|p2a: Clefable|336\/394|[from] item: Leftovers
|turn|25
|
|switch|p2a: Charizard|Charizard-Mega-Y, F|311\/311
|-damage|p2a: Charizard|156\/311|[from] Stealth Rock
|-weather|SunnyDay
|move|p1a: Skarmory|Spikes|p2a: Charizard
|-sidestart|p2: Divine Rose|Spikes
|
|-weather|SunnyDay|[upkeep]
|turn|26
|
|switch|p1a: Chansey|Chansey, F|599\/684
|-damage|p1a: Chansey|514\/684|[from] Stealth Rock
|move|p2a: Charizard|Fire Blast|p1a: Chansey
|-crit|p1a: Chansey
|-damage|p1a: Chansey|162\/684
|-status|p1a: Chansey|brn
|
|-weather|SunnyDay|[upkeep]
|-damage|p1a: Chansey|77\/684 brn|[from] brn
|turn|27
|
|move|p2a: Charizard|Solar Beam|p1a: Chansey|[still]
|-prepare|p2a: Charizard|Solar Beam|p1a: Chansey
|-anim|p2a: Charizard|Solar Beam|p1a: Chansey
|-damage|p1a: Chansey|0 fnt
|faint|p1a: Chansey
|
|-weather|SunnyDay|[upkeep]
|
|switch|p1a: Keldeo|Keldeo|323\/323
|-damage|p1a: Keldeo|303\/323|[from] Stealth Rock
|turn|28
|
|move|p1a: Keldeo|Calm Mind|p1a: Keldeo
|-boost|p1a: Keldeo|spa|1
|-boost|p1a: Keldeo|spd|1
|move|p2a: Charizard|Solar Beam|p1a: Keldeo|[still]
|-prepare|p2a: Charizard|Solar Beam|p1a: Keldeo
|-anim|p2a: Charizard|Solar Beam|p1a: Keldeo
|-supereffective|p1a: Keldeo
|-damage|p1a: Keldeo|29\/323
|
|-weather|SunnyDay|[upkeep]
|-heal|p1a: Keldeo|49\/323|[from] item: Leftovers
|turn|29
|
|switch|p2a: Clefable|Clefable, M|336\/394
|move|p1a: Keldeo|Scald|p2a: Clefable
|-damage|p2a: Clefable|225\/394
|
|-weather|none
|-heal|p1a: Keldeo|69\/323|[from] item: Leftovers
|-heal|p2a: Clefable|249\/394|[from] item: Leftovers
|turn|30
|
|switch|p1a: Skarmory|Skarmory, M|293\/334 par
|-damage|p1a: Skarmory|252\/334 par|[from] Stealth Rock
|move|p2a: Clefable|Moonblast|p1a: Skarmory
|-resisted|p1a: Skarmory
|-damage|p1a: Skarmory|191\/334 par
|-unboost|p1a: Skarmory|spa|1
|
|-heal|p2a: Clefable|273\/394|[from] item: Leftovers
|turn|31
|
|move|p2a: Clefable|Soft-Boiled|p2a: Clefable
|-heal|p2a: Clefable|394\/394
|cant|p1a: Skarmory|par
|
|turn|32
|
|move|p2a: Clefable|Thunder Wave|p1a: Skarmory
|-fail|p1a: Skarmory|par
|move|p1a: Skarmory|Roost|p1a: Skarmory
|-heal|p1a: Skarmory|334\/334 par
|
|turn|33
|
|move|p2a: Clefable|Thunder Wave|p1a: Skarmory
|-fail|p1a: Skarmory|par
|cant|p1a: Skarmory|par
|
|turn|34
|
|move|p2a: Clefable|Moonblast|p1a: Skarmory
|-resisted|p1a: Skarmory
|-damage|p1a: Skarmory|280\/334 par
|-unboost|p1a: Skarmory|spa|1
|move|p1a: Skarmory|Whirlwind|p2a: Clefable
|drag|p2a: Keldeo-Resolute|Keldeo-Resolute|283\/323
|-damage|p2a: Keldeo-Resolute|203\/323|[from] Spikes
|-damage|p2a: Keldeo-Resolute|183\/323|[from] Stealth Rock
|
|-heal|p2a: Keldeo-Resolute|203\/323|[from] item: Leftovers
|turn|35
|
|switch|p1a: Venusaur|Venusaur-Mega, F|291\/364
|-damage|p1a: Venusaur|246\/364|[from] Stealth Rock
|move|p2a: Keldeo-Resolute|Scald|p1a: Venusaur
|-resisted|p1a: Venusaur
|-damage|p1a: Venusaur|190\/364
|-status|p1a: Venusaur|brn
|
|-heal|p2a: Keldeo-Resolute|223\/323|[from] item: Leftovers
|-damage|p1a: Venusaur|145\/364 brn|[from] brn
|turn|36
|c|âAka DH|pathetic haxer
|c|âDivine Rose|Bcuz I can obviously control the fate of that.
|c|âDivine Rose|You're an idiot for thinking that
|
|move|p2a: Keldeo-Resolute|Calm Mind|p2a: Keldeo-Resolute
|-boost|p2a: Keldeo-Resolute|spa|1
|-boost|p2a: Keldeo-Resolute|spd|1
|move|p1a: Venusaur|Synthesis|p1a: Venusaur
|-heal|p1a: Venusaur|327\/364 brn
|
|-heal|p2a: Keldeo-Resolute|243\/323|[from] item: Leftovers
|-damage|p1a: Venusaur|282\/364 brn|[from] brn
|turn|37
|
|move|p2a: Keldeo-Resolute|Calm Mind|p2a: Keldeo-Resolute
|-boost|p2a: Keldeo-Resolute|spa|1
|-boost|p2a: Keldeo-Resolute|spd|1
|move|p1a: Venusaur|Giga Drain|p2a: Keldeo-Resolute
|-supereffective|p2a: Keldeo-Resolute
|-damage|p2a: Keldeo-Resolute|139\/323
|-heal|p1a: Venusaur|334\/364 brn|[from] drain|[of] p2a: Keldeo-Resolute
|
|-heal|p2a: Keldeo-Resolute|159\/323|[from] item: Leftovers
|-damage|p1a: Venusaur|289\/364 brn|[from] brn
|turn|38
|
|move|p2a: Keldeo-Resolute|Calm Mind|p2a: Keldeo-Resolute
|-boost|p2a: Keldeo-Resolute|spa|1
|-boost|p2a: Keldeo-Resolute|spd|1
|move|p1a: Venusaur|Giga Drain|p2a: Keldeo-Resolute
|-supereffective|p2a: Keldeo-Resolute
|-damage|p2a: Keldeo-Resolute|61\/323
|-heal|p1a: Venusaur|338\/364 brn|[from] drain|[of] p2a: Keldeo-Resolute
|
|-heal|p2a: Keldeo-Resolute|81\/323|[from] item: Leftovers
|-damage|p1a: Venusaur|293\/364 brn|[from] brn
|turn|39
|
|move|p2a: Keldeo-Resolute|Scald|p1a: Venusaur
|-resisted|p1a: Venusaur
|-damage|p1a: Venusaur|141\/364 brn
|move|p1a: Venusaur|Giga Drain|p2a: Keldeo-Resolute
|-supereffective|p2a: Keldeo-Resolute
|-damage|p2a: Keldeo-Resolute|0 fnt
|-heal|p1a: Venusaur|182\/364 brn|[from] drain|[of] p2a: Keldeo-Resolute
|faint|p2a: Keldeo-Resolute
|
|-damage|p1a: Venusaur|137\/364 brn|[from] brn
|
|switch|p2a: Charizard|Charizard-Mega-Y, F|156\/311
|-damage|p2a: Charizard|1\/311|[from] Stealth Rock
|-weather|SunnyDay
|turn|40
|join|cosine180
|
|move|p2a: Charizard|Roost|p2a: Charizard
|-heal|p2a: Charizard|157\/311
|move|p1a: Venusaur|Leech Seed|p2a: Charizard
|-start|p2a: Charizard|move: Leech Seed
|
|-weather|SunnyDay|[upkeep]
|-damage|p2a: Charizard|119\/311|[from] Leech Seed|[of] p1a: Venusaur
|-heal|p1a: Venusaur|175\/364 brn|[silent]
|-damage|p1a: Venusaur|130\/364 brn|[from] brn
|turn|41
|
|move|p2a: Charizard|Roost|p2a: Charizard
|-heal|p2a: Charizard|275\/311
|move|p1a: Venusaur|Synthesis|p1a: Venusaur
|-heal|p1a: Venusaur|364\/364 brn
|
|-weather|SunnyDay|[upkeep]
|-damage|p2a: Charizard|237\/311|[from] Leech Seed|[of] p1a: Venusaur
|-damage|p1a: Venusaur|319\/364 brn|[from] brn
|turn|42
|
|move|p2a: Charizard|Fire Blast|p1a: Venusaur
|-supereffective|p1a: Venusaur
|-damage|p1a: Venusaur|0 fnt
|faint|p1a: Venusaur
|
|-weather|SunnyDay|[upkeep]
|
|switch|p1a: Keldeo|Keldeo|69\/323
|-damage|p1a: Keldeo|49\/323|[from] Stealth Rock
|turn|43
|
|switch|p2a: Clefable|Clefable, M|394\/394
|move|p1a: Keldeo|Scald|p2a: Clefable
|-damage|p2a: Clefable|324\/394
|-status|p2a: Clefable|brn
|
|-weather|SunnyDay|[upkeep]
|-heal|p1a: Keldeo|69\/323|[from] item: Leftovers
|-heal|p2a: Clefable|348\/394 brn|[from] item: Leftovers
|turn|44
|
|move|p1a: Keldeo|Scald|p2a: Clefable
|-damage|p2a: Clefable|276\/394 brn
|move|p2a: Clefable|Moonblast|p1a: Keldeo
|-supereffective|p1a: Keldeo
|-damage|p1a: Keldeo|0 fnt
|faint|p1a: Keldeo
|
|-weather|none
|-heal|p2a: Clefable|300\/394 brn|[from] item: Leftovers
|
|switch|p1a: Bisharp|Bisharp, F|334\/334
|-damage|p1a: Bisharp|314\/334|[from] Stealth Rock
|turn|45
|
|move|p1a: Bisharp|Swords Dance|p1a: Bisharp
|-boost|p1a: Bisharp|atk|2
|move|p2a: Clefable|Thunder Wave|p1a: Bisharp
|-status|p1a: Bisharp|par
|
|-heal|p2a: Clefable|324\/394 brn|[from] item: Leftovers
|-heal|p1a: Bisharp|334\/334 par|[from] item: Leftovers
|turn|46
|
|move|p2a: Clefable|Moonblast|p1a: Bisharp
|-damage|p1a: Bisharp|183\/334 par
|-unboost|p1a: Bisharp|spa|1
|-boost|p1a: Bisharp|atk|2|[from] ability: Defiant
|cant|p1a: Bisharp|par
|
|-heal|p2a: Clefable|348\/394 brn|[from] item: Leftovers
|-heal|p1a: Bisharp|203\/334 par|[from] item: Leftovers
|turn|47
|
|move|p2a: Clefable|Moonblast|p1a: Bisharp
|-damage|p1a: Bisharp|52\/334 par
|move|p1a: Bisharp|Iron Head|p2a: Clefable
|-supereffective|p2a: Clefable
|-damage|p2a: Clefable|0 fnt
|faint|p2a: Clefable
|
|-heal|p1a: Bisharp|72\/334 par|[from] item: Leftovers
|
|switch|p2a: Tyranitar|Tyranitar, F|236\/341 tox
|-damage|p2a: Tyranitar|151\/341 tox|[from] Spikes
|-damage|p2a: Tyranitar|109\/341 tox|[from] Stealth Rock
|-weather|Sandstorm
|turn|48
|c|âDivine Rose|misclick
|
|move|p1a: Bisharp|Sucker Punch|p2a: Tyranitar
|-crit|p2a: Tyranitar
|-resisted|p2a: Tyranitar
|-damage|p2a: Tyranitar|0 fnt
|faint|p2a: Tyranitar
|
|-weather|Sandstorm|[upkeep]
|-heal|p1a: Bisharp|92\/334 par|[from] item: Leftovers
|
|switch|p2a: Charizard|Charizard-Mega-Y, F|237\/311
|-damage|p2a: Charizard|82\/311|[from] Stealth Rock
|-weather|SunnyDay
|turn|49
|
|cant|p1a: Bisharp|par
|move|p2a: Charizard|Roost|p2a: Charizard
|-heal|p2a: Charizard|238\/311
|
|-weather|SunnyDay|[upkeep]
|-heal|p1a: Bisharp|112\/334 par|[from] item: Leftovers
|turn|50
|c|âDivine Rose|nevertheless gg
|
|move|p1a: Bisharp|Sucker Punch|p2a: Charizard
|-fail|p2a: Charizard
|move|p2a: Charizard|Roost|p2a: Charizard
|-heal|p2a: Charizard|311\/311
|
|-weather|SunnyDay|[upkeep]
|-heal|p1a: Bisharp|132\/334 par|[from] item: Leftovers
|turn|51
|
|move|p1a: Bisharp|Sucker Punch|p2a: Charizard
|-fail|p2a: Charizard
|move|p2a: Charizard|Roost|p2a: Charizard
|-fail|p2a: Charizard
|
|-weather|SunnyDay|[upkeep]
|-heal|p1a: Bisharp|152\/334 par|[from] item: Leftovers
|turn|52
|
|cant|p1a: Bisharp|par
|move|p2a: Charizard|Roost|p2a: Charizard
|-fail|p2a: Charizard
|
|-weather|SunnyDay|[upkeep]
|-heal|p1a: Bisharp|172\/334 par|[from] item: Leftovers
|turn|53
|
|move|p1a: Bisharp|Sucker Punch|p2a: Charizard
|-fail|p2a: Charizard
|move|p2a: Charizard|Roost|p2a: Charizard
|-fail|p2a: Charizard
|
|-weather|none
|-heal|p1a: Bisharp|192\/334 par|[from] item: Leftovers
|turn|54
|
|move|p1a: Bisharp|Sucker Punch|p2a: Charizard
|-fail|p2a: Charizard
|move|p2a: Charizard|Roost|p2a: Charizard
|-fail|p2a: Charizard
|
|-heal|p1a: Bisharp|212\/334 par|[from] item: Leftovers
|turn|55
|
|move|p1a: Bisharp|Sucker Punch|p2a: Charizard
|-damage|p2a: Charizard|0 fnt
|faint|p2a: Charizard
|
|win|Aka DH
|raw|Ladder updating...
|raw|Aka DH's rating: 1724 &rarr; <strong>1739<\/strong><br \/>(+15 for winning)
|raw|Divine Rose's rating: 1639 &rarr; <strong>1624<\/strong><br \/>(-15 for losing)
|leave|cosine180