|join|Turducken64
|join|Divine Rose
|player|p1|Turducken64|10
|player|p2|Divine Rose|33
|gametype|singles
|gen|6
|tier|OU
|rated
|clearpoke
|poke|p1|Zapdos
|poke|p1|Lopunny, F
|poke|p1|Sylveon, M
|poke|p1|Gengar, F
|poke|p1|Crawdaunt, F
|poke|p1|Landorus-Therian, M
|poke|p2|Slowbro, M
|poke|p2|Ferrothorn, F
|poke|p2|Gliscor, M
|poke|p2|Raikou
|poke|p2|Charizard, M
|poke|p2|Latios, M
|rule|Swagger Clause: Swagger is banned
|rule|Baton Pass Clause: Limit one PokÃ©mon knowing Baton Pass
|rule|Sleep Clause Mod: Limit one foe put to sleep
|rule|Species Clause: Limit one of each PokÃ©mon
|rule|OHKO Clause: OHKO moves are banned
|rule|Moody Clause: Moody is banned
|rule|Evasion Moves Clause: Evasion moves are banned
|rule|Endless Battle Clause: Forcing endless battles is banned
|rule|HP Percentage Mod: HP is shown in percentages
|teampreview
|
|start
|switch|p1a: Lopunny|Lopunny, F|271\/271
|switch|p2a: Raikou|Raikou|321\/321
|-ability|p2a: Raikou|Pressure
|turn|1
|
|switch|p2a: Slowbro|Slowbro, M|393\/393
|detailschange|p1a: Lopunny|Lopunny-Mega, F
|-mega|p1a: Lopunny|Lopunny|Lopunnite
|move|p1a: Lopunny|High Jump Kick|p2a: Slowbro
|-resisted|p2a: Slowbro
|-damage|p2a: Slowbro|314\/393
|
|-heal|p2a: Slowbro|338\/393|[from] item: Leftovers
|turn|2
|
|switch|p1a: Zapdos|Zapdos|383\/383
|-ability|p1a: Zapdos|Pressure
|move|p2a: Slowbro|Scald|p1a: Zapdos
|-damage|p1a: Zapdos|287\/383
|
|-heal|p1a: Zapdos|310\/383|[from] item: Leftovers
|-heal|p2a: Slowbro|362\/393|[from] item: Leftovers
|turn|3
|
|switch|p2a: Gliscor|Gliscor, M|353\/353
|move|p1a: Zapdos|Volt Switch|p2a: Gliscor
|-immune|p2a: Gliscor|[msg]
|
|-heal|p1a: Zapdos|333\/383|[from] item: Leftovers
|-status|p2a: Gliscor|tox|[from] item: Toxic Orb
|turn|4
|
|switch|p1a: Lopunny|Lopunny-Mega, F|271\/271
|move|p2a: Gliscor|Knock Off|p1a: Lopunny
|-resisted|p1a: Lopunny
|-damage|p1a: Lopunny|243\/271
|
|turn|5
|
|switch|p2a: Slowbro|Slowbro, M|393\/393
|move|p1a: Lopunny|Encore|p2a: Slowbro
|-fail|p2a: Slowbro
|
|turn|6
|
|switch|p1a: Crawdaunt|Crawdaunt, F|267\/267
|move|p2a: Slowbro|Scald|p1a: Crawdaunt
|-resisted|p1a: Crawdaunt
|-damage|p1a: Crawdaunt|184\/267
|-status|p1a: Crawdaunt|brn
|
|-damage|p1a: Crawdaunt|151\/267 brn|[from] brn
|turn|7
|
|switch|p1a: Sylveon|Sylveon, M|393\/393
|switch|p2a: Ferrothorn|Ferrothorn, F|351\/351
|
|turn|8
|
|move|p1a: Sylveon|Heal Bell|p1a: Sylveon
|-cureteam|p1a: Sylveon|[from] move: HealBell
|move|p2a: Ferrothorn|Stealth Rock|p1a: Sylveon
|-sidestart|p1: Turducken64|move: Stealth Rock
|
|turn|9
|
|move|p1a: Sylveon|Wish|p1a: Sylveon
|move|p2a: Ferrothorn|Leech Seed|p1a: Sylveon
|-start|p1a: Sylveon|move: Leech Seed
|
|-damage|p1a: Sylveon|344\/393|[from] Leech Seed|[of] p2a: Ferrothorn
|turn|10
|
|switch|p1a: Zapdos|Zapdos|333\/383
|-damage|p1a: Zapdos|238\/383|[from] Stealth Rock
|-ability|p1a: Zapdos|Pressure
|move|p2a: Ferrothorn|Leech Seed|p1a: Zapdos|[miss]
|-miss|p2a: Ferrothorn|p1a: Zapdos
|
|-heal|p1a: Zapdos|383\/383|[from] move: Wish|[wisher] Sylveon
|turn|11
|
|switch|p2a: Gliscor|Gliscor, M|353\/353 tox
|move|p1a: Zapdos|Heat Wave|p2a: Gliscor
|-damage|p2a: Gliscor|238\/353 tox
|
|-heal|p2a: Gliscor|282\/353 tox|[from] ability: Poison Heal
|turn|12
|
|move|p2a: Gliscor|Taunt|p1a: Zapdos
|-start|p1a: Zapdos|move: Taunt
|cant|p1a: Zapdos|move: Taunt|Defog
|
|-heal|p2a: Gliscor|326\/353 tox|[from] ability: Poison Heal
|turn|13
|
|switch|p1a: Lopunny|Lopunny-Mega, F|243\/271
|-damage|p1a: Lopunny|227\/271|[from] Stealth Rock
|move|p2a: Gliscor|Knock Off|p1a: Lopunny
|-resisted|p1a: Lopunny
|-damage|p1a: Lopunny|200\/271
|
|-heal|p2a: Gliscor|353\/353 tox|[from] ability: Poison Heal
|turn|14
|
|switch|p1a: Crawdaunt|Crawdaunt, F|151\/267
|-damage|p1a: Crawdaunt|118\/267|[from] Stealth Rock
|move|p2a: Gliscor|Earthquake|p1a: Crawdaunt
|-damage|p1a: Crawdaunt|0 fnt
|faint|p1a: Crawdaunt
|
|-message|Turducken64 forfeited.
|leave|Turducken64
|
|win|Divine Rose
|raw|Ladder updating...
|player|p1
|raw|Turducken64's rating: 1535 &rarr; <strong>1513<\/strong><br \/>(-22 for losing)
|raw|Divine Rose's rating: 1510 &rarr; <strong>1532<\/strong><br \/>(+22 for winning)