|join|Erick 17
|join|Divine Rose
|player|p1|Erick 17|169
|player|p2|Divine Rose|33
|gametype|singles
|gen|6
|tier|OU
|rated
|clearpoke
|poke|p1|Gyarados, M
|poke|p1|Thundurus-Therian, M
|poke|p1|Mew
|poke|p1|Ferrothorn, F
|poke|p1|Latios, M
|poke|p1|Bisharp, M
|poke|p2|Clefable, F
|poke|p2|Gliscor, F
|poke|p2|Keldeo-Resolute
|poke|p2|Latios, M
|poke|p2|Tyranitar, M
|poke|p2|Charizard, F
|rule|Swagger Clause: Swagger is banned
|rule|Baton Pass Clause: Limit one PokÃ©mon knowing Baton Pass
|rule|Sleep Clause Mod: Limit one foe put to sleep
|rule|Species Clause: Limit one of each PokÃ©mon
|rule|OHKO Clause: OHKO moves are banned
|rule|Moody Clause: Moody is banned
|rule|Evasion Moves Clause: Evasion moves are banned
|rule|Endless Battle Clause: Forcing endless battles is banned
|rule|HP Percentage Mod: HP is shown in percentages
|teampreview
|
|start
|switch|p1a: Ferrothorn|Ferrothorn, F|352\/352
|switch|p2a: Charizard|Charizard, F|311\/311
|turn|1
|
|switch|p1a: Gyarados|Gyarados, M|331\/331
|-ability|p1a: Gyarados|Intimidate|[of] p2a: Charizard
|-unboost|p2a: Charizard|atk|1
|detailschange|p2a: Charizard|Charizard-Mega-Y, F
|-mega|p2a: Charizard|Charizard|Charizardite Y
|-weather|SunnyDay
|move|p2a: Charizard|Fire Blast|p1a: Gyarados
|-resisted|p1a: Gyarados
|-damage|p1a: Gyarados|148\/331
|
|-weather|SunnyDay|[upkeep]
|turn|2
|
|switch|p1a: Mew|Mew|404\/404
|move|p2a: Charizard|Solar Beam|p1a: Mew|[still]
|-prepare|p2a: Charizard|Solar Beam|p1a: Mew
|-anim|p2a: Charizard|Solar Beam|p1a: Mew
|-damage|p1a: Mew|262\/404
|
|-weather|SunnyDay|[upkeep]
|-heal|p1a: Mew|287\/404|[from] item: Leftovers
|turn|3
|
|move|p2a: Charizard|Fire Blast|p1a: Mew
|-damage|p1a: Mew|22\/404
|move|p1a: Mew|Roost|p1a: Mew
|-heal|p1a: Mew|224\/404
|
|-weather|SunnyDay|[upkeep]
|-heal|p1a: Mew|249\/404|[from] item: Leftovers
|turn|4
|
|switch|p1a: Latios|Latios, M|302\/302
|move|p2a: Charizard|Fire Blast|p1a: Latios
|-resisted|p1a: Latios
|-damage|p1a: Latios|122\/302
|
|-weather|SunnyDay|[upkeep]
|turn|5
|
|switch|p1a: Ferrothorn|Ferrothorn, F|352\/352
|switch|p2a: Tyranitar|Tyranitar, M|341\/341
|-weather|Sandstorm
|
|-weather|Sandstorm|[upkeep]
|turn|6
|
|switch|p2a: Charizard|Charizard-Mega-Y, F|311\/311
|-weather|SunnyDay
|move|p1a: Ferrothorn|Stealth Rock|p2a: Charizard
|-sidestart|p2: Divine Rose|move: Stealth Rock
|
|-weather|SunnyDay|[upkeep]
|turn|7
|
|move|p1a: Ferrothorn|Protect|p1a: Ferrothorn
|-singleturn|p1a: Ferrothorn|Protect
|move|p2a: Charizard|Fire Blast|p1a: Ferrothorn
|-activate|p1a: Ferrothorn|Protect
|
|-weather|SunnyDay|[upkeep]
|turn|8
|
|switch|p1a: Mew|Mew|249\/404
|move|p2a: Charizard|Fire Blast|p1a: Mew
|-damage|p1a: Mew|0 fnt
|faint|p1a: Mew
|
|-weather|SunnyDay|[upkeep]
|
|switch|p1a: Latios|Latios, M|122\/302
|turn|9
|
|move|p1a: Latios|Roost|p1a: Latios
|-heal|p1a: Latios|273\/302
|move|p2a: Charizard|Fire Blast|p1a: Latios
|-resisted|p1a: Latios
|-damage|p1a: Latios|113\/302
|
|-weather|SunnyDay|[upkeep]
|turn|10
|
|switch|p2a: Tyranitar|Tyranitar, M|341\/341
|-damage|p2a: Tyranitar|299\/341|[from] Stealth Rock
|-weather|Sandstorm
|move|p1a: Latios|Roost|p1a: Latios
|-heal|p1a: Latios|264\/302
|
|-weather|Sandstorm|[upkeep]
|-damage|p1a: Latios|246\/302|[from] sandstorm
|turn|11
|
|move|p2a: Tyranitar|Pursuit|p1a: Latios
|-supereffective|p1a: Latios
|-damage|p1a: Latios|54\/302
|move|p1a: Latios|Draco Meteor|p2a: Tyranitar
|-damage|p2a: Tyranitar|95\/341
|-unboost|p1a: Latios|spa|2
|-damage|p1a: Latios|24\/302|[from] item: Life Orb
|
|-weather|Sandstorm|[upkeep]
|-damage|p1a: Latios|6\/302|[from] sandstorm
|turn|12
|
|move|p2a: Tyranitar|Pursuit|p1a: Latios
|-supereffective|p1a: Latios
|-damage|p1a: Latios|0 fnt
|faint|p1a: Latios
|
|-weather|Sandstorm|[upkeep]
|
|switch|p1a: Gyarados|Gyarados, M|148\/331
|-ability|p1a: Gyarados|Intimidate|[of] p2a: Tyranitar
|-unboost|p2a: Tyranitar|atk|1
|turn|13
|
|switch|p2a: Clefable|Clefable, F|394\/394
|detailschange|p1a: Gyarados|Gyarados-Mega, M
|-mega|p1a: Gyarados|Gyarados|Gyaradosite
|-ability|p1a: Gyarados|Mold Breaker
|move|p1a: Gyarados|Dragon Dance|p1a: Gyarados
|-boost|p1a: Gyarados|atk|1
|-boost|p1a: Gyarados|spe|1
|
|-weather|Sandstorm|[upkeep]
|-damage|p1a: Gyarados|128\/331|[from] sandstorm
|turn|14
|
|move|p1a: Gyarados|Waterfall|p2a: Clefable
|-damage|p2a: Clefable|145\/394
|move|p2a: Clefable|Moonblast|p1a: Gyarados
|-supereffective|p1a: Gyarados
|-damage|p1a: Gyarados|0 fnt
|faint|p1a: Gyarados
|
|-weather|none
|-heal|p2a: Clefable|169\/394|[from] item: Leftovers
|
|switch|p1a: Bisharp|Bisharp, M|333\/333
|turn|15
|
|switch|p2a: Keldeo-Resolute|Keldeo-Resolute|323\/323
|-damage|p2a: Keldeo-Resolute|303\/323|[from] Stealth Rock
|move|p1a: Bisharp|Iron Head|p2a: Keldeo-Resolute
|-resisted|p2a: Keldeo-Resolute
|-damage|p2a: Keldeo-Resolute|217\/323
|
|-heal|p2a: Keldeo-Resolute|237\/323|[from] item: Leftovers
|turn|16
|
|switch|p1a: Ferrothorn|Ferrothorn, F|352\/352
|move|p2a: Keldeo-Resolute|Substitute|p2a: Keldeo-Resolute
|-start|p2a: Keldeo-Resolute|Substitute
|-damage|p2a: Keldeo-Resolute|157\/323
|
|-heal|p2a: Keldeo-Resolute|177\/323|[from] item: Leftovers
|turn|17
|
|move|p2a: Keldeo-Resolute|Calm Mind|p2a: Keldeo-Resolute
|-boost|p2a: Keldeo-Resolute|spa|1
|-boost|p2a: Keldeo-Resolute|spd|1
|move|p1a: Ferrothorn|Gyro Ball|p2a: Keldeo-Resolute
|-resisted|p2a: Keldeo-Resolute
|-end|p2a: Keldeo-Resolute|Substitute
|
|-heal|p2a: Keldeo-Resolute|197\/323|[from] item: Leftovers
|turn|18
|
|move|p2a: Keldeo-Resolute|Secret Sword|p1a: Ferrothorn
|-crit|p1a: Ferrothorn
|-supereffective|p1a: Ferrothorn
|-damage|p1a: Ferrothorn|0 fnt
|faint|p1a: Ferrothorn
|
|-heal|p2a: Keldeo-Resolute|217\/323|[from] item: Leftovers
|
|switch|p1a: Thundurus-Therian|Thundurus-Therian, M|299\/299
|turn|19
|
|switch|p2a: Tyranitar|Tyranitar, M|95\/341
|-damage|p2a: Tyranitar|53\/341|[from] Stealth Rock
|-weather|Sandstorm
|move|p1a: Thundurus-Therian|Agility|p1a: Thundurus-Therian
|-boost|p1a: Thundurus-Therian|spe|2
|
|-weather|Sandstorm|[upkeep]
|-damage|p1a: Thundurus-Therian|281\/299|[from] sandstorm
|turn|20
|
|move|p1a: Thundurus-Therian|Thunderbolt|p2a: Tyranitar
|-damage|p2a: Tyranitar|0 fnt
|-damage|p1a: Thundurus-Therian|252\/299|[from] item: Life Orb
|faint|p2a: Tyranitar
|
|-weather|Sandstorm|[upkeep]
|-damage|p1a: Thundurus-Therian|234\/299|[from] sandstorm
|
|switch|p2a: Latios|Latios, M|301\/301
|-damage|p2a: Latios|264\/301|[from] Stealth Rock
|turn|21
|
|move|p1a: Thundurus-Therian|Hidden Power|p2a: Latios
|-crit|p2a: Latios
|-supereffective|p2a: Latios
|-damage|p2a: Latios|0 fnt
|-damage|p1a: Thundurus-Therian|205\/299|[from] item: Life Orb
|faint|p2a: Latios
|
|-weather|Sandstorm|[upkeep]
|-damage|p1a: Thundurus-Therian|187\/299|[from] sandstorm
|
|switch|p2a: Clefable|Clefable, F|169\/394
|turn|22
|c|âDivine Rose|that crit
|
|move|p1a: Thundurus-Therian|Thunderbolt|p2a: Clefable
|-damage|p2a: Clefable|0 fnt
|-damage|p1a: Thundurus-Therian|158\/299|[from] item: Life Orb
|faint|p2a: Clefable
|
|-weather|Sandstorm|[upkeep]
|-damage|p1a: Thundurus-Therian|140\/299|[from] sandstorm
|c|âDivine Rose|won you the game
|-message|Divine Rose forfeited.
|leave|Divine Rose
|
|win|Erick 17
|raw|Ladder updating...
|player|p2