|join|Divine Rose
|join|bludz
|player|p1|Divine Rose|33
|player|p2|bludz|269
|gametype|singles
|gen|6
|tier|OU (suspect test)
|rated
|clearpoke
|poke|p1|Heatran, F, shiny
|poke|p1|Clefable, F
|poke|p1|Slowbro, M
|poke|p1|Landorus-Therian, M
|poke|p1|Metagross, shiny
|poke|p1|Latios, M
|poke|p2|Metagross, shiny
|poke|p2|Rotom-Wash
|poke|p2|Landorus-Therian, M, shiny
|poke|p2|Breloom, F
|poke|p2|Gengar, F, shiny
|poke|p2|Heatran, F, shiny
|rule|Swagger Clause: Swagger is banned
|rule|Baton Pass Clause: Limit one PokÃ©mon knowing Baton Pass
|rule|Sleep Clause Mod: Limit one foe put to sleep
|rule|Species Clause: Limit one of each PokÃ©mon
|rule|OHKO Clause: OHKO moves are banned
|rule|Moody Clause: Moody is banned
|rule|Evasion Moves Clause: Evasion moves are banned
|rule|Endless Battle Clause: Forcing endless battles is banned
|rule|HP Percentage Mod: HP is shown in percentages
|teampreview
|
|start
|switch|p1a: Landorus-Therian|Landorus-Therian, M|319\/319
|switch|p2a: Good Kitty|Landorus-Therian, M, shiny|382\/382
|-ability|p1a: Landorus-Therian|Intimidate|[of] p2a: Good Kitty
|-unboost|p2a: Good Kitty|atk|1
|-ability|p2a: Good Kitty|Intimidate|[of] p1a: Landorus-Therian
|-unboost|p1a: Landorus-Therian|atk|1
|turn|1
|
|move|p1a: Landorus-Therian|U-turn|p2a: Good Kitty
|-resisted|p2a: Good Kitty
|-damage|p2a: Good Kitty|358\/382
|
|switch|p1a: Slowbro|Slowbro, M|394\/394
|move|p2a: Good Kitty|Stealth Rock|p1a: Slowbro
|-sidestart|p1: Divine Rose|move: Stealth Rock
|
|-heal|p2a: Good Kitty|381\/382|[from] item: Leftovers
|turn|2
|
|move|p2a: Good Kitty|Knock Off|p1a: Slowbro
|-supereffective|p1a: Slowbro
|-damage|p1a: Slowbro|302\/394
|-enditem|p1a: Slowbro|Leftovers|[from] move: Knock Off|[of] p2a: Good Kitty
|move|p1a: Slowbro|Scald|p2a: Good Kitty
|-supereffective|p2a: Good Kitty
|-damage|p2a: Good Kitty|153\/382
|
|-heal|p2a: Good Kitty|176\/382|[from] item: Leftovers
|turn|3
|
|switch|p2a: Laundry|Rotom-Wash|303\/303
|move|p1a: Slowbro|Scald|p2a: Laundry
|-resisted|p2a: Laundry
|-damage|p2a: Laundry|256\/303
|-status|p2a: Laundry|brn
|
|-heal|p2a: Laundry|274\/303 brn|[from] item: Leftovers
|-damage|p2a: Laundry|237\/303 brn|[from] brn
|turn|4
|
|switch|p1a: Latios|Latios, M|301\/301
|-damage|p1a: Latios|264\/301|[from] Stealth Rock
|move|p2a: Laundry|Will-O-Wisp|p1a: Latios
|-status|p1a: Latios|brn
|
|-heal|p2a: Laundry|255\/303 brn|[from] item: Leftovers
|-damage|p1a: Latios|227\/301 brn|[from] brn
|-damage|p2a: Laundry|218\/303 brn|[from] brn
|turn|5
|
|switch|p2a: Tranny|Heatran, F, shiny|385\/385
|-item|p2a: Tranny|Air Balloon
|move|p1a: Latios|Defog|p2a: Tranny
|-unboost|p2a: Tranny|evasion|1
|-sideend|p1: Divine Rose|Stealth Rock|[from] move: Defog|[of] p1a: Latios
|
|-damage|p1a: Latios|190\/301 brn|[from] brn
|turn|6
|
|move|p1a: Latios|Psyshock|p2a: Tranny
|-resisted|p2a: Tranny
|-damage|p2a: Tranny|294\/385
|-enditem|p2a: Tranny|Air Balloon
|-damage|p1a: Latios|160\/301 brn|[from] item: Life Orb
|move|p2a: Tranny|Lava Plume|p1a: Latios
|-resisted|p1a: Latios
|-damage|p1a: Latios|101\/301 brn
|
|-damage|p1a: Latios|64\/301 brn|[from] brn
|turn|7
|
|switch|p2a: Imp|Gengar, F, shiny|262\/262
|move|p1a: Latios|Roost|p1a: Latios
|-heal|p1a: Latios|215\/301 brn
|
|-damage|p1a: Latios|178\/301 brn|[from] brn
|turn|8
|
|move|p2a: Imp|Shadow Ball|p1a: Latios
|-supereffective|p1a: Latios
|-damage|p1a: Latios|0 fnt
|faint|p1a: Latios
|
|
|switch|p1a: Heatran|Heatran, F, shiny|386\/386
|turn|9
|
|switch|p2a: Laundry|Rotom-Wash|218\/303 brn
|move|p1a: Heatran|Stealth Rock|p2a: Laundry
|-sidestart|p2: bludz|move: Stealth Rock
|
|-heal|p2a: Laundry|236\/303 brn|[from] item: Leftovers
|-damage|p2a: Laundry|199\/303 brn|[from] brn
|turn|10
|
|move|p1a: Heatran|Protect|p1a: Heatran
|-singleturn|p1a: Heatran|Protect
|move|p2a: Laundry|Volt Switch|p1a: Heatran
|-activate|p1a: Heatran|Protect
|
|-heal|p2a: Laundry|217\/303 brn|[from] item: Leftovers
|-damage|p2a: Laundry|180\/303 brn|[from] brn
|turn|11
|
|move|p2a: Laundry|Pain Split|p1a: Heatran
|-sethp|p1a: Heatran|283\/386|p2a: Laundry|283\/303 brn|[from] move: Pain Split
|move|p1a: Heatran|Lava Plume|p2a: Laundry
|-resisted|p2a: Laundry
|-damage|p2a: Laundry|229\/303 brn
|
|-heal|p2a: Laundry|247\/303 brn|[from] item: Leftovers
|-heal|p1a: Heatran|307\/386|[from] item: Leftovers
|-damage|p2a: Laundry|210\/303 brn|[from] brn
|turn|12
|
|move|p1a: Heatran|Protect|p1a: Heatran
|-singleturn|p1a: Heatran|Protect
|move|p2a: Laundry|Volt Switch|p1a: Heatran
|-activate|p1a: Heatran|Protect
|
|-heal|p2a: Laundry|228\/303 brn|[from] item: Leftovers
|-heal|p1a: Heatran|331\/386|[from] item: Leftovers
|-damage|p2a: Laundry|191\/303 brn|[from] brn
|turn|13
|
|move|p2a: Laundry|Hydro Pump|p1a: Heatran
|-supereffective|p1a: Heatran
|-damage|p1a: Heatran|137\/386
|move|p1a: Heatran|Toxic|p2a: Laundry
|-fail|p2a: Laundry
|
|-heal|p2a: Laundry|209\/303 brn|[from] item: Leftovers
|-heal|p1a: Heatran|161\/386|[from] item: Leftovers
|-damage|p2a: Laundry|172\/303 brn|[from] brn
|turn|14
|
|move|p1a: Heatran|Protect|p1a: Heatran
|-singleturn|p1a: Heatran|Protect
|move|p2a: Laundry|Volt Switch|p1a: Heatran
|-activate|p1a: Heatran|Protect
|
|-heal|p2a: Laundry|190\/303 brn|[from] item: Leftovers
|-heal|p1a: Heatran|185\/386|[from] item: Leftovers
|-damage|p2a: Laundry|153\/303 brn|[from] brn
|turn|15
|
|move|p2a: Laundry|Volt Switch|p1a: Heatran
|-damage|p1a: Heatran|122\/386
|
|switch|p2a: Tranny|Heatran, F, shiny|294\/385
|-damage|p2a: Tranny|246\/385|[from] Stealth Rock
|move|p1a: Heatran|Toxic|p2a: Tranny
|-fail|p2a: Tranny
|
|-heal|p1a: Heatran|146\/386|[from] item: Leftovers
|turn|16
|
|switch|p1a: Metagross|Metagross, shiny|301\/301
|move|p2a: Tranny|Lava Plume|p1a: Metagross
|-supereffective|p1a: Metagross
|-damage|p1a: Metagross|35\/301
|
|turn|17
|
|detailschange|p1a: Metagross|Metagross-Mega, shiny
|-mega|p1a: Metagross|Metagross|Metagrossite
|move|p1a: Metagross|Hammer Arm|p2a: Tranny
|-supereffective|p2a: Tranny
|-damage|p2a: Tranny|0 fnt
|-unboost|p1a: Metagross|spe|1
|faint|p2a: Tranny
|
|
|switch|p2a: Droid|Metagross, shiny|301\/301
|-damage|p2a: Droid|283\/301|[from] Stealth Rock
|turn|18
|
|switch|p1a: Slowbro|Slowbro, M|394\/394
|detailschange|p2a: Droid|Metagross-Mega, shiny
|-mega|p2a: Droid|Metagross|Metagrossite
|move|p2a: Droid|Grass Knot|p1a: Slowbro
|-supereffective|p1a: Slowbro
|-damage|p1a: Slowbro|166\/394
|
|turn|19
|
|switch|p1a: Heatran|Heatran, F, shiny|146\/386
|move|p2a: Droid|Grass Knot|p1a: Heatran
|-resisted|p1a: Heatran
|-damage|p1a: Heatran|123\/386
|
|-heal|p1a: Heatran|147\/386|[from] item: Leftovers
|turn|20
|
|move|p1a: Heatran|Protect|p1a: Heatran
|-singleturn|p1a: Heatran|Protect
|move|p2a: Droid|Earthquake|p1a: Heatran
|-activate|p1a: Heatran|Protect
|
|-heal|p1a: Heatran|171\/386|[from] item: Leftovers
|turn|21
|
|switch|p2a: Good Kitty|Landorus-Therian, M, shiny|176\/382
|-damage|p2a: Good Kitty|129\/382|[from] Stealth Rock
|-ability|p2a: Good Kitty|Intimidate|[of] p1a: Heatran
|-unboost|p1a: Heatran|atk|1
|switch|p1a: Metagross|Metagross-Mega, shiny|35\/301
|
|-heal|p2a: Good Kitty|152\/382|[from] item: Leftovers
|turn|22
|
|move|p1a: Metagross|Meteor Mash|p2a: Good Kitty
|-damage|p2a: Good Kitty|0 fnt
|-boost|p1a: Metagross|atk|1
|faint|p2a: Good Kitty
|
|
|switch|p2a: Imp|Gengar, F, shiny|262\/262
|-damage|p2a: Imp|230\/262|[from] Stealth Rock
|turn|23
|
|move|p2a: Imp|Shadow Ball|p1a: Metagross
|-supereffective|p1a: Metagross
|-damage|p1a: Metagross|0 fnt
|faint|p1a: Metagross
|
|
|switch|p1a: Landorus-Therian|Landorus-Therian, M|319\/319
|-ability|p1a: Landorus-Therian|Intimidate|[of] p2a: Imp
|-unboost|p2a: Imp|atk|1
|turn|24
|
|switch|p2a: Laundry|Rotom-Wash|153\/303 brn
|-damage|p2a: Laundry|116\/303 brn|[from] Stealth Rock
|move|p1a: Landorus-Therian|Knock Off|p2a: Laundry
|-damage|p2a: Laundry|31\/303 brn
|-enditem|p2a: Laundry|Leftovers|[from] move: Knock Off|[of] p1a: Landorus-Therian
|
|-damage|p2a: Laundry|0 fnt|[from] brn
|faint|p2a: Laundry
|
|switch|p2a: Trippin' Balls|Breloom, F|324\/324
|-damage|p2a: Trippin' Balls|304\/324|[from] Stealth Rock
|turn|25
|
|switch|p1a: Clefable|Clefable, F|394\/394
|move|p2a: Trippin' Balls|Protect|p2a: Trippin' Balls
|-fail|p2a: Trippin' Balls
|
|-status|p2a: Trippin' Balls|tox|[from] item: Toxic Orb
|turn|26
|
|move|p2a: Trippin' Balls|Spore|p1a: Clefable
|-status|p1a: Clefable|slp
|cant|p1a: Clefable|slp
|
|-heal|p2a: Trippin' Balls|324\/324 tox|[from] ability: Poison Heal
|turn|27
|
|switch|p1a: Heatran|Heatran, F, shiny|171\/386
|move|p2a: Trippin' Balls|Leech Seed|p1a: Heatran
|-start|p1a: Heatran|move: Leech Seed
|
|-heal|p1a: Heatran|195\/386|[from] item: Leftovers
|-damage|p1a: Heatran|147\/386|[from] Leech Seed|[of] p2a: Trippin' Balls
|turn|28
|
|move|p1a: Heatran|Lava Plume|p2a: Trippin' Balls
|-supereffective|p2a: Trippin' Balls
|-damage|p2a: Trippin' Balls|100\/324 tox
|move|p2a: Trippin' Balls|Drain Punch|p1a: Heatran
|-supereffective|p1a: Heatran
|-damage|p1a: Heatran|0 fnt
|-heal|p2a: Trippin' Balls|174\/324 tox|[from] drain|[of] p1a: Heatran
|faint|p1a: Heatran
|
|-heal|p2a: Trippin' Balls|214\/324 tox|[from] ability: Poison Heal
|
|switch|p1a: Slowbro|Slowbro, M|297\/394
|turn|29
|
|move|p2a: Trippin' Balls|Protect|p2a: Trippin' Balls
|-singleturn|p2a: Trippin' Balls|Protect
|move|p1a: Slowbro|Psyshock|p2a: Trippin' Balls
|-activate|p2a: Trippin' Balls|Protect
|
|-heal|p2a: Trippin' Balls|254\/324 tox|[from] ability: Poison Heal
|turn|30
|
|switch|p2a: Droid|Metagross-Mega, shiny|283\/301
|-damage|p2a: Droid|265\/301|[from] Stealth Rock
|move|p1a: Slowbro|Psyshock|p2a: Droid
|-resisted|p2a: Droid
|-damage|p2a: Droid|248\/301
|
|turn|31
|
|move|p2a: Droid|Grass Knot|p1a: Slowbro
|-supereffective|p1a: Slowbro
|-damage|p1a: Slowbro|79\/394
|move|p1a: Slowbro|Scald|p2a: Droid
|-damage|p2a: Droid|151\/301
|
|turn|32
|
|switch|p1a: Clefable|Clefable, F|394\/394 slp
|move|p2a: Droid|Grass Knot|p1a: Clefable
|-damage|p1a: Clefable|324\/394 slp
|
|-heal|p1a: Clefable|348\/394 slp|[from] item: Leftovers
|turn|33
|
|switch|p1a: Slowbro|Slowbro, M|210\/394
|move|p2a: Droid|Meteor Mash|p1a: Slowbro
|-resisted|p1a: Slowbro
|-damage|p1a: Slowbro|126\/394
|
|turn|34
|
|switch|p1a: Clefable|Clefable, F|348\/394 slp
|move|p2a: Droid|Grass Knot|p1a: Clefable
|-damage|p1a: Clefable|279\/394 slp
|
|-heal|p1a: Clefable|303\/394 slp|[from] item: Leftovers
|turn|35
|
|move|p2a: Droid|Meteor Mash|p1a: Clefable
|-supereffective|p1a: Clefable
|-damage|p1a: Clefable|0 fnt
|faint|p1a: Clefable
|
|
|switch|p1a: Landorus-Therian|Landorus-Therian, M|319\/319
|-ability|p1a: Landorus-Therian|Intimidate|[of] p2a: Droid
|-unboost|p2a: Droid|atk|1
|turn|36
|
|move|p1a: Landorus-Therian|U-turn|p2a: Droid
|-damage|p2a: Droid|91\/301
|
|switch|p1a: Slowbro|Slowbro, M|257\/394
|move|p2a: Droid|Grass Knot|p1a: Slowbro
|-supereffective|p1a: Slowbro
|-damage|p1a: Slowbro|43\/394
|
|turn|37
|
|switch|p1a: Landorus-Therian|Landorus-Therian, M|319\/319
|-ability|p1a: Landorus-Therian|Intimidate|[of] p2a: Droid
|-unboost|p2a: Droid|atk|1
|move|p2a: Droid|Meteor Mash|p1a: Landorus-Therian
|-damage|p1a: Landorus-Therian|186\/319
|
|turn|38
|
|move|p1a: Landorus-Therian|Knock Off|p2a: Droid
|-supereffective|p2a: Droid
|-damage|p2a: Droid|0 fnt
|faint|p2a: Droid
|
|
|switch|p2a: Trippin' Balls|Breloom, F|254\/324 tox
|-damage|p2a: Trippin' Balls|234\/324 tox|[from] Stealth Rock
|turn|39
|
|switch|p1a: Slowbro|Slowbro, M|174\/394
|move|p2a: Trippin' Balls|Spore|p1a: Slowbro
|-status|p1a: Slowbro|slp
|
|-heal|p2a: Trippin' Balls|274\/324 tox|[from] ability: Poison Heal
|turn|40
|
|switch|p1a: Landorus-Therian|Landorus-Therian, M|186\/319
|-ability|p1a: Landorus-Therian|Intimidate|[of] p2a: Trippin' Balls
|-unboost|p2a: Trippin' Balls|atk|1
|move|p2a: Trippin' Balls|Leech Seed|p1a: Landorus-Therian
|-start|p1a: Landorus-Therian|move: Leech Seed
|
|-damage|p1a: Landorus-Therian|147\/319|[from] Leech Seed|[of] p2a: Trippin' Balls
|-heal|p2a: Trippin' Balls|313\/324 tox|[silent]
|-heal|p2a: Trippin' Balls|324\/324 tox|[from] ability: Poison Heal
|turn|41
|
|move|p2a: Trippin' Balls|Protect|p2a: Trippin' Balls
|-singleturn|p2a: Trippin' Balls|Protect
|move|p1a: Landorus-Therian|U-turn|p2a: Trippin' Balls
|-activate|p2a: Trippin' Balls|Protect
|
|-damage|p1a: Landorus-Therian|108\/319|[from] Leech Seed|[of] p2a: Trippin' Balls
|turn|42
|
|switch|p2a: Imp|Gengar, F, shiny|230\/262
|-damage|p2a: Imp|198\/262|[from] Stealth Rock
|move|p1a: Landorus-Therian|U-turn|p2a: Imp
|-resisted|p2a: Imp
|-damage|p2a: Imp|163\/262
|
|switch|p1a: Slowbro|Slowbro, M|305\/394 slp
|
|turn|43
|
|move|p2a: Imp|Shadow Ball|p1a: Slowbro
|-supereffective|p1a: Slowbro
|-damage|p1a: Slowbro|0 fnt
|faint|p1a: Slowbro
|
|
|switch|p1a: Landorus-Therian|Landorus-Therian, M|108\/319
|-ability|p1a: Landorus-Therian|Intimidate|[of] p2a: Imp
|-unboost|p2a: Imp|atk|1
|turn|44
|
|move|p2a: Imp|Shadow Ball|p1a: Landorus-Therian
|-damage|p1a: Landorus-Therian|0 fnt
|faint|p1a: Landorus-Therian
|
|win|bludz
|raw|Ladder updating...
|raw|Divine Rose's rating: 1434 &rarr; <strong>1414<\/strong><br \/>(-20 for losing)
|raw|bludz's rating: 1423 &rarr; <strong>1444<\/strong><br \/>(+21 for winning)
|leave|bludz
|player|p2