|join|shasso
|join|Foretime
|player|p1|shasso|1
|player|p2|Foretime|170
|gametype|singles
|gen|6
|tier|OU
|rated
|clearpoke
|poke|p1|Celebi
|poke|p1|Heatran, F
|poke|p1|Sylveon, F
|poke|p1|Latias, F
|poke|p1|Greninja, F
|poke|p1|Scizor, M
|poke|p2|Latias, F
|poke|p2|Gardevoir, F, shiny
|poke|p2|Bisharp, F
|poke|p2|Keldeo-Resolute
|poke|p2|Ferrothorn, F
|poke|p2|Landorus-Therian, M
|rule|Swagger Clause: Swagger is banned
|rule|Baton Pass Clause: Limit one PokÃ©mon knowing Baton Pass
|rule|Sleep Clause Mod: Limit one foe put to sleep
|rule|Species Clause: Limit one of each PokÃ©mon
|rule|OHKO Clause: OHKO moves are banned
|rule|Moody Clause: Moody is banned
|rule|Evasion Moves Clause: Evasion moves are banned
|rule|Endless Battle Clause: Forcing endless battles is banned
|rule|HP Percentage Mod: HP is shown in percentages
|teampreview
|
|start
|switch|p1a: Latias|Latias, F|301\/301
|switch|p2a: Landorus-Therian|Landorus-Therian, M|319\/319
|-ability|p2a: Landorus-Therian|Intimidate|[of] p1a: Latias
|-unboost|p1a: Latias|atk|1
|turn|1
|
|move|p1a: Latias|Ice Beam|p2a: Landorus-Therian
|-supereffective|p2a: Landorus-Therian
|-damage|p2a: Landorus-Therian|0 fnt
|faint|p2a: Landorus-Therian
|
|
|switch|p2a: Bisharp|Bisharp, F|271\/271
|turn|2
|
|move|p2a: Bisharp|Pursuit|p1a: Latias|[from]Pursuit
|-supereffective|p1a: Latias
|-damage|p1a: Latias|0 fnt
|faint|p1a: Latias
|
|
|switch|p1a: Heatran|Heatran, F|384\/384
|turn|3
|
|move|p2a: Bisharp|Knock Off|p1a: Heatran
|-damage|p1a: Heatran|183\/384
|-enditem|p1a: Heatran|Leftovers|[from] move: Knock Off|[of] p2a: Bisharp
|move|p1a: Heatran|Substitute|p1a: Heatran
|-start|p1a: Heatran|Substitute
|-damage|p1a: Heatran|87\/384
|
|turn|4
|
|switch|p2a: Gardevoir|Gardevoir, F, shiny|277\/277
|-ability|p2a: Gardevoir|Flash Fire|[from] ability: Trace|[of] p1a: Heatran
|move|p1a: Heatran|Lava Plume|p2a: Gardevoir
|-start|p2a: Gardevoir|ability: Flash Fire
|
|turn|5
|
|move|p2a: Gardevoir|Taunt|p1a: Heatran
|-start|p1a: Heatran|move: Taunt
|cant|p1a: Heatran|move: Taunt|Stealth Rock
|
|turn|6
|
|switch|p1a: Scizor|Scizor, M|343\/343
|detailschange|p2a: Gardevoir|Gardevoir-Mega, F, shiny
|-mega|p2a: Gardevoir|Gardevoir|Gardevoirite
|move|p2a: Gardevoir|Focus Blast|p1a: Scizor|[miss]
|-miss|p2a: Gardevoir|p1a: Scizor
|
|turn|7
|
|switch|p2a: Keldeo-Resolute|Keldeo-Resolute|323\/323
|detailschange|p1a: Scizor|Scizor-Mega, M
|-mega|p1a: Scizor|Scizor|Scizorite
|move|p1a: Scizor|U-turn|p2a: Keldeo-Resolute
|-resisted|p2a: Keldeo-Resolute
|-damage|p2a: Keldeo-Resolute|263\/323
|
|switch|p1a: Celebi|Celebi|404\/404
|
|-heal|p2a: Keldeo-Resolute|283\/323|[from] item: Leftovers
|turn|8
|
|switch|p2a: Bisharp|Bisharp, F|271\/271
|move|p1a: Celebi|Nasty Plot|p1a: Celebi
|-boost|p1a: Celebi|spa|2
|
|turn|9
|
|move|p2a: Bisharp|Knock Off|p1a: Celebi
|-supereffective|p1a: Celebi
|-damage|p1a: Celebi|66\/404
|-enditem|p1a: Celebi|Leftovers|[from] move: Knock Off|[of] p2a: Bisharp
|move|p1a: Celebi|Baton Pass|p1a: Celebi
|
|switch|p1a: Greninja|Greninja, F|285\/285
|
|turn|10
|
|switch|p2a: Ferrothorn|Ferrothorn, F|352\/352
|move|p1a: Greninja|Hydro Pump|p2a: Ferrothorn
|-start|p1a: Greninja|typechange|Water|[from] Protean
|-resisted|p2a: Ferrothorn
|-damage|p2a: Ferrothorn|196\/352
|-damage|p1a: Greninja|257\/285|[from] item: Life Orb
|
|-heal|p2a: Ferrothorn|218\/352|[from] item: Leftovers
|turn|11
|
|move|p1a: Greninja|Dark Pulse|p2a: Ferrothorn
|-start|p1a: Greninja|typechange|Dark|[from] Protean
|-crit|p2a: Ferrothorn
|-damage|p2a: Ferrothorn|0 fnt
|-damage|p1a: Greninja|229\/285|[from] item: Life Orb
|faint|p2a: Ferrothorn
|
|
|switch|p2a: Keldeo-Resolute|Keldeo-Resolute|283\/323
|turn|12
|
|switch|p1a: Sylveon|Sylveon, F|394\/394
|move|p2a: Keldeo-Resolute|Scald|p1a: Sylveon
|-damage|p1a: Sylveon|306\/394
|
|-heal|p2a: Keldeo-Resolute|303\/323|[from] item: Leftovers
|-heal|p1a: Sylveon|330\/394|[from] item: Leftovers
|turn|13
|
|switch|p2a: Gardevoir|Gardevoir-Mega, F, shiny|277\/277
|move|p1a: Sylveon|Hyper Voice|p2a: Gardevoir
|-damage|p2a: Gardevoir|160\/277
|
|-heal|p1a: Sylveon|354\/394|[from] item: Leftovers
|turn|14
|
|switch|p1a: Heatran|Heatran, F|87\/384
|move|p2a: Gardevoir|Hyper Voice|p1a: Heatran
|-resisted|p1a: Heatran
|-damage|p1a: Heatran|40\/384
|
|turn|15
|
|move|p2a: Gardevoir|Hyper Voice|p1a: Heatran
|-resisted|p1a: Heatran
|-damage|p1a: Heatran|0 fnt
|faint|p1a: Heatran
|
|
|switch|p1a: Scizor|Scizor-Mega, M|343\/343
|turn|16
|
|move|p2a: Gardevoir|Focus Blast|p1a: Scizor
|-crit|p1a: Scizor
|-damage|p1a: Scizor|76\/343
|move|p1a: Scizor|U-turn|p2a: Gardevoir
|-damage|p2a: Gardevoir|0 fnt
|faint|p2a: Gardevoir
|
|switch|p1a: Celebi|Celebi|66\/404
|
|
|switch|p2a: Keldeo-Resolute|Keldeo-Resolute|303\/323
|turn|17
|
|move|p2a: Keldeo-Resolute|Secret Sword|p1a: Celebi
|-resisted|p1a: Celebi
|-damage|p1a: Celebi|12\/404
|move|p1a: Celebi|Giga Drain|p2a: Keldeo-Resolute
|-supereffective|p2a: Keldeo-Resolute
|-damage|p2a: Keldeo-Resolute|99\/323
|-heal|p1a: Celebi|114\/404|[from] drain|[of] p2a: Keldeo-Resolute
|
|-heal|p2a: Keldeo-Resolute|119\/323|[from] item: Leftovers
|turn|18
|
|switch|p2a: Latias|Latias, F|301\/301
|move|p1a: Celebi|Recover|p1a: Celebi
|-heal|p1a: Celebi|316\/404
|
|turn|19
|
|move|p2a: Latias|Draco Meteor|p1a: Celebi
|-damage|p1a: Celebi|63\/404
|-unboost|p2a: Latias|spa|2
|-damage|p2a: Latias|271\/301|[from] item: Life Orb
|move|p1a: Celebi|Recover|p1a: Celebi
|-heal|p1a: Celebi|265\/404
|
|turn|20
|
|switch|p2a: Keldeo-Resolute|Keldeo-Resolute|119\/323
|move|p1a: Celebi|Nasty Plot|p1a: Celebi
|-boost|p1a: Celebi|spa|2
|
|-heal|p2a: Keldeo-Resolute|139\/323|[from] item: Leftovers
|turn|21
|
|move|p2a: Keldeo-Resolute|Substitute|p2a: Keldeo-Resolute
|-start|p2a: Keldeo-Resolute|Substitute
|-damage|p2a: Keldeo-Resolute|59\/323
|move|p1a: Celebi|Giga Drain|p2a: Keldeo-Resolute
|-supereffective|p2a: Keldeo-Resolute
|-end|p2a: Keldeo-Resolute|Substitute
|-heal|p1a: Celebi|305\/404|[from] drain|[of] p2a: Keldeo-Resolute
|
|-heal|p2a: Keldeo-Resolute|79\/323|[from] item: Leftovers
|turn|22
|
|move|p2a: Keldeo-Resolute|Scald|p1a: Celebi
|-resisted|p1a: Celebi
|-damage|p1a: Celebi|230\/404
|move|p1a: Celebi|Giga Drain|p2a: Keldeo-Resolute
|-supereffective|p2a: Keldeo-Resolute
|-damage|p2a: Keldeo-Resolute|0 fnt
|-heal|p1a: Celebi|270\/404|[from] drain|[of] p2a: Keldeo-Resolute
|faint|p2a: Keldeo-Resolute
|
|
|switch|p2a: Bisharp|Bisharp, F|271\/271
|turn|23
|
|move|p2a: Bisharp|Iron Head|p1a: Celebi
|-damage|p1a: Celebi|162\/404
|cant|p1a: Celebi|flinch
|
|turn|24
|
|move|p2a: Bisharp|Knock Off|p1a: Celebi
|-supereffective|p1a: Celebi
|-damage|p1a: Celebi|0 fnt
|faint|p1a: Celebi
|
|c|âshasso|hax me more
|
|switch|p1a: Scizor|Scizor-Mega, M|76\/343
|turn|25
|
|move|p2a: Bisharp|Knock Off|p1a: Scizor
|-damage|p1a: Scizor|0 fnt
|faint|p1a: Scizor
|
|
|switch|p1a: Greninja|Greninja, F|229\/285
|turn|26
|
|move|p1a: Greninja|Hydro Pump|p2a: Bisharp|[miss]
|-start|p1a: Greninja|typechange|Water|[from] Protean
|-miss|p1a: Greninja|p2a: Bisharp
|move|p2a: Bisharp|Knock Off|p1a: Greninja
|-damage|p1a: Greninja|0 fnt
|-enditem|p1a: Greninja|Life Orb|[from] move: Knock Off|[of] p2a: Bisharp
|faint|p1a: Greninja
|
|c|âshasso|k
|
|switch|p1a: Sylveon|Sylveon, F|354\/394
|turn|27
|c|âshasso|u had to win ofc
|
|move|p2a: Bisharp|Iron Head|p1a: Sylveon
|-crit|p1a: Sylveon
|-supereffective|p1a: Sylveon
|-damage|p1a: Sylveon|0 fnt
|faint|p1a: Sylveon
|
|win|Foretime
|raw|Ladder updating...
|raw|shasso's rating: 1463 &rarr; <strong>1446<\/strong><br \/>(-17 for losing)
|raw|Foretime's rating: 1527 &rarr; <strong>1543<\/strong><br \/>(+16 for winning)
|leave|Foretime