|join|yutmuffin
|join|I ABR I
|player|p1|yutmuffin|169
|player|p2|I ABR I|290
|gametype|singles
|gen|6
|tier|ORAS OU
|rated
|rule|Sleep Clause Mod: Limit one foe put to sleep
|rule|Species Clause: Limit one of each PokÃ©mon
|rule|OHKO Clause: OHKO moves are banned
|rule|Moody Clause: Moody is banned
|rule|Evasion Moves Clause: Evasion moves are banned
|rule|Endless Battle Clause: Forcing endless battles is banned
|rule|HP Percentage Mod: HP is shown in percentages
|clearpoke
|poke|p1|Volcarona, F
|poke|p1|Keldeo-Resolute
|poke|p1|Ferrothorn, M
|poke|p1|Latios, M
|poke|p1|Landorus-Therian, M
|poke|p1|Metagross
|poke|p2|Lopunny, F
|poke|p2|Dragonite, M
|poke|p2|Bisharp, M
|poke|p2|Excadrill, M
|poke|p2|Greninja, M
|poke|p2|Latios, M
|rule|Swagger Clause: Swagger is banned
|rule|Baton Pass Clause: Limit one PokÃ©mon knowing Baton Pass
|teampreview
|join|SouleBunny
|
|start
|switch|p1a: Ferrothorn|Ferrothorn, M|352\/352
|switch|p2a: Lopunny|Lopunny, F|271\/271
|turn|1
|
|detailschange|p2a: Lopunny|Lopunny-Mega, F
|message|Lopunny has Mega Evolved into Mega Lopunny!
|move|p2a: Lopunny|Substitute|p2a: Lopunny
|-start|p2a: Lopunny|Substitute
|-damage|p2a: Lopunny|204\/271
|move|p1a: Ferrothorn|Stealth Rock|p2a: Lopunny
|-sidestart|p2: I ABR I|move: Stealth Rock
|
|turn|2
|
|move|p2a: Lopunny|High Jump Kick|p1a: Ferrothorn
|-supereffective|p1a: Ferrothorn
|-damage|p1a: Ferrothorn|0 fnt
|-damage|p2a: Lopunny|171\/271|[from] ability: Iron Barbs|[of] p1a: Ferrothorn
|faint|p1a: Ferrothorn
|
|
|switch|p1a: Landorus-Therian|Landorus-Therian, M|320\/320
|-activate|p2a: Lopunny|Substitute|ability: Intimidate|[of] p1a: Landorus-Therian
|turn|3
|
|move|p1a: Landorus-Therian|U-turn|p2a: Lopunny
|-resisted|p2a: Lopunny
|-activate|p2a: Lopunny|Substitute|[damage]
|
|switch|p1a: Volcarona|Volcarona, F|373\/373
|move|p2a: Lopunny|Substitute|p2a: Lopunny
|-fail|p2a: Lopunny|move: Substitute
|
|turn|4
|
|move|p2a: Lopunny|Return|p1a: Volcarona
|-damage|p1a: Volcarona|183\/373
|move|p1a: Volcarona|Fiery Dance|p2a: Lopunny
|-end|p2a: Lopunny|Substitute
|-boost|p1a: Volcarona|spa|1
|
|-heal|p1a: Volcarona|206\/373|[from] item: Leftovers
|turn|5
|
|switch|p2a: Greninja|Greninja, M|285\/285
|-damage|p2a: Greninja|250\/285|[from] Stealth Rock
|move|p1a: Volcarona|Fiery Dance|p2a: Greninja
|-resisted|p2a: Greninja
|-damage|p2a: Greninja|126\/285
|
|-heal|p1a: Volcarona|229\/373|[from] item: Leftovers
|turn|6
|
|move|p2a: Greninja|Hydro Pump|p1a: Volcarona
|-start|p2a: Greninja|typechange|Water|[from] Protean
|-crit|p1a: Volcarona
|-supereffective|p1a: Volcarona
|-damage|p1a: Volcarona|0 fnt
|-damage|p2a: Greninja|98\/285|[from] item: Life Orb
|faint|p1a: Volcarona
|
|
|switch|p1a: Landorus-Therian|Landorus-Therian, M|320\/320
|-ability|p1a: Landorus-Therian|Intimidate|[of] p2a: Greninja
|-unboost|p2a: Greninja|atk|1
|turn|7
|
|move|p1a: Landorus-Therian|U-turn|p2a: Greninja
|-damage|p2a: Greninja|0 fnt
|faint|p2a: Greninja
|
|switch|p1a: Keldeo-Resolute|Keldeo-Resolute|322\/322
|
|
|switch|p2a: Latios|Latios, M|301\/301
|-damage|p2a: Latios|264\/301|[from] Stealth Rock
|turn|8
|
|switch|p2a: Excadrill|Excadrill, M|361\/361
|-damage|p2a: Excadrill|350\/361|[from] Stealth Rock
|-ability|p2a: Excadrill|Mold Breaker
|switch|p1a: Metagross|Metagross|302\/302
|
|turn|9
|
|detailschange|p1a: Metagross|Metagross-Mega
|message|Metagross has Mega Evolved into Mega Metagross!
|move|p2a: Excadrill|Rapid Spin|p1a: Metagross
|-resisted|p1a: Metagross
|-damage|p1a: Metagross|294\/302
|-sideend|p2: I ABR I|Stealth Rock|[from] move: Rapid Spin|[of] p2a: Excadrill
|move|p1a: Metagross|Earthquake|p2a: Excadrill
|-supereffective|p2a: Excadrill
|-damage|p2a: Excadrill|0 fnt
|faint|p2a: Excadrill
|
|
|switch|p2a: Bisharp|Bisharp, M|289\/289
|turn|10
|
|switch|p1a: Latios|Latios, M|301\/301
|move|p2a: Bisharp|Sucker Punch|p1a: Latios
|-fail|p1a: Latios
|
|turn|11
|
|move|p2a: Bisharp|Sucker Punch|p1a: Latios
|-supereffective|p1a: Latios
|-damage|p1a: Latios|0 fnt
|faint|p1a: Latios
|
|
|switch|p1a: Keldeo-Resolute|Keldeo-Resolute|322\/322
|turn|12
|
|switch|p2a: Latios|Latios, M|264\/301
|move|p1a: Keldeo-Resolute|Calm Mind|p1a: Keldeo-Resolute
|-boost|p1a: Keldeo-Resolute|spa|1
|-boost|p1a: Keldeo-Resolute|spd|1
|
|turn|13
|
|move|p2a: Latios|Psyshock|p1a: Keldeo-Resolute
|-supereffective|p1a: Keldeo-Resolute
|-damage|p1a: Keldeo-Resolute|22\/322
|move|p1a: Keldeo-Resolute|Scald|p2a: Latios
|-resisted|p2a: Latios
|-damage|p2a: Latios|162\/301
|-status|p2a: Latios|brn
|
|-heal|p1a: Keldeo-Resolute|42\/322|[from] item: Leftovers
|-damage|p2a: Latios|125\/301 brn|[from] brn
|turn|14
|
|switch|p1a: Metagross|Metagross-Mega|294\/302
|move|p2a: Latios|Psyshock|p1a: Metagross
|-resisted|p1a: Metagross
|-damage|p1a: Metagross|267\/302
|
|-damage|p2a: Latios|88\/301 brn|[from] brn
|turn|15
|
|move|p2a: Latios|Psyshock|p1a: Metagross
|-resisted|p1a: Metagross
|-damage|p1a: Metagross|241\/302
|move|p1a: Metagross|Meteor Mash|p2a: Latios
|-damage|p2a: Latios|0 fnt
|faint|p2a: Latios
|
|
|switch|p2a: Lopunny|Lopunny-Mega, F|171\/271
|turn|16
|
|switch|p1a: Landorus-Therian|Landorus-Therian, M|320\/320
|-ability|p1a: Landorus-Therian|Intimidate|[of] p2a: Lopunny
|-unboost|p2a: Lopunny|atk|1
|move|p2a: Lopunny|Substitute|p2a: Lopunny
|-start|p2a: Lopunny|Substitute
|-damage|p2a: Lopunny|104\/271
|
|turn|17
|
|move|p1a: Landorus-Therian|Earthquake|p2a: Lopunny
|-end|p2a: Lopunny|Substitute
|move|p2a: Lopunny|Substitute|p2a: Lopunny
|-start|p2a: Lopunny|Substitute
|-damage|p2a: Lopunny|37\/271
|
|turn|18
|
|move|p1a: Landorus-Therian|Earthquake|p2a: Lopunny
|-end|p2a: Lopunny|Substitute
|move|p2a: Lopunny|Endeavor|p1a: Landorus-Therian
|-damage|p1a: Landorus-Therian|37\/320
|
|turn|19
|
|switch|p1a: Keldeo-Resolute|Keldeo-Resolute|42\/322
|switch|p2a: Dragonite|Dragonite, M|323\/323
|
|-heal|p1a: Keldeo-Resolute|62\/322|[from] item: Leftovers
|turn|20
|join|lt8e fc
|
|move|p2a: Dragonite|Extreme Speed|p1a: Keldeo-Resolute
|-damage|p1a: Keldeo-Resolute|0 fnt
|faint|p1a: Keldeo-Resolute
|
|leave|lt8e fc
|
|switch|p1a: Metagross|Metagross-Mega|241\/302
|turn|21
|join|habajiga
|
|move|p1a: Metagross|Earthquake|p2a: Dragonite
|-immune|p2a: Dragonite|[msg]
|move|p2a: Dragonite|Dragon Dance|p2a: Dragonite
|-boost|p2a: Dragonite|atk|1
|-boost|p2a: Dragonite|spe|1
|
|turn|22
|c|âI ABR I|haba look up
|
|move|p2a: Dragonite|Earthquake|p1a: Metagross
|-supereffective|p1a: Metagross
|-damage|p1a: Metagross|0 fnt
|faint|p1a: Metagross
|
|
|switch|p1a: Landorus-Therian|Landorus-Therian, M|37\/320
|-ability|p1a: Landorus-Therian|Intimidate|[of] p2a: Dragonite
|-unboost|p2a: Dragonite|atk|1
|turn|23
|c| habajiga|i see a bird :I
|c|âI ABR I|Lopunny used Endeavor!
|c|âI ABR I|The opposing Landorus-Therian lost 88% of its health!
|c| habajiga|lol
|
|move|p2a: Dragonite|Extreme Speed|p1a: Landorus-Therian
|-damage|p1a: Landorus-Therian|0 fnt
|faint|p1a: Landorus-Therian
|
|win|I ABR I
|raw|Ladder updating...
|raw|yutmuffin's rating: 1492 &rarr; <strong>1472<\/strong><br \/>(-20 for losing)
|raw|I ABR I's rating: 1483 &rarr; <strong>1504<\/strong><br \/>(+21 for winning)