|join|GlalieLikeaBoss
|join|yutmuffin
|player|p1|GlalieLikeaBoss|87
|player|p2|yutmuffin|101
|gametype|singles
|gen|6
|tier|ORAS OU
|rated
|rule|Sleep Clause Mod: Limit one foe put to sleep
|rule|Species Clause: Limit one of each PokÃ©mon
|rule|OHKO Clause: OHKO moves are banned
|rule|Moody Clause: Moody is banned
|rule|Evasion Moves Clause: Evasion moves are banned
|rule|Endless Battle Clause: Forcing endless battles is banned
|rule|HP Percentage Mod: HP is shown in percentages
|clearpoke
|poke|p1|Mandibuzz, F
|poke|p1|Muk, M
|poke|p1|Lanturn, M
|poke|p1|Noivern, F
|poke|p1|Metagross
|poke|p1|Excadrill, F
|poke|p2|Volcarona, F
|poke|p2|Ferrothorn, M
|poke|p2|Keldeo
|poke|p2|Landorus-Therian, M
|poke|p2|Latios, M
|poke|p2|Metagross
|rule|Swagger Clause: Swagger is banned
|rule|Baton Pass Clause: Limit one PokÃ©mon knowing Baton Pass
|teampreview
|
|start
|switch|p1a: Lanturn|Lanturn, M|404\/404
|switch|p2a: Landorus-Therian|Landorus-Therian, M|320\/320
|-ability|p2a: Landorus-Therian|Intimidate|[of] p1a: Lanturn
|-unboost|p1a: Lanturn|atk|1
|turn|1
|leave|yutmuffin
|player|p2
|join|yutmuffin
|player|p2|yutmuffin|101
|
|move|p2a: Landorus-Therian|Earthquake|p1a: Lanturn
|-supereffective|p1a: Lanturn
|-damage|p1a: Lanturn|0 fnt
|faint|p1a: Lanturn
|
|
|switch|p1a: Noivern|Noivern, F|311\/311
|turn|2
|
|switch|p2a: Metagross|Metagross|302\/302
|move|p1a: Noivern|Hurricane|p2a: Metagross
|-resisted|p2a: Metagross
|-damage|p2a: Metagross|215\/302
|
|turn|3
|
|switch|p1a: Mandibuzz|Mandibuzz, F|420\/420
|detailschange|p2a: Metagross|Metagross-Mega
|message|Metagross has Mega Evolved into Mega Metagross!
|move|p2a: Metagross|Meteor Mash|p1a: Mandibuzz
|-damage|p1a: Mandibuzz|258\/420
|-damage|p2a: Metagross|165\/302|[from] item: Rocky Helmet|[of] p1a: Mandibuzz
|
|turn|4
|
|switch|p2a: Ferrothorn|Ferrothorn, M|352\/352
|move|p1a: Mandibuzz|Roost|p1a: Mandibuzz
|-heal|p1a: Mandibuzz|420\/420
|
|turn|5
|
|move|p1a: Mandibuzz|Taunt|p2a: Ferrothorn
|-start|p2a: Ferrothorn|move: Taunt
|cant|p2a: Ferrothorn|move: Taunt|Stealth Rock
|
|turn|6
|
|switch|p2a: Latios|Latios, M|302\/302
|move|p1a: Mandibuzz|Taunt|p2a: Latios
|-start|p2a: Latios|move: Taunt
|
|turn|7
|
|switch|p1a: Muk|Muk, M|414\/414
|move|p2a: Latios|Thunderbolt|p1a: Muk
|-damage|p1a: Muk|323\/414
|-damage|p2a: Latios|272\/302|[from] item: Life Orb
|
|turn|8
|
|switch|p2a: Landorus-Therian|Landorus-Therian, M|320\/320
|-ability|p2a: Landorus-Therian|Intimidate|[of] p1a: Muk
|-unboost|p1a: Muk|atk|1
|move|p1a: Muk|Poison Jab|p2a: Landorus-Therian
|-resisted|p2a: Landorus-Therian
|-damage|p2a: Landorus-Therian|270\/320
|
|turn|9
|
|switch|p1a: Mandibuzz|Mandibuzz, F|420\/420
|move|p2a: Landorus-Therian|Explosion|p1a: Mandibuzz
|-damage|p1a: Mandibuzz|167\/420
|faint|p2a: Landorus-Therian
|
|
|switch|p2a: Volcarona|Volcarona, F|374\/374
|turn|10
|
|switch|p1a: Noivern|Noivern, F|311\/311
|move|p2a: Volcarona|Quiver Dance|p2a: Volcarona
|-boost|p2a: Volcarona|spa|1
|-boost|p2a: Volcarona|spd|1
|-boost|p2a: Volcarona|spe|1
|
|turn|11
|
|move|p1a: Noivern|Switcheroo|p2a: Volcarona
|-activate|p1a: Noivern|move: Trick|[of] p2a: Volcarona
|-item|p2a: Volcarona|Choice Scarf|[from] Trick
|-item|p1a: Noivern|Leftovers|[from] Trick
|move|p2a: Volcarona|Quiver Dance|p2a: Volcarona
|-boost|p2a: Volcarona|spa|1
|-boost|p2a: Volcarona|spd|1
|-boost|p2a: Volcarona|spe|1
|
|turn|12
|
|switch|p2a: Ferrothorn|Ferrothorn, M|352\/352
|move|p1a: Noivern|Flamethrower|p2a: Ferrothorn
|-supereffective|p2a: Ferrothorn
|-damage|p2a: Ferrothorn|64\/352
|
|-heal|p2a: Ferrothorn|86\/352|[from] item: Leftovers
|turn|13
|-message|yutmuffin forfeited.
|
|win|GlalieLikeaBoss
|raw|Ladder updating...
|leave|yutmuffin
|player|p2
|raw|GlalieLikeaBoss's rating: 1400 &rarr; <strong>1415<\/strong><br \/>(+15 for winning)
|raw|yutmuffin's rating: 1321 &rarr; <strong>1305<\/strong><br \/>(-16 for losing)