|join|salamence66
|join|yutmuffin
|player|p1|salamence66|161
|player|p2|yutmuffin|101
|gametype|singles
|gen|6
|tier|OU
|rated
|clearpoke
|poke|p1|Metagross
|poke|p1|Landorus-Therian, M
|poke|p1|Rotom-Wash
|poke|p1|Weavile, M
|poke|p1|Latias, F
|poke|p1|Heatran, F
|poke|p2|Slowbro, M
|poke|p2|Ferrothorn, F
|poke|p2|Heracross, F
|poke|p2|Raikou
|poke|p2|Scizor, M
|poke|p2|Greninja, M
|rule|Swagger Clause: Swagger is banned
|rule|Baton Pass Clause: Limit one PokÃ©mon knowing Baton Pass
|rule|Sleep Clause Mod: Limit one foe put to sleep
|rule|Species Clause: Limit one of each PokÃ©mon
|rule|OHKO Clause: OHKO moves are banned
|rule|Moody Clause: Moody is banned
|rule|Evasion Moves Clause: Evasion moves are banned
|rule|Endless Battle Clause: Forcing endless battles is banned
|rule|HP Percentage Mod: HP is shown in percentages
|teampreview
|
|start
|switch|p1a: Rotom-Wash|Rotom-Wash|304\/304
|switch|p2a: Scizor|Scizor, M|281\/281
|turn|1
|
|move|p2a: Scizor|U-turn|p1a: Rotom-Wash
|-damage|p1a: Rotom-Wash|219\/304
|
|switch|p2a: Raikou|Raikou|322\/322
|-ability|p2a: Raikou|Pressure
|move|p1a: Rotom-Wash|Hidden Power|p2a: Raikou
|-damage|p2a: Raikou|273\/322
|
|-heal|p1a: Rotom-Wash|238\/304|[from] item: Leftovers
|turn|2
|
|move|p2a: Raikou|Hidden Power|p1a: Rotom-Wash
|-resisted|p1a: Rotom-Wash
|-damage|p1a: Rotom-Wash|206\/304
|move|p1a: Rotom-Wash|Pain Split|p2a: Raikou
|-sethp|p2a: Raikou|239\/322|p1a: Rotom-Wash|239\/304|[from] move: Pain Split
|
|-heal|p1a: Rotom-Wash|258\/304|[from] item: Leftovers
|turn|3
|
|move|p2a: Raikou|Thunderbolt|p1a: Rotom-Wash
|-damage|p1a: Rotom-Wash|113\/304
|move|p1a: Rotom-Wash|Hydro Pump|p2a: Raikou
|-damage|p2a: Raikou|97\/322
|
|-heal|p1a: Rotom-Wash|132\/304|[from] item: Leftovers
|turn|4
|
|switch|p1a: Landorus-Therian|Landorus-Therian, M|320\/320
|-ability|p1a: Landorus-Therian|Intimidate|[of] p2a: Raikou
|-unboost|p2a: Raikou|atk|1
|move|p2a: Raikou|Thunderbolt|p1a: Landorus-Therian
|-immune|p1a: Landorus-Therian|[msg]
|
|turn|5
|
|switch|p2a: Ferrothorn|Ferrothorn, F|351\/351
|move|p1a: Landorus-Therian|U-turn|p2a: Ferrothorn
|-damage|p2a: Ferrothorn|282\/351
|-damage|p1a: Landorus-Therian|280\/320|[from] ability: Iron Barbs|[of] p2a: Ferrothorn
|
|switch|p1a: Heatran|Heatran, F|375\/375
|
|turn|6
|
|move|p1a: Heatran|Stealth Rock|p2a: Ferrothorn
|-sidestart|p2: yutmuffin|move: Stealth Rock
|move|p2a: Ferrothorn|Stealth Rock|p1a: Heatran
|-sidestart|p1: salamence66|move: Stealth Rock
|
|turn|7
|
|switch|p2a: Slowbro|Slowbro, M|393\/393
|-damage|p2a: Slowbro|344\/393|[from] Stealth Rock
|move|p1a: Heatran|Lava Plume|p2a: Slowbro
|-resisted|p2a: Slowbro
|-damage|p2a: Slowbro|258\/393
|-status|p2a: Slowbro|brn
|
|-heal|p2a: Slowbro|282\/393 brn|[from] item: Leftovers
|-damage|p2a: Slowbro|233\/393 brn|[from] brn
|turn|8
|
|switch|p1a: Latias|Latias, F|302\/302
|-damage|p1a: Latias|265\/302|[from] Stealth Rock
|move|p2a: Slowbro|Scald|p1a: Latias
|-resisted|p1a: Latias
|-damage|p1a: Latias|230\/302
|-status|p1a: Latias|brn
|
|-heal|p2a: Slowbro|257\/393 brn|[from] item: Leftovers
|-damage|p1a: Latias|193\/302 brn|[from] brn
|-damage|p2a: Slowbro|208\/393 brn|[from] brn
|turn|9
|
|switch|p1a: Heatran|Heatran, F|375\/375
|-damage|p1a: Heatran|329\/375|[from] Stealth Rock
|switch|p2a: Scizor|Scizor, M|281\/281
|-damage|p2a: Scizor|246\/281|[from] Stealth Rock
|
|-heal|p1a: Heatran|352\/375|[from] item: Leftovers
|turn|10
|
|move|p2a: Scizor|Superpower|p1a: Heatran
|-supereffective|p1a: Heatran
|-damage|p1a: Heatran|62\/375
|-unboost|p2a: Scizor|atk|1
|-unboost|p2a: Scizor|def|1
|move|p1a: Heatran|Lava Plume|p2a: Scizor
|-supereffective|p2a: Scizor
|-damage|p2a: Scizor|0 fnt
|faint|p2a: Scizor
|
|-heal|p1a: Heatran|85\/375|[from] item: Leftovers
|
|switch|p2a: Heracross|Heracross, F|301\/301
|-damage|p2a: Heracross|264\/301|[from] Stealth Rock
|turn|11
|
|switch|p1a: Landorus-Therian|Landorus-Therian, M|280\/320
|-damage|p1a: Landorus-Therian|240\/320|[from] Stealth Rock
|-ability|p1a: Landorus-Therian|Intimidate|[of] p2a: Heracross
|-unboost|p2a: Heracross|atk|1
|detailschange|p2a: Heracross|Heracross-Mega, F
|message|Heracross has Mega Evolved into Mega Heracross!
|move|p2a: Heracross|Rock Blast|p1a: Landorus-Therian
|-damage|p1a: Landorus-Therian|210\/320
|-damage|p1a: Landorus-Therian|183\/320
|-damage|p1a: Landorus-Therian|154\/320
|-crit|p1a: Landorus-Therian
|-damage|p1a: Landorus-Therian|89\/320
|-crit|p1a: Landorus-Therian
|-damage|p1a: Landorus-Therian|25\/320
|-hitcount|p1a: Landorus-Therian|5
|
|turn|12
|
|switch|p2a: Slowbro|Slowbro, M|339\/393 brn
|-damage|p2a: Slowbro|290\/393 brn|[from] Stealth Rock
|move|p1a: Landorus-Therian|Explosion|p2a: Slowbro
|-damage|p2a: Slowbro|58\/393 brn
|faint|p1a: Landorus-Therian
|
|-heal|p2a: Slowbro|82\/393 brn|[from] item: Leftovers
|-damage|p2a: Slowbro|33\/393 brn|[from] brn
|
|switch|p1a: Metagross|Metagross|302\/302
|-damage|p1a: Metagross|284\/302|[from] Stealth Rock
|turn|13
|
|switch|p2a: Ferrothorn|Ferrothorn, F|282\/351
|-damage|p2a: Ferrothorn|261\/351|[from] Stealth Rock
|detailschange|p1a: Metagross|Metagross-Mega
|message|Metagross has Mega Evolved into Mega Metagross!
|move|p1a: Metagross|Earthquake|p2a: Ferrothorn
|-damage|p2a: Ferrothorn|160\/351
|
|turn|14
|
|move|p1a: Metagross|Earthquake|p2a: Ferrothorn
|-damage|p2a: Ferrothorn|63\/351
|move|p2a: Ferrothorn|Leech Seed|p1a: Metagross
|-start|p1a: Metagross|move: Leech Seed
|
|-damage|p1a: Metagross|247\/302|[from] Leech Seed|[of] p2a: Ferrothorn
|-heal|p2a: Ferrothorn|100\/351|[silent]
|turn|15
|
|switch|p1a: Weavile|Weavile, M|281\/281
|-damage|p1a: Weavile|211\/281|[from] Stealth Rock
|-ability|p1a: Weavile|Pressure
|move|p2a: Ferrothorn|Leech Seed|p1a: Weavile
|-start|p1a: Weavile|move: Leech Seed
|
|-damage|p1a: Weavile|176\/281|[from] Leech Seed|[of] p2a: Ferrothorn
|-heal|p2a: Ferrothorn|135\/351|[silent]
|turn|16
|
|move|p2a: Ferrothorn|Protect|p2a: Ferrothorn
|-singleturn|p2a: Ferrothorn|Protect
|move|p1a: Weavile|Low Kick|p2a: Ferrothorn
|-activate|p2a: Ferrothorn|Protect
|
|-damage|p1a: Weavile|141\/281|[from] Leech Seed|[of] p2a: Ferrothorn
|-heal|p2a: Ferrothorn|170\/351|[silent]
|turn|17
|
|switch|p1a: Latias|Latias, F|193\/302 brn
|-damage|p1a: Latias|156\/302 brn|[from] Stealth Rock
|switch|p2a: Raikou|Raikou|97\/322
|-damage|p2a: Raikou|57\/322|[from] Stealth Rock
|-ability|p2a: Raikou|Pressure
|
|-damage|p1a: Latias|119\/302 brn|[from] brn
|turn|18
|
|move|p2a: Raikou|Shadow Ball|p1a: Latias
|-supereffective|p1a: Latias
|-damage|p1a: Latias|0 fnt
|faint|p1a: Latias
|
|
|switch|p1a: Weavile|Weavile, M|141\/281
|-damage|p1a: Weavile|71\/281|[from] Stealth Rock
|-ability|p1a: Weavile|Pressure
|turn|19
|
|move|p1a: Weavile|Knock Off|p2a: Raikou
|-damage|p2a: Raikou|0 fnt
|-enditem|p2a: Raikou|Expert Belt|[from] move: Knock Off|[of] p1a: Weavile
|faint|p2a: Raikou
|
|
|switch|p2a: Slowbro|Slowbro, M|164\/393 brn
|-damage|p2a: Slowbro|115\/393 brn|[from] Stealth Rock
|turn|20
|
|switch|p2a: Ferrothorn|Ferrothorn, F|170\/351
|-damage|p2a: Ferrothorn|149\/351|[from] Stealth Rock
|move|p1a: Weavile|Knock Off|p2a: Ferrothorn
|-damage|p2a: Ferrothorn|0 fnt
|-damage|p1a: Weavile|36\/281|[from] ability: Iron Barbs|[of] p2a: Ferrothorn
|-enditem|p2a: Ferrothorn|Shed Shell|[from] move: Knock Off|[of] p1a: Weavile
|faint|p2a: Ferrothorn
|
|
|switch|p2a: Greninja|Greninja, M|285\/285
|-damage|p2a: Greninja|250\/285|[from] Stealth Rock
|turn|21
|
|move|p1a: Weavile|Knock Off|p2a: Greninja
|-crit|p2a: Greninja
|-resisted|p2a: Greninja
|-damage|p2a: Greninja|0 fnt
|-enditem|p2a: Greninja|Life Orb|[from] move: Knock Off|[of] p1a: Weavile
|faint|p2a: Greninja
|
|c|âsalamence66|OH SHIT
|
|switch|p2a: Slowbro|Slowbro, M|246\/393 brn
|-damage|p2a: Slowbro|197\/393 brn|[from] Stealth Rock
|turn|22
|c|âsalamence66|game changer
|c|âyutmuffin|dog wevile naturally outspeeds
|
|switch|p2a: Heracross|Heracross-Mega, F|264\/301
|-damage|p2a: Heracross|227\/301|[from] Stealth Rock
|move|p1a: Weavile|Knock Off|p2a: Heracross
|-resisted|p2a: Heracross
|-damage|p2a: Heracross|157\/301
|
|turn|23
|
|move|p1a: Weavile|Knock Off|p2a: Heracross
|-crit|p2a: Heracross
|-resisted|p2a: Heracross
|-damage|p2a: Heracross|47\/301
|move|p2a: Heracross|Swords Dance|p2a: Heracross
|-boost|p2a: Heracross|atk|2
|
|turn|24
|c|âsalamence66|I know
|c|âsalamence66|but the crit mattered
|
|move|p1a: Weavile|Knock Off|p2a: Heracross
|-resisted|p2a: Heracross
|-damage|p2a: Heracross|0 fnt
|faint|p2a: Heracross
|
|c|âsalamence66|bad idea lol
|-message|yutmuffin forfeited.
|
|win|salamence66
|raw|Ladder updating...
|leave|yutmuffin
|player|p2
|raw|salamence66's rating: 1402 &rarr; <strong>1426<\/strong><br \/>(+24 for winning)
|raw|yutmuffin's rating: 1482 &rarr; <strong>1457<\/strong><br \/>(-25 for losing)