|join|yutmuffin
|join|specs smallpox
|player|p1|yutmuffin|101
|player|p2|specs smallpox|29
|gametype|singles
|gen|6
|tier|OU
|rated
|clearpoke
|poke|p1|Heatran, F
|poke|p1|Gardevoir, F
|poke|p1|Keldeo
|poke|p1|Celebi
|poke|p1|Tyranitar, F
|poke|p1|Landorus, M
|poke|p2|Ferrothorn, F
|poke|p2|Tyranitar, M
|poke|p2|Landorus, M
|poke|p2|Excadrill, M
|poke|p2|Azumarill, F
|poke|p2|Lopunny, F
|rule|Swagger Clause: Swagger is banned
|rule|Baton Pass Clause: Limit one PokÃ©mon knowing Baton Pass
|rule|Sleep Clause Mod: Limit one foe put to sleep
|rule|Species Clause: Limit one of each PokÃ©mon
|rule|OHKO Clause: OHKO moves are banned
|rule|Moody Clause: Moody is banned
|rule|Evasion Moves Clause: Evasion moves are banned
|rule|Endless Battle Clause: Forcing endless battles is banned
|rule|HP Percentage Mod: HP is shown in percentages
|teampreview
|
|start
|switch|p1a: Heatran|Heatran, F|385\/385
|switch|p2a: Azumarill|Azumarill, F|401\/401
|turn|1
|
|switch|p1a: Celebi|Celebi|403\/403
|move|p2a: Azumarill|Play Rough|p1a: Celebi
|-damage|p1a: Celebi|244\/403
|
|-heal|p1a: Celebi|269\/403|[from] item: Leftovers
|turn|2
|
|move|p1a: Celebi|Baton Pass|p1a: Celebi
|
|switch|p1a: Heatran|Heatran, F|385\/385
|move|p2a: Azumarill|Play Rough|p1a: Heatran
|-resisted|p1a: Heatran
|-damage|p1a: Heatran|342\/385
|-unboost|p1a: Heatran|atk|1
|
|-heal|p1a: Heatran|366\/385|[from] item: Leftovers
|turn|3
|
|move|p1a: Heatran|Stealth Rock|p2a: Azumarill
|-sidestart|p2: specs smallpox|move: Stealth Rock
|move|p2a: Azumarill|Play Rough|p1a: Heatran
|-resisted|p1a: Heatran
|-damage|p1a: Heatran|320\/385
|
|-heal|p1a: Heatran|344\/385|[from] item: Leftovers
|turn|4
|
|move|p1a: Heatran|Protect|p1a: Heatran
|-singleturn|p1a: Heatran|Protect
|move|p2a: Azumarill|Play Rough|p1a: Heatran
|-activate|p1a: Heatran|Protect
|
|-heal|p1a: Heatran|368\/385|[from] item: Leftovers
|turn|5
|
|move|p1a: Heatran|Lava Plume|p2a: Azumarill
|-resisted|p2a: Azumarill
|-damage|p2a: Azumarill|357\/401
|move|p2a: Azumarill|Waterfall|p1a: Heatran
|-supereffective|p1a: Heatran
|-damage|p1a: Heatran|38\/385
|
|-heal|p1a: Heatran|62\/385|[from] item: Leftovers
|turn|6
|
|move|p1a: Heatran|Protect|p1a: Heatran
|-singleturn|p1a: Heatran|Protect
|move|p2a: Azumarill|Aqua Jet|p1a: Heatran
|-activate|p1a: Heatran|Protect
|
|-heal|p1a: Heatran|86\/385|[from] item: Leftovers
|turn|7
|
|switch|p1a: Celebi|Celebi|269\/403
|move|p2a: Azumarill|Aqua Jet|p1a: Celebi
|-resisted|p1a: Celebi
|-damage|p1a: Celebi|236\/403
|
|-heal|p1a: Celebi|261\/403|[from] item: Leftovers
|turn|8
|
|move|p1a: Celebi|Giga Drain|p2a: Azumarill
|-supereffective|p2a: Azumarill
|-damage|p2a: Azumarill|213\/401
|-heal|p1a: Celebi|333\/403|[from] drain|[of] p2a: Azumarill
|move|p2a: Azumarill|Play Rough|p1a: Celebi
|-damage|p1a: Celebi|170\/403
|
|-heal|p1a: Celebi|195\/403|[from] item: Leftovers
|turn|9
|
|switch|p2a: Ferrothorn|Ferrothorn, F|352\/352
|-damage|p2a: Ferrothorn|330\/352|[from] Stealth Rock
|move|p1a: Celebi|Nasty Plot|p1a: Celebi
|-boost|p1a: Celebi|spa|2
|
|-heal|p1a: Celebi|220\/403|[from] item: Leftovers
|-heal|p2a: Ferrothorn|352\/352|[from] item: Leftovers
|turn|10
|
|move|p1a: Celebi|Baton Pass|p1a: Celebi
|
|switch|p1a: Landorus|Landorus, M|319\/319
|move|p2a: Ferrothorn|Spikes|p1a: Landorus
|-sidestart|p1: yutmuffin|Spikes
|
|turn|11
|
|move|p1a: Landorus|Focus Blast|p2a: Ferrothorn
|-supereffective|p2a: Ferrothorn
|-damage|p2a: Ferrothorn|0 fnt
|faint|p2a: Ferrothorn
|
|
|switch|p2a: Lopunny|Lopunny, F|272\/272
|-damage|p2a: Lopunny|238\/272|[from] Stealth Rock
|turn|12
|
|switch|p1a: Tyranitar|Tyranitar, F|341\/341
|-damage|p1a: Tyranitar|299\/341|[from] Spikes
|-weather|Sandstorm
|detailschange|p2a: Lopunny|Lopunny-Mega, F
|-mega|p2a: Lopunny|Lopunny|Lopunnite
|move|p2a: Lopunny|Fake Out|p1a: Tyranitar
|-resisted|p1a: Tyranitar
|-damage|p1a: Tyranitar|266\/341
|
|-weather|Sandstorm|[upkeep]
|-damage|p2a: Lopunny|221\/272|[from] sandstorm
|turn|13
|
|move|p2a: Lopunny|High Jump Kick|p1a: Tyranitar
|-supereffective|p1a: Tyranitar
|-damage|p1a: Tyranitar|0 fnt
|faint|p1a: Tyranitar
|
|-weather|Sandstorm|[upkeep]
|-damage|p2a: Lopunny|204\/272|[from] sandstorm
|
|switch|p1a: Landorus|Landorus, M|319\/319
|turn|14
|
|move|p2a: Lopunny|Return|p1a: Landorus
|-damage|p1a: Landorus|96\/319
|move|p1a: Landorus|Earth Power|p2a: Lopunny
|-damage|p2a: Lopunny|0 fnt
|faint|p2a: Lopunny
|
|-weather|Sandstorm|[upkeep]
|
|switch|p2a: Excadrill|Excadrill, M|361\/361
|-damage|p2a: Excadrill|350\/361|[from] Stealth Rock
|turn|15
|
|switch|p1a: Heatran|Heatran, F|86\/385
|-damage|p1a: Heatran|38\/385|[from] Spikes
|move|p2a: Excadrill|Iron Head|p1a: Heatran
|-resisted|p1a: Heatran
|-damage|p1a: Heatran|0 fnt
|-damage|p2a: Excadrill|314\/361|[from] item: Life Orb
|faint|p1a: Heatran
|
|-weather|Sandstorm|[upkeep]
|
|switch|p1a: Keldeo|Keldeo|323\/323
|-damage|p1a: Keldeo|283\/323|[from] Spikes
|turn|16
|
|switch|p2a: Azumarill|Azumarill, F|213\/401
|-damage|p2a: Azumarill|163\/401|[from] Stealth Rock
|move|p1a: Keldeo|Scald|p2a: Azumarill
|-resisted|p2a: Azumarill
|-damage|p2a: Azumarill|110\/401
|
|-weather|none
|-heal|p1a: Keldeo|303\/323|[from] item: Leftovers
|turn|17
|
|switch|p1a: Gardevoir|Gardevoir, F|277\/277
|-damage|p1a: Gardevoir|243\/277|[from] Spikes
|-ability|p1a: Gardevoir|Huge Power|[from] ability: Trace|[of] p2a: Azumarill
|move|p2a: Azumarill|Play Rough|p1a: Gardevoir
|-damage|p1a: Gardevoir|0 fnt
|faint|p1a: Gardevoir
|
|
|switch|p1a: Celebi|Celebi|220\/403
|-damage|p1a: Celebi|170\/403|[from] Spikes
|turn|18
|
|move|p1a: Celebi|Giga Drain|p2a: Azumarill
|-supereffective|p2a: Azumarill
|-damage|p2a: Azumarill|0 fnt
|-heal|p1a: Celebi|225\/403|[from] drain|[of] p2a: Azumarill
|faint|p2a: Azumarill
|
|-heal|p1a: Celebi|250\/403|[from] item: Leftovers
|
|switch|p2a: Tyranitar|Tyranitar, M|403\/403
|-damage|p2a: Tyranitar|353\/403|[from] Stealth Rock
|-weather|Sandstorm
|turn|19
|
|move|p1a: Celebi|Giga Drain|p2a: Tyranitar
|-supereffective|p2a: Tyranitar
|-damage|p2a: Tyranitar|269\/403
|-heal|p1a: Celebi|292\/403|[from] drain|[of] p2a: Tyranitar
|move|p2a: Tyranitar|Pursuit|p1a: Celebi
|-supereffective|p1a: Celebi
|-damage|p1a: Celebi|196\/403
|
|-weather|Sandstorm|[upkeep]
|-damage|p1a: Celebi|171\/403|[from] sandstorm
|-heal|p1a: Celebi|196\/403|[from] item: Leftovers
|turn|20
|
|move|p1a: Celebi|Nasty Plot|p1a: Celebi
|-boost|p1a: Celebi|spa|2
|move|p2a: Tyranitar|Pursuit|p1a: Celebi
|-supereffective|p1a: Celebi
|-damage|p1a: Celebi|104\/403
|
|-weather|Sandstorm|[upkeep]
|-damage|p1a: Celebi|79\/403|[from] sandstorm
|-heal|p1a: Celebi|104\/403|[from] item: Leftovers
|turn|21
|
|move|p1a: Celebi|Baton Pass|p1a: Celebi
|
|switch|p1a: Keldeo|Keldeo|303\/323
|-damage|p1a: Keldeo|263\/323|[from] Spikes
|move|p2a: Tyranitar|Fire Blast|p1a: Keldeo
|-resisted|p1a: Keldeo
|-damage|p1a: Keldeo|220\/323
|
|-weather|Sandstorm|[upkeep]
|-damage|p1a: Keldeo|200\/323|[from] sandstorm
|-heal|p1a: Keldeo|220\/323|[from] item: Leftovers
|turn|22
|
|move|p1a: Keldeo|Substitute|p1a: Keldeo
|-start|p1a: Keldeo|Substitute
|-damage|p1a: Keldeo|140\/323
|move|p2a: Tyranitar|Fire Blast|p1a: Keldeo
|-resisted|p1a: Keldeo
|-activate|p1a: Keldeo|Substitute|[damage]
|
|-weather|Sandstorm|[upkeep]
|-damage|p1a: Keldeo|120\/323|[from] sandstorm
|-heal|p1a: Keldeo|140\/323|[from] item: Leftovers
|turn|23
|
|switch|p2a: Landorus|Landorus, M|319\/319
|-damage|p2a: Landorus|280\/319|[from] Stealth Rock
|move|p1a: Keldeo|Secret Sword|p2a: Landorus
|-resisted|p2a: Landorus
|-damage|p2a: Landorus|102\/319
|
|-weather|Sandstorm|[upkeep]
|-damage|p1a: Keldeo|120\/323|[from] sandstorm
|-heal|p1a: Keldeo|140\/323|[from] item: Leftovers
|turn|24
|
|move|p1a: Keldeo|Scald|p2a: Landorus
|-supereffective|p2a: Landorus
|-damage|p2a: Landorus|0 fnt
|faint|p2a: Landorus
|
|-weather|Sandstorm|[upkeep]
|-damage|p1a: Keldeo|120\/323|[from] sandstorm
|-heal|p1a: Keldeo|140\/323|[from] item: Leftovers
|
|switch|p2a: Excadrill|Excadrill, M|314\/361
|-damage|p2a: Excadrill|303\/361|[from] Stealth Rock
|turn|25
|c|âspecs smallpox|flincczxhzz
|c|âyutmuffin|i really didn't even need the nasty plot lol your team is so keldeo weak its cringe worthy
|c|âspecs smallpox|not my team calm down m8
|
|move|p2a: Excadrill|Iron Head|p1a: Keldeo
|-resisted|p1a: Keldeo
|-end|p1a: Keldeo|Substitute
|-damage|p2a: Excadrill|267\/361|[from] item: Life Orb
|move|p1a: Keldeo|Secret Sword|p2a: Excadrill
|-supereffective|p2a: Excadrill
|-damage|p2a: Excadrill|0 fnt
|faint|p2a: Excadrill
|
|-weather|Sandstorm|[upkeep]
|-damage|p1a: Keldeo|120\/323|[from] sandstorm
|-heal|p1a: Keldeo|140\/323|[from] item: Leftovers
|c|âspecs smallpox|gg
|
|switch|p2a: Tyranitar|Tyranitar, M|269\/403
|-damage|p2a: Tyranitar|219\/403|[from] Stealth Rock
|turn|26
|
|move|p1a: Keldeo|Secret Sword|p2a: Tyranitar
|-supereffective|p2a: Tyranitar
|-damage|p2a: Tyranitar|0 fnt
|faint|p2a: Tyranitar
|
|win|yutmuffin
|raw|Ladder updating...
|raw|yutmuffin's rating: 1518 &rarr; <strong>1539<\/strong><br \/>(+21 for winning)
|raw|specs smallpox's rating: 1537 &rarr; <strong>1516<\/strong><br \/>(-21 for losing)
|leave|yutmuffin
|player|p1