|join|MontagnardBatard
|join|yutmuffin
|player|p1|MontagnardBatard|10
|player|p2|yutmuffin|2
|gametype|singles
|gen|6
|tier|OU
|rated
|clearpoke
|poke|p1|Mienshao, M
|poke|p1|Rotom-Heat
|poke|p1|Celebi
|poke|p1|Gliscor, M
|poke|p1|Empoleon, M
|poke|p1|Altaria, F
|poke|p2|Tyranitar, M
|poke|p2|Manectric, M
|poke|p2|Landorus, M
|poke|p2|Ferrothorn, M
|poke|p2|Keldeo-Resolute
|poke|p2|Clefable, M
|rule|Swagger Clause: Swagger is banned
|rule|Baton Pass Clause: Limit one PokÃ©mon knowing Baton Pass
|rule|Sleep Clause Mod: Limit one foe put to sleep
|rule|Species Clause: Limit one of each PokÃ©mon
|rule|OHKO Clause: OHKO moves are banned
|rule|Moody Clause: Moody is banned
|rule|Evasion Moves Clause: Evasion moves are banned
|rule|Endless Battle Clause: Forcing endless battles is banned
|rule|HP Percentage Mod: HP is shown in percentages
|teampreview
|
|start
|switch|p1a: WhoWantSomeBread|Rotom-Heat|293\/293
|switch|p2a: Clefable|Clefable, M|393\/393
|turn|1
|
|move|p2a: Clefable|Protect|p2a: Clefable
|-singleturn|p2a: Clefable|Protect
|move|p1a: WhoWantSomeBread|Volt Switch|p2a: Clefable
|-activate|p2a: Clefable|Protect
|
|turn|2
|
|switch|p2a: Manectric|Manectric, M|281\/281
|move|p1a: WhoWantSomeBread|Will-O-Wisp|p2a: Manectric
|-status|p2a: Manectric|brn
|
|-damage|p2a: Manectric|246\/281 brn|[from] brn
|turn|3
|
|detailschange|p2a: Manectric|Manectric-Mega, M
|-mega|p2a: Manectric|Manectric|Manectite
|-ability|p2a: Manectric|Intimidate|[of] p1a: WhoWantSomeBread
|-unboost|p1a: WhoWantSomeBread|atk|1
|move|p2a: Manectric|Volt Switch|p1a: WhoWantSomeBread
|-resisted|p1a: WhoWantSomeBread
|-damage|p1a: WhoWantSomeBread|232\/293
|
|switch|p2a: Clefable|Clefable, M|393\/393
|move|p1a: WhoWantSomeBread|Volt Switch|p2a: Clefable
|-crit|p2a: Clefable
|-damage|p2a: Clefable|269\/393
|
|switch|p1a: Leonidas|Mienshao, M|271\/271
|
|-heal|p2a: Clefable|293\/393|[from] item: Leftovers
|turn|4
|
|move|p1a: Leonidas|Poison Jab|p2a: Clefable
|-supereffective|p2a: Clefable
|-damage|p2a: Clefable|59\/393
|-status|p2a: Clefable|psn
|-damage|p1a: Leonidas|244\/271|[from] item: Life Orb
|move|p2a: Clefable|Wish|p2a: Clefable
|
|-heal|p2a: Clefable|83\/393 psn|[from] item: Leftovers
|-damage|p2a: Clefable|34\/393 psn|[from] psn
|turn|5
|
|switch|p2a: Landorus|Landorus, M|319\/319
|move|p1a: Leonidas|Poison Jab|p2a: Landorus
|-resisted|p2a: Landorus
|-damage|p2a: Landorus|254\/319
|-damage|p1a: Leonidas|217\/271|[from] item: Life Orb
|
|-heal|p2a: Landorus|319\/319|[from] move: Wish|[wisher] Clefable
|turn|6
|
|move|p1a: Leonidas|U-turn|p2a: Landorus
|-resisted|p2a: Landorus
|-damage|p2a: Landorus|258\/319
|-damage|p1a: Leonidas|190\/271|[from] item: Life Orb
|
|switch|p1a: BAT-ard|Gliscor, M|353\/353
|move|p2a: Landorus|Calm Mind|p2a: Landorus
|-boost|p2a: Landorus|spa|1
|-boost|p2a: Landorus|spd|1
|
|-status|p1a: BAT-ard|tox|[from] item: Toxic Orb
|turn|7
|
|move|p2a: Landorus|Calm Mind|p2a: Landorus
|-boost|p2a: Landorus|spa|1
|-boost|p2a: Landorus|spd|1
|move|p1a: BAT-ard|Toxic|p2a: Landorus
|-status|p2a: Landorus|tox
|
|-damage|p2a: Landorus|239\/319 tox|[from] psn
|turn|8
|
|switch|p1a: Serebii.net|Celebi|401\/401
|move|p2a: Landorus|Calm Mind|p2a: Landorus
|-boost|p2a: Landorus|spa|1
|-boost|p2a: Landorus|spd|1
|
|-damage|p2a: Landorus|201\/319 tox|[from] psn
|turn|9
|
|switch|p1a: BAT-ard|Gliscor, M|353\/353 tox
|move|p2a: Landorus|Sludge Wave|p1a: BAT-ard
|-resisted|p1a: BAT-ard
|-damage|p1a: BAT-ard|96\/353 tox
|
|-damage|p2a: Landorus|144\/319 tox|[from] psn
|-heal|p1a: BAT-ard|140\/353 tox|[from] ability: Poison Heal
|turn|10
|
|move|p1a: BAT-ard|Protect|p1a: BAT-ard
|-singleturn|p1a: BAT-ard|Protect
|move|p2a: Landorus|Focus Blast|p1a: BAT-ard
|-activate|p1a: BAT-ard|Protect
|
|-damage|p2a: Landorus|68\/319 tox|[from] psn
|-heal|p1a: BAT-ard|184\/353 tox|[from] ability: Poison Heal
|turn|11
|
|switch|p2a: Keldeo-Resolute|Keldeo-Resolute|322\/322
|move|p1a: BAT-ard|Protect|p1a: BAT-ard
|-fail|p1a: BAT-ard
|
|-heal|p1a: BAT-ard|228\/353 tox|[from] ability: Poison Heal
|turn|12
|
|switch|p1a: Serebii.net|Celebi|401\/401
|move|p2a: Keldeo-Resolute|Scald|p1a: Serebii.net
|-resisted|p1a: Serebii.net
|-damage|p1a: Serebii.net|327\/401
|-status|p1a: Serebii.net|brn
|
|-heal|p1a: Serebii.net|352\/401 brn|[from] item: Leftovers
|-damage|p1a: Serebii.net|302\/401 brn|[from] brn
|turn|13
|
|move|p2a: Keldeo-Resolute|Scald|p1a: Serebii.net
|-resisted|p1a: Serebii.net
|-damage|p1a: Serebii.net|229\/401 brn
|move|p1a: Serebii.net|U-turn|p2a: Keldeo-Resolute
|-resisted|p2a: Keldeo-Resolute
|-damage|p2a: Keldeo-Resolute|308\/322
|
|switch|p1a: Napoleon|Empoleon, M|371\/371
|
|turn|14
|
|switch|p2a: Manectric|Manectric-Mega, M|246\/281 brn
|-ability|p2a: Manectric|Intimidate|[of] p1a: Napoleon
|-unboost|p1a: Napoleon|atk|1
|move|p1a: Napoleon|Stealth Rock|p2a: Manectric
|-sidestart|p2: yutmuffin|move: Stealth Rock
|
|-damage|p2a: Manectric|211\/281 brn|[from] brn
|turn|15
|
|move|p2a: Manectric|Volt Switch|p1a: Napoleon
|-supereffective|p1a: Napoleon
|-damage|p1a: Napoleon|197\/371
|
|switch|p2a: Clefable|Clefable, M|34\/393 psn
|-damage|p2a: Clefable|0 fnt|[from] Stealth Rock
|faint|p2a: Clefable
|move|p1a: Napoleon|Scald|p2: Clefable|[notarget]
|-notarget
|
|-heal|p1a: Napoleon|220\/371|[from] item: Leftovers
|
|switch|p2a: Manectric|Manectric-Mega, M|211\/281 brn
|-damage|p2a: Manectric|176\/281 brn|[from] Stealth Rock
|-ability|p2a: Manectric|Intimidate|[of] p1a: Napoleon
|-unboost|p1a: Napoleon|atk|1
|turn|16
|
|switch|p1a: Serebii.net|Celebi|229\/401
|move|p2a: Manectric|Thunderbolt|p1a: Serebii.net
|-crit|p1a: Serebii.net
|-resisted|p1a: Serebii.net
|-damage|p1a: Serebii.net|133\/401
|
|-heal|p1a: Serebii.net|158\/401|[from] item: Leftovers
|-damage|p2a: Manectric|141\/281 brn|[from] brn
|turn|17
|c|âMontagnardBatard|x)
|c|âMontagnardBatard|a crit
|c|âMontagnardBatard|lmao
|
|move|p2a: Manectric|Hidden Power|p1a: Serebii.net
|-supereffective|p1a: Serebii.net
|-damage|p1a: Serebii.net|50\/401
|move|p1a: Serebii.net|Recover|p1a: Serebii.net
|-heal|p1a: Serebii.net|251\/401
|
|-heal|p1a: Serebii.net|276\/401|[from] item: Leftovers
|-damage|p2a: Manectric|106\/281 brn|[from] brn
|turn|18
|c|âMontagnardBatard|no flamethrower?
|
|switch|p2a: Tyranitar|Tyranitar, M|341\/341
|-damage|p2a: Tyranitar|299\/341|[from] Stealth Rock
|-weather|Sandstorm
|move|p1a: Serebii.net|U-turn|p2a: Tyranitar
|-supereffective|p2a: Tyranitar
|-damage|p2a: Tyranitar|195\/341
|
|switch|p1a: Leonidas|Mienshao, M|271\/271
|
|-weather|Sandstorm|[upkeep]
|-damage|p1a: Leonidas|255\/271|[from] sandstorm
|turn|19
|
|move|p2a: Tyranitar|Superpower|p1a: Leonidas
|-damage|p1a: Leonidas|43\/271
|-unboost|p2a: Tyranitar|atk|1
|-unboost|p2a: Tyranitar|def|1
|move|p1a: Leonidas|High Jump Kick|p2a: Tyranitar
|-supereffective|p2a: Tyranitar
|-damage|p2a: Tyranitar|0 fnt
|-damage|p1a: Leonidas|16\/271|[from] item: Life Orb
|faint|p2a: Tyranitar
|
|-weather|Sandstorm|[upkeep]
|-damage|p1a: Leonidas|0 fnt|[from] sandstorm
|faint|p1a: Leonidas
|
|switch|p1a: WhoWantSomeBread|Rotom-Heat|232\/293
|switch|p2a: Ferrothorn|Ferrothorn, M|351\/351
|-damage|p2a: Ferrothorn|330\/351|[from] Stealth Rock
|turn|20
|
|move|p1a: WhoWantSomeBread|Overheat|p2a: Ferrothorn
|-supereffective|p2a: Ferrothorn
|-damage|p2a: Ferrothorn|0 fnt
|-unboost|p1a: WhoWantSomeBread|spa|2
|faint|p2a: Ferrothorn
|
|-weather|Sandstorm|[upkeep]
|-damage|p1a: WhoWantSomeBread|214\/293|[from] sandstorm
|-heal|p1a: WhoWantSomeBread|232\/293|[from] item: Leftovers
|c|âMontagnardBatard|gg
|
|switch|p2a: Keldeo-Resolute|Keldeo-Resolute|308\/322
|-damage|p2a: Keldeo-Resolute|288\/322|[from] Stealth Rock
|turn|21
|
|switch|p1a: Serebii.net|Celebi|276\/401
|move|p2a: Keldeo-Resolute|Hidden Power|p1a: Serebii.net
|-supereffective|p1a: Serebii.net
|-damage|p1a: Serebii.net|130\/401
|
|-weather|Sandstorm|[upkeep]
|-damage|p2a: Keldeo-Resolute|268\/322|[from] sandstorm
|-damage|p1a: Serebii.net|105\/401|[from] sandstorm
|-heal|p1a: Serebii.net|130\/401|[from] item: Leftovers
|turn|22
|
|switch|p2a: Manectric|Manectric-Mega, M|106\/281 brn
|-damage|p2a: Manectric|71\/281 brn|[from] Stealth Rock
|-ability|p2a: Manectric|Intimidate|[of] p1a: Serebii.net
|-unboost|p1a: Serebii.net|atk|1
|switch|p1a: Napoleon|Empoleon, M|220\/371
|
|-weather|none
|-heal|p1a: Napoleon|243\/371|[from] item: Leftovers
|-damage|p2a: Manectric|36\/281 brn|[from] brn
|turn|23
|
|move|p2a: Manectric|Hidden Power|p1a: Napoleon
|-resisted|p1a: Napoleon
|-damage|p1a: Napoleon|231\/371
|move|p1a: Napoleon|Roar|p2a: Manectric
|drag|p2a: Keldeo-Resolute|Keldeo-Resolute|268\/322
|-damage|p2a: Keldeo-Resolute|248\/322|[from] Stealth Rock
|
|-heal|p1a: Napoleon|254\/371|[from] item: Leftovers
|turn|24
|-message|yutmuffin forfeited.
|
|win|MontagnardBatard
|raw|Ladder updating...
|leave|yutmuffin
|player|p2
|raw|MontagnardBatard's rating: 1507 &rarr; <strong>1527<\/strong><br \/>(+20 for winning)
|raw|yutmuffin's rating: 1501 &rarr; <strong>1481<\/strong><br \/>(-20 for losing)