|join|360 No Silph Scope
|join|yutmuffin
|player|p1|360 No Silph Scope|165
|player|p2|yutmuffin|266
|gametype|singles
|gen|6
|tier|OU
|rated
|clearpoke
|poke|p1|Conkeldurr, F
|poke|p1|Diggersby, M, shiny
|poke|p1|Scizor, M
|poke|p1|Ferrothorn, F
|poke|p1|Talonflame, F
|poke|p1|Rotom-Wash
|poke|p2|Charizard, M
|poke|p2|Tyranitar, M
|poke|p2|Clefable, M
|poke|p2|Landorus-Therian, M
|poke|p2|Latias, F, shiny
|poke|p2|Keldeo
|rule|Swagger Clause: Swagger is banned
|rule|Baton Pass Clause: Limit one PokÃ©mon knowing Baton Pass
|rule|Sleep Clause Mod: Limit one foe put to sleep
|rule|Species Clause: Limit one of each PokÃ©mon
|rule|OHKO Clause: OHKO moves are banned
|rule|Moody Clause: Moody is banned
|rule|Evasion Moves Clause: Evasion moves are banned
|rule|Endless Battle Clause: Forcing endless battles is banned
|rule|HP Percentage Mod: HP is shown in percentages
|teampreview
|
|start
|switch|p1a: Rotom-Wash|Rotom-Wash|304\/304
|switch|p2a: Keldeo|Keldeo|323\/323
|turn|1
|
|move|p2a: Keldeo|Secret Sword|p1a: Rotom-Wash
|-damage|p1a: Rotom-Wash|81\/304
|move|p1a: Rotom-Wash|Confuse Ray|p2a: Keldeo
|-start|p2a: Keldeo|confusion
|
|-heal|p1a: Rotom-Wash|100\/304|[from] item: Leftovers
|turn|2
|
|switch|p2a: Landorus-Therian|Landorus-Therian, M|382\/382
|-ability|p2a: Landorus-Therian|Intimidate|[of] p1a: Rotom-Wash
|-unboost|p1a: Rotom-Wash|atk|1
|move|p1a: Rotom-Wash|Volt Switch|p2a: Landorus-Therian
|-immune|p2a: Landorus-Therian|[msg]
|
|-heal|p1a: Rotom-Wash|119\/304|[from] item: Leftovers
|turn|3
|
|move|p2a: Landorus-Therian|U-turn|p1a: Rotom-Wash
|-damage|p1a: Rotom-Wash|45\/304
|
|switch|p2a: Latias|Latias, F, shiny|319\/319
|move|p1a: Rotom-Wash|Will-O-Wisp|p2a: Latias|[miss]
|-miss|p1a: Rotom-Wash|p2a: Latias
|
|-heal|p1a: Rotom-Wash|64\/304|[from] item: Leftovers
|turn|4
|join|Charizardfan1998
|
|move|p2a: Latias|Psyshock|p1a: Rotom-Wash
|-damage|p1a: Rotom-Wash|0 fnt
|-damage|p2a: Latias|288\/319|[from] item: Life Orb
|faint|p1a: Rotom-Wash
|
|
|switch|p1a: Ferrothorn|Ferrothorn, F|351\/351
|turn|5
|
|switch|p2a: Charizard|Charizard, M|297\/297
|move|p1a: Ferrothorn|Thunder Wave|p2a: Charizard
|-status|p2a: Charizard|par
|
|turn|6
|
|switch|p1a: Conkeldurr|Conkeldurr, F|413\/413
|detailschange|p2a: Charizard|Charizard-Mega-Y, M
|-mega|p2a: Charizard|Charizard|Charizardite Y
|-weather|SunnyDay
|move|p2a: Charizard|Fire Blast|p1a: Conkeldurr
|-damage|p1a: Conkeldurr|103\/413
|
|-weather|SunnyDay|[upkeep]
|turn|7
|
|move|p1a: Conkeldurr|Mach Punch|p2a: Charizard
|-resisted|p2a: Charizard
|-damage|p2a: Charizard|234\/297 par
|move|p2a: Charizard|Solar Beam|p1a: Conkeldurr|[still]
|-prepare|p2a: Charizard|Solar Beam|p1a: Conkeldurr
|-anim|p2a: Charizard|Solar Beam|p1a: Conkeldurr
|-damage|p1a: Conkeldurr|0 fnt
|faint|p1a: Conkeldurr
|
|-weather|SunnyDay|[upkeep]
|
|switch|p1a: Talonflame|Talonflame, F|297\/297
|turn|8
|
|move|p1a: Talonflame|U-turn|p2a: Charizard
|-resisted|p2a: Charizard
|-damage|p2a: Charizard|216\/297 par
|
|switch|p1a: Ferrothorn|Ferrothorn, F|351\/351
|cant|p2a: Charizard|par
|
|-weather|SunnyDay|[upkeep]
|turn|9
|leave|Charizardfan1998
|
|switch|p1a: What's Up Doc|Diggersby, M, shiny|373\/373
|move|p2a: Charizard|Fire Blast|p1a: What's Up Doc
|-damage|p1a: What's Up Doc|0 fnt
|faint|p1a: What's Up Doc
|
|-weather|SunnyDay|[upkeep]
|
|switch|p1a: Talonflame|Talonflame, F|297\/297
|turn|10
|
|switch|p2a: Landorus-Therian|Landorus-Therian, M|382\/382
|-ability|p2a: Landorus-Therian|Intimidate|[of] p1a: Talonflame
|-unboost|p1a: Talonflame|atk|1
|move|p1a: Talonflame|Brave Bird|p2a: Landorus-Therian
|-damage|p2a: Landorus-Therian|294\/382
|-damage|p1a: Talonflame|268\/297|[from] recoil|[of] p2a: Landorus-Therian
|
|-weather|none
|-heal|p2a: Landorus-Therian|317\/382|[from] item: Leftovers
|turn|11
|
|move|p1a: Talonflame|U-turn|p2a: Landorus-Therian
|-resisted|p2a: Landorus-Therian
|-damage|p2a: Landorus-Therian|302\/382
|
|switch|p1a: Ferrothorn|Ferrothorn, F|351\/351
|move|p2a: Landorus-Therian|U-turn|p1a: Ferrothorn
|-damage|p1a: Ferrothorn|302\/351
|-damage|p2a: Landorus-Therian|255\/382|[from] ability: Iron Barbs|[of] p1a: Ferrothorn
|-damage|p2a: Landorus-Therian|192\/382|[from] item: Rocky Helmet|[of] p1a: Ferrothorn
|
|switch|p2a: Charizard|Charizard-Mega-Y, M|216\/297 par
|-weather|SunnyDay
|
|-weather|SunnyDay|[upkeep]
|turn|12
|
|move|p2a: Charizard|Fire Blast|p1a: Ferrothorn
|-supereffective|p1a: Ferrothorn
|-damage|p1a: Ferrothorn|0 fnt
|faint|p1a: Ferrothorn
|
|-weather|SunnyDay|[upkeep]
|
|switch|p1a: Talonflame|Talonflame, F|268\/297
|turn|13
|
|move|p1a: Talonflame|Brave Bird|p2a: Charizard
|-damage|p2a: Charizard|0 fnt
|-damage|p1a: Talonflame|197\/297|[from] recoil|[of] p2a: Charizard
|faint|p2a: Charizard
|
|-weather|SunnyDay|[upkeep]
|
|switch|p2a: Tyranitar|Tyranitar, M|341\/341
|-weather|Sandstorm
|turn|14
|
|move|p1a: Talonflame|U-turn|p2a: Tyranitar
|-supereffective|p2a: Tyranitar
|-damage|p2a: Tyranitar|235\/341
|
|move|p2a: Tyranitar|Pursuit|p1a: Talonflame|[from]Pursuit
|-damage|p1a: Talonflame|1\/297
|switch|p1a: Scizor|Scizor, M|343\/343
|
|-weather|Sandstorm|[upkeep]
|turn|15
|
|switch|p2a: Landorus-Therian|Landorus-Therian, M|192\/382
|-ability|p2a: Landorus-Therian|Intimidate|[of] p1a: Scizor
|-unboost|p1a: Scizor|atk|1
|detailschange|p1a: Scizor|Scizor-Mega, M
|-mega|p1a: Scizor|Scizor|Scizorite
|move|p1a: Scizor|Swords Dance|p1a: Scizor
|-boost|p1a: Scizor|atk|2
|
|-weather|Sandstorm|[upkeep]
|-heal|p2a: Landorus-Therian|215\/382|[from] item: Leftovers
|turn|16
|
|move|p1a: Scizor|Bullet Punch|p2a: Landorus-Therian
|-damage|p2a: Landorus-Therian|50\/382
|move|p2a: Landorus-Therian|Earthquake|p1a: Scizor
|-damage|p1a: Scizor|220\/343
|
|-weather|Sandstorm|[upkeep]
|-heal|p2a: Landorus-Therian|73\/382|[from] item: Leftovers
|turn|17
|
|move|p1a: Scizor|Bullet Punch|p2a: Landorus-Therian
|-damage|p2a: Landorus-Therian|0 fnt
|faint|p2a: Landorus-Therian
|
|-weather|Sandstorm|[upkeep]
|
|switch|p2a: Keldeo|Keldeo|323\/323
|turn|18
|
|move|p2a: Keldeo|Hydro Pump|p1a: Scizor|[miss]
|-miss|p2a: Keldeo|p1a: Scizor
|move|p1a: Scizor|Roost|p1a: Scizor
|-heal|p1a: Scizor|343\/343
|
|-weather|none
|turn|19
|
|move|p2a: Keldeo|Hydro Pump|p1a: Scizor|[miss]
|-miss|p2a: Keldeo|p1a: Scizor
|move|p1a: Scizor|Swords Dance|p1a: Scizor
|-boost|p1a: Scizor|atk|2
|
|turn|20
|
|move|p2a: Keldeo|Hydro Pump|p1a: Scizor
|-damage|p1a: Scizor|34\/343
|move|p1a: Scizor|Bug Bite|p2a: Keldeo
|-resisted|p2a: Keldeo
|-damage|p2a: Keldeo|71\/323
|
|turn|21
|
|move|p1a: Scizor|Bullet Punch|p2a: Keldeo
|-resisted|p2a: Keldeo
|-damage|p2a: Keldeo|0 fnt
|faint|p2a: Keldeo
|
|
|switch|p2a: Clefable|Clefable, M|393\/393
|turn|22
|
|move|p1a: Scizor|Bullet Punch|p2a: Clefable
|-supereffective|p2a: Clefable
|-damage|p2a: Clefable|139\/393
|move|p2a: Clefable|Fire Blast|p1a: Scizor|[miss]
|-miss|p2a: Clefable|p1a: Scizor
|
|-heal|p2a: Clefable|163\/393|[from] item: Leftovers
|turn|23
|c|âyutmuffin|lol luck>skill
|c|âyutmuffin|gg i guess
|
|move|p1a: Scizor|Bullet Punch|p2a: Clefable
|-supereffective|p2a: Clefable
|-damage|p2a: Clefable|0 fnt
|faint|p2a: Clefable
|
|
|switch|p2a: Latias|Latias, F, shiny|288\/319
|turn|24
|c|â360 No Silph Scope|use 100 accurete
|
|move|p1a: Scizor|Bullet Punch|p2a: Latias
|-damage|p2a: Latias|0 fnt
|faint|p2a: Latias
|
|-message|yutmuffin forfeited.
|
|win|360 No Silph Scope
|raw|Ladder updating...
|leave|yutmuffin
|player|p2
|raw|360 No Silph Scope's rating: 1389 &rarr; <strong>1409<\/strong><br \/>(+20 for winning)
|raw|yutmuffin's rating: 1388 &rarr; <strong>1368<\/strong><br \/>(-20 for losing)