|join|adoy adoy ~~
|join|ThE0testing
|player|p1|adoy adoy ~~|288
|player|p2|ThE0testing|162
|gametype|singles
|gen|6
|tier|OU
|rated
|clearpoke
|poke|p1|Gliscor, M
|poke|p1|Keldeo
|poke|p1|Tyranitar, M
|poke|p1|Ferrothorn, F
|poke|p1|Slowbro, M
|poke|p1|Heatran, M
|poke|p2|Lopunny, M
|poke|p2|Azumarill, F
|poke|p2|Azelf
|poke|p2|Bisharp, F
|poke|p2|Landorus, M
|poke|p2|Wobbuffet, F
|rule|Swagger Clause: Swagger is banned
|rule|Baton Pass Clause: Limit one PokÃ©mon knowing Baton Pass
|rule|Sleep Clause Mod: Limit one foe put to sleep
|rule|Species Clause: Limit one of each PokÃ©mon
|rule|OHKO Clause: OHKO moves are banned
|rule|Moody Clause: Moody is banned
|rule|Evasion Moves Clause: Evasion moves are banned
|rule|Endless Battle Clause: Forcing endless battles is banned
|rule|HP Percentage Mod: HP is shown in percentages
|teampreview
|
|start
|switch|p1a: Heatran|Heatran, M|386\/386
|switch|p2a: Azelf|Azelf|291\/291
|turn|1
|
|move|p2a: Azelf|Stealth Rock|p1a: Heatran
|-sidestart|p1: adoy adoy ~~|move: Stealth Rock
|move|p1a: Heatran|Lava Plume|p2a: Azelf
|-damage|p2a: Azelf|117\/291
|-status|p2a: Azelf|brn
|
|-damage|p2a: Azelf|81\/291 brn|[from] brn
|turn|2
|
|move|p2a: Azelf|Taunt|p1a: Heatran
|-start|p1a: Heatran|move: Taunt
|move|p1a: Heatran|Lava Plume|p2a: Azelf
|-crit|p2a: Azelf
|-damage|p2a: Azelf|0 fnt
|faint|p2a: Azelf
|
|
|switch|p2a: Landorus|Landorus, M|319\/319
|turn|3
|
|switch|p1a: Gliscor|Gliscor, M|354\/354
|-damage|p1a: Gliscor|310\/354|[from] Stealth Rock
|move|p2a: Landorus|Psychic|p1a: Gliscor
|-damage|p1a: Gliscor|151\/354
|
|-status|p1a: Gliscor|tox|[from] item: Toxic Orb
|turn|4
|
|switch|p1a: Ferrothorn|Ferrothorn, F|352\/352
|-damage|p1a: Ferrothorn|330\/352|[from] Stealth Rock
|move|p2a: Landorus|Psychic|p1a: Ferrothorn
|-resisted|p1a: Ferrothorn
|-damage|p1a: Ferrothorn|264\/352
|
|-heal|p1a: Ferrothorn|286\/352|[from] item: Leftovers
|turn|5
|
|move|p2a: Landorus|Earth Power|p1a: Ferrothorn
|-damage|p1a: Ferrothorn|74\/352
|move|p1a: Ferrothorn|Spikes|p2a: Landorus
|-sidestart|p2: ThE0testing|Spikes
|
|-heal|p1a: Ferrothorn|96\/352|[from] item: Leftovers
|turn|6
|
|switch|p1a: Gliscor|Gliscor, M|151\/354 tox
|-damage|p1a: Gliscor|107\/354 tox|[from] Stealth Rock
|move|p2a: Landorus|Rock Polish|p2a: Landorus
|-boost|p2a: Landorus|spe|2
|
|-heal|p1a: Gliscor|151\/354 tox|[from] ability: Poison Heal
|turn|7
|
|switch|p1a: Tyranitar|Tyranitar, M|341\/341
|-damage|p1a: Tyranitar|299\/341|[from] Stealth Rock
|-weather|Sandstorm
|move|p2a: Landorus|Psychic|p1a: Tyranitar
|-immune|p1a: Tyranitar|[msg]
|
|-weather|Sandstorm|[upkeep]
|turn|8
|
|switch|p1a: Ferrothorn|Ferrothorn, F|96\/352
|-damage|p1a: Ferrothorn|74\/352|[from] Stealth Rock
|move|p2a: Landorus|Earth Power|p1a: Ferrothorn
|-damage|p1a: Ferrothorn|0 fnt
|faint|p1a: Ferrothorn
|
|-weather|Sandstorm|[upkeep]
|
|switch|p1a: Gliscor|Gliscor, M|151\/354 tox
|-damage|p1a: Gliscor|107\/354 tox|[from] Stealth Rock
|turn|9
|
|move|p2a: Landorus|Psychic|p1a: Gliscor
|-damage|p1a: Gliscor|0 fnt
|faint|p1a: Gliscor
|
|-weather|Sandstorm|[upkeep]
|
|switch|p1a: Keldeo|Keldeo|323\/323
|-damage|p1a: Keldeo|303\/323|[from] Stealth Rock
|turn|10
|
|move|p2a: Landorus|Psychic|p1a: Keldeo
|-supereffective|p1a: Keldeo
|-damage|p1a: Keldeo|0 fnt
|faint|p1a: Keldeo
|
|-weather|Sandstorm|[upkeep]
|-message|adoy adoy ~~ forfeited.
|leave|adoy adoy ~~
|
|win|ThE0testing
|raw|Ladder updating...
|player|p1
|raw|adoy adoy ~~'s rating: 1501 &rarr; <strong>1489<\/strong><br \/>(-12 for losing)
|raw|ThE0testing's rating: 1647 &rarr; <strong>1659<\/strong><br \/>(+12 for winning)