|join|Cicada
|join|MVDW
|player|p1|Cicada|32
|player|p2|MVDW|30
|gametype|singles
|gen|6
|tier|OU
|clearpoke
|poke|p1|Charizard, F
|poke|p1|Slowbro, M
|poke|p1|Clefable, M
|poke|p1|Gliscor, M
|poke|p1|Latios, M
|poke|p1|Tyranitar, F
|poke|p2|Serperior, M
|poke|p2|Charizard, F
|poke|p2|Rotom-Wash
|poke|p2|Jirachi
|poke|p2|Latias, F
|poke|p2|Conkeldurr, F
|rule|Swagger Clause: Swagger is banned
|rule|Baton Pass Clause: Limit one PokÃ©mon knowing Baton Pass
|rule|Sleep Clause Mod: Limit one foe put to sleep
|rule|Species Clause: Limit one of each PokÃ©mon
|rule|OHKO Clause: OHKO moves are banned
|rule|Moody Clause: Moody is banned
|rule|Evasion Moves Clause: Evasion moves are banned
|rule|Endless Battle Clause: Forcing endless battles is banned
|rule|HP Percentage Mod: HP is shown in percentages
|teampreview
|join|Soul M8
|join|Neopendragon
|c|âCicada|gl
|c|âMVDW|Is he the real bernar?
|c|âMVDW|Gl ;)
|c|âCicada|i am the benar :]
|join|Villager B
|join|LT2a windu
|c| Soul M8|aha
|
|start
|switch|p1a: racing with the su|Charizard, F|307\/307
|switch|p2a: Charizard|Charizard, F|305\/305
|turn|1
|c| Soul M8|reveal scarf charizard plz
|join|sleeepingallday
|
|switch|p2a: Latias|Latias, F|320\/320
|switch|p1a: eight y cinco|Slowbro, M|394\/394
|
|turn|2
|c|âCicada|i just canceled ttar :x
|c|âCicada|ahah
|
|switch|p2a: Serperior|Serperior, M|292\/292
|switch|p1a: chinese man|Clefable, M|394\/394
|
|turn|3
|
|switch|p2a: Charizard|Charizard, F|305\/305
|switch|p1a: racing with the su|Charizard, F|307\/307
|
|turn|4
|c|âMVDW|Nice
|c|âMVDW|Back to turn 1
|c|âCicada|ye
|join|REDxLOTUS
|c| Soul M8|no dmg
|join|Nani Man
|
|switch|p1a: eight y cinco|Slowbro, M|394\/394
|detailschange|p2a: Charizard|Charizard-Mega-Y, F
|-mega|p2a: Charizard|Charizard|Charizardite Y
|-weather|SunnyDay
|move|p2a: Charizard|Fire Blast|p1a: eight y cinco
|-resisted|p1a: eight y cinco
|-damage|p1a: eight y cinco|183\/394
|
|-weather|SunnyDay|[upkeep]
|-heal|p1a: eight y cinco|207\/394|[from] item: Leftovers
|turn|5
|
|switch|p2a: Conkeldurr|Conkeldurr, F|381\/381
|switch|p1a: elysean fields|Latios, M|301\/301
|
|-weather|SunnyDay|[upkeep]
|turn|6
|
|switch|p1a: chinese man|Clefable, M|394\/394
|move|p2a: Conkeldurr|Knock Off|p1a: chinese man
|-resisted|p1a: chinese man
|-damage|p1a: chinese man|331\/394
|-enditem|p1a: chinese man|Leftovers|[from] move: Knock Off|[of] p2a: Conkeldurr
|
|-weather|SunnyDay|[upkeep]
|turn|7
|
|switch|p1a: day by day|Tyranitar, F|341\/341
|-weather|Sandstorm
|move|p2a: Conkeldurr|Poison Jab|p1a: day by day
|-resisted|p1a: day by day
|-damage|p1a: day by day|292\/341
|
|-weather|Sandstorm|[upkeep]
|-damage|p2a: Conkeldurr|358\/381|[from] sandstorm
|turn|8
|c| REDxLOTUS|play failed
|c|âCicada|;_;
|
|switch|p1a: got dat tune|Gliscor, M|352\/352
|move|p2a: Conkeldurr|Knock Off|p1a: got dat tune
|-damage|p1a: got dat tune|241\/352
|-enditem|p1a: got dat tune|Toxic Orb|[from] move: Knock Off|[of] p2a: Conkeldurr
|
|-weather|Sandstorm|[upkeep]
|-damage|p2a: Conkeldurr|335\/381|[from] sandstorm
|turn|9
|c| REDxLOTUS|just quit now
|c| Villager B|switched for 7 turns straight
|c|@Nani Man|rof
|
|switch|p2a: Rotom-Wash|Rotom-Wash|304\/304
|move|p1a: got dat tune|Roost|p1a: got dat tune
|-heal|p1a: got dat tune|352\/352
|
|-weather|Sandstorm|[upkeep]
|-damage|p2a: Rotom-Wash|285\/304|[from] sandstorm
|-heal|p2a: Rotom-Wash|304\/304|[from] item: Leftovers
|turn|10
|c| REDxLOTUS|inb4 conkel suspect test
|
|switch|p1a: chinese man|Clefable, M|331\/394
|move|p2a: Rotom-Wash|Volt Switch|p1a: chinese man
|-damage|p1a: chinese man|243\/394
|c| REDxLOTUS|the plays
|join|rajsagar
|
|switch|p2a: Charizard|Charizard-Mega-Y, F|305\/305
|-weather|SunnyDay
|
|-weather|SunnyDay|[upkeep]
|turn|11
|
|switch|p1a: elysean fields|Latios, M|301\/301
|move|p2a: Charizard|Fire Blast|p1a: elysean fields
|-resisted|p1a: elysean fields
|-damage|p1a: elysean fields|123\/301
|
|-weather|SunnyDay|[upkeep]
|turn|12
|c| REDxLOTUS|the fire killer is back
|
|switch|p2a: Jirachi|Jirachi|403\/403
|move|p1a: elysean fields|Roost|p1a: elysean fields
|-heal|p1a: elysean fields|274\/301
|
|-weather|SunnyDay|[upkeep]
|turn|13
|join|Donkey Pinch
|c| REDxLOTUS|too much roost XD
|
|switch|p1a: got dat tune|Gliscor, M|352\/352
|move|p2a: Jirachi|Stealth Rock|p1a: got dat tune
|-sidestart|p1: Cicada|move: Stealth Rock
|
|-weather|SunnyDay|[upkeep]
|turn|14
|join|Touymato
|c| REDxLOTUS|momentum gained back
|c| REDxLOTUS|nice plays cicada
|c|âCicada|thx :]
|
|switch|p2a: Charizard|Charizard-Mega-Y, F|305\/305
|move|p1a: got dat tune|Swords Dance|p1a: got dat tune
|-boost|p1a: got dat tune|atk|2
|
|-weather|none
|turn|15
|
|switch|p1a: elysean fields|Latios, M|274\/301
|-damage|p1a: elysean fields|237\/301|[from] Stealth Rock
|move|p2a: Charizard|Fire Blast|p1a: elysean fields
|-resisted|p1a: elysean fields
|-damage|p1a: elysean fields|116\/301
|
|turn|16
|
|switch|p2a: Jirachi|Jirachi|403\/403
|move|p1a: elysean fields|Roost|p1a: elysean fields
|-heal|p1a: elysean fields|267\/301
|
|turn|17
|join|Erzkrieger
|
|switch|p1a: eight y cinco|Slowbro, M|338\/394
|-damage|p1a: eight y cinco|289\/394|[from] Stealth Rock
|move|p2a: Jirachi|U-turn|p1a: eight y cinco
|-supereffective|p1a: eight y cinco
|-damage|p1a: eight y cinco|213\/394
|
|switch|p2a: Serperior|Serperior, M|292\/292
|
|-heal|p1a: eight y cinco|237\/394|[from] item: Leftovers
|turn|18
|join|Canyon
|c| Villager B|here comes the threat
|join|Benzorz
|c| sleeepingallday|op
|c|âCicada|danger
|c| REDxLOTUS|scarf serp is the truth ;0
|
|switch|p1a: elysean fields|Latios, M|267\/301
|-damage|p1a: elysean fields|230\/301|[from] Stealth Rock
|move|p2a: Serperior|Leaf Storm|p1a: elysean fields
|-resisted|p1a: elysean fields
|-damage|p1a: elysean fields|161\/301
|-boost|p2a: Serperior|spa|2
|
|turn|19
|c| Villager B|unless one of his is scarfed... this serperior just kinda sweep doesnt it
|c| REDxLOTUS|i think it runs dark pulse
|c| Soul M8|darude, leaf storm
|c| REDxLOTUS|if not scarfed
|
|switch|p1a: day by day|Tyranitar, F|292\/341
|-damage|p1a: day by day|250\/341|[from] Stealth Rock
|-weather|Sandstorm
|move|p2a: Serperior|Leaf Storm|p1a: day by day
|-supereffective|p1a: day by day
|-damage|p1a: day by day|0 fnt
|-boost|p2a: Serperior|spa|2
|faint|p1a: day by day
|
|-weather|Sandstorm|[upkeep]
|-damage|p2a: Serperior|274\/292|[from] sandstorm
|c|âCicada|uh
|c| Erzkrieger|hp dark imo
|c| Soul M8|i think its gg
|c| Villager B|it runs dragon pulse normally...
|c| Soul M8|unless thats spdef unaware clef
|c| Villager B|gg imo
|c|âCicada|unfortunately its not
|c| Soul M8|aww
|c| Soul M8|then gg
|c| rajsagar|magic guard life orb i guess
|c|âCicada|i hope you dont have dpulse or something :x
|c| REDxLOTUS|its just too op'd
|c| REDxLOTUS|if you dont see life orb its specs or orbd
|join|MaybeI'mMamoswine
|c|âMVDW|Imo it's not the real bernar :(
|
|switch|p1a: racing with the su|Charizard, F|307\/307
|-damage|p1a: racing with the su|154\/307|[from] Stealth Rock
|turn|20
|
|detailschange|p1a: racing with the su|Charizard-Mega-Y, F
|-mega|p1a: racing with the su|Charizard|Charizardite Y
|-weather|SunnyDay
|move|p2a: Serperior|Dragon Pulse|p1a: racing with the su
|-damage|p1a: racing with the su|0 fnt
|faint|p1a: racing with the su
|
|-weather|SunnyDay|[upkeep]
|c| Erzkrieger|i run it with leftiez
|leave|Benzorz
|c| REDxLOTUS|expert belt?
|c| REDxLOTUS|wise glasses?
|c|âCicada|gg bud
|c| Canyon|Focus sash?
|c| REDxLOTUS|wtf is this serp?
|c| REDxLOTUS|lol
|c|âCicada|should've used a faster team ahah
|c| rajsagar|what is the item
|c| Erzkrieger|rocky helmet imo
|c|âMVDW|Bien jouÃ© ;)
|-message|Cicada forfeited.
|
|win|MVDW
|leave|Cicada
|player|p1
|leave|rajsagar
|leave|REDxLOTUS
|c| Erzkrieger|hey mvdw
|leave|Touymato
|leave|Villager B
|c| Erzkrieger|item ??
|leave|Soul M8
|c| Erzkrieger|:D
|c|âMVDW|Expert belt
|leave|MaybeI'mMamoswine
|leave|Neopendragon
|c| Erzkrieger|nice gz
|join|Touymato
|leave|Erzkrieger
|leave|Canyon
|leave|Touymato
|leave|Nani Man
|leave|MVDW
|player|p2
|join|Villager B