|join|rnd900
|join|MVDW
|player|p1|rnd900|1
|player|p2|MVDW|30
|gametype|singles
|gen|6
|tier|OU
|rated
|clearpoke
|poke|p1|Lopunny, M
|poke|p1|Gliscor, M
|poke|p1|Heatran, M
|poke|p1|Latias, F
|poke|p1|Dragonite, M
|poke|p1|Azumarill, M
|poke|p2|Politoed, M
|poke|p2|Landorus-Therian, M
|poke|p2|Kingdra, M
|poke|p2|Breloom, F
|poke|p2|Swampert, M
|poke|p2|Jirachi
|rule|Swagger Clause: Swagger is banned
|rule|Baton Pass Clause: Limit one PokÃ©mon knowing Baton Pass
|rule|Sleep Clause Mod: Limit one foe put to sleep
|rule|Species Clause: Limit one of each PokÃ©mon
|rule|OHKO Clause: OHKO moves are banned
|rule|Moody Clause: Moody is banned
|rule|Evasion Moves Clause: Evasion moves are banned
|rule|Endless Battle Clause: Forcing endless battles is banned
|rule|HP Percentage Mod: HP is shown in percentages
|teampreview
|
|start
|switch|p1a: Heatran|Heatran, M|324\/324
|switch|p2a: Politoed|Politoed, M|341\/341
|-item|p1a: Heatran|Air Balloon
|-weather|RainDance
|turn|1
|
|move|p1a: Heatran|Stealth Rock|p2a: Politoed
|-sidestart|p2: MVDW|move: Stealth Rock
|move|p2a: Politoed|Hydro Pump|p1a: Heatran
|-crit|p1a: Heatran
|-supereffective|p1a: Heatran
|-damage|p1a: Heatran|0 fnt
|-enditem|p1a: Heatran|Air Balloon
|faint|p1a: Heatran
|
|-weather|RainDance|[upkeep]
|
|switch|p1a: Azumarill|Azumarill, M|401\/401
|turn|2
|
|move|p2a: Politoed|Hypnosis|p1a: Azumarill
|-status|p1a: Azumarill|slp
|cant|p1a: Azumarill|slp
|
|-weather|RainDance|[upkeep]
|turn|3
|
|switch|p2a: Jirachi|Jirachi|397\/397
|-damage|p2a: Jirachi|373\/397|[from] Stealth Rock
|cant|p1a: Azumarill|slp
|
|-weather|RainDance|[upkeep]
|-heal|p2a: Jirachi|397\/397|[from] item: Leftovers
|turn|4
|
|move|p2a: Jirachi|Thunder|p1a: Azumarill
|-supereffective|p1a: Azumarill
|-damage|p1a: Azumarill|201\/401 slp
|cant|p1a: Azumarill|slp
|
|-weather|RainDance|[upkeep]
|turn|5
|
|switch|p1a: Gliscor|Gliscor, M|352\/352
|move|p2a: Jirachi|Thunder|p1a: Gliscor
|-immune|p1a: Gliscor|[msg]
|
|-weather|RainDance|[upkeep]
|-status|p1a: Gliscor|tox|[from] item: Toxic Orb
|turn|6
|
|move|p1a: Gliscor|Earthquake|p2a: Jirachi
|-supereffective|p2a: Jirachi
|-damage|p2a: Jirachi|155\/397
|move|p2a: Jirachi|Icy Wind|p1a: Gliscor
|-supereffective|p1a: Gliscor
|-damage|p1a: Gliscor|148\/352 tox
|-unboost|p1a: Gliscor|spe|1
|
|-weather|RainDance|[upkeep]
|-heal|p2a: Jirachi|179\/397|[from] item: Leftovers
|-heal|p1a: Gliscor|192\/352 tox|[from] ability: Poison Heal
|turn|7
|
|switch|p1a: Azumarill|Azumarill, M|201\/401 slp
|move|p2a: Jirachi|Icy Wind|p1a: Azumarill
|-resisted|p1a: Azumarill
|-damage|p1a: Azumarill|176\/401 slp
|-unboost|p1a: Azumarill|spe|1
|
|-weather|RainDance|[upkeep]
|-heal|p2a: Jirachi|203\/397|[from] item: Leftovers
|turn|8
|
|switch|p2a: Breloom|Breloom, F|319\/319
|-damage|p2a: Breloom|300\/319|[from] Stealth Rock
|switch|p1a: Gliscor|Gliscor, M|192\/352 tox
|
|-weather|none
|-heal|p1a: Gliscor|236\/352 tox|[from] ability: Poison Heal
|-status|p2a: Breloom|tox|[from] item: Toxic Orb
|turn|9
|
|move|p1a: Gliscor|Swords Dance|p1a: Gliscor
|-boost|p1a: Gliscor|atk|2
|move|p2a: Breloom|Bulk Up|p2a: Breloom
|-boost|p2a: Breloom|atk|1
|-boost|p2a: Breloom|def|1
|
|-heal|p1a: Gliscor|280\/352 tox|[from] ability: Poison Heal
|-heal|p2a: Breloom|319\/319 tox|[from] ability: Poison Heal
|turn|10
|
|move|p1a: Gliscor|Swords Dance|p1a: Gliscor
|-boost|p1a: Gliscor|atk|2
|move|p2a: Breloom|Facade|p1a: Gliscor
|-damage|p1a: Gliscor|100\/352 tox
|
|-heal|p1a: Gliscor|144\/352 tox|[from] ability: Poison Heal
|turn|11
|
|move|p1a: Gliscor|Baton Pass|p1a: Gliscor
|
|switch|p1a: Arceus Jr.|Dragonite, M|323\/323
|move|p2a: Breloom|Seed Bomb|p1a: Arceus Jr.
|-resisted|p1a: Arceus Jr.
|-damage|p1a: Arceus Jr.|300\/323
|
|turn|12
|join|Like me 2
|
|move|p1a: Arceus Jr.|Extreme Speed|p2a: Breloom
|-damage|p2a: Breloom|0 fnt
|faint|p2a: Breloom
|
|
|switch|p2a: Landorus-Therian|Landorus-Therian, M|325\/325
|-damage|p2a: Landorus-Therian|285\/325|[from] Stealth Rock
|-ability|p2a: Landorus-Therian|Intimidate|[of] p1a: Arceus Jr.
|-unboost|p1a: Arceus Jr.|atk|1
|turn|13
|
|move|p1a: Arceus Jr.|Extreme Speed|p2a: Landorus-Therian
|-damage|p2a: Landorus-Therian|0 fnt
|faint|p2a: Landorus-Therian
|
|
|switch|p2a: Politoed|Politoed, M|341\/341
|-damage|p2a: Politoed|299\/341|[from] Stealth Rock
|-weather|RainDance
|turn|14
|
|switch|p2a: Jirachi|Jirachi|203\/397
|-damage|p2a: Jirachi|179\/397|[from] Stealth Rock
|move|p1a: Arceus Jr.|Extreme Speed|p2a: Jirachi
|-resisted|p2a: Jirachi
|-damage|p2a: Jirachi|0 fnt
|faint|p2a: Jirachi
|
|-weather|RainDance|[upkeep]
|
|switch|p2a: Swampert|Swampert, M|341\/341
|-damage|p2a: Swampert|320\/341|[from] Stealth Rock
|turn|15
|
|detailschange|p2a: Swampert|Swampert-Mega, M
|-mega|p2a: Swampert|Swampert|Swampertite
|move|p1a: Arceus Jr.|Extreme Speed|p2a: Swampert
|-crit|p2a: Swampert
|-damage|p2a: Swampert|0 fnt
|faint|p2a: Swampert
|
|-weather|RainDance|[upkeep]
|
|switch|p2a: Kingdra|Kingdra, M|292\/292
|-damage|p2a: Kingdra|256\/292|[from] Stealth Rock
|turn|16
|
|move|p1a: Arceus Jr.|Extreme Speed|p2a: Kingdra
|-damage|p2a: Kingdra|0 fnt
|faint|p2a: Kingdra
|
|-weather|RainDance|[upkeep]
|-message|MVDW forfeited.
|leave|MVDW
|
|win|rnd900
|raw|Ladder updating...
|player|p2
|raw|rnd900's rating: 1743 &rarr; <strong>1753<\/strong><br \/>(+10 for winning)
|raw|MVDW's rating: 1550 &rarr; <strong>1540<\/strong><br \/>(-10 for losing)