|join|wish killer
|join|Fairy Peak
|player|p1|wish killer|68
|player|p2|Fairy Peak|97
|gametype|singles
|gen|6
|tier|OU
|rated
|clearpoke
|poke|p1|Bisharp, F
|poke|p1|Venusaur, M
|poke|p1|Heatran, M
|poke|p1|Keldeo
|poke|p1|Chansey, F
|poke|p1|Skarmory, M
|poke|p2|Breloom, F
|poke|p2|Landorus, M
|poke|p2|Metagross
|poke|p2|Rotom-Wash
|poke|p2|Starmie
|poke|p2|Dragonite, M
|rule|Swagger Clause: Swagger is banned
|rule|Baton Pass Clause: Limit one PokÃ©mon knowing Baton Pass
|rule|Sleep Clause Mod: Limit one foe put to sleep
|rule|Species Clause: Limit one of each PokÃ©mon
|rule|OHKO Clause: OHKO moves are banned
|rule|Moody Clause: Moody is banned
|rule|Evasion Moves Clause: Evasion moves are banned
|rule|Endless Battle Clause: Forcing endless battles is banned
|rule|HP Percentage Mod: HP is shown in percentages
|teampreview
|join|Call me Trice
|c|âFairy Peak|Gl, hf.
|c| Call me Trice|go bloody
|join|CleanerThanRotom-W
|join|rainydaymusic
|
|start
|switch|p1a: I came from leddit|Bisharp, F|334\/334
|switch|p2a: Rotom-Wash|Rotom-Wash|304\/304
|turn|1
|c| CleanerThanRotom-W|go bloody
|
|switch|p1a: CleanerThanRotom-W|Chansey, F|684\/684
|move|p2a: Rotom-Wash|Volt Switch|p1a: CleanerThanRotom-W
|-damage|p1a: CleanerThanRotom-W|632\/684
|
|switch|p2a: Metagross|Metagross|302\/302
|
|turn|2
|
|switch|p2a: Landorus|Landorus, M|319\/319
|move|p1a: CleanerThanRotom-W|Thunder Wave|p2a: Landorus
|-immune|p2a: Landorus|[msg]
|
|turn|3
|
|move|p2a: Landorus|Stealth Rock|p1a: CleanerThanRotom-W
|-sidestart|p1: wish killer|move: Stealth Rock
|move|p1a: CleanerThanRotom-W|Seismic Toss|p2a: Landorus
|-damage|p2a: Landorus|219\/319
|
|turn|4
|
|switch|p2a: Rotom-Wash|Rotom-Wash|304\/304
|move|p1a: CleanerThanRotom-W|Thunder Wave|p2a: Rotom-Wash
|-fail|p2a: Rotom-Wash
|
|turn|5
|
|move|p2a: Rotom-Wash|Will-O-Wisp|p1a: CleanerThanRotom-W
|-status|p1a: CleanerThanRotom-W|brn
|move|p1a: CleanerThanRotom-W|Seismic Toss|p2a: Rotom-Wash
|-damage|p2a: Rotom-Wash|204\/304
|
|-heal|p2a: Rotom-Wash|223\/304|[from] item: Leftovers
|-damage|p1a: CleanerThanRotom-W|547\/684 brn|[from] brn
|turn|6
|join|WECAMEASROMANS
|
|move|p2a: Rotom-Wash|Pain Split|p1a: CleanerThanRotom-W
|-sethp|p1a: CleanerThanRotom-W|385\/684 brn|p2a: Rotom-Wash|304\/304|[from] move: Pain Split
|move|p1a: CleanerThanRotom-W|Seismic Toss|p2a: Rotom-Wash
|-damage|p2a: Rotom-Wash|204\/304
|
|-heal|p2a: Rotom-Wash|223\/304|[from] item: Leftovers
|-damage|p1a: CleanerThanRotom-W|300\/684 brn|[from] brn
|turn|7
|leave|WECAMEASROMANS
|
|move|p2a: Rotom-Wash|Volt Switch|p1a: CleanerThanRotom-W
|-crit|p1a: CleanerThanRotom-W
|-damage|p1a: CleanerThanRotom-W|227\/684 brn
|
|switch|p2a: Breloom|Breloom, F|261\/261
|move|p1a: CleanerThanRotom-W|Soft-Boiled|p1a: CleanerThanRotom-W
|-heal|p1a: CleanerThanRotom-W|569\/684 brn
|
|-damage|p1a: CleanerThanRotom-W|484\/684 brn|[from] brn
|turn|8
|
|switch|p2a: Landorus|Landorus, M|219\/319
|move|p1a: CleanerThanRotom-W|Soft-Boiled|p1a: CleanerThanRotom-W
|-heal|p1a: CleanerThanRotom-W|684\/684 brn
|
|-damage|p1a: CleanerThanRotom-W|599\/684 brn|[from] brn
|turn|9
|join|Shaarka
|join|RayDalio
|
|switch|p2a: Rotom-Wash|Rotom-Wash|223\/304
|move|p1a: CleanerThanRotom-W|Seismic Toss|p2a: Rotom-Wash
|-damage|p2a: Rotom-Wash|123\/304
|
|-heal|p2a: Rotom-Wash|142\/304|[from] item: Leftovers
|-damage|p1a: CleanerThanRotom-W|514\/684 brn|[from] brn
|turn|10
|join|Bluzen
|
|move|p2a: Rotom-Wash|Pain Split|p1a: CleanerThanRotom-W
|-sethp|p1a: CleanerThanRotom-W|328\/684 brn|p2a: Rotom-Wash|304\/304|[from] move: Pain Split
|move|p1a: CleanerThanRotom-W|Seismic Toss|p2a: Rotom-Wash
|-damage|p2a: Rotom-Wash|204\/304
|
|-heal|p2a: Rotom-Wash|223\/304|[from] item: Leftovers
|-damage|p1a: CleanerThanRotom-W|243\/684 brn|[from] brn
|turn|11
|leave|Shaarka
|
|move|p2a: Rotom-Wash|Volt Switch|p1a: CleanerThanRotom-W
|-damage|p1a: CleanerThanRotom-W|194\/684 brn
|
|switch|p2a: Metagross|Metagross|302\/302
|move|p1a: CleanerThanRotom-W|Soft-Boiled|p1a: CleanerThanRotom-W
|-heal|p1a: CleanerThanRotom-W|536\/684 brn
|
|-damage|p1a: CleanerThanRotom-W|451\/684 brn|[from] brn
|turn|12
|
|detailschange|p2a: Metagross|Metagross-Mega
|-mega|p2a: Metagross|Metagross|Metagrossite
|move|p2a: Metagross|Hammer Arm|p1a: CleanerThanRotom-W
|-supereffective|p1a: CleanerThanRotom-W
|-damage|p1a: CleanerThanRotom-W|19\/684 brn
|-unboost|p2a: Metagross|spe|1
|move|p1a: CleanerThanRotom-W|Thunder Wave|p2a: Metagross
|-status|p2a: Metagross|par
|
|-damage|p1a: CleanerThanRotom-W|0 fnt|[from] brn
|faint|p1a: CleanerThanRotom-W
|
|switch|p1a: uCan'tSeeMe|Heatran, M|340\/340
|-damage|p1a: uCan'tSeeMe|298\/340|[from] Stealth Rock
|-item|p1a: uCan'tSeeMe|Air Balloon
|turn|13
|c| Call me Trice|rip cleaner
|c| CleanerThanRotom-W|rip me
|
|switch|p2a: Starmie|Starmie|323\/323
|move|p1a: uCan'tSeeMe|Toxic|p2a: Starmie
|-status|p2a: Starmie|tox
|
|-damage|p2a: Starmie|303\/323 tox|[from] psn
|turn|14
|c|âFairy Peak|:\/
|
|move|p2a: Starmie|Scald|p1a: uCan'tSeeMe
|-supereffective|p1a: uCan'tSeeMe
|-damage|p1a: uCan'tSeeMe|134\/340
|-enditem|p1a: uCan'tSeeMe|Air Balloon
|move|p1a: uCan'tSeeMe|Stealth Rock|p2a: Starmie
|-sidestart|p2: Fairy Peak|move: Stealth Rock
|
|-heal|p2a: Starmie|323\/323 tox|[from] item: Leftovers
|-damage|p2a: Starmie|283\/323 tox|[from] psn
|turn|15
|
|move|p2a: Starmie|Rapid Spin|p1a: uCan'tSeeMe
|-resisted|p1a: uCan'tSeeMe
|-damage|p1a: uCan'tSeeMe|129\/340
|-sideend|p2: Fairy Peak|Stealth Rock|[from] move: Rapid Spin|[of] p2a: Starmie
|move|p1a: uCan'tSeeMe|Fire Blast|p2a: Starmie
|-resisted|p2a: Starmie
|-damage|p2a: Starmie|190\/323 tox
|
|-heal|p2a: Starmie|210\/323 tox|[from] item: Leftovers
|-damage|p2a: Starmie|150\/323 tox|[from] psn
|turn|16
|
|switch|p1a: Lil MoB killer|Keldeo|323\/323
|-damage|p1a: Lil MoB killer|303\/323|[from] Stealth Rock
|move|p2a: Starmie|Scald|p1a: Lil MoB killer
|-resisted|p1a: Lil MoB killer
|-damage|p1a: Lil MoB killer|255\/323
|
|-heal|p2a: Starmie|170\/323 tox|[from] item: Leftovers
|-heal|p1a: Lil MoB killer|275\/323|[from] item: Leftovers
|-damage|p2a: Starmie|90\/323 tox|[from] psn
|turn|17
|join|IacopotabaNU
|
|switch|p2a: Rotom-Wash|Rotom-Wash|223\/304
|move|p1a: Lil MoB killer|Secret Sword|p2a: Rotom-Wash
|-damage|p2a: Rotom-Wash|106\/304
|
|-heal|p1a: Lil MoB killer|295\/323|[from] item: Leftovers
|-heal|p2a: Rotom-Wash|125\/304|[from] item: Leftovers
|turn|18
|
|move|p1a: Lil MoB killer|Calm Mind|p1a: Lil MoB killer
|-boost|p1a: Lil MoB killer|spa|1
|-boost|p1a: Lil MoB killer|spd|1
|move|p2a: Rotom-Wash|Volt Switch|p1a: Lil MoB killer
|-supereffective|p1a: Lil MoB killer
|-damage|p1a: Lil MoB killer|169\/323
|
|switch|p2a: Metagross|Metagross-Mega|302\/302 par
|
|-heal|p1a: Lil MoB killer|189\/323|[from] item: Leftovers
|turn|19
|
|switch|p1a: Zenzoh|Skarmory, M|334\/334
|-damage|p1a: Zenzoh|293\/334|[from] Stealth Rock
|cant|p2a: Metagross|par
|
|turn|20
|
|move|p1a: Zenzoh|Brave Bird|p2a: Metagross
|-resisted|p2a: Metagross
|-damage|p2a: Metagross|259\/302 par
|-damage|p1a: Zenzoh|279\/334|[from] recoil|[of] p2a: Metagross
|move|p2a: Metagross|Thunder Punch|p1a: Zenzoh
|-supereffective|p1a: Zenzoh
|-damage|p1a: Zenzoh|101\/334
|-damage|p2a: Metagross|209\/302 par|[from] item: Rocky Helmet|[of] p1a: Zenzoh
|
|turn|21
|c| CleanerThanRotom-W|do you bloody sunday wish killer
|
|switch|p2a: Rotom-Wash|Rotom-Wash|125\/304
|move|p1a: Zenzoh|Roost|p1a: Zenzoh
|-heal|p1a: Zenzoh|268\/334
|
|-heal|p2a: Rotom-Wash|144\/304|[from] item: Leftovers
|turn|22
|join|squirrelll
|c| CleanerThanRotom-W|*know
|join|SeventyFive
|
|move|p2a: Rotom-Wash|Volt Switch|p1a: Zenzoh
|-supereffective|p1a: Zenzoh
|-damage|p1a: Zenzoh|76\/334
|c| CleanerThanRotom-W|i heard bloody sunday stole your team
|
|switch|p2a: Starmie|Starmie|90\/323
|move|p1a: Zenzoh|Roost|p1a: Zenzoh
|-heal|p1a: Zenzoh|243\/334
|
|-heal|p2a: Starmie|110\/323|[from] item: Leftovers
|turn|23
|
|switch|p1a: I came from leddit|Bisharp, F|334\/334
|-damage|p1a: I came from leddit|314\/334|[from] Stealth Rock
|move|p2a: Starmie|Recover|p2a: Starmie
|-heal|p2a: Starmie|272\/323
|
|-heal|p2a: Starmie|292\/323|[from] item: Leftovers
|-heal|p1a: I came from leddit|334\/334|[from] item: Leftovers
|turn|24
|
|move|p2a: Starmie|Reflect Type|p1a: I came from leddit
|-start|p2a: Starmie|typechange|[from] move: Reflect Type|[of] p1a: I came from leddit
|move|p1a: I came from leddit|Knock Off|p2a: Starmie
|-resisted|p2a: Starmie
|-damage|p2a: Starmie|192\/323
|-enditem|p2a: Starmie|Leftovers|[from] move: Knock Off|[of] p1a: I came from leddit
|
|turn|25
|
|move|p2a: Starmie|Scald|p1a: I came from leddit
|-damage|p1a: I came from leddit|247\/334
|move|p1a: I came from leddit|Swords Dance|p1a: I came from leddit
|-boost|p1a: I came from leddit|atk|2
|
|-heal|p1a: I came from leddit|267\/334|[from] item: Leftovers
|turn|26
|
|move|p2a: Starmie|Scald|p1a: I came from leddit
|-damage|p1a: I came from leddit|186\/334
|move|p1a: I came from leddit|Knock Off|p2a: Starmie
|-resisted|p2a: Starmie
|-damage|p2a: Starmie|53\/323
|
|-heal|p1a: I came from leddit|206\/334|[from] item: Leftovers
|turn|27
|
|move|p2a: Starmie|Recover|p2a: Starmie
|-heal|p2a: Starmie|215\/323
|move|p1a: I came from leddit|Knock Off|p2a: Starmie
|-resisted|p2a: Starmie
|-damage|p2a: Starmie|68\/323
|
|-heal|p1a: I came from leddit|226\/334|[from] item: Leftovers
|turn|28
|
|move|p2a: Starmie|Recover|p2a: Starmie
|-heal|p2a: Starmie|230\/323
|move|p1a: I came from leddit|Knock Off|p2a: Starmie
|-resisted|p2a: Starmie
|-damage|p2a: Starmie|100\/323
|
|-heal|p1a: I came from leddit|246\/334|[from] item: Leftovers
|turn|29
|
|move|p2a: Starmie|Recover|p2a: Starmie
|-heal|p2a: Starmie|262\/323
|move|p1a: I came from leddit|Knock Off|p2a: Starmie
|-resisted|p2a: Starmie
|-damage|p2a: Starmie|115\/323
|
|-heal|p1a: I came from leddit|266\/334|[from] item: Leftovers
|turn|30
|
|move|p2a: Starmie|Recover|p2a: Starmie
|-heal|p2a: Starmie|277\/323
|move|p1a: I came from leddit|Swords Dance|p1a: I came from leddit
|-boost|p1a: I came from leddit|atk|2
|
|-heal|p1a: I came from leddit|286\/334|[from] item: Leftovers
|turn|31
|
|move|p2a: Starmie|Scald|p1a: I came from leddit
|-damage|p1a: I came from leddit|195\/334
|move|p1a: I came from leddit|Knock Off|p2a: Starmie
|-resisted|p2a: Starmie
|-damage|p2a: Starmie|51\/323
|
|-heal|p1a: I came from leddit|215\/334|[from] item: Leftovers
|turn|32
|c|âFairy Peak|Burn no ?
|c| Call me Trice|no
|c|âFairy Peak|;_;
|
|move|p1a: I came from leddit|Sucker Punch|p2a: Starmie
|-resisted|p2a: Starmie
|-damage|p2a: Starmie|0 fnt
|faint|p2a: Starmie
|
|-heal|p1a: I came from leddit|235\/334|[from] item: Leftovers
|
|switch|p2a: Breloom|Breloom, F|261\/261
|turn|33
|
|move|p2a: Breloom|Mach Punch|p1a: I came from leddit
|-supereffective|p1a: I came from leddit
|-damage|p1a: I came from leddit|0 fnt
|-damage|p2a: Breloom|235\/261|[from] item: Life Orb
|faint|p1a: I came from leddit
|
|leave|Bluzen
|
|switch|p1a: Call me Trice|Venusaur, M|364\/364
|-damage|p1a: Call me Trice|319\/364|[from] Stealth Rock
|turn|34
|c| squirrelll|why sac
|
|switch|p2a: Landorus|Landorus, M|219\/319
|detailschange|p1a: Call me Trice|Venusaur-Mega, M
|-mega|p1a: Call me Trice|Venusaur|Venusaurite
|move|p1a: Call me Trice|Giga Drain|p2a: Landorus
|-damage|p2a: Landorus|87\/319
|-heal|p1a: Call me Trice|364\/364|[from] drain|[of] p2a: Landorus
|
|turn|35
|
|switch|p1a: uCan'tSeeMe|Heatran, M|129\/340
|-damage|p1a: uCan'tSeeMe|87\/340|[from] Stealth Rock
|move|p2a: Landorus|Earth Power|p1a: uCan'tSeeMe
|-supereffective|p1a: uCan'tSeeMe
|-damage|p1a: uCan'tSeeMe|0 fnt
|faint|p1a: uCan'tSeeMe
|
|
|switch|p1a: Lil MoB killer|Keldeo|189\/323
|-damage|p1a: Lil MoB killer|169\/323|[from] Stealth Rock
|turn|36
|
|switch|p2a: Metagross|Metagross-Mega|209\/302 par
|move|p1a: Lil MoB killer|Scald|p2a: Metagross
|-damage|p2a: Metagross|85\/302 par
|
|-heal|p1a: Lil MoB killer|189\/323|[from] item: Leftovers
|turn|37
|c| Call me Trice|ded
|join|Spikes User
|
|move|p2a: Metagross|Bullet Punch|p1a: Lil MoB killer
|-resisted|p1a: Lil MoB killer
|-damage|p1a: Lil MoB killer|133\/323
|move|p1a: Lil MoB killer|Scald|p2a: Metagross
|-damage|p2a: Metagross|0 fnt
|faint|p2a: Metagross
|
|-heal|p1a: Lil MoB killer|153\/323|[from] item: Leftovers
|
|switch|p2a: Rotom-Wash|Rotom-Wash|144\/304
|turn|38
|
|switch|p1a: Call me Trice|Venusaur-Mega, M|364\/364
|-damage|p1a: Call me Trice|319\/364|[from] Stealth Rock
|move|p2a: Rotom-Wash|Volt Switch|p1a: Call me Trice
|-resisted|p1a: Call me Trice
|-damage|p1a: Call me Trice|280\/364
|join|Prince Meme
|
|switch|p2a: Landorus|Landorus, M|87\/319
|
|turn|39
|join|SuperSmoke
|
|switch|p1a: Zenzoh|Skarmory, M|243\/334
|-damage|p1a: Zenzoh|202\/334|[from] Stealth Rock
|move|p2a: Landorus|Earth Power|p1a: Zenzoh
|-immune|p1a: Zenzoh|[msg]
|
|turn|40
|c|âFairy Peak|Miss y\/n
|
|move|p2a: Landorus|Focus Blast|p1a: Zenzoh
|-damage|p1a: Zenzoh|0 fnt
|faint|p1a: Zenzoh
|
|
|switch|p1a: Lil MoB killer|Keldeo|153\/323
|-damage|p1a: Lil MoB killer|133\/323|[from] Stealth Rock
|turn|41
|c| Spikes User|y
|
|switch|p2a: Breloom|Breloom, F|235\/261
|move|p1a: Lil MoB killer|Scald|p2a: Breloom
|-resisted|p2a: Breloom
|-damage|p2a: Breloom|136\/261
|-status|p2a: Breloom|brn
|
|-heal|p1a: Lil MoB killer|153\/323|[from] item: Leftovers
|-damage|p2a: Breloom|104\/261 brn|[from] brn
|turn|42
|c|âFairy Peak|Ok
|c|âFairy Peak|I use scald
|c|âFairy Peak|Like 6 times
|c|âFairy Peak|Never burn
|c| Call me Trice|the burn didnt even matter
|
|move|p2a: Breloom|Mach Punch|p1a: Lil MoB killer
|-damage|p1a: Lil MoB killer|82\/323
|-damage|p2a: Breloom|78\/261 brn|[from] item: Life Orb
|move|p1a: Lil MoB killer|Secret Sword|p2a: Breloom
|-crit|p2a: Breloom
|-damage|p2a: Breloom|0 fnt
|faint|p2a: Breloom
|
|-heal|p1a: Lil MoB killer|102\/323|[from] item: Leftovers
|
|switch|p2a: Rotom-Wash|Rotom-Wash|144\/304
|turn|43
|c| squirrelll|no sub?
|c| Call me Trice|just go into dnite and sweep already omg
|c| CleanerThanRotom-W|even if he had sub
|c|âFairy Peak|CM \/ Scald \/ Secret \/ Icy
|
|move|p1a: Lil MoB killer|Secret Sword|p2a: Rotom-Wash
|-damage|p2a: Rotom-Wash|23\/304
|move|p2a: Rotom-Wash|Volt Switch|p1a: Lil MoB killer
|-crit|p1a: Lil MoB killer
|-supereffective|p1a: Lil MoB killer
|-damage|p1a: Lil MoB killer|0 fnt
|faint|p1a: Lil MoB killer
|c| CleanerThanRotom-W|with bullet seed?
|c| CleanerThanRotom-W|lol
|c| squirrelll|ah
|c| Call me Trice|b
|c| Call me Trice|BLOODY
|-message|wish killer forfeited.
|leave|wish killer
|c| squirrelll|i mean hed alredy lost
|c|âFairy Peak|Gg
|c| squirrelll|sub was a chance
|
|switch|p2a: Dragonite|Dragonite, M|386\/386
|
|c| squirrelll|if mach
|
|win|Fairy Peak
|raw|Ladder updating...
|player|p1
|raw|wish killer's rating: 1810 &rarr; <strong>1783<\/strong><br \/>(-27 for losing)
|raw|Fairy Peak's rating: 1686 &rarr; <strong>1713<\/strong><br \/>(+27 for winning)
|leave|Call me Trice
|leave|CleanerThanRotom-W
|join|davidTHEMASTER
|leave|squirrelll
|leave|davidTHEMASTER