|join|wish killer
|join|burgerfresser
|player|p1|wish killer|68
|player|p2|burgerfresser|266
|gametype|singles
|gen|6
|tier|OU
|rated
|clearpoke
|poke|p1|Bisharp, M
|poke|p1|Venusaur, F
|poke|p1|Heatran, F
|poke|p1|Keldeo
|poke|p1|Chansey, F
|poke|p1|Skarmory, M
|poke|p2|Celebi
|poke|p2|Gardevoir, M
|poke|p2|Mandibuzz, F
|poke|p2|Entei, shiny
|poke|p2|Landorus-Therian, M
|poke|p2|Keldeo-Resolute
|rule|Swagger Clause: Swagger is banned
|rule|Baton Pass Clause: Limit one PokÃ©mon knowing Baton Pass
|rule|Sleep Clause Mod: Limit one foe put to sleep
|rule|Species Clause: Limit one of each PokÃ©mon
|rule|OHKO Clause: OHKO moves are banned
|rule|Moody Clause: Moody is banned
|rule|Evasion Moves Clause: Evasion moves are banned
|rule|Endless Battle Clause: Forcing endless battles is banned
|rule|HP Percentage Mod: HP is shown in percentages
|teampreview
|join|Reylks
|
|start
|switch|p1a: uCan'tSeeMe|Venusaur, F|364\/364
|switch|p2a: Keldeo-Resolute|Keldeo-Resolute|323\/323
|turn|1
|join|AfterStormer
|
|switch|p2a: Mandibuzz|Mandibuzz, F|424\/424
|detailschange|p1a: uCan'tSeeMe|Venusaur-Mega, F
|-mega|p1a: uCan'tSeeMe|Venusaur|Venusaurite
|move|p1a: uCan'tSeeMe|Leech Seed|p2a: Mandibuzz
|-start|p2a: Mandibuzz|move: Leech Seed
|
|-damage|p2a: Mandibuzz|371\/424|[from] Leech Seed|[of] p1a: uCan'tSeeMe
|turn|2
|join|CleanerThanRotom-W
|
|switch|p2a: Celebi|Celebi|404\/404
|move|p1a: uCan'tSeeMe|Giga Drain|p2a: Celebi
|-resisted|p2a: Celebi
|-damage|p2a: Celebi|364\/404
|
|-heal|p2a: Celebi|389\/404|[from] item: Leftovers
|turn|3
|
|switch|p1a: Appreciation|Heatran, F|340\/340
|-item|p1a: Appreciation|Air Balloon
|move|p2a: Celebi|Stealth Rock|p1a: Appreciation
|-sidestart|p1: wish killer|move: Stealth Rock
|
|-heal|p2a: Celebi|404\/404|[from] item: Leftovers
|turn|4
|join|av kakuna
|
|switch|p2a: Keldeo-Resolute|Keldeo-Resolute|323\/323
|move|p1a: Appreciation|Stealth Rock|p2a: Keldeo-Resolute
|-sidestart|p2: burgerfresser|move: Stealth Rock
|
|turn|5
|join|RayDalio
|join|cosine180
|c| CleanerThanRotom-W|bloody
|
|switch|p1a: uCan'tSeeMe|Venusaur-Mega, F|364\/364
|-damage|p1a: uCan'tSeeMe|319\/364|[from] Stealth Rock
|move|p2a: Keldeo-Resolute|Scald|p1a: uCan'tSeeMe
|-resisted|p1a: uCan'tSeeMe
|-damage|p1a: uCan'tSeeMe|235\/364
|
|turn|6
|c| CleanerThanRotom-W|is cosine a hater
|c| CleanerThanRotom-W|or a fan
|c| cosine180|?
|c| cosine180|hm
|c| Reylks|!
|join|Mistaken
|
|switch|p2a: Celebi|Celebi|404\/404
|-damage|p2a: Celebi|354\/404|[from] Stealth Rock
|move|p1a: uCan'tSeeMe|Synthesis|p1a: uCan'tSeeMe
|-heal|p1a: uCan'tSeeMe|364\/364
|
|-heal|p2a: Celebi|379\/404|[from] item: Leftovers
|turn|7
|c|âwish killer|cosine is anybody
|c| cosine180|thats a tough one
|c| cosine180|oo
|c| cosine180|wise answers
|c| CleanerThanRotom-W|you heard it cosine
|c| CleanerThanRotom-W|you're anybody
|c| cosine180|lol
|c| Reylks|Oh burger is top 7
|c| CleanerThanRotom-W|yea hes a ladder hero
|c| Reylks|I see
|
|switch|p2a: Keldeo-Resolute|Keldeo-Resolute|323\/323
|-damage|p2a: Keldeo-Resolute|303\/323|[from] Stealth Rock
|switch|p1a: I came from leddit|Bisharp, M|334\/334
|-damage|p1a: I came from leddit|314\/334|[from] Stealth Rock
|
|-heal|p1a: I came from leddit|334\/334|[from] item: Leftovers
|turn|8
|c| cosine180|his team is cool
|c|âburgerfresser|thx c:
|
|switch|p1a: uCan'tSeeMe|Venusaur-Mega, F|364\/364
|-damage|p1a: uCan'tSeeMe|319\/364|[from] Stealth Rock
|move|p2a: Keldeo-Resolute|Scald|p1a: uCan'tSeeMe
|-resisted|p1a: uCan'tSeeMe
|-damage|p1a: uCan'tSeeMe|232\/364
|-status|p1a: uCan'tSeeMe|brn
|
|-damage|p1a: uCan'tSeeMe|187\/364 brn|[from] brn
|turn|9
|c| cosine180|:]
|c| Reylks|I like his team yes, with Entei !
|c| cosine180|loses to offense tho but thats fine no one uses that shit
|
|switch|p2a: Gardevoir|Gardevoir, M|277\/277
|-damage|p2a: Gardevoir|243\/277|[from] Stealth Rock
|-ability|p2a: Gardevoir|Thick Fat|[from] ability: Trace|[of] p1a: uCan'tSeeMe
|move|p1a: uCan'tSeeMe|Synthesis|p1a: uCan'tSeeMe
|-heal|p1a: uCan'tSeeMe|364\/364 brn
|
|-damage|p1a: uCan'tSeeMe|319\/364 brn|[from] brn
|turn|10
|
|switch|p1a: CleanerThanRotom-W|Chansey, F|684\/684
|-damage|p1a: CleanerThanRotom-W|599\/684|[from] Stealth Rock
|detailschange|p2a: Gardevoir|Gardevoir-Mega, M
|-mega|p2a: Gardevoir|Gardevoir|Gardevoirite
|move|p2a: Gardevoir|Psyshock|p1a: CleanerThanRotom-W
|-damage|p1a: CleanerThanRotom-W|371\/684
|
|turn|11
|c| Reylks|I prefer play for fun
|c|âburgerfresser|ahaha dat name
|c| Reylks|Haha
|join|Appreciation
|c| Appreciation|welcome bloody
|
|move|p2a: Gardevoir|Taunt|p1a: CleanerThanRotom-W
|-start|p1a: CleanerThanRotom-W|move: Taunt
|move|p1a: CleanerThanRotom-W|Seismic Toss|p2a: Gardevoir
|-damage|p2a: Gardevoir|143\/277
|
|turn|12
|
|move|p2a: Gardevoir|Hyper Voice|p1a: CleanerThanRotom-W
|-damage|p1a: CleanerThanRotom-W|233\/684
|move|p1a: CleanerThanRotom-W|Seismic Toss|p2a: Gardevoir
|-damage|p2a: Gardevoir|43\/277
|
|turn|13
|
|switch|p2a: Entei|Entei, shiny|371\/371
|-damage|p2a: Entei|279\/371|[from] Stealth Rock
|-ability|p2a: Entei|Pressure
|move|p1a: CleanerThanRotom-W|Seismic Toss|p2a: Entei
|-damage|p2a: Entei|179\/371
|
|-end|p1a: CleanerThanRotom-W|move: Taunt
|turn|14
|
|move|p2a: Entei|Stone Edge|p1a: CleanerThanRotom-W
|-damage|p1a: CleanerThanRotom-W|0 fnt
|faint|p1a: CleanerThanRotom-W
|
|c| Reylks|Wow, dat atk
|
|switch|p1a: I came from leddit|Bisharp, M|334\/334
|-damage|p1a: I came from leddit|314\/334|[from] Stealth Rock
|turn|15
|
|switch|p2a: Keldeo-Resolute|Keldeo-Resolute|303\/323
|-damage|p2a: Keldeo-Resolute|283\/323|[from] Stealth Rock
|move|p1a: I came from leddit|Knock Off|p2a: Keldeo-Resolute
|-resisted|p2a: Keldeo-Resolute
|-damage|p2a: Keldeo-Resolute|177\/323
|-boost|p2a: Keldeo-Resolute|atk|1|[from] ability: Justified
|-enditem|p2a: Keldeo-Resolute|Choice Specs|[from] move: Knock Off|[of] p1a: I came from leddit
|
|-heal|p1a: I came from leddit|334\/334|[from] item: Leftovers
|turn|16
|c| Appreciation|nice item
|c| Appreciation|bloody?
|c|âburgerfresser|ikr
|c| Appreciation|are u fine???????????
|
|switch|p1a: uCan'tSeeMe|Venusaur-Mega, F|319\/364 brn
|-damage|p1a: uCan'tSeeMe|274\/364 brn|[from] Stealth Rock
|move|p2a: Keldeo-Resolute|Secret Sword|p1a: uCan'tSeeMe
|-resisted|p1a: uCan'tSeeMe
|-damage|p1a: uCan'tSeeMe|225\/364 brn
|
|-damage|p1a: uCan'tSeeMe|180\/364 brn|[from] brn
|turn|17
|
|switch|p2a: Entei|Entei, shiny|179\/371
|-damage|p2a: Entei|87\/371|[from] Stealth Rock
|-ability|p2a: Entei|Pressure
|move|p1a: uCan'tSeeMe|Synthesis|p1a: uCan'tSeeMe
|-heal|p1a: uCan'tSeeMe|362\/364 brn
|
|-damage|p1a: uCan'tSeeMe|317\/364 brn|[from] brn
|turn|18
|c| Reylks|John Cena
|
|switch|p1a: Appreciation|Heatran, F|340\/340
|-damage|p1a: Appreciation|298\/340|[from] Stealth Rock
|-item|p1a: Appreciation|Air Balloon
|move|p2a: Entei|Flare Blitz|p1a: Appreciation
|-start|p1a: Appreciation|ability: Flash Fire
|
|turn|19
|c| Reylks|I think Wish Killer won
|c|âburgerfresser|lol
|
|move|p2a: Entei|Flare Blitz|p1a: Appreciation
|-immune|p1a: Appreciation|[msg]
|move|p1a: Appreciation|Fire Blast|p2a: Entei
|-resisted|p2a: Entei
|-damage|p2a: Entei|0 fnt
|faint|p2a: Entei
|
|
|switch|p2a: Keldeo-Resolute|Keldeo-Resolute|177\/323
|-damage|p2a: Keldeo-Resolute|157\/323|[from] Stealth Rock
|turn|20
|
|switch|p2a: Celebi|Celebi|379\/404
|-damage|p2a: Celebi|329\/404|[from] Stealth Rock
|switch|p1a: uCan'tSeeMe|Venusaur-Mega, F|317\/364 brn
|-damage|p1a: uCan'tSeeMe|272\/364 brn|[from] Stealth Rock
|
|-heal|p2a: Celebi|354\/404|[from] item: Leftovers
|-damage|p1a: uCan'tSeeMe|227\/364 brn|[from] brn
|turn|21
|
|switch|p1a: I came from leddit|Bisharp, M|334\/334
|-damage|p1a: I came from leddit|314\/334|[from] Stealth Rock
|move|p2a: Celebi|Healing Wish|p2a: Celebi
|faint|p2a: Celebi
|
|-heal|p1a: I came from leddit|334\/334|[from] item: Leftovers
|c| CleanerThanRotom-W|thats why hes #7
|c| Appreciation|who
|c| CleanerThanRotom-W|burgerfresser
|c| CleanerThanRotom-W|a ladder hero ofc
|c| Appreciation|what did he do lol
|c|âburgerfresser|lost anyways lol
|c| Reylks|I like burger
|
|switch|p2a: Gardevoir|Gardevoir-Mega, M|43\/277
|-heal|p2a: Gardevoir|277\/277|[from] move: Healing Wish
|-damage|p2a: Gardevoir|243\/277|[from] Stealth Rock
|turn|22
|
|move|p1a: I came from leddit|Sucker Punch|p2a: Gardevoir
|-damage|p2a: Gardevoir|42\/277
|move|p2a: Gardevoir|Hyper Voice|p1a: I came from leddit
|-damage|p1a: I came from leddit|0 fnt
|faint|p1a: I came from leddit
|
|leave|Mistaken
|
|switch|p1a: Lil MoB killer|Keldeo|323\/323
|-damage|p1a: Lil MoB killer|303\/323|[from] Stealth Rock
|turn|23
|c| CleanerThanRotom-W|hey wish killer
|c| CleanerThanRotom-W|nice keldeo
|c|âwish killer|bye mistaken
|c| CleanerThanRotom-W|did u train it urself
|c|âwish killer|yes
|c| Appreciation|who is mistaken
|c| CleanerThanRotom-W|stop lying
|join|rainydaymusic
|c| CleanerThanRotom-W|aka dh trained keldeo
|c| CleanerThanRotom-W|and i traineed venusaur
|
|switch|p2a: Mandibuzz|Mandibuzz, F|371\/424
|-damage|p2a: Mandibuzz|265\/424|[from] Stealth Rock
|move|p1a: Lil MoB killer|Scald|p2a: Mandibuzz
|-damage|p2a: Mandibuzz|127\/424
|
|-heal|p1a: Lil MoB killer|323\/323|[from] item: Leftovers
|-heal|p2a: Mandibuzz|153\/424|[from] item: Leftovers
|turn|24
|
|move|p1a: Lil MoB killer|Scald|p2a: Mandibuzz
|-damage|p2a: Mandibuzz|11\/424
|-status|p2a: Mandibuzz|brn
|move|p2a: Mandibuzz|Taunt|p1a: Lil MoB killer
|-start|p1a: Lil MoB killer|move: Taunt
|
|-heal|p2a: Mandibuzz|37\/424 brn|[from] item: Leftovers
|-damage|p2a: Mandibuzz|0 fnt|[from] brn
|faint|p2a: Mandibuzz
|c| CleanerThanRotom-W|amazing nickname wish killer
|c|âwish killer|nice ladder hero
|
|switch|p2a: Landorus-Therian|Landorus-Therian, M|319\/319
|-damage|p2a: Landorus-Therian|280\/319|[from] Stealth Rock
|-ability|p2a: Landorus-Therian|Intimidate|[of] p1a: Lil MoB killer
|-unboost|p1a: Lil MoB killer|atk|1
|turn|25
|
|switch|p1a: Zenzoh|Skarmory, M|334\/334
|-damage|p1a: Zenzoh|293\/334|[from] Stealth Rock
|move|p2a: Landorus-Therian|Earthquake|p1a: Zenzoh
|-immune|p1a: Zenzoh|[msg]
|
|turn|26
|c|âburgerfresser|the plays
|
|switch|p2a: Keldeo-Resolute|Keldeo-Resolute|157\/323
|-damage|p2a: Keldeo-Resolute|137\/323|[from] Stealth Rock
|move|p1a: Zenzoh|Spikes|p2a: Keldeo-Resolute
|-sidestart|p2: burgerfresser|Spikes
|
|turn|27
|
|switch|p1a: Appreciation|Heatran, F|298\/340
|-damage|p1a: Appreciation|256\/340|[from] Stealth Rock
|-item|p1a: Appreciation|Air Balloon
|move|p2a: Keldeo-Resolute|Hydro Pump|p1a: Appreciation
|-supereffective|p1a: Appreciation
|-damage|p1a: Appreciation|0 fnt
|-enditem|p1a: Appreciation|Air Balloon
|faint|p1a: Appreciation
|
|join|Rest in Chorizord
|c| Appreciation|why do you have to sac me
|c| Appreciation|:(:L(
|c|âwish killer|i don't need you
|
|switch|p1a: Lil MoB killer|Keldeo|323\/323
|-damage|p1a: Lil MoB killer|303\/323|[from] Stealth Rock
|turn|28
|c| Appreciation|wow fuck you
|c|âburgerfresser|lol
|c|âburgerfresser|crit plz D:
|c| CleanerThanRotom-W|all he needs is my lil mob
|c| Appreciation|crit wont save uu
|c| Appreciation|lol
|
|move|p2a: Keldeo-Resolute|Secret Sword|p1a: Lil MoB killer
|-damage|p1a: Lil MoB killer|126\/323
|move|p1a: Lil MoB killer|Secret Sword|p2a: Keldeo-Resolute
|-damage|p2a: Keldeo-Resolute|0 fnt
|faint|p2a: Keldeo-Resolute
|
|-heal|p1a: Lil MoB killer|146\/323|[from] item: Leftovers
|
|switch|p2a: Landorus-Therian|Landorus-Therian, M|280\/319
|-damage|p2a: Landorus-Therian|241\/319|[from] Stealth Rock
|-ability|p2a: Landorus-Therian|Intimidate|[of] p1a: Lil MoB killer
|-unboost|p1a: Lil MoB killer|atk|1
|turn|29
|c|âburgerfresser|hp fire lando is here
|c|âwish killer|nice move
|
|switch|p1a: Zenzoh|Skarmory, M|293\/334
|-damage|p1a: Zenzoh|252\/334|[from] Stealth Rock
|move|p2a: Landorus-Therian|Earthquake|p1a: Zenzoh
|-immune|p1a: Zenzoh|[msg]
|
|turn|30
|c|âburgerfresser|gg xD
|c| CleanerThanRotom-W|I THINK PLAY OR FORFEIT
|c|âwish killer|gg
|
|switch|p2a: Gardevoir|Gardevoir-Mega, M|42\/277
|-damage|p2a: Gardevoir|8\/277|[from] Stealth Rock
|-damage|p2a: Gardevoir|0 fnt|[from] Spikes
|faint|p2a: Gardevoir
|move|p1a: Zenzoh|Roost|p1a: Zenzoh
|-heal|p1a: Zenzoh|334\/334
|
|c| Appreciation|bg
|c| CleanerThanRotom-W|GG.
|leave|Reylks
|c| Appreciation|shoulda heaing wishd keldeo IMO
|
|switch|p2a: Landorus-Therian|Landorus-Therian, M|241\/319
|-damage|p2a: Landorus-Therian|202\/319|[from] Stealth Rock
|-ability|p2a: Landorus-Therian|Intimidate|[of] p1a: Zenzoh
|-unboost|p1a: Zenzoh|atk|1
|turn|31
|c|âburgerfresser|and still lose vs venue?
|c|âburgerfresser|*venu
|
|move|p2a: Landorus-Therian|Knock Off|p1a: Zenzoh
|-damage|p1a: Zenzoh|256\/334
|-damage|p2a: Landorus-Therian|149\/319|[from] item: Rocky Helmet|[of] p1a: Zenzoh
|-enditem|p1a: Zenzoh|Rocky Helmet|[from] move: Knock Off|[of] p2a: Landorus-Therian
|move|p1a: Zenzoh|Roost|p1a: Zenzoh
|-heal|p1a: Zenzoh|334\/334
|
|turn|32
|c| Appreciation|outplay it nerd
|c|âburgerfresser|lol
|c|âwish killer|you will be my venu trice
|c| Appreciation|N_N
|c| Appreciation|my venu
|
|move|p2a: Landorus-Therian|Knock Off|p1a: Zenzoh
|-damage|p1a: Zenzoh|278\/334
|move|p1a: Zenzoh|Brave Bird|p2a: Landorus-Therian
|-damage|p2a: Landorus-Therian|71\/319
|-damage|p1a: Zenzoh|252\/334|[from] recoil|[of] p2a: Landorus-Therian
|
|turn|33
|c| CleanerThanRotom-W|good game wish killer
|c|âburgerfresser|yeah outplay a defensive venue without a move to hit it effectivly, seems legit
|c| CleanerThanRotom-W|you played very well
|
|move|p2a: Landorus-Therian|Knock Off|p1a: Zenzoh
|-damage|p1a: Zenzoh|196\/334
|move|p1a: Zenzoh|Brave Bird|p2a: Landorus-Therian
|-damage|p2a: Landorus-Therian|0 fnt
|-damage|p1a: Zenzoh|173\/334|[from] recoil|[of] p2a: Landorus-Therian
|faint|p2a: Landorus-Therian
|
|win|wish killer
|raw|Ladder updating...
|c|âwish killer|thanks cleaner
|c| CleanerThanRotom-W|im a big fan
|c| Appreciation|bloody always plays well...
|leave|Appreciation
|raw|wish killer's rating: 1777 &rarr; <strong>1800<\/strong><br \/>(+23 for winning)
|raw|burgerfresser's rating: 1821 &rarr; <strong>1799<\/strong><br \/>(-22 for losing)
|leave|CleanerThanRotom-W
|leave|cosine180
|leave|AfterStormer
|join|Appreciation
|c| Appreciation|fags
|leave|Appreciation
|leave|RayDalio
|leave|av kakuna