|join|wish killer
|join|ThE0testing
|player|p1|wish killer|68
|player|p2|ThE0testing|102
|gametype|singles
|gen|6
|tier|OU
|rated
|clearpoke
|poke|p1|Bisharp, M
|poke|p1|Venusaur, F
|poke|p1|Heatran, M
|poke|p1|Keldeo
|poke|p1|Chansey, F
|poke|p1|Skarmory, M
|poke|p2|Lopunny, M, shiny
|poke|p2|Serperior, M, shiny
|poke|p2|Landorus-Therian, M
|poke|p2|Latios, M
|poke|p2|Clefable, F
|poke|p2|Mew
|rule|Swagger Clause: Swagger is banned
|rule|Baton Pass Clause: Limit one PokÃ©mon knowing Baton Pass
|rule|Sleep Clause Mod: Limit one foe put to sleep
|rule|Species Clause: Limit one of each PokÃ©mon
|rule|OHKO Clause: OHKO moves are banned
|rule|Moody Clause: Moody is banned
|rule|Evasion Moves Clause: Evasion moves are banned
|rule|Endless Battle Clause: Forcing endless battles is banned
|rule|HP Percentage Mod: HP is shown in percentages
|teampreview
|
|start
|switch|p1a: Heatran|Heatran, M|340\/340
|switch|p2a: Lopunny|Lopunny, M, shiny|271\/271
|-item|p1a: Heatran|Air Balloon
|turn|1
|
|switch|p1a: Skarmory|Skarmory, M|334\/334
|detailschange|p2a: Lopunny|Lopunny-Mega, M, shiny
|-mega|p2a: Lopunny|Lopunny|Lopunnite
|move|p2a: Lopunny|High Jump Kick|p1a: Skarmory
|-damage|p1a: Skarmory|189\/334
|-damage|p2a: Lopunny|226\/271|[from] item: Rocky Helmet|[of] p1a: Skarmory
|
|turn|2
|
|switch|p2a: Latios|Latios, M|301\/301
|move|p1a: Skarmory|Roost|p1a: Skarmory
|-heal|p1a: Skarmory|334\/334
|
|turn|3
|
|switch|p1a: Chansey|Chansey, F|684\/684
|move|p2a: Latios|Surf|p1a: Chansey
|-damage|p1a: Chansey|605\/684
|-damage|p2a: Latios|271\/301|[from] item: Life Orb
|
|turn|4
|join|i came from leddit
|c| i came from leddit|go bloody!
|
|switch|p2a: Landorus-Therian|Landorus-Therian, M|382\/382
|-ability|p2a: Landorus-Therian|Intimidate|[of] p1a: Chansey
|-unboost|p1a: Chansey|atk|1
|switch|p1a: Heatran|Heatran, M|340\/340
|-item|p1a: Heatran|Air Balloon
|
|turn|5
|c| i came from leddit|trice fren is here..
|
|move|p1a: Heatran|Stealth Rock|p2a: Landorus-Therian
|-sidestart|p2: ThE0testing|move: Stealth Rock
|move|p2a: Landorus-Therian|U-turn|p1a: Heatran
|-resisted|p1a: Heatran
|-damage|p1a: Heatran|325\/340
|-enditem|p1a: Heatran|Air Balloon
|
|switch|p2a: Lopunny|Lopunny-Mega, M, shiny|226\/271
|-damage|p2a: Lopunny|210\/271|[from] Stealth Rock
|
|turn|6
|
|switch|p2a: Latios|Latios, M|271\/301
|-damage|p2a: Latios|234\/301|[from] Stealth Rock
|switch|p1a: Skarmory|Skarmory, M|334\/334
|
|turn|7
|c|âwish killer|ok
|
|switch|p1a: Chansey|Chansey, F|605\/684
|move|p2a: Latios|Surf|p1a: Chansey
|-damage|p1a: Chansey|522\/684
|-damage|p2a: Latios|204\/301|[from] item: Life Orb
|
|turn|8
|c|âwish killer|cleaner was online too
|join|Appreciation
|
|move|p2a: Latios|Defog|p1a: Chansey
|-unboost|p1a: Chansey|evasion|1
|-sideend|p2: ThE0testing|Stealth Rock|[from] move: Defog|[of] p2a: Latios
|move|p1a: Chansey|Soft-Boiled|p1a: Chansey
|-heal|p1a: Chansey|684\/684
|
|turn|9
|c| Appreciation|welcome bloody
|c| i came from leddit|welcome trice
|
|switch|p2a: Mew|Mew|403\/403
|move|p1a: Chansey|Seismic Toss|p2a: Mew
|-damage|p2a: Mew|303\/403
|
|-heal|p2a: Mew|328\/403|[from] item: Leftovers
|turn|10
|c|âwish killer|welcome thenewguy
|c| i came from leddit|imo
|
|switch|p1a: Heatran|Heatran, M|325\/340
|move|p2a: Mew|Taunt|p1a: Heatran
|-start|p1a: Heatran|move: Taunt
|
|-heal|p2a: Mew|353\/403|[from] item: Leftovers
|turn|11
|c|âwish killer|24
|
|move|p1a: Heatran|Fire Blast|p2a: Mew
|-damage|p2a: Mew|226\/403
|move|p2a: Mew|Knock Off|p1a: Heatran
|-damage|p1a: Heatran|280\/340
|
|-heal|p2a: Mew|251\/403|[from] item: Leftovers
|turn|12
|
|move|p1a: Heatran|Fire Blast|p2a: Mew
|-damage|p2a: Mew|119\/403
|move|p2a: Mew|Roost|p2a: Mew
|-heal|p2a: Mew|321\/403
|
|-heal|p2a: Mew|346\/403|[from] item: Leftovers
|turn|13
|c| i came from leddit|....
|
|switch|p2a: Landorus-Therian|Landorus-Therian, M|382\/382
|-ability|p2a: Landorus-Therian|Intimidate|[of] p1a: Heatran
|-unboost|p1a: Heatran|atk|1
|move|p1a: Heatran|Fire Blast|p2a: Landorus-Therian
|-damage|p2a: Landorus-Therian|196\/382
|
|-heal|p2a: Landorus-Therian|219\/382|[from] item: Leftovers
|-end|p1a: Heatran|move: Taunt
|turn|14
|c| i came from leddit|amazing play!
|
|move|p1a: Heatran|Stealth Rock|p2a: Landorus-Therian
|-sidestart|p2: ThE0testing|move: Stealth Rock
|move|p2a: Landorus-Therian|U-turn|p1a: Heatran
|-resisted|p1a: Heatran
|-damage|p1a: Heatran|265\/340
|c| i came from leddit|rekt
|
|switch|p2a: Latios|Latios, M|204\/301
|-damage|p2a: Latios|167\/301|[from] Stealth Rock
|
|turn|15
|
|switch|p1a: Chansey|Chansey, F|684\/684
|move|p2a: Latios|Defog|p1a: Chansey
|-unboost|p1a: Chansey|evasion|1
|-sideend|p2: ThE0testing|Stealth Rock|[from] move: Defog|[of] p2a: Latios
|
|turn|16
|join|greninjafan123
|
|switch|p2a: Mew|Mew|346\/403
|move|p1a: Chansey|Seismic Toss|p2a: Mew
|-damage|p2a: Mew|246\/403
|
|-heal|p2a: Mew|271\/403|[from] item: Leftovers
|turn|17
|c| Appreciation|bloody>this guy
|c|âwish killer|trice > lusty
|join|CleanerThanRotom-W
|c| i came from leddit|nice "stallbreaker" mew xDD
|
|switch|p2a: Lopunny|Lopunny-Mega, M, shiny|210\/271
|switch|p1a: Heatran|Heatran, M|265\/340
|
|turn|18
|c| i came from leddit|.....
|c|âwish killer|leddit > lusty
|c|âwish killer|welcome cleaner
|
|switch|p1a: Skarmory|Skarmory, M|334\/334
|move|p2a: Lopunny|High Jump Kick|p1a: Skarmory
|-damage|p1a: Skarmory|186\/334
|-damage|p2a: Lopunny|165\/271|[from] item: Rocky Helmet|[of] p1a: Skarmory
|
|turn|19
|c| CleanerThanRotom-W|hello wish killer
|c| CleanerThanRotom-W|big fan
|c|âwish killer|nice rank
|c| CleanerThanRotom-W|thank you
|c| CleanerThanRotom-W|bloody i have to ask you
|c| CleanerThanRotom-W|was this you
|
|switch|p2a: Latios|Latios, M|167\/301
|move|p1a: Skarmory|Roost|p1a: Skarmory
|-heal|p1a: Skarmory|334\/334
|
|turn|20
|c|âwish killer|who?
|leave|Appreciation
|c| CleanerThanRotom-W|http:\/\/replay.pokemonshowdown.com\/ou-201399463
|c| CleanerThanRotom-W|was this you?
|
|switch|p1a: Chansey|Chansey, F|684\/684
|move|p2a: Latios|Surf|p1a: Chansey
|-damage|p1a: Chansey|594\/684
|-damage|p2a: Latios|137\/301|[from] item: Life Orb
|
|turn|21
|c| i came from leddit|âwish killer: get rekt pretentious man
|c|âwish killer|no
|c| CleanerThanRotom-W|i thought so
|c| CleanerThanRotom-W|someone said
|c| CleanerThanRotom-W|with ur alt
|
|move|p2a: Latios|Psyshock|p1a: Chansey
|-damage|p1a: Chansey|359\/684
|-damage|p2a: Latios|107\/301|[from] item: Life Orb
|move|p1a: Chansey|Seismic Toss|p2a: Latios
|-damage|p2a: Latios|7\/301
|
|turn|22
|c| CleanerThanRotom-W|"gto to hell bitch"
|c| CleanerThanRotom-W|with ur alt
|c| CleanerThanRotom-W|lol...
|
|switch|p2a: Mew|Mew|271\/403
|move|p1a: Chansey|Soft-Boiled|p1a: Chansey
|-heal|p1a: Chansey|684\/684
|
|-heal|p2a: Mew|296\/403|[from] item: Leftovers
|turn|23
|c|âwish killer|i have been hacked 2 or 3 times
|c| CleanerThanRotom-W|ik
|
|switch|p2a: Landorus-Therian|Landorus-Therian, M|219\/382
|-ability|p2a: Landorus-Therian|Intimidate|[of] p1a: Chansey
|-unboost|p1a: Chansey|atk|1
|switch|p1a: Heatran|Heatran, M|265\/340
|
|-heal|p2a: Landorus-Therian|242\/382|[from] item: Leftovers
|turn|24
|c| i came from leddit|fucking hackers :\/
|
|switch|p1a: Skarmory|Skarmory, M|334\/334
|move|p2a: Landorus-Therian|Earthquake|p1a: Skarmory
|-immune|p1a: Skarmory|[msg]
|
|-heal|p2a: Landorus-Therian|265\/382|[from] item: Leftovers
|turn|25
|
|move|p2a: Landorus-Therian|Stealth Rock|p1a: Skarmory
|-sidestart|p1: wish killer|move: Stealth Rock
|move|p1a: Skarmory|Spikes|p2a: Landorus-Therian
|-sidestart|p2: ThE0testing|Spikes
|
|-heal|p2a: Landorus-Therian|288\/382|[from] item: Leftovers
|turn|26
|
|switch|p2a: Latios|Latios, M|7\/301
|move|p1a: Skarmory|Whirlwind|p2a: Latios
|drag|p2a: Lopunny|Lopunny-Mega, M, shiny|165\/271
|-damage|p2a: Lopunny|132\/271|[from] Spikes
|
|turn|27
|
|move|p2a: Lopunny|High Jump Kick|p1a: Skarmory
|-damage|p1a: Skarmory|168\/334
|-damage|p2a: Lopunny|87\/271|[from] item: Rocky Helmet|[of] p1a: Skarmory
|move|p1a: Skarmory|Brave Bird|p2a: Lopunny
|-supereffective|p2a: Lopunny
|-damage|p2a: Lopunny|0 fnt
|-damage|p1a: Skarmory|139\/334|[from] recoil|[of] p2a: Lopunny
|faint|p2a: Lopunny
|
|c| CleanerThanRotom-W|reverb and mob said
|c| CleanerThanRotom-W|ur cool with them now
|c| CleanerThanRotom-W|lol
|
|switch|p2a: Latios|Latios, M|7\/301
|turn|28
|c| i came from leddit|mob is a good player
|c|âwish killer|mob is good but a bit jealous
|
|switch|p1a: Chansey|Chansey, F|684\/684
|-damage|p1a: Chansey|599\/684|[from] Stealth Rock
|move|p2a: Latios|Surf|p1a: Chansey
|-damage|p1a: Chansey|524\/684
|-damage|p2a: Latios|0 fnt|[from] item: Life Orb
|faint|p2a: Latios
|
|
|switch|p2a: Mew|Mew|296\/403
|-damage|p2a: Mew|246\/403|[from] Spikes
|turn|29
|
|switch|p2a: Landorus-Therian|Landorus-Therian, M|288\/382
|-ability|p2a: Landorus-Therian|Intimidate|[of] p1a: Chansey
|-unboost|p1a: Chansey|atk|1
|switch|p1a: Keldeo|Keldeo|323\/323
|-damage|p1a: Keldeo|303\/323|[from] Stealth Rock
|
|-heal|p1a: Keldeo|323\/323|[from] item: Leftovers
|-heal|p2a: Landorus-Therian|311\/382|[from] item: Leftovers
|turn|30
|c| i came from leddit|nice lando-t
|c| CleanerThanRotom-W|bloody
|c| CleanerThanRotom-W|do you want to see my new alts
|
|switch|p2a: Clefable|Clefable, F|394\/394
|-damage|p2a: Clefable|345\/394|[from] Spikes
|move|p1a: Keldeo|Scald|p2a: Clefable
|-damage|p2a: Clefable|189\/394
|-status|p2a: Clefable|brn
|
|-heal|p2a: Clefable|213\/394 brn|[from] item: Leftovers
|-damage|p2a: Clefable|164\/394 brn|[from] brn
|turn|31
|c|âwish killer|ok
|join|RS Cleaner
|c| RS Cleaner|n_n
|c| i came from leddit|LOL
|c|âwish killer|nice one
|join|lil cleaner
|c| lil cleaner|n_n
|c| lil cleaner|haha
|c| i came from leddit|my lil cleaner..
|c|âwish killer|i will lil mob killer
|
|switch|p1a: Heatran|Heatran, M|265\/340
|-damage|p1a: Heatran|223\/340|[from] Stealth Rock
|move|p2a: Clefable|Thunder Wave|p1a: Heatran
|-status|p1a: Heatran|par
|
|-heal|p2a: Clefable|188\/394 brn|[from] item: Leftovers
|-damage|p2a: Clefable|139\/394 brn|[from] brn
|turn|32
|c| lil cleaner|NO
|c| i came from leddit|kek
|c| lil cleaner|bloody
|c| lil cleaner|use
|c| lil cleaner|kish willer
|c| lil cleaner|LOOOOOL
|join|CleanerThanRotom-W
|c| i came from leddit|catch wats
|
|move|p2a: Clefable|Moonlight|p2a: Clefable
|-heal|p2a: Clefable|336\/394 brn
|cant|p1a: Heatran|par
|
|-heal|p2a: Clefable|360\/394 brn|[from] item: Leftovers
|-damage|p2a: Clefable|311\/394 brn|[from] brn
|turn|33
|
|switch|p2a: Landorus-Therian|Landorus-Therian, M|311\/382
|-ability|p2a: Landorus-Therian|Intimidate|[of] p1a: Heatran
|-unboost|p1a: Heatran|atk|1
|cant|p1a: Heatran|par
|
|-heal|p2a: Landorus-Therian|334\/382|[from] item: Leftovers
|turn|34
|
|switch|p1a: Skarmory|Skarmory, M|139\/334
|-damage|p1a: Skarmory|98\/334|[from] Stealth Rock
|move|p2a: Landorus-Therian|U-turn|p1a: Skarmory
|-resisted|p1a: Skarmory
|-damage|p1a: Skarmory|86\/334
|-damage|p2a: Landorus-Therian|271\/382|[from] item: Rocky Helmet|[of] p1a: Skarmory
|c|âwish killer|nice ratio
|c| i came from leddit|\/me has reported ThE0testing for timestalling
|
|switch|p2a: Serperior|Serperior, M, shiny|293\/293
|-damage|p2a: Serperior|257\/293|[from] Spikes
|
|turn|35
|
|switch|p1a: Chansey|Chansey, F|524\/684
|-damage|p1a: Chansey|439\/684|[from] Stealth Rock
|move|p2a: Serperior|Hidden Power|p1a: Chansey
|-damage|p1a: Chansey|397\/684
|-damage|p2a: Serperior|228\/293|[from] item: Life Orb
|
|turn|36
|
|move|p2a: Serperior|Leaf Storm|p1a: Chansey
|-damage|p1a: Chansey|271\/684
|-boost|p2a: Serperior|spa|2
|-damage|p2a: Serperior|199\/293|[from] item: Life Orb
|move|p1a: Chansey|Soft-Boiled|p1a: Chansey
|-heal|p1a: Chansey|613\/684
|
|turn|37
|c|âwish killer|you have problems with serperior lil cleaner?
|
|move|p2a: Serperior|Leaf Storm|p1a: Chansey
|-damage|p1a: Chansey|347\/684
|-boost|p2a: Serperior|spa|2
|-damage|p2a: Serperior|170\/293|[from] item: Life Orb
|move|p1a: Chansey|Thunder Wave|p2a: Serperior
|-status|p2a: Serperior|par
|
|turn|38
|
|move|p1a: Chansey|Soft-Boiled|p1a: Chansey
|-heal|p1a: Chansey|684\/684
|move|p2a: Serperior|Synthesis|p2a: Serperior
|-heal|p2a: Serperior|293\/293 par
|
|turn|39
|c| CleanerThanRotom-W|no wish  fren
|c| CleanerThanRotom-W|do you have problems with it
|c| i came from leddit|n
|c|âwish killer|chansey
|
|switch|p2a: Clefable|Clefable, F|311\/394 brn
|-damage|p2a: Clefable|262\/394 brn|[from] Spikes
|move|p1a: Chansey|Aromatherapy|p1a: Chansey
|-cureteam|p1a: Chansey|[from] move: Aromatherapy
|
|-heal|p2a: Clefable|286\/394 brn|[from] item: Leftovers
|-damage|p2a: Clefable|237\/394 brn|[from] brn
|turn|40
|c| CleanerThanRotom-W|bloody
|c| CleanerThanRotom-W|i saw a replay
|
|switch|p1a: Heatran|Heatran, M|223\/340
|-damage|p1a: Heatran|181\/340|[from] Stealth Rock
|move|p2a: Clefable|Heal Bell|p2a: Clefable
|-cureteam|p2a: Clefable|[from] move: HealBell
|
|-heal|p2a: Clefable|261\/394|[from] item: Leftovers
|turn|41
|c| CleanerThanRotom-W|costa used my team
|c| CleanerThanRotom-W|vs u lol
|c|âwish killer|yes
|
|move|p1a: Heatran|Stealth Rock|p2a: Clefable
|-sidestart|p2: ThE0testing|move: Stealth Rock
|move|p2a: Clefable|Thunder Wave|p1a: Heatran
|-status|p1a: Heatran|par
|
|-heal|p2a: Clefable|285\/394|[from] item: Leftovers
|turn|42
|c|âwish killer|he won 1-0 with hax
|
|switch|p2a: Landorus-Therian|Landorus-Therian, M|271\/382
|-damage|p2a: Landorus-Therian|224\/382|[from] Stealth Rock
|-ability|p2a: Landorus-Therian|Intimidate|[of] p1a: Heatran
|-unboost|p1a: Heatran|atk|1
|switch|p1a: Bisharp|Bisharp, M|334\/334
|-damage|p1a: Bisharp|314\/334|[from] Stealth Rock
|
|-heal|p2a: Landorus-Therian|247\/382|[from] item: Leftovers
|-heal|p1a: Bisharp|334\/334|[from] item: Leftovers
|turn|43
|
|switch|p1a: Skarmory|Skarmory, M|86\/334
|-damage|p1a: Skarmory|45\/334|[from] Stealth Rock
|move|p2a: Landorus-Therian|Earthquake|p1a: Skarmory
|-immune|p1a: Skarmory|[msg]
|
|-heal|p2a: Landorus-Therian|270\/382|[from] item: Leftovers
|turn|44
|join|Appreciation
|c|âwish killer|http:\/\/replay.pokemonshowdown.com\/ou-203212056
|
|move|p2a: Landorus-Therian|Stone Edge|p1a: Skarmory
|-damage|p1a: Skarmory|0 fnt
|faint|p1a: Skarmory
|
|-heal|p2a: Landorus-Therian|293\/382|[from] item: Leftovers
|
|switch|p1a: Keldeo|Keldeo|323\/323
|-damage|p1a: Keldeo|303\/323|[from] Stealth Rock
|turn|45
|c| i came from leddit|rip lil mana
|c| CleanerThanRotom-W|bloody
|c| CleanerThanRotom-W|i remember
|c| CleanerThanRotom-W|you sniped me once too
|c| CleanerThanRotom-W|LOL
|
|switch|p2a: Clefable|Clefable, F|285\/394
|-damage|p2a: Clefable|236\/394|[from] Spikes
|-damage|p2a: Clefable|187\/394|[from] Stealth Rock
|move|p1a: Keldeo|Scald|p2a: Clefable
|-damage|p2a: Clefable|43\/394
|
|-heal|p1a: Keldeo|323\/323|[from] item: Leftovers
|-heal|p2a: Clefable|67\/394|[from] item: Leftovers
|turn|46
|c| Appreciation|i sniped bloody sometimes
|c| Appreciation|and he still won
|c| Appreciation|:_:
|
|move|p1a: Keldeo|Scald|p2a: Clefable
|-damage|p2a: Clefable|0 fnt
|faint|p2a: Clefable
|
|c| i came from leddit|>sniping
|c| Appreciation|b-bloody tgoo good
|c| i came from leddit|hacker
|c|âwish killer|how is going with your girlfriend trice?
|
|switch|p2a: Serperior|Serperior, M, shiny|293\/293
|-damage|p2a: Serperior|257\/293|[from] Spikes
|-damage|p2a: Serperior|221\/293|[from] Stealth Rock
|turn|47
|c| Appreciation|>girlfriend
|c| Appreciation|i only love you bloody
|
|switch|p2a: Mew|Mew|246\/403
|-damage|p2a: Mew|196\/403|[from] Spikes
|-damage|p2a: Mew|146\/403|[from] Stealth Rock
|switch|p1a: Chansey|Chansey, F|684\/684
|-damage|p1a: Chansey|599\/684|[from] Stealth Rock
|
|-heal|p2a: Mew|171\/403|[from] item: Leftovers
|turn|48
|c| i came from leddit|bloody do you have a girlfriend?
|c| Appreciation|what does bloody lose from sding with bishop
|c|âwish killer|i'm alone since september
|
|switch|p1a: Heatran|Heatran, M|181\/340 par
|-damage|p1a: Heatran|139\/340 par|[from] Stealth Rock
|move|p2a: Mew|Taunt|p1a: Heatran
|-start|p1a: Heatran|move: Taunt
|
|-heal|p2a: Mew|196\/403|[from] item: Leftovers
|turn|49
|c| Appreciation|wow
|c| Appreciation|why?
|
|move|p2a: Mew|Roost|p2a: Mew
|-heal|p2a: Mew|398\/403
|move|p1a: Heatran|Fire Blast|p2a: Mew
|-damage|p2a: Mew|272\/403
|-status|p2a: Mew|brn
|
|-heal|p2a: Mew|297\/403 brn|[from] item: Leftovers
|-damage|p2a: Mew|247\/403 brn|[from] brn
|turn|50
|c| i came from leddit|:(
|c| Appreciation|rekt
|c| i came from leddit|b-bloody....
|c| Appreciation|my heatran
|c| i came from leddit|heatrans spread****
|c|âwish killer|my venu...
|c| i came from leddit|popyhead
|c| Appreciation|leddit has a girlfirend for a longer tiem now
|c| Appreciation|my venu..
|
|switch|p1a: Bisharp|Bisharp, M|334\/334
|-damage|p1a: Bisharp|314\/334|[from] Stealth Rock
|move|p2a: Mew|Roost|p2a: Mew
|-heal|p2a: Mew|403\/403 brn
|
|-heal|p1a: Bisharp|334\/334|[from] item: Leftovers
|-damage|p2a: Mew|353\/403 brn|[from] brn
|turn|51
|c| CleanerThanRotom-W|hey wish killer
|c| CleanerThanRotom-W|nice team
|c| CleanerThanRotom-W|did u build it urself?
|c|âwish killer|thanks cleanerthanrotom-w
|c|âwish killer|no
|c| CleanerThanRotom-W|who build it?
|c|âwish killer|aka dh
|c| CleanerThanRotom-W|oh
|c| CleanerThanRotom-W|is he nice?
|c|âwish killer|yes
|c| CleanerThanRotom-W|and bloody sunday?
|c|âwish killer|no
|
|move|p2a: Mew|Taunt|p1a: Bisharp
|-start|p1a: Bisharp|move: Taunt
|move|p1a: Bisharp|Knock Off|p2a: Mew
|-supereffective|p2a: Mew
|-damage|p2a: Mew|0 fnt
|-enditem|p2a: Mew|Leftovers|[from] move: Knock Off|[of] p1a: Bisharp
|faint|p2a: Mew
|
|c| i came from leddit|bloody sunday = poopyhead
|c|âwish killer|rip bloody sunday
|c| i came from leddit|rip
|c| CleanerThanRotom-W|!rank bloody sunday
|c|âThE0testing|gg
|c|âwish killer|gg
|-message|ThE0testing forfeited.
|
|win|wish killer
|raw|Ladder updating...
|raw|wish killer's rating: 1811 &rarr; <strong>1822<\/strong><br \/>(+11 for winning)
|raw|ThE0testing's rating: 1651 &rarr; <strong>1639<\/strong><br \/>(-12 for losing)