|join|wish killer
|join|Mega-Nido
|player|p1|wish killer|1
|player|p2|Mega-Nido|170
|gametype|singles
|gen|6
|tier|OU
|rated
|clearpoke
|poke|p1|Bisharp, M
|poke|p1|Venusaur, M
|poke|p1|Heatran, M
|poke|p1|Keldeo
|poke|p1|Chansey, F
|poke|p1|Skarmory, M
|poke|p2|Mew
|poke|p2|Landorus-Therian, M
|poke|p2|Ferrothorn, M
|poke|p2|Azumarill, F
|poke|p2|Charizard, F, shiny
|poke|p2|Latias, F
|rule|Swagger Clause: Swagger is banned
|rule|Baton Pass Clause: Limit one PokÃ©mon knowing Baton Pass
|rule|Sleep Clause Mod: Limit one foe put to sleep
|rule|Species Clause: Limit one of each PokÃ©mon
|rule|OHKO Clause: OHKO moves are banned
|rule|Moody Clause: Moody is banned
|rule|Evasion Moves Clause: Evasion moves are banned
|rule|Endless Battle Clause: Forcing endless battles is banned
|rule|HP Percentage Mod: HP is shown in percentages
|teampreview
|c|âMega-Nido|WISH KILLERRRRR
|
|start
|switch|p1a: Heatran|Heatran, M|340\/340
|switch|p2a: Azumarill|Azumarill, F|360\/360
|-item|p1a: Heatran|Air Balloon
|turn|1
|
|switch|p1a: Venusaur|Venusaur, M|364\/364
|move|p2a: Azumarill|Waterfall|p1a: Venusaur
|-resisted|p1a: Venusaur
|-damage|p1a: Venusaur|262\/364
|
|turn|2
|c|âMega-Nido|im your fan
|
|detailschange|p1a: Venusaur|Venusaur-Mega, M
|-mega|p1a: Venusaur|Venusaur|Venusaurite
|move|p1a: Venusaur|Synthesis|p1a: Venusaur
|-heal|p1a: Venusaur|364\/364
|move|p2a: Azumarill|Waterfall|p1a: Venusaur
|-resisted|p1a: Venusaur
|-damage|p1a: Venusaur|279\/364
|
|turn|3
|
|switch|p2a: Charizard|Charizard, F, shiny|328\/328
|move|p1a: Venusaur|Hidden Power|p2a: Charizard
|-resisted|p2a: Charizard
|-damage|p2a: Charizard|298\/328
|
|turn|4
|
|switch|p1a: Chansey|Chansey, F|684\/684
|detailschange|p2a: Charizard|Charizard-Mega-X, F, shiny
|-mega|p2a: Charizard|Charizard|Charizardite X
|move|p2a: Charizard|Dragon Claw|p1a: Chansey
|-damage|p1a: Chansey|410\/684
|
|turn|5
|
|move|p2a: Charizard|Flare Blitz|p1a: Chansey
|-damage|p1a: Chansey|0 fnt
|-damage|p2a: Charizard|163\/328|[from] recoil|[of] p1a: Chansey
|faint|p1a: Chansey
|
|
|switch|p1a: Heatran|Heatran, M|340\/340
|-item|p1a: Heatran|Air Balloon
|turn|6
|
|move|p1a: Heatran|Toxic|p2a: Charizard
|-status|p2a: Charizard|tox
|move|p2a: Charizard|Dragon Claw|p1a: Heatran
|-resisted|p1a: Heatran
|-damage|p1a: Heatran|259\/340
|-enditem|p1a: Heatran|Air Balloon
|
|-damage|p2a: Charizard|143\/328 tox|[from] psn
|turn|7
|
|switch|p1a: Skarmory|Skarmory, M|334\/334
|move|p2a: Charizard|Dragon Claw|p1a: Skarmory
|-resisted|p1a: Skarmory
|-damage|p1a: Skarmory|265\/334
|-damage|p2a: Charizard|89\/328 tox|[from] item: Rocky Helmet|[of] p1a: Skarmory
|
|-damage|p2a: Charizard|49\/328 tox|[from] psn
|turn|8
|
|switch|p2a: Latias|Latias, F|301\/301
|move|p1a: Skarmory|Spikes|p2a: Latias
|-sidestart|p2: Mega-Nido|Spikes
|
|turn|9
|
|switch|p1a: Heatran|Heatran, M|259\/340
|move|p2a: Latias|Defog|p1a: Heatran
|-unboost|p1a: Heatran|evasion|1
|-sideend|p2: Mega-Nido|Spikes|[from] move: Defog|[of] p2a: Latias
|
|turn|10
|
|switch|p2a: Azumarill|Azumarill, F|360\/360
|move|p1a: Heatran|Stealth Rock|p2a: Azumarill
|-sidestart|p2: Mega-Nido|move: Stealth Rock
|
|turn|11
|
|switch|p1a: Venusaur|Venusaur-Mega, M|279\/364
|move|p2a: Azumarill|Waterfall|p1a: Venusaur
|-resisted|p1a: Venusaur
|-damage|p1a: Venusaur|199\/364
|
|turn|12
|
|switch|p2a: Mew|Mew|404\/404
|-damage|p2a: Mew|354\/404|[from] Stealth Rock
|move|p1a: Venusaur|Synthesis|p1a: Venusaur
|-heal|p1a: Venusaur|364\/364
|
|-heal|p2a: Mew|379\/404|[from] item: Leftovers
|turn|13
|
|switch|p1a: Heatran|Heatran, M|259\/340
|move|p2a: Mew|Knock Off|p1a: Heatran
|-damage|p1a: Heatran|216\/340
|
|-heal|p2a: Mew|404\/404|[from] item: Leftovers
|turn|14
|
|switch|p2a: Latias|Latias, F|301\/301
|-damage|p2a: Latias|264\/301|[from] Stealth Rock
|move|p1a: Heatran|Fire Blast|p2a: Latias
|-resisted|p2a: Latias
|-damage|p2a: Latias|204\/301
|
|turn|15
|
|move|p2a: Latias|Psyshock|p1a: Heatran
|-resisted|p1a: Heatran
|-damage|p1a: Heatran|152\/340
|-damage|p2a: Latias|174\/301|[from] item: Life Orb
|move|p1a: Heatran|Toxic|p2a: Latias
|-status|p2a: Latias|tox
|
|-damage|p2a: Latias|156\/301 tox|[from] psn
|turn|16
|join|lil manaphy
|c|âMega-Nido|hi manaphy
|c| lil manaphy|hiii
|c|âMega-Nido|it's wish killer ^__^
|c|âMega-Nido|he's so cool
|
|move|p2a: Latias|Draco Meteor|p1a: Heatran|[miss]
|-miss|p2a: Latias|p1a: Heatran
|move|p1a: Heatran|Taunt|p2a: Latias
|-start|p2a: Latias|move: Taunt
|
|-damage|p2a: Latias|120\/301 tox|[from] psn
|turn|17
|
|switch|p2a: Azumarill|Azumarill, F|360\/360
|-damage|p2a: Azumarill|315\/360|[from] Stealth Rock
|move|p1a: Heatran|Fire Blast|p2a: Azumarill|[miss]
|-miss|p1a: Heatran|p2a: Azumarill
|
|turn|18
|
|switch|p1a: Venusaur|Venusaur-Mega, M|364\/364
|move|p2a: Azumarill|Waterfall|p1a: Venusaur
|-resisted|p1a: Venusaur
|-damage|p1a: Venusaur|285\/364
|
|turn|19
|
|switch|p2a: Ferrothorn|Ferrothorn, M|352\/352
|-damage|p2a: Ferrothorn|330\/352|[from] Stealth Rock
|move|p1a: Venusaur|Giga Drain|p2a: Ferrothorn
|-resisted|p2a: Ferrothorn
|-damage|p2a: Ferrothorn|312\/352
|-heal|p1a: Venusaur|294\/364|[from] drain|[of] p2a: Ferrothorn
|
|-heal|p2a: Ferrothorn|334\/352|[from] item: Leftovers
|turn|20
|
|switch|p2a: Mew|Mew|404\/404
|-damage|p2a: Mew|354\/404|[from] Stealth Rock
|move|p1a: Venusaur|Hidden Power|p2a: Mew
|-crit|p2a: Mew
|-damage|p2a: Mew|284\/404
|
|-heal|p2a: Mew|309\/404|[from] item: Leftovers
|turn|21
|
|switch|p1a: Heatran|Heatran, M|152\/340
|move|p2a: Mew|Taunt|p1a: Heatran
|-start|p1a: Heatran|move: Taunt
|
|-heal|p2a: Mew|334\/404|[from] item: Leftovers
|turn|22
|
|move|p1a: Heatran|Fire Blast|p2a: Mew
|-damage|p2a: Mew|204\/404
|move|p2a: Mew|Knock Off|p1a: Heatran
|-damage|p1a: Heatran|107\/340
|
|-heal|p2a: Mew|229\/404|[from] item: Leftovers
|turn|23
|
|move|p1a: Heatran|Fire Blast|p2a: Mew
|-damage|p2a: Mew|103\/404
|move|p2a: Mew|Soft-Boiled|p2a: Mew
|-heal|p2a: Mew|305\/404
|
|-heal|p2a: Mew|330\/404|[from] item: Leftovers
|turn|24
|
|move|p1a: Heatran|Fire Blast|p2a: Mew
|-damage|p2a: Mew|195\/404
|move|p2a: Mew|Knock Off|p1a: Heatran
|-damage|p1a: Heatran|67\/340
|
|-heal|p2a: Mew|220\/404|[from] item: Leftovers
|-end|p1a: Heatran|move: Taunt
|turn|25
|
|switch|p2a: Azumarill|Azumarill, F|315\/360
|-damage|p2a: Azumarill|270\/360|[from] Stealth Rock
|move|p1a: Heatran|Toxic|p2a: Azumarill
|-status|p2a: Azumarill|tox
|
|-damage|p2a: Azumarill|248\/360 tox|[from] psn
|turn|26
|
|switch|p1a: Venusaur|Venusaur-Mega, M|294\/364
|move|p2a: Azumarill|Waterfall|p1a: Venusaur
|-resisted|p1a: Venusaur
|-damage|p1a: Venusaur|215\/364
|
|-damage|p2a: Azumarill|204\/360 tox|[from] psn
|turn|27
|
|switch|p2a: Mew|Mew|220\/404
|-damage|p2a: Mew|170\/404|[from] Stealth Rock
|move|p1a: Venusaur|Synthesis|p1a: Venusaur
|-heal|p1a: Venusaur|364\/364
|
|-heal|p2a: Mew|195\/404|[from] item: Leftovers
|turn|28
|
|switch|p1a: Heatran|Heatran, M|67\/340
|move|p2a: Mew|Taunt|p1a: Heatran
|-start|p1a: Heatran|move: Taunt
|
|-heal|p2a: Mew|220\/404|[from] item: Leftovers
|turn|29
|
|move|p1a: Heatran|Fire Blast|p2a: Mew
|-damage|p2a: Mew|84\/404
|move|p2a: Mew|Soft-Boiled|p2a: Mew
|-heal|p2a: Mew|286\/404
|
|-heal|p2a: Mew|311\/404|[from] item: Leftovers
|turn|30
|
|move|p1a: Heatran|Fire Blast|p2a: Mew
|-damage|p2a: Mew|184\/404
|move|p2a: Mew|Soft-Boiled|p2a: Mew
|-heal|p2a: Mew|386\/404
|
|-heal|p2a: Mew|404\/404|[from] item: Leftovers
|turn|31
|
|move|p1a: Heatran|Fire Blast|p2a: Mew
|-damage|p2a: Mew|286\/404
|move|p2a: Mew|Knock Off|p1a: Heatran
|-damage|p1a: Heatran|23\/340
|
|-heal|p2a: Mew|311\/404|[from] item: Leftovers
|-end|p1a: Heatran|move: Taunt
|turn|32
|
|switch|p1a: Bisharp|Bisharp, M|334\/334
|move|p2a: Mew|Knock Off|p1a: Bisharp
|-resisted|p1a: Bisharp
|-damage|p1a: Bisharp|298\/334
|-enditem|p1a: Bisharp|Leftovers|[from] move: Knock Off|[of] p2a: Mew
|
|-heal|p2a: Mew|336\/404|[from] item: Leftovers
|turn|33
|
|move|p2a: Mew|Will-O-Wisp|p1a: Bisharp
|-status|p1a: Bisharp|brn
|move|p1a: Bisharp|Knock Off|p2a: Mew
|-supereffective|p2a: Mew
|-damage|p2a: Mew|160\/404
|-enditem|p2a: Mew|Leftovers|[from] move: Knock Off|[of] p1a: Bisharp
|
|-damage|p1a: Bisharp|257\/334 brn|[from] brn
|turn|34
|
|switch|p1a: Keldeo|Keldeo|323\/323
|move|p2a: Mew|Taunt|p1a: Keldeo
|-start|p1a: Keldeo|move: Taunt
|
|turn|35
|
|switch|p2a: Azumarill|Azumarill, F|204\/360 tox
|-damage|p2a: Azumarill|159\/360 tox|[from] Stealth Rock
|move|p1a: Keldeo|Scald|p2a: Azumarill
|-crit|p2a: Azumarill
|-resisted|p2a: Azumarill
|-damage|p2a: Azumarill|21\/360 tox
|
|-damage|p2a: Azumarill|0 fnt|[from] psn
|faint|p2a: Azumarill
|
|switch|p2a: Latias|Latias, F|120\/301 tox
|-damage|p2a: Latias|83\/301 tox|[from] Stealth Rock
|turn|36
|
|move|p2a: Latias|Defog|p1a: Keldeo
|-unboost|p1a: Keldeo|evasion|1
|-sideend|p2: Mega-Nido|Stealth Rock|[from] move: Defog|[of] p2a: Latias
|move|p1a: Keldeo|Icy Wind|p2a: Latias
|-supereffective|p2a: Latias
|-damage|p2a: Latias|0 fnt
|faint|p2a: Latias
|
|
|switch|p2a: Mew|Mew|160\/404
|turn|37
|
|move|p1a: Keldeo|Scald|p2a: Mew
|-crit|p2a: Mew
|-damage|p2a: Mew|0 fnt
|faint|p2a: Mew
|
|-end|p1a: Keldeo|move: Taunt
|c|âMega-Nido|omg no
|c|âMega-Nido|you cant do this to me wish
|
|switch|p2a: Ferrothorn|Ferrothorn, M|334\/352
|turn|38
|
|switch|p1a: Heatran|Heatran, M|23\/340
|move|p2a: Ferrothorn|Power Whip|p1a: Heatran
|-resisted|p1a: Heatran
|-damage|p1a: Heatran|0 fnt
|faint|p1a: Heatran
|
|-heal|p2a: Ferrothorn|352\/352|[from] item: Leftovers
|
|switch|p1a: Skarmory|Skarmory, M|265\/334
|turn|39
|
|switch|p2a: Charizard|Charizard-Mega-X, F, shiny|49\/328 tox
|move|p1a: Skarmory|Spikes|p2a: Charizard
|-sidestart|p2: Mega-Nido|Spikes
|
|-damage|p2a: Charizard|29\/328 tox|[from] psn
|turn|40
|
|move|p2a: Charizard|Roost|p2a: Charizard
|-heal|p2a: Charizard|193\/328 tox
|move|p1a: Skarmory|Brave Bird|p2a: Charizard
|-damage|p2a: Charizard|91\/328 tox
|-damage|p1a: Skarmory|231\/334|[from] recoil|[of] p2a: Charizard
|
|-damage|p2a: Charizard|51\/328 tox|[from] psn
|turn|41
|
|move|p2a: Charizard|Flare Blitz|p1a: Skarmory
|-supereffective|p1a: Skarmory
|-damage|p1a: Skarmory|0 fnt
|-damage|p2a: Charizard|0 fnt|[from] item: Rocky Helmet|[of] p1a: Skarmory
|faint|p2a: Charizard
|faint|p1a: Skarmory
|
|
|switch|p1a: Venusaur|Venusaur-Mega, M|364\/364
|switch|p2a: Ferrothorn|Ferrothorn, M|352\/352
|-damage|p2a: Ferrothorn|308\/352|[from] Spikes
|turn|42
|
|move|p1a: Venusaur|Hidden Power|p2a: Ferrothorn
|-supereffective|p2a: Ferrothorn
|-damage|p2a: Ferrothorn|128\/352
|move|p2a: Ferrothorn|Stealth Rock|p1a: Venusaur
|-sidestart|p1: wish killer|move: Stealth Rock
|
|-heal|p2a: Ferrothorn|150\/352|[from] item: Leftovers
|turn|43
|
|move|p1a: Venusaur|Hidden Power|p2a: Ferrothorn
|-supereffective|p2a: Ferrothorn
|-damage|p2a: Ferrothorn|0 fnt
|faint|p2a: Ferrothorn
|
|
|switch|p2a: Landorus-Therian|Landorus-Therian, M|319\/319
|-ability|p2a: Landorus-Therian|Intimidate|[of] p1a: Venusaur
|-unboost|p1a: Venusaur|atk|1
|turn|44
|c|âMega-Nido|haha gg
|c|âMega-Nido|im sd rock polish!!
|
|move|p2a: Landorus-Therian|Earthquake|p1a: Venusaur
|-damage|p1a: Venusaur|238\/364
|move|p1a: Venusaur|Leech Seed|p2a: Landorus-Therian
|-start|p2a: Landorus-Therian|move: Leech Seed
|
|-damage|p2a: Landorus-Therian|280\/319|[from] Leech Seed|[of] p1a: Venusaur
|-heal|p1a: Venusaur|277\/364|[silent]
|turn|45
|c|âMega-Nido|that was a lie
|
|move|p2a: Landorus-Therian|Earthquake|p1a: Venusaur
|-damage|p1a: Venusaur|165\/364
|move|p1a: Venusaur|Giga Drain|p2a: Landorus-Therian
|-damage|p2a: Landorus-Therian|156\/319
|-heal|p1a: Venusaur|227\/364|[from] drain|[of] p2a: Landorus-Therian
|
|-damage|p2a: Landorus-Therian|117\/319|[from] Leech Seed|[of] p1a: Venusaur
|-heal|p1a: Venusaur|266\/364|[silent]
|turn|46
|
|move|p2a: Landorus-Therian|Earthquake|p1a: Venusaur
|-damage|p1a: Venusaur|139\/364
|move|p1a: Venusaur|Giga Drain|p2a: Landorus-Therian
|-damage|p2a: Landorus-Therian|0 fnt
|-heal|p1a: Venusaur|198\/364|[from] drain|[of] p2a: Landorus-Therian
|faint|p2a: Landorus-Therian
|
|win|wish killer
|raw|Ladder updating...
|raw|wish killer's rating: 1864 &rarr; <strong>1873<\/strong><br \/>(+9 for winning)
|raw|Mega-Nido's rating: 1631 &rarr; <strong>1623<\/strong><br \/>(-8 for losing)