|join|wish killer
|join|Sharpteeth
|player|p1|wish killer|1
|player|p2|Sharpteeth|1
|gametype|singles
|gen|6
|tier|OU
|rated
|clearpoke
|poke|p1|Bisharp, M
|poke|p1|Venusaur, M
|poke|p1|Heatran, M
|poke|p1|Keldeo
|poke|p1|Chansey, F
|poke|p1|Skarmory, M
|poke|p2|Weavile, F
|poke|p2|Diancie
|poke|p2|Skarmory, M
|poke|p2|Latias, F
|poke|p2|Magnezone
|poke|p2|Garchomp, M
|rule|Swagger Clause: Swagger is banned
|rule|Baton Pass Clause: Limit one PokÃ©mon knowing Baton Pass
|rule|Sleep Clause Mod: Limit one foe put to sleep
|rule|Species Clause: Limit one of each PokÃ©mon
|rule|OHKO Clause: OHKO moves are banned
|rule|Moody Clause: Moody is banned
|rule|Evasion Moves Clause: Evasion moves are banned
|rule|Endless Battle Clause: Forcing endless battles is banned
|rule|HP Percentage Mod: HP is shown in percentages
|teampreview
|
|start
|switch|p1a: Heatran|Heatran, M|340\/340
|switch|p2a: Garden Gnome|Diancie|241\/241
|-item|p1a: Heatran|Air Balloon
|turn|1
|join|Hoanter
|
|switch|p1a: Venusaur|Venusaur, M|364\/364
|detailschange|p2a: Garden Gnome|Diancie-Mega
|-mega|p2a: Garden Gnome|Diancie|Diancite
|move|p2a: Garden Gnome|Protect|p2a: Garden Gnome
|-fail|p2a: Garden Gnome
|
|turn|2
|
|switch|p2a: Rubber Duck|Latias, F|344\/344
|detailschange|p1a: Venusaur|Venusaur-Mega, M
|-mega|p1a: Venusaur|Venusaur|Venusaurite
|move|p1a: Venusaur|Hidden Power|p2a: Rubber Duck
|-resisted|p2a: Rubber Duck
|-damage|p2a: Rubber Duck|321\/344
|
|-heal|p2a: Rubber Duck|342\/344|[from] item: Leftovers
|turn|3
|
|move|p2a: Rubber Duck|Psyshock|p1a: Venusaur
|-supereffective|p1a: Venusaur
|-damage|p1a: Venusaur|214\/364
|move|p1a: Venusaur|Leech Seed|p2a: Rubber Duck|[miss]
|-miss|p1a: Venusaur|p2a: Rubber Duck
|
|-heal|p2a: Rubber Duck|344\/344|[from] item: Leftovers
|turn|4
|join|InToDaPussi2
|
|switch|p2a: Panic Button|Skarmory, M|334\/334
|move|p1a: Venusaur|Synthesis|p1a: Venusaur
|-heal|p1a: Venusaur|364\/364
|
|turn|5
|
|move|p2a: Panic Button|Spikes|p1a: Venusaur
|-sidestart|p1: wish killer|Spikes
|move|p1a: Venusaur|Hidden Power|p2a: Panic Button
|-supereffective|p2a: Panic Button
|-damage|p2a: Panic Button|196\/334
|-enditem|p2a: Panic Button|Red Card|[of] p1a: Venusaur
|drag|p1a: Keldeo|Keldeo|323\/323
|-damage|p1a: Keldeo|283\/323|[from] Spikes
|
|-heal|p1a: Keldeo|303\/323|[from] item: Leftovers
|turn|6
|
|switch|p2a: Rubber Duck|Latias, F|344\/344
|move|p1a: Keldeo|Scald|p2a: Rubber Duck
|-resisted|p2a: Rubber Duck
|-damage|p2a: Rubber Duck|290\/344
|-status|p2a: Rubber Duck|brn
|
|-heal|p2a: Rubber Duck|311\/344 brn|[from] item: Leftovers
|-heal|p1a: Keldeo|323\/323|[from] item: Leftovers
|-damage|p2a: Rubber Duck|268\/344 brn|[from] brn
|turn|7
|join|LETS GO ISLANDERS
|
|switch|p1a: Bisharp|Bisharp, M|334\/334
|-damage|p1a: Bisharp|293\/334|[from] Spikes
|move|p2a: Rubber Duck|Psyshock|p1a: Bisharp
|-immune|p1a: Bisharp|[msg]
|
|-heal|p2a: Rubber Duck|289\/344 brn|[from] item: Leftovers
|-heal|p1a: Bisharp|313\/334|[from] item: Leftovers
|-damage|p2a: Rubber Duck|246\/344 brn|[from] brn
|turn|8
|
|switch|p2a: Panic Button|Skarmory, M|196\/334
|move|p1a: Bisharp|Knock Off|p2a: Panic Button
|-damage|p2a: Panic Button|103\/334
|
|-heal|p1a: Bisharp|333\/334|[from] item: Leftovers
|turn|9
|join|RayDalio
|
|move|p2a: Panic Button|Spikes|p1a: Bisharp
|-sidestart|p1: wish killer|Spikes
|move|p1a: Bisharp|Swords Dance|p1a: Bisharp
|-boost|p1a: Bisharp|atk|2
|
|-heal|p1a: Bisharp|334\/334|[from] item: Leftovers
|turn|10
|join|RagnarFR
|
|move|p2a: Panic Button|Stealth Rock|p1a: Bisharp
|-sidestart|p1: wish killer|move: Stealth Rock
|move|p1a: Bisharp|Knock Off|p2a: Panic Button
|-damage|p2a: Panic Button|0 fnt
|faint|p2a: Panic Button
|
|join|metaang
|c| metaang|wish killer, are you cleaner?
|
|switch|p2a: Broom Head|Weavile, F|282\/282
|-ability|p2a: Broom Head|Pressure
|turn|11
|join|CleanerThanRotom-W
|
|switch|p1a: Skarmory|Skarmory, M|334\/334
|-damage|p1a: Skarmory|293\/334|[from] Stealth Rock
|move|p2a: Broom Head|Low Kick|p1a: Skarmory
|-damage|p1a: Skarmory|224\/334
|-damage|p2a: Broom Head|235\/282|[from] item: Rocky Helmet|[of] p1a: Skarmory
|-damage|p2a: Broom Head|207\/282|[from] item: Life Orb
|
|turn|12
|c| RayDalio|sharpteeth your going to lag out
|c|âSharpteeth|you don't say
|c| RayDalio|turn off timer
|c| metaang|wish killer = dirtier :(
|c|âSharpteeth|>.>
|
|switch|p2a: Tinfoil Hat|Magnezone|319\/319
|switch|p1a: Heatran|Heatran, M|340\/340
|-damage|p1a: Heatran|298\/340|[from] Stealth Rock
|-item|p1a: Heatran|Air Balloon
|
|turn|13
|
|switch|p2a: Garden Gnome|Diancie-Mega|241\/241
|move|p1a: Heatran|Fire Blast|p2a: Garden Gnome|[miss]
|-miss|p1a: Heatran|p2a: Garden Gnome
|
|turn|14
|-message|Sharpteeth lost due to inactivity.
|
|move|p2a: Garden Gnome|Diamond Storm|p1a: Heatran
|-damage|p1a: Heatran|147\/340
|-enditem|p1a: Heatran|Air Balloon
|move|p1a: Heatran|Fire Blast|p2a: Garden Gnome
|-resisted|p2a: Garden Gnome
|-damage|p2a: Garden Gnome|153\/241
|-status|p2a: Garden Gnome|brn
|
|-damage|p2a: Garden Gnome|123\/241 brn|[from] brn
|turn|15
|
|win|wish killer
|raw|Ladder updating...
|raw|wish killer's rating: 1835 &rarr; <strong>1848<\/strong><br \/>(+13 for winning)
|raw|Sharpteeth's rating: 1701 &rarr; <strong>1688<\/strong><br \/>(-13 for losing)
|
|c| metaang|timer is breaking the ladder atm
|leave|Sharpteeth
|leave|metaang
|leave|LETS GO ISLANDERS
|leave|RagnarFR
|leave|wish killer
|player|p2
|leave|CleanerThanRotom-W