|join|wish killer
|join|rico4000
|player|p1|wish killer|68
|player|p2|rico4000|15
|gametype|singles
|gen|6
|tier|OU
|rated
|clearpoke
|poke|p1|Bisharp, F
|poke|p1|Venusaur, F
|poke|p1|Heatran, M
|poke|p1|Keldeo
|poke|p1|Chansey, F
|poke|p1|Skarmory, F
|poke|p2|Gliscor, F
|poke|p2|Scizor, F
|poke|p2|Celebi
|poke|p2|Garchomp, F
|poke|p2|Terrakion
|poke|p2|Keldeo-Resolute
|rule|Swagger Clause: Swagger is banned
|rule|Baton Pass Clause: Limit one PokÃ©mon knowing Baton Pass
|rule|Sleep Clause Mod: Limit one foe put to sleep
|rule|Species Clause: Limit one of each PokÃ©mon
|rule|OHKO Clause: OHKO moves are banned
|rule|Moody Clause: Moody is banned
|rule|Evasion Moves Clause: Evasion moves are banned
|rule|Endless Battle Clause: Forcing endless battles is banned
|rule|HP Percentage Mod: HP is shown in percentages
|teampreview
|
|start
|switch|p1a: Call me Trice|Venusaur, F|364\/364
|switch|p2a: Gliscor|Gliscor, F|352\/352
|turn|1
|
|detailschange|p1a: Call me Trice|Venusaur-Mega, F
|-mega|p1a: Call me Trice|Venusaur|Venusaurite
|move|p2a: Gliscor|Swords Dance|p2a: Gliscor
|-boost|p2a: Gliscor|atk|2
|move|p1a: Call me Trice|Giga Drain|p2a: Gliscor
|-damage|p2a: Gliscor|261\/352
|
|-status|p2a: Gliscor|tox|[from] item: Toxic Orb
|turn|2
|
|move|p2a: Gliscor|Knock Off|p1a: Call me Trice
|-damage|p1a: Call me Trice|307\/364
|move|p1a: Call me Trice|Leech Seed|p2a: Gliscor
|-start|p2a: Gliscor|move: Leech Seed
|
|-damage|p2a: Gliscor|217\/352 tox|[from] Leech Seed|[of] p1a: Call me Trice
|-heal|p1a: Call me Trice|351\/364|[silent]
|-heal|p2a: Gliscor|261\/352 tox|[from] ability: Poison Heal
|turn|3
|join|CleanerThanRotom-W
|
|move|p2a: Gliscor|Knock Off|p1a: Call me Trice
|-damage|p1a: Call me Trice|284\/364
|move|p1a: Call me Trice|Giga Drain|p2a: Gliscor
|-damage|p2a: Gliscor|164\/352 tox
|-heal|p1a: Call me Trice|333\/364|[from] drain|[of] p2a: Gliscor
|
|-damage|p2a: Gliscor|120\/352 tox|[from] Leech Seed|[of] p1a: Call me Trice
|-heal|p1a: Call me Trice|364\/364|[silent]
|-heal|p2a: Gliscor|164\/352 tox|[from] ability: Poison Heal
|turn|4
|
|move|p2a: Gliscor|Roost|p2a: Gliscor
|-heal|p2a: Gliscor|340\/352 tox
|move|p1a: Call me Trice|Giga Drain|p2a: Gliscor
|-supereffective|p2a: Gliscor
|-damage|p2a: Gliscor|160\/352 tox
|
|-damage|p2a: Gliscor|116\/352 tox|[from] Leech Seed|[of] p1a: Call me Trice
|-heal|p2a: Gliscor|160\/352 tox|[from] ability: Poison Heal
|turn|5
|
|switch|p2a: Scizor|Scizor, F|343\/343
|move|p1a: Call me Trice|Giga Drain|p2a: Scizor
|-resisted|p2a: Scizor
|-damage|p2a: Scizor|319\/343
|
|turn|6
|
|switch|p2a: Gliscor|Gliscor, F|160\/352 tox
|move|p1a: Call me Trice|Hidden Power|p2a: Gliscor
|-damage|p2a: Gliscor|108\/352 tox
|
|-heal|p2a: Gliscor|152\/352 tox|[from] ability: Poison Heal
|turn|7
|
|move|p2a: Gliscor|Roost|p2a: Gliscor
|-heal|p2a: Gliscor|328\/352 tox
|move|p1a: Call me Trice|Giga Drain|p2a: Gliscor
|-supereffective|p2a: Gliscor
|-damage|p2a: Gliscor|136\/352 tox
|
|-heal|p2a: Gliscor|180\/352 tox|[from] ability: Poison Heal
|turn|8
|
|switch|p2a: Celebi|Celebi|403\/403
|move|p1a: Call me Trice|Giga Drain|p2a: Celebi
|-resisted|p2a: Celebi
|-damage|p2a: Celebi|367\/403
|
|-heal|p2a: Celebi|392\/403|[from] item: Leftovers
|turn|9
|
|switch|p1a: I came from leddit|Bisharp, F|334\/334
|move|p2a: Celebi|Baton Pass|p2a: Celebi
|
|switch|p2a: Garchomp|Garchomp, F|420\/420
|
|turn|10
|
|switch|p1a: uCan'tSeeMe|Heatran, M|340\/340
|-item|p1a: uCan'tSeeMe|Air Balloon
|move|p2a: Garchomp|Stealth Rock|p1a: uCan'tSeeMe
|-sidestart|p1: wish killer|move: Stealth Rock
|
|turn|11
|
|switch|p2a: Terrakion|Terrakion|323\/323
|move|p1a: uCan'tSeeMe|Toxic|p2a: Terrakion
|-status|p2a: Terrakion|tox
|
|-damage|p2a: Terrakion|303\/323 tox|[from] psn
|turn|12
|
|switch|p1a: Call me Trice|Venusaur-Mega, F|364\/364
|-damage|p1a: Call me Trice|319\/364|[from] Stealth Rock
|move|p2a: Terrakion|Close Combat|p1a: Call me Trice
|-resisted|p1a: Call me Trice
|-damage|p1a: Call me Trice|215\/364
|-unboost|p2a: Terrakion|def|1
|-unboost|p2a: Terrakion|spd|1
|
|-damage|p2a: Terrakion|263\/323 tox|[from] psn
|turn|13
|
|switch|p2a: Celebi|Celebi|392\/403
|move|p1a: Call me Trice|Synthesis|p1a: Call me Trice
|-heal|p1a: Call me Trice|364\/364
|
|-heal|p2a: Celebi|403\/403|[from] item: Leftovers
|turn|14
|join|SeventyFive
|
|move|p2a: Celebi|Baton Pass|p2a: Celebi
|
|switch|p2a: Gliscor|Gliscor, F|180\/352 tox
|move|p1a: Call me Trice|Hidden Power|p2a: Gliscor
|-damage|p2a: Gliscor|128\/352 tox
|
|-heal|p2a: Gliscor|172\/352 tox|[from] ability: Poison Heal
|turn|15
|
|switch|p2a: Celebi|Celebi|403\/403
|move|p1a: Call me Trice|Leech Seed|p2a: Celebi
|-immune|p2a: Celebi|[msg]
|
|turn|16
|
|switch|p1a: uCan'tSeeMe|Heatran, M|340\/340
|-damage|p1a: uCan'tSeeMe|298\/340|[from] Stealth Rock
|-item|p1a: uCan'tSeeMe|Air Balloon
|move|p2a: Celebi|Baton Pass|p2a: Celebi
|
|switch|p2a: Terrakion|Terrakion|263\/323 tox
|
|-damage|p2a: Terrakion|243\/323 tox|[from] psn
|turn|17
|
|switch|p1a: Call me Trice|Venusaur-Mega, F|364\/364
|-damage|p1a: Call me Trice|319\/364|[from] Stealth Rock
|move|p2a: Terrakion|Stone Edge|p1a: Call me Trice|[miss]
|-miss|p2a: Terrakion|p1a: Call me Trice
|
|-damage|p2a: Terrakion|203\/323 tox|[from] psn
|turn|18
|c|ârico4000|lol
|
|switch|p2a: Celebi|Celebi|403\/403
|move|p1a: Call me Trice|Giga Drain|p2a: Celebi
|-resisted|p2a: Celebi
|-damage|p2a: Celebi|364\/403
|-heal|p1a: Call me Trice|339\/364|[from] drain|[of] p2a: Celebi
|
|-heal|p2a: Celebi|389\/403|[from] item: Leftovers
|turn|19
|c|ârico4000|CB tera 6-0s u i believe
|c|âwish killer|500-0
|
|move|p2a: Celebi|Baton Pass|p2a: Celebi
|
|switch|p2a: Gliscor|Gliscor, F|172\/352 tox
|move|p1a: Call me Trice|Hidden Power|p2a: Gliscor
|-damage|p2a: Gliscor|118\/352 tox
|
|-heal|p2a: Gliscor|162\/352 tox|[from] ability: Poison Heal
|turn|20
|
|switch|p1a: uCan'tSeeMe|Heatran, M|298\/340
|-damage|p1a: uCan'tSeeMe|256\/340|[from] Stealth Rock
|-item|p1a: uCan'tSeeMe|Air Balloon
|move|p2a: Gliscor|Roost|p2a: Gliscor
|-heal|p2a: Gliscor|338\/352 tox
|
|-heal|p2a: Gliscor|352\/352 tox|[from] ability: Poison Heal
|turn|21
|
|move|p1a: uCan'tSeeMe|Stealth Rock|p2a: Gliscor
|-sidestart|p2: rico4000|move: Stealth Rock
|move|p2a: Gliscor|Knock Off|p1a: uCan'tSeeMe
|-damage|p1a: uCan'tSeeMe|195\/340
|-enditem|p1a: uCan'tSeeMe|Air Balloon
|
|turn|22
|
|switch|p1a: Zenzoh|Skarmory, F|334\/334
|-damage|p1a: Zenzoh|293\/334|[from] Stealth Rock
|move|p2a: Gliscor|Earthquake|p1a: Zenzoh
|-immune|p1a: Zenzoh|[msg]
|
|turn|23
|c|ârico4000|gg
|-message|rico4000 forfeited.
|leave|rico4000
|join|Fliegende Nudel
|
|win|wish killer
|raw|Ladder updating...
|player|p2
|raw|wish killer's rating: 1812 &rarr; <strong>1820<\/strong><br \/>(+8 for winning)
|raw|rico4000's rating: 1573 &rarr; <strong>1565<\/strong><br \/>(-8 for losing)