|join|wish killer
|join|Century Express
|player|p1|wish killer|1
|player|p2|Century Express|145
|gametype|singles
|gen|6
|tier|OU
|rated
|clearpoke
|poke|p1|Bisharp, M
|poke|p1|Venusaur, F
|poke|p1|Heatran, M
|poke|p1|Keldeo
|poke|p1|Chansey, F
|poke|p1|Skarmory, M
|poke|p2|Ferrothorn, M
|poke|p2|Landorus-Therian, M
|poke|p2|Gothitelle, F
|poke|p2|Raikou
|poke|p2|Keldeo-Resolute
|poke|p2|Metagross
|rule|Swagger Clause: Swagger is banned
|rule|Baton Pass Clause: Limit one PokÃ©mon knowing Baton Pass
|rule|Sleep Clause Mod: Limit one foe put to sleep
|rule|Species Clause: Limit one of each PokÃ©mon
|rule|OHKO Clause: OHKO moves are banned
|rule|Moody Clause: Moody is banned
|rule|Evasion Moves Clause: Evasion moves are banned
|rule|Endless Battle Clause: Forcing endless battles is banned
|rule|HP Percentage Mod: HP is shown in percentages
|teampreview
|join|Dayanne
|join|i came from leddit
|
|start
|switch|p1a: Heatran|Heatran, M|340\/340
|switch|p2a: Relayer|Landorus-Therian, M|319\/319
|-ability|p2a: Relayer|Intimidate|[of] p1a: Heatran
|-unboost|p1a: Heatran|atk|1
|-item|p1a: Heatran|Air Balloon
|turn|1
|c| i came from leddit|go bloody! welcome dayanne!
|
|move|p2a: Relayer|Superpower|p1a: Heatran
|-supereffective|p1a: Heatran
|-damage|p1a: Heatran|80\/340
|-enditem|p1a: Heatran|Air Balloon
|-unboost|p2a: Relayer|atk|1
|-unboost|p2a: Relayer|def|1
|move|p1a: Heatran|Stealth Rock|p2a: Relayer
|-sidestart|p2: Century Express|move: Stealth Rock
|
|turn|2
|c| Dayanne|hi
|
|switch|p2a: Golmore|Ferrothorn, M|352\/352
|-damage|p2a: Golmore|330\/352|[from] Stealth Rock
|switch|p1a: Skarmory|Skarmory, M|334\/334
|
|-heal|p2a: Golmore|352\/352|[from] item: Leftovers
|turn|3
|join|resh bully me
|
|move|p1a: Skarmory|Spikes|p2a: Golmore
|-sidestart|p2: Century Express|Spikes
|move|p2a: Golmore|Stealth Rock|p1a: Skarmory
|-sidestart|p1: wish killer|move: Stealth Rock
|
|turn|4
|c| Dayanne|gl yes
|
|switch|p2a: Still Life|Raikou|321\/321
|-damage|p2a: Still Life|281\/321|[from] Spikes
|-damage|p2a: Still Life|241\/321|[from] Stealth Rock
|-ability|p2a: Still Life|Pressure
|move|p1a: Skarmory|Spikes|p2a: Still Life
|-sidestart|p2: Century Express|Spikes
|
|turn|5
|
|switch|p1a: Heatran|Heatran, M|80\/340
|-damage|p1a: Heatran|38\/340|[from] Stealth Rock
|move|p2a: Still Life|Volt Switch|p1a: Heatran
|-damage|p1a: Heatran|0 fnt
|faint|p1a: Heatran
|
|switch|p2a: Relayer|Landorus-Therian, M|319\/319
|-damage|p2a: Relayer|280\/319|[from] Stealth Rock
|
|
|switch|p1a: Keldeo|Keldeo|323\/323
|-damage|p1a: Keldeo|303\/323|[from] Stealth Rock
|turn|6
|
|switch|p1a: Skarmory|Skarmory, M|334\/334
|-damage|p1a: Skarmory|293\/334|[from] Stealth Rock
|move|p2a: Relayer|Earthquake|p1a: Skarmory
|-immune|p1a: Skarmory|[msg]
|
|turn|7
|
|switch|p2a: Renaissance|Gothitelle, F|336\/336
|-damage|p2a: Renaissance|294\/336|[from] Stealth Rock
|-damage|p2a: Renaissance|238\/336|[from] Spikes
|move|p1a: Skarmory|Whirlwind|p2a: Renaissance
|drag|p2a: Golmore|Ferrothorn, M|352\/352
|-damage|p2a: Golmore|294\/352|[from] Spikes
|-damage|p2a: Golmore|272\/352|[from] Stealth Rock
|
|-heal|p2a: Golmore|294\/352|[from] item: Leftovers
|turn|8
|
|move|p1a: Skarmory|Spikes|p2a: Golmore
|-sidestart|p2: Century Express|Spikes
|move|p2a: Golmore|Leech Seed|p1a: Skarmory
|-start|p1a: Skarmory|move: Leech Seed
|
|-heal|p2a: Golmore|316\/352|[from] item: Leftovers
|-damage|p1a: Skarmory|252\/334|[from] Leech Seed|[of] p2a: Golmore
|-heal|p2a: Golmore|352\/352|[silent]
|turn|9
|
|switch|p1a: Chansey|Chansey, F|684\/684
|-damage|p1a: Chansey|599\/684|[from] Stealth Rock
|switch|p2a: Relayer|Landorus-Therian, M|280\/319
|-damage|p2a: Relayer|241\/319|[from] Stealth Rock
|-ability|p2a: Relayer|Intimidate|[of] p1a: Chansey
|-unboost|p1a: Chansey|atk|1
|
|turn|10
|
|move|p2a: Relayer|U-turn|p1a: Chansey
|-damage|p1a: Chansey|471\/684
|
|switch|p2a: Golmore|Ferrothorn, M|352\/352
|-damage|p2a: Golmore|264\/352|[from] Spikes
|-damage|p2a: Golmore|242\/352|[from] Stealth Rock
|move|p1a: Chansey|Seismic Toss|p2a: Golmore
|-damage|p2a: Golmore|142\/352
|-damage|p1a: Chansey|386\/684|[from] ability: Iron Barbs|[of] p2a: Golmore
|
|-heal|p2a: Golmore|164\/352|[from] item: Leftovers
|turn|11
|join|Venom3000
|
|switch|p2a: Renaissance|Gothitelle, F|238\/336
|-damage|p2a: Renaissance|154\/336|[from] Spikes
|-damage|p2a: Renaissance|112\/336|[from] Stealth Rock
|move|p1a: Chansey|Soft-Boiled|p1a: Chansey
|-heal|p1a: Chansey|684\/684
|
|turn|12
|
|move|p2a: Renaissance|Trick|p1a: Chansey
|-activate|p2a: Renaissance|move: Trick|[of] p1a: Chansey
|-item|p1a: Chansey|Choice Scarf|[from] move: Trick
|-item|p2a: Renaissance|Eviolite|[from] move: Trick
|move|p1a: Chansey|Seismic Toss|p2a: Renaissance
|-damage|p2a: Renaissance|12\/336
|
|turn|13
|
|move|p2a: Renaissance|Rest|p2a: Renaissance
|-status|p2a: Renaissance|slp
|-heal|p2a: Renaissance|336\/336 slp|[silent]
|-status|p2a: Renaissance|slp|[from] move: Rest
|move|p1a: Chansey|Seismic Toss|p2a: Renaissance
|-damage|p2a: Renaissance|236\/336 slp
|
|turn|14
|
|cant|p2a: Renaissance|slp
|move|p1a: Chansey|Seismic Toss|p2a: Renaissance
|-damage|p2a: Renaissance|136\/336 slp
|
|turn|15
|
|cant|p2a: Renaissance|slp
|move|p1a: Chansey|Seismic Toss|p2a: Renaissance
|-damage|p2a: Renaissance|36\/336 slp
|
|turn|16
|
|-curestatus|p2a: Renaissance|slp
|move|p2a: Renaissance|Rest|p2a: Renaissance
|-status|p2a: Renaissance|slp
|-heal|p2a: Renaissance|336\/336 slp|[silent]
|-status|p2a: Renaissance|slp|[from] move: Rest
|move|p1a: Chansey|Seismic Toss|p2a: Renaissance
|-damage|p2a: Renaissance|236\/336 slp
|
|turn|17
|
|cant|p2a: Renaissance|slp
|move|p1a: Chansey|Seismic Toss|p2a: Renaissance
|-damage|p2a: Renaissance|136\/336 slp
|
|turn|18
|
|cant|p2a: Renaissance|slp
|move|p1a: Chansey|Seismic Toss|p2a: Renaissance
|-damage|p2a: Renaissance|36\/336 slp
|
|turn|19
|
|-curestatus|p2a: Renaissance|slp
|move|p2a: Renaissance|Rest|p2a: Renaissance
|-status|p2a: Renaissance|slp
|-heal|p2a: Renaissance|336\/336 slp|[silent]
|-status|p2a: Renaissance|slp|[from] move: Rest
|move|p1a: Chansey|Seismic Toss|p2a: Renaissance
|-damage|p2a: Renaissance|236\/336 slp
|
|turn|20
|
|cant|p2a: Renaissance|slp
|move|p1a: Chansey|Seismic Toss|p2a: Renaissance
|-damage|p2a: Renaissance|136\/336 slp
|
|turn|21
|
|cant|p2a: Renaissance|slp
|move|p1a: Chansey|Seismic Toss|p2a: Renaissance
|-damage|p2a: Renaissance|36\/336 slp
|
|turn|22
|
|-curestatus|p2a: Renaissance|slp
|move|p2a: Renaissance|Rest|p2a: Renaissance
|-status|p2a: Renaissance|slp
|-heal|p2a: Renaissance|336\/336 slp|[silent]
|-status|p2a: Renaissance|slp|[from] move: Rest
|move|p1a: Chansey|Seismic Toss|p2a: Renaissance
|-damage|p2a: Renaissance|236\/336 slp
|
|turn|23
|
|cant|p2a: Renaissance|slp
|move|p1a: Chansey|Seismic Toss|p2a: Renaissance
|-damage|p2a: Renaissance|136\/336 slp
|
|turn|24
|
|cant|p2a: Renaissance|slp
|move|p1a: Chansey|Seismic Toss|p2a: Renaissance
|-damage|p2a: Renaissance|36\/336 slp
|
|turn|25
|
|-curestatus|p2a: Renaissance|slp
|move|p2a: Renaissance|Rest|p2a: Renaissance
|-status|p2a: Renaissance|slp
|-heal|p2a: Renaissance|336\/336 slp|[silent]
|-status|p2a: Renaissance|slp|[from] move: Rest
|move|p1a: Chansey|Seismic Toss|p2a: Renaissance
|-damage|p2a: Renaissance|236\/336 slp
|
|turn|26
|
|cant|p2a: Renaissance|slp
|move|p1a: Chansey|Seismic Toss|p2a: Renaissance
|-damage|p2a: Renaissance|136\/336 slp
|
|turn|27
|
|cant|p2a: Renaissance|slp
|move|p1a: Chansey|Seismic Toss|p2a: Renaissance
|-damage|p2a: Renaissance|36\/336 slp
|
|turn|28
|
|-curestatus|p2a: Renaissance|slp
|move|p2a: Renaissance|Rest|p2a: Renaissance
|-status|p2a: Renaissance|slp
|-heal|p2a: Renaissance|336\/336 slp|[silent]
|-status|p2a: Renaissance|slp|[from] move: Rest
|move|p1a: Chansey|Seismic Toss|p2a: Renaissance
|-damage|p2a: Renaissance|236\/336 slp
|
|turn|29
|
|cant|p2a: Renaissance|slp
|move|p1a: Chansey|Seismic Toss|p2a: Renaissance
|-damage|p2a: Renaissance|136\/336 slp
|
|turn|30
|
|cant|p2a: Renaissance|slp
|move|p1a: Chansey|Seismic Toss|p2a: Renaissance
|-damage|p2a: Renaissance|36\/336 slp
|
|turn|31
|
|-curestatus|p2a: Renaissance|slp
|move|p2a: Renaissance|Rest|p2a: Renaissance
|-status|p2a: Renaissance|slp
|-heal|p2a: Renaissance|336\/336 slp|[silent]
|-status|p2a: Renaissance|slp|[from] move: Rest
|move|p1a: Chansey|Seismic Toss|p2a: Renaissance
|-damage|p2a: Renaissance|236\/336 slp
|
|turn|32
|
|cant|p2a: Renaissance|slp
|move|p1a: Chansey|Seismic Toss|p2a: Renaissance
|-damage|p2a: Renaissance|136\/336 slp
|
|turn|33
|
|cant|p2a: Renaissance|slp
|move|p1a: Chansey|Seismic Toss|p2a: Renaissance
|-damage|p2a: Renaissance|36\/336 slp
|
|turn|34
|
|-curestatus|p2a: Renaissance|slp
|move|p2a: Renaissance|Rest|p2a: Renaissance
|-status|p2a: Renaissance|slp
|-heal|p2a: Renaissance|336\/336 slp|[silent]
|-status|p2a: Renaissance|slp|[from] move: Rest
|move|p1a: Chansey|Seismic Toss|p2a: Renaissance
|-damage|p2a: Renaissance|236\/336 slp
|
|turn|35
|
|cant|p2a: Renaissance|slp
|move|p1a: Chansey|Seismic Toss|p2a: Renaissance
|-damage|p2a: Renaissance|136\/336 slp
|
|turn|36
|
|cant|p2a: Renaissance|slp
|move|p1a: Chansey|Seismic Toss|p2a: Renaissance
|-damage|p2a: Renaissance|36\/336 slp
|
|turn|37
|
|-curestatus|p2a: Renaissance|slp
|move|p2a: Renaissance|Rest|p2a: Renaissance
|-status|p2a: Renaissance|slp
|-heal|p2a: Renaissance|336\/336 slp|[silent]
|-status|p2a: Renaissance|slp|[from] move: Rest
|move|p1a: Chansey|Seismic Toss|p2a: Renaissance
|-damage|p2a: Renaissance|236\/336 slp
|
|turn|38
|
|cant|p2a: Renaissance|slp
|move|p1a: Chansey|Seismic Toss|p2a: Renaissance
|-damage|p2a: Renaissance|136\/336 slp
|
|turn|39
|leave|resh bully me
|
|cant|p2a: Renaissance|slp
|move|p1a: Chansey|Seismic Toss|p2a: Renaissance
|-damage|p2a: Renaissance|36\/336 slp
|
|turn|40
|
|-curestatus|p2a: Renaissance|slp
|move|p2a: Renaissance|Rest|p2a: Renaissance
|-status|p2a: Renaissance|slp
|-heal|p2a: Renaissance|336\/336 slp|[silent]
|-status|p2a: Renaissance|slp|[from] move: Rest
|move|p1a: Chansey|Seismic Toss|p2a: Renaissance
|-damage|p2a: Renaissance|236\/336 slp
|
|turn|41
|
|cant|p2a: Renaissance|slp
|move|p1a: Chansey|Seismic Toss|p2a: Renaissance
|-damage|p2a: Renaissance|136\/336 slp
|
|turn|42
|
|cant|p2a: Renaissance|slp
|move|p1a: Chansey|Seismic Toss|p2a: Renaissance
|-damage|p2a: Renaissance|36\/336 slp
|
|turn|43
|
|-curestatus|p2a: Renaissance|slp
|move|p2a: Renaissance|Rest|p2a: Renaissance
|-status|p2a: Renaissance|slp
|-heal|p2a: Renaissance|336\/336 slp|[silent]
|-status|p2a: Renaissance|slp|[from] move: Rest
|move|p1a: Chansey|Struggle|p2a: Renaissance
|-damage|p2a: Renaissance|330\/336 slp
|-damage|p1a: Chansey|513\/684
|
|turn|44
|
|cant|p2a: Renaissance|slp
|move|p1a: Chansey|Struggle|p2a: Renaissance
|-damage|p2a: Renaissance|324\/336 slp
|-damage|p1a: Chansey|342\/684
|
|turn|45
|
|cant|p2a: Renaissance|slp
|move|p1a: Chansey|Struggle|p2a: Renaissance
|-damage|p2a: Renaissance|318\/336 slp
|-damage|p1a: Chansey|171\/684
|
|turn|46
|
|-curestatus|p2a: Renaissance|slp
|move|p2a: Renaissance|Trick|p1a: Chansey
|-activate|p2a: Renaissance|move: Trick|[of] p1a: Chansey
|-item|p1a: Chansey|Eviolite|[from] move: Trick
|-item|p2a: Renaissance|Choice Scarf|[from] move: Trick
|move|p1a: Chansey|Struggle|p2a: Renaissance
|-damage|p2a: Renaissance|312\/336
|-damage|p1a: Chansey|0 fnt
|faint|p1a: Chansey
|
|
|switch|p1a: Bisharp|Bisharp, M|334\/334
|-damage|p1a: Bisharp|314\/334|[from] Stealth Rock
|turn|47
|
|switch|p2a: Puxao|Keldeo-Resolute|323\/323
|-damage|p2a: Puxao|243\/323|[from] Spikes
|-damage|p2a: Puxao|223\/323|[from] Stealth Rock
|move|p1a: Bisharp|Knock Off|p2a: Puxao
|-resisted|p2a: Puxao
|-damage|p2a: Puxao|122\/323
|-boost|p2a: Puxao|atk|1|[from] ability: Justified
|-enditem|p2a: Puxao|Choice Specs|[from] move: Knock Off|[of] p1a: Bisharp
|
|-heal|p1a: Bisharp|334\/334|[from] item: Leftovers
|turn|48
|
|switch|p2a: Renaissance|Gothitelle, F|312\/336
|-damage|p2a: Renaissance|270\/336|[from] Stealth Rock
|-damage|p2a: Renaissance|186\/336|[from] Spikes
|switch|p1a: Venusaur|Venusaur, F|364\/364
|-damage|p1a: Venusaur|319\/364|[from] Stealth Rock
|
|turn|49
|
|detailschange|p1a: Venusaur|Venusaur-Mega, F
|-mega|p1a: Venusaur|Venusaur|Venusaurite
|move|p2a: Renaissance|Psyshock|p1a: Venusaur
|-supereffective|p1a: Venusaur
|-damage|p1a: Venusaur|199\/364
|move|p1a: Venusaur|Synthesis|p1a: Venusaur
|-heal|p1a: Venusaur|364\/364
|
|turn|50
|
|move|p2a: Renaissance|Psyshock|p1a: Venusaur
|-supereffective|p1a: Venusaur
|-damage|p1a: Venusaur|248\/364
|move|p1a: Venusaur|Leech Seed|p2a: Renaissance
|-start|p2a: Renaissance|move: Leech Seed
|
|-damage|p2a: Renaissance|144\/336|[from] Leech Seed|[of] p1a: Venusaur
|-heal|p1a: Venusaur|290\/364|[silent]
|turn|51
|
|move|p2a: Renaissance|Psyshock|p1a: Venusaur
|-supereffective|p1a: Venusaur
|-damage|p1a: Venusaur|180\/364
|move|p1a: Venusaur|Giga Drain|p2a: Renaissance
|-damage|p2a: Renaissance|50\/336
|-heal|p1a: Venusaur|227\/364|[from] drain|[of] p2a: Renaissance
|
|-damage|p2a: Renaissance|8\/336|[from] Leech Seed|[of] p1a: Venusaur
|-heal|p1a: Venusaur|269\/364|[silent]
|turn|52
|
|move|p2a: Renaissance|Psyshock|p1a: Venusaur
|-supereffective|p1a: Venusaur
|-damage|p1a: Venusaur|159\/364
|move|p1a: Venusaur|Synthesis|p1a: Venusaur
|-heal|p1a: Venusaur|341\/364
|
|-damage|p2a: Renaissance|0 fnt|[from] Leech Seed|[of] p1a: Venusaur
|-heal|p1a: Venusaur|349\/364|[silent]
|faint|p2a: Renaissance
|
|switch|p2a: Kraftwerk|Metagross|301\/301
|-damage|p2a: Kraftwerk|283\/301|[from] Stealth Rock
|-damage|p2a: Kraftwerk|208\/301|[from] Spikes
|turn|53
|
|switch|p1a: Skarmory|Skarmory, M|252\/334
|-damage|p1a: Skarmory|211\/334|[from] Stealth Rock
|detailschange|p2a: Kraftwerk|Metagross-Mega
|-mega|p2a: Kraftwerk|Metagross|Metagrossite
|move|p2a: Kraftwerk|Ice Punch|p1a: Skarmory
|-damage|p1a: Skarmory|126\/334
|-damage|p2a: Kraftwerk|158\/301|[from] item: Rocky Helmet|[of] p1a: Skarmory
|
|turn|54
|
|move|p2a: Kraftwerk|Ice Punch|p1a: Skarmory
|-damage|p1a: Skarmory|36\/334
|-damage|p2a: Kraftwerk|108\/301|[from] item: Rocky Helmet|[of] p1a: Skarmory
|move|p1a: Skarmory|Roost|p1a: Skarmory
|-heal|p1a: Skarmory|203\/334
|
|turn|55
|
|move|p2a: Kraftwerk|Ice Punch|p1a: Skarmory
|-damage|p1a: Skarmory|118\/334
|-damage|p2a: Kraftwerk|58\/301|[from] item: Rocky Helmet|[of] p1a: Skarmory
|move|p1a: Skarmory|Roost|p1a: Skarmory
|-heal|p1a: Skarmory|285\/334
|
|turn|56
|
|move|p2a: Kraftwerk|Ice Punch|p1a: Skarmory
|-damage|p1a: Skarmory|201\/334
|-damage|p2a: Kraftwerk|8\/301|[from] item: Rocky Helmet|[of] p1a: Skarmory
|-status|p1a: Skarmory|frz
|-curestatus|p1a: Skarmory|frz
|move|p1a: Skarmory|Roost|p1a: Skarmory
|-heal|p1a: Skarmory|334\/334
|
|turn|57
|
|move|p2a: Kraftwerk|Ice Punch|p1a: Skarmory
|-damage|p1a: Skarmory|249\/334
|-damage|p2a: Kraftwerk|0 fnt|[from] item: Rocky Helmet|[of] p1a: Skarmory
|faint|p2a: Kraftwerk
|move|p1a: Skarmory|Roost|p1a: Skarmory
|-heal|p1a: Skarmory|334\/334
|
|
|switch|p2a: Puxao|Keldeo-Resolute|122\/323
|-damage|p2a: Puxao|42\/323|[from] Spikes
|-damage|p2a: Puxao|22\/323|[from] Stealth Rock
|turn|58
|
|switch|p1a: Venusaur|Venusaur-Mega, F|349\/364
|-damage|p1a: Venusaur|304\/364|[from] Stealth Rock
|move|p2a: Puxao|Focus Blast|p1a: Venusaur
|-resisted|p1a: Venusaur
|-damage|p1a: Venusaur|220\/364
|
|turn|59
|-message|Century Express forfeited.
|
|win|wish killer
|raw|Ladder updating...
|leave|Century Express
|player|p2
|raw|wish killer's rating: 1821 &rarr; <strong>1829<\/strong><br \/>(+8 for winning)
|raw|Century Express's rating: 1597 &rarr; <strong>1589<\/strong><br \/>(-8 for losing)
|c| i came from leddit|rekt