|join|rnd900
|join|wish killer
|player|p1|rnd900|102
|player|p2|wish killer|68
|gametype|singles
|gen|6
|tier|OU
|rated
|clearpoke
|poke|p1|Lopunny, F
|poke|p1|Gliscor, M
|poke|p1|Heatran, M
|poke|p1|Latias, F
|poke|p1|Dragonite, M
|poke|p1|Azumarill, M
|poke|p2|Bisharp, F
|poke|p2|Venusaur, F
|poke|p2|Heatran, F
|poke|p2|Keldeo
|poke|p2|Chansey, F
|poke|p2|Skarmory, M
|rule|Swagger Clause: Swagger is banned
|rule|Baton Pass Clause: Limit one PokÃ©mon knowing Baton Pass
|rule|Sleep Clause Mod: Limit one foe put to sleep
|rule|Species Clause: Limit one of each PokÃ©mon
|rule|OHKO Clause: OHKO moves are banned
|rule|Moody Clause: Moody is banned
|rule|Evasion Moves Clause: Evasion moves are banned
|rule|Endless Battle Clause: Forcing endless battles is banned
|rule|HP Percentage Mod: HP is shown in percentages
|teampreview
|join|CleanerThanRotom-W
|join|Stoned Zard
|
|start
|switch|p1a: Azumarill|Azumarill, M|401\/401
|switch|p2a: Teleee is 18|Heatran, F|340\/340
|-item|p2a: Teleee is 18|Air Balloon
|turn|1
|
|switch|p2a: AKA Trice|Venusaur, F|364\/364
|move|p1a: Azumarill|Waterfall|p2a: AKA Trice
|-crit|p2a: AKA Trice
|-resisted|p2a: AKA Trice
|-damage|p2a: AKA Trice|257\/364
|
|turn|2
|join|cosine180
|
|switch|p1a: Heatran|Heatran, M|324\/324
|-item|p1a: Heatran|Air Balloon
|detailschange|p2a: AKA Trice|Venusaur-Mega, F
|-mega|p2a: AKA Trice|Venusaur|Venusaurite
|move|p2a: AKA Trice|Leech Seed|p1a: Heatran|[miss]
|-miss|p2a: AKA Trice|p1a: Heatran
|
|turn|3
|
|switch|p2a: Teleee is 18|Heatran, F|340\/340
|-item|p2a: Teleee is 18|Air Balloon
|move|p1a: Heatran|Stealth Rock|p2a: Teleee is 18
|-sidestart|p2: wish killer|move: Stealth Rock
|
|turn|4
|join|Zenzo
|
|move|p1a: Heatran|Taunt|p2a: Teleee is 18
|-start|p2a: Teleee is 18|move: Taunt
|cant|p2a: Teleee is 18|move: Taunt|Stealth Rock
|
|turn|5
|join|i came from leddit
|
|switch|p1a: Azumarill|Azumarill, M|401\/401
|move|p2a: Teleee is 18|Fire Blast|p1a: Azumarill
|-resisted|p1a: Azumarill
|-damage|p1a: Azumarill|337\/401
|
|turn|6
|c| Zenzo|go bloody.
|join|Mistaken
|join|jolird
|
|switch|p2a: AKA Trice|Venusaur-Mega, F|257\/364
|-damage|p2a: AKA Trice|212\/364|[from] Stealth Rock
|move|p1a: Azumarill|Waterfall|p2a: AKA Trice
|-resisted|p2a: AKA Trice
|-damage|p2a: AKA Trice|157\/364
|
|turn|7
|leave|Zenzo
|
|switch|p1a: Gliscor|Gliscor, M|352\/352
|move|p2a: AKA Trice|Synthesis|p2a: AKA Trice
|-heal|p2a: AKA Trice|339\/364
|
|-status|p1a: Gliscor|tox|[from] item: Toxic Orb
|turn|8
|join|Zenzo
|
|move|p1a: Gliscor|Swords Dance|p1a: Gliscor
|-boost|p1a: Gliscor|atk|2
|move|p2a: AKA Trice|Leech Seed|p1a: Gliscor
|-start|p1a: Gliscor|move: Leech Seed
|
|-damage|p1a: Gliscor|308\/352 tox|[from] Leech Seed|[of] p2a: AKA Trice
|-heal|p2a: AKA Trice|364\/364|[silent]
|-heal|p1a: Gliscor|352\/352 tox|[from] ability: Poison Heal
|turn|9
|
|move|p1a: Gliscor|Baton Pass|p1a: Gliscor
|
|switch|p1a: Arceus Jr.|Dragonite, M|323\/323
|move|p2a: AKA Trice|Giga Drain|p1a: Arceus Jr.
|-resisted|p1a: Arceus Jr.
|-damage|p1a: Arceus Jr.|310\/323
|
|-damage|p1a: Arceus Jr.|270\/323|[from] Leech Seed|[of] p2a: AKA Trice
|turn|10
|
|switch|p2a: Teleee is 18|Heatran, F|340\/340
|-damage|p2a: Teleee is 18|298\/340|[from] Stealth Rock
|-item|p2a: Teleee is 18|Air Balloon
|move|p1a: Arceus Jr.|Outrage|p2a: Teleee is 18
|-resisted|p2a: Teleee is 18
|-damage|p2a: Teleee is 18|0 fnt
|-enditem|p2a: Teleee is 18|Air Balloon
|faint|p2a: Teleee is 18
|
|c| Zenzo|fuck
|c| CleanerThanRotom-W|banded
|
|switch|p2a: Aka Zenzoh|Skarmory, M|334\/334
|-damage|p2a: Aka Zenzoh|293\/334|[from] Stealth Rock
|turn|11
|
|move|p1a: Arceus Jr.|Outrage|p2a: Aka Zenzoh
|-resisted|p2a: Aka Zenzoh
|-damage|p2a: Aka Zenzoh|52\/334
|-damage|p1a: Arceus Jr.|217\/323|[from] item: Rocky Helmet|[of] p2a: Aka Zenzoh
|move|p2a: Aka Zenzoh|Spikes|p1a: Arceus Jr.
|-sidestart|p1: rnd900|Spikes
|
|-damage|p1a: Arceus Jr.|177\/323|[from] Leech Seed|[of] p2a: Aka Zenzoh
|-heal|p2a: Aka Zenzoh|92\/334|[silent]
|turn|12
|
|move|p1a: Arceus Jr.|Outrage|p2a: Aka Zenzoh
|-crit|p2a: Aka Zenzoh
|-resisted|p2a: Aka Zenzoh
|-damage|p2a: Aka Zenzoh|0 fnt
|-damage|p1a: Arceus Jr.|124\/323|[from] item: Rocky Helmet|[of] p2a: Aka Zenzoh
|faint|p2a: Aka Zenzoh
|
|-end|p1a: Arceus Jr.|rampage
|-start|p1a: Arceus Jr.|confusion
|
|switch|p2a: AKA Leddit|Bisharp, F|334\/334
|-damage|p2a: AKA Leddit|314\/334|[from] Stealth Rock
|turn|13
|
|switch|p1a: Heatran|Heatran, M|324\/324
|-item|p1a: Heatran|Air Balloon
|move|p2a: AKA Leddit|Knock Off|p1a: Heatran
|-damage|p1a: Heatran|138\/324
|-enditem|p1a: Heatran|Air Balloon
|
|-heal|p2a: AKA Leddit|334\/334|[from] item: Leftovers
|turn|14
|join|I Iike Squirtles
|
|move|p2a: AKA Leddit|Sucker Punch|p1a: Heatran
|-fail|p1a: Heatran
|move|p1a: Heatran|Will-O-Wisp|p2a: AKA Leddit
|-status|p2a: AKA Leddit|brn
|
|-damage|p2a: AKA Leddit|293\/334 brn|[from] brn
|turn|15
|join|alekhdagreat
|
|switch|p1a: Gliscor|Gliscor, M|352\/352 tox
|switch|p2a: Jake the ripper|Keldeo|323\/323
|-damage|p2a: Jake the ripper|303\/323|[from] Stealth Rock
|
|-heal|p2a: Jake the ripper|323\/323|[from] item: Leftovers
|turn|16
|leave|alekhdagreat
|
|switch|p1a: Latias|Latias, F|302\/302
|move|p2a: Jake the ripper|Scald|p1a: Latias
|-resisted|p1a: Latias
|-damage|p1a: Latias|250\/302
|
|turn|17
|
|switch|p2a: RS Cleaner|Chansey, F|684\/684
|-damage|p2a: RS Cleaner|599\/684|[from] Stealth Rock
|move|p1a: Latias|Draco Meteor|p2a: RS Cleaner|[miss]
|-miss|p1a: Latias|p2a: RS Cleaner
|
|turn|18
|
|switch|p1a: Gliscor|Gliscor, M|352\/352 tox
|switch|p2a: Jake the ripper|Keldeo|323\/323
|-damage|p2a: Jake the ripper|303\/323|[from] Stealth Rock
|
|-heal|p2a: Jake the ripper|323\/323|[from] item: Leftovers
|turn|19
|
|switch|p1a: Latias|Latias, F|250\/302
|move|p2a: Jake the ripper|Scald|p1a: Latias
|-resisted|p1a: Latias
|-damage|p1a: Latias|190\/302
|-status|p1a: Latias|brn
|
|-damage|p1a: Latias|153\/302 brn|[from] brn
|turn|20
|
|move|p1a: Latias|Roost|p1a: Latias
|-heal|p1a: Latias|302\/302 brn
|move|p2a: Jake the ripper|Scald|p1a: Latias
|-resisted|p1a: Latias
|-damage|p1a: Latias|248\/302 brn
|
|-damage|p1a: Latias|211\/302 brn|[from] brn
|turn|21
|
|switch|p2a: RS Cleaner|Chansey, F|599\/684
|-damage|p2a: RS Cleaner|514\/684|[from] Stealth Rock
|move|p1a: Latias|Roost|p1a: Latias
|-heal|p1a: Latias|302\/302 brn
|
|-damage|p1a: Latias|265\/302 brn|[from] brn
|turn|22
|
|switch|p1a: Gliscor|Gliscor, M|352\/352 tox
|move|p2a: RS Cleaner|Aromatherapy|p2a: RS Cleaner
|-cureteam|p2a: RS Cleaner|[from] move: Aromatherapy
|
|turn|23
|
|switch|p2a: Jake the ripper|Keldeo|323\/323
|-damage|p2a: Jake the ripper|303\/323|[from] Stealth Rock
|move|p1a: Gliscor|Swords Dance|p1a: Gliscor
|-boost|p1a: Gliscor|atk|2
|
|-heal|p2a: Jake the ripper|323\/323|[from] item: Leftovers
|turn|24
|
|move|p2a: Jake the ripper|Scald|p1a: Gliscor
|-supereffective|p1a: Gliscor
|-damage|p1a: Gliscor|68\/352 tox
|move|p1a: Gliscor|Baton Pass|p1a: Gliscor
|leave|Mistaken
|
|switch|p1a: Lopunny|Lopunny, F|272\/272
|-damage|p1a: Lopunny|238\/272|[from] Spikes
|
|turn|25
|
|switch|p2a: RS Cleaner|Chansey, F|514\/684
|-damage|p2a: RS Cleaner|429\/684|[from] Stealth Rock
|switch|p1a: Latias|Latias, F|265\/302 brn
|
|-damage|p1a: Latias|228\/302 brn|[from] brn
|turn|26
|c|ârnd900|shit, forgot no mega lol
|c|ârnd900|ow fuck
|
|switch|p1a: Heatran|Heatran, M|138\/324
|-damage|p1a: Heatran|98\/324|[from] Spikes
|move|p2a: RS Cleaner|Seismic Toss|p1a: Heatran
|-damage|p1a: Heatran|0 fnt
|faint|p1a: Heatran
|
|
|switch|p1a: Lopunny|Lopunny, F|238\/272
|-damage|p1a: Lopunny|204\/272|[from] Spikes
|turn|27
|
|switch|p2a: AKA Trice|Venusaur-Mega, F|364\/364
|-damage|p2a: AKA Trice|319\/364|[from] Stealth Rock
|detailschange|p1a: Lopunny|Lopunny-Mega, F
|-mega|p1a: Lopunny|Lopunny|Lopunnite
|move|p1a: Lopunny|High Jump Kick|p2a: AKA Trice
|-resisted|p2a: AKA Trice
|-damage|p2a: AKA Trice|241\/364
|
|turn|28
|join|yuy
|
|switch|p1a: Arceus Jr.|Dragonite, M|124\/323
|move|p2a: AKA Trice|Leech Seed|p1a: Arceus Jr.|[miss]
|-miss|p2a: AKA Trice|p1a: Arceus Jr.
|
|turn|29
|
|switch|p2a: AKA Leddit|Bisharp, F|293\/334
|-damage|p2a: AKA Leddit|273\/334|[from] Stealth Rock
|move|p1a: Arceus Jr.|Outrage|p2a: AKA Leddit
|-resisted|p2a: AKA Leddit
|-damage|p2a: AKA Leddit|99\/334
|
|-heal|p2a: AKA Leddit|119\/334|[from] item: Leftovers
|turn|30
|join|yrs
|
|move|p2a: AKA Leddit|Sucker Punch|p1a: Arceus Jr.
|-damage|p1a: Arceus Jr.|0 fnt
|faint|p1a: Arceus Jr.
|
|-heal|p2a: AKA Leddit|139\/334|[from] item: Leftovers
|
|switch|p1a: Lopunny|Lopunny-Mega, F|204\/272
|-damage|p1a: Lopunny|170\/272|[from] Spikes
|turn|31
|join|belgrade
|
|move|p2a: AKA Leddit|Sucker Punch|p1a: Lopunny
|-resisted|p1a: Lopunny
|-damage|p1a: Lopunny|92\/272
|move|p1a: Lopunny|Drain Punch|p2a: AKA Leddit
|-supereffective|p2a: AKA Leddit
|-damage|p2a: AKA Leddit|0 fnt
|-heal|p1a: Lopunny|162\/272|[from] drain|[of] p2a: AKA Leddit
|faint|p2a: AKA Leddit
|
|
|switch|p2a: Jake the ripper|Keldeo|323\/323
|-damage|p2a: Jake the ripper|303\/323|[from] Stealth Rock
|turn|32
|
|switch|p1a: Azumarill|Azumarill, M|337\/401
|-damage|p1a: Azumarill|287\/401|[from] Spikes
|move|p2a: Jake the ripper|Secret Sword|p1a: Azumarill
|-resisted|p1a: Azumarill
|-damage|p1a: Azumarill|194\/401
|
|-heal|p2a: Jake the ripper|323\/323|[from] item: Leftovers
|turn|33
|
|switch|p2a: AKA Trice|Venusaur-Mega, F|241\/364
|-damage|p2a: AKA Trice|196\/364|[from] Stealth Rock
|move|p1a: Azumarill|Play Rough|p2a: AKA Trice
|-resisted|p2a: AKA Trice
|-damage|p2a: AKA Trice|133\/364
|
|turn|34
|leave|cosine180
|
|switch|p1a: Latias|Latias, F|228\/302 brn
|move|p2a: AKA Trice|Synthesis|p2a: AKA Trice
|-heal|p2a: AKA Trice|315\/364
|
|-damage|p1a: Latias|191\/302 brn|[from] brn
|turn|35
|
|move|p1a: Latias|Psyshock|p2a: AKA Trice
|-supereffective|p2a: AKA Trice
|-damage|p2a: AKA Trice|110\/364
|-damage|p1a: Latias|161\/302 brn|[from] item: Life Orb
|move|p2a: AKA Trice|Synthesis|p2a: AKA Trice
|-heal|p2a: AKA Trice|292\/364
|
|-damage|p1a: Latias|124\/302 brn|[from] brn
|turn|36
|join|cosine180
|
|move|p1a: Latias|Psyshock|p2a: AKA Trice
|-supereffective|p2a: AKA Trice
|-damage|p2a: AKA Trice|97\/364
|-damage|p1a: Latias|94\/302 brn|[from] item: Life Orb
|move|p2a: AKA Trice|Leech Seed|p1a: Latias
|-start|p1a: Latias|move: Leech Seed
|
|-damage|p1a: Latias|57\/302 brn|[from] Leech Seed|[of] p2a: AKA Trice
|-heal|p2a: AKA Trice|134\/364|[silent]
|-damage|p1a: Latias|20\/302 brn|[from] brn
|turn|37
|join|FUQ GLISCORE
|
|move|p1a: Latias|Psyshock|p2a: AKA Trice
|-supereffective|p2a: AKA Trice
|-damage|p2a: AKA Trice|0 fnt
|-damage|p1a: Latias|0 fnt|[from] item: Life Orb
|faint|p2a: AKA Trice
|faint|p1a: Latias
|
|
|switch|p2a: Jake the ripper|Keldeo|323\/323
|switch|p1a: Gliscor|Gliscor, M|68\/352 tox
|-damage|p2a: Jake the ripper|303\/323|[from] Stealth Rock
|turn|38
|
|move|p2a: Jake the ripper|Scald|p1a: Gliscor
|-supereffective|p1a: Gliscor
|-damage|p1a: Gliscor|0 fnt
|faint|p1a: Gliscor
|
|-heal|p2a: Jake the ripper|323\/323|[from] item: Leftovers
|
|switch|p1a: Azumarill|Azumarill, M|194\/401
|-damage|p1a: Azumarill|144\/401|[from] Spikes
|turn|39
|
|switch|p2a: RS Cleaner|Chansey, F|429\/684
|-damage|p2a: RS Cleaner|344\/684|[from] Stealth Rock
|move|p1a: Azumarill|Play Rough|p2a: RS Cleaner
|-damage|p2a: RS Cleaner|65\/684
|-unboost|p2a: RS Cleaner|atk|1
|
|turn|40
|
|move|p1a: Azumarill|Aqua Jet|p2a: RS Cleaner
|-damage|p2a: RS Cleaner|0 fnt
|faint|p2a: RS Cleaner
|
|c| yrs|damn i think wish killer lost
|
|switch|p2a: Jake the ripper|Keldeo|323\/323
|-damage|p2a: Jake the ripper|303\/323|[from] Stealth Rock
|turn|41
|c| cosine180|ez dodge here
|c| i came from leddit|miss
|c| yrs|here
|c| cosine180|waterfall best play
|c| yrs|just keep on subbing or something
|c| yrs|yeah waterfall
|c| cosine180|he's not sub
|c| yrs|is
|
|move|p2a: Jake the ripper|Scald|p1a: Azumarill
|-resisted|p1a: Azumarill
|-damage|p1a: Azumarill|87\/401
|move|p1a: Azumarill|Waterfall|p2a: Jake the ripper
|-resisted|p2a: Jake the ripper
|-damage|p2a: Jake the ripper|201\/323
|
|-heal|p2a: Jake the ripper|221\/323|[from] item: Leftovers
|turn|42
|c| yrs|yeah
|c| CleanerThanRotom-W|?
|c| yrs|lopuuny return wins
|c| cosine180|yup
|
|move|p2a: Jake the ripper|Secret Sword|p1a: Azumarill
|-resisted|p1a: Azumarill
|-damage|p1a: Azumarill|0 fnt
|faint|p1a: Azumarill
|
|-heal|p2a: Jake the ripper|241\/323|[from] item: Leftovers
|
|switch|p1a: Lopunny|Lopunny-Mega, F|162\/272
|-damage|p1a: Lopunny|128\/272|[from] Spikes
|turn|43
|c| CleanerThanRotom-W|dont hink
|c| CleanerThanRotom-W|it koes
|c| yrs|its strong
|
|move|p1a: Lopunny|High Jump Kick|p2a: Jake the ripper
|-damage|p2a: Jake the ripper|0 fnt
|faint|p2a: Jake the ripper
|
|win|rnd900
|raw|Ladder updating...
|c| yrs|actually
|c| CleanerThanRotom-W|LOL
|c| i came from leddit|bg
|c| CleanerThanRotom-W|hjk
|c| CleanerThanRotom-W|+drain
|c| CleanerThanRotom-W|lord set
|leave|wish killer
|raw|rnd900's rating: 1775 &rarr; <strong>1800<\/strong><br \/>(+25 for winning)
|raw|wish killer's rating: 1863 &rarr; <strong>1838<\/strong><br \/>(-25 for losing)
|leave|i came from leddit
|c| yrs|lol