|join|FrozenCold
|join|wish killer
|player|p1|FrozenCold|218
|player|p2|wish killer|68
|gametype|singles
|gen|6
|tier|OU
|clearpoke
|poke|p1|Metagross
|poke|p1|Suicune
|poke|p1|Tangrowth, F
|poke|p1|Hydreigon, F
|poke|p1|Azumarill, M
|poke|p1|Thundurus, M
|poke|p2|Bisharp, F
|poke|p2|Venusaur, F
|poke|p2|Heatran, F
|poke|p2|Keldeo
|poke|p2|Chansey, F
|poke|p2|Skarmory, F
|rule|Swagger Clause: Swagger is banned
|rule|Baton Pass Clause: Limit one PokÃ©mon knowing Baton Pass
|rule|Sleep Clause Mod: Limit one foe put to sleep
|rule|Species Clause: Limit one of each PokÃ©mon
|rule|OHKO Clause: OHKO moves are banned
|rule|Moody Clause: Moody is banned
|rule|Evasion Moves Clause: Evasion moves are banned
|rule|Endless Battle Clause: Forcing endless battles is banned
|rule|HP Percentage Mod: HP is shown in percentages
|teampreview
|join|Time Stall
|c|âFrozenCold|gl hf
|join|SamuraiSneasel
|c| SamuraiSneasel|lovin the blue
|c|âFrozenCold|Yep its monoblue
|join|Kasher
|c| SamuraiSneasel|for monocolour do you go with the dex colour or what most people would say is the main colour?
|
|start
|switch|p1a: Hydreigon|Hydreigon, F|325\/325
|switch|p2a: Heatran|Heatran, F|340\/340
|-item|p2a: Heatran|Air Balloon
|turn|1
|
|switch|p2a: Chansey|Chansey, F|684\/684
|move|p1a: Hydreigon|Dark Pulse|p2a: Chansey
|-damage|p2a: Chansey|581\/684
|-damage|p1a: Hydreigon|293\/325|[from] item: Life Orb
|
|turn|2
|c|âFrozenCold|I go dex color
|join|MyLittleDick
|
|switch|p1a: Suicune|Suicune|404\/404
|-ability|p1a: Suicune|Pressure
|move|p2a: Chansey|Seismic Toss|p1a: Suicune
|-damage|p1a: Suicune|304\/404
|
|-heal|p1a: Suicune|329\/404|[from] item: Leftovers
|turn|3
|c|âFrozenCold|I just bulbapediad blue pokes
|c|âFrozenCold|got them
|c| MyLittleDick|wadufuq
|c| MyLittleDick|lol
|
|switch|p2a: Venusaur|Venusaur, F|364\/364
|move|p1a: Suicune|Ice Beam|p2a: Venusaur
|-supereffective|p2a: Venusaur
|-damage|p2a: Venusaur|236\/364
|
|-heal|p1a: Suicune|354\/404|[from] item: Leftovers
|turn|4
|c|âFrozenCold|sp.def venusaur
|
|switch|p1a: Metagross|Metagross|301\/301
|detailschange|p2a: Venusaur|Venusaur-Mega, F
|-mega|p2a: Venusaur|Venusaur|Venusaurite
|move|p2a: Venusaur|Synthesis|p2a: Venusaur
|-heal|p2a: Venusaur|364\/364
|
|turn|5
|
|switch|p2a: Skarmory|Skarmory, F|334\/334
|detailschange|p1a: Metagross|Metagross-Mega
|-mega|p1a: Metagross|Metagross|Metagrossite
|move|p1a: Metagross|Ice Punch|p2a: Skarmory
|-damage|p2a: Skarmory|257\/334
|-damage|p1a: Metagross|251\/301|[from] item: Rocky Helmet|[of] p2a: Skarmory
|
|turn|6
|
|switch|p1a: Thundurus|Thundurus, M|299\/299
|move|p2a: Skarmory|Spikes|p1a: Thundurus
|-sidestart|p1: FrozenCold|Spikes
|
|turn|7
|
|switch|p2a: Chansey|Chansey, F|581\/684
|move|p1a: Thundurus|Superpower|p2a: Chansey
|-supereffective|p2a: Chansey
|-damage|p2a: Chansey|199\/684
|-unboost|p1a: Thundurus|atk|1
|-unboost|p1a: Thundurus|def|1
|-damage|p1a: Thundurus|270\/299|[from] item: Life Orb
|
|turn|8
|
|move|p1a: Thundurus|Superpower|p2a: Chansey
|-supereffective|p2a: Chansey
|-damage|p2a: Chansey|0 fnt
|-unboost|p1a: Thundurus|atk|1
|-unboost|p1a: Thundurus|def|1
|-damage|p1a: Thundurus|241\/299|[from] item: Life Orb
|faint|p2a: Chansey
|
|
|switch|p2a: Heatran|Heatran, F|340\/340
|-item|p2a: Heatran|Air Balloon
|turn|9
|c| SamuraiSneasel|I wanna get a mixed thundy but I hate myself too much to gen one lol
|join|Zenzo
|
|switch|p1a: Suicune|Suicune|354\/404
|-damage|p1a: Suicune|304\/404|[from] Spikes
|-ability|p1a: Suicune|Pressure
|move|p2a: Heatran|Stealth Rock|p1a: Suicune
|-sidestart|p1: FrozenCold|move: Stealth Rock
|
|-heal|p1a: Suicune|329\/404|[from] item: Leftovers
|turn|10
|
|switch|p2a: Venusaur|Venusaur-Mega, F|364\/364
|move|p1a: Suicune|Scald|p2a: Venusaur
|-resisted|p2a: Venusaur
|-damage|p2a: Venusaur|326\/364
|
|-heal|p1a: Suicune|354\/404|[from] item: Leftovers
|turn|11
|join|thatisnotedible
|
|switch|p1a: Hydreigon|Hydreigon, F|293\/325
|-damage|p1a: Hydreigon|253\/325|[from] Stealth Rock
|move|p2a: Venusaur|Giga Drain|p1a: Hydreigon
|-resisted|p1a: Hydreigon
|-damage|p1a: Hydreigon|197\/325
|-heal|p2a: Venusaur|354\/364|[from] drain|[of] p1a: Hydreigon
|
|turn|12
|
|switch|p1a: Metagross|Metagross-Mega|251\/301
|-damage|p1a: Metagross|233\/301|[from] Stealth Rock
|-damage|p1a: Metagross|196\/301|[from] Spikes
|switch|p2a: Heatran|Heatran, F|340\/340
|-item|p2a: Heatran|Air Balloon
|
|turn|13
|
|switch|p1a: Suicune|Suicune|354\/404
|-damage|p1a: Suicune|304\/404|[from] Spikes
|-damage|p1a: Suicune|254\/404|[from] Stealth Rock
|-ability|p1a: Suicune|Pressure
|move|p2a: Heatran|Fire Blast|p1a: Suicune
|-resisted|p1a: Suicune
|-damage|p1a: Suicune|180\/404
|
|-heal|p1a: Suicune|205\/404|[from] item: Leftovers
|turn|14
|
|switch|p2a: Venusaur|Venusaur-Mega, F|354\/364
|move|p1a: Suicune|Calm Mind|p1a: Suicune
|-boost|p1a: Suicune|spa|1
|-boost|p1a: Suicune|spd|1
|
|-heal|p1a: Suicune|230\/404|[from] item: Leftovers
|turn|15
|
|move|p1a: Suicune|Calm Mind|p1a: Suicune
|-boost|p1a: Suicune|spa|1
|-boost|p1a: Suicune|spd|1
|move|p2a: Venusaur|Leech Seed|p1a: Suicune
|-start|p1a: Suicune|move: Leech Seed
|
|-heal|p1a: Suicune|255\/404|[from] item: Leftovers
|-damage|p1a: Suicune|205\/404|[from] Leech Seed|[of] p2a: Venusaur
|-heal|p2a: Venusaur|364\/364|[silent]
|turn|16
|
|switch|p2a: Keldeo|Keldeo|323\/323
|move|p1a: Suicune|Calm Mind|p1a: Suicune
|-boost|p1a: Suicune|spa|1
|-boost|p1a: Suicune|spd|1
|
|-heal|p1a: Suicune|230\/404|[from] item: Leftovers
|-damage|p1a: Suicune|180\/404|[from] Leech Seed|[of] p2a: Keldeo
|turn|17
|
|move|p2a: Keldeo|Calm Mind|p2a: Keldeo
|-boost|p2a: Keldeo|spa|1
|-boost|p2a: Keldeo|spd|1
|move|p1a: Suicune|Rest|p1a: Suicune
|-status|p1a: Suicune|slp
|-heal|p1a: Suicune|404\/404 slp|[silent]
|-status|p1a: Suicune|slp|[from] move: Rest
|
|-damage|p1a: Suicune|354\/404 slp|[from] Leech Seed|[of] p2a: Keldeo
|turn|18
|join|Reverend
|c| SamuraiSneasel|>setting up on a leech seed
|
|switch|p1a: Tangrowth|Tangrowth, F|404\/404
|-damage|p1a: Tangrowth|354\/404|[from] Spikes
|-damage|p1a: Tangrowth|304\/404|[from] Stealth Rock
|move|p2a: Keldeo|Substitute|p2a: Keldeo
|-start|p2a: Keldeo|Substitute
|-damage|p2a: Keldeo|243\/323
|
|-heal|p2a: Keldeo|263\/323|[from] item: Leftovers
|-heal|p1a: Tangrowth|329\/404|[from] item: Leftovers
|turn|19
|c| SamuraiSneasel|disgusting
|c|âFrozenCold|:P
|
|move|p2a: Keldeo|Scald|p1a: Tangrowth
|-resisted|p1a: Tangrowth
|-damage|p1a: Tangrowth|216\/404
|move|p1a: Tangrowth|Giga Drain|p2a: Keldeo
|-supereffective|p2a: Keldeo
|-end|p2a: Keldeo|Substitute
|-heal|p1a: Tangrowth|256\/404|[from] drain|[of] p2a: Keldeo
|
|-heal|p2a: Keldeo|283\/323|[from] item: Leftovers
|-heal|p1a: Tangrowth|281\/404|[from] item: Leftovers
|turn|20
|
|switch|p2a: Venusaur|Venusaur-Mega, F|364\/364
|switch|p1a: Hydreigon|Hydreigon, F|197\/325
|-damage|p1a: Hydreigon|157\/325|[from] Stealth Rock
|
|turn|21
|join|testingforfriend
|
|move|p1a: Hydreigon|Dark Pulse|p2a: Venusaur
|-damage|p2a: Venusaur|218\/364
|-damage|p1a: Hydreigon|125\/325|[from] item: Life Orb
|move|p2a: Venusaur|Synthesis|p2a: Venusaur
|-heal|p2a: Venusaur|364\/364
|
|turn|22
|
|switch|p2a: Skarmory|Skarmory, F|257\/334
|move|p1a: Hydreigon|Dark Pulse|p2a: Skarmory
|-damage|p2a: Skarmory|54\/334
|-damage|p1a: Hydreigon|93\/325|[from] item: Life Orb
|
|turn|23
|
|move|p1a: Hydreigon|Dark Pulse|p2a: Skarmory
|-damage|p2a: Skarmory|0 fnt
|-damage|p1a: Hydreigon|61\/325|[from] item: Life Orb
|faint|p2a: Skarmory
|
|leave|Reverend
|
|switch|p2a: Keldeo|Keldeo|283\/323
|turn|24
|
|move|p2a: Keldeo|Secret Sword|p1a: Hydreigon
|-crit|p1a: Hydreigon
|-supereffective|p1a: Hydreigon
|-damage|p1a: Hydreigon|0 fnt
|faint|p1a: Hydreigon
|
|-heal|p2a: Keldeo|303\/323|[from] item: Leftovers
|
|switch|p1a: Metagross|Metagross-Mega|196\/301
|-damage|p1a: Metagross|178\/301|[from] Stealth Rock
|-damage|p1a: Metagross|141\/301|[from] Spikes
|turn|25
|
|switch|p2a: Heatran|Heatran, F|340\/340
|-item|p2a: Heatran|Air Balloon
|move|p1a: Metagross|Zen Headbutt|p2a: Heatran
|-resisted|p2a: Heatran
|-damage|p2a: Heatran|258\/340
|-enditem|p2a: Heatran|Air Balloon
|
|turn|26
|
|move|p1a: Metagross|Earthquake|p2a: Heatran
|-supereffective|p2a: Heatran
|-damage|p2a: Heatran|0 fnt
|faint|p2a: Heatran
|
|
|switch|p2a: Bisharp|Bisharp, F|334\/334
|turn|27
|c|âFrozenCold|sucker punch
|c|âFrozenCold|sucker punch
|join|Alkov
|
|switch|p1a: Azumarill|Azumarill, M|403\/403
|-damage|p1a: Azumarill|353\/403|[from] Spikes
|-damage|p1a: Azumarill|303\/403|[from] Stealth Rock
|move|p2a: Bisharp|Knock Off|p1a: Azumarill
|-resisted|p1a: Azumarill
|-damage|p1a: Azumarill|186\/403
|-enditem|p1a: Azumarill|Choice Band|[from] move: Knock Off|[of] p2a: Bisharp
|
|turn|28
|
|move|p2a: Bisharp|Iron Head|p1a: Azumarill
|-damage|p1a: Azumarill|15\/403
|move|p1a: Azumarill|Play Rough|p2a: Bisharp
|-damage|p2a: Bisharp|153\/334
|
|-heal|p2a: Bisharp|173\/334|[from] item: Leftovers
|turn|29
|
|move|p1a: Azumarill|Aqua Jet|p2a: Bisharp
|-damage|p2a: Bisharp|85\/334
|move|p2a: Bisharp|Knock Off|p1a: Azumarill
|-resisted|p1a: Azumarill
|-damage|p1a: Azumarill|0 fnt
|faint|p1a: Azumarill
|
|-heal|p2a: Bisharp|105\/334|[from] item: Leftovers
|
|switch|p1a: Tangrowth|Tangrowth, F|404\/404
|-damage|p1a: Tangrowth|354\/404|[from] Spikes
|-damage|p1a: Tangrowth|304\/404|[from] Stealth Rock
|turn|30
|
|switch|p2a: Venusaur|Venusaur-Mega, F|364\/364
|move|p1a: Tangrowth|Earthquake|p2a: Venusaur
|-damage|p2a: Venusaur|318\/364
|
|-heal|p1a: Tangrowth|329\/404|[from] item: Leftovers
|turn|31
|
|move|p2a: Venusaur|Hidden Power|p1a: Tangrowth
|-supereffective|p1a: Tangrowth
|-damage|p1a: Tangrowth|217\/404
|move|p1a: Tangrowth|Earthquake|p2a: Venusaur
|-damage|p2a: Venusaur|277\/364
|
|-heal|p1a: Tangrowth|242\/404|[from] item: Leftovers
|turn|32
|
|move|p2a: Venusaur|Hidden Power|p1a: Tangrowth
|-supereffective|p1a: Tangrowth
|-damage|p1a: Tangrowth|110\/404
|move|p1a: Tangrowth|Earthquake|p2a: Venusaur
|-damage|p2a: Venusaur|230\/364
|
|-heal|p1a: Tangrowth|135\/404|[from] item: Leftovers
|turn|33
|
|move|p2a: Venusaur|Hidden Power|p1a: Tangrowth
|-supereffective|p1a: Tangrowth
|-damage|p1a: Tangrowth|11\/404
|move|p1a: Tangrowth|Earthquake|p2a: Venusaur
|-damage|p2a: Venusaur|185\/364
|
|-heal|p1a: Tangrowth|36\/404|[from] item: Leftovers
|turn|34
|
|move|p2a: Venusaur|Synthesis|p2a: Venusaur
|-heal|p2a: Venusaur|364\/364
|move|p1a: Tangrowth|Earthquake|p2a: Venusaur
|-damage|p2a: Venusaur|323\/364
|
|-heal|p1a: Tangrowth|61\/404|[from] item: Leftovers
|turn|35
|
|move|p2a: Venusaur|Hidden Power|p1a: Tangrowth
|-supereffective|p1a: Tangrowth
|-damage|p1a: Tangrowth|0 fnt
|faint|p1a: Tangrowth
|
|
|switch|p1a: Metagross|Metagross-Mega|141\/301
|-damage|p1a: Metagross|123\/301|[from] Stealth Rock
|-damage|p1a: Metagross|86\/301|[from] Spikes
|turn|36
|c| MyLittleDick|miss
|c| MyLittleDick|lol
|c| MyLittleDick|or predict the switch
|
|move|p1a: Metagross|Zen Headbutt|p2a: Venusaur
|-supereffective|p2a: Venusaur
|-damage|p2a: Venusaur|57\/364
|move|p2a: Venusaur|Hidden Power|p1a: Metagross
|-supereffective|p1a: Metagross
|-damage|p1a: Metagross|0 fnt
|faint|p1a: Metagross
|
|c|âFrozenCold|bulk
|c| SamuraiSneasel|dayum
|c| MyLittleDick|ily venusaur
|c| MyLittleDick|ily
|c| SamuraiSneasel|venu's fat as shit
|
|switch|p1a: Thundurus|Thundurus, M|241\/299
|-damage|p1a: Thundurus|167\/299|[from] Stealth Rock
|turn|37
|c| MyLittleDick|73%
|c| MyLittleDick|fucking insane
|c| SamuraiSneasel|HP flying pls
|c| Alkov|cus he's a max def venu
|c| Alkov|not an offensive one
|
|move|p1a: Thundurus|Thunderbolt|p2a: Venusaur
|-resisted|p2a: Venusaur
|-damage|p2a: Venusaur|0 fnt
|-damage|p1a: Thundurus|138\/299|[from] item: Life Orb
|faint|p2a: Venusaur
|
|
|switch|p2a: Bisharp|Bisharp, F|105\/334
|turn|38
|c|âFrozenCold|sucker punch
|c|âFrozenCold|sucker punch
|c|âFrozenCold|sucker punch
|c| SamuraiSneasel|or is it a mind game and he's staying in?
|
|move|p2a: Bisharp|Sucker Punch|p1a: Thundurus
|-damage|p1a: Thundurus|0 fnt
|faint|p1a: Thundurus
|
|-heal|p2a: Bisharp|125\/334|[from] item: Leftovers
|c| SamuraiSneasel|*x-files theme*
|c| SamuraiSneasel|damn
|c|âFrozenCold|x.x
|
|switch|p1a: Suicune|Suicune|354\/404 slp
|-damage|p1a: Suicune|304\/404 slp|[from] Stealth Rock
|-damage|p1a: Suicune|254\/404 slp|[from] Spikes
|-ability|p1a: Suicune|Pressure
|turn|39
|c| SamuraiSneasel|well if you tell your opponent the best play...
|
|switch|p2a: Keldeo|Keldeo|303\/323
|cant|p1a: Suicune|slp
|
|-heal|p2a: Keldeo|323\/323|[from] item: Leftovers
|-heal|p1a: Suicune|279\/404 slp|[from] item: Leftovers
|turn|40
|c| SamuraiSneasel|not crocune?
|c| SamuraiSneasel|disgusting
|
|move|p2a: Keldeo|Substitute|p2a: Keldeo
|-start|p2a: Keldeo|Substitute
|-damage|p2a: Keldeo|243\/323
|cant|p1a: Suicune|slp
|
|-heal|p2a: Keldeo|263\/323|[from] item: Leftovers
|-heal|p1a: Suicune|304\/404 slp|[from] item: Leftovers
|turn|41
|c|âFrozenCold|its 2 attacks with rest, cm
|
|move|p2a: Keldeo|Calm Mind|p2a: Keldeo
|-boost|p2a: Keldeo|spa|1
|-boost|p2a: Keldeo|spd|1
|-curestatus|p1a: Suicune|slp
|move|p1a: Suicune|Calm Mind|p1a: Suicune
|-boost|p1a: Suicune|spa|1
|-boost|p1a: Suicune|spd|1
|
|-heal|p2a: Keldeo|283\/323|[from] item: Leftovers
|-heal|p1a: Suicune|329\/404|[from] item: Leftovers
|turn|42
|
|move|p2a: Keldeo|Calm Mind|p2a: Keldeo
|-boost|p2a: Keldeo|spa|1
|-boost|p2a: Keldeo|spd|1
|move|p1a: Suicune|Calm Mind|p1a: Suicune
|-boost|p1a: Suicune|spa|1
|-boost|p1a: Suicune|spd|1
|
|-heal|p2a: Keldeo|303\/323|[from] item: Leftovers
|-heal|p1a: Suicune|354\/404|[from] item: Leftovers
|turn|43
|c| SamuraiSneasel|lol
|
|move|p2a: Keldeo|Secret Sword|p1a: Suicune
|-damage|p1a: Suicune|171\/404
|move|p1a: Suicune|Calm Mind|p1a: Suicune
|-boost|p1a: Suicune|spa|1
|-boost|p1a: Suicune|spd|1
|
|-heal|p2a: Keldeo|323\/323|[from] item: Leftovers
|-heal|p1a: Suicune|196\/404|[from] item: Leftovers
|turn|44
|c| SamuraiSneasel|honestly crocune's more disgusting
|c| SamuraiSneasel|not as bad as mega crobro, but...
|
|move|p2a: Keldeo|Calm Mind|p2a: Keldeo
|-boost|p2a: Keldeo|spa|1
|-boost|p2a: Keldeo|spd|1
|move|p1a: Suicune|Calm Mind|p1a: Suicune
|-boost|p1a: Suicune|spa|1
|-boost|p1a: Suicune|spd|1
|
|-heal|p1a: Suicune|221\/404|[from] item: Leftovers
|turn|45
|join|etaoi
|c|âFrozenCold|G_G
|
|move|p2a: Keldeo|Secret Sword|p1a: Suicune
|-damage|p1a: Suicune|0 fnt
|faint|p1a: Suicune
|
|win|wish killer
|c| SamuraiSneasel|RIP