|join|wish killer
|join|Azuzu
|player|p1|wish killer|68
|player|p2|Azuzu|266
|gametype|singles
|gen|6
|tier|OU
|rated
|clearpoke
|poke|p1|Bisharp, F
|poke|p1|Venusaur, M
|poke|p1|Heatran, M
|poke|p1|Keldeo
|poke|p1|Chansey, F
|poke|p1|Skarmory, M
|poke|p2|Landorus-Therian, M
|poke|p2|Keldeo
|poke|p2|Ferrothorn, F
|poke|p2|Azumarill, F
|poke|p2|Metagross
|poke|p2|Heatran, F
|rule|Swagger Clause: Swagger is banned
|rule|Baton Pass Clause: Limit one PokÃ©mon knowing Baton Pass
|rule|Sleep Clause Mod: Limit one foe put to sleep
|rule|Species Clause: Limit one of each PokÃ©mon
|rule|OHKO Clause: OHKO moves are banned
|rule|Moody Clause: Moody is banned
|rule|Evasion Moves Clause: Evasion moves are banned
|rule|Endless Battle Clause: Forcing endless battles is banned
|rule|HP Percentage Mod: HP is shown in percentages
|teampreview
|join|CleanerThanRotom-W
|join|yuy
|c| yuy|sup WK!
|
|start
|switch|p1a: Appreciation|Heatran, M|340\/340
|switch|p2a: Heatran|Heatran, F|336\/336
|-item|p1a: Appreciation|Air Balloon
|-item|p2a: Heatran|Air Balloon
|turn|1
|
|move|p1a: Appreciation|Stealth Rock|p2a: Heatran
|-sidestart|p2: Azuzu|move: Stealth Rock
|move|p2a: Heatran|Stealth Rock|p1a: Appreciation
|-sidestart|p1: wish killer|move: Stealth Rock
|
|turn|2
|join|cosine180
|
|move|p1a: Appreciation|Fire Blast|p2a: Heatran
|-start|p2a: Heatran|ability: Flash Fire
|move|p2a: Heatran|Stealth Rock|p1a: Appreciation
|-fail|p1a: Appreciation
|
|turn|3
|
|move|p1a: Appreciation|Taunt|p2a: Heatran
|-start|p2a: Heatran|move: Taunt
|cant|p2a: Heatran|move: Taunt|Stealth Rock
|
|turn|4
|c|âwish killer|cosine
|c| cosine180|:]
|
|switch|p2a: Keldeo|Keldeo|323\/323
|-damage|p2a: Keldeo|303\/323|[from] Stealth Rock
|move|p1a: Appreciation|Toxic|p2a: Keldeo
|-status|p2a: Keldeo|tox
|
|-damage|p2a: Keldeo|283\/323 tox|[from] psn
|turn|5
|c| CleanerThanRotom-W|bloody
|c|âwish killer|cleaner
|c| CleanerThanRotom-W|go!
|
|switch|p2a: Metagross|Metagross|302\/302
|-damage|p2a: Metagross|284\/302|[from] Stealth Rock
|switch|p1a: uCan'tSeeMe|Venusaur, M|364\/364
|-damage|p1a: uCan'tSeeMe|319\/364|[from] Stealth Rock
|
|turn|6
|
|switch|p1a: Zenzoh|Skarmory, M|334\/334
|-damage|p1a: Zenzoh|293\/334|[from] Stealth Rock
|detailschange|p2a: Metagross|Metagross-Mega
|-mega|p2a: Metagross|Metagross|Metagrossite
|move|p2a: Metagross|Hammer Arm|p1a: Zenzoh
|-damage|p1a: Zenzoh|174\/334
|-damage|p2a: Metagross|234\/302|[from] item: Rocky Helmet|[of] p1a: Zenzoh
|-unboost|p2a: Metagross|spe|1
|
|turn|7
|
|move|p2a: Metagross|Hammer Arm|p1a: Zenzoh
|-damage|p1a: Zenzoh|73\/334
|-damage|p2a: Metagross|184\/302|[from] item: Rocky Helmet|[of] p1a: Zenzoh
|-unboost|p2a: Metagross|spe|1
|move|p1a: Zenzoh|Spikes|p2a: Metagross
|-sidestart|p2: Azuzu|Spikes
|
|turn|8
|
|move|p1a: Zenzoh|Brave Bird|p2a: Metagross
|-resisted|p2a: Metagross
|-damage|p2a: Metagross|142\/302
|-damage|p1a: Zenzoh|59\/334|[from] recoil|[of] p2a: Metagross
|move|p2a: Metagross|Hammer Arm|p1a: Zenzoh
|-damage|p1a: Zenzoh|0 fnt
|-damage|p2a: Metagross|92\/302|[from] item: Rocky Helmet|[of] p1a: Zenzoh
|-unboost|p2a: Metagross|spe|1
|faint|p1a: Zenzoh
|
|
|switch|p1a: I came from leddit|Bisharp, F|334\/334
|-damage|p1a: I came from leddit|314\/334|[from] Stealth Rock
|turn|9
|
|move|p1a: I came from leddit|Knock Off|p2a: Metagross
|-crit|p2a: Metagross
|-supereffective|p2a: Metagross
|-damage|p2a: Metagross|0 fnt
|faint|p2a: Metagross
|
|-heal|p1a: I came from leddit|334\/334|[from] item: Leftovers
|
|switch|p2a: Keldeo|Keldeo|283\/323 tox
|-damage|p2a: Keldeo|263\/323 tox|[from] Stealth Rock
|-damage|p2a: Keldeo|223\/323 tox|[from] Spikes
|turn|10
|
|switch|p1a: uCan'tSeeMe|Venusaur, M|319\/364
|-damage|p1a: uCan'tSeeMe|274\/364|[from] Stealth Rock
|move|p2a: Keldeo|Icy Wind|p1a: uCan'tSeeMe
|-supereffective|p1a: uCan'tSeeMe
|-damage|p1a: uCan'tSeeMe|86\/364
|-unboost|p1a: uCan'tSeeMe|spe|1
|
|-damage|p2a: Keldeo|203\/323 tox|[from] psn
|turn|11
|
|detailschange|p1a: uCan'tSeeMe|Venusaur-Mega, M
|-mega|p1a: uCan'tSeeMe|Venusaur|Venusaurite
|move|p2a: Keldeo|Icy Wind|p1a: uCan'tSeeMe
|-supereffective|p1a: uCan'tSeeMe
|-damage|p1a: uCan'tSeeMe|8\/364
|-unboost|p1a: uCan'tSeeMe|spe|1
|move|p1a: uCan'tSeeMe|Synthesis|p1a: uCan'tSeeMe
|-heal|p1a: uCan'tSeeMe|190\/364
|
|-damage|p2a: Keldeo|163\/323 tox|[from] psn
|turn|12
|join|Dark380
|
|switch|p2a: Ferrothorn|Ferrothorn, F|351\/351
|-damage|p2a: Ferrothorn|330\/351|[from] Stealth Rock
|-damage|p2a: Ferrothorn|287\/351|[from] Spikes
|move|p1a: uCan'tSeeMe|Synthesis|p1a: uCan'tSeeMe
|-heal|p1a: uCan'tSeeMe|364\/364
|
|turn|13
|join|Squirrelll
|c|âwish killer|welcome squirrelll
|c| yuy|252 SpA Choice Specs Keldeo Icy Wind vs. 252 HP \/ 0 SpD Thick Fat Mega Venusaur: 78-92 (21.4 - 25.2%) -- 0.1% chance to 4HKO
|
|move|p1a: uCan'tSeeMe|Hidden Power|p2a: Ferrothorn
|-supereffective|p2a: Ferrothorn
|-damage|p2a: Ferrothorn|135\/351
|move|p2a: Ferrothorn|Gyro Ball|p1a: uCan'tSeeMe
|-damage|p1a: uCan'tSeeMe|319\/364
|
|turn|14
|
|move|p1a: uCan'tSeeMe|Hidden Power|p2a: Ferrothorn
|-supereffective|p2a: Ferrothorn
|-damage|p2a: Ferrothorn|0 fnt
|faint|p2a: Ferrothorn
|
|
|switch|p2a: Azumarill|Azumarill, F|356\/356
|-damage|p2a: Azumarill|312\/356|[from] Spikes
|-damage|p2a: Azumarill|268\/356|[from] Stealth Rock
|turn|15
|c| Squirrelll|hola
|c| CleanerThanRotom-W|why is this the ct
|c| CleanerThanRotom-W|...
|
|move|p2a: Azumarill|Belly Drum|p2a: Azumarill
|-damage|p2a: Azumarill|90\/356
|-setboost|p2a: Azumarill|atk|6|[from] move: Belly Drum
|-enditem|p2a: Azumarill|Sitrus Berry|[eat]
|-heal|p2a: Azumarill|179\/356|[from] item: Sitrus Berry
|move|p1a: uCan'tSeeMe|Giga Drain|p2a: Azumarill
|-supereffective|p2a: Azumarill
|-damage|p2a: Azumarill|0 fnt
|-heal|p1a: uCan'tSeeMe|364\/364|[from] drain|[of] p2a: Azumarill
|faint|p2a: Azumarill
|
|c| CleanerThanRotom-W|ok
|c| Squirrelll|BD vs a vean
|c| Squirrelll|vena*
|c| Dark380|lol
|c| cosine180|rank azuzu
|
|switch|p2a: Heatran|Heatran, F|336\/336
|-damage|p2a: Heatran|294\/336|[from] Stealth Rock
|-item|p2a: Heatran|Air Balloon
|turn|16
|c| CleanerThanRotom-W|he has a heatran and bds in front of a venu
|c| Squirrelll|you have a 100% tran
|c|âAzuzu|1500 something
|c| cosine180|o
|
|switch|p1a: Appreciation|Heatran, M|340\/340
|-damage|p1a: Appreciation|298\/340|[from] Stealth Rock
|-item|p1a: Appreciation|Air Balloon
|move|p2a: Heatran|Will-O-Wisp|p1a: Appreciation
|-start|p1a: Appreciation|ability: Flash Fire
|
|turn|17
|c|âwish killer|nice rank
|c| cosine180|ladder is weird
|c| CleanerThanRotom-W|hello wish killer
|
|move|p1a: Appreciation|Fire Blast|p2a: Heatran
|-start|p2a: Heatran|ability: Flash Fire
|move|p2a: Heatran|Lava Plume|p1a: Appreciation
|-immune|p1a: Appreciation|[msg]
|
|turn|18
|c| CleanerThanRotom-W|nice team
|c| CleanerThanRotom-W|did u make it urself
|c|âwish killer|yes
|
|switch|p2a: Landorus-Therian|Landorus-Therian, M|361\/361
|-damage|p2a: Landorus-Therian|316\/361|[from] Stealth Rock
|-ability|p2a: Landorus-Therian|Intimidate|[of] p1a: Appreciation
|-unboost|p1a: Appreciation|atk|1
|move|p1a: Appreciation|Fire Blast|p2a: Landorus-Therian
|-damage|p2a: Landorus-Therian|34\/361
|
|turn|19
|c| CleanerThanRotom-W|did aka dh steal it fom u
|c|âwish killer|yes
|c| CleanerThanRotom-W|hes a teamstealer
|c| CleanerThanRotom-W|smh
|
|move|p2a: Landorus-Therian|Earthquake|p1a: Appreciation
|-immune|p1a: Appreciation|[msg]
|move|p1a: Appreciation|Fire Blast|p2a: Landorus-Therian
|-damage|p2a: Landorus-Therian|0 fnt
|faint|p2a: Landorus-Therian
|
|c|âAzuzu|?
|c| Dark380|?
|c| CleanerThanRotom-W|?
|c| Squirrelll|so aka dh =\/= wish killer?
|c|âwish killer|?
|c|âAzuzu|how
|
|switch|p2a: Keldeo|Keldeo|163\/323 tox
|-damage|p2a: Keldeo|123\/323 tox|[from] Spikes
|-damage|p2a: Keldeo|103\/323 tox|[from] Stealth Rock
|turn|20
|c| Dark380|Appreciation floats in the air with its Air Balloon!
|c|âwish killer|levitate
|c| CleanerThanRotom-W|did bloody sunday steal it too
|
|switch|p1a: uCan'tSeeMe|Venusaur-Mega, M|364\/364
|-damage|p1a: uCan'tSeeMe|319\/364|[from] Stealth Rock
|move|p2a: Keldeo|Hydro Pump|p1a: uCan'tSeeMe
|-resisted|p1a: uCan'tSeeMe
|-damage|p1a: uCan'tSeeMe|193\/364
|
|-damage|p2a: Keldeo|83\/323 tox|[from] psn
|turn|21
|c|âwish killer|hidden ability
|join|Yuttt.annual
|c|âAzuzu|are we allowed to copy teams
|
|move|p2a: Keldeo|Hydro Pump|p1a: uCan'tSeeMe
|-resisted|p1a: uCan'tSeeMe
|-damage|p1a: uCan'tSeeMe|78\/364
|move|p1a: uCan'tSeeMe|Synthesis|p1a: uCan'tSeeMe
|-heal|p1a: uCan'tSeeMe|260\/364
|
|-damage|p2a: Keldeo|43\/323 tox|[from] psn
|turn|22
|c| CleanerThanRotom-W|atleast aka dh is friendly
|c| CleanerThanRotom-W|not like bloody sunday
|
|move|p2a: Keldeo|Hydro Pump|p1a: uCan'tSeeMe
|-resisted|p1a: uCan'tSeeMe
|-damage|p1a: uCan'tSeeMe|143\/364
|move|p1a: uCan'tSeeMe|Synthesis|p1a: uCan'tSeeMe
|-heal|p1a: uCan'tSeeMe|325\/364
|
|-damage|p2a: Keldeo|0 fnt|[from] psn
|faint|p2a: Keldeo
|c|âwish killer|bloody sunday is rude
|
|switch|p2a: Heatran|Heatran, F|294\/336
|-damage|p2a: Heatran|252\/336|[from] Stealth Rock
|-item|p2a: Heatran|Air Balloon
|turn|23
|c| CleanerThanRotom-W|he said ur a nerd
|c| CleanerThanRotom-W|,,
|
|move|p2a: Heatran|Substitute|p2a: Heatran
|-start|p2a: Heatran|Substitute
|-damage|p2a: Heatran|168\/336
|move|p1a: uCan'tSeeMe|Leech Seed|p2a: Heatran|[miss]
|-miss|p1a: uCan'tSeeMe|p2a: Heatran
|
|turn|24
|
|switch|p1a: Appreciation|Heatran, M|298\/340
|-damage|p1a: Appreciation|256\/340|[from] Stealth Rock
|-item|p1a: Appreciation|Air Balloon
|move|p2a: Heatran|Lava Plume|p1a: Appreciation
|-start|p1a: Appreciation|ability: Flash Fire
|
|turn|25
|c|âwish killer|hes a poopyhead
|c| CleanerThanRotom-W|i see
|
|move|p1a: Appreciation|Taunt|p2a: Heatran
|-start|p2a: Heatran|move: Taunt
|move|p2a: Heatran|Lava Plume|p1a: Appreciation
|-immune|p1a: Appreciation|[msg]
|
|turn|26
|c|âwish killer|struggle is coming
|
|move|p1a: Appreciation|Stealth Rock|p2a: Heatran
|-fail|p2a: Heatran
|move|p2a: Heatran|Lava Plume|p1a: Appreciation
|-immune|p1a: Appreciation|[msg]
|
|turn|27
|
|move|p1a: Appreciation|Stealth Rock|p2a: Heatran
|-fail|p2a: Heatran
|move|p2a: Heatran|Lava Plume|p1a: Appreciation
|-immune|p1a: Appreciation|[msg]
|
|-end|p2a: Heatran|move: Taunt
|turn|28
|c|âAzuzu|how much speed do you run
|c| Yuttt.annual|wish killer
|c| CleanerThanRotom-W|forfeit
|c| Yuttt.annual|you should fight
|c| CleanerThanRotom-W|its over
|c| Yuttt.annual|in OCL
|c|âAzuzu|i can win
|c| Yuttt.annual|be the next tele
|
|move|p1a: Appreciation|Taunt|p2a: Heatran
|-start|p2a: Heatran|move: Taunt
|move|p2a: Heatran|Lava Plume|p1a: Appreciation
|-immune|p1a: Appreciation|[msg]
|
|turn|29
|c| Yuttt.annual|i mean
|c| Yuttt.annual|OLT
|c| Yuttt.annual|***
|
|move|p1a: Appreciation|Stealth Rock|p2a: Heatran
|-fail|p2a: Heatran
|move|p2a: Heatran|Lava Plume|p1a: Appreciation
|-immune|p1a: Appreciation|[msg]
|
|turn|30
|c|âAzuzu|i just need crit struggle
|leave|Squirrelll
|
|move|p1a: Appreciation|Stealth Rock|p2a: Heatran
|-fail|p2a: Heatran
|move|p2a: Heatran|Lava Plume|p1a: Appreciation
|-immune|p1a: Appreciation|[msg]
|
|-end|p2a: Heatran|move: Taunt
|turn|31
|c| cosine180|it'd be so funny to see him play smogtours
|
|move|p1a: Appreciation|Taunt|p2a: Heatran
|-start|p2a: Heatran|move: Taunt
|cant|p2a: Heatran|move: Taunt|Stealth Rock
|
|turn|32
|c| CleanerThanRotom-W|cosine ur just a hater
|c|âwish killer|i haven't a smogon account
|c| cosine180|make one then
|c| cosine180|it takes 2 minutes
|
|move|p1a: Appreciation|Stealth Rock|p2a: Heatran
|-fail|p2a: Heatran
|move|p2a: Heatran|Lava Plume|p1a: Appreciation
|-immune|p1a: Appreciation|[msg]
|
|turn|33
|c| cosine180|also how is that hating
|c| CleanerThanRotom-W|.\/ignore cosine180
|-message|Azuzu forfeited.
|leave|Azuzu
|c| cosine180|rofl
|
|win|wish killer
|raw|Ladder updating...
|player|p2
|leave|cosine180
|join|Nocturnal Monsters
|raw|wish killer's rating: 1778 &rarr; <strong>1786<\/strong><br \/>(+8 for winning)
|raw|Azuzu's rating: 1528 &rarr; <strong>1520<\/strong><br \/>(-8 for losing)
|leave|CleanerThanRotom-W
|c|âwish killer|cosine is friendly
|join|uCan'tSeeMe