|join|wish killer
|join|YouDon'tKnowMe
|player|p1|wish killer|68
|player|p2|YouDon'tKnowMe|266
|gametype|singles
|gen|6
|tier|OU
|clearpoke
|poke|p1|Bisharp, F
|poke|p1|Venusaur, F
|poke|p1|Heatran, M
|poke|p1|Keldeo
|poke|p1|Chansey, F
|poke|p1|Skarmory, F
|poke|p2|Lopunny, F
|poke|p2|Heatran, M
|poke|p2|Azumarill, F
|poke|p2|Latios, M
|poke|p2|Landorus-Therian, M
|poke|p2|Keldeo
|rule|Swagger Clause: Swagger is banned
|rule|Baton Pass Clause: Limit one PokÃ©mon knowing Baton Pass
|rule|Sleep Clause Mod: Limit one foe put to sleep
|rule|Species Clause: Limit one of each PokÃ©mon
|rule|OHKO Clause: OHKO moves are banned
|rule|Moody Clause: Moody is banned
|rule|Evasion Moves Clause: Evasion moves are banned
|rule|Endless Battle Clause: Forcing endless battles is banned
|rule|HP Percentage Mod: HP is shown in percentages
|teampreview
|join|RS Cleaner
|join|FUQ GLISCORE
|join|Jamel
|join|Jukain
|leave|Jukain
|join|Zenzo
|
|start
|switch|p1a: AKA Trice|Venusaur, F|364\/364
|switch|p2a: Heatran|Heatran, M|326\/326
|-item|p2a: Heatran|Air Balloon
|turn|1
|join|wish reviver
|c| RS Cleaner|didnt see the tour
|
|switch|p1a: Teleee is 18|Heatran, M|340\/340
|-item|p1a: Teleee is 18|Air Balloon
|move|p2a: Heatran|Fire Blast|p1a: Teleee is 18
|-start|p1a: Teleee is 18|ability: Flash Fire
|
|turn|2
|
|move|p1a: Teleee is 18|Stealth Rock|p2a: Heatran
|-sidestart|p2: YouDon'tKnowMe|move: Stealth Rock
|move|p2a: Heatran|Flash Cannon|p1a: Teleee is 18
|-crit|p1a: Teleee is 18
|-resisted|p1a: Teleee is 18
|-damage|p1a: Teleee is 18|286\/340
|-enditem|p1a: Teleee is 18|Air Balloon
|
|turn|3
|join|rnhateh
|c|âYouDon'tKnowMe|wait is this a tour tournament?
|join|Yuttt.mackerel
|c| RS Cleaner|...
|c| Yuttt.mackerel|a
|c| Yuttt.mackerel|what
|c| wish reviver|LOL
|c|âwish killer|LOL
|c| Zenzo|tour tournament
|c| Zenzo|wat
|c|âYouDon'tKnowMe|whatever its called
|c|âYouDon'tKnowMe|lol
|c| RS Cleaner|âwish killer: LOL
|
|switch|p1a: RS Cleaner|Chansey, F|684\/684
|move|p2a: Heatran|Stealth Rock|p1a: RS Cleaner
|-sidestart|p1: wish killer|move: Stealth Rock
|
|turn|4
|c| wish reviver|how about just tour
|c| wish reviver|âwish killer: LOL
|c| RS Cleaner|how about hit x
|c| RS Cleaner|xdxDDDDD
|c|âYouDon'tKnowMe|ok that works
|c| wish reviver|XD
|c| RS Cleaner|yea it does
|c| RS Cleaner|hit x
|leave|Yuttt.mackerel
|c| RS Cleaner|xdxdDD
|c|âwish killer|wish reviver: âwish killer: LOL
|c| wish reviver|xDxxdD
|c| RS Cleaner|âwish killer: wish reviver: âwish killer: LOL
|
|move|p2a: Heatran|Taunt|p1a: RS Cleaner
|-start|p1a: RS Cleaner|move: Taunt
|move|p1a: RS Cleaner|Seismic Toss|p2a: Heatran
|-damage|p2a: Heatran|226\/326
|-enditem|p2a: Heatran|Air Balloon
|
|turn|5
|c| wish reviver|donked
|c|âwish killer|nice set
|c|âYouDon'tKnowMe|thanks
|
|switch|p2a: Lopunny|Lopunny, F|271\/271
|-damage|p2a: Lopunny|238\/271|[from] Stealth Rock
|move|p1a: RS Cleaner|Seismic Toss|p2a: Lopunny
|-damage|p2a: Lopunny|138\/271
|
|turn|6
|join|Stoned Zard
|c| wish reviver|yesy nice set
|c| RS Cleaner|i know someone
|c| RS Cleaner|who has the same
|c| wish reviver|diet mountain dew
|c| RS Cleaner|xdxDXDxDXdXDxD
|c| wish reviver|baby new york city
|
|switch|p1a: Aka Zenzoh|Skarmory, F|334\/334
|-damage|p1a: Aka Zenzoh|293\/334|[from] Stealth Rock
|detailschange|p2a: Lopunny|Lopunny-Mega, F
|-mega|p2a: Lopunny|Lopunny|Lopunnite
|move|p2a: Lopunny|Frustration|p1a: Aka Zenzoh
|-crit|p1a: Aka Zenzoh
|-resisted|p1a: Aka Zenzoh
|-damage|p1a: Aka Zenzoh|206\/334
|-damage|p2a: Lopunny|93\/271|[from] item: Rocky Helmet|[of] p1a: Aka Zenzoh
|
|turn|7
|c| wish reviver|never was there ever a girl so pretty
|c| wish reviver|do you think well be in love forever
|c| wish reviver|do you think well be in love?
|
|move|p2a: Lopunny|High Jump Kick|p1a: Aka Zenzoh
|-damage|p1a: Aka Zenzoh|58\/334
|-damage|p2a: Lopunny|48\/271|[from] item: Rocky Helmet|[of] p1a: Aka Zenzoh
|move|p1a: Aka Zenzoh|Roost|p1a: Aka Zenzoh
|-heal|p1a: Aka Zenzoh|225\/334
|
|turn|8
|join|Rooo
|c| wish reviver|>ill beat skarm with lopunny
|
|move|p2a: Lopunny|Encore|p1a: Aka Zenzoh
|-start|p1a: Aka Zenzoh|Encore
|move|p1a: Aka Zenzoh|Roost|p1a: Aka Zenzoh
|-heal|p1a: Aka Zenzoh|334\/334
|
|turn|9
|c| wish reviver|oh
|c|âYouDon'tKnowMe|:]
|c| wish reviver|sitll doesnt beat it
|c| wish reviver|lol
|leave|Rooo
|c|âYouDon'tKnowMe|I know lol
|c| RS Cleaner|still doesnt beat it
|c| wish reviver|awful set
|c| RS Cleaner|..
|c| wish reviver|lel
|c|âYouDon'tKnowMe|im just playing for fun
|
|switch|p2a: Landorus-Therian|Landorus-Therian, M|320\/320
|-damage|p2a: Landorus-Therian|280\/320|[from] Stealth Rock
|-ability|p2a: Landorus-Therian|Intimidate|[of] p1a: Aka Zenzoh
|-unboost|p1a: Aka Zenzoh|atk|1
|move|p1a: Aka Zenzoh|Roost|p1a: Aka Zenzoh
|-fail|p1a: Aka Zenzoh
|
|turn|10
|c| wish reviver|>playing for fun
|c|âwish killer|i play for fun too
|c| wish reviver|ur so childish
|c| RS Cleaner|wish killer is playing for fun too
|c| wish reviver|>playing for fun
|c|âYouDon'tKnowMe|good
|c| wish reviver|âwish killer: LOL
|join|Swallowed Up
|
|switch|p1a: AKA Trice|Venusaur, F|364\/364
|-damage|p1a: AKA Trice|319\/364|[from] Stealth Rock
|move|p2a: Landorus-Therian|Gravity|p2a: Landorus-Therian
|-fieldstart|move: Gravity
|
|turn|11
|c| RS Cleaner|hello wish killer
|c| wish reviver|nice set
|c| RS Cleaner|fun team u have
|c| RS Cleaner|looks fun
|c|âwish killer|hello RS
|
|switch|p2a: Lopunny|Lopunny-Mega, F|48\/271
|-damage|p2a: Lopunny|32\/271|[from] Stealth Rock
|detailschange|p1a: AKA Trice|Venusaur-Mega, F
|-mega|p1a: AKA Trice|Venusaur|Venusaurite
|move|p1a: AKA Trice|Leech Seed|p2a: Lopunny
|-start|p2a: Lopunny|move: Leech Seed
|
|-damage|p2a: Lopunny|0 fnt|[from] Leech Seed|[of] p1a: AKA Trice
|-heal|p1a: AKA Trice|351\/364|[silent]
|faint|p2a: Lopunny
|c| RS Cleaner|call me c05ta
|c| wish reviver|rekt
|
|switch|p2a: Latios|Latios, M|301\/301
|-damage|p2a: Latios|264\/301|[from] Stealth Rock
|turn|12
|c|âwish killer|ok c05ta
|
|switch|p2a: Keldeo|Keldeo|323\/323
|-damage|p2a: Keldeo|303\/323|[from] Stealth Rock
|switch|p1a: Teleee is 18|Heatran, M|286\/340
|-damage|p1a: Teleee is 18|244\/340|[from] Stealth Rock
|
|turn|13
|c| wish reviver|call me cleanerthanrotom-mow
|c| wish reviver|:^)
|c| RS Cleaner|i call u nerdlord
|c| RS Cleaner|thats what i call u
|
|switch|p1a: AKA Trice|Venusaur-Mega, F|351\/364
|-damage|p1a: AKA Trice|306\/364|[from] Stealth Rock
|move|p2a: Keldeo|Scald|p1a: AKA Trice
|-resisted|p1a: AKA Trice
|-damage|p1a: AKA Trice|241\/364
|-status|p1a: AKA Trice|brn
|
|-damage|p1a: AKA Trice|196\/364 brn|[from] brn
|turn|14
|c| wish reviver|nice tilt cleaner
|c|âwish killer|nice ratio
|c| wish reviver|did you make it yourself?
|c| wish reviver|i play for fun wish killer
|c| wish reviver|âwish killer: LOL
|
|switch|p2a: Heatran|Heatran, M|226\/326
|-damage|p2a: Heatran|186\/326|[from] Stealth Rock
|move|p1a: AKA Trice|Synthesis|p1a: AKA Trice
|-heal|p1a: AKA Trice|364\/364 brn
|
|-damage|p1a: AKA Trice|319\/364 brn|[from] brn
|-fieldend|move: Gravity
|turn|15
|
|switch|p2a: Azumarill|Azumarill, F|364\/364
|-damage|p2a: Azumarill|319\/364|[from] Stealth Rock
|switch|p1a: RS Cleaner|Chansey, F|684\/684
|-damage|p1a: RS Cleaner|599\/684|[from] Stealth Rock
|
|turn|16
|c|âYouDon'tKnowMe|i just realized chansey is named after the guy
|c|âYouDon'tKnowMe|nice
|c| wish reviver|><
|join|Here to Stay
|c| wish reviver|><
|c| RS Cleaner|k
|c| wish reviver|HTS n_n
|
|move|p2a: Azumarill|Belly Drum|p2a: Azumarill
|-damage|p2a: Azumarill|137\/364
|-setboost|p2a: Azumarill|atk|6|[from] move: Belly Drum
|-enditem|p2a: Azumarill|Sitrus Berry|[eat]
|-heal|p2a: Azumarill|228\/364|[from] item: Sitrus Berry
|move|p1a: RS Cleaner|Thunder Wave|p2a: Azumarill
|-status|p2a: Azumarill|par
|
|turn|17
|c| wish reviver|im bored hts
|c| wish reviver|chal me
|c| wish reviver|imo
|
|switch|p1a: AKA Trice|Venusaur-Mega, F|319\/364 brn
|-damage|p1a: AKA Trice|274\/364 brn|[from] Stealth Rock
|move|p2a: Azumarill|Waterfall|p1a: AKA Trice
|-resisted|p1a: AKA Trice
|-damage|p1a: AKA Trice|62\/364 brn
|
|-damage|p1a: AKA Trice|17\/364 brn|[from] brn
|turn|18
|c| wish reviver|wtf
|c| wish reviver|stronk bunny
|c|âYouDon'tKnowMe|ikr
|
|move|p2a: Azumarill|Aqua Jet|p1a: AKA Trice
|-crit|p1a: AKA Trice
|-resisted|p1a: AKA Trice
|-damage|p1a: AKA Trice|0 fnt
|faint|p1a: AKA Trice
|
|c| wish reviver|nice hax loser
|c|âYouDon'tKnowMe|lol
|c|âwish killer|my hand is bad today
|c|âwish killer|another missclick
|c| wish reviver|your hand?
|c| wish reviver|,,,
|
|switch|p1a: Aka Zenzoh|Skarmory, F|334\/334
|-damage|p1a: Aka Zenzoh|293\/334|[from] Stealth Rock
|turn|19
|c| wish reviver|u wanted to sac heatran right?
|c| wish reviver|,,
|join|cosine180
|c| wish reviver|welcome cosine
|c|âwish killer|welcome divine figure
|c| RS Cleaner|âwish killer: my hand is bad today
|
|move|p1a: Aka Zenzoh|Brave Bird|p2a: Azumarill
|-damage|p2a: Azumarill|86\/364 par
|-damage|p1a: Aka Zenzoh|246\/334|[from] recoil|[of] p2a: Azumarill
|cant|p2a: Azumarill|par
|
|turn|20
|c| wish reviver|the irony
|c|âYouDon'tKnowMe|NOOOO
|c| wish reviver|rekt
|c| wish reviver|bloody skarmed
|c|âYouDon'tKnowMe|thats depressing
|c| RS Cleaner|we have fun
|c| wish reviver|go for aqua jet XD
|
|move|p2a: Azumarill|Aqua Jet|p1a: Aka Zenzoh
|-damage|p1a: Aka Zenzoh|21\/334
|-damage|p2a: Azumarill|26\/364 par|[from] item: Rocky Helmet|[of] p1a: Aka Zenzoh
|move|p1a: Aka Zenzoh|Brave Bird|p2a: Azumarill
|-damage|p2a: Azumarill|0 fnt
|-damage|p1a: Aka Zenzoh|12\/334|[from] recoil|[of] p2a: Azumarill
|faint|p2a: Azumarill
|
|c| Zenzo|my skarm..
|c| RS Cleaner|idk what u mean
|c| RS Cleaner|:^)
|c| RS Cleaner|we have fun
|c| wish reviver|âwish killer: LOL
|c| wish reviver|fun
|c|âwish killer|he wins with keldeo
|
|switch|p2a: Keldeo|Keldeo|303\/323
|-damage|p2a: Keldeo|283\/323|[from] Stealth Rock
|turn|21
|c| wish reviver|yea
|c| wish reviver|bloody keldeo..
|c|âYouDon'tKnowMe|keldeo is very good rn
|
|move|p2a: Keldeo|Secret Sword|p1a: Aka Zenzoh
|-damage|p1a: Aka Zenzoh|0 fnt
|faint|p1a: Aka Zenzoh
|
|c| RS Cleaner|im still on the tea,
|c| RS Cleaner|so theres a chance
|
|switch|p1a: Jake the ripper|Keldeo|323\/323
|-damage|p1a: Jake the ripper|303\/323|[from] Stealth Rock
|turn|22
|join|Rolia
|
|switch|p2a: Latios|Latios, M|264\/301
|-damage|p2a: Latios|227\/301|[from] Stealth Rock
|move|p1a: Jake the ripper|Secret Sword|p2a: Latios
|-resisted|p2a: Latios
|-damage|p2a: Latios|131\/301
|
|-heal|p1a: Jake the ripper|323\/323|[from] item: Leftovers
|turn|23
|c| Stoned Zard|double
|
|switch|p1a: Teleee is 18|Heatran, M|244\/340
|-damage|p1a: Teleee is 18|202\/340|[from] Stealth Rock
|move|p2a: Latios|Draco Meteor|p1a: Teleee is 18
|-resisted|p1a: Teleee is 18
|-damage|p1a: Teleee is 18|56\/340
|-unboost|p2a: Latios|spa|2
|-damage|p2a: Latios|101\/301|[from] item: Life Orb
|
|turn|24
|c| RS Cleaner|dont sack tran
|
|switch|p1a: AKA Leddit|Bisharp, F|334\/334
|-damage|p1a: AKA Leddit|314\/334|[from] Stealth Rock
|move|p2a: Latios|Surf|p1a: AKA Leddit
|-damage|p1a: AKA Leddit|227\/334
|-damage|p2a: Latios|71\/301|[from] item: Life Orb
|
|-heal|p1a: AKA Leddit|247\/334|[from] item: Leftovers
|turn|25
|c| wish reviver|yes sack it
|leave|rnhateh
|c| wish reviver|why would he not
|c| wish reviver|,,,,
|c| wish reviver|??
|c| RS Cleaner|because he needs a safe switch for keldeo...
|c| wish reviver|why...
|
|switch|p2a: Keldeo|Keldeo|283\/323
|-damage|p2a: Keldeo|263\/323|[from] Stealth Rock
|move|p1a: AKA Leddit|Knock Off|p2a: Keldeo
|-resisted|p2a: Keldeo
|-damage|p2a: Keldeo|167\/323
|-boost|p2a: Keldeo|atk|1|[from] ability: Justified
|-enditem|p2a: Keldeo|Choice Scarf|[from] move: Knock Off|[of] p1a: AKA Leddit
|
|-heal|p1a: AKA Leddit|267\/334|[from] item: Leftovers
|turn|26
|c| wish reviver|what
|leave|Swallowed Up
|c| wish reviver|it was
|c| wish reviver|scarfed
|c| wish reviver|......
|
|switch|p1a: Teleee is 18|Heatran, M|56\/340
|-damage|p1a: Teleee is 18|14\/340|[from] Stealth Rock
|move|p2a: Keldeo|Secret Sword|p1a: Teleee is 18
|-supereffective|p1a: Teleee is 18
|-damage|p1a: Teleee is 18|0 fnt
|faint|p1a: Teleee is 18
|
|c| cosine180|to save it as a sack u nerd
|c|âwish killer|c05ta is clever
|leave|FUQ GLISCORE
|
|switch|p1a: Jake the ripper|Keldeo|323\/323
|-damage|p1a: Jake the ripper|303\/323|[from] Stealth Rock
|turn|27
|c| wish reviver|he can sac chansey too
|c| wish reviver|n_n
|c| RS Cleaner|thanks wish killer
|c| Stoned Zard|double
|c| wish reviver|scarf lando t just spams eq now
|c| wish reviver|:^)
|
|switch|p2a: Landorus-Therian|Landorus-Therian, M|280\/320
|-damage|p2a: Landorus-Therian|240\/320|[from] Stealth Rock
|-ability|p2a: Landorus-Therian|Intimidate|[of] p1a: Jake the ripper
|-unboost|p1a: Jake the ripper|atk|1
|move|p1a: Jake the ripper|Secret Sword|p2a: Landorus-Therian
|-resisted|p2a: Landorus-Therian
|-damage|p2a: Landorus-Therian|156\/320
|
|-heal|p1a: Jake the ripper|323\/323|[from] item: Leftovers
|turn|28
|c| wish reviver|chansey tho
|c| wish reviver|CHANSEY THO
|
|move|p1a: Jake the ripper|Scald|p2a: Landorus-Therian
|-supereffective|p2a: Landorus-Therian
|-damage|p2a: Landorus-Therian|0 fnt
|faint|p2a: Landorus-Therian
|
|c| wish reviver|rekt
|c|âwish killer|he has gravity
|
|switch|p2a: Latios|Latios, M|71\/301
|-damage|p2a: Latios|34\/301|[from] Stealth Rock
|turn|29
|c|âwish killer|no scarf
|c|âYouDon'tKnowMe|wish my lando was scarfed :[
|c| wish reviver|o righjt
|c| wish reviver|i should pay
|c| wish reviver|attention
|c| wish reviver|:^)
|c|âYouDon'tKnowMe|lol
|c| RS Cleaner|trice ur bad,,
|c| wish reviver|ur face is bad
|c| cosine180|rofl
|c| wish reviver|just sac keldeo right here
|
|switch|p1a: RS Cleaner|Chansey, F|599\/684
|-damage|p1a: RS Cleaner|514\/684|[from] Stealth Rock
|move|p2a: Latios|Psyshock|p1a: RS Cleaner
|-damage|p1a: RS Cleaner|275\/684
|-damage|p2a: Latios|4\/301|[from] item: Life Orb
|
|turn|30
|c| RS Cleaner|he just
|c| wish reviver|>not saccing keldeo right here
|c| RS Cleaner|boils on lati
|c| wish reviver|n
|c| wish reviver|i wanted a cooler win
|c| wish reviver|,_,
|
|move|p2a: Latios|Psyshock|p1a: RS Cleaner
|-damage|p1a: RS Cleaner|36\/684
|-damage|p2a: Latios|0 fnt|[from] item: Life Orb
|faint|p2a: Latios
|move|p1a: RS Cleaner|Soft-Boiled|p1a: RS Cleaner
|-heal|p1a: RS Cleaner|378\/684
|
|c| RS Cleaner|predicted
|
|switch|p2a: Keldeo|Keldeo|167\/323
|-damage|p2a: Keldeo|147\/323|[from] Stealth Rock
|turn|31
|c| wish reviver|donked
|c| cosine180|sacking keldeo is possibly the worst play he couldve made...
|c| wish reviver|nah
|
|move|p2a: Keldeo|Secret Sword|p1a: RS Cleaner
|-supereffective|p1a: RS Cleaner
|-damage|p1a: RS Cleaner|0 fnt
|faint|p1a: RS Cleaner
|
|c| cosine180|other than
|join|testing tems
|c| wish reviver|free sd with sharp
|c| wish reviver|and sweep
|c| cosine180|switching around
|c| wish reviver|:^)
|c| cosine180|what if he's sub keldeo :P
|
|switch|p1a: Jake the ripper|Keldeo|323\/323
|-damage|p1a: Jake the ripper|303\/323|[from] Stealth Rock
|turn|32
|c| wish reviver|hes scarf
|c| wish reviver|u fag
|c| cosine180|sub petaya
|c| RS Cleaner|he was scarf u faglord
|c|âYouDon'tKnowMe|lolol
|c| wish reviver|cosine dont talk
|c| wish reviver|until ur good
|c| cosine180|stfu
|c| wish reviver|or halfway good
|c| wish reviver|dein gesicht
|c| cosine180|i didnt see the whole battle u nerd
|c| wish reviver|ich will dich
|
|move|p1a: Jake the ripper|Secret Sword|p2a: Keldeo
|-damage|p2a: Keldeo|0 fnt
|faint|p2a: Keldeo
|
|-heal|p1a: Jake the ripper|323\/323|[from] item: Leftovers
|c| wish reviver|jetzt und sofort
|c| wish reviver|in meinem bett
|c| wish reviver|:^)
|c| cosine180|ok
|c| cosine180|dann los
|c|âwish killer|gg
|c| wish reviver|ok
|c| wish reviver|komm her
|c|âYouDon'tKnowMe|gg
|c| wish reviver|gg bloody
|c| wish reviver|âwish killer: LOL
|c| RS Cleaner|âwish killer: LOL
|
|switch|p2a: Heatran|Heatran, M|186\/326
|-damage|p2a: Heatran|146\/326|[from] Stealth Rock
|turn|33
|c|âYouDon'tKnowMe|i learned something new today
|c| wish reviver|what did you learn
|c|âYouDon'tKnowMe|that it's called a "tour"
|c| wish reviver|âwish killer: LOL
|c| RS Cleaner|never battle wish killer
|c| RS Cleaner|?
|c| wish reviver|LOL
|c| wish reviver|LOOOOOOOL
|c| wish reviver|âwish killer: LOLâwish killer: LOLâwish killer: LOLâwish killer: LOLâwish killer: LOLâwish killer: LOL
|
|move|p1a: Jake the ripper|Secret Sword|p2a: Heatran
|-supereffective|p2a: Heatran
|-damage|p2a: Heatran|0 fnt
|faint|p2a: Heatran
|
|win|wish killer
|c| cosine180|wish killer is ez just bring gallade :^)
|c| wish reviver|ye imo
|c| cosine180|or any good team..
|c|âYouDon'tKnowMe|haha
|leave|Zenzo
|leave|wish reviver
|leave|Jamel
|leave|cosine180
|leave|YouDon'tKnowMe
|leave|Rolia
|c|âwish killer|i love gallade
|leave|testing tems
|player|p2