|join|SS Tyra-3
|join|elzy
|player|p1|SS Tyra-3|1
|player|p2|elzy|169
|gametype|singles
|gen|6
|tier|OU
|clearpoke
|poke|p1|Aerodactyl, M
|poke|p1|Azumarill, F
|poke|p1|Latias, F
|poke|p1|Breloom, F
|poke|p1|Magnezone, shiny
|poke|p1|Landorus, M
|poke|p2|Hawlucha, F
|poke|p2|Porygon2
|poke|p2|Gengar, F
|poke|p2|Metagross
|poke|p2|Venusaur, F
|poke|p2|Umbreon, F
|rule|Swagger Clause: Swagger is banned
|rule|Baton Pass Clause: Limit one PokÃ©mon knowing Baton Pass
|rule|Sleep Clause Mod: Limit one foe put to sleep
|rule|Species Clause: Limit one of each PokÃ©mon
|rule|OHKO Clause: OHKO moves are banned
|rule|Moody Clause: Moody is banned
|rule|Evasion Moves Clause: Evasion moves are banned
|rule|Endless Battle Clause: Forcing endless battles is banned
|rule|HP Percentage Mod: HP is shown in percentages
|teampreview
|c|âSS Tyra-3|suerte
|c|âelzy|igualmente 
|
|start
|switch|p1a: Ranbu no Melody|Azumarill, F|401\/401
|switch|p2a: I am fat|Venusaur, F|364\/364
|turn|1
|
|switch|p1a: Aladdin|Landorus, M|319\/319
|detailschange|p2a: I am fat|Venusaur-Mega, F
|message|Venusaur has Mega Evolved into Mega Venusaur!
|move|p2a: I am fat|Knock Off|p1a: Aladdin
|-damage|p1a: Aladdin|235\/319
|-enditem|p1a: Aladdin|Life Orb|[from] move: Knock Off|[of] p2a: I am fat
|
|turn|2
|
|switch|p2a: Umbreon|Umbreon, F|394\/394
|move|p1a: Aladdin|Stealth Rock|p2a: Umbreon
|-sidestart|p2: elzy|move: Stealth Rock
|
|turn|3
|
|switch|p1a: Bender|Magnezone, shiny|281\/281
|move|p2a: Umbreon|Toxic|p1a: Bender
|-fail|p1a: Bender
|
|turn|4
|
|switch|p2a: I am fat|Venusaur-Mega, F|364\/364
|-damage|p2a: I am fat|319\/364|[from] Stealth Rock
|move|p1a: Bender|Flash Cannon|p2a: I am fat
|-damage|p2a: I am fat|142\/364
|
|turn|5
|
|move|p1a: Bender|Flash Cannon|p2a: I am fat
|-damage|p2a: I am fat|0 fnt
|faint|p2a: I am fat
|
|
|switch|p2a: Metaweight|Metagross|364\/364
|-damage|p2a: Metaweight|342\/364|[from] Stealth Rock
|turn|6
|
|switch|p1a: Ranbu no Melody|Azumarill, F|401\/401
|move|p2a: Metaweight|Meteor Mash|p1a: Ranbu no Melody
|-damage|p1a: Ranbu no Melody|235\/401
|
|turn|7
|
|move|p2a: Metaweight|Meteor Mash|p1a: Ranbu no Melody
|-damage|p1a: Ranbu no Melody|70\/401
|move|p1a: Ranbu no Melody|Knock Off|p2a: Metaweight
|-supereffective|p2a: Metaweight
|-damage|p2a: Metaweight|182\/364
|-enditem|p2a: Metaweight|Sitrus Berry|[from] move: Knock Off|[of] p1a: Ranbu no Melody
|
|turn|8
|
|switch|p1a: Bender|Magnezone, shiny|281\/281
|move|p2a: Metaweight|Bullet Punch|p1a: Bender
|-resisted|p1a: Bender
|-damage|p1a: Bender|268\/281
|
|turn|9
|
|move|p1a: Bender|Volt Switch|p2a: Metaweight
|-damage|p2a: Metaweight|0 fnt
|faint|p2a: Metaweight
|
|switch|p1a: Ranbu no Melody|Azumarill, F|70\/401
|
|
|switch|p2a: Trollygon2|Porygon2|374\/374
|-damage|p2a: Trollygon2|328\/374|[from] Stealth Rock
|-boost|p2a: Trollygon2|atk|1|[from] ability: Download
|turn|10
|
|switch|p1a: Aladdin|Landorus, M|235\/319
|move|p2a: Trollygon2|Thunderbolt|p1a: Aladdin
|-immune|p1a: Aladdin|[msg]
|
|turn|11
|
|move|p1a: Aladdin|Earth Power|p2a: Trollygon2
|-damage|p2a: Trollygon2|198\/374
|move|p2a: Trollygon2|Ice Beam|p1a: Aladdin
|-supereffective|p1a: Aladdin
|-damage|p1a: Aladdin|0 fnt
|faint|p1a: Aladdin
|
|
|switch|p1a: Amanita|Breloom, F|261\/261
|turn|12
|
|switch|p2a: Don risas|Gengar, F|262\/262
|-damage|p2a: Don risas|230\/262|[from] Stealth Rock
|move|p1a: Amanita|Spore|p2a: Don risas
|-status|p2a: Don risas|slp
|
|turn|13
|
|switch|p2a: Mr.crujidor|Hawlucha, F|298\/298
|-damage|p2a: Mr.crujidor|261\/298|[from] Stealth Rock
|move|p1a: Amanita|Rock Tomb|p2a: Mr.crujidor
|-crit|p2a: Mr.crujidor
|-damage|p2a: Mr.crujidor|40\/298
|-unboost|p2a: Mr.crujidor|spe|1
|
|turn|14
|
|move|p2a: Mr.crujidor|Acrobatics|p1a: Amanita
|-supereffective|p1a: Amanita
|-enditem|p1a: Amanita|Focus Sash
|-damage|p1a: Amanita|1\/261
|move|p1a: Amanita|Bullet Seed|p2a: Mr.crujidor
|-resisted|p2a: Mr.crujidor
|-damage|p2a: Mr.crujidor|0 fnt
|-hitcount|p2a: Mr.crujidor|1
|faint|p2a: Mr.crujidor
|
|
|switch|p2a: Umbreon|Umbreon, F|394\/394
|-damage|p2a: Umbreon|345\/394|[from] Stealth Rock
|turn|15
|
|move|p1a: Amanita|Bullet Seed|p2a: Umbreon
|-damage|p2a: Umbreon|290\/394
|-damage|p2a: Umbreon|232\/394
|-damage|p2a: Umbreon|175\/394
|-hitcount|p2a: Umbreon|3
|move|p2a: Umbreon|Heal Bell|p2a: Umbreon
|-cureteam|p2a: Umbreon|[from] move: HealBell
|
|-heal|p2a: Umbreon|199\/394|[from] item: Leftovers
|turn|16
|
|move|p1a: Amanita|Spore|p2a: Umbreon
|-status|p2a: Umbreon|slp
|cant|p2a: Umbreon|slp
|
|-heal|p2a: Umbreon|223\/394 slp|[from] item: Leftovers
|turn|17
|
|move|p1a: Amanita|Bullet Seed|p2a: Umbreon
|-damage|p2a: Umbreon|168\/394 slp
|-damage|p2a: Umbreon|111\/394 slp
|-damage|p2a: Umbreon|56\/394 slp
|-damage|p2a: Umbreon|0 fnt
|-hitcount|p2a: Umbreon|4
|faint|p2a: Umbreon
|
|
|switch|p2a: Don risas|Gengar, F|230\/262
|-damage|p2a: Don risas|198\/262|[from] Stealth Rock
|turn|18
|
|move|p2a: Don risas|Shadow Ball|p1a: Amanita
|-damage|p1a: Amanita|0 fnt
|-damage|p2a: Don risas|172\/262|[from] item: Life Orb
|faint|p1a: Amanita
|
|
|switch|p1a: Amaimon|Aerodactyl, M|305\/305
|turn|19
|
|detailschange|p1a: Amaimon|Aerodactyl-Mega, M
|message|Aerodactyl has Mega Evolved into Mega Aerodactyl!
|move|p1a: Amaimon|Crunch|p2a: Don risas
|-supereffective|p2a: Don risas
|-damage|p2a: Don risas|0 fnt
|faint|p2a: Don risas
|
|
|switch|p2a: Trollygon2|Porygon2|198\/374
|-damage|p2a: Trollygon2|152\/374|[from] Stealth Rock
|-boost|p2a: Trollygon2|atk|1|[from] ability: Download
|turn|20
|c|âSS Tyra-3|sabes donde hay que poner el resultado en el foro?
|
|move|p1a: Amaimon|Aerial Ace|p2a: Trollygon2
|-damage|p2a: Trollygon2|37\/374
|move|p2a: Trollygon2|Recover|p2a: Trollygon2
|-heal|p2a: Trollygon2|224\/374
|
|turn|21
|
|move|p1a: Amaimon|Stone Edge|p2a: Trollygon2
|-damage|p2a: Trollygon2|85\/374
|move|p2a: Trollygon2|Recover|p2a: Trollygon2
|-heal|p2a: Trollygon2|272\/374
|
|turn|22
|c|âelzy|en el tema de la ronda
|
|switch|p1a: Bender|Magnezone, shiny|268\/281
|move|p2a: Trollygon2|Recover|p2a: Trollygon2
|-heal|p2a: Trollygon2|374\/374
|
|turn|23
|c|âSS Tyra-3|ok
|
|move|p1a: Bender|Thunderbolt|p2a: Trollygon2
|-damage|p2a: Trollygon2|211\/374
|move|p2a: Trollygon2|Thunderbolt|p1a: Bender
|-resisted|p1a: Bender
|-damage|p1a: Bender|217\/281
|
|turn|24
|
|move|p1a: Bender|Thunderbolt|p2a: Trollygon2
|-damage|p2a: Trollygon2|40\/374
|move|p2a: Trollygon2|Recover|p2a: Trollygon2
|-heal|p2a: Trollygon2|227\/374
|
|turn|25
|
|move|p1a: Bender|Thunderbolt|p2a: Trollygon2
|-damage|p2a: Trollygon2|67\/374
|move|p2a: Trollygon2|Recover|p2a: Trollygon2
|-heal|p2a: Trollygon2|254\/374
|
|turn|26
|
|move|p1a: Bender|Thunderbolt|p2a: Trollygon2
|-damage|p2a: Trollygon2|74\/374
|move|p2a: Trollygon2|Recover|p2a: Trollygon2
|-heal|p2a: Trollygon2|261\/374
|
|turn|27
|
|move|p1a: Bender|Thunderbolt|p2a: Trollygon2
|-damage|p2a: Trollygon2|77\/374
|move|p2a: Trollygon2|Recover|p2a: Trollygon2
|-heal|p2a: Trollygon2|264\/374
|
|turn|28
|
|move|p1a: Bender|Thunderbolt|p2a: Trollygon2
|-damage|p2a: Trollygon2|101\/374
|move|p2a: Trollygon2|Recover|p2a: Trollygon2
|-heal|p2a: Trollygon2|288\/374
|
|turn|29
|
|move|p1a: Bender|Thunderbolt|p2a: Trollygon2
|-damage|p2a: Trollygon2|104\/374
|-status|p2a: Trollygon2|par
|move|p2a: Trollygon2|Recover|p2a: Trollygon2
|-heal|p2a: Trollygon2|291\/374 par
|
|turn|30
|
|move|p1a: Bender|Thunderbolt|p2a: Trollygon2
|-damage|p2a: Trollygon2|131\/374 par
|move|p2a: Trollygon2|Recover|p2a: Trollygon2
|-heal|p2a: Trollygon2|318\/374 par
|
|turn|31
|
|move|p1a: Bender|Thunderbolt|p2a: Trollygon2
|-crit|p2a: Trollygon2
|-damage|p2a: Trollygon2|48\/374 par
|move|p2a: Trollygon2|Recover|p2a: Trollygon2
|-heal|p2a: Trollygon2|235\/374 par
|
|turn|32
|
|move|p1a: Bender|Thunderbolt|p2a: Trollygon2
|-crit|p2a: Trollygon2
|-damage|p2a: Trollygon2|0 fnt
|faint|p2a: Trollygon2
|
|win|SS Tyra-3
|c|âSS Tyra-3|gg
|c|âelzy|gg