|join|ShaneH
|join|elzy
|player|p1|ShaneH|164
|player|p2|elzy|2
|gametype|singles
|gen|6
|tier|OU
|rated
|clearpoke
|poke|p1|Banette, F, shiny
|poke|p1|Chesnaught, F
|poke|p1|Garchomp, F
|poke|p1|Greninja, F
|poke|p1|Skarmory, M
|poke|p1|Talonflame, F
|poke|p2|Ambipom, F
|poke|p2|Scizor, F, shiny
|poke|p2|Noivern, F, shiny
|poke|p2|Umbreon, M, shiny
|poke|p2|Venusaur, M
|poke|p2|Alomomola, M
|rule|Swagger Clause: Swagger is banned
|rule|Baton Pass Clause: Limit one PokÃ©mon knowing Baton Pass
|rule|Sleep Clause Mod: Limit one foe put to sleep
|rule|Species Clause: Limit one of each PokÃ©mon
|rule|OHKO Clause: OHKO moves are banned
|rule|Moody Clause: Moody is banned
|rule|Evasion Moves Clause: Evasion moves are banned
|rule|Endless Battle Clause: Forcing endless battles is banned
|rule|HP Percentage Mod: HP is shown in percentages
|teampreview
|
|start
|switch|p1a: Banette|Banette, F, shiny|332\/332
|switch|p2a: Noivern|Noivern, F, shiny|311\/311
|turn|1
|
|detailschange|p1a: Banette|Banette-Mega, F, shiny
|message|Banette has Mega Evolved into Mega Banette!
|move|p2a: Noivern|Draco Meteor|p1a: Banette
|-damage|p1a: Banette|28\/332
|-unboost|p2a: Noivern|spa|2
|move|p1a: Banette|Confuse Ray|p2a: Noivern
|-start|p2a: Noivern|confusion
|
|turn|2
|
|switch|p2a: Venusaur|Venusaur, M|364\/364
|move|p1a: Banette|Will-O-Wisp|p2a: Venusaur
|-status|p2a: Venusaur|brn
|
|-damage|p2a: Venusaur|319\/364 brn|[from] brn
|turn|3
|
|detailschange|p2a: Venusaur|Venusaur-Mega, M
|message|Venusaur has Mega Evolved into Mega Venusaur!
|move|p1a: Banette|Confuse Ray|p2a: Venusaur
|-start|p2a: Venusaur|confusion
|-activate|p2a: Venusaur|confusion
|move|p2a: Venusaur|Leech Seed|p1a: Banette
|-start|p1a: Banette|move: Leech Seed
|
|-damage|p1a: Banette|0 fnt|[from] Leech Seed|[of] p2a: Venusaur
|-heal|p2a: Venusaur|347\/364 brn|[silent]
|-damage|p2a: Venusaur|302\/364 brn|[from] brn
|faint|p1a: Banette
|
|switch|p1a: Chesnaught|Chesnaught, F|380\/380
|turn|4
|
|-activate|p2a: Venusaur|confusion
|-damage|p2a: Venusaur|290\/364 brn|[from] confusion
|move|p1a: Chesnaught|Poison Jab|p2a: Venusaur
|-damage|p2a: Venusaur|236\/364 brn
|
|-damage|p2a: Venusaur|191\/364 brn|[from] brn
|turn|5
|
|switch|p1a: Skarmory|Skarmory, M|334\/334
|-end|p2a: Venusaur|confusion
|move|p2a: Venusaur|Synthesis|p2a: Venusaur
|-heal|p2a: Venusaur|364\/364 brn
|
|-damage|p2a: Venusaur|319\/364 brn|[from] brn
|turn|6
|
|switch|p2a: Noivern|Noivern, F, shiny|311\/311
|move|p1a: Skarmory|Spikes|p2a: Noivern
|-sidestart|p2: elzy|Spikes
|
|turn|7
|
|switch|p1a: Garchomp|Garchomp, F|420\/420
|move|p2a: Noivern|Flamethrower|p1a: Garchomp
|-resisted|p1a: Garchomp
|-damage|p1a: Garchomp|347\/420
|-status|p1a: Garchomp|brn
|
|-damage|p1a: Garchomp|295\/420 brn|[from] brn
|turn|8
|
|switch|p2a: Venusaur|Venusaur-Mega, M|319\/364 brn
|-damage|p2a: Venusaur|274\/364 brn|[from] Spikes
|move|p1a: Garchomp|Draco Meteor|p2a: Venusaur
|-damage|p2a: Venusaur|142\/364 brn
|-unboost|p1a: Garchomp|spa|2
|
|-damage|p1a: Garchomp|243\/420 brn|[from] brn
|-damage|p2a: Venusaur|97\/364 brn|[from] brn
|turn|9
|
|move|p1a: Garchomp|Stealth Rock|p2a: Venusaur
|-sidestart|p2: elzy|move: Stealth Rock
|move|p2a: Venusaur|Synthesis|p2a: Venusaur
|-heal|p2a: Venusaur|279\/364 brn
|
|-damage|p1a: Garchomp|191\/420 brn|[from] brn
|-damage|p2a: Venusaur|234\/364 brn|[from] brn
|turn|10
|
|switch|p1a: Skarmory|Skarmory, M|334\/334
|move|p2a: Venusaur|Giga Drain|p1a: Skarmory
|-resisted|p1a: Skarmory
|-damage|p1a: Skarmory|310\/334
|-heal|p2a: Venusaur|246\/364 brn|[from] drain|[of] p1a: Skarmory
|
|-heal|p1a: Skarmory|330\/334|[from] item: Leftovers
|-damage|p2a: Venusaur|201\/364 brn|[from] brn
|turn|11
|
|move|p2a: Venusaur|Leech Seed|p1a: Skarmory
|-start|p1a: Skarmory|move: Leech Seed
|move|p1a: Skarmory|Spikes|p2a: Venusaur
|-sidestart|p2: elzy|Spikes
|
|-heal|p1a: Skarmory|334\/334|[from] item: Leftovers
|-damage|p1a: Skarmory|293\/334|[from] Leech Seed|[of] p2a: Venusaur
|-heal|p2a: Venusaur|242\/364 brn|[silent]
|-damage|p2a: Venusaur|197\/364 brn|[from] brn
|turn|12
|
|switch|p2a: Noivern|Noivern, F, shiny|311\/311
|-damage|p2a: Noivern|234\/311|[from] Stealth Rock
|move|p1a: Skarmory|Brave Bird|p2a: Noivern
|-damage|p2a: Noivern|104\/311
|-damage|p1a: Skarmory|250\/334|[from] recoil|[of] p2a: Noivern
|
|-heal|p1a: Skarmory|270\/334|[from] item: Leftovers
|-damage|p1a: Skarmory|229\/334|[from] Leech Seed|[of] p2a: Noivern
|-heal|p2a: Noivern|145\/311|[silent]
|turn|13
|
|move|p2a: Noivern|Draco Meteor|p1a: Skarmory
|-resisted|p1a: Skarmory
|-damage|p1a: Skarmory|109\/334
|-unboost|p2a: Noivern|spa|2
|move|p1a: Skarmory|Brave Bird|p2a: Noivern
|-damage|p2a: Noivern|4\/311
|-damage|p1a: Skarmory|62\/334|[from] recoil|[of] p2a: Noivern
|
|-heal|p1a: Skarmory|82\/334|[from] item: Leftovers
|-damage|p1a: Skarmory|41\/334|[from] Leech Seed|[of] p2a: Noivern
|-heal|p2a: Noivern|45\/311|[silent]
|turn|14
|
|move|p2a: Noivern|Draco Meteor|p1a: Skarmory
|-resisted|p1a: Skarmory
|-damage|p1a: Skarmory|0 fnt
|-unboost|p2a: Noivern|spa|2
|faint|p1a: Skarmory
|
|
|switch|p1a: Talonflame|Talonflame, F|297\/297
|turn|15
|
|move|p1a: Talonflame|Acrobatics|p2a: Noivern
|-crit|p2a: Noivern
|-damage|p2a: Noivern|0 fnt
|faint|p2a: Noivern
|
|
|switch|p2a: Ambipom|Ambipom, F|291\/291
|-damage|p2a: Ambipom|255\/291|[from] Stealth Rock
|-damage|p2a: Ambipom|207\/291|[from] Spikes
|turn|16
|
|move|p2a: Ambipom|Fake Out|p1a: Talonflame
|-damage|p1a: Talonflame|145\/297
|-damage|p2a: Ambipom|178\/291|[from] item: Life Orb
|cant|p1a: Talonflame|flinch
|
|turn|17
|
|switch|p2a: Alomomola|Alomomola, M|534\/534
|-damage|p2a: Alomomola|468\/534|[from] Stealth Rock
|-damage|p2a: Alomomola|379\/534|[from] Spikes
|move|p1a: Talonflame|Acrobatics|p2a: Alomomola
|-damage|p2a: Alomomola|235\/534
|
|-heal|p2a: Alomomola|268\/534|[from] item: Leftovers
|turn|18
|
|move|p2a: Alomomola|Protect|p2a: Alomomola
|-singleturn|p2a: Alomomola|Protect
|move|p1a: Talonflame|U-turn|p2a: Alomomola
|-activate|p2a: Alomomola|Protect
|
|-heal|p2a: Alomomola|301\/534|[from] item: Leftovers
|turn|19
|
|move|p1a: Talonflame|U-turn|p2a: Alomomola
|-damage|p2a: Alomomola|235\/534
|
|switch|p1a: Garchomp|Garchomp, F|191\/420 brn
|move|p2a: Alomomola|Wish|p2a: Alomomola
|
|-heal|p2a: Alomomola|268\/534|[from] item: Leftovers
|-damage|p1a: Garchomp|139\/420 brn|[from] brn
|turn|20
|
|move|p1a: Garchomp|Rest|p1a: Garchomp
|-status|p1a: Garchomp|slp
|-heal|p1a: Garchomp|420\/420 slp|[silent]
|-status|p1a: Garchomp|slp|[from] move: Rest
|move|p2a: Alomomola|Scald|p1a: Garchomp
|-damage|p1a: Garchomp|368\/420 slp
|
|-heal|p2a: Alomomola|534\/534|[from] move: Wish|[wisher] Alomomola
|turn|21
|
|switch|p1a: Chesnaught|Chesnaught, F|380\/380
|move|p2a: Alomomola|Wish|p2a: Alomomola
|
|turn|22
|
|move|p2a: Alomomola|Toxic|p1a: Chesnaught
|-status|p1a: Chesnaught|tox
|move|p1a: Chesnaught|Hammer Arm|p2a: Alomomola
|-damage|p2a: Alomomola|410\/534
|-unboost|p1a: Chesnaught|spe|1
|
|-heal|p2a: Alomomola|534\/534|[from] move: Wish|[wisher] Alomomola
|-damage|p1a: Chesnaught|357\/380 tox|[from] psn
|turn|23
|
|move|p2a: Alomomola|Scald|p1a: Chesnaught
|-resisted|p1a: Chesnaught
|-damage|p1a: Chesnaught|340\/380 tox
|move|p1a: Chesnaught|Wood Hammer|p2a: Alomomola
|-supereffective|p2a: Alomomola
|-damage|p2a: Alomomola|238\/534
|-damage|p1a: Chesnaught|242\/380 tox|[from] recoil|[of] p2a: Alomomola
|
|-heal|p2a: Alomomola|271\/534|[from] item: Leftovers
|-damage|p1a: Chesnaught|196\/380 tox|[from] psn
|turn|24
|
|move|p2a: Alomomola|Protect|p2a: Alomomola
|-singleturn|p2a: Alomomola|Protect
|move|p1a: Chesnaught|Wood Hammer|p2a: Alomomola
|-activate|p2a: Alomomola|Protect
|
|-heal|p2a: Alomomola|304\/534|[from] item: Leftovers
|-damage|p1a: Chesnaught|127\/380 tox|[from] psn
|turn|25
|
|switch|p2a: Scizor|Scizor, F, shiny|281\/281
|-damage|p2a: Scizor|246\/281|[from] Stealth Rock
|-damage|p2a: Scizor|200\/281|[from] Spikes
|move|p1a: Chesnaught|Wood Hammer|p2a: Scizor
|-resisted|p2a: Scizor
|-damage|p2a: Scizor|162\/281
|-damage|p1a: Chesnaught|114\/380 tox|[from] recoil|[of] p2a: Scizor
|
|-damage|p1a: Chesnaught|22\/380 tox|[from] psn
|turn|26
|
|move|p2a: Scizor|Bullet Punch|p1a: Chesnaught
|-damage|p1a: Chesnaught|0 fnt
|faint|p1a: Chesnaught
|
|
|switch|p1a: Garchomp|Garchomp, F|368\/420 slp
|turn|27
|
|switch|p2a: Venusaur|Venusaur-Mega, M|197\/364 brn
|-damage|p2a: Venusaur|137\/364 brn|[from] Spikes
|-damage|p2a: Venusaur|92\/364 brn|[from] Stealth Rock
|cant|p1a: Garchomp|slp
|
|-damage|p2a: Venusaur|47\/364 brn|[from] brn
|turn|28
|
|cant|p1a: Garchomp|slp
|move|p2a: Venusaur|Giga Drain|p1a: Garchomp
|-damage|p1a: Garchomp|244\/420 slp
|-heal|p2a: Venusaur|109\/364 brn|[from] drain|[of] p1a: Garchomp
|
|-damage|p2a: Venusaur|64\/364 brn|[from] brn
|turn|29
|
|-curestatus|p1a: Garchomp|slp
|move|p1a: Garchomp|Earth Power|p2a: Venusaur
|-damage|p2a: Venusaur|0 fnt
|faint|p2a: Venusaur
|
|
|switch|p2a: Umbreon|Umbreon, M, shiny|394\/394
|-damage|p2a: Umbreon|345\/394|[from] Stealth Rock
|-damage|p2a: Umbreon|280\/394|[from] Spikes
|turn|30
|
|move|p1a: Garchomp|Earth Power|p2a: Umbreon
|-damage|p2a: Umbreon|192\/394
|-enditem|p2a: Umbreon|Sitrus Berry|[eat]
|-heal|p2a: Umbreon|290\/394|[from] item: Sitrus Berry
|move|p2a: Umbreon|Confuse Ray|p1a: Garchomp
|-start|p1a: Garchomp|confusion
|
|turn|31
|
|-activate|p1a: Garchomp|confusion
|move|p1a: Garchomp|Draco Meteor|p2a: Umbreon
|-damage|p2a: Umbreon|170\/394
|-unboost|p1a: Garchomp|spa|2
|move|p2a: Umbreon|Foul Play|p1a: Garchomp
|-damage|p1a: Garchomp|109\/420
|-damage|p2a: Umbreon|121\/394|[from] ability: Rough Skin|[of] p1a: Garchomp
|-damage|p2a: Umbreon|56\/394|[from] item: Rocky Helmet|[of] p1a: Garchomp
|
|turn|32
|
|-activate|p1a: Garchomp|confusion
|move|p1a: Garchomp|Rest|p1a: Garchomp
|-status|p1a: Garchomp|slp
|-heal|p1a: Garchomp|420\/420 slp|[silent]
|-status|p1a: Garchomp|slp|[from] move: Rest
|move|p2a: Umbreon|Moonlight|p2a: Umbreon
|-heal|p2a: Umbreon|253\/394
|
|turn|33
|
|cant|p1a: Garchomp|slp
|move|p2a: Umbreon|Confuse Ray|p1a: Garchomp
|-fail|p1a: Garchomp
|
|turn|34
|
|cant|p1a: Garchomp|slp
|move|p2a: Umbreon|Moonlight|p2a: Umbreon
|-heal|p2a: Umbreon|394\/394
|
|turn|35
|
|-curestatus|p1a: Garchomp|slp
|-end|p1a: Garchomp|confusion
|move|p1a: Garchomp|Earth Power|p2a: Umbreon
|-damage|p2a: Umbreon|355\/394
|move|p2a: Umbreon|Foul Play|p1a: Garchomp
|-damage|p1a: Garchomp|285\/420
|-damage|p2a: Umbreon|306\/394|[from] ability: Rough Skin|[of] p1a: Garchomp
|-damage|p2a: Umbreon|241\/394|[from] item: Rocky Helmet|[of] p1a: Garchomp
|
|turn|36
|
|move|p1a: Garchomp|Earth Power|p2a: Umbreon
|-damage|p2a: Umbreon|202\/394
|move|p2a: Umbreon|Confuse Ray|p1a: Garchomp
|-start|p1a: Garchomp|confusion
|
|turn|37
|
|switch|p1a: Greninja|Greninja, F|286\/286
|move|p2a: Umbreon|Moonlight|p2a: Umbreon
|-heal|p2a: Umbreon|394\/394
|
|turn|38
|
|move|p1a: Greninja|U-turn|p2a: Umbreon
|-start|p1a: Greninja|typechange|Bug|[from] Protean
|-supereffective|p2a: Umbreon
|-damage|p2a: Umbreon|238\/394
|-damage|p1a: Greninja|258\/286|[from] item: Life Orb
|
|switch|p1a: Talonflame|Talonflame, F|145\/297
|move|p2a: Umbreon|Confuse Ray|p1a: Talonflame
|-start|p1a: Talonflame|confusion
|
|turn|39
|
|switch|p1a: Garchomp|Garchomp, F|285\/420
|move|p2a: Umbreon|Foul Play|p1a: Garchomp
|-damage|p1a: Garchomp|158\/420
|-damage|p2a: Umbreon|189\/394|[from] ability: Rough Skin|[of] p1a: Garchomp
|-damage|p2a: Umbreon|124\/394|[from] item: Rocky Helmet|[of] p1a: Garchomp
|
|turn|40
|
|move|p1a: Garchomp|Earth Power|p2a: Umbreon
|-damage|p2a: Umbreon|37\/394
|move|p2a: Umbreon|Moonlight|p2a: Umbreon
|-heal|p2a: Umbreon|234\/394
|
|turn|41
|
|move|p1a: Garchomp|Earth Power|p2a: Umbreon
|-damage|p2a: Umbreon|149\/394
|move|p2a: Umbreon|Confuse Ray|p1a: Garchomp
|-start|p1a: Garchomp|confusion
|
|turn|42
|
|switch|p1a: Greninja|Greninja, F|258\/286
|move|p2a: Umbreon|Foul Play|p1a: Greninja
|-resisted|p1a: Greninja
|-damage|p1a: Greninja|196\/286
|
|turn|43
|
|move|p1a: Greninja|U-turn|p2a: Umbreon
|-start|p1a: Greninja|typechange|Bug|[from] Protean
|-supereffective|p2a: Umbreon
|-damage|p2a: Umbreon|9\/394
|-damage|p1a: Greninja|168\/286|[from] item: Life Orb
|
|switch|p1a: Garchomp|Garchomp, F|158\/420
|move|p2a: Umbreon|Moonlight|p2a: Umbreon
|-heal|p2a: Umbreon|206\/394
|
|turn|44
|
|move|p1a: Garchomp|Earth Power|p2a: Umbreon
|-damage|p2a: Umbreon|130\/394
|move|p2a: Umbreon|Confuse Ray|p1a: Garchomp
|-start|p1a: Garchomp|confusion
|
|turn|45
|
|switch|p1a: Greninja|Greninja, F|168\/286
|move|p2a: Umbreon|Moonlight|p2a: Umbreon
|-heal|p2a: Umbreon|327\/394
|
|turn|46
|
|move|p1a: Greninja|Scald|p2a: Umbreon
|-start|p1a: Greninja|typechange|Water|[from] Protean
|-damage|p2a: Umbreon|228\/394
|-status|p2a: Umbreon|brn
|-status|p1a: Greninja|brn
|-damage|p1a: Greninja|140\/286 brn|[from] item: Life Orb
|move|p2a: Umbreon|Confuse Ray|p1a: Greninja
|-start|p1a: Greninja|confusion
|
|-damage|p1a: Greninja|105\/286 brn|[from] brn
|-damage|p2a: Umbreon|179\/394 brn|[from] brn
|turn|47
|
|switch|p1a: Garchomp|Garchomp, F|158\/420
|move|p2a: Umbreon|Heal Bell|p2a: Umbreon
|-cureteam|p2a: Umbreon|[from] move: HealBell
|
|turn|48
|
|move|p1a: Garchomp|Earth Power|p2a: Umbreon
|-damage|p2a: Umbreon|92\/394
|move|p2a: Umbreon|Moonlight|p2a: Umbreon
|-heal|p2a: Umbreon|289\/394
|
|turn|49
|
|move|p1a: Garchomp|Draco Meteor|p2a: Umbreon
|-damage|p2a: Umbreon|171\/394
|-unboost|p1a: Garchomp|spa|2
|move|p2a: Umbreon|Confuse Ray|p1a: Garchomp
|-start|p1a: Garchomp|confusion
|
|turn|50
|
|switch|p1a: Greninja|Greninja, F|105\/286 brn
|move|p2a: Umbreon|Foul Play|p1a: Greninja
|-crit|p1a: Greninja
|-resisted|p1a: Greninja
|-damage|p1a: Greninja|0 fnt
|faint|p1a: Greninja
|
|
|switch|p1a: Talonflame|Talonflame, F|145\/297
|turn|51
|
|move|p1a: Talonflame|U-turn|p2a: Umbreon
|-supereffective|p2a: Umbreon
|-damage|p2a: Umbreon|63\/394
|
|switch|p1a: Garchomp|Garchomp, F|158\/420
|move|p2a: Umbreon|Moonlight|p2a: Umbreon
|-heal|p2a: Umbreon|260\/394
|
|turn|52
|
|move|p1a: Garchomp|Draco Meteor|p2a: Umbreon
|-damage|p2a: Umbreon|146\/394
|-unboost|p1a: Garchomp|spa|2
|move|p2a: Umbreon|Confuse Ray|p1a: Garchomp
|-start|p1a: Garchomp|confusion
|
|turn|53
|
|-activate|p1a: Garchomp|confusion
|move|p1a: Garchomp|Rest|p1a: Garchomp
|-status|p1a: Garchomp|slp
|-heal|p1a: Garchomp|420\/420 slp|[silent]
|-status|p1a: Garchomp|slp|[from] move: Rest
|move|p2a: Umbreon|Foul Play|p1a: Garchomp
|-damage|p1a: Garchomp|287\/420 slp
|-damage|p2a: Umbreon|97\/394|[from] ability: Rough Skin|[of] p1a: Garchomp
|-damage|p2a: Umbreon|32\/394|[from] item: Rocky Helmet|[of] p1a: Garchomp
|
|turn|54
|
|cant|p1a: Garchomp|slp
|move|p2a: Umbreon|Foul Play|p1a: Garchomp
|-damage|p1a: Garchomp|157\/420 slp
|-damage|p2a: Umbreon|0 fnt|[from] ability: Rough Skin|[of] p1a: Garchomp
|faint|p2a: Umbreon
|
|
|switch|p2a: Ambipom|Ambipom, F|178\/291
|-damage|p2a: Ambipom|130\/291|[from] Spikes
|-damage|p2a: Ambipom|94\/291|[from] Stealth Rock
|turn|55
|
|move|p2a: Ambipom|Fake Out|p1a: Garchomp
|-damage|p1a: Garchomp|40\/420 slp
|-damage|p2a: Ambipom|58\/291|[from] ability: Rough Skin|[of] p1a: Garchomp
|-damage|p2a: Ambipom|10\/291|[from] item: Rocky Helmet|[of] p1a: Garchomp
|-damage|p2a: Ambipom|0 fnt|[from] item: Life Orb
|faint|p2a: Ambipom
|cant|p1a: Garchomp|slp
|
|
|switch|p2a: Scizor|Scizor, F, shiny|162\/281
|-damage|p2a: Scizor|127\/281|[from] Stealth Rock
|-damage|p2a: Scizor|81\/281|[from] Spikes
|turn|56
|
|move|p2a: Scizor|Bullet Punch|p1a: Garchomp
|-damage|p1a: Garchomp|0 fnt
|-damage|p2a: Scizor|46\/281|[from] ability: Rough Skin|[of] p1a: Garchomp
|-damage|p2a: Scizor|0 fnt|[from] item: Rocky Helmet|[of] p1a: Garchomp
|faint|p2a: Scizor
|faint|p1a: Garchomp
|
|
|switch|p1a: Talonflame|Talonflame, F|145\/297
|switch|p2a: Alomomola|Alomomola, M|482\/534
|-damage|p2a: Alomomola|416\/534|[from] Stealth Rock
|-damage|p2a: Alomomola|327\/534|[from] Spikes
|turn|57
|
|move|p2a: Alomomola|Protect|p2a: Alomomola
|-singleturn|p2a: Alomomola|Protect
|move|p1a: Talonflame|Roost|p1a: Talonflame
|-heal|p1a: Talonflame|294\/297
|
|-heal|p2a: Alomomola|360\/534|[from] item: Leftovers
|turn|58
|
|move|p1a: Talonflame|Acrobatics|p2a: Alomomola
|-damage|p2a: Alomomola|209\/534
|move|p2a: Alomomola|Toxic|p1a: Talonflame
|-status|p1a: Talonflame|tox
|
|-heal|p2a: Alomomola|242\/534|[from] item: Leftovers
|-damage|p1a: Talonflame|276\/297 tox|[from] psn
|turn|59
|
|move|p2a: Alomomola|Protect|p2a: Alomomola
|-singleturn|p2a: Alomomola|Protect
|move|p1a: Talonflame|Roost|p1a: Talonflame
|-heal|p1a: Talonflame|297\/297 tox
|
|-heal|p2a: Alomomola|275\/534|[from] item: Leftovers
|-damage|p1a: Talonflame|261\/297 tox|[from] psn
|turn|60
|
|move|p1a: Talonflame|Acrobatics|p2a: Alomomola
|-damage|p2a: Alomomola|122\/534
|move|p2a: Alomomola|Wish|p2a: Alomomola
|
|-heal|p2a: Alomomola|155\/534|[from] item: Leftovers
|-damage|p1a: Talonflame|207\/297 tox|[from] psn
|turn|61
|
|move|p2a: Alomomola|Protect|p2a: Alomomola
|-singleturn|p2a: Alomomola|Protect
|move|p1a: Talonflame|Acrobatics|p2a: Alomomola
|-activate|p2a: Alomomola|Protect
|
|-heal|p2a: Alomomola|422\/534|[from] move: Wish|[wisher] Alomomola
|-heal|p2a: Alomomola|455\/534|[from] item: Leftovers
|-damage|p1a: Talonflame|135\/297 tox|[from] psn
|turn|62
|
|move|p1a: Talonflame|Flare Blitz|p2a: Alomomola
|-resisted|p2a: Alomomola
|-damage|p2a: Alomomola|371\/534
|-damage|p1a: Talonflame|107\/297 tox|[from] recoil|[of] p2a: Alomomola
|move|p2a: Alomomola|Scald|p1a: Talonflame
|-supereffective|p1a: Talonflame
|-damage|p1a: Talonflame|0 fnt
|faint|p1a: Talonflame
|
|win|elzy
|raw|Ladder updating...
|raw|ShaneH's rating: 1342 &rarr; <strong>1320<\/strong><br \/>(-22 for losing)
|raw|elzy's rating: 1304 &rarr; <strong>1327<\/strong><br \/>(+23 for winning)
|leave|ShaneH
|player|p1