|join|KelK3
|join|elzy
|player|p1|KelK3|29
|player|p2|elzy|102
|gametype|singles
|gen|6
|tier|OU
|rated
|clearpoke
|poke|p1|Bouffalant, M
|poke|p1|Clefable, F, shiny
|poke|p1|Breloom, M
|poke|p1|Thundurus, M, shiny
|poke|p1|Scizor, M
|poke|p1|Quagsire, F
|poke|p2|Hawlucha, M
|poke|p2|Porygon2
|poke|p2|Gengar, F
|poke|p2|Metagross
|poke|p2|Venusaur, F
|poke|p2|Umbreon, M
|rule|Swagger Clause: Swagger is banned
|rule|Baton Pass Clause: Limit one PokÃ©mon knowing Baton Pass
|rule|Sleep Clause Mod: Limit one foe put to sleep
|rule|Species Clause: Limit one of each PokÃ©mon
|rule|OHKO Clause: OHKO moves are banned
|rule|Moody Clause: Moody is banned
|rule|Evasion Moves Clause: Evasion moves are banned
|rule|Endless Battle Clause: Forcing endless battles is banned
|rule|HP Percentage Mod: HP is shown in percentages
|teampreview
|
|start
|switch|p1a: Sinbad|Thundurus, M, shiny|298\/298
|switch|p2a: Don risas|Gengar, F|262\/262
|turn|1
|
|switch|p1a: Lambo|Bouffalant, M|374\/374
|switch|p2a: Umbreon|Umbreon, M|394\/394
|
|turn|2
|
|move|p1a: Lambo|Superpower|p2a: Umbreon
|-supereffective|p2a: Umbreon
|-damage|p2a: Umbreon|182\/394
|-unboost|p1a: Lambo|atk|1
|-unboost|p1a: Lambo|def|1
|move|p2a: Umbreon|Foul Play|p1a: Lambo
|-crit|p1a: Lambo
|-damage|p1a: Lambo|0 fnt
|faint|p1a: Lambo
|
|-heal|p2a: Umbreon|206\/394|[from] item: Leftovers
|
|switch|p1a: Up|Breloom, M|323\/323
|turn|3
|
|switch|p1a: Sinbad|Thundurus, M, shiny|298\/298
|switch|p2a: I am fat|Venusaur, F|364\/364
|
|turn|4
|
|detailschange|p2a: I am fat|Venusaur-Mega, F
|message|Venusaur has Mega Evolved into Mega Venusaur!
|move|p1a: Sinbad|Hidden Power|p2a: I am fat
|-supereffective|p2a: I am fat
|-damage|p2a: I am fat|177\/364
|-damage|p1a: Sinbad|269\/298|[from] item: Life Orb
|move|p2a: I am fat|Leech Seed|p1a: Sinbad
|-start|p1a: Sinbad|move: Leech Seed
|
|-damage|p1a: Sinbad|232\/298|[from] Leech Seed|[of] p2a: I am fat
|-heal|p2a: I am fat|214\/364|[silent]
|turn|5
|
|move|p1a: Sinbad|Hidden Power|p2a: I am fat
|-supereffective|p2a: I am fat
|-damage|p2a: I am fat|3\/364
|-damage|p1a: Sinbad|203\/298|[from] item: Life Orb
|move|p2a: I am fat|Synthesis|p2a: I am fat
|-heal|p2a: I am fat|185\/364
|
|-damage|p1a: Sinbad|166\/298|[from] Leech Seed|[of] p2a: I am fat
|-heal|p2a: I am fat|222\/364|[silent]
|turn|6
|
|switch|p1a: Luna|Clefable, F, shiny|393\/393
|move|p2a: I am fat|Synthesis|p2a: I am fat
|-heal|p2a: I am fat|364\/364
|
|turn|7
|
|move|p2a: I am fat|Knock Off|p1a: Luna
|-resisted|p1a: Luna
|-damage|p1a: Luna|360\/393
|-enditem|p1a: Luna|Leftovers|[from] move: Knock Off|[of] p2a: I am fat
|move|p1a: Luna|Calm Mind|p1a: Luna
|-boost|p1a: Luna|spa|1
|-boost|p1a: Luna|spd|1
|
|turn|8
|
|switch|p2a: Metaweight|Metagross|364\/364
|move|p1a: Luna|Calm Mind|p1a: Luna
|-boost|p1a: Luna|spa|1
|-boost|p1a: Luna|spd|1
|
|turn|9
|
|move|p2a: Metaweight|Meteor Mash|p1a: Luna
|-supereffective|p1a: Luna
|-damage|p1a: Luna|138\/393
|move|p1a: Luna|Flamethrower|p2a: Metaweight
|-supereffective|p2a: Metaweight
|-damage|p2a: Metaweight|90\/364
|-status|p2a: Metaweight|brn
|-enditem|p2a: Metaweight|Sitrus Berry|[eat]
|-heal|p2a: Metaweight|181\/364 brn|[from] item: Sitrus Berry
|
|-damage|p2a: Metaweight|136\/364 brn|[from] brn
|turn|10
|
|move|p2a: Metaweight|Meteor Mash|p1a: Luna
|-crit|p1a: Luna
|-supereffective|p1a: Luna
|-damage|p1a: Luna|0 fnt
|faint|p1a: Luna
|
|-damage|p2a: Metaweight|91\/364 brn|[from] brn
|
|switch|p1a: Scizor|Scizor, M|344\/344
|turn|11
|
|switch|p2a: I am fat|Venusaur-Mega, F|364\/364
|detailschange|p1a: Scizor|Scizor-Mega, M
|message|Scizor has Mega Evolved into Mega Scizor!
|move|p1a: Scizor|Swords Dance|p1a: Scizor
|-boost|p1a: Scizor|atk|2
|
|turn|12
|
|move|p1a: Scizor|Swords Dance|p1a: Scizor
|-boost|p1a: Scizor|atk|2
|move|p2a: I am fat|Leech Seed|p1a: Scizor
|-start|p1a: Scizor|move: Leech Seed
|
|-damage|p1a: Scizor|301\/344|[from] Leech Seed|[of] p2a: I am fat
|turn|13
|
|switch|p2a: Metaweight|Metagross|91\/364 brn
|move|p1a: Scizor|Swords Dance|p1a: Scizor
|-boost|p1a: Scizor|atk|2
|
|-damage|p1a: Scizor|258\/344|[from] Leech Seed|[of] p2a: Metaweight
|-heal|p2a: Metaweight|134\/364 brn|[silent]
|-damage|p2a: Metaweight|89\/364 brn|[from] brn
|turn|14
|
|move|p1a: Scizor|Knock Off|p2a: Metaweight
|-supereffective|p2a: Metaweight
|-damage|p2a: Metaweight|0 fnt
|faint|p2a: Metaweight
|
|
|switch|p2a: Trollygon2|Porygon2|374\/374
|-boost|p2a: Trollygon2|spa|1|[from] ability: Download
|turn|15
|
|move|p1a: Scizor|Bullet Punch|p2a: Trollygon2
|-crit|p2a: Trollygon2
|-damage|p2a: Trollygon2|0 fnt
|faint|p2a: Trollygon2
|
|
|switch|p2a: I am fat|Venusaur-Mega, F|364\/364
|turn|16
|
|move|p1a: Scizor|Bullet Punch|p2a: I am fat
|-damage|p2a: I am fat|66\/364
|move|p2a: I am fat|Synthesis|p2a: I am fat
|-heal|p2a: I am fat|248\/364
|
|-damage|p1a: Scizor|215\/344|[from] Leech Seed|[of] p2a: I am fat
|-heal|p2a: I am fat|291\/364|[silent]
|turn|17
|
|move|p1a: Scizor|Bullet Punch|p2a: I am fat
|-damage|p2a: I am fat|0 fnt
|faint|p2a: I am fat
|
|
|switch|p2a: Umbreon|Umbreon, M|206\/394
|turn|18
|
|move|p1a: Scizor|Bullet Punch|p2a: Umbreon
|-damage|p2a: Umbreon|0 fnt
|faint|p2a: Umbreon
|
|
|switch|p2a: Mr.crujidor|Hawlucha, M|298\/298
|turn|19
|
|move|p1a: Scizor|Bullet Punch|p2a: Mr.crujidor
|-crit|p2a: Mr.crujidor
|-damage|p2a: Mr.crujidor|0 fnt
|faint|p2a: Mr.crujidor
|
|
|switch|p2a: Don risas|Gengar, F|262\/262
|turn|20
|
|move|p1a: Scizor|Bullet Punch|p2a: Don risas
|-damage|p2a: Don risas|0 fnt
|faint|p2a: Don risas
|
|win|KelK3
|raw|Ladder updating...
|raw|KelK3's rating: 1628 &rarr; <strong>1646<\/strong><br \/>(+18 for winning)
|raw|elzy's rating: 1595 &rarr; <strong>1577<\/strong><br \/>(-18 for losing)
|leave|elzy
|player|p2