|join|elzy
|join|WowThatHurt
|player|p1|elzy|266
|player|p2|WowThatHurt|284
|gametype|singles
|gen|6
|tier|OU
|rated
|clearpoke
|poke|p1|Hawlucha, M
|poke|p1|Porygon2
|poke|p1|Gengar, F
|poke|p1|Metagross
|poke|p1|Venusaur, M
|poke|p1|Umbreon, F
|poke|p2|Roserade, F
|poke|p2|Dragonite, F
|poke|p2|Porygon2
|poke|p2|Blissey, F
|poke|p2|Pinsir, F
|poke|p2|Forretress, F
|rule|Swagger Clause: Swagger is banned
|rule|Baton Pass Clause: Limit one PokÃ©mon knowing Baton Pass
|rule|Sleep Clause Mod: Limit one foe put to sleep
|rule|Species Clause: Limit one of each PokÃ©mon
|rule|OHKO Clause: OHKO moves are banned
|rule|Moody Clause: Moody is banned
|rule|Evasion Moves Clause: Evasion moves are banned
|rule|Endless Battle Clause: Forcing endless battles is banned
|rule|HP Percentage Mod: HP is shown in percentages
|teampreview
|
|start
|switch|p1a: Mr.crujidor|Hawlucha, M|298\/298
|switch|p2a: Cherry|Forretress, F|354\/354
|turn|1
|
|move|p1a: Mr.crujidor|Taunt|p2a: Cherry
|-start|p2a: Cherry|move: Taunt
|cant|p2a: Cherry|move: Taunt|Stealth Rock
|
|turn|2
|
|move|p1a: Mr.crujidor|U-turn|p2a: Cherry
|-resisted|p2a: Cherry
|-damage|p2a: Cherry|336\/354
|
|switch|p1a: Trollygon2|Porygon2|374\/374
|-boost|p1a: Trollygon2|spa|1|[from] ability: Download
|move|p2a: Cherry|Gyro Ball|p1a: Trollygon2
|-damage|p1a: Trollygon2|338\/374
|
|-heal|p2a: Cherry|354\/354|[from] item: Leftovers
|turn|3
|
|switch|p2a: Vanilla|Porygon2|374\/374
|-ability|p2a: Vanilla|Download|[from] ability: Trace|[of] p1a: Trollygon2
|-boost|p2a: Vanilla|atk|1|[from] ability: Download
|move|p1a: Trollygon2|Thunderbolt|p2a: Vanilla
|-damage|p2a: Vanilla|293\/374
|
|turn|4
|
|move|p1a: Trollygon2|Thunder Wave|p2a: Vanilla
|-status|p2a: Vanilla|par
|move|p2a: Vanilla|Tri Attack|p1a: Trollygon2
|-crit|p1a: Trollygon2
|-damage|p1a: Trollygon2|236\/374
|
|turn|5
|
|move|p1a: Trollygon2|Thunderbolt|p2a: Vanilla
|-damage|p2a: Vanilla|215\/374 par
|move|p2a: Vanilla|Tri Attack|p1a: Trollygon2
|-damage|p1a: Trollygon2|173\/374
|
|turn|6
|
|move|p1a: Trollygon2|Thunderbolt|p2a: Vanilla
|-damage|p2a: Vanilla|138\/374 par
|move|p2a: Vanilla|Tri Attack|p1a: Trollygon2
|-damage|p1a: Trollygon2|106\/374
|
|turn|7
|
|move|p1a: Trollygon2|Thunderbolt|p2a: Vanilla
|-crit|p2a: Vanilla
|-damage|p2a: Vanilla|9\/374 par
|move|p2a: Vanilla|Recover|p2a: Vanilla
|-heal|p2a: Vanilla|196\/374 par
|
|turn|8
|
|move|p1a: Trollygon2|Thunderbolt|p2a: Vanilla
|-damage|p2a: Vanilla|119\/374 par
|move|p2a: Vanilla|Tri Attack|p1a: Trollygon2
|-damage|p1a: Trollygon2|37\/374
|-status|p1a: Trollygon2|frz
|
|turn|9
|
|cant|p1a: Trollygon2|frz
|move|p2a: Vanilla|Recover|p2a: Vanilla
|-heal|p2a: Vanilla|306\/374 par
|
|turn|10
|
|cant|p1a: Trollygon2|frz
|move|p2a: Vanilla|Tri Attack|p1a: Trollygon2
|-damage|p1a: Trollygon2|0 fnt
|faint|p1a: Trollygon2
|
|
|switch|p1a: I am fat|Venusaur, M|364\/364
|turn|11
|
|switch|p2a: Cherry|Forretress, F|354\/354
|detailschange|p1a: I am fat|Venusaur-Mega, M
|message|Venusaur has Mega Evolved into Mega Venusaur!
|move|p1a: I am fat|Leech Seed|p2a: Cherry
|-start|p2a: Cherry|move: Leech Seed
|
|-damage|p2a: Cherry|310\/354|[from] Leech Seed|[of] p1a: I am fat
|turn|12
|
|switch|p1a: Don risas|Gengar, F|262\/262
|move|p2a: Cherry|Stealth Rock|p1a: Don risas
|-sidestart|p1: elzy|move: Stealth Rock
|
|-heal|p2a: Cherry|332\/354|[from] item: Leftovers
|-damage|p2a: Cherry|288\/354|[from] Leech Seed|[of] p1a: Don risas
|turn|13
|
|move|p1a: Don risas|Shadow Ball|p2a: Cherry
|-damage|p2a: Cherry|23\/354
|-damage|p1a: Don risas|236\/262|[from] item: Life Orb
|move|p2a: Cherry|Gyro Ball|p1a: Don risas
|-damage|p1a: Don risas|53\/262
|
|-heal|p2a: Cherry|45\/354|[from] item: Leftovers
|-damage|p2a: Cherry|1\/354|[from] Leech Seed|[of] p1a: Don risas
|-heal|p1a: Don risas|97\/262|[silent]
|turn|14
|
|switch|p2a: Vanilla|Porygon2|306\/374 par
|-ability|p2a: Vanilla|Levitate|[from] ability: Trace|[of] p1a: Don risas
|move|p1a: Don risas|Dazzling Gleam|p2a: Vanilla
|-damage|p2a: Vanilla|236\/374 par
|-damage|p1a: Don risas|71\/262|[from] item: Life Orb
|
|turn|15
|
|move|p1a: Don risas|Sludge Bomb|p2a: Vanilla
|-damage|p2a: Vanilla|115\/374 par
|-damage|p1a: Don risas|45\/262|[from] item: Life Orb
|move|p2a: Vanilla|Ice Beam|p1a: Don risas
|-damage|p1a: Don risas|0 fnt
|faint|p1a: Don risas
|
|
|switch|p1a: I am fat|Venusaur-Mega, M|364\/364
|-damage|p1a: I am fat|319\/364|[from] Stealth Rock
|turn|16
|
|switch|p2a: Mint|Roserade, F|324\/324
|move|p1a: I am fat|Knock Off|p2a: Mint
|-damage|p2a: Mint|216\/324
|-enditem|p2a: Mint|Black Sludge|[from] move: Knock Off|[of] p1a: I am fat
|
|turn|17
|
|move|p2a: Mint|Aromatherapy|p2a: Mint
|-cureteam|p2a: Mint|[from] move: Aromatherapy
|move|p1a: I am fat|Earthquake|p2a: Mint
|-damage|p2a: Mint|109\/324
|
|turn|18
|
|switch|p2a: Apricot|Dragonite, F|324\/324
|move|p1a: I am fat|Earthquake|p2a: Apricot
|-immune|p2a: Apricot|[msg]
|
|turn|19
|
|move|p2a: Apricot|Dragon Dance|p2a: Apricot
|-boost|p2a: Apricot|atk|1
|-boost|p2a: Apricot|spe|1
|move|p1a: I am fat|Leech Seed|p2a: Apricot
|-start|p2a: Apricot|move: Leech Seed
|
|-damage|p2a: Apricot|284\/324|[from] Leech Seed|[of] p1a: I am fat
|-heal|p1a: I am fat|359\/364|[silent]
|turn|20
|
|move|p2a: Apricot|Dragon Claw|p1a: I am fat
|-damage|p1a: I am fat|209\/364
|move|p1a: I am fat|Knock Off|p2a: Apricot
|-damage|p2a: Apricot|200\/324
|-enditem|p2a: Apricot|Weakness Policy|[from] move: Knock Off|[of] p1a: I am fat
|
|-damage|p2a: Apricot|160\/324|[from] Leech Seed|[of] p1a: I am fat
|-heal|p1a: I am fat|249\/364|[silent]
|turn|21
|
|move|p2a: Apricot|Dragon Claw|p1a: I am fat
|-damage|p1a: I am fat|101\/364
|move|p1a: I am fat|Synthesis|p1a: I am fat
|-heal|p1a: I am fat|283\/364
|
|-damage|p2a: Apricot|120\/324|[from] Leech Seed|[of] p1a: I am fat
|-heal|p1a: I am fat|323\/364|[silent]
|turn|22
|
|move|p2a: Apricot|Dragon Dance|p2a: Apricot
|-boost|p2a: Apricot|atk|1
|-boost|p2a: Apricot|spe|1
|move|p1a: I am fat|Knock Off|p2a: Apricot
|-damage|p2a: Apricot|66\/324
|
|-damage|p2a: Apricot|26\/324|[from] Leech Seed|[of] p1a: I am fat
|-heal|p1a: I am fat|363\/364|[silent]
|turn|23
|
|move|p2a: Apricot|Dragon Claw|p1a: I am fat
|-damage|p1a: I am fat|164\/364
|move|p1a: I am fat|Synthesis|p1a: I am fat
|-heal|p1a: I am fat|346\/364
|
|-damage|p2a: Apricot|0 fnt|[from] Leech Seed|[of] p1a: I am fat
|-heal|p1a: I am fat|364\/364|[silent]
|faint|p2a: Apricot
|
|switch|p2a: Vanilla|Porygon2|115\/374
|-ability|p2a: Vanilla|Thick Fat|[from] ability: Trace|[of] p1a: I am fat
|turn|24
|
|move|p1a: I am fat|Leech Seed|p2a: Vanilla
|-start|p2a: Vanilla|move: Leech Seed
|move|p2a: Vanilla|Recover|p2a: Vanilla
|-heal|p2a: Vanilla|302\/374
|
|-damage|p2a: Vanilla|256\/374|[from] Leech Seed|[of] p1a: I am fat
|turn|25
|
|move|p1a: I am fat|Knock Off|p2a: Vanilla
|-damage|p2a: Vanilla|209\/374
|-enditem|p2a: Vanilla|Eviolite|[from] move: Knock Off|[of] p1a: I am fat
|move|p2a: Vanilla|Recover|p2a: Vanilla
|-heal|p2a: Vanilla|374\/374
|
|-damage|p2a: Vanilla|328\/374|[from] Leech Seed|[of] p1a: I am fat
|turn|26
|
|switch|p2a: Cherry|Forretress, F|1\/354
|move|p1a: I am fat|Earthquake|p2a: Cherry
|-damage|p2a: Cherry|0 fnt
|faint|p2a: Cherry
|
|
|switch|p2a: Chocolate|Pinsir, F|272\/272
|turn|27
|
|detailschange|p2a: Chocolate|Pinsir-Mega, F
|message|Pinsir has Mega Evolved into Mega Pinsir!
|move|p2a: Chocolate|Return|p1a: I am fat
|-supereffective|p1a: I am fat
|-damage|p1a: I am fat|14\/364
|move|p1a: I am fat|Leech Seed|p2a: Chocolate
|-start|p2a: Chocolate|move: Leech Seed
|
|-damage|p2a: Chocolate|238\/272|[from] Leech Seed|[of] p1a: I am fat
|-heal|p1a: I am fat|48\/364|[silent]
|turn|28
|
|move|p2a: Chocolate|Return|p1a: I am fat
|-supereffective|p1a: I am fat
|-damage|p1a: I am fat|0 fnt
|faint|p1a: I am fat
|
|
|switch|p1a: Umbreon|Umbreon, F|394\/394
|-damage|p1a: Umbreon|345\/394|[from] Stealth Rock
|turn|29
|
|move|p2a: Chocolate|Close Combat|p1a: Umbreon
|-supereffective|p1a: Umbreon
|-damage|p1a: Umbreon|91\/394
|-unboost|p2a: Chocolate|def|1
|-unboost|p2a: Chocolate|spd|1
|move|p1a: Umbreon|Foul Play|p2a: Chocolate
|-damage|p2a: Chocolate|0 fnt
|faint|p2a: Chocolate
|
|-heal|p1a: Umbreon|115\/394|[from] item: Leftovers
|
|switch|p2a: Strawberry|Blissey, F|652\/652
|turn|30
|
|move|p1a: Umbreon|Moonlight|p1a: Umbreon
|-heal|p1a: Umbreon|312\/394
|move|p2a: Strawberry|Seismic Toss|p1a: Umbreon
|-damage|p1a: Umbreon|212\/394
|
|-heal|p1a: Umbreon|236\/394|[from] item: Leftovers
|turn|31
|
|move|p1a: Umbreon|Toxic|p2a: Strawberry
|-status|p2a: Strawberry|tox
|move|p2a: Strawberry|Toxic|p1a: Umbreon|[miss]
|-miss|p2a: Strawberry|p1a: Umbreon
|
|-heal|p1a: Umbreon|260\/394|[from] item: Leftovers
|-damage|p2a: Strawberry|612\/652 tox|[from] psn
|turn|32
|
|move|p1a: Umbreon|Moonlight|p1a: Umbreon
|-heal|p1a: Umbreon|394\/394
|move|p2a: Strawberry|Toxic|p1a: Umbreon
|-status|p1a: Umbreon|tox
|
|-heal|p2a: Strawberry|652\/652 tox|[from] item: Leftovers
|-damage|p1a: Umbreon|370\/394 tox|[from] psn
|-damage|p2a: Strawberry|572\/652 tox|[from] psn
|turn|33
|
|switch|p1a: Metaweight|Metagross|364\/364
|-damage|p1a: Metaweight|342\/364|[from] Stealth Rock
|move|p2a: Strawberry|Wish|p2a: Strawberry
|
|-heal|p2a: Strawberry|612\/652 tox|[from] item: Leftovers
|-damage|p2a: Strawberry|492\/652 tox|[from] psn
|turn|34
|
|switch|p2a: Mint|Roserade, F|109\/324
|move|p1a: Metaweight|Zen Headbutt|p2a: Mint
|-supereffective|p2a: Mint
|-damage|p2a: Mint|0 fnt
|faint|p2a: Mint
|
|
|switch|p2a: Vanilla|Porygon2|328\/374
|-ability|p2a: Vanilla|Clear Body|[from] ability: Trace|[of] p1a: Metaweight
|turn|35
|
|switch|p1a: Umbreon|Umbreon, F|370\/394 tox
|-damage|p1a: Umbreon|321\/394 tox|[from] Stealth Rock
|move|p2a: Vanilla|Thunderbolt|p1a: Umbreon
|-damage|p1a: Umbreon|271\/394 tox
|
|-heal|p1a: Umbreon|295\/394 tox|[from] item: Leftovers
|-damage|p1a: Umbreon|271\/394 tox|[from] psn
|turn|36
|
|switch|p2a: Strawberry|Blissey, F|492\/652
|move|p1a: Umbreon|Toxic|p2a: Strawberry
|-status|p2a: Strawberry|tox
|
|-heal|p1a: Umbreon|295\/394 tox|[from] item: Leftovers
|-heal|p2a: Strawberry|532\/652 tox|[from] item: Leftovers
|-damage|p1a: Umbreon|247\/394 tox|[from] psn
|-damage|p2a: Strawberry|492\/652 tox|[from] psn
|turn|37
|
|move|p1a: Umbreon|Heal Bell|p1a: Umbreon
|-cureteam|p1a: Umbreon|[from] move: HealBell
|move|p2a: Strawberry|Seismic Toss|p1a: Umbreon
|-damage|p1a: Umbreon|147\/394
|
|-heal|p1a: Umbreon|171\/394|[from] item: Leftovers
|-heal|p2a: Strawberry|532\/652 tox|[from] item: Leftovers
|-damage|p2a: Strawberry|452\/652 tox|[from] psn
|turn|38
|
|switch|p1a: Metaweight|Metagross|342\/364
|-damage|p1a: Metaweight|320\/364|[from] Stealth Rock
|move|p2a: Strawberry|Toxic|p1a: Metaweight
|-fail|p1a: Metaweight
|
|-heal|p2a: Strawberry|492\/652 tox|[from] item: Leftovers
|-damage|p2a: Strawberry|372\/652 tox|[from] psn
|turn|39
|c|âWowThatHurt|gg
|c|âWowThatHurt|I lose
|
|move|p2a: Strawberry|Protect|p2a: Strawberry
|-singleturn|p2a: Strawberry|Protect
|move|p1a: Metaweight|Meteor Mash|p2a: Strawberry
|-activate|p2a: Strawberry|Protect
|
|-heal|p2a: Strawberry|412\/652 tox|[from] item: Leftovers
|-damage|p2a: Strawberry|252\/652 tox|[from] psn
|turn|40
|
|move|p1a: Metaweight|Meteor Mash|p2a: Strawberry
|-damage|p2a: Strawberry|0 fnt
|-boost|p1a: Metaweight|atk|1
|faint|p2a: Strawberry
|
|
|switch|p2a: Vanilla|Porygon2|328\/374
|-ability|p2a: Vanilla|Clear Body|[from] ability: Trace|[of] p1a: Metaweight
|turn|41
|
|move|p1a: Metaweight|Meteor Mash|p2a: Vanilla
|-crit|p2a: Vanilla
|-damage|p2a: Vanilla|66\/374
|move|p2a: Vanilla|Thunderbolt|p1a: Metaweight
|-damage|p1a: Metaweight|239\/364
|
|turn|42
|
|move|p1a: Metaweight|Zen Headbutt|p2a: Vanilla
|-crit|p2a: Vanilla
|-damage|p2a: Vanilla|0 fnt
|faint|p2a: Vanilla
|
|win|elzy
|raw|Ladder updating...
|leave|WowThatHurt
|player|p2