|join|elzy
|join|Jayne Cobb
|player|p1|elzy|1
|player|p2|Jayne Cobb|158
|gametype|singles
|gen|6
|tier|OU
|rated
|clearpoke
|poke|p1|Ambipom, M
|poke|p1|Forretress, M
|poke|p1|Alomomola, M
|poke|p1|Noivern, F
|poke|p1|Venusaur, F
|poke|p1|Scizor, F
|poke|p2|Gardevoir, F
|poke|p2|Absol, F
|poke|p2|Nidoking, M
|poke|p2|Sableye, M
|poke|p2|Arcanine, M
|poke|p2|Volcarona, F, shiny
|rule|Swagger Clause: Swagger is banned
|rule|Baton Pass Clause: Limit one PokÃ©mon knowing Baton Pass
|rule|Sleep Clause Mod: Limit one foe put to sleep
|rule|Species Clause: Limit one of each PokÃ©mon
|rule|OHKO Clause: OHKO moves are banned
|rule|Moody Clause: Moody is banned
|rule|Evasion Moves Clause: Evasion moves are banned
|rule|Endless Battle Clause: Forcing endless battles is banned
|rule|HP Percentage Mod: HP is shown in percentages
|teampreview
|
|start
|switch|p1a: Ambipom|Ambipom, M|291\/291
|switch|p2a: Xolotl|Sableye, M|304\/304
|turn|1
|
|switch|p1a: Venusaur|Venusaur, F|364\/364
|move|p2a: Xolotl|Will-O-Wisp|p1a: Venusaur
|-status|p1a: Venusaur|brn
|
|-damage|p1a: Venusaur|319\/364 brn|[from] brn
|turn|2
|
|detailschange|p1a: Venusaur|Venusaur-Mega, F
|message|Venusaur has Mega Evolved into Mega Venusaur!
|move|p2a: Xolotl|Taunt|p1a: Venusaur
|-start|p1a: Venusaur|move: Taunt
|move|p1a: Venusaur|Giga Drain|p2a: Xolotl
|-damage|p2a: Xolotl|208\/304
|-heal|p1a: Venusaur|364\/364 brn|[from] drain|[of] p2a: Xolotl
|
|-damage|p1a: Venusaur|319\/364 brn|[from] brn
|turn|3
|
|switch|p2a: Menardi|Volcarona, F, shiny|373\/373
|move|p1a: Venusaur|Sludge Bomb|p2a: Menardi
|-crit|p2a: Menardi
|-damage|p2a: Menardi|186\/373
|
|-heal|p2a: Menardi|209\/373|[from] item: Leftovers
|-damage|p1a: Venusaur|274\/364 brn|[from] brn
|turn|4
|
|switch|p1a: Ambipom|Ambipom, M|291\/291
|move|p2a: Menardi|Quiver Dance|p2a: Menardi
|-boost|p2a: Menardi|spa|1
|-boost|p2a: Menardi|spd|1
|-boost|p2a: Menardi|spe|1
|
|-heal|p2a: Menardi|232\/373|[from] item: Leftovers
|turn|5
|
|move|p1a: Ambipom|Fake Out|p2a: Menardi
|-damage|p2a: Menardi|127\/373
|-damage|p1a: Ambipom|262\/291|[from] item: Life Orb
|cant|p2a: Menardi|flinch
|
|-heal|p2a: Menardi|150\/373|[from] item: Leftovers
|turn|6
|
|switch|p1a: Venusaur|Venusaur-Mega, F|274\/364 brn
|move|p2a: Menardi|Roost|p2a: Menardi
|-heal|p2a: Menardi|337\/373
|
|-heal|p2a: Menardi|360\/373|[from] item: Leftovers
|-damage|p1a: Venusaur|229\/364 brn|[from] brn
|turn|7
|
|move|p2a: Menardi|Quiver Dance|p2a: Menardi
|-boost|p2a: Menardi|spa|1
|-boost|p2a: Menardi|spd|1
|-boost|p2a: Menardi|spe|1
|move|p1a: Venusaur|Leech Seed|p2a: Menardi
|-start|p2a: Menardi|move: Leech Seed
|
|-heal|p2a: Menardi|373\/373|[from] item: Leftovers
|-damage|p2a: Menardi|327\/373|[from] Leech Seed|[of] p1a: Venusaur
|-heal|p1a: Venusaur|275\/364 brn|[silent]
|-damage|p1a: Venusaur|230\/364 brn|[from] brn
|turn|8
|
|move|p2a: Menardi|Quiver Dance|p2a: Menardi
|-boost|p2a: Menardi|spa|1
|-boost|p2a: Menardi|spd|1
|-boost|p2a: Menardi|spe|1
|move|p1a: Venusaur|Sludge Bomb|p2a: Menardi
|-damage|p2a: Menardi|276\/373
|-status|p2a: Menardi|psn
|
|-heal|p2a: Menardi|299\/373 psn|[from] item: Leftovers
|-damage|p2a: Menardi|253\/373 psn|[from] Leech Seed|[of] p1a: Venusaur
|-heal|p1a: Venusaur|276\/364 brn|[silent]
|-damage|p2a: Menardi|207\/373 psn|[from] psn
|-damage|p1a: Venusaur|231\/364 brn|[from] brn
|turn|9
|
|move|p2a: Menardi|Quiver Dance|p2a: Menardi
|-boost|p2a: Menardi|spa|1
|-boost|p2a: Menardi|spd|1
|-boost|p2a: Menardi|spe|1
|move|p1a: Venusaur|Sludge Bomb|p2a: Menardi
|-damage|p2a: Menardi|164\/373 psn
|
|-heal|p2a: Menardi|187\/373 psn|[from] item: Leftovers
|-damage|p2a: Menardi|141\/373 psn|[from] Leech Seed|[of] p1a: Venusaur
|-heal|p1a: Venusaur|277\/364 brn|[silent]
|-damage|p2a: Menardi|95\/373 psn|[from] psn
|-damage|p1a: Venusaur|232\/364 brn|[from] brn
|turn|10
|
|switch|p1a: Ambipom|Ambipom, M|262\/291
|move|p2a: Menardi|Roost|p2a: Menardi
|-heal|p2a: Menardi|282\/373 psn
|
|-heal|p2a: Menardi|305\/373 psn|[from] item: Leftovers
|-damage|p2a: Menardi|259\/373 psn|[from] Leech Seed|[of] p1a: Ambipom
|-heal|p1a: Ambipom|291\/291|[silent]
|-damage|p2a: Menardi|213\/373 psn|[from] psn
|turn|11
|
|move|p1a: Ambipom|Fake Out|p2a: Menardi
|-damage|p2a: Menardi|106\/373 psn
|-status|p1a: Ambipom|brn
|-damage|p1a: Ambipom|262\/291 brn|[from] item: Life Orb
|cant|p2a: Menardi|flinch
|
|-heal|p2a: Menardi|129\/373 psn|[from] item: Leftovers
|-damage|p2a: Menardi|83\/373 psn|[from] Leech Seed|[of] p1a: Ambipom
|-heal|p1a: Ambipom|291\/291 brn|[silent]
|-damage|p2a: Menardi|37\/373 psn|[from] psn
|-damage|p1a: Ambipom|255\/291 brn|[from] brn
|turn|12
|
|move|p2a: Menardi|Roost|p2a: Menardi
|-heal|p2a: Menardi|224\/373 psn
|move|p1a: Ambipom|Double Hit|p2a: Menardi
|-damage|p2a: Menardi|173\/373 psn
|-damage|p2a: Menardi|121\/373 psn
|-hitcount|p2a: Menardi|2
|-damage|p1a: Ambipom|226\/291 brn|[from] item: Life Orb
|
|-heal|p2a: Menardi|144\/373 psn|[from] item: Leftovers
|-damage|p2a: Menardi|98\/373 psn|[from] Leech Seed|[of] p1a: Ambipom
|-heal|p1a: Ambipom|272\/291 brn|[silent]
|-damage|p2a: Menardi|52\/373 psn|[from] psn
|-damage|p1a: Ambipom|236\/291 brn|[from] brn
|turn|13
|
|move|p2a: Menardi|Roost|p2a: Menardi
|-heal|p2a: Menardi|239\/373 psn
|move|p1a: Ambipom|Double Hit|p2a: Menardi
|-damage|p2a: Menardi|195\/373 psn
|-damage|p2a: Menardi|148\/373 psn
|-hitcount|p2a: Menardi|2
|-damage|p1a: Ambipom|207\/291 brn|[from] item: Life Orb
|
|-heal|p2a: Menardi|171\/373 psn|[from] item: Leftovers
|-damage|p2a: Menardi|125\/373 psn|[from] Leech Seed|[of] p1a: Ambipom
|-heal|p1a: Ambipom|253\/291 brn|[silent]
|-damage|p2a: Menardi|79\/373 psn|[from] psn
|-damage|p1a: Ambipom|217\/291 brn|[from] brn
|turn|14
|
|move|p2a: Menardi|Roost|p2a: Menardi
|-heal|p2a: Menardi|266\/373 psn
|move|p1a: Ambipom|Double Hit|p2a: Menardi
|-damage|p2a: Menardi|215\/373 psn
|-damage|p2a: Menardi|164\/373 psn
|-hitcount|p2a: Menardi|2
|-damage|p1a: Ambipom|188\/291 brn|[from] item: Life Orb
|
|-heal|p2a: Menardi|187\/373 psn|[from] item: Leftovers
|-damage|p2a: Menardi|141\/373 psn|[from] Leech Seed|[of] p1a: Ambipom
|-heal|p1a: Ambipom|234\/291 brn|[silent]
|-damage|p2a: Menardi|95\/373 psn|[from] psn
|-damage|p1a: Ambipom|198\/291 brn|[from] brn
|turn|15
|
|move|p2a: Menardi|Roost|p2a: Menardi
|-heal|p2a: Menardi|282\/373 psn
|move|p1a: Ambipom|Double Hit|p2a: Menardi
|-damage|p2a: Menardi|238\/373 psn
|-damage|p2a: Menardi|190\/373 psn
|-hitcount|p2a: Menardi|2
|-damage|p1a: Ambipom|169\/291 brn|[from] item: Life Orb
|
|-heal|p2a: Menardi|213\/373 psn|[from] item: Leftovers
|-damage|p2a: Menardi|167\/373 psn|[from] Leech Seed|[of] p1a: Ambipom
|-heal|p1a: Ambipom|215\/291 brn|[silent]
|-damage|p2a: Menardi|121\/373 psn|[from] psn
|-damage|p1a: Ambipom|179\/291 brn|[from] brn
|turn|16
|
|switch|p1a: Forretress|Forretress, M|354\/354
|move|p2a: Menardi|Roost|p2a: Menardi
|-heal|p2a: Menardi|308\/373 psn
|
|-heal|p2a: Menardi|331\/373 psn|[from] item: Leftovers
|-damage|p2a: Menardi|285\/373 psn|[from] Leech Seed|[of] p1a: Forretress
|-damage|p2a: Menardi|239\/373 psn|[from] psn
|turn|17
|
|move|p2a: Menardi|Fiery Dance|p1a: Forretress
|-supereffective|p1a: Forretress
|-activate|p1a: Forretress|Sturdy
|-damage|p1a: Forretress|1\/354
|move|p1a: Forretress|Gyro Ball|p2a: Menardi
|-resisted|p2a: Menardi
|-damage|p2a: Menardi|162\/373 psn
|
|-heal|p2a: Menardi|185\/373 psn|[from] item: Leftovers
|-damage|p2a: Menardi|139\/373 psn|[from] Leech Seed|[of] p1a: Forretress
|-heal|p1a: Forretress|47\/354|[silent]
|-damage|p2a: Menardi|93\/373 psn|[from] psn
|turn|18
|
|move|p2a: Menardi|Roost|p2a: Menardi
|-heal|p2a: Menardi|280\/373 psn
|move|p1a: Forretress|Gyro Ball|p2a: Menardi
|-resisted|p2a: Menardi
|-damage|p2a: Menardi|200\/373 psn
|-status|p1a: Forretress|brn
|
|-heal|p2a: Menardi|223\/373 psn|[from] item: Leftovers
|-damage|p2a: Menardi|177\/373 psn|[from] Leech Seed|[of] p1a: Forretress
|-heal|p1a: Forretress|93\/354 brn|[silent]
|-damage|p2a: Menardi|131\/373 psn|[from] psn
|-damage|p1a: Forretress|49\/354 brn|[from] brn
|turn|19
|
|move|p2a: Menardi|Roost|p2a: Menardi
|-heal|p2a: Menardi|318\/373 psn
|move|p1a: Forretress|Stealth Rock|p2a: Menardi
|-sidestart|p2: Jayne Cobb|move: Stealth Rock
|
|-heal|p2a: Menardi|341\/373 psn|[from] item: Leftovers
|-damage|p2a: Menardi|295\/373 psn|[from] Leech Seed|[of] p1a: Forretress
|-heal|p1a: Forretress|95\/354 brn|[silent]
|-damage|p2a: Menardi|249\/373 psn|[from] psn
|-damage|p1a: Forretress|51\/354 brn|[from] brn
|turn|20
|
|move|p2a: Menardi|Fiery Dance|p1a: Forretress
|-supereffective|p1a: Forretress
|-damage|p1a: Forretress|0 fnt
|-boost|p2a: Menardi|spa|1
|faint|p1a: Forretress
|
|-heal|p2a: Menardi|272\/373 psn|[from] item: Leftovers
|-damage|p2a: Menardi|226\/373 psn|[from] psn
|
|switch|p1a: Venusaur|Venusaur-Mega, F|232\/364 brn
|turn|21
|
|move|p2a: Menardi|Fiery Dance|p1a: Venusaur
|-supereffective|p1a: Venusaur
|-damage|p1a: Venusaur|0 fnt
|faint|p1a: Venusaur
|
|-heal|p2a: Menardi|249\/373 psn|[from] item: Leftovers
|-damage|p2a: Menardi|203\/373 psn|[from] psn
|
|switch|p1a: Ambipom|Ambipom, M|179\/291 brn
|turn|22
|
|move|p1a: Ambipom|Fake Out|p2a: Menardi
|-damage|p2a: Menardi|151\/373 psn
|-damage|p1a: Ambipom|150\/291 brn|[from] item: Life Orb
|cant|p2a: Menardi|flinch
|
|-heal|p2a: Menardi|174\/373 psn|[from] item: Leftovers
|-damage|p2a: Menardi|128\/373 psn|[from] Leech Seed|[of] p1a: Ambipom
|-heal|p1a: Ambipom|196\/291 brn|[silent]
|-damage|p2a: Menardi|82\/373 psn|[from] psn
|-damage|p1a: Ambipom|160\/291 brn|[from] brn
|turn|23
|
|move|p2a: Menardi|Roost|p2a: Menardi
|-heal|p2a: Menardi|269\/373 psn
|move|p1a: Ambipom|Double Hit|p2a: Menardi
|-damage|p2a: Menardi|218\/373 psn
|-damage|p2a: Menardi|167\/373 psn
|-hitcount|p2a: Menardi|2
|-damage|p1a: Ambipom|131\/291 brn|[from] item: Life Orb
|
|-heal|p2a: Menardi|190\/373 psn|[from] item: Leftovers
|-damage|p2a: Menardi|144\/373 psn|[from] Leech Seed|[of] p1a: Ambipom
|-heal|p1a: Ambipom|177\/291 brn|[silent]
|-damage|p2a: Menardi|98\/373 psn|[from] psn
|-damage|p1a: Ambipom|141\/291 brn|[from] brn
|turn|24
|
|move|p2a: Menardi|Roost|p2a: Menardi
|-heal|p2a: Menardi|285\/373 psn
|move|p1a: Ambipom|Double Hit|p2a: Menardi
|-damage|p2a: Menardi|237\/373 psn
|-damage|p2a: Menardi|182\/373 psn
|-hitcount|p2a: Menardi|2
|-damage|p1a: Ambipom|112\/291 brn|[from] item: Life Orb
|
|-heal|p2a: Menardi|205\/373 psn|[from] item: Leftovers
|-damage|p2a: Menardi|159\/373 psn|[from] Leech Seed|[of] p1a: Ambipom
|-heal|p1a: Ambipom|158\/291 brn|[silent]
|-damage|p2a: Menardi|113\/373 psn|[from] psn
|-damage|p1a: Ambipom|122\/291 brn|[from] brn
|turn|25
|
|move|p2a: Menardi|Fiery Dance|p1a: Ambipom
|-damage|p1a: Ambipom|0 fnt
|faint|p1a: Ambipom
|
|-heal|p2a: Menardi|136\/373 psn|[from] item: Leftovers
|-damage|p2a: Menardi|90\/373 psn|[from] psn
|
|switch|p1a: Scizor|Scizor, F|344\/344
|turn|26
|
|move|p1a: Scizor|Bullet Punch|p2a: Menardi
|-resisted|p2a: Menardi
|-damage|p2a: Menardi|3\/373 psn
|-status|p1a: Scizor|brn
|move|p2a: Menardi|Roost|p2a: Menardi
|-heal|p2a: Menardi|190\/373 psn
|
|-heal|p2a: Menardi|213\/373 psn|[from] item: Leftovers
|-damage|p2a: Menardi|167\/373 psn|[from] Leech Seed|[of] p1a: Scizor
|-damage|p2a: Menardi|121\/373 psn|[from] psn
|-damage|p1a: Scizor|301\/344 brn|[from] brn
|turn|27
|
|move|p1a: Scizor|Bullet Punch|p2a: Menardi
|-resisted|p2a: Menardi
|-damage|p2a: Menardi|77\/373 psn
|move|p2a: Menardi|Roost|p2a: Menardi
|-heal|p2a: Menardi|264\/373 psn
|
|-heal|p2a: Menardi|287\/373 psn|[from] item: Leftovers
|-damage|p2a: Menardi|241\/373 psn|[from] Leech Seed|[of] p1a: Scizor
|-heal|p1a: Scizor|344\/344 brn|[silent]
|-damage|p2a: Menardi|195\/373 psn|[from] psn
|-damage|p1a: Scizor|301\/344 brn|[from] brn
|turn|28
|-message|elzy forfeited.
|
|win|Jayne Cobb
|raw|Ladder updating...
|raw|elzy's rating: 1367 &rarr; <strong>1344<\/strong><br \/>(-23 for losing)
|raw|Jayne Cobb's rating: 1327 &rarr; <strong>1349<\/strong><br \/>(+22 for winning)
|leave|elzy
|player|p1