|join|elzy
|join|Argue
|player|p1|elzy|102
|player|p2|Argue|80
|gametype|singles
|gen|6
|tier|OU
|rated
|clearpoke
|poke|p1|Hawlucha, M
|poke|p1|Porygon2
|poke|p1|Gengar, M
|poke|p1|Metagross
|poke|p1|Venusaur, M
|poke|p1|Umbreon, F
|poke|p2|Azumarill, F, shiny
|poke|p2|Medicham, M, shiny
|poke|p2|Dragonite, M
|poke|p2|Clefable, F, shiny
|poke|p2|Heatran, M, shiny
|poke|p2|Landorus-Therian, M, shiny
|rule|Swagger Clause: Swagger is banned
|rule|Baton Pass Clause: Limit one PokÃ©mon knowing Baton Pass
|rule|Sleep Clause Mod: Limit one foe put to sleep
|rule|Species Clause: Limit one of each PokÃ©mon
|rule|OHKO Clause: OHKO moves are banned
|rule|Moody Clause: Moody is banned
|rule|Evasion Moves Clause: Evasion moves are banned
|rule|Endless Battle Clause: Forcing endless battles is banned
|rule|HP Percentage Mod: HP is shown in percentages
|teampreview
|
|start
|switch|p1a: Mr.crujidor|Hawlucha, M|298\/298
|switch|p2a: Landorus-Therian|Landorus-Therian, M, shiny|354\/354
|-ability|p2a: Landorus-Therian|Intimidate|[of] p1a: Mr.crujidor
|-unboost|p1a: Mr.crujidor|atk|1
|turn|1
|
|move|p2a: Landorus-Therian|U-turn|p1a: Mr.crujidor
|-resisted|p1a: Mr.crujidor
|-damage|p1a: Mr.crujidor|270\/298
|
|switch|p2a: Clefable|Clefable, F, shiny|394\/394
|move|p1a: Mr.crujidor|Taunt|p2a: Clefable
|-start|p2a: Clefable|move: Taunt
|
|turn|2
|
|switch|p1a: Don risas|Gengar, M|262\/262
|move|p2a: Clefable|Moonblast|p1a: Don risas
|-resisted|p1a: Don risas
|-damage|p1a: Don risas|200\/262
|
|turn|3
|
|switch|p2a: Heatran|Heatran, M, shiny|385\/385
|move|p1a: Don risas|Shadow Ball|p2a: Heatran
|-damage|p2a: Heatran|252\/385
|-damage|p1a: Don risas|174\/262|[from] item: Life Orb
|
|-heal|p2a: Heatran|276\/385|[from] item: Leftovers
|turn|4
|
|switch|p1a: Mr.crujidor|Hawlucha, M|270\/298
|move|p2a: Heatran|Lava Plume|p1a: Mr.crujidor
|-damage|p1a: Mr.crujidor|99\/298
|
|-heal|p2a: Heatran|300\/385|[from] item: Leftovers
|turn|5
|
|switch|p2a: Clefable|Clefable, F, shiny|394\/394
|move|p1a: Mr.crujidor|Acrobatics|p2a: Clefable
|-damage|p2a: Clefable|255\/394
|
|-heal|p2a: Clefable|279\/394|[from] item: Leftovers
|turn|6
|
|move|p1a: Mr.crujidor|U-turn|p2a: Clefable
|-resisted|p2a: Clefable
|-damage|p2a: Clefable|248\/394
|
|switch|p1a: Metaweight|Metagross|364\/364
|move|p2a: Clefable|Moonblast|p1a: Metaweight
|-resisted|p1a: Metaweight
|-damage|p1a: Metaweight|305\/364
|
|-heal|p2a: Clefable|272\/394|[from] item: Leftovers
|turn|7
|
|move|p1a: Metaweight|Hammer Arm|p2a: Clefable
|-resisted|p2a: Clefable
|-damage|p2a: Clefable|228\/394
|-unboost|p1a: Metaweight|spe|1
|move|p2a: Clefable|Flamethrower|p1a: Metaweight
|-crit|p1a: Metaweight
|-supereffective|p1a: Metaweight
|-damage|p1a: Metaweight|69\/364
|-enditem|p1a: Metaweight|Sitrus Berry|[eat]
|-heal|p1a: Metaweight|160\/364|[from] item: Sitrus Berry
|
|-heal|p2a: Clefable|252\/394|[from] item: Leftovers
|turn|8
|
|move|p2a: Clefable|Flamethrower|p1a: Metaweight
|-supereffective|p1a: Metaweight
|-damage|p1a: Metaweight|20\/364
|move|p1a: Metaweight|Meteor Mash|p2a: Clefable
|-supereffective|p2a: Clefable
|-damage|p2a: Clefable|22\/394
|
|-heal|p2a: Clefable|46\/394|[from] item: Leftovers
|turn|9
|
|switch|p2a: Heatran|Heatran, M, shiny|300\/385
|move|p1a: Metaweight|Bullet Punch|p2a: Heatran
|-resisted|p2a: Heatran
|-damage|p2a: Heatran|285\/385
|
|-heal|p2a: Heatran|309\/385|[from] item: Leftovers
|turn|10
|
|move|p2a: Heatran|Stealth Rock|p1a: Metaweight
|-sidestart|p1: elzy|move: Stealth Rock
|move|p1a: Metaweight|Hammer Arm|p2a: Heatran
|-supereffective|p2a: Heatran
|-damage|p2a: Heatran|127\/385
|-unboost|p1a: Metaweight|spe|1
|
|-heal|p2a: Heatran|151\/385|[from] item: Leftovers
|turn|11
|
|move|p2a: Heatran|Lava Plume|p1a: Metaweight
|-supereffective|p1a: Metaweight
|-damage|p1a: Metaweight|0 fnt
|faint|p1a: Metaweight
|
|-heal|p2a: Heatran|175\/385|[from] item: Leftovers
|
|switch|p1a: I am fat|Venusaur, M|364\/364
|-damage|p1a: I am fat|319\/364|[from] Stealth Rock
|turn|12
|
|detailschange|p1a: I am fat|Venusaur-Mega, M
|message|Venusaur has Mega Evolved into Mega Venusaur!
|move|p1a: I am fat|Earthquake|p2a: Heatran
|-supereffective|p2a: Heatran
|-damage|p2a: Heatran|0 fnt
|faint|p2a: Heatran
|
|
|switch|p2a: Dragonite|Dragonite, M|324\/324
|turn|13
|
|move|p2a: Dragonite|Ice Punch|p1a: I am fat
|-supereffective|p1a: I am fat
|-damage|p1a: I am fat|233\/364
|-damage|p2a: Dragonite|292\/324|[from] item: Life Orb
|move|p1a: I am fat|Leech Seed|p2a: Dragonite|[miss]
|-miss|p1a: I am fat|p2a: Dragonite
|
|turn|14
|
|move|p2a: Dragonite|Dragon Dance|p2a: Dragonite
|-boost|p2a: Dragonite|atk|1
|-boost|p2a: Dragonite|spe|1
|move|p1a: I am fat|Leech Seed|p2a: Dragonite
|-start|p2a: Dragonite|move: Leech Seed
|
|-damage|p2a: Dragonite|252\/324|[from] Leech Seed|[of] p1a: I am fat
|-heal|p1a: I am fat|273\/364|[silent]
|turn|15
|
|move|p2a: Dragonite|Dragon Claw|p1a: I am fat
|-damage|p1a: I am fat|70\/364
|-damage|p2a: Dragonite|220\/324|[from] item: Life Orb
|move|p1a: I am fat|Toxic|p2a: Dragonite
|-status|p2a: Dragonite|tox
|
|-damage|p2a: Dragonite|180\/324 tox|[from] Leech Seed|[of] p1a: I am fat
|-heal|p1a: I am fat|110\/364|[silent]
|-damage|p2a: Dragonite|160\/324 tox|[from] psn
|turn|16
|
|switch|p1a: Trollygon2|Porygon2|374\/374
|-damage|p1a: Trollygon2|328\/374|[from] Stealth Rock
|-boost|p1a: Trollygon2|atk|1|[from] ability: Download
|move|p2a: Dragonite|Dragon Claw|p1a: Trollygon2
|-damage|p1a: Trollygon2|116\/374
|-damage|p2a: Dragonite|128\/324 tox|[from] item: Life Orb
|
|-damage|p2a: Dragonite|88\/324 tox|[from] Leech Seed|[of] p1a: Trollygon2
|-heal|p1a: Trollygon2|156\/374|[silent]
|-damage|p2a: Dragonite|48\/324 tox|[from] psn
|turn|17
|
|switch|p1a: I am fat|Venusaur-Mega, M|110\/364
|-damage|p1a: I am fat|65\/364|[from] Stealth Rock
|move|p2a: Dragonite|Dragon Claw|p1a: I am fat
|-damage|p1a: I am fat|0 fnt
|-damage|p2a: Dragonite|16\/324 tox|[from] item: Life Orb
|faint|p1a: I am fat
|
|-damage|p2a: Dragonite|0 fnt|[from] psn
|faint|p2a: Dragonite
|
|switch|p1a: Mr.crujidor|Hawlucha, M|99\/298
|-damage|p1a: Mr.crujidor|62\/298|[from] Stealth Rock
|switch|p2a: Medicham|Medicham, M, shiny|261\/261
|turn|18
|
|detailschange|p2a: Medicham|Medicham-Mega, M, shiny
|message|Medicham has Mega Evolved into Mega Medicham!
|move|p1a: Mr.crujidor|Acrobatics|p2a: Medicham
|-supereffective|p2a: Medicham
|-damage|p2a: Medicham|0 fnt
|faint|p2a: Medicham
|
|
|switch|p2a: Landorus-Therian|Landorus-Therian, M, shiny|354\/354
|-ability|p2a: Landorus-Therian|Intimidate|[of] p1a: Mr.crujidor
|-unboost|p1a: Mr.crujidor|atk|1
|turn|19
|
|move|p2a: Landorus-Therian|Knock Off|p1a: Mr.crujidor
|-resisted|p1a: Mr.crujidor
|-damage|p1a: Mr.crujidor|5\/298
|move|p1a: Mr.crujidor|U-turn|p2a: Landorus-Therian
|-resisted|p2a: Landorus-Therian
|-damage|p2a: Landorus-Therian|331\/354
|
|switch|p1a: Trollygon2|Porygon2|156\/374
|-damage|p1a: Trollygon2|110\/374|[from] Stealth Rock
|-boost|p1a: Trollygon2|spa|1|[from] ability: Download
|
|turn|20
|
|move|p2a: Landorus-Therian|Knock Off|p1a: Trollygon2
|-damage|p1a: Trollygon2|20\/374
|-enditem|p1a: Trollygon2|Eviolite|[from] move: Knock Off|[of] p2a: Landorus-Therian
|move|p1a: Trollygon2|Ice Beam|p2a: Landorus-Therian
|-supereffective|p2a: Landorus-Therian
|-damage|p2a: Landorus-Therian|0 fnt
|faint|p2a: Landorus-Therian
|
|
|switch|p2a: Azumarill|Azumarill, F, shiny|401\/401
|turn|21
|
|move|p2a: Azumarill|Aqua Jet|p1a: Trollygon2
|-damage|p1a: Trollygon2|0 fnt
|faint|p1a: Trollygon2
|
|
|switch|p1a: Don risas|Gengar, M|174\/262
|-damage|p1a: Don risas|142\/262|[from] Stealth Rock
|turn|22
|
|move|p1a: Don risas|Sludge Bomb|p2a: Azumarill
|-supereffective|p2a: Azumarill
|-damage|p2a: Azumarill|79\/401
|-damage|p1a: Don risas|116\/262|[from] item: Life Orb
|move|p2a: Azumarill|Knock Off|p1a: Don risas
|-supereffective|p1a: Don risas
|-damage|p1a: Don risas|0 fnt
|-enditem|p1a: Don risas|Life Orb|[from] move: Knock Off|[of] p2a: Azumarill
|faint|p1a: Don risas
|
|
|switch|p1a: Umbreon|Umbreon, F|394\/394
|-damage|p1a: Umbreon|345\/394|[from] Stealth Rock
|turn|23
|
|move|p1a: Umbreon|Foul Play|p2a: Azumarill
|-resisted|p2a: Azumarill
|-damage|p2a: Azumarill|14\/401
|move|p2a: Azumarill|Play Rough|p1a: Umbreon
|-supereffective|p1a: Umbreon
|-damage|p1a: Umbreon|9\/394
|
|-heal|p1a: Umbreon|33\/394|[from] item: Leftovers
|turn|24
|
|move|p2a: Azumarill|Aqua Jet|p1a: Umbreon
|-damage|p1a: Umbreon|0 fnt
|faint|p1a: Umbreon
|
|
|switch|p1a: Mr.crujidor|Hawlucha, M|5\/298
|-damage|p1a: Mr.crujidor|0 fnt|[from] Stealth Rock
|faint|p1a: Mr.crujidor
|
|win|Argue
|raw|Ladder updating...
|raw|elzy's rating: 1590 &rarr; <strong>1567<\/strong><br \/>(-23 for losing)
|raw|Argue's rating: 1527 &rarr; <strong>1551<\/strong><br \/>(+24 for winning)
|leave|elzy
|player|p1