|join|mur90
|join|elzy
|player|p1|mur90|99
|player|p2|elzy|1
|gametype|singles
|gen|6
|tier|OU
|rated
|clearpoke
|poke|p1|Scizor, M, shiny
|poke|p1|Keldeo
|poke|p1|Landorus-Therian, M
|poke|p1|Mew, shiny
|poke|p1|Zapdos
|poke|p1|Terrakion, shiny
|poke|p2|Hawlucha, F
|poke|p2|Porygon2
|poke|p2|Gengar, M
|poke|p2|Metagross
|poke|p2|Venusaur, M
|poke|p2|Umbreon, M
|rule|Swagger Clause: Swagger is banned
|rule|Baton Pass Clause: Limit one PokÃ©mon knowing Baton Pass
|rule|Sleep Clause Mod: Limit one foe put to sleep
|rule|Species Clause: Limit one of each PokÃ©mon
|rule|OHKO Clause: OHKO moves are banned
|rule|Moody Clause: Moody is banned
|rule|Evasion Moves Clause: Evasion moves are banned
|rule|Endless Battle Clause: Forcing endless battles is banned
|rule|HP Percentage Mod: HP is shown in percentages
|teampreview
|
|start
|switch|p1a: Mew|Mew, shiny|403\/403
|switch|p2a: Mr.crujidor|Hawlucha, F|298\/298
|turn|1
|
|move|p2a: Mr.crujidor|U-turn|p1a: Mew
|-supereffective|p1a: Mew
|-damage|p1a: Mew|265\/403
|
|switch|p2a: Umbreon|Umbreon, M|394\/394
|move|p1a: Mew|Will-O-Wisp|p2a: Umbreon
|-status|p2a: Umbreon|brn
|-status|p1a: Mew|brn
|
|-heal|p1a: Mew|290\/403 brn|[from] item: Leftovers
|-damage|p1a: Mew|240\/403 brn|[from] brn
|-damage|p2a: Umbreon|345\/394 brn|[from] brn
|turn|2
|
|move|p1a: Mew|Stealth Rock|p2a: Umbreon
|-sidestart|p2: elzy|move: Stealth Rock
|move|p2a: Umbreon|Heal Bell|p2a: Umbreon
|-cureteam|p2a: Umbreon|[from] move: HealBell
|
|-heal|p1a: Mew|265\/403 brn|[from] item: Leftovers
|-heal|p2a: Umbreon|369\/394|[from] item: Leftovers
|-damage|p1a: Mew|215\/403 brn|[from] brn
|turn|3
|
|move|p1a: Mew|Taunt|p2a: Umbreon
|-start|p2a: Umbreon|move: Taunt
|move|p2a: Umbreon|Foul Play|p1a: Mew
|-supereffective|p1a: Mew
|-damage|p1a: Mew|41\/403 brn
|
|-heal|p1a: Mew|66\/403 brn|[from] item: Leftovers
|-heal|p2a: Umbreon|393\/394|[from] item: Leftovers
|-damage|p1a: Mew|16\/403 brn|[from] brn
|turn|4
|
|switch|p1a: Terrakion|Terrakion, shiny|323\/323
|move|p2a: Umbreon|Foul Play|p1a: Terrakion
|-resisted|p1a: Terrakion
|-damage|p1a: Terrakion|231\/323
|-boost|p1a: Terrakion|atk|1|[from] ability: Justified
|
|-heal|p2a: Umbreon|394\/394|[from] item: Leftovers
|turn|5
|
|switch|p2a: Don risas|Gengar, M|262\/262
|-damage|p2a: Don risas|230\/262|[from] Stealth Rock
|move|p1a: Terrakion|Stone Edge|p2a: Don risas
|-crit|p2a: Don risas
|-damage|p2a: Don risas|0 fnt
|faint|p2a: Don risas
|
|
|switch|p2a: Mr.crujidor|Hawlucha, F|298\/298
|-damage|p2a: Mr.crujidor|261\/298|[from] Stealth Rock
|turn|6
|
|switch|p1a: Zapdos|Zapdos|383\/383
|-ability|p1a: Zapdos|Pressure
|move|p2a: Mr.crujidor|High Jump Kick|p1a: Zapdos
|-resisted|p1a: Zapdos
|-damage|p1a: Zapdos|305\/383
|
|-heal|p1a: Zapdos|328\/383|[from] item: Leftovers
|turn|7
|
|move|p2a: Mr.crujidor|U-turn|p1a: Zapdos
|-resisted|p1a: Zapdos
|-damage|p1a: Zapdos|298\/383
|
|switch|p2a: I am fat|Venusaur, M|364\/364
|-damage|p2a: I am fat|319\/364|[from] Stealth Rock
|move|p1a: Zapdos|Volt Switch|p2a: I am fat
|-crit|p2a: I am fat
|-resisted|p2a: I am fat
|-damage|p2a: I am fat|243\/364
|
|switch|p1a: Scizor|Scizor, M, shiny|343\/343
|
|turn|8
|
|detailschange|p1a: Scizor|Scizor-Mega, M, shiny
|message|Scizor has Mega Evolved into Mega Scizor!
|detailschange|p2a: I am fat|Venusaur-Mega, M
|message|Venusaur has Mega Evolved into Mega Venusaur!
|move|p1a: Scizor|Swords Dance|p1a: Scizor
|-boost|p1a: Scizor|atk|2
|move|p2a: I am fat|Leech Seed|p1a: Scizor
|-start|p1a: Scizor|move: Leech Seed
|
|-damage|p1a: Scizor|301\/343|[from] Leech Seed|[of] p2a: I am fat
|-heal|p2a: I am fat|285\/364|[silent]
|turn|9
|
|switch|p2a: Trollygon2|Porygon2|374\/374
|-damage|p2a: Trollygon2|328\/374|[from] Stealth Rock
|-boost|p2a: Trollygon2|spa|1|[from] ability: Download
|move|p1a: Scizor|Swords Dance|p1a: Scizor
|-boost|p1a: Scizor|atk|2
|
|-damage|p1a: Scizor|259\/343|[from] Leech Seed|[of] p2a: Trollygon2
|-heal|p2a: Trollygon2|370\/374|[silent]
|turn|10
|
|move|p1a: Scizor|Knock Off|p2a: Trollygon2
|-damage|p2a: Trollygon2|121\/374
|-enditem|p2a: Trollygon2|Eviolite|[from] move: Knock Off|[of] p1a: Scizor
|move|p2a: Trollygon2|Thunder Wave|p1a: Scizor
|-status|p1a: Scizor|par
|
|-damage|p1a: Scizor|217\/343 par|[from] Leech Seed|[of] p2a: Trollygon2
|-heal|p2a: Trollygon2|163\/374|[silent]
|turn|11
|
|cant|p1a: Scizor|par
|move|p2a: Trollygon2|Thunderbolt|p1a: Scizor
|-damage|p1a: Scizor|91\/343 par
|
|-damage|p1a: Scizor|49\/343 par|[from] Leech Seed|[of] p2a: Trollygon2
|-heal|p2a: Trollygon2|205\/374|[silent]
|turn|12
|
|move|p1a: Scizor|Bullet Punch|p2a: Trollygon2
|-damage|p2a: Trollygon2|0 fnt
|faint|p2a: Trollygon2
|
|
|switch|p2a: Mr.crujidor|Hawlucha, F|261\/298
|-damage|p2a: Mr.crujidor|224\/298|[from] Stealth Rock
|turn|13
|
|move|p2a: Mr.crujidor|Acrobatics|p1a: Scizor
|-damage|p1a: Scizor|0 fnt
|faint|p1a: Scizor
|
|
|switch|p1a: Zapdos|Zapdos|298\/383
|-ability|p1a: Zapdos|Pressure
|turn|14
|
|move|p2a: Mr.crujidor|U-turn|p1a: Zapdos
|-resisted|p1a: Zapdos
|-damage|p1a: Zapdos|268\/383
|
|switch|p2a: Umbreon|Umbreon, M|394\/394
|-damage|p2a: Umbreon|345\/394|[from] Stealth Rock
|move|p1a: Zapdos|Volt Switch|p2a: Umbreon
|-damage|p2a: Umbreon|275\/394
|
|switch|p1a: Terrakion|Terrakion, shiny|231\/323
|
|-heal|p2a: Umbreon|299\/394|[from] item: Leftovers
|turn|15
|
|switch|p2a: Metaweight|Metagross|364\/364
|-damage|p2a: Metaweight|342\/364|[from] Stealth Rock
|move|p1a: Terrakion|Close Combat|p2a: Metaweight
|-crit|p2a: Metaweight
|-damage|p2a: Metaweight|39\/364
|-unboost|p1a: Terrakion|def|1
|-unboost|p1a: Terrakion|spd|1
|-enditem|p2a: Metaweight|Sitrus Berry|[eat]
|-heal|p2a: Metaweight|130\/364|[from] item: Sitrus Berry
|
|turn|16
|
|switch|p1a: Mew|Mew, shiny|16\/403 brn
|move|p2a: Metaweight|Bullet Punch|p1a: Mew
|-damage|p1a: Mew|0 fnt
|faint|p1a: Mew
|
|
|switch|p1a: Keldeo|Keldeo|322\/322
|turn|17
|
|move|p1a: Keldeo|Hydro Pump|p2a: Metaweight
|-damage|p2a: Metaweight|0 fnt
|faint|p2a: Metaweight
|
|
|switch|p2a: I am fat|Venusaur-Mega, M|285\/364
|-damage|p2a: I am fat|240\/364|[from] Stealth Rock
|turn|18
|
|switch|p1a: Landorus-Therian|Landorus-Therian, M|325\/325
|-ability|p1a: Landorus-Therian|Intimidate|[of] p2a: I am fat
|-unboost|p2a: I am fat|atk|1
|move|p2a: I am fat|Leech Seed|p1a: Landorus-Therian
|-start|p1a: Landorus-Therian|move: Leech Seed
|
|-damage|p1a: Landorus-Therian|285\/325|[from] Leech Seed|[of] p2a: I am fat
|-heal|p2a: I am fat|280\/364|[silent]
|turn|19
|
|move|p1a: Landorus-Therian|Earthquake|p2a: I am fat
|-damage|p2a: I am fat|159\/364
|move|p2a: I am fat|Synthesis|p2a: I am fat
|-heal|p2a: I am fat|341\/364
|
|-damage|p1a: Landorus-Therian|245\/325|[from] Leech Seed|[of] p2a: I am fat
|-heal|p2a: I am fat|364\/364|[silent]
|turn|20
|
|switch|p1a: Zapdos|Zapdos|268\/383
|-ability|p1a: Zapdos|Pressure
|move|p2a: I am fat|Toxic|p1a: Zapdos
|-status|p1a: Zapdos|tox
|
|-heal|p1a: Zapdos|291\/383 tox|[from] item: Leftovers
|-damage|p1a: Zapdos|268\/383 tox|[from] psn
|turn|21
|
|move|p1a: Zapdos|Volt Switch|p2a: I am fat
|-resisted|p2a: I am fat
|-damage|p2a: I am fat|321\/364
|
|switch|p1a: Keldeo|Keldeo|322\/322
|move|p2a: I am fat|Leech Seed|p1a: Keldeo
|-start|p1a: Keldeo|move: Leech Seed
|
|-damage|p1a: Keldeo|282\/322|[from] Leech Seed|[of] p2a: I am fat
|-heal|p2a: I am fat|361\/364|[silent]
|turn|22
|
|move|p1a: Keldeo|Hidden Power|p2a: I am fat
|-supereffective|p2a: I am fat
|-damage|p2a: I am fat|187\/364
|move|p2a: I am fat|Toxic|p1a: Keldeo
|-status|p1a: Keldeo|tox
|
|-damage|p1a: Keldeo|242\/322 tox|[from] Leech Seed|[of] p2a: I am fat
|-heal|p2a: I am fat|227\/364|[silent]
|-damage|p1a: Keldeo|222\/322 tox|[from] psn
|turn|23
|
|move|p1a: Keldeo|Hidden Power|p2a: I am fat
|-supereffective|p2a: I am fat
|-damage|p2a: I am fat|55\/364
|move|p2a: I am fat|Synthesis|p2a: I am fat
|-heal|p2a: I am fat|237\/364
|
|-damage|p1a: Keldeo|182\/322 tox|[from] Leech Seed|[of] p2a: I am fat
|-heal|p2a: I am fat|277\/364|[silent]
|-damage|p1a: Keldeo|142\/322 tox|[from] psn
|turn|24
|
|move|p1a: Keldeo|Hidden Power|p2a: I am fat
|-supereffective|p2a: I am fat
|-damage|p2a: I am fat|125\/364
|move|p2a: I am fat|Synthesis|p2a: I am fat
|-heal|p2a: I am fat|307\/364
|
|-damage|p1a: Keldeo|102\/322 tox|[from] Leech Seed|[of] p2a: I am fat
|-heal|p2a: I am fat|347\/364|[silent]
|-damage|p1a: Keldeo|42\/322 tox|[from] psn
|turn|25
|
|switch|p2a: Umbreon|Umbreon, M|299\/394
|-damage|p2a: Umbreon|250\/394|[from] Stealth Rock
|move|p1a: Keldeo|Hidden Power|p2a: Umbreon
|-damage|p2a: Umbreon|181\/394
|
|-heal|p2a: Umbreon|205\/394|[from] item: Leftovers
|-damage|p1a: Keldeo|2\/322 tox|[from] Leech Seed|[of] p2a: Umbreon
|-heal|p2a: Umbreon|245\/394|[silent]
|-damage|p1a: Keldeo|0 fnt|[from] psn
|faint|p1a: Keldeo
|
|switch|p1a: Terrakion|Terrakion, shiny|231\/323
|turn|26
|
|move|p1a: Terrakion|Stone Edge|p2a: Umbreon
|-damage|p2a: Umbreon|43\/394
|move|p2a: Umbreon|Confuse Ray|p1a: Terrakion
|-start|p1a: Terrakion|confusion
|
|-heal|p2a: Umbreon|67\/394|[from] item: Leftovers
|turn|27
|
|switch|p1a: Landorus-Therian|Landorus-Therian, M|245\/325
|-ability|p1a: Landorus-Therian|Intimidate|[of] p2a: Umbreon
|-unboost|p2a: Umbreon|atk|1
|move|p2a: Umbreon|Moonlight|p2a: Umbreon
|-heal|p2a: Umbreon|264\/394
|
|-heal|p2a: Umbreon|288\/394|[from] item: Leftovers
|turn|28
|
|move|p1a: Landorus-Therian|U-turn|p2a: Umbreon
|-supereffective|p2a: Umbreon
|-damage|p2a: Umbreon|134\/394
|
|switch|p1a: Terrakion|Terrakion, shiny|231\/323
|move|p2a: Umbreon|Confuse Ray|p1a: Terrakion
|-start|p1a: Terrakion|confusion
|
|-heal|p2a: Umbreon|158\/394|[from] item: Leftovers
|turn|29
|
|-activate|p1a: Terrakion|confusion
|move|p1a: Terrakion|Close Combat|p2a: Umbreon
|-supereffective|p2a: Umbreon
|-damage|p2a: Umbreon|0 fnt
|-unboost|p1a: Terrakion|def|1
|-unboost|p1a: Terrakion|spd|1
|faint|p2a: Umbreon
|
|
|switch|p2a: I am fat|Venusaur-Mega, M|347\/364
|-damage|p2a: I am fat|302\/364|[from] Stealth Rock
|turn|30
|
|switch|p1a: Landorus-Therian|Landorus-Therian, M|245\/325
|-ability|p1a: Landorus-Therian|Intimidate|[of] p2a: I am fat
|-unboost|p2a: I am fat|atk|1
|move|p2a: I am fat|Leech Seed|p1a: Landorus-Therian
|-start|p1a: Landorus-Therian|move: Leech Seed
|
|-damage|p1a: Landorus-Therian|205\/325|[from] Leech Seed|[of] p2a: I am fat
|-heal|p2a: I am fat|342\/364|[silent]
|turn|31
|
|move|p1a: Landorus-Therian|Earthquake|p2a: I am fat
|-damage|p2a: I am fat|213\/364
|move|p2a: I am fat|Leech Seed|p1a: Landorus-Therian
|-fail|p1a: Landorus-Therian
|
|-damage|p1a: Landorus-Therian|165\/325|[from] Leech Seed|[of] p2a: I am fat
|-heal|p2a: I am fat|253\/364|[silent]
|turn|32
|
|switch|p2a: Mr.crujidor|Hawlucha, F|224\/298
|-damage|p2a: Mr.crujidor|187\/298|[from] Stealth Rock
|move|p1a: Landorus-Therian|Earthquake|p2a: Mr.crujidor
|-immune|p2a: Mr.crujidor|[msg]
|
|-damage|p1a: Landorus-Therian|125\/325|[from] Leech Seed|[of] p2a: Mr.crujidor
|-heal|p2a: Mr.crujidor|227\/298|[silent]
|turn|33
|
|switch|p1a: Zapdos|Zapdos|268\/383 tox
|-ability|p1a: Zapdos|Pressure
|move|p2a: Mr.crujidor|Acrobatics|p1a: Zapdos
|-resisted|p1a: Zapdos
|-damage|p1a: Zapdos|204\/383 tox
|
|-heal|p1a: Zapdos|227\/383 tox|[from] item: Leftovers
|-damage|p1a: Zapdos|204\/383 tox|[from] psn
|turn|34
|
|move|p2a: Mr.crujidor|High Jump Kick|p1a: Zapdos
|-resisted|p1a: Zapdos
|-damage|p1a: Zapdos|123\/383 tox
|move|p1a: Zapdos|Volt Switch|p2a: Mr.crujidor
|-supereffective|p2a: Mr.crujidor
|-damage|p2a: Mr.crujidor|0 fnt
|faint|p2a: Mr.crujidor
|
|switch|p1a: Terrakion|Terrakion, shiny|231\/323
|
|
|switch|p2a: I am fat|Venusaur-Mega, M|253\/364
|-damage|p2a: I am fat|208\/364|[from] Stealth Rock
|turn|35
|
|move|p1a: Terrakion|Stone Edge|p2a: I am fat|[miss]
|-miss|p1a: Terrakion|p2a: I am fat
|move|p2a: I am fat|Synthesis|p2a: I am fat
|-heal|p2a: I am fat|364\/364
|
|turn|36
|
|move|p1a: Terrakion|Stone Edge|p2a: I am fat
|-crit|p2a: I am fat
|-damage|p2a: I am fat|88\/364
|move|p2a: I am fat|Leech Seed|p1a: Terrakion
|-start|p1a: Terrakion|move: Leech Seed
|
|-damage|p1a: Terrakion|191\/323|[from] Leech Seed|[of] p2a: I am fat
|-heal|p2a: I am fat|128\/364|[silent]
|turn|37
|
|move|p1a: Terrakion|Stone Edge|p2a: I am fat
|-damage|p2a: I am fat|0 fnt
|faint|p2a: I am fat
|
|win|mur90
|raw|Ladder updating...
|raw|mur90's rating: 1624 &rarr; <strong>1643<\/strong><br \/>(+19 for winning)
|raw|elzy's rating: 1602 &rarr; <strong>1584<\/strong><br \/>(-18 for losing)