|join|elzy
|join|Disguised Greninja
|player|p1|elzy|266
|player|p2|Disguised Greninja|168
|gametype|singles
|gen|6
|tier|OU
|rated
|clearpoke
|poke|p1|Tyranitar, F
|poke|p1|Darmanitan, F
|poke|p1|Skarmory, M, shiny
|poke|p1|Goodra, M
|poke|p1|Alomomola, F, shiny
|poke|p1|Starmie
|poke|p2|Altaria, F
|poke|p2|Bisharp, M
|poke|p2|Celebi
|poke|p2|Keldeo
|poke|p2|Landorus-Therian, M
|poke|p2|Heatran, M
|rule|Swagger Clause: Swagger is banned
|rule|Baton Pass Clause: Limit one PokÃ©mon knowing Baton Pass
|rule|Sleep Clause Mod: Limit one foe put to sleep
|rule|Species Clause: Limit one of each PokÃ©mon
|rule|OHKO Clause: OHKO moves are banned
|rule|Moody Clause: Moody is banned
|rule|Evasion Moves Clause: Evasion moves are banned
|rule|Endless Battle Clause: Forcing endless battles is banned
|rule|HP Percentage Mod: HP is shown in percentages
|teampreview
|
|start
|switch|p1a: Darmanitan|Darmanitan, F|351\/351
|switch|p2a: Heatran|Heatran, M|385\/385
|turn|1
|
|switch|p2a: Landorus-Therian|Landorus-Therian, M|381\/381
|-ability|p2a: Landorus-Therian|Intimidate|[of] p1a: Darmanitan
|-unboost|p1a: Darmanitan|atk|1
|move|p1a: Darmanitan|Superpower|p2a: Landorus-Therian
|-resisted|p2a: Landorus-Therian
|-damage|p2a: Landorus-Therian|336\/381
|-unboost|p1a: Darmanitan|atk|1
|-unboost|p1a: Darmanitan|def|1
|
|-heal|p2a: Landorus-Therian|359\/381|[from] item: Leftovers
|turn|2
|
|switch|p1a: Starmie|Starmie|261\/261
|move|p2a: Landorus-Therian|U-turn|p1a: Starmie
|-supereffective|p1a: Starmie
|-damage|p1a: Starmie|83\/261
|
|switch|p2a: Celebi|Celebi|403\/403
|
|turn|3
|
|move|p1a: Starmie|Ice Beam|p2a: Celebi
|-supereffective|p2a: Celebi
|-damage|p2a: Celebi|211\/403
|-damage|p1a: Starmie|57\/261|[from] item: Life Orb
|move|p2a: Celebi|Giga Drain|p1a: Starmie
|-supereffective|p1a: Starmie
|-damage|p1a: Starmie|0 fnt
|-heal|p2a: Celebi|240\/403|[from] drain|[of] p1a: Starmie
|faint|p1a: Starmie
|
|-heal|p2a: Celebi|265\/403|[from] item: Leftovers
|
|switch|p1a: Tyranitar|Tyranitar, F|404\/404
|-weather|Sandstorm
|turn|4
|
|detailschange|p1a: Tyranitar|Tyranitar-Mega, F
|-mega|p1a: Tyranitar|Tyranitar|Tyranitarite
|move|p2a: Celebi|Baton Pass|p2a: Celebi
|
|switch|p2a: Keldeo|Keldeo|323\/323
|move|p1a: Tyranitar|Pursuit|p2a: Keldeo
|-resisted|p2a: Keldeo
|-damage|p2a: Keldeo|284\/323
|-boost|p2a: Keldeo|atk|1|[from] ability: Justified
|
|-weather|Sandstorm|[upkeep]
|-damage|p2a: Keldeo|264\/323|[from] sandstorm
|turn|5
|
|switch|p1a: Alomomola|Alomomola, F, shiny|534\/534
|move|p2a: Keldeo|Secret Sword|p1a: Alomomola
|-damage|p1a: Alomomola|351\/534
|
|-weather|Sandstorm|[upkeep]
|-damage|p2a: Keldeo|244\/323|[from] sandstorm
|-damage|p1a: Alomomola|318\/534|[from] sandstorm
|-heal|p1a: Alomomola|351\/534|[from] item: Leftovers
|turn|6
|
|switch|p2a: Celebi|Celebi|265\/403
|move|p1a: Alomomola|Wish|p1a: Alomomola
|
|-weather|Sandstorm|[upkeep]
|-damage|p2a: Celebi|240\/403|[from] sandstorm
|-damage|p1a: Alomomola|318\/534|[from] sandstorm
|-heal|p2a: Celebi|265\/403|[from] item: Leftovers
|-heal|p1a: Alomomola|351\/534|[from] item: Leftovers
|turn|7
|
|switch|p1a: Goodra|Goodra, M|384\/384
|move|p2a: Celebi|Recover|p2a: Celebi
|-heal|p2a: Celebi|403\/403
|
|-weather|Sandstorm|[upkeep]
|-damage|p2a: Celebi|378\/403|[from] sandstorm
|-damage|p1a: Goodra|360\/384|[from] sandstorm
|-heal|p1a: Goodra|384\/384|[from] move: Wish|[wisher] Alomomola
|-heal|p2a: Celebi|403\/403|[from] item: Leftovers
|turn|8
|
|move|p2a: Celebi|Substitute|p2a: Celebi
|-start|p2a: Celebi|Substitute
|-damage|p2a: Celebi|303\/403
|move|p1a: Goodra|Thunderbolt|p2a: Celebi
|-crit|p2a: Celebi
|-resisted|p2a: Celebi
|-activate|p2a: Celebi|Substitute|[damage]
|
|-weather|none
|-heal|p2a: Celebi|328\/403|[from] item: Leftovers
|turn|9
|
|move|p2a: Celebi|Baton Pass|p2a: Celebi
|
|switch|p2a: Altaria|Altaria, F|309\/309
|move|p1a: Goodra|Ice Beam|p2a: Altaria
|-supereffective|p2a: Altaria
|-end|p2a: Altaria|Substitute
|
|turn|10
|
|detailschange|p2a: Altaria|Altaria-Mega, F
|-mega|p2a: Altaria|Altaria|Altarianite
|move|p2a: Altaria|Frustration|p1a: Goodra
|-supereffective|p1a: Goodra
|-damage|p1a: Goodra|0 fnt
|faint|p1a: Goodra
|
|
|switch|p1a: Skarmory|Skarmory, M, shiny|334\/334
|turn|11
|
|switch|p2a: Landorus-Therian|Landorus-Therian, M|359\/381
|-ability|p2a: Landorus-Therian|Intimidate|[of] p1a: Skarmory
|-unboost|p1a: Skarmory|atk|1
|move|p1a: Skarmory|Spikes|p2a: Landorus-Therian
|-sidestart|p2: Disguised Greninja|Spikes
|
|-heal|p2a: Landorus-Therian|381\/381|[from] item: Leftovers
|turn|12
|
|move|p2a: Landorus-Therian|Stealth Rock|p1a: Skarmory
|-sidestart|p1: elzy|move: Stealth Rock
|move|p1a: Skarmory|Spikes|p2a: Landorus-Therian
|-sidestart|p2: Disguised Greninja|Spikes
|
|turn|13
|
|move|p2a: Landorus-Therian|U-turn|p1a: Skarmory
|-resisted|p1a: Skarmory
|-damage|p1a: Skarmory|324\/334
|-damage|p2a: Landorus-Therian|318\/381|[from] item: Rocky Helmet|[of] p1a: Skarmory
|
|switch|p2a: Heatran|Heatran, M|385\/385
|-damage|p2a: Heatran|321\/385|[from] Spikes
|move|p1a: Skarmory|Spikes|p2a: Heatran
|-sidestart|p2: Disguised Greninja|Spikes
|
|-heal|p2a: Heatran|345\/385|[from] item: Leftovers
|turn|14
|
|switch|p1a: Tyranitar|Tyranitar-Mega, F|404\/404
|-damage|p1a: Tyranitar|354\/404|[from] Stealth Rock
|-weather|Sandstorm
|move|p2a: Heatran|Toxic|p1a: Tyranitar
|-status|p1a: Tyranitar|tox
|
|-weather|Sandstorm|[upkeep]
|-heal|p2a: Heatran|369\/385|[from] item: Leftovers
|-damage|p1a: Tyranitar|329\/404 tox|[from] psn
|turn|15
|
|move|p2a: Heatran|Flash Cannon|p1a: Tyranitar
|-crit|p1a: Tyranitar
|-supereffective|p1a: Tyranitar
|-damage|p1a: Tyranitar|159\/404 tox
|-unboost|p1a: Tyranitar|spd|1
|move|p1a: Tyranitar|Stealth Rock|p2a: Heatran
|-sidestart|p2: Disguised Greninja|move: Stealth Rock
|
|-weather|Sandstorm|[upkeep]
|-heal|p2a: Heatran|385\/385|[from] item: Leftovers
|-damage|p1a: Tyranitar|109\/404 tox|[from] psn
|turn|16
|
|move|p2a: Heatran|Flash Cannon|p1a: Tyranitar
|-supereffective|p1a: Tyranitar
|-damage|p1a: Tyranitar|0 fnt
|faint|p1a: Tyranitar
|
|-weather|Sandstorm|[upkeep]
|
|switch|p1a: Darmanitan|Darmanitan, F|351\/351
|-damage|p1a: Darmanitan|264\/351|[from] Stealth Rock
|turn|17
|
|switch|p2a: Altaria|Altaria-Mega, F|309\/309
|-damage|p2a: Altaria|232\/309|[from] Spikes
|-damage|p2a: Altaria|194\/309|[from] Stealth Rock
|move|p1a: Darmanitan|Flare Blitz|p2a: Altaria
|-resisted|p2a: Altaria
|-damage|p2a: Altaria|56\/309
|-damage|p1a: Darmanitan|218\/351|[from] recoil|[of] p2a: Altaria
|
|-weather|Sandstorm|[upkeep]
|-damage|p1a: Darmanitan|197\/351|[from] sandstorm
|-damage|p2a: Altaria|37\/309|[from] sandstorm
|turn|18
|
|switch|p2a: Heatran|Heatran, M|385\/385
|-damage|p2a: Heatran|289\/385|[from] Spikes
|-damage|p2a: Heatran|241\/385|[from] Stealth Rock
|move|p1a: Darmanitan|Flare Blitz|p2a: Heatran
|-start|p2a: Heatran|ability: Flash Fire
|
|-weather|none
|-heal|p2a: Heatran|265\/385|[from] item: Leftovers
|turn|19
|
|switch|p1a: Skarmory|Skarmory, M, shiny|324\/334
|-damage|p1a: Skarmory|283\/334|[from] Stealth Rock
|move|p2a: Heatran|Toxic|p1a: Skarmory
|-fail|p1a: Skarmory
|
|-heal|p2a: Heatran|289\/385|[from] item: Leftovers
|turn|20
|
|move|p2a: Heatran|Lava Plume|p1a: Skarmory
|-supereffective|p1a: Skarmory
|-damage|p1a: Skarmory|0 fnt
|faint|p1a: Skarmory
|
|-heal|p2a: Heatran|313\/385|[from] item: Leftovers
|
|switch|p1a: Alomomola|Alomomola, F, shiny|529\/534
|-damage|p1a: Alomomola|463\/534|[from] Stealth Rock
|turn|21
|
|move|p2a: Heatran|Taunt|p1a: Alomomola
|-start|p1a: Alomomola|move: Taunt
|cant|p1a: Alomomola|move: Taunt|Wish
|
|-heal|p2a: Heatran|337\/385|[from] item: Leftovers
|-heal|p1a: Alomomola|496\/534|[from] item: Leftovers
|turn|22
|-message|elzy forfeited.
|
|win|Disguised Greninja
|raw|Ladder updating...
|leave|elzy
|player|p1
|raw|elzy's rating: 1543 &rarr; <strong>1518<\/strong><br \/>(-25 for losing)
|raw|Disguised Greninja's rating: 1439 &rarr; <strong>1465<\/strong><br \/>(+26 for winning)