|join|elzy
|join|IN AGONIZING PAIN
|player|p1|elzy|102
|player|p2|IN AGONIZING PAIN|188
|gametype|singles
|gen|6
|tier|OU
|rated
|clearpoke
|poke|p1|Tyranitar, F
|poke|p1|Darmanitan, M
|poke|p1|Skarmory, M, shiny
|poke|p1|Goodra, F
|poke|p1|Alomomola, M, shiny
|poke|p1|Starmie
|poke|p2|Gardevoir, F
|poke|p2|Landorus-Therian, M
|poke|p2|Keldeo-Resolute
|poke|p2|Bisharp, F, shiny
|poke|p2|Latias, F
|poke|p2|Klefki, F
|rule|Swagger Clause: Swagger is banned
|rule|Baton Pass Clause: Limit one PokÃ©mon knowing Baton Pass
|rule|Sleep Clause Mod: Limit one foe put to sleep
|rule|Species Clause: Limit one of each PokÃ©mon
|rule|OHKO Clause: OHKO moves are banned
|rule|Moody Clause: Moody is banned
|rule|Evasion Moves Clause: Evasion moves are banned
|rule|Endless Battle Clause: Forcing endless battles is banned
|rule|HP Percentage Mod: HP is shown in percentages
|teampreview
|
|start
|switch|p1a: Goodra|Goodra, F|384\/384
|switch|p2a: Clifford|Klefki, F|318\/318
|turn|1
|
|move|p2a: Clifford|Toxic|p1a: Goodra
|-status|p1a: Goodra|tox
|move|p1a: Goodra|Fire Blast|p2a: Clifford
|-supereffective|p2a: Clifford
|-damage|p2a: Clifford|134\/318
|-status|p2a: Clifford|brn
|
|-heal|p2a: Clifford|153\/318 brn|[from] item: Leftovers
|-damage|p1a: Goodra|360\/384 tox|[from] psn
|-damage|p2a: Clifford|114\/318 brn|[from] brn
|turn|2
|
|move|p2a: Clifford|Spikes|p1a: Goodra
|-sidestart|p1: elzy|Spikes
|move|p1a: Goodra|Thunderbolt|p2a: Clifford
|-damage|p2a: Clifford|30\/318 brn
|
|-heal|p2a: Clifford|49\/318 brn|[from] item: Leftovers
|-damage|p1a: Goodra|312\/384 tox|[from] psn
|-damage|p2a: Clifford|10\/318 brn|[from] brn
|turn|3
|
|switch|p1a: Skarmory|Skarmory, M, shiny|334\/334
|move|p2a: Clifford|Spikes|p1a: Skarmory
|-sidestart|p1: elzy|Spikes
|
|-heal|p2a: Clifford|29\/318 brn|[from] item: Leftovers
|-damage|p2a: Clifford|0 fnt|[from] brn
|faint|p2a: Clifford
|
|switch|p2a: Cecilia|Gardevoir, F|277\/277
|-ability|p2a: Cecilia|Sturdy|[from] ability: Trace|[of] p1a: Skarmory
|turn|4
|
|detailschange|p2a: Cecilia|Gardevoir-Mega, F
|-mega|p2a: Cecilia|Gardevoir|Gardevoirite
|move|p2a: Cecilia|Hidden Power|p1a: Skarmory
|-supereffective|p1a: Skarmory
|-damage|p1a: Skarmory|90\/334
|move|p1a: Skarmory|Brave Bird|p2a: Cecilia
|-damage|p2a: Cecilia|114\/277
|-damage|p1a: Skarmory|36\/334|[from] recoil|[of] p2a: Cecilia
|
|turn|5
|
|move|p2a: Cecilia|Hyper Voice|p1a: Skarmory
|-resisted|p1a: Skarmory
|-damage|p1a: Skarmory|0 fnt
|faint|p1a: Skarmory
|
|
|switch|p1a: Starmie|Starmie|261\/261
|-damage|p1a: Starmie|218\/261|[from] Spikes
|turn|6
|
|move|p1a: Starmie|Rapid Spin|p2a: Cecilia
|-damage|p2a: Cecilia|93\/277
|-sideend|p1: elzy|Spikes|[from] move: Rapid Spin|[of] p1a: Starmie
|-damage|p1a: Starmie|192\/261|[from] item: Life Orb
|move|p2a: Cecilia|Hyper Voice|p1a: Starmie
|-damage|p1a: Starmie|0 fnt
|faint|p1a: Starmie
|
|
|switch|p1a: Darmanitan|Darmanitan, M|351\/351
|turn|7
|
|switch|p2a: Cassandra|Landorus-Therian, M|367\/367
|-ability|p2a: Cassandra|Intimidate|[of] p1a: Darmanitan
|-unboost|p1a: Darmanitan|atk|1
|move|p1a: Darmanitan|Flare Blitz|p2a: Cassandra
|-damage|p2a: Cassandra|184\/367
|-damage|p1a: Darmanitan|291\/351|[from] recoil|[of] p2a: Cassandra
|
|-heal|p2a: Cassandra|206\/367|[from] item: Leftovers
|turn|8
|
|switch|p1a: Alomomola|Alomomola, M, shiny|534\/534
|move|p2a: Cassandra|Stealth Rock|p1a: Alomomola
|-sidestart|p1: elzy|move: Stealth Rock
|
|-heal|p2a: Cassandra|228\/367|[from] item: Leftovers
|turn|9
|
|move|p2a: Cassandra|U-turn|p1a: Alomomola
|-damage|p1a: Alomomola|470\/534
|
|switch|p2a: Penelope|Latias, F|319\/319
|move|p1a: Alomomola|Toxic|p2a: Penelope
|-status|p2a: Penelope|tox
|
|-heal|p1a: Alomomola|503\/534|[from] item: Leftovers
|-damage|p2a: Penelope|300\/319 tox|[from] psn
|turn|10
|
|move|p2a: Penelope|Thunderbolt|p1a: Alomomola
|-supereffective|p1a: Alomomola
|-damage|p1a: Alomomola|77\/534
|-damage|p2a: Penelope|269\/319 tox|[from] item: Life Orb
|move|p1a: Alomomola|Wish|p1a: Alomomola
|
|-heal|p1a: Alomomola|110\/534|[from] item: Leftovers
|-damage|p2a: Penelope|231\/319 tox|[from] psn
|turn|11
|
|switch|p2a: Ludwig|Keldeo-Resolute|323\/323
|move|p1a: Alomomola|Protect|p1a: Alomomola
|-fail|p1a: Alomomola
|
|-heal|p1a: Alomomola|377\/534|[from] move: Wish|[wisher] Alomomola
|-heal|p1a: Alomomola|410\/534|[from] item: Leftovers
|turn|12
|
|move|p2a: Ludwig|Substitute|p2a: Ludwig
|-start|p2a: Ludwig|Substitute
|-damage|p2a: Ludwig|243\/323
|move|p1a: Alomomola|Toxic|p2a: Ludwig
|
|-heal|p2a: Ludwig|263\/323|[from] item: Leftovers
|-heal|p1a: Alomomola|443\/534|[from] item: Leftovers
|turn|13
|-message|elzy forfeited.
|leave|elzy
|
|win|IN AGONIZING PAIN
|raw|Ladder updating...
|player|p1
|raw|elzy's rating: 1497 &rarr; <strong>1478<\/strong><br \/>(-19 for losing)
|raw|IN AGONIZING PAIN's rating: 1515 &rarr; <strong>1534<\/strong><br \/>(+19 for winning)
|join|cjs stiffles
|leave|IN AGONIZING PAIN
|player|p2