|join|elzy
|join|rauler7
|player|p1|elzy|94
|player|p2|rauler7|101
|gametype|singles
|gen|6
|tier|OU
|rated
|clearpoke
|poke|p1|Tyranitar, F
|poke|p1|Darmanitan, M
|poke|p1|Skarmory, F, shiny
|poke|p1|Goodra, M
|poke|p1|Alomomola, F, shiny
|poke|p1|Starmie
|poke|p2|Diggersby, F
|poke|p2|Raikou, shiny
|poke|p2|Azelf
|poke|p2|Bisharp, M
|poke|p2|Slowbro, F
|poke|p2|Landorus, M
|rule|Swagger Clause: Swagger is banned
|rule|Baton Pass Clause: Limit one PokÃ©mon knowing Baton Pass
|rule|Sleep Clause Mod: Limit one foe put to sleep
|rule|Species Clause: Limit one of each PokÃ©mon
|rule|OHKO Clause: OHKO moves are banned
|rule|Moody Clause: Moody is banned
|rule|Evasion Moves Clause: Evasion moves are banned
|rule|Endless Battle Clause: Forcing endless battles is banned
|rule|HP Percentage Mod: HP is shown in percentages
|teampreview
|
|start
|switch|p1a: Darmanitan|Darmanitan, M|351\/351
|switch|p2a: Landorus|Landorus, M|319\/319
|turn|1
|
|switch|p2a: Slowbro|Slowbro, F|394\/394
|move|p1a: Darmanitan|Flare Blitz|p2a: Slowbro
|-resisted|p2a: Slowbro
|-damage|p2a: Slowbro|247\/394
|-damage|p1a: Darmanitan|302\/351|[from] recoil|[of] p2a: Slowbro
|
|turn|2
|
|switch|p1a: Alomomola|Alomomola, F, shiny|534\/534
|move|p2a: Slowbro|Scald|p1a: Alomomola
|-resisted|p1a: Alomomola
|-damage|p1a: Alomomola|404\/534
|
|-heal|p1a: Alomomola|437\/534|[from] item: Leftovers
|turn|3
|
|switch|p2a: Azelf|Azelf|291\/291
|move|p1a: Alomomola|Toxic|p2a: Azelf
|-status|p2a: Azelf|tox
|
|-heal|p1a: Alomomola|470\/534|[from] item: Leftovers
|-damage|p2a: Azelf|273\/291 tox|[from] psn
|turn|4
|
|switch|p1a: Tyranitar|Tyranitar, F|404\/404
|-weather|Sandstorm
|move|p2a: Azelf|Stealth Rock|p1a: Tyranitar
|-sidestart|p1: elzy|move: Stealth Rock
|
|-weather|Sandstorm|[upkeep]
|-damage|p2a: Azelf|255\/291 tox|[from] sandstorm
|-damage|p2a: Azelf|219\/291 tox|[from] psn
|turn|5
|
|detailschange|p1a: Tyranitar|Tyranitar-Mega, F
|-mega|p1a: Tyranitar|Tyranitar|Tyranitarite
|move|p2a: Azelf|Taunt|p1a: Tyranitar
|-start|p1a: Tyranitar|move: Taunt
|move|p1a: Tyranitar|Pursuit|p2a: Azelf
|-supereffective|p2a: Azelf
|-damage|p2a: Azelf|27\/291 tox
|
|-weather|Sandstorm|[upkeep]
|-damage|p2a: Azelf|9\/291 tox|[from] sandstorm
|-damage|p2a: Azelf|0 fnt|[from] psn
|faint|p2a: Azelf
|
|switch|p2a: Landorus|Landorus, M|319\/319
|turn|6
|
|move|p2a: Landorus|Earth Power|p1a: Tyranitar
|-supereffective|p1a: Tyranitar
|-damage|p1a: Tyranitar|170\/404
|move|p1a: Tyranitar|Stone Edge|p2a: Landorus
|-damage|p2a: Landorus|133\/319
|
|-weather|Sandstorm|[upkeep]
|turn|7
|
|switch|p1a: Skarmory|Skarmory, F, shiny|334\/334
|-damage|p1a: Skarmory|293\/334|[from] Stealth Rock
|move|p2a: Landorus|Earth Power|p1a: Skarmory
|-immune|p1a: Skarmory|[msg]
|
|-weather|Sandstorm|[upkeep]
|turn|8
|
|switch|p1a: Goodra|Goodra, M|384\/384
|-damage|p1a: Goodra|336\/384|[from] Stealth Rock
|move|p2a: Landorus|Psychic|p1a: Goodra
|-damage|p1a: Goodra|255\/384
|
|-weather|none
|turn|9
|
|switch|p2a: Raikou|Raikou, shiny|321\/321
|-ability|p2a: Raikou|Pressure
|move|p1a: Goodra|Fire Blast|p2a: Raikou
|-damage|p2a: Raikou|186\/321
|
|turn|10
|
|move|p2a: Raikou|Volt Switch|p1a: Goodra
|-resisted|p1a: Goodra
|-damage|p1a: Goodra|226\/384
|
|switch|p2a: Slowbro|Slowbro, F|378\/394
|move|p1a: Goodra|Fire Blast|p2a: Slowbro
|-resisted|p2a: Slowbro
|-damage|p2a: Slowbro|306\/394
|
|turn|11
|
|move|p1a: Goodra|Thunderbolt|p2a: Slowbro
|-supereffective|p2a: Slowbro
|-damage|p2a: Slowbro|64\/394
|move|p2a: Slowbro|Scald|p1a: Goodra
|-resisted|p1a: Goodra
|-damage|p1a: Goodra|197\/384
|-status|p1a: Goodra|brn
|
|-damage|p1a: Goodra|149\/384 brn|[from] brn
|turn|12
|
|switch|p2a: Diggersby|Diggersby, F|311\/311
|move|p1a: Goodra|Ice Beam|p2a: Diggersby
|-supereffective|p2a: Diggersby
|-damage|p2a: Diggersby|55\/311
|
|-damage|p1a: Goodra|101\/384 brn|[from] brn
|turn|13
|
|switch|p1a: Skarmory|Skarmory, F, shiny|293\/334
|-damage|p1a: Skarmory|252\/334|[from] Stealth Rock
|move|p2a: Diggersby|Quick Attack|p1a: Skarmory
|-resisted|p1a: Skarmory
|-damage|p1a: Skarmory|220\/334
|-damage|p2a: Diggersby|4\/311|[from] item: Rocky Helmet|[of] p1a: Skarmory
|-damage|p2a: Diggersby|0 fnt|[from] item: Life Orb
|faint|p2a: Diggersby
|
|
|switch|p2a: Raikou|Raikou, shiny|186\/321
|-ability|p2a: Raikou|Pressure
|turn|14
|
|move|p2a: Raikou|Thunderbolt|p1a: Skarmory
|-supereffective|p1a: Skarmory
|-damage|p1a: Skarmory|0 fnt
|faint|p1a: Skarmory
|
|
|switch|p1a: Darmanitan|Darmanitan, M|302\/351
|-damage|p1a: Darmanitan|215\/351|[from] Stealth Rock
|turn|15
|
|switch|p2a: Slowbro|Slowbro, F|195\/394
|move|p1a: Darmanitan|Flare Blitz|p2a: Slowbro
|-resisted|p2a: Slowbro
|-damage|p2a: Slowbro|37\/394
|-damage|p1a: Darmanitan|163\/351|[from] recoil|[of] p2a: Slowbro
|
|turn|16
|
|switch|p2a: Landorus|Landorus, M|133\/319
|move|p1a: Darmanitan|Flare Blitz|p2a: Landorus
|-damage|p2a: Landorus|0 fnt
|-damage|p1a: Darmanitan|119\/351|[from] recoil|[of] p2a: Landorus
|faint|p2a: Landorus
|
|
|switch|p2a: Raikou|Raikou, shiny|186\/321
|-ability|p2a: Raikou|Pressure
|turn|17
|
|move|p2a: Raikou|Thunderbolt|p1a: Darmanitan
|-damage|p1a: Darmanitan|0 fnt
|faint|p1a: Darmanitan
|
|
|switch|p1a: Tyranitar|Tyranitar-Mega, F|170\/404
|-damage|p1a: Tyranitar|120\/404|[from] Stealth Rock
|-weather|Sandstorm
|turn|18
|
|switch|p2a: Bisharp|Bisharp, M|272\/272
|move|p1a: Tyranitar|Stone Edge|p2a: Bisharp
|-crit|p2a: Bisharp
|-resisted|p2a: Bisharp
|-damage|p2a: Bisharp|128\/272
|
|-weather|Sandstorm|[upkeep]
|turn|19
|
|switch|p1a: Alomomola|Alomomola, F, shiny|534\/534
|-damage|p1a: Alomomola|468\/534|[from] Stealth Rock
|move|p2a: Bisharp|Iron Head|p1a: Alomomola
|-resisted|p1a: Alomomola
|-damage|p1a: Alomomola|405\/534
|
|-weather|Sandstorm|[upkeep]
|-damage|p1a: Alomomola|372\/534|[from] sandstorm
|-heal|p1a: Alomomola|405\/534|[from] item: Leftovers
|turn|20
|
|move|p2a: Bisharp|Knock Off|p1a: Alomomola
|-damage|p1a: Alomomola|242\/534
|-enditem|p1a: Alomomola|Leftovers|[from] move: Knock Off|[of] p2a: Bisharp
|move|p1a: Alomomola|Wish|p1a: Alomomola
|
|-weather|Sandstorm|[upkeep]
|-damage|p1a: Alomomola|209\/534|[from] sandstorm
|turn|21
|
|move|p2a: Bisharp|Pursuit|p1a: Alomomola
|-crit|p1a: Alomomola
|-damage|p1a: Alomomola|113\/534
|move|p1a: Alomomola|Scald|p2a: Bisharp
|-damage|p2a: Bisharp|64\/272
|-status|p2a: Bisharp|brn
|
|-weather|Sandstorm|[upkeep]
|-damage|p1a: Alomomola|80\/534|[from] sandstorm
|-heal|p1a: Alomomola|347\/534|[from] move: Wish|[wisher] Alomomola
|-damage|p2a: Bisharp|30\/272 brn|[from] brn
|turn|22
|
|move|p2a: Bisharp|Knock Off|p1a: Alomomola
|-damage|p1a: Alomomola|289\/534
|move|p1a: Alomomola|Wish|p1a: Alomomola
|
|-weather|none
|-damage|p2a: Bisharp|0 fnt|[from] brn
|faint|p2a: Bisharp
|
|switch|p2a: Raikou|Raikou, shiny|186\/321
|-ability|p2a: Raikou|Pressure
|turn|23
|
|switch|p1a: Goodra|Goodra, M|101\/384 brn
|-damage|p1a: Goodra|53\/384 brn|[from] Stealth Rock
|move|p2a: Raikou|Volt Switch|p1a: Goodra
|-resisted|p1a: Goodra
|-damage|p1a: Goodra|20\/384 brn
|
|switch|p2a: Slowbro|Slowbro, F|168\/394
|
|-heal|p1a: Goodra|287\/384 brn|[from] move: Wish|[wisher] Alomomola
|-damage|p1a: Goodra|239\/384 brn|[from] brn
|turn|24
|
|switch|p2a: Raikou|Raikou, shiny|186\/321
|-ability|p2a: Raikou|Pressure
|move|p1a: Goodra|Thunderbolt|p2a: Raikou
|-resisted|p2a: Raikou
|-damage|p2a: Raikou|134\/321
|
|-damage|p1a: Goodra|191\/384 brn|[from] brn
|turn|25
|
|switch|p1a: Tyranitar|Tyranitar-Mega, F|120\/404
|-damage|p1a: Tyranitar|70\/404|[from] Stealth Rock
|-weather|Sandstorm
|move|p2a: Raikou|Thunderbolt|p1a: Tyranitar
|-damage|p1a: Tyranitar|0 fnt
|faint|p1a: Tyranitar
|
|-weather|Sandstorm|[upkeep]
|-damage|p2a: Raikou|114\/321|[from] sandstorm
|
|switch|p1a: Goodra|Goodra, M|191\/384 brn
|-damage|p1a: Goodra|143\/384 brn|[from] Stealth Rock
|turn|26
|
|switch|p2a: Slowbro|Slowbro, F|299\/394
|move|p1a: Goodra|Thunderbolt|p2a: Slowbro
|-supereffective|p2a: Slowbro
|-damage|p2a: Slowbro|37\/394
|
|-weather|Sandstorm|[upkeep]
|-damage|p1a: Goodra|119\/384 brn|[from] sandstorm
|-damage|p2a: Slowbro|13\/394|[from] sandstorm
|-damage|p1a: Goodra|71\/384 brn|[from] brn
|turn|27
|
|move|p1a: Goodra|Ice Beam|p2a: Slowbro
|-resisted|p2a: Slowbro
|-damage|p2a: Slowbro|0 fnt
|faint|p2a: Slowbro
|
|-weather|Sandstorm|[upkeep]
|-damage|p1a: Goodra|47\/384 brn|[from] sandstorm
|-damage|p1a: Goodra|0 fnt|[from] brn
|faint|p1a: Goodra
|
|switch|p2a: Raikou|Raikou, shiny|114\/321
|switch|p1a: Starmie|Starmie|261\/261
|-ability|p2a: Raikou|Pressure
|-damage|p1a: Starmie|229\/261|[from] Stealth Rock
|turn|28
|
|move|p2a: Raikou|Thunderbolt|p1a: Starmie
|-supereffective|p1a: Starmie
|-damage|p1a: Starmie|0 fnt
|faint|p1a: Starmie
|
|-weather|Sandstorm|[upkeep]
|-damage|p2a: Raikou|94\/321|[from] sandstorm
|
|switch|p1a: Alomomola|Alomomola, F, shiny|467\/534
|-damage|p1a: Alomomola|401\/534|[from] Stealth Rock
|turn|29
|
|move|p1a: Alomomola|Protect|p1a: Alomomola
|-singleturn|p1a: Alomomola|Protect
|move|p2a: Raikou|Thunderbolt|p1a: Alomomola
|-activate|p1a: Alomomola|Protect
|
|-weather|none
|turn|30
|
|move|p2a: Raikou|Thunderbolt|p1a: Alomomola
|-supereffective|p1a: Alomomola
|-damage|p1a: Alomomola|0 fnt
|faint|p1a: Alomomola
|
|win|rauler7
|raw|Ladder updating...
|c|ârauler7|gg
|leave|elzy
|player|p1
|raw|elzy's rating: 1568 &rarr; <strong>1542<\/strong><br \/>(-26 for losing)
|raw|rauler7's rating: 1457 &rarr; <strong>1483<\/strong><br \/>(+26 for winning)