|join|King UU
|join|Xerneas For Ubers
|player|p1|King UU|22
|player|p2|Xerneas For Ubers|285
|gametype|singles
|gen|6
|tier|UU
|rated
|rule|Sleep Clause Mod: Limit one foe put to sleep
|rule|Species Clause: Limit one of each PokÃ©mon
|rule|OHKO Clause: OHKO moves are banned
|rule|Moody Clause: Moody is banned
|rule|Evasion Moves Clause: Evasion moves are banned
|rule|Endless Battle Clause: Forcing endless battles is banned
|rule|HP Percentage Mod: HP is shown in percentages
|clearpoke
|poke|p1|Yanmega, M
|poke|p1|Krookodile, M
|poke|p1|Machamp, M
|poke|p1|Jirachi
|poke|p1|Vaporeon, M
|poke|p1|Infernape, F
|poke|p2|Amoonguss, F
|poke|p2|Krookodile, M
|poke|p2|Lopunny, F
|poke|p2|Swampert, F
|poke|p2|Crobat, M
|poke|p2|Umbreon, M
|rule|Swagger Clause: Swagger is banned
|rule|Baton Pass Clause: Limit one PokÃ©mon knowing Baton Pass
|teampreview
|
|start
|switch|p1a: Infernape|Infernape, F|293\/293
|switch|p2a: fast bat|Crobat, M|373\/373
|turn|1
|
|move|p2a: fast bat|Brave Bird|p1a: Infernape
|-supereffective|p1a: Infernape
|-enditem|p1a: Infernape|Focus Sash
|-damage|p1a: Infernape|1\/293
|-damage|p2a: fast bat|277\/373|[from] recoil|[of] p1a: Infernape
|move|p1a: Infernape|Fire Blast|p2a: fast bat
|-damage|p2a: fast bat|0 fnt
|faint|p2a: fast bat
|
|join|Poofliatus
|
|switch|p2a: switchins where|Lopunny, F|271\/271
|turn|2
|leave|Poofliatus
|
|switch|p1a: Jirachi|Jirachi|341\/341
|detailschange|p2a: switchins where|Lopunny-Mega, F
|message|Lopunny has Mega Evolved into Mega Lopunny!
|move|p2a: switchins where|Fake Out|p1a: Jirachi
|-resisted|p1a: Jirachi
|-damage|p1a: Jirachi|307\/341
|
|turn|3
|
|move|p1a: Jirachi|U-turn|p2a: switchins where
|-resisted|p2a: switchins where
|-damage|p2a: switchins where|232\/271
|
|switch|p1a: Vaporeon|Vaporeon, M|464\/464
|move|p2a: switchins where|High Jump Kick|p1a: Vaporeon
|-damage|p1a: Vaporeon|188\/464
|
|-heal|p1a: Vaporeon|217\/464|[from] item: Leftovers
|turn|4
|
|switch|p2a: rocks|Swampert, F|404\/404
|move|p1a: Vaporeon|Protect|p1a: Vaporeon
|-fail|p1a: Vaporeon
|
|-heal|p1a: Vaporeon|246\/464|[from] item: Leftovers
|turn|5
|
|move|p1a: Vaporeon|Baton Pass|p1a: Vaporeon
|
|switch|p1a: Infernape|Infernape, F|1\/293
|move|p2a: rocks|Scald|p1a: Infernape
|-supereffective|p1a: Infernape
|-damage|p1a: Infernape|0 fnt
|faint|p1a: Infernape
|
|
|switch|p1a: Machamp|Machamp, M|321\/321
|turn|6
|
|move|p1a: Machamp|Dynamic Punch|p2a: rocks
|-damage|p2a: rocks|173\/404
|-start|p2a: rocks|confusion
|-activate|p2a: rocks|confusion
|move|p2a: rocks|Stealth Rock|p1a: Machamp
|-sidestart|p1: King UU|move: Stealth Rock
|
|-heal|p2a: rocks|198\/404|[from] item: Leftovers
|turn|7
|join|Lady Ciaran
|
|switch|p2a: keldeo counter|Amoonguss, F|400\/400
|move|p1a: Machamp|Dynamic Punch|p2a: keldeo counter
|-resisted|p2a: keldeo counter
|-damage|p2a: keldeo counter|254\/400
|-start|p2a: keldeo counter|confusion
|
|-heal|p2a: keldeo counter|279\/400|[from] item: Black Sludge
|turn|8
|c|âXerneas For Ubers|is it lagging?
|c|âKing UU|no, sorry.
|
|move|p1a: Machamp|Dynamic Punch|p2a: keldeo counter
|-resisted|p2a: keldeo counter
|-damage|p2a: keldeo counter|147\/400
|-activate|p2a: keldeo counter|confusion
|move|p2a: keldeo counter|Spore|p1a: Machamp
|-status|p1a: Machamp|slp
|
|-heal|p2a: keldeo counter|172\/400|[from] item: Black Sludge
|turn|9
|c|âKing UU|I'm being annoying
|c|âKing UU|apologize
|c|âKing UU|ies*
|
|cant|p1a: Machamp|slp
|-activate|p2a: keldeo counter|confusion
|move|p2a: keldeo counter|Giga Drain|p1a: Machamp
|-crit|p1a: Machamp
|-damage|p1a: Machamp|173\/321 slp
|-heal|p2a: keldeo counter|246\/400|[from] drain|[of] p1a: Machamp
|
|-heal|p2a: keldeo counter|271\/400|[from] item: Black Sludge
|turn|10
|c| Lady Ciaran|Lagging for me
|
|cant|p1a: Machamp|slp
|-activate|p2a: keldeo counter|confusion
|-damage|p2a: keldeo counter|252\/400|[from] confusion
|
|-heal|p2a: keldeo counter|277\/400|[from] item: Black Sludge
|turn|11
|
|-curestatus|p1a: Machamp|slp
|move|p1a: Machamp|Dynamic Punch|p2a: keldeo counter
|-resisted|p2a: keldeo counter
|-damage|p2a: keldeo counter|149\/400
|-end|p2a: keldeo counter|confusion
|move|p2a: keldeo counter|Giga Drain|p1a: Machamp
|-damage|p1a: Machamp|67\/321
|-heal|p2a: keldeo counter|202\/400|[from] drain|[of] p1a: Machamp
|
|-heal|p2a: keldeo counter|227\/400|[from] item: Black Sludge
|turn|12
|
|move|p1a: Machamp|Dynamic Punch|p2a: keldeo counter
|-crit|p2a: keldeo counter
|-resisted|p2a: keldeo counter
|-damage|p2a: keldeo counter|24\/400
|-start|p2a: keldeo counter|confusion
|-activate|p2a: keldeo counter|confusion
|-damage|p2a: keldeo counter|4\/400|[from] confusion
|
|-heal|p2a: keldeo counter|29\/400|[from] item: Black Sludge
|turn|13
|
|switch|p2a: die|Krookodile, M|344\/344
|-ability|p2a: die|Intimidate|[of] p1a: Machamp
|-unboost|p1a: Machamp|atk|1
|move|p1a: Machamp|Dynamic Punch|p2a: die
|-supereffective|p2a: die
|-damage|p2a: die|0 fnt
|faint|p2a: die
|
|join|DatGuyShit
|
|switch|p2a: switchins where|Lopunny-Mega, F|232\/271
|turn|14
|
|switch|p1a: Jirachi|Jirachi|307\/341
|-damage|p1a: Jirachi|286\/341|[from] Stealth Rock
|move|p2a: switchins where|Return|p1a: Jirachi
|-resisted|p1a: Jirachi
|-damage|p1a: Jirachi|193\/341
|
|turn|15
|
|switch|p2a: rocks|Swampert, F|198\/404
|move|p1a: Jirachi|Zen Headbutt|p2a: rocks
|-damage|p2a: rocks|102\/404
|
|-heal|p2a: rocks|127\/404|[from] item: Leftovers
|turn|16
|join|dingbat
|c| DatGuyShit|ok
|c| DatGuyShit|flinch here
|c| DatGuyShit|ez
|
|switch|p1a: Machamp|Machamp, M|67\/321
|-damage|p1a: Machamp|47\/321|[from] Stealth Rock
|move|p2a: rocks|Earthquake|p1a: Machamp
|-damage|p1a: Machamp|0 fnt
|faint|p1a: Machamp
|
|-heal|p2a: rocks|152\/404|[from] item: Leftovers
|c| dingbat|e
|c| dingbat|z
|
|switch|p1a: Yanmega|Yanmega, M|313\/313
|-damage|p1a: Yanmega|157\/313|[from] Stealth Rock
|turn|17
|c| DatGuyShit|:[
|c| DatGuyShit|Xerneas for Ubers
|
|switch|p2a: wall|Umbreon, M|394\/394
|move|p1a: Yanmega|Bug Buzz|p2a: wall
|-supereffective|p2a: wall
|-damage|p2a: wall|129\/394
|-damage|p1a: Yanmega|126\/313|[from] item: Life Orb
|
|-heal|p2a: wall|153\/394|[from] item: Leftovers
|-boost|p1a: Yanmega|spe|1|[from] ability: Speed Boost
|turn|18
|c| DatGuyShit|Xerneas belongs in PU
|
|move|p1a: Yanmega|Bug Buzz|p2a: wall
|-supereffective|p2a: wall
|-damage|p2a: wall|0 fnt
|-damage|p1a: Yanmega|95\/313|[from] item: Life Orb
|faint|p2a: wall
|
|-boost|p1a: Yanmega|spe|1|[from] ability: Speed Boost
|
|switch|p2a: switchins where|Lopunny-Mega, F|232\/271
|turn|19
|
|move|p1a: Yanmega|Protect|p1a: Yanmega
|-singleturn|p1a: Yanmega|Protect
|move|p2a: switchins where|Fake Out|p1a: Yanmega
|-activate|p1a: Yanmega|Protect
|
|-boost|p1a: Yanmega|spe|1|[from] ability: Speed Boost
|turn|20
|
|move|p2a: switchins where|Quick Attack|p1a: Yanmega
|-damage|p1a: Yanmega|10\/313
|move|p1a: Yanmega|Air Slash|p2a: switchins where
|-supereffective|p2a: switchins where
|-damage|p2a: switchins where|0 fnt
|-damage|p1a: Yanmega|0 fnt|[from] item: Life Orb
|faint|p2a: switchins where
|faint|p1a: Yanmega
|
|
|switch|p1a: Krookodile|Krookodile, M|393\/393
|switch|p2a: rocks|Swampert, F|152\/404
|-damage|p1a: Krookodile|369\/393|[from] Stealth Rock
|-ability|p1a: Krookodile|Intimidate|[of] p2a: rocks
|-unboost|p2a: rocks|atk|1
|turn|21
|c| DatGuyShit|nooo
|
|switch|p2a: keldeo counter|Amoonguss, F|162\/400
|move|p1a: Krookodile|Bulk Up|p1a: Krookodile
|-boost|p1a: Krookodile|atk|1
|-boost|p1a: Krookodile|def|1
|
|-heal|p1a: Krookodile|393\/393|[from] item: Leftovers
|-heal|p2a: keldeo counter|187\/400|[from] item: Black Sludge
|turn|22
|
|move|p1a: Krookodile|Knock Off|p2a: keldeo counter
|-damage|p2a: keldeo counter|0 fnt
|-enditem|p2a: keldeo counter|Black Sludge|[from] move: Knock Off|[of] p1a: Krookodile
|faint|p2a: keldeo counter
|
|
|switch|p2a: rocks|Swampert, F|152\/404
|turn|23
|c|âKing UU|gg
|
|move|p1a: Krookodile|Knock Off|p2a: rocks
|-damage|p2a: rocks|0 fnt
|-enditem|p2a: rocks|Leftovers|[from] move: Knock Off|[of] p1a: Krookodile
|faint|p2a: rocks
|
|win|King UU
|raw|Ladder updating...
|raw|King UU's rating: 1503 &rarr; <strong>1525<\/strong><br \/>(+22 for winning)
|raw|Xerneas For Ubers's rating: 1537 &rarr; <strong>1515<\/strong><br \/>(-22 for losing)
|c|âXerneas For Ubers|gg king
|c|âKing UU|wp
|c|âKing UU|you want me to
|c|âKing UU|replay this?
|c|âKing UU|or no
|c|âXerneas For Ubers|sure