|join|Volbeatdown
|join|Xerneas For Ubers
|player|p1|Volbeatdown|126
|player|p2|Xerneas For Ubers|285
|gametype|singles
|gen|6
|tier|UU
|rated
|rule|Sleep Clause Mod: Limit one foe put to sleep
|rule|Species Clause: Limit one of each PokÃ©mon
|rule|OHKO Clause: OHKO moves are banned
|rule|Moody Clause: Moody is banned
|rule|Evasion Moves Clause: Evasion moves are banned
|rule|Endless Battle Clause: Forcing endless battles is banned
|rule|HP Percentage Mod: HP is shown in percentages
|clearpoke
|poke|p1|Hydreigon, F
|poke|p1|Jirachi
|poke|p1|Lopunny, F
|poke|p1|Tentacruel, M
|poke|p1|Whimsicott, M
|poke|p1|Swampert, F
|poke|p2|Amoonguss, M
|poke|p2|Krookodile, M
|poke|p2|Lopunny, M
|poke|p2|Swampert, F
|poke|p2|Crobat, F
|poke|p2|Umbreon, M
|rule|Swagger Clause: Swagger is banned
|rule|Baton Pass Clause: Limit one PokÃ©mon knowing Baton Pass
|teampreview
|
|start
|switch|p1a: Swampert|Swampert, F|404\/404
|switch|p2a: keldeo counter|Amoonguss, M|400\/400
|turn|1
|join|LiberalLucario
|
|move|p1a: Swampert|Stealth Rock|p2a: keldeo counter
|-sidestart|p2: Xerneas For Ubers|move: Stealth Rock
|move|p2a: keldeo counter|Giga Drain|p1a: Swampert
|-supereffective|p1a: Swampert
|-damage|p1a: Swampert|20\/404
|
|-heal|p1a: Swampert|45\/404|[from] item: Leftovers
|turn|2
|
|move|p1a: Swampert|Earthquake|p2a: keldeo counter
|-damage|p2a: keldeo counter|285\/400
|move|p2a: keldeo counter|Foul Play|p1a: Swampert
|-damage|p1a: Swampert|0 fnt
|faint|p1a: Swampert
|
|-heal|p2a: keldeo counter|310\/400|[from] item: Black Sludge
|
|switch|p1a: Jirachi|Jirachi|341\/341
|turn|3
|
|switch|p2a: rocks|Swampert, F|404\/404
|-damage|p2a: rocks|379\/404|[from] Stealth Rock
|move|p1a: Jirachi|Iron Head|p2a: rocks
|-resisted|p2a: rocks
|-damage|p2a: rocks|333\/404
|
|-heal|p2a: rocks|358\/404|[from] item: Leftovers
|turn|4
|
|switch|p1a: Whimsicott|Whimsicott, M|261\/261
|move|p2a: rocks|Stealth Rock|p1a: Whimsicott
|-sidestart|p1: Volbeatdown|move: Stealth Rock
|
|-heal|p2a: rocks|383\/404|[from] item: Leftovers
|turn|5
|
|switch|p2a: keldeo counter|Amoonguss, M|400\/400
|-damage|p2a: keldeo counter|350\/400|[from] Stealth Rock
|move|p1a: Whimsicott|U-turn|p2a: keldeo counter
|-damage|p2a: keldeo counter|314\/400
|
|switch|p1a: Tentacruel|Tentacruel, M|364\/364
|-damage|p1a: Tentacruel|319\/364|[from] Stealth Rock
|
|-heal|p1a: Tentacruel|341\/364|[from] item: Black Sludge
|-heal|p2a: keldeo counter|339\/400|[from] item: Black Sludge
|turn|6
|
|move|p1a: Tentacruel|Toxic Spikes|p2a: keldeo counter
|-sidestart|p2: Xerneas For Ubers|move: Toxic Spikes
|move|p2a: keldeo counter|Spore|p1a: Tentacruel
|-status|p1a: Tentacruel|slp
|
|-heal|p1a: Tentacruel|363\/364 slp|[from] item: Black Sludge
|-heal|p2a: keldeo counter|364\/400|[from] item: Black Sludge
|turn|7
|
|switch|p1a: Whimsicott|Whimsicott, M|261\/261
|-damage|p1a: Whimsicott|229\/261|[from] Stealth Rock
|switch|p2a: fast bat|Crobat, F|373\/373
|-damage|p2a: fast bat|280\/373|[from] Stealth Rock
|
|-heal|p2a: fast bat|303\/373|[from] item: Black Sludge
|turn|8
|
|move|p2a: fast bat|Defog|p1a: Whimsicott
|-unboost|p1a: Whimsicott|evasion|1
|-sideend|p1: Volbeatdown|Stealth Rock|[from] move: Defog|[of] p1a: Whimsicott
|-sideend|p2: Xerneas For Ubers|Toxic Spikes|[from] move: Defog|[of] p2a: fast bat
|-sideend|p2: Xerneas For Ubers|Stealth Rock|[from] move: Defog|[of] p2a: fast bat
|move|p1a: Whimsicott|U-turn|p2a: fast bat
|-resisted|p2a: fast bat
|-damage|p2a: fast bat|292\/373
|
|switch|p1a: Jirachi|Jirachi|341\/341
|
|-heal|p2a: fast bat|315\/373|[from] item: Black Sludge
|turn|9
|
|switch|p2a: rocks|Swampert, F|383\/404
|move|p1a: Jirachi|U-turn|p2a: rocks
|-damage|p2a: rocks|330\/404
|
|switch|p1a: Whimsicott|Whimsicott, M|229\/261
|
|-heal|p2a: rocks|355\/404|[from] item: Leftovers
|turn|10
|
|switch|p2a: keldeo counter|Amoonguss, M|400\/400
|move|p1a: Whimsicott|U-turn|p2a: keldeo counter
|-damage|p2a: keldeo counter|366\/400
|
|switch|p1a: Lopunny|Lopunny, F|334\/334
|
|-heal|p2a: keldeo counter|391\/400|[from] item: Black Sludge
|turn|11
|
|detailschange|p1a: Lopunny|Lopunny-Mega, F
|message|Lopunny has Mega Evolved into Mega Lopunny!
|move|p1a: Lopunny|Return|p2a: keldeo counter
|-damage|p2a: keldeo counter|252\/400
|move|p2a: keldeo counter|Giga Drain|p1a: Lopunny
|-damage|p1a: Lopunny|234\/334
|-heal|p2a: keldeo counter|302\/400|[from] drain|[of] p1a: Lopunny
|
|-heal|p2a: keldeo counter|327\/400|[from] item: Black Sludge
|turn|12
|
|move|p1a: Lopunny|Return|p2a: keldeo counter
|-damage|p2a: keldeo counter|177\/400
|move|p2a: keldeo counter|Giga Drain|p1a: Lopunny
|-damage|p1a: Lopunny|138\/334
|-heal|p2a: keldeo counter|225\/400|[from] drain|[of] p1a: Lopunny
|
|-heal|p2a: keldeo counter|250\/400|[from] item: Black Sludge
|turn|13
|
|move|p1a: Lopunny|Return|p2a: keldeo counter
|-damage|p2a: keldeo counter|109\/400
|move|p2a: keldeo counter|Giga Drain|p1a: Lopunny
|-damage|p1a: Lopunny|39\/334
|-heal|p2a: keldeo counter|159\/400|[from] drain|[of] p1a: Lopunny
|
|-heal|p2a: keldeo counter|184\/400|[from] item: Black Sludge
|turn|14
|-message|Volbeatdown forfeited.
|
|win|Xerneas For Ubers
|raw|Ladder updating...
|leave|Volbeatdown
|player|p1
|c|âXerneas For Ubers|gg
|raw|Volbeatdown's rating: 1481 &rarr; <strong>1460<\/strong><br \/>(-21 for losing)
|raw|Xerneas For Ubers's rating: 1475 &rarr; <strong>1496<\/strong><br \/>(+21 for winning)