|join|Xerneas For Ubers
|join|Ferocca
|player|p1|Xerneas For Ubers|285
|player|p2|Ferocca|202
|gametype|singles
|gen|6
|tier|UU
|rated
|rule|Sleep Clause Mod: Limit one foe put to sleep
|rule|Species Clause: Limit one of each PokÃ©mon
|rule|OHKO Clause: OHKO moves are banned
|rule|Moody Clause: Moody is banned
|rule|Evasion Moves Clause: Evasion moves are banned
|rule|Endless Battle Clause: Forcing endless battles is banned
|rule|HP Percentage Mod: HP is shown in percentages
|clearpoke
|poke|p1|Darmanitan, M
|poke|p1|Mienshao, F
|poke|p1|Aerodactyl, M
|poke|p1|Espeon, M
|poke|p1|Suicune
|poke|p1|Nidoqueen, F
|poke|p2|Lucario, M
|poke|p2|Haxorus, F
|poke|p2|Chandelure, M
|poke|p2|Umbreon, F
|poke|p2|Cofagrigus, F
|poke|p2|Swampert, F
|rule|Swagger Clause: Swagger is banned
|rule|Baton Pass Clause: Limit one PokÃ©mon knowing Baton Pass
|teampreview
|
|start
|switch|p1a: Espeon|Espeon, M|271\/271
|switch|p2a: Cofagrigus|Cofagrigus, F|319\/319
|turn|1
|
|move|p1a: Espeon|Shadow Ball|p2a: Cofagrigus
|-supereffective|p2a: Cofagrigus
|-damage|p2a: Cofagrigus|145\/319
|move|p2a: Cofagrigus|Hex|p1a: Espeon
|-supereffective|p1a: Espeon
|-damage|p1a: Espeon|131\/271
|
|turn|2
|
|switch|p2a: Umbreon|Umbreon, F|393\/393
|move|p1a: Espeon|Baton Pass|p1a: Espeon
|
|switch|p1a: Nidoqueen|Nidoqueen, F|350\/350
|
|turn|3
|
|move|p1a: Nidoqueen|Stealth Rock|p2a: Umbreon
|-sidestart|p2: Ferocca|move: Stealth Rock
|move|p2a: Umbreon|Wish|p2a: Umbreon
|
|turn|4
|
|move|p1a: Nidoqueen|Earth Power|p2a: Umbreon
|-damage|p2a: Umbreon|260\/393
|move|p2a: Umbreon|Baton Pass|p2a: Umbreon
|
|switch|p2a: Cofagrigus|Cofagrigus, F|145\/319
|-damage|p2a: Cofagrigus|106\/319|[from] Stealth Rock
|
|-heal|p2a: Cofagrigus|302\/319|[from] move: Wish|[wisher] Umbreon
|turn|5
|
|switch|p1a: Suicune|Suicune|404\/404
|-ability|p1a: Suicune|Pressure
|switch|p2a: Umbreon|Umbreon, F|260\/393
|-damage|p2a: Umbreon|211\/393|[from] Stealth Rock
|
|-heal|p2a: Umbreon|235\/393|[from] item: Leftovers
|turn|6
|
|switch|p1a: Darmanitan|Darmanitan, M|351\/351
|move|p2a: Umbreon|Wish|p2a: Umbreon
|
|-heal|p2a: Umbreon|259\/393|[from] item: Leftovers
|turn|7
|
|switch|p2a: Swampert|Swampert, F|341\/341
|-damage|p2a: Swampert|320\/341|[from] Stealth Rock
|move|p1a: Darmanitan|U-turn|p2a: Swampert
|-damage|p2a: Swampert|172\/341
|
|switch|p1a: Espeon|Espeon, M|131\/271
|
|-heal|p2a: Swampert|341\/341|[from] move: Wish|[wisher] Umbreon
|turn|8
|
|switch|p2a: Chandelure|Chandelure, M|261\/261
|-damage|p2a: Chandelure|196\/261|[from] Stealth Rock
|move|p1a: Espeon|Grass Knot|p2a: Chandelure
|-resisted|p2a: Chandelure
|-damage|p2a: Chandelure|156\/261
|
|turn|9
|
|switch|p1a: Suicune|Suicune|404\/404
|-ability|p1a: Suicune|Pressure
|move|p2a: Chandelure|Shadow Ball|p1a: Suicune
|-damage|p1a: Suicune|263\/404
|
|-heal|p1a: Suicune|288\/404|[from] item: Leftovers
|turn|10
|
|switch|p2a: Haxorus|Haxorus, F|293\/293
|-damage|p2a: Haxorus|257\/293|[from] Stealth Rock
|-ability|p2a: Haxorus|Mold Breaker
|switch|p1a: Darmanitan|Darmanitan, M|351\/351
|
|turn|11
|
|move|p2a: Haxorus|Dragon Dance|p2a: Haxorus
|-boost|p2a: Haxorus|atk|1
|-boost|p2a: Haxorus|spe|1
|move|p1a: Darmanitan|U-turn|p2a: Haxorus
|-damage|p2a: Haxorus|101\/293
|
|switch|p1a: Mienshao|Mienshao, F|271\/271
|
|turn|12
|
|move|p1a: Mienshao|High Jump Kick|p2a: Haxorus
|-damage|p2a: Haxorus|0 fnt
|faint|p2a: Haxorus
|
|
|switch|p2a: Chandelure|Chandelure, M|156\/261
|-damage|p2a: Chandelure|91\/261|[from] Stealth Rock
|turn|13
|
|switch|p1a: Suicune|Suicune|288\/404
|-ability|p1a: Suicune|Pressure
|move|p2a: Chandelure|Trick|p1a: Suicune
|-activate|p2a: Chandelure|move: Trick|[of] p1a: Suicune
|-item|p1a: Suicune|Choice Scarf|[from] move: Trick
|-item|p2a: Chandelure|Leftovers|[from] move: Trick
|
|-heal|p2a: Chandelure|107\/261|[from] item: Leftovers
|turn|14
|
|switch|p2a: Umbreon|Umbreon, F|259\/393
|-damage|p2a: Umbreon|210\/393|[from] Stealth Rock
|move|p1a: Suicune|Scald|p2a: Umbreon
|-damage|p2a: Umbreon|161\/393
|
|-heal|p2a: Umbreon|185\/393|[from] item: Leftovers
|turn|15
|
|switch|p1a: Darmanitan|Darmanitan, M|351\/351
|move|p2a: Umbreon|Wish|p2a: Umbreon
|
|-heal|p2a: Umbreon|209\/393|[from] item: Leftovers
|turn|16
|
|switch|p2a: Chandelure|Chandelure, M|107\/261
|-damage|p2a: Chandelure|42\/261|[from] Stealth Rock
|move|p1a: Darmanitan|U-turn|p2a: Chandelure
|-resisted|p2a: Chandelure
|-damage|p2a: Chandelure|6\/261
|
|switch|p1a: Aerodactyl|Aerodactyl, M|301\/301
|-ability|p1a: Aerodactyl|Pressure
|
|-heal|p2a: Chandelure|202\/261|[from] move: Wish|[wisher] Umbreon
|-heal|p2a: Chandelure|218\/261|[from] item: Leftovers
|turn|17
|
|detailschange|p1a: Aerodactyl|Aerodactyl-Mega, M
|message|Aerodactyl has Mega Evolved into Mega Aerodactyl!
|move|p1a: Aerodactyl|Pursuit|p2a: Chandelure|[from]Pursuit
|-supereffective|p2a: Chandelure
|-damage|p2a: Chandelure|0 fnt
|faint|p2a: Chandelure
|
|
|switch|p2a: Cofagrigus|Cofagrigus, F|302\/319
|-damage|p2a: Cofagrigus|263\/319|[from] Stealth Rock
|turn|18
|
|switch|p1a: Suicune|Suicune|288\/404
|-ability|p1a: Suicune|Pressure
|move|p2a: Cofagrigus|Toxic Spikes|p1a: Suicune
|-sidestart|p1: Xerneas For Ubers|move: Toxic Spikes
|
|turn|19
|
|move|p1a: Suicune|Scald|p2a: Cofagrigus
|-damage|p2a: Cofagrigus|184\/319
|-status|p2a: Cofagrigus|brn
|move|p2a: Cofagrigus|Will-O-Wisp|p1a: Suicune
|-status|p1a: Suicune|brn
|
|-damage|p1a: Suicune|238\/404 brn|[from] brn
|-damage|p2a: Cofagrigus|145\/319 brn|[from] brn
|turn|20
|
|move|p1a: Suicune|Scald|p2a: Cofagrigus
|-damage|p2a: Cofagrigus|69\/319 brn
|move|p2a: Cofagrigus|Pain Split|p1a: Suicune
|-sethp|p1a: Suicune|153\/404 brn|p2a: Cofagrigus|153\/319 brn|[from] move: Pain Split
|
|-damage|p1a: Suicune|103\/404 brn|[from] brn
|-damage|p2a: Cofagrigus|114\/319 brn|[from] brn
|turn|21
|
|switch|p2a: Umbreon|Umbreon, F|209\/393
|-damage|p2a: Umbreon|160\/393|[from] Stealth Rock
|move|p1a: Suicune|Scald|p2a: Umbreon
|-damage|p2a: Umbreon|105\/393
|
|-heal|p2a: Umbreon|129\/393|[from] item: Leftovers
|-damage|p1a: Suicune|53\/404 brn|[from] brn
|turn|22
|
|switch|p1a: Nidoqueen|Nidoqueen, F|350\/350
|-sideend|p1: Xerneas For Ubers|move: Toxic Spikes|[of] p1a: Nidoqueen
|move|p2a: Umbreon|Wish|p2a: Umbreon
|
|-heal|p2a: Umbreon|153\/393|[from] item: Leftovers
|turn|23
|
|switch|p2a: Swampert|Swampert, F|341\/341
|-damage|p2a: Swampert|320\/341|[from] Stealth Rock
|move|p1a: Nidoqueen|Earth Power|p2a: Swampert
|-damage|p2a: Swampert|98\/341
|
|-heal|p2a: Swampert|294\/341|[from] move: Wish|[wisher] Umbreon
|turn|24
|
|switch|p1a: Suicune|Suicune|53\/404 brn
|-ability|p1a: Suicune|Pressure
|detailschange|p2a: Swampert|Swampert-Mega, F
|message|Swampert has Mega Evolved into Mega Swampert!
|move|p2a: Swampert|Rain Dance|p2a: Swampert
|-weather|RainDance
|
|-weather|RainDance|[upkeep]
|-damage|p1a: Suicune|3\/404 brn|[from] brn
|turn|25
|
|move|p2a: Swampert|Waterfall|p1a: Suicune
|-resisted|p1a: Suicune
|-damage|p1a: Suicune|0 fnt
|faint|p1a: Suicune
|
|-weather|RainDance|[upkeep]
|
|switch|p1a: Mienshao|Mienshao, F|271\/271
|turn|26
|
|move|p2a: Swampert|Waterfall|p1a: Mienshao
|-damage|p1a: Mienshao|0 fnt
|faint|p1a: Mienshao
|
|-weather|RainDance|[upkeep]
|
|switch|p1a: Espeon|Espeon, M|131\/271
|turn|27
|
|move|p2a: Swampert|Waterfall|p1a: Espeon
|-damage|p1a: Espeon|0 fnt
|faint|p1a: Espeon
|
|-weather|RainDance|[upkeep]
|
|switch|p1a: Aerodactyl|Aerodactyl-Mega, M|301\/301
|turn|28
|
|move|p2a: Swampert|Waterfall|p1a: Aerodactyl
|-supereffective|p1a: Aerodactyl
|-damage|p1a: Aerodactyl|0 fnt
|faint|p1a: Aerodactyl
|
|-weather|none
|
|switch|p1a: Nidoqueen|Nidoqueen, F|350\/350
|turn|29
|
|move|p2a: Swampert|Rain Dance|p2a: Swampert
|-weather|RainDance
|move|p1a: Nidoqueen|Earth Power|p2a: Swampert
|-damage|p2a: Swampert|113\/341
|
|-weather|RainDance|[upkeep]
|turn|30
|
|move|p2a: Swampert|Waterfall|p1a: Nidoqueen
|-supereffective|p1a: Nidoqueen
|-damage|p1a: Nidoqueen|0 fnt
|faint|p1a: Nidoqueen
|
|-weather|RainDance|[upkeep]
|
|switch|p1a: Darmanitan|Darmanitan, M|351\/351
|turn|31
|c|âXerneas For Ubers|gg
|
|move|p2a: Swampert|Waterfall|p1a: Darmanitan
|-supereffective|p1a: Darmanitan
|-damage|p1a: Darmanitan|0 fnt
|faint|p1a: Darmanitan
|
|win|Ferocca
|raw|Ladder updating...
|c|âFerocca|gg
|raw|Xerneas For Ubers's rating: 1526 &rarr; <strong>1495<\/strong><br \/>(-31 for losing)
|raw|Ferocca's rating: 1317 &rarr; <strong>1347<\/strong><br \/>(+30 for winning)
|leave|Xerneas For Ubers
|player|p1