|join|ULT Hogg
|join|nemar
|player|p1|ULT Hogg|125
|player|p2|nemar|122
|gametype|singles
|gen|6
|tier|UU
|rated
|rule|Sleep Clause Mod: Limit one foe put to sleep
|rule|Species Clause: Limit one of each PokÃ©mon
|rule|OHKO Clause: OHKO moves are banned
|rule|Moody Clause: Moody is banned
|rule|Evasion Moves Clause: Evasion moves are banned
|rule|Endless Battle Clause: Forcing endless battles is banned
|rule|HP Percentage Mod: HP is shown in percentages
|clearpoke
|poke|p1|Kyurem
|poke|p1|Tentacruel, F
|poke|p1|Blissey, F
|poke|p1|Aggron, M
|poke|p1|Shedinja
|poke|p1|Flygon, F
|poke|p2|Krookodile, F
|poke|p2|Forretress, M
|poke|p2|Trevenant, M
|poke|p2|Arcanine, F
|poke|p2|Aggron, F
|poke|p2|Vaporeon, M
|rule|Swagger Clause: Swagger is banned
|rule|Baton Pass Clause: Limit one PokÃ©mon knowing Baton Pass
|teampreview
|
|start
|switch|p1a: Flygon|Flygon, F|363\/363
|switch|p2a: Treefence|Trevenant, M|374\/374
|turn|1
|join|Dark Ganon
|leave|Dark Ganon
|
|move|p1a: Flygon|U-turn|p2a: Treefence
|-damage|p2a: Treefence|304\/374
|
|switch|p1a: Tentacruel|Tentacruel, F|361\/361
|move|p2a: Treefence|Leech Seed|p1a: Tentacruel
|-start|p1a: Tentacruel|move: Leech Seed
|
|-damage|p1a: Tentacruel|316\/361|[from] Leech Seed|[of] p2a: Treefence
|-damage|p2a: Treefence|259\/374|[from] ability: Liquid Ooze|[of] p1a: Tentacruel
|turn|2
|
|move|p1a: Tentacruel|Knock Off|p2a: Treefence
|-supereffective|p2a: Treefence
|-damage|p2a: Treefence|139\/374
|-enditem|p2a: Treefence|Sitrus Berry|[from] move: Knock Off|[of] p1a: Tentacruel
|move|p2a: Treefence|Curse|p1a: Tentacruel
|-start|p1a: Tentacruel|Curse|[of] p2a: Treefence
|-damage|p2a: Treefence|0 fnt
|faint|p2a: Treefence
|
|-heal|p1a: Tentacruel|338\/361|[from] item: Black Sludge
|-damage|p1a: Tentacruel|248\/361|[from] Curse
|
|switch|p2a: MurdaGator|Krookodile, F|331\/331
|turn|3
|c|ânemar|misclick, in case you're wondering :)
|
|switch|p1a: Aggron|Aggron, M|344\/344
|move|p2a: MurdaGator|Knock Off|p1a: Aggron
|-damage|p1a: Aggron|242\/344
|
|turn|4
|
|switch|p2a: Cyrus|Vaporeon, M|464\/464
|detailschange|p1a: Aggron|Aggron-Mega, M
|-mega|p1a: Aggron|Aggron|Aggronite
|move|p1a: Aggron|Stealth Rock|p2a: Cyrus
|-sidestart|p2: nemar|move: Stealth Rock
|
|turn|5
|
|switch|p1a: Shedinja|Shedinja|1\/1
|move|p2a: Cyrus|Wish|p2a: Cyrus
|
|turn|6
|
|switch|p2a: MurdaGator|Krookodile, F|331\/331
|-damage|p2a: MurdaGator|311\/331|[from] Stealth Rock
|move|p1a: Shedinja|Will-O-Wisp|p2a: MurdaGator
|-status|p2a: MurdaGator|brn
|
|-heal|p2a: MurdaGator|331\/331 brn|[from] move: Wish|[wisher] Cyrus
|-damage|p2a: MurdaGator|290\/331 brn|[from] brn
|turn|7
|
|switch|p1a: Aggron|Aggron-Mega, M|242\/344
|move|p2a: MurdaGator|Knock Off|p1a: Aggron
|-damage|p1a: Aggron|202\/344
|
|-damage|p2a: MurdaGator|249\/331 brn|[from] brn
|turn|8
|
|switch|p2a: Wump|Aggron, F|344\/344
|-damage|p2a: Wump|323\/344|[from] Stealth Rock
|move|p1a: Aggron|Roar|p2a: Wump
|drag|p2a: SpinToWin|Forretress, M|354\/354
|-damage|p2a: SpinToWin|310\/354|[from] Stealth Rock
|
|-heal|p2a: SpinToWin|332\/354|[from] item: Leftovers
|turn|9
|
|switch|p1a: Tentacruel|Tentacruel, F|248\/361
|move|p2a: SpinToWin|Stealth Rock|p1a: Tentacruel
|-sidestart|p1: ULT Hogg|move: Stealth Rock
|
|-heal|p1a: Tentacruel|270\/361|[from] item: Black Sludge
|-heal|p2a: SpinToWin|354\/354|[from] item: Leftovers
|turn|10
|
|move|p1a: Tentacruel|Knock Off|p2a: SpinToWin
|-damage|p2a: SpinToWin|323\/354
|-enditem|p2a: SpinToWin|Leftovers|[from] move: Knock Off|[of] p1a: Tentacruel
|move|p2a: SpinToWin|Rapid Spin|p1a: Tentacruel
|-damage|p1a: Tentacruel|258\/361
|-sideend|p2: nemar|Stealth Rock|[from] move: Rapid Spin|[of] p2a: SpinToWin
|
|-heal|p1a: Tentacruel|280\/361|[from] item: Black Sludge
|turn|11
|
|switch|p2a: Cyrus|Vaporeon, M|464\/464
|move|p1a: Tentacruel|Rapid Spin|p2a: Cyrus
|-crit|p2a: Cyrus
|-damage|p2a: Cyrus|445\/464
|-sideend|p1: ULT Hogg|Stealth Rock|[from] move: Rapid Spin|[of] p1a: Tentacruel
|
|-heal|p1a: Tentacruel|302\/361|[from] item: Black Sludge
|-heal|p2a: Cyrus|464\/464|[from] item: Leftovers
|turn|12
|c|ânemar|best crit ever
|
|move|p1a: Tentacruel|Knock Off|p2a: Cyrus
|-damage|p2a: Cyrus|418\/464
|-enditem|p2a: Cyrus|Leftovers|[from] move: Knock Off|[of] p1a: Tentacruel
|move|p2a: Cyrus|Heal Bell|p2a: Cyrus
|-cureteam|p2a: Cyrus|[from] move: HealBell
|
|-heal|p1a: Tentacruel|324\/361|[from] item: Black Sludge
|turn|13
|
|move|p1a: Tentacruel|Toxic Spikes|p2a: Cyrus
|-sidestart|p2: nemar|move: Toxic Spikes
|move|p2a: Cyrus|Scald|p1a: Tentacruel
|-resisted|p1a: Tentacruel
|-damage|p1a: Tentacruel|281\/361
|
|-heal|p1a: Tentacruel|303\/361|[from] item: Black Sludge
|turn|14
|
|move|p1a: Tentacruel|Scald|p2a: Cyrus
|-heal|p2a: Cyrus|464\/464|[from] ability: Water Absorb|[of] p1a: Tentacruel
|move|p2a: Cyrus|Scald|p1a: Tentacruel
|-crit|p1a: Tentacruel
|-resisted|p1a: Tentacruel
|-damage|p1a: Tentacruel|242\/361
|-status|p1a: Tentacruel|brn
|
|-heal|p1a: Tentacruel|264\/361 brn|[from] item: Black Sludge
|-damage|p1a: Tentacruel|219\/361 brn|[from] brn
|turn|15
|
|switch|p1a: Blissey|Blissey, F|714\/714
|move|p2a: Cyrus|Scald|p1a: Blissey
|-damage|p1a: Blissey|630\/714
|
|-heal|p1a: Blissey|674\/714|[from] item: Leftovers
|turn|16
|
|switch|p2a: SpinToWin|Forretress, M|323\/354
|move|p1a: Blissey|Heal Bell|p1a: Blissey
|-cureteam|p1a: Blissey|[from] move: HealBell
|
|-heal|p1a: Blissey|714\/714|[from] item: Leftovers
|turn|17
|
|switch|p1a: Tentacruel|Tentacruel, F|219\/361
|move|p2a: SpinToWin|Stealth Rock|p1a: Tentacruel
|-sidestart|p1: ULT Hogg|move: Stealth Rock
|
|-heal|p1a: Tentacruel|241\/361|[from] item: Black Sludge
|turn|18
|
|move|p1a: Tentacruel|Rapid Spin|p2a: SpinToWin
|-resisted|p2a: SpinToWin
|-damage|p2a: SpinToWin|320\/354
|-sideend|p1: ULT Hogg|Stealth Rock|[from] move: Rapid Spin|[of] p1a: Tentacruel
|move|p2a: SpinToWin|Volt Switch|p1a: Tentacruel
|-supereffective|p1a: Tentacruel
|-damage|p1a: Tentacruel|177\/361
|
|switch|p2a: Wump|Aggron, F|323\/344
|
|-heal|p1a: Tentacruel|199\/361|[from] item: Black Sludge
|turn|19
|
|switch|p1a: Flygon|Flygon, F|363\/363
|detailschange|p2a: Wump|Aggron-Mega, F
|-mega|p2a: Wump|Aggron|Aggronite
|move|p2a: Wump|Iron Head|p1a: Flygon
|-damage|p1a: Flygon|261\/363
|
|-heal|p1a: Flygon|283\/363|[from] item: Leftovers
|turn|20
|
|move|p1a: Flygon|Earthquake|p2a: Wump
|-supereffective|p2a: Wump
|-damage|p2a: Wump|236\/344
|move|p2a: Wump|Iron Head|p1a: Flygon
|-crit|p1a: Flygon
|-damage|p1a: Flygon|121\/363
|
|-heal|p1a: Flygon|143\/363|[from] item: Leftovers
|turn|21
|
|move|p1a: Flygon|Roost|p1a: Flygon
|-heal|p1a: Flygon|325\/363
|move|p2a: Wump|Iron Head|p1a: Flygon
|-damage|p1a: Flygon|226\/363
|
|-heal|p1a: Flygon|248\/363|[from] item: Leftovers
|turn|22
|
|move|p1a: Flygon|Earthquake|p2a: Wump
|-supereffective|p2a: Wump
|-damage|p2a: Wump|151\/344
|move|p2a: Wump|Ice Punch|p1a: Flygon
|-supereffective|p1a: Flygon
|-damage|p1a: Flygon|0 fnt
|faint|p1a: Flygon
|
|c|ânemar|i should open with that next time...
|
|switch|p1a: Tentacruel|Tentacruel, F|199\/361
|turn|23
|
|move|p1a: Tentacruel|Scald|p2a: Wump
|-damage|p2a: Wump|81\/344
|-status|p2a: Wump|brn
|move|p2a: Wump|Rest|p2a: Wump
|-status|p2a: Wump|slp
|-heal|p2a: Wump|344\/344 slp|[silent]
|-status|p2a: Wump|slp|[from] move: Rest
|
|-heal|p1a: Tentacruel|221\/361|[from] item: Black Sludge
|turn|24
|
|switch|p1a: Shedinja|Shedinja|1\/1
|switch|p2a: Cyrus|Vaporeon, M|464\/464
|-status|p2a: Cyrus|psn
|
|-damage|p2a: Cyrus|406\/464 psn|[from] psn
|turn|25
|
|move|p1a: Shedinja|X-Scissor|p2a: Cyrus
|-damage|p2a: Cyrus|292\/464 psn
|move|p2a: Cyrus|Heal Bell|p2a: Cyrus
|-cureteam|p2a: Cyrus|[from] move: HealBell
|
|turn|26
|
|switch|p2a: SpinToWin|Forretress, M|320\/354
|move|p1a: Shedinja|Swords Dance|p1a: Shedinja
|-boost|p1a: Shedinja|atk|2
|
|turn|27
|
|move|p1a: Shedinja|Will-O-Wisp|p2a: SpinToWin|[miss]
|-miss|p1a: Shedinja|p2a: SpinToWin
|move|p2a: SpinToWin|Stealth Rock|p1a: Shedinja
|-sidestart|p1: ULT Hogg|move: Stealth Rock
|
|turn|28
|
|switch|p2a: Cyrus|Vaporeon, M|292\/464
|-status|p2a: Cyrus|psn
|move|p1a: Shedinja|Will-O-Wisp|p2a: Cyrus|[miss]
|-miss|p1a: Shedinja|p2a: Cyrus
|
|-damage|p2a: Cyrus|234\/464 psn|[from] psn
|turn|29
|
|switch|p2a: Lassie|Arcanine, F|383\/383
|-status|p2a: Lassie|psn
|-ability|p2a: Lassie|Intimidate|[of] p1a: Shedinja
|-unboost|p1a: Shedinja|atk|1
|move|p1a: Shedinja|Swords Dance|p1a: Shedinja
|-boost|p1a: Shedinja|atk|2
|
|-damage|p2a: Lassie|336\/383 psn|[from] psn
|turn|30
|
|move|p1a: Shedinja|Shadow Sneak|p2a: Lassie
|-crit|p2a: Lassie
|-damage|p2a: Lassie|153\/383 psn
|-damage|p1a: Shedinja|0 fnt|[from] item: Rocky Helmet|[of] p2a: Lassie
|faint|p1a: Shedinja
|move|p2a: Lassie|Will-O-Wisp|p1: Shedinja|[notarget]
|-notarget
|
|-damage|p2a: Lassie|106\/383 psn|[from] psn
|
|switch|p1a: Tentacruel|Tentacruel, F|221\/361
|-damage|p1a: Tentacruel|176\/361|[from] Stealth Rock
|turn|31
|
|move|p1a: Tentacruel|Scald|p2a: Lassie
|-supereffective|p2a: Lassie
|-damage|p2a: Lassie|0 fnt
|faint|p2a: Lassie
|
|-heal|p1a: Tentacruel|198\/361|[from] item: Black Sludge
|
|switch|p2a: Cyrus|Vaporeon, M|234\/464 psn
|turn|32
|
|move|p1a: Tentacruel|Rapid Spin|p2a: Cyrus
|-damage|p2a: Cyrus|223\/464 psn
|-sideend|p1: ULT Hogg|Stealth Rock|[from] move: Rapid Spin|[of] p1a: Tentacruel
|move|p2a: Cyrus|Wish|p2a: Cyrus
|
|-heal|p1a: Tentacruel|220\/361|[from] item: Black Sludge
|-damage|p2a: Cyrus|165\/464 psn|[from] psn
|turn|33
|
|switch|p1a: Kyurem|Kyurem|405\/405
|-ability|p1a: Kyurem|Pressure
|move|p2a: Cyrus|Heal Bell|p2a: Cyrus
|-cureteam|p2a: Cyrus|[from] move: HealBell
|
|-heal|p2a: Cyrus|397\/464|[from] move: Wish|[wisher] Cyrus
|turn|34
|
|move|p1a: Kyurem|Substitute|p1a: Kyurem
|-start|p1a: Kyurem|Substitute
|-damage|p1a: Kyurem|304\/405
|move|p2a: Cyrus|Scald|p1a: Kyurem
|-crit|p1a: Kyurem
|-resisted|p1a: Kyurem
|-activate|p1a: Kyurem|Substitute|[damage]
|
|-heal|p1a: Kyurem|329\/405|[from] item: Leftovers
|turn|35
|
|move|p1a: Kyurem|Ice Beam|p2a: Cyrus
|-resisted|p2a: Cyrus
|-damage|p2a: Cyrus|319\/464
|move|p2a: Cyrus|Scald|p1a: Kyurem
|-resisted|p1a: Kyurem
|-end|p1a: Kyurem|Substitute
|
|-heal|p1a: Kyurem|354\/405|[from] item: Leftovers
|turn|36
|
|move|p1a: Kyurem|Substitute|p1a: Kyurem
|-start|p1a: Kyurem|Substitute
|-damage|p1a: Kyurem|253\/405
|move|p2a: Cyrus|Scald|p1a: Kyurem
|-resisted|p1a: Kyurem
|-activate|p1a: Kyurem|Substitute|[damage]
|
|-heal|p1a: Kyurem|278\/405|[from] item: Leftovers
|turn|37
|
|move|p2a: Cyrus|Scald|p1a: Kyurem
|-resisted|p1a: Kyurem
|-end|p1a: Kyurem|Substitute
|move|p1a: Kyurem|Dragon Tail|p2a: Cyrus
|-damage|p2a: Cyrus|244\/464
|drag|p2a: Wump|Aggron-Mega, F|344\/344
|
|-heal|p1a: Kyurem|303\/405|[from] item: Leftovers
|turn|38
|
|move|p1a: Kyurem|Substitute|p1a: Kyurem
|-start|p1a: Kyurem|Substitute
|-damage|p1a: Kyurem|202\/405
|move|p2a: Wump|Iron Head|p1a: Kyurem
|-supereffective|p1a: Kyurem
|-end|p1a: Kyurem|Substitute
|
|-heal|p1a: Kyurem|227\/405|[from] item: Leftovers
|turn|39
|
|switch|p1a: Aggron|Aggron-Mega, M|202\/344
|move|p2a: Wump|Iron Head|p1a: Aggron
|-resisted|p1a: Aggron
|-damage|p1a: Aggron|175\/344
|
|turn|40
|
|switch|p2a: SpinToWin|Forretress, M|320\/354
|move|p1a: Aggron|Stealth Rock|p2a: SpinToWin
|-sidestart|p2: nemar|move: Stealth Rock
|
|turn|41
|
|switch|p1a: Blissey|Blissey, F|714\/714
|move|p2a: SpinToWin|Rapid Spin|p1a: Blissey
|-damage|p1a: Blissey|694\/714
|-sideend|p2: nemar|Toxic Spikes|[from] move: Rapid Spin|[of] p2a: SpinToWin
|-sideend|p2: nemar|Stealth Rock|[from] move: Rapid Spin|[of] p2a: SpinToWin
|
|-heal|p1a: Blissey|714\/714|[from] item: Leftovers
|turn|42
|
|move|p1a: Blissey|Wish|p1a: Blissey
|move|p2a: SpinToWin|Volt Switch|p1a: Blissey
|-damage|p1a: Blissey|684\/714
|
|switch|p2a: MurdaGator|Krookodile, F|249\/331
|
|-heal|p1a: Blissey|714\/714|[from] item: Leftovers
|turn|43
|
|switch|p1a: Aggron|Aggron-Mega, M|175\/344
|move|p2a: MurdaGator|Earthquake|p1a: Aggron
|-supereffective|p1a: Aggron
|-damage|p1a: Aggron|0 fnt
|faint|p1a: Aggron
|-boost|p2a: MurdaGator|atk|1|[from] ability: Moxie
|
|-message|ULT Hogg forfeited.
|leave|ULT Hogg
|
|win|nemar
|raw|Ladder updating...
|player|p1
|raw|ULT Hogg's rating: 1422 &rarr; <strong>1396<\/strong><br \/>(-26 for losing)
|raw|nemar's rating: 1304 &rarr; <strong>1331<\/strong><br \/>(+27 for winning)