|join|trevor ellis
|join|ULT Hogg
|join|allahu
|player|p1|trevor ellis|112
|player|p2|ULT Hogg|125
|gametype|singles
|gen|6
|tier|UU
|rated
|rule|Sleep Clause Mod: Limit one foe put to sleep
|rule|Species Clause: Limit one of each PokÃ©mon
|rule|OHKO Clause: OHKO moves are banned
|rule|Moody Clause: Moody is banned
|rule|Evasion Moves Clause: Evasion moves are banned
|rule|Endless Battle Clause: Forcing endless battles is banned
|rule|HP Percentage Mod: HP is shown in percentages
|clearpoke
|poke|p1|Yanmega, F
|poke|p1|Empoleon, F
|poke|p1|Absol, M
|poke|p1|Reuniclus, M
|poke|p1|Hydreigon, F
|poke|p1|Rotom-Heat
|poke|p2|Kyurem
|poke|p2|Tentacruel, M
|poke|p2|Florges, F
|poke|p2|Ferroseed, M
|poke|p2|Aerodactyl, F
|poke|p2|Shedinja
|rule|Swagger Clause: Swagger is banned
|rule|Baton Pass Clause: Limit one PokÃ©mon knowing Baton Pass
|teampreview
|c|âtrevor ellis|yo
|c|âULT Hogg|oh hi
|
|start
|switch|p1a: Rotom-Heat|Rotom-Heat|303\/303
|switch|p2a: Aerodactyl|Aerodactyl, F|363\/363
|-ability|p2a: Aerodactyl|Pressure
|turn|1
|
|switch|p1a: Empoleon|Empoleon, F|369\/369
|detailschange|p2a: Aerodactyl|Aerodactyl-Mega, F
|-mega|p2a: Aerodactyl|Aerodactyl|Aerodactylite
|move|p2a: Aerodactyl|Taunt|p1a: Empoleon
|-start|p1a: Empoleon|move: Taunt
|
|turn|2
|
|switch|p2a: Shedinja|Shedinja|1\/1
|switch|p1a: Rotom-Heat|Rotom-Heat|303\/303
|
|turn|3
|
|switch|p2a: Florges|Florges, F|360\/360
|move|p1a: Rotom-Heat|Volt Switch|p2a: Florges
|-damage|p2a: Florges|294\/360
|
|switch|p1a: Empoleon|Empoleon, F|369\/369
|
|-heal|p2a: Florges|316\/360|[from] item: Leftovers
|turn|4
|
|switch|p2a: Kyurem|Kyurem|405\/405
|-ability|p2a: Kyurem|Pressure
|move|p1a: Empoleon|Stealth Rock|p2a: Kyurem
|-sidestart|p2: ULT Hogg|move: Stealth Rock
|
|turn|5
|c|âtrevor ellis|lol get wrecked
|c|âtrevor ellis|why did u talk shut
|c|âtrevor ellis|*shit
|c| allahu|he broke our agreement
|c|âtrevor ellis|?
|c| allahu|he says dont mention me, then he continues to talk to me
|c|âULT Hogg|I talked shit?
|c|âtrevor ellis|n
|c|âULT Hogg|ah
|c|âULT Hogg|oh, the main UU chat
|c|âULT Hogg|nm
|c|âtrevor ellis|ur cool i cant remember u ever talking shit lol
|
|move|p2a: Kyurem|Substitute|p2a: Kyurem
|-start|p2a: Kyurem|Substitute
|-damage|p2a: Kyurem|304\/405
|move|p1a: Empoleon|Flash Cannon|p2a: Kyurem
|-supereffective|p2a: Kyurem
|-end|p2a: Kyurem|Substitute
|
|-heal|p2a: Kyurem|329\/405|[from] item: Leftovers
|turn|6
|c| allahu|king uu is sensitive lately
|c|âtrevor ellis|lol
|
|switch|p2a: Tentacruel|Tentacruel, M|352\/352
|-damage|p2a: Tentacruel|308\/352|[from] Stealth Rock
|switch|p1a: Rotom-Heat|Rotom-Heat|303\/303
|
|-heal|p2a: Tentacruel|330\/352|[from] item: Black Sludge
|turn|7
|c|âtrevor ellis|u shouldnt of talked shit
|c| allahu|its not really banworthy tho
|
|move|p2a: Tentacruel|Rapid Spin|p1a: Rotom-Heat
|-damage|p1a: Rotom-Heat|292\/303
|-sideend|p2: ULT Hogg|Stealth Rock|[from] move: Rapid Spin|[of] p2a: Tentacruel
|move|p1a: Rotom-Heat|Volt Switch|p2a: Tentacruel
|-supereffective|p2a: Tentacruel
|-damage|p2a: Tentacruel|162\/352
|c|âtrevor ellis|u were being too much of a ban me plz
|
|switch|p1a: Absol|Absol, M|271\/271
|
|-heal|p2a: Tentacruel|184\/352|[from] item: Black Sludge
|turn|8
|c| allahu|but why wuold he talk to me like 10 times after he said not to mention his name
|
|switch|p2a: Florges|Florges, F|316\/360
|detailschange|p1a: Absol|Absol-Mega, M
|-mega|p1a: Absol|Absol|Absolite
|move|p1a: Absol|Knock Off|p2a: Florges
|-resisted|p2a: Florges
|-damage|p2a: Florges|220\/360
|-enditem|p2a: Florges|Leftovers|[from] move: Knock Off|[of] p1a: Absol
|
|turn|9
|
|switch|p1a: Empoleon|Empoleon, F|369\/369
|move|p2a: Florges|Wish|p2a: Florges
|
|turn|10
|
|switch|p2a: Tentacruel|Tentacruel, M|184\/352
|move|p1a: Empoleon|Stealth Rock|p2a: Tentacruel
|-sidestart|p2: ULT Hogg|move: Stealth Rock
|
|-heal|p2a: Tentacruel|352\/352|[from] move: Wish|[wisher] Florges
|turn|11
|c| allahu|tf just happened now
|join|ITS IGGY IGGS
|c|âtrevor ellis|just chill with him
|c| allahu|i mean why did he re-ban me
|c|âtrevor ellis|idk
|
|switch|p1a: Rotom-Heat|Rotom-Heat|292\/303
|move|p2a: Tentacruel|Rapid Spin|p1a: Rotom-Heat
|-crit|p1a: Rotom-Heat
|-damage|p1a: Rotom-Heat|277\/303
|-sideend|p2: ULT Hogg|Stealth Rock|[from] move: Rapid Spin|[of] p2a: Tentacruel
|
|-heal|p1a: Rotom-Heat|295\/303|[from] item: Leftovers
|turn|12
|
|move|p2a: Tentacruel|Scald|p1a: Rotom-Heat
|-supereffective|p1a: Rotom-Heat
|-damage|p1a: Rotom-Heat|143\/303
|move|p1a: Rotom-Heat|Volt Switch|p2a: Tentacruel
|-supereffective|p2a: Tentacruel
|-damage|p2a: Tentacruel|184\/352
|
|switch|p1a: Reuniclus|Reuniclus, M|405\/405
|
|-heal|p2a: Tentacruel|206\/352|[from] item: Black Sludge
|turn|13
|
|switch|p2a: Shedinja|Shedinja|1\/1
|move|p1a: Reuniclus|Shadow Ball|p2a: Shedinja
|-supereffective|p2a: Shedinja
|-enditem|p2a: Shedinja|Focus Sash
|-damage|p2a: Shedinja|1\/1
|
|turn|14
|
|switch|p2a: Aerodactyl|Aerodactyl-Mega, F|363\/363
|switch|p1a: Empoleon|Empoleon, F|369\/369
|
|turn|15
|c|âtrevor ellis|dude i got u unbanned
|c|âtrevor ellis|chill
|
|switch|p2a: Tentacruel|Tentacruel, M|206\/352
|move|p1a: Empoleon|Scald|p2a: Tentacruel
|-resisted|p2a: Tentacruel
|-damage|p2a: Tentacruel|145\/352
|
|-heal|p2a: Tentacruel|167\/352|[from] item: Black Sludge
|turn|16
|
|move|p2a: Tentacruel|Toxic Spikes|p1a: Empoleon
|-sidestart|p1: trevor ellis|move: Toxic Spikes
|move|p1a: Empoleon|Scald|p2a: Tentacruel
|-resisted|p2a: Tentacruel
|-damage|p2a: Tentacruel|106\/352
|
|-heal|p2a: Tentacruel|128\/352|[from] item: Black Sludge
|turn|17
|c| allahu|king uu is not to good with criticism of his moderating
|c|âtrevor ellis|it doesnt matter
|c| allahu|and i dont respect that
|
|switch|p2a: Shedinja|Shedinja|1\/1
|move|p1a: Empoleon|Stealth Rock|p2a: Shedinja
|-sidestart|p2: ULT Hogg|move: Stealth Rock
|
|turn|18
|c|âtrevor ellis|respect should never be used in the context of pkmn unless its about skill
|
|switch|p1a: Rotom-Heat|Rotom-Heat|143\/303
|move|p2a: Shedinja|X-Scissor|p1a: Rotom-Heat
|-resisted|p1a: Rotom-Heat
|-damage|p1a: Rotom-Heat|81\/303
|
|-heal|p1a: Rotom-Heat|99\/303|[from] item: Leftovers
|turn|19
|c|âtrevor ellis|who gives a fuck
|
|switch|p2a: Florges|Florges, F|220\/360
|-damage|p2a: Florges|175\/360|[from] Stealth Rock
|move|p1a: Rotom-Heat|Volt Switch|p2a: Florges
|-damage|p2a: Florges|105\/360
|
|switch|p1a: Reuniclus|Reuniclus, M|405\/405
|-status|p1a: Reuniclus|psn
|
|turn|20
|
|move|p2a: Florges|Wish|p2a: Florges
|move|p1a: Reuniclus|Calm Mind|p1a: Reuniclus
|-boost|p1a: Reuniclus|spa|1
|-boost|p1a: Reuniclus|spd|1
|
|turn|21
|
|move|p2a: Florges|Protect|p2a: Florges
|-singleturn|p2a: Florges|Protect
|move|p1a: Reuniclus|Psyshock|p2a: Florges
|-activate|p2a: Florges|Protect
|
|-heal|p2a: Florges|285\/360|[from] move: Wish|[wisher] Florges
|turn|22
|
|switch|p2a: Ferroseed|Ferroseed, M|292\/292
|-damage|p2a: Ferroseed|274\/292|[from] Stealth Rock
|move|p1a: Reuniclus|Calm Mind|p1a: Reuniclus
|-boost|p1a: Reuniclus|spa|1
|-boost|p1a: Reuniclus|spd|1
|
|turn|23
|
|move|p1a: Reuniclus|Shadow Ball|p2a: Ferroseed
|-damage|p2a: Ferroseed|140\/292
|move|p2a: Ferroseed|Stealth Rock|p1a: Reuniclus
|-sidestart|p1: trevor ellis|move: Stealth Rock
|
|turn|24
|c|âtrevor ellis|this is dh right
|c|âULT Hogg|testing it out for next month, yeah
|c|âULT Hogg|mainly trying to see if ferro will work on a DH team
|c|âULT Hogg|and trying to get my low ladder ULT out of the way
|c|âtrevor ellis|ult?
|c|âULT Hogg|uu ladder tour
|c|âtrevor ellis|theres one for uu rn?
|
|move|p1a: Reuniclus|Shadow Ball|p2a: Ferroseed
|-damage|p2a: Ferroseed|9\/292
|move|p2a: Ferroseed|Spikes|p1a: Reuniclus
|-sidestart|p1: trevor ellis|Spikes
|
|turn|25
|c|âULT Hogg|yeah
|
|switch|p2a: Kyurem|Kyurem|329\/405
|-damage|p2a: Kyurem|228\/405|[from] Stealth Rock
|-ability|p2a: Kyurem|Pressure
|move|p1a: Reuniclus|Shadow Ball|p2a: Kyurem
|-damage|p2a: Kyurem|50\/405
|
|-heal|p2a: Kyurem|75\/405|[from] item: Leftovers
|turn|26
|c|âtrevor ellis|link me
|c|âULT Hogg|http:\/\/www.smogon.com\/forums\/threads\/oras-underused-ladder-tournament.3527810\/
|
|move|p2a: Kyurem|Roost|p2a: Kyurem
|-heal|p2a: Kyurem|278\/405
|move|p1a: Reuniclus|Shadow Ball|p2a: Kyurem
|-damage|p2a: Kyurem|94\/405
|
|-heal|p2a: Kyurem|119\/405|[from] item: Leftovers
|turn|27
|
|move|p2a: Kyurem|Substitute|p2a: Kyurem
|-start|p2a: Kyurem|Substitute
|-damage|p2a: Kyurem|18\/405
|move|p1a: Reuniclus|Psyshock|p2a: Kyurem
|-end|p2a: Kyurem|Substitute
|
|-heal|p2a: Kyurem|43\/405|[from] item: Leftovers
|turn|28
|
|move|p2a: Kyurem|Roost|p2a: Kyurem
|-heal|p2a: Kyurem|246\/405
|move|p1a: Reuniclus|Psyshock|p2a: Kyurem
|-damage|p2a: Kyurem|0 fnt
|faint|p2a: Kyurem
|
|c|âULT Hogg|hmm
|c|âULT Hogg|that's probably gg
|c|âtrevor ellis|ye
|c|âULT Hogg|not much I can do about shadow ball reuni
|
|switch|p2a: Tentacruel|Tentacruel, M|128\/352
|-damage|p2a: Tentacruel|84\/352|[from] Stealth Rock
|turn|29
|
|switch|p1a: Empoleon|Empoleon, F|369\/369
|-damage|p1a: Empoleon|323\/369|[from] Spikes
|-damage|p1a: Empoleon|300\/369|[from] Stealth Rock
|move|p2a: Tentacruel|Rapid Spin|p1a: Empoleon
|-crit|p1a: Empoleon
|-resisted|p1a: Empoleon
|-damage|p1a: Empoleon|292\/369
|-sideend|p2: ULT Hogg|Stealth Rock|[from] move: Rapid Spin|[of] p2a: Tentacruel
|
|-heal|p2a: Tentacruel|106\/352|[from] item: Black Sludge
|-heal|p1a: Empoleon|315\/369|[from] item: Leftovers
|turn|30
|
|move|p2a: Tentacruel|Scald|p1a: Empoleon
|-resisted|p1a: Empoleon
|-damage|p1a: Empoleon|276\/369
|-status|p1a: Empoleon|brn
|move|p1a: Empoleon|Defog|p2a: Tentacruel
|-unboost|p2a: Tentacruel|evasion|1
|-sideend|p1: trevor ellis|Spikes|[from] move: Defog|[of] p1a: Empoleon
|-sideend|p1: trevor ellis|Toxic Spikes|[from] move: Defog|[of] p1a: Empoleon
|-sideend|p1: trevor ellis|Stealth Rock|[from] move: Defog|[of] p1a: Empoleon
|
|-heal|p2a: Tentacruel|128\/352|[from] item: Black Sludge
|-heal|p1a: Empoleon|299\/369 brn|[from] item: Leftovers
|-damage|p1a: Empoleon|253\/369 brn|[from] brn
|turn|31
|
|move|p2a: Tentacruel|Scald|p1a: Empoleon
|-resisted|p1a: Empoleon
|-damage|p1a: Empoleon|217\/369 brn
|move|p1a: Empoleon|Scald|p2a: Tentacruel
|-resisted|p2a: Tentacruel
|-damage|p2a: Tentacruel|72\/352
|
|-heal|p2a: Tentacruel|94\/352|[from] item: Black Sludge
|-heal|p1a: Empoleon|240\/369 brn|[from] item: Leftovers
|-damage|p1a: Empoleon|194\/369 brn|[from] brn
|turn|32
|
|move|p2a: Tentacruel|Toxic Spikes|p1a: Empoleon
|-sidestart|p1: trevor ellis|move: Toxic Spikes
|move|p1a: Empoleon|Stealth Rock|p2a: Tentacruel
|-sidestart|p2: ULT Hogg|move: Stealth Rock
|
|-heal|p2a: Tentacruel|116\/352|[from] item: Black Sludge
|-heal|p1a: Empoleon|217\/369 brn|[from] item: Leftovers
|-damage|p1a: Empoleon|171\/369 brn|[from] brn
|turn|33
|leave|allahu
|join|allahu
|
|move|p2a: Tentacruel|Rapid Spin|p1a: Empoleon
|-resisted|p1a: Empoleon
|-damage|p1a: Empoleon|165\/369 brn
|-sideend|p2: ULT Hogg|Stealth Rock|[from] move: Rapid Spin|[of] p2a: Tentacruel
|move|p1a: Empoleon|Scald|p2a: Tentacruel
|-resisted|p2a: Tentacruel
|-damage|p2a: Tentacruel|58\/352
|
|-heal|p2a: Tentacruel|80\/352|[from] item: Black Sludge
|-heal|p1a: Empoleon|188\/369 brn|[from] item: Leftovers
|-damage|p1a: Empoleon|142\/369 brn|[from] brn
|turn|34
|
|switch|p2a: Shedinja|Shedinja|1\/1
|move|p1a: Empoleon|Scald|p2a: Shedinja
|-activate|p2a: Shedinja|ability: Wonder Guard
|
|-heal|p1a: Empoleon|165\/369 brn|[from] item: Leftovers
|-damage|p1a: Empoleon|119\/369 brn|[from] brn
|turn|35
|
|move|p2a: Shedinja|X-Scissor|p1a: Empoleon
|-resisted|p1a: Empoleon
|-damage|p1a: Empoleon|47\/369 brn
|move|p1a: Empoleon|Stealth Rock|p2a: Shedinja
|-sidestart|p2: ULT Hogg|move: Stealth Rock
|
|-heal|p1a: Empoleon|70\/369 brn|[from] item: Leftovers
|-damage|p1a: Empoleon|24\/369 brn|[from] brn
|turn|36
|
|switch|p1a: Yanmega|Yanmega, F|313\/313
|move|p2a: Shedinja|X-Scissor|p1a: Yanmega
|-crit|p1a: Yanmega
|-resisted|p1a: Yanmega
|-damage|p1a: Yanmega|205\/313
|
|turn|37
|
|switch|p2a: Aerodactyl|Aerodactyl-Mega, F|363\/363
|-damage|p2a: Aerodactyl|273\/363|[from] Stealth Rock
|move|p1a: Yanmega|Air Slash|p2a: Aerodactyl
|-resisted|p2a: Aerodactyl
|-damage|p2a: Aerodactyl|196\/363
|-damage|p1a: Yanmega|174\/313|[from] item: Life Orb
|
|-boost|p1a: Yanmega|spe|1|[from] ability: Speed Boost
|turn|38
|
|move|p1a: Yanmega|Giga Drain|p2a: Aerodactyl
|-damage|p2a: Aerodactyl|87\/363
|-heal|p1a: Yanmega|229\/313|[from] drain|[of] p2a: Aerodactyl
|-damage|p1a: Yanmega|198\/313|[from] item: Life Orb
|move|p2a: Aerodactyl|Defog|p1a: Yanmega
|-unboost|p1a: Yanmega|evasion|1
|-sideend|p1: trevor ellis|Toxic Spikes|[from] move: Defog|[of] p1a: Yanmega
|-sideend|p2: ULT Hogg|Stealth Rock|[from] move: Defog|[of] p2a: Aerodactyl
|
|-boost|p1a: Yanmega|spe|1|[from] ability: Speed Boost
|turn|39
|
|switch|p1a: Rotom-Heat|Rotom-Heat|99\/303
|move|p2a: Aerodactyl|Roost|p2a: Aerodactyl
|-heal|p2a: Aerodactyl|269\/363
|
|-heal|p1a: Rotom-Heat|117\/303|[from] item: Leftovers
|turn|40
|
|switch|p2a: Florges|Florges, F|285\/360
|switch|p1a: Empoleon|Empoleon, F|24\/369 brn
|
|-heal|p1a: Empoleon|47\/369 brn|[from] item: Leftovers
|-damage|p1a: Empoleon|1\/369 brn|[from] brn
|turn|41
|
|switch|p1a: Reuniclus|Reuniclus, M|405\/405 psn
|move|p2a: Florges|Moonblast|p1a: Reuniclus
|-damage|p1a: Reuniclus|264\/405 psn
|
|-heal|p1a: Reuniclus|289\/405 psn|[from] item: Leftovers
|turn|42
|
|switch|p2a: Aerodactyl|Aerodactyl-Mega, F|269\/363
|move|p1a: Reuniclus|Calm Mind|p1a: Reuniclus
|-boost|p1a: Reuniclus|spa|1
|-boost|p1a: Reuniclus|spd|1
|
|-heal|p1a: Reuniclus|314\/405 psn|[from] item: Leftovers
|turn|43
|
|move|p2a: Aerodactyl|Taunt|p1a: Reuniclus
|-start|p1a: Reuniclus|move: Taunt
|move|p1a: Reuniclus|Psyshock|p2a: Aerodactyl
|-damage|p2a: Aerodactyl|55\/363
|
|-heal|p1a: Reuniclus|339\/405 psn|[from] item: Leftovers
|turn|44
|
|move|p2a: Aerodactyl|Aerial Ace|p1a: Reuniclus
|-damage|p1a: Reuniclus|227\/405 psn
|move|p1a: Reuniclus|Shadow Ball|p2a: Aerodactyl
|-damage|p2a: Aerodactyl|0 fnt
|faint|p2a: Aerodactyl
|
|-heal|p1a: Reuniclus|252\/405 psn|[from] item: Leftovers
|
|switch|p2a: Florges|Florges, F|285\/360
|turn|45
|
|move|p2a: Florges|Moonblast|p1a: Reuniclus
|-crit|p1a: Reuniclus
|-damage|p1a: Reuniclus|56\/405 psn
|move|p1a: Reuniclus|Psyshock|p2a: Florges
|-damage|p2a: Florges|96\/360
|
|-heal|p1a: Reuniclus|81\/405 psn|[from] item: Leftovers
|-end|p1a: Reuniclus|move: Taunt
|turn|46
|
|move|p2a: Florges|Moonblast|p1a: Reuniclus
|-damage|p1a: Reuniclus|0 fnt
|faint|p1a: Reuniclus
|
|c|âULT Hogg|well, the good news is I stopped a reuni sweep
|c|âULT Hogg|the bad news is with florges weakened
|c|âULT Hogg|I can't beat absol
|c|âULT Hogg|or yanmega for that matter
|c|âULT Hogg|gg
|
|switch|p1a: Yanmega|Yanmega, F|198\/313
|turn|47
|c|âtrevor ellis|gg
|join|LiberalLucario
|
|move|p1a: Yanmega|Air Slash|p2a: Florges|[miss]
|-miss|p1a: Yanmega|p2a: Florges
|move|p2a: Florges|Wish|p2a: Florges
|
|-boost|p1a: Yanmega|spe|1|[from] ability: Speed Boost
|turn|48
|c|âtrevor ellis|lol
|c|âtrevor ellis|fk
|c|âULT Hogg|...........
|
|switch|p1a: Rotom-Heat|Rotom-Heat|117\/303
|move|p2a: Florges|Protect|p2a: Florges
|-fail|p2a: Florges
|
|-heal|p2a: Florges|276\/360|[from] move: Wish|[wisher] Florges
|-heal|p1a: Rotom-Heat|135\/303|[from] item: Leftovers
|turn|49
|c|âtrevor ellis|i already knew it would happen
|
|move|p1a: Rotom-Heat|Pain Split|p2a: Florges
|-sethp|p2a: Florges|205\/360|p1a: Rotom-Heat|205\/303|[from] move: Pain Split
|move|p2a: Florges|Moonblast|p1a: Rotom-Heat
|-resisted|p1a: Rotom-Heat
|-damage|p1a: Rotom-Heat|151\/303
|
|-heal|p1a: Rotom-Heat|169\/303|[from] item: Leftovers
|turn|50
|
|move|p1a: Rotom-Heat|Volt Switch|p2a: Florges
|-damage|p2a: Florges|139\/360
|
|switch|p1a: Empoleon|Empoleon, F|1\/369 brn
|move|p2a: Florges|Wish|p2a: Florges
|
|-heal|p1a: Empoleon|24\/369 brn|[from] item: Leftovers
|-damage|p1a: Empoleon|0 fnt|[from] brn
|faint|p1a: Empoleon
|c| LiberalLucario|nice florges counters trevor ellis
|
|switch|p1a: Absol|Absol-Mega, M|271\/271
|turn|51
|c|âtrevor ellis|i have empoleon
|c|âtrevor ellis|and reuin
|c| LiberalLucario|but theyre dead
|c| LiberalLucario|:^)
|c|âtrevor ellis|that is true
|join|thunderkid blitz
|
|move|p1a: Absol|Iron Tail|p2a: Florges
|-crit|p2a: Florges
|-supereffective|p2a: Florges
|-damage|p2a: Florges|0 fnt
|faint|p2a: Florges
|
|c|âULT Hogg|ah
|c|âULT Hogg|and here I was excited about play rough maxing at 37%
|
|switch|p2a: Tentacruel|Tentacruel, M|80\/352
|turn|52
|c|âtrevor ellis|ye i have to use iron tail ab
|join|xShiba
|c|âtrevor ellis|fairys can fuck me as u can see
|
|move|p1a: Absol|Knock Off|p2a: Tentacruel
|-damage|p2a: Tentacruel|0 fnt
|-enditem|p2a: Tentacruel|Black Sludge|[from] move: Knock Off|[of] p1a: Absol
|faint|p2a: Tentacruel
|
|c|âULT Hogg|I have florges specifically because absol just runs through this team like water
|c|âULT Hogg|but iron tail absol makes that pretty shaky
|
|switch|p2a: Ferroseed|Ferroseed, M|9\/292
|turn|53
|c|âULT Hogg|maybe I should get, um
|c|âULT Hogg|audino
|c|âtrevor ellis|ye reuin+flash empol can do the trick most of the times i think
|c|âULT Hogg|there we go
|
|move|p1a: Absol|Knock Off|p2a: Ferroseed
|-damage|p2a: Ferroseed|0 fnt
|-damage|p1a: Absol|238\/271|[from] ability: Iron Barbs|[of] p2a: Ferroseed
|-enditem|p2a: Ferroseed|Eviolite|[from] move: Knock Off|[of] p1a: Absol
|faint|p2a: Ferroseed
|
|c|âtrevor ellis|audio is so passive tho thats the only issue
|c|âULT Hogg|true, but it counters drei and absol pretty well
|c|âULT Hogg|and it clerics
|c|âULT Hogg|which is the main reason I'm running florges
|c|âULT Hogg|losing maero as my stallbreaker would suck though
|c|âtrevor ellis|ye
|
|switch|p2a: Shedinja|Shedinja|1\/1
|turn|54
|c|âtrevor ellis|empol could also work
|c|âULT Hogg|that's true
|c|âULT Hogg|or I could just make a real team
|c|âtrevor ellis|not in florges spot ofc
|c|âULT Hogg|and stop trying to make ferroseed work
|c|âtrevor ellis|i really want to fit defiant empo
|c|âtrevor ellis|knock off as phys move i feel it could put in work
|
|move|p1a: Absol|Knock Off|p2a: Shedinja
|-supereffective|p2a: Shedinja
|-damage|p2a: Shedinja|0 fnt
|faint|p2a: Shedinja
|
|win|trevor ellis
|raw|Ladder updating...
|c|âULT Hogg|gg
|raw|trevor ellis's rating: 1533 &rarr; <strong>1549<\/strong><br \/>(+16 for winning)
|raw|ULT Hogg's rating: 1458 &rarr; <strong>1442<\/strong><br \/>(-16 for losing)
|c|âtrevor ellis|gg
|leave|trevor ellis
|leave|thunderkid blitz
|player|p1
|leave|ULT Hogg
|leave|xShiba
|player|p2
|leave|LiberalLucario