|join|bulbamaniac1
|join|ULT Hogg
|player|p1|bulbamaniac1|52
|player|p2|ULT Hogg|125
|gametype|singles
|gen|6
|tier|UU
|rule|Sleep Clause Mod: Limit one foe put to sleep
|rule|Species Clause: Limit one of each PokÃ©mon
|rule|OHKO Clause: OHKO moves are banned
|rule|Moody Clause: Moody is banned
|rule|Evasion Moves Clause: Evasion moves are banned
|rule|Endless Battle Clause: Forcing endless battles is banned
|rule|HP Percentage Mod: HP is shown in percentages
|clearpoke
|poke|p1|Suicune
|poke|p1|Porygon-Z
|poke|p1|Donphan, F
|poke|p1|Azelf
|poke|p1|Darmanitan, F
|poke|p1|Medicham, F
|poke|p2|Kyurem
|poke|p2|Tentacruel, F
|poke|p2|Florges, F
|poke|p2|Ferroseed, F
|poke|p2|Aerodactyl, F
|poke|p2|Shedinja
|rule|Swagger Clause: Swagger is banned
|rule|Baton Pass Clause: Limit one PokÃ©mon knowing Baton Pass
|teampreview
|
|start
|switch|p1a: Azelf|Azelf|292\/292
|switch|p2a: Aerodactyl|Aerodactyl, F|363\/363
|-ability|p2a: Aerodactyl|Pressure
|turn|1
|join|SmashBrosBrawl
|
|detailschange|p2a: Aerodactyl|Aerodactyl-Mega, F
|-mega|p2a: Aerodactyl|Aerodactyl|Aerodactylite
|move|p2a: Aerodactyl|Taunt|p1a: Azelf
|-start|p1a: Azelf|move: Taunt
|cant|p1a: Azelf|move: Taunt|Reflect
|
|turn|2
|
|switch|p1a: Porygon-Z|Porygon-Z|311\/311
|move|p2a: Aerodactyl|Aerial Ace|p1a: Porygon-Z
|-damage|p1a: Porygon-Z|149\/311
|
|turn|3
|
|move|p2a: Aerodactyl|Aerial Ace|p1a: Porygon-Z
|-damage|p1a: Porygon-Z|0 fnt
|faint|p1a: Porygon-Z
|
|
|switch|p1a: Suicune|Suicune|404\/404
|-ability|p1a: Suicune|Pressure
|turn|4
|
|switch|p2a: Ferroseed|Ferroseed, F|292\/292
|move|p1a: Suicune|Scald|p2a: Ferroseed
|-resisted|p2a: Ferroseed
|-damage|p2a: Ferroseed|258\/292
|-status|p2a: Ferroseed|brn
|
|-damage|p2a: Ferroseed|222\/292 brn|[from] brn
|turn|5
|c|+SmashBrosBrawl|ban scald
|c|âbulbamaniac1|lol
|
|switch|p1a: Azelf|Azelf|292\/292
|move|p2a: Ferroseed|Leech Seed|p1a: Azelf
|-start|p1a: Azelf|move: Leech Seed
|
|-damage|p1a: Azelf|256\/292|[from] Leech Seed|[of] p2a: Ferroseed
|-heal|p2a: Ferroseed|258\/292 brn|[silent]
|-damage|p2a: Ferroseed|222\/292 brn|[from] brn
|turn|6
|
|switch|p2a: Aerodactyl|Aerodactyl-Mega, F|363\/363
|move|p1a: Azelf|Reflect|p1a: Azelf
|-sidestart|p1: bulbamaniac1|Reflect
|
|-damage|p1a: Azelf|220\/292|[from] Leech Seed|[of] p2a: Aerodactyl
|turn|7
|
|switch|p1a: Donphan|Donphan, F|364\/364
|move|p2a: Aerodactyl|Taunt|p1a: Donphan
|-start|p1a: Donphan|move: Taunt
|
|turn|8
|
|move|p1a: Donphan|Ice Shard|p2a: Aerodactyl
|-supereffective|p2a: Aerodactyl
|-damage|p2a: Aerodactyl|247\/363
|move|p2a: Aerodactyl|Defog|p1a: Donphan
|-unboost|p1a: Donphan|evasion|1
|-sideend|p1: bulbamaniac1|Reflect
|-sideend|p1: bulbamaniac1|Reflect|[from] move: Defog|[of] p1a: Donphan
|
|turn|9
|
|switch|p2a: Kyurem|Kyurem|405\/405
|-ability|p2a: Kyurem|Pressure
|move|p1a: Donphan|Ice Shard|p2a: Kyurem
|-damage|p2a: Kyurem|354\/405
|
|-heal|p2a: Kyurem|379\/405|[from] item: Leftovers
|turn|10
|join|Snowballin
|
|move|p2a: Kyurem|Substitute|p2a: Kyurem
|-start|p2a: Kyurem|Substitute
|-damage|p2a: Kyurem|278\/405
|move|p1a: Donphan|Knock Off|p2a: Kyurem
|-end|p2a: Kyurem|Substitute
|
|-heal|p2a: Kyurem|303\/405|[from] item: Leftovers
|-end|p1a: Donphan|move: Taunt
|turn|11
|
|move|p2a: Kyurem|Ice Beam|p1a: Donphan
|-supereffective|p1a: Donphan
|-damage|p1a: Donphan|34\/364
|move|p1a: Donphan|Knock Off|p2a: Kyurem
|-damage|p2a: Kyurem|180\/405
|-enditem|p2a: Kyurem|Leftovers|[from] move: Knock Off|[of] p1a: Donphan
|
|turn|12
|
|move|p2a: Kyurem|Ice Beam|p1a: Donphan
|-supereffective|p1a: Donphan
|-damage|p1a: Donphan|0 fnt
|faint|p1a: Donphan
|
|
|switch|p1a: Darmanitan|Darmanitan, F|351\/351
|turn|13
|
|move|p1a: Darmanitan|Rock Slide|p2a: Kyurem
|-supereffective|p2a: Kyurem
|-damage|p2a: Kyurem|0 fnt
|faint|p2a: Kyurem
|
|
|switch|p2a: Ferroseed|Ferroseed, F|222\/292 brn
|turn|14
|
|switch|p1a: Azelf|Azelf|220\/292
|move|p2a: Ferroseed|Stealth Rock|p1a: Azelf
|-sidestart|p1: bulbamaniac1|move: Stealth Rock
|
|-damage|p2a: Ferroseed|186\/292 brn|[from] brn
|turn|15
|
|switch|p2a: Tentacruel|Tentacruel, F|352\/352
|move|p1a: Azelf|Reflect|p1a: Azelf
|-sidestart|p1: bulbamaniac1|Reflect
|
|turn|16
|
|move|p1a: Azelf|Knock Off|p2a: Tentacruel
|-damage|p2a: Tentacruel|252\/352
|-enditem|p2a: Tentacruel|Black Sludge|[from] move: Knock Off|[of] p1a: Azelf
|move|p2a: Tentacruel|Toxic Spikes|p1a: Azelf
|-sidestart|p1: bulbamaniac1|move: Toxic Spikes
|
|turn|17
|c|âbulbamaniac1|no taunt :(
|
|move|p1a: Azelf|Knock Off|p2a: Tentacruel
|-damage|p2a: Tentacruel|174\/352
|move|p2a: Tentacruel|Knock Off|p1a: Azelf
|-supereffective|p1a: Azelf
|-damage|p1a: Azelf|145\/292
|-enditem|p1a: Azelf|Light Clay|[from] move: Knock Off|[of] p2a: Tentacruel
|
|turn|18
|
|move|p1a: Azelf|Knock Off|p2a: Tentacruel
|-damage|p2a: Tentacruel|103\/352
|move|p2a: Tentacruel|Scald|p1a: Azelf
|-damage|p1a: Azelf|37\/292
|
|turn|19
|
|move|p1a: Azelf|Knock Off|p2a: Tentacruel
|-damage|p2a: Tentacruel|30\/352
|move|p2a: Tentacruel|Toxic Spikes|p1a: Azelf
|-sidestart|p1: bulbamaniac1|move: Toxic Spikes
|
|turn|20
|
|move|p1a: Azelf|Knock Off|p2a: Tentacruel
|-damage|p2a: Tentacruel|0 fnt
|faint|p2a: Tentacruel
|
|
|switch|p2a: Aerodactyl|Aerodactyl-Mega, F|247\/363
|turn|21
|join|ULT Donphantastic
|c| ULT Donphantastic|hogg
|c|âULT Hogg|hey
|c| ULT Donphantastic|why do you have the legendary ferrodinja core
|
|move|p2a: Aerodactyl|Aerial Ace|p1a: Azelf
|-damage|p1a: Azelf|0 fnt
|faint|p1a: Azelf
|
|join|allstar124
|c|âULT Hogg|because I hate being fair
|
|switch|p1a: Suicune|Suicune|404\/404
|-status|p1a: Suicune|tox
|-damage|p1a: Suicune|354\/404 tox|[from] Stealth Rock
|-ability|p1a: Suicune|Pressure
|turn|22
|c|âbulbamaniac1|lol
|
|switch|p2a: Shedinja|Shedinja|1\/1
|move|p1a: Suicune|Scald|p2a: Shedinja
|-activate|p2a: Shedinja|ability: Wonder Guard
|
|-heal|p1a: Suicune|379\/404 tox|[from] item: Leftovers
|-damage|p1a: Suicune|354\/404 tox|[from] psn
|-sideend|p1: bulbamaniac1|Reflect
|turn|23
|c| Snowballin|bow down to the god
|c| Snowballin|lol
|c| ULT Donphantastic|does sheddy win yet
|join|ULT Narcotics
|c| ULT Donphantastic|sd
|c| ULT Donphantastic|sd
|c| ULT Donphantastic|sd
|c| ULT Donphantastic|sd
|c|âbulbamaniac1|lol
|c| ULT Donphantastic|sd
|
|switch|p1a: Darmanitan|Darmanitan, F|351\/351
|-damage|p1a: Darmanitan|264\/351|[from] Stealth Rock
|-status|p1a: Darmanitan|tox
|move|p2a: Shedinja|Swords Dance|p2a: Shedinja
|-boost|p2a: Shedinja|atk|2
|
|-damage|p1a: Darmanitan|243\/351 tox|[from] psn
|turn|24
|c| Snowballin|ye it wins
|c| Snowballin|lol
|c|âbulbamaniac1|sweep
|
|move|p2a: Shedinja|Shadow Sneak|p1a: Darmanitan
|-damage|p1a: Darmanitan|44\/351 tox
|move|p1a: Darmanitan|Flare Blitz|p2a: Shedinja
|-supereffective|p2a: Shedinja
|-enditem|p2a: Shedinja|Focus Sash
|-damage|p2a: Shedinja|1\/1
|-damage|p1a: Darmanitan|43\/351 tox|[from] recoil|[of] p2a: Shedinja
|
|-damage|p1a: Darmanitan|1\/351 tox|[from] psn
|turn|25
|join|Fire Lord Mako
|
|move|p2a: Shedinja|Shadow Sneak|p1a: Darmanitan
|-damage|p1a: Darmanitan|0 fnt
|faint|p1a: Darmanitan
|
|c|âbulbamaniac1|gg
|c|âULT Hogg|gg
|
|switch|p1a: Medicham|Medicham, F|265\/265
|-status|p1a: Medicham|tox
|-damage|p1a: Medicham|249\/265 tox|[from] Stealth Rock
|turn|26
|c| allstar124|gg
|c| Fire Lord Mako|ugh no respct for shedinja users
|
|move|p2a: Shedinja|Shadow Sneak|p1a: Medicham
|-supereffective|p1a: Medicham
|-damage|p1a: Medicham|0 fnt
|faint|p1a: Medicham
|
|c| Fire Lord Mako|:P
|
|switch|p1a: Suicune|Suicune|354\/404 tox
|-damage|p1a: Suicune|304\/404 tox|[from] Stealth Rock
|-ability|p1a: Suicune|Pressure
|turn|27
|c| ULT Donphantastic|as long as its not meowie
|c| ULT Donphantastic|its ok
|c| Fire Lord Mako|XD
|c| ULT Donphantastic|cause fk meowie stall
|
|move|p1a: Suicune|Scald|p2a: Shedinja
|-activate|p2a: Shedinja|ability: Wonder Guard
|move|p2a: Shedinja|X-Scissor|p1a: Suicune
|-damage|p1a: Suicune|147\/404 tox
|
|-heal|p1a: Suicune|172\/404 tox|[from] item: Leftovers
|-damage|p1a: Suicune|147\/404 tox|[from] psn
|turn|28
|
|move|p1a: Suicune|Scald|p2a: Shedinja
|-activate|p2a: Shedinja|ability: Wonder Guard
|move|p2a: Shedinja|X-Scissor|p1a: Suicune
|-damage|p1a: Suicune|0 fnt
|faint|p1a: Suicune
|
|win|ULT Hogg
|c| ULT Donphantastic|altho im p sure it loses to sub bd fire punch darm
|leave|allstar124
|leave|ULT Donphantastic