|join|ULT Hogg
|join|mehdis
|player|p1|ULT Hogg|125
|player|p2|mehdis|29
|gametype|singles
|gen|6
|tier|UU
|rated
|rule|Sleep Clause Mod: Limit one foe put to sleep
|rule|Species Clause: Limit one of each PokÃ©mon
|rule|OHKO Clause: OHKO moves are banned
|rule|Moody Clause: Moody is banned
|rule|Evasion Moves Clause: Evasion moves are banned
|rule|Endless Battle Clause: Forcing endless battles is banned
|rule|HP Percentage Mod: HP is shown in percentages
|clearpoke
|poke|p1|Kyurem
|poke|p1|Tentacruel, F
|poke|p1|Florges, F
|poke|p1|Ferroseed, M
|poke|p1|Aerodactyl, F
|poke|p1|Shedinja
|poke|p2|Medicham, F
|poke|p2|Goodra, M
|poke|p2|Porygon-Z
|poke|p2|Cresselia, F
|poke|p2|Darmanitan, F
|poke|p2|Cinccino, M
|rule|Swagger Clause: Swagger is banned
|rule|Baton Pass Clause: Limit one PokÃ©mon knowing Baton Pass
|teampreview
|
|start
|switch|p1a: Aerodactyl|Aerodactyl, F|363\/363
|switch|p2a: Darmanitan|Darmanitan, F|351\/351
|-ability|p1a: Aerodactyl|Pressure
|turn|1
|
|detailschange|p1a: Aerodactyl|Aerodactyl-Mega, F
|-mega|p1a: Aerodactyl|Aerodactyl|Aerodactylite
|move|p2a: Darmanitan|Rock Slide|p1a: Aerodactyl
|-supereffective|p1a: Aerodactyl
|-damage|p1a: Aerodactyl|117\/363
|move|p1a: Aerodactyl|Aerial Ace|p2a: Darmanitan
|-damage|p2a: Darmanitan|168\/351
|
|turn|2
|
|switch|p2a: Goodra|Goodra, M|384\/384
|switch|p1a: Ferroseed|Ferroseed, M|292\/292
|
|turn|3
|
|move|p1a: Ferroseed|Protect|p1a: Ferroseed
|-singleturn|p1a: Ferroseed|Protect
|move|p2a: Goodra|Fire Blast|p1a: Ferroseed
|-activate|p1a: Ferroseed|Protect
|
|turn|4
|
|switch|p1a: Florges|Florges, F|360\/360
|move|p2a: Goodra|Draco Meteor|p1a: Florges
|-immune|p1a: Florges|[msg]
|
|turn|5
|
|move|p2a: Goodra|Sludge Bomb|p1a: Florges
|-supereffective|p1a: Florges
|-damage|p1a: Florges|262\/360
|move|p1a: Florges|Moonblast|p2a: Goodra
|-supereffective|p2a: Goodra
|-damage|p2a: Goodra|292\/384
|-unboost|p2a: Goodra|spa|1
|
|-heal|p1a: Florges|284\/360|[from] item: Leftovers
|turn|6
|
|switch|p2a: Cinccino|Cinccino, M|291\/291
|move|p1a: Florges|Wish|p1a: Florges
|
|-heal|p1a: Florges|306\/360|[from] item: Leftovers
|turn|7
|
|switch|p1a: Aerodactyl|Aerodactyl-Mega, F|117\/363
|move|p2a: Cinccino|Rock Blast|p1a: Aerodactyl
|-supereffective|p1a: Aerodactyl
|-damage|p1a: Aerodactyl|65\/363
|-supereffective|p1a: Aerodactyl
|-damage|p1a: Aerodactyl|13\/363
|-supereffective|p1a: Aerodactyl
|-damage|p1a: Aerodactyl|0 fnt
|-hitcount|p1a: Aerodactyl|3
|faint|p1a: Aerodactyl
|
|
|switch|p1a: Ferroseed|Ferroseed, M|292\/292
|turn|8
|
|switch|p2a: Medicham|Medicham, F|261\/261
|move|p1a: Ferroseed|Stealth Rock|p2a: Medicham
|-sidestart|p2: mehdis|move: Stealth Rock
|
|turn|9
|
|switch|p2a: Cinccino|Cinccino, M|291\/291
|-damage|p2a: Cinccino|255\/291|[from] Stealth Rock
|switch|p1a: Shedinja|Shedinja|1\/1
|
|turn|10
|
|switch|p1a: Ferroseed|Ferroseed, M|292\/292
|move|p2a: Cinccino|Rock Blast|p1a: Ferroseed
|-resisted|p1a: Ferroseed
|-damage|p1a: Ferroseed|286\/292
|-crit|p1a: Ferroseed
|-resisted|p1a: Ferroseed
|-damage|p1a: Ferroseed|276\/292
|-crit|p1a: Ferroseed
|-resisted|p1a: Ferroseed
|-damage|p1a: Ferroseed|267\/292
|-resisted|p1a: Ferroseed
|-damage|p1a: Ferroseed|260\/292
|-resisted|p1a: Ferroseed
|-damage|p1a: Ferroseed|253\/292
|-hitcount|p1a: Ferroseed|5
|
|turn|11
|
|switch|p2a: Goodra|Goodra, M|292\/384
|-damage|p2a: Goodra|244\/384|[from] Stealth Rock
|move|p1a: Ferroseed|Leech Seed|p2a: Goodra
|-start|p2a: Goodra|move: Leech Seed
|
|-damage|p2a: Goodra|196\/384|[from] Leech Seed|[of] p1a: Ferroseed
|-heal|p1a: Ferroseed|292\/292|[silent]
|turn|12
|
|switch|p2a: Darmanitan|Darmanitan, F|168\/351
|-damage|p2a: Darmanitan|81\/351|[from] Stealth Rock
|switch|p1a: Florges|Florges, F|306\/360
|
|-heal|p1a: Florges|328\/360|[from] item: Leftovers
|turn|13
|
|move|p1a: Florges|Protect|p1a: Florges
|-singleturn|p1a: Florges|Protect
|move|p2a: Darmanitan|Flare Blitz|p1a: Florges
|-activate|p1a: Florges|Protect
|
|-heal|p1a: Florges|350\/360|[from] item: Leftovers
|turn|14
|
|switch|p1a: Tentacruel|Tentacruel, F|352\/352
|move|p2a: Darmanitan|Flare Blitz|p1a: Tentacruel
|-resisted|p1a: Tentacruel
|-damage|p1a: Tentacruel|211\/352
|-damage|p2a: Darmanitan|34\/351|[from] recoil|[of] p1a: Tentacruel
|
|-heal|p1a: Tentacruel|233\/352|[from] item: Black Sludge
|turn|15
|
|move|p2a: Darmanitan|Flare Blitz|p1a: Tentacruel
|-resisted|p1a: Tentacruel
|-damage|p1a: Tentacruel|98\/352
|-damage|p2a: Darmanitan|0 fnt|[from] recoil|[of] p1a: Tentacruel
|faint|p2a: Darmanitan
|move|p1a: Tentacruel|Toxic Spikes|p2: Darmanitan
|-sidestart|p2: mehdis|move: Toxic Spikes
|
|-heal|p1a: Tentacruel|120\/352|[from] item: Black Sludge
|
|switch|p2a: Porygon-Z|Porygon-Z|373\/373
|-damage|p2a: Porygon-Z|327\/373|[from] Stealth Rock
|-status|p2a: Porygon-Z|psn
|-boost|p2a: Porygon-Z|atk|1|[from] ability: Download
|turn|16
|
|switch|p1a: Ferroseed|Ferroseed, M|292\/292
|move|p2a: Porygon-Z|Tri Attack|p1a: Ferroseed
|-resisted|p1a: Ferroseed
|-damage|p1a: Ferroseed|215\/292
|-damage|p2a: Porygon-Z|290\/373 psn|[from] item: Life Orb
|
|-damage|p2a: Porygon-Z|244\/373 psn|[from] psn
|turn|17
|
|switch|p2a: Goodra|Goodra, M|196\/384
|-damage|p2a: Goodra|148\/384|[from] Stealth Rock
|-status|p2a: Goodra|psn
|move|p1a: Ferroseed|Leech Seed|p2a: Goodra
|-start|p2a: Goodra|move: Leech Seed
|
|-damage|p2a: Goodra|100\/384 psn|[from] Leech Seed|[of] p1a: Ferroseed
|-heal|p1a: Ferroseed|263\/292|[silent]
|-damage|p2a: Goodra|52\/384 psn|[from] psn
|turn|18
|
|move|p1a: Ferroseed|Protect|p1a: Ferroseed
|-singleturn|p1a: Ferroseed|Protect
|move|p2a: Goodra|Fire Blast|p1a: Ferroseed
|-activate|p1a: Ferroseed|Protect
|
|-damage|p2a: Goodra|4\/384 psn|[from] Leech Seed|[of] p1a: Ferroseed
|-heal|p1a: Ferroseed|292\/292|[silent]
|-damage|p2a: Goodra|0 fnt|[from] psn
|faint|p2a: Goodra
|
|switch|p2a: Medicham|Medicham, F|261\/261
|-damage|p2a: Medicham|245\/261|[from] Stealth Rock
|-status|p2a: Medicham|psn
|turn|19
|
|switch|p1a: Shedinja|Shedinja|1\/1
|detailschange|p2a: Medicham|Medicham-Mega, F
|-mega|p2a: Medicham|Medicham|Medichamite
|move|p2a: Medicham|Substitute|p2a: Medicham
|-start|p2a: Medicham|Substitute
|-damage|p2a: Medicham|180\/261 psn
|
|-damage|p2a: Medicham|148\/261 psn|[from] psn
|turn|20
|
|move|p2a: Medicham|Zen Headbutt|p1a: Shedinja
|-activate|p1a: Shedinja|ability: Wonder Guard
|move|p1a: Shedinja|X-Scissor|p2a: Medicham
|-end|p2a: Medicham|Substitute
|
|-damage|p2a: Medicham|116\/261 psn|[from] psn
|turn|21
|-message|mehdis forfeited.
|
|win|ULT Hogg
|raw|Ladder updating...
|leave|mehdis
|player|p2
|raw|ULT Hogg's rating: 1406 &rarr; <strong>1421<\/strong><br \/>(+15 for winning)
|raw|mehdis's rating: 1302 &rarr; <strong>1288<\/strong><br \/>(-14 for losing)