|join|ULT Hogg
|join|Defensive Yanmega
|player|p1|ULT Hogg|125
|player|p2|Defensive Yanmega|29
|gametype|singles
|gen|6
|tier|UU
|rated
|rule|Sleep Clause Mod: Limit one foe put to sleep
|rule|Species Clause: Limit one of each PokÃ©mon
|rule|OHKO Clause: OHKO moves are banned
|rule|Moody Clause: Moody is banned
|rule|Evasion Moves Clause: Evasion moves are banned
|rule|Endless Battle Clause: Forcing endless battles is banned
|rule|HP Percentage Mod: HP is shown in percentages
|clearpoke
|poke|p1|Kyurem
|poke|p1|Tentacruel, F
|poke|p1|Florges, F
|poke|p1|Ferroseed, F
|poke|p1|Aerodactyl, M
|poke|p1|Shedinja
|poke|p2|Mienshao, F
|poke|p2|Yanmega, F
|poke|p2|Roserade, M
|poke|p2|Jirachi, shiny
|poke|p2|Aerodactyl, M
|poke|p2|Porygon2
|rule|Swagger Clause: Swagger is banned
|rule|Baton Pass Clause: Limit one PokÃ©mon knowing Baton Pass
|teampreview
|
|start
|switch|p1a: Ferroseed|Ferroseed, F|292\/292
|switch|p2a: Mienshao|Mienshao, F|272\/272
|turn|1
|
|move|p1a: Ferroseed|Protect|p1a: Ferroseed
|-singleturn|p1a: Ferroseed|Protect
|move|p2a: Mienshao|Knock Off|p1a: Ferroseed
|-activate|p1a: Ferroseed|Protect
|
|turn|2
|
|switch|p1a: Aerodactyl|Aerodactyl, M|363\/363
|-ability|p1a: Aerodactyl|Pressure
|move|p2a: Mienshao|High Jump Kick|p1a: Aerodactyl
|-damage|p1a: Aerodactyl|0 fnt
|-damage|p2a: Mienshao|245\/272|[from] item: Life Orb
|faint|p1a: Aerodactyl
|
|
|switch|p1a: Florges|Florges, F|360\/360
|turn|3
|
|move|p2a: Mienshao|U-turn|p1a: Florges
|-resisted|p1a: Florges
|-damage|p1a: Florges|302\/360
|-damage|p2a: Mienshao|218\/272|[from] item: Life Orb
|
|switch|p2a: Jirachi|Jirachi, shiny|341\/341
|move|p1a: Florges|Moonblast|p2a: Jirachi
|-resisted|p2a: Jirachi
|-damage|p2a: Jirachi|282\/341
|
|-heal|p1a: Florges|324\/360|[from] item: Leftovers
|turn|4
|
|switch|p2a: Roserade|Roserade, M|261\/261
|switch|p1a: Ferroseed|Ferroseed, F|292\/292
|
|turn|5
|
|move|p2a: Roserade|Hidden Power|p1a: Ferroseed
|-supereffective|p1a: Ferroseed
|-damage|p1a: Ferroseed|0 fnt
|-damage|p2a: Roserade|235\/261|[from] item: Life Orb
|faint|p1a: Ferroseed
|
|
|switch|p1a: Kyurem|Kyurem|405\/405
|-ability|p1a: Kyurem|Pressure
|turn|6
|
|switch|p2a: Porygon2|Porygon2|374\/374
|-boost|p2a: Porygon2|atk|1|[from] ability: Download
|move|p1a: Kyurem|Substitute|p1a: Kyurem
|-start|p1a: Kyurem|Substitute
|-damage|p1a: Kyurem|304\/405
|
|-heal|p1a: Kyurem|329\/405|[from] item: Leftovers
|turn|7
|
|move|p1a: Kyurem|Ice Beam|p2a: Porygon2
|-damage|p2a: Porygon2|293\/374
|move|p2a: Porygon2|Tri Attack|p1a: Kyurem
|-activate|p1a: Kyurem|Substitute|[damage]
|
|-heal|p1a: Kyurem|354\/405|[from] item: Leftovers
|turn|8
|
|move|p1a: Kyurem|Ice Beam|p2a: Porygon2
|-damage|p2a: Porygon2|211\/374
|move|p2a: Porygon2|Tri Attack|p1a: Kyurem
|-end|p1a: Kyurem|Substitute
|
|-heal|p1a: Kyurem|379\/405|[from] item: Leftovers
|turn|9
|
|move|p1a: Kyurem|Substitute|p1a: Kyurem
|-start|p1a: Kyurem|Substitute
|-damage|p1a: Kyurem|278\/405
|move|p2a: Porygon2|Tri Attack|p1a: Kyurem
|-activate|p1a: Kyurem|Substitute|[damage]
|
|-heal|p1a: Kyurem|303\/405|[from] item: Leftovers
|turn|10
|
|move|p1a: Kyurem|Ice Beam|p2a: Porygon2
|-damage|p2a: Porygon2|126\/374
|move|p2a: Porygon2|Recover|p2a: Porygon2
|-heal|p2a: Porygon2|313\/374
|
|-heal|p1a: Kyurem|328\/405|[from] item: Leftovers
|turn|11
|
|switch|p2a: Jirachi|Jirachi, shiny|282\/341
|move|p1a: Kyurem|Ice Beam|p2a: Jirachi
|-resisted|p2a: Jirachi
|-damage|p2a: Jirachi|200\/341
|
|-heal|p1a: Kyurem|353\/405|[from] item: Leftovers
|turn|12
|
|move|p2a: Jirachi|U-turn|p1a: Kyurem
|-end|p1a: Kyurem|Substitute
|
|switch|p2a: Mienshao|Mienshao, F|272\/272
|move|p1a: Kyurem|Dragon Tail|p2a: Mienshao
|-crit|p2a: Mienshao
|-damage|p2a: Mienshao|80\/272
|drag|p2a: Aerodactyl|Aerodactyl, M|301\/301
|
|-heal|p1a: Kyurem|378\/405|[from] item: Leftovers
|turn|13
|
|switch|p2a: Mienshao|Mienshao, F|170\/272
|switch|p1a: Tentacruel|Tentacruel, F|352\/352
|
|turn|14
|
|move|p2a: Mienshao|Fake Out|p1a: Tentacruel
|-damage|p1a: Tentacruel|291\/352
|-damage|p2a: Mienshao|143\/272|[from] item: Life Orb
|cant|p1a: Tentacruel|flinch
|
|-heal|p1a: Tentacruel|313\/352|[from] item: Black Sludge
|turn|15
|
|move|p2a: Mienshao|Knock Off|p1a: Tentacruel
|-damage|p1a: Tentacruel|186\/352
|-enditem|p1a: Tentacruel|Black Sludge|[from] move: Knock Off|[of] p2a: Mienshao
|-damage|p2a: Mienshao|116\/272|[from] item: Life Orb
|move|p1a: Tentacruel|Scald|p2a: Mienshao
|-damage|p2a: Mienshao|7\/272
|-status|p2a: Mienshao|brn
|
|-damage|p2a: Mienshao|0 fnt|[from] brn
|faint|p2a: Mienshao
|c|âDefensive Yanmega|ofc
|
|switch|p2a: Yanmega|Yanmega, F|338\/338
|turn|16
|
|switch|p1a: Florges|Florges, F|324\/360
|move|p2a: Yanmega|Psychic|p1a: Florges
|-damage|p1a: Florges|245\/360
|-damage|p2a: Yanmega|305\/338|[from] item: Life Orb
|
|-heal|p1a: Florges|267\/360|[from] item: Leftovers
|-boost|p2a: Yanmega|spe|1|[from] ability: Speed Boost
|turn|17
|
|switch|p2a: Porygon2|Porygon2|313\/374
|-boost|p2a: Porygon2|atk|1|[from] ability: Download
|move|p1a: Florges|Wish|p1a: Florges
|
|-heal|p1a: Florges|289\/360|[from] item: Leftovers
|turn|18
|
|switch|p1a: Kyurem|Kyurem|378\/405
|-ability|p1a: Kyurem|Pressure
|move|p2a: Porygon2|Thunder Wave|p1a: Kyurem
|-status|p1a: Kyurem|par
|
|-heal|p1a: Kyurem|405\/405 par|[from] move: Wish|[wisher] Florges
|turn|19
|
|switch|p2a: Jirachi|Jirachi, shiny|200\/341
|cant|p1a: Kyurem|par
|
|turn|20
|
|switch|p2a: Roserade|Roserade, M|235\/261
|switch|p1a: Shedinja|Shedinja|1\/1
|
|turn|21
|
|switch|p1a: Tentacruel|Tentacruel, F|186\/352
|move|p2a: Roserade|Hidden Power|p1a: Tentacruel
|-resisted|p1a: Tentacruel
|-damage|p1a: Tentacruel|124\/352
|-damage|p2a: Roserade|209\/261|[from] item: Life Orb
|
|turn|22
|
|move|p2a: Roserade|Extrasensory|p1a: Tentacruel
|-supereffective|p1a: Tentacruel
|-damage|p1a: Tentacruel|0 fnt
|-damage|p2a: Roserade|183\/261|[from] item: Life Orb
|faint|p1a: Tentacruel
|
|
|switch|p1a: Florges|Florges, F|289\/360
|turn|23
|
|move|p2a: Roserade|Sludge Bomb|p1a: Florges
|-crit|p1a: Florges
|-supereffective|p1a: Florges
|-damage|p1a: Florges|0 fnt
|-damage|p2a: Roserade|157\/261|[from] item: Life Orb
|faint|p1a: Florges
|
|
|switch|p1a: Kyurem|Kyurem|405\/405 par
|-ability|p1a: Kyurem|Pressure
|turn|24
|c|âDefensive Yanmega|i mean i want the damage
|
|move|p2a: Roserade|Hidden Power|p1a: Kyurem
|-damage|p1a: Kyurem|249\/405 par
|-damage|p2a: Roserade|131\/261|[from] item: Life Orb
|move|p1a: Kyurem|Ice Beam|p2a: Roserade
|-supereffective|p2a: Roserade
|-damage|p2a: Roserade|0 fnt
|faint|p2a: Roserade
|
|-heal|p1a: Kyurem|274\/405 par|[from] item: Leftovers
|c|âDefensive Yanmega|misclick
|c|âDefensive Yanmega|i mean sludge
|c|âDefensive Yanmega|lol
|c|âULT Hogg|:(
|c|âDefensive Yanmega|is ok
|c|âULT Hogg|doesn't make much of a difference
|c|âDefensive Yanmega|not realy no
|c|âULT Hogg|shedinja is a good pivot, but not so good as to help against aero
|c|âDefensive Yanmega|doesnt matter when your opponet doubles well
|
|switch|p2a: Jirachi|Jirachi, shiny|200\/341
|turn|25
|
|move|p2a: Jirachi|Iron Head|p1a: Kyurem
|-supereffective|p1a: Kyurem
|-damage|p1a: Kyurem|2\/405 par
|cant|p1a: Kyurem|flinch
|
|-heal|p1a: Kyurem|27\/405 par|[from] item: Leftovers
|turn|26
|
|switch|p1a: Shedinja|Shedinja|1\/1
|move|p2a: Jirachi|Iron Head|p1a: Shedinja
|-activate|p1a: Shedinja|ability: Wonder Guard
|
|turn|27
|c|âDefensive Yanmega|i can afford that
|
|switch|p2a: Yanmega|Yanmega, F|305\/338
|move|p1a: Shedinja|Will-O-Wisp|p2a: Yanmega
|-status|p2a: Yanmega|brn
|
|-damage|p2a: Yanmega|263\/338 brn|[from] brn
|turn|28
|c|âDefensive Yanmega|star of the show
|
|move|p2a: Yanmega|Air Slash|p1a: Shedinja
|-supereffective|p1a: Shedinja
|-enditem|p1a: Shedinja|Focus Sash
|-damage|p1a: Shedinja|1\/1
|-damage|p2a: Yanmega|230\/338 brn|[from] item: Life Orb
|move|p1a: Shedinja|Swords Dance|p1a: Shedinja
|-boost|p1a: Shedinja|atk|2
|
|-damage|p2a: Yanmega|188\/338 brn|[from] brn
|-boost|p2a: Yanmega|spe|1|[from] ability: Speed Boost
|turn|29
|c|âDefensive Yanmega|trsut doesnt matter
|
|move|p1a: Shedinja|Shadow Sneak|p2a: Yanmega
|-damage|p2a: Yanmega|97\/338 brn
|move|p2a: Yanmega|Roost|p2a: Yanmega
|-heal|p2a: Yanmega|266\/338 brn
|
|-damage|p2a: Yanmega|224\/338 brn|[from] brn
|-boost|p2a: Yanmega|spe|1|[from] ability: Speed Boost
|turn|30
|c|âDefensive Yanmega|k
|
|move|p1a: Shedinja|Shadow Sneak|p2a: Yanmega
|-damage|p2a: Yanmega|130\/338 brn
|move|p2a: Yanmega|Air Slash|p1a: Shedinja
|-supereffective|p1a: Shedinja
|-damage|p1a: Shedinja|0 fnt
|-damage|p2a: Yanmega|97\/338 brn|[from] item: Life Orb
|faint|p1a: Shedinja
|
|-damage|p2a: Yanmega|55\/338 brn|[from] brn
|-boost|p2a: Yanmega|spe|1|[from] ability: Speed Boost
|c|âDefensive Yanmega|gg
|c|âULT Hogg|gg
|
|switch|p1a: Kyurem|Kyurem|27\/405 par
|-ability|p1a: Kyurem|Pressure
|turn|31
|
|move|p2a: Yanmega|Bug Buzz|p1a: Kyurem
|-damage|p1a: Kyurem|0 fnt
|-damage|p2a: Yanmega|22\/338 brn|[from] item: Life Orb
|faint|p1a: Kyurem
|
|win|Defensive Yanmega
|raw|Ladder updating...
|raw|ULT Hogg's rating: 1216 &rarr; <strong>1188<\/strong><br \/>(-28 for losing)
|raw|Defensive Yanmega's rating: 1163 &rarr; <strong>1191<\/strong><br \/>(+28 for winning)
|leave|ULT Hogg
|player|p1