|join|ULT BiG BiRD
|join|ULT Hogg
|player|p1|ULT BiG BiRD|79
|player|p2|ULT Hogg|125
|gametype|singles
|gen|6
|tier|UU
|rated
|rule|Sleep Clause Mod: Limit one foe put to sleep
|rule|Species Clause: Limit one of each PokÃ©mon
|rule|OHKO Clause: OHKO moves are banned
|rule|Moody Clause: Moody is banned
|rule|Evasion Moves Clause: Evasion moves are banned
|rule|Endless Battle Clause: Forcing endless battles is banned
|rule|HP Percentage Mod: HP is shown in percentages
|clearpoke
|poke|p1|Abomasnow, F
|poke|p1|Entei, shiny
|poke|p1|Gligar, F
|poke|p1|Starmie
|poke|p1|Cobalion
|poke|p1|Raikou
|poke|p2|Kyurem
|poke|p2|Tentacruel, F
|poke|p2|Blissey, F
|poke|p2|Aggron, F
|poke|p2|Shedinja
|poke|p2|Flygon, F
|rule|Swagger Clause: Swagger is banned
|rule|Baton Pass Clause: Limit one PokÃ©mon knowing Baton Pass
|teampreview
|
|start
|switch|p1a: Entei|Entei, shiny|371\/371
|switch|p2a: Kyurem|Kyurem|405\/405
|-ability|p2a: Kyurem|Pressure
|-ability|p1a: Entei|Pressure
|turn|1
|
|switch|p2a: Flygon|Flygon, F|363\/363
|switch|p1a: Gligar|Gligar, F|333\/333
|
|turn|2
|
|move|p1a: Gligar|Knock Off|p2a: Flygon
|-damage|p2a: Flygon|311\/363
|-enditem|p2a: Flygon|Leftovers|[from] move: Knock Off|[of] p1a: Gligar
|move|p2a: Flygon|U-turn|p1a: Gligar
|-resisted|p1a: Gligar
|-damage|p1a: Gligar|318\/333
|
|switch|p2a: Kyurem|Kyurem|405\/405
|-ability|p2a: Kyurem|Pressure
|
|turn|3
|
|move|p2a: Kyurem|Substitute|p2a: Kyurem
|-start|p2a: Kyurem|Substitute
|-damage|p2a: Kyurem|304\/405
|move|p1a: Gligar|Stealth Rock|p2a: Kyurem
|-sidestart|p2: ULT Hogg|move: Stealth Rock
|
|-heal|p2a: Kyurem|329\/405|[from] item: Leftovers
|turn|4
|
|switch|p1a: Raikou|Raikou|321\/321
|-ability|p1a: Raikou|Pressure
|move|p2a: Kyurem|Ice Beam|p1a: Raikou
|-damage|p1a: Raikou|206\/321
|
|-heal|p2a: Kyurem|354\/405|[from] item: Leftovers
|turn|5
|
|move|p1a: Raikou|Shadow Ball|p2a: Kyurem
|-activate|p2a: Kyurem|Substitute|[damage]
|move|p2a: Kyurem|Dragon Tail|p1a: Raikou
|-damage|p1a: Raikou|106\/321
|drag|p1a: Gligar|Gligar, F|318\/333
|
|-heal|p2a: Kyurem|379\/405|[from] item: Leftovers
|turn|6
|
|switch|p1a: Starmie|Starmie|323\/323
|move|p2a: Kyurem|Dragon Tail|p1a: Starmie
|-damage|p1a: Starmie|239\/323
|drag|p1a: Raikou|Raikou|106\/321
|-ability|p1a: Raikou|Pressure
|
|-heal|p2a: Kyurem|404\/405|[from] item: Leftovers
|turn|7
|
|move|p1a: Raikou|Volt Switch|p2a: Kyurem
|-resisted|p2a: Kyurem
|-end|p2a: Kyurem|Substitute
|
|switch|p1a: Starmie|Starmie|239\/323
|move|p2a: Kyurem|Substitute|p2a: Kyurem
|-start|p2a: Kyurem|Substitute
|-damage|p2a: Kyurem|303\/405
|
|-heal|p1a: Starmie|259\/323|[from] item: Leftovers
|-heal|p2a: Kyurem|328\/405|[from] item: Leftovers
|turn|8
|
|move|p1a: Starmie|Psyshock|p2a: Kyurem
|-activate|p2a: Kyurem|Substitute|[damage]
|move|p2a: Kyurem|Dragon Tail|p1a: Starmie
|-damage|p1a: Starmie|178\/323
|drag|p1a: Entei|Entei, shiny|371\/371
|-ability|p1a: Entei|Pressure
|
|-heal|p2a: Kyurem|353\/405|[from] item: Leftovers
|turn|9
|
|move|p2a: Kyurem|Substitute|p2a: Kyurem
|-fail|p2a: Kyurem|move: Substitute
|move|p1a: Entei|Sacred Fire|p2a: Kyurem
|-end|p2a: Kyurem|Substitute
|
|-heal|p2a: Kyurem|378\/405|[from] item: Leftovers
|turn|10
|c|âULT Hogg|oh yeah, duh
|c|âULT BiG BiRD|:'^)
|c|âULT Hogg|I always forget that entei has to be adamant
|c|âULT BiG BiRD|yah lol
|c|âULT Hogg|I think OH SHIT BASE 100 and panic expecting 328 spe
|c|âULT Hogg|=\
|c|âULT BiG BiRD|thats why i switched out turn 1
|
|move|p2a: Kyurem|Substitute|p2a: Kyurem
|-start|p2a: Kyurem|Substitute
|-damage|p2a: Kyurem|277\/405
|move|p1a: Entei|Sacred Fire|p2a: Kyurem
|-end|p2a: Kyurem|Substitute
|
|-heal|p2a: Kyurem|302\/405|[from] item: Leftovers
|turn|11
|
|switch|p1a: Abomasnow|Abomasnow, F|323\/323
|-weather|Hail
|move|p2a: Kyurem|Substitute|p2a: Kyurem
|-start|p2a: Kyurem|Substitute
|-damage|p2a: Kyurem|201\/405
|
|-weather|Hail|[upkeep]
|-heal|p2a: Kyurem|226\/405|[from] item: Leftovers
|turn|12
|
|detailschange|p1a: Abomasnow|Abomasnow-Mega, F
|-mega|p1a: Abomasnow|Abomasnow|Abomasite
|move|p2a: Kyurem|Roost|p2a: Kyurem
|-heal|p2a: Kyurem|405\/405
|move|p1a: Abomasnow|Blizzard|p2a: Kyurem
|-end|p2a: Kyurem|Substitute
|
|-weather|Hail|[upkeep]
|turn|13
|
|move|p2a: Kyurem|Substitute|p2a: Kyurem
|-start|p2a: Kyurem|Substitute
|-damage|p2a: Kyurem|304\/405
|move|p1a: Abomasnow|Blizzard|p2a: Kyurem
|-end|p2a: Kyurem|Substitute
|
|-weather|Hail|[upkeep]
|-heal|p2a: Kyurem|329\/405|[from] item: Leftovers
|turn|14
|
|move|p2a: Kyurem|Substitute|p2a: Kyurem
|-start|p2a: Kyurem|Substitute
|-damage|p2a: Kyurem|228\/405
|move|p1a: Abomasnow|Giga Drain|p2a: Kyurem
|-resisted|p2a: Kyurem
|-activate|p2a: Kyurem|Substitute|[damage]
|
|-weather|Hail|[upkeep]
|-heal|p2a: Kyurem|253\/405|[from] item: Leftovers
|turn|15
|
|move|p2a: Kyurem|Roost|p2a: Kyurem
|-heal|p2a: Kyurem|405\/405
|move|p1a: Abomasnow|Giga Drain|p2a: Kyurem
|-resisted|p2a: Kyurem
|-end|p2a: Kyurem|Substitute
|
|-weather|none
|turn|16
|
|move|p2a: Kyurem|Substitute|p2a: Kyurem
|-start|p2a: Kyurem|Substitute
|-damage|p2a: Kyurem|304\/405
|move|p1a: Abomasnow|Earthquake|p2a: Kyurem
|-end|p2a: Kyurem|Substitute
|
|-heal|p2a: Kyurem|329\/405|[from] item: Leftovers
|turn|17
|
|move|p2a: Kyurem|Ice Beam|p1a: Abomasnow
|-damage|p1a: Abomasnow|169\/323
|move|p1a: Abomasnow|Earthquake|p2a: Kyurem
|-damage|p2a: Kyurem|217\/405
|
|-heal|p2a: Kyurem|242\/405|[from] item: Leftovers
|turn|18
|
|move|p2a: Kyurem|Ice Beam|p1a: Abomasnow
|-damage|p1a: Abomasnow|12\/323
|move|p1a: Abomasnow|Earthquake|p2a: Kyurem
|-damage|p2a: Kyurem|127\/405
|
|-heal|p2a: Kyurem|152\/405|[from] item: Leftovers
|turn|19
|
|move|p1a: Abomasnow|Ice Shard|p2a: Kyurem
|-damage|p2a: Kyurem|88\/405
|move|p2a: Kyurem|Roost|p2a: Kyurem
|-heal|p2a: Kyurem|291\/405
|
|-heal|p2a: Kyurem|316\/405|[from] item: Leftovers
|turn|20
|
|move|p1a: Abomasnow|Ice Shard|p2a: Kyurem
|-damage|p2a: Kyurem|244\/405
|move|p2a: Kyurem|Ice Beam|p1a: Abomasnow
|-damage|p1a: Abomasnow|0 fnt
|faint|p1a: Abomasnow
|
|-heal|p2a: Kyurem|269\/405|[from] item: Leftovers
|
|switch|p1a: Cobalion|Cobalion|323\/323
|turn|21
|
|switch|p2a: Tentacruel|Tentacruel, F|361\/361
|-damage|p2a: Tentacruel|316\/361|[from] Stealth Rock
|move|p1a: Cobalion|Swords Dance|p1a: Cobalion
|-boost|p1a: Cobalion|atk|2
|
|-heal|p2a: Tentacruel|338\/361|[from] item: Black Sludge
|turn|22
|
|move|p1a: Cobalion|Swords Dance|p1a: Cobalion
|-boost|p1a: Cobalion|atk|2
|move|p2a: Tentacruel|Scald|p1a: Cobalion
|-damage|p1a: Cobalion|212\/323
|
|-heal|p2a: Tentacruel|360\/361|[from] item: Black Sludge
|turn|23
|c|âULT BiG BiRD|pls
|
|move|p1a: Cobalion|Iron Head|p2a: Tentacruel
|-resisted|p2a: Tentacruel
|-damage|p2a: Tentacruel|190\/361
|cant|p2a: Tentacruel|flinch
|
|-heal|p2a: Tentacruel|212\/361|[from] item: Black Sludge
|turn|24
|c|âULT Hogg|hm
|c|âULT Hogg|that might be the game
|c|âULT BiG BiRD|mebe
|c|âULT Hogg|I know flygon can take a +2 CC
|c|âULT Hogg|but I don't think it can take +3
|
|move|p1a: Cobalion|Close Combat|p2a: Tentacruel
|-resisted|p2a: Tentacruel
|-damage|p2a: Tentacruel|0 fnt
|-unboost|p1a: Cobalion|def|1
|-unboost|p1a: Cobalion|spd|1
|faint|p2a: Tentacruel
|
|
|switch|p2a: Flygon|Flygon, F|311\/363
|-damage|p2a: Flygon|289\/363|[from] Stealth Rock
|turn|25
|
|move|p1a: Cobalion|Close Combat|p2a: Flygon
|-damage|p2a: Flygon|0 fnt
|-unboost|p1a: Cobalion|def|1
|-unboost|p1a: Cobalion|spd|1
|faint|p2a: Flygon
|
|c|âULT Hogg|yeah, hh
|c|âULT Hogg|*gg
|c|âULT BiG BiRD|id have tried aggron first
|
|switch|p2a: Aggron|Aggron, F|344\/344
|-damage|p2a: Aggron|323\/344|[from] Stealth Rock
|turn|26
|
|detailschange|p2a: Aggron|Aggron-Mega, F
|-mega|p2a: Aggron|Aggron|Aggronite
|move|p1a: Cobalion|Close Combat|p2a: Aggron
|-supereffective|p2a: Aggron
|-damage|p2a: Aggron|0 fnt
|-unboost|p1a: Cobalion|def|1
|-unboost|p1a: Cobalion|spd|1
|faint|p2a: Aggron
|
|c|âULT BiG BiRD|i like teh shedinja
|c|âULT BiG BiRD|btw
|c|âULT Hogg|me too
|c|âULT BiG BiRD|fkd me up last game looool
|c|âULT Hogg|aggron's specially defensive, btw
|c|âULT Hogg|which is why I didn't try it first
|c|âULT BiG BiRD|ah
|c|âULT Hogg|and flygon's physically def
|-message|ULT Hogg forfeited.
|
|win|ULT BiG BiRD
|raw|Ladder updating...
|c|âULT BiG BiRD|yeah i figured that out before lool
|c|âULT BiG BiRD|gg
|raw|ULT BiG BiRD's rating: 1424 &rarr; <strong>1440<\/strong><br \/>(+16 for winning)
|raw|ULT Hogg's rating: 1360 &rarr; <strong>1344<\/strong><br \/>(-16 for losing)