|join|Scarfed Dusknoir
|join|ULT Hogg
|player|p1|Scarfed Dusknoir|201
|player|p2|ULT Hogg|125
|gametype|singles
|gen|6
|tier|UU
|rated
|rule|Sleep Clause Mod: Limit one foe put to sleep
|rule|Species Clause: Limit one of each PokÃ©mon
|rule|OHKO Clause: OHKO moves are banned
|rule|Moody Clause: Moody is banned
|rule|Evasion Moves Clause: Evasion moves are banned
|rule|Endless Battle Clause: Forcing endless battles is banned
|rule|HP Percentage Mod: HP is shown in percentages
|clearpoke
|poke|p1|Absol, M
|poke|p1|Donphan, M
|poke|p1|Empoleon, M
|poke|p1|Trevenant, M
|poke|p1|Porygon2
|poke|p1|Rotom-Heat
|poke|p2|Kyurem
|poke|p2|Tentacruel, F
|poke|p2|Florges, F
|poke|p2|Ferroseed, M
|poke|p2|Aerodactyl, F
|poke|p2|Shedinja
|rule|Swagger Clause: Swagger is banned
|rule|Baton Pass Clause: Limit one PokÃ©mon knowing Baton Pass
|teampreview
|
|start
|switch|p1a: Pengu|Empoleon, M|372\/372
|switch|p2a: Aerodactyl|Aerodactyl, F|363\/363
|-ability|p2a: Aerodactyl|Pressure
|turn|1
|join|MegaShuckle2015
|
|switch|p2a: Tentacruel|Tentacruel, F|352\/352
|move|p1a: Pengu|Stealth Rock|p2a: Tentacruel
|-sidestart|p2: ULT Hogg|move: Stealth Rock
|
|turn|2
|c| MegaShuckle2015|whoa hogg
|
|move|p2a: Tentacruel|Toxic Spikes|p1a: Pengu
|-sidestart|p1: Scarfed Dusknoir|move: Toxic Spikes
|move|p1a: Pengu|Roar|p2a: Tentacruel
|drag|p2a: Kyurem|Kyurem|405\/405
|-damage|p2a: Kyurem|304\/405|[from] Stealth Rock
|-ability|p2a: Kyurem|Pressure
|
|-heal|p2a: Kyurem|329\/405|[from] item: Leftovers
|turn|3
|c| MegaShuckle2015|that team is something serious
|
|move|p2a: Kyurem|Substitute|p2a: Kyurem
|-start|p2a: Kyurem|Substitute
|-damage|p2a: Kyurem|228\/405
|move|p1a: Pengu|Roar|p2a: Kyurem
|drag|p2a: Tentacruel|Tentacruel, F|352\/352
|-damage|p2a: Tentacruel|308\/352|[from] Stealth Rock
|
|-heal|p2a: Tentacruel|330\/352|[from] item: Black Sludge
|turn|4
|
|move|p2a: Tentacruel|Rapid Spin|p1a: Pengu
|-resisted|p1a: Pengu
|-damage|p1a: Pengu|366\/372
|-sideend|p2: ULT Hogg|Stealth Rock|[from] move: Rapid Spin|[of] p2a: Tentacruel
|move|p1a: Pengu|Roar|p2a: Tentacruel
|drag|p2a: Shedinja|Shedinja|1\/1
|
|-heal|p1a: Pengu|372\/372|[from] item: Leftovers
|turn|5
|
|move|p2a: Shedinja|Will-O-Wisp|p1a: Pengu
|-status|p1a: Pengu|brn
|move|p1a: Pengu|Stealth Rock|p2a: Shedinja
|-sidestart|p2: ULT Hogg|move: Stealth Rock
|
|-damage|p1a: Pengu|326\/372 brn|[from] brn
|turn|6
|
|move|p2a: Shedinja|Shadow Sneak|p1a: Pengu
|-damage|p1a: Pengu|259\/372 brn
|move|p1a: Pengu|Roar|p2a: Shedinja
|drag|p2a: Aerodactyl|Aerodactyl, F|363\/363
|-damage|p2a: Aerodactyl|273\/363|[from] Stealth Rock
|-ability|p2a: Aerodactyl|Pressure
|
|-heal|p1a: Pengu|282\/372 brn|[from] item: Leftovers
|-damage|p1a: Pengu|236\/372 brn|[from] brn
|turn|7
|
|switch|p1a: Dumbo|Donphan, M|384\/384
|-status|p1a: Dumbo|psn
|detailschange|p2a: Aerodactyl|Aerodactyl-Mega, F
|-mega|p2a: Aerodactyl|Aerodactyl|Aerodactylite
|move|p2a: Aerodactyl|Taunt|p1a: Dumbo
|-start|p1a: Dumbo|move: Taunt
|
|-damage|p1a: Dumbo|336\/384 psn|[from] psn
|turn|8
|
|move|p2a: Aerodactyl|Aerial Ace|p1a: Dumbo
|-damage|p1a: Dumbo|254\/384 psn
|move|p1a: Dumbo|Rapid Spin|p2a: Aerodactyl
|-resisted|p2a: Aerodactyl
|-damage|p2a: Aerodactyl|263\/363
|-sideend|p1: Scarfed Dusknoir|Toxic Spikes|[from] move: Rapid Spin|[of] p1a: Dumbo
|
|-heal|p1a: Dumbo|278\/384 psn|[from] item: Leftovers
|-damage|p1a: Dumbo|230\/384 psn|[from] psn
|turn|9
|
|switch|p1a: Toasty|Rotom-Heat|296\/296
|move|p2a: Aerodactyl|Roost|p2a: Aerodactyl
|-heal|p2a: Aerodactyl|363\/363
|
|turn|10
|
|switch|p2a: Florges|Florges, F|360\/360
|-damage|p2a: Florges|315\/360|[from] Stealth Rock
|move|p1a: Toasty|Volt Switch|p2a: Florges
|-damage|p2a: Florges|210\/360
|
|switch|p1a: Arborius|Trevenant, M|373\/373
|
|-heal|p2a: Florges|232\/360|[from] item: Leftovers
|turn|11
|
|switch|p2a: Ferroseed|Ferroseed, M|292\/292
|-damage|p2a: Ferroseed|274\/292|[from] Stealth Rock
|move|p1a: Arborius|Shadow Claw|p2a: Ferroseed
|-crit|p2a: Ferroseed
|-damage|p2a: Ferroseed|145\/292
|-damage|p1a: Arborius|327\/373|[from] ability: Iron Barbs|[of] p2a: Ferroseed
|
|turn|12
|
|switch|p1a: Pengu|Empoleon, M|236\/372 brn
|switch|p2a: Tentacruel|Tentacruel, F|330\/352
|-damage|p2a: Tentacruel|286\/352|[from] Stealth Rock
|
|-heal|p2a: Tentacruel|308\/352|[from] item: Black Sludge
|-heal|p1a: Pengu|259\/372 brn|[from] item: Leftovers
|-damage|p1a: Pengu|213\/372 brn|[from] brn
|turn|13
|
|move|p2a: Tentacruel|Knock Off|p1a: Pengu
|-damage|p1a: Pengu|151\/372 brn
|-enditem|p1a: Pengu|Leftovers|[from] move: Knock Off|[of] p2a: Tentacruel
|move|p1a: Pengu|Scald|p2a: Tentacruel
|-resisted|p2a: Tentacruel
|-damage|p2a: Tentacruel|265\/352
|-status|p2a: Tentacruel|brn
|
|-heal|p2a: Tentacruel|287\/352 brn|[from] item: Black Sludge
|-damage|p2a: Tentacruel|243\/352 brn|[from] brn
|-damage|p1a: Pengu|105\/372 brn|[from] brn
|turn|14
|
|move|p2a: Tentacruel|Rapid Spin|p1a: Pengu
|-resisted|p1a: Pengu
|-damage|p1a: Pengu|102\/372 brn
|-sideend|p2: ULT Hogg|Stealth Rock|[from] move: Rapid Spin|[of] p2a: Tentacruel
|move|p1a: Pengu|Roar|p2a: Tentacruel
|drag|p2a: Florges|Florges, F|232\/360
|
|-heal|p2a: Florges|254\/360|[from] item: Leftovers
|-damage|p1a: Pengu|56\/372 brn|[from] brn
|turn|15
|
|move|p2a: Florges|Aromatherapy|p2a: Florges
|-cureteam|p2a: Florges|[from] move: Aromatherapy
|move|p1a: Pengu|Stealth Rock|p2a: Florges
|-sidestart|p2: ULT Hogg|move: Stealth Rock
|
|-heal|p2a: Florges|276\/360|[from] item: Leftovers
|-damage|p1a: Pengu|10\/372 brn|[from] brn
|turn|16
|
|switch|p2a: Aerodactyl|Aerodactyl-Mega, F|363\/363
|-damage|p2a: Aerodactyl|273\/363|[from] Stealth Rock
|move|p1a: Pengu|Scald|p2a: Aerodactyl
|-supereffective|p2a: Aerodactyl
|-damage|p2a: Aerodactyl|0 fnt
|faint|p2a: Aerodactyl
|
|-damage|p1a: Pengu|0 fnt|[from] brn
|faint|p1a: Pengu
|join|Snowballin
|
|switch|p2a: Tentacruel|Tentacruel, F|243\/352
|switch|p1a: Dumbo|Donphan, M|230\/384 psn
|-damage|p2a: Tentacruel|199\/352|[from] Stealth Rock
|turn|17
|
|move|p2a: Tentacruel|Rapid Spin|p1a: Dumbo
|-damage|p1a: Dumbo|222\/384 psn
|-sideend|p2: ULT Hogg|Stealth Rock|[from] move: Rapid Spin|[of] p2a: Tentacruel
|move|p1a: Dumbo|Earthquake|p2a: Tentacruel
|-supereffective|p2a: Tentacruel
|-damage|p2a: Tentacruel|0 fnt
|faint|p2a: Tentacruel
|
|-heal|p1a: Dumbo|246\/384 psn|[from] item: Leftovers
|-damage|p1a: Dumbo|198\/384 psn|[from] psn
|
|switch|p2a: Kyurem|Kyurem|228\/405
|-ability|p2a: Kyurem|Pressure
|turn|18
|
|move|p2a: Kyurem|Substitute|p2a: Kyurem
|-start|p2a: Kyurem|Substitute
|-damage|p2a: Kyurem|127\/405
|move|p1a: Dumbo|Knock Off|p2a: Kyurem
|-activate|p2a: Kyurem|Substitute|[damage]
|
|-heal|p2a: Kyurem|152\/405|[from] item: Leftovers
|-heal|p1a: Dumbo|222\/384 psn|[from] item: Leftovers
|-damage|p1a: Dumbo|174\/384 psn|[from] psn
|turn|19
|
|move|p2a: Kyurem|Ice Beam|p1a: Dumbo
|-supereffective|p1a: Dumbo
|-damage|p1a: Dumbo|0 fnt
|faint|p1a: Dumbo
|
|-heal|p2a: Kyurem|177\/405|[from] item: Leftovers
|
|switch|p1a: Ducky|Porygon2|373\/373
|-ability|p1a: Ducky|Pressure|[from] ability: Trace|[of] p2a: Kyurem
|-ability|p1a: Ducky|Pressure
|turn|20
|
|move|p2a: Kyurem|Roost|p2a: Kyurem
|-heal|p2a: Kyurem|380\/405
|move|p1a: Ducky|Tri Attack|p2a: Kyurem
|-end|p2a: Kyurem|Substitute
|
|-heal|p2a: Kyurem|405\/405|[from] item: Leftovers
|turn|21
|
|switch|p2a: Ferroseed|Ferroseed, M|145\/292
|move|p1a: Ducky|Tri Attack|p2a: Ferroseed
|-resisted|p2a: Ferroseed
|-damage|p2a: Ferroseed|106\/292
|
|turn|22
|
|switch|p1a: Absalom|Absol, M|271\/271
|move|p2a: Ferroseed|Stealth Rock|p1a: Absalom
|-sidestart|p1: Scarfed Dusknoir|move: Stealth Rock
|
|turn|23
|
|switch|p2a: Florges|Florges, F|276\/360
|detailschange|p1a: Absalom|Absol-Mega, M
|-mega|p1a: Absalom|Absol|Absolite
|move|p1a: Absalom|Knock Off|p2a: Florges
|-resisted|p2a: Florges
|-damage|p2a: Florges|176\/360
|-enditem|p2a: Florges|Leftovers|[from] move: Knock Off|[of] p1a: Absalom
|
|turn|24
|
|switch|p1a: Arborius|Trevenant, M|327\/373
|-damage|p1a: Arborius|281\/373|[from] Stealth Rock
|move|p2a: Florges|Moonblast|p1a: Arborius
|-damage|p1a: Arborius|148\/373
|
|turn|25
|
|move|p2a: Florges|Wish|p2a: Florges
|move|p1a: Arborius|Horn Leech|p2a: Florges
|-damage|p2a: Florges|0 fnt
|-heal|p1a: Arborius|236\/373|[from] drain|[of] p2a: Florges
|faint|p2a: Florges
|
|
|switch|p2a: Kyurem|Kyurem|405\/405
|-ability|p2a: Kyurem|Pressure
|turn|26
|
|switch|p1a: Ducky|Porygon2|373\/373
|-damage|p1a: Ducky|327\/373|[from] Stealth Rock
|-ability|p1a: Ducky|Pressure|[from] ability: Trace|[of] p2a: Kyurem
|-ability|p1a: Ducky|Pressure
|move|p2a: Kyurem|Substitute|p2a: Kyurem
|-start|p2a: Kyurem|Substitute
|-damage|p2a: Kyurem|304\/405
|
|-heal|p2a: Kyurem|405\/405|[from] move: Wish|[wisher] Florges
|turn|27
|
|move|p1a: Ducky|Tri Attack|p2a: Kyurem
|-end|p2a: Kyurem|Substitute
|move|p2a: Kyurem|Dragon Tail|p1a: Ducky
|-damage|p1a: Ducky|264\/373
|drag|p1a: Absalom|Absol-Mega, M|271\/271
|-damage|p1a: Absalom|238\/271|[from] Stealth Rock
|
|turn|28
|
|move|p1a: Absalom|Superpower|p2a: Kyurem
|-supereffective|p2a: Kyurem
|-damage|p2a: Kyurem|45\/405
|-unboost|p1a: Absalom|atk|1
|-unboost|p1a: Absalom|def|1
|move|p2a: Kyurem|Ice Beam|p1a: Absalom
|-damage|p1a: Absalom|19\/271
|
|-heal|p2a: Kyurem|70\/405|[from] item: Leftovers
|turn|29
|
|move|p1a: Absalom|Knock Off|p2a: Kyurem
|-damage|p2a: Kyurem|0 fnt
|-enditem|p2a: Kyurem|Leftovers|[from] move: Knock Off|[of] p1a: Absalom
|faint|p2a: Kyurem
|
|
|switch|p2a: Shedinja|Shedinja|1\/1
|turn|30
|
|move|p1a: Absalom|Sucker Punch|p2a: Shedinja
|-supereffective|p2a: Shedinja
|-enditem|p2a: Shedinja|Focus Sash
|-damage|p2a: Shedinja|1\/1
|move|p2a: Shedinja|Shadow Sneak|p1a: Absalom
|-resisted|p1a: Absalom
|-damage|p1a: Absalom|0 fnt
|faint|p1a: Absalom
|
|
|switch|p1a: Arborius|Trevenant, M|236\/373
|-damage|p1a: Arborius|190\/373|[from] Stealth Rock
|turn|31
|
|switch|p2a: Ferroseed|Ferroseed, M|106\/292
|move|p1a: Arborius|Shadow Claw|p2a: Ferroseed
|-damage|p2a: Ferroseed|19\/292
|-damage|p1a: Arborius|144\/373|[from] ability: Iron Barbs|[of] p2a: Ferroseed
|
|turn|32
|
|move|p1a: Arborius|Shadow Claw|p2a: Ferroseed
|-damage|p2a: Ferroseed|0 fnt
|-damage|p1a: Arborius|98\/373|[from] ability: Iron Barbs|[of] p2a: Ferroseed
|faint|p2a: Ferroseed
|
|
|switch|p2a: Shedinja|Shedinja|1\/1
|turn|33
|
|move|p2a: Shedinja|Shadow Sneak|p1a: Arborius
|-crit|p1a: Arborius
|-supereffective|p1a: Arborius
|-damage|p1a: Arborius|0 fnt
|faint|p1a: Arborius
|
|
|switch|p1a: Toasty|Rotom-Heat|296\/296
|-damage|p1a: Toasty|222\/296|[from] Stealth Rock
|turn|34
|
|move|p2a: Shedinja|Shadow Sneak|p1a: Toasty
|-damage|p1a: Toasty|159\/296
|move|p1a: Toasty|Overheat|p2a: Shedinja
|-supereffective|p2a: Shedinja
|-damage|p2a: Shedinja|0 fnt
|-unboost|p1a: Toasty|spa|2
|faint|p2a: Shedinja
|
|win|Scarfed Dusknoir
|raw|Ladder updating...
|raw|Scarfed Dusknoir's rating: 1323 &rarr; <strong>1350<\/strong><br \/>(+27 for winning)
|raw|ULT Hogg's rating: 1446 &rarr; <strong>1419<\/strong><br \/>(-27 for losing)
|c|âScarfed Dusknoir|GG