|join|Chocolategoochy
|join|ULT Hogg
|player|p1|Chocolategoochy|267
|player|p2|ULT Hogg|125
|gametype|singles
|gen|6
|tier|UU
|rated
|rule|Sleep Clause Mod: Limit one foe put to sleep
|rule|Species Clause: Limit one of each PokÃ©mon
|rule|OHKO Clause: OHKO moves are banned
|rule|Moody Clause: Moody is banned
|rule|Evasion Moves Clause: Evasion moves are banned
|rule|Endless Battle Clause: Forcing endless battles is banned
|rule|HP Percentage Mod: HP is shown in percentages
|clearpoke
|poke|p1|Rotom-Heat, shiny
|poke|p1|Galvantula, F
|poke|p1|Starmie
|poke|p1|Scrafty, M
|poke|p1|Beedrill, F
|poke|p1|Umbreon, M, shiny
|poke|p2|Kyurem
|poke|p2|Tentacruel, M
|poke|p2|Florges, F
|poke|p2|Ferroseed, F
|poke|p2|Aerodactyl, F
|poke|p2|Shedinja
|rule|Swagger Clause: Swagger is banned
|rule|Baton Pass Clause: Limit one PokÃ©mon knowing Baton Pass
|teampreview
|
|start
|switch|p1a: Scrafty|Scrafty, M|283\/283
|switch|p2a: Ferroseed|Ferroseed, F|292\/292
|turn|1
|
|move|p1a: Scrafty|Dragon Dance|p1a: Scrafty
|-boost|p1a: Scrafty|atk|1
|-boost|p1a: Scrafty|spe|1
|move|p2a: Ferroseed|Leech Seed|p1a: Scrafty
|-start|p1a: Scrafty|move: Leech Seed
|
|-damage|p1a: Scrafty|248\/283|[from] Leech Seed|[of] p2a: Ferroseed
|turn|2
|
|move|p1a: Scrafty|Dragon Dance|p1a: Scrafty
|-boost|p1a: Scrafty|atk|1
|-boost|p1a: Scrafty|spe|1
|move|p2a: Ferroseed|Stealth Rock|p1a: Scrafty
|-sidestart|p1: Chocolategoochy|move: Stealth Rock
|
|-heal|p1a: Scrafty|265\/283|[from] item: Leftovers
|-damage|p1a: Scrafty|230\/283|[from] Leech Seed|[of] p2a: Ferroseed
|turn|3
|
|move|p2a: Ferroseed|Protect|p2a: Ferroseed
|-singleturn|p2a: Ferroseed|Protect
|move|p1a: Scrafty|Drain Punch|p2a: Ferroseed
|-activate|p2a: Ferroseed|Protect
|
|-heal|p1a: Scrafty|247\/283|[from] item: Leftovers
|-damage|p1a: Scrafty|212\/283|[from] Leech Seed|[of] p2a: Ferroseed
|turn|4
|
|switch|p2a: Tentacruel|Tentacruel, M|352\/352
|move|p1a: Scrafty|Knock Off|p2a: Tentacruel
|-damage|p2a: Tentacruel|57\/352
|-enditem|p2a: Tentacruel|Black Sludge|[from] move: Knock Off|[of] p1a: Scrafty
|
|-heal|p1a: Scrafty|229\/283|[from] item: Leftovers
|-damage|p1a: Scrafty|194\/283|[from] Leech Seed|[of] p2a: Tentacruel
|-heal|p2a: Tentacruel|92\/352|[silent]
|turn|5
|
|move|p1a: Scrafty|Knock Off|p2a: Tentacruel
|-damage|p2a: Tentacruel|0 fnt
|faint|p2a: Tentacruel
|
|-heal|p1a: Scrafty|211\/283|[from] item: Leftovers
|
|switch|p2a: Florges|Florges, F|360\/360
|turn|6
|
|move|p2a: Florges|Protect|p2a: Florges
|-singleturn|p2a: Florges|Protect
|move|p1a: Scrafty|Poison Jab|p2a: Florges
|-activate|p2a: Florges|Protect
|
|-heal|p1a: Scrafty|228\/283|[from] item: Leftovers
|-damage|p1a: Scrafty|193\/283|[from] Leech Seed|[of] p2a: Florges
|turn|7
|
|switch|p2a: Shedinja|Shedinja|1\/1
|move|p1a: Scrafty|Poison Jab|p2a: Shedinja
|-activate|p2a: Shedinja|ability: Wonder Guard
|
|-heal|p1a: Scrafty|210\/283|[from] item: Leftovers
|-damage|p1a: Scrafty|175\/283|[from] Leech Seed|[of] p2a: Shedinja
|turn|8
|
|move|p1a: Scrafty|Knock Off|p2a: Shedinja
|-crit|p2a: Shedinja
|-supereffective|p2a: Shedinja
|-enditem|p2a: Shedinja|Focus Sash
|-damage|p2a: Shedinja|1\/1
|move|p2a: Shedinja|Will-O-Wisp|p1a: Scrafty
|-status|p1a: Scrafty|brn
|
|-activate|p1a: Scrafty|ability: Shed Skin
|-curestatus|p1a: Scrafty|brn
|-heal|p1a: Scrafty|192\/283|[from] item: Leftovers
|-damage|p1a: Scrafty|157\/283|[from] Leech Seed|[of] p2a: Shedinja
|turn|9
|
|switch|p2a: Florges|Florges, F|360\/360
|move|p1a: Scrafty|Knock Off|p2a: Florges
|-resisted|p2a: Florges
|-damage|p2a: Florges|202\/360
|-enditem|p2a: Florges|Leftovers|[from] move: Knock Off|[of] p1a: Scrafty
|
|-heal|p1a: Scrafty|174\/283|[from] item: Leftovers
|-damage|p1a: Scrafty|139\/283|[from] Leech Seed|[of] p2a: Florges
|-heal|p2a: Florges|237\/360|[silent]
|turn|10
|
|move|p1a: Scrafty|Poison Jab|p2a: Florges
|-supereffective|p2a: Florges
|-damage|p2a: Florges|0 fnt
|faint|p2a: Florges
|
|-heal|p1a: Scrafty|156\/283|[from] item: Leftovers
|
|switch|p2a: Aerodactyl|Aerodactyl, F|363\/363
|-ability|p2a: Aerodactyl|Pressure
|turn|11
|
|detailschange|p2a: Aerodactyl|Aerodactyl-Mega, F
|-mega|p2a: Aerodactyl|Aerodactyl|Aerodactylite
|move|p1a: Scrafty|Drain Punch|p2a: Aerodactyl
|-damage|p2a: Aerodactyl|119\/363
|-heal|p1a: Scrafty|278\/283|[from] drain|[of] p2a: Aerodactyl
|move|p2a: Aerodactyl|Aerial Ace|p1a: Scrafty
|-supereffective|p1a: Scrafty
|-damage|p1a: Scrafty|50\/283
|
|-heal|p1a: Scrafty|67\/283|[from] item: Leftovers
|-damage|p1a: Scrafty|32\/283|[from] Leech Seed|[of] p2a: Aerodactyl
|-heal|p2a: Aerodactyl|154\/363|[silent]
|turn|12
|
|move|p2a: Aerodactyl|Aerial Ace|p1a: Scrafty
|-supereffective|p1a: Scrafty
|-damage|p1a: Scrafty|0 fnt
|faint|p1a: Scrafty
|
|
|switch|p1a: Umbreon|Umbreon, M, shiny|394\/394
|-damage|p1a: Umbreon|345\/394|[from] Stealth Rock
|turn|13
|
|move|p2a: Aerodactyl|Taunt|p1a: Umbreon
|-start|p1a: Umbreon|move: Taunt
|cant|p1a: Umbreon|move: Taunt|Toxic
|
|-heal|p1a: Umbreon|369\/394|[from] item: Leftovers
|turn|14
|join|ULT Meowie
|
|switch|p1a: Galvantula|Galvantula, F|282\/282
|-damage|p1a: Galvantula|212\/282|[from] Stealth Rock
|move|p2a: Aerodactyl|Roost|p2a: Aerodactyl
|-heal|p2a: Aerodactyl|336\/363
|
|turn|15
|
|switch|p2a: Shedinja|Shedinja|1\/1
|move|p1a: Galvantula|Thunder|p2a: Shedinja
|-activate|p2a: Shedinja|ability: Wonder Guard
|
|turn|16
|c|âULT Hogg|oh hi meowie
|
|move|p1a: Galvantula|Sticky Web|p2a: Shedinja
|-sidestart|p2: ULT Hogg|move: Sticky Web
|move|p2a: Shedinja|X-Scissor|p1a: Galvantula
|-damage|p1a: Galvantula|40\/282
|
|turn|17
|
|switch|p1a: Rotom-Heat|Rotom-Heat, shiny|303\/303
|-damage|p1a: Rotom-Heat|228\/303|[from] Stealth Rock
|move|p2a: Shedinja|Shadow Sneak|p1a: Rotom-Heat
|-damage|p1a: Rotom-Heat|164\/303
|
|-heal|p1a: Rotom-Heat|182\/303|[from] item: Leftovers
|turn|18
|
|switch|p2a: Kyurem|Kyurem|405\/405
|-activate|p2a: Kyurem|move: Sticky Web
|-unboost|p2a: Kyurem|spe|1
|-ability|p2a: Kyurem|Pressure
|move|p1a: Rotom-Heat|Will-O-Wisp|p2a: Kyurem
|-status|p2a: Kyurem|brn
|
|-heal|p1a: Rotom-Heat|200\/303|[from] item: Leftovers
|-damage|p2a: Kyurem|355\/405 brn|[from] brn
|turn|19
|
|switch|p1a: Galvantula|Galvantula, F|40\/282
|-damage|p1a: Galvantula|0 fnt|[from] Stealth Rock
|faint|p1a: Galvantula
|move|p2a: Kyurem|Dragon Tail|p1: Galvantula|[notarget]
|-notarget
|
|-heal|p2a: Kyurem|380\/405 brn|[from] item: Leftovers
|-damage|p2a: Kyurem|330\/405 brn|[from] brn
|
|switch|p1a: Beedrill|Beedrill, F|271\/271
|-damage|p1a: Beedrill|204\/271|[from] Stealth Rock
|turn|20
|
|switch|p2a: Ferroseed|Ferroseed, F|292\/292
|-activate|p2a: Ferroseed|move: Sticky Web
|-unboost|p2a: Ferroseed|spe|1
|detailschange|p1a: Beedrill|Beedrill-Mega, F
|-mega|p1a: Beedrill|Beedrill|Beedrillite
|move|p1a: Beedrill|U-turn|p2a: Ferroseed
|-damage|p2a: Ferroseed|194\/292
|-damage|p1a: Beedrill|171\/271|[from] ability: Iron Barbs|[of] p2a: Ferroseed
|
|switch|p1a: Rotom-Heat|Rotom-Heat, shiny|200\/303
|-damage|p1a: Rotom-Heat|125\/303|[from] Stealth Rock
|
|-heal|p1a: Rotom-Heat|143\/303|[from] item: Leftovers
|turn|21
|
|switch|p2a: Kyurem|Kyurem|330\/405 brn
|-activate|p2a: Kyurem|move: Sticky Web
|-unboost|p2a: Kyurem|spe|1
|-ability|p2a: Kyurem|Pressure
|move|p1a: Rotom-Heat|Will-O-Wisp|p2a: Kyurem
|-fail|p2a: Kyurem|brn
|
|-heal|p1a: Rotom-Heat|161\/303|[from] item: Leftovers
|-heal|p2a: Kyurem|355\/405 brn|[from] item: Leftovers
|-damage|p2a: Kyurem|305\/405 brn|[from] brn
|turn|22
|
|move|p1a: Rotom-Heat|Pain Split|p2a: Kyurem
|-sethp|p2a: Kyurem|233\/405 brn|p1a: Rotom-Heat|233\/303|[from] move: Pain Split
|move|p2a: Kyurem|Dragon Tail|p1a: Rotom-Heat|[miss]
|-miss|p2a: Kyurem|p1a: Rotom-Heat
|
|-heal|p1a: Rotom-Heat|251\/303|[from] item: Leftovers
|-heal|p2a: Kyurem|258\/405 brn|[from] item: Leftovers
|-damage|p2a: Kyurem|208\/405 brn|[from] brn
|turn|23
|
|move|p1a: Rotom-Heat|Overheat|p2a: Kyurem
|-damage|p2a: Kyurem|25\/405 brn
|-unboost|p1a: Rotom-Heat|spa|2
|move|p2a: Kyurem|Roost|p2a: Kyurem
|-heal|p2a: Kyurem|228\/405 brn
|
|-heal|p1a: Rotom-Heat|269\/303|[from] item: Leftovers
|-heal|p2a: Kyurem|253\/405 brn|[from] item: Leftovers
|-damage|p2a: Kyurem|203\/405 brn|[from] brn
|turn|24
|join|gobosox
|
|move|p1a: Rotom-Heat|Overheat|p2a: Kyurem
|-damage|p2a: Kyurem|110\/405 brn
|-unboost|p1a: Rotom-Heat|spa|2
|move|p2a: Kyurem|Roost|p2a: Kyurem
|-heal|p2a: Kyurem|313\/405 brn
|
|-heal|p1a: Rotom-Heat|287\/303|[from] item: Leftovers
|-heal|p2a: Kyurem|338\/405 brn|[from] item: Leftovers
|-damage|p2a: Kyurem|288\/405 brn|[from] brn
|turn|25
|
|move|p1a: Rotom-Heat|Volt Switch|p2a: Kyurem
|-resisted|p2a: Kyurem
|-damage|p2a: Kyurem|271\/405 brn
|
|switch|p1a: Umbreon|Umbreon, M, shiny|369\/394
|-damage|p1a: Umbreon|320\/394|[from] Stealth Rock
|move|p2a: Kyurem|Substitute|p2a: Kyurem
|-start|p2a: Kyurem|Substitute
|-damage|p2a: Kyurem|170\/405 brn
|
|-heal|p2a: Kyurem|195\/405 brn|[from] item: Leftovers
|-heal|p1a: Umbreon|344\/394|[from] item: Leftovers
|-damage|p2a: Kyurem|145\/405 brn|[from] brn
|turn|26
|
|move|p2a: Kyurem|Roost|p2a: Kyurem
|-heal|p2a: Kyurem|348\/405 brn
|move|p1a: Umbreon|Wish|p1a: Umbreon
|
|-heal|p2a: Kyurem|373\/405 brn|[from] item: Leftovers
|-heal|p1a: Umbreon|368\/394|[from] item: Leftovers
|-damage|p2a: Kyurem|323\/405 brn|[from] brn
|turn|27
|
|move|p1a: Umbreon|Toxic|p2a: Kyurem
|move|p2a: Kyurem|Dragon Tail|p1a: Umbreon
|-damage|p1a: Umbreon|340\/394
|drag|p1a: Starmie|Starmie|262\/262
|-damage|p1a: Starmie|230\/262|[from] Stealth Rock
|
|-heal|p1a: Starmie|262\/262|[from] move: Wish|[wisher] Umbreon
|-heal|p2a: Kyurem|348\/405 brn|[from] item: Leftovers
|-damage|p2a: Kyurem|298\/405 brn|[from] brn
|turn|28
|
|switch|p1a: Umbreon|Umbreon, M, shiny|340\/394
|-damage|p1a: Umbreon|291\/394|[from] Stealth Rock
|switch|p2a: Shedinja|Shedinja|1\/1
|-activate|p2a: Shedinja|move: Sticky Web
|-unboost|p2a: Shedinja|spe|1
|
|-heal|p1a: Umbreon|315\/394|[from] item: Leftovers
|turn|29
|
|switch|p2a: Ferroseed|Ferroseed, F|194\/292
|-activate|p2a: Ferroseed|move: Sticky Web
|-unboost|p2a: Ferroseed|spe|1
|move|p1a: Umbreon|Toxic|p2a: Ferroseed
|-fail|p2a: Ferroseed
|
|-heal|p1a: Umbreon|339\/394|[from] item: Leftovers
|turn|30
|
|move|p1a: Umbreon|Protect|p1a: Umbreon
|-singleturn|p1a: Umbreon|Protect
|move|p2a: Ferroseed|Leech Seed|p1a: Umbreon
|-activate|p1a: Umbreon|Protect
|
|-heal|p1a: Umbreon|363\/394|[from] item: Leftovers
|turn|31
|
|move|p1a: Umbreon|Wish|p1a: Umbreon
|move|p2a: Ferroseed|Leech Seed|p1a: Umbreon
|-start|p1a: Umbreon|move: Leech Seed
|
|-heal|p1a: Umbreon|387\/394|[from] item: Leftovers
|-damage|p1a: Umbreon|338\/394|[from] Leech Seed|[of] p2a: Ferroseed
|-heal|p2a: Ferroseed|243\/292|[silent]
|turn|32
|
|switch|p1a: Beedrill|Beedrill-Mega, F|171\/271
|-damage|p1a: Beedrill|104\/271|[from] Stealth Rock
|move|p2a: Ferroseed|Leech Seed|p1a: Beedrill
|-start|p1a: Beedrill|move: Leech Seed
|
|-heal|p1a: Beedrill|271\/271|[from] move: Wish|[wisher] Umbreon
|-damage|p1a: Beedrill|238\/271|[from] Leech Seed|[of] p2a: Ferroseed
|-heal|p2a: Ferroseed|276\/292|[silent]
|turn|33
|join|Volbeatdown
|
|switch|p1a: Rotom-Heat|Rotom-Heat, shiny|287\/303
|-damage|p1a: Rotom-Heat|212\/303|[from] Stealth Rock
|move|p2a: Ferroseed|Protect|p2a: Ferroseed
|-fail|p2a: Ferroseed
|
|-heal|p1a: Rotom-Heat|230\/303|[from] item: Leftovers
|turn|34
|
|switch|p2a: Kyurem|Kyurem|298\/405 brn
|-activate|p2a: Kyurem|move: Sticky Web
|-unboost|p2a: Kyurem|spe|1
|-ability|p2a: Kyurem|Pressure
|move|p1a: Rotom-Heat|Will-O-Wisp|p2a: Kyurem
|-fail|p2a: Kyurem|brn
|
|-heal|p1a: Rotom-Heat|248\/303|[from] item: Leftovers
|-heal|p2a: Kyurem|323\/405 brn|[from] item: Leftovers
|-damage|p2a: Kyurem|273\/405 brn|[from] brn
|turn|35
|
|move|p1a: Rotom-Heat|Will-O-Wisp|p2a: Kyurem
|-fail|p2a: Kyurem|brn
|move|p2a: Kyurem|Dragon Tail|p1a: Rotom-Heat
|-damage|p1a: Rotom-Heat|209\/303
|drag|p1a: Umbreon|Umbreon, M, shiny|338\/394
|-damage|p1a: Umbreon|289\/394|[from] Stealth Rock
|
|-heal|p2a: Kyurem|298\/405 brn|[from] item: Leftovers
|-heal|p1a: Umbreon|313\/394|[from] item: Leftovers
|-damage|p2a: Kyurem|248\/405 brn|[from] brn
|turn|36
|
|switch|p2a: Ferroseed|Ferroseed, F|276\/292
|-activate|p2a: Ferroseed|move: Sticky Web
|-unboost|p2a: Ferroseed|spe|1
|move|p1a: Umbreon|Wish|p1a: Umbreon
|
|-heal|p1a: Umbreon|337\/394|[from] item: Leftovers
|turn|37
|
|switch|p1a: Rotom-Heat|Rotom-Heat, shiny|209\/303
|-damage|p1a: Rotom-Heat|134\/303|[from] Stealth Rock
|move|p2a: Ferroseed|Leech Seed|p1a: Rotom-Heat
|-start|p1a: Rotom-Heat|move: Leech Seed
|
|-heal|p1a: Rotom-Heat|303\/303|[from] move: Wish|[wisher] Umbreon
|-damage|p1a: Rotom-Heat|266\/303|[from] Leech Seed|[of] p2a: Ferroseed
|-heal|p2a: Ferroseed|292\/292|[silent]
|turn|38
|
|switch|p2a: Kyurem|Kyurem|248\/405 brn
|-activate|p2a: Kyurem|move: Sticky Web
|-unboost|p2a: Kyurem|spe|1
|-ability|p2a: Kyurem|Pressure
|move|p1a: Rotom-Heat|Volt Switch|p2a: Kyurem
|-resisted|p2a: Kyurem
|-damage|p2a: Kyurem|203\/405 brn
|
|switch|p1a: Beedrill|Beedrill-Mega, F|238\/271
|-damage|p1a: Beedrill|171\/271|[from] Stealth Rock
|
|-heal|p2a: Kyurem|228\/405 brn|[from] item: Leftovers
|-damage|p2a: Kyurem|178\/405 brn|[from] brn
|turn|39
|
|switch|p2a: Ferroseed|Ferroseed, F|292\/292
|-activate|p2a: Ferroseed|move: Sticky Web
|-unboost|p2a: Ferroseed|spe|1
|move|p1a: Beedrill|U-turn|p2a: Ferroseed
|-damage|p2a: Ferroseed|186\/292
|-damage|p1a: Beedrill|138\/271|[from] ability: Iron Barbs|[of] p2a: Ferroseed
|
|switch|p1a: Rotom-Heat|Rotom-Heat, shiny|266\/303
|-damage|p1a: Rotom-Heat|191\/303|[from] Stealth Rock
|
|-heal|p1a: Rotom-Heat|209\/303|[from] item: Leftovers
|turn|40
|
|move|p2a: Ferroseed|Protect|p2a: Ferroseed
|-singleturn|p2a: Ferroseed|Protect
|move|p1a: Rotom-Heat|Overheat|p2a: Ferroseed
|-activate|p2a: Ferroseed|Protect
|
|-heal|p1a: Rotom-Heat|227\/303|[from] item: Leftovers
|turn|41
|
|switch|p2a: Kyurem|Kyurem|178\/405 brn
|-activate|p2a: Kyurem|move: Sticky Web
|-unboost|p2a: Kyurem|spe|1
|-ability|p2a: Kyurem|Pressure
|move|p1a: Rotom-Heat|Will-O-Wisp|p2a: Kyurem
|-fail|p2a: Kyurem|brn
|
|-heal|p1a: Rotom-Heat|245\/303|[from] item: Leftovers
|-heal|p2a: Kyurem|203\/405 brn|[from] item: Leftovers
|-damage|p2a: Kyurem|153\/405 brn|[from] brn
|turn|42
|
|move|p1a: Rotom-Heat|Overheat|p2a: Kyurem
|-damage|p2a: Kyurem|0 fnt
|-unboost|p1a: Rotom-Heat|spa|2
|faint|p2a: Kyurem
|
|-heal|p1a: Rotom-Heat|263\/303|[from] item: Leftovers
|
|switch|p2a: Aerodactyl|Aerodactyl-Mega, F|336\/363
|turn|43
|
|move|p2a: Aerodactyl|Taunt|p1a: Rotom-Heat
|-start|p1a: Rotom-Heat|move: Taunt
|cant|p1a: Rotom-Heat|move: Taunt|Will-O-Wisp
|
|-heal|p1a: Rotom-Heat|281\/303|[from] item: Leftovers
|turn|44
|
|move|p2a: Aerodactyl|Aerial Ace|p1a: Rotom-Heat
|-resisted|p1a: Rotom-Heat
|-damage|p1a: Rotom-Heat|218\/303
|move|p1a: Rotom-Heat|Volt Switch|p2a: Aerodactyl
|-supereffective|p2a: Aerodactyl
|-damage|p2a: Aerodactyl|240\/363
|
|switch|p1a: Starmie|Starmie|262\/262
|-damage|p1a: Starmie|230\/262|[from] Stealth Rock
|
|turn|45
|
|switch|p2a: Shedinja|Shedinja|1\/1
|-activate|p2a: Shedinja|move: Sticky Web
|-unboost|p2a: Shedinja|spe|1
|switch|p1a: Rotom-Heat|Rotom-Heat, shiny|218\/303
|-damage|p1a: Rotom-Heat|143\/303|[from] Stealth Rock
|
|-heal|p1a: Rotom-Heat|161\/303|[from] item: Leftovers
|turn|46
|
|switch|p2a: Aerodactyl|Aerodactyl-Mega, F|240\/363
|move|p1a: Rotom-Heat|Will-O-Wisp|p2a: Aerodactyl
|-status|p2a: Aerodactyl|brn
|
|-heal|p1a: Rotom-Heat|179\/303|[from] item: Leftovers
|-damage|p2a: Aerodactyl|195\/363 brn|[from] brn
|turn|47
|
|move|p2a: Aerodactyl|Roost|p2a: Aerodactyl
|-heal|p2a: Aerodactyl|363\/363 brn
|move|p1a: Rotom-Heat|Volt Switch|p2a: Aerodactyl
|-damage|p2a: Aerodactyl|264\/363 brn
|join|YoungLegend
|
|switch|p1a: Umbreon|Umbreon, M, shiny|337\/394
|-damage|p1a: Umbreon|288\/394|[from] Stealth Rock
|
|-heal|p1a: Umbreon|312\/394|[from] item: Leftovers
|-damage|p2a: Aerodactyl|219\/363 brn|[from] brn
|turn|48
|join|r0ady
|
|switch|p2a: Ferroseed|Ferroseed, F|186\/292
|-activate|p2a: Ferroseed|move: Sticky Web
|-unboost|p2a: Ferroseed|spe|1
|move|p1a: Umbreon|Wish|p1a: Umbreon
|
|-heal|p1a: Umbreon|336\/394|[from] item: Leftovers
|turn|49
|
|switch|p1a: Rotom-Heat|Rotom-Heat, shiny|179\/303
|-damage|p1a: Rotom-Heat|104\/303|[from] Stealth Rock
|move|p2a: Ferroseed|Leech Seed|p1a: Rotom-Heat
|-start|p1a: Rotom-Heat|move: Leech Seed
|
|-heal|p1a: Rotom-Heat|301\/303|[from] move: Wish|[wisher] Umbreon
|-heal|p1a: Rotom-Heat|303\/303|[from] item: Leftovers
|-damage|p1a: Rotom-Heat|266\/303|[from] Leech Seed|[of] p2a: Ferroseed
|-heal|p2a: Ferroseed|223\/292|[silent]
|turn|50
|
|move|p2a: Ferroseed|Protect|p2a: Ferroseed
|-singleturn|p2a: Ferroseed|Protect
|move|p1a: Rotom-Heat|Will-O-Wisp|p2a: Ferroseed
|-activate|p2a: Ferroseed|Protect
|
|-heal|p1a: Rotom-Heat|284\/303|[from] item: Leftovers
|-damage|p1a: Rotom-Heat|247\/303|[from] Leech Seed|[of] p2a: Ferroseed
|-heal|p2a: Ferroseed|260\/292|[silent]
|turn|51
|
|switch|p2a: Aerodactyl|Aerodactyl-Mega, F|219\/363 brn
|move|p1a: Rotom-Heat|Overheat|p2a: Aerodactyl
|-resisted|p2a: Aerodactyl
|-damage|p2a: Aerodactyl|138\/363 brn
|-unboost|p1a: Rotom-Heat|spa|2
|
|-heal|p1a: Rotom-Heat|265\/303|[from] item: Leftovers
|-damage|p1a: Rotom-Heat|228\/303|[from] Leech Seed|[of] p2a: Aerodactyl
|-heal|p2a: Aerodactyl|175\/363 brn|[silent]
|-damage|p2a: Aerodactyl|130\/363 brn|[from] brn
|turn|52
|
|move|p2a: Aerodactyl|Roost|p2a: Aerodactyl
|-heal|p2a: Aerodactyl|312\/363 brn
|move|p1a: Rotom-Heat|Volt Switch|p2a: Aerodactyl
|-damage|p2a: Aerodactyl|267\/363 brn
|leave|gobosox
|
|switch|p1a: Starmie|Starmie|230\/262
|-damage|p1a: Starmie|198\/262|[from] Stealth Rock
|
|-damage|p2a: Aerodactyl|222\/363 brn|[from] brn
|turn|53
|join|Snowballin
|
|switch|p2a: Shedinja|Shedinja|1\/1
|-activate|p2a: Shedinja|move: Sticky Web
|-unboost|p2a: Shedinja|spe|1
|move|p1a: Starmie|Ice Beam|p2a: Shedinja
|-activate|p2a: Shedinja|ability: Wonder Guard
|
|turn|54
|
|switch|p1a: Rotom-Heat|Rotom-Heat, shiny|228\/303
|-damage|p1a: Rotom-Heat|153\/303|[from] Stealth Rock
|move|p2a: Shedinja|X-Scissor|p1a: Rotom-Heat
|-resisted|p1a: Rotom-Heat
|-damage|p1a: Rotom-Heat|97\/303
|
|-heal|p1a: Rotom-Heat|115\/303|[from] item: Leftovers
|turn|55
|
|switch|p2a: Aerodactyl|Aerodactyl-Mega, F|222\/363 brn
|move|p1a: Rotom-Heat|Will-O-Wisp|p2a: Aerodactyl
|-fail|p2a: Aerodactyl|brn
|
|-heal|p1a: Rotom-Heat|133\/303|[from] item: Leftovers
|-damage|p2a: Aerodactyl|177\/363 brn|[from] brn
|turn|56
|
|move|p2a: Aerodactyl|Roost|p2a: Aerodactyl
|-heal|p2a: Aerodactyl|359\/363 brn
|move|p1a: Rotom-Heat|Pain Split|p2a: Aerodactyl
|-sethp|p2a: Aerodactyl|246\/363 brn|p1a: Rotom-Heat|246\/303|[from] move: Pain Split
|
|-heal|p1a: Rotom-Heat|264\/303|[from] item: Leftovers
|-damage|p2a: Aerodactyl|201\/363 brn|[from] brn
|turn|57
|
|move|p2a: Aerodactyl|Roost|p2a: Aerodactyl
|-heal|p2a: Aerodactyl|363\/363 brn
|move|p1a: Rotom-Heat|Volt Switch|p2a: Aerodactyl
|-damage|p2a: Aerodactyl|273\/363 brn
|
|switch|p1a: Umbreon|Umbreon, M, shiny|336\/394
|-damage|p1a: Umbreon|287\/394|[from] Stealth Rock
|
|-heal|p1a: Umbreon|311\/394|[from] item: Leftovers
|-damage|p2a: Aerodactyl|228\/363 brn|[from] brn
|turn|58
|leave|r0ady
|
|move|p2a: Aerodactyl|Taunt|p1a: Umbreon
|-start|p1a: Umbreon|move: Taunt
|cant|p1a: Umbreon|move: Taunt|Wish
|
|-heal|p1a: Umbreon|335\/394|[from] item: Leftovers
|-damage|p2a: Aerodactyl|183\/363 brn|[from] brn
|turn|59
|
|switch|p1a: Rotom-Heat|Rotom-Heat, shiny|264\/303
|-damage|p1a: Rotom-Heat|189\/303|[from] Stealth Rock
|move|p2a: Aerodactyl|Roost|p2a: Aerodactyl
|-heal|p2a: Aerodactyl|363\/363 brn
|
|-heal|p1a: Rotom-Heat|207\/303|[from] item: Leftovers
|-damage|p2a: Aerodactyl|318\/363 brn|[from] brn
|turn|60
|
|move|p2a: Aerodactyl|Taunt|p1a: Rotom-Heat
|-start|p1a: Rotom-Heat|move: Taunt
|cant|p1a: Rotom-Heat|move: Taunt|Will-O-Wisp
|
|-heal|p1a: Rotom-Heat|225\/303|[from] item: Leftovers
|-damage|p2a: Aerodactyl|273\/363 brn|[from] brn
|turn|61
|
|switch|p2a: Shedinja|Shedinja|1\/1
|-activate|p2a: Shedinja|move: Sticky Web
|-unboost|p2a: Shedinja|spe|1
|move|p1a: Rotom-Heat|Volt Switch|p2a: Shedinja
|-activate|p2a: Shedinja|ability: Wonder Guard
|
|-heal|p1a: Rotom-Heat|243\/303|[from] item: Leftovers
|turn|62
|join|Thisbemyalt
|
|switch|p1a: Umbreon|Umbreon, M, shiny|335\/394
|-damage|p1a: Umbreon|286\/394|[from] Stealth Rock
|move|p2a: Shedinja|X-Scissor|p1a: Umbreon
|-supereffective|p1a: Umbreon
|-damage|p1a: Umbreon|110\/394
|
|-heal|p1a: Umbreon|134\/394|[from] item: Leftovers
|turn|63
|
|switch|p1a: Rotom-Heat|Rotom-Heat, shiny|243\/303
|-damage|p1a: Rotom-Heat|168\/303|[from] Stealth Rock
|switch|p2a: Ferroseed|Ferroseed, F|260\/292
|-activate|p2a: Ferroseed|move: Sticky Web
|-unboost|p2a: Ferroseed|spe|1
|
|-heal|p1a: Rotom-Heat|186\/303|[from] item: Leftovers
|turn|64
|
|move|p2a: Ferroseed|Protect|p2a: Ferroseed
|-singleturn|p2a: Ferroseed|Protect
|move|p1a: Rotom-Heat|Will-O-Wisp|p2a: Ferroseed
|-activate|p2a: Ferroseed|Protect
|
|-heal|p1a: Rotom-Heat|204\/303|[from] item: Leftovers
|turn|65
|
|move|p1a: Rotom-Heat|Volt Switch|p2a: Ferroseed
|-resisted|p2a: Ferroseed
|-damage|p2a: Ferroseed|227\/292
|join|Zamrock tst
|
|switch|p1a: Umbreon|Umbreon, M, shiny|134\/394
|-damage|p1a: Umbreon|85\/394|[from] Stealth Rock
|move|p2a: Ferroseed|Leech Seed|p1a: Umbreon|[miss]
|-miss|p2a: Ferroseed|p1a: Umbreon
|
|-heal|p1a: Umbreon|109\/394|[from] item: Leftovers
|turn|66
|leave|Zamrock tst
|
|move|p1a: Umbreon|Wish|p1a: Umbreon
|move|p2a: Ferroseed|Spikes|p1a: Umbreon
|-sidestart|p1: Chocolategoochy|Spikes
|
|-heal|p1a: Umbreon|133\/394|[from] item: Leftovers
|turn|67
|leave|Snowballin
|
|move|p1a: Umbreon|Toxic|p2a: Ferroseed
|-fail|p2a: Ferroseed
|move|p2a: Ferroseed|Leech Seed|p1a: Umbreon
|-start|p1a: Umbreon|move: Leech Seed
|
|-heal|p1a: Umbreon|330\/394|[from] move: Wish|[wisher] Umbreon
|-heal|p1a: Umbreon|354\/394|[from] item: Leftovers
|-damage|p1a: Umbreon|305\/394|[from] Leech Seed|[of] p2a: Ferroseed
|-heal|p2a: Ferroseed|276\/292|[silent]
|turn|68
|
|move|p1a: Umbreon|Wish|p1a: Umbreon
|move|p2a: Ferroseed|Spikes|p1a: Umbreon
|-sidestart|p1: Chocolategoochy|Spikes
|
|-heal|p1a: Umbreon|329\/394|[from] item: Leftovers
|-damage|p1a: Umbreon|280\/394|[from] Leech Seed|[of] p2a: Ferroseed
|-heal|p2a: Ferroseed|292\/292|[silent]
|turn|69
|join|Zamrock tst
|
|switch|p1a: Rotom-Heat|Rotom-Heat, shiny|204\/303
|-damage|p1a: Rotom-Heat|129\/303|[from] Stealth Rock
|move|p2a: Ferroseed|Leech Seed|p1a: Rotom-Heat
|-start|p1a: Rotom-Heat|move: Leech Seed
|
|-heal|p1a: Rotom-Heat|303\/303|[from] move: Wish|[wisher] Umbreon
|-damage|p1a: Rotom-Heat|266\/303|[from] Leech Seed|[of] p2a: Ferroseed
|turn|70
|leave|Zamrock tst
|
|move|p2a: Ferroseed|Protect|p2a: Ferroseed
|-singleturn|p2a: Ferroseed|Protect
|move|p1a: Rotom-Heat|Will-O-Wisp|p2a: Ferroseed
|-activate|p2a: Ferroseed|Protect
|
|-heal|p1a: Rotom-Heat|284\/303|[from] item: Leftovers
|-damage|p1a: Rotom-Heat|247\/303|[from] Leech Seed|[of] p2a: Ferroseed
|turn|71
|
|switch|p2a: Aerodactyl|Aerodactyl-Mega, F|273\/363 brn
|move|p1a: Rotom-Heat|Will-O-Wisp|p2a: Aerodactyl
|-fail|p2a: Aerodactyl|brn
|
|-heal|p1a: Rotom-Heat|265\/303|[from] item: Leftovers
|-damage|p1a: Rotom-Heat|228\/303|[from] Leech Seed|[of] p2a: Aerodactyl
|-heal|p2a: Aerodactyl|310\/363 brn|[silent]
|-damage|p2a: Aerodactyl|265\/363 brn|[from] brn
|turn|72
|
|move|p2a: Aerodactyl|Aerial Ace|p1a: Rotom-Heat
|-resisted|p1a: Rotom-Heat
|-damage|p1a: Rotom-Heat|196\/303
|move|p1a: Rotom-Heat|Volt Switch|p2a: Aerodactyl
|-supereffective|p2a: Aerodactyl
|-damage|p2a: Aerodactyl|79\/363 brn
|
|switch|p1a: Beedrill|Beedrill-Mega, F|138\/271
|-damage|p1a: Beedrill|93\/271|[from] Spikes
|-damage|p1a: Beedrill|26\/271|[from] Stealth Rock
|
|-damage|p2a: Aerodactyl|34\/363 brn|[from] brn
|turn|73
|leave|YoungLegend
|
|move|p2a: Aerodactyl|Aerial Ace|p1a: Beedrill
|-supereffective|p1a: Beedrill
|-damage|p1a: Beedrill|0 fnt
|faint|p1a: Beedrill
|
|-damage|p2a: Aerodactyl|0 fnt|[from] brn
|faint|p2a: Aerodactyl
|
|switch|p1a: Rotom-Heat|Rotom-Heat, shiny|196\/303
|switch|p2a: Shedinja|Shedinja|1\/1
|-damage|p1a: Rotom-Heat|121\/303|[from] Stealth Rock
|-activate|p2a: Shedinja|move: Sticky Web
|-unboost|p2a: Shedinja|spe|1
|turn|74
|
|switch|p2a: Ferroseed|Ferroseed, F|292\/292
|-activate|p2a: Ferroseed|move: Sticky Web
|-unboost|p2a: Ferroseed|spe|1
|move|p1a: Rotom-Heat|Will-O-Wisp|p2a: Ferroseed
|-status|p2a: Ferroseed|brn
|
|-heal|p1a: Rotom-Heat|139\/303|[from] item: Leftovers
|-damage|p2a: Ferroseed|256\/292 brn|[from] brn
|turn|75
|
|move|p1a: Rotom-Heat|Pain Split|p2a: Ferroseed
|-sethp|p2a: Ferroseed|197\/292 brn|p1a: Rotom-Heat|197\/303|[from] move: Pain Split
|move|p2a: Ferroseed|Leech Seed|p1a: Rotom-Heat
|-start|p1a: Rotom-Heat|move: Leech Seed
|
|-heal|p1a: Rotom-Heat|215\/303|[from] item: Leftovers
|-damage|p1a: Rotom-Heat|178\/303|[from] Leech Seed|[of] p2a: Ferroseed
|-heal|p2a: Ferroseed|234\/292 brn|[silent]
|-damage|p2a: Ferroseed|198\/292 brn|[from] brn
|turn|76
|
|move|p1a: Rotom-Heat|Volt Switch|p2a: Ferroseed
|-resisted|p2a: Ferroseed
|-damage|p2a: Ferroseed|167\/292 brn
|
|switch|p1a: Starmie|Starmie|198\/262
|-damage|p1a: Starmie|166\/262|[from] Stealth Rock
|-damage|p1a: Starmie|123\/262|[from] Spikes
|move|p2a: Ferroseed|Spikes|p1a: Starmie
|-sidestart|p1: Chocolategoochy|Spikes
|
|-damage|p2a: Ferroseed|131\/292 brn|[from] brn
|turn|77
|
|switch|p1a: Umbreon|Umbreon, M, shiny|280\/394
|-damage|p1a: Umbreon|231\/394|[from] Stealth Rock
|-damage|p1a: Umbreon|133\/394|[from] Spikes
|switch|p2a: Shedinja|Shedinja|1\/1
|-activate|p2a: Shedinja|move: Sticky Web
|-unboost|p2a: Shedinja|spe|1
|
|-heal|p1a: Umbreon|157\/394|[from] item: Leftovers
|turn|78
|
|switch|p2a: Ferroseed|Ferroseed, F|131\/292 brn
|-activate|p2a: Ferroseed|move: Sticky Web
|-unboost|p2a: Ferroseed|spe|1
|move|p1a: Umbreon|Toxic|p2a: Ferroseed
|-fail|p2a: Ferroseed
|
|-heal|p1a: Umbreon|181\/394|[from] item: Leftovers
|-damage|p2a: Ferroseed|95\/292 brn|[from] brn
|turn|79
|
|move|p1a: Umbreon|Protect|p1a: Umbreon
|-singleturn|p1a: Umbreon|Protect
|move|p2a: Ferroseed|Leech Seed|p1a: Umbreon
|-activate|p1a: Umbreon|Protect
|
|-heal|p1a: Umbreon|205\/394|[from] item: Leftovers
|-damage|p2a: Ferroseed|59\/292 brn|[from] brn
|turn|80
|
|move|p1a: Umbreon|Wish|p1a: Umbreon
|move|p2a: Ferroseed|Leech Seed|p1a: Umbreon
|-start|p1a: Umbreon|move: Leech Seed
|
|-heal|p1a: Umbreon|229\/394|[from] item: Leftovers
|-damage|p1a: Umbreon|180\/394|[from] Leech Seed|[of] p2a: Ferroseed
|-heal|p2a: Ferroseed|108\/292 brn|[silent]
|-damage|p2a: Ferroseed|72\/292 brn|[from] brn
|turn|81
|
|move|p1a: Umbreon|Toxic|p2a: Ferroseed
|-fail|p2a: Ferroseed
|move|p2a: Ferroseed|Stealth Rock|p1a: Umbreon
|-fail|p1a: Umbreon
|
|-heal|p1a: Umbreon|377\/394|[from] move: Wish|[wisher] Umbreon
|-heal|p1a: Umbreon|394\/394|[from] item: Leftovers
|-damage|p1a: Umbreon|345\/394|[from] Leech Seed|[of] p2a: Ferroseed
|-heal|p2a: Ferroseed|121\/292 brn|[silent]
|-damage|p2a: Ferroseed|85\/292 brn|[from] brn
|turn|82
|
|switch|p1a: Starmie|Starmie|123\/262
|-damage|p1a: Starmie|91\/262|[from] Stealth Rock
|-damage|p1a: Starmie|26\/262|[from] Spikes
|move|p2a: Ferroseed|Stealth Rock|p1a: Starmie
|-fail|p1a: Starmie
|
|-damage|p2a: Ferroseed|49\/292 brn|[from] brn
|turn|83
|
|switch|p2a: Shedinja|Shedinja|1\/1
|-activate|p2a: Shedinja|move: Sticky Web
|-unboost|p2a: Shedinja|spe|1
|move|p1a: Starmie|Rest|p1a: Starmie
|-status|p1a: Starmie|slp
|-heal|p1a: Starmie|262\/262 slp|[silent]
|-status|p1a: Starmie|slp|[from] move: Rest
|
|turn|84
|
|switch|p1a: Rotom-Heat|Rotom-Heat, shiny|178\/303
|-damage|p1a: Rotom-Heat|103\/303|[from] Stealth Rock
|move|p2a: Shedinja|Swords Dance|p2a: Shedinja
|-boost|p2a: Shedinja|atk|2
|
|-heal|p1a: Rotom-Heat|121\/303|[from] item: Leftovers
|turn|85
|
|move|p2a: Shedinja|Shadow Sneak|p1a: Rotom-Heat
|-damage|p1a: Rotom-Heat|4\/303
|move|p1a: Rotom-Heat|Will-O-Wisp|p2a: Shedinja
|-status|p2a: Shedinja|brn
|
|-heal|p1a: Rotom-Heat|22\/303|[from] item: Leftovers
|-damage|p2a: Shedinja|0 fnt|[from] brn
|faint|p2a: Shedinja
|c|âULT Hogg|gg
|
|switch|p2a: Ferroseed|Ferroseed, F|49\/292 brn
|-activate|p2a: Ferroseed|move: Sticky Web
|-unboost|p2a: Ferroseed|spe|1
|turn|86
|c|âChocolategoochy|The stall was so real
|c|âChocolategoochy|gg
|
|move|p1a: Rotom-Heat|Volt Switch|p2a: Ferroseed
|-resisted|p2a: Ferroseed
|-damage|p2a: Ferroseed|13\/292 brn
|
|switch|p1a: Starmie|Starmie|262\/262
|-damage|p1a: Starmie|197\/262|[from] Spikes
|-damage|p1a: Starmie|165\/262|[from] Stealth Rock
|move|p2a: Ferroseed|Leech Seed|p1a: Starmie
|-start|p1a: Starmie|move: Leech Seed
|
|-damage|p1a: Starmie|133\/262|[from] Leech Seed|[of] p2a: Ferroseed
|-heal|p2a: Ferroseed|45\/292 brn|[silent]
|-damage|p2a: Ferroseed|9\/292 brn|[from] brn
|turn|87
|c|âULT Hogg|poison jab on scrafty fucked me up
|c|âULT Hogg|I never even bothered to check if it got that
|c|âULT Hogg|=\
|
|switch|p1a: Rotom-Heat|Rotom-Heat, shiny|22\/303
|-damage|p1a: Rotom-Heat|0 fnt|[from] Stealth Rock
|faint|p1a: Rotom-Heat
|move|p2a: Ferroseed|Spikes|p1: Rotom-Heat
|-fail|p1: Rotom-Heat
|
|-damage|p2a: Ferroseed|0 fnt|[from] brn
|faint|p2a: Ferroseed
|
|win|Chocolategoochy
|raw|Ladder updating...
|raw|Chocolategoochy's rating: 1162 &rarr; <strong>1187<\/strong><br \/>(+25 for winning)
|raw|ULT Hogg's rating: 1151 &rarr; <strong>1127<\/strong><br \/>(-24 for losing)
|c|âChocolategoochy|It's a blessing for him
|c|âChocolategoochy|gg
|leave|ULT Hogg