|join|zockcent
|join|ULT Hogg
|player|p1|zockcent|53
|player|p2|ULT Hogg|125
|gametype|singles
|gen|6
|tier|UU
|rated
|rule|Sleep Clause Mod: Limit one foe put to sleep
|rule|Species Clause: Limit one of each PokÃ©mon
|rule|OHKO Clause: OHKO moves are banned
|rule|Moody Clause: Moody is banned
|rule|Evasion Moves Clause: Evasion moves are banned
|rule|Endless Battle Clause: Forcing endless battles is banned
|rule|HP Percentage Mod: HP is shown in percentages
|clearpoke
|poke|p1|Sharpedo, F
|poke|p1|Machamp, M
|poke|p1|Swampert, M
|poke|p1|Froslass, F
|poke|p1|Spiritomb, M
|poke|p1|Reuniclus, F
|poke|p2|Kyurem
|poke|p2|Tentacruel, F
|poke|p2|Florges, F
|poke|p2|Ferroseed, M
|poke|p2|Aerodactyl, F
|poke|p2|Shedinja
|rule|Swagger Clause: Swagger is banned
|rule|Baton Pass Clause: Limit one PokÃ©mon knowing Baton Pass
|teampreview
|c|âULT Hogg|oh hey
|c|âULT Hogg|this team looks familiar :P
|
|start
|switch|p1a: Cold dead and gone|Froslass, F|343\/343
|switch|p2a: Tentacruel|Tentacruel, F|352\/352
|turn|1
|
|move|p1a: Cold dead and gone|Spikes|p2a: Tentacruel
|-sidestart|p2: ULT Hogg|Spikes
|move|p2a: Tentacruel|Scald|p1a: Cold dead and gone
|-damage|p1a: Cold dead and gone|231\/343
|
|turn|2
|
|move|p1a: Cold dead and gone|Taunt|p2a: Tentacruel
|-start|p2a: Tentacruel|move: Taunt
|move|p2a: Tentacruel|Scald|p1a: Cold dead and gone
|-damage|p1a: Cold dead and gone|123\/343
|-start|p2a: Tentacruel|Disable|Scald
|
|turn|3
|
|move|p1a: Cold dead and gone|Spikes|p2a: Tentacruel
|-sidestart|p2: ULT Hogg|Spikes
|move|p2a: Tentacruel|Sludge Bomb|p1a: Cold dead and gone
|-resisted|p1a: Cold dead and gone
|-damage|p1a: Cold dead and gone|67\/343
|
|turn|4
|
|move|p1a: Cold dead and gone|Spikes|p2a: Tentacruel
|-sidestart|p2: ULT Hogg|Spikes
|move|p2a: Tentacruel|Sludge Bomb|p1a: Cold dead and gone
|-crit|p1a: Cold dead and gone
|-resisted|p1a: Cold dead and gone
|-damage|p1a: Cold dead and gone|0 fnt
|faint|p1a: Cold dead and gone
|
|-end|p2a: Tentacruel|move: Taunt
|
|switch|p1a: Spiritomb|Spiritomb, M|294\/294
|turn|5
|
|move|p1a: Spiritomb|Sucker Punch|p2a: Tentacruel
|-fail|p2a: Tentacruel
|move|p2a: Tentacruel|Toxic Spikes|p1a: Spiritomb
|-sidestart|p1: zockcent|move: Toxic Spikes
|
|turn|6
|
|switch|p2a: Florges|Florges, F|360\/360
|-damage|p2a: Florges|270\/360|[from] Spikes
|move|p1a: Spiritomb|Taunt|p2a: Florges
|-start|p2a: Florges|move: Taunt
|
|-heal|p2a: Florges|292\/360|[from] item: Leftovers
|turn|7
|
|switch|p1a: Reuniclus|Reuniclus, F|409\/409
|-status|p1a: Reuniclus|psn
|move|p2a: Florges|Moonblast|p1a: Reuniclus
|-damage|p1a: Reuniclus|267\/409 psn
|
|-heal|p2a: Florges|314\/360|[from] item: Leftovers
|turn|8
|
|move|p2a: Florges|Moonblast|p1a: Reuniclus
|-damage|p1a: Reuniclus|122\/409 psn
|move|p1a: Reuniclus|Trick Room|p1a: Reuniclus
|-fieldstart|move: Trick Room|[of] p1a: Reuniclus
|
|-heal|p2a: Florges|336\/360|[from] item: Leftovers
|turn|9
|
|move|p1a: Reuniclus|Psyshock|p2a: Florges
|-damage|p2a: Florges|128\/360
|move|p2a: Florges|Moonblast|p1a: Reuniclus
|-damage|p1a: Reuniclus|0 fnt
|faint|p1a: Reuniclus
|
|-heal|p2a: Florges|150\/360|[from] item: Leftovers
|-end|p2a: Florges|move: Taunt
|
|switch|p1a: Swampert|Swampert, M|403\/403
|-status|p1a: Swampert|psn
|turn|10
|
|move|p2a: Florges|Protect|p2a: Florges
|-singleturn|p2a: Florges|Protect
|move|p1a: Swampert|Stealth Rock|p2a: Florges
|-sidestart|p2: ULT Hogg|move: Stealth Rock
|
|-heal|p2a: Florges|172\/360|[from] item: Leftovers
|-damage|p1a: Swampert|353\/403 psn|[from] psn
|turn|11
|
|move|p1a: Swampert|Earthquake|p2a: Florges
|-damage|p2a: Florges|37\/360
|move|p2a: Florges|Wish|p2a: Florges
|
|-heal|p1a: Swampert|378\/403 psn|[from] item: Leftovers
|-heal|p2a: Florges|59\/360|[from] item: Leftovers
|-damage|p1a: Swampert|328\/403 psn|[from] psn
|turn|12
|
|move|p2a: Florges|Protect|p2a: Florges
|-singleturn|p2a: Florges|Protect
|move|p1a: Swampert|Roar|p2a: Florges
|drag|p2a: Tentacruel|Tentacruel, F|352\/352
|-damage|p2a: Tentacruel|264\/352|[from] Spikes
|-damage|p2a: Tentacruel|220\/352|[from] Stealth Rock
|
|-heal|p2a: Tentacruel|352\/352|[from] move: Wish|[wisher] Florges
|-heal|p1a: Swampert|353\/403 psn|[from] item: Leftovers
|-damage|p1a: Swampert|303\/403 psn|[from] psn
|-fieldend|move: Trick Room
|turn|13
|
|switch|p1a: Spiritomb|Spiritomb, M|294\/294
|-status|p1a: Spiritomb|psn
|move|p2a: Tentacruel|Toxic Spikes|p1a: Spiritomb
|-sidestart|p1: zockcent|move: Toxic Spikes
|
|-damage|p1a: Spiritomb|258\/294 psn|[from] psn
|turn|14
|
|move|p2a: Tentacruel|Scald|p1a: Spiritomb
|-damage|p1a: Spiritomb|189\/294 psn
|move|p1a: Spiritomb|Pursuit|p2a: Tentacruel
|-damage|p2a: Tentacruel|279\/352
|
|-heal|p2a: Tentacruel|301\/352|[from] item: Black Sludge
|-damage|p1a: Spiritomb|153\/294 psn|[from] psn
|turn|15
|
|move|p1a: Spiritomb|Sucker Punch|p2a: Tentacruel
|-damage|p2a: Tentacruel|153\/352
|move|p2a: Tentacruel|Scald|p1a: Spiritomb
|-damage|p1a: Spiritomb|75\/294 psn
|
|-heal|p2a: Tentacruel|175\/352|[from] item: Black Sludge
|-damage|p1a: Spiritomb|39\/294 psn|[from] psn
|turn|16
|
|move|p1a: Spiritomb|Sucker Punch|p2a: Tentacruel
|-damage|p2a: Tentacruel|31\/352
|move|p2a: Tentacruel|Scald|p1a: Spiritomb
|-damage|p1a: Spiritomb|0 fnt
|faint|p1a: Spiritomb
|
|-heal|p2a: Tentacruel|53\/352|[from] item: Black Sludge
|
|switch|p1a: Torpedo|Sharpedo, F|281\/281
|-status|p1a: Torpedo|tox
|turn|17
|
|move|p1a: Torpedo|Crunch|p2a: Tentacruel
|-damage|p2a: Tentacruel|0 fnt
|faint|p2a: Tentacruel
|
|-damage|p1a: Torpedo|264\/281 tox|[from] psn
|-boost|p1a: Torpedo|spe|1|[from] ability: Speed Boost
|
|switch|p2a: Ferroseed|Ferroseed, M|292\/292
|-damage|p2a: Ferroseed|274\/292|[from] Stealth Rock
|-damage|p2a: Ferroseed|201\/292|[from] Spikes
|turn|18
|
|switch|p1a: Machamp|Machamp, M|364\/364
|-status|p1a: Machamp|tox
|move|p2a: Ferroseed|Protect|p2a: Ferroseed
|-fail|p2a: Ferroseed
|
|-damage|p1a: Machamp|342\/364 tox|[from] psn
|turn|19
|
|move|p2a: Ferroseed|Protect|p2a: Ferroseed
|-singleturn|p2a: Ferroseed|Protect
|move|p1a: Machamp|Knock Off|p2a: Ferroseed
|-activate|p2a: Ferroseed|Protect
|
|-damage|p1a: Machamp|298\/364 tox|[from] psn
|turn|20
|
|move|p1a: Machamp|Knock Off|p2a: Ferroseed
|-damage|p2a: Ferroseed|95\/292
|-damage|p1a: Machamp|253\/364 tox|[from] ability: Iron Barbs|[of] p2a: Ferroseed
|-enditem|p2a: Ferroseed|Eviolite|[from] move: Knock Off|[of] p1a: Machamp
|move|p2a: Ferroseed|Spikes|p1a: Machamp
|-sidestart|p1: zockcent|Spikes
|
|-damage|p1a: Machamp|187\/364 tox|[from] psn
|turn|21
|
|move|p2a: Ferroseed|Protect|p2a: Ferroseed
|-singleturn|p2a: Ferroseed|Protect
|move|p1a: Machamp|Close Combat|p2a: Ferroseed
|-activate|p2a: Ferroseed|Protect
|
|-damage|p1a: Machamp|99\/364 tox|[from] psn
|turn|22
|
|switch|p2a: Shedinja|Shedinja|1\/1
|-damage|p2a: Shedinja|0 fnt|[from] Stealth Rock
|faint|p2a: Shedinja
|move|p1a: Machamp|Close Combat|p2: Shedinja|[notarget]
|-notarget
|
|-damage|p1a: Machamp|0 fnt|[from] psn
|faint|p1a: Machamp
|
|switch|p2a: Aerodactyl|Aerodactyl, F|363\/363
|switch|p1a: Swampert|Swampert, M|303\/403 psn
|-damage|p2a: Aerodactyl|273\/363|[from] Stealth Rock
|-ability|p2a: Aerodactyl|Pressure
|-damage|p1a: Swampert|253\/403 psn|[from] Spikes
|turn|23
|
|detailschange|p2a: Aerodactyl|Aerodactyl-Mega, F
|-mega|p2a: Aerodactyl|Aerodactyl|Aerodactylite
|move|p2a: Aerodactyl|Defog|p1a: Swampert
|-unboost|p1a: Swampert|evasion|1
|-sideend|p1: zockcent|Spikes|[from] move: Defog|[of] p1a: Swampert
|-sideend|p1: zockcent|Toxic Spikes|[from] move: Defog|[of] p1a: Swampert
|-sideend|p2: ULT Hogg|Spikes|[from] move: Defog|[of] p2a: Aerodactyl
|-sideend|p2: ULT Hogg|Stealth Rock|[from] move: Defog|[of] p2a: Aerodactyl
|move|p1a: Swampert|Roar|p2a: Aerodactyl
|drag|p2a: Florges|Florges, F|59\/360
|
|-heal|p2a: Florges|81\/360|[from] item: Leftovers
|-heal|p1a: Swampert|278\/403 psn|[from] item: Leftovers
|-damage|p1a: Swampert|228\/403 psn|[from] psn
|turn|24
|
|move|p2a: Florges|Protect|p2a: Florges
|-singleturn|p2a: Florges|Protect
|move|p1a: Swampert|Earthquake|p2a: Florges
|-activate|p2a: Florges|Protect
|
|-heal|p2a: Florges|103\/360|[from] item: Leftovers
|-heal|p1a: Swampert|253\/403 psn|[from] item: Leftovers
|-damage|p1a: Swampert|203\/403 psn|[from] psn
|turn|25
|
|switch|p2a: Aerodactyl|Aerodactyl-Mega, F|273\/363
|move|p1a: Swampert|Earthquake|p2a: Aerodactyl
|-immune|p2a: Aerodactyl|[msg]
|
|-heal|p1a: Swampert|228\/403 psn|[from] item: Leftovers
|-damage|p1a: Swampert|178\/403 psn|[from] psn
|turn|26
|
|move|p2a: Aerodactyl|Taunt|p1a: Swampert
|-start|p1a: Swampert|move: Taunt
|cant|p1a: Swampert|move: Taunt|Stealth Rock
|
|-heal|p1a: Swampert|203\/403 psn|[from] item: Leftovers
|-damage|p1a: Swampert|153\/403 psn|[from] psn
|turn|27
|
|switch|p2a: Kyurem|Kyurem|405\/405
|-ability|p2a: Kyurem|Pressure
|move|p1a: Swampert|Scald|p2a: Kyurem
|-resisted|p2a: Kyurem
|-damage|p2a: Kyurem|363\/405
|
|-heal|p2a: Kyurem|388\/405|[from] item: Leftovers
|-heal|p1a: Swampert|178\/403 psn|[from] item: Leftovers
|-damage|p1a: Swampert|128\/403 psn|[from] psn
|turn|28
|
|move|p2a: Kyurem|Substitute|p2a: Kyurem
|-start|p2a: Kyurem|Substitute
|-damage|p2a: Kyurem|287\/405
|move|p1a: Swampert|Earthquake|p2a: Kyurem
|-crit|p2a: Kyurem
|-end|p2a: Kyurem|Substitute
|
|-heal|p2a: Kyurem|312\/405|[from] item: Leftovers
|-heal|p1a: Swampert|153\/403 psn|[from] item: Leftovers
|-damage|p1a: Swampert|103\/403 psn|[from] psn
|-end|p1a: Swampert|move: Taunt
|turn|29
|
|move|p2a: Kyurem|Ice Beam|p1a: Swampert
|-damage|p1a: Swampert|0 fnt
|faint|p1a: Swampert
|
|-heal|p2a: Kyurem|337\/405|[from] item: Leftovers
|
|switch|p1a: Torpedo|Sharpedo, F|264\/281 tox
|turn|30
|
|move|p1a: Torpedo|Protect|p1a: Torpedo
|-singleturn|p1a: Torpedo|Protect
|move|p2a: Kyurem|Substitute|p2a: Kyurem
|-start|p2a: Kyurem|Substitute
|-damage|p2a: Kyurem|236\/405
|
|-heal|p2a: Kyurem|261\/405|[from] item: Leftovers
|-damage|p1a: Torpedo|247\/281 tox|[from] psn
|-boost|p1a: Torpedo|spe|1|[from] ability: Speed Boost
|turn|31
|
|detailschange|p1a: Torpedo|Sharpedo-Mega, F
|-mega|p1a: Torpedo|Sharpedo|Sharpedonite
|move|p1a: Torpedo|Crunch|p2a: Kyurem
|-end|p2a: Kyurem|Substitute
|move|p2a: Kyurem|Substitute|p2a: Kyurem
|-start|p2a: Kyurem|Substitute
|-damage|p2a: Kyurem|160\/405
|
|-heal|p2a: Kyurem|185\/405|[from] item: Leftovers
|-damage|p1a: Torpedo|213\/281 tox|[from] psn
|turn|32
|
|move|p1a: Torpedo|Crunch|p2a: Kyurem
|-end|p2a: Kyurem|Substitute
|move|p2a: Kyurem|Substitute|p2a: Kyurem
|-start|p2a: Kyurem|Substitute
|-damage|p2a: Kyurem|84\/405
|
|-heal|p2a: Kyurem|109\/405|[from] item: Leftovers
|-damage|p1a: Torpedo|162\/281 tox|[from] psn
|turn|33
|
|move|p1a: Torpedo|Crunch|p2a: Kyurem
|-end|p2a: Kyurem|Substitute
|move|p2a: Kyurem|Substitute|p2a: Kyurem
|-start|p2a: Kyurem|Substitute
|-damage|p2a: Kyurem|8\/405
|
|-heal|p2a: Kyurem|33\/405|[from] item: Leftovers
|-damage|p1a: Torpedo|94\/281 tox|[from] psn
|turn|34
|
|move|p1a: Torpedo|Crunch|p2a: Kyurem
|-end|p2a: Kyurem|Substitute
|move|p2a: Kyurem|Roost|p2a: Kyurem
|-heal|p2a: Kyurem|236\/405
|
|-heal|p2a: Kyurem|261\/405|[from] item: Leftovers
|-damage|p1a: Torpedo|9\/281 tox|[from] psn
|turn|35
|
|switch|p2a: Ferroseed|Ferroseed, M|95\/292
|move|p1a: Torpedo|Crunch|p2a: Ferroseed
|-damage|p2a: Ferroseed|0 fnt
|-damage|p1a: Torpedo|0 fnt|[from] ability: Iron Barbs|[of] p2a: Ferroseed
|faint|p1a: Torpedo
|faint|p2a: Ferroseed
|
|win|ULT Hogg
|raw|Ladder updating...
|raw|zockcent's rating: 1352 &rarr; <strong>1337<\/strong><br \/>(-15 for losing)
|raw|ULT Hogg's rating: 1424 &rarr; <strong>1440<\/strong><br \/>(+16 for winning)
|leave|zockcent
|player|p1
|leave|ULT Hogg
|player|p2
|join|ULT Hogg