|join|Lord of popcorn
|join|awesomness
|player|p1|Lord of popcorn|169
|player|p2|awesomness|80
|gametype|singles
|gen|6
|tier|ORAS OU
|rated
|rule|Sleep Clause Mod: Limit one foe put to sleep
|rule|Species Clause: Limit one of each PokÃ©mon
|rule|OHKO Clause: OHKO moves are banned
|rule|Moody Clause: Moody is banned
|rule|Evasion Moves Clause: Evasion moves are banned
|rule|Endless Battle Clause: Forcing endless battles is banned
|rule|HP Percentage Mod: HP is shown in percentages
|clearpoke
|poke|p1|Latias, F
|poke|p1|Mamoswine, M
|poke|p1|Quagsire, M
|poke|p1|Heatran, M
|poke|p1|Kyurem-Black
|poke|p1|Magnezone
|poke|p2|Metagross
|poke|p2|Azumarill, M
|poke|p2|Gengar, F
|poke|p2|Latias, F
|poke|p2|Heracross, M
|poke|p2|Talonflame, M
|rule|Swagger Clause: Swagger is banned
|rule|Baton Pass Clause: Limit one PokÃ©mon knowing Baton Pass
|teampreview
|
|start
|switch|p1a: Mamoswine|Mamoswine, M|361\/361
|switch|p2a: Azumarill|Azumarill, M|404\/404
|turn|1
|
|move|p1a: Mamoswine|Stealth Rock|p2a: Azumarill
|-sidestart|p2: awesomness|move: Stealth Rock
|move|p2a: Azumarill|Waterfall|p1a: Mamoswine
|-crit|p1a: Mamoswine
|-supereffective|p1a: Mamoswine
|-enditem|p1a: Mamoswine|Focus Sash
|-damage|p1a: Mamoswine|1\/361
|
|turn|2
|
|switch|p1a: Kyurem-Black|Kyurem-Black|454\/454
|-ability|p1a: Kyurem-Black|Teravolt
|move|p2a: Azumarill|Aqua Jet|p1a: Kyurem-Black
|-resisted|p1a: Kyurem-Black
|-damage|p1a: Kyurem-Black|408\/454
|
|turn|3
|
|switch|p1a: Magnezone|Magnezone|344\/344
|move|p2a: Azumarill|Play Rough|p1a: Magnezone
|-resisted|p1a: Magnezone
|-damage|p1a: Magnezone|263\/344
|
|turn|4
|
|switch|p2a: Latias|Latias, F|302\/302
|-damage|p2a: Latias|265\/302|[from] Stealth Rock
|move|p1a: Magnezone|Volt Switch|p2a: Latias
|-resisted|p2a: Latias
|-damage|p2a: Latias|188\/302
|-damage|p1a: Magnezone|229\/344|[from] item: Life Orb
|
|switch|p1a: Mamoswine|Mamoswine, M|1\/361
|
|turn|5
|
|move|p1a: Mamoswine|Ice Shard|p2a: Latias
|-supereffective|p2a: Latias
|-damage|p2a: Latias|20\/302
|move|p2a: Latias|Defog|p1a: Mamoswine
|-unboost|p1a: Mamoswine|evasion|1
|-sideend|p2: awesomness|Stealth Rock|[from] move: Defog|[of] p2a: Latias
|
|turn|6
|
|move|p1a: Mamoswine|Ice Shard|p2a: Latias
|-supereffective|p2a: Latias
|-damage|p2a: Latias|0 fnt
|faint|p2a: Latias
|
|
|switch|p2a: Talonflame|Talonflame, M|359\/359
|turn|7
|
|switch|p1a: Quagsire|Quagsire, M|394\/394
|move|p2a: Talonflame|Brave Bird|p1a: Quagsire
|-damage|p1a: Quagsire|259\/394
|-damage|p2a: Talonflame|314\/359|[from] recoil|[of] p1a: Quagsire
|
|-heal|p2a: Talonflame|336\/359|[from] item: Leftovers
|-heal|p1a: Quagsire|283\/394|[from] item: Leftovers
|turn|8
|
|move|p2a: Talonflame|Bulk Up|p2a: Talonflame
|-boost|p2a: Talonflame|atk|1
|-boost|p2a: Talonflame|def|1
|move|p1a: Quagsire|Recover|p1a: Quagsire
|-heal|p1a: Quagsire|394\/394
|
|-heal|p2a: Talonflame|358\/359|[from] item: Leftovers
|turn|9
|
|switch|p2a: Heracross|Heracross, M|322\/322
|move|p1a: Quagsire|Toxic|p2a: Heracross
|-status|p2a: Heracross|tox
|
|-damage|p2a: Heracross|302\/322 tox|[from] psn
|turn|10
|
|move|p1a: Quagsire|Protect|p1a: Quagsire
|-singleturn|p1a: Quagsire|Protect
|move|p2a: Heracross|Bullet Seed|p1a: Quagsire
|-activate|p1a: Quagsire|Protect
|
|-damage|p2a: Heracross|262\/322 tox|[from] psn
|turn|11
|
|switch|p2a: Azumarill|Azumarill, M|404\/404
|switch|p1a: Mamoswine|Mamoswine, M|1\/361
|
|turn|12
|
|switch|p1a: Quagsire|Quagsire, M|394\/394
|move|p2a: Azumarill|Aqua Jet|p1a: Quagsire
|-damage|p1a: Quagsire|328\/394
|
|-heal|p1a: Quagsire|352\/394|[from] item: Leftovers
|turn|13
|
|move|p2a: Azumarill|Play Rough|p1a: Quagsire
|-damage|p1a: Quagsire|207\/394
|-unboost|p1a: Quagsire|atk|1
|move|p1a: Quagsire|Scald|p2a: Azumarill
|-resisted|p2a: Azumarill
|-damage|p2a: Azumarill|362\/404
|
|-heal|p1a: Quagsire|231\/394|[from] item: Leftovers
|turn|14
|
|move|p2a: Azumarill|Waterfall|p1a: Quagsire
|-damage|p1a: Quagsire|87\/394
|move|p1a: Quagsire|Recover|p1a: Quagsire
|-heal|p1a: Quagsire|284\/394
|
|-heal|p1a: Quagsire|308\/394|[from] item: Leftovers
|turn|15
|
|switch|p2a: Gengar|Gengar, F|262\/262
|move|p1a: Quagsire|Recover|p1a: Quagsire
|-heal|p1a: Quagsire|394\/394
|
|turn|16
|
|switch|p1a: Heatran|Heatran, M|323\/323
|move|p2a: Gengar|Shadow Ball|p1a: Heatran
|-damage|p1a: Heatran|176\/323
|
|turn|17
|
|move|p1a: Heatran|Lava Plume|p2a: Gengar
|-damage|p2a: Gengar|88\/262
|move|p2a: Gengar|Focus Blast|p1a: Heatran
|-supereffective|p1a: Heatran
|-damage|p1a: Heatran|0 fnt
|faint|p1a: Heatran
|
|
|switch|p1a: Mamoswine|Mamoswine, M|1\/361
|turn|18
|
|switch|p2a: Azumarill|Azumarill, M|362\/404
|move|p1a: Mamoswine|Ice Shard|p2a: Azumarill
|-resisted|p2a: Azumarill
|-damage|p2a: Azumarill|314\/404
|
|turn|19
|
|switch|p1a: Quagsire|Quagsire, M|394\/394
|move|p2a: Azumarill|Aqua Jet|p1a: Quagsire
|-damage|p1a: Quagsire|321\/394
|
|-heal|p1a: Quagsire|345\/394|[from] item: Leftovers
|turn|20
|
|switch|p2a: Gengar|Gengar, F|88\/262
|move|p1a: Quagsire|Scald|p2a: Gengar
|-damage|p2a: Gengar|0 fnt
|faint|p2a: Gengar
|
|-heal|p1a: Quagsire|369\/394|[from] item: Leftovers
|
|switch|p2a: Heracross|Heracross, M|262\/322 tox
|turn|21
|
|move|p1a: Quagsire|Protect|p1a: Quagsire
|-singleturn|p1a: Quagsire|Protect
|move|p2a: Heracross|Knock Off|p1a: Quagsire
|-activate|p1a: Quagsire|Protect
|
|-heal|p1a: Quagsire|393\/394|[from] item: Leftovers
|-damage|p2a: Heracross|242\/322 tox|[from] psn
|turn|22
|
|switch|p1a: Magnezone|Magnezone|229\/344
|move|p2a: Heracross|Knock Off|p1a: Magnezone
|-damage|p1a: Magnezone|96\/344
|-enditem|p1a: Magnezone|Life Orb|[from] move: Knock Off|[of] p2a: Heracross
|
|-damage|p2a: Heracross|202\/322 tox|[from] psn
|turn|23
|
|move|p2a: Heracross|Knock Off|p1a: Magnezone
|-damage|p1a: Magnezone|3\/344
|move|p1a: Magnezone|Thunderbolt|p2a: Heracross
|-damage|p2a: Heracross|36\/322 tox
|
|-damage|p2a: Heracross|0 fnt|[from] psn
|faint|p2a: Heracross
|
|switch|p2a: Talonflame|Talonflame, M|358\/359
|turn|24
|
|switch|p1a: Quagsire|Quagsire, M|393\/394
|move|p2a: Talonflame|Brave Bird|p1a: Quagsire
|-damage|p1a: Quagsire|255\/394
|-damage|p2a: Talonflame|312\/359|[from] recoil|[of] p1a: Quagsire
|
|-heal|p2a: Talonflame|334\/359|[from] item: Leftovers
|-heal|p1a: Quagsire|279\/394|[from] item: Leftovers
|turn|25
|
|move|p2a: Talonflame|Bulk Up|p2a: Talonflame
|-boost|p2a: Talonflame|atk|1
|-boost|p2a: Talonflame|def|1
|move|p1a: Quagsire|Scald|p2a: Talonflame
|-supereffective|p2a: Talonflame
|-damage|p2a: Talonflame|152\/359
|
|-heal|p2a: Talonflame|174\/359|[from] item: Leftovers
|-heal|p1a: Quagsire|303\/394|[from] item: Leftovers
|turn|26
|
|move|p2a: Talonflame|Roost|p2a: Talonflame
|-heal|p2a: Talonflame|354\/359
|move|p1a: Quagsire|Recover|p1a: Quagsire
|-heal|p1a: Quagsire|394\/394
|
|-heal|p2a: Talonflame|359\/359|[from] item: Leftovers
|turn|27
|
|move|p2a: Talonflame|Brave Bird|p1a: Quagsire
|-damage|p1a: Quagsire|264\/394
|-damage|p2a: Talonflame|316\/359|[from] recoil|[of] p1a: Quagsire
|move|p1a: Quagsire|Toxic|p2a: Talonflame
|-status|p2a: Talonflame|tox
|
|-heal|p2a: Talonflame|338\/359 tox|[from] item: Leftovers
|-heal|p1a: Quagsire|288\/394|[from] item: Leftovers
|-damage|p2a: Talonflame|316\/359 tox|[from] psn
|turn|28
|
|move|p2a: Talonflame|Brave Bird|p1a: Quagsire
|-damage|p1a: Quagsire|156\/394
|-damage|p2a: Talonflame|272\/359 tox|[from] recoil|[of] p1a: Quagsire
|move|p1a: Quagsire|Recover|p1a: Quagsire
|-heal|p1a: Quagsire|353\/394
|
|-heal|p2a: Talonflame|294\/359 tox|[from] item: Leftovers
|-heal|p1a: Quagsire|377\/394|[from] item: Leftovers
|-damage|p2a: Talonflame|250\/359 tox|[from] psn
|turn|29
|
|switch|p2a: Azumarill|Azumarill, M|314\/404
|move|p1a: Quagsire|Protect|p1a: Quagsire
|-fail|p1a: Quagsire
|
|-heal|p1a: Quagsire|394\/394|[from] item: Leftovers
|turn|30
|
|move|p2a: Azumarill|Waterfall|p1a: Quagsire
|-crit|p1a: Quagsire
|-damage|p1a: Quagsire|174\/394
|move|p1a: Quagsire|Scald|p2a: Azumarill
|-crit|p2a: Azumarill
|-resisted|p2a: Azumarill
|-damage|p2a: Azumarill|250\/404
|-status|p2a: Azumarill|brn
|
|-heal|p1a: Quagsire|198\/394|[from] item: Leftovers
|-damage|p2a: Azumarill|200\/404 brn|[from] brn
|-enditem|p2a: Azumarill|Sitrus Berry|[eat]
|-heal|p2a: Azumarill|301\/404 brn|[from] item: Sitrus Berry
|turn|31
|
|move|p2a: Azumarill|Waterfall|p1a: Quagsire
|-damage|p1a: Quagsire|125\/394
|move|p1a: Quagsire|Recover|p1a: Quagsire
|-heal|p1a: Quagsire|322\/394
|
|-heal|p1a: Quagsire|346\/394|[from] item: Leftovers
|-damage|p2a: Azumarill|251\/404 brn|[from] brn
|turn|32
|-message|awesomness forfeited.
|
|win|Lord of popcorn
|raw|Ladder updating...
|leave|awesomness
|player|p2
|raw|Lord of popcorn's rating: 1202 &rarr; <strong>1230<\/strong><br \/>(+28 for winning)
|raw|awesomness's rating: 1247 &rarr; <strong>1219<\/strong><br \/>(-28 for losing)