|join|lil manaphy
|join|awesomness
|player|p1|lil manaphy|9
|player|p2|awesomness|80
|gametype|singles
|gen|6
|tier|ORAS OU
|rated
|rule|Sleep Clause Mod: Limit one foe put to sleep
|rule|Species Clause: Limit one of each PokÃ©mon
|rule|OHKO Clause: OHKO moves are banned
|rule|Moody Clause: Moody is banned
|rule|Evasion Moves Clause: Evasion moves are banned
|rule|Endless Battle Clause: Forcing endless battles is banned
|rule|HP Percentage Mod: HP is shown in percentages
|clearpoke
|poke|p1|Sableye, M
|poke|p1|Tentacruel, F
|poke|p1|Chansey, F
|poke|p1|Rotom-Wash
|poke|p1|Landorus-Therian, M
|poke|p1|Greninja, F
|poke|p2|Greninja, M
|poke|p2|Landorus-Therian, M
|poke|p2|Zapdos
|poke|p2|Diancie
|poke|p2|Magnezone
|poke|p2|Conkeldurr, M
|rule|Swagger Clause: Swagger is banned
|rule|Baton Pass Clause: Limit one PokÃ©mon knowing Baton Pass
|teampreview
|
|start
|switch|p1a: Greninja|Greninja, F|285\/285
|switch|p2a: Conkeldurr|Conkeldurr, M|414\/414
|turn|1
|
|switch|p1a: Sableye|Sableye, M|304\/304
|move|p2a: Conkeldurr|Drain Punch|p1a: Sableye
|-immune|p1a: Sableye|[msg]
|
|turn|2
|join|daftmau5
|
|detailschange|p1a: Sableye|Sableye-Mega, M
|message|Sableye has Mega Evolved into Mega Sableye!
|move|p1a: Sableye|Will-O-Wisp|p2a: Conkeldurr
|-status|p2a: Conkeldurr|brn
|move|p2a: Conkeldurr|Ice Punch|p1a: Sableye
|-damage|p1a: Sableye|218\/304
|
|-damage|p2a: Conkeldurr|363\/414 brn|[from] brn
|turn|3
|
|switch|p2a: Diancie|Diancie|241\/241
|move|p1a: Sableye|Recover|p1a: Sableye
|-heal|p1a: Sableye|304\/304
|
|turn|4
|
|switch|p1a: Chansey|Chansey, F|704\/704
|detailschange|p2a: Diancie|Diancie-Mega
|message|Diancie has Mega Evolved into Mega Diancie!
|move|p2a: Diancie|Earth Power|p1a: Chansey
|-damage|p1a: Chansey|626\/704
|
|turn|5
|
|switch|p2a: Landorus-Therian|Landorus-Therian, M|319\/319
|-ability|p2a: Landorus-Therian|Intimidate|[of] p1a: Chansey
|-unboost|p1a: Chansey|atk|1
|move|p1a: Chansey|Seismic Toss|p2a: Landorus-Therian
|-damage|p2a: Landorus-Therian|219\/319
|
|-heal|p2a: Landorus-Therian|238\/319|[from] item: Leftovers
|turn|6
|
|switch|p1a: Sableye|Sableye-Mega, M|304\/304
|move|p2a: Landorus-Therian|Stealth Rock|p1a: Sableye
|move|p1a: Sableye|Stealth Rock|p2a: Landorus-Therian|[from]Magic Bounce
|-sidestart|p2: awesomness|move: Stealth Rock
|
|-heal|p2a: Landorus-Therian|257\/319|[from] item: Leftovers
|turn|7
|
|move|p2a: Landorus-Therian|U-turn|p1a: Sableye
|-damage|p1a: Sableye|247\/304
|
|switch|p2a: Diancie|Diancie-Mega|241\/241
|-damage|p2a: Diancie|211\/241|[from] Stealth Rock
|move|p1a: Sableye|Shadow Ball|p2a: Diancie
|-damage|p2a: Diancie|132\/241
|-unboost|p2a: Diancie|spd|1
|
|turn|8
|
|switch|p1a: Chansey|Chansey, F|626\/704
|move|p2a: Diancie|Moonblast|p1a: Chansey
|-damage|p1a: Chansey|506\/704
|
|turn|9
|
|move|p2a: Diancie|Moonblast|p1a: Chansey
|-crit|p1a: Chansey
|-damage|p1a: Chansey|304\/704
|move|p1a: Chansey|Soft-Boiled|p1a: Chansey
|-heal|p1a: Chansey|656\/704
|
|turn|10
|
|move|p2a: Diancie|Moonblast|p1a: Chansey
|-damage|p1a: Chansey|524\/704
|move|p1a: Chansey|Wish|p1a: Chansey
|
|turn|11
|
|move|p2a: Diancie|Moonblast|p1a: Chansey
|-damage|p1a: Chansey|404\/704
|move|p1a: Chansey|Seismic Toss|p2a: Diancie
|-damage|p2a: Diancie|32\/241
|
|-heal|p1a: Chansey|704\/704|[from] move: Wish|[wisher] Chansey
|turn|12
|join|Demandred
|-message|awesomness forfeited.
|
|win|lil manaphy
|raw|Ladder updating...
|leave|awesomness
|player|p2
|raw|lil manaphy's rating: 1678 &rarr; <strong>1687<\/strong><br \/>(+9 for winning)
|raw|awesomness's rating: 1445 &rarr; <strong>1436<\/strong><br \/>(-9 for losing)