|join|awesomness
|join|Dewott 2001
|player|p1|awesomness|80
|player|p2|Dewott 2001|270
|gametype|singles
|gen|6
|tier|ORAS OU
|rated
|rule|Sleep Clause Mod: Limit one foe put to sleep
|rule|Species Clause: Limit one of each PokÃ©mon
|rule|OHKO Clause: OHKO moves are banned
|rule|Moody Clause: Moody is banned
|rule|Evasion Moves Clause: Evasion moves are banned
|rule|Endless Battle Clause: Forcing endless battles is banned
|rule|HP Percentage Mod: HP is shown in percentages
|clearpoke
|poke|p1|Greninja, F
|poke|p1|Salamence, F
|poke|p1|Mew
|poke|p1|Landorus-Therian, M
|poke|p1|Magnezone
|poke|p1|Azumarill, F
|poke|p2|Swampert, F
|poke|p2|Politoed, F
|poke|p2|Articuno
|poke|p2|Cobalion
|poke|p2|Latios, M
|poke|p2|Jolteon, M
|rule|Swagger Clause: Swagger is banned
|rule|Baton Pass Clause: Limit one PokÃ©mon knowing Baton Pass
|teampreview
|c|âawesomness|oh heck no swift swim swampert
|
|start
|switch|p1a: Magnezone|Magnezone|282\/282
|switch|p2a: Cobalion|Cobalion|334\/334
|turn|1
|
|move|p1a: Magnezone|Hidden Power|p2a: Cobalion
|-supereffective|p2a: Cobalion
|-damage|p2a: Cobalion|158\/334
|move|p2a: Cobalion|Calm Mind|p2a: Cobalion
|-boost|p2a: Cobalion|spa|1
|-boost|p2a: Cobalion|spd|1
|
|-heal|p2a: Cobalion|178\/334|[from] item: Leftovers
|turn|2
|
|switch|p1a: Landorus-Therian|Landorus-Therian, M|319\/319
|-ability|p1a: Landorus-Therian|Intimidate|[of] p2a: Cobalion
|-unboost|p2a: Cobalion|atk|1
|move|p2a: Cobalion|Calm Mind|p2a: Cobalion
|-boost|p2a: Cobalion|spa|1
|-boost|p2a: Cobalion|spd|1
|
|-heal|p2a: Cobalion|198\/334|[from] item: Leftovers
|turn|3
|
|switch|p2a: Latios|Latios, M|302\/302
|move|p1a: Landorus-Therian|Earthquake|p2a: Latios
|-immune|p2a: Latios|[msg]
|
|turn|4
|
|switch|p1a: Azumarill|Azumarill, F|404\/404
|move|p2a: Latios|Psyshock|p1a: Azumarill
|-damage|p1a: Azumarill|131\/404
|
|turn|5
|
|switch|p1a: Greninja|Greninja, F|285\/285
|move|p2a: Latios|Psyshock|p1a: Greninja
|-immune|p1a: Greninja|[msg]
|
|turn|6
|
|switch|p2a: Articuno|Articuno|340\/340
|-ability|p2a: Articuno|Pressure
|move|p1a: Greninja|Ice Beam|p2a: Articuno
|-start|p1a: Greninja|typechange|Ice|[from] Protean
|-damage|p2a: Articuno|214\/340
|-damage|p1a: Greninja|257\/285|[from] item: Life Orb
|
|turn|7
|
|move|p1a: Greninja|Dark Pulse|p2a: Articuno
|-start|p1a: Greninja|typechange|Dark|[from] Protean
|-damage|p2a: Articuno|105\/340
|-damage|p1a: Greninja|229\/285|[from] item: Life Orb
|move|p2a: Articuno|Agility|p2a: Articuno
|-boost|p2a: Articuno|spe|2
|
|turn|8
|
|move|p2a: Articuno|Roost|p2a: Articuno
|-heal|p2a: Articuno|275\/340
|move|p1a: Greninja|Dark Pulse|p2a: Articuno
|-crit|p2a: Articuno
|-damage|p2a: Articuno|92\/340
|-damage|p1a: Greninja|201\/285|[from] item: Life Orb
|
|turn|9
|
|switch|p1a: Magnezone|Magnezone|282\/282
|move|p2a: Articuno|Roost|p2a: Articuno
|-heal|p2a: Articuno|262\/340
|
|turn|10
|
|switch|p2a: Swampert|Swampert, F|364\/364
|move|p1a: Magnezone|Flash Cannon|p2a: Swampert
|-resisted|p2a: Swampert
|-damage|p2a: Swampert|289\/364
|
|turn|11
|
|switch|p1a: Mew|Mew|404\/404
|detailschange|p2a: Swampert|Swampert-Mega, F
|message|Swampert has Mega Evolved into Mega Swampert!
|move|p2a: Swampert|Ice Punch|p1a: Mew
|-damage|p1a: Mew|333\/404
|
|-heal|p1a: Mew|358\/404|[from] item: Leftovers
|turn|12
|
|move|p1a: Mew|Will-O-Wisp|p2a: Swampert
|-status|p2a: Swampert|brn
|move|p2a: Swampert|Waterfall|p1a: Mew
|-damage|p1a: Mew|303\/404
|
|-heal|p1a: Mew|328\/404|[from] item: Leftovers
|-damage|p2a: Swampert|244\/364 brn|[from] brn
|turn|13
|
|switch|p1a: Azumarill|Azumarill, F|131\/404
|switch|p2a: Cobalion|Cobalion|198\/334
|
|-heal|p2a: Cobalion|218\/334|[from] item: Leftovers
|turn|14
|
|move|p2a: Cobalion|Calm Mind|p2a: Cobalion
|-boost|p2a: Cobalion|spa|1
|-boost|p2a: Cobalion|spd|1
|move|p1a: Azumarill|Superpower|p2a: Cobalion
|-supereffective|p2a: Cobalion
|-damage|p2a: Cobalion|0 fnt
|-unboost|p1a: Azumarill|atk|1
|-unboost|p1a: Azumarill|def|1
|faint|p2a: Cobalion
|
|
|switch|p2a: Jolteon|Jolteon, M|272\/272
|turn|15
|
|switch|p1a: Landorus-Therian|Landorus-Therian, M|319\/319
|-ability|p1a: Landorus-Therian|Intimidate|[of] p2a: Jolteon
|-unboost|p2a: Jolteon|atk|1
|move|p2a: Jolteon|Hidden Power|p1a: Landorus-Therian
|-supereffective|p1a: Landorus-Therian
|-damage|p1a: Landorus-Therian|0 fnt
|-damage|p2a: Jolteon|245\/272|[from] item: Life Orb
|faint|p1a: Landorus-Therian
|
|
|switch|p1a: Mew|Mew|328\/404
|turn|16
|
|move|p2a: Jolteon|Signal Beam|p1a: Mew
|-supereffective|p1a: Mew
|-damage|p1a: Mew|117\/404
|-damage|p2a: Jolteon|218\/272|[from] item: Life Orb
|move|p1a: Mew|Will-O-Wisp|p2a: Jolteon
|-status|p2a: Jolteon|brn
|
|-heal|p1a: Mew|142\/404|[from] item: Leftovers
|-damage|p2a: Jolteon|184\/272 brn|[from] brn
|turn|17
|
|move|p2a: Jolteon|Signal Beam|p1a: Mew
|-supereffective|p1a: Mew
|-damage|p1a: Mew|0 fnt
|-damage|p2a: Jolteon|157\/272 brn|[from] item: Life Orb
|faint|p1a: Mew
|
|-damage|p2a: Jolteon|123\/272 brn|[from] brn
|
|switch|p1a: Azumarill|Azumarill, F|131\/404
|turn|18
|
|switch|p2a: Latios|Latios, M|302\/302
|move|p1a: Azumarill|Aqua Jet|p2a: Latios
|-resisted|p2a: Latios
|-damage|p2a: Latios|254\/302
|
|turn|19
|
|move|p2a: Latios|Psyshock|p1a: Azumarill
|-damage|p1a: Azumarill|0 fnt
|faint|p1a: Azumarill
|
|
|switch|p1a: Greninja|Greninja, F|201\/285
|turn|20
|
|switch|p2a: Politoed|Politoed, F|354\/354
|-weather|RainDance
|move|p1a: Greninja|Ice Beam|p2a: Politoed
|-start|p1a: Greninja|typechange|Ice|[from] Protean
|-resisted|p2a: Politoed
|-damage|p2a: Politoed|275\/354
|-status|p2a: Politoed|frz
|-damage|p1a: Greninja|173\/285|[from] item: Life Orb
|
|-weather|RainDance|[upkeep]
|turn|21
|
|move|p1a: Greninja|Dark Pulse|p2a: Politoed
|-start|p1a: Greninja|typechange|Dark|[from] Protean
|-damage|p2a: Politoed|139\/354 frz
|-damage|p1a: Greninja|145\/285|[from] item: Life Orb
|-curestatus|p2a: Politoed|frz
|move|p2a: Politoed|Scald|p1a: Greninja
|-damage|p1a: Greninja|0 fnt
|faint|p1a: Greninja
|
|-weather|RainDance|[upkeep]
|
|switch|p1a: Salamence|Salamence, F|331\/331
|-ability|p1a: Salamence|Intimidate|[of] p2a: Politoed
|-unboost|p2a: Politoed|atk|1
|turn|22
|
|detailschange|p1a: Salamence|Salamence-Mega, F
|message|Salamence has Mega Evolved into Mega Salamence!
|move|p1a: Salamence|Dragon Dance|p1a: Salamence
|-boost|p1a: Salamence|atk|1
|-boost|p1a: Salamence|spe|1
|move|p2a: Politoed|Ice Beam|p1a: Salamence
|-supereffective|p1a: Salamence
|-damage|p1a: Salamence|0 fnt
|faint|p1a: Salamence
|
|-weather|RainDance|[upkeep]
|
|switch|p1a: Magnezone|Magnezone|282\/282
|turn|23
|
|move|p1a: Magnezone|Flash Cannon|p2a: Politoed
|-resisted|p2a: Politoed
|-damage|p2a: Politoed|79\/354
|move|p2a: Politoed|Hydro Pump|p1a: Magnezone
|-damage|p1a: Magnezone|56\/282
|
|-weather|RainDance|[upkeep]
|turn|24
|
|move|p1a: Magnezone|Flash Cannon|p2a: Politoed
|-resisted|p2a: Politoed
|-damage|p2a: Politoed|16\/354
|move|p2a: Politoed|Scald|p1a: Magnezone
|-damage|p1a: Magnezone|0 fnt
|faint|p1a: Magnezone
|
|win|Dewott 2001
|raw|Ladder updating...