|join|awesomness
|join|neverusedalt
|player|p1|awesomness|99
|player|p2|neverusedalt|283
|gametype|singles
|gen|6
|tier|OU
|rated
|clearpoke
|poke|p1|Gyarados, F
|poke|p1|Aegislash, M
|poke|p1|Tyranitar, F
|poke|p1|Excadrill, M
|poke|p1|Clefable, F
|poke|p1|Greninja, M
|poke|p2|Bisharp, F
|poke|p2|Medicham, M
|poke|p2|Suicune
|poke|p2|Hippowdon, F
|poke|p2|Zapdos
|poke|p2|Landorus-Therian, M
|rule|Swagger Clause: Swagger is banned
|rule|Baton Pass Clause: Limit one PokÃ©mon knowing Baton Pass
|rule|Sleep Clause Mod: Limit one foe put to sleep
|rule|Species Clause: Limit one of each PokÃ©mon
|rule|OHKO Clause: OHKO moves are banned
|rule|Moody Clause: Moody is banned
|rule|Evasion Moves Clause: Evasion moves are banned
|rule|Endless Battle Clause: Forcing endless battles is banned
|rule|HP Percentage Mod: HP is reported as percentages
|teampreview
|
|start
|switch|p1a: Frog Shuriken|Greninja, M|285\/285
|switch|p2a: Landorus-Therian|Landorus-Therian, M|320\/320
|-ability|p2a: Landorus-Therian|Intimidate|[of] p1a: Frog Shuriken
|-unboost|p1a: Frog Shuriken|atk|1
|turn|1
|
|move|p2a: Landorus-Therian|U-turn|p1a: Frog Shuriken
|-supereffective|p1a: Frog Shuriken
|-damage|p1a: Frog Shuriken|9\/285
|
|switch|p2a: Suicune|Suicune|404\/404
|-ability|p2a: Suicune|Pressure
|-start|p1a: Frog Shuriken|typechange|Bug|[from] Protean
|move|p1a: Frog Shuriken|U-turn|p2a: Suicune
|-damage|p2a: Suicune|357\/404
|-damage|p1a: Frog Shuriken|0 fnt|[from] item: Life Orb
|faint|p1a: Frog Shuriken
|
|-heal|p2a: Suicune|382\/404|[from] item: Leftovers
|
|switch|p1a: Was a Shame|Gyarados, F|332\/332
|-ability|p1a: Was a Shame|Intimidate|[of] p2a: Suicune
|-unboost|p2a: Suicune|atk|1
|turn|2
|
|switch|p2a: Zapdos|Zapdos|383\/383
|-ability|p2a: Zapdos|Pressure
|detailschange|p1a: Was a Shame|Gyarados-Mega, F
|message|Gyarados has Mega Evolved into Mega Gyarados!
|-ability|p1a: Was a Shame|Mold Breaker
|move|p1a: Was a Shame|Dragon Dance|p1a: Was a Shame
|-boost|p1a: Was a Shame|atk|1
|-boost|p1a: Was a Shame|spe|1
|
|turn|3
|
|move|p1a: Was a Shame|Ice Fang|p2a: Zapdos
|-supereffective|p2a: Zapdos
|-damage|p2a: Zapdos|117\/383
|move|p2a: Zapdos|Thunderbolt|p1a: Was a Shame
|-supereffective|p1a: Was a Shame
|-damage|p1a: Was a Shame|122\/332
|
|-heal|p2a: Zapdos|140\/383|[from] item: Leftovers
|turn|4
|
|move|p1a: Was a Shame|Waterfall|p2a: Zapdos
|-damage|p2a: Zapdos|0 fnt
|faint|p2a: Zapdos
|
|
|switch|p2a: Landorus-Therian|Landorus-Therian, M|320\/320
|-ability|p2a: Landorus-Therian|Intimidate|[of] p1a: Was a Shame
|-unboost|p1a: Was a Shame|atk|1
|turn|5
|
|move|p2a: Landorus-Therian|U-turn|p1a: Was a Shame
|-supereffective|p1a: Was a Shame
|-damage|p1a: Was a Shame|0 fnt
|faint|p1a: Was a Shame
|
|switch|p2a: Bisharp|Bisharp, F|272\/272
|
|
|switch|p1a: T-tar|Tyranitar, F|341\/341
|-weather|Sandstorm
|turn|6
|
|switch|p2a: Landorus-Therian|Landorus-Therian, M|320\/320
|-ability|p2a: Landorus-Therian|Intimidate|[of] p1a: T-tar
|-unboost|p1a: T-tar|atk|1
|move|p1a: T-tar|Earthquake|p2a: Landorus-Therian
|-immune|p2a: Landorus-Therian|[msg]
|
|-weather|Sandstorm|[upkeep]
|turn|7
|
|switch|p1a: Holy Moley|Excadrill, M|362\/362
|-item|p1a: Holy Moley|Air Balloon
|move|p2a: Landorus-Therian|U-turn|p1a: Holy Moley
|-resisted|p1a: Holy Moley
|-damage|p1a: Holy Moley|290\/362
|-enditem|p1a: Holy Moley|Air Balloon
|
|switch|p2a: Hippowdon|Hippowdon, F|420\/420
|
|-weather|Sandstorm|[upkeep]
|turn|8
|
|switch|p1a: Alien|Clefable, F|394\/394
|move|p2a: Hippowdon|Earthquake|p1a: Alien
|-damage|p1a: Alien|285\/394
|
|-weather|Sandstorm|[upkeep]
|-heal|p1a: Alien|309\/394|[from] item: Leftovers
|turn|9
|
|switch|p2a: Bisharp|Bisharp, F|272\/272
|move|p1a: Alien|Calm Mind|p1a: Alien
|-boost|p1a: Alien|spa|1
|-boost|p1a: Alien|spd|1
|
|-weather|Sandstorm|[upkeep]
|-heal|p1a: Alien|333\/394|[from] item: Leftovers
|turn|10
|
|move|p2a: Bisharp|Iron Head|p1a: Alien
|-supereffective|p1a: Alien
|-damage|p1a: Alien|0 fnt
|-damage|p2a: Bisharp|245\/272|[from] item: Life Orb
|faint|p1a: Alien
|
|-weather|none
|
|switch|p1a: T-tar|Tyranitar, F|341\/341
|-weather|Sandstorm
|turn|11
|
|move|p1a: T-tar|Ice Beam|p2a: Bisharp
|-resisted|p2a: Bisharp
|-damage|p2a: Bisharp|197\/272
|move|p2a: Bisharp|Iron Head|p1a: T-tar
|-supereffective|p1a: T-tar
|-damage|p1a: T-tar|0 fnt
|-damage|p2a: Bisharp|170\/272|[from] item: Life Orb
|faint|p1a: T-tar
|
|-weather|Sandstorm|[upkeep]
|-message|awesomness forfeited.
|
|win|neverusedalt
|raw|Ladder updating...
|leave|awesomness
|player|p1
|raw|awesomness's rating: 1526 &rarr; <strong>1507<\/strong><br \/>(-19 for losing)
|raw|neverusedalt's rating: 1543 &rarr; <strong>1562<\/strong><br \/>(+19 for winning)