|join|awesomness
|join|Yagura
|player|p1|awesomness|80
|player|p2|Yagura|148
|gametype|singles
|gen|6
|tier|OU
|rated
|clearpoke
|poke|p1|Seismitoad, F
|poke|p1|Ludicolo, F
|poke|p1|Sawk, M
|poke|p1|Klinklang
|poke|p1|Sandslash, M
|poke|p1|Phione
|poke|p2|Metagross
|poke|p2|Rotom-Wash
|poke|p2|Ferrothorn, F
|poke|p2|Landorus-Therian, M
|poke|p2|Clefable, F
|poke|p2|Latias, F
|rule|Swagger Clause: Swagger is banned
|rule|Baton Pass Clause: Limit one PokÃ©mon knowing Baton Pass
|rule|Sleep Clause Mod: Limit one foe put to sleep
|rule|Species Clause: Limit one of each PokÃ©mon
|rule|OHKO Clause: OHKO moves are banned
|rule|Moody Clause: Moody is banned
|rule|Evasion Moves Clause: Evasion moves are banned
|rule|Endless Battle Clause: Forcing endless battles is banned
|rule|HP Percentage Mod: HP is shown in percentages
|teampreview
|c|âawesomness|wrong tier lol
|join|Jared.O
|c|âYagura|:\/
|
|start
|switch|p1a: Ludicolo|Ludicolo, F|302\/302
|switch|p2a: Latias|Latias, F|301\/301
|turn|1
|c| Jared.O|PU vs OU!
|
|switch|p1a: Klinklang|Klinklang|262\/262
|move|p2a: Latias|Draco Meteor|p1a: Klinklang
|-resisted|p1a: Klinklang
|-damage|p1a: Klinklang|114\/262
|-unboost|p2a: Latias|spa|2
|-damage|p2a: Latias|271\/301|[from] item: Life Orb
|
|-heal|p1a: Klinklang|130\/262|[from] item: Leftovers
|turn|2
|c|âawesomness|im apout to die
|
|switch|p2a: Landorus-Therian|Landorus-Therian, M|319\/319
|-ability|p2a: Landorus-Therian|Intimidate|[of] p1a: Klinklang
|-fail|p1a: Klinklang|unboost|[from] ability: Clear Body|[of] p1a: Klinklang
|switch|p1a: Sawk|Sawk, M|291\/291
|
|turn|3
|
|move|p2a: Landorus-Therian|U-turn|p1a: Sawk
|-resisted|p1a: Sawk
|-damage|p1a: Sawk|236\/291
|
|switch|p2a: Metagross|Metagross|301\/301
|move|p1a: Sawk|Ice Punch|p2a: Metagross
|-resisted|p2a: Metagross
|-damage|p2a: Metagross|251\/301
|
|turn|4
|c| Jared.O|lol no ice punch
|c| Jared.O|oh
|
|switch|p1a: Sandslash|Sandslash, M|354\/354
|detailschange|p2a: Metagross|Metagross-Mega
|message|Metagross has Mega Evolved into Mega Metagross!
|move|p2a: Metagross|Meteor Mash|p1a: Sandslash|[miss]
|-miss|p2a: Metagross|p1a: Sandslash
|
|turn|5
|c| Jared.O|lol
|c| Jared.O|skillfull
|
|switch|p2a: Landorus-Therian|Landorus-Therian, M|319\/319
|-ability|p2a: Landorus-Therian|Intimidate|[of] p1a: Sandslash
|-unboost|p1a: Sandslash|atk|1
|move|p1a: Sandslash|Stealth Rock|p2a: Landorus-Therian
|-sidestart|p2: Yagura|move: Stealth Rock
|
|turn|6
|c|âawesomness|some nice hax
|c|âawesomness|lol
|
|move|p2a: Landorus-Therian|U-turn|p1a: Sandslash
|-damage|p1a: Sandslash|298\/354
|
|switch|p2a: Latias|Latias, F|271\/301
|-damage|p2a: Latias|234\/301|[from] Stealth Rock
|move|p1a: Sandslash|Knock Off|p2a: Latias
|-supereffective|p2a: Latias
|-damage|p2a: Latias|124\/301
|-enditem|p2a: Latias|Life Orb|[from] move: Knock Off|[of] p1a: Sandslash
|
|-heal|p1a: Sandslash|320\/354|[from] item: Leftovers
|turn|7
|
|switch|p1a: Klinklang|Klinklang|130\/262
|move|p2a: Latias|Defog|p1a: Klinklang
|-fail|p1a: Klinklang|unboost|[from] ability: Clear Body|[of] p1a: Klinklang
|-sideend|p2: Yagura|Stealth Rock|[from] move: Defog|[of] p2a: Latias
|
|-heal|p1a: Klinklang|146\/262|[from] item: Leftovers
|turn|8
|
|move|p2a: Latias|Draco Meteor|p1a: Klinklang
|-resisted|p1a: Klinklang
|-damage|p1a: Klinklang|36\/262
|-unboost|p2a: Latias|spa|2
|move|p1a: Klinklang|Shift Gear|p1a: Klinklang
|-boost|p1a: Klinklang|atk|1
|-boost|p1a: Klinklang|spe|2
|
|-heal|p1a: Klinklang|52\/262|[from] item: Leftovers
|turn|9
|c|âYagura|super effective pls
|
|switch|p2a: Ferrothorn|Ferrothorn, F|352\/352
|move|p1a: Klinklang|Gear Grind|p2a: Ferrothorn
|-resisted|p2a: Ferrothorn
|-damage|p2a: Ferrothorn|312\/352
|-damage|p1a: Klinklang|20\/262|[from] ability: Iron Barbs|[of] p2a: Ferrothorn
|-resisted|p2a: Ferrothorn
|-damage|p2a: Ferrothorn|276\/352
|-damage|p1a: Klinklang|0 fnt|[from] ability: Iron Barbs|[of] p2a: Ferrothorn
|faint|p1a: Klinklang
|-hitcount|p2a: Ferrothorn|2
|
|-heal|p2a: Ferrothorn|298\/352|[from] item: Leftovers
|c| Jared.O|yagura if you lose
|
|switch|p1a: Sawk|Sawk, M|236\/291
|turn|10
|c|âawesomness|hes not
|
|move|p2a: Ferrothorn|Protect|p2a: Ferrothorn
|-singleturn|p2a: Ferrothorn|Protect
|move|p1a: Sawk|Close Combat|p2a: Ferrothorn
|-activate|p2a: Ferrothorn|Protect
|
|-heal|p2a: Ferrothorn|320\/352|[from] item: Leftovers
|turn|11
|
|switch|p1a: Phione|Phione|364\/364
|switch|p2a: Clefable|Clefable, F|394\/394
|
|turn|12
|c|âYagura|!learn phione, tail glow
|raw|<div class="infobox">Phione <span class="message-learn-cannotlearn">can't<\/span> learn Tail Glow<\/div>
|
|move|p1a: Phione|Rain Dance|p1a: Phione
|-weather|RainDance
|move|p2a: Clefable|Calm Mind|p2a: Clefable
|-boost|p2a: Clefable|spa|1
|-boost|p2a: Clefable|spd|1
|
|-weather|RainDance|[upkeep]
|turn|13
|
|move|p1a: Phione|Scald|p2a: Clefable
|-damage|p2a: Clefable|328\/394
|move|p2a: Clefable|Calm Mind|p2a: Clefable
|-boost|p2a: Clefable|spa|1
|-boost|p2a: Clefable|spd|1
|
|-weather|RainDance|[upkeep]
|-heal|p2a: Clefable|352\/394|[from] item: Leftovers
|turn|14
|
|switch|p1a: Seismitoad|Seismitoad, F|351\/351
|move|p2a: Clefable|Calm Mind|p2a: Clefable
|-boost|p2a: Clefable|spa|1
|-boost|p2a: Clefable|spd|1
|
|-weather|RainDance|[upkeep]
|-heal|p2a: Clefable|376\/394|[from] item: Leftovers
|turn|15
|c|âawesomness|welp
|c|âawesomness|crit?
|
|move|p1a: Seismitoad|Sludge Bomb|p2a: Clefable
|-supereffective|p2a: Clefable
|-damage|p2a: Clefable|290\/394
|-status|p2a: Clefable|psn
|-damage|p1a: Seismitoad|316\/351|[from] item: Life Orb
|move|p2a: Clefable|Moonblast|p1a: Seismitoad
|-damage|p1a: Seismitoad|0 fnt
|faint|p1a: Seismitoad
|
|-weather|RainDance|[upkeep]
|-heal|p2a: Clefable|314\/394 psn|[from] item: Leftovers
|
|switch|p1a: Ludicolo|Ludicolo, F|302\/302
|turn|16
|
|move|p1a: Ludicolo|Hydro Pump|p2a: Clefable
|-crit|p2a: Clefable
|-damage|p2a: Clefable|0 fnt
|faint|p2a: Clefable
|
|-weather|RainDance|[upkeep]
|c|âYagura|pls
|c| Jared.O|LOLOLOL
|c|âawesomness|arceaus answered
|
|switch|p2a: Ferrothorn|Ferrothorn, F|320\/352
|turn|17
|
|switch|p1a: Sawk|Sawk, M|236\/291
|move|p2a: Ferrothorn|Stealth Rock|p1a: Sawk
|-sidestart|p1: awesomness|move: Stealth Rock
|
|-weather|RainDance|[upkeep]
|-heal|p2a: Ferrothorn|342\/352|[from] item: Leftovers
|turn|18
|
|move|p2a: Ferrothorn|Protect|p2a: Ferrothorn
|-singleturn|p2a: Ferrothorn|Protect
|move|p1a: Sawk|Close Combat|p2a: Ferrothorn
|-activate|p2a: Ferrothorn|Protect
|
|-weather|RainDance|[upkeep]
|-heal|p2a: Ferrothorn|352\/352|[from] item: Leftovers
|turn|19
|
|switch|p2a: Landorus-Therian|Landorus-Therian, M|319\/319
|-ability|p2a: Landorus-Therian|Intimidate|[of] p1a: Sawk
|-unboost|p1a: Sawk|atk|1
|move|p1a: Sawk|Close Combat|p2a: Landorus-Therian
|-resisted|p2a: Landorus-Therian
|-damage|p2a: Landorus-Therian|202\/319
|-unboost|p1a: Sawk|def|1
|-unboost|p1a: Sawk|spd|1
|
|-weather|none
|turn|20
|
|switch|p1a: Sandslash|Sandslash, M|320\/354
|-damage|p1a: Sandslash|298\/354|[from] Stealth Rock
|move|p2a: Landorus-Therian|Earthquake|p1a: Sandslash
|-damage|p1a: Sandslash|162\/354
|
|-heal|p1a: Sandslash|184\/354|[from] item: Leftovers
|turn|21
|
|switch|p2a: Metagross|Metagross-Mega|251\/301
|move|p1a: Sandslash|Stealth Rock|p2a: Metagross
|-sidestart|p2: Yagura|move: Stealth Rock
|
|-heal|p1a: Sandslash|206\/354|[from] item: Leftovers
|turn|22
|
|switch|p2a: Latias|Latias, F|124\/301
|-damage|p2a: Latias|87\/301|[from] Stealth Rock
|move|p1a: Sandslash|Earthquake|p2a: Latias
|-immune|p2a: Latias|[msg]
|
|-heal|p1a: Sandslash|228\/354|[from] item: Leftovers
|turn|23
|
|move|p2a: Latias|Defog|p1a: Sandslash
|-unboost|p1a: Sandslash|evasion|1
|-sideend|p1: awesomness|Stealth Rock|[from] move: Defog|[of] p1a: Sandslash
|-sideend|p2: Yagura|Stealth Rock|[from] move: Defog|[of] p2a: Latias
|move|p1a: Sandslash|Rapid Spin|p2a: Latias
|-damage|p2a: Latias|69\/301
|
|-heal|p1a: Sandslash|250\/354|[from] item: Leftovers
|turn|24
|c|âawesomness|misclick
|
|move|p2a: Latias|Psyshock|p1a: Sandslash
|-damage|p1a: Sandslash|168\/354
|move|p1a: Sandslash|Knock Off|p2a: Latias
|-supereffective|p2a: Latias
|-damage|p2a: Latias|0 fnt
|faint|p2a: Latias
|
|-heal|p1a: Sandslash|190\/354|[from] item: Leftovers
|
|switch|p2a: Rotom-Wash|Rotom-Wash|303\/303
|turn|25
|c|âawesomness|now i don't have a chance at all
|
|move|p2a: Rotom-Wash|Hydro Pump|p1a: Sandslash
|-supereffective|p1a: Sandslash
|-damage|p1a: Sandslash|0 fnt
|faint|p1a: Sandslash
|
|
|switch|p1a: Ludicolo|Ludicolo, F|302\/302
|turn|26
|
|switch|p1a: Sawk|Sawk, M|236\/291
|move|p2a: Rotom-Wash|Volt Switch|p1a: Sawk
|-damage|p1a: Sawk|136\/291
|
|switch|p2a: Landorus-Therian|Landorus-Therian, M|202\/319
|-ability|p2a: Landorus-Therian|Intimidate|[of] p1a: Sawk
|-unboost|p1a: Sawk|atk|1
|
|turn|27
|
|switch|p1a: Ludicolo|Ludicolo, F|302\/302
|move|p2a: Landorus-Therian|Earthquake|p1a: Ludicolo
|-resisted|p1a: Ludicolo
|-damage|p1a: Ludicolo|171\/302
|
|turn|28
|
|switch|p2a: Ferrothorn|Ferrothorn, F|352\/352
|move|p1a: Ludicolo|Ice Beam|p2a: Ferrothorn
|-damage|p2a: Ferrothorn|285\/352
|
|-heal|p2a: Ferrothorn|307\/352|[from] item: Leftovers
|turn|29
|
|move|p1a: Ludicolo|Ice Beam|p2a: Ferrothorn
|-damage|p2a: Ferrothorn|233\/352
|move|p2a: Ferrothorn|Stealth Rock|p1a: Ludicolo
|-sidestart|p1: awesomness|move: Stealth Rock
|
|-heal|p2a: Ferrothorn|255\/352|[from] item: Leftovers
|turn|30
|
|switch|p2a: Metagross|Metagross-Mega|251\/301
|move|p1a: Ludicolo|Ice Beam|p2a: Metagross
|-resisted|p2a: Metagross
|-damage|p2a: Metagross|207\/301
|-status|p2a: Metagross|frz
|
|turn|31
|
|cant|p2a: Metagross|frz
|move|p1a: Ludicolo|Rain Dance|p1a: Ludicolo
|-weather|RainDance
|
|-weather|RainDance|[upkeep]
|turn|32
|c|âawesomness|lol
|
|move|p1a: Ludicolo|Hydro Pump|p2a: Metagross
|-damage|p2a: Metagross|0 fnt
|faint|p2a: Metagross
|
|-weather|RainDance|[upkeep]
|
|switch|p2a: Ferrothorn|Ferrothorn, F|255\/352
|turn|33
|
|move|p1a: Ludicolo|Ice Beam|p2a: Ferrothorn
|-damage|p2a: Ferrothorn|189\/352
|move|p2a: Ferrothorn|Gyro Ball|p1a: Ludicolo
|-resisted|p1a: Ludicolo
|-damage|p1a: Ludicolo|51\/302
|
|-weather|RainDance|[upkeep]
|-heal|p2a: Ferrothorn|211\/352|[from] item: Leftovers
|turn|34
|
|move|p2a: Ferrothorn|Protect|p2a: Ferrothorn
|-singleturn|p2a: Ferrothorn|Protect
|move|p1a: Ludicolo|Ice Beam|p2a: Ferrothorn
|-activate|p2a: Ferrothorn|Protect
|
|-weather|RainDance|[upkeep]
|-heal|p2a: Ferrothorn|233\/352|[from] item: Leftovers
|turn|35
|
|move|p1a: Ludicolo|Ice Beam|p2a: Ferrothorn
|-damage|p2a: Ferrothorn|170\/352
|move|p2a: Ferrothorn|Gyro Ball|p1a: Ludicolo
|-resisted|p1a: Ludicolo
|-damage|p1a: Ludicolo|0 fnt
|faint|p1a: Ludicolo
|
|-weather|RainDance|[upkeep]
|-heal|p2a: Ferrothorn|192\/352|[from] item: Leftovers
|
|switch|p1a: Sawk|Sawk, M|136\/291
|-damage|p1a: Sawk|118\/291|[from] Stealth Rock
|turn|36
|
|move|p2a: Ferrothorn|Protect|p2a: Ferrothorn
|-singleturn|p2a: Ferrothorn|Protect
|move|p1a: Sawk|Close Combat|p2a: Ferrothorn
|-activate|p2a: Ferrothorn|Protect
|
|-weather|RainDance|[upkeep]
|-heal|p2a: Ferrothorn|214\/352|[from] item: Leftovers
|turn|37
|
|switch|p2a: Landorus-Therian|Landorus-Therian, M|202\/319
|-ability|p2a: Landorus-Therian|Intimidate|[of] p1a: Sawk
|-unboost|p1a: Sawk|atk|1
|move|p1a: Sawk|Close Combat|p2a: Landorus-Therian
|-crit|p2a: Landorus-Therian
|-resisted|p2a: Landorus-Therian
|-damage|p2a: Landorus-Therian|0 fnt
|-unboost|p1a: Sawk|def|1
|-unboost|p1a: Sawk|spd|1
|faint|p2a: Landorus-Therian
|
|-weather|RainDance|[upkeep]
|c|âYagura|u wot
|
|switch|p2a: Rotom-Wash|Rotom-Wash|303\/303
|turn|38
|
|switch|p1a: Phione|Phione|364\/364
|-damage|p1a: Phione|319\/364|[from] Stealth Rock
|move|p2a: Rotom-Wash|Volt Switch|p1a: Phione
|-supereffective|p1a: Phione
|-damage|p1a: Phione|127\/364
|
|switch|p2a: Ferrothorn|Ferrothorn, F|214\/352
|
|-weather|none
|-heal|p2a: Ferrothorn|236\/352|[from] item: Leftovers
|turn|39
|
|move|p1a: Phione|Scald|p2a: Ferrothorn
|-resisted|p2a: Ferrothorn
|-damage|p2a: Ferrothorn|208\/352
|-status|p2a: Ferrothorn|brn
|move|p2a: Ferrothorn|Leech Seed|p1a: Phione
|-start|p1a: Phione|move: Leech Seed
|
|-heal|p2a: Ferrothorn|230\/352 brn|[from] item: Leftovers
|-damage|p1a: Phione|82\/364|[from] Leech Seed|[of] p2a: Ferrothorn
|-heal|p2a: Ferrothorn|275\/352 brn|[silent]
|-damage|p2a: Ferrothorn|231\/352 brn|[from] brn
|turn|40
|c|âYagura|u wot
|
|move|p1a: Phione|Rain Dance|p1a: Phione
|-weather|RainDance
|move|p2a: Ferrothorn|Gyro Ball|p1a: Phione
|-resisted|p1a: Phione
|-damage|p1a: Phione|54\/364
|
|-weather|RainDance|[upkeep]
|-heal|p2a: Ferrothorn|253\/352 brn|[from] item: Leftovers
|-damage|p1a: Phione|9\/364|[from] Leech Seed|[of] p2a: Ferrothorn
|-heal|p2a: Ferrothorn|298\/352 brn|[silent]
|-damage|p2a: Ferrothorn|254\/352 brn|[from] brn
|turn|41
|
|move|p2a: Ferrothorn|Protect|p2a: Ferrothorn
|-singleturn|p2a: Ferrothorn|Protect
|move|p1a: Phione|Rest|p1a: Phione
|-status|p1a: Phione|slp
|-heal|p1a: Phione|364\/364 slp|[silent]
|-status|p1a: Phione|slp|[from] move: Rest
|
|-weather|RainDance|[upkeep]
|-curestatus|p1a: Phione|slp
|-heal|p2a: Ferrothorn|276\/352 brn|[from] item: Leftovers
|-damage|p1a: Phione|319\/364|[from] Leech Seed|[of] p2a: Ferrothorn
|-heal|p2a: Ferrothorn|321\/352 brn|[silent]
|-damage|p2a: Ferrothorn|277\/352 brn|[from] brn
|turn|42
|
|move|p1a: Phione|Scald|p2a: Ferrothorn
|-resisted|p2a: Ferrothorn
|-damage|p2a: Ferrothorn|235\/352 brn
|move|p2a: Ferrothorn|Gyro Ball|p1a: Phione
|-resisted|p1a: Phione
|-damage|p1a: Phione|291\/364
|
|-weather|RainDance|[upkeep]
|-heal|p2a: Ferrothorn|257\/352 brn|[from] item: Leftovers
|-damage|p1a: Phione|246\/364|[from] Leech Seed|[of] p2a: Ferrothorn
|-heal|p2a: Ferrothorn|302\/352 brn|[silent]
|-damage|p2a: Ferrothorn|258\/352 brn|[from] brn
|turn|43
|c|âawesomness|im stalling you out of gyro balls
|
|switch|p2a: Rotom-Wash|Rotom-Wash|303\/303
|move|p1a: Phione|Ice Beam|p2a: Rotom-Wash
|-resisted|p2a: Rotom-Wash
|-damage|p2a: Rotom-Wash|277\/303
|-status|p2a: Rotom-Wash|frz
|
|-weather|RainDance|[upkeep]
|-heal|p2a: Rotom-Wash|295\/303 frz|[from] item: Leftovers
|-damage|p1a: Phione|201\/364|[from] Leech Seed|[of] p2a: Rotom-Wash
|-heal|p2a: Rotom-Wash|303\/303 frz|[silent]
|turn|44
|c|âYagura|I'm
|c|âYagura|fucking
|c|âYagura|done
|
|switch|p1a: Sawk|Sawk, M|118\/291
|-damage|p1a: Sawk|100\/291|[from] Stealth Rock
|cant|p2a: Rotom-Wash|frz
|
|-weather|RainDance|[upkeep]
|turn|45
|
|move|p1a: Sawk|Close Combat|p2a: Rotom-Wash
|-damage|p2a: Rotom-Wash|75\/303 frz
|-unboost|p1a: Sawk|def|1
|-unboost|p1a: Sawk|spd|1
|-curestatus|p2a: Rotom-Wash|frz
|move|p2a: Rotom-Wash|Volt Switch|p1a: Sawk
|-damage|p1a: Sawk|0 fnt
|faint|p1a: Sawk
|
|switch|p2a: Ferrothorn|Ferrothorn, F|258\/352 brn
|
|-weather|RainDance|[upkeep]
|-heal|p2a: Ferrothorn|280\/352 brn|[from] item: Leftovers
|-damage|p2a: Ferrothorn|236\/352 brn|[from] brn
|c|âawesomness|aw
|c|âYagura|whew
|
|switch|p1a: Phione|Phione|201\/364
|-damage|p1a: Phione|156\/364|[from] Stealth Rock
|turn|46
|c|âawesomness|that was fun
|
|move|p1a: Phione|Scald|p2a: Ferrothorn
|-resisted|p2a: Ferrothorn
|-damage|p2a: Ferrothorn|191\/352 brn
|move|p2a: Ferrothorn|Leech Seed|p1a: Phione
|-start|p1a: Phione|move: Leech Seed
|
|-weather|RainDance|[upkeep]
|-heal|p2a: Ferrothorn|213\/352 brn|[from] item: Leftovers
|-damage|p1a: Phione|111\/364|[from] Leech Seed|[of] p2a: Ferrothorn
|-heal|p2a: Ferrothorn|258\/352 brn|[silent]
|-damage|p2a: Ferrothorn|214\/352 brn|[from] brn
|turn|47
|
|move|p1a: Phione|Ice Beam|p2a: Ferrothorn
|-damage|p2a: Ferrothorn|169\/352 brn
|move|p2a: Ferrothorn|Gyro Ball|p1a: Phione
|-resisted|p1a: Phione
|-damage|p1a: Phione|84\/364
|
|-weather|none
|-heal|p2a: Ferrothorn|191\/352 brn|[from] item: Leftovers
|-damage|p1a: Phione|39\/364|[from] Leech Seed|[of] p2a: Ferrothorn
|-heal|p2a: Ferrothorn|236\/352 brn|[silent]
|-damage|p2a: Ferrothorn|192\/352 brn|[from] brn
|turn|48
|
|switch|p2a: Rotom-Wash|Rotom-Wash|75\/303
|move|p1a: Phione|Rest|p1a: Phione
|-status|p1a: Phione|slp
|-heal|p1a: Phione|364\/364 slp|[silent]
|-status|p1a: Phione|slp|[from] move: Rest
|
|-heal|p2a: Rotom-Wash|93\/303|[from] item: Leftovers
|-damage|p1a: Phione|319\/364 slp|[from] Leech Seed|[of] p2a: Rotom-Wash
|-heal|p2a: Rotom-Wash|138\/303|[silent]
|turn|49
|
|move|p2a: Rotom-Wash|Pain Split|p1a: Phione
|-sethp|p1a: Phione|228\/364 slp|p2a: Rotom-Wash|228\/303|[from] move: Pain Split
|cant|p1a: Phione|slp
|
|-heal|p2a: Rotom-Wash|246\/303|[from] item: Leftovers
|-damage|p1a: Phione|183\/364 slp|[from] Leech Seed|[of] p2a: Rotom-Wash
|-heal|p2a: Rotom-Wash|291\/303|[silent]
|turn|50
|
|move|p2a: Rotom-Wash|Volt Switch|p1a: Phione
|-supereffective|p1a: Phione
|-damage|p1a: Phione|0 fnt
|faint|p1a: Phione
|
|win|Yagura
|raw|Ladder updating...
|raw|awesomness's rating: 1577 &rarr; <strong>1554<\/strong><br \/>(-23 for losing)
|raw|Yagura's rating: 1527 &rarr; <strong>1550<\/strong><br \/>(+23 for winning)
|c|âYagura|whew
|c|âYagura|I'm done with mons
|c|âYagura|gg