|join|awesomness
|join|BANRAGEQUITTERS
|player|p1|awesomness|293
|player|p2|BANRAGEQUITTERS|125
|gametype|singles
|gen|6
|tier|OU
|rated
|clearpoke
|poke|p1|Mienshao, M
|poke|p1|Charizard, F
|poke|p1|Zapdos
|poke|p1|Nidoking, M
|poke|p1|Rotom-Wash
|poke|p1|Bisharp, M
|poke|p2|Zapdos, shiny
|poke|p2|Smeargle, F, shiny
|poke|p2|Scolipede, F, shiny
|poke|p2|Vaporeon, F, shiny
|poke|p2|Espeon, M, shiny
|poke|p2|Sylveon, F, shiny
|rule|Sleep Clause Mod: Limit one foe put to sleep
|rule|Species Clause: Limit one of each Pokemon
|rule|OHKO Clause: OHKO moves are banned
|rule|Moody Clause: Moody is banned
|rule|Evasion Moves Clause: Evasion moves are banned
|rule|Endless Battle Clause: Forcing endless battles is banned.
|rule|HP Percentage Mod: HP is reported as percentages
|teampreview
|
|start
|switch|p1a: Charizard|Charizard, F|298\/298
|switch|p2a: Scolipede|Scolipede, F, shiny|321\/321
|turn|1
|
|detailschange|p1a: Charizard|Charizard-Mega-Y, F
|message|Charizard has Mega Evolved into Mega Charizard!
|-weather|SunnyDay
|move|p2a: Scolipede|Substitute|p2a: Scolipede
|-start|p2a: Scolipede|Substitute
|-damage|p2a: Scolipede|241\/321
|move|p1a: Charizard|Heat Wave|p2a: Scolipede
|-supereffective|p2a: Scolipede
|-end|p2a: Scolipede|Substitute
|
|-weather|SunnyDay|[upkeep]
|-boost|p2a: Scolipede|spe|1|[from] ability: Speed Boost
|turn|2
|
|move|p2a: Scolipede|Protect|p2a: Scolipede
|-singleturn|p2a: Scolipede|Protect
|move|p1a: Charizard|Heat Wave|p2a: Scolipede
|-activate|p2a: Scolipede|Protect
|
|-weather|SunnyDay|[upkeep]
|-boost|p2a: Scolipede|spe|1|[from] ability: Speed Boost
|turn|3
|
|move|p2a: Scolipede|Substitute|p2a: Scolipede
|-start|p2a: Scolipede|Substitute
|-damage|p2a: Scolipede|161\/321
|move|p1a: Charizard|Heat Wave|p2a: Scolipede
|-supereffective|p2a: Scolipede
|-end|p2a: Scolipede|Substitute
|
|-weather|SunnyDay|[upkeep]
|-boost|p2a: Scolipede|spe|1|[from] ability: Speed Boost
|turn|4
|
|move|p2a: Scolipede|Protect|p2a: Scolipede
|-singleturn|p2a: Scolipede|Protect
|move|p1a: Charizard|Air Slash|p2a: Scolipede
|-activate|p2a: Scolipede|Protect
|
|-weather|SunnyDay|[upkeep]
|-boost|p2a: Scolipede|spe|1|[from] ability: Speed Boost
|turn|5
|
|move|p2a: Scolipede|Substitute|p2a: Scolipede
|-start|p2a: Scolipede|Substitute
|-damage|p2a: Scolipede|81\/321
|move|p1a: Charizard|Heat Wave|p2a: Scolipede
|-supereffective|p2a: Scolipede
|-end|p2a: Scolipede|Substitute
|
|-weather|none
|-boost|p2a: Scolipede|spe|1|[from] ability: Speed Boost
|turn|6
|
|move|p2a: Scolipede|Baton Pass|p2a: Scolipede
|
|switch|p2a: Zapdos|Zapdos, shiny|383\/383
|-ability|p2a: Zapdos|Pressure
|move|p1a: Charizard|Air Slash|p2a: Zapdos
|-resisted|p2a: Zapdos
|-damage|p2a: Zapdos|292\/383
|
|-heal|p2a: Zapdos|315\/383|[from] item: Leftovers
|turn|7
|
|switch|p1a: Zapdos|Zapdos|384\/384
|-ability|p1a: Zapdos|Pressure
|move|p2a: Zapdos|Charge|p2a: Zapdos
|-boost|p2a: Zapdos|spd|1
|-activate|p2a: Zapdos|move: Charge
|
|-heal|p2a: Zapdos|338\/383|[from] item: Leftovers
|turn|8
|
|move|p2a: Zapdos|Substitute|p2a: Zapdos
|-start|p2a: Zapdos|Substitute
|-damage|p2a: Zapdos|243\/383
|move|p1a: Zapdos|Toxic|p2a: Zapdos
|
|-heal|p2a: Zapdos|266\/383|[from] item: Leftovers
|turn|9
|
|move|p2a: Zapdos|Baton Pass|p2a: Zapdos
|
|switch|p2a: Smeargle|Smeargle, F, shiny|273\/273
|move|p1a: Zapdos|Discharge|p2a: Smeargle
|-end|p2a: Smeargle|Substitute
|
|turn|10
|
|move|p2a: Smeargle|Spore|p1a: Zapdos
|-status|p1a: Zapdos|slp
|cant|p1a: Zapdos|slp
|
|turn|11
|
|switch|p1a: Mienshao|Mienshao, M|271\/271
|move|p2a: Smeargle|Quiver Dance|p2a: Smeargle
|-boost|p2a: Smeargle|spa|1
|-boost|p2a: Smeargle|spd|1
|-boost|p2a: Smeargle|spe|1
|
|turn|12
|
|move|p1a: Mienshao|Fake Out|p2a: Smeargle
|-damage|p2a: Smeargle|207\/273
|cant|p2a: Smeargle|flinch
|
|turn|13
|
|move|p2a: Smeargle|Baton Pass|p2a: Smeargle
|
|switch|p2a: Sylveon|Sylveon, F, shiny|385\/385
|move|p1a: Mienshao|Knock Off|p2a: Sylveon
|-resisted|p2a: Sylveon
|-damage|p2a: Sylveon|308\/385
|-enditem|p2a: Sylveon|Leftovers|[from] move: Knock Off|[of] p1a: Mienshao
|
|turn|14
|
|move|p2a: Sylveon|Calm Mind|p2a: Sylveon
|-boost|p2a: Sylveon|spa|1
|-boost|p2a: Sylveon|spd|1
|move|p1a: Mienshao|U-turn|p2a: Sylveon
|-resisted|p2a: Sylveon
|-damage|p2a: Sylveon|249\/385
|
|switch|p1a: Bisharp|Bisharp, M|272\/272
|
|turn|15
|
|move|p2a: Sylveon|Hyper Voice|p1a: Bisharp
|-crit|p1a: Bisharp
|-damage|p1a: Bisharp|0 fnt
|faint|p1a: Bisharp
|
|
|switch|p1a: Nidoking|Nidoking, M|304\/304
|turn|16
|
|move|p2a: Sylveon|Stored Power|p1a: Nidoking
|-supereffective|p1a: Nidoking
|-damage|p1a: Nidoking|0 fnt
|faint|p1a: Nidoking
|
|
|switch|p1a: Mienshao|Mienshao, M|271\/271
|turn|17
|chat|BANRAGEQUITTERS|BATON PASS>YOUR PATHETIC WEAK SCRUB Team
|
|move|p1a: Mienshao|Fake Out|p2a: Sylveon
|-damage|p2a: Sylveon|180\/385
|cant|p2a: Sylveon|flinch
|
|turn|18
|
|move|p2a: Sylveon|Hyper Voice|p1a: Mienshao
|-supereffective|p1a: Mienshao
|-enditem|p1a: Mienshao|Focus Sash
|-damage|p1a: Mienshao|1\/271
|move|p1a: Mienshao|High Jump Kick|p2a: Sylveon
|-resisted|p2a: Sylveon
|-damage|p2a: Sylveon|11\/385
|
|turn|19
|
|move|p2a: Sylveon|Baton Pass|p2a: Sylveon
|
|switch|p2a: Zapdos|Zapdos, shiny|266\/383
|-ability|p2a: Zapdos|Pressure
|move|p1a: Mienshao|U-turn|p2a: Zapdos
|-resisted|p2a: Zapdos
|-damage|p2a: Zapdos|235\/383
|
|switch|p1a: Rotom-Wash|Rotom-Wash|304\/304
|
|-heal|p2a: Zapdos|258\/383|[from] item: Leftovers
|turn|20
|
|move|p2a: Zapdos|Substitute|p2a: Zapdos
|-start|p2a: Zapdos|Substitute
|-damage|p2a: Zapdos|163\/383
|move|p1a: Rotom-Wash|Hydro Pump|p2a: Zapdos
|-activate|p2a: Zapdos|Substitute|[damage]
|
|-heal|p2a: Zapdos|186\/383|[from] item: Leftovers
|turn|21
|
|move|p2a: Zapdos|Thunderbolt|p1a: Rotom-Wash
|-damage|p1a: Rotom-Wash|135\/304
|move|p1a: Rotom-Wash|Volt Switch|p2a: Zapdos
|-end|p2a: Zapdos|Substitute
|
|switch|p1a: Mienshao|Mienshao, M|91\/271
|
|-heal|p2a: Zapdos|209\/383|[from] item: Leftovers
|turn|22
|
|move|p1a: Mienshao|Fake Out|p2a: Zapdos
|-damage|p2a: Zapdos|171\/383
|cant|p2a: Zapdos|flinch
|
|-heal|p2a: Zapdos|194\/383|[from] item: Leftovers
|turn|23
|
|move|p2a: Zapdos|Thunderbolt|p1a: Mienshao
|-damage|p1a: Mienshao|0 fnt
|faint|p1a: Mienshao
|
|-heal|p2a: Zapdos|217\/383|[from] item: Leftovers
|-message|awesomness forfeited.
|
|win|BANRAGEQUITTERS
|raw|Ladder updating...
|leave|awesomness
|player|p1
|raw|awesomness's rating: 1575 &rarr; <strong>1557<\/strong><br \/>(-18 for losing)
|raw|BANRAGEQUITTERS's rating: 1612 &rarr; <strong>1630<\/strong><br \/>(+18 for winning)