|join|RotomUsersRGhey
|join|awesomness
|player|p1|RotomUsersRGhey|265
|player|p2|awesomness|293
|gametype|singles
|gen|6
|tier|OU
|rated
|clearpoke
|poke|p1|Scizor, F
|poke|p1|Charizard, F
|poke|p1|Latias, F
|poke|p1|Kyurem-Black
|poke|p1|Heatran, F
|poke|p1|Azumarill, F
|poke|p2|Azumarill, M
|poke|p2|Garchomp, M
|poke|p2|Gengar, M
|poke|p2|Metagross, shiny
|poke|p2|Zapdos
|poke|p2|Volcarona, F
|rule|Sleep Clause Mod: Limit one foe put to sleep
|rule|Species Clause: Limit one of each Pokemon
|rule|OHKO Clause: OHKO moves are banned
|rule|Moody Clause: Moody is banned
|rule|Evasion Moves Clause: Evasion moves are banned
|rule|Endless Battle Clause: Forcing endless battles is banned.
|rule|HP Percentage Mod: HP is reported as percentages
|teampreview
|
|start
|switch|p1a: Scumbag Charizard|Charizard, F|333\/333
|switch|p2a: MashingMachine|Metagross, shiny|364\/364
|-item|p2a: MashingMachine|Air Balloon
|turn|1
|
|move|p1a: Scumbag Charizard|Swords Dance|p1a: Scumbag Charizard
|-boost|p1a: Scumbag Charizard|atk|2
|move|p2a: MashingMachine|Stealth Rock|p1a: Scumbag Charizard
|-sidestart|p1: RotomUsersRGhey|move: Stealth Rock
|
|turn|2
|
|detailschange|p1a: Scumbag Charizard|Charizard-Mega-X, F
|message|Charizard has Mega Evolved into Mega Charizard!
|move|p1a: Scumbag Charizard|Flame Charge|p2a: MashingMachine
|-supereffective|p2a: MashingMachine
|-damage|p2a: MashingMachine|0 fnt
|-enditem|p2a: MashingMachine|Air Balloon
|-boost|p1a: Scumbag Charizard|spe|1
|faint|p2a: MashingMachine
|
|
|switch|p2a: OG Ghost|Gengar, M|262\/262
|turn|3
|
|move|p1a: Scumbag Charizard|Flame Charge|p2a: OG Ghost
|-enditem|p2a: OG Ghost|Focus Sash
|-damage|p2a: OG Ghost|1\/262
|-boost|p1a: Scumbag Charizard|spe|1
|move|p2a: OG Ghost|Sludge Bomb|p1a: Scumbag Charizard
|-damage|p1a: Scumbag Charizard|152\/333
|
|turn|4
|
|switch|p2a: Wrecking Ball|Azumarill, M|404\/404
|move|p1a: Scumbag Charizard|Flame Charge|p2a: Wrecking Ball
|-resisted|p2a: Wrecking Ball
|-damage|p2a: Wrecking Ball|254\/404
|-boost|p1a: Scumbag Charizard|spe|1
|
|-heal|p2a: Wrecking Ball|279\/404|[from] item: Leftovers
|turn|5
|
|move|p1a: Scumbag Charizard|Earthquake|p2a: Wrecking Ball
|-damage|p2a: Wrecking Ball|0 fnt
|faint|p2a: Wrecking Ball
|
|
|switch|p2a: Power Plant|Zapdos|384\/384
|-ability|p2a: Power Plant|Pressure
|turn|6
|
|move|p1a: Scumbag Charizard|Dragon Claw|p2a: Power Plant
|-damage|p2a: Power Plant|0 fnt
|faint|p2a: Power Plant
|
|
|switch|p2a: 5FootFireMoth|Volcarona, F|312\/312
|turn|7
|
|move|p1a: Scumbag Charizard|Dragon Claw|p2a: 5FootFireMoth
|-damage|p2a: 5FootFireMoth|0 fnt
|faint|p2a: 5FootFireMoth
|
|
|switch|p2a: Bosschomp|Garchomp, M|358\/358
|turn|8
|
|detailschange|p2a: Bosschomp|Garchomp-Mega, M
|message|Garchomp has Mega Evolved into Mega Garchomp!
|move|p1a: Scumbag Charizard|Dragon Claw|p2a: Bosschomp
|-supereffective|p2a: Bosschomp
|-damage|p2a: Bosschomp|0 fnt
|faint|p2a: Bosschomp
|
|-message|awesomness forfeited.
|
|win|RotomUsersRGhey
|raw|Ladder updating...
|leave|awesomness
|player|p2
|raw|RotomUsersRGhey's rating: 1483 &rarr; <strong>1507<\/strong><br \/>(+24 for winning)
|raw|awesomness's rating: 1546 &rarr; <strong>1523<\/strong><br \/>(-23 for losing)