|join|uphaze
|join|awesomness
|leave|awesomness
|player|p1|uphaze|87
|player|p2|awesomness|80
|gametype|singles
|gen|6
|tier|OU
|rated
|clearpoke
|poke|p1|Diancie
|poke|p1|Gengar, M
|poke|p1|Kyurem-Black
|poke|p1|Excadrill, M
|poke|p1|Raikou
|poke|p1|Talonflame, M
|poke|p2|Sableye, F
|poke|p2|Rotom-Wash
|poke|p2|Heatran, F
|poke|p2|Azumarill, M
|poke|p2|Latios, M
|poke|p2|Landorus-Therian, M
|rule|Swagger Clause: Swagger is banned
|rule|Baton Pass Clause: Limit one PokÃ©mon knowing Baton Pass
|rule|Sleep Clause Mod: Limit one foe put to sleep
|rule|Species Clause: Limit one of each PokÃ©mon
|rule|OHKO Clause: OHKO moves are banned
|rule|Moody Clause: Moody is banned
|rule|Evasion Moves Clause: Evasion moves are banned
|rule|Endless Battle Clause: Forcing endless battles is banned
|rule|HP Percentage Mod: HP is shown in percentages
|teampreview
|join|awesomness
|leave|awesomness
|player|p2
|join|awesomness
|player|p2|awesomness|80
|teampreview
|leave|awesomness
|
|start
|switch|p1a: Diancie|Diancie|241\/241
|switch|p2a: Cleanest Rotom|Rotom-Wash|304\/304
|turn|1
|join|awesomness
|player|p2
|player|p2|awesomness|80
|
|detailschange|p1a: Diancie|Diancie-Mega
|-mega|p1a: Diancie|Diancie|Diancite
|move|p1a: Diancie|Protect|p1a: Diancie
|-singleturn|p1a: Diancie|Protect
|move|p2a: Cleanest Rotom|Hydro Pump|p1a: Diancie
|-activate|p1a: Diancie|Protect
|
|turn|2
|c|âawesomness|im lagging so much
|c|âuphaze|i see that
|
|switch|p1a: Kyurem-Black|Kyurem-Black|391\/391
|-ability|p1a: Kyurem-Black|Teravolt
|move|p2a: Cleanest Rotom|Hydro Pump|p1a: Kyurem-Black
|-resisted|p1a: Kyurem-Black
|-damage|p1a: Kyurem-Black|313\/391
|
|turn|3
|
|move|p1a: Kyurem-Black|Ice Beam|p2a: Cleanest Rotom
|-resisted|p2a: Cleanest Rotom
|-damage|p2a: Cleanest Rotom|217\/304
|-damage|p1a: Kyurem-Black|274\/391|[from] item: Life Orb
|move|p2a: Cleanest Rotom|Will-O-Wisp|p1a: Kyurem-Black
|-status|p1a: Kyurem-Black|brn
|
|-damage|p1a: Kyurem-Black|226\/391 brn|[from] brn
|turn|4
|
|switch|p2a: Steven's Gift|Latios, M|302\/302
|move|p1a: Kyurem-Black|Ice Beam|p2a: Steven's Gift
|-supereffective|p2a: Steven's Gift
|-damage|p2a: Steven's Gift|0 fnt
|-damage|p1a: Kyurem-Black|187\/391 brn|[from] item: Life Orb
|faint|p2a: Steven's Gift
|
|-damage|p1a: Kyurem-Black|139\/391 brn|[from] brn
|
|switch|p2a: Sableye|Sableye, F|304\/304
|turn|5
|
|switch|p1a: Diancie|Diancie-Mega|241\/241
|switch|p2a: Cleanest Rotom|Rotom-Wash|217\/304
|
|turn|6
|
|switch|p1a: Kyurem-Black|Kyurem-Black|139\/391 brn
|-ability|p1a: Kyurem-Black|Teravolt
|move|p2a: Cleanest Rotom|Hydro Pump|p1a: Kyurem-Black
|-resisted|p1a: Kyurem-Black
|-damage|p1a: Kyurem-Black|61\/391 brn
|
|-damage|p1a: Kyurem-Black|13\/391 brn|[from] brn
|turn|7
|
|move|p1a: Kyurem-Black|Ice Beam|p2a: Cleanest Rotom
|-resisted|p2a: Cleanest Rotom
|-damage|p2a: Cleanest Rotom|121\/304
|-damage|p1a: Kyurem-Black|0 fnt|[from] item: Life Orb
|faint|p1a: Kyurem-Black
|move|p2a: Cleanest Rotom|Rest|p2a: Cleanest Rotom
|-status|p2a: Cleanest Rotom|slp
|-heal|p2a: Cleanest Rotom|304\/304 slp|[silent]
|-status|p2a: Cleanest Rotom|slp|[from] move: Rest
|-enditem|p2a: Cleanest Rotom|Chesto Berry|[eat]
|-curestatus|p2a: Cleanest Rotom|slp
|
|
|switch|p1a: Excadrill|Excadrill, M|361\/361
|-ability|p1a: Excadrill|Mold Breaker
|turn|8
|
|switch|p2a: Landorus-Therian|Landorus-Therian, M|320\/320
|-ability|p2a: Landorus-Therian|Intimidate|[of] p1a: Excadrill
|-unboost|p1a: Excadrill|atk|1
|move|p1a: Excadrill|Stealth Rock|p2a: Landorus-Therian
|-sidestart|p2: awesomness|move: Stealth Rock
|
|turn|9
|
|switch|p1a: Diancie|Diancie-Mega|241\/241
|move|p2a: Landorus-Therian|U-turn|p1a: Diancie
|-resisted|p1a: Diancie
|-damage|p1a: Diancie|196\/241
|
|switch|p2a: Bleezus|Azumarill, M|404\/404
|-damage|p2a: Bleezus|354\/404|[from] Stealth Rock
|
|turn|10
|
|move|p2a: Bleezus|Aqua Jet|p1a: Diancie
|-supereffective|p1a: Diancie
|-damage|p1a: Diancie|28\/241
|move|p1a: Diancie|Diamond Storm|p2a: Bleezus
|-crit|p2a: Bleezus
|-damage|p2a: Bleezus|50\/404
|-enditem|p2a: Bleezus|Sitrus Berry|[eat]
|-heal|p2a: Bleezus|151\/404|[from] item: Sitrus Berry
|
|turn|11
|
|move|p2a: Bleezus|Aqua Jet|p1a: Diancie
|-supereffective|p1a: Diancie
|-damage|p1a: Diancie|0 fnt
|faint|p1a: Diancie
|
|
|switch|p1a: Gengar|Gengar, M|262\/262
|turn|12
|
|move|p2a: Bleezus|Aqua Jet|p1a: Gengar
|-crit|p1a: Gengar
|-damage|p1a: Gengar|82\/262
|move|p1a: Gengar|Giga Drain|p2a: Bleezus
|-crit|p2a: Bleezus
|-supereffective|p2a: Bleezus
|-damage|p2a: Bleezus|0 fnt
|-heal|p1a: Gengar|158\/262|[from] drain|[of] p2a: Bleezus
|-damage|p1a: Gengar|132\/262|[from] item: Life Orb
|faint|p2a: Bleezus
|
|
|switch|p2a: Landorus-Therian|Landorus-Therian, M|320\/320
|-damage|p2a: Landorus-Therian|280\/320|[from] Stealth Rock
|-ability|p2a: Landorus-Therian|Intimidate|[of] p1a: Gengar
|-unboost|p1a: Gengar|atk|1
|turn|13
|
|move|p2a: Landorus-Therian|Knock Off|p1a: Gengar
|-supereffective|p1a: Gengar
|-damage|p1a: Gengar|0 fnt
|-enditem|p1a: Gengar|Life Orb|[from] move: Knock Off|[of] p2a: Landorus-Therian
|faint|p1a: Gengar
|
|
|switch|p1a: Excadrill|Excadrill, M|361\/361
|-ability|p1a: Excadrill|Mold Breaker
|turn|14
|
|move|p2a: Landorus-Therian|Knock Off|p1a: Excadrill
|-damage|p1a: Excadrill|185\/361
|-enditem|p1a: Excadrill|Focus Sash|[from] move: Knock Off|[of] p2a: Landorus-Therian
|move|p1a: Excadrill|Earthquake|p2a: Landorus-Therian
|-immune|p2a: Landorus-Therian|[msg]
|
|turn|15
|
|move|p2a: Landorus-Therian|Knock Off|p1a: Excadrill
|-damage|p1a: Excadrill|56\/361
|move|p1a: Excadrill|Iron Head|p2a: Landorus-Therian
|-damage|p2a: Landorus-Therian|111\/320
|
|turn|16
|
|move|p2a: Landorus-Therian|Knock Off|p1a: Excadrill
|-damage|p1a: Excadrill|0 fnt
|faint|p1a: Excadrill
|
|
|switch|p1a: Talonflame|Talonflame, M|298\/298
|turn|17
|
|switch|p2a: Cleanest Rotom|Rotom-Wash|304\/304
|-damage|p2a: Cleanest Rotom|266\/304|[from] Stealth Rock
|move|p1a: Talonflame|U-turn|p2a: Cleanest Rotom
|-damage|p2a: Cleanest Rotom|203\/304
|
|switch|p1a: Raikou|Raikou|322\/322
|-ability|p1a: Raikou|Pressure
|
|turn|18
|
|switch|p2a: Landorus-Therian|Landorus-Therian, M|111\/320
|-damage|p2a: Landorus-Therian|71\/320|[from] Stealth Rock
|-ability|p2a: Landorus-Therian|Intimidate|[of] p1a: Raikou
|-unboost|p1a: Raikou|atk|1
|move|p1a: Raikou|Hidden Power|p2a: Landorus-Therian
|-supereffective|p2a: Landorus-Therian
|-damage|p2a: Landorus-Therian|0 fnt
|faint|p2a: Landorus-Therian
|
|c|âawesomness|cancel button
|c|âawesomness|wow
|
|switch|p2a: UFO|Heatran, F|386\/386
|-damage|p2a: UFO|338\/386|[from] Stealth Rock
|-item|p2a: UFO|Air Balloon
|turn|19
|
|move|p1a: Raikou|Thunderbolt|p2a: UFO
|-damage|p2a: UFO|245\/386
|-enditem|p2a: UFO|Air Balloon
|move|p2a: UFO|Stealth Rock|p1a: Raikou
|-sidestart|p1: uphaze|move: Stealth Rock
|
|turn|20
|
|move|p1a: Raikou|Thunderbolt|p2a: UFO
|-damage|p2a: UFO|143\/386
|move|p2a: UFO|Lava Plume|p1a: Raikou
|-damage|p1a: Raikou|247\/322
|
|turn|21
|
|move|p1a: Raikou|Thunderbolt|p2a: UFO
|-damage|p2a: UFO|46\/386
|move|p2a: UFO|Lava Plume|p1a: Raikou
|-damage|p1a: Raikou|174\/322
|
|turn|22
|c|âuphaze|the great question is
|c|âuphaze|volt switch or tbolt
|c|âawesomness|volt switch
|c|âawesomness|save pp
|c|âawesomness|but im your opponent so
|
|move|p2a: UFO|Protect|p2a: UFO
|-singleturn|p2a: UFO|Protect
|move|p1a: Raikou|Thunderbolt|p2a: UFO
|-activate|p2a: UFO|Protect
|
|turn|23
|c|âuphaze|if your rotom had less %
|c|âuphaze|i could volt switch without any prob
|c|âuphaze|and win anyway
|c|âawesomness|ok
|
|move|p1a: Raikou|Thunderbolt|p2a: UFO
|-damage|p2a: UFO|0 fnt
|faint|p2a: UFO
|
|
|switch|p2a: Sableye|Sableye, F|304\/304
|-damage|p2a: Sableye|266\/304|[from] Stealth Rock
|turn|24
|
|detailschange|p2a: Sableye|Sableye-Mega, F
|-mega|p2a: Sableye|Sableye|Sablenite
|move|p2a: Sableye|Calm Mind|p2a: Sableye
|-boost|p2a: Sableye|spa|1
|-boost|p2a: Sableye|spd|1
|move|p1a: Raikou|Volt Switch|p2a: Sableye
|-damage|p2a: Sableye|200\/304
|c|âawesomness|shott
|c|âawesomness|shoot
|
|switch|p1a: Talonflame|Talonflame, M|298\/298
|-damage|p1a: Talonflame|149\/298|[from] Stealth Rock
|
|turn|25
|c|âawesomness|i knew i should have recovered
|c|âuphaze|yes
|c|âuphaze|i think it's over
|c|âawesomness|or attacked
|
|move|p1a: Talonflame|Brave Bird|p2a: Sableye
|-damage|p2a: Sableye|14\/304
|-damage|p1a: Talonflame|88\/298|[from] recoil|[of] p2a: Sableye
|move|p2a: Sableye|Recover|p2a: Sableye
|-heal|p2a: Sableye|166\/304
|
|turn|26
|c|âuphaze|owait
|c|âuphaze|no
|c|âuphaze|ok
|c|âawesomness|should have killed this thing
|
|move|p1a: Talonflame|Brave Bird|p2a: Sableye
|-damage|p2a: Sableye|0 fnt
|-damage|p1a: Talonflame|33\/298|[from] recoil|[of] p2a: Sableye
|faint|p2a: Sableye
|
|
|switch|p2a: Cleanest Rotom|Rotom-Wash|203\/304
|-damage|p2a: Cleanest Rotom|165\/304|[from] Stealth Rock
|turn|27
|
|move|p1a: Talonflame|Brave Bird|p2a: Cleanest Rotom
|-resisted|p2a: Cleanest Rotom
|-damage|p2a: Cleanest Rotom|78\/304
|-damage|p1a: Talonflame|4\/298|[from] recoil|[of] p2a: Cleanest Rotom
|move|p2a: Cleanest Rotom|Rest|p2a: Cleanest Rotom
|-status|p2a: Cleanest Rotom|slp
|-heal|p2a: Cleanest Rotom|304\/304 slp|[silent]
|-status|p2a: Cleanest Rotom|slp|[from] move: Rest
|
|turn|28
|c|âuphaze|you'll rest like a... like a what? lol
|c|âuphaze|i knew it xD
|c|âawesomness|first turn lets go
|c|âawesomness|lol
|c|âuphaze|yes
|c|âuphaze|and that could be a problem for me
|
|move|p1a: Talonflame|Brave Bird|p2a: Cleanest Rotom
|-resisted|p2a: Cleanest Rotom
|-damage|p2a: Cleanest Rotom|221\/304 slp
|-damage|p1a: Talonflame|0 fnt|[from] recoil|[of] p2a: Cleanest Rotom
|faint|p1a: Talonflame
|cant|p2a: Cleanest Rotom|slp
|
|c|âuphaze|no i win anyway
|c|âuphaze|unless you crit
|
|switch|p1a: Raikou|Raikou|174\/322
|-damage|p1a: Raikou|134\/322|[from] Stealth Rock
|-ability|p1a: Raikou|Pressure
|turn|29
|c|âuphaze|cuz i'm av
|c|âawesomness|i won like every battle when the ladder wasn't up but im losing like every one when the ladder is up like why does this happen
|c|âuphaze|and if you're bold I 2HKO
|c|âawesomness|yea
|
|move|p1a: Raikou|Thunderbolt|p2a: Cleanest Rotom
|-damage|p2a: Cleanest Rotom|88\/304 slp
|cant|p2a: Cleanest Rotom|slp
|
|turn|30
|c|âawesomness|nope
|c|âawesomness|gg
|c|âuphaze|gg
|-message|awesomness forfeited.
|leave|awesomness
|
|move|p1a: Raikou|Thunderbolt|p2a: Cleanest Rotom
|-damage|p2a: Cleanest Rotom|0 fnt
|faint|p2a: Cleanest Rotom
|
|win|uphaze
|raw|Ladder updating...
|player|p2