|join|awesomness
|join|Mounts
|player|p1|awesomness|80
|player|p2|Mounts|101
|gametype|singles
|gen|6
|tier|OU
|rated
|clearpoke
|poke|p1|Kyurem-Black
|poke|p1|Manectric, F
|poke|p1|Chansey, F
|poke|p1|Azumarill, M
|poke|p1|Mandibuzz, F
|poke|p1|Gothitelle, F
|poke|p2|Charizard, M
|poke|p2|Azumarill, F
|poke|p2|Greninja, M
|poke|p2|Landorus-Therian, M
|poke|p2|Terrakion
|poke|p2|Snorlax, F
|rule|Swagger Clause: Swagger is banned
|rule|Baton Pass Clause: Limit one PokÃ©mon knowing Baton Pass
|rule|Sleep Clause Mod: Limit one foe put to sleep
|rule|Species Clause: Limit one of each PokÃ©mon
|rule|OHKO Clause: OHKO moves are banned
|rule|Moody Clause: Moody is banned
|rule|Evasion Moves Clause: Evasion moves are banned
|rule|Endless Battle Clause: Forcing endless battles is banned
|rule|HP Percentage Mod: HP is shown in percentages
|teampreview
|
|start
|switch|p1a: Gothitelle|Gothitelle, F|282\/282
|switch|p2a: Greninja|Greninja, M|286\/286
|turn|1
|
|switch|p1a: Chansey|Chansey, F|704\/704
|move|p2a: Greninja|Dark Pulse|p1a: Chansey
|-start|p2a: Greninja|typechange|Dark|[from] Protean
|-damage|p1a: Chansey|610\/704
|-damage|p2a: Greninja|258\/286|[from] item: Life Orb
|
|turn|2
|
|switch|p2a: Landorus-Therian|Landorus-Therian, M|382\/382
|-ability|p2a: Landorus-Therian|Intimidate|[of] p1a: Chansey
|-unboost|p1a: Chansey|atk|1
|move|p1a: Chansey|Toxic|p2a: Landorus-Therian
|-status|p2a: Landorus-Therian|tox
|
|-damage|p2a: Landorus-Therian|359\/382 tox|[from] psn
|turn|3
|
|switch|p1a: Mandibuzz|Mandibuzz, F|424\/424
|move|p2a: Landorus-Therian|Toxic|p1a: Mandibuzz|[miss]
|-miss|p2a: Landorus-Therian|p1a: Mandibuzz
|
|-heal|p2a: Landorus-Therian|382\/382 tox|[from] item: Leftovers
|-damage|p2a: Landorus-Therian|336\/382 tox|[from] psn
|turn|4
|
|move|p2a: Landorus-Therian|Stealth Rock|p1a: Mandibuzz
|-sidestart|p1: awesomness|move: Stealth Rock
|move|p1a: Mandibuzz|Knock Off|p2a: Landorus-Therian
|-damage|p2a: Landorus-Therian|273\/382 tox
|-enditem|p2a: Landorus-Therian|Leftovers|[from] move: Knock Off|[of] p1a: Mandibuzz
|
|-damage|p2a: Landorus-Therian|204\/382 tox|[from] psn
|turn|5
|
|move|p2a: Landorus-Therian|Toxic|p1a: Mandibuzz
|-status|p1a: Mandibuzz|tox
|move|p1a: Mandibuzz|Defog|p2a: Landorus-Therian
|-unboost|p2a: Landorus-Therian|evasion|1
|-sideend|p1: awesomness|Stealth Rock|[from] move: Defog|[of] p1a: Mandibuzz
|
|-damage|p2a: Landorus-Therian|112\/382 tox|[from] psn
|-damage|p1a: Mandibuzz|398\/424 tox|[from] psn
|turn|6
|
|move|p2a: Landorus-Therian|U-turn|p1a: Mandibuzz
|-damage|p1a: Mandibuzz|346\/424 tox
|-damage|p2a: Landorus-Therian|49\/382 tox|[from] item: Rocky Helmet|[of] p1a: Mandibuzz
|
|switch|p2a: Terrakion|Terrakion|323\/323
|move|p1a: Mandibuzz|Brave Bird|p2a: Terrakion
|-crit|p2a: Terrakion
|-damage|p2a: Terrakion|161\/323
|-damage|p1a: Mandibuzz|293\/424 tox|[from] recoil|[of] p2a: Terrakion
|
|-damage|p1a: Mandibuzz|241\/424 tox|[from] psn
|turn|7
|
|switch|p1a: Gothitelle|Gothitelle, F|282\/282
|move|p2a: Terrakion|Stone Edge|p1a: Gothitelle
|-damage|p1a: Gothitelle|55\/282
|-damage|p2a: Terrakion|129\/323|[from] item: Life Orb
|
|turn|8
|
|move|p1a: Gothitelle|Psyshock|p2a: Terrakion
|-supereffective|p2a: Terrakion
|-damage|p2a: Terrakion|0 fnt
|faint|p2a: Terrakion
|
|
|switch|p2a: Charizard|Charizard, M|298\/298
|turn|9
|
|detailschange|p2a: Charizard|Charizard-Mega-X, M
|message|Charizard has Mega Evolved into Mega Charizard!
|move|p1a: Gothitelle|Psyshock|p2a: Charizard
|-damage|p2a: Charizard|201\/298
|move|p2a: Charizard|Dragon Dance|p2a: Charizard
|-boost|p2a: Charizard|atk|1
|-boost|p2a: Charizard|spe|1
|
|turn|10
|
|move|p2a: Charizard|Dragon Dance|p2a: Charizard
|-boost|p2a: Charizard|atk|1
|-boost|p2a: Charizard|spe|1
|move|p1a: Gothitelle|Psyshock|p2a: Charizard
|-damage|p2a: Charizard|92\/298
|
|turn|11
|
|move|p2a: Charizard|Roost|p2a: Charizard
|-heal|p2a: Charizard|241\/298
|move|p1a: Gothitelle|Psyshock|p2a: Charizard
|-damage|p2a: Charizard|141\/298
|
|turn|12
|
|switch|p1a: Mandibuzz|Mandibuzz, F|241\/424 tox
|move|p2a: Charizard|Roost|p2a: Charizard
|-heal|p2a: Charizard|290\/298
|
|-damage|p1a: Mandibuzz|215\/424 tox|[from] psn
|turn|13
|
|move|p2a: Charizard|Dragon Claw|p1a: Mandibuzz
|-damage|p1a: Mandibuzz|0 fnt
|-damage|p2a: Charizard|241\/298|[from] item: Rocky Helmet|[of] p1a: Mandibuzz
|faint|p1a: Mandibuzz
|
|
|switch|p1a: Azumarill|Azumarill, M|404\/404
|turn|14
|
|move|p2a: Charizard|Flare Blitz|p1a: Azumarill
|-resisted|p1a: Azumarill
|-damage|p1a: Azumarill|2\/404
|-damage|p2a: Charizard|108\/298|[from] recoil|[of] p1a: Azumarill
|-enditem|p1a: Azumarill|Sitrus Berry|[eat]
|-heal|p1a: Azumarill|103\/404|[from] item: Sitrus Berry
|move|p1a: Azumarill|Play Rough|p2a: Charizard
|-damage|p2a: Charizard|0 fnt
|faint|p2a: Charizard
|
|
|switch|p2a: Greninja|Greninja, M|258\/286
|turn|15
|
|switch|p2a: Landorus-Therian|Landorus-Therian, M|49\/382 tox
|-ability|p2a: Landorus-Therian|Intimidate|[of] p1a: Azumarill
|-unboost|p1a: Azumarill|atk|1
|switch|p1a: Chansey|Chansey, F|610\/704
|
|-damage|p2a: Landorus-Therian|26\/382 tox|[from] psn
|turn|16
|
|switch|p1a: Gothitelle|Gothitelle, F|55\/282
|move|p2a: Landorus-Therian|Stealth Rock|p1a: Gothitelle
|-sidestart|p1: awesomness|move: Stealth Rock
|
|-damage|p2a: Landorus-Therian|0 fnt|[from] psn
|faint|p2a: Landorus-Therian
|
|switch|p2a: Greninja|Greninja, M|258\/286
|turn|17
|
|switch|p1a: Chansey|Chansey, F|610\/704
|-damage|p1a: Chansey|522\/704|[from] Stealth Rock
|move|p2a: Greninja|Dark Pulse|p1a: Chansey
|-start|p2a: Greninja|typechange|Dark|[from] Protean
|-damage|p1a: Chansey|417\/704
|-damage|p2a: Greninja|230\/286|[from] item: Life Orb
|
|turn|18
|
|switch|p2a: Snorlax|Snorlax, F|524\/524
|move|p1a: Chansey|Toxic|p2a: Snorlax
|-status|p2a: Snorlax|tox
|
|-damage|p2a: Snorlax|492\/524 tox|[from] psn
|turn|19
|
|switch|p1a: Gothitelle|Gothitelle, F|55\/282
|-damage|p1a: Gothitelle|20\/282|[from] Stealth Rock
|move|p2a: Snorlax|Body Slam|p1a: Gothitelle
|-damage|p1a: Gothitelle|0 fnt
|faint|p1a: Gothitelle
|
|-damage|p2a: Snorlax|428\/524 tox|[from] psn
|
|switch|p1a: Azumarill|Azumarill, M|103\/404
|-damage|p1a: Azumarill|53\/404|[from] Stealth Rock
|turn|20
|
|move|p1a: Azumarill|Play Rough|p2a: Snorlax|[miss]
|-miss|p1a: Azumarill|p2a: Snorlax
|move|p2a: Snorlax|Body Slam|p1a: Azumarill
|-damage|p1a: Azumarill|0 fnt
|faint|p1a: Azumarill
|
|-damage|p2a: Snorlax|332\/524 tox|[from] psn
|
|switch|p1a: Kyurem-Black|Kyurem-Black|391\/391
|-damage|p1a: Kyurem-Black|294\/391|[from] Stealth Rock
|-ability|p1a: Kyurem-Black|Teravolt
|turn|21
|
|move|p1a: Kyurem-Black|Fusion Bolt|p2a: Snorlax
|-damage|p2a: Snorlax|122\/524 tox
|move|p2a: Snorlax|Self-Destruct|p1a: Kyurem-Black
|-damage|p1a: Kyurem-Black|0 fnt
|faint|p2a: Snorlax
|faint|p1a: Kyurem-Black
|
|
|switch|p2a: Greninja|Greninja, M|230\/286
|switch|p1a: Manectric|Manectric, F|281\/281
|-damage|p1a: Manectric|246\/281|[from] Stealth Rock
|turn|22
|
|switch|p1a: Chansey|Chansey, F|417\/704
|-damage|p1a: Chansey|329\/704|[from] Stealth Rock
|move|p2a: Greninja|Ice Beam|p1a: Chansey
|-start|p2a: Greninja|typechange|Ice|[from] Protean
|-damage|p1a: Chansey|208\/704
|-damage|p2a: Greninja|202\/286|[from] item: Life Orb
|
|turn|23
|
|switch|p2a: Azumarill|Azumarill, F|384\/384
|switch|p1a: Manectric|Manectric, F|246\/281
|-damage|p1a: Manectric|211\/281|[from] Stealth Rock
|
|turn|24
|
|detailschange|p1a: Manectric|Manectric-Mega, F
|message|Manectric has Mega Evolved into Mega Manectric!
|-ability|p1a: Manectric|Intimidate|[of] p2a: Azumarill
|-unboost|p2a: Azumarill|atk|1
|move|p1a: Manectric|Thunderbolt|p2a: Azumarill
|-supereffective|p2a: Azumarill
|-damage|p2a: Azumarill|6\/384
|-enditem|p2a: Azumarill|Sitrus Berry|[eat]
|-heal|p2a: Azumarill|102\/384|[from] item: Sitrus Berry
|move|p2a: Azumarill|Play Rough|p1a: Manectric
|-damage|p1a: Manectric|60\/281
|
|turn|25
|
|switch|p2a: Greninja|Greninja, M|202\/286
|move|p1a: Manectric|Thunderbolt|p2a: Greninja
|-supereffective|p2a: Greninja
|-damage|p2a: Greninja|0 fnt
|faint|p2a: Greninja
|
|
|switch|p2a: Azumarill|Azumarill, F|102\/384
|turn|26
|
|move|p2a: Azumarill|Aqua Jet|p1a: Manectric
|-damage|p1a: Manectric|0 fnt
|faint|p1a: Manectric
|
|
|switch|p1a: Chansey|Chansey, F|208\/704
|-damage|p1a: Chansey|120\/704|[from] Stealth Rock
|turn|27
|
|move|p2a: Azumarill|Superpower|p1a: Chansey
|-supereffective|p1a: Chansey
|-damage|p1a: Chansey|0 fnt
|-unboost|p2a: Azumarill|atk|1
|-unboost|p2a: Azumarill|def|1
|faint|p1a: Chansey
|
|win|Mounts
|raw|Ladder updating...
|leave|awesomness
|player|p1
|raw|awesomness's rating: 1530 &rarr; <strong>1514<\/strong><br \/>(-16 for losing)
|raw|Mounts's rating: 1596 &rarr; <strong>1613<\/strong><br \/>(+17 for winning)