|join|awesomness
|join|Emos
|player|p1|awesomness|80
|player|p2|Emos|153
|gametype|singles
|gen|6
|tier|OU
|rated
|clearpoke
|poke|p1|Charizard, M
|poke|p1|Azumarill, F
|poke|p1|Excadrill, F
|poke|p1|Jirachi
|poke|p1|Thundurus, M
|poke|p1|Keldeo
|poke|p2|Sceptile, F
|poke|p2|Slowbro, F
|poke|p2|Conkeldurr, F
|poke|p2|Magnezone
|poke|p2|Latias, F
|poke|p2|Mamoswine, M
|rule|Swagger Clause: Swagger is banned
|rule|Baton Pass Clause: Limit one PokÃ©mon knowing Baton Pass
|rule|Sleep Clause Mod: Limit one foe put to sleep
|rule|Species Clause: Limit one of each PokÃ©mon
|rule|OHKO Clause: OHKO moves are banned
|rule|Moody Clause: Moody is banned
|rule|Evasion Moves Clause: Evasion moves are banned
|rule|Endless Battle Clause: Forcing endless battles is banned
|rule|HP Percentage Mod: HP is shown in percentages
|teampreview
|
|start
|switch|p1a: Thundurus|Thundurus, M|344\/344
|switch|p2a: Mamoswine|Mamoswine, M|361\/361
|turn|1
|
|move|p1a: Thundurus|Taunt|p2a: Mamoswine
|-start|p2a: Mamoswine|move: Taunt
|move|p2a: Mamoswine|Icicle Spear|p1a: Thundurus
|-supereffective|p1a: Thundurus
|-damage|p1a: Thundurus|218\/344
|-supereffective|p1a: Thundurus
|-damage|p1a: Thundurus|90\/344
|-hitcount|p1a: Thundurus|2
|
|-heal|p1a: Thundurus|111\/344|[from] item: Leftovers
|turn|2
|
|move|p2a: Mamoswine|Ice Shard|p1a: Thundurus
|-supereffective|p1a: Thundurus
|-damage|p1a: Thundurus|0 fnt
|faint|p1a: Thundurus
|
|
|switch|p1a: Keldeo|Keldeo|323\/323
|turn|3
|
|switch|p2a: Latias|Latias, F|313\/313
|move|p1a: Keldeo|Scald|p2a: Latias
|-resisted|p2a: Latias
|-damage|p2a: Latias|261\/313
|
|turn|4
|
|switch|p1a: Jirachi|Jirachi|404\/404
|switch|p2a: Slowgirl|Slowbro, F|394\/394
|
|turn|5
|
|move|p1a: Jirachi|Toxic|p2a: Slowgirl
|-status|p2a: Slowgirl|tox
|move|p2a: Slowgirl|Flamethrower|p1a: Jirachi
|-supereffective|p1a: Jirachi
|-damage|p1a: Jirachi|308\/404
|
|-heal|p1a: Jirachi|333\/404|[from] item: Leftovers
|-damage|p2a: Slowgirl|370\/394 tox|[from] psn
|turn|6
|
|move|p1a: Jirachi|Wish|p1a: Jirachi
|move|p2a: Slowgirl|Thunder Wave|p1a: Jirachi
|-status|p1a: Jirachi|par
|
|-heal|p2a: Slowgirl|394\/394 tox|[from] item: Leftovers
|-heal|p1a: Jirachi|358\/404 par|[from] item: Leftovers
|-damage|p2a: Slowgirl|346\/394 tox|[from] psn
|turn|7
|
|switch|p2a: its a trap|Magnezone|282\/282
|move|p1a: Jirachi|Toxic|p2a: its a trap
|-fail|p2a: its a trap
|
|-heal|p1a: Jirachi|404\/404 par|[from] move: Wish|[wisher] Jirachi
|turn|8
|
|move|p2a: its a trap|Volt Switch|p1a: Jirachi
|-damage|p1a: Jirachi|316\/404 par
|
|switch|p2a: Tommy|Conkeldurr, F|414\/414
|move|p1a: Jirachi|Wish|p1a: Jirachi
|
|-heal|p1a: Jirachi|341\/404 par|[from] item: Leftovers
|turn|9
|
|switch|p1a: Azumarill|Azumarill, F|342\/342
|move|p2a: Tommy|Knock Off|p1a: Azumarill
|-resisted|p1a: Azumarill
|-damage|p1a: Azumarill|257\/342
|-enditem|p1a: Azumarill|Sitrus Berry|[from] move: Knock Off|[of] p2a: Tommy
|
|-heal|p1a: Azumarill|342\/342|[from] move: Wish|[wisher] Jirachi
|turn|10
|
|switch|p2a: its a trap|Magnezone|282\/282
|move|p1a: Azumarill|Play Rough|p2a: its a trap
|-resisted|p2a: its a trap
|-damage|p2a: its a trap|204\/282
|
|turn|11
|
|switch|p1a: Excadrill|Excadrill, F|361\/361
|-ability|p1a: Excadrill|Mold Breaker
|-item|p1a: Excadrill|Air Balloon
|move|p2a: its a trap|Flash Cannon|p1a: Excadrill
|-resisted|p1a: Excadrill
|-damage|p1a: Excadrill|261\/361
|-enditem|p1a: Excadrill|Air Balloon
|
|turn|12
|
|switch|p2a: Slowgirl|Slowbro, F|394\/394 tox
|move|p1a: Excadrill|Earthquake|p2a: Slowgirl
|-damage|p2a: Slowgirl|276\/394 tox
|
|-heal|p2a: Slowgirl|300\/394 tox|[from] item: Leftovers
|-damage|p2a: Slowgirl|276\/394 tox|[from] psn
|turn|13
|
|switch|p1a: Jirachi|Jirachi|341\/404 par
|move|p2a: Slowgirl|Scald|p1a: Jirachi
|-crit|p1a: Jirachi
|-damage|p1a: Jirachi|242\/404 par
|
|-heal|p2a: Slowgirl|300\/394 tox|[from] item: Leftovers
|-heal|p1a: Jirachi|267\/404 par|[from] item: Leftovers
|-damage|p2a: Slowgirl|252\/394 tox|[from] psn
|turn|14
|
|switch|p2a: its a trap|Magnezone|204\/282
|cant|p1a: Jirachi|par
|
|-heal|p1a: Jirachi|292\/404 par|[from] item: Leftovers
|turn|15
|
|move|p2a: its a trap|Thunderbolt|p1a: Jirachi
|-damage|p1a: Jirachi|174\/404 par
|move|p1a: Jirachi|Wish|p1a: Jirachi
|
|-heal|p1a: Jirachi|199\/404 par|[from] item: Leftovers
|turn|16
|
|move|p2a: its a trap|Thunderbolt|p1a: Jirachi
|-damage|p1a: Jirachi|82\/404 par
|move|p1a: Jirachi|Iron Head|p2a: its a trap
|-resisted|p2a: its a trap
|-damage|p2a: its a trap|185\/282
|
|-heal|p1a: Jirachi|284\/404 par|[from] move: Wish|[wisher] Jirachi
|-heal|p1a: Jirachi|309\/404 par|[from] item: Leftovers
|turn|17
|
|switch|p2a: Tommy|Conkeldurr, F|414\/414
|move|p1a: Jirachi|Wish|p1a: Jirachi
|
|-heal|p1a: Jirachi|334\/404 par|[from] item: Leftovers
|turn|18
|
|switch|p1a: Azumarill|Azumarill, F|342\/342
|move|p2a: Tommy|Drain Punch|p1a: Azumarill
|-resisted|p1a: Azumarill
|-damage|p1a: Azumarill|249\/342
|
|-heal|p1a: Azumarill|342\/342|[from] move: Wish|[wisher] Jirachi
|turn|19
|
|switch|p2a: Slowgirl|Slowbro, F|383\/394 tox
|move|p1a: Azumarill|Belly Drum|p1a: Azumarill
|-damage|p1a: Azumarill|171\/342
|-setboost|p1a: Azumarill|atk|6|[from] move: Belly Drum
|
|-heal|p2a: Slowgirl|394\/394 tox|[from] item: Leftovers
|-damage|p2a: Slowgirl|370\/394 tox|[from] psn
|turn|20
|
|move|p1a: Azumarill|Play Rough|p2a: Slowgirl
|-damage|p2a: Slowgirl|0 fnt
|faint|p2a: Slowgirl
|
|
|switch|p2a: Mamoswine|Mamoswine, M|361\/361
|turn|21
|
|move|p1a: Azumarill|Aqua Jet|p2a: Mamoswine
|-supereffective|p2a: Mamoswine
|-enditem|p2a: Mamoswine|Focus Sash
|-damage|p2a: Mamoswine|1\/361
|move|p2a: Mamoswine|Earthquake|p1a: Azumarill
|-damage|p1a: Azumarill|0 fnt
|faint|p1a: Azumarill
|
|
|switch|p1a: Keldeo|Keldeo|323\/323
|turn|22
|
|switch|p2a: Latias|Latias, F|261\/313
|move|p1a: Keldeo|Scald|p2a: Latias
|-resisted|p2a: Latias
|-damage|p2a: Latias|207\/313
|-status|p2a: Latias|brn
|
|-damage|p2a: Latias|168\/313 brn|[from] brn
|turn|23
|
|move|p1a: Keldeo|Scald|p2a: Latias
|-resisted|p2a: Latias
|-damage|p2a: Latias|112\/313 brn
|move|p2a: Latias|Psyshock|p1a: Keldeo
|-supereffective|p1a: Keldeo
|-damage|p1a: Keldeo|0 fnt
|-damage|p2a: Latias|81\/313 brn|[from] item: Life Orb
|faint|p1a: Keldeo
|
|-damage|p2a: Latias|42\/313 brn|[from] brn
|
|switch|p1a: Jirachi|Jirachi|334\/404 par
|turn|24
|
|move|p2a: Latias|Healing Wish|p2a: Latias
|faint|p2a: Latias
|move|p1a: Jirachi|Wish|p1a: Jirachi
|
|-heal|p1a: Jirachi|359\/404 par|[from] item: Leftovers
|
|switch|p2a: Mamoswine|Mamoswine, M|1\/361
|-heal|p2a: Mamoswine|361\/361|[from] move: Healing Wish
|turn|25
|
|move|p2a: Mamoswine|Stealth Rock|p1a: Jirachi
|-sidestart|p1: awesomness|move: Stealth Rock
|move|p1a: Jirachi|Iron Head|p2a: Mamoswine
|-supereffective|p2a: Mamoswine
|-damage|p2a: Mamoswine|115\/361
|
|-heal|p1a: Jirachi|404\/404 par|[from] move: Wish|[wisher] Jirachi
|turn|26
|
|move|p2a: Mamoswine|Earthquake|p1a: Jirachi
|-supereffective|p1a: Jirachi
|-damage|p1a: Jirachi|56\/404 par
|move|p1a: Jirachi|Wish|p1a: Jirachi
|
|-heal|p1a: Jirachi|81\/404 par|[from] item: Leftovers
|turn|27
|
|switch|p1a: Charizard|Charizard, M|297\/297
|-damage|p1a: Charizard|149\/297|[from] Stealth Rock
|move|p2a: Mamoswine|Icicle Spear|p1a: Charizard
|-damage|p1a: Charizard|91\/297
|-damage|p1a: Charizard|39\/297
|-hitcount|p1a: Charizard|2
|
|-heal|p1a: Charizard|241\/297|[from] move: Wish|[wisher] Jirachi
|turn|28
|
|move|p1a: Charizard|Dragon Dance|p1a: Charizard
|-boost|p1a: Charizard|atk|1
|-boost|p1a: Charizard|spe|1
|move|p2a: Mamoswine|Icicle Spear|p1a: Charizard
|-damage|p1a: Charizard|187\/297
|-damage|p1a: Charizard|133\/297
|-hitcount|p1a: Charizard|2
|
|turn|29
|
|move|p1a: Charizard|Fire Punch|p2a: Mamoswine
|-supereffective|p2a: Mamoswine
|-damage|p2a: Mamoswine|0 fnt
|faint|p2a: Mamoswine
|
|
|switch|p2a: Tommy|Conkeldurr, F|414\/414
|turn|30
|
|detailschange|p1a: Charizard|Charizard-Mega-X, M
|message|Charizard has Mega Evolved into Mega Charizard!
|move|p1a: Charizard|Dragon Claw|p2a: Tommy
|-damage|p2a: Tommy|95\/414
|move|p2a: Tommy|Drain Punch|p1a: Charizard
|-damage|p1a: Charizard|3\/297
|-heal|p2a: Tommy|160\/414|[from] drain|[of] p1a: Charizard
|
|turn|31
|
|move|p2a: Tommy|Mach Punch|p1a: Charizard
|-damage|p1a: Charizard|0 fnt
|faint|p1a: Charizard
|
|
|switch|p1a: Excadrill|Excadrill, F|261\/361
|-damage|p1a: Excadrill|250\/361|[from] Stealth Rock
|-ability|p1a: Excadrill|Mold Breaker
|turn|32
|
|move|p2a: Tommy|Mach Punch|p1a: Excadrill
|-supereffective|p1a: Excadrill
|-damage|p1a: Excadrill|0 fnt
|faint|p1a: Excadrill
|
|c|âEmos|gg
|-message|awesomness forfeited.
|
|win|Emos
|raw|Ladder updating...
|leave|awesomness
|player|p1
|raw|awesomness's rating: 1379 &rarr; <strong>1358<\/strong><br \/>(-21 for losing)
|raw|Emos's rating: 1361 &rarr; <strong>1382<\/strong><br \/>(+21 for winning)