|join|Alt's Alt's Alt
|join|awesomness
|player|p1|Alt's Alt's Alt|218
|player|p2|awesomness|293
|gametype|singles
|gen|6
|tier|OU
|rated
|clearpoke
|poke|p1|Slowbro, M, shiny
|poke|p1|Excadrill, M, shiny
|poke|p1|Heracross, M, shiny
|poke|p1|Latios, M, shiny
|poke|p1|Ferrothorn, M, shiny
|poke|p1|Talonflame, M, shiny
|poke|p2|Landorus-Therian, M
|poke|p2|Sylveon, M
|poke|p2|Greninja, M
|poke|p2|Conkeldurr, F
|poke|p2|Manectric, F
|poke|p2|Scizor, M
|rule|Swagger Clause: Swagger is banned
|rule|Baton Pass Clause: Limit one PokÃ©mon knowing Baton Pass
|rule|Sleep Clause Mod: Limit one foe put to sleep
|rule|Species Clause: Limit one of each PokÃ©mon
|rule|OHKO Clause: OHKO moves are banned
|rule|Moody Clause: Moody is banned
|rule|Evasion Moves Clause: Evasion moves are banned
|rule|Endless Battle Clause: Forcing endless battles is banned
|rule|HP Percentage Mod: HP is reported as percentages
|teampreview
|
|start
|switch|p1a: Slowbro|Slowbro, M, shiny|390\/390
|switch|p2a: Manectric|Manectric, F|281\/281
|turn|1
|
|switch|p1a: Excadrill|Excadrill, M, shiny|361\/361
|-ability|p1a: Excadrill|Mold Breaker
|detailschange|p2a: Manectric|Manectric-Mega, F
|message|Manectric has Mega Evolved into Mega Manectric!
|-ability|p2a: Manectric|Intimidate|[of] p1a: Excadrill
|-unboost|p1a: Excadrill|atk|1
|move|p2a: Manectric|Volt Switch|p1a: Excadrill
|-immune|p1a: Excadrill|[msg]
|
|turn|2
|
|switch|p2a: Landorus-Therian|Landorus-Therian, M|382\/382
|-ability|p2a: Landorus-Therian|Intimidate|[of] p1a: Excadrill
|-unboost|p1a: Excadrill|atk|1
|move|p1a: Excadrill|Earthquake|p2a: Landorus-Therian
|-immune|p2a: Landorus-Therian|[msg]
|
|turn|3
|
|switch|p1a: Ferrothorn|Ferrothorn, M, shiny|352\/352
|move|p2a: Landorus-Therian|U-turn|p1a: Ferrothorn
|-damage|p1a: Ferrothorn|278\/352
|-damage|p2a: Landorus-Therian|335\/382|[from] ability: Iron Barbs|[of] p1a: Ferrothorn
|
|switch|p2a: Manectric|Manectric-Mega, F|281\/281
|-ability|p2a: Manectric|Intimidate|[of] p1a: Ferrothorn
|-unboost|p1a: Ferrothorn|atk|1
|
|-heal|p1a: Ferrothorn|300\/352|[from] item: Leftovers
|turn|4
|
|switch|p1a: Latios|Latios, M, shiny|309\/309
|move|p2a: Manectric|Flamethrower|p1a: Latios
|-resisted|p1a: Latios
|-damage|p1a: Latios|264\/309
|
|turn|5
|
|move|p2a: Manectric|Volt Switch|p1a: Latios
|-resisted|p1a: Latios
|-damage|p1a: Latios|209\/309
|
|switch|p2a: Scizor|Scizor, M|344\/344
|move|p1a: Latios|Psyshock|p2a: Scizor
|-resisted|p2a: Scizor
|-damage|p2a: Scizor|253\/344
|-damage|p1a: Latios|179\/309|[from] item: Life Orb
|
|-heal|p2a: Scizor|274\/344|[from] item: Leftovers
|turn|6
|
|move|p1a: Latios|Hidden Power|p2a: Scizor
|-supereffective|p2a: Scizor
|-damage|p2a: Scizor|0 fnt
|-damage|p1a: Latios|149\/309|[from] item: Life Orb
|faint|p2a: Scizor
|
|
|switch|p2a: Greninja|Greninja, M|286\/286
|turn|7
|
|switch|p1a: Slowbro|Slowbro, M, shiny|390\/390
|move|p2a: Greninja|Dark Pulse|p1a: Slowbro
|-start|p2a: Greninja|typechange|Dark|[from] Protean
|-supereffective|p1a: Slowbro
|-damage|p1a: Slowbro|100\/390
|
|-heal|p1a: Slowbro|124\/390|[from] item: Leftovers
|turn|8
|
|switch|p1a: Heracross|Heracross, M, shiny|301\/301
|move|p2a: Greninja|Dark Pulse|p1a: Heracross
|-resisted|p1a: Heracross
|-damage|p1a: Heracross|236\/301
|
|turn|9
|
|switch|p1a: Ferrothorn|Ferrothorn, M, shiny|300\/352
|move|p2a: Greninja|Surf|p1a: Ferrothorn
|-start|p2a: Greninja|typechange|Water|[from] Protean
|-resisted|p1a: Ferrothorn
|-damage|p1a: Ferrothorn|253\/352
|
|-heal|p1a: Ferrothorn|275\/352|[from] item: Leftovers
|turn|10
|
|switch|p2a: Manectric|Manectric-Mega, F|281\/281
|-ability|p2a: Manectric|Intimidate|[of] p1a: Ferrothorn
|-unboost|p1a: Ferrothorn|atk|1
|move|p1a: Ferrothorn|Stealth Rock|p2a: Manectric
|-sidestart|p2: awesomness|move: Stealth Rock
|
|-heal|p1a: Ferrothorn|297\/352|[from] item: Leftovers
|turn|11
|
|switch|p1a: Heracross|Heracross, M, shiny|236\/301
|move|p2a: Manectric|Flamethrower|p1a: Heracross
|-supereffective|p1a: Heracross
|-damage|p1a: Heracross|0 fnt
|faint|p1a: Heracross
|
|
|switch|p1a: Latios|Latios, M, shiny|149\/309
|turn|12
|
|move|p2a: Manectric|Hidden Power|p1a: Latios
|-supereffective|p1a: Latios
|-damage|p1a: Latios|27\/309
|move|p1a: Latios|Roost|p1a: Latios
|-heal|p1a: Latios|182\/309
|
|turn|13
|
|move|p2a: Manectric|Volt Switch|p1a: Latios
|-resisted|p1a: Latios
|-damage|p1a: Latios|124\/309
|
|switch|p2a: Greninja|Greninja, M|286\/286
|-damage|p2a: Greninja|251\/286|[from] Stealth Rock
|move|p1a: Latios|Roost|p1a: Latios
|-heal|p1a: Latios|279\/309
|
|turn|14
|
|switch|p1a: Ferrothorn|Ferrothorn, M, shiny|297\/352
|move|p2a: Greninja|Dark Pulse|p1a: Ferrothorn
|-start|p2a: Greninja|typechange|Dark|[from] Protean
|-damage|p1a: Ferrothorn|213\/352
|
|-heal|p1a: Ferrothorn|235\/352|[from] item: Leftovers
|turn|15
|
|move|p2a: Greninja|Ice Beam|p1a: Ferrothorn
|-start|p2a: Greninja|typechange|Ice|[from] Protean
|-damage|p1a: Ferrothorn|145\/352
|move|p1a: Ferrothorn|Leech Seed|p2a: Greninja
|-start|p2a: Greninja|move: Leech Seed
|
|-heal|p1a: Ferrothorn|167\/352|[from] item: Leftovers
|-damage|p2a: Greninja|216\/286|[from] Leech Seed|[of] p1a: Ferrothorn
|-heal|p1a: Ferrothorn|202\/352|[silent]
|turn|16
|
|switch|p2a: Manectric|Manectric-Mega, F|281\/281
|-damage|p2a: Manectric|246\/281|[from] Stealth Rock
|-ability|p2a: Manectric|Intimidate|[of] p1a: Ferrothorn
|-unboost|p1a: Ferrothorn|atk|1
|move|p1a: Ferrothorn|Leech Seed|p2a: Manectric
|-start|p2a: Manectric|move: Leech Seed
|
|-heal|p1a: Ferrothorn|224\/352|[from] item: Leftovers
|-damage|p2a: Manectric|211\/281|[from] Leech Seed|[of] p1a: Ferrothorn
|-heal|p1a: Ferrothorn|259\/352|[silent]
|turn|17
|
|move|p1a: Ferrothorn|Protect|p1a: Ferrothorn
|-singleturn|p1a: Ferrothorn|Protect
|move|p2a: Manectric|Flamethrower|p1a: Ferrothorn
|-activate|p1a: Ferrothorn|Protect
|
|-heal|p1a: Ferrothorn|281\/352|[from] item: Leftovers
|-damage|p2a: Manectric|176\/281|[from] Leech Seed|[of] p1a: Ferrothorn
|-heal|p1a: Ferrothorn|316\/352|[silent]
|turn|18
|
|switch|p1a: Latios|Latios, M, shiny|279\/309
|move|p2a: Manectric|Volt Switch|p1a: Latios
|-resisted|p1a: Latios
|-damage|p1a: Latios|222\/309
|
|switch|p2a: Landorus-Therian|Landorus-Therian, M|335\/382
|-damage|p2a: Landorus-Therian|288\/382|[from] Stealth Rock
|-ability|p2a: Landorus-Therian|Intimidate|[of] p1a: Latios
|-unboost|p1a: Latios|atk|1
|
|-heal|p2a: Landorus-Therian|311\/382|[from] item: Leftovers
|turn|19
|
|switch|p1a: Slowbro|Slowbro, M, shiny|254\/390
|move|p2a: Landorus-Therian|Earthquake|p1a: Slowbro
|-damage|p1a: Slowbro|118\/390
|
|-heal|p2a: Landorus-Therian|334\/382|[from] item: Leftovers
|-heal|p1a: Slowbro|142\/390|[from] item: Leftovers
|turn|20
|
|move|p2a: Landorus-Therian|Knock Off|p1a: Slowbro
|-supereffective|p1a: Slowbro
|-damage|p1a: Slowbro|0 fnt
|-enditem|p1a: Slowbro|Leftovers|[from] move: Knock Off|[of] p2a: Landorus-Therian
|faint|p1a: Slowbro
|
|-heal|p2a: Landorus-Therian|357\/382|[from] item: Leftovers
|
|switch|p1a: Ferrothorn|Ferrothorn, M, shiny|316\/352
|turn|21
|
|move|p2a: Landorus-Therian|Earthquake|p1a: Ferrothorn
|-damage|p1a: Ferrothorn|144\/352
|move|p1a: Ferrothorn|Leech Seed|p2a: Landorus-Therian
|-start|p2a: Landorus-Therian|move: Leech Seed
|
|-heal|p2a: Landorus-Therian|380\/382|[from] item: Leftovers
|-heal|p1a: Ferrothorn|166\/352|[from] item: Leftovers
|-damage|p2a: Landorus-Therian|333\/382|[from] Leech Seed|[of] p1a: Ferrothorn
|-heal|p1a: Ferrothorn|213\/352|[silent]
|turn|22
|
|switch|p1a: Talonflame|Talonflame, M, shiny|297\/297
|move|p2a: Landorus-Therian|Stealth Rock|p1a: Talonflame
|-sidestart|p1: Alt's Alt's Alt|move: Stealth Rock
|
|-heal|p2a: Landorus-Therian|356\/382|[from] item: Leftovers
|-damage|p2a: Landorus-Therian|309\/382|[from] Leech Seed|[of] p1a: Talonflame
|turn|23
|
|move|p1a: Talonflame|Brave Bird|p2a: Landorus-Therian
|-crit|p2a: Landorus-Therian
|-damage|p2a: Landorus-Therian|0 fnt
|-damage|p1a: Talonflame|195\/297|[from] recoil|[of] p2a: Landorus-Therian
|faint|p2a: Landorus-Therian
|
|chat|awesomness|ok
|
|switch|p2a: Manectric|Manectric-Mega, F|176\/281
|-damage|p2a: Manectric|141\/281|[from] Stealth Rock
|-ability|p2a: Manectric|Intimidate|[of] p1a: Talonflame
|-unboost|p1a: Talonflame|atk|1
|turn|24
|
|switch|p1a: Latios|Latios, M, shiny|222\/309
|-damage|p1a: Latios|184\/309|[from] Stealth Rock
|move|p2a: Manectric|Volt Switch|p1a: Latios
|-resisted|p1a: Latios
|-damage|p1a: Latios|129\/309
|
|switch|p2a: Greninja|Greninja, M|216\/286
|-damage|p2a: Greninja|181\/286|[from] Stealth Rock
|
|turn|25
|
|move|p2a: Greninja|Ice Beam|p1a: Latios
|-start|p2a: Greninja|typechange|Ice|[from] Protean
|-supereffective|p1a: Latios
|-damage|p1a: Latios|0 fnt
|faint|p1a: Latios
|
|
|switch|p1a: Excadrill|Excadrill, M, shiny|361\/361
|-damage|p1a: Excadrill|350\/361|[from] Stealth Rock
|-ability|p1a: Excadrill|Mold Breaker
|turn|26
|
|move|p1a: Excadrill|Earthquake|p2a: Greninja
|-damage|p2a: Greninja|0 fnt
|faint|p2a: Greninja
|
|
|switch|p2a: Manectric|Manectric-Mega, F|141\/281
|-damage|p2a: Manectric|106\/281|[from] Stealth Rock
|-ability|p2a: Manectric|Intimidate|[of] p1a: Excadrill
|-unboost|p1a: Excadrill|atk|1
|turn|27
|
|switch|p2a: Sylveon|Sylveon, M|394\/394
|-damage|p2a: Sylveon|345\/394|[from] Stealth Rock
|move|p1a: Excadrill|Earthquake|p2a: Sylveon
|-damage|p2a: Sylveon|164\/394
|
|-heal|p2a: Sylveon|188\/394|[from] item: Leftovers
|turn|28
|
|switch|p1a: Ferrothorn|Ferrothorn, M, shiny|213\/352
|-damage|p1a: Ferrothorn|191\/352|[from] Stealth Rock
|move|p2a: Sylveon|Moonblast|p1a: Ferrothorn
|-resisted|p1a: Ferrothorn
|-damage|p1a: Ferrothorn|146\/352
|
|-heal|p2a: Sylveon|212\/394|[from] item: Leftovers
|-heal|p1a: Ferrothorn|168\/352|[from] item: Leftovers
|turn|29
|
|switch|p2a: Conkeldurr|Conkeldurr, F|414\/414
|-damage|p2a: Conkeldurr|389\/414|[from] Stealth Rock
|move|p1a: Ferrothorn|Leech Seed|p2a: Conkeldurr
|-start|p2a: Conkeldurr|move: Leech Seed
|
|-heal|p1a: Ferrothorn|190\/352|[from] item: Leftovers
|-damage|p2a: Conkeldurr|338\/414|[from] Leech Seed|[of] p1a: Ferrothorn
|-heal|p1a: Ferrothorn|241\/352|[silent]
|turn|30
|
|move|p1a: Ferrothorn|Protect|p1a: Ferrothorn
|-singleturn|p1a: Ferrothorn|Protect
|move|p2a: Conkeldurr|Drain Punch|p1a: Ferrothorn
|-activate|p1a: Ferrothorn|Protect
|
|-heal|p1a: Ferrothorn|263\/352|[from] item: Leftovers
|-damage|p2a: Conkeldurr|287\/414|[from] Leech Seed|[of] p1a: Ferrothorn
|-heal|p1a: Ferrothorn|314\/352|[silent]
|turn|31
|
|move|p2a: Conkeldurr|Drain Punch|p1a: Ferrothorn
|-supereffective|p1a: Ferrothorn
|-damage|p1a: Ferrothorn|90\/352
|-heal|p2a: Conkeldurr|399\/414|[from] drain|[of] p1a: Ferrothorn
|-damage|p2a: Conkeldurr|348\/414|[from] ability: Iron Barbs|[of] p1a: Ferrothorn
|move|p1a: Ferrothorn|Gyro Ball|p2a: Conkeldurr
|-damage|p2a: Conkeldurr|261\/414
|
|-heal|p1a: Ferrothorn|112\/352|[from] item: Leftovers
|-damage|p2a: Conkeldurr|210\/414|[from] Leech Seed|[of] p1a: Ferrothorn
|-heal|p1a: Ferrothorn|163\/352|[silent]
|turn|32
|
|move|p1a: Ferrothorn|Protect|p1a: Ferrothorn
|-singleturn|p1a: Ferrothorn|Protect
|move|p2a: Conkeldurr|Drain Punch|p1a: Ferrothorn
|-activate|p1a: Ferrothorn|Protect
|
|-heal|p1a: Ferrothorn|185\/352|[from] item: Leftovers
|-damage|p2a: Conkeldurr|159\/414|[from] Leech Seed|[of] p1a: Ferrothorn
|-heal|p1a: Ferrothorn|236\/352|[silent]
|turn|33
|
|move|p2a: Conkeldurr|Drain Punch|p1a: Ferrothorn
|-supereffective|p1a: Ferrothorn
|-damage|p1a: Ferrothorn|8\/352
|-heal|p2a: Conkeldurr|273\/414|[from] drain|[of] p1a: Ferrothorn
|-damage|p2a: Conkeldurr|222\/414|[from] ability: Iron Barbs|[of] p1a: Ferrothorn
|move|p1a: Ferrothorn|Gyro Ball|p2a: Conkeldurr
|-damage|p2a: Conkeldurr|137\/414
|
|-heal|p1a: Ferrothorn|30\/352|[from] item: Leftovers
|-damage|p2a: Conkeldurr|86\/414|[from] Leech Seed|[of] p1a: Ferrothorn
|-heal|p1a: Ferrothorn|81\/352|[silent]
|turn|34
|
|switch|p2a: Manectric|Manectric-Mega, F|106\/281
|-damage|p2a: Manectric|71\/281|[from] Stealth Rock
|-ability|p2a: Manectric|Intimidate|[of] p1a: Ferrothorn
|-unboost|p1a: Ferrothorn|atk|1
|move|p1a: Ferrothorn|Gyro Ball|p2a: Manectric
|-crit|p2a: Manectric
|-resisted|p2a: Manectric
|-damage|p2a: Manectric|0 fnt
|faint|p2a: Manectric
|
|-heal|p1a: Ferrothorn|103\/352|[from] item: Leftovers
|
|switch|p2a: Conkeldurr|Conkeldurr, F|86\/414
|-damage|p2a: Conkeldurr|61\/414|[from] Stealth Rock
|turn|35
|
|move|p2a: Conkeldurr|Drain Punch|p1a: Ferrothorn
|-supereffective|p1a: Ferrothorn
|-damage|p1a: Ferrothorn|0 fnt
|-heal|p2a: Conkeldurr|113\/414|[from] drain|[of] p1a: Ferrothorn
|-damage|p2a: Conkeldurr|62\/414|[from] ability: Iron Barbs|[of] p1a: Ferrothorn
|faint|p1a: Ferrothorn
|
|
|switch|p1a: Talonflame|Talonflame, M, shiny|195\/297
|-damage|p1a: Talonflame|47\/297|[from] Stealth Rock
|turn|36
|
|switch|p2a: Sylveon|Sylveon, M|212\/394
|-damage|p2a: Sylveon|163\/394|[from] Stealth Rock
|move|p1a: Talonflame|Brave Bird|p2a: Sylveon
|-damage|p2a: Sylveon|0 fnt
|-damage|p1a: Talonflame|0 fnt|[from] recoil|[of] p2a: Sylveon
|faint|p2a: Sylveon
|faint|p1a: Talonflame
|
|chat|awesomness|what is your ev spread on your ferro
|
|switch|p1a: Excadrill|Excadrill, M, shiny|350\/361
|-damage|p1a: Excadrill|339\/361|[from] Stealth Rock
|switch|p2a: Conkeldurr|Conkeldurr, F|62\/414
|-damage|p2a: Conkeldurr|37\/414|[from] Stealth Rock
|-ability|p1a: Excadrill|Mold Breaker
|turn|37
|chat|Alt's Alt's Alt|252 hp \/ 76 def \/ 180 spdef sassy
|
|move|p2a: Conkeldurr|Mach Punch|p1a: Excadrill
|-supereffective|p1a: Excadrill
|-damage|p1a: Excadrill|73\/361
|move|p1a: Excadrill|Rapid Spin|p2a: Conkeldurr
|-damage|p2a: Conkeldurr|7\/414
|-sideend|p1: Alt's Alt's Alt|Stealth Rock|[from] move: Rapid Spin|[of] p1a: Excadrill
|
|turn|38
|chat|Alt's Alt's Alt|LOL gg
|chat|awesomness|why did you do that
|
|move|p2a: Conkeldurr|Mach Punch|p1a: Excadrill
|-supereffective|p1a: Excadrill
|-damage|p1a: Excadrill|0 fnt
|faint|p1a: Excadrill
|
|win|awesomness
|raw|Ladder updating...
|raw|Alt&apos;s Alt&apos;s Alt's rating: 1494 &rarr; <strong>1474<\/strong><br \/>(-20 for losing)
|raw|awesomness's rating: 1492 &rarr; <strong>1512<\/strong><br \/>(+20 for winning)
|chat|Alt's Alt's Alt|thought itd kill
|chat|Alt's Alt's Alt|gg bro