|join|awesomness
|join|Jack's Cold Sweat
|player|p1|awesomness|99
|player|p2|Jack's Cold Sweat|80
|gametype|singles
|gen|6
|tier|OU
|rated
|clearpoke
|poke|p1|Gliscor, M
|poke|p1|Greninja, M
|poke|p1|Cryogonal
|poke|p1|Garchomp, F
|poke|p1|Scizor, F
|poke|p1|Thundurus-Therian, M
|poke|p2|Gengar, M
|poke|p2|Infernape, M
|poke|p2|Blissey, F
|poke|p2|Rhyperior, M
|poke|p2|Tangrowth, M
|poke|p2|Accelgor, M, shiny
|rule|Swagger Clause: Swagger is banned
|rule|Baton Pass Clause: Limit one PokÃ©mon knowing Baton Pass
|rule|Sleep Clause Mod: Limit one foe put to sleep
|rule|Species Clause: Limit one of each PokÃ©mon
|rule|OHKO Clause: OHKO moves are banned
|rule|Moody Clause: Moody is banned
|rule|Evasion Moves Clause: Evasion moves are banned
|rule|Endless Battle Clause: Forcing endless battles is banned
|rule|HP Percentage Mod: HP is reported as percentages
|teampreview
|
|start
|switch|p1a: Greninja|Greninja, M|285\/285
|switch|p2a: Yellow Flash|Accelgor, M, shiny|364\/364
|turn|1
|
|move|p2a: Yellow Flash|Bug Buzz|p1a: Greninja
|-supereffective|p1a: Greninja
|-damage|p1a: Greninja|0 fnt
|faint|p1a: Greninja
|
|
|switch|p1a: Scizor|Scizor, F|344\/344
|turn|2
|
|detailschange|p1a: Scizor|Scizor-Mega, F
|message|Scizor has Mega Evolved into Mega Scizor!
|move|p2a: Yellow Flash|Final Gambit|p1a: Scizor
|-damage|p1a: Scizor|0 fnt
|faint|p2a: Yellow Flash
|faint|p1a: Scizor
|
|
|switch|p1a: Gliscor|Gliscor, M|354\/354
|switch|p2a: Armole|Rhyperior, M|434\/434
|turn|3
|
|move|p1a: Gliscor|Toxic|p2a: Armole|[miss]
|-miss|p1a: Gliscor|p2a: Armole
|move|p2a: Armole|Stealth Rock|p1a: Gliscor
|-sidestart|p1: awesomness|move: Stealth Rock
|
|-status|p1a: Gliscor|tox|[from] item: Toxic Orb
|turn|4
|
|switch|p2a: Plasm|Gengar, M|262\/262
|move|p1a: Gliscor|Toxic|p2a: Plasm
|-fail|p2a: Plasm
|
|turn|5
|
|switch|p1a: Cryogonal|Cryogonal|344\/344
|-damage|p1a: Cryogonal|258\/344|[from] Stealth Rock
|move|p2a: Plasm|Substitute|p2a: Plasm
|-start|p2a: Plasm|Substitute
|-damage|p2a: Plasm|197\/262
|
|-heal|p2a: Plasm|213\/262|[from] item: Black Sludge
|turn|6
|
|move|p2a: Plasm|Sludge Bomb|p1a: Cryogonal
|-damage|p1a: Cryogonal|140\/344
|-status|p1a: Cryogonal|psn
|move|p1a: Cryogonal|Knock Off|p2a: Plasm
|-supereffective|p2a: Plasm
|-end|p2a: Plasm|Substitute
|
|-heal|p2a: Plasm|229\/262|[from] item: Black Sludge
|-damage|p1a: Cryogonal|97\/344 psn|[from] psn
|turn|7
|
|move|p2a: Plasm|Sludge Bomb|p1a: Cryogonal
|-damage|p1a: Cryogonal|0 fnt
|faint|p1a: Cryogonal
|
|-heal|p2a: Plasm|245\/262|[from] item: Black Sludge
|
|switch|p1a: Thundurus-Therian|Thundurus-Therian, M|300\/300
|-damage|p1a: Thundurus-Therian|225\/300|[from] Stealth Rock
|turn|8
|
|switch|p2a: Mrs. Puff|Blissey, F|714\/714
|move|p1a: Thundurus-Therian|Thunderbolt|p2a: Mrs. Puff
|-damage|p2a: Mrs. Puff|531\/714
|-damage|p1a: Thundurus-Therian|195\/300|[from] item: Life Orb
|
|-heal|p2a: Mrs. Puff|575\/714|[from] item: Leftovers
|turn|9
|
|move|p1a: Thundurus-Therian|Focus Blast|p2a: Mrs. Puff|[miss]
|-miss|p1a: Thundurus-Therian|p2a: Mrs. Puff
|move|p2a: Mrs. Puff|Toxic|p1a: Thundurus-Therian
|-status|p1a: Thundurus-Therian|tox
|
|-heal|p2a: Mrs. Puff|619\/714|[from] item: Leftovers
|-damage|p1a: Thundurus-Therian|177\/300 tox|[from] psn
|turn|10
|
|move|p1a: Thundurus-Therian|Focus Blast|p2a: Mrs. Puff
|-supereffective|p2a: Mrs. Puff
|-damage|p2a: Mrs. Puff|336\/714
|-damage|p1a: Thundurus-Therian|147\/300 tox|[from] item: Life Orb
|move|p2a: Mrs. Puff|Wish|p2a: Mrs. Puff
|
|-heal|p2a: Mrs. Puff|380\/714|[from] item: Leftovers
|-damage|p1a: Thundurus-Therian|111\/300 tox|[from] psn
|turn|11
|
|move|p1a: Thundurus-Therian|Focus Blast|p2a: Mrs. Puff
|-supereffective|p2a: Mrs. Puff
|-damage|p2a: Mrs. Puff|84\/714
|-damage|p1a: Thundurus-Therian|81\/300 tox|[from] item: Life Orb
|move|p2a: Mrs. Puff|Seismic Toss|p1a: Thundurus-Therian
|-damage|p1a: Thundurus-Therian|0 fnt
|faint|p1a: Thundurus-Therian
|
|-heal|p2a: Mrs. Puff|441\/714|[from] move: Wish|[wisher] Mrs. Puff
|-heal|p2a: Mrs. Puff|485\/714|[from] item: Leftovers
|
|switch|p1a: Garchomp|Garchomp, F|358\/358
|-damage|p1a: Garchomp|336\/358|[from] Stealth Rock
|turn|12
|
|switch|p2a: 34|Tangrowth, M|404\/404
|move|p1a: Garchomp|Earthquake|p2a: 34
|-resisted|p2a: 34
|-damage|p2a: 34|327\/404
|-damage|p1a: Garchomp|301\/358|[from] item: Life Orb
|
|turn|13
|
|move|p1a: Garchomp|Dragon Claw|p2a: 34
|-damage|p2a: 34|218\/404
|-damage|p1a: Garchomp|266\/358|[from] item: Life Orb
|move|p2a: 34|Leech Seed|p1a: Garchomp
|-start|p1a: Garchomp|move: Leech Seed
|
|-damage|p1a: Garchomp|222\/358|[from] Leech Seed|[of] p2a: 34
|-heal|p2a: 34|262\/404|[silent]
|turn|14
|-message|awesomness forfeited.
|
|win|Jack's Cold Sweat
|raw|Ladder updating...
|leave|awesomness
|player|p1
|raw|awesomness's rating: 1525 &rarr; <strong>1510<\/strong><br \/>(-15 for losing)
|raw|Jack&apos;s Cold Sweat's rating: 1610 &rarr; <strong>1626<\/strong><br \/>(+16 for winning)