|join|CleanerThanRotom-W
|join|awesomness
|player|p1|CleanerThanRotom-W|226
|player|p2|awesomness|293
|gametype|singles
|gen|6
|tier|OU
|rated
|clearpoke
|poke|p1|Mandibuzz, F
|poke|p1|Gengar, F
|poke|p1|Deoxys-Defense
|poke|p1|Breloom, F
|poke|p1|Charizard, F
|poke|p1|Bisharp, F
|poke|p2|Mienshao, M
|poke|p2|Charizard, F
|poke|p2|Zapdos
|poke|p2|Nidoking, M
|poke|p2|Rotom-Wash
|poke|p2|Bisharp, F
|rule|Sleep Clause Mod: Limit one foe put to sleep
|rule|Species Clause: Limit one of each Pokemon
|rule|OHKO Clause: OHKO moves are banned
|rule|Moody Clause: Moody is banned
|rule|Evasion Moves Clause: Evasion moves are banned
|rule|Endless Battle Clause: Forcing endless battles is banned.
|rule|HP Percentage Mod: HP is reported as percentages
|teampreview
|
|start
|switch|p1a: Gengar|Gengar, F|262\/262
|switch|p2a: Mienshao|Mienshao, M|271\/271
|turn|1
|
|move|p1a: Gengar|Substitute|p1a: Gengar
|-start|p1a: Gengar|Substitute
|-damage|p1a: Gengar|197\/262
|move|p2a: Mienshao|Knock Off|p1a: Gengar
|-supereffective|p1a: Gengar
|-end|p1a: Gengar|Substitute
|
|-heal|p1a: Gengar|213\/262|[from] item: Black Sludge
|turn|2
|
|move|p1a: Gengar|Disable|p2a: Mienshao
|-start|p2a: Mienshao|Disable|Knock Off
|cant|p2a: Mienshao|Disable|Knock Off
|
|-heal|p1a: Gengar|229\/262|[from] item: Black Sludge
|turn|3
|
|move|p1a: Gengar|Substitute|p1a: Gengar
|-start|p1a: Gengar|Substitute
|-damage|p1a: Gengar|164\/262
|move|p2a: Mienshao|U-turn|p1a: Gengar
|-resisted|p1a: Gengar
|-activate|p1a: Gengar|Substitute|[damage]
|
|switch|p2a: Rotom-Wash|Rotom-Wash|304\/304
|
|-heal|p1a: Gengar|180\/262|[from] item: Black Sludge
|turn|4
|
|move|p1a: Gengar|Shadow Ball|p2a: Rotom-Wash
|-damage|p2a: Rotom-Wash|213\/304
|move|p2a: Rotom-Wash|Volt Switch|p1a: Gengar
|-end|p1a: Gengar|Substitute
|
|switch|p2a: Bisharp|Bisharp, F|272\/272
|
|-heal|p1a: Gengar|196\/262|[from] item: Black Sludge
|turn|5
|
|move|p1a: Gengar|Focus Blast|p2a: Bisharp|[miss]
|-miss|p1a: Gengar|p2a: Bisharp
|move|p2a: Bisharp|Knock Off|p1a: Gengar
|-supereffective|p1a: Gengar
|-damage|p1a: Gengar|0 fnt
|-damage|p2a: Bisharp|245\/272|[from] item: Life Orb
|faint|p1a: Gengar
|
|chat|CleanerThanRotom-W|wow
|
|switch|p1a: Breloom|Breloom, F|262\/262
|turn|6
|chat|awesomness|I miss all the time to
|
|switch|p2a: Nidoking|Nidoking, M|304\/304
|move|p1a: Breloom|Rock Tomb|p2a: Nidoking
|-resisted|p2a: Nidoking
|-damage|p2a: Nidoking|242\/304
|-unboost|p2a: Nidoking|spe|1
|
|turn|7
|
|move|p1a: Breloom|Spore|p2a: Nidoking
|-status|p2a: Nidoking|slp
|cant|p2a: Nidoking|slp
|
|turn|8
|
|switch|p2a: Mienshao|Mienshao, M|271\/271
|move|p1a: Breloom|Bullet Seed|p2a: Mienshao
|-damage|p2a: Mienshao|162\/271
|-damage|p2a: Mienshao|54\/271
|-damage|p2a: Mienshao|0 fnt
|-hitcount|p2a: Mienshao|3
|faint|p2a: Mienshao
|
|
|switch|p2a: Charizard|Charizard, F|298\/298
|turn|9
|
|switch|p2a: Nidoking|Nidoking, M|242\/304 slp
|move|p1a: Breloom|Rock Tomb|p2a: Nidoking
|-resisted|p2a: Nidoking
|-damage|p2a: Nidoking|171\/304 slp
|-unboost|p2a: Nidoking|spe|1
|
|turn|10
|
|move|p1a: Breloom|Bullet Seed|p2a: Nidoking
|-damage|p2a: Nidoking|95\/304 slp
|-damage|p2a: Nidoking|19\/304 slp
|-crit|p2a: Nidoking
|-damage|p2a: Nidoking|0 fnt
|-hitcount|p2a: Nidoking|3
|faint|p2a: Nidoking
|
|
|switch|p2a: Zapdos|Zapdos|384\/384
|-ability|p2a: Zapdos|Pressure
|turn|11
|
|move|p1a: Breloom|Spore|p2a: Zapdos
|-status|p2a: Zapdos|slp
|cant|p2a: Zapdos|slp
|
|turn|12
|
|switch|p2a: Rotom-Wash|Rotom-Wash|213\/304
|move|p1a: Breloom|Rock Tomb|p2a: Rotom-Wash
|-damage|p2a: Rotom-Wash|113\/304
|-unboost|p2a: Rotom-Wash|spe|1
|
|turn|13
|
|move|p1a: Breloom|Bullet Seed|p2a: Rotom-Wash
|-supereffective|p2a: Rotom-Wash
|-damage|p2a: Rotom-Wash|0 fnt
|-hitcount|p2a: Rotom-Wash|1
|faint|p2a: Rotom-Wash
|
|
|switch|p2a: Bisharp|Bisharp, F|245\/272
|turn|14
|
|move|p1a: Breloom|Mach Punch|p2a: Bisharp
|-supereffective|p2a: Bisharp
|-damage|p2a: Bisharp|0 fnt
|faint|p2a: Bisharp
|
|
|switch|p2a: Charizard|Charizard, F|298\/298
|turn|15
|
|detailschange|p2a: Charizard|Charizard-Mega-X, F
|message|Charizard has Mega Evolved into Mega Charizard!
|move|p2a: Charizard|Fire Punch|p1a: Breloom
|-supereffective|p1a: Breloom
|-enditem|p1a: Breloom|Focus Sash
|-damage|p1a: Breloom|1\/262
|move|p1a: Breloom|Rock Tomb|p2a: Charizard
|-supereffective|p2a: Charizard
|-damage|p2a: Charizard|98\/298
|-unboost|p2a: Charizard|spe|1
|
|turn|16
|
|switch|p2a: Zapdos|Zapdos|384\/384 slp
|-ability|p2a: Zapdos|Pressure
|move|p1a: Breloom|Rock Tomb|p2a: Zapdos
|-supereffective|p2a: Zapdos
|-damage|p2a: Zapdos|138\/384 slp
|-unboost|p2a: Zapdos|spe|1
|
|-heal|p2a: Zapdos|162\/384 slp|[from] item: Leftovers
|turn|17
|
|move|p1a: Breloom|Rock Tomb|p2a: Zapdos
|-supereffective|p2a: Zapdos
|-damage|p2a: Zapdos|0 fnt
|faint|p2a: Zapdos
|
|
|switch|p2a: Charizard|Charizard-Mega-X, F|98\/298
|turn|18
|
|move|p1a: Breloom|Mach Punch|p2a: Charizard
|-damage|p2a: Charizard|1\/298
|move|p2a: Charizard|Fire Punch|p1a: Breloom
|-supereffective|p1a: Breloom
|-damage|p1a: Breloom|0 fnt
|faint|p1a: Breloom
|
|
|switch|p1a: Mandibuzz|Mandibuzz, F|423\/423
|turn|19
|
|move|p2a: Charizard|Dragon Claw|p1a: Mandibuzz
|-damage|p1a: Mandibuzz|276\/423
|move|p1a: Mandibuzz|Knock Off|p2a: Charizard
|-damage|p2a: Charizard|0 fnt
|faint|p2a: Charizard
|
|win|CleanerThanRotom-W
|raw|Ladder updating...
|raw|CleanerThanRotom-W's rating: 1516 &rarr; <strong>1539<\/strong><br \/>(+23 for winning)
|raw|awesomness's rating: 1563 &rarr; <strong>1540<\/strong><br \/>(-23 for losing)