|join|POKEBABY
|join|awesomness
|player|p1|POKEBABY|1
|player|p2|awesomness|293
|gametype|singles
|gen|6
|tier|OU
|rated
|clearpoke
|poke|p1|Darmanitan, M
|poke|p1|Greninja, M
|poke|p1|Garchomp, M
|poke|p1|Gengar, M
|poke|p1|Mienshao, M
|poke|p1|Venusaur, M
|poke|p2|Tyranitar, F, shiny
|poke|p2|Alakazam, M, shiny
|poke|p2|Genesect, shiny
|poke|p2|Excadrill, M, shiny
|poke|p2|Garchomp, M, shiny
|poke|p2|Shaymin
|rule|Sleep Clause Mod: Limit one foe put to sleep
|rule|Species Clause: Limit one of each Pokemon
|rule|OHKO Clause: OHKO moves are banned
|rule|Moody Clause: Moody is banned
|rule|Evasion Moves Clause: Evasion moves are banned
|rule|Endless Battle Clause: Forcing endless battles is banned.
|rule|HP Percentage Mod: HP is reported as percentages
|teampreview
|callback|decision
|
|start
|switch|p1a: DAT POWER|Darmanitan, M|352\/352
|switch|p2a: Genesect|Genesect, shiny|283\/283
|-boost|p2a: Genesect|spa|1|[from] ability: Download
|turn|1
|callback|decision
|
|move|p1a: DAT POWER|Flare Blitz|p2a: Genesect
|-supereffective|p2a: Genesect
|-enditem|p2a: Genesect|Focus Sash
|-damage|p2a: Genesect|1\/283
|-damage|p1a: DAT POWER|259\/352|[from] recoil|[of] p2a: Genesect
|move|p2a: Genesect|U-turn|p1a: DAT POWER
|-resisted|p1a: DAT POWER
|-damage|p1a: DAT POWER|178\/352
|callback|decision
|
|switch|p2a: Garchomp|Garchomp, M, shiny|357\/357
|
|turn|2
|callback|decision
|
|switch|p1a: GG|Gengar, M|262\/262
|-formechange|p2a: Garchomp|Garchomp-Mega
|message|Garchomp has Mega Evolved into Mega Garchomp!
|move|p2a: Garchomp|Earthquake|p1a: GG
|-immune|p1a: GG|[msg]
|
|turn|3
|callback|decision
|
|move|p1a: GG|Shadow Ball|p2a: Garchomp
|-crit|p2a: Garchomp
|-damage|p2a: Garchomp|107\/357
|move|p2a: Garchomp|Dragon Claw|p1a: GG
|-damage|p1a: GG|9\/262
|
|turn|4
|callback|decision
|
|switch|p2a: Tyranitar|Tyranitar, F, shiny|404\/404
|-weather|Sandstorm
|move|p1a: GG|Shadow Ball|p2a: Tyranitar
|-resisted|p2a: Tyranitar
|-damage|p2a: Tyranitar|347\/404
|
|-weather|Sandstorm|[upkeep]
|-damage|p1a: GG|0 fnt|[from] sandstorm
|faint|p1a: GG
|callback|decision
|
|switch|p1a: Mustache|Mienshao, M|272\/272
|turn|5
|callback|decision
|
|move|p1a: Mustache|Drain Punch|p2a: Tyranitar
|-crit|p2a: Tyranitar
|-supereffective|p2a: Tyranitar
|-damage|p2a: Tyranitar|0 fnt
|-damage|p1a: Mustache|245\/272|[from] item: Life Orb
|faint|p2a: Tyranitar
|
|-weather|Sandstorm|[upkeep]
|-damage|p1a: Mustache|228\/272|[from] sandstorm
|callback|decision
|
|switch|p2a: Alakazam|Alakazam, M, shiny|252\/252
|turn|6
|callback|decision
|
|switch|p1a: What type Am I?|Greninja, M|286\/286
|move|p2a: Alakazam|Focus Blast|p1a: What type Am I?|[miss]
|-miss|p2a: Alakazam|p1a: What type Am I?
|
|-weather|Sandstorm|[upkeep]
|-damage|p1a: What type Am I?|269\/286|[from] sandstorm
|turn|7
|callback|decision
|
|-start|p1a: What type Am I?|typechange|Dark|[from] Protean
|move|p1a: What type Am I?|Dark Pulse|p2a: Alakazam
|-supereffective|p2a: Alakazam
|-enditem|p2a: Alakazam|Focus Sash
|-damage|p2a: Alakazam|1\/252
|move|p2a: Alakazam|Focus Blast|p1a: What type Am I?
|-supereffective|p1a: What type Am I?
|-damage|p1a: What type Am I?|0 fnt
|faint|p1a: What type Am I?
|
|-weather|Sandstorm|[upkeep]
|callback|decision
|
|switch|p1a: Mustache|Mienshao, M|272\/272
|turn|8
|callback|decision
|
|move|p1a: Mustache|Fake Out|p2a: Alakazam
|-damage|p2a: Alakazam|0 fnt
|-damage|p1a: Mustache|245\/272|[from] item: Life Orb
|faint|p2a: Alakazam
|
|-weather|Sandstorm|[upkeep]
|-damage|p1a: Mustache|228\/272|[from] sandstorm
|callback|decision
|
|switch|p2a: Garchomp|Garchomp, M, shiny|107\/357
|-formechange|p2a: Garchomp|Garchomp-Mega
|turn|9
|callback|decision
|
|move|p2a: Garchomp|Earthquake|p1a: Mustache
|-damage|p1a: Mustache|0 fnt
|faint|p1a: Mustache
|
|-weather|Sandstorm|[upkeep]
|callback|decision
|
|switch|p1a: Walling It|Venusaur, M|302\/302
|turn|10
|callback|decision
|
|-formechange|p1a: Walling It|Venusaur-Mega
|message|Venusaur has Mega Evolved into Mega Venusaur!
|move|p2a: Garchomp|Earthquake|p1a: Walling It
|-damage|p1a: Walling It|116\/302
|move|p1a: Walling It|Leech Seed|p2a: Garchomp
|-start|p2a: Garchomp|move: Leech Seed
|
|-weather|Sandstorm|[upkeep]
|-damage|p1a: Walling It|98\/302|[from] sandstorm
|-damage|p2a: Garchomp|63\/357|[from] Leech Seed|[of] p1a: Walling It
|-heal|p1a: Walling It|142\/302|[silent]
|turn|11
|callback|decision
|
|move|p1a: Walling It|Protect|p1a: Walling It
|-singleturn|p1a: Walling It|Protect
|move|p2a: Garchomp|Earthquake|p1a: Walling It
|-activate|p1a: Walling It|Protect
|
|-weather|none
|-damage|p2a: Garchomp|19\/357|[from] Leech Seed|[of] p1a: Walling It
|-heal|p1a: Walling It|186\/302|[silent]
|turn|12
|callback|decision
|
|move|p2a: Garchomp|Earthquake|p1a: Walling It
|-damage|p1a: Walling It|39\/302
|move|p1a: Walling It|Synthesis|p1a: Walling It
|-heal|p1a: Walling It|190\/302
|
|-damage|p2a: Garchomp|0 fnt|[from] Leech Seed|[of] p1a: Walling It
|-heal|p1a: Walling It|209\/302|[silent]
|faint|p2a: Garchomp
|callback|decision
|
|switch|p2a: Genesect|Genesect, shiny|1\/283
|-boost|p2a: Genesect|atk|1|[from] ability: Download
|turn|13
|callback|decision
|
|move|p2a: Genesect|U-turn|p1a: Walling It
|-damage|p1a: Walling It|115\/302
|callback|decision
|
|switch|p2a: Shaymin|Shaymin|341\/341
|move|p1a: Walling It|Leech Seed|p2a: Shaymin
|-immune|p2a: Shaymin|[msg]
|
|turn|14
|callback|decision
|
|move|p2a: Shaymin|Air Slash|p1a: Walling It
|-crit|p1a: Walling It
|-supereffective|p1a: Walling It
|-damage|p1a: Walling It|0 fnt
|faint|p1a: Walling It
|
|callback|decision
|
|switch|p1a: Chompers|Garchomp, M|358\/358
|turn|15
|callback|decision
|
|move|p2a: Shaymin|Seed Flare|p1a: Chompers
|-damage|p1a: Chompers|157\/358
|move|p1a: Chompers|Poison Jab|p2a: Shaymin
|-supereffective|p2a: Shaymin
|-damage|p2a: Shaymin|121\/341
|
|-heal|p2a: Shaymin|142\/341|[from] item: Leftovers
|-heal|p1a: Chompers|179\/358|[from] item: Leftovers
|turn|16
|callback|decision
|
|move|p2a: Shaymin|Seed Flare|p1a: Chompers
|-damage|p1a: Chompers|0 fnt
|faint|p1a: Chompers
|
|-heal|p2a: Shaymin|163\/341|[from] item: Leftovers
|callback|decision
|
|switch|p1a: DAT POWER|Darmanitan, M|178\/352
|turn|17
|callback|decision
|
|move|p1a: DAT POWER|Flare Blitz|p2a: Shaymin
|-supereffective|p2a: Shaymin
|-damage|p2a: Shaymin|0 fnt
|-damage|p1a: DAT POWER|124\/352|[from] recoil|[of] p2a: Shaymin
|faint|p2a: Shaymin
|
|callback|decision
|
|switch|p2a: Excadrill|Excadrill, M, shiny|362\/362
|-item|p2a: Excadrill|Air Balloon
|turn|18
|callback|decision
|
|move|p1a: DAT POWER|Flare Blitz|p2a: Excadrill
|-supereffective|p2a: Excadrill
|-damage|p2a: Excadrill|0 fnt
|-damage|p1a: DAT POWER|5\/352|[from] recoil|[of] p2a: Excadrill
|-enditem|p2a: Excadrill|Air Balloon
|faint|p2a: Excadrill
|
|callback|decision
|
|switch|p2a: Genesect|Genesect, shiny|1\/283
|-boost|p2a: Genesect|spa|1|[from] ability: Download
|turn|19
|callback|decision
|
|move|p1a: DAT POWER|Flare Blitz|p2a: Genesect
|-supereffective|p2a: Genesect
|-damage|p2a: Genesect|0 fnt
|-damage|p1a: DAT POWER|4\/352|[from] recoil|[of] p2a: Genesect
|faint|p2a: Genesect
|
|win|POKEBABY
|raw|Ladder updating...
|chat|POKEBABY|lol gg
|chat|awesomness|very close
|leave|awesomness
|player|p2
|raw|POKEBABY's rating: 1235 &rarr; <strong>1261<\/strong><br \/>(+26 for winning)
|raw|awesomness's rating: 1249 &rarr; <strong>1223<\/strong><br \/>(-26 for losing)