|join|IIlllIIIlllII
|join|awesomness
|player|p1|IIlllIIIlllII|260
|player|p2|awesomness|161
|gametype|singles
|gen|6
|tier|OU
|rated
|clearpoke
|poke|p1|Galvantula, M
|poke|p1|Gardevoir, F, shiny
|poke|p1|Heatran, M
|poke|p1|Keldeo-Resolute, shiny
|poke|p1|Mandibuzz, F
|poke|p1|Garchomp, M
|poke|p2|Azumarill, M
|poke|p2|Gliscor, M
|poke|p2|Bisharp, F
|poke|p2|Latios, M
|poke|p2|Venusaur, F
|poke|p2|Chansey, F
|rule|Sleep Clause Mod: Limit one foe put to sleep
|rule|Species Clause: Limit one of each Pokemon
|rule|OHKO Clause: OHKO moves are banned
|rule|Moody Clause: Moody is banned
|rule|Evasion Moves Clause: Evasion moves are banned
|rule|Endless Battle Clause: Forcing endless battles is banned.
|rule|HP Percentage Mod: HP is reported as percentages
|teampreview
|
|start
|switch|p1a: Keldeo-Resolute|Keldeo-Resolute, shiny|323\/323
|switch|p2a: Red Ranger|Bisharp, F|272\/272
|turn|1
|
|switch|p2a: Cute Threat|Azumarill, M|404\/404
|move|p1a: Keldeo-Resolute|Icy Wind|p2a: Cute Threat
|-resisted|p2a: Cute Threat
|-damage|p2a: Cute Threat|348\/404
|-unboost|p2a: Cute Threat|spe|1
|
|turn|2
|
|switch|p1a: Heatran|Heatran, M|386\/386
|move|p2a: Cute Threat|Play Rough|p1a: Heatran
|-resisted|p1a: Heatran
|-damage|p1a: Heatran|343\/386
|
|-heal|p1a: Heatran|367\/386|[from] item: Leftovers
|turn|3
|
|move|p1a: Heatran|Toxic|p2a: Cute Threat
|-status|p2a: Cute Threat|tox
|move|p2a: Cute Threat|Belly Drum|p2a: Cute Threat
|-damage|p2a: Cute Threat|146\/404 tox
|-setboost|p2a: Cute Threat|atk|6|[from] move: Belly Drum
|-enditem|p2a: Cute Threat|Sitrus Berry|[eat]
|-heal|p2a: Cute Threat|247\/404 tox|[from] item: Sitrus Berry
|
|-heal|p1a: Heatran|386\/386|[from] item: Leftovers
|-damage|p2a: Cute Threat|222\/404 tox|[from] psn
|turn|4
|
|move|p1a: Heatran|Protect|p1a: Heatran
|-singleturn|p1a: Heatran|Protect
|move|p2a: Cute Threat|Aqua Jet|p1a: Heatran
|-activate|p1a: Heatran|Protect
|
|-damage|p2a: Cute Threat|172\/404 tox|[from] psn
|turn|5
|
|switch|p1a: Mandibuzz|Mandibuzz, F|424\/424
|move|p2a: Cute Threat|Aqua Jet|p1a: Mandibuzz
|-damage|p1a: Mandibuzz|193\/424
|
|-heal|p1a: Mandibuzz|219\/424|[from] item: Leftovers
|-damage|p2a: Cute Threat|97\/404 tox|[from] psn
|turn|6
|
|move|p2a: Cute Threat|Aqua Jet|p1a: Mandibuzz
|-damage|p1a: Mandibuzz|0 fnt
|faint|p1a: Mandibuzz
|
|-damage|p2a: Cute Threat|0 fnt|[from] psn
|faint|p2a: Cute Threat
|
|switch|p1a: Galvantula|Galvantula, M|281\/281
|switch|p2a: Batman|Gliscor, M|354\/354
|turn|7
|
|move|p1a: Galvantula|Sticky Web|p2a: Batman
|-sidestart|p2: awesomness|move: Sticky Web
|move|p2a: Batman|Earthquake|p1a: Galvantula
|-damage|p1a: Galvantula|110\/281
|
|-activate|p2a: Batman|item: Toxic Orb
|-status|p2a: Batman|tox
|turn|8
|
|switch|p1a: Keldeo-Resolute|Keldeo-Resolute, shiny|323\/323
|move|p2a: Batman|Stealth Rock|p1a: Keldeo-Resolute
|-sidestart|p1: IIlllIIIlllII|move: Stealth Rock
|
|turn|9
|
|switch|p2a: NursePainToKill|Chansey, F|704\/704
|-activate|p2a: NursePainToKill|move: Sticky Web
|-unboost|p2a: NursePainToKill|spe|1
|move|p1a: Keldeo-Resolute|Hydro Pump|p2a: NursePainToKill
|-damage|p2a: NursePainToKill|530\/704
|
|turn|10
|
|switch|p1a: Heatran|Heatran, M|386\/386
|-damage|p1a: Heatran|338\/386|[from] Stealth Rock
|move|p2a: NursePainToKill|Soft-Boiled|p2a: NursePainToKill
|-heal|p2a: NursePainToKill|704\/704
|
|-heal|p1a: Heatran|362\/386|[from] item: Leftovers
|turn|11
|
|switch|p2a: Batman|Gliscor, M|354\/354 tox
|move|p1a: Heatran|Roar|p2a: Batman
|drag|p2a: Fatty Patty|Venusaur, F|364\/364
|-activate|p2a: Fatty Patty|move: Sticky Web
|-unboost|p2a: Fatty Patty|spe|1
|
|-heal|p1a: Heatran|386\/386|[from] item: Leftovers
|turn|12
|
|switch|p2a: Batman|Gliscor, M|354\/354 tox
|move|p1a: Heatran|Lava Plume|p2a: Batman
|-crit|p2a: Batman
|-damage|p2a: Batman|131\/354 tox
|
|-heal|p2a: Batman|175\/354 tox|[from] ability: Poison Heal
|turn|13
|
|switch|p1a: Keldeo-Resolute|Keldeo-Resolute, shiny|323\/323
|-damage|p1a: Keldeo-Resolute|303\/323|[from] Stealth Rock
|move|p2a: Batman|Earthquake|p1a: Keldeo-Resolute
|-crit|p1a: Keldeo-Resolute
|-damage|p1a: Keldeo-Resolute|120\/323
|
|-heal|p2a: Batman|219\/354 tox|[from] ability: Poison Heal
|turn|14
|
|move|p1a: Keldeo-Resolute|Secret Sword|p2a: Batman
|-crit|p2a: Batman
|-resisted|p2a: Batman
|-damage|p2a: Batman|116\/354 tox
|move|p2a: Batman|Earthquake|p1a: Keldeo-Resolute
|-damage|p1a: Keldeo-Resolute|0 fnt
|faint|p1a: Keldeo-Resolute
|
|-heal|p2a: Batman|160\/354 tox|[from] ability: Poison Heal
|
|switch|p1a: Gardevoir|Gardevoir, F, shiny|277\/277
|-damage|p1a: Gardevoir|243\/277|[from] Stealth Rock
|-ability|p1a: Gardevoir|Poison Heal|[from] ability: Trace|[of] p2a: Batman
|turn|15
|
|-formechange|p1a: Gardevoir|Gardevoir-Mega
|message|Gardevoir has Mega Evolved into Mega Gardevoir!
|move|p1a: Gardevoir|Hyper Voice|p2a: Batman
|-damage|p2a: Batman|0 fnt
|faint|p2a: Batman
|
|
|switch|p2a: Fatty Patty|Venusaur, F|364\/364
|-activate|p2a: Fatty Patty|move: Sticky Web
|-unboost|p2a: Fatty Patty|spe|1
|turn|16
|
|-formechange|p2a: Fatty Patty|Venusaur-Mega
|message|Venusaur has Mega Evolved into Mega Venusaur!
|move|p1a: Gardevoir|Psyshock|p2a: Fatty Patty
|-supereffective|p2a: Fatty Patty
|-damage|p2a: Fatty Patty|62\/364
|move|p2a: Fatty Patty|Sludge Bomb|p1a: Gardevoir
|-supereffective|p1a: Gardevoir
|-damage|p1a: Gardevoir|0 fnt
|faint|p1a: Gardevoir
|
|
|switch|p1a: Heatran|Heatran, M|386\/386
|-damage|p1a: Heatran|338\/386|[from] Stealth Rock
|turn|17
|
|move|p1a: Heatran|Lava Plume|p2a: Fatty Patty
|-supereffective|p2a: Fatty Patty
|-damage|p2a: Fatty Patty|0 fnt
|faint|p2a: Fatty Patty
|
|-heal|p1a: Heatran|362\/386|[from] item: Leftovers
|
|switch|p2a: Soul Dragon|Latios, M|302\/302
|turn|18
|
|move|p2a: Soul Dragon|Surf|p1a: Heatran
|-supereffective|p1a: Heatran
|-damage|p1a: Heatran|151\/386
|-damage|p2a: Soul Dragon|272\/302|[from] item: Life Orb
|move|p1a: Heatran|Toxic|p2a: Soul Dragon
|-status|p2a: Soul Dragon|tox
|
|-heal|p1a: Heatran|175\/386|[from] item: Leftovers
|-damage|p2a: Soul Dragon|254\/302 tox|[from] psn
|turn|19
|
|move|p1a: Heatran|Protect|p1a: Heatran
|-singleturn|p1a: Heatran|Protect
|move|p2a: Soul Dragon|Surf|p1a: Heatran
|-activate|p1a: Heatran|Protect
|
|-heal|p1a: Heatran|199\/386|[from] item: Leftovers
|-damage|p2a: Soul Dragon|218\/302 tox|[from] psn
|turn|20
|
|move|p1a: Heatran|Protect|p1a: Heatran
|-singleturn|p1a: Heatran|Protect
|move|p2a: Soul Dragon|Surf|p1a: Heatran
|-activate|p1a: Heatran|Protect
|
|-heal|p1a: Heatran|223\/386|[from] item: Leftovers
|-damage|p2a: Soul Dragon|164\/302 tox|[from] psn
|turn|21
|
|switch|p1a: Galvantula|Galvantula, M|110\/281
|-damage|p1a: Galvantula|40\/281|[from] Stealth Rock
|move|p2a: Soul Dragon|Surf|p1a: Galvantula
|-damage|p1a: Galvantula|0 fnt
|-damage|p2a: Soul Dragon|134\/302 tox|[from] item: Life Orb
|faint|p1a: Galvantula
|
|-damage|p2a: Soul Dragon|62\/302 tox|[from] psn
|
|switch|p1a: Heatran|Heatran, M|223\/386
|-damage|p1a: Heatran|175\/386|[from] Stealth Rock
|turn|22
|
|switch|p2a: NursePainToKill|Chansey, F|704\/704
|-activate|p2a: NursePainToKill|move: Sticky Web
|-unboost|p2a: NursePainToKill|spe|1
|move|p1a: Heatran|Protect|p1a: Heatran
|-fail|p1a: Heatran
|
|-heal|p1a: Heatran|199\/386|[from] item: Leftovers
|turn|23
|
|move|p1a: Heatran|Lava Plume|p2a: NursePainToKill
|-damage|p2a: NursePainToKill|625\/704
|move|p2a: NursePainToKill|Aromatherapy|p2a: NursePainToKill
|-cureteam|p2a: NursePainToKill|[from] move: Aromatherapy
|
|-heal|p1a: Heatran|223\/386|[from] item: Leftovers
|turn|24
|
|switch|p2a: Red Ranger|Bisharp, F|272\/272
|-activate|p2a: Red Ranger|move: Sticky Web
|-unboost|p2a: Red Ranger|spe|1
|-boost|p2a: Red Ranger|atk|2|[from] ability: Defiant
|move|p1a: Heatran|Toxic|p2a: Red Ranger
|-fail|p2a: Red Ranger
|
|-heal|p1a: Heatran|247\/386|[from] item: Leftovers
|turn|25
|
|move|p1a: Heatran|Protect|p1a: Heatran
|-singleturn|p1a: Heatran|Protect
|move|p2a: Red Ranger|Sucker Punch|p1a: Heatran
|-activate|p1a: Heatran|Protect
|
|-heal|p1a: Heatran|271\/386|[from] item: Leftovers
|turn|26
|
|move|p1a: Heatran|Lava Plume|p2a: Red Ranger
|-supereffective|p2a: Red Ranger
|-damage|p2a: Red Ranger|0 fnt
|faint|p2a: Red Ranger
|
|-heal|p1a: Heatran|295\/386|[from] item: Leftovers
|
|switch|p2a: Soul Dragon|Latios, M|62\/302
|turn|27
|
|move|p2a: Soul Dragon|Surf|p1a: Heatran
|-supereffective|p1a: Heatran
|-damage|p1a: Heatran|110\/386
|-damage|p2a: Soul Dragon|32\/302|[from] item: Life Orb
|move|p1a: Heatran|Lava Plume|p2a: Soul Dragon
|-resisted|p2a: Soul Dragon
|-damage|p2a: Soul Dragon|0 fnt
|faint|p2a: Soul Dragon
|
|-heal|p1a: Heatran|134\/386|[from] item: Leftovers
|
|switch|p2a: NursePainToKill|Chansey, F|625\/704
|-activate|p2a: NursePainToKill|move: Sticky Web
|-unboost|p2a: NursePainToKill|spe|1
|turn|28
|
|move|p1a: Heatran|Lava Plume|p2a: NursePainToKill
|-damage|p2a: NursePainToKill|547\/704
|move|p2a: NursePainToKill|Toxic|p1a: Heatran
|-fail|p1a: Heatran
|
|-heal|p1a: Heatran|158\/386|[from] item: Leftovers
|turn|29
|
|move|p1a: Heatran|Lava Plume|p2a: NursePainToKill
|-damage|p2a: NursePainToKill|474\/704
|-status|p2a: NursePainToKill|brn
|move|p2a: NursePainToKill|Soft-Boiled|p2a: NursePainToKill
|-heal|p2a: NursePainToKill|704\/704 brn
|
|-heal|p1a: Heatran|182\/386|[from] item: Leftovers
|-damage|p2a: NursePainToKill|616\/704 brn|[from] brn
|turn|30
|
|switch|p1a: Garchomp|Garchomp, M|358\/358
|-damage|p1a: Garchomp|336\/358|[from] Stealth Rock
|move|p2a: NursePainToKill|Aromatherapy|p2a: NursePainToKill
|-cureteam|p2a: NursePainToKill|[from] move: Aromatherapy
|
|turn|31
|
|move|p1a: Garchomp|Swords Dance|p1a: Garchomp
|-boost|p1a: Garchomp|atk|2
|move|p2a: NursePainToKill|Toxic|p1a: Garchomp
|-status|p1a: Garchomp|tox
|-enditem|p1a: Garchomp|Lum Berry|[eat]
|-curestatus|p1a: Garchomp|tox
|
|turn|32
|
|move|p1a: Garchomp|Swords Dance|p1a: Garchomp
|-boost|p1a: Garchomp|atk|2
|move|p2a: NursePainToKill|Toxic|p1a: Garchomp|[miss]
|-miss|p2a: NursePainToKill|p1a: Garchomp
|
|turn|33
|
|move|p1a: Garchomp|Swords Dance|p1a: Garchomp
|-boost|p1a: Garchomp|atk|2
|move|p2a: NursePainToKill|Toxic|p1a: Garchomp
|-status|p1a: Garchomp|tox
|
|-damage|p1a: Garchomp|314\/358 tox|[from] psn
|turn|34
|
|move|p1a: Garchomp|Outrage|p2a: NursePainToKill
|-damage|p2a: NursePainToKill|0 fnt
|faint|p2a: NursePainToKill
|
|win|IIlllIIIlllII
|raw|Ladder updating...