|join|awesomness
|join|Soundless
|player|p1|awesomness|1
|player|p2|Soundless|190
|gametype|singles
|gen|6
|tier|OU
|rated
|clearpoke
|poke|p1|Rotom-Wash, shiny
|poke|p1|Chansey, F
|poke|p1|Gliscor, F, shiny
|poke|p1|Talonflame, M, shiny
|poke|p1|Venusaur, F, shiny
|poke|p1|Latios, M
|poke|p2|Swampert, M
|poke|p2|Rotom-Wash
|poke|p2|Mawile, F
|poke|p2|Aegislash, F
|poke|p2|Golbat, F
|poke|p2|Latios, M
|rule|Sleep Clause Mod: Limit one foe put to sleep
|rule|Species Clause: Limit one of each Pokemon
|rule|OHKO Clause: OHKO moves are banned
|rule|Moody Clause: Moody is banned
|rule|Evasion Moves Clause: Evasion moves are banned
|rule|Endless Battle Clause: Forcing endless battles is banned.
|rule|HP Percentage Mod: HP is reported as percentages
|teampreview
|
|start
|switch|p1a: Flowersaur|Venusaur, F, shiny|364\/364
|switch|p2a: Swampert|Swampert, M|401\/401
|turn|1
|
|switch|p2a: Aegislash|Aegislash, F|261\/261
|-formechange|p1a: Flowersaur|Venusaur-Mega
|message|Venusaur has Mega Evolved into Mega Venusaur!
|move|p1a: Flowersaur|Giga Drain|p2a: Aegislash
|-resisted|p2a: Aegislash
|-damage|p2a: Aegislash|213\/261
|
|turn|2
|
|switch|p2a: Golbat|Golbat, F|350\/350
|move|p1a: Flowersaur|Leech Seed|p2a: Golbat|[miss]
|-miss|p1a: Flowersaur|p2a: Golbat
|
|turn|3
|
|move|p2a: Golbat|Brave Bird|p1a: Flowersaur
|-crit|p1a: Flowersaur
|-supereffective|p1a: Flowersaur
|-damage|p1a: Flowersaur|50\/364
|-damage|p2a: Golbat|246\/350|[from] recoil|[of] p1a: Flowersaur
|move|p1a: Flowersaur|Leech Seed|p2a: Golbat
|-start|p2a: Golbat|move: Leech Seed
|
|-damage|p2a: Golbat|203\/350|[from] Leech Seed|[of] p1a: Flowersaur
|-heal|p1a: Flowersaur|93\/364|[silent]
|turn|4
|
|switch|p2a: Latios|Latios, M|302\/302
|switch|p1a: Wash It|Rotom-Wash, shiny|304\/304
|
|turn|5
|
|move|p2a: Latios|Draco Meteor|p1a: Wash It
|-damage|p1a: Wash It|55\/304
|-unboost|p2a: Latios|spa|2
|move|p1a: Wash It|Light Screen|p1a: Wash It
|-sidestart|p1: awesomness|move: Light Screen
|
|turn|6
|
|move|p2a: Latios|Draco Meteor|p1a: Wash It
|-damage|p1a: Wash It|0 fnt
|-unboost|p2a: Latios|spa|2
|faint|p1a: Wash It
|
|
|switch|p1a: Flowersaur|Venusaur, F, shiny|93\/364
|-formechange|p1a: Flowersaur|Venusaur-Mega
|turn|7
|
|switch|p2a: Golbat|Golbat, F|203\/350
|move|p1a: Flowersaur|Synthesis|p1a: Flowersaur
|-heal|p1a: Flowersaur|275\/364
|
|turn|8
|
|move|p2a: Golbat|Roost|p2a: Golbat
|-heal|p2a: Golbat|350\/350
|move|p1a: Flowersaur|Sludge Bomb|p2a: Golbat
|-resisted|p2a: Golbat
|-damage|p2a: Golbat|301\/350
|
|turn|9
|
|move|p2a: Golbat|Brave Bird|p1a: Flowersaur
|-supereffective|p1a: Flowersaur
|-damage|p1a: Flowersaur|77\/364
|-damage|p2a: Golbat|236\/350|[from] recoil|[of] p1a: Flowersaur
|move|p1a: Flowersaur|Leech Seed|p2a: Golbat
|-start|p2a: Golbat|move: Leech Seed
|
|-damage|p2a: Golbat|193\/350|[from] Leech Seed|[of] p1a: Flowersaur
|-heal|p1a: Flowersaur|120\/364|[silent]
|turn|10
|
|switch|p2a: Latios|Latios, M|302\/302
|move|p1a: Flowersaur|Synthesis|p1a: Flowersaur
|-heal|p1a: Flowersaur|302\/364
|
|turn|11
|
|move|p2a: Latios|Psyshock|p1a: Flowersaur
|-supereffective|p1a: Flowersaur
|-damage|p1a: Flowersaur|109\/364
|move|p1a: Flowersaur|Sludge Bomb|p2a: Latios
|-damage|p2a: Latios|155\/302
|
|turn|12
|
|move|p2a: Latios|Psyshock|p1a: Flowersaur
|-supereffective|p1a: Flowersaur
|-damage|p1a: Flowersaur|0 fnt
|faint|p1a: Flowersaur
|
|-sideend|p1: awesomness|move: Light Screen
|
|switch|p1a: Soul Dragon|Latios, M|302\/302
|turn|13
|
|switch|p2a: Mawile|Mawile, F|254\/254
|-ability|p2a: Mawile|Intimidate|[of] p1a: Soul Dragon
|-unboost|p1a: Soul Dragon|atk|1
|move|p1a: Soul Dragon|Draco Meteor|p2a: Mawile
|-immune|p2a: Mawile|[msg]
|
|turn|14
|
|switch|p1a: Bruce W|Gliscor, F, shiny|354\/354
|-formechange|p2a: Mawile|Mawile-Mega
|message|Mawile has Mega Evolved into Mega Mawile!
|move|p2a: Mawile|Knock Off|p1a: Bruce W
|-damage|p1a: Bruce W|218\/354
|-enditem|p1a: Bruce W|Toxic Orb|[from] move: Knock Off|[of] p2a: Mawile
|
|turn|15
|
|switch|p2a: Rotom-senpai|Rotom-Wash|304\/304
|move|p1a: Bruce W|Earthquake|p2a: Rotom-senpai
|-immune|p2a: Rotom-senpai|[msg]
|
|turn|16
|
|move|p1a: Bruce W|Toxic|p2a: Rotom-senpai|[miss]
|-miss|p1a: Bruce W|p2a: Rotom-senpai
|move|p2a: Rotom-senpai|Volt Switch|p1a: Bruce W
|-immune|p1a: Bruce W|[msg]
|
|turn|17
|
|move|p1a: Bruce W|Protect|p1a: Bruce W
|-singleturn|p1a: Bruce W|Protect
|move|p2a: Rotom-senpai|Hydro Pump|p1a: Bruce W
|-activate|p1a: Bruce W|Protect
|
|turn|18
|
|move|p1a: Bruce W|Toxic|p2a: Rotom-senpai
|-status|p2a: Rotom-senpai|tox
|move|p2a: Rotom-senpai|Hydro Pump|p1a: Bruce W|[miss]
|-miss|p2a: Rotom-senpai|p1a: Bruce W
|
|-damage|p2a: Rotom-senpai|285\/304 tox|[from] psn
|turn|19
|
|move|p1a: Bruce W|Protect|p1a: Bruce W
|-singleturn|p1a: Bruce W|Protect
|move|p2a: Rotom-senpai|Will-O-Wisp|p1a: Bruce W
|-activate|p1a: Bruce W|Protect
|
|-damage|p2a: Rotom-senpai|247\/304 tox|[from] psn
|turn|20
|
|move|p1a: Bruce W|Stealth Rock|p2a: Rotom-senpai
|-sidestart|p2: Soundless|move: Stealth Rock
|move|p2a: Rotom-senpai|Hydro Pump|p1a: Bruce W|[miss]
|-miss|p2a: Rotom-senpai|p1a: Bruce W
|
|-damage|p2a: Rotom-senpai|190\/304 tox|[from] psn
|turn|21
|
|move|p1a: Bruce W|Protect|p1a: Bruce W
|-singleturn|p1a: Bruce W|Protect
|move|p2a: Rotom-senpai|Will-O-Wisp|p1a: Bruce W
|-activate|p1a: Bruce W|Protect
|
|-damage|p2a: Rotom-senpai|114\/304 tox|[from] psn
|turn|22
|
|switch|p1a: Nurse Pain|Chansey, F|704\/704
|move|p2a: Rotom-senpai|Hydro Pump|p1a: Nurse Pain
|-damage|p1a: Nurse Pain|622\/704
|
|-damage|p2a: Rotom-senpai|19\/304 tox|[from] psn
|turn|23
|
|move|p2a: Rotom-senpai|Rest|p2a: Rotom-senpai
|-status|p2a: Rotom-senpai|slp
|-heal|p2a: Rotom-senpai|304\/304 slp|[silent]
|-status|p2a: Rotom-senpai|slp|[from] move: Rest
|-enditem|p2a: Rotom-senpai|Chesto Berry|[eat]
|-curestatus|p2a: Rotom-senpai|slp
|move|p1a: Nurse Pain|Soft-Boiled|p1a: Nurse Pain
|-heal|p1a: Nurse Pain|704\/704
|
|turn|24
|
|move|p2a: Rotom-senpai|Volt Switch|p1a: Nurse Pain
|-damage|p1a: Nurse Pain|643\/704
|
|switch|p2a: Swampert|Swampert, M|401\/401
|-damage|p2a: Swampert|376\/401|[from] Stealth Rock
|move|p1a: Nurse Pain|Toxic|p2a: Swampert
|-status|p2a: Swampert|tox
|
|-heal|p2a: Swampert|401\/401 tox|[from] item: Leftovers
|-damage|p2a: Swampert|376\/401 tox|[from] psn
|turn|25
|
|switch|p1a: Soul Dragon|Latios, M|302\/302
|move|p2a: Swampert|Stealth Rock|p1a: Soul Dragon
|-sidestart|p1: awesomness|move: Stealth Rock
|
|-heal|p2a: Swampert|401\/401 tox|[from] item: Leftovers
|-damage|p2a: Swampert|351\/401 tox|[from] psn
|turn|26
|
|switch|p2a: Golbat|Golbat, F|193\/350
|-damage|p2a: Golbat|106\/350|[from] Stealth Rock
|move|p1a: Soul Dragon|Psyshock|p2a: Golbat
|-supereffective|p2a: Golbat
|-damage|p2a: Golbat|0 fnt
|-damage|p1a: Soul Dragon|272\/302|[from] item: Life Orb
|faint|p2a: Golbat
|
|
|switch|p2a: Latios|Latios, M|155\/302
|-damage|p2a: Latios|118\/302|[from] Stealth Rock
|turn|27
|
|move|p1a: Soul Dragon|Draco Meteor|p2a: Latios
|-supereffective|p2a: Latios
|-damage|p2a: Latios|0 fnt
|-unboost|p1a: Soul Dragon|spa|2
|-damage|p1a: Soul Dragon|242\/302|[from] item: Life Orb
|faint|p2a: Latios
|
|
|switch|p2a: Mawile|Mawile, F|254\/254
|-formechange|p2a: Mawile|Mawile-Mega
|-damage|p2a: Mawile|239\/254|[from] Stealth Rock
|turn|28
|
|move|p2a: Mawile|Sucker Punch|p1a: Soul Dragon
|-fail|p1a: Soul Dragon
|move|p1a: Soul Dragon|Defog|p2a: Mawile
|-unboost|p2a: Mawile|evasion|1
|-sideend|p2: Soundless|Stealth Rock|[from] move: Defog|[of] p2a: Mawile
|-sideend|p1: awesomness|Stealth Rock|[from] move: Defog|[of] p1a: Soul Dragon
|
|turn|29
|
|switch|p1a: Red Wing|Talonflame, M, shiny|359\/359
|move|p2a: Mawile|Sucker Punch|p1a: Red Wing
|-fail|p1a: Red Wing
|
|turn|30
|
|switch|p2a: Swampert|Swampert, M|351\/401 tox
|move|p1a: Red Wing|Tailwind|p1a: Red Wing
|-sidestart|p1: awesomness|move: Tailwind
|
|-heal|p2a: Swampert|376\/401 tox|[from] item: Leftovers
|-damage|p2a: Swampert|351\/401 tox|[from] psn
|turn|31
|
|switch|p1a: Nurse Pain|Chansey, F|643\/704
|move|p2a: Swampert|Stealth Rock|p1a: Nurse Pain
|-sidestart|p1: awesomness|move: Stealth Rock
|
|-heal|p2a: Swampert|376\/401 tox|[from] item: Leftovers
|-damage|p2a: Swampert|326\/401 tox|[from] psn
|turn|32
|
|switch|p2a: Mawile|Mawile, F|239\/254
|-formechange|p2a: Mawile|Mawile-Mega
|move|p1a: Nurse Pain|Seismic Toss|p2a: Mawile
|-damage|p2a: Mawile|139\/254
|
|turn|33
|
|move|p1a: Nurse Pain|Soft-Boiled|p1a: Nurse Pain
|-heal|p1a: Nurse Pain|704\/704
|move|p2a: Mawile|Knock Off|p1a: Nurse Pain
|-damage|p1a: Nurse Pain|427\/704
|-enditem|p1a: Nurse Pain|Eviolite|[from] move: Knock Off|[of] p2a: Mawile
|
|-sideend|p1: awesomness|move: Tailwind
|turn|34
|
|move|p2a: Mawile|Play Rough|p1a: Nurse Pain
|-damage|p1a: Nurse Pain|0 fnt
|faint|p1a: Nurse Pain
|
|
|switch|p1a: Bruce W|Gliscor, F, shiny|218\/354
|-damage|p1a: Bruce W|174\/354|[from] Stealth Rock
|turn|35
|
|switch|p2a: Rotom-senpai|Rotom-Wash|304\/304
|move|p1a: Bruce W|Toxic|p2a: Rotom-senpai
|-status|p2a: Rotom-senpai|tox
|
|-damage|p2a: Rotom-senpai|285\/304 tox|[from] psn
|turn|36
|
|move|p1a: Bruce W|Protect|p1a: Bruce W
|-singleturn|p1a: Bruce W|Protect
|move|p2a: Rotom-senpai|Will-O-Wisp|p1a: Bruce W
|-activate|p1a: Bruce W|Protect
|
|-damage|p2a: Rotom-senpai|247\/304 tox|[from] psn
|turn|37
|
|switch|p1a: Soul Dragon|Latios, M|242\/302
|-damage|p1a: Soul Dragon|205\/302|[from] Stealth Rock
|move|p2a: Rotom-senpai|Hydro Pump|p1a: Soul Dragon
|-resisted|p1a: Soul Dragon
|-damage|p1a: Soul Dragon|144\/302
|
|-damage|p2a: Rotom-senpai|190\/304 tox|[from] psn
|turn|38
|
|switch|p2a: Aegislash|Aegislash, F|213\/261
|move|p1a: Soul Dragon|Defog|p2a: Aegislash
|-unboost|p2a: Aegislash|evasion|1
|-sideend|p1: awesomness|Stealth Rock|[from] move: Defog|[of] p1a: Soul Dragon
|
|turn|39
|
|move|p1a: Soul Dragon|Thunderbolt|p2a: Aegislash
|-damage|p2a: Aegislash|117\/261
|-damage|p1a: Soul Dragon|114\/302|[from] item: Life Orb
|-formechange|p2a: Aegislash|Aegislash-Blade
|move|p2a: Aegislash|Shadow Ball|p1a: Soul Dragon
|-supereffective|p1a: Soul Dragon
|-damage|p1a: Soul Dragon|0 fnt
|faint|p1a: Soul Dragon
|
|
|switch|p1a: Red Wing|Talonflame, M, shiny|359\/359
|turn|40
|
|move|p1a: Red Wing|Tailwind|p1a: Red Wing
|-sidestart|p1: awesomness|move: Tailwind
|move|p2a: Aegislash|Shadow Ball|p1a: Red Wing
|-damage|p1a: Red Wing|142\/359
|
|-heal|p1a: Red Wing|164\/359|[from] item: Leftovers
|turn|41
|
|move|p1a: Red Wing|Roost|p1a: Red Wing
|-heal|p1a: Red Wing|344\/359
|move|p2a: Aegislash|Shadow Sneak|p1a: Red Wing
|-damage|p1a: Red Wing|232\/359
|
|-heal|p1a: Red Wing|254\/359|[from] item: Leftovers
|turn|42
|
|-formechange|p2a: Aegislash|Aegislash
|move|p2a: Aegislash|King's Shield|p2a: Aegislash
|-singleturn|p2a: Aegislash|Protect
|move|p1a: Red Wing|Flare Blitz|p2a: Aegislash
|-activate|p2a: Aegislash|Protect
|-unboost|p1a: Red Wing|atk|2
|
|-heal|p1a: Red Wing|276\/359|[from] item: Leftovers
|turn|43
|
|switch|p1a: Bruce W|Gliscor, F, shiny|174\/354
|-formechange|p2a: Aegislash|Aegislash-Blade
|move|p2a: Aegislash|Shadow Ball|p1a: Bruce W
|-damage|p1a: Bruce W|0 fnt
|faint|p1a: Bruce W
|
|-sideend|p1: awesomness|move: Tailwind
|
|switch|p1a: Red Wing|Talonflame, M, shiny|276\/359
|turn|44
|
|move|p1a: Red Wing|Flare Blitz|p2a: Aegislash
|-supereffective|p2a: Aegislash
|-damage|p2a: Aegislash|0 fnt
|-damage|p1a: Red Wing|237\/359|[from] recoil|[of] p2a: Aegislash
|faint|p2a: Aegislash
|
|-heal|p1a: Red Wing|259\/359|[from] item: Leftovers
|
|switch|p2a: Rotom-senpai|Rotom-Wash|190\/304 tox
|turn|45
|
|move|p1a: Red Wing|Brave Bird|p2a: Rotom-senpai
|-resisted|p2a: Rotom-senpai
|-damage|p2a: Rotom-senpai|127\/304 tox
|-damage|p1a: Red Wing|238\/359|[from] recoil|[of] p2a: Rotom-senpai
|move|p2a: Rotom-senpai|Volt Switch|p1a: Red Wing
|-supereffective|p1a: Red Wing
|-damage|p1a: Red Wing|0 fnt
|faint|p1a: Red Wing
|
|win|Soundless
|raw|Ladder updating...
|raw|awesomness's rating: 1439 &rarr; <strong>1419<\/strong><br \/>(-20 for losing)
|raw|Soundless's rating: 1426 &rarr; <strong>1446<\/strong><br \/>(+20 for winning)
|chat|Soundless|gg ^-^
|leave|awesomness
|player|p1