|join|SuperSilver424
|join|awesomness
|player|p1|SuperSilver424|35
|player|p2|awesomness|153
|gametype|singles
|gen|6
|tier|OU
|rated
|clearpoke
|poke|p1|Conkeldurr, M
|poke|p1|Salamence, F
|poke|p1|Ferrothorn, F
|poke|p1|Tentacruel, F
|poke|p1|Goodra, F
|poke|p1|Scizor, M
|poke|p2|Azumarill, M
|poke|p2|Terrakion
|poke|p2|Bisharp, F
|poke|p2|Smeargle, F
|poke|p2|Ampharos, M
|poke|p2|Gengar, F
|rule|Sleep Clause Mod: Limit one foe put to sleep
|rule|Species Clause: Limit one of each Pokemon
|rule|OHKO Clause: OHKO moves are banned
|rule|Moody Clause: Moody is banned
|rule|Evasion Moves Clause: Evasion moves are banned
|rule|Endless Battle Clause: Forcing endless battles is banned.
|rule|HP Percentage Mod: HP is reported as percentages
|teampreview
|
|start
|switch|p1a: Hoodlum|Tentacruel, F|364\/364
|switch|p2a: Justice!!!|Terrakion|323\/323
|turn|1
|
|move|p2a: Justice!!!|Earthquake|p1a: Hoodlum
|-supereffective|p1a: Hoodlum
|-damage|p1a: Hoodlum|0 fnt
|-damage|p2a: Justice!!!|291\/323|[from] item: Life Orb
|faint|p1a: Hoodlum
|
|
|switch|p1a: Conkeldurrp|Conkeldurr, M|385\/385
|turn|2
|
|switch|p2a: Destrution God|Azumarill, M|404\/404
|move|p1a: Conkeldurrp|Bulk Up|p1a: Conkeldurrp
|-boost|p1a: Conkeldurrp|atk|1
|-boost|p1a: Conkeldurrp|def|1
|
|turn|3
|
|switch|p1a: Friendly|Ferrothorn, F|352\/352
|move|p2a: Destrution God|Play Rough|p1a: Friendly
|-resisted|p1a: Friendly
|-damage|p1a: Friendly|258\/352
|-damage|p2a: Destrution God|354\/404|[from] ability: Iron Barbs|[of] p1a: Friendly
|-damage|p2a: Destrution God|287\/404|[from] item: Rocky Helmet|[of] p1a: Friendly
|-unboost|p1a: Friendly|atk|1
|
|turn|4
|
|switch|p2a: Justice!!!|Terrakion|291\/323
|move|p1a: Friendly|Stealth Rock|p2a: Justice!!!
|-sidestart|p2: awesomness|move: Stealth Rock
|
|turn|5
|
|switch|p1a: Chris|Salamence, F|331\/331
|-ability|p1a: Chris|Intimidate|[of] p2a: Justice!!!
|-unboost|p2a: Justice!!!|atk|1
|move|p2a: Justice!!!|Close Combat|p1a: Chris
|-resisted|p1a: Chris
|-damage|p1a: Chris|222\/331
|-unboost|p2a: Justice!!!|def|1
|-unboost|p2a: Justice!!!|spd|1
|-damage|p2a: Justice!!!|259\/323|[from] item: Life Orb
|
|turn|6
|
|move|p2a: Justice!!!|Stone Edge|p1a: Chris
|-supereffective|p1a: Chris
|-damage|p1a: Chris|0 fnt
|-damage|p2a: Justice!!!|227\/323|[from] item: Life Orb
|faint|p1a: Chris
|
|
|switch|p1a: Steve|Scizor, M|344\/344
|turn|7
|
|-formechange|p1a: Steve|Scizor-Mega
|message|Scizor has Mega Evolved into Mega Scizor!
|move|p2a: Justice!!!|Stone Edge|p1a: Steve
|-damage|p1a: Steve|223\/344
|-damage|p2a: Justice!!!|195\/323|[from] item: Life Orb
|move|p1a: Steve|Swords Dance|p1a: Steve
|-boost|p1a: Steve|atk|2
|
|turn|8
|
|move|p2a: Justice!!!|Quick Attack|p1a: Steve
|-resisted|p1a: Steve
|-damage|p1a: Steve|206\/344
|-damage|p2a: Justice!!!|163\/323|[from] item: Life Orb
|move|p1a: Steve|Bullet Punch|p2a: Justice!!!
|-supereffective|p2a: Justice!!!
|-damage|p2a: Justice!!!|0 fnt
|faint|p2a: Justice!!!
|
|
|switch|p2a: Power Ranger|Bisharp, F|272\/272
|-damage|p2a: Power Ranger|255\/272|[from] Stealth Rock
|turn|9
|
|move|p2a: Power Ranger|Swords Dance|p2a: Power Ranger
|-boost|p2a: Power Ranger|atk|2
|move|p1a: Steve|Superpower|p2a: Power Ranger
|-supereffective|p2a: Power Ranger
|-damage|p2a: Power Ranger|0 fnt
|-unboost|p1a: Steve|atk|1
|-unboost|p1a: Steve|def|1
|faint|p2a: Power Ranger
|
|
|switch|p2a: Loriel|Ampharos, M|383\/383
|-damage|p2a: Loriel|336\/383|[from] Stealth Rock
|turn|10
|
|switch|p1a: Friendly|Ferrothorn, F|258\/352
|-formechange|p2a: Loriel|Ampharos-Mega
|message|Ampharos has Mega Evolved into Mega Ampharos!
|-ability|p2a: Loriel|Mold Breaker
|move|p2a: Loriel|Substitute|p2a: Loriel
|-start|p2a: Loriel|Substitute
|-damage|p2a: Loriel|241\/383
|
|turn|11
|
|switch|p1a: Conkeldurrp|Conkeldurr, M|385\/385
|move|p2a: Loriel|Focus Blast|p1a: Conkeldurrp
|-damage|p1a: Conkeldurrp|170\/385
|
|turn|12
|
|move|p2a: Loriel|Thunderbolt|p1a: Conkeldurrp
|-damage|p1a: Conkeldurrp|0 fnt
|faint|p1a: Conkeldurrp
|
|
|switch|p1a: Gary|Goodra, F|384\/384
|turn|13
|
|move|p1a: Gary|Ice Beam|p2a: Loriel
|-supereffective|p2a: Loriel
|-end|p2a: Loriel|Substitute
|move|p2a: Loriel|Dragon Pulse|p1a: Gary
|-supereffective|p1a: Gary
|-damage|p1a: Gary|196\/384
|
|turn|14
|
|move|p1a: Gary|Power Whip|p2a: Loriel
|-resisted|p2a: Loriel
|-damage|p2a: Loriel|193\/383
|move|p2a: Loriel|Dragon Pulse|p1a: Gary
|-supereffective|p1a: Gary
|-damage|p1a: Gary|8\/384
|
|turn|15
|
|move|p1a: Gary|Power Whip|p2a: Loriel
|-resisted|p2a: Loriel
|-damage|p2a: Loriel|147\/383
|move|p2a: Loriel|Thunderbolt|p1a: Gary
|-resisted|p1a: Gary
|-damage|p1a: Gary|0 fnt
|faint|p1a: Gary
|
|
|switch|p1a: Steve|Scizor, M|206\/344
|-formechange|p1a: Steve|Scizor-Mega
|turn|16
|
|move|p1a: Steve|Superpower|p2a: Loriel
|-damage|p2a: Loriel|0 fnt
|-unboost|p1a: Steve|atk|1
|-unboost|p1a: Steve|def|1
|faint|p2a: Loriel
|
|
|switch|p2a: Destrution God|Azumarill, M|287\/404
|-damage|p2a: Destrution God|237\/404|[from] Stealth Rock
|turn|17
|
|switch|p1a: Friendly|Ferrothorn, F|258\/352
|move|p2a: Destrution God|Superpower|p1a: Friendly
|-supereffective|p1a: Friendly
|-damage|p1a: Friendly|0 fnt
|-damage|p2a: Destrution God|187\/404|[from] ability: Iron Barbs|[of] p1a: Friendly
|-damage|p2a: Destrution God|120\/404|[from] item: Rocky Helmet|[of] p1a: Friendly
|-unboost|p2a: Destrution God|atk|1
|-unboost|p2a: Destrution God|def|1
|faint|p1a: Friendly
|
|
|switch|p1a: Steve|Scizor, M|206\/344
|-formechange|p1a: Steve|Scizor-Mega
|turn|18
|
|move|p1a: Steve|Swords Dance|p1a: Steve
|-boost|p1a: Steve|atk|2
|move|p2a: Destrution God|Superpower|p1a: Steve
|-damage|p1a: Steve|71\/344
|-unboost|p2a: Destrution God|atk|1
|-unboost|p2a: Destrution God|def|1
|
|turn|19
|
|move|p1a: Steve|Bullet Punch|p2a: Destrution God
|-damage|p2a: Destrution God|0 fnt
|faint|p2a: Destrution God
|
|
|switch|p2a: Pacasso|Smeargle, F|314\/314
|-damage|p2a: Pacasso|275\/314|[from] Stealth Rock
|turn|20
|
|move|p1a: Steve|Bullet Punch|p2a: Pacasso
|-damage|p2a: Pacasso|0 fnt
|faint|p2a: Pacasso
|
|
|switch|p2a: DatCreepyShadow|Gengar, F|262\/262
|-damage|p2a: DatCreepyShadow|230\/262|[from] Stealth Rock
|turn|21
|
|move|p1a: Steve|Bullet Punch|p2a: DatCreepyShadow
|-damage|p2a: DatCreepyShadow|0 fnt
|faint|p2a: DatCreepyShadow
|
|win|SuperSilver424
|raw|Ladder updating...
|raw|SuperSilver424's rating: 1418 &rarr; <strong>1435<\/strong><br \/>(+17 for winning)
|raw|awesomness's rating: 1364 &rarr; <strong>1347<\/strong><br \/>(-17 for losing)
|chat|SuperSilver424|gg
|leave|awesomness
|player|p2