|join|DiiSanchez
|join|awesomness
|player|p1|DiiSanchez|52
|player|p2|awesomness|80
|gametype|singles
|gen|6
|tier|OU (suspect test)
|rated
|clearpoke
|poke|p1|Slowbro, F
|poke|p1|Landorus-Therian, M
|poke|p1|Scizor, F
|poke|p1|Chansey, F
|poke|p1|Trevenant, M, shiny
|poke|p1|Magnezone
|poke|p2|Excadrill, F
|poke|p2|Tyranitar, F
|poke|p2|Zapdos
|poke|p2|Scizor, F
|poke|p2|Keldeo-Resolute
|poke|p2|Sceptile, M
|rule|Swagger Clause: Swagger is banned
|rule|Baton Pass Clause: Limit one PokÃ©mon knowing Baton Pass
|rule|Sleep Clause Mod: Limit one foe put to sleep
|rule|Species Clause: Limit one of each PokÃ©mon
|rule|OHKO Clause: OHKO moves are banned
|rule|Moody Clause: Moody is banned
|rule|Evasion Moves Clause: Evasion moves are banned
|rule|Endless Battle Clause: Forcing endless battles is banned
|rule|HP Percentage Mod: HP is shown in percentages
|teampreview
|
|start
|switch|p1a: Trevenant|Trevenant, M, shiny|374\/374
|switch|p2a: My little Pony|Keldeo-Resolute|323\/323
|turn|1
|
|move|p2a: My little Pony|Icy Wind|p1a: Trevenant
|-supereffective|p1a: Trevenant
|-damage|p1a: Trevenant|266\/374
|-unboost|p1a: Trevenant|spe|1
|move|p1a: Trevenant|Substitute|p1a: Trevenant
|-start|p1a: Trevenant|Substitute
|-damage|p1a: Trevenant|173\/374
|-enditem|p1a: Trevenant|Sitrus Berry|[eat]
|-heal|p1a: Trevenant|266\/374|[from] item: Sitrus Berry
|
|turn|2
|
|switch|p2a: Sceptile|Sceptile, M|281\/281
|move|p1a: Trevenant|Confuse Ray|p2a: Sceptile
|-start|p2a: Sceptile|confusion
|
|turn|3
|
|detailschange|p2a: Sceptile|Sceptile-Mega, M
|-mega|p2a: Sceptile|Sceptile|Sceptilite
|-activate|p2a: Sceptile|confusion
|-damage|p2a: Sceptile|238\/281|[from] confusion
|move|p1a: Trevenant|Will-O-Wisp|p2a: Sceptile
|-status|p2a: Sceptile|brn
|
|-damage|p2a: Sceptile|203\/281 brn|[from] brn
|turn|4
|
|-activate|p2a: Sceptile|confusion
|move|p2a: Sceptile|Dragon Pulse|p1a: Trevenant
|-end|p1a: Trevenant|Substitute
|move|p1a: Trevenant|Horn Leech|p2a: Sceptile
|-resisted|p2a: Sceptile
|-damage|p2a: Sceptile|171\/281 brn
|-heal|p1a: Trevenant|282\/374|[from] drain|[of] p2a: Sceptile
|
|-damage|p2a: Sceptile|136\/281 brn|[from] brn
|-item|p1a: Trevenant|Sitrus Berry|[from] ability: Harvest
|turn|5
|
|-end|p2a: Sceptile|confusion
|move|p2a: Sceptile|Dragon Pulse|p1a: Trevenant
|-damage|p1a: Trevenant|152\/374
|-enditem|p1a: Trevenant|Sitrus Berry|[eat]
|-heal|p1a: Trevenant|245\/374|[from] item: Sitrus Berry
|move|p1a: Trevenant|Substitute|p1a: Trevenant
|-start|p1a: Trevenant|Substitute
|-damage|p1a: Trevenant|152\/374
|
|-damage|p2a: Sceptile|101\/281 brn|[from] brn
|turn|6
|
|switch|p2a: Scizor|Scizor, F|344\/344
|move|p1a: Trevenant|Confuse Ray|p2a: Scizor
|-start|p2a: Scizor|confusion
|
|-item|p1a: Trevenant|Sitrus Berry|[from] ability: Harvest
|-enditem|p1a: Trevenant|Sitrus Berry|[eat]
|-heal|p1a: Trevenant|245\/374|[from] item: Sitrus Berry
|turn|7
|
|-activate|p2a: Scizor|confusion
|move|p2a: Scizor|U-turn|p1a: Trevenant
|-end|p1a: Trevenant|Substitute
|
|switch|p2a: GODzilla|Tyranitar, F|403\/403
|-weather|Sandstorm
|move|p1a: Trevenant|Will-O-Wisp|p2a: GODzilla
|-status|p2a: GODzilla|brn
|
|-weather|Sandstorm|[upkeep]
|-damage|p1a: Trevenant|222\/374|[from] sandstorm
|-damage|p2a: GODzilla|353\/403 brn|[from] brn
|turn|8
|
|switch|p1a: Slowbro|Slowbro, F|393\/393
|move|p2a: GODzilla|Crunch|p1a: Slowbro
|-supereffective|p1a: Slowbro
|-damage|p1a: Slowbro|307\/393
|
|-weather|Sandstorm|[upkeep]
|-damage|p1a: Slowbro|283\/393|[from] sandstorm
|-damage|p2a: GODzilla|303\/403 brn|[from] brn
|turn|9
|
|move|p2a: GODzilla|Stealth Rock|p1a: Slowbro
|-sidestart|p1: DiiSanchez|move: Stealth Rock
|move|p1a: Slowbro|Scald|p2a: GODzilla
|-supereffective|p2a: GODzilla
|-damage|p2a: GODzilla|199\/403 brn
|
|-weather|Sandstorm|[upkeep]
|-damage|p1a: Slowbro|259\/393|[from] sandstorm
|-damage|p2a: GODzilla|149\/403 brn|[from] brn
|turn|10
|
|move|p2a: GODzilla|Crunch|p1a: Slowbro
|-supereffective|p1a: Slowbro
|-damage|p1a: Slowbro|173\/393
|move|p1a: Slowbro|Slack Off|p1a: Slowbro
|-heal|p1a: Slowbro|370\/393
|
|-weather|Sandstorm|[upkeep]
|-damage|p1a: Slowbro|346\/393|[from] sandstorm
|-damage|p2a: GODzilla|99\/403 brn|[from] brn
|turn|11
|
|switch|p2a: Sceptile|Sceptile-Mega, M|101\/281 brn
|move|p1a: Slowbro|Scald|p2a: Sceptile
|-resisted|p2a: Sceptile
|-damage|p2a: Sceptile|73\/281 brn
|
|-weather|Sandstorm|[upkeep]
|-damage|p2a: Sceptile|56\/281 brn|[from] sandstorm
|-damage|p1a: Slowbro|322\/393|[from] sandstorm
|-damage|p2a: Sceptile|21\/281 brn|[from] brn
|turn|12
|
|switch|p1a: Chansey|Chansey, F|704\/704
|-damage|p1a: Chansey|616\/704|[from] Stealth Rock
|move|p2a: Sceptile|Giga Drain|p1a: Chansey
|-damage|p1a: Chansey|547\/704
|-heal|p2a: Sceptile|56\/281 brn|[from] drain|[of] p1a: Chansey
|
|-weather|Sandstorm|[upkeep]
|-damage|p2a: Sceptile|39\/281 brn|[from] sandstorm
|-damage|p1a: Chansey|503\/704|[from] sandstorm
|-damage|p2a: Sceptile|4\/281 brn|[from] brn
|turn|13
|
|move|p2a: Sceptile|Giga Drain|p1a: Chansey
|-damage|p1a: Chansey|430\/704
|-heal|p2a: Sceptile|41\/281 brn|[from] drain|[of] p1a: Chansey
|move|p1a: Chansey|Seismic Toss|p2a: Sceptile
|-damage|p2a: Sceptile|0 fnt
|faint|p2a: Sceptile
|
|-weather|Sandstorm|[upkeep]
|-damage|p1a: Chansey|386\/704|[from] sandstorm
|
|switch|p2a: My little Pony|Keldeo-Resolute|323\/323
|turn|14
|
|switch|p1a: Trevenant|Trevenant, M, shiny|222\/374
|-damage|p1a: Trevenant|176\/374|[from] Stealth Rock
|move|p2a: My little Pony|Icy Wind|p1a: Trevenant
|-supereffective|p1a: Trevenant
|-damage|p1a: Trevenant|70\/374
|-unboost|p1a: Trevenant|spe|1
|
|-weather|none
|-item|p1a: Trevenant|Sitrus Berry|[from] ability: Harvest
|-enditem|p1a: Trevenant|Sitrus Berry|[eat]
|-heal|p1a: Trevenant|163\/374|[from] item: Sitrus Berry
|turn|15
|
|move|p2a: My little Pony|Icy Wind|p1a: Trevenant
|-supereffective|p1a: Trevenant
|-damage|p1a: Trevenant|57\/374
|-unboost|p1a: Trevenant|spe|1
|move|p1a: Trevenant|Horn Leech|p2a: My little Pony
|-supereffective|p2a: My little Pony
|-damage|p2a: My little Pony|129\/323
|-heal|p1a: Trevenant|154\/374|[from] drain|[of] p2a: My little Pony
|
|-item|p1a: Trevenant|Sitrus Berry|[from] ability: Harvest
|-enditem|p1a: Trevenant|Sitrus Berry|[eat]
|-heal|p1a: Trevenant|247\/374|[from] item: Sitrus Berry
|turn|16
|c|âawesomness|onl
|c|âawesomness|oml
|c|âDiiSanchez|?
|
|move|p2a: My little Pony|Icy Wind|p1a: Trevenant
|-supereffective|p1a: Trevenant
|-damage|p1a: Trevenant|133\/374
|-unboost|p1a: Trevenant|spe|1
|move|p1a: Trevenant|Substitute|p1a: Trevenant
|-start|p1a: Trevenant|Substitute
|-damage|p1a: Trevenant|40\/374
|
|-item|p1a: Trevenant|Sitrus Berry|[from] ability: Harvest
|-enditem|p1a: Trevenant|Sitrus Berry|[eat]
|-heal|p1a: Trevenant|133\/374|[from] item: Sitrus Berry
|turn|17
|c|âawesomness|you havested like every time you lost it
|
|move|p2a: My little Pony|Icy Wind|p1a: Trevenant
|-supereffective|p1a: Trevenant
|-end|p1a: Trevenant|Substitute
|move|p1a: Trevenant|Confuse Ray|p2a: My little Pony
|-start|p2a: My little Pony|confusion
|
|-item|p1a: Trevenant|Sitrus Berry|[from] ability: Harvest
|-enditem|p1a: Trevenant|Sitrus Berry|[eat]
|-heal|p1a: Trevenant|226\/374|[from] item: Sitrus Berry
|turn|18
|c|âawesomness|see
|c|âDiiSanchez|yup
|c|âawesomness|isn't it 30%
|c|âDiiSanchez|50
|c|âawesomness|ok so basically you won a coin flip like every turn
|
|-activate|p2a: My little Pony|confusion
|move|p2a: My little Pony|Icy Wind|p1a: Trevenant
|-supereffective|p1a: Trevenant
|-damage|p1a: Trevenant|122\/374
|-unboost|p1a: Trevenant|spe|1
|move|p1a: Trevenant|Substitute|p1a: Trevenant
|-start|p1a: Trevenant|Substitute
|-damage|p1a: Trevenant|29\/374
|
|turn|19
|c|âDiiSanchez|well
|c|âawesomness|don't harvest
|c|âawesomness|or hit yourself
|
|-activate|p2a: My little Pony|confusion
|move|p2a: My little Pony|Icy Wind|p1a: Trevenant
|-supereffective|p1a: Trevenant
|-end|p1a: Trevenant|Substitute
|move|p1a: Trevenant|Horn Leech|p2a: My little Pony
|-supereffective|p2a: My little Pony
|-damage|p2a: My little Pony|0 fnt
|-heal|p1a: Trevenant|94\/374|[from] drain|[of] p2a: My little Pony
|faint|p2a: My little Pony
|
|-item|p1a: Trevenant|Sitrus Berry|[from] ability: Harvest
|c|âawesomness|keldeo your well trained
|c|âawesomness|lol
|c|âawesomness|oml
|c|âawesomness|stop
|
|switch|p2a: Scizor|Scizor, F|344\/344
|-enditem|p1a: Trevenant|Sitrus Berry|[eat]
|-heal|p1a: Trevenant|187\/374|[from] item: Sitrus Berry
|turn|20
|c|âawesomness|thats so stupid
|c|âawesomness|give me a break
|
|move|p2a: Scizor|U-turn|p1a: Trevenant
|-damage|p1a: Trevenant|63\/374
|
|switch|p2a: GODzilla|Tyranitar, F|99\/403 brn
|-weather|Sandstorm
|move|p1a: Trevenant|Confuse Ray|p2a: GODzilla
|-start|p2a: GODzilla|confusion
|
|-weather|Sandstorm|[upkeep]
|-damage|p1a: Trevenant|40\/374|[from] sandstorm
|-damage|p2a: GODzilla|49\/403 brn|[from] brn
|-item|p1a: Trevenant|Sitrus Berry|[from] ability: Harvest
|-enditem|p1a: Trevenant|Sitrus Berry|[eat]
|-heal|p1a: Trevenant|133\/374|[from] item: Sitrus Berry
|turn|21
|c|âawesomness|oml
|c|âawesomness|this is nonsence
|
|-activate|p2a: GODzilla|confusion
|-damage|p2a: GODzilla|34\/403 brn|[from] confusion
|move|p1a: Trevenant|Substitute|p1a: Trevenant
|-start|p1a: Trevenant|Substitute
|-damage|p1a: Trevenant|40\/374
|
|-weather|Sandstorm|[upkeep]
|-damage|p1a: Trevenant|17\/374|[from] sandstorm
|-damage|p2a: GODzilla|0 fnt|[from] brn
|-item|p1a: Trevenant|Sitrus Berry|[from] ability: Harvest
|faint|p2a: GODzilla
|c|âawesomness|wow
|c|âDiiSanchez|wats oml?
|
|switch|p2a: Scizor|Scizor, F|344\/344
|-enditem|p1a: Trevenant|Sitrus Berry|[eat]
|-heal|p1a: Trevenant|110\/374|[from] item: Sitrus Berry
|turn|22
|c|âawesomness|oh my lord
|
|move|p2a: Scizor|U-turn|p1a: Trevenant
|-end|p1a: Trevenant|Substitute
|c|âDiiSanchez|oh ok
|c|âawesomness|if you didn't harvest you would have died this turn
|
|switch|p2a: Thor|Zapdos|383\/383
|-ability|p2a: Thor|Pressure
|move|p1a: Trevenant|Confuse Ray|p2a: Thor
|-start|p2a: Thor|confusion
|
|-weather|Sandstorm|[upkeep]
|-damage|p2a: Thor|360\/383|[from] sandstorm
|-damage|p1a: Trevenant|87\/374|[from] sandstorm
|-heal|p2a: Thor|383\/383|[from] item: Leftovers
|-item|p1a: Trevenant|Sitrus Berry|[from] ability: Harvest
|-enditem|p1a: Trevenant|Sitrus Berry|[eat]
|-heal|p1a: Trevenant|180\/374|[from] item: Sitrus Berry
|turn|23
|c|âawesomness|and pls die
|c|âawesomness|this is why i hate stall
|c|âawesomness|and this luck
|c|âawesomness|stop
|c|âawesomness|how lucky can one get
|
|-activate|p2a: Thor|confusion
|move|p2a: Thor|Heat Wave|p1a: Trevenant
|-supereffective|p1a: Trevenant
|-damage|p1a: Trevenant|14\/374
|move|p1a: Trevenant|Will-O-Wisp|p2a: Thor
|-status|p2a: Thor|brn
|
|-weather|Sandstorm|[upkeep]
|-damage|p2a: Thor|360\/383 brn|[from] sandstorm
|-damage|p1a: Trevenant|0 fnt|[from] sandstorm
|-heal|p2a: Thor|383\/383 brn|[from] item: Leftovers
|-damage|p2a: Thor|336\/383 brn|[from] brn
|faint|p1a: Trevenant
|c|âawesomness|butn
|c|âawesomness|burn
|c|âawesomness|than lord
|c|âawesomness|finally
|
|switch|p1a: Chansey|Chansey, F|386\/704
|-damage|p1a: Chansey|298\/704|[from] Stealth Rock
|turn|24
|c|âDiiSanchez|he did woekim happy
|
|switch|p2a: Holy Molly|Excadrill, F|361\/361
|-item|p2a: Holy Molly|Air Balloon
|move|p1a: Chansey|Seismic Toss|p2a: Holy Molly
|-damage|p2a: Holy Molly|261\/361
|-enditem|p2a: Holy Molly|Air Balloon
|
|-weather|Sandstorm|[upkeep]
|-damage|p1a: Chansey|254\/704|[from] sandstorm
|turn|25
|c|âawesomness|its stiupid
|c|âawesomness|almost every time you harvested
|
|switch|p1a: Scizor|Scizor, F|344\/344
|-damage|p1a: Scizor|301\/344|[from] Stealth Rock
|move|p2a: Holy Molly|Swords Dance|p2a: Holy Molly
|-boost|p2a: Holy Molly|atk|2
|
|-weather|Sandstorm|[upkeep]
|-heal|p1a: Scizor|322\/344|[from] item: Leftovers
|turn|26
|c|âDiiSanchez|I have luck with him
|c|âawesomness|yea i see
|
|move|p2a: Holy Molly|Earthquake|p1a: Scizor
|-damage|p1a: Scizor|66\/344
|move|p1a: Scizor|Defog|p2a: Holy Molly
|-unboost|p2a: Holy Molly|evasion|1
|-sideend|p1: DiiSanchez|Stealth Rock|[from] move: Defog|[of] p1a: Scizor
|
|-weather|Sandstorm|[upkeep]
|-heal|p1a: Scizor|87\/344|[from] item: Leftovers
|turn|27
|
|switch|p1a: Landorus-Therian|Landorus-Therian, M|320\/320
|-ability|p1a: Landorus-Therian|Intimidate|[of] p2a: Holy Molly
|-unboost|p2a: Holy Molly|atk|1
|move|p2a: Holy Molly|Swords Dance|p2a: Holy Molly
|-boost|p2a: Holy Molly|atk|2
|
|-weather|none
|turn|28
|c|âawesomness|definetly not 50%
|c|âawesomness|more like 70
|
|move|p1a: Landorus-Therian|U-turn|p2a: Holy Molly
|-resisted|p2a: Holy Molly
|-damage|p2a: Holy Molly|188\/361
|c|âawesomness|picture it like you hit all those hypnosis in a row
|
|switch|p1a: Slowbro|Slowbro, F|393\/393
|move|p2a: Holy Molly|Iron Head|p1a: Slowbro
|-resisted|p1a: Slowbro
|-damage|p1a: Slowbro|262\/393
|
|turn|29
|
|move|p2a: Holy Molly|Iron Head|p1a: Slowbro
|-resisted|p1a: Slowbro
|-damage|p1a: Slowbro|138\/393
|cant|p1a: Slowbro|flinch
|
|turn|30
|c|âawesomness|justice
|c|âDiiSanchez|lol na
|c|âDiiSanchez|hypnosis dont work for shit for me
|c|âawesomness|i still can't win
|
|switch|p1a: Landorus-Therian|Landorus-Therian, M|320\/320
|-ability|p1a: Landorus-Therian|Intimidate|[of] p2a: Holy Molly
|-unboost|p2a: Holy Molly|atk|1
|move|p2a: Holy Molly|Rock Slide|p1a: Landorus-Therian
|-damage|p1a: Landorus-Therian|119\/320
|
|turn|31
|c|âawesomness|i can't hit focus blasts
|c|âawesomness|with wide lens
|
|switch|p2a: Scizor|Scizor, F|344\/344
|move|p1a: Landorus-Therian|Earthquake|p2a: Scizor
|-damage|p2a: Scizor|193\/344
|
|-heal|p2a: Scizor|214\/344|[from] item: Leftovers
|turn|32
|c|âDiiSanchez|U have to move last to get accuracy pump
|
|move|p1a: Landorus-Therian|Earthquake|p2a: Scizor
|-damage|p2a: Scizor|60\/344
|move|p2a: Scizor|U-turn|p1a: Landorus-Therian
|-resisted|p1a: Landorus-Therian
|-damage|p1a: Landorus-Therian|62\/320
|c|âawesomness|i put wide lens on my alakazam to hit and i miss more often than not
|
|switch|p2a: Thor|Zapdos|336\/383 brn
|-ability|p2a: Thor|Pressure
|
|-heal|p2a: Thor|359\/383 brn|[from] item: Leftovers
|-damage|p2a: Thor|312\/383 brn|[from] brn
|turn|33
|
|switch|p1a: Chansey|Chansey, F|254\/704
|switch|p2a: Holy Molly|Excadrill, F|188\/361
|
|turn|34
|c|âawesomness|got to go
|c|âawesomness|gg
|
|switch|p1a: Magnezone|Magnezone|343\/343
|-item|p1a: Magnezone|Air Balloon
|move|p2a: Holy Molly|Iron Head|p1a: Magnezone
|-resisted|p1a: Magnezone
|-damage|p1a: Magnezone|313\/343
|-enditem|p1a: Magnezone|Air Balloon
|
|turn|35
|c|âawesomness|wait after killing this
|
|move|p2a: Holy Molly|Iron Head|p1a: Magnezone
|-resisted|p1a: Magnezone
|-damage|p1a: Magnezone|279\/343
|cant|p1a: Magnezone|flinch
|
|turn|36
|
|move|p2a: Holy Molly|Iron Head|p1a: Magnezone
|-resisted|p1a: Magnezone
|-damage|p1a: Magnezone|245\/343
|move|p1a: Magnezone|Hidden Power|p2a: Holy Molly
|-supereffective|p2a: Holy Molly
|-damage|p2a: Holy Molly|0 fnt
|faint|p2a: Holy Molly
|
|c|âawesomness|bye
|c|âawesomness|gg
|-message|awesomness forfeited.
|leave|awesomness
|c|âDiiSanchez|gg
|
|win|DiiSanchez
|raw|Ladder updating...
|player|p2
|raw|DiiSanchez's rating: 1212 &rarr; <strong>1239<\/strong><br \/>(+27 for winning)
|raw|awesomness's rating: 1238 &rarr; <strong>1211<\/strong><br \/>(-27 for losing)