|join|awesomness
|join|Ethereal Ellein
|player|p1|awesomness|80
|player|p2|Ethereal Ellein|211
|gametype|singles
|gen|6
|tier|OU (suspect test)
|rated
|clearpoke
|poke|p1|Dragonite, M
|poke|p1|Smeargle, F
|poke|p1|Magnezone
|poke|p1|Azumarill, F
|poke|p1|Charizard, M
|poke|p1|Mew
|poke|p2|Altaria, F
|poke|p2|Goodra, F, shiny
|poke|p2|Gardevoir, F, shiny
|poke|p2|Absol, F, shiny
|poke|p2|Swanna, F
|poke|p2|Regice
|rule|Swagger Clause: Swagger is banned
|rule|Baton Pass Clause: Limit one PokÃ©mon knowing Baton Pass
|rule|Sleep Clause Mod: Limit one foe put to sleep
|rule|Species Clause: Limit one of each PokÃ©mon
|rule|OHKO Clause: OHKO moves are banned
|rule|Moody Clause: Moody is banned
|rule|Evasion Moves Clause: Evasion moves are banned
|rule|Endless Battle Clause: Forcing endless battles is banned
|rule|HP Percentage Mod: HP is shown in percentages
|teampreview
|
|start
|switch|p1a: Smeargle|Smeargle, F|313\/313
|switch|p2a: Shinia|Goodra, F, shiny|321\/321
|turn|1
|
|move|p1a: Smeargle|Stealth Rock|p2a: Shinia
|-sidestart|p2: Ethereal Ellein|move: Stealth Rock
|move|p2a: Shinia|Earthquake|p1a: Smeargle
|-enditem|p1a: Smeargle|Focus Sash
|-damage|p1a: Smeargle|1\/313
|-damage|p2a: Shinia|289\/321|[from] item: Life Orb
|
|turn|2
|
|move|p1a: Smeargle|Parting Shot|p2a: Shinia
|-unboost|p2a: Shinia|atk|1
|-unboost|p2a: Shinia|spa|1
|
|switch|p1a: Charizard|Charizard, M|297\/297
|move|p2a: Shinia|Dragon Tail|p1a: Charizard
|-damage|p1a: Charizard|194\/297
|-damage|p2a: Shinia|257\/321|[from] item: Life Orb
|drag|p1a: Magnezone|Magnezone|281\/281
|
|turn|3
|
|move|p1a: Magnezone|Volt Switch|p2a: Shinia
|-resisted|p2a: Shinia
|-damage|p2a: Shinia|217\/321
|
|switch|p1a: Mew|Mew|404\/404
|move|p2a: Shinia|Draco Meteor|p1a: Mew
|-damage|p1a: Mew|270\/404
|-unboost|p2a: Shinia|spa|2
|-damage|p2a: Shinia|185\/321|[from] item: Life Orb
|
|-heal|p1a: Mew|295\/404|[from] item: Leftovers
|turn|4
|
|switch|p2a: Soulaura|Absol, F, shiny|334\/334
|-damage|p2a: Soulaura|293\/334|[from] Stealth Rock
|move|p1a: Mew|Will-O-Wisp|p2a: Soulaura|[miss]
|-miss|p1a: Mew|p2a: Soulaura
|
|-heal|p1a: Mew|320\/404|[from] item: Leftovers
|turn|5
|
|switch|p1a: Smeargle|Smeargle, F|1\/313
|move|p2a: Soulaura|Swords Dance|p2a: Soulaura
|-boost|p2a: Soulaura|atk|2
|
|turn|6
|
|move|p1a: Smeargle|Spore|p2a: Soulaura
|-status|p2a: Soulaura|slp
|cant|p2a: Soulaura|slp
|
|turn|7
|
|move|p1a: Smeargle|Sticky Web|p2a: Soulaura
|-sidestart|p2: Ethereal Ellein|move: Sticky Web
|cant|p2a: Soulaura|slp
|
|turn|8
|
|move|p1a: Smeargle|Parting Shot|p2a: Soulaura
|-unboost|p2a: Soulaura|atk|1
|-unboost|p2a: Soulaura|spa|1
|
|switch|p1a: Azumarill|Azumarill, F|403\/403
|cant|p2a: Soulaura|slp
|
|turn|9
|
|-curestatus|p2a: Soulaura|slp
|move|p2a: Soulaura|Play Rough|p1a: Azumarill
|-damage|p1a: Azumarill|217\/403
|move|p1a: Azumarill|Play Rough|p2a: Soulaura
|-supereffective|p2a: Soulaura
|-damage|p2a: Soulaura|0 fnt
|faint|p2a: Soulaura
|
|
|switch|p2a: Elliean|Gardevoir, F, shiny|277\/277
|-damage|p2a: Elliean|243\/277|[from] Stealth Rock
|-activate|p2a: Elliean|move: Sticky Web
|-unboost|p2a: Elliean|spe|1
|-ability|p2a: Elliean|Huge Power|[from] ability: Trace|[of] p1a: Azumarill
|turn|10
|
|switch|p1a: Smeargle|Smeargle, F|1\/313
|move|p2a: Elliean|Energy Ball|p1a: Smeargle
|-damage|p1a: Smeargle|0 fnt
|faint|p1a: Smeargle
|
|
|switch|p1a: Magnezone|Magnezone|281\/281
|turn|11
|
|switch|p2a: Winganna|Swanna, F|310\/310
|-damage|p2a: Winganna|233\/310|[from] Stealth Rock
|move|p1a: Magnezone|Volt Switch|p2a: Winganna
|-supereffective|p2a: Winganna
|-damage|p2a: Winganna|0 fnt
|faint|p2a: Winganna
|
|switch|p1a: Azumarill|Azumarill, F|217\/403
|
|
|switch|p2a: Refletoria|Regice|301\/301
|-activate|p2a: Refletoria|move: Sticky Web
|-fail|p2a: Refletoria|unboost|[from] ability: Clear Body|[of] p2a: Refletoria
|-damage|p2a: Refletoria|226\/301|[from] Stealth Rock
|turn|12
|
|move|p1a: Azumarill|Play Rough|p2a: Refletoria
|-damage|p2a: Refletoria|79\/301
|move|p2a: Refletoria|Charge Beam|p1a: Azumarill
|-crit|p1a: Azumarill
|-supereffective|p1a: Azumarill
|-damage|p1a: Azumarill|89\/403
|-boost|p2a: Refletoria|spa|1
|
|turn|13
|
|move|p1a: Azumarill|Waterfall|p2a: Refletoria
|-damage|p2a: Refletoria|0 fnt
|faint|p2a: Refletoria
|
|
|switch|p2a: Elliean|Gardevoir, F, shiny|243\/277
|-activate|p2a: Elliean|move: Sticky Web
|-unboost|p2a: Elliean|spe|1
|-damage|p2a: Elliean|209\/277|[from] Stealth Rock
|-ability|p2a: Elliean|Huge Power|[from] ability: Trace|[of] p1a: Azumarill
|turn|14
|
|switch|p1a: Magnezone|Magnezone|281\/281
|move|p2a: Elliean|Moonblast|p1a: Magnezone
|-crit|p1a: Magnezone
|-resisted|p1a: Magnezone
|-damage|p1a: Magnezone|152\/281
|-unboost|p1a: Magnezone|spa|1
|
|turn|15
|
|move|p1a: Magnezone|Flash Cannon|p2a: Elliean
|-supereffective|p2a: Elliean
|-damage|p2a: Elliean|45\/277
|move|p2a: Elliean|Moonblast|p1a: Magnezone
|-resisted|p1a: Magnezone
|-damage|p1a: Magnezone|64\/281
|-unboost|p1a: Magnezone|spa|1
|
|turn|16
|
|move|p1a: Magnezone|Flash Cannon|p2a: Elliean
|-supereffective|p2a: Elliean
|-damage|p2a: Elliean|0 fnt
|faint|p2a: Elliean
|
|
|switch|p2a: Celestia|Altaria, F|353\/353
|-damage|p2a: Celestia|265\/353|[from] Stealth Rock
|-ability|p2a: Celestia|Cloud Nine
|turn|17
|
|switch|p1a: Dragonite|Dragonite, M|323\/323
|move|p2a: Celestia|Dragon Dance|p2a: Celestia
|-boost|p2a: Celestia|atk|1
|-boost|p2a: Celestia|spe|1
|
|turn|18
|
|detailschange|p2a: Celestia|Altaria-Mega, F
|-mega|p2a: Celestia|Altaria|Altarianite
|move|p2a: Celestia|Dragon Dance|p2a: Celestia
|-boost|p2a: Celestia|atk|1
|-boost|p2a: Celestia|spe|1
|move|p1a: Dragonite|Earthquake|p2a: Celestia
|-damage|p2a: Celestia|114\/353
|
|turn|19
|
|switch|p1a: Mew|Mew|320\/404
|move|p2a: Celestia|Roost|p2a: Celestia
|-heal|p2a: Celestia|291\/353
|
|-heal|p1a: Mew|345\/404|[from] item: Leftovers
|turn|20
|
|move|p2a: Celestia|Return|p1a: Mew
|-damage|p1a: Mew|86\/404
|move|p1a: Mew|Will-O-Wisp|p2a: Celestia
|-status|p2a: Celestia|brn
|
|-heal|p1a: Mew|111\/404|[from] item: Leftovers
|-damage|p2a: Celestia|247\/353 brn|[from] brn
|turn|21
|
|move|p2a: Celestia|Dragon Dance|p2a: Celestia
|-boost|p2a: Celestia|atk|1
|-boost|p2a: Celestia|spe|1
|move|p1a: Mew|Roost|p1a: Mew
|-heal|p1a: Mew|313\/404
|
|-heal|p1a: Mew|338\/404|[from] item: Leftovers
|-damage|p2a: Celestia|203\/353 brn|[from] brn
|turn|22
|
|switch|p1a: Magnezone|Magnezone|64\/281
|move|p2a: Celestia|Roost|p2a: Celestia
|-heal|p2a: Celestia|353\/353 brn
|
|-damage|p2a: Celestia|309\/353 brn|[from] brn
|turn|23
|
|move|p2a: Celestia|Return|p1a: Magnezone
|-resisted|p1a: Magnezone
|-damage|p1a: Magnezone|0 fnt
|faint|p1a: Magnezone
|
|-damage|p2a: Celestia|265\/353 brn|[from] brn
|
|switch|p1a: Charizard|Charizard, M|194\/297
|turn|24
|
|detailschange|p1a: Charizard|Charizard-Mega-Y, M
|-mega|p1a: Charizard|Charizard|Charizardite Y
|-weather|SunnyDay
|move|p2a: Celestia|Dragon Dance|p2a: Celestia
|-boost|p2a: Celestia|atk|1
|-boost|p2a: Celestia|spe|1
|move|p1a: Charizard|Fire Blast|p2a: Celestia|[miss]
|-miss|p1a: Charizard|p2a: Celestia
|
|-weather|SunnyDay|[upkeep]
|-damage|p2a: Celestia|221\/353 brn|[from] brn
|turn|25
|
|move|p2a: Celestia|Roost|p2a: Celestia
|-heal|p2a: Celestia|353\/353 brn
|move|p1a: Charizard|Fire Blast|p2a: Celestia
|-crit|p2a: Celestia
|-resisted|p2a: Celestia
|-damage|p2a: Celestia|115\/353 brn
|
|-weather|SunnyDay|[upkeep]
|-damage|p2a: Celestia|71\/353 brn|[from] brn
|turn|26
|
|move|p2a: Celestia|Roost|p2a: Celestia
|-heal|p2a: Celestia|248\/353 brn
|move|p1a: Charizard|Fire Blast|p2a: Celestia|[miss]
|-miss|p1a: Charizard|p2a: Celestia
|
|-weather|SunnyDay|[upkeep]
|-damage|p2a: Celestia|204\/353 brn|[from] brn
|turn|27
|
|move|p2a: Celestia|Roost|p2a: Celestia
|-heal|p2a: Celestia|353\/353 brn
|move|p1a: Charizard|Fire Blast|p2a: Celestia
|-resisted|p2a: Celestia
|-damage|p2a: Celestia|185\/353 brn
|
|-weather|SunnyDay|[upkeep]
|-damage|p2a: Celestia|141\/353 brn|[from] brn
|turn|28
|
|move|p2a: Celestia|Roost|p2a: Celestia
|-heal|p2a: Celestia|318\/353 brn
|move|p1a: Charizard|Fire Blast|p2a: Celestia
|-resisted|p2a: Celestia
|-damage|p2a: Celestia|161\/353 brn
|
|-weather|none
|-damage|p2a: Celestia|117\/353 brn|[from] brn
|turn|29
|
|switch|p1a: Dragonite|Dragonite, M|323\/323
|move|p2a: Celestia|Roost|p2a: Celestia
|-heal|p2a: Celestia|294\/353 brn
|
|-damage|p2a: Celestia|250\/353 brn|[from] brn
|turn|30
|
|switch|p1a: Azumarill|Azumarill, F|89\/403
|move|p2a: Celestia|Return|p1a: Azumarill
|-damage|p1a: Azumarill|0 fnt
|faint|p1a: Azumarill
|
|-damage|p2a: Celestia|206\/353 brn|[from] brn
|
|switch|p1a: Charizard|Charizard-Mega-Y, M|194\/297
|-weather|SunnyDay
|turn|31
|
|move|p2a: Celestia|Roost|p2a: Celestia
|-heal|p2a: Celestia|353\/353 brn
|move|p1a: Charizard|Fire Blast|p2a: Celestia
|-resisted|p2a: Celestia
|-damage|p2a: Celestia|176\/353 brn
|
|-weather|SunnyDay|[upkeep]
|-damage|p2a: Celestia|132\/353 brn|[from] brn
|turn|32
|
|move|p2a: Celestia|Roost|p2a: Celestia
|-heal|p2a: Celestia|309\/353 brn
|move|p1a: Charizard|Solar Beam|p2a: Celestia|[still]
|-prepare|p1a: Charizard|Solar Beam|p2a: Celestia
|-anim|p1a: Charizard|Solar Beam|p2a: Celestia
|-resisted|p2a: Celestia
|-damage|p2a: Celestia|226\/353 brn
|
|-weather|SunnyDay|[upkeep]
|-damage|p2a: Celestia|182\/353 brn|[from] brn
|turn|33
|
|move|p2a: Celestia|Roost|p2a: Celestia
|-heal|p2a: Celestia|353\/353 brn
|move|p1a: Charizard|Solar Beam|p2a: Celestia|[still]
|-prepare|p1a: Charizard|Solar Beam|p2a: Celestia
|-anim|p1a: Charizard|Solar Beam|p2a: Celestia
|-resisted|p2a: Celestia
|-damage|p2a: Celestia|267\/353 brn
|
|-weather|SunnyDay|[upkeep]
|-damage|p2a: Celestia|223\/353 brn|[from] brn
|turn|34
|
|move|p2a: Celestia|Return|p1a: Charizard
|-resisted|p1a: Charizard
|-damage|p1a: Charizard|35\/297
|move|p1a: Charizard|Solar Beam|p2a: Celestia|[still]
|-prepare|p1a: Charizard|Solar Beam|p2a: Celestia
|-anim|p1a: Charizard|Solar Beam|p2a: Celestia
|-resisted|p2a: Celestia
|-damage|p2a: Celestia|137\/353 brn
|
|-weather|SunnyDay|[upkeep]
|-damage|p2a: Celestia|93\/353 brn|[from] brn
|turn|35
|
|move|p2a: Celestia|Roost|p2a: Celestia
|-heal|p2a: Celestia|270\/353 brn
|move|p1a: Charizard|Fire Blast|p2a: Celestia
|-resisted|p2a: Celestia
|-damage|p2a: Celestia|119\/353 brn
|
|-weather|none
|-damage|p2a: Celestia|75\/353 brn|[from] brn
|turn|36
|
|switch|p1a: Dragonite|Dragonite, M|323\/323
|move|p2a: Celestia|Roost|p2a: Celestia
|-heal|p2a: Celestia|252\/353 brn
|
|-damage|p2a: Celestia|208\/353 brn|[from] brn
|turn|37
|
|move|p1a: Dragonite|Extreme Speed|p2a: Celestia
|-damage|p2a: Celestia|86\/353 brn
|move|p2a: Celestia|Roost|p2a: Celestia
|-heal|p2a: Celestia|263\/353 brn
|
|-damage|p2a: Celestia|219\/353 brn|[from] brn
|turn|38
|
|switch|p1a: Mew|Mew|338\/404
|move|p2a: Celestia|Roost|p2a: Celestia
|-heal|p2a: Celestia|353\/353 brn
|
|-heal|p1a: Mew|363\/404|[from] item: Leftovers
|-damage|p2a: Celestia|309\/353 brn|[from] brn
|turn|39
|
|move|p2a: Celestia|Return|p1a: Mew
|-damage|p1a: Mew|176\/404
|move|p1a: Mew|Knock Off|p2a: Celestia
|-resisted|p2a: Celestia
|-damage|p2a: Celestia|293\/353 brn
|
|-heal|p1a: Mew|201\/404|[from] item: Leftovers
|-damage|p2a: Celestia|249\/353 brn|[from] brn
|turn|40
|
|move|p2a: Celestia|Dragon Dance|p2a: Celestia
|-boost|p2a: Celestia|atk|1
|-boost|p2a: Celestia|spe|1
|move|p1a: Mew|Roost|p1a: Mew
|-heal|p1a: Mew|403\/404
|
|-heal|p1a: Mew|404\/404|[from] item: Leftovers
|-damage|p2a: Celestia|205\/353 brn|[from] brn
|turn|41
|
|switch|p1a: Charizard|Charizard-Mega-Y, M|35\/297
|-weather|SunnyDay
|move|p2a: Celestia|Dragon Dance|p2a: Celestia
|-boost|p2a: Celestia|atk|1
|-boost|p2a: Celestia|spe|1
|
|-weather|SunnyDay|[upkeep]
|-damage|p2a: Celestia|161\/353 brn|[from] brn
|turn|42
|
|move|p2a: Celestia|Roost|p2a: Celestia
|-heal|p2a: Celestia|338\/353 brn
|move|p1a: Charizard|Fire Blast|p2a: Celestia
|-resisted|p2a: Celestia
|-damage|p2a: Celestia|188\/353 brn
|
|-weather|SunnyDay|[upkeep]
|-damage|p2a: Celestia|144\/353 brn|[from] brn
|turn|43
|
|move|p2a: Celestia|Roost|p2a: Celestia
|-heal|p2a: Celestia|321\/353 brn
|move|p1a: Charizard|Solar Beam|p2a: Celestia|[still]
|-prepare|p1a: Charizard|Solar Beam|p2a: Celestia
|-anim|p1a: Charizard|Solar Beam|p2a: Celestia
|-resisted|p2a: Celestia
|-damage|p2a: Celestia|241\/353 brn
|
|-weather|SunnyDay|[upkeep]
|-damage|p2a: Celestia|197\/353 brn|[from] brn
|turn|44
|
|move|p2a: Celestia|Return|p1a: Charizard
|-resisted|p1a: Charizard
|-damage|p1a: Charizard|0 fnt
|faint|p1a: Charizard
|
|-weather|SunnyDay|[upkeep]
|-damage|p2a: Celestia|153\/353 brn|[from] brn
|
|switch|p1a: Dragonite|Dragonite, M|323\/323
|turn|45
|
|move|p2a: Celestia|Return|p1a: Dragonite
|-supereffective|p1a: Dragonite
|-damage|p1a: Dragonite|0 fnt
|faint|p1a: Dragonite
|
|-weather|none
|-damage|p2a: Celestia|109\/353 brn|[from] brn
|
|switch|p1a: Mew|Mew|404\/404
|turn|46
|
|move|p2a: Celestia|Return|p1a: Mew
|-damage|p1a: Mew|176\/404
|move|p1a: Mew|Knock Off|p2a: Celestia
|-resisted|p2a: Celestia
|-damage|p2a: Celestia|93\/353 brn
|
|-heal|p1a: Mew|201\/404|[from] item: Leftovers
|-damage|p2a: Celestia|49\/353 brn|[from] brn
|turn|47
|leave|awesomness
|player|p1
|join|awesomness
|player|p1|awesomness|80
|
|move|p2a: Celestia|Return|p1a: Mew
|-damage|p1a: Mew|0 fnt
|faint|p1a: Mew
|
|win|Ethereal Ellein
|raw|Ladder updating...
|c|âEthereal Ellein|GG
|raw|awesomness's rating: 1154 &rarr; <strong>1127<\/strong><br \/>(-27 for losing)
|raw|Ethereal Ellein's rating: 1115 &rarr; <strong>1143<\/strong><br \/>(+28 for winning)
|c|âawesomness|gg
|c|âawesomness|the hax in the brgining tho
|leave|awesomness
|player|p1
|c|âEthereal Ellein|Where? Haha