|join|Ace 'O Shadows
|join|DeeTrain
|player|p1|Ace 'O Shadows|290
|player|p2|DeeTrain|169
|gametype|singles
|gen|6
|tier|ORAS OU
|rated
|rule|Sleep Clause Mod: Limit one foe put to sleep
|rule|Species Clause: Limit one of each PokÃ©mon
|rule|OHKO Clause: OHKO moves are banned
|rule|Moody Clause: Moody is banned
|rule|Evasion Moves Clause: Evasion moves are banned
|rule|Endless Battle Clause: Forcing endless battles is banned
|rule|HP Percentage Mod: HP is shown in percentages
|clearpoke
|poke|p1|Politoed, F
|poke|p1|Ferrothorn, M
|poke|p1|Latias, F
|poke|p1|Tornadus-Therian, M
|poke|p1|Thundurus, M
|poke|p1|Swampert, F
|poke|p2|Sceptile, F
|poke|p2|Greninja, F
|poke|p2|Mamoswine, F
|poke|p2|Terrakion
|poke|p2|Excadrill, F
|poke|p2|Talonflame, M
|rule|Swagger Clause: Swagger is banned
|rule|Baton Pass Clause: Limit one PokÃ©mon knowing Baton Pass
|teampreview
|
|start
|switch|p1a: Tornadus-Therian|Tornadus-Therian, M|299\/299
|switch|p2a: Terrakion|Terrakion|323\/323
|turn|1
|
|move|p1a: Tornadus-Therian|U-turn|p2a: Terrakion
|-resisted|p2a: Terrakion
|-damage|p2a: Terrakion|281\/323
|-damage|p1a: Tornadus-Therian|270\/299|[from] item: Life Orb
|
|switch|p1a: Latias|Latias, F|319\/319
|move|p2a: Terrakion|Stealth Rock|p1a: Latias
|-sidestart|p1: Ace 'O Shadows|move: Stealth Rock
|
|turn|2
|
|move|p1a: Latias|Defog|p2a: Terrakion
|-unboost|p2a: Terrakion|evasion|1
|-sideend|p1: Ace 'O Shadows|Stealth Rock|[from] move: Defog|[of] p1a: Latias
|move|p2a: Terrakion|Stone Edge|p1a: Latias
|-damage|p1a: Latias|139\/319
|
|-heal|p1a: Latias|158\/319|[from] item: Leftovers
|turn|3
|
|switch|p2a: Excadrill|Excadrill, F|369\/369
|-ability|p2a: Excadrill|Mold Breaker
|move|p1a: Latias|Roost|p1a: Latias
|-heal|p1a: Latias|318\/319
|
|-heal|p1a: Latias|319\/319|[from] item: Leftovers
|turn|4
|
|switch|p1a: Politoed|Politoed, F|383\/383
|-weather|RainDance
|move|p2a: Excadrill|Earthquake|p1a: Politoed
|-damage|p1a: Politoed|145\/383
|
|-weather|RainDance|[upkeep]
|turn|5
|
|switch|p2a: Greninja|Greninja, F|285\/285
|switch|p1a: Tornadus-Therian|Tornadus-Therian, M|299\/299
|
|-weather|RainDance|[upkeep]
|turn|6
|
|move|p2a: Greninja|Ice Beam|p1a: Tornadus-Therian
|-start|p2a: Greninja|typechange|Ice|[from] Protean
|-supereffective|p1a: Tornadus-Therian
|-damage|p1a: Tornadus-Therian|0 fnt
|-damage|p2a: Greninja|257\/285|[from] item: Life Orb
|faint|p1a: Tornadus-Therian
|
|-weather|RainDance|[upkeep]
|
|switch|p1a: Swampert|Swampert, F|366\/366
|turn|7
|
|detailschange|p1a: Swampert|Swampert-Mega, F
|message|Swampert has Mega Evolved into Mega Swampert!
|move|p2a: Greninja|Hydro Pump|p1a: Swampert|[miss]
|-start|p2a: Greninja|typechange|Water|[from] Protean
|-miss|p2a: Greninja|p1a: Swampert
|move|p1a: Swampert|Earthquake|p2a: Greninja
|-crit|p2a: Greninja
|-damage|p2a: Greninja|0 fnt
|faint|p2a: Greninja
|
|-weather|RainDance|[upkeep]
|
|switch|p2a: Talonflame|Talonflame, M|319\/319
|turn|8
|
|move|p2a: Talonflame|Tailwind|p2a: Talonflame
|-sidestart|p2: DeeTrain|move: Tailwind
|move|p1a: Swampert|Waterfall|p2a: Talonflame
|-supereffective|p2a: Talonflame
|-damage|p2a: Talonflame|0 fnt
|faint|p2a: Talonflame
|
|-weather|RainDance|[upkeep]
|
|switch|p2a: Sceptile|Sceptile, F|281\/281
|turn|9
|
|switch|p1a: Ferrothorn|Ferrothorn, M|352\/352
|detailschange|p2a: Sceptile|Sceptile-Mega, F
|message|Sceptile has Mega Evolved into Mega Sceptile!
|move|p2a: Sceptile|Giga Drain|p1a: Ferrothorn
|-resisted|p1a: Ferrothorn
|-damage|p1a: Ferrothorn|327\/352
|
|-weather|RainDance|[upkeep]
|-heal|p1a: Ferrothorn|349\/352|[from] item: Leftovers
|turn|10
|
|move|p2a: Sceptile|Focus Blast|p1a: Ferrothorn|[miss]
|-miss|p2a: Sceptile|p1a: Ferrothorn
|move|p1a: Ferrothorn|Stealth Rock|p2a: Sceptile
|-sidestart|p2: DeeTrain|move: Stealth Rock
|
|-weather|RainDance|[upkeep]
|-heal|p1a: Ferrothorn|352\/352|[from] item: Leftovers
|turn|11
|
|switch|p1a: Latias|Latias, F|319\/319
|move|p2a: Sceptile|Focus Blast|p1a: Latias|[miss]
|-miss|p2a: Sceptile|p1a: Latias
|
|-weather|none
|-sideend|p2: DeeTrain|move: Tailwind
|turn|12
|
|switch|p1a: Politoed|Politoed, F|145\/383
|-weather|RainDance
|move|p2a: Sceptile|Dragon Pulse|p1a: Politoed
|-damage|p1a: Politoed|27\/383
|
|-weather|RainDance|[upkeep]
|turn|13
|
|move|p2a: Sceptile|Dragon Pulse|p1a: Politoed
|-damage|p1a: Politoed|0 fnt
|faint|p1a: Politoed
|
|-weather|RainDance|[upkeep]
|
|switch|p1a: Swampert|Swampert-Mega, F|366\/366
|turn|14
|
|move|p1a: Swampert|Ice Punch|p2a: Sceptile
|-supereffective|p2a: Sceptile
|-damage|p2a: Sceptile|0 fnt
|faint|p2a: Sceptile
|
|-weather|RainDance|[upkeep]
|
|switch|p2a: Excadrill|Excadrill, F|369\/369
|-damage|p2a: Excadrill|358\/369|[from] Stealth Rock
|-ability|p2a: Excadrill|Mold Breaker
|turn|15
|
|move|p2a: Excadrill|Earthquake|p1a: Swampert
|-damage|p1a: Swampert|200\/366
|move|p1a: Swampert|Earthquake|p2a: Excadrill
|-supereffective|p2a: Excadrill
|-damage|p2a: Excadrill|0 fnt
|faint|p2a: Excadrill
|
|-weather|RainDance|[upkeep]
|
|switch|p2a: Mamoswine|Mamoswine, F|361\/361
|-damage|p2a: Mamoswine|316\/361|[from] Stealth Rock
|turn|16
|
|move|p2a: Mamoswine|Ice Shard|p1a: Swampert
|-damage|p1a: Swampert|122\/366
|-damage|p2a: Mamoswine|280\/361|[from] item: Life Orb
|move|p1a: Swampert|Waterfall|p2a: Mamoswine
|-supereffective|p2a: Mamoswine
|-damage|p2a: Mamoswine|0 fnt
|faint|p2a: Mamoswine
|
|-weather|RainDance|[upkeep]
|
|switch|p2a: Terrakion|Terrakion|281\/323
|-damage|p2a: Terrakion|261\/323|[from] Stealth Rock
|turn|17
|
|move|p1a: Swampert|Waterfall|p2a: Terrakion
|-supereffective|p2a: Terrakion
|-damage|p2a: Terrakion|0 fnt
|faint|p2a: Terrakion
|
|win|Ace 'O Shadows
|raw|Ladder updating...
|raw|Ace &apos;O Shadows's rating: 1137 &rarr; <strong>1170<\/strong><br \/>(+33 for winning)
|raw|DeeTrain's rating: 1243 &rarr; <strong>1211<\/strong><br \/>(-32 for losing)
|c|âAce 'O Shadows|gg