|join|DeeTrain
|join|SlurpuffIzFood
|player|p1|DeeTrain|2
|player|p2|SlurpuffIzFood|172
|gametype|singles
|gen|6
|tier|ORAS OU
|rated
|rule|Sleep Clause Mod: Limit one foe put to sleep
|rule|Species Clause: Limit one of each PokÃ©mon
|rule|OHKO Clause: OHKO moves are banned
|rule|Moody Clause: Moody is banned
|rule|Evasion Moves Clause: Evasion moves are banned
|rule|Endless Battle Clause: Forcing endless battles is banned
|rule|HP Percentage Mod: HP is shown in percentages
|clearpoke
|poke|p1|Thundurus, M
|poke|p1|Greninja, F, shiny
|poke|p1|Salamence, M
|poke|p1|Skarmory, F, shiny
|poke|p1|Infernape, F
|poke|p1|Mamoswine, M
|poke|p2|Swampert, F
|poke|p2|Politoed, F
|poke|p2|Ferrothorn, F
|poke|p2|Gothitelle, F
|poke|p2|Omastar, M
|poke|p2|Dragonite, F
|rule|Swagger Clause: Swagger is banned
|rule|Baton Pass Clause: Limit one PokÃ©mon knowing Baton Pass
|teampreview
|
|start
|switch|p1a: Skarmory|Skarmory, F, shiny|331\/331
|switch|p2a: Inb4 hpfire|Ferrothorn, F|352\/352
|turn|1
|
|move|p1a: Skarmory|Stealth Rock|p2a: Inb4 hpfire
|-sidestart|p2: SlurpuffIzFood|move: Stealth Rock
|move|p2a: Inb4 hpfire|Stealth Rock|p1a: Skarmory
|-sidestart|p1: DeeTrain|move: Stealth Rock
|
|turn|2
|
|switch|p1a: Infernape|Infernape, F|293\/293
|-damage|p1a: Infernape|257\/293|[from] Stealth Rock
|move|p2a: Inb4 hpfire|Leech Seed|p1a: Infernape|[miss]
|-miss|p2a: Inb4 hpfire|p1a: Infernape
|
|turn|3
|
|switch|p1a: Greninja|Greninja, F, shiny|285\/285
|-damage|p1a: Greninja|250\/285|[from] Stealth Rock
|switch|p2a: Shitfrog|Politoed, F|383\/383
|-damage|p2a: Shitfrog|336\/383|[from] Stealth Rock
|-weather|RainDance
|
|-weather|RainDance|[upkeep]
|turn|4
|
|switch|p2a: Inb4 hpfire|Ferrothorn, F|352\/352
|-damage|p2a: Inb4 hpfire|330\/352|[from] Stealth Rock
|move|p1a: Greninja|Gunk Shot|p2a: Inb4 hpfire
|-start|p1a: Greninja|typechange|Poison|[from] Protean
|-immune|p2a: Inb4 hpfire|[msg]
|
|-weather|RainDance|[upkeep]
|-heal|p2a: Inb4 hpfire|352\/352|[from] item: Leftovers
|turn|5
|
|switch|p1a: Infernape|Infernape, F|257\/293
|-damage|p1a: Infernape|221\/293|[from] Stealth Rock
|move|p2a: Inb4 hpfire|Leech Seed|p1a: Infernape
|-start|p1a: Infernape|move: Leech Seed
|
|-weather|RainDance|[upkeep]
|-damage|p1a: Infernape|185\/293|[from] Leech Seed|[of] p2a: Inb4 hpfire
|turn|6
|
|move|p2a: Inb4 hpfire|Protect|p2a: Inb4 hpfire
|-singleturn|p2a: Inb4 hpfire|Protect
|move|p1a: Infernape|Close Combat|p2a: Inb4 hpfire
|-activate|p2a: Inb4 hpfire|Protect
|
|-weather|RainDance|[upkeep]
|-damage|p1a: Infernape|149\/293|[from] Leech Seed|[of] p2a: Inb4 hpfire
|turn|7
|
|switch|p1a: Salamence|Salamence, M|335\/335
|-damage|p1a: Salamence|252\/335|[from] Stealth Rock
|-ability|p1a: Salamence|Intimidate|[of] p2a: Inb4 hpfire
|-unboost|p2a: Inb4 hpfire|atk|1
|move|p2a: Inb4 hpfire|Gyro Ball|p1a: Salamence
|-damage|p1a: Salamence|122\/335
|
|-weather|RainDance|[upkeep]
|turn|8
|
|detailschange|p1a: Salamence|Salamence-Mega, M
|message|Salamence has Mega Evolved into Mega Salamence!
|move|p1a: Salamence|Fire Blast|p2a: Inb4 hpfire|[miss]
|-miss|p1a: Salamence|p2a: Inb4 hpfire
|move|p2a: Inb4 hpfire|Gyro Ball|p1a: Salamence
|-damage|p1a: Salamence|38\/335
|
|-weather|RainDance|[upkeep]
|turn|9
|
|move|p1a: Salamence|Fire Blast|p2a: Inb4 hpfire
|-supereffective|p2a: Inb4 hpfire
|-damage|p2a: Inb4 hpfire|184\/352
|move|p2a: Inb4 hpfire|Gyro Ball|p1a: Salamence
|-damage|p1a: Salamence|0 fnt
|faint|p1a: Salamence
|
|-weather|RainDance|[upkeep]
|-heal|p2a: Inb4 hpfire|206\/352|[from] item: Leftovers
|
|switch|p1a: Infernape|Infernape, F|149\/293
|-damage|p1a: Infernape|113\/293|[from] Stealth Rock
|turn|10
|
|move|p2a: Inb4 hpfire|Protect|p2a: Inb4 hpfire
|-singleturn|p2a: Inb4 hpfire|Protect
|move|p1a: Infernape|Close Combat|p2a: Inb4 hpfire
|-activate|p2a: Inb4 hpfire|Protect
|
|-weather|none
|-heal|p2a: Inb4 hpfire|228\/352|[from] item: Leftovers
|turn|11
|
|switch|p2a: Sorry ;.;|Gothitelle, F|281\/281
|-damage|p2a: Sorry ;.;|246\/281|[from] Stealth Rock
|move|p1a: Infernape|Close Combat|p2a: Sorry ;.;
|-resisted|p2a: Sorry ;.;
|-damage|p2a: Sorry ;.;|133\/281
|-unboost|p1a: Infernape|def|1
|-unboost|p1a: Infernape|spd|1
|-damage|p1a: Infernape|84\/293|[from] item: Life Orb
|
|turn|12
|
|switch|p2a: Shitfrog|Politoed, F|336\/383
|-damage|p2a: Shitfrog|289\/383|[from] Stealth Rock
|-weather|RainDance
|move|p1a: Infernape|Overheat|p2a: Shitfrog
|-resisted|p2a: Shitfrog
|-damage|p2a: Shitfrog|246\/383
|-unboost|p1a: Infernape|spa|2
|-damage|p1a: Infernape|55\/293|[from] item: Life Orb
|
|-weather|RainDance|[upkeep]
|turn|13
|
|switch|p2a: Banded-As-Fk|Dragonite, F|323\/323
|-damage|p2a: Banded-As-Fk|243\/323|[from] Stealth Rock
|move|p1a: Infernape|Close Combat|p2a: Banded-As-Fk
|-resisted|p2a: Banded-As-Fk
|-damage|p2a: Banded-As-Fk|118\/323
|-unboost|p1a: Infernape|def|1
|-unboost|p1a: Infernape|spd|1
|-damage|p1a: Infernape|26\/293|[from] item: Life Orb
|
|-weather|RainDance|[upkeep]
|turn|14
|
|move|p1a: Infernape|Hidden Power|p2a: Banded-As-Fk
|-supereffective|p2a: Banded-As-Fk
|-damage|p2a: Banded-As-Fk|0 fnt
|-damage|p1a: Infernape|0 fnt|[from] item: Life Orb
|faint|p2a: Banded-As-Fk
|faint|p1a: Infernape
|
|-weather|RainDance|[upkeep]
|
|switch|p1a: Mamoswine|Mamoswine, M|361\/361
|-damage|p1a: Mamoswine|316\/361|[from] Stealth Rock
|switch|p2a: Master?|Omastar, M|295\/295
|-damage|p2a: Master?|259\/295|[from] Stealth Rock
|turn|15
|
|switch|p1a: Skarmory|Skarmory, F, shiny|331\/331
|-damage|p1a: Skarmory|290\/331|[from] Stealth Rock
|move|p2a: Master?|Hydro Pump|p1a: Skarmory
|-damage|p1a: Skarmory|0 fnt
|faint|p1a: Skarmory
|
|-weather|RainDance|[upkeep]
|
|switch|p1a: Greninja|Greninja, F, shiny|250\/285
|-damage|p1a: Greninja|215\/285|[from] Stealth Rock
|turn|16
|
|move|p2a: Master?|Hidden Power|p1a: Greninja
|-supereffective|p1a: Greninja
|-damage|p1a: Greninja|47\/285
|move|p1a: Greninja|Dark Pulse|p2a: Master?
|-start|p1a: Greninja|typechange|Dark|[from] Protean
|-damage|p2a: Master?|47\/295
|-damage|p1a: Greninja|19\/285|[from] item: Life Orb
|
|-weather|RainDance|[upkeep]
|turn|17
|
|move|p2a: Master?|Ice Beam|p1a: Greninja
|-damage|p1a: Greninja|0 fnt
|faint|p1a: Greninja
|
|-weather|RainDance|[upkeep]
|
|switch|p1a: Mamoswine|Mamoswine, M|316\/361
|-damage|p1a: Mamoswine|271\/361|[from] Stealth Rock
|turn|18
|
|move|p1a: Mamoswine|Ice Shard|p2a: Master?
|-resisted|p2a: Master?
|-damage|p2a: Master?|7\/295
|-damage|p1a: Mamoswine|235\/361|[from] item: Life Orb
|move|p2a: Master?|Hydro Pump|p1a: Mamoswine|[miss]
|-miss|p2a: Master?|p1a: Mamoswine
|
|-weather|RainDance|[upkeep]
|turn|19
|
|move|p1a: Mamoswine|Ice Shard|p2a: Master?
|-resisted|p2a: Master?
|-damage|p2a: Master?|0 fnt
|-damage|p1a: Mamoswine|199\/361|[from] item: Life Orb
|faint|p2a: Master?
|
|-weather|none
|
|switch|p2a: Shitfrog|Politoed, F|246\/383
|-damage|p2a: Shitfrog|199\/383|[from] Stealth Rock
|-weather|RainDance
|turn|20
|
|move|p1a: Mamoswine|Earthquake|p2a: Shitfrog
|-damage|p2a: Shitfrog|0 fnt
|-damage|p1a: Mamoswine|163\/361|[from] item: Life Orb
|faint|p2a: Shitfrog
|
|-weather|RainDance|[upkeep]
|c|âSlurpuffIzFood|hey dee
|c|âSlurpuffIzFood|i fought you as rustyespur yesterday :]
|
|switch|p2a: Mega-TeamPlayer|Swampert, F|366\/366
|-damage|p2a: Mega-TeamPlayer|344\/366|[from] Stealth Rock
|turn|21
|
|detailschange|p2a: Mega-TeamPlayer|Swampert-Mega, F
|message|Swampert has Mega Evolved into Mega Swampert!
|move|p1a: Mamoswine|Freeze-Dry|p2a: Mega-TeamPlayer
|-supereffective|p2a: Mega-TeamPlayer
|-damage|p2a: Mega-TeamPlayer|27\/366
|-damage|p1a: Mamoswine|127\/361|[from] item: Life Orb
|move|p2a: Mega-TeamPlayer|Waterfall|p1a: Mamoswine
|-supereffective|p1a: Mamoswine
|-damage|p1a: Mamoswine|0 fnt
|faint|p1a: Mamoswine
|
|-weather|RainDance|[upkeep]
|
|switch|p1a: Thundurus|Thundurus, M|299\/299
|-damage|p1a: Thundurus|225\/299|[from] Stealth Rock
|turn|22
|
|move|p2a: Mega-TeamPlayer|Waterfall|p1a: Thundurus
|-damage|p1a: Thundurus|0 fnt
|faint|p1a: Thundurus
|
|win|SlurpuffIzFood
|raw|Ladder updating...
|raw|DeeTrain's rating: 1377 &rarr; <strong>1351<\/strong><br \/>(-26 for losing)
|raw|SlurpuffIzFood's rating: 1262 &rarr; <strong>1295<\/strong><br \/>(+33 for winning)
|c|âSlurpuffIzFood|gg
|c|âDeeTrain|gg
|leave|DeeTrain
|player|p1