|join|DeeTrain
|join|A7berto
|player|p1|DeeTrain|2
|player|p2|A7berto|210
|gametype|singles
|gen|6
|tier|ORAS OU
|rated
|rule|Sleep Clause Mod: Limit one foe put to sleep
|rule|Species Clause: Limit one of each PokÃ©mon
|rule|OHKO Clause: OHKO moves are banned
|rule|Moody Clause: Moody is banned
|rule|Evasion Moves Clause: Evasion moves are banned
|rule|Endless Battle Clause: Forcing endless battles is banned
|rule|HP Percentage Mod: HP is shown in percentages
|clearpoke
|poke|p1|Thundurus, M
|poke|p1|Greninja, M, shiny
|poke|p1|Salamence, M
|poke|p1|Skarmory, F, shiny
|poke|p1|Infernape, F
|poke|p1|Mamoswine, M
|poke|p2|Azumarill, F
|poke|p2|Poliwrath, F
|poke|p2|Heracross, M
|poke|p2|Rhyperior, F
|poke|p2|Reuniclus, M
|poke|p2|Latias, F
|rule|Swagger Clause: Swagger is banned
|rule|Baton Pass Clause: Limit one PokÃ©mon knowing Baton Pass
|teampreview
|
|start
|switch|p1a: Skarmory|Skarmory, F, shiny|331\/331
|switch|p2a: Wrongtoad|Poliwrath, F|384\/384
|turn|1
|c|âA7berto|gl hf
|
|move|p1a: Skarmory|Stealth Rock|p2a: Wrongtoad
|-sidestart|p2: A7berto|move: Stealth Rock
|move|p2a: Wrongtoad|Scald|p1a: Skarmory
|-damage|p1a: Skarmory|243\/331
|
|turn|2
|
|switch|p1a: Thundurus|Thundurus, M|299\/299
|move|p2a: Wrongtoad|Scald|p1a: Thundurus
|-damage|p1a: Thundurus|220\/299
|
|turn|3
|
|switch|p2a: Latias|Latias, F|302\/302
|-damage|p2a: Latias|265\/302|[from] Stealth Rock
|move|p1a: Thundurus|Knock Off|p2a: Latias
|-supereffective|p2a: Latias
|-damage|p2a: Latias|0 fnt
|-enditem|p2a: Latias|Life Orb|[from] move: Knock Off|[of] p1a: Thundurus
|-damage|p1a: Thundurus|191\/299|[from] item: Life Orb
|faint|p2a: Latias
|
|
|switch|p2a: Azumarill|Azumarill, F|401\/401
|-damage|p2a: Azumarill|351\/401|[from] Stealth Rock
|turn|4
|
|switch|p1a: Skarmory|Skarmory, F, shiny|243\/331
|move|p2a: Azumarill|Knock Off|p1a: Skarmory
|-damage|p1a: Skarmory|165\/331
|-enditem|p1a: Skarmory|Shed Shell|[from] move: Knock Off|[of] p2a: Azumarill
|
|turn|5
|
|switch|p2a: Reuniclus|Reuniclus, M|424\/424
|move|p1a: Skarmory|Roost|p1a: Skarmory
|-heal|p1a: Skarmory|331\/331
|
|turn|6
|
|switch|p1a: Greninja|Greninja, M, shiny|285\/285
|move|p2a: Reuniclus|Calm Mind|p2a: Reuniclus
|-boost|p2a: Reuniclus|spa|1
|-boost|p2a: Reuniclus|spd|1
|
|turn|7
|
|move|p1a: Greninja|Dark Pulse|p2a: Reuniclus
|-start|p1a: Greninja|typechange|Dark|[from] Protean
|-supereffective|p2a: Reuniclus
|-damage|p2a: Reuniclus|198\/424
|-damage|p1a: Greninja|257\/285|[from] item: Life Orb
|move|p2a: Reuniclus|Focus Blast|p1a: Greninja
|-supereffective|p1a: Greninja
|-damage|p1a: Greninja|0 fnt
|faint|p1a: Greninja
|
|-heal|p2a: Reuniclus|224\/424|[from] item: Leftovers
|
|switch|p1a: Salamence|Salamence, M|335\/335
|-ability|p1a: Salamence|Intimidate|[of] p2a: Reuniclus
|-unboost|p2a: Reuniclus|atk|1
|turn|8
|
|switch|p2a: Rhyperior|Rhyperior, F|424\/424
|-damage|p2a: Rhyperior|398\/424|[from] Stealth Rock
|detailschange|p1a: Salamence|Salamence-Mega, M
|message|Salamence has Mega Evolved into Mega Salamence!
|move|p1a: Salamence|Dragon Dance|p1a: Salamence
|-boost|p1a: Salamence|atk|1
|-boost|p1a: Salamence|spe|1
|
|-heal|p2a: Rhyperior|424\/424|[from] item: Leftovers
|turn|9
|
|move|p1a: Salamence|Earthquake|p2a: Rhyperior
|-supereffective|p2a: Rhyperior
|-damage|p2a: Rhyperior|234\/424
|move|p2a: Rhyperior|Ice Punch|p1a: Salamence
|-supereffective|p1a: Salamence
|-damage|p1a: Salamence|55\/335
|
|-heal|p2a: Rhyperior|260\/424|[from] item: Leftovers
|turn|10
|
|switch|p1a: Mamoswine|Mamoswine, M|361\/361
|move|p2a: Rhyperior|Ice Punch|p1a: Mamoswine
|-damage|p1a: Mamoswine|308\/361
|
|-heal|p2a: Rhyperior|286\/424|[from] item: Leftovers
|turn|11
|
|switch|p2a: Wrongtoad|Poliwrath, F|384\/384
|-damage|p2a: Wrongtoad|360\/384|[from] Stealth Rock
|move|p1a: Mamoswine|Earthquake|p2a: Wrongtoad
|-damage|p2a: Wrongtoad|191\/384
|-damage|p1a: Mamoswine|272\/361|[from] item: Life Orb
|
|-heal|p2a: Wrongtoad|215\/384|[from] item: Leftovers
|turn|12
|
|switch|p1a: Skarmory|Skarmory, F, shiny|331\/331
|move|p2a: Wrongtoad|Circle Throw|p1a: Skarmory
|-crit|p1a: Skarmory
|-damage|p1a: Skarmory|274\/331
|drag|p1a: Infernape|Infernape, F|293\/293
|
|-heal|p2a: Wrongtoad|239\/384|[from] item: Leftovers
|turn|13
|
|move|p1a: Infernape|Close Combat|p2a: Wrongtoad
|-damage|p2a: Wrongtoad|52\/384
|-unboost|p1a: Infernape|def|1
|-unboost|p1a: Infernape|spd|1
|-damage|p1a: Infernape|264\/293|[from] item: Life Orb
|move|p2a: Wrongtoad|Circle Throw|p1a: Infernape
|-damage|p1a: Infernape|120\/293
|drag|p1a: Thundurus|Thundurus, M|191\/299
|
|-heal|p2a: Wrongtoad|76\/384|[from] item: Leftovers
|turn|14
|
|move|p1a: Thundurus|Knock Off|p2a: Wrongtoad
|-resisted|p2a: Wrongtoad
|-damage|p2a: Wrongtoad|24\/384
|-enditem|p2a: Wrongtoad|Leftovers|[from] move: Knock Off|[of] p1a: Thundurus
|-damage|p1a: Thundurus|162\/299|[from] item: Life Orb
|move|p2a: Wrongtoad|Rest|p2a: Wrongtoad
|-status|p2a: Wrongtoad|slp
|-heal|p2a: Wrongtoad|384\/384 slp|[silent]
|-status|p2a: Wrongtoad|slp|[from] move: Rest
|
|turn|15
|
|switch|p2a: Rhyperior|Rhyperior, F|286\/424
|-damage|p2a: Rhyperior|260\/424|[from] Stealth Rock
|move|p1a: Thundurus|Thunderbolt|p2a: Rhyperior
|-immune|p2a: Rhyperior|[msg]
|
|-heal|p2a: Rhyperior|286\/424|[from] item: Leftovers
|turn|16
|
|switch|p1a: Skarmory|Skarmory, F, shiny|274\/331
|move|p2a: Rhyperior|Stealth Rock|p1a: Skarmory
|-sidestart|p1: DeeTrain|move: Stealth Rock
|
|-heal|p2a: Rhyperior|312\/424|[from] item: Leftovers
|turn|17
|
|switch|p2a: Reuniclus|Reuniclus, M|224\/424
|move|p1a: Skarmory|Defog|p2a: Reuniclus
|-unboost|p2a: Reuniclus|evasion|1
|-sideend|p2: A7berto|Stealth Rock|[from] move: Defog|[of] p2a: Reuniclus
|-sideend|p1: DeeTrain|Stealth Rock|[from] move: Defog|[of] p1a: Skarmory
|
|-heal|p2a: Reuniclus|250\/424|[from] item: Leftovers
|turn|18
|
|switch|p1a: Thundurus|Thundurus, M|162\/299
|switch|p2a: Rhyperior|Rhyperior, F|312\/424
|
|-heal|p2a: Rhyperior|338\/424|[from] item: Leftovers
|turn|19
|
|move|p1a: Thundurus|Knock Off|p2a: Rhyperior
|-damage|p2a: Rhyperior|254\/424
|-enditem|p2a: Rhyperior|Leftovers|[from] move: Knock Off|[of] p1a: Thundurus
|-damage|p1a: Thundurus|133\/299|[from] item: Life Orb
|move|p2a: Rhyperior|Stealth Rock|p1a: Thundurus
|-sidestart|p1: DeeTrain|move: Stealth Rock
|
|turn|20
|
|switch|p2a: Heracross|Heracross, M|308\/308
|move|p1a: Thundurus|Hidden Power|p2a: Heracross
|-damage|p2a: Heracross|226\/308
|-damage|p1a: Thundurus|104\/299|[from] item: Life Orb
|
|turn|21
|
|switch|p2a: Rhyperior|Rhyperior, F|254\/424
|move|p1a: Thundurus|Thunderbolt|p2a: Rhyperior
|-immune|p2a: Rhyperior|[msg]
|
|turn|22
|
|switch|p2a: Azumarill|Azumarill, F|351\/401
|move|p1a: Thundurus|Hidden Power|p2a: Azumarill
|-resisted|p2a: Azumarill
|-damage|p2a: Azumarill|317\/401
|-damage|p1a: Thundurus|75\/299|[from] item: Life Orb
|
|turn|23
|
|switch|p1a: Skarmory|Skarmory, F, shiny|274\/331
|-damage|p1a: Skarmory|233\/331|[from] Stealth Rock
|switch|p2a: Heracross|Heracross, M|226\/308
|
|turn|24
|
|detailschange|p2a: Heracross|Heracross-Mega, M
|message|Heracross has Mega Evolved into Mega Heracross!
|move|p2a: Heracross|Close Combat|p1a: Skarmory
|-damage|p1a: Skarmory|70\/331
|-unboost|p2a: Heracross|def|1
|-unboost|p2a: Heracross|spd|1
|move|p1a: Skarmory|Brave Bird|p2a: Heracross
|-supereffective|p2a: Heracross
|-damage|p2a: Heracross|0 fnt
|-damage|p1a: Skarmory|0 fnt|[from] recoil|[of] p2a: Heracross
|faint|p2a: Heracross
|faint|p1a: Skarmory
|
|
|switch|p1a: Thundurus|Thundurus, M|75\/299
|-damage|p1a: Thundurus|1\/299|[from] Stealth Rock
|switch|p2a: Azumarill|Azumarill, F|317\/401
|turn|25
|
|move|p2a: Azumarill|Aqua Jet|p1a: Thundurus
|-damage|p1a: Thundurus|0 fnt
|faint|p1a: Thundurus
|
|
|switch|p1a: Mamoswine|Mamoswine, M|272\/361
|-damage|p1a: Mamoswine|227\/361|[from] Stealth Rock
|turn|26
|
|move|p1a: Mamoswine|Earthquake|p2a: Azumarill
|-damage|p2a: Azumarill|35\/401
|-damage|p1a: Mamoswine|191\/361|[from] item: Life Orb
|move|p2a: Azumarill|Waterfall|p1a: Mamoswine
|-supereffective|p1a: Mamoswine
|-damage|p1a: Mamoswine|0 fnt
|faint|p1a: Mamoswine
|
|
|switch|p1a: Infernape|Infernape, F|120\/293
|-damage|p1a: Infernape|84\/293|[from] Stealth Rock
|turn|27
|
|move|p1a: Infernape|Mach Punch|p2a: Azumarill
|-resisted|p2a: Azumarill
|-damage|p2a: Azumarill|0 fnt
|-damage|p1a: Infernape|55\/293|[from] item: Life Orb
|faint|p2a: Azumarill
|
|
|switch|p2a: Reuniclus|Reuniclus, M|250\/424
|turn|28
|
|move|p1a: Infernape|Overheat|p2a: Reuniclus
|-damage|p2a: Reuniclus|0 fnt
|-unboost|p1a: Infernape|spa|2
|-damage|p1a: Infernape|26\/293|[from] item: Life Orb
|faint|p2a: Reuniclus
|
|
|switch|p2a: Wrongtoad|Poliwrath, F|384\/384 slp
|turn|29
|
|move|p1a: Infernape|Close Combat|p2a: Wrongtoad
|-damage|p2a: Wrongtoad|219\/384 slp
|-unboost|p1a: Infernape|def|1
|-unboost|p1a: Infernape|spd|1
|-damage|p1a: Infernape|0 fnt|[from] item: Life Orb
|faint|p1a: Infernape
|cant|p2a: Wrongtoad|slp
|move|p2a: Wrongtoad|Sleep Talk|p2a: Wrongtoad
|move|p2a: Wrongtoad|Scald|p1: Infernape|[from]Sleep Talk|[notarget]
|-notarget
|
|c|âDeeTrain|gg
|c|âA7berto|gg
|
|switch|p1a: Salamence|Salamence-Mega, M|55\/335
|-damage|p1a: Salamence|0 fnt|[from] Stealth Rock
|faint|p1a: Salamence
|
|win|A7berto
|raw|Ladder updating...
|raw|DeeTrain's rating: 1525 &rarr; <strong>1496<\/strong><br \/>(-29 for losing)
|raw|A7berto's rating: 1358 &rarr; <strong>1387<\/strong><br \/>(+29 for winning)
|leave|DeeTrain
|player|p1