|join|zerothorn
|join|DeeTrain
|player|p1|zerothorn|147
|player|p2|DeeTrain|265
|gametype|singles
|gen|6
|tier|OU
|rated
|clearpoke
|poke|p1|Haxorus, M
|poke|p1|Charizard, F
|poke|p1|Cresselia, F
|poke|p1|Gengar, F
|poke|p1|Archeops, F
|poke|p1|Starmie
|poke|p2|Garchomp, F
|poke|p2|Azumarill, M
|poke|p2|Crawdaunt, M
|poke|p2|Manectric, M
|poke|p2|Gengar, M
|poke|p2|Landorus-Therian, M
|rule|Swagger Clause: Swagger is banned
|rule|Baton Pass Clause: Limit one PokÃ©mon knowing Baton Pass
|rule|Sleep Clause Mod: Limit one foe put to sleep
|rule|Species Clause: Limit one of each PokÃ©mon
|rule|OHKO Clause: OHKO moves are banned
|rule|Moody Clause: Moody is banned
|rule|Evasion Moves Clause: Evasion moves are banned
|rule|Endless Battle Clause: Forcing endless battles is banned
|rule|HP Percentage Mod: HP is shown in percentages
|teampreview
|c|âzerothorn|gl hf
|
|start
|switch|p1a: Archeops|Archeops, F|291\/291
|switch|p2a: Gengar|Gengar, M|261\/261
|turn|1
|
|move|p1a: Archeops|Stealth Rock|p2a: Gengar
|-sidestart|p2: DeeTrain|move: Stealth Rock
|move|p2a: Gengar|Sludge Wave|p1a: Archeops
|-resisted|p1a: Archeops
|-damage|p1a: Archeops|126\/291
|-damage|p2a: Gengar|235\/261|[from] item: Life Orb
|
|turn|2
|
|switch|p2a: Garchomp|Garchomp, F|357\/357
|-damage|p2a: Garchomp|335\/357|[from] Stealth Rock
|move|p1a: Archeops|Acrobatics|p2a: Garchomp
|-damage|p2a: Garchomp|284\/357
|-damage|p1a: Archeops|90\/291|[from] ability: Rough Skin|[of] p2a: Garchomp
|
|turn|3
|
|move|p1a: Archeops|Taunt|p2a: Garchomp
|-start|p2a: Garchomp|move: Taunt
|cant|p2a: Garchomp|move: Taunt|Stealth Rock
|
|turn|4
|
|move|p1a: Archeops|Endeavor|p2a: Garchomp
|-damage|p2a: Garchomp|90\/357
|-damage|p1a: Archeops|54\/291|[from] ability: Rough Skin|[of] p2a: Garchomp
|move|p2a: Garchomp|Dragon Claw|p1a: Archeops
|-damage|p1a: Archeops|0 fnt
|faint|p1a: Archeops
|
|
|switch|p1a: Gengar|Gengar, F|261\/261
|turn|5
|
|move|p1a: Gengar|Shadow Ball|p2a: Garchomp
|-damage|p2a: Garchomp|0 fnt
|-damage|p1a: Gengar|235\/261|[from] item: Life Orb
|faint|p2a: Garchomp
|
|
|switch|p2a: Landorus-Therian|Landorus-Therian, M|319\/319
|-damage|p2a: Landorus-Therian|280\/319|[from] Stealth Rock
|-ability|p2a: Landorus-Therian|Intimidate|[of] p1a: Gengar
|-unboost|p1a: Gengar|atk|1
|turn|6
|
|switch|p1a: Charizard|Charizard, F|315\/315
|move|p2a: Landorus-Therian|Knock Off|p1a: Charizard
|-damage|p1a: Charizard|203\/315
|
|turn|7
|
|switch|p2a: Azumarill|Azumarill, M|391\/391
|-damage|p2a: Azumarill|343\/391|[from] Stealth Rock
|detailschange|p1a: Charizard|Charizard-Mega-X, F
|message|Charizard has Mega Evolved into Mega Charizard!
|move|p1a: Charizard|Flare Blitz|p2a: Azumarill
|-resisted|p2a: Azumarill
|-damage|p2a: Azumarill|169\/391
|-damage|p1a: Charizard|146\/315|[from] recoil|[of] p2a: Azumarill
|
|turn|8
|
|move|p1a: Charizard|Flare Blitz|p2a: Azumarill
|-resisted|p2a: Azumarill
|-damage|p2a: Azumarill|0 fnt
|-damage|p1a: Charizard|90\/315|[from] recoil|[of] p2a: Azumarill
|faint|p2a: Azumarill
|
|
|switch|p2a: Landorus-Therian|Landorus-Therian, M|280\/319
|-damage|p2a: Landorus-Therian|241\/319|[from] Stealth Rock
|-ability|p2a: Landorus-Therian|Intimidate|[of] p1a: Charizard
|-unboost|p1a: Charizard|atk|1
|turn|9
|
|move|p2a: Landorus-Therian|U-turn|p1a: Charizard
|-resisted|p1a: Charizard
|-damage|p1a: Charizard|51\/315
|
|switch|p2a: Crawdaunt|Crawdaunt, M|267\/267
|-damage|p2a: Crawdaunt|234\/267|[from] Stealth Rock
|move|p1a: Charizard|Dragon Dance|p1a: Charizard
|-boost|p1a: Charizard|atk|1
|-boost|p1a: Charizard|spe|1
|
|turn|10
|
|switch|p1a: Starmie|Starmie|261\/261
|move|p2a: Crawdaunt|Aqua Jet|p1a: Starmie
|-resisted|p1a: Starmie
|-damage|p1a: Starmie|187\/261
|-damage|p2a: Crawdaunt|208\/267|[from] item: Life Orb
|
|turn|11
|
|move|p1a: Starmie|Hydro Pump|p2a: Crawdaunt|[miss]
|-miss|p1a: Starmie|p2a: Crawdaunt
|move|p2a: Crawdaunt|Knock Off|p1a: Starmie
|-supereffective|p1a: Starmie
|-damage|p1a: Starmie|0 fnt
|-enditem|p1a: Starmie|Expert Belt|[from] move: Knock Off|[of] p2a: Crawdaunt
|-damage|p2a: Crawdaunt|182\/267|[from] item: Life Orb
|faint|p1a: Starmie
|
|
|switch|p1a: Gengar|Gengar, F|235\/261
|turn|12
|
|move|p2a: Crawdaunt|Aqua Jet|p1a: Gengar
|-damage|p1a: Gengar|40\/261
|-damage|p2a: Crawdaunt|156\/267|[from] item: Life Orb
|move|p1a: Gengar|Sludge Wave|p2a: Crawdaunt
|-damage|p2a: Crawdaunt|0 fnt
|-damage|p1a: Gengar|14\/261|[from] item: Life Orb
|faint|p2a: Crawdaunt
|
|
|switch|p2a: Landorus-Therian|Landorus-Therian, M|241\/319
|-damage|p2a: Landorus-Therian|202\/319|[from] Stealth Rock
|-ability|p2a: Landorus-Therian|Intimidate|[of] p1a: Gengar
|-unboost|p1a: Gengar|atk|1
|turn|13
|
|move|p2a: Landorus-Therian|U-turn|p1a: Gengar
|-resisted|p1a: Gengar
|-damage|p1a: Gengar|0 fnt
|faint|p1a: Gengar
|
|switch|p2a: Manectric|Manectric, M|281\/281
|-damage|p2a: Manectric|246\/281|[from] Stealth Rock
|
|
|switch|p1a: Cresselia|Cresselia, F|443\/443
|turn|14
|
|detailschange|p2a: Manectric|Manectric-Mega, M
|message|Manectric has Mega Evolved into Mega Manectric!
|-ability|p2a: Manectric|Intimidate|[of] p1a: Cresselia
|-unboost|p1a: Cresselia|atk|1
|move|p2a: Manectric|Thunderbolt|p1a: Cresselia
|-damage|p1a: Cresselia|325\/443
|move|p1a: Cresselia|Light Screen|p1a: Cresselia
|-sidestart|p1: zerothorn|move: Light Screen
|
|turn|15
|
|move|p2a: Manectric|Volt Switch|p1a: Cresselia
|-damage|p1a: Cresselia|279\/443
|
|switch|p2a: Gengar|Gengar, M|235\/261
|-damage|p2a: Gengar|203\/261|[from] Stealth Rock
|move|p1a: Cresselia|Reflect|p1a: Cresselia
|-sidestart|p1: zerothorn|Reflect
|
|turn|16
|
|move|p2a: Gengar|Shadow Ball|p1a: Cresselia
|-supereffective|p1a: Cresselia
|-damage|p1a: Cresselia|137\/443
|-damage|p2a: Gengar|177\/261|[from] item: Life Orb
|move|p1a: Cresselia|Psychic|p2a: Gengar
|-crit|p2a: Gengar
|-supereffective|p2a: Gengar
|-damage|p2a: Gengar|0 fnt
|faint|p2a: Gengar
|
|
|switch|p2a: Landorus-Therian|Landorus-Therian, M|202\/319
|-damage|p2a: Landorus-Therian|163\/319|[from] Stealth Rock
|-ability|p2a: Landorus-Therian|Intimidate|[of] p1a: Cresselia
|-unboost|p1a: Cresselia|atk|1
|turn|17
|
|move|p2a: Landorus-Therian|Knock Off|p1a: Cresselia
|-supereffective|p1a: Cresselia
|-damage|p1a: Cresselia|37\/443
|-enditem|p1a: Cresselia|Light Clay|[from] move: Knock Off|[of] p2a: Landorus-Therian
|move|p1a: Cresselia|Psychic|p2a: Landorus-Therian
|-damage|p2a: Landorus-Therian|70\/319
|
|turn|18
|
|move|p2a: Landorus-Therian|Knock Off|p1a: Cresselia
|-supereffective|p1a: Cresselia
|-damage|p1a: Cresselia|0 fnt
|faint|p1a: Cresselia
|
|
|switch|p1a: Charizard|Charizard-Mega-X, F|51\/315
|turn|19
|
|move|p2a: Landorus-Therian|Knock Off|p1a: Charizard
|-damage|p1a: Charizard|16\/315
|move|p1a: Charizard|Dragon Dance|p1a: Charizard
|-boost|p1a: Charizard|atk|1
|-boost|p1a: Charizard|spe|1
|
|turn|20
|
|move|p1a: Charizard|Dragon Claw|p2a: Landorus-Therian
|-damage|p2a: Landorus-Therian|0 fnt
|faint|p2a: Landorus-Therian
|
|
|switch|p2a: Manectric|Manectric-Mega, M|246\/281
|-damage|p2a: Manectric|211\/281|[from] Stealth Rock
|-ability|p2a: Manectric|Intimidate|[of] p1a: Charizard
|-unboost|p1a: Charizard|atk|1
|turn|21
|c|âzerothorn|gg
|c|âDeeTrain|gg
|-message|DeeTrain forfeited.
|leave|DeeTrain
|
|win|zerothorn
|raw|Ladder updating...
|player|p2
|raw|zerothorn's rating: 1566 &rarr; <strong>1586<\/strong><br \/>(+20 for winning)
|raw|DeeTrain's rating: 1561 &rarr; <strong>1541<\/strong><br \/>(-20 for losing)