|join|DeeTrain
|join|Lzy
|player|p1|DeeTrain|2
|player|p2|Lzy|249
|gametype|singles
|gen|6
|tier|OU
|rated
|clearpoke
|poke|p1|Slowbro, M
|poke|p1|Sableye, F
|poke|p1|Heatran, F
|poke|p1|Ferrothorn, F
|poke|p1|Diggersby, M
|poke|p1|Keldeo
|poke|p2|Greninja, M, shiny
|poke|p2|Charizard, M
|poke|p2|Infernape, M
|poke|p2|Dragonite, F
|poke|p2|Azumarill, F, shiny
|poke|p2|Scizor, M
|rule|Swagger Clause: Swagger is banned
|rule|Baton Pass Clause: Limit one PokÃ©mon knowing Baton Pass
|rule|Sleep Clause Mod: Limit one foe put to sleep
|rule|Species Clause: Limit one of each PokÃ©mon
|rule|OHKO Clause: OHKO moves are banned
|rule|Moody Clause: Moody is banned
|rule|Evasion Moves Clause: Evasion moves are banned
|rule|Endless Battle Clause: Forcing endless battles is banned
|rule|HP Percentage Mod: HP is shown in percentages
|teampreview
|
|start
|switch|p1a: Ferrothorn|Ferrothorn, F|351\/351
|switch|p2a: Lancer|Infernape, M|293\/293
|turn|1
|
|switch|p1a: Slowbro|Slowbro, M|394\/394
|move|p2a: Lancer|Fire Blast|p1a: Slowbro
|-resisted|p1a: Slowbro
|-damage|p1a: Slowbro|296\/394
|
|turn|2
|
|move|p2a: Lancer|Stealth Rock|p1a: Slowbro
|-sidestart|p1: DeeTrain|move: Stealth Rock
|move|p1a: Slowbro|Scald|p2a: Lancer
|-supereffective|p2a: Lancer
|-enditem|p2a: Lancer|Focus Sash
|-damage|p2a: Lancer|1\/293
|
|turn|3
|
|move|p2a: Lancer|Endeavor|p1a: Slowbro
|-damage|p1a: Slowbro|1\/394
|move|p1a: Slowbro|Scald|p2a: Lancer
|-supereffective|p2a: Lancer
|-damage|p2a: Lancer|0 fnt
|faint|p2a: Lancer
|
|
|switch|p2a: Archer|Scizor, M|344\/344
|turn|4
|c|âDeeTrain|nifty
|
|detailschange|p1a: Slowbro|Slowbro-Mega, M
|message|Slowbro has Mega Evolved into Mega Slowbro!
|move|p2a: Archer|U-turn|p1a: Slowbro
|-supereffective|p1a: Slowbro
|-damage|p1a: Slowbro|0 fnt
|faint|p1a: Slowbro
|
|switch|p2a: Saber|Dragonite, F|323\/323
|
|
|switch|p1a: Ferrothorn|Ferrothorn, F|351\/351
|-damage|p1a: Ferrothorn|330\/351|[from] Stealth Rock
|turn|5
|
|move|p2a: Saber|Fire Blast|p1a: Ferrothorn
|-crit|p1a: Ferrothorn
|-supereffective|p1a: Ferrothorn
|-damage|p1a: Ferrothorn|0 fnt
|-damage|p2a: Saber|291\/323|[from] item: Life Orb
|faint|p1a: Ferrothorn
|
|c|âDeeTrain|all the crazy sets
|
|switch|p1a: Heatran|Heatran, F|323\/323
|-damage|p1a: Heatran|283\/323|[from] Stealth Rock
|-item|p1a: Heatran|Air Balloon
|turn|6
|
|move|p1a: Heatran|Stealth Rock|p2a: Saber
|-sidestart|p2: Lzy|move: Stealth Rock
|move|p2a: Saber|Superpower|p1a: Heatran
|-supereffective|p1a: Heatran
|-damage|p1a: Heatran|0 fnt
|-enditem|p1a: Heatran|Air Balloon
|-unboost|p2a: Saber|atk|1
|-unboost|p2a: Saber|def|1
|-damage|p2a: Saber|259\/323|[from] item: Life Orb
|faint|p1a: Heatran
|
|
|switch|p1a: Sableye|Sableye, F|303\/303
|-damage|p1a: Sableye|266\/303|[from] Stealth Rock
|turn|7
|
|move|p1a: Sableye|Will-O-Wisp|p2a: Saber
|-status|p2a: Saber|brn
|move|p2a: Saber|Draco Meteor|p1a: Sableye
|-damage|p1a: Sableye|0 fnt
|-unboost|p2a: Saber|spa|2
|-damage|p2a: Saber|227\/323 brn|[from] item: Life Orb
|faint|p1a: Sableye
|
|-damage|p2a: Saber|187\/323 brn|[from] brn
|
|switch|p1a: Diggersby|Diggersby, M|311\/311
|-damage|p1a: Diggersby|292\/311|[from] Stealth Rock
|turn|8
|
|move|p1a: Diggersby|Swords Dance|p1a: Diggersby
|-boost|p1a: Diggersby|atk|2
|move|p2a: Saber|Draco Meteor|p1a: Diggersby
|-damage|p1a: Diggersby|109\/311
|-unboost|p2a: Saber|spa|2
|-damage|p2a: Saber|155\/323 brn|[from] item: Life Orb
|
|-damage|p2a: Saber|115\/323 brn|[from] brn
|turn|9
|
|move|p2a: Saber|Extreme Speed|p1a: Diggersby
|-damage|p1a: Diggersby|52\/311
|-damage|p2a: Saber|83\/323 brn|[from] item: Life Orb
|move|p1a: Diggersby|Quick Attack|p2a: Saber
|-damage|p2a: Saber|0 fnt
|-damage|p1a: Diggersby|21\/311|[from] item: Life Orb
|faint|p2a: Saber
|
|
|switch|p2a: Assassin|Greninja, M, shiny|285\/285
|-damage|p2a: Assassin|250\/285|[from] Stealth Rock
|turn|10
|
|move|p2a: Assassin|Shadow Sneak|p1a: Diggersby
|-start|p2a: Assassin|typechange|Ghost|[from] Protean
|-immune|p1a: Diggersby|[msg]
|move|p1a: Diggersby|Quick Attack|p2a: Assassin
|-immune|p2a: Assassin|[msg]
|
|turn|11
|c|âDeeTrain|your teams has really cool setts
|
|move|p2a: Assassin|Ice Beam|p1a: Diggersby
|-start|p2a: Assassin|typechange|Ice|[from] Protean
|-supereffective|p1a: Diggersby
|-damage|p1a: Diggersby|0 fnt
|-damage|p2a: Assassin|222\/285|[from] item: Life Orb
|faint|p1a: Diggersby
|
|c|âLzy|yea
|
|switch|p1a: Keldeo|Keldeo|323\/323
|-damage|p1a: Keldeo|303\/323|[from] Stealth Rock
|turn|12
|c|âLzy|its fun to use
|c|âLzy|i have give to many friends they like it
|
|move|p1a: Keldeo|Secret Sword|p2a: Assassin
|-supereffective|p2a: Assassin
|-damage|p2a: Assassin|0 fnt
|faint|p2a: Assassin
|
|
|switch|p2a: Berserker|Charizard, M|333\/333
|-damage|p2a: Berserker|167\/333|[from] Stealth Rock
|turn|13
|
|move|p1a: Keldeo|Secret Sword|p2a: Berserker
|-resisted|p2a: Berserker
|-damage|p2a: Berserker|74\/333
|move|p2a: Berserker|Roost|p2a: Berserker
|-heal|p2a: Berserker|241\/333
|
|turn|14
|
|move|p1a: Keldeo|Secret Sword|p2a: Berserker
|-resisted|p2a: Berserker
|-damage|p2a: Berserker|154\/333
|move|p2a: Berserker|Dragon Dance|p2a: Berserker
|-boost|p2a: Berserker|atk|1
|-boost|p2a: Berserker|spe|1
|
|turn|15
|
|move|p1a: Keldeo|Secret Sword|p2a: Berserker
|-resisted|p2a: Berserker
|-damage|p2a: Berserker|61\/333
|move|p2a: Berserker|Roost|p2a: Berserker
|-heal|p2a: Berserker|228\/333
|
|turn|16
|c|âLzy|dam should ahve just go azu
|c|âLzy|and end it
|
|move|p1a: Keldeo|Secret Sword|p2a: Berserker
|-resisted|p2a: Berserker
|-damage|p2a: Berserker|135\/333
|move|p2a: Berserker|Dragon Dance|p2a: Berserker
|-boost|p2a: Berserker|atk|1
|-boost|p2a: Berserker|spe|1
|
|turn|17
|c|âDeeTrain|could nto just go into zu
|
|detailschange|p2a: Berserker|Charizard-Mega-X, M
|message|Charizard has Mega Evolved into Mega Charizard!
|move|p2a: Berserker|Dragon Claw|p1a: Keldeo
|-damage|p1a: Keldeo|0 fnt
|faint|p1a: Keldeo
|
|win|Lzy
|raw|Ladder updating...