|join|Heidi's lover
|join|DeeTrain
|player|p1|Heidi's lover|5
|player|p2|DeeTrain|2
|gametype|singles
|gen|6
|tier|OU
|rated
|clearpoke
|poke|p1|Jirachi
|poke|p1|Landorus-Therian, M
|poke|p1|Slowbro, M
|poke|p1|Charizard, F
|poke|p1|Zapdos
|poke|p1|Clefable, F
|poke|p2|Mamoswine, F
|poke|p2|Magnezone
|poke|p2|Skarmory, F
|poke|p2|Gyarados, F
|poke|p2|Clefable, M
|poke|p2|Dragonite, F
|rule|Swagger Clause: Swagger is banned
|rule|Baton Pass Clause: Limit one PokÃ©mon knowing Baton Pass
|rule|Sleep Clause Mod: Limit one foe put to sleep
|rule|Species Clause: Limit one of each PokÃ©mon
|rule|OHKO Clause: OHKO moves are banned
|rule|Moody Clause: Moody is banned
|rule|Evasion Moves Clause: Evasion moves are banned
|rule|Endless Battle Clause: Forcing endless battles is banned
|rule|HP Percentage Mod: HP is shown in percentages
|teampreview
|
|start
|switch|p1a: Slowbro|Slowbro, M|393\/393
|switch|p2a: Clefable|Clefable, M|393\/393
|turn|1
|
|switch|p1a: Charizard|Charizard, F|359\/359
|move|p2a: Clefable|Stealth Rock|p1a: Charizard
|-sidestart|p1: Heidi's lover|move: Stealth Rock
|
|turn|2
|
|switch|p2a: Gyarados|Gyarados, F|339\/339
|-ability|p2a: Gyarados|Intimidate|[of] p1a: Charizard
|-unboost|p1a: Charizard|atk|1
|detailschange|p1a: Charizard|Charizard-Mega-X, F
|message|Charizard has Mega Evolved into Mega Charizard!
|move|p1a: Charizard|Will-O-Wisp|p2a: Gyarados
|-status|p2a: Gyarados|brn
|
|-damage|p2a: Gyarados|297\/339 brn|[from] brn
|turn|3
|c|âDeeTrain|damn nice
|
|switch|p1a: Zapdos|Zapdos|384\/384
|-damage|p1a: Zapdos|288\/384|[from] Stealth Rock
|-ability|p1a: Zapdos|Pressure
|switch|p2a: Clefable|Clefable, M|393\/393
|
|-heal|p1a: Zapdos|312\/384|[from] item: Leftovers
|turn|4
|
|move|p1a: Zapdos|Defog|p2a: Clefable
|-unboost|p2a: Clefable|evasion|1
|-sideend|p1: Heidi's lover|Stealth Rock|[from] move: Defog|[of] p1a: Zapdos
|move|p2a: Clefable|Moonblast|p1a: Zapdos
|-damage|p1a: Zapdos|234\/384
|
|-heal|p1a: Zapdos|258\/384|[from] item: Leftovers
|turn|5
|
|move|p1a: Zapdos|Volt Switch|p2a: Clefable
|-damage|p2a: Clefable|296\/393
|
|switch|p1a: Landorus-Therian|Landorus-Therian, M|381\/381
|-ability|p1a: Landorus-Therian|Intimidate|[of] p2a: Clefable
|-unboost|p2a: Clefable|atk|1
|move|p2a: Clefable|Stealth Rock|p1a: Landorus-Therian
|-sidestart|p1: Heidi's lover|move: Stealth Rock
|
|-heal|p2a: Clefable|320\/393|[from] item: Leftovers
|turn|6
|
|move|p1a: Landorus-Therian|Stealth Rock|p2a: Clefable
|-sidestart|p2: DeeTrain|move: Stealth Rock
|move|p2a: Clefable|Calm Mind|p2a: Clefable
|-boost|p2a: Clefable|spa|1
|-boost|p2a: Clefable|spd|1
|
|-heal|p2a: Clefable|344\/393|[from] item: Leftovers
|turn|7
|
|move|p1a: Landorus-Therian|U-turn|p2a: Clefable
|-resisted|p2a: Clefable
|-damage|p2a: Clefable|312\/393
|
|switch|p1a: Jirachi|Jirachi|403\/403
|-damage|p1a: Jirachi|378\/403|[from] Stealth Rock
|move|p2a: Clefable|Moonblast|p1a: Jirachi
|-resisted|p1a: Jirachi
|-damage|p1a: Jirachi|315\/403
|
|-heal|p1a: Jirachi|340\/403|[from] item: Leftovers
|-heal|p2a: Clefable|336\/393|[from] item: Leftovers
|turn|8
|
|switch|p1a: Landorus-Therian|Landorus-Therian, M|381\/381
|-damage|p1a: Landorus-Therian|334\/381|[from] Stealth Rock
|-ability|p1a: Landorus-Therian|Intimidate|[of] p2a: Clefable
|-unboost|p2a: Clefable|atk|1
|switch|p2a: Magnezone|Magnezone|281\/281
|-damage|p2a: Magnezone|264\/281|[from] Stealth Rock
|
|-heal|p1a: Landorus-Therian|357\/381|[from] item: Leftovers
|turn|9
|
|switch|p2a: Gyarados|Gyarados, F|297\/339 brn
|-damage|p2a: Gyarados|213\/339 brn|[from] Stealth Rock
|-ability|p2a: Gyarados|Intimidate|[of] p1a: Landorus-Therian
|-unboost|p1a: Landorus-Therian|atk|1
|move|p1a: Landorus-Therian|U-turn|p2a: Gyarados
|-resisted|p2a: Gyarados
|-damage|p2a: Gyarados|183\/339 brn
|
|switch|p1a: Zapdos|Zapdos|258\/384
|-damage|p1a: Zapdos|162\/384|[from] Stealth Rock
|-ability|p1a: Zapdos|Pressure
|
|-heal|p1a: Zapdos|186\/384|[from] item: Leftovers
|-damage|p2a: Gyarados|141\/339 brn|[from] brn
|turn|10
|
|detailschange|p2a: Gyarados|Gyarados-Mega, F
|message|Gyarados has Mega Evolved into Mega Gyarados!
|-ability|p2a: Gyarados|Mold Breaker
|move|p2a: Gyarados|Dragon Dance|p2a: Gyarados
|-boost|p2a: Gyarados|atk|1
|-boost|p2a: Gyarados|spe|1
|move|p1a: Zapdos|Roost|p1a: Zapdos
|-heal|p1a: Zapdos|378\/384
|
|-heal|p1a: Zapdos|384\/384|[from] item: Leftovers
|-damage|p2a: Gyarados|99\/339 brn|[from] brn
|turn|11
|
|switch|p1a: Slowbro|Slowbro, M|393\/393
|-damage|p1a: Slowbro|344\/393|[from] Stealth Rock
|move|p2a: Gyarados|Ice Fang|p1a: Slowbro
|-resisted|p1a: Slowbro
|-damage|p1a: Slowbro|320\/393
|
|-heal|p1a: Slowbro|344\/393|[from] item: Leftovers
|-damage|p2a: Gyarados|57\/339 brn|[from] brn
|turn|12
|
|move|p2a: Gyarados|Earthquake|p1a: Slowbro
|-damage|p1a: Slowbro|269\/393
|move|p1a: Slowbro|Scald|p2a: Gyarados
|-resisted|p2a: Gyarados
|-damage|p2a: Gyarados|16\/339 brn
|
|-heal|p1a: Slowbro|293\/393|[from] item: Leftovers
|-damage|p2a: Gyarados|0 fnt|[from] brn
|faint|p2a: Gyarados
|
|switch|p2a: Clefable|Clefable, M|336\/393
|turn|13
|
|switch|p1a: Jirachi|Jirachi|340\/403
|-damage|p1a: Jirachi|315\/403|[from] Stealth Rock
|move|p2a: Clefable|Calm Mind|p2a: Clefable
|-boost|p2a: Clefable|spa|1
|-boost|p2a: Clefable|spd|1
|
|-heal|p1a: Jirachi|340\/403|[from] item: Leftovers
|-heal|p2a: Clefable|360\/393|[from] item: Leftovers
|turn|14
|
|switch|p2a: Magnezone|Magnezone|264\/281
|-damage|p2a: Magnezone|247\/281|[from] Stealth Rock
|move|p1a: Jirachi|Iron Head|p2a: Magnezone
|-resisted|p2a: Magnezone
|-damage|p2a: Magnezone|225\/281
|
|-heal|p1a: Jirachi|365\/403|[from] item: Leftovers
|turn|15
|
|move|p1a: Jirachi|Protect|p1a: Jirachi
|-singleturn|p1a: Jirachi|Protect
|move|p2a: Magnezone|Thunderbolt|p1a: Jirachi
|-activate|p1a: Jirachi|Protect
|
|-heal|p1a: Jirachi|390\/403|[from] item: Leftovers
|turn|16
|
|move|p2a: Magnezone|Thunderbolt|p1a: Jirachi
|-damage|p1a: Jirachi|272\/403
|move|p1a: Jirachi|Wish|p1a: Jirachi
|
|-heal|p1a: Jirachi|297\/403|[from] item: Leftovers
|turn|17
|
|move|p2a: Magnezone|Thunderbolt|p1a: Jirachi
|-damage|p1a: Jirachi|186\/403
|move|p1a: Jirachi|Iron Head|p2a: Magnezone
|-resisted|p2a: Magnezone
|-damage|p2a: Magnezone|206\/281
|
|-heal|p1a: Jirachi|387\/403|[from] move: Wish|[wisher] Jirachi
|-heal|p1a: Jirachi|403\/403|[from] item: Leftovers
|turn|18
|
|move|p2a: Magnezone|Thunderbolt|p1a: Jirachi
|-damage|p1a: Jirachi|279\/403
|move|p1a: Jirachi|Iron Head|p2a: Magnezone
|-resisted|p2a: Magnezone
|-damage|p2a: Magnezone|187\/281
|
|-heal|p1a: Jirachi|304\/403|[from] item: Leftovers
|turn|19
|
|move|p1a: Jirachi|Protect|p1a: Jirachi
|-singleturn|p1a: Jirachi|Protect
|move|p2a: Magnezone|Thunderbolt|p1a: Jirachi
|-activate|p1a: Jirachi|Protect
|
|-heal|p1a: Jirachi|329\/403|[from] item: Leftovers
|turn|20
|
|move|p2a: Magnezone|Thunderbolt|p1a: Jirachi
|-damage|p1a: Jirachi|203\/403
|move|p1a: Jirachi|Wish|p1a: Jirachi
|
|-heal|p1a: Jirachi|228\/403|[from] item: Leftovers
|turn|21
|
|move|p2a: Magnezone|Thunderbolt|p1a: Jirachi
|-damage|p1a: Jirachi|119\/403
|move|p1a: Jirachi|Iron Head|p2a: Magnezone
|-resisted|p2a: Magnezone
|-damage|p2a: Magnezone|166\/281
|
|-heal|p1a: Jirachi|320\/403|[from] move: Wish|[wisher] Jirachi
|-heal|p1a: Jirachi|345\/403|[from] item: Leftovers
|turn|22
|
|move|p1a: Jirachi|Protect|p1a: Jirachi
|-singleturn|p1a: Jirachi|Protect
|move|p2a: Magnezone|Thunderbolt|p1a: Jirachi
|-activate|p1a: Jirachi|Protect
|
|-heal|p1a: Jirachi|370\/403|[from] item: Leftovers
|turn|23
|
|move|p2a: Magnezone|Thunderbolt|p1a: Jirachi
|-damage|p1a: Jirachi|241\/403
|move|p1a: Jirachi|Wish|p1a: Jirachi
|
|-heal|p1a: Jirachi|266\/403|[from] item: Leftovers
|turn|24
|
|move|p2a: Magnezone|Thunderbolt|p1a: Jirachi
|-damage|p1a: Jirachi|157\/403
|move|p1a: Jirachi|Iron Head|p2a: Magnezone
|-resisted|p2a: Magnezone
|-damage|p2a: Magnezone|147\/281
|
|-heal|p1a: Jirachi|358\/403|[from] move: Wish|[wisher] Jirachi
|-heal|p1a: Jirachi|383\/403|[from] item: Leftovers
|turn|25
|
|move|p1a: Jirachi|Protect|p1a: Jirachi
|-singleturn|p1a: Jirachi|Protect
|move|p2a: Magnezone|Thunderbolt|p1a: Jirachi
|-activate|p1a: Jirachi|Protect
|
|-heal|p1a: Jirachi|403\/403|[from] item: Leftovers
|turn|26
|
|move|p2a: Magnezone|Thunderbolt|p1a: Jirachi
|-damage|p1a: Jirachi|294\/403
|move|p1a: Jirachi|Iron Head|p2a: Magnezone
|-resisted|p2a: Magnezone
|-damage|p2a: Magnezone|128\/281
|
|-heal|p1a: Jirachi|319\/403|[from] item: Leftovers
|turn|27
|
|move|p1a: Jirachi|Protect|p1a: Jirachi
|-singleturn|p1a: Jirachi|Protect
|move|p2a: Magnezone|Thunderbolt|p1a: Jirachi
|-activate|p1a: Jirachi|Protect
|
|-heal|p1a: Jirachi|344\/403|[from] item: Leftovers
|turn|28
|
|move|p2a: Magnezone|Thunderbolt|p1a: Jirachi
|-damage|p1a: Jirachi|220\/403
|move|p1a: Jirachi|Wish|p1a: Jirachi
|
|-heal|p1a: Jirachi|245\/403|[from] item: Leftovers
|turn|29
|
|move|p2a: Magnezone|Thunderbolt|p1a: Jirachi
|-damage|p1a: Jirachi|124\/403
|-status|p1a: Jirachi|par
|move|p1a: Jirachi|Iron Head|p2a: Magnezone
|-resisted|p2a: Magnezone
|-damage|p2a: Magnezone|109\/281
|
|-heal|p1a: Jirachi|325\/403 par|[from] move: Wish|[wisher] Jirachi
|-heal|p1a: Jirachi|350\/403 par|[from] item: Leftovers
|turn|30
|
|switch|p2a: Skarmory|Skarmory, F|333\/333
|-damage|p2a: Skarmory|292\/333|[from] Stealth Rock
|move|p1a: Jirachi|Protect|p1a: Jirachi
|-fail|p1a: Jirachi
|
|-heal|p2a: Skarmory|312\/333|[from] item: Leftovers
|-heal|p1a: Jirachi|375\/403 par|[from] item: Leftovers
|turn|31
|
|switch|p1a: Landorus-Therian|Landorus-Therian, M|357\/381
|-damage|p1a: Landorus-Therian|310\/381|[from] Stealth Rock
|-ability|p1a: Landorus-Therian|Intimidate|[of] p2a: Skarmory
|-unboost|p2a: Skarmory|atk|1
|move|p2a: Skarmory|Whirlwind|p1a: Landorus-Therian
|drag|p1a: Charizard|Charizard-Mega-X, F|359\/359
|-damage|p1a: Charizard|270\/359|[from] Stealth Rock
|
|-heal|p2a: Skarmory|332\/333|[from] item: Leftovers
|turn|32
|
|move|p1a: Charizard|Earthquake|p2a: Skarmory
|-immune|p2a: Skarmory|[msg]
|move|p2a: Skarmory|Whirlwind|p1a: Charizard
|drag|p1a: Jirachi|Jirachi|375\/403 par
|-damage|p1a: Jirachi|350\/403 par|[from] Stealth Rock
|
|-heal|p2a: Skarmory|333\/333|[from] item: Leftovers
|-heal|p1a: Jirachi|375\/403 par|[from] item: Leftovers
|turn|33
|
|move|p1a: Jirachi|Wish|p1a: Jirachi
|move|p2a: Skarmory|Whirlwind|p1a: Jirachi
|drag|p1a: Zapdos|Zapdos|384\/384
|-damage|p1a: Zapdos|288\/384|[from] Stealth Rock
|-ability|p1a: Zapdos|Pressure
|
|-heal|p1a: Zapdos|312\/384|[from] item: Leftovers
|turn|34
|
|move|p1a: Zapdos|Defog|p2a: Skarmory
|-unboost|p2a: Skarmory|evasion|1
|-sideend|p2: DeeTrain|Stealth Rock|[from] move: Defog|[of] p2a: Skarmory
|-sideend|p1: Heidi's lover|Stealth Rock|[from] move: Defog|[of] p1a: Zapdos
|move|p2a: Skarmory|Whirlwind|p1a: Zapdos
|drag|p1a: Charizard|Charizard-Mega-X, F|270\/359
|
|-heal|p1a: Charizard|359\/359|[from] move: Wish|[wisher] Jirachi
|turn|35
|
|switch|p2a: Clefable|Clefable, M|360\/393
|move|p1a: Charizard|Will-O-Wisp|p2a: Clefable
|-status|p2a: Clefable|brn
|
|-heal|p2a: Clefable|384\/393 brn|[from] item: Leftovers
|turn|36
|
|switch|p1a: Clefable|Clefable, F|393\/393
|move|p2a: Clefable|Stealth Rock|p1a: Clefable
|-sidestart|p1: Heidi's lover|move: Stealth Rock
|
|-heal|p2a: Clefable|393\/393 brn|[from] item: Leftovers
|turn|37
|
|move|p1a: Clefable|Aromatherapy|p1a: Clefable
|-cureteam|p1a: Clefable|[from] move: Aromatherapy
|move|p2a: Clefable|Calm Mind|p2a: Clefable
|-boost|p2a: Clefable|spa|1
|-boost|p2a: Clefable|spd|1
|
|turn|38
|
|move|p1a: Clefable|Wish|p1a: Clefable
|move|p2a: Clefable|Moonblast|p1a: Clefable
|-damage|p1a: Clefable|266\/393
|-unboost|p1a: Clefable|spa|1
|
|-heal|p1a: Clefable|290\/393|[from] item: Leftovers
|turn|39
|
|switch|p1a: Jirachi|Jirachi|375\/403
|-damage|p1a: Jirachi|350\/403|[from] Stealth Rock
|move|p2a: Clefable|Moonblast|p1a: Jirachi
|-resisted|p1a: Jirachi
|-damage|p1a: Jirachi|290\/403
|
|-heal|p1a: Jirachi|403\/403|[from] move: Wish|[wisher] Clefable
|turn|40
|
|switch|p2a: Skarmory|Skarmory, F|333\/333
|move|p1a: Jirachi|Iron Head|p2a: Skarmory
|-resisted|p2a: Skarmory
|-damage|p2a: Skarmory|308\/333
|
|-heal|p2a: Skarmory|328\/333|[from] item: Leftovers
|turn|41
|
|move|p1a: Jirachi|Wish|p1a: Jirachi
|move|p2a: Skarmory|Whirlwind|p1a: Jirachi
|drag|p1a: Charizard|Charizard-Mega-X, F|359\/359
|-damage|p1a: Charizard|270\/359|[from] Stealth Rock
|
|-heal|p2a: Skarmory|333\/333|[from] item: Leftovers
|turn|42
|
|move|p1a: Charizard|Earthquake|p2a: Skarmory
|-immune|p2a: Skarmory|[msg]
|move|p2a: Skarmory|Whirlwind|p1a: Charizard
|drag|p1a: Jirachi|Jirachi|403\/403
|-damage|p1a: Jirachi|378\/403|[from] Stealth Rock
|
|-heal|p1a: Jirachi|403\/403|[from] move: Wish|[wisher] Jirachi
|turn|43
|
|move|p1a: Jirachi|Wish|p1a: Jirachi
|move|p2a: Skarmory|Whirlwind|p1a: Jirachi
|drag|p1a: Slowbro|Slowbro, M|393\/393
|-damage|p1a: Slowbro|344\/393|[from] Stealth Rock
|
|-heal|p1a: Slowbro|368\/393|[from] item: Leftovers
|turn|44
|
|switch|p1a: Charizard|Charizard-Mega-X, F|270\/359
|-damage|p1a: Charizard|181\/359|[from] Stealth Rock
|move|p2a: Skarmory|Brave Bird|p1a: Charizard
|-damage|p1a: Charizard|72\/359
|-damage|p2a: Skarmory|297\/333|[from] recoil|[of] p1a: Charizard
|
|-heal|p1a: Charizard|273\/359|[from] move: Wish|[wisher] Jirachi
|-heal|p2a: Skarmory|317\/333|[from] item: Leftovers
|turn|45
|
|move|p1a: Charizard|Will-O-Wisp|p2a: Skarmory
|-status|p2a: Skarmory|brn
|move|p2a: Skarmory|Whirlwind|p1a: Charizard
|drag|p1a: Landorus-Therian|Landorus-Therian, M|310\/381
|-damage|p1a: Landorus-Therian|263\/381|[from] Stealth Rock
|-ability|p1a: Landorus-Therian|Intimidate|[of] p2a: Skarmory
|-unboost|p2a: Skarmory|atk|1
|
|-heal|p1a: Landorus-Therian|286\/381|[from] item: Leftovers
|-heal|p2a: Skarmory|333\/333 brn|[from] item: Leftovers
|-damage|p2a: Skarmory|292\/333 brn|[from] brn
|turn|46
|
|switch|p2a: Mamoswine|Mamoswine, F|361\/361
|move|p1a: Landorus-Therian|Stealth Rock|p2a: Mamoswine
|-sidestart|p2: DeeTrain|move: Stealth Rock
|
|-heal|p1a: Landorus-Therian|309\/381|[from] item: Leftovers
|turn|47
|
|switch|p1a: Slowbro|Slowbro, M|393\/393
|-damage|p1a: Slowbro|344\/393|[from] Stealth Rock
|move|p2a: Mamoswine|Freeze-Dry|p1a: Slowbro
|-supereffective|p1a: Slowbro
|-damage|p1a: Slowbro|149\/393
|-damage|p2a: Mamoswine|325\/361|[from] item: Life Orb
|
|-heal|p1a: Slowbro|173\/393|[from] item: Leftovers
|turn|48
|
|switch|p1a: Landorus-Therian|Landorus-Therian, M|309\/381
|-damage|p1a: Landorus-Therian|262\/381|[from] Stealth Rock
|-ability|p1a: Landorus-Therian|Intimidate|[of] p2a: Mamoswine
|-unboost|p2a: Mamoswine|atk|1
|move|p2a: Mamoswine|Freeze-Dry|p1a: Landorus-Therian
|-supereffective|p1a: Landorus-Therian
|-damage|p1a: Landorus-Therian|0 fnt
|-damage|p2a: Mamoswine|289\/361|[from] item: Life Orb
|faint|p1a: Landorus-Therian
|
|
|switch|p1a: Clefable|Clefable, F|290\/393
|-damage|p1a: Clefable|241\/393|[from] Stealth Rock
|turn|49
|
|switch|p2a: Magnezone|Magnezone|109\/281
|-damage|p2a: Magnezone|92\/281|[from] Stealth Rock
|move|p1a: Clefable|Wish|p1a: Clefable
|
|-heal|p1a: Clefable|265\/393|[from] item: Leftovers
|turn|50
|
|move|p1a: Clefable|Protect|p1a: Clefable
|-singleturn|p1a: Clefable|Protect
|move|p2a: Magnezone|Volt Switch|p1a: Clefable
|-activate|p1a: Clefable|Protect
|
|-heal|p1a: Clefable|393\/393|[from] move: Wish|[wisher] Clefable
|turn|51
|
|move|p2a: Magnezone|Volt Switch|p1a: Clefable
|-damage|p1a: Clefable|248\/393
|
|switch|p2a: Clefable|Clefable, M|393\/393 brn
|move|p1a: Clefable|Wish|p1a: Clefable
|
|-heal|p1a: Clefable|272\/393|[from] item: Leftovers
|turn|52
|
|move|p1a: Clefable|Moonblast|p2a: Clefable
|-damage|p2a: Clefable|281\/393 brn
|move|p2a: Clefable|Calm Mind|p2a: Clefable
|-boost|p2a: Clefable|spa|1
|-boost|p2a: Clefable|spd|1
|
|-heal|p1a: Clefable|393\/393|[from] move: Wish|[wisher] Clefable
|-heal|p2a: Clefable|305\/393 brn|[from] item: Leftovers
|turn|53
|
|switch|p1a: Jirachi|Jirachi|403\/403
|-damage|p1a: Jirachi|378\/403|[from] Stealth Rock
|move|p2a: Clefable|Calm Mind|p2a: Clefable
|-boost|p2a: Clefable|spa|1
|-boost|p2a: Clefable|spd|1
|
|-heal|p1a: Jirachi|403\/403|[from] item: Leftovers
|-heal|p2a: Clefable|329\/393 brn|[from] item: Leftovers
|turn|54
|
|move|p1a: Jirachi|Iron Head|p2a: Clefable
|-supereffective|p2a: Clefable
|-damage|p2a: Clefable|171\/393 brn
|cant|p2a: Clefable|flinch
|
|-heal|p2a: Clefable|195\/393 brn|[from] item: Leftovers
|turn|55
|
|switch|p2a: Skarmory|Skarmory, F|292\/333 brn
|-damage|p2a: Skarmory|251\/333 brn|[from] Stealth Rock
|move|p1a: Jirachi|Iron Head|p2a: Skarmory
|-resisted|p2a: Skarmory
|-damage|p2a: Skarmory|223\/333 brn
|
|-heal|p2a: Skarmory|243\/333 brn|[from] item: Leftovers
|-damage|p2a: Skarmory|202\/333 brn|[from] brn
|turn|56
|
|move|p1a: Jirachi|Iron Head|p2a: Skarmory
|-resisted|p2a: Skarmory
|-damage|p2a: Skarmory|173\/333 brn
|cant|p2a: Skarmory|flinch
|
|-heal|p2a: Skarmory|193\/333 brn|[from] item: Leftovers
|-damage|p2a: Skarmory|152\/333 brn|[from] brn
|turn|57
|
|move|p1a: Jirachi|Iron Head|p2a: Skarmory
|-resisted|p2a: Skarmory
|-damage|p2a: Skarmory|127\/333 brn
|cant|p2a: Skarmory|flinch
|
|-heal|p2a: Skarmory|147\/333 brn|[from] item: Leftovers
|-damage|p2a: Skarmory|106\/333 brn|[from] brn
|turn|58
|
|move|p1a: Jirachi|Iron Head|p2a: Skarmory
|-resisted|p2a: Skarmory
|-damage|p2a: Skarmory|80\/333 brn
|cant|p2a: Skarmory|flinch
|
|-heal|p2a: Skarmory|100\/333 brn|[from] item: Leftovers
|-damage|p2a: Skarmory|59\/333 brn|[from] brn
|turn|59
|c|âDeeTrain|i know you have serene grace but really every time
|
|move|p1a: Jirachi|Iron Head|p2a: Skarmory
|-resisted|p2a: Skarmory
|-damage|p2a: Skarmory|33\/333 brn
|move|p2a: Skarmory|Roost|p2a: Skarmory
|-heal|p2a: Skarmory|200\/333 brn
|
|-heal|p2a: Skarmory|220\/333 brn|[from] item: Leftovers
|-damage|p2a: Skarmory|179\/333 brn|[from] brn
|turn|60
|
|move|p1a: Jirachi|Iron Head|p2a: Skarmory
|-crit|p2a: Skarmory
|-resisted|p2a: Skarmory
|-damage|p2a: Skarmory|138\/333 brn
|cant|p2a: Skarmory|flinch
|
|-heal|p2a: Skarmory|158\/333 brn|[from] item: Leftovers
|-damage|p2a: Skarmory|117\/333 brn|[from] brn
|turn|61
|
|move|p1a: Jirachi|Iron Head|p2a: Skarmory
|-resisted|p2a: Skarmory
|-damage|p2a: Skarmory|90\/333 brn
|move|p2a: Skarmory|Roost|p2a: Skarmory
|-heal|p2a: Skarmory|257\/333 brn
|
|-heal|p2a: Skarmory|277\/333 brn|[from] item: Leftovers
|-damage|p2a: Skarmory|236\/333 brn|[from] brn
|turn|62
|
|switch|p1a: Slowbro|Slowbro, M|304\/393
|-damage|p1a: Slowbro|255\/393|[from] Stealth Rock
|move|p2a: Skarmory|Whirlwind|p1a: Slowbro
|drag|p1a: Clefable|Clefable, F|393\/393
|-damage|p1a: Clefable|344\/393|[from] Stealth Rock
|
|-heal|p2a: Skarmory|256\/333 brn|[from] item: Leftovers
|-heal|p1a: Clefable|368\/393|[from] item: Leftovers
|-damage|p2a: Skarmory|215\/333 brn|[from] brn
|turn|63
|
|switch|p2a: Magnezone|Magnezone|92\/281
|-damage|p2a: Magnezone|75\/281|[from] Stealth Rock
|move|p1a: Clefable|Moonblast|p2a: Magnezone
|-resisted|p2a: Magnezone
|-damage|p2a: Magnezone|18\/281
|-unboost|p2a: Magnezone|spa|1
|
|-heal|p1a: Clefable|392\/393|[from] item: Leftovers
|turn|64
|
|move|p1a: Clefable|Protect|p1a: Clefable
|-singleturn|p1a: Clefable|Protect
|move|p2a: Magnezone|Flash Cannon|p1a: Clefable
|-activate|p1a: Clefable|Protect
|
|-heal|p1a: Clefable|393\/393|[from] item: Leftovers
|turn|65
|
|switch|p1a: Charizard|Charizard-Mega-X, F|273\/359
|-damage|p1a: Charizard|184\/359|[from] Stealth Rock
|move|p2a: Magnezone|Flash Cannon|p1a: Charizard
|-resisted|p1a: Charizard
|-damage|p1a: Charizard|143\/359
|
|turn|66
|
|switch|p2a: Clefable|Clefable, M|195\/393 brn
|move|p1a: Charizard|Roost|p1a: Charizard
|-heal|p1a: Charizard|323\/359
|
|-heal|p2a: Clefable|219\/393 brn|[from] item: Leftovers
|turn|67
|
|move|p1a: Charizard|Earthquake|p2a: Clefable
|-damage|p2a: Clefable|133\/393 brn
|move|p2a: Clefable|Soft-Boiled|p2a: Clefable
|-heal|p2a: Clefable|330\/393 brn
|
|-heal|p2a: Clefable|354\/393 brn|[from] item: Leftovers
|turn|68
|
|switch|p1a: Jirachi|Jirachi|403\/403
|-damage|p1a: Jirachi|378\/403|[from] Stealth Rock
|move|p2a: Clefable|Calm Mind|p2a: Clefable
|-boost|p2a: Clefable|spa|1
|-boost|p2a: Clefable|spd|1
|
|-heal|p1a: Jirachi|403\/403|[from] item: Leftovers
|-heal|p2a: Clefable|378\/393 brn|[from] item: Leftovers
|turn|69
|
|switch|p2a: Magnezone|Magnezone|18\/281
|-damage|p2a: Magnezone|1\/281|[from] Stealth Rock
|move|p1a: Jirachi|Iron Head|p2a: Magnezone
|-resisted|p2a: Magnezone
|-damage|p2a: Magnezone|0 fnt
|faint|p2a: Magnezone
|
|
|switch|p2a: Mamoswine|Mamoswine, F|289\/361
|-damage|p2a: Mamoswine|244\/361|[from] Stealth Rock
|turn|70
|
|switch|p1a: Slowbro|Slowbro, M|386\/393
|-damage|p1a: Slowbro|337\/393|[from] Stealth Rock
|move|p2a: Mamoswine|Earthquake|p1a: Slowbro
|-damage|p1a: Slowbro|168\/393
|-damage|p2a: Mamoswine|208\/361|[from] item: Life Orb
|
|-heal|p1a: Slowbro|192\/393|[from] item: Leftovers
|turn|71
|join|IS FlaSh Dunois
|
|move|p2a: Mamoswine|Freeze-Dry|p1a: Slowbro
|-supereffective|p1a: Slowbro
|-damage|p1a: Slowbro|0 fnt
|-damage|p2a: Mamoswine|172\/361|[from] item: Life Orb
|faint|p1a: Slowbro
|
|
|switch|p1a: Clefable|Clefable, F|393\/393
|-damage|p1a: Clefable|344\/393|[from] Stealth Rock
|turn|72
|
|switch|p2a: Skarmory|Skarmory, F|215\/333 brn
|-damage|p2a: Skarmory|174\/333 brn|[from] Stealth Rock
|move|p1a: Clefable|Wish|p1a: Clefable
|
|-heal|p2a: Skarmory|194\/333 brn|[from] item: Leftovers
|-heal|p1a: Clefable|368\/393|[from] item: Leftovers
|-damage|p2a: Skarmory|153\/333 brn|[from] brn
|turn|73
|
|move|p2a: Skarmory|Defog|p1a: Clefable
|-unboost|p1a: Clefable|evasion|1
|-sideend|p1: Heidi's lover|Stealth Rock|[from] move: Defog|[of] p1a: Clefable
|-sideend|p2: DeeTrain|Stealth Rock|[from] move: Defog|[of] p2a: Skarmory
|move|p1a: Clefable|Moonblast|p2a: Skarmory
|-resisted|p2a: Skarmory
|-damage|p2a: Skarmory|82\/333 brn
|-unboost|p2a: Skarmory|spa|1
|
|-heal|p1a: Clefable|393\/393|[from] move: Wish|[wisher] Clefable
|-heal|p2a: Skarmory|102\/333 brn|[from] item: Leftovers
|-damage|p2a: Skarmory|61\/333 brn|[from] brn
|turn|74
|
|switch|p1a: Zapdos|Zapdos|312\/384
|-ability|p1a: Zapdos|Pressure
|move|p2a: Skarmory|Roost|p2a: Skarmory
|-heal|p2a: Skarmory|228\/333 brn
|
|-heal|p1a: Zapdos|336\/384|[from] item: Leftovers
|-heal|p2a: Skarmory|248\/333 brn|[from] item: Leftovers
|-damage|p2a: Skarmory|207\/333 brn|[from] brn
|turn|75
|
|switch|p2a: Clefable|Clefable, M|378\/393 brn
|move|p1a: Zapdos|Volt Switch|p2a: Clefable
|-damage|p2a: Clefable|267\/393 brn
|
|switch|p1a: Jirachi|Jirachi|403\/403
|
|-heal|p2a: Clefable|291\/393 brn|[from] item: Leftovers
|turn|76
|
|switch|p2a: Skarmory|Skarmory, F|207\/333 brn
|move|p1a: Jirachi|Iron Head|p2a: Skarmory
|-resisted|p2a: Skarmory
|-damage|p2a: Skarmory|180\/333 brn
|
|-heal|p2a: Skarmory|200\/333 brn|[from] item: Leftovers
|-damage|p2a: Skarmory|159\/333 brn|[from] brn
|turn|77
|
|move|p1a: Jirachi|Iron Head|p2a: Skarmory
|-resisted|p2a: Skarmory
|-damage|p2a: Skarmory|132\/333 brn
|cant|p2a: Skarmory|flinch
|
|-heal|p2a: Skarmory|152\/333 brn|[from] item: Leftovers
|-damage|p2a: Skarmory|111\/333 brn|[from] brn
|turn|78
|
|move|p1a: Jirachi|Iron Head|p2a: Skarmory
|-resisted|p2a: Skarmory
|-damage|p2a: Skarmory|85\/333 brn
|cant|p2a: Skarmory|flinch
|
|-heal|p2a: Skarmory|105\/333 brn|[from] item: Leftovers
|-damage|p2a: Skarmory|64\/333 brn|[from] brn
|turn|79
|c|âDeeTrain|!data iron head
|c|~|\/data-move Iron Head

|
|move|p1a: Jirachi|Iron Head|p2a: Skarmory
|-resisted|p2a: Skarmory
|-damage|p2a: Skarmory|35\/333 brn
|cant|p2a: Skarmory|flinch
|
|-heal|p2a: Skarmory|55\/333 brn|[from] item: Leftovers
|-damage|p2a: Skarmory|14\/333 brn|[from] brn
|turn|80
|c|âDeeTrain|!data serene grace
|c|~|\/data-ability Serene Grace

|
|move|p1a: Jirachi|Iron Head|p2a: Skarmory
|-resisted|p2a: Skarmory
|-damage|p2a: Skarmory|0 fnt
|faint|p2a: Skarmory
|
|
|switch|p2a: Mamoswine|Mamoswine, F|172\/361
|turn|81
|
|switch|p1a: Zapdos|Zapdos|336\/384
|-ability|p1a: Zapdos|Pressure
|move|p2a: Mamoswine|Earthquake|p1a: Zapdos
|-immune|p1a: Zapdos|[msg]
|
|-heal|p1a: Zapdos|360\/384|[from] item: Leftovers
|turn|82
|
|move|p2a: Mamoswine|Icicle Spear|p1a: Zapdos
|-supereffective|p1a: Zapdos
|-damage|p1a: Zapdos|212\/384
|-supereffective|p1a: Zapdos
|-damage|p1a: Zapdos|87\/384
|-crit|p1a: Zapdos
|-supereffective|p1a: Zapdos
|-damage|p1a: Zapdos|0 fnt
|-hitcount|p1a: Zapdos|3
|-damage|p2a: Mamoswine|136\/361|[from] item: Life Orb
|faint|p1a: Zapdos
|
|join|patropy
|
|switch|p1a: Clefable|Clefable, F|393\/393
|turn|83
|
|switch|p2a: Clefable|Clefable, M|291\/393 brn
|move|p1a: Clefable|Moonblast|p2a: Clefable
|-damage|p2a: Clefable|179\/393 brn
|
|-heal|p2a: Clefable|203\/393 brn|[from] item: Leftovers
|turn|84
|join|theleopkm
|leave|theleopkm
|join|HERA-HERA
|
|switch|p1a: Jirachi|Jirachi|403\/403
|move|p2a: Clefable|Stealth Rock|p1a: Jirachi
|-sidestart|p1: Heidi's lover|move: Stealth Rock
|
|-heal|p2a: Clefable|227\/393 brn|[from] item: Leftovers
|turn|85
|
|switch|p2a: Dragonite|Dragonite, F|329\/329
|move|p1a: Jirachi|Iron Head|p2a: Dragonite
|-damage|p2a: Dragonite|278\/329
|
|turn|86
|leave|HERA-HERA
|
|switch|p1a: Clefable|Clefable, F|393\/393
|-damage|p1a: Clefable|344\/393|[from] Stealth Rock
|move|p2a: Dragonite|Earthquake|p1a: Clefable
|-damage|p1a: Clefable|225\/393
|
|-heal|p1a: Clefable|249\/393|[from] item: Leftovers
|turn|87
|leave|IS FlaSh Dunois
|
|move|p2a: Dragonite|Earthquake|p1a: Clefable
|-damage|p1a: Clefable|136\/393
|move|p1a: Clefable|Moonblast|p2a: Dragonite
|-supereffective|p2a: Dragonite
|-damage|p2a: Dragonite|74\/329
|
|-heal|p1a: Clefable|160\/393|[from] item: Leftovers
|turn|88
|
|move|p2a: Dragonite|Earthquake|p1a: Clefable
|-damage|p1a: Clefable|51\/393
|move|p1a: Clefable|Wish|p1a: Clefable
|
|-heal|p1a: Clefable|75\/393|[from] item: Leftovers
|turn|89
|
|move|p1a: Clefable|Protect|p1a: Clefable
|-singleturn|p1a: Clefable|Protect
|move|p2a: Dragonite|Earthquake|p1a: Clefable
|-activate|p1a: Clefable|Protect
|
|-heal|p1a: Clefable|271\/393|[from] move: Wish|[wisher] Clefable
|-heal|p1a: Clefable|295\/393|[from] item: Leftovers
|turn|90
|
|move|p2a: Dragonite|Earthquake|p1a: Clefable
|-crit|p1a: Clefable
|-damage|p1a: Clefable|128\/393
|move|p1a: Clefable|Wish|p1a: Clefable
|
|-heal|p1a: Clefable|152\/393|[from] item: Leftovers
|turn|91
|
|move|p2a: Dragonite|Earthquake|p1a: Clefable
|-damage|p1a: Clefable|31\/393
|move|p1a: Clefable|Moonblast|p2a: Dragonite
|-supereffective|p2a: Dragonite
|-damage|p2a: Dragonite|0 fnt
|faint|p2a: Dragonite
|
|-heal|p1a: Clefable|227\/393|[from] move: Wish|[wisher] Clefable
|-heal|p1a: Clefable|251\/393|[from] item: Leftovers
|
|switch|p2a: Clefable|Clefable, M|227\/393 brn
|turn|92
|
|move|p1a: Clefable|Wish|p1a: Clefable
|move|p2a: Clefable|Moonblast|p1a: Clefable
|-damage|p1a: Clefable|133\/393
|-unboost|p1a: Clefable|spa|1
|
|-heal|p1a: Clefable|157\/393|[from] item: Leftovers
|-heal|p2a: Clefable|251\/393 brn|[from] item: Leftovers
|turn|93
|
|move|p1a: Clefable|Moonblast|p2a: Clefable
|-damage|p2a: Clefable|175\/393 brn
|-unboost|p2a: Clefable|spa|1
|move|p2a: Clefable|Moonblast|p1a: Clefable
|-damage|p1a: Clefable|30\/393
|
|-heal|p1a: Clefable|226\/393|[from] move: Wish|[wisher] Clefable
|-heal|p1a: Clefable|250\/393|[from] item: Leftovers
|-heal|p2a: Clefable|199\/393 brn|[from] item: Leftovers
|turn|94
|join|DarkFlare2044
|
|switch|p1a: Jirachi|Jirachi|403\/403
|-damage|p1a: Jirachi|378\/403|[from] Stealth Rock
|move|p2a: Clefable|Moonblast|p1a: Jirachi
|-resisted|p1a: Jirachi
|-damage|p1a: Jirachi|354\/403
|
|-heal|p1a: Jirachi|379\/403|[from] item: Leftovers
|-heal|p2a: Clefable|223\/393 brn|[from] item: Leftovers
|turn|95
|
|move|p1a: Jirachi|Iron Head|p2a: Clefable
|-supereffective|p2a: Clefable
|-damage|p2a: Clefable|49\/393 brn
|cant|p2a: Clefable|flinch
|
|-heal|p1a: Jirachi|403\/403|[from] item: Leftovers
|-heal|p2a: Clefable|73\/393 brn|[from] item: Leftovers
|turn|96
|
|switch|p1a: Charizard|Charizard-Mega-X, F|323\/359
|-damage|p1a: Charizard|234\/359|[from] Stealth Rock
|move|p2a: Clefable|Moonblast|p1a: Charizard
|-damage|p1a: Charizard|168\/359
|
|-heal|p2a: Clefable|97\/393 brn|[from] item: Leftovers
|turn|97
|
|move|p1a: Charizard|Earthquake|p2a: Clefable
|-damage|p2a: Clefable|1\/393 brn
|move|p2a: Clefable|Soft-Boiled|p2a: Clefable
|-heal|p2a: Clefable|198\/393 brn
|
|-heal|p2a: Clefable|222\/393 brn|[from] item: Leftovers
|turn|98
|
|move|p1a: Charizard|Earthquake|p2a: Clefable
|-damage|p2a: Clefable|131\/393 brn
|move|p2a: Clefable|Soft-Boiled|p2a: Clefable
|-heal|p2a: Clefable|328\/393 brn
|
|-heal|p2a: Clefable|352\/393 brn|[from] item: Leftovers
|turn|99
|
|move|p1a: Charizard|Earthquake|p2a: Clefable
|-damage|p2a: Clefable|264\/393 brn
|move|p2a: Clefable|Calm Mind|p2a: Clefable
|-boost|p2a: Clefable|spa|1
|-boost|p2a: Clefable|spd|1
|
|-heal|p2a: Clefable|288\/393 brn|[from] item: Leftovers
|turn|100
|leave|patropy
|-message|Heidi's lover forfeited.
|
|move|p1a: Charizard|Earthquake|p2a: Clefable
|-damage|p2a: Clefable|204\/393 brn
|move|p2a: Clefable|Moonblast|p1a: Charizard
|-damage|p1a: Charizard|60\/359
|
|-heal|p2a: Clefable|228\/393 brn|[from] item: Leftovers
|turn|101
|
|win|DeeTrain
|raw|Ladder updating...
|raw|Heidi&apos;s lover's rating: 1801 &rarr; <strong>1781<\/strong><br \/>(-20 for losing)
|raw|DeeTrain's rating: 1793 &rarr; <strong>1813<\/strong><br \/>(+20 for winning)