|join|ChangeInTemp
|join|DeeTrain
|player|p1|ChangeInTemp|202
|player|p2|DeeTrain|102
|gametype|singles
|gen|6
|tier|OU
|clearpoke
|poke|p1|Medicham, F, shiny
|poke|p1|Diggersby, F, shiny
|poke|p1|Volcarona, F, shiny
|poke|p1|Gliscor, F, shiny
|poke|p1|Magnezone, shiny
|poke|p1|Espeon, M, shiny
|poke|p2|Thundurus-Therian, M
|poke|p2|Sableye, F
|poke|p2|Gardevoir, F
|poke|p2|Hawlucha, F
|poke|p2|Goodra, F
|poke|p2|Mandibuzz, F
|rule|Swagger Clause: Swagger is banned
|rule|Baton Pass Clause: Limit one PokÃ©mon knowing Baton Pass
|rule|Sleep Clause Mod: Limit one foe put to sleep
|rule|Species Clause: Limit one of each PokÃ©mon
|rule|OHKO Clause: OHKO moves are banned
|rule|Moody Clause: Moody is banned
|rule|Evasion Moves Clause: Evasion moves are banned
|rule|Endless Battle Clause: Forcing endless battles is banned
|rule|HP Percentage Mod: HP is shown in percentages
|teampreview
|
|start
|switch|p1a: Greasy Jim|Diggersby, F, shiny|311\/311
|switch|p2a: Sableye|Sableye, F|303\/303
|turn|1
|
|switch|p1a: ESPN|Espeon, M, shiny|334\/334
|move|p2a: Sableye|Knock Off|p1a: ESPN
|-supereffective|p1a: ESPN
|-damage|p1a: ESPN|40\/334
|-enditem|p1a: ESPN|Light Clay|[from] move: Knock Off|[of] p2a: Sableye
|
|turn|2
|
|move|p1a: ESPN|Reflect|p1a: ESPN
|-sidestart|p1: ChangeInTemp|Reflect
|move|p2a: Sableye|Knock Off|p1a: ESPN
|-supereffective|p1a: ESPN
|-damage|p1a: ESPN|0 fnt
|faint|p1a: ESPN
|
|
|switch|p1a: Gliscor|Gliscor, F, shiny|354\/354
|turn|3
|
|move|p2a: Sableye|Will-O-Wisp|p1a: Gliscor
|-status|p1a: Gliscor|brn
|move|p1a: Gliscor|Substitute|p1a: Gliscor
|-start|p1a: Gliscor|Substitute
|-damage|p1a: Gliscor|266\/354 brn
|
|-damage|p1a: Gliscor|222\/354 brn|[from] brn
|turn|4
|
|switch|p2a: Gardevoir|Gardevoir, F|277\/277
|-ability|p2a: Gardevoir|Poison Heal|[from] ability: Trace|[of] p1a: Gliscor
|move|p1a: Gliscor|Stealth Rock|p2a: Gardevoir
|-sidestart|p2: DeeTrain|move: Stealth Rock
|
|-damage|p1a: Gliscor|178\/354 brn|[from] brn
|turn|5
|
|switch|p1a: Magnezone|Magnezone, shiny|282\/282
|detailschange|p2a: Gardevoir|Gardevoir-Mega, F
|message|Gardevoir has Mega Evolved into Mega Gardevoir!
|move|p2a: Gardevoir|Hyper Voice|p1a: Magnezone
|-resisted|p1a: Magnezone
|-damage|p1a: Magnezone|147\/282
|
|turn|6
|
|switch|p2a: Goodra|Goodra, F|383\/383
|-damage|p2a: Goodra|336\/383|[from] Stealth Rock
|move|p1a: Magnezone|Hidden Power|p2a: Goodra
|-supereffective|p2a: Goodra
|-damage|p2a: Goodra|270\/383
|
|-sideend|p1: ChangeInTemp|Reflect
|turn|7
|
|switch|p1a: Ally Boba|Medicham, F, shiny|261\/261
|move|p2a: Goodra|Dragon Tail|p1a: Ally Boba
|-damage|p1a: Ally Boba|176\/261
|drag|p1a: Gliscor|Gliscor, F, shiny|178\/354 brn
|
|-damage|p1a: Gliscor|134\/354 brn|[from] brn
|turn|8
|
|move|p1a: Gliscor|Knock Off|p2a: Goodra
|-damage|p2a: Goodra|220\/383
|-enditem|p2a: Goodra|Assault Vest|[from] move: Knock Off|[of] p1a: Gliscor
|move|p2a: Goodra|Ice Beam|p1a: Gliscor
|-supereffective|p1a: Gliscor
|-damage|p1a: Gliscor|0 fnt
|faint|p1a: Gliscor
|
|
|switch|p1a: Ally Boba|Medicham, F, shiny|176\/261
|turn|9
|
|detailschange|p1a: Ally Boba|Medicham-Mega, F, shiny
|message|Medicham has Mega Evolved into Mega Medicham!
|move|p1a: Ally Boba|Ice Punch|p2a: Goodra
|-supereffective|p2a: Goodra
|-damage|p2a: Goodra|0 fnt
|faint|p2a: Goodra
|
|
|switch|p2a: Thundurus-Therian|Thundurus-Therian, M|298\/298
|-damage|p2a: Thundurus-Therian|224\/298|[from] Stealth Rock
|turn|10
|
|switch|p1a: Greasy Jim|Diggersby, F, shiny|311\/311
|move|p2a: Thundurus-Therian|Hidden Power|p1a: Greasy Jim
|-damage|p1a: Greasy Jim|134\/311
|-damage|p2a: Thundurus-Therian|195\/298|[from] item: Life Orb
|
|turn|11
|
|switch|p2a: Hawlucha|Hawlucha, F|297\/297
|-damage|p2a: Hawlucha|260\/297|[from] Stealth Rock
|move|p1a: Greasy Jim|Rock Slide|p2a: Hawlucha
|-crit|p2a: Hawlucha
|-damage|p2a: Hawlucha|68\/297
|-enditem|p2a: Hawlucha|Sitrus Berry|[eat]
|-heal|p2a: Hawlucha|142\/297|[from] item: Sitrus Berry
|
|turn|12
|
|move|p2a: Hawlucha|Acrobatics|p1a: Greasy Jim
|-damage|p1a: Greasy Jim|0 fnt
|faint|p1a: Greasy Jim
|
|c|âChangeInTemp|Noooooooooooo
|
|switch|p1a: Ally Boba|Medicham-Mega, F, shiny|176\/261
|turn|13
|
|move|p1a: Ally Boba|Bullet Punch|p2a: Hawlucha
|-damage|p2a: Hawlucha|41\/297
|move|p2a: Hawlucha|Acrobatics|p1a: Ally Boba
|-supereffective|p1a: Ally Boba
|-damage|p1a: Ally Boba|0 fnt
|faint|p1a: Ally Boba
|
|
|switch|p1a: Magnezone|Magnezone, shiny|147\/282
|turn|14
|
|move|p2a: Hawlucha|High Jump Kick|p1a: Magnezone
|-supereffective|p1a: Magnezone
|-damage|p1a: Magnezone|0 fnt
|faint|p1a: Magnezone
|
|
|switch|p1a: Volcarona|Volcarona, F, shiny|312\/312
|turn|15
|c|âChangeInTemp|g
|c|âChangeInTemp|g
|
|move|p2a: Hawlucha|Acrobatics|p1a: Volcarona
|-supereffective|p1a: Volcarona
|-damage|p1a: Volcarona|0 fnt
|-status|p2a: Hawlucha|brn
|faint|p1a: Volcarona
|
|win|DeeTrain
|c|âDeeTrain|gg
|c|âChangeInTemp|Fuck, I forgot about sableye.
|c|âChangeInTemp|I've never learned how to play around him.
|c|âDeeTrain|go into volcorana next time
|c|âChangeInTemp|That's going to be a hassale on my team.
|c|âChangeInTemp|Okay,
|c|âChangeInTemp|.*
|c|âDeeTrain|worst he can do is taunt to it
|c|âDeeTrain|but youll hit it hard with bugg buzz and fiery dance
|c|âChangeInTemp|True, or burn me.
|c|âDeeTrain|cant
|c|âDeeTrain|fire type
|c|âChangeInTemp|Oh yeah. xD
|c|âChangeInTemp|Try this again?
|c|âDeeTrain|ya