|join|DeeTrain
|join|miloticftw
|player|p1|DeeTrain|102
|player|p2|miloticftw|2
|gametype|singles
|gen|6
|tier|OU
|rated
|clearpoke
|poke|p1|Hippowdon, F
|poke|p1|Latias, F
|poke|p1|Dragonite, M
|poke|p1|Gyarados, M
|poke|p1|Bisharp, F
|poke|p1|Gardevoir, M
|poke|p2|Milotic, F
|poke|p2|Diancie
|poke|p2|Landorus-Therian, M
|poke|p2|Latios, M
|poke|p2|Ferrothorn, F
|poke|p2|Talonflame, F
|rule|Swagger Clause: Swagger is banned
|rule|Baton Pass Clause: Limit one PokÃ©mon knowing Baton Pass
|rule|Sleep Clause Mod: Limit one foe put to sleep
|rule|Species Clause: Limit one of each PokÃ©mon
|rule|OHKO Clause: OHKO moves are banned
|rule|Moody Clause: Moody is banned
|rule|Evasion Moves Clause: Evasion moves are banned
|rule|Endless Battle Clause: Forcing endless battles is banned
|rule|HP Percentage Mod: HP is shown in percentages
|teampreview
|
|start
|switch|p1a: Dragonite|Dragonite, M|323\/323
|switch|p2a: Diancie|Diancie|242\/242
|turn|1
|c|âDeeTrain|shiit
|
|detailschange|p2a: Diancie|Diancie-Mega
|message|Diancie has Mega Evolved into Mega Diancie!
|move|p2a: Diancie|Protect|p2a: Diancie
|-singleturn|p2a: Diancie|Protect
|move|p1a: Dragonite|Iron Tail|p2a: Diancie
|-activate|p2a: Diancie|Protect
|
|turn|2
|
|switch|p2a: Landorus-Therian|Landorus-Therian, M|382\/382
|-ability|p2a: Landorus-Therian|Intimidate|[of] p1a: Dragonite
|-unboost|p1a: Dragonite|atk|1
|move|p1a: Dragonite|Iron Tail|p2a: Landorus-Therian
|-damage|p2a: Landorus-Therian|285\/382
|
|-heal|p2a: Landorus-Therian|308\/382|[from] item: Leftovers
|turn|3
|
|switch|p1a: Hippowdon|Hippowdon, F|420\/420
|move|p2a: Landorus-Therian|U-turn|p1a: Hippowdon
|-damage|p1a: Hippowdon|368\/420
|
|switch|p2a: Milotic|Milotic, F|393\/393
|
|-heal|p1a: Hippowdon|394\/420|[from] item: Leftovers
|turn|4
|
|move|p2a: Milotic|Scald|p1a: Hippowdon
|-supereffective|p1a: Hippowdon
|-damage|p1a: Hippowdon|140\/420
|move|p1a: Hippowdon|Stealth Rock|p2a: Milotic
|-sidestart|p2: miloticftw|move: Stealth Rock
|
|-heal|p1a: Hippowdon|166\/420|[from] item: Leftovers
|turn|5
|
|switch|p1a: Latias|Latias, F|301\/301
|move|p2a: Milotic|Scald|p1a: Latias
|-resisted|p1a: Latias
|-damage|p1a: Latias|265\/301
|
|turn|6
|
|switch|p2a: Ferrothorn|Ferrothorn, F|352\/352
|-damage|p2a: Ferrothorn|330\/352|[from] Stealth Rock
|move|p1a: Latias|Psyshock|p2a: Ferrothorn
|-resisted|p2a: Ferrothorn
|-damage|p2a: Ferrothorn|275\/352
|-damage|p1a: Latias|235\/301|[from] item: Life Orb
|
|turn|7
|
|switch|p1a: Bisharp|Bisharp, F|271\/271
|move|p2a: Ferrothorn|Leech Seed|p1a: Bisharp
|-start|p1a: Bisharp|move: Leech Seed
|
|-damage|p1a: Bisharp|238\/271|[from] Leech Seed|[of] p2a: Ferrothorn
|-heal|p2a: Ferrothorn|308\/352|[silent]
|turn|8
|
|move|p1a: Bisharp|Knock Off|p2a: Ferrothorn
|-damage|p2a: Ferrothorn|175\/352
|-damage|p1a: Bisharp|205\/271|[from] ability: Iron Barbs|[of] p2a: Ferrothorn
|-enditem|p2a: Ferrothorn|Shed Shell|[from] move: Knock Off|[of] p1a: Bisharp
|-damage|p1a: Bisharp|178\/271|[from] item: Life Orb
|move|p2a: Ferrothorn|Thunder Wave|p1a: Bisharp
|-status|p1a: Bisharp|par
|
|-damage|p1a: Bisharp|145\/271 par|[from] Leech Seed|[of] p2a: Ferrothorn
|-heal|p2a: Ferrothorn|208\/352|[silent]
|turn|9
|
|move|p1a: Bisharp|Swords Dance|p1a: Bisharp
|-boost|p1a: Bisharp|atk|2
|move|p2a: Ferrothorn|Gyro Ball|p1a: Bisharp
|-resisted|p1a: Bisharp
|-damage|p1a: Bisharp|124\/271 par
|
|-damage|p1a: Bisharp|91\/271 par|[from] Leech Seed|[of] p2a: Ferrothorn
|-heal|p2a: Ferrothorn|241\/352|[silent]
|turn|10
|c|âDeeTrain|the synergy of twave and gyro ball
|
|cant|p1a: Bisharp|par
|move|p2a: Ferrothorn|Spikes|p1a: Bisharp
|-sidestart|p1: DeeTrain|Spikes
|
|-damage|p1a: Bisharp|58\/271 par|[from] Leech Seed|[of] p2a: Ferrothorn
|-heal|p2a: Ferrothorn|274\/352|[silent]
|turn|11
|
|move|p1a: Bisharp|Knock Off|p2a: Ferrothorn
|-damage|p2a: Ferrothorn|106\/352
|-damage|p1a: Bisharp|25\/271 par|[from] ability: Iron Barbs|[of] p2a: Ferrothorn
|-damage|p1a: Bisharp|0 fnt|[from] item: Life Orb
|faint|p1a: Bisharp
|move|p2a: Ferrothorn|Spikes|p1: Bisharp
|-sidestart|p1: DeeTrain|Spikes
|
|c|âDeeTrain|course the par to avoid the 2ko
|
|switch|p1a: Dragonite|Dragonite, M|323\/323
|turn|12
|
|switch|p2a: Landorus-Therian|Landorus-Therian, M|308\/382
|-damage|p2a: Landorus-Therian|261\/382|[from] Stealth Rock
|-ability|p2a: Landorus-Therian|Intimidate|[of] p1a: Dragonite
|-unboost|p1a: Dragonite|atk|1
|move|p1a: Dragonite|Superpower|p2a: Landorus-Therian
|-resisted|p2a: Landorus-Therian
|-damage|p2a: Landorus-Therian|203\/382
|-unboost|p1a: Dragonite|atk|1
|-unboost|p1a: Dragonite|def|1
|
|-heal|p2a: Landorus-Therian|226\/382|[from] item: Leftovers
|turn|13
|
|switch|p1a: Hippowdon|Hippowdon, F|166\/420
|-damage|p1a: Hippowdon|96\/420|[from] Spikes
|move|p2a: Landorus-Therian|Stealth Rock|p1a: Hippowdon
|-sidestart|p1: DeeTrain|move: Stealth Rock
|
|-heal|p2a: Landorus-Therian|249\/382|[from] item: Leftovers
|-heal|p1a: Hippowdon|122\/420|[from] item: Leftovers
|turn|14
|
|move|p2a: Landorus-Therian|Earthquake|p1a: Hippowdon
|-damage|p1a: Hippowdon|26\/420
|move|p1a: Hippowdon|Earthquake|p2a: Landorus-Therian
|-immune|p2a: Landorus-Therian|[msg]
|
|-heal|p2a: Landorus-Therian|272\/382|[from] item: Leftovers
|-heal|p1a: Hippowdon|52\/420|[from] item: Leftovers
|turn|15
|
|move|p2a: Landorus-Therian|Knock Off|p1a: Hippowdon
|-damage|p1a: Hippowdon|0 fnt
|-enditem|p1a: Hippowdon|Leftovers|[from] move: Knock Off|[of] p2a: Landorus-Therian
|faint|p1a: Hippowdon
|
|-heal|p2a: Landorus-Therian|295\/382|[from] item: Leftovers
|
|switch|p1a: Latias|Latias, F|235\/301
|-damage|p1a: Latias|198\/301|[from] Stealth Rock
|turn|16
|
|move|p1a: Latias|Defog|p2a: Landorus-Therian
|-unboost|p2a: Landorus-Therian|evasion|1
|-sideend|p2: miloticftw|Stealth Rock|[from] move: Defog|[of] p2a: Landorus-Therian
|-sideend|p1: DeeTrain|Spikes|[from] move: Defog|[of] p1a: Latias
|-sideend|p1: DeeTrain|Stealth Rock|[from] move: Defog|[of] p1a: Latias
|move|p2a: Landorus-Therian|Knock Off|p1a: Latias
|-supereffective|p1a: Latias
|-damage|p1a: Latias|0 fnt
|-enditem|p1a: Latias|Life Orb|[from] move: Knock Off|[of] p2a: Landorus-Therian
|faint|p1a: Latias
|
|-heal|p2a: Landorus-Therian|318\/382|[from] item: Leftovers
|
|switch|p1a: Gyarados|Gyarados, M|331\/331
|-ability|p1a: Gyarados|Intimidate|[of] p2a: Landorus-Therian
|-unboost|p2a: Landorus-Therian|atk|1
|turn|17
|
|move|p1a: Gyarados|Dragon Dance|p1a: Gyarados
|-boost|p1a: Gyarados|atk|1
|-boost|p1a: Gyarados|spe|1
|move|p2a: Landorus-Therian|Stealth Rock|p1a: Gyarados
|-sidestart|p1: DeeTrain|move: Stealth Rock
|
|-heal|p2a: Landorus-Therian|341\/382|[from] item: Leftovers
|turn|18
|
|move|p1a: Gyarados|Waterfall|p2a: Landorus-Therian
|-supereffective|p2a: Landorus-Therian
|-damage|p2a: Landorus-Therian|23\/382
|move|p2a: Landorus-Therian|U-turn|p1a: Gyarados
|-resisted|p1a: Gyarados
|-damage|p1a: Gyarados|301\/331
|
|switch|p2a: Milotic|Milotic, F|393\/393
|
|turn|19
|
|detailschange|p1a: Gyarados|Gyarados-Mega, M
|message|Gyarados has Mega Evolved into Mega Gyarados!
|-ability|p1a: Gyarados|Mold Breaker
|move|p1a: Gyarados|Crunch|p2a: Milotic
|-damage|p2a: Milotic|192\/393
|-unboost|p2a: Milotic|def|1
|move|p2a: Milotic|Haze|p2a: Milotic
|-clearallboost
|
|-heal|p2a: Milotic|216\/393|[from] item: Leftovers
|turn|20
|
|move|p1a: Gyarados|Dragon Dance|p1a: Gyarados
|-boost|p1a: Gyarados|atk|1
|-boost|p1a: Gyarados|spe|1
|move|p2a: Milotic|Recover|p2a: Milotic
|-heal|p2a: Milotic|393\/393
|
|turn|21
|
|switch|p2a: Landorus-Therian|Landorus-Therian, M|23\/382
|-ability|p2a: Landorus-Therian|Intimidate|[of] p1a: Gyarados
|-unboost|p1a: Gyarados|atk|1
|move|p1a: Gyarados|Crunch|p2a: Landorus-Therian
|-damage|p2a: Landorus-Therian|0 fnt
|faint|p2a: Landorus-Therian
|
|
|switch|p2a: Milotic|Milotic, F|393\/393
|turn|22
|
|move|p1a: Gyarados|Crunch|p2a: Milotic
|-damage|p2a: Milotic|251\/393
|move|p2a: Milotic|Scald|p1a: Gyarados
|-resisted|p1a: Gyarados
|-damage|p1a: Gyarados|262\/331
|
|-heal|p2a: Milotic|275\/393|[from] item: Leftovers
|turn|23
|
|move|p1a: Gyarados|Dragon Dance|p1a: Gyarados
|-boost|p1a: Gyarados|atk|1
|-boost|p1a: Gyarados|spe|1
|move|p2a: Milotic|Scald|p1a: Gyarados
|-resisted|p1a: Gyarados
|-damage|p1a: Gyarados|221\/331
|-status|p1a: Gyarados|brn
|
|-heal|p2a: Milotic|299\/393|[from] item: Leftovers
|-damage|p1a: Gyarados|180\/331 brn|[from] brn
|turn|24
|c|âDeeTrain|nice
|c|âmiloticftw|:))))
|c|âmiloticftw|scald's a bitch, i know
|c|âDeeTrain|hax to win
|
|move|p1a: Gyarados|Dragon Dance|p1a: Gyarados
|-boost|p1a: Gyarados|atk|1
|-boost|p1a: Gyarados|spe|1
|move|p2a: Milotic|Haze|p2a: Milotic
|-clearallboost
|
|-heal|p2a: Milotic|323\/393|[from] item: Leftovers
|-damage|p1a: Gyarados|139\/331 brn|[from] brn
|turn|25
|
|move|p1a: Gyarados|Crunch|p2a: Milotic
|-damage|p2a: Milotic|251\/393
|-unboost|p2a: Milotic|def|1
|move|p2a: Milotic|Recover|p2a: Milotic
|-heal|p2a: Milotic|393\/393
|
|-damage|p1a: Gyarados|98\/331 brn|[from] brn
|turn|26
|
|move|p1a: Gyarados|Crunch|p2a: Milotic
|-damage|p2a: Milotic|294\/393
|move|p2a: Milotic|Haze|p2a: Milotic
|-clearallboost
|
|-heal|p2a: Milotic|318\/393|[from] item: Leftovers
|-damage|p1a: Gyarados|57\/331 brn|[from] brn
|turn|27
|
|move|p1a: Gyarados|Crunch|p2a: Milotic
|-damage|p2a: Milotic|254\/393
|move|p2a: Milotic|Recover|p2a: Milotic
|-heal|p2a: Milotic|393\/393
|
|-damage|p1a: Gyarados|16\/331 brn|[from] brn
|turn|28
|c|âDeeTrain|gg gratz on the hax
|-message|DeeTrain forfeited.
|
|win|miloticftw
|raw|Ladder updating...
|raw|DeeTrain's rating: 1495 &rarr; <strong>1474<\/strong><br \/>(-21 for losing)
|raw|miloticftw's rating: 1473 &rarr; <strong>1494<\/strong><br \/>(+21 for winning)
|c|âmiloticftw|if there's ever a mega milotic, i'm quite sure it would
|c|âmiloticftw|destroy
|c|âmiloticftw|gyara