|join|Tyrell Rose
|join|DeeTrain
|player|p1|Tyrell Rose|157
|player|p2|DeeTrain|2
|gametype|singles
|gen|6
|tier|OU
|rated
|clearpoke
|poke|p1|Gardevoir, F
|poke|p1|Mandibuzz, F
|poke|p1|Heatran, F
|poke|p1|Ferrothorn, M
|poke|p1|Azumarill, M
|poke|p1|Landorus, M
|poke|p2|Mamoswine, F
|poke|p2|Magnezone
|poke|p2|Skarmory, M
|poke|p2|Gyarados, F
|poke|p2|Clefable, F
|poke|p2|Dragonite, M
|rule|Swagger Clause: Swagger is banned
|rule|Baton Pass Clause: Limit one PokÃ©mon knowing Baton Pass
|rule|Sleep Clause Mod: Limit one foe put to sleep
|rule|Species Clause: Limit one of each PokÃ©mon
|rule|OHKO Clause: OHKO moves are banned
|rule|Moody Clause: Moody is banned
|rule|Evasion Moves Clause: Evasion moves are banned
|rule|Endless Battle Clause: Forcing endless battles is banned
|rule|HP Percentage Mod: HP is shown in percentages
|teampreview
|
|start
|switch|p1a: Azumarill|Azumarill, M|345\/345
|switch|p2a: Magnezone|Magnezone|281\/281
|turn|1
|
|switch|p1a: Landorus|Landorus, M|319\/319
|move|p2a: Magnezone|Thunderbolt|p1a: Landorus
|-immune|p1a: Landorus|[msg]
|
|turn|2
|
|switch|p2a: Gyarados|Gyarados, F|341\/341
|-ability|p2a: Gyarados|Intimidate|[of] p1a: Landorus
|-unboost|p1a: Landorus|atk|1
|move|p1a: Landorus|Knock Off|p2a: Gyarados
|-damage|p2a: Gyarados|279\/341
|-damage|p1a: Landorus|288\/319|[from] item: Life Orb
|
|turn|3
|
|switch|p2a: Magnezone|Magnezone|281\/281
|move|p1a: Landorus|Focus Blast|p2a: Magnezone|[miss]
|-miss|p1a: Landorus|p2a: Magnezone
|
|turn|4
|
|switch|p2a: Gyarados|Gyarados, F|279\/341
|-ability|p2a: Gyarados|Intimidate|[of] p1a: Landorus
|-unboost|p1a: Landorus|atk|1
|move|p1a: Landorus|Earth Power|p2a: Gyarados
|-immune|p2a: Gyarados|[msg]
|
|turn|5
|
|switch|p1a: Ferrothorn|Ferrothorn, M|352\/352
|move|p2a: Gyarados|Ice Fang|p1a: Ferrothorn
|-damage|p1a: Ferrothorn|305\/352
|-damage|p2a: Gyarados|237\/341|[from] ability: Iron Barbs|[of] p1a: Ferrothorn
|
|-heal|p1a: Ferrothorn|327\/352|[from] item: Leftovers
|turn|6
|
|switch|p2a: Magnezone|Magnezone|281\/281
|move|p1a: Ferrothorn|Leech Seed|p2a: Magnezone
|-start|p2a: Magnezone|move: Leech Seed
|
|-heal|p1a: Ferrothorn|349\/352|[from] item: Leftovers
|-damage|p2a: Magnezone|246\/281|[from] Leech Seed|[of] p1a: Ferrothorn
|-heal|p1a: Ferrothorn|352\/352|[silent]
|turn|7
|
|move|p2a: Magnezone|Hidden Power|p1a: Ferrothorn
|-supereffective|p1a: Ferrothorn
|-damage|p1a: Ferrothorn|116\/352
|move|p1a: Ferrothorn|Stealth Rock|p2a: Magnezone
|-sidestart|p2: DeeTrain|move: Stealth Rock
|
|-heal|p1a: Ferrothorn|138\/352|[from] item: Leftovers
|-damage|p2a: Magnezone|211\/281|[from] Leech Seed|[of] p1a: Ferrothorn
|-heal|p1a: Ferrothorn|173\/352|[silent]
|turn|8
|
|move|p1a: Ferrothorn|Protect|p1a: Ferrothorn
|-singleturn|p1a: Ferrothorn|Protect
|move|p2a: Magnezone|Hidden Power|p1a: Ferrothorn
|-activate|p1a: Ferrothorn|Protect
|
|-heal|p1a: Ferrothorn|195\/352|[from] item: Leftovers
|-damage|p2a: Magnezone|176\/281|[from] Leech Seed|[of] p1a: Ferrothorn
|-heal|p1a: Ferrothorn|230\/352|[silent]
|turn|9
|
|move|p2a: Magnezone|Hidden Power|p1a: Ferrothorn
|-supereffective|p1a: Ferrothorn
|-damage|p1a: Ferrothorn|0 fnt
|faint|p1a: Ferrothorn
|
|
|switch|p1a: Landorus|Landorus, M|288\/319
|turn|10
|
|move|p2a: Magnezone|Hidden Power|p1a: Landorus
|-damage|p1a: Landorus|199\/319
|move|p1a: Landorus|Focus Blast|p2a: Magnezone|[miss]
|-miss|p1a: Landorus|p2a: Magnezone
|
|-damage|p2a: Magnezone|141\/281|[from] Leech Seed|[of] p1a: Landorus
|-heal|p1a: Landorus|234\/319|[silent]
|turn|11
|
|move|p2a: Magnezone|Hidden Power|p1a: Landorus
|-damage|p1a: Landorus|144\/319
|move|p1a: Landorus|Focus Blast|p2a: Magnezone
|-supereffective|p2a: Magnezone
|-damage|p2a: Magnezone|0 fnt
|faint|p2a: Magnezone
|
|
|switch|p2a: Mamoswine|Mamoswine, F|361\/361
|-damage|p2a: Mamoswine|316\/361|[from] Stealth Rock
|turn|12
|
|switch|p1a: Azumarill|Azumarill, M|345\/345
|move|p2a: Mamoswine|Ice Shard|p1a: Azumarill
|-resisted|p1a: Azumarill
|-damage|p1a: Azumarill|293\/345
|-damage|p2a: Mamoswine|280\/361|[from] item: Life Orb
|
|turn|13
|
|switch|p2a: Skarmory|Skarmory, M|333\/333
|-damage|p2a: Skarmory|292\/333|[from] Stealth Rock
|move|p1a: Azumarill|Aqua Jet|p2a: Skarmory
|-damage|p2a: Skarmory|241\/333
|
|-heal|p2a: Skarmory|261\/333|[from] item: Leftovers
|turn|14
|
|move|p2a: Skarmory|Defog|p1a: Azumarill
|-unboost|p1a: Azumarill|evasion|1
|-sideend|p2: DeeTrain|Stealth Rock|[from] move: Defog|[of] p2a: Skarmory
|move|p1a: Azumarill|Knock Off|p2a: Skarmory
|-damage|p2a: Skarmory|176\/333
|-enditem|p2a: Skarmory|Leftovers|[from] move: Knock Off|[of] p1a: Azumarill
|
|turn|15
|
|switch|p1a: Gardevoir|Gardevoir, F|277\/277
|-ability|p1a: Gardevoir|Sturdy|[from] ability: Trace|[of] p2a: Skarmory
|move|p2a: Skarmory|Roost|p2a: Skarmory
|-heal|p2a: Skarmory|333\/333
|
|turn|16
|
|move|p1a: Gardevoir|Calm Mind|p1a: Gardevoir
|-boost|p1a: Gardevoir|spa|1
|-boost|p1a: Gardevoir|spd|1
|move|p2a: Skarmory|Brave Bird|p1a: Gardevoir
|-damage|p1a: Gardevoir|130\/277
|-damage|p2a: Skarmory|284\/333|[from] recoil|[of] p1a: Gardevoir
|
|turn|17
|
|detailschange|p1a: Gardevoir|Gardevoir-Mega, F
|message|Gardevoir has Mega Evolved into Mega Gardevoir!
|move|p1a: Gardevoir|Hidden Power|p2a: Skarmory
|-supereffective|p2a: Skarmory
|-damage|p2a: Skarmory|0 fnt
|faint|p2a: Skarmory
|
|
|switch|p2a: Clefable|Clefable, F|393\/393
|turn|18
|
|move|p1a: Gardevoir|Hyper Voice|p2a: Clefable
|-damage|p2a: Clefable|0 fnt
|faint|p2a: Clefable
|
|
|switch|p2a: Dragonite|Dragonite, M|331\/331
|turn|19
|
|switch|p1a: Mandibuzz|Mandibuzz, F|423\/423
|move|p2a: Dragonite|Extreme Speed|p1a: Mandibuzz
|-damage|p1a: Mandibuzz|347\/423
|
|-heal|p1a: Mandibuzz|373\/423|[from] item: Leftovers
|turn|20
|
|move|p2a: Dragonite|Dragon Dance|p2a: Dragonite
|-boost|p2a: Dragonite|atk|1
|-boost|p2a: Dragonite|spe|1
|move|p1a: Mandibuzz|Toxic|p2a: Dragonite|[miss]
|-miss|p1a: Mandibuzz|p2a: Dragonite
|
|-heal|p1a: Mandibuzz|399\/423|[from] item: Leftovers
|turn|21
|
|move|p2a: Dragonite|Dragon Dance|p2a: Dragonite
|-boost|p2a: Dragonite|atk|1
|-boost|p2a: Dragonite|spe|1
|move|p1a: Mandibuzz|Foul Play|p2a: Dragonite
|-damage|p2a: Dragonite|134\/331
|
|-heal|p1a: Mandibuzz|423\/423|[from] item: Leftovers
|turn|22
|
|move|p2a: Dragonite|Outrage|p1a: Mandibuzz
|-damage|p1a: Mandibuzz|30\/423
|move|p1a: Mandibuzz|Foul Play|p2a: Dragonite
|-damage|p2a: Dragonite|0 fnt
|faint|p2a: Dragonite
|
|-heal|p1a: Mandibuzz|56\/423|[from] item: Leftovers
|
|switch|p2a: Gyarados|Gyarados, F|237\/341
|-ability|p2a: Gyarados|Intimidate|[of] p1a: Mandibuzz
|-unboost|p1a: Mandibuzz|atk|1
|turn|23
|
|detailschange|p2a: Gyarados|Gyarados-Mega, F
|message|Gyarados has Mega Evolved into Mega Gyarados!
|-ability|p2a: Gyarados|Mold Breaker
|move|p2a: Gyarados|Dragon Dance|p2a: Gyarados
|-boost|p2a: Gyarados|atk|1
|-boost|p2a: Gyarados|spe|1
|move|p1a: Mandibuzz|Toxic|p2a: Gyarados
|-status|p2a: Gyarados|tox
|
|-heal|p1a: Mandibuzz|82\/423|[from] item: Leftovers
|-damage|p2a: Gyarados|216\/341 tox|[from] psn
|turn|24
|
|move|p2a: Gyarados|Ice Fang|p1a: Mandibuzz
|-supereffective|p1a: Mandibuzz
|-damage|p1a: Mandibuzz|0 fnt
|faint|p1a: Mandibuzz
|
|-damage|p2a: Gyarados|174\/341 tox|[from] psn
|
|switch|p1a: Azumarill|Azumarill, M|293\/345
|turn|25
|
|move|p2a: Gyarados|Earthquake|p1a: Azumarill
|-damage|p1a: Azumarill|47\/345
|move|p1a: Azumarill|Play Rough|p2a: Gyarados
|-supereffective|p2a: Gyarados
|-damage|p2a: Gyarados|0 fnt
|faint|p2a: Gyarados
|
|
|switch|p2a: Mamoswine|Mamoswine, F|280\/361
|turn|26
|
|move|p2a: Mamoswine|Ice Shard|p1a: Azumarill
|-resisted|p1a: Azumarill
|-damage|p1a: Azumarill|0 fnt
|-damage|p2a: Mamoswine|244\/361|[from] item: Life Orb
|faint|p1a: Azumarill
|
|
|switch|p1a: Heatran|Heatran, F|323\/323
|turn|27
|
|move|p1a: Heatran|Flash Cannon|p2a: Mamoswine
|-supereffective|p2a: Mamoswine
|-damage|p2a: Mamoswine|0 fnt
|faint|p2a: Mamoswine
|
|win|Tyrell Rose
|raw|Ladder updating...
|raw|Tyrell Rose's rating: 1446 &rarr; <strong>1471<\/strong><br \/>(+25 for winning)
|raw|DeeTrain's rating: 1540 &rarr; <strong>1515<\/strong><br \/>(-25 for losing)
|c|âDeeTrain|gg
|leave|DeeTrain
|player|p2