|join|Syberia
|join|DeeTrain
|c|âSyberia|glhf
|player|p1|Syberia|26
|player|p2|DeeTrain|2
|gametype|singles
|gen|6
|tier|OU
|clearpoke
|poke|p1|Garchomp, F
|poke|p1|Rotom-Wash
|poke|p1|Scizor, F, shiny
|poke|p1|Gyarados, F, shiny
|poke|p1|Talonflame, F
|poke|p1|Breloom, F, shiny
|poke|p2|Klefki, M
|poke|p2|Dragonite, M
|poke|p2|Bisharp, M
|poke|p2|Metagross
|poke|p2|Starmie
|poke|p2|Heatran, F
|rule|Swagger Clause: Swagger is banned
|rule|Baton Pass Clause: Limit one PokÃ©mon knowing Baton Pass
|rule|Sleep Clause Mod: Limit one foe put to sleep
|rule|Species Clause: Limit one of each PokÃ©mon
|rule|OHKO Clause: OHKO moves are banned
|rule|Moody Clause: Moody is banned
|rule|Evasion Moves Clause: Evasion moves are banned
|rule|Endless Battle Clause: Forcing endless battles is banned
|rule|HP Percentage Mod: HP is shown in percentages
|teampreview
|c|âDeeTrain|gl and hf
|
|start
|switch|p1a: iWash|Rotom-Wash|304\/304
|switch|p2a: Hepheastues|Heatran, F|323\/323
|-item|p2a: Hepheastues|Air Balloon
|turn|1
|
|move|p2a: Hepheastues|Stealth Rock|p1a: iWash
|-sidestart|p1: Syberia|move: Stealth Rock
|move|p1a: iWash|Hydro Pump|p2a: Hepheastues
|-supereffective|p2a: Hepheastues
|-damage|p2a: Hepheastues|45\/323
|-enditem|p2a: Hepheastues|Air Balloon
|
|turn|2
|
|switch|p2a: KEYTOVICTORY|Klefki, M|317\/317
|move|p1a: iWash|Hydro Pump|p2a: KEYTOVICTORY
|-damage|p2a: KEYTOVICTORY|209\/317
|
|-heal|p2a: KEYTOVICTORY|228\/317|[from] item: Leftovers
|turn|3
|
|move|p2a: KEYTOVICTORY|Toxic|p1a: iWash
|-status|p1a: iWash|tox
|move|p1a: iWash|Volt Switch|p2a: KEYTOVICTORY
|-damage|p2a: KEYTOVICTORY|165\/317
|
|switch|p1a: Switchblade|Scizor, F, shiny|343\/343
|-damage|p1a: Switchblade|301\/343|[from] Stealth Rock
|
|-heal|p2a: KEYTOVICTORY|184\/317|[from] item: Leftovers
|-heal|p1a: Switchblade|322\/343|[from] item: Leftovers
|turn|4
|
|move|p2a: KEYTOVICTORY|Thunder Wave|p1a: Switchblade
|-status|p1a: Switchblade|par
|move|p1a: Switchblade|Defog|p2a: KEYTOVICTORY
|-unboost|p2a: KEYTOVICTORY|evasion|1
|-sideend|p1: Syberia|Stealth Rock|[from] move: Defog|[of] p1a: Switchblade
|
|-heal|p2a: KEYTOVICTORY|203\/317|[from] item: Leftovers
|-heal|p1a: Switchblade|343\/343 par|[from] item: Leftovers
|turn|5
|
|move|p2a: KEYTOVICTORY|Spikes|p1a: Switchblade
|-sidestart|p1: Syberia|Spikes
|move|p1a: Switchblade|U-turn|p2a: KEYTOVICTORY
|-resisted|p2a: KEYTOVICTORY
|-damage|p2a: KEYTOVICTORY|165\/317
|
|switch|p1a: Sharknado|Garchomp, F|358\/358
|-damage|p1a: Sharknado|314\/358|[from] Spikes
|
|-heal|p2a: KEYTOVICTORY|184\/317|[from] item: Leftovers
|turn|6
|
|move|p2a: KEYTOVICTORY|Spikes|p1a: Sharknado
|-sidestart|p1: Syberia|Spikes
|move|p1a: Sharknado|Stealth Rock|p2a: KEYTOVICTORY
|-sidestart|p2: DeeTrain|move: Stealth Rock
|
|-heal|p2a: KEYTOVICTORY|203\/317|[from] item: Leftovers
|turn|7
|
|move|p2a: KEYTOVICTORY|Spikes|p1a: Sharknado
|-sidestart|p1: Syberia|Spikes
|move|p1a: Sharknado|Earthquake|p2a: KEYTOVICTORY
|-supereffective|p2a: KEYTOVICTORY
|-damage|p2a: KEYTOVICTORY|0 fnt
|faint|p2a: KEYTOVICTORY
|
|
|switch|p2a: Starro|Starmie|261\/261
|-damage|p2a: Starro|229\/261|[from] Stealth Rock
|turn|8
|
|move|p2a: Starro|Ice Beam|p1a: Sharknado
|-supereffective|p1a: Sharknado
|-damage|p1a: Sharknado|0 fnt
|-damage|p2a: Starro|203\/261|[from] item: Life Orb
|faint|p1a: Sharknado
|
|
|switch|p1a: Pontiac|Talonflame, F|297\/297
|turn|9
|
|move|p1a: Pontiac|Brave Bird|p2a: Starro
|-damage|p2a: Starro|0 fnt
|-damage|p1a: Pontiac|230\/297|[from] recoil|[of] p2a: Starro
|faint|p2a: Starro
|
|
|switch|p2a: Dr. Doom|Metagross|301\/301
|-damage|p2a: Dr. Doom|283\/301|[from] Stealth Rock
|turn|10
|
|switch|p2a: Hepheastues|Heatran, F|45\/323
|-damage|p2a: Hepheastues|5\/323|[from] Stealth Rock
|move|p1a: Pontiac|Flare Blitz|p2a: Hepheastues
|-start|p2a: Hepheastues|ability: Flash Fire
|
|turn|11
|
|move|p1a: Pontiac|Brave Bird|p2a: Hepheastues
|-resisted|p2a: Hepheastues
|-damage|p2a: Hepheastues|0 fnt
|-damage|p1a: Pontiac|228\/297|[from] recoil|[of] p2a: Hepheastues
|faint|p2a: Hepheastues
|
|
|switch|p2a: SUPERMAN|Dragonite, M|323\/323
|-damage|p2a: SUPERMAN|243\/323|[from] Stealth Rock
|turn|12
|
|move|p2a: SUPERMAN|Extreme Speed|p1a: Pontiac
|-damage|p1a: Pontiac|16\/297
|move|p1a: Pontiac|Brave Bird|p2a: SUPERMAN
|-damage|p2a: SUPERMAN|39\/323
|-damage|p1a: Pontiac|0 fnt|[from] recoil|[of] p2a: SUPERMAN
|faint|p1a: Pontiac
|
|
|switch|p1a: Switchblade|Scizor, F, shiny|343\/343 par
|-damage|p1a: Switchblade|258\/343 par|[from] Spikes
|turn|13
|
|move|p2a: SUPERMAN|Extreme Speed|p1a: Switchblade
|-resisted|p1a: Switchblade
|-damage|p1a: Switchblade|176\/343 par
|move|p1a: Switchblade|Bullet Punch|p2a: SUPERMAN
|-damage|p2a: SUPERMAN|0 fnt
|faint|p2a: SUPERMAN
|
|-heal|p1a: Switchblade|197\/343 par|[from] item: Leftovers
|
|switch|p2a: LORDVADER|Bisharp, M|271\/271
|-damage|p2a: LORDVADER|255\/271|[from] Stealth Rock
|turn|14
|
|move|p2a: LORDVADER|Swords Dance|p2a: LORDVADER
|-boost|p2a: LORDVADER|atk|2
|move|p1a: Switchblade|U-turn|p2a: LORDVADER
|-damage|p2a: LORDVADER|120\/271
|
|switch|p1a: Shiitake|Breloom, F, shiny|262\/262
|-damage|p1a: Shiitake|197\/262|[from] Spikes
|
|turn|15
|
|move|p2a: LORDVADER|Sucker Punch|p1a: Shiitake
|-resisted|p1a: Shiitake
|-damage|p1a: Shiitake|0 fnt
|-damage|p2a: LORDVADER|93\/271|[from] item: Life Orb
|faint|p1a: Shiitake
|
|
|switch|p1a: iWash|Rotom-Wash|304\/304 tox
|turn|16
|
|move|p2a: LORDVADER|Knock Off|p1a: iWash
|-damage|p1a: iWash|2\/304 tox
|-enditem|p1a: iWash|Leftovers|[from] move: Knock Off|[of] p2a: LORDVADER
|-damage|p2a: LORDVADER|66\/271|[from] item: Life Orb
|move|p1a: iWash|Volt Switch|p2a: LORDVADER
|-crit|p2a: LORDVADER
|-damage|p2a: LORDVADER|0 fnt
|faint|p2a: LORDVADER
|c|âSyberia|2 hp lol
|
|switch|p1a: Switchblade|Scizor, F, shiny|197\/343 par
|-damage|p1a: Switchblade|112\/343 par|[from] Spikes
|
|-heal|p1a: Switchblade|133\/343 par|[from] item: Leftovers
|c|âDeeTrain|clutch
|
|switch|p2a: Dr. Doom|Metagross|283\/301
|-damage|p2a: Dr. Doom|265\/301|[from] Stealth Rock
|turn|17
|
|detailschange|p2a: Dr. Doom|Metagross-Mega
|-mega|p2a: Dr. Doom|Metagross|Metagrossite
|move|p2a: Dr. Doom|Earthquake|p1a: Switchblade
|-damage|p1a: Switchblade|7\/343 par
|cant|p1a: Switchblade|par
|
|-heal|p1a: Switchblade|28\/343 par|[from] item: Leftovers
|turn|18
|c|âSyberia|well you won the speed tie, so i had to get some sort of luck lol
|
|move|p1a: Switchblade|Bullet Punch|p2a: Dr. Doom
|-resisted|p2a: Dr. Doom
|-damage|p2a: Dr. Doom|223\/301
|move|p2a: Dr. Doom|Earthquake|p1a: Switchblade
|-damage|p1a: Switchblade|0 fnt
|faint|p1a: Switchblade
|
|
|switch|p1a: KINGOFKARP|Gyarados, F, shiny|331\/331
|-ability|p1a: KINGOFKARP|Intimidate|[of] p2a: Dr. Doom
|-unboost|p2a: Dr. Doom|atk|1
|turn|19
|
|move|p2a: Dr. Doom|Ice Punch|p1a: KINGOFKARP
|-damage|p1a: KINGOFKARP|233\/331
|move|p1a: KINGOFKARP|Dragon Dance|p1a: KINGOFKARP
|-boost|p1a: KINGOFKARP|atk|1
|-boost|p1a: KINGOFKARP|spe|1
|
|turn|20
|c|âSyberia|gg
|c|âDeeTrain|gg
|
|detailschange|p1a: KINGOFKARP|Gyarados-Mega, F, shiny
|-mega|p1a: KINGOFKARP|Gyarados|Gyaradosite
|-ability|p1a: KINGOFKARP|Mold Breaker
|move|p1a: KINGOFKARP|Crunch|p2a: Dr. Doom
|-supereffective|p2a: Dr. Doom
|-damage|p2a: Dr. Doom|0 fnt
|faint|p2a: Dr. Doom
|
|win|Syberia
|c|âDeeTrain|wp
|c|âSyberia|ty
|c|âSyberia|i knew i shoulda spored with loom :'(
|leave|DeeTrain
|join|DeeTrain
|leave|DeeTrain
|c|âSyberia|almost cost me the game
|player|p2