|join|Amphorce
|join|shartruce2
|player|p1|Amphorce|181
|player|p2|shartruce2|43
|gametype|singles
|gen|4
|tier|[Gen 4] OU
|rule|Sleep Clause Mod: Limit one foe put to sleep
|rule|Species Clause: Limit one of each PokÃ©mon
|rule|OHKO Clause: OHKO moves are banned
|rule|Moody Clause: Moody is banned
|rule|Evasion Moves Clause: Evasion moves are banned
|rule|Endless Battle Clause: Forcing endless battles is banned
|rule|HP Percentage Mod: HP is shown in percentages
|
|start
|switch|p1a: Swampert|Swampert, F|404\/404
|switch|p2a: Azelf|Azelf|291\/291
|turn|1
|c|âAmphorce|gl
|c|âshartruce2|gl
|join|RedKingAlmighty
|
|move|p2a: Azelf|Taunt|p1a: Swampert
|-start|p1a: Swampert|move: Taunt
|cant|p1a: Swampert|move: Taunt|Stealth Rock
|
|turn|2
|
|switch|p1a: Scizor|Scizor, M|343\/343
|move|p2a: Azelf|Stealth Rock|p1a: Scizor
|-sidestart|p1: Amphorce|move: Stealth Rock
|
|turn|3
|join|Agilis
|join|Snickered
|join|juNUI
|
|move|p2a: Azelf|Explosion|p1a: Scizor
|-crit|p1a: Scizor
|-resisted|p1a: Scizor
|-damage|p1a: Scizor|0 fnt
|faint|p1a: Scizor
|faint|p2a: Azelf
|
|c|âshartruce2|oop
|c| Snickered|that crit
|join|jacksoras
|c|âshartruce2|my b
|leave|jacksoras
|c|âAmphorce|thats fine
|join|kawaii camel
|c|âAmphorce|its my typical luck
|join|yolocalypse
|
|switch|p2a: Shaymin|Shaymin|342\/342
|switch|p1a: Swampert|Swampert, F|404\/404
|-damage|p1a: Swampert|379\/404|[from] Stealth Rock
|turn|4
|c|âAmphorce|hax seems kinda crazy today on showdown
|join|asdfCookie
|
|switch|p1a: Celebi|Celebi|399\/399
|-damage|p1a: Celebi|350\/399|[from] Stealth Rock
|move|p2a: Shaymin|Seed Flare|p1a: Celebi
|-resisted|p1a: Celebi
|-damage|p1a: Celebi|241\/399
|-damage|p2a: Shaymin|308\/342|[from] item: Life Orb
|
|turn|5
|c| Snickered|stay in i bet you 5 bucks he doesn't have seed flare
|c| Snickered|nvm
|join|TBG Scrafty Alt
|join|chiefpoptart
|leave|TBG Scrafty Alt
|
|move|p2a: Shaymin|Hidden Power|p1a: Celebi
|-crit|p1a: Celebi
|-supereffective|p1a: Celebi
|-damage|p1a: Celebi|0 fnt
|-damage|p2a: Shaymin|274\/342|[from] item: Life Orb
|faint|p1a: Celebi
|
|c| Snickered|;-;
|c|âshartruce2|dam
|c| Snickered|hp bug
|c| Snickered|crit didn't matter
|leave|yolocalypse
|c|âAmphorce|lol
|leave|asdfCookie
|join|mrlbird33
|join|Louisxd
|c|âAmphorce|hmm... is it ice or fire?
|c| chiefpoptart|bug
|c| chiefpoptart|lol
|
|switch|p1a: Dragonite|Dragonite, M|386\/386
|-damage|p1a: Dragonite|290\/386|[from] Stealth Rock
|turn|6
|join|SilverShyGuy
|c| Louisxd|nothing says gen4 like hp bug
|
|move|p2a: Shaymin|Hidden Power|p1a: Dragonite
|-supereffective|p1a: Dragonite
|-damage|p1a: Dragonite|0 fnt
|-damage|p2a: Shaymin|240\/342|[from] item: Life Orb
|faint|p1a: Dragonite
|
|c| kawaii camel|hp bug keldeo in gen v
|c| chiefpoptart|ice
|c| kawaii camel|:)
|c|âAmphorce|i dont think i can come back now
|leave|Agilis
|c|âAmphorce|shaymin get earth power?
|c| Louisxd|lol
|c| kawaii camel|yes
|c| Louisxd|y
|c| Snickered|nah reveal the hp fire on swampert
|c|âAmphorce|yeah, i lost
|c| chiefpoptart|sheeeeeetttt
|c| Louisxd|:)
|
|switch|p1a: Magnezone|Magnezone|281\/281
|-damage|p1a: Magnezone|264\/281|[from] Stealth Rock
|turn|7
|c| chiefpoptart|that doesnt mean he has it
|c| Louisxd|zone
|
|move|p2a: Shaymin|Earth Power|p1a: Magnezone
|-supereffective|p1a: Magnezone
|-damage|p1a: Magnezone|0 fnt
|-damage|p2a: Shaymin|206\/342|[from] item: Life Orb
|faint|p1a: Magnezone
|
|c| chiefpoptart|lol
|c| Snickered|shaymin op
|c|âAmphorce|hmm
|leave|juNUI
|
|switch|p1a: Starmie|Starmie|324\/324
|-damage|p1a: Starmie|284\/324|[from] Stealth Rock
|turn|8
|c| Louisxd|shaymin-s more op
|leave|SilverShyGuy
|
|move|p1a: Starmie|Surf|p2a: Shaymin
|-resisted|p2a: Shaymin
|-damage|p2a: Shaymin|150\/342
|move|p2a: Shaymin|Seed Flare|p1a: Starmie|[miss]
|-miss|p2a: Shaymin|p1a: Starmie
|
|-heal|p1a: Starmie|304\/324|[from] item: Leftovers
|turn|9
|join|SilverShyGuy
|join|Too much swog
|c| Snickered|dude your whole team gets bodied by shaymin bar scizor
|
|move|p1a: Starmie|Surf|p2a: Shaymin
|-resisted|p2a: Shaymin
|-damage|p2a: Shaymin|96\/342
|move|p2a: Shaymin|Seed Flare|p1a: Starmie
|-crit|p1a: Starmie
|-supereffective|p1a: Starmie
|-damage|p1a: Starmie|0 fnt
|-damage|p2a: Shaymin|62\/342|[from] item: Life Orb
|faint|p1a: Starmie
|
|c| Louisxd|nice and miss
|c| Snickered|ofc crit lol
|c|âAmphorce|yeah, its pretty bad
|c|âAmphorce|my first team for this gen
|
|switch|p1a: Swampert|Swampert, F|379\/404
|-damage|p1a: Swampert|354\/404|[from] Stealth Rock
|turn|10
|
|move|p2a: Shaymin|Seed Flare|p1a: Swampert
|-supereffective|p1a: Swampert
|-damage|p1a: Swampert|0 fnt
|-damage|p2a: Shaymin|28\/342|[from] item: Life Orb
|faint|p1a: Swampert
|
|win|shartruce2
|c|âAmphorce|gg
|c| Snickered|almost every kill was a crit
|c|âshartruce2|gg
|leave|Snickered
|leave|shartruce2
|player|p2
|leave|SilverShyGuy
|leave|Louisxd