|join|shartruce2
|join|Ox the Box
|c|âOx the Box|glhf
|player|p1|shartruce2|43
|player|p2|Ox the Box|201
|gametype|singles
|gen|6
|tier|OU
|clearpoke
|poke|p1|Landorus-Therian, M
|poke|p1|Heracross, F
|poke|p1|Clefable, F
|poke|p1|Thundurus, M
|poke|p1|Metagross
|poke|p1|Latios, M
|poke|p2|Alomomola, M
|poke|p2|Hippowdon, F
|poke|p2|Metagross
|poke|p2|Excadrill, F
|poke|p2|Keldeo
|poke|p2|Amoonguss, F
|rule|Swagger Clause: Swagger is banned
|rule|Baton Pass Clause: Limit one PokÃ©mon knowing Baton Pass
|rule|Sleep Clause Mod: Limit one foe put to sleep
|rule|Species Clause: Limit one of each PokÃ©mon
|rule|OHKO Clause: OHKO moves are banned
|rule|Moody Clause: Moody is banned
|rule|Evasion Moves Clause: Evasion moves are banned
|rule|Endless Battle Clause: Forcing endless battles is banned
|rule|HP Percentage Mod: HP is shown in percentages
|teampreview
|c|âshartruce2|u2
|
|start
|switch|p1a: S RANK BLUE DRAGON|Latios, M|302\/302
|switch|p2a: Hippowdon|Hippowdon, F|420\/420
|-weather|Sandstorm
|turn|1
|join|Pokemon a shit
|join|Alldaalts
|join|hashtag fabulous
|
|switch|p2a: Metagross|Metagross|301\/301
|move|p1a: S RANK BLUE DRAGON|Draco Meteor|p2a: Metagross
|-resisted|p2a: Metagross
|-damage|p2a: Metagross|124\/301
|-unboost|p1a: S RANK BLUE DRAGON|spa|2
|-damage|p1a: S RANK BLUE DRAGON|272\/302|[from] item: Life Orb
|
|-weather|Sandstorm|[upkeep]
|-damage|p1a: S RANK BLUE DRAGON|254\/302|[from] sandstorm
|turn|2
|
|detailschange|p2a: Metagross|Metagross-Mega
|-mega|p2a: Metagross|Metagross|Metagrossite
|move|p2a: Metagross|Pursuit|p1a: S RANK BLUE DRAGON|[from]Pursuit
|-supereffective|p1a: S RANK BLUE DRAGON
|-damage|p1a: S RANK BLUE DRAGON|0 fnt
|faint|p1a: S RANK BLUE DRAGON
|
|-weather|Sandstorm|[upkeep]
|leave|hashtag fabulous
|c| Jefo|I used that
|
|switch|p1a: S RANK PIVOT|Landorus-Therian, M|320\/320
|-ability|p1a: S RANK PIVOT|Intimidate|[of] p2a: Metagross
|-unboost|p2a: Metagross|atk|1
|turn|3
|c|âOx the Box|it's cool
|join|Yoshiraptor
|
|switch|p2a: Alomomola|Alomomola, M|501\/501
|move|p1a: S RANK PIVOT|U-turn|p2a: Alomomola
|-damage|p2a: Alomomola|420\/501
|
|switch|p1a: EX S RANK|Clefable, F|394\/394
|
|-weather|Sandstorm|[upkeep]
|-damage|p2a: Alomomola|389\/501|[from] sandstorm
|-heal|p2a: Alomomola|420\/501|[from] item: Leftovers
|turn|4
|
|move|p2a: Alomomola|Wish|p2a: Alomomola
|move|p1a: EX S RANK|Stealth Rock|p2a: Alomomola
|-sidestart|p2: Ox the Box|move: Stealth Rock
|
|-weather|Sandstorm|[upkeep]
|-damage|p2a: Alomomola|389\/501|[from] sandstorm
|-heal|p2a: Alomomola|420\/501|[from] item: Leftovers
|turn|5
|
|switch|p2a: Excadrill|Excadrill, F|361\/361
|-damage|p2a: Excadrill|350\/361|[from] Stealth Rock
|move|p1a: EX S RANK|Flamethrower|p2a: Excadrill
|-supereffective|p2a: Excadrill
|-damage|p2a: Excadrill|160\/361
|
|-weather|none
|-heal|p2a: Excadrill|361\/361|[from] move: Wish|[wisher] Alomomola
|turn|6
|
|switch|p1a: S RANK PIVOT|Landorus-Therian, M|320\/320
|-ability|p1a: S RANK PIVOT|Intimidate|[of] p2a: Excadrill
|-unboost|p2a: Excadrill|atk|1
|move|p2a: Excadrill|Iron Head|p1a: S RANK PIVOT
|-damage|p1a: S RANK PIVOT|176\/320
|-damage|p2a: Excadrill|325\/361|[from] item: Life Orb
|
|turn|7
|c|âOx the Box|pls cancel
|
|switch|p2a: Alomomola|Alomomola, M|501\/501
|-damage|p2a: Alomomola|439\/501|[from] Stealth Rock
|move|p1a: S RANK PIVOT|U-turn|p2a: Alomomola
|-damage|p2a: Alomomola|358\/501
|c|âOx the Box|oh well
|
|switch|p1a: S RANK BLUE GENIE|Thundurus, M|299\/299
|
|-heal|p2a: Alomomola|389\/501|[from] item: Leftovers
|turn|8
|
|switch|p2a: Amoonguss|Amoonguss, F|432\/432
|-damage|p2a: Amoonguss|378\/432|[from] Stealth Rock
|move|p1a: S RANK BLUE GENIE|Hidden Power|p2a: Amoonguss
|-supereffective|p2a: Amoonguss
|-damage|p2a: Amoonguss|193\/432
|-damage|p1a: S RANK BLUE GENIE|270\/299|[from] item: Life Orb
|
|-heal|p2a: Amoonguss|220\/432|[from] item: Black Sludge
|turn|9
|
|switch|p1a: NOT S RANK BUT BLU|Heracross, F|308\/308
|move|p2a: Amoonguss|Spore|p1a: NOT S RANK BUT BLU
|-status|p1a: NOT S RANK BUT BLU|slp
|
|-heal|p2a: Amoonguss|247\/432|[from] item: Black Sludge
|turn|10
|
|switch|p2a: Hippowdon|Hippowdon, F|420\/420
|-damage|p2a: Hippowdon|394\/420|[from] Stealth Rock
|-weather|Sandstorm
|cant|p1a: NOT S RANK BUT BLU|slp
|move|p1a: NOT S RANK BUT BLU|Sleep Talk|p1a: NOT S RANK BUT BLU
|move|p1a: NOT S RANK BUT BLU|Close Combat|p2a: Hippowdon|[from]Sleep Talk
|-damage|p2a: Hippowdon|18\/420
|-unboost|p1a: NOT S RANK BUT BLU|def|1
|-unboost|p1a: NOT S RANK BUT BLU|spd|1
|
|-weather|Sandstorm|[upkeep]
|-damage|p1a: NOT S RANK BUT BLU|289\/308 slp|[from] sandstorm
|-heal|p2a: Hippowdon|44\/420|[from] item: Leftovers
|turn|11
|
|cant|p1a: NOT S RANK BUT BLU|slp
|move|p1a: NOT S RANK BUT BLU|Sleep Talk|p1a: NOT S RANK BUT BLU
|move|p1a: NOT S RANK BUT BLU|Megahorn|p2a: Hippowdon|[from]Sleep Talk
|-damage|p2a: Hippowdon|0 fnt
|faint|p2a: Hippowdon
|
|-weather|Sandstorm|[upkeep]
|-damage|p1a: NOT S RANK BUT BLU|270\/308 slp|[from] sandstorm
|
|switch|p2a: Excadrill|Excadrill, F|325\/361
|-damage|p2a: Excadrill|314\/361|[from] Stealth Rock
|turn|12
|
|switch|p1a: S RANK PIVOT|Landorus-Therian, M|176\/320
|-ability|p1a: S RANK PIVOT|Intimidate|[of] p2a: Excadrill
|-unboost|p2a: Excadrill|atk|1
|move|p2a: Excadrill|Iron Head|p1a: S RANK PIVOT
|-crit|p1a: S RANK PIVOT
|-damage|p1a: S RANK PIVOT|0 fnt
|-damage|p2a: Excadrill|278\/361|[from] item: Life Orb
|faint|p1a: S RANK PIVOT
|
|-weather|Sandstorm|[upkeep]
|c|âOx the Box|sry
|
|switch|p1a: S RANK BLUE MEGA|Metagross|302\/302
|turn|13
|c|âshartruce2|tis k
|
|switch|p2a: Alomomola|Alomomola, M|501\/501
|-damage|p2a: Alomomola|439\/501|[from] Stealth Rock
|detailschange|p1a: S RANK BLUE MEGA|Metagross-Mega
|-mega|p1a: S RANK BLUE MEGA|Metagross|Metagrossite
|move|p1a: S RANK BLUE MEGA|Hammer Arm|p2a: Alomomola
|-damage|p2a: Alomomola|288\/501
|-unboost|p1a: S RANK BLUE MEGA|spe|1
|
|-weather|Sandstorm|[upkeep]
|-damage|p2a: Alomomola|257\/501|[from] sandstorm
|-heal|p2a: Alomomola|288\/501|[from] item: Leftovers
|turn|14
|leave|Alldaalts
|
|move|p1a: S RANK BLUE MEGA|Zen Headbutt|p2a: Alomomola
|-damage|p2a: Alomomola|111\/501
|move|p2a: Alomomola|Wish|p2a: Alomomola
|
|-weather|none
|-heal|p2a: Alomomola|142\/501|[from] item: Leftovers
|turn|15
|
|switch|p1a: S RANK BLUE GENIE|Thundurus, M|270\/299
|move|p2a: Alomomola|Protect|p2a: Alomomola
|-fail|p2a: Alomomola
|
|-heal|p2a: Alomomola|392\/501|[from] move: Wish|[wisher] Alomomola
|-heal|p2a: Alomomola|423\/501|[from] item: Leftovers
|turn|16
|join|rika and hanyuu
|
|switch|p2a: Keldeo|Keldeo|323\/323
|-damage|p2a: Keldeo|303\/323|[from] Stealth Rock
|move|p1a: S RANK BLUE GENIE|Thunderbolt|p2a: Keldeo
|-supereffective|p2a: Keldeo
|-damage|p2a: Keldeo|0 fnt
|-damage|p1a: S RANK BLUE GENIE|241\/299|[from] item: Life Orb
|faint|p2a: Keldeo
|
|
|switch|p2a: Amoonguss|Amoonguss, F|391\/432
|-damage|p2a: Amoonguss|337\/432|[from] Stealth Rock
|turn|17
|
|switch|p1a: NOT S RANK BUT BLU|Heracross, F|270\/308 slp
|move|p2a: Amoonguss|Clear Smog|p1a: NOT S RANK BUT BLU
|-damage|p1a: NOT S RANK BUT BLU|219\/308 slp
|-clearboost|p1a: NOT S RANK BUT BLU
|
|-heal|p2a: Amoonguss|364\/432|[from] item: Black Sludge
|turn|18
|
|switch|p2a: Metagross|Metagross-Mega|124\/301
|-damage|p2a: Metagross|106\/301|[from] Stealth Rock
|cant|p1a: NOT S RANK BUT BLU|slp
|
|turn|19
|
|switch|p1a: S RANK BLUE MEGA|Metagross-Mega|302\/302
|move|p2a: Metagross|Meteor Mash|p1a: S RANK BLUE MEGA|[miss]
|-miss|p2a: Metagross|p1a: S RANK BLUE MEGA
|
|turn|20
|
|switch|p2a: Alomomola|Alomomola, M|501\/501
|-damage|p2a: Alomomola|439\/501|[from] Stealth Rock
|move|p1a: S RANK BLUE MEGA|Hammer Arm|p2a: Alomomola
|-damage|p2a: Alomomola|297\/501
|-unboost|p1a: S RANK BLUE MEGA|spe|1
|
|-heal|p2a: Alomomola|328\/501|[from] item: Leftovers
|turn|21
|
|switch|p1a: NOT S RANK BUT BLU|Heracross, F|219\/308 slp
|move|p2a: Alomomola|Wish|p2a: Alomomola
|
|-heal|p2a: Alomomola|359\/501|[from] item: Leftovers
|turn|22
|
|-curestatus|p1a: NOT S RANK BUT BLU|slp
|move|p1a: NOT S RANK BUT BLU|Megahorn|p2a: Alomomola
|-damage|p2a: Alomomola|80\/501
|move|p2a: Alomomola|Scald|p1a: NOT S RANK BUT BLU
|-damage|p1a: NOT S RANK BUT BLU|167\/308
|
|-heal|p2a: Alomomola|330\/501|[from] move: Wish|[wisher] Alomomola
|-heal|p2a: Alomomola|361\/501|[from] item: Leftovers
|turn|23
|
|switch|p1a: S RANK BLUE GENIE|Thundurus, M|241\/299
|move|p2a: Alomomola|Wish|p2a: Alomomola
|
|-heal|p2a: Alomomola|392\/501|[from] item: Leftovers
|turn|24
|
|switch|p1a: NOT S RANK BUT BLU|Heracross, F|167\/308
|switch|p2a: Amoonguss|Amoonguss, F|432\/432
|-damage|p2a: Amoonguss|378\/432|[from] Stealth Rock
|
|-heal|p2a: Amoonguss|432\/432|[from] move: Wish|[wisher] Alomomola
|turn|25
|
|move|p1a: NOT S RANK BUT BLU|Megahorn|p2a: Amoonguss
|-damage|p2a: Amoonguss|86\/432
|move|p2a: Amoonguss|Spore|p1a: NOT S RANK BUT BLU
|-status|p1a: NOT S RANK BUT BLU|slp
|
|-heal|p2a: Amoonguss|113\/432|[from] item: Black Sludge
|turn|26
|
|switch|p1a: S RANK BLUE MEGA|Metagross-Mega|302\/302
|move|p2a: Amoonguss|Hidden Power|p1a: S RANK BLUE MEGA
|-supereffective|p1a: S RANK BLUE MEGA
|-damage|p1a: S RANK BLUE MEGA|228\/302
|
|-heal|p2a: Amoonguss|140\/432|[from] item: Black Sludge
|turn|27
|
|switch|p1a: NOT S RANK BUT BLU|Heracross, F|167\/308 slp
|switch|p2a: Alomomola|Alomomola, M|501\/501
|-damage|p2a: Alomomola|439\/501|[from] Stealth Rock
|
|-heal|p2a: Alomomola|470\/501|[from] item: Leftovers
|turn|28
|
|move|p2a: Alomomola|Protect|p2a: Alomomola
|-singleturn|p2a: Alomomola|Protect
|cant|p1a: NOT S RANK BUT BLU|slp
|move|p1a: NOT S RANK BUT BLU|Sleep Talk|p1a: NOT S RANK BUT BLU
|move|p1a: NOT S RANK BUT BLU|Knock Off|p2a: Alomomola|[from]Sleep Talk
|-activate|p2a: Alomomola|Protect
|
|-heal|p2a: Alomomola|501\/501|[from] item: Leftovers
|turn|29
|
|-curestatus|p1a: NOT S RANK BUT BLU|slp
|move|p1a: NOT S RANK BUT BLU|Sleep Talk|p1a: NOT S RANK BUT BLU
|-fail|p1a: NOT S RANK BUT BLU
|move|p2a: Alomomola|Wish|p2a: Alomomola
|
|turn|30
|
|switch|p1a: EX S RANK|Clefable, F|394\/394
|switch|p2a: Metagross|Metagross-Mega|106\/301
|-damage|p2a: Metagross|88\/301|[from] Stealth Rock
|
|-heal|p2a: Metagross|301\/301|[from] move: Wish|[wisher] Alomomola
|turn|31
|
|switch|p1a: S RANK BLUE MEGA|Metagross-Mega|228\/302
|move|p2a: Metagross|Meteor Mash|p1a: S RANK BLUE MEGA
|-resisted|p1a: S RANK BLUE MEGA
|-damage|p1a: S RANK BLUE MEGA|141\/302
|
|turn|32
|
|switch|p2a: Alomomola|Alomomola, M|501\/501
|-damage|p2a: Alomomola|439\/501|[from] Stealth Rock
|move|p1a: S RANK BLUE MEGA|Hammer Arm|p2a: Alomomola
|-crit|p2a: Alomomola
|-damage|p2a: Alomomola|224\/501
|-unboost|p1a: S RANK BLUE MEGA|spe|1
|
|-heal|p2a: Alomomola|255\/501|[from] item: Leftovers
|turn|33
|
|move|p1a: S RANK BLUE MEGA|Zen Headbutt|p2a: Alomomola
|-damage|p2a: Alomomola|90\/501
|move|p2a: Alomomola|Wish|p2a: Alomomola
|
|-heal|p2a: Alomomola|121\/501|[from] item: Leftovers
|turn|34
|
|switch|p1a: S RANK BLUE GENIE|Thundurus, M|241\/299
|move|p2a: Alomomola|Protect|p2a: Alomomola
|-fail|p2a: Alomomola
|
|-heal|p2a: Alomomola|371\/501|[from] move: Wish|[wisher] Alomomola
|-heal|p2a: Alomomola|402\/501|[from] item: Leftovers
|turn|35
|
|move|p2a: Alomomola|Protect|p2a: Alomomola
|-singleturn|p2a: Alomomola|Protect
|move|p1a: S RANK BLUE GENIE|Hidden Power|p2a: Alomomola
|-activate|p2a: Alomomola|Protect
|
|-heal|p2a: Alomomola|433\/501|[from] item: Leftovers
|turn|36
|
|switch|p2a: Excadrill|Excadrill, F|278\/361
|-damage|p2a: Excadrill|267\/361|[from] Stealth Rock
|move|p1a: S RANK BLUE GENIE|Thunderbolt|p2a: Excadrill
|-immune|p2a: Excadrill|[msg]
|
|turn|37
|
|switch|p2a: Amoonguss|Amoonguss, F|284\/432
|-damage|p2a: Amoonguss|230\/432|[from] Stealth Rock
|move|p1a: S RANK BLUE GENIE|Focus Blast|p2a: Amoonguss|[miss]
|-miss|p1a: S RANK BLUE GENIE|p2a: Amoonguss
|
|-heal|p2a: Amoonguss|257\/432|[from] item: Black Sludge
|turn|38
|
|switch|p1a: NOT S RANK BUT BLU|Heracross, F|167\/308
|switch|p2a: Metagross|Metagross-Mega|301\/301
|-damage|p2a: Metagross|283\/301|[from] Stealth Rock
|
|turn|39
|
|switch|p1a: EX S RANK|Clefable, F|394\/394
|move|p2a: Metagross|Meteor Mash|p1a: EX S RANK
|-supereffective|p1a: EX S RANK
|-damage|p1a: EX S RANK|0 fnt
|-boost|p2a: Metagross|atk|1
|faint|p1a: EX S RANK
|
|c|âOx the Box|unfort
|
|switch|p1a: S RANK BLUE GENIE|Thundurus, M|241\/299
|turn|40
|
|move|p1a: S RANK BLUE GENIE|Thunder Wave|p2a: Metagross
|-status|p2a: Metagross|par
|cant|p2a: Metagross|par
|
|turn|41
|c|âOx the Box|:\/
|
|move|p1a: S RANK BLUE GENIE|Thunderbolt|p2a: Metagross
|-damage|p2a: Metagross|102\/301 par
|-damage|p1a: S RANK BLUE GENIE|212\/299|[from] item: Life Orb
|move|p2a: Metagross|Zen Headbutt|p1a: S RANK BLUE GENIE
|-damage|p1a: S RANK BLUE GENIE|0 fnt
|faint|p1a: S RANK BLUE GENIE
|
|c|âshartruce2|hm
|c|âshartruce2|ya o well
|
|switch|p1a: NOT S RANK BUT BLU|Heracross, F|167\/308
|turn|42
|
|move|p1a: NOT S RANK BUT BLU|Megahorn|p2a: Metagross
|-damage|p2a: Metagross|0 fnt
|faint|p2a: Metagross
|
|
|switch|p2a: Excadrill|Excadrill, F|267\/361
|-damage|p2a: Excadrill|256\/361|[from] Stealth Rock
|turn|43
|
|move|p2a: Excadrill|Earthquake|p1a: NOT S RANK BUT BLU
|-resisted|p1a: NOT S RANK BUT BLU
|-damage|p1a: NOT S RANK BUT BLU|3\/308
|-damage|p2a: Excadrill|220\/361|[from] item: Life Orb
|move|p1a: NOT S RANK BUT BLU|Megahorn|p2a: Excadrill|[miss]
|-miss|p1a: NOT S RANK BUT BLU|p2a: Excadrill
|
|turn|44
|c|âOx the Box|bulked
|c|âOx the Box|:[
|c|âshartruce2|dam
|c| rika and hanyuu|took it on the chin
|
|move|p2a: Excadrill|Rapid Spin|p1a: NOT S RANK BUT BLU
|-damage|p1a: NOT S RANK BUT BLU|0 fnt
|-sideend|p2: Ox the Box|Stealth Rock|[from] move: Rapid Spin|[of] p2a: Excadrill
|-damage|p2a: Excadrill|184\/361|[from] item: Life Orb
|faint|p1a: NOT S RANK BUT BLU
|
|c|âOx the Box|I thinnk it was a roll
|c|âshartruce2|prob low roll
|
|switch|p1a: S RANK BLUE MEGA|Metagross-Mega|141\/302
|turn|45
|c|âOx the Box|in your favor as fuck
|c|âshartruce2|im only 28hp lol
|c|âOx the Box|252 Atk Choice Band Heracross Megahorn vs. 0 HP \/ 4 Def Excadrill: 214-252 (59.2 - 69.8%) -- guaranteed 2HKO
|c|âOx the Box|I think alom won me either way
|c|âshartruce2|yea
|leave|Pokemon A shit
|c|âOx the Box|do you think megagross is broken?
|c|âshartruce2|nah
|c|âOx the Box|I honestly do
|c|âOx the Box|too much utility and power
|c|âshartruce2|i think its ok
|c|âshartruce2|top tier for sure
|c|âOx the Box|like pursuit megagross + subcm keldeo, is something I have on this tier
|c|âshartruce2|and maybe suspectable
|c|âOx the Box|really good
|c|âshartruce2|so i need more experience
|c|âshartruce2|yea pursuit gross is cool
|c|âOx the Box|yea
|c|âshartruce2|only thing i hate about gross is that it 2hkos rotom
|c|âshartruce2|after sr
|join|misc all day
|c|âOx the Box|yeah...
|c|âshartruce2|kinda
|c|âshartruce2|disgusting
|c|âOx the Box|and landot can't switch in
|c|âOx the Box|with rocks up
|c|âshartruce2|yea
|c|âOx the Box|I mean scarf landot
|c|âshartruce2|i wouldnt even switch defensive lando t in lol
|c|âshartruce2|it may be banworthy yea
|c|âOx the Box|bulky waters are so annoying
|c|âshartruce2|kinda want sableye to go first tho
|c|âOx the Box|but I'm now forced to use them because of megagross
|c|âOx the Box|yeah I used to think sab was broken, but now I don't really think so
|c|âshartruce2|hm
|c|âshartruce2|well theres none on suspect
|c|âOx the Box|it can't consistently switch into landot, especially if they u-turn a lot
|c|âOx the Box|yeah it's rare as fuck
|c|âshartruce2|yea
|c|âOx the Box|I haven't seen any for like a week
|c|âOx the Box|not even kidding lol
|c|âshartruce2|just that it fucks teambuilding tho
|c|âOx the Box|yeah
|c|âshartruce2|just as much as gren
|c|âshartruce2|imo
|c|âOx the Box|I've been using skill swap azelf for it
|c|âshartruce2|yea
|leave|rika and hanyuu
|c|âshartruce2|most azelfs have skill swap
|c|âshartruce2|just for that
|c|âshartruce2|i'm running fkn cb hera
|c|âshartruce2|for it
|c|âOx the Box|cb hera rekd my team lol
|c|âshartruce2|lol
|c|âshartruce2|cb hera
|c|âshartruce2|is a god
|c|âOx the Box|fucking hard to play around it
|c|âshartruce2|yea
|c|âOx the Box|alom is really good rn
|c|âshartruce2|there were too many clefables in suspect
|c|âOx the Box|it legit walls the meta
|c|âshartruce2|so it couldnt wreck as much
|c|âOx the Box|that's why I like steel spam :D
|c|âOx the Box|especially metagross + alom
|c|âOx the Box|alom just constantly gives wish support so it cna always switch into clefg
|c|âOx the Box|clef*
|c|âshartruce2|i legit never see alom
|c|âOx the Box|yeah no one uses it
|c|âshartruce2|but yea alom balance
|c|âshartruce2|very good
|join|we birthed yutt
|c|âOx the Box|yup
|leave|we birthed yutt
|c|âshartruce2|i dont use balance much so thats why i never use alom
|c|âOx the Box|it's the best wish user imo
|c|âshartruce2|cuz i dont like alom on stall
|c|âOx the Box|yeah I used to never use balance, but now I'm starting to
|c|âOx the Box|I was solely an HO player because I only played ladder
|c|âOx the Box|and it was most effecient
|c|âshartruce2|ah
|c|âshartruce2|if i were to draft u
|c|âshartruce2|will u use
|c|âshartruce2|more balance?
|c|âOx the Box|yeah
|c|âOx the Box|ho is way to matchup based
|c|âOx the Box|too*
|c|âshartruce2|yea
|c|âOx the Box|no -_-
|c|âOx the Box|not too
|c|âshartruce2|like first game i won bc of matchup lol
|c|âOx the Box|yeah lol
|c|âOx the Box|that was a hard match
|c|âshartruce2|yea lol
|c|âOx the Box|I could win with lucha, just I couldn't find an opportunity to setup
|c|âshartruce2|yea
|c|âOx the Box|I was hoping you'd go into landot on raikou
|c|âshartruce2|u had to kill alt
|c|âOx the Box|which forced you to u-turn or else I win with lucha
|c|âOx the Box|it dies after rocks
|c|âshartruce2|actually i'm always afraid to go to kou
|c|âshartruce2|lando to kou
|c|âOx the Box|yeah most people are xD
|c|âOx the Box|I hate and loe specs
|c|âOx the Box|like AV is way too weak, but being locked into electric sucks
|c|âshartruce2|yea
|c|âshartruce2|lots of kou on ladder
|c|âOx the Box|because of meeee :DDDD
|c|âOx the Box|jk
|c|âshartruce2|kinda annoying
|c|âshartruce2|lol
|c|âshartruce2|i used kou like early xy
|c|âshartruce2|when no one used it
|c|âOx the Box|this is joos impersonation of me: "omg i peaked #1 on ladder with kou every1 spem it nao!!!"
|c|âOx the Box|I never used it until recently
|c|âOx the Box|always used manectric
|c|âshartruce2|ah
|c|âshartruce2|i dont like using mane and kou interchangably
|c|âshartruce2|they're not as similar
|c|âshartruce2|as everyone says
|c|âOx the Box|yeah
|c|âOx the Box|I like manec more
|c|âOx the Box|just too many good megas now O_O
|c|âshartruce2|cuz you cant rly use mane as a thundy switch in
|c|âOx the Box|true
|c|âshartruce2|so i think they're pretty team dependent mons
|
|move|p1a: S RANK BLUE MEGA|Zen Headbutt|p2a: Excadrill|[miss]
|-miss|p1a: S RANK BLUE MEGA|p2a: Excadrill
|move|p2a: Excadrill|Earthquake|p1a: S RANK BLUE MEGA
|-supereffective|p1a: S RANK BLUE MEGA
|-damage|p1a: S RANK BLUE MEGA|0 fnt
|-damage|p2a: Excadrill|148\/361|[from] item: Life Orb
|faint|p1a: S RANK BLUE MEGA
|
|win|Ox the Box
|c|âshartruce2|o lol
|c|âshartruce2|rip
|c|âOx the Box|!dt silk powder
No Pokemon, item, move, ability or nature named 'silk powder' was found. Showing the data of 'Quick Powder' instead.
|c|~|\/data-item Quick Powder
|raw|<font size="1"><font color=#585858>Fling Base Power:<\/font> 10<\/font>
|c|âOx the Box|no not that
|c|âOx the Box|lol
|c|âshartruce2|needed like
|c|âshartruce2|a billion flinches
|c|âOx the Box|yeah lol
|c|âOx the Box|you could have won technically
|c|âshartruce2|was disappointed
|c|âshartruce2|that zen only did 34
|c|âshartruce2|to alom
|join|Demandred
|c|âOx the Box|lol
|c|âOx the Box|yeah it's one of the only alom counter
|c|âshartruce2|u only signed up for oras?
|c|âOx the Box|yeah it's all I play
|c|âshartruce2|kk
|c|âshartruce2|fk i forgot how many slots per team
|c|âshartruce2|i think its 2-1-1
|c|âOx the Box|5 regular 2 subs
|c|âOx the Box|iirc
|c|âshartruce2|o 3 oras 1 bw 1 dpp
|join|cosine180
|leave|Yoshiraptor
|c|âshartruce2|hello cosine
|c| cosine180|sup :]
|c|âOx the Box|ok yeah
|c|âOx the Box|its 5\/2
|c| cosine180|i think 6 players right?
|c| cosine180|4 main 2 subs
|c|âOx the Box|hm
|c| cosine180|ur talking about ocl right?
|c|âOx the Box|well flan said otherwise
|c|âOx the Box|idk $_$
|c|âshartruce2|cosine are u doing ocl
|c| cosine180|yea
|c|âOx the Box|%Wiz BITG: 3 oras
|c|âOx the Box|%Wiz BITG: 1 bw
|c|âOx the Box|%Wiz BITG: 1 dpp
|c|âshartruce2|o cool
|c|âOx the Box|%Wiz BITG: 2 subs
|c|âOx the Box|ok
|c|âshartruce2|ill try to get u too
|c| cosine180|just wanna get some more tourney experience
|c| cosine180|before playing smogtours
|c|âOx the Box|cosine what tier
|c| cosine180|oras
|c|âOx the Box|do u play bw\/dpp?
|c| cosine180|couldve signed up for bw too
|c|âOx the Box|you should learn dpp if you want to do st
|c|âOx the Box|I want to do St but I don't know bw or dpp :(
|c| cosine180|yea
|c| cosine180|ik
|c| cosine180|ill have to practice alot
|c|âOx the Box|I might get a tutor
|c| cosine180|you should sign up
|c|âshartruce2|cosine ill bid at least 15-20k on u
|c| cosine180|we can practive together
|c| cosine180|haha cool
|c|âOx the Box|but idk if I'll have time, because i have track in spring
|c|âOx the Box|shartruce 1 more battle? make this bo3?
|c| cosine180|couple others said theyd be bidding too
|c|âshartruce2|ok yea
|c|âshartruce2|yea i bet lol
|c|âOx the Box|shartruce and 75 I think are bidding for me
|c| cosine180|but ocl actually has a lot of good players this time
|c|âOx the Box|yeah
|c|âOx the Box|that's the problem for me
|c|âOx the Box|all these tourney players
|c| cosine180|bkc for dpp o.O
|c| cosine180|leftiez and dd are good too
|c|âOx the Box|and mob\/zam
|c|âshartruce2|o yea dd is playing lol
|c| cosine180|yea
|c|âshartruce2|dd is like
|c|âshartruce2|rly good
|c|âOx the Box|btw gj in OLT shar
|c|âOx the Box|yeah he is
|c|âshartruce2|thx :]
|c| cosine180|oh yea gratz
|c|âshartruce2|mobs cool too
|c|âshartruce2|thx
|c| cosine180|i like how you had the exact same matchup vs pdc in game 2 as we had
|c|âshartruce2|man only 3 slots :\/
|c|âOx the Box|shartruce any ideas on who else you're bidding for?
|c|âshartruce2|yea cosine that was a pain lol
|c|âOx the Box|yeah I saw the video
|c|âshartruce2|ill bid for mob
|c| cosine180|mob is still mad at me for *scouting his team* even tho i outplayed him lol
|c|âOx the Box|mob gets salty too easily
|c|âshartruce2|bkc dd
|c|âOx the Box|~~so do I~~
|c|âshartruce2|and zam
|c| cosine180|thats gonna be
|c|âOx the Box|bkc dd will be too expensive
|c|âshartruce2|ur the only person who asked for a tryout
|c|âOx the Box|and leftiez
|c| cosine180|expensive
|c| cosine180|lol
|c|âshartruce2|yea ik lol
|c|âOx the Box|well shartruce
|c|âshartruce2|cant get a stacked team
|c|âOx the Box|your post is so fucking irrelevant
|c| cosine180|lol
|c|âOx the Box|I had to search for your name to find it
|c|âOx the Box|its not with the other managers posts
|c|âshartruce2|o lol
|c|âshartruce2|sry i was added late
|c|âOx the Box|its ok
|c| cosine180|yea i didnt see u either
|c|âshartruce2|so i kinda just posted wherever
|c|âOx the Box|http:\/\/ocl.freeforums.net\/thread\/5\/ocl-commencment ask TDK to add you here
|c|âOx the Box|I couldn't find it in the sign ups either where I thought I saw it before lol
|c|âshartruce2|ah yeah thanks
|c|âOx the Box|oh..
|c|âOx the Box|you posted it in shit talking thread
|c|âOx the Box|lol
|c|âshartruce2|yea lol
|c| cosine180|lol
|c|âshartruce2|i posted in shit talking and signups lol
|c|âOx the Box|it got removed from signups
|c|âOx the Box|xD
|c|âshartruce2|lol wth
|c|âshartruce2|makes sense but still rip
|c|âOx the Box|wiz was trying to organize
|c| cosine180|o so are their gonna be 9 teams
|c|âOx the Box|10
|c|âOx the Box|tokyo tom too
|c| cosine180|ah kk
|c|âshartruce2|really look forward to this
|c|âshartruce2|past times everyone stopped caring
|c|âOx the Box|me too
|join|YRS
|join|renaneevee
|leave|YRS
|join|YRS
|leave|Demandred