|join|ohgeedubs
|join|shartruce2
|player|p1|ohgeedubs|4
|player|p2|shartruce2|43
|gametype|singles
|gen|6
|tier|OU
|clearpoke
|poke|p1|Mew
|poke|p1|Togekiss, M
|poke|p1|Snorlax, M
|poke|p1|Granbull, M
|poke|p1|Celebi
|poke|p1|Miltank, F
|poke|p2|Celebi
|poke|p2|Mew
|poke|p2|Snorlax, F
|poke|p2|Togekiss, F
|poke|p2|Clefable, F
|poke|p2|Alakazam, F
|rule|Swagger Clause: Swagger is banned
|rule|Baton Pass Clause: Limit one PokÃ©mon knowing Baton Pass
|rule|Sleep Clause Mod: Limit one foe put to sleep
|rule|Species Clause: Limit one of each PokÃ©mon
|rule|OHKO Clause: OHKO moves are banned
|rule|Moody Clause: Moody is banned
|rule|Evasion Moves Clause: Evasion moves are banned
|rule|Endless Battle Clause: Forcing endless battles is banned
|rule|HP Percentage Mod: HP is shown in percentages
|teampreview
|
|start
|switch|p1a: Onion|Celebi|362\/362
|switch|p2a: Celebi|Celebi|362\/362
|turn|1
|
|move|p2a: Celebi|Metronome|p2a: Celebi
|move|p2a: Celebi|Shadow Sneak|p1a: Onion|[from]Metronome
|-supereffective|p1a: Onion
|-damage|p1a: Onion|300\/362
|move|p1a: Onion|Metronome|p1a: Onion
|move|p1a: Onion|Bulldoze|p2a: Celebi|[from]Metronome
|-resisted|p2a: Celebi
|-damage|p2a: Celebi|336\/362
|-unboost|p2a: Celebi|spe|1
|
|turn|2
|
|move|p1a: Onion|Metronome|p1a: Onion
|move|p1a: Onion|Circle Throw|p2a: Celebi|[from]Metronome
|-resisted|p2a: Celebi
|-damage|p2a: Celebi|313\/362
|drag|p2a: Snorlax|Snorlax, F|482\/482
|
|turn|3
|
|move|p1a: Onion|Metronome|p1a: Onion
|move|p1a: Onion|Acupressure|p1a: Onion|[from]Metronome
|-boost|p1a: Onion|accuracy|2
|move|p2a: Snorlax|Metronome|p2a: Snorlax
|move|p2a: Snorlax|Super Fang|p1a: Onion|[from]Metronome
|-damage|p1a: Onion|150\/362
|
|turn|4
|
|move|p1a: Onion|Metronome|p1a: Onion
|move|p1a: Onion|Petal Dance|p2a: Snorlax|[from]Metronome
|-damage|p2a: Snorlax|344\/482
|move|p2a: Snorlax|Metronome|p2a: Snorlax
|move|p2a: Snorlax|Topsy-Turvy|p1a: Onion|[from]Metronome
|-invertboost|p1a: Onion|[from] move: Topsy-turvy
|
|turn|5
|c|âohgeedubs|oof
|
|move|p1a: Onion|Petal Dance|p2a: Snorlax
|-damage|p2a: Snorlax|212\/482
|move|p2a: Snorlax|Metronome|p2a: Snorlax
|move|p2a: Snorlax|Roar|p1a: Onion|[from]Metronome
|drag|p1a: Dog|Granbull, M|342\/342
|-ability|p1a: Dog|Intimidate|[of] p2a: Snorlax
|-unboost|p2a: Snorlax|atk|1
|
|turn|6
|c|âshartruce2|lol
|c|âshartruce2|fk
|
|move|p1a: Dog|Metronome|p1a: Dog
|move|p1a: Dog|Smokescreen|p2a: Snorlax|[from]Metronome
|-unboost|p2a: Snorlax|accuracy|1
|move|p2a: Snorlax|Metronome|p2a: Snorlax
|move|p2a: Snorlax|Skill Swap|p1a: Dog|[from]Metronome
|-ability|p2a: Snorlax|Intimidate|[of] p1a: Dog
|-unboost|p1a: Dog|atk|1
|-activate|p2a: Snorlax|move: Skill Swap|Intimidate|Immunity|[of] p1a: Dog
|
|turn|7
|c|âshartruce2|meh
|
|move|p1a: Dog|Metronome|p1a: Dog
|move|p1a: Dog|Thunder Shock|p2a: Snorlax|[from]Metronome
|-damage|p2a: Snorlax|192\/482
|move|p2a: Snorlax|Metronome|p2a: Snorlax
|move|p2a: Snorlax|Telekinesis|p1a: Dog|[from]Metronome
|-start|p1a: Dog|Telekinesis
|
|turn|8
|
|move|p1a: Dog|Metronome|p1a: Dog
|move|p1a: Dog|Flame Wheel|p2a: Snorlax|[from]Metronome
|-damage|p2a: Snorlax|145\/482
|move|p2a: Snorlax|Metronome|p2a: Snorlax
|move|p2a: Snorlax|Attract|p1a: Dog|[from]Metronome
|-start|p1a: Dog|Attract
|
|turn|9
|c|âohgeedubs|wat
|
|-activate|p1a: Dog|Attract|[of] p2a: Snorlax
|cant|p1a: Dog|Attract
|move|p2a: Snorlax|Metronome|p2a: Snorlax
|move|p2a: Snorlax|Draining Kiss|p1a: Dog|[from]Metronome
|-damage|p1a: Dog|301\/342
|-heal|p2a: Snorlax|176\/482|[from] drain|[of] p1a: Dog
|
|-end|p1a: Dog|Telekinesis
|turn|10
|
|-activate|p1a: Dog|Attract|[of] p2a: Snorlax
|move|p1a: Dog|Metronome|p1a: Dog
|move|p1a: Dog|Barrage|p2a: Snorlax|[from]Metronome
|-damage|p2a: Snorlax|162\/482
|-damage|p2a: Snorlax|150\/482
|-hitcount|p2a: Snorlax|2
|move|p2a: Snorlax|Metronome|p2a: Snorlax
|move|p2a: Snorlax|Chip Away|p1a: Dog|[from]Metronome
|-damage|p1a: Dog|232\/342
|
|turn|11
|
|-activate|p1a: Dog|Attract|[of] p2a: Snorlax
|cant|p1a: Dog|Attract
|move|p2a: Snorlax|Metronome|p2a: Snorlax
|move|p2a: Snorlax|Karate Chop|p1a: Dog|[from]Metronome
|-resisted|p1a: Dog
|-damage|p1a: Dog|215\/342
|
|turn|12
|
|-activate|p1a: Dog|Attract|[of] p2a: Snorlax
|cant|p1a: Dog|Attract
|move|p2a: Snorlax|Metronome|p2a: Snorlax
|move|p2a: Snorlax|Ancient Power|p1a: Dog|[from]Metronome
|-damage|p1a: Dog|169\/342
|
|turn|13
|join|the jaiho
|
|-activate|p1a: Dog|Attract|[of] p2a: Snorlax
|move|p1a: Dog|Metronome|p1a: Dog
|move|p1a: Dog|Fairy Lock|p1a: Dog|[from]Metronome
|-activate|Battle: ou|move: Fairy Lock
|move|p2a: Snorlax|Metronome|p2a: Snorlax
|move|p2a: Snorlax|Knock Off|p1a: Dog|[from]Metronome
|-resisted|p1a: Dog
|-damage|p1a: Dog|134\/342
|-enditem|p1a: Dog|Leppa Berry|[from] move: Knock Off|[of] p2a: Snorlax
|
|turn|14
|
|-activate|p1a: Dog|Attract|[of] p2a: Snorlax
|cant|p1a: Dog|Attract
|move|p2a: Snorlax|Metronome|p2a: Snorlax
|move|p2a: Snorlax|Hydro Cannon|p1a: Dog|[from]Metronome|[miss]
|-miss|p2a: Snorlax|p1a: Dog
|
|turn|15
|c|âohgeedubs|granbull pls
|
|-activate|p1a: Dog|Attract|[of] p2a: Snorlax
|cant|p1a: Dog|Attract
|move|p2a: Snorlax|Metronome|p2a: Snorlax
|move|p2a: Snorlax|Sonic Boom|p1a: Dog|[from]Metronome
|-damage|p1a: Dog|114\/342
|
|turn|16
|
|-activate|p1a: Dog|Attract|[of] p2a: Snorlax
|move|p1a: Dog|Metronome|p1a: Dog
|move|p1a: Dog|Fly|p2a: Snorlax|[still]|[from]Metronome
|-prepare|p1a: Dog|Fly|p2a: Snorlax
|move|p2a: Snorlax|Metronome|p2a: Snorlax
|move|p2a: Snorlax|Fusion Flare|p1a: Dog|[from]Metronome|[miss]
|-miss|p2a: Snorlax|p1a: Dog
|
|turn|17
|c|âshartruce2|dam
|
|-activate|p1a: Dog|Attract|[of] p2a: Snorlax
|cant|p1a: Dog|Attract
|move|p2a: Snorlax|Metronome|p2a: Snorlax
|move|p2a: Snorlax|Spider Web|p1a: Dog|[from]Metronome|[miss]
|-miss|p2a: Snorlax|p1a: Dog
|
|turn|18
|c|âohgeedubs|noo
|c|âshartruce2|omg
|c|âshartruce2|snorlax pls
|
|-activate|p1a: Dog|Attract|[of] p2a: Snorlax
|move|p1a: Dog|Metronome|p1a: Dog
|move|p1a: Dog|Shell Smash|p1a: Dog|[from]Metronome
|-boost|p1a: Dog|atk|2
|-boost|p1a: Dog|spa|2
|-boost|p1a: Dog|spe|2
|-unboost|p1a: Dog|def|1
|-unboost|p1a: Dog|spd|1
|move|p2a: Snorlax|Metronome|p2a: Snorlax
|move|p2a: Snorlax|Grass Knot|p1a: Dog|[from]Metronome
|-damage|p1a: Dog|43\/342
|
|turn|19
|
|-activate|p1a: Dog|Attract|[of] p2a: Snorlax
|cant|p1a: Dog|Attract
|-activate|p2a: Snorlax|move: Struggle
|move|p2a: Snorlax|Struggle|p1a: Dog
|-damage|p1a: Dog|0 fnt
|-damage|p2a: Snorlax|30\/482
|faint|p1a: Dog
|-enditem|p2a: Snorlax|Starf Berry|[eat]
|-boost|p2a: Snorlax|spa|2|[from] item: Starf Berry
|
|c|âohgeedubs|you fool
|c|âshartruce2|yay
|
|switch|p1a: Onion|Celebi|150\/362
|turn|20
|
|move|p1a: Onion|Metronome|p1a: Onion
|move|p1a: Onion|Steel Wing|p2a: Snorlax|[from]Metronome
|-damage|p2a: Snorlax|0 fnt
|faint|p2a: Snorlax
|
|c| the jaiho|lovestruck
|c| the jaiho|oo
|
|switch|p2a: Celebi|Celebi|313\/362
|turn|21
|
|move|p2a: Celebi|Metronome|p2a: Celebi
|move|p2a: Celebi|Lovely Kiss|p1a: Onion|[from]Metronome
|-status|p1a: Onion|slp
|cant|p1a: Onion|slp
|
|turn|22
|
|cant|p1a: Onion|slp
|move|p2a: Celebi|Metronome|p2a: Celebi
|move|p2a: Celebi|Seismic Toss|p1a: Onion|[from]Metronome
|-damage|p1a: Onion|50\/362 slp
|-enditem|p1a: Onion|Starf Berry|[eat]
|-boost|p1a: Onion|spd|2|[from] item: Starf Berry
|
|turn|23
|
|-curestatus|p1a: Onion|slp
|move|p1a: Onion|Metronome|p1a: Onion
|move|p1a: Onion|Growth|p1a: Onion|[from]Metronome
|-boost|p1a: Onion|atk|1
|-boost|p1a: Onion|spa|1
|move|p2a: Celebi|Metronome|p2a: Celebi
|move|p2a: Celebi|Arm Thrust|p1a: Onion|[from]Metronome
|-resisted|p1a: Onion
|-damage|p1a: Onion|44\/362
|-resisted|p1a: Onion
|-damage|p1a: Onion|38\/362
|-hitcount|p1a: Onion|2
|
|turn|24
|
|move|p2a: Celebi|Metronome|p2a: Celebi
|move|p2a: Celebi|Attack Order|p1a: Onion|[from]Metronome
|-supereffective|p1a: Onion
|-damage|p1a: Onion|0 fnt
|faint|p1a: Onion
|
|
|switch|p1a: Airplane|Togekiss, M|332\/332
|turn|25
|
|move|p2a: Celebi|Metronome|p2a: Celebi
|move|p2a: Celebi|Howl|p2a: Celebi|[from]Metronome
|-boost|p2a: Celebi|atk|1
|move|p1a: Airplane|Metronome|p1a: Airplane
|move|p1a: Airplane|Flare Blitz|p2a: Celebi|[from]Metronome
|-supereffective|p2a: Celebi
|-damage|p2a: Celebi|207\/362
|-damage|p1a: Airplane|297\/332|[from] recoil|[of] p2a: Celebi
|
|turn|26
|c|âohgeedubs|:o
|
|move|p2a: Celebi|Metronome|p2a: Celebi
|move|p2a: Celebi|Venom Drench|p1a: Airplane|[from]Metronome
|-fail|p1a: Airplane
|move|p1a: Airplane|Metronome|p1a: Airplane
|move|p1a: Airplane|Defend Order|p1a: Airplane|[from]Metronome
|-boost|p1a: Airplane|def|1
|-boost|p1a: Airplane|spd|1
|
|turn|27
|join|ShootingStarmie
|c|âshartruce2|oo
|c|âshartruce2|o dear
|
|move|p2a: Celebi|Metronome|p2a: Celebi
|move|p2a: Celebi|Double Hit|p1a: Airplane|[from]Metronome
|-damage|p1a: Airplane|266\/332
|-damage|p1a: Airplane|237\/332
|-hitcount|p1a: Airplane|2
|move|p1a: Airplane|Metronome|p1a: Airplane
|move|p1a: Airplane|Shadow Punch|p2a: Celebi|[from]Metronome
|-supereffective|p2a: Celebi
|-damage|p2a: Celebi|149\/362
|
|turn|28
|leave|ShootingStarmie
|
|move|p2a: Celebi|Metronome|p2a: Celebi
|move|p2a: Celebi|Charge Beam|p1a: Airplane|[from]Metronome
|-supereffective|p1a: Airplane
|-damage|p1a: Airplane|189\/332
|-boost|p2a: Celebi|spa|1
|move|p1a: Airplane|Metronome|p1a: Airplane
|move|p1a: Airplane|Smog|p2a: Celebi|[from]Metronome
|-supereffective|p2a: Celebi
|-damage|p2a: Celebi|95\/362
|-status|p2a: Celebi|psn
|
|-damage|p2a: Celebi|50\/362 psn|[from] psn
|-enditem|p2a: Celebi|Starf Berry|[eat]
|-boost|p2a: Celebi|spe|2|[from] item: Starf Berry
|turn|29
|c|âohgeedubs|uhm
|c|âohgeedubs|yay
|c|âshartruce2|:[
|
|move|p2a: Celebi|Metronome|p2a: Celebi
|move|p2a: Celebi|Round|p1a: Airplane|[from]Metronome
|-damage|p1a: Airplane|146\/332
|move|p1a: Airplane|Metronome|p1a: Airplane
|move|p1a: Airplane|Sticky Web|p2a: Celebi|[from]Metronome
|-sidestart|p2: shartruce2|move: Sticky Web
|
|-damage|p2a: Celebi|5\/362 psn|[from] psn
|turn|30
|
|move|p2a: Celebi|Metronome|p2a: Celebi
|move|p2a: Celebi|Aeroblast|p1a: Airplane|[from]Metronome
|-damage|p1a: Airplane|78\/332
|move|p1a: Airplane|Metronome|p1a: Airplane
|move|p1a: Airplane|Assurance|p2a: Celebi|[from]Metronome
|-supereffective|p2a: Celebi
|-damage|p2a: Celebi|0 fnt
|faint|p2a: Celebi
|
|c|âohgeedubs|:]
|c|âshartruce2|hm
|
|switch|p2a: Togekiss|Togekiss, F|332\/332
|turn|31
|join|yuy
|
|move|p1a: Airplane|Metronome|p1a: Airplane
|move|p1a: Airplane|Fury Cutter|p2a: Togekiss|[from]Metronome
|-resisted|p2a: Togekiss
|-damage|p2a: Togekiss|327\/332
|move|p2a: Togekiss|Metronome|p2a: Togekiss
|move|p2a: Togekiss|Sacred Sword|p1a: Airplane|[from]Metronome
|-resisted|p1a: Airplane
|-damage|p1a: Airplane|66\/332
|
|turn|32
|
|move|p1a: Airplane|Metronome|p1a: Airplane
|move|p1a: Airplane|Mud Sport|p1a: Airplane|[from]Metronome
|-fieldstart|move: Mud Sport|[of] p1a: Airplane
|move|p2a: Togekiss|Metronome|p2a: Togekiss
|move|p2a: Togekiss|Flying Press|p1a: Airplane|[from]Metronome
|-resisted|p1a: Airplane
|-damage|p1a: Airplane|60\/332
|
|turn|33
|
|move|p1a: Airplane|Metronome|p1a: Airplane
|move|p1a: Airplane|Explosion|p2a: Togekiss|[from]Metronome
|-damage|p2a: Togekiss|213\/332
|faint|p1a: Airplane
|move|p2a: Togekiss|Metronome|p2a: Togekiss
|move|p2a: Togekiss|Brine|p1: Airplane|[from]Metronome|[notarget]
|-notarget
|
|c|âohgeedubs|eh
|
|switch|p1a: Big Cat|Snorlax, M|482\/482
|turn|34
|leave|yuy
|
|move|p2a: Togekiss|Metronome|p2a: Togekiss
|move|p2a: Togekiss|Barrier|p2a: Togekiss|[from]Metronome
|-boost|p2a: Togekiss|def|2
|move|p1a: Big Cat|Metronome|p1a: Big Cat
|move|p1a: Big Cat|Hydro Cannon|p2a: Togekiss|[from]Metronome|[miss]
|-miss|p1a: Big Cat|p2a: Togekiss
|
|turn|35
|
|move|p2a: Togekiss|Metronome|p2a: Togekiss
|move|p2a: Togekiss|Feather Dance|p1a: Big Cat|[from]Metronome
|-unboost|p1a: Big Cat|atk|2
|move|p1a: Big Cat|Metronome|p1a: Big Cat
|move|p1a: Big Cat|Spacial Rend|p2a: Togekiss|[from]Metronome
|-immune|p2a: Togekiss|[msg]
|
|turn|36
|c|âohgeedubs|dude
|
|move|p2a: Togekiss|Metronome|p2a: Togekiss
|move|p2a: Togekiss|Confuse Ray|p1a: Big Cat|[from]Metronome
|-start|p1a: Big Cat|confusion
|-activate|p1a: Big Cat|confusion
|move|p1a: Big Cat|Metronome|p1a: Big Cat
|move|p1a: Big Cat|Power Gem|p2a: Togekiss|[from]Metronome
|-supereffective|p2a: Togekiss
|-damage|p2a: Togekiss|125\/332
|
|-fieldend|move: Mud Sport
|turn|37
|
|move|p2a: Togekiss|Metronome|p2a: Togekiss
|move|p2a: Togekiss|Hydro Cannon|p1a: Big Cat|[from]Metronome
|-damage|p1a: Big Cat|361\/482
|-end|p1a: Big Cat|confusion
|move|p1a: Big Cat|Metronome|p1a: Big Cat
|move|p1a: Big Cat|Grudge|p1a: Big Cat|[from]Metronome
|-singlemove|p1a: Big Cat|Grudge
|
|turn|38
|
|cant|p2a: Togekiss|recharge
|move|p1a: Big Cat|Metronome|p1a: Big Cat
|move|p1a: Big Cat|Hail|p1a: Big Cat|[from]Metronome
|-weather|Hail
|
|-weather|Hail|[upkeep]
|-damage|p2a: Togekiss|105\/332|[from] hail
|-damage|p1a: Big Cat|331\/482|[from] hail
|turn|39
|
|move|p2a: Togekiss|Metronome|p2a: Togekiss
|move|p2a: Togekiss|Thunder Wave|p1a: Big Cat|[from]Metronome
|-status|p1a: Big Cat|par
|cant|p1a: Big Cat|par
|
|-weather|Hail|[upkeep]
|-damage|p2a: Togekiss|85\/332|[from] hail
|-damage|p1a: Big Cat|301\/482 par|[from] hail
|turn|40
|
|move|p2a: Togekiss|Metronome|p2a: Togekiss
|move|p2a: Togekiss|Thrash|p1a: Big Cat|[from]Metronome
|-damage|p1a: Big Cat|224\/482 par
|move|p1a: Big Cat|Metronome|p1a: Big Cat
|move|p1a: Big Cat|Wrap|p2a: Togekiss|[from]Metronome
|-damage|p2a: Togekiss|79\/332
|-activate|p2a: Togekiss|move: Wrap|[of] p1a: Big Cat
|-enditem|p2a: Togekiss|Starf Berry|[eat]
|-boost|p2a: Togekiss|spe|2|[from] item: Starf Berry
|
|-weather|Hail|[upkeep]
|-damage|p2a: Togekiss|59\/332|[from] hail
|-damage|p1a: Big Cat|194\/482 par|[from] hail
|-damage|p2a: Togekiss|18\/332|[from] move: Wrap|[partiallytrapped]
|turn|41
|
|move|p2a: Togekiss|Thrash|p1a: Big Cat
|-damage|p1a: Big Cat|119\/482 par
|move|p1a: Big Cat|Metronome|p1a: Big Cat
|move|p1a: Big Cat|Magic Room|p1a: Big Cat|[from]Metronome
|-fieldstart|move: Magic Room|[of] p1a: Big Cat
|
|-end|p2a: Togekiss|rampage
|-start|p2a: Togekiss|confusion
|-weather|Hail|[upkeep]
|-damage|p2a: Togekiss|0 fnt|[from] hail
|-damage|p1a: Big Cat|89\/482 par|[from] hail
|faint|p2a: Togekiss
|
|switch|p2a: Alakazam|Alakazam, F|272\/272
|-activate|p2a: Alakazam|move: Sticky Web
|-unboost|p2a: Alakazam|spe|1
|turn|42
|
|move|p2a: Alakazam|Metronome|p2a: Alakazam
|move|p2a: Alakazam|Heavy Slam|p1a: Big Cat|[from]Metronome
|-damage|p1a: Big Cat|61\/482 par
|move|p1a: Big Cat|Metronome|p1a: Big Cat
|move|p1a: Big Cat|Frustration|p2a: Alakazam|[from]Metronome
|-damage|p2a: Alakazam|271\/272
|
|-weather|none
|turn|43
|
|move|p2a: Alakazam|Metronome|p2a: Alakazam
|move|p2a: Alakazam|Flash|p1a: Big Cat|[from]Metronome
|-unboost|p1a: Big Cat|accuracy|1
|move|p1a: Big Cat|Metronome|p1a: Big Cat
|move|p1a: Big Cat|Work Up|p1a: Big Cat|[from]Metronome
|-boost|p1a: Big Cat|atk|1
|-boost|p1a: Big Cat|spa|1
|
|turn|44
|
|move|p2a: Alakazam|Metronome|p2a: Alakazam
|move|p2a: Alakazam|Boomburst|p1a: Big Cat|[from]Metronome
|-crit|p1a: Big Cat
|-damage|p1a: Big Cat|0 fnt
|faint|p1a: Big Cat
|
|
|switch|p1a: Cow|Miltank, F|352\/352
|turn|45
|
|move|p1a: Cow|Metronome|p1a: Cow
|move|p1a: Cow|Flower Shield|p1a: Cow|[from]Metronome
|-fail|p1a: Cow
|move|p2a: Alakazam|Metronome|p2a: Alakazam
|move|p2a: Alakazam|Thunder Wave|p1a: Cow|[from]Metronome
|-status|p1a: Cow|par
|
|-fieldend|move: Magic Room|[of] p1: Big Cat
|turn|46
|join|MoxieInfinite
|
|move|p2a: Alakazam|Metronome|p2a: Alakazam
|move|p2a: Alakazam|Flame Wheel|p1a: Cow|[from]Metronome
|-damage|p1a: Cow|338\/352 par
|move|p1a: Cow|Metronome|p1a: Cow
|move|p1a: Cow|Embargo|p2a: Alakazam|[from]Metronome
|-start|p2a: Alakazam|Embargo
|
|turn|47
|leave|MoxieInfinite
|c|âshartruce2|:[
|
|move|p2a: Alakazam|Metronome|p2a: Alakazam
|move|p2a: Alakazam|Fury Attack|p1a: Cow|[from]Metronome
|-damage|p1a: Cow|330\/352 par
|-damage|p1a: Cow|322\/352 par
|-damage|p1a: Cow|314\/352 par
|-hitcount|p1a: Cow|3
|move|p1a: Cow|Metronome|p1a: Cow
|move|p1a: Cow|Aromatherapy|p1a: Cow|[from]Metronome
|-cureteam|p1a: Cow|[from] move: Aromatherapy
|
|turn|48
|c|âohgeedubs|YEA
|c|âshartruce2|fk
|
|move|p1a: Cow|Metronome|p1a: Cow
|move|p1a: Cow|Shadow Claw|p2a: Alakazam|[from]Metronome
|-supereffective|p2a: Alakazam
|-damage|p2a: Alakazam|105\/272
|move|p2a: Alakazam|Metronome|p2a: Alakazam
|move|p2a: Alakazam|Last Resort|p1a: Cow|[from]Metronome
|-fail|p1a: Cow
|
|turn|49
|
|move|p1a: Cow|Metronome|p1a: Cow
|move|p1a: Cow|Ice Fang|p2a: Alakazam|[from]Metronome
|-damage|p2a: Alakazam|36\/272
|move|p2a: Alakazam|Metronome|p2a: Alakazam
|move|p2a: Alakazam|Heart Stamp|p1a: Cow|[from]Metronome
|-damage|p1a: Cow|268\/352
|
|turn|50
|c|âohgeedubs|cow putting in work
|
|move|p1a: Cow|Metronome|p1a: Cow
|move|p1a: Cow|Soft-Boiled|p1a: Cow|[from]Metronome
|-heal|p1a: Cow|352\/352
|move|p2a: Alakazam|Metronome|p2a: Alakazam
|move|p2a: Alakazam|Refresh|p2a: Alakazam|[from]Metronome
|
|-end|p2a: Alakazam|Embargo
|-enditem|p2a: Alakazam|Starf Berry|[eat]
|-boost|p2a: Alakazam|spa|2|[from] item: Starf Berry
|turn|51
|c|âshartruce2|fk
|
|move|p1a: Cow|Metronome|p1a: Cow
|move|p1a: Cow|Roar of Time|p2a: Alakazam|[from]Metronome
|-damage|p2a: Alakazam|0 fnt
|faint|p2a: Alakazam
|
|
|switch|p2a: Mew|Mew|362\/362
|-activate|p2a: Mew|move: Sticky Web
|-unboost|p2a: Mew|spe|1
|turn|52
|
|cant|p1a: Cow|recharge
|move|p2a: Mew|Metronome|p2a: Mew
|move|p2a: Mew|Rapid Spin|p1a: Cow|[from]Metronome
|-damage|p1a: Cow|336\/352
|-sideend|p2: shartruce2|Sticky Web|[from] move: Rapid Spin|[of] p2a: Mew
|
|turn|53
|
|move|p1a: Cow|Metronome|p1a: Cow
|move|p1a: Cow|Roost|p1a: Cow|[from]Metronome
|-heal|p1a: Cow|352\/352
|move|p2a: Mew|Metronome|p2a: Mew
|move|p2a: Mew|Psybeam|p1a: Cow|[from]Metronome
|-damage|p1a: Cow|256\/352
|
|turn|54
|
|move|p1a: Cow|Metronome|p1a: Cow
|move|p1a: Cow|Sharpen|p1a: Cow|[from]Metronome
|-boost|p1a: Cow|atk|1
|move|p2a: Mew|Metronome|p2a: Mew
|move|p2a: Mew|Head Charge|p1a: Cow|[from]Metronome
|-damage|p1a: Cow|165\/352
|-damage|p2a: Mew|339\/362|[from] recoil|[of] p1a: Cow
|
|turn|55
|
|move|p1a: Cow|Metronome|p1a: Cow
|move|p1a: Cow|Mean Look|p2a: Mew|[from]Metronome
|-activate|p2a: Mew|trapped
|move|p2a: Mew|Metronome|p2a: Mew
|move|p2a: Mew|Lock-On|p1a: Cow|[from]Metronome
|
|turn|56
|
|move|p1a: Cow|Metronome|p1a: Cow
|move|p1a: Cow|Moonlight|p1a: Cow|[from]Metronome
|-heal|p1a: Cow|341\/352
|move|p2a: Mew|Metronome|p2a: Mew
|move|p2a: Mew|Dazzling Gleam|p1a: Cow|[from]Metronome
|-damage|p1a: Cow|266\/352
|
|turn|57
|c|âshartruce2|stop healing pls
|
|move|p1a: Cow|Metronome|p1a: Cow
|move|p1a: Cow|Shadow Force|p2a: Mew|[still]|[from]Metronome
|-prepare|p1a: Cow|Shadow Force|p2a: Mew
|move|p2a: Mew|Metronome|p2a: Mew
|move|p2a: Mew|Heal Bell|p2a: Mew|[from]Metronome
|-cureteam|p2a: Mew|[from] move: HealBell
|
|turn|58
|c|âohgeedubs|:c
|
|move|p1a: Cow|Shadow Force|p2a: Mew
|-supereffective|p2a: Mew
|-damage|p2a: Mew|89\/362
|-enditem|p2a: Mew|Starf Berry|[eat]
|-boost|p2a: Mew|atk|2|[from] item: Starf Berry
|move|p2a: Mew|Metronome|p2a: Mew
|move|p2a: Mew|Razor Shell|p1a: Cow|[from]Metronome
|-damage|p1a: Cow|150\/352
|
|turn|59
|c|âshartruce2|dam
|
|move|p1a: Cow|Metronome|p1a: Cow
|move|p1a: Cow|Scratch|p2a: Mew|[from]Metronome
|-damage|p2a: Mew|29\/362
|move|p2a: Mew|Metronome|p2a: Mew
|move|p2a: Mew|Tail Whip|p1a: Cow|[from]Metronome
|-unboost|p1a: Cow|def|1
|
|turn|60
|
|move|p1a: Cow|Metronome|p1a: Cow
|move|p1a: Cow|Mud-Slap|p2a: Mew|[from]Metronome
|-damage|p2a: Mew|20\/362
|-unboost|p2a: Mew|accuracy|1
|move|p2a: Mew|Metronome|p2a: Mew
|move|p2a: Mew|Round|p1a: Cow|[from]Metronome|[miss]
|-miss|p2a: Mew|p1a: Cow
|
|turn|61
|
|move|p1a: Cow|Metronome|p1a: Cow
|move|p1a: Cow|Foul Play|p2a: Mew|[from]Metronome
|-supereffective|p2a: Mew
|-damage|p2a: Mew|0 fnt
|faint|p2a: Mew
|
|c|âohgeedubs|oh wow
|
|switch|p2a: Clefable|Clefable, F|352\/352
|turn|62
|
|move|p1a: Cow|Metronome|p1a: Cow
|move|p1a: Cow|Water Pledge|p2a: Clefable|[from]Metronome
|-damage|p2a: Clefable|315\/352
|move|p2a: Clefable|Metronome|p2a: Clefable
|move|p2a: Clefable|Gunk Shot|p1a: Cow|[from]Metronome
|-damage|p1a: Cow|50\/352
|-enditem|p1a: Cow|Starf Berry|[eat]
|-boost|p1a: Cow|atk|2|[from] item: Starf Berry
|
|turn|63
|c|âshartruce2|fk
|
|-activate|p1a: Cow|move: Struggle
|move|p1a: Cow|Struggle|p2a: Clefable
|-damage|p2a: Clefable|207\/352
|-damage|p1a: Cow|0 fnt
|faint|p1a: Cow
|move|p2a: Clefable|Metronome|p2a: Clefable
|move|p2a: Clefable|Acupressure|p2a: Clefable|[from]Metronome
|-boost|p2a: Clefable|accuracy|2
|
|
|switch|p1a: Small Cat|Mew|362\/362
|turn|64
|
|move|p1a: Small Cat|Metronome|p1a: Small Cat
|move|p1a: Small Cat|Tackle|p2a: Clefable|[from]Metronome
|-damage|p2a: Clefable|155\/352
|move|p2a: Clefable|Metronome|p2a: Clefable
|move|p2a: Clefable|Jump Kick|p1a: Small Cat|[from]Metronome
|-resisted|p1a: Small Cat
|-damage|p1a: Small Cat|329\/362
|
|turn|65
|leave|the jaiho
|
|move|p1a: Small Cat|Metronome|p1a: Small Cat
|move|p1a: Small Cat|Geomancy|p1a: Small Cat|[still]|[from]Metronome
|-prepare|p1a: Small Cat|Geomancy|p1a: Small Cat
|move|p2a: Clefable|Metronome|p2a: Clefable
|move|p2a: Clefable|Swagger|p1a: Small Cat|[from]Metronome
|-boost|p1a: Small Cat|atk|2
|-start|p1a: Small Cat|confusion
|
|turn|66
|c|âshartruce2|o dear
|c|âohgeedubs|:T
|
|-activate|p1a: Small Cat|confusion
|-damage|p1a: Small Cat|268\/362|[from] confusion
|move|p2a: Clefable|Metronome|p2a: Clefable
|move|p2a: Clefable|Iron Head|p1a: Small Cat|[from]Metronome
|-damage|p1a: Small Cat|218\/362
|
|turn|67
|c|âshartruce2|ah
|c|âshartruce2|nb
|
|-activate|p1a: Small Cat|confusion
|-damage|p1a: Small Cat|155\/362|[from] confusion
|move|p2a: Clefable|Metronome|p2a: Clefable
|move|p2a: Clefable|Swift|p1a: Small Cat|[from]Metronome
|-damage|p1a: Small Cat|107\/362
|
|turn|68
|
|-activate|p1a: Small Cat|confusion
|-damage|p1a: Small Cat|39\/362|[from] confusion
|-enditem|p1a: Small Cat|Starf Berry|[eat]
|-boost|p1a: Small Cat|spd|2|[from] item: Starf Berry
|move|p2a: Clefable|Metronome|p2a: Clefable
|move|p2a: Clefable|Sky Uppercut|p1a: Small Cat|[from]Metronome
|-resisted|p1a: Small Cat
|-damage|p1a: Small Cat|13\/362
|
|turn|69
|
|-end|p1a: Small Cat|confusion
|move|p1a: Small Cat|Metronome|p1a: Small Cat
|move|p1a: Small Cat|Whirlwind|p2a: Clefable|[from]Metronome
|-fail|p2a: Clefable
|move|p2a: Clefable|Metronome|p2a: Clefable
|move|p2a: Clefable|Roost|p2a: Clefable|[from]Metronome
|-heal|p2a: Clefable|331\/352
|
|turn|70
|c|âohgeedubs|noo
|c|âshartruce2|lol
|c|âshartruce2|dam
|
|move|p1a: Small Cat|Metronome|p1a: Small Cat
|move|p1a: Small Cat|Cotton Guard|p1a: Small Cat|[from]Metronome
|-boost|p1a: Small Cat|def|3
|move|p2a: Clefable|Metronome|p2a: Clefable
|move|p2a: Clefable|Confide|p1a: Small Cat|[from]Metronome
|-unboost|p1a: Small Cat|spa|1
|
|turn|71
|c|âshartruce2|oml
|c|âshartruce2|clef pls
|
|move|p1a: Small Cat|Metronome|p1a: Small Cat
|move|p1a: Small Cat|Jump Kick|p2a: Clefable|[from]Metronome
|-resisted|p2a: Clefable
|-damage|p2a: Clefable|231\/352
|move|p2a: Clefable|Metronome|p2a: Clefable
|move|p2a: Clefable|Sand Tomb|p1a: Small Cat|[from]Metronome
|-crit|p1a: Small Cat
|-damage|p1a: Small Cat|0 fnt
|faint|p1a: Small Cat
|
|win|shartruce2
|c|âohgeedubs|gg
|c|âshartruce2|ah
|c|âshartruce2|gg