|join|slf
|join|shartruce2
|player|p1|slf|92
|player|p2|shartruce2|43
|gametype|singles
|gen|6
|tier|OU
|clearpoke
|poke|p1|Garchomp, F
|poke|p1|Greninja, F
|poke|p1|Scizor, F
|poke|p1|Bisharp, F
|poke|p1|Latios, M
|poke|p1|Landorus-Therian, M
|poke|p2|Azelf
|poke|p2|Bisharp, F
|poke|p2|Aerodactyl, F
|poke|p2|Gengar, M
|poke|p2|Keldeo
|poke|p2|Celebi
|rule|Swagger Clause: Swagger is banned
|rule|Baton Pass Clause: Limit one PokÃ©mon knowing Baton Pass
|rule|Sleep Clause Mod: Limit one foe put to sleep
|rule|Species Clause: Limit one of each PokÃ©mon
|rule|OHKO Clause: OHKO moves are banned
|rule|Moody Clause: Moody is banned
|rule|Evasion Moves Clause: Evasion moves are banned
|rule|Endless Battle Clause: Forcing endless battles is banned
|rule|HP Percentage Mod: HP is shown in percentages
|teampreview
|c|âslf|gl
|c|âshartruce2|gl
|
|start
|switch|p1a: Landorus-Therian|Landorus-Therian, M|325\/325
|switch|p2a: Azelf|Azelf|292\/292
|-ability|p1a: Landorus-Therian|Intimidate|[of] p2a: Azelf
|-unboost|p2a: Azelf|atk|1
|turn|1
|
|move|p1a: Landorus-Therian|U-turn|p2a: Azelf
|-supereffective|p2a: Azelf
|-damage|p2a: Azelf|36\/292
|
|switch|p1a: Scizor|Scizor, F|282\/282
|move|p2a: Azelf|Stealth Rock|p1a: Scizor
|-sidestart|p1: slf|move: Stealth Rock
|
|turn|2
|
|detailschange|p1a: Scizor|Scizor-Mega, F
|message|Scizor has Mega Evolved into Mega Scizor!
|move|p1a: Scizor|Bullet Punch|p2a: Azelf
|-damage|p2a: Azelf|0 fnt
|faint|p2a: Azelf
|
|join|sheik milkshake
|
|switch|p2a: Keldeo|Keldeo|323\/323
|turn|3
|
|switch|p1a: Latios|Latios, M|302\/302
|-damage|p1a: Latios|265\/302|[from] Stealth Rock
|move|p2a: Keldeo|Scald|p1a: Latios
|-resisted|p1a: Latios
|-damage|p1a: Latios|198\/302
|-status|p1a: Latios|brn
|
|-damage|p1a: Latios|161\/302 brn|[from] brn
|turn|4
|
|switch|p2a: Bisharp|Bisharp, F|272\/272
|move|p1a: Latios|Thunderbolt|p2a: Bisharp
|-damage|p2a: Bisharp|147\/272
|-damage|p1a: Latios|131\/302 brn|[from] item: Life Orb
|
|-damage|p1a: Latios|94\/302 brn|[from] brn
|turn|5
|
|move|p1a: Latios|Draco Meteor|p2a: Bisharp
|-resisted|p2a: Bisharp
|-damage|p2a: Bisharp|18\/272
|-unboost|p1a: Latios|spa|2
|-damage|p1a: Latios|64\/302 brn|[from] item: Life Orb
|move|p2a: Bisharp|Pursuit|p1a: Latios
|-supereffective|p1a: Latios
|-damage|p1a: Latios|0 fnt
|faint|p1a: Latios
|
|c|âslf|i run av sharp too
|c|âslf|not bad
|
|switch|p1a: Garchomp|Garchomp, F|357\/357
|-damage|p1a: Garchomp|335\/357|[from] Stealth Rock
|turn|6
|
|move|p1a: Garchomp|Stealth Rock|p2a: Bisharp
|-sidestart|p2: shartruce2|move: Stealth Rock
|move|p2a: Bisharp|Knock Off|p1a: Garchomp
|-damage|p1a: Garchomp|128\/357
|-damage|p2a: Bisharp|0 fnt|[from] ability: Rough Skin|[of] p1a: Garchomp
|faint|p2a: Bisharp
|
|join|beppityboopbop
|
|switch|p2a: Keldeo|Keldeo|323\/323
|-damage|p2a: Keldeo|303\/323|[from] Stealth Rock
|turn|7
|
|move|p2a: Keldeo|Secret Sword|p1a: Garchomp
|-damage|p1a: Garchomp|0 fnt
|faint|p1a: Garchomp
|
|
|switch|p1a: Landorus-Therian|Landorus-Therian, M|325\/325
|-damage|p1a: Landorus-Therian|285\/325|[from] Stealth Rock
|-ability|p1a: Landorus-Therian|Intimidate|[of] p2a: Keldeo
|-unboost|p2a: Keldeo|atk|1
|turn|8
|
|switch|p2a: Celebi|Celebi|404\/404
|-damage|p2a: Celebi|354\/404|[from] Stealth Rock
|move|p1a: Landorus-Therian|U-turn|p2a: Celebi
|-supereffective|p2a: Celebi
|-damage|p2a: Celebi|98\/404
|join|ajafk
|
|switch|p1a: Greninja|Greninja, F|285\/285
|-damage|p1a: Greninja|250\/285|[from] Stealth Rock
|
|-heal|p2a: Celebi|123\/404|[from] item: Leftovers
|turn|9
|
|move|p1a: Greninja|Ice Beam|p2a: Celebi
|-start|p1a: Greninja|typechange|Ice|[from] Protean
|-supereffective|p2a: Celebi
|-damage|p2a: Celebi|0 fnt
|-damage|p1a: Greninja|222\/285|[from] item: Life Orb
|faint|p2a: Celebi
|
|c| ajafk|Do people run a lot of scarf keldeo to check that freak of nature, shartruce?
|c| beppityboopbop|Scarf Keld is p common now
|c| ajafk|probably because of that bitch, eh
|
|switch|p2a: Keldeo|Keldeo|303\/323
|-damage|p2a: Keldeo|283\/323|[from] Stealth Rock
|turn|10
|c| ajafk|people say it isn't op lol
|
|move|p2a: Keldeo|Hydro Pump|p1a: Greninja
|-crit|p1a: Greninja
|-damage|p1a: Greninja|0 fnt
|faint|p1a: Greninja
|
|
|switch|p1a: Bisharp|Bisharp, F|271\/271
|-damage|p1a: Bisharp|255\/271|[from] Stealth Rock
|turn|11
|
|move|p2a: Keldeo|Hydro Pump|p1a: Bisharp|[miss]
|-miss|p2a: Keldeo|p1a: Bisharp
|move|p1a: Bisharp|Knock Off|p2a: Keldeo
|-resisted|p2a: Keldeo
|-damage|p2a: Keldeo|158\/323
|-boost|p2a: Keldeo|atk|1|[from] ability: Justified
|-enditem|p2a: Keldeo|Choice Scarf|[from] move: Knock Off|[of] p1a: Bisharp
|-damage|p1a: Bisharp|228\/271|[from] item: Life Orb
|
|turn|12
|c|âslf|sry
|
|move|p1a: Bisharp|Sucker Punch|p2a: Keldeo
|-resisted|p2a: Keldeo
|-damage|p2a: Keldeo|53\/323
|-boost|p2a: Keldeo|atk|1|[from] ability: Justified
|-damage|p1a: Bisharp|201\/271|[from] item: Life Orb
|move|p2a: Keldeo|Hydro Pump|p1a: Bisharp
|-damage|p1a: Bisharp|0 fnt
|faint|p1a: Bisharp
|
|c| beppityboopbop|game changing justified boosts imo
|
|switch|p1a: Scizor|Scizor-Mega, F|282\/282
|-damage|p1a: Scizor|247\/282|[from] Stealth Rock
|turn|13
|
|move|p1a: Scizor|Bullet Punch|p2a: Keldeo
|-resisted|p2a: Keldeo
|-damage|p2a: Keldeo|0 fnt
|faint|p2a: Keldeo
|
|
|switch|p2a: Gengar|Gengar, M|262\/262
|-damage|p2a: Gengar|230\/262|[from] Stealth Rock
|turn|14
|
|move|p2a: Gengar|Will-O-Wisp|p1a: Scizor
|-status|p1a: Scizor|brn
|move|p1a: Scizor|Swords Dance|p1a: Scizor
|-boost|p1a: Scizor|atk|2
|
|-damage|p1a: Scizor|212\/282 brn|[from] brn
|turn|15
|
|move|p1a: Scizor|Bullet Punch|p2a: Gengar
|-damage|p2a: Gengar|20\/262
|move|p2a: Gengar|Shadow Ball|p1a: Scizor
|-crit|p1a: Scizor
|-damage|p1a: Scizor|0 fnt
|-damage|p2a: Gengar|0 fnt|[from] item: Life Orb
|faint|p1a: Scizor
|faint|p2a: Gengar
|
|
|switch|p1a: Landorus-Therian|Landorus-Therian, M|285\/325
|switch|p2a: Aerodactyl|Aerodactyl, F|302\/302
|-damage|p1a: Landorus-Therian|245\/325|[from] Stealth Rock
|-ability|p1a: Landorus-Therian|Intimidate|[of] p2a: Aerodactyl
|-unboost|p2a: Aerodactyl|atk|1
|-damage|p2a: Aerodactyl|227\/302|[from] Stealth Rock
|turn|16
|
|detailschange|p2a: Aerodactyl|Aerodactyl-Mega, F
|message|Aerodactyl has Mega Evolved into Mega Aerodactyl!
|move|p1a: Landorus-Therian|Stone Edge|p2a: Aerodactyl
|-supereffective|p2a: Aerodactyl
|-damage|p2a: Aerodactyl|0 fnt
|faint|p2a: Aerodactyl
|
|win|slf
|c|âslf|gg
|c|âshartruce2|gg
|leave|ajafk
|leave|beppityboopbop