|join|Brodean
|join|shartruce2
|player|p1|Brodean|2
|player|p2|shartruce2|43
|gametype|singles
|gen|6
|tier|OU
|clearpoke
|poke|p1|Alakazam, M
|poke|p1|Keldeo
|poke|p1|Heatran, M
|poke|p1|Celebi
|poke|p1|Tyranitar, M
|poke|p1|Gengar, M
|poke|p2|Charizard, F
|poke|p2|Mew
|poke|p2|Tyranitar, M
|poke|p2|Keldeo
|poke|p2|Doublade, M
|poke|p2|Celebi
|rule|Swagger Clause: Swagger is banned
|rule|Baton Pass Clause: Limit one PokÃ©mon knowing Baton Pass
|rule|Sleep Clause Mod: Limit one foe put to sleep
|rule|Species Clause: Limit one of each PokÃ©mon
|rule|OHKO Clause: OHKO moves are banned
|rule|Moody Clause: Moody is banned
|rule|Evasion Moves Clause: Evasion moves are banned
|rule|Endless Battle Clause: Forcing endless battles is banned
|rule|HP Percentage Mod: HP is shown in percentages
|teampreview
|join|ShootingStarmie
|join|Nani Man
|join|TheJFrenzy1
|join|MooseTheDragonite
|join|Draeden
|c|âBrodean|hf
|c|@Nani Man|\/me rubs the mystical ball of swag 
|join|Sharpteeth
|c|@Nani Man|the mystical ball of swag says this will be close
|c| Draeden|lol
|join|Alvok
|c| Sharpteeth|Nani Man
|c| Sharpteeth|you named them separately?
|c| Sharpteeth|o.o
|leave|TheJFrenzy1
|c|âshartruce2|o hf
|c|@Nani Man|what do you mean man
|c|@Nani Man|:O
|c| Sharpteeth|...
|c| Sharpteeth|I'd
|c| Sharpteeth|rather not
|c|@Nani Man|oooh
|c|@Nani Man|rof
|
|start
|switch|p1a: Tyranitar|Tyranitar, M|341\/341
|switch|p2a: Charizard|Charizard, F|359\/359
|-weather|Sandstorm
|turn|1
|join|deathbored
|join|craing ;_;
|join|asdfCookie
|
|switch|p2a: Keldeo|Keldeo|323\/323
|move|p1a: Tyranitar|Stone Edge|p2a: Keldeo
|-crit|p2a: Keldeo
|-resisted|p2a: Keldeo
|-damage|p2a: Keldeo|168\/323
|
|-weather|Sandstorm|[upkeep]
|-damage|p2a: Keldeo|148\/323|[from] sandstorm
|turn|2
|
|move|p1a: Tyranitar|Stone Edge|p2a: Keldeo
|-resisted|p2a: Keldeo
|-damage|p2a: Keldeo|57\/323
|move|p2a: Keldeo|Scald|p1a: Tyranitar
|-supereffective|p1a: Tyranitar
|-damage|p1a: Tyranitar|39\/341
|
|-weather|Sandstorm|[upkeep]
|-damage|p2a: Keldeo|37\/323|[from] sandstorm
|turn|3
|
|switch|p2a: Tyranitar|Tyranitar, M|404\/404
|move|p1a: Tyranitar|Stone Edge|p2a: Tyranitar
|-damage|p2a: Tyranitar|274\/404
|
|-weather|Sandstorm|[upkeep]
|-heal|p2a: Tyranitar|299\/404|[from] item: Leftovers
|turn|4
|
|switch|p1a: Heatran|Heatran, M|323\/323
|-item|p1a: Heatran|Air Balloon
|move|p2a: Tyranitar|Thunder Wave|p1a: Heatran
|-status|p1a: Heatran|par
|
|-weather|Sandstorm|[upkeep]
|-heal|p2a: Tyranitar|324\/404|[from] item: Leftovers
|turn|5
|
|move|p2a: Tyranitar|Stealth Rock|p1a: Heatran
|-sidestart|p1: Brodean|move: Stealth Rock
|move|p1a: Heatran|Stealth Rock|p2a: Tyranitar
|-sidestart|p2: shartruce2|move: Stealth Rock
|
|-weather|none
|-heal|p2a: Tyranitar|349\/404|[from] item: Leftovers
|turn|6
|join|jake5
|
|move|p2a: Tyranitar|Rock Slide|p1a: Heatran
|-damage|p1a: Heatran|217\/323 par
|-enditem|p1a: Heatran|Air Balloon
|cant|p1a: Heatran|par
|
|-heal|p2a: Tyranitar|374\/404|[from] item: Leftovers
|turn|7
|
|move|p2a: Tyranitar|Rock Slide|p1a: Heatran
|-damage|p1a: Heatran|108\/323 par
|cant|p1a: Heatran|par
|
|-heal|p2a: Tyranitar|399\/404|[from] item: Leftovers
|turn|8
|
|move|p2a: Tyranitar|Rock Slide|p1a: Heatran
|-damage|p1a: Heatran|0 fnt
|faint|p1a: Heatran
|
|-heal|p2a: Tyranitar|404\/404|[from] item: Leftovers
|
|switch|p1a: Keldeo|Keldeo|323\/323
|-damage|p1a: Keldeo|303\/323|[from] Stealth Rock
|turn|9
|
|switch|p1a: Gengar|Gengar, M|262\/262
|-damage|p1a: Gengar|230\/262|[from] Stealth Rock
|switch|p2a: Celebi|Celebi|404\/404
|-damage|p2a: Celebi|354\/404|[from] Stealth Rock
|
|-heal|p2a: Celebi|379\/404|[from] item: Leftovers
|turn|10
|leave|MooseTheDragonite
|
|switch|p2a: Tyranitar|Tyranitar, M|404\/404
|-damage|p2a: Tyranitar|354\/404|[from] Stealth Rock
|-weather|Sandstorm
|move|p1a: Gengar|Sludge Wave|p2a: Tyranitar
|-resisted|p2a: Tyranitar
|-damage|p2a: Tyranitar|284\/404
|-damage|p1a: Gengar|204\/262|[from] item: Life Orb
|
|-weather|Sandstorm|[upkeep]
|-damage|p1a: Gengar|188\/262|[from] sandstorm
|-heal|p2a: Tyranitar|309\/404|[from] item: Leftovers
|turn|11
|join|Dallaren
|leave|Dallaren
|
|move|p1a: Gengar|Focus Blast|p2a: Tyranitar
|-supereffective|p2a: Tyranitar
|-damage|p2a: Tyranitar|0 fnt
|-damage|p1a: Gengar|162\/262|[from] item: Life Orb
|faint|p2a: Tyranitar
|
|-weather|Sandstorm|[upkeep]
|-damage|p1a: Gengar|146\/262|[from] sandstorm
|leave|asdfCookie
|join|JDynasty
|join|dfgfh
|
|switch|p2a: Doublade|Doublade, M|322\/322
|-damage|p2a: Doublade|302\/322|[from] Stealth Rock
|turn|12
|
|switch|p1a: Tyranitar|Tyranitar, M|39\/341
|-damage|p1a: Tyranitar|0 fnt|[from] Stealth Rock
|faint|p1a: Tyranitar
|move|p2a: Doublade|Gyro Ball|p1: Tyranitar|[notarget]
|-notarget
|
|-weather|Sandstorm|[upkeep]
|
|switch|p1a: Keldeo|Keldeo|303\/323
|-damage|p1a: Keldeo|283\/323|[from] Stealth Rock
|turn|13
|
|switch|p1a: Alakazam|Alakazam, M|252\/252
|switch|p2a: Keldeo|Keldeo|37\/323
|-damage|p2a: Keldeo|17\/323|[from] Stealth Rock
|
|-weather|Sandstorm|[upkeep]
|-damage|p2a: Keldeo|0 fnt|[from] sandstorm
|faint|p2a: Keldeo
|
|switch|p2a: Mew|Mew|404\/404
|-damage|p2a: Mew|354\/404|[from] Stealth Rock
|turn|14
|leave|Nani Man
|
|detailschange|p1a: Alakazam|Alakazam-Mega, M
|message|Alakazam has Mega Evolved into Mega Alakazam!
|-ability|p1a: Alakazam|Synchronize|[from] ability: Trace|[of] p2a: Mew
|move|p1a: Alakazam|Shadow Ball|p2a: Mew
|-supereffective|p2a: Mew
|-damage|p2a: Mew|106\/404
|move|p2a: Mew|Defog|p1a: Alakazam
|-unboost|p1a: Alakazam|evasion|1
|-sideend|p1: Brodean|Stealth Rock|[from] move: Defog|[of] p1a: Alakazam
|-sideend|p2: shartruce2|Stealth Rock|[from] move: Defog|[of] p2a: Mew
|
|-weather|none
|-heal|p2a: Mew|131\/404|[from] item: Leftovers
|turn|15
|
|move|p1a: Alakazam|Shadow Ball|p2a: Mew
|-crit|p2a: Mew
|-supereffective|p2a: Mew
|-damage|p2a: Mew|0 fnt
|faint|p2a: Mew
|
|
|switch|p2a: Doublade|Doublade, M|302\/322
|turn|16
|
|move|p1a: Alakazam|Shadow Ball|p2a: Doublade
|-supereffective|p2a: Doublade
|-damage|p2a: Doublade|86\/322
|move|p2a: Doublade|Gyro Ball|p1a: Alakazam
|-damage|p1a: Alakazam|0 fnt
|faint|p1a: Alakazam
|
|
|switch|p1a: Gengar|Gengar, M|146\/262
|turn|17
|
|move|p1a: Gengar|Shadow Ball|p2a: Doublade
|-supereffective|p2a: Doublade
|-damage|p2a: Doublade|0 fnt
|-damage|p1a: Gengar|120\/262|[from] item: Life Orb
|faint|p2a: Doublade
|
|
|switch|p2a: Charizard|Charizard, F|359\/359
|turn|18
|
|detailschange|p2a: Charizard|Charizard-Mega-Y, F
|message|Charizard has Mega Evolved into Mega Charizard!
|-weather|SunnyDay
|move|p1a: Gengar|Sludge Wave|p2a: Charizard
|-damage|p2a: Charizard|195\/359
|-damage|p1a: Gengar|94\/262|[from] item: Life Orb
|move|p2a: Charizard|Flamethrower|p1a: Gengar
|-damage|p1a: Gengar|0 fnt
|faint|p1a: Gengar
|
|-weather|SunnyDay|[upkeep]
|
|switch|p1a: Keldeo|Keldeo|283\/323
|turn|19
|
|switch|p2a: Celebi|Celebi|379\/404
|move|p1a: Keldeo|Hydro Pump|p2a: Celebi
|-resisted|p2a: Celebi
|-damage|p2a: Celebi|328\/404
|
|-weather|SunnyDay|[upkeep]
|-heal|p2a: Celebi|353\/404|[from] item: Leftovers
|turn|20
|
|switch|p1a: Celebi|Celebi|404\/404
|move|p2a: Celebi|Baton Pass|p2a: Celebi
|
|switch|p2a: Charizard|Charizard-Mega-Y, F|195\/359
|
|-weather|SunnyDay|[upkeep]
|turn|21
|join|swagger wagon
|
|switch|p1a: Keldeo|Keldeo|283\/323
|move|p2a: Charizard|Flamethrower|p1a: Keldeo
|-resisted|p1a: Keldeo
|-damage|p1a: Keldeo|164\/323
|
|-weather|SunnyDay|[upkeep]
|turn|22
|
|switch|p1a: Celebi|Celebi|404\/404
|switch|p2a: Celebi|Celebi|353\/404
|
|-weather|none
|-heal|p2a: Celebi|378\/404|[from] item: Leftovers
|turn|23
|join|Primal Gyarados
|join|zappcap
|
|move|p1a: Celebi|Calm Mind|p1a: Celebi
|-boost|p1a: Celebi|spa|1
|-boost|p1a: Celebi|spd|1
|move|p2a: Celebi|Baton Pass|p2a: Celebi
|
|switch|p2a: Charizard|Charizard-Mega-Y, F|195\/359
|-weather|SunnyDay
|
|-weather|SunnyDay|[upkeep]
|turn|24
|join|qwazz
|join|ICNH
|
|switch|p1a: Keldeo|Keldeo|164\/323
|move|p2a: Charizard|Flamethrower|p1a: Keldeo
|-resisted|p1a: Keldeo
|-damage|p1a: Keldeo|31\/323
|
|-weather|SunnyDay|[upkeep]
|turn|25
|join|Nani Man
|
|switch|p1a: Celebi|Celebi|404\/404
|switch|p2a: Celebi|Celebi|378\/404
|
|-weather|SunnyDay|[upkeep]
|-heal|p2a: Celebi|403\/404|[from] item: Leftovers
|turn|26
|join|Qubae
|
|move|p1a: Celebi|Calm Mind|p1a: Celebi
|-boost|p1a: Celebi|spa|1
|-boost|p1a: Celebi|spd|1
|move|p2a: Celebi|Baton Pass|p2a: Celebi
|
|switch|p2a: Charizard|Charizard-Mega-Y, F|195\/359
|
|-weather|SunnyDay|[upkeep]
|turn|27
|
|move|p2a: Charizard|Flamethrower|p1a: Celebi
|-supereffective|p1a: Celebi
|-damage|p1a: Celebi|60\/404
|move|p1a: Celebi|Recover|p1a: Celebi
|-heal|p1a: Celebi|262\/404
|
|-weather|none
|-heal|p1a: Celebi|287\/404|[from] item: Leftovers
|turn|28
|c| Qubae|i see you like McMeghans team
|leave|Sharpteeth
|
|switch|p2a: Celebi|Celebi|403\/404
|move|p1a: Celebi|Recover|p1a: Celebi
|-heal|p1a: Celebi|404\/404
|
|-heal|p2a: Celebi|404\/404|[from] item: Leftovers
|turn|29
|
|move|p1a: Celebi|Calm Mind|p1a: Celebi
|-boost|p1a: Celebi|spa|1
|-boost|p1a: Celebi|spd|1
|move|p2a: Celebi|Baton Pass|p2a: Celebi
|
|switch|p2a: Charizard|Charizard-Mega-Y, F|195\/359
|-weather|SunnyDay
|
|-weather|SunnyDay|[upkeep]
|turn|30
|join|Sharpteeth
|
|move|p2a: Charizard|Roost|p2a: Charizard
|-heal|p2a: Charizard|359\/359
|move|p1a: Celebi|Psychic|p2a: Charizard
|-damage|p2a: Charizard|215\/359
|
|-weather|SunnyDay|[upkeep]
|turn|31
|
|move|p2a: Charizard|Flamethrower|p1a: Celebi
|-crit|p1a: Celebi
|-supereffective|p1a: Celebi
|-damage|p1a: Celebi|0 fnt
|faint|p1a: Celebi
|
|-weather|SunnyDay|[upkeep]
|c| Qubae|why didnt the baton pass work :I
|c|âshartruce2|o
|c|âshartruce2|sry
|c|âBrodean|gg!
|c|âBrodean|no need
|c|âBrodean|i had a ton of fun
|
|switch|p1a: Keldeo|Keldeo|31\/323
|turn|32
|
|move|p1a: Keldeo|Hidden Power|p2a: Charizard
|-supereffective|p2a: Charizard
|-damage|p2a: Charizard|105\/359
|move|p2a: Charizard|Flamethrower|p1a: Keldeo
|-resisted|p1a: Keldeo
|-damage|p1a: Keldeo|0 fnt
|faint|p1a: Keldeo
|
|win|shartruce2
|leave|ICNH
|leave|Sharpteeth
|leave|Draeden
|leave|deathbored
|leave|dfgfh
|leave|Nani Man
|leave|Qubae
|leave|Alvok
|leave|JDynasty
|leave|zappcap
|leave|ShootingStarmie
|leave|swagger wagon
|leave|jake5
|leave|Brodean
|player|p1
|raw|<div class="broadcast-blue"><b>Hi, guys! I'm gonna hotpatch the server, you may experience a tiny little bit of lag. If you do, blame it on your ISP and call them angry asking for compensation. ISPs love that.<\/b><\/div>
|raw|<div class="broadcast-blue"><b>That's it, that was faster than expected, wasn't it? So yeah, fellas, you can now enjoy ORAS Smogon Doubles and I've tinkered with the Seasonal to make it more enjoyable. You should totally try it today and see today's team. xoxo<\/b><\/div>
|leave|Primal Gyarados
|leave|craing ;_;
|leave|qwazz
|leave|shartruce2
|player|p2