|join|Lord Moet II
|join|shartruce2
|player|p1|Lord Moet II|260
|player|p2|shartruce2|43
|gametype|singles
|gen|6
|tier|OU
|clearpoke
|poke|p1|Bisharp, M
|poke|p1|Keldeo
|poke|p1|Raikou, shiny
|poke|p1|Mew
|poke|p1|Heracross, M
|poke|p1|Landorus-Therian, M
|poke|p2|Skarmory, F
|poke|p2|Bisharp, F
|poke|p2|Aerodactyl, F
|poke|p2|Kyurem-Black
|poke|p2|Keldeo
|poke|p2|Landorus-Therian, M
|rule|Swagger Clause: Swagger is banned
|rule|Baton Pass Clause: Limit one PokÃ©mon knowing Baton Pass
|rule|Sleep Clause Mod: Limit one foe put to sleep
|rule|Species Clause: Limit one of each PokÃ©mon
|rule|OHKO Clause: OHKO moves are banned
|rule|Moody Clause: Moody is banned
|rule|Evasion Moves Clause: Evasion moves are banned
|rule|Endless Battle Clause: Forcing endless battles is banned
|rule|HP Percentage Mod: HP is shown in percentages
|teampreview
|join|swaaaangin
|join|pokeaim
|
|start
|switch|p1a: Keldeo|Keldeo|322\/322
|switch|p2a: Aerodactyl|Aerodactyl, F|301\/301
|turn|1
|join|fsddsafsdfa
|join|my ass=ur dinner
|c| my ass=ur dinner|<
|c| my ass=ur dinner|ur name has shart in it.
|
|switch|p2a: Keldeo|Keldeo|323\/323
|move|p1a: Keldeo|Scald|p2a: Keldeo
|-resisted|p2a: Keldeo
|-damage|p2a: Keldeo|212\/323
|
|turn|2
|join|my dinner=ur ass
|c| fsddsafsdfa|pretty sure megadactyl beats his entire team
|c| my dinner=ur ass|<
|join|get bloan bck
|c| my ass=ur dinner|<
|c| my dinner=ur ass|<
|c| my ass=ur dinner|<
|
|switch|p1a: Mew|Mew|401\/401
|move|p2a: Keldeo|Scald|p1a: Mew
|-damage|p1a: Mew|241\/401
|-status|p1a: Mew|brn
|-status|p2a: Keldeo|brn
|
|-heal|p1a: Mew|266\/401 brn|[from] item: Leftovers
|-damage|p2a: Keldeo|172\/323 brn|[from] brn
|-damage|p1a: Mew|216\/401 brn|[from] brn
|turn|3
|c| my dinner=ur ass|;]
|c| fsddsafsdfa|identity property of multiplication
|
|switch|p2a: Bisharp|Bisharp, F|271\/271
|switch|p1a: Keldeo|Keldeo|322\/322
|
|turn|4
|
|move|p2a: Bisharp|Sucker Punch|p1a: Keldeo
|-resisted|p1a: Keldeo
|-damage|p1a: Keldeo|228\/322
|-boost|p1a: Keldeo|atk|1|[from] ability: Justified
|-damage|p2a: Bisharp|244\/271|[from] item: Life Orb
|move|p1a: Keldeo|Scald|p2a: Bisharp
|-damage|p2a: Bisharp|0 fnt
|faint|p2a: Bisharp
|
|c| fsddsafsdfa|bye priority
|c| my ass=ur dinner|<
|c|âLord Moet II|do i need to reset the timer?
|
|switch|p2a: Aerodactyl|Aerodactyl, F|301\/301
|turn|5
|join|chimpact
|
|switch|p1a: Landorus-Therian|Landorus-Therian, M|382\/382
|-ability|p1a: Landorus-Therian|Intimidate|[of] p2a: Aerodactyl
|-unboost|p2a: Aerodactyl|atk|1
|detailschange|p2a: Aerodactyl|Aerodactyl-Mega, F
|message|Aerodactyl has Mega Evolved into Mega Aerodactyl!
|move|p2a: Aerodactyl|Aerial Ace|p1a: Landorus-Therian
|-damage|p1a: Landorus-Therian|304\/382
|
|-heal|p1a: Landorus-Therian|327\/382|[from] item: Leftovers
|turn|6
|join|LT8Z sp1ff
|c| fsddsafsdfa|does aero outspeed scarfed lando?
|
|switch|p2a: Skarmory|Skarmory, F|271\/271
|move|p1a: Landorus-Therian|Stealth Rock|p2a: Skarmory
|-sidestart|p2: shartruce2|move: Stealth Rock
|
|-heal|p1a: Landorus-Therian|350\/382|[from] item: Leftovers
|turn|7
|
|move|p2a: Skarmory|Stealth Rock|p1a: Landorus-Therian
|-sidestart|p1: Lord Moet II|move: Stealth Rock
|move|p1a: Landorus-Therian|U-turn|p2a: Skarmory
|-resisted|p2a: Skarmory
|-damage|p2a: Skarmory|258\/271
|join|Zamrock
|
|switch|p1a: Keldeo|Keldeo|228\/322
|-damage|p1a: Keldeo|208\/322|[from] Stealth Rock
|
|turn|8
|
|move|p1a: Keldeo|Scald|p2a: Skarmory
|-damage|p2a: Skarmory|0 fnt
|faint|p2a: Skarmory
|
|
|switch|p2a: Aerodactyl|Aerodactyl-Mega, F|301\/301
|-damage|p2a: Aerodactyl|226\/301|[from] Stealth Rock
|turn|9
|
|move|p2a: Aerodactyl|Aqua Tail|p1a: Keldeo
|-resisted|p1a: Keldeo
|-damage|p1a: Keldeo|121\/322
|move|p1a: Keldeo|Scald|p2a: Aerodactyl
|-supereffective|p2a: Aerodactyl
|-damage|p2a: Aerodactyl|0 fnt
|faint|p2a: Aerodactyl
|
|c| my ass=ur dinner|shart
|c| my dinner=ur ass|he comin for that ass
|c| Zamrock|0 fucks
|
|switch|p2a: Kyurem-Black|Kyurem-Black|391\/391
|-damage|p2a: Kyurem-Black|294\/391|[from] Stealth Rock
|-ability|p2a: Kyurem-Black|Teravolt
|turn|10
|
|switch|p1a: Bisharp|Bisharp, M|271\/271
|-damage|p1a: Bisharp|255\/271|[from] Stealth Rock
|move|p2a: Kyurem-Black|Fusion Bolt|p1a: Bisharp
|-damage|p1a: Bisharp|110\/271
|
|turn|11
|c| my ass=ur dinner|niggas name
|c| my ass=ur dinner|is shart
|c| my dinner=ur ass|i shatruced my pants guys...
|
|move|p1a: Bisharp|Sucker Punch|p2a: Kyurem-Black
|-damage|p2a: Kyurem-Black|123\/391
|move|p2a: Kyurem-Black|Fusion Bolt|p1a: Bisharp
|-damage|p1a: Bisharp|0 fnt
|faint|p1a: Bisharp
|
|
|switch|p1a: Raikou|Raikou, shiny|322\/322
|-damage|p1a: Raikou|282\/322|[from] Stealth Rock
|-ability|p1a: Raikou|Pressure
|turn|12
|
|move|p1a: Raikou|Shadow Ball|p2a: Kyurem-Black
|-damage|p2a: Kyurem-Black|28\/391
|move|p2a: Kyurem-Black|Earth Power|p1a: Raikou
|-supereffective|p1a: Raikou
|-damage|p1a: Raikou|80\/322
|
|turn|13
|c| my ass=ur dinner|shart ruse
|
|move|p1a: Raikou|Shadow Ball|p2a: Kyurem-Black
|-damage|p2a: Kyurem-Black|0 fnt
|faint|p2a: Kyurem-Black
|
|c| Zamrock|a snack
|
|switch|p2a: Landorus-Therian|Landorus-Therian, M|320\/320
|-damage|p2a: Landorus-Therian|280\/320|[from] Stealth Rock
|-ability|p2a: Landorus-Therian|Intimidate|[of] p1a: Raikou
|-unboost|p1a: Raikou|atk|1
|turn|14
|c| my ass=ur dinner|i sharted once.
|
|switch|p1a: Landorus-Therian|Landorus-Therian, M|350\/382
|-damage|p1a: Landorus-Therian|303\/382|[from] Stealth Rock
|-ability|p1a: Landorus-Therian|Intimidate|[of] p2a: Landorus-Therian
|-unboost|p2a: Landorus-Therian|atk|1
|move|p2a: Landorus-Therian|U-turn|p1a: Landorus-Therian
|-resisted|p1a: Landorus-Therian
|-damage|p1a: Landorus-Therian|281\/382
|
|switch|p2a: Keldeo|Keldeo|172\/323 brn
|-damage|p2a: Keldeo|152\/323 brn|[from] Stealth Rock
|
|-heal|p1a: Landorus-Therian|304\/382|[from] item: Leftovers
|-damage|p2a: Keldeo|112\/323 brn|[from] brn
|turn|15
|
|switch|p1a: Mew|Mew|216\/401 brn
|-damage|p1a: Mew|166\/401 brn|[from] Stealth Rock
|move|p2a: Keldeo|Scald|p1a: Mew
|-crit|p1a: Mew
|-damage|p1a: Mew|0 fnt
|faint|p1a: Mew
|
|-damage|p2a: Keldeo|72\/323 brn|[from] brn
|
|switch|p1a: Raikou|Raikou, shiny|80\/322
|-damage|p1a: Raikou|40\/322|[from] Stealth Rock
|-ability|p1a: Raikou|Pressure
|turn|16
|join|lt8a p!nk dolphin
|
|switch|p2a: Landorus-Therian|Landorus-Therian, M|280\/320
|-damage|p2a: Landorus-Therian|240\/320|[from] Stealth Rock
|-ability|p2a: Landorus-Therian|Intimidate|[of] p1a: Raikou
|-unboost|p1a: Raikou|atk|1
|move|p1a: Raikou|Shadow Ball|p2a: Landorus-Therian
|-damage|p2a: Landorus-Therian|76\/320
|
|turn|17
|
|switch|p1a: Heracross|Heracross, M|301\/301
|-damage|p1a: Heracross|264\/301|[from] Stealth Rock
|move|p2a: Landorus-Therian|Stone Edge|p1a: Heracross|[miss]
|-miss|p2a: Landorus-Therian|p1a: Heracross
|
|turn|18
|
|detailschange|p1a: Heracross|Heracross-Mega, M
|message|Heracross has Mega Evolved into Mega Heracross!
|move|p2a: Landorus-Therian|Stone Edge|p1a: Heracross
|-damage|p1a: Heracross|155\/301
|move|p1a: Heracross|Close Combat|p2a: Landorus-Therian
|-resisted|p2a: Landorus-Therian
|-damage|p2a: Landorus-Therian|0 fnt
|-unboost|p1a: Heracross|def|1
|-unboost|p1a: Heracross|spd|1
|faint|p2a: Landorus-Therian
|
|leave|Zamrock
|c|âLord Moet II|gg
|
|switch|p2a: Keldeo|Keldeo|72\/323 brn
|-damage|p2a: Keldeo|52\/323 brn|[from] Stealth Rock
|turn|19
|
|move|p2a: Keldeo|Scald|p1a: Heracross
|-damage|p1a: Heracross|0 fnt
|faint|p1a: Heracross
|
|-damage|p2a: Keldeo|12\/323 brn|[from] brn
|
|switch|p1a: Raikou|Raikou, shiny|40\/322
|-damage|p1a: Raikou|0 fnt|[from] Stealth Rock
|faint|p1a: Raikou
|
|switch|p1a: Landorus-Therian|Landorus-Therian, M|304\/382
|-damage|p1a: Landorus-Therian|257\/382|[from] Stealth Rock
|-ability|p1a: Landorus-Therian|Intimidate|[of] p2a: Keldeo
|-unboost|p2a: Keldeo|atk|1
|turn|20
|
|switch|p1a: Keldeo|Keldeo|121\/322
|-damage|p1a: Keldeo|101\/322|[from] Stealth Rock
|move|p2a: Keldeo|Scald|p1a: Keldeo
|-resisted|p1a: Keldeo
|-damage|p1a: Keldeo|0 fnt
|faint|p1a: Keldeo
|
|-damage|p2a: Keldeo|0 fnt|[from] brn
|faint|p2a: Keldeo
|
|win|Lord Moet II