|join|xJownage
|join|shartruce2
|player|p1|xJownage|293
|player|p2|shartruce2|43
|gametype|singles
|gen|6
|tier|OU
|clearpoke
|poke|p1|Medicham, F
|poke|p1|Landorus, M
|poke|p1|Terrakion
|poke|p1|Excadrill, F
|poke|p1|Bisharp, M
|poke|p1|Gyarados, F
|poke|p2|Slowbro, M
|poke|p2|Amoonguss, M
|poke|p2|Aggron, F
|poke|p2|Chansey, F
|poke|p2|Mandibuzz, F
|poke|p2|Clefable, F
|rule|Swagger Clause: Swagger is banned
|rule|Baton Pass Clause: Limit one PokÃ©mon knowing Baton Pass
|rule|Sleep Clause Mod: Limit one foe put to sleep
|rule|Species Clause: Limit one of each PokÃ©mon
|rule|OHKO Clause: OHKO moves are banned
|rule|Moody Clause: Moody is banned
|rule|Evasion Moves Clause: Evasion moves are banned
|rule|Endless Battle Clause: Forcing endless battles is banned
|rule|HP Percentage Mod: HP is reported as percentages
|teampreview
|join|Luke1995
|join|Outrageous Fortune
|join|king of spycrabs
|chat|xJownage|glhf
|join|newladdering34
|chat|shartruce2|u2
|join|m00nk1ller
|join|I wuv you <3
|chat|xJownage|its a mega aggron stall
|join|Nashville
|join|LinkinSLK
|join|betterthanHABAJIGA
|chat|xJownage|OSHIT
|chat|king of spycrabs|stalllllll
|chat|xJownage|lel
|chat|m00nk1ller|oh snap
|chat|newladdering34|so pink
|join|testing the ttar
|join|Scyrel
|
|start
|switch|p1a: Terrakion|Terrakion|323\/323
|switch|p2a: SS IS A FGT|Slowbro, M|394\/394
|turn|1
|chat|m00nk1ller|i love the pink 
|chat|king of spycrabs|THE PINK STALL
|join|AlmightyJeffwinger
|
|move|p1a: Terrakion|Stealth Rock|p2a: SS IS A FGT
|-sidestart|p2: shartruce2|move: Stealth Rock
|move|p2a: SS IS A FGT|Scald|p1a: Terrakion
|-supereffective|p1a: Terrakion
|-damage|p1a: Terrakion|135\/323
|
|turn|2
|join|AzulaBlaze
|join|Billy Bob Brown
|join|Sieke
|join|AjTheEpic
|
|move|p1a: Terrakion|Stone Edge|p2a: SS IS A FGT
|-damage|p2a: SS IS A FGT|238\/394
|-damage|p1a: Terrakion|103\/323|[from] item: Life Orb
|move|p2a: SS IS A FGT|Scald|p1a: Terrakion
|-supereffective|p1a: Terrakion
|-damage|p1a: Terrakion|0 fnt
|faint|p1a: Terrakion
|
|-heal|p2a: SS IS A FGT|262\/394|[from] item: Leftovers
|join|Lunaluna13
|chat|betterthanHABAJIGA|woah didnt do shit
|
|switch|p1a: Medicham|Medicham, F|261\/261
|turn|3
|chat|king of spycrabs|wat
|chat|betterthanHABAJIGA|the stone edge
|chat|Sieke|thunder punch medichamp
|chat|AjTheEpic|must be thuynder
|chat|AlmightyJeffwinger|fake out t punch
|chat|AjTheEpic|.[[thunderstruck ac\/dc]]
|chat|AlmightyJeffwinger|even t punch wont ko
|chat|testing the ttar|bluff the thunder
|chat|newladdering34|clef is a counter
|chat|m00nk1ller|imo save the medi and the lando
|chat|m00nk1ller|and the bisharp
|chat|xJownage|yep
|chat|I wuv you <3|save em all
|chat|xJownage|ik what to do
|chat|betterthanHABAJIGA|gota save 'em all
|chat|Billy Bob Brown|catch em all
|join|thepowr
|chat|xJownage|gotta fuck em all
|chat|xJownage|in the ass
|chat|xJownage|with a rake
|chat|I wuv you <3|no mon left behind
|chat|betterthanHABAJIGA|k
|chat|newladdering34|right in the pussy
|
|detailschange|p1a: Medicham|Medicham-Mega, F
|message|Medicham has Mega Evolved into Mega Medicham!
|move|p1a: Medicham|Fake Out|p2a: SS IS A FGT
|-damage|p2a: SS IS A FGT|209\/394
|cant|p2a: SS IS A FGT|flinch
|
|-heal|p2a: SS IS A FGT|233\/394|[from] item: Leftovers
|turn|4
|chat|betterthanHABAJIGA|is that where it goes?
|join|Vinnesia E4 Gortex
|chat|newladdering34|whys it taking so long
|join|My Feelings Suck
|
|switch|p1a: Gyarados|Gyarados, F|331\/331
|switch|p2a: Clefable|Clefable, F|394\/394
|-damage|p2a: Clefable|345\/394|[from] Stealth Rock
|
|-heal|p2a: Clefable|369\/394|[from] item: Leftovers
|turn|5
|chat|king of spycrabs|shartruce2 my player emblem of a boy in a speedo is better than yours :P
|join|CrankyPanda
|chat|My Feelings Suck|yay pink teams
|chat|xJownage|lol
|chat|xJownage|his team is so much pink
|
|move|p1a: Gyarados|Waterfall|p2a: Clefable
|-damage|p2a: Clefable|227\/394
|move|p2a: Clefable|Wish|p2a: Clefable
|
|-heal|p2a: Clefable|251\/394|[from] item: Leftovers
|turn|6
|chat|king of spycrabs|2 in the pink, 1 in the stink
|chat|xJownage|lolwut
|leave|AlmightyJeffwinger
|
|move|p2a: Clefable|Protect|p2a: Clefable
|-singleturn|p2a: Clefable|Protect
|move|p1a: Gyarados|Bounce|p2a: Clefable|[still]
|-prepare|p1a: Gyarados|Bounce|p2a: Clefable
|
|-heal|p2a: Clefable|394\/394|[from] move: Wish|[wisher] Clefable
|turn|7
|chat|My Feelings Suck|~~bounce tho~~
|chat|xJownage|bounce gyarados
|chat|xJownage|swag
|chat|king of spycrabs|dat flying stab
|chat|xJownage|mhmm
|chat|Billy Bob Brown|lolol
|
|move|p1a: Gyarados|Bounce|p2a: Clefable
|-damage|p2a: Clefable|262\/394
|move|p2a: Clefable|Moonblast|p1a: Gyarados
|-damage|p1a: Gyarados|226\/331
|
|-heal|p2a: Clefable|286\/394|[from] item: Leftovers
|turn|8
|chat|xJownage|and protect bypisser
|chat|m00nk1ller|with 30% para
|chat|m00nk1ller|shit acc tho
|
|switch|p1a: Bisharp|Bisharp, M|272\/272
|move|p2a: Clefable|Wish|p2a: Clefable
|
|-heal|p2a: Clefable|310\/394|[from] item: Leftovers
|turn|9
|
|switch|p2a: B- PLS|Aggron, F|344\/344
|-damage|p2a: B- PLS|323\/344|[from] Stealth Rock
|move|p1a: Bisharp|Iron Head|p2a: B- PLS
|-damage|p2a: B- PLS|216\/344
|-damage|p1a: Bisharp|245\/272|[from] item: Life Orb
|
|-heal|p2a: B- PLS|344\/344|[from] move: Wish|[wisher] Clefable
|turn|10
|chat|king of spycrabs|its focus blast bisharp ( Í¡Â° ÍÊ Í¡Â°) 
|chat|xJownage|yeah
|chat|xJownage|focus blast
|join|gtsy
|chat|xJownage|give up
|join|AlmightyJeffwinger
|join|Reddragonn
|chat|m00nk1ller|rofl bisharp gets focus miss
|
|detailschange|p2a: B- PLS|Aggron-Mega, F
|message|Aggron has Mega Evolved into Mega Aggron!
|move|p1a: Bisharp|Knock Off|p2a: B- PLS
|-damage|p2a: B- PLS|278\/344
|-damage|p1a: Bisharp|218\/272|[from] item: Life Orb
|move|p2a: B- PLS|Heavy Slam|p1a: Bisharp
|-resisted|p1a: Bisharp
|-damage|p1a: Bisharp|118\/272
|
|turn|11
|
|switch|p1a: Excadrill|Excadrill, F|361\/361
|-ability|p1a: Excadrill|Mold Breaker
|move|p2a: B- PLS|Heavy Slam|p1a: Excadrill
|-resisted|p1a: Excadrill
|-damage|p1a: Excadrill|212\/361
|
|turn|12
|chat|gtsy|i always think heavy slam should get a para chance...
|chat|AlmightyJeffwinger|252+ Atk Pure Power Mega Medicham Zen Headbutt vs. 252 HP \/ 252+ Def Clefable: 210-247 (53.2 - 62.6%) -- guaranteed 2HKO after Leftovers recovery
|chat|AlmightyJeffwinger|clef not a counter
|chat|AlmightyJeffwinger|whoever said that
|chat|Billy Bob Brown|holy shizzles 230 def lol
|
|switch|p2a: SS IS A FGT|Slowbro, M|364\/394
|-damage|p2a: SS IS A FGT|315\/394|[from] Stealth Rock
|move|p1a: Excadrill|Earthquake|p2a: SS IS A FGT
|-damage|p2a: SS IS A FGT|183\/394
|
|-heal|p2a: SS IS A FGT|207\/394|[from] item: Leftovers
|turn|13
|
|switch|p1a: Gyarados|Gyarados, F|226\/331
|move|p2a: SS IS A FGT|Slack Off|p2a: SS IS A FGT
|-heal|p2a: SS IS A FGT|394\/394
|
|turn|14
|leave|My Feelings Suck
|join|Kajko
|chat|Billy Bob Brown|get going mang
|
|move|p1a: Gyarados|Bounce|p2a: SS IS A FGT|[still]
|-prepare|p1a: Gyarados|Bounce|p2a: SS IS A FGT
|move|p2a: SS IS A FGT|Toxic|p1a: Gyarados|[miss]
|-miss|p2a: SS IS A FGT|p1a: Gyarados
|
|turn|15
|
|move|p1a: Gyarados|Bounce|p2a: SS IS A FGT|[miss]
|-miss|p1a: Gyarados|p2a: SS IS A FGT
|move|p2a: SS IS A FGT|Toxic|p1a: Gyarados
|-status|p1a: Gyarados|tox
|-enditem|p1a: Gyarados|Lum Berry|[eat]
|-curestatus|p1a: Gyarados|tox
|
|turn|16
|
|switch|p1a: Bisharp|Bisharp, M|118\/272
|switch|p2a: Clefable|Clefable, F|310\/394
|-damage|p2a: Clefable|261\/394|[from] Stealth Rock
|
|-heal|p2a: Clefable|285\/394|[from] item: Leftovers
|turn|17
|
|switch|p1a: Landorus|Landorus, M|319\/319
|switch|p2a: B- PLS|Aggron-Mega, F|278\/344
|-damage|p2a: B- PLS|257\/344|[from] Stealth Rock
|
|turn|18
|
|switch|p2a: STARTED FROM THE B|Mandibuzz, F|424\/424
|-damage|p2a: STARTED FROM THE B|318\/424|[from] Stealth Rock
|move|p1a: Landorus|Earth Power|p2a: STARTED FROM THE B
|-immune|p2a: STARTED FROM THE B|[msg]
|
|-heal|p2a: STARTED FROM THE B|344\/424|[from] item: Leftovers
|turn|19
|leave|CrankyPanda
|
|move|p1a: Landorus|Focus Blast|p2a: STARTED FROM THE B|[miss]
|-miss|p1a: Landorus|p2a: STARTED FROM THE B
|move|p2a: STARTED FROM THE B|Defog|p1a: Landorus
|-unboost|p1a: Landorus|evasion|1
|-sideend|p2: shartruce2|Stealth Rock|[from] move: Defog|[of] p2a: STARTED FROM THE B
|
|-heal|p2a: STARTED FROM THE B|370\/424|[from] item: Leftovers
|turn|20
|
|move|p1a: Landorus|Focus Blast|p2a: STARTED FROM THE B
|-damage|p2a: STARTED FROM THE B|192\/424
|move|p2a: STARTED FROM THE B|Knock Off|p1a: Landorus
|-crit|p1a: Landorus
|-damage|p1a: Landorus|178\/319
|-enditem|p1a: Landorus|Life Orb|[from] move: Knock Off|[of] p2a: STARTED FROM THE B
|
|-heal|p2a: STARTED FROM THE B|218\/424|[from] item: Leftovers
|turn|21
|join|fakemcfakerson
|chat|xJownage|specially defensive...
|
|switch|p1a: Excadrill|Excadrill, F|212\/361
|-ability|p1a: Excadrill|Mold Breaker
|move|p2a: STARTED FROM THE B|Roost|p2a: STARTED FROM THE B
|-heal|p2a: STARTED FROM THE B|424\/424
|
|turn|22
|
|switch|p2a: SS IS A FGT|Slowbro, M|394\/394
|move|p1a: Excadrill|Earthquake|p2a: SS IS A FGT
|-damage|p2a: SS IS A FGT|274\/394
|
|-heal|p2a: SS IS A FGT|298\/394|[from] item: Leftovers
|turn|23
|leave|fakemcfakerson
|leave|thepowr
|chat|m00nk1ller|it has base 95 special defense
|chat|m00nk1ller|thats not even bad
|leave|Lunaluna13
|chat|xJownage|yeah butg
|join|terry41
|chat|xJownage|uninvested
|join|MawileApocalypse
|chat|m00nk1ller|tru
|chat|xJownage|...
|join|Naruto(sage)
|leave|terry41
|join|I Am Mike Chang
|chat|gtsy|maybe that's why he invested it...for lando. 
|join|akibukens
|chat|gtsy|-shrug-
|join|Swagy P
|join|chubber
|
|switch|p1a: Bisharp|Bisharp, M|118\/272
|move|p2a: SS IS A FGT|Scald|p1a: Bisharp
|-damage|p1a: Bisharp|0 fnt
|faint|p1a: Bisharp
|
|-heal|p2a: SS IS A FGT|322\/394|[from] item: Leftovers
|join|tylol
|
|switch|p1a: Landorus|Landorus, M|178\/319
|turn|24
|
|switch|p2a: STARTED FROM THE B|Mandibuzz, F|424\/424
|move|p1a: Landorus|Knock Off|p2a: STARTED FROM THE B
|-resisted|p2a: STARTED FROM THE B
|-damage|p2a: STARTED FROM THE B|376\/424
|-enditem|p2a: STARTED FROM THE B|Leftovers|[from] move: Knock Off|[of] p1a: Landorus
|
|turn|25
|join|Rommel Desert Fox
|chat|tylol|gl guys
|join|benJAMIN536
|chat|Rommel Desert Fox|team pink! 
|join|CrankyPanda
|
|switch|p1a: Medicham|Medicham-Mega, F|261\/261
|move|p2a: STARTED FROM THE B|Foul Play|p1a: Medicham
|-damage|p1a: Medicham|99\/261
|
|turn|26
|chat|newladdering34|gg
|chat|newladdering34|games over
|chat|xJownage|yeah i was fucked a while ago
|
|switch|p2a: SS IS A FGT|Slowbro, M|394\/394
|move|p1a: Medicham|High Jump Kick|p2a: SS IS A FGT
|-resisted|p2a: SS IS A FGT
|-damage|p2a: SS IS A FGT|275\/394
|
|-heal|p2a: SS IS A FGT|299\/394|[from] item: Leftovers
|turn|27
|chat|Billy Bob Brown|team is so annoying
|chat|Billy Bob Brown|lol
|chat|xJownage|slowbro walls my team
|join|Sugren General
|chat|xJownage|will save you the time
|chat|xJownage|gg
|leave|xJownage
|player|p1
|leave|chubber
|leave|Luke1995
|join|xJownage
|chat|shartruce2|gg
|chat|benJAMIN536|lol
|chat|Sieke| \/forfeit
|leave|akibukens
|join|Luke1995
|leave|tylol
|player|p1|xJownage|293
|chat|newladdering34|5x physicals
|
|move|p1a: Medicham|High Jump Kick|p2a: SS IS A FGT
|-resisted|p2a: SS IS A FGT
|-damage|p2a: SS IS A FGT|169\/394
|move|p2a: SS IS A FGT|Scald|p1a: Medicham
|-damage|p1a: Medicham|0 fnt
|faint|p1a: Medicham
|
|-heal|p2a: SS IS A FGT|193\/394|[from] item: Leftovers
|-message|xJownage forfeited.
|
|win|shartruce2
|leave|xJownage
|player|p1
|leave|benJAMIN536
|leave|Luke1995
|chat|Billy Bob Brown|why is aggron-mega not OU?
|leave|gtsy
|leave|Sieke
|leave|Scyrel
|leave|betterthanHABAJIGA
|leave|Sugren General
|leave|Swagy P
|leave|shartruce2
|player|p2
|chat|newladdering34|its bad
|leave|Reddragonn
|leave|AlmightyJeffwinger
|leave|Rommel Desert Fox
|leave|Naruto(sage)
|leave|Outrageous Fortune
|join|idarki
|join|Team Yaoi Leader