|join|shartruce2
|join|ChoiceBandedBiatch
|player|p1|shartruce2|43
|player|p2|ChoiceBandedBiatch|145
|gametype|singles
|gen|6
|tier|OU
|clearpoke
|poke|p1|Victini
|poke|p1|Empoleon, F
|poke|p1|Heracross, F
|poke|p1|Altaria, F
|poke|p1|Landorus-Therian, M
|poke|p1|Rotom-Wash
|poke|p2|Empoleon, M
|poke|p2|Chesnaught, M
|poke|p2|Latias, F
|poke|p2|Greninja, F
|poke|p2|Tyranitar, F
|poke|p2|Talonflame, F
|rule|Swagger Clause: Swagger is banned
|rule|Baton Pass Clause: Limit one PokÃ©mon knowing Baton Pass
|rule|Sleep Clause Mod: Limit one foe put to sleep
|rule|Species Clause: Limit one of each PokÃ©mon
|rule|OHKO Clause: OHKO moves are banned
|rule|Moody Clause: Moody is banned
|rule|Evasion Moves Clause: Evasion moves are banned
|rule|Endless Battle Clause: Forcing endless battles is banned
|rule|HP Percentage Mod: HP is shown in percentages
|teampreview
|join|hellfiend
|join|Halcyon of Light
|join|Decaymor
|join|Preverb
|join|VEEK
|join|nmad banf
|join|l123
|join|GGOOOOMMMBBAAA
|join|Pikachu Uber
|join|El fantasma Erick
|join|testnameyo
|join|AzuStar
|join|TDK x WCAR OTP
|join|teriatzy
|c| nmad banf|im saying the t flame is banded
|join|MacroMonarch
|join|Eatcake
|c| nmad banf|just looking at his team
|join|Notorious Ned
|join|WECAMEASROMANS
|join|asdfCookie
|join|LifePotion
|c| Notorious Ned|scarf greninja defs
|join|Shadow Poochyena
|c| VEEK|are you sure it isn't because of his nick? lol
|join|Supah Glitch
|join|Puffball10
|
|start
|switch|p1a: Landorus-Therian|Landorus-Therian, M|320\/320
|switch|p2a: Chesnaught|Chesnaught, M|380\/380
|-ability|p1a: Landorus-Therian|Intimidate|[of] p2a: Chesnaught
|-unboost|p2a: Chesnaught|atk|1
|turn|1
|c| nmad banf|nah
|c| nmad banf|its the team
|c| Supah Glitch|assume everything has a choice band
|c| Supah Glitch|XD
|c| Supah Glitch|lol
|c| Decaymor|lol
|join|Marcoco
|
|switch|p1a: Altaria|Altaria, F|353\/353
|move|p2a: Chesnaught|Spiky Shield|p2a: Chesnaught
|-fail|p2a: Chesnaught
|
|turn|2
|c| Puffball10|tband chesnaught
|c| Puffball10|think of the drain punch
|join|UnB0lievable
|join|Alvadora
|c| Supah Glitch|too much draining
|c| Supah Glitch|it hurts me thinking about it XD
|
|switch|p2a: Talonflame|Talonflame, F|359\/359
|detailschange|p1a: Altaria|Altaria-Mega, F
|message|Altaria has Mega Evolved into Mega Altaria!
|move|p1a: Altaria|Hyper Voice|p2a: Talonflame
|-resisted|p2a: Talonflame
|-damage|p2a: Talonflame|296\/359
|
|-heal|p2a: Talonflame|318\/359|[from] item: Leftovers
|turn|3
|leave|WECAMEASROMANS
|
|switch|p1a: Rotom-Wash|Rotom-Wash|304\/304
|move|p2a: Talonflame|Will-O-Wisp|p1a: Rotom-Wash
|-status|p1a: Rotom-Wash|brn
|
|-heal|p2a: Talonflame|340\/359|[from] item: Leftovers
|-damage|p1a: Rotom-Wash|266\/304 brn|[from] brn
|turn|4
|
|switch|p2a: Chesnaught|Chesnaught, M|380\/380
|move|p1a: Rotom-Wash|Volt Switch|p2a: Chesnaught
|-resisted|p2a: Chesnaught
|-damage|p2a: Chesnaught|326\/380
|
|switch|p1a: Altaria|Altaria-Mega, F|353\/353
|
|-heal|p2a: Chesnaught|349\/380|[from] item: Leftovers
|turn|5
|
|switch|p2a: Talonflame|Talonflame, F|340\/359
|move|p1a: Altaria|Hyper Voice|p2a: Talonflame
|-resisted|p2a: Talonflame
|-damage|p2a: Talonflame|269\/359
|
|-heal|p2a: Talonflame|291\/359|[from] item: Leftovers
|turn|6
|join|kerthorok
|
|switch|p2a: Greninja|Greninja, F|285\/285
|move|p1a: Altaria|Toxic|p2a: Greninja
|-status|p2a: Greninja|tox
|
|-damage|p2a: Greninja|268\/285 tox|[from] psn
|turn|7
|join|Mouzourides
|c| Supah Glitch|gunk
|
|switch|p2a: Empoleon|Empoleon, M|371\/371
|switch|p1a: Empoleon|Empoleon, F|372\/372
|
|turn|8
|
|switch|p2a: Chesnaught|Chesnaught, M|349\/380
|move|p1a: Empoleon|Stealth Rock|p2a: Chesnaught
|-sidestart|p2: ChoiceBandedBiatch|move: Stealth Rock
|
|-heal|p2a: Chesnaught|372\/380|[from] item: Leftovers
|turn|9
|
|move|p2a: Chesnaught|Leech Seed|p1a: Empoleon
|-start|p1a: Empoleon|move: Leech Seed
|move|p1a: Empoleon|Toxic|p2a: Chesnaught
|-status|p2a: Chesnaught|tox
|
|-heal|p2a: Chesnaught|380\/380 tox|[from] item: Leftovers
|-damage|p1a: Empoleon|326\/372|[from] Leech Seed|[of] p2a: Chesnaught
|-damage|p2a: Chesnaught|357\/380 tox|[from] psn
|turn|10
|
|switch|p2a: Empoleon|Empoleon, M|371\/371
|-damage|p2a: Empoleon|348\/371|[from] Stealth Rock
|switch|p1a: Altaria|Altaria-Mega, F|353\/353
|
|-heal|p2a: Empoleon|371\/371|[from] item: Leftovers
|turn|11
|
|switch|p1a: Heracross|Heracross, F|308\/308
|move|p2a: Empoleon|Toxic|p1a: Heracross
|-status|p1a: Heracross|tox
|
|-damage|p1a: Heracross|289\/308 tox|[from] psn
|turn|12
|
|move|p2a: Empoleon|Protect|p2a: Empoleon
|-singleturn|p2a: Empoleon|Protect
|move|p1a: Heracross|Close Combat|p2a: Empoleon
|-activate|p2a: Empoleon|Protect
|
|-damage|p1a: Heracross|251\/308 tox|[from] psn
|turn|13
|
|switch|p2a: Chesnaught|Chesnaught, M|357\/380 tox
|-damage|p2a: Chesnaught|334\/380 tox|[from] Stealth Rock
|move|p1a: Heracross|Close Combat|p2a: Chesnaught
|-damage|p2a: Chesnaught|25\/380 tox
|-unboost|p1a: Heracross|def|1
|-unboost|p1a: Heracross|spd|1
|
|-heal|p2a: Chesnaught|48\/380 tox|[from] item: Leftovers
|-damage|p1a: Heracross|194\/308 tox|[from] psn
|-damage|p2a: Chesnaught|25\/380 tox|[from] psn
|turn|14
|c| Halcyon of Light|jesus
|c| testnameyo|band hera
|
|switch|p1a: Altaria|Altaria-Mega, F|353\/353
|move|p2a: Chesnaught|Spiky Shield|p2a: Chesnaught
|-fail|p2a: Chesnaught
|
|-heal|p2a: Chesnaught|48\/380 tox|[from] item: Leftovers
|-damage|p2a: Chesnaught|2\/380 tox|[from] psn
|turn|15
|join|Lord_Ray
|join|Jeevs
|
|move|p1a: Altaria|Hyper Voice|p2a: Chesnaught
|-supereffective|p2a: Chesnaught
|-damage|p2a: Chesnaught|0 fnt
|faint|p2a: Chesnaught
|
|c| Lord_Ray|could be guts
|c| testnameyo|true
|c| Halcyon of Light|it is guts
|
|switch|p2a: Talonflame|Talonflame, F|291\/359
|-damage|p2a: Talonflame|112\/359|[from] Stealth Rock
|turn|16
|c| testnameyo|scarf guts
|
|move|p2a: Talonflame|Roost|p2a: Talonflame
|-heal|p2a: Talonflame|292\/359
|move|p1a: Altaria|Toxic|p2a: Talonflame
|-status|p2a: Talonflame|tox
|
|-heal|p2a: Talonflame|314\/359 tox|[from] item: Leftovers
|-damage|p2a: Talonflame|292\/359 tox|[from] psn
|turn|17
|c| Halcyon of Light|hot
|c| Eatcake|no its quite obviously **swarm**
|
|switch|p1a: Rotom-Wash|Rotom-Wash|266\/304 brn
|move|p2a: Talonflame|Will-O-Wisp|p1a: Rotom-Wash|[miss]
|-miss|p2a: Talonflame|p1a: Rotom-Wash
|
|-heal|p2a: Talonflame|314\/359 tox|[from] item: Leftovers
|-heal|p1a: Rotom-Wash|285\/304 brn|[from] item: Leftovers
|-damage|p2a: Talonflame|270\/359 tox|[from] psn
|-damage|p1a: Rotom-Wash|247\/304 brn|[from] brn
|turn|18
|c| VEEK|I always get super sad when talon gets statused
|c| Supah Glitch|me too..
|
|switch|p2a: Latias|Latias, F|363\/363
|-damage|p2a: Latias|318\/363|[from] Stealth Rock
|move|p1a: Rotom-Wash|Volt Switch|p2a: Latias
|-crit|p2a: Latias
|-resisted|p2a: Latias
|-damage|p2a: Latias|264\/363
|c| Pikachu Uber|you should purchase some safety goggles
|
|switch|p1a: Landorus-Therian|Landorus-Therian, M|320\/320
|-ability|p1a: Landorus-Therian|Intimidate|[of] p2a: Latias
|-unboost|p2a: Latias|atk|1
|
|turn|19
|c| Eatcake|we are all supah sad
|
|switch|p2a: Empoleon|Empoleon, M|371\/371
|-damage|p2a: Empoleon|348\/371|[from] Stealth Rock
|move|p1a: Landorus-Therian|U-turn|p2a: Empoleon
|-resisted|p2a: Empoleon
|-damage|p2a: Empoleon|300\/371
|c| Supah Glitch|what is safety goggles
|c| testnameyo|S A D B I R D
|c| Supah Glitch|is that good on talon?
|
|switch|p1a: Heracross|Heracross, F|194\/308 tox
|
|-heal|p2a: Empoleon|323\/371|[from] item: Leftovers
|-damage|p1a: Heracross|175\/308 tox|[from] psn
|turn|20
|c| Decaymor|lo
|c| Halcyon of Light|no it's not
|
|move|p2a: Empoleon|Protect|p2a: Empoleon
|-singleturn|p2a: Empoleon|Protect
|move|p1a: Heracross|Close Combat|p2a: Empoleon
|-activate|p2a: Empoleon|Protect
|
|-heal|p2a: Empoleon|346\/371|[from] item: Leftovers
|-damage|p1a: Heracross|137\/308 tox|[from] psn
|turn|21
|c| Supah Glitch|cause my talon keeps getting statused like that..
|c| Pikachu Uber|It's the best item you can get
|c| VEEK|hahaha
|c| Halcyon of Light|it protects from weather and powder moves
|c| Decaymor|somthing is going to die
|c| Halcyon of Light|like overcoat but a hold item
|
|switch|p2a: Talonflame|Talonflame, F|270\/359 tox
|-damage|p2a: Talonflame|91\/359 tox|[from] Stealth Rock
|move|p1a: Heracross|Close Combat|p2a: Talonflame
|-resisted|p2a: Talonflame
|-damage|p2a: Talonflame|0 fnt
|-unboost|p1a: Heracross|def|1
|-unboost|p1a: Heracross|spd|1
|faint|p2a: Talonflame
|
|-damage|p1a: Heracross|80\/308 tox|[from] psn
|c| Pikachu Uber|yeah, so that poison powder won't bother you anymore
|
|switch|p2a: Greninja|Greninja, F|268\/285 tox
|-damage|p2a: Greninja|233\/285 tox|[from] Stealth Rock
|turn|22
|c| Supah Glitch|nooo talon ;;
|c| Pikachu Uber|you're also inmune to spore
|c| Supah Glitch|poor birdie...
|
|switch|p1a: Empoleon|Empoleon, F|326\/372
|move|p2a: Greninja|Ice Beam|p1a: Empoleon
|-start|p2a: Greninja|typechange|Ice|[from] Protean
|-resisted|p1a: Empoleon
|-damage|p1a: Empoleon|284\/372
|-damage|p2a: Greninja|205\/285 tox|[from] item: Life Orb
|
|-heal|p1a: Empoleon|307\/372|[from] item: Leftovers
|-damage|p2a: Greninja|188\/285 tox|[from] psn
|turn|23
|leave|MacroMonarch
|
|move|p2a: Greninja|Low Kick|p1a: Empoleon
|-start|p2a: Greninja|typechange|Fighting|[from] Protean
|-supereffective|p1a: Empoleon
|-damage|p1a: Empoleon|117\/372
|-damage|p2a: Greninja|160\/285 tox|[from] item: Life Orb
|move|p1a: Empoleon|Scald|p2a: Greninja
|-damage|p2a: Greninja|0 fnt
|faint|p2a: Greninja
|
|-heal|p1a: Empoleon|140\/372|[from] item: Leftovers
|c| Eatcake|the true counter
|c| Eatcake|NOPE
|
|switch|p2a: Latias|Latias, F|264\/363
|-damage|p2a: Latias|219\/363|[from] Stealth Rock
|turn|24
|
|switch|p1a: Altaria|Altaria-Mega, F|353\/353
|detailschange|p2a: Latias|Latias-Mega, F
|message|Latias has Mega Evolved into Mega Latias!
|move|p2a: Latias|Substitute|p2a: Latias
|-start|p2a: Latias|Substitute
|-damage|p2a: Latias|129\/363
|
|turn|25
|join|crawdauntite
|c| Supah Glitch|inb4 people start using empoleon to counter ninja
|c| asdfCookie|too late
|
|switch|p2a: Empoleon|Empoleon, M|346\/371
|-damage|p2a: Empoleon|323\/371|[from] Stealth Rock
|move|p1a: Altaria|Hyper Voice|p2a: Empoleon
|-resisted|p2a: Empoleon
|-damage|p2a: Empoleon|269\/371
|
|-heal|p2a: Empoleon|292\/371|[from] item: Leftovers
|turn|26
|c| asdfCookie|lmao
|
|switch|p1a: Rotom-Wash|Rotom-Wash|247\/304 brn
|move|p2a: Empoleon|Toxic|p1a: Rotom-Wash
|-fail|p1a: Rotom-Wash
|
|-heal|p1a: Rotom-Wash|266\/304 brn|[from] item: Leftovers
|-heal|p2a: Empoleon|315\/371|[from] item: Leftovers
|-damage|p1a: Rotom-Wash|228\/304 brn|[from] brn
|turn|27
|
|move|p1a: Rotom-Wash|Volt Switch|p2a: Empoleon
|-supereffective|p2a: Empoleon
|-damage|p2a: Empoleon|193\/371
|
|switch|p1a: Empoleon|Empoleon, F|140\/372
|move|p2a: Empoleon|Defog|p1a: Empoleon
|-unboost|p1a: Empoleon|evasion|1
|-sideend|p2: ChoiceBandedBiatch|Stealth Rock|[from] move: Defog|[of] p2a: Empoleon
|
|-heal|p2a: Empoleon|216\/371|[from] item: Leftovers
|-heal|p1a: Empoleon|163\/372|[from] item: Leftovers
|turn|28
|join|test232423423
|
|move|p2a: Empoleon|Scald|p1a: Empoleon
|-resisted|p1a: Empoleon
|-damage|p1a: Empoleon|117\/372
|move|p1a: Empoleon|Toxic|p2a: Empoleon
|-fail|p2a: Empoleon
|
|-heal|p2a: Empoleon|239\/371|[from] item: Leftovers
|-heal|p1a: Empoleon|140\/372|[from] item: Leftovers
|turn|29
|
|move|p2a: Empoleon|Scald|p1a: Empoleon
|-resisted|p1a: Empoleon
|-damage|p1a: Empoleon|87\/372
|move|p1a: Empoleon|Scald|p2a: Empoleon
|-resisted|p2a: Empoleon
|-damage|p2a: Empoleon|184\/371
|
|-heal|p2a: Empoleon|207\/371|[from] item: Leftovers
|-heal|p1a: Empoleon|110\/372|[from] item: Leftovers
|turn|30
|
|switch|p1a: Rotom-Wash|Rotom-Wash|228\/304 brn
|move|p2a: Empoleon|Scald|p1a: Rotom-Wash
|-resisted|p1a: Rotom-Wash
|-damage|p1a: Rotom-Wash|178\/304 brn
|
|-heal|p1a: Rotom-Wash|197\/304 brn|[from] item: Leftovers
|-heal|p2a: Empoleon|230\/371|[from] item: Leftovers
|-damage|p1a: Rotom-Wash|159\/304 brn|[from] brn
|turn|31
|c| Decaymor|"road to burn"
|c| Eatcake|lol
|
|move|p2a: Empoleon|Protect|p2a: Empoleon
|-singleturn|p2a: Empoleon|Protect
|move|p1a: Rotom-Wash|Will-O-Wisp|p2a: Empoleon
|-activate|p2a: Empoleon|Protect
|
|-heal|p1a: Rotom-Wash|178\/304 brn|[from] item: Leftovers
|-heal|p2a: Empoleon|253\/371|[from] item: Leftovers
|-damage|p1a: Rotom-Wash|140\/304 brn|[from] brn
|turn|32
|c| kerthorok|low kick
|c| Supah Glitch|man
|
|switch|p2a: Tyranitar|Tyranitar, F|403\/403
|-weather|Sandstorm
|move|p1a: Rotom-Wash|Will-O-Wisp|p2a: Tyranitar
|-status|p2a: Tyranitar|brn
|
|-weather|Sandstorm|[upkeep]
|-damage|p1a: Rotom-Wash|121\/304 brn|[from] sandstorm
|-heal|p1a: Rotom-Wash|140\/304 brn|[from] item: Leftovers
|-damage|p1a: Rotom-Wash|102\/304 brn|[from] brn
|-damage|p2a: Tyranitar|353\/403 brn|[from] brn
|turn|33
|c| Supah Glitch|good enough
|c| Supah Glitch|XD
|c| Eatcake|wat
|c| kerthorok|greninja's counter is stab priority that greninja's current type doesn't resist
|c| Eatcake|did he predict the voltswitch or something
|c| kerthorok|that's it
|
|switch|p1a: Empoleon|Empoleon, F|110\/372
|move|p2a: Tyranitar|Stealth Rock|p1a: Empoleon
|-sidestart|p1: shartruce2|move: Stealth Rock
|
|-weather|Sandstorm|[upkeep]
|-heal|p2a: Tyranitar|378\/403 brn|[from] item: Leftovers
|-heal|p1a: Empoleon|133\/372|[from] item: Leftovers
|-damage|p2a: Tyranitar|328\/403 brn|[from] brn
|turn|34
|c| Supah Glitch|braveboid
|
|switch|p2a: Latias|Latias-Mega, F|129\/363
|move|p1a: Empoleon|Defog|p2a: Latias
|-unboost|p2a: Latias|evasion|1
|-sideend|p1: shartruce2|Stealth Rock|[from] move: Defog|[of] p1a: Empoleon
|
|-weather|Sandstorm|[upkeep]
|-damage|p2a: Latias|107\/363|[from] sandstorm
|-heal|p1a: Empoleon|156\/372|[from] item: Leftovers
|turn|35
|c| kerthorok|that's a special case of what I just said
|c| Supah Glitch|wouldnt 1hko
|
|switch|p1a: Altaria|Altaria-Mega, F|353\/353
|move|p2a: Latias|Roost|p2a: Latias
|-heal|p2a: Latias|289\/363
|
|-weather|Sandstorm|[upkeep]
|-damage|p2a: Latias|267\/363|[from] sandstorm
|-damage|p1a: Altaria|331\/353|[from] sandstorm
|turn|36
|c| Supah Glitch|:c
|c| Supah Glitch|I tried
|c| Supah Glitch|believe me
|
|switch|p2a: Tyranitar|Tyranitar, F|328\/403 brn
|move|p1a: Altaria|Hyper Voice|p2a: Tyranitar
|-supereffective|p2a: Tyranitar
|-damage|p2a: Tyranitar|116\/403 brn
|
|-weather|none
|-heal|p2a: Tyranitar|141\/403 brn|[from] item: Leftovers
|-damage|p2a: Tyranitar|91\/403 brn|[from] brn
|turn|37
|
|move|p1a: Altaria|Hyper Voice|p2a: Tyranitar
|-supereffective|p2a: Tyranitar
|-damage|p2a: Tyranitar|0 fnt
|faint|p2a: Tyranitar
|
|c| kerthorok|yeah, that's why you need rocks up
|
|switch|p2a: Empoleon|Empoleon, M|253\/371
|turn|38
|c| VEEK|I've seen altaria be played so few times
|leave|crawdauntite
|c| Supah Glitch|its a risk
|c| Shadow Poochyena|i like the special set more
|
|switch|p1a: Empoleon|Empoleon, F|156\/372
|move|p2a: Empoleon|Scald|p1a: Empoleon
|-resisted|p1a: Empoleon
|-damage|p1a: Empoleon|103\/372
|
|-heal|p2a: Empoleon|276\/371|[from] item: Leftovers
|-heal|p1a: Empoleon|126\/372|[from] item: Leftovers
|turn|39
|c| VEEK|I still don't have a great idea of what could be considered a counter
|leave|Notorious Ned
|c| kerthorok|it's run in all these tours
|c| Preverb|DD Alt is great
|
|move|p2a: Empoleon|Scald|p1a: Empoleon
|-resisted|p1a: Empoleon
|-damage|p1a: Empoleon|75\/372
|move|p1a: Empoleon|Scald|p2a: Empoleon
|-resisted|p2a: Empoleon
|-damage|p2a: Empoleon|220\/371
|
|-heal|p2a: Empoleon|243\/371|[from] item: Leftovers
|-heal|p1a: Empoleon|98\/372|[from] item: Leftovers
|turn|40
|join|Kama Sutra
|join|Notorious Ned
|c| kerthorok|there's no hard counter to 100% hp greninja
|c| Shadow Poochyena|ive only used the special set
|c| Shadow Poochyena|its so strong
|
|move|p2a: Empoleon|Scald|p1a: Empoleon
|-resisted|p1a: Empoleon
|-damage|p1a: Empoleon|51\/372
|move|p1a: Empoleon|Scald|p2a: Empoleon
|-crit|p2a: Empoleon
|-resisted|p2a: Empoleon
|-damage|p2a: Empoleon|156\/371
|
|-heal|p2a: Empoleon|179\/371|[from] item: Leftovers
|-heal|p1a: Empoleon|74\/372|[from] item: Leftovers
|turn|41
|c| Supah Glitch|dragon\/fairy is a difficult typing to use. DDing it ensures a sweep most of the time
|c| VEEK|I've always loved altaria and hoped to use it in OU (shiny)
|c| Jeevs|assault vest conk?
|
|move|p2a: Empoleon|Scald|p1a: Empoleon
|-resisted|p1a: Empoleon
|-damage|p1a: Empoleon|24\/372
|move|p1a: Empoleon|Scald|p2a: Empoleon
|-resisted|p2a: Empoleon
|-damage|p2a: Empoleon|122\/371
|-status|p2a: Empoleon|brn
|
|-heal|p2a: Empoleon|145\/371 brn|[from] item: Leftovers
|-heal|p1a: Empoleon|47\/372|[from] item: Leftovers
|-damage|p2a: Empoleon|99\/371 brn|[from] brn
|turn|42
|c| Preverb|av conk is a check
|c| VEEK|and now that I can it doesn't fit any of my teambuilding style
|c| Preverb|not counter
|
|move|p2a: Empoleon|Scald|p1a: Empoleon
|-resisted|p1a: Empoleon
|-damage|p1a: Empoleon|0 fnt
|faint|p1a: Empoleon
|
|-heal|p2a: Empoleon|122\/371 brn|[from] item: Leftovers
|-damage|p2a: Empoleon|76\/371 brn|[from] brn
|c| Decaymor|and it finally happened
|c| Supah Glitch|I wish I had altarite or whatever its called
|c| Shadow Poochyena|assault vest conk cant switch in
|c| Eatcake|whats " OU (shiny) "
|leave|Kama Sutra
|c| VEEK|return altri OHKO'S standard assault vest conkeldurr
|
|switch|p1a: Altaria|Altaria-Mega, F|331\/353
|turn|43
|
|move|p1a: Altaria|Flamethrower|p2a: Empoleon
|-damage|p2a: Empoleon|22\/371 brn
|move|p2a: Empoleon|Toxic|p1a: Altaria
|-status|p1a: Altaria|tox
|
|-heal|p2a: Empoleon|45\/371 brn|[from] item: Leftovers
|-damage|p1a: Altaria|309\/353 tox|[from] psn
|-damage|p2a: Empoleon|0 fnt|[from] brn
|faint|p2a: Empoleon
|leave|El fantasma Erick
|c| VEEK|altaria's
|c| kerthorok|greninja suffers from mega lucario syndrome, you have to sacrifice or nearly sacrifice a pokemon or two just to figure out how it's being run, then killing it is another problem entirely.
|c| Eatcake|lol the bulk is real
|
|switch|p2a: Latias|Latias-Mega, F|267\/363
|turn|44
|c| Preverb|What i do is
|
|move|p2a: Latias|Calm Mind|p2a: Latias
|-boost|p2a: Latias|spa|1
|-boost|p2a: Latias|spd|1
|move|p1a: Altaria|Hyper Voice|p2a: Latias
|-supereffective|p2a: Latias
|-damage|p2a: Latias|115\/363
|
|-damage|p1a: Altaria|265\/353 tox|[from] psn
|turn|45
|c| Shadow Poochyena|i started running ditto to scout greninja kerth lel
|c| Marcoco|spedf clefa is check?
|
|move|p2a: Latias|Roost|p2a: Latias
|-heal|p2a: Latias|297\/363
|move|p1a: Altaria|Toxic|p2a: Latias
|-status|p2a: Latias|tox
|
|-damage|p2a: Latias|275\/363 tox|[from] psn
|-damage|p1a: Altaria|199\/353 tox|[from] psn
|turn|46
|c| Shadow Poochyena|plus it has other uses
|c| Supah Glitch|roost>
|c| Supah Glitch|oooooh
|c| Preverb|Bring in lando they ice beam on my switch to metagross and then i bullet punc
|c| Supah Glitch|fuck
|c| Jeevs|gg
|c| Preverb|and it works every time
|
|move|p2a: Latias|Calm Mind|p2a: Latias
|-boost|p2a: Latias|spa|1
|-boost|p2a: Latias|spd|1
|move|p1a: Altaria|Hyper Voice|p2a: Latias
|-supereffective|p2a: Latias
|-damage|p2a: Latias|161\/363 tox
|
|-damage|p2a: Latias|117\/363 tox|[from] psn
|-damage|p1a: Altaria|111\/353 tox|[from] psn
|turn|47
|c| Jeevs|inb4 refresh?
|leave|AzuStar
|c| Supah Glitch|damnit shart
|
|move|p2a: Latias|Roost|p2a: Latias
|-heal|p2a: Latias|299\/363 tox
|move|p1a: Altaria|Roost|p1a: Altaria
|-heal|p1a: Altaria|288\/353 tox
|
|-damage|p2a: Latias|233\/363 tox|[from] psn
|-damage|p1a: Altaria|178\/353 tox|[from] psn
|turn|48
|c| Preverb|this is why you carry return btw
|c| Supah Glitch|lol
|c| VEEK|sp def clefairy gets OHKO'd by gunk shot so no
|
|move|p2a: Latias|Stored Power|p1a: Altaria
|-damage|p1a: Altaria|0 fnt
|faint|p1a: Altaria
|
|-damage|p2a: Latias|145\/363 tox|[from] psn
|leave|Preverb
|c| Shadow Poochyena|it has hyper voice
|
|switch|p1a: Landorus-Therian|Landorus-Therian, M|320\/320
|-ability|p1a: Landorus-Therian|Intimidate|[of] p2a: Latias
|-unboost|p2a: Latias|atk|1
|turn|49
|
|move|p1a: Landorus-Therian|U-turn|p2a: Latias
|-supereffective|p2a: Latias
|-damage|p2a: Latias|11\/363 tox
|c| kerthorok|who runs s def clefable?
|
|switch|p1a: Victini|Victini|342\/342
|move|p2a: Latias|Stored Power|p1a: Victini
|-resisted|p1a: Victini
|-damage|p1a: Victini|190\/342
|
|-damage|p2a: Latias|0 fnt|[from] psn
|faint|p2a: Latias
|
|win|shartruce2
|c| Marcoco|para altaria
|c| Supah Glitch|lol
|c| Jeevs|gg
|leave|Pikachu Uber
|c| Supah Glitch|Cant handle the big kitty~
|c|âChoiceBandedBiatch|gg
|c| kerthorok|it's always bold max def calm mind
|c| Marcoco|no para greninka
|leave|Decaymor
|leave|Shadow Poochyena
|leave|teriatzy
|c|âshartruce2|gg
|leave|Jeevs
|leave|UnB0lievable
|leave|TDK x WCAR OTP
|c| hellfiend|gg
|leave|Lord_Ray
|leave|kerthorok
|leave|shartruce2
|player|p1
|leave|hellfiend
|leave|Halcyon of Light
|leave|Supah Glitch
|leave|Mouzourides
|leave|VEEK
|leave|ChoiceBandedBiatch
|player|p2
|leave|Alvadora
|leave|Marcoco
|leave|Eatcake
|leave|testnameyo
|leave|Notorious Ned
|leave|nmad banf
|leave|test232423423
|leave|Puffball10
|leave|GGOOOOMMMBBAAA