|join|shartruce2
|join|RedKingAlmighty
|player|p1|shartruce2|43
|player|p2|RedKingAlmighty|154
|gametype|singles
|gen|6
|tier|OU
|clearpoke
|poke|p1|Umbreon, F
|poke|p1|Vaporeon, M
|poke|p1|Espeon, M
|poke|p1|Flareon, M
|poke|p1|Sylveon, M
|poke|p1|Jolteon, M
|poke|p2|Seaking, F
|poke|p2|Politoed, M
|poke|p2|Kingdra, F
|poke|p2|Zapdos
|poke|p2|Ferrothorn, M
|poke|p2|Medicham, M
|rule|Swagger Clause: Swagger is banned
|rule|Baton Pass Clause: Limit one PokÃ©mon knowing Baton Pass
|rule|Sleep Clause Mod: Limit one foe put to sleep
|rule|Species Clause: Limit one of each PokÃ©mon
|rule|OHKO Clause: OHKO moves are banned
|rule|Moody Clause: Moody is banned
|rule|Evasion Moves Clause: Evasion moves are banned
|rule|Endless Battle Clause: Forcing endless battles is banned
|rule|HP Percentage Mod: HP is shown in percentages
|teampreview
|join|Draeden
|join|irl cat
|join|TerrorDave
|join|asdfCookie
|c| Draeden|Ah, a good battle to watch
|join|daftmau5
|c| TerrorDave|lmao
|join|Mystialized
|c| TerrorDave|eevee team
|join|Miss Catnip
|join|igotboredsoscrewit
|c| Draeden|Looks like I won't be going tonight without entertainment
|join|Firesteel
|c| Miss Catnip|DO IT
|join|pewpewpewcat
|c| Firesteel|take his ass
|c| irl cat|**GO SHART GO**
|c| asdfCookie|rip rka
|c| irl cat|**GO SHART GO**
|c| irl cat|**GO SHART GO**
|c| irl cat|**GO SHART GO**
|c| irl cat|**GO SHART GO**
|c| irl cat|**GO SHART GO**
|c| irl cat|**GO SHART GO**
|c| irl cat|**GO SHART GO**
|c| irl cat|**GO SHART GO**
|c| Miss Catnip|imo seaking wins
|c| asdfCookie|gonna b stuck in shadow realm
|c| irl cat|**GO SHART GO**
|c| irl cat|**GO SHART GO**
|c| irl cat|**GO SHART GO**
|c| irl cat|**GO SHART GO**
|c|âshartruce2|hm this team
|join|YouCrayzFool
|c| Firesteel|bitches be crazy
|join|Primal Gyarados
|join|Funnelby
|c| irl cat|LEAD ESPEON
|c|âshartruce2|is a bit outdated
|join|808 & Heartbreak
|join|IamChow
|c| TerrorDave|**IT's TIME, RED! SHOW EM WHAT U GOT BBY! FK EM U!**
|c| Draeden|So
|c| Draeden|Where is
|join|Kama Sutra
|c| Draeden|Glaceon
|c| Draeden|?
|c|âRedKingAlmighty|^
|c| irl cat|glaceon is fucking garbage
|c| Draeden|Or the best Eeveelution
|c| Draeden|Leafeon
|c| Draeden|?
|c|âRedKingAlmighty|wheres the Leafeon Glaceon love?
|join|Lophoney
|c|âRedKingAlmighty|i lost to a leafeon once.
|c| irl cat|shiteon and shiteon2
|c| irl cat|`-`
|c| TerrorDave|fk gen 4 eevees
|c|âRedKingAlmighty|SD leafeon OP.
|c| TerrorDave|even tho Flareon is WORSE
|leave|IamChow
|c| Draeden|Wow, you all have no souls.
|c| Draeden|RedKing must've taken the, already
|
|start
|switch|p1a: fuk thundurus|Jolteon, M|272\/272
|switch|p2a: Herald of the King|Politoed, M|364\/364
|-weather|RainDance
|turn|1
|join|DuhBuhDuh
|c|âRedKingAlmighty|OBVIOUS LEAD!
|leave|DuhBuhDuh
|c|âRedKingAlmighty|WORKS ERRYTIEM
|c| Miss Catnip|so i'm thinking
|c| Miss Catnip|voltswatch
|c|âRedKingAlmighty|wow
|c| Miss Catnip|???
|c|âRedKingAlmighty|u must be
|c| Draeden|I'm thinking, git fukt.
|c|âRedKingAlmighty|a genius
|c|âRedKingAlmighty|!dt titfuck
No Pokemon, item, move, ability or nature named 'titfuck' was found. Showing the data of 'Litwick' instead.
|c|~|\/data-pokemon Litwick
|raw|<font size="1"><font color=#585858>Dex#:<\/font> 607&nbsp;|&ThickSpace;<font color=#585858>Height:<\/font> 0.3 m&nbsp;|&ThickSpace;<font color=#585858>Weight:<\/font> 3.1 kg <em>(20 BP)<\/em>&nbsp;|&ThickSpace;<font color=#585858>Dex Colour:<\/font> White&nbsp;|&ThickSpace;<font color=#585858>Egg Group(s):<\/font> Amorphous&nbsp;|&ThickSpace;<font color=#585858>Evolution:<\/font> Lampent (41)<\/font>
|c|âshartruce2|lol
|c|âshartruce2|these sets
|c|âshartruce2|are retarded af
|leave|Lophoney
|c|âRedKingAlmighty|wait
|c| Draeden|inb4 it's WishTect Jolt
|c|âRedKingAlmighty|is this the swagger jolteon set?
|c|âshartruce2|nah
|c|âRedKingAlmighty|from detroitlolcat?
|c|âRedKingAlmighty|ah
|
|switch|p2a: Damp Roots|Ferrothorn, M|352\/352
|move|p1a: fuk thundurus|Signal Beam|p2a: Damp Roots
|-crit|p2a: Damp Roots
|-damage|p2a: Damp Roots|231\/352
|-damage|p1a: fuk thundurus|245\/272|[from] item: Life Orb
|
|-weather|RainDance|[upkeep]
|-heal|p2a: Damp Roots|253\/352|[from] item: Leftovers
|turn|2
|c|âRedKingAlmighty|SIGNAL BEAM LOL
|c| Draeden|LOOOOOOOOOOOOOOL
|c| Miss Catnip|so
|c| irl cat|best fyuciking crit ever
|c|âshartruce2|where the confuse
|
|move|p1a: fuk thundurus|Baton Pass|p1a: fuk thundurus
|c| Miss Catnip|can we just talk about this
|
|switch|p1a: fuk deo d|Espeon, M|334\/334
|move|p2a: Damp Roots|Stealth Rock|p1a: fuk deo d
|move|p1a: fuk deo d|Stealth Rock|p2a: Damp Roots|[from]Magic Bounce
|-sidestart|p2: RedKingAlmighty|move: Stealth Rock
|
|-weather|RainDance|[upkeep]
|-heal|p2a: Damp Roots|275\/352|[from] item: Leftovers
|turn|3
|c| Miss Catnip|i guess not
|c| irl cat|poorly trained jolteon
|c| Miss Catnip|lol nope
|c|âRedKingAlmighty|well i suks
|c| Draeden|Out
|c| Draeden|Fucking
|c| Draeden|Played
|c|âRedKingAlmighty|too obvous
|c| irl cat|Baton Pass Clause: Limit one PokÃ©mon knowing Baton Pass
|join|kungfu pancham
|c|âRedKingAlmighty|ez street RKA sucks
|c| irl cat|why
|c| Firesteel|like damn son
|
|switch|p1a: fuk char y|Flareon, M|333\/333
|move|p2a: Damp Roots|Gyro Ball|p1a: fuk char y
|-resisted|p1a: fuk char y
|-damage|p1a: fuk char y|306\/333
|
|-weather|RainDance|[upkeep]
|-heal|p1a: fuk char y|326\/333|[from] item: Leftovers
|-heal|p2a: Damp Roots|297\/352|[from] item: Leftovers
|turn|4
|c| Miss Catnip|http:\/\/www.threadbombing.com\/data\/media\/2\/THISGONBGUD.gif
|
|switch|p2a: Kuddles|Kingdra, F|307\/307
|-damage|p2a: Kuddles|269\/307|[from] Stealth Rock
|move|p1a: fuk char y|Superpower|p2a: Kuddles
|-damage|p2a: Kuddles|152\/307
|-unboost|p1a: fuk char y|atk|1
|-unboost|p1a: fuk char y|def|1
|
|-weather|RainDance|[upkeep]
|-heal|p1a: fuk char y|333\/333|[from] item: Leftovers
|turn|5
|c| irl cat|FLAREGOD
|c|âRedKingAlmighty|lol
|c| asdfCookie|weak af
|
|switch|p1a: Fuk manaphy|Vaporeon, M|464\/464
|move|p2a: Kuddles|Draco Meteor|p1a: Fuk manaphy
|-damage|p1a: Fuk manaphy|146\/464
|-unboost|p2a: Kuddles|spa|2
|
|-weather|RainDance|[upkeep]
|-heal|p1a: Fuk manaphy|175\/464|[from] item: Leftovers
|turn|6
|c|âRedKingAlmighty|go away
|c| irl cat|B U L K I N I T O U T
|c| Draeden|Yo, domaj
|leave|Miss Catnip
|join|craing ;_;
|
|switch|p2a: Lightning|Zapdos|383\/383
|-damage|p2a: Lightning|288\/383|[from] Stealth Rock
|-ability|p2a: Lightning|Pressure
|move|p1a: Fuk manaphy|Wish|p1a: Fuk manaphy
|
|-weather|RainDance|[upkeep]
|-heal|p2a: Lightning|311\/383|[from] item: Leftovers
|-heal|p1a: Fuk manaphy|204\/464|[from] item: Leftovers
|turn|7
|c| irl cat|SHART WE GOIN OLIVE GARDEN
|join|Miss Catnip
|c| Miss Catnip|internet whyyy
|
|move|p1a: Fuk manaphy|Protect|p1a: Fuk manaphy
|-singleturn|p1a: Fuk manaphy|Protect
|move|p2a: Lightning|Defog|p1a: Fuk manaphy
|-activate|p1a: Fuk manaphy|Protect
|
|-weather|RainDance|[upkeep]
|-heal|p1a: Fuk manaphy|436\/464|[from] move: Wish|[wisher] Fuk manaphy
|-heal|p2a: Lightning|334\/383|[from] item: Leftovers
|-heal|p1a: Fuk manaphy|464\/464|[from] item: Leftovers
|turn|8
|c|âshartruce2|WE GOIN OLIVE GARDEN
|c|âRedKingAlmighty|but
|c|âRedKingAlmighty|i won...
|c|âRedKingAlmighty|I FUCKING WANT OLIVE GARDEN
|c| Miss Catnip|switchin jolteon
|c| Miss Catnip|do it
|
|move|p2a: Lightning|Defog|p1a: Fuk manaphy
|-unboost|p1a: Fuk manaphy|evasion|1
|-sideend|p2: RedKingAlmighty|Stealth Rock|[from] move: Defog|[of] p2a: Lightning
|move|p1a: Fuk manaphy|Scald|p2a: Lightning
|-damage|p2a: Lightning|177\/383
|
|-weather|none
|-heal|p2a: Lightning|200\/383|[from] item: Leftovers
|turn|9
|c| kungfu pancham|can anyone tell me what is going on
|c| Miss Catnip|yes
|c| Miss Catnip|no
|c| asdfCookie|no
|c| Mystialized|dude why, olive garden sucks balls.
|c| Draeden|RedKing and Shart are battling for souls.
|c|âRedKingAlmighty|im fighting shartruce2, we bet our souls
|c| kungfu pancham|shut the fuck up your making me hungry'
|c|âRedKingAlmighty|so regular OU chatroom stuff.
|
|switch|p1a: fuk thundurus|Jolteon, M|245\/272
|move|p2a: Lightning|Roost|p2a: Lightning
|-heal|p2a: Lightning|383\/383
|
|turn|10
|c| irl cat|SIGNAL BEAM
|c| irl cat|GO
|
|switch|p2a: Damp Roots|Ferrothorn, M|297\/352
|move|p1a: fuk thundurus|Thunderbolt|p2a: Damp Roots
|-resisted|p2a: Damp Roots
|-damage|p2a: Damp Roots|227\/352
|-damage|p1a: fuk thundurus|218\/272|[from] item: Life Orb
|
|-heal|p2a: Damp Roots|249\/352|[from] item: Leftovers
|turn|11
|
|move|p1a: fuk thundurus|Baton Pass|p1a: fuk thundurus
|
|switch|p1a: fuk deo d|Espeon, M|334\/334
|move|p2a: Damp Roots|Gyro Ball|p1a: fuk deo d
|-damage|p1a: fuk deo d|235\/334
|
|-heal|p1a: fuk deo d|255\/334|[from] item: Leftovers
|-heal|p2a: Damp Roots|271\/352|[from] item: Leftovers
|turn|12
|c|âshartruce2|lol
|c|âRedKingAlmighty|i cri. errytiem
|c|âshartruce2|nb
|
|switch|p2a: Herald of the King|Politoed, M|364\/364
|-weather|RainDance
|move|p1a: fuk deo d|Calm Mind|p1a: fuk deo d
|-boost|p1a: fuk deo d|spa|1
|-boost|p1a: fuk deo d|spd|1
|
|-weather|RainDance|[upkeep]
|-heal|p1a: fuk deo d|275\/334|[from] item: Leftovers
|turn|13
|c|âRedKingAlmighty|i may be tired and dumb
|c|âRedKingAlmighty|but im not that tired\/dumb
|c| irl cat|**SWEEP INC**
|
|move|p1a: fuk deo d|Calm Mind|p1a: fuk deo d
|-boost|p1a: fuk deo d|spa|1
|-boost|p1a: fuk deo d|spd|1
|move|p2a: Herald of the King|Hydro Pump|p1a: fuk deo d
|-damage|p1a: fuk deo d|143\/334
|
|-weather|RainDance|[upkeep]
|-heal|p1a: fuk deo d|163\/334|[from] item: Leftovers
|turn|14
|leave|craing ;_;
|c| Mystialized|damage
|c|âRedKingAlmighty|ok maybe just a bit
|c| Draeden|Shoujlda used Hypnosis
|c| Miss Catnip|let something die
|c| irl cat|SUB STALL TO GET THE MISS
|c| irl cat|@@@@@@
|c| Miss Catnip|make rain again
|c| Draeden|:^)
|c|âRedKingAlmighty|yeah draeden
|c| Miss Catnip|switch in seaking
|
|move|p1a: fuk deo d|Stored Power|p2a: Herald of the King
|-damage|p2a: Herald of the King|94\/364
|move|p2a: Herald of the King|Hydro Pump|p1a: fuk deo d
|-damage|p1a: fuk deo d|22\/334
|
|-weather|RainDance|[upkeep]
|-heal|p1a: fuk deo d|42\/334|[from] item: Leftovers
|turn|15
|c|âRedKingAlmighty|great idea
|c| Miss Catnip|Megahorn
|
|move|p1a: fuk deo d|Stored Power|p2a: Herald of the King
|-damage|p2a: Herald of the King|0 fnt
|faint|p2a: Herald of the King
|
|-weather|RainDance|[upkeep]
|-heal|p1a: fuk deo d|62\/334|[from] item: Leftovers
|
|switch|p2a: RedKing|Seaking, F|302\/302
|turn|16
|c| kungfu pancham|no recovery moves
|c| Miss Catnip|or hell just waterfall
|
|switch|p1a: Fuk manaphy|Vaporeon, M|464\/464
|move|p2a: RedKing|Megahorn|p1a: Fuk manaphy
|-damage|p1a: Fuk manaphy|303\/464
|-damage|p2a: RedKing|272\/302|[from] item: Life Orb
|
|-weather|RainDance|[upkeep]
|-heal|p1a: Fuk manaphy|332\/464|[from] item: Leftovers
|turn|17
|c|âRedKingAlmighty|so weak
|c| 808 & Heartbreak|yumm
|c| Draeden|Poke.
|
|switch|p2a: Lightning|Zapdos|383\/383
|-ability|p2a: Lightning|Pressure
|move|p1a: Fuk manaphy|Scald|p2a: Lightning
|-damage|p2a: Lightning|229\/383
|
|-weather|RainDance|[upkeep]
|-heal|p2a: Lightning|252\/383|[from] item: Leftovers
|-heal|p1a: Fuk manaphy|361\/464|[from] item: Leftovers
|turn|18
|leave|YouCrayzFool
|c| Miss Catnip|jus keep swimman
|c|âRedKingAlmighty|i legit might lose this
|
|switch|p2a: Bruce Lee|Medicham, M|261\/261
|switch|p1a: fuk thundurus|Jolteon, M|218\/272
|
|-weather|RainDance|[upkeep]
|turn|19
|c| Miss Catnip|eeveelutions
|c| Miss Catnip|2cute4u
|c|âRedKingAlmighty|i can take it
|
|detailschange|p2a: Bruce Lee|Medicham-Mega, M
|message|Medicham has Mega Evolved into Mega Medicham!
|move|p1a: fuk thundurus|Thunderbolt|p2a: Bruce Lee
|-damage|p2a: Bruce Lee|50\/261
|-damage|p1a: fuk thundurus|191\/272|[from] item: Life Orb
|move|p2a: Bruce Lee|High Jump Kick|p1a: fuk thundurus
|-damage|p1a: fuk thundurus|0 fnt
|faint|p1a: fuk thundurus
|
|-weather|none
|c|âRedKingAlmighty|BUT IM ONLY HUMAN
|c| kungfu pancham|basic rain except kingdra
|c| Miss Catnip|kill espeon
|c| Miss Catnip|set up entry hazards
|c|âRedKingAlmighty|AND I BLEED WHEN I FALL DOWN
|
|switch|p1a: fuk dragons|Sylveon, M|393\/393
|turn|20
|
|switch|p2a: Damp Roots|Ferrothorn, M|271\/352
|move|p1a: fuk dragons|Hyper Voice|p2a: Damp Roots
|-resisted|p2a: Damp Roots
|-damage|p2a: Damp Roots|215\/352
|
|-heal|p2a: Damp Roots|237\/352|[from] item: Leftovers
|turn|21
|c| Miss Catnip|weaksauce
|
|switch|p1a: fuk deo d|Espeon, M|62\/334
|switch|p2a: RedKing|Seaking, F|272\/302
|
|-heal|p1a: fuk deo d|82\/334|[from] item: Leftovers
|turn|22
|c|âRedKingAlmighty|ur weaksauce
|c| kungfu pancham|better hp fire
|
|switch|p1a: Fuk manaphy|Vaporeon, M|361\/464
|move|p2a: RedKing|Megahorn|p1a: Fuk manaphy
|-damage|p1a: Fuk manaphy|202\/464
|-damage|p2a: RedKing|242\/302|[from] item: Life Orb
|
|-heal|p1a: Fuk manaphy|231\/464|[from] item: Leftovers
|turn|23
|
|move|p2a: RedKing|Drill Run|p1a: Fuk manaphy
|-damage|p1a: Fuk manaphy|126\/464
|-damage|p2a: RedKing|212\/302|[from] item: Life Orb
|move|p1a: Fuk manaphy|Wish|p1a: Fuk manaphy
|
|-heal|p1a: Fuk manaphy|155\/464|[from] item: Leftovers
|turn|24
|c|âRedKingAlmighty|CRIT
|c|âRedKingAlmighty|nope
|
|switch|p2a: Bruce Lee|Medicham-Mega, M|50\/261
|move|p1a: Fuk manaphy|Protect|p1a: Fuk manaphy
|-fail|p1a: Fuk manaphy
|
|-heal|p1a: Fuk manaphy|387\/464|[from] move: Wish|[wisher] Fuk manaphy
|-heal|p1a: Fuk manaphy|416\/464|[from] item: Leftovers
|turn|25
|c|âRedKingAlmighty|lol u suks
|
|move|p2a: Bruce Lee|Thunder Punch|p1a: Fuk manaphy
|-supereffective|p1a: Fuk manaphy
|-damage|p1a: Fuk manaphy|100\/464
|move|p1a: Fuk manaphy|Scald|p2a: Bruce Lee
|-damage|p2a: Bruce Lee|0 fnt
|faint|p2a: Bruce Lee
|
|-heal|p1a: Fuk manaphy|129\/464|[from] item: Leftovers
|c|âRedKingAlmighty|fml
|leave|asdfCookie
|c|âRedKingAlmighty|i sucks
|c|âshartruce2|dik
|
|switch|p2a: RedKing|Seaking, F|212\/302
|turn|26
|c| Firesteel|quite.
|
|move|p1a: Fuk manaphy|Protect|p1a: Fuk manaphy
|-singleturn|p1a: Fuk manaphy|Protect
|move|p2a: RedKing|Megahorn|p1a: Fuk manaphy
|-activate|p1a: Fuk manaphy|Protect
|
|-heal|p1a: Fuk manaphy|158\/464|[from] item: Leftovers
|turn|27
|c|âRedKingAlmighty|seaking is literally equipped to kill everything here
|
|move|p2a: RedKing|Megahorn|p1a: Fuk manaphy|[miss]
|-miss|p2a: RedKing|p1a: Fuk manaphy
|move|p1a: Fuk manaphy|Wish|p1a: Fuk manaphy
|
|-heal|p1a: Fuk manaphy|187\/464|[from] item: Leftovers
|turn|28
|c|âRedKingAlmighty|or not.
|c|âshartruce2|yum
|
|switch|p2a: Lightning|Zapdos|252\/383
|-ability|p2a: Lightning|Pressure
|move|p1a: Fuk manaphy|Protect|p1a: Fuk manaphy
|-fail|p1a: Fuk manaphy
|
|-heal|p1a: Fuk manaphy|419\/464|[from] move: Wish|[wisher] Fuk manaphy
|-heal|p2a: Lightning|275\/383|[from] item: Leftovers
|-heal|p1a: Fuk manaphy|448\/464|[from] item: Leftovers
|turn|29
|
|switch|p1a: fuk aegislash|Umbreon, F|394\/394
|move|p2a: Lightning|Thunderbolt|p1a: fuk aegislash
|-damage|p1a: fuk aegislash|298\/394
|
|-heal|p2a: Lightning|298\/383|[from] item: Leftovers
|-heal|p1a: fuk aegislash|322\/394|[from] item: Leftovers
|turn|30
|c|âRedKingAlmighty|so uh my soul
|c|âRedKingAlmighty|can i uh
|c|âRedKingAlmighty|renegotiate?
|join|AlltheTests
|leave|igotboredsoscrewit
|
|move|p2a: Lightning|Thunderbolt|p1a: fuk aegislash
|-damage|p1a: fuk aegislash|226\/394
|-status|p1a: fuk aegislash|par
|move|p1a: fuk aegislash|Foul Play|p2a: Lightning
|-damage|p2a: Lightning|223\/383
|
|-heal|p2a: Lightning|246\/383|[from] item: Leftovers
|-heal|p1a: fuk aegislash|250\/394 par|[from] item: Leftovers
|turn|31
|c| kungfu pancham|aegislash ?
|c| Miss Catnip|oooo
|c|âshartruce2|hm this thing
|c|âshartruce2|sheet
|c| kungfu pancham|relevant to meta
|c| irl cat|the fuckin para
|c| Miss Catnip|well trained zapdos
|c| irl cat|real
|
|switch|p2a: Kuddles|Kingdra, F|152\/307
|switch|p1a: fuk dragons|Sylveon, M|393\/393
|
|turn|32
|
|move|p2a: Kuddles|Scald|p1a: fuk dragons
|-damage|p1a: fuk dragons|252\/393
|move|p1a: fuk dragons|Hyper Voice|p2a: Kuddles
|-supereffective|p2a: Kuddles
|-damage|p2a: Kuddles|0 fnt
|faint|p2a: Kuddles
|
|-heal|p1a: fuk dragons|276\/393|[from] item: Leftovers
|c| irl cat|PREDICTIONS!!!!!!!!!
|c|âRedKingAlmighty|i .cri errytiem
|c| Mystialized|ded
|
|switch|p2a: RedKing|Seaking, F|212\/302
|turn|33
|
|switch|p1a: Fuk manaphy|Vaporeon, M|448\/464
|move|p2a: RedKing|Poison Jab|p1a: Fuk manaphy
|-damage|p1a: Fuk manaphy|336\/464
|-damage|p2a: RedKing|182\/302|[from] item: Life Orb
|
|-heal|p1a: Fuk manaphy|365\/464|[from] item: Leftovers
|turn|34
|c|âRedKingAlmighty|THANKS DIDN't NOTICE
|
|move|p2a: RedKing|Megahorn|p1a: Fuk manaphy
|-damage|p1a: Fuk manaphy|199\/464
|-damage|p2a: RedKing|152\/302|[from] item: Life Orb
|move|p1a: Fuk manaphy|Scald|p2a: RedKing
|-resisted|p2a: RedKing
|-damage|p2a: RedKing|89\/302
|
|-heal|p1a: Fuk manaphy|228\/464|[from] item: Leftovers
|turn|35
|c| irl cat|damn
|c| Miss Catnip|oooo
|c|âRedKingAlmighty|CRIT
|
|move|p2a: RedKing|Megahorn|p1a: Fuk manaphy
|-damage|p1a: Fuk manaphy|66\/464
|-damage|p2a: RedKing|59\/302|[from] item: Life Orb
|move|p1a: Fuk manaphy|Wish|p1a: Fuk manaphy
|
|-heal|p1a: Fuk manaphy|95\/464|[from] item: Leftovers
|turn|36
|c|âRedKingAlmighty|NOOOO
|c|âRedKingAlmighty|i suks
|c| Miss Catnip|swift swim king not water veil
|c| Draeden|RedKing. 
|
|move|p1a: Fuk manaphy|Protect|p1a: Fuk manaphy
|-singleturn|p1a: Fuk manaphy|Protect
|move|p2a: RedKing|Poison Jab|p1a: Fuk manaphy
|-activate|p1a: Fuk manaphy|Protect
|
|-heal|p1a: Fuk manaphy|327\/464|[from] move: Wish|[wisher] Fuk manaphy
|-heal|p1a: Fuk manaphy|356\/464|[from] item: Leftovers
|turn|37
|c| Draeden|I do believe
|c| Draeden|You gave lost this battle.
|c| irl cat|shart is god
|
|move|p2a: RedKing|Poison Jab|p1a: Fuk manaphy
|-damage|p1a: Fuk manaphy|246\/464
|-status|p1a: Fuk manaphy|psn
|-damage|p2a: RedKing|29\/302|[from] item: Life Orb
|move|p1a: Fuk manaphy|Wish|p1a: Fuk manaphy
|
|-heal|p1a: Fuk manaphy|275\/464 psn|[from] item: Leftovers
|-damage|p1a: Fuk manaphy|217\/464 psn|[from] psn
|turn|38
|c| Miss Catnip|gave lost
|c| irl cat|**go shart**
|c| Draeden|Unless you crit everything else to death.
|c| Miss Catnip|that poison
|
|move|p2a: RedKing|Megahorn|p1a: Fuk manaphy
|-damage|p1a: Fuk manaphy|66\/464 psn
|-damage|p2a: RedKing|0 fnt|[from] item: Life Orb
|faint|p2a: RedKing
|move|p1a: Fuk manaphy|Scald|p2: RedKing|[notarget]
|-notarget
|
|-heal|p1a: Fuk manaphy|298\/464 psn|[from] move: Wish|[wisher] Fuk manaphy
|-heal|p1a: Fuk manaphy|327\/464 psn|[from] item: Leftovers
|-damage|p1a: Fuk manaphy|269\/464 psn|[from] psn
|c| Miss Catnip|REDKING
|c| Miss Catnip|YOUR SEAKING BELIEVES IN YOU
|c| irl cat|wait what is
|
|switch|p2a: Lightning|Zapdos|246\/383
|-ability|p2a: Lightning|Pressure
|turn|39
|c| irl cat|4th move.. on vape..
|c| Draeden|Well it's dead so
|c|âRedKingAlmighty|ik it does
|c|âRedKingAlmighty|or did
|
|move|p2a: Lightning|Thunderbolt|p1a: Fuk manaphy
|-supereffective|p1a: Fuk manaphy
|-damage|p1a: Fuk manaphy|0 fnt
|faint|p1a: Fuk manaphy
|
|-heal|p2a: Lightning|269\/383|[from] item: Leftovers
|c|âRedKingAlmighty|FINALLY U FAT CUNT
|c| Miss Catnip|at least jolt's dead
|c| irl cat|scald protect wish ???
|c| Draeden|LOOOOOOOOOOOOOOOOL
|
|switch|p1a: fuk dragons|Sylveon, M|276\/393
|turn|40
|c|âRedKingAlmighty|so since the score might be like
|c|âRedKingAlmighty|3-0
|c|âRedKingAlmighty|do i only lose half my soul?
|c|âRedKingAlmighty|or all of it.
|
|move|p2a: Lightning|Thunderbolt|p1a: fuk dragons
|-damage|p1a: fuk dragons|177\/393
|move|p1a: fuk dragons|Calm Mind|p1a: fuk dragons
|-boost|p1a: fuk dragons|spa|1
|-boost|p1a: fuk dragons|spd|1
|
|-heal|p2a: Lightning|292\/383|[from] item: Leftovers
|-heal|p1a: fuk dragons|201\/393|[from] item: Leftovers
|turn|41
|c| Miss Catnip|sylvywin plox
|c|âshartruce2|half is fine
|c| irl cat|sylveon use fire blast =)
|c| Miss Catnip|shartruce
|c|âRedKingAlmighty|oh
|c| kungfu pancham|i agree fuck lil manaphy 
|c| Mystialized|n_n
|c|âRedKingAlmighty|fck
|
|switch|p2a: Damp Roots|Ferrothorn, M|237\/352
|move|p1a: fuk dragons|Hyper Voice|p2a: Damp Roots
|-resisted|p2a: Damp Roots
|-damage|p2a: Damp Roots|156\/352
|
|-heal|p1a: fuk dragons|225\/393|[from] item: Leftovers
|-heal|p2a: Damp Roots|178\/352|[from] item: Leftovers
|turn|42
|c| Miss Catnip|boost all the way up to +6
|
|switch|p1a: fuk deo d|Espeon, M|82\/334
|switch|p2a: Lightning|Zapdos|292\/383
|-ability|p2a: Lightning|Pressure
|
|-heal|p1a: fuk deo d|102\/334|[from] item: Leftovers
|-heal|p2a: Lightning|315\/383|[from] item: Leftovers
|turn|43
|
|move|p1a: fuk deo d|Calm Mind|p1a: fuk deo d
|-boost|p1a: fuk deo d|spa|1
|-boost|p1a: fuk deo d|spd|1
|move|p2a: Lightning|Heat Wave|p1a: fuk deo d
|-crit|p1a: fuk deo d
|-damage|p1a: fuk deo d|0 fnt
|faint|p1a: fuk deo d
|
|-heal|p2a: Lightning|338\/383|[from] item: Leftovers
|c| Draeden|Why is this not
|c|âRedKingAlmighty|TOO PRO
|c| Miss Catnip|WELL TRAINED
|c|âshartruce2|nooooooo
|c| Draeden|Curse Restalk QA
|
|switch|p1a: fuk dragons|Sylveon, M|225\/393
|turn|44
|c| Draeden|Sylveon
|c| Draeden|?
|
|move|p2a: Lightning|Thunderbolt|p1a: fuk dragons
|-damage|p1a: fuk dragons|128\/393
|move|p1a: fuk dragons|Calm Mind|p1a: fuk dragons
|-boost|p1a: fuk dragons|spa|1
|-boost|p1a: fuk dragons|spd|1
|
|-heal|p2a: Lightning|361\/383|[from] item: Leftovers
|-heal|p1a: fuk dragons|152\/393|[from] item: Leftovers
|turn|45
|c| irl cat|shart stop troleing xD
|c| Miss Catnip|Zapdos can't learn Flash Cannon
|
|move|p2a: Lightning|Thunderbolt|p1a: fuk dragons
|-damage|p1a: fuk dragons|83\/393
|move|p1a: fuk dragons|Wish|p1a: fuk dragons
|
|-heal|p2a: Lightning|383\/383|[from] item: Leftovers
|-heal|p1a: fuk dragons|107\/393|[from] item: Leftovers
|turn|46
|c| Miss Catnip|:I
|c|âRedKingAlmighty|i need the win
|c| Miss Catnip|do it
|
|move|p1a: fuk dragons|Protect|p1a: fuk dragons
|-singleturn|p1a: fuk dragons|Protect
|move|p2a: Lightning|Thunderbolt|p1a: fuk dragons
|-activate|p1a: fuk dragons|Protect
|
|-heal|p1a: fuk dragons|303\/393|[from] move: Wish|[wisher] fuk dragons
|-heal|p1a: fuk dragons|327\/393|[from] item: Leftovers
|turn|47
|c| Miss Catnip|crit again
|c| Miss Catnip|do it
|c| Miss Catnip|paracrit
|c| irl cat|WISHTECT ALWAYS
|
|move|p2a: Lightning|Thunderbolt|p1a: fuk dragons
|-damage|p1a: fuk dragons|263\/393
|move|p1a: fuk dragons|Hyper Voice|p2a: Lightning
|-damage|p2a: Lightning|149\/383
|
|-heal|p2a: Lightning|172\/383|[from] item: Leftovers
|-heal|p1a: fuk dragons|287\/393|[from] item: Leftovers
|turn|48
|c| Miss Catnip|wishtect 4 daise
|
|move|p2a: Lightning|Thunderbolt|p1a: fuk dragons
|-damage|p1a: fuk dragons|214\/393
|move|p1a: fuk dragons|Hyper Voice|p2a: Lightning
|-damage|p2a: Lightning|0 fnt
|faint|p2a: Lightning
|
|-heal|p1a: fuk dragons|238\/393|[from] item: Leftovers
|
|switch|p2a: Damp Roots|Ferrothorn, M|178\/352
|turn|49
|c| TerrorDave|L
|c| TerrorDave|M
|c| TerrorDave|A
|c| TerrorDave|O
|
|move|p1a: fuk dragons|Hyper Voice|p2a: Damp Roots
|-resisted|p2a: Damp Roots
|-damage|p2a: Damp Roots|97\/352
|move|p2a: Damp Roots|Gyro Ball|p1a: fuk dragons
|-supereffective|p1a: fuk dragons
|-damage|p1a: fuk dragons|136\/393
|
|-heal|p1a: fuk dragons|160\/393|[from] item: Leftovers
|-heal|p2a: Damp Roots|119\/352|[from] item: Leftovers
|turn|50
|c| TerrorDave|L
|c| TerrorDave|M
|c| TerrorDave|A
|c| TerrorDave|O
|c| TerrorDave|L
|c| TerrorDave|M
|c| TerrorDave|A
|c| TerrorDave|O
|c| TerrorDave|L
|c| TerrorDave|M
|
|move|p1a: fuk dragons|Hyper Voice|p2a: Damp Roots
|-resisted|p2a: Damp Roots
|-damage|p2a: Damp Roots|36\/352
|move|p2a: Damp Roots|Stealth Rock|p1a: fuk dragons
|-sidestart|p1: shartruce2|move: Stealth Rock
|
|-heal|p1a: fuk dragons|184\/393|[from] item: Leftovers
|-heal|p2a: Damp Roots|58\/352|[from] item: Leftovers
|turn|51
|c| TerrorDave|A
|c| TerrorDave|O
|c|âRedKingAlmighty|i win
|c| TerrorDave|L
|c| TerrorDave|M
|c| TerrorDave|A
|c| Miss Catnip|...
|c| TerrorDave|O
|c| TerrorDave|L
|c| TerrorDave|M
|c|âRedKingAlmighty|AHAHAHAH
|c| TerrorDave|A
|c| TerrorDave|O
|c|âRedKingAlmighty|I BEAT MAGIC BOUNCE
|c|âRedKingAlmighty|IM TOO PRO FIR U
|c| TerrorDave|WAIT 
|
|move|p1a: fuk dragons|Hyper Voice|p2a: Damp Roots
|-resisted|p2a: Damp Roots
|-damage|p2a: Damp Roots|0 fnt
|faint|p2a: Damp Roots
|
|win|shartruce2
|c|âshartruce2|nigga
|c| TerrorDave|L
|c| Miss Catnip|ggiggle
|c| TerrorDave|M
|c|âshartruce2|GG
|c| TerrorDave|A
|c| TerrorDave|O
|leave|Miss Catnip
|c| TerrorDave|L
|c| TerrorDave|M
|leave|Primal Gyarados
|c| TerrorDave|A
|c| Draeden|There goes half your soul
|c|âRedKingAlmighty|GG.
|c| TerrorDave|O
|c| TerrorDave|L
|c| Draeden|G_G
|c|âshartruce2|YOUR SOUL IS MINE
|c| TerrorDave|M
|c| TerrorDave|A
|c|âRedKingAlmighty|\/me forfeited his soul.
|c| TerrorDave|O
|c| TerrorDave|L
|c| TerrorDave|M
|c| TerrorDave|A
|c| TerrorDave|P
|leave|Mystialized
|c| TerrorDave|L
|c| TerrorDave|M
|c| TerrorDave|A
|c| TerrorDave|O
|c| TerrorDave|L
|c| TerrorDave|M
|c| TerrorDave|A
|leave|Draeden
|c| TerrorDave|O
|c| TerrorDave|L
|c| TerrorDave|M
|c| TerrorDave|A
|c| TerrorDave|O
|c| TerrorDave|L
|c| TerrorDave|M
|c| TerrorDave|A
|c| TerrorDave|O
|c| TerrorDave|L
|c| TerrorDave|M
|c| TerrorDave|A
|c| TerrorDave|O
|c| TerrorDave|L
|c| TerrorDave|M
|c| TerrorDave|A
|leave|irl cat
|c| TerrorDave|O
|leave|RedKingAlmighty
|player|p2
|c| TerrorDave|**L**
|c| TerrorDave|**M**
|c| TerrorDave|**A**
|leave|AlltheTests
|c| TerrorDave|**O**
|c| TerrorDave|**L**
|c| TerrorDave|**M**
|c| TerrorDave|**A**
|c| TerrorDave|**O**
|leave|TerrorDave
|leave|Funnelby
|leave|808 & Heartbreak
|leave|Kama Sutra
|join|RedKingAlmighty
|join|Miss Catnip
|leave|Firesteel
|c| Miss Catnip|wow it's over and stuff
|leave|Miss Catnip
|join|Nazi that coming
|c|âRedKingAlmighty|"and stuff"
|leave|RedKingAlmighty
|join|Bandit Test
|leave|Nazi that coming
|leave|Bandit Test
|join|Dallaren
|leave|Dallaren
|join|RedKingAlmighty