|join|shartruce2
|join|Invince
|player|p1|shartruce2|43
|player|p2|Invince|274
|gametype|singles
|gen|6
|tier|OU
|clearpoke
|poke|p1|Charizard, F
|poke|p1|Mew
|poke|p1|Tyranitar, F
|poke|p1|Keldeo
|poke|p1|Doublade, M
|poke|p1|Celebi
|poke|p2|Gardevoir, M, shiny
|poke|p2|Terrakion
|poke|p2|Dragonite, F
|poke|p2|Greninja, M, shiny
|poke|p2|Thundurus, M, shiny
|poke|p2|Garchomp, F, shiny
|rule|Swagger Clause: Swagger is banned
|rule|Baton Pass Clause: Limit one PokÃ©mon knowing Baton Pass
|rule|Sleep Clause Mod: Limit one foe put to sleep
|rule|Species Clause: Limit one of each PokÃ©mon
|rule|OHKO Clause: OHKO moves are banned
|rule|Moody Clause: Moody is banned
|rule|Evasion Moves Clause: Evasion moves are banned
|rule|Endless Battle Clause: Forcing endless battles is banned
|rule|HP Percentage Mod: HP is shown in percentages
|teampreview
|join|deathbored
|join|irl cat
|c| irl cat|go shart
|join|gorex
|join|dfgfh
|join|asdfCookie
|join|Bryan Poop
|c| irl cat|do it 4 the shitposters
|join|KiraDuskEdge
|
|start
|switch|p1a: Doublade|Doublade, M|322\/322
|switch|p2a: Terrakion|Terrakion|323\/323
|turn|1
|
|move|p2a: Terrakion|Stealth Rock|p1a: Doublade
|-sidestart|p1: shartruce2|move: Stealth Rock
|move|p1a: Doublade|Gyro Ball|p2a: Terrakion
|-supereffective|p2a: Terrakion
|-enditem|p2a: Terrakion|Focus Sash
|-damage|p2a: Terrakion|1\/323
|
|turn|2
|join|Nani Man
|join|Qubae
|join|Alvok
|
|move|p2a: Terrakion|Taunt|p1a: Doublade
|-start|p1a: Doublade|move: Taunt
|move|p1a: Doublade|Gyro Ball|p2a: Terrakion
|-supereffective|p2a: Terrakion
|-damage|p2a: Terrakion|0 fnt
|faint|p2a: Terrakion
|
|
|switch|p2a: Greninja|Greninja, M, shiny|286\/286
|turn|3
|join|Acrokid098
|join|Primal Gyarados
|
|switch|p1a: Mew|Mew|404\/404
|-damage|p1a: Mew|354\/404|[from] Stealth Rock
|move|p2a: Greninja|Hidden Power|p1a: Mew
|-start|p2a: Greninja|typechange|Fire|[from] Protean
|-damage|p1a: Mew|236\/404
|-damage|p2a: Greninja|258\/286|[from] item: Life Orb
|
|-heal|p1a: Mew|261\/404|[from] item: Leftovers
|turn|4
|
|move|p2a: Greninja|Hydro Pump|p1a: Mew
|-start|p2a: Greninja|typechange|Water|[from] Protean
|-damage|p1a: Mew|34\/404
|-damage|p2a: Greninja|230\/286|[from] item: Life Orb
|move|p1a: Mew|Defog|p2a: Greninja
|-unboost|p2a: Greninja|evasion|1
|-sideend|p1: shartruce2|Stealth Rock|[from] move: Defog|[of] p1a: Mew
|
|-heal|p1a: Mew|59\/404|[from] item: Leftovers
|turn|5
|join|JDynasty
|
|move|p2a: Greninja|Ice Beam|p1a: Mew
|-start|p2a: Greninja|typechange|Ice|[from] Protean
|-damage|p1a: Mew|0 fnt
|-damage|p2a: Greninja|202\/286|[from] item: Life Orb
|faint|p1a: Mew
|
|join|ICNH
|
|switch|p1a: Charizard|Charizard, F|359\/359
|turn|6
|join|Sir Slaking
|
|detailschange|p1a: Charizard|Charizard-Mega-Y, F
|message|Charizard has Mega Evolved into Mega Charizard!
|-weather|SunnyDay
|move|p2a: Greninja|Ice Beam|p1a: Charizard
|-damage|p1a: Charizard|234\/359
|-damage|p2a: Greninja|174\/286|[from] item: Life Orb
|move|p1a: Charizard|Roost|p1a: Charizard
|-heal|p1a: Charizard|359\/359
|
|-weather|SunnyDay|[upkeep]
|turn|7
|c| ICNH|wat 
|join|swagger wagon
|
|move|p2a: Greninja|Ice Beam|p1a: Charizard
|-damage|p1a: Charizard|221\/359
|-damage|p2a: Greninja|146\/286|[from] item: Life Orb
|move|p1a: Charizard|Flamethrower|p2a: Greninja
|-supereffective|p2a: Greninja
|-damage|p2a: Greninja|0 fnt
|faint|p2a: Greninja
|
|-weather|SunnyDay|[upkeep]
|
|switch|p2a: Thundurus|Thundurus, M, shiny|300\/300
|turn|8
|join|Prankster
|
|move|p2a: Thundurus|Thunderbolt|p1a: Charizard
|-supereffective|p1a: Charizard
|-damage|p1a: Charizard|0 fnt
|faint|p1a: Charizard
|
|-weather|SunnyDay|[upkeep]
|join|just click ex
|leave|just click ex
|join|just click ex
|
|switch|p1a: Doublade|Doublade, M|322\/322
|turn|9
|
|move|p2a: Thundurus|Thunderbolt|p1a: Doublade
|-damage|p1a: Doublade|204\/322
|move|p1a: Doublade|Toxic|p2a: Thundurus
|-status|p2a: Thundurus|tox
|
|-weather|SunnyDay|[upkeep]
|-damage|p2a: Thundurus|282\/300 tox|[from] psn
|turn|10
|join|zappcap
|
|move|p2a: Thundurus|Thunderbolt|p1a: Doublade
|-damage|p1a: Doublade|74\/322
|-status|p1a: Doublade|par
|move|p1a: Doublade|Rest|p1a: Doublade
|-status|p1a: Doublade|slp
|-heal|p1a: Doublade|322\/322 slp|[silent]
|-status|p1a: Doublade|slp|[from] move: Rest
|
|-weather|none
|-heal|p2a: Thundurus|300\/300 tox|[from] item: Leftovers
|-damage|p2a: Thundurus|264\/300 tox|[from] psn
|turn|11
|leave|Nani Man
|
|switch|p1a: Celebi|Celebi|404\/404
|move|p2a: Thundurus|Taunt|p1a: Celebi
|-start|p1a: Celebi|move: Taunt
|
|-heal|p2a: Thundurus|282\/300 tox|[from] item: Leftovers
|-damage|p2a: Thundurus|228\/300 tox|[from] psn
|turn|12
|join|ShootingStarmie
|c| just click ex|heal belll
|c| just click ex|celebi
|c| just click ex|incoming
|
|switch|p1a: Tyranitar|Tyranitar, F|404\/404
|-weather|Sandstorm
|move|p2a: Thundurus|Thunder Wave|p1a: Tyranitar
|-status|p1a: Tyranitar|par
|
|-weather|Sandstorm|[upkeep]
|-damage|p2a: Thundurus|210\/300 tox|[from] sandstorm
|-heal|p2a: Thundurus|228\/300 tox|[from] item: Leftovers
|-damage|p2a: Thundurus|156\/300 tox|[from] psn
|turn|13
|c| ICNH|nb 
|c| ICNH|nb at all
|
|move|p2a: Thundurus|Taunt|p1a: Tyranitar
|-start|p1a: Tyranitar|move: Taunt
|cant|p1a: Tyranitar|move: Taunt|Stealth Rock
|
|-weather|Sandstorm|[upkeep]
|-damage|p2a: Thundurus|138\/300 tox|[from] sandstorm
|-heal|p2a: Thundurus|156\/300 tox|[from] item: Leftovers
|-damage|p2a: Thundurus|66\/300 tox|[from] psn
|turn|14
|join|jake5
|join|Brodean
|
|move|p1a: Tyranitar|Pursuit|p2a: Thundurus|[from]Pursuit
|-damage|p2a: Thundurus|0 fnt
|faint|p2a: Thundurus
|
|-weather|Sandstorm|[upkeep]
|
|switch|p2a: Gardevoir|Gardevoir, M, shiny|278\/278
|turn|15
|
|switch|p1a: Doublade|Doublade, M|322\/322 slp
|detailschange|p2a: Gardevoir|Gardevoir-Mega, M, shiny
|message|Gardevoir has Mega Evolved into Mega Gardevoir!
|move|p2a: Gardevoir|Hyper Voice|p1a: Doublade
|-resisted|p1a: Doublade
|-damage|p1a: Doublade|230\/322 slp
|
|-weather|Sandstorm|[upkeep]
|-damage|p2a: Gardevoir|261\/278|[from] sandstorm
|turn|16
|join|Nani Man
|
|move|p2a: Gardevoir|Taunt|p1a: Doublade
|-start|p1a: Doublade|move: Taunt
|cant|p1a: Doublade|slp
|cant|p1a: Doublade|move: Taunt|Sleep Talk
|
|-weather|none
|turn|17
|join|badffle
|c|+ShootingStarmie|a psychic type forcing ttar out
|c|+ShootingStarmie|lol ;;
|leave|badffle
|c| jake5|its not just any psychic type
|
|switch|p2a: Garchomp|Garchomp, F, shiny|357\/357
|cant|p1a: Doublade|slp
|
|turn|18
|
|switch|p1a: Celebi|Celebi|404\/404
|move|p2a: Garchomp|Earthquake|p1a: Celebi
|-resisted|p1a: Celebi
|-damage|p1a: Celebi|338\/404
|
|-heal|p1a: Celebi|363\/404|[from] item: Leftovers
|turn|19
|
|switch|p2a: Gardevoir|Gardevoir-Mega, M, shiny|261\/278
|move|p1a: Celebi|Heal Bell|p1a: Celebi
|-cureteam|p1a: Celebi|[from] move: HealBell
|
|-heal|p1a: Celebi|388\/404|[from] item: Leftovers
|turn|20
|raw|<div class="broadcast-blue"><b>Hi, guys! I'm gonna hotpatch the server, you may experience a tiny little bit of lag. If you do, blame it on your ISP and call them angry asking for compensation. ISPs love that.<\/b><\/div>
|
|switch|p1a: Doublade|Doublade, M|230\/322
|move|p2a: Gardevoir|Hyper Voice|p1a: Doublade
|-resisted|p1a: Doublade
|-damage|p1a: Doublade|134\/322
|
|turn|21
|leave|swagger wagon
|
|switch|p2a: Dragonite|Dragonite, F|324\/324
|move|p1a: Doublade|Gyro Ball|p2a: Dragonite
|-damage|p2a: Dragonite|251\/324
|
|turn|22
|
|switch|p1a: Tyranitar|Tyranitar, F|404\/404
|-weather|Sandstorm
|move|p2a: Dragonite|Fire Punch|p1a: Tyranitar
|-resisted|p1a: Tyranitar
|-damage|p1a: Tyranitar|357\/404
|
|-weather|Sandstorm|[upkeep]
|-damage|p2a: Dragonite|231\/324|[from] sandstorm
|-heal|p1a: Tyranitar|382\/404|[from] item: Leftovers
|turn|23
|join|Julian
|
|switch|p2a: Garchomp|Garchomp, F, shiny|357\/357
|move|p1a: Tyranitar|Stealth Rock|p2a: Garchomp
|-sidestart|p2: Invince|move: Stealth Rock
|
|-weather|Sandstorm|[upkeep]
|-heal|p1a: Tyranitar|404\/404|[from] item: Leftovers
|turn|24
|raw|<div class="broadcast-blue"><b>That's it, that was faster than expected, wasn't it? So yeah, fellas, you can now enjoy ORAS Smogon Doubles and I've tinkered with the Seasonal to make it more enjoyable. You should totally try it today and see today's team. xoxo<\/b><\/div>
|
|switch|p2a: Gardevoir|Gardevoir-Mega, M, shiny|261\/278
|-damage|p2a: Gardevoir|227\/278|[from] Stealth Rock
|switch|p1a: Celebi|Celebi|388\/404
|
|-weather|Sandstorm|[upkeep]
|-damage|p2a: Gardevoir|210\/278|[from] sandstorm
|-damage|p1a: Celebi|363\/404|[from] sandstorm
|-heal|p1a: Celebi|388\/404|[from] item: Leftovers
|turn|25
|join|theButlerdidit
|leave|theButlerdidit
|join|Gym Leader Sendrom
|
|switch|p1a: Doublade|Doublade, M|134\/322
|move|p2a: Gardevoir|Hyper Voice|p1a: Doublade
|-resisted|p1a: Doublade
|-damage|p1a: Doublade|28\/322
|
|-weather|Sandstorm|[upkeep]
|-damage|p2a: Gardevoir|193\/278|[from] sandstorm
|turn|26
|join|Gym Leader BLUEEE
|
|move|p2a: Gardevoir|Hyper Voice|p1a: Doublade
|-resisted|p1a: Doublade
|-damage|p1a: Doublade|0 fnt
|faint|p1a: Doublade
|
|-weather|none
|
|switch|p1a: Keldeo|Keldeo|323\/323
|turn|27
|leave|Brodean
|
|move|p1a: Keldeo|Hydro Pump|p2a: Gardevoir
|-damage|p2a: Gardevoir|0 fnt
|faint|p2a: Gardevoir
|
|
|switch|p2a: Garchomp|Garchomp, F, shiny|357\/357
|-damage|p2a: Garchomp|335\/357|[from] Stealth Rock
|turn|28
|
|switch|p1a: Celebi|Celebi|388\/404
|move|p2a: Garchomp|Outrage|p1a: Celebi
|-damage|p1a: Celebi|223\/404
|
|-heal|p1a: Celebi|248\/404|[from] item: Leftovers
|turn|29
|
|move|p2a: Garchomp|Outrage|p1a: Celebi
|-damage|p1a: Celebi|76\/404
|move|p1a: Celebi|Recover|p1a: Celebi
|-heal|p1a: Celebi|278\/404
|
|-end|p2a: Garchomp|rampage
|-start|p2a: Garchomp|confusion
|-heal|p1a: Celebi|303\/404|[from] item: Leftovers
|turn|30
|
|switch|p2a: Dragonite|Dragonite, F|231\/324
|-damage|p2a: Dragonite|150\/324|[from] Stealth Rock
|move|p1a: Celebi|Recover|p1a: Celebi
|-heal|p1a: Celebi|404\/404
|
|turn|31
|leave|asdfCookie
|join|asdfCookie
|c| Gym Leader Sendrom|can u imagine celebi taking an outrage?
|c| Gym Leader Sendrom|in the movie it cant even take a slap from a human
|c| just click ex|yyup
|c|@Nani Man|tfw
|
|switch|p1a: Tyranitar|Tyranitar, F|404\/404
|-weather|Sandstorm
|move|p2a: Dragonite|Earthquake|p1a: Tyranitar
|-supereffective|p1a: Tyranitar
|-damage|p1a: Tyranitar|124\/404
|
|-weather|Sandstorm|[upkeep]
|-damage|p2a: Dragonite|130\/324|[from] sandstorm
|-heal|p1a: Tyranitar|149\/404|[from] item: Leftovers
|turn|32
|c| Gym Leader Sendrom|xD
|c|@Nani Man|domage
|
|switch|p1a: Celebi|Celebi|404\/404
|move|p2a: Dragonite|Earthquake|p1a: Celebi
|-resisted|p1a: Celebi
|-damage|p1a: Celebi|334\/404
|
|-weather|Sandstorm|[upkeep]
|-damage|p2a: Dragonite|110\/324|[from] sandstorm
|-damage|p1a: Celebi|309\/404|[from] sandstorm
|-heal|p1a: Celebi|334\/404|[from] item: Leftovers
|turn|33
|
|move|p2a: Dragonite|Earthquake|p1a: Celebi
|-resisted|p1a: Celebi
|-damage|p1a: Celebi|258\/404
|move|p1a: Celebi|Recover|p1a: Celebi
|-heal|p1a: Celebi|404\/404
|
|-weather|Sandstorm|[upkeep]
|-damage|p2a: Dragonite|90\/324|[from] sandstorm
|-damage|p1a: Celebi|379\/404|[from] sandstorm
|-heal|p1a: Celebi|404\/404|[from] item: Leftovers
|turn|34
|
|switch|p2a: Garchomp|Garchomp, F, shiny|335\/357
|-damage|p2a: Garchomp|313\/357|[from] Stealth Rock
|move|p1a: Celebi|Giga Drain|p2a: Garchomp
|-damage|p2a: Garchomp|195\/357
|
|-weather|Sandstorm|[upkeep]
|-damage|p1a: Celebi|379\/404|[from] sandstorm
|-heal|p1a: Celebi|404\/404|[from] item: Leftovers
|turn|35
|
|move|p2a: Garchomp|Fire Blast|p1a: Celebi
|-supereffective|p1a: Celebi
|-damage|p1a: Celebi|252\/404
|move|p1a: Celebi|Recover|p1a: Celebi
|-heal|p1a: Celebi|404\/404
|
|-weather|none
|turn|36
|
|switch|p2a: Dragonite|Dragonite, F|90\/324
|-damage|p2a: Dragonite|9\/324|[from] Stealth Rock
|move|p1a: Celebi|Giga Drain|p2a: Dragonite
|-resisted|p2a: Dragonite
|-damage|p2a: Dragonite|0 fnt
|faint|p2a: Dragonite
|
|
|switch|p2a: Garchomp|Garchomp, F, shiny|195\/357
|-damage|p2a: Garchomp|173\/357|[from] Stealth Rock
|turn|37
|
|move|p2a: Garchomp|Outrage|p1a: Celebi
|-damage|p1a: Celebi|239\/404
|move|p1a: Celebi|Recover|p1a: Celebi
|-heal|p1a: Celebi|404\/404
|
|turn|38
|
|move|p2a: Garchomp|Outrage|p1a: Celebi
|-damage|p1a: Celebi|236\/404
|move|p1a: Celebi|Recover|p1a: Celebi
|-heal|p1a: Celebi|404\/404
|
|-end|p2a: Garchomp|rampage
|-start|p2a: Garchomp|confusion
|turn|39
|
|-activate|p2a: Garchomp|confusion
|move|p2a: Garchomp|Outrage|p1a: Celebi
|-damage|p1a: Celebi|215\/404
|move|p1a: Celebi|Giga Drain|p2a: Garchomp
|-damage|p2a: Garchomp|65\/357
|-heal|p1a: Celebi|269\/404|[from] drain|[of] p2a: Garchomp
|
|-heal|p1a: Celebi|294\/404|[from] item: Leftovers
|turn|40
|
|-end|p2a: Garchomp|confusion
|move|p2a: Garchomp|Outrage|p1a: Celebi
|-damage|p1a: Celebi|110\/404
|move|p1a: Celebi|Giga Drain|p2a: Garchomp
|-damage|p2a: Garchomp|0 fnt
|-heal|p1a: Celebi|143\/404|[from] drain|[of] p2a: Garchomp
|faint|p2a: Garchomp
|
|win|shartruce2
|c| Gym Leader Sendrom|gg
|c|âshartruce2|gg
|leave|Invince
|player|p2
|leave|Prankster
|leave|ShootingStarmie
|leave|Acrokid098
|leave|Gym Leader Sendrom
|leave|JDynasty
|leave|Nani Man
|leave|asdfCookie
|leave|gorex
|leave|BLUEE Gym Leader
|leave|Alvok
|leave|deathbored
|leave|irl cat
|leave|Qubae
|leave|dfgfh
|leave|zappcap
|leave|Julian
|leave|just click ex
|leave|Primal Gyarados
|leave|shartruce2
|player|p1
|join|Julian
|leave|Julian
|join|Acrokid098
|leave|Acrokid098