|join|shartruce2
|join|Updated Kanto
|player|p1|shartruce2|43
|player|p2|Updated Kanto|238
|gametype|singles
|gen|6
|tier|OU
|clearpoke
|poke|p1|Azumarill, M
|poke|p1|Diggersby, M
|poke|p1|Lopunny, F
|poke|p1|Celebi
|poke|p1|Heatran, F
|poke|p1|Hippowdon, F
|poke|p2|Charizard, M
|poke|p2|Starmie
|poke|p2|Ferrothorn, M
|poke|p2|Clefable, F
|poke|p2|Tornadus-Therian, M
|poke|p2|Hippowdon, M
|rule|Swagger Clause: Swagger is banned
|rule|Baton Pass Clause: Limit one PokÃ©mon knowing Baton Pass
|rule|Sleep Clause Mod: Limit one foe put to sleep
|rule|Species Clause: Limit one of each PokÃ©mon
|rule|OHKO Clause: OHKO moves are banned
|rule|Moody Clause: Moody is banned
|rule|Evasion Moves Clause: Evasion moves are banned
|rule|Endless Battle Clause: Forcing endless battles is banned
|rule|HP Percentage Mod: HP is shown in percentages
|teampreview
|join|Reud
|join|Not Canadian
|c|+Not Canadian|ok tbh
|join|Outrageous Fortune
|c|âUpdated Kanto|gl
|c|âshartruce2|gl
|join|powaa
|join|ItzGatr
|leave|Reud
|join|Reud
|
|start
|switch|p1a: Hippowdon|Hippowdon, F|419\/419
|switch|p2a: Charizard|Charizard, M|359\/359
|-weather|Sandstorm
|turn|1
|c| shartrucetwo|hello
|
|switch|p1a: Heatran|Heatran, F|386\/386
|detailschange|p2a: Charizard|Charizard-Mega-X, M
|-mega|p2a: Charizard|Charizard|Charizardite X
|move|p2a: Charizard|Will-O-Wisp|p1a: Heatran
|-start|p1a: Heatran|ability: Flash Fire
|
|-weather|Sandstorm|[upkeep]
|-damage|p2a: Charizard|337\/359|[from] sandstorm
|turn|2
|c| shartrucetwo|I like to get cteamed : )
|c|âshartruce2|:[
|c|âUpdated Kanto|good for you
|c|+Not Canadian|wow important coinflip coming up here
|c|+Not Canadian|pokemon is a game of skill.......
|join|Breeloom
|c| Breeloom|o bb
|
|switch|p1a: Hippowdon|Hippowdon, F|419\/419
|move|p2a: Charizard|Earthquake|p1a: Hippowdon
|-damage|p1a: Hippowdon|359\/419
|
|-weather|Sandstorm|[upkeep]
|-damage|p2a: Charizard|315\/359|[from] sandstorm
|-heal|p1a: Hippowdon|385\/419|[from] item: Leftovers
|turn|3
|c| Breeloom|battle of the gods.
|
|move|p2a: Charizard|Will-O-Wisp|p1a: Hippowdon
|-status|p1a: Hippowdon|brn
|move|p1a: Hippowdon|Stealth Rock|p2a: Charizard
|-sidestart|p2: Updated Kanto|move: Stealth Rock
|
|-weather|Sandstorm|[upkeep]
|-damage|p2a: Charizard|293\/359|[from] sandstorm
|-heal|p1a: Hippowdon|411\/419 brn|[from] item: Leftovers
|-damage|p1a: Hippowdon|359\/419 brn|[from] brn
|turn|4
|
|switch|p2a: Ferrothorn|Ferrothorn, M|352\/352
|-damage|p2a: Ferrothorn|330\/352|[from] Stealth Rock
|switch|p1a: Celebi|Celebi|404\/404
|
|-weather|Sandstorm|[upkeep]
|-damage|p1a: Celebi|379\/404|[from] sandstorm
|-heal|p1a: Celebi|404\/404|[from] item: Leftovers
|-heal|p2a: Ferrothorn|352\/352|[from] item: Leftovers
|turn|5
|join|Henry
|
|switch|p2a: Tornadus-Therian|Tornadus-Therian, M|333\/333
|-damage|p2a: Tornadus-Therian|250\/333|[from] Stealth Rock
|move|p1a: Celebi|Baton Pass|p1a: Celebi
|c| Henry|where the fuck is the hazard stack kanto
|c|+Not Canadian|ye tbh
|c| Henry|he has nothing for it
|
|switch|p1a: Azumarill|Azumarill, M|403\/403
|
|-weather|none
|turn|6
|c|+Not Canadian|[21:37:34] +Updated Kanto: set up hazards
|c|+Not Canadian|[21:37:37] +Updated Kanto: all over this man
|c|+Not Canadian|gdi
|c| Henry|just like how you dont have anything for band azu
|
|move|p2a: Tornadus-Therian|U-turn|p1a: Azumarill
|-resisted|p1a: Azumarill
|-damage|p1a: Azumarill|371\/403
|
|switch|p2a: Ferrothorn|Ferrothorn, M|352\/352
|-damage|p2a: Ferrothorn|330\/352|[from] Stealth Rock
|move|p1a: Azumarill|Knock Off|p2a: Ferrothorn
|-damage|p2a: Ferrothorn|230\/352
|-damage|p1a: Azumarill|321\/403|[from] ability: Iron Barbs|[of] p2a: Ferrothorn
|-enditem|p2a: Ferrothorn|Leftovers|[from] move: Knock Off|[of] p1a: Azumarill
|
|turn|7
|
|switch|p1a: Heatran|Heatran, F|386\/386
|move|p2a: Ferrothorn|Spikes|p1a: Heatran
|-sidestart|p1: shartruce2|Spikes
|
|turn|8
|join|yrs
|
|switch|p2a: Starmie|Starmie|261\/261
|-damage|p2a: Starmie|229\/261|[from] Stealth Rock
|move|p1a: Heatran|Roar|p2a: Starmie
|drag|p2a: Ferrothorn|Ferrothorn, M|230\/352
|-damage|p2a: Ferrothorn|208\/352|[from] Stealth Rock
|
|turn|9
|c|âUpdated Kanto|lol
|
|switch|p2a: Starmie|Starmie|229\/261
|-damage|p2a: Starmie|197\/261|[from] Stealth Rock
|move|p1a: Heatran|Lava Plume|p2a: Starmie
|-resisted|p2a: Starmie
|-damage|p2a: Starmie|132\/261
|
|-heal|p2a: Starmie|148\/261|[from] item: Leftovers
|turn|10
|
|switch|p1a: Celebi|Celebi|404\/404
|-damage|p1a: Celebi|354\/404|[from] Spikes
|move|p2a: Starmie|Rapid Spin|p1a: Celebi
|-crit|p1a: Celebi
|-damage|p1a: Celebi|340\/404
|-sideend|p2: Updated Kanto|Stealth Rock|[from] move: Rapid Spin|[of] p2a: Starmie
|
|-heal|p2a: Starmie|164\/261|[from] item: Leftovers
|-heal|p1a: Celebi|365\/404|[from] item: Leftovers
|turn|11
|
|switch|p2a: Tornadus-Therian|Tornadus-Therian, M|333\/333
|move|p1a: Celebi|Baton Pass|p1a: Celebi
|
|switch|p1a: Diggersby|Diggersby, M|312\/312
|-damage|p1a: Diggersby|273\/312|[from] Spikes
|
|turn|12
|
|switch|p1a: Heatran|Heatran, F|386\/386
|-damage|p1a: Heatran|338\/386|[from] Spikes
|move|p2a: Tornadus-Therian|Focus Blast|p1a: Heatran
|-supereffective|p1a: Heatran
|-damage|p1a: Heatran|122\/386
|
|-heal|p1a: Heatran|146\/386|[from] item: Leftovers
|turn|13
|join|PikachuCandy
|
|switch|p1a: Azumarill|Azumarill, M|321\/403
|-damage|p1a: Azumarill|271\/403|[from] Spikes
|move|p2a: Tornadus-Therian|Knock Off|p1a: Azumarill
|-resisted|p1a: Azumarill
|-damage|p1a: Azumarill|231\/403
|-enditem|p1a: Azumarill|Assault Vest|[from] move: Knock Off|[of] p2a: Tornadus-Therian
|
|turn|14
|leave|PikachuCandy
|
|move|p2a: Tornadus-Therian|U-turn|p1a: Azumarill
|-resisted|p1a: Azumarill
|-damage|p1a: Azumarill|202\/403
|
|switch|p2a: Ferrothorn|Ferrothorn, M|208\/352
|move|p1a: Azumarill|Waterfall|p2a: Ferrothorn
|-resisted|p2a: Ferrothorn
|-damage|p2a: Ferrothorn|152\/352
|-damage|p1a: Azumarill|152\/403|[from] ability: Iron Barbs|[of] p2a: Ferrothorn
|
|turn|15
|
|switch|p1a: Diggersby|Diggersby, M|273\/312
|-damage|p1a: Diggersby|234\/312|[from] Spikes
|move|p2a: Ferrothorn|Spikes|p1a: Diggersby
|-sidestart|p1: shartruce2|Spikes
|
|turn|16
|
|move|p1a: Diggersby|Spikes|p2a: Ferrothorn
|-sidestart|p2: Updated Kanto|Spikes
|move|p2a: Ferrothorn|Power Whip|p1a: Diggersby
|-supereffective|p1a: Diggersby
|-damage|p1a: Diggersby|0 fnt
|faint|p1a: Diggersby
|
|join|Reverb
|leave|Reverb
|join|hand relief
|
|switch|p1a: Lopunny|Lopunny, F|272\/272
|-damage|p1a: Lopunny|227\/272|[from] Spikes
|turn|17
|join|niggor monkey
|join|zaeqweqeeeqee
|leave|yrs
|
|switch|p2a: Hippowdon|Hippowdon, M|420\/420
|-damage|p2a: Hippowdon|368\/420|[from] Spikes
|-weather|Sandstorm
|detailschange|p1a: Lopunny|Lopunny-Mega, F
|-mega|p1a: Lopunny|Lopunny|Lopunnite
|move|p1a: Lopunny|Fake Out|p2a: Hippowdon
|-damage|p2a: Hippowdon|308\/420
|
|-weather|Sandstorm|[upkeep]
|-damage|p1a: Lopunny|210\/272|[from] sandstorm
|-heal|p2a: Hippowdon|334\/420|[from] item: Leftovers
|turn|18
|join|iplaytennislol
|join|Kayo
|leave|niggor monkey
|leave|iplaytennislol
|leave|Kayo
|join|dedic
|join|Lord Kuvira
|
|move|p1a: Lopunny|High Jump Kick|p2a: Hippowdon|[miss]
|-miss|p1a: Lopunny|p2a: Hippowdon
|-damage|p1a: Lopunny|74\/272|[from] highjumpkick
|move|p2a: Hippowdon|Slack Off|p2a: Hippowdon
|-heal|p2a: Hippowdon|420\/420
|
|-weather|Sandstorm|[upkeep]
|-damage|p1a: Lopunny|57\/272|[from] sandstorm
|turn|19
|
|move|p1a: Lopunny|High Jump Kick|p2a: Hippowdon
|-damage|p2a: Hippowdon|246\/420
|move|p2a: Hippowdon|Earthquake|p1a: Lopunny
|-damage|p1a: Lopunny|0 fnt
|faint|p1a: Lopunny
|
|-weather|Sandstorm|[upkeep]
|-heal|p2a: Hippowdon|272\/420|[from] item: Leftovers
|c|âshartruce2|gg
|leave|shartruce2
|c|âUpdated Kanto|gg
|player|p1
|join|fingerscrossed
|join|Druides
|leave|fingerscrossed
|leave|Breeloom
|leave|dedic
|leave|Outrageous Fortune
|leave|Druides
|c|âUpdated Kanto|fucking have to wait 3 more minutes
|join|kektus the good
|c|âUpdated Kanto|hey u
|join|req'd by crobro
|c|âUpdated Kanto|kektus
|c| Reud|you could ask him to come back and forfeit
|c| kektus the good|voic me
|c| kektus the good|ill forgeet
|c| kektus the good|forfeet
|c| ItzGatr|n
|c| ItzGatr|don't do that
|c| ItzGatr|or else kektus
|c| ItzGatr|can come up
|c| ItzGatr|in the replay
|c|âUpdated Kanto|ok
|leave|hand relief
|c| kektus the good|Ok
|c| Reud|good point
|c|âUpdated Kanto|I'll just
|c| kektus the good|he's trolling
|c|âUpdated Kanto|wait it out
|c| req'd by crobro|voice me ill win
|c| Reud|:o
|c| Reud|quite the boast!
|leave|Henry
|c|âUpdated Kanto|n-nah man
|c| Reud|okay, I'm tired of this
|c| Reud|have fun
|leave|Reud
|leave|req'd by crobro
|-message|Player 1 lost due to inactivity.
|
|win|Updated Kanto
|leave|ItzGatr
|leave|powaa
|join|Altilt