|join|shartruce2
|join|Expulso
|player|p1|shartruce2|43
|player|p2|Expulso|265
|gametype|singles
|gen|6
|tier|OU
|clearpoke
|poke|p1|Stoutland, F
|poke|p1|Cobalion
|poke|p1|Cofagrigus, M
|poke|p1|Simipour, M
|poke|p1|Bouffalant, F
|poke|p1|Lilligant, F
|poke|p2|Gyarados, M
|poke|p2|Virizion
|poke|p2|Electivire, F
|poke|p2|Grumpig, F
|poke|p2|Cloyster, F
|poke|p2|Vileplume, F
|rule|Swagger Clause: Swagger is banned
|rule|Baton Pass Clause: Limit one PokÃ©mon knowing Baton Pass
|rule|Sleep Clause Mod: Limit one foe put to sleep
|rule|Species Clause: Limit one of each PokÃ©mon
|rule|OHKO Clause: OHKO moves are banned
|rule|Moody Clause: Moody is banned
|rule|Evasion Moves Clause: Evasion moves are banned
|rule|Endless Battle Clause: Forcing endless battles is banned
|rule|HP Percentage Mod: HP is shown in percentages
|teampreview
|c|âExpulso|glhf!
|c|âshartruce2|u2
|join|SittinGamer
|join|Kableye
|leave|SittinGamer
|join|MyLittleDick
|join|the bravest birds
|join|StealthPilot
|c| the bravest birds|wait what am i doing
|c| the bravest birds|now i cant leave
|
|start
|switch|p1a: Cobalion|Cobalion|386\/386
|switch|p2a: Virizion|Virizion|324\/324
|turn|1
|leave|MyLittleDick
|join|MyLittleDick
|leave|MyLittleDick
|leave|the bravest birds
|join|Arikado
|
|switch|p1a: Cofagrigus|Cofagrigus, M|320\/320
|move|p2a: Virizion|Close Combat|p1a: Cofagrigus
|-immune|p1a: Cofagrigus|[msg]
|
|turn|2
|
|move|p2a: Virizion|Substitute|p2a: Virizion
|-start|p2a: Virizion|Substitute
|-damage|p2a: Virizion|243\/324
|move|p1a: Cofagrigus|Will-O-Wisp|p2a: Virizion
|
|turn|3
|
|move|p2a: Virizion|Swords Dance|p2a: Virizion
|-boost|p2a: Virizion|atk|2
|move|p1a: Cofagrigus|Shadow Ball|p2a: Virizion
|-activate|p2a: Virizion|Substitute|[damage]
|
|turn|4
|join|a kawaii girl
|join|Eat That Cat
|
|move|p2a: Virizion|Swords Dance|p2a: Virizion
|-boost|p2a: Virizion|atk|2
|move|p1a: Cofagrigus|Haze|p1a: Cofagrigus
|-clearallboost
|
|turn|5
|c|âExpulso|aah, nb
|
|move|p2a: Virizion|Leaf Blade|p1a: Cofagrigus
|-crit|p1a: Cofagrigus
|-damage|p1a: Cofagrigus|214\/320
|-endability|p2a: Virizion|justified|[from] Mummy
|-ability|p2a: Virizion|Mummy|[from] Mummy
|move|p1a: Cofagrigus|Shadow Ball|p2a: Virizion
|-end|p2a: Virizion|Substitute
|
|-heal|p1a: Cofagrigus|234\/320|[from] item: Leftovers
|turn|6
|c|+Arikado|lol rekt
|c| a kawaii girl|Expulso is the hottest user alive and now I take my leave, farewell. :)
|c| a kawaii girl|oh
|c| a kawaii girl|ari too
|leave|a kawaii girl
|leave|Arikado
|join|Arikado
|leave|Arikado
|c| StealthPilot|.\/nick a kawaii girl
|c| StealthPilot|imo
|join|Jack41
|
|move|p2a: Virizion|Substitute|p2a: Virizion
|-start|p2a: Virizion|Substitute
|-damage|p2a: Virizion|162\/324
|move|p1a: Cofagrigus|Shadow Ball|p2a: Virizion
|-activate|p2a: Virizion|Substitute|[damage]
|
|-heal|p1a: Cofagrigus|254\/320|[from] item: Leftovers
|turn|7
|leave|Jack41
|join|Jack41
|leave|Jack41
|
|move|p2a: Virizion|Swords Dance|p2a: Virizion
|-boost|p2a: Virizion|atk|2
|move|p1a: Cofagrigus|Shadow Ball|p2a: Virizion
|-end|p2a: Virizion|Substitute
|
|-heal|p1a: Cofagrigus|274\/320|[from] item: Leftovers
|turn|8
|join|Pu Sei Cat
|
|move|p2a: Virizion|Leaf Blade|p1a: Cofagrigus
|-damage|p1a: Cofagrigus|141\/320
|move|p1a: Cofagrigus|Haze|p1a: Cofagrigus
|-clearallboost
|
|-heal|p1a: Cofagrigus|161\/320|[from] item: Leftovers
|turn|9
|
|move|p2a: Virizion|Swords Dance|p2a: Virizion
|-boost|p2a: Virizion|atk|2
|move|p1a: Cofagrigus|Shadow Ball|p2a: Virizion
|-damage|p2a: Virizion|86\/324
|
|-heal|p1a: Cofagrigus|181\/320|[from] item: Leftovers
|turn|10
|join|Pure Demize
|
|move|p2a: Virizion|Leaf Blade|p1a: Cofagrigus
|-damage|p1a: Cofagrigus|45\/320
|move|p1a: Cofagrigus|Haze|p1a: Cofagrigus
|-clearallboost
|
|-heal|p1a: Cofagrigus|65\/320|[from] item: Leftovers
|turn|11
|join|Buceta em Boca
|leave|Buceta em Boca
|join|Buceta em Boca
|leave|Buceta em Boca
|
|switch|p1a: Bouffalant|Bouffalant, F|394\/394
|move|p2a: Virizion|Substitute|p2a: Virizion
|-start|p2a: Virizion|Substitute
|-damage|p2a: Virizion|5\/324
|
|turn|12
|leave|Pure Demize
|join|Pure Demize
|leave|Pure Demize
|join|Croven
|c| StealthPilot|the plays
|
|move|p2a: Virizion|Close Combat|p1a: Bouffalant
|-supereffective|p1a: Bouffalant
|-enditem|p1a: Bouffalant|Chople Berry|[eat]
|-damage|p1a: Bouffalant|216\/394
|-unboost|p2a: Virizion|def|1
|-unboost|p2a: Virizion|spd|1
|move|p1a: Bouffalant|Return|p2a: Virizion
|-end|p2a: Virizion|Substitute
|
|turn|13
|c| StealthPilot|can you guys both see each others teams or is that spectators only
|c|âExpulso|man i should've used salad berry
|c|âExpulso|kmaooo
|c|âExpulso|*lmao
|c|âExpulso|i got c\/td hard man
|
|switch|p1a: Cofagrigus|Cofagrigus, M|65\/320
|move|p2a: Virizion|Close Combat|p1a: Cofagrigus
|-immune|p1a: Cofagrigus|[msg]
|
|-heal|p1a: Cofagrigus|85\/320|[from] item: Leftovers
|turn|14
|c|âExpulso|chople bouff
|join|Phlipadelphia
|join|hashtag fabulous
|
|move|p2a: Virizion|Leaf Blade|p1a: Cofagrigus
|-damage|p1a: Cofagrigus|15\/320
|move|p1a: Cofagrigus|Shadow Ball|p2a: Virizion
|-damage|p2a: Virizion|0 fnt
|faint|p2a: Virizion
|
|-heal|p1a: Cofagrigus|35\/320|[from] item: Leftovers
|c| StealthPilot|lmao chople bouff new meta
|
|switch|p2a: yfw gyaravire|Electivire, F|291\/291
|turn|15
|c| StealthPilot|thats like a set made espceially for grass\/fighing types
|c| Phlipadelphia|wat does yfw mean
|leave|Croven
|join|Croven
|
|move|p2a: yfw gyaravire|Wild Charge|p1a: Cofagrigus
|-damage|p1a: Cofagrigus|0 fnt
|-endability|p2a: yfw gyaravire|motordrive|[from] Mummy
|-ability|p2a: yfw gyaravire|Mummy|[from] Mummy
|-damage|p2a: yfw gyaravire|282\/291|[from] recoil|[of] p1a: Cofagrigus
|-damage|p2a: yfw gyaravire|253\/291|[from] item: Life Orb
|faint|p1a: Cofagrigus
|
|leave|Croven
|
|switch|p1a: Cobalion|Cobalion|386\/386
|turn|16
|join|Buceta em Boca
|
|move|p2a: yfw gyaravire|Flamethrower|p1a: Cobalion
|-supereffective|p1a: Cobalion
|-damage|p1a: Cobalion|90\/386
|-damage|p2a: yfw gyaravire|224\/291|[from] item: Life Orb
|move|p1a: Cobalion|Stealth Rock|p2a: yfw gyaravire
|-sidestart|p2: Expulso|move: Stealth Rock
|
|-heal|p1a: Cobalion|114\/386|[from] item: Leftovers
|turn|17
|
|move|p2a: yfw gyaravire|Volt Switch|p1a: Cobalion
|-damage|p1a: Cobalion|0 fnt
|-damage|p2a: yfw gyaravire|195\/291|[from] item: Life Orb
|faint|p1a: Cobalion
|
|switch|p2a: Vileplume|Vileplume, F|354\/354
|-damage|p2a: Vileplume|310\/354|[from] Stealth Rock
|
|-heal|p2a: Vileplume|332\/354|[from] item: Leftovers
|
|switch|p1a: Bouffalant|Bouffalant, F|216\/394
|turn|18
|
|move|p1a: Bouffalant|Swords Dance|p1a: Bouffalant
|-boost|p1a: Bouffalant|atk|2
|move|p2a: Vileplume|Sludge Bomb|p1a: Bouffalant
|-damage|p1a: Bouffalant|65\/394
|
|-heal|p2a: Vileplume|354\/354|[from] item: Leftovers
|turn|19
|
|switch|p2a: Grumpig|Grumpig, F|364\/364
|-damage|p2a: Grumpig|319\/364|[from] Stealth Rock
|move|p1a: Bouffalant|Return|p2a: Grumpig
|-damage|p2a: Grumpig|13\/364
|
|-heal|p2a: Grumpig|35\/364|[from] item: Leftovers
|turn|20
|join|TripleTail
|
|move|p2a: Grumpig|Thunder Wave|p1a: Bouffalant
|-status|p1a: Bouffalant|par
|move|p1a: Bouffalant|Return|p2a: Grumpig
|-damage|p2a: Grumpig|0 fnt
|faint|p2a: Grumpig
|
|leave|TripleTail
|c|âExpulso|rofl
|c|âExpulso|how does that thing outspeed
|c|âExpulso|smh
|leave|Buceta em Boca
|
|switch|p2a: Vileplume|Vileplume, F|354\/354
|-damage|p2a: Vileplume|310\/354|[from] Stealth Rock
|turn|21
|c|âshartruce2|i dont have much speed investment
|c|âshartruce2|tho i shouldve invested to outspeed grumpig hm
|c|âExpulso|grumpig is surprisingly fast haha
|c|âExpulso|!dt grumpig
|c|~|\/data-pokemon Grumpig
|raw|<font size="1"><font color=#585858>Dex#:<\/font> 326&nbsp;|&ThickSpace;<font color=#585858>Height:<\/font> 0.9 m&nbsp;|&ThickSpace;<font color=#585858>Weight:<\/font> 71.5 kg <em>(80 BP)<\/em>&nbsp;|&ThickSpace;<font color=#585858>Dex Colour:<\/font> Purple&nbsp;|&ThickSpace;<font color=#585858>Egg Group(s):<\/font> Field&nbsp;|&ThickSpace;<font color=#585858><font color=#585858>Does Not Evolve<\/font><\/font><\/font>
|
|move|p2a: Vileplume|Sludge Bomb|p1a: Bouffalant
|-damage|p1a: Bouffalant|0 fnt
|faint|p1a: Bouffalant
|
|-heal|p2a: Vileplume|332\/354|[from] item: Leftovers
|
|switch|p1a: Lilligant|Lilligant, F|298\/298
|turn|22
|
|move|p1a: Lilligant|Quiver Dance|p1a: Lilligant
|-boost|p1a: Lilligant|spa|1
|-boost|p1a: Lilligant|spd|1
|-boost|p1a: Lilligant|spe|1
|move|p2a: Vileplume|Sludge Bomb|p1a: Lilligant
|-supereffective|p1a: Lilligant
|-damage|p1a: Lilligant|34\/298
|
|-heal|p1a: Lilligant|52\/298|[from] item: Leftovers
|-heal|p2a: Vileplume|354\/354|[from] item: Leftovers
|turn|23
|c| Phlipadelphia|power
|c|âshartruce2|o
|c|âshartruce2|thats strong
|c|âExpulso|strongpoke
|
|switch|p2a: yfw gyaravire|Electivire, F|195\/291
|-damage|p2a: yfw gyaravire|159\/291|[from] Stealth Rock
|move|p1a: Lilligant|Hidden Power|p2a: yfw gyaravire
|-damage|p2a: yfw gyaravire|47\/291
|
|-heal|p1a: Lilligant|70\/298|[from] item: Leftovers
|turn|24
|leave|Phlipadelphia
|
|move|p1a: Lilligant|Giga Drain|p2a: yfw gyaravire
|-damage|p2a: yfw gyaravire|0 fnt
|-heal|p1a: Lilligant|94\/298|[from] drain|[of] p2a: yfw gyaravire
|faint|p2a: yfw gyaravire
|
|-heal|p1a: Lilligant|112\/298|[from] item: Leftovers
|
|switch|p2a: Cloyster|Cloyster, F|241\/241
|-damage|p2a: Cloyster|181\/241|[from] Stealth Rock
|turn|25
|join|qwerty32123
|c|âExpulso|oml what
|c| qwerty32123|shartruce w\/ the ru team in ou
|
|move|p1a: Lilligant|Giga Drain|p2a: Cloyster
|-supereffective|p2a: Cloyster
|-damage|p2a: Cloyster|0 fnt
|-heal|p1a: Lilligant|203\/298|[from] drain|[of] p2a: Cloyster
|faint|p2a: Cloyster
|
|-heal|p1a: Lilligant|221\/298|[from] item: Leftovers
|c|âExpulso|this is for the random pokemon tour
|c|âshartruce2|this is random poke tour
|c|âExpulso|also rofl
|c|âExpulso|i thought i had ice shard
|c|âExpulso|and played this super dumb
|c|âshartruce2|o
|c|âshartruce2|:[
|
|switch|p2a: Vileplume|Vileplume, F|354\/354
|-damage|p2a: Vileplume|310\/354|[from] Stealth Rock
|turn|26
|leave|hashtag fabulous
|c|âExpulso|just need to get luckE !_!
|leave|qwerty32123
|
|move|p1a: Lilligant|Hidden Power|p2a: Vileplume
|-supereffective|p2a: Vileplume
|-damage|p2a: Vileplume|114\/354
|move|p2a: Vileplume|Sludge Bomb|p1a: Lilligant
|-supereffective|p1a: Lilligant
|-damage|p1a: Lilligant|0 fnt
|faint|p1a: Lilligant
|
|-heal|p2a: Vileplume|136\/354|[from] item: Leftovers
|c| StealthPilot|mom get the camera!!
|
|switch|p1a: Simipour|Simipour, M|291\/291
|turn|27
|
|move|p1a: Simipour|Gunk Shot|p2a: Vileplume
|-crit|p2a: Vileplume
|-damage|p2a: Vileplume|0 fnt
|faint|p2a: Vileplume
|
|c|âshartruce2|o
|c|âshartruce2|my b
|c|âExpulso|idk if that would've koed
|c|âExpulso|i was 252\/0
|
|switch|p2a: yfw gyaravire|Gyarados, M|331\/331
|-damage|p2a: yfw gyaravire|249\/331|[from] Stealth Rock
|-ability|p2a: yfw gyaravire|Intimidate|[of] p1a: Simipour
|-unboost|p1a: Simipour|atk|1
|turn|28
|c|âshartruce2|what % were you at
|c|âExpulso|38.4%
|c|âshartruce2|actually yeah you it was 34% max
|join|snicker testing
|c|âExpulso|:l
|c|âExpulso|that mattered then haha
|c|âExpulso|ah well, this is a random pokemon tour
|c|âshartruce2|yeah sry :[
|c|âshartruce2|i thought i had ice beam too lol
|
|switch|p1a: Stoutland|Stoutland, F|374\/374
|-ability|p1a: Stoutland|Intimidate|[of] p2a: yfw gyaravire
|-unboost|p2a: yfw gyaravire|atk|1
|detailschange|p2a: yfw gyaravire|Gyarados-Mega, M
|-mega|p2a: yfw gyaravire|Gyarados|Gyaradosite
|-ability|p2a: yfw gyaravire|Mold Breaker
|move|p2a: yfw gyaravire|Dragon Dance|p2a: yfw gyaravire
|-boost|p2a: yfw gyaravire|atk|1
|-boost|p2a: yfw gyaravire|spe|1
|
|turn|29
|join|Dyanna
|leave|Dyanna
|join|Dyanna
|leave|Dyanna
|c| StealthPilot|no intimidate rip
|c| StealthPilot|wait no it does have intimidate lel
|
|move|p2a: yfw gyaravire|Dragon Dance|p2a: yfw gyaravire
|-boost|p2a: yfw gyaravire|atk|1
|-boost|p2a: yfw gyaravire|spe|1
|move|p1a: Stoutland|Return|p2a: yfw gyaravire
|-damage|p2a: yfw gyaravire|105\/331
|
|turn|30
|c|âExpulso|lmao
|c|âExpulso|ok i either ko you
|c|âExpulso|or hax u back
|c| snicker testing|waterfall hacks pls
|
|move|p1a: Stoutland|Baby-Doll Eyes|p2a: yfw gyaravire
|-unboost|p2a: yfw gyaravire|atk|1
|move|p2a: yfw gyaravire|Waterfall|p1a: Stoutland
|-damage|p1a: Stoutland|172\/374
|
|-heal|p1a: Stoutland|195\/374|[from] item: Leftovers
|turn|31
|c| snicker testing|LMFAO
|c| StealthPilot|baby doll eyes
|c| snicker testing|i think attacking him was the play
|c|âExpulso|fkin
|c| StealthPilot|.............
|c|âExpulso|counterteamed
|c| Kableye|nice counter team
|c|âExpulso|lmaooo this is the best thing ever
|
|move|p1a: Stoutland|Baby-Doll Eyes|p2a: yfw gyaravire
|-unboost|p2a: yfw gyaravire|atk|1
|move|p2a: yfw gyaravire|Waterfall|p1a: Stoutland
|-damage|p1a: Stoutland|54\/374
|
|-heal|p1a: Stoutland|77\/374|[from] item: Leftovers
|turn|32
|c| snicker testing|LMFAO
|c| snicker testing|STOP
|c| StealthPilot|why is it faster
|c| snicker testing|it has priority
|c| snicker testing|for whatever reason
|
|move|p1a: Stoutland|Baby-Doll Eyes|p2a: yfw gyaravire
|-unboost|p2a: yfw gyaravire|atk|1
|move|p2a: yfw gyaravire|Dragon Dance|p2a: yfw gyaravire
|-boost|p2a: yfw gyaravire|atk|1
|-boost|p2a: yfw gyaravire|spe|1
|
|-heal|p1a: Stoutland|100\/374|[from] item: Leftovers
|turn|33
|c| StealthPilot|oh thats right lmao what a stupid move
|c|âExpulso|!dt baby-doll eyes
|c|~|\/data-move Baby-Doll Eyes
|raw|<font size="1"><font color=#585858>Priority:<\/font> 1&nbsp;|&ThickSpace;<font color=#585858><font color=black>&#10003; Blocked by Protect<\/font><\/font>&nbsp;|&ThickSpace;<font color=#585858><font color=black>&#10003; Bounceable<\/font><\/font>&nbsp;|&ThickSpace;<font color=#585858>Target:<\/font> One Adjacent Pokemon<\/font>
|c| snicker testing|what can ass lol
|c| snicker testing|an*
|c| snicker testing|he cant even pp stall
|
|move|p1a: Stoutland|Baby-Doll Eyes|p2a: yfw gyaravire
|-unboost|p2a: yfw gyaravire|atk|1
|move|p2a: yfw gyaravire|Waterfall|p1a: Stoutland
|-damage|p1a: Stoutland|0 fnt
|faint|p1a: Stoutland
|
|c| StealthPilot|too bad no roost
|c|âExpulso|lmao
|c|âExpulso|i was fire blast
|c| snicker testing|what kind of shrimp can roost?
|
|switch|p1a: Simipour|Simipour, M|291\/291
|turn|34
|c|âExpulso|for his grass types
|
|move|p2a: yfw gyaravire|Waterfall|p1a: Simipour
|-resisted|p1a: Simipour
|-damage|p1a: Simipour|223\/291
|move|p1a: Simipour|Low Kick|p2a: yfw gyaravire
|-supereffective|p2a: yfw gyaravire
|-damage|p2a: yfw gyaravire|0 fnt
|faint|p2a: yfw gyaravire
|
|win|shartruce2
|c| snicker testing|bruh
|c|âshartruce2|sorry bout hax
|c|âExpulso|np
|c|âshartruce2|gg
|leave|snicker testing
|c|âExpulso|gg!
|c|âExpulso|check r2 thread