|join|shartruce2
|join|CherubAgent
|player|p1|shartruce2|43
|player|p2|CherubAgent|80
|gametype|singles
|gen|6
|tier|OU
|clearpoke
|poke|p1|Accelgor, F
|poke|p1|Sceptile, F
|poke|p1|Jellicent, F
|poke|p1|Nidoking, M
|poke|p1|Jirachi
|poke|p1|Tyranitar, M
|poke|p2|Sableye, F
|poke|p2|Tentacruel, F
|poke|p2|Chesnaught, F
|poke|p2|Aromatisse, M
|poke|p2|Bronzong
|poke|p2|Serperior, M
|rule|Swagger Clause: Swagger is banned
|rule|Baton Pass Clause: Limit one PokÃ©mon knowing Baton Pass
|rule|Sleep Clause Mod: Limit one foe put to sleep
|rule|Species Clause: Limit one of each PokÃ©mon
|rule|OHKO Clause: OHKO moves are banned
|rule|Moody Clause: Moody is banned
|rule|Evasion Moves Clause: Evasion moves are banned
|rule|Endless Battle Clause: Forcing endless battles is banned
|rule|HP Percentage Mod: HP is shown in percentages
|teampreview
|c|âCherubAgent|hf gl :)
|c|âshartruce2|u 2 :]
|
|start
|switch|p1a: Nidoking|Nidoking, M|304\/304
|switch|p2a: Sableye|Sableye, F|304\/304
|turn|1
|
|detailschange|p2a: Sableye|Sableye-Mega, F
|-mega|p2a: Sableye|Sableye|Sablenite
|move|p2a: Sableye|Will-O-Wisp|p1a: Nidoking
|-status|p1a: Nidoking|brn
|move|p1a: Nidoking|Earth Power|p2a: Sableye
|-damage|p2a: Sableye|101\/304
|
|-damage|p1a: Nidoking|266\/304 brn|[from] brn
|turn|2
|
|switch|p2a: ru2|Bronzong|337\/337
|move|p1a: Nidoking|Earth Power|p2a: ru2
|-immune|p2a: ru2|[msg]
|
|-damage|p1a: Nidoking|228\/304 brn|[from] brn
|turn|3
|
|move|p1a: Nidoking|Stealth Rock|p2a: ru2
|-sidestart|p2: CherubAgent|move: Stealth Rock
|move|p2a: ru2|Stealth Rock|p1a: Nidoking
|-sidestart|p1: shartruce2|move: Stealth Rock
|
|-damage|p1a: Nidoking|190\/304 brn|[from] brn
|turn|4
|
|switch|p1a: Jellicent|Jellicent, F|403\/403
|-damage|p1a: Jellicent|353\/403|[from] Stealth Rock
|move|p2a: ru2|Protect|p2a: ru2
|-fail|p2a: ru2
|
|-heal|p1a: Jellicent|378\/403|[from] item: Leftovers
|turn|5
|
|move|p1a: Jellicent|Scald|p2a: ru2
|-damage|p2a: ru2|279\/337
|-status|p2a: ru2|brn
|move|p2a: ru2|Toxic|p1a: Jellicent
|-status|p1a: Jellicent|tox
|
|-heal|p1a: Jellicent|403\/403 tox|[from] item: Leftovers
|-heal|p2a: ru2|300\/337 brn|[from] item: Leftovers
|-damage|p1a: Jellicent|378\/403 tox|[from] psn
|-damage|p2a: ru2|258\/337 brn|[from] brn
|turn|6
|
|switch|p2a: ru1|Aromatisse, M|405\/405
|-damage|p2a: ru1|355\/405|[from] Stealth Rock
|move|p1a: Jellicent|Scald|p2a: ru1
|-damage|p2a: ru1|256\/405
|-status|p2a: ru1|brn
|
|-heal|p1a: Jellicent|403\/403 tox|[from] item: Leftovers
|-heal|p2a: ru1|281\/405 brn|[from] item: Leftovers
|-damage|p1a: Jellicent|353\/403 tox|[from] psn
|-damage|p2a: ru1|231\/405 brn|[from] brn
|turn|7
|
|switch|p1a: Jirachi|Jirachi|341\/341
|-damage|p1a: Jirachi|320\/341|[from] Stealth Rock
|move|p2a: ru1|Wish|p2a: ru1
|
|-heal|p2a: ru1|256\/405 brn|[from] item: Leftovers
|-damage|p2a: ru1|206\/405 brn|[from] brn
|turn|8
|
|move|p2a: ru1|Protect|p2a: ru1
|-singleturn|p2a: ru1|Protect
|move|p1a: Jirachi|Iron Head|p2a: ru1
|-activate|p2a: ru1|Protect
|
|-heal|p2a: ru1|405\/405 brn|[from] move: Wish|[wisher] ru1
|-damage|p2a: ru1|355\/405 brn|[from] brn
|turn|9
|
|switch|p2a: uu2|Chesnaught, F|380\/380
|-damage|p2a: uu2|357\/380|[from] Stealth Rock
|move|p1a: Jirachi|Iron Head|p2a: uu2
|-damage|p2a: uu2|287\/380
|
|-heal|p2a: uu2|310\/380|[from] item: Leftovers
|turn|10
|
|switch|p1a: Accelgor|Accelgor, F|363\/363
|-damage|p1a: Accelgor|273\/363|[from] Stealth Rock
|move|p2a: uu2|Leech Seed|p1a: Accelgor
|-start|p1a: Accelgor|move: Leech Seed
|
|-heal|p2a: uu2|333\/380|[from] item: Leftovers
|-damage|p1a: Accelgor|228\/363|[from] Leech Seed|[of] p2a: uu2
|-heal|p2a: uu2|378\/380|[silent]
|turn|11
|
|switch|p2a: ru1|Aromatisse, M|355\/405 brn
|-damage|p2a: ru1|305\/405 brn|[from] Stealth Rock
|move|p1a: Accelgor|Bug Buzz|p2a: ru1
|-resisted|p2a: ru1
|-damage|p2a: ru1|249\/405 brn
|-unboost|p2a: ru1|spd|1
|
|-heal|p2a: ru1|274\/405 brn|[from] item: Leftovers
|-damage|p1a: Accelgor|183\/363|[from] Leech Seed|[of] p2a: ru1
|-heal|p2a: ru1|319\/405 brn|[silent]
|-damage|p2a: ru1|269\/405 brn|[from] brn
|turn|12
|c|âCherubAgent|dude mind if i put on timer?
|
|move|p1a: Accelgor|Spikes|p2a: ru1
|-sidestart|p2: CherubAgent|Spikes
|move|p2a: ru1|Heal Bell|p2a: ru1
|-cureteam|p2a: ru1|[from] move: HealBell
|
|-heal|p2a: ru1|294\/405|[from] item: Leftovers
|-damage|p1a: Accelgor|138\/363|[from] Leech Seed|[of] p2a: ru1
|-heal|p2a: ru1|339\/405|[silent]
|turn|13
|c|âshartruce2|sorry im lagging
|c|âshartruce2|but sure
|c|âCherubAgent|oh ok then no
|
|move|p1a: Accelgor|Encore|p2a: ru1
|-fail|p2a: ru1
|move|p2a: ru1|Wish|p2a: ru1
|
|-heal|p2a: ru1|364\/405|[from] item: Leftovers
|-damage|p1a: Accelgor|93\/363|[from] Leech Seed|[of] p2a: ru1
|-heal|p2a: ru1|405\/405|[silent]
|turn|14
|c|âCherubAgent|aroma veil :P
|c|âshartruce2|yea forgot encore doesnt work
|
|switch|p1a: Jirachi|Jirachi|320\/341
|-damage|p1a: Jirachi|299\/341|[from] Stealth Rock
|switch|p2a: Sableye|Sableye-Mega, F|101\/304
|-damage|p2a: Sableye|63\/304|[from] Stealth Rock
|-damage|p2a: Sableye|25\/304|[from] Spikes
|
|-heal|p2a: Sableye|227\/304|[from] move: Wish|[wisher] ru1
|turn|15
|
|move|p1a: Jirachi|U-turn|p2a: Sableye
|-damage|p2a: Sableye|184\/304
|
|switch|p1a: Nidoking|Nidoking, M|190\/304 brn
|-damage|p1a: Nidoking|171\/304 brn|[from] Stealth Rock
|move|p2a: Sableye|Will-O-Wisp|p1a: Nidoking
|-fail|p1a: Nidoking|brn
|
|-damage|p1a: Nidoking|133\/304 brn|[from] brn
|turn|16
|
|switch|p2a: ru2|Bronzong|258\/337
|-damage|p2a: ru2|237\/337|[from] Stealth Rock
|move|p1a: Nidoking|Thunderbolt|p2a: ru2
|-damage|p2a: ru2|140\/337
|
|-heal|p2a: ru2|161\/337|[from] item: Leftovers
|-damage|p1a: Nidoking|95\/304 brn|[from] brn
|turn|17
|
|move|p2a: ru2|Protect|p2a: ru2
|-singleturn|p2a: ru2|Protect
|move|p1a: Nidoking|Thunderbolt|p2a: ru2
|-activate|p2a: ru2|Protect
|
|-heal|p2a: ru2|182\/337|[from] item: Leftovers
|-damage|p1a: Nidoking|57\/304 brn|[from] brn
|turn|18
|
|switch|p2a: ru1|Aromatisse, M|405\/405
|-damage|p2a: ru1|355\/405|[from] Stealth Rock
|-damage|p2a: ru1|305\/405|[from] Spikes
|move|p1a: Nidoking|Thunderbolt|p2a: ru1
|-damage|p2a: ru1|144\/405
|
|-heal|p2a: ru1|169\/405|[from] item: Leftovers
|-damage|p1a: Nidoking|19\/304 brn|[from] brn
|turn|19
|
|switch|p1a: Jirachi|Jirachi|299\/341
|-damage|p1a: Jirachi|278\/341|[from] Stealth Rock
|move|p2a: ru1|Protect|p2a: ru1
|-fail|p2a: ru1
|
|-heal|p2a: ru1|194\/405|[from] item: Leftovers
|turn|20
|
|move|p2a: ru1|Protect|p2a: ru1
|-singleturn|p2a: ru1|Protect
|move|p1a: Jirachi|Iron Head|p2a: ru1
|-activate|p2a: ru1|Protect
|
|-heal|p2a: ru1|219\/405|[from] item: Leftovers
|turn|21
|
|switch|p2a: uu2|Chesnaught, F|378\/380
|-damage|p2a: uu2|331\/380|[from] Spikes
|-damage|p2a: uu2|308\/380|[from] Stealth Rock
|move|p1a: Jirachi|Iron Head|p2a: uu2
|-damage|p2a: uu2|229\/380
|
|-heal|p2a: uu2|252\/380|[from] item: Leftovers
|turn|22
|
|switch|p1a: Sceptile|Sceptile, F|281\/281
|-damage|p1a: Sceptile|246\/281|[from] Stealth Rock
|move|p2a: uu2|Spikes|p1a: Sceptile
|-sidestart|p1: shartruce2|Spikes
|
|-heal|p2a: uu2|275\/380|[from] item: Leftovers
|turn|23
|
|switch|p2a: ru2|Bronzong|182\/337
|-damage|p2a: ru2|161\/337|[from] Stealth Rock
|detailschange|p1a: Sceptile|Sceptile-Mega, F
|-mega|p1a: Sceptile|Sceptile|Sceptilite
|move|p1a: Sceptile|Hidden Power|p2a: ru2
|-supereffective|p2a: ru2
|-damage|p2a: ru2|65\/337
|
|-heal|p2a: ru2|86\/337|[from] item: Leftovers
|turn|24
|
|switch|p1a: Tyranitar|Tyranitar, M|341\/341
|-damage|p1a: Tyranitar|299\/341|[from] Stealth Rock
|-damage|p1a: Tyranitar|257\/341|[from] Spikes
|-weather|Sandstorm
|move|p2a: ru2|Protect|p2a: ru2
|-fail|p2a: ru2
|
|-weather|Sandstorm|[upkeep]
|-heal|p2a: ru2|107\/337|[from] item: Leftovers
|turn|25
|
|move|p2a: ru2|Protect|p2a: ru2
|-singleturn|p2a: ru2|Protect
|move|p1a: Tyranitar|Pursuit|p2a: ru2
|-activate|p2a: ru2|Protect
|
|-weather|Sandstorm|[upkeep]
|-heal|p2a: ru2|128\/337|[from] item: Leftovers
|turn|26
|
|move|p1a: Tyranitar|Pursuit|p2a: ru2
|-crit|p2a: ru2
|-supereffective|p2a: ru2
|-damage|p2a: ru2|0 fnt
|faint|p2a: ru2
|
|-weather|Sandstorm|[upkeep]
|
|switch|p2a: uu2|Chesnaught, F|275\/380
|-damage|p2a: uu2|228\/380|[from] Spikes
|-damage|p2a: uu2|205\/380|[from] Stealth Rock
|turn|27
|
|switch|p1a: Accelgor|Accelgor, F|93\/363
|-damage|p1a: Accelgor|48\/363|[from] Spikes
|-damage|p1a: Accelgor|0 fnt|[from] Stealth Rock
|faint|p1a: Accelgor
|move|p2a: uu2|Drain Punch|p1: Accelgor|[notarget]
|-notarget
|
|-weather|Sandstorm|[upkeep]
|-damage|p2a: uu2|182\/380|[from] sandstorm
|-heal|p2a: uu2|205\/380|[from] item: Leftovers
|
|switch|p1a: Sceptile|Sceptile-Mega, F|246\/281
|-damage|p1a: Sceptile|211\/281|[from] Stealth Rock
|-damage|p1a: Sceptile|176\/281|[from] Spikes
|turn|28
|
|move|p2a: uu2|Spiky Shield|p2a: uu2
|-singleturn|p2a: uu2|move: Protect
|move|p1a: Sceptile|Hidden Power|p2a: uu2
|-activate|p2a: uu2|move: Protect
|
|-weather|none
|-heal|p2a: uu2|228\/380|[from] item: Leftovers
|turn|29
|
|move|p1a: Sceptile|Hidden Power|p2a: uu2
|-supereffective|p2a: uu2
|-damage|p2a: uu2|40\/380
|move|p2a: uu2|Drain Punch|p1a: Sceptile
|-damage|p1a: Sceptile|50\/281
|-heal|p2a: uu2|103\/380|[from] drain|[of] p1a: Sceptile
|
|-heal|p2a: uu2|126\/380|[from] item: Leftovers
|turn|30
|
|move|p2a: uu2|Spiky Shield|p2a: uu2
|-singleturn|p2a: uu2|move: Protect
|move|p1a: Sceptile|Hidden Power|p2a: uu2
|-activate|p2a: uu2|move: Protect
|
|-heal|p2a: uu2|149\/380|[from] item: Leftovers
|turn|31
|
|switch|p2a: uu1|Tentacruel, F|363\/363
|-damage|p2a: uu1|318\/363|[from] Stealth Rock
|-damage|p2a: uu1|273\/363|[from] Spikes
|move|p1a: Sceptile|Hidden Power|p2a: uu1
|-resisted|p2a: uu1
|-damage|p2a: uu1|249\/363
|
|-heal|p2a: uu1|271\/363|[from] item: Black Sludge
|turn|32
|
|move|p1a: Sceptile|Earthquake|p2a: uu1
|-supereffective|p2a: uu1
|-damage|p2a: uu1|37\/363
|move|p2a: uu1|Rapid Spin|p1a: Sceptile
|-damage|p1a: Sceptile|36\/281
|-sideend|p2: CherubAgent|Spikes|[from] move: Rapid Spin|[of] p2a: uu1
|-sideend|p2: CherubAgent|Stealth Rock|[from] move: Rapid Spin|[of] p2a: uu1
|
|-heal|p2a: uu1|59\/363|[from] item: Black Sludge
|turn|33
|
|move|p1a: Sceptile|Earthquake|p2a: uu1
|-supereffective|p2a: uu1
|-damage|p2a: uu1|0 fnt
|faint|p2a: uu1
|
|
|switch|p2a: ru1|Aromatisse, M|219\/405
|turn|34
|
|move|p1a: Sceptile|Leaf Storm|p2a: ru1
|-damage|p2a: ru1|0 fnt
|-unboost|p1a: Sceptile|spa|2
|faint|p2a: ru1
|
|
|switch|p2a: nu|Serperior, M|291\/291
|turn|35
|
|switch|p1a: Nidoking|Nidoking, M|19\/304 brn
|-damage|p1a: Nidoking|0 fnt|[from] Stealth Rock
|faint|p1a: Nidoking
|move|p2a: nu|Leaf Storm|p1: Nidoking|[notarget]
|-notarget
|
|
|switch|p1a: Jirachi|Jirachi|278\/341
|-damage|p1a: Jirachi|236\/341|[from] Spikes
|-damage|p1a: Jirachi|215\/341|[from] Stealth Rock
|turn|36
|
|switch|p2a: Sableye|Sableye-Mega, F|184\/304
|move|p1a: Jirachi|Fire Punch|p2a: Sableye
|-damage|p2a: Sableye|140\/304
|-status|p2a: Sableye|brn
|
|-damage|p2a: Sableye|102\/304 brn|[from] brn
|turn|37
|
|switch|p1a: Tyranitar|Tyranitar, M|257\/341
|-damage|p1a: Tyranitar|215\/341|[from] Spikes
|-damage|p1a: Tyranitar|173\/341|[from] Stealth Rock
|-weather|Sandstorm
|move|p2a: Sableye|Recover|p2a: Sableye
|-heal|p2a: Sableye|254\/304 brn
|
|-weather|Sandstorm|[upkeep]
|-damage|p2a: Sableye|235\/304 brn|[from] sandstorm
|-damage|p2a: Sableye|197\/304 brn|[from] brn
|turn|38
|
|move|p1a: Tyranitar|Crunch|p2a: Sableye
|-damage|p2a: Sableye|104\/304 brn
|-unboost|p2a: Sableye|def|1
|move|p2a: Sableye|Recover|p2a: Sableye
|-heal|p2a: Sableye|256\/304 brn
|
|-weather|Sandstorm|[upkeep]
|-damage|p2a: Sableye|237\/304 brn|[from] sandstorm
|-damage|p2a: Sableye|199\/304 brn|[from] brn
|turn|39
|
|move|p1a: Tyranitar|Crunch|p2a: Sableye
|-damage|p2a: Sableye|63\/304 brn
|move|p2a: Sableye|Will-O-Wisp|p1a: Tyranitar|[miss]
|-miss|p2a: Sableye|p1a: Tyranitar
|
|-weather|Sandstorm|[upkeep]
|-damage|p2a: Sableye|44\/304 brn|[from] sandstorm
|-damage|p2a: Sableye|6\/304 brn|[from] brn
|turn|40
|c|âshartruce2|ok
|c|âshartruce2|sorry :[
|c|âCherubAgent|lol gg
|c|âCherubAgent|nvm
|
|move|p1a: Tyranitar|Crunch|p2a: Sableye
|-damage|p2a: Sableye|0 fnt
|faint|p2a: Sableye
|
|-weather|Sandstorm|[upkeep]
|
|switch|p2a: uu2|Chesnaught, F|149\/380
|turn|41
|
|switch|p1a: Sceptile|Sceptile-Mega, F|36\/281
|-damage|p1a: Sceptile|1\/281|[from] Stealth Rock
|-damage|p1a: Sceptile|0 fnt|[from] Spikes
|faint|p1a: Sceptile
|move|p2a: uu2|Leech Seed|p1: Sceptile|[notarget]
|-notarget
|
|-weather|none
|-heal|p2a: uu2|172\/380|[from] item: Leftovers
|join|Kushalos
|
|switch|p1a: Jellicent|Jellicent, F|353\/403 tox
|-damage|p1a: Jellicent|303\/403 tox|[from] Spikes
|-damage|p1a: Jellicent|253\/403 tox|[from] Stealth Rock
|turn|42
|
|move|p2a: uu2|Leech Seed|p1a: Jellicent
|-start|p1a: Jellicent|move: Leech Seed
|move|p1a: Jellicent|Will-O-Wisp|p2a: uu2
|-status|p2a: uu2|brn
|
|-heal|p2a: uu2|195\/380 brn|[from] item: Leftovers
|-heal|p1a: Jellicent|278\/403 tox|[from] item: Leftovers
|-damage|p1a: Jellicent|228\/403 tox|[from] Leech Seed|[of] p2a: uu2
|-heal|p2a: uu2|245\/380 brn|[silent]
|-damage|p2a: uu2|198\/380 brn|[from] brn
|-damage|p1a: Jellicent|203\/403 tox|[from] psn
|turn|43
|c|+Kushalos|is this for a tour where you have to use NU RU UU mons?
|c|âshartruce2|yea
|c|+Kushalos|but isnt serperior
|c|+Kushalos|banned from NU
|
|switch|p1a: Tyranitar|Tyranitar, M|173\/341
|-damage|p1a: Tyranitar|131\/341|[from] Stealth Rock
|-damage|p1a: Tyranitar|89\/341|[from] Spikes
|-weather|Sandstorm
|move|p2a: uu2|Spikes|p1a: Tyranitar
|-sidestart|p1: shartruce2|Spikes
|
|-weather|Sandstorm|[upkeep]
|-damage|p2a: uu2|175\/380 brn|[from] sandstorm
|-heal|p2a: uu2|198\/380 brn|[from] item: Leftovers
|-damage|p2a: uu2|151\/380 brn|[from] brn
|turn|44
|c|âCherubAgent|frozen tiers for rr1
|c|âshartruce2|round started before it was i think
|c|+Kushalos|o
|c|+Kushalos|ok
|
|move|p1a: Tyranitar|Superpower|p2a: uu2
|-damage|p2a: uu2|65\/380 brn
|-unboost|p1a: Tyranitar|atk|1
|-unboost|p1a: Tyranitar|def|1
|move|p2a: uu2|Drain Punch|p1a: Tyranitar
|-supereffective|p1a: Tyranitar
|-damage|p1a: Tyranitar|0 fnt
|-heal|p2a: uu2|110\/380 brn|[from] drain|[of] p1a: Tyranitar
|faint|p1a: Tyranitar
|
|-weather|Sandstorm|[upkeep]
|-damage|p2a: uu2|87\/380 brn|[from] sandstorm
|-heal|p2a: uu2|110\/380 brn|[from] item: Leftovers
|-damage|p2a: uu2|63\/380 brn|[from] brn
|
|switch|p1a: Jirachi|Jirachi|215\/341
|-damage|p1a: Jirachi|194\/341|[from] Stealth Rock
|-damage|p1a: Jirachi|138\/341|[from] Spikes
|turn|45
|c|âCherubAgent|huh
|c|âCherubAgent|i might have a chance
|c|âshartruce2|yea
|
|move|p2a: uu2|Spiky Shield|p2a: uu2
|-singleturn|p2a: uu2|move: Protect
|move|p1a: Jirachi|Fire Punch|p2a: uu2
|-activate|p2a: uu2|move: Protect
|-damage|p1a: Jirachi|96\/341|[from] Spiky Shield|[of] p2a: uu2
|
|-weather|Sandstorm|[upkeep]
|-damage|p2a: uu2|40\/380 brn|[from] sandstorm
|-heal|p2a: uu2|63\/380 brn|[from] item: Leftovers
|-damage|p2a: uu2|16\/380 brn|[from] brn
|turn|46
|
|move|p2a: uu2|Spiky Shield|p2a: uu2
|-singleturn|p2a: uu2|move: Protect
|move|p1a: Jirachi|Fire Punch|p2a: uu2
|-activate|p2a: uu2|move: Protect
|-damage|p1a: Jirachi|54\/341|[from] Spiky Shield|[of] p2a: uu2
|
|-weather|Sandstorm|[upkeep]
|-damage|p2a: uu2|0 fnt|[from] sandstorm
|faint|p2a: uu2
|c|âshartruce2|ok yea gg
|join|Orda-Y
|c|âCherubAgent|gg man
|c|âshartruce2|p fun game
|
|switch|p2a: nu|Serperior, M|291\/291
|turn|47
|c|âCherubAgent|yeah
|c|âCherubAgent|i liked the tour rules
|
|move|p1a: Jirachi|Fire Punch|p2a: nu
|-supereffective|p2a: nu
|-damage|p2a: nu|123\/291
|-status|p2a: nu|brn
|move|p2a: nu|Hidden Power|p1a: Jirachi
|-supereffective|p1a: Jirachi
|-damage|p1a: Jirachi|0 fnt
|faint|p1a: Jirachi
|
|-weather|none
|-heal|p2a: nu|141\/291 brn|[from] item: Leftovers
|-damage|p2a: nu|105\/291 brn|[from] brn
|c| Orda-Y|whenever I see jelly I gotta check if it's uu or gen5
|
|switch|p1a: Jellicent|Jellicent, F|203\/403 tox
|-damage|p1a: Jellicent|136\/403 tox|[from] Spikes
|-damage|p1a: Jellicent|86\/403 tox|[from] Stealth Rock
|turn|48
|join|Murkrow Jupiter
|
|move|p2a: nu|Leaf Storm|p1a: Jellicent
|-supereffective|p1a: Jellicent
|-damage|p1a: Jellicent|0 fnt
|-boost|p2a: nu|spa|2
|faint|p1a: Jellicent
|
|win|CherubAgent
|c|âshartruce2|gg