|join|shartruce2
|join|GoodNicksAreGone
|player|p1|shartruce2|43
|player|p2|GoodNicksAreGone|1
|gametype|singles
|gen|6
|tier|OU (suspect test)
|rated
|clearpoke
|poke|p1|Azumarill, M
|poke|p1|Diggersby, M
|poke|p1|Lopunny, F
|poke|p1|Celebi
|poke|p1|Heatran, M
|poke|p1|Hippowdon, M
|poke|p2|Conkeldurr, M
|poke|p2|Rotom-Wash
|poke|p2|Heatran, M
|poke|p2|Venusaur, F
|poke|p2|Landorus-Therian, M
|poke|p2|Latios, M
|rule|Swagger Clause: Swagger is banned
|rule|Baton Pass Clause: Limit one PokÃ©mon knowing Baton Pass
|rule|Sleep Clause Mod: Limit one foe put to sleep
|rule|Species Clause: Limit one of each PokÃ©mon
|rule|OHKO Clause: OHKO moves are banned
|rule|Moody Clause: Moody is banned
|rule|Evasion Moves Clause: Evasion moves are banned
|rule|Endless Battle Clause: Forcing endless battles is banned
|rule|HP Percentage Mod: HP is shown in percentages
|teampreview
|
|start
|switch|p1a: Lopunny|Lopunny, F|272\/272
|switch|p2a: Rotom-Wash|Rotom-Wash|304\/304
|turn|1
|
|detailschange|p1a: Lopunny|Lopunny-Mega, F
|-mega|p1a: Lopunny|Lopunny|Lopunnite
|move|p1a: Lopunny|Fake Out|p2a: Rotom-Wash
|-damage|p2a: Rotom-Wash|256\/304
|cant|p2a: Rotom-Wash|flinch
|
|-heal|p2a: Rotom-Wash|275\/304|[from] item: Leftovers
|turn|2
|
|switch|p1a: Celebi|Celebi|404\/404
|move|p2a: Rotom-Wash|Hydro Pump|p1a: Celebi|[miss]
|-miss|p2a: Rotom-Wash|p1a: Celebi
|
|-heal|p2a: Rotom-Wash|294\/304|[from] item: Leftovers
|turn|3
|
|move|p1a: Celebi|Giga Drain|p2a: Rotom-Wash
|-supereffective|p2a: Rotom-Wash
|-damage|p2a: Rotom-Wash|120\/304
|move|p2a: Rotom-Wash|Volt Switch|p1a: Celebi
|-resisted|p1a: Celebi
|-damage|p1a: Celebi|362\/404
|
|switch|p2a: Venusaur|Venusaur, F|363\/363
|
|-heal|p1a: Celebi|387\/404|[from] item: Leftovers
|turn|4
|
|detailschange|p2a: Venusaur|Venusaur-Mega, F
|-mega|p2a: Venusaur|Venusaur|Venusaurite
|move|p1a: Celebi|Baton Pass|p1a: Celebi
|
|switch|p1a: Heatran|Heatran, M|386\/386
|move|p2a: Venusaur|Leech Seed|p1a: Heatran
|-start|p1a: Heatran|move: Leech Seed
|
|-damage|p1a: Heatran|338\/386|[from] Leech Seed|[of] p2a: Venusaur
|turn|5
|
|switch|p2a: Landorus-Therian|Landorus-Therian, M|319\/319
|-ability|p2a: Landorus-Therian|Intimidate|[of] p1a: Heatran
|-unboost|p1a: Heatran|atk|1
|move|p1a: Heatran|Stealth Rock|p2a: Landorus-Therian
|-sidestart|p2: GoodNicksAreGone|move: Stealth Rock
|
|-heal|p1a: Heatran|362\/386|[from] item: Leftovers
|-damage|p1a: Heatran|314\/386|[from] Leech Seed|[of] p2a: Landorus-Therian
|turn|6
|
|switch|p1a: Hippowdon|Hippowdon, M|419\/419
|-weather|Sandstorm
|move|p2a: Landorus-Therian|Stealth Rock|p1a: Hippowdon
|-sidestart|p1: shartruce2|move: Stealth Rock
|
|-weather|Sandstorm|[upkeep]
|turn|7
|join|Cosine180
|
|switch|p2a: Rotom-Wash|Rotom-Wash|120\/304
|-damage|p2a: Rotom-Wash|82\/304|[from] Stealth Rock
|move|p1a: Hippowdon|Roar|p2a: Rotom-Wash
|drag|p2a: Venusaur|Venusaur-Mega, F|363\/363
|-damage|p2a: Venusaur|318\/363|[from] Stealth Rock
|
|-weather|Sandstorm|[upkeep]
|-damage|p2a: Venusaur|296\/363|[from] sandstorm
|turn|8
|
|switch|p1a: Celebi|Celebi|387\/404
|-damage|p1a: Celebi|337\/404|[from] Stealth Rock
|move|p2a: Venusaur|Sludge Bomb|p1a: Celebi
|-supereffective|p1a: Celebi
|-damage|p1a: Celebi|29\/404
|
|-weather|Sandstorm|[upkeep]
|-damage|p1a: Celebi|4\/404|[from] sandstorm
|-damage|p2a: Venusaur|274\/363|[from] sandstorm
|-heal|p1a: Celebi|29\/404|[from] item: Leftovers
|turn|9
|
|move|p1a: Celebi|Baton Pass|p1a: Celebi
|
|switch|p1a: Heatran|Heatran, M|314\/386
|-damage|p1a: Heatran|266\/386|[from] Stealth Rock
|move|p2a: Venusaur|Sludge Bomb|p1a: Heatran
|-immune|p1a: Heatran|[msg]
|
|-weather|Sandstorm|[upkeep]
|-damage|p2a: Venusaur|252\/363|[from] sandstorm
|-heal|p1a: Heatran|290\/386|[from] item: Leftovers
|turn|10
|
|switch|p2a: Heatran|Heatran, M|323\/323
|-damage|p2a: Heatran|283\/323|[from] Stealth Rock
|move|p1a: Heatran|Taunt|p2a: Heatran
|-start|p2a: Heatran|move: Taunt
|
|-weather|none
|-heal|p2a: Heatran|303\/323|[from] item: Leftovers
|-heal|p1a: Heatran|314\/386|[from] item: Leftovers
|turn|11
|join|doughboy
|
|switch|p1a: Azumarill|Azumarill, M|403\/403
|-damage|p1a: Azumarill|353\/403|[from] Stealth Rock
|move|p2a: Heatran|Earth Power|p1a: Azumarill
|-damage|p1a: Azumarill|260\/403
|
|-heal|p2a: Heatran|323\/323|[from] item: Leftovers
|turn|12
|
|switch|p1a: Heatran|Heatran, M|314\/386
|-damage|p1a: Heatran|266\/386|[from] Stealth Rock
|move|p2a: Heatran|Flash Cannon|p1a: Heatran
|-resisted|p1a: Heatran
|-damage|p1a: Heatran|236\/386
|
|-heal|p1a: Heatran|260\/386|[from] item: Leftovers
|turn|13
|
|switch|p1a: Hippowdon|Hippowdon, M|419\/419
|-damage|p1a: Hippowdon|393\/419|[from] Stealth Rock
|-weather|Sandstorm
|move|p2a: Heatran|Earth Power|p1a: Hippowdon
|-damage|p1a: Hippowdon|254\/419
|
|-weather|Sandstorm|[upkeep]
|-heal|p1a: Hippowdon|280\/419|[from] item: Leftovers
|-end|p2a: Heatran|move: Taunt
|turn|14
|
|switch|p2a: Rotom-Wash|Rotom-Wash|82\/304
|-damage|p2a: Rotom-Wash|44\/304|[from] Stealth Rock
|move|p1a: Hippowdon|Slack Off|p1a: Hippowdon
|-heal|p1a: Hippowdon|419\/419
|
|-weather|Sandstorm|[upkeep]
|-damage|p2a: Rotom-Wash|25\/304|[from] sandstorm
|-heal|p2a: Rotom-Wash|44\/304|[from] item: Leftovers
|turn|15
|
|switch|p1a: Celebi|Celebi|29\/404
|-damage|p1a: Celebi|0 fnt|[from] Stealth Rock
|faint|p1a: Celebi
|move|p2a: Rotom-Wash|Pain Split|p1: Celebi|[notarget]
|-notarget
|
|-weather|Sandstorm|[upkeep]
|-damage|p2a: Rotom-Wash|25\/304|[from] sandstorm
|-heal|p2a: Rotom-Wash|44\/304|[from] item: Leftovers
|
|switch|p1a: Diggersby|Diggersby, M|312\/312
|-damage|p1a: Diggersby|293\/312|[from] Stealth Rock
|turn|16
|
|move|p1a: Diggersby|Return|p2a: Rotom-Wash
|-damage|p2a: Rotom-Wash|0 fnt
|-damage|p1a: Diggersby|262\/312|[from] item: Life Orb
|faint|p2a: Rotom-Wash
|
|-weather|Sandstorm|[upkeep]
|
|switch|p2a: Conkeldurr|Conkeldurr, M|352\/352
|-damage|p2a: Conkeldurr|330\/352|[from] Stealth Rock
|turn|17
|
|switch|p1a: Hippowdon|Hippowdon, M|419\/419
|-damage|p1a: Hippowdon|393\/419|[from] Stealth Rock
|move|p2a: Conkeldurr|Knock Off|p1a: Hippowdon
|-damage|p1a: Hippowdon|317\/419
|-enditem|p1a: Hippowdon|Leftovers|[from] move: Knock Off|[of] p2a: Conkeldurr
|
|-weather|none
|turn|18
|c|âGoodNicksAreGone|i know that u are running calcs
|c| Cosine180|good for u
|
|move|p1a: Hippowdon|Slack Off|p1a: Hippowdon
|-heal|p1a: Hippowdon|419\/419
|move|p2a: Conkeldurr|Ice Punch|p1a: Hippowdon
|-crit|p1a: Hippowdon
|-supereffective|p1a: Hippowdon
|-damage|p1a: Hippowdon|245\/419
|
|turn|19
|c| doughboy|calcs are for bad players
|
|move|p1a: Hippowdon|Slack Off|p1a: Hippowdon
|-heal|p1a: Hippowdon|419\/419
|move|p2a: Conkeldurr|Ice Punch|p1a: Hippowdon
|-supereffective|p1a: Hippowdon
|-damage|p1a: Hippowdon|295\/419
|
|turn|20
|c| doughboy|man up and use your pokemon master instincts
|c|âGoodNicksAreGone|where are all those people coming from
|
|switch|p2a: Venusaur|Venusaur-Mega, F|252\/363
|-damage|p2a: Venusaur|207\/363|[from] Stealth Rock
|move|p1a: Hippowdon|Earthquake|p2a: Venusaur
|-damage|p2a: Venusaur|110\/363
|
|turn|21
|
|switch|p1a: Heatran|Heatran, M|260\/386
|-damage|p1a: Heatran|212\/386|[from] Stealth Rock
|move|p2a: Venusaur|Synthesis|p2a: Venusaur
|-heal|p2a: Venusaur|291\/363
|
|-heal|p1a: Heatran|236\/386|[from] item: Leftovers
|turn|22
|leave|Cosine180
|
|move|p1a: Heatran|Taunt|p2a: Venusaur
|-start|p2a: Venusaur|move: Taunt
|cant|p2a: Venusaur|move: Taunt|Leech Seed
|
|-heal|p1a: Heatran|260\/386|[from] item: Leftovers
|turn|23
|
|switch|p2a: Conkeldurr|Conkeldurr, M|330\/352
|-damage|p2a: Conkeldurr|308\/352|[from] Stealth Rock
|move|p1a: Heatran|Lava Plume|p2a: Conkeldurr
|-damage|p2a: Conkeldurr|236\/352
|-status|p2a: Conkeldurr|brn
|
|-heal|p1a: Heatran|284\/386|[from] item: Leftovers
|-damage|p2a: Conkeldurr|192\/352 brn|[from] brn
|turn|24
|
|switch|p1a: Azumarill|Azumarill, M|260\/403
|-damage|p1a: Azumarill|210\/403|[from] Stealth Rock
|move|p2a: Conkeldurr|Drain Punch|p1a: Azumarill
|-resisted|p1a: Azumarill
|-damage|p1a: Azumarill|90\/403
|-heal|p2a: Conkeldurr|252\/352 brn|[from] drain|[of] p1a: Azumarill
|
|-damage|p2a: Conkeldurr|208\/352 brn|[from] brn
|turn|25
|
|move|p1a: Azumarill|Play Rough|p2a: Conkeldurr
|-supereffective|p2a: Conkeldurr
|-damage|p2a: Conkeldurr|0 fnt
|faint|p2a: Conkeldurr
|
|
|switch|p2a: Venusaur|Venusaur-Mega, F|291\/363
|-damage|p2a: Venusaur|246\/363|[from] Stealth Rock
|turn|26
|
|move|p2a: Venusaur|Leech Seed|p1a: Azumarill
|-start|p1a: Azumarill|move: Leech Seed
|move|p1a: Azumarill|Knock Off|p2a: Venusaur
|-damage|p2a: Venusaur|181\/363
|
|-damage|p1a: Azumarill|40\/403|[from] Leech Seed|[of] p2a: Venusaur
|-heal|p2a: Venusaur|231\/363|[silent]
|turn|27
|
|move|p2a: Venusaur|Synthesis|p2a: Venusaur
|-heal|p2a: Venusaur|363\/363
|move|p1a: Azumarill|Knock Off|p2a: Venusaur
|-damage|p2a: Venusaur|297\/363
|
|-damage|p1a: Azumarill|0 fnt|[from] Leech Seed|[of] p2a: Venusaur
|-heal|p2a: Venusaur|337\/363|[silent]
|faint|p1a: Azumarill
|
|switch|p1a: Diggersby|Diggersby, M|262\/312
|-damage|p1a: Diggersby|243\/312|[from] Stealth Rock
|turn|28
|join|Ke1deo
|
|move|p1a: Diggersby|Return|p2a: Venusaur
|-damage|p2a: Venusaur|98\/363
|-damage|p1a: Diggersby|212\/312|[from] item: Life Orb
|move|p2a: Venusaur|Giga Drain|p1a: Diggersby
|-supereffective|p1a: Diggersby
|-damage|p1a: Diggersby|0 fnt
|-heal|p2a: Venusaur|204\/363|[from] drain|[of] p1a: Diggersby
|faint|p1a: Diggersby
|
|
|switch|p1a: Lopunny|Lopunny-Mega, F|272\/272
|-damage|p1a: Lopunny|255\/272|[from] Stealth Rock
|turn|29
|
|switch|p2a: Landorus-Therian|Landorus-Therian, M|319\/319
|-damage|p2a: Landorus-Therian|280\/319|[from] Stealth Rock
|-ability|p2a: Landorus-Therian|Intimidate|[of] p1a: Lopunny
|-unboost|p1a: Lopunny|atk|1
|move|p1a: Lopunny|Fake Out|p2a: Landorus-Therian
|-damage|p2a: Landorus-Therian|229\/319
|
|turn|30
|
|switch|p1a: Hippowdon|Hippowdon, M|295\/419
|-damage|p1a: Hippowdon|269\/419|[from] Stealth Rock
|-weather|Sandstorm
|move|p2a: Landorus-Therian|Earthquake|p1a: Hippowdon
|-damage|p1a: Hippowdon|151\/419
|
|-weather|Sandstorm|[upkeep]
|turn|31
|
|move|p2a: Landorus-Therian|Earthquake|p1a: Hippowdon
|-damage|p1a: Hippowdon|37\/419
|move|p1a: Hippowdon|Slack Off|p1a: Hippowdon
|-heal|p1a: Hippowdon|247\/419
|
|-weather|Sandstorm|[upkeep]
|turn|32
|
|switch|p2a: Venusaur|Venusaur-Mega, F|204\/363
|-damage|p2a: Venusaur|159\/363|[from] Stealth Rock
|move|p1a: Hippowdon|Slack Off|p1a: Hippowdon
|-heal|p1a: Hippowdon|419\/419
|
|-weather|Sandstorm|[upkeep]
|-damage|p2a: Venusaur|137\/363|[from] sandstorm
|turn|33
|
|switch|p1a: Heatran|Heatran, M|284\/386
|-damage|p1a: Heatran|236\/386|[from] Stealth Rock
|move|p2a: Venusaur|Synthesis|p2a: Venusaur
|-heal|p2a: Venusaur|228\/363
|
|-weather|Sandstorm|[upkeep]
|-damage|p2a: Venusaur|206\/363|[from] sandstorm
|-heal|p1a: Heatran|260\/386|[from] item: Leftovers
|turn|34
|
|switch|p2a: Latios|Latios, M|301\/301
|-damage|p2a: Latios|264\/301|[from] Stealth Rock
|move|p1a: Heatran|Taunt|p2a: Latios
|-start|p2a: Latios|move: Taunt
|
|-weather|none
|-heal|p1a: Heatran|284\/386|[from] item: Leftovers
|turn|35
|
|move|p2a: Latios|Psyshock|p1a: Heatran
|-resisted|p1a: Heatran
|-damage|p1a: Heatran|197\/386
|-damage|p2a: Latios|234\/301|[from] item: Life Orb
|move|p1a: Heatran|Toxic|p2a: Latios
|-status|p2a: Latios|tox
|
|-heal|p1a: Heatran|221\/386|[from] item: Leftovers
|-damage|p2a: Latios|216\/301 tox|[from] psn
|turn|36
|
|switch|p2a: Heatran|Heatran, M|323\/323
|-damage|p2a: Heatran|283\/323|[from] Stealth Rock
|move|p1a: Heatran|Taunt|p2a: Heatran
|-start|p2a: Heatran|move: Taunt
|
|-heal|p2a: Heatran|303\/323|[from] item: Leftovers
|-heal|p1a: Heatran|245\/386|[from] item: Leftovers
|turn|37
|
|switch|p1a: Hippowdon|Hippowdon, M|419\/419
|-damage|p1a: Hippowdon|393\/419|[from] Stealth Rock
|-weather|Sandstorm
|move|p2a: Heatran|Earth Power|p1a: Hippowdon
|-damage|p1a: Hippowdon|241\/419
|
|-weather|Sandstorm|[upkeep]
|-heal|p2a: Heatran|323\/323|[from] item: Leftovers
|turn|38
|
|move|p2a: Heatran|Earth Power|p1a: Hippowdon
|-damage|p1a: Hippowdon|111\/419
|-unboost|p1a: Hippowdon|spd|1
|move|p1a: Hippowdon|Slack Off|p1a: Hippowdon
|-heal|p1a: Hippowdon|321\/419
|
|-weather|Sandstorm|[upkeep]
|turn|39
|
|switch|p1a: Heatran|Heatran, M|245\/386
|-damage|p1a: Heatran|197\/386|[from] Stealth Rock
|move|p2a: Heatran|Earth Power|p1a: Heatran
|-supereffective|p1a: Heatran
|-damage|p1a: Heatran|0 fnt
|faint|p1a: Heatran
|
|-weather|Sandstorm|[upkeep]
|-end|p2a: Heatran|move: Taunt
|
|switch|p1a: Lopunny|Lopunny-Mega, F|255\/272
|-damage|p1a: Lopunny|238\/272|[from] Stealth Rock
|turn|40
|
|move|p1a: Lopunny|High Jump Kick|p2a: Heatran
|-supereffective|p2a: Heatran
|-damage|p2a: Heatran|0 fnt
|faint|p2a: Heatran
|
|-weather|Sandstorm|[upkeep]
|-damage|p1a: Lopunny|221\/272|[from] sandstorm
|
|switch|p2a: Latios|Latios, M|216\/301 tox
|-damage|p2a: Latios|179\/301 tox|[from] Stealth Rock
|turn|41
|
|move|p1a: Lopunny|Return|p2a: Latios
|-damage|p2a: Latios|0 fnt
|faint|p2a: Latios
|
|-weather|none
|
|switch|p2a: Landorus-Therian|Landorus-Therian, M|229\/319
|-damage|p2a: Landorus-Therian|190\/319|[from] Stealth Rock
|-ability|p2a: Landorus-Therian|Intimidate|[of] p1a: Lopunny
|-unboost|p1a: Lopunny|atk|1
|turn|42
|
|switch|p2a: Venusaur|Venusaur-Mega, F|206\/363
|-damage|p2a: Venusaur|161\/363|[from] Stealth Rock
|switch|p1a: Hippowdon|Hippowdon, M|321\/419
|-damage|p1a: Hippowdon|295\/419|[from] Stealth Rock
|-weather|Sandstorm
|
|-weather|Sandstorm|[upkeep]
|-damage|p2a: Venusaur|139\/363|[from] sandstorm
|turn|43
|
|switch|p1a: Lopunny|Lopunny-Mega, F|221\/272
|-damage|p1a: Lopunny|204\/272|[from] Stealth Rock
|move|p2a: Venusaur|Giga Drain|p1a: Lopunny
|-damage|p1a: Lopunny|63\/272
|-heal|p2a: Venusaur|210\/363|[from] drain|[of] p1a: Lopunny
|
|-weather|Sandstorm|[upkeep]
|-damage|p1a: Lopunny|46\/272|[from] sandstorm
|-damage|p2a: Venusaur|188\/363|[from] sandstorm
|turn|44
|join|Ill leave
|
|switch|p2a: Landorus-Therian|Landorus-Therian, M|190\/319
|-damage|p2a: Landorus-Therian|151\/319|[from] Stealth Rock
|-ability|p2a: Landorus-Therian|Intimidate|[of] p1a: Lopunny
|-unboost|p1a: Lopunny|atk|1
|move|p1a: Lopunny|Return|p2a: Landorus-Therian
|-damage|p2a: Landorus-Therian|25\/319
|
|-weather|Sandstorm|[upkeep]
|-damage|p1a: Lopunny|29\/272|[from] sandstorm
|turn|45
|
|switch|p1a: Hippowdon|Hippowdon, M|295\/419
|-damage|p1a: Hippowdon|269\/419|[from] Stealth Rock
|move|p2a: Landorus-Therian|U-turn|p1a: Hippowdon
|-damage|p1a: Hippowdon|206\/419
|join|Highest Threat
|leave|Highest Threat
|
|switch|p2a: Venusaur|Venusaur-Mega, F|188\/363
|-damage|p2a: Venusaur|143\/363|[from] Stealth Rock
|
|-weather|Sandstorm|[upkeep]
|-damage|p2a: Venusaur|121\/363|[from] sandstorm
|turn|46
|
|move|p2a: Venusaur|Giga Drain|p1a: Hippowdon
|-supereffective|p1a: Hippowdon
|-damage|p1a: Hippowdon|0 fnt
|-heal|p2a: Venusaur|224\/363|[from] drain|[of] p1a: Hippowdon
|faint|p1a: Hippowdon
|
|-weather|none
|
|switch|p1a: Lopunny|Lopunny-Mega, F|29\/272
|-damage|p1a: Lopunny|12\/272|[from] Stealth Rock
|turn|47
|
|move|p1a: Lopunny|Fake Out|p2a: Venusaur
|-damage|p2a: Venusaur|166\/363
|cant|p2a: Venusaur|flinch
|
|turn|48
|
|move|p1a: Lopunny|Return|p2a: Venusaur
|-damage|p2a: Venusaur|30\/363
|move|p2a: Venusaur|Giga Drain|p1a: Lopunny
|-damage|p1a: Lopunny|0 fnt
|-heal|p2a: Venusaur|36\/363|[from] drain|[of] p1a: Lopunny
|faint|p1a: Lopunny
|
|win|GoodNicksAreGone
|raw|Ladder updating...
|raw|shartruce2's rating: 1484 &rarr; <strong>1458<\/strong><br \/>(-26 for losing)
|raw|GoodNicksAreGone's rating: 1384 &rarr; <strong>1409<\/strong><br \/>(+25 for winning)
|c|âGoodNicksAreGone|coming through
|c|âGoodNicksAreGone|like a boss