|join|shartruce2
|join|Cumown
|player|p1|shartruce2|43
|player|p2|Cumown|287
|gametype|singles
|gen|6
|tier|OU (suspect test)
|rated
|clearpoke
|poke|p1|Azumarill, M
|poke|p1|Diggersby, F
|poke|p1|Lopunny, M
|poke|p1|Celebi
|poke|p1|Heatran, F
|poke|p1|Hippowdon, M
|poke|p2|Scizor, F
|poke|p2|Clefable, M
|poke|p2|Rotom-Wash
|poke|p2|Gliscor, F
|poke|p2|Tentacruel, M
|poke|p2|Gothitelle, M
|rule|Swagger Clause: Swagger is banned
|rule|Baton Pass Clause: Limit one PokÃ©mon knowing Baton Pass
|rule|Sleep Clause Mod: Limit one foe put to sleep
|rule|Species Clause: Limit one of each PokÃ©mon
|rule|OHKO Clause: OHKO moves are banned
|rule|Moody Clause: Moody is banned
|rule|Evasion Moves Clause: Evasion moves are banned
|rule|Endless Battle Clause: Forcing endless battles is banned
|rule|HP Percentage Mod: HP is shown in percentages
|teampreview
|
|start
|switch|p1a: Lopunny|Lopunny, M|272\/272
|switch|p2a: Rotom-Wash|Rotom-Wash|304\/304
|turn|1
|
|switch|p2a: Scizor|Scizor, F|343\/343
|detailschange|p1a: Lopunny|Lopunny-Mega, M
|-mega|p1a: Lopunny|Lopunny|Lopunnite
|move|p1a: Lopunny|Fake Out|p2a: Scizor
|-resisted|p2a: Scizor
|-damage|p2a: Scizor|305\/343
|
|turn|2
|
|switch|p1a: Hippowdon|Hippowdon, M|419\/419
|-weather|Sandstorm
|detailschange|p2a: Scizor|Scizor-Mega, F
|-mega|p2a: Scizor|Scizor|Scizorite
|move|p2a: Scizor|U-turn|p1a: Hippowdon
|-damage|p1a: Hippowdon|332\/419
|
|switch|p2a: Gothitelle|Gothitelle, M|301\/301
|
|-weather|Sandstorm|[upkeep]
|-damage|p2a: Gothitelle|283\/301|[from] sandstorm
|-heal|p1a: Hippowdon|358\/419|[from] item: Leftovers
|turn|3
|
|move|p2a: Gothitelle|Trick|p1a: Hippowdon
|-activate|p2a: Gothitelle|move: Trick|[of] p1a: Hippowdon
|-item|p1a: Hippowdon|Choice Scarf|[from] move: Trick
|-item|p2a: Gothitelle|Leftovers|[from] move: Trick
|move|p1a: Hippowdon|Roar|p2a: Gothitelle
|drag|p2a: Scizor|Scizor-Mega, F|305\/343
|
|-weather|Sandstorm|[upkeep]
|turn|4
|
|switch|p1a: Heatran|Heatran, F|386\/386
|move|p2a: Scizor|U-turn|p1a: Heatran
|-resisted|p1a: Heatran
|-damage|p1a: Heatran|355\/386
|
|switch|p2a: Gliscor|Gliscor, F|352\/352
|
|-weather|Sandstorm|[upkeep]
|-heal|p1a: Heatran|379\/386|[from] item: Leftovers
|-status|p2a: Gliscor|tox|[from] item: Toxic Orb
|turn|5
|
|switch|p1a: Celebi|Celebi|404\/404
|move|p2a: Gliscor|Earthquake|p1a: Celebi
|-resisted|p1a: Celebi
|-damage|p1a: Celebi|362\/404
|
|-weather|Sandstorm|[upkeep]
|-damage|p1a: Celebi|337\/404|[from] sandstorm
|-heal|p1a: Celebi|362\/404|[from] item: Leftovers
|turn|6
|
|move|p1a: Celebi|Nasty Plot|p1a: Celebi
|-boost|p1a: Celebi|spa|2
|move|p2a: Gliscor|Knock Off|p1a: Celebi
|-crit|p1a: Celebi
|-supereffective|p1a: Celebi
|-damage|p1a: Celebi|204\/404
|-enditem|p1a: Celebi|Leftovers|[from] move: Knock Off|[of] p2a: Gliscor
|
|-weather|none
|turn|7
|
|move|p1a: Celebi|Recover|p1a: Celebi
|-heal|p1a: Celebi|404\/404
|move|p2a: Gliscor|Taunt|p1a: Celebi
|-start|p1a: Celebi|move: Taunt
|
|turn|8
|
|switch|p2a: Scizor|Scizor-Mega, F|305\/343
|move|p1a: Celebi|Giga Drain|p2a: Scizor
|-resisted|p2a: Scizor
|-damage|p2a: Scizor|268\/343
|
|turn|9
|
|move|p2a: Scizor|Pursuit|p1a: Celebi|[from]Pursuit
|-supereffective|p1a: Celebi
|-damage|p1a: Celebi|226\/404
|switch|p1a: Heatran|Heatran, F|379\/386
|
|-heal|p1a: Heatran|386\/386|[from] item: Leftovers
|turn|10
|
|switch|p2a: Tentacruel|Tentacruel, M|364\/364
|move|p1a: Heatran|Stealth Rock|p2a: Tentacruel
|-sidestart|p2: Cumown|move: Stealth Rock
|
|turn|11
|
|move|p1a: Heatran|Lava Plume|p2a: Tentacruel
|-resisted|p2a: Tentacruel
|-damage|p2a: Tentacruel|324\/364
|move|p2a: Tentacruel|Rapid Spin|p1a: Heatran
|-resisted|p1a: Heatran
|-damage|p1a: Heatran|382\/386
|-sideend|p2: Cumown|Stealth Rock|[from] move: Rapid Spin|[of] p2a: Tentacruel
|
|-heal|p1a: Heatran|386\/386|[from] item: Leftovers
|-heal|p2a: Tentacruel|346\/364|[from] item: Black Sludge
|turn|12
|
|move|p1a: Heatran|Lava Plume|p2a: Tentacruel
|-resisted|p2a: Tentacruel
|-damage|p2a: Tentacruel|311\/364
|move|p2a: Tentacruel|Toxic Spikes|p1a: Heatran
|-sidestart|p1: shartruce2|move: Toxic Spikes
|
|-heal|p2a: Tentacruel|333\/364|[from] item: Black Sludge
|turn|13
|
|move|p1a: Heatran|Taunt|p2a: Tentacruel
|-start|p2a: Tentacruel|move: Taunt
|cant|p2a: Tentacruel|move: Taunt|Toxic Spikes
|
|-heal|p2a: Tentacruel|355\/364|[from] item: Black Sludge
|turn|14
|
|move|p1a: Heatran|Lava Plume|p2a: Tentacruel
|-resisted|p2a: Tentacruel
|-damage|p2a: Tentacruel|316\/364
|move|p2a: Tentacruel|Scald|p1a: Heatran
|-supereffective|p1a: Heatran
|-damage|p1a: Heatran|242\/386
|
|-heal|p1a: Heatran|266\/386|[from] item: Leftovers
|-heal|p2a: Tentacruel|338\/364|[from] item: Black Sludge
|turn|15
|join|JohnxYiu
|
|move|p1a: Heatran|Stealth Rock|p2a: Tentacruel
|-sidestart|p2: Cumown|move: Stealth Rock
|move|p2a: Tentacruel|Scald|p1a: Heatran
|-supereffective|p1a: Heatran
|-damage|p1a: Heatran|126\/386
|
|-heal|p1a: Heatran|150\/386|[from] item: Leftovers
|-heal|p2a: Tentacruel|360\/364|[from] item: Black Sludge
|-end|p2a: Tentacruel|move: Taunt
|turn|16
|
|switch|p1a: Diggersby|Diggersby, F|312\/312
|-status|p1a: Diggersby|psn
|move|p2a: Tentacruel|Rapid Spin|p1a: Diggersby
|-damage|p1a: Diggersby|300\/312 psn
|-sideend|p2: Cumown|Stealth Rock|[from] move: Rapid Spin|[of] p2a: Tentacruel
|
|-heal|p2a: Tentacruel|364\/364|[from] item: Black Sludge
|-damage|p1a: Diggersby|261\/312 psn|[from] psn
|turn|17
|
|switch|p2a: Gliscor|Gliscor, F|352\/352 tox
|move|p1a: Diggersby|Earthquake|p2a: Gliscor
|-immune|p2a: Gliscor|[msg]
|
|-damage|p1a: Diggersby|222\/312 psn|[from] psn
|turn|18
|-message|shartruce2 forfeited.
|
|win|Cumown
|raw|Ladder updating...
|leave|shartruce2
|player|p1
|raw|shartruce2's rating: 1522 &rarr; <strong>1501<\/strong><br \/>(-21 for losing)
|raw|Cumown's rating: 1499 &rarr; <strong>1520<\/strong><br \/>(+21 for winning)