|join|pokemon is ebola
|join|shartruce2
|player|p1|pokemon is ebola|79
|player|p2|shartruce2|43
|gametype|singles
|gen|6
|tier|OU (suspect test)
|rated
|clearpoke
|poke|p1|Gyarados, M
|poke|p1|Lopunny, M
|poke|p1|Jirachi
|poke|p1|Landorus-Therian, M
|poke|p1|Rotom-Wash
|poke|p1|Bisharp, F
|poke|p2|Azumarill, F
|poke|p2|Diggersby, F
|poke|p2|Lopunny, M
|poke|p2|Celebi
|poke|p2|Heatran, F
|poke|p2|Hippowdon, M
|rule|Swagger Clause: Swagger is banned
|rule|Baton Pass Clause: Limit one PokÃ©mon knowing Baton Pass
|rule|Sleep Clause Mod: Limit one foe put to sleep
|rule|Species Clause: Limit one of each PokÃ©mon
|rule|OHKO Clause: OHKO moves are banned
|rule|Moody Clause: Moody is banned
|rule|Evasion Moves Clause: Evasion moves are banned
|rule|Endless Battle Clause: Forcing endless battles is banned
|rule|HP Percentage Mod: HP is shown in percentages
|teampreview
|c|âpokemon is ebola|glhf
|c|âshartruce2|u2
|join|The Magician Z
|c|âpokemon is ebola|when is suspect over actually
|c|âpokemon is ebola|tomorrow?
|c|âshartruce2|y
|
|start
|switch|p1a: Landorus-Therian|Landorus-Therian, M|382\/382
|switch|p2a: Celebi|Celebi|404\/404
|-ability|p1a: Landorus-Therian|Intimidate|[of] p2a: Celebi
|-unboost|p2a: Celebi|atk|1
|turn|1
|c|âpokemon is ebola|u planning to get it still?
|c|âshartruce2|i already have it
|c|âpokemon is ebola|ah
|
|switch|p2a: Hippowdon|Hippowdon, M|419\/419
|-weather|Sandstorm
|move|p1a: Landorus-Therian|Stealth Rock|p2a: Hippowdon
|-sidestart|p2: shartruce2|move: Stealth Rock
|
|-weather|Sandstorm|[upkeep]
|turn|2
|join|Ke1deo
|
|move|p1a: Landorus-Therian|U-turn|p2a: Hippowdon
|-crit|p2a: Hippowdon
|-damage|p2a: Hippowdon|343\/419
|c| The Magician Z|Do you usually pass plot to heatran or is it there strictly for the bisharps which infest the ladder
|c|âpokemon is ebola|u just revealed he's nastypass lol
|c| The Magician Z|Is there any other celebi going atm based on that team composition?
|c|âpokemon is ebola|i unno
|c|âpokemon is ebola|i wasnt aware
|c|âpokemon is ebola|dont play this tier
|
|switch|p1a: Gyarados|Gyarados, M|353\/353
|-ability|p1a: Gyarados|Intimidate|[of] p2a: Hippowdon
|-unboost|p2a: Hippowdon|atk|1
|move|p2a: Hippowdon|Rock Slide|p1a: Gyarados
|-supereffective|p1a: Gyarados
|-damage|p1a: Gyarados|241\/353
|
|-weather|Sandstorm|[upkeep]
|-damage|p1a: Gyarados|219\/353|[from] sandstorm
|-heal|p1a: Gyarados|241\/353|[from] item: Leftovers
|-heal|p2a: Hippowdon|369\/419|[from] item: Leftovers
|turn|3
|c| The Magician Z|I didn't mean to interfere, this guy is obviously quite good.
|
|switch|p1a: Rotom-Wash|Rotom-Wash|303\/303
|switch|p2a: Celebi|Celebi|404\/404
|-damage|p2a: Celebi|354\/404|[from] Stealth Rock
|
|-weather|Sandstorm|[upkeep]
|-damage|p2a: Celebi|329\/404|[from] sandstorm
|-damage|p1a: Rotom-Wash|285\/303|[from] sandstorm
|-heal|p2a: Celebi|354\/404|[from] item: Leftovers
|-heal|p1a: Rotom-Wash|303\/303|[from] item: Leftovers
|turn|4
|
|move|p2a: Celebi|Giga Drain|p1a: Rotom-Wash
|-supereffective|p1a: Rotom-Wash
|-damage|p1a: Rotom-Wash|123\/303
|-heal|p2a: Celebi|404\/404|[from] drain|[of] p1a: Rotom-Wash
|move|p1a: Rotom-Wash|Volt Switch|p2a: Celebi
|-resisted|p2a: Celebi
|-damage|p2a: Celebi|364\/404
|
|switch|p1a: Bisharp|Bisharp, F|271\/271
|
|-weather|Sandstorm|[upkeep]
|-damage|p2a: Celebi|339\/404|[from] sandstorm
|-heal|p2a: Celebi|364\/404|[from] item: Leftovers
|turn|5
|
|move|p2a: Celebi|Baton Pass|p2a: Celebi
|
|switch|p2a: Hippowdon|Hippowdon, M|369\/419
|-damage|p2a: Hippowdon|343\/419|[from] Stealth Rock
|move|p1a: Bisharp|Knock Off|p2a: Hippowdon
|-damage|p2a: Hippowdon|190\/419
|-enditem|p2a: Hippowdon|Leftovers|[from] move: Knock Off|[of] p1a: Bisharp
|
|-weather|none
|turn|6
|
|switch|p1a: Landorus-Therian|Landorus-Therian, M|382\/382
|-ability|p1a: Landorus-Therian|Intimidate|[of] p2a: Hippowdon
|-unboost|p2a: Hippowdon|atk|1
|move|p2a: Hippowdon|Slack Off|p2a: Hippowdon
|-heal|p2a: Hippowdon|400\/419
|
|turn|7
|c| The Magician Z|hippo has nice synergy with celebi, seems like an older gen core
|
|move|p1a: Landorus-Therian|U-turn|p2a: Hippowdon
|-damage|p2a: Hippowdon|348\/419
|
|switch|p1a: Lopunny|Lopunny, M|271\/271
|move|p2a: Hippowdon|Rock Slide|p1a: Lopunny
|-damage|p1a: Lopunny|222\/271
|
|turn|8
|
|detailschange|p1a: Lopunny|Lopunny-Mega, M
|-mega|p1a: Lopunny|Lopunny|Lopunnite
|move|p1a: Lopunny|Substitute|p1a: Lopunny
|-start|p1a: Lopunny|Substitute
|-damage|p1a: Lopunny|155\/271
|move|p2a: Hippowdon|Slack Off|p2a: Hippowdon
|-heal|p2a: Hippowdon|419\/419
|
|turn|9
|
|move|p1a: Lopunny|Encore|p2a: Hippowdon
|-start|p2a: Hippowdon|Encore
|move|p2a: Hippowdon|Slack Off|p2a: Hippowdon
|-fail|p2a: Hippowdon
|
|turn|10
|c| The Magician Z|we hope hippo's got roar
|c| The Magician Z|oh shit neat set
|
|switch|p2a: Celebi|Celebi|364\/404
|-damage|p2a: Celebi|314\/404|[from] Stealth Rock
|move|p1a: Lopunny|Drain Punch|p2a: Celebi
|-resisted|p2a: Celebi
|-damage|p2a: Celebi|260\/404
|-heal|p1a: Lopunny|182\/271|[from] drain|[of] p2a: Celebi
|
|-heal|p2a: Celebi|285\/404|[from] item: Leftovers
|turn|11
|
|move|p1a: Lopunny|Frustration|p2a: Celebi
|-damage|p2a: Celebi|140\/404
|move|p2a: Celebi|Giga Drain|p1a: Lopunny
|-end|p1a: Lopunny|Substitute
|-heal|p2a: Celebi|174\/404|[from] drain|[of] p1a: Lopunny
|
|-heal|p2a: Celebi|199\/404|[from] item: Leftovers
|turn|12
|
|switch|p1a: Jirachi|Jirachi|341\/341
|move|p2a: Celebi|Recover|p2a: Celebi
|-heal|p2a: Celebi|401\/404
|
|-heal|p2a: Celebi|404\/404|[from] item: Leftovers
|turn|13
|
|switch|p2a: Heatran|Heatran, F|386\/386
|-damage|p2a: Heatran|338\/386|[from] Stealth Rock
|move|p1a: Jirachi|U-turn|p2a: Heatran
|-resisted|p2a: Heatran
|-damage|p2a: Heatran|322\/386
|
|switch|p1a: Gyarados|Gyarados, M|241\/353
|-ability|p1a: Gyarados|Intimidate|[of] p2a: Heatran
|-unboost|p2a: Heatran|atk|1
|
|-heal|p1a: Gyarados|263\/353|[from] item: Leftovers
|-heal|p2a: Heatran|346\/386|[from] item: Leftovers
|turn|14
|
|switch|p2a: Celebi|Celebi|404\/404
|-damage|p2a: Celebi|354\/404|[from] Stealth Rock
|move|p1a: Gyarados|Dragon Dance|p1a: Gyarados
|-boost|p1a: Gyarados|atk|1
|-boost|p1a: Gyarados|spe|1
|
|-heal|p1a: Gyarados|285\/353|[from] item: Leftovers
|-heal|p2a: Celebi|379\/404|[from] item: Leftovers
|turn|15
|
|move|p1a: Gyarados|Bounce|p2a: Celebi|[still]
|-prepare|p1a: Gyarados|Bounce|p2a: Celebi
|move|p2a: Celebi|Baton Pass|p2a: Celebi
|
|switch|p2a: Hippowdon|Hippowdon, M|419\/419
|-damage|p2a: Hippowdon|393\/419|[from] Stealth Rock
|-weather|Sandstorm
|
|-weather|Sandstorm|[upkeep]
|-damage|p1a: Gyarados|263\/353|[from] sandstorm
|-heal|p1a: Gyarados|285\/353|[from] item: Leftovers
|turn|16
|
|move|p1a: Gyarados|Bounce|p2a: Hippowdon
|-damage|p2a: Hippowdon|245\/419
|-status|p2a: Hippowdon|par
|move|p2a: Hippowdon|Roar|p1a: Gyarados
|drag|p1a: Rotom-Wash|Rotom-Wash|123\/303
|
|-weather|Sandstorm|[upkeep]
|-damage|p1a: Rotom-Wash|105\/303|[from] sandstorm
|-heal|p1a: Rotom-Wash|123\/303|[from] item: Leftovers
|turn|17
|
|switch|p2a: Celebi|Celebi|379\/404
|-damage|p2a: Celebi|329\/404|[from] Stealth Rock
|move|p1a: Rotom-Wash|Pain Split|p2a: Celebi
|-sethp|p2a: Celebi|226\/404|p1a: Rotom-Wash|226\/303|[from] move: Pain Split
|
|-weather|Sandstorm|[upkeep]
|-damage|p2a: Celebi|201\/404|[from] sandstorm
|-damage|p1a: Rotom-Wash|208\/303|[from] sandstorm
|-heal|p2a: Celebi|226\/404|[from] item: Leftovers
|-heal|p1a: Rotom-Wash|226\/303|[from] item: Leftovers
|turn|18
|
|switch|p1a: Jirachi|Jirachi|341\/341
|move|p2a: Celebi|Recover|p2a: Celebi
|-heal|p2a: Celebi|404\/404
|
|-weather|Sandstorm|[upkeep]
|-damage|p2a: Celebi|379\/404|[from] sandstorm
|-heal|p2a: Celebi|404\/404|[from] item: Leftovers
|turn|19
|
|switch|p2a: Heatran|Heatran, F|346\/386
|-damage|p2a: Heatran|298\/386|[from] Stealth Rock
|move|p1a: Jirachi|Iron Head|p2a: Heatran
|-resisted|p2a: Heatran
|-damage|p2a: Heatran|270\/386
|
|-weather|none
|-heal|p2a: Heatran|294\/386|[from] item: Leftovers
|turn|20
|
|switch|p1a: Rotom-Wash|Rotom-Wash|226\/303
|move|p2a: Heatran|Stealth Rock|p1a: Rotom-Wash
|-sidestart|p1: pokemon is ebola|move: Stealth Rock
|
|-heal|p2a: Heatran|318\/386|[from] item: Leftovers
|-heal|p1a: Rotom-Wash|244\/303|[from] item: Leftovers
|turn|21
|c| The Magician Z|why'd you think celebi would stay in against scarf jirachi threatening x4 uturn?
|
|switch|p2a: Celebi|Celebi|404\/404
|-damage|p2a: Celebi|354\/404|[from] Stealth Rock
|move|p1a: Rotom-Wash|Hydro Pump|p2a: Celebi
|-resisted|p2a: Celebi
|-damage|p2a: Celebi|285\/404
|
|-heal|p2a: Celebi|310\/404|[from] item: Leftovers
|-heal|p1a: Rotom-Wash|262\/303|[from] item: Leftovers
|turn|22
|c| The Magician Z|what was that play about?
|
|switch|p1a: Gyarados|Gyarados, M|285\/353
|-damage|p1a: Gyarados|197\/353|[from] Stealth Rock
|-ability|p1a: Gyarados|Intimidate|[of] p2a: Celebi
|-unboost|p2a: Celebi|atk|1
|move|p2a: Celebi|Giga Drain|p1a: Gyarados
|-damage|p1a: Gyarados|106\/353
|-heal|p2a: Celebi|356\/404|[from] drain|[of] p1a: Gyarados
|
|-heal|p2a: Celebi|381\/404|[from] item: Leftovers
|-heal|p1a: Gyarados|128\/353|[from] item: Leftovers
|turn|23
|
|move|p2a: Celebi|Baton Pass|p2a: Celebi
|
|switch|p2a: Hippowdon|Hippowdon, M|245\/419 par
|-damage|p2a: Hippowdon|219\/419 par|[from] Stealth Rock
|-weather|Sandstorm
|move|p1a: Gyarados|Dragon Dance|p1a: Gyarados
|-boost|p1a: Gyarados|atk|1
|-boost|p1a: Gyarados|spe|1
|
|-weather|Sandstorm|[upkeep]
|-damage|p1a: Gyarados|106\/353|[from] sandstorm
|-heal|p1a: Gyarados|128\/353|[from] item: Leftovers
|turn|24
|
|switch|p2a: Celebi|Celebi|381\/404
|-damage|p2a: Celebi|331\/404|[from] Stealth Rock
|move|p1a: Gyarados|Waterfall|p2a: Celebi
|-resisted|p2a: Celebi
|-damage|p2a: Celebi|249\/404
|
|-weather|Sandstorm|[upkeep]
|-damage|p1a: Gyarados|106\/353|[from] sandstorm
|-damage|p2a: Celebi|224\/404|[from] sandstorm
|-heal|p1a: Gyarados|128\/353|[from] item: Leftovers
|-heal|p2a: Celebi|249\/404|[from] item: Leftovers
|turn|25
|
|move|p1a: Gyarados|Dragon Dance|p1a: Gyarados
|-boost|p1a: Gyarados|atk|1
|-boost|p1a: Gyarados|spe|1
|move|p2a: Celebi|Recover|p2a: Celebi
|-heal|p2a: Celebi|404\/404
|
|-weather|Sandstorm|[upkeep]
|-damage|p1a: Gyarados|106\/353|[from] sandstorm
|-damage|p2a: Celebi|379\/404|[from] sandstorm
|-heal|p1a: Gyarados|128\/353|[from] item: Leftovers
|-heal|p2a: Celebi|404\/404|[from] item: Leftovers
|turn|26
|c| The Magician Z|needs more crunch
|
|move|p1a: Gyarados|Bounce|p2a: Celebi|[still]
|-prepare|p1a: Gyarados|Bounce|p2a: Celebi
|move|p2a: Celebi|Baton Pass|p2a: Celebi
|c| The Magician Z|Oh pokemon is ebola is on a good ladder run as well
|
|switch|p2a: Heatran|Heatran, F|318\/386
|-damage|p2a: Heatran|270\/386|[from] Stealth Rock
|
|-weather|Sandstorm|[upkeep]
|-damage|p1a: Gyarados|106\/353|[from] sandstorm
|-heal|p1a: Gyarados|128\/353|[from] item: Leftovers
|-heal|p2a: Heatran|294\/386|[from] item: Leftovers
|turn|27
|
|move|p1a: Gyarados|Bounce|p2a: Heatran
|-resisted|p2a: Heatran
|-damage|p2a: Heatran|150\/386
|move|p2a: Heatran|Toxic|p1a: Gyarados
|-status|p1a: Gyarados|tox
|
|-weather|none
|-heal|p1a: Gyarados|150\/353 tox|[from] item: Leftovers
|-heal|p2a: Heatran|174\/386|[from] item: Leftovers
|-damage|p1a: Gyarados|128\/353 tox|[from] psn
|turn|28
|join|rika and hanyuu
|
|switch|p2a: Celebi|Celebi|404\/404
|-damage|p2a: Celebi|354\/404|[from] Stealth Rock
|move|p1a: Gyarados|Waterfall|p2a: Celebi
|-crit|p2a: Celebi
|-resisted|p2a: Celebi
|-damage|p2a: Celebi|192\/404
|
|-heal|p1a: Gyarados|150\/353 tox|[from] item: Leftovers
|-heal|p2a: Celebi|217\/404|[from] item: Leftovers
|-damage|p1a: Gyarados|106\/353 tox|[from] psn
|turn|29
|
|move|p1a: Gyarados|Bounce|p2a: Celebi|[still]
|-prepare|p1a: Gyarados|Bounce|p2a: Celebi
|move|p2a: Celebi|Recover|p2a: Celebi
|-heal|p2a: Celebi|404\/404
|
|-heal|p1a: Gyarados|128\/353 tox|[from] item: Leftovers
|-damage|p1a: Gyarados|62\/353 tox|[from] psn
|turn|30
|
|switch|p2a: Azumarill|Azumarill, F|403\/403
|-damage|p2a: Azumarill|353\/403|[from] Stealth Rock
|move|p1a: Gyarados|Bounce|p2a: Azumarill
|-damage|p2a: Azumarill|2\/403
|-status|p2a: Azumarill|par
|
|-heal|p1a: Gyarados|84\/353 tox|[from] item: Leftovers
|-damage|p1a: Gyarados|0 fnt|[from] psn
|faint|p1a: Gyarados
|c| The Magician Z|only choice was to try to waterfall flinch dude
|c| The Magician Z|LOL 1%
|c| rika and hanyuu|i felt like azu had more use than tran :\/
|c|âshartruce2|well
|c|âshartruce2|rachi
|
|switch|p1a: Bisharp|Bisharp, F|271\/271
|-damage|p1a: Bisharp|255\/271|[from] Stealth Rock
|turn|31
|c| rika and hanyuu|fair point
|
|move|p1a: Bisharp|Sucker Punch|p2a: Azumarill
|-resisted|p2a: Azumarill
|-damage|p2a: Azumarill|0 fnt
|faint|p2a: Azumarill
|
|join|Biz
|
|switch|p2a: Hippowdon|Hippowdon, M|219\/419 par
|-damage|p2a: Hippowdon|193\/419 par|[from] Stealth Rock
|-weather|Sandstorm
|turn|32
|c| The Magician Z|gonna be close, diggersby is chomping at the bit ready to wreck shit
|
|move|p1a: Bisharp|Iron Head|p2a: Hippowdon
|-damage|p2a: Hippowdon|91\/419 par
|move|p2a: Hippowdon|Slack Off|p2a: Hippowdon
|-heal|p2a: Hippowdon|301\/419 par
|
|-weather|Sandstorm|[upkeep]
|turn|33
|c|âpokemon is ebola|shit
|c| The Magician Z|Avoids the hax!
|c|âpokemon is ebola|lol
|
|switch|p1a: Rotom-Wash|Rotom-Wash|262\/303
|-damage|p1a: Rotom-Wash|225\/303|[from] Stealth Rock
|move|p2a: Hippowdon|Slack Off|p2a: Hippowdon
|-heal|p2a: Hippowdon|419\/419 par
|
|-weather|Sandstorm|[upkeep]
|-damage|p1a: Rotom-Wash|207\/303|[from] sandstorm
|-heal|p1a: Rotom-Wash|225\/303|[from] item: Leftovers
|turn|34
|c|âpokemon is ebola|i unno thats worth going for imo lol
|leave|rika and hanyuu
|c| The Magician Z|Needed the paraflinch there IMO
|c| The Magician Z|So you could put some work in on celebi
|
|switch|p2a: Celebi|Celebi|404\/404
|-damage|p2a: Celebi|354\/404|[from] Stealth Rock
|move|p1a: Rotom-Wash|Hydro Pump|p2a: Celebi
|-resisted|p2a: Celebi
|-damage|p2a: Celebi|291\/404
|
|-weather|Sandstorm|[upkeep]
|-damage|p2a: Celebi|266\/404|[from] sandstorm
|-damage|p1a: Rotom-Wash|207\/303|[from] sandstorm
|-heal|p2a: Celebi|291\/404|[from] item: Leftovers
|-heal|p1a: Rotom-Wash|225\/303|[from] item: Leftovers
|turn|35
|c| The Magician Z|seems to be GG imo
|
|switch|p1a: Jirachi|Jirachi|341\/341
|-damage|p1a: Jirachi|320\/341|[from] Stealth Rock
|move|p2a: Celebi|Giga Drain|p1a: Jirachi
|-resisted|p1a: Jirachi
|-damage|p1a: Jirachi|276\/341
|-heal|p2a: Celebi|313\/404|[from] drain|[of] p1a: Jirachi
|
|-weather|Sandstorm|[upkeep]
|-damage|p2a: Celebi|288\/404|[from] sandstorm
|-heal|p2a: Celebi|313\/404|[from] item: Leftovers
|turn|36
|c| The Magician Z|reveal EQ
|
|switch|p2a: Hippowdon|Hippowdon, M|419\/419 par
|-damage|p2a: Hippowdon|393\/419 par|[from] Stealth Rock
|move|p1a: Jirachi|U-turn|p2a: Hippowdon
|-damage|p2a: Hippowdon|351\/419 par
|
|switch|p1a: Rotom-Wash|Rotom-Wash|225\/303
|-damage|p1a: Rotom-Wash|188\/303|[from] Stealth Rock
|
|-weather|none
|-heal|p1a: Rotom-Wash|206\/303|[from] item: Leftovers
|turn|37
|
|switch|p2a: Celebi|Celebi|313\/404
|-damage|p2a: Celebi|263\/404|[from] Stealth Rock
|move|p1a: Rotom-Wash|Volt Switch|p2a: Celebi
|-resisted|p2a: Celebi
|-damage|p2a: Celebi|221\/404
|
|switch|p1a: Bisharp|Bisharp, F|255\/271
|-damage|p1a: Bisharp|239\/271|[from] Stealth Rock
|
|-heal|p2a: Celebi|246\/404|[from] item: Leftovers
|turn|38
|
|move|p2a: Celebi|Baton Pass|p2a: Celebi
|
|switch|p2a: Hippowdon|Hippowdon, M|351\/419 par
|-damage|p2a: Hippowdon|325\/419 par|[from] Stealth Rock
|-weather|Sandstorm
|move|p1a: Bisharp|Swords Dance|p1a: Bisharp
|-boost|p1a: Bisharp|atk|2
|
|-weather|Sandstorm|[upkeep]
|turn|39
|c| The Magician Z|Ooh
|
|move|p1a: Bisharp|Iron Head|p2a: Hippowdon
|-damage|p2a: Hippowdon|129\/419 par
|move|p2a: Hippowdon|Earthquake|p1a: Bisharp
|-supereffective|p1a: Bisharp
|-damage|p1a: Bisharp|0 fnt
|faint|p1a: Bisharp
|
|-weather|Sandstorm|[upkeep]
|c| Biz|flinch wrex
|c| Biz|wow
|c|âpokemon is ebola|aww
|c|âpokemon is ebola|isnt that like 60
|c| The Magician Z|Heroic effort
|c| The Magician Z|You got robbed twice!
|
|switch|p1a: Rotom-Wash|Rotom-Wash|206\/303
|-damage|p1a: Rotom-Wash|169\/303|[from] Stealth Rock
|turn|40
|join|lysu
|leave|lysu
|leave|The Magician Z
|
|switch|p2a: Celebi|Celebi|246\/404
|-damage|p2a: Celebi|196\/404|[from] Stealth Rock
|move|p1a: Rotom-Wash|Hydro Pump|p2a: Celebi
|-resisted|p2a: Celebi
|-damage|p2a: Celebi|129\/404
|
|-weather|Sandstorm|[upkeep]
|-damage|p2a: Celebi|104\/404|[from] sandstorm
|-damage|p1a: Rotom-Wash|151\/303|[from] sandstorm
|-heal|p2a: Celebi|129\/404|[from] item: Leftovers
|-heal|p1a: Rotom-Wash|169\/303|[from] item: Leftovers
|turn|41
|
|switch|p1a: Jirachi|Jirachi|276\/341
|-damage|p1a: Jirachi|255\/341|[from] Stealth Rock
|move|p2a: Celebi|Recover|p2a: Celebi
|-heal|p2a: Celebi|331\/404
|
|-weather|Sandstorm|[upkeep]
|-damage|p2a: Celebi|306\/404|[from] sandstorm
|-heal|p2a: Celebi|331\/404|[from] item: Leftovers
|turn|42
|c|âpokemon is ebola|sucks i didnt get that paraflinch
|c|âpokemon is ebola|what is the chance for that actually
|
|switch|p2a: Hippowdon|Hippowdon, M|129\/419 par
|-damage|p2a: Hippowdon|103\/419 par|[from] Stealth Rock
|move|p1a: Jirachi|U-turn|p2a: Hippowdon
|-damage|p2a: Hippowdon|59\/419 par
|c|âpokemon is ebola|i forgot
|
|switch|p1a: Lopunny|Lopunny-Mega, M|182\/271
|-damage|p1a: Lopunny|166\/271|[from] Stealth Rock
|
|-weather|none
|turn|43
|
|move|p1a: Lopunny|Frustration|p2a: Hippowdon
|-damage|p2a: Hippowdon|0 fnt
|faint|p2a: Hippowdon
|
|
|switch|p2a: Celebi|Celebi|331\/404
|-damage|p2a: Celebi|281\/404|[from] Stealth Rock
|turn|44
|
|move|p1a: Lopunny|Frustration|p2a: Celebi
|-damage|p2a: Celebi|142\/404
|move|p2a: Celebi|Giga Drain|p1a: Lopunny
|-damage|p1a: Lopunny|69\/271
|-heal|p2a: Celebi|191\/404|[from] drain|[of] p1a: Lopunny
|
|-heal|p2a: Celebi|216\/404|[from] item: Leftovers
|turn|45
|
|switch|p1a: Jirachi|Jirachi|255\/341
|-damage|p1a: Jirachi|234\/341|[from] Stealth Rock
|move|p2a: Celebi|Giga Drain|p1a: Jirachi
|-resisted|p1a: Jirachi
|-damage|p1a: Jirachi|191\/341
|-heal|p2a: Celebi|238\/404|[from] drain|[of] p1a: Jirachi
|
|-heal|p2a: Celebi|263\/404|[from] item: Leftovers
|turn|46
|
|switch|p2a: Diggersby|Diggersby, F|312\/312
|-damage|p2a: Diggersby|293\/312|[from] Stealth Rock
|move|p1a: Jirachi|U-turn|p2a: Diggersby
|-damage|p2a: Diggersby|209\/312
|
|switch|p1a: Landorus-Therian|Landorus-Therian, M|382\/382
|-damage|p1a: Landorus-Therian|335\/382|[from] Stealth Rock
|-ability|p1a: Landorus-Therian|Intimidate|[of] p2a: Diggersby
|-unboost|p2a: Diggersby|atk|1
|
|-heal|p1a: Landorus-Therian|358\/382|[from] item: Leftovers
|turn|47
|
|move|p2a: Diggersby|Return|p1a: Landorus-Therian
|-damage|p1a: Landorus-Therian|210\/382
|-damage|p2a: Diggersby|178\/312|[from] item: Life Orb
|move|p1a: Landorus-Therian|Earthquake|p2a: Diggersby
|-damage|p2a: Diggersby|0 fnt
|faint|p2a: Diggersby
|
|-heal|p1a: Landorus-Therian|233\/382|[from] item: Leftovers
|
|switch|p2a: Lopunny|Lopunny, M|272\/272
|-damage|p2a: Lopunny|238\/272|[from] Stealth Rock
|turn|48
|
|switch|p1a: Lopunny|Lopunny-Mega, M|69\/271
|-damage|p1a: Lopunny|53\/271|[from] Stealth Rock
|detailschange|p2a: Lopunny|Lopunny-Mega, M
|-mega|p2a: Lopunny|Lopunny|Lopunnite
|move|p2a: Lopunny|Ice Punch|p1a: Lopunny
|-damage|p1a: Lopunny|0 fnt
|faint|p1a: Lopunny
|
|
|switch|p1a: Jirachi|Jirachi|191\/341
|-damage|p1a: Jirachi|170\/341|[from] Stealth Rock
|turn|49
|
|switch|p2a: Heatran|Heatran, F|174\/386
|-damage|p2a: Heatran|126\/386|[from] Stealth Rock
|move|p1a: Jirachi|U-turn|p2a: Heatran
|-resisted|p2a: Heatran
|-damage|p2a: Heatran|109\/386
|
|switch|p1a: Landorus-Therian|Landorus-Therian, M|233\/382
|-damage|p1a: Landorus-Therian|186\/382|[from] Stealth Rock
|-ability|p1a: Landorus-Therian|Intimidate|[of] p2a: Heatran
|-unboost|p2a: Heatran|atk|1
|
|-heal|p2a: Heatran|133\/386|[from] item: Leftovers
|-heal|p1a: Landorus-Therian|209\/382|[from] item: Leftovers
|turn|50
|
|switch|p2a: Celebi|Celebi|263\/404
|-damage|p2a: Celebi|213\/404|[from] Stealth Rock
|move|p1a: Landorus-Therian|Earthquake|p2a: Celebi
|-resisted|p2a: Celebi
|-damage|p2a: Celebi|144\/404
|
|-heal|p2a: Celebi|169\/404|[from] item: Leftovers
|-heal|p1a: Landorus-Therian|232\/382|[from] item: Leftovers
|turn|51
|
|move|p2a: Celebi|Giga Drain|p1a: Landorus-Therian
|-damage|p1a: Landorus-Therian|124\/382
|-heal|p2a: Celebi|223\/404|[from] drain|[of] p1a: Landorus-Therian
|move|p1a: Landorus-Therian|U-turn|p2a: Celebi
|-supereffective|p2a: Celebi
|-damage|p2a: Celebi|0 fnt
|faint|p2a: Celebi
|
|switch|p1a: Rotom-Wash|Rotom-Wash|169\/303
|-damage|p1a: Rotom-Wash|132\/303|[from] Stealth Rock
|
|-heal|p1a: Rotom-Wash|150\/303|[from] item: Leftovers
|
|switch|p2a: Lopunny|Lopunny-Mega, M|238\/272
|-damage|p2a: Lopunny|221\/272|[from] Stealth Rock
|turn|52
|
|move|p2a: Lopunny|Fake Out|p1a: Rotom-Wash
|-damage|p1a: Rotom-Wash|95\/303
|cant|p1a: Rotom-Wash|flinch
|
|-heal|p1a: Rotom-Wash|113\/303|[from] item: Leftovers
|turn|53
|
|move|p2a: Lopunny|Return|p1a: Rotom-Wash
|-damage|p1a: Rotom-Wash|0 fnt
|faint|p1a: Rotom-Wash
|
|
|switch|p1a: Jirachi|Jirachi|170\/341
|-damage|p1a: Jirachi|149\/341|[from] Stealth Rock
|turn|54
|c| Biz|this makes or breaks it
|join|Apathos
|c| Biz|i hope you boys think long and hard about your moves here
|c| Biz|long and....hard
|join|DracoNinja
|
|move|p1a: Jirachi|U-turn|p2a: Lopunny
|-resisted|p2a: Lopunny
|-damage|p2a: Lopunny|187\/272
|c|âpokemon is ebola|ggs
|
|switch|p1a: Landorus-Therian|Landorus-Therian, M|124\/382
|-damage|p1a: Landorus-Therian|77\/382|[from] Stealth Rock
|-ability|p1a: Landorus-Therian|Intimidate|[of] p2a: Lopunny
|-unboost|p2a: Lopunny|atk|1
|move|p2a: Lopunny|High Jump Kick|p1a: Landorus-Therian
|-resisted|p1a: Landorus-Therian
|-damage|p1a: Landorus-Therian|11\/382
|
|-heal|p1a: Landorus-Therian|34\/382|[from] item: Leftovers
|turn|55
|c|âpokemon is ebola|i think
|
|move|p2a: Lopunny|Return|p1a: Landorus-Therian
|-damage|p1a: Landorus-Therian|0 fnt
|faint|p1a: Landorus-Therian
|
|
|switch|p1a: Jirachi|Jirachi|149\/341
|-damage|p1a: Jirachi|128\/341|[from] Stealth Rock
|turn|56
|c| Biz|unless flinch hax heatran
|
|move|p1a: Jirachi|Iron Head|p2a: Lopunny
|-damage|p2a: Lopunny|63\/272
|cant|p2a: Lopunny|flinch
|
|turn|57
|
|move|p1a: Jirachi|Iron Head|p2a: Lopunny
|-damage|p2a: Lopunny|0 fnt
|faint|p2a: Lopunny
|
|c| Apathos|Its habbening
|
|switch|p2a: Heatran|Heatran, F|133\/386
|-damage|p2a: Heatran|85\/386|[from] Stealth Rock
|turn|58
|c|âpokemon is ebola|considering my luck against hippo
|c|âpokemon is ebola|i doubt it
|c| Biz|i wouldve went with zen
|
|move|p1a: Jirachi|Iron Head|p2a: Heatran
|-resisted|p2a: Heatran
|-damage|p2a: Heatran|57\/386
|move|p2a: Heatran|Lava Plume|p1a: Jirachi
|-supereffective|p1a: Jirachi
|-damage|p1a: Jirachi|0 fnt
|faint|p1a: Jirachi
|
|win|shartruce2
|raw|Ladder updating...
|c| Biz|tbh
|raw|pokemon is ebola's rating: 1324 &rarr; <strong>1299<\/strong><br \/>(-25 for losing)
|raw|shartruce2's rating: 1227 &rarr; <strong>1259<\/strong><br \/>(+32 for winning)
|c| Apathos|Just flinch like 5 times here bruv.
|c| Apathos|Nvm
|c|âshartruce2|dam
|leave|DracoNinja
|c|âshartruce2|gg
|c|âpokemon is ebola|my flinch hax skills suck
|c|âpokemon is ebola|gg
|leave|Apathos
|leave|shartruce2
|player|p2
|leave|Biz