|join|freeeeex
|join|shartruce2
|player|p1|freeeeex|266
|player|p2|shartruce2|43
|gametype|singles
|gen|6
|tier|OU
|clearpoke
|poke|p1|Skarmory, M
|poke|p1|Dugtrio, M
|poke|p1|Charizard, M
|poke|p1|Suicune
|poke|p1|Tornadus-Therian, M
|poke|p1|Clefable, F
|poke|p2|Venusaur, M
|poke|p2|Mew
|poke|p2|Landorus-Therian, M
|poke|p2|Latios, M
|poke|p2|Keldeo-Resolute
|poke|p2|Jirachi
|rule|ClÃ¡usula de Swagger: se prohibe el uso de Swagger
|rule|ClÃ¡usula de Baton Pass: se prohÃ­be mÃ¡s de 1 PokÃ©mon con Baton Pass
|rule|Mod de clÃ¡usula de dormir: lÃ­mite de 1 PokÃ©mon del oponente durmiendo
|rule|ClÃ¡usula de especie: limita uno de cada PokÃ©mon
|rule|ClÃ¡usula de Golpe Fulminante: los movimientos fulminantes (OHKO) estan prohibidos
|rule|ClÃ¡usula de Moody: Moody estÃ¡ baneado
|rule|ClÃ¡usula de Movimientos Evasivos: los movimientos de evasiÃ³n estan prohibidos
|rule|ClÃ¡usula de Batallas Eternas: forzar batallas eternas estÃ¡ prohibido
|rule|Modo de Porcentaje de HP: el HP es reportado como porcentaje
|teampreview
|join|The DragonKnight
|join|Dallaren
|leave|The DragonKnight
|
|start
|switch|p1a: Tornadus-Therian|Tornadus-Therian, M|332\/332
|switch|p2a: Landorus-Therian|Landorus-Therian, M|325\/325
|-ability|p2a: Landorus-Therian|Intimidate|[of] p1a: Tornadus-Therian
|-unboost|p1a: Tornadus-Therian|atk|1
|turn|1
|
|switch|p1a: Skarmory|Skarmory, M|334\/334
|move|p2a: Landorus-Therian|Stone Edge|p1a: Skarmory|[miss]
|-miss|p2a: Landorus-Therian|p1a: Skarmory
|
|turn|2
|
|switch|p2a: Jirachi|Jirachi|389\/389
|switch|p1a: Suicune|Suicune|404\/404
|-ability|p1a: Suicune|Pressure
|
|turn|3
|
|switch|p2a: Mew|Mew|403\/403
|move|p1a: Suicune|Scald|p2a: Mew
|-damage|p2a: Mew|328\/403
|-status|p2a: Mew|brn
|-status|p1a: Suicune|brn
|
|-heal|p2a: Mew|353\/403 brn|[from] item: Leftovers
|-damage|p2a: Mew|303\/403 brn|[from] brn
|-damage|p1a: Suicune|354\/404 brn|[from] brn
|turn|4
|
|switch|p1a: Charizard|Charizard, M|359\/359
|move|p2a: Mew|Taunt|p1a: Charizard
|-start|p1a: Charizard|move: Taunt
|
|-heal|p2a: Mew|328\/403 brn|[from] item: Leftovers
|-damage|p2a: Mew|278\/403 brn|[from] brn
|turn|5
|
|switch|p2a: Landorus-Therian|Landorus-Therian, M|325\/325
|-ability|p2a: Landorus-Therian|Intimidate|[of] p1a: Charizard
|-unboost|p1a: Charizard|atk|1
|detailschange|p1a: Charizard|Charizard-Mega-X, M
|message|Charizard has Mega Evolved into Mega Charizard!
|move|p1a: Charizard|Fire Punch|p2a: Landorus-Therian
|-damage|p2a: Landorus-Therian|208\/325
|
|turn|6
|
|switch|p1a: Skarmory|Skarmory, M|334\/334
|move|p2a: Landorus-Therian|Knock Off|p1a: Skarmory
|-damage|p1a: Skarmory|242\/334
|-enditem|p1a: Skarmory|Leftovers|[from] move: Knock Off|[of] p2a: Landorus-Therian
|
|turn|7
|
|switch|p2a: Jirachi|Jirachi|389\/389
|switch|p1a: Charizard|Charizard-Mega-X, M|359\/359
|
|turn|8
|
|switch|p2a: Keldeo-Resolute|Keldeo-Resolute|323\/323
|move|p1a: Charizard|Will-O-Wisp|p2a: Keldeo-Resolute
|-status|p2a: Keldeo-Resolute|brn
|
|-damage|p2a: Keldeo-Resolute|283\/323 brn|[from] brn
|turn|9
|
|switch|p1a: Suicune|Suicune|354\/404 brn
|-ability|p1a: Suicune|Pressure
|move|p2a: Keldeo-Resolute|Hydro Pump|p1a: Suicune
|-resisted|p1a: Suicune
|-damage|p1a: Suicune|217\/404 brn
|
|-heal|p1a: Suicune|242\/404 brn|[from] item: Leftovers
|-damage|p2a: Keldeo-Resolute|243\/323 brn|[from] brn
|-damage|p1a: Suicune|192\/404 brn|[from] brn
|turn|10
|
|switch|p2a: Venusaur|Venusaur, M|357\/357
|move|p1a: Suicune|Rest|p1a: Suicune
|-status|p1a: Suicune|slp
|-heal|p1a: Suicune|404\/404 slp|[silent]
|-status|p1a: Suicune|slp|[from] move: Rest
|
|turn|11
|
|switch|p1a: Tornadus-Therian|Tornadus-Therian, M|332\/332
|detailschange|p2a: Venusaur|Venusaur-Mega, M
|message|Venusaur has Mega Evolved into Mega Venusaur!
|move|p2a: Venusaur|Giga Drain|p1a: Tornadus-Therian
|-resisted|p1a: Tornadus-Therian
|-damage|p1a: Tornadus-Therian|284\/332
|
|turn|12
|
|switch|p2a: Jirachi|Jirachi|389\/389
|move|p1a: Tornadus-Therian|Knock Off|p2a: Jirachi
|-supereffective|p2a: Jirachi
|-damage|p2a: Jirachi|243\/389
|-enditem|p2a: Jirachi|Leftovers|[from] move: Knock Off|[of] p1a: Tornadus-Therian
|
|turn|13
|
|move|p1a: Tornadus-Therian|U-turn|p2a: Jirachi
|-damage|p2a: Jirachi|195\/389
|
|switch|p1a: Skarmory|Skarmory, M|242\/334
|move|p2a: Jirachi|Body Slam|p1a: Skarmory
|-resisted|p1a: Skarmory
|-damage|p1a: Skarmory|217\/334
|
|turn|14
|
|move|p2a: Jirachi|Stealth Rock|p1a: Skarmory
|-sidestart|p1: freeeeex|move: Stealth Rock
|move|p1a: Skarmory|Roost|p1a: Skarmory
|-heal|p1a: Skarmory|334\/334
|
|turn|15
|
|move|p2a: Jirachi|Fire Punch|p1a: Skarmory
|-supereffective|p1a: Skarmory
|-damage|p1a: Skarmory|236\/334
|-status|p1a: Skarmory|brn
|move|p1a: Skarmory|Defog|p2a: Jirachi
|-unboost|p2a: Jirachi|evasion|1
|-sideend|p1: freeeeex|Stealth Rock|[from] move: Defog|[of] p1a: Skarmory
|
|-damage|p1a: Skarmory|195\/334 brn|[from] brn
|turn|16
|
|switch|p1a: Dugtrio|Dugtrio, M|201\/201
|move|p2a: Jirachi|Stealth Rock|p1a: Dugtrio
|-sidestart|p1: freeeeex|move: Stealth Rock
|
|turn|17
|
|move|p1a: Dugtrio|Earthquake|p2a: Jirachi
|-supereffective|p2a: Jirachi
|-damage|p2a: Jirachi|0 fnt
|faint|p2a: Jirachi
|
|
|switch|p2a: Venusaur|Venusaur-Mega, M|357\/357
|turn|18
|
|switch|p1a: Tornadus-Therian|Tornadus-Therian, M|332\/332
|-damage|p1a: Tornadus-Therian|249\/332|[from] Stealth Rock
|move|p2a: Venusaur|Sludge Bomb|p1a: Tornadus-Therian
|-damage|p1a: Tornadus-Therian|122\/332
|
|turn|19
|
|switch|p2a: Mew|Mew|278\/403 brn
|move|p1a: Tornadus-Therian|U-turn|p2a: Mew
|-supereffective|p2a: Mew
|-damage|p2a: Mew|172\/403 brn
|
|switch|p1a: Charizard|Charizard-Mega-X, M|359\/359
|-damage|p1a: Charizard|270\/359|[from] Stealth Rock
|
|-heal|p2a: Mew|197\/403 brn|[from] item: Leftovers
|-damage|p2a: Mew|147\/403 brn|[from] brn
|turn|20
|
|move|p2a: Mew|Soft-Boiled|p2a: Mew
|-heal|p2a: Mew|349\/403 brn
|move|p1a: Charizard|Dragon Claw|p2a: Mew
|-damage|p2a: Mew|189\/403 brn
|
|-heal|p2a: Mew|214\/403 brn|[from] item: Leftovers
|-damage|p2a: Mew|164\/403 brn|[from] brn
|turn|21
|
|move|p2a: Mew|Soft-Boiled|p2a: Mew
|-heal|p2a: Mew|366\/403 brn
|move|p1a: Charizard|Roost|p1a: Charizard
|-heal|p1a: Charizard|359\/359
|
|-heal|p2a: Mew|391\/403 brn|[from] item: Leftovers
|-damage|p2a: Mew|341\/403 brn|[from] brn
|turn|22
|
|move|p2a: Mew|Taunt|p1a: Charizard
|-start|p1a: Charizard|move: Taunt
|move|p1a: Charizard|Dragon Claw|p2a: Mew
|-damage|p2a: Mew|197\/403 brn
|
|-heal|p2a: Mew|222\/403 brn|[from] item: Leftovers
|-damage|p2a: Mew|172\/403 brn|[from] brn
|turn|23
|
|switch|p2a: Landorus-Therian|Landorus-Therian, M|208\/325
|-ability|p2a: Landorus-Therian|Intimidate|[of] p1a: Charizard
|-unboost|p1a: Charizard|atk|1
|move|p1a: Charizard|Dragon Claw|p2a: Landorus-Therian
|-damage|p2a: Landorus-Therian|97\/325
|
|turn|24
|
|switch|p1a: Suicune|Suicune|404\/404 slp
|-damage|p1a: Suicune|354\/404 slp|[from] Stealth Rock
|-ability|p1a: Suicune|Pressure
|move|p2a: Landorus-Therian|U-turn|p1a: Suicune
|-damage|p1a: Suicune|293\/404 slp
|
|switch|p2a: Venusaur|Venusaur-Mega, M|357\/357
|
|-heal|p1a: Suicune|318\/404 slp|[from] item: Leftovers
|turn|25
|
|cant|p1a: Suicune|slp
|move|p1a: Suicune|Sleep Talk|p1a: Suicune
|move|p1a: Suicune|Calm Mind|p1a: Suicune|[from]Sleep Talk
|-boost|p1a: Suicune|spa|1
|-boost|p1a: Suicune|spd|1
|move|p2a: Venusaur|Sludge Bomb|p1a: Suicune
|-damage|p1a: Suicune|218\/404 slp
|
|-heal|p1a: Suicune|243\/404 slp|[from] item: Leftovers
|turn|26
|
|switch|p1a: Tornadus-Therian|Tornadus-Therian, M|232\/332
|-damage|p1a: Tornadus-Therian|149\/332|[from] Stealth Rock
|move|p2a: Venusaur|Giga Drain|p1a: Tornadus-Therian
|-resisted|p1a: Tornadus-Therian
|-damage|p1a: Tornadus-Therian|98\/332
|
|turn|27
|
|switch|p2a: Mew|Mew|172\/403 brn
|move|p1a: Tornadus-Therian|Hurricane|p2a: Mew
|-damage|p2a: Mew|48\/403 brn
|-start|p2a: Mew|confusion
|
|-heal|p2a: Mew|73\/403 brn|[from] item: Leftovers
|-damage|p2a: Mew|23\/403 brn|[from] brn
|turn|28
|
|move|p1a: Tornadus-Therian|Knock Off|p2a: Mew
|-supereffective|p2a: Mew
|-damage|p2a: Mew|0 fnt
|-enditem|p2a: Mew|Leftovers|[from] move: Knock Off|[of] p1a: Tornadus-Therian
|faint|p2a: Mew
|
|
|switch|p2a: Landorus-Therian|Landorus-Therian, M|97\/325
|-ability|p2a: Landorus-Therian|Intimidate|[of] p1a: Tornadus-Therian
|-unboost|p1a: Tornadus-Therian|atk|1
|turn|29
|
|move|p2a: Landorus-Therian|U-turn|p1a: Tornadus-Therian
|-resisted|p1a: Tornadus-Therian
|-damage|p1a: Tornadus-Therian|41\/332
|
|switch|p2a: Keldeo-Resolute|Keldeo-Resolute|243\/323 brn
|move|p1a: Tornadus-Therian|U-turn|p2a: Keldeo-Resolute
|-resisted|p2a: Keldeo-Resolute
|-damage|p2a: Keldeo-Resolute|225\/323 brn
|
|switch|p1a: Clefable|Clefable, F|394\/394
|-damage|p1a: Clefable|345\/394|[from] Stealth Rock
|
|-heal|p1a: Clefable|369\/394|[from] item: Leftovers
|-damage|p2a: Keldeo-Resolute|185\/323 brn|[from] brn
|turn|30
|
|switch|p2a: Venusaur|Venusaur-Mega, M|357\/357
|move|p1a: Clefable|Moonblast|p2a: Venusaur
|-resisted|p2a: Venusaur
|-damage|p2a: Venusaur|308\/357
|
|-heal|p1a: Clefable|393\/394|[from] item: Leftovers
|turn|31
|
|switch|p1a: Suicune|Suicune|243\/404 slp
|-damage|p1a: Suicune|193\/404 slp|[from] Stealth Rock
|-ability|p1a: Suicune|Pressure
|move|p2a: Venusaur|Sludge Bomb|p1a: Suicune
|-damage|p1a: Suicune|39\/404 slp
|
|-heal|p1a: Suicune|64\/404 slp|[from] item: Leftovers
|turn|32
|
|cant|p1a: Suicune|slp
|move|p1a: Suicune|Sleep Talk|p1a: Suicune
|move|p1a: Suicune|Rest|p1a: Suicune|[from]Sleep Talk
|-fail|p1a: Suicune
|move|p2a: Venusaur|Sludge Bomb|p1a: Suicune
|-damage|p1a: Suicune|0 fnt
|faint|p1a: Suicune
|
|
|switch|p1a: Skarmory|Skarmory, M|195\/334 brn
|-damage|p1a: Skarmory|154\/334 brn|[from] Stealth Rock
|turn|33
|
|move|p2a: Venusaur|Hidden Power|p1a: Skarmory
|-supereffective|p1a: Skarmory
|-damage|p1a: Skarmory|0 fnt
|faint|p1a: Skarmory
|
|
|switch|p1a: Charizard|Charizard-Mega-X, M|359\/359
|-damage|p1a: Charizard|270\/359|[from] Stealth Rock
|turn|34
|
|switch|p2a: Keldeo-Resolute|Keldeo-Resolute|185\/323 brn
|move|p1a: Charizard|Dragon Claw|p2a: Keldeo-Resolute
|-damage|p2a: Keldeo-Resolute|4\/323 brn
|
|-damage|p2a: Keldeo-Resolute|0 fnt|[from] brn
|faint|p2a: Keldeo-Resolute
|
|switch|p2a: Latios|Latios, M|299\/299
|turn|35
|
|switch|p1a: Dugtrio|Dugtrio, M|201\/201
|-damage|p1a: Dugtrio|189\/201|[from] Stealth Rock
|move|p2a: Latios|Draco Meteor|p1a: Dugtrio
|-damage|p1a: Dugtrio|0 fnt
|-unboost|p2a: Latios|spa|2
|-damage|p2a: Latios|270\/299|[from] item: Life Orb
|faint|p1a: Dugtrio
|
|
|switch|p1a: Tornadus-Therian|Tornadus-Therian, M|151\/332
|-damage|p1a: Tornadus-Therian|68\/332|[from] Stealth Rock
|turn|36
|
|move|p1a: Tornadus-Therian|Knock Off|p2a: Latios
|-supereffective|p2a: Latios
|-damage|p2a: Latios|104\/299
|-enditem|p2a: Latios|Life Orb|[from] move: Knock Off|[of] p1a: Tornadus-Therian
|move|p2a: Latios|Psyshock|p1a: Tornadus-Therian
|-damage|p1a: Tornadus-Therian|0 fnt
|faint|p1a: Tornadus-Therian
|
|
|switch|p1a: Clefable|Clefable, F|393\/394
|-damage|p1a: Clefable|344\/394|[from] Stealth Rock
|turn|37
|
|switch|p2a: Venusaur|Venusaur-Mega, M|308\/357
|move|p1a: Clefable|Calm Mind|p1a: Clefable
|-boost|p1a: Clefable|spa|1
|-boost|p1a: Clefable|spd|1
|
|-heal|p1a: Clefable|368\/394|[from] item: Leftovers
|turn|38
|
|switch|p1a: Charizard|Charizard-Mega-X, M|270\/359
|-damage|p1a: Charizard|181\/359|[from] Stealth Rock
|move|p2a: Venusaur|Sludge Bomb|p1a: Charizard
|-damage|p1a: Charizard|30\/359
|-status|p1a: Charizard|psn
|
|-damage|p1a: Charizard|0 fnt|[from] psn
|faint|p1a: Charizard
|
|switch|p1a: Clefable|Clefable, F|368\/394
|-damage|p1a: Clefable|319\/394|[from] Stealth Rock
|turn|39
|
|move|p2a: Venusaur|Sludge Bomb|p1a: Clefable
|-supereffective|p1a: Clefable
|-damage|p1a: Clefable|0 fnt
|faint|p1a: Clefable
|
|win|shartruce2
|c|âshartruce2|gg
|join|The DragonKnight
|c|âfreeeeex|i might won withouth that burn
|leave|The DragonKnight
|c|âfreeeeex|posino*
|leave|freeeeex
|player|p1
|leave|Dallaren
|join|Tom Bus
|leave|Tom Bus
|join|Tom Bus