|join|Bisharp Nehru
|join|shartruce2
|player|p1|Bisharp Nehru|102
|player|p2|shartruce2|43
|gametype|singles
|gen|6
|tier|OU
|clearpoke
|poke|p1|Mew
|poke|p1|Slowbro, M
|poke|p1|Heatran, F
|poke|p1|Talonflame, F
|poke|p1|Gliscor, F
|poke|p1|Heracross, F
|poke|p2|Venusaur, M
|poke|p2|Mew
|poke|p2|Landorus-Therian, M
|poke|p2|Latios, M
|poke|p2|Keldeo-Resolute
|poke|p2|Jirachi
|rule|ClÃ¡usula de Swagger: se prohibe el uso de Swagger
|rule|ClÃ¡usula de Baton Pass: se prohÃ­be mÃ¡s de 1 PokÃ©mon con Baton Pass
|rule|Mod de clÃ¡usula de dormir: lÃ­mite de 1 PokÃ©mon del oponente durmiendo
|rule|ClÃ¡usula de especie: limita uno de cada PokÃ©mon
|rule|ClÃ¡usula de Golpe Fulminante: los movimientos fulminantes (OHKO) estan prohibidos
|rule|ClÃ¡usula de Moody: Moody estÃ¡ baneado
|rule|ClÃ¡usula de Movimientos Evasivos: los movimientos de evasiÃ³n estan prohibidos
|rule|ClÃ¡usula de Batallas Eternas: forzar batallas eternas estÃ¡ prohibido
|rule|Modo de Porcentaje de HP: el HP es reportado como porcentaje
|teampreview
|
|start
|switch|p1a: Heracross|Heracross, F|301\/301
|switch|p2a: Mew|Mew|403\/403
|turn|1
|
|switch|p2a: Landorus-Therian|Landorus-Therian, M|325\/325
|-ability|p2a: Landorus-Therian|Intimidate|[of] p1a: Heracross
|-unboost|p1a: Heracross|atk|1
|detailschange|p1a: Heracross|Heracross-Mega, F
|message|Heracross has Mega Evolved into Mega Heracross!
|move|p1a: Heracross|Pin Missile|p2a: Landorus-Therian
|-resisted|p2a: Landorus-Therian
|-damage|p2a: Landorus-Therian|304\/325
|-resisted|p2a: Landorus-Therian
|-damage|p2a: Landorus-Therian|282\/325
|-resisted|p2a: Landorus-Therian
|-damage|p2a: Landorus-Therian|260\/325
|-resisted|p2a: Landorus-Therian
|-damage|p2a: Landorus-Therian|240\/325
|-resisted|p2a: Landorus-Therian
|-damage|p2a: Landorus-Therian|216\/325
|-hitcount|p2a: Landorus-Therian|5
|
|turn|2
|
|switch|p1a: Gliscor|Gliscor, F|352\/352
|move|p2a: Landorus-Therian|U-turn|p1a: Gliscor
|-resisted|p1a: Gliscor
|-damage|p1a: Gliscor|320\/352
|
|switch|p2a: Keldeo-Resolute|Keldeo-Resolute|323\/323
|
|-status|p1a: Gliscor|tox|[from] item: Toxic Orb
|turn|3
|
|switch|p1a: Slowbro|Slowbro, M|393\/393
|move|p2a: Keldeo-Resolute|Scald|p1a: Slowbro
|-resisted|p1a: Slowbro
|-damage|p1a: Slowbro|266\/393
|
|-heal|p1a: Slowbro|290\/393|[from] item: Leftovers
|turn|4
|
|switch|p2a: Venusaur|Venusaur, M|357\/357
|switch|p1a: Heatran|Heatran, F|385\/385
|
|turn|5
|
|switch|p2a: Keldeo-Resolute|Keldeo-Resolute|323\/323
|move|p1a: Heatran|Stealth Rock|p2a: Keldeo-Resolute
|-sidestart|p2: shartruce2|move: Stealth Rock
|
|turn|6
|
|switch|p1a: Slowbro|Slowbro, M|393\/393
|move|p2a: Keldeo-Resolute|Scald|p1a: Slowbro
|-resisted|p1a: Slowbro
|-damage|p1a: Slowbro|273\/393
|
|-heal|p1a: Slowbro|297\/393|[from] item: Leftovers
|turn|7
|
|switch|p2a: Jirachi|Jirachi|389\/389
|-damage|p2a: Jirachi|365\/389|[from] Stealth Rock
|move|p1a: Slowbro|Thunder Wave|p2a: Jirachi
|-status|p2a: Jirachi|par
|
|-heal|p1a: Slowbro|321\/393|[from] item: Leftovers
|-heal|p2a: Jirachi|389\/389 par|[from] item: Leftovers
|turn|8
|
|switch|p1a: Heatran|Heatran, F|385\/385
|move|p2a: Jirachi|Stealth Rock|p1a: Heatran
|-sidestart|p1: Bisharp Nehru|move: Stealth Rock
|
|turn|9
|
|switch|p2a: Latios|Latios, M|299\/299
|-damage|p2a: Latios|262\/299|[from] Stealth Rock
|move|p1a: Heatran|Toxic|p2a: Latios
|-status|p2a: Latios|tox
|
|-damage|p2a: Latios|244\/299 tox|[from] psn
|turn|10
|
|switch|p2a: Keldeo-Resolute|Keldeo-Resolute|323\/323
|-damage|p2a: Keldeo-Resolute|303\/323|[from] Stealth Rock
|switch|p1a: Mew|Mew|403\/403
|-damage|p1a: Mew|353\/403|[from] Stealth Rock
|
|-heal|p1a: Mew|378\/403|[from] item: Leftovers
|turn|11
|
|switch|p2a: Venusaur|Venusaur, M|357\/357
|-damage|p2a: Venusaur|313\/357|[from] Stealth Rock
|move|p1a: Mew|Roost|p1a: Mew
|-heal|p1a: Mew|403\/403
|
|turn|12
|
|detailschange|p2a: Venusaur|Venusaur-Mega, M
|message|Venusaur has Mega Evolved into Mega Venusaur!
|move|p1a: Mew|Will-O-Wisp|p2a: Venusaur|[miss]
|-miss|p1a: Mew|p2a: Venusaur
|move|p2a: Venusaur|Sludge Bomb|p1a: Mew
|-damage|p1a: Mew|267\/403
|-status|p1a: Mew|psn
|
|-heal|p1a: Mew|292\/403 psn|[from] item: Leftovers
|-damage|p1a: Mew|242\/403 psn|[from] psn
|turn|13
|c|âBisharp Nehru|i mean
|c|âBisharp Nehru|really tho
|c|âBisharp Nehru|?
|
|switch|p2a: Latios|Latios, M|244\/299 tox
|-damage|p2a: Latios|207\/299 tox|[from] Stealth Rock
|move|p1a: Mew|Roost|p1a: Mew
|-heal|p1a: Mew|403\/403 psn
|
|-damage|p2a: Latios|189\/299 tox|[from] psn
|-damage|p1a: Mew|353\/403 psn|[from] psn
|turn|14
|
|switch|p2a: Mew|Mew|403\/403
|-damage|p2a: Mew|353\/403|[from] Stealth Rock
|move|p1a: Mew|Roost|p1a: Mew
|-heal|p1a: Mew|403\/403 psn
|
|-heal|p2a: Mew|378\/403|[from] item: Leftovers
|-damage|p1a: Mew|353\/403 psn|[from] psn
|turn|15
|
|switch|p1a: Gliscor|Gliscor, F|320\/352 tox
|-damage|p1a: Gliscor|276\/352 tox|[from] Stealth Rock
|move|p2a: Mew|Knock Off|p1a: Gliscor
|-damage|p1a: Gliscor|217\/352 tox
|-enditem|p1a: Gliscor|Toxic Orb|[from] move: Knock Off|[of] p2a: Mew
|
|-heal|p2a: Mew|403\/403|[from] item: Leftovers
|-heal|p1a: Gliscor|261\/352 tox|[from] ability: Poison Heal
|turn|16
|
|switch|p2a: Venusaur|Venusaur-Mega, M|313\/357
|-damage|p2a: Venusaur|269\/357|[from] Stealth Rock
|move|p1a: Gliscor|Acrobatics|p2a: Venusaur
|-supereffective|p2a: Venusaur
|-damage|p2a: Venusaur|65\/357
|
|-heal|p1a: Gliscor|305\/352 tox|[from] ability: Poison Heal
|turn|17
|
|switch|p2a: Landorus-Therian|Landorus-Therian, M|216\/325
|-damage|p2a: Landorus-Therian|176\/325|[from] Stealth Rock
|-ability|p2a: Landorus-Therian|Intimidate|[of] p1a: Gliscor
|-unboost|p1a: Gliscor|atk|1
|move|p1a: Gliscor|Acrobatics|p2a: Landorus-Therian
|-crit|p2a: Landorus-Therian
|-damage|p2a: Landorus-Therian|0 fnt
|faint|p2a: Landorus-Therian
|
|-heal|p1a: Gliscor|349\/352 tox|[from] ability: Poison Heal
|
|switch|p2a: Keldeo-Resolute|Keldeo-Resolute|303\/323
|-damage|p2a: Keldeo-Resolute|283\/323|[from] Stealth Rock
|turn|18
|
|switch|p1a: Slowbro|Slowbro, M|393\/393
|-damage|p1a: Slowbro|344\/393|[from] Stealth Rock
|move|p2a: Keldeo-Resolute|Scald|p1a: Slowbro
|-resisted|p1a: Slowbro
|-damage|p1a: Slowbro|218\/393
|-status|p1a: Slowbro|brn
|
|-heal|p1a: Slowbro|242\/393 brn|[from] item: Leftovers
|-damage|p1a: Slowbro|193\/393 brn|[from] brn
|turn|19
|
|switch|p2a: Venusaur|Venusaur-Mega, M|65\/357
|-damage|p2a: Venusaur|21\/357|[from] Stealth Rock
|move|p1a: Slowbro|Slack Off|p1a: Slowbro
|-heal|p1a: Slowbro|390\/393 brn
|
|-heal|p1a: Slowbro|393\/393 brn|[from] item: Leftovers
|-damage|p1a: Slowbro|344\/393 brn|[from] brn
|turn|20
|
|switch|p1a: Mew|Mew|353\/403 psn
|-damage|p1a: Mew|303\/403 psn|[from] Stealth Rock
|move|p2a: Venusaur|Synthesis|p2a: Venusaur
|-heal|p2a: Venusaur|199\/357
|
|-heal|p1a: Mew|328\/403 psn|[from] item: Leftovers
|-damage|p1a: Mew|278\/403 psn|[from] psn
|turn|21
|
|move|p1a: Mew|Defog|p2a: Venusaur
|-unboost|p2a: Venusaur|evasion|1
|-sideend|p2: shartruce2|Stealth Rock|[from] move: Defog|[of] p2a: Venusaur
|-sideend|p1: Bisharp Nehru|Stealth Rock|[from] move: Defog|[of] p1a: Mew
|move|p2a: Venusaur|Giga Drain|p1a: Mew
|-damage|p1a: Mew|169\/403 psn
|-heal|p2a: Venusaur|254\/357|[from] drain|[of] p1a: Mew
|
|-heal|p1a: Mew|194\/403 psn|[from] item: Leftovers
|-damage|p1a: Mew|144\/403 psn|[from] psn
|turn|22
|
|move|p1a: Mew|Roost|p1a: Mew
|-heal|p1a: Mew|346\/403 psn
|move|p2a: Venusaur|Sludge Bomb|p1a: Mew
|-damage|p1a: Mew|205\/403 psn
|
|-heal|p1a: Mew|230\/403 psn|[from] item: Leftovers
|-damage|p1a: Mew|180\/403 psn|[from] psn
|turn|23
|
|switch|p2a: Keldeo-Resolute|Keldeo-Resolute|283\/323
|move|p1a: Mew|Roost|p1a: Mew
|-heal|p1a: Mew|382\/403 psn
|
|-heal|p1a: Mew|403\/403 psn|[from] item: Leftovers
|-damage|p1a: Mew|353\/403 psn|[from] psn
|turn|24
|
|switch|p2a: Jirachi|Jirachi|389\/389 par
|move|p1a: Mew|Roost|p1a: Mew
|-heal|p1a: Mew|403\/403 psn
|
|-damage|p1a: Mew|353\/403 psn|[from] psn
|turn|25
|
|move|p1a: Mew|Knock Off|p2a: Jirachi
|-supereffective|p2a: Jirachi
|-damage|p2a: Jirachi|243\/389 par
|-enditem|p2a: Jirachi|Leftovers|[from] move: Knock Off|[of] p1a: Mew
|move|p2a: Jirachi|Stealth Rock|p1a: Mew
|-sidestart|p1: Bisharp Nehru|move: Stealth Rock
|
|-heal|p1a: Mew|378\/403 psn|[from] item: Leftovers
|-damage|p1a: Mew|328\/403 psn|[from] psn
|turn|26
|
|move|p1a: Mew|Defog|p2a: Jirachi
|-unboost|p2a: Jirachi|evasion|1
|-sideend|p1: Bisharp Nehru|Stealth Rock|[from] move: Defog|[of] p1a: Mew
|move|p2a: Jirachi|Iron Head|p1a: Mew
|-damage|p1a: Mew|226\/403 psn
|
|-heal|p1a: Mew|251\/403 psn|[from] item: Leftovers
|-damage|p1a: Mew|201\/403 psn|[from] psn
|turn|27
|
|switch|p2a: Mew|Mew|403\/403
|move|p1a: Mew|Roost|p1a: Mew
|-heal|p1a: Mew|403\/403 psn
|
|-damage|p1a: Mew|353\/403 psn|[from] psn
|turn|28
|
|switch|p1a: Heracross|Heracross-Mega, F|301\/301
|move|p2a: Mew|Knock Off|p1a: Heracross
|-resisted|p1a: Heracross
|-damage|p1a: Heracross|280\/301
|
|turn|29
|
|move|p2a: Mew|Will-O-Wisp|p1a: Heracross
|-status|p1a: Heracross|brn
|move|p1a: Heracross|Pin Missile|p2a: Mew
|-crit|p2a: Mew
|-supereffective|p2a: Mew
|-damage|p2a: Mew|311\/403
|-supereffective|p2a: Mew
|-damage|p2a: Mew|257\/403
|-supereffective|p2a: Mew
|-damage|p2a: Mew|201\/403
|-crit|p2a: Mew
|-supereffective|p2a: Mew
|-damage|p2a: Mew|111\/403
|-supereffective|p2a: Mew
|-damage|p2a: Mew|55\/403
|-hitcount|p2a: Mew|5
|
|-heal|p2a: Mew|80\/403|[from] item: Leftovers
|-damage|p1a: Heracross|243\/301 brn|[from] brn
|turn|30
|
|switch|p2a: Venusaur|Venusaur-Mega, M|254\/357
|move|p1a: Heracross|Swords Dance|p1a: Heracross
|-boost|p1a: Heracross|atk|2
|
|-damage|p1a: Heracross|206\/301 brn|[from] brn
|turn|31
|
|switch|p1a: Heatran|Heatran, F|385\/385
|move|p2a: Venusaur|Sludge Bomb|p1a: Heatran
|-immune|p1a: Heatran|[msg]
|
|turn|32
|
|switch|p2a: Keldeo-Resolute|Keldeo-Resolute|283\/323
|move|p1a: Heatran|Lava Plume|p2a: Keldeo-Resolute
|-resisted|p2a: Keldeo-Resolute
|-damage|p2a: Keldeo-Resolute|220\/323
|
|turn|33
|
|switch|p1a: Slowbro|Slowbro, M|393\/393 brn
|move|p2a: Keldeo-Resolute|Hydro Pump|p1a: Slowbro|[miss]
|-miss|p2a: Keldeo-Resolute|p1a: Slowbro
|
|-damage|p1a: Slowbro|344\/393 brn|[from] brn
|turn|34
|
|switch|p2a: Jirachi|Jirachi|243\/389 par
|move|p1a: Slowbro|Scald|p2a: Jirachi
|-damage|p2a: Jirachi|159\/389 par
|
|-heal|p1a: Slowbro|368\/393 brn|[from] item: Leftovers
|-damage|p1a: Slowbro|319\/393 brn|[from] brn
|turn|35
|
|switch|p1a: Heatran|Heatran, F|385\/385
|move|p2a: Jirachi|Stealth Rock|p1a: Heatran
|-sidestart|p1: Bisharp Nehru|move: Stealth Rock
|
|turn|36
|
|switch|p2a: Keldeo-Resolute|Keldeo-Resolute|220\/323
|move|p1a: Heatran|Stealth Rock|p2a: Keldeo-Resolute
|-sidestart|p2: shartruce2|move: Stealth Rock
|
|turn|37
|
|switch|p1a: Heracross|Heracross-Mega, F|206\/301 brn
|-damage|p1a: Heracross|169\/301 brn|[from] Stealth Rock
|move|p2a: Keldeo-Resolute|Hydro Pump|p1a: Heracross
|-damage|p1a: Heracross|0 fnt
|faint|p1a: Heracross
|
|
|switch|p1a: Talonflame|Talonflame, F|359\/359
|-damage|p1a: Talonflame|180\/359|[from] Stealth Rock
|turn|38
|
|switch|p2a: Mew|Mew|80\/403
|-damage|p2a: Mew|30\/403|[from] Stealth Rock
|move|p1a: Talonflame|Brave Bird|p2a: Mew
|-damage|p2a: Mew|0 fnt
|-damage|p1a: Talonflame|170\/359|[from] recoil|[of] p2a: Mew
|faint|p2a: Mew
|
|-heal|p1a: Talonflame|192\/359|[from] item: Leftovers
|
|switch|p2a: Jirachi|Jirachi|159\/389 par
|-damage|p2a: Jirachi|135\/389 par|[from] Stealth Rock
|turn|39
|
|move|p1a: Talonflame|Taunt|p2a: Jirachi
|-start|p2a: Jirachi|move: Taunt
|move|p2a: Jirachi|Body Slam|p1a: Talonflame
|-damage|p1a: Talonflame|80\/359
|-status|p1a: Talonflame|par
|
|-heal|p1a: Talonflame|102\/359 par|[from] item: Leftovers
|turn|40
|
|move|p1a: Talonflame|Roost|p1a: Talonflame
|-heal|p1a: Talonflame|282\/359 par
|move|p2a: Jirachi|Body Slam|p1a: Talonflame
|-damage|p1a: Talonflame|184\/359 par
|
|-heal|p1a: Talonflame|206\/359 par|[from] item: Leftovers
|turn|41
|
|move|p1a: Talonflame|Roost|p1a: Talonflame
|-heal|p1a: Talonflame|359\/359 par
|move|p2a: Jirachi|Body Slam|p1a: Talonflame
|-damage|p1a: Talonflame|258\/359 par
|
|-heal|p1a: Talonflame|280\/359 par|[from] item: Leftovers
|-end|p2a: Jirachi|move: Taunt
|turn|42
|
|move|p1a: Talonflame|Taunt|p2a: Jirachi
|-start|p2a: Jirachi|move: Taunt
|move|p2a: Jirachi|Body Slam|p1a: Talonflame
|-damage|p1a: Talonflame|173\/359 par
|
|-heal|p1a: Talonflame|195\/359 par|[from] item: Leftovers
|turn|43
|
|move|p1a: Talonflame|Roost|p1a: Talonflame
|-heal|p1a: Talonflame|359\/359 par
|move|p2a: Jirachi|Body Slam|p1a: Talonflame
|-damage|p1a: Talonflame|255\/359 par
|
|-heal|p1a: Talonflame|277\/359 par|[from] item: Leftovers
|turn|44
|
|switch|p1a: Gliscor|Gliscor, F|349\/352 tox
|-damage|p1a: Gliscor|305\/352 tox|[from] Stealth Rock
|move|p2a: Jirachi|Body Slam|p1a: Gliscor
|-damage|p1a: Gliscor|252\/352 tox
|
|-heal|p1a: Gliscor|296\/352 tox|[from] ability: Poison Heal
|-end|p2a: Jirachi|move: Taunt
|turn|45
|
|move|p1a: Gliscor|Earthquake|p2a: Jirachi
|-supereffective|p2a: Jirachi
|-damage|p2a: Jirachi|0 fnt
|faint|p2a: Jirachi
|
|-heal|p1a: Gliscor|340\/352 tox|[from] ability: Poison Heal
|
|switch|p2a: Keldeo-Resolute|Keldeo-Resolute|220\/323
|-damage|p2a: Keldeo-Resolute|200\/323|[from] Stealth Rock
|turn|46
|
|switch|p1a: Slowbro|Slowbro, M|393\/393 brn
|-damage|p1a: Slowbro|344\/393 brn|[from] Stealth Rock
|move|p2a: Keldeo-Resolute|Hydro Pump|p1a: Slowbro
|-resisted|p1a: Slowbro
|-damage|p1a: Slowbro|181\/393 brn
|
|-heal|p1a: Slowbro|205\/393 brn|[from] item: Leftovers
|-damage|p1a: Slowbro|156\/393 brn|[from] brn
|turn|47
|
|move|p2a: Keldeo-Resolute|Hydro Pump|p1a: Slowbro
|-resisted|p1a: Slowbro
|-damage|p1a: Slowbro|0 fnt
|faint|p1a: Slowbro
|
|
|switch|p1a: Mew|Mew|353\/403 psn
|-damage|p1a: Mew|303\/403 psn|[from] Stealth Rock
|turn|48
|
|move|p2a: Keldeo-Resolute|Hydro Pump|p1a: Mew
|-damage|p1a: Mew|62\/403 psn
|move|p1a: Mew|Roost|p1a: Mew
|-heal|p1a: Mew|264\/403 psn
|
|-heal|p1a: Mew|289\/403 psn|[from] item: Leftovers
|-damage|p1a: Mew|239\/403 psn|[from] psn
|turn|49
|
|move|p2a: Keldeo-Resolute|Hydro Pump|p1a: Mew|[miss]
|-miss|p2a: Keldeo-Resolute|p1a: Mew
|move|p1a: Mew|Will-O-Wisp|p2a: Keldeo-Resolute
|-status|p2a: Keldeo-Resolute|brn
|
|-heal|p1a: Mew|264\/403 psn|[from] item: Leftovers
|-damage|p2a: Keldeo-Resolute|160\/323 brn|[from] brn
|-damage|p1a: Mew|214\/403 psn|[from] psn
|turn|50
|
|move|p2a: Keldeo-Resolute|Hydro Pump|p1a: Mew
|-damage|p1a: Mew|0 fnt
|faint|p1a: Mew
|
|-damage|p2a: Keldeo-Resolute|120\/323 brn|[from] brn
|join|Fuccbois
|
|switch|p1a: Talonflame|Talonflame, F|277\/359 par
|-damage|p1a: Talonflame|98\/359 par|[from] Stealth Rock
|turn|51
|
|switch|p2a: Venusaur|Venusaur-Mega, M|254\/357
|-damage|p2a: Venusaur|210\/357|[from] Stealth Rock
|move|p1a: Talonflame|Brave Bird|p2a: Venusaur
|-supereffective|p2a: Venusaur
|-damage|p2a: Venusaur|0 fnt
|-damage|p1a: Talonflame|29\/359 par|[from] recoil|[of] p2a: Venusaur
|faint|p2a: Venusaur
|
|-heal|p1a: Talonflame|51\/359 par|[from] item: Leftovers
|
|switch|p2a: Latios|Latios, M|189\/299 tox
|-damage|p2a: Latios|152\/299 tox|[from] Stealth Rock
|turn|52
|
|move|p1a: Talonflame|Roost|p1a: Talonflame
|-heal|p1a: Talonflame|231\/359 par
|move|p2a: Latios|Psyshock|p1a: Talonflame
|-damage|p1a: Talonflame|0 fnt
|-damage|p2a: Latios|123\/299 tox|[from] item: Life Orb
|faint|p1a: Talonflame
|
|-damage|p2a: Latios|105\/299 tox|[from] psn
|
|switch|p1a: Heatran|Heatran, F|385\/385
|-damage|p1a: Heatran|337\/385|[from] Stealth Rock
|turn|53
|c|âBisharp Nehru|i choked
|c|âBisharp Nehru|lol
|
|move|p2a: Latios|Psyshock|p1a: Heatran
|-resisted|p1a: Heatran
|-damage|p1a: Heatran|249\/385
|-damage|p2a: Latios|76\/299 tox|[from] item: Life Orb
|move|p1a: Heatran|Lava Plume|p2a: Latios
|-resisted|p2a: Latios
|-damage|p2a: Latios|22\/299 tox
|
|-heal|p1a: Heatran|273\/385|[from] item: Leftovers
|-damage|p2a: Latios|0 fnt|[from] psn
|faint|p2a: Latios
|c|âBisharp Nehru|i guess i couldnt stop the luck tho
|c|âBisharp Nehru|rip
|c|âshartruce2|yeh sorry about that
|
|switch|p2a: Keldeo-Resolute|Keldeo-Resolute|120\/323 brn
|-damage|p2a: Keldeo-Resolute|100\/323 brn|[from] Stealth Rock
|turn|54
|
|move|p2a: Keldeo-Resolute|Scald|p1a: Heatran
|-supereffective|p1a: Heatran
|-damage|p1a: Heatran|0 fnt
|faint|p1a: Heatran
|
|-damage|p2a: Keldeo-Resolute|60\/323 brn|[from] brn
|
|switch|p1a: Gliscor|Gliscor, F|340\/352 tox
|-damage|p1a: Gliscor|296\/352 tox|[from] Stealth Rock
|turn|55
|c|âBisharp Nehru|pokemon sucks
|
|move|p2a: Keldeo-Resolute|Scald|p1a: Gliscor
|-supereffective|p1a: Gliscor
|-damage|p1a: Gliscor|0 fnt
|faint|p1a: Gliscor
|
|win|shartruce2
|leave|Bisharp Nehru
|player|p1