|inactive|Battle timer is ON: inactive players will automatically lose when time's up.
|join|shartruce2
|join|reyscarface
|player|p1|shartruce2|43
|player|p2|reyscarface|265
|gametype|singles
|gen|6
|tier|OU
|clearpoke
|poke|p1|Latios, M
|poke|p1|Tyranitar, M
|poke|p1|Heatran, M
|poke|p1|Ferrothorn, F
|poke|p1|Landorus-Therian, M
|poke|p1|Azumarill, M
|poke|p2|Tyranitar, M
|poke|p2|Latios, M
|poke|p2|Scizor, F
|poke|p2|Rotom-Wash
|poke|p2|Excadrill, F
|poke|p2|Landorus, M
|rule|Swagger Clause: Swagger is banned
|rule|Baton Pass Clause: Limit one PokÃ©mon knowing Baton Pass
|rule|Sleep Clause Mod: Limit one foe put to sleep
|rule|Species Clause: Limit one of each PokÃ©mon
|rule|OHKO Clause: OHKO moves are banned
|rule|Moody Clause: Moody is banned
|rule|Evasion Moves Clause: Evasion moves are banned
|rule|Endless Battle Clause: Forcing endless battles is banned
|rule|HP Percentage Mod: HP is shown in percentages
|teampreview
|join|swimmerboy21
|join|ALEXANDER
|join|CAUSE & EFFECT
|join|sofa king cool
|join|IAmGingy
|join|Bluwing
|join|M Dragon
|
|start
|switch|p1a: mandatory fire|Heatran, M|386\/386
|switch|p2a: Landorus|Landorus, M|325\/325
|turn|1
|join|Hot N Cold
|join|Hawkstar
|
|switch|p1a: mandatory water|Azumarill, M|345\/345
|move|p2a: Landorus|Substitute|p2a: Landorus
|-start|p2a: Landorus|Substitute
|-damage|p2a: Landorus|244\/325
|
|turn|2
|join|Sm0g Fr0g
|
|move|p1a: mandatory water|Aqua Jet|p2a: Landorus
|-supereffective|p2a: Landorus
|-end|p2a: Landorus|Substitute
|move|p2a: Landorus|Sludge Wave|p1a: mandatory water
|-supereffective|p1a: mandatory water
|-damage|p1a: mandatory water|90\/345
|
|turn|3
|
|switch|p2a: Scizor|Scizor, F|343\/343
|move|p1a: mandatory water|Aqua Jet|p2a: Scizor
|-damage|p2a: Scizor|258\/343
|
|turn|4
|
|switch|p1a: mandatory ground|Landorus-Therian, M|318\/318
|-ability|p1a: mandatory ground|Intimidate|[of] p2a: Scizor
|-unboost|p2a: Scizor|atk|1
|detailschange|p2a: Scizor|Scizor-Mega, F
|message|Scizor has Mega Evolved into Mega Scizor!
|move|p2a: Scizor|U-turn|p1a: mandatory ground
|-resisted|p1a: mandatory ground
|-damage|p1a: mandatory ground|261\/318
|
|switch|p2a: Rotom-Wash|Rotom-Wash|304\/304
|
|turn|5
|
|move|p1a: mandatory ground|U-turn|p2a: Rotom-Wash
|-damage|p2a: Rotom-Wash|242\/304
|leave|Hawkstar
|
|switch|p1a: mandatory grass|Ferrothorn, F|352\/352
|move|p2a: Rotom-Wash|Will-O-Wisp|p1a: mandatory grass
|-status|p1a: mandatory grass|brn
|
|-heal|p2a: Rotom-Wash|261\/304|[from] item: Leftovers
|-damage|p1a: mandatory grass|308\/352 brn|[from] brn
|turn|6
|
|move|p2a: Rotom-Wash|Volt Switch|p1a: mandatory grass
|-resisted|p1a: mandatory grass
|-damage|p1a: mandatory grass|267\/352 brn
|
|switch|p2a: Landorus|Landorus, M|244\/325
|move|p1a: mandatory grass|Stealth Rock|p2a: Landorus
|-sidestart|p2: reyscarface|move: Stealth Rock
|
|-heal|p1a: mandatory grass|289\/352 brn|[from] item: Leftovers
|-damage|p1a: mandatory grass|245\/352 brn|[from] brn
|turn|7
|
|switch|p1a: mandatory ground|Landorus-Therian, M|261\/318
|-ability|p1a: mandatory ground|Intimidate|[of] p2a: Landorus
|-unboost|p2a: Landorus|atk|1
|move|p2a: Landorus|Earth Power|p1a: mandatory ground
|-immune|p1a: mandatory ground|[msg]
|
|turn|8
|
|move|p1a: mandatory ground|Rock Slide|p2a: Landorus
|-damage|p2a: Landorus|143\/325
|move|p2a: Landorus|Psychic|p1a: mandatory ground
|-damage|p1a: mandatory ground|0 fnt
|faint|p1a: mandatory ground
|
|
|switch|p1a: mandatory dragon|Latios, M|302\/302
|turn|9
|
|switch|p2a: Tyranitar|Tyranitar, M|404\/404
|-damage|p2a: Tyranitar|354\/404|[from] Stealth Rock
|-weather|Sandstorm
|move|p1a: mandatory dragon|Draco Meteor|p2a: Tyranitar
|-damage|p2a: Tyranitar|205\/404
|-unboost|p1a: mandatory dragon|spa|2
|-damage|p1a: mandatory dragon|272\/302|[from] item: Life Orb
|
|-weather|Sandstorm|[upkeep]
|-damage|p1a: mandatory dragon|254\/302|[from] sandstorm
|turn|10
|
|move|p1a: mandatory dragon|Earthquake|p2a: Tyranitar
|-supereffective|p2a: Tyranitar
|-damage|p2a: Tyranitar|41\/404
|-damage|p1a: mandatory dragon|224\/302|[from] item: Life Orb
|move|p2a: Tyranitar|Stealth Rock|p1a: mandatory dragon
|-sidestart|p1: shartruce2|move: Stealth Rock
|
|-weather|Sandstorm|[upkeep]
|-damage|p1a: mandatory dragon|206\/302|[from] sandstorm
|turn|11
|
|move|p1a: mandatory dragon|Earthquake|p2a: Tyranitar
|-supereffective|p2a: Tyranitar
|-damage|p2a: Tyranitar|0 fnt
|-damage|p1a: mandatory dragon|176\/302|[from] item: Life Orb
|faint|p2a: Tyranitar
|
|-weather|Sandstorm|[upkeep]
|-damage|p1a: mandatory dragon|158\/302|[from] sandstorm
|
|switch|p2a: Excadrill|Excadrill, F|362\/362
|-damage|p2a: Excadrill|351\/362|[from] Stealth Rock
|turn|12
|
|switch|p1a: mandatory grass|Ferrothorn, F|245\/352 brn
|-damage|p1a: mandatory grass|223\/352 brn|[from] Stealth Rock
|move|p2a: Excadrill|Substitute|p2a: Excadrill
|-start|p2a: Excadrill|Substitute
|-damage|p2a: Excadrill|261\/362
|
|-weather|Sandstorm|[upkeep]
|-heal|p1a: mandatory grass|245\/352 brn|[from] item: Leftovers
|-damage|p1a: mandatory grass|201\/352 brn|[from] brn
|turn|13
|
|move|p2a: Excadrill|Earthquake|p1a: mandatory grass
|-damage|p1a: mandatory grass|57\/352 brn
|-damage|p2a: Excadrill|225\/362|[from] item: Life Orb
|move|p1a: mandatory grass|Power Whip|p2a: Excadrill
|-end|p2a: Excadrill|Substitute
|
|-weather|Sandstorm|[upkeep]
|-heal|p1a: mandatory grass|79\/352 brn|[from] item: Leftovers
|-damage|p1a: mandatory grass|35\/352 brn|[from] brn
|turn|14
|join|Vinc2612
|
|move|p2a: Excadrill|Earthquake|p1a: mandatory grass
|-damage|p1a: mandatory grass|0 fnt
|-damage|p2a: Excadrill|189\/362|[from] item: Life Orb
|faint|p1a: mandatory grass
|
|-weather|Sandstorm|[upkeep]
|
|switch|p1a: mandatory water|Azumarill, M|90\/345
|-damage|p1a: mandatory water|47\/345|[from] Stealth Rock
|turn|15
|
|switch|p2a: Rotom-Wash|Rotom-Wash|261\/304
|-damage|p2a: Rotom-Wash|223\/304|[from] Stealth Rock
|move|p1a: mandatory water|Aqua Jet|p2a: Rotom-Wash
|-resisted|p2a: Rotom-Wash
|-damage|p2a: Rotom-Wash|192\/304
|
|-weather|Sandstorm|[upkeep]
|-damage|p2a: Rotom-Wash|173\/304|[from] sandstorm
|-damage|p1a: mandatory water|26\/345|[from] sandstorm
|-heal|p2a: Rotom-Wash|192\/304|[from] item: Leftovers
|turn|16
|
|move|p2a: Rotom-Wash|Volt Switch|p1a: mandatory water
|-supereffective|p1a: mandatory water
|-damage|p1a: mandatory water|0 fnt
|faint|p1a: mandatory water
|
|switch|p2a: Latios|Latios, M|304\/304
|-damage|p2a: Latios|266\/304|[from] Stealth Rock
|
|-weather|none
|
|switch|p1a: mandatory rock|Tyranitar, M|342\/342
|-damage|p1a: mandatory rock|300\/342|[from] Stealth Rock
|-weather|Sandstorm
|turn|17
|
|detailschange|p1a: mandatory rock|Tyranitar-Mega, M
|message|Tyranitar has Mega Evolved into Mega Tyranitar!
|move|p2a: Latios|Draco Meteor|p1a: mandatory rock
|-damage|p1a: mandatory rock|119\/342
|-unboost|p2a: Latios|spa|2
|-damage|p2a: Latios|236\/304|[from] item: Life Orb
|move|p1a: mandatory rock|Dragon Dance|p1a: mandatory rock
|-boost|p1a: mandatory rock|atk|1
|-boost|p1a: mandatory rock|spe|1
|
|-weather|Sandstorm|[upkeep]
|-damage|p2a: Latios|217\/304|[from] sandstorm
|turn|18
|
|move|p1a: mandatory rock|Ice Punch|p2a: Latios
|-supereffective|p2a: Latios
|-damage|p2a: Latios|0 fnt
|faint|p2a: Latios
|
|-weather|Sandstorm|[upkeep]
|
|switch|p2a: Excadrill|Excadrill, F|189\/362
|-damage|p2a: Excadrill|178\/362|[from] Stealth Rock
|turn|19
|
|move|p2a: Excadrill|Earthquake|p1a: mandatory rock
|-supereffective|p1a: mandatory rock
|-damage|p1a: mandatory rock|0 fnt
|-damage|p2a: Excadrill|142\/362|[from] item: Life Orb
|faint|p1a: mandatory rock
|
|-weather|Sandstorm|[upkeep]
|
|switch|p1a: mandatory dragon|Latios, M|158\/302
|-damage|p1a: mandatory dragon|121\/302|[from] Stealth Rock
|turn|20
|leave|IAmGingy
|
|move|p2a: Excadrill|Iron Head|p1a: mandatory dragon
|-damage|p1a: mandatory dragon|0 fnt
|-damage|p2a: Excadrill|106\/362|[from] item: Life Orb
|faint|p1a: mandatory dragon
|
|-weather|Sandstorm|[upkeep]
|leave|M Dragon
|
|switch|p1a: mandatory fire|Heatran, M|386\/386
|-damage|p1a: mandatory fire|338\/386|[from] Stealth Rock
|turn|21
|leave|Bluwing
|c|âreyscarface|gg
|c|âshartruce2|gg
|
|move|p2a: Excadrill|Earthquake|p1a: mandatory fire
|-supereffective|p1a: mandatory fire
|-damage|p1a: mandatory fire|0 fnt
|-damage|p2a: Excadrill|70\/362|[from] item: Life Orb
|faint|p1a: mandatory fire
|
|win|reyscarface
|leave|reyscarface
|player|p2
|leave|shartruce2
|player|p1
|leave|CAUSE & EFFECT
|leave|Hot N Cold
|leave|sofa king cool