|inactive|Battle timer is ON: inactive players will automatically lose when time's up.
|join|BeChri$$
|join|shartruce2
|player|p1|BeChri$$|288
|player|p2|shartruce2|43
|gametype|singles
|gen|4
|tier|[Gen 4] OU
|rule|Sleep Clause Mod: Limit one foe put to sleep
|rule|Species Clause: Limit one of each PokÃ©mon
|rule|OHKO Clause: OHKO moves are banned
|rule|Moody Clause: Moody is banned
|rule|Evasion Moves Clause: Evasion moves are banned
|rule|Endless Battle Clause: Forcing endless battles is banned
|rule|HP Percentage Mod: HP is shown in percentages
|
|start
|switch|p1a: Aerodactyl|Aerodactyl, M|301\/301
|switch|p2a: Azelf|Azelf|291\/291
|-ability|p1a: Aerodactyl|Pressure
|turn|1
|join|kirigakure
|
|move|p1a: Aerodactyl|Stealth Rock|p2a: Azelf
|-sidestart|p2: shartruce2|move: Stealth Rock
|move|p2a: Azelf|Stealth Rock|p1a: Aerodactyl
|-sidestart|p1: BeChri$$|move: Stealth Rock
|
|turn|2
|join|The DragonKnight
|join|sugarhigh
|join|Imanalt
|
|move|p1a: Aerodactyl|Taunt|p2a: Azelf
|-start|p2a: Azelf|move: Taunt
|move|p2a: Azelf|Thunderbolt|p1a: Aerodactyl
|-supereffective|p1a: Aerodactyl
|-damage|p1a: Aerodactyl|27\/301
|-status|p1a: Aerodactyl|par
|
|turn|3
|leave|kirigakure
|leave|BeChri$$
|player|p1
|join|BeChri$$
|join|Stathakis
|player|p1|BeChri$$|288
|
|move|p2a: Azelf|Thunderbolt|p1a: Aerodactyl
|-supereffective|p1a: Aerodactyl
|-damage|p1a: Aerodactyl|0 fnt
|faint|p1a: Aerodactyl
|
|
|switch|p1a: Snorlax|Snorlax, F|508\/508
|-damage|p1a: Snorlax|445\/508|[from] Stealth Rock
|turn|4
|join|Logic
|
|move|p2a: Azelf|Explosion|p1a: Snorlax
|-damage|p1a: Snorlax|0 fnt
|faint|p1a: Snorlax
|faint|p2a: Azelf
|
|
|switch|p2a: Shaymin|Shaymin|342\/342
|-damage|p2a: Shaymin|300\/342|[from] Stealth Rock
|switch|p1a: Suicune|Suicune|404\/404
|-damage|p1a: Suicune|354\/404|[from] Stealth Rock
|-ability|p1a: Suicune|Pressure
|turn|5
|
|switch|p1a: Heatran|Heatran, F|323\/323
|-damage|p1a: Heatran|283\/323|[from] Stealth Rock
|move|p2a: Shaymin|Seed Flare|p1a: Heatran
|-crit|p1a: Heatran
|-resisted|p1a: Heatran
|-damage|p1a: Heatran|161\/323
|-damage|p2a: Shaymin|266\/342|[from] item: Life Orb
|
|turn|6
|
|switch|p2a: Gyarados|Gyarados, M|353\/353
|-damage|p2a: Gyarados|265\/353|[from] Stealth Rock
|-ability|p2a: Gyarados|Intimidate|[of] p1a: Heatran
|-unboost|p1a: Heatran|atk|1
|move|p1a: Heatran|Fire Blast|p2a: Gyarados
|-crit|p2a: Gyarados
|-resisted|p2a: Gyarados
|-damage|p2a: Gyarados|49\/353
|
|-heal|p2a: Gyarados|71\/353|[from] item: Leftovers
|turn|7
|
|switch|p1a: Breloom|Breloom, M|264\/264
|-damage|p1a: Breloom|248\/264|[from] Stealth Rock
|move|p2a: Gyarados|Waterfall|p1a: Breloom
|-resisted|p1a: Breloom
|-damage|p1a: Breloom|172\/264
|
|-heal|p2a: Gyarados|93\/353|[from] item: Leftovers
|-status|p1a: Breloom|tox|[from] item: Toxic Orb
|turn|8
|join|Weebl
|leave|Weebl
|
|move|p2a: Gyarados|Bounce|p1a: Breloom|[still]
|-prepare|p2a: Gyarados|Bounce|p1a: Breloom
|move|p1a: Breloom|Spore|p2a: Gyarados|[miss]
|-miss|p1a: Breloom|p2a: Gyarados
|
|-heal|p2a: Gyarados|115\/353|[from] item: Leftovers
|-heal|p1a: Breloom|205\/264 tox|[from] ability: Poison Heal
|turn|9
|
|switch|p1a: Heatran|Heatran, F|161\/323
|-damage|p1a: Heatran|121\/323|[from] Stealth Rock
|move|p2a: Gyarados|Bounce|p1a: Heatran
|-resisted|p1a: Heatran
|-damage|p1a: Heatran|55\/323
|
|-heal|p2a: Gyarados|137\/353|[from] item: Leftovers
|turn|10
|
|move|p1a: Heatran|Explosion|p2a: Gyarados
|-damage|p2a: Gyarados|0 fnt
|faint|p2a: Gyarados
|faint|p1a: Heatran
|
|join|c1one
|
|switch|p2a: Shaymin|Shaymin|266\/342
|-damage|p2a: Shaymin|224\/342|[from] Stealth Rock
|switch|p1a: Rotom-Wash|Rotom-Wash|241\/241
|-damage|p1a: Rotom-Wash|211\/241|[from] Stealth Rock
|turn|11
|
|switch|p2a: Lucario|Lucario, F|281\/281
|-damage|p2a: Lucario|273\/281|[from] Stealth Rock
|move|p1a: Rotom-Wash|Shadow Ball|p2a: Lucario
|-resisted|p2a: Lucario
|-damage|p2a: Lucario|195\/281
|
|turn|12
|
|switch|p1a: Suicune|Suicune|354\/404
|-damage|p1a: Suicune|304\/404|[from] Stealth Rock
|-ability|p1a: Suicune|Pressure
|move|p2a: Lucario|Crunch|p1a: Suicune
|-damage|p1a: Suicune|229\/404
|-damage|p2a: Lucario|167\/281|[from] item: Life Orb
|
|-heal|p1a: Suicune|254\/404|[from] item: Leftovers
|turn|13
|
|move|p2a: Lucario|Close Combat|p1a: Suicune
|-damage|p1a: Suicune|91\/404
|-unboost|p2a: Lucario|def|1
|-unboost|p2a: Lucario|spd|1
|-damage|p2a: Lucario|139\/281|[from] item: Life Orb
|move|p1a: Suicune|Calm Mind|p1a: Suicune
|-boost|p1a: Suicune|spa|1
|-boost|p1a: Suicune|spd|1
|
|-heal|p1a: Suicune|116\/404|[from] item: Leftovers
|turn|14
|
|move|p2a: Lucario|Close Combat|p1a: Suicune
|-damage|p1a: Suicune|0 fnt
|-unboost|p2a: Lucario|def|1
|-unboost|p2a: Lucario|spd|1
|-damage|p2a: Lucario|111\/281|[from] item: Life Orb
|faint|p1a: Suicune
|
|
|switch|p1a: Rotom-Wash|Rotom-Wash|211\/241
|-damage|p1a: Rotom-Wash|181\/241|[from] Stealth Rock
|turn|15
|
|move|p1a: Rotom-Wash|Hydro Pump|p2a: Lucario
|-crit|p2a: Lucario
|-damage|p2a: Lucario|0 fnt
|faint|p2a: Lucario
|
|
|switch|p2a: Rotom-Wash|Rotom-Wash|241\/241
|-damage|p2a: Rotom-Wash|211\/241|[from] Stealth Rock
|turn|16
|
|switch|p1a: Breloom|Breloom, M|205\/264 tox
|-damage|p1a: Breloom|189\/264 tox|[from] Stealth Rock
|move|p2a: Rotom-Wash|Shadow Ball|p1a: Breloom
|-damage|p1a: Breloom|8\/264 tox
|
|-heal|p1a: Breloom|41\/264 tox|[from] ability: Poison Heal
|turn|17
|
|switch|p1a: Rotom-Wash|Rotom-Wash|181\/241
|-damage|p1a: Rotom-Wash|151\/241|[from] Stealth Rock
|move|p2a: Rotom-Wash|Shadow Ball|p1a: Rotom-Wash
|-supereffective|p1a: Rotom-Wash
|-damage|p1a: Rotom-Wash|0 fnt
|faint|p1a: Rotom-Wash
|
|
|switch|p1a: Breloom|Breloom, M|41\/264 tox
|-damage|p1a: Breloom|25\/264 tox|[from] Stealth Rock
|turn|18
|
|move|p2a: Rotom-Wash|Shadow Ball|p1a: Breloom
|-damage|p1a: Breloom|0 fnt
|faint|p1a: Breloom
|
|win|shartruce2
|leave|BeChri$$
|player|p1
|c|âshartruce2|gg
|leave|sugarhigh
|leave|Stathakis
|leave|Imanalt
|leave|Logic
|leave|c1one
|leave|shartruce2
|player|p2
|leave|The DragonKnight