|join|shartruce2
|join|CurtisMayfield
|player|p1|shartruce2|43
|player|p2|CurtisMayfield|149
|gametype|singles
|gen|6
|tier|OU
|clearpoke
|poke|p1|Charizard, M
|poke|p1|Tyranitar, M
|poke|p1|Landorus, M
|poke|p1|Starmie
|poke|p1|Ferrothorn, F
|poke|p1|Clefable, F
|poke|p2|Charizard, F
|poke|p2|Starmie
|poke|p2|Ferrothorn, M
|poke|p2|Hippowdon, M
|poke|p2|Gengar, F
|poke|p2|Clefable, F
|rule|Swagger Clause: Swagger is banned
|rule|Baton Pass Clause: Limit one PokÃ©mon knowing Baton Pass
|rule|Sleep Clause Mod: Limit one foe put to sleep
|rule|Species Clause: Limit one of each PokÃ©mon
|rule|OHKO Clause: OHKO moves are banned
|rule|Moody Clause: Moody is banned
|rule|Evasion Moves Clause: Evasion moves are banned
|rule|Endless Battle Clause: Forcing endless battles is banned
|rule|HP Percentage Mod: HP is shown in percentages
|teampreview
|join|Annie Adderall
|join|Cosine180
|join|Kushalos
|join|Tom Bus
|c|âCurtisMayfield|hf
|c|+Cosine180|is this for anything
|join|boudouche
|c|âshartruce2|you too
|join|McMeghan
|c|âshartruce2|olt
|c|+Cosine180|kk
|join|LustrousPalkia
|join|The_Ender
|join|Halcyon of Light
|join|Txhh
|c| Txhh|gl
|
|start
|switch|p1a: Charizard|Charizard, M|359\/359
|switch|p2a: Gengar|Gengar, F|261\/261
|turn|1
|c|+Cosine180|1-1 right?
|c|âshartruce2|y
|
|switch|p2a: Hippowdon|Hippowdon, M|419\/419
|-weather|Sandstorm
|detailschange|p1a: Charizard|Charizard-Mega-Y, M
|message|Charizard has Mega Evolved into Mega Charizard!
|-weather|SunnyDay
|move|p1a: Charizard|Flamethrower|p2a: Hippowdon
|-damage|p2a: Hippowdon|133\/419
|
|-weather|SunnyDay|[upkeep]
|-heal|p2a: Hippowdon|159\/419|[from] item: Leftovers
|turn|2
|join|Cienight
|join|Imanalt
|
|switch|p2a: Clefable|Clefable, F|394\/394
|move|p1a: Charizard|Flamethrower|p2a: Clefable
|-crit|p2a: Clefable
|-damage|p2a: Clefable|54\/394
|
|-weather|SunnyDay|[upkeep]
|-heal|p2a: Clefable|78\/394|[from] item: Leftovers
|turn|3
|c|âCurtisMayfield|.
|
|move|p1a: Charizard|Flamethrower|p2a: Clefable
|-damage|p2a: Clefable|0 fnt
|faint|p2a: Clefable
|
|-weather|SunnyDay|[upkeep]
|c|+The_Ender|not like you lived two o_o
|join|Dave Italia
|
|switch|p2a: Charizard|Charizard, F|315\/315
|turn|4
|c|+Halcyon of Light|not like he didn't hax shart in g2 o_o
|c| Tom Bus|^
|c|âCurtisMayfield|i didnt
|c|âCurtisMayfield|dont talk if you dont know
|join|Tokyo Tom
|c|+Cienight|then why are you talking
|
|switch|p1a: Tyranitar|Tyranitar, M|341\/341
|-weather|Sandstorm
|move|p2a: Charizard|Dragon Dance|p2a: Charizard
|-boost|p2a: Charizard|atk|1
|-boost|p2a: Charizard|spe|1
|
|-weather|Sandstorm|[upkeep]
|-damage|p2a: Charizard|296\/315|[from] sandstorm
|turn|5
|
|switch|p2a: Hippowdon|Hippowdon, M|159\/419
|switch|p1a: Landorus|Landorus, M|319\/319
|
|-weather|Sandstorm|[upkeep]
|-heal|p2a: Hippowdon|185\/419|[from] item: Leftovers
|turn|6
|join|Century Express
|
|switch|p2a: Starmie|Starmie|323\/323
|move|p1a: Landorus|Earth Power|p2a: Starmie
|-damage|p2a: Starmie|14\/323
|
|-weather|Sandstorm|[upkeep]
|-damage|p2a: Starmie|0 fnt|[from] sandstorm
|faint|p2a: Starmie
|
|switch|p2a: Gengar|Gengar, F|261\/261
|turn|7
|
|switch|p1a: Ferrothorn|Ferrothorn, F|352\/352
|move|p2a: Gengar|Shadow Ball|p1a: Ferrothorn
|-crit|p1a: Ferrothorn
|-damage|p1a: Ferrothorn|140\/352
|-damage|p2a: Gengar|235\/261|[from] item: Life Orb
|
|-weather|Sandstorm|[upkeep]
|-damage|p2a: Gengar|219\/261|[from] sandstorm
|-heal|p1a: Ferrothorn|162\/352|[from] item: Leftovers
|turn|8
|c|+TheEnder|âCurtisMayfield: .
|c|âCurtisMayfield|it doesnt matter at all
|c|âCurtisMayfield|dont be stupid
|c|+Imanalt|how does it not,,,
|
|move|p2a: Gengar|Focus Blast|p1a: Ferrothorn|[miss]
|-miss|p2a: Gengar|p1a: Ferrothorn
|move|p1a: Ferrothorn|Thunder Wave|p2a: Gengar
|-status|p2a: Gengar|par
|
|-weather|none
|-heal|p1a: Ferrothorn|184\/352|[from] item: Leftovers
|turn|9
|c|âCurtisMayfield|because
|c|âCurtisMayfield|no
|c|âCurtisMayfield|matter what
|c|âCurtisMayfield|i need to hit this shit
|c|âCurtisMayfield|which i dont
|c|âCurtisMayfield|so if you're too bad
|c|âCurtisMayfield|to fucking play this game
|c|âCurtisMayfield|shut your mouths
|join|Aurious
|c|+Imanalt|LOOOOOOOOL
|c|+Imanalt|mad yn
|c|âCurtisMayfield|random yn
|c| Annie Adderall|can you all shut the fuck up
|c| Txhh|The opposing Gengar used Shadow Ball!
|c| Txhh|A critical hit! Ferrothorn lost 60% of its health!
|c|+Kushalos|looooool
|c| Annie Adderall|and just play
|
|switch|p1a: Clefable|Clefable, F|394\/394
|move|p2a: Gengar|Focus Blast|p1a: Clefable
|-resisted|p1a: Clefable
|-damage|p1a: Clefable|311\/394
|-damage|p2a: Gengar|193\/261 par|[from] item: Life Orb
|
|-heal|p1a: Clefable|335\/394|[from] item: Leftovers
|turn|10
|c| Txhh|compense
|c| Annie Adderall|the god damn
|c| Annie Adderall|game
|c| Annie Adderall|holy shit
|c|+TheEnder|looool
|c| Annie Adderall|you petty ass children
|c|+TheEnder|the salt
|c| LustrousPalkia|:[
|
|move|p1a: Clefable|Stealth Rock|p2a: Gengar
|-sidestart|p2: CurtisMayfield|move: Stealth Rock
|move|p2a: Gengar|Sludge Wave|p1a: Clefable
|-supereffective|p1a: Clefable
|-damage|p1a: Clefable|0 fnt
|-damage|p2a: Gengar|167\/261 par|[from] item: Life Orb
|faint|p1a: Clefable
|
|
|switch|p1a: Tyranitar|Tyranitar, M|341\/341
|-weather|Sandstorm
|turn|11
|c|âCurtisMayfield|gg
|c|âCurtisMayfield|the miss costthe the game
|c|âCurtisMayfield|and that's it
|c|+Kushalos|how dare u disrespect imanalt
|
|switch|p2a: Ferrothorn|Ferrothorn, M|352\/352
|-damage|p2a: Ferrothorn|330\/352|[from] Stealth Rock
|move|p1a: Tyranitar|Crunch|p2a: Ferrothorn
|-damage|p2a: Ferrothorn|231\/352
|-damage|p1a: Tyranitar|299\/341|[from] ability: Iron Barbs|[of] p2a: Ferrothorn
|
|-weather|Sandstorm|[upkeep]
|-heal|p2a: Ferrothorn|253\/352|[from] item: Leftovers
|turn|12
|c|+Kushalos|he has a bigger cock than u
|c| LustrousPalkia|and how would you know that kushalos
|c| LustrousPalkia|zzzz
|c|+Cienight|gottim
|c|+Tokyo Tom|Why does he call you guys bad when he was under the impression last game that Roost Gliscor beats Venu 1v1
|c|+Tokyo Tom|lol
|c|âCurtisMayfield|the fuck you're talking about
|c|âCurtisMayfield|srsly
|c|âCurtisMayfield|why you fucking come
|c|âCurtisMayfield|to trashtalk
|c| LustrousPalkia|:[
|c|âCurtisMayfield|on a tournament game
|c|+Tokyo Tom|I'm not man
|c| LustrousPalkia|can you not just switch the modchat back on?
|c|âCurtisMayfield|if you join
|c|âCurtisMayfield|then shut your mouth
|c| Annie Adderall|or you know
|c| Annie Adderall|you can ignore
|c| Annie Adderall|and play
|c| Annie Adderall|the 
|c| Annie Adderall|fucking
|c| Annie Adderall|game
|c|âCurtisMayfield|ya i'm gonna ignore
|c|âCurtisMayfield|the whole server
|raw|<div class="broadcast-red"><b>Moderated chat was set to +!<\/b><br \/>Only users of rank + and higher can talk.<\/div>
|c|âCurtisMayfield|because you behave like retards
|
|switch|p1a: Charizard|Charizard-Mega-Y, M|359\/359
|-weather|SunnyDay
|move|p2a: Ferrothorn|Leech Seed|p1a: Charizard
|-start|p1a: Charizard|move: Leech Seed
|
|-weather|SunnyDay|[upkeep]
|-heal|p2a: Ferrothorn|275\/352|[from] item: Leftovers
|-damage|p1a: Charizard|315\/359|[from] Leech Seed|[of] p2a: Ferrothorn
|-heal|p2a: Ferrothorn|319\/352|[silent]
|turn|13
|c|+Imanalt|did you know theres an "ignore spectators" thing you can click in the top right
|c|+Imanalt|?__?
|c|âCurtisMayfield|did you know
|c|âCurtisMayfield|that there is a rule
|c|âCurtisMayfield|made to punish people shit talking during games
|c|âCurtisMayfield|keep shittalking
|c|+Tokyo Tom|you are the only one who is shittalking
|leave|Tokyo Tom
|
|switch|p2a: Gengar|Gengar, F|167\/261 par
|-damage|p2a: Gengar|135\/261 par|[from] Stealth Rock
|move|p1a: Charizard|Flamethrower|p2a: Gengar
|-damage|p2a: Gengar|0 fnt
|faint|p2a: Gengar
|
|-weather|SunnyDay|[upkeep]
|
|switch|p2a: Charizard|Charizard, F|296\/315
|-damage|p2a: Charizard|139\/315|[from] Stealth Rock
|turn|14
|
|switch|p1a: Tyranitar|Tyranitar, M|299\/341
|-weather|Sandstorm
|detailschange|p2a: Charizard|Charizard-Mega-X, F
|message|Charizard has Mega Evolved into Mega Charizard!
|move|p2a: Charizard|Dragon Dance|p2a: Charizard
|-boost|p2a: Charizard|atk|1
|-boost|p2a: Charizard|spe|1
|
|-weather|Sandstorm|[upkeep]
|-damage|p2a: Charizard|120\/315|[from] sandstorm
|turn|15
|
|move|p2a: Charizard|Earthquake|p1a: Tyranitar
|-supereffective|p1a: Tyranitar
|-damage|p1a: Tyranitar|0 fnt
|faint|p1a: Tyranitar
|
|-weather|Sandstorm|[upkeep]
|-damage|p2a: Charizard|101\/315|[from] sandstorm
|
|switch|p1a: Ferrothorn|Ferrothorn, F|184\/352
|turn|16
|
|move|p2a: Charizard|Flare Blitz|p1a: Ferrothorn
|-supereffective|p1a: Ferrothorn
|-damage|p1a: Ferrothorn|0 fnt
|-damage|p2a: Charizard|62\/315|[from] ability: Iron Barbs|[of] p1a: Ferrothorn
|-damage|p2a: Charizard|1\/315|[from] recoil|[of] p1a: Ferrothorn
|faint|p1a: Ferrothorn
|
|-weather|Sandstorm|[upkeep]
|-damage|p2a: Charizard|0 fnt|[from] sandstorm
|faint|p2a: Charizard
|c|âCurtisMayfield|yea
|c|âCurtisMayfield|gg
|c|âCurtisMayfield|you know why you won
|leave|CurtisMayfield
|player|p2
|leave|LustrousPalkia
|leave|boudouche
|join|Tokyo Tom
|leave|Txhh
|player|p2|TheEnder|249
|-message|TheEnder forfeited.
|
|win|shartruce2
|leave|Cienight
|leave|Century Express
|leave|TheEnder
|player|p2
|leave|Tokyo Tom
|join|CurtisMayfield