|join|Juice Weasel
|join|topsy too-tall
|player|p1|Juice Weasel|172
|player|p2|topsy too-tall|126
|gametype|singles
|gen|6
|tier|UU
|rated
|rule|Sleep Clause Mod: Limit one foe put to sleep
|rule|Species Clause: Limit one of each Pokemon
|rule|OHKO Clause: OHKO moves are banned
|rule|Moody Clause: Moody is banned
|rule|Evasion Moves Clause: Evasion moves are banned
|rule|Endless Battle Clause: Forcing endless battles is banned.
|rule|HP Percentage Mod: HP is reported as percentages
|clearpoke
|poke|p1|Slowbro, M
|poke|p1|Aromatisse, F
|poke|p1|Roserade, M
|poke|p1|Escavalier, M
|poke|p1|Aerodactyl, M
|poke|p1|Hippowdon, M
|poke|p2|Mienshao, M
|poke|p2|Kyurem
|poke|p2|Ludicolo, M
|poke|p2|Arcanine, M
|poke|p2|Forretress, F
|poke|p2|Milotic, M
|teampreview
|
|start
|switch|p1a: Hungry Hungry|Hippowdon, M|417\/417
|switch|p2a: Mienshao|Mienshao, M|271\/271
|-weather|Sandstorm
|turn|1
|
|move|p2a: Mienshao|High Jump Kick|p1a: Hungry Hungry
|-damage|p1a: Hungry Hungry|192\/417
|move|p1a: Hungry Hungry|Stealth Rock|p2a: Mienshao
|-sidestart|p2: topsy too-tall|move: Stealth Rock
|
|-weather|Sandstorm|[upkeep]
|-damage|p2a: Mienshao|255\/271|[from] sandstorm
|-heal|p1a: Hungry Hungry|218\/417|[from] item: Leftovers
|turn|2
|
|switch|p2a: Milotic|Milotic, M|394\/394
|-damage|p2a: Milotic|345\/394|[from] Stealth Rock
|switch|p1a: Short Bus|Slowbro, M|393\/393
|
|-weather|Sandstorm|[upkeep]
|-damage|p2a: Milotic|321\/394|[from] sandstorm
|-damage|p1a: Short Bus|369\/393|[from] sandstorm
|-heal|p2a: Milotic|345\/394|[from] item: Leftovers
|-heal|p1a: Short Bus|393\/393|[from] item: Leftovers
|turn|3
|
|switch|p1a: Highgarden|Roserade, M|261\/261
|move|p2a: Milotic|Scald|p1a: Highgarden
|-resisted|p1a: Highgarden
|-damage|p1a: Highgarden|213\/261
|-status|p1a: Highgarden|brn
|
|-weather|Sandstorm|[upkeep]
|-damage|p1a: Highgarden|197\/261 brn|[from] sandstorm
|-damage|p2a: Milotic|321\/394|[from] sandstorm
|-heal|p2a: Milotic|345\/394|[from] item: Leftovers
|-damage|p1a: Highgarden|165\/261 brn|[from] brn
|turn|4
|
|move|p1a: Highgarden|Sleep Powder|p2a: Milotic|[miss]
|-miss|p1a: Highgarden|p2a: Milotic
|move|p2a: Milotic|Ice Beam|p1a: Highgarden
|-crit|p1a: Highgarden
|-supereffective|p1a: Highgarden
|-damage|p1a: Highgarden|0 fnt
|faint|p1a: Highgarden
|
|-weather|Sandstorm|[upkeep]
|-damage|p2a: Milotic|321\/394|[from] sandstorm
|-heal|p2a: Milotic|345\/394|[from] item: Leftovers
|chat|Juice Weasel|i really love this game. you get burn, i miss, you crit...
|
|switch|p1a: Short Bus|Slowbro, M|393\/393
|turn|5
|
|switch|p2a: Forretress|Forretress, F|354\/354
|-damage|p2a: Forretress|310\/354|[from] Stealth Rock
|move|p1a: Short Bus|Calm Mind|p1a: Short Bus
|-boost|p1a: Short Bus|spa|1
|-boost|p1a: Short Bus|spd|1
|
|-weather|none
|-heal|p2a: Forretress|332\/354|[from] item: Leftovers
|turn|6
|
|move|p1a: Short Bus|Calm Mind|p1a: Short Bus
|-boost|p1a: Short Bus|spa|1
|-boost|p1a: Short Bus|spd|1
|move|p2a: Forretress|Gyro Ball|p1a: Short Bus
|-resisted|p1a: Short Bus
|-damage|p1a: Short Bus|382\/393
|
|-heal|p1a: Short Bus|393\/393|[from] item: Leftovers
|-heal|p2a: Forretress|354\/354|[from] item: Leftovers
|turn|7
|
|move|p1a: Short Bus|Calm Mind|p1a: Short Bus
|-boost|p1a: Short Bus|spa|1
|-boost|p1a: Short Bus|spd|1
|move|p2a: Forretress|Rapid Spin|p1a: Short Bus
|-damage|p1a: Short Bus|382\/393
|-sideend|p2: topsy too-tall|Stealth Rock|[from] move: Rapid Spin|[of] p2a: Forretress
|
|-heal|p1a: Short Bus|393\/393|[from] item: Leftovers
|turn|8
|
|switch|p2a: Milotic|Milotic, M|345\/394
|move|p1a: Short Bus|Calm Mind|p1a: Short Bus
|-boost|p1a: Short Bus|spa|1
|-boost|p1a: Short Bus|spd|1
|
|-heal|p2a: Milotic|369\/394|[from] item: Leftovers
|turn|9
|
|move|p2a: Milotic|Haze|p2a: Milotic
|-clearallboost
|move|p1a: Short Bus|Psyshock|p2a: Milotic
|-damage|p2a: Milotic|263\/394
|
|-heal|p2a: Milotic|287\/394|[from] item: Leftovers
|turn|10
|chat|topsy too-tall|ur greddy ass
|chat|Juice Weasel|honestly i had no reason not to. not many milotic carry ice beam and haze
|
|switch|p1a: KnightsOftheRound|Escavalier, M|343\/343
|move|p2a: Milotic|Scald|p1a: KnightsOftheRound
|-damage|p1a: KnightsOftheRound|267\/343
|
|-heal|p2a: Milotic|311\/394|[from] item: Leftovers
|-heal|p1a: KnightsOftheRound|288\/343|[from] item: Leftovers
|turn|11
|chat|topsy too-tall|hi :)
|
|switch|p1a: Short Bus|Slowbro, M|393\/393
|move|p2a: Milotic|Scald|p1a: Short Bus
|-resisted|p1a: Short Bus
|-damage|p1a: Short Bus|335\/393
|
|-heal|p2a: Milotic|335\/394|[from] item: Leftovers
|-heal|p1a: Short Bus|359\/393|[from] item: Leftovers
|turn|12
|
|switch|p1a: KnightsOftheRound|Escavalier, M|288\/343
|move|p2a: Milotic|Scald|p1a: KnightsOftheRound
|-damage|p1a: KnightsOftheRound|215\/343
|
|-heal|p2a: Milotic|359\/394|[from] item: Leftovers
|-heal|p1a: KnightsOftheRound|236\/343|[from] item: Leftovers
|turn|13
|
|move|p2a: Milotic|Scald|p1a: KnightsOftheRound
|-damage|p1a: KnightsOftheRound|161\/343
|-status|p1a: KnightsOftheRound|brn
|move|p1a: KnightsOftheRound|Megahorn|p2a: Milotic
|-damage|p2a: Milotic|238\/394
|
|-heal|p2a: Milotic|262\/394|[from] item: Leftovers
|-heal|p1a: KnightsOftheRound|182\/343 brn|[from] item: Leftovers
|-damage|p1a: KnightsOftheRound|140\/343 brn|[from] brn
|turn|14
|chat|Juice Weasel|ofc
|
|move|p2a: Milotic|Recover|p2a: Milotic
|-heal|p2a: Milotic|394\/394
|move|p1a: KnightsOftheRound|Rest|p1a: KnightsOftheRound
|-status|p1a: KnightsOftheRound|slp
|-heal|p1a: KnightsOftheRound|343\/343 slp|[silent]
|-status|p1a: KnightsOftheRound|slp|[from] move: Rest
|
|turn|15
|
|switch|p2a: Arcanine|Arcanine, M|325\/325
|cant|p1a: KnightsOftheRound|slp
|move|p1a: KnightsOftheRound|Sleep Talk|p1a: KnightsOftheRound
|move|p1a: KnightsOftheRound|Megahorn|p2a: Arcanine|[from]Sleep Talk
|-resisted|p2a: Arcanine
|-damage|p2a: Arcanine|209\/325
|
|turn|16
|
|switch|p1a: Short Bus|Slowbro, M|393\/393
|move|p2a: Arcanine|Flare Blitz|p1a: Short Bus
|-resisted|p1a: Short Bus
|-damage|p1a: Short Bus|309\/393
|-damage|p2a: Arcanine|181\/325|[from] recoil|[of] p1a: Short Bus
|-status|p1a: Short Bus|brn
|-damage|p2a: Arcanine|149\/325|[from] item: Life Orb
|
|-heal|p1a: Short Bus|333\/393 brn|[from] item: Leftovers
|-damage|p1a: Short Bus|284\/393 brn|[from] brn
|turn|17
|chat|Juice Weasel|ofc
|
|move|p2a: Arcanine|Wild Charge|p1a: Short Bus
|-crit|p1a: Short Bus
|-supereffective|p1a: Short Bus
|-damage|p1a: Short Bus|29\/393 brn
|-damage|p2a: Arcanine|85\/325|[from] recoil|[of] p1a: Short Bus
|-damage|p2a: Arcanine|53\/325|[from] item: Life Orb
|move|p1a: Short Bus|Scald|p2a: Arcanine
|-supereffective|p2a: Arcanine
|-damage|p2a: Arcanine|0 fnt
|faint|p2a: Arcanine
|
|-heal|p1a: Short Bus|53\/393 brn|[from] item: Leftovers
|-damage|p1a: Short Bus|4\/393 brn|[from] brn
|chat|topsy too-tall|wow lol
|
|switch|p2a: Kyurem|Kyurem|405\/405
|-ability|p2a: Kyurem|Pressure
|turn|18
|chat|Juice Weasel|apparently you sucked the hax god's dick before this match...
|
|switch|p2a: Ludicolo|Ludicolo, M|364\/364
|switch|p1a: Gooch|Aromatisse, F|405\/405
|
|turn|19
|
|move|p2a: Ludicolo|Scald|p1a: Gooch
|-damage|p1a: Gooch|296\/405
|-status|p1a: Gooch|brn
|move|p1a: Gooch|Aromatherapy|p1a: Gooch
|-cureteam|p1a: Gooch|[from] move: Aromatherapy
|
|-heal|p1a: Gooch|321\/405|[from] item: Leftovers
|turn|20
|chat|topsy too-tall|sucked em dryyy
|
|move|p2a: Ludicolo|Scald|p1a: Gooch
|-damage|p1a: Gooch|224\/405
|-status|p1a: Gooch|brn
|move|p1a: Gooch|Moonblast|p2a: Ludicolo
|-damage|p2a: Ludicolo|285\/364
|
|-heal|p1a: Gooch|249\/405 brn|[from] item: Leftovers
|-damage|p1a: Gooch|199\/405 brn|[from] brn
|turn|21
|chat|Juice Weasel|i hoped he tipped you well
|chat|topsy too-tall|lol!!
|chat|topsy too-tall|im soooo sorryy
|
|move|p2a: Ludicolo|Scald|p1a: Gooch
|-damage|p1a: Gooch|97\/405 brn
|move|p1a: Gooch|Wish|p1a: Gooch
|
|-heal|p1a: Gooch|122\/405 brn|[from] item: Leftovers
|-damage|p1a: Gooch|72\/405 brn|[from] brn
|turn|22
|
|switch|p2a: Forretress|Forretress, F|354\/354
|move|p1a: Gooch|Protect|p1a: Gooch
|-fail|p1a: Gooch
|
|-heal|p1a: Gooch|274\/405 brn|[from] move: Wish|[wisher] Gooch
|-heal|p1a: Gooch|299\/405 brn|[from] item: Leftovers
|-damage|p1a: Gooch|249\/405 brn|[from] brn
|turn|23
|
|move|p1a: Gooch|Wish|p1a: Gooch
|move|p2a: Forretress|Stealth Rock|p1a: Gooch
|-sidestart|p1: Juice Weasel|move: Stealth Rock
|
|-heal|p1a: Gooch|274\/405 brn|[from] item: Leftovers
|-damage|p1a: Gooch|224\/405 brn|[from] brn
|turn|24
|
|switch|p1a: Short Bus|Slowbro, M|135\/393
|-damage|p1a: Short Bus|86\/393|[from] Stealth Rock
|move|p2a: Forretress|Spikes|p1a: Short Bus
|-sidestart|p1: Juice Weasel|Spikes
|
|-heal|p1a: Short Bus|288\/393|[from] move: Wish|[wisher] Gooch
|-heal|p1a: Short Bus|312\/393|[from] item: Leftovers
|turn|25
|
|switch|p2a: Milotic|Milotic, M|394\/394
|move|p1a: Short Bus|Scald|p2a: Milotic
|-resisted|p2a: Milotic
|-damage|p2a: Milotic|362\/394
|
|-heal|p2a: Milotic|386\/394|[from] item: Leftovers
|-heal|p1a: Short Bus|336\/393|[from] item: Leftovers
|turn|26
|
|move|p2a: Milotic|Scald|p1a: Short Bus
|-resisted|p1a: Short Bus
|-damage|p1a: Short Bus|278\/393
|move|p1a: Short Bus|Scald|p2a: Milotic
|-resisted|p2a: Milotic
|-damage|p2a: Milotic|356\/394
|
|-heal|p2a: Milotic|380\/394|[from] item: Leftovers
|-heal|p1a: Short Bus|302\/393|[from] item: Leftovers
|turn|27
|
|switch|p2a: Ludicolo|Ludicolo, M|285\/364
|move|p1a: Short Bus|Scald|p2a: Ludicolo
|-resisted|p2a: Ludicolo
|-damage|p2a: Ludicolo|269\/364
|
|-heal|p1a: Short Bus|326\/393|[from] item: Leftovers
|turn|28
|
|switch|p1a: KnightsOftheRound|Escavalier, M|343\/343
|-damage|p1a: KnightsOftheRound|301\/343|[from] Stealth Rock
|-damage|p1a: KnightsOftheRound|259\/343|[from] Spikes
|move|p2a: Ludicolo|Giga Drain|p1a: KnightsOftheRound
|-resisted|p1a: KnightsOftheRound
|-damage|p1a: KnightsOftheRound|236\/343
|-heal|p2a: Ludicolo|281\/364|[from] drain|[of] p1a: KnightsOftheRound
|
|-heal|p1a: KnightsOftheRound|257\/343|[from] item: Leftovers
|turn|29
|
|move|p2a: Ludicolo|Focus Blast|p1a: KnightsOftheRound
|-damage|p1a: KnightsOftheRound|171\/343
|move|p1a: KnightsOftheRound|Megahorn|p2a: Ludicolo|[miss]
|-miss|p1a: KnightsOftheRound|p2a: Ludicolo
|
|-heal|p1a: KnightsOftheRound|192\/343|[from] item: Leftovers
|turn|30
|chat|Juice Weasel|omfg
|chat|topsy too-tall|damnnn
|
|switch|p2a: Forretress|Forretress, F|354\/354
|move|p1a: KnightsOftheRound|Megahorn|p2a: Forretress
|-resisted|p2a: Forretress
|-damage|p2a: Forretress|305\/354
|
|-heal|p1a: KnightsOftheRound|213\/343|[from] item: Leftovers
|-heal|p2a: Forretress|327\/354|[from] item: Leftovers
|turn|31
|
|switch|p1a: Short Bus|Slowbro, M|393\/393
|-damage|p1a: Short Bus|344\/393|[from] Stealth Rock
|-damage|p1a: Short Bus|295\/393|[from] Spikes
|move|p2a: Forretress|Spikes|p1a: Short Bus
|-sidestart|p1: Juice Weasel|Spikes
|
|-heal|p1a: Short Bus|319\/393|[from] item: Leftovers
|-heal|p2a: Forretress|349\/354|[from] item: Leftovers
|turn|32
|
|move|p1a: Short Bus|Calm Mind|p1a: Short Bus
|-boost|p1a: Short Bus|spa|1
|-boost|p1a: Short Bus|spd|1
|move|p2a: Forretress|Spikes|p1a: Short Bus
|-sidestart|p1: Juice Weasel|Spikes
|
|-heal|p1a: Short Bus|343\/393|[from] item: Leftovers
|-heal|p2a: Forretress|354\/354|[from] item: Leftovers
|turn|33
|
|switch|p2a: Ludicolo|Ludicolo, M|281\/364
|move|p1a: Short Bus|Psyshock|p2a: Ludicolo
|-damage|p2a: Ludicolo|100\/364
|
|-heal|p1a: Short Bus|367\/393|[from] item: Leftovers
|turn|34
|
|move|p2a: Ludicolo|Giga Drain|p1a: Short Bus
|-supereffective|p1a: Short Bus
|-damage|p1a: Short Bus|191\/393
|-heal|p2a: Ludicolo|188\/364|[from] drain|[of] p1a: Short Bus
|move|p1a: Short Bus|Psyshock|p2a: Ludicolo
|-damage|p2a: Ludicolo|0 fnt
|faint|p2a: Ludicolo
|
|-heal|p1a: Short Bus|215\/393|[from] item: Leftovers
|
|switch|p2a: Mienshao|Mienshao, M|255\/271
|turn|35
|
|switch|p1a: Aerodactyl|Aerodactyl, M|301\/301
|-damage|p1a: Aerodactyl|226\/301|[from] Stealth Rock
|move|p2a: Mienshao|U-turn|p1a: Aerodactyl
|-resisted|p1a: Aerodactyl
|-damage|p1a: Aerodactyl|168\/301
|chat|topsy too-tall|u deserve to win
|
|switch|p2a: Milotic|Milotic, M|380\/394
|
|-heal|p2a: Milotic|394\/394|[from] item: Leftovers
|turn|36
|chat|Juice Weasel|lol the hax god doesnt agree
|
|switch|p1a: Short Bus|Slowbro, M|346\/393
|-damage|p1a: Short Bus|248\/393|[from] Spikes
|-damage|p1a: Short Bus|199\/393|[from] Stealth Rock
|move|p2a: Milotic|Ice Beam|p1a: Short Bus
|-resisted|p1a: Short Bus
|-damage|p1a: Short Bus|158\/393
|
|-heal|p1a: Short Bus|182\/393|[from] item: Leftovers
|turn|37
|chat|topsy too-tall|i was looking for the defog
|
|move|p2a: Milotic|Scald|p1a: Short Bus
|-resisted|p1a: Short Bus
|-damage|p1a: Short Bus|126\/393
|move|p1a: Short Bus|Slack Off|p1a: Short Bus
|-heal|p1a: Short Bus|323\/393
|
|-heal|p1a: Short Bus|347\/393|[from] item: Leftovers
|turn|38
|
|move|p2a: Milotic|Scald|p1a: Short Bus
|-crit|p1a: Short Bus
|-resisted|p1a: Short Bus
|-damage|p1a: Short Bus|260\/393
|move|p1a: Short Bus|Scald|p2a: Milotic
|-resisted|p2a: Milotic
|-damage|p2a: Milotic|365\/394
|
|-heal|p2a: Milotic|389\/394|[from] item: Leftovers
|-heal|p1a: Short Bus|284\/393|[from] item: Leftovers
|turn|39
|chat|topsy too-tall|u have yet to get a burn\/sd drom
|
|move|p2a: Milotic|Scald|p1a: Short Bus
|-resisted|p1a: Short Bus
|-damage|p1a: Short Bus|229\/393
|move|p1a: Short Bus|Scald|p2a: Milotic
|-resisted|p2a: Milotic
|-damage|p2a: Milotic|359\/394
|
|-heal|p2a: Milotic|383\/394|[from] item: Leftovers
|-heal|p1a: Short Bus|253\/393|[from] item: Leftovers
|turn|40
|chat|Juice Weasel|ikr...
|
|switch|p1a: Gooch|Aromatisse, F|224\/405 brn
|-damage|p1a: Gooch|123\/405 brn|[from] Spikes
|-damage|p1a: Gooch|73\/405 brn|[from] Stealth Rock
|move|p2a: Milotic|Scald|p1a: Gooch
|-damage|p1a: Gooch|0 fnt
|faint|p1a: Gooch
|
|-heal|p2a: Milotic|394\/394|[from] item: Leftovers
|
|switch|p1a: Aerodactyl|Aerodactyl, M|168\/301
|-damage|p1a: Aerodactyl|93\/301|[from] Stealth Rock
|turn|41
|
|move|p1a: Aerodactyl|Defog|p2a: Milotic
|-unboost|p2a: Milotic|evasion|1
|-boost|p2a: Milotic|spa|2|[from] ability: Competitive
|-sideend|p1: Juice Weasel|Spikes|[from] move: Defog|[of] p1a: Aerodactyl
|-sideend|p1: Juice Weasel|Stealth Rock|[from] move: Defog|[of] p1a: Aerodactyl
|move|p2a: Milotic|Ice Beam|p1a: Aerodactyl
|-supereffective|p1a: Aerodactyl
|-damage|p1a: Aerodactyl|0 fnt
|faint|p1a: Aerodactyl
|
|chat|topsy too-tall|lol :)
|
|switch|p1a: Short Bus|Slowbro, M|384\/393
|turn|42
|
|move|p2a: Milotic|Scald|p1a: Short Bus
|-resisted|p1a: Short Bus
|-damage|p1a: Short Bus|265\/393
|move|p1a: Short Bus|Calm Mind|p1a: Short Bus
|-boost|p1a: Short Bus|spa|1
|-boost|p1a: Short Bus|spd|1
|
|-heal|p1a: Short Bus|289\/393|[from] item: Leftovers
|turn|43
|chat|Juice Weasel|good thing i was playing around marvel scale this whole time lol
|
|move|p2a: Milotic|Haze|p2a: Milotic
|-clearallboost
|move|p1a: Short Bus|Calm Mind|p1a: Short Bus
|-boost|p1a: Short Bus|spa|1
|-boost|p1a: Short Bus|spd|1
|
|-heal|p1a: Short Bus|313\/393|[from] item: Leftovers
|turn|44
|
|move|p2a: Milotic|Haze|p2a: Milotic
|-clearallboost
|move|p1a: Short Bus|Psyshock|p2a: Milotic
|-damage|p2a: Milotic|273\/394
|
|-heal|p2a: Milotic|297\/394|[from] item: Leftovers
|-heal|p1a: Short Bus|337\/393|[from] item: Leftovers
|turn|45
|
|move|p2a: Milotic|Scald|p1a: Short Bus
|-resisted|p1a: Short Bus
|-damage|p1a: Short Bus|280\/393
|move|p1a: Short Bus|Scald|p2a: Milotic
|-resisted|p2a: Milotic
|-damage|p2a: Milotic|270\/394
|-status|p2a: Milotic|brn
|
|-heal|p2a: Milotic|294\/394 brn|[from] item: Leftovers
|-heal|p1a: Short Bus|304\/393|[from] item: Leftovers
|-damage|p2a: Milotic|245\/394 brn|[from] brn
|turn|46
|
|move|p2a: Milotic|Scald|p1a: Short Bus
|-resisted|p1a: Short Bus
|-damage|p1a: Short Bus|249\/393
|move|p1a: Short Bus|Psyshock|p2a: Milotic
|-damage|p2a: Milotic|137\/394 brn
|
|-heal|p2a: Milotic|161\/394 brn|[from] item: Leftovers
|-heal|p1a: Short Bus|273\/393|[from] item: Leftovers
|-damage|p2a: Milotic|112\/394 brn|[from] brn
|turn|47
|
|switch|p1a: KnightsOftheRound|Escavalier, M|213\/343
|move|p2a: Milotic|Recover|p2a: Milotic
|-heal|p2a: Milotic|309\/394 brn
|
|-heal|p2a: Milotic|333\/394 brn|[from] item: Leftovers
|-heal|p1a: KnightsOftheRound|234\/343|[from] item: Leftovers
|-damage|p2a: Milotic|284\/394 brn|[from] brn
|turn|48
|
|move|p2a: Milotic|Scald|p1a: KnightsOftheRound
|-damage|p1a: KnightsOftheRound|159\/343
|move|p1a: KnightsOftheRound|Megahorn|p2a: Milotic
|-damage|p2a: Milotic|71\/394 brn
|
|-heal|p2a: Milotic|95\/394 brn|[from] item: Leftovers
|-heal|p1a: KnightsOftheRound|180\/343|[from] item: Leftovers
|-damage|p2a: Milotic|46\/394 brn|[from] brn
|turn|49
|
|move|p2a: Milotic|Scald|p1a: KnightsOftheRound
|-damage|p1a: KnightsOftheRound|110\/343
|-status|p1a: KnightsOftheRound|brn
|move|p1a: KnightsOftheRound|Megahorn|p2a: Milotic
|-damage|p2a: Milotic|0 fnt
|faint|p2a: Milotic
|
|-heal|p1a: KnightsOftheRound|131\/343 brn|[from] item: Leftovers
|-damage|p1a: KnightsOftheRound|89\/343 brn|[from] brn
|
|switch|p2a: Mienshao|Mienshao, M|255\/271
|turn|50
|
|move|p2a: Mienshao|High Jump Kick|p1a: KnightsOftheRound
|-crit|p1a: KnightsOftheRound
|-damage|p1a: KnightsOftheRound|0 fnt
|faint|p1a: KnightsOftheRound
|
|
|switch|p1a: Short Bus|Slowbro, M|393\/393
|turn|51
|
|move|p2a: Mienshao|High Jump Kick|p1a: Short Bus
|-resisted|p1a: Short Bus
|-damage|p1a: Short Bus|303\/393
|move|p1a: Short Bus|Calm Mind|p1a: Short Bus
|-boost|p1a: Short Bus|spa|1
|-boost|p1a: Short Bus|spd|1
|
|-heal|p1a: Short Bus|327\/393|[from] item: Leftovers
|turn|52
|chat|topsy too-tall|gg man u win
|
|switch|p2a: Forretress|Forretress, F|354\/354
|move|p1a: Short Bus|Calm Mind|p1a: Short Bus
|-boost|p1a: Short Bus|spa|1
|-boost|p1a: Short Bus|spd|1
|
|-heal|p1a: Short Bus|351\/393|[from] item: Leftovers
|turn|53
|
|move|p1a: Short Bus|Calm Mind|p1a: Short Bus
|-boost|p1a: Short Bus|spa|1
|-boost|p1a: Short Bus|spd|1
|move|p2a: Forretress|Gyro Ball|p1a: Short Bus
|-resisted|p1a: Short Bus
|-damage|p1a: Short Bus|339\/393
|
|-heal|p1a: Short Bus|363\/393|[from] item: Leftovers
|turn|54
|chat|topsy too-tall|stop it :\
|chat|topsy too-tall|jus end it
|chat|Juice Weasel|in b4 toxic
|
|move|p1a: Short Bus|Calm Mind|p1a: Short Bus
|-boost|p1a: Short Bus|spa|1
|-boost|p1a: Short Bus|spd|1
|move|p2a: Forretress|Gyro Ball|p1a: Short Bus
|-resisted|p1a: Short Bus
|-damage|p1a: Short Bus|352\/393
|
|-heal|p1a: Short Bus|376\/393|[from] item: Leftovers
|turn|55
|chat|Juice Weasel|sry i was scrolled up. not trying to be a dick
|
|move|p1a: Short Bus|Scald|p2a: Forretress
|-activate|p2a: Forretress|Sturdy
|-damage|p2a: Forretress|1\/354
|move|p2a: Forretress|Gyro Ball|p1a: Short Bus
|-resisted|p1a: Short Bus
|-damage|p1a: Short Bus|365\/393
|
|-heal|p1a: Short Bus|389\/393|[from] item: Leftovers
|-heal|p2a: Forretress|23\/354|[from] item: Leftovers
|turn|56
|chat|topsy too-tall|idk how to deal with ur slowbro :\
|
|move|p1a: Short Bus|Scald|p2a: Forretress
|-damage|p2a: Forretress|0 fnt
|faint|p2a: Forretress
|
|-heal|p1a: Short Bus|393\/393|[from] item: Leftovers
|chat|Juice Weasel|i thought i had no chance with milotic around
|
|switch|p2a: Mienshao|Mienshao, M|255\/271
|turn|57
|
|move|p2a: Mienshao|U-turn|p1a: Short Bus
|-supereffective|p1a: Short Bus
|-damage|p1a: Short Bus|275\/393
|
|switch|p2a: Kyurem|Kyurem|405\/405
|-ability|p2a: Kyurem|Pressure
|move|p1a: Short Bus|Psyshock|p2a: Kyurem
|-damage|p2a: Kyurem|77\/405
|
|-heal|p2a: Kyurem|102\/405|[from] item: Leftovers
|-heal|p1a: Short Bus|299\/393|[from] item: Leftovers
|turn|58
|
|move|p2a: Kyurem|Earth Power|p1a: Short Bus
|-damage|p1a: Short Bus|251\/393
|move|p1a: Short Bus|Psyshock|p2a: Kyurem
|-damage|p2a: Kyurem|0 fnt
|faint|p2a: Kyurem
|
|-heal|p1a: Short Bus|275\/393|[from] item: Leftovers
|
|switch|p2a: Mienshao|Mienshao, M|255\/271
|turn|59
|chat|Juice Weasel|gg bro
|
|move|p2a: Mienshao|High Jump Kick|p1a: Short Bus
|-resisted|p1a: Short Bus
|-damage|p1a: Short Bus|178\/393
|move|p1a: Short Bus|Psyshock|p2a: Mienshao
|-supereffective|p2a: Mienshao
|-damage|p2a: Mienshao|0 fnt
|faint|p2a: Mienshao
|
|win|Juice Weasel
|raw|Ladder updating...
|raw|Juice Weasel's rating: 1431 &rarr; <strong>1441<\/strong><br \/>(+10 for winning)
|raw|topsy too-tall's rating: 1253 &rarr; <strong>1240<\/strong><br \/>(-13 for losing)