|join|KaiserAeros
|join|Juice Weasel
|player|p1|KaiserAeros|290
|player|p2|Juice Weasel|172
|gametype|singles
|gen|6
|tier|UU
|rated
|rule|Sleep Clause Mod: Limit one foe put to sleep
|rule|Species Clause: Limit one of each Pokemon
|rule|OHKO Clause: OHKO moves are banned
|rule|Moody Clause: Moody is banned
|rule|Evasion Moves Clause: Evasion moves are banned
|rule|Endless Battle Clause: Forcing endless battles is banned.
|rule|HP Percentage Mod: HP is reported as percentages
|clearpoke
|poke|p1|Honchkrow, M
|poke|p1|Darmanitan, M, shiny
|poke|p1|Manectric, F, shiny
|poke|p1|Forretress, F, shiny
|poke|p1|Vaporeon, M
|poke|p1|Heracross, F
|poke|p2|Reuniclus, M, shiny
|poke|p2|Flygon, M
|poke|p2|Entei, shiny
|poke|p2|Florges, F, shiny
|poke|p2|Swampert, M
|poke|p2|Toxicroak, M, shiny
|teampreview
|
|start
|switch|p1a: Monkey Minion|Darmanitan, M, shiny|351\/351
|switch|p2a: Elbow Pads|Swampert, M|403\/403
|turn|1
|
|move|p1a: Monkey Minion|U-turn|p2a: Elbow Pads
|-damage|p2a: Elbow Pads|335\/403
|
|switch|p1a: Siren Cat|Vaporeon, M|464\/464
|move|p2a: Elbow Pads|Stealth Rock|p1a: Siren Cat
|-sidestart|p1: KaiserAeros|move: Stealth Rock
|
|-heal|p2a: Elbow Pads|360\/403|[from] item: Leftovers
|turn|2
|
|switch|p2a: Huckleberry|Toxicroak, M, shiny|307\/307
|move|p1a: Siren Cat|Scald|p2a: Huckleberry
|-immune|p2a: Huckleberry|[msg]
|
|turn|3
|
|move|p2a: Huckleberry|Drain Punch|p1a: Siren Cat
|-damage|p1a: Siren Cat|300\/464
|-damage|p2a: Huckleberry|277\/307|[from] item: Life Orb
|move|p1a: Siren Cat|Wish|p1a: Siren Cat
|
|-heal|p1a: Siren Cat|329\/464|[from] item: Leftovers
|turn|4
|
|switch|p1a: Thing that is a bu|Forretress, F, shiny|354\/354
|-damage|p1a: Thing that is a bu|310\/354|[from] Stealth Rock
|move|p2a: Huckleberry|Swords Dance|p2a: Huckleberry
|-boost|p2a: Huckleberry|atk|2
|
|-heal|p1a: Thing that is a bu|354\/354|[from] move: Wish|[wisher] Siren Cat
|turn|5
|
|move|p2a: Huckleberry|Drain Punch|p1a: Thing that is a bu
|-damage|p1a: Thing that is a bu|166\/354
|-heal|p2a: Huckleberry|307\/307|[from] drain|[of] p1a: Thing that is a bu
|-damage|p2a: Huckleberry|277\/307|[from] item: Life Orb
|move|p1a: Thing that is a bu|Stealth Rock|p2a: Huckleberry
|-sidestart|p2: Juice Weasel|move: Stealth Rock
|
|-heal|p1a: Thing that is a bu|188\/354|[from] item: Leftovers
|turn|6
|
|move|p2a: Huckleberry|Drain Punch|p1a: Thing that is a bu
|-damage|p1a: Thing that is a bu|0 fnt
|-heal|p2a: Huckleberry|307\/307|[from] drain|[of] p1a: Thing that is a bu
|-damage|p2a: Huckleberry|277\/307|[from] item: Life Orb
|faint|p1a: Thing that is a bu
|
|
|switch|p1a: Siren Cat|Vaporeon, M|329\/464
|-damage|p1a: Siren Cat|271\/464|[from] Stealth Rock
|turn|7
|
|move|p1a: Siren Cat|Protect|p1a: Siren Cat
|-singleturn|p1a: Siren Cat|Protect
|move|p2a: Huckleberry|Drain Punch|p1a: Siren Cat
|-activate|p1a: Siren Cat|Protect
|
|-heal|p1a: Siren Cat|300\/464|[from] item: Leftovers
|turn|8
|
|move|p2a: Huckleberry|Drain Punch|p1a: Siren Cat
|-damage|p1a: Siren Cat|0 fnt
|-heal|p2a: Huckleberry|307\/307|[from] drain|[of] p1a: Siren Cat
|-damage|p2a: Huckleberry|277\/307|[from] item: Life Orb
|faint|p1a: Siren Cat
|
|
|switch|p1a: Monkey Minion|Darmanitan, M, shiny|351\/351
|-damage|p1a: Monkey Minion|264\/351|[from] Stealth Rock
|turn|9
|
|switch|p1a: Heracles|Heracross, F|302\/302
|-damage|p1a: Heracles|265\/302|[from] Stealth Rock
|move|p2a: Huckleberry|Sucker Punch|p1a: Heracles
|-fail|p1a: Heracles
|
|turn|10
|
|switch|p1a: Jonhyy Bravo|Manectric, F, shiny|281\/281
|-damage|p1a: Jonhyy Bravo|246\/281|[from] Stealth Rock
|move|p2a: Huckleberry|Gunk Shot|p1a: Jonhyy Bravo
|-damage|p1a: Jonhyy Bravo|0 fnt
|-damage|p2a: Huckleberry|247\/307|[from] item: Life Orb
|faint|p1a: Jonhyy Bravo
|
|
|switch|p1a: Monkey Minion|Darmanitan, M, shiny|264\/351
|-damage|p1a: Monkey Minion|177\/351|[from] Stealth Rock
|turn|11
|
|switch|p1a: Corleoni|Honchkrow, M|341\/341
|-damage|p1a: Corleoni|256\/341|[from] Stealth Rock
|move|p2a: Huckleberry|Sucker Punch|p1a: Corleoni
|-fail|p1a: Corleoni
|
|turn|12
|
|switch|p1a: Monkey Minion|Darmanitan, M, shiny|177\/351
|-damage|p1a: Monkey Minion|90\/351|[from] Stealth Rock
|move|p2a: Huckleberry|Drain Punch|p1a: Monkey Minion
|-damage|p1a: Monkey Minion|0 fnt
|-heal|p2a: Huckleberry|292\/307|[from] drain|[of] p1a: Monkey Minion
|-damage|p2a: Huckleberry|262\/307|[from] item: Life Orb
|faint|p1a: Monkey Minion
|
|chat|Juice Weasel|lol
|
|switch|p1a: Corleoni|Honchkrow, M|256\/341
|-damage|p1a: Corleoni|171\/341|[from] Stealth Rock
|turn|13
|chat|KaiserAeros|I'm in the mode I don't care
|chat|KaiserAeros|simply spam guck shot
|
|switch|p1a: Heracles|Heracross, F|265\/302
|-damage|p1a: Heracles|228\/302|[from] Stealth Rock
|move|p2a: Huckleberry|Drain Punch|p1a: Heracles
|-resisted|p1a: Heracles
|-damage|p1a: Heracles|8\/302
|-heal|p2a: Huckleberry|307\/307|[from] drain|[of] p1a: Heracles
|-damage|p2a: Huckleberry|277\/307|[from] item: Life Orb
|
|turn|14
|
|switch|p1a: Corleoni|Honchkrow, M|171\/341
|-damage|p1a: Corleoni|86\/341|[from] Stealth Rock
|move|p2a: Huckleberry|Drain Punch|p1a: Corleoni
|-damage|p1a: Corleoni|0 fnt
|-heal|p2a: Huckleberry|307\/307|[from] drain|[of] p1a: Corleoni
|-damage|p2a: Huckleberry|277\/307|[from] item: Life Orb
|faint|p1a: Corleoni
|
|
|switch|p1a: Heracles|Heracross, F|8\/302
|-damage|p1a: Heracles|0 fnt|[from] Stealth Rock
|faint|p1a: Heracles
|
|win|Juice Weasel
|raw|Ladder updating...
|raw|KaiserAeros's rating: 1269 &rarr; <strong>1237<\/strong><br \/>(-32 for losing)
|raw|Juice Weasel's rating: 1170 &rarr; <strong>1202<\/strong><br \/>(+32 for winning)
|chat|Juice Weasel|gg
|leave|KaiserAeros
|player|p1