|join|Juice Weasel
|join|ldubz
|player|p1|Juice Weasel|172
|player|p2|ldubz|169
|gametype|singles
|gen|6
|tier|UU
|rated
|rule|Sleep Clause Mod: Limit one foe put to sleep
|rule|Species Clause: Limit one of each Pokemon
|rule|OHKO Clause: OHKO moves are banned
|rule|Moody Clause: Moody is banned
|rule|Evasion Moves Clause: Evasion moves are banned
|rule|Endless Battle Clause: Forcing endless battles is banned.
|rule|HP Percentage Mod: HP is reported as percentages
|clearpoke
|poke|p1|Alakazam, M
|poke|p1|Slowbro, M
|poke|p1|Mew
|poke|p1|Blissey, F
|poke|p1|Krookodile, F
|poke|p1|Fletchinder, F
|poke|p2|Blissey, F
|poke|p2|Blastoise, F
|poke|p2|Metagross
|poke|p2|Goodra, M
|poke|p2|Infernape, F
|poke|p2|Krookodile, M
|teampreview
|
|start
|switch|p1a: Fletchinder|Fletchinder, F|265\/265
|switch|p2a: Infernape|Infernape, F|293\/293
|turn|1
|
|move|p2a: Infernape|Stealth Rock|p1a: Fletchinder
|-sidestart|p1: Juice Weasel|move: Stealth Rock
|move|p1a: Fletchinder|Will-O-Wisp|p2a: Infernape
|-fail|p2a: Infernape
|
|turn|2
|
|switch|p2a: Blastoise|Blastoise, F|362\/362
|move|p1a: Fletchinder|Acrobatics|p2a: Blastoise
|-damage|p2a: Blastoise|221\/362
|
|turn|3
|
|switch|p1a: Blissey|Blissey, F|652\/652
|-damage|p1a: Blissey|571\/652|[from] Stealth Rock
|detailschange|p2a: Blastoise|Blastoise-Mega, F
|message|Blastoise has Mega Evolved into Mega Blastoise!
|move|p2a: Blastoise|Dark Pulse|p1a: Blissey
|-damage|p1a: Blissey|466\/652
|
|-heal|p1a: Blissey|506\/652|[from] item: Leftovers
|turn|4
|
|switch|p2a: Metagross|Metagross|364\/364
|move|p1a: Blissey|Seismic Toss|p2a: Metagross
|-damage|p2a: Metagross|264\/364
|
|-heal|p1a: Blissey|546\/652|[from] item: Leftovers
|turn|5
|
|switch|p1a: Short Bus|Slowbro, M|394\/394
|-damage|p1a: Short Bus|345\/394|[from] Stealth Rock
|move|p2a: Metagross|Zen Headbutt|p1a: Short Bus
|-resisted|p1a: Short Bus
|-damage|p1a: Short Bus|264\/394
|-damage|p2a: Metagross|204\/364|[from] item: Rocky Helmet|[of] p1a: Short Bus
|
|turn|6
|
|switch|p2a: Goodra|Goodra, M|384\/384
|move|p1a: Short Bus|Scald|p2a: Goodra
|-resisted|p2a: Goodra
|-damage|p2a: Goodra|363\/384
|-status|p2a: Goodra|brn
|
|-damage|p2a: Goodra|315\/384 brn|[from] brn
|turn|7
|
|switch|p1a: Mew|Mew|403\/403
|-damage|p1a: Mew|353\/403|[from] Stealth Rock
|move|p2a: Goodra|Dragon Pulse|p1a: Mew
|-damage|p1a: Mew|241\/403
|
|-heal|p1a: Mew|266\/403|[from] item: Leftovers
|-damage|p2a: Goodra|267\/384 brn|[from] brn
|turn|8
|
|switch|p2a: Krookodile|Krookodile, M|332\/332
|move|p1a: Mew|Defog|p2a: Krookodile
|-unboost|p2a: Krookodile|evasion|1
|-sideend|p1: Juice Weasel|Stealth Rock|[from] move: Defog|[of] p1a: Mew
|
|-heal|p1a: Mew|291\/403|[from] item: Leftovers
|turn|9
|
|move|p2a: Krookodile|Knock Off|p1a: Mew
|-supereffective|p1a: Mew
|-damage|p1a: Mew|0 fnt
|faint|p1a: Mew
|-boost|p2a: Krookodile|atk|1|[from] ability: Moxie
|
|
|switch|p1a: Fletchinder|Fletchinder, F|265\/265
|turn|10
|
|move|p2a: Krookodile|Knock Off|p1a: Fletchinder
|-damage|p1a: Fletchinder|22\/265
|move|p1a: Fletchinder|Will-O-Wisp|p2a: Krookodile
|-status|p2a: Krookodile|brn
|
|-damage|p2a: Krookodile|291\/332 brn|[from] brn
|turn|11
|
|move|p1a: Fletchinder|Roost|p1a: Fletchinder
|-heal|p1a: Fletchinder|155\/265
|move|p2a: Krookodile|Knock Off|p1a: Fletchinder
|-damage|p1a: Fletchinder|23\/265
|
|-damage|p2a: Krookodile|250\/332 brn|[from] brn
|turn|12
|
|switch|p2a: Infernape|Infernape, F|293\/293
|move|p1a: Fletchinder|Roost|p1a: Fletchinder
|-heal|p1a: Fletchinder|156\/265
|
|turn|13
|
|move|p1a: Fletchinder|Acrobatics|p2a: Infernape
|-supereffective|p2a: Infernape
|-damage|p2a: Infernape|0 fnt
|faint|p2a: Infernape
|
|
|switch|p2a: Blastoise|Blastoise-Mega, F|221\/362
|turn|14
|
|switch|p1a: Blissey|Blissey, F|546\/652
|switch|p2a: Blissey|Blissey, F|714\/714
|
|-heal|p1a: Blissey|586\/652|[from] item: Leftovers
|turn|15
|
|move|p2a: Blissey|Heal Bell|p2a: Blissey
|-cureteam|p2a: Blissey|[from] move: HealBell
|move|p1a: Blissey|Stealth Rock|p2a: Blissey
|-sidestart|p2: ldubz|move: Stealth Rock
|
|-heal|p1a: Blissey|626\/652|[from] item: Leftovers
|turn|16
|
|switch|p2a: Krookodile|Krookodile, M|250\/332
|-damage|p2a: Krookodile|230\/332|[from] Stealth Rock
|move|p1a: Blissey|Seismic Toss|p2a: Krookodile
|-damage|p2a: Krookodile|130\/332
|
|-heal|p1a: Blissey|652\/652|[from] item: Leftovers
|turn|17
|
|move|p2a: Krookodile|Crunch|p1a: Blissey
|-damage|p1a: Blissey|412\/652
|move|p1a: Blissey|Soft-Boiled|p1a: Blissey
|-heal|p1a: Blissey|652\/652
|
|turn|18
|
|move|p2a: Krookodile|Crunch|p1a: Blissey
|-damage|p1a: Blissey|423\/652
|move|p1a: Blissey|Seismic Toss|p2a: Krookodile
|-damage|p2a: Krookodile|30\/332
|
|-heal|p1a: Blissey|463\/652|[from] item: Leftovers
|turn|19
|
|switch|p2a: Blissey|Blissey, F|714\/714
|-damage|p2a: Blissey|625\/714|[from] Stealth Rock
|move|p1a: Blissey|Seismic Toss|p2a: Blissey
|-damage|p2a: Blissey|525\/714
|
|-heal|p1a: Blissey|503\/652|[from] item: Leftovers
|-heal|p2a: Blissey|569\/714|[from] item: Leftovers
|turn|20
|
|move|p2a: Blissey|Wish|p2a: Blissey
|move|p1a: Blissey|Seismic Toss|p2a: Blissey
|-damage|p2a: Blissey|469\/714
|
|-heal|p1a: Blissey|543\/652|[from] item: Leftovers
|-heal|p2a: Blissey|513\/714|[from] item: Leftovers
|turn|21
|
|switch|p2a: Metagross|Metagross|204\/364
|-damage|p2a: Metagross|182\/364|[from] Stealth Rock
|move|p1a: Blissey|Seismic Toss|p2a: Metagross
|-damage|p2a: Metagross|82\/364
|
|-heal|p2a: Metagross|364\/364|[from] move: Wish|[wisher] Blissey
|-heal|p1a: Blissey|583\/652|[from] item: Leftovers
|turn|22
|
|switch|p1a: Short Bus|Slowbro, M|394\/394
|move|p2a: Metagross|Earthquake|p1a: Short Bus
|-damage|p1a: Short Bus|249\/394
|
|turn|23
|
|switch|p2a: Blissey|Blissey, F|513\/714
|-damage|p2a: Blissey|424\/714|[from] Stealth Rock
|move|p1a: Short Bus|Scald|p2a: Blissey
|-damage|p2a: Blissey|370\/714
|
|-heal|p2a: Blissey|414\/714|[from] item: Leftovers
|turn|24
|
|move|p2a: Blissey|Wish|p2a: Blissey
|move|p1a: Short Bus|Calm Mind|p1a: Short Bus
|-boost|p1a: Short Bus|spa|1
|-boost|p1a: Short Bus|spd|1
|
|-heal|p2a: Blissey|458\/714|[from] item: Leftovers
|turn|25
|
|switch|p2a: Blastoise|Blastoise-Mega, F|221\/362
|-damage|p2a: Blastoise|176\/362|[from] Stealth Rock
|move|p1a: Short Bus|Scald|p2a: Blastoise
|-resisted|p2a: Blastoise
|-damage|p2a: Blastoise|117\/362
|
|-heal|p2a: Blastoise|362\/362|[from] move: Wish|[wisher] Blissey
|turn|26
|
|switch|p1a: Blissey|Blissey, F|583\/652
|move|p2a: Blastoise|Rapid Spin|p1a: Blissey
|-damage|p1a: Blissey|556\/652
|-sideend|p2: ldubz|Stealth Rock|[from] move: Rapid Spin|[of] p2a: Blastoise
|
|-heal|p1a: Blissey|596\/652|[from] item: Leftovers
|turn|27
|
|move|p2a: Blastoise|Aura Sphere|p1a: Blissey
|-supereffective|p1a: Blissey
|-damage|p1a: Blissey|384\/652
|move|p1a: Blissey|Seismic Toss|p2a: Blastoise
|-damage|p2a: Blastoise|262\/362
|
|-heal|p1a: Blissey|424\/652|[from] item: Leftovers
|turn|28
|
|move|p2a: Blastoise|Dark Pulse|p1a: Blissey
|-damage|p1a: Blissey|326\/652
|move|p1a: Blissey|Stealth Rock|p2a: Blastoise
|-sidestart|p2: ldubz|move: Stealth Rock
|
|-heal|p1a: Blissey|366\/652|[from] item: Leftovers
|turn|29
|
|move|p2a: Blastoise|Rapid Spin|p1a: Blissey
|-damage|p1a: Blissey|336\/652
|-sideend|p2: ldubz|Stealth Rock|[from] move: Rapid Spin|[of] p2a: Blastoise
|move|p1a: Blissey|Seismic Toss|p2a: Blastoise
|-damage|p2a: Blastoise|162\/362
|
|-heal|p1a: Blissey|376\/652|[from] item: Leftovers
|turn|30
|
|switch|p2a: Krookodile|Krookodile, M|30\/332
|move|p1a: Blissey|Stealth Rock|p2a: Krookodile
|-sidestart|p2: ldubz|move: Stealth Rock
|
|-heal|p1a: Blissey|416\/652|[from] item: Leftovers
|turn|31
|
|move|p2a: Krookodile|Earthquake|p1a: Blissey
|-damage|p1a: Blissey|98\/652
|move|p1a: Blissey|Soft-Boiled|p1a: Blissey
|-heal|p1a: Blissey|424\/652
|
|-heal|p1a: Blissey|464\/652|[from] item: Leftovers
|turn|32
|
|switch|p2a: Blissey|Blissey, F|458\/714
|-damage|p2a: Blissey|369\/714|[from] Stealth Rock
|switch|p1a: Fletchinder|Fletchinder, F|156\/265
|
|-heal|p2a: Blissey|413\/714|[from] item: Leftovers
|turn|33
|
|switch|p2a: Metagross|Metagross|364\/364
|-damage|p2a: Metagross|342\/364|[from] Stealth Rock
|move|p1a: Fletchinder|Swords Dance|p1a: Fletchinder
|-boost|p1a: Fletchinder|atk|2
|
|turn|34
|
|switch|p1a: Short Bus|Slowbro, M|380\/394
|move|p2a: Metagross|Zen Headbutt|p1a: Short Bus
|-resisted|p1a: Short Bus
|-damage|p1a: Short Bus|305\/394
|-damage|p2a: Metagross|282\/364|[from] item: Rocky Helmet|[of] p1a: Short Bus
|
|turn|35
|
|switch|p2a: Blissey|Blissey, F|413\/714
|-damage|p2a: Blissey|324\/714|[from] Stealth Rock
|move|p1a: Short Bus|Psyshock|p2a: Blissey
|-damage|p2a: Blissey|0 fnt
|faint|p2a: Blissey
|
|
|switch|p2a: Blastoise|Blastoise-Mega, F|162\/362
|-damage|p2a: Blastoise|117\/362|[from] Stealth Rock
|turn|36
|
|switch|p1a: Blissey|Blissey, F|464\/652
|move|p2a: Blastoise|Rapid Spin|p1a: Blissey
|-damage|p1a: Blissey|437\/652
|-sideend|p2: ldubz|Stealth Rock|[from] move: Rapid Spin|[of] p2a: Blastoise
|
|-heal|p1a: Blissey|477\/652|[from] item: Leftovers
|turn|37
|
|switch|p2a: Metagross|Metagross|282\/364
|move|p1a: Blissey|Stealth Rock|p2a: Metagross
|-sidestart|p2: ldubz|move: Stealth Rock
|
|-heal|p1a: Blissey|517\/652|[from] item: Leftovers
|turn|38
|
|switch|p2a: Blastoise|Blastoise-Mega, F|117\/362
|-damage|p2a: Blastoise|72\/362|[from] Stealth Rock
|switch|p1a: Short Bus|Slowbro, M|394\/394
|
|turn|39
|
|switch|p1a: Blissey|Blissey, F|517\/652
|move|p2a: Blastoise|Dark Pulse|p1a: Blissey
|-damage|p1a: Blissey|411\/652
|
|-heal|p1a: Blissey|451\/652|[from] item: Leftovers
|turn|40
|
|move|p2a: Blastoise|Aura Sphere|p1a: Blissey
|-supereffective|p1a: Blissey
|-damage|p1a: Blissey|253\/652
|move|p1a: Blissey|Seismic Toss|p2a: Blastoise
|-damage|p2a: Blastoise|0 fnt
|faint|p2a: Blastoise
|
|-heal|p1a: Blissey|293\/652|[from] item: Leftovers
|
|switch|p2a: Metagross|Metagross|282\/364
|-damage|p2a: Metagross|260\/364|[from] Stealth Rock
|turn|41
|
|switch|p2a: Krookodile|Krookodile, M|30\/332
|-damage|p2a: Krookodile|10\/332|[from] Stealth Rock
|switch|p1a: Short Bus|Slowbro, M|394\/394
|
|turn|42
|
|move|p2a: Krookodile|Knock Off|p1a: Short Bus
|-supereffective|p1a: Short Bus
|-damage|p1a: Short Bus|194\/394
|-damage|p2a: Krookodile|0 fnt|[from] item: Rocky Helmet|[of] p1a: Short Bus
|faint|p2a: Krookodile
|move|p1a: Short Bus|Slack Off|p1a: Short Bus
|-heal|p1a: Short Bus|391\/394
|
|
|switch|p2a: Goodra|Goodra, M|267\/384
|-damage|p2a: Goodra|219\/384|[from] Stealth Rock
|turn|43
|
|switch|p1a: Blissey|Blissey, F|293\/652
|move|p2a: Goodra|Dragon Pulse|p1a: Blissey
|-damage|p1a: Blissey|205\/652
|
|-heal|p1a: Blissey|245\/652|[from] item: Leftovers
|turn|44
|
|move|p2a: Goodra|Ice Beam|p1a: Blissey
|-damage|p1a: Blissey|182\/652
|move|p1a: Blissey|Soft-Boiled|p1a: Blissey
|-heal|p1a: Blissey|508\/652
|
|-heal|p1a: Blissey|548\/652|[from] item: Leftovers
|turn|45
|
|move|p2a: Goodra|Ice Beam|p1a: Blissey
|-damage|p1a: Blissey|479\/652
|move|p1a: Blissey|Seismic Toss|p2a: Goodra
|-damage|p2a: Goodra|119\/384
|-unboost|p1a: Blissey|spe|1
|
|-heal|p1a: Blissey|519\/652|[from] item: Leftovers
|turn|46
|
|move|p2a: Goodra|Ice Beam|p1a: Blissey
|-damage|p1a: Blissey|453\/652
|move|p1a: Blissey|Seismic Toss|p2a: Goodra
|-damage|p2a: Goodra|19\/384
|-unboost|p1a: Blissey|spe|1
|
|-heal|p1a: Blissey|493\/652|[from] item: Leftovers
|turn|47
|
|move|p2a: Goodra|Ice Beam|p1a: Blissey
|-damage|p1a: Blissey|426\/652
|move|p1a: Blissey|Seismic Toss|p2a: Goodra
|-damage|p2a: Goodra|0 fnt
|-unboost|p1a: Blissey|spe|1
|faint|p2a: Goodra
|
|-heal|p1a: Blissey|466\/652|[from] item: Leftovers
|
|switch|p2a: Metagross|Metagross|260\/364
|-damage|p2a: Metagross|238\/364|[from] Stealth Rock
|turn|48
|
|switch|p1a: Short Bus|Slowbro, M|394\/394
|move|p2a: Metagross|Zen Headbutt|p1a: Short Bus
|-resisted|p1a: Short Bus
|-damage|p1a: Short Bus|309\/394
|-damage|p2a: Metagross|178\/364|[from] item: Rocky Helmet|[of] p1a: Short Bus
|
|turn|49
|
|move|p2a: Metagross|Zen Headbutt|p1a: Short Bus
|-resisted|p1a: Short Bus
|-damage|p1a: Short Bus|231\/394
|-damage|p2a: Metagross|118\/364|[from] item: Rocky Helmet|[of] p1a: Short Bus
|move|p1a: Short Bus|Scald|p2a: Metagross
|-damage|p2a: Metagross|10\/364
|-status|p2a: Metagross|brn
|
|-damage|p2a: Metagross|0 fnt|[from] brn
|faint|p2a: Metagross
|
|win|Juice Weasel
|raw|Ladder updating...
|raw|Juice Weasel's rating: 1542 &rarr; <strong>1550<\/strong><br \/>(+8 for winning)
|raw|ldubz's rating: 1300 &rarr; <strong>1290<\/strong><br \/>(-10 for losing)
|chat|ldubz|gg
|chat|Juice Weasel|gg