|join|Juice Weasel
|join|TheKingler
|player|p1|Juice Weasel|172
|player|p2|TheKingler|165
|gametype|singles
|gen|6
|tier|UU
|rated
|rule|Sleep Clause Mod: Limit one foe put to sleep
|rule|Species Clause: Limit one of each Pokemon
|rule|OHKO Clause: OHKO moves are banned
|rule|Moody Clause: Moody is banned
|rule|Evasion Moves Clause: Evasion moves are banned
|rule|Endless Battle Clause: Forcing endless battles is banned.
|rule|HP Percentage Mod: HP is reported as percentages
|clearpoke
|poke|p1|Reuniclus, M, shiny
|poke|p1|Flygon, M
|poke|p1|Entei, shiny
|poke|p1|Florges, F, shiny
|poke|p1|Swampert, M
|poke|p1|Toxicroak, M, shiny
|poke|p2|Metagross, shiny
|poke|p2|Slowbro, M
|poke|p2|Jolteon, F
|poke|p2|Entei, shiny
|poke|p2|Trevenant, M, shiny
|poke|p2|Smeargle, F
|teampreview
|
|start
|switch|p1a: Mufasa|Entei, shiny|371\/371
|switch|p2a: Smeargle|Smeargle, F|314\/314
|-ability|p1a: Mufasa|Pressure
|turn|1
|
|move|p1a: Mufasa|Sacred Fire|p2a: Smeargle
|-enditem|p2a: Smeargle|Focus Sash
|-damage|p2a: Smeargle|1\/314
|move|p2a: Smeargle|Spore|p1a: Mufasa
|-status|p1a: Mufasa|slp
|
|turn|2
|
|switch|p1a: Hemlock|Florges, F, shiny|359\/359
|move|p2a: Smeargle|Stealth Rock|p1a: Hemlock
|-sidestart|p1: Juice Weasel|move: Stealth Rock
|
|turn|3
|
|move|p2a: Smeargle|Sticky Web|p1a: Hemlock
|-sidestart|p1: Juice Weasel|move: Sticky Web
|move|p1a: Hemlock|Moonblast|p2a: Smeargle
|-crit|p2a: Smeargle
|-damage|p2a: Smeargle|0 fnt
|faint|p2a: Smeargle
|
|
|switch|p2a: Metagross|Metagross, shiny|345\/345
|turn|4
|
|switch|p1a: Elbow Pads|Swampert, M|403\/403
|-damage|p1a: Elbow Pads|378\/403|[from] Stealth Rock
|-activate|p1a: Elbow Pads|move: Sticky Web
|-unboost|p1a: Elbow Pads|spe|1
|move|p2a: Metagross|Meteor Mash|p1a: Elbow Pads
|-resisted|p1a: Elbow Pads
|-damage|p1a: Elbow Pads|315\/403
|
|-heal|p1a: Elbow Pads|340\/403|[from] item: Leftovers
|turn|5
|
|switch|p2a: Trevenant|Trevenant, M, shiny|374\/374
|move|p1a: Elbow Pads|Scald|p2a: Trevenant
|-resisted|p2a: Trevenant
|-damage|p2a: Trevenant|342\/374
|
|-heal|p1a: Elbow Pads|365\/403|[from] item: Leftovers
|turn|6
|
|move|p2a: Trevenant|Leech Seed|p1a: Elbow Pads
|-start|p1a: Elbow Pads|move: Leech Seed
|move|p1a: Elbow Pads|Roar|p2a: Trevenant
|drag|p2a: Jolteon|Jolteon, F|272\/272
|
|-heal|p1a: Elbow Pads|390\/403|[from] item: Leftovers
|-damage|p1a: Elbow Pads|340\/403|[from] Leech Seed|[of] p2a: Jolteon
|turn|7
|
|switch|p1a: Gogglezz|Flygon, M|301\/301
|-damage|p1a: Gogglezz|283\/301|[from] Stealth Rock
|move|p2a: Jolteon|Hidden Power|p1a: Gogglezz
|-supereffective|p1a: Gogglezz
|-damage|p1a: Gogglezz|0 fnt
|faint|p1a: Gogglezz
|
|
|switch|p1a: Elbow Pads|Swampert, M|340\/403
|-activate|p1a: Elbow Pads|move: Sticky Web
|-unboost|p1a: Elbow Pads|spe|1
|-damage|p1a: Elbow Pads|315\/403|[from] Stealth Rock
|turn|8
|
|move|p2a: Jolteon|Hidden Power|p1a: Elbow Pads
|-damage|p1a: Elbow Pads|205\/403
|move|p1a: Elbow Pads|Stealth Rock|p2a: Jolteon
|-sidestart|p2: TheKingler|move: Stealth Rock
|
|-heal|p1a: Elbow Pads|230\/403|[from] item: Leftovers
|turn|9
|
|move|p2a: Jolteon|Hidden Power|p1a: Elbow Pads
|-damage|p1a: Elbow Pads|133\/403
|move|p1a: Elbow Pads|Earthquake|p2a: Jolteon
|-supereffective|p2a: Jolteon
|-damage|p2a: Jolteon|0 fnt
|faint|p2a: Jolteon
|
|-heal|p1a: Elbow Pads|158\/403|[from] item: Leftovers
|
|switch|p2a: Trevenant|Trevenant, M, shiny|342\/374
|-damage|p2a: Trevenant|296\/374|[from] Stealth Rock
|turn|10
|
|move|p2a: Trevenant|Wood Hammer|p1a: Elbow Pads
|-crit|p1a: Elbow Pads
|-supereffective|p1a: Elbow Pads
|-damage|p1a: Elbow Pads|0 fnt
|-damage|p2a: Trevenant|244\/374|[from] recoil|[of] p1a: Elbow Pads
|faint|p1a: Elbow Pads
|
|
|switch|p1a: Zim|Reuniclus, M, shiny|422\/422
|-activate|p1a: Zim|move: Sticky Web
|-unboost|p1a: Zim|spe|1
|turn|11
|
|move|p2a: Trevenant|Leech Seed|p1a: Zim
|-start|p1a: Zim|move: Leech Seed
|move|p1a: Zim|Shadow Ball|p2a: Trevenant
|-supereffective|p2a: Trevenant
|-damage|p2a: Trevenant|128\/374
|-enditem|p2a: Trevenant|Sitrus Berry|[eat]
|-heal|p2a: Trevenant|221\/374|[from] item: Sitrus Berry
|
|turn|12
|
|move|p2a: Trevenant|Wood Hammer|p1a: Zim
|-damage|p1a: Zim|280\/422
|-damage|p2a: Trevenant|174\/374|[from] recoil|[of] p1a: Zim
|move|p1a: Zim|Shadow Ball|p2a: Trevenant
|-supereffective|p2a: Trevenant
|-damage|p2a: Trevenant|44\/374
|
|-heal|p1a: Zim|306\/422|[from] item: Leftovers
|turn|13
|
|move|p2a: Trevenant|Wood Hammer|p1a: Zim
|-crit|p1a: Zim
|-damage|p1a: Zim|113\/422
|-damage|p2a: Trevenant|0 fnt|[from] recoil|[of] p1a: Zim
|faint|p2a: Trevenant
|move|p1a: Zim|Shadow Ball|p2: Trevenant|[notarget]
|-notarget
|
|-heal|p1a: Zim|139\/422|[from] item: Leftovers
|
|switch|p2a: Entei|Entei, shiny|372\/372
|-damage|p2a: Entei|279\/372|[from] Stealth Rock
|-ability|p2a: Entei|Pressure
|turn|14
|
|switch|p1a: Mufasa|Entei, shiny|371\/371 slp
|-damage|p1a: Mufasa|279\/371 slp|[from] Stealth Rock
|-activate|p1a: Mufasa|move: Sticky Web
|-unboost|p1a: Mufasa|spe|1
|-ability|p1a: Mufasa|Pressure
|move|p2a: Entei|Flare Blitz|p1a: Mufasa
|-resisted|p1a: Mufasa
|-damage|p1a: Mufasa|133\/371 slp
|-damage|p2a: Entei|231\/372|[from] recoil|[of] p1a: Mufasa
|-damage|p2a: Entei|194\/372|[from] item: Life Orb
|
|turn|15
|
|move|p2a: Entei|Extreme Speed|p1a: Mufasa
|-damage|p1a: Mufasa|0 fnt
|-damage|p2a: Entei|157\/372|[from] item: Life Orb
|faint|p1a: Mufasa
|
|
|switch|p1a: Hemlock|Florges, F, shiny|359\/359
|-damage|p1a: Hemlock|315\/359|[from] Stealth Rock
|-activate|p1a: Hemlock|move: Sticky Web
|-unboost|p1a: Hemlock|spe|1
|turn|16
|
|move|p2a: Entei|Flare Blitz|p1a: Hemlock
|-damage|p1a: Hemlock|49\/359
|-damage|p2a: Entei|69\/372|[from] recoil|[of] p1a: Hemlock
|-damage|p2a: Entei|32\/372|[from] item: Life Orb
|move|p1a: Hemlock|Wish|p1a: Hemlock
|
|-heal|p1a: Hemlock|71\/359|[from] item: Leftovers
|turn|17
|
|move|p1a: Hemlock|Protect|p1a: Hemlock
|-singleturn|p1a: Hemlock|Protect
|move|p2a: Entei|Extreme Speed|p1a: Hemlock
|-activate|p1a: Hemlock|Protect
|
|-heal|p1a: Hemlock|250\/359|[from] move: Wish|[wisher] Hemlock
|-heal|p1a: Hemlock|272\/359|[from] item: Leftovers
|turn|18
|
|move|p2a: Entei|Flare Blitz|p1a: Hemlock
|-damage|p1a: Hemlock|22\/359
|-damage|p2a: Entei|0 fnt|[from] recoil|[of] p1a: Hemlock
|faint|p2a: Entei
|move|p1a: Hemlock|Wish|p1a: Hemlock
|
|-heal|p1a: Hemlock|44\/359|[from] item: Leftovers
|
|switch|p2a: Metagross|Metagross, shiny|345\/345
|-damage|p2a: Metagross|324\/345|[from] Stealth Rock
|turn|19
|
|move|p1a: Hemlock|Protect|p1a: Hemlock
|-singleturn|p1a: Hemlock|Protect
|move|p2a: Metagross|Meteor Mash|p1a: Hemlock
|-activate|p1a: Hemlock|Protect
|
|-heal|p1a: Hemlock|223\/359|[from] move: Wish|[wisher] Hemlock
|-heal|p1a: Hemlock|245\/359|[from] item: Leftovers
|turn|20
|
|move|p2a: Metagross|Meteor Mash|p1a: Hemlock|[miss]
|-miss|p2a: Metagross|p1a: Hemlock
|move|p1a: Hemlock|Wish|p1a: Hemlock
|
|-heal|p1a: Hemlock|267\/359|[from] item: Leftovers
|turn|21
|
|switch|p1a: Huckleberry|Toxicroak, M, shiny|307\/307
|-activate|p1a: Huckleberry|move: Sticky Web
|-unboost|p1a: Huckleberry|spe|1
|-damage|p1a: Huckleberry|288\/307|[from] Stealth Rock
|move|p2a: Metagross|Meteor Mash|p1a: Huckleberry
|-damage|p1a: Huckleberry|65\/307
|
|-heal|p1a: Huckleberry|244\/307|[from] move: Wish|[wisher] Hemlock
|turn|22
|
|move|p1a: Huckleberry|Sucker Punch|p2a: Metagross
|-supereffective|p2a: Metagross
|-damage|p2a: Metagross|129\/345
|-damage|p1a: Huckleberry|214\/307|[from] item: Life Orb
|move|p2a: Metagross|Earthquake|p1a: Huckleberry
|-supereffective|p1a: Huckleberry
|-damage|p1a: Huckleberry|0 fnt
|faint|p1a: Huckleberry
|
|
|switch|p1a: Zim|Reuniclus, M, shiny|139\/422
|-activate|p1a: Zim|move: Sticky Web
|-unboost|p1a: Zim|spe|1
|turn|23
|
|move|p2a: Metagross|Meteor Mash|p1a: Zim
|-damage|p1a: Zim|1\/422
|move|p1a: Zim|Recover|p1a: Zim
|-heal|p1a: Zim|212\/422
|
|-heal|p1a: Zim|238\/422|[from] item: Leftovers
|turn|24
|
|move|p2a: Metagross|Meteor Mash|p1a: Zim
|-damage|p1a: Zim|97\/422
|move|p1a: Zim|Recover|p1a: Zim
|-heal|p1a: Zim|308\/422
|
|-heal|p1a: Zim|334\/422|[from] item: Leftovers
|turn|25
|
|move|p2a: Metagross|Meteor Mash|p1a: Zim
|-damage|p1a: Zim|195\/422
|move|p1a: Zim|Recover|p1a: Zim
|-heal|p1a: Zim|406\/422
|
|-heal|p1a: Zim|422\/422|[from] item: Leftovers
|turn|26
|
|move|p2a: Metagross|Meteor Mash|p1a: Zim
|-damage|p1a: Zim|281\/422
|move|p1a: Zim|Shadow Ball|p2a: Metagross
|-supereffective|p2a: Metagross
|-damage|p2a: Metagross|33\/345
|
|-heal|p1a: Zim|307\/422|[from] item: Leftovers
|turn|27
|
|move|p2a: Metagross|Meteor Mash|p1a: Zim
|-damage|p1a: Zim|166\/422
|move|p1a: Zim|Shadow Ball|p2a: Metagross
|-supereffective|p2a: Metagross
|-damage|p2a: Metagross|0 fnt
|faint|p2a: Metagross
|
|-heal|p1a: Zim|192\/422|[from] item: Leftovers
|
|switch|p2a: Paul|Slowbro, M|394\/394
|-damage|p2a: Paul|345\/394|[from] Stealth Rock
|turn|28
|
|move|p2a: Paul|Amnesia|p2a: Paul
|-boost|p2a: Paul|spd|2
|move|p1a: Zim|Recover|p1a: Zim
|-heal|p1a: Zim|403\/422
|
|-heal|p2a: Paul|369\/394|[from] item: Leftovers
|-heal|p1a: Zim|422\/422|[from] item: Leftovers
|turn|29
|
|move|p2a: Paul|Amnesia|p2a: Paul
|-boost|p2a: Paul|spd|2
|move|p1a: Zim|Calm Mind|p1a: Zim
|-boost|p1a: Zim|spa|1
|-boost|p1a: Zim|spd|1
|
|-heal|p2a: Paul|393\/394|[from] item: Leftovers
|turn|30
|
|move|p2a: Paul|Thunder Wave|p1a: Zim
|-status|p1a: Zim|par
|move|p1a: Zim|Calm Mind|p1a: Zim
|-boost|p1a: Zim|spa|1
|-boost|p1a: Zim|spd|1
|
|-heal|p2a: Paul|394\/394|[from] item: Leftovers
|turn|31
|
|move|p2a: Paul|Scald|p1a: Zim
|-damage|p1a: Zim|370\/422 par
|move|p1a: Zim|Calm Mind|p1a: Zim
|-boost|p1a: Zim|spa|1
|-boost|p1a: Zim|spd|1
|
|-heal|p1a: Zim|396\/422 par|[from] item: Leftovers
|turn|32
|
|move|p2a: Paul|Amnesia|p2a: Paul
|-boost|p2a: Paul|spd|2
|move|p1a: Zim|Calm Mind|p1a: Zim
|-boost|p1a: Zim|spa|1
|-boost|p1a: Zim|spd|1
|
|-heal|p1a: Zim|422\/422 par|[from] item: Leftovers
|turn|33
|
|move|p2a: Paul|Scald|p1a: Zim
|-damage|p1a: Zim|388\/422 par
|move|p1a: Zim|Calm Mind|p1a: Zim
|-boost|p1a: Zim|spa|1
|-boost|p1a: Zim|spd|1
|
|-heal|p1a: Zim|414\/422 par|[from] item: Leftovers
|turn|34
|
|move|p2a: Paul|Scald|p1a: Zim
|-damage|p1a: Zim|386\/422 par
|cant|p1a: Zim|par
|
|-heal|p1a: Zim|412\/422 par|[from] item: Leftovers
|turn|35
|
|move|p2a: Paul|Scald|p1a: Zim
|-damage|p1a: Zim|382\/422 par
|move|p1a: Zim|Calm Mind|p1a: Zim
|-boost|p1a: Zim|spa|1
|-boost|p1a: Zim|spd|1
|
|-heal|p1a: Zim|408\/422 par|[from] item: Leftovers
|turn|36
|
|move|p2a: Paul|Scald|p1a: Zim
|-crit|p1a: Zim
|-damage|p1a: Zim|248\/422 par
|move|p1a: Zim|Shadow Ball|p2a: Paul
|-supereffective|p2a: Paul
|-damage|p2a: Paul|224\/394
|
|-heal|p2a: Paul|248\/394|[from] item: Leftovers
|-heal|p1a: Zim|274\/422 par|[from] item: Leftovers
|turn|37
|
|move|p2a: Paul|Scald|p1a: Zim
|-damage|p1a: Zim|246\/422 par
|move|p1a: Zim|Recover|p1a: Zim
|-heal|p1a: Zim|422\/422 par
|
|-heal|p2a: Paul|272\/394|[from] item: Leftovers
|turn|38
|
|move|p2a: Paul|Scald|p1a: Zim
|-damage|p1a: Zim|392\/422 par
|move|p1a: Zim|Psyshock|p2a: Paul
|-resisted|p2a: Paul
|-damage|p2a: Paul|121\/394
|
|-heal|p2a: Paul|145\/394|[from] item: Leftovers
|-heal|p1a: Zim|418\/422 par|[from] item: Leftovers
|turn|39
|
|move|p2a: Paul|Slack Off|p2a: Paul
|-heal|p2a: Paul|342\/394
|move|p1a: Zim|Shadow Ball|p2a: Paul
|-supereffective|p2a: Paul
|-damage|p2a: Paul|150\/394
|-unboost|p2a: Paul|spd|1
|
|-heal|p2a: Paul|174\/394|[from] item: Leftovers
|-heal|p1a: Zim|422\/422 par|[from] item: Leftovers
|turn|40
|-message|TheKingler forfeited.
|
|win|Juice Weasel
|raw|Ladder updating...
|raw|Juice Weasel's rating: 1371 &rarr; <strong>1382<\/strong><br \/>(+11 for winning)
|raw|TheKingler's rating: 1203 &rarr; <strong>1189<\/strong><br \/>(-14 for losing)
|leave|TheKingler
|player|p2