|join|Juice Weasel
|join|natashabedingfield
|player|p1|Juice Weasel|172
|player|p2|natashabedingfield|148
|gametype|singles
|gen|6
|tier|UU
|rated
|rule|Sleep Clause Mod: Limit one foe put to sleep
|rule|Species Clause: Limit one of each Pokemon
|rule|OHKO Clause: OHKO moves are banned
|rule|Moody Clause: Moody is banned
|rule|Evasion Moves Clause: Evasion moves are banned
|rule|Endless Battle Clause: Forcing endless battles is banned.
|rule|HP Percentage Mod: HP is reported as percentages
|clearpoke
|poke|p1|Reuniclus, M, shiny
|poke|p1|Flygon, F
|poke|p1|Entei, shiny
|poke|p1|Florges, F, shiny
|poke|p1|Swampert, M
|poke|p1|Toxicroak, M, shiny
|poke|p2|Gastrodon, M
|poke|p2|Toxicroak, F
|poke|p2|Forretress, M
|poke|p2|Honchkrow, F
|poke|p2|Mew
|poke|p2|Manectric, F
|teampreview
|
|start
|switch|p1a: Mufasa|Entei, shiny|371\/371
|switch|p2a: Gastrodon|Gastrodon, M|426\/426
|-ability|p1a: Mufasa|Pressure
|turn|1
|
|switch|p1a: Zim|Reuniclus, M, shiny|422\/422
|move|p2a: Gastrodon|Earth Power|p1a: Zim
|-damage|p1a: Zim|299\/422
|
|-heal|p1a: Zim|325\/422|[from] item: Leftovers
|turn|2
|
|switch|p2a: Honchkrow|Honchkrow, F|341\/341
|move|p1a: Zim|Shadow Ball|p2a: Honchkrow
|-resisted|p2a: Honchkrow
|-damage|p2a: Honchkrow|280\/341
|
|-heal|p1a: Zim|351\/422|[from] item: Leftovers
|turn|3
|
|move|p2a: Honchkrow|Pursuit|p1a: Zim|[from]Pursuit
|-supereffective|p1a: Zim
|-damage|p1a: Zim|103\/422
|switch|p1a: Elbow Pads|Swampert, M|403\/403
|
|turn|4
|
|switch|p2a: Gastrodon|Gastrodon, M|426\/426
|move|p1a: Elbow Pads|Scald|p2a: Gastrodon
|-boost|p2a: Gastrodon|spa|1|[from] ability: Storm Drain
|
|turn|5
|
|move|p1a: Elbow Pads|Stealth Rock|p2a: Gastrodon
|-sidestart|p2: natashabedingfield|move: Stealth Rock
|move|p2a: Gastrodon|Earth Power|p1a: Elbow Pads
|-damage|p1a: Elbow Pads|253\/403
|
|-heal|p1a: Elbow Pads|278\/403|[from] item: Leftovers
|turn|6
|
|switch|p1a: Hemlock|Florges, F, shiny|359\/359
|move|p2a: Gastrodon|Scald|p1a: Hemlock
|-damage|p1a: Hemlock|260\/359
|-status|p1a: Hemlock|brn
|
|-heal|p1a: Hemlock|282\/359 brn|[from] item: Leftovers
|-damage|p1a: Hemlock|238\/359 brn|[from] brn
|turn|7
|
|switch|p2a: Forretress|Forretress, M|354\/354
|-damage|p2a: Forretress|310\/354|[from] Stealth Rock
|move|p1a: Hemlock|Wish|p1a: Hemlock
|
|-heal|p1a: Hemlock|260\/359 brn|[from] item: Leftovers
|-heal|p2a: Forretress|332\/354|[from] item: Leftovers
|-damage|p1a: Hemlock|216\/359 brn|[from] brn
|turn|8
|
|switch|p1a: Zim|Reuniclus, M, shiny|103\/422
|move|p2a: Forretress|Stealth Rock|p1a: Zim
|-sidestart|p1: Juice Weasel|move: Stealth Rock
|
|-heal|p1a: Zim|282\/422|[from] move: Wish|[wisher] Hemlock
|-heal|p1a: Zim|308\/422|[from] item: Leftovers
|-heal|p2a: Forretress|354\/354|[from] item: Leftovers
|turn|9
|
|switch|p1a: Hemlock|Florges, F, shiny|216\/359 brn
|-damage|p1a: Hemlock|172\/359 brn|[from] Stealth Rock
|move|p2a: Forretress|Rapid Spin|p1a: Hemlock
|-damage|p1a: Hemlock|158\/359 brn
|-sideend|p2: natashabedingfield|Stealth Rock|[from] move: Rapid Spin|[of] p2a: Forretress
|
|-heal|p1a: Hemlock|180\/359 brn|[from] item: Leftovers
|-damage|p1a: Hemlock|136\/359 brn|[from] brn
|turn|10
|
|move|p1a: Hemlock|Aromatherapy|p1a: Hemlock
|-cureteam|p1a: Hemlock|[from] move: Aromatherapy
|move|p2a: Forretress|Spikes|p1a: Hemlock
|-sidestart|p1: Juice Weasel|Spikes
|
|-heal|p1a: Hemlock|158\/359|[from] item: Leftovers
|turn|11
|
|move|p1a: Hemlock|Moonblast|p2a: Forretress
|-resisted|p2a: Forretress
|-damage|p2a: Forretress|255\/354
|move|p2a: Forretress|Spikes|p1a: Hemlock
|-sidestart|p1: Juice Weasel|Spikes
|
|-heal|p1a: Hemlock|180\/359|[from] item: Leftovers
|-heal|p2a: Forretress|277\/354|[from] item: Leftovers
|turn|12
|
|move|p1a: Hemlock|Wish|p1a: Hemlock
|move|p2a: Forretress|Spikes|p1a: Hemlock
|-sidestart|p1: Juice Weasel|Spikes
|
|-heal|p1a: Hemlock|202\/359|[from] item: Leftovers
|-heal|p2a: Forretress|299\/354|[from] item: Leftovers
|turn|13
|
|switch|p2a: Toxicroak|Toxicroak, F|370\/370
|move|p1a: Hemlock|Moonblast|p2a: Toxicroak
|-damage|p2a: Toxicroak|255\/370
|
|-heal|p1a: Hemlock|359\/359|[from] move: Wish|[wisher] Hemlock
|turn|14
|
|switch|p1a: Gogglezz|Flygon, F|301\/301
|-damage|p1a: Gogglezz|283\/301|[from] Stealth Rock
|move|p2a: Toxicroak|Gunk Shot|p1a: Gogglezz
|-resisted|p1a: Gogglezz
|-damage|p1a: Gogglezz|163\/301
|
|turn|15
|
|switch|p2a: Honchkrow|Honchkrow, F|280\/341
|move|p1a: Gogglezz|Defog|p2a: Honchkrow
|-unboost|p2a: Honchkrow|evasion|1
|-sideend|p1: Juice Weasel|Spikes|[from] move: Defog|[of] p1a: Gogglezz
|-sideend|p1: Juice Weasel|Stealth Rock|[from] move: Defog|[of] p1a: Gogglezz
|
|turn|16
|
|switch|p1a: Elbow Pads|Swampert, M|278\/403
|move|p2a: Honchkrow|Brave Bird|p1a: Elbow Pads
|-damage|p1a: Elbow Pads|124\/403
|-damage|p2a: Honchkrow|229\/341|[from] recoil|[of] p1a: Elbow Pads
|
|-heal|p1a: Elbow Pads|149\/403|[from] item: Leftovers
|turn|17
|
|move|p2a: Honchkrow|Brave Bird|p1a: Elbow Pads
|-damage|p1a: Elbow Pads|0 fnt
|-damage|p2a: Honchkrow|180\/341|[from] recoil|[of] p1a: Elbow Pads
|faint|p1a: Elbow Pads
|-boost|p2a: Honchkrow|atk|1|[from] ability: Moxie
|
|
|switch|p1a: Mufasa|Entei, shiny|371\/371
|-ability|p1a: Mufasa|Pressure
|turn|18
|
|move|p1a: Mufasa|Extreme Speed|p2a: Honchkrow
|-damage|p2a: Honchkrow|0 fnt
|faint|p2a: Honchkrow
|
|
|switch|p2a: Gastrodon|Gastrodon, M|426\/426
|turn|19
|
|switch|p1a: Hemlock|Florges, F, shiny|359\/359
|move|p2a: Gastrodon|Earth Power|p1a: Hemlock
|-damage|p1a: Hemlock|289\/359
|
|-heal|p1a: Hemlock|311\/359|[from] item: Leftovers
|turn|20
|
|move|p1a: Hemlock|Wish|p1a: Hemlock
|move|p2a: Gastrodon|Toxic|p1a: Hemlock
|-status|p1a: Hemlock|tox
|
|-heal|p1a: Hemlock|333\/359 tox|[from] item: Leftovers
|-damage|p1a: Hemlock|311\/359 tox|[from] psn
|turn|21
|
|switch|p1a: Zim|Reuniclus, M, shiny|308\/422
|switch|p2a: Toxicroak|Toxicroak, F|255\/370
|
|-heal|p1a: Zim|422\/422|[from] move: Wish|[wisher] Hemlock
|turn|22
|
|move|p2a: Toxicroak|Knock Off|p1a: Zim
|-supereffective|p1a: Zim
|-damage|p1a: Zim|246\/422
|-enditem|p1a: Zim|Leftovers|[from] move: Knock Off|[of] p2a: Toxicroak
|move|p1a: Zim|Psyshock|p2a: Toxicroak
|-supereffective|p2a: Toxicroak
|-damage|p2a: Toxicroak|0 fnt
|faint|p2a: Toxicroak
|
|
|switch|p2a: Forretress|Forretress, M|299\/354
|turn|23
|
|move|p1a: Zim|Calm Mind|p1a: Zim
|-boost|p1a: Zim|spa|1
|-boost|p1a: Zim|spd|1
|move|p2a: Forretress|Stealth Rock|p1a: Zim
|-sidestart|p1: Juice Weasel|move: Stealth Rock
|
|-heal|p2a: Forretress|321\/354|[from] item: Leftovers
|turn|24
|
|move|p1a: Zim|Recover|p1a: Zim
|-heal|p1a: Zim|422\/422
|move|p2a: Forretress|Gyro Ball|p1a: Zim
|-damage|p1a: Zim|392\/422
|
|-heal|p2a: Forretress|343\/354|[from] item: Leftovers
|turn|25
|leave|natashabedingfield
|player|p2
|-message|natashabedingfield lost due to inactivity.
|
|win|Juice Weasel
|raw|Ladder updating...
|raw|Juice Weasel's rating: 1357 &rarr; <strong>1373<\/strong><br \/>(+16 for winning)
|raw|natashabedingfield's rating: 1294 &rarr; <strong>1274<\/strong><br \/>(-20 for losing)