|join|Juice Weasel
|join|Xayy
|player|p1|Juice Weasel|172
|player|p2|Xayy|101
|gametype|singles
|gen|6
|tier|UU
|rated
|rule|Sleep Clause Mod: Limit one foe put to sleep
|rule|Species Clause: Limit one of each Pokemon
|rule|OHKO Clause: OHKO moves are banned
|rule|Moody Clause: Moody is banned
|rule|Evasion Moves Clause: Evasion moves are banned
|rule|Endless Battle Clause: Forcing endless battles is banned.
|rule|HP Percentage Mod: HP is reported as percentages
|clearpoke
|poke|p1|Swampert, M
|poke|p1|Ampharos, F
|poke|p1|Forretress, F, shiny
|poke|p1|Umbreon, F, shiny
|poke|p1|Victini, shiny
|poke|p1|Crobat, F
|poke|p2|Krookodile, F
|poke|p2|Galvantula, F
|poke|p2|Nidoking, M
|poke|p2|Honchkrow, M
|poke|p2|Jirachi
|poke|p2|Arcanine, F
|teampreview
|
|start
|switch|p1a: Old Tobey|Victini, shiny|341\/341
|switch|p2a: Galvantula|Galvantula, F|282\/282
|turn|1
|
|move|p2a: Galvantula|Sticky Web|p1a: Old Tobey
|-sidestart|p1: Juice Weasel|move: Sticky Web
|move|p1a: Old Tobey|V-create|p2a: Galvantula
|-supereffective|p2a: Galvantula
|-enditem|p2a: Galvantula|Focus Sash
|-damage|p2a: Galvantula|1\/282
|-unboost|p1a: Old Tobey|def|1
|-unboost|p1a: Old Tobey|spd|1
|-unboost|p1a: Old Tobey|spe|1
|
|turn|2
|
|switch|p2a: Arcanine|Arcanine, F|384\/384
|switch|p1a: Elbow Pads|Swampert, M|404\/404
|-activate|p1a: Elbow Pads|move: Sticky Web
|-unboost|p1a: Elbow Pads|spe|1
|
|turn|3
|
|move|p2a: Arcanine|Hidden Power|p1a: Elbow Pads
|-supereffective|p1a: Elbow Pads
|-damage|p1a: Elbow Pads|144\/404
|-damage|p2a: Arcanine|346\/384|[from] item: Life Orb
|move|p1a: Elbow Pads|Stealth Rock|p2a: Arcanine
|-sidestart|p2: Xayy|move: Stealth Rock
|
|-heal|p1a: Elbow Pads|169\/404|[from] item: Leftovers
|turn|4
|
|switch|p1a: Bloodsugar|Crobat, F|311\/311
|move|p2a: Arcanine|Flare Blitz|p1a: Bloodsugar
|-damage|p1a: Bloodsugar|26\/311
|-damage|p2a: Arcanine|252\/384|[from] recoil|[of] p1a: Bloodsugar
|-damage|p2a: Arcanine|214\/384|[from] item: Life Orb
|
|-heal|p1a: Bloodsugar|45\/311|[from] item: Black Sludge
|turn|5
|
|switch|p1a: Walnut|Forretress, F, shiny|354\/354
|-activate|p1a: Walnut|move: Sticky Web
|-unboost|p1a: Walnut|spe|1
|move|p2a: Arcanine|Extreme Speed|p1a: Walnut
|-resisted|p1a: Walnut
|-damage|p1a: Walnut|324\/354
|-damage|p2a: Arcanine|176\/384|[from] item: Life Orb
|
|-heal|p1a: Walnut|346\/354|[from] item: Leftovers
|turn|6
|
|switch|p1a: Elbow Pads|Swampert, M|169\/404
|-activate|p1a: Elbow Pads|move: Sticky Web
|-unboost|p1a: Elbow Pads|spe|1
|move|p2a: Arcanine|Flare Blitz|p1a: Elbow Pads
|-resisted|p1a: Elbow Pads
|-damage|p1a: Elbow Pads|73\/404
|-damage|p2a: Arcanine|144\/384|[from] recoil|[of] p1a: Elbow Pads
|-damage|p2a: Arcanine|106\/384|[from] item: Life Orb
|
|-heal|p1a: Elbow Pads|98\/404|[from] item: Leftovers
|turn|7
|
|move|p2a: Arcanine|Morning Sun|p2a: Arcanine
|-heal|p2a: Arcanine|298\/384
|move|p1a: Elbow Pads|Scald|p2a: Arcanine
|-supereffective|p2a: Arcanine
|-damage|p2a: Arcanine|4\/384
|
|-heal|p1a: Elbow Pads|123\/404|[from] item: Leftovers
|turn|8
|
|move|p2a: Arcanine|Morning Sun|p2a: Arcanine
|-heal|p2a: Arcanine|196\/384
|move|p1a: Elbow Pads|Scald|p2a: Arcanine
|-supereffective|p2a: Arcanine
|-damage|p2a: Arcanine|0 fnt
|faint|p2a: Arcanine
|
|-heal|p1a: Elbow Pads|148\/404|[from] item: Leftovers
|chat|Juice Weasel|nice try tho
|
|switch|p2a: Honchkrow|Honchkrow, M|342\/342
|-damage|p2a: Honchkrow|257\/342|[from] Stealth Rock
|turn|9
|
|move|p2a: Honchkrow|Brave Bird|p1a: Elbow Pads
|-damage|p1a: Elbow Pads|0 fnt
|-damage|p2a: Honchkrow|208\/342|[from] recoil|[of] p1a: Elbow Pads
|faint|p1a: Elbow Pads
|-boost|p2a: Honchkrow|atk|1|[from] ability: Moxie
|
|-heal|p2a: Honchkrow|229\/342|[from] item: Leftovers
|
|switch|p1a: Bloodsugar|Crobat, F|45\/311
|turn|10
|
|move|p1a: Bloodsugar|Hypnosis|p2a: Honchkrow
|-status|p2a: Honchkrow|slp
|cant|p2a: Honchkrow|slp
|
|-heal|p1a: Bloodsugar|64\/311|[from] item: Black Sludge
|-heal|p2a: Honchkrow|250\/342 slp|[from] item: Leftovers
|turn|11
|
|move|p1a: Bloodsugar|Roost|p1a: Bloodsugar
|-heal|p1a: Bloodsugar|220\/311
|cant|p2a: Honchkrow|slp
|
|-heal|p1a: Bloodsugar|239\/311|[from] item: Black Sludge
|-heal|p2a: Honchkrow|271\/342 slp|[from] item: Leftovers
|turn|12
|
|move|p1a: Bloodsugar|Brave Bird|p2a: Honchkrow
|-damage|p2a: Honchkrow|0 fnt
|-damage|p1a: Bloodsugar|150\/311|[from] recoil|[of] p2a: Honchkrow
|faint|p2a: Honchkrow
|
|-heal|p1a: Bloodsugar|169\/311|[from] item: Black Sludge
|chat|Juice Weasel|nice try tho
|
|switch|p2a: Krookodile|Krookodile, F|394\/394
|-damage|p2a: Krookodile|370\/394|[from] Stealth Rock
|-ability|p2a: Krookodile|Intimidate|[of] p1a: Bloodsugar
|-unboost|p1a: Bloodsugar|atk|1
|turn|13
|
|move|p1a: Bloodsugar|Hypnosis|p2a: Krookodile
|-status|p2a: Krookodile|slp
|cant|p2a: Krookodile|slp
|
|-heal|p1a: Bloodsugar|188\/311|[from] item: Black Sludge
|turn|14
|
|move|p1a: Bloodsugar|U-turn|p2a: Krookodile
|-supereffective|p2a: Krookodile
|-damage|p2a: Krookodile|274\/394 slp
|
|switch|p1a: Walnut|Forretress, F, shiny|346\/354
|-activate|p1a: Walnut|move: Sticky Web
|-unboost|p1a: Walnut|spe|1
|cant|p2a: Krookodile|slp
|
|-heal|p1a: Walnut|354\/354|[from] item: Leftovers
|turn|15
|
|-curestatus|p2a: Krookodile|slp
|move|p2a: Krookodile|Earthquake|p1a: Walnut
|-damage|p1a: Walnut|204\/354
|move|p1a: Walnut|Rapid Spin|p2a: Krookodile
|-damage|p2a: Krookodile|254\/394
|-sideend|p1: Juice Weasel|Sticky Web|[from] move: Rapid Spin|[of] p1a: Walnut
|
|-heal|p1a: Walnut|226\/354|[from] item: Leftovers
|turn|16
|
|move|p2a: Krookodile|Earthquake|p1a: Walnut
|-damage|p1a: Walnut|69\/354
|move|p1a: Walnut|Toxic|p2a: Krookodile
|-status|p2a: Krookodile|tox
|
|-heal|p1a: Walnut|91\/354|[from] item: Leftovers
|-damage|p2a: Krookodile|230\/394 tox|[from] psn
|turn|17
|
|switch|p2a: Galvantula|Galvantula, F|1\/282
|-damage|p2a: Galvantula|0 fnt|[from] Stealth Rock
|faint|p2a: Galvantula
|switch|p1a: Bloodsugar|Crobat, F|188\/311
|
|-heal|p1a: Bloodsugar|207\/311|[from] item: Black Sludge
|
|switch|p2a: Jirachi|Jirachi|342\/342
|-damage|p2a: Jirachi|321\/342|[from] Stealth Rock
|turn|18
|
|move|p2a: Jirachi|Zen Headbutt|p1a: Bloodsugar
|-supereffective|p1a: Bloodsugar
|-damage|p1a: Bloodsugar|0 fnt
|faint|p1a: Bloodsugar
|
|
|switch|p1a: Old Tobey|Victini, shiny|341\/341
|turn|19
|
|switch|p2a: Krookodile|Krookodile, F|230\/394 tox
|-damage|p2a: Krookodile|206\/394 tox|[from] Stealth Rock
|-ability|p2a: Krookodile|Intimidate|[of] p1a: Old Tobey
|-unboost|p1a: Old Tobey|atk|1
|move|p1a: Old Tobey|V-create|p2a: Krookodile
|-damage|p2a: Krookodile|0 fnt
|-unboost|p1a: Old Tobey|def|1
|-unboost|p1a: Old Tobey|spd|1
|-unboost|p1a: Old Tobey|spe|1
|faint|p2a: Krookodile
|
|
|switch|p2a: Nidoking|Nidoking, M|353\/353
|-damage|p2a: Nidoking|331\/353|[from] Stealth Rock
|turn|20
|
|switch|p1a: Luna|Umbreon, F, shiny|394\/394
|move|p2a: Nidoking|Earth Power|p1a: Luna
|-damage|p1a: Luna|256\/394
|
|-heal|p1a: Luna|280\/394|[from] item: Leftovers
|turn|21
|
|move|p2a: Nidoking|Sludge Wave|p1a: Luna
|-damage|p1a: Luna|140\/394
|move|p1a: Luna|Wish|p1a: Luna
|
|-heal|p1a: Luna|164\/394|[from] item: Leftovers
|turn|22
|
|move|p2a: Nidoking|Earth Power|p1a: Luna
|-damage|p1a: Luna|24\/394
|move|p1a: Luna|Foul Play|p2a: Nidoking
|-damage|p2a: Nidoking|196\/353
|
|-heal|p1a: Luna|221\/394|[from] move: Wish|[wisher] Luna
|-heal|p1a: Luna|245\/394|[from] item: Leftovers
|turn|23
|
|move|p2a: Nidoking|Earth Power|p1a: Luna
|-crit|p1a: Luna
|-damage|p1a: Luna|49\/394
|move|p1a: Luna|Wish|p1a: Luna
|
|-heal|p1a: Luna|73\/394|[from] item: Leftovers
|turn|24
|
|move|p1a: Luna|Protect|p1a: Luna
|-singleturn|p1a: Luna|Protect
|move|p2a: Nidoking|Earth Power|p1a: Luna
|-activate|p1a: Luna|Protect
|
|-heal|p1a: Luna|270\/394|[from] move: Wish|[wisher] Luna
|-heal|p1a: Luna|294\/394|[from] item: Leftovers
|turn|25
|
|move|p2a: Nidoking|Earth Power|p1a: Luna
|-damage|p1a: Luna|164\/394
|move|p1a: Luna|Wish|p1a: Luna
|
|-heal|p1a: Luna|188\/394|[from] item: Leftovers
|turn|26
|
|move|p2a: Nidoking|Earth Power|p1a: Luna
|-damage|p1a: Luna|46\/394
|move|p1a: Luna|Foul Play|p2a: Nidoking
|-damage|p2a: Nidoking|70\/353
|
|-heal|p1a: Luna|243\/394|[from] move: Wish|[wisher] Luna
|-heal|p1a: Luna|267\/394|[from] item: Leftovers
|turn|27
|
|move|p1a: Luna|Protect|p1a: Luna
|-singleturn|p1a: Luna|Protect
|move|p2a: Nidoking|Sludge Wave|p1a: Luna
|-activate|p1a: Luna|Protect
|
|-heal|p1a: Luna|291\/394|[from] item: Leftovers
|turn|28
|-message|Xayy forfeited.
|
|win|Juice Weasel
|raw|Ladder updating...
|leave|Xayy
|player|p2
|raw|Juice Weasel's rating: 1487 &rarr; <strong>1509<\/strong><br \/>(+22 for winning)
|raw|Xayy's rating: 1525 &rarr; <strong>1503<\/strong><br \/>(-22 for losing)