|join|Dentricos
|join|Juice Weasel
|player|p1|Dentricos|1
|player|p2|Juice Weasel|172
|gametype|singles
|gen|6
|tier|UU
|rated
|rule|Sleep Clause Mod: Limit one foe put to sleep
|rule|Species Clause: Limit one of each Pokemon
|rule|OHKO Clause: OHKO moves are banned
|rule|Moody Clause: Moody is banned
|rule|Evasion Moves Clause: Evasion moves are banned
|rule|Endless Battle Clause: Forcing endless battles is banned.
|rule|HP Percentage Mod: HP is reported as percentages
|clearpoke
|poke|p1|Absol, F, shiny
|poke|p1|Crobat, M
|poke|p1|Chandelure, F, shiny
|poke|p1|Lanturn, F, shiny
|poke|p1|Cradily, M
|poke|p1|Mienshao, F
|poke|p2|Reuniclus, M, shiny
|poke|p2|Flygon, F
|poke|p2|Entei, shiny
|poke|p2|Florges, F, shiny
|poke|p2|Swampert, F
|poke|p2|Toxicroak, M, shiny
|teampreview
|chat|Dentricos|this might be a slow match
|chat|Dentricos|I'm multitasking
|
|start
|switch|p1a: Loread|Cradily, M|376\/376
|switch|p2a: Elbow Pads|Swampert, F|403\/403
|turn|1
|
|move|p2a: Elbow Pads|Stealth Rock|p1a: Loread
|-sidestart|p1: Dentricos|move: Stealth Rock
|move|p1a: Loread|Giga Drain|p2a: Elbow Pads
|-supereffective|p2a: Elbow Pads
|-damage|p2a: Elbow Pads|87\/403
|
|-heal|p2a: Elbow Pads|112\/403|[from] item: Leftovers
|turn|2
|
|switch|p2a: Mufasa|Entei, shiny|371\/371
|-ability|p2a: Mufasa|Pressure
|move|p1a: Loread|Giga Drain|p2a: Mufasa
|-resisted|p2a: Mufasa
|-damage|p2a: Mufasa|326\/371
|
|turn|3
|
|move|p2a: Mufasa|Sacred Fire|p1a: Loread
|-crit|p1a: Loread
|-damage|p1a: Loread|0 fnt
|faint|p1a: Loread
|
|chat|Dentricos|crit :\/
|
|switch|p1a: Mienshao|Mienshao, F|271\/271
|-damage|p1a: Mienshao|255\/271|[from] Stealth Rock
|turn|4
|
|switch|p2a: Hemlock|Florges, F, shiny|359\/359
|move|p1a: Mienshao|Rock Slide|p2a: Hemlock
|-damage|p2a: Hemlock|274\/359
|
|-heal|p2a: Hemlock|296\/359|[from] item: Leftovers
|turn|5
|
|move|p1a: Mienshao|Rock Slide|p2a: Hemlock
|-damage|p2a: Hemlock|209\/359
|move|p2a: Hemlock|Wish|p2a: Hemlock
|
|-heal|p2a: Hemlock|231\/359|[from] item: Leftovers
|turn|6
|
|switch|p1a: Amelia|Absol, F, shiny|271\/271
|-damage|p1a: Amelia|238\/271|[from] Stealth Rock
|switch|p2a: Elbow Pads|Swampert, F|112\/403
|
|-heal|p2a: Elbow Pads|291\/403|[from] move: Wish|[wisher] Hemlock
|-heal|p2a: Elbow Pads|316\/403|[from] item: Leftovers
|turn|7
|
|-formechange|p1a: Amelia|Absol-Mega
|message|Absol has Mega Evolved into Mega Absol!
|move|p1a: Amelia|Swords Dance|p1a: Amelia
|-boost|p1a: Amelia|atk|2
|move|p2a: Elbow Pads|Scald|p1a: Amelia
|-damage|p1a: Amelia|118\/271
|
|-heal|p2a: Elbow Pads|341\/403|[from] item: Leftovers
|turn|8
|
|move|p1a: Amelia|Sucker Punch|p2a: Elbow Pads
|-damage|p2a: Elbow Pads|113\/403
|move|p2a: Elbow Pads|Scald|p1a: Amelia
|-damage|p1a: Amelia|0 fnt
|faint|p1a: Amelia
|
|-heal|p2a: Elbow Pads|138\/403|[from] item: Leftovers
|
|switch|p1a: Braze|Crobat, M|312\/312
|-damage|p1a: Braze|234\/312|[from] Stealth Rock
|turn|9
|chat|Dentricos|that crit is going to have won you the game :9
|
|move|p1a: Braze|Brave Bird|p2a: Elbow Pads
|-damage|p2a: Elbow Pads|0 fnt
|-damage|p1a: Braze|188\/312|[from] recoil|[of] p2a: Elbow Pads
|faint|p2a: Elbow Pads
|
|
|switch|p2a: Gogglezz|Flygon, F|301\/301
|turn|10
|
|move|p2a: Gogglezz|Outrage|p1a: Braze
|-damage|p1a: Braze|0 fnt
|faint|p1a: Braze
|
|
|switch|p1a: Mienshao|Mienshao, F|271\/271
|-damage|p1a: Mienshao|255\/271|[from] Stealth Rock
|turn|11
|
|move|p1a: Mienshao|High Jump Kick|p2a: Gogglezz
|-damage|p2a: Gogglezz|37\/301
|move|p2a: Gogglezz|Outrage|p1a: Mienshao
|-damage|p1a: Mienshao|0 fnt
|faint|p1a: Mienshao
|
|-end|p2a: Gogglezz|rampage
|-start|p2a: Gogglezz|confusion
|
|switch|p1a: Demon LighÅ£|Lanturn, F, shiny|443\/443
|-damage|p1a: Demon LighÅ£|388\/443|[from] Stealth Rock
|turn|12
|chat|Juice Weasel|naw. it was an easy 2 hit ko anyway
|
|switch|p2a: Hemlock|Florges, F, shiny|231\/359
|move|p1a: Demon LighÅ£|Scald|p2a: Hemlock
|-damage|p2a: Hemlock|158\/359
|
|-heal|p2a: Hemlock|180\/359|[from] item: Leftovers
|-heal|p1a: Demon LighÅ£|415\/443|[from] item: Leftovers
|turn|13
|
|move|p2a: Hemlock|Wish|p2a: Hemlock
|move|p1a: Demon LighÅ£|Volt Switch|p2a: Hemlock
|-damage|p2a: Hemlock|113\/359
|
|switch|p1a: Carmen|Chandelure, F, shiny|262\/262
|-damage|p1a: Carmen|197\/262|[from] Stealth Rock
|
|-heal|p2a: Hemlock|135\/359|[from] item: Leftovers
|turn|14
|
|move|p2a: Hemlock|Protect|p2a: Hemlock
|-singleturn|p2a: Hemlock|Protect
|move|p1a: Carmen|Shadow Ball|p2a: Hemlock
|-activate|p2a: Hemlock|Protect
|
|-heal|p2a: Hemlock|314\/359|[from] move: Wish|[wisher] Hemlock
|-heal|p2a: Hemlock|336\/359|[from] item: Leftovers
|turn|15
|
|move|p1a: Carmen|Shadow Ball|p2a: Hemlock
|-damage|p2a: Hemlock|167\/359
|move|p2a: Hemlock|Wish|p2a: Hemlock
|
|-heal|p2a: Hemlock|189\/359|[from] item: Leftovers
|turn|16
|
|move|p1a: Carmen|Shadow Ball|p2a: Hemlock
|-damage|p2a: Hemlock|21\/359
|-unboost|p2a: Hemlock|spd|1
|move|p2a: Hemlock|Moonblast|p1a: Carmen
|-resisted|p1a: Carmen
|-damage|p1a: Carmen|133\/262
|
|-heal|p2a: Hemlock|200\/359|[from] move: Wish|[wisher] Hemlock
|-heal|p2a: Hemlock|222\/359|[from] item: Leftovers
|turn|17
|
|move|p2a: Hemlock|Protect|p2a: Hemlock
|-singleturn|p2a: Hemlock|Protect
|move|p1a: Carmen|Shadow Ball|p2a: Hemlock
|-activate|p2a: Hemlock|Protect
|
|-heal|p2a: Hemlock|244\/359|[from] item: Leftovers
|turn|18
|
|switch|p2a: Mufasa|Entei, shiny|326\/371
|-ability|p2a: Mufasa|Pressure
|move|p1a: Carmen|Shadow Ball|p2a: Mufasa
|-damage|p2a: Mufasa|22\/371
|
|turn|19
|
|move|p2a: Mufasa|Stone Edge|p1a: Carmen
|-supereffective|p1a: Carmen
|-damage|p1a: Carmen|0 fnt
|faint|p1a: Carmen
|
|-message|Dentricos forfeited.
|
|win|Juice Weasel
|raw|Ladder updating...
|raw|Dentricos's rating: 1219 &rarr; <strong>1201<\/strong><br \/>(-18 for losing)
|raw|Juice Weasel's rating: 1320 &rarr; <strong>1335<\/strong><br \/>(+15 for winning)