|join|Nick_Furious
|join|Juice Weasel
|player|p1|Nick_Furious|170
|player|p2|Juice Weasel|172
|gametype|singles
|gen|6
|tier|UU
|rated
|rule|Sleep Clause Mod: Limit one foe put to sleep
|rule|Species Clause: Limit one of each Pokemon
|rule|OHKO Clause: OHKO moves are banned
|rule|Moody Clause: Moody is banned
|rule|Evasion Moves Clause: Evasion moves are banned
|rule|Endless Battle Clause: Forcing endless battles is banned.
|rule|HP Percentage Mod: HP is reported as percentages
|clearpoke
|poke|p1|Chesnaught, F, shiny
|poke|p1|Starmie
|poke|p1|Umbreon, M, shiny
|poke|p1|Jirachi
|poke|p1|Aerodactyl, F
|poke|p1|Kingdra, M
|poke|p2|Reuniclus, M, shiny
|poke|p2|Flygon, M
|poke|p2|Entei, shiny
|poke|p2|Florges, F, shiny
|poke|p2|Swampert, M
|poke|p2|Toxicroak, M, shiny
|teampreview
|
|start
|switch|p1a: Kingdra|Kingdra, M|292\/292
|switch|p2a: Mufasa|Entei, shiny|371\/371
|-ability|p2a: Mufasa|Pressure
|turn|1
|
|move|p2a: Mufasa|Sacred Fire|p1a: Kingdra
|-resisted|p1a: Kingdra
|-damage|p1a: Kingdra|221\/292
|move|p1a: Kingdra|Surf|p2a: Mufasa
|-supereffective|p2a: Mufasa
|-damage|p2a: Mufasa|15\/371
|
|turn|2
|
|switch|p2a: Hemlock|Florges, F, shiny|359\/359
|move|p1a: Kingdra|Flash Cannon|p2a: Hemlock
|-supereffective|p2a: Hemlock
|-damage|p2a: Hemlock|257\/359
|
|-heal|p2a: Hemlock|279\/359|[from] item: Leftovers
|turn|3
|
|switch|p1a: Jirachi|Jirachi|404\/404
|move|p2a: Hemlock|Wish|p2a: Hemlock
|
|-heal|p2a: Hemlock|301\/359|[from] item: Leftovers
|turn|4
|
|move|p1a: Jirachi|Psyshock|p2a: Hemlock
|-damage|p2a: Hemlock|222\/359
|move|p2a: Hemlock|Moonblast|p1a: Jirachi
|-resisted|p1a: Jirachi
|-damage|p1a: Jirachi|343\/404
|
|-heal|p2a: Hemlock|359\/359|[from] move: Wish|[wisher] Hemlock
|-heal|p1a: Jirachi|368\/404|[from] item: Leftovers
|turn|5
|
|move|p1a: Jirachi|Substitute|p1a: Jirachi
|-start|p1a: Jirachi|Substitute
|-damage|p1a: Jirachi|267\/404
|move|p2a: Hemlock|Wish|p2a: Hemlock
|
|-heal|p1a: Jirachi|292\/404|[from] item: Leftovers
|turn|6
|
|switch|p2a: Elbow Pads|Swampert, M|403\/403
|move|p1a: Jirachi|Psyshock|p2a: Elbow Pads
|-damage|p2a: Elbow Pads|328\/403
|
|-heal|p2a: Elbow Pads|403\/403|[from] move: Wish|[wisher] Hemlock
|-heal|p1a: Jirachi|317\/404|[from] item: Leftovers
|turn|7
|
|switch|p1a: Chesnaught|Chesnaught, F, shiny|380\/380
|move|p2a: Elbow Pads|Stealth Rock|p1a: Chesnaught
|-sidestart|p1: Nick_Furious|move: Stealth Rock
|
|turn|8
|
|switch|p2a: Zim|Reuniclus, M, shiny|422\/422
|move|p1a: Chesnaught|Spikes|p2a: Zim
|-sidestart|p2: Juice Weasel|Spikes
|
|turn|9
|
|switch|p1a: Umbreon|Umbreon, M, shiny|394\/394
|-damage|p1a: Umbreon|345\/394|[from] Stealth Rock
|move|p2a: Zim|Calm Mind|p2a: Zim
|-boost|p2a: Zim|spa|1
|-boost|p2a: Zim|spd|1
|
|-heal|p1a: Umbreon|369\/394|[from] item: Leftovers
|turn|10
|
|move|p1a: Umbreon|Wish|p1a: Umbreon
|move|p2a: Zim|Calm Mind|p2a: Zim
|-boost|p2a: Zim|spa|1
|-boost|p2a: Zim|spd|1
|
|-heal|p1a: Umbreon|393\/394|[from] item: Leftovers
|turn|11
|
|move|p1a: Umbreon|Foul Play|p2a: Zim
|-supereffective|p2a: Zim
|-damage|p2a: Zim|302\/422
|move|p2a: Zim|Calm Mind|p2a: Zim
|-boost|p2a: Zim|spa|1
|-boost|p2a: Zim|spd|1
|
|-heal|p1a: Umbreon|394\/394|[from] move: Wish|[wisher] Umbreon
|-heal|p2a: Zim|328\/422|[from] item: Leftovers
|turn|12
|
|move|p1a: Umbreon|Foul Play|p2a: Zim
|-supereffective|p2a: Zim
|-damage|p2a: Zim|200\/422
|move|p2a: Zim|Calm Mind|p2a: Zim
|-boost|p2a: Zim|spa|1
|-boost|p2a: Zim|spd|1
|
|-heal|p2a: Zim|226\/422|[from] item: Leftovers
|turn|13
|
|move|p1a: Umbreon|Foul Play|p2a: Zim
|-supereffective|p2a: Zim
|-damage|p2a: Zim|106\/422
|move|p2a: Zim|Recover|p2a: Zim
|-heal|p2a: Zim|317\/422
|
|-heal|p2a: Zim|343\/422|[from] item: Leftovers
|turn|14
|
|move|p1a: Umbreon|Foul Play|p2a: Zim
|-supereffective|p2a: Zim
|-damage|p2a: Zim|221\/422
|move|p2a: Zim|Calm Mind|p2a: Zim
|-boost|p2a: Zim|spa|1
|-boost|p2a: Zim|spd|1
|
|-heal|p2a: Zim|247\/422|[from] item: Leftovers
|turn|15
|
|switch|p1a: Aerodactyl|Aerodactyl, F|302\/302
|-damage|p1a: Aerodactyl|227\/302|[from] Stealth Rock
|-ability|p1a: Aerodactyl|Unnerve|p2: Juice Weasel
|move|p2a: Zim|Recover|p2a: Zim
|-heal|p2a: Zim|422\/422
|
|turn|16
|
|-formechange|p1a: Aerodactyl|Aerodactyl-Mega
|message|Aerodactyl has Mega Evolved into Mega Aerodactyl!
|move|p1a: Aerodactyl|Stone Edge|p2a: Zim|[miss]
|-miss|p1a: Aerodactyl|p2a: Zim
|move|p2a: Zim|Psyshock|p1a: Aerodactyl
|-damage|p1a: Aerodactyl|0 fnt
|faint|p1a: Aerodactyl
|
|-message|Nick_Furious forfeited.
|
|win|Juice Weasel
|raw|Ladder updating...
|leave|Nick_Furious
|player|p1
|raw|Ladder (probably) updated, but score could not be retrieved (corruption).