|join|Juice Weasel
|join|Xayy
|player|p1|Juice Weasel|172
|player|p2|Xayy|265
|gametype|singles
|gen|6
|tier|UU
|rated
|rule|Sleep Clause Mod: Limit one foe put to sleep
|rule|Species Clause: Limit one of each Pokemon
|rule|OHKO Clause: OHKO moves are banned
|rule|Moody Clause: Moody is banned
|rule|Evasion Moves Clause: Evasion moves are banned
|rule|Endless Battle Clause: Forcing endless battles is banned.
|rule|HP Percentage Mod: HP is reported as percentages
|clearpoke
|poke|p1|Absol, M, shiny
|poke|p1|Nidoqueen, F
|poke|p1|Empoleon, M
|poke|p1|Noivern, F
|poke|p1|Krookodile, F
|poke|p1|Rotom-Heat
|poke|p2|Blastoise, F
|poke|p2|Arcanine, M
|poke|p2|Xatu, M
|poke|p2|Rhyperior, M
|poke|p2|Krookodile, F
|poke|p2|Virizion
|teampreview
|
|start
|switch|p1a: Ez Bake|Rotom-Heat|303\/303
|switch|p2a: Xatu|Xatu, M|272\/272
|turn|1
|
|move|p2a: Xatu|Light Screen|p2a: Xatu
|-sidestart|p2: Xayy|move: Light Screen
|move|p1a: Ez Bake|Will-O-Wisp|p2a: Xatu
|move|p2a: Xatu|Will-O-Wisp|p1a: Ez Bake|[from]Magic Bounce
|-fail|p1a: Ez Bake
|
|turn|2
|
|move|p2a: Xatu|Reflect|p2a: Xatu
|-sidestart|p2: Xayy|Reflect
|move|p1a: Ez Bake|Volt Switch|p2a: Xatu
|-supereffective|p2a: Xatu
|-damage|p2a: Xatu|196\/272
|
|switch|p1a: ReadingRainbow|Noivern, F|311\/311
|
|turn|3
|
|move|p1a: ReadingRainbow|Draco Meteor|p2a: Xatu
|-damage|p2a: Xatu|0 fnt
|-unboost|p1a: ReadingRainbow|spa|2
|faint|p2a: Xatu
|
|
|switch|p2a: Virizion|Virizion|324\/324
|turn|4
|
|switch|p1a: Ez Bake|Rotom-Heat|303\/303
|move|p2a: Virizion|Swords Dance|p2a: Virizion
|-boost|p2a: Virizion|atk|2
|
|turn|5
|
|move|p2a: Virizion|Close Combat|p1a: Ez Bake
|-damage|p1a: Ez Bake|0 fnt
|-unboost|p2a: Virizion|def|1
|-unboost|p2a: Virizion|spd|1
|-damage|p2a: Virizion|292\/324|[from] item: Life Orb
|faint|p1a: Ez Bake
|
|
|switch|p1a: ReadingRainbow|Noivern, F|311\/311
|turn|6
|
|switch|p2a: Rhyperior|Rhyperior, M|372\/372
|move|p1a: ReadingRainbow|Draco Meteor|p2a: Rhyperior
|-damage|p2a: Rhyperior|0 fnt
|-unboost|p1a: ReadingRainbow|spa|2
|faint|p2a: Rhyperior
|
|
|switch|p2a: Virizion|Virizion|292\/324
|turn|7
|
|switch|p1a: Red XIII|Absol, M, shiny|271\/271
|-ability|p1a: Red XIII|Pressure
|move|p2a: Virizion|Swords Dance|p2a: Virizion
|-boost|p2a: Virizion|atk|2
|
|turn|8
|
|-formechange|p1a: Red XIII|Absol-Mega
|message|Absol has Mega Evolved into Mega Absol!
|move|p1a: Red XIII|Sucker Punch|p2a: Virizion
|-fail|p2a: Virizion
|move|p2a: Virizion|Substitute|p2a: Virizion
|-start|p2a: Virizion|Substitute
|-damage|p2a: Virizion|211\/324
|
|-sideend|p2: Xayy|move: Light Screen
|turn|9
|
|move|p1a: Red XIII|Superpower|p2a: Virizion
|-end|p2a: Virizion|Substitute
|-unboost|p1a: Red XIII|atk|1
|-unboost|p1a: Red XIII|def|1
|move|p2a: Virizion|Close Combat|p1a: Red XIII
|-supereffective|p1a: Red XIII
|-damage|p1a: Red XIII|0 fnt
|-unboost|p2a: Virizion|def|1
|-unboost|p2a: Virizion|spd|1
|-damage|p2a: Virizion|179\/324|[from] item: Life Orb
|faint|p1a: Red XIII
|
|-sideend|p2: Xayy|Reflect
|
|switch|p1a: ReadingRainbow|Noivern, F|311\/311
|turn|10
|
|switch|p2a: Arcanine|Arcanine, M|375\/375
|move|p1a: ReadingRainbow|Boomburst|p2a: Arcanine
|-damage|p2a: Arcanine|134\/375
|
|turn|11
|
|move|p2a: Arcanine|Extreme Speed|p1a: ReadingRainbow
|-damage|p1a: ReadingRainbow|140\/311
|move|p1a: ReadingRainbow|Boomburst|p2a: Arcanine
|-damage|p2a: Arcanine|0 fnt
|faint|p2a: Arcanine
|
|
|switch|p2a: Krookodile|Krookodile, F|332\/332
|turn|12
|
|switch|p1a: Dong Nose|Krookodile, F|331\/331
|move|p2a: Krookodile|Earthquake|p1a: Dong Nose
|-damage|p1a: Dong Nose|49\/331
|-damage|p2a: Krookodile|299\/332|[from] item: Life Orb
|
|turn|13
|
|move|p1a: Dong Nose|Earthquake|p2a: Krookodile
|-damage|p2a: Krookodile|115\/332
|move|p2a: Krookodile|Knock Off|p1a: Dong Nose
|-resisted|p1a: Dong Nose
|-damage|p1a: Dong Nose|0 fnt
|-damage|p2a: Krookodile|82\/332|[from] item: Life Orb
|faint|p1a: Dong Nose
|-boost|p2a: Krookodile|atk|1|[from] ability: Moxie
|
|
|switch|p1a: ReadingRainbow|Noivern, F|140\/311
|turn|14
|
|switch|p2a: Blastoise|Blastoise, F|354\/354
|move|p1a: ReadingRainbow|Boomburst|p2a: Blastoise
|-damage|p2a: Blastoise|154\/354
|
|turn|15
|chat|Juice Weasel|gg no re
|
|-formechange|p2a: Blastoise|Blastoise-Mega
|message|Blastoise has Mega Evolved into Mega Blastoise!
|move|p1a: ReadingRainbow|Boomburst|p2a: Blastoise
|-damage|p2a: Blastoise|0 fnt
|faint|p2a: Blastoise
|
|
|switch|p2a: Virizion|Virizion|179\/324
|turn|16
|-message|Xayy forfeited.
|
|win|Juice Weasel
|raw|Ladder updating...
|raw|Juice Weasel's rating: 1519 &rarr; <strong>1531<\/strong><br \/>(+12 for winning)
|raw|Xayy's rating: 1356 &rarr; <strong>1345<\/strong><br \/>(-11 for losing)
|leave|Xayy
|player|p2