|join|Juice Weasel
|join|energico
|player|p1|Juice Weasel|172
|player|p2|energico|162
|gametype|singles
|gen|6
|tier|UU
|rated
|rule|Sleep Clause Mod: Limit one foe put to sleep
|rule|Species Clause: Limit one of each Pokemon
|rule|OHKO Clause: OHKO moves are banned
|rule|Moody Clause: Moody is banned
|rule|Evasion Moves Clause: Evasion moves are banned
|rule|Endless Battle Clause: Forcing endless battles is banned.
|rule|HP Percentage Mod: HP is reported as percentages
|clearpoke
|poke|p1|Slowbro, M
|poke|p1|Aromatisse, F
|poke|p1|Roserade, M
|poke|p1|Escavalier, F
|poke|p1|Aerodactyl, M
|poke|p1|Hippowdon, F
|poke|p2|Absol, M
|poke|p2|Celebi, shiny
|poke|p2|Victini
|poke|p2|Crobat, M
|poke|p2|Rhyperior, M, shiny
|poke|p2|Florges, F, shiny
|teampreview
|
|start
|switch|p1a: Hungry Hungry|Hippowdon, F|417\/417
|switch|p2a: Crobat|Crobat, M|311\/311
|-weather|Sandstorm
|turn|1
|
|move|p2a: Crobat|U-turn|p1a: Hungry Hungry
|-damage|p1a: Hungry Hungry|364\/417
|
|switch|p2a: Rhyperior|Rhyperior, M, shiny|434\/434
|move|p1a: Hungry Hungry|Stealth Rock|p2a: Rhyperior
|-sidestart|p2: energico|move: Stealth Rock
|
|-weather|Sandstorm|[upkeep]
|-heal|p1a: Hungry Hungry|390\/417|[from] item: Leftovers
|turn|2
|
|move|p1a: Hungry Hungry|Earthquake|p2a: Rhyperior
|-supereffective|p2a: Rhyperior
|-damage|p2a: Rhyperior|289\/434
|move|p2a: Rhyperior|Stealth Rock|p1a: Hungry Hungry
|-sidestart|p1: Juice Weasel|move: Stealth Rock
|
|-weather|Sandstorm|[upkeep]
|-heal|p1a: Hungry Hungry|416\/417|[from] item: Leftovers
|-heal|p2a: Rhyperior|316\/434|[from] item: Leftovers
|turn|3
|
|switch|p2a: Celebi|Celebi, shiny|341\/341
|-damage|p2a: Celebi|299\/341|[from] Stealth Rock
|move|p1a: Hungry Hungry|Whirlwind|p2a: Celebi
|drag|p2a: Florges|Florges, F, shiny|360\/360
|-damage|p2a: Florges|315\/360|[from] Stealth Rock
|
|-weather|Sandstorm|[upkeep]
|-damage|p2a: Florges|293\/360|[from] sandstorm
|-heal|p2a: Florges|315\/360|[from] item: Leftovers
|-heal|p1a: Hungry Hungry|417\/417|[from] item: Leftovers
|turn|4
|
|switch|p1a: KnightsOftheRound|Escavalier, F|343\/343
|-damage|p1a: KnightsOftheRound|301\/343|[from] Stealth Rock
|move|p2a: Florges|Energy Ball|p1a: KnightsOftheRound
|-resisted|p1a: KnightsOftheRound
|-damage|p1a: KnightsOftheRound|282\/343
|
|-weather|Sandstorm|[upkeep]
|-damage|p2a: Florges|293\/360|[from] sandstorm
|-heal|p2a: Florges|315\/360|[from] item: Leftovers
|-heal|p1a: KnightsOftheRound|303\/343|[from] item: Leftovers
|turn|5
|
|switch|p2a: Rhyperior|Rhyperior, M, shiny|316\/434
|-damage|p2a: Rhyperior|289\/434|[from] Stealth Rock
|move|p1a: KnightsOftheRound|Megahorn|p2a: Rhyperior|[miss]
|-miss|p1a: KnightsOftheRound|p2a: Rhyperior
|
|-weather|none
|-heal|p2a: Rhyperior|316\/434|[from] item: Leftovers
|-heal|p1a: KnightsOftheRound|324\/343|[from] item: Leftovers
|turn|6
|
|move|p2a: Rhyperior|Stone Edge|p1a: KnightsOftheRound
|-damage|p1a: KnightsOftheRound|149\/343
|move|p1a: KnightsOftheRound|Iron Head|p2a: Rhyperior
|-supereffective|p2a: Rhyperior
|-damage|p2a: Rhyperior|157\/434
|
|-heal|p2a: Rhyperior|184\/434|[from] item: Leftovers
|-heal|p1a: KnightsOftheRound|170\/343|[from] item: Leftovers
|turn|7
|
|switch|p1a: Short Bus|Slowbro, M|393\/393
|-damage|p1a: Short Bus|344\/393|[from] Stealth Rock
|move|p2a: Rhyperior|Stone Edge|p1a: Short Bus
|-damage|p1a: Short Bus|199\/393
|
|-heal|p2a: Rhyperior|211\/434|[from] item: Leftovers
|-heal|p1a: Short Bus|223\/393|[from] item: Leftovers
|turn|8
|
|move|p2a: Rhyperior|Megahorn|p1a: Short Bus
|-supereffective|p1a: Short Bus
|-damage|p1a: Short Bus|15\/393
|move|p1a: Short Bus|Scald|p2a: Rhyperior
|-supereffective|p2a: Rhyperior
|-damage|p2a: Rhyperior|0 fnt
|faint|p2a: Rhyperior
|
|-heal|p1a: Short Bus|39\/393|[from] item: Leftovers
|
|switch|p2a: Crobat|Crobat, M|311\/311
|-damage|p2a: Crobat|234\/311|[from] Stealth Rock
|turn|9
|
|switch|p1a: Aerodactyl|Aerodactyl, M|301\/301
|-damage|p1a: Aerodactyl|226\/301|[from] Stealth Rock
|move|p2a: Crobat|Brave Bird|p1a: Aerodactyl
|-resisted|p1a: Aerodactyl
|-damage|p1a: Aerodactyl|109\/301
|-damage|p2a: Crobat|195\/311|[from] recoil|[of] p1a: Aerodactyl
|
|-heal|p2a: Crobat|214\/311|[from] item: Black Sludge
|turn|10
|
|switch|p2a: Celebi|Celebi, shiny|299\/341
|-damage|p2a: Celebi|257\/341|[from] Stealth Rock
|-formechange|p1a: Aerodactyl|Aerodactyl-Mega
|message|Aerodactyl has Mega Evolved into Mega Aerodactyl!
|move|p1a: Aerodactyl|Aerial Ace|p2a: Celebi
|-supereffective|p2a: Celebi
|-damage|p2a: Celebi|0 fnt
|faint|p2a: Celebi
|
|
|switch|p2a: Crobat|Crobat, M|214\/311
|-damage|p2a: Crobat|137\/311|[from] Stealth Rock
|turn|11
|
|move|p1a: Aerodactyl|Aerial Ace|p2a: Crobat
|-damage|p2a: Crobat|0 fnt
|faint|p2a: Crobat
|
|
|switch|p2a: Florges|Florges, F, shiny|315\/360
|-damage|p2a: Florges|270\/360|[from] Stealth Rock
|turn|12
|
|move|p1a: Aerodactyl|Aerial Ace|p2a: Florges
|-damage|p2a: Florges|53\/360
|move|p2a: Florges|Moonblast|p1a: Aerodactyl
|-damage|p1a: Aerodactyl|0 fnt
|faint|p1a: Aerodactyl
|
|-heal|p2a: Florges|75\/360|[from] item: Leftovers
|
|switch|p1a: Short Bus|Slowbro, M|170\/393
|-damage|p1a: Short Bus|121\/393|[from] Stealth Rock
|turn|13
|
|switch|p1a: KnightsOftheRound|Escavalier, F|170\/343
|-damage|p1a: KnightsOftheRound|128\/343|[from] Stealth Rock
|move|p2a: Florges|Energy Ball|p1a: KnightsOftheRound
|-resisted|p1a: KnightsOftheRound
|-damage|p1a: KnightsOftheRound|109\/343
|
|-heal|p2a: Florges|97\/360|[from] item: Leftovers
|-heal|p1a: KnightsOftheRound|130\/343|[from] item: Leftovers
|turn|14
|
|switch|p2a: Absol|Absol, M|272\/272
|-damage|p2a: Absol|238\/272|[from] Stealth Rock
|move|p1a: KnightsOftheRound|Megahorn|p2a: Absol
|-supereffective|p2a: Absol
|-damage|p2a: Absol|0 fnt
|faint|p2a: Absol
|
|-heal|p1a: KnightsOftheRound|151\/343|[from] item: Leftovers
|
|switch|p2a: Florges|Florges, F, shiny|97\/360
|-damage|p2a: Florges|52\/360|[from] Stealth Rock
|turn|15
|
|move|p2a: Florges|Hidden Power|p1a: KnightsOftheRound
|-crit|p1a: KnightsOftheRound
|-damage|p1a: KnightsOftheRound|72\/343
|move|p1a: KnightsOftheRound|Iron Head|p2a: Florges
|-supereffective|p2a: Florges
|-damage|p2a: Florges|0 fnt
|faint|p2a: Florges
|
|-heal|p1a: KnightsOftheRound|93\/343|[from] item: Leftovers
|
|switch|p2a: Victini|Victini|341\/341
|-damage|p2a: Victini|256\/341|[from] Stealth Rock
|turn|16
|
|move|p2a: Victini|V-create|p1a: KnightsOftheRound
|-supereffective|p1a: KnightsOftheRound
|-damage|p1a: KnightsOftheRound|0 fnt
|-unboost|p2a: Victini|def|1
|-unboost|p2a: Victini|spd|1
|-unboost|p2a: Victini|spe|1
|faint|p1a: KnightsOftheRound
|
|
|switch|p1a: Short Bus|Slowbro, M|252\/393
|-damage|p1a: Short Bus|203\/393|[from] Stealth Rock
|turn|17
|
|move|p2a: Victini|V-create|p1a: Short Bus
|-resisted|p1a: Short Bus
|-damage|p1a: Short Bus|77\/393
|-unboost|p2a: Victini|def|1
|-unboost|p2a: Victini|spd|1
|-unboost|p2a: Victini|spe|1
|move|p1a: Short Bus|Slack Off|p1a: Short Bus
|-heal|p1a: Short Bus|274\/393
|
|-heal|p1a: Short Bus|298\/393|[from] item: Leftovers
|turn|18
|
|move|p2a: Victini|V-create|p1a: Short Bus
|-resisted|p1a: Short Bus
|-damage|p1a: Short Bus|170\/393
|-unboost|p2a: Victini|def|1
|-unboost|p2a: Victini|spd|1
|-unboost|p2a: Victini|spe|1
|move|p1a: Short Bus|Scald|p2a: Victini
|-supereffective|p2a: Victini
|-damage|p2a: Victini|0 fnt
|faint|p2a: Victini
|
|win|Juice Weasel
|raw|Ladder updating...
|leave|energico
|player|p2
|raw|Ladder (probably) updated, but score could not be retrieved (timeout).
|raw|Ladder (probably) updated, but score could not be retrieved (Error: socket hang up).