|join|Juice Weasel
|join|khRAIN
|player|p1|Juice Weasel|172
|player|p2|khRAIN|239
|gametype|singles
|gen|6
|tier|UU
|rated
|rule|Sleep Clause Mod: Limit one foe put to sleep
|rule|Species Clause: Limit one of each Pokemon
|rule|OHKO Clause: OHKO moves are banned
|rule|Moody Clause: Moody is banned
|rule|Evasion Moves Clause: Evasion moves are banned
|rule|Endless Battle Clause: Forcing endless battles is banned.
|rule|HP Percentage Mod: HP is reported as percentages
|clearpoke
|poke|p1|Reuniclus, M, shiny
|poke|p1|Flygon, M
|poke|p1|Entei, shiny
|poke|p1|Florges, F, shiny
|poke|p1|Swampert, F
|poke|p1|Toxicroak, M, shiny
|poke|p2|Galvantula, M
|poke|p2|Zoroark, M, shiny
|poke|p2|Heracross, M
|poke|p2|Porygon-Z
|poke|p2|Alomomola, F, shiny
|poke|p2|Tyrantrum, M
|teampreview
|
|start
|switch|p1a: Gogglezz|Flygon, M|301\/301
|switch|p2a: Galvantula|Galvantula, M|281\/281
|turn|1
|
|move|p1a: Gogglezz|Earthquake|p2a: Galvantula
|-damage|p2a: Galvantula|50\/281
|move|p2a: Galvantula|Sticky Web|p1a: Gogglezz
|-sidestart|p1: Juice Weasel|move: Sticky Web
|
|-heal|p2a: Galvantula|67\/281|[from] item: Leftovers
|turn|2
|
|move|p1a: Gogglezz|Earthquake|p2a: Galvantula
|-damage|p2a: Galvantula|0 fnt
|faint|p2a: Galvantula
|
|
|switch|p2a: Porygon-Z|Porygon-Z|311\/311
|-boost|p2a: Porygon-Z|atk|1|[from] ability: Download
|turn|3
|
|switch|p1a: Hemlock|Florges, F, shiny|359\/359
|-activate|p1a: Hemlock|move: Sticky Web
|-unboost|p1a: Hemlock|spe|1
|move|p2a: Porygon-Z|Ice Beam|p1a: Hemlock
|-damage|p1a: Hemlock|284\/359
|
|-heal|p1a: Hemlock|306\/359|[from] item: Leftovers
|turn|4
|
|move|p2a: Porygon-Z|Nasty Plot|p2a: Porygon-Z
|-boost|p2a: Porygon-Z|spa|2
|move|p1a: Hemlock|Moonblast|p2a: Porygon-Z
|-damage|p2a: Porygon-Z|157\/311
|
|-heal|p2a: Porygon-Z|176\/311|[from] item: Leftovers
|-heal|p1a: Hemlock|328\/359|[from] item: Leftovers
|turn|5
|
|move|p2a: Porygon-Z|Tri Attack|p1a: Hemlock
|-damage|p1a: Hemlock|117\/359
|-status|p1a: Hemlock|frz
|cant|p1a: Hemlock|frz
|
|-heal|p2a: Porygon-Z|195\/311|[from] item: Leftovers
|-heal|p1a: Hemlock|139\/359 frz|[from] item: Leftovers
|turn|6
|
|move|p2a: Porygon-Z|Nasty Plot|p2a: Porygon-Z
|-boost|p2a: Porygon-Z|spa|2
|cant|p1a: Hemlock|frz
|
|-heal|p2a: Porygon-Z|214\/311|[from] item: Leftovers
|-heal|p1a: Hemlock|161\/359 frz|[from] item: Leftovers
|turn|7
|
|move|p2a: Porygon-Z|Tri Attack|p1a: Hemlock
|-damage|p1a: Hemlock|0 fnt
|faint|p1a: Hemlock
|
|-heal|p2a: Porygon-Z|233\/311|[from] item: Leftovers
|
|switch|p1a: Huckleberry|Toxicroak, M, shiny|307\/307
|-activate|p1a: Huckleberry|move: Sticky Web
|-unboost|p1a: Huckleberry|spe|1
|turn|8
|
|move|p1a: Huckleberry|Sucker Punch|p2a: Porygon-Z
|-crit|p2a: Porygon-Z
|-damage|p2a: Porygon-Z|28\/311
|-damage|p1a: Huckleberry|277\/307|[from] item: Life Orb
|move|p2a: Porygon-Z|Shadow Ball|p1a: Huckleberry
|-damage|p1a: Huckleberry|0 fnt
|faint|p1a: Huckleberry
|
|-heal|p2a: Porygon-Z|47\/311|[from] item: Leftovers
|
|switch|p1a: Mufasa|Entei, shiny|371\/371
|-activate|p1a: Mufasa|move: Sticky Web
|-unboost|p1a: Mufasa|spe|1
|-ability|p1a: Mufasa|Pressure
|turn|9
|chat|khRAIN|nice names ^.^
|
|move|p1a: Mufasa|Extreme Speed|p2a: Porygon-Z
|-crit|p2a: Porygon-Z
|-damage|p2a: Porygon-Z|0 fnt
|faint|p2a: Porygon-Z
|
|chat|Juice Weasel|ty
|
|switch|p2a: Tyrantrum|Tyrantrum, M|305\/305
|turn|10
|
|switch|p1a: Elbow Pads|Swampert, F|403\/403
|-activate|p1a: Elbow Pads|move: Sticky Web
|-unboost|p1a: Elbow Pads|spe|1
|move|p2a: Tyrantrum|Earthquake|p1a: Elbow Pads
|-damage|p1a: Elbow Pads|313\/403
|
|-heal|p1a: Elbow Pads|338\/403|[from] item: Leftovers
|turn|11
|
|switch|p2a: Alomomola|Alomomola, F, shiny|534\/534
|move|p1a: Elbow Pads|Stealth Rock|p2a: Alomomola
|-sidestart|p2: khRAIN|move: Stealth Rock
|
|-heal|p1a: Elbow Pads|363\/403|[from] item: Leftovers
|turn|12
|
|switch|p1a: Zim|Reuniclus, M, shiny|422\/422
|-activate|p1a: Zim|move: Sticky Web
|-unboost|p1a: Zim|spe|1
|move|p2a: Alomomola|Toxic|p1a: Zim
|-status|p1a: Zim|tox
|
|turn|13
|
|move|p2a: Alomomola|Wish|p2a: Alomomola
|move|p1a: Zim|Calm Mind|p1a: Zim
|-boost|p1a: Zim|spa|1
|-boost|p1a: Zim|spd|1
|
|turn|14
|
|move|p2a: Alomomola|Waterfall|p1a: Zim
|-damage|p1a: Zim|355\/422 tox
|move|p1a: Zim|Shadow Ball|p2a: Alomomola
|-damage|p2a: Alomomola|316\/534
|
|-heal|p2a: Alomomola|534\/534|[from] move: Wish|[wisher] Alomomola
|-heal|p1a: Zim|381\/422 tox|[from] item: Leftovers
|turn|15
|
|move|p2a: Alomomola|Wish|p2a: Alomomola
|move|p1a: Zim|Calm Mind|p1a: Zim
|-boost|p1a: Zim|spa|1
|-boost|p1a: Zim|spd|1
|
|-heal|p1a: Zim|407\/422 tox|[from] item: Leftovers
|turn|16
|
|move|p2a: Alomomola|Waterfall|p1a: Zim
|-damage|p1a: Zim|341\/422 tox
|move|p1a: Zim|Shadow Ball|p2a: Alomomola
|-crit|p2a: Alomomola
|-damage|p2a: Alomomola|115\/534
|-unboost|p2a: Alomomola|spd|1
|
|-heal|p2a: Alomomola|382\/534|[from] move: Wish|[wisher] Alomomola
|-heal|p2a: Alomomola|415\/534|[from] item: Leftovers
|-heal|p1a: Zim|367\/422 tox|[from] item: Leftovers
|turn|17
|
|move|p2a: Alomomola|Wish|p2a: Alomomola
|move|p1a: Zim|Shadow Ball|p2a: Alomomola
|-damage|p2a: Alomomola|0 fnt
|faint|p2a: Alomomola
|
|-heal|p1a: Zim|393\/422 tox|[from] item: Leftovers
|
|switch|p2a: Tyrantrum|Tyrantrum, M|305\/305
|-damage|p2a: Tyrantrum|267\/305|[from] Stealth Rock
|turn|18
|
|move|p2a: Tyrantrum|Crunch|p1a: Zim
|-supereffective|p1a: Zim
|-damage|p1a: Zim|159\/422 tox
|move|p1a: Zim|Shadow Ball|p2a: Tyrantrum
|-damage|p2a: Tyrantrum|54\/305
|
|-heal|p2a: Tyrantrum|305\/305|[from] move: Wish|[wisher] Alomomola
|-heal|p1a: Zim|185\/422 tox|[from] item: Leftovers
|turn|19
|
|switch|p1a: Elbow Pads|Swampert, F|363\/403
|-activate|p1a: Elbow Pads|move: Sticky Web
|-unboost|p1a: Elbow Pads|spe|1
|move|p2a: Tyrantrum|Crunch|p1a: Elbow Pads
|-damage|p1a: Elbow Pads|253\/403
|
|-heal|p1a: Elbow Pads|278\/403|[from] item: Leftovers
|turn|20
|
|move|p2a: Tyrantrum|Head Smash|p1a: Elbow Pads
|-resisted|p1a: Elbow Pads
|-damage|p1a: Elbow Pads|168\/403
|-damage|p2a: Tyrantrum|250\/305|[from] recoil|[of] p1a: Elbow Pads
|move|p1a: Elbow Pads|Scald|p2a: Tyrantrum
|-damage|p2a: Tyrantrum|123\/305
|
|-heal|p2a: Tyrantrum|142\/305|[from] item: Leftovers
|-heal|p1a: Elbow Pads|193\/403|[from] item: Leftovers
|turn|21
|
|move|p2a: Tyrantrum|Dragon Claw|p1a: Elbow Pads
|-damage|p1a: Elbow Pads|85\/403
|move|p1a: Elbow Pads|Scald|p2a: Tyrantrum
|-damage|p2a: Tyrantrum|0 fnt
|faint|p2a: Tyrantrum
|
|-heal|p1a: Elbow Pads|110\/403|[from] item: Leftovers
|
|switch|p2a: Heracross|Heracross, M|302\/302
|-damage|p2a: Heracross|265\/302|[from] Stealth Rock
|turn|22
|
|move|p2a: Heracross|Swords Dance|p2a: Heracross
|-boost|p2a: Heracross|atk|2
|move|p1a: Elbow Pads|Scald|p2a: Heracross
|-damage|p2a: Heracross|127\/302
|
|-heal|p1a: Elbow Pads|135\/403|[from] item: Leftovers
|turn|23
|
|move|p2a: Heracross|Earthquake|p1a: Elbow Pads
|-damage|p1a: Elbow Pads|0 fnt
|faint|p1a: Elbow Pads
|-boost|p2a: Heracross|atk|1|[from] ability: Moxie
|
|
|switch|p1a: Gogglezz|Flygon, M|301\/301
|turn|24
|
|move|p1a: Gogglezz|Outrage|p2a: Heracross
|-damage|p2a: Heracross|0 fnt
|faint|p2a: Heracross
|
|
|switch|p2a: Zoroak|Zoroark, M, shiny|262\/262
|-damage|p2a: Zoroak|230\/262|[from] Stealth Rock
|turn|25
|
|move|p1a: Gogglezz|Outrage|p2a: Zoroak
|-damage|p2a: Zoroak|0 fnt
|faint|p2a: Zoroak
|
|win|Juice Weasel
|raw|Ladder updating...
|raw|Juice Weasel's rating: 1074 &rarr; <strong>1102<\/strong><br \/>(+28 for winning)
|raw|khRAIN's rating: 1064 &rarr; <strong>1045<\/strong><br \/>(-19 for losing)
|chat|khRAIN|gg
|chat|Juice Weasel|gg