|join|Gigi Destined
|join|Juice Weasel
|player|p1|Gigi Destined|92
|player|p2|Juice Weasel|172
|gametype|singles
|gen|6
|tier|UU
|rated
|rule|Sleep Clause Mod: Limit one foe put to sleep
|rule|Species Clause: Limit one of each Pokemon
|rule|OHKO Clause: OHKO moves are banned
|rule|Moody Clause: Moody is banned
|rule|Evasion Moves Clause: Evasion moves are banned
|rule|Endless Battle Clause: Forcing endless battles is banned.
|rule|HP Percentage Mod: HP is reported as percentages
|clearpoke
|poke|p1|Registeel
|poke|p1|Milotic, M
|poke|p1|Entei, shiny
|poke|p1|Porygon-Z
|poke|p1|Jynx, F
|poke|p1|Honchkrow, F
|poke|p2|Slowbro, M
|poke|p2|Aromatisse, F
|poke|p2|Roserade, M
|poke|p2|Escavalier, M
|poke|p2|Aerodactyl, F
|poke|p2|Hippowdon, M
|teampreview
|
|start
|switch|p1a: Jynx|Jynx, F|272\/272
|switch|p2a: Hungry Hungry|Hippowdon, M|417\/417
|-weather|Sandstorm
|turn|1
|
|switch|p2a: KnightsOftheRound|Escavalier, M|343\/343
|move|p1a: Jynx|Lovely Kiss|p2a: KnightsOftheRound
|-status|p2a: KnightsOftheRound|slp
|
|-weather|Sandstorm|[upkeep]
|-damage|p1a: Jynx|255\/272|[from] sandstorm
|turn|2
|
|move|p1a: Jynx|Focus Blast|p2a: KnightsOftheRound
|-crit|p2a: KnightsOftheRound
|-damage|p2a: KnightsOftheRound|180\/343 slp
|cant|p2a: KnightsOftheRound|slp
|move|p2a: KnightsOftheRound|Sleep Talk|p2a: KnightsOftheRound
|move|p2a: KnightsOftheRound|Megahorn|p1a: Jynx|[from]Sleep Talk
|-supereffective|p1a: Jynx
|-damage|p1a: Jynx|0 fnt
|faint|p1a: Jynx
|
|-weather|Sandstorm|[upkeep]
|-heal|p2a: KnightsOftheRound|201\/343 slp|[from] item: Leftovers
|
|switch|p1a: Entei|Entei, shiny|400\/400
|-ability|p1a: Entei|Pressure
|turn|3
|
|switch|p1a: Registeel|Registeel|364\/364
|switch|p2a: Short Bus|Slowbro, M|393\/393
|
|-weather|Sandstorm|[upkeep]
|-damage|p2a: Short Bus|369\/393|[from] sandstorm
|-heal|p2a: Short Bus|393\/393|[from] item: Leftovers
|turn|4
|
|move|p1a: Registeel|Toxic|p2a: Short Bus
|-status|p2a: Short Bus|tox
|move|p2a: Short Bus|Calm Mind|p2a: Short Bus
|-boost|p2a: Short Bus|spa|1
|-boost|p2a: Short Bus|spd|1
|
|-weather|Sandstorm|[upkeep]
|-damage|p2a: Short Bus|369\/393 tox|[from] sandstorm
|-heal|p2a: Short Bus|393\/393 tox|[from] item: Leftovers
|-damage|p2a: Short Bus|369\/393 tox|[from] psn
|turn|5
|
|move|p1a: Registeel|Stealth Rock|p2a: Short Bus
|-sidestart|p2: Juice Weasel|move: Stealth Rock
|move|p2a: Short Bus|Scald|p1a: Registeel
|-damage|p1a: Registeel|283\/364
|
|-weather|none
|-heal|p1a: Registeel|305\/364|[from] item: Leftovers
|-heal|p2a: Short Bus|393\/393 tox|[from] item: Leftovers
|-damage|p2a: Short Bus|345\/393 tox|[from] psn
|turn|6
|
|switch|p1a: Milotic|Milotic, M|393\/393
|move|p2a: Short Bus|Scald|p1a: Milotic
|-resisted|p1a: Milotic
|-damage|p1a: Milotic|333\/393
|-status|p1a: Milotic|brn
|
|-heal|p1a: Milotic|357\/393 brn|[from] item: Leftovers
|-heal|p2a: Short Bus|369\/393 tox|[from] item: Leftovers
|-damage|p1a: Milotic|308\/393 brn|[from] brn
|-damage|p2a: Short Bus|297\/393 tox|[from] psn
|turn|7
|
|switch|p2a: Gooch|Aromatisse, F|405\/405
|-damage|p2a: Gooch|355\/405|[from] Stealth Rock
|move|p1a: Milotic|Haze|p1a: Milotic
|-clearallboost
|
|-heal|p1a: Milotic|332\/393 brn|[from] item: Leftovers
|-heal|p2a: Gooch|380\/405|[from] item: Leftovers
|-damage|p1a: Milotic|283\/393 brn|[from] brn
|turn|8
|
|move|p1a: Milotic|Toxic|p2a: Gooch
|-status|p2a: Gooch|tox
|move|p2a: Gooch|Aromatherapy|p2a: Gooch
|-cureteam|p2a: Gooch|[from] move: Aromatherapy
|
|-heal|p1a: Milotic|307\/393 brn|[from] item: Leftovers
|-heal|p2a: Gooch|405\/405|[from] item: Leftovers
|-damage|p1a: Milotic|258\/393 brn|[from] brn
|turn|9
|
|switch|p2a: Highgarden|Roserade, M|261\/261
|-damage|p2a: Highgarden|229\/261|[from] Stealth Rock
|move|p1a: Milotic|Surf|p2a: Highgarden
|-resisted|p2a: Highgarden
|-damage|p2a: Highgarden|181\/261
|
|-heal|p1a: Milotic|282\/393 brn|[from] item: Leftovers
|-damage|p1a: Milotic|233\/393 brn|[from] brn
|turn|10
|
|switch|p1a: Entei|Entei, shiny|400\/400
|-ability|p1a: Entei|Pressure
|move|p2a: Highgarden|Giga Drain|p1a: Entei
|-resisted|p1a: Entei
|-damage|p1a: Entei|290\/400
|-heal|p2a: Highgarden|236\/261|[from] drain|[of] p1a: Entei
|-damage|p2a: Highgarden|210\/261|[from] item: Life Orb
|
|turn|11
|
|switch|p2a: Short Bus|Slowbro, M|393\/393
|-damage|p2a: Short Bus|344\/393|[from] Stealth Rock
|switch|p1a: Honchkrow|Honchkrow, F|404\/404
|
|-heal|p2a: Short Bus|368\/393|[from] item: Leftovers
|turn|12
|
|move|p1a: Honchkrow|Substitute|p1a: Honchkrow
|-start|p1a: Honchkrow|Substitute
|-damage|p1a: Honchkrow|303\/404
|move|p2a: Short Bus|Scald|p1a: Honchkrow
|-end|p1a: Honchkrow|Substitute
|
|-heal|p1a: Honchkrow|328\/404|[from] item: Leftovers
|-heal|p2a: Short Bus|392\/393|[from] item: Leftovers
|turn|13
|
|move|p1a: Honchkrow|Substitute|p1a: Honchkrow
|-start|p1a: Honchkrow|Substitute
|-damage|p1a: Honchkrow|227\/404
|move|p2a: Short Bus|Scald|p1a: Honchkrow
|-end|p1a: Honchkrow|Substitute
|
|-heal|p1a: Honchkrow|252\/404|[from] item: Leftovers
|-heal|p2a: Short Bus|393\/393|[from] item: Leftovers
|turn|14
|
|move|p1a: Honchkrow|Sucker Punch|p2a: Short Bus
|-crit|p2a: Short Bus
|-supereffective|p2a: Short Bus
|-damage|p2a: Short Bus|75\/393
|move|p2a: Short Bus|Scald|p1a: Honchkrow
|-damage|p1a: Honchkrow|86\/404
|-status|p1a: Honchkrow|brn
|
|-heal|p1a: Honchkrow|111\/404 brn|[from] item: Leftovers
|-heal|p2a: Short Bus|99\/393|[from] item: Leftovers
|-damage|p1a: Honchkrow|61\/404 brn|[from] brn
|turn|15
|
|move|p1a: Honchkrow|Pursuit|p2a: Short Bus|[from]Pursuit
|-supereffective|p2a: Short Bus
|-damage|p2a: Short Bus|0 fnt
|faint|p2a: Short Bus
|-boost|p1a: Honchkrow|atk|1|[from] ability: Moxie
|
|-heal|p1a: Honchkrow|86\/404 brn|[from] item: Leftovers
|-damage|p1a: Honchkrow|36\/404 brn|[from] brn
|
|switch|p2a: Hungry Hungry|Hippowdon, M|417\/417
|-damage|p2a: Hungry Hungry|391\/417|[from] Stealth Rock
|-weather|Sandstorm
|turn|16
|
|move|p1a: Honchkrow|Brave Bird|p2a: Hungry Hungry
|-damage|p2a: Hungry Hungry|237\/417
|-damage|p1a: Honchkrow|0 fnt|[from] recoil|[of] p2a: Hungry Hungry
|faint|p1a: Honchkrow
|move|p2a: Hungry Hungry|Stealth Rock|p1: Honchkrow
|-sidestart|p1: Gigi Destined|move: Stealth Rock
|
|-weather|Sandstorm|[upkeep]
|-heal|p2a: Hungry Hungry|263\/417|[from] item: Leftovers
|
|switch|p1a: Milotic|Milotic, M|233\/393 brn
|-damage|p1a: Milotic|184\/393 brn|[from] Stealth Rock
|turn|17
|
|switch|p2a: Highgarden|Roserade, M|210\/261
|-damage|p2a: Highgarden|178\/261|[from] Stealth Rock
|move|p1a: Milotic|Recover|p1a: Milotic
|-heal|p1a: Milotic|381\/393 brn
|
|-weather|Sandstorm|[upkeep]
|-damage|p2a: Highgarden|162\/261|[from] sandstorm
|-damage|p1a: Milotic|357\/393 brn|[from] sandstorm
|-heal|p1a: Milotic|381\/393 brn|[from] item: Leftovers
|-damage|p1a: Milotic|332\/393 brn|[from] brn
|turn|18
|
|switch|p1a: Entei|Entei, shiny|290\/400
|-damage|p1a: Entei|190\/400|[from] Stealth Rock
|-ability|p1a: Entei|Pressure
|move|p2a: Highgarden|Giga Drain|p1a: Entei
|-resisted|p1a: Entei
|-damage|p1a: Entei|81\/400
|-heal|p2a: Highgarden|217\/261|[from] drain|[of] p1a: Entei
|-damage|p2a: Highgarden|191\/261|[from] item: Life Orb
|
|-weather|Sandstorm|[upkeep]
|-damage|p2a: Highgarden|175\/261|[from] sandstorm
|-damage|p1a: Entei|56\/400|[from] sandstorm
|turn|19
|
|move|p2a: Highgarden|Giga Drain|p1a: Entei
|-resisted|p1a: Entei
|-damage|p1a: Entei|0 fnt
|-heal|p2a: Highgarden|203\/261|[from] drain|[of] p1a: Entei
|-damage|p2a: Highgarden|177\/261|[from] item: Life Orb
|faint|p1a: Entei
|
|-weather|Sandstorm|[upkeep]
|-damage|p2a: Highgarden|161\/261|[from] sandstorm
|
|switch|p1a: Porygon-Z|Porygon-Z|312\/312
|-damage|p1a: Porygon-Z|273\/312|[from] Stealth Rock
|turn|20
|
|move|p1a: Porygon-Z|Psychic|p2a: Highgarden
|-supereffective|p2a: Highgarden
|-damage|p2a: Highgarden|0 fnt
|faint|p2a: Highgarden
|
|-weather|none
|
|switch|p2a: Hungry Hungry|Hippowdon, M|263\/417
|-damage|p2a: Hungry Hungry|237\/417|[from] Stealth Rock
|-weather|Sandstorm
|turn|21
|
|switch|p1a: Registeel|Registeel|305\/364
|-damage|p1a: Registeel|283\/364|[from] Stealth Rock
|move|p2a: Hungry Hungry|Slack Off|p2a: Hungry Hungry
|-heal|p2a: Hungry Hungry|417\/417
|
|-weather|Sandstorm|[upkeep]
|-heal|p1a: Registeel|305\/364|[from] item: Leftovers
|turn|22
|
|move|p1a: Registeel|Toxic|p2a: Hungry Hungry
|-status|p2a: Hungry Hungry|tox
|move|p2a: Hungry Hungry|Earthquake|p1a: Registeel
|-supereffective|p1a: Registeel
|-damage|p1a: Registeel|117\/364
|
|-weather|Sandstorm|[upkeep]
|-heal|p1a: Registeel|139\/364|[from] item: Leftovers
|-damage|p2a: Hungry Hungry|391\/417 tox|[from] psn
|turn|23
|
|move|p1a: Registeel|Protect|p1a: Registeel
|-singleturn|p1a: Registeel|Protect
|move|p2a: Hungry Hungry|Earthquake|p1a: Registeel
|-activate|p1a: Registeel|Protect
|
|-weather|Sandstorm|[upkeep]
|-heal|p1a: Registeel|161\/364|[from] item: Leftovers
|-heal|p2a: Hungry Hungry|417\/417 tox|[from] item: Leftovers
|-damage|p2a: Hungry Hungry|365\/417 tox|[from] psn
|turn|24
|
|switch|p1a: Milotic|Milotic, M|332\/393 brn
|-damage|p1a: Milotic|283\/393 brn|[from] Stealth Rock
|move|p2a: Hungry Hungry|Earthquake|p1a: Milotic
|-damage|p1a: Milotic|207\/393 brn
|
|-weather|Sandstorm|[upkeep]
|-damage|p1a: Milotic|183\/393 brn|[from] sandstorm
|-heal|p1a: Milotic|207\/393 brn|[from] item: Leftovers
|-heal|p2a: Hungry Hungry|391\/417 tox|[from] item: Leftovers
|-damage|p1a: Milotic|158\/393 brn|[from] brn
|-damage|p2a: Hungry Hungry|313\/417 tox|[from] psn
|turn|25
|
|switch|p2a: Gooch|Aromatisse, F|405\/405
|-damage|p2a: Gooch|355\/405|[from] Stealth Rock
|move|p1a: Milotic|Surf|p2a: Gooch
|-crit|p2a: Gooch
|-damage|p2a: Gooch|223\/405
|
|-weather|none
|-heal|p1a: Milotic|182\/393 brn|[from] item: Leftovers
|-heal|p2a: Gooch|248\/405|[from] item: Leftovers
|-damage|p1a: Milotic|133\/393 brn|[from] brn
|turn|26
|
|move|p1a: Milotic|Recover|p1a: Milotic
|-heal|p1a: Milotic|330\/393 brn
|move|p2a: Gooch|Aromatherapy|p2a: Gooch
|-cureteam|p2a: Gooch|[from] move: Aromatherapy
|
|-heal|p1a: Milotic|354\/393 brn|[from] item: Leftovers
|-heal|p2a: Gooch|273\/405|[from] item: Leftovers
|-damage|p1a: Milotic|305\/393 brn|[from] brn
|turn|27
|
|move|p1a: Milotic|Toxic|p2a: Gooch
|-status|p2a: Gooch|tox
|move|p2a: Gooch|Wish|p2a: Gooch
|
|-heal|p1a: Milotic|329\/393 brn|[from] item: Leftovers
|-heal|p2a: Gooch|298\/405 tox|[from] item: Leftovers
|-damage|p1a: Milotic|280\/393 brn|[from] brn
|-damage|p2a: Gooch|273\/405 tox|[from] psn
|turn|28
|
|switch|p2a: KnightsOftheRound|Escavalier, M|201\/343
|-damage|p2a: KnightsOftheRound|159\/343|[from] Stealth Rock
|move|p1a: Milotic|Surf|p2a: KnightsOftheRound
|-damage|p2a: KnightsOftheRound|83\/343
|
|-heal|p2a: KnightsOftheRound|285\/343|[from] move: Wish|[wisher] Gooch
|-heal|p1a: Milotic|304\/393 brn|[from] item: Leftovers
|-heal|p2a: KnightsOftheRound|306\/343|[from] item: Leftovers
|-damage|p1a: Milotic|255\/393 brn|[from] brn
|turn|29
|
|move|p1a: Milotic|Surf|p2a: KnightsOftheRound
|-damage|p2a: KnightsOftheRound|225\/343
|move|p2a: KnightsOftheRound|Megahorn|p1a: Milotic
|-crit|p1a: Milotic
|-damage|p1a: Milotic|102\/393 brn
|
|-heal|p1a: Milotic|126\/393 brn|[from] item: Leftovers
|-heal|p2a: KnightsOftheRound|246\/343|[from] item: Leftovers
|-damage|p1a: Milotic|77\/393 brn|[from] brn
|turn|30
|
|move|p1a: Milotic|Recover|p1a: Milotic
|-heal|p1a: Milotic|274\/393 brn
|move|p2a: KnightsOftheRound|Megahorn|p1a: Milotic
|-damage|p1a: Milotic|172\/393 brn
|
|-heal|p1a: Milotic|196\/393 brn|[from] item: Leftovers
|-heal|p2a: KnightsOftheRound|267\/343|[from] item: Leftovers
|-damage|p1a: Milotic|147\/393 brn|[from] brn
|turn|31
|
|move|p1a: Milotic|Recover|p1a: Milotic
|-heal|p1a: Milotic|344\/393 brn
|move|p2a: KnightsOftheRound|Megahorn|p1a: Milotic
|-damage|p1a: Milotic|235\/393 brn
|
|-heal|p1a: Milotic|259\/393 brn|[from] item: Leftovers
|-heal|p2a: KnightsOftheRound|288\/343|[from] item: Leftovers
|-damage|p1a: Milotic|210\/393 brn|[from] brn
|turn|32
|
|move|p1a: Milotic|Surf|p2a: KnightsOftheRound
|-damage|p2a: KnightsOftheRound|207\/343
|move|p2a: KnightsOftheRound|Megahorn|p1a: Milotic|[miss]
|-miss|p2a: KnightsOftheRound|p1a: Milotic
|
|-heal|p1a: Milotic|234\/393 brn|[from] item: Leftovers
|-heal|p2a: KnightsOftheRound|228\/343|[from] item: Leftovers
|-damage|p1a: Milotic|185\/393 brn|[from] brn
|turn|33
|
|move|p1a: Milotic|Surf|p2a: KnightsOftheRound
|-damage|p2a: KnightsOftheRound|147\/343
|move|p2a: KnightsOftheRound|Megahorn|p1a: Milotic|[miss]
|-miss|p2a: KnightsOftheRound|p1a: Milotic
|
|-heal|p1a: Milotic|209\/393 brn|[from] item: Leftovers
|-heal|p2a: KnightsOftheRound|168\/343|[from] item: Leftovers
|-damage|p1a: Milotic|160\/393 brn|[from] brn
|turn|34
|
|move|p1a: Milotic|Recover|p1a: Milotic
|-heal|p1a: Milotic|357\/393 brn
|move|p2a: KnightsOftheRound|Rest|p2a: KnightsOftheRound
|-status|p2a: KnightsOftheRound|slp
|-heal|p2a: KnightsOftheRound|343\/343 slp|[silent]
|-status|p2a: KnightsOftheRound|slp|[from] move: Rest
|
|-heal|p1a: Milotic|381\/393 brn|[from] item: Leftovers
|-damage|p1a: Milotic|332\/393 brn|[from] brn
|turn|35
|
|move|p1a: Milotic|Surf|p2a: KnightsOftheRound
|-damage|p2a: KnightsOftheRound|258\/343 slp
|cant|p2a: KnightsOftheRound|slp
|move|p2a: KnightsOftheRound|Sleep Talk|p2a: KnightsOftheRound
|move|p2a: KnightsOftheRound|Megahorn|p1a: Milotic|[from]Sleep Talk
|-damage|p1a: Milotic|236\/393 brn
|
|-heal|p1a: Milotic|260\/393 brn|[from] item: Leftovers
|-heal|p2a: KnightsOftheRound|279\/343 slp|[from] item: Leftovers
|-damage|p1a: Milotic|211\/393 brn|[from] brn
|turn|36
|
|move|p1a: Milotic|Surf|p2a: KnightsOftheRound
|-damage|p2a: KnightsOftheRound|200\/343 slp
|cant|p2a: KnightsOftheRound|slp
|move|p2a: KnightsOftheRound|Sleep Talk|p2a: KnightsOftheRound
|move|p2a: KnightsOftheRound|Megahorn|p1a: Milotic|[from]Sleep Talk|[miss]
|-miss|p2a: KnightsOftheRound|p1a: Milotic
|
|-heal|p1a: Milotic|235\/393 brn|[from] item: Leftovers
|-heal|p2a: KnightsOftheRound|221\/343 slp|[from] item: Leftovers
|-damage|p1a: Milotic|186\/393 brn|[from] brn
|turn|37
|
|move|p1a: Milotic|Surf|p2a: KnightsOftheRound
|-damage|p2a: KnightsOftheRound|136\/343 slp
|-curestatus|p2a: KnightsOftheRound|slp
|move|p2a: KnightsOftheRound|Megahorn|p1a: Milotic
|-damage|p1a: Milotic|89\/393 brn
|
|-heal|p1a: Milotic|113\/393 brn|[from] item: Leftovers
|-heal|p2a: KnightsOftheRound|157\/343|[from] item: Leftovers
|-damage|p1a: Milotic|64\/393 brn|[from] brn
|turn|38
|
|move|p1a: Milotic|Recover|p1a: Milotic
|-heal|p1a: Milotic|261\/393 brn
|move|p2a: KnightsOftheRound|Rest|p2a: KnightsOftheRound
|-status|p2a: KnightsOftheRound|slp
|-heal|p2a: KnightsOftheRound|343\/343 slp|[silent]
|-status|p2a: KnightsOftheRound|slp|[from] move: Rest
|
|-heal|p1a: Milotic|285\/393 brn|[from] item: Leftovers
|-damage|p1a: Milotic|236\/393 brn|[from] brn
|turn|39
|
|move|p1a: Milotic|Surf|p2a: KnightsOftheRound
|-crit|p2a: KnightsOftheRound
|-damage|p2a: KnightsOftheRound|222\/343 slp
|cant|p2a: KnightsOftheRound|slp
|move|p2a: KnightsOftheRound|Sleep Talk|p2a: KnightsOftheRound
|move|p2a: KnightsOftheRound|Megahorn|p1a: Milotic|[from]Sleep Talk
|-damage|p1a: Milotic|137\/393 brn
|
|-heal|p1a: Milotic|161\/393 brn|[from] item: Leftovers
|-heal|p2a: KnightsOftheRound|243\/343 slp|[from] item: Leftovers
|-damage|p1a: Milotic|112\/393 brn|[from] brn
|turn|40
|
|move|p1a: Milotic|Recover|p1a: Milotic
|-heal|p1a: Milotic|309\/393 brn
|cant|p2a: KnightsOftheRound|slp
|move|p2a: KnightsOftheRound|Sleep Talk|p2a: KnightsOftheRound
|move|p2a: KnightsOftheRound|Rest|p2a: KnightsOftheRound|[from]Sleep Talk
|-fail|p2a: KnightsOftheRound
|
|-heal|p1a: Milotic|333\/393 brn|[from] item: Leftovers
|-heal|p2a: KnightsOftheRound|264\/343 slp|[from] item: Leftovers
|-damage|p1a: Milotic|284\/393 brn|[from] brn
|turn|41
|
|move|p1a: Milotic|Surf|p2a: KnightsOftheRound
|-damage|p2a: KnightsOftheRound|179\/343 slp
|-curestatus|p2a: KnightsOftheRound|slp
|move|p2a: KnightsOftheRound|Megahorn|p1a: Milotic
|-crit|p1a: Milotic
|-damage|p1a: Milotic|137\/393 brn
|
|-heal|p1a: Milotic|161\/393 brn|[from] item: Leftovers
|-heal|p2a: KnightsOftheRound|200\/343|[from] item: Leftovers
|-damage|p1a: Milotic|112\/393 brn|[from] brn
|turn|42
|
|move|p1a: Milotic|Recover|p1a: Milotic
|-heal|p1a: Milotic|309\/393 brn
|move|p2a: KnightsOftheRound|Rest|p2a: KnightsOftheRound
|-status|p2a: KnightsOftheRound|slp
|-heal|p2a: KnightsOftheRound|343\/343 slp|[silent]
|-status|p2a: KnightsOftheRound|slp|[from] move: Rest
|
|-heal|p1a: Milotic|333\/393 brn|[from] item: Leftovers
|-damage|p1a: Milotic|284\/393 brn|[from] brn
|turn|43
|
|move|p1a: Milotic|Surf|p2a: KnightsOftheRound
|-damage|p2a: KnightsOftheRound|256\/343 slp
|cant|p2a: KnightsOftheRound|slp
|move|p2a: KnightsOftheRound|Sleep Talk|p2a: KnightsOftheRound
|move|p2a: KnightsOftheRound|Rest|p2a: KnightsOftheRound|[from]Sleep Talk
|-fail|p2a: KnightsOftheRound
|
|-heal|p1a: Milotic|308\/393 brn|[from] item: Leftovers
|-heal|p2a: KnightsOftheRound|277\/343 slp|[from] item: Leftovers
|-damage|p1a: Milotic|259\/393 brn|[from] brn
|turn|44
|
|move|p1a: Milotic|Surf|p2a: KnightsOftheRound
|-crit|p2a: KnightsOftheRound
|-damage|p2a: KnightsOftheRound|156\/343 slp
|cant|p2a: KnightsOftheRound|slp
|move|p2a: KnightsOftheRound|Sleep Talk|p2a: KnightsOftheRound
|move|p2a: KnightsOftheRound|Rest|p2a: KnightsOftheRound|[from]Sleep Talk
|-fail|p2a: KnightsOftheRound
|
|-heal|p1a: Milotic|283\/393 brn|[from] item: Leftovers
|-heal|p2a: KnightsOftheRound|177\/343 slp|[from] item: Leftovers
|-damage|p1a: Milotic|234\/393 brn|[from] brn
|turn|45
|
|move|p1a: Milotic|Surf|p2a: KnightsOftheRound
|-damage|p2a: KnightsOftheRound|95\/343 slp
|-curestatus|p2a: KnightsOftheRound|slp
|move|p2a: KnightsOftheRound|Rest|p2a: KnightsOftheRound
|-status|p2a: KnightsOftheRound|slp
|-heal|p2a: KnightsOftheRound|343\/343 slp|[silent]
|-status|p2a: KnightsOftheRound|slp|[from] move: Rest
|
|-heal|p1a: Milotic|258\/393 brn|[from] item: Leftovers
|-damage|p1a: Milotic|209\/393 brn|[from] brn
|turn|46
|
|move|p1a: Milotic|Surf|p2a: KnightsOftheRound
|-damage|p2a: KnightsOftheRound|258\/343 slp
|cant|p2a: KnightsOftheRound|slp
|move|p2a: KnightsOftheRound|Sleep Talk|p2a: KnightsOftheRound
|move|p2a: KnightsOftheRound|Rest|p2a: KnightsOftheRound|[from]Sleep Talk
|-fail|p2a: KnightsOftheRound
|
|-heal|p1a: Milotic|233\/393 brn|[from] item: Leftovers
|-heal|p2a: KnightsOftheRound|279\/343 slp|[from] item: Leftovers
|-damage|p1a: Milotic|184\/393 brn|[from] brn
|turn|47
|
|move|p1a: Milotic|Surf|p2a: KnightsOftheRound
|-damage|p2a: KnightsOftheRound|195\/343 slp
|cant|p2a: KnightsOftheRound|slp
|move|p2a: KnightsOftheRound|Sleep Talk|p2a: KnightsOftheRound
|move|p2a: KnightsOftheRound|Rest|p2a: KnightsOftheRound|[from]Sleep Talk
|-fail|p2a: KnightsOftheRound
|
|-heal|p1a: Milotic|208\/393 brn|[from] item: Leftovers
|-heal|p2a: KnightsOftheRound|216\/343 slp|[from] item: Leftovers
|-damage|p1a: Milotic|159\/393 brn|[from] brn
|turn|48
|
|move|p1a: Milotic|Surf|p2a: KnightsOftheRound
|-damage|p2a: KnightsOftheRound|131\/343 slp
|-curestatus|p2a: KnightsOftheRound|slp
|move|p2a: KnightsOftheRound|Iron Head|p1a: Milotic
|-resisted|p1a: Milotic
|-damage|p1a: Milotic|125\/393 brn
|
|-heal|p1a: Milotic|149\/393 brn|[from] item: Leftovers
|-heal|p2a: KnightsOftheRound|152\/343|[from] item: Leftovers
|-damage|p1a: Milotic|100\/393 brn|[from] brn
|turn|49
|
|move|p1a: Milotic|Recover|p1a: Milotic
|-heal|p1a: Milotic|297\/393 brn
|move|p2a: KnightsOftheRound|Rest|p2a: KnightsOftheRound
|-status|p2a: KnightsOftheRound|slp
|-heal|p2a: KnightsOftheRound|343\/343 slp|[silent]
|-status|p2a: KnightsOftheRound|slp|[from] move: Rest
|
|-heal|p1a: Milotic|321\/393 brn|[from] item: Leftovers
|-damage|p1a: Milotic|272\/393 brn|[from] brn
|turn|50
|
|move|p1a: Milotic|Recover|p1a: Milotic
|-heal|p1a: Milotic|393\/393 brn
|cant|p2a: KnightsOftheRound|slp
|
|-damage|p1a: Milotic|344\/393 brn|[from] brn
|turn|51
|
|move|p1a: Milotic|Surf|p2a: KnightsOftheRound
|-damage|p2a: KnightsOftheRound|262\/343 slp
|cant|p2a: KnightsOftheRound|slp
|
|-heal|p1a: Milotic|368\/393 brn|[from] item: Leftovers
|-heal|p2a: KnightsOftheRound|283\/343 slp|[from] item: Leftovers
|-damage|p1a: Milotic|319\/393 brn|[from] brn
|turn|52
|
|move|p1a: Milotic|Surf|p2a: KnightsOftheRound
|-damage|p2a: KnightsOftheRound|201\/343 slp
|-curestatus|p2a: KnightsOftheRound|slp
|move|p2a: KnightsOftheRound|Iron Head|p1a: Milotic
|-resisted|p1a: Milotic
|-damage|p1a: Milotic|284\/393 brn
|
|-heal|p1a: Milotic|308\/393 brn|[from] item: Leftovers
|-heal|p2a: KnightsOftheRound|222\/343|[from] item: Leftovers
|-damage|p1a: Milotic|259\/393 brn|[from] brn
|turn|53
|
|move|p1a: Milotic|Surf|p2a: KnightsOftheRound
|-damage|p2a: KnightsOftheRound|137\/343
|move|p2a: KnightsOftheRound|Rest|p2a: KnightsOftheRound
|-status|p2a: KnightsOftheRound|slp
|-heal|p2a: KnightsOftheRound|343\/343 slp|[silent]
|-status|p2a: KnightsOftheRound|slp|[from] move: Rest
|
|-heal|p1a: Milotic|283\/393 brn|[from] item: Leftovers
|-damage|p1a: Milotic|234\/393 brn|[from] brn
|turn|54
|
|move|p1a: Milotic|Recover|p1a: Milotic
|-heal|p1a: Milotic|393\/393 brn
|cant|p2a: KnightsOftheRound|slp
|
|-damage|p1a: Milotic|344\/393 brn|[from] brn
|turn|55
|
|switch|p1a: Registeel|Registeel|161\/364
|-damage|p1a: Registeel|139\/364|[from] Stealth Rock
|cant|p2a: KnightsOftheRound|slp
|
|-heal|p1a: Registeel|161\/364|[from] item: Leftovers
|turn|56
|
|switch|p2a: Hungry Hungry|Hippowdon, M|313\/417
|-damage|p2a: Hungry Hungry|287\/417|[from] Stealth Rock
|-weather|Sandstorm
|move|p1a: Registeel|Iron Head|p2a: Hungry Hungry
|-damage|p2a: Hungry Hungry|224\/417
|
|-weather|Sandstorm|[upkeep]
|-heal|p1a: Registeel|183\/364|[from] item: Leftovers
|-heal|p2a: Hungry Hungry|250\/417|[from] item: Leftovers
|turn|57
|
|move|p1a: Registeel|Protect|p1a: Registeel
|-singleturn|p1a: Registeel|Protect
|move|p2a: Hungry Hungry|Earthquake|p1a: Registeel
|-activate|p1a: Registeel|Protect
|
|-weather|Sandstorm|[upkeep]
|-heal|p1a: Registeel|205\/364|[from] item: Leftovers
|-heal|p2a: Hungry Hungry|276\/417|[from] item: Leftovers
|turn|58
|
|move|p1a: Registeel|Toxic|p2a: Hungry Hungry
|-status|p2a: Hungry Hungry|tox
|move|p2a: Hungry Hungry|Earthquake|p1a: Registeel
|-supereffective|p1a: Registeel
|-damage|p1a: Registeel|13\/364
|
|-weather|Sandstorm|[upkeep]
|-heal|p1a: Registeel|35\/364|[from] item: Leftovers
|-heal|p2a: Hungry Hungry|302\/417 tox|[from] item: Leftovers
|-damage|p2a: Hungry Hungry|276\/417 tox|[from] psn
|turn|59
|
|move|p1a: Registeel|Protect|p1a: Registeel
|-singleturn|p1a: Registeel|Protect
|move|p2a: Hungry Hungry|Slack Off|p2a: Hungry Hungry
|-heal|p2a: Hungry Hungry|417\/417 tox
|
|-weather|Sandstorm|[upkeep]
|-heal|p1a: Registeel|57\/364|[from] item: Leftovers
|-damage|p2a: Hungry Hungry|365\/417 tox|[from] psn
|turn|60
|
|switch|p1a: Milotic|Milotic, M|344\/393 brn
|-damage|p1a: Milotic|295\/393 brn|[from] Stealth Rock
|move|p2a: Hungry Hungry|Earthquake|p1a: Milotic
|-damage|p1a: Milotic|223\/393 brn
|
|-weather|none
|-heal|p1a: Milotic|247\/393 brn|[from] item: Leftovers
|-heal|p2a: Hungry Hungry|391\/417 tox|[from] item: Leftovers
|-damage|p1a: Milotic|198\/393 brn|[from] brn
|-damage|p2a: Hungry Hungry|313\/417 tox|[from] psn
|turn|61
|
|switch|p2a: Gooch|Aromatisse, F|273\/405 tox
|-damage|p2a: Gooch|223\/405 tox|[from] Stealth Rock
|move|p1a: Milotic|Surf|p2a: Gooch
|-damage|p2a: Gooch|138\/405 tox
|
|-heal|p1a: Milotic|222\/393 brn|[from] item: Leftovers
|-heal|p2a: Gooch|163\/405 tox|[from] item: Leftovers
|-damage|p1a: Milotic|173\/393 brn|[from] brn
|-damage|p2a: Gooch|138\/405 tox|[from] psn
|turn|62
|
|move|p1a: Milotic|Surf|p2a: Gooch
|-damage|p2a: Gooch|51\/405 tox
|move|p2a: Gooch|Aromatherapy|p2a: Gooch
|-cureteam|p2a: Gooch|[from] move: Aromatherapy
|
|-heal|p1a: Milotic|197\/393 brn|[from] item: Leftovers
|-heal|p2a: Gooch|76\/405|[from] item: Leftovers
|-damage|p1a: Milotic|148\/393 brn|[from] brn
|turn|63
|
|move|p2a: Gooch|Protect|p2a: Gooch
|-singleturn|p2a: Gooch|Protect
|move|p1a: Milotic|Surf|p2a: Gooch
|-activate|p2a: Gooch|Protect
|
|-heal|p1a: Milotic|172\/393 brn|[from] item: Leftovers
|-heal|p2a: Gooch|101\/405|[from] item: Leftovers
|-damage|p1a: Milotic|123\/393 brn|[from] brn
|turn|64
|
|move|p1a: Milotic|Surf|p2a: Gooch
|-damage|p2a: Gooch|2\/405
|move|p2a: Gooch|Wish|p2a: Gooch
|
|-heal|p1a: Milotic|147\/393 brn|[from] item: Leftovers
|-heal|p2a: Gooch|27\/405|[from] item: Leftovers
|-damage|p1a: Milotic|98\/393 brn|[from] brn
|turn|65
|
|switch|p1a: Registeel|Registeel|57\/364
|-damage|p1a: Registeel|35\/364|[from] Stealth Rock
|move|p2a: Gooch|Protect|p2a: Gooch
|-fail|p2a: Gooch
|
|-heal|p2a: Gooch|229\/405|[from] move: Wish|[wisher] Gooch
|-heal|p1a: Registeel|57\/364|[from] item: Leftovers
|-heal|p2a: Gooch|254\/405|[from] item: Leftovers
|turn|66
|
|move|p1a: Registeel|Iron Head|p2a: Gooch
|-supereffective|p2a: Gooch
|-damage|p2a: Gooch|66\/405
|move|p2a: Gooch|Moonblast|p1a: Registeel
|-resisted|p1a: Registeel
|-damage|p1a: Registeel|29\/364
|
|-heal|p1a: Registeel|51\/364|[from] item: Leftovers
|-heal|p2a: Gooch|91\/405|[from] item: Leftovers
|turn|67
|
|switch|p2a: Hungry Hungry|Hippowdon, M|313\/417
|-damage|p2a: Hungry Hungry|287\/417|[from] Stealth Rock
|-weather|Sandstorm
|move|p1a: Registeel|Iron Head|p2a: Hungry Hungry
|-damage|p2a: Hungry Hungry|229\/417
|
|-weather|Sandstorm|[upkeep]
|-heal|p1a: Registeel|73\/364|[from] item: Leftovers
|-heal|p2a: Hungry Hungry|255\/417|[from] item: Leftovers
|turn|68
|
|move|p1a: Registeel|Toxic|p2a: Hungry Hungry
|-status|p2a: Hungry Hungry|tox
|move|p2a: Hungry Hungry|Earthquake|p1a: Registeel
|-supereffective|p1a: Registeel
|-damage|p1a: Registeel|0 fnt
|faint|p1a: Registeel
|
|-weather|Sandstorm|[upkeep]
|-heal|p2a: Hungry Hungry|281\/417 tox|[from] item: Leftovers
|-damage|p2a: Hungry Hungry|255\/417 tox|[from] psn
|
|switch|p1a: Milotic|Milotic, M|98\/393 brn
|-damage|p1a: Milotic|49\/393 brn|[from] Stealth Rock
|turn|69
|
|switch|p2a: KnightsOftheRound|Escavalier, M|343\/343
|-damage|p2a: KnightsOftheRound|301\/343|[from] Stealth Rock
|move|p1a: Milotic|Recover|p1a: Milotic
|-heal|p1a: Milotic|246\/393 brn
|
|-weather|Sandstorm|[upkeep]
|-damage|p1a: Milotic|222\/393 brn|[from] sandstorm
|-heal|p1a: Milotic|246\/393 brn|[from] item: Leftovers
|-heal|p2a: KnightsOftheRound|322\/343|[from] item: Leftovers
|-damage|p1a: Milotic|197\/393 brn|[from] brn
|turn|70
|
|move|p1a: Milotic|Haze|p1a: Milotic
|-clearallboost
|move|p2a: KnightsOftheRound|Megahorn|p1a: Milotic
|-damage|p1a: Milotic|94\/393 brn
|
|-weather|Sandstorm|[upkeep]
|-damage|p1a: Milotic|70\/393 brn|[from] sandstorm
|-heal|p1a: Milotic|94\/393 brn|[from] item: Leftovers
|-heal|p2a: KnightsOftheRound|343\/343|[from] item: Leftovers
|-damage|p1a: Milotic|45\/393 brn|[from] brn
|turn|71
|
|switch|p2a: Gooch|Aromatisse, F|91\/405
|-damage|p2a: Gooch|41\/405|[from] Stealth Rock
|move|p1a: Milotic|Recover|p1a: Milotic
|-heal|p1a: Milotic|242\/393 brn
|
|-weather|none
|-heal|p1a: Milotic|266\/393 brn|[from] item: Leftovers
|-heal|p2a: Gooch|66\/405|[from] item: Leftovers
|-damage|p1a: Milotic|217\/393 brn|[from] brn
|turn|72
|
|switch|p1a: Porygon-Z|Porygon-Z|273\/312
|-damage|p1a: Porygon-Z|234\/312|[from] Stealth Rock
|move|p2a: Gooch|Protect|p2a: Gooch
|-fail|p2a: Gooch
|
|-heal|p2a: Gooch|91\/405|[from] item: Leftovers
|turn|73
|
|move|p2a: Gooch|Protect|p2a: Gooch
|-singleturn|p2a: Gooch|Protect
|move|p1a: Porygon-Z|Thunderbolt|p2a: Gooch
|-activate|p2a: Gooch|Protect
|
|-heal|p2a: Gooch|116\/405|[from] item: Leftovers
|turn|74
|
|switch|p2a: Hungry Hungry|Hippowdon, M|255\/417 tox
|-damage|p2a: Hungry Hungry|229\/417 tox|[from] Stealth Rock
|-weather|Sandstorm
|move|p1a: Porygon-Z|Thunderbolt|p2a: Hungry Hungry
|-immune|p2a: Hungry Hungry|[msg]
|
|-weather|Sandstorm|[upkeep]
|-damage|p1a: Porygon-Z|215\/312|[from] sandstorm
|-heal|p2a: Hungry Hungry|255\/417 tox|[from] item: Leftovers
|-damage|p2a: Hungry Hungry|229\/417 tox|[from] psn
|turn|75
|
|switch|p1a: Milotic|Milotic, M|217\/393 brn
|-damage|p1a: Milotic|168\/393 brn|[from] Stealth Rock
|move|p2a: Hungry Hungry|Slack Off|p2a: Hungry Hungry
|-heal|p2a: Hungry Hungry|417\/417 tox
|
|-weather|Sandstorm|[upkeep]
|-damage|p1a: Milotic|144\/393 brn|[from] sandstorm
|-heal|p1a: Milotic|168\/393 brn|[from] item: Leftovers
|-damage|p1a: Milotic|119\/393 brn|[from] brn
|-damage|p2a: Hungry Hungry|365\/417 tox|[from] psn
|turn|76
|
|move|p1a: Milotic|Recover|p1a: Milotic
|-heal|p1a: Milotic|316\/393 brn
|move|p2a: Hungry Hungry|Earthquake|p1a: Milotic
|-damage|p1a: Milotic|243\/393 brn
|
|-weather|Sandstorm|[upkeep]
|-damage|p1a: Milotic|219\/393 brn|[from] sandstorm
|-heal|p1a: Milotic|243\/393 brn|[from] item: Leftovers
|-heal|p2a: Hungry Hungry|391\/417 tox|[from] item: Leftovers
|-damage|p1a: Milotic|194\/393 brn|[from] brn
|-damage|p2a: Hungry Hungry|313\/417 tox|[from] psn
|turn|77
|
|switch|p2a: KnightsOftheRound|Escavalier, M|343\/343
|-damage|p2a: KnightsOftheRound|301\/343|[from] Stealth Rock
|move|p1a: Milotic|Toxic|p2a: KnightsOftheRound
|-fail|p2a: KnightsOftheRound
|
|-weather|Sandstorm|[upkeep]
|-damage|p1a: Milotic|170\/393 brn|[from] sandstorm
|-heal|p1a: Milotic|194\/393 brn|[from] item: Leftovers
|-heal|p2a: KnightsOftheRound|322\/343|[from] item: Leftovers
|-damage|p1a: Milotic|145\/393 brn|[from] brn
|turn|78
|
|move|p1a: Milotic|Recover|p1a: Milotic
|-heal|p1a: Milotic|342\/393 brn
|move|p2a: KnightsOftheRound|Megahorn|p1a: Milotic
|-damage|p1a: Milotic|233\/393 brn
|
|-weather|none
|-heal|p1a: Milotic|257\/393 brn|[from] item: Leftovers
|-heal|p2a: KnightsOftheRound|343\/343|[from] item: Leftovers
|-damage|p1a: Milotic|208\/393 brn|[from] brn
|turn|79
|
|move|p1a: Milotic|Recover|p1a: Milotic
|-heal|p1a: Milotic|393\/393 brn
|move|p2a: KnightsOftheRound|Iron Head|p1a: Milotic
|-resisted|p1a: Milotic
|-damage|p1a: Milotic|360\/393 brn
|
|-heal|p1a: Milotic|384\/393 brn|[from] item: Leftovers
|-damage|p1a: Milotic|335\/393 brn|[from] brn
|turn|80
|
|move|p1a: Milotic|Haze|p1a: Milotic
|-clearallboost
|move|p2a: KnightsOftheRound|Iron Head|p1a: Milotic
|-resisted|p1a: Milotic
|-damage|p1a: Milotic|299\/393 brn
|
|-heal|p1a: Milotic|323\/393 brn|[from] item: Leftovers
|-damage|p1a: Milotic|274\/393 brn|[from] brn
|turn|81
|
|move|p1a: Milotic|Haze|p1a: Milotic
|-clearallboost
|move|p2a: KnightsOftheRound|Megahorn|p1a: Milotic
|-damage|p1a: Milotic|171\/393 brn
|
|-heal|p1a: Milotic|195\/393 brn|[from] item: Leftovers
|-damage|p1a: Milotic|146\/393 brn|[from] brn
|turn|82
|
|move|p1a: Milotic|Haze|p1a: Milotic
|-clearallboost
|move|p2a: KnightsOftheRound|Megahorn|p1a: Milotic|[miss]
|-miss|p2a: KnightsOftheRound|p1a: Milotic
|
|-heal|p1a: Milotic|170\/393 brn|[from] item: Leftovers
|-damage|p1a: Milotic|121\/393 brn|[from] brn
|turn|83
|
|move|p1a: Milotic|Haze|p1a: Milotic
|-clearallboost
|move|p2a: KnightsOftheRound|Megahorn|p1a: Milotic
|-damage|p1a: Milotic|28\/393 brn
|
|-heal|p1a: Milotic|52\/393 brn|[from] item: Leftovers
|-damage|p1a: Milotic|3\/393 brn|[from] brn
|turn|84
|
|move|p1a: Milotic|Haze|p1a: Milotic
|-clearallboost
|move|p2a: KnightsOftheRound|Iron Head|p1a: Milotic
|-resisted|p1a: Milotic
|-damage|p1a: Milotic|0 fnt
|faint|p1a: Milotic
|
|
|switch|p1a: Porygon-Z|Porygon-Z|215\/312
|-damage|p1a: Porygon-Z|176\/312|[from] Stealth Rock
|turn|85
|
|move|p1a: Porygon-Z|Thunderbolt|p2a: KnightsOftheRound
|-damage|p2a: KnightsOftheRound|263\/343
|move|p2a: KnightsOftheRound|Megahorn|p1a: Porygon-Z
|-damage|p1a: Porygon-Z|0 fnt
|faint|p1a: Porygon-Z
|
|win|Juice Weasel
|raw|Ladder updating...
|raw|Gigi Destined's rating: 1365 &rarr; <strong>1351<\/strong><br \/>(-14 for losing)
|raw|Juice Weasel's rating: 1471 &rarr; <strong>1485<\/strong><br \/>(+14 for winning)
|chat|Gigi Destined|gg
|chat|Juice Weasel|gg
|leave|Gigi Destined
|player|p1