|join|le best around
|join|Juice Weasel
|player|p1|le best around|101
|player|p2|Juice Weasel|172
|gametype|singles
|gen|6
|tier|UU
|rated
|rule|Sleep Clause Mod: Limit one foe put to sleep
|rule|Species Clause: Limit one of each Pokemon
|rule|OHKO Clause: OHKO moves are banned
|rule|Moody Clause: Moody is banned
|rule|Evasion Moves Clause: Evasion moves are banned
|rule|Endless Battle Clause: Forcing endless battles is banned.
|rule|HP Percentage Mod: HP is reported as percentages
|clearpoke
|poke|p1|Chesnaught, F
|poke|p1|Houndoom, F
|poke|p1|Galvantula, M
|poke|p1|Florges, F
|poke|p1|Kingdra, M
|poke|p1|Swampert, M
|poke|p2|Reuniclus, M, shiny
|poke|p2|Flygon, F
|poke|p2|Entei, shiny
|poke|p2|Florges, F, shiny
|poke|p2|Swampert, M
|poke|p2|Toxicroak, M, shiny
|teampreview
|
|start
|switch|p1a: Galvantula|Galvantula, M|281\/281
|switch|p2a: Gogglezz|Flygon, F|301\/301
|turn|1
|
|move|p2a: Gogglezz|Earthquake|p1a: Galvantula
|-damage|p1a: Galvantula|52\/281
|move|p1a: Galvantula|Sticky Web|p2a: Gogglezz
|-sidestart|p2: Juice Weasel|move: Sticky Web
|
|-heal|p1a: Galvantula|69\/281|[from] item: Leftovers
|turn|2
|
|switch|p1a: Chesnaught|Chesnaught, F|319\/319
|move|p2a: Gogglezz|Earthquake|p1a: Chesnaught
|-resisted|p1a: Chesnaught
|-damage|p1a: Chesnaught|277\/319
|
|-heal|p1a: Chesnaught|296\/319|[from] item: Leftovers
|turn|3
|
|switch|p2a: Zim|Reuniclus, M, shiny|422\/422
|-activate|p2a: Zim|move: Sticky Web
|-unboost|p2a: Zim|spe|1
|move|p1a: Chesnaught|Leech Seed|p2a: Zim
|-start|p2a: Zim|move: Leech Seed
|
|-heal|p1a: Chesnaught|315\/319|[from] item: Leftovers
|turn|4
|
|switch|p1a: Florges|Florges, F|329\/329
|move|p2a: Zim|Calm Mind|p2a: Zim
|-boost|p2a: Zim|spa|1
|-boost|p2a: Zim|spd|1
|
|turn|5
|
|move|p1a: Florges|Calm Mind|p1a: Florges
|-boost|p1a: Florges|spa|1
|-boost|p1a: Florges|spd|1
|move|p2a: Zim|Calm Mind|p2a: Zim
|-boost|p2a: Zim|spa|1
|-boost|p2a: Zim|spd|1
|
|turn|6
|
|move|p1a: Florges|Calm Mind|p1a: Florges
|-boost|p1a: Florges|spa|1
|-boost|p1a: Florges|spd|1
|move|p2a: Zim|Psyshock|p1a: Florges
|-damage|p1a: Florges|40\/329
|
|-heal|p1a: Florges|60\/329|[from] item: Leftovers
|turn|7
|
|switch|p1a: Swampert|Swampert, M|373\/373
|move|p2a: Zim|Psyshock|p1a: Swampert
|-damage|p1a: Swampert|183\/373
|
|-heal|p1a: Swampert|206\/373|[from] item: Leftovers
|turn|8
|
|move|p1a: Swampert|Earthquake|p2a: Zim
|-damage|p2a: Zim|290\/422
|move|p2a: Zim|Shadow Ball|p1a: Swampert
|-damage|p1a: Swampert|33\/373
|-unboost|p1a: Swampert|spd|1
|
|-heal|p1a: Swampert|56\/373|[from] item: Leftovers
|-heal|p2a: Zim|316\/422|[from] item: Leftovers
|turn|9
|
|move|p1a: Swampert|Stealth Rock|p2a: Zim
|-sidestart|p2: Juice Weasel|move: Stealth Rock
|move|p2a: Zim|Shadow Ball|p1a: Swampert
|-damage|p1a: Swampert|0 fnt
|faint|p1a: Swampert
|
|-heal|p2a: Zim|342\/422|[from] item: Leftovers
|
|switch|p1a: Houndoom|Houndoom, F|291\/291
|turn|10
|
|switch|p2a: Hemlock|Florges, F, shiny|359\/359
|-damage|p2a: Hemlock|315\/359|[from] Stealth Rock
|-activate|p2a: Hemlock|move: Sticky Web
|-unboost|p2a: Hemlock|spe|1
|-formechange|p1a: Houndoom|Houndoom-Mega
|message|Houndoom has Mega Evolved into Mega Houndoom!
|move|p1a: Houndoom|Dark Pulse|p2a: Hemlock
|-resisted|p2a: Hemlock
|-damage|p2a: Hemlock|261\/359
|
|-heal|p2a: Hemlock|283\/359|[from] item: Leftovers
|turn|11
|
|move|p1a: Houndoom|Will-O-Wisp|p2a: Hemlock
|-status|p2a: Hemlock|brn
|move|p2a: Hemlock|Moonblast|p1a: Houndoom
|-damage|p1a: Houndoom|164\/291
|
|-heal|p2a: Hemlock|305\/359 brn|[from] item: Leftovers
|-damage|p2a: Hemlock|261\/359 brn|[from] brn
|turn|12
|
|move|p1a: Houndoom|Nasty Plot|p1a: Houndoom
|-boost|p1a: Houndoom|spa|2
|move|p2a: Hemlock|Moonblast|p1a: Houndoom
|-damage|p1a: Houndoom|32\/291
|
|-heal|p2a: Hemlock|283\/359 brn|[from] item: Leftovers
|-damage|p2a: Hemlock|239\/359 brn|[from] brn
|turn|13
|
|move|p1a: Houndoom|Flamethrower|p2a: Hemlock
|-damage|p2a: Hemlock|22\/359 brn
|move|p2a: Hemlock|Moonblast|p1a: Houndoom
|-crit|p1a: Houndoom
|-damage|p1a: Houndoom|0 fnt
|faint|p1a: Houndoom
|
|-heal|p2a: Hemlock|44\/359 brn|[from] item: Leftovers
|-damage|p2a: Hemlock|0 fnt|[from] brn
|faint|p2a: Hemlock
|
|switch|p2a: Gogglezz|Flygon, F|301\/301
|-damage|p2a: Gogglezz|283\/301|[from] Stealth Rock
|switch|p1a: Kingdra|Kingdra, M|303\/303
|turn|14
|
|move|p2a: Gogglezz|Defog|p1a: Kingdra
|-unboost|p1a: Kingdra|evasion|1
|-sideend|p2: Juice Weasel|Stealth Rock|[from] move: Defog|[of] p2a: Gogglezz
|-sideend|p2: Juice Weasel|Sticky Web|[from] move: Defog|[of] p2a: Gogglezz
|move|p1a: Kingdra|Ice Beam|p2a: Gogglezz
|-crit|p2a: Gogglezz
|-supereffective|p2a: Gogglezz
|-damage|p2a: Gogglezz|0 fnt
|faint|p2a: Gogglezz
|
|
|switch|p2a: Huckleberry|Toxicroak, M, shiny|307\/307
|turn|15
|
|move|p2a: Huckleberry|Gunk Shot|p1a: Kingdra
|-damage|p1a: Kingdra|87\/303
|-damage|p2a: Huckleberry|277\/307|[from] item: Life Orb
|move|p1a: Kingdra|Scald|p2a: Huckleberry
|-heal|p2a: Huckleberry|307\/307|[from] ability: Dry Skin|[of] p1a: Kingdra
|
|turn|16
|
|move|p2a: Huckleberry|Drain Punch|p1a: Kingdra
|-damage|p1a: Kingdra|0 fnt
|-damage|p2a: Huckleberry|277\/307|[from] item: Life Orb
|faint|p1a: Kingdra
|
|
|switch|p1a: Chesnaught|Chesnaught, F|315\/319
|turn|17
|
|move|p2a: Huckleberry|Gunk Shot|p1a: Chesnaught
|-supereffective|p1a: Chesnaught
|-damage|p1a: Chesnaught|0 fnt
|-damage|p2a: Huckleberry|247\/307|[from] item: Life Orb
|faint|p1a: Chesnaught
|
|
|switch|p1a: Florges|Florges, F|60\/329
|turn|18
|
|move|p2a: Huckleberry|Gunk Shot|p1a: Florges
|-supereffective|p1a: Florges
|-damage|p1a: Florges|0 fnt
|-damage|p2a: Huckleberry|217\/307|[from] item: Life Orb
|faint|p1a: Florges
|
|
|switch|p1a: Galvantula|Galvantula, M|69\/281
|turn|19
|
|move|p2a: Huckleberry|Sucker Punch|p1a: Galvantula
|-crit|p1a: Galvantula
|-damage|p1a: Galvantula|0 fnt
|-damage|p2a: Huckleberry|187\/307|[from] item: Life Orb
|faint|p1a: Galvantula
|
|win|Juice Weasel
|raw|Ladder updating...
|leave|le best around
|player|p1
|raw|Ladder (probably) updated, but score could not be retrieved (timeout).
|raw|Ladder (probably) updated, but score could not be retrieved (Error: socket hang up).