|join|robinXzoro
|join|Juice Weasel
|player|p1|robinXzoro|266
|player|p2|Juice Weasel|172
|gametype|singles
|gen|6
|tier|UU
|rated
|rule|Sleep Clause Mod: Limit one foe put to sleep
|rule|Species Clause: Limit one of each Pokemon
|rule|OHKO Clause: OHKO moves are banned
|rule|Moody Clause: Moody is banned
|rule|Evasion Moves Clause: Evasion moves are banned
|rule|Endless Battle Clause: Forcing endless battles is banned.
|rule|HP Percentage Mod: HP is reported as percentages
|clearpoke
|poke|p1|Ambipom, M
|poke|p1|Manectric, M
|poke|p1|Florges, F
|poke|p1|Mew
|poke|p1|Sableye, M
|poke|p1|Victini
|poke|p2|Slowbro, M
|poke|p2|Aromatisse, F
|poke|p2|Roserade, M
|poke|p2|Escavalier, F
|poke|p2|Aerodactyl, M
|poke|p2|Hippowdon, M
|teampreview
|
|start
|switch|p1a: Mew|Mew|404\/404
|switch|p2a: Hungry Hungry|Hippowdon, M|417\/417
|-weather|Sandstorm
|turn|1
|
|move|p1a: Mew|Stealth Rock|p2a: Hungry Hungry
|-sidestart|p2: Juice Weasel|move: Stealth Rock
|move|p2a: Hungry Hungry|Stealth Rock|p1a: Mew
|-sidestart|p1: robinXzoro|move: Stealth Rock
|
|-weather|Sandstorm|[upkeep]
|-damage|p1a: Mew|379\/404|[from] sandstorm
|-heal|p1a: Mew|404\/404|[from] item: Leftovers
|turn|2
|
|switch|p2a: KnightsOftheRound|Escavalier, F|343\/343
|-damage|p2a: KnightsOftheRound|301\/343|[from] Stealth Rock
|move|p1a: Mew|Will-O-Wisp|p2a: KnightsOftheRound|[miss]
|-miss|p1a: Mew|p2a: KnightsOftheRound
|
|-weather|Sandstorm|[upkeep]
|-damage|p1a: Mew|379\/404|[from] sandstorm
|-heal|p1a: Mew|404\/404|[from] item: Leftovers
|-heal|p2a: KnightsOftheRound|322\/343|[from] item: Leftovers
|turn|3
|
|move|p1a: Mew|Will-O-Wisp|p2a: KnightsOftheRound
|-status|p2a: KnightsOftheRound|brn
|move|p2a: KnightsOftheRound|Megahorn|p1a: Mew
|-supereffective|p1a: Mew
|-damage|p1a: Mew|258\/404
|
|-weather|Sandstorm|[upkeep]
|-damage|p1a: Mew|233\/404|[from] sandstorm
|-heal|p1a: Mew|258\/404|[from] item: Leftovers
|-heal|p2a: KnightsOftheRound|343\/343 brn|[from] item: Leftovers
|-damage|p2a: KnightsOftheRound|301\/343 brn|[from] brn
|turn|4
|
|move|p1a: Mew|Knock Off|p2a: KnightsOftheRound
|-crit|p2a: KnightsOftheRound
|-damage|p2a: KnightsOftheRound|208\/343 brn
|-enditem|p2a: KnightsOftheRound|Leftovers|[from] move: Knock Off|[of] p1a: Mew
|move|p2a: KnightsOftheRound|Rest|p2a: KnightsOftheRound
|-status|p2a: KnightsOftheRound|slp
|-heal|p2a: KnightsOftheRound|343\/343 slp|[silent]
|-status|p2a: KnightsOftheRound|slp|[from] move: Rest
|
|-weather|Sandstorm|[upkeep]
|-damage|p1a: Mew|233\/404|[from] sandstorm
|-heal|p1a: Mew|258\/404|[from] item: Leftovers
|turn|5
|
|move|p1a: Mew|Roost|p1a: Mew
|-heal|p1a: Mew|404\/404
|cant|p2a: KnightsOftheRound|slp
|move|p2a: KnightsOftheRound|Sleep Talk|p2a: KnightsOftheRound
|move|p2a: KnightsOftheRound|Megahorn|p1a: Mew|[from]Sleep Talk
|-supereffective|p1a: Mew
|-damage|p1a: Mew|144\/404
|
|-weather|none
|-heal|p1a: Mew|169\/404|[from] item: Leftovers
|turn|6
|
|move|p1a: Mew|Roost|p1a: Mew
|-heal|p1a: Mew|371\/404
|cant|p2a: KnightsOftheRound|slp
|move|p2a: KnightsOftheRound|Sleep Talk|p2a: KnightsOftheRound
|move|p2a: KnightsOftheRound|Rest|p2a: KnightsOftheRound|[from]Sleep Talk
|-fail|p2a: KnightsOftheRound
|
|-heal|p1a: Mew|396\/404|[from] item: Leftovers
|turn|7
|
|move|p1a: Mew|Knock Off|p2a: KnightsOftheRound
|-damage|p2a: KnightsOftheRound|296\/343 slp
|-curestatus|p2a: KnightsOftheRound|slp
|move|p2a: KnightsOftheRound|Megahorn|p1a: Mew
|-supereffective|p1a: Mew
|-damage|p1a: Mew|118\/404
|
|-heal|p1a: Mew|143\/404|[from] item: Leftovers
|turn|8
|
|move|p1a: Mew|Will-O-Wisp|p2a: KnightsOftheRound
|-status|p2a: KnightsOftheRound|brn
|move|p2a: KnightsOftheRound|Megahorn|p1a: Mew|[miss]
|-miss|p2a: KnightsOftheRound|p1a: Mew
|
|-heal|p1a: Mew|168\/404|[from] item: Leftovers
|-damage|p2a: KnightsOftheRound|254\/343 brn|[from] brn
|turn|9
|
|move|p1a: Mew|Roost|p1a: Mew
|-heal|p1a: Mew|370\/404
|move|p2a: KnightsOftheRound|Rest|p2a: KnightsOftheRound
|-status|p2a: KnightsOftheRound|slp
|-heal|p2a: KnightsOftheRound|343\/343 slp|[silent]
|-status|p2a: KnightsOftheRound|slp|[from] move: Rest
|
|-heal|p1a: Mew|395\/404|[from] item: Leftovers
|turn|10
|
|move|p1a: Mew|Knock Off|p2a: KnightsOftheRound
|-damage|p2a: KnightsOftheRound|297\/343 slp
|cant|p2a: KnightsOftheRound|slp
|move|p2a: KnightsOftheRound|Sleep Talk|p2a: KnightsOftheRound
|move|p2a: KnightsOftheRound|Rest|p2a: KnightsOftheRound|[from]Sleep Talk
|-fail|p2a: KnightsOftheRound
|
|-heal|p1a: Mew|404\/404|[from] item: Leftovers
|turn|11
|chat|Juice Weasel|you are a stubborn bastard. you know i'm going to win this 1v1 right?
|
|move|p1a: Mew|Knock Off|p2a: KnightsOftheRound
|-damage|p2a: KnightsOftheRound|250\/343 slp
|cant|p2a: KnightsOftheRound|slp
|move|p2a: KnightsOftheRound|Sleep Talk|p2a: KnightsOftheRound
|move|p2a: KnightsOftheRound|Rest|p2a: KnightsOftheRound|[from]Sleep Talk
|-fail|p2a: KnightsOftheRound
|
|turn|12
|chat|robinXzoro|well i hope not :p
|
|move|p1a: Mew|Knock Off|p2a: KnightsOftheRound
|-damage|p2a: KnightsOftheRound|205\/343 slp
|-curestatus|p2a: KnightsOftheRound|slp
|move|p2a: KnightsOftheRound|Megahorn|p1a: Mew
|-supereffective|p1a: Mew
|-damage|p1a: Mew|126\/404
|
|-heal|p1a: Mew|151\/404|[from] item: Leftovers
|turn|13
|
|move|p1a: Mew|Will-O-Wisp|p2a: KnightsOftheRound|[miss]
|-miss|p1a: Mew|p2a: KnightsOftheRound
|move|p2a: KnightsOftheRound|Megahorn|p1a: Mew
|-supereffective|p1a: Mew
|-damage|p1a: Mew|0 fnt
|faint|p1a: Mew
|
|chat|Juice Weasel|voila
|chat|robinXzoro|ok you won :d
|
|switch|p1a: Manectric|Manectric, M|281\/281
|-damage|p1a: Manectric|246\/281|[from] Stealth Rock
|turn|14
|
|switch|p2a: Hungry Hungry|Hippowdon, M|417\/417
|-damage|p2a: Hungry Hungry|391\/417|[from] Stealth Rock
|-weather|Sandstorm
|-formechange|p1a: Manectric|Manectric-Mega
|message|Manectric has Mega Evolved into Mega Manectric!
|-ability|p1a: Manectric|Intimidate|[of] p2a: Hungry Hungry
|-unboost|p2a: Hungry Hungry|atk|1
|move|p1a: Manectric|Hidden Power|p2a: Hungry Hungry
|-supereffective|p2a: Hungry Hungry
|-damage|p2a: Hungry Hungry|249\/417
|
|-weather|Sandstorm|[upkeep]
|-damage|p1a: Manectric|229\/281|[from] sandstorm
|-heal|p2a: Hungry Hungry|275\/417|[from] item: Leftovers
|turn|15
|
|switch|p1a: Sableye|Sableye, M|304\/304
|-damage|p1a: Sableye|266\/304|[from] Stealth Rock
|move|p2a: Hungry Hungry|Slack Off|p2a: Hungry Hungry
|-heal|p2a: Hungry Hungry|417\/417
|
|-weather|Sandstorm|[upkeep]
|-damage|p1a: Sableye|247\/304|[from] sandstorm
|-heal|p1a: Sableye|266\/304|[from] item: Leftovers
|turn|16
|
|switch|p2a: KnightsOftheRound|Escavalier, F|205\/343
|-damage|p2a: KnightsOftheRound|163\/343|[from] Stealth Rock
|move|p1a: Sableye|Toxic|p2a: KnightsOftheRound|[miss]
|-miss|p1a: Sableye|p2a: KnightsOftheRound
|
|-weather|Sandstorm|[upkeep]
|-damage|p1a: Sableye|247\/304|[from] sandstorm
|-heal|p1a: Sableye|266\/304|[from] item: Leftovers
|turn|17
|
|move|p1a: Sableye|Will-O-Wisp|p2a: KnightsOftheRound
|-status|p2a: KnightsOftheRound|brn
|move|p2a: KnightsOftheRound|Rest|p2a: KnightsOftheRound
|-status|p2a: KnightsOftheRound|slp
|-heal|p2a: KnightsOftheRound|343\/343 slp|[silent]
|-status|p2a: KnightsOftheRound|slp|[from] move: Rest
|
|-weather|Sandstorm|[upkeep]
|-damage|p1a: Sableye|247\/304|[from] sandstorm
|-heal|p1a: Sableye|266\/304|[from] item: Leftovers
|turn|18
|
|switch|p1a: Victini|Victini|341\/341
|-damage|p1a: Victini|256\/341|[from] Stealth Rock
|cant|p2a: KnightsOftheRound|slp
|move|p2a: KnightsOftheRound|Sleep Talk|p2a: KnightsOftheRound
|move|p2a: KnightsOftheRound|Megahorn|p1a: Victini|[from]Sleep Talk
|-damage|p1a: Victini|57\/341
|
|-weather|none
|turn|19
|
|switch|p2a: Short Bus|Slowbro, M|393\/393
|-damage|p2a: Short Bus|344\/393|[from] Stealth Rock
|move|p1a: Victini|V-create|p2a: Short Bus
|-resisted|p2a: Short Bus
|-damage|p2a: Short Bus|257\/393
|-unboost|p1a: Victini|def|1
|-unboost|p1a: Victini|spd|1
|-unboost|p1a: Victini|spe|1
|
|-heal|p2a: Short Bus|281\/393|[from] item: Leftovers
|turn|20
|chat|robinXzoro|you are gonna win this match :)
|
|switch|p1a: Florges|Florges, F|360\/360
|-damage|p1a: Florges|315\/360|[from] Stealth Rock
|move|p2a: Short Bus|Scald|p1a: Florges
|-damage|p1a: Florges|264\/360
|-status|p1a: Florges|brn
|
|-heal|p1a: Florges|286\/360 brn|[from] item: Leftovers
|-heal|p2a: Short Bus|305\/393|[from] item: Leftovers
|-damage|p1a: Florges|241\/360 brn|[from] brn
|turn|21
|chat|Juice Weasel|its not over yet
|
|switch|p2a: KnightsOftheRound|Escavalier, F|343\/343 slp
|-damage|p2a: KnightsOftheRound|301\/343 slp|[from] Stealth Rock
|move|p1a: Florges|Moonblast|p2a: KnightsOftheRound
|-resisted|p2a: KnightsOftheRound
|-damage|p2a: KnightsOftheRound|253\/343 slp
|-unboost|p2a: KnightsOftheRound|spa|1
|
|-heal|p1a: Florges|263\/360 brn|[from] item: Leftovers
|-damage|p1a: Florges|218\/360 brn|[from] brn
|turn|22
|chat|robinXzoro|ooh it is :d
|chat|robinXzoro|but I'll play till the end :)
|chat|Juice Weasel|:P
|
|move|p1a: Florges|Aromatherapy|p1a: Florges
|-cureteam|p1a: Florges|[from] move: Aromatherapy
|cant|p2a: KnightsOftheRound|slp
|move|p2a: KnightsOftheRound|Sleep Talk|p2a: KnightsOftheRound
|move|p2a: KnightsOftheRound|Iron Head|p1a: Florges|[from]Sleep Talk
|-supereffective|p1a: Florges
|-damage|p1a: Florges|0 fnt
|faint|p1a: Florges
|
|
|switch|p1a: Ambipom|Ambipom, M|291\/291
|-damage|p1a: Ambipom|255\/291|[from] Stealth Rock
|turn|23
|
|move|p1a: Ambipom|Fake Out|p2a: KnightsOftheRound
|-crit|p2a: KnightsOftheRound
|-resisted|p2a: KnightsOftheRound
|-damage|p2a: KnightsOftheRound|176\/343 slp
|-damage|p1a: Ambipom|226\/291|[from] item: Life Orb
|-curestatus|p2a: KnightsOftheRound|slp
|cant|p2a: KnightsOftheRound|flinch
|
|turn|24
|
|move|p1a: Ambipom|Aerial Ace|p2a: KnightsOftheRound
|-crit|p2a: KnightsOftheRound
|-damage|p2a: KnightsOftheRound|25\/343
|-damage|p1a: Ambipom|197\/291|[from] item: Life Orb
|move|p2a: KnightsOftheRound|Rest|p2a: KnightsOftheRound
|-status|p2a: KnightsOftheRound|slp
|-heal|p2a: KnightsOftheRound|343\/343 slp|[silent]
|-status|p2a: KnightsOftheRound|slp|[from] move: Rest
|
|turn|25
|
|move|p1a: Ambipom|Aerial Ace|p2a: KnightsOftheRound
|-damage|p2a: KnightsOftheRound|234\/343 slp
|-damage|p1a: Ambipom|168\/291|[from] item: Life Orb
|cant|p2a: KnightsOftheRound|slp
|move|p2a: KnightsOftheRound|Sleep Talk|p2a: KnightsOftheRound
|move|p2a: KnightsOftheRound|Megahorn|p1a: Ambipom|[from]Sleep Talk
|-damage|p1a: Ambipom|0 fnt
|faint|p1a: Ambipom
|
|
|switch|p1a: Manectric|Manectric, M|229\/281
|-formechange|p1a: Manectric|Manectric-Mega
|-damage|p1a: Manectric|194\/281|[from] Stealth Rock
|-ability|p1a: Manectric|Intimidate|[of] p2a: KnightsOftheRound
|-unboost|p2a: KnightsOftheRound|atk|1
|turn|26
|
|switch|p2a: Hungry Hungry|Hippowdon, M|417\/417
|-damage|p2a: Hungry Hungry|391\/417|[from] Stealth Rock
|-weather|Sandstorm
|move|p1a: Manectric|Hidden Power|p2a: Hungry Hungry
|-supereffective|p2a: Hungry Hungry
|-damage|p2a: Hungry Hungry|271\/417
|
|-weather|Sandstorm|[upkeep]
|-damage|p1a: Manectric|177\/281|[from] sandstorm
|-heal|p2a: Hungry Hungry|297\/417|[from] item: Leftovers
|turn|27
|
|move|p1a: Manectric|Hidden Power|p2a: Hungry Hungry
|-supereffective|p2a: Hungry Hungry
|-damage|p2a: Hungry Hungry|165\/417
|move|p2a: Hungry Hungry|Earthquake|p1a: Manectric
|-supereffective|p1a: Manectric
|-damage|p1a: Manectric|0 fnt
|faint|p1a: Manectric
|
|-weather|Sandstorm|[upkeep]
|-heal|p2a: Hungry Hungry|191\/417|[from] item: Leftovers
|
|switch|p1a: Victini|Victini|57\/341
|-damage|p1a: Victini|0 fnt|[from] Stealth Rock
|faint|p1a: Victini
|
|switch|p1a: Sableye|Sableye, M|266\/304
|-damage|p1a: Sableye|228\/304|[from] Stealth Rock
|turn|28
|
|switch|p2a: KnightsOftheRound|Escavalier, F|234\/343 slp
|-damage|p2a: KnightsOftheRound|192\/343 slp|[from] Stealth Rock
|move|p1a: Sableye|Toxic|p2a: KnightsOftheRound
|-fail|p2a: KnightsOftheRound
|
|-weather|Sandstorm|[upkeep]
|-damage|p1a: Sableye|209\/304|[from] sandstorm
|-heal|p1a: Sableye|228\/304|[from] item: Leftovers
|turn|29
|
|move|p1a: Sableye|Foul Play|p2a: KnightsOftheRound
|-damage|p2a: KnightsOftheRound|74\/343 slp
|cant|p2a: KnightsOftheRound|slp
|move|p2a: KnightsOftheRound|Sleep Talk|p2a: KnightsOftheRound
|move|p2a: KnightsOftheRound|Rest|p2a: KnightsOftheRound|[from]Sleep Talk
|-fail|p2a: KnightsOftheRound
|
|-weather|Sandstorm|[upkeep]
|-damage|p1a: Sableye|209\/304|[from] sandstorm
|-heal|p1a: Sableye|228\/304|[from] item: Leftovers
|turn|30
|
|move|p1a: Sableye|Foul Play|p2a: KnightsOftheRound
|-damage|p2a: KnightsOftheRound|0 fnt
|faint|p2a: KnightsOftheRound
|
|-weather|none
|-heal|p1a: Sableye|247\/304|[from] item: Leftovers
|
|switch|p2a: Highgarden|Roserade, M|261\/261
|-damage|p2a: Highgarden|229\/261|[from] Stealth Rock
|turn|31
|
|move|p1a: Sableye|Will-O-Wisp|p2a: Highgarden
|-status|p2a: Highgarden|brn
|move|p2a: Highgarden|Sleep Powder|p1a: Sableye|[miss]
|-miss|p2a: Highgarden|p1a: Sableye
|
|-heal|p1a: Sableye|266\/304|[from] item: Leftovers
|-damage|p2a: Highgarden|197\/261 brn|[from] brn
|turn|32
|
|move|p2a: Highgarden|Giga Drain|p1a: Sableye
|-damage|p1a: Sableye|114\/304
|-heal|p2a: Highgarden|261\/261 brn|[from] drain|[of] p1a: Sableye
|-damage|p2a: Highgarden|235\/261 brn|[from] item: Life Orb
|move|p1a: Sableye|Foul Play|p2a: Highgarden
|-damage|p2a: Highgarden|138\/261 brn
|
|-heal|p1a: Sableye|133\/304|[from] item: Leftovers
|-damage|p2a: Highgarden|106\/261 brn|[from] brn
|turn|33
|
|move|p2a: Highgarden|Sleep Powder|p1a: Sableye|[miss]
|-miss|p2a: Highgarden|p1a: Sableye
|move|p1a: Sableye|Foul Play|p2a: Highgarden
|-damage|p2a: Highgarden|4\/261 brn
|
|-heal|p1a: Sableye|152\/304|[from] item: Leftovers
|-damage|p2a: Highgarden|0 fnt|[from] brn
|faint|p2a: Highgarden
|
|switch|p2a: Gooch|Aromatisse, F|405\/405
|-damage|p2a: Gooch|355\/405|[from] Stealth Rock
|turn|34
|
|move|p1a: Sableye|Toxic|p2a: Gooch|[miss]
|-miss|p1a: Sableye|p2a: Gooch
|move|p2a: Gooch|Moonblast|p1a: Sableye
|-supereffective|p1a: Sableye
|-damage|p1a: Sableye|0 fnt
|faint|p1a: Sableye
|
|win|Juice Weasel
|raw|Ladder updating...
|chat|Juice Weasel|gg
|chat|robinXzoro|gg
|raw|Ladder (probably) updated, but score could not be retrieved (timeout).
|raw|Ladder (probably) updated, but score could not be retrieved (Error: socket hang up).
|leave|robinXzoro
|player|p1