|join|Juice Weasel
|join|hopps
|player|p1|Juice Weasel|172
|player|p2|hopps|169
|gametype|singles
|gen|6
|tier|UU
|rated
|rule|Sleep Clause Mod: Limit one foe put to sleep
|rule|Species Clause: Limit one of each Pokemon
|rule|OHKO Clause: OHKO moves are banned
|rule|Moody Clause: Moody is banned
|rule|Evasion Moves Clause: Evasion moves are banned
|rule|Endless Battle Clause: Forcing endless battles is banned.
|rule|HP Percentage Mod: HP is reported as percentages
|clearpoke
|poke|p1|Reuniclus, M, shiny
|poke|p1|Flygon, M
|poke|p1|Entei, shiny
|poke|p1|Florges, F, shiny
|poke|p1|Swampert, M
|poke|p1|Toxicroak, M, shiny
|poke|p2|Nidoking, M
|poke|p2|Darmanitan, M
|poke|p2|Manectric, M
|poke|p2|Flygon, M
|poke|p2|Galvantula, M
|poke|p2|Alomomola, F
|teampreview
|
|start
|switch|p1a: Gogglezz|Flygon, M|301\/301
|switch|p2a: Galvantula|Galvantula, M|281\/281
|turn|1
|
|move|p1a: Gogglezz|Earthquake|p2a: Galvantula
|-damage|p2a: Galvantula|44\/281
|move|p2a: Galvantula|Sticky Web|p1a: Gogglezz
|-sidestart|p1: Juice Weasel|move: Sticky Web
|
|turn|2
|
|switch|p2a: Flygon|Flygon, M|301\/301
|move|p1a: Gogglezz|Earthquake|p2a: Flygon
|-immune|p2a: Flygon|[msg]
|
|turn|3
|
|switch|p1a: Hemlock|Florges, F, shiny|359\/359
|-activate|p1a: Hemlock|move: Sticky Web
|-unboost|p1a: Hemlock|spe|1
|move|p2a: Flygon|Earthquake|p1a: Hemlock
|-damage|p1a: Hemlock|160\/359
|-damage|p2a: Flygon|271\/301|[from] item: Life Orb
|
|-heal|p1a: Hemlock|182\/359|[from] item: Leftovers
|turn|4
|
|switch|p1a: Elbow Pads|Swampert, M|403\/403
|-activate|p1a: Elbow Pads|move: Sticky Web
|-unboost|p1a: Elbow Pads|spe|1
|move|p2a: Flygon|Earthquake|p1a: Elbow Pads
|-damage|p1a: Elbow Pads|247\/403
|-damage|p2a: Flygon|241\/301|[from] item: Life Orb
|
|-heal|p1a: Elbow Pads|272\/403|[from] item: Leftovers
|turn|5
|
|move|p2a: Flygon|U-turn|p1a: Elbow Pads
|-damage|p1a: Elbow Pads|197\/403
|-damage|p2a: Flygon|211\/301|[from] item: Life Orb
|
|switch|p2a: Alomomola|Alomomola, F|534\/534
|move|p1a: Elbow Pads|Scald|p2a: Alomomola
|-resisted|p2a: Alomomola
|-damage|p2a: Alomomola|485\/534
|-status|p2a: Alomomola|brn
|
|-heal|p2a: Alomomola|518\/534 brn|[from] item: Leftovers
|-heal|p1a: Elbow Pads|222\/403|[from] item: Leftovers
|-damage|p2a: Alomomola|452\/534 brn|[from] brn
|turn|6
|
|switch|p1a: Hemlock|Florges, F, shiny|182\/359
|-activate|p1a: Hemlock|move: Sticky Web
|-unboost|p1a: Hemlock|spe|1
|move|p2a: Alomomola|Toxic|p1a: Hemlock
|-status|p1a: Hemlock|tox
|
|-heal|p2a: Alomomola|485\/534 brn|[from] item: Leftovers
|-heal|p1a: Hemlock|204\/359 tox|[from] item: Leftovers
|-damage|p2a: Alomomola|419\/534 brn|[from] brn
|-damage|p1a: Hemlock|182\/359 tox|[from] psn
|turn|7
|
|switch|p2a: Flygon|Flygon, M|211\/301
|move|p1a: Hemlock|Wish|p1a: Hemlock
|
|-heal|p1a: Hemlock|204\/359 tox|[from] item: Leftovers
|-damage|p1a: Hemlock|160\/359 tox|[from] psn
|turn|8
|
|move|p1a: Hemlock|Protect|p1a: Hemlock
|-singleturn|p1a: Hemlock|Protect
|move|p2a: Flygon|Earthquake|p1a: Hemlock
|-activate|p1a: Hemlock|Protect
|
|-heal|p1a: Hemlock|339\/359 tox|[from] move: Wish|[wisher] Hemlock
|-heal|p1a: Hemlock|359\/359 tox|[from] item: Leftovers
|-damage|p1a: Hemlock|293\/359 tox|[from] psn
|turn|9
|
|move|p2a: Flygon|U-turn|p1a: Hemlock
|-resisted|p1a: Hemlock
|-damage|p1a: Hemlock|249\/359 tox
|-damage|p2a: Flygon|181\/301|[from] item: Life Orb
|
|switch|p2a: Nidoking|Nidoking, M|304\/304
|move|p1a: Hemlock|Moonblast|p2a: Nidoking
|-resisted|p2a: Nidoking
|-damage|p2a: Nidoking|225\/304
|
|-heal|p1a: Hemlock|271\/359 tox|[from] item: Leftovers
|-damage|p1a: Hemlock|183\/359 tox|[from] psn
|turn|10
|
|switch|p1a: Gogglezz|Flygon, M|301\/301
|move|p2a: Nidoking|Sludge Bomb|p1a: Gogglezz
|-resisted|p1a: Gogglezz
|-damage|p1a: Gogglezz|205\/301
|
|turn|11
|
|switch|p2a: Alomomola|Alomomola, F|534\/534 brn
|move|p1a: Gogglezz|Defog|p2a: Alomomola
|-unboost|p2a: Alomomola|evasion|1
|-sideend|p1: Juice Weasel|Sticky Web|[from] move: Defog|[of] p1a: Gogglezz
|
|-damage|p2a: Alomomola|468\/534 brn|[from] brn
|turn|12
|
|switch|p1a: Huckleberry|Toxicroak, M, shiny|307\/307
|switch|p2a: Galvantula|Galvantula, M|44\/281
|
|turn|13
|
|move|p2a: Galvantula|Sticky Web|p1a: Huckleberry
|-sidestart|p1: Juice Weasel|move: Sticky Web
|move|p1a: Huckleberry|Drain Punch|p2a: Galvantula
|-resisted|p2a: Galvantula
|-damage|p2a: Galvantula|0 fnt
|-damage|p1a: Huckleberry|277\/307|[from] item: Life Orb
|faint|p2a: Galvantula
|
|
|switch|p2a: Flygon|Flygon, M|181\/301
|turn|14
|
|switch|p1a: Gogglezz|Flygon, M|205\/301
|move|p2a: Flygon|U-turn|p1a: Gogglezz
|-damage|p1a: Gogglezz|85\/301
|-damage|p2a: Flygon|151\/301|[from] item: Life Orb
|
|switch|p2a: Alomomola|Alomomola, F|534\/534 brn
|
|-damage|p2a: Alomomola|468\/534 brn|[from] brn
|turn|15
|
|move|p1a: Gogglezz|Defog|p2a: Alomomola
|-unboost|p2a: Alomomola|evasion|1
|-sideend|p1: Juice Weasel|Sticky Web|[from] move: Defog|[of] p1a: Gogglezz
|move|p2a: Alomomola|Toxic|p1a: Gogglezz|[miss]
|-miss|p2a: Alomomola|p1a: Gogglezz
|
|-heal|p2a: Alomomola|501\/534 brn|[from] item: Leftovers
|-damage|p2a: Alomomola|435\/534 brn|[from] brn
|turn|16
|
|switch|p1a: Huckleberry|Toxicroak, M, shiny|277\/307
|switch|p2a: Nidoking|Nidoking, M|225\/304
|
|turn|17
|
|move|p1a: Huckleberry|Sucker Punch|p2a: Nidoking
|-crit|p2a: Nidoking
|-damage|p2a: Nidoking|24\/304
|-damage|p1a: Huckleberry|247\/307|[from] item: Life Orb
|move|p2a: Nidoking|Earth Power|p1a: Huckleberry
|-supereffective|p1a: Huckleberry
|-damage|p1a: Huckleberry|0 fnt
|faint|p1a: Huckleberry
|
|
|switch|p1a: Mufasa|Entei, shiny|371\/371
|-ability|p1a: Mufasa|Pressure
|turn|18
|
|switch|p2a: Alomomola|Alomomola, F|534\/534 brn
|move|p1a: Mufasa|Extreme Speed|p2a: Alomomola
|-damage|p2a: Alomomola|353\/534 brn
|
|-heal|p2a: Alomomola|386\/534 brn|[from] item: Leftovers
|-damage|p2a: Alomomola|320\/534 brn|[from] brn
|turn|19
|
|switch|p1a: Zim|Reuniclus, M, shiny|422\/422
|move|p2a: Alomomola|Wish|p2a: Alomomola
|
|-heal|p2a: Alomomola|353\/534 brn|[from] item: Leftovers
|-damage|p2a: Alomomola|287\/534 brn|[from] brn
|turn|20
|
|switch|p2a: Flygon|Flygon, M|151\/301
|move|p1a: Zim|Psyshock|p2a: Flygon
|-damage|p2a: Flygon|15\/301
|
|-heal|p2a: Flygon|282\/301|[from] move: Wish|[wisher] Alomomola
|turn|21
|
|move|p2a: Flygon|U-turn|p1a: Zim
|-supereffective|p1a: Zim
|-damage|p1a: Zim|237\/422
|-damage|p2a: Flygon|252\/301|[from] item: Life Orb
|
|switch|p2a: Nidoking|Nidoking, M|24\/304
|move|p1a: Zim|Recover|p1a: Zim
|-heal|p1a: Zim|422\/422
|
|turn|22
|
|move|p2a: Nidoking|Shadow Ball|p1a: Zim
|-supereffective|p1a: Zim
|-damage|p1a: Zim|184\/422
|move|p1a: Zim|Psyshock|p2a: Nidoking
|-supereffective|p2a: Nidoking
|-damage|p2a: Nidoking|0 fnt
|faint|p2a: Nidoking
|
|-heal|p1a: Zim|210\/422|[from] item: Leftovers
|
|switch|p2a: Darmanitan|Darmanitan, M|352\/352
|turn|23
|
|switch|p1a: Elbow Pads|Swampert, M|222\/403
|move|p2a: Darmanitan|U-turn|p1a: Elbow Pads
|-damage|p1a: Elbow Pads|125\/403
|
|switch|p2a: Manectric|Manectric, M|282\/282
|
|-heal|p1a: Elbow Pads|150\/403|[from] item: Leftovers
|turn|24
|
|-formechange|p2a: Manectric|Manectric-Mega
|message|Manectric has Mega Evolved into Mega Manectric!
|-ability|p2a: Manectric|Intimidate|[of] p1a: Elbow Pads
|-unboost|p1a: Elbow Pads|atk|1
|move|p2a: Manectric|Hidden Power|p1a: Elbow Pads
|-supereffective|p1a: Elbow Pads
|-damage|p1a: Elbow Pads|0 fnt
|faint|p1a: Elbow Pads
|
|
|switch|p1a: Hemlock|Florges, F, shiny|183\/359 tox
|turn|25
|
|switch|p2a: Darmanitan|Darmanitan, M|352\/352
|move|p1a: Hemlock|Wish|p1a: Hemlock
|
|-heal|p1a: Hemlock|205\/359 tox|[from] item: Leftovers
|-damage|p1a: Hemlock|183\/359 tox|[from] psn
|turn|26
|
|move|p1a: Hemlock|Protect|p1a: Hemlock
|-singleturn|p1a: Hemlock|Protect
|move|p2a: Darmanitan|U-turn|p1a: Hemlock
|-activate|p1a: Hemlock|Protect
|
|-heal|p1a: Hemlock|359\/359 tox|[from] move: Wish|[wisher] Hemlock
|-damage|p1a: Hemlock|315\/359 tox|[from] psn
|turn|27
|
|move|p2a: Darmanitan|U-turn|p1a: Hemlock
|-resisted|p1a: Hemlock
|-damage|p1a: Hemlock|256\/359 tox
|
|switch|p2a: Alomomola|Alomomola, F|465\/534 brn
|move|p1a: Hemlock|Moonblast|p2a: Alomomola
|-damage|p2a: Alomomola|333\/534 brn
|-unboost|p2a: Alomomola|spa|1
|
|-heal|p1a: Hemlock|278\/359 tox|[from] item: Leftovers
|-heal|p2a: Alomomola|366\/534 brn|[from] item: Leftovers
|-damage|p1a: Hemlock|212\/359 tox|[from] psn
|-damage|p2a: Alomomola|300\/534 brn|[from] brn
|turn|28
|
|move|p1a: Hemlock|Wish|p1a: Hemlock
|move|p2a: Alomomola|Wish|p2a: Alomomola
|
|-heal|p1a: Hemlock|234\/359 tox|[from] item: Leftovers
|-heal|p2a: Alomomola|333\/534 brn|[from] item: Leftovers
|-damage|p1a: Hemlock|146\/359 tox|[from] psn
|-damage|p2a: Alomomola|267\/534 brn|[from] brn
|turn|29
|
|switch|p1a: Gogglezz|Flygon, M|85\/301
|switch|p2a: Flygon|Flygon, M|252\/301
|
|-heal|p1a: Gogglezz|264\/301|[from] move: Wish|[wisher] Hemlock
|-heal|p2a: Flygon|301\/301|[from] move: Wish|[wisher] Alomomola
|turn|30
|
|switch|p2a: Alomomola|Alomomola, F|445\/534 brn
|move|p1a: Gogglezz|Outrage|p2a: Alomomola
|-damage|p2a: Alomomola|219\/534 brn
|
|-heal|p2a: Alomomola|252\/534 brn|[from] item: Leftovers
|-damage|p2a: Alomomola|186\/534 brn|[from] brn
|turn|31
|
|move|p2a: Alomomola|Protect|p2a: Alomomola
|-singleturn|p2a: Alomomola|Protect
|move|p1a: Gogglezz|Outrage|p2a: Alomomola
|-activate|p2a: Alomomola|Protect
|
|-heal|p2a: Alomomola|219\/534 brn|[from] item: Leftovers
|-damage|p2a: Alomomola|153\/534 brn|[from] brn
|turn|32
|
|move|p1a: Gogglezz|Outrage|p2a: Alomomola
|-damage|p2a: Alomomola|0 fnt
|faint|p2a: Alomomola
|
|
|switch|p2a: Flygon|Flygon, M|301\/301
|turn|33
|
|move|p1a: Gogglezz|Outrage|p2a: Flygon
|-supereffective|p2a: Flygon
|-damage|p2a: Flygon|0 fnt
|faint|p2a: Flygon
|
|
|switch|p2a: Darmanitan|Darmanitan, M|352\/352
|turn|34
|
|move|p1a: Gogglezz|Outrage|p2a: Darmanitan
|-damage|p2a: Darmanitan|63\/352
|move|p2a: Darmanitan|Fire Punch|p1a: Gogglezz
|-resisted|p1a: Gogglezz
|-damage|p1a: Gogglezz|106\/301
|
|-end|p1a: Gogglezz|rampage
|-start|p1a: Gogglezz|confusion
|turn|35
|
|switch|p1a: Mufasa|Entei, shiny|371\/371
|-ability|p1a: Mufasa|Pressure
|move|p2a: Darmanitan|Fire Punch|p1a: Mufasa
|-resisted|p1a: Mufasa
|-damage|p1a: Mufasa|213\/371
|
|turn|36
|
|move|p1a: Mufasa|Extreme Speed|p2a: Darmanitan
|-damage|p2a: Darmanitan|0 fnt
|faint|p2a: Darmanitan
|
|
|switch|p2a: Manectric|Manectric, M|282\/282
|-formechange|p2a: Manectric|Manectric-Mega
|-ability|p2a: Manectric|Intimidate|[of] p1a: Mufasa
|-unboost|p1a: Mufasa|atk|1
|turn|37
|
|move|p1a: Mufasa|Extreme Speed|p2a: Manectric
|-damage|p2a: Manectric|167\/282
|move|p2a: Manectric|Thunderbolt|p1a: Mufasa
|-damage|p1a: Mufasa|0 fnt
|faint|p1a: Mufasa
|
|
|switch|p1a: Gogglezz|Flygon, M|106\/301
|turn|38
|
|move|p1a: Gogglezz|Earthquake|p2a: Manectric
|-supereffective|p2a: Manectric
|-damage|p2a: Manectric|0 fnt
|faint|p2a: Manectric
|
|win|Juice Weasel
|raw|Ladder updating...
|raw|Juice Weasel's rating: 1396 &rarr; <strong>1408<\/strong><br \/>(+12 for winning)
|raw|hopps's rating: 1262 &rarr; <strong>1246<\/strong><br \/>(-16 for losing)