|join|Juice Weasel
|join|Aquabob
|player|p1|Juice Weasel|172
|player|p2|Aquabob|52
|gametype|singles
|gen|6
|tier|UU
|rated
|rule|Sleep Clause Mod: Limit one foe put to sleep
|rule|Species Clause: Limit one of each Pokemon
|rule|OHKO Clause: OHKO moves are banned
|rule|Moody Clause: Moody is banned
|rule|Evasion Moves Clause: Evasion moves are banned
|rule|Endless Battle Clause: Forcing endless battles is banned.
|rule|HP Percentage Mod: HP is reported as percentages
|clearpoke
|poke|p1|Alakazam, F
|poke|p1|Arcanine, F
|poke|p1|Florges, F
|poke|p1|Doublade, M
|poke|p1|Hitmonlee, M
|poke|p1|Jirachi
|poke|p2|Blastoise, M
|poke|p2|Azelf
|poke|p2|Arcanine, F
|poke|p2|Chesnaught, F
|poke|p2|Hydreigon, F
|poke|p2|Metagross
|teampreview
|
|start
|switch|p1a: Venetia Shield|Doublade, M|322\/322
|switch|p2a: Azelf|Azelf|291\/291
|turn|1
|
|move|p2a: Azelf|U-turn|p1a: Venetia Shield
|-resisted|p1a: Venetia Shield
|-damage|p1a: Venetia Shield|313\/322
|
|switch|p2a: Arcanine|Arcanine, F|384\/384
|-ability|p2a: Arcanine|Intimidate|[of] p1a: Venetia Shield
|-unboost|p1a: Venetia Shield|atk|1
|move|p1a: Venetia Shield|Gyro Ball|p2a: Arcanine
|-resisted|p2a: Arcanine
|-damage|p2a: Arcanine|325\/384
|
|-heal|p2a: Arcanine|349\/384|[from] item: Leftovers
|turn|2
|
|switch|p1a: Lionheart|Arcanine, F|383\/383
|-ability|p1a: Lionheart|Intimidate|[of] p2a: Arcanine
|-unboost|p2a: Arcanine|atk|1
|move|p2a: Arcanine|Will-O-Wisp|p1a: Lionheart|[miss]
|-miss|p2a: Arcanine|p1a: Lionheart
|
|-heal|p2a: Arcanine|373\/384|[from] item: Leftovers
|turn|3
|
|switch|p2a: Blastoise|Blastoise, M|362\/362
|move|p1a: Lionheart|Will-O-Wisp|p2a: Blastoise
|-status|p2a: Blastoise|brn
|
|-damage|p2a: Blastoise|317\/362 brn|[from] brn
|turn|4
|
|switch|p1a: Freya|Florges, F|360\/360
|detailschange|p2a: Blastoise|Blastoise-Mega, M
|message|Blastoise has Mega Evolved into Mega Blastoise!
|move|p2a: Blastoise|Water Pulse|p1a: Freya
|-damage|p1a: Freya|239\/360
|
|-heal|p1a: Freya|261\/360|[from] item: Leftovers
|-damage|p2a: Blastoise|272\/362 brn|[from] brn
|turn|5
|
|switch|p2a: Metagross|Metagross|364\/364
|move|p1a: Freya|Wish|p1a: Freya
|
|-heal|p1a: Freya|283\/360|[from] item: Leftovers
|turn|6
|
|switch|p1a: Lionheart|Arcanine, F|383\/383
|-ability|p1a: Lionheart|Intimidate|[of] p2a: Metagross
|-fail|p2a: Metagross|unboost|[from] ability: Clear Body|[of] p2a: Metagross
|move|p2a: Metagross|Earthquake|p1a: Lionheart
|-supereffective|p1a: Lionheart
|-damage|p1a: Lionheart|25\/383
|
|-heal|p1a: Lionheart|205\/383|[from] move: Wish|[wisher] Freya
|turn|7
|
|switch|p2a: Arcanine|Arcanine, F|373\/384
|-ability|p2a: Arcanine|Intimidate|[of] p1a: Lionheart
|-unboost|p1a: Lionheart|atk|1
|move|p1a: Lionheart|Flare Blitz|p2a: Arcanine
|-resisted|p2a: Arcanine
|-damage|p2a: Arcanine|307\/384
|-damage|p1a: Lionheart|183\/383|[from] recoil|[of] p2a: Arcanine
|
|-heal|p2a: Arcanine|331\/384|[from] item: Leftovers
|turn|8
|
|switch|p2a: Hydreigon|Hydreigon, F|325\/325
|move|p1a: Lionheart|Morning Sun|p1a: Lionheart
|-heal|p1a: Lionheart|374\/383
|
|turn|9
|
|switch|p1a: Freya|Florges, F|283\/360
|move|p2a: Hydreigon|U-turn|p1a: Freya
|-resisted|p1a: Freya
|-damage|p1a: Freya|254\/360
|
|switch|p2a: Metagross|Metagross|364\/364
|
|-heal|p1a: Freya|276\/360|[from] item: Leftovers
|turn|10
|
|move|p1a: Freya|Protect|p1a: Freya
|-singleturn|p1a: Freya|Protect
|move|p2a: Metagross|Meteor Mash|p1a: Freya
|-activate|p1a: Freya|Protect
|
|-heal|p1a: Freya|298\/360|[from] item: Leftovers
|turn|11
|
|switch|p1a: Lionheart|Arcanine, F|374\/383
|-ability|p1a: Lionheart|Intimidate|[of] p2a: Metagross
|-fail|p2a: Metagross|unboost|[from] ability: Clear Body|[of] p2a: Metagross
|move|p2a: Metagross|Meteor Mash|p1a: Lionheart
|-resisted|p1a: Lionheart
|-damage|p1a: Lionheart|257\/383
|-damage|p2a: Metagross|304\/364|[from] item: Rocky Helmet|[of] p1a: Lionheart
|
|turn|12
|
|switch|p1a: Hagen-Dazs|Alakazam, F|251\/251
|switch|p2a: Arcanine|Arcanine, F|331\/384
|-ability|p2a: Arcanine|Intimidate|[of] p1a: Hagen-Dazs
|-unboost|p1a: Hagen-Dazs|atk|1
|
|-heal|p2a: Arcanine|355\/384|[from] item: Leftovers
|turn|13
|
|detailschange|p1a: Hagen-Dazs|Alakazam-Mega, F
|message|Alakazam has Mega Evolved into Mega Alakazam!
|-ability|p1a: Hagen-Dazs|Intimidate|[from] ability: Trace|[of] p2a: Arcanine
|-ability|p1a: Hagen-Dazs|Intimidate|[of] p2a: Arcanine
|-unboost|p2a: Arcanine|atk|1
|move|p1a: Hagen-Dazs|Psyshock|p2a: Arcanine
|-damage|p2a: Arcanine|135\/384
|move|p2a: Arcanine|Flare Blitz|p1a: Hagen-Dazs
|-damage|p1a: Hagen-Dazs|110\/251
|-damage|p2a: Arcanine|88\/384|[from] recoil|[of] p1a: Hagen-Dazs
|
|-heal|p2a: Arcanine|112\/384|[from] item: Leftovers
|turn|14
|
|switch|p2a: Metagross|Metagross|304\/364
|move|p1a: Hagen-Dazs|Dazzling Gleam|p2a: Metagross
|-resisted|p2a: Metagross
|-damage|p2a: Metagross|229\/364
|
|turn|15
|
|switch|p1a: Lionheart|Arcanine, F|257\/383
|-ability|p1a: Lionheart|Intimidate|[of] p2a: Metagross
|-fail|p2a: Metagross|unboost|[from] ability: Clear Body|[of] p2a: Metagross
|move|p2a: Metagross|Earthquake|p1a: Lionheart
|-supereffective|p1a: Lionheart
|-damage|p1a: Lionheart|0 fnt
|faint|p1a: Lionheart
|
|
|switch|p1a: Hagen-Dazs|Alakazam-Mega, F|110\/251
|-ability|p1a: Hagen-Dazs|Clear Body|[from] ability: Trace|[of] p2a: Metagross
|turn|16
|
|switch|p2a: Arcanine|Arcanine, F|112\/384
|-ability|p2a: Arcanine|Intimidate|[of] p1a: Hagen-Dazs
|-fail|p1a: Hagen-Dazs|unboost|[from] ability: Clear Body|[of] p1a: Hagen-Dazs
|move|p1a: Hagen-Dazs|Shadow Ball|p2a: Arcanine
|-damage|p2a: Arcanine|7\/384
|
|-heal|p2a: Arcanine|31\/384|[from] item: Leftovers
|turn|17
|
|move|p2a: Arcanine|Extreme Speed|p1a: Hagen-Dazs
|-damage|p1a: Hagen-Dazs|9\/251
|move|p1a: Hagen-Dazs|Shadow Ball|p2a: Arcanine
|-damage|p2a: Arcanine|0 fnt
|faint|p2a: Arcanine
|
|
|switch|p2a: Metagross|Metagross|229\/364
|turn|18
|
|move|p2a: Metagross|Bullet Punch|p1a: Hagen-Dazs
|-damage|p1a: Hagen-Dazs|0 fnt
|faint|p1a: Hagen-Dazs
|
|
|switch|p1a: Stardust|Jirachi|341\/341
|turn|19
|
|switch|p2a: Chesnaught|Chesnaught, F|380\/380
|move|p1a: Stardust|Stealth Rock|p2a: Chesnaught
|-sidestart|p2: Aquabob|move: Stealth Rock
|
|turn|20
|
|move|p1a: Stardust|Psychic|p2a: Chesnaught
|-supereffective|p2a: Chesnaught
|-damage|p2a: Chesnaught|0 fnt
|faint|p2a: Chesnaught
|
|
|switch|p2a: Hydreigon|Hydreigon, F|325\/325
|-damage|p2a: Hydreigon|285\/325|[from] Stealth Rock
|turn|21
|
|switch|p1a: Freya|Florges, F|298\/360
|move|p2a: Hydreigon|U-turn|p1a: Freya
|-resisted|p1a: Freya
|-damage|p1a: Freya|272\/360
|
|switch|p2a: Metagross|Metagross|229\/364
|-damage|p2a: Metagross|207\/364|[from] Stealth Rock
|
|-heal|p1a: Freya|294\/360|[from] item: Leftovers
|turn|22
|
|move|p1a: Freya|Protect|p1a: Freya
|-singleturn|p1a: Freya|Protect
|move|p2a: Metagross|Earthquake|p1a: Freya
|-activate|p1a: Freya|Protect
|
|-heal|p1a: Freya|316\/360|[from] item: Leftovers
|turn|23
|
|switch|p1a: Venetia Shield|Doublade, M|313\/322
|move|p2a: Metagross|Earthquake|p1a: Venetia Shield
|-supereffective|p1a: Venetia Shield
|-damage|p1a: Venetia Shield|133\/322
|
|turn|24
|
|move|p1a: Venetia Shield|Shadow Sneak|p2a: Metagross
|-supereffective|p2a: Metagross
|-damage|p2a: Metagross|97\/364
|move|p2a: Metagross|Earthquake|p1a: Venetia Shield
|-supereffective|p1a: Venetia Shield
|-damage|p1a: Venetia Shield|0 fnt
|faint|p1a: Venetia Shield
|
|
|switch|p1a: Mad Dog|Hitmonlee, M|304\/304
|turn|25
|
|switch|p2a: Azelf|Azelf|291\/291
|-damage|p2a: Azelf|255\/291|[from] Stealth Rock
|move|p1a: Mad Dog|Knock Off|p2a: Azelf
|-crit|p2a: Azelf
|-supereffective|p2a: Azelf
|-damage|p2a: Azelf|0 fnt
|faint|p2a: Azelf
|
|
|switch|p2a: Blastoise|Blastoise-Mega, M|272\/362 brn
|-damage|p2a: Blastoise|227\/362 brn|[from] Stealth Rock
|turn|26
|
|move|p1a: Mad Dog|High Jump Kick|p2a: Blastoise
|-damage|p2a: Blastoise|25\/362 brn
|move|p2a: Blastoise|Rapid Spin|p1a: Mad Dog
|-damage|p1a: Mad Dog|292\/304
|-sideend|p2: Aquabob|Stealth Rock|[from] move: Rapid Spin|[of] p2a: Blastoise
|
|-damage|p2a: Blastoise|0 fnt|[from] brn
|faint|p2a: Blastoise
|
|switch|p2a: Hydreigon|Hydreigon, F|285\/325
|turn|27
|
|move|p2a: Hydreigon|Draco Meteor|p1a: Mad Dog
|-damage|p1a: Mad Dog|102\/304
|-unboost|p2a: Hydreigon|spa|2
|move|p1a: Mad Dog|High Jump Kick|p2a: Hydreigon
|-supereffective|p2a: Hydreigon
|-damage|p2a: Hydreigon|0 fnt
|faint|p2a: Hydreigon
|
|
|switch|p2a: Metagross|Metagross|97\/364
|turn|28
|
|move|p1a: Mad Dog|Mach Punch|p2a: Metagross
|-damage|p2a: Metagross|36\/364
|move|p2a: Metagross|Bullet Punch|p1a: Mad Dog
|-damage|p1a: Mad Dog|0 fnt
|faint|p1a: Mad Dog
|
|
|switch|p1a: Stardust|Jirachi|341\/341
|turn|29
|
|move|p2a: Metagross|Bullet Punch|p1a: Stardust
|-resisted|p1a: Stardust
|-damage|p1a: Stardust|284\/341
|move|p1a: Stardust|Energy Ball|p2a: Metagross
|-resisted|p2a: Metagross
|-damage|p2a: Metagross|0 fnt
|faint|p2a: Metagross
|
|win|Juice Weasel
|raw|Ladder updating...
|raw|Juice Weasel's rating: 1508 &rarr; <strong>1533<\/strong><br \/>(+25 for winning)
|raw|Aquabob's rating: 1604 &rarr; <strong>1579<\/strong><br \/>(-25 for losing)
|leave|Aquabob
|player|p2