|join|Juice Weasel
|join|ULT BASED KOKO
|player|p1|Juice Weasel|154
|player|p2|ULT BASED KOKO|169
|gametype|singles
|gen|6
|tier|UU
|rated
|rule|Sleep Clause Mod: Limit one foe put to sleep
|rule|Species Clause: Limit one of each PokÃ©mon
|rule|OHKO Clause: OHKO moves are banned
|rule|Moody Clause: Moody is banned
|rule|Evasion Moves Clause: Evasion moves are banned
|rule|Endless Battle Clause: Forcing endless battles is banned
|rule|HP Percentage Mod: HP is shown in percentages
|clearpoke
|poke|p1|Feraligatr, F
|poke|p1|Darmanitan, F
|poke|p1|Abomasnow, M, shiny
|poke|p1|Alomomola, F
|poke|p1|Gligar, F
|poke|p1|Blissey, F
|poke|p2|Hawlucha, M
|poke|p2|Blastoise, F
|poke|p2|Nidoqueen, F
|poke|p2|Celebi
|poke|p2|Jirachi
|poke|p2|Entei, shiny
|rule|Swagger Clause: Swagger is banned
|rule|Baton Pass Clause: Limit one PokÃ©mon knowing Baton Pass
|teampreview
|
|start
|switch|p1a: Scrooge|Abomasnow, M, shiny|383\/383
|switch|p2a: Blastoise|Blastoise, F|333\/333
|-weather|Hail
|turn|1
|
|switch|p2a: Entei|Entei, shiny|371\/371
|-ability|p2a: Entei|Pressure
|switch|p1a: Teen Mom|Blissey, F|651\/651
|
|-weather|Hail|[upkeep]
|-damage|p2a: Entei|348\/371|[from] hail
|-damage|p1a: Teen Mom|611\/651|[from] hail
|-heal|p1a: Teen Mom|651\/651|[from] item: Leftovers
|turn|2
|
|switch|p1a: Clit|Alomomola, F|471\/471
|move|p2a: Entei|Sacred Fire|p1a: Clit
|-resisted|p1a: Clit
|-damage|p1a: Clit|384\/471
|-status|p1a: Clit|brn
|
|-weather|Hail|[upkeep]
|-damage|p2a: Entei|325\/371|[from] hail
|-damage|p1a: Clit|355\/471 brn|[from] hail
|-damage|p1a: Clit|297\/471 brn|[from] brn
|turn|3
|
|switch|p2a: Celebi|Celebi|401\/401
|switch|p1a: Scrooge|Abomasnow, M, shiny|383\/383
|
|-weather|Hail|[upkeep]
|-damage|p2a: Celebi|376\/401|[from] hail
|turn|4
|
|detailschange|p1a: Scrooge|Abomasnow-Mega, M, shiny
|message|Abomasnow has Mega Evolved into Mega Abomasnow!
|move|p2a: Celebi|Baton Pass|p2a: Celebi
|
|switch|p2a: Jirachi|Jirachi|341\/341
|move|p1a: Scrooge|Earthquake|p2a: Jirachi
|-supereffective|p2a: Jirachi
|-damage|p2a: Jirachi|91\/341
|
|-weather|Hail|[upkeep]
|-damage|p2a: Jirachi|70\/341|[from] hail
|turn|5
|
|switch|p1a: Clit|Alomomola, F|454\/471 brn
|move|p2a: Jirachi|U-turn|p1a: Clit
|-damage|p1a: Clit|396\/471 brn
|-damage|p2a: Jirachi|14\/341|[from] item: Rocky Helmet|[of] p1a: Clit
|
|switch|p2a: Nidoqueen|Nidoqueen, F|346\/346
|
|-weather|none
|-damage|p1a: Clit|338\/471 brn|[from] brn
|turn|6
|
|switch|p1a: Teen Mom|Blissey, F|651\/651
|move|p2a: Nidoqueen|Stealth Rock|p1a: Teen Mom
|-sidestart|p1: Juice Weasel|move: Stealth Rock
|
|turn|7
|
|switch|p2a: Celebi|Celebi|376\/401
|move|p1a: Teen Mom|Stealth Rock|p2a: Celebi
|-sidestart|p2: ULT BASED KOKO|move: Stealth Rock
|
|turn|8
|
|switch|p1a: Darmaniman|Darmanitan, F|351\/351
|-damage|p1a: Darmaniman|264\/351|[from] Stealth Rock
|move|p2a: Celebi|Swords Dance|p2a: Celebi
|-boost|p2a: Celebi|atk|2
|
|turn|9
|
|switch|p2a: Blastoise|Blastoise, F|333\/333
|-damage|p2a: Blastoise|292\/333|[from] Stealth Rock
|move|p1a: Darmaniman|U-turn|p2a: Blastoise
|-crit|p2a: Blastoise
|-damage|p2a: Blastoise|169\/333
|
|switch|p1a: Teen Mom|Blissey, F|651\/651
|-damage|p1a: Teen Mom|570\/651|[from] Stealth Rock
|
|-heal|p1a: Teen Mom|610\/651|[from] item: Leftovers
|turn|10
|
|move|p2a: Blastoise|Rapid Spin|p1a: Teen Mom
|-damage|p1a: Teen Mom|593\/651
|-sideend|p2: ULT BASED KOKO|Stealth Rock|[from] move: Rapid Spin|[of] p2a: Blastoise
|move|p1a: Teen Mom|Seismic Toss|p2a: Blastoise
|-damage|p2a: Blastoise|69\/333
|
|-heal|p1a: Teen Mom|633\/651|[from] item: Leftovers
|turn|11
|
|switch|p2a: Celebi|Celebi|376\/401
|move|p1a: Teen Mom|Stealth Rock|p2a: Celebi
|-sidestart|p2: ULT BASED KOKO|move: Stealth Rock
|
|-heal|p1a: Teen Mom|651\/651|[from] item: Leftovers
|turn|12
|
|switch|p1a: Gligar|Gligar, F|333\/333
|-damage|p1a: Gligar|292\/333|[from] Stealth Rock
|move|p2a: Celebi|Swords Dance|p2a: Celebi
|-boost|p2a: Celebi|atk|2
|
|turn|13
|
|move|p2a: Celebi|Baton Pass|p2a: Celebi
|
|switch|p2a: Hawlucha|Hawlucha, M|304\/304
|-damage|p2a: Hawlucha|266\/304|[from] Stealth Rock
|move|p1a: Gligar|U-turn|p2a: Hawlucha
|-resisted|p2a: Hawlucha
|-damage|p2a: Hawlucha|253\/304
|
|switch|p1a: Scrooge|Abomasnow-Mega, M, shiny|383\/383
|-damage|p1a: Scrooge|288\/383|[from] Stealth Rock
|-weather|Hail
|
|-weather|Hail|[upkeep]
|-damage|p2a: Hawlucha|234\/304|[from] hail
|turn|14
|
|move|p1a: Scrooge|Ice Shard|p2a: Hawlucha
|-crit|p2a: Hawlucha
|-supereffective|p2a: Hawlucha
|-damage|p2a: Hawlucha|0 fnt
|faint|p2a: Hawlucha
|
|-weather|Hail|[upkeep]
|chat|ULT BASED KOKO|lol
|chat|ULT BASED KOKO|seriously
|
|switch|p2a: Entei|Entei, shiny|325\/371
|-damage|p2a: Entei|233\/371|[from] Stealth Rock
|-ability|p2a: Entei|Pressure
|turn|15
|
|switch|p2a: Celebi|Celebi|376\/401
|-damage|p2a: Celebi|326\/401|[from] Stealth Rock
|switch|p1a: Clit|Alomomola, F|471\/471 brn
|-damage|p1a: Clit|413\/471 brn|[from] Stealth Rock
|
|-weather|Hail|[upkeep]
|-damage|p2a: Celebi|301\/401|[from] hail
|-damage|p1a: Clit|384\/471 brn|[from] hail
|-damage|p1a: Clit|326\/471 brn|[from] brn
|turn|16
|
|move|p2a: Celebi|Swords Dance|p2a: Celebi
|-boost|p2a: Celebi|atk|2
|move|p1a: Clit|Wish|p1a: Clit
|
|-weather|Hail|[upkeep]
|-damage|p2a: Celebi|276\/401|[from] hail
|-damage|p1a: Clit|297\/471 brn|[from] hail
|-damage|p1a: Clit|239\/471 brn|[from] brn
|turn|17
|
|switch|p1a: Gligar|Gligar, F|292\/333
|-damage|p1a: Gligar|251\/333|[from] Stealth Rock
|move|p2a: Celebi|Seed Bomb|p1a: Gligar
|-damage|p1a: Gligar|170\/333
|
|-weather|none
|-heal|p1a: Gligar|333\/333|[from] move: Wish|[wisher] Clit
|turn|18
|
|move|p2a: Celebi|Recover|p2a: Celebi
|-heal|p2a: Celebi|401\/401
|move|p1a: Gligar|U-turn|p2a: Celebi
|-crit|p2a: Celebi
|-supereffective|p2a: Celebi
|-damage|p2a: Celebi|117\/401
|-enditem|p2a: Celebi|Weakness Policy
|-boost|p2a: Celebi|atk|2|[from] item: Weakness Policy
|-boost|p2a: Celebi|spa|2|[from] item: Weakness Policy
|-message|ULT BASED KOKO forfeited.
|
|win|Juice Weasel
|raw|Ladder updating...
|leave|ULT BASED KOKO
|player|p2
|raw|Juice Weasel's rating: 1476 &rarr; <strong>1501<\/strong><br \/>(+25 for winning)
|raw|ULT BASED KOKO's rating: 1556 &rarr; <strong>1532<\/strong><br \/>(-24 for losing)
|chat|Juice Weasel|lol