|join|gdude
|join|Juice Weasel
|player|p1|gdude|101
|player|p2|Juice Weasel|172
|gametype|singles
|gen|6
|tier|UU
|rated
|rule|Sleep Clause Mod: Limit one foe put to sleep
|rule|Species Clause: Limit one of each Pokemon
|rule|OHKO Clause: OHKO moves are banned
|rule|Moody Clause: Moody is banned
|rule|Evasion Moves Clause: Evasion moves are banned
|rule|Endless Battle Clause: Forcing endless battles is banned.
|rule|HP Percentage Mod: HP is reported as percentages
|clearpoke
|poke|p1|Florges, F
|poke|p1|Chesnaught, F
|poke|p1|Celebi
|poke|p1|Slowbro, M
|poke|p1|Bronzong
|poke|p1|Toxicroak, M
|poke|p2|Reuniclus, M, shiny
|poke|p2|Flygon, F
|poke|p2|Entei, shiny
|poke|p2|Florges, F, shiny
|poke|p2|Swampert, M
|poke|p2|Toxicroak, M, shiny
|teampreview
|chat|gdude|glhf
|chat|Juice Weasel|u2
|
|start
|switch|p1a: Bronzong|Bronzong|338\/338
|switch|p2a: Mufasa|Entei, shiny|371\/371
|-ability|p2a: Mufasa|Pressure
|turn|1
|
|switch|p1a: Slowbro|Slowbro, M|394\/394
|move|p2a: Mufasa|Sacred Fire|p1a: Slowbro
|-resisted|p1a: Slowbro
|-damage|p1a: Slowbro|268\/394
|-status|p1a: Slowbro|brn
|
|-damage|p1a: Slowbro|219\/394 brn|[from] brn
|turn|2
|
|switch|p2a: Hemlock|Florges, F, shiny|359\/359
|move|p1a: Slowbro|Scald|p2a: Hemlock
|-damage|p2a: Hemlock|274\/359
|
|-heal|p2a: Hemlock|296\/359|[from] item: Leftovers
|-damage|p1a: Slowbro|170\/394 brn|[from] brn
|turn|3
|
|switch|p2a: Mufasa|Entei, shiny|371\/371
|-ability|p2a: Mufasa|Pressure
|switch|p1a: Florges|Florges, F|360\/360
|
|turn|4
|
|move|p1a: Florges|Protect|p1a: Florges
|-singleturn|p1a: Florges|Protect
|move|p2a: Mufasa|Sacred Fire|p1a: Florges
|-activate|p1a: Florges|Protect
|
|turn|5
|
|switch|p2a: Zim|Reuniclus, M, shiny|422\/422
|switch|p1a: Slowbro|Slowbro, M|301\/394 brn
|
|-damage|p1a: Slowbro|252\/394 brn|[from] brn
|turn|6
|
|switch|p1a: Florges|Florges, F|360\/360
|move|p2a: Zim|Calm Mind|p2a: Zim
|-boost|p2a: Zim|spa|1
|-boost|p2a: Zim|spd|1
|
|turn|7
|
|move|p1a: Florges|Moonblast|p2a: Zim
|-damage|p2a: Zim|328\/422
|-unboost|p2a: Zim|spa|1
|move|p2a: Zim|Calm Mind|p2a: Zim
|-boost|p2a: Zim|spa|1
|-boost|p2a: Zim|spd|1
|
|-heal|p2a: Zim|354\/422|[from] item: Leftovers
|turn|8
|
|move|p1a: Florges|Moonblast|p2a: Zim
|-crit|p2a: Zim
|-damage|p2a: Zim|131\/422
|-unboost|p2a: Zim|spa|1
|move|p2a: Zim|Calm Mind|p2a: Zim
|-boost|p2a: Zim|spa|1
|-boost|p2a: Zim|spd|1
|
|-heal|p2a: Zim|157\/422|[from] item: Leftovers
|turn|9
|
|move|p1a: Florges|Moonblast|p2a: Zim
|-damage|p2a: Zim|99\/422
|move|p2a: Zim|Recover|p2a: Zim
|-heal|p2a: Zim|310\/422
|
|-heal|p2a: Zim|336\/422|[from] item: Leftovers
|turn|10
|
|switch|p1a: Toxicroak|Toxicroak, M|370\/370
|move|p2a: Zim|Calm Mind|p2a: Zim
|-boost|p2a: Zim|spa|1
|-boost|p2a: Zim|spd|1
|
|-heal|p2a: Zim|362\/422|[from] item: Leftovers
|turn|11
|
|move|p1a: Toxicroak|Knock Off|p2a: Zim
|-supereffective|p2a: Zim
|-damage|p2a: Zim|154\/422
|-enditem|p2a: Zim|Leftovers|[from] move: Knock Off|[of] p1a: Toxicroak
|move|p2a: Zim|Psyshock|p1a: Toxicroak
|-supereffective|p1a: Toxicroak
|-damage|p1a: Toxicroak|0 fnt
|faint|p1a: Toxicroak
|
|
|switch|p1a: Chesnaught|Chesnaught, F|380\/380
|turn|12
|
|move|p1a: Chesnaught|Wood Hammer|p2a: Zim
|-damage|p2a: Zim|25\/422
|-damage|p1a: Chesnaught|337\/380|[from] recoil|[of] p2a: Zim
|move|p2a: Zim|Recover|p2a: Zim
|-heal|p2a: Zim|236\/422
|
|-heal|p1a: Chesnaught|360\/380|[from] item: Leftovers
|turn|13
|
|move|p1a: Chesnaught|Wood Hammer|p2a: Zim
|-damage|p2a: Zim|107\/422
|-damage|p1a: Chesnaught|317\/380|[from] recoil|[of] p2a: Zim
|move|p2a: Zim|Recover|p2a: Zim
|-heal|p2a: Zim|318\/422
|
|-heal|p1a: Chesnaught|340\/380|[from] item: Leftovers
|turn|14
|chat|gdude|gg
|-message|gdude forfeited.
|
|win|Juice Weasel
|raw|Ladder updating...
|leave|gdude
|player|p1
|raw|gdude's rating: 1323 &rarr; <strong>1309<\/strong><br \/>(-14 for losing)
|raw|Juice Weasel's rating: 1425 &rarr; <strong>1440<\/strong><br \/>(+15 for winning)
|chat|Juice Weasel|gg