|join|Stardust Dragon 2
|join|Juice Weasel
|player|p1|Stardust Dragon 2|70
|player|p2|Juice Weasel|172
|gametype|singles
|gen|6
|tier|UU
|rated
|rule|Sleep Clause Mod: Limit one foe put to sleep
|rule|Species Clause: Limit one of each Pokemon
|rule|OHKO Clause: OHKO moves are banned
|rule|Moody Clause: Moody is banned
|rule|Evasion Moves Clause: Evasion moves are banned
|rule|Endless Battle Clause: Forcing endless battles is banned.
|rule|HP Percentage Mod: HP is reported as percentages
|clearpoke
|poke|p1|Hydreigon, F
|poke|p1|Ampharos, F
|poke|p1|Cloyster, F
|poke|p1|Jirachi
|poke|p1|Suicune
|poke|p1|Florges, F
|poke|p2|Swampert, M
|poke|p2|Ampharos, F
|poke|p2|Forretress, M, shiny
|poke|p2|Umbreon, F, shiny
|poke|p2|Victini, shiny
|poke|p2|Crobat, F
|teampreview
|
|start
|switch|p1a: Hydreigon|Hydreigon, F|325\/325
|switch|p2a: Elbow Pads|Swampert, M|404\/404
|turn|1
|
|move|p1a: Hydreigon|Dragon Pulse|p2a: Elbow Pads
|-damage|p2a: Elbow Pads|181\/404
|move|p2a: Elbow Pads|Stealth Rock|p1a: Hydreigon
|-sidestart|p1: Stardust Dragon 2|move: Stealth Rock
|
|-heal|p2a: Elbow Pads|206\/404|[from] item: Leftovers
|turn|2
|
|switch|p2a: Luna|Umbreon, F, shiny|394\/394
|move|p1a: Hydreigon|Dragon Pulse|p2a: Luna
|-damage|p2a: Luna|258\/394
|
|-heal|p2a: Luna|282\/394|[from] item: Leftovers
|turn|3
|
|switch|p1a: Florges|Florges, F|360\/360
|-damage|p1a: Florges|315\/360|[from] Stealth Rock
|move|p2a: Luna|Wish|p2a: Luna
|
|-heal|p1a: Florges|337\/360|[from] item: Leftovers
|-heal|p2a: Luna|306\/394|[from] item: Leftovers
|turn|4
|
|switch|p2a: Walnut|Forretress, M, shiny|354\/354
|move|p1a: Florges|Wish|p1a: Florges
|
|-heal|p1a: Florges|359\/360|[from] item: Leftovers
|turn|5
|
|switch|p1a: Hydreigon|Hydreigon, F|325\/325
|-damage|p1a: Hydreigon|285\/325|[from] Stealth Rock
|move|p2a: Walnut|Spikes|p1a: Hydreigon
|-sidestart|p1: Stardust Dragon 2|Spikes
|
|-heal|p1a: Hydreigon|325\/325|[from] move: Wish|[wisher] Florges
|turn|6
|
|switch|p2a: Luna|Umbreon, F, shiny|306\/394
|move|p1a: Hydreigon|Flamethrower|p2a: Luna
|-damage|p2a: Luna|220\/394
|
|-heal|p2a: Luna|244\/394|[from] item: Leftovers
|turn|7
|
|switch|p1a: Florges|Florges, F|359\/360
|-damage|p1a: Florges|314\/360|[from] Spikes
|-damage|p1a: Florges|269\/360|[from] Stealth Rock
|move|p2a: Luna|Wish|p2a: Luna
|
|-heal|p1a: Florges|291\/360|[from] item: Leftovers
|-heal|p2a: Luna|268\/394|[from] item: Leftovers
|turn|8
|
|switch|p1a: Hydreigon|Hydreigon, F|325\/325
|-damage|p1a: Hydreigon|285\/325|[from] Stealth Rock
|move|p2a: Luna|Foul Play|p1a: Hydreigon
|-resisted|p1a: Hydreigon
|-damage|p1a: Hydreigon|228\/325
|
|-heal|p2a: Luna|394\/394|[from] move: Wish|[wisher] Luna
|turn|9
|
|switch|p1a: Suicune|Suicune|404\/404
|-damage|p1a: Suicune|354\/404|[from] Spikes
|-damage|p1a: Suicune|304\/404|[from] Stealth Rock
|-ability|p1a: Suicune|Pressure
|move|p2a: Luna|Wish|p2a: Luna
|
|-heal|p1a: Suicune|329\/404|[from] item: Leftovers
|turn|10
|
|switch|p1a: Hydreigon|Hydreigon, F|228\/325
|-damage|p1a: Hydreigon|188\/325|[from] Stealth Rock
|switch|p2a: StrawbrryShortcake|Ampharos, F|384\/384
|
|turn|11
|
|move|p1a: Hydreigon|Dragon Pulse|p2a: StrawbrryShortcake
|-damage|p2a: StrawbrryShortcake|161\/384
|move|p2a: StrawbrryShortcake|Dragon Pulse|p1a: Hydreigon
|-supereffective|p1a: Hydreigon
|-damage|p1a: Hydreigon|0 fnt
|faint|p1a: Hydreigon
|
|
|switch|p1a: Florges|Florges, F|291\/360
|-damage|p1a: Florges|246\/360|[from] Spikes
|-damage|p1a: Florges|201\/360|[from] Stealth Rock
|turn|12
|
|switch|p2a: Walnut|Forretress, M, shiny|354\/354
|move|p1a: Florges|Moonblast|p2a: Walnut
|-resisted|p2a: Walnut
|-damage|p2a: Walnut|270\/354
|-unboost|p2a: Walnut|spa|1
|
|-heal|p1a: Florges|223\/360|[from] item: Leftovers
|-heal|p2a: Walnut|292\/354|[from] item: Leftovers
|turn|13
|
|move|p1a: Florges|Calm Mind|p1a: Florges
|-boost|p1a: Florges|spa|1
|-boost|p1a: Florges|spd|1
|move|p2a: Walnut|Toxic|p1a: Florges|[miss]
|-miss|p2a: Walnut|p1a: Florges
|
|-heal|p1a: Florges|245\/360|[from] item: Leftovers
|-heal|p2a: Walnut|314\/354|[from] item: Leftovers
|turn|14
|
|move|p1a: Florges|Calm Mind|p1a: Florges
|-boost|p1a: Florges|spa|1
|-boost|p1a: Florges|spd|1
|move|p2a: Walnut|Toxic|p1a: Florges
|-status|p1a: Florges|tox
|
|-heal|p1a: Florges|267\/360 tox|[from] item: Leftovers
|-heal|p2a: Walnut|336\/354|[from] item: Leftovers
|-damage|p1a: Florges|245\/360 tox|[from] psn
|turn|15
|
|move|p1a: Florges|Calm Mind|p1a: Florges
|-boost|p1a: Florges|spa|1
|-boost|p1a: Florges|spd|1
|move|p2a: Walnut|Spikes|p1a: Florges
|-sidestart|p1: Stardust Dragon 2|Spikes
|
|-heal|p1a: Florges|267\/360 tox|[from] item: Leftovers
|-heal|p2a: Walnut|354\/354|[from] item: Leftovers
|-damage|p1a: Florges|223\/360 tox|[from] psn
|turn|16
|
|move|p1a: Florges|Aromatherapy|p1a: Florges
|-cureteam|p1a: Florges|[from] move: Aromatherapy
|move|p2a: Walnut|Spikes|p1a: Florges
|-sidestart|p1: Stardust Dragon 2|Spikes
|
|-heal|p1a: Florges|245\/360|[from] item: Leftovers
|turn|17
|
|move|p1a: Florges|Moonblast|p2a: Walnut
|-resisted|p2a: Walnut
|-damage|p2a: Walnut|141\/354
|move|p2a: Walnut|Toxic|p1a: Florges
|-status|p1a: Florges|tox
|
|-heal|p1a: Florges|267\/360 tox|[from] item: Leftovers
|-heal|p2a: Walnut|163\/354|[from] item: Leftovers
|-damage|p1a: Florges|245\/360 tox|[from] psn
|turn|18
|
|switch|p2a: Bloodsugar|Crobat, F|311\/311
|move|p1a: Florges|Wish|p1a: Florges
|
|-heal|p1a: Florges|267\/360 tox|[from] item: Leftovers
|-damage|p1a: Florges|223\/360 tox|[from] psn
|turn|19
|
|move|p2a: Bloodsugar|Brave Bird|p1a: Florges
|-damage|p1a: Florges|63\/360 tox
|-damage|p2a: Bloodsugar|258\/311|[from] recoil|[of] p1a: Florges
|move|p1a: Florges|Aromatherapy|p1a: Florges
|-cureteam|p1a: Florges|[from] move: Aromatherapy
|
|-heal|p1a: Florges|243\/360|[from] move: Wish|[wisher] Florges
|-heal|p2a: Bloodsugar|277\/311|[from] item: Black Sludge
|-heal|p1a: Florges|265\/360|[from] item: Leftovers
|turn|20
|
|switch|p1a: Jirachi|Jirachi|404\/404
|-damage|p1a: Jirachi|379\/404|[from] Stealth Rock
|-damage|p1a: Jirachi|278\/404|[from] Spikes
|move|p2a: Bloodsugar|Hypnosis|p1a: Jirachi|[miss]
|-miss|p2a: Bloodsugar|p1a: Jirachi
|
|-heal|p2a: Bloodsugar|296\/311|[from] item: Black Sludge
|-heal|p1a: Jirachi|303\/404|[from] item: Leftovers
|turn|21
|
|move|p2a: Bloodsugar|U-turn|p1a: Jirachi
|-damage|p1a: Jirachi|243\/404
|
|switch|p2a: Walnut|Forretress, M, shiny|163\/354
|move|p1a: Jirachi|Thunder Wave|p2a: Walnut
|-status|p2a: Walnut|par
|
|-heal|p1a: Jirachi|268\/404|[from] item: Leftovers
|-heal|p2a: Walnut|185\/354 par|[from] item: Leftovers
|turn|22
|
|move|p1a: Jirachi|Fire Punch|p2a: Walnut
|-supereffective|p2a: Walnut
|-damage|p2a: Walnut|53\/354 par
|move|p2a: Walnut|Volt Switch|p1a: Jirachi
|-damage|p1a: Jirachi|233\/404
|
|switch|p2a: Old Tobey|Victini, shiny|341\/341
|
|-heal|p1a: Jirachi|258\/404|[from] item: Leftovers
|turn|23
|
|move|p2a: Old Tobey|Bolt Strike|p1a: Jirachi
|-damage|p1a: Jirachi|81\/404
|move|p1a: Jirachi|Thunder Wave|p2a: Old Tobey
|-status|p2a: Old Tobey|par
|
|-heal|p1a: Jirachi|106\/404|[from] item: Leftovers
|turn|24
|
|move|p1a: Jirachi|Iron Head|p2a: Old Tobey
|-resisted|p2a: Old Tobey
|-damage|p2a: Old Tobey|293\/341 par
|cant|p2a: Old Tobey|flinch
|
|-heal|p1a: Jirachi|131\/404|[from] item: Leftovers
|turn|25
|
|move|p1a: Jirachi|Iron Head|p2a: Old Tobey
|-resisted|p2a: Old Tobey
|-damage|p2a: Old Tobey|244\/341 par
|cant|p2a: Old Tobey|par
|
|-heal|p1a: Jirachi|156\/404|[from] item: Leftovers
|turn|26
|
|switch|p2a: Elbow Pads|Swampert, M|206\/404
|move|p1a: Jirachi|Iron Head|p2a: Elbow Pads
|-resisted|p2a: Elbow Pads
|-damage|p2a: Elbow Pads|170\/404
|
|-heal|p1a: Jirachi|181\/404|[from] item: Leftovers
|-heal|p2a: Elbow Pads|195\/404|[from] item: Leftovers
|turn|27
|chat|Juice Weasel|i love noobs that rely on this strategy
|
|switch|p1a: Florges|Florges, F|265\/360
|-damage|p1a: Florges|220\/360|[from] Stealth Rock
|-damage|p1a: Florges|130\/360|[from] Spikes
|move|p2a: Elbow Pads|Earthquake|p1a: Florges
|-damage|p1a: Florges|16\/360
|
|-heal|p1a: Florges|38\/360|[from] item: Leftovers
|-heal|p2a: Elbow Pads|220\/404|[from] item: Leftovers
|turn|28
|
|switch|p2a: Walnut|Forretress, M, shiny|53\/354 par
|move|p1a: Florges|Moonblast|p2a: Walnut
|-crit|p2a: Walnut
|-resisted|p2a: Walnut
|-damage|p2a: Walnut|0 fnt
|faint|p2a: Walnut
|
|-heal|p1a: Florges|60\/360|[from] item: Leftovers
|
|switch|p2a: Bloodsugar|Crobat, F|296\/311
|turn|29
|
|move|p2a: Bloodsugar|Brave Bird|p1a: Florges
|-damage|p1a: Florges|0 fnt
|-damage|p2a: Bloodsugar|276\/311|[from] recoil|[of] p1a: Florges
|faint|p1a: Florges
|
|-heal|p2a: Bloodsugar|295\/311|[from] item: Black Sludge
|
|switch|p1a: Suicune|Suicune|329\/404
|-damage|p1a: Suicune|228\/404|[from] Spikes
|-damage|p1a: Suicune|178\/404|[from] Stealth Rock
|-ability|p1a: Suicune|Pressure
|turn|30
|
|move|p2a: Bloodsugar|Hypnosis|p1a: Suicune
|-status|p1a: Suicune|slp
|cant|p1a: Suicune|slp
|
|-heal|p2a: Bloodsugar|311\/311|[from] item: Black Sludge
|-heal|p1a: Suicune|203\/404 slp|[from] item: Leftovers
|turn|31
|
|move|p2a: Bloodsugar|Brave Bird|p1a: Suicune
|-damage|p1a: Suicune|100\/404 slp
|-damage|p2a: Bloodsugar|277\/311|[from] recoil|[of] p1a: Suicune
|cant|p1a: Suicune|slp
|move|p1a: Suicune|Sleep Talk|p1a: Suicune
|move|p1a: Suicune|Rest|p1a: Suicune|[from]Sleep Talk
|-fail|p1a: Suicune
|
|-heal|p2a: Bloodsugar|296\/311|[from] item: Black Sludge
|-heal|p1a: Suicune|125\/404 slp|[from] item: Leftovers
|turn|32
|chat|Stardust Dragon 2|-_-
|
|move|p2a: Bloodsugar|Brave Bird|p1a: Suicune
|-damage|p1a: Suicune|25\/404 slp
|-damage|p2a: Bloodsugar|263\/311|[from] recoil|[of] p1a: Suicune
|-curestatus|p1a: Suicune|slp
|move|p1a: Suicune|Sleep Talk|p1a: Suicune
|-fail|p1a: Suicune
|
|-heal|p2a: Bloodsugar|282\/311|[from] item: Black Sludge
|-heal|p1a: Suicune|50\/404|[from] item: Leftovers
|turn|33
|-message|Stardust Dragon 2 forfeited.
|
|win|Juice Weasel
|raw|Ladder updating...
|leave|Stardust Dragon 2
|player|p1
|raw|Ladder (probably) updated, but score could not be retrieved (timeout).
|raw|Ladder (probably) updated, but score could not be retrieved (Error: socket hang up).