|join|xzyv
|join|Juice Weasel
|player|p1|xzyv|102
|player|p2|Juice Weasel|172
|gametype|singles
|gen|6
|tier|UU
|rated
|rule|Sleep Clause Mod: Limit one foe put to sleep
|rule|Species Clause: Limit one of each Pokemon
|rule|OHKO Clause: OHKO moves are banned
|rule|Moody Clause: Moody is banned
|rule|Evasion Moves Clause: Evasion moves are banned
|rule|Endless Battle Clause: Forcing endless battles is banned.
|rule|HP Percentage Mod: HP is reported as percentages
|clearpoke
|poke|p1|Manectric, M
|poke|p1|Umbreon, F
|poke|p1|Forretress, F
|poke|p1|Vivillon, F
|poke|p1|Suicune
|poke|p1|Heracross, M
|poke|p2|Slowbro, M
|poke|p2|Aromatisse, F
|poke|p2|Roserade, M
|poke|p2|Escavalier, M
|poke|p2|Aerodactyl, F
|poke|p2|Hippowdon, M
|teampreview
|
|start
|switch|p1a: Heracross|Heracross, M|302\/302
|switch|p2a: Aerodactyl|Aerodactyl, F|301\/301
|turn|1
|
|switch|p2a: Short Bus|Slowbro, M|393\/393
|move|p1a: Heracross|Stone Edge|p2a: Short Bus
|-damage|p2a: Short Bus|312\/393
|
|-heal|p2a: Short Bus|336\/393|[from] item: Leftovers
|turn|2
|
|switch|p1a: Umbreon|Umbreon, F|394\/394
|switch|p2a: KnightsOftheRound|Escavalier, M|343\/343
|
|turn|3
|
|switch|p1a: Forretress|Forretress, F|354\/354
|move|p2a: KnightsOftheRound|Megahorn|p1a: Forretress
|-resisted|p1a: Forretress
|-damage|p1a: Forretress|298\/354
|
|-heal|p1a: Forretress|320\/354|[from] item: Leftovers
|turn|4
|
|switch|p2a: Short Bus|Slowbro, M|393\/393
|move|p1a: Forretress|Stealth Rock|p2a: Short Bus
|-sidestart|p2: Juice Weasel|move: Stealth Rock
|
|-heal|p1a: Forretress|342\/354|[from] item: Leftovers
|turn|5
|
|switch|p1a: Suicune|Suicune|341\/341
|-ability|p1a: Suicune|Pressure
|move|p2a: Short Bus|Scald|p1a: Suicune
|-resisted|p1a: Suicune
|-damage|p1a: Suicune|298\/341
|
|-heal|p1a: Suicune|319\/341|[from] item: Leftovers
|turn|6
|
|move|p1a: Suicune|Scald|p2a: Short Bus
|-resisted|p2a: Short Bus
|-damage|p2a: Short Bus|339\/393
|move|p2a: Short Bus|Calm Mind|p2a: Short Bus
|-boost|p2a: Short Bus|spa|1
|-boost|p2a: Short Bus|spd|1
|
|-heal|p1a: Suicune|340\/341|[from] item: Leftovers
|-heal|p2a: Short Bus|363\/393|[from] item: Leftovers
|turn|7
|
|move|p1a: Suicune|Calm Mind|p1a: Suicune
|-boost|p1a: Suicune|spa|1
|-boost|p1a: Suicune|spd|1
|move|p2a: Short Bus|Scald|p1a: Suicune
|-resisted|p1a: Suicune
|-damage|p1a: Suicune|299\/341
|-status|p1a: Suicune|brn
|
|-heal|p1a: Suicune|320\/341 brn|[from] item: Leftovers
|-heal|p2a: Short Bus|387\/393|[from] item: Leftovers
|-damage|p1a: Suicune|278\/341 brn|[from] brn
|turn|8
|
|move|p1a: Suicune|Scald|p2a: Short Bus
|-resisted|p2a: Short Bus
|-damage|p2a: Short Bus|332\/393
|move|p2a: Short Bus|Calm Mind|p2a: Short Bus
|-boost|p2a: Short Bus|spa|1
|-boost|p2a: Short Bus|spd|1
|
|-heal|p1a: Suicune|299\/341 brn|[from] item: Leftovers
|-heal|p2a: Short Bus|356\/393|[from] item: Leftovers
|-damage|p1a: Suicune|257\/341 brn|[from] brn
|turn|9
|
|move|p1a: Suicune|Scald|p2a: Short Bus
|-resisted|p2a: Short Bus
|-damage|p2a: Short Bus|314\/393
|-status|p2a: Short Bus|brn
|move|p2a: Short Bus|Psyshock|p1a: Suicune
|-damage|p1a: Suicune|109\/341 brn
|
|-heal|p1a: Suicune|130\/341 brn|[from] item: Leftovers
|-heal|p2a: Short Bus|338\/393 brn|[from] item: Leftovers
|-damage|p1a: Suicune|88\/341 brn|[from] brn
|-damage|p2a: Short Bus|289\/393 brn|[from] brn
|turn|10
|
|switch|p1a: Umbreon|Umbreon, F|394\/394
|move|p2a: Short Bus|Calm Mind|p2a: Short Bus
|-boost|p2a: Short Bus|spa|1
|-boost|p2a: Short Bus|spd|1
|
|-heal|p2a: Short Bus|313\/393 brn|[from] item: Leftovers
|-damage|p2a: Short Bus|264\/393 brn|[from] brn
|turn|11
|
|move|p1a: Umbreon|Foul Play|p2a: Short Bus
|-supereffective|p2a: Short Bus
|-damage|p2a: Short Bus|172\/393 brn
|move|p2a: Short Bus|Calm Mind|p2a: Short Bus
|-boost|p2a: Short Bus|spa|1
|-boost|p2a: Short Bus|spd|1
|
|-heal|p2a: Short Bus|196\/393 brn|[from] item: Leftovers
|-damage|p2a: Short Bus|147\/393 brn|[from] brn
|turn|12
|
|move|p1a: Umbreon|Foul Play|p2a: Short Bus
|-supereffective|p2a: Short Bus
|-damage|p2a: Short Bus|57\/393 brn
|move|p2a: Short Bus|Slack Off|p2a: Short Bus
|-heal|p2a: Short Bus|254\/393 brn
|
|-heal|p2a: Short Bus|278\/393 brn|[from] item: Leftovers
|-damage|p2a: Short Bus|229\/393 brn|[from] brn
|turn|13
|
|switch|p1a: Heracross|Heracross, M|302\/302
|move|p2a: Short Bus|Slack Off|p2a: Short Bus
|-heal|p2a: Short Bus|393\/393 brn
|
|-damage|p2a: Short Bus|344\/393 brn|[from] brn
|turn|14
|
|move|p1a: Heracross|Knock Off|p2a: Short Bus
|-supereffective|p2a: Short Bus
|-damage|p2a: Short Bus|182\/393 brn
|-enditem|p2a: Short Bus|Leftovers|[from] move: Knock Off|[of] p1a: Heracross
|move|p2a: Short Bus|Psyshock|p1a: Heracross
|-supereffective|p1a: Heracross
|-damage|p1a: Heracross|0 fnt
|faint|p1a: Heracross
|
|-damage|p2a: Short Bus|133\/393 brn|[from] brn
|
|switch|p1a: Umbreon|Umbreon, F|394\/394
|turn|15
|
|move|p1a: Umbreon|Foul Play|p2a: Short Bus
|-supereffective|p2a: Short Bus
|-damage|p2a: Short Bus|41\/393 brn
|move|p2a: Short Bus|Slack Off|p2a: Short Bus
|-heal|p2a: Short Bus|238\/393 brn
|
|-damage|p2a: Short Bus|189\/393 brn|[from] brn
|turn|16
|
|move|p1a: Umbreon|Foul Play|p2a: Short Bus
|-supereffective|p2a: Short Bus
|-damage|p2a: Short Bus|105\/393 brn
|move|p2a: Short Bus|Slack Off|p2a: Short Bus
|-heal|p2a: Short Bus|302\/393 brn
|
|-damage|p2a: Short Bus|253\/393 brn|[from] brn
|turn|17
|
|move|p1a: Umbreon|Foul Play|p2a: Short Bus
|-supereffective|p2a: Short Bus
|-damage|p2a: Short Bus|169\/393 brn
|move|p2a: Short Bus|Slack Off|p2a: Short Bus
|-heal|p2a: Short Bus|366\/393 brn
|
|-damage|p2a: Short Bus|317\/393 brn|[from] brn
|turn|18
|
|move|p1a: Umbreon|Foul Play|p2a: Short Bus
|-supereffective|p2a: Short Bus
|-damage|p2a: Short Bus|233\/393 brn
|move|p2a: Short Bus|Scald|p1a: Umbreon
|-damage|p1a: Umbreon|231\/394
|-status|p1a: Umbreon|brn
|
|-heal|p1a: Umbreon|255\/394 brn|[from] item: Leftovers
|-damage|p1a: Umbreon|206\/394 brn|[from] brn
|-damage|p2a: Short Bus|184\/393 brn|[from] brn
|turn|19
|
|move|p1a: Umbreon|Heal Bell|p1a: Umbreon
|-cureteam|p1a: Umbreon|[from] move: HealBell
|move|p2a: Short Bus|Slack Off|p2a: Short Bus
|-heal|p2a: Short Bus|381\/393 brn
|
|-heal|p1a: Umbreon|230\/394|[from] item: Leftovers
|-damage|p2a: Short Bus|332\/393 brn|[from] brn
|turn|20
|
|move|p1a: Umbreon|Foul Play|p2a: Short Bus
|-supereffective|p2a: Short Bus
|-damage|p2a: Short Bus|234\/393 brn
|move|p2a: Short Bus|Calm Mind|p2a: Short Bus
|-boost|p2a: Short Bus|spa|1
|-boost|p2a: Short Bus|spd|1
|
|-heal|p1a: Umbreon|254\/394|[from] item: Leftovers
|-damage|p2a: Short Bus|185\/393 brn|[from] brn
|turn|21
|
|switch|p1a: Manectric|Manectric, M|281\/281
|move|p2a: Short Bus|Slack Off|p2a: Short Bus
|-heal|p2a: Short Bus|382\/393 brn
|
|-damage|p2a: Short Bus|333\/393 brn|[from] brn
|turn|22
|
|-formechange|p1a: Manectric|Manectric-Mega
|message|Manectric has Mega Evolved into Mega Manectric!
|-ability|p1a: Manectric|Intimidate|[of] p2a: Short Bus
|-unboost|p2a: Short Bus|atk|1
|move|p1a: Manectric|Thunderbolt|p2a: Short Bus
|-supereffective|p2a: Short Bus
|-damage|p2a: Short Bus|213\/393 brn
|move|p2a: Short Bus|Scald|p1a: Manectric
|-damage|p1a: Manectric|0 fnt
|faint|p1a: Manectric
|
|-damage|p2a: Short Bus|164\/393 brn|[from] brn
|
|switch|p1a: Vivillon|Vivillon, F|301\/301
|turn|23
|
|move|p1a: Vivillon|Hurricane|p2a: Short Bus
|-damage|p2a: Short Bus|113\/393 brn
|move|p2a: Short Bus|Psyshock|p1a: Vivillon
|-damage|p1a: Vivillon|0 fnt
|faint|p1a: Vivillon
|
|-damage|p2a: Short Bus|64\/393 brn|[from] brn
|
|switch|p1a: Umbreon|Umbreon, F|254\/394
|turn|24
|
|switch|p2a: Highgarden|Roserade, M|261\/261
|-damage|p2a: Highgarden|229\/261|[from] Stealth Rock
|move|p1a: Umbreon|Foul Play|p2a: Highgarden
|-damage|p2a: Highgarden|127\/261
|
|-heal|p1a: Umbreon|278\/394|[from] item: Leftovers
|turn|25
|
|switch|p1a: Forretress|Forretress, F|342\/354
|move|p2a: Highgarden|Sleep Powder|p1a: Forretress
|-status|p1a: Forretress|slp
|
|-heal|p1a: Forretress|354\/354 slp|[from] item: Leftovers
|turn|26
|
|switch|p1a: Umbreon|Umbreon, F|278\/394
|move|p2a: Highgarden|Hidden Power|p1a: Umbreon
|-damage|p1a: Umbreon|227\/394
|-damage|p2a: Highgarden|101\/261|[from] item: Life Orb
|
|-heal|p1a: Umbreon|251\/394|[from] item: Leftovers
|turn|27
|
|switch|p2a: Aerodactyl|Aerodactyl, F|301\/301
|-damage|p2a: Aerodactyl|226\/301|[from] Stealth Rock
|move|p1a: Umbreon|Foul Play|p2a: Aerodactyl
|-damage|p2a: Aerodactyl|0 fnt
|faint|p2a: Aerodactyl
|
|-heal|p1a: Umbreon|275\/394|[from] item: Leftovers
|
|switch|p2a: KnightsOftheRound|Escavalier, M|343\/343
|-damage|p2a: KnightsOftheRound|301\/343|[from] Stealth Rock
|turn|28
|
|move|p1a: Umbreon|Foul Play|p2a: KnightsOftheRound
|-damage|p2a: KnightsOftheRound|165\/343
|move|p2a: KnightsOftheRound|Megahorn|p1a: Umbreon
|-supereffective|p1a: Umbreon
|-damage|p1a: Umbreon|0 fnt
|faint|p1a: Umbreon
|
|-heal|p2a: KnightsOftheRound|186\/343|[from] item: Leftovers
|
|switch|p1a: Suicune|Suicune|88\/341
|-ability|p1a: Suicune|Pressure
|turn|29
|
|move|p1a: Suicune|Scald|p2a: KnightsOftheRound
|-damage|p2a: KnightsOftheRound|113\/343
|move|p2a: KnightsOftheRound|Megahorn|p1a: Suicune|[miss]
|-miss|p2a: KnightsOftheRound|p1a: Suicune
|
|-heal|p1a: Suicune|109\/341|[from] item: Leftovers
|-heal|p2a: KnightsOftheRound|134\/343|[from] item: Leftovers
|turn|30
|
|move|p1a: Suicune|Scald|p2a: KnightsOftheRound
|-damage|p2a: KnightsOftheRound|70\/343
|move|p2a: KnightsOftheRound|Rest|p2a: KnightsOftheRound
|-status|p2a: KnightsOftheRound|slp
|-heal|p2a: KnightsOftheRound|343\/343 slp|[silent]
|-status|p2a: KnightsOftheRound|slp|[from] move: Rest
|
|-heal|p1a: Suicune|130\/341|[from] item: Leftovers
|turn|31
|
|switch|p2a: Highgarden|Roserade, M|101\/261
|-damage|p2a: Highgarden|69\/261|[from] Stealth Rock
|move|p1a: Suicune|Calm Mind|p1a: Suicune
|-boost|p1a: Suicune|spa|1
|-boost|p1a: Suicune|spd|1
|
|-heal|p1a: Suicune|151\/341|[from] item: Leftovers
|turn|32
|
|move|p2a: Highgarden|Giga Drain|p1a: Suicune
|-supereffective|p1a: Suicune
|-damage|p1a: Suicune|0 fnt
|-heal|p2a: Highgarden|145\/261|[from] drain|[of] p1a: Suicune
|-damage|p2a: Highgarden|119\/261|[from] item: Life Orb
|faint|p1a: Suicune
|
|
|switch|p1a: Forretress|Forretress, F|354\/354 slp
|turn|33
|chat|Juice Weasel|gg
|
|move|p2a: Highgarden|Hidden Power|p1a: Forretress
|-supereffective|p1a: Forretress
|-activate|p1a: Forretress|Sturdy
|-damage|p1a: Forretress|1\/354 slp
|-damage|p2a: Highgarden|93\/261|[from] item: Life Orb
|cant|p1a: Forretress|slp
|
|-heal|p1a: Forretress|23\/354 slp|[from] item: Leftovers
|turn|34
|chat|xzyv|gg
|
|move|p2a: Highgarden|Hidden Power|p1a: Forretress
|-supereffective|p1a: Forretress
|-damage|p1a: Forretress|0 fnt
|-damage|p2a: Highgarden|67\/261|[from] item: Life Orb
|faint|p1a: Forretress
|
|win|Juice Weasel
|raw|Ladder updating...
|raw|xzyv's rating: 1599 &rarr; <strong>1571<\/strong><br \/>(-28 for losing)
|raw|Juice Weasel's rating: 1442 &rarr; <strong>1470<\/strong><br \/>(+28 for winning)
|leave|xzyv
|player|p1