|join|MoB Barley
|join|Juice Weasel
|player|p1|MoB Barley|161
|player|p2|Juice Weasel|172
|gametype|singles
|gen|6
|tier|UU
|rated
|rule|Sleep Clause Mod: Limit one foe put to sleep
|rule|Species Clause: Limit one of each Pokemon
|rule|OHKO Clause: OHKO moves are banned
|rule|Moody Clause: Moody is banned
|rule|Evasion Moves Clause: Evasion moves are banned
|rule|Endless Battle Clause: Forcing endless battles is banned.
|rule|HP Percentage Mod: HP is reported as percentages
|clearpoke
|poke|p1|Aggron, M, shiny
|poke|p1|Entei, shiny
|poke|p1|Jellicent, M
|poke|p1|Nidoking, M, shiny
|poke|p1|Rotom-Mow
|poke|p1|Hitmonlee, M, shiny
|poke|p2|Swampert, M
|poke|p2|Ampharos, F
|poke|p2|Forretress, F, shiny
|poke|p2|Umbreon, F, shiny
|poke|p2|Victini, shiny
|poke|p2|Crobat, F
|teampreview
|
|start
|switch|p1a: Yard Work|Rotom-Mow|241\/241
|switch|p2a: Old Tobey|Victini, shiny|341\/341
|turn|1
|
|move|p1a: Yard Work|Volt Switch|p2a: Old Tobey
|-damage|p2a: Old Tobey|239\/341
|
|switch|p1a: Dinomite|Aggron, M, shiny|344\/344
|move|p2a: Old Tobey|U-turn|p1a: Dinomite
|-resisted|p1a: Dinomite
|-damage|p1a: Dinomite|316\/344
|
|switch|p2a: Walnut|Forretress, F, shiny|354\/354
|
|turn|2
|
|switch|p1a: Extension|Hitmonlee, M, shiny|261\/261
|move|p2a: Walnut|Spikes|p1a: Extension
|-sidestart|p1: MoB Barley|Spikes
|
|turn|3
|
|move|p1a: Extension|Knock Off|p2a: Walnut
|-damage|p2a: Walnut|284\/354
|-enditem|p2a: Walnut|Leftovers|[from] move: Knock Off|[of] p1a: Extension
|move|p2a: Walnut|Toxic|p1a: Extension
|-status|p1a: Extension|tox
|
|-damage|p1a: Extension|245\/261 tox|[from] psn
|turn|4
|
|move|p1a: Extension|Rapid Spin|p2a: Walnut
|-resisted|p2a: Walnut
|-damage|p2a: Walnut|276\/354
|-sideend|p1: MoB Barley|Spikes|[from] move: Rapid Spin|[of] p1a: Extension
|move|p2a: Walnut|Spikes|p1a: Extension
|-sidestart|p1: MoB Barley|Spikes
|
|-damage|p1a: Extension|213\/261 tox|[from] psn
|turn|5
|
|switch|p1a: Yard Work|Rotom-Mow|241\/241
|move|p2a: Walnut|Spikes|p1a: Yard Work
|-sidestart|p1: MoB Barley|Spikes
|
|turn|6
|
|switch|p2a: StrawbrryShortcake|Ampharos, F|384\/384
|move|p1a: Yard Work|Leaf Storm|p2a: StrawbrryShortcake
|-damage|p2a: StrawbrryShortcake|171\/384
|-unboost|p1a: Yard Work|spa|2
|
|turn|7
|
|switch|p1a: Dinomite|Aggron, M, shiny|316\/344
|-damage|p1a: Dinomite|259\/344|[from] Spikes
|-formechange|p2a: StrawbrryShortcake|Ampharos-Mega
|message|Ampharos has Mega Evolved into Mega Ampharos!
|-ability|p2a: StrawbrryShortcake|Mold Breaker
|move|p2a: StrawbrryShortcake|Dragon Pulse|p1a: Dinomite
|-resisted|p1a: Dinomite
|-damage|p1a: Dinomite|147\/344
|
|turn|8
|
|switch|p2a: Walnut|Forretress, F, shiny|276\/354
|-formechange|p1a: Dinomite|Aggron-Mega
|message|Aggron has Mega Evolved into Mega Aggron!
|move|p1a: Dinomite|Rest|p1a: Dinomite
|-status|p1a: Dinomite|slp
|-heal|p1a: Dinomite|344\/344 slp|[silent]
|-status|p1a: Dinomite|slp|[from] move: Rest
|
|turn|9
|-message|MoB Barley forfeited.
|
|win|Juice Weasel
|raw|Ladder updating...
|leave|MoB Barley
|player|p1
|raw|Ladder (probably) updated, but score could not be retrieved (timeout).
|raw|Ladder (probably) updated, but score could not be retrieved (Error: socket hang up).