|join|Juice Weasel
|join|xMarth
|player|p1|Juice Weasel|172
|player|p2|xMarth|153
|gametype|singles
|gen|6
|tier|UU
|rated
|rule|Sleep Clause Mod: Limit one foe put to sleep
|rule|Species Clause: Limit one of each Pokemon
|rule|OHKO Clause: OHKO moves are banned
|rule|Moody Clause: Moody is banned
|rule|Evasion Moves Clause: Evasion moves are banned
|rule|Endless Battle Clause: Forcing endless battles is banned
|rule|HP Percentage Mod: HP is reported as percentages
|clearpoke
|poke|p1|Alakazam, M
|poke|p1|Slowbro, F
|poke|p1|Mew
|poke|p1|Blissey, F
|poke|p1|Krookodile, M
|poke|p1|Fletchinder, M
|poke|p2|Froslass, F
|poke|p2|Lucario, M
|poke|p2|Sableye, F
|poke|p2|Swampert, M
|poke|p2|Roserade, M
|poke|p2|Noivern, F
|rule|Baton Pass Clause: Limit 3 pokemon knowing Baton Pass
|teampreview
|
|start
|switch|p1a: Haagen-Dazs|Alakazam, M|251\/251
|switch|p2a: Froslass|Froslass, F|301\/301
|turn|1
|
|move|p1a: Haagen-Dazs|Shadow Ball|p2a: Froslass
|-supereffective|p2a: Froslass
|-damage|p2a: Froslass|41\/301
|move|p2a: Froslass|Spikes|p1a: Haagen-Dazs
|-sidestart|p1: Juice Weasel|Spikes
|
|turn|2
|
|move|p2a: Froslass|Ice Shard|p1a: Haagen-Dazs
|-damage|p1a: Haagen-Dazs|161\/251
|move|p1a: Haagen-Dazs|Dazzling Gleam|p2a: Froslass
|-damage|p2a: Froslass|0 fnt
|faint|p2a: Froslass
|
|
|switch|p2a: Noivern|Noivern, F|317\/317
|turn|3
|
|switch|p1a: Blissey|Blissey, F|652\/652
|-damage|p1a: Blissey|571\/652|[from] Spikes
|move|p2a: Noivern|Draco Meteor|p1a: Blissey
|-damage|p1a: Blissey|415\/652
|-unboost|p2a: Noivern|spa|2
|-damage|p2a: Noivern|286\/317|[from] item: Life Orb
|
|-heal|p1a: Blissey|455\/652|[from] item: Leftovers
|turn|4
|
|switch|p2a: Roserade|Roserade, M|261\/261
|move|p1a: Blissey|Seismic Toss|p2a: Roserade
|-damage|p2a: Roserade|161\/261
|
|-heal|p1a: Blissey|495\/652|[from] item: Leftovers
|turn|5
|
|move|p2a: Roserade|Toxic Spikes|p1a: Blissey
|-sidestart|p1: Juice Weasel|move: Toxic Spikes
|move|p1a: Blissey|Seismic Toss|p2a: Roserade
|-damage|p2a: Roserade|61\/261
|
|-heal|p1a: Blissey|535\/652|[from] item: Leftovers
|turn|6
|
|switch|p2a: Sableye|Sableye, F|304\/304
|move|p1a: Blissey|Seismic Toss|p2a: Sableye
|-immune|p2a: Sableye|[msg]
|
|-heal|p1a: Blissey|575\/652|[from] item: Leftovers
|turn|7
|
|switch|p1a: Fletchinder|Fletchinder, M|265\/265
|move|p2a: Sableye|Taunt|p1a: Fletchinder
|-start|p1a: Fletchinder|move: Taunt
|
|turn|8
|
|switch|p2a: Swampert|Swampert, M|404\/404
|move|p1a: Fletchinder|Acrobatics|p2a: Swampert
|-damage|p2a: Swampert|301\/404
|
|-heal|p2a: Swampert|326\/404|[from] item: Leftovers
|turn|9
|
|switch|p1a: Mew|Mew|403\/403
|-damage|p1a: Mew|353\/403|[from] Spikes
|-status|p1a: Mew|psn
|switch|p2a: Sableye|Sableye, F|304\/304
|
|-heal|p1a: Mew|378\/403 psn|[from] item: Leftovers
|-damage|p1a: Mew|328\/403 psn|[from] psn
|turn|10
|
|move|p2a: Sableye|Taunt|p1a: Mew
|-start|p1a: Mew|move: Taunt
|move|p1a: Mew|Knock Off|p2a: Sableye
|-damage|p2a: Sableye|201\/304
|-enditem|p2a: Sableye|Leftovers|[from] move: Knock Off|[of] p1a: Mew
|
|-heal|p1a: Mew|353\/403 psn|[from] item: Leftovers
|-damage|p1a: Mew|303\/403 psn|[from] psn
|turn|11
|
|switch|p1a: Fletchinder|Fletchinder, M|265\/265
|switch|p2a: Swampert|Swampert, M|326\/404
|
|-heal|p2a: Swampert|351\/404|[from] item: Leftovers
|turn|12
|
|switch|p1a: Mew|Mew|303\/403 psn
|-damage|p1a: Mew|253\/403 psn|[from] Spikes
|move|p2a: Swampert|Stealth Rock|p1a: Mew
|-sidestart|p1: Juice Weasel|move: Stealth Rock
|
|-heal|p1a: Mew|278\/403 psn|[from] item: Leftovers
|-heal|p2a: Swampert|376\/404|[from] item: Leftovers
|-damage|p1a: Mew|228\/403 psn|[from] psn
|turn|13
|
|switch|p2a: Roserade|Roserade, M|61\/261
|move|p1a: Mew|Defog|p2a: Roserade
|-unboost|p2a: Roserade|evasion|1
|-sideend|p1: Juice Weasel|Spikes|[from] move: Defog|[of] p1a: Mew
|-sideend|p1: Juice Weasel|Toxic Spikes|[from] move: Defog|[of] p1a: Mew
|-sideend|p1: Juice Weasel|Stealth Rock|[from] move: Defog|[of] p1a: Mew
|
|-heal|p1a: Mew|253\/403 psn|[from] item: Leftovers
|-damage|p1a: Mew|203\/403 psn|[from] psn
|turn|14
|
|move|p2a: Roserade|Giga Drain|p1a: Mew
|-damage|p1a: Mew|89\/403 psn
|-heal|p2a: Roserade|118\/261|[from] drain|[of] p1a: Mew
|-damage|p2a: Roserade|92\/261|[from] item: Life Orb
|move|p1a: Mew|Knock Off|p2a: Roserade
|-damage|p2a: Roserade|0 fnt
|faint|p2a: Roserade
|
|-heal|p1a: Mew|114\/403 psn|[from] item: Leftovers
|-damage|p1a: Mew|64\/403 psn|[from] psn
|
|switch|p2a: Sableye|Sableye, F|201\/304
|turn|15
|
|move|p1a: Mew|Will-O-Wisp|p2a: Sableye
|-status|p2a: Sableye|brn
|move|p2a: Sableye|Knock Off|p1a: Mew
|-crit|p1a: Mew
|-supereffective|p1a: Mew
|-damage|p1a: Mew|0 fnt
|faint|p1a: Mew
|
|-damage|p2a: Sableye|163\/304 brn|[from] brn
|
|switch|p1a: Haagen-Dazs|Alakazam, M|161\/251
|turn|16
|
|switch|p2a: Swampert|Swampert, M|376\/404
|move|p1a: Haagen-Dazs|Dazzling Gleam|p2a: Swampert
|-damage|p2a: Swampert|266\/404
|
|-heal|p2a: Swampert|291\/404|[from] item: Leftovers
|turn|17
|
|move|p1a: Haagen-Dazs|Grass Knot|p2a: Swampert
|-supereffective|p2a: Swampert
|-damage|p2a: Swampert|0 fnt
|faint|p2a: Swampert
|
|
|switch|p2a: Noivern|Noivern, F|286\/317
|turn|18
|
|switch|p1a: Blissey|Blissey, F|575\/652
|move|p2a: Noivern|Draco Meteor|p1a: Blissey
|-damage|p1a: Blissey|407\/652
|-unboost|p2a: Noivern|spa|2
|-damage|p2a: Noivern|255\/317|[from] item: Life Orb
|
|-heal|p1a: Blissey|447\/652|[from] item: Leftovers
|turn|19
|
|move|p2a: Noivern|Taunt|p1a: Blissey
|-start|p1a: Blissey|move: Taunt
|cant|p1a: Blissey|move: Taunt|Stealth Rock
|
|-heal|p1a: Blissey|487\/652|[from] item: Leftovers
|turn|20
|
|switch|p1a: Fletchinder|Fletchinder, M|265\/265
|move|p2a: Noivern|Draco Meteor|p1a: Fletchinder
|-damage|p1a: Fletchinder|51\/265
|-unboost|p2a: Noivern|spa|2
|-damage|p2a: Noivern|224\/317|[from] item: Life Orb
|
|turn|21
|
|move|p1a: Fletchinder|Roost|p1a: Fletchinder
|-heal|p1a: Fletchinder|184\/265
|move|p2a: Noivern|Taunt|p1a: Fletchinder
|-start|p1a: Fletchinder|move: Taunt
|
|turn|22
|
|move|p1a: Fletchinder|Acrobatics|p2a: Noivern
|-damage|p2a: Noivern|56\/317
|move|p2a: Noivern|Draco Meteor|p1a: Fletchinder
|-damage|p1a: Fletchinder|46\/265
|-unboost|p2a: Noivern|spa|2
|-damage|p2a: Noivern|25\/317|[from] item: Life Orb
|
|turn|23
|
|move|p1a: Fletchinder|Acrobatics|p2a: Noivern
|-damage|p2a: Noivern|0 fnt
|faint|p2a: Noivern
|
|
|switch|p2a: Lucario|Lucario, M|281\/281
|turn|24
|
|switch|p1a: Short Bus|Slowbro, F|394\/394
|move|p2a: Lucario|Swords Dance|p2a: Lucario
|-boost|p2a: Lucario|atk|2
|
|turn|25
|
|move|p2a: Lucario|Swords Dance|p2a: Lucario
|-boost|p2a: Lucario|atk|2
|move|p1a: Short Bus|Scald|p2a: Lucario
|-damage|p2a: Lucario|148\/281
|
|turn|26
|
|move|p2a: Lucario|Crunch|p1a: Short Bus
|-supereffective|p1a: Short Bus
|-damage|p1a: Short Bus|0 fnt
|-damage|p2a: Lucario|102\/281|[from] item: Rocky Helmet|[of] p1a: Short Bus
|-damage|p2a: Lucario|74\/281|[from] item: Life Orb
|faint|p1a: Short Bus
|
|
|switch|p1a: Fletchinder|Fletchinder, M|46\/265
|turn|27
|
|switch|p1a: Blissey|Blissey, F|487\/652
|move|p2a: Lucario|Extreme Speed|p1a: Blissey
|-damage|p1a: Blissey|0 fnt
|-damage|p2a: Lucario|46\/281|[from] item: Life Orb
|faint|p1a: Blissey
|
|
|switch|p1a: Krookodile|Krookodile, M|331\/331
|turn|28
|chat|xMarth|need another 4% hp lol
|
|move|p2a: Lucario|Extreme Speed|p1a: Krookodile
|-crit|p1a: Krookodile
|-damage|p1a: Krookodile|0 fnt
|-damage|p2a: Lucario|18\/281|[from] item: Life Orb
|faint|p1a: Krookodile
|
|
|switch|p1a: Haagen-Dazs|Alakazam, M|161\/251
|turn|29
|
|move|p2a: Lucario|Extreme Speed|p1a: Haagen-Dazs
|-damage|p1a: Haagen-Dazs|0 fnt
|-damage|p2a: Lucario|0 fnt|[from] item: Life Orb
|faint|p1a: Haagen-Dazs
|faint|p2a: Lucario
|
|chat|Juice Weasel|lol
|
|switch|p1a: Fletchinder|Fletchinder, M|46\/265
|switch|p2a: Sableye|Sableye, F|163\/304 brn
|turn|30
|
|move|p1a: Fletchinder|Roost|p1a: Fletchinder
|-heal|p1a: Fletchinder|179\/265
|move|p2a: Sableye|Taunt|p1a: Fletchinder
|-start|p1a: Fletchinder|move: Taunt
|
|-damage|p2a: Sableye|125\/304 brn|[from] brn
|turn|31
|chat|Juice Weasel|gg
|
|move|p1a: Fletchinder|Acrobatics|p2a: Sableye
|-damage|p2a: Sableye|0 fnt
|faint|p2a: Sableye
|
|win|Juice Weasel
|raw|Ladder updating...
|raw|Juice Weasel's rating: 1533 &rarr; <strong>1563<\/strong><br \/>(+30 for winning)
|raw|xMarth's rating: 1732 &rarr; <strong>1702<\/strong><br \/>(-30 for losing)
|chat|xMarth|gg