|join|jazer
|join|Juice Weasel
|player|p1|jazer|169
|player|p2|Juice Weasel|154
|gametype|singles
|gen|6
|tier|UU
|rated
|rule|Sleep Clause Mod: Limit one foe put to sleep
|rule|Species Clause: Limit one of each Pokemon
|rule|OHKO Clause: OHKO moves are banned
|rule|Moody Clause: Moody is banned
|rule|Evasion Moves Clause: Evasion moves are banned
|rule|Endless Battle Clause: Forcing endless battles is banned.
|rule|HP Percentage Mod: HP is reported as percentages
|clearpoke
|poke|p1|Hydreigon, F
|poke|p1|Aerodactyl, M
|poke|p1|Nidoqueen, F
|poke|p1|Heracross, M
|poke|p1|Magneton
|poke|p1|Mew
|poke|p2|Slowbro, M
|poke|p2|Florges, F
|poke|p2|Roserade, M
|poke|p2|Escavalier, M
|poke|p2|Aerodactyl, M, shiny
|poke|p2|Hippowdon, F
|teampreview
|
|start
|switch|p1a: Nidoqueen|Nidoqueen, F|327\/327
|switch|p2a: Petrie|Aerodactyl, M, shiny|361\/361
|turn|1
|
|detailschange|p2a: Petrie|Aerodactyl-Mega, M, shiny
|message|Aerodactyl has Mega Evolved into Mega Aerodactyl!
|move|p2a: Petrie|Aqua Tail|p1a: Nidoqueen
|-supereffective|p1a: Nidoqueen
|-damage|p1a: Nidoqueen|67\/327
|move|p1a: Nidoqueen|Ice Beam|p2a: Petrie
|-supereffective|p2a: Petrie
|-damage|p2a: Petrie|88\/361
|
|turn|2
|
|switch|p1a: Hydreigon|Hydreigon, F|325\/325
|move|p2a: Petrie|Aerial Ace|p1a: Hydreigon
|-damage|p1a: Hydreigon|202\/325
|
|turn|3
|
|switch|p2a: Freya|Florges, F|360\/360
|move|p1a: Hydreigon|Dark Pulse|p2a: Freya
|-resisted|p2a: Freya
|-damage|p2a: Freya|311\/360
|
|-heal|p2a: Freya|333\/360|[from] item: Leftovers
|turn|4
|
|switch|p1a: Magneton|Magneton|269\/269
|switch|p2a: Hungry Hungry|Hippowdon, F|417\/417
|-weather|Sandstorm
|
|-weather|Sandstorm|[upkeep]
|turn|5
|
|move|p1a: Magneton|Hidden Power|p2a: Hungry Hungry
|-supereffective|p2a: Hungry Hungry
|-damage|p2a: Hungry Hungry|285\/417
|move|p2a: Hungry Hungry|Stealth Rock|p1a: Magneton
|-sidestart|p1: jazer|move: Stealth Rock
|
|-weather|Sandstorm|[upkeep]
|-heal|p2a: Hungry Hungry|311\/417|[from] item: Leftovers
|turn|6
|
|switch|p1a: Aerodactyl|Aerodactyl, M|331\/331
|-damage|p1a: Aerodactyl|249\/331|[from] Stealth Rock
|-ability|p1a: Aerodactyl|Pressure
|move|p2a: Hungry Hungry|Whirlwind|p1a: Aerodactyl
|drag|p1a: Mew|Mew|351\/351
|-damage|p1a: Mew|308\/351|[from] Stealth Rock
|
|-weather|Sandstorm|[upkeep]
|-damage|p1a: Mew|287\/351|[from] sandstorm
|-heal|p2a: Hungry Hungry|337\/417|[from] item: Leftovers
|turn|7
|
|move|p1a: Mew|Zen Headbutt|p2a: Hungry Hungry
|-damage|p2a: Hungry Hungry|203\/417
|-damage|p1a: Mew|252\/351|[from] item: Life Orb
|move|p2a: Hungry Hungry|Earthquake|p1a: Mew
|-damage|p1a: Mew|120\/351
|
|-weather|Sandstorm|[upkeep]
|-damage|p1a: Mew|99\/351|[from] sandstorm
|-heal|p2a: Hungry Hungry|229\/417|[from] item: Leftovers
|turn|8
|
|switch|p1a: Aerodactyl|Aerodactyl, M|249\/331
|-damage|p1a: Aerodactyl|167\/331|[from] Stealth Rock
|-ability|p1a: Aerodactyl|Pressure
|move|p2a: Hungry Hungry|Earthquake|p1a: Aerodactyl
|-immune|p1a: Aerodactyl|[msg]
|
|-weather|none
|-heal|p2a: Hungry Hungry|255\/417|[from] item: Leftovers
|turn|9
|
|detailschange|p1a: Aerodactyl|Aerodactyl-Mega, M
|message|Aerodactyl has Mega Evolved into Mega Aerodactyl!
|move|p1a: Aerodactyl|Stone Edge|p2a: Hungry Hungry
|-resisted|p2a: Hungry Hungry
|-damage|p2a: Hungry Hungry|182\/417
|move|p2a: Hungry Hungry|Slack Off|p2a: Hungry Hungry
|-heal|p2a: Hungry Hungry|391\/417
|
|-heal|p2a: Hungry Hungry|417\/417|[from] item: Leftovers
|turn|10
|
|move|p1a: Aerodactyl|Defog|p2a: Hungry Hungry
|-unboost|p2a: Hungry Hungry|evasion|1
|-sideend|p1: jazer|Stealth Rock|[from] move: Defog|[of] p1a: Aerodactyl
|move|p2a: Hungry Hungry|Whirlwind|p1a: Aerodactyl
|drag|p1a: Magneton|Magneton|269\/269
|
|turn|11
|
|switch|p1a: Aerodactyl|Aerodactyl-Mega, M|167\/331
|move|p2a: Hungry Hungry|Stealth Rock|p1a: Aerodactyl
|-sidestart|p1: jazer|move: Stealth Rock
|
|turn|12
|
|switch|p2a: Short Bus|Slowbro, M|393\/393
|move|p1a: Aerodactyl|Defog|p2a: Short Bus
|-unboost|p2a: Short Bus|evasion|1
|-sideend|p1: jazer|Stealth Rock|[from] move: Defog|[of] p1a: Aerodactyl
|
|turn|13
|
|switch|p1a: Heracross|Heracross, M|301\/301
|move|p2a: Short Bus|Scald|p1a: Heracross
|-damage|p1a: Heracross|207\/301
|-status|p1a: Heracross|brn
|
|-damage|p1a: Heracross|170\/301 brn|[from] brn
|turn|14
|
|switch|p2a: KnightsOftheRound|Escavalier, M|343\/343
|move|p1a: Heracross|Megahorn|p2a: KnightsOftheRound
|-resisted|p2a: KnightsOftheRound
|-damage|p2a: KnightsOftheRound|103\/343
|
|-heal|p2a: KnightsOftheRound|124\/343|[from] item: Leftovers
|-damage|p1a: Heracross|133\/301 brn|[from] brn
|turn|15
|
|switch|p1a: Mew|Mew|99\/351
|move|p2a: KnightsOftheRound|Rest|p2a: KnightsOftheRound
|-status|p2a: KnightsOftheRound|slp
|-heal|p2a: KnightsOftheRound|343\/343 slp|[silent]
|-status|p2a: KnightsOftheRound|slp|[from] move: Rest
|
|turn|16
|
|move|p1a: Mew|Swords Dance|p1a: Mew
|-boost|p1a: Mew|atk|2
|cant|p2a: KnightsOftheRound|slp
|move|p2a: KnightsOftheRound|Sleep Talk|p2a: KnightsOftheRound
|move|p2a: KnightsOftheRound|Iron Head|p1a: Mew|[from]Sleep Talk
|-damage|p1a: Mew|0 fnt
|faint|p1a: Mew
|
|
|switch|p1a: Hydreigon|Hydreigon, F|202\/325
|turn|17
|
|switch|p2a: Freya|Florges, F|333\/360
|move|p1a: Hydreigon|Fire Blast|p2a: Freya
|-damage|p2a: Freya|246\/360
|
|-heal|p2a: Freya|268\/360|[from] item: Leftovers
|turn|18
|
|switch|p1a: Magneton|Magneton|269\/269
|switch|p2a: Hungry Hungry|Hippowdon, F|417\/417
|-weather|Sandstorm
|
|-weather|Sandstorm|[upkeep]
|turn|19
|
|switch|p1a: Aerodactyl|Aerodactyl-Mega, M|167\/331
|move|p2a: Hungry Hungry|Whirlwind|p1a: Aerodactyl
|drag|p1a: Hydreigon|Hydreigon, F|202\/325
|
|-weather|Sandstorm|[upkeep]
|-damage|p1a: Hydreigon|182\/325|[from] sandstorm
|turn|20
|
|switch|p1a: Aerodactyl|Aerodactyl-Mega, M|167\/331
|move|p2a: Hungry Hungry|Stealth Rock|p1a: Aerodactyl
|-sidestart|p1: jazer|move: Stealth Rock
|
|-weather|Sandstorm|[upkeep]
|turn|21
|
|switch|p2a: Short Bus|Slowbro, M|393\/393
|move|p1a: Aerodactyl|Defog|p2a: Short Bus
|-unboost|p2a: Short Bus|evasion|1
|-sideend|p1: jazer|Stealth Rock|[from] move: Defog|[of] p1a: Aerodactyl
|
|-weather|Sandstorm|[upkeep]
|-damage|p2a: Short Bus|369\/393|[from] sandstorm
|-heal|p2a: Short Bus|393\/393|[from] item: Leftovers
|turn|22
|
|switch|p1a: Magneton|Magneton|269\/269
|move|p2a: Short Bus|Scald|p1a: Magneton
|-damage|p1a: Magneton|190\/269
|
|-weather|none
|turn|23
|
|switch|p2a: KnightsOftheRound|Escavalier, M|343\/343 slp
|move|p1a: Magneton|Thunderbolt|p2a: KnightsOftheRound
|-damage|p2a: KnightsOftheRound|192\/343 slp
|
|-heal|p2a: KnightsOftheRound|213\/343 slp|[from] item: Leftovers
|turn|24
|
|move|p1a: Magneton|Thunderbolt|p2a: KnightsOftheRound
|-damage|p2a: KnightsOftheRound|80\/343 slp
|cant|p2a: KnightsOftheRound|slp
|move|p2a: KnightsOftheRound|Sleep Talk|p2a: KnightsOftheRound
|move|p2a: KnightsOftheRound|Iron Head|p1a: Magneton|[from]Sleep Talk
|-resisted|p1a: Magneton
|-damage|p1a: Magneton|170\/269
|
|-heal|p2a: KnightsOftheRound|101\/343 slp|[from] item: Leftovers
|turn|25
|
|switch|p2a: Hungry Hungry|Hippowdon, F|417\/417
|-weather|Sandstorm
|move|p1a: Magneton|Thunderbolt|p2a: Hungry Hungry
|-immune|p2a: Hungry Hungry|[msg]
|
|-weather|Sandstorm|[upkeep]
|turn|26
|
|switch|p1a: Aerodactyl|Aerodactyl-Mega, M|167\/331
|switch|p2a: Short Bus|Slowbro, M|393\/393
|
|-weather|Sandstorm|[upkeep]
|-damage|p2a: Short Bus|369\/393|[from] sandstorm
|-heal|p2a: Short Bus|393\/393|[from] item: Leftovers
|turn|27
|
|switch|p1a: Magneton|Magneton|170\/269
|move|p2a: Short Bus|Scald|p1a: Magneton
|-damage|p1a: Magneton|85\/269
|
|-weather|Sandstorm|[upkeep]
|-damage|p2a: Short Bus|369\/393|[from] sandstorm
|-heal|p2a: Short Bus|393\/393|[from] item: Leftovers
|turn|28
|
|switch|p2a: Hungry Hungry|Hippowdon, F|417\/417
|move|p1a: Magneton|Hidden Power|p2a: Hungry Hungry
|-supereffective|p2a: Hungry Hungry
|-damage|p2a: Hungry Hungry|247\/417
|
|-weather|Sandstorm|[upkeep]
|-heal|p2a: Hungry Hungry|273\/417|[from] item: Leftovers
|turn|29
|
|switch|p1a: Aerodactyl|Aerodactyl-Mega, M|167\/331
|move|p2a: Hungry Hungry|Slack Off|p2a: Hungry Hungry
|-heal|p2a: Hungry Hungry|417\/417
|
|-weather|none
|turn|30
|
|move|p1a: Aerodactyl|Aerial Ace|p2a: Hungry Hungry
|-damage|p2a: Hungry Hungry|290\/417
|move|p2a: Hungry Hungry|Stealth Rock|p1a: Aerodactyl
|-sidestart|p1: jazer|move: Stealth Rock
|
|-heal|p2a: Hungry Hungry|316\/417|[from] item: Leftovers
|turn|31
|
|switch|p2a: Short Bus|Slowbro, M|393\/393
|move|p1a: Aerodactyl|Defog|p2a: Short Bus
|-unboost|p2a: Short Bus|evasion|1
|-sideend|p1: jazer|Stealth Rock|[from] move: Defog|[of] p1a: Aerodactyl
|
|turn|32
|
|switch|p1a: Nidoqueen|Nidoqueen, F|67\/327
|move|p2a: Short Bus|Scald|p1a: Nidoqueen
|-supereffective|p1a: Nidoqueen
|-damage|p1a: Nidoqueen|0 fnt
|faint|p1a: Nidoqueen
|
|
|switch|p1a: Heracross|Heracross, M|133\/301 brn
|turn|33
|
|switch|p2a: KnightsOftheRound|Escavalier, M|101\/343 slp
|move|p1a: Heracross|Close Combat|p2a: KnightsOftheRound
|-damage|p2a: KnightsOftheRound|0 fnt
|-unboost|p1a: Heracross|def|1
|-unboost|p1a: Heracross|spd|1
|faint|p2a: KnightsOftheRound
|
|-damage|p1a: Heracross|96\/301 brn|[from] brn
|
|switch|p2a: Highgarden|Roserade, M|261\/261
|turn|34
|
|switch|p1a: Magneton|Magneton|85\/269
|move|p2a: Highgarden|Sludge Bomb|p1a: Magneton
|-immune|p1a: Magneton|[msg]
|
|turn|35
|
|move|p2a: Highgarden|Hidden Power|p1a: Magneton
|-supereffective|p1a: Magneton
|-damage|p1a: Magneton|0 fnt
|-damage|p2a: Highgarden|235\/261|[from] item: Life Orb
|faint|p1a: Magneton
|
|
|switch|p1a: Hydreigon|Hydreigon, F|182\/325
|turn|36
|
|switch|p2a: Freya|Florges, F|268\/360
|move|p1a: Hydreigon|U-turn|p2a: Freya
|-resisted|p2a: Freya
|-damage|p2a: Freya|245\/360
|
|switch|p1a: Heracross|Heracross, M|96\/301 brn
|
|-heal|p2a: Freya|267\/360|[from] item: Leftovers
|-damage|p1a: Heracross|59\/301 brn|[from] brn
|turn|37
|
|move|p2a: Freya|Protect|p2a: Freya
|-singleturn|p2a: Freya|Protect
|move|p1a: Heracross|Megahorn|p2a: Freya
|-activate|p2a: Freya|Protect
|
|-heal|p2a: Freya|289\/360|[from] item: Leftovers
|-damage|p1a: Heracross|22\/301 brn|[from] brn
|turn|38
|
|switch|p2a: Petrie|Aerodactyl-Mega, M, shiny|88\/361
|move|p1a: Heracross|Megahorn|p2a: Petrie
|-crit|p2a: Petrie
|-resisted|p2a: Petrie
|-damage|p2a: Petrie|0 fnt
|faint|p2a: Petrie
|
|-damage|p1a: Heracross|0 fnt|[from] brn
|faint|p1a: Heracross
|
|switch|p1a: Hydreigon|Hydreigon, F|182\/325
|switch|p2a: Freya|Florges, F|289\/360
|turn|39
|
|move|p1a: Hydreigon|U-turn|p2a: Freya
|-resisted|p2a: Freya
|-damage|p2a: Freya|267\/360
|
|switch|p1a: Aerodactyl|Aerodactyl-Mega, M|167\/331
|move|p2a: Freya|Moonblast|p1a: Aerodactyl
|-damage|p1a: Aerodactyl|49\/331
|-unboost|p1a: Aerodactyl|spa|1
|
|-heal|p2a: Freya|289\/360|[from] item: Leftovers
|turn|40
|
|move|p1a: Aerodactyl|Stone Edge|p2a: Freya|[miss]
|-miss|p1a: Aerodactyl|p2a: Freya
|move|p2a: Freya|Moonblast|p1a: Aerodactyl
|-damage|p1a: Aerodactyl|0 fnt
|faint|p1a: Aerodactyl
|
|-heal|p2a: Freya|311\/360|[from] item: Leftovers
|-message|jazer forfeited.
|
|win|Juice Weasel
|raw|Ladder updating...
|raw|jazer's rating: 1323 &rarr; <strong>1312<\/strong><br \/>(-11 for losing)
|raw|Juice Weasel's rating: 1476 &rarr; <strong>1488<\/strong><br \/>(+12 for winning)
|leave|jazer
|player|p1