|join|Juice Weasel
|join|Kryptor
|player|p1|Juice Weasel|154
|player|p2|Kryptor|68
|gametype|singles
|gen|6
|tier|UU
|rated
|rule|Sleep Clause Mod: Limit one foe put to sleep
|rule|Species Clause: Limit one of each Pokemon
|rule|OHKO Clause: OHKO moves are banned
|rule|Moody Clause: Moody is banned
|rule|Evasion Moves Clause: Evasion moves are banned
|rule|Endless Battle Clause: Forcing endless battles is banned.
|rule|HP Percentage Mod: HP is reported as percentages
|clearpoke
|poke|p1|Crawdaunt, M
|poke|p1|Roserade, F
|poke|p1|Crobat, F
|poke|p1|Florges, F
|poke|p1|Mew
|poke|p1|Slowbro, M
|poke|p2|Honchkrow, M
|poke|p2|Forretress, F
|poke|p2|Florges, F
|poke|p2|Rotom-Heat
|poke|p2|Machamp, F
|poke|p2|Aerodactyl, F
|teampreview
|
|start
|switch|p1a: Crobat|Crobat, F|311\/311
|switch|p2a: Rotom-Heat|Rotom-Heat|241\/241
|turn|1
|
|move|p2a: Rotom-Heat|Trick|p1a: Crobat
|-activate|p2a: Rotom-Heat|move: Trick|[of] p1a: Crobat
|-item|p1a: Crobat|Choice Scarf|[from] move: Trick
|-item|p2a: Rotom-Heat|Black Sludge|[from] move: Trick
|move|p1a: Crobat|U-turn|p2a: Rotom-Heat
|-resisted|p2a: Rotom-Heat
|-damage|p2a: Rotom-Heat|209\/241
|
|switch|p1a: Roserade|Roserade, F|261\/261
|
|-damage|p2a: Rotom-Heat|179\/241|[from] item: Black Sludge
|turn|2
|
|switch|p1a: Florges|Florges, F|360\/360
|move|p2a: Rotom-Heat|Overheat|p1a: Florges
|-damage|p1a: Florges|218\/360
|-unboost|p2a: Rotom-Heat|spa|2
|
|-damage|p2a: Rotom-Heat|149\/241|[from] item: Black Sludge
|-heal|p1a: Florges|240\/360|[from] item: Leftovers
|turn|3
|
|switch|p2a: Forretress|Forretress, F|291\/291
|move|p1a: Florges|Protect|p1a: Florges
|-fail|p1a: Florges
|
|-heal|p1a: Florges|262\/360|[from] item: Leftovers
|turn|4
|
|switch|p1a: Mew|Mew|404\/404
|move|p2a: Forretress|Stealth Rock|p1a: Mew
|-sidestart|p1: Juice Weasel|move: Stealth Rock
|
|turn|5
|
|move|p1a: Mew|Knock Off|p2a: Forretress
|-damage|p2a: Forretress|246\/291
|-enditem|p2a: Forretress|Leftovers|[from] move: Knock Off|[of] p1a: Mew
|move|p2a: Forretress|Volt Switch|p1a: Mew
|-damage|p1a: Mew|376\/404
|
|switch|p2a: Rotom-Heat|Rotom-Heat|149\/241
|
|-damage|p2a: Rotom-Heat|119\/241|[from] item: Black Sludge
|-heal|p1a: Mew|401\/404|[from] item: Leftovers
|turn|6
|
|switch|p1a: Roserade|Roserade, F|261\/261
|-damage|p1a: Roserade|229\/261|[from] Stealth Rock
|move|p2a: Rotom-Heat|Trick|p1a: Roserade
|-activate|p2a: Rotom-Heat|move: Trick|[of] p1a: Roserade
|-item|p1a: Roserade|Black Sludge|[from] move: Trick
|-item|p2a: Rotom-Heat|Life Orb|[from] move: Trick
|
|-heal|p1a: Roserade|245\/261|[from] item: Black Sludge
|turn|7
|
|move|p1a: Roserade|Sludge Bomb|p2a: Rotom-Heat
|-damage|p2a: Rotom-Heat|0 fnt
|faint|p2a: Rotom-Heat
|
|-heal|p1a: Roserade|261\/261|[from] item: Black Sludge
|
|switch|p2a: Aerodactyl|Aerodactyl, F|302\/302
|-ability|p2a: Aerodactyl|Pressure
|turn|8
|
|switch|p1a: Slowbro|Slowbro, M|394\/394
|-damage|p1a: Slowbro|345\/394|[from] Stealth Rock
|detailschange|p2a: Aerodactyl|Aerodactyl-Mega, F
|message|Aerodactyl has Mega Evolved into Mega Aerodactyl!
|move|p2a: Aerodactyl|Stone Edge|p1a: Slowbro
|-damage|p1a: Slowbro|227\/394
|
|-heal|p1a: Slowbro|251\/394|[from] item: Leftovers
|turn|9
|
|switch|p2a: Forretress|Forretress, F|246\/291
|move|p1a: Slowbro|Scald|p2a: Forretress
|-damage|p2a: Forretress|93\/291
|
|-heal|p1a: Slowbro|275\/394|[from] item: Leftovers
|turn|10
|
|move|p2a: Forretress|Spikes|p1a: Slowbro
|-sidestart|p1: Juice Weasel|Spikes
|move|p1a: Slowbro|Scald|p2a: Forretress
|-damage|p2a: Forretress|0 fnt
|faint|p2a: Forretress
|
|-heal|p1a: Slowbro|299\/394|[from] item: Leftovers
|
|switch|p2a: Machamp|Machamp, F|384\/384
|turn|11
|
|move|p2a: Machamp|Knock Off|p1a: Slowbro
|-supereffective|p1a: Slowbro
|-damage|p1a: Slowbro|129\/394
|-enditem|p1a: Slowbro|Leftovers|[from] move: Knock Off|[of] p2a: Machamp
|move|p1a: Slowbro|Scald|p2a: Machamp
|-damage|p2a: Machamp|311\/384
|
|turn|12
|
|switch|p1a: Florges|Florges, F|262\/360
|-damage|p1a: Florges|217\/360|[from] Spikes
|-damage|p1a: Florges|172\/360|[from] Stealth Rock
|move|p2a: Machamp|Dynamic Punch|p1a: Florges
|-resisted|p1a: Florges
|-damage|p1a: Florges|46\/360
|-start|p1a: Florges|confusion
|
|-heal|p1a: Florges|68\/360|[from] item: Leftovers
|turn|13
|
|move|p2a: Machamp|Bullet Punch|p1a: Florges
|-supereffective|p1a: Florges
|-damage|p1a: Florges|0 fnt
|faint|p1a: Florges
|
|
|switch|p1a: Mew|Mew|401\/404
|-damage|p1a: Mew|351\/404|[from] Spikes
|-damage|p1a: Mew|301\/404|[from] Stealth Rock
|turn|14
|
|move|p1a: Mew|Defog|p2a: Machamp
|-unboost|p2a: Machamp|evasion|1
|-sideend|p1: Juice Weasel|Spikes|[from] move: Defog|[of] p1a: Mew
|-sideend|p1: Juice Weasel|Stealth Rock|[from] move: Defog|[of] p1a: Mew
|move|p2a: Machamp|Knock Off|p1a: Mew
|-supereffective|p1a: Mew
|-damage|p1a: Mew|29\/404
|-enditem|p1a: Mew|Leftovers|[from] move: Knock Off|[of] p2a: Machamp
|
|turn|15
|
|move|p2a: Machamp|Bullet Punch|p1a: Mew
|-damage|p1a: Mew|0 fnt
|faint|p1a: Mew
|
|
|switch|p1a: Crobat|Crobat, F|311\/311
|turn|16
|
|switch|p2a: Florges|Florges, F|360\/360
|move|p1a: Crobat|Brave Bird|p2a: Florges
|-crit|p2a: Florges
|-damage|p2a: Florges|35\/360
|-damage|p1a: Crobat|204\/311|[from] recoil|[of] p2a: Florges
|
|-heal|p2a: Florges|57\/360|[from] item: Leftovers
|turn|17
|
|move|p1a: Crobat|Brave Bird|p2a: Florges
|-damage|p2a: Florges|0 fnt
|-damage|p1a: Crobat|185\/311|[from] recoil|[of] p2a: Florges
|faint|p2a: Florges
|
|
|switch|p2a: Honchkrow|Honchkrow, M|341\/341
|turn|18
|
|move|p2a: Honchkrow|Sucker Punch|p1a: Crobat
|-damage|p1a: Crobat|0 fnt
|-damage|p2a: Honchkrow|307\/341|[from] item: Life Orb
|faint|p1a: Crobat
|-boost|p2a: Honchkrow|atk|1|[from] ability: Moxie
|
|
|switch|p1a: Slowbro|Slowbro, M|260\/394
|turn|19
|
|move|p2a: Honchkrow|Brave Bird|p1a: Slowbro
|-damage|p1a: Slowbro|0 fnt
|-damage|p2a: Honchkrow|221\/341|[from] recoil|[of] p1a: Slowbro
|-damage|p2a: Honchkrow|187\/341|[from] item: Life Orb
|faint|p1a: Slowbro
|-boost|p2a: Honchkrow|atk|1|[from] ability: Moxie
|
|
|switch|p1a: Roserade|Roserade, F|261\/261
|turn|20
|
|move|p2a: Honchkrow|Sucker Punch|p1a: Roserade
|-fail|p1a: Roserade
|move|p1a: Roserade|Sleep Powder|p2a: Honchkrow
|-status|p2a: Honchkrow|slp
|
|turn|21
|
|move|p1a: Roserade|Sludge Bomb|p2a: Honchkrow
|-damage|p2a: Honchkrow|0 fnt
|faint|p2a: Honchkrow
|
|
|switch|p2a: Aerodactyl|Aerodactyl-Mega, F|302\/302
|turn|22
|
|move|p2a: Aerodactyl|Aerial Ace|p1a: Roserade
|-supereffective|p1a: Roserade
|-damage|p1a: Roserade|0 fnt
|faint|p1a: Roserade
|
|
|switch|p1a: Crawdaunt|Crawdaunt, M|267\/267
|turn|23
|
|move|p2a: Aerodactyl|Aerial Ace|p1a: Crawdaunt
|-damage|p1a: Crawdaunt|105\/267
|move|p1a: Crawdaunt|Swords Dance|p1a: Crawdaunt
|-boost|p1a: Crawdaunt|atk|2
|
|turn|24
|
|move|p1a: Crawdaunt|Aqua Jet|p2a: Aerodactyl
|-supereffective|p2a: Aerodactyl
|-damage|p2a: Aerodactyl|0 fnt
|-damage|p1a: Crawdaunt|79\/267|[from] item: Life Orb
|faint|p2a: Aerodactyl
|
|
|switch|p2a: Machamp|Machamp, F|311\/384
|turn|25
|
|move|p1a: Crawdaunt|Crabhammer|p2a: Machamp
|-damage|p2a: Machamp|0 fnt
|-damage|p1a: Crawdaunt|53\/267|[from] item: Life Orb
|faint|p2a: Machamp
|
|win|Juice Weasel
|raw|Ladder updating...
|raw|Juice Weasel's rating: 1514 &rarr; <strong>1532<\/strong><br \/>(+18 for winning)
|raw|Kryptor's rating: 1474 &rarr; <strong>1456<\/strong><br \/>(-18 for losing)
|chat|Kryptor|gg
|leave|Kryptor
|player|p2
|chat|Juice Weasel|gg