|join|Ferocca
|join|Juice Weasel
|player|p1|Ferocca|169
|player|p2|Juice Weasel|154
|gametype|singles
|gen|6
|tier|UU
|rated
|rule|Sleep Clause Mod: Limit one foe put to sleep
|rule|Species Clause: Limit one of each PokÃ©mon
|rule|OHKO Clause: OHKO moves are banned
|rule|Moody Clause: Moody is banned
|rule|Evasion Moves Clause: Evasion moves are banned
|rule|Endless Battle Clause: Forcing endless battles is banned
|rule|HP Percentage Mod: HP is shown in percentages
|clearpoke
|poke|p1|Jirachi
|poke|p1|Hydreigon, F
|poke|p1|Chandelure, M
|poke|p1|Blissey, F
|poke|p1|Slowbro, M
|poke|p1|Toxicroak, M
|poke|p2|Feraligatr, F
|poke|p2|Darmanitan, M
|poke|p2|Abomasnow, M, shiny
|poke|p2|Alomomola, F
|poke|p2|Gligar, M
|poke|p2|Blissey, F
|rule|Swagger Clause: Swagger is banned
|rule|Baton Pass Clause: Limit one PokÃ©mon knowing Baton Pass
|teampreview
|
|start
|switch|p1a: Hydreigon|Hydreigon, F|325\/325
|switch|p2a: Darmaniman|Darmanitan, M|351\/351
|turn|1
|
|move|p1a: Hydreigon|U-turn|p2a: Darmaniman
|-resisted|p2a: Darmaniman
|-damage|p2a: Darmaniman|312\/351
|
|switch|p1a: Slowbro|Slowbro, M|394\/394
|move|p2a: Darmaniman|U-turn|p1a: Slowbro
|-supereffective|p1a: Slowbro
|-damage|p1a: Slowbro|272\/394
|-damage|p2a: Darmaniman|254\/351|[from] item: Rocky Helmet|[of] p1a: Slowbro
|
|switch|p2a: Scrooge|Abomasnow, M, shiny|383\/383
|-weather|Hail
|
|-weather|Hail|[upkeep]
|-damage|p1a: Slowbro|248\/394|[from] hail
|turn|2
|
|switch|p1a: Hydreigon|Hydreigon, F|325\/325
|detailschange|p2a: Scrooge|Abomasnow-Mega, M, shiny
|message|Abomasnow has Mega Evolved into Mega Abomasnow!
|move|p2a: Scrooge|Earthquake|p1a: Hydreigon
|-immune|p1a: Hydreigon|[msg]
|
|-weather|Hail|[upkeep]
|-damage|p1a: Hydreigon|305\/325|[from] hail
|turn|3
|
|move|p2a: Scrooge|Ice Shard|p1a: Hydreigon
|-supereffective|p1a: Hydreigon
|-damage|p1a: Hydreigon|131\/325
|move|p1a: Hydreigon|U-turn|p2a: Scrooge
|-supereffective|p2a: Scrooge
|-damage|p2a: Scrooge|287\/383
|
|switch|p1a: Chandelure|Chandelure, M|267\/267
|
|-weather|Hail|[upkeep]
|-damage|p1a: Chandelure|251\/267|[from] hail
|turn|4
|
|switch|p2a: King K. Rool|Feraligatr, F|311\/311
|move|p1a: Chandelure|Trick|p2a: King K. Rool
|-activate|p1a: Chandelure|move: Trick|[of] p2a: King K. Rool
|-item|p2a: King K. Rool|Choice Scarf|[from] move: Trick
|-item|p1a: Chandelure|Lum Berry|[from] move: Trick
|
|-weather|Hail|[upkeep]
|-damage|p2a: King K. Rool|292\/311|[from] hail
|-damage|p1a: Chandelure|235\/267|[from] hail
|turn|5
|
|switch|p2a: Scrooge|Abomasnow-Mega, M, shiny|287\/383
|switch|p1a: Toxicroak|Toxicroak, M|307\/307
|
|-weather|none
|turn|6
|
|switch|p2a: Gligar|Gligar, M|333\/333
|move|p1a: Toxicroak|Poison Jab|p2a: Gligar
|-resisted|p2a: Gligar
|-damage|p2a: Gligar|299\/333
|
|turn|7
|
|switch|p1a: Slowbro|Slowbro, M|379\/394
|move|p2a: Gligar|U-turn|p1a: Slowbro
|-supereffective|p1a: Slowbro
|-damage|p1a: Slowbro|315\/394
|-damage|p2a: Gligar|244\/333|[from] item: Rocky Helmet|[of] p1a: Slowbro
|
|switch|p2a: Scrooge|Abomasnow-Mega, M, shiny|287\/383
|-weather|Hail
|
|-weather|Hail|[upkeep]
|-damage|p1a: Slowbro|291\/394|[from] hail
|turn|8
|
|switch|p1a: Chandelure|Chandelure, M|235\/267
|move|p2a: Scrooge|Seed Bomb|p1a: Chandelure
|-resisted|p1a: Chandelure
|-damage|p1a: Chandelure|155\/267
|
|-weather|Hail|[upkeep]
|-damage|p1a: Chandelure|139\/267|[from] hail
|turn|9
|
|switch|p2a: Teen Mom|Blissey, F|651\/651
|move|p1a: Chandelure|Flamethrower|p2a: Teen Mom
|-damage|p2a: Teen Mom|522\/651
|
|-weather|Hail|[upkeep]
|-damage|p1a: Chandelure|123\/267|[from] hail
|-damage|p2a: Teen Mom|482\/651|[from] hail
|-heal|p2a: Teen Mom|522\/651|[from] item: Leftovers
|turn|10
|
|switch|p1a: Jirachi|Jirachi|403\/403
|move|p2a: Teen Mom|Stealth Rock|p1a: Jirachi
|-sidestart|p1: Ferocca|move: Stealth Rock
|
|-weather|Hail|[upkeep]
|-damage|p1a: Jirachi|378\/403|[from] hail
|-damage|p2a: Teen Mom|482\/651|[from] hail
|-heal|p2a: Teen Mom|522\/651|[from] item: Leftovers
|turn|11
|
|switch|p2a: Clit|Alomomola, F|471\/471
|move|p1a: Jirachi|Doom Desire|p2a: Clit
|-start|p1a: Jirachi|Doom Desire
|
|-weather|none
|turn|12
|
|switch|p1a: Toxicroak|Toxicroak, M|307\/307
|-damage|p1a: Toxicroak|288\/307|[from] Stealth Rock
|move|p2a: Clit|Wish|p2a: Clit
|
|-heal|p1a: Toxicroak|307\/307|[from] item: Black Sludge
|turn|13
|
|switch|p2a: Gligar|Gligar, M|244\/333
|move|p1a: Toxicroak|Poison Jab|p2a: Gligar
|-crit|p2a: Gligar
|-resisted|p2a: Gligar
|-damage|p2a: Gligar|199\/333
|
|-message|Doom Desire hit! (placeholder)
|-damage|p2a: Gligar|0 fnt
|faint|p2a: Gligar
|
|switch|p2a: Darmaniman|Darmanitan, M|254\/351
|turn|14
|
|move|p1a: Toxicroak|Sucker Punch|p2a: Darmaniman
|-damage|p2a: Darmaniman|98\/351
|move|p2a: Darmaniman|U-turn|p1a: Toxicroak
|-resisted|p1a: Toxicroak
|-damage|p1a: Toxicroak|283\/307
|
|switch|p2a: Scrooge|Abomasnow-Mega, M, shiny|287\/383
|-weather|Hail
|
|-weather|Hail|[upkeep]
|-damage|p1a: Toxicroak|264\/307|[from] hail
|-heal|p1a: Toxicroak|283\/307|[from] item: Black Sludge
|turn|15
|
|move|p1a: Toxicroak|Drain Punch|p2a: Scrooge
|-supereffective|p2a: Scrooge
|-damage|p2a: Scrooge|39\/383
|-heal|p1a: Toxicroak|307\/307|[from] drain|[of] p2a: Scrooge
|move|p2a: Scrooge|Earthquake|p1a: Toxicroak
|-supereffective|p1a: Toxicroak
|-damage|p1a: Toxicroak|0 fnt
|faint|p1a: Toxicroak
|
|-weather|Hail|[upkeep]
|
|switch|p1a: Jirachi|Jirachi|378\/403
|-damage|p1a: Jirachi|353\/403|[from] Stealth Rock
|turn|16
|
|switch|p2a: Clit|Alomomola, F|471\/471
|move|p1a: Jirachi|Psyshock|p2a: Clit
|-damage|p2a: Clit|300\/471
|
|-weather|Hail|[upkeep]
|-damage|p1a: Jirachi|328\/403|[from] hail
|-damage|p2a: Clit|271\/471|[from] hail
|turn|17
|
|switch|p1a: Blissey|Blissey, F|714\/714
|-damage|p1a: Blissey|625\/714|[from] Stealth Rock
|move|p2a: Clit|Wish|p2a: Clit
|
|-weather|Hail|[upkeep]
|-damage|p2a: Clit|242\/471|[from] hail
|-damage|p1a: Blissey|581\/714|[from] hail
|-heal|p1a: Blissey|625\/714|[from] item: Leftovers
|turn|18
|
|move|p2a: Clit|Toxic|p1a: Blissey
|-status|p1a: Blissey|tox
|move|p1a: Blissey|Seismic Toss|p2a: Clit
|-damage|p2a: Clit|142\/471
|-damage|p1a: Blissey|506\/714 tox|[from] item: Rocky Helmet|[of] p2a: Clit
|
|-weather|none
|-heal|p2a: Clit|377\/471|[from] move: Wish|[wisher] Clit
|-heal|p1a: Blissey|550\/714 tox|[from] item: Leftovers
|-damage|p1a: Blissey|506\/714 tox|[from] psn
|turn|19
|
|move|p2a: Clit|Wish|p2a: Clit
|move|p1a: Blissey|Thunder Wave|p2a: Clit
|-status|p2a: Clit|par
|
|-heal|p1a: Blissey|550\/714 tox|[from] item: Leftovers
|-damage|p1a: Blissey|462\/714 tox|[from] psn
|turn|20
|
|move|p1a: Blissey|Wish|p1a: Blissey
|cant|p2a: Clit|par
|
|-heal|p2a: Clit|471\/471 par|[from] move: Wish|[wisher] Clit
|-heal|p1a: Blissey|506\/714 tox|[from] item: Leftovers
|-damage|p1a: Blissey|374\/714 tox|[from] psn
|turn|21
|
|switch|p1a: Hydreigon|Hydreigon, F|131\/325
|-damage|p1a: Hydreigon|91\/325|[from] Stealth Rock
|cant|p2a: Clit|par
|
|-heal|p1a: Hydreigon|325\/325|[from] move: Wish|[wisher] Blissey
|turn|22
|
|move|p1a: Hydreigon|U-turn|p2a: Clit
|-damage|p2a: Clit|422\/471 par
|-damage|p1a: Hydreigon|271\/325|[from] item: Rocky Helmet|[of] p2a: Clit
|
|switch|p1a: Jirachi|Jirachi|328\/403
|-damage|p1a: Jirachi|303\/403|[from] Stealth Rock
|cant|p2a: Clit|par
|
|turn|23
|
|switch|p2a: Teen Mom|Blissey, F|522\/651
|move|p1a: Jirachi|Doom Desire|p2a: Teen Mom
|-start|p1a: Jirachi|Doom Desire
|
|-heal|p2a: Teen Mom|562\/651|[from] item: Leftovers
|turn|24
|
|switch|p1a: Blissey|Blissey, F|374\/714
|-damage|p1a: Blissey|285\/714|[from] Stealth Rock
|move|p2a: Teen Mom|Heal Bell|p2a: Teen Mom
|-cureteam|p2a: Teen Mom|[from] move: HealBell
|
|-heal|p2a: Teen Mom|602\/651|[from] item: Leftovers
|-heal|p1a: Blissey|329\/714|[from] item: Leftovers
|turn|25
|
|switch|p2a: Clit|Alomomola, F|471\/471
|move|p1a: Blissey|Soft-Boiled|p1a: Blissey
|-heal|p1a: Blissey|686\/714
|
|-message|Doom Desire hit! (placeholder)
|-resisted|p2a: Clit
|-damage|p2a: Clit|263\/471
|-heal|p1a: Blissey|714\/714|[from] item: Leftovers
|turn|26
|
|move|p2a: Clit|Toxic|p1a: Blissey
|-status|p1a: Blissey|tox
|move|p1a: Blissey|Thunder Wave|p2a: Clit
|-status|p2a: Clit|par
|
|-damage|p1a: Blissey|670\/714 tox|[from] psn
|turn|27
|
|move|p1a: Blissey|Wish|p1a: Blissey
|move|p2a: Clit|Wish|p2a: Clit
|
|-heal|p1a: Blissey|714\/714 tox|[from] item: Leftovers
|-damage|p1a: Blissey|626\/714 tox|[from] psn
|turn|28
|
|switch|p1a: Jirachi|Jirachi|303\/403
|-damage|p1a: Jirachi|278\/403|[from] Stealth Rock
|move|p2a: Clit|Scald|p1a: Jirachi
|-damage|p1a: Jirachi|235\/403
|
|-heal|p1a: Jirachi|403\/403|[from] move: Wish|[wisher] Blissey
|-heal|p2a: Clit|471\/471 par|[from] move: Wish|[wisher] Clit
|turn|29
|
|move|p1a: Jirachi|Trick|p2a: Clit
|-activate|p1a: Jirachi|move: Trick|[of] p2a: Clit
|-item|p2a: Clit|Choice Specs|[from] move: Trick
|-item|p1a: Jirachi|Rocky Helmet|[from] move: Trick
|cant|p2a: Clit|par
|
|turn|30
|
|move|p1a: Jirachi|Charge Beam|p2a: Clit
|-supereffective|p2a: Clit
|-damage|p2a: Clit|357\/471 par
|-boost|p1a: Jirachi|spa|1
|move|p2a: Clit|Scald|p1a: Jirachi
|-damage|p1a: Jirachi|327\/403
|
|turn|31
|
|move|p1a: Jirachi|Charge Beam|p2a: Clit
|-supereffective|p2a: Clit
|-damage|p2a: Clit|155\/471 par
|-boost|p1a: Jirachi|spa|1
|cant|p2a: Clit|par
|
|turn|32
|
|switch|p2a: Teen Mom|Blissey, F|602\/651
|move|p1a: Jirachi|Doom Desire|p2a: Teen Mom
|-start|p1a: Jirachi|Doom Desire
|
|-heal|p2a: Teen Mom|642\/651|[from] item: Leftovers
|turn|33
|
|move|p1a: Jirachi|Psyshock|p2a: Teen Mom
|-damage|p2a: Teen Mom|173\/651
|move|p2a: Teen Mom|Seismic Toss|p1a: Jirachi
|-damage|p1a: Jirachi|227\/403
|-damage|p2a: Teen Mom|65\/651|[from] item: Rocky Helmet|[of] p1a: Jirachi
|
|-heal|p2a: Teen Mom|105\/651|[from] item: Leftovers
|turn|34
|
|move|p1a: Jirachi|Psyshock|p2a: Teen Mom
|-damage|p2a: Teen Mom|0 fnt
|faint|p2a: Teen Mom
|
|-hint|Doom Desire did not hit because the target is fainted.
|
|switch|p2a: Darmaniman|Darmanitan, M|98\/351
|turn|35
|
|switch|p1a: Slowbro|Slowbro, M|394\/394
|-damage|p1a: Slowbro|345\/394|[from] Stealth Rock
|move|p2a: Darmaniman|U-turn|p1a: Slowbro
|-crit|p1a: Slowbro
|-supereffective|p1a: Slowbro
|-damage|p1a: Slowbro|177\/394
|-damage|p2a: Darmaniman|40\/351|[from] item: Rocky Helmet|[of] p1a: Slowbro
|
|switch|p2a: Scrooge|Abomasnow-Mega, M, shiny|39\/383
|-weather|Hail
|
|-weather|Hail|[upkeep]
|-damage|p1a: Slowbro|153\/394|[from] hail
|turn|36
|
|switch|p1a: Blissey|Blissey, F|626\/714
|-damage|p1a: Blissey|537\/714|[from] Stealth Rock
|move|p2a: Scrooge|Seed Bomb|p1a: Blissey
|-damage|p1a: Blissey|236\/714
|
|-weather|Hail|[upkeep]
|-damage|p1a: Blissey|192\/714|[from] hail
|-heal|p1a: Blissey|236\/714|[from] item: Leftovers
|turn|37
|
|switch|p2a: King K. Rool|Feraligatr, F|292\/311
|move|p1a: Blissey|Seismic Toss|p2a: King K. Rool
|-damage|p2a: King K. Rool|192\/311
|
|-weather|Hail|[upkeep]
|-damage|p2a: King K. Rool|173\/311|[from] hail
|-damage|p1a: Blissey|192\/714|[from] hail
|-heal|p1a: Blissey|236\/714|[from] item: Leftovers
|turn|38
|
|move|p2a: King K. Rool|Return|p1a: Blissey
|-damage|p1a: Blissey|27\/714
|move|p1a: Blissey|Soft-Boiled|p1a: Blissey
|-heal|p1a: Blissey|384\/714
|
|-weather|Hail|[upkeep]
|-damage|p2a: King K. Rool|154\/311|[from] hail
|-damage|p1a: Blissey|340\/714|[from] hail
|-heal|p1a: Blissey|384\/714|[from] item: Leftovers
|turn|39
|
|move|p2a: King K. Rool|Return|p1a: Blissey
|-crit|p1a: Blissey
|-damage|p1a: Blissey|71\/714
|move|p1a: Blissey|Soft-Boiled|p1a: Blissey
|-heal|p1a: Blissey|428\/714
|
|-weather|none
|-heal|p1a: Blissey|472\/714|[from] item: Leftovers
|turn|40
|
|switch|p2a: Darmaniman|Darmanitan, M|40\/351
|move|p1a: Blissey|Thunder Wave|p2a: Darmaniman
|-status|p2a: Darmaniman|par
|
|-heal|p1a: Blissey|516\/714|[from] item: Leftovers
|turn|41
|
|move|p1a: Blissey|Seismic Toss|p2a: Darmaniman
|-damage|p2a: Darmaniman|0 fnt
|faint|p2a: Darmaniman
|
|-heal|p1a: Blissey|560\/714|[from] item: Leftovers
|
|switch|p2a: Clit|Alomomola, F|312\/471 par
|turn|42
|
|move|p1a: Blissey|Wish|p1a: Blissey
|move|p2a: Clit|Healing Wish|p2a: Clit
|faint|p2a: Clit
|
|-heal|p1a: Blissey|604\/714|[from] item: Leftovers
|
|switch|p2a: Scrooge|Abomasnow-Mega, M, shiny|39\/383
|-heal|p2a: Scrooge|383\/383|[from] move: Healing Wish
|-weather|Hail
|turn|43
|
|move|p1a: Blissey|Thunder Wave|p2a: Scrooge
|-status|p2a: Scrooge|par
|move|p2a: Scrooge|Seed Bomb|p1a: Blissey
|-crit|p1a: Blissey
|-damage|p1a: Blissey|151\/714
|
|-weather|Hail|[upkeep]
|-damage|p1a: Blissey|107\/714|[from] hail
|-heal|p1a: Blissey|464\/714|[from] move: Wish|[wisher] Blissey
|-heal|p1a: Blissey|508\/714|[from] item: Leftovers
|turn|44
|
|move|p1a: Blissey|Wish|p1a: Blissey
|cant|p2a: Scrooge|par
|
|-weather|Hail|[upkeep]
|-damage|p1a: Blissey|464\/714|[from] hail
|-heal|p1a: Blissey|508\/714|[from] item: Leftovers
|turn|45
|
|move|p1a: Blissey|Seismic Toss|p2a: Scrooge
|-damage|p2a: Scrooge|283\/383 par
|move|p2a: Scrooge|Swords Dance|p2a: Scrooge
|-boost|p2a: Scrooge|atk|2
|
|-weather|Hail|[upkeep]
|-damage|p1a: Blissey|464\/714|[from] hail
|-heal|p1a: Blissey|714\/714|[from] move: Wish|[wisher] Blissey
|turn|46
|
|move|p1a: Blissey|Seismic Toss|p2a: Scrooge
|-damage|p2a: Scrooge|183\/383 par
|cant|p2a: Scrooge|par
|
|-weather|Hail|[upkeep]
|-damage|p1a: Blissey|670\/714|[from] hail
|-heal|p1a: Blissey|714\/714|[from] item: Leftovers
|turn|47
|
|move|p1a: Blissey|Seismic Toss|p2a: Scrooge
|-damage|p2a: Scrooge|83\/383 par
|move|p2a: Scrooge|Seed Bomb|p1a: Blissey
|-damage|p1a: Blissey|144\/714
|
|-weather|none
|-heal|p1a: Blissey|188\/714|[from] item: Leftovers
|turn|48
|
|move|p2a: Scrooge|Ice Shard|p1a: Blissey
|-damage|p1a: Blissey|0 fnt
|faint|p1a: Blissey
|
|
|switch|p1a: Slowbro|Slowbro, M|284\/394
|-damage|p1a: Slowbro|235\/394|[from] Stealth Rock
|turn|49
|
|move|p1a: Slowbro|Psyshock|p2a: Scrooge
|-damage|p2a: Scrooge|0 fnt
|faint|p2a: Scrooge
|
|chat|Juice Weasel|what a fucking noob. parahax is the only reason you won this battle
|chat|Juice Weasel|fucking scrub
|-message|Juice Weasel forfeited.
|
|win|Ferocca
|raw|Ladder updating...
|raw|Ferocca's rating: 1569 &rarr; <strong>1586<\/strong><br \/>(+17 for winning)
|raw|Juice Weasel's rating: 1506 &rarr; <strong>1490<\/strong><br \/>(-16 for losing)
|leave|Juice Weasel
|player|p2