|join|Juice Weasel
|join|waddlekikwi
|player|p1|Juice Weasel|172
|player|p2|waddlekikwi|2
|gametype|singles
|gen|6
|tier|UU
|rated
|rule|Sleep Clause Mod: Limit one foe put to sleep
|rule|Species Clause: Limit one of each Pokemon
|rule|OHKO Clause: OHKO moves are banned
|rule|Moody Clause: Moody is banned
|rule|Evasion Moves Clause: Evasion moves are banned
|rule|Endless Battle Clause: Forcing endless battles is banned.
|rule|HP Percentage Mod: HP is reported as percentages
|clearpoke
|poke|p1|Azelf
|poke|p1|Porygon2
|poke|p1|Lucario, F
|poke|p1|Blastoise, M
|poke|p1|Arcanine, F
|poke|p1|Doublade, F
|poke|p2|Arcanine, M
|poke|p2|Goodra, F
|poke|p2|Donphan, F
|poke|p2|Jirachi, shiny
|poke|p2|Umbreon, F, shiny
|poke|p2|Jolteon, M
|teampreview
|
|start
|switch|p1a: Blastoise|Blastoise, M|362\/362
|switch|p2a: HashTag|Jirachi, shiny|341\/341
|turn|1
|
|detailschange|p1a: Blastoise|Blastoise-Mega, M
|message|Blastoise has Mega Evolved into Mega Blastoise!
|move|p2a: HashTag|U-turn|p1a: Blastoise
|-damage|p1a: Blastoise|259\/362
|
|switch|p2a: Jolteon|Jolteon, M|272\/272
|-item|p2a: Jolteon|Air Balloon
|move|p1a: Blastoise|Scald|p2a: Jolteon
|-damage|p2a: Jolteon|109\/272
|-enditem|p2a: Jolteon|Air Balloon
|
|turn|2
|
|switch|p1a: Porygon2|Porygon2|374\/374
|-ability|p1a: Porygon2|Volt Absorb|[from] ability: Trace|[of] p2a: Jolteon
|move|p2a: Jolteon|Thunderbolt|p1a: Porygon2
|-immune|p1a: Porygon2|[msg]
|
|turn|3
|
|switch|p2a: Shady|Arcanine, M|322\/322
|-ability|p2a: Shady|Intimidate|[of] p1a: Porygon2
|-unboost|p1a: Porygon2|atk|1
|switch|p1a: Lucario|Lucario, F|281\/281
|
|turn|4
|
|switch|p1a: Arcanine|Arcanine, F|383\/383
|-ability|p1a: Arcanine|Intimidate|[of] p2a: Shady
|-unboost|p2a: Shady|atk|1
|move|p2a: Shady|Will-O-Wisp|p1a: Arcanine
|-fail|p1a: Arcanine
|
|turn|5
|
|switch|p2a: Goodra|Goodra, F|384\/384
|move|p1a: Arcanine|Will-O-Wisp|p2a: Goodra
|-status|p2a: Goodra|brn
|
|-damage|p2a: Goodra|336\/384 brn|[from] brn
|turn|6
|
|switch|p1a: Porygon2|Porygon2|374\/374
|-ability|p1a: Porygon2|Sap Sipper|[from] ability: Trace|[of] p2a: Goodra
|move|p2a: Goodra|Dragon Pulse|p1a: Porygon2
|-damage|p1a: Porygon2|302\/374
|
|-damage|p2a: Goodra|288\/384 brn|[from] brn
|turn|7
|
|move|p2a: Goodra|Dragon Pulse|p1a: Porygon2
|-damage|p1a: Porygon2|233\/374
|move|p1a: Porygon2|Tri Attack|p2a: Goodra
|-damage|p2a: Goodra|242\/384 brn
|
|-damage|p2a: Goodra|194\/384 brn|[from] brn
|turn|8
|
|switch|p1a: Lucario|Lucario, F|281\/281
|move|p2a: Goodra|Dragon Pulse|p1a: Lucario
|-resisted|p1a: Lucario
|-damage|p1a: Lucario|191\/281
|
|-damage|p2a: Goodra|146\/384 brn|[from] brn
|turn|9
|
|move|p1a: Lucario|Close Combat|p2a: Goodra
|-damage|p2a: Goodra|0 fnt
|-unboost|p1a: Lucario|def|1
|-unboost|p1a: Lucario|spd|1
|-damage|p1a: Lucario|163\/281|[from] item: Life Orb
|faint|p2a: Goodra
|
|
|switch|p2a: Zanzi|Donphan, F|384\/384
|turn|10
|
|switch|p1a: Blastoise|Blastoise-Mega, M|259\/362
|switch|p2a: HashTag|Jirachi, shiny|341\/341
|
|turn|11
|
|move|p2a: HashTag|Zen Headbutt|p1a: Blastoise
|-damage|p1a: Blastoise|90\/362
|move|p1a: Blastoise|Aura Sphere|p2a: HashTag
|-damage|p2a: HashTag|194\/341
|
|turn|12
|
|switch|p1a: Doublade|Doublade, F|322\/322
|move|p2a: HashTag|Zen Headbutt|p1a: Doublade
|-crit|p1a: Doublade
|-resisted|p1a: Doublade
|-damage|p1a: Doublade|252\/322
|
|turn|13
|
|switch|p2a: Shady|Arcanine, M|322\/322
|-ability|p2a: Shady|Intimidate|[of] p1a: Doublade
|-unboost|p1a: Doublade|atk|1
|move|p1a: Doublade|Shadow Sneak|p2a: Shady
|-damage|p2a: Shady|267\/322
|-damage|p1a: Doublade|199\/322|[from] item: Rocky Helmet|[of] p2a: Shady
|
|turn|14
|
|switch|p1a: Arcanine|Arcanine, F|383\/383
|-ability|p1a: Arcanine|Intimidate|[of] p2a: Shady
|-unboost|p2a: Shady|atk|1
|move|p2a: Shady|Flamethrower|p1a: Arcanine
|-resisted|p1a: Arcanine
|-damage|p1a: Arcanine|320\/383
|
|turn|15
|
|move|p2a: Shady|Morning Sun|p2a: Shady
|-heal|p2a: Shady|322\/322
|move|p1a: Arcanine|Will-O-Wisp|p2a: Shady
|-fail|p2a: Shady
|
|turn|16
|
|move|p2a: Shady|Flamethrower|p1a: Arcanine
|-resisted|p1a: Arcanine
|-damage|p1a: Arcanine|260\/383
|move|p1a: Arcanine|Will-O-Wisp|p2a: Shady
|-fail|p2a: Shady
|
|turn|17
|
|switch|p1a: Porygon2|Porygon2|233\/374
|-ability|p1a: Porygon2|Intimidate|[from] ability: Trace|[of] p2a: Shady
|-ability|p1a: Porygon2|Intimidate|[of] p2a: Shady
|-unboost|p2a: Shady|atk|1
|move|p2a: Shady|Flamethrower|p1a: Porygon2
|-damage|p1a: Porygon2|179\/374
|
|turn|18
|
|move|p2a: Shady|Will-O-Wisp|p1a: Porygon2|[miss]
|-miss|p2a: Shady|p1a: Porygon2
|move|p1a: Porygon2|Toxic|p2a: Shady
|-status|p2a: Shady|tox
|
|-damage|p2a: Shady|302\/322 tox|[from] psn
|turn|19
|
|switch|p1a: Arcanine|Arcanine, F|260\/383
|-ability|p1a: Arcanine|Intimidate|[of] p2a: Shady
|-unboost|p2a: Shady|atk|1
|move|p2a: Shady|Flamethrower|p1a: Arcanine
|-resisted|p1a: Arcanine
|-damage|p1a: Arcanine|192\/383
|
|-damage|p2a: Shady|262\/322 tox|[from] psn
|turn|20
|
|move|p2a: Shady|Flamethrower|p1a: Arcanine
|-resisted|p1a: Arcanine
|-damage|p1a: Arcanine|133\/383
|move|p1a: Arcanine|Morning Sun|p1a: Arcanine
|-heal|p1a: Arcanine|324\/383
|
|-damage|p2a: Shady|202\/322 tox|[from] psn
|turn|21
|
|move|p1a: Arcanine|Flare Blitz|p2a: Shady
|-resisted|p2a: Shady
|-damage|p2a: Shady|115\/322 tox
|-damage|p1a: Arcanine|261\/383|[from] item: Rocky Helmet|[of] p2a: Shady
|-damage|p1a: Arcanine|232\/383|[from] recoil|[of] p2a: Shady
|move|p2a: Shady|Morning Sun|p2a: Shady
|-heal|p2a: Shady|276\/322 tox
|
|-damage|p2a: Shady|196\/322 tox|[from] psn
|turn|22
|
|switch|p2a: Zanzi|Donphan, F|384\/384
|move|p1a: Arcanine|Flare Blitz|p2a: Zanzi
|-damage|p2a: Zanzi|248\/384
|-damage|p1a: Arcanine|187\/383|[from] recoil|[of] p2a: Zanzi
|
|-heal|p2a: Zanzi|272\/384|[from] item: Leftovers
|turn|23
|
|switch|p2a: Shady|Arcanine, M|196\/322 tox
|-ability|p2a: Shady|Intimidate|[of] p1a: Arcanine
|-unboost|p1a: Arcanine|atk|1
|move|p1a: Arcanine|Will-O-Wisp|p2a: Shady
|-fail|p2a: Shady
|
|-damage|p2a: Shady|176\/322 tox|[from] psn
|turn|24
|
|move|p2a: Shady|Morning Sun|p2a: Shady
|-heal|p2a: Shady|322\/322 tox
|move|p1a: Arcanine|Morning Sun|p1a: Arcanine
|-heal|p1a: Arcanine|378\/383
|
|-damage|p2a: Shady|282\/322 tox|[from] psn
|turn|25
|
|switch|p2a: NappyFav|Umbreon, F, shiny|394\/394
|move|p1a: Arcanine|Will-O-Wisp|p2a: NappyFav
|-status|p2a: NappyFav|brn
|
|-damage|p2a: NappyFav|345\/394 brn|[from] brn
|turn|26
|
|switch|p1a: Lucario|Lucario, F|163\/281
|move|p2a: NappyFav|Toxic|p1a: Lucario
|-fail|p1a: Lucario
|
|-heal|p2a: NappyFav|369\/394 brn|[from] item: Leftovers
|-damage|p2a: NappyFav|320\/394 brn|[from] brn
|turn|27
|
|move|p2a: NappyFav|Protect|p2a: NappyFav
|-singleturn|p2a: NappyFav|Protect
|move|p1a: Lucario|Swords Dance|p1a: Lucario
|-boost|p1a: Lucario|atk|2
|
|-heal|p2a: NappyFav|344\/394 brn|[from] item: Leftovers
|-damage|p2a: NappyFav|295\/394 brn|[from] brn
|turn|28
|
|move|p1a: Lucario|Close Combat|p2a: NappyFav
|-supereffective|p2a: NappyFav
|-damage|p2a: NappyFav|0 fnt
|-unboost|p1a: Lucario|def|1
|-unboost|p1a: Lucario|spd|1
|-damage|p1a: Lucario|135\/281|[from] item: Life Orb
|faint|p2a: NappyFav
|
|
|switch|p2a: Jolteon|Jolteon, M|109\/272
|turn|29
|
|switch|p2a: HashTag|Jirachi, shiny|194\/341
|move|p1a: Lucario|Extreme Speed|p2a: HashTag
|-resisted|p2a: HashTag
|-damage|p2a: HashTag|65\/341
|-damage|p1a: Lucario|107\/281|[from] item: Life Orb
|
|turn|30
|chat|Juice Weasel|you know you fucked up right?
|
|switch|p2a: Shady|Arcanine, M|282\/322 tox
|-ability|p2a: Shady|Intimidate|[of] p1a: Lucario
|-unboost|p1a: Lucario|atk|1
|move|p1a: Lucario|Extreme Speed|p2a: Shady
|-damage|p2a: Shady|84\/322 tox
|-damage|p1a: Lucario|61\/281|[from] item: Rocky Helmet|[of] p2a: Shady
|-damage|p1a: Lucario|33\/281|[from] item: Life Orb
|
|-damage|p2a: Shady|64\/322 tox|[from] psn
|turn|31
|chat|waddlekikwi|already did, idc anymore
|
|move|p1a: Lucario|Extreme Speed|p2a: Shady
|-damage|p2a: Shady|0 fnt
|-damage|p1a: Lucario|0 fnt|[from] item: Rocky Helmet|[of] p2a: Shady
|faint|p2a: Shady
|faint|p1a: Lucario
|
|
|switch|p1a: Azelf|Azelf|291\/291
|switch|p2a: HashTag|Jirachi, shiny|65\/341
|turn|32
|
|move|p1a: Azelf|Knock Off|p2a: HashTag
|-supereffective|p2a: HashTag
|-damage|p2a: HashTag|0 fnt
|faint|p2a: HashTag
|
|
|switch|p2a: Jolteon|Jolteon, M|109\/272
|turn|33
|
|move|p2a: Jolteon|Hidden Power|p1a: Azelf
|-damage|p1a: Azelf|209\/291
|move|p1a: Azelf|Knock Off|p2a: Jolteon
|-damage|p2a: Jolteon|0 fnt
|faint|p2a: Jolteon
|
|
|switch|p2a: Zanzi|Donphan, F|272\/384
|turn|34
|
|move|p1a: Azelf|Explosion|p2a: Zanzi
|-crit|p2a: Zanzi
|-damage|p2a: Zanzi|0 fnt
|faint|p1a: Azelf
|faint|p2a: Zanzi
|
|win|Juice Weasel
|raw|Ladder updating...
|leave|waddlekikwi
|raw|Juice Weasel's rating: 1567 &rarr; <strong>1574<\/strong><br \/>(+7 for winning)
|raw|waddlekikwi's rating: 1292 &rarr; <strong>1284<\/strong><br \/>(-8 for losing)
|player|p2