|join|Juice Weasel
|join|Akaryocyte
|player|p1|Juice Weasel|172
|player|p2|Akaryocyte|206
|gametype|singles
|gen|6
|tier|UU
|rated
|rule|Sleep Clause Mod: Limit one foe put to sleep
|rule|Species Clause: Limit one of each Pokemon
|rule|OHKO Clause: OHKO moves are banned
|rule|Moody Clause: Moody is banned
|rule|Evasion Moves Clause: Evasion moves are banned
|rule|Endless Battle Clause: Forcing endless battles is banned.
|rule|HP Percentage Mod: HP is reported as percentages
|clearpoke
|poke|p1|Alakazam, M
|poke|p1|Slowbro, F
|poke|p1|Mew
|poke|p1|Blissey, F
|poke|p1|Krookodile, M
|poke|p1|Fletchinder, F
|poke|p2|Goodra, M
|poke|p2|Blissey, F
|poke|p2|Empoleon, M
|poke|p2|Infernape, M
|poke|p2|Amoonguss, M
|poke|p2|Alakazam, M
|teampreview
|chat|Akaryocyte|lets do this haha
|
|start
|switch|p1a: Fletchinder|Fletchinder, F|265\/265
|switch|p2a: Leo|Empoleon, M|359\/359
|turn|1
|
|move|p1a: Fletchinder|Will-O-Wisp|p2a: Leo
|-status|p2a: Leo|brn
|move|p2a: Leo|Scald|p1a: Fletchinder
|-supereffective|p1a: Fletchinder
|-damage|p1a: Fletchinder|0 fnt
|faint|p1a: Fletchinder
|
|-damage|p2a: Leo|315\/359 brn|[from] brn
|chat|Akaryocyte|lol k?
|
|switch|p1a: Krookodile|Krookodile, M|331\/331
|turn|2
|chat|Akaryocyte|why fletch? lol
|chat|Juice Weasel|you were supposed to stealth rock like the good lil noob you are
|
|switch|p2a: Guss|Amoonguss, M|432\/432
|move|p1a: Krookodile|Earthquake|p2a: Guss
|-damage|p2a: Guss|281\/432
|
|-heal|p2a: Guss|308\/432|[from] item: Black Sludge
|turn|3
|chat|Akaryocyte|haha I don't mess around with threats ;)
|
|switch|p1a: Mew|Mew|403\/403
|move|p2a: Guss|Toxic|p1a: Mew
|-status|p1a: Mew|tox
|
|-heal|p2a: Guss|335\/432|[from] item: Black Sludge
|-damage|p1a: Mew|378\/403 tox|[from] psn
|turn|4
|
|switch|p2a: Leo|Empoleon, M|315\/359 brn
|move|p1a: Mew|Knock Off|p2a: Leo
|-damage|p2a: Leo|251\/359 brn
|-enditem|p2a: Leo|Leftovers|[from] move: Knock Off|[of] p1a: Mew
|
|-heal|p1a: Mew|403\/403 tox|[from] item: Leftovers
|-damage|p1a: Mew|353\/403 tox|[from] psn
|-damage|p2a: Leo|207\/359 brn|[from] brn
|turn|5
|
|switch|p1a: Short Bus|Slowbro, F|394\/394
|move|p2a: Leo|Stealth Rock|p1a: Short Bus
|-sidestart|p1: Juice Weasel|move: Stealth Rock
|
|-damage|p2a: Leo|163\/359 brn|[from] brn
|turn|6
|
|switch|p2a: eat it up|Blissey, F|714\/714
|move|p1a: Short Bus|Calm Mind|p1a: Short Bus
|-boost|p1a: Short Bus|spa|1
|-boost|p1a: Short Bus|spd|1
|
|turn|7
|
|move|p2a: eat it up|Toxic|p1a: Short Bus
|-status|p1a: Short Bus|tox
|move|p1a: Short Bus|Calm Mind|p1a: Short Bus
|-boost|p1a: Short Bus|spa|1
|-boost|p1a: Short Bus|spd|1
|
|-damage|p1a: Short Bus|370\/394 tox|[from] psn
|turn|8
|chat|Juice Weasel|so all your pokes have toxic. k
|
|move|p2a: eat it up|Heal Bell|p2a: eat it up
|-cureteam|p2a: eat it up|[from] move: HealBell
|move|p1a: Short Bus|Psyshock|p2a: eat it up
|-damage|p2a: eat it up|0 fnt
|faint|p2a: eat it up
|
|-damage|p1a: Short Bus|322\/394 tox|[from] psn
|chat|Akaryocyte|lol yah.
|
|switch|p2a: Inferape|Infernape, M|294\/294
|turn|9
|
|move|p2a: Inferape|U-turn|p1a: Short Bus
|-supereffective|p1a: Short Bus
|-damage|p1a: Short Bus|178\/394 tox
|-damage|p2a: Inferape|245\/294|[from] item: Rocky Helmet|[of] p1a: Short Bus
|
|switch|p2a: Leo|Empoleon, M|163\/359
|move|p1a: Short Bus|Psyshock|p2a: Leo
|-resisted|p2a: Leo
|-damage|p2a: Leo|88\/359
|
|-damage|p1a: Short Bus|106\/394 tox|[from] psn
|turn|10
|
|switch|p2a: Cypher|Goodra, M|370\/370
|switch|p1a: Blissey|Blissey, F|652\/652
|-damage|p1a: Blissey|571\/652|[from] Stealth Rock
|
|-heal|p1a: Blissey|611\/652|[from] item: Leftovers
|turn|11
|
|switch|p2a: Inferape|Infernape, M|245\/294
|move|p1a: Blissey|Heal Bell|p1a: Blissey
|-cureteam|p1a: Blissey|[from] move: HealBell
|
|-heal|p1a: Blissey|651\/652|[from] item: Leftovers
|turn|12
|chat|Akaryocyte|y u no have slack off?
|
|switch|p1a: Short Bus|Slowbro, F|237\/394
|-damage|p1a: Short Bus|188\/394|[from] Stealth Rock
|move|p2a: Inferape|Close Combat|p1a: Short Bus
|-resisted|p1a: Short Bus
|-damage|p1a: Short Bus|101\/394
|-damage|p2a: Inferape|196\/294|[from] item: Rocky Helmet|[of] p1a: Short Bus
|-unboost|p2a: Inferape|def|1
|-unboost|p2a: Inferape|spd|1
|
|turn|13
|
|switch|p2a: Guss|Amoonguss, M|432\/432
|move|p1a: Short Bus|Slack Off|p1a: Short Bus
|-heal|p1a: Short Bus|298\/394
|
|turn|14
|chat|Akaryocyte|o.
|
|switch|p1a: Mew|Mew|353\/403
|-damage|p1a: Mew|303\/403|[from] Stealth Rock
|move|p2a: Guss|Spore|p1a: Mew
|-status|p1a: Mew|slp
|
|-heal|p1a: Mew|328\/403 slp|[from] item: Leftovers
|turn|15
|chat|Akaryocyte|probably should have done that earlier lol
|
|switch|p2a: Inferape|Infernape, M|196\/294
|cant|p1a: Mew|slp
|
|-heal|p1a: Mew|353\/403 slp|[from] item: Leftovers
|turn|16
|
|switch|p1a: Short Bus|Slowbro, F|394\/394
|-damage|p1a: Short Bus|345\/394|[from] Stealth Rock
|move|p2a: Inferape|U-turn|p1a: Short Bus
|-crit|p1a: Short Bus
|-supereffective|p1a: Short Bus
|-damage|p1a: Short Bus|125\/394
|-damage|p2a: Inferape|147\/294|[from] item: Rocky Helmet|[of] p1a: Short Bus
|chat|Juice Weasel|ouch
|
|switch|p2a: Maal|Alakazam, M|252\/252
|
|turn|17
|chat|Akaryocyte|that helped.
|
|switch|p1a: Blissey|Blissey, F|651\/652
|-damage|p1a: Blissey|570\/652|[from] Stealth Rock
|detailschange|p2a: Maal|Alakazam-Mega, M
|message|Alakazam has Mega Evolved into Mega Alakazam!
|-ability|p2a: Maal|Natural Cure|[from] ability: Trace|[of] p1a: Blissey
|move|p2a: Maal|Energy Ball|p1a: Blissey
|-damage|p1a: Blissey|491\/652
|-unboost|p1a: Blissey|spd|1
|
|-heal|p1a: Blissey|531\/652|[from] item: Leftovers
|turn|18
|
|move|p2a: Maal|Calm Mind|p2a: Maal
|-boost|p2a: Maal|spa|1
|-boost|p2a: Maal|spd|1
|move|p1a: Blissey|Seismic Toss|p2a: Maal
|-damage|p2a: Maal|152\/252
|
|-heal|p1a: Blissey|571\/652|[from] item: Leftovers
|turn|19
|
|move|p2a: Maal|Psyshock|p1a: Blissey
|-damage|p1a: Blissey|54\/652
|move|p1a: Blissey|Seismic Toss|p2a: Maal
|-damage|p2a: Maal|52\/252
|
|-heal|p1a: Blissey|94\/652|[from] item: Leftovers
|turn|20
|
|move|p2a: Maal|Energy Ball|p1a: Blissey
|-damage|p1a: Blissey|0 fnt
|faint|p1a: Blissey
|
|
|switch|p1a: Krookodile|Krookodile, M|331\/331
|-damage|p1a: Krookodile|311\/331|[from] Stealth Rock
|turn|21
|chat|Akaryocyte|hm.
|
|move|p1a: Krookodile|Pursuit|p2a: Maal
|-supereffective|p2a: Maal
|-damage|p2a: Maal|0 fnt
|faint|p2a: Maal
|-boost|p1a: Krookodile|atk|1|[from] ability: Moxie
|
|
|switch|p2a: Inferape|Infernape, M|147\/294
|turn|22
|
|move|p1a: Krookodile|Pursuit|p2a: Inferape
|-resisted|p2a: Inferape
|-damage|p2a: Inferape|82\/294
|move|p2a: Inferape|U-turn|p1a: Krookodile
|-supereffective|p1a: Krookodile
|-damage|p1a: Krookodile|43\/331
|
|switch|p2a: Guss|Amoonguss, M|432\/432
|
|turn|23
|chat|Juice Weasel|how the fuck am i faster?
|
|switch|p1a: Mew|Mew|353\/403 slp
|-damage|p1a: Mew|303\/403 slp|[from] Stealth Rock
|move|p2a: Guss|Sludge Bomb|p1a: Mew
|-damage|p1a: Mew|237\/403 slp
|
|-heal|p1a: Mew|262\/403 slp|[from] item: Leftovers
|turn|24
|chat|Akaryocyte|you're scarfed?
|chat|Juice Weasel|if you're not you've been bluffing it well
|
|switch|p2a: Inferape|Infernape, M|82\/294
|cant|p1a: Mew|slp
|
|-heal|p1a: Mew|287\/403 slp|[from] item: Leftovers
|turn|25
|chat|Akaryocyte|LOL NO I'M BANDED
|
|move|p2a: Inferape|U-turn|p1a: Mew
|-supereffective|p1a: Mew
|-damage|p1a: Mew|79\/403 slp
|chat|Akaryocyte|you have a major bug weakness haha
|
|switch|p2a: Cypher|Goodra, M|370\/370
|-curestatus|p1a: Mew|slp
|move|p1a: Mew|Roost|p1a: Mew
|-heal|p1a: Mew|281\/403
|
|-heal|p1a: Mew|306\/403|[from] item: Leftovers
|turn|26
|chat|Juice Weasel|that's what fletch is for
|
|move|p1a: Mew|Defog|p2a: Cypher
|-unboost|p2a: Cypher|evasion|1
|-sideend|p1: Juice Weasel|Stealth Rock|[from] move: Defog|[of] p1a: Mew
|move|p2a: Cypher|Dragon Pulse|p1a: Mew
|-damage|p1a: Mew|200\/403
|
|-heal|p1a: Mew|225\/403|[from] item: Leftovers
|turn|27
|
|switch|p2a: Guss|Amoonguss, M|432\/432
|move|p1a: Mew|Knock Off|p2a: Guss
|-damage|p2a: Guss|368\/432
|-enditem|p2a: Guss|Black Sludge|[from] move: Knock Off|[of] p1a: Mew
|
|-heal|p1a: Mew|250\/403|[from] item: Leftovers
|turn|28
|
|move|p1a: Mew|Will-O-Wisp|p2a: Guss
|-status|p2a: Guss|brn
|move|p2a: Guss|Toxic|p1a: Mew
|-status|p1a: Mew|tox
|
|-heal|p1a: Mew|275\/403 tox|[from] item: Leftovers
|-damage|p1a: Mew|250\/403 tox|[from] psn
|-damage|p2a: Guss|314\/432 brn|[from] brn
|turn|29
|chat|Akaryocyte|gotta put that thing down
|
|move|p1a: Mew|Knock Off|p2a: Guss
|-damage|p2a: Guss|264\/432 brn
|move|p2a: Guss|Spore|p1a: Mew
|-fail|p1a: Mew
|
|-heal|p1a: Mew|275\/403 tox|[from] item: Leftovers
|-damage|p1a: Mew|225\/403 tox|[from] psn
|-damage|p2a: Guss|210\/432 brn|[from] brn
|turn|30
|
|move|p1a: Mew|Knock Off|p2a: Guss
|-damage|p2a: Guss|166\/432 brn
|move|p2a: Guss|Synthesis|p2a: Guss
|-heal|p2a: Guss|382\/432 brn
|
|-heal|p1a: Mew|250\/403 tox|[from] item: Leftovers
|-damage|p1a: Mew|175\/403 tox|[from] psn
|-damage|p2a: Guss|328\/432 brn|[from] brn
|turn|31
|
|switch|p2a: Leo|Empoleon, M|88\/359
|move|p1a: Mew|Roost|p1a: Mew
|-heal|p1a: Mew|377\/403 tox
|
|-heal|p1a: Mew|402\/403 tox|[from] item: Leftovers
|-damage|p1a: Mew|302\/403 tox|[from] psn
|turn|32
|
|switch|p2a: Inferape|Infernape, M|82\/294
|move|p1a: Mew|Knock Off|p2a: Inferape
|-crit|p2a: Inferape
|-resisted|p2a: Inferape
|-damage|p2a: Inferape|9\/294
|-enditem|p2a: Inferape|Choice Band|[from] move: Knock Off|[of] p1a: Mew
|
|-heal|p1a: Mew|327\/403 tox|[from] item: Leftovers
|-damage|p1a: Mew|202\/403 tox|[from] psn
|turn|33
|
|switch|p1a: Short Bus|Slowbro, F|256\/394
|move|p2a: Inferape|Flare Blitz|p1a: Short Bus
|-resisted|p1a: Short Bus
|-damage|p1a: Short Bus|197\/394
|-damage|p2a: Inferape|0 fnt|[from] item: Rocky Helmet|[of] p1a: Short Bus
|faint|p2a: Inferape
|
|
|switch|p2a: Cypher|Goodra, M|370\/370
|turn|34
|
|switch|p1a: Mew|Mew|202\/403 tox
|move|p2a: Cypher|Dragon Pulse|p1a: Mew
|-damage|p1a: Mew|99\/403 tox
|
|-heal|p1a: Mew|124\/403 tox|[from] item: Leftovers
|-damage|p1a: Mew|99\/403 tox|[from] psn
|turn|35
|
|move|p1a: Mew|Roost|p1a: Mew
|-heal|p1a: Mew|301\/403 tox
|move|p2a: Cypher|Dragon Pulse|p1a: Mew
|-damage|p1a: Mew|198\/403 tox
|
|-heal|p1a: Mew|223\/403 tox|[from] item: Leftovers
|-damage|p1a: Mew|173\/403 tox|[from] psn
|turn|36
|
|move|p1a: Mew|Roost|p1a: Mew
|-heal|p1a: Mew|375\/403 tox
|move|p2a: Cypher|Dragon Pulse|p1a: Mew
|-damage|p1a: Mew|272\/403 tox
|
|-heal|p1a: Mew|297\/403 tox|[from] item: Leftovers
|-damage|p1a: Mew|222\/403 tox|[from] psn
|turn|37
|chat|Akaryocyte|well you can keep roosting but you're gonna die eventually
|
|move|p1a: Mew|Knock Off|p2a: Cypher
|-damage|p2a: Cypher|268\/370
|-unboost|p1a: Mew|spe|1
|-enditem|p2a: Cypher|Assault Vest|[from] move: Knock Off|[of] p1a: Mew
|move|p2a: Cypher|Dragon Pulse|p1a: Mew
|-damage|p1a: Mew|119\/403 tox
|
|-heal|p1a: Mew|144\/403 tox|[from] item: Leftovers
|-damage|p1a: Mew|44\/403 tox|[from] psn
|turn|38
|
|move|p2a: Cypher|Dragon Pulse|p1a: Mew
|-crit|p1a: Mew
|-damage|p1a: Mew|0 fnt
|faint|p1a: Mew
|
|
|switch|p1a: Krookodile|Krookodile, M|43\/331
|turn|39
|
|switch|p2a: Leo|Empoleon, M|88\/359
|move|p1a: Krookodile|Earthquake|p2a: Leo
|-supereffective|p2a: Leo
|-damage|p2a: Leo|0 fnt
|faint|p2a: Leo
|-boost|p1a: Krookodile|atk|1|[from] ability: Moxie
|
|
|switch|p2a: Guss|Amoonguss, M|432\/432 brn
|turn|40
|
|move|p1a: Krookodile|Earthquake|p2a: Guss
|-damage|p2a: Guss|222\/432 brn
|move|p2a: Guss|Sludge Bomb|p1a: Krookodile
|-resisted|p1a: Krookodile
|-damage|p1a: Krookodile|0 fnt
|faint|p1a: Krookodile
|
|-damage|p2a: Guss|168\/432 brn|[from] brn
|
|switch|p1a: Haagen-Dazs|Alakazam, M|251\/251
|turn|41
|chat|Akaryocyte|should have pursited lol
|
|detailschange|p1a: Haagen-Dazs|Alakazam-Mega, M
|message|Alakazam has Mega Evolved into Mega Alakazam!
|-ability|p1a: Haagen-Dazs|Regenerator|[from] ability: Trace|[of] p2a: Guss
|move|p1a: Haagen-Dazs|Substitute|p1a: Haagen-Dazs
|-start|p1a: Haagen-Dazs|Substitute
|-damage|p1a: Haagen-Dazs|189\/251
|move|p2a: Guss|Spore|p1a: Haagen-Dazs
|
|-damage|p2a: Guss|114\/432 brn|[from] brn
|turn|42
|chat|Juice Weasel|:D
|chat|Akaryocyte|and that's game haha
|
|move|p1a: Haagen-Dazs|Psyshock|p2a: Guss
|-supereffective|p2a: Guss
|-damage|p2a: Guss|0 fnt
|faint|p2a: Guss
|
|
|switch|p2a: Cypher|Goodra, M|268\/370
|turn|43
|chat|Juice Weasel|honestly amoongus was a way bigger threat than this
|chat|Akaryocyte|gg ^_^ I'm not even mad we both played well
|
|move|p1a: Haagen-Dazs|Psyshock|p2a: Cypher
|-damage|p2a: Cypher|1\/370
|move|p2a: Cypher|Dragon Pulse|p1a: Haagen-Dazs
|-end|p1a: Haagen-Dazs|Substitute
|
|turn|44
|chat|Juice Weasel|gg man
|
|move|p1a: Haagen-Dazs|Psyshock|p2a: Cypher
|-damage|p2a: Cypher|0 fnt
|faint|p2a: Cypher
|
|win|Juice Weasel
|raw|Ladder updating...
|raw|Juice Weasel's rating: 1504 &rarr; <strong>1514<\/strong><br \/>(+10 for winning)
|raw|Akaryocyte's rating: 1305 &rarr; <strong>1296<\/strong><br \/>(-9 for losing)