|join|Neutricity
|join|Juice Weasel
|player|p1|Neutricity|52
|player|p2|Juice Weasel|154
|gametype|singles
|gen|6
|tier|UU
|rated
|rule|Sleep Clause Mod: Limit one foe put to sleep
|rule|Species Clause: Limit one of each Pokemon
|rule|OHKO Clause: OHKO moves are banned
|rule|Moody Clause: Moody is banned
|rule|Evasion Moves Clause: Evasion moves are banned
|rule|Endless Battle Clause: Forcing endless battles is banned
|rule|HP Percentage Mod: HP is reported as percentages
|clearpoke
|poke|p1|Hydreigon, M
|poke|p1|Seismitoad, M
|poke|p1|Blastoise, M
|poke|p1|Metagross
|poke|p1|Florges, F
|poke|p1|Victini
|poke|p2|Froslass, F
|poke|p2|Hydreigon, M
|poke|p2|Crobat, F
|poke|p2|Lucario, M
|poke|p2|Swampert, F
|poke|p2|Sableye, F
|rule|Baton Pass Clause: Limit 3 pokemon knowing Baton Pass
|teampreview
|
|start
|switch|p1a: Hydreigon|Hydreigon, M|325\/325
|switch|p2a: Frostitute|Froslass, F|281\/281
|turn|1
|chat|Neutricity|damn i like that nickname
|
|move|p1a: Hydreigon|U-turn|p2a: Frostitute
|-resisted|p2a: Frostitute
|-damage|p2a: Frostitute|245\/281
|-start|p1a: Hydreigon|Disable|U-turn
|
|switch|p1a: Metagross|Metagross|364\/364
|move|p2a: Frostitute|Icy Wind|p1a: Metagross
|-resisted|p1a: Metagross
|-damage|p1a: Metagross|328\/364
|
|turn|2
|chat|Juice Weasel|lol thanks
|
|switch|p2a: Swampert|Swampert, F|404\/404
|move|p1a: Metagross|Bullet Punch|p2a: Swampert
|-resisted|p2a: Swampert
|-damage|p2a: Swampert|372\/404
|
|-heal|p2a: Swampert|397\/404|[from] item: Leftovers
|turn|3
|
|switch|p1a: Seismitoad|Seismitoad, M|414\/414
|move|p2a: Swampert|Stealth Rock|p1a: Seismitoad
|-sidestart|p1: Neutricity|move: Stealth Rock
|
|-heal|p2a: Swampert|404\/404|[from] item: Leftovers
|turn|4
|
|switch|p2a: Crobat|Crobat, F|325\/325
|move|p1a: Seismitoad|Knock Off|p2a: Crobat
|-damage|p2a: Crobat|196\/325
|-enditem|p2a: Crobat|Black Sludge|[from] move: Knock Off|[of] p1a: Seismitoad
|
|turn|5
|
|move|p2a: Crobat|Taunt|p1a: Seismitoad
|-start|p1a: Seismitoad|move: Taunt
|move|p1a: Seismitoad|Knock Off|p2a: Crobat
|-damage|p2a: Crobat|111\/325
|
|turn|6
|
|move|p2a: Crobat|Roost|p2a: Crobat
|-heal|p2a: Crobat|274\/325
|move|p1a: Seismitoad|Knock Off|p2a: Crobat
|-damage|p2a: Crobat|188\/325
|
|turn|7
|
|move|p2a: Crobat|Brave Bird|p1a: Seismitoad
|-damage|p1a: Seismitoad|200\/414
|-damage|p2a: Crobat|117\/325|[from] recoil|[of] p1a: Seismitoad
|move|p1a: Seismitoad|Knock Off|p2a: Crobat
|-crit|p2a: Crobat
|-damage|p2a: Crobat|1\/325
|
|-heal|p1a: Seismitoad|225\/414|[from] item: Leftovers
|-end|p1a: Seismitoad|move: Taunt
|turn|8
|
|switch|p1a: Hydreigon|Hydreigon, M|325\/325
|-damage|p1a: Hydreigon|285\/325|[from] Stealth Rock
|move|p2a: Crobat|U-turn|p1a: Hydreigon
|-supereffective|p1a: Hydreigon
|-damage|p1a: Hydreigon|137\/325
|
|switch|p2a: Dilly Dally Ghost|Sableye, F|302\/302
|
|turn|9
|
|move|p2a: Dilly Dally Ghost|Will-O-Wisp|p1a: Hydreigon
|-status|p1a: Hydreigon|brn
|move|p1a: Hydreigon|U-turn|p2a: Dilly Dally Ghost
|-damage|p2a: Dilly Dally Ghost|266\/302
|
|switch|p1a: Florges|Florges, F|360\/360
|-damage|p1a: Florges|315\/360|[from] Stealth Rock
|
|-heal|p1a: Florges|337\/360|[from] item: Leftovers
|-heal|p2a: Dilly Dally Ghost|284\/302|[from] item: Leftovers
|turn|10
|
|move|p2a: Dilly Dally Ghost|Taunt|p1a: Florges
|-start|p1a: Florges|move: Taunt
|move|p1a: Florges|Moonblast|p2a: Dilly Dally Ghost
|-supereffective|p2a: Dilly Dally Ghost
|-damage|p2a: Dilly Dally Ghost|56\/302
|
|-heal|p1a: Florges|359\/360|[from] item: Leftovers
|-heal|p2a: Dilly Dally Ghost|74\/302|[from] item: Leftovers
|turn|11
|
|switch|p2a: Frostitute|Froslass, F|245\/281
|move|p1a: Florges|Moonblast|p2a: Frostitute
|-damage|p2a: Frostitute|83\/281
|-unboost|p2a: Frostitute|spa|1
|
|-heal|p1a: Florges|360\/360|[from] item: Leftovers
|turn|12
|
|switch|p1a: Seismitoad|Seismitoad, M|225\/414
|-damage|p1a: Seismitoad|200\/414|[from] Stealth Rock
|move|p2a: Frostitute|Destiny Bond|p2a: Frostitute
|-singlemove|p2a: Frostitute|Destiny Bond
|
|-heal|p1a: Seismitoad|225\/414|[from] item: Leftovers
|turn|13
|
|switch|p1a: Florges|Florges, F|360\/360
|-damage|p1a: Florges|315\/360|[from] Stealth Rock
|move|p2a: Frostitute|Spikes|p1a: Florges
|-sidestart|p1: Neutricity|Spikes
|
|-heal|p1a: Florges|337\/360|[from] item: Leftovers
|turn|14
|
|move|p2a: Frostitute|Taunt|p1a: Florges
|-start|p1a: Florges|move: Taunt
|cant|p1a: Florges|move: Taunt|Wish
|
|-heal|p1a: Florges|359\/360|[from] item: Leftovers
|turn|15
|
|move|p2a: Frostitute|Destiny Bond|p2a: Frostitute
|-singlemove|p2a: Frostitute|Destiny Bond
|move|p1a: Florges|Moonblast|p2a: Frostitute
|-damage|p2a: Frostitute|0 fnt
|faint|p2a: Frostitute
|-activate|p2a: Frostitute|Destiny Bond
|faint|p1a: Florges
|
|
|switch|p1a: Blastoise|Blastoise, M|362\/362
|-damage|p1a: Blastoise|317\/362|[from] Spikes
|-damage|p1a: Blastoise|272\/362|[from] Stealth Rock
|switch|p2a: Dilly Dally Ghost|Sableye, F|74\/302
|turn|16
|
|detailschange|p1a: Blastoise|Blastoise-Mega, M
|message|Blastoise has Mega Evolved into Mega Blastoise!
|move|p2a: Dilly Dally Ghost|Recover|p2a: Dilly Dally Ghost
|-heal|p2a: Dilly Dally Ghost|225\/302
|move|p1a: Blastoise|Water Pulse|p2a: Dilly Dally Ghost
|-damage|p2a: Dilly Dally Ghost|51\/302
|-start|p2a: Dilly Dally Ghost|confusion
|
|-heal|p2a: Dilly Dally Ghost|69\/302|[from] item: Leftovers
|turn|17
|
|switch|p2a: Hydreigon|Hydreigon, M|325\/325
|move|p1a: Blastoise|Water Pulse|p2a: Hydreigon
|-resisted|p2a: Hydreigon
|-damage|p2a: Hydreigon|218\/325
|
|turn|18
|
|switch|p1a: Seismitoad|Seismitoad, M|225\/414
|-damage|p1a: Seismitoad|200\/414|[from] Stealth Rock
|-damage|p1a: Seismitoad|149\/414|[from] Spikes
|move|p2a: Hydreigon|Draco Meteor|p1a: Seismitoad
|-damage|p1a: Seismitoad|0 fnt
|-unboost|p2a: Hydreigon|spa|2
|-damage|p2a: Hydreigon|186\/325|[from] item: Life Orb
|faint|p1a: Seismitoad
|
|
|switch|p1a: Blastoise|Blastoise-Mega, M|272\/362
|-damage|p1a: Blastoise|227\/362|[from] Stealth Rock
|-damage|p1a: Blastoise|182\/362|[from] Spikes
|turn|19
|
|switch|p2a: Dilly Dally Ghost|Sableye, F|69\/302
|move|p1a: Blastoise|Water Pulse|p2a: Dilly Dally Ghost
|-damage|p2a: Dilly Dally Ghost|0 fnt
|faint|p2a: Dilly Dally Ghost
|
|
|switch|p2a: Yahtzee|Lucario, M|281\/281
|turn|20
|
|move|p2a: Yahtzee|Close Combat|p1a: Blastoise
|-damage|p1a: Blastoise|0 fnt
|-unboost|p2a: Yahtzee|def|1
|-unboost|p2a: Yahtzee|spd|1
|-damage|p2a: Yahtzee|253\/281|[from] item: Life Orb
|faint|p1a: Blastoise
|
|
|switch|p1a: Metagross|Metagross|328\/364
|-damage|p1a: Metagross|306\/364|[from] Stealth Rock
|-damage|p1a: Metagross|261\/364|[from] Spikes
|turn|21
|
|switch|p2a: Swampert|Swampert, F|404\/404
|move|p1a: Metagross|Agility|p1a: Metagross
|-boost|p1a: Metagross|spe|2
|
|turn|22
|
|move|p1a: Metagross|Earthquake|p2a: Swampert
|-damage|p2a: Swampert|307\/404
|move|p2a: Swampert|Earthquake|p1a: Metagross
|-supereffective|p1a: Metagross
|-damage|p1a: Metagross|61\/364
|-enditem|p1a: Metagross|Weakness Policy
|-boost|p1a: Metagross|atk|2|[from] item: Weakness Policy
|-boost|p1a: Metagross|spa|2|[from] item: Weakness Policy
|
|-heal|p2a: Swampert|332\/404|[from] item: Leftovers
|turn|23
|
|move|p1a: Metagross|Earthquake|p2a: Swampert
|-damage|p2a: Swampert|124\/404
|move|p2a: Swampert|Scald|p1a: Metagross
|-damage|p1a: Metagross|0 fnt
|faint|p1a: Metagross
|
|-heal|p2a: Swampert|149\/404|[from] item: Leftovers
|
|switch|p1a: Hydreigon|Hydreigon, M|137\/325 brn
|-damage|p1a: Hydreigon|97\/325 brn|[from] Stealth Rock
|turn|24
|
|move|p1a: Hydreigon|U-turn|p2a: Swampert
|-crit|p2a: Swampert
|-damage|p2a: Swampert|115\/404
|
|switch|p1a: Victini|Victini|341\/341
|-damage|p1a: Victini|299\/341|[from] Spikes
|-damage|p1a: Victini|214\/341|[from] Stealth Rock
|move|p2a: Swampert|Scald|p1a: Victini
|-supereffective|p1a: Victini
|-damage|p1a: Victini|0 fnt
|faint|p1a: Victini
|
|-heal|p2a: Swampert|140\/404|[from] item: Leftovers
|chat|Juice Weasel|gg
|chat|Neutricity|gg
|
|switch|p1a: Hydreigon|Hydreigon, M|97\/325 brn
|-damage|p1a: Hydreigon|57\/325 brn|[from] Stealth Rock
|turn|25
|
|move|p1a: Hydreigon|Dark Pulse|p2a: Swampert
|-damage|p2a: Swampert|0 fnt
|faint|p2a: Swampert
|
|-damage|p1a: Hydreigon|17\/325 brn|[from] brn
|
|switch|p2a: Yahtzee|Lucario, M|253\/281
|turn|26
|
|move|p2a: Yahtzee|Extreme Speed|p1a: Hydreigon
|-damage|p1a: Hydreigon|0 fnt
|-damage|p2a: Yahtzee|225\/281|[from] item: Life Orb
|faint|p1a: Hydreigon
|
|win|Juice Weasel
|raw|Ladder updating...
|raw|Neutricity's rating: 1556 &rarr; <strong>1537<\/strong><br \/>(-19 for losing)
|raw|Juice Weasel's rating: 1565 &rarr; <strong>1584<\/strong><br \/>(+19 for winning)