|join|Playboykilla
|join|Juice Weasel
|player|p1|Playboykilla|101
|player|p2|Juice Weasel|172
|gametype|singles
|gen|6
|tier|UU
|rated
|rule|Sleep Clause Mod: Limit one foe put to sleep
|rule|Species Clause: Limit one of each Pokemon
|rule|OHKO Clause: OHKO moves are banned
|rule|Moody Clause: Moody is banned
|rule|Evasion Moves Clause: Evasion moves are banned
|rule|Endless Battle Clause: Forcing endless battles is banned.
|rule|HP Percentage Mod: HP is reported as percentages
|clearpoke
|poke|p1|Klefki, M
|poke|p1|Chandelure, F
|poke|p1|Aggron, M
|poke|p1|Galvantula, F
|poke|p1|Cloyster, F
|poke|p1|Machamp, F
|poke|p2|Reuniclus, M, shiny
|poke|p2|Flygon, F
|poke|p2|Entei, shiny
|poke|p2|Florges, F, shiny
|poke|p2|Swampert, M
|poke|p2|Toxicroak, M, shiny
|teampreview
|
|start
|switch|p1a: Klefki|Klefki, M|318\/318
|switch|p2a: Gogglezz|Flygon, F|301\/301
|turn|1
|
|move|p2a: Gogglezz|Earthquake|p1a: Klefki
|-supereffective|p1a: Klefki
|-damage|p1a: Klefki|54\/318
|move|p1a: Klefki|Play Rough|p2a: Gogglezz
|-supereffective|p2a: Gogglezz
|-damage|p2a: Gogglezz|83\/301
|
|-heal|p1a: Klefki|73\/318|[from] item: Leftovers
|turn|2
|
|switch|p1a: Cloyster|Cloyster, F|242\/242
|move|p2a: Gogglezz|Earthquake|p1a: Cloyster
|-damage|p1a: Cloyster|160\/242
|
|turn|3
|
|switch|p2a: Elbow Pads|Swampert, M|403\/403
|move|p1a: Cloyster|Icicle Spear|p2a: Elbow Pads
|-damage|p2a: Elbow Pads|373\/403
|-damage|p2a: Elbow Pads|343\/403
|-damage|p2a: Elbow Pads|312\/403
|-damage|p2a: Elbow Pads|282\/403
|-damage|p2a: Elbow Pads|255\/403
|-hitcount|p2a: Elbow Pads|5
|
|-heal|p2a: Elbow Pads|280\/403|[from] item: Leftovers
|turn|4
|
|switch|p1a: Aggron|Aggron, M|344\/344
|move|p2a: Elbow Pads|Roar|p1a: Aggron
|drag|p1a: Machamp|Machamp, F|322\/322
|
|-heal|p2a: Elbow Pads|305\/403|[from] item: Leftovers
|turn|5
|
|move|p1a: Machamp|Dynamic Punch|p2a: Elbow Pads
|-damage|p2a: Elbow Pads|89\/403
|-start|p2a: Elbow Pads|confusion
|-activate|p2a: Elbow Pads|confusion
|move|p2a: Elbow Pads|Stealth Rock|p1a: Machamp
|-sidestart|p1: Playboykilla|move: Stealth Rock
|
|-heal|p2a: Elbow Pads|114\/403|[from] item: Leftovers
|turn|6
|
|switch|p2a: Hemlock|Florges, F, shiny|359\/359
|move|p1a: Machamp|Dynamic Punch|p2a: Hemlock
|-resisted|p2a: Hemlock
|-damage|p2a: Hemlock|231\/359
|-start|p2a: Hemlock|confusion
|
|-heal|p2a: Hemlock|253\/359|[from] item: Leftovers
|turn|7
|
|switch|p1a: Klefki|Klefki, M|73\/318
|-damage|p1a: Klefki|54\/318|[from] Stealth Rock
|-activate|p2a: Hemlock|confusion
|move|p2a: Hemlock|Moonblast|p1a: Klefki
|-resisted|p1a: Klefki
|-damage|p1a: Klefki|0 fnt
|faint|p1a: Klefki
|
|-heal|p2a: Hemlock|275\/359|[from] item: Leftovers
|
|switch|p1a: Aggron|Aggron, M|344\/344
|-damage|p1a: Aggron|323\/344|[from] Stealth Rock
|turn|8
|
|switch|p2a: Mufasa|Entei, shiny|371\/371
|-ability|p2a: Mufasa|Pressure
|-formechange|p1a: Aggron|Aggron-Mega
|message|Aggron has Mega Evolved into Mega Aggron!
|move|p1a: Aggron|Iron Head|p2a: Mufasa
|-resisted|p2a: Mufasa
|-damage|p2a: Mufasa|299\/371
|
|turn|9
|
|switch|p1a: Cloyster|Cloyster, F|160\/242
|-damage|p1a: Cloyster|100\/242|[from] Stealth Rock
|move|p2a: Mufasa|Sacred Fire|p1a: Cloyster
|-damage|p1a: Cloyster|0 fnt
|faint|p1a: Cloyster
|
|
|switch|p1a: Galvantula|Galvantula, F|282\/282
|-damage|p1a: Galvantula|212\/282|[from] Stealth Rock
|turn|10
|
|switch|p1a: Chandelure|Chandelure, F|282\/282
|-damage|p1a: Chandelure|212\/282|[from] Stealth Rock
|move|p2a: Mufasa|Sacred Fire|p1a: Chandelure
|-start|p1a: Chandelure|ability: Flash Fire
|
|turn|11
|
|switch|p2a: Elbow Pads|Swampert, M|114\/403
|move|p1a: Chandelure|Shadow Ball|p2a: Elbow Pads
|-damage|p2a: Elbow Pads|0 fnt
|-damage|p1a: Chandelure|184\/282|[from] item: Life Orb
|faint|p2a: Elbow Pads
|
|
|switch|p2a: Gogglezz|Flygon, F|83\/301
|turn|12
|
|move|p2a: Gogglezz|Earthquake|p1a: Chandelure
|-supereffective|p1a: Chandelure
|-damage|p1a: Chandelure|0 fnt
|faint|p1a: Chandelure
|
|
|switch|p1a: Machamp|Machamp, F|322\/322
|-damage|p1a: Machamp|302\/322|[from] Stealth Rock
|turn|13
|
|switch|p2a: Hemlock|Florges, F, shiny|275\/359
|move|p1a: Machamp|Dynamic Punch|p2a: Hemlock
|-resisted|p2a: Hemlock
|-damage|p2a: Hemlock|159\/359
|-start|p2a: Hemlock|confusion
|
|-heal|p2a: Hemlock|181\/359|[from] item: Leftovers
|turn|14
|
|switch|p1a: Aggron|Aggron, M|323\/344
|-formechange|p1a: Aggron|Aggron-Mega
|-damage|p1a: Aggron|302\/344|[from] Stealth Rock
|-activate|p2a: Hemlock|confusion
|move|p2a: Hemlock|Wish|p2a: Hemlock
|
|-heal|p2a: Hemlock|203\/359|[from] item: Leftovers
|turn|15
|
|switch|p2a: Mufasa|Entei, shiny|299\/371
|-ability|p2a: Mufasa|Pressure
|move|p1a: Aggron|Earthquake|p2a: Mufasa
|-supereffective|p2a: Mufasa
|-damage|p2a: Mufasa|59\/371
|
|-heal|p2a: Mufasa|238\/371|[from] move: Wish|[wisher] Hemlock
|turn|16
|
|switch|p1a: Machamp|Machamp, F|302\/322
|-damage|p1a: Machamp|282\/322|[from] Stealth Rock
|move|p2a: Mufasa|Sacred Fire|p1a: Machamp
|-damage|p1a: Machamp|0 fnt
|faint|p1a: Machamp
|
|
|switch|p1a: Galvantula|Galvantula, F|212\/282
|-damage|p1a: Galvantula|142\/282|[from] Stealth Rock
|turn|17
|
|switch|p2a: Gogglezz|Flygon, F|83\/301
|move|p1a: Galvantula|Thunder|p2a: Gogglezz
|-immune|p2a: Gogglezz|[msg]
|
|turn|18
|
|move|p2a: Gogglezz|Earthquake|p1a: Galvantula
|-damage|p1a: Galvantula|0 fnt
|faint|p1a: Galvantula
|
|
|switch|p1a: Aggron|Aggron, M|302\/344
|-formechange|p1a: Aggron|Aggron-Mega
|-damage|p1a: Aggron|281\/344|[from] Stealth Rock
|turn|19
|
|move|p2a: Gogglezz|Earthquake|p1a: Aggron
|-supereffective|p1a: Aggron
|-damage|p1a: Aggron|169\/344
|move|p1a: Aggron|Iron Head|p2a: Gogglezz
|-damage|p2a: Gogglezz|0 fnt
|faint|p2a: Gogglezz
|
|
|switch|p2a: Mufasa|Entei, shiny|238\/371
|-ability|p2a: Mufasa|Pressure
|turn|20
|
|move|p2a: Mufasa|Sacred Fire|p1a: Aggron
|-supereffective|p1a: Aggron
|-damage|p1a: Aggron|0 fnt
|faint|p1a: Aggron
|
|win|Juice Weasel
|raw|Ladder updating...
|leave|Playboykilla
|player|p1
|raw|Playboykilla's rating: 1109 &rarr; <strong>1087<\/strong><br \/>(-22 for losing)
|raw|Juice Weasel's rating: 1148 &rarr; <strong>1170<\/strong><br \/>(+22 for winning)