|join|ULT Spook
|join|Juice Weasel
|player|p1|ULT Spook|152
|player|p2|Juice Weasel|154
|gametype|singles
|gen|6
|tier|UU
|rated
|rule|Sleep Clause Mod: Limit one foe put to sleep
|rule|Species Clause: Limit one of each PokÃ©mon
|rule|OHKO Clause: OHKO moves are banned
|rule|Moody Clause: Moody is banned
|rule|Evasion Moves Clause: Evasion moves are banned
|rule|Endless Battle Clause: Forcing endless battles is banned
|rule|HP Percentage Mod: HP is shown in percentages
|clearpoke
|poke|p1|Jirachi
|poke|p1|Hydreigon, M
|poke|p1|Rhyperior, F
|poke|p1|Florges, F
|poke|p1|Blastoise, F
|poke|p1|Victini
|poke|p2|Vaporeon, F
|poke|p2|Forretress, M, shiny
|poke|p2|Dugtrio, M
|poke|p2|Togekiss, F, shiny
|poke|p2|Hydreigon, F
|poke|p2|Raikou, shiny
|rule|Swagger Clause: Swagger is banned
|rule|Baton Pass Clause: Limit one PokÃ©mon knowing Baton Pass
|teampreview
|c|âULT Spook|not 
|c|âULT Spook|again
|c|âULT Spook|this man
|
|start
|switch|p1a: Jirachi|Jirachi|404\/404
|switch|p2a: 3 Little Dicklets|Dugtrio, M|211\/211
|turn|1
|
|move|p2a: 3 Little Dicklets|Earthquake|p1a: Jirachi
|-supereffective|p1a: Jirachi
|-damage|p1a: Jirachi|53\/404
|-damage|p2a: 3 Little Dicklets|190\/211|[from] item: Life Orb
|move|p1a: Jirachi|Iron Head|p2a: 3 Little Dicklets
|-damage|p2a: 3 Little Dicklets|24\/211
|
|-heal|p1a: Jirachi|78\/404|[from] item: Leftovers
|turn|2
|
|move|p2a: 3 Little Dicklets|Earthquake|p1a: Jirachi
|-supereffective|p1a: Jirachi
|-damage|p1a: Jirachi|0 fnt
|-damage|p2a: 3 Little Dicklets|3\/211|[from] item: Life Orb
|faint|p1a: Jirachi
|
|c|âJuice Weasel|say goodbye to your win con
|
|switch|p1a: Hydreigon|Hydreigon, M|325\/325
|turn|3
|
|switch|p2a: Scrambled|Togekiss, F, shiny|351\/351
|move|p1a: Hydreigon|U-turn|p2a: Scrambled
|-resisted|p2a: Scrambled
|-damage|p2a: Scrambled|342\/351
|
|switch|p1a: Rhyperior|Rhyperior, F|434\/434
|
|-heal|p2a: Scrambled|351\/351|[from] item: Leftovers
|turn|4
|
|switch|p2a: Ariel|Vaporeon, F|451\/451
|move|p1a: Rhyperior|Stealth Rock|p2a: Ariel
|-sidestart|p2: Juice Weasel|move: Stealth Rock
|
|turn|5
|
|switch|p1a: Florges|Florges, F|360\/360
|move|p2a: Ariel|Scald|p1a: Florges
|-damage|p1a: Florges|299\/360
|
|-heal|p1a: Florges|321\/360|[from] item: Leftovers
|turn|6
|
|switch|p1a: Victini|Victini|341\/341
|switch|p2a: Walnut|Forretress, M, shiny|353\/353
|-damage|p2a: Walnut|309\/353|[from] Stealth Rock
|
|-heal|p2a: Walnut|331\/353|[from] item: Leftovers
|turn|7
|
|switch|p2a: Ariel|Vaporeon, F|451\/451
|-damage|p2a: Ariel|395\/451|[from] Stealth Rock
|move|p1a: Victini|V-create|p2a: Ariel
|-resisted|p2a: Ariel
|-damage|p2a: Ariel|181\/451
|-unboost|p1a: Victini|def|1
|-unboost|p1a: Victini|spd|1
|-unboost|p1a: Victini|spe|1
|
|-heal|p2a: Ariel|209\/451|[from] item: Leftovers
|turn|8
|
|switch|p1a: Florges|Florges, F|321\/360
|move|p2a: Ariel|Protect|p2a: Ariel
|-fail|p2a: Ariel
|
|-heal|p1a: Florges|343\/360|[from] item: Leftovers
|-heal|p2a: Ariel|237\/451|[from] item: Leftovers
|turn|9
|
|switch|p1a: Blastoise|Blastoise, F|333\/333
|move|p2a: Ariel|Wish|p2a: Ariel
|
|-heal|p2a: Ariel|265\/451|[from] item: Leftovers
|turn|10
|
|switch|p1a: Florges|Florges, F|343\/360
|move|p2a: Ariel|Scald|p1a: Florges
|-damage|p1a: Florges|274\/360
|
|-heal|p2a: Ariel|451\/451|[from] move: Wish|[wisher] Ariel
|-heal|p1a: Florges|296\/360|[from] item: Leftovers
|turn|11
|
|move|p1a: Florges|Wish|p1a: Florges
|move|p2a: Ariel|Wish|p2a: Ariel
|
|-heal|p1a: Florges|318\/360|[from] item: Leftovers
|turn|12
|
|switch|p1a: Victini|Victini|341\/341
|move|p2a: Ariel|Baton Pass|p2a: Ariel
|
|switch|p2a: Hydreigon|Hydreigon, F|325\/325
|-damage|p2a: Hydreigon|285\/325|[from] Stealth Rock
|
|-heal|p2a: Hydreigon|325\/325|[from] move: Wish|[wisher] Ariel
|turn|13
|
|move|p2a: Hydreigon|Dark Pulse|p1a: Victini
|-supereffective|p1a: Victini
|-damage|p1a: Victini|53\/341
|move|p1a: Victini|Bolt Strike|p2a: Hydreigon
|-resisted|p2a: Hydreigon
|-damage|p2a: Hydreigon|216\/325
|
|turn|14
|
|switch|p2a: Walnut|Forretress, M, shiny|331\/353
|-damage|p2a: Walnut|287\/353|[from] Stealth Rock
|switch|p1a: Florges|Florges, F|318\/360
|
|-heal|p1a: Florges|340\/360|[from] item: Leftovers
|-heal|p2a: Walnut|309\/353|[from] item: Leftovers
|turn|15
|
|switch|p1a: Blastoise|Blastoise, F|333\/333
|move|p2a: Walnut|Rapid Spin|p1a: Blastoise
|-damage|p1a: Blastoise|318\/333
|-sideend|p2: Juice Weasel|Stealth Rock|[from] move: Rapid Spin|[of] p2a: Walnut
|
|-heal|p2a: Walnut|331\/353|[from] item: Leftovers
|turn|16
|
|switch|p2a: Ariel|Vaporeon, F|451\/451
|detailschange|p1a: Blastoise|Blastoise-Mega, F
|message|Blastoise has Mega Evolved into Mega Blastoise!
|move|p1a: Blastoise|Dragon Pulse|p2a: Ariel
|-damage|p2a: Ariel|288\/451
|
|-heal|p2a: Ariel|316\/451|[from] item: Leftovers
|turn|17
|
|switch|p1a: Florges|Florges, F|340\/360
|move|p2a: Ariel|Wish|p2a: Ariel
|
|-heal|p1a: Florges|360\/360|[from] item: Leftovers
|-heal|p2a: Ariel|344\/451|[from] item: Leftovers
|turn|18
|
|move|p1a: Florges|Moonblast|p2a: Ariel
|-damage|p2a: Ariel|239\/451
|-unboost|p2a: Ariel|spa|1
|move|p2a: Ariel|Baton Pass|p2a: Ariel
|
|switch|p2a: 3 Little Dicklets|Dugtrio, M|3\/211
|
|-heal|p2a: 3 Little Dicklets|211\/211|[from] move: Wish|[wisher] Ariel
|turn|19
|
|switch|p2a: Walnut|Forretress, M, shiny|331\/353
|move|p1a: Florges|Moonblast|p2a: Walnut
|-resisted|p2a: Walnut
|-damage|p2a: Walnut|238\/353
|-unboost|p2a: Walnut|spa|1
|
|-heal|p2a: Walnut|260\/353|[from] item: Leftovers
|turn|20
|-message|ULT Spook forfeited.
|
|win|Juice Weasel
|raw|Ladder updating...
|leave|ULT Spook
|player|p1
|raw|ULT Spook's rating: 1675 &rarr; <strong>1647<\/strong><br \/>(-28 for losing)
|raw|Juice Weasel's rating: 1529 &rarr; <strong>1557<\/strong><br \/>(+28 for winning)
|c|âJuice Weasel|get shrekt.