|join|Juice Weasel
|join|ULT stuu
|player|p1|Juice Weasel|154
|player|p2|ULT stuu|29
|gametype|singles
|gen|6
|tier|UU
|rated
|rule|Sleep Clause Mod: Limit one foe put to sleep
|rule|Species Clause: Limit one of each PokÃ©mon
|rule|OHKO Clause: OHKO moves are banned
|rule|Moody Clause: Moody is banned
|rule|Evasion Moves Clause: Evasion moves are banned
|rule|Endless Battle Clause: Forcing endless battles is banned
|rule|HP Percentage Mod: HP is shown in percentages
|clearpoke
|poke|p1|Feraligatr, M
|poke|p1|Darmanitan, M
|poke|p1|Abomasnow, M, shiny
|poke|p1|Alomomola, F
|poke|p1|Gligar, M
|poke|p1|Blissey, F
|poke|p2|Mew
|poke|p2|Aromatisse, M
|poke|p2|Slowbro, M
|poke|p2|Aggron, F
|poke|p2|Hippowdon, M
|poke|p2|Blissey, F
|rule|Swagger Clause: Swagger is banned
|rule|Baton Pass Clause: Limit one PokÃ©mon knowing Baton Pass
|teampreview
|
|start
|switch|p1a: Darmaniman|Darmanitan, M|351\/351
|switch|p2a: Aggron|Aggron, F|344\/344
|turn|1
|
|switch|p2a: Slowbro|Slowbro, M|394\/394
|move|p1a: Darmaniman|U-turn|p2a: Slowbro
|-supereffective|p2a: Slowbro
|-damage|p2a: Slowbro|278\/394
|-damage|p1a: Darmaniman|293\/351|[from] item: Rocky Helmet|[of] p2a: Slowbro
|
|switch|p1a: Scrooge|Abomasnow, M, shiny|383\/383
|-weather|Hail
|
|-weather|Hail|[upkeep]
|-damage|p2a: Slowbro|254\/394|[from] hail
|turn|2
|
|switch|p2a: Aggron|Aggron, F|344\/344
|detailschange|p1a: Scrooge|Abomasnow-Mega, M, shiny
|message|Abomasnow has Mega Evolved into Mega Abomasnow!
|move|p1a: Scrooge|Seed Bomb|p2a: Aggron
|-damage|p2a: Aggron|248\/344
|
|-weather|Hail|[upkeep]
|-damage|p2a: Aggron|227\/344|[from] hail
|turn|3
|
|switch|p1a: Gligar|Gligar, M|333\/333
|detailschange|p2a: Aggron|Aggron-Mega, F
|message|Aggron has Mega Evolved into Mega Aggron!
|move|p2a: Aggron|Stealth Rock|p1a: Gligar
|-sidestart|p1: Juice Weasel|move: Stealth Rock
|
|-weather|Hail|[upkeep]
|-damage|p1a: Gligar|313\/333|[from] hail
|-damage|p2a: Aggron|206\/344|[from] hail
|turn|4
|
|switch|p2a: Slowbro|Slowbro, M|385\/394
|move|p1a: Gligar|Defog|p2a: Slowbro
|-unboost|p2a: Slowbro|evasion|1
|-sideend|p1: Juice Weasel|Stealth Rock|[from] move: Defog|[of] p1a: Gligar
|
|-weather|Hail|[upkeep]
|-damage|p1a: Gligar|293\/333|[from] hail
|-damage|p2a: Slowbro|361\/394|[from] hail
|turn|5
|
|move|p1a: Gligar|U-turn|p2a: Slowbro
|-supereffective|p2a: Slowbro
|-damage|p2a: Slowbro|301\/394
|-damage|p1a: Gligar|238\/333|[from] item: Rocky Helmet|[of] p2a: Slowbro
|
|switch|p1a: Teen Mom|Blissey, F|651\/651
|move|p2a: Slowbro|Scald|p1a: Teen Mom
|-damage|p1a: Teen Mom|591\/651
|
|-weather|none
|-heal|p1a: Teen Mom|631\/651|[from] item: Leftovers
|turn|6
|
|switch|p2a: Aggron|Aggron-Mega, F|206\/344
|move|p1a: Teen Mom|Stealth Rock|p2a: Aggron
|-sidestart|p2: ULT stuu|move: Stealth Rock
|
|-heal|p1a: Teen Mom|651\/651|[from] item: Leftovers
|turn|7
|
|move|p1a: Teen Mom|Seismic Toss|p2a: Aggron
|-damage|p2a: Aggron|106\/344
|move|p2a: Aggron|Heavy Slam|p1a: Teen Mom
|-damage|p1a: Teen Mom|171\/651
|
|-heal|p1a: Teen Mom|211\/651|[from] item: Leftovers
|turn|8
|
|switch|p1a: Clit|Alomomola, F|471\/471
|move|p2a: Aggron|Stealth Rock|p1a: Clit
|-sidestart|p1: Juice Weasel|move: Stealth Rock
|
|turn|9
|
|switch|p2a: Mew|Mew|404\/404
|-damage|p2a: Mew|354\/404|[from] Stealth Rock
|move|p1a: Clit|Toxic|p2a: Mew
|-status|p2a: Mew|tox
|-status|p1a: Clit|tox
|
|-heal|p2a: Mew|379\/404 tox|[from] item: Leftovers
|-damage|p2a: Mew|354\/404 tox|[from] psn
|-damage|p1a: Clit|442\/471 tox|[from] psn
|turn|10
|
|switch|p2a: Slowbro|Slowbro, M|394\/394
|-damage|p2a: Slowbro|345\/394|[from] Stealth Rock
|move|p1a: Clit|Wish|p1a: Clit
|
|-damage|p1a: Clit|384\/471 tox|[from] psn
|turn|11
|
|switch|p1a: Teen Mom|Blissey, F|211\/651
|-damage|p1a: Teen Mom|130\/651|[from] Stealth Rock
|move|p2a: Slowbro|Calm Mind|p2a: Slowbro
|-boost|p2a: Slowbro|spa|1
|-boost|p2a: Slowbro|spd|1
|
|-heal|p1a: Teen Mom|365\/651|[from] move: Wish|[wisher] Clit
|-heal|p1a: Teen Mom|405\/651|[from] item: Leftovers
|turn|12
|
|move|p1a: Teen Mom|Heal Bell|p1a: Teen Mom
|-cureteam|p1a: Teen Mom|[from] move: HealBell
|move|p2a: Slowbro|Psyshock|p1a: Teen Mom
|-damage|p1a: Teen Mom|141\/651
|
|-heal|p1a: Teen Mom|181\/651|[from] item: Leftovers
|turn|13
|
|switch|p1a: Scrooge|Abomasnow-Mega, M, shiny|383\/383
|-damage|p1a: Scrooge|288\/383|[from] Stealth Rock
|-weather|Hail
|move|p2a: Slowbro|Calm Mind|p2a: Slowbro
|-boost|p2a: Slowbro|spa|1
|-boost|p2a: Slowbro|spd|1
|
|-weather|Hail|[upkeep]
|-damage|p2a: Slowbro|321\/394|[from] hail
|turn|14
|
|move|p2a: Slowbro|Psyshock|p1a: Scrooge
|-damage|p1a: Scrooge|113\/383
|move|p1a: Scrooge|Seed Bomb|p2a: Slowbro
|-supereffective|p2a: Slowbro
|-damage|p2a: Slowbro|87\/394
|
|-weather|Hail|[upkeep]
|-damage|p2a: Slowbro|63\/394|[from] hail
|turn|15
|
|move|p2a: Slowbro|Psyshock|p1a: Scrooge
|-damage|p1a: Scrooge|0 fnt
|faint|p1a: Scrooge
|
|-weather|Hail|[upkeep]
|-damage|p2a: Slowbro|39\/394|[from] hail
|
|switch|p1a: Gligar|Gligar, M|238\/333
|-damage|p1a: Gligar|197\/333|[from] Stealth Rock
|turn|16
|
|switch|p2a: Hippowdon|Hippowdon, M|420\/420
|-damage|p2a: Hippowdon|394\/420|[from] Stealth Rock
|-weather|Sandstorm
|move|p1a: Gligar|Defog|p2a: Hippowdon
|-unboost|p2a: Hippowdon|evasion|1
|-sideend|p2: ULT stuu|Stealth Rock|[from] move: Defog|[of] p2a: Hippowdon
|-sideend|p1: Juice Weasel|Stealth Rock|[from] move: Defog|[of] p1a: Gligar
|
|-weather|Sandstorm|[upkeep]
|-heal|p2a: Hippowdon|420\/420|[from] item: Leftovers
|turn|17
|
|move|p1a: Gligar|U-turn|p2a: Hippowdon
|-damage|p2a: Hippowdon|379\/420
|
|switch|p1a: King K. Rool|Feraligatr, M|311\/311
|move|p2a: Hippowdon|Toxic|p1a: King K. Rool
|-status|p1a: King K. Rool|tox
|-enditem|p1a: King K. Rool|Lum Berry|[eat]
|-curestatus|p1a: King K. Rool|tox
|
|-weather|Sandstorm|[upkeep]
|-damage|p1a: King K. Rool|292\/311|[from] sandstorm
|-heal|p2a: Hippowdon|405\/420|[from] item: Leftovers
|turn|18
|
|switch|p2a: Aromatisse|Aromatisse, M|406\/406
|move|p1a: King K. Rool|Swords Dance|p1a: King K. Rool
|-boost|p1a: King K. Rool|atk|2
|
|-weather|Sandstorm|[upkeep]
|-damage|p1a: King K. Rool|273\/311|[from] sandstorm
|-damage|p2a: Aromatisse|381\/406|[from] sandstorm
|-heal|p2a: Aromatisse|406\/406|[from] item: Leftovers
|turn|19
|
|move|p1a: King K. Rool|Waterfall|p2a: Aromatisse
|-damage|p2a: Aromatisse|172\/406
|cant|p2a: Aromatisse|flinch
|
|-weather|Sandstorm|[upkeep]
|-damage|p1a: King K. Rool|254\/311|[from] sandstorm
|-damage|p2a: Aromatisse|147\/406|[from] sandstorm
|-heal|p2a: Aromatisse|172\/406|[from] item: Leftovers
|turn|20
|chat|ULT stuu|nice]and
|chat|ULT stuu|skillful
|chat|ULT stuu|well done
|
|move|p1a: King K. Rool|Waterfall|p2a: Aromatisse
|-damage|p2a: Aromatisse|0 fnt
|faint|p2a: Aromatisse
|
|-weather|none
|
|switch|p2a: Slowbro|Slowbro, M|170\/394
|turn|21
|
|switch|p2a: Aggron|Aggron-Mega, F|106\/344
|move|p1a: King K. Rool|Return|p2a: Aggron
|-resisted|p2a: Aggron
|-damage|p2a: Aggron|55\/344
|
|turn|22
|
|move|p1a: King K. Rool|Waterfall|p2a: Aggron
|-damage|p2a: Aggron|0 fnt
|faint|p2a: Aggron
|
|
|switch|p2a: Slowbro|Slowbro, M|301\/394
|turn|23
|
|move|p1a: King K. Rool|Return|p2a: Slowbro
|-damage|p2a: Slowbro|140\/394
|-damage|p1a: King K. Rool|203\/311|[from] item: Rocky Helmet|[of] p2a: Slowbro
|move|p2a: Slowbro|Slack Off|p2a: Slowbro
|-heal|p2a: Slowbro|337\/394
|
|turn|24
|
|move|p1a: King K. Rool|Swords Dance|p1a: King K. Rool
|-boost|p1a: King K. Rool|atk|2
|move|p2a: Slowbro|Psyshock|p1a: King K. Rool
|-damage|p1a: King K. Rool|109\/311
|
|turn|25
|
|move|p1a: King K. Rool|Return|p2a: Slowbro
|-damage|p2a: Slowbro|112\/394
|-damage|p1a: King K. Rool|58\/311|[from] item: Rocky Helmet|[of] p2a: Slowbro
|move|p2a: Slowbro|Psyshock|p1a: King K. Rool
|-damage|p1a: King K. Rool|0 fnt
|faint|p1a: King K. Rool
|
|
|switch|p1a: Clit|Alomomola, F|471\/471
|turn|26
|
|switch|p1a: Darmaniman|Darmanitan, M|293\/351
|move|p2a: Slowbro|Slack Off|p2a: Slowbro
|-heal|p2a: Slowbro|309\/394
|
|turn|27
|
|move|p1a: Darmaniman|U-turn|p2a: Slowbro
|-supereffective|p2a: Slowbro
|-damage|p2a: Slowbro|189\/394
|-damage|p1a: Darmaniman|235\/351|[from] item: Rocky Helmet|[of] p2a: Slowbro
|
|switch|p1a: Clit|Alomomola, F|471\/471
|move|p2a: Slowbro|Scald|p1a: Clit
|-resisted|p1a: Clit
|-damage|p1a: Clit|415\/471
|
|turn|28
|
|switch|p2a: Blissey|Blissey, F|714\/714
|move|p1a: Clit|Toxic|p2a: Blissey
|-status|p2a: Blissey|tox
|
|-damage|p2a: Blissey|670\/714 tox|[from] psn
|turn|29
|
|move|p1a: Clit|Wish|p1a: Clit
|move|p2a: Blissey|Toxic|p1a: Clit|[miss]
|-miss|p2a: Blissey|p1a: Clit
|
|-heal|p2a: Blissey|714\/714 tox|[from] item: Leftovers
|-damage|p2a: Blissey|626\/714 tox|[from] psn
|turn|30
|
|switch|p1a: Darmaniman|Darmanitan, M|235\/351
|move|p2a: Blissey|Toxic|p1a: Darmaniman
|-status|p1a: Darmaniman|tox
|
|-heal|p1a: Darmaniman|351\/351 tox|[from] move: Wish|[wisher] Clit
|-heal|p2a: Blissey|670\/714 tox|[from] item: Leftovers
|-damage|p1a: Darmaniman|330\/351 tox|[from] psn
|-damage|p2a: Blissey|538\/714 tox|[from] psn
|turn|31
|
|switch|p1a: Teen Mom|Blissey, F|181\/651
|switch|p2a: Slowbro|Slowbro, M|320\/394
|
|-heal|p1a: Teen Mom|221\/651|[from] item: Leftovers
|turn|32
|
|move|p1a: Teen Mom|Stealth Rock|p2a: Slowbro
|-sidestart|p2: ULT stuu|move: Stealth Rock
|move|p2a: Slowbro|Calm Mind|p2a: Slowbro
|-boost|p2a: Slowbro|spa|1
|-boost|p2a: Slowbro|spd|1
|
|-heal|p1a: Teen Mom|261\/651|[from] item: Leftovers
|turn|33
|
|move|p1a: Teen Mom|Soft-Boiled|p1a: Teen Mom
|-heal|p1a: Teen Mom|587\/651
|move|p2a: Slowbro|Psyshock|p1a: Teen Mom
|-damage|p1a: Teen Mom|347\/651
|
|-heal|p1a: Teen Mom|387\/651|[from] item: Leftovers
|turn|34
|
|switch|p1a: Clit|Alomomola, F|471\/471
|move|p2a: Slowbro|Calm Mind|p2a: Slowbro
|-boost|p2a: Slowbro|spa|1
|-boost|p2a: Slowbro|spd|1
|
|turn|35
|
|move|p1a: Clit|Toxic|p2a: Slowbro
|-status|p2a: Slowbro|tox
|move|p2a: Slowbro|Calm Mind|p2a: Slowbro
|-boost|p2a: Slowbro|spa|1
|-boost|p2a: Slowbro|spd|1
|
|-damage|p2a: Slowbro|296\/394 tox|[from] psn
|turn|36
|
|move|p1a: Clit|Wish|p1a: Clit
|move|p2a: Slowbro|Psyshock|p1a: Clit
|-damage|p1a: Clit|239\/471
|
|-damage|p2a: Slowbro|248\/394 tox|[from] psn
|turn|37
|
|switch|p2a: Blissey|Blissey, F|538\/714
|-damage|p2a: Blissey|449\/714|[from] Stealth Rock
|move|p1a: Clit|Scald|p2a: Blissey
|-damage|p2a: Blissey|421\/714
|
|-heal|p1a: Clit|471\/471|[from] move: Wish|[wisher] Clit
|-heal|p2a: Blissey|465\/714|[from] item: Leftovers
|turn|38
|
|switch|p1a: Teen Mom|Blissey, F|387\/651
|move|p2a: Blissey|Toxic|p1a: Teen Mom
|-status|p1a: Teen Mom|tox
|
|-heal|p2a: Blissey|509\/714|[from] item: Leftovers
|-heal|p1a: Teen Mom|427\/651 tox|[from] item: Leftovers
|-damage|p1a: Teen Mom|387\/651 tox|[from] psn
|turn|39
|
|move|p1a: Teen Mom|Soft-Boiled|p1a: Teen Mom
|-heal|p1a: Teen Mom|651\/651 tox
|move|p2a: Blissey|Heal Bell|p2a: Blissey
|-cureteam|p2a: Blissey|[from] move: HealBell
|
|-heal|p2a: Blissey|553\/714|[from] item: Leftovers
|-damage|p1a: Teen Mom|571\/651 tox|[from] psn
|turn|40
|
|move|p1a: Teen Mom|Heal Bell|p1a: Teen Mom
|-cureteam|p1a: Teen Mom|[from] move: HealBell
|move|p2a: Blissey|Toxic|p1a: Teen Mom|[miss]
|-miss|p2a: Blissey|p1a: Teen Mom
|
|-heal|p2a: Blissey|597\/714|[from] item: Leftovers
|-heal|p1a: Teen Mom|611\/651|[from] item: Leftovers
|turn|41
|
|switch|p1a: Darmaniman|Darmanitan, M|330\/351
|move|p2a: Blissey|Toxic|p1a: Darmaniman
|-status|p1a: Darmaniman|tox
|
|-heal|p2a: Blissey|641\/714|[from] item: Leftovers
|-damage|p1a: Darmaniman|309\/351 tox|[from] psn
|turn|42
|
|switch|p2a: Slowbro|Slowbro, M|379\/394
|-damage|p2a: Slowbro|330\/394|[from] Stealth Rock
|move|p1a: Darmaniman|Flare Blitz|p2a: Slowbro
|-resisted|p2a: Slowbro
|-damage|p2a: Slowbro|228\/394
|-damage|p1a: Darmaniman|251\/351 tox|[from] item: Rocky Helmet|[of] p2a: Slowbro
|-damage|p1a: Darmaniman|217\/351 tox|[from] recoil|[of] p2a: Slowbro
|
|-damage|p1a: Darmaniman|175\/351 tox|[from] psn
|turn|43
|
|switch|p1a: Clit|Alomomola, F|471\/471
|move|p2a: Slowbro|Slack Off|p2a: Slowbro
|-heal|p2a: Slowbro|394\/394
|
|turn|44
|chat|Juice Weasel|sigh. another noob. another stall team. only reason you won was bc of min\/max. gg scrub
|-message|Juice Weasel forfeited.
|
|win|ULT stuu
|raw|Ladder updating...
|raw|Juice Weasel's rating: 1490 &rarr; <strong>1476<\/strong><br \/>(-14 for losing)
|raw|ULT stuu's rating: 1610 &rarr; <strong>1624<\/strong><br \/>(+14 for winning)
|leave|Juice Weasel
|player|p1