|join|holywifibatman
|join|Juice Weasel
|player|p1|holywifibatman|266
|player|p2|Juice Weasel|172
|gametype|singles
|gen|6
|tier|UU
|rated
|rule|Sleep Clause Mod: Limit one foe put to sleep
|rule|Species Clause: Limit one of each Pokemon
|rule|OHKO Clause: OHKO moves are banned
|rule|Moody Clause: Moody is banned
|rule|Evasion Moves Clause: Evasion moves are banned
|rule|Endless Battle Clause: Forcing endless battles is banned.
|rule|HP Percentage Mod: HP is reported as percentages
|clearpoke
|poke|p1|Absol, M
|poke|p1|Mienshao, M
|poke|p1|Azelf, shiny
|poke|p1|Florges, F
|poke|p1|Slowbro, M
|poke|p1|Forretress, M
|poke|p2|Reuniclus, M, shiny
|poke|p2|Flygon, M
|poke|p2|Entei, shiny
|poke|p2|Florges, F, shiny
|poke|p2|Swampert, F
|poke|p2|Toxicroak, M, shiny
|teampreview
|
|start
|switch|p1a: Mienshao|Mienshao, M|271\/271
|switch|p2a: Gogglezz|Flygon, M|301\/301
|turn|1
|
|move|p1a: Mienshao|Fake Out|p2a: Gogglezz
|-damage|p2a: Gogglezz|249\/301
|cant|p2a: Gogglezz|flinch
|
|turn|2
|chat|holywifibatman|.data mienshao
|
|switch|p1a: Florges|Florges, F|360\/360
|move|p2a: Gogglezz|U-turn|p1a: Florges
|-resisted|p1a: Florges
|-damage|p1a: Florges|313\/360
|
|switch|p2a: Mufasa|Entei, shiny|371\/371
|-ability|p2a: Mufasa|Pressure
|
|-heal|p1a: Florges|335\/360|[from] item: Leftovers
|turn|3
|
|move|p1a: Florges|Protect|p1a: Florges
|-singleturn|p1a: Florges|Protect
|move|p2a: Mufasa|Sacred Fire|p1a: Florges
|-activate|p1a: Florges|Protect
|
|-heal|p1a: Florges|357\/360|[from] item: Leftovers
|turn|4
|
|switch|p1a: Slowbro|Slowbro, M|394\/394
|move|p2a: Mufasa|Sacred Fire|p1a: Slowbro
|-resisted|p1a: Slowbro
|-damage|p1a: Slowbro|260\/394
|
|turn|5
|
|move|p2a: Mufasa|Sacred Fire|p1a: Slowbro
|-resisted|p1a: Slowbro
|-damage|p1a: Slowbro|128\/394
|move|p1a: Slowbro|Scald|p2a: Mufasa
|-supereffective|p2a: Mufasa
|-damage|p2a: Mufasa|17\/371
|
|turn|6
|
|move|p2a: Mufasa|Sacred Fire|p1a: Slowbro
|-resisted|p1a: Slowbro
|-damage|p1a: Slowbro|2\/394
|move|p1a: Slowbro|Scald|p2a: Mufasa
|-supereffective|p2a: Mufasa
|-damage|p2a: Mufasa|0 fnt
|faint|p2a: Mufasa
|
|chat|Juice Weasel|wow min damage twice and no burn. you are a lucky fuck
|
|switch|p2a: Gogglezz|Flygon, M|249\/301
|turn|7
|
|switch|p1a: Forretress|Forretress, M|354\/354
|move|p2a: Gogglezz|U-turn|p1a: Forretress
|-resisted|p1a: Forretress
|-damage|p1a: Forretress|332\/354
|chat|holywifibatman|happens
|
|switch|p2a: Huckleberry|Toxicroak, M, shiny|307\/307
|
|-heal|p1a: Forretress|354\/354|[from] item: Leftovers
|turn|8
|
|move|p2a: Huckleberry|Swords Dance|p2a: Huckleberry
|-boost|p2a: Huckleberry|atk|2
|move|p1a: Forretress|Stealth Rock|p2a: Huckleberry
|-sidestart|p2: Juice Weasel|move: Stealth Rock
|
|turn|9
|
|move|p2a: Huckleberry|Drain Punch|p1a: Forretress
|-damage|p1a: Forretress|173\/354
|-damage|p2a: Huckleberry|277\/307|[from] item: Life Orb
|move|p1a: Forretress|Volt Switch|p2a: Huckleberry
|-damage|p2a: Huckleberry|221\/307
|
|switch|p1a: Azelf|Azelf, shiny|291\/291
|
|turn|10
|
|move|p2a: Huckleberry|Sucker Punch|p1a: Azelf
|-supereffective|p1a: Azelf
|-damage|p1a: Azelf|0 fnt
|-damage|p2a: Huckleberry|191\/307|[from] item: Life Orb
|faint|p1a: Azelf
|
|chat|holywifibatman|fucking duh
|chat|holywifibatman|dammit
|
|switch|p1a: Florges|Florges, F|357\/360
|turn|11
|
|move|p2a: Huckleberry|Gunk Shot|p1a: Florges
|-supereffective|p1a: Florges
|-damage|p1a: Florges|0 fnt
|-damage|p2a: Huckleberry|161\/307|[from] item: Life Orb
|faint|p1a: Florges
|
|-message|holywifibatman forfeited.
|
|win|Juice Weasel
|raw|Ladder updating...
|leave|holywifibatman
|player|p1
|raw|holywifibatman's rating: 1259 &rarr; <strong>1242<\/strong><br \/>(-17 for losing)
|raw|Juice Weasel's rating: 1382 &rarr; <strong>1396<\/strong><br \/>(+14 for winning)