|join|Juice Weasel
|join|Mr.Flamboyant
|player|p1|Juice Weasel|154
|player|p2|Mr.Flamboyant|267
|gametype|singles
|gen|6
|tier|UU
|rated
|rule|Sleep Clause Mod: Limit one foe put to sleep
|rule|Species Clause: Limit one of each Pokemon
|rule|OHKO Clause: OHKO moves are banned
|rule|Moody Clause: Moody is banned
|rule|Evasion Moves Clause: Evasion moves are banned
|rule|Endless Battle Clause: Forcing endless battles is banned.
|rule|HP Percentage Mod: HP is reported as percentages
|clearpoke
|poke|p1|Crawdaunt, F
|poke|p1|Hydreigon, F
|poke|p1|Florges, F
|poke|p1|Mismagius, F
|poke|p1|Empoleon, F
|poke|p1|Heracross, M
|poke|p2|Nidoking, M
|poke|p2|Noivern, M
|poke|p2|Mew
|poke|p2|Forretress, F
|poke|p2|Aerodactyl, F
|poke|p2|Flygon, M
|teampreview
|
|start
|switch|p1a: Crawdaunt|Crawdaunt, F|267\/267
|switch|p2a: Flygon|Flygon, M|301\/301
|turn|1
|
|switch|p1a: Florges|Florges, F|360\/360
|move|p2a: Flygon|U-turn|p1a: Florges
|-resisted|p1a: Florges
|-damage|p1a: Florges|329\/360
|
|switch|p2a: Nidoking|Nidoking, M|304\/304
|
|-heal|p1a: Florges|351\/360|[from] item: Leftovers
|turn|2
|
|switch|p1a: Empoleon|Empoleon, F|372\/372
|move|p2a: Nidoking|Sludge Wave|p1a: Empoleon
|-immune|p1a: Empoleon|[msg]
|
|turn|3
|
|switch|p1a: Hydreigon|Hydreigon, F|325\/325
|move|p2a: Nidoking|Earth Power|p1a: Hydreigon
|-immune|p1a: Hydreigon|[msg]
|
|turn|4
|
|switch|p2a: Forretress|Forretress, F|354\/354
|move|p1a: Hydreigon|Draco Meteor|p2a: Forretress
|-resisted|p2a: Forretress
|-damage|p2a: Forretress|170\/354
|-unboost|p1a: Hydreigon|spa|2
|
|-heal|p2a: Forretress|192\/354|[from] item: Leftovers
|turn|5
|
|switch|p1a: Empoleon|Empoleon, F|372\/372
|move|p2a: Forretress|Volt Switch|p1a: Empoleon
|-supereffective|p1a: Empoleon
|-damage|p1a: Empoleon|318\/372
|
|switch|p2a: Flygon|Flygon, M|301\/301
|
|-heal|p1a: Empoleon|341\/372|[from] item: Leftovers
|turn|6
|
|switch|p1a: Florges|Florges, F|351\/360
|move|p2a: Flygon|Earthquake|p1a: Florges
|-damage|p1a: Florges|213\/360
|
|-heal|p1a: Florges|235\/360|[from] item: Leftovers
|turn|7
|
|switch|p2a: Nidoking|Nidoking, M|304\/304
|move|p1a: Florges|Moonblast|p2a: Nidoking
|-resisted|p2a: Nidoking
|-damage|p2a: Nidoking|229\/304
|
|-heal|p1a: Florges|257\/360|[from] item: Leftovers
|turn|8
|
|move|p1a: Florges|Protect|p1a: Florges
|-singleturn|p1a: Florges|Protect
|move|p2a: Nidoking|Sludge Wave|p1a: Florges
|-activate|p1a: Florges|Protect
|
|-heal|p1a: Florges|279\/360|[from] item: Leftovers
|turn|9
|
|switch|p1a: Hydreigon|Hydreigon, F|325\/325
|move|p2a: Nidoking|Earth Power|p1a: Hydreigon
|-immune|p1a: Hydreigon|[msg]
|
|turn|10
|
|switch|p2a: Mew|Mew|404\/404
|move|p1a: Hydreigon|Draco Meteor|p2a: Mew
|-damage|p2a: Mew|236\/404
|-unboost|p1a: Hydreigon|spa|2
|
|-heal|p2a: Mew|261\/404|[from] item: Leftovers
|turn|11
|
|switch|p1a: Heracross|Heracross, M|301\/301
|move|p2a: Mew|Stealth Rock|p1a: Heracross
|-sidestart|p1: Juice Weasel|move: Stealth Rock
|
|-heal|p2a: Mew|286\/404|[from] item: Leftovers
|turn|12
|
|switch|p2a: Aerodactyl|Aerodactyl, F|302\/302
|-ability|p2a: Aerodactyl|Pressure
|move|p1a: Heracross|Close Combat|p2a: Aerodactyl
|-damage|p2a: Aerodactyl|0 fnt
|-unboost|p1a: Heracross|def|1
|-unboost|p1a: Heracross|spd|1
|faint|p2a: Aerodactyl
|
|
|switch|p2a: Nidoking|Nidoking, M|229\/304
|turn|13
|
|switch|p1a: Empoleon|Empoleon, F|341\/372
|-damage|p1a: Empoleon|318\/372|[from] Stealth Rock
|move|p2a: Nidoking|Sludge Wave|p1a: Empoleon
|-immune|p1a: Empoleon|[msg]
|
|-heal|p1a: Empoleon|341\/372|[from] item: Leftovers
|turn|14
|
|move|p2a: Nidoking|Earth Power|p1a: Empoleon
|-supereffective|p1a: Empoleon
|-damage|p1a: Empoleon|29\/372
|move|p1a: Empoleon|Scald|p2a: Nidoking
|-crit|p2a: Nidoking
|-supereffective|p2a: Nidoking
|-damage|p2a: Nidoking|0 fnt
|faint|p2a: Nidoking
|
|-heal|p1a: Empoleon|52\/372|[from] item: Leftovers
|
|switch|p2a: Flygon|Flygon, M|301\/301
|turn|15
|
|move|p2a: Flygon|Earthquake|p1a: Empoleon
|-supereffective|p1a: Empoleon
|-damage|p1a: Empoleon|0 fnt
|faint|p1a: Empoleon
|
|
|switch|p1a: Mismagius|Mismagius, F|261\/261
|-damage|p1a: Mismagius|229\/261|[from] Stealth Rock
|turn|16
|
|switch|p2a: Forretress|Forretress, F|192\/354
|move|p1a: Mismagius|Shadow Ball|p2a: Forretress
|-damage|p2a: Forretress|0 fnt
|-damage|p1a: Mismagius|203\/261|[from] item: Life Orb
|faint|p2a: Forretress
|
|
|switch|p2a: Noivern|Noivern, M|311\/311
|turn|17
|
|switch|p1a: Florges|Florges, F|279\/360
|-damage|p1a: Florges|234\/360|[from] Stealth Rock
|move|p2a: Noivern|Flamethrower|p1a: Florges
|-damage|p1a: Florges|139\/360
|
|-heal|p1a: Florges|161\/360|[from] item: Leftovers
|turn|18
|
|switch|p2a: Mew|Mew|286\/404
|move|p1a: Florges|Wish|p1a: Florges
|
|-heal|p2a: Mew|311\/404|[from] item: Leftovers
|-heal|p1a: Florges|183\/360|[from] item: Leftovers
|turn|19
|
|move|p1a: Florges|Protect|p1a: Florges
|-singleturn|p1a: Florges|Protect
|move|p2a: Mew|Will-O-Wisp|p1a: Florges
|-activate|p1a: Florges|Protect
|
|-heal|p1a: Florges|360\/360|[from] move: Wish|[wisher] Florges
|-heal|p2a: Mew|336\/404|[from] item: Leftovers
|turn|20
|
|switch|p1a: Heracross|Heracross, M|301\/301
|-damage|p1a: Heracross|264\/301|[from] Stealth Rock
|move|p2a: Mew|Will-O-Wisp|p1a: Heracross
|-status|p1a: Heracross|brn
|
|-heal|p2a: Mew|361\/404|[from] item: Leftovers
|-damage|p1a: Heracross|227\/301 brn|[from] brn
|turn|21
|
|move|p1a: Heracross|Megahorn|p2a: Mew
|-supereffective|p2a: Mew
|-damage|p2a: Mew|0 fnt
|faint|p2a: Mew
|
|-damage|p1a: Heracross|190\/301 brn|[from] brn
|-message|Mr.Flamboyant forfeited.
|
|win|Juice Weasel
|raw|Ladder updating...
|leave|Mr.Flamboyant
|player|p2
|raw|Ladder (probably) updated, but score could not be retrieved (timeout).
|raw|Ladder (probably) updated, but score could not be retrieved (Error: socket hang up).