|join|edec
|join|Juice Weasel
|player|p1|edec|1
|player|p2|Juice Weasel|172
|gametype|singles
|gen|6
|tier|UU
|rated
|rule|Sleep Clause Mod: Limit one foe put to sleep
|rule|Species Clause: Limit one of each PokÃ©mon
|rule|OHKO Clause: OHKO moves are banned
|rule|Moody Clause: Moody is banned
|rule|Evasion Moves Clause: Evasion moves are banned
|rule|Endless Battle Clause: Forcing endless battles is banned
|rule|HP Percentage Mod: HP is shown in percentages
|clearpoke
|poke|p1|Alakazam, M
|poke|p1|Arcanine, M
|poke|p1|Chesnaught, M
|poke|p1|Jirachi
|poke|p1|Blastoise, M
|poke|p1|Florges, F
|poke|p2|Alakazam, F
|poke|p2|Arcanine, F
|poke|p2|Florges, F
|poke|p2|Doublade, M
|poke|p2|Hitmonlee, M
|poke|p2|Jirachi
|rule|Swagger Clause: Swagger is banned
|rule|Baton Pass Clause: Limit one PokÃ©mon knowing Baton Pass
|teampreview
|
|start
|switch|p1a: Jirachi|Jirachi|341\/341
|switch|p2a: Stardust|Jirachi|341\/341
|turn|1
|join|Call of Judy
|leave|Call of Judy
|
|move|p1a: Jirachi|U-turn|p2a: Stardust
|-damage|p2a: Stardust|263\/341
|join|Taisume
|
|switch|p1a: Arcanine|Arcanine, M|383\/383
|-ability|p1a: Arcanine|Intimidate|[of] p2a: Stardust
|-unboost|p2a: Stardust|atk|1
|move|p2a: Stardust|Stealth Rock|p1a: Arcanine
|-sidestart|p1: edec|move: Stealth Rock
|
|turn|2
|
|switch|p2a: Lionheart|Arcanine, F|383\/383
|-ability|p2a: Lionheart|Intimidate|[of] p1a: Arcanine
|-unboost|p1a: Arcanine|atk|1
|move|p1a: Arcanine|Toxic|p2a: Lionheart
|-status|p2a: Lionheart|tox
|
|-damage|p2a: Lionheart|360\/383 tox|[from] psn
|turn|3
|
|switch|p1a: Blastoise|Blastoise, M|358\/358
|-damage|p1a: Blastoise|314\/358|[from] Stealth Rock
|move|p2a: Lionheart|Will-O-Wisp|p1a: Blastoise
|-status|p1a: Blastoise|brn
|
|-damage|p2a: Lionheart|314\/383 tox|[from] psn
|-damage|p1a: Blastoise|270\/358 brn|[from] brn
|turn|4
|
|switch|p2a: Freya|Florges, F|360\/360
|detailschange|p1a: Blastoise|Blastoise-Mega, M
|-mega|p1a: Blastoise|Blastoise|Blastoisinite
|move|p1a: Blastoise|Rapid Spin|p2a: Freya
|-damage|p2a: Freya|353\/360
|-sideend|p1: edec|Stealth Rock|[from] move: Rapid Spin|[of] p1a: Blastoise
|
|-heal|p2a: Freya|360\/360|[from] item: Leftovers
|-damage|p1a: Blastoise|226\/358 brn|[from] brn
|turn|5
|
|switch|p1a: Jirachi|Jirachi|341\/341
|move|p2a: Freya|Aromatherapy|p2a: Freya
|-cureteam|p2a: Freya|[from] move: Aromatherapy
|
|turn|6
|
|move|p2a: Freya|Protect|p2a: Freya
|-singleturn|p2a: Freya|Protect
|move|p1a: Jirachi|Iron Head|p2a: Freya
|-activate|p2a: Freya|Protect
|
|turn|7
|
|switch|p2a: Lionheart|Arcanine, F|314\/383
|-ability|p2a: Lionheart|Intimidate|[of] p1a: Jirachi
|-unboost|p1a: Jirachi|atk|1
|move|p1a: Jirachi|Iron Head|p2a: Lionheart
|-resisted|p2a: Lionheart
|-damage|p2a: Lionheart|278\/383
|-damage|p1a: Jirachi|285\/341|[from] item: Rocky Helmet|[of] p2a: Lionheart
|
|turn|8
|leave|Taisume
|
|switch|p1a: Arcanine|Arcanine, M|383\/383
|-ability|p1a: Arcanine|Intimidate|[of] p2a: Lionheart
|-unboost|p2a: Lionheart|atk|1
|switch|p2a: Hagen-Dazs|Alakazam, F|251\/251
|
|turn|9
|
|detailschange|p2a: Hagen-Dazs|Alakazam-Mega, F
|-mega|p2a: Hagen-Dazs|Alakazam|Alakazite
|-ability|p2a: Hagen-Dazs|Intimidate|[from] ability: Trace|[of] p1a: Arcanine
|-ability|p2a: Hagen-Dazs|Intimidate|[of] p1a: Arcanine
|-unboost|p1a: Arcanine|atk|1
|move|p2a: Hagen-Dazs|Psyshock|p1a: Arcanine
|-damage|p1a: Arcanine|233\/383
|move|p1a: Arcanine|Flare Blitz|p2a: Hagen-Dazs
|-damage|p2a: Hagen-Dazs|110\/251
|-damage|p1a: Arcanine|186\/383|[from] recoil|[of] p2a: Hagen-Dazs
|
|turn|10
|
|switch|p2a: Lionheart|Arcanine, F|278\/383
|-ability|p2a: Lionheart|Intimidate|[of] p1a: Arcanine
|-unboost|p1a: Arcanine|atk|1
|switch|p1a: Jirachi|Jirachi|285\/341
|
|turn|11
|
|switch|p1a: Arcanine|Arcanine, M|186\/383
|-ability|p1a: Arcanine|Intimidate|[of] p2a: Lionheart
|-unboost|p2a: Lionheart|atk|1
|move|p2a: Lionheart|Flare Blitz|p1a: Arcanine
|-resisted|p1a: Arcanine
|-damage|p1a: Arcanine|142\/383
|-damage|p2a: Lionheart|215\/383|[from] item: Rocky Helmet|[of] p1a: Arcanine
|-damage|p2a: Lionheart|200\/383|[from] recoil|[of] p1a: Arcanine
|
|turn|12
|
|switch|p2a: Stardust|Jirachi|263\/341
|move|p1a: Arcanine|Morning Sun|p1a: Arcanine
|-heal|p1a: Arcanine|333\/383
|
|turn|13
|
|move|p2a: Stardust|Psychic|p1a: Arcanine
|-damage|p1a: Arcanine|173\/383
|move|p1a: Arcanine|Flare Blitz|p2a: Stardust
|-supereffective|p2a: Stardust
|-damage|p2a: Stardust|0 fnt
|-damage|p1a: Arcanine|86\/383|[from] recoil|[of] p2a: Stardust
|faint|p2a: Stardust
|
|
|switch|p2a: Hagen-Dazs|Alakazam-Mega, F|110\/251
|-ability|p2a: Hagen-Dazs|Intimidate|[from] ability: Trace|[of] p1a: Arcanine
|-ability|p2a: Hagen-Dazs|Intimidate|[of] p1a: Arcanine
|-unboost|p1a: Arcanine|atk|1
|turn|14
|
|switch|p1a: Jirachi|Jirachi|285\/341
|move|p2a: Hagen-Dazs|Focus Blast|p1a: Jirachi
|-damage|p1a: Jirachi|81\/341
|
|turn|15
|
|switch|p2a: Lionheart|Arcanine, F|200\/383
|-ability|p2a: Lionheart|Intimidate|[of] p1a: Jirachi
|-unboost|p1a: Jirachi|atk|1
|move|p1a: Jirachi|U-turn|p2a: Lionheart
|-resisted|p2a: Lionheart
|-damage|p2a: Lionheart|181\/383
|-damage|p1a: Jirachi|25\/341|[from] item: Rocky Helmet|[of] p2a: Lionheart
|
|switch|p1a: Blastoise|Blastoise-Mega, M|226\/358 brn
|
|-damage|p1a: Blastoise|182\/358 brn|[from] brn
|turn|16
|
|switch|p2a: Freya|Florges, F|360\/360
|move|p1a: Blastoise|Water Pulse|p2a: Freya
|-damage|p2a: Freya|239\/360
|
|-heal|p2a: Freya|261\/360|[from] item: Leftovers
|-damage|p1a: Blastoise|138\/358 brn|[from] brn
|turn|17
|
|move|p1a: Blastoise|Water Pulse|p2a: Freya
|-damage|p2a: Freya|126\/360
|move|p2a: Freya|Moonblast|p1a: Blastoise
|-damage|p1a: Blastoise|20\/358 brn
|
|-heal|p2a: Freya|148\/360|[from] item: Leftovers
|-damage|p1a: Blastoise|0 fnt|[from] brn
|faint|p1a: Blastoise
|
|switch|p1a: Arcanine|Arcanine, M|86\/383
|-ability|p1a: Arcanine|Intimidate|[of] p2a: Freya
|-unboost|p2a: Freya|atk|1
|turn|18
|
|move|p1a: Arcanine|Morning Sun|p1a: Arcanine
|-heal|p1a: Arcanine|277\/383
|move|p2a: Freya|Wish|p2a: Freya
|
|-heal|p2a: Freya|170\/360|[from] item: Leftovers
|turn|19
|
|switch|p2a: Lionheart|Arcanine, F|181\/383
|-ability|p2a: Lionheart|Intimidate|[of] p1a: Arcanine
|-unboost|p1a: Arcanine|atk|1
|move|p1a: Arcanine|Flare Blitz|p2a: Lionheart
|-resisted|p2a: Lionheart
|-damage|p2a: Lionheart|139\/383
|-damage|p1a: Arcanine|214\/383|[from] item: Rocky Helmet|[of] p2a: Lionheart
|-damage|p1a: Arcanine|200\/383|[from] recoil|[of] p2a: Lionheart
|
|-heal|p2a: Lionheart|319\/383|[from] move: Wish|[wisher] Freya
|turn|20
|
|switch|p2a: Venetia Shield|Doublade, M|322\/322
|move|p1a: Arcanine|Toxic|p2a: Venetia Shield
|-fail|p2a: Venetia Shield
|
|turn|21
|
|switch|p1a: Chesnaught|Chesnaught, M|380\/380
|switch|p2a: Lionheart|Arcanine, F|319\/383
|-ability|p2a: Lionheart|Intimidate|[of] p1a: Chesnaught
|-unboost|p1a: Chesnaught|atk|1
|
|turn|22
|
|move|p2a: Lionheart|Flare Blitz|p1a: Chesnaught
|-supereffective|p1a: Chesnaught
|-damage|p1a: Chesnaught|174\/380
|-damage|p2a: Lionheart|251\/383|[from] recoil|[of] p1a: Chesnaught
|move|p1a: Chesnaught|Leech Seed|p2a: Lionheart
|-start|p2a: Lionheart|move: Leech Seed
|
|-heal|p1a: Chesnaught|197\/380|[from] item: Leftovers
|-damage|p2a: Lionheart|204\/383|[from] Leech Seed|[of] p1a: Chesnaught
|-heal|p1a: Chesnaught|244\/380|[silent]
|turn|23
|
|switch|p2a: Freya|Florges, F|170\/360
|move|p1a: Chesnaught|Spiky Shield|p1a: Chesnaught
|-fail|p1a: Chesnaught
|
|-heal|p2a: Freya|192\/360|[from] item: Leftovers
|-heal|p1a: Chesnaught|267\/380|[from] item: Leftovers
|turn|24
|
|move|p2a: Freya|Moonblast|p1a: Chesnaught
|-supereffective|p1a: Chesnaught
|-damage|p1a: Chesnaught|0 fnt
|faint|p1a: Chesnaught
|
|-heal|p2a: Freya|214\/360|[from] item: Leftovers
|
|switch|p1a: Alakazam|Alakazam, M|252\/252
|turn|25
|
|move|p1a: Alakazam|Psyshock|p2a: Freya
|-damage|p2a: Freya|73\/360
|move|p2a: Freya|Moonblast|p1a: Alakazam
|-damage|p1a: Alakazam|134\/252
|
|-heal|p2a: Freya|95\/360|[from] item: Leftovers
|turn|26
|
|move|p2a: Freya|Protect|p2a: Freya
|-singleturn|p2a: Freya|Protect
|move|p1a: Alakazam|Psyshock|p2a: Freya
|-activate|p2a: Freya|Protect
|
|-heal|p2a: Freya|117\/360|[from] item: Leftovers
|turn|27
|
|switch|p2a: Lionheart|Arcanine, F|204\/383
|-ability|p2a: Lionheart|Intimidate|[of] p1a: Alakazam
|-unboost|p1a: Alakazam|atk|1
|move|p1a: Alakazam|Psyshock|p2a: Lionheart
|-damage|p2a: Lionheart|78\/383
|
|turn|28
|
|switch|p1a: Arcanine|Arcanine, M|200\/383
|-ability|p1a: Arcanine|Intimidate|[of] p2a: Lionheart
|-unboost|p2a: Lionheart|atk|1
|switch|p2a: Freya|Florges, F|117\/360
|
|-heal|p2a: Freya|139\/360|[from] item: Leftovers
|turn|29
|
|move|p2a: Freya|Protect|p2a: Freya
|-singleturn|p2a: Freya|Protect
|move|p1a: Arcanine|Flare Blitz|p2a: Freya
|-activate|p2a: Freya|Protect
|
|-heal|p2a: Freya|161\/360|[from] item: Leftovers
|turn|30
|
|move|p1a: Arcanine|Flare Blitz|p2a: Freya
|-damage|p2a: Freya|31\/360
|-damage|p1a: Arcanine|157\/383|[from] recoil|[of] p2a: Freya
|move|p2a: Freya|Wish|p2a: Freya
|
|-heal|p2a: Freya|53\/360|[from] item: Leftovers
|turn|31
|
|move|p2a: Freya|Protect|p2a: Freya
|-singleturn|p2a: Freya|Protect
|move|p1a: Arcanine|Morning Sun|p1a: Arcanine
|-heal|p1a: Arcanine|348\/383
|
|-heal|p2a: Freya|233\/360|[from] move: Wish|[wisher] Freya
|-heal|p2a: Freya|255\/360|[from] item: Leftovers
|turn|32
|
|move|p1a: Arcanine|Toxic|p2a: Freya|[miss]
|-miss|p1a: Arcanine|p2a: Freya
|move|p2a: Freya|Wish|p2a: Freya
|
|-heal|p2a: Freya|277\/360|[from] item: Leftovers
|turn|33
|
|switch|p2a: Lionheart|Arcanine, F|78\/383
|-ability|p2a: Lionheart|Intimidate|[of] p1a: Arcanine
|-unboost|p1a: Arcanine|atk|1
|move|p1a: Arcanine|Toxic|p2a: Lionheart
|-status|p2a: Lionheart|tox
|
|-heal|p2a: Lionheart|258\/383 tox|[from] move: Wish|[wisher] Freya
|-damage|p2a: Lionheart|235\/383 tox|[from] psn
|turn|34
|
|switch|p2a: Freya|Florges, F|277\/360
|move|p1a: Arcanine|Toxic|p2a: Freya
|-status|p2a: Freya|tox
|
|-heal|p2a: Freya|299\/360 tox|[from] item: Leftovers
|-damage|p2a: Freya|277\/360 tox|[from] psn
|turn|35
|
|move|p1a: Arcanine|Flare Blitz|p2a: Freya
|-crit|p2a: Freya
|-damage|p2a: Freya|60\/360 tox
|-damage|p1a: Arcanine|276\/383|[from] recoil|[of] p2a: Freya
|move|p2a: Freya|Aromatherapy|p2a: Freya
|-cureteam|p2a: Freya|[from] move: Aromatherapy
|
|-heal|p2a: Freya|82\/360|[from] item: Leftovers
|turn|36
|
|move|p2a: Freya|Protect|p2a: Freya
|-singleturn|p2a: Freya|Protect
|move|p1a: Arcanine|Flare Blitz|p2a: Freya
|-activate|p2a: Freya|Protect
|
|-heal|p2a: Freya|104\/360|[from] item: Leftovers
|turn|37
|
|move|p1a: Arcanine|Flare Blitz|p2a: Freya
|-damage|p2a: Freya|17\/360
|-damage|p1a: Arcanine|247\/383|[from] recoil|[of] p2a: Freya
|move|p2a: Freya|Wish|p2a: Freya
|
|-heal|p2a: Freya|39\/360|[from] item: Leftovers
|turn|38
|
|move|p2a: Freya|Protect|p2a: Freya
|-singleturn|p2a: Freya|Protect
|move|p1a: Arcanine|Toxic|p2a: Freya
|-activate|p2a: Freya|Protect
|
|-heal|p2a: Freya|219\/360|[from] move: Wish|[wisher] Freya
|-heal|p2a: Freya|241\/360|[from] item: Leftovers
|turn|39
|
|move|p1a: Arcanine|Toxic|p2a: Freya
|-status|p2a: Freya|tox
|move|p2a: Freya|Wish|p2a: Freya
|
|-heal|p2a: Freya|263\/360 tox|[from] item: Leftovers
|-damage|p2a: Freya|241\/360 tox|[from] psn
|turn|40
|
|switch|p1a: Florges|Florges, F|360\/360
|switch|p2a: Hagen-Dazs|Alakazam-Mega, F|110\/251
|-ability|p2a: Hagen-Dazs|Flower Veil|[from] ability: Trace|[of] p1a: Florges
|
|-heal|p2a: Hagen-Dazs|251\/251|[from] move: Wish|[wisher] Freya
|turn|41
|
|move|p2a: Hagen-Dazs|Psyshock|p1a: Florges
|-damage|p1a: Florges|146\/360
|move|p1a: Florges|Moonblast|p2a: Hagen-Dazs
|-damage|p2a: Hagen-Dazs|118\/251
|
|-heal|p1a: Florges|168\/360|[from] item: Leftovers
|turn|42
|
|move|p1a: Florges|Protect|p1a: Florges
|-singleturn|p1a: Florges|Protect
|move|p2a: Hagen-Dazs|Substitute|p2a: Hagen-Dazs
|-start|p2a: Hagen-Dazs|Substitute
|-damage|p2a: Hagen-Dazs|56\/251
|
|-heal|p1a: Florges|190\/360|[from] item: Leftovers
|turn|43
|
|move|p2a: Hagen-Dazs|Psyshock|p1a: Florges
|-damage|p1a: Florges|0 fnt
|faint|p1a: Florges
|
|
|switch|p1a: Arcanine|Arcanine, M|247\/383
|-activate|p2a: Hagen-Dazs|Substitute|ability: Intimidate|[of] p1a: Arcanine
|turn|44
|
|move|p1a: Arcanine|Extreme Speed|p2a: Hagen-Dazs
|-end|p2a: Hagen-Dazs|Substitute
|move|p2a: Hagen-Dazs|Focus Blast|p1a: Arcanine
|-damage|p1a: Arcanine|0 fnt
|faint|p1a: Arcanine
|
|-message|edec forfeited.
|leave|edec
|
|win|Juice Weasel
|raw|Ladder updating...
|player|p1
|raw|edec's rating: 1389 &rarr; <strong>1369<\/strong><br \/>(-20 for losing)
|raw|Juice Weasel's rating: 1391 &rarr; <strong>1411<\/strong><br \/>(+20 for winning)