|join|Juice Weasel
|join|Wolfhead69
|player|p1|Juice Weasel|172
|player|p2|Wolfhead69|265
|gametype|singles
|gen|6
|tier|UU
|rated
|rule|Sleep Clause Mod: Limit one foe put to sleep
|rule|Species Clause: Limit one of each Pokemon
|rule|OHKO Clause: OHKO moves are banned
|rule|Moody Clause: Moody is banned
|rule|Evasion Moves Clause: Evasion moves are banned
|rule|Endless Battle Clause: Forcing endless battles is banned.
|rule|HP Percentage Mod: HP is reported as percentages
|clearpoke
|poke|p1|Azelf
|poke|p1|Porygon2
|poke|p1|Lucario, F
|poke|p1|Blastoise, F
|poke|p1|Arcanine, M
|poke|p1|Doublade, F
|poke|p2|Alakazam, F
|poke|p2|Volcarona, F
|poke|p2|Blissey, F
|poke|p2|Donphan, F
|poke|p2|Mienshao, M
|poke|p2|Cloyster, M
|teampreview
|join|ironx98
|
|start
|switch|p1a: Azelf|Azelf|291\/291
|switch|p2a: Donphan|Donphan, F|384\/384
|turn|1
|
|move|p1a: Azelf|Taunt|p2a: Donphan
|-start|p2a: Donphan|move: Taunt
|move|p2a: Donphan|Knock Off|p1a: Azelf
|-supereffective|p1a: Azelf
|-enditem|p1a: Azelf|Focus Sash
|-damage|p1a: Azelf|1\/291
|
|turn|2
|
|switch|p1a: Blastoise|Blastoise, F|362\/362
|move|p2a: Donphan|Rapid Spin|p1a: Blastoise
|-damage|p1a: Blastoise|335\/362
|
|turn|3
|
|switch|p2a: Blissey|Blissey, F|652\/652
|detailschange|p1a: Blastoise|Blastoise-Mega, F
|message|Blastoise has Mega Evolved into Mega Blastoise!
|move|p1a: Blastoise|Scald|p2a: Blissey
|-damage|p2a: Blissey|555\/652
|
|-heal|p2a: Blissey|595\/652|[from] item: Leftovers
|turn|4
|
|switch|p2a: Donphan|Donphan, F|384\/384
|move|p1a: Blastoise|Aura Sphere|p2a: Donphan
|-damage|p2a: Donphan|122\/384
|
|-heal|p2a: Donphan|146\/384|[from] item: Leftovers
|turn|5
|
|switch|p2a: Blissey|Blissey, F|595\/652
|move|p1a: Blastoise|Aura Sphere|p2a: Blissey
|-supereffective|p2a: Blissey
|-damage|p2a: Blissey|381\/652
|
|-heal|p2a: Blissey|421\/652|[from] item: Leftovers
|turn|6
|
|switch|p1a: Lucario|Lucario, F|281\/281
|move|p2a: Blissey|Toxic|p1a: Lucario
|-fail|p1a: Lucario
|
|-heal|p2a: Blissey|461\/652|[from] item: Leftovers
|turn|7
|
|move|p1a: Lucario|Crunch|p2a: Blissey
|-damage|p2a: Blissey|253\/652
|-damage|p1a: Lucario|253\/281|[from] item: Life Orb
|move|p2a: Blissey|Seismic Toss|p1a: Lucario
|-damage|p1a: Lucario|153\/281
|
|-heal|p2a: Blissey|293\/652|[from] item: Leftovers
|turn|8
|
|move|p1a: Lucario|Close Combat|p2a: Blissey
|-supereffective|p2a: Blissey
|-damage|p2a: Blissey|0 fnt
|-unboost|p1a: Lucario|def|1
|-unboost|p1a: Lucario|spd|1
|-damage|p1a: Lucario|125\/281|[from] item: Life Orb
|faint|p2a: Blissey
|
|leave|ironx98
|
|switch|p2a: Volcarona|Volcarona, F|374\/374
|turn|9
|
|switch|p1a: Porygon2|Porygon2|374\/374
|-ability|p1a: Porygon2|Flame Body|[from] ability: Trace|[of] p2a: Volcarona
|move|p2a: Volcarona|Quiver Dance|p2a: Volcarona
|-boost|p2a: Volcarona|spa|1
|-boost|p2a: Volcarona|spd|1
|-boost|p2a: Volcarona|spe|1
|
|turn|10
|
|move|p2a: Volcarona|Fiery Dance|p1a: Porygon2
|-damage|p1a: Porygon2|286\/374
|move|p1a: Porygon2|Psych Up|p2a: Volcarona
|-copyboost|p1a: Porygon2|p2a: Volcarona|[from] move: Psych Up
|
|turn|11
|
|move|p2a: Volcarona|Fiery Dance|p1a: Porygon2
|-damage|p1a: Porygon2|220\/374
|move|p1a: Porygon2|Toxic|p2a: Volcarona
|-status|p2a: Volcarona|tox
|
|-damage|p2a: Volcarona|351\/374 tox|[from] psn
|turn|12
|
|switch|p2a: Mienshao|Mienshao, M|272\/272
|move|p1a: Porygon2|Tri Attack|p2a: Mienshao
|-damage|p2a: Mienshao|43\/272
|-status|p2a: Mienshao|brn
|
|-damage|p2a: Mienshao|9\/272 brn|[from] brn
|turn|13
|
|move|p2a: Mienshao|U-turn|p1a: Porygon2
|-damage|p1a: Porygon2|189\/374
|
|switch|p2a: Volcarona|Volcarona, F|351\/374 tox
|move|p1a: Porygon2|Recover|p1a: Porygon2
|-heal|p1a: Porygon2|374\/374
|
|-heal|p2a: Volcarona|374\/374 tox|[from] item: Leftovers
|-damage|p2a: Volcarona|351\/374 tox|[from] psn
|turn|14
|
|move|p2a: Volcarona|Fiery Dance|p1a: Porygon2
|-damage|p1a: Porygon2|334\/374
|move|p1a: Porygon2|Tri Attack|p2a: Volcarona
|-damage|p2a: Volcarona|218\/374 tox
|
|-heal|p2a: Volcarona|241\/374 tox|[from] item: Leftovers
|-damage|p2a: Volcarona|195\/374 tox|[from] psn
|turn|15
|
|move|p2a: Volcarona|Fiery Dance|p1a: Porygon2
|-damage|p1a: Porygon2|297\/374
|move|p1a: Porygon2|Tri Attack|p2a: Volcarona
|-damage|p2a: Volcarona|63\/374 tox
|
|-heal|p2a: Volcarona|86\/374 tox|[from] item: Leftovers
|-damage|p2a: Volcarona|17\/374 tox|[from] psn
|turn|16
|
|move|p2a: Volcarona|Fiery Dance|p1a: Porygon2
|-crit|p1a: Porygon2
|-damage|p1a: Porygon2|206\/374
|-boost|p2a: Volcarona|spa|1
|move|p1a: Porygon2|Tri Attack|p2a: Volcarona
|-damage|p2a: Volcarona|0 fnt
|faint|p2a: Volcarona
|
|
|switch|p2a: Cloyster|Cloyster, M|242\/242
|turn|17
|
|move|p2a: Cloyster|Icicle Spear|p1a: Porygon2
|-damage|p1a: Porygon2|175\/374
|-damage|p1a: Porygon2|145\/374
|-damage|p1a: Porygon2|115\/374
|-damage|p1a: Porygon2|82\/374
|-damage|p1a: Porygon2|54\/374
|-hitcount|p1a: Porygon2|5
|move|p1a: Porygon2|Tri Attack|p2a: Cloyster
|-enditem|p2a: Cloyster|Focus Sash
|-damage|p2a: Cloyster|1\/242
|
|turn|18
|
|switch|p1a: Doublade|Doublade, F|322\/322
|move|p2a: Cloyster|Icicle Spear|p1a: Doublade
|-crit|p1a: Doublade
|-resisted|p1a: Doublade
|-damage|p1a: Doublade|307\/322
|-crit|p1a: Doublade
|-resisted|p1a: Doublade
|-damage|p1a: Doublade|292\/322
|-resisted|p1a: Doublade
|-damage|p1a: Doublade|282\/322
|-resisted|p1a: Doublade
|-damage|p1a: Doublade|273\/322
|-resisted|p1a: Doublade
|-damage|p1a: Doublade|264\/322
|-hitcount|p1a: Doublade|5
|
|turn|19
|chat|Juice Weasel|BALALALALALALAL
|
|switch|p2a: Mienshao|Mienshao, M|99\/272 brn
|move|p1a: Doublade|Swords Dance|p1a: Doublade
|-boost|p1a: Doublade|atk|2
|
|-damage|p2a: Mienshao|65\/272 brn|[from] brn
|turn|20
|
|move|p1a: Doublade|Shadow Sneak|p2a: Mienshao
|-damage|p2a: Mienshao|0 fnt
|faint|p2a: Mienshao
|
|
|switch|p2a: Donphan|Donphan, F|146\/384
|turn|21
|
|move|p1a: Doublade|Shadow Sneak|p2a: Donphan
|-damage|p2a: Donphan|25\/384
|move|p2a: Donphan|Earthquake|p1a: Doublade
|-supereffective|p1a: Doublade
|-damage|p1a: Doublade|88\/322
|
|-heal|p2a: Donphan|49\/384|[from] item: Leftovers
|turn|22
|
|move|p1a: Doublade|Shadow Sneak|p2a: Donphan
|-crit|p2a: Donphan
|-damage|p2a: Donphan|0 fnt
|faint|p2a: Donphan
|
|
|switch|p2a: Alakazam|Alakazam, F|252\/252
|turn|23
|
|detailschange|p2a: Alakazam|Alakazam-Mega, F
|message|Alakazam has Mega Evolved into Mega Alakazam!
|-ability|p2a: Alakazam|No Guard|[from] ability: Trace|[of] p1a: Doublade
|move|p1a: Doublade|Shadow Sneak|p2a: Alakazam
|-supereffective|p2a: Alakazam
|-damage|p2a: Alakazam|0 fnt
|faint|p2a: Alakazam
|
|-message|Wolfhead69 forfeited.
|
|win|Juice Weasel
|raw|Ladder updating...
|leave|Wolfhead69
|player|p2
|raw|Juice Weasel's rating: 1531 &rarr; <strong>1550<\/strong><br \/>(+19 for winning)
|raw|Wolfhead69's rating: 1527 &rarr; <strong>1507<\/strong><br \/>(-20 for losing)