|join|Juice Weasel
|join|Tomskibro
|player|p1|Juice Weasel|154
|player|p2|Tomskibro|163
|gametype|singles
|gen|6
|tier|UU
|rated
|rule|Sleep Clause Mod: Limit one foe put to sleep
|rule|Species Clause: Limit one of each Pokemon
|rule|OHKO Clause: OHKO moves are banned
|rule|Moody Clause: Moody is banned
|rule|Evasion Moves Clause: Evasion moves are banned
|rule|Endless Battle Clause: Forcing endless battles is banned.
|rule|HP Percentage Mod: HP is reported as percentages
|clearpoke
|poke|p1|Slowbro, M
|poke|p1|Florges, F
|poke|p1|Roserade, M
|poke|p1|Escavalier, M
|poke|p1|Aerodactyl, M, shiny
|poke|p1|Hippowdon, M
|poke|p2|Miltank, F
|poke|p2|Blastoise, M
|poke|p2|Darmanitan, F
|poke|p2|Celebi
|poke|p2|Raikou
|poke|p2|Porygon2
|teampreview
|
|start
|switch|p1a: Petrie|Aerodactyl, M, shiny|361\/361
|switch|p2a: Darmanitan|Darmanitan, F|352\/352
|turn|1
|join|Anil
|
|detailschange|p1a: Petrie|Aerodactyl-Mega, M, shiny
|message|Aerodactyl has Mega Evolved into Mega Aerodactyl!
|move|p2a: Darmanitan|Stone Edge|p1a: Petrie
|-supereffective|p1a: Petrie
|-damage|p1a: Petrie|149\/361
|move|p1a: Petrie|Aerial Ace|p2a: Darmanitan
|-damage|p2a: Darmanitan|162\/352
|
|turn|2
|
|switch|p1a: Hungry Hungry|Hippowdon, M|417\/417
|-weather|Sandstorm
|move|p2a: Darmanitan|Stone Edge|p1a: Hungry Hungry
|-resisted|p1a: Hungry Hungry
|-damage|p1a: Hungry Hungry|364\/417
|
|-weather|Sandstorm|[upkeep]
|-damage|p2a: Darmanitan|140\/352|[from] sandstorm
|-heal|p1a: Hungry Hungry|390\/417|[from] item: Leftovers
|turn|3
|chat|Tomskibro|awww
|chat|Tomskibro|so caoyoooote
|
|switch|p2a: Porygon2|Porygon2|374\/374
|switch|p1a: Highgarden|Roserade, M|261\/261
|
|-weather|Sandstorm|[upkeep]
|-damage|p1a: Highgarden|245\/261|[from] sandstorm
|-damage|p2a: Porygon2|351\/374|[from] sandstorm
|turn|4
|
|move|p1a: Highgarden|Sleep Powder|p2a: Porygon2
|-status|p2a: Porygon2|slp
|cant|p2a: Porygon2|slp
|
|-weather|Sandstorm|[upkeep]
|-damage|p1a: Highgarden|229\/261|[from] sandstorm
|-damage|p2a: Porygon2|328\/374 slp|[from] sandstorm
|turn|5
|
|switch|p2a: Celebi|Celebi|404\/404
|move|p1a: Highgarden|Sludge Bomb|p2a: Celebi
|-supereffective|p2a: Celebi
|-damage|p2a: Celebi|0 fnt
|-damage|p1a: Highgarden|203\/261|[from] item: Life Orb
|faint|p2a: Celebi
|
|-weather|Sandstorm|[upkeep]
|-damage|p1a: Highgarden|187\/261|[from] sandstorm
|
|switch|p2a: Darmanitan|Darmanitan, F|140\/352
|turn|6
|
|switch|p1a: Short Bus|Slowbro, M|393\/393
|move|p2a: Darmanitan|U-turn|p1a: Short Bus
|-supereffective|p1a: Short Bus
|-damage|p1a: Short Bus|283\/393
|
|switch|p2a: Raikou|Raikou|322\/322
|-ability|p2a: Raikou|Pressure
|
|-weather|none
|-heal|p1a: Short Bus|307\/393|[from] item: Leftovers
|turn|7
|
|switch|p1a: Hungry Hungry|Hippowdon, M|390\/417
|-weather|Sandstorm
|move|p2a: Raikou|Hidden Power|p1a: Hungry Hungry
|-supereffective|p1a: Hungry Hungry
|-damage|p1a: Hungry Hungry|216\/417
|-damage|p2a: Raikou|290\/322|[from] item: Life Orb
|
|-weather|Sandstorm|[upkeep]
|-damage|p2a: Raikou|270\/322|[from] sandstorm
|-heal|p1a: Hungry Hungry|242\/417|[from] item: Leftovers
|turn|8
|
|switch|p2a: Porygon2|Porygon2|328\/374 slp
|move|p1a: Hungry Hungry|Slack Off|p1a: Hungry Hungry
|-heal|p1a: Hungry Hungry|417\/417
|
|-weather|Sandstorm|[upkeep]
|-damage|p2a: Porygon2|305\/374 slp|[from] sandstorm
|turn|9
|
|cant|p2a: Porygon2|slp
|move|p1a: Hungry Hungry|Stealth Rock|p2a: Porygon2
|-sidestart|p2: Tomskibro|move: Stealth Rock
|
|-weather|Sandstorm|[upkeep]
|-damage|p2a: Porygon2|282\/374 slp|[from] sandstorm
|turn|10
|
|switch|p1a: KnightsOftheRound|Escavalier, M|343\/343
|cant|p2a: Porygon2|slp
|
|-weather|Sandstorm|[upkeep]
|-damage|p2a: Porygon2|259\/374 slp|[from] sandstorm
|turn|11
|
|-curestatus|p2a: Porygon2|slp
|move|p2a: Porygon2|Thunderbolt|p1a: KnightsOftheRound
|-damage|p1a: KnightsOftheRound|281\/343
|move|p1a: KnightsOftheRound|Megahorn|p2a: Porygon2
|-crit|p2a: Porygon2
|-damage|p2a: Porygon2|112\/374
|
|-weather|none
|-heal|p1a: KnightsOftheRound|302\/343|[from] item: Leftovers
|turn|12
|
|move|p2a: Porygon2|Recover|p2a: Porygon2
|-heal|p2a: Porygon2|299\/374
|move|p1a: KnightsOftheRound|Megahorn|p2a: Porygon2
|-damage|p2a: Porygon2|188\/374
|
|-heal|p1a: KnightsOftheRound|323\/343|[from] item: Leftovers
|turn|13
|
|move|p2a: Porygon2|Recover|p2a: Porygon2
|-heal|p2a: Porygon2|374\/374
|move|p1a: KnightsOftheRound|Megahorn|p2a: Porygon2
|-damage|p2a: Porygon2|271\/374
|
|-heal|p1a: KnightsOftheRound|343\/343|[from] item: Leftovers
|turn|14
|
|move|p2a: Porygon2|Thunderbolt|p1a: KnightsOftheRound
|-damage|p1a: KnightsOftheRound|290\/343
|move|p1a: KnightsOftheRound|Iron Head|p2a: Porygon2
|-damage|p2a: Porygon2|202\/374
|
|-heal|p1a: KnightsOftheRound|311\/343|[from] item: Leftovers
|turn|15
|
|switch|p1a: Highgarden|Roserade, M|187\/261
|move|p2a: Porygon2|Thunderbolt|p1a: Highgarden
|-resisted|p1a: Highgarden
|-damage|p1a: Highgarden|144\/261
|
|turn|16
|
|move|p1a: Highgarden|Sleep Powder|p2a: Porygon2
|-status|p2a: Porygon2|slp
|cant|p2a: Porygon2|slp
|
|turn|17
|chat|Tomskibro|much skill 
|chat|Tomskibro|so talent
|
|move|p1a: Highgarden|Sludge Bomb|p2a: Porygon2
|-damage|p2a: Porygon2|62\/374 slp
|-damage|p1a: Highgarden|118\/261|[from] item: Life Orb
|cant|p2a: Porygon2|slp
|
|turn|18
|chat|Juice Weasel|thanks
|
|move|p1a: Highgarden|Giga Drain|p2a: Porygon2
|-damage|p2a: Porygon2|0 fnt
|-heal|p1a: Highgarden|149\/261|[from] drain|[of] p2a: Porygon2
|-damage|p1a: Highgarden|123\/261|[from] item: Life Orb
|faint|p2a: Porygon2
|
|chat|Anil|he was being sarcastic
|
|switch|p2a: Raikou|Raikou|270\/322
|-damage|p2a: Raikou|230\/322|[from] Stealth Rock
|-ability|p2a: Raikou|Pressure
|turn|19
|
|switch|p1a: Hungry Hungry|Hippowdon, M|417\/417
|-weather|Sandstorm
|move|p2a: Raikou|Extrasensory|p1a: Hungry Hungry
|-damage|p1a: Hungry Hungry|300\/417
|-damage|p2a: Raikou|198\/322|[from] item: Life Orb
|
|-weather|Sandstorm|[upkeep]
|-damage|p2a: Raikou|178\/322|[from] sandstorm
|-heal|p1a: Hungry Hungry|326\/417|[from] item: Leftovers
|turn|20
|
|move|p2a: Raikou|Hidden Power|p1a: Hungry Hungry
|-supereffective|p1a: Hungry Hungry
|-damage|p1a: Hungry Hungry|157\/417
|-damage|p2a: Raikou|146\/322|[from] item: Life Orb
|move|p1a: Hungry Hungry|Earthquake|p2a: Raikou
|-supereffective|p2a: Raikou
|-damage|p2a: Raikou|0 fnt
|faint|p2a: Raikou
|
|-weather|Sandstorm|[upkeep]
|-heal|p1a: Hungry Hungry|183\/417|[from] item: Leftovers
|
|switch|p2a: Blastoise|Blastoise, M|362\/362
|-damage|p2a: Blastoise|317\/362|[from] Stealth Rock
|turn|21
|
|switch|p1a: Freya|Florges, F|360\/360
|move|p2a: Blastoise|Scald|p1a: Freya
|-damage|p1a: Freya|306\/360
|-status|p1a: Freya|brn
|
|-weather|Sandstorm|[upkeep]
|-damage|p2a: Blastoise|295\/362|[from] sandstorm
|-damage|p1a: Freya|284\/360 brn|[from] sandstorm
|-heal|p2a: Blastoise|317\/362|[from] item: Leftovers
|-heal|p1a: Freya|306\/360 brn|[from] item: Leftovers
|-damage|p1a: Freya|261\/360 brn|[from] brn
|turn|22
|
|move|p2a: Blastoise|Scald|p1a: Freya
|-damage|p1a: Freya|207\/360 brn
|move|p1a: Freya|Moonblast|p2a: Blastoise
|-damage|p2a: Blastoise|232\/362
|-unboost|p2a: Blastoise|spa|1
|
|-weather|Sandstorm|[upkeep]
|-damage|p2a: Blastoise|210\/362|[from] sandstorm
|-damage|p1a: Freya|185\/360 brn|[from] sandstorm
|-heal|p2a: Blastoise|232\/362|[from] item: Leftovers
|-heal|p1a: Freya|207\/360 brn|[from] item: Leftovers
|-damage|p1a: Freya|162\/360 brn|[from] brn
|turn|23
|
|move|p1a: Freya|Wish|p1a: Freya
|move|p2a: Blastoise|Roar|p1a: Freya
|drag|p1a: Highgarden|Roserade, M|123\/261
|
|-weather|none
|-heal|p2a: Blastoise|254\/362|[from] item: Leftovers
|turn|24
|
|move|p1a: Highgarden|Giga Drain|p2a: Blastoise
|-supereffective|p2a: Blastoise
|-damage|p2a: Blastoise|20\/362
|-heal|p1a: Highgarden|240\/261|[from] drain|[of] p2a: Blastoise
|-damage|p1a: Highgarden|214\/261|[from] item: Life Orb
|move|p2a: Blastoise|Ice Beam|p1a: Highgarden
|-supereffective|p1a: Highgarden
|-damage|p1a: Highgarden|126\/261
|
|-heal|p1a: Highgarden|261\/261|[from] move: Wish|[wisher] Freya
|-heal|p2a: Blastoise|42\/362|[from] item: Leftovers
|turn|25
|
|move|p1a: Highgarden|Giga Drain|p2a: Blastoise
|-supereffective|p2a: Blastoise
|-damage|p2a: Blastoise|0 fnt
|-damage|p1a: Highgarden|235\/261|[from] item: Life Orb
|faint|p2a: Blastoise
|
|
|switch|p2a: Darmanitan|Darmanitan, F|140\/352
|-damage|p2a: Darmanitan|52\/352|[from] Stealth Rock
|turn|26
|
|switch|p1a: Short Bus|Slowbro, M|393\/393
|move|p2a: Darmanitan|Flare Blitz|p1a: Short Bus
|-resisted|p1a: Short Bus
|-damage|p1a: Short Bus|302\/393
|-damage|p2a: Darmanitan|22\/352|[from] recoil|[of] p1a: Short Bus
|
|-heal|p1a: Short Bus|326\/393|[from] item: Leftovers
|turn|27
|
|move|p2a: Darmanitan|Flare Blitz|p1a: Short Bus
|-resisted|p1a: Short Bus
|-damage|p1a: Short Bus|236\/393
|-damage|p2a: Darmanitan|0 fnt|[from] recoil|[of] p1a: Short Bus
|faint|p2a: Darmanitan
|move|p1a: Short Bus|Calm Mind|p1a: Short Bus
|-boost|p1a: Short Bus|spa|1
|-boost|p1a: Short Bus|spd|1
|
|-heal|p1a: Short Bus|260\/393|[from] item: Leftovers
|chat|Tomskibro|gg
|chat|Juice Weasel|gg
|chat|Tomskibro|YOU FUKIN DIKED
|-message|Tomskibro forfeited.
|
|win|Juice Weasel
|raw|Ladder updating...
|leave|Tomskibro
|player|p2
|raw|Juice Weasel's rating: 1522 &rarr; <strong>1533<\/strong><br \/>(+11 for winning)
|raw|Tomskibro's rating: 1352 &rarr; <strong>1341<\/strong><br \/>(-11 for losing)
|leave|Anil