|join|Juice Weasel
|join|yoyohomieg
|player|p1|Juice Weasel|172
|player|p2|yoyohomieg|226
|gametype|singles
|gen|6
|tier|UU
|rated
|rule|Sleep Clause Mod: Limit one foe put to sleep
|rule|Species Clause: Limit one of each Pokemon
|rule|OHKO Clause: OHKO moves are banned
|rule|Moody Clause: Moody is banned
|rule|Evasion Moves Clause: Evasion moves are banned
|rule|Endless Battle Clause: Forcing endless battles is banned.
|rule|HP Percentage Mod: HP is reported as percentages
|clearpoke
|poke|p1|Reuniclus, M, shiny
|poke|p1|Flygon, M
|poke|p1|Entei, shiny
|poke|p1|Florges, F, shiny
|poke|p1|Swampert, M
|poke|p1|Toxicroak, M, shiny
|poke|p2|Venomoth, F
|poke|p2|Xatu, F
|poke|p2|Kyurem
|poke|p2|Cobalion
|poke|p2|Shaymin
|poke|p2|Gastrodon, M
|teampreview
|
|start
|switch|p1a: Mufasa|Entei, shiny|371\/371
|switch|p2a: Shaymin|Shaymin|341\/341
|-ability|p1a: Mufasa|Pressure
|turn|1
|
|switch|p2a: Gastrodon|Gastrodon, M|426\/426
|move|p1a: Mufasa|Sacred Fire|p2a: Gastrodon
|-resisted|p2a: Gastrodon
|-damage|p2a: Gastrodon|313\/426
|-status|p2a: Gastrodon|brn
|
|-heal|p2a: Gastrodon|339\/426 brn|[from] item: Leftovers
|-damage|p2a: Gastrodon|286\/426 brn|[from] brn
|turn|2
|
|switch|p1a: Zim|Reuniclus, M, shiny|422\/422
|move|p2a: Gastrodon|Recover|p2a: Gastrodon
|-heal|p2a: Gastrodon|426\/426 brn
|
|-damage|p2a: Gastrodon|373\/426 brn|[from] brn
|turn|3
|
|switch|p2a: Venomoth|Venomoth, F|281\/281
|move|p1a: Zim|Calm Mind|p1a: Zim
|-boost|p1a: Zim|spa|1
|-boost|p1a: Zim|spd|1
|
|turn|4
|
|move|p2a: Venomoth|Sleep Powder|p1a: Zim
|-status|p1a: Zim|slp
|cant|p1a: Zim|slp
|
|turn|5
|
|switch|p1a: Mufasa|Entei, shiny|371\/371
|-ability|p1a: Mufasa|Pressure
|move|p2a: Venomoth|Quiver Dance|p2a: Venomoth
|-boost|p2a: Venomoth|spa|1
|-boost|p2a: Venomoth|spd|1
|-boost|p2a: Venomoth|spe|1
|
|turn|6
|
|move|p2a: Venomoth|Baton Pass|p2a: Venomoth
|
|switch|p2a: Kyurem|Kyurem|391\/391
|-ability|p2a: Kyurem|Pressure
|move|p1a: Mufasa|Sacred Fire|p2a: Kyurem
|-damage|p2a: Kyurem|106\/391
|
|-heal|p2a: Kyurem|130\/391|[from] item: Leftovers
|turn|7
|
|switch|p1a: Gogglezz|Flygon, M|301\/301
|move|p2a: Kyurem|Earth Power|p1a: Gogglezz
|-immune|p1a: Gogglezz|[msg]
|
|-heal|p2a: Kyurem|154\/391|[from] item: Leftovers
|turn|8
|
|move|p1a: Gogglezz|Outrage|p2a: Kyurem
|-supereffective|p2a: Kyurem
|-damage|p2a: Kyurem|0 fnt
|faint|p2a: Kyurem
|
|
|switch|p2a: Cobalion|Cobalion|386\/386
|turn|9
|
|move|p1a: Gogglezz|Outrage|p2a: Cobalion
|-resisted|p2a: Cobalion
|-damage|p2a: Cobalion|335\/386
|move|p2a: Cobalion|Stealth Rock|p1a: Gogglezz
|-sidestart|p1: Juice Weasel|move: Stealth Rock
|
|-end|p1a: Gogglezz|rampage
|-start|p1a: Gogglezz|confusion
|-heal|p2a: Cobalion|359\/386|[from] item: Leftovers
|turn|10
|
|switch|p1a: Elbow Pads|Swampert, M|403\/403
|-damage|p1a: Elbow Pads|378\/403|[from] Stealth Rock
|move|p2a: Cobalion|Roar|p1a: Elbow Pads
|drag|p1a: Gogglezz|Flygon, M|301\/301
|-damage|p1a: Gogglezz|283\/301|[from] Stealth Rock
|
|-heal|p2a: Cobalion|383\/386|[from] item: Leftovers
|turn|11
|
|move|p1a: Gogglezz|Defog|p2a: Cobalion
|-unboost|p2a: Cobalion|evasion|1
|-sideend|p1: Juice Weasel|Stealth Rock|[from] move: Defog|[of] p1a: Gogglezz
|move|p2a: Cobalion|Roar|p1a: Gogglezz
|drag|p1a: Huckleberry|Toxicroak, M, shiny|307\/307
|
|-heal|p2a: Cobalion|386\/386|[from] item: Leftovers
|turn|12
|
|move|p1a: Huckleberry|Drain Punch|p2a: Cobalion
|-supereffective|p2a: Cobalion
|-damage|p2a: Cobalion|183\/386
|-damage|p1a: Huckleberry|277\/307|[from] item: Life Orb
|move|p2a: Cobalion|Thunder Wave|p1a: Huckleberry
|-status|p1a: Huckleberry|par
|
|-heal|p2a: Cobalion|207\/386|[from] item: Leftovers
|turn|13
|
|switch|p2a: Xatu|Xatu, F|334\/334
|cant|p1a: Huckleberry|par
|
|turn|14
|
|switch|p1a: Hemlock|Florges, F, shiny|359\/359
|move|p2a: Xatu|Reflect|p2a: Xatu
|-sidestart|p2: yoyohomieg|Reflect
|
|turn|15
|
|move|p2a: Xatu|Toxic|p1a: Hemlock
|-status|p1a: Hemlock|tox
|move|p1a: Hemlock|Aromatherapy|p1a: Hemlock
|-cureteam|p1a: Hemlock|[from] move: Aromatherapy
|
|turn|16
|
|move|p2a: Xatu|Light Screen|p2a: Xatu
|-sidestart|p2: yoyohomieg|move: Light Screen
|move|p1a: Hemlock|Moonblast|p2a: Xatu
|-crit|p2a: Xatu
|-damage|p2a: Xatu|181\/334
|
|turn|17
|
|move|p2a: Xatu|Toxic|p1a: Hemlock
|-status|p1a: Hemlock|tox
|move|p1a: Hemlock|Moonblast|p2a: Xatu
|-damage|p2a: Xatu|126\/334
|-unboost|p2a: Xatu|spa|1
|
|-damage|p1a: Hemlock|337\/359 tox|[from] psn
|turn|18
|
|switch|p2a: Venomoth|Venomoth, F|281\/281
|switch|p1a: Zim|Reuniclus, M, shiny|422\/422
|
|turn|19
|
|move|p2a: Venomoth|Quiver Dance|p2a: Venomoth
|-boost|p2a: Venomoth|spa|1
|-boost|p2a: Venomoth|spd|1
|-boost|p2a: Venomoth|spe|1
|move|p1a: Zim|Psyshock|p2a: Venomoth
|-supereffective|p2a: Venomoth
|-damage|p2a: Venomoth|112\/281
|
|-heal|p2a: Venomoth|129\/281|[from] item: Leftovers
|turn|20
|
|move|p2a: Venomoth|Baton Pass|p2a: Venomoth
|
|switch|p2a: Shaymin|Shaymin|341\/341
|move|p1a: Zim|Psyshock|p2a: Shaymin
|-damage|p2a: Shaymin|283\/341
|
|turn|21
|
|move|p2a: Shaymin|Seed Flare|p1a: Zim
|-damage|p1a: Zim|5\/422
|-damage|p2a: Shaymin|249\/341|[from] item: Life Orb
|move|p1a: Zim|Calm Mind|p1a: Zim
|-boost|p1a: Zim|spa|1
|-boost|p1a: Zim|spd|1
|
|-heal|p1a: Zim|31\/422|[from] item: Leftovers
|-sideend|p2: yoyohomieg|Reflect
|turn|22
|
|move|p2a: Shaymin|Dazzling Gleam|p1a: Zim
|-crit|p1a: Zim
|-damage|p1a: Zim|0 fnt
|-damage|p2a: Shaymin|215\/341|[from] item: Life Orb
|faint|p1a: Zim
|
|
|switch|p1a: Gogglezz|Flygon, M|283\/301
|turn|23
|
|move|p1a: Gogglezz|U-turn|p2a: Shaymin
|-supereffective|p2a: Shaymin
|-damage|p2a: Shaymin|75\/341
|
|switch|p1a: Hemlock|Florges, F, shiny|337\/359 tox
|move|p2a: Shaymin|Dazzling Gleam|p1a: Hemlock
|-damage|p1a: Hemlock|225\/359 tox
|-damage|p2a: Shaymin|41\/341|[from] item: Life Orb
|
|-heal|p1a: Hemlock|247\/359 tox|[from] item: Leftovers
|-damage|p1a: Hemlock|225\/359 tox|[from] psn
|-sideend|p2: yoyohomieg|move: Light Screen
|turn|24
|
|move|p2a: Shaymin|Seed Flare|p1a: Hemlock|[miss]
|-miss|p2a: Shaymin|p1a: Hemlock
|move|p1a: Hemlock|Moonblast|p2a: Shaymin
|-damage|p2a: Shaymin|0 fnt
|faint|p2a: Shaymin
|
|-heal|p1a: Hemlock|247\/359 tox|[from] item: Leftovers
|-damage|p1a: Hemlock|203\/359 tox|[from] psn
|
|switch|p2a: Venomoth|Venomoth, F|129\/281
|turn|25
|
|move|p2a: Venomoth|Quiver Dance|p2a: Venomoth
|-boost|p2a: Venomoth|spa|1
|-boost|p2a: Venomoth|spd|1
|-boost|p2a: Venomoth|spe|1
|move|p1a: Hemlock|Moonblast|p2a: Venomoth
|-resisted|p2a: Venomoth
|-damage|p2a: Venomoth|80\/281
|
|-heal|p2a: Venomoth|97\/281|[from] item: Leftovers
|-heal|p1a: Hemlock|225\/359 tox|[from] item: Leftovers
|-damage|p1a: Hemlock|159\/359 tox|[from] psn
|turn|26
|
|move|p2a: Venomoth|Quiver Dance|p2a: Venomoth
|-boost|p2a: Venomoth|spa|1
|-boost|p2a: Venomoth|spd|1
|-boost|p2a: Venomoth|spe|1
|move|p1a: Hemlock|Wish|p1a: Hemlock
|
|-heal|p2a: Venomoth|114\/281|[from] item: Leftovers
|-heal|p1a: Hemlock|181\/359 tox|[from] item: Leftovers
|-damage|p1a: Hemlock|93\/359 tox|[from] psn
|turn|27
|
|switch|p1a: Mufasa|Entei, shiny|371\/371
|-ability|p1a: Mufasa|Pressure
|move|p2a: Venomoth|Bug Buzz|p1a: Mufasa
|-resisted|p1a: Mufasa
|-damage|p1a: Mufasa|227\/371
|-unboost|p1a: Mufasa|spd|1
|
|-heal|p1a: Mufasa|371\/371|[from] move: Wish|[wisher] Hemlock
|-heal|p2a: Venomoth|131\/281|[from] item: Leftovers
|turn|28
|
|move|p1a: Mufasa|Extreme Speed|p2a: Venomoth
|-damage|p2a: Venomoth|0 fnt
|faint|p2a: Venomoth
|
|chat|yoyohomieg|oh crap I'm in uu
|chat|yoyohomieg|gg
|chat|Juice Weasel|gg
|-message|yoyohomieg forfeited.
|
|win|Juice Weasel
|raw|Ladder updating...
|leave|yoyohomieg
|player|p2
|raw|Ladder (probably) updated, but score could not be retrieved (timeout).
|raw|Ladder (probably) updated, but score could not be retrieved (Error: socket hang up).