|join|Juice Weasel
|join|ULT Spook
|player|p1|Juice Weasel|154
|player|p2|ULT Spook|152
|gametype|singles
|gen|6
|tier|UU
|rated
|rule|Sleep Clause Mod: Limit one foe put to sleep
|rule|Species Clause: Limit one of each PokÃ©mon
|rule|OHKO Clause: OHKO moves are banned
|rule|Moody Clause: Moody is banned
|rule|Evasion Moves Clause: Evasion moves are banned
|rule|Endless Battle Clause: Forcing endless battles is banned
|rule|HP Percentage Mod: HP is shown in percentages
|clearpoke
|poke|p1|Vaporeon, F
|poke|p1|Forretress, M, shiny
|poke|p1|Dugtrio, M
|poke|p1|Togekiss, M, shiny
|poke|p1|Hydreigon, M
|poke|p1|Raikou, shiny
|poke|p2|Dugtrio, F
|poke|p2|Togekiss, F
|poke|p2|Victini
|poke|p2|Ampharos, M
|poke|p2|Forretress, F
|poke|p2|Blissey, F
|rule|Swagger Clause: Swagger is banned
|rule|Baton Pass Clause: Limit one PokÃ©mon knowing Baton Pass
|teampreview
|
|start
|switch|p1a: Walnut|Forretress, M, shiny|353\/353
|switch|p2a: Blissey|Blissey, F|714\/714
|turn|1
|
|move|p2a: Blissey|Stealth Rock|p1a: Walnut
|-sidestart|p1: Juice Weasel|move: Stealth Rock
|move|p1a: Walnut|Stealth Rock|p2a: Blissey
|-sidestart|p2: ULT Spook|move: Stealth Rock
|
|turn|2
|
|move|p2a: Blissey|Seismic Toss|p1a: Walnut
|-damage|p1a: Walnut|253\/353
|move|p1a: Walnut|Rapid Spin|p2a: Blissey
|-damage|p2a: Blissey|688\/714
|-sideend|p1: Juice Weasel|Stealth Rock|[from] move: Rapid Spin|[of] p1a: Walnut
|
|-heal|p2a: Blissey|714\/714|[from] item: Leftovers
|-heal|p1a: Walnut|275\/353|[from] item: Leftovers
|turn|3
|
|move|p2a: Blissey|Seismic Toss|p1a: Walnut
|-damage|p1a: Walnut|175\/353
|move|p1a: Walnut|Volt Switch|p2a: Blissey
|-damage|p2a: Blissey|683\/714
|
|switch|p1a: Scrambled|Togekiss, M, shiny|351\/351
|
|-heal|p2a: Blissey|714\/714|[from] item: Leftovers
|turn|4
|
|move|p1a: Scrambled|Nasty Plot|p1a: Scrambled
|-boost|p1a: Scrambled|spa|2
|move|p2a: Blissey|Stealth Rock|p1a: Scrambled
|-sidestart|p1: Juice Weasel|move: Stealth Rock
|
|turn|5
|
|switch|p2a: Togekiss|Togekiss, F|373\/373
|-damage|p2a: Togekiss|280\/373|[from] Stealth Rock
|move|p1a: Scrambled|Air Slash|p2a: Togekiss
|-damage|p2a: Togekiss|109\/373
|
|-heal|p2a: Togekiss|132\/373|[from] item: Leftovers
|turn|6
|
|move|p1a: Scrambled|Air Slash|p2a: Togekiss
|-damage|p2a: Togekiss|0 fnt
|faint|p2a: Togekiss
|
|
|switch|p2a: Victini|Victini|341\/341
|-damage|p2a: Victini|256\/341|[from] Stealth Rock
|turn|7
|
|move|p2a: Victini|V-create|p1a: Scrambled
|-damage|p1a: Scrambled|39\/351
|-unboost|p2a: Victini|def|1
|-unboost|p2a: Victini|spd|1
|-unboost|p2a: Victini|spe|1
|move|p1a: Scrambled|Roost|p1a: Scrambled
|-heal|p1a: Scrambled|215\/351
|
|-heal|p1a: Scrambled|236\/351|[from] item: Leftovers
|turn|8
|-message|ULT Spook forfeited.
|
|win|Juice Weasel
|raw|Ladder updating...
|leave|ULT Spook
|player|p2
|raw|Juice Weasel's rating: 1556 &rarr; <strong>1580<\/strong><br \/>(+24 for winning)
|raw|ULT Spook's rating: 1627 &rarr; <strong>1603<\/strong><br \/>(-24 for losing)
|c|âJuice Weasel|shrekt again.