|join|xMarth
|join|Juice Weasel
|player|p1|xMarth|163
|player|p2|Juice Weasel|172
|gametype|singles
|gen|6
|tier|UU
|rated
|rule|Sleep Clause Mod: Limit one foe put to sleep
|rule|Species Clause: Limit one of each Pokemon
|rule|OHKO Clause: OHKO moves are banned
|rule|Moody Clause: Moody is banned
|rule|Evasion Moves Clause: Evasion moves are banned
|rule|Endless Battle Clause: Forcing endless battles is banned.
|rule|HP Percentage Mod: HP is reported as percentages
|clearpoke
|poke|p1|Absol, M
|poke|p1|Nidoqueen, F
|poke|p1|Empoleon, F
|poke|p1|Noivern, M
|poke|p1|Krookodile, F
|poke|p1|Rotom-Heat
|poke|p2|Absol, M, shiny
|poke|p2|Nidoqueen, F
|poke|p2|Empoleon, M
|poke|p2|Noivern, F
|poke|p2|Krookodile, F
|poke|p2|Rotom-Heat
|teampreview
|chat|Juice Weasel|lol
|chat|Juice Weasel|testing ur team
|chat|xMarth|thisll be a good test then lol
|
|start
|switch|p1a: Krookodile|Krookodile, F|335\/335
|switch|p2a: Athena|Nidoqueen, F|353\/353
|turn|1
|
|move|p1a: Krookodile|Knock Off|p2a: Athena
|-damage|p2a: Athena|178\/353
|-enditem|p2a: Athena|Life Orb|[from] move: Knock Off|[of] p1a: Krookodile
|move|p2a: Athena|Ice Beam|p1a: Krookodile
|-supereffective|p1a: Krookodile
|-damage|p1a: Krookodile|75\/335
|
|turn|2
|
|switch|p1a: Rotom-Heat|Rotom-Heat|304\/304
|move|p2a: Athena|Sludge Wave|p1a: Rotom-Heat
|-damage|p1a: Rotom-Heat|151\/304
|
|-heal|p1a: Rotom-Heat|170\/304|[from] item: Leftovers
|turn|3
|
|move|p2a: Athena|Sludge Wave|p1a: Rotom-Heat
|-damage|p1a: Rotom-Heat|4\/304
|move|p1a: Rotom-Heat|Overheat|p2a: Athena
|-damage|p2a: Athena|1\/353
|-unboost|p1a: Rotom-Heat|spa|2
|
|-heal|p1a: Rotom-Heat|23\/304|[from] item: Leftovers
|turn|4
|
|move|p2a: Athena|Thunderbolt|p1a: Rotom-Heat
|-resisted|p1a: Rotom-Heat
|-damage|p1a: Rotom-Heat|0 fnt
|faint|p1a: Rotom-Heat
|
|
|switch|p1a: Noivern|Noivern, M|325\/325
|turn|5
|chat|Juice Weasel|do you run timid on noivern or a -def nature to improve uturn power?
|
|switch|p2a: Triton|Empoleon, M|371\/371
|move|p1a: Noivern|U-turn|p2a: Triton
|-resisted|p2a: Triton
|-damage|p2a: Triton|350\/371
|chat|xMarth|timid uturn wont be doing much anyway
|
|switch|p1a: Absol|Absol, M|271\/271
|
|-heal|p2a: Triton|371\/371|[from] item: Leftovers
|turn|6
|
|-formechange|p1a: Absol|Absol-Mega
|message|Absol has Mega Evolved into Mega Absol!
|move|p1a: Absol|Superpower|p2a: Triton
|-supereffective|p2a: Triton
|-damage|p2a: Triton|33\/371
|-unboost|p1a: Absol|atk|1
|-unboost|p1a: Absol|def|1
|move|p2a: Triton|Scald|p1a: Absol
|-damage|p1a: Absol|58\/271
|
|-heal|p2a: Triton|56\/371|[from] item: Leftovers
|turn|7
|chat|Juice Weasel|so you run timid and just run it for momentum then?
|
|switch|p2a: Ez Bake|Rotom-Heat|303\/303
|move|p1a: Absol|Knock Off|p2a: Ez Bake
|-damage|p2a: Ez Bake|216\/303
|-enditem|p2a: Ez Bake|Leftovers|[from] move: Knock Off|[of] p1a: Absol
|
|turn|8
|chat|xMarth|yea also with uturn people dont expect it to run switcheroo with it
|
|switch|p1a: Noivern|Noivern, M|325\/325
|move|p2a: Ez Bake|Overheat|p1a: Noivern
|-crit|p1a: Noivern
|-resisted|p1a: Noivern
|-damage|p1a: Noivern|180\/325
|-unboost|p2a: Ez Bake|spa|2
|
|turn|9
|chat|Juice Weasel|nice. i saw your match vs uu and you totally baited him by showing uturn early
|
|move|p1a: Noivern|Draco Meteor|p2a: Ez Bake
|-damage|p2a: Ez Bake|0 fnt
|-unboost|p1a: Noivern|spa|2
|faint|p2a: Ez Bake
|
|
|switch|p2a: Dong Nose|Krookodile, F|331\/331
|turn|10
|chat|xMarth|yea noivern does alot of work for the team
|
|move|p2a: Dong Nose|Knock Off|p1a: Noivern
|-damage|p1a: Noivern|0 fnt
|faint|p1a: Noivern
|-boost|p2a: Dong Nose|atk|1|[from] ability: Moxie
|
|
|switch|p1a: Empoleon|Empoleon, F|372\/372
|turn|11
|
|switch|p2a: Triton|Empoleon, M|56\/371
|move|p1a: Empoleon|Scald|p2a: Triton
|-resisted|p2a: Triton
|-damage|p2a: Triton|18\/371
|
|-heal|p2a: Triton|41\/371|[from] item: Leftovers
|turn|12
|
|move|p1a: Empoleon|Stealth Rock|p2a: Triton
|-sidestart|p2: Juice Weasel|move: Stealth Rock
|move|p2a: Triton|Stealth Rock|p1a: Empoleon
|-sidestart|p1: xMarth|move: Stealth Rock
|
|-heal|p2a: Triton|64\/371|[from] item: Leftovers
|turn|13
|
|move|p1a: Empoleon|Scald|p2a: Triton
|-resisted|p2a: Triton
|-damage|p2a: Triton|25\/371
|move|p2a: Triton|Scald|p1a: Empoleon
|-resisted|p1a: Empoleon
|-damage|p1a: Empoleon|321\/372
|
|-heal|p1a: Empoleon|344\/372|[from] item: Leftovers
|-heal|p2a: Triton|48\/371|[from] item: Leftovers
|turn|14
|
|move|p2a: Triton|Scald|p1a: Empoleon
|-resisted|p1a: Empoleon
|-damage|p1a: Empoleon|284\/372
|-status|p1a: Empoleon|brn
|move|p1a: Empoleon|Scald|p2a: Triton
|-resisted|p2a: Triton
|-damage|p2a: Triton|12\/371
|-status|p2a: Triton|brn
|
|-heal|p2a: Triton|35\/371 brn|[from] item: Leftovers
|-heal|p1a: Empoleon|307\/372 brn|[from] item: Leftovers
|-damage|p1a: Empoleon|261\/372 brn|[from] brn
|-damage|p2a: Triton|0 fnt|[from] brn
|faint|p2a: Triton
|
|switch|p2a: Red XIII|Absol, M, shiny|271\/271
|-damage|p2a: Red XIII|238\/271|[from] Stealth Rock
|-ability|p2a: Red XIII|Pressure
|turn|15
|
|switch|p1a: Absol|Absol, M|58\/271
|-formechange|p1a: Absol|Absol-Mega
|-damage|p1a: Absol|25\/271|[from] Stealth Rock
|-formechange|p2a: Red XIII|Absol-Mega
|message|Absol has Mega Evolved into Mega Absol!
|move|p2a: Red XIII|Superpower|p1a: Absol
|-supereffective|p1a: Absol
|-damage|p1a: Absol|0 fnt
|-unboost|p2a: Red XIII|atk|1
|-unboost|p2a: Red XIII|def|1
|faint|p1a: Absol
|
|
|switch|p1a: Nidoqueen|Nidoqueen, F|353\/353
|-damage|p1a: Nidoqueen|331\/353|[from] Stealth Rock
|turn|16
|
|switch|p2a: ReadingRainbow|Noivern, F|311\/311
|-damage|p2a: ReadingRainbow|234\/311|[from] Stealth Rock
|move|p1a: Nidoqueen|Sludge Wave|p2a: ReadingRainbow
|-damage|p2a: ReadingRainbow|0 fnt
|faint|p2a: ReadingRainbow
|
|
|switch|p2a: Dong Nose|Krookodile, F|331\/331
|-damage|p2a: Dong Nose|311\/331|[from] Stealth Rock
|turn|17
|
|switch|p1a: Empoleon|Empoleon, F|261\/372 brn
|-damage|p1a: Empoleon|238\/372 brn|[from] Stealth Rock
|move|p2a: Dong Nose|Earthquake|p1a: Empoleon
|-supereffective|p1a: Empoleon
|-damage|p1a: Empoleon|0 fnt
|faint|p1a: Empoleon
|-boost|p2a: Dong Nose|atk|1|[from] ability: Moxie
|
|
|switch|p1a: Krookodile|Krookodile, F|75\/335
|-damage|p1a: Krookodile|55\/335|[from] Stealth Rock
|turn|18
|
|move|p2a: Dong Nose|Earthquake|p1a: Krookodile
|-damage|p1a: Krookodile|0 fnt
|faint|p1a: Krookodile
|-boost|p2a: Dong Nose|atk|1|[from] ability: Moxie
|
|chat|xMarth|gg
|
|switch|p1a: Nidoqueen|Nidoqueen, F|331\/353
|-damage|p1a: Nidoqueen|309\/353|[from] Stealth Rock
|turn|19
|chat|Juice Weasel|yeah man noivern is great. im still unsure of when to mega evolve absol tho. you've made3 agreat team!
|chat|Juice Weasel|gg
|
|move|p2a: Dong Nose|Earthquake|p1a: Nidoqueen
|-supereffective|p1a: Nidoqueen
|-damage|p1a: Nidoqueen|0 fnt
|faint|p1a: Nidoqueen
|-boost|p2a: Dong Nose|atk|1|[from] ability: Moxie
|
|win|Juice Weasel
|raw|Ladder updating...
|raw|xMarth's rating: 1789 &rarr; <strong>1756<\/strong><br \/>(-33 for losing)
|raw|Juice Weasel's rating: 1523 &rarr; <strong>1556<\/strong><br \/>(+33 for winning)
|chat|xMarth|gotta catch back up to king now lol
|chat|Juice Weasel|lol i'll be rooting for u
|chat|xMarth|certainly didnt expect to run into my own team
|chat|xMarth|haha thanks gg
|chat|Juice Weasel|haha gg