|J|hairy toenail
|J|LiberalLucario
|player|p1|hairy toenail|147
|player|p2|LiberalLucario|290
|gametype|singles
|gen|6
|tier|UU
|rule|Sleep Clause Mod: Limit one foe put to sleep
|rule|Species Clause: Limit one of each PokÃ©mon
|rule|OHKO Clause: OHKO moves are banned
|rule|Moody Clause: Moody is banned
|rule|Evasion Moves Clause: Evasion moves are banned
|rule|Endless Battle Clause: Forcing endless battles is banned
|rule|HP Percentage Mod: HP is shown in percentages
|clearpoke
|poke|p1|Snorlax, M
|poke|p1|Whimsicott, M
|poke|p1|Hydreigon, F
|poke|p1|Doublade, F
|poke|p1|Cobalion
|poke|p1|Tentacruel, F
|poke|p2|Toxicroak, F
|poke|p2|Aerodactyl, M
|poke|p2|Whimsicott, F
|poke|p2|Krookodile, M
|poke|p2|Jirachi
|poke|p2|Starmie
|rule|Swagger Clause: Swagger is banned
|rule|Baton Pass Clause: Limit one PokÃ©mon knowing Baton Pass
|teampreview
|c|âhairy toenail|gl
|J|blunderr
|J|ba$ed n bad
|c|âLiberalLucario|u2
|J|AM
|J|CleanerThanRotom-W
|J|Finchinator
|J|ThatGuyOnTheLOU
|L|CleanerThanRotom-W
|J|Sven Nordqvist
|L|ThatGuyOnTheLOU
|J|Bean
|
|start
|switch|p1a: Whimsicott|Whimsicott, M|261\/261
|switch|p2a: Krookodile|Krookodile, M|342\/342
|-ability|p2a: Krookodile|Intimidate|[of] p1a: Whimsicott
|-unboost|p1a: Whimsicott|atk|1
|turn|1
|L|Finchinator
|J|Bouff
|L|Bean
|
|move|p1a: Whimsicott|Moonblast|p2a: Krookodile
|-supereffective|p2a: Krookodile
|-damage|p2a: Krookodile|42\/342
|move|p2a: Krookodile|Stealth Rock|p1a: Whimsicott
|-sidestart|p1: hairy toenail|move: Stealth Rock
|
|-heal|p2a: Krookodile|63\/342|[from] item: Leftovers
|turn|2
|
|switch|p2a: Jirachi|Jirachi|341\/341
|move|p1a: Whimsicott|U-turn|p2a: Jirachi
|-damage|p2a: Jirachi|319\/341
|c|+Bouff|lol!
|L|Bouff
|
|switch|p1a: Doublade|Doublade, F|321\/321
|-damage|p1a: Doublade|301\/321|[from] Stealth Rock
|
|turn|3
|
|move|p2a: Jirachi|U-turn|p1a: Doublade
|-resisted|p1a: Doublade
|-damage|p1a: Doublade|294\/321
|
|move|p1a: Doublade|Pursuit|p2a: Jirachi|[from]Pursuit
|-supereffective|p2a: Jirachi
|-damage|p2a: Jirachi|141\/341
|switch|p2a: Krookodile|Krookodile, M|63\/342
|-ability|p2a: Krookodile|Intimidate|[of] p1a: Doublade
|-unboost|p1a: Doublade|atk|1
|
|-heal|p2a: Krookodile|84\/342|[from] item: Leftovers
|turn|4
|J|smogon gay baby #4
|c|+smogon gay baby #4|aww yeah
|c|+smogon gay baby #4|something
|
|switch|p1a: Whimsicott|Whimsicott, M|261\/261
|-damage|p1a: Whimsicott|229\/261|[from] Stealth Rock
|move|p2a: Krookodile|Knock Off|p1a: Whimsicott
|-resisted|p1a: Whimsicott
|-damage|p1a: Whimsicott|140\/261
|-enditem|p1a: Whimsicott|Leftovers|[from] move: Knock Off|[of] p2a: Krookodile
|
|-heal|p2a: Krookodile|105\/342|[from] item: Leftovers
|turn|5
|
|switch|p2a: Jirachi|Jirachi|141\/341
|move|p1a: Whimsicott|Giga Drain|p2a: Jirachi
|-resisted|p2a: Jirachi
|-damage|p2a: Jirachi|96\/341
|-heal|p1a: Whimsicott|163\/261|[from] drain|[of] p2a: Jirachi
|
|turn|6
|
|move|p2a: Jirachi|U-turn|p1a: Whimsicott
|-damage|p1a: Whimsicott|88\/261
|
|switch|p2a: Aerodactyl|Aerodactyl, M|311\/311
|-ability|p2a: Aerodactyl|Pressure
|move|p1a: Whimsicott|U-turn|p2a: Aerodactyl
|-resisted|p2a: Aerodactyl
|-damage|p2a: Aerodactyl|285\/311
|
|switch|p1a: Doublade|Doublade, F|294\/321
|-damage|p1a: Doublade|274\/321|[from] Stealth Rock
|
|turn|7
|
|switch|p2a: Krookodile|Krookodile, M|105\/342
|-ability|p2a: Krookodile|Intimidate|[of] p1a: Doublade
|-unboost|p1a: Doublade|atk|1
|move|p1a: Doublade|Iron Head|p2a: Krookodile
|-damage|p2a: Krookodile|0 fnt
|faint|p2a: Krookodile
|
|
|switch|p2a: Starmie|Starmie|324\/324
|turn|8
|J|LMOA xD
|J|BrockMagician
|J|xShiba
|J|DatGuyChuck
|c| BrockMagician|yoh Hairy 
|J|Volbeatdown FU
|c| BrockMagician|win this 
|J|SDF
|J|thymethyme
|
|switch|p1a: Tentacruel|Tentacruel, F|363\/363
|-damage|p1a: Tentacruel|318\/363|[from] Stealth Rock
|move|p2a: Starmie|Scald|p1a: Tentacruel
|-resisted|p1a: Tentacruel
|-damage|p1a: Tentacruel|280\/363
|
|-heal|p1a: Tentacruel|302\/363|[from] item: Black Sludge
|turn|9
|L|AM
|c| DatGuyChuck|cmon LibLuc
|c| DatGuyChuck|you got this
|c| Volbeatdown FU|guys
|c| Volbeatdown FU|dont chat
|
|move|p2a: Starmie|Psyshock|p1a: Tentacruel
|-supereffective|p1a: Tentacruel
|-damage|p1a: Tentacruel|116\/363
|move|p1a: Tentacruel|Rapid Spin|p2a: Starmie
|-damage|p2a: Starmie|313\/324
|-sideend|p1: hairy toenail|Stealth Rock|[from] move: Rapid Spin|[of] p1a: Tentacruel
|
|-heal|p2a: Starmie|324\/324|[from] item: Leftovers
|-heal|p1a: Tentacruel|138\/363|[from] item: Black Sludge
|turn|10
|c| DatGuyChuck|o
|c| Volbeatdown FU|theyre here for a reason
|
|switch|p1a: Hydreigon|Hydreigon, F|325\/325
|move|p2a: Starmie|Scald|p1a: Hydreigon
|-resisted|p1a: Hydreigon
|-damage|p1a: Hydreigon|276\/325
|
|turn|11
|
|move|p1a: Hydreigon|U-turn|p2a: Starmie
|-crit|p2a: Starmie
|-supereffective|p2a: Starmie
|-damage|p2a: Starmie|138\/324
|L|xShiba
|J|Thisbemyalt
|
|switch|p1a: Tentacruel|Tentacruel, F|138\/363
|move|p2a: Starmie|Recover|p2a: Starmie
|-heal|p2a: Starmie|300\/324
|
|-heal|p2a: Starmie|320\/324|[from] item: Leftovers
|-heal|p1a: Tentacruel|160\/363|[from] item: Black Sludge
|turn|12
|
|switch|p2a: Toxicroak|Toxicroak, F|307\/307
|switch|p1a: Hydreigon|Hydreigon, F|276\/325
|
|turn|13
|J|UniterFlash
|c| UniterFlash|go liberallucario
|c| UniterFlash|*cheers*
|c|âLiberalLucario|ssh
|
|switch|p2a: Whimsicott|Whimsicott, F|261\/261
|move|p1a: Hydreigon|U-turn|p2a: Whimsicott
|-damage|p2a: Whimsicott|202\/261
|c| UniterFlash|oh srry
|c| UniterFlash|*whisper*
|J|ANGER MANAGEMENT
|
|switch|p1a: Cobalion|Cobalion|370\/370
|
|-heal|p2a: Whimsicott|218\/261|[from] item: Leftovers
|turn|14
|
|move|p2a: Whimsicott|U-turn|p1a: Cobalion
|-resisted|p1a: Cobalion
|-damage|p1a: Cobalion|363\/370
|
|switch|p2a: Starmie|Starmie|320\/324
|move|p1a: Cobalion|Stealth Rock|p2a: Starmie
|-sidestart|p2: LiberalLucario|move: Stealth Rock
|
|-heal|p2a: Starmie|324\/324|[from] item: Leftovers
|-heal|p1a: Cobalion|370\/370|[from] item: Leftovers
|turn|15
|
|move|p2a: Starmie|Scald|p1a: Cobalion
|-damage|p1a: Cobalion|250\/370
|move|p1a: Cobalion|Volt Switch|p2a: Starmie
|-crit|p2a: Starmie
|-supereffective|p2a: Starmie
|-damage|p2a: Starmie|154\/324
|
|switch|p1a: Whimsicott|Whimsicott, M|88\/261
|
|-heal|p2a: Starmie|174\/324|[from] item: Leftovers
|turn|16
|
|switch|p2a: Jirachi|Jirachi|96\/341
|-damage|p2a: Jirachi|75\/341|[from] Stealth Rock
|move|p1a: Whimsicott|Giga Drain|p2a: Jirachi
|-resisted|p2a: Jirachi
|-damage|p2a: Jirachi|29\/341
|-heal|p1a: Whimsicott|111\/261|[from] drain|[of] p2a: Jirachi
|
|turn|17
|L|UniterFlash
|
|switch|p1a: Cobalion|Cobalion|250\/370
|move|p2a: Jirachi|Fire Punch|p1a: Cobalion
|-supereffective|p1a: Cobalion
|-damage|p1a: Cobalion|132\/370
|
|-heal|p1a: Cobalion|155\/370|[from] item: Leftovers
|turn|18
|
|move|p2a: Jirachi|Fire Punch|p1a: Cobalion
|-supereffective|p1a: Cobalion
|-damage|p1a: Cobalion|23\/370
|move|p1a: Cobalion|Volt Switch|p2a: Jirachi
|-damage|p2a: Jirachi|0 fnt
|faint|p2a: Jirachi
|
|switch|p1a: Doublade|Doublade, F|274\/321
|
|L|ba$ed n bad
|J|SmashBrosBrawl
|J|feuerhose
|L|SmashBrosBrawl
|
|switch|p2a: Toxicroak|Toxicroak, F|307\/307
|-damage|p2a: Toxicroak|288\/307|[from] Stealth Rock
|turn|19
|
|switch|p1a: Whimsicott|Whimsicott, M|111\/261
|move|p2a: Toxicroak|Swords Dance|p2a: Toxicroak
|-boost|p2a: Toxicroak|atk|2
|
|turn|20
|
|switch|p2a: Aerodactyl|Aerodactyl, M|285\/311
|-damage|p2a: Aerodactyl|208\/311|[from] Stealth Rock
|-ability|p2a: Aerodactyl|Pressure
|move|p1a: Whimsicott|Encore|p2a: Aerodactyl
|-fail|p2a: Aerodactyl
|
|turn|21
|
|switch|p2a: Starmie|Starmie|174\/324
|-damage|p2a: Starmie|134\/324|[from] Stealth Rock
|switch|p1a: Cobalion|Cobalion|23\/370
|
|-heal|p2a: Starmie|154\/324|[from] item: Leftovers
|-heal|p1a: Cobalion|46\/370|[from] item: Leftovers
|turn|22
|
|move|p2a: Starmie|Recover|p2a: Starmie
|-heal|p2a: Starmie|316\/324
|move|p1a: Cobalion|Volt Switch|p2a: Starmie
|-supereffective|p2a: Starmie
|-damage|p2a: Starmie|210\/324
|
|switch|p1a: Whimsicott|Whimsicott, M|111\/261
|
|-heal|p2a: Starmie|230\/324|[from] item: Leftovers
|turn|23
|
|switch|p2a: Whimsicott|Whimsicott, F|218\/261
|-damage|p2a: Whimsicott|186\/261|[from] Stealth Rock
|move|p1a: Whimsicott|Giga Drain|p2a: Whimsicott
|-resisted|p2a: Whimsicott
|-damage|p2a: Whimsicott|124\/261
|-heal|p1a: Whimsicott|142\/261|[from] drain|[of] p2a: Whimsicott
|
|-heal|p2a: Whimsicott|140\/261|[from] item: Leftovers
|turn|24
|
|switch|p1a: Cobalion|Cobalion|46\/370
|move|p2a: Whimsicott|U-turn|p1a: Cobalion
|-resisted|p1a: Cobalion
|-damage|p1a: Cobalion|37\/370
|
|switch|p2a: Starmie|Starmie|230\/324
|-damage|p2a: Starmie|190\/324|[from] Stealth Rock
|
|-heal|p2a: Starmie|210\/324|[from] item: Leftovers
|-heal|p1a: Cobalion|60\/370|[from] item: Leftovers
|turn|25
|
|move|p2a: Starmie|Scald|p1a: Cobalion
|-damage|p1a: Cobalion|0 fnt
|faint|p1a: Cobalion
|
|-heal|p2a: Starmie|230\/324|[from] item: Leftovers
|
|switch|p1a: Whimsicott|Whimsicott, M|142\/261
|turn|26
|
|switch|p2a: Whimsicott|Whimsicott, F|140\/261
|-damage|p2a: Whimsicott|108\/261|[from] Stealth Rock
|move|p1a: Whimsicott|Giga Drain|p2a: Whimsicott
|-resisted|p2a: Whimsicott
|-damage|p2a: Whimsicott|36\/261
|-heal|p1a: Whimsicott|178\/261|[from] drain|[of] p2a: Whimsicott
|
|-heal|p2a: Whimsicott|52\/261|[from] item: Leftovers
|turn|27
|
|move|p2a: Whimsicott|Moonblast|p1a: Whimsicott
|-damage|p1a: Whimsicott|22\/261
|move|p1a: Whimsicott|Giga Drain|p2a: Whimsicott
|-resisted|p2a: Whimsicott
|-damage|p2a: Whimsicott|0 fnt
|-heal|p1a: Whimsicott|48\/261|[from] drain|[of] p2a: Whimsicott
|faint|p2a: Whimsicott
|
|
|switch|p2a: Aerodactyl|Aerodactyl, M|208\/311
|-damage|p2a: Aerodactyl|131\/311|[from] Stealth Rock
|-ability|p2a: Aerodactyl|Pressure
|turn|28
|
|detailschange|p2a: Aerodactyl|Aerodactyl-Mega, M
|-mega|p2a: Aerodactyl|Aerodactyl|Aerodactylite
|move|p2a: Aerodactyl|Aerial Ace|p1a: Whimsicott
|-supereffective|p1a: Whimsicott
|-damage|p1a: Whimsicott|0 fnt
|faint|p1a: Whimsicott
|
|
|switch|p1a: Doublade|Doublade, F|274\/321
|turn|29
|
|move|p2a: Aerodactyl|Pursuit|p1a: Doublade
|-supereffective|p1a: Doublade
|-damage|p1a: Doublade|210\/321
|move|p1a: Doublade|Swords Dance|p1a: Doublade
|-boost|p1a: Doublade|atk|2
|
|turn|30
|
|move|p1a: Doublade|Shadow Sneak|p2a: Aerodactyl
|-damage|p2a: Aerodactyl|0 fnt
|faint|p2a: Aerodactyl
|
|
|switch|p2a: Toxicroak|Toxicroak, F|288\/307
|-damage|p2a: Toxicroak|269\/307|[from] Stealth Rock
|turn|31
|
|move|p2a: Toxicroak|Swords Dance|p2a: Toxicroak
|-boost|p2a: Toxicroak|atk|2
|move|p1a: Doublade|Iron Head|p2a: Toxicroak
|-damage|p2a: Toxicroak|0 fnt
|faint|p2a: Toxicroak
|
|c|âLiberalLucario|g_g
|
|switch|p2a: Starmie|Starmie|230\/324
|-damage|p2a: Starmie|190\/324|[from] Stealth Rock
|turn|32
|c|âhairy toenail|gg 
|
|move|p1a: Doublade|Shadow Sneak|p2a: Starmie
|-supereffective|p2a: Starmie
|-damage|p2a: Starmie|0 fnt
|faint|p2a: Starmie
|
|win|hairy toenail
|L|LiberalLucario
|player|p2