|join|Joshawott1
|join|Hairy Toenail
|player|p1|Joshawott1|196
|player|p2|Hairy Toenail|147
|gametype|singles
|gen|6
|tier|UU
|rule|Sleep Clause Mod: Limit one foe put to sleep
|rule|Species Clause: Limit one of each PokÃ©mon
|rule|OHKO Clause: OHKO moves are banned
|rule|Moody Clause: Moody is banned
|rule|Evasion Moves Clause: Evasion moves are banned
|rule|Endless Battle Clause: Forcing endless battles is banned
|rule|HP Percentage Mod: HP is shown in percentages
|clearpoke
|poke|p1|Chandelure, F, shiny
|poke|p1|Toxicroak, M
|poke|p1|Ampharos, M
|poke|p1|Snorlax, F, shiny
|poke|p1|Donphan, F, shiny
|poke|p1|Kingdra, F
|poke|p2|Toxicroak, M
|poke|p2|Ampharos, F
|poke|p2|Crobat, F
|poke|p2|Jirachi
|poke|p2|Heracross, F
|poke|p2|Hydreigon, M
|rule|Swagger Clause: Swagger is banned
|rule|Baton Pass Clause: Limit one PokÃ©mon knowing Baton Pass
|teampreview
|c|âHairy Toenail|glhf
|c|âJoshawott1|gl
|join|ult bopsquad
|
|start
|switch|p1a: RNGsus|Kingdra, F|354\/354
|switch|p2a: Sheepy|Ampharos, F|384\/384
|turn|1
|join|elite four Brad
|c| ult bopsquad|toenail\/lixx\/liberallucario
|c| ult bopsquad|you're carrying us :]
|c|âHairy Toenail|ding
|c|âHairy Toenail|you're not playing?
|
|move|p1a: RNGsus|Draco Meteor|p2a: Sheepy
|-damage|p2a: Sheepy|168\/384
|-unboost|p1a: RNGsus|spa|2
|move|p2a: Sheepy|Dragon Pulse|p1a: RNGsus
|-supereffective|p1a: RNGsus
|-damage|p1a: RNGsus|132\/354
|
|turn|2
|c| ult bopsquad|i got bopped
|c|âHairy Toenail|:(
|join|Dragongroudon9
|c| ult bopsquad|:[
|c|âJoshawott1|crap
|leave|Dragongroudon9
|c| ult bopsquad|you know
|
|move|p1a: RNGsus|Draco Meteor|p2a: Sheepy
|-damage|p2a: Sheepy|51\/384
|-unboost|p1a: RNGsus|spa|2
|move|p2a: Sheepy|Volt Switch|p1a: RNGsus
|-damage|p1a: RNGsus|11\/354
|c|âJoshawott1|well
|c| ult bopsquad|xmarth lost too?
|
|switch|p2a: Tassles|Jirachi|404\/404
|
|turn|3
|c|âHairy Toenail|not sure
|
|move|p2a: Tassles|Stealth Rock|p1a: RNGsus
|-sidestart|p1: Joshawott1|move: Stealth Rock
|move|p1a: RNGsus|Hidden Power|p2a: Tassles
|-supereffective|p2a: Tassles
|-damage|p2a: Tassles|364\/404
|
|-heal|p2a: Tassles|389\/404|[from] item: Leftovers
|turn|4
|c| ult bopsquad|use
|c| ult bopsquad|sub
|c|âJoshawott1|XD
|c| ult bopsquad|:]
|
|move|p2a: Tassles|U-turn|p1a: RNGsus
|-damage|p1a: RNGsus|0 fnt
|faint|p1a: RNGsus
|c|âHairy Toenail|is sub rocks a set
|c| ult bopsquad|i run
|c| ult bopsquad|subtoxic
|
|switch|p2a: Batman|Crobat, F|374\/374
|
|c|âHairy Toenail|i wanted to
|
|switch|p1a: Bipen|Ampharos, M|384\/384
|-damage|p1a: Bipen|336\/384|[from] Stealth Rock
|turn|5
|c|âHairy Toenail|but i need rocks 
|
|detailschange|p1a: Bipen|Ampharos-Mega, M
|message|Ampharos has Mega Evolved into Mega Ampharos!
|-ability|p1a: Bipen|Mold Breaker
|move|p2a: Batman|U-turn|p1a: Bipen
|-damage|p1a: Bipen|283\/384
|
|switch|p2a: Tassles|Jirachi|389\/404
|move|p1a: Bipen|Thunderbolt|p2a: Tassles
|-damage|p2a: Tassles|178\/404
|
|-heal|p2a: Tassles|203\/404|[from] item: Leftovers
|turn|6
|c| ult bopsquad|nice
|
|switch|p2a: Sheepy|Ampharos, F|51\/384
|move|p1a: Bipen|Thunderbolt|p2a: Sheepy
|-resisted|p2a: Sheepy
|-damage|p2a: Sheepy|0 fnt
|faint|p2a: Sheepy
|
|c| ult bopsquad|n pwr
|
|switch|p2a: Hydra|Hydreigon, M|325\/325
|turn|7
|
|switch|p1a: McDonald|Snorlax, F, shiny|516\/516
|-damage|p1a: McDonald|452\/516|[from] Stealth Rock
|move|p2a: Hydra|Draco Meteor|p1a: McDonald
|-damage|p1a: McDonald|230\/516
|-unboost|p2a: Hydra|spa|2
|
|-heal|p1a: McDonald|262\/516|[from] item: Leftovers
|turn|8
|c| ult bopsquad|reveal
|c| ult bopsquad|scope lens
|c| elite four Brad|hydra gonna sweep
|
|switch|p2a: Best Fren|Heracross, F|301\/301
|move|p1a: McDonald|Crunch|p2a: Best Fren
|-resisted|p2a: Best Fren
|-damage|p2a: Best Fren|243\/301
|
|-heal|p1a: McDonald|294\/516|[from] item: Leftovers
|turn|9
|c| ult bopsquad|no
|c| ult bopsquad|cross is gonna ruse
|join|5pook
|
|move|p2a: Best Fren|Knock Off|p1a: McDonald
|-damage|p1a: McDonald|57\/516
|-enditem|p1a: McDonald|Leftovers|[from] move: Knock Off|[of] p2a: Best Fren
|move|p1a: McDonald|Giga Impact|p2a: Best Fren
|-damage|p2a: Best Fren|0 fnt
|faint|p2a: Best Fren
|
|c|âHairy Toenail|holy fuck
|c| ult bopsquad|OMG
|c|âHairy Toenail|oml
|c| ult bopsquad|WHAT
|c|âHairy Toenail|i just got dicked on
|c| ult bopsquad|WHAT
|c| ult bopsquad|!!@$#@@%@#$@$@##%$@
|c| ult bopsquad|#@$%@$#@%$#^$%@#$#%$#@
|c|âJoshawott1|;)
|c| ult bopsquad|@#@#!@!#$@%$$#$#$$@
|c| ult bopsquad|@#$#%$#@%$#%@$#%$#%@%$#
|c| ult bopsquad|@#%@$@#$@##$@#@$
|
|switch|p2a: Froge|Toxicroak, M|307\/307
|turn|10
|c| ult bopsquad|FREE SD
|
|move|p2a: Froge|Swords Dance|p2a: Froge
|-boost|p2a: Froge|atk|2
|cant|p1a: McDonald|recharge
|
|turn|11
|c| ult bopsquad|FREE SD
|c| ult bopsquad|FREE SD
|
|move|p2a: Froge|Drain Punch|p1a: McDonald
|-crit|p1a: McDonald
|-supereffective|p1a: McDonald
|-damage|p1a: McDonald|0 fnt
|-damage|p2a: Froge|277\/307|[from] item: Life Orb
|faint|p1a: McDonald
|
|
|switch|p1a: Who|Donphan, F, shiny|322\/322
|-damage|p1a: Who|302\/322|[from] Stealth Rock
|-item|p1a: Who|Air Balloon
|turn|12
|c| ult bopsquad|..........................................
|c|âHairy Toenail|why
|c|âHairy Toenail|is there a balloon
|join|JP Minoru
|c|âJoshawott1|why not
|c|âJoshawott1|lel
|
|switch|p2a: Hydra|Hydreigon, M|325\/325
|move|p1a: Who|Earthquake|p2a: Hydra
|-immune|p2a: Hydra|[msg]
|
|turn|13
|leave|JP Minoru
|c| ult bopsquad|because donphan
|c| ult bopsquad|doesn
|c|âHairy Toenail|do u have play rough
|c| ult bopsquad|doesn't fking need it
|c|âJoshawott1|:)
|
|move|p2a: Hydra|U-turn|p1a: Who
|-damage|p1a: Who|264\/322
|-enditem|p1a: Who|Air Balloon
|
|switch|p2a: Tassles|Jirachi|203\/404
|move|p1a: Who|Stealth Rock|p2a: Tassles
|-sidestart|p2: Hairy Toenail|move: Stealth Rock
|
|-heal|p2a: Tassles|228\/404|[from] item: Leftovers
|turn|14
|c|âJoshawott1|plz don't sub
|
|move|p2a: Tassles|U-turn|p1a: Who
|-damage|p1a: Who|227\/322
|
|switch|p2a: Hydra|Hydreigon, M|325\/325
|-damage|p2a: Hydra|285\/325|[from] Stealth Rock
|move|p1a: Who|Roar|p2a: Hydra
|drag|p2a: Batman|Crobat, F|374\/374
|-damage|p2a: Batman|281\/374|[from] Stealth Rock
|
|turn|15
|
|switch|p1a: Bipen|Ampharos-Mega, M|283\/384
|-damage|p1a: Bipen|235\/384|[from] Stealth Rock
|-ability|p1a: Bipen|Mold Breaker
|move|p2a: Batman|Defog|p1a: Bipen
|-unboost|p1a: Bipen|evasion|1
|-sideend|p1: Joshawott1|Stealth Rock|[from] move: Defog|[of] p1a: Bipen
|-sideend|p2: Hairy Toenail|Stealth Rock|[from] move: Defog|[of] p2a: Batman
|
|turn|16
|c| ult bopsquad|lol he already revealed stealth roaches
|c| ult bopsquad|on rachi
|
|move|p2a: Batman|U-turn|p1a: Bipen
|-damage|p1a: Bipen|179\/384
|
|switch|p2a: Tassles|Jirachi|228\/404
|move|p1a: Bipen|Thunderbolt|p2a: Tassles
|-crit|p2a: Tassles
|-damage|p2a: Tassles|0 fnt
|faint|p2a: Tassles
|
|c|âJoshawott1|gjsgjsdgsdgh
|leave|elite four Brad
|
|switch|p2a: Hydra|Hydreigon, M|285\/325
|turn|17
|c| ult bopsquad|use
|c| ult bopsquad|dragon pulse > fire blast :]
|c|âJoshawott1|!data hydeigon
No Pokemon, item, move, ability or nature named 'hydeigon' was found. Showing the data of 'Hydreigon' instead.
|c|~|\/data-pokemon Hydreigon

|c|âHairy Toenail|outrage coming
|
|move|p2a: Hydra|Draco Meteor|p1a: Bipen
|-crit|p1a: Bipen
|-supereffective|p1a: Bipen
|-damage|p1a: Bipen|0 fnt
|-unboost|p2a: Hydra|spa|2
|faint|p1a: Bipen
|
|join|Steve 5
|
|switch|p1a: Fire Baller|Chandelure, F, shiny|324\/324
|turn|18
|c| ult bopsquad|rip
|c| ult bopsquad|i bet that thing is
|c| ult bopsquad|sub
|
|move|p2a: Hydra|Draco Meteor|p1a: Fire Baller
|-damage|p1a: Fire Baller|242\/324
|-unboost|p2a: Hydra|spa|2
|move|p1a: Fire Baller|Flamethrower|p2a: Hydra
|-resisted|p2a: Hydra
|-damage|p2a: Hydra|185\/325
|
|turn|19
|c| ult bopsquad|mg
|c|âHairy Toenail|wtf
|c| ult bopsquad|it's fucking
|c| 5pook|thats
|c|âHairy Toenail|bulk
|c| ult bopsquad|assault vest
|c| 5pook|av
|c| ult bopsquad|rip UU
|c|âJoshawott1|lol
|c|âHairy Toenail|oml
|
|switch|p2a: Batman|Crobat, F|281\/374
|move|p1a: Fire Baller|Flamethrower|p2a: Batman
|-damage|p2a: Batman|35\/374
|
|turn|20
|c|âHairy Toenail|mfw cancel
|
|move|p2a: Batman|Acrobatics|p1a: Fire Baller
|-damage|p1a: Fire Baller|98\/324
|move|p1a: Fire Baller|Flamethrower|p2a: Batman
|-damage|p2a: Batman|0 fnt
|faint|p2a: Batman
|
|
|switch|p2a: Hydra|Hydreigon, M|185\/325
|turn|21
|
|move|p2a: Hydra|Draco Meteor|p1a: Fire Baller
|-damage|p1a: Fire Baller|0 fnt
|-unboost|p2a: Hydra|spa|2
|faint|p1a: Fire Baller
|
|
|switch|p1a: Mad Demon|Toxicroak, M|370\/370
|turn|22
|
|switch|p2a: Froge|Toxicroak, M|277\/307
|move|p1a: Mad Demon|Drain Punch|p2a: Froge
|-resisted|p2a: Froge
|-damage|p2a: Froge|187\/307
|
|turn|23
|
|switch|p1a: Who|Donphan, F, shiny|227\/322
|move|p2a: Froge|Drain Punch|p1a: Who
|-damage|p1a: Who|118\/322
|-heal|p2a: Froge|242\/307|[from] drain|[of] p1a: Who
|-damage|p2a: Froge|212\/307|[from] item: Life Orb
|
|turn|24
|
|switch|p2a: Hydra|Hydreigon, M|185\/325
|move|p1a: Who|Earthquake|p2a: Hydra
|-immune|p2a: Hydra|[msg]
|
|turn|25
|
|move|p2a: Hydra|Draco Meteor|p1a: Who
|-damage|p1a: Who|0 fnt
|-unboost|p2a: Hydra|spa|2
|faint|p1a: Who
|
|
|switch|p1a: Mad Demon|Toxicroak, M|370\/370
|turn|26
|
|switch|p2a: Froge|Toxicroak, M|212\/307
|move|p1a: Mad Demon|Fake Out|p2a: Froge
|-damage|p2a: Froge|147\/307
|
|turn|27
|
|move|p1a: Mad Demon|Bullet Punch|p2a: Froge
|-damage|p2a: Froge|86\/307
|move|p2a: Froge|Drain Punch|p1a: Mad Demon
|-resisted|p1a: Mad Demon
|-damage|p1a: Mad Demon|253\/370
|-heal|p2a: Froge|145\/307|[from] drain|[of] p1a: Mad Demon
|-damage|p2a: Froge|115\/307|[from] item: Life Orb
|
|-heal|p1a: Mad Demon|276\/370|[from] item: Black Sludge
|turn|28
|leave|5pook
|
|move|p2a: Froge|Drain Punch|p1a: Mad Demon
|-resisted|p1a: Mad Demon
|-damage|p1a: Mad Demon|163\/370
|-heal|p2a: Froge|172\/307|[from] drain|[of] p1a: Mad Demon
|-damage|p2a: Froge|142\/307|[from] item: Life Orb
|move|p1a: Mad Demon|Drain Punch|p2a: Froge
|-resisted|p2a: Froge
|-damage|p2a: Froge|55\/307
|-heal|p1a: Mad Demon|207\/370|[from] drain|[of] p2a: Froge
|
|-heal|p1a: Mad Demon|230\/370|[from] item: Black Sludge
|turn|29
|
|move|p2a: Froge|Sucker Punch|p1a: Mad Demon
|-resisted|p1a: Mad Demon
|-damage|p1a: Mad Demon|152\/370
|-damage|p2a: Froge|25\/307|[from] item: Life Orb
|move|p1a: Mad Demon|Drain Punch|p2a: Froge
|-resisted|p2a: Froge
|-damage|p2a: Froge|0 fnt
|-heal|p1a: Mad Demon|165\/370|[from] drain|[of] p2a: Froge
|faint|p2a: Froge
|
|-heal|p1a: Mad Demon|188\/370|[from] item: Black Sludge
|
|switch|p2a: Hydra|Hydreigon, M|185\/325
|turn|30
|c|âHairy Toenail|ok
|c|âJoshawott1|ok
|c|âHairy Toenail|are you dry skin
|c|âJoshawott1|maybe
|c|âJoshawott1|maybe not
|
|move|p2a: Hydra|Flamethrower|p1a: Mad Demon
|-damage|p1a: Mad Demon|48\/370
|move|p1a: Mad Demon|Drain Punch|p2a: Hydra
|-supereffective|p2a: Hydra
|-damage|p2a: Hydra|0 fnt
|-heal|p1a: Mad Demon|141\/370|[from] drain|[of] p2a: Hydra
|faint|p2a: Hydra
|
|win|Joshawott1
|c|âHairy Toenail|flawfo;awhefa
|c|âJoshawott1|gg
|c|âHairy Toenail|nvvn
|c|âHairy Toenail|gg