|join|Beastly
|join|hairy toenail
|join|the bravest birds
|player|p1|Beastly|89
|player|p2|hairy toenail|147
|gametype|singles
|gen|6
|tier|UU
|rule|Sleep Clause Mod: Limit one foe put to sleep
|rule|Species Clause: Limit one of each PokÃ©mon
|rule|OHKO Clause: OHKO moves are banned
|rule|Moody Clause: Moody is banned
|rule|Evasion Moves Clause: Evasion moves are banned
|rule|Endless Battle Clause: Forcing endless battles is banned
|rule|HP Percentage Mod: HP is shown in percentages
|clearpoke
|poke|p1|Zygarde
|poke|p1|Florges, F
|poke|p1|Rotom-Heat
|poke|p1|Suicune
|poke|p1|Chesnaught, M
|poke|p1|Donphan, F
|poke|p2|Abomasnow, F
|poke|p2|Krookodile, F
|poke|p2|Crobat, M
|poke|p2|Whimsicott, F
|poke|p2|Jirachi
|poke|p2|Chandelure, M
|rule|Swagger Clause: Swagger is banned
|rule|Baton Pass Clause: Limit one PokÃ©mon knowing Baton Pass
|teampreview
|c|âhairy toenail|glhf
|c|âBeastly|u2
|
|start
|switch|p1a: Rotom-Heat|Rotom-Heat|241\/241
|switch|p2a: Sia|Chandelure, M|289\/289
|turn|1
|
|move|p1a: Rotom-Heat|Volt Switch|p2a: Sia
|-damage|p2a: Sia|180\/289
|
|switch|p1a: Zygarde|Zygarde|383\/383
|-ability|p1a: Zygarde|Aura Break
|move|p2a: Sia|Shadow Ball|p1a: Zygarde
|-damage|p1a: Zygarde|245\/383
|
|-heal|p2a: Sia|198\/289|[from] item: Leftovers
|-heal|p1a: Zygarde|268\/383|[from] item: Leftovers
|turn|2
|
|switch|p2a: Cotton Candy|Whimsicott, F|261\/261
|switch|p1a: Rotom-Heat|Rotom-Heat|241\/241
|
|turn|3
|join|brokenwings
|
|move|p1a: Rotom-Heat|Trick|p2a: Cotton Candy
|-activate|p1a: Rotom-Heat|move: Trick|[of] p2a: Cotton Candy
|-item|p2a: Cotton Candy|Choice Scarf|[from] move: Trick
|-item|p1a: Rotom-Heat|Leftovers|[from] move: Trick
|move|p2a: Cotton Candy|U-turn|p1a: Rotom-Heat
|-resisted|p1a: Rotom-Heat
|-damage|p1a: Rotom-Heat|224\/241
|
|switch|p2a: Rage|Krookodile, F|331\/331
|-ability|p2a: Rage|Intimidate|[of] p1a: Rotom-Heat
|-unboost|p1a: Rotom-Heat|atk|1
|
|-heal|p1a: Rotom-Heat|239\/241|[from] item: Leftovers
|turn|4
|
|move|p2a: Rage|Pursuit|p1a: Rotom-Heat|[from]Pursuit
|-damage|p1a: Rotom-Heat|85\/241
|switch|p1a: Chesnaught|Chesnaught, M|380\/380
|
|turn|5
|
|switch|p2a: Tiny Wings|Crobat, M|341\/341
|switch|p1a: Rotom-Heat|Rotom-Heat|85\/241
|
|-heal|p1a: Rotom-Heat|100\/241|[from] item: Leftovers
|turn|6
|
|move|p2a: Tiny Wings|U-turn|p1a: Rotom-Heat
|-resisted|p1a: Rotom-Heat
|-damage|p1a: Rotom-Heat|72\/241
|
|switch|p2a: Cotton Candy|Whimsicott, F|261\/261
|move|p1a: Rotom-Heat|Volt Switch|p2a: Cotton Candy
|-crit|p2a: Cotton Candy
|-resisted|p2a: Cotton Candy
|-damage|p2a: Cotton Candy|162\/261
|join|WindDemon
|
|switch|p1a: Chesnaught|Chesnaught, M|380\/380
|
|turn|7
|
|move|p1a: Chesnaught|Spiky Shield|p1a: Chesnaught
|-singleturn|p1a: Chesnaught|move: Protect
|move|p2a: Cotton Candy|Moonblast|p1a: Chesnaught
|-activate|p1a: Chesnaught|move: Protect
|
|turn|8
|
|switch|p1a: Florges|Florges, F|360\/360
|move|p2a: Cotton Candy|Moonblast|p1a: Florges
|-crit|p1a: Florges
|-damage|p1a: Florges|227\/360
|
|-heal|p1a: Florges|249\/360|[from] item: Leftovers
|turn|9
|join|Exeggutor
|
|move|p2a: Cotton Candy|Moonblast|p1a: Florges
|-damage|p1a: Florges|170\/360
|move|p1a: Florges|Wish|p1a: Florges
|
|-heal|p1a: Florges|192\/360|[from] item: Leftovers
|turn|10
|
|switch|p2a: Rage|Krookodile, F|331\/331
|-ability|p2a: Rage|Intimidate|[of] p1a: Florges
|-unboost|p1a: Florges|atk|1
|switch|p1a: Rotom-Heat|Rotom-Heat|72\/241
|
|-heal|p1a: Rotom-Heat|241\/241|[from] move: Wish|[wisher] Florges
|turn|11
|
|move|p2a: Rage|Knock Off|p1a: Rotom-Heat
|-damage|p1a: Rotom-Heat|61\/241
|-enditem|p1a: Rotom-Heat|Leftovers|[from] move: Knock Off|[of] p2a: Rage
|move|p1a: Rotom-Heat|Overheat|p2a: Rage
|-damage|p2a: Rage|75\/331
|-unboost|p1a: Rotom-Heat|spa|2
|
|turn|12
|
|move|p2a: Rage|Pursuit|p1a: Rotom-Heat|[from]Pursuit
|-damage|p1a: Rotom-Heat|0 fnt
|faint|p1a: Rotom-Heat
|
|
|switch|p1a: Chesnaught|Chesnaught, M|380\/380
|turn|13
|
|switch|p2a: Tiny Wings|Crobat, M|341\/341
|move|p1a: Chesnaught|Drain Punch|p2a: Tiny Wings
|-resisted|p2a: Tiny Wings
|-damage|p2a: Tiny Wings|313\/341
|
|turn|14
|
|move|p1a: Chesnaught|Spiky Shield|p1a: Chesnaught
|-singleturn|p1a: Chesnaught|move: Protect
|move|p2a: Tiny Wings|Acrobatics|p1a: Chesnaught
|-activate|p1a: Chesnaught|move: Protect
|-damage|p2a: Tiny Wings|271\/341|[from] Spiky Shield|[of] p1a: Chesnaught
|
|turn|15
|
|switch|p1a: Donphan|Donphan, F|384\/384
|move|p2a: Tiny Wings|U-turn|p1a: Donphan
|-damage|p1a: Donphan|348\/384
|
|switch|p2a: Frosty|Abomasnow, F|374\/374
|-weather|Hail
|
|-weather|Hail|[upkeep]
|-damage|p1a: Donphan|324\/384|[from] hail
|-heal|p1a: Donphan|348\/384|[from] item: Leftovers
|turn|16
|
|move|p2a: Frosty|Swords Dance|p2a: Frosty
|-boost|p2a: Frosty|atk|2
|move|p1a: Donphan|Stealth Rock|p2a: Frosty
|-sidestart|p2: hairy toenail|move: Stealth Rock
|
|-weather|Hail|[upkeep]
|-damage|p1a: Donphan|324\/384|[from] hail
|-heal|p1a: Donphan|348\/384|[from] item: Leftovers
|turn|17
|
|move|p2a: Frosty|Swords Dance|p2a: Frosty
|-boost|p2a: Frosty|atk|2
|move|p1a: Donphan|Earthquake|p2a: Frosty
|-resisted|p2a: Frosty
|-damage|p2a: Frosty|294\/374
|
|-weather|Hail|[upkeep]
|-damage|p1a: Donphan|324\/384|[from] hail
|-heal|p1a: Donphan|348\/384|[from] item: Leftovers
|turn|18
|
|detailschange|p2a: Frosty|Abomasnow-Mega, F
|-mega|p2a: Frosty|Abomasnow|Abomasite
|move|p2a: Frosty|Ice Shard|p1a: Donphan
|-supereffective|p1a: Donphan
|-damage|p1a: Donphan|52\/384
|move|p1a: Donphan|Earthquake|p2a: Frosty
|-resisted|p2a: Frosty
|-damage|p2a: Frosty|227\/374
|
|-weather|Hail|[upkeep]
|-damage|p1a: Donphan|28\/384|[from] hail
|-heal|p1a: Donphan|52\/384|[from] item: Leftovers
|turn|19
|
|move|p1a: Donphan|Ice Shard|p2a: Frosty
|-damage|p2a: Frosty|191\/374
|move|p2a: Frosty|Swords Dance|p2a: Frosty
|-boost|p2a: Frosty|atk|2
|
|-weather|none
|-heal|p1a: Donphan|76\/384|[from] item: Leftovers
|turn|20
|leave|WindDemon
|
|move|p1a: Donphan|Ice Shard|p2a: Frosty
|-damage|p2a: Frosty|158\/374
|move|p2a: Frosty|Ice Shard|p1a: Donphan
|-supereffective|p1a: Donphan
|-damage|p1a: Donphan|0 fnt
|faint|p1a: Donphan
|
|
|switch|p1a: Florges|Florges, F|192\/360
|turn|21
|
|move|p1a: Florges|Protect|p1a: Florges
|-singleturn|p1a: Florges|Protect
|move|p2a: Frosty|Ice Shard|p1a: Florges
|-activate|p1a: Florges|Protect
|
|-heal|p1a: Florges|214\/360|[from] item: Leftovers
|turn|22
|
|move|p2a: Frosty|Ice Shard|p1a: Florges
|-damage|p1a: Florges|0 fnt
|faint|p1a: Florges
|
|
|switch|p1a: Chesnaught|Chesnaught, M|380\/380
|turn|23
|
|move|p2a: Frosty|Ice Shard|p1a: Chesnaught
|-supereffective|p1a: Chesnaught
|-damage|p1a: Chesnaught|2\/380
|move|p1a: Chesnaught|Drain Punch|p2a: Frosty
|-supereffective|p2a: Frosty
|-damage|p2a: Frosty|0 fnt
|-heal|p1a: Chesnaught|81\/380|[from] drain|[of] p2a: Frosty
|faint|p2a: Frosty
|
|-heal|p1a: Chesnaught|104\/380|[from] item: Leftovers
|c| Exeggutor|rolls
|c| Exeggutor|never die
|
|switch|p2a: Sia|Chandelure, M|198\/289
|-damage|p2a: Sia|126\/289|[from] Stealth Rock
|turn|24
|
|move|p1a: Chesnaught|Spiky Shield|p1a: Chesnaught
|-singleturn|p1a: Chesnaught|move: Protect
|move|p2a: Sia|Substitute|p2a: Sia
|-start|p2a: Sia|Substitute
|-damage|p2a: Sia|54\/289
|
|-heal|p2a: Sia|72\/289|[from] item: Leftovers
|-heal|p1a: Chesnaught|127\/380|[from] item: Leftovers
|turn|25
|
|switch|p1a: Suicune|Suicune|404\/404
|-ability|p1a: Suicune|Pressure
|move|p2a: Sia|Calm Mind|p2a: Sia
|-boost|p2a: Sia|spa|1
|-boost|p2a: Sia|spd|1
|
|-heal|p2a: Sia|90\/289|[from] item: Leftovers
|turn|26
|
|move|p2a: Sia|Shadow Ball|p1a: Suicune
|-damage|p1a: Suicune|212\/404
|move|p1a: Suicune|Scald|p2a: Sia
|-supereffective|p2a: Sia
|-end|p2a: Sia|Substitute
|
|-heal|p2a: Sia|108\/289|[from] item: Leftovers
|-heal|p1a: Suicune|237\/404|[from] item: Leftovers
|turn|27
|
|move|p2a: Sia|Shadow Ball|p1a: Suicune
|-damage|p1a: Suicune|44\/404
|-unboost|p1a: Suicune|spd|1
|move|p1a: Suicune|Scald|p2a: Sia
|-crit|p2a: Sia
|-supereffective|p2a: Sia
|-damage|p2a: Sia|0 fnt
|faint|p2a: Sia
|
|-heal|p1a: Suicune|69\/404|[from] item: Leftovers
|
|switch|p2a: Cotton Candy|Whimsicott, F|162\/261
|-damage|p2a: Cotton Candy|130\/261|[from] Stealth Rock
|turn|28
|
|switch|p1a: Chesnaught|Chesnaught, M|127\/380
|move|p2a: Cotton Candy|Moonblast|p1a: Chesnaught
|-supereffective|p1a: Chesnaught
|-damage|p1a: Chesnaught|0 fnt
|faint|p1a: Chesnaught
|
|
|switch|p1a: Zygarde|Zygarde|268\/383
|-ability|p1a: Zygarde|Aura Break
|turn|29
|
|move|p2a: Cotton Candy|Moonblast|p1a: Zygarde
|-supereffective|p1a: Zygarde
|-damage|p1a: Zygarde|34\/383
|move|p1a: Zygarde|Dragon Dance|p1a: Zygarde
|-boost|p1a: Zygarde|atk|1
|-boost|p1a: Zygarde|spe|1
|
|-heal|p1a: Zygarde|57\/383|[from] item: Leftovers
|turn|30
|
|move|p1a: Zygarde|Extreme Speed|p2a: Cotton Candy
|-damage|p2a: Cotton Candy|0 fnt
|faint|p2a: Cotton Candy
|
|-heal|p1a: Zygarde|80\/383|[from] item: Leftovers
|join|AM
|
|switch|p2a: Wish Maker|Jirachi|341\/341
|-damage|p2a: Wish Maker|320\/341|[from] Stealth Rock
|turn|31
|
|move|p2a: Wish Maker|Iron Head|p1a: Zygarde
|-damage|p1a: Zygarde|0 fnt
|faint|p1a: Zygarde
|
|join|jensenacklesbutt
|leave|jensenacklesbutt
|
|switch|p1a: Suicune|Suicune|69\/404
|-ability|p1a: Suicune|Pressure
|turn|32
|c|âBeastly|plz dont
|
|move|p2a: Wish Maker|Iron Head|p1a: Suicune
|-resisted|p1a: Suicune
|-damage|p1a: Suicune|31\/404
|cant|p1a: Suicune|flinch
|
|-heal|p1a: Suicune|56\/404|[from] item: Leftovers
|turn|33
|c|âBeastly|plz no
|
|move|p2a: Wish Maker|Iron Head|p1a: Suicune
|-resisted|p1a: Suicune
|-damage|p1a: Suicune|16\/404
|move|p1a: Suicune|Rest|p1a: Suicune
|-status|p1a: Suicune|slp
|-heal|p1a: Suicune|404\/404 slp|[silent]
|-status|p1a: Suicune|slp|[from] move: Rest
|
|turn|34
|c|âBeastly|o thank god
|
|switch|p2a: Tiny Wings|Crobat, M|271\/341
|-damage|p2a: Tiny Wings|186\/341|[from] Stealth Rock
|cant|p1a: Suicune|slp
|move|p1a: Suicune|Sleep Talk|p1a: Suicune
|move|p1a: Suicune|Rest|p1a: Suicune|[from]Sleep Talk
|-fail|p1a: Suicune
|
|turn|35
|
|move|p2a: Tiny Wings|U-turn|p1a: Suicune
|-damage|p1a: Suicune|362\/404 slp
|join|WindDemon
|
|switch|p2a: Wish Maker|Jirachi|320\/341
|-damage|p2a: Wish Maker|299\/341|[from] Stealth Rock
|cant|p1a: Suicune|slp
|move|p1a: Suicune|Sleep Talk|p1a: Suicune
|move|p1a: Suicune|Calm Mind|p1a: Suicune|[from]Sleep Talk
|-boost|p1a: Suicune|spa|1
|-boost|p1a: Suicune|spd|1
|
|-heal|p1a: Suicune|387\/404 slp|[from] item: Leftovers
|turn|36
|c|âBeastly|dont have like grass knot
|
|move|p2a: Wish Maker|Trick|p1a: Suicune
|-activate|p2a: Wish Maker|move: Trick|[of] p1a: Suicune
|-item|p1a: Suicune|Choice Scarf|[from] move: Trick
|-item|p2a: Wish Maker|Leftovers|[from] move: Trick
|-curestatus|p1a: Suicune|slp
|move|p1a: Suicune|Scald|p2a: Wish Maker
|-damage|p2a: Wish Maker|181\/341
|
|-heal|p2a: Wish Maker|202\/341|[from] item: Leftovers
|turn|37
|
|move|p2a: Wish Maker|Iron Head|p1a: Suicune
|-resisted|p1a: Suicune
|-damage|p1a: Suicune|348\/404
|move|p1a: Suicune|Scald|p2a: Wish Maker
|-damage|p2a: Wish Maker|64\/341
|
|-heal|p2a: Wish Maker|85\/341|[from] item: Leftovers
|turn|38
|
|move|p2a: Wish Maker|Iron Head|p1a: Suicune
|-crit|p1a: Suicune
|-resisted|p1a: Suicune
|-damage|p1a: Suicune|290\/404
|cant|p1a: Suicune|flinch
|
|-heal|p2a: Wish Maker|106\/341|[from] item: Leftovers
|turn|39
|
|move|p2a: Wish Maker|Iron Head|p1a: Suicune
|-resisted|p1a: Suicune
|-damage|p1a: Suicune|253\/404
|cant|p1a: Suicune|flinch
|
|-heal|p2a: Wish Maker|127\/341|[from] item: Leftovers
|turn|40
|
|move|p2a: Wish Maker|Iron Head|p1a: Suicune
|-resisted|p1a: Suicune
|-damage|p1a: Suicune|212\/404
|move|p1a: Suicune|Scald|p2a: Wish Maker
|-damage|p2a: Wish Maker|7\/341
|
|-heal|p2a: Wish Maker|28\/341|[from] item: Leftovers
|turn|41
|c| brokenwings|#whatsaburn
|
|move|p2a: Wish Maker|Iron Head|p1a: Suicune
|-resisted|p1a: Suicune
|-damage|p1a: Suicune|170\/404
|cant|p1a: Suicune|flinch
|
|-heal|p2a: Wish Maker|49\/341|[from] item: Leftovers
|turn|42
|c|âBeastly|i hate JIRACHI
|
|move|p2a: Wish Maker|Iron Head|p1a: Suicune
|-resisted|p1a: Suicune
|-damage|p1a: Suicune|134\/404
|cant|p1a: Suicune|flinch
|
|-heal|p2a: Wish Maker|70\/341|[from] item: Leftovers
|turn|43
|
|move|p2a: Wish Maker|Iron Head|p1a: Suicune
|-resisted|p1a: Suicune
|-damage|p1a: Suicune|98\/404
|cant|p1a: Suicune|flinch
|
|-heal|p2a: Wish Maker|91\/341|[from] item: Leftovers
|turn|44
|c|âBeastly|fuck jirachi
|
|move|p2a: Wish Maker|Iron Head|p1a: Suicune
|-resisted|p1a: Suicune
|-damage|p1a: Suicune|58\/404
|move|p1a: Suicune|Scald|p2a: Wish Maker
|-damage|p2a: Wish Maker|0 fnt
|faint|p2a: Wish Maker
|
|join|luke317
|
|switch|p2a: Tiny Wings|Crobat, M|186\/341
|-damage|p2a: Tiny Wings|101\/341|[from] Stealth Rock
|turn|45
|leave|luke317
|
|move|p2a: Tiny Wings|Acrobatics|p1a: Suicune
|-damage|p1a: Suicune|0 fnt
|faint|p1a: Suicune
|
|win|hairy toenail
|c|âhairy toenail|gg
|leave|Beastly
|leave|brokenwings
|leave|hairy toenail