|join|hairy toenail
|join|rafa777
|player|p1|hairy toenail|147
|player|p2|rafa777|99
|gametype|singles
|gen|6
|tier|UU
|rated
|rule|Sleep Clause Mod: Limit one foe put to sleep
|rule|Species Clause: Limit one of each PokÃ©mon
|rule|OHKO Clause: OHKO moves are banned
|rule|Moody Clause: Moody is banned
|rule|Evasion Moves Clause: Evasion moves are banned
|rule|Endless Battle Clause: Forcing endless battles is banned
|rule|HP Percentage Mod: HP is shown in percentages
|clearpoke
|poke|p1|Hydreigon, F
|poke|p1|Whimsicott, F
|poke|p1|Toxicroak, M
|poke|p1|Dugtrio, F
|poke|p1|Blastoise, F
|poke|p1|Jirachi
|poke|p2|Darmanitan, M
|poke|p2|Toxicroak, F
|poke|p2|Honchkrow, M
|poke|p2|Shuckle, M
|poke|p2|Blastoise, F
|poke|p2|Hydreigon, M
|rule|Swagger Clause: Swagger is banned
|rule|Baton Pass Clause: Limit one PokÃ©mon knowing Baton Pass
|teampreview
|c|âhairy toenail|glhf
|c|ârafa777|gl hf
|join|Eyan
|
|start
|switch|p1a: Ribbit|Toxicroak, M|307\/307
|switch|p2a: Hydreigon|Hydreigon, M|325\/325
|turn|1
|
|switch|p1a: Hnnnggg|Jirachi|403\/403
|move|p2a: Hydreigon|Fire Blast|p1a: Hnnnggg
|-supereffective|p1a: Hnnnggg
|-damage|p1a: Hnnnggg|23\/403
|-damage|p2a: Hydreigon|293\/325|[from] item: Life Orb
|
|-heal|p1a: Hnnnggg|48\/403|[from] item: Leftovers
|turn|2
|
|move|p1a: Hnnnggg|U-turn|p2a: Hydreigon
|-supereffective|p2a: Hydreigon
|-damage|p2a: Hydreigon|159\/325
|
|switch|p1a: Dr. Dreigon|Hydreigon, F|325\/325
|move|p2a: Hydreigon|Dark Pulse|p1a: Dr. Dreigon
|-resisted|p1a: Dr. Dreigon
|-damage|p1a: Dr. Dreigon|208\/325
|-damage|p2a: Hydreigon|127\/325|[from] item: Life Orb
|
|turn|3
|
|switch|p2a: Shuckle|Shuckle, M|244\/244
|move|p1a: Dr. Dreigon|U-turn|p2a: Shuckle
|-damage|p2a: Shuckle|217\/244
|
|switch|p1a: Hnnnggg|Jirachi|48\/403
|
|-heal|p1a: Hnnnggg|73\/403|[from] item: Leftovers
|turn|4
|
|switch|p2a: Blastoise|Blastoise, F|362\/362
|move|p1a: Hnnnggg|Stealth Rock|p2a: Blastoise
|-sidestart|p2: rafa777|move: Stealth Rock
|
|-heal|p1a: Hnnnggg|98\/403|[from] item: Leftovers
|turn|5
|
|detailschange|p2a: Blastoise|Blastoise-Mega, F
|message|Blastoise has Mega Evolved into Mega Blastoise!
|move|p1a: Hnnnggg|U-turn|p2a: Blastoise
|-damage|p2a: Blastoise|317\/362
|
|switch|p1a: P.I.M.P|Blastoise, F|349\/349
|move|p2a: Blastoise|Dark Pulse|p1a: P.I.M.P
|-damage|p1a: P.I.M.P|206\/349
|
|turn|6
|
|switch|p1a: King Cotton|Whimsicott, F|261\/261
|move|p2a: Blastoise|Rapid Spin|p1a: King Cotton
|-damage|p1a: King Cotton|244\/261
|-sideend|p2: rafa777|Stealth Rock|[from] move: Rapid Spin|[of] p2a: Blastoise
|
|-heal|p1a: King Cotton|260\/261|[from] item: Leftovers
|turn|7
|
|switch|p2a: Darmanitan|Darmanitan, M|351\/351
|move|p1a: King Cotton|U-turn|p2a: Darmanitan
|-resisted|p2a: Darmanitan
|-damage|p2a: Darmanitan|322\/351
|
|switch|p1a: Dr. Dreigon|Hydreigon, F|208\/325
|
|turn|8
|
|switch|p2a: Shuckle|Shuckle, M|217\/244
|move|p1a: Dr. Dreigon|Draco Meteor|p2a: Shuckle
|-damage|p2a: Shuckle|130\/244
|-unboost|p1a: Dr. Dreigon|spa|2
|
|turn|9
|
|switch|p1a: Hnnnggg|Jirachi|98\/403
|move|p2a: Shuckle|Sticky Web|p1a: Hnnnggg
|-sidestart|p1: hairy toenail|move: Sticky Web
|
|-heal|p1a: Hnnnggg|123\/403|[from] item: Leftovers
|turn|10
|
|move|p1a: Hnnnggg|Stealth Rock|p2a: Shuckle
|-sidestart|p2: rafa777|move: Stealth Rock
|move|p2a: Shuckle|Stealth Rock|p1a: Hnnnggg
|-sidestart|p1: hairy toenail|move: Stealth Rock
|
|-heal|p1a: Hnnnggg|148\/403|[from] item: Leftovers
|turn|11
|
|move|p1a: Hnnnggg|Iron Head|p2a: Shuckle
|-supereffective|p2a: Shuckle
|-damage|p2a: Shuckle|32\/244
|cant|p2a: Shuckle|flinch
|
|-heal|p1a: Hnnnggg|173\/403|[from] item: Leftovers
|turn|12
|
|move|p1a: Hnnnggg|Iron Head|p2a: Shuckle
|-supereffective|p2a: Shuckle
|-damage|p2a: Shuckle|0 fnt
|faint|p2a: Shuckle
|
|-heal|p1a: Hnnnggg|198\/403|[from] item: Leftovers
|
|switch|p2a: Blastoise|Blastoise-Mega, F|317\/362
|-damage|p2a: Blastoise|272\/362|[from] Stealth Rock
|turn|13
|
|move|p1a: Hnnnggg|U-turn|p2a: Blastoise
|-damage|p2a: Blastoise|225\/362
|
|switch|p1a: King Cotton|Whimsicott, F|260\/261
|-activate|p1a: King Cotton|move: Sticky Web
|-unboost|p1a: King Cotton|spe|1
|-damage|p1a: King Cotton|228\/261|[from] Stealth Rock
|move|p2a: Blastoise|Rapid Spin|p1a: King Cotton
|-crit|p1a: King Cotton
|-damage|p1a: King Cotton|201\/261
|-sideend|p2: rafa777|Stealth Rock|[from] move: Rapid Spin|[of] p2a: Blastoise
|
|-heal|p1a: King Cotton|217\/261|[from] item: Leftovers
|turn|14
|
|move|p1a: King Cotton|U-turn|p2a: Blastoise
|-damage|p2a: Blastoise|192\/362
|
|switch|p1a: Penis Mole|Dugtrio, F|211\/211
|-damage|p1a: Penis Mole|198\/211|[from] Stealth Rock
|-activate|p1a: Penis Mole|move: Sticky Web
|-unboost|p1a: Penis Mole|spe|1
|move|p2a: Blastoise|Aura Sphere|p1a: Penis Mole
|-damage|p1a: Penis Mole|0 fnt
|faint|p1a: Penis Mole
|
|
|switch|p1a: P.I.M.P|Blastoise, F|206\/349
|-activate|p1a: P.I.M.P|move: Sticky Web
|-unboost|p1a: P.I.M.P|spe|1
|-damage|p1a: P.I.M.P|163\/349|[from] Stealth Rock
|turn|15
|
|detailschange|p1a: P.I.M.P|Blastoise-Mega, F
|message|Blastoise has Mega Evolved into Mega Blastoise!
|move|p2a: Blastoise|Dark Pulse|p1a: P.I.M.P
|-crit|p1a: P.I.M.P
|-damage|p1a: P.I.M.P|0 fnt
|faint|p1a: P.I.M.P
|
|c|ârafa777|sry
|join|Cranham
|
|switch|p1a: King Cotton|Whimsicott, F|217\/261
|-activate|p1a: King Cotton|move: Sticky Web
|-unboost|p1a: King Cotton|spe|1
|-damage|p1a: King Cotton|185\/261|[from] Stealth Rock
|turn|16
|
|switch|p2a: Darmanitan|Darmanitan, M|322\/351
|move|p1a: King Cotton|Giga Drain|p2a: Darmanitan
|-resisted|p2a: Darmanitan
|-damage|p2a: Darmanitan|247\/351
|-heal|p1a: King Cotton|223\/261|[from] drain|[of] p2a: Darmanitan
|
|-heal|p1a: King Cotton|239\/261|[from] item: Leftovers
|turn|17
|c|âhairy toenail|thats ok i guess...
|
|move|p1a: King Cotton|Stun Spore|p2a: Darmanitan
|-status|p2a: Darmanitan|par
|move|p2a: Darmanitan|Flare Blitz|p1a: King Cotton
|-supereffective|p1a: King Cotton
|-damage|p1a: King Cotton|0 fnt
|-damage|p2a: Darmanitan|168\/351 par|[from] recoil|[of] p1a: King Cotton
|faint|p1a: King Cotton
|
|
|switch|p1a: Ribbit|Toxicroak, M|307\/307
|-activate|p1a: Ribbit|move: Sticky Web
|-unboost|p1a: Ribbit|spe|1
|-damage|p1a: Ribbit|288\/307|[from] Stealth Rock
|turn|18
|
|move|p1a: Ribbit|Drain Punch|p2a: Darmanitan
|-damage|p2a: Darmanitan|0 fnt
|-heal|p1a: Ribbit|307\/307|[from] drain|[of] p2a: Darmanitan
|-damage|p1a: Ribbit|277\/307|[from] item: Life Orb
|faint|p2a: Darmanitan
|
|
|switch|p2a: Honchkrow|Honchkrow, M|341\/341
|turn|19
|
|switch|p1a: Hnnnggg|Jirachi|198\/403
|-activate|p1a: Hnnnggg|move: Sticky Web
|-unboost|p1a: Hnnnggg|spe|1
|-damage|p1a: Hnnnggg|173\/403|[from] Stealth Rock
|move|p2a: Honchkrow|Brave Bird|p1a: Hnnnggg
|-resisted|p1a: Hnnnggg
|-damage|p1a: Hnnnggg|17\/403
|-damage|p2a: Honchkrow|290\/341|[from] recoil|[of] p1a: Hnnnggg
|-damage|p2a: Honchkrow|256\/341|[from] item: Life Orb
|
|-heal|p1a: Hnnnggg|42\/403|[from] item: Leftovers
|turn|20
|
|move|p2a: Honchkrow|Pursuit|p1a: Hnnnggg
|-supereffective|p1a: Hnnnggg
|-damage|p1a: Hnnnggg|0 fnt
|-damage|p2a: Honchkrow|222\/341|[from] item: Life Orb
|faint|p1a: Hnnnggg
|-boost|p2a: Honchkrow|atk|1|[from] ability: Moxie
|
|
|switch|p1a: Dr. Dreigon|Hydreigon, F|208\/325
|-damage|p1a: Dr. Dreigon|168\/325|[from] Stealth Rock
|turn|21
|
|move|p2a: Honchkrow|Sucker Punch|p1a: Dr. Dreigon
|-resisted|p1a: Dr. Dreigon
|-damage|p1a: Dr. Dreigon|0 fnt
|-damage|p2a: Honchkrow|188\/341|[from] item: Life Orb
|faint|p1a: Dr. Dreigon
|-boost|p2a: Honchkrow|atk|1|[from] ability: Moxie
|
|
|switch|p1a: Ribbit|Toxicroak, M|277\/307
|-damage|p1a: Ribbit|258\/307|[from] Stealth Rock
|-activate|p1a: Ribbit|move: Sticky Web
|-unboost|p1a: Ribbit|spe|1
|turn|22
|
|move|p2a: Honchkrow|Brave Bird|p1a: Ribbit
|-supereffective|p1a: Ribbit
|-damage|p1a: Ribbit|0 fnt
|-damage|p2a: Honchkrow|103\/341|[from] recoil|[of] p1a: Ribbit
|-damage|p2a: Honchkrow|69\/341|[from] item: Life Orb
|faint|p1a: Ribbit
|-boost|p2a: Honchkrow|atk|1|[from] ability: Moxie
|
|win|rafa777
|raw|Ladder updating...
|raw|hairy toenail's rating: 1628 &rarr; <strong>1609<\/strong><br \/>(-19 for losing)
|raw|rafa777's rating: 1634 &rarr; <strong>1654<\/strong><br \/>(+20 for winning)
|leave|hairy toenail
|player|p1
|leave|rafa777
|player|p2
|leave|Eyan
|c|+Cranham|lol git gud