|join|hairy toenail
|join|Saganabyss
|player|p1|hairy toenail|147
|player|p2|Saganabyss|89
|gametype|singles
|gen|6
|tier|UU
|rule|Sleep Clause Mod: Limit one foe put to sleep
|rule|Species Clause: Limit one of each PokÃ©mon
|rule|OHKO Clause: OHKO moves are banned
|rule|Moody Clause: Moody is banned
|rule|Evasion Moves Clause: Evasion moves are banned
|rule|Endless Battle Clause: Forcing endless battles is banned
|rule|HP Percentage Mod: HP is shown in percentages
|clearpoke
|poke|p1|Snorlax, M
|poke|p1|Crobat, F
|poke|p1|Krookodile, F
|poke|p1|Blastoise, F
|poke|p1|Cobalion
|poke|p1|Aromatisse, M
|poke|p2|Noivern, M
|poke|p2|Meloetta
|poke|p2|Florges, F
|poke|p2|Swampert, M
|poke|p2|Absol, F
|poke|p2|Toxicroak, M
|rule|Swagger Clause: Swagger is banned
|rule|Baton Pass Clause: Limit one PokÃ©mon knowing Baton Pass
|teampreview
|c|âhairy toenail|werent you watching my last game?
|c|âSaganabyss|yep
|join|Kitty Cratt
|c|âhairy toenail|lol
|c|âSaganabyss|is that not allowed? ._:
|c|âhairy toenail|it isnt
|c|âhairy toenail|but idc
|
|start
|switch|p1a: Blastoise|Blastoise, F|352\/352
|switch|p2a: Meloetta|Meloetta|403\/403
|turn|1
|join|Dr. Hoothoot
|c|âSaganabyss|oh
|join|EyanZ
|c|âSaganabyss|sry
|c|âSaganabyss|but as you can see
|c| Kitty Cratt|thats what scouting is
|c|âSaganabyss|this is not a counterteam or something
|
|switch|p2a: Florges|Florges, F|360\/360
|detailschange|p1a: Blastoise|Blastoise-Mega, F
|message|Blastoise has Mega Evolved into Mega Blastoise!
|move|p1a: Blastoise|Scald|p2a: Florges
|-damage|p2a: Florges|269\/360
|
|-heal|p2a: Florges|291\/360|[from] item: Leftovers
|turn|2
|c|âhairy toenail|yeah it's cool
|join|fidy
|c|âhairy toenail|im just testing this team anyway
|join|Tyler0
|c|âSaganabyss|same here
|
|switch|p1a: Crobat|Crobat, F|371\/371
|move|p2a: Florges|Wish|p2a: Florges
|
|-heal|p2a: Florges|313\/360|[from] item: Leftovers
|turn|3
|c| Tyler0|Was next round posted it?
|c|âhairy toenail|not yet
|
|switch|p2a: Swampert|Swampert, M|401\/401
|move|p1a: Crobat|U-turn|p2a: Swampert
|-damage|p2a: Swampert|358\/401
|c|âhairy toenail|pspl right?
|c| Tyler0|yes
|
|switch|p1a: Blastoise|Blastoise-Mega, F|352\/352
|
|-heal|p2a: Swampert|401\/401|[from] move: Wish|[wisher] Florges
|turn|4
|c|âhairy toenail|i dont think so
|
|switch|p2a: Toxicroak|Toxicroak, M|307\/307
|move|p1a: Blastoise|Scald|p2a: Toxicroak
|-immune|p2a: Toxicroak|[msg]
|
|turn|5
|
|switch|p1a: Crobat|Crobat, F|371\/371
|move|p2a: Toxicroak|Gunk Shot|p1a: Crobat
|-resisted|p1a: Crobat
|-damage|p1a: Crobat|199\/371
|-damage|p2a: Toxicroak|277\/307|[from] item: Life Orb
|
|turn|6
|
|switch|p2a: Swampert|Swampert, M|401\/401
|move|p1a: Crobat|U-turn|p2a: Swampert
|-damage|p2a: Swampert|361\/401
|
|switch|p1a: Blastoise|Blastoise-Mega, F|352\/352
|
|-heal|p2a: Swampert|386\/401|[from] item: Leftovers
|turn|7
|
|move|p1a: Blastoise|Dragon Pulse|p2a: Swampert
|-damage|p2a: Swampert|195\/401
|move|p2a: Swampert|Stealth Rock|p1a: Blastoise
|-sidestart|p1: hairy toenail|move: Stealth Rock
|
|-heal|p2a: Swampert|220\/401|[from] item: Leftovers
|turn|8
|
|switch|p2a: Florges|Florges, F|313\/360
|move|p1a: Blastoise|Rapid Spin|p2a: Florges
|-damage|p2a: Florges|299\/360
|-sideend|p1: hairy toenail|Stealth Rock|[from] move: Rapid Spin|[of] p1a: Blastoise
|
|-heal|p2a: Florges|321\/360|[from] item: Leftovers
|turn|9
|
|switch|p1a: Cobalion|Cobalion|363\/363
|move|p2a: Florges|Wish|p2a: Florges
|
|-heal|p2a: Florges|343\/360|[from] item: Leftovers
|turn|10
|
|switch|p2a: Swampert|Swampert, M|220\/401
|move|p1a: Cobalion|Stealth Rock|p2a: Swampert
|-sidestart|p2: Saganabyss|move: Stealth Rock
|
|-heal|p2a: Swampert|400\/401|[from] move: Wish|[wisher] Florges
|-heal|p2a: Swampert|401\/401|[from] item: Leftovers
|turn|11
|
|switch|p1a: Blastoise|Blastoise-Mega, F|352\/352
|move|p2a: Swampert|Stealth Rock|p1a: Blastoise
|-sidestart|p1: hairy toenail|move: Stealth Rock
|
|turn|12
|
|move|p1a: Blastoise|Rapid Spin|p2a: Swampert
|-damage|p2a: Swampert|391\/401
|-sideend|p1: hairy toenail|Stealth Rock|[from] move: Rapid Spin|[of] p1a: Blastoise
|move|p2a: Swampert|Scald|p1a: Blastoise
|-resisted|p1a: Blastoise
|-damage|p1a: Blastoise|313\/352
|
|-heal|p2a: Swampert|401\/401|[from] item: Leftovers
|turn|13
|
|move|p1a: Blastoise|Scald|p2a: Swampert
|-damage|p2a: Swampert|212\/401
|move|p2a: Swampert|Scald|p1a: Blastoise
|-resisted|p1a: Blastoise
|-damage|p1a: Blastoise|276\/352
|
|-heal|p2a: Swampert|237\/401|[from] item: Leftovers
|turn|14
|
|switch|p2a: Toxicroak|Toxicroak, M|277\/307
|-damage|p2a: Toxicroak|258\/307|[from] Stealth Rock
|move|p1a: Blastoise|Dragon Pulse|p2a: Toxicroak
|-damage|p2a: Toxicroak|27\/307
|
|turn|15
|c|âSaganabyss|ouch
|
|switch|p1a: Crobat|Crobat, F|199\/371
|move|p2a: Toxicroak|Drain Punch|p1a: Crobat
|-resisted|p1a: Crobat
|-damage|p1a: Crobat|152\/371
|-heal|p2a: Toxicroak|51\/307|[from] drain|[of] p1a: Crobat
|-damage|p2a: Toxicroak|21\/307|[from] item: Life Orb
|
|turn|16
|
|move|p2a: Toxicroak|Sucker Punch|p1a: Crobat
|-damage|p1a: Crobat|8\/371
|-damage|p2a: Toxicroak|0 fnt|[from] item: Life Orb
|faint|p2a: Toxicroak
|move|p1a: Crobat|Acrobatics|p2: Toxicroak|[notarget]
|-notarget
|
|c|âhairy toenail|im stupid smh
|
|switch|p2a: Meloetta|Meloetta|403\/403
|-damage|p2a: Meloetta|353\/403|[from] Stealth Rock
|turn|17
|
|move|p1a: Crobat|U-turn|p2a: Meloetta
|-supereffective|p2a: Meloetta
|-damage|p2a: Meloetta|217\/403
|
|switch|p1a: Krookodile|Krookodile, F|331\/331
|move|p2a: Meloetta|Hyper Voice|p1a: Krookodile
|-damage|p1a: Krookodile|102\/331
|
|turn|18
|
|move|p1a: Krookodile|Pursuit|p2a: Meloetta|[from]Pursuit
|-supereffective|p2a: Meloetta
|-damage|p2a: Meloetta|0 fnt
|faint|p2a: Meloetta
|-boost|p1a: Krookodile|atk|1|[from] ability: Moxie
|
|c|âSaganabyss|._:
|
|switch|p2a: Absol|Absol, F|271\/271
|-damage|p2a: Absol|238\/271|[from] Stealth Rock
|turn|19
|
|switch|p1a: Aromatisse|Aromatisse, M|406\/406
|detailschange|p2a: Absol|Absol-Mega, F
|message|Absol has Mega Evolved into Mega Absol!
|move|p2a: Absol|Knock Off|p1a: Aromatisse
|-resisted|p1a: Aromatisse
|-damage|p1a: Aromatisse|315\/406
|-enditem|p1a: Aromatisse|Leftovers|[from] move: Knock Off|[of] p2a: Absol
|
|turn|20
|join|Undercover Donut
|
|switch|p2a: Florges|Florges, F|343\/360
|-damage|p2a: Florges|298\/360|[from] Stealth Rock
|move|p1a: Aromatisse|Wish|p1a: Aromatisse
|
|-heal|p2a: Florges|320\/360|[from] item: Leftovers
|turn|21
|
|switch|p1a: Snorlax|Snorlax, M|497\/497
|move|p2a: Florges|Moonblast|p1a: Snorlax
|-damage|p1a: Snorlax|404\/497
|-unboost|p1a: Snorlax|spa|1
|
|-heal|p1a: Snorlax|497\/497|[from] move: Wish|[wisher] Aromatisse
|-heal|p2a: Florges|342\/360|[from] item: Leftovers
|turn|22
|
|move|p2a: Florges|Wish|p2a: Florges
|move|p1a: Snorlax|Curse|p1a: Snorlax
|-boost|p1a: Snorlax|atk|1
|-boost|p1a: Snorlax|def|1
|-unboost|p1a: Snorlax|spe|1
|
|-heal|p2a: Florges|360\/360|[from] item: Leftovers
|turn|23
|
|switch|p2a: Swampert|Swampert, M|237\/401
|-damage|p2a: Swampert|212\/401|[from] Stealth Rock
|move|p1a: Snorlax|Frustration|p2a: Swampert
|-damage|p2a: Swampert|56\/401
|
|-heal|p2a: Swampert|236\/401|[from] move: Wish|[wisher] Florges
|-heal|p2a: Swampert|261\/401|[from] item: Leftovers
|turn|24
|
|move|p2a: Swampert|Stealth Rock|p1a: Snorlax
|-sidestart|p1: hairy toenail|move: Stealth Rock
|move|p1a: Snorlax|Frustration|p2a: Swampert
|-damage|p2a: Swampert|111\/401
|
|-heal|p2a: Swampert|136\/401|[from] item: Leftovers
|turn|25
|c|âSaganabyss|okay
|c|âSaganabyss|what now xx
|
|move|p2a: Swampert|Scald|p1a: Snorlax
|-damage|p1a: Snorlax|434\/497
|move|p1a: Snorlax|Frustration|p2a: Swampert
|-damage|p2a: Swampert|0 fnt
|faint|p2a: Swampert
|
|-heal|p1a: Snorlax|465\/497|[from] item: Leftovers
|c|âSaganabyss|.-.
|
|switch|p2a: Absol|Absol-Mega, F|238\/271
|-damage|p2a: Absol|205\/271|[from] Stealth Rock
|turn|26
|c|âhairy toenail|no roar?
|c|âSaganabyss|toxic D:
|
|move|p2a: Absol|Superpower|p1a: Snorlax
|-supereffective|p1a: Snorlax
|-damage|p1a: Snorlax|213\/497
|-unboost|p2a: Absol|atk|1
|-unboost|p2a: Absol|def|1
|move|p1a: Snorlax|Frustration|p2a: Absol
|-damage|p2a: Absol|0 fnt
|faint|p2a: Absol
|
|-heal|p1a: Snorlax|244\/497|[from] item: Leftovers
|c| EyanZ|curse lax is so underrated for some reason
|
|switch|p2a: Noivern|Noivern, M|311\/311
|-damage|p2a: Noivern|234\/311|[from] Stealth Rock
|turn|27
|c| fidy|^
|c|âhairy toenail|it is
|c|âhairy toenail|i got swept by one yesterday
|c| fidy|it can get powerful
|c|âhairy toenail|and walla
|c| Undercover Donut|It was better before the rise of the fighting mons
|c| fidy|yeah
|c|âhairy toenail|and chandy
|c|âSaganabyss|mh
|c| Undercover Donut|i.e before luc and nape were in thet ier
|c|âhairy toenail|no switherino
|c|âhairy toenail|pleaserino
|
|switch|p1a: Blastoise|Blastoise-Mega, F|276\/352
|-damage|p1a: Blastoise|232\/352|[from] Stealth Rock
|move|p2a: Noivern|Air Slash|p1a: Blastoise
|-damage|p1a: Blastoise|90\/352
|
|turn|28
|c| Undercover Donut|The tier*
|
|move|p2a: Noivern|Air Slash|p1a: Blastoise
|-damage|p1a: Blastoise|0 fnt
|faint|p1a: Blastoise
|
|
|switch|p1a: Snorlax|Snorlax, M|244\/497
|-damage|p1a: Snorlax|182\/497|[from] Stealth Rock
|turn|29
|
|move|p2a: Noivern|Air Slash|p1a: Snorlax
|-damage|p1a: Snorlax|64\/497
|move|p1a: Snorlax|Rest|p1a: Snorlax
|-status|p1a: Snorlax|slp
|-heal|p1a: Snorlax|497\/497 slp|[silent]
|-status|p1a: Snorlax|slp|[from] move: Rest
|
|turn|30
|c|âSaganabyss|flinch >:o
|c|âSaganabyss|ooooh
|
|move|p2a: Noivern|Air Slash|p1a: Snorlax
|-damage|p1a: Snorlax|383\/497 slp
|cant|p1a: Snorlax|slp
|
|-heal|p1a: Snorlax|414\/497 slp|[from] item: Leftovers
|turn|31
|
|move|p2a: Noivern|Air Slash|p1a: Snorlax
|-damage|p1a: Snorlax|305\/497 slp
|cant|p1a: Snorlax|slp
|move|p1a: Snorlax|Sleep Talk|p1a: Snorlax
|move|p1a: Snorlax|Rest|p1a: Snorlax|[from]Sleep Talk
|-fail|p1a: Snorlax
|
|-heal|p1a: Snorlax|336\/497 slp|[from] item: Leftovers
|turn|32
|
|move|p2a: Noivern|Air Slash|p1a: Snorlax
|-damage|p1a: Snorlax|219\/497 slp
|-curestatus|p1a: Snorlax|slp
|move|p1a: Snorlax|Curse|p1a: Snorlax
|-boost|p1a: Snorlax|atk|1
|-boost|p1a: Snorlax|def|1
|-unboost|p1a: Snorlax|spe|1
|
|-heal|p1a: Snorlax|250\/497|[from] item: Leftovers
|turn|33
|
|move|p2a: Noivern|Air Slash|p1a: Snorlax
|-damage|p1a: Snorlax|142\/497
|move|p1a: Snorlax|Rest|p1a: Snorlax
|-status|p1a: Snorlax|slp
|-heal|p1a: Snorlax|497\/497 slp|[silent]
|-status|p1a: Snorlax|slp|[from] move: Rest
|
|turn|34
|c|âSaganabyss|oooh
|c|âSaganabyss|gg
|-message|Saganabyss forfeited.
|
|win|hairy toenail
|c|âhairy toenail|gg