|join|Emblema de Fuego
|join|hairy toenail
|player|p1|Emblema de Fuego|1
|player|p2|hairy toenail|147
|gametype|singles
|gen|6
|tier|UU
|rated
|rule|Sleep Clause Mod: Limit one foe put to sleep
|rule|Species Clause: Limit one of each PokÃ©mon
|rule|OHKO Clause: OHKO moves are banned
|rule|Moody Clause: Moody is banned
|rule|Evasion Moves Clause: Evasion moves are banned
|rule|Endless Battle Clause: Forcing endless battles is banned
|rule|HP Percentage Mod: HP is shown in percentages
|clearpoke
|poke|p1|Fletchinder, F, shiny
|poke|p1|Raikou, shiny
|poke|p1|Absol, M
|poke|p1|Donphan, M
|poke|p1|Zygarde
|poke|p1|Uxie
|poke|p2|Hydreigon, M
|poke|p2|Whimsicott, F
|poke|p2|Toxicroak, M
|poke|p2|Dugtrio, F
|poke|p2|Blastoise, M
|poke|p2|Jirachi
|rule|Swagger Clause: Swagger is banned
|rule|Baton Pass Clause: Limit one PokÃ©mon knowing Baton Pass
|teampreview
|c|âhairy toenail|glhf
|join|stupid bitch
|
|start
|switch|p1a: D-Angelo|Absol, M|271\/271
|switch|p2a: King Cotton|Whimsicott, F|261\/261
|turn|1
|
|detailschange|p1a: D-Angelo|Absol-Mega, M
|message|Absol has Mega Evolved into Mega Absol!
|move|p1a: D-Angelo|Protect|p1a: D-Angelo
|-singleturn|p1a: D-Angelo|Protect
|move|p2a: King Cotton|U-turn|p1a: D-Angelo
|-activate|p1a: D-Angelo|Protect
|
|turn|2
|
|move|p2a: King Cotton|U-turn|p1a: D-Angelo
|-supereffective|p1a: D-Angelo
|-damage|p1a: D-Angelo|171\/271
|
|switch|p2a: P.I.M.P|Blastoise, M|349\/349
|move|p1a: D-Angelo|Will-O-Wisp|p2a: P.I.M.P
|-status|p2a: P.I.M.P|brn
|
|-damage|p2a: P.I.M.P|306\/349 brn|[from] brn
|turn|3
|
|switch|p2a: King Cotton|Whimsicott, F|261\/261
|move|p1a: D-Angelo|Protect|p1a: D-Angelo
|-fail|p1a: D-Angelo
|
|turn|4
|
|switch|p1a: Uzzi|Uxie|353\/353
|move|p2a: King Cotton|Moonblast|p1a: Uzzi
|-damage|p1a: Uzzi|268\/353
|
|-heal|p1a: Uzzi|290\/353|[from] item: Leftovers
|turn|5
|
|move|p2a: King Cotton|U-turn|p1a: Uzzi
|-supereffective|p1a: Uzzi
|-damage|p1a: Uzzi|234\/353
|
|switch|p2a: Dr. Dreigon|Hydreigon, M|325\/325
|move|p1a: Uzzi|Stealth Rock|p2a: Dr. Dreigon
|-sidestart|p2: hairy toenail|move: Stealth Rock
|
|-heal|p1a: Uzzi|256\/353|[from] item: Leftovers
|turn|6
|
|move|p2a: Dr. Dreigon|Dark Pulse|p1a: Uzzi
|-supereffective|p1a: Uzzi
|-damage|p1a: Uzzi|68\/353
|move|p1a: Uzzi|Knock Off|p2a: Dr. Dreigon
|-resisted|p2a: Dr. Dreigon
|-damage|p2a: Dr. Dreigon|293\/325
|-enditem|p2a: Dr. Dreigon|Choice Scarf|[from] move: Knock Off|[of] p1a: Uzzi
|
|-heal|p1a: Uzzi|90\/353|[from] item: Leftovers
|turn|7
|
|move|p2a: Dr. Dreigon|Dark Pulse|p1a: Uzzi
|-supereffective|p1a: Uzzi
|-damage|p1a: Uzzi|0 fnt
|faint|p1a: Uzzi
|
|
|switch|p1a: Musho|Raikou, shiny|322\/322
|-ability|p1a: Musho|Pressure
|turn|8
|
|move|p1a: Musho|Substitute|p1a: Musho
|-start|p1a: Musho|Substitute
|-damage|p1a: Musho|242\/322
|move|p2a: Dr. Dreigon|U-turn|p1a: Musho
|-activate|p1a: Musho|Substitute|[damage]
|
|switch|p2a: Hnnnggg|Jirachi|403\/403
|-damage|p2a: Hnnnggg|378\/403|[from] Stealth Rock
|
|-heal|p1a: Musho|262\/322|[from] item: Leftovers
|-heal|p2a: Hnnnggg|403\/403|[from] item: Leftovers
|turn|9
|
|move|p1a: Musho|Calm Mind|p1a: Musho
|-boost|p1a: Musho|spa|1
|-boost|p1a: Musho|spd|1
|move|p2a: Hnnnggg|U-turn|p1a: Musho
|-end|p1a: Musho|Substitute
|
|switch|p2a: Penis Mole|Dugtrio, F|211\/211
|-damage|p2a: Penis Mole|198\/211|[from] Stealth Rock
|
|-heal|p1a: Musho|282\/322|[from] item: Leftovers
|turn|10
|
|move|p2a: Penis Mole|Earthquake|p1a: Musho
|-supereffective|p1a: Musho
|-damage|p1a: Musho|0 fnt
|-damage|p2a: Penis Mole|177\/211|[from] item: Life Orb
|faint|p1a: Musho
|
|
|switch|p1a: Zygarde|Zygarde|419\/419
|-ability|p1a: Zygarde|Aura Break
|turn|11
|
|move|p2a: Penis Mole|Toxic|p1a: Zygarde|[miss]
|-miss|p2a: Penis Mole|p1a: Zygarde
|move|p1a: Zygarde|Substitute|p1a: Zygarde
|-start|p1a: Zygarde|Substitute
|-damage|p1a: Zygarde|315\/419
|
|turn|12
|c|âEmblema de Fuego|sorry
|
|move|p2a: Penis Mole|Earthquake|p1a: Zygarde
|-crit|p1a: Zygarde
|-end|p1a: Zygarde|Substitute
|-damage|p2a: Penis Mole|156\/211|[from] item: Life Orb
|move|p1a: Zygarde|Earthquake|p2a: Penis Mole
|-damage|p2a: Penis Mole|0 fnt
|faint|p2a: Penis Mole
|
|
|switch|p2a: King Cotton|Whimsicott, F|261\/261
|-damage|p2a: King Cotton|229\/261|[from] Stealth Rock
|turn|13
|
|switch|p1a: 5|Fletchinder, F, shiny|327\/327
|move|p2a: King Cotton|Moonblast|p1a: 5
|-resisted|p1a: 5
|-damage|p1a: 5|222\/327
|-unboost|p1a: 5|spa|1
|
|-heal|p2a: King Cotton|245\/261|[from] item: Leftovers
|turn|14
|
|switch|p2a: Hnnnggg|Jirachi|403\/403
|-damage|p2a: Hnnnggg|378\/403|[from] Stealth Rock
|move|p1a: 5|Swords Dance|p1a: 5
|-boost|p1a: 5|atk|2
|
|-heal|p2a: Hnnnggg|403\/403|[from] item: Leftovers
|turn|15
|
|move|p2a: Hnnnggg|Iron Head|p1a: 5
|-resisted|p1a: 5
|-damage|p1a: 5|144\/327
|move|p1a: 5|Will-O-Wisp|p2a: Hnnnggg
|-status|p2a: Hnnnggg|brn
|
|-damage|p2a: Hnnnggg|353\/403 brn|[from] brn
|turn|16
|
|move|p1a: 5|Roost|p1a: 5
|-heal|p1a: 5|308\/327
|move|p2a: Hnnnggg|U-turn|p1a: 5
|-resisted|p1a: 5
|-damage|p1a: 5|287\/327
|
|switch|p2a: P.I.M.P|Blastoise, M|306\/349 brn
|-damage|p2a: P.I.M.P|263\/349 brn|[from] Stealth Rock
|
|-damage|p2a: P.I.M.P|220\/349 brn|[from] brn
|turn|17
|
|detailschange|p2a: P.I.M.P|Blastoise-Mega, M
|message|Blastoise has Mega Evolved into Mega Blastoise!
|move|p1a: 5|Acrobatics|p2a: P.I.M.P
|-crit|p2a: P.I.M.P
|-damage|p2a: P.I.M.P|0 fnt
|faint|p2a: P.I.M.P
|
|
|switch|p2a: King Cotton|Whimsicott, F|245\/261
|-damage|p2a: King Cotton|213\/261|[from] Stealth Rock
|turn|18
|
|move|p2a: King Cotton|Stun Spore|p1a: 5
|-status|p1a: 5|par
|cant|p1a: 5|par
|
|-heal|p2a: King Cotton|229\/261|[from] item: Leftovers
|turn|19
|
|cant|p1a: 5|par
|move|p2a: King Cotton|Moonblast|p1a: 5
|-resisted|p1a: 5
|-damage|p1a: 5|187\/327 par
|
|-heal|p2a: King Cotton|245\/261|[from] item: Leftovers
|turn|20
|c|âEmblema de Fuego|lol
|
|cant|p1a: 5|par
|move|p2a: King Cotton|Moonblast|p1a: 5
|-resisted|p1a: 5
|-damage|p1a: 5|84\/327 par
|
|-heal|p2a: King Cotton|261\/261|[from] item: Leftovers
|turn|21
|
|move|p1a: 5|Acrobatics|p2a: King Cotton
|-supereffective|p2a: King Cotton
|-damage|p2a: King Cotton|0 fnt
|faint|p2a: King Cotton
|
|
|switch|p2a: Ribbit|Toxicroak, M|307\/307
|-damage|p2a: Ribbit|288\/307|[from] Stealth Rock
|turn|22
|
|switch|p1a: Rodolfo|Donphan, M|383\/383
|move|p2a: Ribbit|Sucker Punch|p1a: Rodolfo
|-fail|p1a: Rodolfo
|
|turn|23
|
|move|p2a: Ribbit|Drain Punch|p1a: Rodolfo
|-damage|p1a: Rodolfo|270\/383
|-heal|p2a: Ribbit|307\/307|[from] drain|[of] p1a: Rodolfo
|-damage|p2a: Ribbit|277\/307|[from] item: Life Orb
|move|p1a: Rodolfo|Earthquake|p2a: Ribbit
|-supereffective|p2a: Ribbit
|-damage|p2a: Ribbit|0 fnt
|faint|p2a: Ribbit
|
|-heal|p1a: Rodolfo|293\/383|[from] item: Leftovers
|
|switch|p2a: Dr. Dreigon|Hydreigon, M|293\/325
|-damage|p2a: Dr. Dreigon|253\/325|[from] Stealth Rock
|turn|24
|
|move|p1a: Rodolfo|Ice Shard|p2a: Dr. Dreigon
|-supereffective|p2a: Dr. Dreigon
|-damage|p2a: Dr. Dreigon|167\/325
|move|p2a: Dr. Dreigon|Dark Pulse|p1a: Rodolfo
|-damage|p1a: Rodolfo|98\/383
|
|-heal|p1a: Rodolfo|121\/383|[from] item: Leftovers
|turn|25
|
|move|p1a: Rodolfo|Ice Shard|p2a: Dr. Dreigon
|-supereffective|p2a: Dr. Dreigon
|-damage|p2a: Dr. Dreigon|79\/325
|move|p2a: Dr. Dreigon|Dark Pulse|p1a: Rodolfo
|-damage|p1a: Rodolfo|0 fnt
|faint|p1a: Rodolfo
|
|
|switch|p1a: 5|Fletchinder, F, shiny|84\/327 par
|turn|26
|
|cant|p1a: 5|par
|move|p2a: Dr. Dreigon|Dark Pulse|p1a: 5
|-damage|p1a: 5|0 fnt
|faint|p1a: 5
|
|c|âEmblema de Fuego|huuu
|
|switch|p1a: D-Angelo|Absol-Mega, M|171\/271
|turn|27
|
|move|p1a: D-Angelo|Play Rough|p2a: Dr. Dreigon
|-supereffective|p2a: Dr. Dreigon
|-damage|p2a: Dr. Dreigon|0 fnt
|faint|p2a: Dr. Dreigon
|
|
|switch|p2a: Hnnnggg|Jirachi|353\/403 brn
|-damage|p2a: Hnnnggg|328\/403 brn|[from] Stealth Rock
|turn|28
|
|move|p1a: D-Angelo|Protect|p1a: D-Angelo
|-singleturn|p1a: D-Angelo|Protect
|move|p2a: Hnnnggg|Iron Head|p1a: D-Angelo
|-activate|p1a: D-Angelo|Protect
|
|-heal|p2a: Hnnnggg|353\/403 brn|[from] item: Leftovers
|-damage|p2a: Hnnnggg|303\/403 brn|[from] brn
|turn|29
|
|move|p1a: D-Angelo|Sucker Punch|p2a: Hnnnggg
|-supereffective|p2a: Hnnnggg
|-damage|p2a: Hnnnggg|0 fnt
|faint|p2a: Hnnnggg
|
|win|Emblema de Fuego
|raw|Ladder updating...
|raw|Emblema de Fuego's rating: 1493 &rarr; <strong>1521<\/strong><br \/>(+28 for winning)
|raw|hairy toenail's rating: 1640 &rarr; <strong>1612<\/strong><br \/>(-28 for losing)
|c|âEmblema de Fuego|gg
|leave|stupid bitch
|leave|hairy toenail
|player|p2