|join|hairy toenail
|join|Meruu
|player|p1|hairy toenail|147
|player|p2|Meruu|174
|gametype|singles
|gen|6
|tier|UU
|rated
|rule|Sleep Clause Mod: Limit one foe put to sleep
|rule|Species Clause: Limit one of each PokÃ©mon
|rule|OHKO Clause: OHKO moves are banned
|rule|Moody Clause: Moody is banned
|rule|Evasion Moves Clause: Evasion moves are banned
|rule|Endless Battle Clause: Forcing endless battles is banned
|rule|HP Percentage Mod: HP is shown in percentages
|clearpoke
|poke|p1|Zygarde
|poke|p1|Whimsicott, F
|poke|p1|Suicune
|poke|p1|Crobat, F
|poke|p1|Jirachi
|poke|p1|Krookodile, F
|poke|p2|Vaporeon, M
|poke|p2|Aggron, M
|poke|p2|Crobat, F
|poke|p2|Whimsicott, F
|poke|p2|Krookodile, M
|poke|p2|Jirachi
|rule|Swagger Clause: Swagger is banned
|rule|Baton Pass Clause: Limit one PokÃ©mon knowing Baton Pass
|teampreview
|c|âhairy toenail|glhf
|
|start
|switch|p1a: Make a Wish|Jirachi|341\/341
|switch|p2a: Krookodile|Krookodile, M|331\/331
|-ability|p2a: Krookodile|Intimidate|[of] p1a: Make a Wish
|-unboost|p1a: Make a Wish|atk|1
|turn|1
|
|move|p1a: Make a Wish|Iron Head|p2a: Krookodile
|-damage|p2a: Krookodile|229\/331
|cant|p2a: Krookodile|flinch
|
|turn|2
|join|epic4eternity
|
|switch|p1a: Just a Whim|Whimsicott, F|261\/261
|move|p2a: Krookodile|Knock Off|p1a: Just a Whim
|-resisted|p1a: Just a Whim
|-damage|p1a: Just a Whim|116\/261
|-enditem|p1a: Just a Whim|Leftovers|[from] move: Knock Off|[of] p2a: Krookodile
|
|turn|3
|
|switch|p2a: Crobat|Crobat, F|319\/319
|move|p1a: Just a Whim|U-turn|p2a: Crobat
|-resisted|p2a: Crobat
|-damage|p2a: Crobat|308\/319
|
|switch|p1a: Make a Wish|Jirachi|341\/341
|
|-heal|p2a: Crobat|319\/319|[from] item: Black Sludge
|turn|4
|
|move|p1a: Make a Wish|U-turn|p2a: Crobat
|-resisted|p2a: Crobat
|-damage|p2a: Crobat|297\/319
|
|switch|p1a: Bro...|Crobat, F|337\/337
|move|p2a: Crobat|U-turn|p1a: Bro...
|-resisted|p1a: Bro...
|-damage|p1a: Bro...|319\/337
|
|switch|p2a: Vaporeon|Vaporeon, M|451\/451
|
|-heal|p1a: Bro...|337\/337|[from] item: Black Sludge
|turn|5
|join|LiberalLucario
|
|move|p1a: Bro...|Brave Bird|p2a: Vaporeon
|-damage|p2a: Vaporeon|295\/451
|-damage|p1a: Bro...|286\/337|[from] recoil|[of] p2a: Vaporeon
|move|p2a: Vaporeon|Scald|p1a: Bro...
|-damage|p1a: Bro...|172\/337
|-status|p1a: Bro...|brn
|
|-heal|p1a: Bro...|193\/337 brn|[from] item: Black Sludge
|-heal|p2a: Vaporeon|323\/451|[from] item: Leftovers
|-damage|p1a: Bro...|151\/337 brn|[from] brn
|turn|6
|
|move|p1a: Bro...|Roost|p1a: Bro...
|-heal|p1a: Bro...|320\/337 brn
|move|p2a: Vaporeon|Wish|p2a: Vaporeon
|
|-heal|p1a: Bro...|337\/337 brn|[from] item: Black Sludge
|-heal|p2a: Vaporeon|351\/451|[from] item: Leftovers
|-damage|p1a: Bro...|295\/337 brn|[from] brn
|turn|7
|
|switch|p2a: Krookodile|Krookodile, M|229\/331
|-ability|p2a: Krookodile|Intimidate|[of] p1a: Bro...
|-unboost|p1a: Bro...|atk|1
|move|p1a: Bro...|U-turn|p2a: Krookodile
|-supereffective|p2a: Krookodile
|-damage|p2a: Krookodile|175\/331
|
|switch|p1a: Squad|Krookodile, F|335\/335
|-ability|p1a: Squad|Intimidate|[of] p2a: Krookodile
|-unboost|p2a: Krookodile|atk|1
|
|-heal|p2a: Krookodile|331\/331|[from] move: Wish|[wisher] Vaporeon
|turn|8
|
|move|p2a: Krookodile|Superpower|p1a: Squad
|-supereffective|p1a: Squad
|-damage|p1a: Squad|3\/335
|-unboost|p2a: Krookodile|atk|1
|-unboost|p2a: Krookodile|def|1
|move|p1a: Squad|Stealth Rock|p2a: Krookodile
|-sidestart|p2: Meruu|move: Stealth Rock
|
|turn|9
|
|switch|p2a: Jirachi|Jirachi|341\/341
|-damage|p2a: Jirachi|320\/341|[from] Stealth Rock
|move|p1a: Squad|Knock Off|p2a: Jirachi
|-supereffective|p2a: Jirachi
|-damage|p2a: Jirachi|0 fnt
|-enditem|p2a: Jirachi|Choice Scarf|[from] move: Knock Off|[of] p1a: Squad
|faint|p2a: Jirachi
|
|c|âMeruu|o_o
|
|switch|p2a: Crobat|Crobat, F|297\/319
|-damage|p2a: Crobat|218\/319|[from] Stealth Rock
|turn|10
|
|move|p2a: Crobat|Defog|p1a: Squad
|-unboost|p1a: Squad|evasion|1
|-sideend|p2: Meruu|Stealth Rock|[from] move: Defog|[of] p2a: Crobat
|move|p1a: Squad|Knock Off|p2a: Crobat
|-damage|p2a: Crobat|0 fnt
|-enditem|p2a: Crobat|Black Sludge|[from] move: Knock Off|[of] p1a: Squad
|faint|p2a: Crobat
|
|
|switch|p2a: Whimsicott|Whimsicott, F|261\/261
|turn|11
|c|âMeruu|lol i lose
|leave|LiberalLucario
|
|switch|p1a: Bro...|Crobat, F|295\/337 brn
|move|p2a: Whimsicott|Moonblast|p1a: Bro...
|-resisted|p1a: Bro...
|-damage|p1a: Bro...|217\/337 brn
|
|-heal|p1a: Bro...|238\/337 brn|[from] item: Black Sludge
|-damage|p1a: Bro...|196\/337 brn|[from] brn
|turn|12
|
|switch|p2a: Krookodile|Krookodile, M|331\/331
|-ability|p2a: Krookodile|Intimidate|[of] p1a: Bro...
|-unboost|p1a: Bro...|atk|1
|move|p1a: Bro...|U-turn|p2a: Krookodile
|-supereffective|p2a: Krookodile
|-damage|p2a: Krookodile|283\/331
|
|switch|p1a: Just a Whim|Whimsicott, F|116\/261
|
|turn|13
|
|move|p1a: Just a Whim|Giga Drain|p2a: Krookodile
|-supereffective|p2a: Krookodile
|-damage|p2a: Krookodile|43\/331
|-heal|p1a: Just a Whim|236\/261|[from] drain|[of] p2a: Krookodile
|move|p2a: Krookodile|Knock Off|p1a: Just a Whim
|-resisted|p1a: Just a Whim
|-damage|p1a: Just a Whim|152\/261
|
|turn|14
|-message|Meruu forfeited.
|leave|Meruu
|
|win|hairy toenail
|raw|Ladder updating...
|player|p2
|leave|epic4eternity
|raw|hairy toenail's rating: 1560 &rarr; <strong>1584<\/strong><br \/>(+24 for winning)
|raw|Meruu's rating: 1630 &rarr; <strong>1606<\/strong><br \/>(-24 for losing)
|join|so dynamic