|join|hairy toenail
|join|utra
|player|p1|hairy toenail|147
|player|p2|utra|219
|gametype|singles
|gen|6
|tier|UU
|rule|Sleep Clause Mod: Limit one foe put to sleep
|rule|Species Clause: Limit one of each PokÃ©mon
|rule|OHKO Clause: OHKO moves are banned
|rule|Moody Clause: Moody is banned
|rule|Evasion Moves Clause: Evasion moves are banned
|rule|Endless Battle Clause: Forcing endless battles is banned
|rule|HP Percentage Mod: HP is shown in percentages
|clearpoke
|poke|p1|Kyurem
|poke|p1|Krookodile, M
|poke|p1|Cobalion
|poke|p1|Tentacruel, M
|poke|p1|Pidgeot, F
|poke|p1|Infernape, F
|poke|p2|Pidgeot, F
|poke|p2|Rotom-Heat
|poke|p2|Snorlax, F
|poke|p2|Whimsicott, M
|poke|p2|Reuniclus, F
|poke|p2|Omastar, F
|rule|Swagger Clause: Swagger is banned
|rule|Baton Pass Clause: Limit one PokÃ©mon knowing Baton Pass
|teampreview
|c|âutra|gl hf
|c|âhairy toenail|u2
|join|brokenwings
|
|start
|switch|p1a: Tentacruel|Tentacruel, M|364\/364
|switch|p2a: Blue|Omastar, F|281\/281
|turn|1
|
|move|p1a: Tentacruel|Toxic Spikes|p2a: Blue
|-sidestart|p2: utra|move: Toxic Spikes
|move|p2a: Blue|Scald|p1a: Tentacruel
|-resisted|p1a: Tentacruel
|-damage|p1a: Tentacruel|309\/364
|
|-heal|p1a: Tentacruel|331\/364|[from] item: Black Sludge
|turn|2
|
|move|p1a: Tentacruel|Scald|p2a: Blue
|-crit|p2a: Blue
|-damage|p2a: Blue|137\/281
|move|p2a: Blue|Scald|p1a: Tentacruel
|-resisted|p1a: Tentacruel
|-damage|p1a: Tentacruel|278\/364
|
|-heal|p1a: Tentacruel|300\/364|[from] item: Black Sludge
|turn|3
|
|move|p1a: Tentacruel|Scald|p2a: Blue
|-damage|p2a: Blue|29\/281
|move|p2a: Blue|Scald|p1a: Tentacruel
|-resisted|p1a: Tentacruel
|-damage|p1a: Tentacruel|253\/364
|
|-heal|p1a: Tentacruel|275\/364|[from] item: Black Sludge
|turn|4
|
|move|p1a: Tentacruel|Scald|p2a: Blue
|-damage|p2a: Blue|0 fnt
|faint|p2a: Blue
|
|-heal|p1a: Tentacruel|297\/364|[from] item: Black Sludge
|
|switch|p2a: Green 2|Reuniclus, F|423\/423
|-status|p2a: Green 2|psn
|turn|5
|
|switch|p2a: Green 1|Whimsicott, M|261\/261
|-status|p2a: Green 1|psn
|move|p1a: Tentacruel|Acid Spray|p2a: Green 1
|-supereffective|p2a: Green 1
|-damage|p2a: Green 1|41\/261 psn
|-unboost|p2a: Green 1|spd|2
|
|-heal|p2a: Green 1|57\/261 psn|[from] item: Leftovers
|-heal|p1a: Tentacruel|319\/364|[from] item: Black Sludge
|-damage|p2a: Green 1|25\/261 psn|[from] psn
|turn|6
|
|move|p2a: Green 1|U-turn|p1a: Tentacruel
|-resisted|p1a: Tentacruel
|-damage|p1a: Tentacruel|300\/364
|
|switch|p2a: Green 2|Reuniclus, F|423\/423 psn
|move|p1a: Tentacruel|Acid Spray|p2a: Green 2
|-damage|p2a: Green 2|378\/423 psn
|-unboost|p2a: Green 2|spd|2
|
|-heal|p1a: Tentacruel|322\/364|[from] item: Black Sludge
|-heal|p2a: Green 2|404\/423 psn|[from] item: Leftovers
|turn|7
|
|move|p1a: Tentacruel|Acid Spray|p2a: Green 2
|-damage|p2a: Green 2|320\/423 psn
|-unboost|p2a: Green 2|spd|2
|move|p2a: Green 2|Psyshock|p1a: Tentacruel
|-supereffective|p1a: Tentacruel
|-damage|p1a: Tentacruel|86\/364
|
|-heal|p1a: Tentacruel|108\/364|[from] item: Black Sludge
|-heal|p2a: Green 2|346\/423 psn|[from] item: Leftovers
|turn|8
|
|switch|p2a: Green 1|Whimsicott, M|25\/261 psn
|move|p1a: Tentacruel|Scald|p2a: Green 1
|-resisted|p2a: Green 1
|-damage|p2a: Green 1|0 fnt
|faint|p2a: Green 1
|
|-heal|p1a: Tentacruel|130\/364|[from] item: Black Sludge
|
|switch|p2a: Red|Pidgeot, F|307\/307
|turn|9
|
|detailschange|p2a: Red|Pidgeot-Mega, F
|-mega|p2a: Red|Pidgeot|Pidgeotite
|move|p2a: Red|Substitute|p2a: Red
|-start|p2a: Red|Substitute
|-damage|p2a: Red|231\/307
|move|p1a: Tentacruel|Scald|p2a: Red
|-end|p2a: Red|Substitute
|
|-heal|p1a: Tentacruel|152\/364|[from] item: Black Sludge
|turn|10
|
|move|p2a: Red|Hurricane|p1a: Tentacruel
|-damage|p1a: Tentacruel|0 fnt
|faint|p1a: Tentacruel
|
|
|switch|p1a: Kyurem|Kyurem|391\/391
|-ability|p1a: Kyurem|Pressure
|turn|11
|
|switch|p2a: Yellow|Snorlax, F|505\/505
|-status|p2a: Yellow|psn
|move|p1a: Kyurem|Dragon Pulse|p2a: Yellow
|-damage|p2a: Yellow|327\/505 psn
|
|-heal|p2a: Yellow|358\/505 psn|[from] item: Leftovers
|-damage|p2a: Yellow|295\/505 psn|[from] psn
|turn|12
|
|switch|p1a: Cobalion|Cobalion|357\/357
|move|p2a: Yellow|Rest|p2a: Yellow
|-status|p2a: Yellow|slp
|-heal|p2a: Yellow|505\/505 slp|[silent]
|-status|p2a: Yellow|slp|[from] move: Rest
|
|turn|13
|
|switch|p2a: Green 2|Reuniclus, F|346\/423 psn
|move|p1a: Cobalion|Stealth Rock|p2a: Green 2
|-sidestart|p2: utra|move: Stealth Rock
|
|-heal|p2a: Green 2|372\/423 psn|[from] item: Leftovers
|turn|14
|
|switch|p2a: Red|Pidgeot-Mega, F|231\/307
|-damage|p2a: Red|155\/307|[from] Stealth Rock
|move|p1a: Cobalion|Volt Switch|p2a: Red
|-supereffective|p2a: Red
|-damage|p2a: Red|33\/307
|
|switch|p1a: Infernape|Infernape, F|293\/293
|
|turn|15
|
|move|p1a: Infernape|Flare Blitz|p2a: Red
|-damage|p2a: Red|0 fnt
|-damage|p1a: Infernape|282\/293|[from] recoil|[of] p2a: Red
|faint|p2a: Red
|
|
|switch|p2a: Yellow|Snorlax, F|505\/505 slp
|-damage|p2a: Yellow|442\/505 slp|[from] Stealth Rock
|turn|16
|
|switch|p1a: Cobalion|Cobalion|357\/357
|cant|p2a: Yellow|slp
|move|p2a: Yellow|Sleep Talk|p2a: Yellow
|move|p2a: Yellow|Rest|p2a: Yellow|[from]Sleep Talk
|-fail|p2a: Yellow
|
|-heal|p2a: Yellow|473\/505 slp|[from] item: Leftovers
|turn|17
|
|switch|p2a: Green 2|Reuniclus, F|372\/423 psn
|move|p1a: Cobalion|Close Combat|p2a: Green 2
|-resisted|p2a: Green 2
|-damage|p2a: Green 2|309\/423 psn
|-unboost|p1a: Cobalion|def|1
|-unboost|p1a: Cobalion|spd|1
|
|-heal|p2a: Green 2|335\/423 psn|[from] item: Leftovers
|turn|18
|
|switch|p2a: Orange|Rotom-Heat|304\/304
|-damage|p2a: Orange|228\/304|[from] Stealth Rock
|move|p1a: Cobalion|Volt Switch|p2a: Orange
|-resisted|p2a: Orange
|-damage|p2a: Orange|210\/304
|
|switch|p1a: Kyurem|Kyurem|391\/391
|-ability|p1a: Kyurem|Pressure
|
|-heal|p2a: Orange|229\/304|[from] item: Leftovers
|turn|19
|
|move|p1a: Kyurem|Draco Meteor|p2a: Orange
|-damage|p2a: Orange|0 fnt
|-unboost|p1a: Kyurem|spa|2
|faint|p2a: Orange
|
|
|switch|p2a: Yellow|Snorlax, F|473\/505 slp
|-damage|p2a: Yellow|410\/505 slp|[from] Stealth Rock
|turn|20
|
|switch|p1a: Cobalion|Cobalion|357\/357
|cant|p2a: Yellow|slp
|move|p2a: Yellow|Sleep Talk|p2a: Yellow
|move|p2a: Yellow|Curse|p2a: Yellow|[from]Sleep Talk
|-boost|p2a: Yellow|atk|1
|-boost|p2a: Yellow|def|1
|-unboost|p2a: Yellow|spe|1
|
|-heal|p2a: Yellow|441\/505 slp|[from] item: Leftovers
|turn|21
|
|move|p1a: Cobalion|Close Combat|p2a: Yellow
|-supereffective|p2a: Yellow
|-damage|p2a: Yellow|211\/505 slp
|-unboost|p1a: Cobalion|def|1
|-unboost|p1a: Cobalion|spd|1
|-curestatus|p2a: Yellow|slp
|move|p2a: Yellow|Rest|p2a: Yellow
|-status|p2a: Yellow|slp
|-heal|p2a: Yellow|505\/505 slp|[silent]
|-status|p2a: Yellow|slp|[from] move: Rest
|
|turn|22
|
|move|p1a: Cobalion|Close Combat|p2a: Yellow
|-supereffective|p2a: Yellow
|-damage|p2a: Yellow|305\/505 slp
|-unboost|p1a: Cobalion|def|1
|-unboost|p1a: Cobalion|spd|1
|cant|p2a: Yellow|slp
|move|p2a: Yellow|Sleep Talk|p2a: Yellow
|move|p2a: Yellow|Rest|p2a: Yellow|[from]Sleep Talk
|-fail|p2a: Yellow
|
|-heal|p2a: Yellow|336\/505 slp|[from] item: Leftovers
|turn|23
|
|move|p1a: Cobalion|Close Combat|p2a: Yellow
|-supereffective|p2a: Yellow
|-damage|p2a: Yellow|132\/505 slp
|-unboost|p1a: Cobalion|def|1
|-unboost|p1a: Cobalion|spd|1
|cant|p2a: Yellow|slp
|move|p2a: Yellow|Sleep Talk|p2a: Yellow
|move|p2a: Yellow|Frustration|p1a: Cobalion|[from]Sleep Talk
|-resisted|p1a: Cobalion
|-damage|p1a: Cobalion|156\/357
|
|-heal|p1a: Cobalion|178\/357|[from] item: Leftovers
|-heal|p2a: Yellow|163\/505 slp|[from] item: Leftovers
|turn|24
|c|âutra|i lose now
|c|âutra|gg
|-message|utra forfeited.
|c|âhairy toenail|gg
|leave|utra
|
|win|hairy toenail
|player|p2
|leave|brokenwings