|join|hairy toenail
|join|Truth In Lies
|player|p1|hairy toenail|147
|player|p2|Truth In Lies|170
|gametype|singles
|gen|6
|tier|UU
|rule|Sleep Clause Mod: Limit one foe put to sleep
|rule|Species Clause: Limit one of each PokÃ©mon
|rule|OHKO Clause: OHKO moves are banned
|rule|Moody Clause: Moody is banned
|rule|Evasion Moves Clause: Evasion moves are banned
|rule|Endless Battle Clause: Forcing endless battles is banned
|rule|HP Percentage Mod: HP is shown in percentages
|clearpoke
|poke|p1|Bronzong
|poke|p1|Diancie
|poke|p1|Zygarde
|poke|p1|Porygon-Z
|poke|p1|Lucario, F
|poke|p1|Blastoise, F
|poke|p2|Donphan, F
|poke|p2|Aggron, M
|poke|p2|Vaporeon, M
|poke|p2|Crobat, M
|poke|p2|Lucario, F
|poke|p2|Hydreigon, F
|rule|Swagger Clause: Swagger is banned
|rule|Baton Pass Clause: Limit one PokÃ©mon knowing Baton Pass
|teampreview
|join|Starmei
|c| Starmei|:]
|join|Unused Timepiece
|join|Latias tho
|c| Latias tho|ooooh
|c| Latias tho|its this gey ass
|c| Latias tho|team
|c| Latias tho|smh kreme
hairy toenail turned on modjoin.
|raw|<div class="broadcast-red"><b>Moderated chat was set to +!<\/b><br \/>Only users of rank + and higher can talk.<\/div>
|c|âhairy toenail|xd
|raw|<div class="broadcast-blue"><b>Moderated chat was disabled!<\/b><br \/>Anyone may talk now.<\/div>
|c| Starmei|**:]**
|
|start
|switch|p1a: Bronzong|Bronzong|337\/337
|switch|p2a: Donphan|Donphan, F|334\/334
|turn|1
|c| Latias tho|rip counter
|
|switch|p2a: Hydreigon|Hydreigon, F|325\/325
|move|p1a: Bronzong|Reflect|p1a: Bronzong
|-sidestart|p1: hairy toenail|Reflect
|
|turn|2
|c| Latias tho|rofl
|c| Latias tho|which donphan doesnt have knock off
|c| Unused Timepiece|his
|
|move|p2a: Hydreigon|Taunt|p1a: Bronzong
|-start|p1a: Bronzong|move: Taunt
|cant|p1a: Bronzong|move: Taunt|Light Screen
|
|turn|3
|c| Latias tho|smh
|
|switch|p1a: Diancie|Diancie|303\/303
|move|p2a: Hydreigon|Dark Pulse|p1a: Diancie
|-resisted|p1a: Diancie
|-damage|p1a: Diancie|248\/303
|-damage|p2a: Hydreigon|293\/325|[from] item: Life Orb
|
|turn|4
|
|switch|p2a: Vaporeon|Vaporeon, M|451\/451
|move|p1a: Diancie|Light Screen|p1a: Diancie
|-sidestart|p1: hairy toenail|move: Light Screen
|
|turn|5
|
|move|p2a: Vaporeon|Scald|p1a: Diancie
|-supereffective|p1a: Diancie
|-damage|p1a: Diancie|190\/303
|move|p1a: Diancie|Explosion|p2a: Vaporeon
|-damage|p2a: Vaporeon|224\/451
|faint|p1a: Diancie
|
|-heal|p2a: Vaporeon|252\/451|[from] item: Leftovers
|
|switch|p1a: Porygon-Z|Porygon-Z|318\/318
|turn|6
|
|move|p1a: Porygon-Z|Nasty Plot|p1a: Porygon-Z
|-boost|p1a: Porygon-Z|spa|2
|move|p2a: Vaporeon|Scald|p1a: Porygon-Z
|-damage|p1a: Porygon-Z|251\/318
|
|-heal|p2a: Vaporeon|280\/451|[from] item: Leftovers
|turn|7
|
|move|p1a: Porygon-Z|Agility|p1a: Porygon-Z
|-boost|p1a: Porygon-Z|spe|2
|move|p2a: Vaporeon|Scald|p1a: Porygon-Z
|-damage|p1a: Porygon-Z|192\/318
|
|-heal|p2a: Vaporeon|308\/451|[from] item: Leftovers
|turn|8
|
|switch|p2a: Aggron|Aggron, M|344\/344
|move|p1a: Porygon-Z|Nasty Plot|p1a: Porygon-Z
|-boost|p1a: Porygon-Z|spa|2
|
|-sideend|p1: hairy toenail|Reflect
|turn|9
|
|move|p1a: Porygon-Z|Dark Pulse|p2a: Aggron
|-activate|p2a: Aggron|Sturdy
|-damage|p2a: Aggron|1\/344
|move|p2a: Aggron|Heavy Slam|p1a: Porygon-Z
|-damage|p1a: Porygon-Z|0 fnt
|faint|p1a: Porygon-Z
|
|
|switch|p1a: Blastoise|Blastoise, F|338\/338
|turn|10
|join|kittyCatSenna
|
|detailschange|p1a: Blastoise|Blastoise-Mega, F
|-mega|p1a: Blastoise|Blastoise|Blastoisinite
|detailschange|p2a: Aggron|Aggron-Mega, M
|-mega|p2a: Aggron|Aggron|Aggronite
|move|p1a: Blastoise|Dark Pulse|p2a: Aggron
|-damage|p2a: Aggron|0 fnt
|faint|p2a: Aggron
|
|
|switch|p2a: Vaporeon|Vaporeon, M|308\/451
|turn|11
|
|switch|p1a: Bronzong|Bronzong|337\/337
|move|p2a: Vaporeon|Baton Pass|p2a: Vaporeon
|
|switch|p2a: Hydreigon|Hydreigon, F|293\/325
|
|-sideend|p1: hairy toenail|move: Light Screen
|turn|12
|
|switch|p1a: Lucario|Lucario, F|281\/281
|move|p2a: Hydreigon|Taunt|p1a: Lucario
|-start|p1a: Lucario|move: Taunt
|
|turn|13
|
|switch|p2a: Donphan|Donphan, F|334\/334
|switch|p1a: Bronzong|Bronzong|337\/337
|
|turn|14
|
|switch|p2a: Hydreigon|Hydreigon, F|293\/325
|move|p1a: Bronzong|Stealth Rock|p2a: Hydreigon
|-sidestart|p2: Truth In Lies|move: Stealth Rock
|
|turn|15
|
|move|p2a: Hydreigon|Draco Meteor|p1a: Bronzong
|-resisted|p1a: Bronzong
|-damage|p1a: Bronzong|247\/337
|-unboost|p2a: Hydreigon|spa|2
|-damage|p2a: Hydreigon|261\/325|[from] item: Life Orb
|move|p1a: Bronzong|Light Screen|p1a: Bronzong
|-sidestart|p1: hairy toenail|move: Light Screen
|
|turn|16
|join|yuruuu
|
|switch|p1a: Lucario|Lucario, F|281\/281
|move|p2a: Hydreigon|Taunt|p1a: Lucario
|-start|p1a: Lucario|move: Taunt
|
|turn|17
|join|Exeggutor
|
|switch|p2a: Donphan|Donphan, F|334\/334
|-damage|p2a: Donphan|314\/334|[from] Stealth Rock
|move|p1a: Lucario|Close Combat|p2a: Donphan
|-damage|p2a: Donphan|102\/334
|-unboost|p1a: Lucario|def|1
|-unboost|p1a: Lucario|spd|1
|-damage|p1a: Lucario|253\/281|[from] item: Life Orb
|
|turn|18
|
|move|p1a: Lucario|Close Combat|p2a: Donphan
|-damage|p2a: Donphan|0 fnt
|-unboost|p1a: Lucario|def|1
|-unboost|p1a: Lucario|spd|1
|-damage|p1a: Lucario|225\/281|[from] item: Life Orb
|faint|p2a: Donphan
|
|c| yuruuu|ooh band donphan
|leave|Exeggutor
|
|switch|p2a: Crobat|Crobat, M|323\/323
|-damage|p2a: Crobat|243\/323|[from] Stealth Rock
|turn|19
|
|switch|p1a: Bronzong|Bronzong|247\/337
|move|p2a: Crobat|Defog|p1a: Bronzong
|-unboost|p1a: Bronzong|evasion|1
|-sideend|p1: hairy toenail|move: Light Screen
|-sideend|p1: hairy toenail|Light Screen|[from] move: Defog|[of] p1a: Bronzong
|-sideend|p2: Truth In Lies|Stealth Rock|[from] move: Defog|[of] p2a: Crobat
|
|turn|20
|
|switch|p2a: Hydreigon|Hydreigon, F|261\/325
|move|p1a: Bronzong|Stealth Rock|p2a: Hydreigon
|-sidestart|p2: Truth In Lies|move: Stealth Rock
|
|turn|21
|
|move|p2a: Hydreigon|Dark Pulse|p1a: Bronzong
|-supereffective|p1a: Bronzong
|-damage|p1a: Bronzong|0 fnt
|-damage|p2a: Hydreigon|229\/325|[from] item: Life Orb
|faint|p1a: Bronzong
|
|
|switch|p1a: Lucario|Lucario, F|225\/281
|turn|22
|
|move|p2a: Hydreigon|Draco Meteor|p1a: Lucario
|-resisted|p1a: Lucario
|-damage|p1a: Lucario|46\/281
|-unboost|p2a: Hydreigon|spa|2
|-damage|p2a: Hydreigon|197\/325|[from] item: Life Orb
|move|p1a: Lucario|Swords Dance|p1a: Lucario
|-boost|p1a: Lucario|atk|2
|
|turn|23
|
|switch|p2a: Vaporeon|Vaporeon, M|308\/451
|-damage|p2a: Vaporeon|252\/451|[from] Stealth Rock
|move|p1a: Lucario|Close Combat|p2a: Vaporeon
|-damage|p2a: Vaporeon|0 fnt
|-unboost|p1a: Lucario|def|1
|-unboost|p1a: Lucario|spd|1
|-damage|p1a: Lucario|18\/281|[from] item: Life Orb
|faint|p2a: Vaporeon
|
|
|switch|p2a: Lucario|Lucario, F|281\/281
|-damage|p2a: Lucario|273\/281|[from] Stealth Rock
|turn|24
|c| Latias tho|be real and sd
|
|move|p2a: Lucario|Extreme Speed|p1a: Lucario
|-resisted|p1a: Lucario
|-damage|p1a: Lucario|0 fnt
|-damage|p2a: Lucario|245\/281|[from] item: Life Orb
|faint|p1a: Lucario
|
|
|switch|p1a: Zygarde|Zygarde|357\/357
|-ability|p1a: Zygarde|Aura Break
|turn|25
|
|move|p2a: Lucario|Ice Punch|p1a: Zygarde
|-supereffective|p1a: Zygarde
|-damage|p1a: Zygarde|24\/357
|-damage|p2a: Lucario|217\/281|[from] item: Life Orb
|move|p1a: Zygarde|Earthquake|p2a: Lucario
|-supereffective|p2a: Lucario
|-damage|p2a: Lucario|0 fnt
|faint|p2a: Lucario
|
|
|switch|p2a: Crobat|Crobat, M|243\/323
|-damage|p2a: Crobat|163\/323|[from] Stealth Rock
|turn|26
|
|move|p1a: Zygarde|Extreme Speed|p2a: Crobat
|-damage|p2a: Crobat|52\/323
|move|p2a: Crobat|U-turn|p1a: Zygarde
|-crit|p1a: Zygarde
|-damage|p1a: Zygarde|0 fnt
|faint|p1a: Zygarde
|
|switch|p2a: Hydreigon|Hydreigon, F|197\/325
|-damage|p2a: Hydreigon|157\/325|[from] Stealth Rock
|
|
|switch|p1a: Blastoise|Blastoise-Mega, F|338\/338
|turn|27
|
|move|p2a: Hydreigon|Dark Pulse|p1a: Blastoise
|-damage|p1a: Blastoise|174\/338
|-damage|p2a: Hydreigon|125\/325|[from] item: Life Orb
|cant|p1a: Blastoise|flinch
|
|turn|28
|c|âhairy toenail|,
|c|âhairy toenail|,
|c|âhairy toenail|,
|c|âhairy toenail|,
|c|âhairy toenail|,
|c|âhairy toenail|,
|c|âhairy toenail|,
|c|âhairy toenail|,
|c|âhairy toenail|;
|c|âhairy toenail|miss draco
|
|move|p2a: Hydreigon|Draco Meteor|p1a: Blastoise
|-damage|p1a: Blastoise|0 fnt
|-unboost|p2a: Hydreigon|spa|2
|-damage|p2a: Hydreigon|93\/325|[from] item: Life Orb
|faint|p1a: Blastoise
|
|win|Truth In Lies
|leave|hairy toenail
|leave|Truth In Lies
|player|p1
|leave|Unused Timepiece
|player|p2
|leave|Hippowdon't
|join|Unused Timepiece