|join|bouff
|join|Hairy Toenail
|player|p1|bouff|106
|player|p2|Hairy Toenail|147
|gametype|singles
|gen|6
|tier|UU
|rated
|rule|Sleep Clause Mod: Limit one foe put to sleep
|rule|Species Clause: Limit one of each PokÃ©mon
|rule|OHKO Clause: OHKO moves are banned
|rule|Moody Clause: Moody is banned
|rule|Evasion Moves Clause: Evasion moves are banned
|rule|Endless Battle Clause: Forcing endless battles is banned
|rule|HP Percentage Mod: HP is shown in percentages
|clearpoke
|poke|p1|Blastoise, F
|poke|p1|Victini
|poke|p1|Hydreigon, M
|poke|p1|Jirachi
|poke|p1|Crobat, M
|poke|p1|Heracross, F
|poke|p2|Fletchinder, M
|poke|p2|Raikou
|poke|p2|Blastoise, F
|poke|p2|Rhyperior, F
|poke|p2|Florges, F
|poke|p2|Mienshao, M
|rule|Swagger Clause: Swagger is banned
|rule|Baton Pass Clause: Limit one PokÃ©mon knowing Baton Pass
|teampreview
|c|âHairy Toenail|glhf
|
|start
|switch|p1a: Blastoise|Blastoise, F|333\/333
|switch|p2a: Raikou|Raikou|322\/322
|-ability|p2a: Raikou|Pressure
|turn|1
|
|switch|p1a: Hydreigon|Hydreigon, M|325\/325
|move|p2a: Raikou|Volt Switch|p1a: Hydreigon
|-resisted|p1a: Hydreigon
|-damage|p1a: Hydreigon|232\/325
|
|switch|p2a: Mienshao|Mienshao, M|271\/271
|
|turn|2
|
|switch|p1a: Crobat|Crobat, M|324\/324
|move|p2a: Mienshao|U-turn|p1a: Crobat
|-crit|p1a: Crobat
|-resisted|p1a: Crobat
|-damage|p1a: Crobat|289\/324
|
|switch|p2a: Rhyperior|Rhyperior, F|434\/434
|
|turn|3
|
|move|p1a: Crobat|Taunt|p2a: Rhyperior
|-start|p2a: Rhyperior|move: Taunt
|cant|p2a: Rhyperior|move: Taunt|Stealth Rock
|
|turn|4
|
|move|p1a: Crobat|U-turn|p2a: Rhyperior
|-damage|p2a: Rhyperior|381\/434
|
|switch|p1a: Blastoise|Blastoise, F|333\/333
|move|p2a: Rhyperior|Earthquake|p1a: Blastoise
|-damage|p1a: Blastoise|186\/333
|
|-heal|p2a: Rhyperior|408\/434|[from] item: Leftovers
|turn|5
|
|switch|p1a: Jirachi|Jirachi|341\/341
|switch|p2a: Florges|Florges, F|360\/360
|
|turn|6
|
|switch|p2a: Raikou|Raikou|322\/322
|-ability|p2a: Raikou|Pressure
|move|p1a: Jirachi|Stealth Rock|p2a: Raikou
|-sidestart|p2: Hairy Toenail|move: Stealth Rock
|
|turn|7
|
|move|p2a: Raikou|Volt Switch|p1a: Jirachi
|-damage|p1a: Jirachi|163\/341
|
|switch|p2a: Blastoise|Blastoise, F|361\/361
|-damage|p2a: Blastoise|316\/361|[from] Stealth Rock
|move|p1a: Jirachi|U-turn|p2a: Blastoise
|-damage|p2a: Blastoise|247\/361
|
|switch|p1a: Heracross|Heracross, F|301\/301
|
|turn|8
|
|detailschange|p2a: Blastoise|Blastoise-Mega, F
|message|Blastoise has Mega Evolved into Mega Blastoise!
|move|p1a: Heracross|Close Combat|p2a: Blastoise
|-damage|p2a: Blastoise|0 fnt
|-unboost|p1a: Heracross|def|1
|-unboost|p1a: Heracross|spd|1
|faint|p2a: Blastoise
|
|
|switch|p2a: Fletchinder|Fletchinder, M|291\/291
|-damage|p2a: Fletchinder|146\/291|[from] Stealth Rock
|turn|9
|
|switch|p1a: Victini|Victini|341\/341
|move|p2a: Fletchinder|Will-O-Wisp|p1a: Victini|[miss]
|-miss|p2a: Fletchinder|p1a: Victini
|
|turn|10
|
|move|p2a: Fletchinder|Roost|p2a: Fletchinder
|-heal|p2a: Fletchinder|291\/291
|move|p1a: Victini|Zen Headbutt|p2a: Fletchinder
|-damage|p2a: Fletchinder|17\/291
|
|turn|11
|
|move|p2a: Fletchinder|Acrobatics|p1a: Victini
|-damage|p1a: Victini|185\/341
|move|p1a: Victini|Zen Headbutt|p2a: Fletchinder
|-damage|p2a: Fletchinder|0 fnt
|faint|p2a: Fletchinder
|
|
|switch|p2a: Rhyperior|Rhyperior, F|408\/434
|-damage|p2a: Rhyperior|381\/434|[from] Stealth Rock
|turn|12
|
|switch|p1a: Blastoise|Blastoise, F|186\/333
|move|p2a: Rhyperior|Stealth Rock|p1a: Blastoise
|-sidestart|p1: bouff|move: Stealth Rock
|
|-heal|p2a: Rhyperior|408\/434|[from] item: Leftovers
|turn|13
|
|switch|p2a: Raikou|Raikou|322\/322
|-damage|p2a: Raikou|282\/322|[from] Stealth Rock
|-ability|p2a: Raikou|Pressure
|detailschange|p1a: Blastoise|Blastoise-Mega, F
|message|Blastoise has Mega Evolved into Mega Blastoise!
|move|p1a: Blastoise|Rapid Spin|p2a: Raikou
|-damage|p2a: Raikou|265\/322
|-sideend|p1: bouff|Stealth Rock|[from] move: Rapid Spin|[of] p1a: Blastoise
|
|turn|14
|
|switch|p1a: Hydreigon|Hydreigon, M|232\/325
|move|p2a: Raikou|Volt Switch|p1a: Hydreigon
|-resisted|p1a: Hydreigon
|-damage|p1a: Hydreigon|136\/325
|
|switch|p2a: Mienshao|Mienshao, M|271\/271
|-damage|p2a: Mienshao|255\/271|[from] Stealth Rock
|
|turn|15
|
|switch|p1a: Crobat|Crobat, M|289\/324
|move|p2a: Mienshao|U-turn|p1a: Crobat
|-resisted|p1a: Crobat
|-damage|p1a: Crobat|263\/324
|
|switch|p2a: Rhyperior|Rhyperior, F|408\/434
|-damage|p2a: Rhyperior|381\/434|[from] Stealth Rock
|
|-heal|p2a: Rhyperior|408\/434|[from] item: Leftovers
|turn|16
|
|move|p1a: Crobat|U-turn|p2a: Rhyperior
|-damage|p2a: Rhyperior|359\/434
|
|switch|p1a: Heracross|Heracross, F|301\/301
|move|p2a: Rhyperior|Stealth Rock|p1a: Heracross
|-sidestart|p1: bouff|move: Stealth Rock
|
|-heal|p2a: Rhyperior|386\/434|[from] item: Leftovers
|turn|17
|
|move|p1a: Heracross|Close Combat|p2a: Rhyperior
|-supereffective|p2a: Rhyperior
|-damage|p2a: Rhyperior|4\/434
|-unboost|p1a: Heracross|def|1
|-unboost|p1a: Heracross|spd|1
|move|p2a: Rhyperior|Rock Blast|p1a: Heracross
|-damage|p1a: Heracross|220\/301
|-damage|p1a: Heracross|145\/301
|-damage|p1a: Heracross|75\/301
|-hitcount|p1a: Heracross|3
|
|-heal|p2a: Rhyperior|31\/434|[from] item: Leftovers
|turn|18
|
|move|p1a: Heracross|Close Combat|p2a: Rhyperior
|-crit|p2a: Rhyperior
|-supereffective|p2a: Rhyperior
|-damage|p2a: Rhyperior|0 fnt
|-unboost|p1a: Heracross|def|1
|-unboost|p1a: Heracross|spd|1
|faint|p2a: Rhyperior
|
|
|switch|p2a: Raikou|Raikou|265\/322
|-damage|p2a: Raikou|225\/322|[from] Stealth Rock
|-ability|p2a: Raikou|Pressure
|turn|19
|join|Kushalos
|join|I Want It All
|join|PrettySmallDick
|
|move|p2a: Raikou|Volt Switch|p1a: Heracross
|-crit|p1a: Heracross
|-damage|p1a: Heracross|0 fnt
|faint|p1a: Heracross
|
|switch|p2a: Mienshao|Mienshao, M|271\/271
|-damage|p2a: Mienshao|255\/271|[from] Stealth Rock
|
|
|switch|p1a: Crobat|Crobat, M|263\/324
|-damage|p1a: Crobat|182\/324|[from] Stealth Rock
|turn|20
|
|move|p2a: Mienshao|Stone Edge|p1a: Crobat
|-supereffective|p1a: Crobat
|-damage|p1a: Crobat|0 fnt
|faint|p1a: Crobat
|
|c|âbouff|fuck
|c|+Kushalos|rip
|c|âbouff|ofc
|
|switch|p1a: Jirachi|Jirachi|163\/341
|-damage|p1a: Jirachi|142\/341|[from] Stealth Rock
|turn|21
|c|âbouff|you wouldnt run aa
|c|âHairy Toenail|bouf
|c|âHairy Toenail|are you playing
|c|âHairy Toenail|pspl
|c|âbouff|what do you want
|c|âbouff|unfortunately lol
|c|âHairy Toenail|rip
|c|âHairy Toenail|is pif?
|c|+Kushalos|he is playing
|c|âbouff|n
|c|+Kushalos|the aids tier
|join|dingbat
|c|âHairy Toenail|ru?
|
|switch|p2a: Raikou|Raikou|225\/322
|-damage|p2a: Raikou|185\/322|[from] Stealth Rock
|-ability|p2a: Raikou|Pressure
|move|p1a: Jirachi|U-turn|p2a: Raikou
|-damage|p2a: Raikou|89\/322
|
|switch|p1a: Hydreigon|Hydreigon, M|136\/325
|-damage|p1a: Hydreigon|96\/325|[from] Stealth Rock
|
|turn|22
|c|+Kushalos|run double scarf
|c|+Kushalos|please
|c| dingbat|i wanna play the aids tier
|
|switch|p1a: Jirachi|Jirachi|142\/341
|-damage|p1a: Jirachi|121\/341|[from] Stealth Rock
|switch|p2a: Florges|Florges, F|360\/360
|-damage|p2a: Florges|315\/360|[from] Stealth Rock
|
|-heal|p1a: Jirachi|142\/341|[from] item: Leftovers
|-heal|p2a: Florges|337\/360|[from] item: Leftovers
|turn|23
|c| dingbat|i luv the aids tier
|c|+Kushalos|why not just
|
|move|p2a: Florges|Protect|p2a: Florges
|-singleturn|p2a: Florges|Protect
|move|p1a: Jirachi|Iron Head|p2a: Florges
|-activate|p2a: Florges|Protect
|
|-heal|p1a: Jirachi|163\/341|[from] item: Leftovers
|-heal|p2a: Florges|359\/360|[from] item: Leftovers
|turn|24
|c|+Kushalos|U-turn
|
|switch|p2a: Mienshao|Mienshao, M|271\/271
|-damage|p2a: Mienshao|255\/271|[from] Stealth Rock
|move|p1a: Jirachi|Iron Head|p2a: Mienshao
|-damage|p2a: Mienshao|86\/271
|
|-heal|p1a: Jirachi|184\/341|[from] item: Leftovers
|turn|25
|
|move|p2a: Mienshao|High Jump Kick|p1a: Jirachi
|-damage|p1a: Jirachi|0 fnt
|faint|p1a: Jirachi
|
|c|+Kushalos|you kinda
|join|Riles
|c|+Kushalos|just lose
|
|switch|p1a: Victini|Victini|185\/341
|-damage|p1a: Victini|100\/341|[from] Stealth Rock
|turn|26
|c|âbouff|ugh
|c|+Kushalos|to this
|c|âbouff|i hate voltturn
|c|âbouff|so much
|c|+Kushalos|unless
|join|ah yueah
|c|âbouff|miss
|
|move|p2a: Mienshao|High Jump Kick|p1a: Victini
|-resisted|p1a: Victini
|-damage|p1a: Victini|0 fnt
|faint|p1a: Victini
|
|c|+Kushalos|miss
|c|âbouff|fuk
|
|switch|p1a: Blastoise|Blastoise-Mega, F|186\/333
|-damage|p1a: Blastoise|145\/333|[from] Stealth Rock
|turn|27
|
|switch|p2a: Florges|Florges, F|359\/360
|-damage|p2a: Florges|314\/360|[from] Stealth Rock
|move|p1a: Blastoise|Hydro Pump|p2a: Florges
|-crit|p2a: Florges
|-damage|p2a: Florges|109\/360
|
|-heal|p2a: Florges|131\/360|[from] item: Leftovers
|turn|28
|c| dingbat|BOP
|c|âHairy Toenail|k
|
|move|p1a: Blastoise|Hydro Pump|p2a: Florges
|-damage|p2a: Florges|0 fnt
|faint|p2a: Florges
|
|c| dingbat|CRIT
|c| dingbat|AGAIN
|c| dingbat|oh
|c|âHairy Toenail|jesus
|
|switch|p2a: Raikou|Raikou|89\/322
|-damage|p2a: Raikou|49\/322|[from] Stealth Rock
|-ability|p2a: Raikou|Pressure
|turn|29
|
|move|p2a: Raikou|Volt Switch|p1a: Blastoise
|-supereffective|p1a: Blastoise
|-damage|p1a: Blastoise|0 fnt
|faint|p1a: Blastoise
|
|switch|p2a: Mienshao|Mienshao, M|176\/271
|-damage|p2a: Mienshao|160\/271|[from] Stealth Rock
|
|
|switch|p1a: Hydreigon|Hydreigon, M|96\/325
|-damage|p1a: Hydreigon|56\/325|[from] Stealth Rock
|turn|30
|
|move|p2a: Mienshao|U-turn|p1a: Hydreigon
|-supereffective|p1a: Hydreigon
|-damage|p1a: Hydreigon|0 fnt
|faint|p1a: Hydreigon
|
|win|Hairy Toenail
|raw|Ladder updating...
|raw|bouff's rating: 1634 &rarr; <strong>1609<\/strong><br \/>(-25 for losing)
|raw|Hairy Toenail's rating: 1544 &rarr; <strong>1569<\/strong><br \/>(+25 for winning)
|c|âbouff|sigh
|c|âHairy Toenail|gg
|c|âbouff|no
|c|+Kushalos|from a 3-6
|leave|bouff
|player|p1
|leave|dingbat
|c|+Kushalos|to a 0-2
|c|âHairy Toenail|m ok
|c|âHairy Toenail|lol
|c|+Kushalos|not bad
|c|âHairy Toenail|ty fren
|leave|Kushalos
|leave|ah yueah
|leave|PrettySmallDick
|leave|Hairy Toenail
|player|p2
|join|Hairy Toenail