|join|Arizona Iced T-Tar
|join|hairy toenail
|player|p1|Arizona Iced T-Tar|2
|player|p2|hairy toenail|147
|gametype|singles
|gen|6
|tier|UU
|rated
|rule|Sleep Clause Mod: Limit one foe put to sleep
|rule|Species Clause: Limit one of each PokÃ©mon
|rule|OHKO Clause: OHKO moves are banned
|rule|Moody Clause: Moody is banned
|rule|Evasion Moves Clause: Evasion moves are banned
|rule|Endless Battle Clause: Forcing endless battles is banned
|rule|HP Percentage Mod: HP is shown in percentages
|clearpoke
|poke|p1|Porygon-Z
|poke|p1|Celebi
|poke|p1|Arcanine, F
|poke|p1|Blastoise, M
|poke|p1|Honchkrow, F
|poke|p1|Lucario, F
|poke|p2|Goodra, M
|poke|p2|Blastoise, M
|poke|p2|Nidoqueen, F
|poke|p2|Jirachi
|poke|p2|Hydreigon, F
|poke|p2|Fletchinder, F
|rule|Swagger Clause: Swagger is banned
|rule|Baton Pass Clause: Limit one PokÃ©mon knowing Baton Pass
|teampreview
|c|âhairy toenail|glhf
|c|âArizona Iced T-Tar|u2
|join|Eyan
|join|Tyler0
|join|Truth In Lies
|
|start
|switch|p1a: Blastoise|Blastoise, M|362\/362
|switch|p2a: Goodra|Goodra, M|338\/338
|turn|1
|
|switch|p1a: Lucario|Lucario, F|281\/281
|move|p2a: Goodra|Power Whip|p1a: Lucario
|-resisted|p1a: Lucario
|-damage|p1a: Lucario|161\/281
|
|turn|2
|
|switch|p2a: Nidoqueen|Nidoqueen, F|362\/362
|move|p1a: Lucario|Close Combat|p2a: Nidoqueen
|-resisted|p2a: Nidoqueen
|-damage|p2a: Nidoqueen|206\/362
|-unboost|p1a: Lucario|def|1
|-unboost|p1a: Lucario|spd|1
|-damage|p1a: Lucario|133\/281|[from] item: Life Orb
|
|turn|3
|
|move|p1a: Lucario|Ice Punch|p2a: Nidoqueen
|-crit|p2a: Nidoqueen
|-supereffective|p2a: Nidoqueen
|-damage|p2a: Nidoqueen|0 fnt
|-damage|p1a: Lucario|105\/281|[from] item: Life Orb
|faint|p2a: Nidoqueen
|
|
|switch|p2a: Jirachi|Jirachi|404\/404
|turn|4
|
|switch|p1a: Arcanine|Arcanine, F|384\/384
|-ability|p1a: Arcanine|Intimidate|[of] p2a: Jirachi
|-unboost|p2a: Jirachi|atk|1
|move|p2a: Jirachi|Substitute|p2a: Jirachi
|-start|p2a: Jirachi|Substitute
|-damage|p2a: Jirachi|303\/404
|
|-heal|p2a: Jirachi|328\/404|[from] item: Leftovers
|turn|5
|
|move|p2a: Jirachi|Toxic|p1a: Arcanine
|-status|p1a: Arcanine|tox
|move|p1a: Arcanine|Flamethrower|p2a: Jirachi
|-supereffective|p2a: Jirachi
|-end|p2a: Jirachi|Substitute
|
|-heal|p2a: Jirachi|353\/404|[from] item: Leftovers
|-damage|p1a: Arcanine|360\/384 tox|[from] psn
|turn|6
|
|switch|p2a: Hydreigon|Hydreigon, F|325\/325
|move|p1a: Arcanine|Flamethrower|p2a: Hydreigon
|-resisted|p2a: Hydreigon
|-damage|p2a: Hydreigon|271\/325
|
|-damage|p1a: Arcanine|312\/384 tox|[from] psn
|turn|7
|
|move|p2a: Hydreigon|U-turn|p1a: Arcanine
|-resisted|p1a: Arcanine
|-damage|p1a: Arcanine|292\/384 tox
|-damage|p2a: Hydreigon|217\/325|[from] item: Rocky Helmet|[of] p1a: Arcanine
|
|switch|p2a: Blastoise|Blastoise, M|347\/347
|move|p1a: Arcanine|Will-O-Wisp|p2a: Blastoise
|-status|p2a: Blastoise|brn
|
|-damage|p1a: Arcanine|220\/384 tox|[from] psn
|-damage|p2a: Blastoise|304\/347 brn|[from] brn
|turn|8
|
|switch|p1a: Celebi|Celebi|404\/404
|detailschange|p2a: Blastoise|Blastoise-Mega, M
|message|Blastoise has Mega Evolved into Mega Blastoise!
|move|p2a: Blastoise|Dark Pulse|p1a: Celebi
|-supereffective|p1a: Celebi
|-damage|p1a: Celebi|176\/404
|
|-heal|p1a: Celebi|201\/404|[from] item: Leftovers
|-damage|p2a: Blastoise|261\/347 brn|[from] brn
|turn|9
|
|switch|p2a: Goodra|Goodra, M|338\/338
|move|p1a: Celebi|Giga Drain|p2a: Goodra
|-boost|p2a: Goodra|atk|1|[from] ability: Sap Sipper
|
|-heal|p1a: Celebi|226\/404|[from] item: Leftovers
|turn|10
|
|move|p1a: Celebi|Toxic|p2a: Goodra|[miss]
|-miss|p1a: Celebi|p2a: Goodra
|move|p2a: Goodra|Outrage|p1a: Celebi
|-damage|p1a: Celebi|0 fnt
|faint|p1a: Celebi
|
|
|switch|p1a: Arcanine|Arcanine, F|220\/384 tox
|-ability|p1a: Arcanine|Intimidate|[of] p2a: Goodra
|-unboost|p2a: Goodra|atk|1
|turn|11
|
|move|p2a: Goodra|Outrage|p1a: Arcanine
|-damage|p1a: Arcanine|0 fnt
|-damage|p2a: Goodra|282\/338|[from] item: Rocky Helmet|[of] p1a: Arcanine
|faint|p1a: Arcanine
|
|
|switch|p1a: Honchkrow|Honchkrow, F|341\/341
|turn|12
|
|move|p1a: Honchkrow|Sucker Punch|p2a: Goodra
|-damage|p2a: Goodra|29\/338
|-damage|p1a: Honchkrow|307\/341|[from] item: Life Orb
|move|p2a: Goodra|Outrage|p1a: Honchkrow
|-damage|p1a: Honchkrow|0 fnt
|faint|p1a: Honchkrow
|
|-end|p2a: Goodra|rampage
|-start|p2a: Goodra|confusion
|
|switch|p1a: Lucario|Lucario, F|105\/281
|turn|13
|
|move|p1a: Lucario|Bullet Punch|p2a: Goodra
|-damage|p2a: Goodra|0 fnt
|-damage|p1a: Lucario|77\/281|[from] item: Life Orb
|faint|p2a: Goodra
|
|
|switch|p2a: Fletchinder|Fletchinder, F|291\/291
|turn|14
|
|switch|p1a: Blastoise|Blastoise, M|362\/362
|move|p2a: Fletchinder|Acrobatics|p1a: Blastoise
|-crit|p1a: Blastoise
|-damage|p1a: Blastoise|125\/362
|
|turn|15
|
|detailschange|p1a: Blastoise|Blastoise-Mega, M
|message|Blastoise has Mega Evolved into Mega Blastoise!
|move|p2a: Fletchinder|Acrobatics|p1a: Blastoise
|-damage|p1a: Blastoise|5\/362
|move|p1a: Blastoise|Water Pulse|p2a: Fletchinder
|-supereffective|p2a: Fletchinder
|-damage|p2a: Fletchinder|0 fnt
|faint|p2a: Fletchinder
|
|
|switch|p2a: Hydreigon|Hydreigon, F|217\/325
|turn|16
|
|move|p2a: Hydreigon|U-turn|p1a: Blastoise
|-damage|p1a: Blastoise|0 fnt
|faint|p1a: Blastoise
|
|switch|p2a: Jirachi|Jirachi|353\/404
|
|-heal|p2a: Jirachi|378\/404|[from] item: Leftovers
|
|switch|p1a: Lucario|Lucario, F|77\/281
|turn|17
|
|move|p2a: Jirachi|Fire Punch|p1a: Lucario
|-supereffective|p1a: Lucario
|-damage|p1a: Lucario|0 fnt
|faint|p1a: Lucario
|
|-heal|p2a: Jirachi|403\/404|[from] item: Leftovers
|
|switch|p1a: Porygon-Z|Porygon-Z|312\/312
|turn|18
|
|move|p2a: Jirachi|Iron Head|p1a: Porygon-Z
|-damage|p1a: Porygon-Z|191\/312
|cant|p1a: Porygon-Z|flinch
|
|-heal|p2a: Jirachi|404\/404|[from] item: Leftovers
|turn|19
|
|move|p2a: Jirachi|Iron Head|p1a: Porygon-Z
|-damage|p1a: Porygon-Z|64\/312
|move|p1a: Porygon-Z|Tri Attack|p2a: Jirachi
|-resisted|p2a: Jirachi
|-damage|p2a: Jirachi|236\/404
|
|-heal|p2a: Jirachi|261\/404|[from] item: Leftovers
|turn|20
|
|move|p2a: Jirachi|Iron Head|p1a: Porygon-Z
|-damage|p1a: Porygon-Z|0 fnt
|faint|p1a: Porygon-Z
|
|win|hairy toenail
|raw|Ladder updating...
|raw|Arizona Iced T-Tar's rating: 1471 &rarr; <strong>1457<\/strong><br \/>(-14 for losing)
|raw|hairy toenail's rating: 1594 &rarr; <strong>1607<\/strong><br \/>(+13 for winning)
|c|âhairy toenail|gg
|leave|Arizona Iced T-Tar
|player|p1
|leave|hairy toenail
|player|p2