|join|hairy toenail
|join|free garchomp 2011
|player|p1|hairy toenail|147
|player|p2|free garchomp 2011|265
|gametype|singles
|gen|6
|tier|UU
|rated
|rule|Sleep Clause Mod: Limit one foe put to sleep
|rule|Species Clause: Limit one of each PokÃ©mon
|rule|OHKO Clause: OHKO moves are banned
|rule|Moody Clause: Moody is banned
|rule|Evasion Moves Clause: Evasion moves are banned
|rule|Endless Battle Clause: Forcing endless battles is banned
|rule|HP Percentage Mod: HP is shown in percentages
|clearpoke
|poke|p1|Zygarde
|poke|p1|Whimsicott, M
|poke|p1|Suicune
|poke|p1|Crobat, M
|poke|p1|Jirachi
|poke|p1|Krookodile, F
|poke|p2|Raikou
|poke|p2|Mienshao, F
|poke|p2|Suicune, shiny
|poke|p2|Hippowdon, F
|poke|p2|Abomasnow, F
|poke|p2|Forretress, F
|rule|Swagger Clause: Swagger is banned
|rule|Baton Pass Clause: Limit one PokÃ©mon knowing Baton Pass
|teampreview
|c|âhairy toenail|glhf
|c|âfree garchomp 2011|u2
|
|start
|switch|p1a: Cunalak|Suicune|404\/404
|switch|p2a: Raikou|Raikou|321\/321
|-ability|p2a: Raikou|Pressure
|-ability|p1a: Cunalak|Pressure
|turn|1
|
|move|p2a: Raikou|Hidden Power|p1a: Cunalak
|-resisted|p1a: Cunalak
|-damage|p1a: Cunalak|362\/404
|move|p1a: Cunalak|Scald|p2a: Raikou
|-damage|p2a: Raikou|225\/321
|
|-heal|p1a: Cunalak|387\/404|[from] item: Leftovers
|turn|2
|
|switch|p1a: Squad|Krookodile, F|335\/335
|-ability|p1a: Squad|Intimidate|[of] p2a: Raikou
|-unboost|p2a: Raikou|atk|1
|move|p2a: Raikou|Hidden Power|p1a: Squad
|-supereffective|p1a: Squad
|-damage|p1a: Squad|75\/335
|
|turn|3
|
|switch|p2a: Mienshao|Mienshao, F|271\/271
|switch|p1a: Make a Wish|Jirachi|341\/341
|
|turn|4
|
|switch|p1a: Bro...|Crobat, M|337\/337
|move|p2a: Mienshao|U-turn|p1a: Bro...
|-resisted|p1a: Bro...
|-damage|p1a: Bro...|315\/337
|
|switch|p2a: Suicune|Suicune, shiny|404\/404
|-ability|p2a: Suicune|Pressure
|
|-heal|p1a: Bro...|336\/337|[from] item: Black Sludge
|turn|5
|
|move|p1a: Bro...|U-turn|p2a: Suicune
|-damage|p2a: Suicune|367\/404
|
|switch|p1a: Squad|Krookodile, F|75\/335
|-ability|p1a: Squad|Intimidate|[of] p2a: Suicune
|-unboost|p2a: Suicune|atk|1
|move|p2a: Suicune|Scald|p1a: Squad
|-supereffective|p1a: Squad
|-damage|p1a: Squad|0 fnt
|faint|p1a: Squad
|
|-heal|p2a: Suicune|392\/404|[from] item: Leftovers
|
|switch|p1a: Just a Whim|Whimsicott, M|261\/261
|turn|6
|
|switch|p2a: Forretress|Forretress, F|353\/353
|move|p1a: Just a Whim|Giga Drain|p2a: Forretress
|-resisted|p2a: Forretress
|-damage|p2a: Forretress|329\/353
|
|-heal|p2a: Forretress|351\/353|[from] item: Leftovers
|turn|7
|
|move|p1a: Just a Whim|U-turn|p2a: Forretress
|-resisted|p2a: Forretress
|-damage|p2a: Forretress|337\/353
|
|switch|p1a: Cunalak|Suicune|387\/404
|-ability|p1a: Cunalak|Pressure
|move|p2a: Forretress|Gyro Ball|p1a: Cunalak
|-resisted|p1a: Cunalak
|-damage|p1a: Cunalak|348\/404
|
|-heal|p1a: Cunalak|373\/404|[from] item: Leftovers
|-heal|p2a: Forretress|353\/353|[from] item: Leftovers
|turn|8
|
|move|p1a: Cunalak|Substitute|p1a: Cunalak
|-start|p1a: Cunalak|Substitute
|-damage|p1a: Cunalak|272\/404
|move|p2a: Forretress|Spikes|p1a: Cunalak
|-sidestart|p1: hairy toenail|Spikes
|
|-heal|p1a: Cunalak|297\/404|[from] item: Leftovers
|turn|9
|
|move|p1a: Cunalak|Calm Mind|p1a: Cunalak
|-boost|p1a: Cunalak|spa|1
|-boost|p1a: Cunalak|spd|1
|move|p2a: Forretress|Volt Switch|p1a: Cunalak
|-supereffective|p1a: Cunalak
|-activate|p1a: Cunalak|Substitute|[damage]
|
|switch|p2a: Raikou|Raikou|225\/321
|-ability|p2a: Raikou|Pressure
|
|-heal|p1a: Cunalak|322\/404|[from] item: Leftovers
|turn|10
|
|move|p2a: Raikou|Thunderbolt|p1a: Cunalak
|-supereffective|p1a: Cunalak
|-end|p1a: Cunalak|Substitute
|move|p1a: Cunalak|Substitute|p1a: Cunalak
|-start|p1a: Cunalak|Substitute
|-damage|p1a: Cunalak|221\/404
|
|-heal|p1a: Cunalak|246\/404|[from] item: Leftovers
|turn|11
|
|move|p2a: Raikou|Thunderbolt|p1a: Cunalak
|-supereffective|p1a: Cunalak
|-end|p1a: Cunalak|Substitute
|move|p1a: Cunalak|Scald|p2a: Raikou
|-damage|p2a: Raikou|78\/321
|
|-heal|p1a: Cunalak|271\/404|[from] item: Leftovers
|turn|12
|
|switch|p2a: Abomasnow|Abomasnow, F|381\/381
|switch|p1a: Ziggy Izalea|Zygarde|357\/357
|-damage|p1a: Ziggy Izalea|313\/357|[from] Spikes
|-ability|p1a: Ziggy Izalea|Aura Break
|
|turn|13
|
|switch|p1a: Make a Wish|Jirachi|341\/341
|-damage|p1a: Make a Wish|299\/341|[from] Spikes
|detailschange|p2a: Abomasnow|Abomasnow-Mega, F
|-mega|p2a: Abomasnow|Abomasnow|Abomasite
|-weather|Hail
|move|p2a: Abomasnow|Earthquake|p1a: Make a Wish
|-supereffective|p1a: Make a Wish
|-damage|p1a: Make a Wish|17\/341
|
|-weather|Hail|[upkeep]
|-damage|p1a: Make a Wish|0 fnt|[from] hail
|faint|p1a: Make a Wish
|
|switch|p1a: Bro...|Crobat, M|336\/337
|turn|14
|
|switch|p2a: Forretress|Forretress, F|353\/353
|move|p1a: Bro...|Brave Bird|p2a: Forretress
|-damage|p2a: Forretress|239\/353
|-damage|p1a: Bro...|298\/337|[from] recoil|[of] p2a: Forretress
|
|-weather|Hail|[upkeep]
|-damage|p1a: Bro...|277\/337|[from] hail
|-damage|p2a: Forretress|217\/353|[from] hail
|-heal|p1a: Bro...|298\/337|[from] item: Black Sludge
|-heal|p2a: Forretress|239\/353|[from] item: Leftovers
|turn|15
|
|move|p1a: Bro...|Defog|p2a: Forretress
|-unboost|p2a: Forretress|evasion|1
|-sideend|p1: hairy toenail|Spikes|[from] move: Defog|[of] p1a: Bro...
|move|p2a: Forretress|Volt Switch|p1a: Bro...
|-supereffective|p1a: Bro...
|-damage|p1a: Bro...|204\/337
|
|switch|p2a: Suicune|Suicune, shiny|392\/404
|-ability|p2a: Suicune|Pressure
|
|-weather|Hail|[upkeep]
|-damage|p1a: Bro...|183\/337|[from] hail
|-damage|p2a: Suicune|367\/404|[from] hail
|-heal|p1a: Bro...|204\/337|[from] item: Black Sludge
|-heal|p2a: Suicune|392\/404|[from] item: Leftovers
|turn|16
|
|move|p1a: Bro...|U-turn|p2a: Suicune
|-damage|p2a: Suicune|348\/404
|
|switch|p1a: Just a Whim|Whimsicott, M|261\/261
|move|p2a: Suicune|Scald|p1a: Just a Whim
|-resisted|p1a: Just a Whim
|-damage|p1a: Just a Whim|202\/261
|
|-weather|Hail|[upkeep]
|-damage|p1a: Just a Whim|186\/261|[from] hail
|-damage|p2a: Suicune|323\/404|[from] hail
|-heal|p1a: Just a Whim|202\/261|[from] item: Leftovers
|-heal|p2a: Suicune|348\/404|[from] item: Leftovers
|turn|17
|
|move|p1a: Just a Whim|U-turn|p2a: Suicune
|-damage|p2a: Suicune|323\/404
|
|switch|p1a: Cunalak|Suicune|271\/404
|-ability|p1a: Cunalak|Pressure
|move|p2a: Suicune|Scald|p1a: Cunalak
|-resisted|p1a: Cunalak
|-damage|p1a: Cunalak|231\/404
|
|-weather|none
|-heal|p1a: Cunalak|256\/404|[from] item: Leftovers
|-heal|p2a: Suicune|348\/404|[from] item: Leftovers
|turn|18
|
|switch|p2a: Hippowdon|Hippowdon, F|419\/419
|-weather|Sandstorm
|move|p1a: Cunalak|Substitute|p1a: Cunalak
|-start|p1a: Cunalak|Substitute
|-damage|p1a: Cunalak|155\/404
|
|-weather|Sandstorm|[upkeep]
|-damage|p1a: Cunalak|130\/404|[from] sandstorm
|-heal|p1a: Cunalak|155\/404|[from] item: Leftovers
|turn|19
|
|move|p1a: Cunalak|Scald|p2a: Hippowdon
|-supereffective|p2a: Hippowdon
|-damage|p2a: Hippowdon|219\/419
|move|p2a: Hippowdon|Stealth Rock|p1a: Cunalak
|-sidestart|p1: hairy toenail|move: Stealth Rock
|
|-weather|Sandstorm|[upkeep]
|-damage|p1a: Cunalak|130\/404|[from] sandstorm
|-heal|p1a: Cunalak|155\/404|[from] item: Leftovers
|-heal|p2a: Hippowdon|245\/419|[from] item: Leftovers
|turn|20
|
|move|p1a: Cunalak|Calm Mind|p1a: Cunalak
|-boost|p1a: Cunalak|spa|1
|-boost|p1a: Cunalak|spd|1
|move|p2a: Hippowdon|Whirlwind|p1a: Cunalak
|drag|p1a: Just a Whim|Whimsicott, M|202\/261
|-damage|p1a: Just a Whim|170\/261|[from] Stealth Rock
|
|-weather|Sandstorm|[upkeep]
|-damage|p1a: Just a Whim|154\/261|[from] sandstorm
|-heal|p1a: Just a Whim|170\/261|[from] item: Leftovers
|-heal|p2a: Hippowdon|271\/419|[from] item: Leftovers
|turn|21
|
|switch|p2a: Forretress|Forretress, F|239\/353
|move|p1a: Just a Whim|U-turn|p2a: Forretress
|-resisted|p2a: Forretress
|-damage|p2a: Forretress|226\/353
|c|âfree garchomp 2011|dang
|
|switch|p1a: Cunalak|Suicune|155\/404
|-damage|p1a: Cunalak|105\/404|[from] Stealth Rock
|-ability|p1a: Cunalak|Pressure
|
|-weather|Sandstorm|[upkeep]
|-damage|p1a: Cunalak|80\/404|[from] sandstorm
|-heal|p1a: Cunalak|105\/404|[from] item: Leftovers
|-heal|p2a: Forretress|248\/353|[from] item: Leftovers
|turn|22
|
|move|p1a: Cunalak|Scald|p2a: Forretress
|-damage|p2a: Forretress|136\/353
|move|p2a: Forretress|Volt Switch|p1a: Cunalak
|-supereffective|p1a: Cunalak
|-damage|p1a: Cunalak|33\/404
|
|switch|p2a: Mienshao|Mienshao, F|271\/271
|
|-weather|none
|-heal|p1a: Cunalak|58\/404|[from] item: Leftovers
|turn|23
|
|move|p2a: Mienshao|Knock Off|p1a: Cunalak
|-damage|p1a: Cunalak|0 fnt
|-enditem|p1a: Cunalak|Leftovers|[from] move: Knock Off|[of] p2a: Mienshao
|faint|p1a: Cunalak
|
|
|switch|p1a: Ziggy Izalea|Zygarde|313\/357
|-damage|p1a: Ziggy Izalea|291\/357|[from] Stealth Rock
|-ability|p1a: Ziggy Izalea|Aura Break
|turn|24
|
|move|p2a: Mienshao|Knock Off|p1a: Ziggy Izalea
|-damage|p1a: Ziggy Izalea|187\/357
|-enditem|p1a: Ziggy Izalea|Life Orb|[from] move: Knock Off|[of] p2a: Mienshao
|move|p1a: Ziggy Izalea|Dragon Dance|p1a: Ziggy Izalea
|-boost|p1a: Ziggy Izalea|atk|1
|-boost|p1a: Ziggy Izalea|spe|1
|
|turn|25
|
|switch|p2a: Hippowdon|Hippowdon, F|271\/419
|-weather|Sandstorm
|move|p1a: Ziggy Izalea|Dragon Dance|p1a: Ziggy Izalea
|-boost|p1a: Ziggy Izalea|atk|1
|-boost|p1a: Ziggy Izalea|spe|1
|
|-weather|Sandstorm|[upkeep]
|-heal|p2a: Hippowdon|297\/419|[from] item: Leftovers
|turn|26
|
|move|p1a: Ziggy Izalea|Earthquake|p2a: Hippowdon
|-damage|p2a: Hippowdon|20\/419
|move|p2a: Hippowdon|Whirlwind|p1a: Ziggy Izalea
|drag|p1a: Bro...|Crobat, M|204\/337
|-damage|p1a: Bro...|120\/337|[from] Stealth Rock
|
|-weather|Sandstorm|[upkeep]
|-damage|p1a: Bro...|99\/337|[from] sandstorm
|-heal|p1a: Bro...|120\/337|[from] item: Black Sludge
|-heal|p2a: Hippowdon|46\/419|[from] item: Leftovers
|turn|27
|
|move|p1a: Bro...|Roost|p1a: Bro...
|-heal|p1a: Bro...|289\/337
|move|p2a: Hippowdon|Earthquake|p1a: Bro...
|-supereffective|p1a: Bro...
|-damage|p1a: Bro...|0 fnt
|faint|p1a: Bro...
|
|-weather|Sandstorm|[upkeep]
|-heal|p2a: Hippowdon|72\/419|[from] item: Leftovers
|
|switch|p1a: Just a Whim|Whimsicott, M|170\/261
|-damage|p1a: Just a Whim|138\/261|[from] Stealth Rock
|turn|28
|
|switch|p2a: Forretress|Forretress, F|136\/353
|move|p1a: Just a Whim|Moonblast|p2a: Forretress
|-resisted|p2a: Forretress
|-damage|p2a: Forretress|81\/353
|-unboost|p2a: Forretress|spa|1
|
|-weather|Sandstorm|[upkeep]
|-damage|p1a: Just a Whim|122\/261|[from] sandstorm
|-heal|p1a: Just a Whim|138\/261|[from] item: Leftovers
|-heal|p2a: Forretress|103\/353|[from] item: Leftovers
|turn|29
|
|move|p1a: Just a Whim|Moonblast|p2a: Forretress
|-resisted|p2a: Forretress
|-damage|p2a: Forretress|39\/353
|move|p2a: Forretress|Gyro Ball|p1a: Just a Whim
|-crit|p1a: Just a Whim
|-supereffective|p1a: Just a Whim
|-damage|p1a: Just a Whim|0 fnt
|faint|p1a: Just a Whim
|
|-weather|none
|-heal|p2a: Forretress|61\/353|[from] item: Leftovers
|
|switch|p1a: Ziggy Izalea|Zygarde|187\/357
|-damage|p1a: Ziggy Izalea|165\/357|[from] Stealth Rock
|-ability|p1a: Ziggy Izalea|Aura Break
|turn|30
|
|switch|p2a: Abomasnow|Abomasnow-Mega, F|381\/381
|-weather|Hail
|move|p1a: Ziggy Izalea|Earthquake|p2a: Abomasnow
|-resisted|p2a: Abomasnow
|-damage|p2a: Abomasnow|315\/381
|
|-weather|Hail|[upkeep]
|-damage|p1a: Ziggy Izalea|143\/357|[from] hail
|turn|31
|
|move|p2a: Abomasnow|Ice Shard|p1a: Ziggy Izalea
|-supereffective|p1a: Ziggy Izalea
|-damage|p1a: Ziggy Izalea|0 fnt
|faint|p1a: Ziggy Izalea
|
|win|free garchomp 2011
|raw|Ladder updating...
|c|âfree garchomp 2011|gg
|raw|hairy toenail's rating: 1592 &rarr; <strong>1560<\/strong><br \/>(-32 for losing)
|raw|free garchomp 2011's rating: 1345 &rarr; <strong>1378<\/strong><br \/>(+33 for winning)
|c|âhairy toenail|gg
|leave|hairy toenail
|player|p1