|join|dingbat
|join|hairy toenail
|player|p1|dingbat|3
|player|p2|hairy toenail|147
|gametype|singles
|gen|6
|tier|UU
|rated
|rule|Sleep Clause Mod: Limit one foe put to sleep
|rule|Species Clause: Limit one of each PokÃ©mon
|rule|OHKO Clause: OHKO moves are banned
|rule|Moody Clause: Moody is banned
|rule|Evasion Moves Clause: Evasion moves are banned
|rule|Endless Battle Clause: Forcing endless battles is banned
|rule|HP Percentage Mod: HP is shown in percentages
|clearpoke
|poke|p1|Alakazam, M
|poke|p1|Tentacruel, F
|poke|p1|Chesnaught, M
|poke|p1|Sableye, M
|poke|p1|Rhyperior, M
|poke|p1|Florges, F
|poke|p2|Hydreigon, M
|poke|p2|Whimsicott, F
|poke|p2|Toxicroak, F
|poke|p2|Dugtrio, M
|poke|p2|Blastoise, F
|poke|p2|Jirachi
|rule|Swagger Clause: Swagger is banned
|rule|Baton Pass Clause: Limit one PokÃ©mon knowing Baton Pass
|teampreview
|join|Eyan
|join|Exeggutor
|c|âhairy toenail|glhf
|c|âdingbat|u22222
|leave|Exeggutor
|join|Tyler0
|c|âhairy toenail|oh hey
|
|start
|switch|p1a: Sableye|Sableye, M|303\/303
|switch|p2a: P.I.M.P|Blastoise, F|349\/349
|turn|1
|
|detailschange|p2a: P.I.M.P|Blastoise-Mega, F
|message|Blastoise has Mega Evolved into Mega Blastoise!
|move|p1a: Sableye|Will-O-Wisp|p2a: P.I.M.P
|-status|p2a: P.I.M.P|brn
|move|p2a: P.I.M.P|Scald|p1a: Sableye
|-damage|p1a: Sableye|144\/303
|
|-heal|p1a: Sableye|162\/303|[from] item: Leftovers
|-damage|p2a: P.I.M.P|306\/349 brn|[from] brn
|turn|2
|
|switch|p2a: King Cotton|Whimsicott, F|261\/261
|switch|p1a: Florges|Florges, F|360\/360
|
|turn|3
|
|switch|p1a: Tentacruel|Tentacruel, F|364\/364
|move|p2a: King Cotton|U-turn|p1a: Tentacruel
|-resisted|p1a: Tentacruel
|-damage|p1a: Tentacruel|348\/364
|join|epic4eternity
|join|Truth In Lies
|
|switch|p2a: Penis Mole|Dugtrio, M|211\/211
|
|-heal|p1a: Tentacruel|364\/364|[from] item: Black Sludge
|turn|4
|c| Tyler0|Kreme
|c| Tyler0|Pony is still around
|c|âdingbat|IN
|c|âdingbat|IN
|c|âdingbat|IN
|c|âdingbat|IN
|c|âdingbat|IN
|c| Tyler0|And we're at the elite for
|c| Tyler0|Four*
|
|move|p2a: Penis Mole|Earthquake|p1a: Tentacruel
|-supereffective|p1a: Tentacruel
|-damage|p1a: Tentacruel|68\/364
|-damage|p2a: Penis Mole|190\/211|[from] item: Life Orb
|move|p1a: Tentacruel|Scald|p2a: Penis Mole
|-supereffective|p2a: Penis Mole
|-damage|p2a: Penis Mole|0 fnt
|faint|p2a: Penis Mole
|
|-heal|p1a: Tentacruel|90\/364|[from] item: Black Sludge
|join|Exeggutor
|c| Truth In Lies|Not even bad
|c|âdingbat|nice
|c|âdingbat|KO
|c|âdingbat|LOOOOOOOOL
|join|I<3Magikarp
|
|switch|p2a: Ribbit|Toxicroak, F|307\/307
|turn|5
|
|switch|p1a: Rhyperior|Rhyperior, M|434\/434
|move|p2a: Ribbit|Gunk Shot|p1a: Rhyperior
|-resisted|p1a: Rhyperior
|-damage|p1a: Rhyperior|394\/434
|-damage|p2a: Ribbit|277\/307|[from] item: Life Orb
|
|-heal|p1a: Rhyperior|421\/434|[from] item: Leftovers
|turn|6
|c|âdingbat|9.2%
|
|switch|p2a: King Cotton|Whimsicott, F|261\/261
|move|p1a: Rhyperior|Stealth Rock|p2a: King Cotton
|-sidestart|p2: hairy toenail|move: Stealth Rock
|
|-heal|p1a: Rhyperior|434\/434|[from] item: Leftovers
|turn|7
|
|switch|p1a: Florges|Florges, F|360\/360
|move|p2a: King Cotton|Giga Drain|p1a: Florges
|-damage|p1a: Florges|303\/360
|
|-heal|p1a: Florges|325\/360|[from] item: Leftovers
|turn|8
|
|move|p2a: King Cotton|U-turn|p1a: Florges
|-resisted|p1a: Florges
|-damage|p1a: Florges|308\/360
|
|switch|p2a: Hnnnggg|Jirachi|403\/403
|-damage|p2a: Hnnnggg|378\/403|[from] Stealth Rock
|move|p1a: Florges|Wish|p1a: Florges
|
|-heal|p2a: Hnnnggg|403\/403|[from] item: Leftovers
|-heal|p1a: Florges|330\/360|[from] item: Leftovers
|turn|9
|
|switch|p1a: Tentacruel|Tentacruel, F|90\/364
|move|p2a: Hnnnggg|Stealth Rock|p1a: Tentacruel
|-sidestart|p1: dingbat|move: Stealth Rock
|
|-heal|p1a: Tentacruel|270\/364|[from] move: Wish|[wisher] Florges
|-heal|p1a: Tentacruel|292\/364|[from] item: Black Sludge
|turn|10
|join|trinitrotoluene â¥
|
|move|p2a: Hnnnggg|U-turn|p1a: Tentacruel
|-resisted|p1a: Tentacruel
|-damage|p1a: Tentacruel|267\/364
|
|switch|p2a: Ribbit|Toxicroak, F|277\/307
|-damage|p2a: Ribbit|258\/307|[from] Stealth Rock
|move|p1a: Tentacruel|Rapid Spin|p2a: Ribbit
|-damage|p2a: Ribbit|244\/307
|-sideend|p1: dingbat|Stealth Rock|[from] move: Rapid Spin|[of] p1a: Tentacruel
|
|-heal|p1a: Tentacruel|289\/364|[from] item: Black Sludge
|turn|11
|
|switch|p1a: Rhyperior|Rhyperior, M|434\/434
|move|p2a: Ribbit|Drain Punch|p1a: Rhyperior
|-supereffective|p1a: Rhyperior
|-damage|p1a: Rhyperior|280\/434
|-heal|p2a: Ribbit|307\/307|[from] drain|[of] p1a: Rhyperior
|-damage|p2a: Ribbit|277\/307|[from] item: Life Orb
|
|-heal|p1a: Rhyperior|307\/434|[from] item: Leftovers
|turn|12
|
|switch|p2a: King Cotton|Whimsicott, F|261\/261
|-damage|p2a: King Cotton|229\/261|[from] Stealth Rock
|switch|p1a: Tentacruel|Tentacruel, F|289\/364
|
|-heal|p2a: King Cotton|245\/261|[from] item: Leftovers
|-heal|p1a: Tentacruel|311\/364|[from] item: Black Sludge
|turn|13
|
|move|p2a: King Cotton|Moonblast|p1a: Tentacruel
|-resisted|p1a: Tentacruel
|-damage|p1a: Tentacruel|263\/364
|-unboost|p1a: Tentacruel|spa|1
|move|p1a: Tentacruel|Acid Spray|p2a: King Cotton
|-supereffective|p2a: King Cotton
|-damage|p2a: King Cotton|121\/261
|-unboost|p2a: King Cotton|spd|2
|
|-heal|p2a: King Cotton|137\/261|[from] item: Leftovers
|-heal|p1a: Tentacruel|285\/364|[from] item: Black Sludge
|turn|14
|
|switch|p1a: Sableye|Sableye, M|162\/303
|move|p2a: King Cotton|U-turn|p1a: Sableye
|-damage|p1a: Sableye|116\/303
|c|âdingbat|whoops
|
|switch|p2a: Dr. Dreigon|Hydreigon, M|325\/325
|-damage|p2a: Dr. Dreigon|285\/325|[from] Stealth Rock
|
|-heal|p1a: Sableye|134\/303|[from] item: Leftovers
|turn|15
|c|âdingbat|Â¯\_(ã)_\/Â¯
|leave|Exeggutor
|
|switch|p1a: Florges|Florges, F|330\/360
|move|p2a: Dr. Dreigon|U-turn|p1a: Florges
|-resisted|p1a: Florges
|-damage|p1a: Florges|303\/360
|join|Cranham
|join|Exeggutor
|
|switch|p2a: Hnnnggg|Jirachi|403\/403
|-damage|p2a: Hnnnggg|378\/403|[from] Stealth Rock
|
|-heal|p2a: Hnnnggg|403\/403|[from] item: Leftovers
|-heal|p1a: Florges|325\/360|[from] item: Leftovers
|turn|16
|join|ahyueah
|
|switch|p1a: Tentacruel|Tentacruel, F|285\/364
|move|p2a: Hnnnggg|Iron Head|p1a: Tentacruel
|-resisted|p1a: Tentacruel
|-damage|p1a: Tentacruel|243\/364
|
|-heal|p1a: Tentacruel|265\/364|[from] item: Black Sludge
|turn|17
|
|move|p2a: Hnnnggg|U-turn|p1a: Tentacruel
|-resisted|p1a: Tentacruel
|-damage|p1a: Tentacruel|239\/364
|
|switch|p2a: Ribbit|Toxicroak, F|277\/307
|-damage|p2a: Ribbit|258\/307|[from] Stealth Rock
|move|p1a: Tentacruel|Toxic Spikes|p2a: Ribbit
|-sidestart|p2: hairy toenail|move: Toxic Spikes
|
|-heal|p1a: Tentacruel|261\/364|[from] item: Black Sludge
|turn|18
|leave|ahyueah
|
|switch|p1a: Sableye|Sableye, M|134\/303
|move|p2a: Ribbit|Gunk Shot|p1a: Sableye
|-resisted|p1a: Sableye
|-damage|p1a: Sableye|0 fnt
|-damage|p2a: Ribbit|228\/307|[from] item: Life Orb
|faint|p1a: Sableye
|
|c|âdingbat|dam :p
|
|switch|p1a: Rhyperior|Rhyperior, M|307\/434
|turn|19
|join|Adil
|
|switch|p2a: P.I.M.P|Blastoise-Mega, F|306\/349 brn
|-damage|p2a: P.I.M.P|263\/349 brn|[from] Stealth Rock
|move|p1a: Rhyperior|Earthquake|p2a: P.I.M.P
|-damage|p2a: P.I.M.P|121\/349 brn
|
|-heal|p1a: Rhyperior|334\/434|[from] item: Leftovers
|-damage|p2a: P.I.M.P|78\/349 brn|[from] brn
|turn|20
|
|switch|p1a: Chesnaught|Chesnaught, M|380\/380
|move|p2a: P.I.M.P|Rapid Spin|p1a: Chesnaught
|-damage|p1a: Chesnaught|374\/380
|-sideend|p2: hairy toenail|Toxic Spikes|[from] move: Rapid Spin|[of] p2a: P.I.M.P
|-sideend|p2: hairy toenail|Stealth Rock|[from] move: Rapid Spin|[of] p2a: P.I.M.P
|
|-heal|p1a: Chesnaught|380\/380|[from] item: Leftovers
|-damage|p2a: P.I.M.P|35\/349 brn|[from] brn
|turn|21
|
|move|p2a: P.I.M.P|Dragon Pulse|p1a: Chesnaught
|-damage|p1a: Chesnaught|220\/380
|move|p1a: Chesnaught|Spikes|p2a: P.I.M.P
|-sidestart|p2: hairy toenail|Spikes
|
|-heal|p1a: Chesnaught|243\/380|[from] item: Leftovers
|-damage|p2a: P.I.M.P|0 fnt|[from] brn
|faint|p2a: P.I.M.P
|
|switch|p2a: King Cotton|Whimsicott, F|137\/261
|-damage|p2a: King Cotton|105\/261|[from] Spikes
|turn|22
|
|switch|p1a: Tentacruel|Tentacruel, F|261\/364
|move|p2a: King Cotton|U-turn|p1a: Tentacruel
|-resisted|p1a: Tentacruel
|-damage|p1a: Tentacruel|245\/364
|
|switch|p2a: Ribbit|Toxicroak, F|228\/307
|-damage|p2a: Ribbit|190\/307|[from] Spikes
|
|-heal|p1a: Tentacruel|267\/364|[from] item: Black Sludge
|turn|23
|
|switch|p1a: Rhyperior|Rhyperior, M|334\/434
|move|p2a: Ribbit|Drain Punch|p1a: Rhyperior
|-supereffective|p1a: Rhyperior
|-damage|p1a: Rhyperior|153\/434
|-heal|p2a: Ribbit|281\/307|[from] drain|[of] p1a: Rhyperior
|-damage|p2a: Ribbit|251\/307|[from] item: Life Orb
|
|-heal|p1a: Rhyperior|180\/434|[from] item: Leftovers
|turn|24
|
|switch|p2a: Dr. Dreigon|Hydreigon, M|285\/325
|move|p1a: Rhyperior|Earthquake|p2a: Dr. Dreigon
|-immune|p2a: Dr. Dreigon|[msg]
|
|-heal|p1a: Rhyperior|207\/434|[from] item: Leftovers
|turn|25
|
|switch|p1a: Florges|Florges, F|325\/360
|move|p2a: Dr. Dreigon|U-turn|p1a: Florges
|-resisted|p1a: Florges
|-damage|p1a: Florges|298\/360
|
|switch|p2a: Ribbit|Toxicroak, F|251\/307
|-damage|p2a: Ribbit|213\/307|[from] Spikes
|
|-heal|p1a: Florges|320\/360|[from] item: Leftovers
|turn|26
|join|Leotias
|
|move|p2a: Ribbit|Gunk Shot|p1a: Florges
|-supereffective|p1a: Florges
|-damage|p1a: Florges|0 fnt
|-damage|p2a: Ribbit|183\/307|[from] item: Life Orb
|faint|p1a: Florges
|
|leave|epic4eternity
|
|switch|p1a: Rhyperior|Rhyperior, M|207\/434
|turn|27
|
|switch|p2a: Dr. Dreigon|Hydreigon, M|285\/325
|move|p1a: Rhyperior|Stealth Rock|p2a: Dr. Dreigon
|-sidestart|p2: hairy toenail|move: Stealth Rock
|
|-heal|p1a: Rhyperior|234\/434|[from] item: Leftovers
|turn|28
|
|switch|p1a: Tentacruel|Tentacruel, F|267\/364
|move|p2a: Dr. Dreigon|Draco Meteor|p1a: Tentacruel
|-damage|p1a: Tentacruel|66\/364
|-unboost|p2a: Dr. Dreigon|spa|2
|
|-heal|p1a: Tentacruel|88\/364|[from] item: Black Sludge
|turn|29
|
|switch|p2a: Ribbit|Toxicroak, F|183\/307
|-damage|p2a: Ribbit|164\/307|[from] Stealth Rock
|-damage|p2a: Ribbit|126\/307|[from] Spikes
|switch|p1a: Chesnaught|Chesnaught, M|243\/380
|
|-heal|p1a: Chesnaught|266\/380|[from] item: Leftovers
|turn|30
|
|switch|p1a: Tentacruel|Tentacruel, F|88\/364
|move|p2a: Ribbit|Gunk Shot|p1a: Tentacruel
|-resisted|p1a: Tentacruel
|-damage|p1a: Tentacruel|0 fnt
|-damage|p2a: Ribbit|96\/307|[from] item: Life Orb
|faint|p1a: Tentacruel
|
|
|switch|p1a: Rhyperior|Rhyperior, M|234\/434
|turn|31
|
|move|p2a: Ribbit|Drain Punch|p1a: Rhyperior
|-supereffective|p1a: Rhyperior
|-damage|p1a: Rhyperior|64\/434
|-heal|p2a: Ribbit|181\/307|[from] drain|[of] p1a: Rhyperior
|-damage|p2a: Ribbit|151\/307|[from] item: Life Orb
|move|p1a: Rhyperior|Earthquake|p2a: Ribbit
|-crit|p2a: Ribbit
|-supereffective|p2a: Ribbit
|-damage|p2a: Ribbit|0 fnt
|faint|p2a: Ribbit
|
|-heal|p1a: Rhyperior|91\/434|[from] item: Leftovers
|
|switch|p2a: King Cotton|Whimsicott, F|105\/261
|-damage|p2a: King Cotton|73\/261|[from] Spikes
|-damage|p2a: King Cotton|41\/261|[from] Stealth Rock
|turn|32
|
|move|p2a: King Cotton|Giga Drain|p1a: Rhyperior
|-supereffective|p1a: Rhyperior
|-damage|p1a: Rhyperior|0 fnt
|-heal|p2a: King Cotton|87\/261|[from] drain|[of] p1a: Rhyperior
|faint|p1a: Rhyperior
|
|-heal|p2a: King Cotton|103\/261|[from] item: Leftovers
|
|switch|p1a: Alakazam|Alakazam, M|252\/252
|turn|33
|
|detailschange|p1a: Alakazam|Alakazam-Mega, M
|message|Alakazam has Mega Evolved into Mega Alakazam!
|-ability|p1a: Alakazam|Prankster|[from] ability: Trace|[of] p2a: King Cotton
|move|p2a: King Cotton|Stun Spore|p1a: Alakazam|[miss]
|-miss|p2a: King Cotton|p1a: Alakazam
|move|p1a: Alakazam|Dazzling Gleam|p2a: King Cotton
|-damage|p2a: King Cotton|0 fnt
|faint|p2a: King Cotton
|
|c|âdingbat|oh
|
|switch|p2a: Hnnnggg|Jirachi|403\/403
|-damage|p2a: Hnnnggg|378\/403|[from] Stealth Rock
|-damage|p2a: Hnnnggg|328\/403|[from] Spikes
|turn|34
|
|move|p1a: Alakazam|Shadow Ball|p2a: Hnnnggg
|-supereffective|p2a: Hnnnggg
|-damage|p2a: Hnnnggg|50\/403
|-unboost|p2a: Hnnnggg|spd|1
|move|p2a: Hnnnggg|U-turn|p1a: Alakazam
|-supereffective|p1a: Alakazam
|-damage|p1a: Alakazam|92\/252
|
|switch|p2a: Dr. Dreigon|Hydreigon, M|285\/325
|-damage|p2a: Dr. Dreigon|245\/325|[from] Stealth Rock
|
|turn|35
|c|âdingbat|oh wow
|c|âdingbat|if i win this
|
|move|p2a: Dr. Dreigon|Flamethrower|p1a: Alakazam
|-damage|p1a: Alakazam|0 fnt
|faint|p1a: Alakazam
|
|c|âhairy toenail|do you have hammer arm
|
|switch|p1a: Chesnaught|Chesnaught, M|266\/380
|turn|36
|c|âdingbat|no
|
|move|p2a: Dr. Dreigon|Flamethrower|p1a: Chesnaught
|-crit|p1a: Chesnaught
|-supereffective|p1a: Chesnaught
|-damage|p1a: Chesnaught|0 fnt
|faint|p1a: Chesnaught
|
|win|hairy toenail
|raw|Ladder updating...
|c|âdingbat|geegs
|c|âhairy toenail|gg
|raw|dingbat's rating: 1508 &rarr; <strong>1493<\/strong><br \/>(-15 for losing)
|raw|hairy toenail's rating: 1598 &rarr; <strong>1613<\/strong><br \/>(+15 for winning)
|leave|Adil