|join|hairy toenail
|join|DatLatias
|player|p1|hairy toenail|147
|player|p2|DatLatias|146
|gametype|singles
|gen|6
|tier|UU
|rated
|rule|Sleep Clause Mod: Limit one foe put to sleep
|rule|Species Clause: Limit one of each PokÃ©mon
|rule|OHKO Clause: OHKO moves are banned
|rule|Moody Clause: Moody is banned
|rule|Evasion Moves Clause: Evasion moves are banned
|rule|Endless Battle Clause: Forcing endless battles is banned
|rule|HP Percentage Mod: HP is shown in percentages
|clearpoke
|poke|p1|Snorlax, M
|poke|p1|Crobat, M
|poke|p1|Krookodile, F
|poke|p1|Blastoise, M
|poke|p1|Cobalion
|poke|p1|Aromatisse, M
|poke|p2|Gligar, F
|poke|p2|Vaporeon, M
|poke|p2|Forretress, F
|poke|p2|Mienshao, F
|poke|p2|Ampharos, M
|poke|p2|Darmanitan, M
|rule|Swagger Clause: Swagger is banned
|rule|Baton Pass Clause: Limit one PokÃ©mon knowing Baton Pass
|teampreview
|c|âhairy toenail|glhf
|c|âDatLatias|oh i know this guy
|c|âDatLatias|i smacked him
|join|Dudeman130498
|c|âDatLatias|with my non rain team
|c|âDatLatias|gl
|c|âDatLatias|>goboso
|c|âDatLatias|x
|
|start
|switch|p1a: Batman|Crobat, M|369\/369
|switch|p2a: Gligar|Gligar, F|334\/334
|turn|1
|join|so dynamic
|
|move|p1a: Batman|Taunt|p2a: Gligar
|-start|p2a: Gligar|move: Taunt
|move|p2a: Gligar|U-turn|p1a: Batman
|-resisted|p1a: Batman
|-damage|p1a: Batman|357\/369
|c| so dynamic|where are the amph checks
|
|switch|p2a: Ampharos|Ampharos, M|351\/351
|
|turn|2
|
|detailschange|p2a: Ampharos|Ampharos-Mega, M
|message|Ampharos has Mega Evolved into Mega Ampharos!
|-ability|p2a: Ampharos|Mold Breaker
|move|p1a: Batman|U-turn|p2a: Ampharos
|-damage|p2a: Ampharos|301\/351
|c| Dudeman130498|go to krook
|
|switch|p1a: Tu Madre|Snorlax, M|497\/497
|move|p2a: Ampharos|Dragon Pulse|p1a: Tu Madre
|-crit|p1a: Tu Madre
|-damage|p1a: Tu Madre|278\/497
|
|-heal|p1a: Tu Madre|309\/497|[from] item: Leftovers
|turn|3
|c| so dynamic|krook here
|c| Dudeman130498|rip
|c|âDatLatias|who is gobo
|c|âDatLatias|im zvz
|c|âDatLatias|implying
|c| so dynamic|whats a gobo
|
|move|p2a: Ampharos|Volt Switch|p1a: Tu Madre
|-damage|p1a: Tu Madre|197\/497
|
|switch|p2a: Forretress|Forretress, F|354\/354
|move|p1a: Tu Madre|Frustration|p2a: Forretress
|-resisted|p2a: Forretress
|-damage|p2a: Forretress|314\/354
|
|-heal|p1a: Tu Madre|228\/497|[from] item: Leftovers
|-heal|p2a: Forretress|336\/354|[from] item: Leftovers
|turn|4
|
|move|p1a: Tu Madre|Curse|p1a: Tu Madre
|-boost|p1a: Tu Madre|atk|1
|-boost|p1a: Tu Madre|def|1
|-unboost|p1a: Tu Madre|spe|1
|move|p2a: Forretress|Volt Switch|p1a: Tu Madre
|-crit|p1a: Tu Madre
|-damage|p1a: Tu Madre|186\/497
|
|switch|p2a: Mienshao|Mienshao, F|271\/271
|
|-heal|p1a: Tu Madre|217\/497|[from] item: Leftovers
|turn|5
|
|switch|p1a: Batman|Crobat, M|357\/369
|move|p2a: Mienshao|High Jump Kick|p1a: Batman
|-resisted|p1a: Batman
|-damage|p1a: Batman|263\/369
|-damage|p2a: Mienshao|244\/271|[from] item: Life Orb
|
|turn|6
|c| so dynamic|stay in on stone edge
|c|âDatLatias|gobo
|c|âDatLatias|srsly
|c|âDatLatias|fucking stop
|c|âDatLatias|im laddering
|c| Dudeman130498|LO
|c| Dudeman130498|L
|c|âDatLatias|i didnt do that
|c|âDatLatias|yes
|c|âDatLatias|you 
|c|âDatLatias|did
|c|âDatLatias|fgt
|c|âDatLatias|stop
|c|âDatLatias|lol nah
|c| so dynamic|what
|c| Dudeman130498|omfg
|c| so dynamic|the hell
|
|switch|p2a: Ampharos|Ampharos-Mega, M|301\/351
|-ability|p2a: Ampharos|Mold Breaker
|move|p1a: Batman|U-turn|p2a: Ampharos
|-damage|p2a: Ampharos|251\/351
|c|âDatLatias|i predicted bannete
|join|Blabajif
|c|âDatLatias|so i used hjk
|
|switch|p1a: Krooky Monster|Krookodile, F|331\/331
|
|turn|7
|c|âDatLatias|fgt
|c|âDatLatias|good move
|c|âDatLatias|thx
|c|âDatLatias|for 
|c|âDatLatias|the
|c|âDatLatias|momentum
|c| Dudeman130498|hi todd
|c|âDatLatias|anytime bud
|
|switch|p2a: Forretress|Forretress, F|336\/354
|move|p1a: Krooky Monster|Earthquake|p2a: Forretress
|-damage|p2a: Forretress|239\/354
|
|-heal|p2a: Forretress|261\/354|[from] item: Leftovers
|turn|8
|
|switch|p1a: Michaelangelo|Blastoise, M|348\/348
|move|p2a: Forretress|Volt Switch|p1a: Michaelangelo
|-supereffective|p1a: Michaelangelo
|-damage|p1a: Michaelangelo|274\/348
|c|âDatLatias|use zap cannon
|
|switch|p2a: Ampharos|Ampharos-Mega, M|251\/351
|-ability|p2a: Ampharos|Mold Breaker
|
|turn|9
|c| so dynamic|he has drag pulse
|c|âDatLatias|o
|c| Dudeman130498|imo
|c|âDatLatias|rip
|
|switch|p2a: Vaporeon|Vaporeon, M|451\/451
|detailschange|p1a: Michaelangelo|Blastoise-Mega, M
|message|Blastoise has Mega Evolved into Mega Blastoise!
|move|p1a: Michaelangelo|Dragon Pulse|p2a: Vaporeon
|-damage|p2a: Vaporeon|295\/451
|
|-heal|p2a: Vaporeon|323\/451|[from] item: Leftovers
|turn|10
|c| Dudeman130498|that's why you go into your shao and u-turn
|c|âDatLatias|oof
|c| so dynamic|told u
|
|switch|p1a: Tu Madre|Snorlax, M|217\/497
|move|p2a: Vaporeon|Baton Pass|p2a: Vaporeon
|c|âDatLatias|nice dpulse kid
|
|switch|p2a: Mienshao|Mienshao, F|271\/271
|
|-heal|p1a: Tu Madre|248\/497|[from] item: Leftovers
|turn|11
|c|âhairy toenail|ty
|c| so dynamic|coba on the stone edge
|c| so dynamic|here
|
|switch|p1a: Pixie|Aromatisse, M|406\/406
|move|p2a: Mienshao|U-turn|p1a: Pixie
|-resisted|p1a: Pixie
|-damage|p1a: Pixie|359\/406
|-damage|p2a: Mienshao|244\/271|[from] item: Life Orb
|
|switch|p2a: Forretress|Forretress, F|261\/354
|
|-heal|p1a: Pixie|384\/406|[from] item: Leftovers
|-heal|p2a: Forretress|283\/354|[from] item: Leftovers
|turn|12
|
|move|p1a: Pixie|Wish|p1a: Pixie
|move|p2a: Forretress|Spikes|p1a: Pixie
|-sidestart|p1: hairy toenail|Spikes
|
|-heal|p1a: Pixie|406\/406|[from] item: Leftovers
|-heal|p2a: Forretress|305\/354|[from] item: Leftovers
|turn|13
|
|switch|p1a: Michaelangelo|Blastoise-Mega, M|274\/348
|-damage|p1a: Michaelangelo|231\/348|[from] Spikes
|move|p2a: Forretress|Volt Switch|p1a: Michaelangelo
|-supereffective|p1a: Michaelangelo
|-damage|p1a: Michaelangelo|165\/348
|
|switch|p2a: Mienshao|Mienshao, F|271\/271
|
|-heal|p1a: Michaelangelo|348\/348|[from] move: Wish|[wisher] Pixie
|turn|14
|
|move|p2a: Mienshao|High Jump Kick|p1a: Michaelangelo
|-damage|p1a: Michaelangelo|114\/348
|-damage|p2a: Mienshao|244\/271|[from] item: Life Orb
|move|p1a: Michaelangelo|Dragon Pulse|p2a: Mienshao
|-damage|p2a: Mienshao|0 fnt
|faint|p2a: Mienshao
|
|c| Dudeman130498|welp
|c| so dynamic|nice counter
|c| Dudeman130498|you're bad
|c|âDatLatias|kek
|
|switch|p2a: Darmanitan|Darmanitan, M|351\/351
|turn|15
|c|âDatLatias|fuck
|c|âDatLatias|i thought
|c|âDatLatias|i had
|c|âDatLatias|superpower
|
|move|p2a: Darmanitan|U-turn|p1a: Michaelangelo
|-damage|p1a: Michaelangelo|39\/348
|
|switch|p2a: Vaporeon|Vaporeon, M|323\/451
|move|p1a: Michaelangelo|Rapid Spin|p2a: Vaporeon
|-damage|p2a: Vaporeon|309\/451
|-sideend|p1: hairy toenail|Spikes|[from] move: Rapid Spin|[of] p1a: Michaelangelo
|
|-heal|p2a: Vaporeon|337\/451|[from] item: Leftovers
|turn|16
|c| so dynamic|doesnt blitz kill
|
|switch|p1a: Tu Madre|Snorlax, M|248\/497
|move|p2a: Vaporeon|Wish|p2a: Vaporeon
|
|-heal|p2a: Vaporeon|365\/451|[from] item: Leftovers
|-heal|p1a: Tu Madre|279\/497|[from] item: Leftovers
|turn|17
|c| so dynamic|toise
|c| Dudeman130498|>wish
|c|âDatLatias|no tiers
|c| Dudeman130498|ur so bad
|c| Dudeman130498|SO BAD
|
|switch|p2a: Ampharos|Ampharos-Mega, M|251\/351
|-ability|p2a: Ampharos|Mold Breaker
|move|p1a: Tu Madre|Curse|p1a: Tu Madre
|-boost|p1a: Tu Madre|atk|1
|-boost|p1a: Tu Madre|def|1
|-unboost|p1a: Tu Madre|spe|1
|
|-heal|p2a: Ampharos|351\/351|[from] move: Wish|[wisher] Vaporeon
|-heal|p1a: Tu Madre|310\/497|[from] item: Leftovers
|turn|18
|c| Dudeman130498|implying
|
|move|p2a: Ampharos|Dragon Pulse|p1a: Tu Madre
|-damage|p1a: Tu Madre|171\/497
|move|p1a: Tu Madre|Rest|p1a: Tu Madre
|-status|p1a: Tu Madre|slp
|-heal|p1a: Tu Madre|497\/497 slp|[silent]
|-status|p1a: Tu Madre|slp|[from] move: Rest
|
|turn|19
|c|âDatLatias|no tiers
|c|âDatLatias|no tiers
|c|âDatLatias|fuk
|c| Dudeman130498|forfeit
|c| so dynamic|nice shao
|c| Dudeman130498|^
|c| so dynamic|!
|
|switch|p2a: Darmanitan|Darmanitan, M|351\/351
|cant|p1a: Tu Madre|slp
|move|p1a: Tu Madre|Sleep Talk|p1a: Tu Madre
|move|p1a: Tu Madre|Frustration|p2a: Darmanitan|[from]Sleep Talk
|-damage|p2a: Darmanitan|29\/351
|
|turn|20
|c|âDatLatias|ill just
|c|âDatLatias|clit
|c| Dudeman130498|nice
|c| Dudeman130498|counter
|c|âDatLatias|o
|c|âDatLatias|rip
|
|move|p2a: Darmanitan|Rock Slide|p1a: Tu Madre
|-damage|p1a: Tu Madre|401\/497 slp
|cant|p1a: Tu Madre|slp
|move|p1a: Tu Madre|Sleep Talk|p1a: Tu Madre
|move|p1a: Tu Madre|Rest|p1a: Tu Madre|[from]Sleep Talk
|-fail|p1a: Tu Madre
|
|-heal|p1a: Tu Madre|432\/497 slp|[from] item: Leftovers
|turn|21
|c|âDatLatias|flinch
|c|âDatLatias|imo
|c| so dynamic|pukling through
|
|move|p2a: Darmanitan|Rock Slide|p1a: Tu Madre
|-damage|p1a: Tu Madre|333\/497 slp
|-curestatus|p1a: Tu Madre|slp
|move|p1a: Tu Madre|Curse|p1a: Tu Madre
|-boost|p1a: Tu Madre|atk|1
|-boost|p1a: Tu Madre|def|1
|-unboost|p1a: Tu Madre|spe|1
|
|-heal|p1a: Tu Madre|364\/497|[from] item: Leftovers
|turn|22
|c| so dynamic|w\/ flinches
|c|âDatLatias|clit
|c| so dynamic|hax
|c| Dudeman130498|>
|c|âDatLatias|clit
|c| Dudeman130498|sheer
|c|âDatLatias|clit
|c| Dudeman130498|>
|c|âDatLatias|clit
|c| Dudeman130498|force
|c|âDatLatias|clit
|c|âDatLatias|clit
|c|âDatLatias|thats the joke
|c|âDatLatias|:^^^^^^^^)
|
|move|p2a: Darmanitan|Rock Slide|p1a: Tu Madre
|-damage|p1a: Tu Madre|298\/497
|move|p1a: Tu Madre|Curse|p1a: Tu Madre
|-boost|p1a: Tu Madre|atk|1
|-boost|p1a: Tu Madre|def|1
|-unboost|p1a: Tu Madre|spe|1
|
|-heal|p1a: Tu Madre|329\/497|[from] item: Leftovers
|turn|23
|
|move|p2a: Darmanitan|Rock Slide|p1a: Tu Madre
|-damage|p1a: Tu Madre|274\/497
|move|p1a: Tu Madre|Curse|p1a: Tu Madre
|-boost|p1a: Tu Madre|atk|1
|-boost|p1a: Tu Madre|def|1
|-unboost|p1a: Tu Madre|spe|1
|
|-heal|p1a: Tu Madre|305\/497|[from] item: Leftovers
|turn|24
|c|âDatLatias|clit
|c|âDatLatias|pls
|
|move|p2a: Darmanitan|Rock Slide|p1a: Tu Madre
|-damage|p1a: Tu Madre|261\/497
|move|p1a: Tu Madre|Rest|p1a: Tu Madre
|-status|p1a: Tu Madre|slp
|-heal|p1a: Tu Madre|497\/497 slp|[silent]
|-status|p1a: Tu Madre|slp|[from] move: Rest
|
|turn|25
|c| so dynamic|noclitical
|c|âDatLatias|i would like
|c|âDatLatias| a clit
|c|âDatLatias|now
|c|âDatLatias|pls
|
|move|p2a: Darmanitan|Rock Slide|p1a: Tu Madre
|-damage|p1a: Tu Madre|450\/497 slp
|cant|p1a: Tu Madre|slp
|move|p1a: Tu Madre|Sleep Talk|p1a: Tu Madre
|move|p1a: Tu Madre|Frustration|p2a: Darmanitan|[from]Sleep Talk
|-damage|p2a: Darmanitan|0 fnt
|faint|p2a: Darmanitan
|
|-heal|p1a: Tu Madre|481\/497 slp|[from] item: Leftovers
|
|switch|p2a: Ampharos|Ampharos-Mega, M|351\/351
|-ability|p2a: Ampharos|Mold Breaker
|turn|26
|c|âDatLatias|clit
|
|move|p2a: Ampharos|Dragon Pulse|p1a: Tu Madre
|-damage|p1a: Tu Madre|334\/497 slp
|cant|p1a: Tu Madre|slp
|move|p1a: Tu Madre|Sleep Talk|p1a: Tu Madre
|move|p1a: Tu Madre|Frustration|p2a: Ampharos|[from]Sleep Talk
|-damage|p2a: Ampharos|9\/351
|
|-heal|p1a: Tu Madre|365\/497 slp|[from] item: Leftovers
|turn|27
|c|âDatLatias|here
|
|move|p2a: Ampharos|Dragon Pulse|p1a: Tu Madre
|-damage|p1a: Tu Madre|215\/497 slp
|-curestatus|p1a: Tu Madre|slp
|move|p1a: Tu Madre|Frustration|p2a: Ampharos
|-damage|p2a: Ampharos|0 fnt
|faint|p2a: Ampharos
|
|-heal|p1a: Tu Madre|246\/497|[from] item: Leftovers
|c| so dynamic|sd gligar where
|c|âDatLatias|rip
|c|âDatLatias|in
|c|âDatLatias|rip
|
|switch|p2a: Forretress|Forretress, F|305\/354
|turn|28
|
|move|p2a: Forretress|Gyro Ball|p1a: Tu Madre
|-damage|p1a: Tu Madre|242\/497
|move|p1a: Tu Madre|Rest|p1a: Tu Madre
|-status|p1a: Tu Madre|slp
|-heal|p1a: Tu Madre|497\/497 slp|[silent]
|-status|p1a: Tu Madre|slp|[from] move: Rest
|
|-heal|p2a: Forretress|327\/354|[from] item: Leftovers
|turn|29
|c|âDatLatias|rip
|c|âDatLatias|RIP
|-message|DatLatias forfeited.
|
|win|hairy toenail
|raw|Ladder updating...
|raw|hairy toenail's rating: 1550 &rarr; <strong>1574<\/strong><br \/>(+24 for winning)
|raw|DatLatias's rating: 1621 &rarr; <strong>1597<\/strong><br \/>(-24 for losing)
|c|âhairy toenail|gg