|join|hairy toenail
|join|ThisIsMaster
|player|p1|hairy toenail|147
|player|p2|ThisIsMaster|70
|gametype|singles
|gen|6
|tier|UU
|rated
|rule|Sleep Clause Mod: Limit one foe put to sleep
|rule|Species Clause: Limit one of each PokÃ©mon
|rule|OHKO Clause: OHKO moves are banned
|rule|Moody Clause: Moody is banned
|rule|Evasion Moves Clause: Evasion moves are banned
|rule|Endless Battle Clause: Forcing endless battles is banned
|rule|HP Percentage Mod: HP is shown in percentages
|clearpoke
|poke|p1|Krookodile, M
|poke|p1|Aggron, F
|poke|p1|Crobat, M
|poke|p1|Mienshao, F
|poke|p1|Vaporeon, F
|poke|p1|Whimsicott, F
|poke|p2|Metagross
|poke|p2|Diancie
|poke|p2|Hydreigon, F
|poke|p2|Arcanine, M
|poke|p2|Golbat, M
|poke|p2|Blissey, F
|rule|Swagger Clause: Swagger is banned
|rule|Baton Pass Clause: Limit one PokÃ©mon knowing Baton Pass
|teampreview
|c|âhairy toenail|glhf
|
|start
|switch|p1a: Krooky Monster|Krookodile, M|331\/331
|switch|p2a: Diancie|Diancie|304\/304
|-ability|p1a: Krooky Monster|Intimidate|[of] p2a: Diancie
|-fail|p2a: Diancie|unboost|[from] ability: Clear Body|[of] p2a: Diancie
|turn|1
|
|move|p1a: Krooky Monster|Earthquake|p2a: Diancie
|-supereffective|p2a: Diancie
|-damage|p2a: Diancie|64\/304
|move|p2a: Diancie|Moonblast|p1a: Krooky Monster
|-supereffective|p1a: Krooky Monster
|-damage|p1a: Krooky Monster|47\/331
|
|-heal|p2a: Diancie|83\/304|[from] item: Leftovers
|turn|2
|
|switch|p2a: Hydreigon|Hydreigon, F|388\/388
|move|p1a: Krooky Monster|Knock Off|p2a: Hydreigon
|-resisted|p2a: Hydreigon
|-damage|p2a: Hydreigon|310\/388
|-damage|p1a: Krooky Monster|0 fnt|[from] item: Rocky Helmet|[of] p2a: Hydreigon
|faint|p1a: Krooky Monster
|
|c|âThisIsMaster|gl hf
|
|switch|p1a: Pick the Cotton|Whimsicott, F|261\/261
|turn|3
|join|Eyan
|
|switch|p2a: Golbat|Golbat, M|354\/354
|move|p1a: Pick the Cotton|U-turn|p2a: Golbat
|-resisted|p2a: Golbat
|-damage|p2a: Golbat|348\/354
|
|switch|p1a: Hard Body Baby|Aggron, F|343\/343
|
|turn|4
|
|switch|p2a: Diancie|Diancie|83\/304
|detailschange|p1a: Hard Body Baby|Aggron-Mega, F
|message|Aggron has Mega Evolved into Mega Aggron!
|move|p1a: Hard Body Baby|Stealth Rock|p2a: Diancie
|-sidestart|p2: ThisIsMaster|move: Stealth Rock
|
|-heal|p2a: Diancie|102\/304|[from] item: Leftovers
|turn|5
|
|move|p1a: Hard Body Baby|Heavy Slam|p2a: Diancie
|-supereffective|p2a: Diancie
|-damage|p2a: Diancie|0 fnt
|faint|p2a: Diancie
|
|
|switch|p2a: Hydreigon|Hydreigon, F|310\/388
|-damage|p2a: Hydreigon|262\/388|[from] Stealth Rock
|turn|6
|join|snakeindagrass
|
|switch|p1a: Le Vapor|Vaporeon, F|451\/451
|move|p2a: Hydreigon|Flamethrower|p1a: Le Vapor
|-resisted|p1a: Le Vapor
|-damage|p1a: Le Vapor|415\/451
|
|-heal|p1a: Le Vapor|443\/451|[from] item: Leftovers
|turn|7
|
|switch|p2a: Blissey|Blissey, F|714\/714
|-damage|p2a: Blissey|625\/714|[from] Stealth Rock
|move|p1a: Le Vapor|Wish|p1a: Le Vapor
|
|-heal|p1a: Le Vapor|451\/451|[from] item: Leftovers
|-heal|p2a: Blissey|669\/714|[from] item: Leftovers
|turn|8
|
|move|p1a: Le Vapor|Baton Pass|p1a: Le Vapor
|
|switch|p1a: Hard Body Baby|Aggron-Mega, F|343\/343
|move|p2a: Blissey|Toxic|p1a: Hard Body Baby
|-fail|p1a: Hard Body Baby
|
|-heal|p2a: Blissey|713\/714|[from] item: Leftovers
|turn|9
|c| snakeindagrass|hard body baby knockin any nigga back
|c|âhairy toenail|aye
|
|move|p2a: Blissey|Protect|p2a: Blissey
|-singleturn|p2a: Blissey|Protect
|move|p1a: Hard Body Baby|Toxic|p2a: Blissey
|-activate|p2a: Blissey|Protect
|
|-heal|p2a: Blissey|714\/714|[from] item: Leftovers
|turn|10
|
|switch|p2a: Hydreigon|Hydreigon, F|262\/388
|-damage|p2a: Hydreigon|214\/388|[from] Stealth Rock
|move|p1a: Hard Body Baby|Heavy Slam|p2a: Hydreigon
|-damage|p2a: Hydreigon|133\/388
|-damage|p1a: Hard Body Baby|286\/343|[from] item: Rocky Helmet|[of] p2a: Hydreigon
|
|turn|11
|
|switch|p1a: Le Vapor|Vaporeon, F|451\/451
|move|p2a: Hydreigon|Roost|p2a: Hydreigon
|-heal|p2a: Hydreigon|327\/388
|
|turn|12
|
|switch|p2a: Blissey|Blissey, F|714\/714
|-damage|p2a: Blissey|625\/714|[from] Stealth Rock
|move|p1a: Le Vapor|Baton Pass|p1a: Le Vapor
|
|switch|p1a: Hard Body Baby|Aggron-Mega, F|286\/343
|
|-heal|p2a: Blissey|669\/714|[from] item: Leftovers
|turn|13
|
|move|p1a: Hard Body Baby|Toxic|p2a: Blissey|[miss]
|-miss|p1a: Hard Body Baby|p2a: Blissey
|move|p2a: Blissey|Counter|p1a: Hard Body Baby
|-fail|p1a: Hard Body Baby
|
|-heal|p2a: Blissey|713\/714|[from] item: Leftovers
|turn|14
|c| snakeindagrass|oo
|join|Shit User
|c| Shit User|hard body baby
|c| Shit User|LOL
|
|move|p1a: Hard Body Baby|Toxic|p2a: Blissey
|-status|p2a: Blissey|tox
|move|p2a: Blissey|Counter|p1a: Hard Body Baby
|-fail|p1a: Hard Body Baby
|
|-heal|p2a: Blissey|714\/714 tox|[from] item: Leftovers
|-damage|p2a: Blissey|670\/714 tox|[from] psn
|turn|15
|join|Fluze
|leave|Fluze
|c|âhairy toenail|can you not,,,
|c|âhairy toenail|jk LOL
|
|switch|p1a: Le Vapor|Vaporeon, F|451\/451
|move|p2a: Blissey|Counter|p1a: Le Vapor
|-fail|p1a: Le Vapor
|
|-heal|p2a: Blissey|714\/714 tox|[from] item: Leftovers
|-damage|p2a: Blissey|626\/714 tox|[from] psn
|turn|16
|
|switch|p2a: Arcanine|Arcanine, M|322\/322
|-damage|p2a: Arcanine|242\/322|[from] Stealth Rock
|move|p1a: Le Vapor|Scald|p2a: Arcanine
|-supereffective|p2a: Arcanine
|-damage|p2a: Arcanine|0 fnt
|faint|p2a: Arcanine
|
|
|switch|p2a: Hydreigon|Hydreigon, F|327\/388
|-damage|p2a: Hydreigon|279\/388|[from] Stealth Rock
|turn|17
|c| snakeindagrass|hard body baby knockin any N***A back and its money over bitches not a penny hoe scat and a beat like that til the line goes flat but in the mean time im in the bent no hat thats no top if you didnt know that on them chrome sean johns wit the gut soles black
|
|move|p1a: Le Vapor|Protect|p1a: Le Vapor
|-singleturn|p1a: Le Vapor|Protect
|move|p2a: Hydreigon|Toxic|p1a: Le Vapor
|-activate|p1a: Le Vapor|Protect
|
|turn|18
|c|âThisIsMaster|ok...
|
|switch|p1a: Bat Mobile|Crobat, M|329\/329
|move|p2a: Hydreigon|Flamethrower|p1a: Bat Mobile
|-damage|p1a: Bat Mobile|234\/329
|
|-heal|p1a: Bat Mobile|254\/329|[from] item: Black Sludge
|turn|19
|c| Shit User|le vapor
|c| Shit User|LOL MY SIDES
|c| Shit User|OMFG
|c| Shit User|BAT
|c| Shit User|FUCKING
|c| Shit User|MOBILE
|c|âhairy toenail|why do you exist
|c| Shit User|because i fucked your dad
|c| snakeindagrass|hot
|c| Eyan|Nice fan base nail
|c|âThisIsMaster|could you just battle and shut up
|c| Shit User|and then your nan got pregnant
|c|âhairy toenail|i clicked my move already
|c| Shit User|im not battling
|c| Shit User|eyan nice nose you fag
|c| Shit User|also
|
|move|p1a: Bat Mobile|U-turn|p2a: Hydreigon
|-crit|p2a: Hydreigon
|-supereffective|p2a: Hydreigon
|-damage|p2a: Hydreigon|141\/388
|-damage|p1a: Bat Mobile|200\/329|[from] item: Rocky Helmet|[of] p2a: Hydreigon
|c| Shit User|>implying im a fan base
|c|âThisIsMaster|let us battle
|c| Shit User|im the best player in the world
|
|switch|p1a: Le Vapor|Vaporeon, F|451\/451
|move|p2a: Hydreigon|Roost|p2a: Hydreigon
|-heal|p2a: Hydreigon|335\/388
|
|turn|20
|c| Shit User|you can ignore spectators
|c| Shit User|nice helmet
|
|switch|p2a: Blissey|Blissey, F|626\/714
|-damage|p2a: Blissey|537\/714|[from] Stealth Rock
|move|p1a: Le Vapor|Scald|p2a: Blissey
|-damage|p2a: Blissey|450\/714
|
|-heal|p2a: Blissey|494\/714|[from] item: Leftovers
|turn|21
|c| Eyan|thanks fellow fag
|
|move|p1a: Le Vapor|Baton Pass|p1a: Le Vapor
|
|switch|p1a: Hard Body Baby|Aggron-Mega, F|286\/343
|move|p2a: Blissey|Toxic|p1a: Hard Body Baby
|-fail|p1a: Hard Body Baby
|
|-heal|p2a: Blissey|538\/714|[from] item: Leftovers
|turn|22
|
|move|p1a: Hard Body Baby|Toxic|p2a: Blissey
|-status|p2a: Blissey|tox
|move|p2a: Blissey|Counter|p1a: Hard Body Baby
|-fail|p1a: Hard Body Baby
|
|-heal|p2a: Blissey|582\/714 tox|[from] item: Leftovers
|-damage|p2a: Blissey|538\/714 tox|[from] psn
|turn|23
|c| snakeindagrass|plays
|c| snakeindagrass|read like a book
|
|switch|p2a: Golbat|Golbat, M|348\/354
|-damage|p2a: Golbat|260\/354|[from] Stealth Rock
|move|p1a: Hard Body Baby|Toxic|p2a: Golbat
|-fail|p2a: Golbat
|
|turn|24
|
|move|p2a: Golbat|Super Fang|p1a: Hard Body Baby
|-damage|p1a: Hard Body Baby|143\/343
|move|p1a: Hard Body Baby|Heavy Slam|p2a: Golbat
|-crit|p2a: Golbat
|-damage|p2a: Golbat|71\/354
|
|turn|25
|
|move|p2a: Golbat|Roost|p2a: Golbat
|-heal|p2a: Golbat|248\/354
|move|p1a: Hard Body Baby|Earthquake|p2a: Golbat
|-supereffective|p2a: Golbat
|-damage|p2a: Golbat|98\/354
|
|turn|26
|c| snakeindagrass|ooooooooo
|c| Shit User|im not a fag you butt nozzler
|c| Eyan|close enough
|c| snakeindagrass|hey, my mom is a butt nozzler
|
|move|p2a: Golbat|Roost|p2a: Golbat
|-heal|p2a: Golbat|275\/354
|move|p1a: Hard Body Baby|Earthquake|p2a: Golbat
|-supereffective|p2a: Golbat
|-damage|p2a: Golbat|121\/354
|
|turn|27
|c| snakeindagrass|show some respect
|c| Shit User|stfu you snake
|c| Shit User|i hate you
|c| snakeindagrass|no u
|
|switch|p1a: Le Vapor|Vaporeon, F|451\/451
|move|p2a: Golbat|Roost|p2a: Golbat
|-heal|p2a: Golbat|298\/354
|
|turn|28
|
|move|p2a: Golbat|Toxic|p1a: Le Vapor
|-status|p1a: Le Vapor|tox
|move|p1a: Le Vapor|Scald|p2a: Golbat
|-damage|p2a: Golbat|231\/354
|
|-damage|p1a: Le Vapor|423\/451 tox|[from] psn
|turn|29
|c| Shit User|just knock it off
|
|move|p2a: Golbat|Defog|p1a: Le Vapor
|-unboost|p1a: Le Vapor|evasion|1
|-sideend|p2: ThisIsMaster|Stealth Rock|[from] move: Defog|[of] p2a: Golbat
|move|p1a: Le Vapor|Scald|p2a: Golbat
|-damage|p2a: Golbat|158\/354
|-status|p2a: Golbat|brn
|
|-heal|p1a: Le Vapor|451\/451 tox|[from] item: Leftovers
|-damage|p2a: Golbat|114\/354 brn|[from] brn
|-damage|p1a: Le Vapor|395\/451 tox|[from] psn
|turn|30
|c| snakeindagrass|just win
|c| Shit User|why would you let yourself get poisoned
|c| Shit User|if you lose to fucking
|c|âhairy toenail|i dont expect toxic on 3 pokemon
|join|Exeggutor
|c|âThisIsMaster|are you famous or something?
|c| Shit User|helmet
|c| snakeindagrass|i am
|join|brokenwings
|c| Shit User|he is a bit
|c| Shit User|hes a youtuber
|c| Shit User|have you heard
|c| Shit User|of chimpact
|c|âThisIsMaster|channel?
|
|move|p2a: Golbat|Roost|p2a: Golbat
|-heal|p2a: Golbat|291\/354 brn
|move|p1a: Le Vapor|Wish|p1a: Le Vapor
|
|-heal|p1a: Le Vapor|423\/451 tox|[from] item: Leftovers
|-damage|p2a: Golbat|247\/354 brn|[from] brn
|-damage|p1a: Le Vapor|339\/451 tox|[from] psn
|turn|31
|c| Shit User|yo stay chimpin
|
|switch|p1a: Hard Body Baby|Aggron-Mega, F|143\/343
|move|p2a: Golbat|Super Fang|p1a: Hard Body Baby
|-damage|p1a: Hard Body Baby|72\/343
|
|-heal|p1a: Hard Body Baby|297\/343|[from] move: Wish|[wisher] Le Vapor
|-damage|p2a: Golbat|203\/354 brn|[from] brn
|turn|32
|c| Exeggutor|he's actually the new pokeaim
|c| Exeggutor|:o
|
|move|p2a: Golbat|Roost|p2a: Golbat
|-heal|p2a: Golbat|354\/354 brn
|move|p1a: Hard Body Baby|Stealth Rock|p2a: Golbat
|-sidestart|p2: ThisIsMaster|move: Stealth Rock
|
|-damage|p2a: Golbat|310\/354 brn|[from] brn
|turn|33
|c| snakeindagrass|i wish i was pokeaim
|c| Eyan|pokeaim got an apprentice
|c| Shit User|i am
|c| brokenwings|i thought this was shofu
|c| Shit User|o_o
|c| snakeindagrass|he is shofu, we were kidding
|c| Shit User|shofu is for noobs
|c| Eyan|wait I missed the stream?
|c| Eyan|shit
|c| Shit User|nah
|
|move|p2a: Golbat|Super Fang|p1a: Hard Body Baby|[miss]
|-miss|p2a: Golbat|p1a: Hard Body Baby
|move|p1a: Hard Body Baby|Heavy Slam|p2a: Golbat
|-damage|p2a: Golbat|183\/354 brn
|
|-damage|p2a: Golbat|139\/354 brn|[from] brn
|turn|34
|c| Shit User|HIT EM WITH ALLA DAT
|
|move|p2a: Golbat|Roost|p2a: Golbat
|-heal|p2a: Golbat|316\/354 brn
|move|p1a: Hard Body Baby|Earthquake|p2a: Golbat
|-supereffective|p2a: Golbat
|-damage|p2a: Golbat|170\/354 brn
|
|-damage|p2a: Golbat|126\/354 brn|[from] brn
|turn|35
|join|heroseus
|c| Shit User|ALL THAT POWER
|
|move|p2a: Golbat|Super Fang|p1a: Hard Body Baby
|-damage|p1a: Hard Body Baby|149\/343
|move|p1a: Hard Body Baby|Earthquake|p2a: Golbat
|-immune|p2a: Golbat|[msg]
|
|-damage|p2a: Golbat|82\/354 brn|[from] brn
|turn|36
|join|y2jacob
|c| Shit User|EURGHRTFG
|join|romorsan
|c| snakeindagrass|BIG DOMAGE
|c| Exeggutor|noice
|c| Shit User|LOL FAIL
|
|move|p2a: Golbat|Roost|p2a: Golbat
|-heal|p2a: Golbat|259\/354 brn
|move|p1a: Hard Body Baby|Earthquake|p2a: Golbat
|-supereffective|p2a: Golbat
|-damage|p2a: Golbat|123\/354 brn
|
|-damage|p2a: Golbat|79\/354 brn|[from] brn
|turn|37
|join|parkerleo
|join|CoolTrainerHuffy
|c| Shit User|all
|c| Shit User|that
|c|âThisIsMaster|what is your channel?
|c| Shit User|power
|leave|parkerleo
|
|switch|p2a: Hydreigon|Hydreigon, F|335\/388
|-damage|p2a: Hydreigon|287\/388|[from] Stealth Rock
|move|p1a: Hard Body Baby|Earthquake|p2a: Hydreigon
|-immune|p2a: Hydreigon|[msg]
|
|turn|38
|c| Shit User|youtube.com\/chimpact
|join|Rosalina Luma
|
|switch|p1a: Le Vapor|Vaporeon, F|339\/451 tox
|move|p2a: Hydreigon|Flamethrower|p1a: Le Vapor
|-resisted|p1a: Le Vapor
|-damage|p1a: Le Vapor|301\/451 tox
|
|-heal|p1a: Le Vapor|329\/451 tox|[from] item: Leftovers
|-damage|p1a: Le Vapor|301\/451 tox|[from] psn
|turn|39
|leave|heroseus
|c| Exeggutor|u said he was chimpact u egg
|leave|CoolTrainerHuffy
|c| Shit User|yeah
|c| Shit User|im linking his channel
|c| Shit User|o_o
|c| Exeggutor|he's pokeaim :\/
|c| Shit User|no i am
|c| snakeindagrass|im pokeaim
|c| snakeindagrass|wtf
|c|âThisIsMaster|thx
|c| Shit User|everyone respects me
|c| Shit User|in the community
|c| snakeindagrass|HAHA
|
|move|p2a: Hydreigon|Roost|p2a: Hydreigon
|-heal|p2a: Hydreigon|388\/388
|move|p1a: Le Vapor|Wish|p1a: Le Vapor
|
|-heal|p1a: Le Vapor|329\/451 tox|[from] item: Leftovers
|-damage|p1a: Le Vapor|273\/451 tox|[from] psn
|turn|40
|c| Rosalina Luma|no mega diancie?
|
|move|p2a: Hydreigon|Dark Pulse|p1a: Le Vapor
|-damage|p1a: Le Vapor|174\/451 tox
|move|p1a: Le Vapor|Scald|p2a: Hydreigon
|-resisted|p2a: Hydreigon
|-damage|p2a: Hydreigon|331\/388
|-status|p2a: Hydreigon|brn
|
|-heal|p1a: Le Vapor|399\/451 tox|[from] move: Wish|[wisher] Le Vapor
|-heal|p1a: Le Vapor|427\/451 tox|[from] item: Leftovers
|-damage|p2a: Hydreigon|283\/388 brn|[from] brn
|-damage|p1a: Le Vapor|343\/451 tox|[from] psn
|turn|41
|
|move|p2a: Hydreigon|Roost|p2a: Hydreigon
|-heal|p2a: Hydreigon|388\/388 brn
|move|p1a: Le Vapor|Wish|p1a: Le Vapor
|
|-heal|p1a: Le Vapor|371\/451 tox|[from] item: Leftovers
|-damage|p2a: Hydreigon|340\/388 brn|[from] brn
|-damage|p1a: Le Vapor|259\/451 tox|[from] psn
|turn|42
|join|m1key147
|join|tylermallison
|join|Megabennyboy123
|join|megate
|
|switch|p1a: Bat Mobile|Crobat, M|200\/329
|move|p2a: Hydreigon|Flamethrower|p1a: Bat Mobile
|-damage|p1a: Bat Mobile|106\/329
|
|-heal|p1a: Bat Mobile|329\/329|[from] move: Wish|[wisher] Le Vapor
|-damage|p2a: Hydreigon|292\/388 brn|[from] brn
|turn|43
|leave|Megabennyboy123
|join|Teoboxteo
|leave|megate
|c| brokenwings|go shofu!!!
|join|Glitchraptor
|leave|tylermallison
|join|ACTPrep23
|c| Shit User|dont get too toxiced
|
|move|p1a: Bat Mobile|Brave Bird|p2a: Hydreigon
|-damage|p2a: Hydreigon|162\/388 brn
|-damage|p1a: Bat Mobile|275\/329|[from] item: Rocky Helmet|[of] p2a: Hydreigon
|-damage|p1a: Bat Mobile|232\/329|[from] recoil|[of] p2a: Hydreigon
|move|p2a: Hydreigon|Roost|p2a: Hydreigon
|-heal|p2a: Hydreigon|356\/388 brn
|
|-heal|p1a: Bat Mobile|252\/329|[from] item: Black Sludge
|-damage|p2a: Hydreigon|308\/388 brn|[from] brn
|turn|44
|c| Glitchraptor|FAKE
|leave|ACTPrep23
|c| snakeindagrass|it rly is
|leave|brokenwings
|
|move|p1a: Bat Mobile|Roost|p1a: Bat Mobile
|-heal|p1a: Bat Mobile|329\/329
|move|p2a: Hydreigon|Dark Pulse|p1a: Bat Mobile
|-damage|p1a: Bat Mobile|191\/329
|
|-heal|p1a: Bat Mobile|211\/329|[from] item: Black Sludge
|-damage|p2a: Hydreigon|260\/388 brn|[from] brn
|turn|45
|leave|m1key147
|c| Shit User|why are nerds linking this in lobby
|c| Shit User|like just stop
|c| snakeindagrass|because its shofu
|c| snakeindagrass|i guess
|c| Glitchraptor|I AM SHOFU
|
|move|p1a: Bat Mobile|U-turn|p2a: Hydreigon
|-supereffective|p2a: Hydreigon
|-damage|p2a: Hydreigon|158\/388 brn
|-damage|p1a: Bat Mobile|157\/329|[from] item: Rocky Helmet|[of] p2a: Hydreigon
|c| snakeindagrass|no
|c| Glitchraptor|I SUE U
|c| Shit User|he doesnt want the attention :\/\/
|
|switch|p1a: Le Vapor|Vaporeon, F|259\/451 tox
|move|p2a: Hydreigon|Roost|p2a: Hydreigon
|-heal|p2a: Hydreigon|352\/388 brn
|
|-heal|p1a: Le Vapor|287\/451 tox|[from] item: Leftovers
|-damage|p2a: Hydreigon|304\/388 brn|[from] brn
|-damage|p1a: Le Vapor|259\/451 tox|[from] psn
|turn|46
|c| snakeindagrass|im pokeaim
|c| Glitchraptor|jk
|c| Shit User|see now lobby fags have joined
|c| snakeindagrass|gross
|c| Glitchraptor|i'm not even a youtubrt
|join|Vindicted
|
|move|p2a: Hydreigon|Dark Pulse|p1a: Le Vapor
|-damage|p1a: Le Vapor|153\/451 tox
|move|p1a: Le Vapor|Wish|p1a: Le Vapor
|
|-heal|p1a: Le Vapor|181\/451 tox|[from] item: Leftovers
|-damage|p2a: Hydreigon|256\/388 brn|[from] brn
|-damage|p1a: Le Vapor|125\/451 tox|[from] psn
|turn|47
|c| Exeggutor|Shit User since when were u chimpact's best friend?? :\/
|
|switch|p2a: Metagross|Metagross|302\/302
|-damage|p2a: Metagross|284\/302|[from] Stealth Rock
|move|p1a: Le Vapor|Protect|p1a: Le Vapor
|-fail|p1a: Le Vapor
|
|-heal|p1a: Le Vapor|350\/451 tox|[from] move: Wish|[wisher] Le Vapor
|-heal|p2a: Metagross|302\/302|[from] item: Leftovers
|-heal|p1a: Le Vapor|378\/451 tox|[from] item: Leftovers
|-damage|p1a: Le Vapor|294\/451 tox|[from] psn
|turn|48
|leave|romorsan
|
|move|p2a: Metagross|Agility|p2a: Metagross
|-boost|p2a: Metagross|spe|2
|move|p1a: Le Vapor|Wish|p1a: Le Vapor
|
|-heal|p1a: Le Vapor|322\/451 tox|[from] item: Leftovers
|-damage|p1a: Le Vapor|210\/451 tox|[from] psn
|turn|49
|c| Shit User|since i licked out his butthole on his 4th bday
|
|move|p2a: Metagross|Thunder Punch|p1a: Le Vapor
|-supereffective|p1a: Le Vapor
|-damage|p1a: Le Vapor|0 fnt
|faint|p1a: Le Vapor
|
|c| Shit User|stop fucking wishing
|c| Glitchraptor|Gross
|leave|Vindicted
|c| Shit User|do you not know how toxic works
|c| Glitchraptor|call the mods
|c| snakeindagrass|im a mod
|c| snakeindagrass|global mod
|c| snakeindagrass|that is
|leave|snakeindagrass
|c| Glitchraptor|liar
|
|switch|p1a: Hard Body Baby|Aggron-Mega, F|149\/343
|turn|50
|
|move|p2a: Metagross|Earthquake|p1a: Hard Body Baby
|-supereffective|p1a: Hard Body Baby
|-damage|p1a: Hard Body Baby|65\/343
|move|p1a: Hard Body Baby|Earthquake|p2a: Metagross
|-supereffective|p2a: Metagross
|-damage|p2a: Metagross|134\/302
|
|-heal|p2a: Metagross|152\/302|[from] item: Leftovers
|turn|51
|
|move|p2a: Metagross|Earthquake|p1a: Hard Body Baby
|-supereffective|p1a: Hard Body Baby
|-damage|p1a: Hard Body Baby|0 fnt
|faint|p1a: Hard Body Baby
|
|-heal|p2a: Metagross|170\/302|[from] item: Leftovers
|
|switch|p1a: Master Shifu|Mienshao, F|271\/271
|turn|52
|
|move|p1a: Master Shifu|High Jump Kick|p2a: Metagross
|-crit|p2a: Metagross
|-damage|p2a: Metagross|0 fnt
|faint|p2a: Metagross
|
|c| Exeggutor|luckE n bad
|c| Exeggutor|jesus is my witness
|
|switch|p2a: Golbat|Golbat, M|79\/354 brn
|-damage|p2a: Golbat|0 fnt|[from] Stealth Rock
|faint|p2a: Golbat
|c| Eyan|HAX
|
|switch|p2a: Blissey|Blissey, F|538\/714
|-damage|p2a: Blissey|449\/714|[from] Stealth Rock
|turn|53
|
|switch|p1a: Pick the Cotton|Whimsicott, F|261\/261
|move|p2a: Blissey|Protect|p2a: Blissey
|-fail|p2a: Blissey
|
|-heal|p2a: Blissey|493\/714|[from] item: Leftovers
|turn|54
|leave|y2jacob
|leave|Teoboxteo
|
|move|p1a: Pick the Cotton|Encore|p2a: Blissey
|-start|p2a: Blissey|Encore
|move|p2a: Blissey|Protect|p2a: Blissey
|-fail|p2a: Blissey
|
|-heal|p2a: Blissey|537\/714|[from] item: Leftovers
|turn|55
|join|snakeindagrass
|
|switch|p1a: Bat Mobile|Crobat, M|157\/329
|move|p2a: Blissey|Protect|p2a: Blissey
|-fail|p2a: Blissey
|
|-heal|p1a: Bat Mobile|177\/329|[from] item: Black Sludge
|-heal|p2a: Blissey|581\/714|[from] item: Leftovers
|turn|56
|
|move|p2a: Blissey|Protect|p2a: Blissey
|-singleturn|p2a: Blissey|Protect
|move|p1a: Bat Mobile|Brave Bird|p2a: Blissey
|-activate|p2a: Blissey|Protect
|
|-heal|p1a: Bat Mobile|197\/329|[from] item: Black Sludge
|-heal|p2a: Blissey|625\/714|[from] item: Leftovers
|-end|p2a: Blissey|Encore
|turn|57
|c| snakeindagrass|can one of you lose already
|
|move|p1a: Bat Mobile|Brave Bird|p2a: Blissey
|-damage|p2a: Blissey|321\/714
|-damage|p1a: Bat Mobile|97\/329|[from] recoil|[of] p2a: Blissey
|move|p2a: Blissey|Counter|p1a: Bat Mobile
|-damage|p1a: Bat Mobile|0 fnt
|faint|p1a: Bat Mobile
|
|-heal|p2a: Blissey|365\/714|[from] item: Leftovers
|c| snakeindagrass|so i can battle chimpact
|
|switch|p1a: Pick the Cotton|Whimsicott, F|261\/261
|turn|58
|
|switch|p2a: Hydreigon|Hydreigon, F|256\/388 brn
|-damage|p2a: Hydreigon|208\/388 brn|[from] Stealth Rock
|move|p1a: Pick the Cotton|Encore|p2a: Hydreigon
|-fail|p2a: Hydreigon
|
|-damage|p2a: Hydreigon|160\/388 brn|[from] brn
|turn|59
|
|move|p1a: Pick the Cotton|Moonblast|p2a: Hydreigon
|-supereffective|p2a: Hydreigon
|-damage|p2a: Hydreigon|0 fnt
|faint|p2a: Hydreigon
|
|
|switch|p2a: Blissey|Blissey, F|365\/714
|-damage|p2a: Blissey|276\/714|[from] Stealth Rock
|turn|60
|
|move|p1a: Pick the Cotton|Moonblast|p2a: Blissey
|-damage|p2a: Blissey|183\/714
|move|p2a: Blissey|Soft-Boiled|p2a: Blissey
|-heal|p2a: Blissey|540\/714
|
|-heal|p2a: Blissey|584\/714|[from] item: Leftovers
|turn|61
|
|move|p1a: Pick the Cotton|Encore|p2a: Blissey
|-start|p2a: Blissey|Encore
|move|p2a: Blissey|Soft-Boiled|p2a: Blissey
|-heal|p2a: Blissey|714\/714
|
|turn|62
|c| Shit User|zzz
|
|move|p1a: Pick the Cotton|U-turn|p2a: Blissey
|-damage|p2a: Blissey|649\/714
|
|switch|p1a: Master Shifu|Mienshao, F|271\/271
|move|p2a: Blissey|Soft-Boiled|p2a: Blissey
|-heal|p2a: Blissey|714\/714
|
|turn|63
|c| Shit User|why would you
|c| Shit User|ok
|
|move|p1a: Master Shifu|High Jump Kick|p2a: Blissey
|-supereffective|p2a: Blissey
|-damage|p2a: Blissey|0 fnt
|faint|p2a: Blissey
|
|win|hairy toenail
|raw|Ladder updating...
|c| Shit User|cool
|join|charmer 2.0
|raw|hairy toenail's rating: 1398 &rarr; <strong>1405<\/strong><br \/>(+7 for winning)
|raw|ThisIsMaster's rating: 1113 &rarr; <strong>1105<\/strong><br \/>(-8 for losing)
|c|âThisIsMaster|gg
|c|âhairy toenail|gg
|c| Shit User|nah
|leave|hairy toenail
|player|p1
|leave|snakeindagrass
|leave|charmer 2.0
|leave|Shit User