|join|dudman
|join|hairy toenail
|player|p1|dudman|171
|player|p2|hairy toenail|147
|gametype|singles
|gen|6
|tier|UU
|rated
|rule|Sleep Clause Mod: Limit one foe put to sleep
|rule|Species Clause: Limit one of each PokÃ©mon
|rule|OHKO Clause: OHKO moves are banned
|rule|Moody Clause: Moody is banned
|rule|Evasion Moves Clause: Evasion moves are banned
|rule|Endless Battle Clause: Forcing endless battles is banned
|rule|HP Percentage Mod: HP is shown in percentages
|clearpoke
|poke|p1|Mienshao, F
|poke|p1|Krookodile, F
|poke|p1|Suicune
|poke|p1|Whimsicott, M
|poke|p1|Golurk
|poke|p1|Alakazam, F
|poke|p2|Ampharos, M
|poke|p2|Vaporeon, F
|poke|p2|Gligar, F
|poke|p2|Cobalion
|poke|p2|Hydreigon, F
|poke|p2|Crobat, F
|rule|Swagger Clause: Swagger is banned
|rule|Baton Pass Clause: Limit one PokÃ©mon knowing Baton Pass
|teampreview
|
|start
|switch|p1a: Golurk|Golurk|379\/379
|switch|p2a: Crobat|Crobat, F|363\/363
|turn|1
|
|move|p2a: Crobat|Taunt|p1a: Golurk
|-start|p1a: Golurk|move: Taunt
|cant|p1a: Golurk|move: Taunt|Stealth Rock
|
|turn|2
|
|move|p2a: Crobat|U-turn|p1a: Golurk
|-resisted|p1a: Golurk
|-damage|p1a: Golurk|346\/379
|
|switch|p2a: Vaporeon|Vaporeon, F|463\/463
|move|p1a: Golurk|Dynamic Punch|p2a: Vaporeon
|-damage|p2a: Vaporeon|326\/463
|-start|p2a: Vaporeon|confusion
|
|-heal|p2a: Vaporeon|354\/463|[from] item: Leftovers
|turn|3
|
|switch|p1a: Whimsicott|Whimsicott, M|261\/261
|-activate|p2a: Vaporeon|confusion
|move|p2a: Vaporeon|Wish|p2a: Vaporeon
|
|-heal|p2a: Vaporeon|382\/463|[from] item: Leftovers
|turn|4
|
|switch|p2a: Crobat|Crobat, F|363\/363
|move|p1a: Whimsicott|U-turn|p2a: Crobat
|-resisted|p2a: Crobat
|-damage|p2a: Crobat|353\/363
|
|switch|p1a: Krookodile|Krookodile, F|331\/331
|-ability|p1a: Krookodile|Intimidate|[of] p2a: Crobat
|-unboost|p2a: Crobat|atk|1
|
|-heal|p2a: Crobat|363\/363|[from] move: Wish|[wisher] Vaporeon
|turn|5
|
|move|p2a: Crobat|U-turn|p1a: Krookodile
|-supereffective|p1a: Krookodile
|-damage|p1a: Krookodile|241\/331
|
|switch|p2a: Gligar|Gligar, F|334\/334
|move|p1a: Krookodile|Knock Off|p2a: Gligar
|-damage|p2a: Gligar|220\/334
|-enditem|p2a: Gligar|Eviolite|[from] move: Knock Off|[of] p1a: Krookodile
|
|turn|6
|join|So Dynamic
|
|move|p1a: Krookodile|Knock Off|p2a: Gligar
|-damage|p2a: Gligar|102\/334
|move|p2a: Gligar|Roost|p2a: Gligar
|-heal|p2a: Gligar|269\/334
|
|turn|7
|
|move|p1a: Krookodile|Knock Off|p2a: Gligar
|-damage|p2a: Gligar|148\/334
|move|p2a: Gligar|Roost|p2a: Gligar
|-heal|p2a: Gligar|315\/334
|
|turn|8
|join|wi0b23h
|
|move|p1a: Krookodile|Knock Off|p2a: Gligar
|-damage|p2a: Gligar|198\/334
|move|p2a: Gligar|U-turn|p1a: Krookodile
|-supereffective|p1a: Krookodile
|-damage|p1a: Krookodile|139\/331
|join|Tyler0
|
|switch|p2a: Cobalion|Cobalion|363\/363
|
|turn|9
|
|move|p2a: Cobalion|Stealth Rock|p1a: Krookodile
|-sidestart|p1: dudman|move: Stealth Rock
|move|p1a: Krookodile|Earthquake|p2a: Cobalion
|-supereffective|p2a: Cobalion
|-damage|p2a: Cobalion|115\/363
|
|-heal|p2a: Cobalion|137\/363|[from] item: Leftovers
|turn|10
|c| So Dynamic|u seem to be
|c| So Dynamic|a huge krook fan
|
|switch|p1a: Golurk|Golurk|346\/379
|-damage|p1a: Golurk|323\/379|[from] Stealth Rock
|move|p2a: Cobalion|Iron Head|p1a: Golurk
|-damage|p1a: Golurk|217\/379
|
|-heal|p2a: Cobalion|159\/363|[from] item: Leftovers
|turn|11
|c|âdudman|this guy seems to be a huge liberallucario fan
|leave|Tyler0
|c| So Dynamic|o i just noticed that
|
|switch|p2a: Crobat|Crobat, F|363\/363
|move|p1a: Golurk|Dynamic Punch|p2a: Crobat
|-resisted|p2a: Crobat
|-damage|p2a: Crobat|327\/363
|-start|p2a: Crobat|confusion
|
|turn|12
|
|switch|p2a: Hydreigon|Hydreigon, F|325\/325
|move|p1a: Golurk|Stealth Rock|p2a: Hydreigon
|-sidestart|p2: hairy toenail|move: Stealth Rock
|
|turn|13
|
|move|p2a: Hydreigon|Dark Pulse|p1a: Golurk
|-supereffective|p1a: Golurk
|-enditem|p1a: Golurk|Colbur Berry|[eat]
|-damage|p1a: Golurk|46\/379
|move|p1a: Golurk|Dynamic Punch|p2a: Hydreigon
|-supereffective|p2a: Hydreigon
|-damage|p2a: Hydreigon|57\/325
|-start|p2a: Hydreigon|confusion
|
|turn|14
|c| So Dynamic|epic
|join|Dad's Dad
|c| So Dynamic|works 
|c| So Dynamic|every time
|
|switch|p1a: Krookodile|Krookodile, F|139\/331
|-damage|p1a: Krookodile|119\/331|[from] Stealth Rock
|-ability|p1a: Krookodile|Intimidate|[of] p2a: Hydreigon
|-unboost|p2a: Hydreigon|atk|1
|-activate|p2a: Hydreigon|confusion
|move|p2a: Hydreigon|Dark Pulse|p1a: Krookodile
|-resisted|p1a: Krookodile
|-damage|p1a: Krookodile|34\/331
|
|turn|15
|c|âdudman|misclick kek
|
|-activate|p2a: Hydreigon|confusion
|-damage|p2a: Hydreigon|34\/325|[from] confusion
|move|p1a: Krookodile|Knock Off|p2a: Hydreigon
|-resisted|p2a: Hydreigon
|-damage|p2a: Hydreigon|0 fnt
|-enditem|p2a: Hydreigon|Choice Scarf|[from] move: Knock Off|[of] p1a: Krookodile
|faint|p2a: Hydreigon
|
|
|switch|p2a: Cobalion|Cobalion|159\/363
|-damage|p2a: Cobalion|148\/363|[from] Stealth Rock
|turn|16
|c| So Dynamic|zam check umber 1 down
|
|switch|p1a: Golurk|Golurk|46\/379
|-damage|p1a: Golurk|23\/379|[from] Stealth Rock
|move|p2a: Cobalion|Iron Head|p1a: Golurk
|-damage|p1a: Golurk|0 fnt
|faint|p1a: Golurk
|
|-heal|p2a: Cobalion|170\/363|[from] item: Leftovers
|
|switch|p1a: Mienshao|Mienshao, F|271\/271
|-damage|p1a: Mienshao|255\/271|[from] Stealth Rock
|turn|17
|
|switch|p2a: Gligar|Gligar, F|198\/334
|-damage|p2a: Gligar|157\/334|[from] Stealth Rock
|move|p1a: Mienshao|High Jump Kick|p2a: Gligar
|-resisted|p2a: Gligar
|-damage|p2a: Gligar|23\/334
|
|turn|18
|
|move|p1a: Mienshao|High Jump Kick|p2a: Gligar
|-resisted|p2a: Gligar
|-damage|p2a: Gligar|0 fnt
|faint|p2a: Gligar
|
|
|switch|p2a: Crobat|Crobat, F|327\/363
|-damage|p2a: Crobat|237\/363|[from] Stealth Rock
|turn|19
|
|move|p1a: Mienshao|High Jump Kick|p2a: Crobat
|-resisted|p2a: Crobat
|-damage|p2a: Crobat|163\/363
|move|p2a: Crobat|Acrobatics|p1a: Mienshao
|-supereffective|p1a: Mienshao
|-damage|p1a: Mienshao|0 fnt
|faint|p1a: Mienshao
|
|
|switch|p1a: Suicune|Suicune|388\/388
|-damage|p1a: Suicune|340\/388|[from] Stealth Rock
|-ability|p1a: Suicune|Pressure
|turn|20
|
|move|p2a: Crobat|Roost|p2a: Crobat
|-heal|p2a: Crobat|345\/363
|move|p1a: Suicune|Calm Mind|p1a: Suicune
|-boost|p1a: Suicune|spa|1
|-boost|p1a: Suicune|spd|1
|
|-heal|p1a: Suicune|364\/388|[from] item: Leftovers
|turn|21
|
|move|p2a: Crobat|Taunt|p1a: Suicune
|-start|p1a: Suicune|move: Taunt
|cant|p1a: Suicune|move: Taunt|Calm Mind
|
|-heal|p1a: Suicune|388\/388|[from] item: Leftovers
|turn|22
|
|move|p2a: Crobat|U-turn|p1a: Suicune
|-damage|p1a: Suicune|334\/388
|
|switch|p2a: Vaporeon|Vaporeon, F|382\/463
|-damage|p2a: Vaporeon|325\/463|[from] Stealth Rock
|move|p1a: Suicune|Scald|p2a: Vaporeon
|-heal|p2a: Vaporeon|440\/463|[from] ability: Water Absorb|[of] p1a: Suicune
|
|-heal|p1a: Suicune|358\/388|[from] item: Leftovers
|-heal|p2a: Vaporeon|463\/463|[from] item: Leftovers
|turn|23
|
|move|p1a: Suicune|Scald|p2a: Vaporeon
|-immune|p2a: Vaporeon|[msg]
|move|p2a: Vaporeon|Baton Pass|p2a: Vaporeon
|
|switch|p2a: Ampharos|Ampharos, M|373\/373
|-damage|p2a: Ampharos|327\/373|[from] Stealth Rock
|
|-heal|p1a: Suicune|382\/388|[from] item: Leftovers
|-end|p1a: Suicune|move: Taunt
|turn|24
|
|detailschange|p2a: Ampharos|Ampharos-Mega, M
|message|Ampharos has Mega Evolved into Mega Ampharos!
|-ability|p2a: Ampharos|Mold Breaker
|move|p1a: Suicune|Ice Beam|p2a: Ampharos
|-supereffective|p2a: Ampharos
|-damage|p2a: Ampharos|93\/373
|move|p2a: Ampharos|Dragon Pulse|p1a: Suicune
|-damage|p1a: Suicune|258\/388
|
|-heal|p1a: Suicune|282\/388|[from] item: Leftovers
|turn|25
|
|switch|p1a: Whimsicott|Whimsicott, M|261\/261
|-damage|p1a: Whimsicott|229\/261|[from] Stealth Rock
|switch|p2a: Vaporeon|Vaporeon, F|463\/463
|-damage|p2a: Vaporeon|406\/463|[from] Stealth Rock
|
|-heal|p1a: Whimsicott|245\/261|[from] item: Leftovers
|-heal|p2a: Vaporeon|434\/463|[from] item: Leftovers
|turn|26
|
|switch|p2a: Crobat|Crobat, F|345\/363
|-damage|p2a: Crobat|255\/363|[from] Stealth Rock
|move|p1a: Whimsicott|U-turn|p2a: Crobat
|-resisted|p2a: Crobat
|-damage|p2a: Crobat|245\/363
|
|switch|p1a: Suicune|Suicune|282\/388
|-damage|p1a: Suicune|234\/388|[from] Stealth Rock
|-ability|p1a: Suicune|Pressure
|
|-heal|p1a: Suicune|258\/388|[from] item: Leftovers
|turn|27
|
|move|p2a: Crobat|U-turn|p1a: Suicune
|-damage|p1a: Suicune|211\/388
|
|switch|p2a: Vaporeon|Vaporeon, F|434\/463
|-damage|p2a: Vaporeon|377\/463|[from] Stealth Rock
|move|p1a: Suicune|Scald|p2a: Vaporeon
|-heal|p2a: Vaporeon|463\/463|[from] ability: Water Absorb|[of] p1a: Suicune
|
|-heal|p1a: Suicune|235\/388|[from] item: Leftovers
|turn|28
|join|Antto testing
|c| Dad's Dad|get rekt scruub
|
|switch|p1a: Krookodile|Krookodile, F|34\/331
|-damage|p1a: Krookodile|14\/331|[from] Stealth Rock
|-ability|p1a: Krookodile|Intimidate|[of] p2a: Vaporeon
|-unboost|p2a: Vaporeon|atk|1
|move|p2a: Vaporeon|Wish|p2a: Vaporeon
|
|turn|29
|
|move|p1a: Krookodile|Earthquake|p2a: Vaporeon
|-damage|p2a: Vaporeon|279\/463
|move|p2a: Vaporeon|Scald|p1a: Krookodile
|-supereffective|p1a: Krookodile
|-damage|p1a: Krookodile|0 fnt
|faint|p1a: Krookodile
|
|-heal|p2a: Vaporeon|463\/463|[from] move: Wish|[wisher] Vaporeon
|c|âdudman|kek
|c|âdudman|it's all
|c|âdudman|over
|
|switch|p1a: Alakazam|Alakazam, F|252\/252
|turn|30
|
|detailschange|p1a: Alakazam|Alakazam-Mega, F
|message|Alakazam has Mega Evolved into Mega Alakazam!
|-ability|p1a: Alakazam|Water Absorb|[from] ability: Trace|[of] p2a: Vaporeon
|move|p1a: Alakazam|Calm Mind|p1a: Alakazam
|-boost|p1a: Alakazam|spa|1
|-boost|p1a: Alakazam|spd|1
|move|p2a: Vaporeon|Scald|p1a: Alakazam
|-immune|p1a: Alakazam|[msg]
|
|turn|31
|c|âdudman|epicccccccccccccc
|c| wi0b23h|oh my
|c| Dad's Dad|GAET
|c| Dad's Dad|REKT
|c| wi0b23h|kekman
|
|switch|p2a: Cobalion|Cobalion|170\/363
|-damage|p2a: Cobalion|159\/363|[from] Stealth Rock
|move|p1a: Alakazam|Psyshock|p2a: Cobalion
|-damage|p2a: Cobalion|0 fnt
|faint|p2a: Cobalion
|
|
|switch|p2a: Crobat|Crobat, F|245\/363
|-damage|p2a: Crobat|155\/363|[from] Stealth Rock
|turn|32
|c| So Dynamic|scarfbat here
|c| Dad's Dad|g fukn g
|
|move|p1a: Alakazam|Psyshock|p2a: Crobat
|-supereffective|p2a: Crobat
|-damage|p2a: Crobat|0 fnt
|faint|p2a: Crobat
|
|
|switch|p2a: Vaporeon|Vaporeon, F|463\/463
|-damage|p2a: Vaporeon|406\/463|[from] Stealth Rock
|turn|33
|c|âdudman|call it
|c|âdudman|a check
|
|move|p1a: Alakazam|Psyshock|p2a: Vaporeon
|-damage|p2a: Vaporeon|48\/463
|move|p2a: Vaporeon|Wish|p2a: Vaporeon
|
|-heal|p2a: Vaporeon|76\/463|[from] item: Leftovers
|turn|34
|c| wi0b23h|Oh baby
|
|move|p1a: Alakazam|Psyshock|p2a: Vaporeon
|-damage|p2a: Vaporeon|0 fnt
|faint|p2a: Vaporeon
|
|
|switch|p2a: Ampharos|Ampharos-Mega, M|93\/373
|-damage|p2a: Ampharos|47\/373|[from] Stealth Rock
|-ability|p2a: Ampharos|Mold Breaker
|turn|35
|
|move|p1a: Alakazam|Psyshock|p2a: Ampharos
|-damage|p2a: Ampharos|0 fnt
|faint|p2a: Ampharos
|
|win|dudman
|raw|Ladder updating...
|raw|dudman's rating: 1692 &rarr; <strong>1705<\/strong><br \/>(+13 for winning)
|raw|hairy toenail's rating: 1579 &rarr; <strong>1565<\/strong><br \/>(-14 for losing)