|join|hairy toenail
|join|MartinJStark
|player|p1|hairy toenail|147
|player|p2|MartinJStark|169
|gametype|singles
|gen|6
|tier|UU
|rated
|rule|Sleep Clause Mod: Limit one foe put to sleep
|rule|Species Clause: Limit one of each PokÃ©mon
|rule|OHKO Clause: OHKO moves are banned
|rule|Moody Clause: Moody is banned
|rule|Evasion Moves Clause: Evasion moves are banned
|rule|Endless Battle Clause: Forcing endless battles is banned
|rule|HP Percentage Mod: HP is shown in percentages
|clearpoke
|poke|p1|Kingdra, M
|poke|p1|Crobat, M
|poke|p1|Cobalion
|poke|p1|Jirachi
|poke|p1|Swampert, F
|poke|p1|Shaymin
|poke|p2|Donphan, M
|poke|p2|Vaporeon, M
|poke|p2|Entei, shiny
|poke|p2|Kingdra, F
|poke|p2|Scrafty, F
|poke|p2|Trevenant, M
|rule|Swagger Clause: Swagger is banned
|rule|Baton Pass Clause: Limit one PokÃ©mon knowing Baton Pass
|teampreview
|join|LiberalLucario
|c|âhairy toenail|hf
|c| LiberalLucario|is that the legendary sub dd kingdra
|
|start
|switch|p1a: Swampert|Swampert, F|401\/401
|switch|p2a: Kingdra|Kingdra, F|291\/291
|turn|1
|
|move|p2a: Kingdra|Hidden Power|p1a: Swampert
|-supereffective|p1a: Swampert
|-damage|p1a: Swampert|0 fnt
|faint|p1a: Swampert
|
|c| LiberalLucario|bop.
|join|shyamamallama
|c| shyamamallama|did u get outinnovated
|c| shyamamallama|U DID
|c| shyamamallama|HO
|c| shyamamallama|SHIT
|c|âhairy toenail|i just jizzed
|c| shyamamallama|and by a nigga using scrafty
|c|âhairy toenail|everywhere
|c| shyamamallama|jesus christ
|c| shyamamallama|ur bad
|c|âhairy toenail|shut up egg
|c| shyamamallama|ur family is bad
|join|the bravest birds
|leave|shyamamallama
|
|switch|p1a: Kingdra|Kingdra, M|291\/291
|turn|2
|
|switch|p2a: Vaporeon|Vaporeon, M|464\/464
|move|p1a: Kingdra|Dragon Dance|p1a: Kingdra
|-boost|p1a: Kingdra|atk|1
|-boost|p1a: Kingdra|spe|1
|
|turn|3
|
|move|p1a: Kingdra|Dragon Dance|p1a: Kingdra
|-boost|p1a: Kingdra|atk|1
|-boost|p1a: Kingdra|spe|1
|move|p2a: Vaporeon|Toxic|p1a: Kingdra
|-status|p1a: Kingdra|tox
|
|-damage|p1a: Kingdra|273\/291 tox|[from] psn
|turn|4
|
|switch|p2a: Kingdra|Kingdra, F|291\/291
|move|p1a: Kingdra|Dragon Dance|p1a: Kingdra
|-boost|p1a: Kingdra|atk|1
|-boost|p1a: Kingdra|spe|1
|
|-damage|p1a: Kingdra|237\/291 tox|[from] psn
|turn|5
|
|move|p1a: Kingdra|Outrage|p2a: Kingdra
|-crit|p2a: Kingdra
|-supereffective|p2a: Kingdra
|-damage|p2a: Kingdra|0 fnt
|faint|p2a: Kingdra
|
|-damage|p1a: Kingdra|183\/291 tox|[from] psn
|
|switch|p2a: Donphan|Donphan, M|384\/384
|turn|6
|
|move|p1a: Kingdra|Outrage|p2a: Donphan
|-crit|p2a: Donphan
|-activate|p2a: Donphan|Sturdy
|-damage|p2a: Donphan|1\/384
|move|p2a: Donphan|Earthquake|p1a: Kingdra
|-damage|p1a: Kingdra|50\/291 tox
|
|-heal|p2a: Donphan|25\/384|[from] item: Leftovers
|-damage|p1a: Kingdra|0 fnt|[from] psn
|faint|p1a: Kingdra
|join|dodmen
|
|switch|p1a: Crobat|Crobat, M|356\/356
|turn|7
|
|move|p1a: Crobat|Acrobatics|p2a: Donphan
|-damage|p2a: Donphan|0 fnt
|faint|p2a: Donphan
|
|
|switch|p2a: Entei|Entei, shiny|371\/371
|-ability|p2a: Entei|Pressure
|turn|8
|
|move|p1a: Crobat|U-turn|p2a: Entei
|-resisted|p2a: Entei
|-damage|p2a: Entei|336\/371
|
|switch|p1a: Jirachi|Jirachi|341\/341
|move|p2a: Entei|Sacred Fire|p1a: Jirachi
|-supereffective|p1a: Jirachi
|-damage|p1a: Jirachi|0 fnt
|faint|p1a: Jirachi
|
|
|switch|p1a: Cobalion|Cobalion|323\/323
|turn|9
|
|move|p1a: Cobalion|Close Combat|p2a: Entei
|-damage|p2a: Entei|134\/371
|-unboost|p1a: Cobalion|def|1
|-unboost|p1a: Cobalion|spd|1
|move|p2a: Entei|Sacred Fire|p1a: Cobalion
|-supereffective|p1a: Cobalion
|-damage|p1a: Cobalion|0 fnt
|faint|p1a: Cobalion
|
|
|switch|p1a: Shaymin|Shaymin|341\/341
|turn|10
|
|switch|p2a: Vaporeon|Vaporeon, M|464\/464
|move|p1a: Shaymin|Earth Power|p2a: Vaporeon
|-damage|p2a: Vaporeon|377\/464
|-damage|p1a: Shaymin|307\/341|[from] item: Life Orb
|
|-heal|p2a: Vaporeon|406\/464|[from] item: Leftovers
|turn|11
|
|move|p1a: Shaymin|Seed Flare|p2a: Vaporeon|[miss]
|-miss|p1a: Shaymin|p2a: Vaporeon
|move|p2a: Vaporeon|Wish|p2a: Vaporeon
|
|-heal|p2a: Vaporeon|435\/464|[from] item: Leftovers
|turn|12
|
|switch|p2a: Trevenant|Trevenant, M|374\/374
|move|p1a: Shaymin|Earth Power|p2a: Trevenant
|-resisted|p2a: Trevenant
|-damage|p2a: Trevenant|304\/374
|-damage|p1a: Shaymin|273\/341|[from] item: Life Orb
|
|-heal|p2a: Trevenant|374\/374|[from] move: Wish|[wisher] Vaporeon
|turn|13
|
|move|p1a: Shaymin|Dazzling Gleam|p2a: Trevenant
|-damage|p2a: Trevenant|253\/374
|-damage|p1a: Shaymin|239\/341|[from] item: Life Orb
|move|p2a: Trevenant|Will-O-Wisp|p1a: Shaymin
|-status|p1a: Shaymin|brn
|
|-damage|p1a: Shaymin|197\/341 brn|[from] brn
|turn|14
|join|uunubnub
|
|move|p1a: Shaymin|Rest|p1a: Shaymin
|-status|p1a: Shaymin|slp
|-heal|p1a: Shaymin|341\/341 slp|[silent]
|-status|p1a: Shaymin|slp|[from] move: Rest
|move|p2a: Trevenant|Rest|p2a: Trevenant
|-status|p2a: Trevenant|slp
|-heal|p2a: Trevenant|374\/374 slp|[silent]
|-status|p2a: Trevenant|slp|[from] move: Rest
|-enditem|p2a: Trevenant|Lum Berry|[eat]
|-curestatus|p2a: Trevenant|slp
|
|-item|p2a: Trevenant|Lum Berry|[from] ability: Harvest
|turn|15
|
|switch|p1a: Crobat|Crobat, M|356\/356
|switch|p2a: Entei|Entei, shiny|134\/371
|-ability|p2a: Entei|Pressure
|
|turn|16
|
|switch|p2a: Vaporeon|Vaporeon, M|435\/464
|move|p1a: Crobat|Acrobatics|p2a: Vaporeon
|-damage|p2a: Vaporeon|248\/464
|
|-heal|p2a: Vaporeon|277\/464|[from] item: Leftovers
|turn|17
|
|move|p1a: Crobat|Acrobatics|p2a: Vaporeon
|-damage|p2a: Vaporeon|58\/464
|move|p2a: Vaporeon|Wish|p2a: Vaporeon
|
|-heal|p2a: Vaporeon|87\/464|[from] item: Leftovers
|turn|18
|join|shyamamallama
|
|switch|p1a: Shaymin|Shaymin|341\/341
|move|p2a: Vaporeon|Scald|p1a: Shaymin
|-resisted|p1a: Shaymin
|-damage|p1a: Shaymin|290\/341
|
|-heal|p2a: Vaporeon|319\/464|[from] move: Wish|[wisher] Vaporeon
|-heal|p2a: Vaporeon|348\/464|[from] item: Leftovers
|turn|19
|
|switch|p1a: Crobat|Crobat, M|356\/356
|move|p2a: Vaporeon|Wish|p2a: Vaporeon
|
|-heal|p2a: Vaporeon|377\/464|[from] item: Leftovers
|turn|20
|
|move|p1a: Crobat|U-turn|p2a: Vaporeon
|-damage|p2a: Vaporeon|292\/464
|
|switch|p1a: Shaymin|Shaymin|290\/341
|move|p2a: Vaporeon|Scald|p1a: Shaymin
|-crit|p1a: Shaymin
|-resisted|p1a: Shaymin
|-damage|p1a: Shaymin|218\/341
|-status|p1a: Shaymin|brn
|
|-heal|p2a: Vaporeon|464\/464|[from] move: Wish|[wisher] Vaporeon
|-damage|p1a: Shaymin|176\/341 brn|[from] brn
|turn|21
|join|brokenwings
|
|switch|p1a: Crobat|Crobat, M|356\/356
|move|p2a: Vaporeon|Scald|p1a: Crobat
|-damage|p1a: Crobat|226\/356
|
|turn|22
|c| brokenwings|LOL
|c|âhairy toenail|WHY ARE YOU STAYING IN
|
|move|p1a: Crobat|U-turn|p2a: Vaporeon
|-damage|p2a: Vaporeon|374\/464
|c|âMartinJStark|dude, its a game
|c| Exeggutor|yeah dude its a game
|
|switch|p1a: Shaymin|Shaymin|176\/341
|move|p2a: Vaporeon|Scald|p1a: Shaymin
|-resisted|p1a: Shaymin
|-damage|p1a: Shaymin|128\/341
|
|-heal|p2a: Vaporeon|403\/464|[from] item: Leftovers
|turn|23
|c|âhairy toenail|sorry
|c|âMartinJStark|Im not a pro hahaha
|c| Exeggutor|well man
|c| Exeggutor|let me just
|c| Exeggutor|drop some advice on u
|c| brokenwings|get fucking predicted noob
|
|move|p1a: Shaymin|Seed Flare|p2a: Vaporeon
|-supereffective|p2a: Vaporeon
|-damage|p2a: Vaporeon|65\/464
|-unboost|p2a: Vaporeon|spd|2
|-damage|p1a: Shaymin|94\/341|[from] item: Life Orb
|move|p2a: Vaporeon|Scald|p1a: Shaymin
|-resisted|p1a: Shaymin
|-damage|p1a: Shaymin|46\/341
|
|-heal|p2a: Vaporeon|94\/464|[from] item: Leftovers
|turn|24
|c| Exeggutor|some attacks are supereffective
|c| Exeggutor|u wanna avoid those
|c| brokenwings|hairy toenail
|c| Exeggutor|by all means
|c| Exeggutor|possible
|
|move|p1a: Shaymin|Dazzling Gleam|p2a: Vaporeon
|-damage|p2a: Vaporeon|0 fnt
|-damage|p1a: Shaymin|12\/341|[from] item: Life Orb
|faint|p2a: Vaporeon
|
|c| the bravest birds|he's spdef !!!
|c| the bravest birds|he's spdef !!!
|c| Exeggutor|fake out scrafty!!!
|c| uunubnub|rank exeggutor
|
|switch|p2a: Entei|Entei, shiny|134\/371
|-ability|p2a: Entei|Pressure
|turn|25
|c| Exeggutor|who you think u are
|
|move|p2a: Entei|Extreme Speed|p1a: Shaymin
|-damage|p1a: Shaymin|0 fnt
|faint|p1a: Shaymin
|
|c| Exeggutor|got em
|
|switch|p1a: Crobat|Crobat, M|226\/356
|turn|26
|
|move|p2a: Entei|Extreme Speed|p1a: Crobat
|-damage|p1a: Crobat|62\/356
|move|p1a: Crobat|Acrobatics|p2a: Entei
|-damage|p2a: Entei|0 fnt
|faint|p2a: Entei
|
|c|âMartinJStark|gg i guess
|
|switch|p2a: Scrafty|Scrafty, F|333\/333
|turn|27
|
|move|p1a: Crobat|Roost|p1a: Crobat
|-heal|p1a: Crobat|240\/356
|move|p2a: Scrafty|Ice Punch|p1a: Crobat
|-damage|p1a: Crobat|154\/356
|
|turn|28
|
|move|p1a: Crobat|Roost|p1a: Crobat
|-heal|p1a: Crobat|332\/356
|move|p2a: Scrafty|Zen Headbutt|p1a: Crobat
|-supereffective|p1a: Crobat
|-damage|p1a: Crobat|138\/356
|
|turn|29
|c| Exeggutor|O SHIT
|
|move|p1a: Crobat|Acrobatics|p2a: Scrafty
|-supereffective|p2a: Scrafty
|-damage|p2a: Scrafty|85\/333
|move|p2a: Scrafty|Ice Punch|p1a: Crobat
|-supereffective|p1a: Crobat
|-damage|p1a: Crobat|0 fnt
|faint|p1a: Crobat
|-boost|p2a: Scrafty|atk|1|[from] ability: Moxie
|
|win|MartinJStark
|raw|Ladder updating...
|raw|hairy toenail's rating: 1568 &rarr; <strong>1534<\/strong><br \/>(-34 for losing)
|raw|MartinJStark's rating: 1283 &rarr; <strong>1325<\/strong><br \/>(+42 for winning)
|c| Exeggutor|LOL
|c| the bravest birds|LOL
|c| Exeggutor|LOOOOOOL
|c| the bravest birds|LOL
|c| the bravest birds|LOL
|c| the bravest birds|LOL
|c| the bravest birds|LOL
|c| the bravest birds|LOL
|c| the bravest birds|LOL
|c| the bravest birds|LOL
|c| the bravest birds|LOL
|c| the bravest birds|LOL
|c| brokenwings|gg
|c| uunubnub|ohhh HT..
|c|âMartinJStark|gg man
|leave|uunubnub
|c|âhairy toenail|gg
|leave|hairy toenail
|leave|brokenwings
|player|p1
|leave|dodmen
|leave|MartinJStark
|player|p2
|leave|Exeggutor