|join|subzeromkx
|join|traveloka
|player|p1|subzeromkx|20
|player|p2|traveloka|31
|gametype|singles
|gen|6
|tier|OU
|rated
|clearpoke
|poke|p1|Garchomp, M
|poke|p1|Landorus, M
|poke|p1|Gardevoir, F, shiny
|poke|p1|Breloom, M
|poke|p1|Bisharp, M
|poke|p1|Latias, F
|poke|p2|Keldeo
|poke|p2|Heatran, F, shiny
|poke|p2|Ferrothorn, M, shiny
|poke|p2|Clefable, M
|poke|p2|Latios, M, shiny
|poke|p2|Lopunny, F
|rule|Swagger Clause: Swagger is banned
|rule|Baton Pass Clause: Limit one PokÃ©mon knowing Baton Pass
|rule|Sleep Clause Mod: Limit one foe put to sleep
|rule|Species Clause: Limit one of each PokÃ©mon
|rule|OHKO Clause: OHKO moves are banned
|rule|Moody Clause: Moody is banned
|rule|Evasion Moves Clause: Evasion moves are banned
|rule|Endless Battle Clause: Forcing endless battles is banned
|rule|HP Percentage Mod: HP is shown in percentages
|teampreview
|
|start
|switch|p1a: Ugo|Landorus, M|319\/319
|switch|p2a: Lopunny|Lopunny, F|271\/271
|turn|1
|
|switch|p1a: Kisame|Garchomp, M|419\/419
|detailschange|p2a: Lopunny|Lopunny-Mega, F
|-mega|p2a: Lopunny|Lopunny|Lopunnite
|move|p2a: Lopunny|Fake Out|p1a: Kisame
|-damage|p1a: Kisame|359\/419
|-damage|p2a: Lopunny|238\/271|[from] ability: Rough Skin|[of] p1a: Kisame
|-damage|p2a: Lopunny|193\/271|[from] item: Rocky Helmet|[of] p1a: Kisame
|
|turn|2
|
|switch|p2a: Clefable|Clefable, M|394\/394
|move|p1a: Kisame|Stealth Rock|p2a: Clefable
|-sidestart|p2: traveloka|move: Stealth Rock
|
|turn|3
|
|switch|p1a: Ugo|Landorus, M|319\/319
|move|p2a: Clefable|Stealth Rock|p1a: Ugo
|-sidestart|p1: subzeromkx|move: Stealth Rock
|
|turn|4
|
|switch|p2a: Latios|Latios, M, shiny|302\/302
|-damage|p2a: Latios|265\/302|[from] Stealth Rock
|move|p1a: Ugo|Sludge Wave|p2a: Latios
|-crit|p2a: Latios
|-damage|p2a: Latios|35\/302
|
|turn|5
|
|switch|p1a: Madara|Bisharp, M|334\/334
|-damage|p1a: Madara|314\/334|[from] Stealth Rock
|move|p2a: Latios|Trick|p1a: Madara
|-activate|p2a: Latios|move: Trick|[of] p1a: Madara
|-item|p1a: Madara|Choice Scarf|[from] move: Trick
|-item|p2a: Latios|Assault Vest|[from] move: Trick
|
|turn|6
|
|move|p2a: Latios|Draco Meteor|p1a: Madara
|-resisted|p1a: Madara
|-damage|p1a: Madara|147\/334
|-unboost|p2a: Latios|spa|2
|move|p1a: Madara|Pursuit|p2a: Latios
|-supereffective|p2a: Latios
|-damage|p2a: Latios|0 fnt
|faint|p2a: Latios
|
|
|switch|p2a: Keldeo|Keldeo|335\/335
|-damage|p2a: Keldeo|315\/335|[from] Stealth Rock
|turn|7
|
|switch|p1a: Latias|Latias, F|301\/301
|-damage|p1a: Latias|264\/301|[from] Stealth Rock
|move|p2a: Keldeo|Icy Wind|p1a: Latias
|-miss|p2a: Keldeo|p1a: Latias
|
|turn|8
|
|switch|p1a: Ugo|Landorus, M|319\/319
|-damage|p1a: Ugo|280\/319|[from] Stealth Rock
|switch|p2a: Clefable|Clefable, M|394\/394
|
|turn|9
|
|move|p1a: Ugo|Sludge Wave|p2a: Clefable
|-supereffective|p2a: Clefable
|-damage|p2a: Clefable|103\/394
|move|p2a: Clefable|Moonblast|p1a: Ugo
|-damage|p1a: Ugo|157\/319
|
|-heal|p2a: Clefable|127\/394|[from] item: Leftovers
|turn|10
|
|move|p1a: Ugo|Earth Power|p2a: Clefable
|-damage|p2a: Clefable|0 fnt
|faint|p2a: Clefable
|
|
|switch|p2a: Keldeo|Keldeo|315\/335
|-damage|p2a: Keldeo|295\/335|[from] Stealth Rock
|turn|11
|
|switch|p1a: Madara|Bisharp, M|147\/334
|-damage|p1a: Madara|127\/334|[from] Stealth Rock
|move|p2a: Keldeo|Hydro Pump|p1a: Madara
|-damage|p1a: Madara|0 fnt
|-damage|p2a: Keldeo|262\/335|[from] item: Life Orb
|faint|p1a: Madara
|
|
|switch|p1a: Hilda|Gardevoir, F, shiny|314\/314
|-damage|p1a: Hilda|275\/314|[from] Stealth Rock
|-ability|p1a: Hilda|Justified|[from] ability: Trace|[of] p2a: Keldeo
|turn|12
|
|switch|p2a: Heatran|Heatran, F, shiny|385\/385
|-damage|p2a: Heatran|337\/385|[from] Stealth Rock
|detailschange|p1a: Hilda|Gardevoir-Mega, F, shiny
|-mega|p1a: Hilda|Gardevoir|Gardevoirite
|move|p1a: Hilda|Hyper Voice|p2a: Heatran
|-resisted|p2a: Heatran
|-damage|p2a: Heatran|287\/385
|
|-heal|p2a: Heatran|311\/385|[from] item: Leftovers
|turn|13
|
|move|p1a: Hilda|Hidden Power|p2a: Heatran
|-supereffective|p2a: Heatran
|-damage|p2a: Heatran|35\/385
|move|p2a: Heatran|Lava Plume|p1a: Hilda
|-damage|p1a: Hilda|187\/314
|
|-heal|p2a: Heatran|59\/385|[from] item: Leftovers
|turn|14
|
|switch|p2a: Ferrothorn|Ferrothorn, M, shiny|352\/352
|-damage|p2a: Ferrothorn|330\/352|[from] Stealth Rock
|move|p1a: Hilda|Psyshock|p2a: Ferrothorn
|-resisted|p2a: Ferrothorn
|-damage|p2a: Ferrothorn|267\/352
|
|-heal|p2a: Ferrothorn|289\/352|[from] item: Leftovers
|turn|15
|
|move|p1a: Hilda|Taunt|p2a: Ferrothorn
|-start|p2a: Ferrothorn|move: Taunt
|move|p2a: Ferrothorn|Gyro Ball|p1a: Hilda
|-supereffective|p1a: Hilda
|-damage|p1a: Hilda|0 fnt
|faint|p1a: Hilda
|
|-heal|p2a: Ferrothorn|311\/352|[from] item: Leftovers
|
|switch|p1a: Kisame|Garchomp, M|359\/419
|-damage|p1a: Kisame|333\/419|[from] Stealth Rock
|turn|16
|
|switch|p2a: Heatran|Heatran, F, shiny|59\/385
|-damage|p2a: Heatran|11\/385|[from] Stealth Rock
|move|p1a: Kisame|Earthquake|p2a: Heatran
|-supereffective|p2a: Heatran
|-damage|p2a: Heatran|0 fnt
|faint|p2a: Heatran
|
|
|switch|p2a: Lopunny|Lopunny-Mega, F|193\/271
|-damage|p2a: Lopunny|177\/271|[from] Stealth Rock
|turn|17
|
|move|p2a: Lopunny|Fake Out|p1a: Kisame
|-damage|p1a: Kisame|272\/419
|-damage|p2a: Lopunny|144\/271|[from] ability: Rough Skin|[of] p1a: Kisame
|-damage|p2a: Lopunny|99\/271|[from] item: Rocky Helmet|[of] p1a: Kisame
|cant|p1a: Kisame|flinch
|
|turn|18
|
|move|p2a: Lopunny|Ice Punch|p1a: Kisame
|-supereffective|p1a: Kisame
|-damage|p1a: Kisame|0 fnt
|-damage|p2a: Lopunny|66\/271|[from] ability: Rough Skin|[of] p1a: Kisame
|-damage|p2a: Lopunny|21\/271|[from] item: Rocky Helmet|[of] p1a: Kisame
|faint|p1a: Kisame
|
|
|switch|p1a: Kensei|Breloom, M|262\/262
|-damage|p1a: Kensei|246\/262|[from] Stealth Rock
|turn|19
|
|switch|p2a: Keldeo|Keldeo|262\/335
|-damage|p2a: Keldeo|242\/335|[from] Stealth Rock
|move|p1a: Kensei|Mach Punch|p2a: Keldeo
|-damage|p2a: Keldeo|65\/335
|-damage|p1a: Kensei|220\/262|[from] item: Life Orb
|
|turn|20
|
|switch|p2a: Ferrothorn|Ferrothorn, M, shiny|311\/352
|-damage|p2a: Ferrothorn|289\/352|[from] Stealth Rock
|move|p1a: Kensei|Mach Punch|p2a: Ferrothorn
|-supereffective|p2a: Ferrothorn
|-damage|p2a: Ferrothorn|78\/352
|-damage|p1a: Kensei|188\/262|[from] ability: Iron Barbs|[of] p2a: Ferrothorn
|-damage|p1a: Kensei|162\/262|[from] item: Life Orb
|
|-heal|p2a: Ferrothorn|100\/352|[from] item: Leftovers
|turn|21
|
|move|p1a: Kensei|Mach Punch|p2a: Ferrothorn
|-supereffective|p2a: Ferrothorn
|-damage|p2a: Ferrothorn|0 fnt
|-damage|p1a: Kensei|130\/262|[from] ability: Iron Barbs|[of] p2a: Ferrothorn
|-damage|p1a: Kensei|104\/262|[from] item: Life Orb
|faint|p2a: Ferrothorn
|
|
|switch|p2a: Lopunny|Lopunny-Mega, F|21\/271
|-damage|p2a: Lopunny|5\/271|[from] Stealth Rock
|turn|22
|
|switch|p1a: Ugo|Landorus, M|157\/319
|-damage|p1a: Ugo|118\/319|[from] Stealth Rock
|move|p2a: Lopunny|Fake Out|p1a: Ugo
|-damage|p1a: Ugo|37\/319
|
|turn|23
|c|âsubzeromkx|gg
|c|âtraveloka|gg
|
|move|p2a: Lopunny|Return|p1a: Ugo
|-damage|p1a: Ugo|0 fnt
|faint|p1a: Ugo
|
|
|switch|p1a: Kensei|Breloom, M|104\/262
|-damage|p1a: Kensei|88\/262|[from] Stealth Rock
|turn|24
|
|move|p1a: Kensei|Mach Punch|p2a: Lopunny
|-supereffective|p2a: Lopunny
|-damage|p2a: Lopunny|0 fnt
|-damage|p1a: Kensei|62\/262|[from] item: Life Orb
|faint|p2a: Lopunny
|
|
|switch|p2a: Keldeo|Keldeo|65\/335
|-damage|p2a: Keldeo|45\/335|[from] Stealth Rock
|turn|25
|
|move|p1a: Kensei|Mach Punch|p2a: Keldeo
|-damage|p2a: Keldeo|0 fnt
|-damage|p1a: Kensei|36\/262|[from] item: Life Orb
|faint|p2a: Keldeo
|
|win|subzeromkx
|raw|Ladder updating...
|raw|subzeromkx's rating: 1849 &rarr; <strong>1860<\/strong><br \/>(+11 for winning)
|raw|traveloka's rating: 1675 &rarr; <strong>1665<\/strong><br \/>(-10 for losing)
|leave|traveloka
|player|p2
|leave|subzeromkx
|player|p1
|join|traveloka