|join|subzeromkx
|join|Lord Rhodes
|player|p1|subzeromkx|20
|player|p2|Lord Rhodes|282
|gametype|singles
|gen|6
|tier|OU
|rated
|clearpoke
|poke|p1|Garchomp, F
|poke|p1|Landorus, M
|poke|p1|Gardevoir, F, shiny
|poke|p1|Breloom, M
|poke|p1|Bisharp, M
|poke|p1|Latias, F
|poke|p2|Charizard, M
|poke|p2|Garchomp, M
|poke|p2|Starmie
|poke|p2|Tyranitar, M
|poke|p2|Raikou
|poke|p2|Landorus-Therian, M
|rule|Swagger Clause: Swagger is banned
|rule|Baton Pass Clause: Limit one PokÃ©mon knowing Baton Pass
|rule|Sleep Clause Mod: Limit one foe put to sleep
|rule|Species Clause: Limit one of each PokÃ©mon
|rule|OHKO Clause: OHKO moves are banned
|rule|Moody Clause: Moody is banned
|rule|Evasion Moves Clause: Evasion moves are banned
|rule|Endless Battle Clause: Forcing endless battles is banned
|rule|HP Percentage Mod: HP is shown in percentages
|teampreview
|join|Moonwalk away
|c|âLord Rhodes|hello
|c|âsubzeromkx|hi..
|
|start
|switch|p1a: Hilda|Gardevoir, F, shiny|314\/314
|switch|p2a: Starmie|Starmie|324\/324
|-ability|p1a: Hilda|Analytic|[from] ability: Trace|[of] p2a: Starmie
|turn|1
|c|âsubzeromkx|im nervous
|
|switch|p2a: Raikou|Raikou|329\/329
|-ability|p2a: Raikou|Pressure
|detailschange|p1a: Hilda|Gardevoir-Mega, F, shiny
|-mega|p1a: Hilda|Gardevoir|Gardevoirite
|move|p1a: Hilda|Hyper Voice|p2a: Raikou
|-damage|p2a: Raikou|161\/329
|
|turn|2
|c| Moonwalk away|aren't you like top10 ladder ?
|c|âsubzeromkx|im no.1 right now
|c|âsubzeromkx|but if I lose this
|c| Moonwalk away|yeah :)
|c|âsubzeromkx|ill be like no.100
|c|âLord Rhodes|gg
|
|move|p2a: Raikou|Hidden Power|p1a: Hilda
|-damage|p1a: Hilda|262\/314
|move|p1a: Hilda|Hyper Voice|p2a: Raikou
|-damage|p2a: Raikou|0 fnt
|faint|p2a: Raikou
|
|
|switch|p2a: Garchomp|Garchomp, M|357\/357
|turn|3
|c|âsubzeromkx|im not switching bro lol
|
|switch|p1a: Ugo|Landorus, M|319\/319
|move|p2a: Garchomp|Stealth Rock|p1a: Ugo
|-sidestart|p1: subzeromkx|move: Stealth Rock
|
|turn|4
|join|CleanerThanRotom-W
|leave|CleanerThanRotom-W
|join|TheUberTherian
|
|switch|p2a: Starmie|Starmie|324\/324
|move|p1a: Ugo|Earth Power|p2a: Starmie
|-damage|p2a: Starmie|54\/324
|
|turn|5
|c|âsubzeromkx|you must be super bulky
|c|âsubzeromkx|to tank that
|c| Moonwalk away|hes lo reflect type
|c| Moonwalk away|imported wrong
|
|switch|p2a: Landorus-Therian|Landorus-Therian, M|319\/319
|-ability|p2a: Landorus-Therian|Intimidate|[of] p1a: Ugo
|-unboost|p1a: Ugo|atk|1
|switch|p1a: Latias|Latias, F|301\/301
|-damage|p1a: Latias|264\/301|[from] Stealth Rock
|
|turn|6
|c| Moonwalk away|-.-
|
|switch|p1a: Kisame|Garchomp, F|419\/419
|-damage|p1a: Kisame|393\/419|[from] Stealth Rock
|move|p2a: Landorus-Therian|U-turn|p1a: Kisame
|-damage|p1a: Kisame|328\/419
|-damage|p2a: Landorus-Therian|280\/319|[from] ability: Rough Skin|[of] p1a: Kisame
|-damage|p2a: Landorus-Therian|227\/319|[from] item: Rocky Helmet|[of] p1a: Kisame
|
|switch|p2a: Garchomp|Garchomp, M|357\/357
|
|turn|7
|
|move|p2a: Garchomp|Dragon Claw|p1a: Kisame
|-supereffective|p1a: Kisame
|-damage|p1a: Kisame|128\/419
|-damage|p2a: Garchomp|313\/357|[from] ability: Rough Skin|[of] p1a: Kisame
|-damage|p2a: Garchomp|254\/357|[from] item: Rocky Helmet|[of] p1a: Kisame
|move|p1a: Kisame|Stealth Rock|p2a: Garchomp
|-sidestart|p2: Lord Rhodes|move: Stealth Rock
|
|turn|8
|c| TheUberTherian|the bulk
|c| TheUberTherian|Lol
|
|move|p2a: Garchomp|Dragon Claw|p1a: Kisame
|-supereffective|p1a: Kisame
|-damage|p1a: Kisame|0 fnt
|-damage|p2a: Garchomp|210\/357|[from] ability: Rough Skin|[of] p1a: Kisame
|-damage|p2a: Garchomp|151\/357|[from] item: Rocky Helmet|[of] p1a: Kisame
|faint|p1a: Kisame
|
|c| TheUberTherian|the chomp is soo pro
|c| TheUberTherian|does soo much damage to bb t-flames
|c| Moonwalk away|chomp is so good
|
|switch|p1a: Madara|Bisharp, M|290\/290
|-damage|p1a: Madara|272\/290|[from] Stealth Rock
|turn|9
|
|move|p1a: Madara|Sucker Punch|p2a: Garchomp
|-damage|p2a: Garchomp|0 fnt
|-damage|p1a: Madara|236\/290|[from] ability: Rough Skin|[of] p2a: Garchomp
|-damage|p1a: Madara|188\/290|[from] item: Rocky Helmet|[of] p2a: Garchomp
|faint|p2a: Garchomp
|
|c| TheUberTherian|Madara tho
|c| TheUberTherian|lol
|
|switch|p2a: Starmie|Starmie|54\/324
|-damage|p2a: Starmie|14\/324|[from] Stealth Rock
|turn|10
|c| TheUberTherian|naruto>all
|
|move|p2a: Starmie|Rapid Spin|p1a: Madara
|-resisted|p1a: Madara
|-damage|p1a: Madara|180\/290
|-sideend|p2: Lord Rhodes|Stealth Rock|[from] move: Rapid Spin|[of] p2a: Starmie
|-damage|p2a: Starmie|0 fnt|[from] item: Life Orb
|faint|p2a: Starmie
|move|p1a: Madara|Knock Off|p2: Starmie|[notarget]
|-notarget
|
|
|switch|p2a: Charizard|Charizard, M|297\/297
|turn|11
|
|detailschange|p2a: Charizard|Charizard-Mega-Y, M
|-mega|p2a: Charizard|Charizard|Charizardite Y
|-weather|SunnyDay
|move|p2a: Charizard|Fire Blast|p1a: Madara
|-supereffective|p1a: Madara
|-damage|p1a: Madara|0 fnt
|faint|p1a: Madara
|
|-weather|SunnyDay|[upkeep]
|
|switch|p1a: Ugo|Landorus, M|319\/319
|-damage|p1a: Ugo|280\/319|[from] Stealth Rock
|turn|12
|
|move|p1a: Ugo|Sludge Wave|p2a: Charizard
|-damage|p2a: Charizard|145\/297
|move|p2a: Charizard|Fire Blast|p1a: Ugo
|-damage|p1a: Ugo|0 fnt
|faint|p1a: Ugo
|
|-weather|SunnyDay|[upkeep]
|
|switch|p1a: Latias|Latias, F|264\/301
|-damage|p1a: Latias|227\/301|[from] Stealth Rock
|turn|13
|
|switch|p1a: Kensei|Breloom, M|262\/262
|-damage|p1a: Kensei|246\/262|[from] Stealth Rock
|switch|p2a: Landorus-Therian|Landorus-Therian, M|227\/319
|-ability|p2a: Landorus-Therian|Intimidate|[of] p1a: Kensei
|-unboost|p1a: Kensei|atk|1
|
|-weather|SunnyDay|[upkeep]
|turn|14
|
|move|p2a: Landorus-Therian|U-turn|p1a: Kensei
|-damage|p1a: Kensei|140\/262
|
|switch|p2a: Tyranitar|Tyranitar, M|361\/361
|-weather|Sandstorm
|move|p1a: Kensei|Spore|p2a: Tyranitar
|-status|p2a: Tyranitar|slp
|
|-weather|Sandstorm|[upkeep]
|-damage|p1a: Kensei|124\/262|[from] sandstorm
|turn|15
|
|switch|p2a: Landorus-Therian|Landorus-Therian, M|227\/319
|-ability|p2a: Landorus-Therian|Intimidate|[of] p1a: Kensei
|-unboost|p1a: Kensei|atk|1
|move|p1a: Kensei|Bullet Seed|p2a: Landorus-Therian
|-damage|p2a: Landorus-Therian|179\/319
|-damage|p2a: Landorus-Therian|128\/319
|-hitcount|p2a: Landorus-Therian|2
|-damage|p1a: Kensei|98\/262|[from] item: Life Orb
|
|-weather|Sandstorm|[upkeep]
|-damage|p1a: Kensei|82\/262|[from] sandstorm
|turn|16
|
|switch|p1a: Hilda|Gardevoir-Mega, F, shiny|262\/314
|-damage|p1a: Hilda|223\/314|[from] Stealth Rock
|move|p2a: Landorus-Therian|U-turn|p1a: Hilda
|-damage|p1a: Hilda|86\/314
|join|jake5
|
|switch|p2a: Charizard|Charizard-Mega-Y, M|145\/297
|-weather|SunnyDay
|
|-weather|SunnyDay|[upkeep]
|turn|17
|c| jake5|is dis man laddering
|c| jake5|is this your first game?
|c| Moonwalk away|ah nice
|c| TheUberTherian|who?
|
|switch|p1a: Latias|Latias, F|227\/301
|-damage|p1a: Latias|190\/301|[from] Stealth Rock
|move|p2a: Charizard|Fire Blast|p1a: Latias
|-resisted|p1a: Latias
|-damage|p1a: Latias|46\/301
|
|-weather|SunnyDay|[upkeep]
|turn|18
|c| Moonwalk away|hes a friend
|c| Moonwalk away|im bluwings tutee
|c| Moonwalk away|and we built the team
|c| jake5|ok nvm i thought this was ladder
|
|move|p1a: Latias|Healing Wish|p1a: Latias
|faint|p1a: Latias
|move|p2a: Charizard|Fire Blast|p1: Latias|[notarget]
|-notarget
|
|-weather|SunnyDay|[upkeep]
|c| Moonwalk away|it is
|c| TheUberTherian|this is ladder
|
|switch|p1a: Hilda|Gardevoir-Mega, F, shiny|86\/314
|-heal|p1a: Hilda|314\/314|[from] move: Healing Wish
|-damage|p1a: Hilda|275\/314|[from] Stealth Rock
|turn|19
|c| TheUberTherian|sub zero guy  is no.1
|c| jake5|ok this is your first battle
|c| TheUberTherian|on the ladder
|c| TheUberTherian|nd im  like no.10 ;(
|
|move|p2a: Charizard|Fire Blast|p1a: Hilda
|-damage|p1a: Hilda|10\/314
|move|p1a: Hilda|Psyshock|p2a: Charizard
|-damage|p2a: Charizard|0 fnt
|faint|p2a: Charizard
|
|-weather|SunnyDay|[upkeep]
|
|switch|p2a: Landorus-Therian|Landorus-Therian, M|128\/319
|-ability|p2a: Landorus-Therian|Intimidate|[of] p1a: Hilda
|-unboost|p1a: Hilda|atk|1
|turn|20
|c| jake5|yes i know he's 1 lel
|
|move|p2a: Landorus-Therian|Earthquake|p1a: Hilda
|-damage|p1a: Hilda|0 fnt
|faint|p1a: Hilda
|
|-weather|none
|
|switch|p1a: Kensei|Breloom, M|82\/262
|-damage|p1a: Kensei|66\/262|[from] Stealth Rock
|turn|21
|
|move|p2a: Landorus-Therian|Earthquake|p1a: Kensei
|-resisted|p1a: Kensei
|-damage|p1a: Kensei|0 fnt
|faint|p1a: Kensei
|
|win|Lord Rhodes
|raw|Ladder updating...
|c|âLord Rhodes|gg !
|raw|subzeromkx's rating: 1827 &rarr; <strong>1794<\/strong><br \/>(-33 for losing)
|raw|Lord Rhodes's rating: 1567 &rarr; <strong>1600<\/strong><br \/>(+33 for winning)
|c|âsubzeromkx|only if it wasnt 2 hit then lol
|leave|subzeromkx
|player|p1