|join|subzeromkx
|join|Arcanine is Regal
|player|p1|subzeromkx|20
|player|p2|Arcanine is Regal|126
|gametype|singles
|gen|6
|tier|OU
|rated
|clearpoke
|poke|p1|Breloom, M
|poke|p1|Gardevoir, F, shiny
|poke|p1|Thundurus, M
|poke|p1|Bisharp, M
|poke|p1|Landorus-Therian, M
|poke|p1|Garchomp, F
|poke|p2|Bisharp, M
|poke|p2|Gengar, F
|poke|p2|Manectric, M
|poke|p2|Landorus-Therian, M
|poke|p2|Mamoswine, F
|poke|p2|Azumarill, F
|rule|Swagger Clause: Swagger is banned
|rule|Baton Pass Clause: Limit one PokÃ©mon knowing Baton Pass
|rule|Sleep Clause Mod: Limit one foe put to sleep
|rule|Species Clause: Limit one of each PokÃ©mon
|rule|OHKO Clause: OHKO moves are banned
|rule|Moody Clause: Moody is banned
|rule|Evasion Moves Clause: Evasion moves are banned
|rule|Endless Battle Clause: Forcing endless battles is banned
|rule|HP Percentage Mod: HP is shown in percentages
|teampreview
|c|âArcanine is Regal|gl
|
|start
|switch|p1a: Landorus-Therian|Landorus-Therian, M|330\/330
|switch|p2a: Mamoswine|Mamoswine, F|381\/381
|-ability|p1a: Landorus-Therian|Intimidate|[of] p2a: Mamoswine
|-unboost|p2a: Mamoswine|atk|1
|turn|1
|join|Forgotten Ghosts
|
|switch|p2a: Landorus-Therian|Landorus-Therian, M|320\/320
|-ability|p2a: Landorus-Therian|Intimidate|[of] p1a: Landorus-Therian
|-unboost|p1a: Landorus-Therian|atk|1
|move|p1a: Landorus-Therian|U-turn|p2a: Landorus-Therian
|-resisted|p2a: Landorus-Therian
|-damage|p2a: Landorus-Therian|281\/320
|
|switch|p1a: Kisame|Garchomp, F|420\/420
|
|turn|2
|
|switch|p2a: Mamoswine|Mamoswine, F|381\/381
|move|p1a: Kisame|Stealth Rock|p2a: Mamoswine
|-sidestart|p2: Arcanine is Regal|move: Stealth Rock
|
|turn|3
|
|move|p2a: Mamoswine|Icicle Spear|p1a: Kisame
|-supereffective|p1a: Kisame
|-damage|p1a: Kisame|288\/420
|-supereffective|p1a: Kisame
|-damage|p1a: Kisame|144\/420
|-supereffective|p1a: Kisame
|-damage|p1a: Kisame|0 fnt
|-hitcount|p1a: Kisame|3
|faint|p1a: Kisame
|
|
|switch|p1a: Hilda|Gardevoir, F, shiny|314\/314
|-ability|p1a: Hilda|Oblivious|[from] ability: Trace|[of] p2a: Mamoswine
|turn|4
|
|detailschange|p1a: Hilda|Gardevoir-Mega, F, shiny
|-mega|p1a: Hilda|Gardevoir|Gardevoirite
|move|p2a: Mamoswine|Stealth Rock|p1a: Hilda
|-sidestart|p1: subzeromkx|move: Stealth Rock
|move|p1a: Hilda|Hyper Voice|p2a: Mamoswine
|-enditem|p2a: Mamoswine|Focus Sash
|-damage|p2a: Mamoswine|1\/381
|
|turn|5
|
|move|p2a: Mamoswine|Ice Shard|p1a: Hilda
|-damage|p1a: Hilda|215\/314
|move|p1a: Hilda|Hyper Voice|p2a: Mamoswine
|-damage|p2a: Mamoswine|0 fnt
|faint|p2a: Mamoswine
|
|
|switch|p2a: Gengar|Gengar, F|262\/262
|-damage|p2a: Gengar|230\/262|[from] Stealth Rock
|turn|6
|
|move|p2a: Gengar|Shadow Ball|p1a: Hilda
|-supereffective|p1a: Hilda
|-damage|p1a: Hilda|0 fnt
|-damage|p2a: Gengar|204\/262|[from] item: Life Orb
|faint|p1a: Hilda
|
|
|switch|p1a: Bisharp|Bisharp, M|290\/290
|-damage|p1a: Bisharp|272\/290|[from] Stealth Rock
|turn|7
|
|move|p1a: Bisharp|Sucker Punch|p2a: Gengar
|-fail|p2a: Gengar
|move|p2a: Gengar|Destiny Bond|p2a: Gengar
|-singlemove|p2a: Gengar|Destiny Bond
|
|turn|8
|
|move|p1a: Bisharp|Sucker Punch|p2a: Gengar
|-supereffective|p2a: Gengar
|-damage|p2a: Gengar|0 fnt
|faint|p2a: Gengar
|-activate|p2a: Gengar|Destiny Bond
|faint|p1a: Bisharp
|
|join|el capitan grande
|
|switch|p1a: Breloom|Breloom, M|262\/262
|switch|p2a: Azumarill|Azumarill, F|342\/342
|-damage|p1a: Breloom|246\/262|[from] Stealth Rock
|-damage|p2a: Azumarill|300\/342|[from] Stealth Rock
|turn|9
|
|move|p1a: Breloom|Bullet Seed|p2a: Azumarill
|-supereffective|p2a: Azumarill
|-damage|p2a: Azumarill|95\/342
|-enditem|p2a: Azumarill|Sitrus Berry|[eat]
|-heal|p2a: Azumarill|180\/342|[from] item: Sitrus Berry
|-supereffective|p2a: Azumarill
|-damage|p2a: Azumarill|0 fnt
|-hitcount|p2a: Azumarill|2
|-damage|p1a: Breloom|220\/262|[from] item: Life Orb
|faint|p2a: Azumarill
|
|
|switch|p2a: Manectric|Manectric, M|281\/281
|-damage|p2a: Manectric|246\/281|[from] Stealth Rock
|turn|10
|
|switch|p1a: Thundurus|Thundurus, M|299\/299
|-damage|p1a: Thundurus|225\/299|[from] Stealth Rock
|detailschange|p2a: Manectric|Manectric-Mega, M
|-mega|p2a: Manectric|Manectric|Manectite
|-ability|p2a: Manectric|Intimidate|[of] p1a: Thundurus
|-unboost|p1a: Thundurus|atk|1
|move|p2a: Manectric|Flamethrower|p1a: Thundurus
|-crit|p1a: Thundurus
|-damage|p1a: Thundurus|2\/299
|-status|p1a: Thundurus|brn
|
|-damage|p1a: Thundurus|0 fnt|[from] brn
|faint|p1a: Thundurus
|
|switch|p1a: Landorus-Therian|Landorus-Therian, M|330\/330
|-damage|p1a: Landorus-Therian|289\/330|[from] Stealth Rock
|-ability|p1a: Landorus-Therian|Intimidate|[of] p2a: Manectric
|-unboost|p2a: Manectric|atk|1
|turn|11
|
|switch|p2a: Landorus-Therian|Landorus-Therian, M|281\/320
|-damage|p2a: Landorus-Therian|241\/320|[from] Stealth Rock
|-ability|p2a: Landorus-Therian|Intimidate|[of] p1a: Landorus-Therian
|-unboost|p1a: Landorus-Therian|atk|1
|move|p1a: Landorus-Therian|U-turn|p2a: Landorus-Therian
|-resisted|p2a: Landorus-Therian
|-damage|p2a: Landorus-Therian|202\/320
|
|switch|p1a: Breloom|Breloom, M|220\/262
|-damage|p1a: Breloom|204\/262|[from] Stealth Rock
|
|turn|12
|join|Ox the Box
|
|move|p2a: Landorus-Therian|U-turn|p1a: Breloom
|-damage|p1a: Breloom|92\/262
|
|switch|p2a: Manectric|Manectric-Mega, M|246\/281
|-damage|p2a: Manectric|211\/281|[from] Stealth Rock
|-ability|p2a: Manectric|Intimidate|[of] p1a: Breloom
|-unboost|p1a: Breloom|atk|1
|move|p1a: Breloom|Spore|p2a: Manectric
|-status|p2a: Manectric|slp
|
|turn|13
|
|cant|p2a: Manectric|slp
|move|p1a: Breloom|Swords Dance|p1a: Breloom
|-boost|p1a: Breloom|atk|2
|
|turn|14
|
|cant|p2a: Manectric|slp
|move|p1a: Breloom|Swords Dance|p1a: Breloom
|-boost|p1a: Breloom|atk|2
|
|turn|15
|
|move|p1a: Breloom|Mach Punch|p2a: Manectric
|-damage|p2a: Manectric|0 fnt
|-damage|p1a: Breloom|66\/262|[from] item: Life Orb
|faint|p2a: Manectric
|
|c|âArcanine is Regal|lol
|c|âArcanine is Regal|k
|
|switch|p2a: Landorus-Therian|Landorus-Therian, M|202\/320
|-damage|p2a: Landorus-Therian|162\/320|[from] Stealth Rock
|-ability|p2a: Landorus-Therian|Intimidate|[of] p1a: Breloom
|-unboost|p1a: Breloom|atk|1
|turn|16
|c| Ox the Box|this won't do that much
|c| Ox the Box|maybe 40
|c|âArcanine is Regal|itll do enough
|
|switch|p1a: Landorus-Therian|Landorus-Therian, M|289\/330
|-damage|p1a: Landorus-Therian|248\/330|[from] Stealth Rock
|-ability|p1a: Landorus-Therian|Intimidate|[of] p2a: Landorus-Therian
|-unboost|p2a: Landorus-Therian|atk|1
|move|p2a: Landorus-Therian|U-turn|p1a: Landorus-Therian
|-resisted|p1a: Landorus-Therian
|-damage|p1a: Landorus-Therian|215\/330
|
|switch|p2a: Bisharp|Bisharp, M|278\/278
|-damage|p2a: Bisharp|261\/278|[from] Stealth Rock
|
|turn|17
|c| Ox the Box|subzero why are u using slow garde
|
|switch|p1a: Breloom|Breloom, M|66\/262
|-damage|p1a: Breloom|50\/262|[from] Stealth Rock
|move|p2a: Bisharp|Sucker Punch|p1a: Breloom
|-fail|p1a: Breloom
|
|turn|18
|c|âArcanine is Regal|dude how many 50\/50s is he gunna win
|c| Ox the Box|lol
|
|switch|p2a: Landorus-Therian|Landorus-Therian, M|162\/320
|-damage|p2a: Landorus-Therian|122\/320|[from] Stealth Rock
|-ability|p2a: Landorus-Therian|Intimidate|[of] p1a: Breloom
|-unboost|p1a: Breloom|atk|1
|move|p1a: Breloom|Spore|p2a: Landorus-Therian
|-status|p2a: Landorus-Therian|slp
|
|turn|19
|
|cant|p2a: Landorus-Therian|slp
|move|p1a: Breloom|Bullet Seed|p2a: Landorus-Therian
|-damage|p2a: Landorus-Therian|56\/320 slp
|-damage|p2a: Landorus-Therian|0 fnt
|-hitcount|p2a: Landorus-Therian|2
|-damage|p1a: Breloom|24\/262|[from] item: Life Orb
|faint|p2a: Landorus-Therian
|
|c| Ox the Box|turn 1 wwake
|c| Ox the Box|pls
|c| Ox the Box|damn
|
|switch|p2a: Bisharp|Bisharp, M|261\/278
|-damage|p2a: Bisharp|244\/278|[from] Stealth Rock
|turn|20
|c|âArcanine is Regal|didnt think hed rely on luck to win..
|c|âArcanine is Regal|zzzzzz
|join|Protest & test
|
|move|p1a: Breloom|Spore|p2a: Bisharp
|-status|p2a: Bisharp|slp
|cant|p2a: Bisharp|slp
|
|turn|21
|
|move|p1a: Breloom|Mach Punch|p2a: Bisharp
|-supereffective|p2a: Bisharp
|-damage|p2a: Bisharp|0 fnt
|-damage|p1a: Breloom|0 fnt|[from] item: Life Orb
|faint|p2a: Bisharp
|faint|p1a: Breloom
|
|win|subzeromkx
|raw|Ladder updating...
|raw|subzeromkx's rating: 1645 &rarr; <strong>1671<\/strong><br \/>(+26 for winning)
|raw|Arcanine is Regal's rating: 1752 &rarr; <strong>1726<\/strong><br \/>(-26 for losing)
|leave|subzeromkx
|player|p1