|join|subzeromkx
|join|Sack Win Condition
|player|p1|subzeromkx|20
|player|p2|Sack Win Condition|20
|gametype|singles
|gen|6
|tier|OU
|rated
|clearpoke
|poke|p1|Breloom, M
|poke|p1|Metagross
|poke|p1|Thundurus, M
|poke|p1|Bisharp, M
|poke|p1|Sylveon, F
|poke|p1|Garchomp, M
|poke|p2|Charizard, M
|poke|p2|Tyranitar, M
|poke|p2|Dragalge, M
|poke|p2|Starmie
|poke|p2|Clefable, F
|poke|p2|Ferrothorn, F
|rule|Swagger Clause: Swagger is banned
|rule|Baton Pass Clause: Limit one PokÃ©mon knowing Baton Pass
|rule|Sleep Clause Mod: Limit one foe put to sleep
|rule|Species Clause: Limit one of each PokÃ©mon
|rule|OHKO Clause: OHKO moves are banned
|rule|Moody Clause: Moody is banned
|rule|Evasion Moves Clause: Evasion moves are banned
|rule|Endless Battle Clause: Forcing endless battles is banned
|rule|HP Percentage Mod: HP is shown in percentages
|teampreview
|
|start
|switch|p1a: Metagross|Metagross|302\/302
|switch|p2a: Starmie|Starmie|323\/323
|turn|1
|
|detailschange|p1a: Metagross|Metagross-Mega
|-mega|p1a: Metagross|Metagross|Metagrossite
|move|p2a: Starmie|Scald|p1a: Metagross
|-damage|p1a: Metagross|221\/302
|move|p1a: Metagross|Pursuit|p2a: Starmie
|-supereffective|p2a: Starmie
|-damage|p2a: Starmie|179\/323
|
|-heal|p2a: Starmie|199\/323|[from] item: Leftovers
|turn|2
|
|switch|p1a: Sylveon|Sylveon, F|332\/332
|move|p2a: Starmie|Scald|p1a: Sylveon
|-damage|p1a: Sylveon|262\/332
|
|-heal|p2a: Starmie|219\/323|[from] item: Leftovers
|turn|3
|
|switch|p2a: Charizard|Charizard, M|301\/301
|move|p1a: Sylveon|Hyper Voice|p2a: Charizard
|-resisted|p2a: Charizard
|-damage|p2a: Charizard|123\/301
|
|turn|4
|
|detailschange|p2a: Charizard|Charizard-Mega-Y, M
|-mega|p2a: Charizard|Charizard|Charizardite Y
|-weather|SunnyDay
|move|p2a: Charizard|Flamethrower|p1a: Sylveon
|-damage|p1a: Sylveon|36\/332
|move|p1a: Sylveon|Hyper Voice|p2a: Charizard
|-resisted|p2a: Charizard
|-damage|p2a: Charizard|0 fnt
|faint|p2a: Charizard
|
|-weather|SunnyDay|[upkeep]
|
|switch|p2a: Tyranitar|Tyranitar, M|341\/341
|-weather|Sandstorm
|turn|5
|
|move|p2a: Tyranitar|Crunch|p1a: Sylveon
|-resisted|p1a: Sylveon
|-damage|p1a: Sylveon|0 fnt
|faint|p1a: Sylveon
|
|-weather|Sandstorm|[upkeep]
|
|switch|p1a: Metagross|Metagross-Mega|221\/302
|turn|6
|
|move|p2a: Tyranitar|Crunch|p1a: Metagross
|-supereffective|p1a: Metagross
|-damage|p1a: Metagross|5\/302
|-unboost|p1a: Metagross|def|1
|move|p1a: Metagross|Hammer Arm|p2a: Tyranitar
|-supereffective|p2a: Tyranitar
|-damage|p2a: Tyranitar|0 fnt
|-unboost|p1a: Metagross|spe|1
|faint|p2a: Tyranitar
|
|-weather|Sandstorm|[upkeep]
|
|switch|p2a: Starmie|Starmie|219\/323
|turn|7
|
|move|p2a: Starmie|Scald|p1a: Metagross
|-damage|p1a: Metagross|0 fnt
|faint|p1a: Metagross
|
|-weather|Sandstorm|[upkeep]
|-damage|p2a: Starmie|199\/323|[from] Sandstorm
|-heal|p2a: Starmie|219\/323|[from] item: Leftovers
|
|switch|p1a: Bisharp|Bisharp, M|272\/272
|turn|8
|
|move|p2a: Starmie|Scald|p1a: Bisharp
|-damage|p1a: Bisharp|139\/272
|-status|p1a: Bisharp|brn
|move|p1a: Bisharp|Swords Dance|p1a: Bisharp
|-boost|p1a: Bisharp|atk|2
|
|-weather|Sandstorm|[upkeep]
|-damage|p2a: Starmie|199\/323|[from] Sandstorm
|-heal|p2a: Starmie|219\/323|[from] item: Leftovers
|-damage|p1a: Bisharp|105\/272 brn|[from] brn
|turn|9
|
|move|p1a: Bisharp|Sucker Punch|p2a: Starmie
|-fail|p2a: Starmie
|move|p2a: Starmie|Recover|p2a: Starmie
|-heal|p2a: Starmie|323\/323
|
|-weather|none
|-damage|p1a: Bisharp|71\/272 brn|[from] brn
|turn|10
|
|move|p2a: Starmie|Scald|p1a: Bisharp
|-damage|p1a: Bisharp|0 fnt
|faint|p1a: Bisharp
|
|
|switch|p1a: Breloom|Breloom, M|262\/262
|turn|11
|
|move|p2a: Starmie|Psyshock|p1a: Breloom
|-crit|p1a: Breloom
|-supereffective|p1a: Breloom
|-damage|p1a: Breloom|0 fnt
|faint|p1a: Breloom
|
|-message|subzeromkx forfeited.
|
|win|Sack Win Condition
|raw|Ladder updating...
|leave|subzeromkx
|player|p1
|raw|subzeromkx's rating: 1628 &rarr; <strong>1601<\/strong><br \/>(-27 for losing)
|raw|Sack Win Condition's rating: 1501 &rarr; <strong>1528<\/strong><br \/>(+27 for winning)