|join|subzeromkx
|join|Cienight
|player|p1|subzeromkx|20
|player|p2|Cienight|75
|gametype|singles
|gen|6
|tier|OU
|rated
|clearpoke
|poke|p1|Celebi
|poke|p1|Gardevoir, F
|poke|p1|Bisharp, M
|poke|p1|Azumarill, F
|poke|p1|Latias, F
|poke|p1|Garchomp, F
|poke|p2|Azumarill, F
|poke|p2|Ferrothorn, M
|poke|p2|Landorus-Therian, M, shiny
|poke|p2|Latias, F
|poke|p2|Charizard, M
|poke|p2|Mew
|rule|Swagger Clause: Swagger is banned
|rule|Baton Pass Clause: Limit one PokÃ©mon knowing Baton Pass
|rule|Sleep Clause Mod: Limit one foe put to sleep
|rule|Species Clause: Limit one of each PokÃ©mon
|rule|OHKO Clause: OHKO moves are banned
|rule|Moody Clause: Moody is banned
|rule|Evasion Moves Clause: Evasion moves are banned
|rule|Endless Battle Clause: Forcing endless battles is banned
|rule|HP Percentage Mod: HP is shown in percentages
|teampreview
|
|start
|switch|p1a: Gardevoir|Gardevoir, F|314\/314
|switch|p2a: Azumarill|Azumarill, F|381\/381
|-ability|p1a: Gardevoir|Huge Power|[from] ability: Trace|[of] p2a: Azumarill
|turn|1
|
|detailschange|p1a: Gardevoir|Gardevoir-Mega, F
|-mega|p1a: Gardevoir|Gardevoir|Gardevoirite
|move|p1a: Gardevoir|Hyper Voice|p2a: Azumarill
|-crit|p2a: Azumarill
|-damage|p2a: Azumarill|0 fnt
|faint|p2a: Azumarill
|
|c|âCienight|gz.
|
|switch|p2a: Charizard|Charizard, M|297\/297
|turn|2
|
|move|p2a: Charizard|Dragon Dance|p2a: Charizard
|-boost|p2a: Charizard|atk|1
|-boost|p2a: Charizard|spe|1
|move|p1a: Gardevoir|Psyshock|p2a: Charizard
|-damage|p2a: Charizard|60\/297
|
|turn|3
|
|switch|p1a: Kisame|Garchomp, F|420\/420
|detailschange|p2a: Charizard|Charizard-Mega-X, M
|-mega|p2a: Charizard|Charizard|Charizardite X
|move|p2a: Charizard|Dragon Claw|p1a: Kisame
|-supereffective|p1a: Kisame
|-damage|p1a: Kisame|0 fnt
|-damage|p2a: Charizard|23\/297|[from] ability: Rough Skin|[of] p1a: Kisame
|-damage|p2a: Charizard|0 fnt|[from] item: Rocky Helmet|[of] p1a: Kisame
|faint|p2a: Charizard
|faint|p1a: Kisame
|
|join|Greisd
|
|switch|p1a: Celebi|Celebi|403\/403
|switch|p2a: Ferrothorn|Ferrothorn, M|349\/349
|turn|4
|leave|Greisd
|
|switch|p1a: Azumarill|Azumarill, F|363\/363
|move|p2a: Ferrothorn|Stealth Rock|p1a: Azumarill
|-sidestart|p1: subzeromkx|move: Stealth Rock
|
|turn|5
|
|switch|p2a: Mew|Mew|400\/400
|move|p1a: Azumarill|Play Rough|p2a: Mew
|-damage|p2a: Mew|123\/400
|
|-heal|p2a: Mew|148\/400|[from] item: Leftovers
|turn|6
|join|I Iike Squirtles
|
|switch|p1a: Gardevoir|Gardevoir-Mega, F|314\/314
|-damage|p1a: Gardevoir|275\/314|[from] Stealth Rock
|move|p2a: Mew|Will-O-Wisp|p1a: Gardevoir
|-status|p1a: Gardevoir|brn
|
|-heal|p2a: Mew|173\/400|[from] item: Leftovers
|-damage|p1a: Gardevoir|236\/314 brn|[from] brn
|turn|7
|
|switch|p2a: Ferrothorn|Ferrothorn, M|349\/349
|switch|p1a: Bisharp|Bisharp, M|272\/272
|-damage|p1a: Bisharp|255\/272|[from] Stealth Rock
|
|turn|8
|
|move|p1a: Bisharp|Swords Dance|p1a: Bisharp
|-boost|p1a: Bisharp|atk|2
|move|p2a: Ferrothorn|Leech Seed|p1a: Bisharp
|-start|p1a: Bisharp|move: Leech Seed
|
|-damage|p1a: Bisharp|221\/272|[from] Leech Seed|[of] p2a: Ferrothorn
|turn|9
|
|move|p1a: Bisharp|Swords Dance|p1a: Bisharp
|-boost|p1a: Bisharp|atk|2
|move|p2a: Ferrothorn|Gyro Ball|p1a: Bisharp
|-resisted|p1a: Bisharp
|-damage|p1a: Bisharp|140\/272
|
|-damage|p1a: Bisharp|106\/272|[from] Leech Seed|[of] p2a: Ferrothorn
|turn|10
|
|move|p1a: Bisharp|Knock Off|p2a: Ferrothorn
|-damage|p2a: Ferrothorn|0 fnt
|-damage|p1a: Bisharp|72\/272|[from] ability: Iron Barbs|[of] p2a: Ferrothorn
|-enditem|p2a: Ferrothorn|Leftovers|[from] move: Knock Off|[of] p1a: Bisharp
|-damage|p1a: Bisharp|45\/272|[from] item: Life Orb
|faint|p2a: Ferrothorn
|
|
|switch|p2a: Mew|Mew|173\/400
|turn|11
|
|move|p2a: Mew|Will-O-Wisp|p1a: Bisharp|[miss]
|-miss|p2a: Mew|p1a: Bisharp
|move|p1a: Bisharp|Knock Off|p2a: Mew
|-supereffective|p2a: Mew
|-damage|p2a: Mew|0 fnt
|-enditem|p2a: Mew|Leftovers|[from] move: Knock Off|[of] p1a: Bisharp
|-damage|p1a: Bisharp|18\/272|[from] item: Life Orb
|faint|p2a: Mew
|
|c|âCienight|you're
|c|âCienight|so fucking
|c|âCienight|bad
|-message|Cienight forfeited.
|
|win|subzeromkx
|raw|Ladder updating...
|leave|Cienight
|player|p2
|raw|subzeromkx's rating: 1790 &rarr; <strong>1805<\/strong><br \/>(+15 for winning)
|raw|Cienight's rating: 1703 &rarr; <strong>1688<\/strong><br \/>(-15 for losing)
|c|âsubzeromkx|um