|join|subzeromkx
|join|taggy sits
|player|p1|subzeromkx|20
|player|p2|taggy sits|170
|gametype|singles
|gen|6
|tier|OU
|rated
|clearpoke
|poke|p1|Breloom, M
|poke|p1|Gardevoir, F, shiny
|poke|p1|Thundurus, M
|poke|p1|Bisharp, F
|poke|p1|Mamoswine, F
|poke|p1|Garchomp, M
|poke|p2|Gardevoir, M
|poke|p2|Azumarill, F
|poke|p2|Rotom-Wash
|poke|p2|Ferrothorn, F
|poke|p2|Landorus-Therian, M
|poke|p2|Gengar, M
|rule|Swagger Clause: Swagger is banned
|rule|Baton Pass Clause: Limit one PokÃ©mon knowing Baton Pass
|rule|Sleep Clause Mod: Limit one foe put to sleep
|rule|Species Clause: Limit one of each PokÃ©mon
|rule|OHKO Clause: OHKO moves are banned
|rule|Moody Clause: Moody is banned
|rule|Evasion Moves Clause: Evasion moves are banned
|rule|Endless Battle Clause: Forcing endless battles is banned
|rule|HP Percentage Mod: HP is shown in percentages
|teampreview
|
|start
|switch|p1a: Bisharp|Bisharp, F|290\/290
|switch|p2a: Rotom-Wash|Rotom-Wash|241\/241
|turn|1
|
|switch|p1a: Hilda|Gardevoir, F, shiny|314\/314
|-ability|p1a: Hilda|Levitate|[from] ability: Trace|[of] p2a: Rotom-Wash
|move|p2a: Rotom-Wash|Will-O-Wisp|p1a: Hilda
|-status|p1a: Hilda|brn
|
|-damage|p1a: Hilda|275\/314 brn|[from] brn
|turn|2
|
|switch|p2a: Ferrothorn|Ferrothorn, F|352\/352
|detailschange|p1a: Hilda|Gardevoir-Mega, F, shiny
|-mega|p1a: Hilda|Gardevoir|Gardevoirite
|move|p1a: Hilda|Hyper Voice|p2a: Ferrothorn
|-resisted|p2a: Ferrothorn
|-damage|p2a: Ferrothorn|258\/352
|
|-damage|p1a: Hilda|236\/314 brn|[from] brn
|turn|3
|
|move|p1a: Hilda|Taunt|p2a: Ferrothorn
|-start|p2a: Ferrothorn|move: Taunt
|cant|p2a: Ferrothorn|move: Taunt|Stealth Rock
|
|-damage|p1a: Hilda|197\/314 brn|[from] brn
|turn|4
|
|switch|p1a: Kisame|Garchomp, M|420\/420
|move|p2a: Ferrothorn|Gyro Ball|p1a: Kisame
|-damage|p1a: Kisame|290\/420
|-damage|p2a: Ferrothorn|214\/352|[from] ability: Rough Skin|[of] p1a: Kisame
|-damage|p2a: Ferrothorn|156\/352|[from] item: Rocky Helmet|[of] p1a: Kisame
|
|turn|5
|
|switch|p2a: Rotom-Wash|Rotom-Wash|241\/241
|move|p1a: Kisame|Stealth Rock|p2a: Rotom-Wash
|-sidestart|p2: taggy sits|move: Stealth Rock
|
|turn|6
|
|switch|p1a: Hilda|Gardevoir-Mega, F, shiny|197\/314 brn
|move|p2a: Rotom-Wash|Hydro Pump|p1a: Hilda|[miss]
|-miss|p2a: Rotom-Wash|p1a: Hilda
|
|-damage|p1a: Hilda|158\/314 brn|[from] brn
|turn|7
|c|âtaggy sits|fml
|
|switch|p2a: Ferrothorn|Ferrothorn, F|156\/352
|-damage|p2a: Ferrothorn|134\/352|[from] Stealth Rock
|move|p1a: Hilda|Hyper Voice|p2a: Ferrothorn
|-resisted|p2a: Ferrothorn
|-damage|p2a: Ferrothorn|53\/352
|
|-damage|p1a: Hilda|119\/314 brn|[from] brn
|turn|8
|
|switch|p2a: Landorus-Therian|Landorus-Therian, M|320\/320
|-damage|p2a: Landorus-Therian|280\/320|[from] Stealth Rock
|-ability|p2a: Landorus-Therian|Intimidate|[of] p1a: Hilda
|-unboost|p1a: Hilda|atk|1
|move|p1a: Hilda|Hyper Voice|p2a: Landorus-Therian
|-damage|p2a: Landorus-Therian|0 fnt
|faint|p2a: Landorus-Therian
|
|-damage|p1a: Hilda|80\/314 brn|[from] brn
|c|âtaggy sits|shit
|c|âtaggy sits|im not predicting well tody
|c|âtaggy sits|today**
|
|switch|p2a: Rotom-Wash|Rotom-Wash|241\/241
|-damage|p2a: Rotom-Wash|211\/241|[from] Stealth Rock
|turn|9
|
|move|p2a: Rotom-Wash|Volt Switch|p1a: Hilda
|-damage|p1a: Hilda|0 fnt
|faint|p1a: Hilda
|
|switch|p2a: Ferrothorn|Ferrothorn, F|53\/352
|-damage|p2a: Ferrothorn|31\/352|[from] Stealth Rock
|
|
|switch|p1a: Mamoswine|Mamoswine, F|361\/361
|turn|10
|
|move|p1a: Mamoswine|Icicle Crash|p2a: Ferrothorn
|-damage|p2a: Ferrothorn|0 fnt
|-damage|p1a: Mamoswine|325\/361|[from] item: Life Orb
|faint|p2a: Ferrothorn
|
|
|switch|p2a: Azumarill|Azumarill, F|404\/404
|-damage|p2a: Azumarill|354\/404|[from] Stealth Rock
|turn|11
|
|switch|p1a: Kisame|Garchomp, M|290\/420
|move|p2a: Azumarill|Superpower|p1a: Kisame
|-damage|p1a: Kisame|166\/420
|-damage|p2a: Azumarill|304\/404|[from] ability: Rough Skin|[of] p1a: Kisame
|-damage|p2a: Azumarill|237\/404|[from] item: Rocky Helmet|[of] p1a: Kisame
|-unboost|p2a: Azumarill|atk|1
|-unboost|p2a: Azumarill|def|1
|
|turn|12
|
|switch|p2a: Rotom-Wash|Rotom-Wash|211\/241
|-damage|p2a: Rotom-Wash|181\/241|[from] Stealth Rock
|move|p1a: Kisame|Rock Slide|p2a: Rotom-Wash
|-crit|p2a: Rotom-Wash
|-damage|p2a: Rotom-Wash|71\/241
|
|turn|13
|
|move|p2a: Rotom-Wash|Will-O-Wisp|p1a: Kisame
|-status|p1a: Kisame|brn
|move|p1a: Kisame|Rock Slide|p2a: Rotom-Wash
|-damage|p2a: Rotom-Wash|34\/241
|
|-damage|p1a: Kisame|114\/420 brn|[from] brn
|turn|14
|
|switch|p2a: Azumarill|Azumarill, F|237\/404
|-damage|p2a: Azumarill|187\/404|[from] Stealth Rock
|move|p1a: Kisame|Earthquake|p2a: Azumarill
|-damage|p2a: Azumarill|91\/404
|
|-damage|p1a: Kisame|62\/420 brn|[from] brn
|turn|15
|
|move|p2a: Azumarill|Aqua Jet|p1a: Kisame
|-damage|p1a: Kisame|1\/420 brn
|-damage|p2a: Azumarill|41\/404|[from] ability: Rough Skin|[of] p1a: Kisame
|-damage|p2a: Azumarill|0 fnt|[from] item: Rocky Helmet|[of] p1a: Kisame
|faint|p2a: Azumarill
|move|p1a: Kisame|Earthquake|p2: Azumarill|[notarget]
|-notarget
|
|-damage|p1a: Kisame|0 fnt|[from] brn
|faint|p1a: Kisame
|
|switch|p1a: Thundurus|Thundurus, M|299\/299
|switch|p2a: Gardevoir|Gardevoir, M|277\/277
|-damage|p2a: Gardevoir|243\/277|[from] Stealth Rock
|-ability|p2a: Gardevoir|Prankster|[from] ability: Trace|[of] p1a: Thundurus
|turn|16
|
|detailschange|p2a: Gardevoir|Gardevoir-Mega, M
|-mega|p2a: Gardevoir|Gardevoir|Gardevoirite
|move|p1a: Thundurus|Thunder Wave|p2a: Gardevoir
|-status|p2a: Gardevoir|par
|move|p2a: Gardevoir|Hyper Voice|p1a: Thundurus
|-damage|p1a: Thundurus|0 fnt
|faint|p1a: Thundurus
|
|
|switch|p1a: Mamoswine|Mamoswine, F|325\/361
|turn|17
|
|move|p1a: Mamoswine|Earthquake|p2a: Gardevoir
|-damage|p2a: Gardevoir|0 fnt
|-damage|p1a: Mamoswine|289\/361|[from] item: Life Orb
|faint|p2a: Gardevoir
|
|
|switch|p2a: Gengar|Gengar, M|262\/262
|-damage|p2a: Gengar|230\/262|[from] Stealth Rock
|turn|18
|
|move|p1a: Mamoswine|Ice Shard|p2a: Gengar
|-damage|p2a: Gengar|84\/262
|-damage|p1a: Mamoswine|253\/361|[from] item: Life Orb
|move|p2a: Gengar|Focus Blast|p1a: Mamoswine
|-supereffective|p1a: Mamoswine
|-damage|p1a: Mamoswine|0 fnt
|-damage|p2a: Gengar|58\/262|[from] item: Life Orb
|faint|p1a: Mamoswine
|
|
|switch|p1a: Bisharp|Bisharp, F|290\/290
|turn|19
|
|switch|p2a: Rotom-Wash|Rotom-Wash|34\/241
|-damage|p2a: Rotom-Wash|4\/241|[from] Stealth Rock
|move|p1a: Bisharp|Sucker Punch|p2a: Rotom-Wash
|-fail|p2a: Rotom-Wash
|
|turn|20
|
|switch|p1a: Breloom|Breloom, M|262\/262
|move|p2a: Rotom-Wash|Will-O-Wisp|p1a: Breloom|[miss]
|-miss|p2a: Rotom-Wash|p1a: Breloom
|
|turn|21
|c|âtaggy sits|.....
|
|switch|p2a: Gengar|Gengar, M|58\/262
|-damage|p2a: Gengar|26\/262|[from] Stealth Rock
|move|p1a: Breloom|Mach Punch|p2a: Gengar
|-immune|p2a: Gengar|[msg]
|
|turn|22
|c|âtaggy sits|g
|c|âtaggy sits|g
|-message|taggy sits forfeited.
|
|win|subzeromkx
|raw|Ladder updating...
|raw|subzeromkx's rating: 1694 &rarr; <strong>1701<\/strong><br \/>(+7 for winning)
|raw|taggy sits's rating: 1433 &rarr; <strong>1426<\/strong><br \/>(-7 for losing)
|leave|subzeromkx
|player|p1