|join|subzeromkx
|join|Arcanine is Regal
|player|p1|subzeromkx|20
|player|p2|Arcanine is Regal|126
|gametype|singles
|gen|6
|tier|OU
|rated
|clearpoke
|poke|p1|Breloom, M
|poke|p1|Gardevoir, F, shiny
|poke|p1|Thundurus, M
|poke|p1|Bisharp, F
|poke|p1|Mamoswine, M
|poke|p1|Garchomp, F
|poke|p2|Garchomp, M
|poke|p2|Ferrothorn, M
|poke|p2|Latias, F
|poke|p2|Clefable, F
|poke|p2|Gengar, M
|poke|p2|Starmie
|rule|Swagger Clause: Swagger is banned
|rule|Baton Pass Clause: Limit one PokÃ©mon knowing Baton Pass
|rule|Sleep Clause Mod: Limit one foe put to sleep
|rule|Species Clause: Limit one of each PokÃ©mon
|rule|OHKO Clause: OHKO moves are banned
|rule|Moody Clause: Moody is banned
|rule|Evasion Moves Clause: Evasion moves are banned
|rule|Endless Battle Clause: Forcing endless battles is banned
|rule|HP Percentage Mod: HP is shown in percentages
|teampreview
|
|start
|switch|p1a: Mamoswine|Mamoswine, M|361\/361
|switch|p2a: Gengar|Gengar, M|261\/261
|turn|1
|
|switch|p1a: Thundurus|Thundurus, M|299\/299
|move|p2a: Gengar|Will-O-Wisp|p1a: Thundurus
|-status|p1a: Thundurus|brn
|
|-damage|p1a: Thundurus|262\/299 brn|[from] brn
|turn|2
|
|switch|p1a: Kisame|Garchomp, F|420\/420
|move|p2a: Gengar|Shadow Ball|p1a: Kisame
|-damage|p1a: Kisame|240\/420
|-unboost|p1a: Kisame|spd|1
|
|turn|3
|
|switch|p1a: Bisharp|Bisharp, F|290\/290
|move|p2a: Gengar|Shadow Ball|p1a: Bisharp
|-resisted|p1a: Bisharp
|-damage|p1a: Bisharp|230\/290
|
|turn|4
|
|move|p2a: Gengar|Will-O-Wisp|p1a: Bisharp
|-status|p1a: Bisharp|brn
|move|p1a: Bisharp|Pursuit|p2a: Gengar
|-supereffective|p2a: Gengar
|-damage|p2a: Gengar|141\/261
|
|-damage|p1a: Bisharp|194\/290 brn|[from] brn
|turn|5
|
|move|p2a: Gengar|Destiny Bond|p2a: Gengar
|-singlemove|p2a: Gengar|Destiny Bond
|move|p1a: Bisharp|Pursuit|p2a: Gengar
|-supereffective|p2a: Gengar
|-damage|p2a: Gengar|31\/261
|
|-damage|p1a: Bisharp|158\/290 brn|[from] brn
|turn|6
|
|move|p2a: Gengar|Shadow Ball|p1a: Bisharp
|-resisted|p1a: Bisharp
|-damage|p1a: Bisharp|93\/290 brn
|move|p1a: Bisharp|Pursuit|p2a: Gengar
|-supereffective|p2a: Gengar
|-damage|p2a: Gengar|0 fnt
|faint|p2a: Gengar
|
|-damage|p1a: Bisharp|57\/290 brn|[from] brn
|
|switch|p2a: Garchomp|Garchomp, M|420\/420
|turn|7
|
|move|p2a: Garchomp|Stealth Rock|p1a: Bisharp
|-sidestart|p1: subzeromkx|move: Stealth Rock
|move|p1a: Bisharp|Knock Off|p2a: Garchomp
|-damage|p2a: Garchomp|350\/420
|-damage|p1a: Bisharp|21\/290 brn|[from] ability: Rough Skin|[of] p2a: Garchomp
|-damage|p1a: Bisharp|0 fnt|[from] item: Rocky Helmet|[of] p2a: Garchomp
|faint|p1a: Bisharp
|
|
|switch|p1a: Mamoswine|Mamoswine, M|361\/361
|-damage|p1a: Mamoswine|316\/361|[from] Stealth Rock
|turn|8
|
|move|p1a: Mamoswine|Freeze-Dry|p2a: Garchomp
|-supereffective|p2a: Garchomp
|-damage|p2a: Garchomp|0 fnt
|-damage|p1a: Mamoswine|280\/361|[from] item: Life Orb
|faint|p2a: Garchomp
|
|
|switch|p2a: Starmie|Starmie|261\/261
|turn|9
|
|switch|p1a: Hilda|Gardevoir, F, shiny|314\/314
|-damage|p1a: Hilda|275\/314|[from] Stealth Rock
|-ability|p1a: Hilda|Analytic|[from] ability: Trace|[of] p2a: Starmie
|move|p2a: Starmie|Hydro Pump|p1a: Hilda
|-damage|p1a: Hilda|0 fnt
|faint|p1a: Hilda
|
|-message|subzeromkx forfeited.
|leave|subzeromkx
|
|switch|p1a: Breloom|Breloom, M|262\/262
|-damage|p1a: Breloom|246\/262|[from] Stealth Rock
|turn|10
|
|win|Arcanine is Regal
|raw|Ladder updating...
|player|p1
|raw|subzeromkx's rating: 1702 &rarr; <strong>1682<\/strong><br \/>(-20 for losing)
|raw|Arcanine is Regal's rating: 1709 &rarr; <strong>1728<\/strong><br \/>(+19 for winning)