|join|subzeromkx
|join|MaskedMan
|player|p1|subzeromkx|20
|player|p2|MaskedMan|273
|gametype|singles
|gen|6
|tier|OU
|rated
|clearpoke
|poke|p1|Breloom, M
|poke|p1|Gardevoir, M
|poke|p1|Thundurus, M
|poke|p1|Bisharp, M
|poke|p1|Latias, F
|poke|p1|Garchomp, M
|poke|p2|Sceptile, M
|poke|p2|Milotic, F
|poke|p2|Entei, shiny
|poke|p2|Excadrill, M
|poke|p2|Togekiss, F, shiny
|poke|p2|Mew, shiny
|rule|Swagger Clause: Swagger is banned
|rule|Baton Pass Clause: Limit one PokÃ©mon knowing Baton Pass
|rule|Sleep Clause Mod: Limit one foe put to sleep
|rule|Species Clause: Limit one of each PokÃ©mon
|rule|OHKO Clause: OHKO moves are banned
|rule|Moody Clause: Moody is banned
|rule|Evasion Moves Clause: Evasion moves are banned
|rule|Endless Battle Clause: Forcing endless battles is banned
|rule|HP Percentage Mod: HP is shown in percentages
|teampreview
|join|XKait0
|
|start
|switch|p1a: Gardevoir|Gardevoir, M|314\/314
|switch|p2a: Ace|Entei, shiny|371\/371
|-ability|p2a: Ace|Pressure
|-ability|p1a: Gardevoir|Pressure|[from] ability: Trace|[of] p2a: Ace
|-ability|p1a: Gardevoir|Pressure
|turn|1
|
|switch|p1a: Kisame|Garchomp, M|420\/420
|move|p2a: Ace|Sacred Fire|p1a: Kisame
|-resisted|p1a: Kisame
|-damage|p1a: Kisame|338\/420
|-status|p1a: Kisame|brn
|-damage|p2a: Ace|334\/371|[from] item: Life Orb
|
|-damage|p1a: Kisame|286\/420 brn|[from] brn
|turn|2
|
|switch|p2a: Colonel|Sceptile, M|281\/281
|move|p1a: Kisame|Stealth Rock|p2a: Colonel
|-sidestart|p2: MaskedMan|move: Stealth Rock
|
|-damage|p1a: Kisame|234\/420 brn|[from] brn
|turn|3
|
|switch|p1a: Gardevoir|Gardevoir, M|314\/314
|-ability|p1a: Gardevoir|Overgrow|[from] ability: Trace|[of] p2a: Colonel
|detailschange|p2a: Colonel|Sceptile-Mega, M
|-mega|p2a: Colonel|Sceptile|Sceptilite
|move|p2a: Colonel|Giga Drain|p1a: Gardevoir
|-damage|p1a: Gardevoir|190\/314
|
|turn|4
|
|switch|p2a: Bason|Excadrill, M|361\/361
|-damage|p2a: Bason|350\/361|[from] Stealth Rock
|-ability|p2a: Bason|Mold Breaker
|detailschange|p1a: Gardevoir|Gardevoir-Mega, M
|-mega|p1a: Gardevoir|Gardevoir|Gardevoirite
|move|p1a: Gardevoir|Hyper Voice|p2a: Bason
|-resisted|p2a: Bason
|-damage|p2a: Bason|143\/361
|
|turn|5
|
|switch|p1a: Kisame|Garchomp, M|234\/420 brn
|move|p2a: Bason|Earthquake|p1a: Kisame
|-damage|p1a: Kisame|104\/420 brn
|
|-damage|p1a: Kisame|52\/420 brn|[from] brn
|turn|6
|
|switch|p2a: Daichi|Mew, shiny|404\/404
|-damage|p2a: Daichi|354\/404|[from] Stealth Rock
|switch|p1a: Thundurus|Thundurus, M|299\/299
|
|-heal|p2a: Daichi|379\/404|[from] item: Leftovers
|turn|7
|
|move|p1a: Thundurus|Thunder Wave|p2a: Daichi
|-status|p2a: Daichi|par
|move|p2a: Daichi|Knock Off|p1a: Thundurus
|-damage|p1a: Thundurus|192\/299
|-enditem|p1a: Thundurus|Life Orb|[from] move: Knock Off|[of] p2a: Daichi
|
|-heal|p2a: Daichi|404\/404 par|[from] item: Leftovers
|turn|8
|
|switch|p1a: Bisharp|Bisharp, M|272\/272
|move|p2a: Daichi|Stealth Rock|p1a: Bisharp
|-sidestart|p1: subzeromkx|move: Stealth Rock
|
|turn|9
|
|switch|p2a: Karin|Milotic, F|393\/393
|-damage|p2a: Karin|344\/393|[from] Stealth Rock
|move|p1a: Bisharp|Swords Dance|p1a: Bisharp
|-boost|p1a: Bisharp|atk|2
|
|-heal|p2a: Karin|368\/393|[from] item: Leftovers
|turn|10
|
|move|p1a: Bisharp|Knock Off|p2a: Karin
|-damage|p2a: Karin|0 fnt
|-enditem|p2a: Karin|Leftovers|[from] move: Knock Off|[of] p1a: Bisharp
|-damage|p1a: Bisharp|245\/272|[from] item: Life Orb
|faint|p2a: Karin
|
|
|switch|p2a: Colonel|Sceptile-Mega, M|281\/281
|-damage|p2a: Colonel|246\/281|[from] Stealth Rock
|turn|11
|
|move|p2a: Colonel|Substitute|p2a: Colonel
|-start|p2a: Colonel|Substitute
|-damage|p2a: Colonel|176\/281
|move|p1a: Bisharp|Knock Off|p2a: Colonel
|-end|p2a: Colonel|Substitute
|-damage|p1a: Bisharp|218\/272|[from] item: Life Orb
|
|turn|12
|
|switch|p1a: Kisame|Garchomp, M|52\/420 brn
|-damage|p1a: Kisame|26\/420 brn|[from] Stealth Rock
|move|p2a: Colonel|Substitute|p2a: Colonel
|-start|p2a: Colonel|Substitute
|-damage|p2a: Colonel|106\/281
|
|-damage|p1a: Kisame|0 fnt|[from] brn
|faint|p1a: Kisame
|
|switch|p1a: Gardevoir|Gardevoir-Mega, M|190\/314
|-damage|p1a: Gardevoir|151\/314|[from] Stealth Rock
|turn|13
|
|move|p2a: Colonel|Giga Drain|p1a: Gardevoir
|-damage|p1a: Gardevoir|30\/314
|-heal|p2a: Colonel|167\/281|[from] drain|[of] p1a: Gardevoir
|move|p1a: Gardevoir|Hyper Voice|p2a: Colonel
|-supereffective|p2a: Colonel
|-damage|p2a: Colonel|0 fnt
|faint|p2a: Colonel
|
|
|switch|p2a: Bason|Excadrill, M|143\/361
|-damage|p2a: Bason|132\/361|[from] Stealth Rock
|-ability|p2a: Bason|Mold Breaker
|turn|14
|
|move|p2a: Bason|Rapid Spin|p1a: Gardevoir
|-damage|p1a: Gardevoir|0 fnt
|-sideend|p2: MaskedMan|Stealth Rock|[from] move: Rapid Spin|[of] p2a: Bason
|faint|p1a: Gardevoir
|
|
|switch|p1a: Breloom|Breloom, M|262\/262
|-damage|p1a: Breloom|246\/262|[from] Stealth Rock
|turn|15
|
|switch|p2a: Daichi|Mew, shiny|404\/404 par
|move|p1a: Breloom|Swords Dance|p1a: Breloom
|-boost|p1a: Breloom|atk|2
|
|turn|16
|
|move|p1a: Breloom|Bullet Seed|p2a: Daichi
|-damage|p2a: Daichi|239\/404 par
|-damage|p2a: Daichi|56\/404 par
|-damage|p2a: Daichi|0 fnt
|-hitcount|p2a: Daichi|3
|-damage|p1a: Breloom|220\/262|[from] item: Life Orb
|faint|p2a: Daichi
|
|c|âMaskedMan|this breloom
|
|switch|p2a: Iris|Togekiss, F, shiny|373\/373
|turn|17
|
|move|p1a: Breloom|Spore|p2a: Iris
|-status|p2a: Iris|slp
|cant|p2a: Iris|slp
|
|turn|18
|
|move|p1a: Breloom|Bullet Seed|p2a: Iris
|-resisted|p2a: Iris
|-damage|p2a: Iris|309\/373 slp
|-resisted|p2a: Iris
|-damage|p2a: Iris|247\/373 slp
|-resisted|p2a: Iris
|-damage|p2a: Iris|186\/373 slp
|-hitcount|p2a: Iris|3
|-damage|p1a: Breloom|194\/262|[from] item: Life Orb
|cant|p2a: Iris|slp
|
|-heal|p2a: Iris|209\/373 slp|[from] item: Leftovers
|turn|19
|
|move|p1a: Breloom|Bullet Seed|p2a: Iris
|-resisted|p2a: Iris
|-damage|p2a: Iris|147\/373 slp
|-resisted|p2a: Iris
|-damage|p2a: Iris|79\/373 slp
|-hitcount|p2a: Iris|2
|-damage|p1a: Breloom|168\/262|[from] item: Life Orb
|-curestatus|p2a: Iris|slp
|move|p2a: Iris|Air Slash|p1a: Breloom
|-supereffective|p1a: Breloom
|-damage|p1a: Breloom|0 fnt
|faint|p1a: Breloom
|
|-heal|p2a: Iris|102\/373|[from] item: Leftovers
|
|switch|p1a: Thundurus|Thundurus, M|192\/299
|-damage|p1a: Thundurus|118\/299|[from] Stealth Rock
|turn|20
|
|switch|p2a: Ace|Entei, shiny|334\/371
|-ability|p2a: Ace|Pressure
|move|p1a: Thundurus|Hidden Power|p2a: Ace
|-resisted|p2a: Ace
|-damage|p2a: Ace|290\/371
|
|turn|21
|
|move|p2a: Ace|Extreme Speed|p1a: Thundurus
|-damage|p1a: Thundurus|0 fnt
|-damage|p2a: Ace|253\/371|[from] item: Life Orb
|faint|p1a: Thundurus
|
|
|switch|p1a: Latias|Latias, F|301\/301
|-damage|p1a: Latias|264\/301|[from] Stealth Rock
|turn|22
|
|switch|p2a: Iris|Togekiss, F, shiny|102\/373
|move|p1a: Latias|Psyshock|p2a: Iris
|-damage|p2a: Iris|0 fnt
|-damage|p1a: Latias|234\/301|[from] item: Life Orb
|faint|p2a: Iris
|
|
|switch|p2a: Bason|Excadrill, M|132\/361
|-ability|p2a: Bason|Mold Breaker
|turn|23
|
|move|p2a: Bason|Earthquake|p1a: Latias
|-crit|p1a: Latias
|-damage|p1a: Latias|0 fnt
|faint|p1a: Latias
|
|
|switch|p1a: Bisharp|Bisharp, M|218\/272
|-damage|p1a: Bisharp|201\/272|[from] Stealth Rock
|turn|24
|
|move|p1a: Bisharp|Sucker Punch|p2a: Bason
|-damage|p2a: Bason|0 fnt
|-damage|p1a: Bisharp|174\/272|[from] item: Life Orb
|faint|p2a: Bason
|
|
|switch|p2a: Ace|Entei, shiny|253\/371
|-ability|p2a: Ace|Pressure
|turn|25
|
|move|p2a: Ace|Extreme Speed|p1a: Bisharp
|-resisted|p1a: Bisharp
|-damage|p1a: Bisharp|113\/272
|-damage|p2a: Ace|216\/371|[from] item: Life Orb
|move|p1a: Bisharp|Sucker Punch|p2a: Ace
|-fail|p2a: Ace
|
|turn|26
|
|move|p2a: Ace|Bulldoze|p1a: Bisharp
|-supereffective|p1a: Bisharp
|-damage|p1a: Bisharp|0 fnt
|-damage|p2a: Ace|179\/371|[from] item: Life Orb
|faint|p1a: Bisharp
|
|win|MaskedMan
|raw|Ladder updating...
|raw|subzeromkx's rating: 1780 &rarr; <strong>1750<\/strong><br \/>(-30 for losing)
|raw|MaskedMan's rating: 1599 &rarr; <strong>1629<\/strong><br \/>(+30 for winning)
|c|âMaskedMan|gg
|leave|subzeromkx
|c|âMaskedMan|:D
|player|p1