|join|subzeromkx
|join|wish killer
|player|p1|subzeromkx|20
|player|p2|wish killer|1
|gametype|singles
|gen|6
|tier|OU
|rated
|clearpoke
|poke|p1|Breloom, F
|poke|p1|Heracross, M
|poke|p1|Thundurus, M
|poke|p1|Bisharp, M
|poke|p1|Sylveon, F
|poke|p1|Garchomp, M
|poke|p2|Bisharp, M
|poke|p2|Venusaur, F
|poke|p2|Heatran, F
|poke|p2|Keldeo
|poke|p2|Chansey, F
|poke|p2|Skarmory, F
|rule|Swagger Clause: Swagger is banned
|rule|Baton Pass Clause: Limit one PokÃ©mon knowing Baton Pass
|rule|Sleep Clause Mod: Limit one foe put to sleep
|rule|Species Clause: Limit one of each PokÃ©mon
|rule|OHKO Clause: OHKO moves are banned
|rule|Moody Clause: Moody is banned
|rule|Evasion Moves Clause: Evasion moves are banned
|rule|Endless Battle Clause: Forcing endless battles is banned
|rule|HP Percentage Mod: HP is shown in percentages
|teampreview
|join|i came from leddit
|c| i came from leddit|ez bloody rematch
|
|start
|switch|p1a: Bisharp|Bisharp, M|272\/272
|switch|p2a: Heatran|Heatran, F|340\/340
|-item|p2a: Heatran|Air Balloon
|turn|1
|
|switch|p1a: Kisame|Garchomp, M|420\/420
|move|p2a: Heatran|Stealth Rock|p1a: Kisame
|-sidestart|p1: subzeromkx|move: Stealth Rock
|
|turn|2
|
|switch|p2a: Skarmory|Skarmory, F|334\/334
|move|p1a: Kisame|Hidden Power|p2a: Skarmory
|-damage|p2a: Skarmory|292\/334
|
|turn|3
|
|move|p1a: Kisame|Fire Blast|p2a: Skarmory
|-supereffective|p2a: Skarmory
|-damage|p2a: Skarmory|126\/334
|move|p2a: Skarmory|Roost|p2a: Skarmory
|-heal|p2a: Skarmory|293\/334
|
|turn|4
|
|move|p1a: Kisame|Fire Blast|p2a: Skarmory
|-supereffective|p2a: Skarmory
|-damage|p2a: Skarmory|139\/334
|move|p2a: Skarmory|Roost|p2a: Skarmory
|-heal|p2a: Skarmory|306\/334
|
|turn|5
|
|move|p1a: Kisame|Fire Blast|p2a: Skarmory|[miss]
|-miss|p1a: Kisame|p2a: Skarmory
|move|p2a: Skarmory|Roost|p2a: Skarmory
|-heal|p2a: Skarmory|334\/334
|
|turn|6
|
|move|p1a: Kisame|Stealth Rock|p2a: Skarmory
|-sidestart|p2: wish killer|move: Stealth Rock
|move|p2a: Skarmory|Spikes|p1a: Kisame
|-sidestart|p1: subzeromkx|Spikes
|
|turn|7
|
|move|p1a: Kisame|Fire Blast|p2a: Skarmory|[miss]
|-miss|p1a: Kisame|p2a: Skarmory
|move|p2a: Skarmory|Spikes|p1a: Kisame
|-sidestart|p1: subzeromkx|Spikes
|
|turn|8
|
|move|p1a: Kisame|Fire Blast|p2a: Skarmory
|-supereffective|p2a: Skarmory
|-damage|p2a: Skarmory|180\/334
|-status|p2a: Skarmory|brn
|move|p2a: Skarmory|Roost|p2a: Skarmory
|-heal|p2a: Skarmory|334\/334 brn
|
|-damage|p2a: Skarmory|293\/334 brn|[from] brn
|turn|9
|
|move|p1a: Kisame|Fire Blast|p2a: Skarmory
|-supereffective|p2a: Skarmory
|-damage|p2a: Skarmory|137\/334 brn
|move|p2a: Skarmory|Roost|p2a: Skarmory
|-heal|p2a: Skarmory|304\/334 brn
|
|-damage|p2a: Skarmory|263\/334 brn|[from] brn
|turn|10
|
|move|p1a: Kisame|Fire Blast|p2a: Skarmory
|-supereffective|p2a: Skarmory
|-damage|p2a: Skarmory|97\/334 brn
|move|p2a: Skarmory|Roost|p2a: Skarmory
|-heal|p2a: Skarmory|264\/334 brn
|
|-damage|p2a: Skarmory|223\/334 brn|[from] brn
|turn|11
|
|switch|p1a: Bisharp|Bisharp, M|272\/272
|-damage|p1a: Bisharp|227\/272|[from] Spikes
|-damage|p1a: Bisharp|210\/272|[from] Stealth Rock
|move|p2a: Skarmory|Roost|p2a: Skarmory
|-heal|p2a: Skarmory|334\/334 brn
|
|-damage|p2a: Skarmory|293\/334 brn|[from] brn
|turn|12
|
|move|p1a: Bisharp|Knock Off|p2a: Skarmory
|-damage|p2a: Skarmory|136\/334 brn
|-damage|p1a: Bisharp|165\/272|[from] item: Rocky Helmet|[of] p2a: Skarmory
|-enditem|p2a: Skarmory|Rocky Helmet|[from] move: Knock Off|[of] p1a: Bisharp
|-damage|p1a: Bisharp|138\/272|[from] item: Life Orb
|move|p2a: Skarmory|Whirlwind|p1a: Bisharp
|drag|p1a: Thundurus|Thundurus, M|298\/298
|-damage|p1a: Thundurus|224\/298|[from] Stealth Rock
|
|-damage|p2a: Skarmory|95\/334 brn|[from] brn
|turn|13
|
|switch|p2a: Chansey|Chansey, F|684\/684
|-damage|p2a: Chansey|599\/684|[from] Stealth Rock
|move|p1a: Thundurus|Thunderbolt|p2a: Chansey
|-damage|p2a: Chansey|489\/684
|-damage|p1a: Thundurus|195\/298|[from] item: Life Orb
|
|turn|14
|join|Dayanne
|
|switch|p1a: Heracross|Heracross, M|309\/309
|-damage|p1a: Heracross|271\/309|[from] Stealth Rock
|-damage|p1a: Heracross|220\/309|[from] Spikes
|move|p2a: Chansey|Soft-Boiled|p2a: Chansey
|-heal|p2a: Chansey|684\/684
|
|turn|15
|
|switch|p2a: Skarmory|Skarmory, F|95\/334 brn
|-damage|p2a: Skarmory|54\/334 brn|[from] Stealth Rock
|move|p1a: Heracross|Swords Dance|p1a: Heracross
|-boost|p1a: Heracross|atk|2
|
|-damage|p2a: Skarmory|13\/334 brn|[from] brn
|turn|16
|
|move|p1a: Heracross|Bullet Seed|p2a: Skarmory
|-resisted|p2a: Skarmory
|-damage|p2a: Skarmory|3\/334 brn
|-resisted|p2a: Skarmory
|-damage|p2a: Skarmory|0 fnt
|-hitcount|p2a: Skarmory|2
|faint|p2a: Skarmory
|
|
|switch|p2a: Keldeo|Keldeo|323\/323
|-damage|p2a: Keldeo|303\/323|[from] Stealth Rock
|turn|17
|
|move|p2a: Keldeo|Scald|p1a: Heracross
|-damage|p1a: Heracross|64\/309
|move|p1a: Heracross|Bullet Seed|p2a: Keldeo
|-supereffective|p2a: Keldeo
|-damage|p2a: Keldeo|159\/323
|-supereffective|p2a: Keldeo
|-damage|p2a: Keldeo|19\/323
|-supereffective|p2a: Keldeo
|-damage|p2a: Keldeo|0 fnt
|-hitcount|p2a: Keldeo|3
|faint|p2a: Keldeo
|
|
|switch|p2a: Bisharp|Bisharp, M|334\/334
|-damage|p2a: Bisharp|314\/334|[from] Stealth Rock
|turn|18
|
|detailschange|p1a: Heracross|Heracross-Mega, M
|-mega|p1a: Heracross|Heracross|Heracronite
|move|p2a: Bisharp|Sucker Punch|p1a: Heracross
|-resisted|p1a: Heracross
|-damage|p1a: Heracross|0 fnt
|faint|p1a: Heracross
|
|-heal|p2a: Bisharp|334\/334|[from] item: Leftovers
|
|switch|p1a: Kisame|Garchomp, M|420\/420
|-damage|p1a: Kisame|350\/420|[from] Spikes
|-damage|p1a: Kisame|324\/420|[from] Stealth Rock
|turn|19
|
|switch|p2a: Chansey|Chansey, F|684\/684
|-damage|p2a: Chansey|599\/684|[from] Stealth Rock
|move|p1a: Kisame|Earthquake|p2a: Chansey
|-damage|p2a: Chansey|416\/684
|
|turn|20
|
|move|p1a: Kisame|Earthquake|p2a: Chansey
|-damage|p2a: Chansey|217\/684
|move|p2a: Chansey|Soft-Boiled|p2a: Chansey
|-heal|p2a: Chansey|559\/684
|
|turn|21
|
|move|p1a: Kisame|Earthquake|p2a: Chansey
|-damage|p2a: Chansey|373\/684
|move|p2a: Chansey|Soft-Boiled|p2a: Chansey
|-heal|p2a: Chansey|684\/684
|
|turn|22
|
|move|p1a: Kisame|Earthquake|p2a: Chansey
|-damage|p2a: Chansey|488\/684
|move|p2a: Chansey|Soft-Boiled|p2a: Chansey
|-heal|p2a: Chansey|684\/684
|
|turn|23
|
|move|p1a: Kisame|Earthquake|p2a: Chansey
|-damage|p2a: Chansey|476\/684
|move|p2a: Chansey|Soft-Boiled|p2a: Chansey
|-heal|p2a: Chansey|684\/684
|
|turn|24
|
|move|p1a: Kisame|Earthquake|p2a: Chansey
|-damage|p2a: Chansey|491\/684
|move|p2a: Chansey|Soft-Boiled|p2a: Chansey
|-heal|p2a: Chansey|684\/684
|
|turn|25
|
|move|p1a: Kisame|Earthquake|p2a: Chansey
|-damage|p2a: Chansey|482\/684
|move|p2a: Chansey|Seismic Toss|p1a: Kisame
|-damage|p1a: Kisame|224\/420
|-damage|p2a: Chansey|397\/684|[from] ability: Rough Skin|[of] p1a: Kisame
|-damage|p2a: Chansey|283\/684|[from] item: Rocky Helmet|[of] p1a: Kisame
|
|turn|26
|c| i came from leddit|..
|
|switch|p1a: Breloom|Breloom, F|262\/262
|-damage|p1a: Breloom|246\/262|[from] Stealth Rock
|-damage|p1a: Breloom|203\/262|[from] Spikes
|move|p2a: Chansey|Soft-Boiled|p2a: Chansey
|-heal|p2a: Chansey|625\/684
|
|turn|27
|join|Venom3000
|
|switch|p1a: Thundurus|Thundurus, M|195\/298
|-damage|p1a: Thundurus|121\/298|[from] Stealth Rock
|switch|p2a: Venusaur|Venusaur, F|364\/364
|-damage|p2a: Venusaur|319\/364|[from] Stealth Rock
|
|turn|28
|
|switch|p2a: Chansey|Chansey, F|625\/684
|-damage|p2a: Chansey|540\/684|[from] Stealth Rock
|move|p1a: Thundurus|Thunder Wave|p2a: Chansey
|-status|p2a: Chansey|par
|
|turn|29
|
|move|p1a: Thundurus|Superpower|p2a: Chansey
|-supereffective|p2a: Chansey
|-damage|p2a: Chansey|150\/684 par
|-unboost|p1a: Thundurus|atk|1
|-unboost|p1a: Thundurus|def|1
|-damage|p1a: Thundurus|92\/298|[from] item: Life Orb
|move|p2a: Chansey|Seismic Toss|p1a: Thundurus
|-damage|p1a: Thundurus|0 fnt
|faint|p1a: Thundurus
|
|
|switch|p1a: Bisharp|Bisharp, M|138\/272
|-damage|p1a: Bisharp|121\/272|[from] Stealth Rock
|-damage|p1a: Bisharp|76\/272|[from] Spikes
|turn|30
|
|switch|p2a: Bisharp|Bisharp, M|334\/334
|-damage|p2a: Bisharp|314\/334|[from] Stealth Rock
|move|p1a: Bisharp|Swords Dance|p1a: Bisharp
|-boost|p1a: Bisharp|atk|2
|
|-heal|p2a: Bisharp|334\/334|[from] item: Leftovers
|turn|31
|
|move|p1a: Bisharp|Swords Dance|p1a: Bisharp
|-boost|p1a: Bisharp|atk|2
|move|p2a: Bisharp|Knock Off|p1a: Bisharp
|-resisted|p1a: Bisharp
|-damage|p1a: Bisharp|0 fnt
|-enditem|p1a: Bisharp|Life Orb|[from] move: Knock Off|[of] p2a: Bisharp
|faint|p1a: Bisharp
|
|c| i came from leddit|lol
|-message|subzeromkx forfeited.
|
|win|wish killer
|raw|Ladder updating...
|leave|subzeromkx
|player|p1
|raw|subzeromkx's rating: 1774 &rarr; <strong>1757<\/strong><br \/>(-17 for losing)
|raw|wish killer's rating: 1829 &rarr; <strong>1846<\/strong><br \/>(+17 for winning)
|leave|i came from leddit