|join|Aka DH
|join|subzeromkx
|join|i came from leddit
|player|p1|Aka DH|68
|player|p2|subzeromkx|20
|gametype|singles
|gen|6
|tier|OU
|rated
|clearpoke
|poke|p1|Bisharp, M
|poke|p1|Venusaur, F
|poke|p1|Heatran, F
|poke|p1|Keldeo
|poke|p1|Chansey, F
|poke|p1|Skarmory, F
|poke|p2|Garchomp, M
|poke|p2|Landorus, M
|poke|p2|Gardevoir, F, shiny
|poke|p2|Breloom, M
|poke|p2|Bisharp, M
|poke|p2|Latias, F
|rule|Swagger Clause: Swagger is banned
|rule|Baton Pass Clause: Limit one PokÃ©mon knowing Baton Pass
|rule|Sleep Clause Mod: Limit one foe put to sleep
|rule|Species Clause: Limit one of each PokÃ©mon
|rule|OHKO Clause: OHKO moves are banned
|rule|Moody Clause: Moody is banned
|rule|Evasion Moves Clause: Evasion moves are banned
|rule|Endless Battle Clause: Forcing endless battles is banned
|rule|HP Percentage Mod: HP is shown in percentages
|teampreview
|c| i came from leddit|go bloody!
|c|âAka DH|welcome leddit
|
|start
|switch|p1a: Nice try hacker|Chansey, F|684\/684
|switch|p2a: Ugo|Landorus, M|319\/319
|turn|1
|
|switch|p2a: Kisame|Garchomp, M|419\/419
|move|p1a: Nice try hacker|Seismic Toss|p2a: Kisame
|-damage|p2a: Kisame|319\/419
|-damage|p1a: Nice try hacker|599\/684|[from] ability: Rough Skin|[of] p2a: Kisame
|-damage|p1a: Nice try hacker|485\/684|[from] item: Rocky Helmet|[of] p2a: Kisame
|
|turn|2
|join|chaosknight014
|leave|chaosknight014
|
|switch|p1a: Nice try hacker|Heatran, F|340\/340
|-item|p1a: Nice try hacker|Air Balloon
|move|p2a: Kisame|Stealth Rock|p1a: Nice try hacker
|-sidestart|p1: Aka DH|move: Stealth Rock
|
|turn|3
|
|move|p1a: Nice try hacker|Toxic|p2a: Kisame
|-status|p2a: Kisame|tox
|move|p2a: Kisame|Hidden Power|p1a: Nice try hacker
|-resisted|p1a: Nice try hacker
|-damage|p1a: Nice try hacker|331\/340
|-enditem|p1a: Nice try hacker|Air Balloon
|
|-damage|p2a: Kisame|293\/419 tox|[from] psn
|turn|4
|join|Rokaro
|
|move|p1a: Nice try hacker|Stealth Rock|p2a: Kisame
|-sidestart|p2: subzeromkx|move: Stealth Rock
|move|p2a: Kisame|Fire Blast|p1a: Nice try hacker
|-start|p1a: Nice try hacker|ability: Flash Fire
|
|-damage|p2a: Kisame|241\/419 tox|[from] psn
|turn|5
|
|switch|p1a: Nice try hacker|Chansey, F|485\/684
|-damage|p1a: Nice try hacker|400\/684|[from] Stealth Rock
|move|p2a: Kisame|Earthquake|p1a: Nice try hacker
|-crit|p1a: Nice try hacker
|-damage|p1a: Nice try hacker|109\/684
|
|-damage|p2a: Kisame|163\/419 tox|[from] psn
|turn|6
|c| Rokaro|lol
|join|Zenzo
|c| Zenzo|bloody
|c| Zenzo|welcome back
|
|move|p2a: Kisame|Earthquake|p1a: Nice try hacker
|-damage|p1a: Nice try hacker|0 fnt
|faint|p1a: Nice try hacker
|
|-damage|p2a: Kisame|59\/419 tox|[from] psn
|c|âAka DH|thanks
|
|switch|p1a: Nice try hacker|Keldeo|323\/323
|-damage|p1a: Nice try hacker|303\/323|[from] Stealth Rock
|turn|7
|
|move|p1a: Nice try hacker|Scald|p2a: Kisame
|-damage|p2a: Kisame|0 fnt
|faint|p2a: Kisame
|
|-heal|p1a: Nice try hacker|323\/323|[from] item: Leftovers
|
|switch|p2a: Hilda|Gardevoir, F, shiny|314\/314
|-damage|p2a: Hilda|275\/314|[from] Stealth Rock
|-ability|p2a: Hilda|Justified|[from] ability: Trace|[of] p1a: Nice try hacker
|turn|8
|
|switch|p1a: Nice try hacker|Skarmory, F|334\/334
|-damage|p1a: Nice try hacker|293\/334|[from] Stealth Rock
|detailschange|p2a: Hilda|Gardevoir-Mega, F, shiny
|-mega|p2a: Hilda|Gardevoir|Gardevoirite
|move|p2a: Hilda|Psyshock|p1a: Nice try hacker
|-resisted|p1a: Nice try hacker
|-damage|p1a: Nice try hacker|233\/334
|
|turn|9
|
|move|p2a: Hilda|Hyper Voice|p1a: Nice try hacker
|-resisted|p1a: Nice try hacker
|-damage|p1a: Nice try hacker|99\/334
|move|p1a: Nice try hacker|Roost|p1a: Nice try hacker
|-heal|p1a: Nice try hacker|266\/334
|
|turn|10
|
|move|p2a: Hilda|Hyper Voice|p1a: Nice try hacker
|-resisted|p1a: Nice try hacker
|-damage|p1a: Nice try hacker|108\/334
|move|p1a: Nice try hacker|Brave Bird|p2a: Hilda
|-damage|p2a: Hilda|101\/314
|-damage|p1a: Nice try hacker|51\/334|[from] recoil|[of] p2a: Hilda
|
|turn|11
|
|move|p2a: Hilda|Hyper Voice|p1a: Nice try hacker
|-resisted|p1a: Nice try hacker
|-damage|p1a: Nice try hacker|0 fnt
|faint|p1a: Nice try hacker
|
|c| Zenzoh|holy fucking rolls.
|
|switch|p1a: Nice try hacker|Bisharp, M|334\/334
|-damage|p1a: Nice try hacker|314\/334|[from] Stealth Rock
|turn|12
|
|move|p1a: Nice try hacker|Sucker Punch|p2a: Hilda
|-damage|p2a: Hilda|0 fnt
|faint|p2a: Hilda
|
|-heal|p1a: Nice try hacker|334\/334|[from] item: Leftovers
|leave|Rokaro
|join|Rokaro
|
|switch|p2a: Ugo|Landorus, M|319\/319
|-damage|p2a: Ugo|280\/319|[from] Stealth Rock
|turn|13
|
|move|p2a: Ugo|Earth Power|p1a: Nice try hacker
|-supereffective|p1a: Nice try hacker
|-damage|p1a: Nice try hacker|0 fnt
|faint|p1a: Nice try hacker
|
|
|switch|p1a: Nice try hacker|Keldeo|323\/323
|-damage|p1a: Nice try hacker|303\/323|[from] Stealth Rock
|turn|14
|
|switch|p2a: Madara|Bisharp, M|290\/290
|-damage|p2a: Madara|272\/290|[from] Stealth Rock
|move|p1a: Nice try hacker|Icy Wind|p2a: Madara
|-resisted|p2a: Madara
|-damage|p2a: Madara|228\/290
|-unboost|p2a: Madara|spe|1
|-boost|p2a: Madara|atk|2|[from] ability: Defiant
|
|-heal|p1a: Nice try hacker|323\/323|[from] item: Leftovers
|turn|15
|c| Zenzoh|...
|c| i came from leddit|poopyhead
|
|switch|p2a: Latias|Latias, F|301\/301
|-damage|p2a: Latias|264\/301|[from] Stealth Rock
|move|p1a: Nice try hacker|Secret Sword|p2a: Latias
|-resisted|p2a: Latias
|-damage|p2a: Latias|186\/301
|
|turn|16
|c| Zenzoh|nice 50\/50
|
|switch|p2a: Ugo|Landorus, M|280\/319
|-damage|p2a: Ugo|241\/319|[from] Stealth Rock
|move|p1a: Nice try hacker|Icy Wind|p2a: Ugo
|-supereffective|p2a: Ugo
|-damage|p2a: Ugo|0 fnt
|faint|p2a: Ugo
|
|c| Zenzoh|wrekt
|
|switch|p2a: Kensei|Breloom, M|262\/262
|-damage|p2a: Kensei|246\/262|[from] Stealth Rock
|turn|17
|c| i came from leddit|:^)
|
|switch|p1a: Nice try hacker|Venusaur, F|364\/364
|-damage|p1a: Nice try hacker|319\/364|[from] Stealth Rock
|switch|p2a: Latias|Latias, F|186\/301
|-damage|p2a: Latias|149\/301|[from] Stealth Rock
|
|turn|18
|
|switch|p1a: Nice try hacker|Heatran, F|331\/340
|-damage|p1a: Nice try hacker|289\/340|[from] Stealth Rock
|move|p2a: Latias|Draco Meteor|p1a: Nice try hacker
|-resisted|p1a: Nice try hacker
|-damage|p1a: Nice try hacker|172\/340
|-unboost|p2a: Latias|spa|2
|-damage|p2a: Latias|119\/301|[from] item: Life Orb
|
|turn|19
|c| i came from leddit|>**HEY MOMMY LOOK I MADE A PLAY XDD**
|
|switch|p2a: Kensei|Breloom, M|246\/262
|-damage|p2a: Kensei|230\/262|[from] Stealth Rock
|move|p1a: Nice try hacker|Toxic|p2a: Kensei
|-status|p2a: Kensei|tox
|
|-damage|p2a: Kensei|214\/262 tox|[from] psn
|turn|20
|
|switch|p1a: Nice try hacker|Venusaur, F|319\/364
|-damage|p1a: Nice try hacker|274\/364|[from] Stealth Rock
|switch|p2a: Madara|Bisharp, M|228\/290
|-damage|p2a: Madara|210\/290|[from] Stealth Rock
|
|turn|21
|
|detailschange|p1a: Nice try hacker|Venusaur-Mega, F
|-mega|p1a: Nice try hacker|Venusaur|Venusaurite
|move|p2a: Madara|Iron Head|p1a: Nice try hacker
|-damage|p1a: Nice try hacker|184\/364
|move|p1a: Nice try hacker|Leech Seed|p2a: Madara
|-start|p2a: Madara|move: Leech Seed
|
|-damage|p2a: Madara|174\/290|[from] Leech Seed|[of] p1a: Nice try hacker
|-heal|p1a: Nice try hacker|220\/364|[silent]
|turn|22
|
|switch|p2a: Kensei|Breloom, M|214\/262 tox
|-damage|p2a: Kensei|198\/262 tox|[from] Stealth Rock
|move|p1a: Nice try hacker|Synthesis|p1a: Nice try hacker
|-heal|p1a: Nice try hacker|364\/364
|
|-damage|p2a: Kensei|182\/262 tox|[from] psn
|turn|23
|
|move|p2a: Kensei|Mach Punch|p1a: Nice try hacker
|-resisted|p1a: Nice try hacker
|-damage|p1a: Nice try hacker|312\/364
|-damage|p2a: Kensei|156\/262 tox|[from] item: Life Orb
|move|p1a: Nice try hacker|Giga Drain|p2a: Kensei
|-resisted|p2a: Kensei
|-damage|p2a: Kensei|80\/262 tox
|-heal|p1a: Nice try hacker|350\/364|[from] drain|[of] p2a: Kensei
|
|-damage|p2a: Kensei|48\/262 tox|[from] psn
|turn|24
|c| i came from leddit|nice play did you make it urself?
|
|move|p2a: Kensei|Mach Punch|p1a: Nice try hacker
|-resisted|p1a: Nice try hacker
|-damage|p1a: Nice try hacker|299\/364
|-damage|p2a: Kensei|22\/262 tox|[from] item: Life Orb
|move|p1a: Nice try hacker|Hidden Power|p2a: Kensei
|-supereffective|p2a: Kensei
|-damage|p2a: Kensei|0 fnt
|faint|p2a: Kensei
|
|
|switch|p2a: Latias|Latias, F|119\/301
|-damage|p2a: Latias|82\/301|[from] Stealth Rock
|turn|25
|
|move|p2a: Latias|Psyshock|p1a: Nice try hacker
|-supereffective|p1a: Nice try hacker
|-damage|p1a: Nice try hacker|81\/364
|-damage|p2a: Latias|52\/301|[from] item: Life Orb
|move|p1a: Nice try hacker|Leech Seed|p2a: Latias
|-start|p2a: Latias|move: Leech Seed
|
|-damage|p2a: Latias|15\/301|[from] Leech Seed|[of] p1a: Nice try hacker
|-heal|p1a: Nice try hacker|118\/364|[silent]
|turn|26
|c| Zenzoh|get an own play
|c| i came from leddit|gg!
|-message|subzeromkx forfeited.
|leave|subzeromkx
|c| Rokaro|LOL
|
|win|Aka DH
|raw|Ladder updating...
|player|p2
|raw|Aka DH's rating: 1763 &rarr; <strong>1782<\/strong><br \/>(+19 for winning)
|raw|subzeromkx's rating: 1745 &rarr; <strong>1726<\/strong><br \/>(-19 for losing)