|join|Reverb
|join|subzeromkx
|player|p1|Reverb|#reverb
|player|p2|subzeromkx|20
|gametype|singles
|gen|6
|tier|OU
|rated
|clearpoke
|poke|p1|Metagross
|poke|p1|Sylveon, F, shiny
|poke|p1|Keldeo-Resolute
|poke|p1|Latias, F
|poke|p1|Heatran, M, shiny
|poke|p1|Landorus-Therian, M
|poke|p2|Celebi
|poke|p2|Gardevoir, M
|poke|p2|Bisharp, F
|poke|p2|Azumarill, F
|poke|p2|Latias, F
|poke|p2|Garchomp, M
|rule|Swagger Clause: Swagger is banned
|rule|Baton Pass Clause: Limit one PokÃ©mon knowing Baton Pass
|rule|Sleep Clause Mod: Limit one foe put to sleep
|rule|Species Clause: Limit one of each PokÃ©mon
|rule|OHKO Clause: OHKO moves are banned
|rule|Moody Clause: Moody is banned
|rule|Evasion Moves Clause: Evasion moves are banned
|rule|Endless Battle Clause: Forcing endless battles is banned
|rule|HP Percentage Mod: HP is shown in percentages
|teampreview
|
|start
|switch|p1a: Landorus-Therian|Landorus-Therian, M|319\/319
|switch|p2a: Gardevoir|Gardevoir, M|314\/314
|-ability|p1a: Landorus-Therian|Intimidate|[of] p2a: Gardevoir
|-unboost|p2a: Gardevoir|atk|1
|-ability|p2a: Gardevoir|Intimidate|[from] ability: Trace|[of] p1a: Landorus-Therian
|-ability|p2a: Gardevoir|Intimidate|[of] p1a: Landorus-Therian
|-unboost|p1a: Landorus-Therian|atk|1
|turn|1
|
|detailschange|p2a: Gardevoir|Gardevoir-Mega, M
|-mega|p2a: Gardevoir|Gardevoir|Gardevoirite
|move|p1a: Landorus-Therian|U-turn|p2a: Gardevoir
|-damage|p2a: Gardevoir|230\/314
|
|switch|p1a: Heatran|Heatran, M, shiny|385\/385
|move|p2a: Gardevoir|Hyper Voice|p1a: Heatran
|-resisted|p1a: Heatran
|-damage|p1a: Heatran|334\/385
|
|-heal|p1a: Heatran|358\/385|[from] item: Leftovers
|turn|2
|
|move|p2a: Gardevoir|Psyshock|p1a: Heatran
|-resisted|p1a: Heatran
|-damage|p1a: Heatran|277\/385
|move|p1a: Heatran|Stealth Rock|p2a: Gardevoir
|-sidestart|p2: subzeromkx|move: Stealth Rock
|
|-heal|p1a: Heatran|301\/385|[from] item: Leftovers
|turn|3
|
|move|p2a: Gardevoir|Hidden Power|p1a: Heatran
|-supereffective|p1a: Heatran
|-damage|p1a: Heatran|9\/385
|move|p1a: Heatran|Toxic|p2a: Gardevoir
|-status|p2a: Gardevoir|tox
|
|-heal|p1a: Heatran|33\/385|[from] item: Leftovers
|-damage|p2a: Gardevoir|211\/314 tox|[from] psn
|turn|4
|
|move|p2a: Gardevoir|Hyper Voice|p1a: Heatran
|-resisted|p1a: Heatran
|-damage|p1a: Heatran|0 fnt
|faint|p1a: Heatran
|
|-damage|p2a: Gardevoir|173\/314 tox|[from] psn
|
|switch|p1a: Landorus-Therian|Landorus-Therian, M|319\/319
|-ability|p1a: Landorus-Therian|Intimidate|[of] p2a: Gardevoir
|-unboost|p2a: Gardevoir|atk|1
|turn|5
|
|switch|p2a: Kisame|Garchomp, M|420\/420
|-damage|p2a: Kisame|394\/420|[from] Stealth Rock
|move|p1a: Landorus-Therian|Earthquake|p2a: Kisame
|-damage|p2a: Kisame|246\/420
|
|turn|6
|join|Mistaken
|
|move|p1a: Landorus-Therian|Earthquake|p2a: Kisame
|-damage|p2a: Kisame|104\/420
|move|p2a: Kisame|Stealth Rock|p1a: Landorus-Therian
|-sidestart|p1: Reverb|move: Stealth Rock
|
|turn|7
|c|âReverb|oh
|c|âReverb|its you
|c|âReverb|hi
|
|move|p1a: Landorus-Therian|Earthquake|p2a: Kisame
|-crit|p2a: Kisame
|-damage|p2a: Kisame|0 fnt
|faint|p2a: Kisame
|
|c|âsubzeromkx|lol hi
|join|iplaytennislol
|
|switch|p2a: Azumarill|Azumarill, F|363\/363
|-damage|p2a: Azumarill|318\/363|[from] Stealth Rock
|turn|8
|
|move|p1a: Landorus-Therian|Earthquake|p2a: Azumarill
|-damage|p2a: Azumarill|92\/363
|move|p2a: Azumarill|Waterfall|p1a: Landorus-Therian
|-supereffective|p1a: Landorus-Therian
|-damage|p1a: Landorus-Therian|0 fnt
|faint|p1a: Landorus-Therian
|
|
|switch|p1a: Metagross|Metagross|301\/301
|-damage|p1a: Metagross|283\/301|[from] Stealth Rock
|turn|9
|
|detailschange|p1a: Metagross|Metagross-Mega
|-mega|p1a: Metagross|Metagross|Metagrossite
|move|p1a: Metagross|Grass Knot|p2a: Azumarill
|-supereffective|p2a: Azumarill
|-damage|p2a: Azumarill|0 fnt
|faint|p2a: Azumarill
|
|
|switch|p2a: Bisharp|Bisharp, F|272\/272
|-damage|p2a: Bisharp|255\/272|[from] Stealth Rock
|turn|10
|join|Hopeless Cheergirl
|
|switch|p2a: Celebi|Celebi|403\/403
|-damage|p2a: Celebi|353\/403|[from] Stealth Rock
|move|p1a: Metagross|Hammer Arm|p2a: Celebi
|-resisted|p2a: Celebi
|-damage|p2a: Celebi|271\/403
|-unboost|p1a: Metagross|spe|1
|
|-heal|p2a: Celebi|296\/403|[from] item: Leftovers
|turn|11
|
|move|p2a: Celebi|Thunder Wave|p1a: Metagross
|-status|p1a: Metagross|par
|move|p1a: Metagross|Meteor Mash|p2a: Celebi
|-damage|p2a: Celebi|98\/403
|
|-heal|p2a: Celebi|123\/403|[from] item: Leftovers
|turn|12
|
|move|p2a: Celebi|Giga Drain|p1a: Metagross
|-resisted|p1a: Metagross
|-damage|p1a: Metagross|234\/301 par
|-heal|p2a: Celebi|148\/403|[from] drain|[of] p1a: Metagross
|cant|p1a: Metagross|par
|
|-heal|p2a: Celebi|173\/403|[from] item: Leftovers
|turn|13
|join|CleanerThanRotom-W
|
|move|p2a: Celebi|Giga Drain|p1a: Metagross
|-resisted|p1a: Metagross
|-damage|p1a: Metagross|188\/301 par
|-heal|p2a: Celebi|196\/403|[from] drain|[of] p1a: Metagross
|cant|p1a: Metagross|par
|
|-heal|p2a: Celebi|221\/403|[from] item: Leftovers
|turn|14
|
|move|p2a: Celebi|Giga Drain|p1a: Metagross
|-resisted|p1a: Metagross
|-damage|p1a: Metagross|144\/301 par
|-heal|p2a: Celebi|243\/403|[from] drain|[of] p1a: Metagross
|cant|p1a: Metagross|par
|
|-heal|p2a: Celebi|268\/403|[from] item: Leftovers
|turn|15
|
|move|p2a: Celebi|Giga Drain|p1a: Metagross
|-resisted|p1a: Metagross
|-damage|p1a: Metagross|100\/301 par
|-heal|p2a: Celebi|290\/403|[from] drain|[of] p1a: Metagross
|cant|p1a: Metagross|par
|
|-heal|p2a: Celebi|315\/403|[from] item: Leftovers
|turn|16
|join|Prankster
|c| iplaytennislol|holy shit reverb
|c|âsubzeromkx|wow
|
|move|p2a: Celebi|Giga Drain|p1a: Metagross
|-resisted|p1a: Metagross
|-damage|p1a: Metagross|56\/301 par
|-heal|p2a: Celebi|337\/403|[from] drain|[of] p1a: Metagross
|move|p1a: Metagross|Meteor Mash|p2a: Celebi
|-damage|p2a: Celebi|121\/403
|-boost|p1a: Metagross|atk|1
|
|-heal|p2a: Celebi|146\/403|[from] item: Leftovers
|turn|17
|c| iplaytennislol|you need to get luckier
|
|move|p2a: Celebi|Giga Drain|p1a: Metagross
|-resisted|p1a: Metagross
|-damage|p1a: Metagross|10\/301 par
|-heal|p2a: Celebi|169\/403|[from] drain|[of] p1a: Metagross
|move|p1a: Metagross|Meteor Mash|p2a: Celebi
|-damage|p2a: Celebi|0 fnt
|faint|p2a: Celebi
|
|
|switch|p2a: Latias|Latias, F|319\/319
|-damage|p2a: Latias|280\/319|[from] Stealth Rock
|turn|18
|
|move|p2a: Latias|Psyshock|p1a: Metagross
|-resisted|p1a: Metagross
|-damage|p1a: Metagross|0 fnt
|-damage|p2a: Latias|249\/319|[from] item: Life Orb
|faint|p1a: Metagross
|
|
|switch|p1a: Sylveon|Sylveon, F, shiny|345\/345
|-damage|p1a: Sylveon|302\/345|[from] Stealth Rock
|turn|19
|
|move|p2a: Latias|Healing Wish|p2a: Latias
|faint|p2a: Latias
|move|p1a: Sylveon|Hyper Voice|p2: Latias|[notarget]
|-notarget
|
|
|switch|p2a: Gardevoir|Gardevoir-Mega, M|173\/314 tox
|-heal|p2a: Gardevoir|314\/314|[from] move: Healing Wish
|-damage|p2a: Gardevoir|275\/314|[from] Stealth Rock
|turn|20
|
|move|p2a: Gardevoir|Psyshock|p1a: Sylveon
|-damage|p1a: Sylveon|55\/345
|move|p1a: Sylveon|Hyper Voice|p2a: Gardevoir
|-damage|p2a: Gardevoir|61\/314
|
|turn|21
|
|move|p2a: Gardevoir|Hyper Voice|p1a: Sylveon
|-damage|p1a: Sylveon|0 fnt
|faint|p1a: Sylveon
|
|
|switch|p1a: Keldeo-Resolute|Keldeo-Resolute|323\/323
|-damage|p1a: Keldeo-Resolute|303\/323|[from] Stealth Rock
|turn|22
|
|move|p1a: Keldeo-Resolute|Scald|p2a: Gardevoir
|-damage|p2a: Gardevoir|0 fnt
|faint|p2a: Gardevoir
|
|-heal|p1a: Keldeo-Resolute|323\/323|[from] item: Leftovers
|c|âReverb|gg
|-message|subzeromkx forfeited.
|
|win|Reverb
|raw|Ladder updating...
|leave|subzeromkx
|player|p2
|raw|Reverb's rating: 1683 &rarr; <strong>1703<\/strong><br \/>(+20 for winning)
|raw|subzeromkx's rating: 1684 &rarr; <strong>1664<\/strong><br \/>(-20 for losing)