|join|subzeromkx
|join|crazybones
|player|p1|subzeromkx|20
|player|p2|crazybones|211
|gametype|singles
|gen|6
|tier|OU
|rated
|clearpoke
|poke|p1|Breloom, M
|poke|p1|Gardevoir, F, shiny
|poke|p1|Thundurus, M
|poke|p1|Bisharp, F
|poke|p1|Mamoswine, M
|poke|p1|Garchomp, F
|poke|p2|Keldeo-Resolute
|poke|p2|Latios, M
|poke|p2|Scolipede, F
|poke|p2|Clefable, M
|poke|p2|Heatran, M
|poke|p2|Kyurem-Black
|rule|Swagger Clause: Swagger is banned
|rule|Baton Pass Clause: Limit one PokÃ©mon knowing Baton Pass
|rule|Sleep Clause Mod: Limit one foe put to sleep
|rule|Species Clause: Limit one of each PokÃ©mon
|rule|OHKO Clause: OHKO moves are banned
|rule|Moody Clause: Moody is banned
|rule|Evasion Moves Clause: Evasion moves are banned
|rule|Endless Battle Clause: Forcing endless battles is banned
|rule|HP Percentage Mod: HP is shown in percentages
|teampreview
|
|start
|switch|p1a: Hilda|Gardevoir, F, shiny|314\/314
|switch|p2a: Heatran|Heatran, M|385\/385
|-ability|p1a: Hilda|Flash Fire|[from] ability: Trace|[of] p2a: Heatran
|turn|1
|
|detailschange|p1a: Hilda|Gardevoir-Mega, F, shiny
|-mega|p1a: Hilda|Gardevoir|Gardevoirite
|move|p1a: Hilda|Hidden Power|p2a: Heatran
|-supereffective|p2a: Heatran
|-damage|p2a: Heatran|21\/385
|move|p2a: Heatran|Stealth Rock|p1a: Hilda
|-sidestart|p1: subzeromkx|move: Stealth Rock
|
|-heal|p2a: Heatran|45\/385|[from] item: Leftovers
|turn|2
|
|move|p1a: Hilda|Psyshock|p2a: Heatran
|-resisted|p2a: Heatran
|-damage|p2a: Heatran|0 fnt
|faint|p2a: Heatran
|
|
|switch|p2a: Clefable|Clefable, M|393\/393
|turn|3
|
|move|p1a: Hilda|Taunt|p2a: Clefable
|-start|p2a: Clefable|move: Taunt
|move|p2a: Clefable|Moonblast|p1a: Hilda
|-damage|p1a: Hilda|153\/314
|
|turn|4
|
|move|p1a: Hilda|Hyper Voice|p2a: Clefable
|-damage|p2a: Clefable|113\/393
|move|p2a: Clefable|Moonblast|p1a: Hilda
|-damage|p1a: Hilda|1\/314
|-unboost|p1a: Hilda|spa|1
|
|turn|5
|
|move|p1a: Hilda|Hyper Voice|p2a: Clefable
|-damage|p2a: Clefable|0 fnt
|faint|p2a: Clefable
|
|
|switch|p2a: Keldeo-Resolute|Keldeo-Resolute|323\/323
|turn|6
|
|move|p2a: Keldeo-Resolute|Scald|p1a: Hilda
|-damage|p1a: Hilda|0 fnt
|faint|p1a: Hilda
|
|
|switch|p1a: Breloom|Breloom, M|262\/262
|-damage|p1a: Breloom|246\/262|[from] Stealth Rock
|turn|7
|
|move|p2a: Keldeo-Resolute|Substitute|p2a: Keldeo-Resolute
|-start|p2a: Keldeo-Resolute|Substitute
|-damage|p2a: Keldeo-Resolute|243\/323
|move|p1a: Breloom|Spore|p2a: Keldeo-Resolute
|
|-heal|p2a: Keldeo-Resolute|263\/323|[from] item: Leftovers
|turn|8
|
|move|p2a: Keldeo-Resolute|Secret Sword|p1a: Breloom
|-damage|p1a: Breloom|71\/262
|move|p1a: Breloom|Bullet Seed|p2a: Keldeo-Resolute
|-supereffective|p2a: Keldeo-Resolute
|-end|p2a: Keldeo-Resolute|Substitute
|-supereffective|p2a: Keldeo-Resolute
|-damage|p2a: Keldeo-Resolute|81\/323
|-supereffective|p2a: Keldeo-Resolute
|-damage|p2a: Keldeo-Resolute|0 fnt
|-hitcount|p2a: Keldeo-Resolute|3
|-damage|p1a: Breloom|45\/262|[from] item: Life Orb
|faint|p2a: Keldeo-Resolute
|
|
|switch|p2a: Scolipede|Scolipede, F|323\/323
|turn|9
|
|move|p2a: Scolipede|Protect|p2a: Scolipede
|-singleturn|p2a: Scolipede|Protect
|move|p1a: Breloom|Swords Dance|p1a: Breloom
|-boost|p1a: Breloom|atk|2
|
|-boost|p2a: Scolipede|spe|1|[from] ability: Speed Boost
|turn|10
|
|move|p2a: Scolipede|Substitute|p2a: Scolipede
|-start|p2a: Scolipede|Substitute
|-damage|p2a: Scolipede|243\/323
|move|p1a: Breloom|Bullet Seed|p2a: Scolipede
|-resisted|p2a: Scolipede
|-activate|p2a: Scolipede|Substitute|[damage]
|-resisted|p2a: Scolipede
|-activate|p2a: Scolipede|Substitute|[damage]
|-resisted|p2a: Scolipede
|-end|p2a: Scolipede|Substitute
|-resisted|p2a: Scolipede
|-damage|p2a: Scolipede|208\/323
|-crit|p2a: Scolipede
|-resisted|p2a: Scolipede
|-damage|p2a: Scolipede|157\/323
|-hitcount|p2a: Scolipede|5
|-damage|p1a: Breloom|19\/262|[from] item: Life Orb
|
|-boost|p2a: Scolipede|spe|1|[from] ability: Speed Boost
|turn|11
|
|move|p1a: Breloom|Mach Punch|p2a: Scolipede
|-resisted|p2a: Scolipede
|-damage|p2a: Scolipede|106\/323
|-damage|p1a: Breloom|0 fnt|[from] item: Life Orb
|faint|p1a: Breloom
|move|p2a: Scolipede|Substitute|p2a: Scolipede
|-start|p2a: Scolipede|Substitute
|-damage|p2a: Scolipede|26\/323
|-enditem|p2a: Scolipede|Petaya Berry|[eat]
|-boost|p2a: Scolipede|spa|1|[from] item: Petaya Berry
|
|-boost|p2a: Scolipede|spe|1|[from] ability: Speed Boost
|
|switch|p1a: Mamoswine|Mamoswine, M|361\/361
|-damage|p1a: Mamoswine|316\/361|[from] Stealth Rock
|turn|12
|
|move|p2a: Scolipede|Baton Pass|p2a: Scolipede
|
|switch|p2a: Latios|Latios, M|301\/301
|move|p1a: Mamoswine|Freeze-Dry|p2a: Latios
|-supereffective|p2a: Latios
|-end|p2a: Latios|Substitute
|-damage|p1a: Mamoswine|280\/361|[from] item: Life Orb
|
|turn|13
|join|looiiyut
|
|detailschange|p2a: Latios|Latios-Mega, M
|-mega|p2a: Latios|Latios|Latiosite
|move|p1a: Mamoswine|Ice Shard|p2a: Latios
|-supereffective|p2a: Latios
|-damage|p2a: Latios|114\/301
|-damage|p1a: Mamoswine|244\/361|[from] item: Life Orb
|move|p2a: Latios|Stored Power|p1a: Mamoswine
|-damage|p1a: Mamoswine|0 fnt
|faint|p1a: Mamoswine
|
|
|switch|p1a: Bisharp|Bisharp, F|290\/290
|-damage|p1a: Bisharp|272\/290|[from] Stealth Rock
|turn|14
|
|move|p2a: Latios|Substitute|p2a: Latios
|-start|p2a: Latios|Substitute
|-damage|p2a: Latios|39\/301
|move|p1a: Bisharp|Knock Off|p2a: Latios
|-supereffective|p2a: Latios
|-end|p2a: Latios|Substitute
|
|turn|15
|
|move|p2a: Latios|Hidden Power|p1a: Bisharp
|-supereffective|p1a: Bisharp
|-damage|p1a: Bisharp|0 fnt
|faint|p1a: Bisharp
|
|-message|subzeromkx forfeited.
|leave|subzeromkx
|
|win|crazybones
|raw|Ladder updating...
|player|p1
|raw|subzeromkx's rating: 1707 &rarr; <strong>1675<\/strong><br \/>(-32 for losing)
|raw|crazybones's rating: 1462 &rarr; <strong>1494<\/strong><br \/>(+32 for winning)