|join|FlamingVictini PB
|join|subzeromkx
|player|p1|FlamingVictini PB|99
|player|p2|subzeromkx|20
|gametype|singles
|gen|6
|tier|OU
|rated
|clearpoke
|poke|p1|Diancie
|poke|p1|Gengar, M
|poke|p1|Bisharp, F
|poke|p1|Latios, M
|poke|p1|Landorus-Therian, M
|poke|p1|Talonflame, M
|poke|p2|Breloom, M
|poke|p2|Gardevoir, F
|poke|p2|Thundurus, M
|poke|p2|Bisharp, M
|poke|p2|Latias, F
|poke|p2|Garchomp, M
|rule|Swagger Clause: Swagger is banned
|rule|Baton Pass Clause: Limit one PokÃ©mon knowing Baton Pass
|rule|Sleep Clause Mod: Limit one foe put to sleep
|rule|Species Clause: Limit one of each PokÃ©mon
|rule|OHKO Clause: OHKO moves are banned
|rule|Moody Clause: Moody is banned
|rule|Evasion Moves Clause: Evasion moves are banned
|rule|Endless Battle Clause: Forcing endless battles is banned
|rule|HP Percentage Mod: HP is shown in percentages
|teampreview
|
|start
|switch|p1a: Landorus-Therian|Landorus-Therian, M|319\/319
|switch|p2a: Gardevoir|Gardevoir, F|314\/314
|-ability|p1a: Landorus-Therian|Intimidate|[of] p2a: Gardevoir
|-unboost|p2a: Gardevoir|atk|1
|-ability|p2a: Gardevoir|Intimidate|[from] ability: Trace|[of] p1a: Landorus-Therian
|-ability|p2a: Gardevoir|Intimidate|[of] p1a: Landorus-Therian
|-unboost|p1a: Landorus-Therian|atk|1
|turn|1
|
|detailschange|p2a: Gardevoir|Gardevoir-Mega, F
|-mega|p2a: Gardevoir|Gardevoir|Gardevoirite
|move|p1a: Landorus-Therian|Stealth Rock|p2a: Gardevoir
|-sidestart|p2: subzeromkx|move: Stealth Rock
|move|p2a: Gardevoir|Hyper Voice|p1a: Landorus-Therian
|-enditem|p1a: Landorus-Therian|Focus Sash
|-damage|p1a: Landorus-Therian|1\/319
|
|turn|2
|
|switch|p2a: Kisame|Garchomp, M|420\/420
|-damage|p2a: Kisame|394\/420|[from] Stealth Rock
|move|p1a: Landorus-Therian|Explosion|p2a: Kisame
|-crit|p2a: Kisame
|-damage|p2a: Kisame|59\/420
|faint|p1a: Landorus-Therian
|
|c|âsubzeromkx|wtf man
|c|âFlamingVictini PB|?
|
|switch|p1a: Gengar|Gengar, M|259\/259
|turn|3
|c|âsubzeromkx|that fucking crit
|
|switch|p2a: Bisharp|Bisharp, M|272\/272
|-damage|p2a: Bisharp|255\/272|[from] Stealth Rock
|move|p1a: Gengar|Focus Blast|p2a: Bisharp|[miss]
|-miss|p1a: Gengar|p2a: Bisharp
|
|turn|4
|c|âFlamingVictini PB|there you go
|c|âFlamingVictini PB|mattered a lot more
|c|âFlamingVictini PB|than the crit
|c|âsubzeromkx|what the fuck. you have a talonflame
|
|switch|p1a: Bisharp|Bisharp, F|269\/269
|switch|p2a: Kisame|Garchomp, M|59\/420
|-damage|p2a: Kisame|33\/420|[from] Stealth Rock
|
|turn|5
|c|âsubzeromkx|I needed rocks
|
|move|p1a: Bisharp|Iron Head|p2a: Kisame
|-damage|p2a: Kisame|0 fnt
|-damage|p1a: Bisharp|236\/269|[from] ability: Rough Skin|[of] p2a: Kisame
|-damage|p1a: Bisharp|192\/269|[from] item: Rocky Helmet|[of] p2a: Kisame
|-damage|p1a: Bisharp|166\/269|[from] item: Life Orb
|faint|p2a: Kisame
|
|
|switch|p2a: Breloom|Breloom, M|262\/262
|-damage|p2a: Breloom|246\/262|[from] Stealth Rock
|turn|6
|
|switch|p1a: Latios|Latios, M|302\/302
|move|p2a: Breloom|Spore|p1a: Latios
|-status|p1a: Latios|slp
|
|turn|7
|c|âsubzeromkx|could have easily set up on that weak ass bisharp
|c|âFlamingVictini PB|unfortunate
|
|switch|p1a: Talonflame|Talonflame, M|305\/305
|move|p2a: Breloom|Bullet Seed|p1a: Talonflame
|-resisted|p1a: Talonflame
|-damage|p1a: Talonflame|276\/305
|-resisted|p1a: Talonflame
|-damage|p1a: Talonflame|246\/305
|-resisted|p1a: Talonflame
|-damage|p1a: Talonflame|219\/305
|-resisted|p1a: Talonflame
|-damage|p1a: Talonflame|189\/305
|-resisted|p1a: Talonflame
|-damage|p1a: Talonflame|159\/305
|-hitcount|p1a: Talonflame|5
|-damage|p2a: Breloom|220\/262|[from] item: Life Orb
|
|turn|8
|
|switch|p2a: Bisharp|Bisharp, M|255\/272
|-damage|p2a: Bisharp|238\/272|[from] Stealth Rock
|move|p1a: Talonflame|Roost|p1a: Talonflame
|-heal|p1a: Talonflame|305\/305
|
|turn|9
|
|move|p1a: Talonflame|Flare Blitz|p2a: Bisharp
|-supereffective|p2a: Bisharp
|-damage|p2a: Bisharp|0 fnt
|-damage|p1a: Talonflame|226\/305|[from] recoil|[of] p2a: Bisharp
|faint|p2a: Bisharp
|
|c|âsubzeromkx|lost an easy match because of one stupid crit
|-message|subzeromkx forfeited.
|
|win|FlamingVictini PB
|raw|Ladder updating...
|leave|subzeromkx
|player|p2
|raw|FlamingVictini PB's rating: 1713 &rarr; <strong>1735<\/strong><br \/>(+22 for winning)
|raw|subzeromkx's rating: 1742 &rarr; <strong>1720<\/strong><br \/>(-22 for losing)