|join|subzeromkx
|join|MaskedMan
|player|p1|subzeromkx|20
|player|p2|MaskedMan|273
|gametype|singles
|gen|6
|tier|OU
|rated
|clearpoke
|poke|p1|Breloom, F
|poke|p1|Gardevoir, F, shiny
|poke|p1|Thundurus, M
|poke|p1|Bisharp, F
|poke|p1|Latias, F
|poke|p1|Garchomp, M
|poke|p2|Charizard, M, shiny
|poke|p2|Haxorus, M
|poke|p2|Raikou
|poke|p2|Landorus-Therian, M, shiny
|poke|p2|Empoleon, M
|poke|p2|Tyranitar, M
|rule|Swagger Clause: Swagger is banned
|rule|Baton Pass Clause: Limit one PokÃ©mon knowing Baton Pass
|rule|Sleep Clause Mod: Limit one foe put to sleep
|rule|Species Clause: Limit one of each PokÃ©mon
|rule|OHKO Clause: OHKO moves are banned
|rule|Moody Clause: Moody is banned
|rule|Evasion Moves Clause: Evasion moves are banned
|rule|Endless Battle Clause: Forcing endless battles is banned
|rule|HP Percentage Mod: HP is shown in percentages
|teampreview
|
|start
|switch|p1a: Hilda|Gardevoir, F, shiny|314\/314
|switch|p2a: Dragoon Galaxy|Haxorus, M|294\/294
|-ability|p2a: Dragoon Galaxy|Mold Breaker
|-ability|p1a: Hilda|Mold Breaker|[from] ability: Trace|[of] p2a: Dragoon Galaxy
|-ability|p1a: Hilda|Mold Breaker
|turn|1
|
|switch|p1a: Kisame|Garchomp, M|420\/420
|move|p2a: Dragoon Galaxy|Poison Jab|p1a: Kisame
|-resisted|p1a: Kisame
|-damage|p1a: Kisame|376\/420
|-damage|p2a: Dragoon Galaxy|258\/294|[from] ability: Rough Skin|[of] p1a: Kisame
|-damage|p2a: Dragoon Galaxy|209\/294|[from] item: Rocky Helmet|[of] p1a: Kisame
|
|turn|2
|
|switch|p2a: Strata Dragoon|Landorus-Therian, M, shiny|319\/319
|-ability|p2a: Strata Dragoon|Intimidate|[of] p1a: Kisame
|-unboost|p1a: Kisame|atk|1
|move|p1a: Kisame|Stealth Rock|p2a: Strata Dragoon
|-sidestart|p2: MaskedMan|move: Stealth Rock
|
|turn|3
|
|switch|p1a: Thundurus|Thundurus, M|299\/299
|move|p2a: Strata Dragoon|Earthquake|p1a: Thundurus
|-immune|p1a: Thundurus|[msg]
|
|turn|4
|
|switch|p2a: Kenny|Tyranitar, M|387\/387
|-damage|p2a: Kenny|339\/387|[from] Stealth Rock
|-weather|Sandstorm
|move|p1a: Thundurus|Hidden Power|p2a: Kenny
|-crit|p2a: Kenny
|-damage|p2a: Kenny|245\/387
|-damage|p1a: Thundurus|270\/299|[from] item: Life Orb
|
|-weather|Sandstorm|[upkeep]
|-damage|p1a: Thundurus|252\/299|[from] sandstorm
|-heal|p2a: Kenny|269\/387|[from] item: Leftovers
|turn|5
|
|switch|p2a: Strata Dragoon|Landorus-Therian, M, shiny|319\/319
|-damage|p2a: Strata Dragoon|280\/319|[from] Stealth Rock
|-ability|p2a: Strata Dragoon|Intimidate|[of] p1a: Thundurus
|-unboost|p1a: Thundurus|atk|1
|move|p1a: Thundurus|Superpower|p2a: Strata Dragoon
|-resisted|p2a: Strata Dragoon
|-damage|p2a: Strata Dragoon|233\/319
|-unboost|p1a: Thundurus|atk|1
|-unboost|p1a: Thundurus|def|1
|-damage|p1a: Thundurus|223\/299|[from] item: Life Orb
|
|-weather|Sandstorm|[upkeep]
|-damage|p1a: Thundurus|205\/299|[from] sandstorm
|turn|6
|
|switch|p1a: Kisame|Garchomp, M|376\/420
|move|p2a: Strata Dragoon|Earthquake|p1a: Kisame
|-damage|p1a: Kisame|219\/420
|
|-weather|Sandstorm|[upkeep]
|turn|7
|
|move|p2a: Strata Dragoon|Earthquake|p1a: Kisame
|-damage|p1a: Kisame|86\/420
|move|p1a: Kisame|Earthquake|p2a: Strata Dragoon
|-immune|p2a: Strata Dragoon|[msg]
|
|-weather|Sandstorm|[upkeep]
|turn|8
|
|switch|p2a: Driger Vulcan|Raikou|321\/321
|-damage|p2a: Driger Vulcan|281\/321|[from] Stealth Rock
|-ability|p2a: Driger Vulcan|Pressure
|switch|p1a: Thundurus|Thundurus, M|205\/299
|
|-weather|none
|turn|9
|
|switch|p1a: Kisame|Garchomp, M|86\/420
|move|p2a: Driger Vulcan|Hidden Power|p1a: Kisame
|-supereffective|p1a: Kisame
|-damage|p1a: Kisame|0 fnt
|faint|p1a: Kisame
|
|
|switch|p1a: Bisharp|Bisharp, F|290\/290
|turn|10
|
|move|p2a: Driger Vulcan|Volt Switch|p1a: Bisharp
|-damage|p1a: Bisharp|178\/290
|
|move|p1a: Bisharp|Pursuit|p2a: Driger Vulcan|[from]Pursuit
|-damage|p2a: Driger Vulcan|86\/321
|switch|p2a: Draciel Fortress|Empoleon, M|372\/372
|-damage|p2a: Draciel Fortress|349\/372|[from] Stealth Rock
|
|-heal|p2a: Draciel Fortress|372\/372|[from] item: Leftovers
|turn|11
|
|move|p1a: Bisharp|Knock Off|p2a: Draciel Fortress
|-damage|p2a: Draciel Fortress|210\/372
|-enditem|p2a: Draciel Fortress|Leftovers|[from] move: Knock Off|[of] p1a: Bisharp
|move|p2a: Draciel Fortress|Scald|p1a: Bisharp
|-crit|p1a: Bisharp
|-damage|p1a: Bisharp|37\/290
|
|turn|12
|
|switch|p1a: Hilda|Gardevoir, F, shiny|314\/314
|-ability|p1a: Hilda|Torrent|[from] ability: Trace|[of] p2a: Draciel Fortress
|move|p2a: Draciel Fortress|Scald|p1a: Hilda
|-damage|p1a: Hilda|217\/314
|
|turn|13
|
|detailschange|p1a: Hilda|Gardevoir-Mega, F, shiny
|-mega|p1a: Hilda|Gardevoir|Gardevoirite
|move|p1a: Hilda|Hidden Power|p2a: Draciel Fortress
|-supereffective|p2a: Draciel Fortress
|-damage|p2a: Draciel Fortress|54\/372
|move|p2a: Draciel Fortress|Defog|p1a: Hilda
|-unboost|p1a: Hilda|evasion|1
|-sideend|p2: MaskedMan|Stealth Rock|[from] move: Defog|[of] p2a: Draciel Fortress
|
|turn|14
|
|move|p2a: Draciel Fortress|Protect|p2a: Draciel Fortress
|-singleturn|p2a: Draciel Fortress|Protect
|move|p1a: Hilda|Hyper Voice|p2a: Draciel Fortress
|-activate|p2a: Draciel Fortress|Protect
|
|turn|15
|
|move|p1a: Hilda|Hyper Voice|p2a: Draciel Fortress
|-resisted|p2a: Draciel Fortress
|-damage|p2a: Draciel Fortress|0 fnt
|faint|p2a: Draciel Fortress
|
|
|switch|p2a: Black Dranzer|Charizard, M, shiny|297\/297
|turn|16
|
|switch|p2a: Kenny|Tyranitar, M|269\/387
|-weather|Sandstorm
|switch|p1a: Latias|Latias, F|364\/364
|
|-weather|Sandstorm|[upkeep]
|-damage|p1a: Latias|342\/364|[from] sandstorm
|-heal|p2a: Kenny|293\/387|[from] item: Leftovers
|turn|17
|
|move|p1a: Latias|Draco Meteor|p2a: Kenny
|-damage|p2a: Kenny|98\/387
|-unboost|p1a: Latias|spa|2
|-damage|p1a: Latias|306\/364|[from] item: Life Orb
|move|p2a: Kenny|Pursuit|p1a: Latias
|-supereffective|p1a: Latias
|-damage|p1a: Latias|136\/364
|
|-weather|Sandstorm|[upkeep]
|-damage|p1a: Latias|114\/364|[from] sandstorm
|-heal|p2a: Kenny|122\/387|[from] item: Leftovers
|turn|18
|
|move|p1a: Latias|Healing Wish|p1a: Latias
|faint|p1a: Latias
|move|p2a: Kenny|Pursuit|p1: Latias|[notarget]
|-notarget
|
|-weather|Sandstorm|[upkeep]
|-heal|p2a: Kenny|146\/387|[from] item: Leftovers
|
|switch|p1a: Bisharp|Bisharp, F|37\/290
|-heal|p1a: Bisharp|290\/290|[from] move: Healing Wish
|turn|19
|
|move|p1a: Bisharp|Iron Head|p2a: Kenny
|-supereffective|p2a: Kenny
|-damage|p2a: Kenny|0 fnt
|faint|p2a: Kenny
|
|-weather|Sandstorm|[upkeep]
|
|switch|p2a: Black Dranzer|Charizard, M, shiny|297\/297
|turn|20
|
|switch|p1a: Hilda|Gardevoir-Mega, F, shiny|217\/314
|detailschange|p2a: Black Dranzer|Charizard-Mega-Y, M, shiny
|-mega|p2a: Black Dranzer|Charizard|Charizardite Y
|-weather|SunnyDay
|move|p2a: Black Dranzer|Fire Blast|p1a: Hilda
|-damage|p1a: Hilda|0 fnt
|faint|p1a: Hilda
|
|-weather|SunnyDay|[upkeep]
|
|switch|p1a: Thundurus|Thundurus, M|205\/299
|turn|21
|
|switch|p2a: Driger Vulcan|Raikou|86\/321
|-ability|p2a: Driger Vulcan|Pressure
|move|p1a: Thundurus|Hidden Power|p2a: Driger Vulcan
|-damage|p2a: Driger Vulcan|25\/321
|-damage|p1a: Thundurus|176\/299|[from] item: Life Orb
|
|-weather|SunnyDay|[upkeep]
|turn|22
|
|switch|p1a: Breloom|Breloom, F|262\/262
|move|p2a: Driger Vulcan|Volt Switch|p1a: Breloom
|-resisted|p1a: Breloom
|-damage|p1a: Breloom|169\/262
|
|switch|p2a: Black Dranzer|Charizard-Mega-Y, M, shiny|297\/297
|
|-weather|SunnyDay|[upkeep]
|turn|23
|
|move|p1a: Breloom|Mach Punch|p2a: Black Dranzer
|-resisted|p2a: Black Dranzer
|-damage|p2a: Black Dranzer|203\/297
|-damage|p1a: Breloom|143\/262|[from] item: Life Orb
|move|p2a: Black Dranzer|Fire Blast|p1a: Breloom
|-supereffective|p1a: Breloom
|-damage|p1a: Breloom|0 fnt
|faint|p1a: Breloom
|
|-weather|SunnyDay|[upkeep]
|
|switch|p1a: Bisharp|Bisharp, F|290\/290
|turn|24
|
|move|p1a: Bisharp|Sucker Punch|p2a: Black Dranzer
|-fail|p2a: Black Dranzer
|move|p2a: Black Dranzer|Roost|p2a: Black Dranzer
|-heal|p2a: Black Dranzer|297\/297
|
|-weather|none
|turn|25
|
|move|p1a: Bisharp|Sucker Punch|p2a: Black Dranzer
|-damage|p2a: Black Dranzer|110\/297
|move|p2a: Black Dranzer|Fire Blast|p1a: Bisharp
|-crit|p1a: Bisharp
|-supereffective|p1a: Bisharp
|-damage|p1a: Bisharp|0 fnt
|faint|p1a: Bisharp
|
|-message|subzeromkx forfeited.
|
|win|MaskedMan
|raw|Ladder updating...
|leave|subzeromkx
|player|p1
|raw|subzeromkx's rating: 1678 &rarr; <strong>1649<\/strong><br \/>(-29 for losing)
|raw|MaskedMan's rating: 1522 &rarr; <strong>1550<\/strong><br \/>(+28 for winning)