|join|subzeromkx
|join|lil manaphy
|player|p1|subzeromkx|20
|player|p2|lil manaphy|9
|gametype|singles
|gen|6
|tier|OU
|rated
|clearpoke
|poke|p1|Breloom, M
|poke|p1|Metagross
|poke|p1|Thundurus, M
|poke|p1|Bisharp, M
|poke|p1|Sylveon, F
|poke|p1|Garchomp, F
|poke|p2|Lopunny, M
|poke|p2|Manaphy
|poke|p2|Scizor, F
|poke|p2|Celebi
|poke|p2|Heatran, M
|poke|p2|Mandibuzz, F
|rule|Swagger Clause: Swagger is banned
|rule|Baton Pass Clause: Limit one PokÃ©mon knowing Baton Pass
|rule|Sleep Clause Mod: Limit one foe put to sleep
|rule|Species Clause: Limit one of each PokÃ©mon
|rule|OHKO Clause: OHKO moves are banned
|rule|Moody Clause: Moody is banned
|rule|Evasion Moves Clause: Evasion moves are banned
|rule|Endless Battle Clause: Forcing endless battles is banned
|rule|HP Percentage Mod: HP is shown in percentages
|teampreview
|
|start
|switch|p1a: Sylveon|Sylveon, F|332\/332
|switch|p2a: Lopunny|Lopunny, M|271\/271
|turn|1
|
|switch|p1a: Metagross|Metagross|302\/302
|detailschange|p2a: Lopunny|Lopunny-Mega, M
|-mega|p2a: Lopunny|Lopunny|Lopunnite
|move|p2a: Lopunny|Fake Out|p1a: Metagross
|-resisted|p1a: Metagross
|-damage|p1a: Metagross|272\/302
|
|turn|2
|
|switch|p2a: Mandibuzz|Mandibuzz, F|423\/423
|switch|p1a: Kisame|Garchomp, F|420\/420
|
|turn|3
|
|move|p1a: Kisame|Stealth Rock|p2a: Mandibuzz
|-sidestart|p2: lil manaphy|move: Stealth Rock
|move|p2a: Mandibuzz|Taunt|p1a: Kisame
|-start|p1a: Kisame|move: Taunt
|
|turn|4
|
|switch|p1a: Bisharp|Bisharp, M|272\/272
|move|p2a: Mandibuzz|Defog|p1a: Bisharp
|-unboost|p1a: Bisharp|evasion|1
|-boost|p1a: Bisharp|atk|2|[from] ability: Defiant
|-sideend|p2: lil manaphy|Stealth Rock|[from] move: Defog|[of] p2a: Mandibuzz
|
|turn|5
|
|move|p1a: Bisharp|Iron Head|p2a: Mandibuzz
|-damage|p2a: Mandibuzz|133\/423
|-damage|p1a: Bisharp|227\/272|[from] item: Rocky Helmet|[of] p2a: Mandibuzz
|-damage|p1a: Bisharp|200\/272|[from] item: Life Orb
|move|p2a: Mandibuzz|Foul Play|p1a: Bisharp
|-resisted|p1a: Bisharp
|-damage|p1a: Bisharp|5\/272
|
|turn|6
|
|move|p1a: Bisharp|Knock Off|p2a: Mandibuzz
|-resisted|p2a: Mandibuzz
|-damage|p2a: Mandibuzz|0 fnt
|-damage|p1a: Bisharp|0 fnt|[from] item: Rocky Helmet|[of] p2a: Mandibuzz
|faint|p1a: Bisharp
|faint|p2a: Mandibuzz
|
|
|switch|p2a: Lopunny|Lopunny-Mega, M|271\/271
|switch|p1a: Kisame|Garchomp, F|420\/420
|turn|7
|
|move|p2a: Lopunny|Power-Up Punch|p1a: Kisame
|-damage|p1a: Kisame|363\/420
|-damage|p2a: Lopunny|238\/271|[from] ability: Rough Skin|[of] p1a: Kisame
|-damage|p2a: Lopunny|193\/271|[from] item: Rocky Helmet|[of] p1a: Kisame
|-boost|p2a: Lopunny|atk|1
|move|p1a: Kisame|Earthquake|p2a: Lopunny
|-damage|p2a: Lopunny|48\/271
|
|turn|8
|
|move|p2a: Lopunny|Drain Punch|p1a: Kisame
|-damage|p1a: Kisame|186\/420
|-heal|p2a: Lopunny|137\/271|[from] drain|[of] p1a: Kisame
|-damage|p2a: Lopunny|104\/271|[from] ability: Rough Skin|[of] p1a: Kisame
|-damage|p2a: Lopunny|59\/271|[from] item: Rocky Helmet|[of] p1a: Kisame
|move|p1a: Kisame|Stealth Rock|p2a: Lopunny
|-sidestart|p2: lil manaphy|move: Stealth Rock
|
|turn|9
|
|move|p2a: Lopunny|Drain Punch|p1a: Kisame
|-crit|p1a: Kisame
|-damage|p1a: Kisame|0 fnt
|-heal|p2a: Lopunny|152\/271|[from] drain|[of] p1a: Kisame
|-damage|p2a: Lopunny|119\/271|[from] ability: Rough Skin|[of] p1a: Kisame
|-damage|p2a: Lopunny|74\/271|[from] item: Rocky Helmet|[of] p1a: Kisame
|faint|p1a: Kisame
|
|
|switch|p1a: Metagross|Metagross|272\/302
|turn|10
|
|detailschange|p1a: Metagross|Metagross-Mega
|-mega|p1a: Metagross|Metagross|Metagrossite
|move|p1a: Metagross|Bullet Punch|p2a: Lopunny
|-crit|p2a: Lopunny
|-damage|p2a: Lopunny|0 fnt
|faint|p2a: Lopunny
|
|
|switch|p2a: Scizor|Scizor, F|344\/344
|-damage|p2a: Scizor|301\/344|[from] Stealth Rock
|turn|11
|
|move|p2a: Scizor|Pursuit|p1a: Metagross|[from]Pursuit
|-supereffective|p1a: Metagross
|-damage|p1a: Metagross|66\/302
|switch|p1a: Thundurus|Thundurus, M|299\/299
|
|turn|12
|
|switch|p1a: Metagross|Metagross-Mega|66\/302
|switch|p2a: Heatran|Heatran, M|386\/386
|-damage|p2a: Heatran|338\/386|[from] Stealth Rock
|
|-heal|p2a: Heatran|362\/386|[from] item: Leftovers
|turn|13
|
|switch|p1a: Breloom|Breloom, M|262\/262
|move|p2a: Heatran|Lava Plume|p1a: Breloom
|-supereffective|p1a: Breloom
|-damage|p1a: Breloom|0 fnt
|faint|p1a: Breloom
|
|-heal|p2a: Heatran|386\/386|[from] item: Leftovers
|-message|subzeromkx forfeited.
|
|win|lil manaphy
|raw|Ladder updating...
|leave|subzeromkx
|player|p1
|raw|subzeromkx's rating: 1753 &rarr; <strong>1729<\/strong><br \/>(-24 for losing)
|raw|lil manaphy's rating: 1693 &rarr; <strong>1716<\/strong><br \/>(+23 for winning)