|join|subzeromkx
|join|shot package
|player|p1|subzeromkx|20
|player|p2|shot package|265
|gametype|singles
|gen|6
|tier|OU
|rated
|clearpoke
|poke|p1|Celebi
|poke|p1|Gardevoir, M
|poke|p1|Bisharp, M
|poke|p1|Azumarill, M
|poke|p1|Latias, F
|poke|p1|Garchomp, M
|poke|p2|Latios, M
|poke|p2|Togekiss, F
|poke|p2|Garchomp, M
|poke|p2|Metagross
|poke|p2|Keldeo
|poke|p2|Raikou, shiny
|rule|Swagger Clause: Swagger is banned
|rule|Baton Pass Clause: Limit one PokÃ©mon knowing Baton Pass
|rule|Sleep Clause Mod: Limit one foe put to sleep
|rule|Species Clause: Limit one of each PokÃ©mon
|rule|OHKO Clause: OHKO moves are banned
|rule|Moody Clause: Moody is banned
|rule|Evasion Moves Clause: Evasion moves are banned
|rule|Endless Battle Clause: Forcing endless battles is banned
|rule|HP Percentage Mod: HP is shown in percentages
|teampreview
|
|start
|switch|p1a: Gardevoir|Gardevoir, M|314\/314
|switch|p2a: Garchomp|Garchomp, M|419\/419
|-ability|p1a: Gardevoir|Rough Skin|[from] ability: Trace|[of] p2a: Garchomp
|turn|1
|
|switch|p2a: Metagross|Metagross|302\/302
|detailschange|p1a: Gardevoir|Gardevoir-Mega, M
|-mega|p1a: Gardevoir|Gardevoir|Gardevoirite
|move|p1a: Gardevoir|Hyper Voice|p2a: Metagross
|-resisted|p2a: Metagross
|-damage|p2a: Metagross|148\/302
|
|turn|2
|
|detailschange|p2a: Metagross|Metagross-Mega
|-mega|p2a: Metagross|Metagross|Metagrossite
|move|p1a: Gardevoir|Hidden Power|p2a: Metagross
|-supereffective|p2a: Metagross
|-damage|p2a: Metagross|0 fnt
|faint|p2a: Metagross
|
|
|switch|p2a: Togekiss|Togekiss, F|373\/373
|turn|3
|
|move|p2a: Togekiss|Thunder Wave|p1a: Gardevoir
|-status|p1a: Gardevoir|par
|cant|p1a: Gardevoir|par
|
|turn|4
|
|switch|p1a: Bisharp|Bisharp, M|272\/272
|move|p2a: Togekiss|Nasty Plot|p2a: Togekiss
|-boost|p2a: Togekiss|spa|2
|
|turn|5
|c|âsubzeromkx|why do you have t wave on fast togekiss..
|
|switch|p2a: Garchomp|Garchomp, M|419\/419
|move|p1a: Bisharp|Iron Head|p2a: Garchomp
|-damage|p2a: Garchomp|231\/419
|-damage|p1a: Bisharp|238\/272|[from] ability: Rough Skin|[of] p2a: Garchomp
|-damage|p1a: Bisharp|193\/272|[from] item: Rocky Helmet|[of] p2a: Garchomp
|-damage|p1a: Bisharp|166\/272|[from] item: Life Orb
|
|turn|6
|
|switch|p1a: Kisame|Garchomp, M|420\/420
|move|p2a: Garchomp|Stealth Rock|p1a: Kisame
|-sidestart|p1: subzeromkx|move: Stealth Rock
|
|turn|7
|
|move|p1a: Kisame|Stealth Rock|p2a: Garchomp
|-sidestart|p2: shot package|move: Stealth Rock
|move|p2a: Garchomp|Dragon Tail|p1a: Kisame
|-supereffective|p1a: Kisame
|-damage|p1a: Kisame|298\/420
|-damage|p2a: Garchomp|179\/419|[from] ability: Rough Skin|[of] p1a: Kisame
|-damage|p2a: Garchomp|110\/419|[from] item: Rocky Helmet|[of] p1a: Kisame
|drag|p1a: Gardevoir|Gardevoir-Mega, M|314\/314 par
|-damage|p1a: Gardevoir|275\/314 par|[from] Stealth Rock
|
|turn|8
|
|switch|p1a: Latias|Latias, F|319\/319
|-damage|p1a: Latias|280\/319|[from] Stealth Rock
|move|p2a: Garchomp|Earthquake|p1a: Latias
|-immune|p1a: Latias|[msg]
|
|turn|9
|
|move|p1a: Latias|Psyshock|p2a: Garchomp
|-damage|p2a: Garchomp|0 fnt
|-damage|p1a: Latias|249\/319|[from] item: Life Orb
|faint|p2a: Garchomp
|
|
|switch|p2a: Togekiss|Togekiss, F|373\/373
|-damage|p2a: Togekiss|280\/373|[from] Stealth Rock
|turn|10
|
|move|p1a: Latias|Psyshock|p2a: Togekiss
|-damage|p2a: Togekiss|128\/373
|-damage|p1a: Latias|218\/319|[from] item: Life Orb
|move|p2a: Togekiss|Nasty Plot|p2a: Togekiss
|-boost|p2a: Togekiss|spa|2
|
|-heal|p2a: Togekiss|151\/373|[from] item: Leftovers
|turn|11
|
|move|p1a: Latias|Psyshock|p2a: Togekiss
|-damage|p2a: Togekiss|5\/373
|-damage|p1a: Latias|187\/319|[from] item: Life Orb
|move|p2a: Togekiss|Roost|p2a: Togekiss
|-heal|p2a: Togekiss|192\/373
|
|-heal|p2a: Togekiss|215\/373|[from] item: Leftovers
|turn|12
|
|switch|p1a: Azumarill|Azumarill, M|363\/363
|-damage|p1a: Azumarill|318\/363|[from] Stealth Rock
|move|p2a: Togekiss|Roost|p2a: Togekiss
|-heal|p2a: Togekiss|373\/373
|
|turn|13
|
|move|p2a: Togekiss|Air Slash|p1a: Azumarill
|-damage|p1a: Azumarill|81\/363
|cant|p1a: Azumarill|flinch
|
|turn|14
|
|move|p1a: Azumarill|Aqua Jet|p2a: Togekiss
|-damage|p2a: Togekiss|256\/373
|move|p2a: Togekiss|Air Slash|p1a: Azumarill
|-damage|p1a: Azumarill|0 fnt
|faint|p1a: Azumarill
|
|-heal|p2a: Togekiss|279\/373|[from] item: Leftovers
|
|switch|p1a: Bisharp|Bisharp, M|166\/272
|-damage|p1a: Bisharp|149\/272|[from] Stealth Rock
|turn|15
|
|move|p2a: Togekiss|Air Slash|p1a: Bisharp
|-resisted|p1a: Bisharp
|-damage|p1a: Bisharp|16\/272
|cant|p1a: Bisharp|flinch
|
|-heal|p2a: Togekiss|302\/373|[from] item: Leftovers
|turn|16
|
|move|p1a: Bisharp|Sucker Punch|p2a: Togekiss
|-crit|p2a: Togekiss
|-resisted|p2a: Togekiss
|-damage|p2a: Togekiss|169\/373
|-damage|p1a: Bisharp|0 fnt|[from] item: Life Orb
|faint|p1a: Bisharp
|move|p2a: Togekiss|Air Slash|p1: Bisharp|[notarget]
|-notarget
|
|-heal|p2a: Togekiss|192\/373|[from] item: Leftovers
|
|switch|p1a: Latias|Latias, F|187\/319
|-damage|p1a: Latias|148\/319|[from] Stealth Rock
|turn|17
|
|move|p1a: Latias|Healing Wish|p1a: Latias
|faint|p1a: Latias
|move|p2a: Togekiss|Roost|p2a: Togekiss
|-heal|p2a: Togekiss|373\/373
|
|
|switch|p1a: Gardevoir|Gardevoir-Mega, M|275\/314 par
|-heal|p1a: Gardevoir|314\/314|[from] move: Healing Wish
|-damage|p1a: Gardevoir|275\/314|[from] Stealth Rock
|turn|18
|
|move|p2a: Togekiss|Air Slash|p1a: Gardevoir
|-damage|p1a: Gardevoir|121\/314
|move|p1a: Gardevoir|Hyper Voice|p2a: Togekiss
|-damage|p2a: Togekiss|141\/373
|
|-heal|p2a: Togekiss|164\/373|[from] item: Leftovers
|turn|19
|-message|subzeromkx forfeited.
|leave|subzeromkx
|c|âshot package|why is that garde so slow
|
|win|shot package
|raw|Ladder updating...
|player|p1
|raw|subzeromkx's rating: 1711 &rarr; <strong>1680<\/strong><br \/>(-31 for losing)
|raw|shot package's rating: 1512 &rarr; <strong>1542<\/strong><br \/>(+30 for winning)