|join|subzeromkx
|join|Walrus Smile
|player|p1|subzeromkx|20
|player|p2|Walrus Smile|101
|gametype|singles
|gen|6
|tier|OU (suspect test)
|rated
|clearpoke
|poke|p1|Garchomp, F
|poke|p1|Landorus, M
|poke|p1|Gardevoir, F
|poke|p1|Breloom, M
|poke|p1|Bisharp, M
|poke|p1|Latios, M
|poke|p2|Gyarados, M
|poke|p2|Ferrothorn, M
|poke|p2|Mew
|poke|p2|Garchomp, F
|poke|p2|Scizor, F
|poke|p2|Landorus-Therian, M
|rule|Swagger Clause: Swagger is banned
|rule|Baton Pass Clause: Limit one PokÃ©mon knowing Baton Pass
|rule|Sleep Clause Mod: Limit one foe put to sleep
|rule|Species Clause: Limit one of each PokÃ©mon
|rule|OHKO Clause: OHKO moves are banned
|rule|Moody Clause: Moody is banned
|rule|Evasion Moves Clause: Evasion moves are banned
|rule|Endless Battle Clause: Forcing endless battles is banned
|rule|HP Percentage Mod: HP is shown in percentages
|teampreview
|
|start
|switch|p1a: Hilda|Gardevoir, F|314\/314
|switch|p2a: Mew|Mew|342\/342
|-ability|p1a: Hilda|Synchronize|[from] ability: Trace|[of] p2a: Mew
|turn|1
|
|switch|p2a: Scizor|Scizor, F|310\/310
|detailschange|p1a: Hilda|Gardevoir-Mega, F
|-mega|p1a: Hilda|Gardevoir|Gardevoirite
|move|p1a: Hilda|Hyper Voice|p2a: Scizor
|-resisted|p2a: Scizor
|-damage|p2a: Scizor|156\/310
|
|turn|2
|
|switch|p1a: Kisame|Garchomp, F|419\/419
|move|p2a: Scizor|Bullet Punch|p1a: Kisame
|-damage|p1a: Kisame|278\/419
|-damage|p2a: Scizor|118\/310|[from] ability: Rough Skin|[of] p1a: Kisame
|-damage|p2a: Scizor|67\/310|[from] item: Rocky Helmet|[of] p1a: Kisame
|
|turn|3
|
|switch|p2a: Garchomp|Garchomp, F|419\/419
|move|p1a: Kisame|Stealth Rock|p2a: Garchomp
|-sidestart|p2: Walrus Smile|move: Stealth Rock
|
|turn|4
|
|move|p2a: Garchomp|Stealth Rock|p1a: Kisame
|-sidestart|p1: subzeromkx|move: Stealth Rock
|move|p1a: Kisame|Hidden Power|p2a: Garchomp
|-supereffective|p2a: Garchomp
|-damage|p2a: Garchomp|231\/419
|
|turn|5
|
|move|p1a: Kisame|Hidden Power|p2a: Garchomp
|-supereffective|p2a: Garchomp
|-damage|p2a: Garchomp|47\/419
|move|p2a: Garchomp|Dragon Tail|p1a: Kisame
|-supereffective|p1a: Kisame
|-damage|p1a: Kisame|132\/419
|-damage|p2a: Garchomp|0 fnt|[from] ability: Rough Skin|[of] p1a: Kisame
|faint|p2a: Garchomp
|
|
|switch|p2a: Mew|Mew|342\/342
|-damage|p2a: Mew|300\/342|[from] Stealth Rock
|turn|6
|
|switch|p1a: Hilda|Gardevoir-Mega, F|314\/314
|-damage|p1a: Hilda|275\/314|[from] Stealth Rock
|move|p2a: Mew|Ice Beam|p1a: Hilda
|-damage|p1a: Hilda|203\/314
|-status|p1a: Hilda|frz
|
|turn|7
|
|switch|p2a: Scizor|Scizor, F|67\/310
|-damage|p2a: Scizor|29\/310|[from] Stealth Rock
|cant|p1a: Hilda|frz
|
|turn|8
|
|move|p2a: Scizor|Pursuit|p1a: Hilda|[from]Pursuit
|-damage|p1a: Hilda|0 fnt
|faint|p1a: Hilda
|
|
|switch|p1a: Kensei|Breloom, M|262\/262
|-damage|p1a: Kensei|246\/262|[from] Stealth Rock
|turn|9
|
|move|p1a: Kensei|Swords Dance|p1a: Kensei
|-boost|p1a: Kensei|atk|2
|move|p2a: Scizor|Pursuit|p1a: Kensei
|-resisted|p1a: Kensei
|-damage|p1a: Kensei|172\/262
|
|turn|10
|
|switch|p2a: Landorus-Therian|Landorus-Therian, M|319\/319
|-damage|p2a: Landorus-Therian|280\/319|[from] Stealth Rock
|-ability|p2a: Landorus-Therian|Intimidate|[of] p1a: Kensei
|-unboost|p1a: Kensei|atk|1
|move|p1a: Kensei|Mach Punch|p2a: Landorus-Therian
|-resisted|p2a: Landorus-Therian
|-damage|p2a: Landorus-Therian|159\/319
|-damage|p1a: Kensei|146\/262|[from] item: Life Orb
|
|turn|11
|
|move|p2a: Landorus-Therian|U-turn|p1a: Kensei
|-damage|p1a: Kensei|32\/262
|
|switch|p2a: Ferrothorn|Ferrothorn, M|351\/351
|-damage|p2a: Ferrothorn|330\/351|[from] Stealth Rock
|move|p1a: Kensei|Swords Dance|p1a: Kensei
|-boost|p1a: Kensei|atk|2
|
|-heal|p2a: Ferrothorn|351\/351|[from] item: Leftovers
|turn|12
|
|move|p1a: Kensei|Mach Punch|p2a: Ferrothorn
|-crit|p2a: Ferrothorn
|-supereffective|p2a: Ferrothorn
|-damage|p2a: Ferrothorn|0 fnt
|-damage|p1a: Kensei|0 fnt|[from] ability: Iron Barbs|[of] p2a: Ferrothorn
|faint|p1a: Kensei
|faint|p2a: Ferrothorn
|
|
|switch|p1a: Madara|Bisharp, M|290\/290
|switch|p2a: Scizor|Scizor, F|29\/310
|-damage|p1a: Madara|272\/290|[from] Stealth Rock
|-damage|p2a: Scizor|0 fnt|[from] Stealth Rock
|faint|p2a: Scizor
|
|switch|p2a: Mew|Mew|300\/342
|-damage|p2a: Mew|258\/342|[from] Stealth Rock
|turn|13
|
|move|p2a: Mew|Fire Blast|p1a: Madara
|-supereffective|p1a: Madara
|-damage|p1a: Madara|0 fnt
|faint|p1a: Madara
|
|
|switch|p1a: Ugo|Landorus, M|319\/319
|-damage|p1a: Ugo|280\/319|[from] Stealth Rock
|turn|14
|
|move|p1a: Ugo|Earth Power|p2a: Mew
|-damage|p2a: Mew|85\/342
|move|p2a: Mew|Ice Beam|p1a: Ugo
|-supereffective|p1a: Ugo
|-damage|p1a: Ugo|0 fnt
|faint|p1a: Ugo
|
|
|switch|p1a: Uryu|Latios, M|301\/301
|-damage|p1a: Uryu|264\/301|[from] Stealth Rock
|turn|15
|
|move|p1a: Uryu|Earthquake|p2a: Mew
|-damage|p2a: Mew|0 fnt
|-damage|p1a: Uryu|234\/301|[from] item: Life Orb
|faint|p2a: Mew
|
|
|switch|p2a: Landorus-Therian|Landorus-Therian, M|159\/319
|-damage|p2a: Landorus-Therian|120\/319|[from] Stealth Rock
|-ability|p2a: Landorus-Therian|Intimidate|[of] p1a: Uryu
|-unboost|p1a: Uryu|atk|1
|turn|16
|
|switch|p1a: Kisame|Garchomp, F|132\/419
|-damage|p1a: Kisame|106\/419|[from] Stealth Rock
|move|p2a: Landorus-Therian|Knock Off|p1a: Kisame
|-damage|p1a: Kisame|12\/419
|-damage|p2a: Landorus-Therian|81\/319|[from] ability: Rough Skin|[of] p1a: Kisame
|-damage|p2a: Landorus-Therian|28\/319|[from] item: Rocky Helmet|[of] p1a: Kisame
|-enditem|p1a: Kisame|Rocky Helmet|[from] move: Knock Off|[of] p2a: Landorus-Therian
|
|turn|17
|
|switch|p2a: Gyarados|Gyarados, M|359\/359
|-damage|p2a: Gyarados|270\/359|[from] Stealth Rock
|-ability|p2a: Gyarados|Intimidate|[of] p1a: Kisame
|-unboost|p1a: Kisame|atk|1
|move|p1a: Kisame|Hidden Power|p2a: Gyarados
|-damage|p2a: Gyarados|230\/359
|
|turn|18
|
|detailschange|p2a: Gyarados|Gyarados-Mega, M
|-mega|p2a: Gyarados|Gyarados|Gyaradosite
|-ability|p2a: Gyarados|Mold Breaker
|move|p1a: Kisame|Earthquake|p2a: Gyarados
|-damage|p2a: Gyarados|142\/359
|move|p2a: Gyarados|Dragon Dance|p2a: Gyarados
|-boost|p2a: Gyarados|atk|1
|-boost|p2a: Gyarados|spe|1
|
|turn|19
|
|move|p2a: Gyarados|Waterfall|p1a: Kisame
|-damage|p1a: Kisame|0 fnt
|-damage|p2a: Gyarados|98\/359|[from] ability: Rough Skin|[of] p1a: Kisame
|faint|p1a: Kisame
|
|-message|subzeromkx forfeited.
|
|win|Walrus Smile
|raw|Ladder updating...
|leave|subzeromkx
|player|p1
|raw|subzeromkx's rating: 1574 &rarr; <strong>1542<\/strong><br \/>(-32 for losing)
|raw|Walrus Smile's rating: 1345 &rarr; <strong>1377<\/strong><br \/>(+32 for winning)