|join|Neo AE
|join|soulcrow
|player|p1|Neo AE|153
|player|p2|soulcrow|238
|gametype|singles
|gen|6
|tier|OU
|rated
|clearpoke
|poke|p1|Heracross, M
|poke|p1|Heatran, M
|poke|p1|Latios, M
|poke|p1|Slowbro, M
|poke|p1|Clefable, F
|poke|p1|Dragonite, F
|poke|p2|Bisharp, M, shiny
|poke|p2|Gardevoir, F, shiny
|poke|p2|Heatran, M
|poke|p2|Latios, M, shiny
|poke|p2|Rotom-Wash
|poke|p2|Landorus-Therian, M
|rule|Swagger Clause: Swagger is banned
|rule|Baton Pass Clause: Limit one PokÃ©mon knowing Baton Pass
|rule|Sleep Clause Mod: Limit one foe put to sleep
|rule|Species Clause: Limit one of each PokÃ©mon
|rule|OHKO Clause: OHKO moves are banned
|rule|Moody Clause: Moody is banned
|rule|Evasion Moves Clause: Evasion moves are banned
|rule|Endless Battle Clause: Forcing endless battles is banned
|rule|HP Percentage Mod: HP is reported as percentages
|teampreview
|
|start
|switch|p1a: He's on Roids|Heracross, M|308\/308
|switch|p2a: Car Wash|Rotom-Wash|303\/303
|turn|1
|
|switch|p1a: Clefable|Clefable, F|394\/394
|move|p2a: Car Wash|Volt Switch|p1a: Clefable
|-damage|p1a: Clefable|313\/394
|
|switch|p2a: SharpDressedMan|Bisharp, M, shiny|272\/272
|
|-heal|p1a: Clefable|337\/394|[from] item: Leftovers
|turn|2
|
|switch|p1a: Slowbro|Slowbro, M|393\/393
|move|p2a: SharpDressedMan|Iron Head|p1a: Slowbro
|-resisted|p1a: Slowbro
|-damage|p1a: Slowbro|327\/393
|-damage|p2a: SharpDressedMan|245\/272|[from] item: Life Orb
|
|-heal|p1a: Slowbro|351\/393|[from] item: Leftovers
|turn|3
|
|switch|p1a: He's on Roids|Heracross, M|308\/308
|move|p2a: SharpDressedMan|Knock Off|p1a: He's on Roids
|-resisted|p1a: He's on Roids
|-damage|p1a: He's on Roids|211\/308
|-damage|p2a: SharpDressedMan|218\/272|[from] item: Life Orb
|
|turn|4
|
|switch|p2a: Grumpy Cat|Landorus-Therian, M|325\/325
|-ability|p2a: Grumpy Cat|Intimidate|[of] p1a: He's on Roids
|-unboost|p1a: He's on Roids|atk|1
|detailschange|p1a: He's on Roids|Heracross-Mega, M
|message|Heracross has Mega Evolved into Mega Heracross!
|move|p1a: He's on Roids|Rock Blast|p2a: Grumpy Cat
|-damage|p2a: Grumpy Cat|294\/325
|-damage|p2a: Grumpy Cat|263\/325
|-damage|p2a: Grumpy Cat|232\/325
|-damage|p2a: Grumpy Cat|202\/325
|-damage|p2a: Grumpy Cat|171\/325
|-hitcount|p2a: Grumpy Cat|5
|
|turn|5
|
|switch|p1a: Heatran|Heatran, M|335\/335
|move|p2a: Grumpy Cat|U-turn|p1a: Heatran
|-resisted|p1a: Heatran
|-damage|p1a: Heatran|314\/335
|
|switch|p2a: Car Wash|Rotom-Wash|303\/303
|
|-heal|p1a: Heatran|334\/335|[from] item: Leftovers
|turn|6
|
|move|p2a: Car Wash|Hydro Pump|p1a: Heatran
|-supereffective|p1a: Heatran
|-damage|p1a: Heatran|146\/335
|move|p1a: Heatran|Stealth Rock|p2a: Car Wash
|-sidestart|p2: soulcrow|move: Stealth Rock
|
|-heal|p1a: Heatran|166\/335|[from] item: Leftovers
|turn|7
|
|switch|p1a: Clefable|Clefable, F|337\/394
|move|p2a: Car Wash|Volt Switch|p1a: Clefable
|-damage|p1a: Clefable|255\/394
|
|switch|p2a: SharpDressedMan|Bisharp, M, shiny|218\/272
|-damage|p2a: SharpDressedMan|201\/272|[from] Stealth Rock
|
|-heal|p1a: Clefable|279\/394|[from] item: Leftovers
|turn|8
|
|switch|p1a: Dragonite|Dragonite, F|377\/377
|move|p2a: SharpDressedMan|Knock Off|p1a: Dragonite
|-damage|p1a: Dragonite|256\/377
|-enditem|p1a: Dragonite|Leftovers|[from] move: Knock Off|[of] p2a: SharpDressedMan
|-damage|p2a: SharpDressedMan|174\/272|[from] item: Life Orb
|
|turn|9
|
|switch|p2a: Car Wash|Rotom-Wash|303\/303
|-damage|p2a: Car Wash|266\/303|[from] Stealth Rock
|move|p1a: Dragonite|Roost|p1a: Dragonite
|-heal|p1a: Dragonite|377\/377
|
|turn|10
|
|switch|p1a: Clefable|Clefable, F|279\/394
|move|p2a: Car Wash|Volt Switch|p1a: Clefable
|-damage|p1a: Clefable|197\/394
|
|switch|p2a: SharpDressedMan|Bisharp, M, shiny|174\/272
|-damage|p2a: SharpDressedMan|157\/272|[from] Stealth Rock
|
|-heal|p1a: Clefable|221\/394|[from] item: Leftovers
|turn|11
|
|switch|p1a: Dragonite|Dragonite, F|377\/377
|move|p2a: SharpDressedMan|Iron Head|p1a: Dragonite
|-damage|p1a: Dragonite|276\/377
|-damage|p2a: SharpDressedMan|130\/272|[from] item: Life Orb
|
|turn|12
|
|switch|p2a: Black Widow|Gardevoir, F, shiny|278\/278
|-damage|p2a: Black Widow|244\/278|[from] Stealth Rock
|-ability|p2a: Black Widow|Multiscale|[from] ability: Trace|[of] p1a: Dragonite
|move|p1a: Dragonite|Roost|p1a: Dragonite
|-heal|p1a: Dragonite|377\/377
|
|turn|13
|
|detailschange|p2a: Black Widow|Gardevoir-Mega, F, shiny
|message|Gardevoir has Mega Evolved into Mega Gardevoir!
|move|p2a: Black Widow|Will-O-Wisp|p1a: Dragonite
|-status|p1a: Dragonite|brn
|move|p1a: Dragonite|Earthquake|p2a: Black Widow
|-crit|p2a: Black Widow
|-damage|p2a: Black Widow|123\/278
|
|-damage|p1a: Dragonite|330\/377 brn|[from] brn
|turn|14
|
|switch|p1a: Heatran|Heatran, M|166\/335
|move|p2a: Black Widow|Hyper Voice|p1a: Heatran
|-resisted|p1a: Heatran
|-damage|p1a: Heatran|121\/335
|
|-heal|p1a: Heatran|141\/335|[from] item: Leftovers
|turn|15
|
|move|p2a: Black Widow|Focus Blast|p1a: Heatran|[miss]
|-miss|p2a: Black Widow|p1a: Heatran
|move|p1a: Heatran|Lava Plume|p2a: Black Widow
|-damage|p2a: Black Widow|27\/278
|
|-heal|p1a: Heatran|161\/335|[from] item: Leftovers
|turn|16
|
|switch|p1a: Dragonite|Dragonite, F|330\/377 brn
|move|p2a: Black Widow|Focus Blast|p1a: Dragonite
|-resisted|p1a: Dragonite
|-damage|p1a: Dragonite|257\/377 brn
|
|-damage|p1a: Dragonite|210\/377 brn|[from] brn
|turn|17
|
|move|p1a: Dragonite|Extreme Speed|p2a: Black Widow
|-damage|p2a: Black Widow|0 fnt
|faint|p2a: Black Widow
|
|-damage|p1a: Dragonite|163\/377 brn|[from] brn
|
|switch|p2a: Grumpy Cat|Landorus-Therian, M|171\/325
|-damage|p2a: Grumpy Cat|131\/325|[from] Stealth Rock
|-ability|p2a: Grumpy Cat|Intimidate|[of] p1a: Dragonite
|-unboost|p1a: Dragonite|atk|1
|turn|18
|
|switch|p1a: Slowbro|Slowbro, M|393\/393
|move|p2a: Grumpy Cat|Stone Edge|p1a: Slowbro
|-damage|p1a: Slowbro|306\/393
|
|-heal|p1a: Slowbro|330\/393|[from] item: Leftovers
|turn|19
|
|switch|p2a: Car Wash|Rotom-Wash|266\/303
|-damage|p2a: Car Wash|229\/303|[from] Stealth Rock
|switch|p1a: Latios|Latios, M|301\/301
|
|turn|20
|
|move|p1a: Latios|Draco Meteor|p2a: Car Wash
|-damage|p2a: Car Wash|78\/303
|-unboost|p1a: Latios|spa|2
|move|p2a: Car Wash|Rest|p2a: Car Wash
|-status|p2a: Car Wash|slp
|-heal|p2a: Car Wash|303\/303 slp|[silent]
|-status|p2a: Car Wash|slp|[from] move: Rest
|-enditem|p2a: Car Wash|Chesto Berry|[eat]
|-curestatus|p2a: Car Wash|slp
|
|turn|21
|
|switch|p1a: Dragonite|Dragonite, F|163\/377 brn
|move|p2a: Car Wash|Volt Switch|p1a: Dragonite
|-damage|p1a: Dragonite|96\/377 brn
|
|switch|p2a: Hot Sauce|Heatran, M|386\/386
|-damage|p2a: Hot Sauce|338\/386|[from] Stealth Rock
|
|-heal|p2a: Hot Sauce|362\/386|[from] item: Leftovers
|-damage|p1a: Dragonite|49\/377 brn|[from] brn
|turn|22
|
|move|p2a: Hot Sauce|Stealth Rock|p1a: Dragonite
|-sidestart|p1: Neo AE|move: Stealth Rock
|move|p1a: Dragonite|Roost|p1a: Dragonite
|-heal|p1a: Dragonite|238\/377 brn
|
|-heal|p2a: Hot Sauce|386\/386|[from] item: Leftovers
|-damage|p1a: Dragonite|191\/377 brn|[from] brn
|turn|23
|
|switch|p2a: Car Wash|Rotom-Wash|303\/303
|-damage|p2a: Car Wash|266\/303|[from] Stealth Rock
|move|p1a: Dragonite|Roost|p1a: Dragonite
|-heal|p1a: Dragonite|377\/377 brn
|
|-damage|p1a: Dragonite|330\/377 brn|[from] brn
|turn|24
|
|move|p2a: Car Wash|Hydro Pump|p1a: Dragonite
|-resisted|p1a: Dragonite
|-damage|p1a: Dragonite|276\/377 brn
|move|p1a: Dragonite|Dragon Claw|p2a: Car Wash
|-damage|p2a: Car Wash|203\/303
|
|-damage|p1a: Dragonite|229\/377 brn|[from] brn
|turn|25
|
|move|p2a: Car Wash|Volt Switch|p1a: Dragonite
|-damage|p1a: Dragonite|163\/377 brn
|
|switch|p2a: SharpDressedMan|Bisharp, M, shiny|130\/272
|-damage|p2a: SharpDressedMan|113\/272|[from] Stealth Rock
|move|p1a: Dragonite|Dragon Claw|p2a: SharpDressedMan
|-resisted|p2a: SharpDressedMan
|-damage|p2a: SharpDressedMan|75\/272
|
|-damage|p1a: Dragonite|116\/377 brn|[from] brn
|turn|26
|
|move|p1a: Dragonite|Extreme Speed|p2a: SharpDressedMan
|-resisted|p2a: SharpDressedMan
|-damage|p2a: SharpDressedMan|50\/272
|move|p2a: SharpDressedMan|Knock Off|p1a: Dragonite
|-damage|p1a: Dragonite|0 fnt
|-damage|p2a: SharpDressedMan|23\/272|[from] item: Life Orb
|faint|p1a: Dragonite
|
|
|switch|p1a: He's on Roids|Heracross-Mega, M|211\/308
|-damage|p1a: He's on Roids|173\/308|[from] Stealth Rock
|turn|27
|
|move|p1a: He's on Roids|Pin Missile|p2a: SharpDressedMan|[miss]
|-miss|p1a: He's on Roids|p2a: SharpDressedMan
|move|p2a: SharpDressedMan|Iron Head|p1a: He's on Roids
|-damage|p1a: He's on Roids|0 fnt
|-damage|p2a: SharpDressedMan|0 fnt|[from] item: Life Orb
|faint|p1a: He's on Roids
|faint|p2a: SharpDressedMan
|
|chat|Neo AE|just wow
|
|switch|p1a: Latios|Latios, M|301\/301
|-damage|p1a: Latios|264\/301|[from] Stealth Rock
|switch|p2a: Hot Sauce|Heatran, M|386\/386
|-damage|p2a: Hot Sauce|338\/386|[from] Stealth Rock
|turn|28
|
|switch|p1a: Heatran|Heatran, M|161\/335
|-damage|p1a: Heatran|120\/335|[from] Stealth Rock
|move|p2a: Hot Sauce|Lava Plume|p1a: Heatran
|-start|p1a: Heatran|ability: Flash Fire
|
|-heal|p1a: Heatran|140\/335|[from] item: Leftovers
|-heal|p2a: Hot Sauce|362\/386|[from] item: Leftovers
|turn|29
|
|switch|p1a: Clefable|Clefable, F|221\/394
|move|p2a: Hot Sauce|Taunt|p1a: Clefable
|-start|p1a: Clefable|move: Taunt
|
|-heal|p2a: Hot Sauce|386\/386|[from] item: Leftovers
|-heal|p1a: Clefable|245\/394|[from] item: Leftovers
|turn|30
|
|switch|p1a: Heatran|Heatran, M|140\/335
|-damage|p1a: Heatran|99\/335|[from] Stealth Rock
|move|p2a: Hot Sauce|Lava Plume|p1a: Heatran
|-start|p1a: Heatran|ability: Flash Fire
|
|-heal|p1a: Heatran|119\/335|[from] item: Leftovers
|turn|31
|
|move|p2a: Hot Sauce|Taunt|p1a: Heatran
|-start|p1a: Heatran|move: Taunt
|cant|p1a: Heatran|move: Taunt|Roar
|
|-heal|p1a: Heatran|139\/335|[from] item: Leftovers
|turn|32
|
|move|p1a: Heatran|Lava Plume|p2a: Hot Sauce
|-start|p2a: Hot Sauce|ability: Flash Fire
|move|p2a: Hot Sauce|Lava Plume|p1a: Heatran
|-immune|p1a: Heatran|[msg]
|
|-heal|p1a: Heatran|159\/335|[from] item: Leftovers
|turn|33
|
|move|p2a: Hot Sauce|Lava Plume|p1a: Heatran
|-immune|p1a: Heatran|[msg]
|move|p1a: Heatran|Lava Plume|p2a: Hot Sauce
|-immune|p2a: Hot Sauce|[msg]
|
|-heal|p1a: Heatran|179\/335|[from] item: Leftovers
|-end|p1a: Heatran|move: Taunt
|turn|34
|
|switch|p2a: Jackass|Latios, M, shiny|299\/299
|-damage|p2a: Jackass|262\/299|[from] Stealth Rock
|move|p1a: Heatran|Roar|p2a: Jackass
|drag|p2a: Grumpy Cat|Landorus-Therian, M|131\/325
|-damage|p2a: Grumpy Cat|91\/325|[from] Stealth Rock
|-ability|p2a: Grumpy Cat|Intimidate|[of] p1a: Heatran
|-unboost|p1a: Heatran|atk|1
|
|-heal|p1a: Heatran|199\/335|[from] item: Leftovers
|turn|35
|
|switch|p1a: Slowbro|Slowbro, M|393\/393
|-damage|p1a: Slowbro|344\/393|[from] Stealth Rock
|move|p2a: Grumpy Cat|U-turn|p1a: Slowbro
|-supereffective|p1a: Slowbro
|-damage|p1a: Slowbro|216\/393
|
|switch|p2a: Jackass|Latios, M, shiny|262\/299
|-damage|p2a: Jackass|225\/299|[from] Stealth Rock
|
|-heal|p1a: Slowbro|240\/393|[from] item: Leftovers
|turn|36
|
|switch|p1a: Clefable|Clefable, F|245\/394
|move|p2a: Jackass|Surf|p1a: Clefable
|-damage|p1a: Clefable|123\/394
|-damage|p2a: Jackass|196\/299|[from] item: Life Orb
|
|-heal|p1a: Clefable|147\/394|[from] item: Leftovers
|turn|37
|
|switch|p1a: Latios|Latios, M|264\/301
|-damage|p1a: Latios|227\/301|[from] Stealth Rock
|move|p2a: Jackass|Psyshock|p1a: Latios
|-resisted|p1a: Latios
|-damage|p1a: Latios|114\/301
|-damage|p2a: Jackass|167\/299|[from] item: Life Orb
|
|turn|38
|
|switch|p2a: Hot Sauce|Heatran, M|386\/386
|-damage|p2a: Hot Sauce|338\/386|[from] Stealth Rock
|move|p1a: Latios|Draco Meteor|p2a: Hot Sauce
|-resisted|p2a: Hot Sauce
|-damage|p2a: Hot Sauce|230\/386
|-unboost|p1a: Latios|spa|2
|
|-heal|p2a: Hot Sauce|254\/386|[from] item: Leftovers
|turn|39
|
|switch|p1a: Heatran|Heatran, M|199\/335
|-damage|p1a: Heatran|158\/335|[from] Stealth Rock
|move|p2a: Hot Sauce|Taunt|p1a: Heatran
|-start|p1a: Heatran|move: Taunt
|
|-heal|p1a: Heatran|178\/335|[from] item: Leftovers
|-heal|p2a: Hot Sauce|278\/386|[from] item: Leftovers
|turn|40
|
|switch|p2a: Car Wash|Rotom-Wash|203\/303
|-damage|p2a: Car Wash|166\/303|[from] Stealth Rock
|move|p1a: Heatran|Lava Plume|p2a: Car Wash
|-resisted|p2a: Car Wash
|-damage|p2a: Car Wash|122\/303
|-status|p2a: Car Wash|brn
|
|-heal|p1a: Heatran|198\/335|[from] item: Leftovers
|-damage|p2a: Car Wash|85\/303 brn|[from] brn
|turn|41
|
|move|p2a: Car Wash|Hydro Pump|p1a: Heatran
|-supereffective|p1a: Heatran
|-damage|p1a: Heatran|0 fnt
|faint|p1a: Heatran
|
|-damage|p2a: Car Wash|48\/303 brn|[from] brn
|
|switch|p1a: Latios|Latios, M|114\/301
|-damage|p1a: Latios|77\/301|[from] Stealth Rock
|turn|42
|
|move|p1a: Latios|Psyshock|p2a: Car Wash
|-damage|p2a: Car Wash|0 fnt
|faint|p2a: Car Wash
|
|
|switch|p2a: Hot Sauce|Heatran, M|278\/386
|-damage|p2a: Hot Sauce|230\/386|[from] Stealth Rock
|turn|43
|
|switch|p1a: Clefable|Clefable, F|147\/394
|move|p2a: Hot Sauce|Lava Plume|p1a: Clefable
|-damage|p1a: Clefable|47\/394
|
|-heal|p2a: Hot Sauce|254\/386|[from] item: Leftovers
|-heal|p1a: Clefable|71\/394|[from] item: Leftovers
|turn|44
|
|move|p2a: Hot Sauce|Lava Plume|p1a: Clefable
|-damage|p1a: Clefable|0 fnt
|faint|p1a: Clefable
|
|-heal|p2a: Hot Sauce|278\/386|[from] item: Leftovers
|
|switch|p1a: Slowbro|Slowbro, M|371\/393
|-damage|p1a: Slowbro|322\/393|[from] Stealth Rock
|turn|45
|
|switch|p2a: Grumpy Cat|Landorus-Therian, M|91\/325
|-damage|p2a: Grumpy Cat|51\/325|[from] Stealth Rock
|-ability|p2a: Grumpy Cat|Intimidate|[of] p1a: Slowbro
|-unboost|p1a: Slowbro|atk|1
|move|p1a: Slowbro|Thunder Wave|p2a: Grumpy Cat
|-immune|p2a: Grumpy Cat|[msg]
|
|-heal|p1a: Slowbro|346\/393|[from] item: Leftovers
|turn|46
|
|move|p2a: Grumpy Cat|Earthquake|p1a: Slowbro
|-crit|p1a: Slowbro
|-damage|p1a: Slowbro|142\/393
|move|p1a: Slowbro|Thunder Wave|p2a: Grumpy Cat
|-immune|p2a: Grumpy Cat|[msg]
|
|-heal|p1a: Slowbro|166\/393|[from] item: Leftovers
|turn|47
|
|move|p2a: Grumpy Cat|Earthquake|p1a: Slowbro
|-damage|p1a: Slowbro|36\/393
|move|p1a: Slowbro|Slack Off|p1a: Slowbro
|-heal|p1a: Slowbro|233\/393
|
|-heal|p1a: Slowbro|257\/393|[from] item: Leftovers
|turn|48
|
|switch|p1a: Latios|Latios, M|77\/301
|-damage|p1a: Latios|40\/301|[from] Stealth Rock
|move|p2a: Grumpy Cat|Earthquake|p1a: Latios
|-immune|p1a: Latios|[msg]
|
|turn|49
|
|move|p1a: Latios|Draco Meteor|p2a: Grumpy Cat
|-damage|p2a: Grumpy Cat|0 fnt
|-unboost|p1a: Latios|spa|2
|faint|p2a: Grumpy Cat
|
|
|switch|p2a: Hot Sauce|Heatran, M|278\/386
|-damage|p2a: Hot Sauce|230\/386|[from] Stealth Rock
|turn|50
|
|switch|p1a: Slowbro|Slowbro, M|388\/393
|-damage|p1a: Slowbro|339\/393|[from] Stealth Rock
|move|p2a: Hot Sauce|Will-O-Wisp|p1a: Slowbro
|-status|p1a: Slowbro|brn
|
|-heal|p2a: Hot Sauce|254\/386|[from] item: Leftovers
|-heal|p1a: Slowbro|363\/393 brn|[from] item: Leftovers
|-damage|p1a: Slowbro|314\/393 brn|[from] brn
|turn|51
|
|move|p2a: Hot Sauce|Taunt|p1a: Slowbro
|-start|p1a: Slowbro|move: Taunt
|cant|p1a: Slowbro|move: Taunt|Thunder Wave
|
|-heal|p2a: Hot Sauce|278\/386|[from] item: Leftovers
|-heal|p1a: Slowbro|338\/393 brn|[from] item: Leftovers
|-damage|p1a: Slowbro|289\/393 brn|[from] brn
|turn|52
|
|switch|p2a: Jackass|Latios, M, shiny|167\/299
|-damage|p2a: Jackass|130\/299|[from] Stealth Rock
|move|p1a: Slowbro|Scald|p2a: Jackass
|-resisted|p2a: Jackass
|-damage|p2a: Jackass|84\/299
|-status|p2a: Jackass|brn
|
|-heal|p1a: Slowbro|313\/393 brn|[from] item: Leftovers
|-damage|p2a: Jackass|47\/299 brn|[from] brn
|-damage|p1a: Slowbro|264\/393 brn|[from] brn
|turn|53
|
|switch|p1a: Latios|Latios, M|40\/301
|-damage|p1a: Latios|3\/301|[from] Stealth Rock
|move|p2a: Jackass|Roost|p2a: Jackass
|-heal|p2a: Jackass|197\/299 brn
|
|-damage|p2a: Jackass|160\/299 brn|[from] brn
|turn|54
|
|switch|p2a: Hot Sauce|Heatran, M|278\/386
|-damage|p2a: Hot Sauce|230\/386|[from] Stealth Rock
|move|p1a: Latios|Trick|p2a: Hot Sauce
|-activate|p1a: Latios|move: Trick|[of] p2a: Hot Sauce
|-item|p2a: Hot Sauce|Choice Scarf|[from] move: Trick
|-item|p1a: Latios|Leftovers|[from] move: Trick
|
|-heal|p1a: Latios|21\/301|[from] item: Leftovers
|turn|55
|
|move|p1a: Latios|Draco Meteor|p2a: Hot Sauce
|-resisted|p2a: Hot Sauce
|-damage|p2a: Hot Sauce|114\/386
|-unboost|p1a: Latios|spa|2
|move|p2a: Hot Sauce|Lava Plume|p1a: Latios
|-resisted|p1a: Latios
|-damage|p1a: Latios|0 fnt
|faint|p1a: Latios
|
|
|switch|p1a: Slowbro|Slowbro, M|393\/393 brn
|-damage|p1a: Slowbro|344\/393 brn|[from] Stealth Rock
|turn|56
|
|move|p2a: Hot Sauce|Lava Plume|p1a: Slowbro
|-resisted|p1a: Slowbro
|-damage|p1a: Slowbro|267\/393 brn
|move|p1a: Slowbro|Thunder Wave|p2a: Hot Sauce
|-status|p2a: Hot Sauce|par
|
|-heal|p1a: Slowbro|291\/393 brn|[from] item: Leftovers
|-damage|p1a: Slowbro|242\/393 brn|[from] brn
|turn|57
|
|move|p1a: Slowbro|Slack Off|p1a: Slowbro
|-heal|p1a: Slowbro|393\/393 brn
|move|p2a: Hot Sauce|Lava Plume|p1a: Slowbro
|-resisted|p1a: Slowbro
|-damage|p1a: Slowbro|327\/393 brn
|
|-heal|p1a: Slowbro|351\/393 brn|[from] item: Leftovers
|-damage|p1a: Slowbro|302\/393 brn|[from] brn
|turn|58
|
|move|p1a: Slowbro|Slack Off|p1a: Slowbro
|-heal|p1a: Slowbro|393\/393 brn
|move|p2a: Hot Sauce|Lava Plume|p1a: Slowbro
|-resisted|p1a: Slowbro
|-damage|p1a: Slowbro|318\/393 brn
|
|-heal|p1a: Slowbro|342\/393 brn|[from] item: Leftovers
|-damage|p1a: Slowbro|293\/393 brn|[from] brn
|turn|59
|
|move|p1a: Slowbro|Slack Off|p1a: Slowbro
|-heal|p1a: Slowbro|393\/393 brn
|move|p2a: Hot Sauce|Lava Plume|p1a: Slowbro
|-resisted|p1a: Slowbro
|-damage|p1a: Slowbro|323\/393 brn
|
|-heal|p1a: Slowbro|347\/393 brn|[from] item: Leftovers
|-damage|p1a: Slowbro|298\/393 brn|[from] brn
|turn|60
|
|move|p1a: Slowbro|Slack Off|p1a: Slowbro
|-heal|p1a: Slowbro|393\/393 brn
|move|p2a: Hot Sauce|Lava Plume|p1a: Slowbro
|-resisted|p1a: Slowbro
|-damage|p1a: Slowbro|324\/393 brn
|
|-heal|p1a: Slowbro|348\/393 brn|[from] item: Leftovers
|-damage|p1a: Slowbro|299\/393 brn|[from] brn
|turn|61
|
|move|p1a: Slowbro|Slack Off|p1a: Slowbro
|-heal|p1a: Slowbro|393\/393 brn
|cant|p2a: Hot Sauce|par
|
|-damage|p1a: Slowbro|344\/393 brn|[from] brn
|turn|62
|
|move|p1a: Slowbro|Scald|p2a: Hot Sauce
|-supereffective|p2a: Hot Sauce
|-damage|p2a: Hot Sauce|0 fnt
|faint|p2a: Hot Sauce
|
|-heal|p1a: Slowbro|368\/393 brn|[from] item: Leftovers
|-damage|p1a: Slowbro|319\/393 brn|[from] brn
|
|switch|p2a: Jackass|Latios, M, shiny|160\/299 brn
|-damage|p2a: Jackass|123\/299 brn|[from] Stealth Rock
|turn|63
|
|move|p2a: Jackass|Roost|p2a: Jackass
|-heal|p2a: Jackass|273\/299 brn
|move|p1a: Slowbro|Scald|p2a: Jackass
|-resisted|p2a: Jackass
|-damage|p2a: Jackass|226\/299 brn
|
|-heal|p1a: Slowbro|343\/393 brn|[from] item: Leftovers
|-damage|p2a: Jackass|189\/299 brn|[from] brn
|-damage|p1a: Slowbro|294\/393 brn|[from] brn
|turn|64
|
|move|p2a: Jackass|Draco Meteor|p1a: Slowbro
|-damage|p1a: Slowbro|0 fnt
|-unboost|p2a: Jackass|spa|2
|-damage|p2a: Jackass|160\/299 brn|[from] item: Life Orb
|faint|p1a: Slowbro
|
|win|soulcrow
|raw|Ladder updating...
|raw|Neo AE's rating: 1726 &rarr; <strong>1702<\/strong><br \/>(-24 for losing)
|raw|soulcrow's rating: 1647 &rarr; <strong>1672<\/strong><br \/>(+25 for winning)
|chat|soulcrow|gg
|leave|Neo AE
|player|p1