|join|ostrich.com
|join|Neo AE
|player|p1|ostrich.com|2
|player|p2|Neo AE|153
|gametype|singles
|gen|6
|tier|OU
|rated
|clearpoke
|poke|p1|Terrakion
|poke|p1|Greninja, F
|poke|p1|Gyarados, F
|poke|p1|Landorus-Therian, M
|poke|p1|Kyurem-Black
|poke|p1|Sableye, F
|poke|p2|Venusaur, M
|poke|p2|Clefable, M
|poke|p2|Heatran, F
|poke|p2|Mandibuzz, F
|poke|p2|Azumarill, F
|poke|p2|Landorus, M
|rule|Swagger Clause: Swagger is banned
|rule|Baton Pass Clause: Limit one PokÃ©mon knowing Baton Pass
|rule|Sleep Clause Mod: Limit one foe put to sleep
|rule|Species Clause: Limit one of each PokÃ©mon
|rule|OHKO Clause: OHKO moves are banned
|rule|Moody Clause: Moody is banned
|rule|Evasion Moves Clause: Evasion moves are banned
|rule|Endless Battle Clause: Forcing endless battles is banned
|rule|HP Percentage Mod: HP is reported as percentages
|teampreview
|chat|ostrich.com|forfeit plz
|
|start
|switch|p1a: Terrakion|Terrakion|323\/323
|switch|p2a: Clefable|Clefable, M|394\/394
|turn|1
|chat|ostrich.com|I need the win for my family
|
|move|p1a: Terrakion|Stealth Rock|p2a: Clefable
|-sidestart|p2: Neo AE|move: Stealth Rock
|move|p2a: Clefable|Moonblast|p1a: Terrakion
|-supereffective|p1a: Terrakion
|-damage|p1a: Terrakion|99\/323
|-unboost|p1a: Terrakion|spa|1
|
|turn|2
|
|move|p1a: Terrakion|Stone Edge|p2a: Clefable
|-damage|p2a: Clefable|240\/394
|move|p2a: Clefable|Moonblast|p1a: Terrakion
|-supereffective|p1a: Terrakion
|-damage|p1a: Terrakion|0 fnt
|faint|p1a: Terrakion
|
|-heal|p2a: Clefable|264\/394|[from] item: Leftovers
|
|switch|p1a: Landorus-Therian|Landorus-Therian, M|382\/382
|-ability|p1a: Landorus-Therian|Intimidate|[of] p2a: Clefable
|-unboost|p2a: Clefable|atk|1
|turn|3
|
|switch|p2a: Mandibuzz|Mandibuzz, F|423\/423
|-damage|p2a: Mandibuzz|318\/423|[from] Stealth Rock
|move|p1a: Landorus-Therian|Stone Edge|p2a: Mandibuzz
|-supereffective|p2a: Mandibuzz
|-damage|p2a: Mandibuzz|66\/423
|-damage|p1a: Landorus-Therian|344\/382|[from] item: Life Orb
|
|turn|4
|
|move|p1a: Landorus-Therian|U-turn|p2a: Mandibuzz
|-crit|p2a: Mandibuzz
|-damage|p2a: Mandibuzz|0 fnt
|-damage|p1a: Landorus-Therian|281\/382|[from] item: Rocky Helmet|[of] p2a: Mandibuzz
|-damage|p1a: Landorus-Therian|243\/382|[from] item: Life Orb
|faint|p2a: Mandibuzz
|
|switch|p1a: Greninja|Greninja, F|286\/286
|
|
|switch|p2a: Azumarill|Azumarill, F|404\/404
|-damage|p2a: Azumarill|354\/404|[from] Stealth Rock
|turn|5
|
|move|p1a: Greninja|Extrasensory|p2a: Azumarill
|-start|p1a: Greninja|typechange|Psychic|[from] Protean
|-damage|p2a: Azumarill|220\/404
|-damage|p1a: Greninja|258\/286|[from] item: Life Orb
|move|p2a: Azumarill|Play Rough|p1a: Greninja
|-damage|p1a: Greninja|0 fnt
|faint|p1a: Greninja
|
|
|switch|p1a: Landorus-Therian|Landorus-Therian, M|243\/382
|-ability|p1a: Landorus-Therian|Intimidate|[of] p2a: Azumarill
|-unboost|p2a: Azumarill|atk|1
|turn|6
|
|switch|p2a: Landorus|Landorus, M|320\/320
|-damage|p2a: Landorus|280\/320|[from] Stealth Rock
|move|p1a: Landorus-Therian|Earthquake|p2a: Landorus
|-immune|p2a: Landorus|[msg]
|
|turn|7
|
|move|p2a: Landorus|Psychic|p1a: Landorus-Therian
|-damage|p1a: Landorus-Therian|36\/382
|move|p1a: Landorus-Therian|Rock Polish|p1a: Landorus-Therian
|-boost|p1a: Landorus-Therian|spe|2
|
|turn|8
|
|switch|p2a: Heatran|Heatran, F|386\/386
|-damage|p2a: Heatran|338\/386|[from] Stealth Rock
|move|p1a: Landorus-Therian|Stone Edge|p2a: Heatran|[miss]
|-miss|p1a: Landorus-Therian|p2a: Heatran
|
|-heal|p2a: Heatran|362\/386|[from] item: Leftovers
|turn|9
|
|move|p1a: Landorus-Therian|Earthquake|p2a: Heatran
|-supereffective|p2a: Heatran
|-damage|p2a: Heatran|0 fnt
|-damage|p1a: Landorus-Therian|0 fnt|[from] item: Life Orb
|faint|p2a: Heatran
|faint|p1a: Landorus-Therian
|
|
|switch|p1a: Kyurem-Black|Kyurem-Black|391\/391
|switch|p2a: Venusaur|Venusaur, M|364\/364
|-damage|p2a: Venusaur|319\/364|[from] Stealth Rock
|-ability|p1a: Kyurem-Black|Teravolt
|turn|10
|
|switch|p2a: Azumarill|Azumarill, F|220\/404
|-damage|p2a: Azumarill|170\/404|[from] Stealth Rock
|move|p1a: Kyurem-Black|Outrage|p2a: Azumarill
|-immune|p2a: Azumarill|[msg]
|
|turn|11
|
|switch|p1a: Sableye|Sableye, F|301\/301
|move|p2a: Azumarill|Play Rough|p1a: Sableye
|-supereffective|p1a: Sableye
|-damage|p1a: Sableye|0 fnt
|faint|p1a: Sableye
|
|
|switch|p1a: Kyurem-Black|Kyurem-Black|391\/391
|-ability|p1a: Kyurem-Black|Teravolt
|turn|12
|
|switch|p2a: Landorus|Landorus, M|280\/320
|-damage|p2a: Landorus|240\/320|[from] Stealth Rock
|move|p1a: Kyurem-Black|Iron Head|p2a: Landorus
|-damage|p2a: Landorus|106\/320
|
|turn|13
|
|switch|p1a: Gyarados|Gyarados, F|332\/332
|switch|p2a: Venusaur|Venusaur, M|319\/364
|-damage|p2a: Venusaur|274\/364|[from] Stealth Rock
|
|turn|14
|
|switch|p1a: Kyurem-Black|Kyurem-Black|391\/391
|-ability|p1a: Kyurem-Black|Teravolt
|detailschange|p2a: Venusaur|Venusaur-Mega, M
|message|Venusaur has Mega Evolved into Mega Venusaur!
|move|p2a: Venusaur|Sleep Powder|p1a: Kyurem-Black
|-status|p1a: Kyurem-Black|slp
|
|turn|15
|
|switch|p2a: Azumarill|Azumarill, F|170\/404
|-damage|p2a: Azumarill|120\/404|[from] Stealth Rock
|cant|p1a: Kyurem-Black|slp
|
|turn|16
|
|-curestatus|p1a: Kyurem-Black|slp
|move|p1a: Kyurem-Black|Iron Head|p2a: Azumarill
|-damage|p2a: Azumarill|0 fnt
|faint|p2a: Azumarill
|
|
|switch|p2a: Venusaur|Venusaur-Mega, M|274\/364
|-damage|p2a: Venusaur|229\/364|[from] Stealth Rock
|turn|17
|
|switch|p1a: Gyarados|Gyarados, F|332\/332
|move|p2a: Venusaur|Synthesis|p2a: Venusaur
|-heal|p2a: Venusaur|364\/364
|
|turn|18
|
|switch|p1a: Kyurem-Black|Kyurem-Black|391\/391
|-ability|p1a: Kyurem-Black|Teravolt
|move|p2a: Venusaur|Sludge Bomb|p1a: Kyurem-Black
|-damage|p1a: Kyurem-Black|249\/391
|
|turn|19
|
|switch|p2a: Landorus|Landorus, M|106\/320
|-damage|p2a: Landorus|66\/320|[from] Stealth Rock
|move|p1a: Kyurem-Black|Outrage|p2a: Landorus
|-damage|p2a: Landorus|0 fnt
|faint|p2a: Landorus
|
|
|switch|p2a: Clefable|Clefable, M|264\/394
|turn|20
|
|move|p1a: Kyurem-Black|Outrage|p2a: Clefable
|-immune|p2a: Clefable|[msg]
|move|p2a: Clefable|Moonblast|p1a: Kyurem-Black
|-supereffective|p1a: Kyurem-Black
|-damage|p1a: Kyurem-Black|21\/391
|
|-end|p1a: Kyurem-Black|rampage
|-start|p1a: Kyurem-Black|confusion
|-heal|p2a: Clefable|288\/394|[from] item: Leftovers
|turn|21
|
|switch|p1a: Gyarados|Gyarados, F|332\/332
|move|p2a: Clefable|Calm Mind|p2a: Clefable
|-boost|p2a: Clefable|spa|1
|-boost|p2a: Clefable|spd|1
|
|-heal|p2a: Clefable|312\/394|[from] item: Leftovers
|turn|22
|
|move|p1a: Gyarados|Dragon Dance|p1a: Gyarados
|-boost|p1a: Gyarados|atk|1
|-boost|p1a: Gyarados|spe|1
|move|p2a: Clefable|Moonblast|p1a: Gyarados
|-damage|p1a: Gyarados|158\/332
|-unboost|p1a: Gyarados|spa|1
|
|-heal|p2a: Clefable|336\/394|[from] item: Leftovers
|turn|23
|
|detailschange|p1a: Gyarados|Gyarados-Mega, F
|message|Gyarados has Mega Evolved into Mega Gyarados!
|-ability|p1a: Gyarados|Mold Breaker
|move|p1a: Gyarados|Waterfall|p2a: Clefable
|-damage|p2a: Clefable|135\/394
|move|p2a: Clefable|Moonblast|p1a: Gyarados
|-supereffective|p1a: Gyarados
|-damage|p1a: Gyarados|0 fnt
|faint|p1a: Gyarados
|
|-heal|p2a: Clefable|159\/394|[from] item: Leftovers
|chat|Neo AE|if u flinch me
|chat|ostrich.com|fuck u
|chat|Neo AE|cry
|
|switch|p1a: Kyurem-Black|Kyurem-Black|21\/391
|-ability|p1a: Kyurem-Black|Teravolt
|turn|24
|chat|ostrich.com|wat kind of dick do u prefer
|chat|Neo AE|r u gay?
|
|move|p1a: Kyurem-Black|Iron Head|p2a: Clefable
|-crit|p2a: Clefable
|-supereffective|p2a: Clefable
|-damage|p2a: Clefable|0 fnt
|faint|p2a: Clefable
|
|chat|Neo AE|or why r u talking about dicks?
|
|switch|p2a: Venusaur|Venusaur-Mega, M|364\/364
|-damage|p2a: Venusaur|319\/364|[from] Stealth Rock
|turn|25
|
|move|p1a: Kyurem-Black|Iron Head|p2a: Venusaur
|-damage|p2a: Venusaur|234\/364
|cant|p2a: Venusaur|flinch
|
|turn|26
|chat|ostrich.com|flinch to death bitch
|
|move|p1a: Kyurem-Black|Iron Head|p2a: Venusaur
|-damage|p2a: Venusaur|151\/364
|move|p2a: Venusaur|Sludge Bomb|p1a: Kyurem-Black
|-damage|p1a: Kyurem-Black|0 fnt
|faint|p1a: Kyurem-Black
|
|win|Neo AE
|raw|Ladder updating...
|raw|ostrich.com's rating: 1744 &rarr; <strong>1725<\/strong><br \/>(-19 for losing)
|raw|Neo AE's rating: 1765 &rarr; <strong>1784<\/strong><br \/>(+19 for winning)
|chat|Neo AE|was very ez
|chat|Neo AE|sloth lol
|chat|ostrich.com|u suck ass
|chat|Neo AE|thats y u lost
|chat|Neo AE|sloth xD
|chat|ostrich.com|I wasn't trying
|chat|Neo AE|xDDDDDDDDDDDDDDDDDDDDDDDDDDDD
|chat|Neo AE|nice excuse man
|chat|ostrich.com|battle me again and I'll giv u my account if u win
|chat|Neo AE|"wasnt trying" 
|chat|Neo AE|xDDDDDDDDDDDDDDDDDDDDDDDDDDDDDDD
|chat|Neo AE|LOOOOOOL
|chat|ostrich.com|buy if u lose u giv me urs
|chat|Neo AE|cuz i need ur shit acc lol
|chat|Neo AE|sry but no lol
|chat|Neo AE|get good first peace
|chat|ostrich.com|cuz ur gay?
|chat|Neo AE|u really have some issues with being gay do you?
|chat|ostrich.com|b4 deoxie a d was banned I was number 9 in ou
|chat|Neo AE|thats what many gay ppl have when they dont wanna accept they are 
|chat|Neo AE|xD
|chat|Neo AE|sure lol
|chat|ostrich.com|that's a faggot would say
|chat|Neo AE|pics or didnt happen 
|chat|ostrich.com|why would I take a pic
|chat|Neo AE|so you have proof?
|chat|Neo AE|sry never happened
|chat|Neo AE|ur just a random sloth losing to my team
|chat|ostrich.com|I'll forever be a faggot
|chat|Neo AE|yh 
|chat|ostrich.com|ull
|chat|Neo AE|nothing wrong about that
|chat|Neo AE|just accept that
|chat|ostrich.com|ull*
|chat|Neo AE|ostrich.com: I'll forever be a faggot
|chat|Neo AE|sry but owned
|chat|Neo AE|just accept it man
|chat|Neo AE|bb