|join|Neo AE
|join|bizarman
|player|p1|Neo AE|153
|player|p2|bizarman|42
|gametype|singles
|gen|6
|tier|OU
|rated
|clearpoke
|poke|p1|Venusaur, M
|poke|p1|Clefable, F
|poke|p1|Heatran, F
|poke|p1|Mandibuzz, F
|poke|p1|Azumarill, M
|poke|p1|Landorus, M
|poke|p2|Tyranitar, M
|poke|p2|Charizard, F
|poke|p2|Scizor, F
|poke|p2|Mew
|poke|p2|Azumarill, M
|poke|p2|Thundurus, M
|rule|Swagger Clause: Swagger is banned
|rule|Baton Pass Clause: Limit one PokÃ©mon knowing Baton Pass
|rule|Sleep Clause Mod: Limit one foe put to sleep
|rule|Species Clause: Limit one of each PokÃ©mon
|rule|OHKO Clause: OHKO moves are banned
|rule|Moody Clause: Moody is banned
|rule|Evasion Moves Clause: Evasion moves are banned
|rule|Endless Battle Clause: Forcing endless battles is banned
|rule|HP Percentage Mod: HP is reported as percentages
|teampreview
|
|start
|switch|p1a: Venusaur|Venusaur, M|363\/363
|switch|p2a: Charizard|Charizard, F|297\/297
|turn|1
|
|switch|p1a: Heatran|Heatran, F|385\/385
|detailschange|p2a: Charizard|Charizard-Mega-Y, F
|message|Charizard has Mega Evolved into Mega Charizard!
|-weather|SunnyDay
|move|p2a: Charizard|Flamethrower|p1a: Heatran
|-start|p1a: Heatran|ability: Flash Fire
|
|-weather|SunnyDay|[upkeep]
|turn|2
|
|switch|p2a: Tyranitar|Tyranitar, M|342\/342
|-weather|Sandstorm
|move|p1a: Heatran|Stealth Rock|p2a: Tyranitar
|-sidestart|p2: bizarman|move: Stealth Rock
|
|-weather|Sandstorm|[upkeep]
|turn|3
|
|switch|p1a: Landorus|Landorus, M|319\/319
|move|p2a: Tyranitar|Earthquake|p1a: Landorus
|-immune|p1a: Landorus|[msg]
|
|-weather|Sandstorm|[upkeep]
|turn|4
|
|switch|p2a: Thundurus|Thundurus, M|300\/300
|-damage|p2a: Thundurus|225\/300|[from] Stealth Rock
|move|p1a: Landorus|Focus Blast|p2a: Thundurus|[miss]
|-miss|p1a: Landorus|p2a: Thundurus
|
|-weather|Sandstorm|[upkeep]
|-damage|p2a: Thundurus|207\/300|[from] sandstorm
|turn|5
|
|switch|p2a: Mew|Mew|404\/404
|-damage|p2a: Mew|354\/404|[from] Stealth Rock
|switch|p1a: Heatran|Heatran, F|385\/385
|
|-weather|Sandstorm|[upkeep]
|-damage|p2a: Mew|329\/404|[from] sandstorm
|-heal|p2a: Mew|354\/404|[from] item: Leftovers
|turn|6
|
|move|p2a: Mew|Defog|p1a: Heatran
|-unboost|p1a: Heatran|evasion|1
|-sideend|p2: bizarman|Stealth Rock|[from] move: Defog|[of] p2a: Mew
|move|p1a: Heatran|Will-O-Wisp|p2a: Mew
|-status|p2a: Mew|brn
|
|-weather|none
|-heal|p2a: Mew|379\/404 brn|[from] item: Leftovers
|-damage|p2a: Mew|329\/404 brn|[from] brn
|turn|7
|
|move|p2a: Mew|Knock Off|p1a: Heatran
|-crit|p1a: Heatran
|-damage|p1a: Heatran|333\/385
|-enditem|p1a: Heatran|Leftovers|[from] move: Knock Off|[of] p2a: Mew
|move|p1a: Heatran|Stealth Rock|p2a: Mew
|-sidestart|p2: bizarman|move: Stealth Rock
|
|-heal|p2a: Mew|354\/404 brn|[from] item: Leftovers
|-damage|p2a: Mew|304\/404 brn|[from] brn
|turn|8
|
|switch|p1a: Landorus|Landorus, M|319\/319
|move|p2a: Mew|Defog|p1a: Landorus
|-unboost|p1a: Landorus|evasion|1
|-sideend|p2: bizarman|Stealth Rock|[from] move: Defog|[of] p2a: Mew
|
|-heal|p2a: Mew|329\/404 brn|[from] item: Leftovers
|-damage|p2a: Mew|279\/404 brn|[from] brn
|turn|9
|
|switch|p2a: Charizard|Charizard-Mega-Y, F|297\/297
|-weather|SunnyDay
|move|p1a: Landorus|Sludge Wave|p2a: Charizard
|-crit|p2a: Charizard
|-damage|p2a: Charizard|51\/297
|
|-weather|SunnyDay|[upkeep]
|turn|10
|
|switch|p2a: Tyranitar|Tyranitar, M|342\/342
|-weather|Sandstorm
|move|p1a: Landorus|Psychic|p2a: Tyranitar
|-immune|p2a: Tyranitar|[msg]
|
|-weather|Sandstorm|[upkeep]
|turn|11
|
|move|p2a: Tyranitar|Stone Edge|p1a: Landorus
|-damage|p1a: Landorus|126\/319
|move|p1a: Landorus|Focus Blast|p2a: Tyranitar|[miss]
|-miss|p1a: Landorus|p2a: Tyranitar
|
|-weather|Sandstorm|[upkeep]
|turn|12
|
|switch|p1a: Venusaur|Venusaur, M|363\/363
|move|p2a: Tyranitar|Stone Edge|p1a: Venusaur|[miss]
|-miss|p2a: Tyranitar|p1a: Venusaur
|
|-weather|Sandstorm|[upkeep]
|-damage|p1a: Venusaur|341\/363|[from] sandstorm
|turn|13
|
|switch|p2a: Scizor|Scizor, F|344\/344
|switch|p1a: Azumarill|Azumarill, M|403\/403
|
|-weather|Sandstorm|[upkeep]
|-damage|p1a: Azumarill|378\/403|[from] sandstorm
|turn|14
|
|move|p2a: Scizor|Bullet Punch|p1a: Azumarill
|-damage|p1a: Azumarill|161\/403
|move|p1a: Azumarill|Waterfall|p2a: Scizor
|-damage|p2a: Scizor|184\/344
|
|-weather|none
|turn|15
|
|switch|p2a: Azumarill|Azumarill, M|404\/404
|switch|p1a: Heatran|Heatran, F|333\/385
|
|turn|16
|
|switch|p2a: Charizard|Charizard-Mega-Y, F|51\/297
|-weather|SunnyDay
|move|p1a: Heatran|Will-O-Wisp|p2a: Charizard
|-fail|p2a: Charizard
|
|-weather|SunnyDay|[upkeep]
|turn|17
|
|move|p2a: Charizard|Roost|p2a: Charizard
|-heal|p2a: Charizard|200\/297
|move|p1a: Heatran|Stealth Rock|p2a: Charizard
|-sidestart|p2: bizarman|move: Stealth Rock
|
|-weather|SunnyDay|[upkeep]
|turn|18
|
|move|p2a: Charizard|Focus Blast|p1a: Heatran
|-supereffective|p1a: Heatran
|-damage|p1a: Heatran|99\/385
|move|p1a: Heatran|Roar|p2a: Charizard
|drag|p2a: Azumarill|Azumarill, M|404\/404
|-damage|p2a: Azumarill|354\/404|[from] Stealth Rock
|
|-weather|SunnyDay|[upkeep]
|turn|19
|
|switch|p1a: Venusaur|Venusaur, M|341\/363
|switch|p2a: Mew|Mew|279\/404 brn
|-damage|p2a: Mew|229\/404 brn|[from] Stealth Rock
|
|-weather|SunnyDay|[upkeep]
|-heal|p2a: Mew|254\/404 brn|[from] item: Leftovers
|-damage|p2a: Mew|204\/404 brn|[from] brn
|turn|20
|
|switch|p1a: Clefable|Clefable, F|394\/394
|move|p2a: Mew|Defog|p1a: Clefable
|-unboost|p1a: Clefable|evasion|1
|-sideend|p2: bizarman|Stealth Rock|[from] move: Defog|[of] p2a: Mew
|
|-weather|none
|-heal|p2a: Mew|229\/404 brn|[from] item: Leftovers
|-damage|p2a: Mew|179\/404 brn|[from] brn
|turn|21
|
|switch|p2a: Scizor|Scizor, F|184\/344
|move|p1a: Clefable|Calm Mind|p1a: Clefable
|-boost|p1a: Clefable|spa|1
|-boost|p1a: Clefable|spd|1
|
|turn|22
|
|switch|p1a: Heatran|Heatran, F|99\/385
|move|p2a: Scizor|Bullet Punch|p1a: Heatran
|-resisted|p1a: Heatran
|-damage|p1a: Heatran|56\/385
|
|turn|23
|
|switch|p2a: Charizard|Charizard-Mega-Y, F|200\/297
|-weather|SunnyDay
|move|p1a: Heatran|Stealth Rock|p2a: Charizard
|-sidestart|p2: bizarman|move: Stealth Rock
|
|-weather|SunnyDay|[upkeep]
|turn|24
|
|move|p2a: Charizard|Focus Blast|p1a: Heatran
|-supereffective|p1a: Heatran
|-damage|p1a: Heatran|0 fnt
|faint|p1a: Heatran
|
|-weather|SunnyDay|[upkeep]
|
|switch|p1a: Azumarill|Azumarill, M|161\/403
|turn|25
|
|switch|p2a: Mew|Mew|179\/404 brn
|-damage|p2a: Mew|129\/404 brn|[from] Stealth Rock
|move|p1a: Azumarill|Aqua Jet|p2a: Mew
|-damage|p2a: Mew|95\/404 brn
|
|-weather|SunnyDay|[upkeep]
|-heal|p2a: Mew|120\/404 brn|[from] item: Leftovers
|-damage|p2a: Mew|70\/404 brn|[from] brn
|turn|26
|
|move|p2a: Mew|Soft-Boiled|p2a: Mew
|-heal|p2a: Mew|272\/404 brn
|move|p1a: Azumarill|Waterfall|p2a: Mew
|-damage|p2a: Mew|206\/404 brn
|
|-weather|SunnyDay|[upkeep]
|-heal|p2a: Mew|231\/404 brn|[from] item: Leftovers
|-damage|p2a: Mew|181\/404 brn|[from] brn
|turn|27
|
|switch|p1a: Clefable|Clefable, F|394\/394
|move|p2a: Mew|Will-O-Wisp|p1a: Clefable
|-status|p1a: Clefable|brn
|
|-weather|none
|-heal|p2a: Mew|206\/404 brn|[from] item: Leftovers
|-damage|p2a: Mew|156\/404 brn|[from] brn
|turn|28
|
|move|p2a: Mew|Defog|p1a: Clefable
|-unboost|p1a: Clefable|evasion|1
|-sideend|p2: bizarman|Stealth Rock|[from] move: Defog|[of] p2a: Mew
|move|p1a: Clefable|Flamethrower|p2a: Mew
|-damage|p2a: Mew|91\/404 brn
|
|-heal|p2a: Mew|116\/404 brn|[from] item: Leftovers
|-damage|p2a: Mew|66\/404 brn|[from] brn
|turn|29
|
|move|p2a: Mew|Soft-Boiled|p2a: Mew
|-heal|p2a: Mew|268\/404 brn
|move|p1a: Clefable|Calm Mind|p1a: Clefable
|-boost|p1a: Clefable|spa|1
|-boost|p1a: Clefable|spd|1
|
|-heal|p2a: Mew|293\/404 brn|[from] item: Leftovers
|-damage|p2a: Mew|243\/404 brn|[from] brn
|turn|30
|
|switch|p2a: Azumarill|Azumarill, M|354\/404
|move|p1a: Clefable|Flamethrower|p2a: Azumarill
|-resisted|p2a: Azumarill
|-damage|p2a: Azumarill|312\/404
|
|turn|31
|
|switch|p2a: Scizor|Scizor, F|184\/344
|move|p1a: Clefable|Moonblast|p2a: Scizor
|-resisted|p2a: Scizor
|-damage|p2a: Scizor|82\/344
|-unboost|p2a: Scizor|spa|1
|
|turn|32
|
|move|p2a: Scizor|Bullet Punch|p1a: Clefable
|-supereffective|p1a: Clefable
|-damage|p1a: Clefable|46\/394 brn
|move|p1a: Clefable|Moonblast|p2a: Scizor
|-resisted|p2a: Scizor
|-damage|p2a: Scizor|0 fnt
|faint|p2a: Scizor
|
|-heal|p1a: Clefable|70\/394 brn|[from] item: Leftovers
|
|switch|p2a: Azumarill|Azumarill, M|312\/404
|turn|33
|
|switch|p1a: Venusaur|Venusaur, M|341\/363
|move|p2a: Azumarill|Aqua Jet|p1a: Venusaur
|-resisted|p1a: Venusaur
|-damage|p1a: Venusaur|301\/363
|
|turn|34
|
|switch|p2a: Mew|Mew|243\/404 brn
|detailschange|p1a: Venusaur|Venusaur-Mega, M
|message|Venusaur has Mega Evolved into Mega Venusaur!
|move|p1a: Venusaur|Sleep Powder|p2a: Mew
|-fail|p2a: Mew
|
|-heal|p2a: Mew|268\/404 brn|[from] item: Leftovers
|-damage|p2a: Mew|218\/404 brn|[from] brn
|turn|35
|
|switch|p1a: Clefable|Clefable, F|70\/394 brn
|move|p2a: Mew|Will-O-Wisp|p1a: Clefable
|-fail|p1a: Clefable|brn
|
|-heal|p2a: Mew|243\/404 brn|[from] item: Leftovers
|-heal|p1a: Clefable|94\/394 brn|[from] item: Leftovers
|-damage|p2a: Mew|193\/404 brn|[from] brn
|turn|36
|
|switch|p2a: Azumarill|Azumarill, M|312\/404
|move|p1a: Clefable|Soft-Boiled|p1a: Clefable
|-heal|p1a: Clefable|291\/394 brn
|
|-heal|p1a: Clefable|315\/394 brn|[from] item: Leftovers
|turn|37
|
|move|p1a: Clefable|Soft-Boiled|p1a: Clefable
|-heal|p1a: Clefable|394\/394 brn
|move|p2a: Azumarill|Waterfall|p1a: Clefable
|-damage|p1a: Clefable|208\/394 brn
|
|-heal|p1a: Clefable|232\/394 brn|[from] item: Leftovers
|turn|38
|
|move|p1a: Clefable|Soft-Boiled|p1a: Clefable
|-heal|p1a: Clefable|394\/394 brn
|move|p2a: Azumarill|Waterfall|p1a: Clefable
|-damage|p1a: Clefable|228\/394 brn
|
|-heal|p1a: Clefable|252\/394 brn|[from] item: Leftovers
|turn|39
|
|switch|p1a: Venusaur|Venusaur-Mega, M|301\/363
|move|p2a: Azumarill|Play Rough|p1a: Venusaur
|-resisted|p1a: Venusaur
|-damage|p1a: Venusaur|235\/363
|
|turn|40
|
|switch|p2a: Mew|Mew|193\/404 brn
|move|p1a: Venusaur|Synthesis|p1a: Venusaur
|-heal|p1a: Venusaur|363\/363
|
|-heal|p2a: Mew|218\/404 brn|[from] item: Leftovers
|-damage|p2a: Mew|168\/404 brn|[from] brn
|turn|41
|
|switch|p2a: Charizard|Charizard-Mega-Y, F|200\/297
|-weather|SunnyDay
|switch|p1a: Clefable|Clefable, F|252\/394 brn
|
|-weather|SunnyDay|[upkeep]
|-heal|p1a: Clefable|276\/394 brn|[from] item: Leftovers
|turn|42
|
|switch|p1a: Azumarill|Azumarill, M|161\/403
|move|p2a: Charizard|Flamethrower|p1a: Azumarill
|-resisted|p1a: Azumarill
|-damage|p1a: Azumarill|56\/403
|
|-weather|SunnyDay|[upkeep]
|turn|43
|
|move|p1a: Azumarill|Aqua Jet|p2a: Charizard
|-supereffective|p2a: Charizard
|-damage|p2a: Charizard|90\/297
|move|p2a: Charizard|Roost|p2a: Charizard
|-heal|p2a: Charizard|239\/297
|
|-weather|SunnyDay|[upkeep]
|turn|44
|
|switch|p2a: Mew|Mew|168\/404 brn
|move|p1a: Azumarill|Aqua Jet|p2a: Mew
|-damage|p2a: Mew|134\/404 brn
|
|-weather|SunnyDay|[upkeep]
|-heal|p2a: Mew|159\/404 brn|[from] item: Leftovers
|-damage|p2a: Mew|109\/404 brn|[from] brn
|turn|45
|
|switch|p1a: Clefable|Clefable, F|276\/394 brn
|move|p2a: Mew|Soft-Boiled|p2a: Mew
|-heal|p2a: Mew|311\/404 brn
|
|-weather|none
|-heal|p2a: Mew|336\/404 brn|[from] item: Leftovers
|-heal|p1a: Clefable|300\/394 brn|[from] item: Leftovers
|-damage|p2a: Mew|286\/404 brn|[from] brn
|turn|46
|
|move|p2a: Mew|Knock Off|p1a: Clefable
|-resisted|p1a: Clefable
|-damage|p1a: Clefable|283\/394 brn
|-enditem|p1a: Clefable|Leftovers|[from] move: Knock Off|[of] p2a: Mew
|move|p1a: Clefable|Calm Mind|p1a: Clefable
|-boost|p1a: Clefable|spa|1
|-boost|p1a: Clefable|spd|1
|
|-heal|p2a: Mew|311\/404 brn|[from] item: Leftovers
|-damage|p2a: Mew|261\/404 brn|[from] brn
|turn|47
|
|switch|p2a: Tyranitar|Tyranitar, M|342\/342
|-weather|Sandstorm
|move|p1a: Clefable|Calm Mind|p1a: Clefable
|-boost|p1a: Clefable|spa|1
|-boost|p1a: Clefable|spd|1
|
|-weather|Sandstorm|[upkeep]
|turn|48
|
|move|p2a: Tyranitar|Stone Edge|p1a: Clefable
|-damage|p1a: Clefable|94\/394 brn
|move|p1a: Clefable|Soft-Boiled|p1a: Clefable
|-heal|p1a: Clefable|291\/394 brn
|
|-weather|Sandstorm|[upkeep]
|turn|49
|
|move|p2a: Tyranitar|Stone Edge|p1a: Clefable
|-damage|p1a: Clefable|86\/394 brn
|move|p1a: Clefable|Soft-Boiled|p1a: Clefable
|-heal|p1a: Clefable|283\/394 brn
|
|-weather|Sandstorm|[upkeep]
|turn|50
|
|switch|p2a: Thundurus|Thundurus, M|207\/300
|move|p1a: Clefable|Soft-Boiled|p1a: Clefable
|-heal|p1a: Clefable|394\/394 brn
|
|-weather|Sandstorm|[upkeep]
|-damage|p2a: Thundurus|189\/300|[from] sandstorm
|turn|51
|
|move|p2a: Thundurus|Taunt|p1a: Clefable
|-start|p1a: Clefable|move: Taunt
|cant|p1a: Clefable|move: Taunt|Calm Mind
|
|-weather|none
|turn|52
|
|switch|p2a: Azumarill|Azumarill, M|312\/404
|move|p1a: Clefable|Moonblast|p2a: Azumarill
|-damage|p2a: Azumarill|141\/404
|
|turn|53
|
|move|p1a: Clefable|Moonblast|p2a: Azumarill
|-damage|p2a: Azumarill|0 fnt
|faint|p2a: Azumarill
|
|-end|p1a: Clefable|move: Taunt
|
|switch|p2a: Tyranitar|Tyranitar, M|342\/342
|-weather|Sandstorm
|turn|54
|
|move|p2a: Tyranitar|Stone Edge|p1a: Clefable
|-damage|p1a: Clefable|210\/394 brn
|move|p1a: Clefable|Calm Mind|p1a: Clefable
|-boost|p1a: Clefable|spa|1
|-boost|p1a: Clefable|spd|1
|
|-weather|Sandstorm|[upkeep]
|turn|55
|
|move|p2a: Tyranitar|Stone Edge|p1a: Clefable|[miss]
|-miss|p2a: Tyranitar|p1a: Clefable
|move|p1a: Clefable|Soft-Boiled|p1a: Clefable
|-heal|p1a: Clefable|394\/394 brn
|
|-weather|Sandstorm|[upkeep]
|turn|56
|chat|bizarman|gg$
|
|move|p2a: Tyranitar|Stone Edge|p1a: Clefable
|-damage|p1a: Clefable|214\/394 brn
|move|p1a: Clefable|Moonblast|p2a: Tyranitar
|-supereffective|p2a: Tyranitar
|-damage|p2a: Tyranitar|0 fnt
|faint|p2a: Tyranitar
|
|-weather|Sandstorm|[upkeep]
|
|switch|p2a: Charizard|Charizard-Mega-Y, F|239\/297
|-weather|SunnyDay
|turn|57
|
|move|p2a: Charizard|Flamethrower|p1a: Clefable
|-damage|p1a: Clefable|112\/394 brn
|move|p1a: Clefable|Soft-Boiled|p1a: Clefable
|-heal|p1a: Clefable|309\/394 brn
|
|-weather|SunnyDay|[upkeep]
|turn|58
|chat|Neo AE|well if u crit i lose
|
|move|p2a: Charizard|Flamethrower|p1a: Clefable
|-damage|p1a: Clefable|215\/394 brn
|move|p1a: Clefable|Soft-Boiled|p1a: Clefable
|-heal|p1a: Clefable|394\/394 brn
|
|-weather|SunnyDay|[upkeep]
|turn|59
|
|move|p2a: Charizard|Flamethrower|p1a: Clefable
|-damage|p1a: Clefable|295\/394 brn
|move|p1a: Clefable|Moonblast|p2a: Charizard
|-resisted|p2a: Charizard
|-damage|p2a: Charizard|122\/297
|-unboost|p2a: Charizard|spa|1
|
|-weather|SunnyDay|[upkeep]
|turn|60
|
|move|p2a: Charizard|Roost|p2a: Charizard
|-heal|p2a: Charizard|271\/297
|move|p1a: Clefable|Moonblast|p2a: Charizard
|-resisted|p2a: Charizard
|-damage|p2a: Charizard|157\/297
|
|-weather|SunnyDay|[upkeep]
|turn|61
|
|switch|p2a: Thundurus|Thundurus, M|189\/300
|move|p1a: Clefable|Moonblast|p2a: Thundurus
|-damage|p2a: Thundurus|0 fnt
|faint|p2a: Thundurus
|
|-weather|none
|
|switch|p2a: Charizard|Charizard-Mega-Y, F|157\/297
|-weather|SunnyDay
|turn|62
|
|move|p2a: Charizard|Flamethrower|p1a: Clefable
|-damage|p1a: Clefable|193\/394 brn
|move|p1a: Clefable|Moonblast|p2a: Charizard
|-resisted|p2a: Charizard
|-damage|p2a: Charizard|47\/297
|
|-weather|SunnyDay|[upkeep]
|turn|63
|
|move|p2a: Charizard|Roost|p2a: Charizard
|-heal|p2a: Charizard|196\/297
|move|p1a: Clefable|Soft-Boiled|p1a: Clefable
|-heal|p1a: Clefable|390\/394 brn
|
|-weather|SunnyDay|[upkeep]
|turn|64
|
|move|p2a: Charizard|Flamethrower|p1a: Clefable
|-damage|p1a: Clefable|293\/394 brn
|move|p1a: Clefable|Calm Mind|p1a: Clefable
|-boost|p1a: Clefable|spa|1
|-boost|p1a: Clefable|spd|1
|
|-weather|SunnyDay|[upkeep]
|turn|65
|
|move|p2a: Charizard|Flamethrower|p1a: Clefable
|-damage|p1a: Clefable|212\/394 brn
|move|p1a: Clefable|Moonblast|p2a: Charizard
|-crit|p2a: Charizard
|-resisted|p2a: Charizard
|-damage|p2a: Charizard|0 fnt
|faint|p2a: Charizard
|
|-weather|SunnyDay|[upkeep]
|chat|Neo AE|well gg
|
|switch|p2a: Mew|Mew|261\/404 brn
|turn|66
|
|move|p2a: Mew|Knock Off|p1a: Clefable
|-resisted|p1a: Clefable
|-damage|p1a: Clefable|201\/394 brn
|move|p1a: Clefable|Moonblast|p2a: Mew
|-damage|p2a: Mew|0 fnt
|faint|p2a: Mew
|
|win|Neo AE
|raw|Ladder updating...
|raw|Neo AE's rating: 1797 &rarr; <strong>1810<\/strong><br \/>(+13 for winning)
|raw|bizarman's rating: 1668 &rarr; <strong>1655<\/strong><br \/>(-13 for losing)
|leave|bizarman
|player|p2