|join|0fb7w3r9ng37q5m7x1
|join|Neo AE
|player|p1|0fb7w3r9ng37q5m7x1|167
|player|p2|Neo AE|153
|gametype|singles
|gen|6
|tier|OU
|rated
|clearpoke
|poke|p1|Azelf
|poke|p1|Gorebyss, M
|poke|p1|Bisharp, M
|poke|p1|Dragonite, F
|poke|p1|Ampharos, F
|poke|p1|Victini
|poke|p2|Venusaur, F
|poke|p2|Clefable, F
|poke|p2|Heatran, M
|poke|p2|Mandibuzz, F
|poke|p2|Azumarill, F
|poke|p2|Landorus, M
|rule|Swagger Clause: Swagger is banned
|rule|Baton Pass Clause: Limit one PokÃ©mon knowing Baton Pass
|rule|Sleep Clause Mod: Limit one foe put to sleep
|rule|Species Clause: Limit one of each PokÃ©mon
|rule|OHKO Clause: OHKO moves are banned
|rule|Moody Clause: Moody is banned
|rule|Evasion Moves Clause: Evasion moves are banned
|rule|Endless Battle Clause: Forcing endless battles is banned
|rule|HP Percentage Mod: HP is reported as percentages
|teampreview
|join|cmaosodisjh
|
|start
|switch|p1a: Victini|Victini|404\/404
|switch|p2a: Landorus|Landorus, M|320\/320
|turn|1
|chat|cmaosodisjh|what
|chat|0fb7w3r9ng37q5m7x1|?
|
|move|p1a: Victini|Final Gambit|p2a: Landorus
|-damage|p2a: Landorus|0 fnt
|faint|p1a: Victini
|faint|p2a: Landorus
|
|chat|cmaosodisjh|wow
|chat|cmaosodisjh|u have an interesting team...
|chat|0fb7w3r9ng37q5m7x1|thanks?
|
|switch|p1a: Azelf|Azelf|354\/354
|switch|p2a: Azumarill|Azumarill, F|404\/404
|turn|2
|
|move|p1a: Azelf|Reflect|p1a: Azelf
|-sidestart|p1: 0fb7w3r9ng37q5m7x1|Reflect
|move|p2a: Azumarill|Play Rough|p1a: Azelf|[miss]
|-miss|p2a: Azumarill|p1a: Azelf
|
|turn|3
|chat|Neo AE|srsly
|
|move|p1a: Azelf|Stealth Rock|p2a: Azumarill
|-sidestart|p2: Neo AE|move: Stealth Rock
|move|p2a: Azumarill|Play Rough|p1a: Azelf
|-damage|p1a: Azelf|233\/354
|
|turn|4
|chat|cmaosodisjh|didnt matter brah
|chat|Neo AE|ofcuz it did
|
|move|p1a: Azelf|Light Screen|p1a: Azelf
|-sidestart|p1: 0fb7w3r9ng37q5m7x1|move: Light Screen
|move|p2a: Azumarill|Play Rough|p1a: Azelf
|-damage|p1a: Azelf|101\/354
|
|turn|5
|
|move|p1a: Azelf|Taunt|p2a: Azumarill
|-start|p2a: Azumarill|move: Taunt
|move|p2a: Azumarill|Waterfall|p1a: Azelf
|-damage|p1a: Azelf|0 fnt
|faint|p1a: Azelf
|
|chat|cmaosodisjh|explosion if real
|
|switch|p1a: Gorebyss|Gorebyss, M|314\/314
|turn|6
|chat|cmaosodisjh|:(
|
|switch|p2a: Venusaur|Venusaur, F|364\/364
|-damage|p2a: Venusaur|319\/364|[from] Stealth Rock
|move|p1a: Gorebyss|Shell Smash|p1a: Gorebyss
|-boost|p1a: Gorebyss|atk|2
|-boost|p1a: Gorebyss|spa|2
|-boost|p1a: Gorebyss|spe|2
|-unboost|p1a: Gorebyss|def|1
|-unboost|p1a: Gorebyss|spd|1
|-enditem|p1a: Gorebyss|White Herb
|-restoreboost|p1a: Gorebyss|[silent]
|
|turn|7
|
|detailschange|p2a: Venusaur|Venusaur-Mega, F
|message|Venusaur has Mega Evolved into Mega Venusaur!
|move|p1a: Gorebyss|Substitute|p1a: Gorebyss
|-start|p1a: Gorebyss|Substitute
|-damage|p1a: Gorebyss|236\/314
|move|p2a: Venusaur|Sleep Powder|p1a: Gorebyss
|
|turn|8
|
|switch|p2a: Heatran|Heatran, M|386\/386
|-damage|p2a: Heatran|338\/386|[from] Stealth Rock
|move|p1a: Gorebyss|Baton Pass|p1a: Gorebyss
|chat|cmaosodisjh|gg
|
|switch|p1a: Ampharos|Ampharos, F|321\/321
|
|-heal|p2a: Heatran|362\/386|[from] item: Leftovers
|turn|9
|
|detailschange|p1a: Ampharos|Ampharos-Mega, F
|message|Ampharos has Mega Evolved into Mega Ampharos!
|-ability|p1a: Ampharos|Mold Breaker
|move|p1a: Ampharos|Thunderbolt|p2a: Heatran
|-damage|p2a: Heatran|52\/386
|-status|p2a: Heatran|par
|move|p2a: Heatran|Roar|p1a: Ampharos
|drag|p1a: Bisharp|Bisharp, M|271\/271
|
|-heal|p2a: Heatran|76\/386 par|[from] item: Leftovers
|-sideend|p1: 0fb7w3r9ng37q5m7x1|Reflect
|turn|10
|chat|cmaosodisjh|haha nice stratefy
|chat|cmaosodisjh|ouh
|chat|0fb7w3r9ng37q5m7x1|damn
|chat|Neo AE|nice gg
|
|move|p1a: Bisharp|Knock Off|p2a: Heatran
|-damage|p2a: Heatran|0 fnt
|-enditem|p2a: Heatran|Leftovers|[from] move: Knock Off|[of] p1a: Bisharp
|faint|p2a: Heatran
|
|chat|cmaosodisjh|ampharos weak
|chat|Neo AE|heatran is almost full spz def lol
|chat|cmaosodisjh|it shud be
|
|switch|p2a: Venusaur|Venusaur-Mega, F|319\/364
|-damage|p2a: Venusaur|274\/364|[from] Stealth Rock
|turn|11
|
|move|p1a: Bisharp|Iron Head|p2a: Venusaur
|-damage|p2a: Venusaur|178\/364
|cant|p2a: Venusaur|flinch
|
|-sideend|p1: 0fb7w3r9ng37q5m7x1|move: Light Screen
|turn|12
|chat|cmaosodisjh|ouh
|chat|Neo AE|if i get another flinch
|chat|cmaosodisjh|flinch spam might win
|
|move|p1a: Bisharp|Iron Head|p2a: Venusaur
|-damage|p2a: Venusaur|87\/364
|move|p2a: Venusaur|Synthesis|p2a: Venusaur
|-heal|p2a: Venusaur|269\/364
|
|turn|13
|chat|Neo AE|ill rage
|chat|cmaosodisjh|haha
|
|move|p1a: Bisharp|Iron Head|p2a: Venusaur
|-damage|p2a: Venusaur|167\/364
|move|p2a: Venusaur|Sleep Powder|p1a: Bisharp
|-status|p1a: Bisharp|slp
|
|turn|14
|chat|cmaosodisjh|1 turn sleep incoming
|
|cant|p1a: Bisharp|slp
|move|p2a: Venusaur|Synthesis|p2a: Venusaur
|-heal|p2a: Venusaur|349\/364
|
|turn|15
|chat|Neo AE|yh
|
|cant|p1a: Bisharp|slp
|move|p2a: Venusaur|Giga Drain|p1a: Bisharp
|-resisted|p1a: Bisharp
|-damage|p1a: Bisharp|205\/271 slp
|-heal|p2a: Venusaur|364\/364|[from] drain|[of] p1a: Bisharp
|
|turn|16
|
|switch|p1a: Dragonite|Dragonite, F|323\/323
|move|p2a: Venusaur|Giga Drain|p1a: Dragonite
|-resisted|p1a: Dragonite
|-damage|p1a: Dragonite|309\/323
|
|turn|17
|
|switch|p2a: Clefable|Clefable, F|394\/394
|move|p1a: Dragonite|Dragon Dance|p1a: Dragonite
|-boost|p1a: Dragonite|atk|1
|-boost|p1a: Dragonite|spe|1
|
|turn|18
|
|move|p1a: Dragonite|Earthquake|p2a: Clefable
|-damage|p2a: Clefable|225\/394
|move|p2a: Clefable|Moonblast|p1a: Dragonite
|-supereffective|p1a: Dragonite
|-damage|p1a: Dragonite|109\/323
|
|-heal|p2a: Clefable|249\/394|[from] item: Leftovers
|turn|19
|chat|0fb7w3r9ng37q5m7x1|weak af
|chat|cmaosodisjh|wow
|
|move|p1a: Dragonite|Earthquake|p2a: Clefable
|-damage|p2a: Clefable|69\/394
|move|p2a: Clefable|Moonblast|p1a: Dragonite
|-supereffective|p1a: Dragonite
|-damage|p1a: Dragonite|0 fnt
|faint|p1a: Dragonite
|
|-heal|p2a: Clefable|93\/394|[from] item: Leftovers
|chat|cmaosodisjh|it tanked that just so well
|chat|Neo AE|clefable is stronger than u think lol
|
|switch|p1a: Bisharp|Bisharp, M|205\/271 slp
|turn|20
|chat|cmaosodisjh|stronger -> bulkier
|chat|Neo AE|not just bulky lol
|
|-curestatus|p1a: Bisharp|slp
|move|p1a: Bisharp|Iron Head|p2a: Clefable
|-supereffective|p2a: Clefable
|-damage|p2a: Clefable|0 fnt
|faint|p2a: Clefable
|
|chat|cmaosodisjh|well
|
|switch|p2a: Mandibuzz|Mandibuzz, F|362\/362
|-damage|p2a: Mandibuzz|272\/362|[from] Stealth Rock
|turn|21
|chat|cmaosodisjh|95 spa is decent
|chat|cmaosodisjh|non invested its kinda weak
|chat|Neo AE|it can boost
|
|switch|p1a: Gorebyss|Gorebyss, M|236\/314
|move|p2a: Mandibuzz|Foul Play|p1a: Gorebyss
|-damage|p1a: Gorebyss|176\/314
|
|turn|22
|chat|cmaosodisjh|i know
|
|move|p2a: Mandibuzz|Taunt|p1a: Gorebyss
|-start|p1a: Gorebyss|move: Taunt
|cant|p1a: Gorebyss|move: Taunt|Substitute
|
|turn|23
|chat|cmaosodisjh|geomancy
|chat|cmaosodisjh|:D
|chat|Neo AE|lol
|
|switch|p1a: Ampharos|Ampharos-Mega, F|321\/321
|-ability|p1a: Ampharos|Mold Breaker
|move|p2a: Mandibuzz|Foul Play|p1a: Ampharos
|-damage|p1a: Ampharos|221\/321
|
|turn|24
|chat|Neo AE|i wish lol
|
|move|p2a: Mandibuzz|Foul Play|p1a: Ampharos
|-damage|p1a: Ampharos|131\/321
|move|p1a: Ampharos|Thunderbolt|p2a: Mandibuzz
|-supereffective|p2a: Mandibuzz
|-damage|p2a: Mandibuzz|0 fnt
|faint|p2a: Mandibuzz
|
|
|switch|p2a: Azumarill|Azumarill, F|404\/404
|-damage|p2a: Azumarill|354\/404|[from] Stealth Rock
|turn|25
|
|move|p1a: Ampharos|Thunderbolt|p2a: Azumarill
|-supereffective|p2a: Azumarill
|-damage|p2a: Azumarill|22\/404
|move|p2a: Azumarill|Play Rough|p1a: Ampharos
|-crit|p1a: Ampharos
|-supereffective|p1a: Ampharos
|-damage|p1a: Ampharos|0 fnt
|faint|p1a: Ampharos
|
|
|switch|p1a: Gorebyss|Gorebyss, M|176\/314
|turn|26
|
|move|p1a: Gorebyss|Substitute|p1a: Gorebyss
|-start|p1a: Gorebyss|Substitute
|-damage|p1a: Gorebyss|98\/314
|move|p2a: Azumarill|Superpower|p1a: Gorebyss
|-end|p1a: Gorebyss|Substitute
|-unboost|p2a: Azumarill|atk|1
|-unboost|p2a: Azumarill|def|1
|
|turn|27
|
|move|p1a: Gorebyss|Shell Smash|p1a: Gorebyss
|-boost|p1a: Gorebyss|atk|2
|-boost|p1a: Gorebyss|spa|2
|-boost|p1a: Gorebyss|spe|2
|-unboost|p1a: Gorebyss|def|1
|-unboost|p1a: Gorebyss|spd|1
|move|p2a: Azumarill|Superpower|p1a: Gorebyss
|-damage|p1a: Gorebyss|0 fnt
|-unboost|p2a: Azumarill|atk|1
|-unboost|p2a: Azumarill|def|1
|faint|p1a: Gorebyss
|
|chat|cmaosodisjh|wow
|
|switch|p1a: Bisharp|Bisharp, M|205\/271
|turn|28
|
|move|p2a: Azumarill|Aqua Jet|p1a: Bisharp
|-damage|p1a: Bisharp|160\/271
|move|p1a: Bisharp|Iron Head|p2a: Azumarill
|-damage|p2a: Azumarill|0 fnt
|faint|p2a: Azumarill
|
|chat|Neo AE|if  i dont get flinched every turn
|chat|Neo AE|i win
|chat|cmaosodisjh|av sharpd be cool
|
|switch|p2a: Venusaur|Venusaur-Mega, F|364\/364
|-damage|p2a: Venusaur|319\/364|[from] Stealth Rock
|turn|29
|
|move|p1a: Bisharp|Iron Head|p2a: Venusaur
|-damage|p2a: Venusaur|223\/364
|move|p2a: Venusaur|Sleep Powder|p1a: Bisharp
|-status|p1a: Bisharp|slp
|
|turn|30
|chat|cmaosodisjh|yea
|
|cant|p1a: Bisharp|slp
|move|p2a: Venusaur|Giga Drain|p1a: Bisharp
|-resisted|p1a: Bisharp
|-damage|p1a: Bisharp|85\/271 slp
|-heal|p2a: Venusaur|261\/364|[from] drain|[of] p1a: Bisharp
|
|turn|31
|
|cant|p1a: Bisharp|slp
|move|p2a: Venusaur|Giga Drain|p1a: Bisharp
|-resisted|p1a: Bisharp
|-damage|p1a: Bisharp|16\/271 slp
|-heal|p2a: Venusaur|296\/364|[from] drain|[of] p1a: Bisharp
|
|turn|32
|
|-curestatus|p1a: Bisharp|slp
|move|p1a: Bisharp|Iron Head|p2a: Venusaur
|-crit|p2a: Venusaur
|-damage|p2a: Venusaur|160\/364
|cant|p2a: Venusaur|flinch
|
|turn|33
|chat|cmaosodisjh|ouch
|chat|Neo AE|omg
|chat|cmaosodisjh|haha
|chat|Neo AE|dont u dare
|chat|cmaosodisjh|the exitement is real
|chat|0fb7w3r9ng37q5m7x1|one more
|
|move|p1a: Bisharp|Iron Head|p2a: Venusaur
|-damage|p2a: Venusaur|52\/364
|move|p2a: Venusaur|Giga Drain|p1a: Bisharp
|-resisted|p1a: Bisharp
|-damage|p1a: Bisharp|0 fnt
|-heal|p2a: Venusaur|60\/364|[from] drain|[of] p1a: Bisharp
|faint|p1a: Bisharp
|
|win|Neo AE
|raw|Ladder updating...
|raw|0fb7w3r9ng37q5m7x1's rating: 1854 &rarr; <strong>1831<\/strong><br \/>(-23 for losing)
|raw|Neo AE's rating: 1798 &rarr; <strong>1821<\/strong><br \/>(+23 for winning)
|chat|Neo AE|phewww
|chat|cmaosodisjh|oml gg
|chat|Neo AE|gg
|chat|0fb7w3r9ng37q5m7x1|gg
|leave|0fb7w3r9ng37q5m7x1
|player|p1