|join|Starfall11
|join|Neo AE
|player|p1|Starfall11|101
|player|p2|Neo AE|153
|gametype|singles
|gen|6
|tier|OU
|rated
|clearpoke
|poke|p1|Absol, M
|poke|p1|Gallade, M
|poke|p1|Aegislash, M
|poke|p1|Jolteon, M
|poke|p1|Keldeo-Resolute
|poke|p1|Ferrothorn, M
|poke|p2|Venusaur, M
|poke|p2|Rotom-Wash
|poke|p2|Heatran, M
|poke|p2|Mandibuzz, F
|poke|p2|Azumarill, F
|poke|p2|Landorus, M
|rule|Swagger Clause: Swagger is banned
|rule|Baton Pass Clause: Limit one PokÃ©mon knowing Baton Pass
|rule|Sleep Clause Mod: Limit one foe put to sleep
|rule|Species Clause: Limit one of each PokÃ©mon
|rule|OHKO Clause: OHKO moves are banned
|rule|Moody Clause: Moody is banned
|rule|Evasion Moves Clause: Evasion moves are banned
|rule|Endless Battle Clause: Forcing endless battles is banned
|rule|HP Percentage Mod: HP is reported as percentages
|teampreview
|
|start
|switch|p1a: Ferrothorn|Ferrothorn, M|352\/352
|switch|p2a: Heatran|Heatran, M|386\/386
|turn|1
|
|move|p2a: Heatran|Stealth Rock|p1a: Ferrothorn
|-sidestart|p1: Starfall11|move: Stealth Rock
|move|p1a: Ferrothorn|Stealth Rock|p2a: Heatran
|-sidestart|p2: Neo AE|move: Stealth Rock
|
|turn|2
|
|switch|p1a: Keldeo-Resolute|Keldeo-Resolute|322\/322
|-damage|p1a: Keldeo-Resolute|302\/322|[from] Stealth Rock
|move|p2a: Heatran|Toxic|p1a: Keldeo-Resolute
|-status|p1a: Keldeo-Resolute|tox
|
|-damage|p1a: Keldeo-Resolute|282\/322 tox|[from] psn
|turn|3
|
|switch|p2a: Venusaur|Venusaur, M|364\/364
|-damage|p2a: Venusaur|319\/364|[from] Stealth Rock
|move|p1a: Keldeo-Resolute|Hydro Pump|p2a: Venusaur|[miss]
|-miss|p1a: Keldeo-Resolute|p2a: Venusaur
|
|-damage|p1a: Keldeo-Resolute|242\/322 tox|[from] psn
|turn|4
|
|switch|p1a: Aegislash|Aegislash, M|261\/261
|-damage|p1a: Aegislash|245\/261|[from] Stealth Rock
|-item|p1a: Aegislash|Air Balloon
|move|p2a: Venusaur|Giga Drain|p1a: Aegislash
|-resisted|p1a: Aegislash
|-damage|p1a: Aegislash|212\/261
|-heal|p2a: Venusaur|336\/364|[from] drain|[of] p1a: Aegislash
|-enditem|p1a: Aegislash|Air Balloon
|
|turn|5
|
|detailschange|p2a: Venusaur|Venusaur-Mega, M
|message|Venusaur has Mega Evolved into Mega Venusaur!
|-formechange|p1a: Aegislash|Aegislash-Blade
|move|p1a: Aegislash|Flash Cannon|p2a: Venusaur
|-damage|p2a: Venusaur|209\/364
|move|p2a: Venusaur|Leech Seed|p1a: Aegislash
|-start|p1a: Aegislash|move: Leech Seed
|
|-damage|p1a: Aegislash|180\/261|[from] Leech Seed|[of] p2a: Venusaur
|-heal|p2a: Venusaur|241\/364|[silent]
|turn|6
|
|switch|p1a: Ferrothorn|Ferrothorn, M|352\/352
|-damage|p1a: Ferrothorn|330\/352|[from] Stealth Rock
|move|p2a: Venusaur|Synthesis|p2a: Venusaur
|-heal|p2a: Venusaur|364\/364
|
|turn|7
|
|switch|p2a: Heatran|Heatran, M|386\/386
|-damage|p2a: Heatran|338\/386|[from] Stealth Rock
|move|p1a: Ferrothorn|Leech Seed|p2a: Heatran
|-start|p2a: Heatran|move: Leech Seed
|
|-heal|p2a: Heatran|362\/386|[from] item: Leftovers
|-damage|p2a: Heatran|314\/386|[from] Leech Seed|[of] p1a: Ferrothorn
|-heal|p1a: Ferrothorn|352\/352|[silent]
|turn|8
|
|move|p1a: Ferrothorn|Protect|p1a: Ferrothorn
|-singleturn|p1a: Ferrothorn|Protect
|move|p2a: Heatran|Lava Plume|p1a: Ferrothorn
|-activate|p1a: Ferrothorn|Protect
|
|-heal|p2a: Heatran|338\/386|[from] item: Leftovers
|-damage|p2a: Heatran|290\/386|[from] Leech Seed|[of] p1a: Ferrothorn
|turn|9
|
|switch|p1a: Keldeo-Resolute|Keldeo-Resolute|242\/322 tox
|-damage|p1a: Keldeo-Resolute|222\/322 tox|[from] Stealth Rock
|move|p2a: Heatran|Lava Plume|p1a: Keldeo-Resolute
|-resisted|p1a: Keldeo-Resolute
|-damage|p1a: Keldeo-Resolute|156\/322 tox
|
|-heal|p2a: Heatran|314\/386|[from] item: Leftovers
|-damage|p2a: Heatran|266\/386|[from] Leech Seed|[of] p1a: Keldeo-Resolute
|-heal|p1a: Keldeo-Resolute|204\/322 tox|[silent]
|-damage|p1a: Keldeo-Resolute|184\/322 tox|[from] psn
|turn|10
|
|switch|p2a: Venusaur|Venusaur-Mega, M|364\/364
|-damage|p2a: Venusaur|319\/364|[from] Stealth Rock
|move|p1a: Keldeo-Resolute|Hidden Power|p2a: Venusaur
|-supereffective|p2a: Venusaur
|-damage|p2a: Venusaur|161\/364
|
|-damage|p1a: Keldeo-Resolute|144\/322 tox|[from] psn
|turn|11
|
|move|p1a: Keldeo-Resolute|Hidden Power|p2a: Venusaur
|-supereffective|p2a: Venusaur
|-damage|p2a: Venusaur|0 fnt
|faint|p2a: Venusaur
|
|-damage|p1a: Keldeo-Resolute|84\/322 tox|[from] psn
|
|switch|p2a: Rotom-Wash|Rotom-Wash|304\/304
|-damage|p2a: Rotom-Wash|266\/304|[from] Stealth Rock
|turn|12
|
|move|p1a: Keldeo-Resolute|Hidden Power|p2a: Rotom-Wash
|-resisted|p2a: Rotom-Wash
|-damage|p2a: Rotom-Wash|219\/304
|move|p2a: Rotom-Wash|Volt Switch|p1a: Keldeo-Resolute
|-supereffective|p1a: Keldeo-Resolute
|-damage|p1a: Keldeo-Resolute|0 fnt
|faint|p1a: Keldeo-Resolute
|
|switch|p2a: Landorus|Landorus, M|320\/320
|-damage|p2a: Landorus|280\/320|[from] Stealth Rock
|
|
|switch|p1a: Gallade|Gallade, M|340\/340
|-damage|p1a: Gallade|319\/340|[from] Stealth Rock
|turn|13
|
|switch|p2a: Azumarill|Azumarill, F|404\/404
|-damage|p2a: Azumarill|354\/404|[from] Stealth Rock
|move|p1a: Gallade|Ice Punch|p2a: Azumarill
|-resisted|p2a: Azumarill
|-damage|p2a: Azumarill|293\/404
|
|turn|14
|
|switch|p1a: Ferrothorn|Ferrothorn, M|352\/352
|-damage|p1a: Ferrothorn|330\/352|[from] Stealth Rock
|move|p2a: Azumarill|Superpower|p1a: Ferrothorn
|-crit|p1a: Ferrothorn
|-supereffective|p1a: Ferrothorn
|-damage|p1a: Ferrothorn|0 fnt
|-damage|p2a: Azumarill|243\/404|[from] ability: Iron Barbs|[of] p1a: Ferrothorn
|-damage|p2a: Azumarill|176\/404|[from] item: Rocky Helmet|[of] p1a: Ferrothorn
|-unboost|p2a: Azumarill|atk|1
|-unboost|p2a: Azumarill|def|1
|faint|p1a: Ferrothorn
|
|
|switch|p1a: Aegislash|Aegislash, M|180\/261
|-damage|p1a: Aegislash|164\/261|[from] Stealth Rock
|turn|15
|
|switch|p2a: Mandibuzz|Mandibuzz, F|424\/424
|-damage|p2a: Mandibuzz|318\/424|[from] Stealth Rock
|-formechange|p1a: Aegislash|Aegislash-Blade
|move|p1a: Aegislash|Flash Cannon|p2a: Mandibuzz
|-damage|p2a: Mandibuzz|161\/424
|-unboost|p2a: Mandibuzz|spd|1
|
|turn|16
|
|move|p1a: Aegislash|Flash Cannon|p2a: Mandibuzz
|-damage|p2a: Mandibuzz|0 fnt
|faint|p2a: Mandibuzz
|
|
|switch|p2a: Landorus|Landorus, M|280\/320
|-damage|p2a: Landorus|240\/320|[from] Stealth Rock
|turn|17
|
|switch|p1a: Gallade|Gallade, M|319\/340
|-damage|p1a: Gallade|298\/340|[from] Stealth Rock
|move|p2a: Landorus|Earth Power|p1a: Gallade
|-damage|p1a: Gallade|152\/340
|
|turn|18
|
|switch|p2a: Rotom-Wash|Rotom-Wash|219\/304
|-damage|p2a: Rotom-Wash|181\/304|[from] Stealth Rock
|move|p1a: Gallade|Zen Headbutt|p2a: Rotom-Wash
|-damage|p2a: Rotom-Wash|66\/304
|
|-heal|p2a: Rotom-Wash|85\/304|[from] item: Leftovers
|turn|19
|
|move|p2a: Rotom-Wash|Volt Switch|p1a: Gallade
|-damage|p1a: Gallade|101\/340
|
|switch|p2a: Heatran|Heatran, M|266\/386
|-damage|p2a: Heatran|218\/386|[from] Stealth Rock
|move|p1a: Gallade|Drain Punch|p2a: Heatran
|-supereffective|p2a: Heatran
|-damage|p2a: Heatran|0 fnt
|-heal|p1a: Gallade|210\/340|[from] drain|[of] p2a: Heatran
|faint|p2a: Heatran
|
|
|switch|p2a: Azumarill|Azumarill, F|176\/404
|-damage|p2a: Azumarill|126\/404|[from] Stealth Rock
|turn|20
|
|move|p1a: Gallade|Zen Headbutt|p2a: Azumarill
|-damage|p2a: Azumarill|0 fnt
|faint|p2a: Azumarill
|
|
|switch|p2a: Landorus|Landorus, M|240\/320
|-damage|p2a: Landorus|200\/320|[from] Stealth Rock
|turn|21
|
|move|p2a: Landorus|Earth Power|p1a: Gallade
|-damage|p1a: Gallade|49\/340
|move|p1a: Gallade|Ice Punch|p2a: Landorus
|-supereffective|p2a: Landorus
|-damage|p2a: Landorus|0 fnt
|faint|p2a: Landorus
|
|-message|Neo AE forfeited.
|
|win|Starfall11
|raw|Ladder updating...
|leave|Neo AE
|player|p2
|raw|Starfall11's rating: 1669 &rarr; <strong>1694<\/strong><br \/>(+25 for winning)
|raw|Neo AE's rating: 1741 &rarr; <strong>1717<\/strong><br \/>(-24 for losing)
|chat|Starfall11|gg