|join|Neo AE
|join|Bad Selection
|player|p1|Neo AE|153
|player|p2|Bad Selection|163
|gametype|singles
|gen|6
|tier|OU
|rated
|clearpoke
|poke|p1|Venusaur, M
|poke|p1|Clefable, M
|poke|p1|Heatran, F
|poke|p1|Mandibuzz, F
|poke|p1|Azumarill, F
|poke|p1|Landorus, M
|poke|p2|Ferrothorn, M
|poke|p2|Heatran, M
|poke|p2|Azumarill, M
|poke|p2|Latios, M
|poke|p2|Rotom-Wash
|poke|p2|Landorus-Therian, M
|rule|Swagger Clause: Swagger is banned
|rule|Baton Pass Clause: Limit one PokÃ©mon knowing Baton Pass
|rule|Sleep Clause Mod: Limit one foe put to sleep
|rule|Species Clause: Limit one of each PokÃ©mon
|rule|OHKO Clause: OHKO moves are banned
|rule|Moody Clause: Moody is banned
|rule|Evasion Moves Clause: Evasion moves are banned
|rule|Endless Battle Clause: Forcing endless battles is banned
|rule|HP Percentage Mod: HP is reported as percentages
|teampreview
|
|start
|switch|p1a: Venusaur|Venusaur, M|364\/364
|switch|p2a: Azumarill|Azumarill, M|404\/404
|turn|1
|
|switch|p1a: Heatran|Heatran, F|386\/386
|switch|p2a: Heatran|Heatran, M|386\/386
|
|turn|2
|
|move|p1a: Heatran|Stealth Rock|p2a: Heatran
|-sidestart|p2: Bad Selection|move: Stealth Rock
|move|p2a: Heatran|Stealth Rock|p1a: Heatran
|-sidestart|p1: Neo AE|move: Stealth Rock
|
|turn|3
|
|switch|p1a: Landorus|Landorus, M|320\/320
|-damage|p1a: Landorus|280\/320|[from] Stealth Rock
|move|p2a: Heatran|Toxic|p1a: Landorus
|-status|p1a: Landorus|tox
|
|-damage|p1a: Landorus|260\/320 tox|[from] psn
|turn|4
|
|move|p2a: Heatran|Protect|p2a: Heatran
|-singleturn|p2a: Heatran|Protect
|move|p1a: Landorus|Focus Blast|p2a: Heatran
|-activate|p2a: Heatran|Protect
|
|-damage|p1a: Landorus|220\/320 tox|[from] psn
|turn|5
|
|switch|p2a: Landorus-Therian|Landorus-Therian, M|319\/319
|-damage|p2a: Landorus-Therian|280\/319|[from] Stealth Rock
|-ability|p2a: Landorus-Therian|Intimidate|[of] p1a: Landorus
|-unboost|p1a: Landorus|atk|1
|move|p1a: Landorus|Earth Power|p2a: Landorus-Therian
|-immune|p2a: Landorus-Therian|[msg]
|
|-damage|p1a: Landorus|160\/320 tox|[from] psn
|turn|6
|
|move|p2a: Landorus-Therian|Knock Off|p1a: Landorus
|-damage|p1a: Landorus|14\/320 tox
|-enditem|p1a: Landorus|Life Orb|[from] move: Knock Off|[of] p2a: Landorus-Therian
|move|p1a: Landorus|Psychic|p2a: Landorus-Therian
|-damage|p2a: Landorus-Therian|119\/319
|
|-damage|p1a: Landorus|0 fnt|[from] psn
|faint|p1a: Landorus
|
|switch|p1a: Venusaur|Venusaur, M|364\/364
|-damage|p1a: Venusaur|319\/364|[from] Stealth Rock
|turn|7
|
|switch|p2a: Ferrothorn|Ferrothorn, M|352\/352
|-damage|p2a: Ferrothorn|330\/352|[from] Stealth Rock
|detailschange|p1a: Venusaur|Venusaur-Mega, M
|message|Venusaur has Mega Evolved into Mega Venusaur!
|move|p1a: Venusaur|Sleep Powder|p2a: Ferrothorn|[miss]
|-miss|p1a: Venusaur|p2a: Ferrothorn
|
|-heal|p2a: Ferrothorn|352\/352|[from] item: Leftovers
|turn|8
|
|switch|p1a: Clefable|Clefable, M|394\/394
|switch|p2a: Rotom-Wash|Rotom-Wash|304\/304
|-damage|p2a: Rotom-Wash|266\/304|[from] Stealth Rock
|
|-heal|p2a: Rotom-Wash|285\/304|[from] item: Leftovers
|turn|9
|
|switch|p1a: Heatran|Heatran, F|386\/386
|-damage|p1a: Heatran|338\/386|[from] Stealth Rock
|move|p2a: Rotom-Wash|Volt Switch|p1a: Heatran
|-damage|p1a: Heatran|278\/386
|
|switch|p2a: Azumarill|Azumarill, M|404\/404
|-damage|p2a: Azumarill|354\/404|[from] Stealth Rock
|
|-heal|p1a: Heatran|302\/386|[from] item: Leftovers
|turn|10
|
|switch|p2a: Latios|Latios, M|301\/301
|-damage|p2a: Latios|264\/301|[from] Stealth Rock
|move|p1a: Heatran|Will-O-Wisp|p2a: Latios
|-status|p2a: Latios|brn
|
|-heal|p2a: Latios|282\/301 brn|[from] item: Leftovers
|-heal|p1a: Heatran|326\/386|[from] item: Leftovers
|-damage|p2a: Latios|245\/301 brn|[from] brn
|turn|11
|
|switch|p1a: Clefable|Clefable, M|394\/394
|move|p2a: Latios|Psyshock|p1a: Clefable
|-damage|p1a: Clefable|268\/394
|
|-heal|p2a: Latios|263\/301 brn|[from] item: Leftovers
|-heal|p1a: Clefable|292\/394|[from] item: Leftovers
|-damage|p2a: Latios|226\/301 brn|[from] brn
|turn|12
|
|switch|p2a: Ferrothorn|Ferrothorn, M|352\/352
|-damage|p2a: Ferrothorn|330\/352|[from] Stealth Rock
|move|p1a: Clefable|Calm Mind|p1a: Clefable
|-boost|p1a: Clefable|spa|1
|-boost|p1a: Clefable|spd|1
|
|-heal|p1a: Clefable|316\/394|[from] item: Leftovers
|-heal|p2a: Ferrothorn|352\/352|[from] item: Leftovers
|turn|13
|
|switch|p2a: Heatran|Heatran, M|386\/386
|-damage|p2a: Heatran|338\/386|[from] Stealth Rock
|move|p1a: Clefable|Flamethrower|p2a: Heatran
|-start|p2a: Heatran|ability: Flash Fire
|
|-heal|p2a: Heatran|362\/386|[from] item: Leftovers
|-heal|p1a: Clefable|340\/394|[from] item: Leftovers
|turn|14
|
|move|p2a: Heatran|Lava Plume|p1a: Clefable
|-damage|p1a: Clefable|222\/394
|-status|p1a: Clefable|brn
|move|p1a: Clefable|Calm Mind|p1a: Clefable
|-boost|p1a: Clefable|spa|1
|-boost|p1a: Clefable|spd|1
|
|-heal|p2a: Heatran|386\/386|[from] item: Leftovers
|-heal|p1a: Clefable|246\/394 brn|[from] item: Leftovers
|turn|15
|
|switch|p2a: Azumarill|Azumarill, M|354\/404
|-damage|p2a: Azumarill|304\/404|[from] Stealth Rock
|move|p1a: Clefable|Soft-Boiled|p1a: Clefable
|-heal|p1a: Clefable|394\/394 brn
|
|turn|16
|
|move|p1a: Clefable|Moonblast|p2a: Azumarill
|-damage|p2a: Azumarill|132\/404
|move|p2a: Azumarill|Play Rough|p1a: Clefable
|-damage|p1a: Clefable|211\/394 brn
|
|-heal|p1a: Clefable|235\/394 brn|[from] item: Leftovers
|turn|17
|
|move|p1a: Clefable|Soft-Boiled|p1a: Clefable
|-heal|p1a: Clefable|394\/394 brn
|move|p2a: Azumarill|Knock Off|p1a: Clefable
|-resisted|p1a: Clefable
|-damage|p1a: Clefable|336\/394 brn
|-enditem|p1a: Clefable|Leftovers|[from] move: Knock Off|[of] p2a: Azumarill
|
|turn|18
|
|move|p2a: Azumarill|Aqua Jet|p1a: Clefable
|-damage|p1a: Clefable|260\/394 brn
|move|p1a: Clefable|Moonblast|p2a: Azumarill
|-damage|p2a: Azumarill|0 fnt
|faint|p2a: Azumarill
|
|
|switch|p2a: Landorus-Therian|Landorus-Therian, M|119\/319
|-damage|p2a: Landorus-Therian|80\/319|[from] Stealth Rock
|-ability|p2a: Landorus-Therian|Intimidate|[of] p1a: Clefable
|-unboost|p1a: Clefable|atk|1
|turn|19
|
|move|p2a: Landorus-Therian|Earthquake|p1a: Clefable
|-damage|p1a: Clefable|89\/394 brn
|move|p1a: Clefable|Soft-Boiled|p1a: Clefable
|-heal|p1a: Clefable|286\/394 brn
|
|turn|20
|
|move|p2a: Landorus-Therian|Earthquake|p1a: Clefable
|-damage|p1a: Clefable|126\/394 brn
|move|p1a: Clefable|Soft-Boiled|p1a: Clefable
|-heal|p1a: Clefable|323\/394 brn
|
|turn|21
|
|move|p2a: Landorus-Therian|Earthquake|p1a: Clefable
|-damage|p1a: Clefable|139\/394 brn
|move|p1a: Clefable|Flamethrower|p2a: Landorus-Therian
|-damage|p2a: Landorus-Therian|0 fnt
|faint|p2a: Landorus-Therian
|
|
|switch|p2a: Latios|Latios, M|226\/301 brn
|-damage|p2a: Latios|189\/301 brn|[from] Stealth Rock
|turn|22
|
|move|p2a: Latios|Psyshock|p1a: Clefable
|-damage|p1a: Clefable|15\/394 brn
|move|p1a: Clefable|Soft-Boiled|p1a: Clefable
|-heal|p1a: Clefable|212\/394 brn
|
|-heal|p2a: Latios|207\/301 brn|[from] item: Leftovers
|-damage|p2a: Latios|170\/301 brn|[from] brn
|turn|23
|-message|Bad Selection forfeited.
|
|win|Neo AE
|raw|Ladder updating...
|leave|Bad Selection
|player|p2
|raw|Neo AE's rating: 1762 &rarr; <strong>1779<\/strong><br \/>(+17 for winning)
|raw|Bad Selection's rating: 1717 &rarr; <strong>1700<\/strong><br \/>(-17 for losing)