|join|Nagato Pein
|join|Neo AE
|player|p1|Nagato Pein|151
|player|p2|Neo AE|153
|gametype|singles
|gen|6
|tier|OU
|rated
|clearpoke
|poke|p1|Gengar, M
|poke|p1|Meloetta
|poke|p1|Conkeldurr, M
|poke|p1|Gyarados, M
|poke|p1|Ferrothorn, M
|poke|p1|Landorus, M
|poke|p2|Venusaur, M
|poke|p2|Clefable, M
|poke|p2|Heatran, F
|poke|p2|Mandibuzz, F
|poke|p2|Azumarill, F
|poke|p2|Landorus, M
|rule|Swagger Clause: Swagger is banned
|rule|Baton Pass Clause: Limit one PokÃ©mon knowing Baton Pass
|rule|Sleep Clause Mod: Limit one foe put to sleep
|rule|Species Clause: Limit one of each PokÃ©mon
|rule|OHKO Clause: OHKO moves are banned
|rule|Moody Clause: Moody is banned
|rule|Evasion Moves Clause: Evasion moves are banned
|rule|Endless Battle Clause: Forcing endless battles is banned
|rule|HP Percentage Mod: HP is reported as percentages
|teampreview
|chat|Neo AE|so we meet again lol
|join|Shandrazel
|
|start
|switch|p1a: Enten|Landorus, M|319\/319
|switch|p2a: Landorus|Landorus, M|320\/320
|turn|1
|chat|Shandrazel|classic opening
|
|move|p1a: Enten|Psychic|p2a: Landorus
|-damage|p2a: Landorus|130\/320
|move|p2a: Landorus|Psychic|p1a: Enten
|-damage|p1a: Enten|98\/319
|
|turn|2
|
|switch|p2a: Mandibuzz|Mandibuzz, F|423\/423
|move|p1a: Enten|Psychic|p2a: Mandibuzz
|-immune|p2a: Mandibuzz|[msg]
|
|turn|3
|
|switch|p1a: Hentai|Ferrothorn, M|352\/352
|move|p2a: Mandibuzz|Knock Off|p1a: Hentai
|-damage|p1a: Hentai|303\/352
|-damage|p2a: Mandibuzz|371\/423|[from] ability: Iron Barbs|[of] p1a: Hentai
|-damage|p2a: Mandibuzz|301\/423|[from] item: Rocky Helmet|[of] p1a: Hentai
|-enditem|p1a: Hentai|Rocky Helmet|[from] move: Knock Off|[of] p2a: Mandibuzz
|
|turn|4
|
|switch|p2a: Heatran|Heatran, F|386\/386
|move|p1a: Hentai|Stealth Rock|p2a: Heatran
|-sidestart|p2: Neo AE|move: Stealth Rock
|
|turn|5
|
|switch|p1a: Heihachi|Conkeldurr, M|383\/383
|move|p2a: Heatran|Stealth Rock|p1a: Heihachi
|-sidestart|p1: Nagato Pein|move: Stealth Rock
|
|turn|6
|
|switch|p2a: Azumarill|Azumarill, F|404\/404
|-damage|p2a: Azumarill|354\/404|[from] Stealth Rock
|move|p1a: Heihachi|Knock Off|p2a: Azumarill
|-resisted|p2a: Azumarill
|-damage|p2a: Azumarill|285\/404
|-enditem|p2a: Azumarill|Assault Vest|[from] move: Knock Off|[of] p1a: Heihachi
|
|turn|7
|
|switch|p1a: Hentai|Ferrothorn, M|303\/352
|-damage|p1a: Hentai|281\/352|[from] Stealth Rock
|move|p2a: Azumarill|Waterfall|p1a: Hentai
|-resisted|p1a: Hentai
|-damage|p1a: Hentai|230\/352
|-damage|p2a: Azumarill|235\/404|[from] ability: Iron Barbs|[of] p1a: Hentai
|
|turn|8
|
|switch|p2a: Venusaur|Venusaur, M|364\/364
|-damage|p2a: Venusaur|319\/364|[from] Stealth Rock
|move|p1a: Hentai|Leech Seed|p2a: Venusaur
|-immune|p2a: Venusaur|[msg]
|
|turn|9
|
|detailschange|p2a: Venusaur|Venusaur-Mega, M
|message|Venusaur has Mega Evolved into Mega Venusaur!
|move|p2a: Venusaur|Sleep Powder|p1a: Hentai
|-fail|p1a: Hentai
|move|p1a: Hentai|Gyro Ball|p2a: Venusaur
|-damage|p2a: Venusaur|232\/364
|
|turn|10
|
|move|p2a: Venusaur|Sleep Powder|p1a: Hentai
|-fail|p1a: Hentai
|move|p1a: Hentai|Gyro Ball|p2a: Venusaur
|-damage|p2a: Venusaur|135\/364
|
|turn|11
|
|move|p2a: Venusaur|Sleep Powder|p1a: Hentai
|-fail|p1a: Hentai
|move|p1a: Hentai|Gyro Ball|p2a: Venusaur
|-damage|p2a: Venusaur|41\/364
|
|turn|12
|
|move|p2a: Venusaur|Synthesis|p2a: Venusaur
|-heal|p2a: Venusaur|223\/364
|move|p1a: Hentai|Gyro Ball|p2a: Venusaur
|-damage|p2a: Venusaur|127\/364
|
|turn|13
|
|move|p2a: Venusaur|Synthesis|p2a: Venusaur
|-heal|p2a: Venusaur|309\/364
|move|p1a: Hentai|Gyro Ball|p2a: Venusaur
|-damage|p2a: Venusaur|224\/364
|
|turn|14
|
|move|p2a: Venusaur|Synthesis|p2a: Venusaur
|-heal|p2a: Venusaur|364\/364
|move|p1a: Hentai|Gyro Ball|p2a: Venusaur
|-damage|p2a: Venusaur|273\/364
|
|turn|15
|
|switch|p2a: Heatran|Heatran, F|386\/386
|-damage|p2a: Heatran|338\/386|[from] Stealth Rock
|move|p1a: Hentai|Gyro Ball|p2a: Heatran
|-crit|p2a: Heatran
|-resisted|p2a: Heatran
|-damage|p2a: Heatran|291\/386
|
|-heal|p2a: Heatran|315\/386|[from] item: Leftovers
|turn|16
|
|move|p2a: Heatran|Lava Plume|p1a: Hentai
|-supereffective|p1a: Hentai
|-damage|p1a: Hentai|0 fnt
|faint|p1a: Hentai
|
|-heal|p2a: Heatran|339\/386|[from] item: Leftovers
|
|switch|p1a: Enten|Landorus, M|98\/319
|-damage|p1a: Enten|59\/319|[from] Stealth Rock
|turn|17
|
|switch|p2a: Mandibuzz|Mandibuzz, F|301\/423
|-damage|p2a: Mandibuzz|196\/423|[from] Stealth Rock
|move|p1a: Enten|Focus Blast|p2a: Mandibuzz|[miss]
|-miss|p1a: Enten|p2a: Mandibuzz
|
|turn|18
|
|move|p1a: Enten|Focus Blast|p2a: Mandibuzz|[miss]
|-miss|p1a: Enten|p2a: Mandibuzz
|move|p2a: Mandibuzz|Roost|p2a: Mandibuzz
|-heal|p2a: Mandibuzz|408\/423
|
|turn|19
|chat|Shandrazel|lolz
|
|move|p1a: Enten|Knock Off|p2a: Mandibuzz
|-resisted|p2a: Mandibuzz
|-damage|p2a: Mandibuzz|368\/423
|-damage|p1a: Enten|6\/319|[from] item: Rocky Helmet|[of] p2a: Mandibuzz
|-enditem|p2a: Mandibuzz|Rocky Helmet|[from] move: Knock Off|[of] p1a: Enten
|-damage|p1a: Enten|0 fnt|[from] item: Life Orb
|faint|p1a: Enten
|move|p2a: Mandibuzz|Knock Off|p1: Enten|[notarget]
|-notarget
|
|
|switch|p1a: Kage|Gengar, M|261\/261
|-damage|p1a: Kage|229\/261|[from] Stealth Rock
|turn|20
|
|move|p1a: Kage|Sludge Bomb|p2a: Mandibuzz
|-damage|p2a: Mandibuzz|200\/423
|move|p2a: Mandibuzz|Foul Play|p1a: Kage
|-supereffective|p1a: Kage
|-damage|p1a: Kage|7\/261
|
|-heal|p1a: Kage|23\/261|[from] item: Black Sludge
|turn|21
|
|move|p1a: Kage|Taunt|p2a: Mandibuzz
|-start|p2a: Mandibuzz|move: Taunt
|move|p2a: Mandibuzz|Knock Off|p1a: Kage
|-supereffective|p1a: Kage
|-damage|p1a: Kage|0 fnt
|-enditem|p1a: Kage|Black Sludge|[from] move: Knock Off|[of] p2a: Mandibuzz
|faint|p1a: Kage
|
|
|switch|p1a: Predator|Gyarados, M|331\/331
|-damage|p1a: Predator|249\/331|[from] Stealth Rock
|-ability|p1a: Predator|Intimidate|[of] p2a: Mandibuzz
|-unboost|p2a: Mandibuzz|atk|1
|turn|22
|
|switch|p2a: Azumarill|Azumarill, F|235\/404
|-damage|p2a: Azumarill|185\/404|[from] Stealth Rock
|detailschange|p1a: Predator|Gyarados-Mega, M
|message|Gyarados has Mega Evolved into Mega Gyarados!
|-ability|p1a: Predator|Mold Breaker
|move|p1a: Predator|Dragon Dance|p1a: Predator
|-boost|p1a: Predator|atk|1
|-boost|p1a: Predator|spe|1
|
|turn|23
|
|move|p1a: Predator|Earthquake|p2a: Azumarill
|-damage|p2a: Azumarill|0 fnt
|faint|p2a: Azumarill
|
|
|switch|p2a: Venusaur|Venusaur-Mega, M|273\/364
|-damage|p2a: Venusaur|228\/364|[from] Stealth Rock
|turn|24
|
|move|p1a: Predator|Substitute|p1a: Predator
|-start|p1a: Predator|Substitute
|-damage|p1a: Predator|167\/331
|move|p2a: Venusaur|Giga Drain|p1a: Predator
|-supereffective|p1a: Predator
|-end|p1a: Predator|Substitute
|-heal|p2a: Venusaur|269\/364|[from] drain|[of] p1a: Predator
|
|turn|25
|
|move|p1a: Predator|Earthquake|p2a: Venusaur
|-damage|p2a: Venusaur|149\/364
|move|p2a: Venusaur|Giga Drain|p1a: Predator
|-supereffective|p1a: Predator
|-damage|p1a: Predator|23\/331
|-heal|p2a: Venusaur|221\/364|[from] drain|[of] p1a: Predator
|
|turn|26
|
|move|p1a: Predator|Earthquake|p2a: Venusaur
|-damage|p2a: Venusaur|93\/364
|move|p2a: Venusaur|Synthesis|p2a: Venusaur
|-heal|p2a: Venusaur|275\/364
|
|turn|27
|
|move|p1a: Predator|Earthquake|p2a: Venusaur
|-damage|p2a: Venusaur|150\/364
|move|p2a: Venusaur|Giga Drain|p1a: Predator
|-supereffective|p1a: Predator
|-damage|p1a: Predator|0 fnt
|-heal|p2a: Venusaur|162\/364|[from] drain|[of] p1a: Predator
|faint|p1a: Predator
|
|
|switch|p1a: Calamity|Meloetta|404\/404
|-damage|p1a: Calamity|354\/404|[from] Stealth Rock
|turn|28
|
|move|p1a: Calamity|Calm Mind|p1a: Calamity
|-boost|p1a: Calamity|spa|1
|-boost|p1a: Calamity|spd|1
|move|p2a: Venusaur|Sludge Bomb|p1a: Calamity
|-damage|p1a: Calamity|288\/404
|
|-heal|p1a: Calamity|313\/404|[from] item: Leftovers
|turn|29
|
|move|p1a: Calamity|Psyshock|p2a: Venusaur
|-supereffective|p2a: Venusaur
|-damage|p2a: Venusaur|0 fnt
|faint|p2a: Venusaur
|
|-heal|p1a: Calamity|338\/404|[from] item: Leftovers
|
|switch|p2a: Heatran|Heatran, F|339\/386
|-damage|p2a: Heatran|291\/386|[from] Stealth Rock
|turn|30
|
|move|p1a: Calamity|Substitute|p1a: Calamity
|-start|p1a: Calamity|Substitute
|-damage|p1a: Calamity|237\/404
|move|p2a: Heatran|Roar|p1a: Calamity
|drag|p1a: Heihachi|Conkeldurr, M|383\/383
|-damage|p1a: Heihachi|360\/383|[from] Stealth Rock
|
|-heal|p2a: Heatran|315\/386|[from] item: Leftovers
|turn|31
|
|switch|p2a: Mandibuzz|Mandibuzz, F|200\/423
|-damage|p2a: Mandibuzz|95\/423|[from] Stealth Rock
|move|p1a: Heihachi|Drain Punch|p2a: Mandibuzz
|-damage|p2a: Mandibuzz|0 fnt
|-heal|p1a: Heihachi|383\/383|[from] drain|[of] p2a: Mandibuzz
|faint|p2a: Mandibuzz
|
|
|switch|p2a: Clefable|Clefable, M|394\/394
|turn|32
|
|move|p2a: Clefable|Moonblast|p1a: Heihachi
|-supereffective|p1a: Heihachi
|-damage|p1a: Heihachi|237\/383
|move|p1a: Heihachi|Ice Punch|p2a: Clefable
|-damage|p2a: Clefable|319\/394
|
|-heal|p2a: Clefable|343\/394|[from] item: Leftovers
|turn|33
|
|switch|p1a: Calamity|Meloetta|237\/404
|-damage|p1a: Calamity|187\/404|[from] Stealth Rock
|move|p2a: Clefable|Moonblast|p1a: Calamity
|-damage|p1a: Calamity|102\/404
|-unboost|p1a: Calamity|spa|1
|
|-heal|p1a: Calamity|127\/404|[from] item: Leftovers
|-heal|p2a: Clefable|367\/394|[from] item: Leftovers
|turn|34
|
|move|p1a: Calamity|Calm Mind|p1a: Calamity
|-boost|p1a: Calamity|spa|1
|-boost|p1a: Calamity|spd|1
|move|p2a: Clefable|Moonblast|p1a: Calamity
|-damage|p1a: Calamity|64\/404
|
|-heal|p1a: Calamity|89\/404|[from] item: Leftovers
|-heal|p2a: Clefable|391\/394|[from] item: Leftovers
|turn|35
|
|switch|p2a: Heatran|Heatran, F|315\/386
|-damage|p2a: Heatran|267\/386|[from] Stealth Rock
|move|p1a: Calamity|Calm Mind|p1a: Calamity
|-boost|p1a: Calamity|spa|1
|-boost|p1a: Calamity|spd|1
|
|-heal|p1a: Calamity|114\/404|[from] item: Leftovers
|-heal|p2a: Heatran|291\/386|[from] item: Leftovers
|turn|36
|chat|Shandrazel|meloetta is scary lol
|chat|Neo AE|indeed
|
|move|p1a: Calamity|Substitute|p1a: Calamity
|-start|p1a: Calamity|Substitute
|-damage|p1a: Calamity|13\/404
|move|p2a: Heatran|Roar|p1a: Calamity
|drag|p1a: Heihachi|Conkeldurr, M|237\/383
|-damage|p1a: Heihachi|214\/383|[from] Stealth Rock
|
|-heal|p2a: Heatran|315\/386|[from] item: Leftovers
|turn|37
|chat|Shandrazel|gg
|-message|Nagato Pein forfeited.
|
|move|p2a: Heatran|Lava Plume|p1a: Heihachi
|-crit|p1a: Heihachi
|-damage|p1a: Heihachi|111\/383
|move|p1a: Heihachi|Drain Punch|p2a: Heatran
|-supereffective|p2a: Heatran
|-damage|p2a: Heatran|85\/386
|-heal|p1a: Heihachi|226\/383|[from] drain|[of] p2a: Heatran
|
|-heal|p2a: Heatran|109\/386|[from] item: Leftovers
|turn|38
|chat|Shandrazel|lol
|chat|Nagato Pein|gg
|chat|Nagato Pein|lol
|
|win|Neo AE
|raw|Ladder updating...
|chat|Nagato Pein|I lost
|raw|Nagato Pein's rating: 1765 &rarr; <strong>1742<\/strong><br \/>(-23 for losing)
|raw|Neo AE's rating: 1716 &rarr; <strong>1739<\/strong><br \/>(+23 for winning)
|chat|Neo AE|gg
|chat|Shandrazel|good match guys