|join|In Agonizing Pain
|join|Neo AE
|player|p1|In Agonizing Pain|291
|player|p2|Neo AE|153
|gametype|singles
|gen|6
|tier|OU
|rated
|clearpoke
|poke|p1|Mawile, F
|poke|p1|Landorus, M
|poke|p1|Thundurus, M
|poke|p1|Garchomp, F, shiny
|poke|p1|Bisharp, F
|poke|p1|Greninja, F
|poke|p2|Venusaur, F
|poke|p2|Rotom-Wash
|poke|p2|Heatran, F
|poke|p2|Mandibuzz, F
|poke|p2|Azumarill, M
|poke|p2|Landorus, M
|rule|Swagger Clause: Swagger is banned
|rule|Baton Pass Clause: Limit one PokÃ©mon knowing Baton Pass
|rule|Sleep Clause Mod: Limit one foe put to sleep
|rule|Species Clause: Limit one of each PokÃ©mon
|rule|OHKO Clause: OHKO moves are banned
|rule|Moody Clause: Moody is banned
|rule|Evasion Moves Clause: Evasion moves are banned
|rule|Endless Battle Clause: Forcing endless battles is banned
|rule|HP Percentage Mod: HP is reported as percentages
|teampreview
|
|start
|switch|p1a: pescado pecado|Garchomp, F, shiny|357\/357
|switch|p2a: Azumarill|Azumarill, M|404\/404
|turn|1
|
|switch|p1a: pesas pesadas|Mawile, F|272\/272
|-ability|p1a: pesas pesadas|Intimidate|[of] p2a: Azumarill
|-unboost|p2a: Azumarill|atk|1
|move|p2a: Azumarill|Play Rough|p1a: pesas pesadas
|-crit|p1a: pesas pesadas
|-resisted|p1a: pesas pesadas
|-damage|p1a: pesas pesadas|92\/272
|-unboost|p1a: pesas pesadas|atk|1
|
|turn|2
|
|switch|p2a: Rotom-Wash|Rotom-Wash|304\/304
|detailschange|p1a: pesas pesadas|Mawile-Mega, F
|message|Mawile has Mega Evolved into Mega Mawile!
|move|p1a: pesas pesadas|Play Rough|p2a: Rotom-Wash
|-damage|p2a: Rotom-Wash|154\/304
|
|-heal|p2a: Rotom-Wash|173\/304|[from] item: Leftovers
|turn|3
|
|switch|p1a: Greninja|Greninja, F|285\/285
|move|p2a: Rotom-Wash|Volt Switch|p1a: Greninja
|-supereffective|p1a: Greninja
|-damage|p1a: Greninja|43\/285
|
|switch|p2a: Azumarill|Azumarill, M|404\/404
|
|turn|4
|
|move|p2a: Azumarill|Aqua Jet|p1a: Greninja
|-crit|p1a: Greninja
|-resisted|p1a: Greninja
|-damage|p1a: Greninja|0 fnt
|faint|p1a: Greninja
|
|
|switch|p1a: Theodore|Thundurus, M|299\/299
|turn|5
|
|switch|p1a: George Washington|Landorus, M|331\/331
|move|p2a: Azumarill|Waterfall|p1a: George Washington
|-supereffective|p1a: George Washington
|-damage|p1a: George Washington|0 fnt
|faint|p1a: George Washington
|
|-message|In Agonizing Pain forfeited.
|
|win|Neo AE
|raw|Ladder updating...
|raw|In Agonizing Pain's rating: 1690 &rarr; <strong>1673<\/strong><br \/>(-17 for losing)
|raw|Neo AE's rating: 1734 &rarr; <strong>1752<\/strong><br \/>(+18 for winning)
|leave|In Agonizing Pain
|player|p1