|join|Neo AE
|join|Jon Bovi
|player|p1|Neo AE|153
|player|p2|Jon Bovi|240
|gametype|singles
|gen|6
|tier|OU
|rated
|clearpoke
|poke|p1|Venusaur, M
|poke|p1|Rotom-Wash
|poke|p1|Heatran, F
|poke|p1|Mandibuzz, F
|poke|p1|Azumarill, M
|poke|p1|Landorus, M
|poke|p2|Donphan, M
|poke|p2|Venusaur, M
|poke|p2|Talonflame, M
|poke|p2|Vaporeon, M
|poke|p2|Heatran, F
|poke|p2|Hydreigon, M
|rule|Swagger Clause: Swagger is banned
|rule|Baton Pass Clause: Limit one PokÃ©mon knowing Baton Pass
|rule|Sleep Clause Mod: Limit one foe put to sleep
|rule|Species Clause: Limit one of each PokÃ©mon
|rule|OHKO Clause: OHKO moves are banned
|rule|Moody Clause: Moody is banned
|rule|Evasion Moves Clause: Evasion moves are banned
|rule|Endless Battle Clause: Forcing endless battles is banned
|rule|HP Percentage Mod: HP is reported as percentages
|teampreview
|
|start
|switch|p1a: Rotom-Wash|Rotom-Wash|304\/304
|switch|p2a: Red of Boses|Venusaur, M|363\/363
|turn|1
|
|detailschange|p2a: Red of Boses|Venusaur-Mega, M
|message|Venusaur has Mega Evolved into Mega Venusaur!
|move|p1a: Rotom-Wash|Will-O-Wisp|p2a: Red of Boses|[miss]
|-miss|p1a: Rotom-Wash|p2a: Red of Boses
|move|p2a: Red of Boses|Giga Drain|p1a: Rotom-Wash
|-supereffective|p1a: Rotom-Wash
|-damage|p1a: Rotom-Wash|100\/304
|
|-heal|p1a: Rotom-Wash|119\/304|[from] item: Leftovers
|turn|2
|chat|Neo AE|omfg
|chat|Jon Bovi|:\/
|
|move|p1a: Rotom-Wash|Volt Switch|p2a: Red of Boses
|-resisted|p2a: Red of Boses
|-damage|p2a: Red of Boses|326\/363
|chat|Neo AE|its not this miss in particular
|chat|Jon Bovi|I know the feeling bro
|chat|Neo AE|but i missed hydro pump 3 times a row last match n got frozen by free dry ...
|chat|Jon Bovi|it happens all the time
|chat|Neo AE|yh
|
|switch|p1a: Venusaur|Venusaur, M|364\/364
|move|p2a: Red of Boses|Giga Drain|p1a: Venusaur
|-resisted|p1a: Venusaur
|-damage|p1a: Venusaur|337\/364
|-heal|p2a: Red of Boses|340\/363|[from] drain|[of] p1a: Venusaur
|
|turn|3
|
|switch|p2a: Mad Bedecine|Heatran, F|386\/386
|detailschange|p1a: Venusaur|Venusaur-Mega, M
|message|Venusaur has Mega Evolved into Mega Venusaur!
|move|p1a: Venusaur|Leech Seed|p2a: Mad Bedecine
|-start|p2a: Mad Bedecine|move: Leech Seed
|
|-damage|p2a: Mad Bedecine|338\/386|[from] Leech Seed|[of] p1a: Venusaur
|-heal|p1a: Venusaur|364\/364|[silent]
|turn|4
|
|switch|p1a: Heatran|Heatran, F|386\/386
|move|p2a: Mad Bedecine|Stealth Rock|p1a: Heatran
|-sidestart|p1: Neo AE|move: Stealth Rock
|
|-heal|p2a: Mad Bedecine|362\/386|[from] item: Leftovers
|-damage|p2a: Mad Bedecine|314\/386|[from] Leech Seed|[of] p1a: Heatran
|turn|5
|
|move|p2a: Mad Bedecine|Taunt|p1a: Heatran
|-start|p1a: Heatran|move: Taunt
|cant|p1a: Heatran|move: Taunt|Stealth Rock
|
|-heal|p2a: Mad Bedecine|338\/386|[from] item: Leftovers
|-damage|p2a: Mad Bedecine|290\/386|[from] Leech Seed|[of] p1a: Heatran
|turn|6
|
|switch|p2a: It's Ly Mife|Vaporeon, M|464\/464
|switch|p1a: Landorus|Landorus, M|320\/320
|-damage|p1a: Landorus|280\/320|[from] Stealth Rock
|
|turn|7
|
|switch|p1a: Rotom-Wash|Rotom-Wash|119\/304
|-damage|p1a: Rotom-Wash|81\/304|[from] Stealth Rock
|move|p2a: It's Ly Mife|Wish|p2a: It's Ly Mife
|
|-heal|p1a: Rotom-Wash|100\/304|[from] item: Leftovers
|turn|8
|
|switch|p2a: Red of Boses|Venusaur-Mega, M|340\/363
|move|p1a: Rotom-Wash|Pain Split|p2a: Red of Boses
|-sethp|p2a: Red of Boses|220\/363|p1a: Rotom-Wash|220\/304|[from] move: Pain Split
|
|-heal|p2a: Red of Boses|363\/363|[from] move: Wish|[wisher] It's Ly Mife
|-heal|p1a: Rotom-Wash|239\/304|[from] item: Leftovers
|turn|9
|
|move|p1a: Rotom-Wash|Will-O-Wisp|p2a: Red of Boses
|-status|p2a: Red of Boses|brn
|move|p2a: Red of Boses|Giga Drain|p1a: Rotom-Wash
|-supereffective|p1a: Rotom-Wash
|-damage|p1a: Rotom-Wash|41\/304
|
|-heal|p1a: Rotom-Wash|60\/304|[from] item: Leftovers
|-damage|p2a: Red of Boses|318\/363 brn|[from] brn
|turn|10
|
|move|p1a: Rotom-Wash|Volt Switch|p2a: Red of Boses
|-resisted|p2a: Red of Boses
|-damage|p2a: Red of Boses|283\/363 brn
|
|switch|p1a: Mandibuzz|Mandibuzz, F|424\/424
|-damage|p1a: Mandibuzz|318\/424|[from] Stealth Rock
|move|p2a: Red of Boses|Giga Drain|p1a: Mandibuzz
|-resisted|p1a: Mandibuzz
|-damage|p1a: Mandibuzz|261\/424
|-heal|p2a: Red of Boses|312\/363 brn|[from] drain|[of] p1a: Mandibuzz
|
|-damage|p2a: Red of Boses|267\/363 brn|[from] brn
|turn|11
|
|switch|p2a: Mad Bedecine|Heatran, F|290\/386
|move|p1a: Mandibuzz|Defog|p2a: Mad Bedecine
|-unboost|p2a: Mad Bedecine|evasion|1
|-sideend|p1: Neo AE|Stealth Rock|[from] move: Defog|[of] p1a: Mandibuzz
|
|-heal|p2a: Mad Bedecine|314\/386|[from] item: Leftovers
|turn|12
|
|move|p2a: Mad Bedecine|Taunt|p1a: Mandibuzz
|-start|p1a: Mandibuzz|move: Taunt
|cant|p1a: Mandibuzz|move: Taunt|Roost
|
|-heal|p2a: Mad Bedecine|338\/386|[from] item: Leftovers
|turn|13
|
|switch|p1a: Rotom-Wash|Rotom-Wash|60\/304
|move|p2a: Mad Bedecine|Stealth Rock|p1a: Rotom-Wash
|-sidestart|p1: Neo AE|move: Stealth Rock
|
|-heal|p1a: Rotom-Wash|79\/304|[from] item: Leftovers
|-heal|p2a: Mad Bedecine|362\/386|[from] item: Leftovers
|turn|14
|
|move|p1a: Rotom-Wash|Pain Split|p2a: Mad Bedecine
|-sethp|p2a: Mad Bedecine|220\/386|p1a: Rotom-Wash|220\/304|[from] move: Pain Split
|move|p2a: Mad Bedecine|Toxic|p1a: Rotom-Wash
|-status|p1a: Rotom-Wash|tox
|
|-heal|p1a: Rotom-Wash|239\/304 tox|[from] item: Leftovers
|-heal|p2a: Mad Bedecine|244\/386|[from] item: Leftovers
|-damage|p1a: Rotom-Wash|220\/304 tox|[from] psn
|turn|15
|
|switch|p2a: It's Ly Mife|Vaporeon, M|464\/464
|move|p1a: Rotom-Wash|Volt Switch|p2a: It's Ly Mife
|-supereffective|p2a: It's Ly Mife
|-damage|p2a: It's Ly Mife|294\/464
|
|switch|p1a: Mandibuzz|Mandibuzz, F|261\/424
|-damage|p1a: Mandibuzz|155\/424|[from] Stealth Rock
|
|-heal|p2a: It's Ly Mife|323\/464|[from] item: Leftovers
|turn|16
|
|move|p1a: Mandibuzz|Roost|p1a: Mandibuzz
|-heal|p1a: Mandibuzz|367\/424
|move|p2a: It's Ly Mife|Heal Bell|p2a: It's Ly Mife
|-cureteam|p2a: It's Ly Mife|[from] move: HealBell
|
|-heal|p2a: It's Ly Mife|352\/464|[from] item: Leftovers
|turn|17
|
|move|p1a: Mandibuzz|Defog|p2a: It's Ly Mife
|-unboost|p2a: It's Ly Mife|evasion|1
|-sideend|p1: Neo AE|Stealth Rock|[from] move: Defog|[of] p1a: Mandibuzz
|move|p2a: It's Ly Mife|Wish|p2a: It's Ly Mife
|
|-heal|p2a: It's Ly Mife|381\/464|[from] item: Leftovers
|turn|18
|
|switch|p2a: Mad Bedecine|Heatran, F|244\/386
|move|p1a: Mandibuzz|Knock Off|p2a: Mad Bedecine
|-damage|p2a: Mad Bedecine|169\/386
|-enditem|p2a: Mad Bedecine|Leftovers|[from] move: Knock Off|[of] p1a: Mandibuzz
|
|-heal|p2a: Mad Bedecine|386\/386|[from] move: Wish|[wisher] It's Ly Mife
|turn|19
|
|switch|p1a: Azumarill|Azumarill, M|404\/404
|move|p2a: Mad Bedecine|Stealth Rock|p1a: Azumarill
|-sidestart|p1: Neo AE|move: Stealth Rock
|
|turn|20
|
|switch|p2a: Red of Boses|Venusaur-Mega, M|267\/363
|move|p1a: Azumarill|Superpower|p2a: Red of Boses
|-resisted|p2a: Red of Boses
|-damage|p2a: Red of Boses|183\/363
|-unboost|p1a: Azumarill|atk|1
|-unboost|p1a: Azumarill|def|1
|
|turn|21
|
|switch|p1a: Heatran|Heatran, F|386\/386
|-damage|p1a: Heatran|338\/386|[from] Stealth Rock
|move|p2a: Red of Boses|Synthesis|p2a: Red of Boses
|-heal|p2a: Red of Boses|363\/363
|
|-heal|p1a: Heatran|362\/386|[from] item: Leftovers
|turn|22
|
|move|p1a: Heatran|Stealth Rock|p2a: Red of Boses
|-sidestart|p2: Jon Bovi|move: Stealth Rock
|move|p2a: Red of Boses|Sleep Powder|p1a: Heatran
|-status|p1a: Heatran|slp
|
|-heal|p1a: Heatran|386\/386 slp|[from] item: Leftovers
|turn|23
|
|switch|p2a: Pivin on a Lrayer|Donphan, M|384\/384
|-damage|p2a: Pivin on a Lrayer|360\/384|[from] Stealth Rock
|cant|p1a: Heatran|slp
|
|-heal|p2a: Pivin on a Lrayer|384\/384|[from] item: Leftovers
|turn|24
|
|switch|p1a: Mandibuzz|Mandibuzz, F|367\/424
|-damage|p1a: Mandibuzz|261\/424|[from] Stealth Rock
|move|p2a: Pivin on a Lrayer|Stone Edge|p1a: Mandibuzz
|-supereffective|p1a: Mandibuzz
|-damage|p1a: Mandibuzz|81\/424
|
|turn|25
|
|move|p2a: Pivin on a Lrayer|Ice Shard|p1a: Mandibuzz
|-supereffective|p1a: Mandibuzz
|-damage|p1a: Mandibuzz|11\/424
|move|p1a: Mandibuzz|Roost|p1a: Mandibuzz
|-heal|p1a: Mandibuzz|223\/424
|
|turn|26
|
|move|p1a: Mandibuzz|Roost|p1a: Mandibuzz
|-heal|p1a: Mandibuzz|424\/424
|move|p2a: Pivin on a Lrayer|Earthquake|p1a: Mandibuzz
|-damage|p1a: Mandibuzz|300\/424
|
|turn|27
|chat|Jon Bovi|The bulk
|chat|Neo AE|yh lol
|
|move|p1a: Mandibuzz|Knock Off|p2a: Pivin on a Lrayer
|-damage|p2a: Pivin on a Lrayer|320\/384
|-enditem|p2a: Pivin on a Lrayer|Leftovers|[from] move: Knock Off|[of] p1a: Mandibuzz
|move|p2a: Pivin on a Lrayer|Stone Edge|p1a: Mandibuzz|[miss]
|-miss|p2a: Pivin on a Lrayer|p1a: Mandibuzz
|
|turn|28
|
|move|p1a: Mandibuzz|Foul Play|p2a: Pivin on a Lrayer
|-damage|p2a: Pivin on a Lrayer|167\/384
|move|p2a: Pivin on a Lrayer|Rapid Spin|p1a: Mandibuzz
|-damage|p1a: Mandibuzz|282\/424
|-damage|p2a: Pivin on a Lrayer|103\/384|[from] item: Rocky Helmet|[of] p1a: Mandibuzz
|-sideend|p2: Jon Bovi|Stealth Rock|[from] move: Rapid Spin|[of] p2a: Pivin on a Lrayer
|
|turn|29
|
|switch|p2a: Mad Bedecine|Heatran, F|386\/386
|move|p1a: Mandibuzz|Defog|p2a: Mad Bedecine
|-unboost|p2a: Mad Bedecine|evasion|1
|-sideend|p1: Neo AE|Stealth Rock|[from] move: Defog|[of] p1a: Mandibuzz
|
|turn|30
|
|switch|p1a: Landorus|Landorus, M|280\/320
|move|p2a: Mad Bedecine|Stealth Rock|p1a: Landorus
|-sidestart|p1: Neo AE|move: Stealth Rock
|
|turn|31
|
|switch|p2a: Host Lighway|Hydreigon, M|325\/325
|move|p1a: Landorus|Sludge Wave|p2a: Host Lighway
|-damage|p2a: Host Lighway|127\/325
|
|turn|32
|
|switch|p1a: Azumarill|Azumarill, M|404\/404
|-damage|p1a: Azumarill|354\/404|[from] Stealth Rock
|move|p2a: Host Lighway|Draco Meteor|p1a: Azumarill
|-immune|p1a: Azumarill|[msg]
|
|turn|33
|
|switch|p2a: Red of Boses|Venusaur-Mega, M|363\/363
|switch|p1a: Landorus|Landorus, M|280\/320
|-damage|p1a: Landorus|240\/320|[from] Stealth Rock
|
|turn|34
|
|move|p1a: Landorus|Psychic|p2a: Red of Boses
|-supereffective|p2a: Red of Boses
|-damage|p2a: Red of Boses|100\/363
|move|p2a: Red of Boses|Giga Drain|p1a: Landorus
|-damage|p1a: Landorus|116\/320
|-heal|p2a: Red of Boses|162\/363|[from] drain|[of] p1a: Landorus
|
|turn|35
|
|switch|p2a: Host Lighway|Hydreigon, M|127\/325
|move|p1a: Landorus|Earth Power|p2a: Host Lighway
|-immune|p2a: Host Lighway|[msg]
|
|turn|36
|chat|Neo AE|still scared of the potential scarf lol
|
|switch|p1a: Azumarill|Azumarill, M|354\/404
|-damage|p1a: Azumarill|304\/404|[from] Stealth Rock
|move|p2a: Host Lighway|Dark Pulse|p1a: Azumarill
|-resisted|p1a: Azumarill
|-damage|p1a: Azumarill|211\/404
|
|turn|37
|
|switch|p2a: Red of Boses|Venusaur-Mega, M|162\/363
|move|p1a: Azumarill|Play Rough|p2a: Red of Boses
|-resisted|p2a: Red of Boses
|-damage|p2a: Red of Boses|69\/363
|
|turn|38
|
|switch|p1a: Landorus|Landorus, M|116\/320
|-damage|p1a: Landorus|76\/320|[from] Stealth Rock
|move|p2a: Red of Boses|Synthesis|p2a: Red of Boses
|-heal|p2a: Red of Boses|250\/363
|
|turn|39
|
|switch|p2a: Host Lighway|Hydreigon, M|127\/325
|move|p1a: Landorus|Psychic|p2a: Host Lighway
|-immune|p2a: Host Lighway|[msg]
|
|turn|40
|chat|Neo AE|meh i know it is scarfed
|
|move|p2a: Host Lighway|Dark Pulse|p1a: Landorus
|-damage|p1a: Landorus|0 fnt
|faint|p1a: Landorus
|
|chat|Jon Bovi|XD
|chat|Neo AE|should ve just used sludge wave but thought u might stay in this time :\/
|chat|Neo AE|not my day
|chat|Jon Bovi|Non scarfed hydreigon is outclassed
|chat|Jon Bovi|It's a risk u took bro
|
|switch|p1a: Heatran|Heatran, F|386\/386 slp
|-damage|p1a: Heatran|338\/386 slp|[from] Stealth Rock
|turn|41
|chat|Neo AE|well if i went for sludge wave n u satyed in
|chat|Neo AE|landorus would ve been dead too
|chat|Jon Bovi|That's pokemon lol
|
|move|p2a: Host Lighway|Dark Pulse|p1a: Heatran
|-damage|p1a: Heatran|226\/386 slp
|cant|p1a: Heatran|slp
|
|-heal|p1a: Heatran|250\/386 slp|[from] item: Leftovers
|turn|42
|
|move|p2a: Host Lighway|Dark Pulse|p1a: Heatran
|-damage|p1a: Heatran|142\/386 slp
|-curestatus|p1a: Heatran|slp
|move|p1a: Heatran|Stealth Rock|p2a: Host Lighway
|-sidestart|p2: Jon Bovi|move: Stealth Rock
|
|-heal|p1a: Heatran|166\/386|[from] item: Leftovers
|turn|43
|
|switch|p1a: Mandibuzz|Mandibuzz, F|282\/424
|-damage|p1a: Mandibuzz|176\/424|[from] Stealth Rock
|move|p2a: Host Lighway|Dark Pulse|p1a: Mandibuzz
|-resisted|p1a: Mandibuzz
|-damage|p1a: Mandibuzz|100\/424
|
|turn|44
|
|switch|p2a: Red of Boses|Venusaur-Mega, M|250\/363
|-damage|p2a: Red of Boses|205\/363|[from] Stealth Rock
|move|p1a: Mandibuzz|Roost|p1a: Mandibuzz
|-heal|p1a: Mandibuzz|312\/424
|
|turn|45
|
|switch|p1a: Heatran|Heatran, F|166\/386
|-damage|p1a: Heatran|118\/386|[from] Stealth Rock
|move|p2a: Red of Boses|Synthesis|p2a: Red of Boses
|-heal|p2a: Red of Boses|363\/363
|
|-heal|p1a: Heatran|142\/386|[from] item: Leftovers
|turn|46
|
|move|p2a: Red of Boses|Sleep Powder|p1a: Heatran
|-status|p1a: Heatran|slp
|cant|p1a: Heatran|slp
|
|-heal|p1a: Heatran|166\/386 slp|[from] item: Leftovers
|turn|47
|
|switch|p1a: Mandibuzz|Mandibuzz, F|312\/424
|-damage|p1a: Mandibuzz|206\/424|[from] Stealth Rock
|switch|p2a: Pivin on a Lrayer|Donphan, M|103\/384
|-damage|p2a: Pivin on a Lrayer|79\/384|[from] Stealth Rock
|
|turn|48
|chat|Neo AE|either rapid spin or switch meh
|
|move|p1a: Mandibuzz|Roost|p1a: Mandibuzz
|-heal|p1a: Mandibuzz|418\/424
|move|p2a: Pivin on a Lrayer|Rapid Spin|p1a: Mandibuzz
|-damage|p1a: Mandibuzz|398\/424
|-damage|p2a: Pivin on a Lrayer|15\/384|[from] item: Rocky Helmet|[of] p1a: Mandibuzz
|-sideend|p2: Jon Bovi|Stealth Rock|[from] move: Rapid Spin|[of] p2a: Pivin on a Lrayer
|
|turn|49
|chat|Neo AE|n again lol
|chat|Jon Bovi|Lol
|
|switch|p2a: Mad Bedecine|Heatran, F|386\/386
|move|p1a: Mandibuzz|Knock Off|p2a: Mad Bedecine
|-damage|p2a: Mad Bedecine|331\/386
|
|turn|50
|chat|Neo AE|prediction is not my friend today
|
|switch|p1a: Rotom-Wash|Rotom-Wash|220\/304 tox
|-damage|p1a: Rotom-Wash|182\/304 tox|[from] Stealth Rock
|move|p2a: Mad Bedecine|Toxic|p1a: Rotom-Wash
|-fail|p1a: Rotom-Wash|tox
|
|-heal|p1a: Rotom-Wash|201\/304 tox|[from] item: Leftovers
|-damage|p1a: Rotom-Wash|182\/304 tox|[from] psn
|turn|51
|chat|Jon Bovi|I agree haha
|
|move|p1a: Rotom-Wash|Volt Switch|p2a: Mad Bedecine
|-damage|p2a: Mad Bedecine|268\/386
|
|switch|p1a: Heatran|Heatran, F|166\/386 slp
|-damage|p1a: Heatran|118\/386 slp|[from] Stealth Rock
|move|p2a: Mad Bedecine|Taunt|p1a: Heatran
|-start|p1a: Heatran|move: Taunt
|
|-heal|p1a: Heatran|142\/386 slp|[from] item: Leftovers
|turn|52
|
|switch|p2a: It's Ly Mife|Vaporeon, M|381\/464
|-curestatus|p1a: Heatran|slp
|move|p1a: Heatran|Lava Plume|p2a: It's Ly Mife
|-resisted|p2a: It's Ly Mife
|-damage|p2a: It's Ly Mife|322\/464
|
|-heal|p1a: Heatran|166\/386|[from] item: Leftovers
|-heal|p2a: It's Ly Mife|351\/464|[from] item: Leftovers
|turn|53
|
|switch|p1a: Venusaur|Venusaur-Mega, M|364\/364
|-damage|p1a: Venusaur|319\/364|[from] Stealth Rock
|move|p2a: It's Ly Mife|Scald|p1a: Venusaur
|-resisted|p1a: Venusaur
|-damage|p1a: Venusaur|280\/364
|-status|p1a: Venusaur|brn
|
|-heal|p2a: It's Ly Mife|380\/464|[from] item: Leftovers
|-damage|p1a: Venusaur|235\/364 brn|[from] brn
|turn|54
|chat|Neo AE|oh my lord
|chat|Jon Bovi|Oups
|
|move|p2a: It's Ly Mife|Protect|p2a: It's Ly Mife
|-singleturn|p2a: It's Ly Mife|Protect
|move|p1a: Venusaur|Leech Seed|p2a: It's Ly Mife
|-activate|p2a: It's Ly Mife|Protect
|
|-heal|p2a: It's Ly Mife|409\/464|[from] item: Leftovers
|-damage|p1a: Venusaur|190\/364 brn|[from] brn
|turn|55
|
|switch|p2a: Mad Bedecine|Heatran, F|268\/386
|move|p1a: Venusaur|Synthesis|p1a: Venusaur
|-heal|p1a: Venusaur|364\/364 brn
|
|-damage|p1a: Venusaur|319\/364 brn|[from] brn
|turn|56
|
|switch|p1a: Azumarill|Azumarill, M|211\/404
|-damage|p1a: Azumarill|161\/404|[from] Stealth Rock
|move|p2a: Mad Bedecine|Taunt|p1a: Azumarill
|-start|p1a: Azumarill|move: Taunt
|
|turn|57
|
|switch|p2a: Red of Boses|Venusaur-Mega, M|363\/363
|switch|p1a: Heatran|Heatran, F|166\/386
|-damage|p1a: Heatran|118\/386|[from] Stealth Rock
|
|-heal|p1a: Heatran|142\/386|[from] item: Leftovers
|turn|58
|
|move|p2a: Red of Boses|Sleep Powder|p1a: Heatran|[miss]
|-miss|p2a: Red of Boses|p1a: Heatran
|move|p1a: Heatran|Stealth Rock|p2a: Red of Boses
|-sidestart|p2: Jon Bovi|move: Stealth Rock
|
|-heal|p1a: Heatran|166\/386|[from] item: Leftovers
|turn|59
|chat|Neo AE|yess
|
|switch|p1a: Mandibuzz|Mandibuzz, F|398\/424
|-damage|p1a: Mandibuzz|292\/424|[from] Stealth Rock
|move|p2a: Red of Boses|Sleep Powder|p1a: Mandibuzz|[miss]
|-miss|p2a: Red of Boses|p1a: Mandibuzz
|
|turn|60
|chat|Jon Bovi|I guess it's kinda fair lol
|chat|Neo AE|well nothing is fair in pokemon
|
|move|p2a: Red of Boses|Sludge Bomb|p1a: Mandibuzz
|-damage|p1a: Mandibuzz|153\/424
|move|p1a: Mandibuzz|Roost|p1a: Mandibuzz
|-heal|p1a: Mandibuzz|365\/424
|
|turn|61
|chat|Jon Bovi|Can u defog plz? Lol
|chat|Neo AE|hurts u more than me lol
|
|switch|p1a: Heatran|Heatran, F|166\/386
|-damage|p1a: Heatran|118\/386|[from] Stealth Rock
|move|p2a: Red of Boses|Sludge Bomb|p1a: Heatran
|-immune|p1a: Heatran|[msg]
|
|-heal|p1a: Heatran|142\/386|[from] item: Leftovers
|turn|62
|
|move|p2a: Red of Boses|Sleep Powder|p1a: Heatran|[miss]
|-miss|p2a: Red of Boses|p1a: Heatran
|move|p1a: Heatran|Lava Plume|p2a: Red of Boses
|-supereffective|p2a: Red of Boses
|-damage|p2a: Red of Boses|261\/363
|
|-heal|p1a: Heatran|166\/386|[from] item: Leftovers
|turn|63
|
|move|p1a: Heatran|Lava Plume|p2a: Red of Boses
|-supereffective|p2a: Red of Boses
|-damage|p2a: Red of Boses|157\/363
|move|p2a: Red of Boses|Sleep Powder|p1a: Heatran|[miss]
|-miss|p2a: Red of Boses|p1a: Heatran
|
|-heal|p1a: Heatran|190\/386|[from] item: Leftovers
|turn|64
|chat|Neo AE|wtf lol
|chat|Jon Bovi|Omg
|chat|Neo AE|+ speed tie
|
|move|p1a: Heatran|Lava Plume|p2a: Red of Boses
|-supereffective|p2a: Red of Boses
|-damage|p2a: Red of Boses|49\/363
|move|p2a: Red of Boses|Sleep Powder|p1a: Heatran
|-status|p1a: Heatran|slp
|
|-heal|p1a: Heatran|214\/386 slp|[from] item: Leftovers
|turn|65
|chat|Neo AE|wheres da brun :'(
|chat|Neo AE|burn
|
|move|p2a: Red of Boses|Synthesis|p2a: Red of Boses
|-heal|p2a: Red of Boses|230\/363
|cant|p1a: Heatran|slp
|
|-heal|p1a: Heatran|238\/386 slp|[from] item: Leftovers
|turn|66
|
|switch|p2a: It's Ly Mife|Vaporeon, M|409\/464
|-damage|p2a: It's Ly Mife|351\/464|[from] Stealth Rock
|-curestatus|p1a: Heatran|slp
|move|p1a: Heatran|Lava Plume|p2a: It's Ly Mife
|-resisted|p2a: It's Ly Mife
|-damage|p2a: It's Ly Mife|287\/464
|
|-heal|p1a: Heatran|262\/386|[from] item: Leftovers
|-heal|p2a: It's Ly Mife|316\/464|[from] item: Leftovers
|turn|67
|
|switch|p1a: Venusaur|Venusaur-Mega, M|319\/364 brn
|-damage|p1a: Venusaur|274\/364 brn|[from] Stealth Rock
|move|p2a: It's Ly Mife|Wish|p2a: It's Ly Mife
|
|-heal|p2a: It's Ly Mife|345\/464|[from] item: Leftovers
|-damage|p1a: Venusaur|229\/364 brn|[from] brn
|turn|68
|
|switch|p2a: Red of Boses|Venusaur-Mega, M|230\/363
|-damage|p2a: Red of Boses|185\/363|[from] Stealth Rock
|move|p1a: Venusaur|Synthesis|p1a: Venusaur
|-heal|p1a: Venusaur|364\/364 brn
|
|-heal|p2a: Red of Boses|363\/363|[from] move: Wish|[wisher] It's Ly Mife
|-damage|p1a: Venusaur|319\/364 brn|[from] brn
|turn|69
|
|switch|p1a: Heatran|Heatran, F|262\/386
|-damage|p1a: Heatran|214\/386|[from] Stealth Rock
|move|p2a: Red of Boses|Sludge Bomb|p1a: Heatran
|-immune|p1a: Heatran|[msg]
|
|-heal|p1a: Heatran|238\/386|[from] item: Leftovers
|turn|70
|
|move|p2a: Red of Boses|Sleep Powder|p1a: Heatran
|-status|p1a: Heatran|slp
|cant|p1a: Heatran|slp
|
|-heal|p1a: Heatran|262\/386 slp|[from] item: Leftovers
|turn|71
|
|switch|p2a: It's Ly Mife|Vaporeon, M|345\/464
|-damage|p2a: It's Ly Mife|287\/464|[from] Stealth Rock
|cant|p1a: Heatran|slp
|
|-heal|p1a: Heatran|286\/386 slp|[from] item: Leftovers
|-heal|p2a: It's Ly Mife|316\/464|[from] item: Leftovers
|turn|72
|
|cant|p1a: Heatran|slp
|move|p2a: It's Ly Mife|Wish|p2a: It's Ly Mife
|
|-heal|p1a: Heatran|310\/386 slp|[from] item: Leftovers
|-heal|p2a: It's Ly Mife|345\/464|[from] item: Leftovers
|turn|73
|
|move|p2a: It's Ly Mife|Scald|p1a: Heatran
|-supereffective|p1a: Heatran
|-damage|p1a: Heatran|176\/386 slp
|-curestatus|p1a: Heatran|slp
|move|p1a: Heatran|Roar|p2a: It's Ly Mife
|drag|p2a: Glaze of Blory|Talonflame, M|309\/309
|-damage|p2a: Glaze of Blory|155\/309|[from] Stealth Rock
|
|-heal|p2a: Glaze of Blory|309\/309|[from] move: Wish|[wisher] It's Ly Mife
|-heal|p1a: Heatran|200\/386|[from] item: Leftovers
|turn|74
|
|move|p2a: Glaze of Blory|Brave Bird|p1a: Heatran
|-resisted|p1a: Heatran
|-damage|p1a: Heatran|71\/386
|-damage|p2a: Glaze of Blory|266\/309|[from] recoil|[of] p1a: Heatran
|move|p1a: Heatran|Toxic|p2a: Glaze of Blory
|-status|p2a: Glaze of Blory|tox
|
|-heal|p1a: Heatran|95\/386|[from] item: Leftovers
|-damage|p2a: Glaze of Blory|247\/309 tox|[from] psn
|turn|75
|
|switch|p1a: Rotom-Wash|Rotom-Wash|182\/304 tox
|-damage|p1a: Rotom-Wash|144\/304 tox|[from] Stealth Rock
|move|p2a: Glaze of Blory|Brave Bird|p1a: Rotom-Wash
|-resisted|p1a: Rotom-Wash
|-damage|p1a: Rotom-Wash|54\/304 tox
|-damage|p2a: Glaze of Blory|217\/309 tox|[from] recoil|[of] p1a: Rotom-Wash
|
|-heal|p1a: Rotom-Wash|73\/304 tox|[from] item: Leftovers
|-damage|p2a: Glaze of Blory|179\/309 tox|[from] psn
|-damage|p1a: Rotom-Wash|54\/304 tox|[from] psn
|turn|76
|
|move|p2a: Glaze of Blory|Brave Bird|p1a: Rotom-Wash
|-resisted|p1a: Rotom-Wash
|-damage|p1a: Rotom-Wash|0 fnt
|-damage|p2a: Glaze of Blory|161\/309 tox|[from] recoil|[of] p1a: Rotom-Wash
|faint|p1a: Rotom-Wash
|
|-damage|p2a: Glaze of Blory|104\/309 tox|[from] psn
|
|switch|p1a: Mandibuzz|Mandibuzz, F|365\/424
|-damage|p1a: Mandibuzz|259\/424|[from] Stealth Rock
|turn|77
|
|move|p2a: Glaze of Blory|Brave Bird|p1a: Mandibuzz
|-damage|p1a: Mandibuzz|70\/424
|-damage|p2a: Glaze of Blory|53\/309 tox|[from] item: Rocky Helmet|[of] p1a: Mandibuzz
|-damage|p2a: Glaze of Blory|0 fnt|[from] recoil|[of] p1a: Mandibuzz
|faint|p2a: Glaze of Blory
|move|p1a: Mandibuzz|Roost|p1a: Mandibuzz
|-heal|p1a: Mandibuzz|282\/424
|
|chat|Neo AE|banded?
|chat|Jon Bovi|Yep
|
|switch|p2a: Mad Bedecine|Heatran, F|268\/386
|-damage|p2a: Mad Bedecine|220\/386|[from] Stealth Rock
|turn|78
|
|switch|p1a: Heatran|Heatran, F|95\/386
|-damage|p1a: Heatran|47\/386|[from] Stealth Rock
|move|p2a: Mad Bedecine|Taunt|p1a: Heatran
|-start|p1a: Heatran|move: Taunt
|
|-heal|p1a: Heatran|71\/386|[from] item: Leftovers
|turn|79
|chat|Neo AE|im fkd if u have something to hit me lol
|
|switch|p2a: Pivin on a Lrayer|Donphan, M|15\/384
|-damage|p2a: Pivin on a Lrayer|0 fnt|[from] Stealth Rock
|faint|p2a: Pivin on a Lrayer
|move|p1a: Heatran|Lava Plume|p2: Pivin on a Lrayer|[notarget]
|-notarget
|
|-heal|p1a: Heatran|95\/386|[from] item: Leftovers
|
|switch|p2a: It's Ly Mife|Vaporeon, M|345\/464
|-damage|p2a: It's Ly Mife|287\/464|[from] Stealth Rock
|turn|80
|
|switch|p1a: Venusaur|Venusaur-Mega, M|319\/364 brn
|-damage|p1a: Venusaur|274\/364 brn|[from] Stealth Rock
|move|p2a: It's Ly Mife|Wish|p2a: It's Ly Mife
|
|-heal|p2a: It's Ly Mife|316\/464|[from] item: Leftovers
|-damage|p1a: Venusaur|229\/364 brn|[from] brn
|turn|81
|
|switch|p2a: Mad Bedecine|Heatran, F|220\/386
|-damage|p2a: Mad Bedecine|172\/386|[from] Stealth Rock
|move|p1a: Venusaur|Sludge Bomb|p2a: Mad Bedecine
|-immune|p2a: Mad Bedecine|[msg]
|
|-heal|p2a: Mad Bedecine|386\/386|[from] move: Wish|[wisher] It's Ly Mife
|-damage|p1a: Venusaur|184\/364 brn|[from] brn
|turn|82
|
|move|p2a: Mad Bedecine|Taunt|p1a: Venusaur
|-start|p1a: Venusaur|move: Taunt
|cant|p1a: Venusaur|move: Taunt|Synthesis
|
|-damage|p1a: Venusaur|139\/364 brn|[from] brn
|turn|83
|
|switch|p2a: It's Ly Mife|Vaporeon, M|316\/464
|-damage|p2a: It's Ly Mife|258\/464|[from] Stealth Rock
|switch|p1a: Heatran|Heatran, F|95\/386
|-damage|p1a: Heatran|47\/386|[from] Stealth Rock
|
|-heal|p1a: Heatran|71\/386|[from] item: Leftovers
|-heal|p2a: It's Ly Mife|287\/464|[from] item: Leftovers
|turn|84
|chat|Jon Bovi|How is ur venusaur ev trained?
|chat|Jon Bovi|u can tell me after the match
|chat|Neo AE|ok
|
|switch|p1a: Venusaur|Venusaur-Mega, M|139\/364 brn
|-damage|p1a: Venusaur|94\/364 brn|[from] Stealth Rock
|move|p2a: It's Ly Mife|Scald|p1a: Venusaur
|-resisted|p1a: Venusaur
|-damage|p1a: Venusaur|52\/364 brn
|
|-heal|p2a: It's Ly Mife|316\/464|[from] item: Leftovers
|-damage|p1a: Venusaur|7\/364 brn|[from] brn
|turn|85
|chat|Neo AE|phewww
|
|switch|p2a: Mad Bedecine|Heatran, F|386\/386
|-damage|p2a: Mad Bedecine|338\/386|[from] Stealth Rock
|move|p1a: Venusaur|Synthesis|p1a: Venusaur
|-heal|p1a: Venusaur|189\/364 brn
|
|-damage|p1a: Venusaur|144\/364 brn|[from] brn
|turn|86
|
|switch|p1a: Azumarill|Azumarill, M|161\/404
|-damage|p1a: Azumarill|111\/404|[from] Stealth Rock
|move|p2a: Mad Bedecine|Taunt|p1a: Azumarill
|-start|p1a: Azumarill|move: Taunt
|
|turn|87
|
|switch|p2a: Red of Boses|Venusaur-Mega, M|363\/363
|-damage|p2a: Red of Boses|318\/363|[from] Stealth Rock
|move|p1a: Azumarill|Play Rough|p2a: Red of Boses
|-resisted|p2a: Red of Boses
|-damage|p2a: Red of Boses|231\/363
|-unboost|p2a: Red of Boses|atk|1
|
|turn|88
|chat|Jon Bovi|The attack drop... Lol
|chat|Neo AE|meh that doesnt look gd for me
|chat|Neo AE|if my venusaur wasnt burned :'(
|chat|Jon Bovi|P
|chat|Jon Bovi|o
|chat|Jon Bovi|k
|chat|Jon Bovi|e
|chat|Jon Bovi|m
|chat|Jon Bovi|o
|chat|Jon Bovi|n
|chat|Neo AE|H
|chat|Neo AE|a
|chat|Neo AE|t
|chat|Jon Bovi|lol
|chat|Neo AE|e
|chat|Neo AE| it
|chat|Neo AE|t
|
|switch|p1a: Mandibuzz|Mandibuzz, F|282\/424
|-damage|p1a: Mandibuzz|176\/424|[from] Stealth Rock
|move|p2a: Red of Boses|Synthesis|p2a: Red of Boses
|-heal|p2a: Red of Boses|363\/363
|
|turn|89
|chat|Neo AE|i lost
|
|move|p2a: Red of Boses|Sludge Bomb|p1a: Mandibuzz
|-damage|p1a: Mandibuzz|49\/424
|move|p1a: Mandibuzz|Roost|p1a: Mandibuzz
|-heal|p1a: Mandibuzz|261\/424
|
|turn|90
|
|move|p2a: Red of Boses|Sludge Bomb|p1a: Mandibuzz
|-damage|p1a: Mandibuzz|122\/424
|move|p1a: Mandibuzz|Roost|p1a: Mandibuzz
|-heal|p1a: Mandibuzz|334\/424
|
|turn|91
|
|move|p2a: Red of Boses|Sludge Bomb|p1a: Mandibuzz
|-damage|p1a: Mandibuzz|193\/424
|move|p1a: Mandibuzz|Roost|p1a: Mandibuzz
|-heal|p1a: Mandibuzz|405\/424
|
|turn|92
|
|move|p2a: Red of Boses|Sludge Bomb|p1a: Mandibuzz
|-damage|p1a: Mandibuzz|276\/424
|move|p1a: Mandibuzz|Foul Play|p2a: Red of Boses
|-damage|p2a: Red of Boses|317\/363
|
|turn|93
|chat|Neo AE|omg xD
|chat|Jon Bovi|Minimum attack iv
|
|move|p2a: Red of Boses|Sludge Bomb|p1a: Mandibuzz
|-crit|p1a: Mandibuzz
|-damage|p1a: Mandibuzz|90\/424
|-status|p1a: Mandibuzz|psn
|move|p1a: Mandibuzz|Roost|p1a: Mandibuzz
|-heal|p1a: Mandibuzz|302\/424 psn
|
|-damage|p1a: Mandibuzz|249\/424 psn|[from] psn
|turn|94
|chat|Neo AE|ofcuz the poison comes with the crit xD
|chat|Neo AE|doesnt matter but thats how it always happens xD
|
|switch|p2a: Mad Bedecine|Heatran, F|338\/386
|-damage|p2a: Mad Bedecine|290\/386|[from] Stealth Rock
|move|p1a: Mandibuzz|Roost|p1a: Mandibuzz
|-heal|p1a: Mandibuzz|424\/424 psn
|
|-damage|p1a: Mandibuzz|371\/424 psn|[from] psn
|turn|95
|chat|Jon Bovi|It had to come
|chat|Neo AE|yh ik
|chat|Jon Bovi|not the crit lol
|chat|Neo AE|but it comes with the crit
|
|move|p2a: Mad Bedecine|Taunt|p1a: Mandibuzz
|-start|p1a: Mandibuzz|move: Taunt
|move|p1a: Mandibuzz|Foul Play|p2a: Mad Bedecine
|-damage|p2a: Mad Bedecine|202\/386
|
|-damage|p1a: Mandibuzz|318\/424 psn|[from] psn
|turn|96
|
|move|p2a: Mad Bedecine|Lava Plume|p1a: Mandibuzz
|-damage|p1a: Mandibuzz|206\/424 psn
|move|p1a: Mandibuzz|Foul Play|p2a: Mad Bedecine
|-damage|p2a: Mad Bedecine|117\/386
|
|-damage|p1a: Mandibuzz|153\/424 psn|[from] psn
|turn|97
|chat|Neo AE|just bring it to an end im done with this game
|
|switch|p2a: Red of Boses|Venusaur-Mega, M|317\/363
|-damage|p2a: Red of Boses|272\/363|[from] Stealth Rock
|move|p1a: Mandibuzz|Foul Play|p2a: Red of Boses
|-damage|p2a: Red of Boses|212\/363
|
|-damage|p1a: Mandibuzz|100\/424 psn|[from] psn
|-end|p1a: Mandibuzz|move: Taunt
|turn|98
|
|move|p2a: Red of Boses|Sludge Bomb|p1a: Mandibuzz
|-damage|p1a: Mandibuzz|0 fnt
|faint|p1a: Mandibuzz
|
|
|switch|p1a: Venusaur|Venusaur-Mega, M|144\/364 brn
|-damage|p1a: Venusaur|99\/364 brn|[from] Stealth Rock
|turn|99
|
|move|p2a: Red of Boses|Sludge Bomb|p1a: Venusaur
|-damage|p1a: Venusaur|0 fnt
|faint|p1a: Venusaur
|
|chat|Jon Bovi|Gg
|
|switch|p1a: Heatran|Heatran, F|71\/386
|-damage|p1a: Heatran|23\/386|[from] Stealth Rock
|turn|100
|chat|Jon Bovi|100 turns
|chat|Neo AE|yh gg
|
|move|p2a: Red of Boses|Giga Drain|p1a: Heatran
|-resisted|p1a: Heatran
|-damage|p1a: Heatran|3\/386
|-heal|p2a: Red of Boses|222\/363|[from] drain|[of] p1a: Heatran
|move|p1a: Heatran|Lava Plume|p2a: Red of Boses
|-supereffective|p2a: Red of Boses
|-damage|p2a: Red of Boses|126\/363
|
|-heal|p1a: Heatran|27\/386|[from] item: Leftovers
|turn|101
|chat|Neo AE|i will survive
|
|move|p1a: Heatran|Lava Plume|p2a: Red of Boses
|-supereffective|p2a: Red of Boses
|-damage|p2a: Red of Boses|22\/363
|-status|p2a: Red of Boses|brn
|move|p2a: Red of Boses|Sleep Powder|p1a: Heatran|[miss]
|-miss|p2a: Red of Boses|p1a: Heatran
|
|-heal|p1a: Heatran|51\/386|[from] item: Leftovers
|-damage|p2a: Red of Boses|0 fnt|[from] brn
|faint|p2a: Red of Boses
|chat|Jon Bovi|XD
|chat|Neo AE|at least killed that fat fucker too xD
|
|switch|p2a: Host Lighway|Hydreigon, M|127\/325
|-damage|p2a: Host Lighway|87\/325|[from] Stealth Rock
|turn|102
|chat|Neo AE|end in hydraigon
|chat|Neo AE|yh
|chat|Neo AE|send*
|
|move|p2a: Host Lighway|Dark Pulse|p1a: Heatran
|-damage|p1a: Heatran|0 fnt
|faint|p1a: Heatran
|
|
|switch|p1a: Azumarill|Azumarill, M|111\/404
|-damage|p1a: Azumarill|61\/404|[from] Stealth Rock
|turn|103
|chat|Jon Bovi|Gg man
|
|move|p2a: Host Lighway|Dark Pulse|p1a: Azumarill
|-resisted|p1a: Azumarill
|-damage|p1a: Azumarill|0 fnt
|faint|p1a: Azumarill
|
|win|Jon Bovi
|raw|Ladder updating...
|chat|Neo AE|gg
|raw|Neo AE's rating: 1710 &rarr; <strong>1698<\/strong><br \/>(-12 for losing)
|raw|Jon Bovi's rating: 1859 &rarr; <strong>1871<\/strong><br \/>(+12 for winning)