|join|Neo AE
|join|SunnySuspect
|player|p1|Neo AE|153
|player|p2|SunnySuspect|169
|gametype|singles
|gen|6
|tier|OU (suspect test)
|rated
|clearpoke
|poke|p1|Tornadus-Therian, M
|poke|p1|Metagross
|poke|p1|Keldeo
|poke|p1|Landorus-Therian, M
|poke|p1|Rotom-Wash
|poke|p1|Clefable, F
|poke|p2|Gardevoir, F
|poke|p2|Gliscor, M
|poke|p2|Heatran, F
|poke|p2|Amoonguss, M
|poke|p2|Keldeo-Resolute
|poke|p2|Zapdos
|rule|Swagger Clause: Swagger is banned
|rule|Baton Pass Clause: Limit one PokÃ©mon knowing Baton Pass
|rule|Sleep Clause Mod: Limit one foe put to sleep
|rule|Species Clause: Limit one of each PokÃ©mon
|rule|OHKO Clause: OHKO moves are banned
|rule|Moody Clause: Moody is banned
|rule|Evasion Moves Clause: Evasion moves are banned
|rule|Endless Battle Clause: Forcing endless battles is banned
|rule|HP Percentage Mod: HP is shown in percentages
|teampreview
|c|âSunnySuspect|gl
|c|âNeo AE|u2
|
|start
|switch|p1a: Metagross|Metagross|301\/301
|switch|p2a: Gliscor|Gliscor, M|352\/352
|turn|1
|
|switch|p1a: Landorus-Therian|Landorus-Therian, M|381\/381
|-ability|p1a: Landorus-Therian|Intimidate|[of] p2a: Gliscor
|-unboost|p2a: Gliscor|atk|1
|move|p2a: Gliscor|Earthquake|p1a: Landorus-Therian
|-immune|p1a: Landorus-Therian|[msg]
|
|-status|p2a: Gliscor|tox|[from] item: Toxic Orb
|turn|2
|
|move|p2a: Gliscor|Taunt|p1a: Landorus-Therian
|-start|p1a: Landorus-Therian|move: Taunt
|cant|p1a: Landorus-Therian|move: Taunt|Stealth Rock
|
|turn|3
|
|move|p2a: Gliscor|Toxic|p1a: Landorus-Therian
|-status|p1a: Landorus-Therian|tox
|move|p1a: Landorus-Therian|U-turn|p2a: Gliscor
|-resisted|p2a: Gliscor
|-damage|p2a: Gliscor|320\/352 tox
|
|switch|p1a: Rotom-Hax|Rotom-Wash|304\/304
|
|-heal|p2a: Gliscor|352\/352 tox|[from] ability: Poison Heal
|turn|4
|
|move|p2a: Gliscor|Toxic|p1a: Rotom-Hax
|-status|p1a: Rotom-Hax|tox
|move|p1a: Rotom-Hax|Volt Switch|p2a: Gliscor
|-immune|p2a: Gliscor|[msg]
|
|-damage|p1a: Rotom-Hax|285\/304 tox|[from] psn
|turn|5
|
|switch|p2a: Heatran|Heatran, F|385\/385
|move|p1a: Rotom-Hax|Volt Switch|p2a: Heatran
|-damage|p2a: Heatran|321\/385
|
|switch|p1a: Landorus-Therian|Landorus-Therian, M|381\/381 tox
|-ability|p1a: Landorus-Therian|Intimidate|[of] p2a: Heatran
|-unboost|p2a: Heatran|atk|1
|
|-heal|p2a: Heatran|345\/385|[from] item: Leftovers
|-damage|p1a: Landorus-Therian|358\/381 tox|[from] psn
|turn|6
|
|switch|p2a: Zapdos|Zapdos|383\/383
|-ability|p2a: Zapdos|Pressure
|move|p1a: Landorus-Therian|Stealth Rock|p2a: Zapdos
|-sidestart|p2: SunnySuspect|move: Stealth Rock
|
|-heal|p1a: Landorus-Therian|381\/381 tox|[from] item: Leftovers
|-damage|p1a: Landorus-Therian|335\/381 tox|[from] psn
|turn|7
|
|move|p2a: Zapdos|Defog|p1a: Landorus-Therian
|-unboost|p1a: Landorus-Therian|evasion|1
|-sideend|p2: SunnySuspect|Stealth Rock|[from] move: Defog|[of] p2a: Zapdos
|move|p1a: Landorus-Therian|Rock Slide|p2a: Zapdos
|-supereffective|p2a: Zapdos
|-damage|p2a: Zapdos|245\/383
|
|-heal|p2a: Zapdos|268\/383|[from] item: Leftovers
|-heal|p1a: Landorus-Therian|358\/381 tox|[from] item: Leftovers
|-damage|p1a: Landorus-Therian|289\/381 tox|[from] psn
|turn|8
|
|switch|p1a: Clefable|Clefable, F|394\/394
|move|p2a: Zapdos|Hidden Power|p1a: Clefable
|-damage|p1a: Clefable|344\/394
|
|-heal|p2a: Zapdos|291\/383|[from] item: Leftovers
|-heal|p1a: Clefable|368\/394|[from] item: Leftovers
|turn|9
|
|switch|p2a: Heatran|Heatran, F|345\/385
|move|p1a: Clefable|Thunder Wave|p2a: Heatran
|-status|p2a: Heatran|par
|
|-heal|p1a: Clefable|392\/394|[from] item: Leftovers
|-heal|p2a: Heatran|369\/385 par|[from] item: Leftovers
|turn|10
|
|switch|p1a: Landorus-Therian|Landorus-Therian, M|289\/381 tox
|-ability|p1a: Landorus-Therian|Intimidate|[of] p2a: Heatran
|-unboost|p2a: Heatran|atk|1
|move|p2a: Heatran|Stealth Rock|p1a: Landorus-Therian
|-sidestart|p1: Neo AE|move: Stealth Rock
|
|-heal|p1a: Landorus-Therian|312\/381 tox|[from] item: Leftovers
|-heal|p2a: Heatran|385\/385 par|[from] item: Leftovers
|-damage|p1a: Landorus-Therian|289\/381 tox|[from] psn
|turn|11
|
|switch|p2a: Zapdos|Zapdos|291\/383
|-ability|p2a: Zapdos|Pressure
|move|p1a: Landorus-Therian|Stealth Rock|p2a: Zapdos
|-sidestart|p2: SunnySuspect|move: Stealth Rock
|
|-heal|p2a: Zapdos|314\/383|[from] item: Leftovers
|-heal|p1a: Landorus-Therian|312\/381 tox|[from] item: Leftovers
|-damage|p1a: Landorus-Therian|266\/381 tox|[from] psn
|turn|12
|
|switch|p1a: Clefable|Clefable, F|392\/394
|move|p2a: Zapdos|Defog|p1a: Clefable
|-unboost|p1a: Clefable|evasion|1
|-sideend|p1: Neo AE|Stealth Rock|[from] move: Defog|[of] p1a: Clefable
|-sideend|p2: SunnySuspect|Stealth Rock|[from] move: Defog|[of] p2a: Zapdos
|
|-heal|p2a: Zapdos|337\/383|[from] item: Leftovers
|-heal|p1a: Clefable|394\/394|[from] item: Leftovers
|turn|13
|
|switch|p2a: Heatran|Heatran, F|385\/385 par
|switch|p1a: Keldeo|Keldeo|323\/323
|
|turn|14
|
|switch|p2a: Amoonguss|Amoonguss, M|431\/431
|move|p1a: Keldeo|Calm Mind|p1a: Keldeo
|-boost|p1a: Keldeo|spa|1
|-boost|p1a: Keldeo|spd|1
|
|turn|15
|
|move|p1a: Keldeo|Substitute|p1a: Keldeo
|-start|p1a: Keldeo|Substitute
|-damage|p1a: Keldeo|243\/323
|move|p2a: Amoonguss|Clear Smog|p1a: Keldeo
|-activate|p1a: Keldeo|Substitute|[damage]
|
|-heal|p1a: Keldeo|263\/323|[from] item: Leftovers
|turn|16
|
|move|p1a: Keldeo|Scald|p2a: Amoonguss
|-resisted|p2a: Amoonguss
|-damage|p2a: Amoonguss|326\/431
|move|p2a: Amoonguss|Giga Drain|p1a: Keldeo
|-supereffective|p1a: Keldeo
|-end|p1a: Keldeo|Substitute
|-heal|p2a: Amoonguss|348\/431|[from] drain|[of] p1a: Keldeo
|
|-heal|p1a: Keldeo|283\/323|[from] item: Leftovers
|-heal|p2a: Amoonguss|374\/431|[from] item: Black Sludge
|turn|17
|
|move|p1a: Keldeo|Substitute|p1a: Keldeo
|-start|p1a: Keldeo|Substitute
|-damage|p1a: Keldeo|203\/323
|move|p2a: Amoonguss|Giga Drain|p1a: Keldeo
|-supereffective|p1a: Keldeo
|-end|p1a: Keldeo|Substitute
|-heal|p2a: Amoonguss|414\/431|[from] drain|[of] p1a: Keldeo
|
|-heal|p1a: Keldeo|223\/323|[from] item: Leftovers
|-heal|p2a: Amoonguss|431\/431|[from] item: Black Sludge
|turn|18
|
|move|p1a: Keldeo|Calm Mind|p1a: Keldeo
|-boost|p1a: Keldeo|spa|1
|-boost|p1a: Keldeo|spd|1
|move|p2a: Amoonguss|Clear Smog|p1a: Keldeo
|-damage|p1a: Keldeo|195\/323
|-clearboost|p1a: Keldeo
|
|-heal|p1a: Keldeo|215\/323|[from] item: Leftovers
|turn|19
|
|switch|p1a: Metagross|Metagross|301\/301
|move|p2a: Amoonguss|Giga Drain|p1a: Metagross
|-resisted|p1a: Metagross
|-damage|p1a: Metagross|259\/301
|
|turn|20
|
|detailschange|p1a: Metagross|Metagross-Mega
|-mega|p1a: Metagross|Metagross|Metagrossite
|move|p1a: Metagross|Meteor Mash|p2a: Amoonguss
|-damage|p2a: Amoonguss|178\/431
|move|p2a: Amoonguss|Spore|p1a: Metagross
|-status|p1a: Metagross|slp
|
|-heal|p2a: Amoonguss|204\/431|[from] item: Black Sludge
|turn|21
|
|switch|p1a: Tornadus-Therian|Tornadus-Therian, M|299\/299
|move|p2a: Amoonguss|Foul Play|p1a: Tornadus-Therian
|-damage|p1a: Tornadus-Therian|210\/299
|
|-heal|p2a: Amoonguss|230\/431|[from] item: Black Sludge
|turn|22
|
|switch|p2a: Gliscor|Gliscor, M|352\/352 tox
|move|p1a: Tornadus-Therian|Knock Off|p2a: Gliscor
|-crit|p2a: Gliscor
|-damage|p2a: Gliscor|227\/352 tox
|-enditem|p2a: Gliscor|Toxic Orb|[from] move: Knock Off|[of] p1a: Tornadus-Therian
|-damage|p1a: Tornadus-Therian|181\/299|[from] item: Life Orb
|
|-heal|p2a: Gliscor|271\/352 tox|[from] ability: Poison Heal
|turn|23
|
|switch|p1a: Clefable|Clefable, F|394\/394
|move|p2a: Gliscor|Toxic|p1a: Clefable
|-status|p1a: Clefable|tox
|
|-heal|p2a: Gliscor|315\/352 tox|[from] ability: Poison Heal
|turn|24
|
|switch|p1a: Rotom-Hax|Rotom-Wash|285\/304 tox
|move|p2a: Gliscor|Taunt|p1a: Rotom-Hax
|-start|p1a: Rotom-Hax|move: Taunt
|
|-heal|p1a: Rotom-Hax|304\/304 tox|[from] item: Leftovers
|-heal|p2a: Gliscor|352\/352 tox|[from] ability: Poison Heal
|-damage|p1a: Rotom-Hax|285\/304 tox|[from] psn
|turn|25
|
|switch|p2a: Gardevoir|Gardevoir, F|287\/287
|-ability|p2a: Gardevoir|Levitate|[from] ability: Trace|[of] p1a: Rotom-Hax
|move|p1a: Rotom-Hax|Hydro Pump|p2a: Gardevoir
|-damage|p2a: Gardevoir|176\/287
|
|-heal|p1a: Rotom-Hax|304\/304 tox|[from] item: Leftovers
|-damage|p1a: Rotom-Hax|266\/304 tox|[from] psn
|turn|26
|
|switch|p1a: Landorus-Therian|Landorus-Therian, M|266\/381 tox
|-ability|p1a: Landorus-Therian|Intimidate|[of] p2a: Gardevoir
|-unboost|p2a: Gardevoir|atk|1
|detailschange|p2a: Gardevoir|Gardevoir-Mega, F
|-mega|p2a: Gardevoir|Gardevoir|Gardevoirite
|move|p2a: Gardevoir|Hyper Voice|p1a: Landorus-Therian
|-crit|p1a: Landorus-Therian
|-damage|p1a: Landorus-Therian|0 fnt
|faint|p1a: Landorus-Therian
|
|
|switch|p1a: Clefable|Clefable, F|394\/394 tox
|turn|27
|
|move|p2a: Gardevoir|Hyper Voice|p1a: Clefable
|-crit|p1a: Clefable
|-damage|p1a: Clefable|43\/394 tox
|move|p1a: Clefable|Thunder Wave|p2a: Gardevoir
|-status|p2a: Gardevoir|par
|
|-heal|p1a: Clefable|67\/394 tox|[from] item: Leftovers
|turn|28
|
|switch|p1a: Metagross|Metagross-Mega|259\/301 slp
|cant|p2a: Gardevoir|par
|
|turn|29
|
|switch|p2a: Gliscor|Gliscor, M|352\/352 tox
|cant|p1a: Metagross|slp
|
|turn|30
|
|switch|p1a: Rotom-Hax|Rotom-Wash|266\/304 tox
|move|p2a: Gliscor|Earthquake|p1a: Rotom-Hax
|-immune|p1a: Rotom-Hax|[msg]
|
|-heal|p1a: Rotom-Hax|285\/304 tox|[from] item: Leftovers
|-damage|p1a: Rotom-Hax|266\/304 tox|[from] psn
|turn|31
|
|move|p2a: Gliscor|Taunt|p1a: Rotom-Hax
|-start|p1a: Rotom-Hax|move: Taunt
|move|p1a: Rotom-Hax|Volt Switch|p2a: Gliscor
|-immune|p2a: Gliscor|[msg]
|
|-heal|p1a: Rotom-Hax|285\/304 tox|[from] item: Leftovers
|-damage|p1a: Rotom-Hax|247\/304 tox|[from] psn
|turn|32
|
|switch|p1a: Keldeo|Keldeo|215\/323
|move|p2a: Gliscor|Toxic|p1a: Keldeo
|-status|p1a: Keldeo|tox
|
|-heal|p1a: Keldeo|235\/323 tox|[from] item: Leftovers
|-damage|p1a: Keldeo|215\/323 tox|[from] psn
|turn|33
|
|switch|p1a: Clefable|Clefable, F|67\/394 tox
|switch|p2a: Amoonguss|Amoonguss, M|373\/431
|
|-heal|p1a: Clefable|91\/394 tox|[from] item: Leftovers
|-heal|p2a: Amoonguss|399\/431|[from] item: Black Sludge
|turn|34
|
|move|p1a: Clefable|Soft-Boiled|p1a: Clefable
|-heal|p1a: Clefable|288\/394 tox
|move|p2a: Amoonguss|Clear Smog|p1a: Clefable
|-supereffective|p1a: Clefable
|-damage|p1a: Clefable|196\/394 tox
|-clearboost|p1a: Clefable
|
|-heal|p1a: Clefable|220\/394 tox|[from] item: Leftovers
|-heal|p2a: Amoonguss|425\/431|[from] item: Black Sludge
|turn|35
|
|switch|p1a: Tornadus-Therian|Tornadus-Therian, M|280\/299
|move|p2a: Amoonguss|Foul Play|p1a: Tornadus-Therian
|-damage|p1a: Tornadus-Therian|186\/299
|
|-heal|p2a: Amoonguss|431\/431|[from] item: Black Sludge
|turn|36
|
|switch|p2a: Gliscor|Gliscor, M|352\/352 tox
|move|p1a: Tornadus-Therian|Hurricane|p2a: Gliscor|[miss]
|-miss|p1a: Tornadus-Therian|p2a: Gliscor
|
|turn|37
|
|switch|p1a: Clefable|Clefable, F|220\/394 tox
|move|p2a: Gliscor|Toxic|p1a: Clefable
|-fail|p1a: Clefable|tox
|
|-heal|p1a: Clefable|244\/394 tox|[from] item: Leftovers
|turn|38
|
|switch|p1a: Rotom-Hax|Rotom-Wash|247\/304 tox
|move|p2a: Gliscor|Taunt|p1a: Rotom-Hax
|-start|p1a: Rotom-Hax|move: Taunt
|
|-heal|p1a: Rotom-Hax|266\/304 tox|[from] item: Leftovers
|-damage|p1a: Rotom-Hax|247\/304 tox|[from] psn
|turn|39
|
|move|p2a: Gliscor|Toxic|p1a: Rotom-Hax
|-fail|p1a: Rotom-Hax|tox
|move|p1a: Rotom-Hax|Hydro Pump|p2a: Gliscor
|-supereffective|p2a: Gliscor
|-damage|p2a: Gliscor|124\/352 tox
|
|-heal|p1a: Rotom-Hax|266\/304 tox|[from] item: Leftovers
|-heal|p2a: Gliscor|168\/352 tox|[from] ability: Poison Heal
|-damage|p1a: Rotom-Hax|228\/304 tox|[from] psn
|turn|40
|
|move|p2a: Gliscor|Roost|p2a: Gliscor
|-heal|p2a: Gliscor|344\/352 tox
|move|p1a: Rotom-Hax|Volt Switch|p2a: Gliscor
|-immune|p2a: Gliscor|[msg]
|
|-heal|p1a: Rotom-Hax|247\/304 tox|[from] item: Leftovers
|-heal|p2a: Gliscor|352\/352 tox|[from] ability: Poison Heal
|-damage|p1a: Rotom-Hax|190\/304 tox|[from] psn
|turn|41
|
|switch|p1a: Clefable|Clefable, F|244\/394 tox
|move|p2a: Gliscor|Earthquake|p1a: Clefable
|-damage|p1a: Clefable|118\/394 tox
|
|-heal|p1a: Clefable|142\/394 tox|[from] item: Leftovers
|turn|42
|
|move|p2a: Gliscor|Taunt|p1a: Clefable
|-start|p1a: Clefable|move: Taunt
|cant|p1a: Clefable|move: Taunt|Soft-Boiled
|
|-heal|p1a: Clefable|166\/394 tox|[from] item: Leftovers
|turn|43
|
|switch|p1a: Rotom-Hax|Rotom-Wash|190\/304 tox
|move|p2a: Gliscor|Toxic|p1a: Rotom-Hax
|-fail|p1a: Rotom-Hax|tox
|
|-heal|p1a: Rotom-Hax|209\/304 tox|[from] item: Leftovers
|-damage|p1a: Rotom-Hax|190\/304 tox|[from] psn
|turn|44
|
|switch|p1a: Tornadus-Therian|Tornadus-Therian, M|285\/299
|move|p2a: Gliscor|Taunt|p1a: Tornadus-Therian
|-start|p1a: Tornadus-Therian|move: Taunt
|
|turn|45
|
|switch|p1a: Clefable|Clefable, F|166\/394 tox
|move|p2a: Gliscor|Toxic|p1a: Clefable
|-fail|p1a: Clefable|tox
|
|-heal|p1a: Clefable|190\/394 tox|[from] item: Leftovers
|turn|46
|
|move|p2a: Gliscor|Taunt|p1a: Clefable
|-start|p1a: Clefable|move: Taunt
|cant|p1a: Clefable|move: Taunt|Soft-Boiled
|
|-heal|p1a: Clefable|214\/394 tox|[from] item: Leftovers
|turn|47
|
|switch|p1a: Rotom-Hax|Rotom-Wash|190\/304 tox
|move|p2a: Gliscor|Toxic|p1a: Rotom-Hax|[miss]
|-miss|p2a: Gliscor|p1a: Rotom-Hax
|
|-heal|p1a: Rotom-Hax|209\/304 tox|[from] item: Leftovers
|-damage|p1a: Rotom-Hax|190\/304 tox|[from] psn
|turn|48
|
|move|p2a: Gliscor|Taunt|p1a: Rotom-Hax
|-start|p1a: Rotom-Hax|move: Taunt
|move|p1a: Rotom-Hax|Hydro Pump|p2a: Gliscor
|-supereffective|p2a: Gliscor
|-damage|p2a: Gliscor|82\/352 tox
|
|-heal|p1a: Rotom-Hax|209\/304 tox|[from] item: Leftovers
|-heal|p2a: Gliscor|126\/352 tox|[from] ability: Poison Heal
|-damage|p1a: Rotom-Hax|171\/304 tox|[from] psn
|turn|49
|
|move|p2a: Gliscor|Roost|p2a: Gliscor
|-heal|p2a: Gliscor|302\/352 tox
|move|p1a: Rotom-Hax|Hydro Pump|p2a: Gliscor|[miss]
|-miss|p1a: Rotom-Hax|p2a: Gliscor
|
|-heal|p1a: Rotom-Hax|190\/304 tox|[from] item: Leftovers
|-heal|p2a: Gliscor|346\/352 tox|[from] ability: Poison Heal
|-damage|p1a: Rotom-Hax|133\/304 tox|[from] psn
|turn|50
|
|switch|p1a: Clefable|Clefable, F|214\/394 tox
|move|p2a: Gliscor|Earthquake|p1a: Clefable
|-damage|p1a: Clefable|105\/394 tox
|
|-heal|p1a: Clefable|129\/394 tox|[from] item: Leftovers
|-heal|p2a: Gliscor|352\/352 tox|[from] ability: Poison Heal
|turn|51
|c|âSunnySuspect|wat is Rotom W
|
|move|p2a: Gliscor|Taunt|p1a: Clefable
|-start|p1a: Clefable|move: Taunt
|cant|p1a: Clefable|move: Taunt|Soft-Boiled
|
|-heal|p1a: Clefable|153\/394 tox|[from] item: Leftovers
|turn|52
|
|switch|p1a: Rotom-Hax|Rotom-Wash|133\/304 tox
|move|p2a: Gliscor|Taunt|p1a: Rotom-Hax
|-start|p1a: Rotom-Hax|move: Taunt
|
|-heal|p1a: Rotom-Hax|152\/304 tox|[from] item: Leftovers
|-damage|p1a: Rotom-Hax|133\/304 tox|[from] psn
|turn|53
|
|switch|p1a: Tornadus-Therian|Tornadus-Therian, M|299\/299
|move|p2a: Gliscor|Taunt|p1a: Tornadus-Therian
|-start|p1a: Tornadus-Therian|move: Taunt
|
|turn|54
|
|switch|p1a: Clefable|Clefable, F|153\/394 tox
|move|p2a: Gliscor|Toxic|p1a: Clefable
|-fail|p1a: Clefable|tox
|
|-heal|p1a: Clefable|177\/394 tox|[from] item: Leftovers
|turn|55
|
|move|p2a: Gliscor|Taunt|p1a: Clefable
|-start|p1a: Clefable|move: Taunt
|cant|p1a: Clefable|move: Taunt|Soft-Boiled
|
|-heal|p1a: Clefable|201\/394 tox|[from] item: Leftovers
|turn|56
|
|switch|p1a: Rotom-Hax|Rotom-Wash|133\/304 tox
|move|p2a: Gliscor|Taunt|p1a: Rotom-Hax
|-start|p1a: Rotom-Hax|move: Taunt
|
|-heal|p1a: Rotom-Hax|152\/304 tox|[from] item: Leftovers
|-damage|p1a: Rotom-Hax|133\/304 tox|[from] psn
|turn|57
|
|switch|p1a: Tornadus-Therian|Tornadus-Therian, M|299\/299
|move|p2a: Gliscor|Toxic|p1a: Tornadus-Therian
|-status|p1a: Tornadus-Therian|tox
|
|-damage|p1a: Tornadus-Therian|281\/299 tox|[from] psn
|turn|58
|
|move|p1a: Tornadus-Therian|Hurricane|p2a: Gliscor|[miss]
|-miss|p1a: Tornadus-Therian|p2a: Gliscor
|move|p2a: Gliscor|Roost|p2a: Gliscor
|-fail|p2a: Gliscor
|
|-damage|p1a: Tornadus-Therian|245\/299 tox|[from] psn
|turn|59
|
|switch|p1a: Clefable|Clefable, F|201\/394 tox
|move|p2a: Gliscor|Earthquake|p1a: Clefable
|-damage|p1a: Clefable|92\/394 tox
|
|-heal|p1a: Clefable|116\/394 tox|[from] item: Leftovers
|turn|60
|
|move|p2a: Gliscor|Earthquake|p1a: Clefable
|-damage|p1a: Clefable|0 fnt
|faint|p1a: Clefable
|
|
|switch|p1a: Tornadus-Therian|Tornadus-Therian, M|299\/299 tox
|turn|61
|join|ReshLovesRNG
|
|move|p1a: Tornadus-Therian|Hurricane|p2a: Gliscor
|-damage|p2a: Gliscor|160\/352 tox
|-start|p2a: Gliscor|confusion
|-damage|p1a: Tornadus-Therian|270\/299 tox|[from] item: Life Orb
|-activate|p2a: Gliscor|confusion
|-damage|p2a: Gliscor|134\/352 tox|[from] confusion
|
|-damage|p1a: Tornadus-Therian|252\/299 tox|[from] psn
|-heal|p2a: Gliscor|178\/352 tox|[from] ability: Poison Heal
|turn|62
|
|switch|p2a: Zapdos|Zapdos|337\/383
|-ability|p2a: Zapdos|Pressure
|move|p1a: Tornadus-Therian|Hurricane|p2a: Zapdos
|-resisted|p2a: Zapdos
|-damage|p2a: Zapdos|203\/383
|-damage|p1a: Tornadus-Therian|223\/299 tox|[from] item: Life Orb
|
|-heal|p2a: Zapdos|226\/383|[from] item: Leftovers
|-damage|p1a: Tornadus-Therian|187\/299 tox|[from] psn
|turn|63
|c|âSunnySuspect|glisc has been in for 40 turns
|join|BoxedOccaBerrys
|c|âSunnySuspect|duns its job?
|c|âSunnySuspect|y\/y
|
|move|p1a: Tornadus-Therian|Hurricane|p2a: Zapdos|[miss]
|-miss|p1a: Tornadus-Therian|p2a: Zapdos
|move|p2a: Zapdos|Thunderbolt|p1a: Tornadus-Therian
|-supereffective|p1a: Tornadus-Therian
|-damage|p1a: Tornadus-Therian|0 fnt
|faint|p1a: Tornadus-Therian
|
|-heal|p2a: Zapdos|249\/383|[from] item: Leftovers
|c|âSunnySuspect|pfft
|-message|Neo AE forfeited.
|c| ReshLovesRNG|hax
|c|âSunnySuspect|buh bye
|c| ReshLovesRNG|luk-e
|
|win|SunnySuspect
|raw|Ladder updating...
|c|âSunnySuspect|yeah yeah yeah
|raw|Neo AE's rating: 1492 &rarr; <strong>1473<\/strong><br \/>(-19 for losing)
|raw|SunnySuspect's rating: 1512 &rarr; <strong>1531<\/strong><br \/>(+19 for winning)
|c|âSunnySuspect|tyvm mate
|leave|ReshLovesRNG