|join|Will-I-am2
|join|Neo AE
|player|p1|Will-I-am2|170
|player|p2|Neo AE|153
|gametype|singles
|gen|6
|tier|OU (suspect test)
|rated
|clearpoke
|poke|p1|Registeel
|poke|p1|Mamoswine, F
|poke|p1|Hydreigon, F
|poke|p1|Slowbro, F
|poke|p1|Talonflame, F
|poke|p1|Xatu, M
|poke|p2|Tornadus-Therian, M
|poke|p2|Metagross
|poke|p2|Keldeo
|poke|p2|Landorus-Therian, M
|poke|p2|Rotom-Wash
|poke|p2|Clefable, M
|rule|Swagger Clause: Swagger is banned
|rule|Baton Pass Clause: Limit one PokÃ©mon knowing Baton Pass
|rule|Sleep Clause Mod: Limit one foe put to sleep
|rule|Species Clause: Limit one of each PokÃ©mon
|rule|OHKO Clause: OHKO moves are banned
|rule|Moody Clause: Moody is banned
|rule|Evasion Moves Clause: Evasion moves are banned
|rule|Endless Battle Clause: Forcing endless battles is banned
|rule|HP Percentage Mod: HP is shown in percentages
|teampreview
|
|start
|switch|p1a: Hydreigon|Hydreigon, F|333\/333
|switch|p2a: Keldeo|Keldeo|323\/323
|turn|1
|
|switch|p1a: Slowbro|Slowbro, F|394\/394
|move|p2a: Keldeo|Secret Sword|p1a: Slowbro
|-resisted|p1a: Slowbro
|-damage|p1a: Slowbro|331\/394
|
|-heal|p1a: Slowbro|355\/394|[from] item: Leftovers
|turn|2
|
|switch|p2a: Rotom-Hax|Rotom-Wash|304\/304
|move|p1a: Slowbro|Scald|p2a: Rotom-Hax
|-crit|p2a: Rotom-Hax
|-resisted|p2a: Rotom-Hax
|-damage|p2a: Rotom-Hax|214\/304
|
|-heal|p2a: Rotom-Hax|233\/304|[from] item: Leftovers
|-heal|p1a: Slowbro|379\/394|[from] item: Leftovers
|turn|3
|
|move|p2a: Rotom-Hax|Volt Switch|p1a: Slowbro
|-supereffective|p1a: Slowbro
|-damage|p1a: Slowbro|169\/394
|
|switch|p2a: Clefable|Clefable, M|394\/394
|move|p1a: Slowbro|Scald|p2a: Clefable
|-damage|p2a: Clefable|270\/394
|
|-heal|p2a: Clefable|294\/394|[from] item: Leftovers
|-heal|p1a: Slowbro|193\/394|[from] item: Leftovers
|turn|4
|
|switch|p2a: Rotom-Hax|Rotom-Wash|233\/304
|switch|p1a: Registeel|Registeel|364\/364
|
|-heal|p2a: Rotom-Hax|252\/304|[from] item: Leftovers
|turn|5
|
|move|p2a: Rotom-Hax|Volt Switch|p1a: Registeel
|-damage|p1a: Registeel|310\/364
|
|switch|p2a: Landorus-Therian|Landorus-Therian, M|381\/381
|-ability|p2a: Landorus-Therian|Intimidate|[of] p1a: Registeel
|-fail|p1a: Registeel|unboost|[from] ability: Clear Body|[of] p1a: Registeel
|move|p1a: Registeel|Stealth Rock|p2a: Landorus-Therian
|-sidestart|p2: Neo AE|move: Stealth Rock
|
|-heal|p1a: Registeel|332\/364|[from] item: Leftovers
|turn|6
|
|switch|p1a: Xatu|Xatu, M|333\/333
|move|p2a: Landorus-Therian|Rock Slide|p1a: Xatu
|-supereffective|p1a: Xatu
|-damage|p1a: Xatu|197\/333
|
|turn|7
|
|move|p1a: Xatu|Roost|p1a: Xatu
|-heal|p1a: Xatu|333\/333
|move|p2a: Landorus-Therian|U-turn|p1a: Xatu
|-supereffective|p1a: Xatu
|-damage|p1a: Xatu|201\/333
|-damage|p2a: Landorus-Therian|318\/381|[from] item: Rocky Helmet|[of] p1a: Xatu
|
|switch|p2a: Tornadus-Therian|Tornadus-Therian, M|299\/299
|-damage|p2a: Tornadus-Therian|225\/299|[from] Stealth Rock
|
|turn|8
|
|switch|p1a: Registeel|Registeel|332\/364
|move|p2a: Tornadus-Therian|Knock Off|p1a: Registeel
|-damage|p1a: Registeel|266\/364
|-enditem|p1a: Registeel|Leftovers|[from] move: Knock Off|[of] p2a: Tornadus-Therian
|-damage|p2a: Tornadus-Therian|196\/299|[from] item: Life Orb
|
|turn|9
|
|switch|p2a: Rotom-Hax|Rotom-Wash|252\/304
|-damage|p2a: Rotom-Hax|214\/304|[from] Stealth Rock
|move|p1a: Registeel|Seismic Toss|p2a: Rotom-Hax
|-damage|p2a: Rotom-Hax|114\/304
|
|-heal|p2a: Rotom-Hax|133\/304|[from] item: Leftovers
|turn|10
|
|move|p2a: Rotom-Hax|Pain Split|p1a: Registeel
|-sethp|p1a: Registeel|199\/364|p2a: Rotom-Hax|199\/304|[from] move: Pain Split
|move|p1a: Registeel|Seismic Toss|p2a: Rotom-Hax
|-damage|p2a: Rotom-Hax|99\/304
|
|-heal|p2a: Rotom-Hax|118\/304|[from] item: Leftovers
|turn|11
|
|switch|p1a: Talonflame|Talonflame, F|360\/360
|move|p2a: Rotom-Hax|Volt Switch|p1a: Talonflame
|-supereffective|p1a: Talonflame
|-damage|p1a: Talonflame|216\/360
|
|switch|p2a: Landorus-Therian|Landorus-Therian, M|318\/381
|-damage|p2a: Landorus-Therian|271\/381|[from] Stealth Rock
|-ability|p2a: Landorus-Therian|Intimidate|[of] p1a: Talonflame
|-unboost|p1a: Talonflame|atk|1
|
|-heal|p1a: Talonflame|238\/360|[from] item: Leftovers
|-heal|p2a: Landorus-Therian|294\/381|[from] item: Leftovers
|turn|12
|
|switch|p1a: Xatu|Xatu, M|201\/333
|move|p2a: Landorus-Therian|Stealth Rock|p1a: Xatu
|move|p1a: Xatu|Stealth Rock|p2a: Landorus-Therian|[from]Magic Bounce
|-fail|p2a: Landorus-Therian
|
|-heal|p2a: Landorus-Therian|317\/381|[from] item: Leftovers
|turn|13
|
|move|p1a: Xatu|U-turn|p2a: Landorus-Therian
|-resisted|p2a: Landorus-Therian
|-damage|p2a: Landorus-Therian|300\/381
|
|switch|p1a: Hydreigon|Hydreigon, F|333\/333
|move|p2a: Landorus-Therian|Rock Slide|p1a: Hydreigon
|-damage|p1a: Hydreigon|250\/333
|
|-heal|p2a: Landorus-Therian|323\/381|[from] item: Leftovers
|turn|14
|
|switch|p2a: Clefable|Clefable, M|294\/394
|move|p1a: Hydreigon|Flash Cannon|p2a: Clefable
|-supereffective|p2a: Clefable
|-damage|p2a: Clefable|0 fnt
|faint|p2a: Clefable
|
|
|switch|p2a: Keldeo|Keldeo|323\/323
|-damage|p2a: Keldeo|303\/323|[from] Stealth Rock
|turn|15
|
|switch|p1a: Slowbro|Slowbro, F|324\/394
|move|p2a: Keldeo|Calm Mind|p2a: Keldeo
|-boost|p2a: Keldeo|spa|1
|-boost|p2a: Keldeo|spd|1
|
|-heal|p2a: Keldeo|323\/323|[from] item: Leftovers
|-heal|p1a: Slowbro|348\/394|[from] item: Leftovers
|turn|16
|
|move|p2a: Keldeo|Substitute|p2a: Keldeo
|-start|p2a: Keldeo|Substitute
|-damage|p2a: Keldeo|243\/323
|move|p1a: Slowbro|Psychic|p2a: Keldeo
|-supereffective|p2a: Keldeo
|-end|p2a: Keldeo|Substitute
|
|-heal|p2a: Keldeo|263\/323|[from] item: Leftovers
|-heal|p1a: Slowbro|372\/394|[from] item: Leftovers
|turn|17
|
|move|p2a: Keldeo|Calm Mind|p2a: Keldeo
|-boost|p2a: Keldeo|spa|1
|-boost|p2a: Keldeo|spd|1
|move|p1a: Slowbro|Psychic|p2a: Keldeo
|-supereffective|p2a: Keldeo
|-damage|p2a: Keldeo|113\/323
|
|-heal|p2a: Keldeo|133\/323|[from] item: Leftovers
|-heal|p1a: Slowbro|394\/394|[from] item: Leftovers
|turn|18
|
|move|p2a: Keldeo|Calm Mind|p2a: Keldeo
|-boost|p2a: Keldeo|spa|1
|-boost|p2a: Keldeo|spd|1
|move|p1a: Slowbro|Psychic|p2a: Keldeo
|-supereffective|p2a: Keldeo
|-damage|p2a: Keldeo|7\/323
|
|-heal|p2a: Keldeo|27\/323|[from] item: Leftovers
|turn|19
|
|move|p2a: Keldeo|Scald|p1a: Slowbro
|-resisted|p1a: Slowbro
|-damage|p1a: Slowbro|197\/394
|-status|p1a: Slowbro|brn
|move|p1a: Slowbro|Psychic|p2a: Keldeo
|-supereffective|p2a: Keldeo
|-damage|p2a: Keldeo|0 fnt
|faint|p2a: Keldeo
|
|-heal|p1a: Slowbro|221\/394 brn|[from] item: Leftovers
|-damage|p1a: Slowbro|172\/394 brn|[from] brn
|
|switch|p2a: Rotom-Hax|Rotom-Wash|118\/304
|-damage|p2a: Rotom-Hax|80\/304|[from] Stealth Rock
|turn|20
|
|switch|p1a: Hydreigon|Hydreigon, F|250\/333
|move|p2a: Rotom-Hax|Volt Switch|p1a: Hydreigon
|-resisted|p1a: Hydreigon
|-damage|p1a: Hydreigon|205\/333
|
|switch|p2a: Tornadus-Therian|Tornadus-Therian, M|295\/299
|-damage|p2a: Tornadus-Therian|221\/299|[from] Stealth Rock
|
|turn|21
|
|switch|p2a: Rotom-Hax|Rotom-Wash|80\/304
|-damage|p2a: Rotom-Hax|42\/304|[from] Stealth Rock
|switch|p1a: Xatu|Xatu, M|201\/333
|
|-heal|p2a: Rotom-Hax|61\/304|[from] item: Leftovers
|turn|22
|
|switch|p1a: Hydreigon|Hydreigon, F|205\/333
|move|p2a: Rotom-Hax|Pain Split|p1a: Hydreigon
|-sethp|p1a: Hydreigon|133\/333|p2a: Rotom-Hax|133\/304|[from] move: Pain Split
|
|-heal|p2a: Rotom-Hax|152\/304|[from] item: Leftovers
|turn|23
|
|move|p1a: Hydreigon|Dark Pulse|p2a: Rotom-Hax
|-damage|p2a: Rotom-Hax|0 fnt
|faint|p2a: Rotom-Hax
|
|
|switch|p2a: Tornadus-Therian|Tornadus-Therian, M|299\/299
|-damage|p2a: Tornadus-Therian|225\/299|[from] Stealth Rock
|turn|24
|
|switch|p1a: Xatu|Xatu, M|201\/333
|move|p2a: Tornadus-Therian|Hurricane|p1a: Xatu|[miss]
|-miss|p2a: Tornadus-Therian|p1a: Xatu
|
|turn|25
|
|move|p2a: Tornadus-Therian|Hurricane|p1a: Xatu
|-damage|p1a: Xatu|0 fnt
|-damage|p2a: Tornadus-Therian|196\/299|[from] item: Life Orb
|faint|p1a: Xatu
|
|
|switch|p1a: Mamoswine|Mamoswine, F|361\/361
|turn|26
|
|switch|p2a: Metagross|Metagross|301\/301
|-damage|p2a: Metagross|283\/301|[from] Stealth Rock
|move|p1a: Mamoswine|Ice Shard|p2a: Metagross
|-resisted|p2a: Metagross
|-damage|p2a: Metagross|244\/301
|-damage|p1a: Mamoswine|325\/361|[from] item: Life Orb
|
|turn|27
|
|switch|p2a: Tornadus-Therian|Tornadus-Therian, M|295\/299
|-damage|p2a: Tornadus-Therian|221\/299|[from] Stealth Rock
|switch|p1a: Registeel|Registeel|199\/364
|
|turn|28
|
|move|p2a: Tornadus-Therian|Heat Wave|p1a: Registeel
|-miss|p2a: Tornadus-Therian|p1a: Registeel
|move|p1a: Registeel|Seismic Toss|p2a: Tornadus-Therian
|-damage|p2a: Tornadus-Therian|121\/299
|
|turn|29
|c|âNeo AE|meh
|
|move|p2a: Tornadus-Therian|Heat Wave|p1a: Registeel
|-supereffective|p1a: Registeel
|-damage|p1a: Registeel|46\/364
|-damage|p2a: Tornadus-Therian|92\/299|[from] item: Life Orb
|move|p1a: Registeel|Thunder Wave|p2a: Tornadus-Therian
|-status|p2a: Tornadus-Therian|par
|
|turn|30
|c|âNeo AE|got no chance now gg
|
|move|p1a: Registeel|Seismic Toss|p2a: Tornadus-Therian
|-damage|p2a: Tornadus-Therian|0 fnt
|faint|p2a: Tornadus-Therian
|
|
|switch|p2a: Metagross|Metagross|244\/301
|-damage|p2a: Metagross|226\/301|[from] Stealth Rock
|turn|31
|
|detailschange|p2a: Metagross|Metagross-Mega
|-mega|p2a: Metagross|Metagross|Metagrossite
|move|p2a: Metagross|Meteor Mash|p1a: Registeel
|-resisted|p1a: Registeel
|-damage|p1a: Registeel|0 fnt
|faint|p1a: Registeel
|
|
|switch|p1a: Slowbro|Slowbro, F|303\/394 brn
|turn|32
|
|move|p2a: Metagross|Meteor Mash|p1a: Slowbro
|-resisted|p1a: Slowbro
|-damage|p1a: Slowbro|195\/394 brn
|move|p1a: Slowbro|Trick Room|p1a: Slowbro
|-fieldstart|move: Trick Room|[of] p1a: Slowbro
|
|-heal|p1a: Slowbro|219\/394 brn|[from] item: Leftovers
|-damage|p1a: Slowbro|170\/394 brn|[from] brn
|turn|33
|
|move|p1a: Slowbro|Scald|p2a: Metagross
|-damage|p2a: Metagross|111\/301
|move|p2a: Metagross|Meteor Mash|p1a: Slowbro
|-resisted|p1a: Slowbro
|-damage|p1a: Slowbro|68\/394 brn
|
|-heal|p1a: Slowbro|92\/394 brn|[from] item: Leftovers
|-damage|p1a: Slowbro|43\/394 brn|[from] brn
|turn|34
|
|move|p2a: Metagross|Bullet Punch|p1a: Slowbro
|-resisted|p1a: Slowbro
|-damage|p1a: Slowbro|0 fnt
|faint|p1a: Slowbro
|
|
|switch|p1a: Hydreigon|Hydreigon, F|133\/333
|turn|35
|
|move|p1a: Hydreigon|Dark Pulse|p2a: Metagross
|-supereffective|p2a: Metagross
|-damage|p2a: Metagross|0 fnt
|faint|p2a: Metagross
|
|
|switch|p2a: Landorus-Therian|Landorus-Therian, M|323\/381
|-damage|p2a: Landorus-Therian|276\/381|[from] Stealth Rock
|-ability|p2a: Landorus-Therian|Intimidate|[of] p1a: Hydreigon
|-unboost|p1a: Hydreigon|atk|1
|turn|36
|
|move|p2a: Landorus-Therian|U-turn|p1a: Hydreigon
|-supereffective|p1a: Hydreigon
|-damage|p1a: Hydreigon|0 fnt
|faint|p1a: Hydreigon
|
|-heal|p2a: Landorus-Therian|299\/381|[from] item: Leftovers
|-fieldend|move: Trick Room
|
|switch|p1a: Mamoswine|Mamoswine, F|325\/361
|turn|37
|
|move|p1a: Mamoswine|Ice Shard|p2a: Landorus-Therian
|-supereffective|p2a: Landorus-Therian
|-damage|p2a: Landorus-Therian|0 fnt
|-damage|p1a: Mamoswine|289\/361|[from] item: Life Orb
|faint|p2a: Landorus-Therian
|
|win|Will-I-am2
|raw|Ladder updating...
|raw|Will-I-am2's rating: 1535 &rarr; <strong>1555<\/strong><br \/>(+20 for winning)
|raw|Neo AE's rating: 1539 &rarr; <strong>1518<\/strong><br \/>(-21 for losing)