|join|Ox the Box
|join|hentaiMask
|player|p1|Ox the Box|201
|player|p2|hentaiMask|75
|gametype|singles
|gen|6
|tier|OU
|rated
|clearpoke
|poke|p1|Archeops, F
|poke|p1|Cacturne, M
|poke|p1|Diancie
|poke|p1|Weavile, F
|poke|p1|Gengar, M
|poke|p1|Landorus-Therian, M
|poke|p2|Zygarde
|poke|p2|Victini
|poke|p2|Scolipede, F
|poke|p2|Whimsicott, F
|poke|p2|Blastoise, F
|poke|p2|Bisharp, M
|rule|Swagger Clause: Swagger is banned
|rule|Baton Pass Clause: Limit one PokÃ©mon knowing Baton Pass
|rule|Sleep Clause Mod: Limit one foe put to sleep
|rule|Species Clause: Limit one of each PokÃ©mon
|rule|OHKO Clause: OHKO moves are banned
|rule|Moody Clause: Moody is banned
|rule|Evasion Moves Clause: Evasion moves are banned
|rule|Endless Battle Clause: Forcing endless battles is banned
|rule|HP Percentage Mod: HP is shown in percentages
|teampreview
|join|DarkCelebi59
|join|WECAMEASROMANS
|join|DoughBoy
|join|Dark380
|join|Dragonite VII
|join|Scotti
|
|start
|switch|p1a: Archeops|Archeops, F|291\/291
|switch|p2a: Blastoise|Blastoise, F|343\/343
|turn|1
|join|Yuttt.ttttt
|join|Arcanine is Regal
|
|switch|p2a: Whimsicott|Whimsicott, F|324\/324
|move|p1a: Archeops|Stealth Rock|p2a: Whimsicott
|-sidestart|p2: hentaiMask|move: Stealth Rock
|
|turn|2
|c| Arcanine is Regal|wait is this UU?
|join|SpecsHelixFossil
|c|âOx the Box|no
|
|switch|p1a: Weavile|Weavile, F|281\/281
|-ability|p1a: Weavile|Pressure
|move|p2a: Whimsicott|Encore|p1a: Weavile
|-fail|p1a: Weavile
|
|turn|3
|c|âOx the Box|it's ou
|
|move|p2a: Whimsicott|Stun Spore|p1a: Weavile
|-status|p1a: Weavile|par
|move|p1a: Weavile|Poison Jab|p2a: Whimsicott
|-supereffective|p2a: Whimsicott
|-damage|p2a: Whimsicott|0 fnt
|-damage|p1a: Weavile|253\/281 par|[from] item: Life Orb
|faint|p2a: Whimsicott
|
|c| SpecsHelixFossil|Gengar would break uu
|c| Arcanine is Regal|then why the fuck are there so many UU mons
|c|âOx the Box|nigga they call me ox the loxed for a reason
|leave|WECAMEASROMANS
|
|switch|p2a: Blastoise|Blastoise, F|343\/343
|-damage|p2a: Blastoise|301\/343|[from] Stealth Rock
|turn|4
|c| SpecsHelixFossil|RACISM reported sorry ox
|c|âOx the Box|that's ok
|
|detailschange|p2a: Blastoise|Blastoise-Mega, F
|-mega|p2a: Blastoise|Blastoise|Blastoisinite
|move|p1a: Weavile|Ice Shard|p2a: Blastoise
|-resisted|p2a: Blastoise
|-damage|p2a: Blastoise|265\/343
|-damage|p1a: Weavile|225\/281 par|[from] item: Life Orb
|move|p2a: Blastoise|Water Pulse|p1a: Weavile
|-damage|p1a: Weavile|33\/281 par
|
|turn|5
|c|âOx the Box|hm
|
|move|p2a: Blastoise|Rapid Spin|p1a: Weavile
|-damage|p1a: Weavile|12\/281 par
|-sideend|p2: hentaiMask|Stealth Rock|[from] move: Rapid Spin|[of] p2a: Blastoise
|cant|p1a: Weavile|par
|
|turn|6
|c| SpecsHelixFossil|Cacturn imo
|c|âOx the Box|lol
|
|move|p1a: Weavile|Ice Shard|p2a: Blastoise
|-crit|p2a: Blastoise
|-resisted|p2a: Blastoise
|-damage|p2a: Blastoise|209\/343
|-damage|p1a: Weavile|0 fnt|[from] item: Life Orb
|faint|p1a: Weavile
|move|p2a: Blastoise|Dark Pulse|p1: Weavile|[notarget]
|-notarget
|
|
|switch|p1a: Cacturne|Cacturne, M|282\/282
|turn|7
|
|move|p2a: Blastoise|Aura Sphere|p1a: Cacturne
|-supereffective|p1a: Cacturne
|-enditem|p1a: Cacturne|Focus Sash
|-damage|p1a: Cacturne|1\/282
|move|p1a: Cacturne|Seed Bomb|p2a: Blastoise
|-supereffective|p2a: Blastoise
|-damage|p2a: Blastoise|0 fnt
|faint|p2a: Blastoise
|
|
|switch|p2a: Scolipede|Scolipede, F|262\/262
|turn|8
|c| SpecsHelixFossil|that bulk
|
|switch|p1a: Diancie|Diancie|253\/253
|move|p2a: Scolipede|Swords Dance|p2a: Scolipede
|-boost|p2a: Scolipede|atk|2
|
|-boost|p2a: Scolipede|spe|1|[from] ability: Speed Boost
|turn|9
|c| Arcanine is Regal|so what niche does cacturne have?
|c| SpecsHelixFossil|70\/60\/60
|
|detailschange|p1a: Diancie|Diancie-Mega
|-mega|p1a: Diancie|Diancie|Diancite
|move|p2a: Scolipede|Earthquake|p1a: Diancie
|-supereffective|p1a: Diancie
|-damage|p1a: Diancie|0 fnt
|faint|p1a: Diancie
|
|-boost|p2a: Scolipede|spe|1|[from] ability: Speed Boost
|c|âOx the Box|possibly best spikes setter in the game
|
|switch|p1a: Landorus-Therian|Landorus-Therian, M|319\/319
|-ability|p1a: Landorus-Therian|Intimidate|[of] p2a: Scolipede
|-unboost|p2a: Scolipede|atk|1
|turn|10
|c| DoughBoy|OFFENSIVE SCOLOPEDE
|c| Dragonite VII|nah
|c| Dragonite VII|thats klefki
|c| Dragonite VII|imo
|
|move|p2a: Scolipede|Swords Dance|p2a: Scolipede
|-boost|p2a: Scolipede|atk|2
|move|p1a: Landorus-Therian|Earthquake|p2a: Scolipede
|-damage|p2a: Scolipede|39\/262
|
|-boost|p2a: Scolipede|spe|1|[from] ability: Speed Boost
|turn|11
|c| DoughBoy|1. klefki ins't offensive
|c| SpecsHelixFossil|No its chenaught
|c| Yuttt.ttttt|use megahorn
|c| Yuttt.ttttt|OHKO
|c| DoughBoy|2. its cb ferro
|c| Yuttt.ttttt|imo
|
|move|p2a: Scolipede|Baton Pass|p2a: Scolipede
|c|âOx the Box|does zygarde tank this
|
|switch|p2a: Zygarde|Zygarde|385\/385
|-ability|p2a: Zygarde|Aura Break
|move|p1a: Landorus-Therian|Earthquake|p2a: Zygarde
|-damage|p2a: Zygarde|249\/385
|
|-heal|p2a: Zygarde|273\/385|[from] item: Leftovers
|turn|12
|c| Yuttt.ttttt|yes
|c| Yuttt.ttttt|bulky af
|c|âOx the Box|damage?
|c| DoughBoy|wow
|c| Yuttt.ttttt|bulkier
|c| Yuttt.ttttt|than hippowdon
|
|move|p2a: Zygarde|Coil|p2a: Zygarde
|-boost|p2a: Zygarde|atk|1
|-boost|p2a: Zygarde|def|1
|-boost|p2a: Zygarde|accuracy|1
|move|p1a: Landorus-Therian|Earthquake|p2a: Zygarde
|-damage|p2a: Zygarde|176\/385
|
|-heal|p2a: Zygarde|200\/385|[from] item: Leftovers
|turn|13
|c| SpecsHelixFossil|o know
|c|âOx the Box|i hate this meanie
|c|âOx the Box|nigga
|
|switch|p1a: Archeops|Archeops, F|291\/291
|move|p2a: Zygarde|Stone Edge|p1a: Archeops
|-supereffective|p1a: Archeops
|-enditem|p1a: Archeops|Focus Sash
|-damage|p1a: Archeops|1\/291
|
|-heal|p2a: Zygarde|224\/385|[from] item: Leftovers
|turn|14
|c| SpecsHelixFossil|ban zygarde
|c|âOx the Box|I shouldn't have sacked weavile
|c| Yuttt.ttttt|ban zygarde it sweeped me?!?!
|c|âOx the Box|no ban this fucker
|
|move|p2a: Zygarde|Extreme Speed|p1a: Archeops
|-resisted|p1a: Archeops
|-damage|p1a: Archeops|0 fnt
|faint|p1a: Archeops
|
|-heal|p2a: Zygarde|248\/385|[from] item: Leftovers
|c|âOx the Box|he's been using bp for a long ass time
|c|âOx the Box|fuck you hentai
|c| Yuttt.ttttt|espeed KOs weavile
|c| Yuttt.ttttt|m88
|c|âOx the Box|sh
|
|switch|p1a: Gengar|Gengar, M|261\/261
|turn|15
|c|âhentaiMask|haha
|
|move|p2a: Zygarde|Stone Edge|p1a: Gengar
|-damage|p1a: Gengar|0 fnt
|faint|p1a: Gengar
|
|-heal|p2a: Zygarde|272\/385|[from] item: Leftovers
|c| SpecsHelixFossil|Zygarde is actually p bad
|c|âOx the Box|bg aids monkey suck more dick poopyhead ass
|-message|Ox the Box forfeited.
|
|win|hentaiMask
|raw|Ladder updating...
|c| Yuttt.ttttt|what he said
|leave|Yuttt.ttttt
|raw|Ox the Box's rating: 1741 &rarr; <strong>1714<\/strong><br \/>(-27 for losing)
|raw|hentaiMask's rating: 1607 &rarr; <strong>1635<\/strong><br \/>(+28 for winning)
|leave|Ox the Box
|leave|DarkCelebi59
|leave|SpecsHelixFossil
|player|p1
|leave|Scotti
|leave|Dragonite VII