|join|hentaiMask
|join|Kabuchops
|player|p1|hentaiMask|75
|player|p2|Kabuchops|292
|gametype|singles
|gen|6
|tier|OU
|rated
|clearpoke
|poke|p1|Zygarde
|poke|p1|Victini
|poke|p1|Scolipede, F
|poke|p1|Whimsicott, F
|poke|p1|Blastoise, M
|poke|p1|Bisharp, F
|poke|p2|Breloom, M
|poke|p2|Pinsir, M
|poke|p2|Heatran, F
|poke|p2|Latios, M
|poke|p2|Keldeo-Resolute
|poke|p2|Landorus-Therian, M
|rule|Swagger Clause: Swagger is banned
|rule|Baton Pass Clause: Limit one PokÃ©mon knowing Baton Pass
|rule|Sleep Clause Mod: Limit one foe put to sleep
|rule|Species Clause: Limit one of each PokÃ©mon
|rule|OHKO Clause: OHKO moves are banned
|rule|Moody Clause: Moody is banned
|rule|Evasion Moves Clause: Evasion moves are banned
|rule|Endless Battle Clause: Forcing endless battles is banned
|rule|HP Percentage Mod: HP is shown in percentages
|teampreview
|
|start
|switch|p1a: Whimsicott|Whimsicott, F|324\/324
|switch|p2a: Hit Mon Tree|Breloom, M|261\/261
|turn|1
|
|move|p1a: Whimsicott|Stun Spore|p2a: Hit Mon Tree
|-fail|p2a: Hit Mon Tree
|move|p2a: Hit Mon Tree|Rock Tomb|p1a: Whimsicott
|-damage|p1a: Whimsicott|237\/324
|-unboost|p1a: Whimsicott|spe|1
|
|-heal|p1a: Whimsicott|257\/324|[from] item: Leftovers
|turn|2
|
|move|p2a: Hit Mon Tree|Bullet Seed|p1a: Whimsicott
|-crit|p1a: Whimsicott
|-resisted|p1a: Whimsicott
|-damage|p1a: Whimsicott|215\/324
|-resisted|p1a: Whimsicott
|-damage|p1a: Whimsicott|187\/324
|-hitcount|p1a: Whimsicott|2
|move|p1a: Whimsicott|Moonblast|p2a: Hit Mon Tree
|-supereffective|p2a: Hit Mon Tree
|-enditem|p2a: Hit Mon Tree|Focus Sash
|-damage|p2a: Hit Mon Tree|1\/261
|-unboost|p2a: Hit Mon Tree|spa|1
|
|-heal|p1a: Whimsicott|207\/324|[from] item: Leftovers
|turn|3
|
|switch|p2a: Ice Beam|Landorus-Therian, M|319\/319
|-ability|p2a: Ice Beam|Intimidate|[of] p1a: Whimsicott
|-unboost|p1a: Whimsicott|atk|1
|switch|p1a: Zygarde|Zygarde|385\/385
|-ability|p1a: Zygarde|Aura Break
|
|turn|4
|
|switch|p1a: Whimsicott|Whimsicott, F|207\/324
|move|p2a: Ice Beam|Knock Off|p1a: Whimsicott
|-resisted|p1a: Whimsicott
|-damage|p1a: Whimsicott|162\/324
|-enditem|p1a: Whimsicott|Leftovers|[from] move: Knock Off|[of] p2a: Ice Beam
|
|turn|5
|
|move|p1a: Whimsicott|Stun Spore|p2a: Ice Beam
|-status|p2a: Ice Beam|par
|move|p2a: Ice Beam|Stealth Rock|p1a: Whimsicott
|-sidestart|p1: hentaiMask|move: Stealth Rock
|
|turn|6
|
|move|p1a: Whimsicott|Encore|p2a: Ice Beam
|-start|p2a: Ice Beam|Encore
|move|p2a: Ice Beam|Stealth Rock|p1a: Whimsicott
|-fail|p1a: Whimsicott
|
|turn|7
|
|switch|p2a: Hit Mon Tree|Breloom, M|1\/261
|move|p1a: Whimsicott|Stun Spore|p2a: Hit Mon Tree
|-fail|p2a: Hit Mon Tree
|
|turn|8
|
|switch|p2a: Ice Beam|Landorus-Therian, M|319\/319 par
|-ability|p2a: Ice Beam|Intimidate|[of] p1a: Whimsicott
|-unboost|p1a: Whimsicott|atk|1
|move|p1a: Whimsicott|Moonblast|p2a: Ice Beam
|-damage|p2a: Ice Beam|213\/319 par
|-unboost|p2a: Ice Beam|spa|1
|
|-heal|p2a: Ice Beam|232\/319 par|[from] item: Leftovers
|turn|9
|
|switch|p1a: Blastoise|Blastoise, M|343\/343
|-damage|p1a: Blastoise|301\/343|[from] Stealth Rock
|move|p2a: Ice Beam|U-turn|p1a: Blastoise
|-damage|p1a: Blastoise|220\/343
|
|switch|p2a: Hit Mon Tree|Breloom, M|1\/261
|
|turn|10
|
|detailschange|p1a: Blastoise|Blastoise-Mega, M
|-mega|p1a: Blastoise|Blastoise|Blastoisinite
|move|p2a: Hit Mon Tree|Bullet Seed|p1a: Blastoise
|-supereffective|p1a: Blastoise
|-damage|p1a: Blastoise|104\/343
|-supereffective|p1a: Blastoise
|-damage|p1a: Blastoise|0 fnt
|-hitcount|p1a: Blastoise|2
|faint|p1a: Blastoise
|
|
|switch|p1a: Zygarde|Zygarde|385\/385
|-damage|p1a: Zygarde|361\/385|[from] Stealth Rock
|-ability|p1a: Zygarde|Aura Break
|turn|11
|
|move|p1a: Zygarde|Extreme Speed|p2a: Hit Mon Tree
|-damage|p2a: Hit Mon Tree|0 fnt
|faint|p2a: Hit Mon Tree
|
|-heal|p1a: Zygarde|385\/385|[from] item: Leftovers
|
|switch|p2a: MyLittlePenguin|Keldeo-Resolute|323\/323
|turn|12
|
|move|p2a: MyLittlePenguin|Icy Wind|p1a: Zygarde
|-supereffective|p1a: Zygarde
|-damage|p1a: Zygarde|44\/385
|-unboost|p1a: Zygarde|spe|1
|move|p1a: Zygarde|Earthquake|p2a: MyLittlePenguin
|-damage|p2a: MyLittlePenguin|152\/323
|
|-heal|p1a: Zygarde|68\/385|[from] item: Leftovers
|turn|13
|
|move|p1a: Zygarde|Extreme Speed|p2a: MyLittlePenguin
|-damage|p2a: MyLittlePenguin|60\/323
|move|p2a: MyLittlePenguin|Scald|p1a: Zygarde
|-damage|p1a: Zygarde|0 fnt
|faint|p1a: Zygarde
|
|
|switch|p1a: Scolipede|Scolipede, F|262\/262
|-damage|p1a: Scolipede|197\/262|[from] Stealth Rock
|turn|14
|join|Tentacruel3
|c|âKabuchops|get out
|
|move|p2a: MyLittlePenguin|Scald|p1a: Scolipede
|-damage|p1a: Scolipede|2\/262
|move|p1a: Scolipede|Poison Jab|p2a: MyLittlePenguin
|-damage|p2a: MyLittlePenguin|0 fnt
|faint|p2a: MyLittlePenguin
|
|-boost|p1a: Scolipede|spe|1|[from] ability: Speed Boost
|c|âKabuchops|<3
|c| Tentacruel3|<\/3
|c|âKabuchops|not how it works
|
|switch|p2a: Dafaq is dis|Pinsir, M|271\/271
|-ability|p2a: Dafaq is dis|Mold Breaker
|turn|15
|
|detailschange|p2a: Dafaq is dis|Pinsir-Mega, M
|-mega|p2a: Dafaq is dis|Pinsir|Pinsirite
|move|p2a: Dafaq is dis|Feint|p1a: Scolipede
|-supereffective|p1a: Scolipede
|-damage|p1a: Scolipede|0 fnt
|faint|p1a: Scolipede
|
|c|âhentaiMask|gg
|
|switch|p1a: Victini|Victini|341\/341
|-damage|p1a: Victini|256\/341|[from] Stealth Rock
|turn|16
|c|âhentaiMask|that fucks team
|-message|hentaiMask forfeited.
|leave|hentaiMask
|
|win|Kabuchops
|raw|Ladder updating...
|player|p1
|c| Tentacruel3|G to G
|raw|hentaiMask's rating: 1593 &rarr; <strong>1567<\/strong><br \/>(-26 for losing)
|raw|Kabuchops's rating: 1483 &rarr; <strong>1509<\/strong><br \/>(+26 for winning)