|join|hentaiMask
|join|TuxedoSpheal
|player|p1|hentaiMask|75
|player|p2|TuxedoSpheal|33
|gametype|singles
|gen|6
|tier|OU (suspect test)
|rated
|clearpoke
|poke|p1|Zygarde
|poke|p1|Victini
|poke|p1|Scolipede, F
|poke|p1|Whimsicott, F
|poke|p1|Blastoise, M
|poke|p1|Bisharp, M
|poke|p2|Slurpuff, F
|poke|p2|Wobbuffet, F
|poke|p2|Excadrill, F
|poke|p2|Scizor, F
|poke|p2|Azumarill, F
|poke|p2|Gothitelle, M
|rule|Swagger Clause: Swagger is banned
|rule|Baton Pass Clause: Limit one PokÃ©mon knowing Baton Pass
|rule|Sleep Clause Mod: Limit one foe put to sleep
|rule|Species Clause: Limit one of each PokÃ©mon
|rule|OHKO Clause: OHKO moves are banned
|rule|Moody Clause: Moody is banned
|rule|Evasion Moves Clause: Evasion moves are banned
|rule|Endless Battle Clause: Forcing endless battles is banned
|rule|HP Percentage Mod: HP is shown in percentages
|teampreview
|
|start
|switch|p1a: Victini|Victini|341\/341
|switch|p2a: Wobbuffet|Wobbuffet, F|522\/522
|turn|1
|
|move|p1a: Victini|V-create|p2a: Wobbuffet
|-damage|p2a: Wobbuffet|105\/522
|-unboost|p1a: Victini|def|1
|-unboost|p1a: Victini|spd|1
|-unboost|p1a: Victini|spe|1
|-enditem|p2a: Wobbuffet|Sitrus Berry|[eat]
|-heal|p2a: Wobbuffet|235\/522|[from] item: Sitrus Berry
|move|p2a: Wobbuffet|Counter|p1a: Victini
|-damage|p1a: Victini|0 fnt
|faint|p1a: Victini
|
|
|switch|p1a: Scolipede|Scolipede, F|262\/262
|turn|2
|
|move|p1a: Scolipede|Swords Dance|p1a: Scolipede
|-boost|p1a: Scolipede|atk|2
|move|p2a: Wobbuffet|Encore|p1a: Scolipede
|-start|p1a: Scolipede|Encore
|
|-boost|p1a: Scolipede|spe|1|[from] ability: Speed Boost
|turn|3
|
|switch|p2a: Gothitelle|Gothitelle, M|282\/282
|move|p1a: Scolipede|Swords Dance|p1a: Scolipede
|-boost|p1a: Scolipede|atk|2
|
|-boost|p1a: Scolipede|spe|1|[from] ability: Speed Boost
|turn|4
|
|move|p1a: Scolipede|Swords Dance|p1a: Scolipede
|-boost|p1a: Scolipede|atk|2
|move|p2a: Gothitelle|Psyshock|p1a: Scolipede
|-supereffective|p1a: Scolipede
|-enditem|p1a: Scolipede|Focus Sash
|-damage|p1a: Scolipede|1\/262
|
|-boost|p1a: Scolipede|spe|1|[from] ability: Speed Boost
|turn|5
|
|move|p1a: Scolipede|Swords Dance|p1a: Scolipede
|-fail|p1a: Scolipede
|move|p2a: Gothitelle|Psyshock|p1a: Scolipede
|-supereffective|p1a: Scolipede
|-damage|p1a: Scolipede|0 fnt
|faint|p1a: Scolipede
|
|
|switch|p1a: Blastoise|Blastoise, M|343\/343
|turn|6
|
|detailschange|p1a: Blastoise|Blastoise-Mega, M
|-mega|p1a: Blastoise|Blastoise|Blastoisinite
|move|p2a: Gothitelle|Psyshock|p1a: Blastoise
|-damage|p1a: Blastoise|177\/343
|move|p1a: Blastoise|Dark Pulse|p2a: Gothitelle
|-supereffective|p2a: Gothitelle
|-damage|p2a: Gothitelle|10\/282
|
|turn|7
|
|move|p2a: Gothitelle|Psyshock|p1a: Blastoise
|-damage|p1a: Blastoise|2\/343
|move|p1a: Blastoise|Dark Pulse|p2a: Gothitelle
|-supereffective|p2a: Gothitelle
|-damage|p2a: Gothitelle|0 fnt
|faint|p2a: Gothitelle
|
|
|switch|p2a: Scizor|Scizor, F|321\/321
|turn|8
|
|detailschange|p2a: Scizor|Scizor-Mega, F
|-mega|p2a: Scizor|Scizor|Scizorite
|move|p2a: Scizor|Bullet Punch|p1a: Blastoise
|-resisted|p1a: Blastoise
|-damage|p1a: Blastoise|0 fnt
|faint|p1a: Blastoise
|
|
|switch|p1a: Zygarde|Zygarde|395\/395
|-ability|p1a: Zygarde|Aura Break
|turn|9
|
|switch|p2a: Wobbuffet|Wobbuffet, F|235\/522
|move|p1a: Zygarde|Coil|p1a: Zygarde
|-boost|p1a: Zygarde|atk|1
|-boost|p1a: Zygarde|def|1
|-boost|p1a: Zygarde|accuracy|1
|
|turn|10
|
|move|p1a: Zygarde|Earthquake|p2a: Wobbuffet
|-damage|p2a: Wobbuffet|28\/522
|move|p2a: Wobbuffet|Encore|p1a: Zygarde
|-start|p1a: Zygarde|Encore
|
|turn|11
|
|move|p1a: Zygarde|Earthquake|p2a: Wobbuffet
|-damage|p2a: Wobbuffet|0 fnt
|faint|p2a: Wobbuffet
|
|
|switch|p2a: Azumarill|Azumarill, F|404\/404
|turn|12
|
|move|p1a: Zygarde|Earthquake|p2a: Azumarill
|-damage|p2a: Azumarill|122\/404
|-enditem|p2a: Azumarill|Sitrus Berry|[eat]
|-heal|p2a: Azumarill|223\/404|[from] item: Sitrus Berry
|move|p2a: Azumarill|Play Rough|p1a: Zygarde
|-supereffective|p1a: Zygarde
|-damage|p1a: Zygarde|195\/395
|
|-heal|p1a: Zygarde|219\/395|[from] item: Leftovers
|turn|13
|
|move|p2a: Azumarill|Aqua Jet|p1a: Zygarde
|-damage|p1a: Zygarde|177\/395
|move|p1a: Zygarde|Earthquake|p2a: Azumarill
|-damage|p2a: Azumarill|0 fnt
|faint|p2a: Azumarill
|
|-heal|p1a: Zygarde|201\/395|[from] item: Leftovers
|-end|p1a: Zygarde|Encore
|
|switch|p2a: Slurpuff|Slurpuff, F|306\/306
|turn|14
|
|move|p2a: Slurpuff|Play Rough|p1a: Zygarde
|-supereffective|p1a: Zygarde
|-damage|p1a: Zygarde|67\/395
|move|p1a: Zygarde|Earthquake|p2a: Slurpuff
|-damage|p2a: Slurpuff|66\/306
|-enditem|p2a: Slurpuff|Sitrus Berry|[eat]
|-heal|p2a: Slurpuff|142\/306|[from] item: Sitrus Berry
|
|-heal|p1a: Zygarde|91\/395|[from] item: Leftovers
|turn|15
|
|move|p1a: Zygarde|Extreme Speed|p2a: Slurpuff
|-damage|p2a: Slurpuff|14\/306
|move|p2a: Slurpuff|Play Rough|p1a: Zygarde
|-supereffective|p1a: Zygarde
|-damage|p1a: Zygarde|0 fnt
|faint|p1a: Zygarde
|
|
|switch|p1a: Bisharp|Bisharp, M|271\/271
|turn|16
|
|move|p1a: Bisharp|Sucker Punch|p2a: Slurpuff
|-resisted|p2a: Slurpuff
|-damage|p2a: Slurpuff|0 fnt
|faint|p2a: Slurpuff
|
|
|switch|p2a: Excadrill|Excadrill, F|361\/361
|-ability|p2a: Excadrill|Mold Breaker
|turn|17
|
|switch|p1a: Whimsicott|Whimsicott, F|324\/324
|move|p2a: Excadrill|Earthquake|p1a: Whimsicott
|-resisted|p1a: Whimsicott
|-damage|p1a: Whimsicott|245\/324
|
|-heal|p1a: Whimsicott|265\/324|[from] item: Leftovers
|turn|18
|
|switch|p2a: Scizor|Scizor-Mega, F|321\/321
|move|p1a: Whimsicott|Encore|p2a: Scizor
|-fail|p2a: Scizor
|
|-heal|p1a: Whimsicott|285\/324|[from] item: Leftovers
|turn|19
|
|move|p1a: Whimsicott|Stun Spore|p2a: Scizor
|-status|p2a: Scizor|par
|move|p2a: Scizor|Swords Dance|p2a: Scizor
|-boost|p2a: Scizor|atk|2
|
|-heal|p1a: Whimsicott|305\/324|[from] item: Leftovers
|turn|20
|
|switch|p2a: Excadrill|Excadrill, F|361\/361
|-ability|p2a: Excadrill|Mold Breaker
|move|p1a: Whimsicott|Encore|p2a: Excadrill
|-fail|p2a: Excadrill
|
|-heal|p1a: Whimsicott|324\/324|[from] item: Leftovers
|turn|21
|
|move|p1a: Whimsicott|Stun Spore|p2a: Excadrill
|-status|p2a: Excadrill|par
|move|p2a: Excadrill|Iron Head|p1a: Whimsicott
|-supereffective|p1a: Whimsicott
|-damage|p1a: Whimsicott|58\/324
|
|-heal|p1a: Whimsicott|78\/324|[from] item: Leftovers
|turn|22
|
|move|p1a: Whimsicott|Moonblast|p2a: Excadrill
|-resisted|p2a: Excadrill
|-damage|p2a: Excadrill|302\/361 par
|cant|p2a: Excadrill|par
|
|-heal|p1a: Whimsicott|98\/324|[from] item: Leftovers
|turn|23
|
|move|p1a: Whimsicott|Moonblast|p2a: Excadrill
|-crit|p2a: Excadrill
|-resisted|p2a: Excadrill
|-damage|p2a: Excadrill|202\/361 par
|-unboost|p2a: Excadrill|spa|1
|move|p2a: Excadrill|Iron Head|p1a: Whimsicott
|-supereffective|p1a: Whimsicott
|-damage|p1a: Whimsicott|0 fnt
|faint|p1a: Whimsicott
|
|
|switch|p1a: Bisharp|Bisharp, M|271\/271
|turn|24
|
|switch|p2a: Scizor|Scizor-Mega, F|321\/321 par
|move|p1a: Bisharp|Brick Break|p2a: Scizor
|-damage|p2a: Scizor|261\/321 par
|
|turn|25
|
|move|p1a: Bisharp|Iron Head|p2a: Scizor
|-resisted|p2a: Scizor
|-damage|p2a: Scizor|210\/321 par
|cant|p2a: Scizor|par
|
|turn|26
|
|move|p1a: Bisharp|Iron Head|p2a: Scizor
|-resisted|p2a: Scizor
|-damage|p2a: Scizor|163\/321 par
|cant|p2a: Scizor|par
|
|turn|27
|
|move|p1a: Bisharp|Iron Head|p2a: Scizor
|-resisted|p2a: Scizor
|-damage|p2a: Scizor|116\/321 par
|cant|p2a: Scizor|flinch
|
|turn|28
|
|move|p1a: Bisharp|Iron Head|p2a: Scizor
|-resisted|p2a: Scizor
|-damage|p2a: Scizor|65\/321 par
|move|p2a: Scizor|Roost|p2a: Scizor
|-heal|p2a: Scizor|226\/321 par
|
|turn|29
|
|move|p1a: Bisharp|Iron Head|p2a: Scizor
|-resisted|p2a: Scizor
|-damage|p2a: Scizor|176\/321 par
|move|p2a: Scizor|Roost|p2a: Scizor
|-heal|p2a: Scizor|321\/321 par
|
|turn|30
|
|move|p1a: Bisharp|Iron Head|p2a: Scizor
|-resisted|p2a: Scizor
|-damage|p2a: Scizor|267\/321 par
|move|p2a: Scizor|Knock Off|p1a: Bisharp
|-resisted|p1a: Bisharp
|-damage|p1a: Bisharp|212\/271
|-enditem|p1a: Bisharp|Rawst Berry|[from] move: Knock Off|[of] p2a: Scizor
|
|turn|31
|
|move|p1a: Bisharp|Iron Head|p2a: Scizor
|-resisted|p2a: Scizor
|-damage|p2a: Scizor|216\/321 par
|cant|p2a: Scizor|flinch
|
|turn|32
|
|move|p1a: Bisharp|Iron Head|p2a: Scizor
|-resisted|p2a: Scizor
|-damage|p2a: Scizor|166\/321 par
|cant|p2a: Scizor|par
|
|turn|33
|
|move|p1a: Bisharp|Iron Head|p2a: Scizor
|-resisted|p2a: Scizor
|-damage|p2a: Scizor|118\/321 par
|move|p2a: Scizor|Roost|p2a: Scizor
|-heal|p2a: Scizor|279\/321 par
|
|turn|34
|
|move|p1a: Bisharp|Iron Head|p2a: Scizor
|-resisted|p2a: Scizor
|-damage|p2a: Scizor|227\/321 par
|move|p2a: Scizor|Swords Dance|p2a: Scizor
|-boost|p2a: Scizor|atk|2
|
|turn|35
|
|move|p2a: Scizor|Bullet Punch|p1a: Bisharp
|-resisted|p1a: Bisharp
|-damage|p1a: Bisharp|106\/271
|move|p1a: Bisharp|Iron Head|p2a: Scizor
|-resisted|p2a: Scizor
|-damage|p2a: Scizor|171\/321 par
|
|turn|36
|
|move|p1a: Bisharp|Iron Head|p2a: Scizor
|-resisted|p2a: Scizor
|-damage|p2a: Scizor|117\/321 par
|cant|p2a: Scizor|par
|
|turn|37
|
|cant|p2a: Scizor|par
|move|p1a: Bisharp|Iron Head|p2a: Scizor
|-resisted|p2a: Scizor
|-damage|p2a: Scizor|63\/321 par
|
|turn|38
|
|cant|p2a: Scizor|par
|move|p1a: Bisharp|Brick Break|p2a: Scizor
|-damage|p2a: Scizor|0 fnt
|faint|p2a: Scizor
|
|
|switch|p2a: Excadrill|Excadrill, F|202\/361 par
|-ability|p2a: Excadrill|Mold Breaker
|turn|39
|c|âhentaiMask|fuck you
|
|move|p1a: Bisharp|Brick Break|p2a: Excadrill
|-crit|p2a: Excadrill
|-supereffective|p2a: Excadrill
|-damage|p2a: Excadrill|0 fnt
|faint|p2a: Excadrill
|
|win|hentaiMask
|raw|Ladder updating...
|raw|hentaiMask's rating: 1380 &rarr; <strong>1403<\/strong><br \/>(+23 for winning)
|raw|TuxedoSpheal's rating: 1428 &rarr; <strong>1405<\/strong><br \/>(-23 for losing)
|leave|TuxedoSpheal
|player|p2