|join|TCMK
|join|Danielo
|player|p1|TCMK|2
|player|p2|Danielo|196
|gametype|singles
|gen|6
|tier|ORAS OU
|rated
|rule|Sleep Clause Mod: Limit one foe put to sleep
|rule|Species Clause: Limit one of each PokÃ©mon
|rule|OHKO Clause: OHKO moves are banned
|rule|Moody Clause: Moody is banned
|rule|Evasion Moves Clause: Evasion moves are banned
|rule|Endless Battle Clause: Forcing endless battles is banned
|rule|HP Percentage Mod: HP is shown in percentages
|clearpoke
|poke|p1|Skarmory, M
|poke|p1|Chansey, F
|poke|p1|Quagsire, F
|poke|p1|Slowbro, F
|poke|p1|Scizor, F
|poke|p1|Altaria, M
|poke|p2|Beedrill, M
|poke|p2|Mamoswine, M
|poke|p2|Landorus-Therian, M
|poke|p2|Rotom-Wash
|poke|p2|Azumarill, F
|poke|p2|Mandibuzz, F
|rule|Swagger Clause: Swagger is banned
|rule|Baton Pass Clause: Limit one PokÃ©mon knowing Baton Pass
|teampreview
|join|ElNovaDragone
|
|start
|switch|p1a: Quagsire|Quagsire, F|394\/394
|switch|p2a: Abejo|Beedrill, M|271\/271
|turn|1
|c| ElNovaDragone|king wtf do you have for mence
|
|switch|p1a: Skarmory|Skarmory, M|333\/333
|detailschange|p2a: Abejo|Beedrill-Mega, M
|message|Beedrill has Mega Evolved into Mega Beedrill!
|move|p2a: Abejo|U-turn|p1a: Skarmory
|-resisted|p1a: Skarmory
|-damage|p1a: Skarmory|304\/333
|
|switch|p2a: Condorita|Mandibuzz, F|409\/409
|
|-heal|p1a: Skarmory|324\/333|[from] item: Leftovers
|turn|2
|join|Vioner
|
|move|p2a: Condorita|Taunt|p1a: Skarmory
|-start|p1a: Skarmory|move: Taunt
|cant|p1a: Skarmory|move: Taunt|Stealth Rock
|
|-heal|p1a: Skarmory|333\/333|[from] item: Leftovers
|turn|3
|
|switch|p2a: Tigrito|Landorus-Therian, M|319\/319
|-ability|p2a: Tigrito|Intimidate|[of] p1a: Skarmory
|-unboost|p1a: Skarmory|atk|1
|switch|p1a: Altaria|Altaria, M|353\/353
|
|turn|4
|
|detailschange|p1a: Altaria|Altaria-Mega, M
|message|Altaria has Mega Evolved into Mega Altaria!
|move|p2a: Tigrito|Punishment|p1a: Altaria
|-resisted|p1a: Altaria
|-damage|p1a: Altaria|328\/353
|move|p1a: Altaria|Hyper Voice|p2a: Tigrito
|-crit|p2a: Tigrito
|-damage|p2a: Tigrito|48\/319
|
|-heal|p2a: Tigrito|67\/319|[from] item: Leftovers
|turn|5
|c| Vioner|lol
|
|switch|p1a: Skarmory|Skarmory, M|333\/333
|move|p2a: Tigrito|U-turn|p1a: Skarmory
|-resisted|p1a: Skarmory
|-damage|p1a: Skarmory|321\/333
|join|YOUsucke
|
|switch|p2a: Mabe|Rotom-Wash|299\/299
|
|-heal|p1a: Skarmory|333\/333|[from] item: Leftovers
|turn|6
|
|switch|p1a: Chansey|Chansey, F|703\/703
|move|p2a: Mabe|Will-O-Wisp|p1a: Chansey
|-status|p1a: Chansey|brn
|
|-damage|p1a: Chansey|616\/703 brn|[from] brn
|turn|7
|
|switch|p2a: Abejo|Beedrill-Mega, M|271\/271
|move|p1a: Chansey|Toxic|p2a: Abejo
|-fail|p2a: Abejo
|
|-damage|p1a: Chansey|529\/703 brn|[from] brn
|turn|8
|
|switch|p1a: Skarmory|Skarmory, M|333\/333
|move|p2a: Abejo|Knock Off|p1a: Skarmory
|-damage|p1a: Skarmory|248\/333
|-enditem|p1a: Skarmory|Leftovers|[from] move: Knock Off|[of] p2a: Abejo
|
|turn|9
|
|move|p2a: Abejo|U-turn|p1a: Skarmory
|-resisted|p1a: Skarmory
|-damage|p1a: Skarmory|220\/333
|
|switch|p2a: Condorita|Mandibuzz, F|409\/409
|move|p1a: Skarmory|Stealth Rock|p2a: Condorita
|-sidestart|p2: Danielo|move: Stealth Rock
|
|turn|10
|
|switch|p1a: Altaria|Altaria-Mega, M|328\/353
|move|p2a: Condorita|Defog|p1a: Altaria
|-unboost|p1a: Altaria|evasion|1
|-sideend|p2: Danielo|Stealth Rock|[from] move: Defog|[of] p2a: Condorita
|
|turn|11
|
|switch|p2a: Mabe|Rotom-Wash|299\/299
|move|p1a: Altaria|Hyper Voice|p2a: Mabe
|-damage|p2a: Mabe|199\/299
|
|-heal|p2a: Mabe|217\/299|[from] item: Leftovers
|turn|12
|c| Vioner|i just updated a stall team '-'
|
|switch|p1a: Chansey|Chansey, F|529\/703
|move|p2a: Mabe|Volt Switch|p1a: Chansey
|-damage|p1a: Chansey|478\/703
|
|switch|p2a: Tigrito|Landorus-Therian, M|67\/319
|-ability|p2a: Tigrito|Intimidate|[of] p1a: Chansey
|-unboost|p1a: Chansey|atk|1
|
|-heal|p2a: Tigrito|86\/319|[from] item: Leftovers
|turn|13
|
|switch|p1a: Skarmory|Skarmory, M|220\/333
|move|p2a: Tigrito|Knock Off|p1a: Skarmory
|-damage|p1a: Skarmory|173\/333
|
|-heal|p2a: Tigrito|105\/319|[from] item: Leftovers
|turn|14
|
|move|p2a: Tigrito|U-turn|p1a: Skarmory
|-resisted|p1a: Skarmory
|-damage|p1a: Skarmory|161\/333
|
|switch|p2a: Condorita|Mandibuzz, F|409\/409
|move|p1a: Skarmory|Stealth Rock|p2a: Condorita
|-sidestart|p2: Danielo|move: Stealth Rock
|
|turn|15
|
|switch|p1a: Altaria|Altaria-Mega, M|328\/353
|move|p2a: Condorita|Taunt|p1a: Altaria
|-start|p1a: Altaria|move: Taunt
|
|turn|16
|
|switch|p2a: Mabe|Rotom-Wash|217\/299
|-damage|p2a: Mabe|180\/299|[from] Stealth Rock
|move|p1a: Altaria|Hyper Voice|p2a: Mabe
|-damage|p2a: Mabe|86\/299
|
|-heal|p2a: Mabe|104\/299|[from] item: Leftovers
|turn|17
|
|move|p2a: Mabe|Pain Split|p1a: Altaria
|-sethp|p1a: Altaria|216\/353|p2a: Mabe|216\/299|[from] move: Pain Split
|move|p1a: Altaria|Hyper Voice|p2a: Mabe
|-damage|p2a: Mabe|120\/299
|
|-heal|p2a: Mabe|138\/299|[from] item: Leftovers
|turn|18
|
|switch|p1a: Chansey|Chansey, F|478\/703
|move|p2a: Mabe|Will-O-Wisp|p1a: Chansey
|-status|p1a: Chansey|brn
|
|-heal|p2a: Mabe|156\/299|[from] item: Leftovers
|-damage|p1a: Chansey|391\/703 brn|[from] brn
|turn|19
|
|switch|p2a: Condorita|Mandibuzz, F|409\/409
|-damage|p2a: Condorita|307\/409|[from] Stealth Rock
|move|p1a: Chansey|Soft-Boiled|p1a: Chansey
|-heal|p1a: Chansey|703\/703 brn
|
|-heal|p2a: Condorita|332\/409|[from] item: Leftovers
|-damage|p1a: Chansey|616\/703 brn|[from] brn
|turn|20
|
|move|p2a: Condorita|Defog|p1a: Chansey
|-unboost|p1a: Chansey|evasion|1
|-sideend|p2: Danielo|Stealth Rock|[from] move: Defog|[of] p2a: Condorita
|move|p1a: Chansey|Toxic|p2a: Condorita|[miss]
|-miss|p1a: Chansey|p2a: Condorita
|
|-heal|p2a: Condorita|357\/409|[from] item: Leftovers
|-damage|p1a: Chansey|529\/703 brn|[from] brn
|turn|21
|c|âTCMK|lol
|
|switch|p2a: Abejo|Beedrill-Mega, M|271\/271
|switch|p1a: Altaria|Altaria-Mega, M|216\/353
|
|turn|22
|
|switch|p1a: Scizor|Scizor, F|343\/343
|move|p2a: Abejo|U-turn|p1a: Scizor
|-resisted|p1a: Scizor
|-damage|p1a: Scizor|245\/343
|
|switch|p2a: Lola|Azumarill, F|383\/383
|
|-heal|p1a: Scizor|266\/343|[from] item: Leftovers
|turn|23
|
|switch|p1a: Slowbro|Slowbro, F|393\/393
|move|p2a: Lola|Knock Off|p1a: Slowbro
|-supereffective|p1a: Slowbro
|-damage|p1a: Slowbro|195\/393
|-enditem|p1a: Slowbro|Leftovers|[from] move: Knock Off|[of] p2a: Lola
|
|turn|24
|
|move|p2a: Lola|Play Rough|p1a: Slowbro
|-damage|p1a: Slowbro|66\/393
|-unboost|p1a: Slowbro|atk|1
|move|p1a: Slowbro|Slack Off|p1a: Slowbro
|-heal|p1a: Slowbro|263\/393
|
|turn|25
|
|switch|p2a: Mabe|Rotom-Wash|156\/299
|move|p1a: Slowbro|Slack Off|p1a: Slowbro
|-heal|p1a: Slowbro|393\/393
|
|-heal|p2a: Mabe|174\/299|[from] item: Leftovers
|turn|26
|
|switch|p1a: Quagsire|Quagsire, F|394\/394
|move|p2a: Mabe|Pain Split|p1a: Quagsire
|-sethp|p1a: Quagsire|284\/394|p2a: Mabe|284\/299|[from] move: Pain Split
|
|-heal|p2a: Mabe|299\/299|[from] item: Leftovers
|-heal|p1a: Quagsire|308\/394|[from] item: Leftovers
|turn|27
|
|move|p2a: Mabe|Will-O-Wisp|p1a: Quagsire
|-status|p1a: Quagsire|brn
|move|p1a: Quagsire|Toxic|p2a: Mabe
|-status|p2a: Mabe|tox
|
|-heal|p1a: Quagsire|332\/394 brn|[from] item: Leftovers
|-damage|p2a: Mabe|281\/299 tox|[from] psn
|-damage|p1a: Quagsire|283\/394 brn|[from] brn
|turn|28
|
|switch|p2a: Lola|Azumarill, F|383\/383
|switch|p1a: Chansey|Chansey, F|529\/703
|
|turn|29
|
|switch|p1a: Slowbro|Slowbro, F|393\/393
|move|p2a: Lola|Play Rough|p1a: Slowbro
|-damage|p1a: Slowbro|249\/393
|
|turn|30
|
|switch|p2a: Condorita|Mandibuzz, F|357\/409
|move|p1a: Slowbro|Slack Off|p1a: Slowbro
|-heal|p1a: Slowbro|393\/393
|
|-heal|p2a: Condorita|382\/409|[from] item: Leftovers
|turn|31
|c| Vioner|'-'
|
|move|p2a: Condorita|Foul Play|p1a: Slowbro
|-crit|p1a: Slowbro
|-supereffective|p1a: Slowbro
|-damage|p1a: Slowbro|225\/393
|move|p1a: Slowbro|Scald|p2a: Condorita
|-damage|p2a: Condorita|298\/409
|
|-heal|p2a: Condorita|323\/409|[from] item: Leftovers
|turn|32
|
|move|p2a: Condorita|Taunt|p1a: Slowbro
|-start|p1a: Slowbro|move: Taunt
|move|p1a: Slowbro|Scald|p2a: Condorita
|-damage|p2a: Condorita|247\/409
|
|-heal|p2a: Condorita|272\/409|[from] item: Leftovers
|turn|33
|
|switch|p2a: Mabe|Rotom-Wash|281\/299 tox
|switch|p1a: Altaria|Altaria-Mega, M|216\/353
|
|-heal|p2a: Mabe|299\/299 tox|[from] item: Leftovers
|-damage|p2a: Mabe|281\/299 tox|[from] psn
|turn|34
|leave|YOUsucke
|
|move|p2a: Mabe|Will-O-Wisp|p1a: Altaria
|-status|p1a: Altaria|brn
|move|p1a: Altaria|Roost|p1a: Altaria
|-heal|p1a: Altaria|353\/353 brn
|
|-heal|p2a: Mabe|299\/299 tox|[from] item: Leftovers
|-damage|p2a: Mabe|263\/299 tox|[from] psn
|-damage|p1a: Altaria|309\/353 brn|[from] brn
|turn|35
|
|move|p2a: Mabe|Volt Switch|p1a: Altaria
|-resisted|p1a: Altaria
|-damage|p1a: Altaria|269\/353 brn
|
|switch|p2a: Cochiloco|Mamoswine, M|361\/361
|move|p1a: Altaria|Heal Bell|p1a: Altaria
|-cureteam|p1a: Altaria|[from] move: HealBell
|
|turn|36
|
|switch|p1a: Slowbro|Slowbro, F|356\/393
|move|p2a: Cochiloco|Stealth Rock|p1a: Slowbro
|-sidestart|p1: TCMK|move: Stealth Rock
|
|turn|37
|
|switch|p2a: Mabe|Rotom-Wash|263\/299 tox
|move|p1a: Slowbro|Scald|p2a: Mabe
|-resisted|p2a: Mabe
|-damage|p2a: Mabe|233\/299 tox
|
|-heal|p2a: Mabe|251\/299 tox|[from] item: Leftovers
|-damage|p2a: Mabe|233\/299 tox|[from] psn
|turn|38
|
|switch|p1a: Quagsire|Quagsire, F|283\/394
|-damage|p1a: Quagsire|259\/394|[from] Stealth Rock
|move|p2a: Mabe|Will-O-Wisp|p1a: Quagsire
|-status|p1a: Quagsire|brn
|
|-heal|p2a: Mabe|251\/299 tox|[from] item: Leftovers
|-heal|p1a: Quagsire|283\/394 brn|[from] item: Leftovers
|-damage|p2a: Mabe|215\/299 tox|[from] psn
|-damage|p1a: Quagsire|234\/394 brn|[from] brn
|turn|39
|
|switch|p1a: Chansey|Chansey, F|529\/703
|-damage|p1a: Chansey|442\/703|[from] Stealth Rock
|move|p2a: Mabe|Hydro Pump|p1a: Chansey
|-damage|p1a: Chansey|357\/703
|
|-heal|p2a: Mabe|233\/299 tox|[from] item: Leftovers
|-damage|p2a: Mabe|179\/299 tox|[from] psn
|turn|40
|
|move|p2a: Mabe|Volt Switch|p1a: Chansey
|-damage|p1a: Chansey|306\/703
|
|switch|p2a: Abejo|Beedrill-Mega, M|271\/271
|move|p1a: Chansey|Soft-Boiled|p1a: Chansey
|-heal|p1a: Chansey|658\/703
|
|turn|41
|
|switch|p1a: Scizor|Scizor, F|266\/343
|-damage|p1a: Scizor|224\/343|[from] Stealth Rock
|move|p2a: Abejo|Knock Off|p1a: Scizor
|-damage|p1a: Scizor|99\/343
|-enditem|p1a: Scizor|Leftovers|[from] move: Knock Off|[of] p2a: Abejo
|
|turn|42
|
|move|p2a: Abejo|Drill Run|p1a: Scizor
|-crit|p1a: Scizor
|-damage|p1a: Scizor|0 fnt
|faint|p1a: Scizor
|
|
|switch|p1a: Skarmory|Skarmory, M|161\/333
|-damage|p1a: Skarmory|120\/333|[from] Stealth Rock
|turn|43
|
|move|p2a: Abejo|U-turn|p1a: Skarmory
|-resisted|p1a: Skarmory
|-damage|p1a: Skarmory|92\/333
|
|switch|p2a: Mabe|Rotom-Wash|179\/299 tox
|move|p1a: Skarmory|Stealth Rock|p2a: Mabe
|-sidestart|p2: Danielo|move: Stealth Rock
|
|-heal|p2a: Mabe|197\/299 tox|[from] item: Leftovers
|-damage|p2a: Mabe|179\/299 tox|[from] psn
|turn|44
|
|switch|p1a: Chansey|Chansey, F|658\/703
|-damage|p1a: Chansey|571\/703|[from] Stealth Rock
|move|p2a: Mabe|Hydro Pump|p1a: Chansey
|-damage|p1a: Chansey|489\/703
|
|-heal|p2a: Mabe|197\/299 tox|[from] item: Leftovers
|-damage|p2a: Mabe|161\/299 tox|[from] psn
|turn|45
|
|move|p2a: Mabe|Volt Switch|p1a: Chansey
|-damage|p1a: Chansey|440\/703
|
|switch|p2a: Condorita|Mandibuzz, F|272\/409
|-damage|p2a: Condorita|170\/409|[from] Stealth Rock
|move|p1a: Chansey|Toxic|p2a: Condorita
|-status|p2a: Condorita|tox
|
|-heal|p2a: Condorita|195\/409 tox|[from] item: Leftovers
|-damage|p2a: Condorita|170\/409 tox|[from] psn
|turn|46
|
|move|p2a: Condorita|Taunt|p1a: Chansey
|-start|p1a: Chansey|move: Taunt
|cant|p1a: Chansey|move: Taunt|Wish
|
|-heal|p2a: Condorita|195\/409 tox|[from] item: Leftovers
|-damage|p2a: Condorita|145\/409 tox|[from] psn
|turn|47
|
|move|p2a: Condorita|Defog|p1a: Chansey
|-unboost|p1a: Chansey|evasion|1
|-sideend|p1: TCMK|Stealth Rock|[from] move: Defog|[of] p1a: Chansey
|-sideend|p2: Danielo|Stealth Rock|[from] move: Defog|[of] p2a: Condorita
|move|p1a: Chansey|Seismic Toss|p2a: Condorita
|-damage|p2a: Condorita|45\/409 tox
|
|-heal|p2a: Condorita|70\/409 tox|[from] item: Leftovers
|-damage|p2a: Condorita|0 fnt|[from] psn
|faint|p2a: Condorita
|
|switch|p2a: Abejo|Beedrill-Mega, M|271\/271
|turn|48
|
|switch|p1a: Quagsire|Quagsire, F|234\/394 brn
|move|p2a: Abejo|Knock Off|p1a: Quagsire
|-damage|p1a: Quagsire|119\/394 brn
|-enditem|p1a: Quagsire|Leftovers|[from] move: Knock Off|[of] p2a: Abejo
|
|-damage|p1a: Quagsire|70\/394 brn|[from] brn
|turn|49
|
|move|p2a: Abejo|Drill Run|p1a: Quagsire
|-damage|p1a: Quagsire|0 fnt
|faint|p1a: Quagsire
|
|
|switch|p1a: Skarmory|Skarmory, M|92\/333
|turn|50
|
|move|p2a: Abejo|Knock Off|p1a: Skarmory
|-damage|p1a: Skarmory|38\/333
|move|p1a: Skarmory|Roost|p1a: Skarmory
|-heal|p1a: Skarmory|205\/333
|
|turn|51
|
|move|p2a: Abejo|U-turn|p1a: Skarmory
|-resisted|p1a: Skarmory
|-damage|p1a: Skarmory|178\/333
|
|switch|p2a: Mabe|Rotom-Wash|161\/299 tox
|move|p1a: Skarmory|Stealth Rock|p2a: Mabe
|-sidestart|p2: Danielo|move: Stealth Rock
|
|-heal|p2a: Mabe|179\/299 tox|[from] item: Leftovers
|-damage|p2a: Mabe|161\/299 tox|[from] psn
|turn|52
|
|switch|p1a: Chansey|Chansey, F|440\/703
|move|p2a: Mabe|Will-O-Wisp|p1a: Chansey
|-status|p1a: Chansey|brn
|
|-heal|p2a: Mabe|179\/299 tox|[from] item: Leftovers
|-damage|p2a: Mabe|143\/299 tox|[from] psn
|-damage|p1a: Chansey|353\/703 brn|[from] brn
|turn|53
|
|move|p2a: Mabe|Pain Split|p1a: Chansey
|-sethp|p1a: Chansey|248\/703 brn|p2a: Mabe|248\/299 tox|[from] move: Pain Split
|move|p1a: Chansey|Soft-Boiled|p1a: Chansey
|-heal|p1a: Chansey|600\/703 brn
|
|-heal|p2a: Mabe|266\/299 tox|[from] item: Leftovers
|-damage|p2a: Mabe|212\/299 tox|[from] psn
|-damage|p1a: Chansey|513\/703 brn|[from] brn
|turn|54
|
|move|p2a: Mabe|Hydro Pump|p1a: Chansey
|-damage|p1a: Chansey|438\/703 brn
|move|p1a: Chansey|Wish|p1a: Chansey
|
|-heal|p2a: Mabe|230\/299 tox|[from] item: Leftovers
|-damage|p2a: Mabe|158\/299 tox|[from] psn
|-damage|p1a: Chansey|351\/703 brn|[from] brn
|turn|55
|
|move|p2a: Mabe|Will-O-Wisp|p1a: Chansey
|-fail|p1a: Chansey|brn
|move|p1a: Chansey|Seismic Toss|p2a: Mabe
|-damage|p2a: Mabe|58\/299 tox
|
|-heal|p1a: Chansey|702\/703 brn|[from] move: Wish|[wisher] Chansey
|-heal|p2a: Mabe|76\/299 tox|[from] item: Leftovers
|-damage|p2a: Mabe|0 fnt|[from] psn
|-damage|p1a: Chansey|615\/703 brn|[from] brn
|faint|p2a: Mabe
|
|switch|p2a: Cochiloco|Mamoswine, M|361\/361
|-damage|p2a: Cochiloco|316\/361|[from] Stealth Rock
|turn|56
|
|switch|p1a: Skarmory|Skarmory, M|178\/333
|move|p2a: Cochiloco|Icicle Crash|p1a: Skarmory
|-damage|p1a: Skarmory|85\/333
|
|turn|57
|
|switch|p1a: Slowbro|Slowbro, F|393\/393
|move|p2a: Cochiloco|Icicle Crash|p1a: Slowbro
|-resisted|p1a: Slowbro
|-damage|p1a: Slowbro|339\/393
|
|turn|58
|
|move|p2a: Cochiloco|Stealth Rock|p1a: Slowbro
|-sidestart|p1: TCMK|move: Stealth Rock
|move|p1a: Slowbro|Scald|p2a: Cochiloco
|-supereffective|p2a: Cochiloco
|-damage|p2a: Cochiloco|44\/361
|-status|p2a: Cochiloco|brn
|
|-damage|p2a: Cochiloco|0 fnt|[from] brn
|faint|p2a: Cochiloco
|
|switch|p2a: Abejo|Beedrill-Mega, M|271\/271
|-damage|p2a: Abejo|204\/271|[from] Stealth Rock
|turn|59
|
|switch|p1a: Altaria|Altaria-Mega, M|269\/353
|-damage|p1a: Altaria|225\/353|[from] Stealth Rock
|move|p2a: Abejo|Knock Off|p1a: Altaria
|-resisted|p1a: Altaria
|-damage|p1a: Altaria|190\/353
|
|turn|60
|
|move|p2a: Abejo|Knock Off|p1a: Altaria
|-resisted|p1a: Altaria
|-damage|p1a: Altaria|156\/353
|move|p1a: Altaria|Hyper Voice|p2a: Abejo
|-resisted|p2a: Abejo
|-damage|p2a: Abejo|112\/271
|
|turn|61
|
|move|p2a: Abejo|Poison Jab|p1a: Altaria
|-crit|p1a: Altaria
|-supereffective|p1a: Altaria
|-damage|p1a: Altaria|0 fnt
|faint|p1a: Altaria
|
|
|switch|p1a: Chansey|Chansey, F|615\/703
|-damage|p1a: Chansey|528\/703|[from] Stealth Rock
|turn|62
|
|move|p2a: Abejo|Knock Off|p1a: Chansey
|-damage|p1a: Chansey|337\/703
|-enditem|p1a: Chansey|Eviolite|[from] move: Knock Off|[of] p2a: Abejo
|move|p1a: Chansey|Seismic Toss|p2a: Abejo
|-damage|p2a: Abejo|12\/271
|
|turn|63
|
|move|p2a: Abejo|Poison Jab|p1a: Chansey
|-crit|p1a: Chansey
|-damage|p1a: Chansey|0 fnt
|faint|p1a: Chansey
|
|
|switch|p1a: Slowbro|Slowbro, F|393\/393
|-damage|p1a: Slowbro|344\/393|[from] Stealth Rock
|turn|64
|
|switch|p1a: Skarmory|Skarmory, M|85\/333
|-damage|p1a: Skarmory|44\/333|[from] Stealth Rock
|move|p2a: Abejo|U-turn|p1a: Skarmory
|-resisted|p1a: Skarmory
|-damage|p1a: Skarmory|14\/333
|c|âTCMK|gg
|
|switch|p2a: Tigrito|Landorus-Therian, M|105\/319
|-damage|p2a: Tigrito|66\/319|[from] Stealth Rock
|-ability|p2a: Tigrito|Intimidate|[of] p1a: Skarmory
|-unboost|p1a: Skarmory|atk|1
|
|-heal|p2a: Tigrito|85\/319|[from] item: Leftovers
|turn|65
|
|move|p2a: Tigrito|Knock Off|p1a: Skarmory
|-damage|p1a: Skarmory|0 fnt
|faint|p1a: Skarmory
|
|-heal|p2a: Tigrito|104\/319|[from] item: Leftovers
|
|switch|p1a: Slowbro|Slowbro, F|393\/393
|-damage|p1a: Slowbro|344\/393|[from] Stealth Rock
|turn|66
|
|move|p2a: Tigrito|Earthquake|p1a: Slowbro
|-damage|p1a: Slowbro|208\/393
|move|p1a: Slowbro|Slack Off|p1a: Slowbro
|-heal|p1a: Slowbro|393\/393
|
|-heal|p2a: Tigrito|123\/319|[from] item: Leftovers
|turn|67
|
|move|p2a: Tigrito|Earthquake|p1a: Slowbro
|-damage|p1a: Slowbro|267\/393
|move|p1a: Slowbro|Toxic|p2a: Tigrito
|-status|p2a: Tigrito|tox
|
|-heal|p2a: Tigrito|142\/319 tox|[from] item: Leftovers
|-damage|p2a: Tigrito|123\/319 tox|[from] psn
|turn|68
|
|move|p2a: Tigrito|Earthquake|p1a: Slowbro
|-damage|p1a: Slowbro|134\/393
|move|p1a: Slowbro|Slack Off|p1a: Slowbro
|-heal|p1a: Slowbro|331\/393
|
|-heal|p2a: Tigrito|142\/319 tox|[from] item: Leftovers
|-damage|p2a: Tigrito|104\/319 tox|[from] psn
|turn|69
|
|move|p2a: Tigrito|U-turn|p1a: Slowbro
|-supereffective|p1a: Slowbro
|-damage|p1a: Slowbro|211\/393
|
|switch|p2a: Lola|Azumarill, F|383\/383
|-damage|p2a: Lola|336\/383|[from] Stealth Rock
|move|p1a: Slowbro|Slack Off|p1a: Slowbro
|-heal|p1a: Slowbro|393\/393
|
|turn|70
|
|move|p2a: Lola|Knock Off|p1a: Slowbro
|-supereffective|p1a: Slowbro
|-damage|p1a: Slowbro|253\/393
|move|p1a: Slowbro|Toxic|p2a: Lola|[miss]
|-miss|p1a: Slowbro|p2a: Lola
|
|turn|71
|
|move|p2a: Lola|Knock Off|p1a: Slowbro
|-supereffective|p1a: Slowbro
|-damage|p1a: Slowbro|123\/393
|move|p1a: Slowbro|Slack Off|p1a: Slowbro
|-heal|p1a: Slowbro|320\/393
|
|turn|72
|
|move|p2a: Lola|Knock Off|p1a: Slowbro
|-supereffective|p1a: Slowbro
|-damage|p1a: Slowbro|182\/393
|move|p1a: Slowbro|Slack Off|p1a: Slowbro
|-heal|p1a: Slowbro|379\/393
|
|turn|73
|
|move|p2a: Lola|Knock Off|p1a: Slowbro
|-supereffective|p1a: Slowbro
|-damage|p1a: Slowbro|245\/393
|move|p1a: Slowbro|Toxic|p2a: Lola
|-status|p2a: Lola|tox
|
|-damage|p2a: Lola|313\/383 tox|[from] psn
|turn|74
|
|move|p2a: Lola|Knock Off|p1a: Slowbro
|-supereffective|p1a: Slowbro
|-damage|p1a: Slowbro|113\/393
|move|p1a: Slowbro|Slack Off|p1a: Slowbro
|-heal|p1a: Slowbro|310\/393
|
|-damage|p2a: Lola|267\/383 tox|[from] psn
|turn|75
|
|move|p2a: Lola|Knock Off|p1a: Slowbro
|-supereffective|p1a: Slowbro
|-damage|p1a: Slowbro|174\/393
|move|p1a: Slowbro|Slack Off|p1a: Slowbro
|-heal|p1a: Slowbro|371\/393
|
|-damage|p2a: Lola|198\/383 tox|[from] psn
|turn|76
|
|switch|p2a: Abejo|Beedrill-Mega, M|12\/271
|-damage|p2a: Abejo|0 fnt|[from] Stealth Rock
|faint|p2a: Abejo
|move|p1a: Slowbro|Slack Off|p1a: Slowbro
|-heal|p1a: Slowbro|393\/393
|
|
|switch|p2a: Tigrito|Landorus-Therian, M|104\/319 tox
|-damage|p2a: Tigrito|65\/319 tox|[from] Stealth Rock
|-ability|p2a: Tigrito|Intimidate|[of] p1a: Slowbro
|-unboost|p1a: Slowbro|atk|1
|turn|77
|
|move|p2a: Tigrito|Earthquake|p1a: Slowbro
|-damage|p1a: Slowbro|257\/393
|move|p1a: Slowbro|Slack Off|p1a: Slowbro
|-heal|p1a: Slowbro|393\/393
|
|-heal|p2a: Tigrito|84\/319 tox|[from] item: Leftovers
|-damage|p2a: Tigrito|65\/319 tox|[from] psn
|turn|78
|
|move|p2a: Tigrito|Earthquake|p1a: Slowbro
|-damage|p1a: Slowbro|252\/393
|move|p1a: Slowbro|Slack Off|p1a: Slowbro
|-heal|p1a: Slowbro|393\/393
|
|-heal|p2a: Tigrito|84\/319 tox|[from] item: Leftovers
|-damage|p2a: Tigrito|46\/319 tox|[from] psn
|turn|79
|
|move|p2a: Tigrito|Earthquake|p1a: Slowbro
|-damage|p1a: Slowbro|272\/393
|move|p1a: Slowbro|Slack Off|p1a: Slowbro
|-heal|p1a: Slowbro|393\/393
|
|-heal|p2a: Tigrito|65\/319 tox|[from] item: Leftovers
|-damage|p2a: Tigrito|8\/319 tox|[from] psn
|turn|80
|
|move|p2a: Tigrito|Earthquake|p1a: Slowbro
|-damage|p1a: Slowbro|258\/393
|move|p1a: Slowbro|Slack Off|p1a: Slowbro
|-heal|p1a: Slowbro|393\/393
|
|-heal|p2a: Tigrito|27\/319 tox|[from] item: Leftovers
|-damage|p2a: Tigrito|0 fnt|[from] psn
|faint|p2a: Tigrito
|
|switch|p2a: Lola|Azumarill, F|198\/383 tox
|-damage|p2a: Lola|151\/383 tox|[from] Stealth Rock
|turn|81
|
|move|p2a: Lola|Knock Off|p1a: Slowbro
|-crit|p1a: Slowbro
|-supereffective|p1a: Slowbro
|-damage|p1a: Slowbro|183\/393
|move|p1a: Slowbro|Slack Off|p1a: Slowbro
|-heal|p1a: Slowbro|380\/393
|
|-damage|p2a: Lola|128\/383 tox|[from] psn
|turn|82
|
|move|p2a: Lola|Knock Off|p1a: Slowbro
|-supereffective|p1a: Slowbro
|-damage|p1a: Slowbro|246\/393
|move|p1a: Slowbro|Scald|p2a: Lola
|-resisted|p2a: Lola
|-damage|p2a: Lola|94\/383 tox
|
|-damage|p2a: Lola|48\/383 tox|[from] psn
|turn|83
|
|move|p2a: Lola|Knock Off|p1a: Slowbro
|-supereffective|p1a: Slowbro
|-damage|p1a: Slowbro|106\/393
|move|p1a: Slowbro|Scald|p2a: Lola
|-resisted|p2a: Lola
|-damage|p2a: Lola|14\/383 tox
|
|-damage|p2a: Lola|0 fnt|[from] psn
|faint|p2a: Lola
|
|win|TCMK
|raw|Ladder updating...
|raw|TCMK's rating: 1197 &rarr; <strong>1214<\/strong><br \/>(+17 for winning)
|raw|Danielo's rating: 1081 &rarr; <strong>1066<\/strong><br \/>(-15 for losing)
|leave|ElNovaDragone