|join|watch cats
|join|TCMK
|player|p1|watch cats|290
|player|p2|TCMK|153
|gametype|singles
|gen|6
|tier|OU
|rated
|clearpoke
|poke|p1|Chansey, F
|poke|p1|Keldeo
|poke|p1|Heatran, F
|poke|p1|Skarmory, F
|poke|p1|Bisharp, F
|poke|p1|Venusaur, M
|poke|p2|Skarmory, M
|poke|p2|Chansey, F
|poke|p2|Mawile, F, shiny
|poke|p2|Quagsire, M
|poke|p2|Slowbro, M
|poke|p2|Latias, F, shiny
|rule|Swagger Clause: Swagger is banned
|rule|Baton Pass Clause: Limit one PokÃ©mon knowing Baton Pass
|rule|Sleep Clause Mod: Limit one foe put to sleep
|rule|Species Clause: Limit one of each PokÃ©mon
|rule|OHKO Clause: OHKO moves are banned
|rule|Moody Clause: Moody is banned
|rule|Evasion Moves Clause: Evasion moves are banned
|rule|Endless Battle Clause: Forcing endless battles is banned
|rule|HP Percentage Mod: HP is reported as percentages
|teampreview
|
|start
|switch|p1a: Bloody Sunday|Heatran, F|340\/340
|switch|p2a: manbearpig|Slowbro, M|393\/393
|-item|p1a: Bloody Sunday|Air Balloon
|turn|1
|
|move|p1a: Bloody Sunday|Toxic|p2a: manbearpig
|-status|p2a: manbearpig|tox
|move|p2a: manbearpig|Scald|p1a: Bloody Sunday
|-supereffective|p1a: Bloody Sunday
|-damage|p1a: Bloody Sunday|148\/340
|-enditem|p1a: Bloody Sunday|Air Balloon
|
|-damage|p2a: manbearpig|369\/393 tox|[from] psn
|turn|2
|join|Hannnaah Montana
|
|switch|p1a: u got chansey'ed|Chansey, F|685\/685
|move|p2a: manbearpig|Scald|p1a: u got chansey'ed
|-damage|p1a: u got chansey'ed|633\/685
|
|-heal|p2a: manbearpig|393\/393 tox|[from] item: Leftovers
|-damage|p2a: manbearpig|345\/393 tox|[from] psn
|turn|3
|join|durfree
|
|switch|p2a: whirld wind|Skarmory, M|333\/333
|move|p1a: u got chansey'ed|Seismic Toss|p2a: whirld wind
|-damage|p2a: whirld wind|233\/333
|
|-heal|p2a: whirld wind|253\/333|[from] item: Leftovers
|turn|4
|
|switch|p1a: Bloody Sunday|Heatran, F|148\/340
|move|p2a: whirld wind|Stealth Rock|p1a: Bloody Sunday
|-sidestart|p1: watch cats|move: Stealth Rock
|
|-heal|p2a: whirld wind|273\/333|[from] item: Leftovers
|turn|5
|
|switch|p2a: manbearpig|Slowbro, M|393\/393 tox
|move|p1a: Bloody Sunday|Stealth Rock|p2a: manbearpig
|-sidestart|p2: TCMK|move: Stealth Rock
|
|-damage|p2a: manbearpig|369\/393 tox|[from] psn
|turn|6
|
|switch|p1a: u got chansey'ed|Chansey, F|633\/685
|-damage|p1a: u got chansey'ed|548\/685|[from] Stealth Rock
|move|p2a: manbearpig|Scald|p1a: u got chansey'ed
|-damage|p1a: u got chansey'ed|491\/685
|-status|p1a: u got chansey'ed|brn
|
|-heal|p2a: manbearpig|393\/393 tox|[from] item: Leftovers
|-damage|p1a: u got chansey'ed|406\/685 brn|[from] brn
|-damage|p2a: manbearpig|345\/393 tox|[from] psn
|turn|7
|
|switch|p2a: Medusa|Mawile, F, shiny|304\/304
|-damage|p2a: Medusa|285\/304|[from] Stealth Rock
|-ability|p2a: Medusa|Intimidate|[of] p1a: u got chansey'ed
|-unboost|p1a: u got chansey'ed|atk|1
|move|p1a: u got chansey'ed|Soft-Boiled|p1a: u got chansey'ed
|-heal|p1a: u got chansey'ed|685\/685 brn
|
|-damage|p1a: u got chansey'ed|600\/685 brn|[from] brn
|turn|8
|
|switch|p1a: Aka DH|Venusaur, M|364\/364
|-damage|p1a: Aka DH|319\/364|[from] Stealth Rock
|detailschange|p2a: Medusa|Mawile-Mega, F, shiny
|message|Mawile has Mega Evolved into Mega Mawile!
|move|p2a: Medusa|Power-Up Punch|p1a: Aka DH
|-resisted|p1a: Aka DH
|-damage|p1a: Aka DH|295\/364
|-boost|p2a: Medusa|atk|1
|
|turn|9
|
|detailschange|p1a: Aka DH|Venusaur-Mega, M
|message|Venusaur has Mega Evolved into Mega Venusaur!
|move|p1a: Aka DH|Leech Seed|p2a: Medusa|[miss]
|-miss|p1a: Aka DH|p2a: Medusa
|move|p2a: Medusa|Play Rough|p1a: Aka DH
|-resisted|p1a: Aka DH
|-damage|p1a: Aka DH|199\/364
|
|turn|10
|join|call me trice
|
|move|p1a: Aka DH|Leech Seed|p2a: Medusa
|-start|p2a: Medusa|move: Leech Seed
|move|p2a: Medusa|Play Rough|p1a: Aka DH
|-resisted|p1a: Aka DH
|-damage|p1a: Aka DH|92\/364
|
|-damage|p2a: Medusa|247\/304|[from] Leech Seed|[of] p1a: Aka DH
|-heal|p1a: Aka DH|130\/364|[silent]
|turn|11
|chat|call me trice|whats the hext?
|
|switch|p2a: LOLNAAAAAAH|Latias, F, shiny|363\/363
|-damage|p2a: LOLNAAAAAAH|318\/363|[from] Stealth Rock
|move|p1a: Aka DH|Synthesis|p1a: Aka DH
|-heal|p1a: Aka DH|312\/364
|
|-heal|p2a: LOLNAAAAAAH|340\/363|[from] item: Leftovers
|turn|12
|
|switch|p1a: Zenzo|Bisharp, F|334\/334
|-damage|p1a: Zenzo|314\/334|[from] Stealth Rock
|move|p2a: LOLNAAAAAAH|Psyshock|p1a: Zenzo
|-immune|p1a: Zenzo|[msg]
|
|-heal|p2a: LOLNAAAAAAH|362\/363|[from] item: Leftovers
|-heal|p1a: Zenzo|334\/334|[from] item: Leftovers
|turn|13
|
|move|p2a: LOLNAAAAAAH|Reflect Type|p1a: Zenzo
|-start|p2a: LOLNAAAAAAH|typechange|Dark\/Steel|[from] move: Reflect Type|[of] p1a: Zenzo
|move|p1a: Zenzo|Knock Off|p2a: LOLNAAAAAAH
|-resisted|p2a: LOLNAAAAAAH
|-damage|p2a: LOLNAAAAAAH|282\/363
|-enditem|p2a: LOLNAAAAAAH|Leftovers|[from] move: Knock Off|[of] p1a: Zenzo
|
|turn|14
|
|move|p2a: LOLNAAAAAAH|Roost|p2a: LOLNAAAAAAH
|-heal|p2a: LOLNAAAAAAH|363\/363
|move|p1a: Zenzo|Swords Dance|p1a: Zenzo
|-boost|p1a: Zenzo|atk|2
|
|turn|15
|
|switch|p2a: checkers>chess|Quagsire, M|394\/394
|-damage|p2a: checkers>chess|370\/394|[from] Stealth Rock
|move|p1a: Zenzo|Knock Off|p2a: checkers>chess
|-damage|p2a: checkers>chess|216\/394
|-enditem|p2a: checkers>chess|Leftovers|[from] move: Knock Off|[of] p1a: Zenzo
|
|turn|16
|
|switch|p1a: wish killer|Keldeo|323\/323
|-damage|p1a: wish killer|303\/323|[from] Stealth Rock
|move|p2a: checkers>chess|Recover|p2a: checkers>chess
|-heal|p2a: checkers>chess|394\/394
|
|-heal|p1a: wish killer|323\/323|[from] item: Leftovers
|turn|17
|
|switch|p2a: LOLNAAAAAAH|Latias, F, shiny|363\/363
|-damage|p2a: LOLNAAAAAAH|318\/363|[from] Stealth Rock
|move|p1a: wish killer|Scald|p2a: LOLNAAAAAAH
|-resisted|p2a: LOLNAAAAAAH
|-damage|p2a: LOLNAAAAAAH|267\/363
|
|turn|18
|
|switch|p1a: Zenzo|Bisharp, F|334\/334
|-damage|p1a: Zenzo|314\/334|[from] Stealth Rock
|move|p2a: LOLNAAAAAAH|Psyshock|p1a: Zenzo
|-immune|p1a: Zenzo|[msg]
|
|-heal|p1a: Zenzo|334\/334|[from] item: Leftovers
|turn|19
|
|switch|p2a: checkers>chess|Quagsire, M|394\/394
|-damage|p2a: checkers>chess|370\/394|[from] Stealth Rock
|move|p1a: Zenzo|Knock Off|p2a: checkers>chess
|-damage|p2a: checkers>chess|279\/394
|
|turn|20
|
|switch|p1a: Costa|Skarmory, F|334\/334
|-damage|p1a: Costa|293\/334|[from] Stealth Rock
|move|p2a: checkers>chess|Toxic|p1a: Costa
|-fail|p1a: Costa
|
|turn|21
|
|move|p2a: checkers>chess|Scald|p1a: Costa
|-damage|p1a: Costa|220\/334
|move|p1a: Costa|Whirlwind|p2a: checkers>chess
|drag|p2a: whirld wind|Skarmory, M|273\/333
|-damage|p2a: whirld wind|232\/333|[from] Stealth Rock
|
|-heal|p2a: whirld wind|252\/333|[from] item: Leftovers
|turn|22
|
|switch|p2a: LOLNAAAAAAH|Latias, F, shiny|267\/363
|-damage|p2a: LOLNAAAAAAH|222\/363|[from] Stealth Rock
|move|p1a: Costa|Spikes|p2a: LOLNAAAAAAH
|-sidestart|p2: TCMK|Spikes
|
|turn|23
|
|move|p2a: LOLNAAAAAAH|Defog|p1a: Costa
|-unboost|p1a: Costa|evasion|1
|-sideend|p1: watch cats|Stealth Rock|[from] move: Defog|[of] p1a: Costa
|-sideend|p2: TCMK|Spikes|[from] move: Defog|[of] p2a: LOLNAAAAAAH
|-sideend|p2: TCMK|Stealth Rock|[from] move: Defog|[of] p2a: LOLNAAAAAAH
|move|p1a: Costa|Brave Bird|p2a: LOLNAAAAAAH
|-damage|p2a: LOLNAAAAAAH|126\/363
|-damage|p1a: Costa|188\/334|[from] recoil|[of] p2a: LOLNAAAAAAH
|
|turn|24
|
|move|p2a: LOLNAAAAAAH|Roost|p2a: LOLNAAAAAAH
|-heal|p2a: LOLNAAAAAAH|308\/363
|move|p1a: Costa|Roost|p1a: Costa
|-heal|p1a: Costa|334\/334
|
|turn|25
|
|switch|p2a: checkers>chess|Quagsire, M|279\/394
|move|p1a: Costa|Spikes|p2a: checkers>chess
|-sidestart|p2: TCMK|Spikes
|
|turn|26
|
|switch|p1a: wish killer|Keldeo|323\/323
|move|p2a: checkers>chess|Scald|p1a: wish killer
|-resisted|p1a: wish killer
|-damage|p1a: wish killer|286\/323
|-status|p1a: wish killer|brn
|
|-heal|p1a: wish killer|306\/323 brn|[from] item: Leftovers
|-damage|p1a: wish killer|266\/323 brn|[from] brn
|turn|27
|
|switch|p2a: LOLNAAAAAAH|Latias, F, shiny|308\/363
|move|p1a: wish killer|Scald|p2a: LOLNAAAAAAH
|-resisted|p2a: LOLNAAAAAAH
|-damage|p2a: LOLNAAAAAAH|248\/363
|-status|p2a: LOLNAAAAAAH|brn
|
|-heal|p1a: wish killer|286\/323 brn|[from] item: Leftovers
|-damage|p1a: wish killer|246\/323 brn|[from] brn
|-damage|p2a: LOLNAAAAAAH|203\/363 brn|[from] brn
|turn|28
|
|switch|p1a: u got chansey'ed|Chansey, F|600\/685
|move|p2a: LOLNAAAAAAH|Roost|p2a: LOLNAAAAAAH
|-heal|p2a: LOLNAAAAAAH|363\/363 brn
|
|-damage|p2a: LOLNAAAAAAH|318\/363 brn|[from] brn
|turn|29
|
|move|p2a: LOLNAAAAAAH|Defog|p1a: u got chansey'ed
|-unboost|p1a: u got chansey'ed|evasion|1
|-sideend|p2: TCMK|Spikes|[from] move: Defog|[of] p2a: LOLNAAAAAAH
|move|p1a: u got chansey'ed|Seismic Toss|p2a: LOLNAAAAAAH
|-damage|p2a: LOLNAAAAAAH|218\/363 brn
|
|-damage|p2a: LOLNAAAAAAH|173\/363 brn|[from] brn
|turn|30
|
|move|p2a: LOLNAAAAAAH|Roost|p2a: LOLNAAAAAAH
|-heal|p2a: LOLNAAAAAAH|355\/363 brn
|move|p1a: u got chansey'ed|Aromatherapy|p1a: u got chansey'ed
|-cureteam|p1a: u got chansey'ed|[from] move: Aromatherapy
|
|-damage|p2a: LOLNAAAAAAH|310\/363 brn|[from] brn
|turn|31
|
|switch|p2a: Medusa|Mawile-Mega, F, shiny|247\/304
|switch|p1a: Bloody Sunday|Heatran, F|148\/340
|
|turn|32
|
|switch|p2a: manbearpig|Slowbro, M|393\/393 tox
|move|p1a: Bloody Sunday|Fire Blast|p2a: manbearpig
|-resisted|p2a: manbearpig
|-damage|p2a: manbearpig|298\/393 tox
|
|-heal|p2a: manbearpig|322\/393 tox|[from] item: Leftovers
|-damage|p2a: manbearpig|298\/393 tox|[from] psn
|turn|33
|join|i came from leddit
|
|switch|p1a: u got chansey'ed|Chansey, F|600\/685
|move|p2a: manbearpig|Scald|p1a: u got chansey'ed
|-damage|p1a: u got chansey'ed|549\/685
|
|-heal|p2a: manbearpig|322\/393 tox|[from] item: Leftovers
|-damage|p2a: manbearpig|274\/393 tox|[from] psn
|turn|34
|
|move|p1a: u got chansey'ed|Seismic Toss|p2a: manbearpig
|-damage|p2a: manbearpig|174\/393 tox
|move|p2a: manbearpig|Scald|p1a: u got chansey'ed
|-damage|p1a: u got chansey'ed|489\/685
|
|-heal|p2a: manbearpig|198\/393 tox|[from] item: Leftovers
|-damage|p2a: manbearpig|126\/393 tox|[from] psn
|turn|35
|join|piando
|
|switch|p2a: Medusa|Mawile-Mega, F, shiny|247\/304
|move|p1a: u got chansey'ed|Seismic Toss|p2a: Medusa
|-damage|p2a: Medusa|147\/304
|
|turn|36
|
|switch|p1a: Aka DH|Venusaur-Mega, M|312\/364
|move|p2a: Medusa|Power-Up Punch|p1a: Aka DH
|-resisted|p1a: Aka DH
|-damage|p1a: Aka DH|292\/364
|-boost|p2a: Medusa|atk|1
|
|turn|37
|chat|i came from leddit|>
|
|switch|p2a: Fallon|Chansey, F|703\/703
|move|p1a: Aka DH|Hidden Power|p2a: Fallon
|-damage|p2a: Fallon|672\/703
|
|turn|38
|
|move|p1a: Aka DH|Leech Seed|p2a: Fallon
|-start|p2a: Fallon|move: Leech Seed
|move|p2a: Fallon|Heal Bell|p2a: Fallon
|-cureteam|p2a: Fallon|[from] move: HealBell
|
|-damage|p2a: Fallon|585\/703|[from] Leech Seed|[of] p1a: Aka DH
|-heal|p1a: Aka DH|364\/364|[silent]
|turn|39
|
|switch|p2a: LOLNAAAAAAH|Latias, F, shiny|310\/363
|move|p1a: Aka DH|Leech Seed|p2a: LOLNAAAAAAH
|-start|p2a: LOLNAAAAAAH|move: Leech Seed
|
|-damage|p2a: LOLNAAAAAAH|265\/363|[from] Leech Seed|[of] p1a: Aka DH
|turn|40
|join|peiyao
|
|switch|p2a: Fallon|Chansey, F|585\/703
|switch|p1a: Bloody Sunday|Heatran, F|148\/340
|
|turn|41
|
|switch|p1a: Costa|Skarmory, F|334\/334
|switch|p2a: LOLNAAAAAAH|Latias, F, shiny|265\/363
|
|turn|42
|
|switch|p2a: checkers>chess|Quagsire, M|279\/394
|move|p1a: Costa|Spikes|p2a: checkers>chess
|-sidestart|p2: TCMK|Spikes
|
|turn|43
|
|move|p1a: Costa|Spikes|p2a: checkers>chess
|-sidestart|p2: TCMK|Spikes
|move|p2a: checkers>chess|Toxic|p1a: Costa|[miss]
|-miss|p2a: checkers>chess|p1a: Costa
|
|turn|44
|
|switch|p1a: wish killer|Keldeo|246\/323
|move|p2a: checkers>chess|Scald|p1a: wish killer
|-resisted|p1a: wish killer
|-damage|p1a: wish killer|212\/323
|-status|p1a: wish killer|brn
|
|-heal|p1a: wish killer|232\/323 brn|[from] item: Leftovers
|-damage|p1a: wish killer|192\/323 brn|[from] brn
|turn|45
|
|switch|p1a: Zenzo|Bisharp, F|334\/334
|switch|p2a: LOLNAAAAAAH|Latias, F, shiny|265\/363
|
|turn|46
|
|switch|p2a: whirld wind|Skarmory, M|252\/333
|move|p1a: Zenzo|Knock Off|p2a: whirld wind
|-damage|p2a: whirld wind|144\/333
|-enditem|p2a: whirld wind|Leftovers|[from] move: Knock Off|[of] p1a: Zenzo
|
|turn|47
|
|move|p1a: Zenzo|Swords Dance|p1a: Zenzo
|-boost|p1a: Zenzo|atk|2
|move|p2a: whirld wind|Roost|p2a: whirld wind
|-heal|p2a: whirld wind|311\/333
|
|turn|48
|
|move|p1a: Zenzo|Knock Off|p2a: whirld wind
|-damage|p2a: whirld wind|166\/333
|move|p2a: whirld wind|Counter|p1a: Zenzo
|-damage|p1a: Zenzo|44\/334
|
|-heal|p1a: Zenzo|64\/334|[from] item: Leftovers
|turn|49
|
|move|p1a: Zenzo|Iron Head|p2a: whirld wind
|-resisted|p2a: whirld wind
|-damage|p2a: whirld wind|70\/333
|move|p2a: whirld wind|Roost|p2a: whirld wind
|-heal|p2a: whirld wind|237\/333
|
|-heal|p1a: Zenzo|84\/334|[from] item: Leftovers
|turn|50
|
|switch|p1a: Bloody Sunday|Heatran, F|148\/340
|move|p2a: whirld wind|Roost|p2a: whirld wind
|-heal|p2a: whirld wind|333\/333
|
|turn|51
|
|switch|p2a: LOLNAAAAAAH|Latias, F, shiny|265\/363
|move|p1a: Bloody Sunday|Toxic|p2a: LOLNAAAAAAH|[miss]
|-miss|p1a: Bloody Sunday|p2a: LOLNAAAAAAH
|
|turn|52
|
|move|p1a: Bloody Sunday|Toxic|p2a: LOLNAAAAAAH
|-status|p2a: LOLNAAAAAAH|tox
|move|p2a: LOLNAAAAAAH|Reflect Type|p1a: Bloody Sunday
|-start|p2a: LOLNAAAAAAH|typechange|Fire\/Steel|[from] move: Reflect Type|[of] p1a: Bloody Sunday
|
|-damage|p2a: LOLNAAAAAAH|243\/363 tox|[from] psn
|turn|53
|chat|TCMK|how fast r u
|chat|TCMK|lol
|
|move|p1a: Bloody Sunday|Stealth Rock|p2a: LOLNAAAAAAH
|-sidestart|p2: TCMK|move: Stealth Rock
|move|p2a: LOLNAAAAAAH|Defog|p1a: Bloody Sunday
|-unboost|p1a: Bloody Sunday|evasion|1
|-sideend|p2: TCMK|Spikes|[from] move: Defog|[of] p2a: LOLNAAAAAAH
|-sideend|p2: TCMK|Stealth Rock|[from] move: Defog|[of] p2a: LOLNAAAAAAH
|
|-damage|p2a: LOLNAAAAAAH|199\/363 tox|[from] psn
|turn|54
|
|switch|p2a: manbearpig|Slowbro, M|257\/393
|move|p1a: Bloody Sunday|Taunt|p2a: manbearpig
|-start|p2a: manbearpig|move: Taunt
|
|-heal|p2a: manbearpig|281\/393|[from] item: Leftovers
|turn|55
|chat|call me trice|fire blast him
|chat|call me trice|its neutral
|chat|call me trice|n_n
|chat|call me trice|:D
|chat|TCMK|everywhere i turn
|chat|TCMK|a new good player appears
|
|switch|p1a: u got chansey'ed|Chansey, F|489\/685
|move|p2a: manbearpig|Scald|p1a: u got chansey'ed
|-damage|p1a: u got chansey'ed|431\/685
|
|-heal|p2a: manbearpig|305\/393|[from] item: Leftovers
|turn|56
|chat|Hannnaah Montana|^
|chat|i came from leddit|nice manbearpig
|
|switch|p2a: Fallon|Chansey, F|585\/703
|move|p1a: u got chansey'ed|Aromatherapy|p1a: u got chansey'ed
|-cureteam|p1a: u got chansey'ed|[from] move: Aromatherapy
|
|turn|57
|
|switch|p1a: Zenzo|Bisharp, F|84\/334
|move|p2a: Fallon|Heal Bell|p2a: Fallon
|-cureteam|p2a: Fallon|[from] move: HealBell
|
|-heal|p1a: Zenzo|104\/334|[from] item: Leftovers
|turn|58
|
|switch|p2a: checkers>chess|Quagsire, M|279\/394
|move|p1a: Zenzo|Knock Off|p2a: checkers>chess
|-damage|p2a: checkers>chess|176\/394
|
|-heal|p1a: Zenzo|124\/334|[from] item: Leftovers
|turn|59
|
|switch|p1a: wish killer|Keldeo|192\/323
|move|p2a: checkers>chess|Recover|p2a: checkers>chess
|-heal|p2a: checkers>chess|373\/394
|
|-heal|p1a: wish killer|212\/323|[from] item: Leftovers
|turn|60
|
|switch|p2a: manbearpig|Slowbro, M|393\/393
|move|p1a: wish killer|Scald|p2a: manbearpig
|-resisted|p2a: manbearpig
|-damage|p2a: manbearpig|304\/393
|
|-heal|p1a: wish killer|232\/323|[from] item: Leftovers
|-heal|p2a: manbearpig|328\/393|[from] item: Leftovers
|turn|61
|
|switch|p1a: Aka DH|Venusaur-Mega, M|364\/364
|switch|p2a: LOLNAAAAAAH|Latias, F, shiny|199\/363
|
|turn|62
|
|move|p2a: LOLNAAAAAAH|Roost|p2a: LOLNAAAAAAH
|-heal|p2a: LOLNAAAAAAH|363\/363
|move|p1a: Aka DH|Hidden Power|p2a: LOLNAAAAAAH
|-resisted|p2a: LOLNAAAAAAH
|-damage|p2a: LOLNAAAAAAH|342\/363
|
|turn|63
|chat|TCMK|everywhere man
|chat|TCMK|everywhere
|
|move|p2a: LOLNAAAAAAH|Psyshock|p1a: Aka DH
|-supereffective|p1a: Aka DH
|-damage|p1a: Aka DH|248\/364
|move|p1a: Aka DH|Leech Seed|p2a: LOLNAAAAAAH
|-start|p2a: LOLNAAAAAAH|move: Leech Seed
|
|-damage|p2a: LOLNAAAAAAH|297\/363|[from] Leech Seed|[of] p1a: Aka DH
|-heal|p1a: Aka DH|293\/364|[silent]
|turn|64
|chat|Hannnaah Montana|too many
|
|switch|p2a: Fallon|Chansey, F|585\/703
|move|p1a: Aka DH|Giga Drain|p2a: Fallon
|-damage|p2a: Fallon|524\/703
|-heal|p1a: Aka DH|324\/364|[from] drain|[of] p2a: Fallon
|
|turn|65
|chat|TCMK|sometimes i cry at night because i wake up and i see one hovering above me
|
|switch|p2a: LOLNAAAAAAH|Latias, F, shiny|297\/363
|move|p1a: Aka DH|Leech Seed|p2a: LOLNAAAAAAH
|-start|p2a: LOLNAAAAAAH|move: Leech Seed
|
|-damage|p2a: LOLNAAAAAAH|252\/363|[from] Leech Seed|[of] p1a: Aka DH
|-heal|p1a: Aka DH|364\/364|[silent]
|turn|66
|
|switch|p2a: Fallon|Chansey, F|524\/703
|switch|p1a: Zenzo|Bisharp, F|124\/334
|
|-heal|p1a: Zenzo|144\/334|[from] item: Leftovers
|turn|67
|
|switch|p2a: checkers>chess|Quagsire, M|373\/394
|move|p1a: Zenzo|Knock Off|p2a: checkers>chess
|-damage|p2a: checkers>chess|268\/394
|
|-heal|p1a: Zenzo|164\/334|[from] item: Leftovers
|turn|68
|
|switch|p1a: Aka DH|Venusaur-Mega, M|364\/364
|move|p2a: checkers>chess|Scald|p1a: Aka DH
|-resisted|p1a: Aka DH
|-damage|p1a: Aka DH|337\/364
|-status|p1a: Aka DH|brn
|
|-damage|p1a: Aka DH|292\/364 brn|[from] brn
|turn|69
|
|switch|p2a: Fallon|Chansey, F|524\/703
|move|p1a: Aka DH|Leech Seed|p2a: Fallon
|-start|p2a: Fallon|move: Leech Seed
|
|-damage|p2a: Fallon|437\/703|[from] Leech Seed|[of] p1a: Aka DH
|-heal|p1a: Aka DH|364\/364 brn|[silent]
|-damage|p1a: Aka DH|319\/364 brn|[from] brn
|turn|70
|
|switch|p1a: Zenzo|Bisharp, F|164\/334
|switch|p2a: Medusa|Mawile-Mega, F, shiny|147\/304
|
|-heal|p1a: Zenzo|184\/334|[from] item: Leftovers
|turn|71
|
|switch|p1a: Costa|Skarmory, F|334\/334
|move|p2a: Medusa|Power-Up Punch|p1a: Costa
|-damage|p1a: Costa|289\/334
|-damage|p2a: Medusa|97\/304|[from] item: Rocky Helmet|[of] p1a: Costa
|-boost|p2a: Medusa|atk|1
|
|turn|72
|
|move|p1a: Costa|Brave Bird|p2a: Medusa
|-resisted|p2a: Medusa
|-damage|p2a: Medusa|47\/304
|-damage|p1a: Costa|272\/334|[from] recoil|[of] p2a: Medusa
|move|p2a: Medusa|Rest|p2a: Medusa
|-status|p2a: Medusa|slp
|-heal|p2a: Medusa|304\/304 slp|[silent]
|-status|p2a: Medusa|slp|[from] move: Rest
|
|turn|73
|
|move|p1a: Costa|Spikes|p2a: Medusa
|-sidestart|p2: TCMK|Spikes
|cant|p2a: Medusa|slp
|move|p2a: Medusa|Sleep Talk|p2a: Medusa
|move|p2a: Medusa|Power-Up Punch|p1a: Costa|[from]Sleep Talk
|-damage|p1a: Costa|204\/334
|-damage|p2a: Medusa|254\/304 slp|[from] item: Rocky Helmet|[of] p1a: Costa
|-boost|p2a: Medusa|atk|1
|
|turn|74
|
|cant|p2a: Medusa|slp
|move|p2a: Medusa|Sleep Talk|p2a: Medusa
|move|p2a: Medusa|Play Rough|p1a: Costa|[from]Sleep Talk
|-resisted|p1a: Costa
|-damage|p1a: Costa|72\/334
|-damage|p2a: Medusa|204\/304 slp|[from] item: Rocky Helmet|[of] p1a: Costa
|move|p1a: Costa|Whirlwind|p2a: Medusa
|drag|p2a: Fallon|Chansey, F|437\/703
|-damage|p2a: Fallon|350\/703|[from] Spikes
|
|turn|75
|
|move|p1a: Costa|Roost|p1a: Costa
|-heal|p1a: Costa|239\/334
|move|p2a: Fallon|Soft-Boiled|p2a: Fallon
|-heal|p2a: Fallon|702\/703
|
|turn|76
|
|switch|p2a: Medusa|Mawile-Mega, F, shiny|204\/304 slp
|-damage|p2a: Medusa|166\/304 slp|[from] Spikes
|move|p1a: Costa|Spikes|p2a: Medusa
|-sidestart|p2: TCMK|Spikes
|
|turn|77
|
|move|p1a: Costa|Spikes|p2a: Medusa
|-sidestart|p2: TCMK|Spikes
|-curestatus|p2a: Medusa|slp
|move|p2a: Medusa|Power-Up Punch|p1a: Costa
|-damage|p1a: Costa|194\/334
|-damage|p2a: Medusa|116\/304|[from] item: Rocky Helmet|[of] p1a: Costa
|-boost|p2a: Medusa|atk|1
|
|turn|78
|
|move|p1a: Costa|Roost|p1a: Costa
|-heal|p1a: Costa|334\/334
|move|p2a: Medusa|Rest|p2a: Medusa
|-status|p2a: Medusa|slp
|-heal|p2a: Medusa|304\/304 slp|[silent]
|-status|p2a: Medusa|slp|[from] move: Rest
|
|turn|79
|
|cant|p2a: Medusa|slp
|move|p2a: Medusa|Sleep Talk|p2a: Medusa
|move|p2a: Medusa|Play Rough|p1a: Costa|[from]Sleep Talk
|-resisted|p1a: Costa
|-damage|p1a: Costa|234\/334
|-damage|p2a: Medusa|254\/304 slp|[from] item: Rocky Helmet|[of] p1a: Costa
|move|p1a: Costa|Whirlwind|p2a: Medusa
|drag|p2a: Fallon|Chansey, F|702\/703
|-damage|p2a: Fallon|527\/703|[from] Spikes
|
|turn|80
|
|move|p2a: Fallon|Wish|p2a: Fallon
|move|p1a: Costa|Whirlwind|p2a: Fallon
|drag|p2a: whirld wind|Skarmory, M|333\/333
|
|turn|81
|
|switch|p1a: Zenzo|Bisharp, F|184\/334
|move|p2a: whirld wind|Stealth Rock|p1a: Zenzo
|-sidestart|p1: watch cats|move: Stealth Rock
|
|-heal|p1a: Zenzo|204\/334|[from] item: Leftovers
|turn|82
|
|move|p1a: Zenzo|Swords Dance|p1a: Zenzo
|-boost|p1a: Zenzo|atk|2
|move|p2a: whirld wind|Whirlwind|p1a: Zenzo
|drag|p1a: wish killer|Keldeo|232\/323
|-damage|p1a: wish killer|212\/323|[from] Stealth Rock
|
|-heal|p1a: wish killer|232\/323|[from] item: Leftovers
|turn|83
|
|switch|p2a: LOLNAAAAAAH|Latias, F, shiny|252\/363
|move|p1a: wish killer|Scald|p2a: LOLNAAAAAAH
|-resisted|p2a: LOLNAAAAAAH
|-damage|p2a: LOLNAAAAAAH|192\/363
|-status|p2a: LOLNAAAAAAH|brn
|
|-heal|p1a: wish killer|252\/323|[from] item: Leftovers
|-damage|p2a: LOLNAAAAAAH|147\/363 brn|[from] brn
|turn|84
|
|switch|p1a: Zenzo|Bisharp, F|204\/334
|-damage|p1a: Zenzo|184\/334|[from] Stealth Rock
|move|p2a: LOLNAAAAAAH|Roost|p2a: LOLNAAAAAAH
|-heal|p2a: LOLNAAAAAAH|329\/363 brn
|
|-heal|p1a: Zenzo|204\/334|[from] item: Leftovers
|-damage|p2a: LOLNAAAAAAH|284\/363 brn|[from] brn
|turn|85
|
|switch|p2a: whirld wind|Skarmory, M|333\/333
|move|p1a: Zenzo|Swords Dance|p1a: Zenzo
|-boost|p1a: Zenzo|atk|2
|
|-heal|p1a: Zenzo|224\/334|[from] item: Leftovers
|turn|86
|
|move|p1a: Zenzo|Swords Dance|p1a: Zenzo
|-boost|p1a: Zenzo|atk|2
|move|p2a: whirld wind|Counter|p1a: Zenzo
|-fail|p1a: Zenzo
|
|-heal|p1a: Zenzo|244\/334|[from] item: Leftovers
|turn|87
|
|move|p1a: Zenzo|Swords Dance|p1a: Zenzo
|-boost|p1a: Zenzo|atk|2
|move|p2a: whirld wind|Counter|p1a: Zenzo
|-fail|p1a: Zenzo
|
|-heal|p1a: Zenzo|264\/334|[from] item: Leftovers
|turn|88
|
|move|p1a: Zenzo|Swords Dance|p1a: Zenzo
|-fail|p1a: Zenzo
|move|p2a: whirld wind|Counter|p1a: Zenzo
|-fail|p1a: Zenzo
|
|-heal|p1a: Zenzo|284\/334|[from] item: Leftovers
|turn|89
|
|move|p1a: Zenzo|Swords Dance|p1a: Zenzo
|-fail|p1a: Zenzo
|move|p2a: whirld wind|Counter|p1a: Zenzo
|-fail|p1a: Zenzo
|
|-heal|p1a: Zenzo|304\/334|[from] item: Leftovers
|turn|90
|chat|Hannnaah Montana|lol
|chat|Hannnaah Montana|this man is trying to outstall your counteres
|
|move|p1a: Zenzo|Swords Dance|p1a: Zenzo
|-fail|p1a: Zenzo
|move|p2a: whirld wind|Counter|p1a: Zenzo
|-fail|p1a: Zenzo
|
|-heal|p1a: Zenzo|324\/334|[from] item: Leftovers
|turn|91
|chat|Hannnaah Montana|counters*
|
|switch|p1a: Costa|Skarmory, F|234\/334
|-damage|p1a: Costa|193\/334|[from] Stealth Rock
|move|p2a: whirld wind|Counter|p1a: Costa
|-fail|p1a: Costa
|
|turn|92
|
|switch|p2a: manbearpig|Slowbro, M|393\/393
|-damage|p2a: manbearpig|295\/393|[from] Spikes
|move|p1a: Costa|Whirlwind|p2a: manbearpig
|drag|p2a: Medusa|Mawile-Mega, F, shiny|254\/304 slp
|-damage|p2a: Medusa|178\/304 slp|[from] Spikes
|
|turn|93
|
|switch|p2a: manbearpig|Slowbro, M|393\/393
|-damage|p2a: manbearpig|295\/393|[from] Spikes
|move|p1a: Costa|Whirlwind|p2a: manbearpig
|drag|p2a: Medusa|Mawile-Mega, F, shiny|178\/304 slp
|-damage|p2a: Medusa|102\/304 slp|[from] Spikes
|
|turn|94
|
|switch|p2a: manbearpig|Slowbro, M|393\/393
|-damage|p2a: manbearpig|295\/393|[from] Spikes
|move|p1a: Costa|Whirlwind|p2a: manbearpig
|drag|p2a: checkers>chess|Quagsire, M|268\/394
|-damage|p2a: checkers>chess|170\/394|[from] Spikes
|
|turn|95
|
|switch|p1a: wish killer|Keldeo|252\/323
|-damage|p1a: wish killer|232\/323|[from] Stealth Rock
|move|p2a: checkers>chess|Recover|p2a: checkers>chess
|-heal|p2a: checkers>chess|367\/394
|
|-heal|p1a: wish killer|252\/323|[from] item: Leftovers
|turn|96
|
|switch|p2a: LOLNAAAAAAH|Latias, F, shiny|284\/363 brn
|move|p1a: wish killer|Scald|p2a: LOLNAAAAAAH
|-resisted|p2a: LOLNAAAAAAH
|-damage|p2a: LOLNAAAAAAH|224\/363 brn
|
|-heal|p1a: wish killer|272\/323|[from] item: Leftovers
|-damage|p2a: LOLNAAAAAAH|179\/363 brn|[from] brn
|turn|97
|
|switch|p1a: Zenzo|Bisharp, F|324\/334
|-damage|p1a: Zenzo|304\/334|[from] Stealth Rock
|move|p2a: LOLNAAAAAAH|Defog|p1a: Zenzo
|-unboost|p1a: Zenzo|evasion|1
|-boost|p1a: Zenzo|atk|2|[from] ability: Defiant
|-sideend|p1: watch cats|Stealth Rock|[from] move: Defog|[of] p1a: Zenzo
|-sideend|p2: TCMK|Spikes|[from] move: Defog|[of] p2a: LOLNAAAAAAH
|
|-heal|p1a: Zenzo|324\/334|[from] item: Leftovers
|-damage|p2a: LOLNAAAAAAH|134\/363 brn|[from] brn
|turn|98
|
|switch|p2a: checkers>chess|Quagsire, M|367\/394
|move|p1a: Zenzo|Knock Off|p2a: checkers>chess
|-damage|p2a: checkers>chess|259\/394
|
|-heal|p1a: Zenzo|334\/334|[from] item: Leftovers
|turn|99
|
|switch|p1a: wish killer|Keldeo|272\/323
|move|p2a: checkers>chess|Scald|p1a: wish killer
|-resisted|p1a: wish killer
|-damage|p1a: wish killer|236\/323
|-status|p1a: wish killer|brn
|
|-heal|p1a: wish killer|256\/323 brn|[from] item: Leftovers
|-damage|p1a: wish killer|216\/323 brn|[from] brn
|turn|100
|
|switch|p1a: u got chansey'ed|Chansey, F|431\/685
|switch|p2a: manbearpig|Slowbro, M|393\/393
|
|turn|101
|
|switch|p2a: Fallon|Chansey, F|527\/703
|move|p1a: u got chansey'ed|Aromatherapy|p1a: u got chansey'ed
|-cureteam|p1a: u got chansey'ed|[from] move: Aromatherapy
|
|turn|102
|
|switch|p1a: Zenzo|Bisharp, F|334\/334
|move|p2a: Fallon|Heal Bell|p2a: Fallon
|-cureteam|p2a: Fallon|[from] move: HealBell
|
|turn|103
|
|switch|p2a: whirld wind|Skarmory, M|333\/333
|move|p1a: Zenzo|Knock Off|p2a: whirld wind
|-damage|p2a: whirld wind|255\/333
|
|turn|104
|chat|peiyao|can we see a crit
|
|switch|p1a: Bloody Sunday|Heatran, F|148\/340
|move|p2a: whirld wind|Stealth Rock|p1a: Bloody Sunday
|-sidestart|p1: watch cats|move: Stealth Rock
|
|turn|105
|chat|TCMK|a crit for a strong 35 percent
|chat|TCMK|very gamebreaking
|
|switch|p2a: manbearpig|Slowbro, M|393\/393
|move|p1a: Bloody Sunday|Stealth Rock|p2a: manbearpig
|-sidestart|p2: TCMK|move: Stealth Rock
|
|turn|106
|chat|peiyao|lol
|
|switch|p1a: u got chansey'ed|Chansey, F|431\/685
|-damage|p1a: u got chansey'ed|346\/685|[from] Stealth Rock
|move|p2a: manbearpig|Scald|p1a: u got chansey'ed
|-damage|p1a: u got chansey'ed|285\/685
|-status|p1a: u got chansey'ed|brn
|
|-damage|p1a: u got chansey'ed|200\/685 brn|[from] brn
|turn|107
|chat|peiyao|manbearpigissolucky
|chat|peiyao|at geting burns
|chat|TCMK|do the burns
|chat|TCMK|even mattera
|chat|TCMK|all the burns are doing are attemping to speed up this process
|
|switch|p2a: Medusa|Mawile-Mega, F, shiny|102\/304
|-damage|p2a: Medusa|83\/304|[from] Stealth Rock
|move|p1a: u got chansey'ed|Seismic Toss|p2a: Medusa
|-damage|p2a: Medusa|0 fnt
|faint|p2a: Medusa
|
|-damage|p1a: u got chansey'ed|115\/685 brn|[from] brn
|
|switch|p2a: LOLNAAAAAAH|Latias, F, shiny|134\/363
|-damage|p2a: LOLNAAAAAAH|89\/363|[from] Stealth Rock
|turn|108
|chat|peiyao|what happened to mega chomp and chess?
|chat|TCMK|called a new team
|
|switch|p1a: Zenzo|Bisharp, F|334\/334
|-damage|p1a: Zenzo|314\/334|[from] Stealth Rock
|move|p2a: LOLNAAAAAAH|Psyshock|p1a: Zenzo
|-immune|p1a: Zenzo|[msg]
|
|-heal|p1a: Zenzo|334\/334|[from] item: Leftovers
|turn|109
|chat|Hannnaah Montana|did this man just sac his chansey?
|leave|call me trice
|chat|Hannnaah Montana|Welp
|chat|Hannnaah Montana|that should be game lol
|chat|TCMK|idk
|
|move|p2a: LOLNAAAAAAH|Reflect Type|p1a: Zenzo
|-start|p2a: LOLNAAAAAAH|typechange|Dark\/Steel|[from] move: Reflect Type|[of] p1a: Zenzo
|move|p1a: Zenzo|Knock Off|p2a: LOLNAAAAAAH
|-resisted|p2a: LOLNAAAAAAH
|-damage|p2a: LOLNAAAAAAH|38\/363
|
|turn|110
|chat|Hannnaah Montana|or dis nig is bout to time out
|
|move|p2a: LOLNAAAAAAH|Roost|p2a: LOLNAAAAAAH
|-heal|p2a: LOLNAAAAAAH|220\/363
|move|p1a: Zenzo|Swords Dance|p1a: Zenzo
|-boost|p1a: Zenzo|atk|2
|
|turn|111
|chat|Hannnaah Montana|I love how he has lefties on like every mon
|
|switch|p2a: checkers>chess|Quagsire, M|259\/394
|-damage|p2a: checkers>chess|235\/394|[from] Stealth Rock
|move|p1a: Zenzo|Knock Off|p2a: checkers>chess
|-damage|p2a: checkers>chess|127\/394
|
|turn|112
|
|move|p1a: Zenzo|Iron Head|p2a: checkers>chess
|-resisted|p2a: checkers>chess
|-damage|p2a: checkers>chess|66\/394
|move|p2a: checkers>chess|Recover|p2a: checkers>chess
|-heal|p2a: checkers>chess|263\/394
|
|turn|113
|
|switch|p1a: Aka DH|Venusaur-Mega, M|319\/364
|-damage|p1a: Aka DH|274\/364|[from] Stealth Rock
|move|p2a: checkers>chess|Recover|p2a: checkers>chess
|-heal|p2a: checkers>chess|394\/394
|
|turn|114
|chat|TCMK|nigga started praying
|
|switch|p2a: LOLNAAAAAAH|Latias, F, shiny|220\/363
|-damage|p2a: LOLNAAAAAAH|175\/363|[from] Stealth Rock
|move|p1a: Aka DH|Leech Seed|p2a: LOLNAAAAAAH
|-start|p2a: LOLNAAAAAAH|move: Leech Seed
|
|-damage|p2a: LOLNAAAAAAH|130\/363|[from] Leech Seed|[of] p1a: Aka DH
|-heal|p1a: Aka DH|319\/364|[silent]
|turn|115
|
|switch|p1a: Bloody Sunday|Heatran, F|148\/340
|-damage|p1a: Bloody Sunday|106\/340|[from] Stealth Rock
|move|p2a: LOLNAAAAAAH|Roost|p2a: LOLNAAAAAAH
|-heal|p2a: LOLNAAAAAAH|312\/363
|
|-damage|p2a: LOLNAAAAAAH|267\/363|[from] Leech Seed|[of] p1a: Bloody Sunday
|-heal|p1a: Bloody Sunday|151\/340|[silent]
|turn|116
|
|switch|p2a: manbearpig|Slowbro, M|393\/393
|-damage|p2a: manbearpig|344\/393|[from] Stealth Rock
|move|p1a: Bloody Sunday|Toxic|p2a: manbearpig
|-status|p2a: manbearpig|tox
|
|-heal|p2a: manbearpig|368\/393 tox|[from] item: Leftovers
|-damage|p2a: manbearpig|344\/393 tox|[from] psn
|turn|117
|
|switch|p1a: Aka DH|Venusaur-Mega, M|319\/364
|-damage|p1a: Aka DH|274\/364|[from] Stealth Rock
|move|p2a: manbearpig|Scald|p1a: Aka DH
|-resisted|p1a: Aka DH
|-damage|p1a: Aka DH|235\/364
|
|-heal|p2a: manbearpig|368\/393 tox|[from] item: Leftovers
|-damage|p2a: manbearpig|320\/393 tox|[from] psn
|turn|118
|
|switch|p2a: LOLNAAAAAAH|Latias, F, shiny|267\/363
|-damage|p2a: LOLNAAAAAAH|222\/363|[from] Stealth Rock
|move|p1a: Aka DH|Leech Seed|p2a: LOLNAAAAAAH
|-start|p2a: LOLNAAAAAAH|move: Leech Seed
|
|-damage|p2a: LOLNAAAAAAH|177\/363|[from] Leech Seed|[of] p1a: Aka DH
|-heal|p1a: Aka DH|280\/364|[silent]
|turn|119
|
|switch|p1a: Bloody Sunday|Heatran, F|151\/340
|-damage|p1a: Bloody Sunday|109\/340|[from] Stealth Rock
|move|p2a: LOLNAAAAAAH|Roost|p2a: LOLNAAAAAAH
|-heal|p2a: LOLNAAAAAAH|359\/363
|
|-damage|p2a: LOLNAAAAAAH|314\/363|[from] Leech Seed|[of] p1a: Bloody Sunday
|-heal|p1a: Bloody Sunday|154\/340|[silent]
|turn|120
|
|move|p1a: Bloody Sunday|Fire Blast|p2a: LOLNAAAAAAH
|-resisted|p2a: LOLNAAAAAAH
|-damage|p2a: LOLNAAAAAAH|251\/363
|move|p2a: LOLNAAAAAAH|Psyshock|p1a: Bloody Sunday
|-resisted|p1a: Bloody Sunday
|-damage|p1a: Bloody Sunday|115\/340
|
|-damage|p2a: LOLNAAAAAAH|206\/363|[from] Leech Seed|[of] p1a: Bloody Sunday
|-heal|p1a: Bloody Sunday|160\/340|[silent]
|turn|121
|
|move|p1a: Bloody Sunday|Taunt|p2a: LOLNAAAAAAH
|-start|p2a: LOLNAAAAAAH|move: Taunt
|cant|p2a: LOLNAAAAAAH|move: Taunt|Roost
|
|-damage|p2a: LOLNAAAAAAH|161\/363|[from] Leech Seed|[of] p1a: Bloody Sunday
|-heal|p1a: Bloody Sunday|205\/340|[silent]
|turn|122
|
|switch|p1a: u got chansey'ed|Chansey, F|115\/685
|-damage|p1a: u got chansey'ed|30\/685|[from] Stealth Rock
|switch|p2a: manbearpig|Slowbro, M|393\/393 tox
|-damage|p2a: manbearpig|344\/393 tox|[from] Stealth Rock
|
|-heal|p2a: manbearpig|368\/393 tox|[from] item: Leftovers
|-damage|p2a: manbearpig|344\/393 tox|[from] psn
|turn|123
|chat|TCMK|i fuckin knew it
|
|move|p1a: u got chansey'ed|Soft-Boiled|p1a: u got chansey'ed
|-heal|p1a: u got chansey'ed|373\/685
|move|p2a: manbearpig|Scald|p1a: u got chansey'ed
|-damage|p1a: u got chansey'ed|321\/685
|-status|p1a: u got chansey'ed|brn
|
|-heal|p2a: manbearpig|368\/393 tox|[from] item: Leftovers
|-damage|p1a: u got chansey'ed|236\/685 brn|[from] brn
|-damage|p2a: manbearpig|320\/393 tox|[from] psn
|turn|124
|chat|Hannnaah Montana|Bro
|
|switch|p2a: Fallon|Chansey, F|527\/703
|-damage|p2a: Fallon|440\/703|[from] Stealth Rock
|move|p1a: u got chansey'ed|Soft-Boiled|p1a: u got chansey'ed
|-heal|p1a: u got chansey'ed|579\/685 brn
|
|-damage|p1a: u got chansey'ed|494\/685 brn|[from] brn
|turn|125
|chat|Hannnaah Montana|you had the game xD
|chat|TCMK|no
|chat|TCMK|i did not
|chat|TCMK|it was based off a play
|chat|TCMK|and it still isnt even his game
|chat|TCMK|its just longer
|chat|Hannnaah Montana|Ik
|
|switch|p1a: Zenzo|Bisharp, F|334\/334
|-damage|p1a: Zenzo|314\/334|[from] Stealth Rock
|move|p2a: Fallon|Heal Bell|p2a: Fallon
|-cureteam|p2a: Fallon|[from] move: HealBell
|
|-heal|p1a: Zenzo|334\/334|[from] item: Leftovers
|turn|126
|chat|Hannnaah Montana|that is what I meant
|
|switch|p1a: wish killer|Keldeo|216\/323
|-damage|p1a: wish killer|196\/323|[from] Stealth Rock
|switch|p2a: whirld wind|Skarmory, M|255\/333
|-damage|p2a: whirld wind|214\/333|[from] Stealth Rock
|
|-heal|p1a: wish killer|216\/323|[from] item: Leftovers
|turn|127
|
|switch|p2a: manbearpig|Slowbro, M|393\/393
|-damage|p2a: manbearpig|344\/393|[from] Stealth Rock
|move|p1a: wish killer|Scald|p2a: manbearpig
|-resisted|p2a: manbearpig
|-damage|p2a: manbearpig|252\/393
|
|-heal|p1a: wish killer|236\/323|[from] item: Leftovers
|-heal|p2a: manbearpig|276\/393|[from] item: Leftovers
|turn|128
|
|switch|p1a: u got chansey'ed|Chansey, F|494\/685
|-damage|p1a: u got chansey'ed|409\/685|[from] Stealth Rock
|move|p2a: manbearpig|Scald|p1a: u got chansey'ed
|-damage|p1a: u got chansey'ed|355\/685
|
|-heal|p2a: manbearpig|300\/393|[from] item: Leftovers
|turn|129
|
|switch|p2a: LOLNAAAAAAH|Latias, F, shiny|161\/363
|-damage|p2a: LOLNAAAAAAH|116\/363|[from] Stealth Rock
|move|p1a: u got chansey'ed|Soft-Boiled|p1a: u got chansey'ed
|-heal|p1a: u got chansey'ed|685\/685
|
|turn|130
|
|move|p2a: LOLNAAAAAAH|Roost|p2a: LOLNAAAAAAH
|-heal|p2a: LOLNAAAAAAH|298\/363
|move|p1a: u got chansey'ed|Thunder Wave|p2a: LOLNAAAAAAH
|-status|p2a: LOLNAAAAAAH|par
|
|turn|131
|
|move|p1a: u got chansey'ed|Seismic Toss|p2a: LOLNAAAAAAH
|-damage|p2a: LOLNAAAAAAH|198\/363 par
|cant|p2a: LOLNAAAAAAH|par
|
|turn|132
|
|move|p1a: u got chansey'ed|Seismic Toss|p2a: LOLNAAAAAAH
|-damage|p2a: LOLNAAAAAAH|98\/363 par
|move|p2a: LOLNAAAAAAH|Roost|p2a: LOLNAAAAAAH
|-heal|p2a: LOLNAAAAAAH|280\/363 par
|
|turn|133
|chat|TCMK|if you could stop praying
|chat|TCMK|that would be nice
|
|switch|p2a: Fallon|Chansey, F|440\/703
|-damage|p2a: Fallon|353\/703|[from] Stealth Rock
|move|p1a: u got chansey'ed|Seismic Toss|p2a: Fallon
|-damage|p2a: Fallon|253\/703
|
|turn|134
|
|switch|p1a: Zenzo|Bisharp, F|334\/334
|-damage|p1a: Zenzo|314\/334|[from] Stealth Rock
|move|p2a: Fallon|Soft-Boiled|p2a: Fallon
|-heal|p2a: Fallon|605\/703
|
|-heal|p1a: Zenzo|334\/334|[from] item: Leftovers
|turn|135
|
|switch|p2a: checkers>chess|Quagsire, M|394\/394
|-damage|p2a: checkers>chess|370\/394|[from] Stealth Rock
|move|p1a: Zenzo|Knock Off|p2a: checkers>chess
|-damage|p2a: checkers>chess|267\/394
|
|turn|136
|
|switch|p1a: Aka DH|Venusaur-Mega, M|280\/364
|-damage|p1a: Aka DH|235\/364|[from] Stealth Rock
|move|p2a: checkers>chess|Toxic|p1a: Aka DH
|-fail|p1a: Aka DH
|
|turn|137
|
|switch|p2a: LOLNAAAAAAH|Latias, F, shiny|280\/363 par
|-damage|p2a: LOLNAAAAAAH|235\/363 par|[from] Stealth Rock
|move|p1a: Aka DH|Giga Drain|p2a: LOLNAAAAAAH
|-resisted|p2a: LOLNAAAAAAH
|-damage|p2a: LOLNAAAAAAH|196\/363 par
|-heal|p1a: Aka DH|255\/364|[from] drain|[of] p2a: LOLNAAAAAAH
|
|turn|138
|
|switch|p1a: Costa|Skarmory, F|193\/334
|-damage|p1a: Costa|152\/334|[from] Stealth Rock
|move|p2a: LOLNAAAAAAH|Roost|p2a: LOLNAAAAAAH
|-heal|p2a: LOLNAAAAAAH|363\/363 par
|
|turn|139
|
|switch|p2a: manbearpig|Slowbro, M|393\/393
|-damage|p2a: manbearpig|344\/393|[from] Stealth Rock
|move|p1a: Costa|Roost|p1a: Costa
|-heal|p1a: Costa|319\/334
|
|-heal|p2a: manbearpig|368\/393|[from] item: Leftovers
|turn|140
|
|move|p1a: Costa|Spikes|p2a: manbearpig
|-sidestart|p2: TCMK|Spikes
|move|p2a: manbearpig|Scald|p1a: Costa
|-damage|p1a: Costa|217\/334
|-status|p1a: Costa|brn
|
|-heal|p2a: manbearpig|392\/393|[from] item: Leftovers
|-damage|p1a: Costa|176\/334 brn|[from] brn
|turn|141
|
|switch|p1a: u got chansey'ed|Chansey, F|685\/685
|-damage|p1a: u got chansey'ed|600\/685|[from] Stealth Rock
|move|p2a: manbearpig|Flamethrower|p1a: u got chansey'ed
|-damage|p1a: u got chansey'ed|560\/685
|
|-heal|p2a: manbearpig|393\/393|[from] item: Leftovers
|turn|142
|
|switch|p2a: LOLNAAAAAAH|Latias, F, shiny|363\/363 par
|-damage|p2a: LOLNAAAAAAH|318\/363 par|[from] Stealth Rock
|move|p1a: u got chansey'ed|Aromatherapy|p1a: u got chansey'ed
|-cureteam|p1a: u got chansey'ed|[from] move: Aromatherapy
|
|turn|143
|
|switch|p1a: Zenzo|Bisharp, F|334\/334
|-damage|p1a: Zenzo|314\/334|[from] Stealth Rock
|cant|p2a: LOLNAAAAAAH|par
|
|-heal|p1a: Zenzo|334\/334|[from] item: Leftovers
|turn|144
|
|switch|p2a: whirld wind|Skarmory, M|214\/333
|-damage|p2a: whirld wind|173\/333|[from] Stealth Rock
|move|p1a: Zenzo|Knock Off|p2a: whirld wind
|-damage|p2a: whirld wind|92\/333
|
|turn|145
|leave|peiyao
|
|switch|p1a: wish killer|Keldeo|236\/323
|-damage|p1a: wish killer|216\/323|[from] Stealth Rock
|move|p2a: whirld wind|Roost|p2a: whirld wind
|-heal|p2a: whirld wind|259\/333
|
|-heal|p1a: wish killer|236\/323|[from] item: Leftovers
|turn|146
|
|switch|p2a: LOLNAAAAAAH|Latias, F, shiny|318\/363 par
|-damage|p2a: LOLNAAAAAAH|273\/363 par|[from] Stealth Rock
|move|p1a: wish killer|Scald|p2a: LOLNAAAAAAH
|-resisted|p2a: LOLNAAAAAAH
|-damage|p2a: LOLNAAAAAAH|221\/363 par
|
|-heal|p1a: wish killer|256\/323|[from] item: Leftovers
|turn|147
|
|move|p1a: wish killer|Secret Sword|p2a: LOLNAAAAAAH
|-crit|p2a: LOLNAAAAAAH
|-resisted|p2a: LOLNAAAAAAH
|-damage|p2a: LOLNAAAAAAH|128\/363 par
|move|p2a: LOLNAAAAAAH|Defog|p1a: wish killer
|-unboost|p1a: wish killer|evasion|1
|-sideend|p1: watch cats|Stealth Rock|[from] move: Defog|[of] p1a: wish killer
|-sideend|p2: TCMK|Spikes|[from] move: Defog|[of] p2a: LOLNAAAAAAH
|-sideend|p2: TCMK|Stealth Rock|[from] move: Defog|[of] p2a: LOLNAAAAAAH
|
|-heal|p1a: wish killer|276\/323|[from] item: Leftovers
|turn|148
|
|switch|p1a: Bloody Sunday|Heatran, F|205\/340
|cant|p2a: LOLNAAAAAAH|par
|
|turn|149
|
|switch|p2a: manbearpig|Slowbro, M|393\/393
|move|p1a: Bloody Sunday|Taunt|p2a: manbearpig
|-start|p2a: manbearpig|move: Taunt
|
|turn|150
|
|switch|p1a: u got chansey'ed|Chansey, F|560\/685
|move|p2a: manbearpig|Scald|p1a: u got chansey'ed
|-damage|p1a: u got chansey'ed|508\/685
|
|turn|151
|
|move|p1a: u got chansey'ed|Seismic Toss|p2a: manbearpig
|-damage|p2a: manbearpig|293\/393
|move|p2a: manbearpig|Scald|p1a: u got chansey'ed
|-damage|p1a: u got chansey'ed|454\/685
|-status|p1a: u got chansey'ed|brn
|
|-heal|p2a: manbearpig|317\/393|[from] item: Leftovers
|-damage|p1a: u got chansey'ed|369\/685 brn|[from] brn
|turn|152
|
|switch|p2a: whirld wind|Skarmory, M|259\/333
|move|p1a: u got chansey'ed|Thunder Wave|p2a: whirld wind
|-status|p2a: whirld wind|par
|
|-damage|p1a: u got chansey'ed|284\/685 brn|[from] brn
|turn|153
|
|switch|p1a: Bloody Sunday|Heatran, F|205\/340
|move|p2a: whirld wind|Stealth Rock|p1a: Bloody Sunday
|-sidestart|p1: watch cats|move: Stealth Rock
|
|turn|154
|
|switch|p2a: manbearpig|Slowbro, M|393\/393
|move|p1a: Bloody Sunday|Stealth Rock|p2a: manbearpig
|-sidestart|p2: TCMK|move: Stealth Rock
|
|turn|155
|
|switch|p1a: u got chansey'ed|Chansey, F|284\/685
|-damage|p1a: u got chansey'ed|199\/685|[from] Stealth Rock
|move|p2a: manbearpig|Scald|p1a: u got chansey'ed
|-damage|p1a: u got chansey'ed|141\/685
|
|turn|156
|
|switch|p2a: Fallon|Chansey, F|605\/703
|-damage|p2a: Fallon|518\/703|[from] Stealth Rock
|move|p1a: u got chansey'ed|Soft-Boiled|p1a: u got chansey'ed
|-heal|p1a: u got chansey'ed|484\/685
|
|turn|157
|
|switch|p1a: Zenzo|Bisharp, F|334\/334
|-damage|p1a: Zenzo|314\/334|[from] Stealth Rock
|move|p2a: Fallon|Wish|p2a: Fallon
|
|-heal|p1a: Zenzo|334\/334|[from] item: Leftovers
|turn|158
|
|switch|p2a: checkers>chess|Quagsire, M|267\/394
|-damage|p2a: checkers>chess|243\/394|[from] Stealth Rock
|move|p1a: Zenzo|Swords Dance|p1a: Zenzo
|-boost|p1a: Zenzo|atk|2
|
|-heal|p2a: checkers>chess|394\/394|[from] move: Wish|[wisher] Fallon
|turn|159
|
|switch|p1a: Aka DH|Venusaur-Mega, M|255\/364
|-damage|p1a: Aka DH|210\/364|[from] Stealth Rock
|move|p2a: checkers>chess|Scald|p1a: Aka DH
|-resisted|p1a: Aka DH
|-damage|p1a: Aka DH|180\/364
|-status|p1a: Aka DH|brn
|
|-damage|p1a: Aka DH|135\/364 brn|[from] brn
|turn|160
|
|switch|p2a: whirld wind|Skarmory, M|259\/333 par
|-damage|p2a: whirld wind|218\/333 par|[from] Stealth Rock
|move|p1a: Aka DH|Leech Seed|p2a: whirld wind
|-start|p2a: whirld wind|move: Leech Seed
|
|-damage|p2a: whirld wind|177\/333 par|[from] Leech Seed|[of] p1a: Aka DH
|-heal|p1a: Aka DH|176\/364 brn|[silent]
|-damage|p1a: Aka DH|131\/364 brn|[from] brn
|turn|161
|
|switch|p2a: LOLNAAAAAAH|Latias, F, shiny|128\/363 par
|-damage|p2a: LOLNAAAAAAH|83\/363 par|[from] Stealth Rock
|move|p1a: Aka DH|Hidden Power|p2a: LOLNAAAAAAH
|-resisted|p2a: LOLNAAAAAAH
|-damage|p2a: LOLNAAAAAAH|60\/363 par
|
|-damage|p1a: Aka DH|86\/364 brn|[from] brn
|turn|162
|
|move|p1a: Aka DH|Synthesis|p1a: Aka DH
|-heal|p1a: Aka DH|268\/364 brn
|move|p2a: LOLNAAAAAAH|Roost|p2a: LOLNAAAAAAH
|-heal|p2a: LOLNAAAAAAH|242\/363 par
|
|-damage|p1a: Aka DH|223\/364 brn|[from] brn
|turn|163
|
|switch|p1a: Zenzo|Bisharp, F|334\/334
|-damage|p1a: Zenzo|314\/334|[from] Stealth Rock
|move|p2a: LOLNAAAAAAH|Psyshock|p1a: Zenzo
|-immune|p1a: Zenzo|[msg]
|
|-heal|p1a: Zenzo|334\/334|[from] item: Leftovers
|turn|164
|
|switch|p1a: wish killer|Keldeo|276\/323
|-damage|p1a: wish killer|256\/323|[from] Stealth Rock
|switch|p2a: checkers>chess|Quagsire, M|394\/394
|-damage|p2a: checkers>chess|370\/394|[from] Stealth Rock
|
|-heal|p1a: wish killer|276\/323|[from] item: Leftovers
|turn|165
|
|switch|p2a: manbearpig|Slowbro, M|393\/393
|-damage|p2a: manbearpig|344\/393|[from] Stealth Rock
|move|p1a: wish killer|Scald|p2a: manbearpig
|-resisted|p2a: manbearpig
|-damage|p2a: manbearpig|255\/393
|
|-heal|p1a: wish killer|296\/323|[from] item: Leftovers
|-heal|p2a: manbearpig|279\/393|[from] item: Leftovers
|turn|166
|
|move|p1a: wish killer|Scald|p2a: manbearpig
|-resisted|p2a: manbearpig
|-damage|p2a: manbearpig|189\/393
|-status|p2a: manbearpig|brn
|move|p2a: manbearpig|Toxic|p1a: wish killer
|-status|p1a: wish killer|tox
|
|-heal|p1a: wish killer|316\/323 tox|[from] item: Leftovers
|-heal|p2a: manbearpig|213\/393 brn|[from] item: Leftovers
|-damage|p1a: wish killer|296\/323 tox|[from] psn
|-damage|p2a: manbearpig|164\/393 brn|[from] brn
|turn|167
|
|switch|p1a: u got chansey'ed|Chansey, F|484\/685
|-damage|p1a: u got chansey'ed|399\/685|[from] Stealth Rock
|switch|p2a: LOLNAAAAAAH|Latias, F, shiny|242\/363 par
|-damage|p2a: LOLNAAAAAAH|197\/363 par|[from] Stealth Rock
|
|turn|168
|
|move|p1a: u got chansey'ed|Seismic Toss|p2a: LOLNAAAAAAH
|-damage|p2a: LOLNAAAAAAH|97\/363 par
|move|p2a: LOLNAAAAAAH|Roost|p2a: LOLNAAAAAAH
|-heal|p2a: LOLNAAAAAAH|279\/363 par
|
|turn|169
|
|switch|p2a: Fallon|Chansey, F|518\/703
|-damage|p2a: Fallon|431\/703|[from] Stealth Rock
|move|p1a: u got chansey'ed|Aromatherapy|p1a: u got chansey'ed
|-cureteam|p1a: u got chansey'ed|[from] move: Aromatherapy
|
|turn|170
|chat|piando|this is ridiculous
|
|switch|p1a: wish killer|Keldeo|296\/323
|-damage|p1a: wish killer|276\/323|[from] Stealth Rock
|move|p2a: Fallon|Wish|p2a: Fallon
|
|-heal|p1a: wish killer|296\/323|[from] item: Leftovers
|turn|171
|
|switch|p2a: LOLNAAAAAAH|Latias, F, shiny|279\/363 par
|-damage|p2a: LOLNAAAAAAH|234\/363 par|[from] Stealth Rock
|move|p1a: wish killer|Secret Sword|p2a: LOLNAAAAAAH
|-resisted|p2a: LOLNAAAAAAH
|-damage|p2a: LOLNAAAAAAH|171\/363 par
|
|-heal|p2a: LOLNAAAAAAH|363\/363 par|[from] move: Wish|[wisher] Fallon
|-heal|p1a: wish killer|316\/323|[from] item: Leftovers
|turn|172
|
|switch|p1a: Zenzo|Bisharp, F|334\/334
|-damage|p1a: Zenzo|314\/334|[from] Stealth Rock
|move|p2a: LOLNAAAAAAH|Psyshock|p1a: Zenzo
|-immune|p1a: Zenzo|[msg]
|
|-heal|p1a: Zenzo|334\/334|[from] item: Leftovers
|turn|173
|
|switch|p2a: checkers>chess|Quagsire, M|370\/394
|-damage|p2a: checkers>chess|346\/394|[from] Stealth Rock
|move|p1a: Zenzo|Knock Off|p2a: checkers>chess
|-damage|p2a: checkers>chess|238\/394
|
|turn|174
|
|switch|p1a: wish killer|Keldeo|316\/323
|-damage|p1a: wish killer|296\/323|[from] Stealth Rock
|move|p2a: checkers>chess|Scald|p1a: wish killer
|-resisted|p1a: wish killer
|-damage|p1a: wish killer|257\/323
|
|-heal|p1a: wish killer|277\/323|[from] item: Leftovers
|turn|175
|
|switch|p2a: LOLNAAAAAAH|Latias, F, shiny|363\/363 par
|-damage|p2a: LOLNAAAAAAH|318\/363 par|[from] Stealth Rock
|move|p1a: wish killer|Scald|p2a: LOLNAAAAAAH
|-resisted|p2a: LOLNAAAAAAH
|-damage|p2a: LOLNAAAAAAH|265\/363 par
|
|-heal|p1a: wish killer|297\/323|[from] item: Leftovers
|turn|176
|
|switch|p1a: Zenzo|Bisharp, F|334\/334
|-damage|p1a: Zenzo|314\/334|[from] Stealth Rock
|switch|p2a: checkers>chess|Quagsire, M|238\/394
|-damage|p2a: checkers>chess|214\/394|[from] Stealth Rock
|
|-heal|p1a: Zenzo|334\/334|[from] item: Leftovers
|turn|177
|
|move|p1a: Zenzo|Iron Head|p2a: checkers>chess
|-resisted|p2a: checkers>chess
|-damage|p2a: checkers>chess|154\/394
|cant|p2a: checkers>chess|flinch
|
|turn|178
|
|move|p1a: Zenzo|Iron Head|p2a: checkers>chess
|-resisted|p2a: checkers>chess
|-damage|p2a: checkers>chess|94\/394
|cant|p2a: checkers>chess|flinch
|
|turn|179
|
|move|p1a: Zenzo|Knock Off|p2a: checkers>chess
|-damage|p2a: checkers>chess|3\/394
|move|p2a: checkers>chess|Recover|p2a: checkers>chess
|-heal|p2a: checkers>chess|200\/394
|
|turn|180
|chat|TCMK|you're lame as shit
|chat|TCMK|lool
|
|move|p1a: Zenzo|Iron Head|p2a: checkers>chess
|-resisted|p2a: checkers>chess
|-damage|p2a: checkers>chess|137\/394
|move|p2a: checkers>chess|Recover|p2a: checkers>chess
|-heal|p2a: checkers>chess|334\/394
|
|turn|181
|
|switch|p1a: Aka DH|Venusaur-Mega, M|223\/364
|-damage|p1a: Aka DH|178\/364|[from] Stealth Rock
|move|p2a: checkers>chess|Scald|p1a: Aka DH
|-resisted|p1a: Aka DH
|-damage|p1a: Aka DH|150\/364
|
|turn|182
|
|switch|p2a: Fallon|Chansey, F|431\/703
|-damage|p2a: Fallon|344\/703|[from] Stealth Rock
|move|p1a: Aka DH|Synthesis|p1a: Aka DH
|-heal|p1a: Aka DH|332\/364
|
|turn|183
|
|switch|p1a: Costa|Skarmory, F|176\/334
|-damage|p1a: Costa|135\/334|[from] Stealth Rock
|move|p2a: Fallon|Soft-Boiled|p2a: Fallon
|-heal|p2a: Fallon|696\/703
|
|turn|184
|leave|Hannnaah Montana
|join|Hannnaah Montana
|
|switch|p2a: checkers>chess|Quagsire, M|334\/394
|-damage|p2a: checkers>chess|310\/394|[from] Stealth Rock
|move|p1a: Costa|Roost|p1a: Costa
|-heal|p1a: Costa|302\/334
|
|turn|185
|
|move|p1a: Costa|Spikes|p2a: checkers>chess
|-sidestart|p2: TCMK|Spikes
|move|p2a: checkers>chess|Scald|p1a: Costa
|-damage|p1a: Costa|233\/334
|-status|p1a: Costa|brn
|
|-damage|p1a: Costa|192\/334 brn|[from] brn
|turn|186
|
|switch|p1a: Aka DH|Venusaur-Mega, M|332\/364
|-damage|p1a: Aka DH|287\/364|[from] Stealth Rock
|switch|p2a: LOLNAAAAAAH|Latias, F, shiny|265\/363 par
|-damage|p2a: LOLNAAAAAAH|220\/363 par|[from] Stealth Rock
|
|turn|187
|
|switch|p1a: Zenzo|Bisharp, F|334\/334
|-damage|p1a: Zenzo|314\/334|[from] Stealth Rock
|move|p2a: LOLNAAAAAAH|Defog|p1a: Zenzo
|-unboost|p1a: Zenzo|evasion|1
|-boost|p1a: Zenzo|atk|2|[from] ability: Defiant
|-sideend|p1: watch cats|Stealth Rock|[from] move: Defog|[of] p1a: Zenzo
|-sideend|p2: TCMK|Spikes|[from] move: Defog|[of] p2a: LOLNAAAAAAH
|-sideend|p2: TCMK|Stealth Rock|[from] move: Defog|[of] p2a: LOLNAAAAAAH
|
|-heal|p1a: Zenzo|334\/334|[from] item: Leftovers
|turn|188
|
|switch|p2a: checkers>chess|Quagsire, M|310\/394
|move|p1a: Zenzo|Knock Off|p2a: checkers>chess
|-damage|p2a: checkers>chess|208\/394
|
|turn|189
|
|move|p1a: Zenzo|Iron Head|p2a: checkers>chess
|-resisted|p2a: checkers>chess
|-damage|p2a: checkers>chess|142\/394
|move|p2a: checkers>chess|Recover|p2a: checkers>chess
|-heal|p2a: checkers>chess|339\/394
|
|turn|190
|
|switch|p1a: u got chansey'ed|Chansey, F|399\/685
|move|p2a: checkers>chess|Scald|p1a: u got chansey'ed
|-damage|p1a: u got chansey'ed|362\/685
|
|turn|191
|
|move|p1a: u got chansey'ed|Soft-Boiled|p1a: u got chansey'ed
|-heal|p1a: u got chansey'ed|685\/685
|move|p2a: checkers>chess|Toxic|p1a: u got chansey'ed|[miss]
|-miss|p2a: checkers>chess|p1a: u got chansey'ed
|
|turn|192
|
|switch|p1a: Aka DH|Venusaur-Mega, M|287\/364
|switch|p2a: Fallon|Chansey, F|696\/703
|
|turn|193
|
|switch|p1a: wish killer|Keldeo|297\/323
|move|p2a: Fallon|Wish|p2a: Fallon
|
|-heal|p1a: wish killer|317\/323|[from] item: Leftovers
|turn|194
|
|switch|p2a: LOLNAAAAAAH|Latias, F, shiny|220\/363 par
|move|p1a: wish killer|Secret Sword|p2a: LOLNAAAAAAH
|-resisted|p2a: LOLNAAAAAAH
|-damage|p2a: LOLNAAAAAAH|157\/363 par
|
|-heal|p2a: LOLNAAAAAAH|363\/363 par|[from] move: Wish|[wisher] Fallon
|-heal|p1a: wish killer|323\/323|[from] item: Leftovers
|turn|195
|
|switch|p1a: Bloody Sunday|Heatran, F|205\/340
|switch|p2a: manbearpig|Slowbro, M|295\/393 brn
|
|-heal|p2a: manbearpig|319\/393 brn|[from] item: Leftovers
|-damage|p2a: manbearpig|270\/393 brn|[from] brn
|turn|196
|
|switch|p1a: u got chansey'ed|Chansey, F|685\/685
|move|p2a: manbearpig|Scald|p1a: u got chansey'ed
|-damage|p1a: u got chansey'ed|630\/685
|
|-heal|p2a: manbearpig|294\/393 brn|[from] item: Leftovers
|-damage|p2a: manbearpig|245\/393 brn|[from] brn
|turn|197
|
|switch|p1a: Bloody Sunday|Heatran, F|205\/340
|switch|p2a: Fallon|Chansey, F|696\/703
|
|turn|198
|
|switch|p2a: manbearpig|Slowbro, M|376\/393 brn
|move|p1a: Bloody Sunday|Stealth Rock|p2a: manbearpig
|-sidestart|p2: TCMK|move: Stealth Rock
|
|-heal|p2a: manbearpig|393\/393 brn|[from] item: Leftovers
|-damage|p2a: manbearpig|344\/393 brn|[from] brn
|turn|199
|
|switch|p1a: Aka DH|Venusaur-Mega, M|287\/364
|move|p2a: manbearpig|Scald|p1a: Aka DH
|-resisted|p1a: Aka DH
|-damage|p1a: Aka DH|249\/364
|
|-heal|p2a: manbearpig|368\/393 brn|[from] item: Leftovers
|-damage|p2a: manbearpig|319\/393 brn|[from] brn
|turn|200
|join|XcountrY
|
|switch|p2a: LOLNAAAAAAH|Latias, F, shiny|363\/363 par
|-damage|p2a: LOLNAAAAAAH|318\/363 par|[from] Stealth Rock
|move|p1a: Aka DH|Leech Seed|p2a: LOLNAAAAAAH
|-start|p2a: LOLNAAAAAAH|move: Leech Seed
|
|-damage|p2a: LOLNAAAAAAH|273\/363 par|[from] Leech Seed|[of] p1a: Aka DH
|-heal|p1a: Aka DH|294\/364|[silent]
|turn|201
|
|switch|p1a: Bloody Sunday|Heatran, F|205\/340
|move|p2a: LOLNAAAAAAH|Defog|p1a: Bloody Sunday
|-unboost|p1a: Bloody Sunday|evasion|1
|-sideend|p2: TCMK|Stealth Rock|[from] move: Defog|[of] p2a: LOLNAAAAAAH
|
|-damage|p2a: LOLNAAAAAAH|228\/363 par|[from] Leech Seed|[of] p1a: Bloody Sunday
|-heal|p1a: Bloody Sunday|250\/340|[silent]
|turn|202
|chat|XcountrY|lol
|chat|XcountrY|201
|
|switch|p2a: manbearpig|Slowbro, M|393\/393 brn
|move|p1a: Bloody Sunday|Stealth Rock|p2a: manbearpig
|-sidestart|p2: TCMK|move: Stealth Rock
|
|-damage|p2a: manbearpig|344\/393 brn|[from] brn
|turn|203
|
|switch|p1a: u got chansey'ed|Chansey, F|630\/685
|move|p2a: manbearpig|Flamethrower|p1a: u got chansey'ed
|-damage|p1a: u got chansey'ed|585\/685
|
|-heal|p2a: manbearpig|368\/393 brn|[from] item: Leftovers
|-damage|p2a: manbearpig|319\/393 brn|[from] brn
|turn|204
|
|switch|p2a: checkers>chess|Quagsire, M|339\/394
|-damage|p2a: checkers>chess|315\/394|[from] Stealth Rock
|move|p1a: u got chansey'ed|Seismic Toss|p2a: checkers>chess
|-damage|p2a: checkers>chess|215\/394
|
|turn|205
|
|switch|p1a: wish killer|Keldeo|323\/323
|move|p2a: checkers>chess|Recover|p2a: checkers>chess
|-heal|p2a: checkers>chess|394\/394
|
|turn|206
|
|switch|p2a: LOLNAAAAAAH|Latias, F, shiny|228\/363 par
|-damage|p2a: LOLNAAAAAAH|183\/363 par|[from] Stealth Rock
|move|p1a: wish killer|Scald|p2a: LOLNAAAAAAH
|-resisted|p2a: LOLNAAAAAAH
|-damage|p2a: LOLNAAAAAAH|125\/363 par
|
|turn|207
|
|move|p1a: wish killer|Secret Sword|p2a: LOLNAAAAAAH
|-resisted|p2a: LOLNAAAAAAH
|-damage|p2a: LOLNAAAAAAH|66\/363 par
|move|p2a: LOLNAAAAAAH|Roost|p2a: LOLNAAAAAAH
|-heal|p2a: LOLNAAAAAAH|248\/363 par
|
|turn|208
|
|switch|p1a: Zenzo|Bisharp, F|334\/334
|cant|p2a: LOLNAAAAAAH|par
|
|turn|209
|
|switch|p2a: checkers>chess|Quagsire, M|394\/394
|-damage|p2a: checkers>chess|370\/394|[from] Stealth Rock
|move|p1a: Zenzo|Knock Off|p2a: checkers>chess
|-damage|p2a: checkers>chess|271\/394
|
|turn|210
|
|move|p1a: Zenzo|Iron Head|p2a: checkers>chess
|-resisted|p2a: checkers>chess
|-damage|p2a: checkers>chess|213\/394
|move|p2a: checkers>chess|Scald|p1a: Zenzo
|-crit|p1a: Zenzo
|-damage|p1a: Zenzo|199\/334
|
|-heal|p1a: Zenzo|219\/334|[from] item: Leftovers
|turn|211
|chat|XcountrY|hi
|
|switch|p1a: Aka DH|Venusaur-Mega, M|294\/364
|move|p2a: checkers>chess|Recover|p2a: checkers>chess
|-heal|p2a: checkers>chess|394\/394
|
|turn|212
|
|switch|p2a: LOLNAAAAAAH|Latias, F, shiny|248\/363 par
|-damage|p2a: LOLNAAAAAAH|203\/363 par|[from] Stealth Rock
|move|p1a: Aka DH|Giga Drain|p2a: LOLNAAAAAAH
|-resisted|p2a: LOLNAAAAAAH
|-damage|p2a: LOLNAAAAAAH|161\/363 par
|-heal|p1a: Aka DH|315\/364|[from] drain|[of] p2a: LOLNAAAAAAH
|
|turn|213
|
|switch|p1a: Bloody Sunday|Heatran, F|250\/340
|move|p2a: LOLNAAAAAAH|Defog|p1a: Bloody Sunday
|-unboost|p1a: Bloody Sunday|evasion|1
|-sideend|p2: TCMK|Stealth Rock|[from] move: Defog|[of] p2a: LOLNAAAAAAH
|
|turn|214
|
|switch|p2a: checkers>chess|Quagsire, M|394\/394
|move|p1a: Bloody Sunday|Stealth Rock|p2a: checkers>chess
|-sidestart|p2: TCMK|move: Stealth Rock
|
|turn|215
|
|switch|p1a: u got chansey'ed|Chansey, F|585\/685
|move|p2a: checkers>chess|Scald|p1a: u got chansey'ed
|-damage|p1a: u got chansey'ed|542\/685
|
|turn|216
|
|switch|p2a: Fallon|Chansey, F|696\/703
|-damage|p2a: Fallon|609\/703|[from] Stealth Rock
|move|p1a: u got chansey'ed|Seismic Toss|p2a: Fallon
|-damage|p2a: Fallon|509\/703
|
|turn|217
|
|switch|p1a: Zenzo|Bisharp, F|219\/334
|move|p2a: Fallon|Wish|p2a: Fallon
|
|-heal|p1a: Zenzo|239\/334|[from] item: Leftovers
|turn|218
|
|switch|p2a: whirld wind|Skarmory, M|177\/333 par
|-damage|p2a: whirld wind|136\/333 par|[from] Stealth Rock
|move|p1a: Zenzo|Swords Dance|p1a: Zenzo
|-boost|p1a: Zenzo|atk|2
|
|-heal|p2a: whirld wind|333\/333 par|[from] move: Wish|[wisher] Fallon
|-heal|p1a: Zenzo|259\/334|[from] item: Leftovers
|turn|219
|
|move|p1a: Zenzo|Iron Head|p2a: whirld wind
|-resisted|p2a: whirld wind
|-damage|p2a: whirld wind|246\/333 par
|move|p2a: whirld wind|Counter|p1a: Zenzo
|-damage|p1a: Zenzo|85\/334
|
|-heal|p1a: Zenzo|105\/334|[from] item: Leftovers
|turn|220
|
|switch|p2a: checkers>chess|Quagsire, M|394\/394
|-damage|p2a: checkers>chess|370\/394|[from] Stealth Rock
|move|p1a: Zenzo|Swords Dance|p1a: Zenzo
|-boost|p1a: Zenzo|atk|2
|
|-heal|p1a: Zenzo|125\/334|[from] item: Leftovers
|turn|221
|chat|XcountrY|how is a battle this long?
|
|switch|p1a: Aka DH|Venusaur-Mega, M|315\/364
|move|p2a: checkers>chess|Scald|p1a: Aka DH
|-resisted|p1a: Aka DH
|-damage|p1a: Aka DH|288\/364
|
|turn|222
|
|switch|p2a: Fallon|Chansey, F|509\/703
|-damage|p2a: Fallon|422\/703|[from] Stealth Rock
|move|p1a: Aka DH|Leech Seed|p2a: Fallon
|-start|p2a: Fallon|move: Leech Seed
|
|-damage|p2a: Fallon|335\/703|[from] Leech Seed|[of] p1a: Aka DH
|-heal|p1a: Aka DH|364\/364|[silent]
|turn|223
|
|switch|p1a: Zenzo|Bisharp, F|125\/334
|move|p2a: Fallon|Soft-Boiled|p2a: Fallon
|-heal|p2a: Fallon|687\/703
|
|-heal|p1a: Zenzo|145\/334|[from] item: Leftovers
|-damage|p2a: Fallon|600\/703|[from] Leech Seed|[of] p1a: Zenzo
|-heal|p1a: Zenzo|232\/334|[silent]
|turn|224
|
|switch|p2a: whirld wind|Skarmory, M|246\/333 par
|-damage|p2a: whirld wind|205\/333 par|[from] Stealth Rock
|move|p1a: Zenzo|Knock Off|p2a: whirld wind
|-damage|p2a: whirld wind|136\/333 par
|
|-heal|p1a: Zenzo|252\/334|[from] item: Leftovers
|turn|225
|
|move|p1a: Zenzo|Knock Off|p2a: whirld wind
|-damage|p2a: whirld wind|67\/333 par
|move|p2a: whirld wind|Roost|p2a: whirld wind
|-heal|p2a: whirld wind|234\/333 par
|
|-heal|p1a: Zenzo|272\/334|[from] item: Leftovers
|turn|226
|
|switch|p1a: Bloody Sunday|Heatran, F|250\/340
|move|p2a: whirld wind|Stealth Rock|p1a: Bloody Sunday
|-sidestart|p1: watch cats|move: Stealth Rock
|
|turn|227
|
|switch|p2a: manbearpig|Slowbro, M|393\/393 brn
|-damage|p2a: manbearpig|344\/393 brn|[from] Stealth Rock
|move|p1a: Bloody Sunday|Fire Blast|p2a: manbearpig
|-resisted|p2a: manbearpig
|-damage|p2a: manbearpig|239\/393 brn
|
|-heal|p2a: manbearpig|263\/393 brn|[from] item: Leftovers
|-damage|p2a: manbearpig|214\/393 brn|[from] brn
|turn|228
|
|move|p1a: Bloody Sunday|Fire Blast|p2a: manbearpig
|-resisted|p2a: manbearpig
|-damage|p2a: manbearpig|120\/393 brn
|move|p2a: manbearpig|Scald|p1a: Bloody Sunday
|-supereffective|p1a: Bloody Sunday
|-damage|p1a: Bloody Sunday|82\/340
|
|-heal|p2a: manbearpig|144\/393 brn|[from] item: Leftovers
|-damage|p2a: manbearpig|95\/393 brn|[from] brn
|turn|229
|
|switch|p1a: u got chansey'ed|Chansey, F|542\/685
|-damage|p1a: u got chansey'ed|457\/685|[from] Stealth Rock
|switch|p2a: checkers>chess|Quagsire, M|370\/394
|-damage|p2a: checkers>chess|346\/394|[from] Stealth Rock
|
|turn|230
|
|move|p1a: u got chansey'ed|Aromatherapy|p1a: u got chansey'ed
|-cureteam|p1a: u got chansey'ed|[from] move: Aromatherapy
|move|p2a: checkers>chess|Toxic|p1a: u got chansey'ed
|-status|p1a: u got chansey'ed|tox
|
|-damage|p1a: u got chansey'ed|415\/685 tox|[from] psn
|turn|231
|
|switch|p1a: Costa|Skarmory, F|192\/334
|-damage|p1a: Costa|151\/334|[from] Stealth Rock
|switch|p2a: Fallon|Chansey, F|600\/703
|-damage|p2a: Fallon|513\/703|[from] Stealth Rock
|
|turn|232
|
|move|p1a: Costa|Spikes|p2a: Fallon
|-sidestart|p2: TCMK|Spikes
|move|p2a: Fallon|Wish|p2a: Fallon
|
|turn|233
|
|switch|p2a: manbearpig|Slowbro, M|226\/393 brn
|-damage|p2a: manbearpig|177\/393 brn|[from] Spikes
|-damage|p2a: manbearpig|128\/393 brn|[from] Stealth Rock
|move|p1a: Costa|Whirlwind|p2a: manbearpig
|drag|p2a: checkers>chess|Quagsire, M|346\/394
|-damage|p2a: checkers>chess|297\/394|[from] Spikes
|-damage|p2a: checkers>chess|273\/394|[from] Stealth Rock
|
|-heal|p2a: checkers>chess|394\/394|[from] move: Wish|[wisher] Fallon
|turn|234
|
|move|p1a: Costa|Roost|p1a: Costa
|-heal|p1a: Costa|318\/334
|move|p2a: checkers>chess|Scald|p1a: Costa
|-damage|p1a: Costa|246\/334
|-status|p1a: Costa|brn
|
|-damage|p1a: Costa|205\/334 brn|[from] brn
|turn|235
|
|move|p2a: checkers>chess|Scald|p1a: Costa
|-damage|p1a: Costa|138\/334 brn
|move|p1a: Costa|Whirlwind|p2a: checkers>chess
|drag|p2a: Fallon|Chansey, F|513\/703
|-damage|p2a: Fallon|426\/703|[from] Stealth Rock
|-damage|p2a: Fallon|339\/703|[from] Spikes
|
|-damage|p1a: Costa|97\/334 brn|[from] brn
|turn|236
|
|move|p1a: Costa|Roost|p1a: Costa
|-heal|p1a: Costa|264\/334 brn
|move|p2a: Fallon|Wish|p2a: Fallon
|
|-damage|p1a: Costa|223\/334 brn|[from] brn
|turn|237
|
|switch|p2a: LOLNAAAAAAH|Latias, F, shiny|161\/363 par
|-damage|p2a: LOLNAAAAAAH|116\/363 par|[from] Stealth Rock
|move|p1a: Costa|Whirlwind|p2a: LOLNAAAAAAH
|drag|p2a: manbearpig|Slowbro, M|259\/393 brn
|-damage|p2a: manbearpig|210\/393 brn|[from] Spikes
|-damage|p2a: manbearpig|161\/393 brn|[from] Stealth Rock
|
|-heal|p2a: manbearpig|393\/393 brn|[from] move: Wish|[wisher] Fallon
|-damage|p1a: Costa|182\/334 brn|[from] brn
|-damage|p2a: manbearpig|344\/393 brn|[from] brn
|turn|238
|
|move|p2a: manbearpig|Flamethrower|p1a: Costa
|-supereffective|p1a: Costa
|-damage|p1a: Costa|32\/334 brn
|move|p1a: Costa|Whirlwind|p2a: manbearpig
|drag|p2a: Fallon|Chansey, F|339\/703
|-damage|p2a: Fallon|252\/703|[from] Spikes
|-damage|p2a: Fallon|165\/703|[from] Stealth Rock
|
|-damage|p1a: Costa|0 fnt|[from] brn
|faint|p1a: Costa
|
|switch|p1a: wish killer|Keldeo|323\/323
|-damage|p1a: wish killer|303\/323|[from] Stealth Rock
|turn|239
|
|switch|p2a: manbearpig|Slowbro, M|393\/393 brn
|-damage|p2a: manbearpig|344\/393 brn|[from] Spikes
|-damage|p2a: manbearpig|295\/393 brn|[from] Stealth Rock
|move|p1a: wish killer|Secret Sword|p2a: manbearpig
|-resisted|p2a: manbearpig
|-damage|p2a: manbearpig|246\/393 brn
|
|-heal|p1a: wish killer|323\/323|[from] item: Leftovers
|-heal|p2a: manbearpig|270\/393 brn|[from] item: Leftovers
|-damage|p2a: manbearpig|221\/393 brn|[from] brn
|turn|240
|
|move|p1a: wish killer|Secret Sword|p2a: manbearpig
|-resisted|p2a: manbearpig
|-damage|p2a: manbearpig|174\/393 brn
|move|p2a: manbearpig|Slack Off|p2a: manbearpig
|-heal|p2a: manbearpig|371\/393 brn
|
|-heal|p2a: manbearpig|393\/393 brn|[from] item: Leftovers
|-damage|p2a: manbearpig|344\/393 brn|[from] brn
|turn|241
|
|switch|p1a: u got chansey'ed|Chansey, F|415\/685
|-damage|p1a: u got chansey'ed|330\/685|[from] Stealth Rock
|move|p2a: manbearpig|Scald|p1a: u got chansey'ed
|-damage|p1a: u got chansey'ed|278\/685
|
|-heal|p2a: manbearpig|368\/393 brn|[from] item: Leftovers
|-damage|p2a: manbearpig|319\/393 brn|[from] brn
|turn|242
|
|move|p1a: u got chansey'ed|Soft-Boiled|p1a: u got chansey'ed
|-heal|p1a: u got chansey'ed|621\/685
|move|p2a: manbearpig|Toxic|p1a: u got chansey'ed|[miss]
|-miss|p2a: manbearpig|p1a: u got chansey'ed
|
|-heal|p2a: manbearpig|343\/393 brn|[from] item: Leftovers
|-damage|p2a: manbearpig|294\/393 brn|[from] brn
|turn|243
|
|move|p1a: u got chansey'ed|Seismic Toss|p2a: manbearpig
|-damage|p2a: manbearpig|194\/393 brn
|move|p2a: manbearpig|Scald|p1a: u got chansey'ed
|-damage|p1a: u got chansey'ed|566\/685
|
|-heal|p2a: manbearpig|218\/393 brn|[from] item: Leftovers
|-damage|p2a: manbearpig|169\/393 brn|[from] brn
|turn|244
|
|switch|p2a: checkers>chess|Quagsire, M|394\/394
|-damage|p2a: checkers>chess|345\/394|[from] Spikes
|-damage|p2a: checkers>chess|321\/394|[from] Stealth Rock
|move|p1a: u got chansey'ed|Seismic Toss|p2a: checkers>chess
|-damage|p2a: checkers>chess|221\/394
|
|turn|245
|
|switch|p1a: Aka DH|Venusaur-Mega, M|364\/364
|-damage|p1a: Aka DH|319\/364|[from] Stealth Rock
|move|p2a: checkers>chess|Recover|p2a: checkers>chess
|-heal|p2a: checkers>chess|394\/394
|
|turn|246
|
|switch|p2a: LOLNAAAAAAH|Latias, F, shiny|116\/363 par
|-damage|p2a: LOLNAAAAAAH|71\/363 par|[from] Stealth Rock
|move|p1a: Aka DH|Leech Seed|p2a: LOLNAAAAAAH
|-start|p2a: LOLNAAAAAAH|move: Leech Seed
|
|-damage|p2a: LOLNAAAAAAH|26\/363 par|[from] Leech Seed|[of] p1a: Aka DH
|-heal|p1a: Aka DH|364\/364|[silent]
|turn|247
|
|move|p1a: Aka DH|Giga Drain|p2a: LOLNAAAAAAH
|-resisted|p2a: LOLNAAAAAAH
|-damage|p2a: LOLNAAAAAAH|0 fnt
|faint|p2a: LOLNAAAAAAH
|
|-message|TCMK forfeited.
|
|win|watch cats
|raw|Ladder updating...
|leave|TCMK
|player|p2
|raw|watch cats's rating: 1974 &rarr; <strong>1987<\/strong><br \/>(+13 for winning)
|raw|TCMK's rating: 1857 &rarr; <strong>1844<\/strong><br \/>(-13 for losing)