|join|TCMK
|join|MixedCalibur
|player|p1|TCMK|153
|player|p2|MixedCalibur|93
|gametype|singles
|gen|6
|tier|OU
|rated
|clearpoke
|poke|p1|Skarmory, M
|poke|p1|Chansey, F
|poke|p1|Mawile, F, shiny
|poke|p1|Quagsire, M
|poke|p1|Slowbro, M
|poke|p1|Latias, F, shiny
|poke|p2|Pinsir, M
|poke|p2|Tyranitar, M
|poke|p2|Clefable, M
|poke|p2|Rotom-Wash
|poke|p2|Garchomp, M, shiny
|poke|p2|Excadrill, M
|rule|Swagger Clause: Swagger is banned
|rule|Baton Pass Clause: Limit one PokÃ©mon knowing Baton Pass
|rule|Sleep Clause Mod: Limit one foe put to sleep
|rule|Species Clause: Limit one of each PokÃ©mon
|rule|OHKO Clause: OHKO moves are banned
|rule|Moody Clause: Moody is banned
|rule|Evasion Moves Clause: Evasion moves are banned
|rule|Endless Battle Clause: Forcing endless battles is banned
|rule|HP Percentage Mod: HP is reported as percentages
|teampreview
|chat|MixedCalibur|oml
|
|start
|switch|p1a: checkers>chess|Quagsire, M|394\/394
|switch|p2a: ã¬ããªã¢ã¹|Garchomp, M, shiny|357\/357
|turn|1
|chat|MixedCalibur|mercy pls
|
|switch|p1a: whirld wind|Skarmory, M|333\/333
|move|p2a: ã¬ããªã¢ã¹|Stealth Rock|p1a: whirld wind
|-sidestart|p1: TCMK|move: Stealth Rock
|
|turn|2
|
|switch|p1a: checkers>chess|Quagsire, M|394\/394
|-damage|p1a: checkers>chess|370\/394|[from] Stealth Rock
|move|p2a: ã¬ããªã¢ã¹|Fire Blast|p1a: checkers>chess
|-resisted|p1a: checkers>chess
|-damage|p1a: checkers>chess|320\/394
|
|-heal|p1a: checkers>chess|344\/394|[from] item: Leftovers
|turn|3
|
|switch|p2a: ã­ãã |Rotom-Wash|304\/304
|move|p1a: checkers>chess|Toxic|p2a: ã­ãã 
|-status|p2a: ã­ãã |tox
|
|-heal|p1a: checkers>chess|368\/394|[from] item: Leftovers
|-damage|p2a: ã­ãã |285\/304 tox|[from] psn
|turn|4
|
|switch|p1a: LOLNAAAAAAH|Latias, F, shiny|363\/363
|-damage|p1a: LOLNAAAAAAH|318\/363|[from] Stealth Rock
|move|p2a: ã­ãã |Will-O-Wisp|p1a: LOLNAAAAAAH
|-status|p1a: LOLNAAAAAAH|brn
|
|-heal|p1a: LOLNAAAAAAH|340\/363 brn|[from] item: Leftovers
|-heal|p2a: ã­ãã |304\/304 tox|[from] item: Leftovers
|-damage|p1a: LOLNAAAAAAH|295\/363 brn|[from] brn
|-damage|p2a: ã­ãã |266\/304 tox|[from] psn
|turn|5
|
|switch|p2a: ãã³ã®ã©ã¹|Tyranitar, M|391\/391
|-weather|Sandstorm
|move|p1a: LOLNAAAAAAH|Defog|p2a: ãã³ã®ã©ã¹
|-unboost|p2a: ãã³ã®ã©ã¹|evasion|1
|-sideend|p1: TCMK|Stealth Rock|[from] move: Defog|[of] p1a: LOLNAAAAAAH
|
|-weather|Sandstorm|[upkeep]
|-damage|p1a: LOLNAAAAAAH|273\/363 brn|[from] sandstorm
|-heal|p1a: LOLNAAAAAAH|295\/363 brn|[from] item: Leftovers
|-damage|p1a: LOLNAAAAAAH|250\/363 brn|[from] brn
|turn|6
|
|move|p1a: LOLNAAAAAAH|Reflect Type|p2a: ãã³ã®ã©ã¹
|-start|p1a: LOLNAAAAAAH|typechange|Rock\/Dark|[from] move: Reflect Type|[of] p2a: ãã³ã®ã©ã¹
|move|p2a: ãã³ã®ã©ã¹|Pursuit|p1a: LOLNAAAAAAH
|-resisted|p1a: LOLNAAAAAAH
|-damage|p1a: LOLNAAAAAAH|203\/363 brn
|
|-weather|Sandstorm|[upkeep]
|-heal|p1a: LOLNAAAAAAH|225\/363 brn|[from] item: Leftovers
|-damage|p1a: LOLNAAAAAAH|180\/363 brn|[from] brn
|turn|7
|chat|TCMK|LOLNAAAAAAHHH
|chat|MixedCalibur|GEEEEEEEEEEEEZ
|
|move|p1a: LOLNAAAAAAH|Roost|p1a: LOLNAAAAAAH
|-heal|p1a: LOLNAAAAAAH|362\/363 brn
|move|p2a: ãã³ã®ã©ã¹|Pursuit|p1a: LOLNAAAAAAH
|-resisted|p1a: LOLNAAAAAAH
|-damage|p1a: LOLNAAAAAAH|315\/363 brn
|
|-weather|Sandstorm|[upkeep]
|-heal|p1a: LOLNAAAAAAH|337\/363 brn|[from] item: Leftovers
|-damage|p1a: LOLNAAAAAAH|292\/363 brn|[from] brn
|turn|8
|
|switch|p1a: Medusa|Mawile, F, shiny|304\/304
|-ability|p1a: Medusa|Intimidate|[of] p2a: ãã³ã®ã©ã¹
|-unboost|p2a: ãã³ã®ã©ã¹|atk|1
|switch|p2a: ãã¯ã·ã¼|Clefable, M|394\/394
|
|-weather|Sandstorm|[upkeep]
|turn|9
|
|detailschange|p1a: Medusa|Mawile-Mega, F, shiny
|message|Mawile has Mega Evolved into Mega Mawile!
|move|p1a: Medusa|Play Rough|p2a: ãã¯ã·ã¼|[miss]
|-miss|p1a: Medusa|p2a: ãã¯ã·ã¼
|move|p2a: ãã¯ã·ã¼|Flamethrower|p1a: Medusa
|-supereffective|p1a: Medusa
|-damage|p1a: Medusa|184\/304
|-status|p1a: Medusa|brn
|
|-weather|none
|-damage|p1a: Medusa|146\/304 brn|[from] brn
|turn|10
|
|move|p1a: Medusa|Rest|p1a: Medusa
|-status|p1a: Medusa|slp
|-heal|p1a: Medusa|304\/304 slp|[silent]
|-status|p1a: Medusa|slp|[from] move: Rest
|move|p2a: ãã¯ã·ã¼|Flamethrower|p1a: Medusa
|-supereffective|p1a: Medusa
|-damage|p1a: Medusa|198\/304 slp
|
|turn|11
|
|switch|p2a: ã«ã¤ã­ã¹|Pinsir, M|271\/271
|cant|p1a: Medusa|slp
|move|p1a: Medusa|Sleep Talk|p1a: Medusa
|move|p1a: Medusa|Power-Up Punch|p2a: ã«ã¤ã­ã¹|[from]Sleep Talk
|-resisted|p2a: ã«ã¤ã­ã¹
|-damage|p2a: ã«ã¤ã­ã¹|235\/271
|-boost|p1a: Medusa|atk|1
|
|turn|12
|
|switch|p1a: whirld wind|Skarmory, M|333\/333
|detailschange|p2a: ã«ã¤ã­ã¹|Pinsir-Mega, M
|message|Pinsir has Mega Evolved into Mega Pinsir!
|move|p2a: ã«ã¤ã­ã¹|Swords Dance|p2a: ã«ã¤ã­ã¹
|-boost|p2a: ã«ã¤ã­ã¹|atk|2
|
|turn|13
|
|move|p2a: ã«ã¤ã­ã¹|Return|p1a: whirld wind
|-resisted|p1a: whirld wind
|-damage|p1a: whirld wind|171\/333
|move|p1a: whirld wind|Counter|p2a: ã«ã¤ã­ã¹
|-damage|p2a: ã«ã¤ã­ã¹|0 fnt
|faint|p2a: ã«ã¤ã­ã¹
|
|-heal|p1a: whirld wind|191\/333|[from] item: Leftovers
|
|switch|p2a: ã­ãã |Rotom-Wash|266\/304 tox
|turn|14
|
|switch|p1a: checkers>chess|Quagsire, M|368\/394
|move|p2a: ã­ãã |Will-O-Wisp|p1a: checkers>chess|[miss]
|-miss|p2a: ã­ãã |p1a: checkers>chess
|
|-heal|p2a: ã­ãã |285\/304 tox|[from] item: Leftovers
|-heal|p1a: checkers>chess|392\/394|[from] item: Leftovers
|-damage|p2a: ã­ãã |266\/304 tox|[from] psn
|turn|15
|
|switch|p1a: Fallon|Chansey, F|703\/703
|move|p2a: ã­ãã |Hydro Pump|p1a: Fallon
|-damage|p1a: Fallon|631\/703
|
|-heal|p2a: ã­ãã |285\/304 tox|[from] item: Leftovers
|-damage|p2a: ã­ãã |247\/304 tox|[from] psn
|turn|16
|
|switch|p2a: ãã¯ã·ã¼|Clefable, M|394\/394
|move|p1a: Fallon|Heal Bell|p1a: Fallon
|-cureteam|p1a: Fallon|[from] move: HealBell
|
|turn|17
|
|switch|p1a: Medusa|Mawile-Mega, F, shiny|198\/304
|move|p2a: ãã¯ã·ã¼|Calm Mind|p2a: ãã¯ã·ã¼
|-boost|p2a: ãã¯ã·ã¼|spa|1
|-boost|p2a: ãã¯ã·ã¼|spd|1
|
|turn|18
|
|switch|p2a: ã­ãã |Rotom-Wash|247\/304 tox
|move|p1a: Medusa|Play Rough|p2a: ã­ãã 
|-damage|p2a: ã­ãã |93\/304 tox
|
|-heal|p2a: ã­ãã |112\/304 tox|[from] item: Leftovers
|-damage|p2a: ã­ãã |93\/304 tox|[from] psn
|turn|19
|
|move|p2a: ã­ãã |Hydro Pump|p1a: Medusa|[miss]
|-miss|p2a: ã­ãã |p1a: Medusa
|move|p1a: Medusa|Rest|p1a: Medusa
|-status|p1a: Medusa|slp
|-heal|p1a: Medusa|304\/304 slp|[silent]
|-status|p1a: Medusa|slp|[from] move: Rest
|
|-heal|p2a: ã­ãã |112\/304 tox|[from] item: Leftovers
|-damage|p2a: ã­ãã |74\/304 tox|[from] psn
|turn|20
|
|move|p2a: ã­ãã |Volt Switch|p1a: Medusa
|-damage|p1a: Medusa|240\/304 slp
|
|switch|p2a: ãã¯ã·ã¼|Clefable, M|394\/394
|cant|p1a: Medusa|slp
|move|p1a: Medusa|Sleep Talk|p1a: Medusa
|move|p1a: Medusa|Power-Up Punch|p2a: ãã¯ã·ã¼|[from]Sleep Talk
|-resisted|p2a: ãã¯ã·ã¼
|-damage|p2a: ãã¯ã·ã¼|368\/394
|-boost|p1a: Medusa|atk|1
|
|-heal|p2a: ãã¯ã·ã¼|392\/394|[from] item: Leftovers
|turn|21
|
|cant|p1a: Medusa|slp
|move|p1a: Medusa|Sleep Talk|p1a: Medusa
|move|p1a: Medusa|Play Rough|p2a: ãã¯ã·ã¼|[from]Sleep Talk
|-crit|p2a: ãã¯ã·ã¼
|-damage|p2a: ãã¯ã·ã¼|0 fnt
|faint|p2a: ãã¯ã·ã¼
|
|chat|TCMK|the lord
|chat|TCMK|is here
|
|switch|p2a: ã¬ããªã¢ã¹|Garchomp, M, shiny|357\/357
|turn|22
|
|switch|p1a: manbearpig|Slowbro, M|393\/393
|move|p2a: ã¬ããªã¢ã¹|Fire Blast|p1a: manbearpig
|-resisted|p1a: manbearpig
|-damage|p1a: manbearpig|348\/393
|
|-heal|p1a: manbearpig|372\/393|[from] item: Leftovers
|turn|23
|
|switch|p2a: ã­ãã |Rotom-Wash|74\/304 tox
|move|p1a: manbearpig|Scald|p2a: ã­ãã 
|-resisted|p2a: ã­ãã 
|-damage|p2a: ã­ãã |33\/304 tox
|
|-heal|p2a: ã­ãã |52\/304 tox|[from] item: Leftovers
|-heal|p1a: manbearpig|393\/393|[from] item: Leftovers
|-damage|p2a: ã­ãã |33\/304 tox|[from] psn
|turn|24
|
|switch|p1a: Medusa|Mawile-Mega, F, shiny|240\/304 slp
|move|p2a: ã­ãã |Pain Split|p1a: Medusa
|-sethp|p1a: Medusa|136\/304 slp|p2a: ã­ãã |136\/304 tox|[from] move: Pain Split
|
|-heal|p2a: ã­ãã |155\/304 tox|[from] item: Leftovers
|-damage|p2a: ã­ãã |117\/304 tox|[from] psn
|turn|25
|
|move|p2a: ã­ãã |Hydro Pump|p1a: Medusa|[miss]
|-miss|p2a: ã­ãã |p1a: Medusa
|-curestatus|p1a: Medusa|slp
|move|p1a: Medusa|Rest|p1a: Medusa
|-status|p1a: Medusa|slp
|-heal|p1a: Medusa|304\/304 slp|[silent]
|-status|p1a: Medusa|slp|[from] move: Rest
|
|-heal|p2a: ã­ãã |136\/304 tox|[from] item: Leftovers
|-damage|p2a: ã­ãã |79\/304 tox|[from] psn
|turn|26
|
|move|p2a: ã­ãã |Volt Switch|p1a: Medusa
|-damage|p1a: Medusa|235\/304 slp
|
|switch|p2a: ã¬ããªã¢ã¹|Garchomp, M, shiny|357\/357
|cant|p1a: Medusa|slp
|move|p1a: Medusa|Sleep Talk|p1a: Medusa
|move|p1a: Medusa|Power-Up Punch|p2a: ã¬ããªã¢ã¹|[from]Sleep Talk
|-damage|p2a: ã¬ããªã¢ã¹|285\/357
|-damage|p1a: Medusa|197\/304 slp|[from] ability: Rough Skin|[of] p2a: ã¬ããªã¢ã¹
|-boost|p1a: Medusa|atk|1
|
|turn|27
|
|switch|p1a: manbearpig|Slowbro, M|393\/393
|move|p2a: ã¬ããªã¢ã¹|Earthquake|p1a: manbearpig
|-damage|p1a: manbearpig|269\/393
|
|-heal|p1a: manbearpig|293\/393|[from] item: Leftovers
|turn|28
|
|move|p2a: ã¬ããªã¢ã¹|Stealth Rock|p1a: manbearpig
|-sidestart|p1: TCMK|move: Stealth Rock
|move|p1a: manbearpig|Scald|p2a: ã¬ããªã¢ã¹
|-damage|p2a: ã¬ããªã¢ã¹|176\/357
|
|-heal|p1a: manbearpig|317\/393|[from] item: Leftovers
|turn|29
|
|switch|p2a: ã­ãã |Rotom-Wash|79\/304 tox
|move|p1a: manbearpig|Scald|p2a: ã­ãã 
|-resisted|p2a: ã­ãã 
|-damage|p2a: ã­ãã |37\/304 tox
|
|-heal|p2a: ã­ãã |56\/304 tox|[from] item: Leftovers
|-heal|p1a: manbearpig|341\/393|[from] item: Leftovers
|-damage|p2a: ã­ãã |37\/304 tox|[from] psn
|turn|30
|
|switch|p1a: Medusa|Mawile-Mega, F, shiny|197\/304 slp
|-damage|p1a: Medusa|178\/304 slp|[from] Stealth Rock
|move|p2a: ã­ãã |Volt Switch|p1a: Medusa
|-damage|p1a: Medusa|108\/304 slp
|
|switch|p2a: ãã³ã®ã©ã¹|Tyranitar, M|391\/391
|-weather|Sandstorm
|
|-weather|Sandstorm|[upkeep]
|turn|31
|
|switch|p1a: checkers>chess|Quagsire, M|392\/394
|-damage|p1a: checkers>chess|368\/394|[from] Stealth Rock
|move|p2a: ãã³ã®ã©ã¹|Earthquake|p1a: checkers>chess
|-damage|p1a: checkers>chess|229\/394
|
|-weather|Sandstorm|[upkeep]
|-heal|p1a: checkers>chess|253\/394|[from] item: Leftovers
|turn|32
|
|move|p2a: ãã³ã®ã©ã¹|Earthquake|p1a: checkers>chess
|-damage|p1a: checkers>chess|108\/394
|move|p1a: checkers>chess|Scald|p2a: ãã³ã®ã©ã¹
|-supereffective|p2a: ãã³ã®ã©ã¹
|-damage|p2a: ãã³ã®ã©ã¹|299\/391
|-status|p2a: ãã³ã®ã©ã¹|brn
|
|-weather|Sandstorm|[upkeep]
|-heal|p1a: checkers>chess|132\/394|[from] item: Leftovers
|-damage|p2a: ãã³ã®ã©ã¹|251\/391 brn|[from] brn
|turn|33
|
|switch|p2a: ã­ãã |Rotom-Wash|37\/304 tox
|move|p1a: checkers>chess|Recover|p1a: checkers>chess
|-heal|p1a: checkers>chess|329\/394
|
|-weather|Sandstorm|[upkeep]
|-damage|p2a: ã­ãã |18\/304 tox|[from] sandstorm
|-heal|p2a: ã­ãã |37\/304 tox|[from] item: Leftovers
|-heal|p1a: checkers>chess|353\/394|[from] item: Leftovers
|-damage|p2a: ã­ãã |18\/304 tox|[from] psn
|turn|34
|
|switch|p1a: Medusa|Mawile-Mega, F, shiny|108\/304 slp
|-damage|p1a: Medusa|89\/304 slp|[from] Stealth Rock
|move|p2a: ã­ãã |Pain Split|p1a: Medusa
|-sethp|p1a: Medusa|53\/304 slp|p2a: ã­ãã |53\/304 tox|[from] move: Pain Split
|
|-weather|none
|-heal|p2a: ã­ãã |72\/304 tox|[from] item: Leftovers
|-damage|p2a: ã­ãã |34\/304 tox|[from] psn
|turn|35
|
|switch|p1a: checkers>chess|Quagsire, M|353\/394
|-damage|p1a: checkers>chess|329\/394|[from] Stealth Rock
|move|p2a: ã­ãã |Volt Switch|p1a: checkers>chess
|-immune|p1a: checkers>chess|[msg]
|
|-heal|p2a: ã­ãã |53\/304 tox|[from] item: Leftovers
|-heal|p1a: checkers>chess|353\/394|[from] item: Leftovers
|-damage|p2a: ã­ãã |0 fnt|[from] psn
|faint|p2a: ã­ãã 
|join|Yyum
|chat|MixedCalibur|Well
|chat|MixedCalibur|thats enough beating for one day
|chat|MixedCalibur|see ya on top of the ladder~
|-message|MixedCalibur forfeited.
|
|win|TCMK
|raw|Ladder updating...
|raw|TCMK's rating: 1697 &rarr; <strong>1720<\/strong><br \/>(+23 for winning)
|raw|MixedCalibur's rating: 1742 &rarr; <strong>1719<\/strong><br \/>(-23 for losing)