|join|TCMK
|join|Razzmitazz2
|player|p1|TCMK|153
|player|p2|Razzmitazz2|238
|gametype|singles
|gen|6
|tier|OU
|rated
|clearpoke
|poke|p1|Landorus-Therian, M
|poke|p1|Slowbro, M
|poke|p1|Amoonguss, F
|poke|p1|Bisharp, M
|poke|p1|Diancie
|poke|p1|Latios, M
|poke|p2|Serperior, M
|poke|p2|Landorus-Therian, M
|poke|p2|Metagross
|poke|p2|Bisharp, F
|poke|p2|Rotom-Wash
|poke|p2|Mamoswine, M
|rule|Swagger Clause: Swagger is banned
|rule|Baton Pass Clause: Limit one PokÃ©mon knowing Baton Pass
|rule|Sleep Clause Mod: Limit one foe put to sleep
|rule|Species Clause: Limit one of each PokÃ©mon
|rule|OHKO Clause: OHKO moves are banned
|rule|Moody Clause: Moody is banned
|rule|Evasion Moves Clause: Evasion moves are banned
|rule|Endless Battle Clause: Forcing endless battles is banned
|rule|HP Percentage Mod: HP is shown in percentages
|teampreview
|
|start
|switch|p1a: Slowbro|Slowbro, M|393\/393
|switch|p2a: Mamoswine|Mamoswine, M|423\/423
|turn|1
|
|switch|p2a: Serperior|Serperior, M|292\/292
|move|p1a: Slowbro|Toxic|p2a: Serperior
|-status|p2a: Serperior|tox
|
|-damage|p2a: Serperior|274\/292 tox|[from] psn
|turn|2
|
|switch|p1a: Amoonguss|Amoonguss, F|432\/432
|move|p2a: Serperior|Leaf Storm|p1a: Amoonguss
|-crit|p1a: Amoonguss
|-resisted|p1a: Amoonguss
|-damage|p1a: Amoonguss|362\/432
|-boost|p2a: Serperior|spa|2
|
|-heal|p2a: Serperior|292\/292 tox|[from] item: Leftovers
|-heal|p1a: Amoonguss|389\/432|[from] item: Black Sludge
|-damage|p2a: Serperior|256\/292 tox|[from] psn
|turn|3
|
|move|p2a: Serperior|Hidden Power|p1a: Amoonguss
|-supereffective|p1a: Amoonguss
|-damage|p1a: Amoonguss|167\/432
|move|p1a: Amoonguss|Clear Smog|p2a: Serperior
|-supereffective|p2a: Serperior
|-damage|p2a: Serperior|152\/292 tox
|-clearboost|p2a: Serperior
|
|-heal|p2a: Serperior|170\/292 tox|[from] item: Leftovers
|-heal|p1a: Amoonguss|194\/432|[from] item: Black Sludge
|-damage|p2a: Serperior|116\/292 tox|[from] psn
|turn|4
|
|switch|p2a: Metagross|Metagross|302\/302
|move|p1a: Amoonguss|Clear Smog|p2a: Metagross
|-immune|p2a: Metagross|[msg]
|
|-heal|p1a: Amoonguss|221\/432|[from] item: Black Sludge
|turn|5
|
|switch|p2a: Serperior|Serperior, M|116\/292 tox
|switch|p1a: Slowbro|Slowbro, M|393\/393
|
|-heal|p2a: Serperior|134\/292 tox|[from] item: Leftovers
|-damage|p2a: Serperior|116\/292 tox|[from] psn
|turn|6
|
|switch|p1a: Amoonguss|Amoonguss, F|365\/432
|move|p2a: Serperior|Synthesis|p2a: Serperior
|-heal|p2a: Serperior|262\/292 tox
|
|-heal|p2a: Serperior|280\/292 tox|[from] item: Leftovers
|-heal|p1a: Amoonguss|392\/432|[from] item: Black Sludge
|-damage|p2a: Serperior|244\/292 tox|[from] psn
|turn|7
|
|switch|p2a: Metagross|Metagross|302\/302
|move|p1a: Amoonguss|Hidden Power|p2a: Metagross
|-supereffective|p2a: Metagross
|-damage|p2a: Metagross|208\/302
|
|-heal|p1a: Amoonguss|419\/432|[from] item: Black Sludge
|turn|8
|
|switch|p1a: Slowbro|Slowbro, M|393\/393
|detailschange|p2a: Metagross|Metagross-Mega
|-mega|p2a: Metagross|Metagross|Metagrossite
|move|p2a: Metagross|Zen Headbutt|p1a: Slowbro
|-resisted|p1a: Slowbro
|-damage|p1a: Slowbro|325\/393
|
|-heal|p1a: Slowbro|349\/393|[from] item: Leftovers
|turn|9
|
|switch|p2a: Rotom-Wash|Rotom-Wash|303\/303
|move|p1a: Slowbro|Scald|p2a: Rotom-Wash
|-resisted|p2a: Rotom-Wash
|-damage|p2a: Rotom-Wash|267\/303
|
|-heal|p1a: Slowbro|373\/393|[from] item: Leftovers
|turn|10
|
|switch|p1a: Latios|Latios, M|309\/309
|move|p2a: Rotom-Wash|Volt Switch|p1a: Latios
|-resisted|p1a: Latios
|-damage|p1a: Latios|271\/309
|
|switch|p2a: Landorus-Therian|Landorus-Therian, M|320\/320
|-ability|p2a: Landorus-Therian|Intimidate|[of] p1a: Latios
|-unboost|p1a: Latios|atk|1
|
|turn|11
|
|switch|p1a: Landorus-Therian|Landorus-Therian, M|381\/381
|-ability|p1a: Landorus-Therian|Intimidate|[of] p2a: Landorus-Therian
|-unboost|p2a: Landorus-Therian|atk|1
|move|p2a: Landorus-Therian|U-turn|p1a: Landorus-Therian
|-resisted|p1a: Landorus-Therian
|-damage|p1a: Landorus-Therian|356\/381
|
|switch|p2a: Mamoswine|Mamoswine, M|423\/423
|
|-heal|p1a: Landorus-Therian|379\/381|[from] item: Leftovers
|turn|12
|
|switch|p1a: Slowbro|Slowbro, M|393\/393
|move|p2a: Mamoswine|Stealth Rock|p1a: Slowbro
|-sidestart|p1: TCMK|move: Stealth Rock
|
|turn|13
|
|switch|p2a: Rotom-Wash|Rotom-Wash|267\/303
|move|p1a: Slowbro|Toxic|p2a: Rotom-Wash
|-status|p2a: Rotom-Wash|tox
|
|-damage|p2a: Rotom-Wash|249\/303 tox|[from] psn
|turn|14
|
|switch|p1a: Amoonguss|Amoonguss, F|432\/432
|-damage|p1a: Amoonguss|378\/432|[from] Stealth Rock
|move|p2a: Rotom-Wash|Hydro Pump|p1a: Amoonguss|[miss]
|-miss|p2a: Rotom-Wash|p1a: Amoonguss
|
|-heal|p1a: Amoonguss|405\/432|[from] item: Black Sludge
|-damage|p2a: Rotom-Wash|213\/303 tox|[from] psn
|turn|15
|
|move|p2a: Rotom-Wash|Will-O-Wisp|p1a: Amoonguss
|-status|p1a: Amoonguss|brn
|move|p1a: Amoonguss|Hidden Power|p2a: Rotom-Wash
|-resisted|p2a: Rotom-Wash
|-damage|p2a: Rotom-Wash|199\/303 tox
|
|-heal|p1a: Amoonguss|432\/432 brn|[from] item: Black Sludge
|-damage|p2a: Rotom-Wash|145\/303 tox|[from] psn
|-damage|p1a: Amoonguss|378\/432 brn|[from] brn
|turn|16
|
|move|p2a: Rotom-Wash|Volt Switch|p1a: Amoonguss
|-resisted|p1a: Amoonguss
|-damage|p1a: Amoonguss|334\/432 brn
|
|switch|p2a: Metagross|Metagross-Mega|208\/302
|move|p1a: Amoonguss|Hidden Power|p2a: Metagross
|-supereffective|p2a: Metagross
|-damage|p2a: Metagross|130\/302
|
|-heal|p1a: Amoonguss|361\/432 brn|[from] item: Black Sludge
|-damage|p1a: Amoonguss|307\/432 brn|[from] brn
|turn|17
|
|switch|p2a: Serperior|Serperior, M|244\/292 tox
|switch|p1a: Slowbro|Slowbro, M|393\/393
|-damage|p1a: Slowbro|344\/393|[from] Stealth Rock
|
|-heal|p2a: Serperior|262\/292 tox|[from] item: Leftovers
|-heal|p1a: Slowbro|368\/393|[from] item: Leftovers
|-damage|p2a: Serperior|244\/292 tox|[from] psn
|turn|18
|
|switch|p1a: Amoonguss|Amoonguss, F|432\/432 brn
|-damage|p1a: Amoonguss|378\/432 brn|[from] Stealth Rock
|move|p2a: Serperior|Leaf Storm|p1a: Amoonguss
|-resisted|p1a: Amoonguss
|-damage|p1a: Amoonguss|338\/432 brn
|-boost|p2a: Serperior|spa|2
|
|-heal|p2a: Serperior|262\/292 tox|[from] item: Leftovers
|-heal|p1a: Amoonguss|365\/432 brn|[from] item: Black Sludge
|-damage|p2a: Serperior|226\/292 tox|[from] psn
|-damage|p1a: Amoonguss|311\/432 brn|[from] brn
|turn|19
|
|move|p2a: Serperior|Hidden Power|p1a: Amoonguss
|-supereffective|p1a: Amoonguss
|-damage|p1a: Amoonguss|91\/432 brn
|move|p1a: Amoonguss|Clear Smog|p2a: Serperior
|-supereffective|p2a: Serperior
|-damage|p2a: Serperior|112\/292 tox
|-clearboost|p2a: Serperior
|
|-heal|p2a: Serperior|130\/292 tox|[from] item: Leftovers
|-heal|p1a: Amoonguss|118\/432 brn|[from] item: Black Sludge
|-damage|p2a: Serperior|76\/292 tox|[from] psn
|-damage|p1a: Amoonguss|64\/432 brn|[from] brn
|turn|20
|
|switch|p1a: Landorus-Therian|Landorus-Therian, M|379\/381
|-damage|p1a: Landorus-Therian|332\/381|[from] Stealth Rock
|-ability|p1a: Landorus-Therian|Intimidate|[of] p2a: Serperior
|-boost|p2a: Serperior|atk|1
|move|p2a: Serperior|Synthesis|p2a: Serperior
|-heal|p2a: Serperior|222\/292 tox
|
|-heal|p2a: Serperior|240\/292 tox|[from] item: Leftovers
|-heal|p1a: Landorus-Therian|355\/381|[from] item: Leftovers
|-damage|p2a: Serperior|168\/292 tox|[from] psn
|turn|21
|
|switch|p2a: Landorus-Therian|Landorus-Therian, M|320\/320
|-ability|p2a: Landorus-Therian|Intimidate|[of] p1a: Landorus-Therian
|-unboost|p1a: Landorus-Therian|atk|1
|move|p1a: Landorus-Therian|Stealth Rock|p2a: Landorus-Therian
|-sidestart|p2: Razzmitazz2|move: Stealth Rock
|
|-heal|p1a: Landorus-Therian|378\/381|[from] item: Leftovers
|turn|22
|
|move|p2a: Landorus-Therian|U-turn|p1a: Landorus-Therian
|-resisted|p1a: Landorus-Therian
|-damage|p1a: Landorus-Therian|338\/381
|
|switch|p2a: Bisharp|Bisharp, F|272\/272
|-damage|p2a: Bisharp|255\/272|[from] Stealth Rock
|move|p1a: Landorus-Therian|U-turn|p2a: Bisharp
|-damage|p2a: Bisharp|203\/272
|
|switch|p1a: Diancie|Diancie|257\/257
|-damage|p1a: Diancie|225\/257|[from] Stealth Rock
|
|turn|23
|
|detailschange|p1a: Diancie|Diancie-Mega
|-mega|p1a: Diancie|Diancie|Diancite
|move|p1a: Diancie|Protect|p1a: Diancie
|-singleturn|p1a: Diancie|Protect
|move|p2a: Bisharp|Iron Head|p1a: Diancie
|-activate|p1a: Diancie|Protect
|
|turn|24
|
|move|p1a: Diancie|Earth Power|p2a: Bisharp
|-supereffective|p2a: Bisharp
|-damage|p2a: Bisharp|0 fnt
|faint|p2a: Bisharp
|
|
|switch|p2a: Serperior|Serperior, M|168\/292 tox
|-damage|p2a: Serperior|132\/292 tox|[from] Stealth Rock
|turn|25
|
|switch|p1a: Bisharp|Bisharp, M|279\/279
|-damage|p1a: Bisharp|262\/279|[from] Stealth Rock
|move|p2a: Serperior|Leaf Storm|p1a: Bisharp
|-resisted|p1a: Bisharp
|-damage|p1a: Bisharp|160\/279
|-boost|p2a: Serperior|spa|2
|
|-heal|p2a: Serperior|150\/292 tox|[from] item: Leftovers
|-damage|p2a: Serperior|132\/292 tox|[from] psn
|turn|26
|
|move|p2a: Serperior|Synthesis|p2a: Serperior
|-heal|p2a: Serperior|278\/292 tox
|move|p1a: Bisharp|Knock Off|p2a: Serperior
|-damage|p2a: Serperior|70\/292 tox
|-enditem|p2a: Serperior|Leftovers|[from] move: Knock Off|[of] p1a: Bisharp
|-damage|p1a: Bisharp|133\/279|[from] item: Life Orb
|
|-damage|p2a: Serperior|34\/292 tox|[from] psn
|turn|27
|
|move|p1a: Bisharp|Sucker Punch|p2a: Serperior
|-damage|p2a: Serperior|0 fnt
|-damage|p1a: Bisharp|106\/279|[from] item: Life Orb
|faint|p2a: Serperior
|
|
|switch|p2a: Mamoswine|Mamoswine, M|423\/423
|-damage|p2a: Mamoswine|371\/423|[from] Stealth Rock
|turn|28
|
|switch|p1a: Slowbro|Slowbro, M|393\/393
|-damage|p1a: Slowbro|344\/393|[from] Stealth Rock
|move|p2a: Mamoswine|Earthquake|p1a: Slowbro
|-damage|p1a: Slowbro|214\/393
|
|-heal|p1a: Slowbro|238\/393|[from] item: Leftovers
|turn|29
|
|move|p2a: Mamoswine|Earthquake|p1a: Slowbro
|-damage|p1a: Slowbro|99\/393
|move|p1a: Slowbro|Scald|p2a: Mamoswine
|-supereffective|p2a: Mamoswine
|-damage|p2a: Mamoswine|83\/423
|
|-heal|p1a: Slowbro|123\/393|[from] item: Leftovers
|turn|30
|
|switch|p1a: Latios|Latios, M|271\/309
|-damage|p1a: Latios|233\/309|[from] Stealth Rock
|move|p2a: Mamoswine|Icicle Crash|p1a: Latios
|-supereffective|p1a: Latios
|-damage|p1a: Latios|0 fnt
|faint|p1a: Latios
|
|
|switch|p1a: Slowbro|Slowbro, M|254\/393
|-damage|p1a: Slowbro|205\/393|[from] Stealth Rock
|turn|31
|
|switch|p1a: Landorus-Therian|Landorus-Therian, M|338\/381
|-damage|p1a: Landorus-Therian|291\/381|[from] Stealth Rock
|-ability|p1a: Landorus-Therian|Intimidate|[of] p2a: Mamoswine
|-unboost|p2a: Mamoswine|atk|1
|move|p2a: Mamoswine|Earthquake|p1a: Landorus-Therian
|-immune|p1a: Landorus-Therian|[msg]
|
|-heal|p1a: Landorus-Therian|314\/381|[from] item: Leftovers
|turn|32
|
|switch|p1a: Slowbro|Slowbro, M|336\/393
|-damage|p1a: Slowbro|287\/393|[from] Stealth Rock
|move|p2a: Mamoswine|Earthquake|p1a: Slowbro
|-damage|p1a: Slowbro|194\/393
|
|-heal|p1a: Slowbro|218\/393|[from] item: Leftovers
|turn|33
|
|move|p2a: Mamoswine|Icicle Crash|p1a: Slowbro
|-resisted|p1a: Slowbro
|-damage|p1a: Slowbro|183\/393
|cant|p1a: Slowbro|flinch
|
|-heal|p1a: Slowbro|207\/393|[from] item: Leftovers
|turn|34
|join|Infinite Outrage
|
|move|p2a: Mamoswine|Icicle Crash|p1a: Slowbro
|-resisted|p1a: Slowbro
|-damage|p1a: Slowbro|167\/393
|move|p1a: Slowbro|Slack Off|p1a: Slowbro
|-heal|p1a: Slowbro|364\/393
|
|-heal|p1a: Slowbro|388\/393|[from] item: Leftovers
|turn|35
|
|move|p2a: Mamoswine|Earthquake|p1a: Slowbro
|-damage|p1a: Slowbro|295\/393
|move|p1a: Slowbro|Scald|p2a: Mamoswine
|-supereffective|p2a: Mamoswine
|-damage|p2a: Mamoswine|0 fnt
|faint|p2a: Mamoswine
|
|-heal|p1a: Slowbro|319\/393|[from] item: Leftovers
|
|switch|p2a: Rotom-Wash|Rotom-Wash|145\/303 tox
|-damage|p2a: Rotom-Wash|108\/303 tox|[from] Stealth Rock
|turn|36
|
|switch|p1a: Amoonguss|Amoonguss, F|208\/432 brn
|-damage|p1a: Amoonguss|154\/432 brn|[from] Stealth Rock
|move|p2a: Rotom-Wash|Rest|p2a: Rotom-Wash
|-status|p2a: Rotom-Wash|slp
|-heal|p2a: Rotom-Wash|303\/303 slp|[silent]
|-status|p2a: Rotom-Wash|slp|[from] move: Rest
|-enditem|p2a: Rotom-Wash|Chesto Berry|[eat]
|-curestatus|p2a: Rotom-Wash|slp
|
|-heal|p1a: Amoonguss|181\/432 brn|[from] item: Black Sludge
|-damage|p1a: Amoonguss|127\/432 brn|[from] brn
|turn|37
|
|switch|p1a: Diancie|Diancie-Mega|225\/257
|-damage|p1a: Diancie|193\/257|[from] Stealth Rock
|move|p2a: Rotom-Wash|Volt Switch|p1a: Diancie
|-damage|p1a: Diancie|108\/257
|
|switch|p2a: Landorus-Therian|Landorus-Therian, M|320\/320
|-damage|p2a: Landorus-Therian|280\/320|[from] Stealth Rock
|-ability|p2a: Landorus-Therian|Intimidate|[of] p1a: Diancie
|-unboost|p1a: Diancie|atk|1
|
|turn|38
|
|move|p1a: Diancie|Protect|p1a: Diancie
|-singleturn|p1a: Diancie|Protect
|move|p2a: Landorus-Therian|U-turn|p1a: Diancie
|-activate|p1a: Diancie|Protect
|
|turn|39
|
|move|p2a: Landorus-Therian|U-turn|p1a: Diancie
|-resisted|p1a: Diancie
|-damage|p1a: Diancie|68\/257
|
|switch|p2a: Rotom-Wash|Rotom-Wash|303\/303
|-damage|p2a: Rotom-Wash|266\/303|[from] Stealth Rock
|move|p1a: Diancie|Earth Power|p2a: Rotom-Wash
|-immune|p2a: Rotom-Wash|[msg]
|
|turn|40
|leave|Infinite Outrage
|
|move|p1a: Diancie|Moonblast|p2a: Rotom-Wash
|-damage|p2a: Rotom-Wash|130\/303
|move|p2a: Rotom-Wash|Volt Switch|p1a: Diancie
|-damage|p1a: Diancie|0 fnt
|faint|p1a: Diancie
|
|switch|p2a: Metagross|Metagross-Mega|130\/302
|-damage|p2a: Metagross|112\/302|[from] Stealth Rock
|
|
|switch|p1a: Slowbro|Slowbro, M|393\/393
|-damage|p1a: Slowbro|344\/393|[from] Stealth Rock
|turn|41
|
|move|p2a: Metagross|Earthquake|p1a: Slowbro
|-damage|p1a: Slowbro|263\/393
|move|p1a: Slowbro|Scald|p2a: Metagross
|-damage|p2a: Metagross|28\/302
|
|-heal|p1a: Slowbro|287\/393|[from] item: Leftovers
|turn|42
|
|move|p2a: Metagross|Meteor Mash|p1a: Slowbro
|-resisted|p1a: Slowbro
|-damage|p1a: Slowbro|206\/393
|move|p1a: Slowbro|Scald|p2a: Metagross
|-damage|p2a: Metagross|0 fnt
|faint|p2a: Metagross
|
|-heal|p1a: Slowbro|230\/393|[from] item: Leftovers
|
|switch|p2a: Rotom-Wash|Rotom-Wash|130\/303
|-damage|p2a: Rotom-Wash|93\/303|[from] Stealth Rock
|turn|43
|
|switch|p1a: Amoonguss|Amoonguss, F|271\/432 brn
|-damage|p1a: Amoonguss|217\/432 brn|[from] Stealth Rock
|move|p2a: Rotom-Wash|Will-O-Wisp|p1a: Amoonguss
|-fail|p1a: Amoonguss|brn
|
|-heal|p1a: Amoonguss|244\/432 brn|[from] item: Black Sludge
|-damage|p1a: Amoonguss|190\/432 brn|[from] brn
|turn|44
|
|switch|p2a: Landorus-Therian|Landorus-Therian, M|280\/320
|-damage|p2a: Landorus-Therian|240\/320|[from] Stealth Rock
|-ability|p2a: Landorus-Therian|Intimidate|[of] p1a: Amoonguss
|-unboost|p1a: Amoonguss|atk|1
|move|p1a: Amoonguss|Giga Drain|p2a: Landorus-Therian
|-damage|p2a: Landorus-Therian|147\/320
|-heal|p1a: Amoonguss|237\/432 brn|[from] drain|[of] p2a: Landorus-Therian
|
|-heal|p1a: Amoonguss|264\/432 brn|[from] item: Black Sludge
|-damage|p1a: Amoonguss|210\/432 brn|[from] brn
|turn|45
|
|switch|p1a: Landorus-Therian|Landorus-Therian, M|314\/381
|-damage|p1a: Landorus-Therian|267\/381|[from] Stealth Rock
|-ability|p1a: Landorus-Therian|Intimidate|[of] p2a: Landorus-Therian
|-unboost|p2a: Landorus-Therian|atk|1
|move|p2a: Landorus-Therian|U-turn|p1a: Landorus-Therian
|-resisted|p1a: Landorus-Therian
|-damage|p1a: Landorus-Therian|243\/381
|c|âTCMK|gg
|c|âRazzmitazz2|not really haha
|
|switch|p2a: Rotom-Wash|Rotom-Wash|93\/303
|-damage|p2a: Rotom-Wash|56\/303|[from] Stealth Rock
|
|-heal|p1a: Landorus-Therian|266\/381|[from] item: Leftovers
|turn|46
|c|âTCMK|how wasnt it
|c|âTCMK|nobody got haxed to death this game
|
|move|p1a: Landorus-Therian|U-turn|p2a: Rotom-Wash
|-damage|p2a: Rotom-Wash|0 fnt
|faint|p2a: Rotom-Wash
|
|switch|p1a: Bisharp|Bisharp, M|106\/279
|-damage|p1a: Bisharp|89\/279|[from] Stealth Rock
|
|c|âRazzmitazz2|true enough. i just have got to figure out a way to stop the
|c|âRazzmitazz2|good old slowbro amoongus combo
|
|switch|p2a: Landorus-Therian|Landorus-Therian, M|147\/320
|-damage|p2a: Landorus-Therian|107\/320|[from] Stealth Rock
|-ability|p2a: Landorus-Therian|Intimidate|[of] p1a: Bisharp
|-unboost|p1a: Bisharp|atk|1
|-boost|p1a: Bisharp|atk|2|[from] ability: Defiant
|turn|47
|
|move|p1a: Bisharp|Sucker Punch|p2a: Landorus-Therian
|-damage|p2a: Landorus-Therian|0 fnt
|-damage|p1a: Bisharp|62\/279|[from] item: Life Orb
|faint|p2a: Landorus-Therian
|
|win|TCMK
|raw|Ladder updating...
|raw|TCMK's rating: 1610 &rarr; <strong>1626<\/strong><br \/>(+16 for winning)
|raw|Razzmitazz2's rating: 1540 &rarr; <strong>1524<\/strong><br \/>(-16 for losing)
|leave|Razzmitazz2
|player|p2