|join|nintendistagamer
|join|RIPCharlie
|player|p1|nintendistagamer|137
|player|p2|RIPCharlie|170
|gametype|singles
|gen|6
|tier|OU
|rated
|clearpoke
|poke|p1|Beedrill, M
|poke|p1|Magnezone
|poke|p1|Landorus-Therian, M
|poke|p1|Talonflame, F
|poke|p1|Rotom-Wash
|poke|p1|Forretress, F
|poke|p2|Tangrowth, F
|poke|p2|Quagsire, F
|poke|p2|Chansey, F
|poke|p2|Sableye, M
|poke|p2|Skarmory, F
|poke|p2|Starmie
|rule|Swagger Clause: Swagger is banned
|rule|Baton Pass Clause: Limit one PokÃ©mon knowing Baton Pass
|rule|Sleep Clause Mod: Limit one foe put to sleep
|rule|Species Clause: Limit one of each PokÃ©mon
|rule|OHKO Clause: OHKO moves are banned
|rule|Moody Clause: Moody is banned
|rule|Evasion Moves Clause: Evasion moves are banned
|rule|Endless Battle Clause: Forcing endless battles is banned
|rule|HP Percentage Mod: HP is shown in percentages
|teampreview
|
|start
|switch|p1a: Beedrill|Beedrill, M|271\/271
|switch|p2a: Sableye|Sableye, M|304\/304
|turn|1
|
|detailschange|p1a: Beedrill|Beedrill-Mega, M
|-mega|p1a: Beedrill|Beedrill|Beedrillite
|move|p1a: Beedrill|Protect|p1a: Beedrill
|-singleturn|p1a: Beedrill|Protect
|move|p2a: Sableye|Fake Out|p1a: Beedrill
|-activate|p1a: Beedrill|Protect
|
|turn|2
|
|switch|p1a: Talonflame|Talonflame, F|297\/297
|detailschange|p2a: Sableye|Sableye-Mega, M
|-mega|p2a: Sableye|Sableye|Sablenite
|move|p2a: Sableye|Will-O-Wisp|p1a: Talonflame
|-fail|p1a: Talonflame
|
|turn|3
|
|move|p1a: Talonflame|U-turn|p2a: Sableye
|-damage|p2a: Sableye|237\/304
|
|switch|p1a: Magnezone|Magnezone|303\/303
|move|p2a: Sableye|Metal Burst|p1a: Magnezone
|-damage|p1a: Magnezone|203\/303
|
|turn|4
|
|switch|p2a: Quagsire|Quagsire, F|394\/394
|move|p1a: Magnezone|Volt Switch|p2a: Quagsire
|-immune|p2a: Quagsire|[msg]
|
|turn|5
|
|switch|p1a: Rotom-Wash|Rotom-Wash|304\/304
|switch|p2a: Sableye|Sableye-Mega, M|237\/304
|
|turn|6
|
|move|p1a: Rotom-Wash|Hydro Pump|p2a: Sableye
|-damage|p2a: Sableye|137\/304
|move|p2a: Sableye|Recover|p2a: Sableye
|-heal|p2a: Sableye|289\/304
|
|turn|7
|
|move|p1a: Rotom-Wash|Volt Switch|p2a: Sableye
|-crit|p2a: Sableye
|-damage|p2a: Sableye|184\/304
|
|switch|p1a: Talonflame|Talonflame, F|297\/297
|move|p2a: Sableye|Will-O-Wisp|p1a: Talonflame
|-fail|p1a: Talonflame
|
|turn|8
|
|move|p1a: Talonflame|Brave Bird|p2a: Sableye
|-damage|p2a: Sableye|15\/304
|-damage|p1a: Talonflame|241\/297|[from] recoil|[of] p2a: Sableye
|move|p2a: Sableye|Recover|p2a: Sableye
|-heal|p2a: Sableye|167\/304
|
|turn|9
|
|switch|p1a: Landorus-Therian|Landorus-Therian, M|319\/319
|-ability|p1a: Landorus-Therian|Intimidate|[of] p2a: Sableye
|-unboost|p2a: Sableye|atk|1
|switch|p2a: Skarmory|Skarmory, F|333\/333
|
|turn|10
|
|move|p1a: Landorus-Therian|Knock Off|p2a: Skarmory
|-damage|p2a: Skarmory|251\/333
|-enditem|p2a: Skarmory|Shed Shell|[from] move: Knock Off|[of] p1a: Landorus-Therian
|move|p2a: Skarmory|Stealth Rock|p1a: Landorus-Therian
|-sidestart|p1: nintendistagamer|move: Stealth Rock
|
|turn|11
|
|switch|p1a: Rotom-Wash|Rotom-Wash|304\/304
|-damage|p1a: Rotom-Wash|266\/304|[from] Stealth Rock
|move|p2a: Skarmory|Whirlwind|p1a: Rotom-Wash
|drag|p1a: Magnezone|Magnezone|203\/303
|-damage|p1a: Magnezone|185\/303|[from] Stealth Rock
|
|turn|12
|-message|RIPCharlie forfeited.
|
|win|nintendistagamer
|raw|Ladder updating...
|leave|RIPCharlie
|player|p2
|raw|nintendistagamer's rating: 1574 &rarr; <strong>1595<\/strong><br \/>(+21 for winning)
|raw|RIPCharlie's rating: 1584 &rarr; <strong>1563<\/strong><br \/>(-21 for losing)