|join|DashTidus
|join|RIPCharlie
|player|p1|DashTidus|1
|player|p2|RIPCharlie|170
|gametype|singles
|gen|6
|tier|OU
|rated
|clearpoke
|poke|p1|Skarmory, F
|poke|p1|Gengar, M
|poke|p1|Gyarados, M
|poke|p1|Cobalion
|poke|p1|Heatran, M
|poke|p1|Latios, M
|poke|p2|Tangrowth, F
|poke|p2|Quagsire, F
|poke|p2|Chansey, F
|poke|p2|Sableye, F
|poke|p2|Skarmory, F
|poke|p2|Starmie
|rule|Swagger Clause: Swagger is banned
|rule|Baton Pass Clause: Limit one PokÃ©mon knowing Baton Pass
|rule|Sleep Clause Mod: Limit one foe put to sleep
|rule|Species Clause: Limit one of each PokÃ©mon
|rule|OHKO Clause: OHKO moves are banned
|rule|Moody Clause: Moody is banned
|rule|Evasion Moves Clause: Evasion moves are banned
|rule|Endless Battle Clause: Forcing endless battles is banned
|rule|HP Percentage Mod: HP is shown in percentages
|teampreview
|c|âDashTidus|ow
|
|start
|switch|p1a: Cobalion|Cobalion|386\/386
|switch|p2a: Sableye|Sableye, F|304\/304
|turn|1
|
|switch|p1a: Heatran|Heatran, M|386\/386
|detailschange|p2a: Sableye|Sableye-Mega, F
|-mega|p2a: Sableye|Sableye|Sablenite
|move|p2a: Sableye|Fake Out|p1a: Heatran
|-resisted|p1a: Heatran
|-damage|p1a: Heatran|374\/386
|
|-heal|p1a: Heatran|386\/386|[from] item: Leftovers
|turn|2
|
|switch|p2a: Starmie|Starmie|324\/324
|move|p1a: Heatran|Lava Plume|p2a: Starmie
|-resisted|p2a: Starmie
|-damage|p2a: Starmie|248\/324
|
|-heal|p2a: Starmie|268\/324|[from] item: Leftovers
|turn|3
|
|move|p2a: Starmie|Scald|p1a: Heatran
|-supereffective|p1a: Heatran
|-damage|p1a: Heatran|240\/386
|move|p1a: Heatran|Lava Plume|p2a: Starmie
|-resisted|p2a: Starmie
|-damage|p2a: Starmie|192\/324
|-status|p2a: Starmie|brn
|
|-heal|p2a: Starmie|212\/324 brn|[from] item: Leftovers
|-heal|p1a: Heatran|264\/386|[from] item: Leftovers
|-damage|p2a: Starmie|172\/324 brn|[from] brn
|turn|4
|
|move|p1a: Heatran|Protect|p1a: Heatran
|-singleturn|p1a: Heatran|Protect
|move|p2a: Starmie|Recover|p2a: Starmie
|-heal|p2a: Starmie|324\/324 brn
|
|-heal|p1a: Heatran|288\/386|[from] item: Leftovers
|-damage|p2a: Starmie|284\/324 brn|[from] brn
|turn|5
|
|switch|p2a: Sableye|Sableye-Mega, F|304\/304
|switch|p1a: Latios|Latios, M|302\/302
|
|turn|6
|
|move|p2a: Sableye|Fake Out|p1a: Latios
|-damage|p1a: Latios|270\/302
|cant|p1a: Latios|flinch
|
|turn|7
|
|move|p1a: Latios|Draco Meteor|p2a: Sableye
|-damage|p2a: Sableye|18\/304
|-unboost|p1a: Latios|spa|2
|move|p2a: Sableye|Recover|p2a: Sableye
|-heal|p2a: Sableye|170\/304
|
|turn|8
|
|switch|p1a: Gengar|Gengar, M|262\/262
|move|p2a: Sableye|Recover|p2a: Sableye
|-heal|p2a: Sableye|304\/304
|
|turn|9
|
|move|p1a: Gengar|Mean Look|p2a: Sableye
|move|p2a: Sableye|Mean Look|p1a: Gengar|[from]Magic Bounce
|-fail|p1a: Gengar
|move|p2a: Sableye|Will-O-Wisp|p1a: Gengar
|-status|p1a: Gengar|brn
|
|-damage|p1a: Gengar|230\/262 brn|[from] brn
|turn|10
|
|switch|p1a: Latios|Latios, M|270\/302
|move|p2a: Sableye|Metal Burst|p1a: Latios
|-fail|p1a: Latios
|
|turn|11
|
|move|p1a: Latios|Draco Meteor|p2a: Sableye
|-crit|p2a: Sableye
|-damage|p2a: Sableye|0 fnt
|-unboost|p1a: Latios|spa|2
|faint|p2a: Sableye
|
|c|âRIPCharlie|dat crit
|-message|RIPCharlie forfeited.
|
|win|DashTidus
|raw|Ladder updating...
|leave|RIPCharlie
|player|p2
|raw|DashTidus's rating: 1586 &rarr; <strong>1607<\/strong><br \/>(+21 for winning)
|raw|RIPCharlie's rating: 1605 &rarr; <strong>1584<\/strong><br \/>(-21 for losing)