|join|sniperaim
|join|xMarth
|player|p1|sniperaim|220
|player|p2|xMarth|153
|gametype|singles
|gen|6
|tier|UU
|rule|Sleep Clause Mod: Limit one foe put to sleep
|rule|Species Clause: Limit one of each PokÃ©mon
|rule|OHKO Clause: OHKO moves are banned
|rule|Moody Clause: Moody is banned
|rule|Evasion Moves Clause: Evasion moves are banned
|rule|Endless Battle Clause: Forcing endless battles is banned
|rule|HP Percentage Mod: HP is shown in percentages
|clearpoke
|poke|p1|Froslass, F
|poke|p1|Raikou, shiny
|poke|p1|Nidoqueen, F
|poke|p1|Haxorus, F, shiny
|poke|p1|Mienshao, F
|poke|p1|Lucario, F
|poke|p2|Cobalion
|poke|p2|Crobat, M
|poke|p2|Rotom-Heat
|poke|p2|Hydreigon, F
|poke|p2|Empoleon, M
|poke|p2|Roserade, M
|rule|Swagger Clause: Swagger is banned
|rule|Baton Pass Clause: Limit one PokÃ©mon knowing Baton Pass
|teampreview
|join|Ghrian
|join|cnmb
|join|blitzfiend
|join|ult GULLY
|join|Lixx
|
|start
|switch|p1a: Froslass|Froslass, F|281\/281
|switch|p2a: Rotom-Heat|Rotom-Heat|303\/303
|turn|1
|join|RCRyan
|
|move|p1a: Froslass|Spikes|p2a: Rotom-Heat
|-sidestart|p2: xMarth|Spikes
|move|p2a: Rotom-Heat|Volt Switch|p1a: Froslass
|-damage|p1a: Froslass|158\/281
|-start|p2a: Rotom-Heat|Disable|Volt Switch
|join|Bradley Cooper
|join|jezzus
|
|switch|p2a: Crobat|Crobat, M|331\/331
|
|turn|2
|join|CoolStoryBrobat
|
|move|p2a: Crobat|Acrobatics|p1a: Froslass
|-damage|p1a: Froslass|0 fnt
|faint|p1a: Froslass
|
|
|switch|p1a: Nidoqueen|Nidoqueen, F|362\/362
|turn|3
|
|move|p2a: Crobat|U-turn|p1a: Nidoqueen
|-resisted|p1a: Nidoqueen
|-damage|p1a: Nidoqueen|324\/362
|
|switch|p2a: Rotom-Heat|Rotom-Heat|303\/303
|move|p1a: Nidoqueen|Earth Power|p2a: Rotom-Heat
|-immune|p2a: Rotom-Heat|[msg]
|
|turn|4
|
|move|p2a: Rotom-Heat|Will-O-Wisp|p1a: Nidoqueen
|-status|p1a: Nidoqueen|brn
|move|p1a: Nidoqueen|Stealth Rock|p2a: Rotom-Heat
|-sidestart|p2: xMarth|move: Stealth Rock
|
|-damage|p1a: Nidoqueen|279\/362 brn|[from] brn
|turn|5
|
|move|p2a: Rotom-Heat|Overheat|p1a: Nidoqueen|[miss]
|-miss|p2a: Rotom-Heat|p1a: Nidoqueen
|move|p1a: Nidoqueen|Sludge Wave|p2a: Rotom-Heat
|-crit|p2a: Rotom-Heat
|-damage|p2a: Rotom-Heat|18\/303
|
|-heal|p2a: Rotom-Heat|36\/303|[from] item: Leftovers
|-damage|p1a: Nidoqueen|234\/362 brn|[from] brn
|turn|6
|
|move|p2a: Rotom-Heat|Overheat|p1a: Nidoqueen|[miss]
|-miss|p2a: Rotom-Heat|p1a: Nidoqueen
|move|p1a: Nidoqueen|Sludge Wave|p2a: Rotom-Heat
|-damage|p2a: Rotom-Heat|0 fnt
|faint|p2a: Rotom-Heat
|
|-damage|p1a: Nidoqueen|189\/362 brn|[from] brn
|c|âsniperaim|sorry
|
|switch|p2a: Crobat|Crobat, M|331\/331
|-damage|p2a: Crobat|249\/331|[from] Stealth Rock
|turn|7
|c|@CoolStoryBrobat|That Rotom is the weakest link
|c| ult GULLY|gay
|c|@CoolStoryBrobat|Elimin8 it
|
|move|p2a: Crobat|Acrobatics|p1a: Nidoqueen
|-damage|p1a: Nidoqueen|26\/362 brn
|move|p1a: Nidoqueen|Ice Beam|p2a: Crobat
|-supereffective|p2a: Crobat
|-damage|p2a: Crobat|0 fnt
|faint|p2a: Crobat
|
|-damage|p1a: Nidoqueen|0 fnt|[from] brn
|faint|p1a: Nidoqueen
|
|switch|p1a: Mienshao|Mienshao, F|272\/272
|switch|p2a: Empoleon|Empoleon, M|372\/372
|-damage|p2a: Empoleon|326\/372|[from] Spikes
|-damage|p2a: Empoleon|303\/372|[from] Stealth Rock
|turn|8
|c| Lixx|damn
|
|move|p1a: Mienshao|High Jump Kick|p2a: Empoleon
|-supereffective|p2a: Empoleon
|-damage|p2a: Empoleon|0 fnt
|faint|p2a: Empoleon
|
|
|switch|p2a: Roserade|Roserade, M|261\/261
|-damage|p2a: Roserade|229\/261|[from] Spikes
|-damage|p2a: Roserade|197\/261|[from] Stealth Rock
|turn|9
|c| ult GULLY|ogre
|c|@CoolStoryBrobat|Sniperaim when you make this team?
|
|switch|p1a: Raikou|Raikou, shiny|322\/322
|-ability|p1a: Raikou|Pressure
|move|p2a: Roserade|Sludge Bomb|p1a: Raikou
|-damage|p1a: Raikou|110\/322
|-damage|p2a: Roserade|171\/261|[from] item: Life Orb
|
|turn|10
|
|move|p1a: Raikou|Aura Sphere|p2a: Roserade
|-resisted|p2a: Roserade
|-damage|p2a: Roserade|123\/261
|move|p2a: Roserade|Synthesis|p2a: Roserade
|-heal|p2a: Roserade|253\/261
|
|turn|11
|
|move|p1a: Raikou|Extrasensory|p2a: Roserade
|-supereffective|p2a: Roserade
|-damage|p2a: Roserade|25\/261
|move|p2a: Roserade|Giga Drain|p1a: Raikou
|-damage|p1a: Raikou|0 fnt
|-heal|p2a: Roserade|80\/261|[from] drain|[of] p1a: Raikou
|-damage|p2a: Roserade|54\/261|[from] item: Life Orb
|faint|p1a: Raikou
|
|
|switch|p1a: Lucario|Lucario, F|282\/282
|turn|12
|
|move|p1a: Lucario|Extreme Speed|p2a: Roserade
|-damage|p2a: Roserade|0 fnt
|-damage|p1a: Lucario|254\/282|[from] item: Life Orb
|faint|p2a: Roserade
|
|
|switch|p2a: Cobalion|Cobalion|324\/324
|-damage|p2a: Cobalion|284\/324|[from] Spikes
|-damage|p2a: Cobalion|274\/324|[from] Stealth Rock
|turn|13
|
|move|p1a: Lucario|Extreme Speed|p2a: Cobalion
|-resisted|p2a: Cobalion
|-damage|p2a: Cobalion|226\/324
|-damage|p1a: Lucario|226\/282|[from] item: Life Orb
|move|p2a: Cobalion|Close Combat|p1a: Lucario
|-supereffective|p1a: Lucario
|-damage|p1a: Lucario|0 fnt
|-unboost|p2a: Cobalion|def|1
|-unboost|p2a: Cobalion|spd|1
|faint|p1a: Lucario
|
|-heal|p2a: Cobalion|246\/324|[from] item: Leftovers
|
|switch|p1a: Mienshao|Mienshao, F|272\/272
|turn|14
|
|move|p1a: Mienshao|High Jump Kick|p2a: Cobalion
|-supereffective|p2a: Cobalion
|-damage|p2a: Cobalion|0 fnt
|faint|p2a: Cobalion
|
|
|switch|p2a: Hydreigon|Hydreigon, F|325\/325
|-damage|p2a: Hydreigon|285\/325|[from] Stealth Rock
|turn|15
|
|move|p1a: Mienshao|High Jump Kick|p2a: Hydreigon
|-supereffective|p2a: Hydreigon
|-damage|p2a: Hydreigon|0 fnt
|faint|p2a: Hydreigon
|
|win|sniperaim
|c|âsniperaim|gg
|leave|xMarth
|player|p2
|leave|sniperaim
|player|p1
|leave|cnmb
|leave|CoolStoryBrobat
|leave|jezzus
|leave|RCRyan
|leave|blitzfiend
|leave|Lixx
|leave|ult GULLY
|leave|Ghrian
|join|sniperaim
|leave|Bradley Cooper
|join|andr3y
|leave|andr3y