|join|sniperaim
|join|LiberalLucario
|player|p1|sniperaim|220
|player|p2|LiberalLucario|219
|gametype|singles
|gen|6
|tier|UU
|rule|Sleep Clause Mod: Limit one foe put to sleep
|rule|Species Clause: Limit one of each PokÃ©mon
|rule|OHKO Clause: OHKO moves are banned
|rule|Moody Clause: Moody is banned
|rule|Evasion Moves Clause: Evasion moves are banned
|rule|Endless Battle Clause: Forcing endless battles is banned
|rule|HP Percentage Mod: HP is shown in percentages
|clearpoke
|poke|p1|Aerodactyl, F
|poke|p1|Jirachi, shiny
|poke|p1|Forretress, M
|poke|p1|Swampert, M
|poke|p1|Roserade, M, shiny
|poke|p1|Hydreigon, F
|poke|p2|Chandelure, F
|poke|p2|Cobalion
|poke|p2|Gligar, M
|poke|p2|Hydreigon, F
|poke|p2|Vaporeon, M
|poke|p2|Ampharos, M
|rule|Swagger Clause: Swagger is banned
|rule|Baton Pass Clause: Limit one PokÃ©mon knowing Baton Pass
|teampreview
|join|BatSol
|join|Happee
|join|Tipsy Russian
|join|SuperSawgy
|join|meeowiekins
|join|KingT9722
|c|âLiberalLucario|GLHF
|leave|BatSol
|join|psychotic
|c|âsniperaim|u2
|c| Happee|is it an e4 challenge?
|
|start
|switch|p1a: Swampert|Swampert, M|401\/401
|switch|p2a: support|Cobalion|386\/386
|turn|1
|c|âLiberalLucario|ya
|join|tuRkizzle
|
|move|p2a: support|Taunt|p1a: Swampert
|-start|p1a: Swampert|move: Taunt
|cant|p1a: Swampert|move: Taunt|Stealth Rock
|
|turn|2
|
|switch|p2a: support|Vaporeon, M|464\/464
|move|p1a: Swampert|Scald|p2a: support
|-immune|p2a: support|[msg]
|
|turn|3
|
|switch|p1a: Roserade|Roserade, M, shiny|284\/284
|move|p2a: support|Baton Pass|p2a: support
|
|switch|p2a: wincon|Chandelure, F|305\/305
|
|turn|4
|
|move|p1a: Roserade|Sleep Powder|p2a: wincon
|-status|p2a: wincon|slp
|cant|p2a: wincon|slp
|
|turn|5
|
|switch|p1a: Swampert|Swampert, M|401\/401
|cant|p2a: wincon|slp
|
|turn|6
|
|cant|p2a: wincon|slp
|move|p1a: Swampert|Stealth Rock|p2a: wincon
|-sidestart|p2: LiberalLucario|move: Stealth Rock
|
|turn|7
|join|gobosox2
|
|switch|p2a: support|Vaporeon, M|464\/464
|-damage|p2a: support|406\/464|[from] Stealth Rock
|move|p1a: Swampert|Earthquake|p2a: support
|-damage|p2a: support|271\/464
|
|-heal|p2a: support|300\/464|[from] item: Leftovers
|turn|8
|
|switch|p1a: Roserade|Roserade, M, shiny|284\/284
|move|p2a: support|Wish|p2a: support
|
|-heal|p2a: support|329\/464|[from] item: Leftovers
|turn|9
|
|switch|p2a: support|Gligar, M|334\/334
|-damage|p2a: support|293\/334|[from] Stealth Rock
|move|p1a: Roserade|Giga Drain|p2a: support
|-damage|p2a: support|194\/334
|-damage|p1a: Roserade|256\/284|[from] item: Life Orb
|
|-heal|p2a: support|334\/334|[from] move: Wish|[wisher] support
|turn|10
|c| gobosox2|is this for the elite four thing
|c| meeowiekins|yes
|c| gobosox2|how do i sign up
|c|âLiberalLucario|you dont
|c|âLiberalLucario|you just challenge someone thats in e4
|
|switch|p1a: Aerodactyl|Aerodactyl, F|317\/317
|move|p2a: support|Defog|p1a: Aerodactyl
|-unboost|p1a: Aerodactyl|evasion|1
|-sideend|p2: LiberalLucario|Stealth Rock|[from] move: Defog|[of] p2a: support
|
|turn|11
|c| meeowiekins|http:\/\/www.smogon.com\/forums\/threads\/ps-underused-elite-four-challenge.3519306\/#post-5782630
|c| gobosox2|sweet
|c| Happee|challenge on the thread i think
|c| gobosox2|yeah i saw the thread
|c| KingT9722|i need to make a good team first
|
|switch|p2a: support|Vaporeon, M|329\/464
|detailschange|p1a: Aerodactyl|Aerodactyl-Mega, F
|message|Aerodactyl has Mega Evolved into Mega Aerodactyl!
|move|p1a: Aerodactyl|Hone Claws|p1a: Aerodactyl
|-boost|p1a: Aerodactyl|atk|1
|-boost|p1a: Aerodactyl|accuracy|1
|
|-heal|p2a: support|358\/464|[from] item: Leftovers
|turn|12
|c|âLiberalLucario|damnit
|
|switch|p1a: Roserade|Roserade, M, shiny|256\/284
|move|p2a: support|Scald|p1a: Roserade
|-resisted|p1a: Roserade
|-damage|p1a: Roserade|206\/284
|
|-heal|p2a: support|387\/464|[from] item: Leftovers
|turn|13
|
|switch|p2a: support|Cobalion|386\/386
|move|p1a: Roserade|Giga Drain|p2a: support
|-resisted|p2a: support
|-damage|p2a: support|257\/386
|-heal|p1a: Roserade|271\/284|[from] drain|[of] p2a: support
|-damage|p1a: Roserade|243\/284|[from] item: Life Orb
|
|-heal|p2a: support|281\/386|[from] item: Leftovers
|turn|14
|
|move|p2a: support|Stealth Rock|p1a: Roserade
|-sidestart|p1: sniperaim|move: Stealth Rock
|move|p1a: Roserade|Hidden Power|p2a: support
|-supereffective|p2a: support
|-damage|p2a: support|31\/386
|-damage|p1a: Roserade|215\/284|[from] item: Life Orb
|
|-heal|p2a: support|55\/386|[from] item: Leftovers
|turn|15
|
|switch|p2a: support|Gligar, M|334\/334
|switch|p1a: Forretress|Forretress, M|354\/354
|-damage|p1a: Forretress|310\/354|[from] Stealth Rock
|
|-heal|p1a: Forretress|332\/354|[from] item: Leftovers
|turn|16
|
|move|p2a: support|U-turn|p1a: Forretress
|-resisted|p1a: Forretress
|-damage|p1a: Forretress|315\/354
|
|switch|p2a: wincon|Chandelure, F|305\/305 slp
|move|p1a: Forretress|Volt Switch|p2a: wincon
|-damage|p2a: wincon|272\/305 slp
|
|switch|p1a: Swampert|Swampert, M|401\/401
|-damage|p1a: Swampert|376\/401|[from] Stealth Rock
|
|-heal|p2a: wincon|291\/305 slp|[from] item: Leftovers
|-heal|p1a: Swampert|401\/401|[from] item: Leftovers
|turn|17
|
|-curestatus|p2a: wincon|slp
|move|p2a: wincon|Shadow Ball|p1a: Swampert
|-crit|p1a: Swampert
|-damage|p1a: Swampert|133\/401
|move|p1a: Swampert|Stealth Rock|p2a: wincon
|-sidestart|p2: LiberalLucario|move: Stealth Rock
|
|-heal|p2a: wincon|305\/305|[from] item: Leftovers
|-heal|p1a: Swampert|158\/401|[from] item: Leftovers
|turn|18
|c|âLiberalLucario|damn sorry
|
|switch|p1a: Hydreigon|Hydreigon, F|325\/325
|-damage|p1a: Hydreigon|285\/325|[from] Stealth Rock
|move|p2a: wincon|Shadow Ball|p1a: Hydreigon
|-resisted|p1a: Hydreigon
|-damage|p1a: Hydreigon|201\/325
|-unboost|p1a: Hydreigon|spd|1
|
|turn|19
|
|switch|p2a: support|Gligar, M|334\/334
|-damage|p2a: support|293\/334|[from] Stealth Rock
|move|p1a: Hydreigon|Dark Pulse|p2a: support
|-damage|p2a: support|203\/334
|
|turn|20
|
|switch|p1a: Jirachi|Jirachi, shiny|342\/342
|-damage|p1a: Jirachi|321\/342|[from] Stealth Rock
|move|p2a: support|U-turn|p1a: Jirachi
|-damage|p1a: Jirachi|278\/342
|leave|psychotic
|join|Luckyaim
|
|switch|p2a: wincon|Chandelure, F|305\/305
|-damage|p2a: wincon|229\/305|[from] Stealth Rock
|
|-heal|p1a: Jirachi|299\/342|[from] item: Leftovers
|-heal|p2a: wincon|248\/305|[from] item: Leftovers
|turn|21
|c| Luckyaim|wow liberal smh tbh
|c| Luckyaim|i wanted to battle snapper, he's like the weakest e4
|c| Luckyaim|tbh
|c|âLiberalLucario|lol
|c|âLiberalLucario|no
|c|âLiberalLucario|name is
|c|âLiberalLucario|but yeah
|
|switch|p1a: Hydreigon|Hydreigon, F|201\/325
|-damage|p1a: Hydreigon|161\/325|[from] Stealth Rock
|move|p2a: wincon|Shadow Ball|p1a: Hydreigon
|-crit|p1a: Hydreigon
|-resisted|p1a: Hydreigon
|-damage|p1a: Hydreigon|35\/325
|
|-heal|p2a: wincon|267\/305|[from] item: Leftovers
|turn|22
|c| KingT9722|crits for days
|c|âLiberalLucario|yeah
|c|âLiberalLucario|dies to rocks now :\/
|c|âsniperaim|this is stupid
|c| Luckyaim|who needs skill :^)
|
|switch|p2a: support|Cobalion|55\/386
|-damage|p2a: support|43\/386|[from] Stealth Rock
|move|p1a: Hydreigon|Dark Pulse|p2a: support
|-resisted|p2a: support
|-damage|p2a: support|0 fnt
|faint|p2a: support
|
|
|switch|p2a: revenge killer|Hydreigon, F|325\/325
|-damage|p2a: revenge killer|285\/325|[from] Stealth Rock
|turn|23
|
|switch|p1a: Forretress|Forretress, M|315\/354
|-damage|p1a: Forretress|271\/354|[from] Stealth Rock
|move|p2a: revenge killer|U-turn|p1a: Forretress
|-resisted|p1a: Forretress
|-damage|p1a: Forretress|251\/354
|
|switch|p2a: wincon|Chandelure, F|267\/305
|-damage|p2a: wincon|191\/305|[from] Stealth Rock
|
|-heal|p2a: wincon|210\/305|[from] item: Leftovers
|-heal|p1a: Forretress|273\/354|[from] item: Leftovers
|turn|24
|join|OG_Wanka
|
|move|p2a: wincon|Substitute|p2a: wincon
|-start|p2a: wincon|Substitute
|-damage|p2a: wincon|134\/305
|move|p1a: Forretress|Volt Switch|p2a: wincon
|-activate|p2a: wincon|Substitute|[damage]
|
|switch|p1a: Aerodactyl|Aerodactyl-Mega, F|317\/317
|-damage|p1a: Aerodactyl|238\/317|[from] Stealth Rock
|
|-heal|p2a: wincon|153\/305|[from] item: Leftovers
|turn|25
|
|move|p1a: Aerodactyl|Earthquake|p2a: wincon
|-supereffective|p2a: wincon
|-end|p2a: wincon|Substitute
|move|p2a: wincon|Shadow Ball|p1a: Aerodactyl
|-crit|p1a: Aerodactyl
|-damage|p1a: Aerodactyl|0 fnt
|faint|p1a: Aerodactyl
|
|-heal|p2a: wincon|172\/305|[from] item: Leftovers
|c|âLiberalLucario|omg
|leave|tuRkizzle
|c| SuperSawgy|lol
|c|âLiberalLucario|im 
|c|âLiberalLucario|so sorry
|c|âLiberalLucario|o.o
|c| Luckyaim|snapper dw
|c|âsniperaim|i dont even wanna play
|-message|sniperaim forfeited.
|
|win|LiberalLucario
|leave|sniperaim
|player|p1
|leave|Luckyaim
|leave|Happee
|leave|LiberalLucario
|player|p2
|leave|SuperSawgy
|leave|Tipsy Russian
|join|LiberalLucario