|join|sniperaim
|join|rip heracross
|player|p1|sniperaim|220
|player|p2|rip heracross|2
|gametype|singles
|gen|6
|tier|UU
|rated
|rule|Sleep Clause Mod: Limit one foe put to sleep
|rule|Species Clause: Limit one of each PokÃ©mon
|rule|OHKO Clause: OHKO moves are banned
|rule|Moody Clause: Moody is banned
|rule|Evasion Moves Clause: Evasion moves are banned
|rule|Endless Battle Clause: Forcing endless battles is banned
|rule|HP Percentage Mod: HP is shown in percentages
|clearpoke
|poke|p1|Doublade, M, shiny
|poke|p1|Swampert, M
|poke|p1|Hydreigon, M
|poke|p1|Celebi
|poke|p1|Jirachi, shiny
|poke|p1|Porygon2, shiny
|poke|p2|Doublade, F
|poke|p2|Shaymin
|poke|p2|Florges, F
|poke|p2|Swampert, F
|poke|p2|Crobat, F
|poke|p2|Aerodactyl, M
|rule|Swagger Clause: Swagger is banned
|rule|Baton Pass Clause: Limit one PokÃ©mon knowing Baton Pass
|teampreview
|
|start
|switch|p1a: Gleam|Celebi|342\/342
|switch|p2a: Crobat|Crobat, F|330\/330
|turn|1
|
|switch|p1a: Mascot|Swampert, M|401\/401
|move|p2a: Crobat|U-turn|p1a: Mascot
|-damage|p1a: Mascot|349\/401
|
|switch|p2a: Shaymin|Shaymin|341\/341
|
|-heal|p1a: Mascot|374\/401|[from] item: Leftovers
|turn|2
|
|switch|p1a: lol duck|Porygon2, shiny|374\/374
|-ability|p1a: lol duck|Natural Cure|[from] ability: Trace|[of] p2a: Shaymin
|move|p2a: Shaymin|Seed Flare|p1a: lol duck
|-damage|p1a: lol duck|248\/374
|-unboost|p1a: lol duck|spd|2
|-damage|p2a: Shaymin|307\/341|[from] item: Life Orb
|
|turn|3
|
|switch|p1a: Sage|Jirachi, shiny|342\/342
|move|p2a: Shaymin|Seed Flare|p1a: Sage
|-resisted|p1a: Sage
|-damage|p1a: Sage|232\/342
|-damage|p2a: Shaymin|273\/341|[from] item: Life Orb
|
|turn|4
|
|move|p2a: Shaymin|Earth Power|p1a: Sage
|-supereffective|p1a: Sage
|-damage|p1a: Sage|0 fnt
|-damage|p2a: Shaymin|239\/341|[from] item: Life Orb
|faint|p1a: Sage
|
|
|switch|p1a: Beats by Dre|Hydreigon, M|326\/326
|turn|5
|
|switch|p2a: Florges|Florges, F|360\/360
|move|p1a: Beats by Dre|U-turn|p2a: Florges
|-resisted|p2a: Florges
|-damage|p2a: Florges|337\/360
|
|switch|p1a: 2 bladez!|Doublade, M, shiny|321\/321
|
|-heal|p2a: Florges|359\/360|[from] item: Leftovers
|turn|6
|
|switch|p2a: Swampert|Swampert, F|404\/404
|switch|p1a: Mascot|Swampert, M|374\/401
|
|-heal|p1a: Mascot|399\/401|[from] item: Leftovers
|turn|7
|
|move|p2a: Swampert|Stealth Rock|p1a: Mascot
|-sidestart|p1: sniperaim|move: Stealth Rock
|move|p1a: Mascot|Stealth Rock|p2a: Swampert
|-sidestart|p2: rip heracross|move: Stealth Rock
|
|-heal|p1a: Mascot|401\/401|[from] item: Leftovers
|turn|8
|
|move|p1a: Mascot|Toxic|p2a: Swampert
|-status|p2a: Swampert|tox
|move|p2a: Swampert|Roar|p1a: Mascot
|drag|p1a: lol duck|Porygon2, shiny|248\/374
|-damage|p1a: lol duck|202\/374|[from] Stealth Rock
|-ability|p1a: lol duck|Torrent|[from] ability: Trace|[of] p2a: Swampert
|
|-damage|p2a: Swampert|379\/404 tox|[from] psn
|turn|9
|
|move|p1a: lol duck|Recover|p1a: lol duck
|-heal|p1a: lol duck|374\/374
|move|p2a: Swampert|Scald|p1a: lol duck
|-damage|p1a: lol duck|331\/374
|
|-heal|p2a: Swampert|404\/404 tox|[from] item: Leftovers
|-damage|p2a: Swampert|354\/404 tox|[from] psn
|turn|10
|
|switch|p1a: Gleam|Celebi|342\/342
|-damage|p1a: Gleam|300\/342|[from] Stealth Rock
|switch|p2a: Doublade|Doublade, F|322\/322
|-damage|p2a: Doublade|302\/322|[from] Stealth Rock
|
|turn|11
|
|move|p1a: Gleam|Earth Power|p2a: Doublade
|-supereffective|p2a: Doublade
|-damage|p2a: Doublade|52\/322
|-damage|p1a: Gleam|266\/342|[from] item: Life Orb
|move|p2a: Doublade|Sacred Sword|p1a: Gleam
|-resisted|p1a: Gleam
|-damage|p1a: Gleam|214\/342
|
|turn|12
|
|switch|p1a: Mascot|Swampert, M|401\/401
|-damage|p1a: Mascot|376\/401|[from] Stealth Rock
|move|p2a: Doublade|Shadow Sneak|p1a: Mascot
|-damage|p1a: Mascot|324\/401
|
|-heal|p1a: Mascot|349\/401|[from] item: Leftovers
|turn|13
|
|switch|p1a: lol duck|Porygon2, shiny|331\/374
|-damage|p1a: lol duck|285\/374|[from] Stealth Rock
|-ability|p1a: lol duck|No Guard|[from] ability: Trace|[of] p2a: Doublade
|move|p2a: Doublade|Sacred Sword|p1a: lol duck
|-supereffective|p1a: lol duck
|-damage|p1a: lol duck|137\/374
|
|turn|14
|
|switch|p1a: Mascot|Swampert, M|349\/401
|-damage|p1a: Mascot|324\/401|[from] Stealth Rock
|move|p2a: Doublade|Swords Dance|p2a: Doublade
|-boost|p2a: Doublade|atk|2
|
|-heal|p1a: Mascot|349\/401|[from] item: Leftovers
|turn|15
|
|move|p2a: Doublade|Shadow Sneak|p1a: Mascot
|-damage|p1a: Mascot|243\/401
|move|p1a: Mascot|Scald|p2a: Doublade
|-crit|p2a: Doublade
|-damage|p2a: Doublade|0 fnt
|faint|p2a: Doublade
|
|-heal|p1a: Mascot|268\/401|[from] item: Leftovers
|
|switch|p2a: Shaymin|Shaymin|239\/341
|-damage|p2a: Shaymin|197\/341|[from] Stealth Rock
|turn|16
|
|switch|p1a: Beats by Dre|Hydreigon, M|326\/326
|-damage|p1a: Beats by Dre|286\/326|[from] Stealth Rock
|move|p2a: Shaymin|Synthesis|p2a: Shaymin
|-heal|p2a: Shaymin|341\/341
|
|turn|17
|
|move|p1a: Beats by Dre|Draco Meteor|p2a: Shaymin|[miss]
|-miss|p1a: Beats by Dre|p2a: Shaymin
|move|p2a: Shaymin|Air Slash|p1a: Beats by Dre
|-damage|p1a: Beats by Dre|173\/326
|-damage|p2a: Shaymin|307\/341|[from] item: Life Orb
|
|turn|18
|
|switch|p1a: lol duck|Porygon2, shiny|137\/374
|-damage|p1a: lol duck|91\/374|[from] Stealth Rock
|-ability|p1a: lol duck|Natural Cure|[from] ability: Trace|[of] p2a: Shaymin
|move|p2a: Shaymin|Seed Flare|p1a: lol duck|[miss]
|-miss|p2a: Shaymin|p1a: lol duck
|
|turn|19
|
|move|p2a: Shaymin|Seed Flare|p1a: lol duck
|-damage|p1a: lol duck|0 fnt
|-damage|p2a: Shaymin|273\/341|[from] item: Life Orb
|faint|p1a: lol duck
|
|
|switch|p1a: Gleam|Celebi|214\/342
|-damage|p1a: Gleam|172\/342|[from] Stealth Rock
|turn|20
|
|move|p1a: Gleam|Psychic|p2a: Shaymin
|-damage|p2a: Shaymin|101\/341
|-damage|p1a: Gleam|138\/342|[from] item: Life Orb
|move|p2a: Shaymin|Air Slash|p1a: Gleam
|-supereffective|p1a: Gleam
|-damage|p1a: Gleam|0 fnt
|-damage|p2a: Shaymin|67\/341|[from] item: Life Orb
|faint|p1a: Gleam
|
|
|switch|p1a: Beats by Dre|Hydreigon, M|173\/326
|-damage|p1a: Beats by Dre|133\/326|[from] Stealth Rock
|turn|21
|
|switch|p2a: Crobat|Crobat, F|330\/330
|-damage|p2a: Crobat|248\/330|[from] Stealth Rock
|move|p1a: Beats by Dre|U-turn|p2a: Crobat
|-resisted|p2a: Crobat
|-damage|p2a: Crobat|233\/330
|
|switch|p1a: 2 bladez!|Doublade, M, shiny|321\/321
|-damage|p1a: 2 bladez!|301\/321|[from] Stealth Rock
|
|turn|22
|
|move|p2a: Crobat|Defog|p1a: 2 bladez!
|-unboost|p1a: 2 bladez!|evasion|1
|-sideend|p1: sniperaim|Stealth Rock|[from] move: Defog|[of] p1a: 2 bladez!
|-sideend|p2: rip heracross|Stealth Rock|[from] move: Defog|[of] p2a: Crobat
|move|p1a: 2 bladez!|Iron Head|p2a: Crobat
|-damage|p2a: Crobat|55\/330
|
|turn|23
|
|switch|p2a: Swampert|Swampert, F|354\/404 tox
|move|p1a: 2 bladez!|Shadow Sneak|p2a: Swampert
|-damage|p2a: Swampert|300\/404 tox
|
|-heal|p2a: Swampert|325\/404 tox|[from] item: Leftovers
|-damage|p2a: Swampert|300\/404 tox|[from] psn
|turn|24
|
|switch|p1a: Mascot|Swampert, M|268\/401
|move|p2a: Swampert|Scald|p1a: Mascot
|-damage|p1a: Mascot|178\/401
|
|-heal|p2a: Swampert|325\/404 tox|[from] item: Leftovers
|-heal|p1a: Mascot|203\/401|[from] item: Leftovers
|-damage|p2a: Swampert|275\/404 tox|[from] psn
|turn|25
|
|switch|p2a: Shaymin|Shaymin|67\/341
|move|p1a: Mascot|Earthquake|p2a: Shaymin
|-resisted|p2a: Shaymin
|-damage|p2a: Shaymin|3\/341
|
|-heal|p1a: Mascot|228\/401|[from] item: Leftovers
|turn|26
|
|switch|p1a: Beats by Dre|Hydreigon, M|133\/326
|move|p2a: Shaymin|Seed Flare|p1a: Beats by Dre|[miss]
|-miss|p2a: Shaymin|p1a: Beats by Dre
|
|turn|27
|
|switch|p2a: Florges|Florges, F|359\/360
|move|p1a: Beats by Dre|U-turn|p2a: Florges
|-resisted|p2a: Florges
|-damage|p2a: Florges|335\/360
|
|switch|p1a: 2 bladez!|Doublade, M, shiny|301\/321
|
|-heal|p2a: Florges|357\/360|[from] item: Leftovers
|turn|28
|
|move|p2a: Florges|Wish|p2a: Florges
|move|p1a: 2 bladez!|Iron Head|p2a: Florges
|-supereffective|p2a: Florges
|-damage|p2a: Florges|79\/360
|
|-heal|p2a: Florges|101\/360|[from] item: Leftovers
|turn|29
|
|switch|p2a: Swampert|Swampert, F|275\/404 tox
|move|p1a: 2 bladez!|Sacred Sword|p2a: Swampert
|-damage|p2a: Swampert|200\/404 tox
|
|-heal|p2a: Swampert|380\/404 tox|[from] move: Wish|[wisher] Florges
|-heal|p2a: Swampert|404\/404 tox|[from] item: Leftovers
|-damage|p2a: Swampert|379\/404 tox|[from] psn
|turn|30
|
|switch|p1a: Mascot|Swampert, M|228\/401
|move|p2a: Swampert|Scald|p1a: Mascot
|-damage|p1a: Mascot|140\/401
|
|-heal|p1a: Mascot|165\/401|[from] item: Leftovers
|-heal|p2a: Swampert|404\/404 tox|[from] item: Leftovers
|-damage|p2a: Swampert|354\/404 tox|[from] psn
|turn|31
|
|switch|p2a: Crobat|Crobat, F|55\/330
|move|p1a: Mascot|Scald|p2a: Crobat
|-damage|p2a: Crobat|0 fnt
|faint|p2a: Crobat
|
|-heal|p1a: Mascot|190\/401|[from] item: Leftovers
|
|switch|p2a: Shaymin|Shaymin|3\/341
|turn|32
|
|move|p2a: Shaymin|Seed Flare|p1a: Mascot
|-supereffective|p1a: Mascot
|-damage|p1a: Mascot|0 fnt
|-damage|p2a: Shaymin|0 fnt|[from] item: Life Orb
|faint|p1a: Mascot
|faint|p2a: Shaymin
|
|
|switch|p1a: Beats by Dre|Hydreigon, M|133\/326
|switch|p2a: Swampert|Swampert, F|354\/404 tox
|turn|33
|
|move|p1a: Beats by Dre|Draco Meteor|p2a: Swampert
|-damage|p2a: Swampert|74\/404 tox
|-unboost|p1a: Beats by Dre|spa|2
|move|p2a: Swampert|Earthquake|p1a: Beats by Dre
|-immune|p1a: Beats by Dre|[msg]
|
|-heal|p2a: Swampert|99\/404 tox|[from] item: Leftovers
|-damage|p2a: Swampert|74\/404 tox|[from] psn
|turn|34
|
|switch|p1a: 2 bladez!|Doublade, M, shiny|301\/321
|move|p2a: Swampert|Earthquake|p1a: 2 bladez!
|-supereffective|p1a: 2 bladez!
|-damage|p1a: 2 bladez!|173\/321
|
|-heal|p2a: Swampert|99\/404 tox|[from] item: Leftovers
|-damage|p2a: Swampert|49\/404 tox|[from] psn
|turn|35
|
|switch|p1a: Beats by Dre|Hydreigon, M|133\/326
|move|p2a: Swampert|Scald|p1a: Beats by Dre
|-resisted|p1a: Beats by Dre
|-damage|p1a: Beats by Dre|62\/326
|-status|p1a: Beats by Dre|brn
|
|-heal|p2a: Swampert|74\/404 tox|[from] item: Leftovers
|-damage|p1a: Beats by Dre|22\/326 brn|[from] brn
|-damage|p2a: Swampert|0 fnt|[from] psn
|faint|p2a: Swampert
|
|switch|p2a: Florges|Florges, F|101\/360
|turn|36
|join|CloseCombatSnorlax
|
|move|p1a: Beats by Dre|U-turn|p2a: Florges
|-resisted|p2a: Florges
|-damage|p2a: Florges|89\/360
|
|switch|p1a: 2 bladez!|Doublade, M, shiny|173\/321
|move|p2a: Florges|Wish|p2a: Florges
|
|-heal|p2a: Florges|111\/360|[from] item: Leftovers
|turn|37
|
|move|p2a: Florges|Moonblast|p1a: 2 bladez!
|-resisted|p1a: 2 bladez!
|-damage|p1a: 2 bladez!|102\/321
|-unboost|p1a: 2 bladez!|spa|1
|move|p1a: 2 bladez!|Swords Dance|p1a: 2 bladez!
|-boost|p1a: 2 bladez!|atk|2
|
|-heal|p2a: Florges|291\/360|[from] move: Wish|[wisher] Florges
|-heal|p2a: Florges|313\/360|[from] item: Leftovers
|turn|38
|
|move|p2a: Florges|Moonblast|p1a: 2 bladez!
|-resisted|p1a: 2 bladez!
|-damage|p1a: 2 bladez!|35\/321
|move|p1a: 2 bladez!|Iron Head|p2a: Florges
|-supereffective|p2a: Florges
|-damage|p2a: Florges|0 fnt
|faint|p2a: Florges
|
|
|switch|p2a: Aerodactyl|Aerodactyl, M|302\/302
|-ability|p2a: Aerodactyl|Pressure
|turn|39
|
|detailschange|p2a: Aerodactyl|Aerodactyl-Mega, M
|message|Aerodactyl has Mega Evolved into Mega Aerodactyl!
|move|p1a: 2 bladez!|Shadow Sneak|p2a: Aerodactyl
|-damage|p2a: Aerodactyl|134\/302
|move|p2a: Aerodactyl|Aqua Tail|p1a: 2 bladez!
|-crit|p1a: 2 bladez!
|-damage|p1a: 2 bladez!|0 fnt
|faint|p1a: 2 bladez!
|
|
|switch|p1a: Beats by Dre|Hydreigon, M|22\/326 brn
|turn|40
|c|âsniperaim|gg
|c|ârip heracross|gg
|
|move|p1a: Beats by Dre|Dark Pulse|p2a: Aerodactyl
|-damage|p2a: Aerodactyl|0 fnt
|faint|p2a: Aerodactyl
|
|win|sniperaim
|raw|Ladder updating...
|raw|sniperaim's rating: 1597 &rarr; <strong>1604<\/strong><br \/>(+7 for winning)
|raw|rip heracross's rating: 1352 &rarr; <strong>1344<\/strong><br \/>(-8 for losing)
|leave|CloseCombatSnorlax
|join|not even OG wanka