|join|CoolStoryBrobat
|join|sniperaim
|player|p1|CoolStoryBrobat|#coolstorybrobat
|player|p2|sniperaim|220
|gametype|singles
|gen|6
|tier|UU
|rule|Sleep Clause Mod: Limit one foe put to sleep
|rule|Species Clause: Limit one of each PokÃ©mon
|rule|OHKO Clause: OHKO moves are banned
|rule|Moody Clause: Moody is banned
|rule|Evasion Moves Clause: Evasion moves are banned
|rule|Endless Battle Clause: Forcing endless battles is banned
|rule|HP Percentage Mod: HP is shown in percentages
|clearpoke
|poke|p1|Meloetta
|poke|p1|Mienshao, F
|poke|p1|Arcanine, M
|poke|p1|Blastoise, M
|poke|p1|Hydreigon, F
|poke|p1|Seismitoad, M
|poke|p2|Doublade, F, shiny
|poke|p2|Swampert, F
|poke|p2|Hydreigon, F
|poke|p2|Toxicroak, M, shiny
|poke|p2|Tentacruel, M, shiny
|poke|p2|Umbreon, F
|rule|Swagger Clause: Swagger is banned
|rule|Baton Pass Clause: Limit one PokÃ©mon knowing Baton Pass
|teampreview
|join|Emma Bae â¥
|join|Prythais
|c|âCoolStoryBrobat|omg omg omg
|join|dodmen
|join|LessThanThreeMan
|join|Dad's Dad
|join|Tipsy Russian
|c|âCoolStoryBrobat|It's THE SNIPERAIM
|c| Dad's Dad|HYOE
|c|âsniperaim|??\/
|c| Dad's Dad|HYPE
|c|âCoolStoryBrobat|THE REAL DUDE HIMSELF
|c| Dad's Dad|HYPE
|c| Dad's Dad|HYPE
|c| Dad's Dad|HYPE
|c|âsniperaim|???????
|c|âCoolStoryBrobat|SIGN MY CHEST
|c| Dad's Dad|HYPE
|c|âsniperaim|???
|c| Dad's Dad|HYPE
|leave|Tipsy Russian
|c|âsniperaim|DO I KNOW U??
|c| LessThanThreeMan|!!
|c|âCoolStoryBrobat|IM UR BIGGEST FAN
|c| Emma Bae â¥|^lol
|
|start
|switch|p1a: Mienshao|Mienshao, F|271\/271
|switch|p2a: i'm nice|Tentacruel, M, shiny|352\/352
|turn|1
|c| LessThanThreeMan|o shit
|
|move|p1a: Mienshao|U-turn|p2a: i'm nice
|-resisted|p2a: i'm nice
|-damage|p2a: i'm nice|316\/352
|c| LessThanThreeMan|shiny croak is nb
|
|switch|p1a: Hydreigon|Hydreigon, F|325\/325
|move|p2a: i'm nice|Toxic Spikes|p1a: Hydreigon
|-sidestart|p1: CoolStoryBrobat|move: Toxic Spikes
|
|-heal|p2a: i'm nice|338\/352|[from] item: Black Sludge
|turn|2
|c|âsniperaim|ILL SIGN YUR TITS
|join|Colbrushie
|join|BasedDan
|c| Dad's Dad|STOP TURNING ME ON
|
|move|p1a: Hydreigon|Dark Pulse|p2a: i'm nice
|-damage|p2a: i'm nice|190\/352
|-damage|p1a: Hydreigon|293\/325|[from] item: Life Orb
|move|p2a: i'm nice|Ice Beam|p1a: Hydreigon
|-supereffective|p1a: Hydreigon
|-damage|p1a: Hydreigon|167\/325
|
|-heal|p2a: i'm nice|212\/352|[from] item: Black Sludge
|turn|3
|
|switch|p2a: Stuu|Umbreon, F|394\/394
|move|p1a: Hydreigon|Dark Pulse|p2a: Stuu
|-resisted|p2a: Stuu
|-damage|p2a: Stuu|338\/394
|-damage|p1a: Hydreigon|135\/325|[from] item: Life Orb
|
|-heal|p2a: Stuu|362\/394|[from] item: Leftovers
|turn|4
|
|move|p1a: Hydreigon|Roost|p1a: Hydreigon
|-heal|p1a: Hydreigon|298\/325
|move|p2a: Stuu|Wish|p2a: Stuu
|
|-heal|p2a: Stuu|386\/394|[from] item: Leftovers
|turn|5
|
|move|p1a: Hydreigon|Dark Pulse|p2a: Stuu
|-resisted|p2a: Stuu
|-damage|p2a: Stuu|329\/394
|-damage|p1a: Hydreigon|266\/325|[from] item: Life Orb
|move|p2a: Stuu|Foul Play|p1a: Hydreigon
|-resisted|p1a: Hydreigon
|-damage|p1a: Hydreigon|214\/325
|
|-heal|p2a: Stuu|394\/394|[from] move: Wish|[wisher] Stuu
|turn|6
|join|kyla-kylls
|
|move|p1a: Hydreigon|U-turn|p2a: Stuu
|-crit|p2a: Stuu
|-supereffective|p2a: Stuu
|-damage|p2a: Stuu|204\/394
|-damage|p1a: Hydreigon|182\/325|[from] item: Life Orb
|c|âsniperaim|GODDAM
|
|switch|p1a: Blastoise|Blastoise, M|327\/327
|-status|p1a: Blastoise|psn
|move|p2a: Stuu|Wish|p2a: Stuu
|
|-heal|p2a: Stuu|228\/394|[from] item: Leftovers
|-damage|p1a: Blastoise|287\/327 psn|[from] psn
|turn|7
|c| kyla-kylls|that crit dmg
|join|alt atl altle an
|
|detailschange|p1a: Blastoise|Blastoise-Mega, M
|message|Blastoise has Mega Evolved into Mega Blastoise!
|move|p2a: Stuu|Protect|p2a: Stuu
|-singleturn|p2a: Stuu|Protect
|move|p1a: Blastoise|Dragon Pulse|p2a: Stuu
|-activate|p2a: Stuu|Protect
|
|-heal|p2a: Stuu|394\/394|[from] move: Wish|[wisher] Stuu
|-damage|p1a: Blastoise|247\/327 psn|[from] psn
|turn|8
|c| Dad's Dad|i love meth
|c| Dad's Dad|and crack
|c| Dad's Dad|and salvia
|c| Dad's Dad|and heroine
|c|âsniperaim|time to block spinz
|c| BasedDan|Why does some
|
|move|p1a: Blastoise|Rapid Spin|p2a: Stuu
|-damage|p2a: Stuu|381\/394
|-sideend|p1: CoolStoryBrobat|Toxic Spikes|[from] move: Rapid Spin|[of] p1a: Blastoise
|move|p2a: Stuu|Foul Play|p1a: Blastoise
|-damage|p1a: Blastoise|172\/327 psn
|
|-heal|p2a: Stuu|394\/394|[from] item: Leftovers
|-damage|p1a: Blastoise|132\/327 psn|[from] psn
|turn|9
|join|Shit user
|c|âCoolStoryBrobat|Spinblock game on #3hunna
|c| BasedDan|why do some of the bw sprites stay still?
|
|switch|p1a: Arcanine|Arcanine, M|383\/383
|-ability|p1a: Arcanine|Intimidate|[of] p2a: Stuu
|-unboost|p2a: Stuu|atk|1
|move|p2a: Stuu|Wish|p2a: Stuu
|
|turn|10
|c|âsniperaim|kek
|c|âsniperaim|e
|c|âsniperaim|k
|
|switch|p2a: i'm nice|Tentacruel, M, shiny|212\/352
|move|p1a: Arcanine|Will-O-Wisp|p2a: i'm nice
|-status|p2a: i'm nice|brn
|
|-heal|p2a: i'm nice|352\/352 brn|[from] move: Wish|[wisher] Stuu
|-damage|p2a: i'm nice|308\/352 brn|[from] brn
|turn|11
|c| Dad's Dad|because they're gen 6 mons
|c| BasedDan|O
|c| Dad's Dad|though some gen 6 mons move
|c| Shit user|who is this csb jid
|c| Shit user|kid
|
|switch|p1a: Blastoise|Blastoise-Mega, M|132\/327 psn
|move|p2a: i'm nice|Toxic Spikes|p1a: Blastoise
|-sidestart|p1: CoolStoryBrobat|move: Toxic Spikes
|
|-heal|p2a: i'm nice|330\/352 brn|[from] item: Black Sludge
|-damage|p2a: i'm nice|286\/352 brn|[from] brn
|-damage|p1a: Blastoise|92\/327 psn|[from] psn
|turn|12
|c| Shit user|random af
|c|âCoolStoryBrobat|Some lame
|c| Dad's Dad|some wannabe noob
|c| Prythais|ã½à¼¼àºÙÍàºà¼½ï¾
|c| Shit user|thinks hes good at mons
|
|move|p2a: i'm nice|Toxic Spikes|p1a: Blastoise
|-sidestart|p1: CoolStoryBrobat|move: Toxic Spikes
|move|p1a: Blastoise|Rapid Spin|p2a: i'm nice
|-damage|p2a: i'm nice|274\/352 brn
|-sideend|p1: CoolStoryBrobat|Toxic Spikes|[from] move: Rapid Spin|[of] p1a: Blastoise
|
|-heal|p2a: i'm nice|296\/352 brn|[from] item: Black Sludge
|-damage|p2a: i'm nice|252\/352 brn|[from] brn
|-damage|p1a: Blastoise|52\/327 psn|[from] psn
|turn|13
|c| Shit user|smh
|join|Freelancer Mac
|
|switch|p2a: Stuu|Umbreon, F|394\/394
|move|p1a: Blastoise|Dragon Pulse|p2a: Stuu
|-damage|p2a: Stuu|286\/394
|
|-heal|p2a: Stuu|310\/394|[from] item: Leftovers
|-damage|p1a: Blastoise|12\/327 psn|[from] psn
|turn|14
|join|watfor
|
|move|p1a: Blastoise|Aura Sphere|p2a: Stuu
|-supereffective|p2a: Stuu
|-damage|p2a: Stuu|114\/394
|move|p2a: Stuu|Wish|p2a: Stuu
|
|-heal|p2a: Stuu|138\/394|[from] item: Leftovers
|-damage|p1a: Blastoise|0 fnt|[from] psn
|faint|p1a: Blastoise
|c| Shit user|i do appreciate doublade
|join|getready4dis
|c| Shit user|sd mienshao
|c|âsniperaim|mhm
|c| Shit user|is in
|
|switch|p1a: Arcanine|Arcanine, M|383\/383
|-ability|p1a: Arcanine|Intimidate|[of] p2a: Stuu
|-unboost|p2a: Stuu|atk|1
|turn|15
|c| Shit user|nice sd mienshao
|join|LiberalLucario
|
|move|p2a: Stuu|Protect|p2a: Stuu
|-singleturn|p2a: Stuu|Protect
|move|p1a: Arcanine|Flare Blitz|p2a: Stuu
|-activate|p2a: Stuu|Protect
|
|-heal|p2a: Stuu|335\/394|[from] move: Wish|[wisher] Stuu
|-heal|p2a: Stuu|359\/394|[from] item: Leftovers
|turn|16
|c|âCoolStoryBrobat|I can't drop it that early
|join|Hot Wobblebuns
|
|switch|p2a: i'm nice|Tentacruel, M, shiny|252\/352 brn
|move|p1a: Arcanine|Flare Blitz|p2a: i'm nice
|-resisted|p2a: i'm nice
|-damage|p2a: i'm nice|183\/352 brn
|-damage|p1a: Arcanine|360\/383|[from] recoil|[of] p2a: i'm nice
|
|-heal|p2a: i'm nice|205\/352 brn|[from] item: Black Sludge
|-heal|p1a: Arcanine|383\/383|[from] item: Leftovers
|-damage|p2a: i'm nice|161\/352 brn|[from] brn
|turn|17
|c| Shit user|y but 6-0 time :[[[[[[
|
|move|p1a: Arcanine|Extreme Speed|p2a: i'm nice
|-damage|p2a: i'm nice|95\/352 brn
|move|p2a: i'm nice|Toxic Spikes|p1a: Arcanine
|-sidestart|p1: CoolStoryBrobat|move: Toxic Spikes
|
|-heal|p2a: i'm nice|117\/352 brn|[from] item: Black Sludge
|-damage|p2a: i'm nice|73\/352 brn|[from] brn
|turn|18
|c|âCoolStoryBrobat|I can't fail I don't believe in it
|c|âCoolStoryBrobat|You don't possess humble nor obedience
|c|âCoolStoryBrobat|Comedians
|c|âCoolStoryBrobat|Tell me that I wouldn't fly
|c| Shit user|but belief doesnt matter
|c|âCoolStoryBrobat|I remember losing family members and wouldn't cry
|c| Shit user|as long as yoy
|c| Shit user|**bleve**
|c|âCoolStoryBrobat|Nigga if you had wooden eyes
|c|âCoolStoryBrobat|You could see I'm fly in my future so why wouldn't I
|
|switch|p2a: Beats by Dre|Hydreigon, F|326\/326
|move|p1a: Arcanine|Extreme Speed|p2a: Beats by Dre
|-damage|p2a: Beats by Dre|253\/326
|
|turn|19
|c| Dad's Dad|can you fags shut the fuck up
|c| Prythais|you can't see anything with wooden eyes
|c|âCoolStoryBrobat|i had to drop some King Los on the chat to make myself hype
|c| Shit user|csb this is why weed is bad 4 u
|c| Prythais|tf?
|c|âCoolStoryBrobat|it's rap
|c|âCoolStoryBrobat|geez
|c| Dad's Dad|its not rap
|c| Dad's Dad|its salvia trip
|c|âsniperaim|wtf lol
|c| Shit user|its aids
|c|âCoolStoryBrobat|Open your uncultured metaphor-not-grasping minds
|c| Shit user|:^)
|
|switch|p1a: Seismitoad|Seismitoad, M|414\/414
|-status|p1a: Seismitoad|psn
|move|p2a: Beats by Dre|Dark Pulse|p1a: Seismitoad
|-damage|p1a: Seismitoad|296\/414 psn
|
|-heal|p1a: Seismitoad|321\/414 psn|[from] item: Leftovers
|-damage|p1a: Seismitoad|270\/414 psn|[from] psn
|turn|20
|c| Freelancer Mac|:I
|c| Prythais|Go on itunes, look up bootyman by tim wilson
|c| Shit user|wtf is seismishit doing
|c| Prythais|you're welcome.
|c|âsniperaim|well dam
|c| Shit user|like gtfo
|c| Shit user|rn
|
|move|p2a: Beats by Dre|Dark Pulse|p1a: Seismitoad
|-damage|p1a: Seismitoad|150\/414 psn
|cant|p1a: Seismitoad|flinch
|
|-heal|p1a: Seismitoad|175\/414 psn|[from] item: Leftovers
|-damage|p1a: Seismitoad|124\/414 psn|[from] psn
|turn|21
|c|âsniperaim|not
|c|âsniperaim|bad
|c| Emma Bae â¥|skillz
|c| Dad's Dad|i eat da pussE
|
|move|p2a: Beats by Dre|Dark Pulse|p1a: Seismitoad
|-damage|p1a: Seismitoad|4\/414 psn
|move|p1a: Seismitoad|Stealth Rock|p2a: Beats by Dre
|-sidestart|p2: sniperaim|move: Stealth Rock
|
|-heal|p1a: Seismitoad|29\/414 psn|[from] item: Leftovers
|-damage|p1a: Seismitoad|0 fnt|[from] psn
|faint|p1a: Seismitoad
|c|âCoolStoryBrobat|You eat da poopoo
|c| Shit user|kek
|c|âsniperaim|dam
|c|âsniperaim|lol
|
|switch|p1a: Hydreigon|Hydreigon, F|182\/325
|turn|22
|c| Shit user|GOTTA GET UP ROCKS.JPEG
|
|switch|p2a: i'm nice|Tentacruel, M, shiny|73\/352 brn
|-damage|p2a: i'm nice|29\/352 brn|[from] Stealth Rock
|move|p1a: Hydreigon|Draco Meteor|p2a: i'm nice
|-damage|p2a: i'm nice|0 fnt
|-unboost|p1a: Hydreigon|spa|2
|-damage|p1a: Hydreigon|150\/325|[from] item: Life Orb
|faint|p2a: i'm nice
|
|c| Prythais|is it bad that I use a basculin named "Drop the bass"?
|c| Shit user|TURNT DOWN 4 WOT
|
|switch|p2a: Mascot|Swampert, F|401\/401
|-damage|p2a: Mascot|376\/401|[from] Stealth Rock
|turn|23
|c| Dad's Dad|is it bad that the condom broke
|
|move|p1a: Hydreigon|Dark Pulse|p2a: Mascot
|-damage|p2a: Mascot|281\/401
|-damage|p1a: Hydreigon|118\/325|[from] item: Life Orb
|move|p2a: Mascot|Earthquake|p1a: Hydreigon
|-immune|p1a: Hydreigon|[msg]
|
|-heal|p2a: Mascot|306\/401|[from] item: Leftovers
|turn|24
|join|thymetime
|c| Prythais|.....
|c|âsniperaim|roost i dare u
|c| Shit user|whose birth dads dad
|
|move|p1a: Hydreigon|Dark Pulse|p2a: Mascot
|-damage|p2a: Mascot|199\/401
|-damage|p1a: Hydreigon|86\/325|[from] item: Life Orb
|move|p2a: Mascot|Stealth Rock|p1a: Hydreigon
|-sidestart|p1: CoolStoryBrobat|move: Stealth Rock
|
|-heal|p2a: Mascot|224\/401|[from] item: Leftovers
|turn|25
|c| Dad's Dad|i-i-is that sp.def swampert?
|c| Prythais|wut
|c|âCoolStoryBrobat|It's a -2 Hydreigon
|c| Dad's Dad|SP.DEF SWAMPERT IS LOVE
|c| Shit user|pussy imo
|c| Shit user|nice roost
|
|move|p1a: Hydreigon|Roost|p1a: Hydreigon
|-heal|p1a: Hydreigon|249\/325
|move|p2a: Mascot|Earthquake|p1a: Hydreigon
|-immune|p1a: Hydreigon|[msg]
|
|-heal|p2a: Mascot|249\/401|[from] item: Leftovers
|turn|26
|c| Freelancer Mac|is that a pumbloom?
|c| Shit user|K E K
|c|âsniperaim|oml
|c| Shit user|E
|c| Dad's Dad|snapper ur so bad
|c| Freelancer Mac|wow
|c| Shit user|K
|c|âsniperaim|i forgot
|c| Freelancer Mac|some people
|c| LessThanThreeMan|lol
|
|move|p1a: Hydreigon|U-turn|p2a: Mascot
|-damage|p2a: Mascot|193\/401
|-damage|p1a: Hydreigon|217\/325|[from] item: Life Orb
|c|âCoolStoryBrobat|lol
|c|âsniperaim|its ok
|
|switch|p1a: Meloetta|Meloetta|404\/404
|-damage|p1a: Meloetta|354\/404|[from] Stealth Rock
|-status|p1a: Meloetta|psn
|move|p2a: Mascot|Toxic|p1a: Meloetta
|-fail|p1a: Meloetta
|
|-heal|p1a: Meloetta|379\/404 psn|[from] item: Leftovers
|-heal|p2a: Mascot|218\/401|[from] item: Leftovers
|-damage|p1a: Meloetta|329\/404 psn|[from] psn
|turn|27
|c| Prythais|RAISE YOUR SWAMPERTS ã½à¼¼àºÙÍàºà¼½ï¾
|c| Dad's Dad|kek
|c| Shit user|nice spinner
|c| Shit user|imo
|c| Dad's Dad|kek
|c| Dad's Dad|e
|c| Dad's Dad|k
|leave|Hot Wobblebuns
|
|switch|p2a: Stuu|Umbreon, F|359\/394
|-damage|p2a: Stuu|310\/394|[from] Stealth Rock
|move|p1a: Meloetta|Calm Mind|p1a: Meloetta
|-boost|p1a: Meloetta|spa|1
|-boost|p1a: Meloetta|spd|1
|
|-heal|p1a: Meloetta|354\/404 psn|[from] item: Leftovers
|-heal|p2a: Stuu|334\/394|[from] item: Leftovers
|-damage|p1a: Meloetta|304\/404 psn|[from] psn
|turn|28
|c| Shit user|toise a shit 
|c| Shit user|defog or die
|c|âCoolStoryBrobat|Defog is for babies
|
|move|p1a: Meloetta|Focus Blast|p2a: Stuu
|-supereffective|p2a: Stuu
|-damage|p2a: Stuu|118\/394
|move|p2a: Stuu|Foul Play|p1a: Meloetta
|-supereffective|p1a: Meloetta
|-damage|p1a: Meloetta|146\/404 psn
|
|-heal|p1a: Meloetta|171\/404 psn|[from] item: Leftovers
|-heal|p2a: Stuu|142\/394|[from] item: Leftovers
|-damage|p1a: Meloetta|121\/404 psn|[from] psn
|turn|29
|join|TheSaucyWench
|c|âCoolStoryBrobat|We do this gen 5 style
|c| Dad's Dad|more like you were thrown in the dumpster like shit
|c| Freelancer Mac|ur mom is 5 babies
|
|move|p2a: Stuu|Protect|p2a: Stuu
|-singleturn|p2a: Stuu|Protect
|move|p1a: Meloetta|Calm Mind|p1a: Meloetta
|-boost|p1a: Meloetta|spa|1
|-boost|p1a: Meloetta|spd|1
|
|-heal|p1a: Meloetta|146\/404 psn|[from] item: Leftovers
|-heal|p2a: Stuu|166\/394|[from] item: Leftovers
|-damage|p1a: Meloetta|96\/404 psn|[from] psn
|turn|30
|c| Shit user|you run foresight
|c| Shit user|right
|c|âCoolStoryBrobat|My mom is known for her ability to raise children
|c|âCoolStoryBrobat|Won't argue dat
|c| Shit user|badly
|c| Freelancer Mac|:^)
|c| Shit user|kek
|join|ryankd
|c| Freelancer Mac|that went exactly where I hoped
|c|âsniperaim|will u perdict into dublade?
|c| Dad's Dad|yes
|c|âCoolStoryBrobat|50\/50 game 300
|c| Freelancer Mac|no
|c| Shit user|shit user going in
|c| Shit user|y
|
|move|p1a: Meloetta|Focus Blast|p2a: Stuu
|-supereffective|p2a: Stuu
|-damage|p2a: Stuu|0 fnt
|faint|p2a: Stuu
|
|-heal|p1a: Meloetta|121\/404 psn|[from] item: Leftovers
|-damage|p1a: Meloetta|71\/404 psn|[from] psn
|c| Colbrushie|csb man
|c|âCoolStoryBrobat|#PavingTheWay
|
|switch|p2a: Beats by Dre|Hydreigon, F|253\/326
|-damage|p2a: Beats by Dre|213\/326|[from] Stealth Rock
|turn|31
|c| Shit user|wtf does cm melo run
|c| Shit user|even
|c| Colbrushie|remind me never to make a coinflip bet with you
|c| Dad's Dad|tbf wouldn't have beat hydrei at that point
|c|âCoolStoryBrobat|I figured even if you went in to Doublade I could Psyshock and call it a day
|c| Colbrushie|no
|c| Colbrushie|he doubles again
|c| thymetime|sub cm psyshock blast
|c|âCoolStoryBrobat|Cause I'd still live
|c| Colbrushie|and lets poison kill u
|
|move|p2a: Beats by Dre|Dark Pulse|p1a: Meloetta
|-supereffective|p1a: Meloetta
|-damage|p1a: Meloetta|0 fnt
|faint|p1a: Meloetta
|
|
|switch|p1a: Hydreigon|Hydreigon, F|217\/325
|-damage|p1a: Hydreigon|177\/325|[from] Stealth Rock
|turn|32
|c| Colbrushie|:^]
|c| Shit user|kek
|
|switch|p2a: Mascot|Swampert, F|218\/401
|-damage|p2a: Mascot|193\/401|[from] Stealth Rock
|move|p1a: Hydreigon|Roost|p1a: Hydreigon
|-heal|p1a: Hydreigon|325\/325
|
|-heal|p2a: Mascot|218\/401|[from] item: Leftovers
|turn|33
|c| BasedDan|Csb yer done.
|c| Colbrushie|oof
|c| Shit user|stop getting rek
|
|move|p1a: Hydreigon|Dark Pulse|p2a: Mascot
|-damage|p2a: Mascot|4\/401
|-damage|p1a: Hydreigon|293\/325|[from] item: Life Orb
|move|p2a: Mascot|Toxic|p1a: Hydreigon
|-status|p1a: Hydreigon|tox
|
|-heal|p2a: Mascot|29\/401|[from] item: Leftovers
|-damage|p1a: Hydreigon|273\/325 tox|[from] psn
|turn|34
|c|âCoolStoryBrobat|Yea I'm dun
|c| Shit user|t
|c| Shit user|so hard
|c| Shit user|dun deal????????
|c| TheSaucyWench|what is it about hydreigon that reminds me of beats?
|
|move|p1a: Hydreigon|Dark Pulse|p2a: Mascot
|-damage|p2a: Mascot|0 fnt
|-damage|p1a: Hydreigon|241\/325 tox|[from] item: Life Orb
|faint|p2a: Mascot
|
|-damage|p1a: Hydreigon|201\/325 tox|[from] psn
|c| Colbrushie|hy DRE gon
|c|âCoolStoryBrobat|Beats by Dre**igon**
|c| Dad's Dad|ur mom getting beatin
|leave|BasedDan
|
|switch|p2a: Beats by Dre|Hydreigon, F|213\/326
|-damage|p2a: Beats by Dre|173\/326|[from] Stealth Rock
|turn|35
|c|âCoolStoryBrobat|Will you predict me to go into my Dragon Resist
|c|âCoolStoryBrobat|or nah
|c|âsniperaim|i will
|c| Dad's Dad|>resist
|c| TheSaucyWench|there's more to it than just the wity name though
|
|move|p2a: Beats by Dre|Draco Meteor|p1a: Hydreigon
|-supereffective|p1a: Hydreigon
|-damage|p1a: Hydreigon|0 fnt
|-unboost|p2a: Beats by Dre|spa|2
|faint|p1a: Hydreigon
|
|c| Shit user|all the dragon resists
|c| Shit user|y
|c| Shit user|sd mienshao
|c| Shit user|win 
|c| Shit user|now
|c| Shit user|pls
|c| watfor|mienshao is part fairy
|c| watfor|:^]
|c| Freelancer Mac|:I
|
|switch|p1a: Arcanine|Arcanine, M|383\/383
|-damage|p1a: Arcanine|288\/383|[from] Stealth Rock
|-status|p1a: Arcanine|psn
|-ability|p1a: Arcanine|Intimidate|[of] p2a: Beats by Dre
|-unboost|p2a: Beats by Dre|atk|1
|turn|36
|c| Freelancer Mac|reveal hp fairy 
|c| watfor|ok Howl Arcanine now
|c| watfor|Howl 
|c| Shit user|never question wot4 he is smarter than jesus
|c| watfor|!!!
|c| Freelancer Mac|that special k doe
|c|âCoolStoryBrobat|Howl Arcanine? Nah bruh I'm sunnybeam
|c| Colbrushie|wat4 is jesus grill
|c| LessThanThreeMan|smarter than rnjesus imo
|c| watfor|tru
|c| Shit user|predict power herp solarbeam
|
|move|p2a: Beats by Dre|Draco Meteor|p1a: Arcanine
|-damage|p1a: Arcanine|153\/383 psn
|-unboost|p2a: Beats by Dre|spa|2
|move|p1a: Arcanine|Morning Sun|p1a: Arcanine
|-heal|p1a: Arcanine|344\/383 psn
|
|-heal|p1a: Arcanine|367\/383 psn|[from] item: Leftovers
|-damage|p1a: Arcanine|320\/383 psn|[from] psn
|turn|37
|join|DatGuyChuck
|c| Dad's Dad|snapper be trying to choke the game sometimes
|c| watfor|what do you need taxicroak for
|c| Dad's Dad|^
|c| Shit user|crocunr
|c| Shit user|like always
|
|move|p1a: Arcanine|Extreme Speed|p2a: Beats by Dre
|-damage|p2a: Beats by Dre|102\/326
|move|p2a: Beats by Dre|Draco Meteor|p1a: Arcanine
|-damage|p1a: Arcanine|230\/383 psn
|-unboost|p2a: Beats by Dre|spa|2
|
|-heal|p1a: Arcanine|253\/383 psn|[from] item: Leftovers
|-damage|p1a: Arcanine|206\/383 psn|[from] psn
|turn|38
|c| watfor|tru
|c|âsniperaim|if hes scarf sho
|c|âCoolStoryBrobat|Good thing it's reg poison
|c| watfor|Croshao
|c| watfor|the threat
|c|âsniperaim|i dont need dre
|c|âCoolStoryBrobat|And not like 2 T-Spikes where I die slow forever
|c| Dad's Dad|r u dumb
|c| Shit user|L^)
|
|switch|p2a: New things|Toxicroak, M, shiny|332\/332
|-damage|p2a: New things|312\/332|[from] Stealth Rock
|move|p1a: Arcanine|Morning Sun|p1a: Arcanine
|-heal|p1a: Arcanine|383\/383 psn
|
|-damage|p1a: Arcanine|336\/383 psn|[from] psn
|turn|39
|c| Dad's Dad|how do your other mons beat this
|c| DatGuyChuck|"New Things"
|c|âCoolStoryBrobat|By believing in themself
|c| DatGuyChuck|what is it running
|c| DatGuyChuck|tell me snapperaim
|c|âCoolStoryBrobat|He cuold be the Kushalos croak
|c| Shit user|dads dAD stop stealing my vocab
|c|âCoolStoryBrobat|With NP Belch Sub and Salac
|
|move|p2a: New things|Drain Punch|p1a: Arcanine
|-damage|p1a: Arcanine|194\/383 psn
|-heal|p2a: New things|332\/332|[from] drain|[of] p1a: Arcanine
|-damage|p2a: New things|299\/332|[from] item: Life Orb
|move|p1a: Arcanine|Flare Blitz|p2a: New things
|-damage|p2a: New things|7\/332
|-damage|p1a: Arcanine|98\/383 psn|[from] recoil|[of] p2a: New things
|
|-heal|p1a: Arcanine|121\/383 psn|[from] item: Leftovers
|-damage|p1a: Arcanine|74\/383 psn|[from] psn
|turn|40
|c| DatGuyChuck|he could also be Snapperaim's most hated pokemon
|c| Colbrushie| nice n dry
|c|âCoolStoryBrobat|gg
|c|âCoolStoryBrobat|you got dis
|
|move|p1a: Arcanine|Extreme Speed|p2a: New things
|-damage|p2a: New things|0 fnt
|faint|p2a: New things
|
|-heal|p1a: Arcanine|97\/383 psn|[from] item: Leftovers
|-damage|p1a: Arcanine|50\/383 psn|[from] psn
|c|âCoolStoryBrobat|well
|c| Dad's Dad|fight me shit 
|c| watfor|doublade
|c|âCoolStoryBrobat|unless I get a max roll
|c| watfor|sneak
|c| watfor|win
|
|switch|p2a: Beats by Dre|Hydreigon, F|102\/326
|-damage|p2a: Beats by Dre|62\/326|[from] Stealth Rock
|turn|41
|c| Dad's Dad|ill fokc u up m14
|c| DatGuyChuck|lol
|c| Dad's Dad|i swer on me mum
|c|âCoolStoryBrobat|Actually don't need max roll but I took da L
|c| DatGuyChuck|what are you doing sniper
|
|move|p1a: Arcanine|Extreme Speed|p2a: Beats by Dre
|-crit|p2a: Beats by Dre
|-damage|p2a: Beats by Dre|0 fnt
|faint|p2a: Beats by Dre
|
|-heal|p1a: Arcanine|73\/383 psn|[from] item: Leftovers
|-damage|p1a: Arcanine|26\/383 psn|[from] psn
|c|âCoolStoryBrobat|Doublade sneaks and wins
|
|switch|p2a: 2 bladez!|Doublade, F, shiny|321\/321
|-damage|p2a: 2 bladez!|301\/321|[from] Stealth Rock
|turn|42
|c|âCoolStoryBrobat|Unless he doesn't have it
|c| Freelancer Mac|nop
|c|âsniperaim|ofc i dont
|c| DatGuyChuck|such original name
|
|move|p2a: 2 bladez!|Shadow Sneak|p1a: Arcanine
|-damage|p1a: Arcanine|0 fnt
|faint|p1a: Arcanine
|
|c|âCoolStoryBrobat|:[
|
|switch|p1a: Mienshao|Mienshao, F|271\/271
|-status|p1a: Mienshao|psn
|-damage|p1a: Mienshao|255\/271 psn|[from] Stealth Rock
|turn|43
|c| Freelancer Mac|reveal specs mien
|c| Colbrushie|reveal guts
|
|move|p1a: Mienshao|Knock Off|p2a: 2 bladez!
|-supereffective|p2a: 2 bladez!
|-damage|p2a: 2 bladez!|203\/321
|-enditem|p2a: 2 bladez!|Eviolite|[from] move: Knock Off|[of] p1a: Mienshao
|move|p2a: 2 bladez!|Iron Head|p1a: Mienshao
|-damage|p1a: Mienshao|30\/271 psn
|
|-damage|p1a: Mienshao|0 fnt|[from] psn
|faint|p1a: Mienshao
|
|win|sniperaim
|c|âsniperaim|lol
|c|âCoolStoryBrobat|gg
|c| Dad's Dad|WOW NO SPECS HP GHOST
|c| Emma Bae â¥|gg
|c|âsniperaim|gg
|c| Dad's Dad|SO BAD
|c| Prythais|ewpwkfqe
|leave|thymetime
|c| Prythais|wk
|leave|Emma Bae â¥
|c| Prythais|rge
|leave|Dad's Dad
|leave|DatGuyChuck
|c|âCoolStoryBrobat|sniperaim go put that on YT
|leave|LessThanThreeMan
|leave|sniperaim
|player|p2
|leave|getready4dis
|leave|Colbrushie
|leave|ryankd
|leave|Freelancer Mac
|leave|Shit user
|c| Prythais|w
|leave|LiberalLucario
|c| Prythais|r
|c| Prythais|r
|c| Prythais|r
|c| Prythais|rr
|c| Prythais|r
|join|Calloflochie
|leave|TheSaucyWench
|leave|Prythais
|join|bananagram