|join|sniperaim
|join|Zebola
|player|p1|sniperaim|220
|player|p2|Zebola|1
|gametype|singles
|gen|6
|tier|UU
|rule|Sleep Clause Mod: Limit one foe put to sleep
|rule|Species Clause: Limit one of each PokÃ©mon
|rule|OHKO Clause: OHKO moves are banned
|rule|Moody Clause: Moody is banned
|rule|Evasion Moves Clause: Evasion moves are banned
|rule|Endless Battle Clause: Forcing endless battles is banned
|rule|HP Percentage Mod: HP is shown in percentages
|clearpoke
|poke|p1|Pidgeot, M
|poke|p1|Cobalion
|poke|p1|Entei, shiny
|poke|p1|Jirachi
|poke|p1|Gligar, F
|poke|p1|Slowking, M, shiny
|poke|p2|Jirachi
|poke|p2|Swampert, M
|poke|p2|Goodra, M
|poke|p2|Azelf
|poke|p2|Sceptile, F
|poke|p2|Mienshao, M
|rule|Swagger Clause: Swagger is banned
|rule|Baton Pass Clause: Limit one PokÃ©mon knowing Baton Pass
|teampreview
|
|start
|switch|p1a: FLINCH SHIT|Jirachi|342\/342
|switch|p2a: Azelf|Azelf|354\/354
|turn|1
|
|move|p1a: FLINCH SHIT|U-turn|p2a: Azelf
|-supereffective|p2a: Azelf
|-damage|p2a: Azelf|180\/354
|join|mr.owie
|
|switch|p1a: BAT SHIT|Gligar, F|330\/330
|move|p2a: Azelf|Reflect|p2a: Azelf
|-sidestart|p2: Zebola|Reflect
|
|turn|2
|
|move|p2a: Azelf|Taunt|p1a: BAT SHIT
|-start|p1a: BAT SHIT|move: Taunt
|cant|p1a: BAT SHIT|move: Taunt|Defog
|
|turn|3
|
|switch|p2a: Jirachi|Jirachi|342\/342
|move|p1a: BAT SHIT|U-turn|p2a: Jirachi
|-damage|p2a: Jirachi|319\/342
|
|switch|p1a: SHIT|Cobalion|386\/386
|
|turn|4
|
|move|p2a: Jirachi|Zen Headbutt|p1a: SHIT|[miss]
|-miss|p2a: Jirachi|p1a: SHIT
|move|p1a: SHIT|Stealth Rock|p2a: Jirachi
|-sidestart|p2: Zebola|move: Stealth Rock
|
|turn|5
|
|switch|p1a: BAT SHIT|Gligar, F|330\/330
|move|p2a: Jirachi|Zen Headbutt|p1a: BAT SHIT
|-damage|p1a: BAT SHIT|263\/330
|
|turn|6
|
|switch|p2a: Swampert|Swampert, M|404\/404
|-damage|p2a: Swampert|379\/404|[from] Stealth Rock
|move|p1a: BAT SHIT|U-turn|p2a: Swampert
|-damage|p2a: Swampert|362\/404
|
|switch|p1a: SLOW SHIT|Slowking, M, shiny|394\/394
|
|-heal|p2a: Swampert|387\/404|[from] item: Leftovers
|turn|7
|
|move|p2a: Swampert|Toxic|p1a: SLOW SHIT
|-status|p1a: SLOW SHIT|tox
|move|p1a: SLOW SHIT|Calm Mind|p1a: SLOW SHIT
|-boost|p1a: SLOW SHIT|spa|1
|-boost|p1a: SLOW SHIT|spd|1
|
|-heal|p2a: Swampert|404\/404|[from] item: Leftovers
|-damage|p1a: SLOW SHIT|370\/394 tox|[from] psn
|turn|8
|
|move|p2a: Swampert|Stealth Rock|p1a: SLOW SHIT
|-sidestart|p1: sniperaim|move: Stealth Rock
|move|p1a: SLOW SHIT|Psyshock|p2a: Swampert
|-damage|p2a: Swampert|274\/404
|
|-heal|p2a: Swampert|299\/404|[from] item: Leftovers
|-heal|p1a: SLOW SHIT|394\/394 tox|[from] item: Leftovers
|-damage|p1a: SLOW SHIT|346\/394 tox|[from] psn
|-sideend|p2: Zebola|Reflect
|turn|9
|
|switch|p2a: Goodra|Goodra, M|384\/384
|-damage|p2a: Goodra|336\/384|[from] Stealth Rock
|move|p1a: SLOW SHIT|Scald|p2a: Goodra
|-crit|p2a: Goodra
|-resisted|p2a: Goodra
|-damage|p2a: Goodra|286\/384
|
|-heal|p1a: SLOW SHIT|370\/394 tox|[from] item: Leftovers
|-damage|p1a: SLOW SHIT|298\/394 tox|[from] psn
|turn|10
|
|switch|p2a: Jirachi|Jirachi|319\/342
|-damage|p2a: Jirachi|298\/342|[from] Stealth Rock
|switch|p1a: BAT SHIT|Gligar, F|263\/330
|-damage|p1a: BAT SHIT|222\/330|[from] Stealth Rock
|
|turn|11
|join|Where is OGWanka
|
|switch|p1a: SHIT|Cobalion|386\/386
|-damage|p1a: SHIT|374\/386|[from] Stealth Rock
|move|p2a: Jirachi|Ice Punch|p1a: SHIT
|-crit|p1a: SHIT
|-resisted|p1a: SHIT
|-damage|p1a: SHIT|326\/386
|
|-heal|p1a: SHIT|350\/386|[from] item: Leftovers
|turn|12
|
|switch|p2a: Azelf|Azelf|180\/354
|-damage|p2a: Azelf|136\/354|[from] Stealth Rock
|move|p1a: SHIT|Close Combat|p2a: Azelf
|-resisted|p2a: Azelf
|-damage|p2a: Azelf|52\/354
|-unboost|p1a: SHIT|def|1
|-unboost|p1a: SHIT|spd|1
|
|-heal|p1a: SHIT|374\/386|[from] item: Leftovers
|turn|13
|
|move|p2a: Azelf|Reflect|p2a: Azelf
|-sidestart|p2: Zebola|Reflect
|move|p1a: SHIT|Iron Head|p2a: Azelf
|-damage|p2a: Azelf|0 fnt
|faint|p2a: Azelf
|
|-heal|p1a: SHIT|386\/386|[from] item: Leftovers
|
|switch|p2a: Jirachi|Jirachi|298\/342
|-damage|p2a: Jirachi|277\/342|[from] Stealth Rock
|turn|14
|
|switch|p1a: SLOW SHIT|Slowking, M, shiny|394\/394 tox
|-damage|p1a: SLOW SHIT|345\/394 tox|[from] Stealth Rock
|move|p2a: Jirachi|U-turn|p1a: SLOW SHIT
|-supereffective|p1a: SLOW SHIT
|-damage|p1a: SLOW SHIT|229\/394 tox
|
|switch|p2a: Mienshao|Mienshao, M|272\/272
|-damage|p2a: Mienshao|255\/272|[from] Stealth Rock
|
|-heal|p1a: SLOW SHIT|253\/394 tox|[from] item: Leftovers
|-damage|p1a: SLOW SHIT|229\/394 tox|[from] psn
|turn|15
|
|switch|p1a: SHIT|Cobalion|386\/386
|-damage|p1a: SHIT|374\/386|[from] Stealth Rock
|move|p2a: Mienshao|Knock Off|p1a: SHIT
|-resisted|p1a: SHIT
|-damage|p1a: SHIT|317\/386
|-boost|p1a: SHIT|atk|1|[from] ability: Justified
|-enditem|p1a: SHIT|Leftovers|[from] move: Knock Off|[of] p2a: Mienshao
|-damage|p2a: Mienshao|228\/272|[from] item: Life Orb
|
|turn|16
|c| Where is OGWanka|mfw
|
|move|p1a: SHIT|Close Combat|p2a: Mienshao
|-damage|p2a: Mienshao|82\/272
|-unboost|p1a: SHIT|def|1
|-unboost|p1a: SHIT|spd|1
|move|p2a: Mienshao|High Jump Kick|p1a: SHIT
|-supereffective|p1a: SHIT
|-damage|p1a: SHIT|0 fnt
|-damage|p2a: Mienshao|55\/272|[from] item: Life Orb
|faint|p1a: SHIT
|
|c| Where is OGWanka|what
|
|switch|p1a: BAT SHIT|Gligar, F|222\/330
|-damage|p1a: BAT SHIT|181\/330|[from] Stealth Rock
|turn|17
|c| Where is OGWanka|why didnt you gligar
|c| Where is OGWanka|there
|c| Where is OGWanka|t,t
|
|move|p2a: Mienshao|Knock Off|p1a: BAT SHIT
|-damage|p1a: BAT SHIT|91\/330
|-enditem|p1a: BAT SHIT|Eviolite|[from] move: Knock Off|[of] p2a: Mienshao
|-damage|p2a: Mienshao|28\/272|[from] item: Life Orb
|move|p1a: BAT SHIT|Defog|p2a: Mienshao
|-unboost|p2a: Mienshao|evasion|1
|-sideend|p2: Zebola|Reflect
|-sideend|p2: Zebola|Reflect|[from] move: Defog|[of] p2a: Mienshao
|-sideend|p2: Zebola|Stealth Rock|[from] move: Defog|[of] p2a: Mienshao
|-sideend|p1: sniperaim|Stealth Rock|[from] move: Defog|[of] p1a: BAT SHIT
|
|turn|18
|c|âsniperaim|no need cob
|c| Where is OGWanka|for rachi
|c| Where is OGWanka|and set rocks
|
|switch|p1a: SLOW SHIT|Slowking, M, shiny|360\/394 tox
|move|p2a: Mienshao|U-turn|p1a: SLOW SHIT
|-supereffective|p1a: SLOW SHIT
|-damage|p1a: SLOW SHIT|168\/394 tox
|-damage|p2a: Mienshao|1\/272|[from] item: Life Orb
|
|switch|p2a: Jirachi|Jirachi|277\/342
|
|-heal|p1a: SLOW SHIT|192\/394 tox|[from] item: Leftovers
|-damage|p1a: SLOW SHIT|168\/394 tox|[from] psn
|turn|19
|
|switch|p1a: FLINCH SHIT|Jirachi|342\/342
|move|p2a: Jirachi|U-turn|p1a: FLINCH SHIT
|-damage|p1a: FLINCH SHIT|275\/342
|
|switch|p2a: Swampert|Swampert, M|299\/404
|
|-heal|p2a: Swampert|324\/404|[from] item: Leftovers
|turn|20
|
|move|p1a: FLINCH SHIT|U-turn|p2a: Swampert
|-damage|p2a: Swampert|260\/404
|
|switch|p1a: BIRD SHIT|Pidgeot, M|307\/307
|move|p2a: Swampert|Stealth Rock|p1a: BIRD SHIT
|-sidestart|p1: sniperaim|move: Stealth Rock
|
|-heal|p2a: Swampert|285\/404|[from] item: Leftovers
|turn|21
|join|Gay Bear Sex
|c| Where is OGWanka|baer pls
|
|detailschange|p1a: BIRD SHIT|Pidgeot-Mega, M
|-mega|p1a: BIRD SHIT|Pidgeot|Pidgeotite
|move|p1a: BIRD SHIT|Hurricane|p2a: Swampert
|-damage|p2a: Swampert|71\/404
|move|p2a: Swampert|Waterfall|p1a: BIRD SHIT
|-damage|p1a: BIRD SHIT|139\/307
|
|-heal|p2a: Swampert|96\/404|[from] item: Leftovers
|turn|22
|
|move|p1a: BIRD SHIT|Hurricane|p2a: Swampert
|-damage|p2a: Swampert|0 fnt
|faint|p2a: Swampert
|
|
|switch|p2a: Jirachi|Jirachi|277\/342
|turn|23
|
|switch|p1a: FLINCH SHIT|Jirachi|275\/342
|-damage|p1a: FLINCH SHIT|254\/342|[from] Stealth Rock
|move|p2a: Jirachi|Ice Punch|p1a: FLINCH SHIT
|-resisted|p1a: FLINCH SHIT
|-damage|p1a: FLINCH SHIT|214\/342
|
|turn|24
|
|switch|p2a: Goodra|Goodra, M|286\/384
|move|p1a: FLINCH SHIT|U-turn|p2a: Goodra
|-crit|p2a: Goodra
|-damage|p2a: Goodra|151\/384
|
|switch|p1a: BAT SHIT|Gligar, F|91\/330
|-damage|p1a: BAT SHIT|50\/330|[from] Stealth Rock
|
|turn|25
|
|move|p1a: BAT SHIT|Defog|p2a: Goodra
|-unboost|p2a: Goodra|evasion|1
|-sideend|p1: sniperaim|Stealth Rock|[from] move: Defog|[of] p1a: BAT SHIT
|move|p2a: Goodra|Dragon Pulse|p1a: BAT SHIT
|-damage|p1a: BAT SHIT|0 fnt
|faint|p1a: BAT SHIT
|
|
|switch|p1a: FLINCH SHIT|Jirachi|214\/342
|turn|26
|
|move|p1a: FLINCH SHIT|U-turn|p2a: Goodra
|-damage|p2a: Goodra|62\/384
|
|switch|p1a: SLOW SHIT|Slowking, M, shiny|299\/394 tox
|move|p2a: Goodra|Flamethrower|p1a: SLOW SHIT
|-resisted|p1a: SLOW SHIT
|-damage|p1a: SLOW SHIT|255\/394 tox
|
|-heal|p1a: SLOW SHIT|279\/394 tox|[from] item: Leftovers
|-damage|p1a: SLOW SHIT|255\/394 tox|[from] psn
|turn|27
|
|switch|p1a: FLINCH SHIT|Jirachi|214\/342
|move|p2a: Goodra|Thunderbolt|p1a: FLINCH SHIT
|-damage|p1a: FLINCH SHIT|122\/342
|
|turn|28
|
|move|p1a: FLINCH SHIT|U-turn|p2a: Goodra
|-damage|p2a: Goodra|0 fnt
|faint|p2a: Goodra
|
|switch|p1a: DOG SHIT|Entei, shiny|371\/371
|-ability|p1a: DOG SHIT|Pressure
|
|
|switch|p2a: Jirachi|Jirachi|277\/342
|turn|29
|
|move|p2a: Jirachi|Zen Headbutt|p1a: DOG SHIT
|-damage|p1a: DOG SHIT|235\/371
|cant|p1a: DOG SHIT|flinch
|
|turn|30
|c| Where is OGWanka|:c
|
|switch|p1a: SLOW SHIT|Slowking, M, shiny|386\/394 tox
|move|p2a: Jirachi|Zen Headbutt|p1a: SLOW SHIT
|-resisted|p1a: SLOW SHIT
|-damage|p1a: SLOW SHIT|341\/394 tox
|
|-heal|p1a: SLOW SHIT|365\/394 tox|[from] item: Leftovers
|-damage|p1a: SLOW SHIT|341\/394 tox|[from] psn
|turn|31
|
|switch|p2a: Sceptile|Sceptile, F|282\/282
|move|p1a: SLOW SHIT|Scald|p2a: Sceptile
|-resisted|p2a: Sceptile
|-damage|p2a: Sceptile|228\/282
|-status|p2a: Sceptile|brn
|
|-heal|p1a: SLOW SHIT|365\/394 tox|[from] item: Leftovers
|-damage|p2a: Sceptile|193\/282 brn|[from] brn
|-damage|p1a: SLOW SHIT|317\/394 tox|[from] psn
|turn|32
|
|switch|p1a: BIRD SHIT|Pidgeot-Mega, M|139\/307
|detailschange|p2a: Sceptile|Sceptile-Mega, F
|-mega|p2a: Sceptile|Sceptile|Sceptilite
|move|p2a: Sceptile|Substitute|p2a: Sceptile
|-start|p2a: Sceptile|Substitute
|-damage|p2a: Sceptile|123\/282 brn
|
|-damage|p2a: Sceptile|88\/282 brn|[from] brn
|turn|33
|c| Where is OGWanka|you sure
|c| Where is OGWanka|get the burn
|c|âZebola|no
|c| Where is OGWanka|in the right time
|
|move|p2a: Sceptile|Dragon Pulse|p1a: BIRD SHIT
|-damage|p1a: BIRD SHIT|0 fnt
|faint|p1a: BIRD SHIT
|
|-damage|p2a: Sceptile|53\/282 brn|[from] brn
|c| Where is OGWanka|zebi pls
|
|switch|p1a: FLINCH SHIT|Jirachi|122\/342
|turn|34
|
|move|p1a: FLINCH SHIT|U-turn|p2a: Sceptile
|-supereffective|p2a: Sceptile
|-end|p2a: Sceptile|Substitute
|
|switch|p1a: SLOW SHIT|Slowking, M, shiny|394\/394 tox
|move|p2a: Sceptile|Focus Blast|p1a: SLOW SHIT
|-resisted|p1a: SLOW SHIT
|-damage|p1a: SLOW SHIT|328\/394 tox
|
|-heal|p1a: SLOW SHIT|352\/394 tox|[from] item: Leftovers
|-damage|p2a: Sceptile|18\/282 brn|[from] brn
|-damage|p1a: SLOW SHIT|328\/394 tox|[from] psn
|turn|35
|
|switch|p1a: DOG SHIT|Entei, shiny|235\/371
|-ability|p1a: DOG SHIT|Pressure
|move|p2a: Sceptile|Leaf Storm|p1a: DOG SHIT
|-resisted|p1a: DOG SHIT
|-damage|p1a: DOG SHIT|67\/371
|-unboost|p2a: Sceptile|spa|2
|
|-damage|p2a: Sceptile|0 fnt|[from] brn
|faint|p2a: Sceptile
|c| mr.owie|sub leaf storm?
|
|switch|p2a: Mienshao|Mienshao, M|91\/272
|turn|36
|
|switch|p1a: SLOW SHIT|Slowking, M, shiny|394\/394 tox
|move|p2a: Mienshao|Fake Out|p1a: SLOW SHIT
|-damage|p1a: SLOW SHIT|346\/394 tox
|-damage|p2a: Mienshao|64\/272|[from] item: Life Orb
|
|-heal|p1a: SLOW SHIT|370\/394 tox|[from] item: Leftovers
|-damage|p1a: SLOW SHIT|346\/394 tox|[from] psn
|turn|37
|c| Where is OGWanka|knock uff
|c| Where is OGWanka|too god
|c| Where is OGWanka|good*
|
|move|p2a: Mienshao|Knock Off|p1a: SLOW SHIT
|-supereffective|p1a: SLOW SHIT
|-damage|p1a: SLOW SHIT|120\/394 tox
|-enditem|p1a: SLOW SHIT|Leftovers|[from] move: Knock Off|[of] p2a: Mienshao
|-damage|p2a: Mienshao|37\/272|[from] item: Life Orb
|move|p1a: SLOW SHIT|Scald|p2a: Mienshao
|-crit|p2a: Mienshao
|-damage|p2a: Mienshao|0 fnt
|faint|p2a: Mienshao
|
|-damage|p1a: SLOW SHIT|72\/394 tox|[from] psn
|
|switch|p2a: Jirachi|Jirachi|277\/342
|turn|38
|
|switch|p1a: DOG SHIT|Entei, shiny|67\/371
|-ability|p1a: DOG SHIT|Pressure
|move|p2a: Jirachi|Iron Head|p1a: DOG SHIT
|-resisted|p1a: DOG SHIT
|-damage|p1a: DOG SHIT|0 fnt
|faint|p1a: DOG SHIT
|
|
|switch|p1a: FLINCH SHIT|Jirachi|122\/342
|turn|39
|
|move|p1a: FLINCH SHIT|Healing Wish|p1a: FLINCH SHIT
|faint|p1a: FLINCH SHIT
|move|p2a: Jirachi|Iron Head|p1: FLINCH SHIT|[notarget]
|-notarget
|
|
|switch|p1a: SLOW SHIT|Slowking, M, shiny|203\/394 tox
|-heal|p1a: SLOW SHIT|394\/394|[from] move: Healing Wish
|turn|40
|c| Where is OGWanka|rip
|
|move|p2a: Jirachi|Iron Head|p1a: SLOW SHIT
|-resisted|p1a: SLOW SHIT
|-damage|p1a: SLOW SHIT|341\/394
|move|p1a: SLOW SHIT|Scald|p2a: Jirachi
|-damage|p2a: Jirachi|186\/342
|
|turn|41
|c| Where is OGWanka|jirachi
|
|move|p2a: Jirachi|Iron Head|p1a: SLOW SHIT
|-resisted|p1a: SLOW SHIT
|-damage|p1a: SLOW SHIT|294\/394
|cant|p1a: SLOW SHIT|flinch
|
|turn|42
|
|move|p2a: Jirachi|Iron Head|p1a: SLOW SHIT
|-resisted|p1a: SLOW SHIT
|-damage|p1a: SLOW SHIT|245\/394
|move|p1a: SLOW SHIT|Scald|p2a: Jirachi
|-damage|p2a: Jirachi|90\/342
|
|turn|43
|
|move|p2a: Jirachi|Iron Head|p1a: SLOW SHIT
|-resisted|p1a: SLOW SHIT
|-damage|p1a: SLOW SHIT|193\/394
|cant|p1a: SLOW SHIT|flinch
|
|turn|44
|
|move|p2a: Jirachi|Iron Head|p1a: SLOW SHIT
|-resisted|p1a: SLOW SHIT
|-damage|p1a: SLOW SHIT|144\/394
|cant|p1a: SLOW SHIT|flinch
|
|turn|45
|
|move|p2a: Jirachi|Iron Head|p1a: SLOW SHIT
|-resisted|p1a: SLOW SHIT
|-damage|p1a: SLOW SHIT|93\/394
|move|p1a: SLOW SHIT|Slack Off|p1a: SLOW SHIT
|-heal|p1a: SLOW SHIT|290\/394
|
|turn|46
|
|move|p2a: Jirachi|Iron Head|p1a: SLOW SHIT
|-resisted|p1a: SLOW SHIT
|-damage|p1a: SLOW SHIT|240\/394
|cant|p1a: SLOW SHIT|flinch
|
|turn|47
|
|move|p2a: Jirachi|Iron Head|p1a: SLOW SHIT
|-resisted|p1a: SLOW SHIT
|-damage|p1a: SLOW SHIT|192\/394
|cant|p1a: SLOW SHIT|flinch
|
|turn|48
|c| Where is OGWanka|krk
|c| Where is OGWanka|lek
|c| Where is OGWanka|kelk
|c| Where is OGWanka|and kek
|
|move|p2a: Jirachi|Iron Head|p1a: SLOW SHIT
|-resisted|p1a: SLOW SHIT
|-damage|p1a: SLOW SHIT|144\/394
|cant|p1a: SLOW SHIT|flinch
|
|turn|49
|
|move|p2a: Jirachi|Iron Head|p1a: SLOW SHIT
|-resisted|p1a: SLOW SHIT
|-damage|p1a: SLOW SHIT|93\/394
|move|p1a: SLOW SHIT|Slack Off|p1a: SLOW SHIT
|-heal|p1a: SLOW SHIT|290\/394
|
|turn|50
|c|âZebola|can't you just scald me xD
|c|âsniperaim|n
|
|move|p2a: Jirachi|Iron Head|p1a: SLOW SHIT
|-resisted|p1a: SLOW SHIT
|-damage|p1a: SLOW SHIT|239\/394
|move|p1a: SLOW SHIT|Scald|p2a: Jirachi
|-crit|p2a: Jirachi
|-damage|p2a: Jirachi|0 fnt
|faint|p2a: Jirachi
|
|win|sniperaim
|c| Where is OGWanka|rip
|c| Where is OGWanka|critc
|c|âsniperaim|gg!
|c|âZebola|^.^
|c|âZebola|gg
|leave|Where is OGWanka
|leave|sniperaim
|leave|Zebola
|player|p1
|player|p2
|leave|mr.owie
|leave|Gay Bear Sex