|join|sniperaim
|join|Frobnobin
|player|p1|sniperaim|220
|player|p2|Frobnobin|144
|gametype|singles
|gen|6
|tier|UU
|rated
|rule|Sleep Clause Mod: Limit one foe put to sleep
|rule|Species Clause: Limit one of each PokÃ©mon
|rule|OHKO Clause: OHKO moves are banned
|rule|Moody Clause: Moody is banned
|rule|Evasion Moves Clause: Evasion moves are banned
|rule|Endless Battle Clause: Forcing endless battles is banned
|rule|HP Percentage Mod: HP is shown in percentages
|clearpoke
|poke|p1|Zygarde
|poke|p1|Ampharos, M
|poke|p1|Uxie
|poke|p1|Jirachi
|poke|p1|Suicune
|poke|p1|Gligar, F
|poke|p2|Goodra, M
|poke|p2|Swampert, F
|poke|p2|Chandelure, F
|poke|p2|Chesnaught, F
|poke|p2|Escavalier, M
|poke|p2|Rhyperior, F
|rule|Swagger Clause: Swagger is banned
|rule|Baton Pass Clause: Limit one PokÃ©mon knowing Baton Pass
|teampreview
|
|start
|switch|p1a: Suicune|Suicune|356\/356
|switch|p2a: Rhyperior|Rhyperior, F|433\/433
|-ability|p1a: Suicune|Pressure
|turn|1
|
|switch|p2a: Goodra|Goodra, M|384\/384
|move|p1a: Suicune|Calm Mind|p1a: Suicune
|-boost|p1a: Suicune|spa|1
|-boost|p1a: Suicune|spd|1
|
|turn|2
|
|move|p1a: Suicune|Substitute|p1a: Suicune
|-start|p1a: Suicune|Substitute
|-damage|p1a: Suicune|267\/356
|move|p2a: Goodra|Thunderbolt|p1a: Suicune
|-crit|p1a: Suicune
|-supereffective|p1a: Suicune
|-end|p1a: Suicune|Substitute
|
|-heal|p1a: Suicune|289\/356|[from] item: Leftovers
|turn|3
|
|switch|p1a: Ampharos|Ampharos, M|350\/350
|move|p2a: Goodra|Thunderbolt|p1a: Ampharos
|-resisted|p1a: Ampharos
|-damage|p1a: Ampharos|269\/350
|
|turn|4
|
|switch|p2a: Escavalier|Escavalier, M|324\/324
|detailschange|p1a: Ampharos|Ampharos-Mega, M
|message|Ampharos has Mega Evolved into Mega Ampharos!
|-ability|p1a: Ampharos|Mold Breaker
|move|p1a: Ampharos|Dragon Pulse|p2a: Escavalier
|-resisted|p2a: Escavalier
|-damage|p2a: Escavalier|261\/324
|
|turn|5
|
|move|p1a: Ampharos|Volt Switch|p2a: Escavalier
|-damage|p2a: Escavalier|158\/324
|
|switch|p1a: Uxie|Uxie|354\/354
|move|p2a: Escavalier|Megahorn|p1a: Uxie
|-supereffective|p1a: Uxie
|-damage|p1a: Uxie|0 fnt
|faint|p1a: Uxie
|
|
|switch|p1a: Gligar|Gligar, F|333\/333
|turn|6
|
|move|p1a: Gligar|Earthquake|p2a: Escavalier
|-damage|p2a: Escavalier|70\/324
|move|p2a: Escavalier|Knock Off|p1a: Gligar
|-damage|p1a: Gligar|251\/333
|-enditem|p1a: Gligar|Eviolite|[from] move: Knock Off|[of] p2a: Escavalier
|
|turn|7
|join|santysas
|
|move|p1a: Gligar|Earthquake|p2a: Escavalier
|-damage|p2a: Escavalier|0 fnt
|faint|p2a: Escavalier
|
|join|i ran away
|
|switch|p2a: Rhyperior|Rhyperior, F|433\/433
|turn|8
|
|move|p1a: Gligar|U-turn|p2a: Rhyperior
|-damage|p2a: Rhyperior|399\/433
|
|switch|p1a: Suicune|Suicune|289\/356
|-ability|p1a: Suicune|Pressure
|move|p2a: Rhyperior|Rock Blast|p1a: Suicune
|-damage|p1a: Suicune|250\/356
|-damage|p1a: Suicune|211\/356
|-damage|p1a: Suicune|171\/356
|-hitcount|p1a: Suicune|3
|
|-heal|p1a: Suicune|193\/356|[from] item: Leftovers
|-heal|p2a: Rhyperior|426\/433|[from] item: Leftovers
|turn|9
|
|move|p1a: Suicune|Scald|p2a: Rhyperior
|-supereffective|p2a: Rhyperior
|-damage|p2a: Rhyperior|39\/433
|-status|p2a: Rhyperior|brn
|move|p2a: Rhyperior|Roar|p1a: Suicune
|drag|p1a: Jirachi|Jirachi|342\/342
|
|-heal|p2a: Rhyperior|66\/433 brn|[from] item: Leftovers
|-damage|p2a: Rhyperior|12\/433 brn|[from] brn
|turn|10
|
|switch|p2a: Chandelure|Chandelure, F|261\/261
|move|p1a: Jirachi|U-turn|p2a: Chandelure
|-resisted|p2a: Chandelure
|-damage|p2a: Chandelure|243\/261
|
|switch|p1a: Ampharos|Ampharos-Mega, M|269\/350
|-ability|p1a: Ampharos|Mold Breaker
|
|turn|11
|
|move|p2a: Chandelure|Shadow Ball|p1a: Ampharos
|-damage|p1a: Ampharos|136\/350
|move|p1a: Ampharos|Dragon Pulse|p2a: Chandelure
|-damage|p2a: Chandelure|15\/261
|
|turn|12
|
|switch|p1a: Gligar|Gligar, F|251\/333
|move|p2a: Chandelure|Shadow Ball|p1a: Gligar
|-damage|p1a: Gligar|100\/333
|
|turn|13
|
|move|p2a: Chandelure|Shadow Ball|p1a: Gligar
|-crit|p1a: Gligar
|-damage|p1a: Gligar|0 fnt
|faint|p1a: Gligar
|
|
|switch|p1a: Jirachi|Jirachi|342\/342
|turn|14
|
|move|p1a: Jirachi|U-turn|p2a: Chandelure
|-resisted|p2a: Chandelure
|-damage|p2a: Chandelure|0 fnt
|faint|p2a: Chandelure
|
|switch|p1a: Ampharos|Ampharos-Mega, M|136\/350
|-ability|p1a: Ampharos|Mold Breaker
|
|-message|Frobnobin lost due to inactivity.
|
|win|sniperaim
|raw|Ladder updating...
|raw|sniperaim's rating: 1525 &rarr; <strong>1535<\/strong><br \/>(+10 for winning)
|raw|Frobnobin's rating: 1324 &rarr; <strong>1314<\/strong><br \/>(-10 for losing)
|leave|sniperaim
|player|p1