|join|sniperaim
|join|fuck confuse
|player|p1|sniperaim|220
|player|p2|fuck confuse|171
|gametype|singles
|gen|6
|tier|UU
|rated
|rule|Sleep Clause Mod: Limit one foe put to sleep
|rule|Species Clause: Limit one of each PokÃ©mon
|rule|OHKO Clause: OHKO moves are banned
|rule|Moody Clause: Moody is banned
|rule|Evasion Moves Clause: Evasion moves are banned
|rule|Endless Battle Clause: Forcing endless battles is banned
|rule|HP Percentage Mod: HP is shown in percentages
|clearpoke
|poke|p1|Jirachi, shiny
|poke|p1|Swampert, F
|poke|p1|Hydreigon, F
|poke|p1|Gallade, M, shiny
|poke|p1|Tentacruel, F, shiny
|poke|p1|Umbreon, M
|poke|p2|Machamp, M
|poke|p2|Krookodile, M
|poke|p2|Suicune
|poke|p2|Aggron, F
|poke|p2|Chandelure, M
|poke|p2|Whimsicott, M
|rule|Swagger Clause: Swagger is banned
|rule|Baton Pass Clause: Limit one PokÃ©mon knowing Baton Pass
|teampreview
|c|âfuck confuse|hi
|c|âsniperaim|hi
|
|start
|switch|p1a: Stuu|Umbreon, M|394\/394
|switch|p2a: Krookodile|Krookodile, M|331\/331
|-ability|p2a: Krookodile|Intimidate|[of] p1a: Stuu
|-unboost|p1a: Stuu|atk|1
|turn|1
|
|switch|p1a: Mascot|Swampert, F|401\/401
|move|p2a: Krookodile|Earthquake|p1a: Mascot
|-damage|p1a: Mascot|272\/401
|
|-heal|p1a: Mascot|297\/401|[from] item: Leftovers
|turn|2
|
|move|p2a: Krookodile|Taunt|p1a: Mascot
|-start|p1a: Mascot|move: Taunt
|move|p1a: Mascot|Scald|p2a: Krookodile
|-supereffective|p2a: Krookodile
|-damage|p2a: Krookodile|115\/331
|
|-heal|p1a: Mascot|322\/401|[from] item: Leftovers
|turn|3
|
|switch|p2a: Machamp|Machamp, M|321\/321
|move|p1a: Mascot|Scald|p2a: Machamp
|-damage|p2a: Machamp|231\/321
|
|-heal|p1a: Mascot|347\/401|[from] item: Leftovers
|turn|4
|
|switch|p1a: i'm nice|Tentacruel, F, shiny|352\/352
|move|p2a: Machamp|Close Combat|p1a: i'm nice
|-resisted|p1a: i'm nice
|-damage|p1a: i'm nice|194\/352
|-unboost|p2a: Machamp|def|1
|-unboost|p2a: Machamp|spd|1
|
|-heal|p1a: i'm nice|216\/352|[from] item: Black Sludge
|turn|5
|
|switch|p2a: Krookodile|Krookodile, M|115\/331
|-ability|p2a: Krookodile|Intimidate|[of] p1a: i'm nice
|-unboost|p1a: i'm nice|atk|1
|move|p1a: i'm nice|Toxic Spikes|p2a: Krookodile
|-sidestart|p2: fuck confuse|move: Toxic Spikes
|
|-heal|p1a: i'm nice|238\/352|[from] item: Black Sludge
|turn|6
|
|switch|p1a: Mascot|Swampert, F|347\/401
|move|p2a: Krookodile|Knock Off|p1a: Mascot
|-damage|p1a: Mascot|199\/401
|-enditem|p1a: Mascot|Leftovers|[from] move: Knock Off|[of] p2a: Krookodile
|
|turn|7
|
|move|p2a: Krookodile|Earthquake|p1a: Mascot
|-damage|p1a: Mascot|75\/401
|move|p1a: Mascot|Scald|p2a: Krookodile
|-supereffective|p2a: Krookodile
|-damage|p2a: Krookodile|0 fnt
|faint|p2a: Krookodile
|
|
|switch|p2a: Chandelure|Chandelure, M|261\/261
|-status|p2a: Chandelure|psn
|turn|8
|
|move|p2a: Chandelure|Fire Blast|p1a: Mascot
|-resisted|p1a: Mascot
|-damage|p1a: Mascot|0 fnt
|faint|p1a: Mascot
|
|-damage|p2a: Chandelure|229\/261 psn|[from] psn
|
|switch|p1a: Beats by Dre|Hydreigon, F|326\/326
|turn|9
|
|move|p1a: Beats by Dre|U-turn|p2a: Chandelure
|-resisted|p2a: Chandelure
|-damage|p2a: Chandelure|216\/261 psn
|c|âfuck confuse|epick
|
|switch|p1a: Stuu|Umbreon, M|394\/394
|move|p2a: Chandelure|Fire Blast|p1a: Stuu
|-damage|p1a: Stuu|202\/394
|
|-heal|p1a: Stuu|226\/394|[from] item: Leftovers
|-damage|p2a: Chandelure|184\/261 psn|[from] psn
|turn|10
|
|switch|p2a: Machamp|Machamp, M|231\/321
|-status|p2a: Machamp|psn
|move|p1a: Stuu|Wish|p1a: Stuu
|
|-heal|p1a: Stuu|250\/394|[from] item: Leftovers
|-damage|p2a: Machamp|191\/321 psn|[from] psn
|turn|11
|
|switch|p1a: i'm nice|Tentacruel, F, shiny|238\/352
|move|p2a: Machamp|Close Combat|p1a: i'm nice
|-resisted|p1a: i'm nice
|-damage|p1a: i'm nice|0 fnt
|-unboost|p2a: Machamp|def|1
|-unboost|p2a: Machamp|spd|1
|faint|p1a: i'm nice
|
|-damage|p2a: Machamp|151\/321 psn|[from] psn
|
|switch|p1a: Beats by Dre|Hydreigon, F|326\/326
|turn|12
|
|switch|p2a: Chandelure|Chandelure, M|184\/261 psn
|move|p1a: Beats by Dre|Fire Blast|p2a: Chandelure
|-start|p2a: Chandelure|ability: Flash Fire
|
|-damage|p2a: Chandelure|152\/261 psn|[from] psn
|turn|13
|c|âfuck confuse|EPIC
|
|move|p1a: Beats by Dre|Fire Blast|p2a: Chandelure
|-immune|p2a: Chandelure|[msg]
|move|p2a: Chandelure|Fire Blast|p1a: Beats by Dre
|-resisted|p1a: Beats by Dre
|-damage|p1a: Beats by Dre|47\/326
|
|-damage|p2a: Chandelure|120\/261 psn|[from] psn
|turn|14
|
|switch|p1a: Stuu|Umbreon, M|250\/394
|move|p2a: Chandelure|Fire Blast|p1a: Stuu
|-damage|p1a: Stuu|0 fnt
|faint|p1a: Stuu
|
|-damage|p2a: Chandelure|88\/261 psn|[from] psn
|
|switch|p1a: Beats by Dre|Hydreigon, F|47\/326
|turn|15
|
|switch|p2a: Machamp|Machamp, M|151\/321 psn
|move|p1a: Beats by Dre|Dark Pulse|p2a: Machamp
|-resisted|p2a: Machamp
|-damage|p2a: Machamp|76\/321 psn
|
|-damage|p2a: Machamp|36\/321 psn|[from] psn
|turn|16
|
|move|p2a: Machamp|Bullet Punch|p1a: Beats by Dre
|-damage|p1a: Beats by Dre|0 fnt
|faint|p1a: Beats by Dre
|
|-damage|p2a: Machamp|0 fnt|[from] psn
|faint|p2a: Machamp
|
|switch|p2a: Chandelure|Chandelure, M|88\/261 psn
|switch|p1a: Mega Gallade|Gallade, M, shiny|330\/330
|turn|17
|c|âfuck confuse|no sneak
|c|âfuck confuse|imo
|
|move|p2a: Chandelure|Shadow Ball|p1a: Mega Gallade
|-supereffective|p1a: Mega Gallade
|-damage|p1a: Mega Gallade|0 fnt
|faint|p1a: Mega Gallade
|
|-damage|p2a: Chandelure|56\/261 psn|[from] psn
|c|âsniperaim|nope
|
|switch|p1a: HAX LORD|Jirachi, shiny|342\/342
|turn|18
|
|move|p1a: HAX LORD|Psyshock|p2a: Chandelure
|-damage|p2a: Chandelure|0 fnt
|faint|p2a: Chandelure
|
|c|âfuck confuse|get
|c|âfuck confuse|fukn destroyed m8
|
|switch|p2a: Aggron|Aggron, F|344\/344
|turn|19
|c|âfuck confuse|hp ground where
|
|detailschange|p2a: Aggron|Aggron-Mega, F
|message|Aggron has Mega Evolved into Mega Aggron!
|move|p1a: HAX LORD|Moonblast|p2a: Aggron
|-resisted|p2a: Aggron
|-damage|p2a: Aggron|291\/344
|-unboost|p2a: Aggron|spa|1
|move|p2a: Aggron|Earthquake|p1a: HAX LORD
|-crit|p1a: HAX LORD
|-supereffective|p1a: HAX LORD
|-damage|p1a: HAX LORD|0 fnt
|faint|p1a: HAX LORD
|
|win|fuck confuse
|raw|Ladder updating...
|raw|sniperaim's rating: 1636 &rarr; <strong>1619<\/strong><br \/>(-17 for losing)
|raw|fuck confuse's rating: 1691 &rarr; <strong>1708<\/strong><br \/>(+17 for winning)
|leave|sniperaim
|player|p1
|join|Bud Hertz