|join|sniperaim
|join|meowie_Â­(ã)_\/Â¯kins
|player|p1|sniperaim|220
|player|p2|meowie_Â­(ã)_\/Â¯kins|160
|gametype|singles
|gen|6
|tier|UU
|rule|Sleep Clause Mod: Limit one foe put to sleep
|rule|Species Clause: Limit one of each PokÃ©mon
|rule|OHKO Clause: OHKO moves are banned
|rule|Moody Clause: Moody is banned
|rule|Evasion Moves Clause: Evasion moves are banned
|rule|Endless Battle Clause: Forcing endless battles is banned
|rule|HP Percentage Mod: HP is shown in percentages
|clearpoke
|poke|p1|Lopunny, F
|poke|p1|Jirachi
|poke|p1|Swampert, F
|poke|p1|Doublade, M
|poke|p1|Raikou
|poke|p1|Tentacruel, F
|poke|p2|Gligar, F
|poke|p2|Vaporeon, M
|poke|p2|Staraptor, M
|poke|p2|Mienshao, F
|poke|p2|Raikou
|poke|p2|Jirachi
|rule|Swagger Clause: Swagger is banned
|rule|Baton Pass Clause: Limit one PokÃ©mon knowing Baton Pass
|teampreview
|c|âsniperaim|oh
|c|âsniperaim|volt turn
|c|âsniperaim|ok
|c|âmeowie_Â­(ã)_\/Â¯kins|did you expect sheddy?
|c|âmeowie_Â­(ã)_\/Â¯kins|lol
|
|start
|switch|p1a: Swampert|Swampert, F|401\/401
|switch|p2a: Jirachi|Jirachi|404\/404
|turn|1
|c|âsniperaim|kinda
|c|âsniperaim|lol
|c|âmeowie_Â­(ã)_\/Â¯kins|lol
|
|move|p2a: Jirachi|Stealth Rock|p1a: Swampert
|-sidestart|p1: sniperaim|move: Stealth Rock
|move|p1a: Swampert|Stealth Rock|p2a: Jirachi
|-sidestart|p2: meowie_Â­(ã)_\/Â¯kins|move: Stealth Rock
|
|turn|2
|
|move|p2a: Jirachi|U-turn|p1a: Swampert
|-damage|p1a: Swampert|357\/401
|
|switch|p2a: Vaporeon|Vaporeon, M|464\/464
|-damage|p2a: Vaporeon|406\/464|[from] Stealth Rock
|move|p1a: Swampert|Earthquake|p2a: Vaporeon
|-damage|p2a: Vaporeon|271\/464
|
|-heal|p1a: Swampert|382\/401|[from] item: Leftovers
|-heal|p2a: Vaporeon|300\/464|[from] item: Leftovers
|turn|3
|leave|sniperaim
|player|p1
|c|âmeowie_Â­(ã)_\/Â¯kins|rip
|join|sniperaim
|c|âsniperaim|oops
|player|p1|sniperaim|220
|join|Technosis
|
|switch|p1a: Tentacruel|Tentacruel, F|364\/364
|-damage|p1a: Tentacruel|319\/364|[from] Stealth Rock
|move|p2a: Vaporeon|Scald|p1a: Tentacruel
|-resisted|p1a: Tentacruel
|-damage|p1a: Tentacruel|288\/364
|
|-heal|p1a: Tentacruel|310\/364|[from] item: Black Sludge
|-heal|p2a: Vaporeon|329\/464|[from] item: Leftovers
|turn|4
|join|Wolfenstein'
|
|move|p1a: Tentacruel|Rapid Spin|p2a: Vaporeon
|-damage|p2a: Vaporeon|320\/464
|-sideend|p1: sniperaim|Stealth Rock|[from] move: Rapid Spin|[of] p1a: Tentacruel
|move|p2a: Vaporeon|Baton Pass|p2a: Vaporeon
|
|switch|p2a: Staraptor|Staraptor, M|312\/312
|-damage|p2a: Staraptor|234\/312|[from] Stealth Rock
|
|-heal|p1a: Tentacruel|332\/364|[from] item: Black Sludge
|turn|5
|
|switch|p1a: Doublade|Doublade, M|322\/322
|move|p2a: Staraptor|U-turn|p1a: Doublade
|-resisted|p1a: Doublade
|-damage|p1a: Doublade|308\/322
|
|switch|p2a: Gligar|Gligar, F|334\/334
|-damage|p2a: Gligar|293\/334|[from] Stealth Rock
|
|turn|6
|
|switch|p1a: Swampert|Swampert, F|382\/401
|move|p2a: Gligar|Defog|p1a: Swampert
|-unboost|p1a: Swampert|evasion|1
|-sideend|p2: meowie_Â­(ã)_\/Â¯kins|Stealth Rock|[from] move: Defog|[of] p2a: Gligar
|
|-heal|p1a: Swampert|401\/401|[from] item: Leftovers
|turn|7
|
|move|p2a: Gligar|U-turn|p1a: Swampert
|-damage|p1a: Swampert|364\/401
|
|switch|p2a: Vaporeon|Vaporeon, M|320\/464
|move|p1a: Swampert|Stealth Rock|p2a: Vaporeon
|-sidestart|p2: meowie_Â­(ã)_\/Â¯kins|move: Stealth Rock
|
|-heal|p1a: Swampert|389\/401|[from] item: Leftovers
|-heal|p2a: Vaporeon|349\/464|[from] item: Leftovers
|turn|8
|
|switch|p1a: Tentacruel|Tentacruel, F|332\/364
|move|p2a: Vaporeon|Wish|p2a: Vaporeon
|
|-heal|p1a: Tentacruel|354\/364|[from] item: Black Sludge
|-heal|p2a: Vaporeon|378\/464|[from] item: Leftovers
|turn|9
|
|switch|p2a: Staraptor|Staraptor, M|234\/312
|-damage|p2a: Staraptor|156\/312|[from] Stealth Rock
|move|p1a: Tentacruel|Toxic Spikes|p2a: Staraptor
|-sidestart|p2: meowie_Â­(ã)_\/Â¯kins|move: Toxic Spikes
|
|-heal|p2a: Staraptor|312\/312|[from] move: Wish|[wisher] Vaporeon
|-heal|p1a: Tentacruel|364\/364|[from] item: Black Sludge
|turn|10
|
|switch|p1a: Doublade|Doublade, M|308\/322
|move|p2a: Staraptor|Brave Bird|p1a: Doublade
|-resisted|p1a: Doublade
|-damage|p1a: Doublade|218\/322
|-damage|p2a: Staraptor|282\/312|[from] recoil|[of] p1a: Doublade
|
|turn|11
|
|switch|p2a: Gligar|Gligar, F|293\/334
|-damage|p2a: Gligar|252\/334|[from] Stealth Rock
|move|p1a: Doublade|Sacred Sword|p2a: Gligar
|-resisted|p2a: Gligar
|-damage|p2a: Gligar|217\/334
|
|turn|12
|
|switch|p1a: Lopunny|Lopunny, F|271\/271
|move|p2a: Gligar|Defog|p1a: Lopunny
|-unboost|p1a: Lopunny|evasion|1
|-sideend|p2: meowie_Â­(ã)_\/Â¯kins|Toxic Spikes|[from] move: Defog|[of] p2a: Gligar
|-sideend|p2: meowie_Â­(ã)_\/Â¯kins|Stealth Rock|[from] move: Defog|[of] p2a: Gligar
|
|turn|13
|
|switch|p2a: Jirachi|Jirachi|404\/404
|detailschange|p1a: Lopunny|Lopunny-Mega, F
|message|Lopunny has Mega Evolved into Mega Lopunny!
|move|p1a: Lopunny|Ice Punch|p2a: Jirachi
|-resisted|p2a: Jirachi
|-damage|p2a: Jirachi|368\/404
|
|-heal|p2a: Jirachi|393\/404|[from] item: Leftovers
|turn|14
|
|switch|p1a: Tentacruel|Tentacruel, F|364\/364
|move|p2a: Jirachi|Iron Head|p1a: Tentacruel
|-resisted|p1a: Tentacruel
|-damage|p1a: Tentacruel|302\/364
|
|-heal|p1a: Tentacruel|324\/364|[from] item: Black Sludge
|-heal|p2a: Jirachi|404\/404|[from] item: Leftovers
|turn|15
|c|âmeowie_Â­(ã)_\/Â¯kins|i think im gonna start using body slam on this
|c|âmeowie_Â­(ã)_\/Â¯kins|u-turn doesnt do anything
|c|âsniperaim|hmm
|
|move|p1a: Tentacruel|Toxic Spikes|p2a: Jirachi
|-sidestart|p2: meowie_Â­(ã)_\/Â¯kins|move: Toxic Spikes
|move|p2a: Jirachi|U-turn|p1a: Tentacruel
|-resisted|p1a: Tentacruel
|-damage|p1a: Tentacruel|285\/364
|c|âsniperaim|u might need it
|
|switch|p2a: Staraptor|Staraptor, M|282\/312
|
|-heal|p1a: Tentacruel|307\/364|[from] item: Black Sludge
|turn|16
|c|âmeowie_Â­(ã)_\/Â¯kins|well
|c|âsniperaim|i run too many rachi checks
|c|âmeowie_Â­(ã)_\/Â¯kins|lol
|
|switch|p1a: Doublade|Doublade, M|218\/322
|move|p2a: Staraptor|Brave Bird|p1a: Doublade
|-resisted|p1a: Doublade
|-damage|p1a: Doublade|140\/322
|-damage|p2a: Staraptor|256\/312|[from] recoil|[of] p1a: Doublade
|
|turn|17
|c|âmeowie_Â­(ã)_\/Â¯kins|nice and whittled
|
|switch|p2a: Gligar|Gligar, F|217\/334
|move|p1a: Doublade|Swords Dance|p1a: Doublade
|-boost|p1a: Doublade|atk|2
|
|turn|18
|
|move|p2a: Gligar|Earthquake|p1a: Doublade
|-supereffective|p1a: Doublade
|-damage|p1a: Doublade|44\/322
|move|p1a: Doublade|Iron Head|p2a: Gligar
|-damage|p2a: Gligar|54\/334
|
|turn|19
|
|move|p1a: Doublade|Shadow Sneak|p2a: Gligar
|-damage|p2a: Gligar|0 fnt
|faint|p2a: Gligar
|
|c|âmeowie_Â­(ã)_\/Â¯kins|oh im dumb
|c|âmeowie_Â­(ã)_\/Â¯kins|lol
|c|âsniperaim|o.o
|
|switch|p2a: Staraptor|Staraptor, M|256\/312
|turn|20
|c|âsniperaim|raptor
|c|âsniperaim|is
|c|âsniperaim|a fuckin
|c|âsniperaim|problem
|c|âmeowie_Â­(ã)_\/Â¯kins|:^]
|
|move|p1a: Doublade|Shadow Sneak|p2a: Staraptor
|-immune|p2a: Staraptor|[msg]
|move|p2a: Staraptor|Brave Bird|p1a: Doublade
|-resisted|p1a: Doublade
|-damage|p1a: Doublade|0 fnt
|-damage|p2a: Staraptor|241\/312|[from] recoil|[of] p1a: Doublade
|faint|p1a: Doublade
|
|c|âmeowie_Â­(ã)_\/Â¯kins|lol
|c|âsniperaim|lol
|
|switch|p1a: Raikou|Raikou|321\/321
|-ability|p1a: Raikou|Pressure
|turn|21
|
|switch|p2a: Jirachi|Jirachi|404\/404
|move|p1a: Raikou|Volt Switch|p2a: Jirachi
|-damage|p2a: Jirachi|256\/404
|-damage|p1a: Raikou|289\/321|[from] item: Life Orb
|
|switch|p1a: Swampert|Swampert, F|389\/401
|
|-heal|p2a: Jirachi|281\/404|[from] item: Leftovers
|-heal|p1a: Swampert|401\/401|[from] item: Leftovers
|turn|22
|
|move|p2a: Jirachi|Iron Head|p1a: Swampert
|-resisted|p1a: Swampert
|-damage|p1a: Swampert|365\/401
|move|p1a: Swampert|Stealth Rock|p2a: Jirachi
|-sidestart|p2: meowie_Â­(ã)_\/Â¯kins|move: Stealth Rock
|
|-heal|p2a: Jirachi|306\/404|[from] item: Leftovers
|-heal|p1a: Swampert|390\/401|[from] item: Leftovers
|turn|23
|c|âmeowie_Â­(ã)_\/Â¯kins|wow
|c|âmeowie_Â­(ã)_\/Â¯kins|r00d
|c|âmeowie_Â­(ã)_\/Â¯kins|i just wanted lefties
|c|âsniperaim|heh
|c|âsniperaim|.-.
|
|move|p2a: Jirachi|Stealth Rock|p1a: Swampert
|-sidestart|p1: sniperaim|move: Stealth Rock
|move|p1a: Swampert|Earthquake|p2a: Jirachi
|-supereffective|p2a: Jirachi
|-damage|p2a: Jirachi|130\/404
|
|-heal|p2a: Jirachi|155\/404|[from] item: Leftovers
|-heal|p1a: Swampert|401\/401|[from] item: Leftovers
|turn|24
|c|âsniperaim|holy shet
|c|âsniperaim|are u phy
|c|âsniperaim|def
|c|âmeowie_Â­(ã)_\/Â¯kins|defensive rachi
|c|âmeowie_Â­(ã)_\/Â¯kins|is cool
|c|âsniperaim|wow
|c|âsniperaim|lordy
|
|switch|p2a: Vaporeon|Vaporeon, M|378\/464
|-damage|p2a: Vaporeon|320\/464|[from] Stealth Rock
|-status|p2a: Vaporeon|psn
|move|p1a: Swampert|Earthquake|p2a: Vaporeon
|-damage|p2a: Vaporeon|202\/464 psn
|
|-heal|p2a: Vaporeon|231\/464 psn|[from] item: Leftovers
|-damage|p2a: Vaporeon|173\/464 psn|[from] psn
|turn|25
|
|move|p1a: Swampert|Earthquake|p2a: Vaporeon
|-damage|p2a: Vaporeon|38\/464 psn
|move|p2a: Vaporeon|Scald|p1a: Swampert
|-damage|p1a: Swampert|286\/401
|
|-heal|p1a: Swampert|311\/401|[from] item: Leftovers
|-heal|p2a: Vaporeon|67\/464 psn|[from] item: Leftovers
|-damage|p2a: Vaporeon|9\/464 psn|[from] psn
|turn|26
|
|move|p1a: Swampert|Ice Punch|p2a: Vaporeon
|-resisted|p2a: Vaporeon
|-damage|p2a: Vaporeon|0 fnt
|faint|p2a: Vaporeon
|
|-heal|p1a: Swampert|336\/401|[from] item: Leftovers
|
|switch|p2a: Staraptor|Staraptor, M|241\/312
|-damage|p2a: Staraptor|163\/312|[from] Stealth Rock
|turn|27
|c|âsniperaim|um
|c|âsniperaim|do i live
|c|âmeowie_Â­(ã)_\/Â¯kins|oml
|leave|Wolfenstein
|c|âsniperaim|lol
|c|âmeowie_Â­(ã)_\/Â¯kins|what am i doing
|
|move|p2a: Staraptor|Brave Bird|p1a: Swampert
|-damage|p1a: Swampert|48\/401
|-damage|p2a: Staraptor|68\/312|[from] recoil|[of] p1a: Swampert
|move|p1a: Swampert|Scald|p2a: Staraptor
|-damage|p2a: Staraptor|0 fnt
|faint|p2a: Staraptor
|
|-heal|p1a: Swampert|73\/401|[from] item: Leftovers
|
|switch|p2a: Mienshao|Mienshao, F|271\/271
|-damage|p2a: Mienshao|255\/271|[from] Stealth Rock
|-status|p2a: Mienshao|psn
|turn|28
|
|switch|p1a: Tentacruel|Tentacruel, F|307\/364
|-damage|p1a: Tentacruel|262\/364|[from] Stealth Rock
|move|p2a: Mienshao|High Jump Kick|p1a: Tentacruel|[miss]
|-miss|p2a: Mienshao|p1a: Tentacruel
|-damage|p2a: Mienshao|120\/271 psn|[from] highjumpkick
|
|-heal|p1a: Tentacruel|284\/364|[from] item: Black Sludge
|-damage|p2a: Mienshao|87\/271 psn|[from] psn
|turn|29
|c|âmeowie_Â­(ã)_\/Â¯kins|ofc
|c|âsniperaim|ahh
|
|switch|p2a: Jirachi|Jirachi|155\/404
|-damage|p2a: Jirachi|130\/404|[from] Stealth Rock
|move|p1a: Tentacruel|Rapid Spin|p2a: Jirachi
|-resisted|p2a: Jirachi
|-damage|p2a: Jirachi|127\/404
|-sideend|p1: sniperaim|Stealth Rock|[from] move: Rapid Spin|[of] p1a: Tentacruel
|
|-heal|p1a: Tentacruel|306\/364|[from] item: Black Sludge
|-heal|p2a: Jirachi|152\/404|[from] item: Leftovers
|turn|30
|
|move|p1a: Tentacruel|Scald|p2a: Jirachi
|-damage|p2a: Jirachi|80\/404
|move|p2a: Jirachi|Healing Wish|p2a: Jirachi
|faint|p2a: Jirachi
|
|-heal|p1a: Tentacruel|328\/364|[from] item: Black Sludge
|
|switch|p2a: Mienshao|Mienshao, F|87\/271 psn
|-heal|p2a: Mienshao|271\/271|[from] move: Healing Wish
|-damage|p2a: Mienshao|255\/271|[from] Stealth Rock
|-status|p2a: Mienshao|psn
|turn|31
|
|move|p2a: Mienshao|U-turn|p1a: Tentacruel
|-resisted|p1a: Tentacruel
|-damage|p1a: Tentacruel|268\/364
|
|switch|p2a: Raikou|Raikou|322\/322
|-status|p2a: Raikou|psn
|-damage|p2a: Raikou|282\/322 psn|[from] Stealth Rock
|-ability|p2a: Raikou|Pressure
|move|p1a: Tentacruel|Scald|p2a: Raikou
|-damage|p2a: Raikou|204\/322 psn
|
|-heal|p1a: Tentacruel|290\/364|[from] item: Black Sludge
|-damage|p2a: Raikou|164\/322 psn|[from] psn
|turn|32
|
|switch|p1a: Swampert|Swampert, F|73\/401
|move|p2a: Raikou|Extrasensory|p1a: Swampert
|-damage|p1a: Swampert|0 fnt
|-damage|p2a: Raikou|132\/322 psn|[from] item: Life Orb
|faint|p1a: Swampert
|
|-damage|p2a: Raikou|92\/322 psn|[from] psn
|
|switch|p1a: Jirachi|Jirachi|342\/342
|turn|33
|
|move|p2a: Raikou|Thunderbolt|p1a: Jirachi
|-damage|p1a: Jirachi|155\/342
|-damage|p2a: Raikou|60\/322 psn|[from] item: Life Orb
|move|p1a: Jirachi|Zen Headbutt|p2a: Raikou
|-damage|p2a: Raikou|0 fnt
|faint|p2a: Raikou
|
|-heal|p1a: Jirachi|176\/342|[from] item: Leftovers
|
|switch|p2a: Mienshao|Mienshao, F|255\/271 psn
|-damage|p2a: Mienshao|239\/271 psn|[from] Stealth Rock
|turn|34
|c|âsniperaim|i was
|c|âsniperaim|suppose to be
|c|âmeowie_Â­(ã)_\/Â¯kins|ez gen 4 crit
|c|âsniperaim|scarf
|c|âmeowie_Â­(ã)_\/Â¯kins|on tenta
|c|âsniperaim|lol
|c|âmeowie_Â­(ã)_\/Â¯kins|and i win
|
|move|p2a: Mienshao|High Jump Kick|p1a: Jirachi
|-crit|p1a: Jirachi
|-damage|p1a: Jirachi|0 fnt
|faint|p1a: Jirachi
|
|-damage|p2a: Mienshao|206\/271 psn|[from] psn
|
|switch|p1a: Tentacruel|Tentacruel, F|290\/364
|turn|35
|
|move|p2a: Mienshao|High Jump Kick|p1a: Tentacruel
|-crit|p1a: Tentacruel
|-resisted|p1a: Tentacruel
|-damage|p1a: Tentacruel|0 fnt
|faint|p1a: Tentacruel
|
|-damage|p2a: Mienshao|173\/271 psn|[from] psn
|c|âmeowie_Â­(ã)_\/Â¯kins|OML
|
|switch|p1a: Lopunny|Lopunny-Mega, F|271\/271
|turn|36
|c|âsniperaim|lol
|c|âmeowie_Â­(ã)_\/Â¯kins|are you fake out
|c|âmeowie_Â­(ã)_\/Â¯kins|you fkn nerd
|c|âsniperaim|yup
|c|âmeowie_Â­(ã)_\/Â¯kins|fk u
|c|âsniperaim|lmao
|
|move|p1a: Lopunny|Fake Out|p2a: Mienshao
|-damage|p2a: Mienshao|68\/271 psn
|cant|p2a: Mienshao|flinch
|
|-damage|p2a: Mienshao|35\/271 psn|[from] psn
|turn|37
|c|âsniperaim|!
|
|switch|p1a: Raikou|Raikou|289\/321
|-ability|p1a: Raikou|Pressure
|move|p2a: Mienshao|High Jump Kick|p1a: Raikou|[miss]
|-miss|p2a: Mienshao|p1a: Raikou
|-damage|p2a: Mienshao|0 fnt|[from] highjumpkick
|faint|p2a: Mienshao
|
|win|sniperaim
|c|âmeowie_Â­(ã)_\/Â¯kins|ofc
|c|âmeowie_Â­(ã)_\/Â¯kins|lol
|c|âsniperaim|lol gg
|c|âmeowie_Â­(ã)_\/Â¯kins|high jump miss too op
|join|OmegaW
|c|âmeowie_Â­(ã)_\/Â¯kins|gg
|c|âsniperaim|haha
|c|âmeowie_Â­(ã)_\/Â¯kins|if i hit the 1st one
|c|âmeowie_Â­(ã)_\/Â¯kins|i may have had a shot
|c|âsniperaim|yeai was in trouble
|c|âsniperaim|them crits
|c|âmeowie_Â­(ã)_\/Â¯kins|because i couldve
|c|âmeowie_Â­(ã)_\/Â¯kins|healing wished later
|c|âmeowie_Â­(ã)_\/Â¯kins|or something
|c|âmeowie_Â­(ã)_\/Â¯kins|idk
|c|âmeowie_Â­(ã)_\/Â¯kins|im tired as fk
|c|âmeowie_Â­(ã)_\/Â¯kins|lol
|c|âsniperaim|yea ur team
|c|âsniperaim|is too
|c|âsniperaim|colt turny
|c|âsniperaim|for me
|c|âsniperaim|volt
|c|âsniperaim|like u dont give up no mometum
|c|âmeowie_Â­(ã)_\/Â¯kins|volt turn is my go to
|c|âmeowie_Â­(ã)_\/Â¯kins|when im shit in a meta
|c|âsniperaim|is that ur play style?
|c|âsniperaim|i never seen u do this
|c|âmeowie_Â­(ã)_\/Â¯kins|i did it ways back
|c|âmeowie_Â­(ã)_\/Â¯kins|in beta
|c|âsniperaim|oh its good
|c|âsniperaim|o.o
|c|âmeowie_Â­(ã)_\/Â¯kins|ye i dont like playing it that much
|leave|OmegaW
|c|âmeowie_Â­(ã)_\/Â¯kins|but im not bad at building it
|c|âsniperaim|im
|c|âsniperaim|shit
|c|âsniperaim|at team building
|c|âsniperaim|now
|c|âmeowie_Â­(ã)_\/Â¯kins|same
|c|âsniperaim|:s
|c|âmeowie_Â­(ã)_\/Â¯kins|:[[
|c|âsniperaim|like i feel like
|c|âsniperaim|theres too much to counter
|c|âmeowie_Â­(ã)_\/Â¯kins|this is my first decent team
|c|âsniperaim|to build a stable team
|c|âmeowie_Â­(ã)_\/Â¯kins|since oras
|c|âmeowie_Â­(ã)_\/Â¯kins|and ye
|c|âsniperaim|nah ur sheddy team is strong
|c|âmeowie_Â­(ã)_\/Â¯kins|>since oras
|c|âsniperaim|o
|c|âsniperaim|lol
|c|âmeowie_Â­(ã)_\/Â¯kins|that team is old as fk
|c|âmeowie_Â­(ã)_\/Â¯kins|lol
|c|âsniperaim|well i havent played u in like a month
|c|âsniperaim|i would know
|c|âsniperaim|i just watch u
|c|âmeowie_Â­(ã)_\/Â¯kins|tru
|c|âmeowie_Â­(ã)_\/Â¯kins|also my froslass team is ded now
|c|âmeowie_Â­(ã)_\/Â¯kins|:[