|join|sniperaim
|join|So Dynamic
|player|p1|sniperaim|220
|player|p2|So Dynamic|5
|gametype|singles
|gen|6
|tier|UU
|rule|Sleep Clause Mod: Limit one foe put to sleep
|rule|Species Clause: Limit one of each PokÃ©mon
|rule|OHKO Clause: OHKO moves are banned
|rule|Moody Clause: Moody is banned
|rule|Evasion Moves Clause: Evasion moves are banned
|rule|Endless Battle Clause: Forcing endless battles is banned
|rule|HP Percentage Mod: HP is shown in percentages
|clearpoke
|poke|p1|Aerodactyl, F
|poke|p1|Jirachi
|poke|p1|Forretress, F
|poke|p1|Vaporeon, F
|poke|p1|Roserade, M
|poke|p1|Hydreigon, M
|poke|p2|Cobalion, shiny
|poke|p2|Florges, F
|poke|p2|Forretress, M
|poke|p2|Celebi
|poke|p2|Aerodactyl, M
|poke|p2|Swampert, M
|rule|Swagger Clause: Swagger is banned
|rule|Baton Pass Clause: Limit one PokÃ©mon knowing Baton Pass
|teampreview
|c|âSo Dynamic|gl hf
|c|âsniperaim|u 2
|
|start
|switch|p1a: Roserade|Roserade, M|324\/324
|switch|p2a: Swampert|Swampert, M|401\/401
|turn|1
|
|switch|p2a: Forretress|Forretress, M|354\/354
|move|p1a: Roserade|Toxic Spikes|p2a: Forretress
|-sidestart|p2: So Dynamic|move: Toxic Spikes
|
|turn|2
|
|switch|p1a: Vaporeon|Vaporeon, F|464\/464
|switch|p2a: Aerodactyl|Aerodactyl, M|327\/327
|
|turn|3
|
|switch|p2a: Florges|Florges, F|360\/360
|-status|p2a: Florges|psn
|move|p1a: Vaporeon|Scald|p2a: Florges
|-damage|p2a: Florges|291\/360 psn
|
|-heal|p2a: Florges|313\/360 psn|[from] item: Leftovers
|-damage|p2a: Florges|268\/360 psn|[from] psn
|turn|4
|
|switch|p1a: Forretress|Forretress, F|354\/354
|move|p2a: Florges|Wish|p2a: Florges
|
|-heal|p2a: Florges|290\/360 psn|[from] item: Leftovers
|-damage|p2a: Florges|245\/360 psn|[from] psn
|turn|5
|
|switch|p2a: Forretress|Forretress, M|354\/354
|switch|p1a: Roserade|Roserade, M|324\/324
|
|turn|6
|
|switch|p1a: Vaporeon|Vaporeon, F|464\/464
|move|p2a: Forretress|Rapid Spin|p1a: Vaporeon
|-damage|p1a: Vaporeon|446\/464
|-sideend|p2: So Dynamic|Toxic Spikes|[from] move: Rapid Spin|[of] p2a: Forretress
|
|-heal|p1a: Vaporeon|464\/464|[from] item: Leftovers
|turn|7
|
|move|p1a: Vaporeon|Scald|p2a: Forretress
|-damage|p2a: Forretress|194\/354
|move|p2a: Forretress|Spikes|p1a: Vaporeon
|-sidestart|p1: sniperaim|Spikes
|
|-heal|p2a: Forretress|216\/354|[from] item: Leftovers
|turn|8
|
|switch|p2a: Celebi|Celebi|341\/341
|move|p1a: Vaporeon|Scald|p2a: Celebi
|-resisted|p2a: Celebi
|-damage|p2a: Celebi|289\/341
|
|-heal|p2a: Celebi|310\/341|[from] item: Leftovers
|turn|9
|
|switch|p1a: Forretress|Forretress, F|354\/354
|-damage|p1a: Forretress|310\/354|[from] Spikes
|move|p2a: Celebi|Giga Drain|p1a: Forretress
|-resisted|p1a: Forretress
|-damage|p1a: Forretress|282\/354
|-heal|p2a: Celebi|324\/341|[from] drain|[of] p1a: Forretress
|
|-heal|p2a: Celebi|341\/341|[from] item: Leftovers
|-heal|p1a: Forretress|304\/354|[from] item: Leftovers
|turn|10
|
|switch|p2a: Cobalion|Cobalion, shiny|324\/324
|move|p1a: Forretress|Stealth Rock|p2a: Cobalion
|-sidestart|p2: So Dynamic|move: Stealth Rock
|
|-heal|p1a: Forretress|326\/354|[from] item: Leftovers
|turn|11
|
|switch|p1a: Vaporeon|Vaporeon, F|464\/464
|-damage|p1a: Vaporeon|406\/464|[from] Spikes
|move|p2a: Cobalion|Substitute|p2a: Cobalion
|-start|p2a: Cobalion|Substitute
|-damage|p2a: Cobalion|243\/324
|
|-heal|p2a: Cobalion|263\/324|[from] item: Leftovers
|-heal|p1a: Vaporeon|435\/464|[from] item: Leftovers
|turn|12
|
|move|p2a: Cobalion|Close Combat|p1a: Vaporeon
|-damage|p1a: Vaporeon|242\/464
|-unboost|p2a: Cobalion|def|1
|-unboost|p2a: Cobalion|spd|1
|move|p1a: Vaporeon|Scald|p2a: Cobalion
|-end|p2a: Cobalion|Substitute
|
|-heal|p2a: Cobalion|283\/324|[from] item: Leftovers
|-heal|p1a: Vaporeon|271\/464|[from] item: Leftovers
|turn|13
|
|move|p2a: Cobalion|Substitute|p2a: Cobalion
|-start|p2a: Cobalion|Substitute
|-damage|p2a: Cobalion|202\/324
|move|p1a: Vaporeon|Wish|p1a: Vaporeon
|
|-heal|p2a: Cobalion|222\/324|[from] item: Leftovers
|-heal|p1a: Vaporeon|300\/464|[from] item: Leftovers
|turn|14
|
|move|p2a: Cobalion|Close Combat|p1a: Vaporeon
|-damage|p1a: Vaporeon|119\/464
|-unboost|p2a: Cobalion|def|1
|-unboost|p2a: Cobalion|spd|1
|move|p1a: Vaporeon|Scald|p2a: Cobalion
|-end|p2a: Cobalion|Substitute
|
|-heal|p1a: Vaporeon|351\/464|[from] move: Wish|[wisher] Vaporeon
|-heal|p2a: Cobalion|242\/324|[from] item: Leftovers
|-heal|p1a: Vaporeon|380\/464|[from] item: Leftovers
|turn|15
|
|switch|p2a: Celebi|Celebi|341\/341
|-damage|p2a: Celebi|299\/341|[from] Stealth Rock
|move|p1a: Vaporeon|Scald|p2a: Celebi
|-resisted|p2a: Celebi
|-damage|p2a: Celebi|251\/341
|
|-heal|p2a: Celebi|272\/341|[from] item: Leftovers
|-heal|p1a: Vaporeon|409\/464|[from] item: Leftovers
|turn|16
|
|switch|p1a: Hydreigon|Hydreigon, M|325\/325
|move|p2a: Celebi|Nasty Plot|p2a: Celebi
|-boost|p2a: Celebi|spa|2
|
|-heal|p2a: Celebi|293\/341|[from] item: Leftovers
|turn|17
|
|switch|p2a: Cobalion|Cobalion, shiny|242\/324
|-damage|p2a: Cobalion|232\/324|[from] Stealth Rock
|move|p1a: Hydreigon|U-turn|p2a: Cobalion
|-resisted|p2a: Cobalion
|-damage|p2a: Cobalion|222\/324
|
|switch|p1a: Vaporeon|Vaporeon, F|409\/464
|-damage|p1a: Vaporeon|351\/464|[from] Spikes
|
|-heal|p2a: Cobalion|242\/324|[from] item: Leftovers
|-heal|p1a: Vaporeon|380\/464|[from] item: Leftovers
|turn|18
|
|switch|p2a: Florges|Florges, F|245\/360 psn
|-damage|p2a: Florges|200\/360 psn|[from] Stealth Rock
|move|p1a: Vaporeon|Scald|p2a: Florges
|-damage|p2a: Florges|142\/360 psn
|
|-heal|p2a: Florges|164\/360 psn|[from] item: Leftovers
|-heal|p1a: Vaporeon|409\/464|[from] item: Leftovers
|-damage|p2a: Florges|119\/360 psn|[from] psn
|turn|19
|
|switch|p1a: Roserade|Roserade, M|324\/324
|-damage|p1a: Roserade|284\/324|[from] Spikes
|move|p2a: Florges|Aromatherapy|p2a: Florges
|-cureteam|p2a: Florges|[from] move: Aromatherapy
|
|-heal|p1a: Roserade|304\/324|[from] item: Black Sludge
|-heal|p2a: Florges|141\/360|[from] item: Leftovers
|turn|20
|
|switch|p2a: Forretress|Forretress, M|216\/354
|-damage|p2a: Forretress|172\/354|[from] Stealth Rock
|move|p1a: Roserade|Sludge Bomb|p2a: Forretress
|-immune|p2a: Forretress|[msg]
|
|-heal|p1a: Roserade|324\/324|[from] item: Black Sludge
|-heal|p2a: Forretress|194\/354|[from] item: Leftovers
|turn|21
|
|move|p1a: Roserade|Giga Drain|p2a: Forretress
|-resisted|p2a: Forretress
|-damage|p2a: Forretress|154\/354
|move|p2a: Forretress|Volt Switch|p1a: Roserade
|-resisted|p1a: Roserade
|-damage|p1a: Roserade|312\/324
|
|switch|p2a: Cobalion|Cobalion, shiny|242\/324
|-damage|p2a: Cobalion|232\/324|[from] Stealth Rock
|
|-heal|p2a: Cobalion|252\/324|[from] item: Leftovers
|-heal|p1a: Roserade|324\/324|[from] item: Black Sludge
|turn|22
|
|switch|p1a: Jirachi|Jirachi|342\/342
|-damage|p1a: Jirachi|300\/342|[from] Spikes
|move|p2a: Cobalion|Substitute|p2a: Cobalion
|-start|p2a: Cobalion|Substitute
|-damage|p2a: Cobalion|171\/324
|
|-heal|p2a: Cobalion|191\/324|[from] item: Leftovers
|-heal|p1a: Jirachi|321\/342|[from] item: Leftovers
|turn|23
|
|move|p2a: Cobalion|Swords Dance|p2a: Cobalion
|-boost|p2a: Cobalion|atk|2
|move|p1a: Jirachi|Fire Punch|p2a: Cobalion
|-supereffective|p2a: Cobalion
|-end|p2a: Cobalion|Substitute
|
|-heal|p2a: Cobalion|211\/324|[from] item: Leftovers
|-heal|p1a: Jirachi|342\/342|[from] item: Leftovers
|turn|24
|
|move|p2a: Cobalion|Swords Dance|p2a: Cobalion
|-boost|p2a: Cobalion|atk|2
|move|p1a: Jirachi|Fire Punch|p2a: Cobalion
|-supereffective|p2a: Cobalion
|-damage|p2a: Cobalion|95\/324
|
|-heal|p2a: Cobalion|115\/324|[from] item: Leftovers
|turn|25
|
|switch|p1a: Forretress|Forretress, F|326\/354
|-damage|p1a: Forretress|282\/354|[from] Spikes
|move|p2a: Cobalion|Close Combat|p1a: Forretress
|-damage|p1a: Forretress|0 fnt
|-unboost|p2a: Cobalion|def|1
|-unboost|p2a: Cobalion|spd|1
|faint|p1a: Forretress
|
|-heal|p2a: Cobalion|135\/324|[from] item: Leftovers
|
|switch|p1a: Hydreigon|Hydreigon, M|325\/325
|turn|26
|
|switch|p2a: Swampert|Swampert, M|401\/401
|-damage|p2a: Swampert|376\/401|[from] Stealth Rock
|move|p1a: Hydreigon|Fire Blast|p2a: Swampert
|-crit|p2a: Swampert
|-resisted|p2a: Swampert
|-damage|p2a: Swampert|266\/401
|
|-heal|p2a: Swampert|291\/401|[from] item: Leftovers
|turn|27
|
|switch|p1a: Roserade|Roserade, M|324\/324
|-damage|p1a: Roserade|284\/324|[from] Spikes
|move|p2a: Swampert|Stealth Rock|p1a: Roserade
|-sidestart|p1: sniperaim|move: Stealth Rock
|
|-heal|p1a: Roserade|304\/324|[from] item: Black Sludge
|-heal|p2a: Swampert|316\/401|[from] item: Leftovers
|turn|28
|join|Uncool Sean
|
|switch|p1a: Aerodactyl|Aerodactyl, F|317\/317
|-damage|p1a: Aerodactyl|238\/317|[from] Stealth Rock
|move|p2a: Swampert|Protect|p2a: Swampert
|-fail|p2a: Swampert
|
|-heal|p2a: Swampert|341\/401|[from] item: Leftovers
|turn|29
|c| Uncool Sean|watch him put you to sleep with sludge bomb
|c|âSo Dynamic|what
|
|switch|p1a: Vaporeon|Vaporeon, F|409\/464
|-damage|p1a: Vaporeon|351\/464|[from] Spikes
|-damage|p1a: Vaporeon|293\/464|[from] Stealth Rock
|move|p2a: Swampert|Earthquake|p1a: Vaporeon
|-damage|p1a: Vaporeon|137\/464
|
|-heal|p1a: Vaporeon|166\/464|[from] item: Leftovers
|-heal|p2a: Swampert|366\/401|[from] item: Leftovers
|turn|30
|
|move|p1a: Vaporeon|Wish|p1a: Vaporeon
|move|p2a: Swampert|Earthquake|p1a: Vaporeon
|-damage|p1a: Vaporeon|28\/464
|
|-heal|p1a: Vaporeon|57\/464|[from] item: Leftovers
|-heal|p2a: Swampert|391\/401|[from] item: Leftovers
|turn|31
|
|switch|p2a: Florges|Florges, F|141\/360
|-damage|p2a: Florges|96\/360|[from] Stealth Rock
|move|p1a: Vaporeon|Protect|p1a: Vaporeon
|-fail|p1a: Vaporeon
|
|-heal|p1a: Vaporeon|289\/464|[from] move: Wish|[wisher] Vaporeon
|-heal|p2a: Florges|118\/360|[from] item: Leftovers
|-heal|p1a: Vaporeon|318\/464|[from] item: Leftovers
|turn|32
|join|C MIKE RACK
|c| Uncool Sean|FILSDEPUTE MERDE: allah u akbar
|
|switch|p1a: Jirachi|Jirachi|342\/342
|-damage|p1a: Jirachi|321\/342|[from] Stealth Rock
|-damage|p1a: Jirachi|279\/342|[from] Spikes
|move|p2a: Florges|Wish|p2a: Florges
|
|-heal|p1a: Jirachi|300\/342|[from] item: Leftovers
|-heal|p2a: Florges|140\/360|[from] item: Leftovers
|turn|33
|join|Just for Fun :D
|join|Donphantastic
|
|switch|p2a: Forretress|Forretress, M|154\/354
|-damage|p2a: Forretress|110\/354|[from] Stealth Rock
|move|p1a: Jirachi|Substitute|p1a: Jirachi
|-start|p1a: Jirachi|Substitute
|-damage|p1a: Jirachi|215\/342
|
|-heal|p2a: Forretress|290\/354|[from] move: Wish|[wisher] Florges
|-heal|p1a: Jirachi|236\/342|[from] item: Leftovers
|-heal|p2a: Forretress|312\/354|[from] item: Leftovers
|turn|34
|c| Just for Fun :D|is dis ladder?
|c|âSo Dynamic|n
|c| Just for Fun :D|kk
|
|move|p1a: Jirachi|Fire Punch|p2a: Forretress
|-supereffective|p2a: Forretress
|-damage|p2a: Forretress|148\/354
|move|p2a: Forretress|Rapid Spin|p1a: Jirachi
|-resisted|p1a: Jirachi
|-activate|p1a: Jirachi|Substitute|[damage]
|-sideend|p2: So Dynamic|Stealth Rock|[from] move: Rapid Spin|[of] p2a: Forretress
|
|-heal|p1a: Jirachi|257\/342|[from] item: Leftovers
|-heal|p2a: Forretress|170\/354|[from] item: Leftovers
|turn|35
|c| C MIKE RACK|niqqa snipe tryina pull a smart one on me
|c| Uncool Sean|theres no timer lel
|c|âSo Dynamic|sniper is helping me
|c| C MIKE RACK|:(
|c|âSo Dynamic|get replays for research week
|c|âSo Dynamic|and hes testing a team
|
|switch|p2a: Swampert|Swampert, M|391\/401
|move|p1a: Jirachi|Toxic|p2a: Swampert
|-status|p2a: Swampert|tox
|
|-heal|p1a: Jirachi|278\/342|[from] item: Leftovers
|-heal|p2a: Swampert|401\/401 tox|[from] item: Leftovers
|-damage|p2a: Swampert|376\/401 tox|[from] psn
|turn|36
|c| Uncool Sean|>tfw they see this chat
|c| Uncool Sean|kek
|c| C MIKE RACK|snipe u shud try mix work up mianshao :)
|
|switch|p2a: Celebi|Celebi|293\/341
|move|p1a: Jirachi|Iron Head|p2a: Celebi
|-damage|p2a: Celebi|173\/341
|
|-heal|p1a: Jirachi|299\/342|[from] item: Leftovers
|-heal|p2a: Celebi|194\/341|[from] item: Leftovers
|turn|37
|c|âsniperaim|i need lo rade
|c| Just for Fun :D|can someone explain in slight detail wtf research weak is?
|
|move|p2a: Celebi|Earth Power|p1a: Jirachi
|-supereffective|p1a: Jirachi
|-end|p1a: Jirachi|Substitute
|move|p1a: Jirachi|Iron Head|p2a: Celebi
|-damage|p2a: Celebi|67\/341
|
|-heal|p2a: Celebi|88\/341|[from] item: Leftovers
|-heal|p1a: Jirachi|320\/342|[from] item: Leftovers
|turn|38
|c| Uncool Sean|sd pass mienshao is nothing but the realest
|c|âSo Dynamic|ye lo rade is my favorite
|
|switch|p1a: Hydreigon|Hydreigon, M|325\/325
|-damage|p1a: Hydreigon|285\/325|[from] Stealth Rock
|move|p2a: Celebi|Earth Power|p1a: Hydreigon
|-immune|p1a: Hydreigon|[msg]
|
|-heal|p2a: Celebi|109\/341|[from] item: Leftovers
|turn|39
|
|switch|p2a: Aerodactyl|Aerodactyl, M|327\/327
|move|p1a: Hydreigon|U-turn|p2a: Aerodactyl
|-resisted|p2a: Aerodactyl
|-damage|p2a: Aerodactyl|293\/327
|join|daedalus1103
|
|switch|p1a: Vaporeon|Vaporeon, F|318\/464
|-damage|p1a: Vaporeon|260\/464|[from] Spikes
|-damage|p1a: Vaporeon|202\/464|[from] Stealth Rock
|
|-heal|p1a: Vaporeon|231\/464|[from] item: Leftovers
|turn|40
|
|switch|p2a: Florges|Florges, F|140\/360
|move|p1a: Vaporeon|Wish|p1a: Vaporeon
|
|-heal|p2a: Florges|162\/360|[from] item: Leftovers
|-heal|p1a: Vaporeon|260\/464|[from] item: Leftovers
|turn|41
|
|move|p2a: Florges|Wish|p2a: Florges
|move|p1a: Vaporeon|Scald|p2a: Florges
|-damage|p2a: Florges|102\/360
|
|-heal|p1a: Vaporeon|464\/464|[from] move: Wish|[wisher] Vaporeon
|-heal|p2a: Florges|124\/360|[from] item: Leftovers
|turn|42
|
|switch|p1a: Jirachi|Jirachi|320\/342
|-damage|p1a: Jirachi|278\/342|[from] Spikes
|-damage|p1a: Jirachi|257\/342|[from] Stealth Rock
|move|p2a: Florges|Aromatherapy|p2a: Florges
|-cureteam|p2a: Florges|[from] move: Aromatherapy
|
|-heal|p2a: Florges|304\/360|[from] move: Wish|[wisher] Florges
|-heal|p1a: Jirachi|278\/342|[from] item: Leftovers
|-heal|p2a: Florges|326\/360|[from] item: Leftovers
|turn|43
|leave|daedalus1103
|
|switch|p2a: Swampert|Swampert, M|376\/401
|move|p1a: Jirachi|Substitute|p1a: Jirachi
|-start|p1a: Jirachi|Substitute
|-damage|p1a: Jirachi|193\/342
|
|-heal|p1a: Jirachi|214\/342|[from] item: Leftovers
|-heal|p2a: Swampert|401\/401|[from] item: Leftovers
|turn|44
|
|move|p1a: Jirachi|Toxic|p2a: Swampert
|-status|p2a: Swampert|tox
|move|p2a: Swampert|Earthquake|p1a: Jirachi
|-supereffective|p1a: Jirachi
|-end|p1a: Jirachi|Substitute
|
|-heal|p1a: Jirachi|235\/342|[from] item: Leftovers
|-damage|p2a: Swampert|376\/401 tox|[from] psn
|turn|45
|c| C MIKE RACK|!learn, hydreigon defog
|
|move|p1a: Jirachi|Iron Head|p2a: Swampert
|-resisted|p2a: Swampert
|-damage|p2a: Swampert|331\/401 tox
|move|p2a: Swampert|Earthquake|p1a: Jirachi
|-supereffective|p1a: Jirachi
|-damage|p1a: Jirachi|0 fnt
|faint|p1a: Jirachi
|
|-heal|p2a: Swampert|356\/401 tox|[from] item: Leftovers
|-damage|p2a: Swampert|306\/401 tox|[from] psn
|c| Just for Fun :D|it doesnt
|c|âSo Dynamic|well trained pert
|
|switch|p1a: Roserade|Roserade, M|304\/324
|-damage|p1a: Roserade|264\/324|[from] Stealth Rock
|-damage|p1a: Roserade|224\/324|[from] Spikes
|turn|46
|
|switch|p2a: Forretress|Forretress, M|170\/354
|move|p1a: Roserade|Giga Drain|p2a: Forretress
|-resisted|p2a: Forretress
|-damage|p2a: Forretress|133\/354
|-heal|p1a: Roserade|243\/324|[from] drain|[of] p2a: Forretress
|
|-heal|p1a: Roserade|263\/324|[from] item: Black Sludge
|-heal|p2a: Forretress|155\/354|[from] item: Leftovers
|turn|47
|c| Just for Fun :D|why does that never happened to me
|c| Just for Fun :D|i got para flinched 9 times in a row while I was #17 on 1v1 ladder
|
|switch|p1a: Hydreigon|Hydreigon, M|285\/325
|-damage|p1a: Hydreigon|245\/325|[from] Stealth Rock
|move|p2a: Forretress|Volt Switch|p1a: Hydreigon
|-resisted|p1a: Hydreigon
|-damage|p1a: Hydreigon|225\/325
|c|âSo Dynamic|the smae
|c| Just for Fun :D|and smacked me down to like 100
|c|âSo Dynamic|happened to me
|c|âSo Dynamic|i just got locky
|
|switch|p2a: Aerodactyl|Aerodactyl, M|293\/327
|
|turn|48
|c| Just for Fun :D|literally nine times. i was zard x
|
|detailschange|p2a: Aerodactyl|Aerodactyl-Mega, M
|message|Aerodactyl has Mega Evolved into Mega Aerodactyl!
|move|p1a: Hydreigon|Draco Meteor|p2a: Aerodactyl
|-damage|p2a: Aerodactyl|65\/327
|-unboost|p1a: Hydreigon|spa|2
|move|p2a: Aerodactyl|Stone Edge|p1a: Hydreigon
|-damage|p1a: Hydreigon|0 fnt
|faint|p1a: Hydreigon
|
|c| Just for Fun :D|lmfao :')
|c| Just for Fun :D|aero is power
|
|switch|p1a: Vaporeon|Vaporeon, F|464\/464
|-damage|p1a: Vaporeon|406\/464|[from] Stealth Rock
|-damage|p1a: Vaporeon|348\/464|[from] Spikes
|turn|49
|
|switch|p2a: Florges|Florges, F|326\/360
|move|p1a: Vaporeon|Scald|p2a: Florges
|-damage|p2a: Florges|257\/360
|
|-heal|p2a: Florges|279\/360|[from] item: Leftovers
|-heal|p1a: Vaporeon|377\/464|[from] item: Leftovers
|turn|50
|leave|C MIKE RACK
|
|move|p2a: Florges|Aromatherapy|p2a: Florges
|-cureteam|p2a: Florges|[from] move: Aromatherapy
|move|p1a: Vaporeon|Wish|p1a: Vaporeon
|
|-heal|p2a: Florges|301\/360|[from] item: Leftovers
|-heal|p1a: Vaporeon|406\/464|[from] item: Leftovers
|turn|51
|
|switch|p1a: Aerodactyl|Aerodactyl, F|238\/317
|-damage|p1a: Aerodactyl|159\/317|[from] Stealth Rock
|move|p2a: Florges|Wish|p2a: Florges
|
|-heal|p1a: Aerodactyl|317\/317|[from] move: Wish|[wisher] Vaporeon
|-heal|p2a: Florges|323\/360|[from] item: Leftovers
|turn|52
|
|switch|p2a: Forretress|Forretress, M|155\/354
|detailschange|p1a: Aerodactyl|Aerodactyl-Mega, F
|message|Aerodactyl has Mega Evolved into Mega Aerodactyl!
|move|p1a: Aerodactyl|Hone Claws|p1a: Aerodactyl
|-boost|p1a: Aerodactyl|atk|1
|-boost|p1a: Aerodactyl|accuracy|1
|
|-heal|p2a: Forretress|335\/354|[from] move: Wish|[wisher] Florges
|-heal|p2a: Forretress|354\/354|[from] item: Leftovers
|turn|53
|
|move|p1a: Aerodactyl|Stone Edge|p2a: Forretress
|-damage|p2a: Forretress|185\/354
|move|p2a: Forretress|Gyro Ball|p1a: Aerodactyl
|-supereffective|p1a: Aerodactyl
|-damage|p1a: Aerodactyl|17\/317
|
|-heal|p2a: Forretress|207\/354|[from] item: Leftovers
|turn|54
|
|move|p1a: Aerodactyl|Stone Edge|p2a: Forretress
|-damage|p2a: Forretress|62\/354
|move|p2a: Forretress|Volt Switch|p1a: Aerodactyl
|-supereffective|p1a: Aerodactyl
|-damage|p1a: Aerodactyl|0 fnt
|faint|p1a: Aerodactyl
|
|switch|p2a: Celebi|Celebi|109\/341
|
|-heal|p2a: Celebi|130\/341|[from] item: Leftovers
|
|switch|p1a: Roserade|Roserade, M|263\/324
|-damage|p1a: Roserade|223\/324|[from] Spikes
|-damage|p1a: Roserade|183\/324|[from] Stealth Rock
|turn|55
|
|move|p2a: Celebi|Psychic|p1a: Roserade
|-crit|p1a: Roserade
|-supereffective|p1a: Roserade
|-damage|p1a: Roserade|0 fnt
|faint|p1a: Roserade
|
|-heal|p2a: Celebi|151\/341|[from] item: Leftovers
|
|switch|p1a: Vaporeon|Vaporeon, F|406\/464
|-damage|p1a: Vaporeon|348\/464|[from] Spikes
|-damage|p1a: Vaporeon|290\/464|[from] Stealth Rock
|turn|56
|
|move|p2a: Celebi|Giga Drain|p1a: Vaporeon
|-supereffective|p1a: Vaporeon
|-damage|p1a: Vaporeon|92\/464
|-heal|p2a: Celebi|250\/341|[from] drain|[of] p1a: Vaporeon
|move|p1a: Vaporeon|Scald|p2a: Celebi
|-resisted|p2a: Celebi
|-damage|p2a: Celebi|199\/341
|-status|p2a: Celebi|brn
|
|-heal|p2a: Celebi|220\/341 brn|[from] item: Leftovers
|-heal|p1a: Vaporeon|121\/464|[from] item: Leftovers
|-damage|p2a: Celebi|178\/341 brn|[from] brn
|turn|57
|c|âSo Dynamic|gg
|c|âsniperaim|gg
|
|move|p2a: Celebi|Giga Drain|p1a: Vaporeon
|-supereffective|p1a: Vaporeon
|-damage|p1a: Vaporeon|0 fnt
|-heal|p2a: Celebi|239\/341 brn|[from] drain|[of] p1a: Vaporeon
|faint|p1a: Vaporeon
|
|win|So Dynamic
|leave|sniperaim
|player|p1