|join|GeathDrips
|join|sniperaim
|player|p1|GeathDrips|49
|player|p2|sniperaim|220
|gametype|singles
|gen|6
|tier|UU
|rule|Sleep Clause Mod: Limit one foe put to sleep
|rule|Species Clause: Limit one of each PokÃ©mon
|rule|OHKO Clause: OHKO moves are banned
|rule|Moody Clause: Moody is banned
|rule|Evasion Moves Clause: Evasion moves are banned
|rule|Endless Battle Clause: Forcing endless battles is banned
|rule|HP Percentage Mod: HP is shown in percentages
|clearpoke
|poke|p1|Alakazam, F
|poke|p1|Lucario, F
|poke|p1|Jirachi
|poke|p1|Blastoise, M
|poke|p1|Rotom-Heat
|poke|p1|Nidoqueen, F
|poke|p2|Doublade, F, shiny
|poke|p2|Swampert, M
|poke|p2|Hydreigon, F
|poke|p2|Celebi
|poke|p2|Jirachi, shiny
|poke|p2|Porygon2, shiny
|rule|Swagger Clause: Swagger is banned
|rule|Baton Pass Clause: Limit one PokÃ©mon knowing Baton Pass
|teampreview
|join|Buuskeri
|c|âGeathDrips|ahh
|c|âGeathDrips|we meet again
|join|InnovativeUsername
|c|âGeathDrips|:>
|c|âsniperaim|indeed we go
|c|âGeathDrips|gl
|
|start
|switch|p1a: Blastoise|Blastoise, M|354\/354
|switch|p2a: Sage|Jirachi, shiny|342\/342
|turn|1
|
|move|p2a: Sage|Energy Ball|p1a: Blastoise
|-supereffective|p1a: Blastoise
|-damage|p1a: Blastoise|136\/354
|move|p1a: Blastoise|Scald|p2a: Sage
|-damage|p2a: Sage|215\/342
|
|turn|2
|c| Buuskeri|Daum Duablade looks fancy as fuck :S
|c|âGeathDrips|woops
|c|âGeathDrips|forgot to evolve l0l]
|c|âsniperaim|am
|
|switch|p1a: Jirachi|Jirachi|341\/341
|move|p2a: Sage|Energy Ball|p1a: Jirachi
|-resisted|p1a: Jirachi
|-damage|p1a: Jirachi|300\/341
|
|turn|3
|c|âsniperaim|dam
|
|switch|p2a: Mascot|Swampert, M|401\/401
|move|p1a: Jirachi|U-turn|p2a: Mascot
|-damage|p2a: Mascot|344\/401
|
|switch|p1a: Alakazam|Alakazam, F|252\/252
|
|-heal|p2a: Mascot|369\/401|[from] item: Leftovers
|turn|4
|
|switch|p1a: Lucario|Lucario, F|281\/281
|move|p2a: Mascot|Earthquake|p1a: Lucario
|-supereffective|p1a: Lucario
|-enditem|p1a: Lucario|Focus Sash
|-damage|p1a: Lucario|1\/281
|
|-heal|p2a: Mascot|394\/401|[from] item: Leftovers
|turn|5
|c|âGeathDrips|ouch
|c|âsniperaim|ah
|join|can luna sleep?
|c|âsniperaim|i thought it was fist plate
|c|âsniperaim|lmao
|c|âGeathDrips|lol
|c|âGeathDrips|sash offense
|c|âsniperaim|its good
|join|SYN Admin Tsk94
|
|switch|p1a: Alakazam|Alakazam, F|252\/252
|move|p2a: Mascot|Stealth Rock|p1a: Alakazam
|-sidestart|p1: GeathDrips|move: Stealth Rock
|
|-heal|p2a: Mascot|401\/401|[from] item: Leftovers
|turn|6
|
|switch|p2a: lol duck|Porygon2, shiny|374\/374
|-ability|p2a: lol duck|Magic Guard|[from] ability: Trace|[of] p1a: Alakazam
|move|p1a: Alakazam|Grass Knot|p2a: lol duck
|-damage|p2a: lol duck|336\/374
|
|turn|7
|join|MrAldoPls
|leave|can luna sleep?
|
|switch|p1a: Rotom-Heat|Rotom-Heat|241\/241
|-damage|p1a: Rotom-Heat|181\/241|[from] Stealth Rock
|move|p2a: lol duck|Tri Attack|p1a: Rotom-Heat
|-damage|p1a: Rotom-Heat|94\/241
|
|turn|8
|leave|SYN Admin Tsk94
|
|switch|p2a: Sage|Jirachi, shiny|215\/342
|move|p1a: Rotom-Heat|Trick|p2a: Sage
|-activate|p1a: Rotom-Heat|move: Trick|[of] p2a: Sage
|-item|p2a: Sage|Choice Specs|[from] move: Trick
|-item|p1a: Rotom-Heat|Expert Belt|[from] move: Trick
|
|turn|9
|
|move|p2a: Sage|Psyshock|p1a: Rotom-Heat
|-damage|p1a: Rotom-Heat|0 fnt
|faint|p1a: Rotom-Heat
|
|
|switch|p1a: Jirachi|Jirachi|300\/341
|-damage|p1a: Jirachi|279\/341|[from] Stealth Rock
|turn|10
|
|move|p1a: Jirachi|U-turn|p2a: Sage
|-damage|p2a: Sage|143\/342
|c|âGeathDrips|yeah i cant win anymore lol
|c|âsniperaim|hax me to death
|c|âsniperaim|man crits
|c|âGeathDrips|i need to pur crunch back on luke'
|c|âsniperaim|many
|c|âsniperaim|just for blades?
|c|âGeathDrips|or eq
|c|âGeathDrips|either way
|c|âsniperaim|i think eq is better
|
|switch|p1a: Blastoise|Blastoise, M|136\/354
|-damage|p1a: Blastoise|92\/354|[from] Stealth Rock
|move|p2a: Sage|Psyshock|p1a: Blastoise
|-damage|p1a: Blastoise|0 fnt
|faint|p1a: Blastoise
|
|
|switch|p1a: Jirachi|Jirachi|279\/341
|-damage|p1a: Jirachi|258\/341|[from] Stealth Rock
|turn|11
|
|switch|p2a: Mascot|Swampert, M|401\/401
|move|p1a: Jirachi|U-turn|p2a: Mascot
|-damage|p2a: Mascot|348\/401
|
|switch|p1a: Alakazam|Alakazam, F|252\/252
|
|-heal|p2a: Mascot|373\/401|[from] item: Leftovers
|turn|12
|
|switch|p2a: lol duck|Porygon2, shiny|336\/374
|-ability|p2a: lol duck|Magic Guard|[from] ability: Trace|[of] p1a: Alakazam
|move|p1a: Alakazam|Dazzling Gleam|p2a: lol duck
|-damage|p2a: lol duck|288\/374
|
|turn|13
|
|move|p1a: Alakazam|Calm Mind|p1a: Alakazam
|-boost|p1a: Alakazam|spa|1
|-boost|p1a: Alakazam|spd|1
|move|p2a: lol duck|Tri Attack|p1a: Alakazam
|-damage|p1a: Alakazam|180\/252
|-status|p1a: Alakazam|par
|
|turn|14
|
|switch|p2a: 2 bladez!|Doublade, F, shiny|321\/321
|move|p1a: Alakazam|Psyshock|p2a: 2 bladez!
|-resisted|p2a: 2 bladez!
|-damage|p2a: 2 bladez!|270\/321
|
|turn|15
|
|switch|p1a: Nidoqueen|Nidoqueen, F|361\/361
|-damage|p1a: Nidoqueen|339\/361|[from] Stealth Rock
|move|p2a: 2 bladez!|Shadow Sneak|p1a: Nidoqueen
|-damage|p1a: Nidoqueen|252\/361
|
|turn|16
|join|Emma Bae
|
|switch|p2a: lol duck|Porygon2, shiny|288\/374
|-ability|p2a: lol duck|Sheer Force|[from] ability: Trace|[of] p1a: Nidoqueen
|move|p1a: Nidoqueen|Stealth Rock|p2a: lol duck
|-sidestart|p2: sniperaim|move: Stealth Rock
|
|turn|17
|
|switch|p1a: Alakazam|Alakazam, F|180\/252 par
|move|p2a: lol duck|Tri Attack|p1a: Alakazam
|-damage|p1a: Alakazam|53\/252 par
|
|turn|18
|
|move|p2a: lol duck|Tri Attack|p1a: Alakazam
|-damage|p1a: Alakazam|0 fnt
|faint|p1a: Alakazam
|
|
|switch|p1a: Jirachi|Jirachi|258\/341
|-damage|p1a: Jirachi|237\/341|[from] Stealth Rock
|turn|19
|
|move|p1a: Jirachi|Healing Wish|p1a: Jirachi
|faint|p1a: Jirachi
|move|p2a: lol duck|Discharge|p1: Jirachi|[notarget]
|-notarget
|
|
|switch|p1a: Lucario|Lucario, F|1\/281
|-heal|p1a: Lucario|281\/281|[from] move: Healing Wish
|-damage|p1a: Lucario|273\/281|[from] Stealth Rock
|turn|20
|
|switch|p1a: Nidoqueen|Nidoqueen, F|252\/361
|-damage|p1a: Nidoqueen|230\/361|[from] Stealth Rock
|switch|p2a: 2 bladez!|Doublade, F, shiny|270\/321
|-damage|p2a: 2 bladez!|250\/321|[from] Stealth Rock
|
|turn|21
|
|switch|p2a: lol duck|Porygon2, shiny|288\/374
|-damage|p2a: lol duck|242\/374|[from] Stealth Rock
|-ability|p2a: lol duck|Sheer Force|[from] ability: Trace|[of] p1a: Nidoqueen
|move|p1a: Nidoqueen|Earth Power|p2a: lol duck
|-damage|p2a: lol duck|135\/374
|
|turn|22
|join|Billtodamax
|
|move|p1a: Nidoqueen|Sludge Wave|p2a: lol duck
|-damage|p2a: lol duck|26\/374
|move|p2a: lol duck|Recover|p2a: lol duck
|-heal|p2a: lol duck|213\/374
|
|turn|23
|c| Billtodamax|sniperaim when do you lose
|
|switch|p1a: Lucario|Lucario, F|273\/281
|-damage|p1a: Lucario|265\/281|[from] Stealth Rock
|move|p2a: lol duck|Tri Attack|p1a: Lucario
|-resisted|p1a: Lucario
|-damage|p1a: Lucario|175\/281
|
|turn|24
|c|âsniperaim|now
|c| Billtodamax|sd
|c| Billtodamax|sd
|c| Billtodamax|sd
|
|switch|p2a: 2 bladez!|Doublade, F, shiny|250\/321
|-damage|p2a: 2 bladez!|230\/321|[from] Stealth Rock
|move|p1a: Lucario|Close Combat|p2a: 2 bladez!
|-immune|p2a: 2 bladez!|[msg]
|
|turn|25
|c| Billtodamax|and reveal
|c| Billtodamax|eq
|c| Billtodamax|no
|
|move|p1a: Lucario|Close Combat|p2a: 2 bladez!
|-immune|p2a: 2 bladez!|[msg]
|move|p2a: 2 bladez!|Iron Head|p1a: Lucario
|-resisted|p1a: Lucario
|-damage|p1a: Lucario|88\/281
|
|turn|26
|leave|MrAldoPls
|c| Billtodamax|reveal
|c| Billtodamax|choice
|c| Billtodamax|ok
|
|switch|p1a: Nidoqueen|Nidoqueen, F|230\/361
|-damage|p1a: Nidoqueen|208\/361|[from] Stealth Rock
|move|p2a: 2 bladez!|Iron Head|p1a: Nidoqueen
|-damage|p1a: Nidoqueen|42\/361
|
|turn|27
|
|move|p2a: 2 bladez!|Shadow Sneak|p1a: Nidoqueen
|-damage|p1a: Nidoqueen|0 fnt
|faint|p1a: Nidoqueen
|
|c|âGeathDrips|gg. definitely fucked up
|
|switch|p1a: Lucario|Lucario, F|88\/281
|-damage|p1a: Lucario|80\/281|[from] Stealth Rock
|turn|28
|c|âsniperaim|gg
|
|move|p1a: Lucario|Close Combat|p2a: 2 bladez!
|-immune|p2a: 2 bladez!|[msg]
|move|p2a: 2 bladez!|Sacred Sword|p1a: Lucario
|-supereffective|p1a: Lucario
|-damage|p1a: Lucario|0 fnt
|faint|p1a: Lucario
|
|win|sniperaim
|leave|Billtodamax
|leave|GeathDrips
|player|p1
|leave|Buuskeri
|leave|InnovativeUsername