|join|sniperaim
|join|Fishstix
|player|p1|sniperaim|220
|player|p2|Fishstix|12
|gametype|singles
|gen|6
|tier|UU
|rule|Sleep Clause Mod: Limit one foe put to sleep
|rule|Species Clause: Limit one of each PokÃ©mon
|rule|OHKO Clause: OHKO moves are banned
|rule|Moody Clause: Moody is banned
|rule|Evasion Moves Clause: Evasion moves are banned
|rule|Endless Battle Clause: Forcing endless battles is banned
|rule|HP Percentage Mod: HP is shown in percentages
|clearpoke
|poke|p1|Abomasnow, M, shiny
|poke|p1|Jirachi, shiny
|poke|p1|Kyurem, shiny
|poke|p1|Porygon2
|poke|p1|Pelipper, M, shiny
|poke|p1|Cobalion, shiny
|poke|p2|Clefairy, F
|poke|p2|Tentacruel, F
|poke|p2|Umbreon, F
|poke|p2|Gastrodon, F
|poke|p2|Spiritomb, F
|poke|p2|Kyurem
|rule|Swagger Clause: Swagger is banned
|rule|Baton Pass Clause: Limit one PokÃ©mon knowing Baton Pass
|teampreview
|c|âFishstix|i dittod some1
|c|âFishstix|gotta learn ya know
|c|âsniperaim|this is hp's team
|c|âFishstix|whos that?
|c|âsniperaim|idk lol
|c|âsniperaim|but tis is his team
|c|âFishstix|i wish there was a faster yet easy team to use =[
|join|Buuskeri
|c|âsniperaim|where did u get
|c|âsniperaim|this
|c|âFishstix|it always happens that sittin back of defensive mons is easiest imo
|c|âFishstix|smogon rmt
|c|âFishstix|idk metagame
|c|âFishstix|gulp
|c| Buuskeri|O.o
|c|âsniperaim|oo yea its a good team
|c|âsniperaim|but
|c|âsniperaim|its stall
|c|âsniperaim|yuk
|c| Buuskeri|Spiritomb :)
|c|âFishstix|stall is easy if u hav the patience XD
|c|âFishstix|imo
|c|âFishstix|for me anyway
|c|âsniperaim|not to vs
|c|âFishstix|lol...
|c|âsniperaim|sigh
|c|âFishstix|idk metagame it wont be too bad
|c|âsniperaim|i suppose
|c| Buuskeri|I think you will make many friends with that team
|
|start
|switch|p1a: hokage|Jirachi, shiny|342\/342
|switch|p2a: Tentacruel|Tentacruel, F|364\/364
|turn|1
|c|âFishstix|ok so like if i remember correctly, jirachu doesnt run psychic moves right?
|c| Buuskeri|and if you are fisher... why you don't have pure fish team?
|c|âFishstix|lol
|c|âFishstix|i hav 2 waters is that not enuff
|
|move|p1a: hokage|Calm Mind|p1a: hokage
|-boost|p1a: hokage|spa|1
|-boost|p1a: hokage|spd|1
|move|p2a: Tentacruel|Knock Off|p1a: hokage
|-supereffective|p1a: hokage
|-damage|p1a: hokage|250\/342
|-enditem|p1a: hokage|Leftovers|[from] move: Knock Off|[of] p2a: Tentacruel
|
|turn|2
|c| Buuskeri|noope
|c|âFishstix|jirachi can tear the whole team apart
|c|âFishstix|hmm
|
|switch|p2a: Umbreon|Umbreon, F|394\/394
|move|p1a: hokage|Moonblast|p2a: Umbreon
|-supereffective|p2a: Umbreon
|-damage|p2a: Umbreon|230\/394
|-unboost|p2a: Umbreon|spa|1
|
|-heal|p2a: Umbreon|254\/394|[from] item: Leftovers
|turn|3
|join|Dudeman130498
|
|switch|p1a: Mr. 1|Cobalion, shiny|385\/385
|move|p2a: Umbreon|Protect|p2a: Umbreon
|-fail|p2a: Umbreon
|
|-heal|p2a: Umbreon|278\/394|[from] item: Leftovers
|turn|4
|
|move|p1a: Mr. 1|Stealth Rock|p2a: Umbreon
|-sidestart|p2: Fishstix|move: Stealth Rock
|move|p2a: Umbreon|Wish|p2a: Umbreon
|
|-heal|p2a: Umbreon|302\/394|[from] item: Leftovers
|turn|5
|
|switch|p2a: Tentacruel|Tentacruel, F|364\/364
|-damage|p2a: Tentacruel|319\/364|[from] Stealth Rock
|move|p1a: Mr. 1|Volt Switch|p2a: Tentacruel
|-supereffective|p2a: Tentacruel
|-damage|p2a: Tentacruel|235\/364
|c| Dudeman130498|pelipper
|
|switch|p1a: hokage|Jirachi, shiny|250\/342
|
|-heal|p2a: Tentacruel|364\/364|[from] move: Wish|[wisher] Umbreon
|turn|6
|c| Dudeman130498|is the counter yn
|c|âsniperaim|y
|
|move|p1a: hokage|Psyshock|p2a: Tentacruel
|-supereffective|p2a: Tentacruel
|-damage|p2a: Tentacruel|136\/364
|move|p2a: Tentacruel|Rapid Spin|p1a: hokage
|-resisted|p1a: hokage
|-damage|p1a: hokage|246\/342
|-sideend|p2: Fishstix|Stealth Rock|[from] move: Rapid Spin|[of] p2a: Tentacruel
|
|-heal|p2a: Tentacruel|158\/364|[from] item: Black Sludge
|turn|7
|c| Dudeman130498|what does pelipper
|
|switch|p2a: Clefairy|Clefairy, F|344\/344
|move|p1a: hokage|Calm Mind|p1a: hokage
|-boost|p1a: hokage|spa|1
|-boost|p1a: hokage|spd|1
|
|turn|8
|c| Dudeman130498|fucking counter
|c|âsniperaim|i check fire spam
|c|âsniperaim|nd
|c|âsniperaim|shao
|
|move|p1a: hokage|Calm Mind|p1a: hokage
|-boost|p1a: hokage|spa|1
|-boost|p1a: hokage|spd|1
|move|p2a: Clefairy|Stealth Rock|p1a: hokage
|-sidestart|p1: sniperaim|move: Stealth Rock
|
|turn|9
|c| Dudeman130498|there's like 80 million pokesthat do that better
|c| Dudeman130498|oll
|c|âFishstix|damn this jirachi
|c| Dudeman130498|wait
|c| Buuskeri|It is a bird
|c| Dudeman130498|are you actually the hp salt guy?
|c|âFishstix|lol who?
|c| Dudeman130498|or did you just stealt his team?
|c|âsniperaim|i wanted to have fun
|c|âFishstix|im a newb fyi
|c|âsniperaim|no its his team
|join|gobosox
|c| Dudeman130498|oh okay
|c| Dudeman130498|cause
|c| Dudeman130498|\/\/rank hp salt
|c| Dudeman130498|and 2 of those losesses
|c| Dudeman130498|losses*
|c|âFishstix|AHH
|c| Dudeman130498|were to my sub cm rachi
|c|âFishstix|that record omg
|c| gobosox|is that eviolite clefairy
|c|âFishstix|lmao
|c|âFishstix|so ur saying i have the worst matchup
|c| Dudeman130498|this isn't sub cm rachi
|c| Dudeman130498|but it still messes you upa bit
|c|âFishstix|its still calm mind
|c| Dudeman130498|if you let it set up like this
|c|âFishstix|and it has moonbl;ast
|c|âFishstix|umbre is this teams sp def glue =[
|c| Buuskeri|i guess you are fucked
|c|âsniperaim|goooo
|
|move|p1a: hokage|Moonblast|p2a: Clefairy
|-damage|p2a: Clefairy|166\/344
|-unboost|p2a: Clefairy|spa|1
|move|p2a: Clefairy|Calm Mind|p2a: Clefairy
|-boost|p2a: Clefairy|spa|1
|-boost|p2a: Clefairy|spd|1
|
|turn|10
|leave|gobosox
|c| Dudeman130498|snipe
|
|move|p1a: hokage|Psyshock|p2a: Clefairy
|-crit|p2a: Clefairy
|-damage|p2a: Clefairy|0 fnt
|faint|p2a: Clefairy
|
|c| Dudeman130498|just fucking get to +6 lol
|c|âFishstix|lol noo
|c|âsniperaim|lol
|c|âsniperaim|i shoulda but
|c|âsniperaim|i seem tomb
|c|âsniperaim|i scurb
|c| Dudeman130498|yeah
|c|âsniperaim|scurd
|c| Dudeman130498|true
|c| Dudeman130498|spiritomb is so goddamn cool
|c|âFishstix|damn it i had tomb grr
|c|âFishstix|i coulda predicted.. nahh 
|c|âsniperaim|p much
|c|âFishstix|=[
|
|switch|p2a: Spiritomb|Spiritomb, F|304\/304
|turn|11
|
|move|p2a: Spiritomb|Pursuit|p1a: hokage|[from]Pursuit
|-supereffective|p1a: hokage
|-damage|p1a: hokage|0 fnt
|faint|p1a: hokage
|
|c| Dudeman130498|bop
|
|switch|p1a: OU|Pelipper, M, shiny|322\/322
|-damage|p1a: OU|242\/322|[from] Stealth Rock
|turn|12
|c|âsniperaim|dang
|c|âFishstix|yaaa one kill lets go
|c|âFishstix|XD
|
|switch|p2a: Umbreon|Umbreon, F|302\/394
|move|p1a: OU|Defog|p2a: Umbreon
|-unboost|p2a: Umbreon|evasion|1
|-sideend|p1: sniperaim|Stealth Rock|[from] move: Defog|[of] p1a: OU
|
|-heal|p2a: Umbreon|326\/394|[from] item: Leftovers
|-heal|p1a: OU|262\/322|[from] item: Leftovers
|turn|13
|
|switch|p1a: Mr. 1|Cobalion, shiny|385\/385
|move|p2a: Umbreon|Wish|p2a: Umbreon
|
|-heal|p2a: Umbreon|350\/394|[from] item: Leftovers
|turn|14
|c|âFishstix|no more hazards =[[
|
|switch|p2a: Gastrodon|Gastrodon, F|426\/426
|move|p1a: Mr. 1|Stealth Rock|p2a: Gastrodon
|-sidestart|p2: Fishstix|move: Stealth Rock
|
|turn|15
|join|dingbat
|c|âFishstix|bad move =[[
|c| dingbat|rip
|c|âFishstix|for me
|
|switch|p1a: China|Porygon2|374\/374
|-ability|p1a: China|Storm Drain|[from] ability: Trace|[of] p2a: Gastrodon
|move|p2a: Gastrodon|Toxic|p1a: China
|-status|p1a: China|tox
|
|-damage|p1a: China|351\/374 tox|[from] psn
|turn|16
|
|switch|p2a: Umbreon|Umbreon, F|350\/394
|-damage|p2a: Umbreon|301\/394|[from] Stealth Rock
|move|p1a: China|Toxic|p2a: Umbreon
|-status|p2a: Umbreon|tox
|
|-heal|p2a: Umbreon|325\/394 tox|[from] item: Leftovers
|-damage|p2a: Umbreon|301\/394 tox|[from] psn
|-damage|p1a: China|305\/374 tox|[from] psn
|turn|17
|
|switch|p1a: Mr. 1|Cobalion, shiny|385\/385
|move|p2a: Umbreon|Heal Bell|p2a: Umbreon
|-cureteam|p2a: Umbreon|[from] move: HealBell
|
|-heal|p2a: Umbreon|325\/394|[from] item: Leftovers
|turn|18
|
|move|p1a: Mr. 1|Taunt|p2a: Umbreon
|-start|p2a: Umbreon|move: Taunt
|cant|p2a: Umbreon|move: Taunt|Wish
|
|-heal|p2a: Umbreon|349\/394|[from] item: Leftovers
|turn|19
|
|switch|p2a: Spiritomb|Spiritomb, F|304\/304
|-damage|p2a: Spiritomb|266\/304|[from] Stealth Rock
|move|p1a: Mr. 1|Volt Switch|p2a: Spiritomb
|-damage|p2a: Spiritomb|223\/304
|c|âFishstix|damn it im playin so bad
|c| Dudeman130498|tfw cobalion countered tomb
|
|switch|p1a: KILL THEM|Kyurem, shiny|391\/391
|-ability|p1a: KILL THEM|Pressure
|
|turn|20
|
|move|p1a: KILL THEM|Draco Meteor|p2a: Spiritomb
|-damage|p2a: Spiritomb|4\/304
|-unboost|p1a: KILL THEM|spa|2
|move|p2a: Spiritomb|Will-O-Wisp|p1a: KILL THEM
|-status|p1a: KILL THEM|brn
|
|-damage|p1a: KILL THEM|343\/391 brn|[from] brn
|turn|21
|c|âFishstix|ouchhhh
|c|âsniperaim|lol
|c|âFishstix|i thought ud sub
|c|âsniperaim|no im not sub
|c|âFishstix|idk meta so =[[
|c| Buuskeri|shadow sneak?
|
|switch|p1a: Mr. 1|Cobalion, shiny|385\/385
|switch|p2a: Tentacruel|Tentacruel, F|158\/364
|-damage|p2a: Tentacruel|113\/364|[from] Stealth Rock
|
|-heal|p2a: Tentacruel|135\/364|[from] item: Black Sludge
|turn|22
|
|move|p1a: Mr. 1|Volt Switch|p2a: Tentacruel
|-supereffective|p2a: Tentacruel
|-damage|p2a: Tentacruel|53\/364
|c| dingbat|sub is not as gud nowadyas
|c| Dudeman130498|nah sub is really cool
|
|switch|p1a: OU|Pelipper, M, shiny|262\/322
|move|p2a: Tentacruel|Rapid Spin|p1a: OU
|-damage|p1a: OU|255\/322
|-sideend|p2: Fishstix|Stealth Rock|[from] move: Rapid Spin|[of] p2a: Tentacruel
|
|-heal|p2a: Tentacruel|75\/364|[from] item: Black Sludge
|-heal|p1a: OU|275\/322|[from] item: Leftovers
|turn|23
|
|switch|p1a: China|Porygon2|305\/374 tox
|-ability|p1a: China|Liquid Ooze|[from] ability: Trace|[of] p2a: Tentacruel
|move|p2a: Tentacruel|Knock Off|p1a: China
|-crit|p1a: China
|-damage|p1a: China|261\/374 tox
|-enditem|p1a: China|Eviolite|[from] move: Knock Off|[of] p2a: Tentacruel
|
|-heal|p2a: Tentacruel|97\/364|[from] item: Black Sludge
|-damage|p1a: China|238\/374 tox|[from] psn
|turn|24
|c| Dudeman130498|sub destroys balance teams
|c| Dudeman130498|rekt
|
|switch|p2a: Umbreon|Umbreon, F|349\/394
|move|p1a: China|Discharge|p2a: Umbreon
|-damage|p2a: Umbreon|309\/394
|
|-heal|p2a: Umbreon|333\/394|[from] item: Leftovers
|-damage|p1a: China|192\/374 tox|[from] psn
|turn|25
|
|switch|p1a: Mr. 1|Cobalion, shiny|385\/385
|move|p2a: Umbreon|Wish|p2a: Umbreon
|
|-heal|p2a: Umbreon|357\/394|[from] item: Leftovers
|turn|26
|join|gobosox
|c| Buuskeri|btw doesn't pelipper get thunderbolt?
|c|âsniperaim|dont think so
|c| gobosox|dudeman, will you battle me after this nu. i need to test an nu team. and no it's not rain
|c| Dudeman130498|nah i'm bout to go to bed
|c|âsniperaim|im loosing patience
|c|âsniperaim|lol
|c| Dudeman130498|after snipe wins with aboma
|c| Buuskeri|Cause I have someking of memory of pelipper getting tbolt atleast in gen 3
|
|switch|p2a: Tentacruel|Tentacruel, F|97\/364
|move|p1a: Mr. 1|Volt Switch|p2a: Tentacruel
|-supereffective|p2a: Tentacruel
|-damage|p2a: Tentacruel|19\/364
|
|switch|p1a: President|Abomasnow, M, shiny|383\/383
|
|-heal|p2a: Tentacruel|216\/364|[from] move: Wish|[wisher] Umbreon
|-heal|p2a: Tentacruel|238\/364|[from] item: Black Sludge
|turn|27
|c| Buuskeri|or was it shock weave?
|c| Dudeman130498|wrong poke to set up on
|c| Buuskeri|EQ?
|c|âFishstix|hmm>
|
|switch|p2a: Umbreon|Umbreon, F|357\/394
|switch|p1a: China|Porygon2|192\/374 tox
|-ability|p1a: China|Synchronize|[from] ability: Trace|[of] p2a: Umbreon
|
|-heal|p2a: Umbreon|381\/394|[from] item: Leftovers
|-damage|p1a: China|169\/374 tox|[from] psn
|turn|28
|c|âFishstix|setup what?
|c|âsniperaim|sigh
|c| Dudeman130498|hail
|c| Dudeman130498|imo
|
|move|p2a: Umbreon|Wish|p2a: Umbreon
|move|p1a: China|Recover|p1a: China
|-heal|p1a: China|356\/374 tox
|
|-heal|p2a: Umbreon|394\/394|[from] item: Leftovers
|-damage|p1a: China|310\/374 tox|[from] psn
|turn|29
|
|switch|p2a: Spiritomb|Spiritomb, F|4\/304
|move|p1a: China|Discharge|p2a: Spiritomb
|-damage|p2a: Spiritomb|0 fnt
|faint|p2a: Spiritomb
|
|-damage|p1a: China|241\/374 tox|[from] psn
|c|âFishstix|worth a try =[
|c| Buuskeri|oh the humanity!
|c| Buuskeri|he was so young
|c| Buuskeri|how could you?!
|
|switch|p2a: Kyurem|Kyurem|400\/400
|-ability|p2a: Kyurem|Pressure
|turn|30
|
|switch|p1a: Mr. 1|Cobalion, shiny|385\/385
|move|p2a: Kyurem|Substitute|p2a: Kyurem
|-start|p2a: Kyurem|Substitute
|-damage|p2a: Kyurem|300\/400
|
|-heal|p2a: Kyurem|325\/400|[from] item: Leftovers
|turn|31
|c|âFishstix|idk what to do anymore =[[
|
|move|p1a: Mr. 1|Stealth Rock|p2a: Kyurem
|-sidestart|p2: Fishstix|move: Stealth Rock
|move|p2a: Kyurem|Dragon Tail|p1a: Mr. 1
|-resisted|p1a: Mr. 1
|-damage|p1a: Mr. 1|355\/385
|drag|p1a: KILL THEM|Kyurem, shiny|343\/391 brn
|-ability|p1a: KILL THEM|Pressure
|
|-heal|p2a: Kyurem|350\/400|[from] item: Leftovers
|-damage|p1a: KILL THEM|295\/391 brn|[from] brn
|turn|32
|
|switch|p1a: Mr. 1|Cobalion, shiny|355\/385
|move|p2a: Kyurem|Dragon Tail|p1a: Mr. 1|[miss]
|-miss|p2a: Kyurem|p1a: Mr. 1
|
|-heal|p1a: Mr. 1|379\/385|[from] item: Leftovers
|-heal|p2a: Kyurem|375\/400|[from] item: Leftovers
|turn|33
|c|âFishstix|XD
|c| Buuskeri|dat miss
|
|move|p1a: Mr. 1|Sacred Sword|p2a: Kyurem
|-supereffective|p2a: Kyurem
|-end|p2a: Kyurem|Substitute
|move|p2a: Kyurem|Dragon Tail|p1a: Mr. 1
|-resisted|p1a: Mr. 1
|-damage|p1a: Mr. 1|348\/385
|drag|p1a: OU|Pelipper, M, shiny|275\/322
|
|-heal|p2a: Kyurem|400\/400|[from] item: Leftovers
|-heal|p1a: OU|295\/322|[from] item: Leftovers
|turn|34
|
|switch|p1a: Mr. 1|Cobalion, shiny|348\/385
|move|p2a: Kyurem|Dragon Tail|p1a: Mr. 1|[miss]
|-miss|p2a: Kyurem|p1a: Mr. 1
|
|-heal|p1a: Mr. 1|372\/385|[from] item: Leftovers
|turn|35
|c|âFishstix|XD
|c| Buuskeri|O.o
|c| dingbat|lolololol
|join|DMT
|
|switch|p2a: Gastrodon|Gastrodon, F|426\/426
|-damage|p2a: Gastrodon|400\/426|[from] Stealth Rock
|move|p1a: Mr. 1|Sacred Sword|p2a: Gastrodon
|-crit|p2a: Gastrodon
|-damage|p2a: Gastrodon|273\/426
|
|-heal|p1a: Mr. 1|385\/385|[from] item: Leftovers
|-heal|p2a: Gastrodon|299\/426|[from] item: Leftovers
|turn|36
|join|deepseascald
|
|switch|p1a: President|Abomasnow, M, shiny|383\/383
|move|p2a: Gastrodon|Toxic|p1a: President
|-status|p1a: President|tox
|
|-heal|p2a: Gastrodon|325\/426|[from] item: Leftovers
|-damage|p1a: President|360\/383 tox|[from] psn
|turn|37
|
|switch|p2a: Umbreon|Umbreon, F|394\/394
|-damage|p2a: Umbreon|345\/394|[from] Stealth Rock
|move|p1a: President|Swords Dance|p1a: President
|-boost|p1a: President|atk|2
|
|-heal|p2a: Umbreon|369\/394|[from] item: Leftovers
|-damage|p1a: President|314\/383 tox|[from] psn
|turn|38
|c| Buuskeri|why you no mega?
|
|detailschange|p1a: President|Abomasnow-Mega, M, shiny
|message|Abomasnow has Mega Evolved into Mega Abomasnow!
|-weather|Hail
|move|p2a: Umbreon|Protect|p2a: Umbreon
|-singleturn|p2a: Umbreon|Protect
|move|p1a: President|Seed Bomb|p2a: Umbreon
|-activate|p2a: Umbreon|Protect
|
|-weather|Hail|[upkeep]
|-damage|p2a: Umbreon|345\/394|[from] hail
|-heal|p2a: Umbreon|369\/394|[from] item: Leftovers
|-damage|p1a: President|245\/383 tox|[from] psn
|turn|39
|c| dingbat|speed
|c| Buuskeri|oh
|
|move|p2a: Umbreon|Foul Play|p1a: President
|-damage|p1a: President|0 fnt
|faint|p1a: President
|
|-weather|Hail|[upkeep]
|-damage|p2a: Umbreon|345\/394|[from] hail
|-heal|p2a: Umbreon|369\/394|[from] item: Leftovers
|c| Buuskeri|lel
|
|switch|p1a: Mr. 1|Cobalion, shiny|385\/385
|turn|40
|leave|gobosox
|c|âsniperaim|this is taking to long
|c|âsniperaim|u win
|-message|sniperaim forfeited.
|
|win|Fishstix
|c|âFishstix|with toxic immunity n no super eff moves, n also rocks resist, how to deal vs steel??
|c| Buuskeri|NEVER GIVE UP!
|leave|sniperaim
|player|p1
|join|HOBODARKSEID
|c| Buuskeri|:S
|leave|dingbat
|leave|deepseascald
|c| Buuskeri|luck maybe?
|c| Buuskeri|that could work
|leave|Dudeman130498
|join|gobosox
|leave|gobosox
|leave|Buuskeri