|join|sniperaim
|join|Danix13
|player|p1|sniperaim|220
|player|p2|Danix13|163
|gametype|singles
|gen|6
|tier|UU
|rated
|rule|Sleep Clause Mod: Limit one foe put to sleep
|rule|Species Clause: Limit one of each PokÃ©mon
|rule|OHKO Clause: OHKO moves are banned
|rule|Moody Clause: Moody is banned
|rule|Evasion Moves Clause: Evasion moves are banned
|rule|Endless Battle Clause: Forcing endless battles is banned
|rule|HP Percentage Mod: HP is shown in percentages
|clearpoke
|poke|p1|Abomasnow, M, shiny
|poke|p1|Jirachi, shiny
|poke|p1|Kyurem, shiny
|poke|p1|Porygon2
|poke|p1|Swampert, M
|poke|p1|Gligar, M, shiny
|poke|p2|Umbreon, M, shiny
|poke|p2|Banette, M
|poke|p2|Celebi
|poke|p2|Muk, M
|poke|p2|Entei, shiny
|poke|p2|Haxorus, M
|rule|Swagger Clause: Swagger is banned
|rule|Baton Pass Clause: Limit one PokÃ©mon knowing Baton Pass
|teampreview
|
|start
|switch|p1a: oxycodone|Gligar, M, shiny|334\/334
|switch|p2a: Muk|Muk, M|401\/401
|turn|1
|
|switch|p2a: Celebi|Celebi|350\/350
|move|p1a: oxycodone|Earthquake|p2a: Celebi
|-resisted|p2a: Celebi
|-damage|p2a: Celebi|305\/350
|
|turn|2
|
|switch|p1a: China|Porygon2|374\/374
|-ability|p1a: China|Natural Cure|[from] ability: Trace|[of] p2a: Celebi
|move|p2a: Celebi|Calm Mind|p2a: Celebi
|-boost|p2a: Celebi|spa|1
|-boost|p2a: Celebi|spd|1
|
|turn|3
|
|move|p2a: Celebi|Calm Mind|p2a: Celebi
|-boost|p2a: Celebi|spa|1
|-boost|p2a: Celebi|spd|1
|move|p1a: China|Toxic|p2a: Celebi
|-status|p2a: Celebi|tox
|
|-damage|p2a: Celebi|284\/350 tox|[from] psn
|turn|4
|
|move|p2a: Celebi|Giga Drain|p1a: China
|-damage|p1a: China|274\/374
|-heal|p2a: Celebi|334\/350 tox|[from] drain|[of] p1a: China
|move|p1a: China|Tri Attack|p2a: Celebi
|-damage|p2a: Celebi|283\/350 tox
|
|-damage|p2a: Celebi|241\/350 tox|[from] psn
|turn|5
|
|move|p2a: Celebi|Calm Mind|p2a: Celebi
|-boost|p2a: Celebi|spa|1
|-boost|p2a: Celebi|spd|1
|move|p1a: China|Tri Attack|p2a: Celebi
|-damage|p2a: Celebi|201\/350 tox
|
|-damage|p2a: Celebi|138\/350 tox|[from] psn
|-enditem|p2a: Celebi|Sitrus Berry|[eat]
|-heal|p2a: Celebi|225\/350 tox|[from] item: Sitrus Berry
|turn|6
|
|move|p2a: Celebi|Giga Drain|p1a: China
|-damage|p1a: China|142\/374
|-heal|p2a: Celebi|291\/350 tox|[from] drain|[of] p1a: China
|move|p1a: China|Recover|p1a: China
|-heal|p1a: China|329\/374
|
|-damage|p2a: Celebi|207\/350 tox|[from] psn
|turn|7
|
|switch|p2a: Muk|Muk, M|401\/401
|move|p1a: China|Tri Attack|p2a: Muk
|-damage|p2a: Muk|302\/401
|
|-heal|p2a: Muk|327\/401|[from] item: Black Sludge
|turn|8
|
|switch|p1a: Bad Partner|Swampert, M|404\/404
|move|p2a: Muk|Gunk Shot|p1a: Bad Partner
|-resisted|p1a: Bad Partner
|-damage|p1a: Bad Partner|327\/404
|
|-heal|p2a: Muk|352\/401|[from] item: Black Sludge
|-heal|p1a: Bad Partner|352\/404|[from] item: Leftovers
|turn|9
|
|move|p2a: Muk|Shadow Sneak|p1a: Bad Partner
|-damage|p1a: Bad Partner|320\/404
|-status|p1a: Bad Partner|psn
|move|p1a: Bad Partner|Stealth Rock|p2a: Muk
|-sidestart|p2: Danix13|move: Stealth Rock
|
|-heal|p1a: Bad Partner|345\/404 psn|[from] item: Leftovers
|-heal|p2a: Muk|377\/401|[from] item: Black Sludge
|-damage|p1a: Bad Partner|295\/404 psn|[from] psn
|turn|10
|
|switch|p2a: Celebi|Celebi|207\/350
|-damage|p2a: Celebi|164\/350|[from] Stealth Rock
|move|p1a: Bad Partner|Earthquake|p2a: Celebi
|-resisted|p2a: Celebi
|-damage|p2a: Celebi|100\/350
|
|-heal|p1a: Bad Partner|320\/404 psn|[from] item: Leftovers
|-damage|p1a: Bad Partner|270\/404 psn|[from] psn
|turn|11
|join|some weird shit
|
|switch|p1a: China|Porygon2|329\/374
|-ability|p1a: China|Natural Cure|[from] ability: Trace|[of] p2a: Celebi
|move|p2a: Celebi|Giga Drain|p1a: China
|-damage|p1a: China|277\/374
|-heal|p2a: Celebi|126\/350|[from] drain|[of] p1a: China
|
|turn|12
|
|move|p2a: Celebi|Recover|p2a: Celebi
|-heal|p2a: Celebi|301\/350
|move|p1a: China|Tri Attack|p2a: Celebi
|-damage|p2a: Celebi|202\/350
|-status|p2a: Celebi|par
|
|turn|13
|
|switch|p1a: KILL THEM|Kyurem, shiny|391\/391
|-ability|p1a: KILL THEM|Pressure
|switch|p2a: Muk|Muk, M|377\/401
|-damage|p2a: Muk|327\/401|[from] Stealth Rock
|
|-heal|p2a: Muk|352\/401|[from] item: Black Sludge
|turn|14
|
|switch|p1a: oxycodone|Gligar, M, shiny|334\/334
|move|p2a: Muk|Gunk Shot|p1a: oxycodone
|-resisted|p1a: oxycodone
|-damage|p1a: oxycodone|290\/334
|
|-heal|p2a: Muk|377\/401|[from] item: Black Sludge
|turn|15
|
|move|p2a: Muk|Shadow Sneak|p1a: oxycodone
|-damage|p1a: oxycodone|269\/334
|-status|p1a: oxycodone|psn
|move|p1a: oxycodone|U-turn|p2a: Muk
|-crit|p2a: Muk
|-resisted|p2a: Muk
|-damage|p2a: Muk|341\/401
|
|switch|p1a: Bad Partner|Swampert, M|270\/404 psn
|
|-heal|p2a: Muk|366\/401|[from] item: Black Sludge
|-heal|p1a: Bad Partner|295\/404 psn|[from] item: Leftovers
|-damage|p1a: Bad Partner|245\/404 psn|[from] psn
|turn|16
|
|switch|p2a: Celebi|Celebi|202\/350
|-damage|p2a: Celebi|159\/350|[from] Stealth Rock
|move|p1a: Bad Partner|Toxic|p2a: Celebi
|-status|p2a: Celebi|tox
|
|-heal|p1a: Bad Partner|270\/404 psn|[from] item: Leftovers
|-damage|p2a: Celebi|138\/350 tox|[from] psn
|-damage|p1a: Bad Partner|220\/404 psn|[from] psn
|turn|17
|
|switch|p1a: KILL THEM|Kyurem, shiny|391\/391
|-ability|p1a: KILL THEM|Pressure
|move|p2a: Celebi|Recover|p2a: Celebi
|-heal|p2a: Celebi|313\/350 tox
|
|-damage|p2a: Celebi|271\/350 tox|[from] psn
|turn|18
|
|switch|p2a: Muk|Muk, M|366\/401
|-damage|p2a: Muk|316\/401|[from] Stealth Rock
|move|p1a: KILL THEM|Ice Beam|p2a: Muk
|-damage|p2a: Muk|168\/401
|-status|p2a: Muk|frz
|
|-heal|p2a: Muk|193\/401 frz|[from] item: Black Sludge
|turn|19
|
|move|p1a: KILL THEM|Ice Beam|p2a: Muk
|-damage|p2a: Muk|43\/401 frz
|-curestatus|p2a: Muk|frz
|move|p2a: Muk|Gunk Shot|p1a: KILL THEM
|-damage|p1a: KILL THEM|180\/391
|
|-heal|p2a: Muk|68\/401|[from] item: Black Sludge
|turn|20
|
|move|p2a: Muk|Shadow Sneak|p1a: KILL THEM
|-damage|p1a: KILL THEM|134\/391
|move|p1a: KILL THEM|Ice Beam|p2a: Muk
|-damage|p2a: Muk|0 fnt
|faint|p2a: Muk
|
|
|switch|p2a: Entei|Entei, shiny|371\/371
|-damage|p2a: Entei|279\/371|[from] Stealth Rock
|-ability|p2a: Entei|Pressure
|turn|21
|
|switch|p1a: Bad Partner|Swampert, M|220\/404 psn
|move|p2a: Entei|Sacred Fire|p1a: Bad Partner
|-resisted|p1a: Bad Partner
|-damage|p1a: Bad Partner|156\/404 psn
|
|-heal|p1a: Bad Partner|181\/404 psn|[from] item: Leftovers
|-damage|p1a: Bad Partner|131\/404 psn|[from] psn
|turn|22
|
|switch|p1a: oxycodone|Gligar, M, shiny|269\/334 psn
|move|p2a: Entei|Extreme Speed|p1a: oxycodone
|-damage|p1a: oxycodone|224\/334 psn
|
|-damage|p1a: oxycodone|183\/334 psn|[from] psn
|turn|23
|c|âsniperaim|ffs
|
|switch|p2a: Celebi|Celebi|271\/350
|-damage|p2a: Celebi|228\/350|[from] Stealth Rock
|move|p1a: oxycodone|Roost|p1a: oxycodone
|-heal|p1a: oxycodone|334\/334 psn
|
|-damage|p1a: oxycodone|293\/334 psn|[from] psn
|turn|24
|
|switch|p1a: President|Abomasnow, M, shiny|383\/383
|move|p2a: Celebi|Calm Mind|p2a: Celebi
|-boost|p2a: Celebi|spa|1
|-boost|p2a: Celebi|spd|1
|
|turn|25
|
|detailschange|p1a: President|Abomasnow-Mega, M, shiny
|message|Abomasnow has Mega Evolved into Mega Abomasnow!
|-weather|Hail
|move|p2a: Celebi|Psychic|p1a: President
|-damage|p1a: President|197\/383
|move|p1a: President|Swords Dance|p1a: President
|-boost|p1a: President|atk|2
|
|-weather|Hail|[upkeep]
|-damage|p2a: Celebi|207\/350|[from] hail
|turn|26
|
|move|p1a: President|Ice Shard|p2a: Celebi
|-supereffective|p2a: Celebi
|-damage|p2a: Celebi|0 fnt
|faint|p2a: Celebi
|
|-weather|Hail|[upkeep]
|
|switch|p2a: Banette|Banette, M|270\/270
|-damage|p2a: Banette|237\/270|[from] Stealth Rock
|turn|27
|
|detailschange|p2a: Banette|Banette-Mega, M
|message|Banette has Mega Evolved into Mega Banette!
|move|p2a: Banette|Shadow Sneak|p1a: President
|-damage|p1a: President|112\/383
|move|p1a: President|Seed Bomb|p2a: Banette
|-damage|p2a: Banette|0 fnt
|faint|p2a: Banette
|
|-weather|Hail|[upkeep]
|
|switch|p2a: Entei|Entei, shiny|279\/371
|-damage|p2a: Entei|187\/371|[from] Stealth Rock
|-ability|p2a: Entei|Pressure
|turn|28
|
|switch|p1a: Bad Partner|Swampert, M|131\/404 psn
|move|p2a: Entei|Extreme Speed|p1a: Bad Partner
|-damage|p1a: Bad Partner|55\/404 psn
|
|-weather|Hail|[upkeep]
|-damage|p2a: Entei|164\/371|[from] hail
|-damage|p1a: Bad Partner|30\/404 psn|[from] hail
|-heal|p1a: Bad Partner|55\/404 psn|[from] item: Leftovers
|-damage|p1a: Bad Partner|5\/404 psn|[from] psn
|turn|29
|c| some weird shit|tfw sacked for nothing
|
|move|p2a: Entei|Sacred Fire|p1a: Bad Partner
|-resisted|p1a: Bad Partner
|-damage|p1a: Bad Partner|0 fnt
|faint|p1a: Bad Partner
|
|-weather|none
|
|switch|p1a: KILL THEM|Kyurem, shiny|134\/391
|-ability|p1a: KILL THEM|Pressure
|turn|30
|
|move|p1a: KILL THEM|Earth Power|p2a: Entei
|-supereffective|p2a: Entei
|-damage|p2a: Entei|0 fnt
|faint|p2a: Entei
|
|
|switch|p2a: Haxorus|Haxorus, M|300\/300
|-damage|p2a: Haxorus|263\/300|[from] Stealth Rock
|-ability|p2a: Haxorus|Mold Breaker
|turn|31
|
|move|p1a: KILL THEM|Earth Power|p2a: Haxorus
|-damage|p2a: Haxorus|124\/300
|move|p2a: Haxorus|Superpower|p1a: KILL THEM
|-supereffective|p1a: KILL THEM
|-damage|p1a: KILL THEM|0 fnt
|-unboost|p2a: Haxorus|atk|1
|-unboost|p2a: Haxorus|def|1
|faint|p1a: KILL THEM
|
|c| some weird shit|what
|c| some weird shit|LOL
|c|âsniperaim|idek
|c|âsniperaim|lol
|c| some weird shit|to hit skarm
|
|switch|p1a: hokage|Jirachi, shiny|342\/342
|turn|32
|
|switch|p2a: Umbreon|Umbreon, M, shiny|375\/375
|-damage|p2a: Umbreon|329\/375|[from] Stealth Rock
|move|p1a: hokage|Moonblast|p2a: Umbreon
|-supereffective|p2a: Umbreon
|-damage|p2a: Umbreon|203\/375
|
|-heal|p2a: Umbreon|226\/375|[from] item: Leftovers
|turn|33
|
|move|p1a: hokage|Calm Mind|p1a: hokage
|-boost|p1a: hokage|spa|1
|-boost|p1a: hokage|spd|1
|move|p2a: Umbreon|Wish|p2a: Umbreon
|
|-heal|p2a: Umbreon|249\/375|[from] item: Leftovers
|turn|34
|c| some weird shit|do you not have psyshock
|c| some weird shit|?
|c|âsniperaim|i have it
|
|move|p1a: hokage|Moonblast|p2a: Umbreon
|-supereffective|p2a: Umbreon
|-damage|p2a: Umbreon|57\/375
|-unboost|p2a: Umbreon|spa|1
|move|p2a: Umbreon|Foul Play|p1a: hokage
|-supereffective|p1a: hokage
|-damage|p1a: hokage|156\/342
|
|-heal|p2a: Umbreon|244\/375|[from] move: Wish|[wisher] Umbreon
|-heal|p1a: hokage|177\/342|[from] item: Leftovers
|-heal|p2a: Umbreon|267\/375|[from] item: Leftovers
|turn|35
|c| some weird shit|no eball then?
|c| some weird shit|or did you change hp fire
|c| some weird shit|also nice attack EVs
|c|âsniperaim|cm e ball shock blast
|c|âsniperaim|thxs rachi well trained
|c| some weird shit|oh ok i thought you had hp fire
|
|move|p1a: hokage|Moonblast|p2a: Umbreon
|-supereffective|p2a: Umbreon
|-damage|p2a: Umbreon|63\/375
|-unboost|p2a: Umbreon|spa|1
|move|p2a: Umbreon|Foul Play|p1a: hokage
|-crit|p1a: hokage
|-supereffective|p1a: hokage
|-damage|p1a: hokage|0 fnt
|faint|p1a: hokage
|
|-heal|p2a: Umbreon|86\/375|[from] item: Leftovers
|c|âsniperaim|my other team runs hp fire
|c| some weird shit|oh okay
|
|switch|p1a: President|Abomasnow-Mega, M, shiny|112\/383
|-weather|Hail
|turn|36
|c| some weird shit|does that one not have cm then?
|
|move|p1a: President|Ice Shard|p2a: Umbreon
|-damage|p2a: Umbreon|22\/375
|move|p2a: Umbreon|Wish|p2a: Umbreon
|
|-weather|Hail|[upkeep]
|-damage|p2a: Umbreon|0 fnt|[from] hail
|faint|p2a: Umbreon
|c| some weird shit|btw hp ground is better
|
|switch|p2a: Haxorus|Haxorus, M|124\/300
|-damage|p2a: Haxorus|87\/300|[from] Stealth Rock
|-ability|p2a: Haxorus|Mold Breaker
|turn|37
|c|âsniperaim|wat does it hit
|c| some weird shit|cause it hits aggron on the switch, empoleon, chandy
|c| some weird shit|and entei
|c|âsniperaim|oooo
|c|âsniperaim|i might run it
|c|âsniperaim|im not sure yet
|
|move|p1a: President|Ice Shard|p2a: Haxorus
|-supereffective|p2a: Haxorus
|-damage|p2a: Haxorus|0 fnt
|faint|p2a: Haxorus
|
|win|sniperaim
|raw|Ladder updating...
|raw|sniperaim's rating: 1567 &rarr; <strong>1575<\/strong><br \/>(+8 for winning)
|raw|Danix13's rating: 1348 &rarr; <strong>1339<\/strong><br \/>(-9 for losing)
|c|âsniperaim|gg
|leave|Danix13
|player|p2
|c| some weird shit|what does fire hit
|c| some weird shit|that gronud doesn;t
|c| some weird shit|?
|c|âsniperaim|its to bait forry
|c|âsniperaim|mainly
|c| some weird shit|ah okay
|leave|sniperaim
|player|p1
|leave|some weird shit