|join|sniperaim
|join|Sage of the 6
|player|p1|sniperaim|220
|player|p2|Sage of the 6|266
|gametype|singles
|gen|6
|tier|UU
|rated
|rule|Sleep Clause Mod: Limit one foe put to sleep
|rule|Species Clause: Limit one of each PokÃ©mon
|rule|OHKO Clause: OHKO moves are banned
|rule|Moody Clause: Moody is banned
|rule|Evasion Moves Clause: Evasion moves are banned
|rule|Endless Battle Clause: Forcing endless battles is banned
|rule|HP Percentage Mod: HP is shown in percentages
|clearpoke
|poke|p1|Smeargle, M
|poke|p1|Mienshao, F
|poke|p1|Toxicroak, F
|poke|p1|Togekiss, F, shiny
|poke|p1|Donphan, F, shiny
|poke|p1|Nidoking, M, shiny
|poke|p2|Aerodactyl, M
|poke|p2|Florges, F
|poke|p2|Lucario, F
|poke|p2|Shaymin
|poke|p2|Swampert, M
|poke|p2|Alakazam, M
|rule|Swagger Clause: Swagger is banned
|rule|Baton Pass Clause: Limit one PokÃ©mon knowing Baton Pass
|teampreview
|c|âSage of the 6|o
|c|âSage of the 6|hai
|
|start
|switch|p1a: mirror|Smeargle, M|314\/314
|switch|p2a: Alakazam|Alakazam, M|252\/252
|turn|1
|
|move|p2a: Alakazam|Calm Mind|p2a: Alakazam
|-boost|p2a: Alakazam|spa|1
|-boost|p2a: Alakazam|spd|1
|move|p1a: mirror|Spore|p2a: Alakazam
|-status|p2a: Alakazam|slp
|
|turn|2
|join|DMT
|join|Colbrushie
|c|âSage of the 6|cancer user
|c|+DMT|explod
|c|+DMT|for no more sash
|
|switch|p2a: Lucario|Lucario, F|281\/281
|move|p1a: mirror|Sticky Web|p2a: Lucario
|-sidestart|p2: Sage of the 6|move: Sticky Web
|
|turn|3
|
|switch|p1a: Tattos|Donphan, F, shiny|375\/375
|move|p2a: Lucario|Aura Sphere|p1a: Tattos
|-damage|p1a: Tattos|187\/375
|-damage|p2a: Lucario|253\/281|[from] item: Life Orb
|
|turn|4
|c|âSage of the 6|thats AV
|
|move|p2a: Lucario|Aura Sphere|p1a: Tattos
|-damage|p1a: Tattos|4\/375
|-damage|p2a: Lucario|225\/281|[from] item: Life Orb
|move|p1a: Tattos|Earthquake|p2a: Lucario
|-supereffective|p2a: Lucario
|-damage|p2a: Lucario|0 fnt
|faint|p2a: Lucario
|
|c|+DMT|that's min
|c|âSage of the 6|yeah
|c|âSage of the 6|modest LO
|
|switch|p2a: Aerodactyl|Aerodactyl, M|321\/321
|-ability|p2a: Aerodactyl|Pressure
|turn|5
|
|detailschange|p2a: Aerodactyl|Aerodactyl-Mega, M
|message|Aerodactyl has Mega Evolved into Mega Aerodactyl!
|move|p2a: Aerodactyl|Pursuit|p1a: Tattos
|-damage|p1a: Tattos|0 fnt
|faint|p1a: Tattos
|
|c| Colbrushie|go into togekiss and defog
|c| Colbrushie|you're running defog on a sw team right
|
|switch|p1a: Rekt|Togekiss, F, shiny|374\/374
|turn|6
|
|move|p2a: Aerodactyl|Stone Edge|p1a: Rekt
|-supereffective|p1a: Rekt
|-damage|p1a: Rekt|84\/374
|move|p1a: Rekt|Dazzling Gleam|p2a: Aerodactyl
|-damage|p2a: Aerodactyl|212\/321
|
|-heal|p1a: Rekt|107\/374|[from] item: Leftovers
|turn|7
|
|switch|p1a: NidoPenis|Nidoking, M, shiny|304\/304
|move|p2a: Aerodactyl|Stone Edge|p1a: NidoPenis
|-crit|p1a: NidoPenis
|-resisted|p1a: NidoPenis
|-damage|p1a: NidoPenis|132\/304
|
|turn|8
|
|move|p2a: Aerodactyl|Earthquake|p1a: NidoPenis
|-supereffective|p1a: NidoPenis
|-damage|p1a: NidoPenis|0 fnt
|faint|p1a: NidoPenis
|
|c|âSage of the 6|aero kinda shits on this team 
|
|switch|p1a: Chin nuts|Toxicroak, F|308\/308
|turn|9
|
|move|p1a: Chin nuts|Sucker Punch|p2a: Aerodactyl
|-damage|p2a: Aerodactyl|78\/321
|-damage|p1a: Chin nuts|278\/308|[from] item: Life Orb
|move|p2a: Aerodactyl|Earthquake|p1a: Chin nuts
|-supereffective|p1a: Chin nuts
|-damage|p1a: Chin nuts|0 fnt
|faint|p1a: Chin nuts
|
|
|switch|p1a: Shao-Ming|Mienshao, F|272\/272
|turn|10
|
|switch|p2a: Florges|Florges, F|360\/360
|-activate|p2a: Florges|move: Sticky Web
|-unboost|p2a: Florges|spe|1
|move|p1a: Shao-Ming|High Jump Kick|p2a: Florges
|-resisted|p2a: Florges
|-damage|p2a: Florges|161\/360
|
|-heal|p2a: Florges|183\/360|[from] item: Leftovers
|turn|11
|c| Colbrushie|nice resist
|
|switch|p1a: Rekt|Togekiss, F, shiny|107\/374
|move|p2a: Florges|Moonblast|p1a: Rekt
|-damage|p1a: Rekt|2\/374
|
|-heal|p1a: Rekt|25\/374|[from] item: Leftovers
|-heal|p2a: Florges|205\/360|[from] item: Leftovers
|turn|12
|c|âSage of the 6|is that band?
|c|âSage of the 6|im defense invested
|c| Colbrushie|u could calc it
|
|move|p1a: Rekt|Roost|p1a: Rekt
|-heal|p1a: Rekt|212\/374
|move|p2a: Florges|Aromatherapy|p2a: Florges
|-cureteam|p2a: Florges|[from] move: Aromatherapy
|
|-heal|p1a: Rekt|235\/374|[from] item: Leftovers
|-heal|p2a: Florges|227\/360|[from] item: Leftovers
|turn|13
|c|âSage of the 6|lazy
|
|move|p1a: Rekt|Nasty Plot|p1a: Rekt
|-boost|p1a: Rekt|spa|2
|move|p2a: Florges|Wish|p2a: Florges
|
|-heal|p1a: Rekt|258\/374|[from] item: Leftovers
|-heal|p2a: Florges|249\/360|[from] item: Leftovers
|turn|14
|
|switch|p2a: Alakazam|Alakazam, M|252\/252
|-activate|p2a: Alakazam|move: Sticky Web
|-unboost|p2a: Alakazam|spe|1
|move|p1a: Rekt|Dazzling Gleam|p2a: Alakazam
|-damage|p2a: Alakazam|24\/252
|
|-heal|p2a: Alakazam|204\/252|[from] move: Wish|[wisher] Florges
|-heal|p1a: Rekt|281\/374|[from] item: Leftovers
|turn|15
|
|move|p2a: Alakazam|Psyshock|p1a: Rekt
|-damage|p1a: Rekt|179\/374
|move|p1a: Rekt|Dazzling Gleam|p2a: Alakazam
|-damage|p2a: Alakazam|0 fnt
|faint|p2a: Alakazam
|
|-heal|p1a: Rekt|202\/374|[from] item: Leftovers
|
|switch|p2a: Aerodactyl|Aerodactyl-Mega, M|78\/321
|turn|16
|
|move|p2a: Aerodactyl|Stone Edge|p1a: Rekt
|-supereffective|p1a: Rekt
|-damage|p1a: Rekt|0 fnt
|faint|p1a: Rekt
|
|
|switch|p1a: mirror|Smeargle, M|314\/314
|turn|17
|
|move|p2a: Aerodactyl|Stone Edge|p1a: mirror
|-crit|p1a: mirror
|-enditem|p1a: mirror|Focus Sash
|-damage|p1a: mirror|1\/314
|move|p1a: mirror|Spore|p2a: Aerodactyl
|-status|p2a: Aerodactyl|slp
|
|turn|18
|
|switch|p2a: Shaymin|Shaymin|404\/404
|-activate|p2a: Shaymin|move: Sticky Web
|-unboost|p2a: Shaymin|spe|1
|switch|p1a: Shao-Ming|Mienshao, F|272\/272
|
|turn|19
|c| Colbrushie|friend
|
|move|p1a: Shao-Ming|U-turn|p2a: Shaymin
|-supereffective|p2a: Shaymin
|-damage|p2a: Shaymin|140\/404
|
|switch|p1a: mirror|Smeargle, M|1\/314
|move|p2a: Shaymin|Psychic|p1a: mirror
|-crit|p1a: mirror
|-damage|p1a: mirror|0 fnt
|faint|p1a: mirror
|
|-heal|p2a: Shaymin|165\/404|[from] item: Leftovers
|
|switch|p1a: Shao-Ming|Mienshao, F|272\/272
|turn|20
|
|move|p1a: Shao-Ming|High Jump Kick|p2a: Shaymin
|-damage|p2a: Shaymin|0 fnt
|faint|p2a: Shaymin
|
|
|switch|p2a: Aerodactyl|Aerodactyl-Mega, M|78\/321 slp
|turn|21
|c| Colbrushie|do you uh
|
|cant|p2a: Aerodactyl|slp
|move|p1a: Shao-Ming|High Jump Kick|p2a: Aerodactyl
|-damage|p2a: Aerodactyl|0 fnt
|faint|p2a: Aerodactyl
|
|c| Colbrushie|not have protect
|
|switch|p2a: Florges|Florges, F|249\/360
|-activate|p2a: Florges|move: Sticky Web
|-unboost|p2a: Florges|spe|1
|turn|22
|c|âSage of the 6|going 4 miss imo
|
|move|p2a: Florges|Protect|p2a: Florges
|-singleturn|p2a: Florges|Protect
|move|p1a: Shao-Ming|High Jump Kick|p2a: Florges
|-activate|p2a: Florges|Protect
|-damage|p1a: Shao-Ming|136\/272|[from] highjumpkick
|
|-heal|p2a: Florges|271\/360|[from] item: Leftovers
|turn|23
|c| Colbrushie|nb
|c| Colbrushie|SNIPER
|c| Colbrushie|WHERE ARE YOUR
|c| Colbrushie|ODD HP EVS
|
|move|p1a: Shao-Ming|High Jump Kick|p2a: Florges
|-resisted|p2a: Florges
|-damage|p2a: Florges|72\/360
|move|p2a: Florges|Moonblast|p1a: Shao-Ming
|-supereffective|p1a: Shao-Ming
|-damage|p1a: Shao-Ming|0 fnt
|faint|p1a: Shao-Ming
|
|win|Sage of the 6
|raw|Ladder updating...
|raw|sniperaim's rating: 1558 &rarr; <strong>1532<\/strong><br \/>(-26 for losing)
|raw|Sage of the 6's rating: 1448 &rarr; <strong>1474<\/strong><br \/>(+26 for winning)