|join|sniperaim
|join|dadsdad
|player|p1|sniperaim|220
|player|p2|dadsdad|108
|gametype|singles
|gen|6
|tier|UU
|rule|Sleep Clause Mod: Limit one foe put to sleep
|rule|Species Clause: Limit one of each PokÃ©mon
|rule|OHKO Clause: OHKO moves are banned
|rule|Moody Clause: Moody is banned
|rule|Evasion Moves Clause: Evasion moves are banned
|rule|Endless Battle Clause: Forcing endless battles is banned
|rule|HP Percentage Mod: HP is shown in percentages
|clearpoke
|poke|p1|Jirachi, shiny
|poke|p1|Blastoise, F
|poke|p1|Raikou
|poke|p1|Mienshao, F
|poke|p1|Florges, F
|poke|p1|Zygarde
|poke|p2|Jirachi, shiny
|poke|p2|Zygarde
|poke|p2|Crobat, F
|poke|p2|Vaporeon, M
|poke|p2|Raikou
|poke|p2|Lopunny, M, shiny
|rule|Swagger Clause: Swagger is banned
|rule|Baton Pass Clause: Limit one PokÃ©mon knowing Baton Pass
|teampreview
|c|âdadsdad|lol u meanie
|c|âsniperaim|lol
|c|âsniperaim|bascially the same fucking team
|c|âdadsdad|kek
|
|start
|switch|p1a: Mienshao|Mienshao, F|271\/271
|switch|p2a: Somewhat Cancer|Lopunny, M, shiny|271\/271
|turn|1
|
|detailschange|p2a: Somewhat Cancer|Lopunny-Mega, M, shiny
|message|Lopunny has Mega Evolved into Mega Lopunny!
|move|p2a: Somewhat Cancer|Fake Out|p1a: Mienshao
|-damage|p1a: Mienshao|151\/271
|move|p1a: Mienshao|High Jump Kick|p2a: Somewhat Cancer
|-supereffective|p2a: Somewhat Cancer
|-damage|p2a: Somewhat Cancer|0 fnt
|faint|p2a: Somewhat Cancer
|
|c|âdadsdad|.
|c|âdadsdad|.
|c|âdadsdad|.
|c|âdadsdad|.
|c|âdadsdad|.
|c|âsniperaim|lmao
|c|âdadsdad|.
|c|âdadsdad|..
|c|âsniperaim|fkn slayed
|
|switch|p2a: Positive Influence|Crobat, F|343\/343
|turn|2
|c|âdadsdad|ur so fucking bad
|c|âdadsdad|i swear to god
|
|switch|p1a: Jirachi|Jirachi, shiny|341\/341
|switch|p2a: Cancer|Jirachi, shiny|341\/341
|
|turn|3
|
|move|p1a: Jirachi|Stealth Rock|p2a: Cancer
|-sidestart|p2: dadsdad|move: Stealth Rock
|move|p2a: Cancer|Fire Punch|p1a: Jirachi
|-supereffective|p1a: Jirachi
|-damage|p1a: Jirachi|163\/341
|
|turn|4
|
|switch|p1a: Blastoise|Blastoise, F|311\/311
|move|p2a: Cancer|Fire Punch|p1a: Blastoise
|-resisted|p1a: Blastoise
|-damage|p1a: Blastoise|276\/311
|
|turn|5
|
|switch|p2a: Positive Influence|Vaporeon, M|449\/449
|-damage|p2a: Positive Influence|393\/449|[from] Stealth Rock
|detailschange|p1a: Blastoise|Blastoise-Mega, F
|message|Blastoise has Mega Evolved into Mega Blastoise!
|move|p1a: Blastoise|Dark Pulse|p2a: Positive Influence
|-damage|p2a: Positive Influence|253\/449
|
|-heal|p2a: Positive Influence|281\/449|[from] item: Leftovers
|turn|6
|
|move|p1a: Blastoise|Dark Pulse|p2a: Positive Influence
|-damage|p2a: Positive Influence|136\/449
|move|p2a: Positive Influence|Wish|p2a: Positive Influence
|
|-heal|p2a: Positive Influence|164\/449|[from] item: Leftovers
|turn|7
|
|move|p1a: Blastoise|Dragon Pulse|p2a: Positive Influence
|-damage|p2a: Positive Influence|20\/449
|move|p2a: Positive Influence|Scald|p1a: Blastoise
|-resisted|p1a: Blastoise
|-damage|p1a: Blastoise|231\/311
|
|-heal|p2a: Positive Influence|244\/449|[from] move: Wish|[wisher] Positive Influence
|-heal|p2a: Positive Influence|272\/449|[from] item: Leftovers
|turn|8
|c|âdadsdad|nice burn
|
|switch|p1a: Raikou|Raikou|321\/321
|-ability|p1a: Raikou|Pressure
|move|p2a: Positive Influence|Wish|p2a: Positive Influence
|
|-heal|p2a: Positive Influence|300\/449|[from] item: Leftovers
|turn|9
|c|âsniperaim|lol
|
|move|p2a: Positive Influence|Protect|p2a: Positive Influence
|-singleturn|p2a: Positive Influence|Protect
|move|p1a: Raikou|Volt Switch|p2a: Positive Influence
|-activate|p2a: Positive Influence|Protect
|
|-heal|p2a: Positive Influence|449\/449|[from] move: Wish|[wisher] Positive Influence
|turn|10
|
|move|p1a: Raikou|Volt Switch|p2a: Positive Influence
|-supereffective|p2a: Positive Influence
|-damage|p2a: Positive Influence|166\/449
|-damage|p1a: Raikou|289\/321|[from] item: Life Orb
|
|switch|p1a: Zygarde|Zygarde|404\/404
|-ability|p1a: Zygarde|Aura Break
|move|p2a: Positive Influence|Wish|p2a: Positive Influence
|
|-heal|p2a: Positive Influence|194\/449|[from] item: Leftovers
|turn|11
|c|âdadsdad|lol weak af
|c|âsniperaim|stfu
|
|move|p1a: Zygarde|Substitute|p1a: Zygarde
|-start|p1a: Zygarde|Substitute
|-damage|p1a: Zygarde|303\/404
|move|p2a: Positive Influence|Scald|p1a: Zygarde
|-activate|p1a: Zygarde|Substitute|[damage]
|
|-heal|p2a: Positive Influence|418\/449|[from] move: Wish|[wisher] Positive Influence
|-heal|p1a: Zygarde|328\/404|[from] item: Leftovers
|-heal|p2a: Positive Influence|446\/449|[from] item: Leftovers
|turn|12
|c|âsniperaim|yum
|
|move|p1a: Zygarde|Coil|p1a: Zygarde
|-boost|p1a: Zygarde|atk|1
|-boost|p1a: Zygarde|def|1
|-boost|p1a: Zygarde|accuracy|1
|move|p2a: Positive Influence|Baton Pass|p2a: Positive Influence
|
|switch|p2a: Positive Influence|Crobat, F|343\/343
|-damage|p2a: Positive Influence|258\/343|[from] Stealth Rock
|
|-heal|p2a: Positive Influence|279\/343|[from] item: Black Sludge
|-heal|p1a: Zygarde|353\/404|[from] item: Leftovers
|turn|13
|c|âsniperaim|lmao nice counter meanie
|
|move|p2a: Positive Influence|Toxic|p1a: Zygarde
|-status|p1a: Zygarde|tox
|move|p1a: Zygarde|Dragon Tail|p2a: Positive Influence
|-crit|p2a: Positive Influence
|-damage|p2a: Positive Influence|75\/343
|drag|p2a: Cancer|Zygarde|374\/374
|-damage|p2a: Cancer|351\/374|[from] Stealth Rock
|-ability|p2a: Cancer|Aura Break
|
|-heal|p1a: Zygarde|378\/404 tox|[from] item: Leftovers
|-damage|p1a: Zygarde|353\/404 tox|[from] psn
|turn|14
|c|âdadsdad|kek
|c|âdadsdad|OFC
|c|âsniperaim|KEK!
|
|switch|p2a: Positive Influence|Crobat, F|75\/343
|-damage|p2a: Positive Influence|0 fnt|[from] Stealth Rock
|faint|p2a: Positive Influence
|move|p1a: Zygarde|Dragon Tail|p2: Positive Influence|[notarget]
|-notarget
|
|-heal|p1a: Zygarde|378\/404 tox|[from] item: Leftovers
|-damage|p1a: Zygarde|328\/404 tox|[from] psn
|c|âdadsdad|why do i even try
|
|switch|p2a: Positive Influence|Vaporeon, M|446\/449
|-damage|p2a: Positive Influence|390\/449|[from] Stealth Rock
|turn|15
|
|move|p1a: Zygarde|Coil|p1a: Zygarde
|-boost|p1a: Zygarde|atk|1
|-boost|p1a: Zygarde|def|1
|-boost|p1a: Zygarde|accuracy|1
|move|p2a: Positive Influence|Wish|p2a: Positive Influence
|
|-heal|p1a: Zygarde|353\/404 tox|[from] item: Leftovers
|-heal|p2a: Positive Influence|418\/449|[from] item: Leftovers
|-damage|p1a: Zygarde|278\/404 tox|[from] psn
|turn|16
|
|switch|p1a: Florges|Florges, F|360\/360
|move|p2a: Positive Influence|Scald|p1a: Florges
|-damage|p1a: Florges|299\/360
|
|-heal|p2a: Positive Influence|449\/449|[from] move: Wish|[wisher] Positive Influence
|-heal|p1a: Florges|321\/360|[from] item: Leftovers
|turn|17
|
|move|p1a: Florges|Aromatherapy|p1a: Florges
|-cureteam|p1a: Florges|[from] move: Aromatherapy
|move|p2a: Positive Influence|Baton Pass|p2a: Positive Influence
|
|switch|p2a: Cancer|Jirachi, shiny|341\/341
|-damage|p2a: Cancer|320\/341|[from] Stealth Rock
|
|-heal|p1a: Florges|343\/360|[from] item: Leftovers
|turn|18
|
|switch|p1a: Jirachi|Jirachi, shiny|163\/341
|move|p2a: Cancer|Stealth Rock|p1a: Jirachi
|-sidestart|p1: sniperaim|move: Stealth Rock
|
|turn|19
|
|switch|p1a: Blastoise|Blastoise-Mega, F|231\/311
|-damage|p1a: Blastoise|193\/311|[from] Stealth Rock
|move|p2a: Cancer|Fire Punch|p1a: Blastoise
|-crit|p1a: Blastoise
|-resisted|p1a: Blastoise
|-damage|p1a: Blastoise|150\/311
|
|turn|20
|
|move|p2a: Cancer|Energy Ball|p1a: Blastoise
|-supereffective|p1a: Blastoise
|-damage|p1a: Blastoise|0 fnt
|faint|p1a: Blastoise
|
|c|âdadsdad|nice  counter
|
|switch|p1a: Mienshao|Mienshao, F|151\/271
|-damage|p1a: Mienshao|135\/271|[from] Stealth Rock
|turn|21
|c|âsniperaim|TY
|
|move|p1a: Mienshao|High Jump Kick|p2a: Cancer
|-damage|p2a: Cancer|79\/341
|move|p2a: Cancer|Iron Head|p1a: Mienshao
|-damage|p1a: Mienshao|0 fnt
|faint|p1a: Mienshao
|
|c|âdadsdad|lol so weak
|
|switch|p1a: Raikou|Raikou|289\/321
|-damage|p1a: Raikou|249\/321|[from] Stealth Rock
|-ability|p1a: Raikou|Pressure
|turn|22
|c|âsniperaim|n
|
|switch|p2a: Positive Influence|Raikou|321\/321
|-damage|p2a: Positive Influence|281\/321|[from] Stealth Rock
|-ability|p2a: Positive Influence|Pressure
|move|p1a: Raikou|Extrasensory|p2a: Positive Influence
|-damage|p2a: Positive Influence|161\/321
|-damage|p1a: Raikou|217\/321|[from] item: Life Orb
|
|-heal|p2a: Positive Influence|181\/321|[from] item: Leftovers
|turn|23
|c|âsniperaim|lmao
|c|âdadsdad|can u stfu u meanie
|
|move|p1a: Raikou|Extrasensory|p2a: Positive Influence
|-damage|p2a: Positive Influence|76\/321
|-damage|p1a: Raikou|185\/321|[from] item: Life Orb
|move|p2a: Positive Influence|Calm Mind|p2a: Positive Influence
|-boost|p2a: Positive Influence|spa|1
|-boost|p2a: Positive Influence|spd|1
|
|-heal|p2a: Positive Influence|96\/321|[from] item: Leftovers
|turn|24
|c|âdadsdad|ofc
|
|move|p1a: Raikou|Volt Switch|p2a: Positive Influence
|-resisted|p2a: Positive Influence
|-damage|p2a: Positive Influence|49\/321
|-damage|p1a: Raikou|153\/321|[from] item: Life Orb
|c|âdadsdad|OFC
|
|switch|p1a: Florges|Florges, F|343\/360
|-damage|p1a: Florges|298\/360|[from] Stealth Rock
|move|p2a: Positive Influence|Thunderbolt|p1a: Florges
|-damage|p1a: Florges|172\/360
|
|-heal|p2a: Positive Influence|69\/321|[from] item: Leftovers
|-heal|p1a: Florges|194\/360|[from] item: Leftovers
|turn|25
|c|âsniperaim|nice ties
|c|âdadsdad|nice hax
|
|move|p2a: Positive Influence|Calm Mind|p2a: Positive Influence
|-boost|p2a: Positive Influence|spa|1
|-boost|p2a: Positive Influence|spd|1
|move|p1a: Florges|Moonblast|p2a: Positive Influence
|-damage|p2a: Positive Influence|8\/321
|
|-heal|p2a: Positive Influence|28\/321|[from] item: Leftovers
|-heal|p1a: Florges|216\/360|[from] item: Leftovers
|turn|26
|
|move|p1a: Florges|Protect|p1a: Florges
|-singleturn|p1a: Florges|Protect
|move|p2a: Positive Influence|Thunderbolt|p1a: Florges
|-activate|p1a: Florges|Protect
|
|-heal|p2a: Positive Influence|48\/321|[from] item: Leftovers
|-heal|p1a: Florges|238\/360|[from] item: Leftovers
|turn|27
|
|move|p2a: Positive Influence|Thunderbolt|p1a: Florges
|-damage|p1a: Florges|46\/360
|move|p1a: Florges|Moonblast|p2a: Positive Influence
|-damage|p2a: Positive Influence|0 fnt
|faint|p2a: Positive Influence
|
|-heal|p1a: Florges|68\/360|[from] item: Leftovers
|c|âsniperaim|kek
|
|switch|p2a: Cancer|Jirachi, shiny|79\/341
|-damage|p2a: Cancer|58\/341|[from] Stealth Rock
|turn|28
|
|move|p2a: Cancer|Fire Punch|p1a: Florges
|-damage|p1a: Florges|0 fnt
|faint|p1a: Florges
|
|
|switch|p1a: Raikou|Raikou|153\/321
|-damage|p1a: Raikou|113\/321|[from] Stealth Rock
|-ability|p1a: Raikou|Pressure
|turn|29
|
|move|p1a: Raikou|Thunderbolt|p2a: Cancer
|-damage|p2a: Cancer|0 fnt
|-damage|p1a: Raikou|81\/321|[from] item: Life Orb
|faint|p2a: Cancer
|
|
|switch|p2a: Cancer|Zygarde|351\/374
|-damage|p2a: Cancer|328\/374|[from] Stealth Rock
|-ability|p2a: Cancer|Aura Break
|turn|30
|
|move|p2a: Cancer|Extreme Speed|p1a: Raikou
|-damage|p1a: Raikou|0 fnt
|faint|p1a: Raikou
|
|
|switch|p1a: Jirachi|Jirachi, shiny|163\/341
|-damage|p1a: Jirachi|142\/341|[from] Stealth Rock
|turn|31
|c|âdadsdad|"kek"
|
|move|p1a: Jirachi|Iron Head|p2a: Cancer
|-damage|p2a: Cancer|247\/374
|cant|p2a: Cancer|flinch
|
|turn|32
|c|âsniperaim|lmao
|c|âdadsdad|ofc u'd try this
|join|meowiekins
|c| meowiekins|you mean
|c|âdadsdad|meowiefgt
|c| meowiekins|succeed at it
|c|âdadsdad|hes so fkn gay
|c|âdadsdad|then he be like
|
|move|p1a: Jirachi|Iron Head|p2a: Cancer
|-damage|p2a: Cancer|159\/374
|cant|p2a: Cancer|flinch
|
|turn|33
|c| meowiekins|youre gayererer
|c|âdadsdad|"its ur fault for staying in"
|c|âsniperaim|kek
|c| meowiekins|it is tho
|c| meowiekins|switch out
|c|âdadsdad|how
|c|âdadsdad|u fgts
|c|âsniperaim|now...
|c|âsniperaim|you dieeee
|
|move|p1a: Jirachi|Moonblast|p2a: Cancer
|-supereffective|p2a: Cancer
|-damage|p2a: Cancer|0 fnt
|faint|p2a: Cancer
|
|c| meowiekins|wait
|c| meowiekins|WTF
|leave|dadsdad
|player|p2
|c| meowiekins|LOLLLLLL
|c|âsniperaim|SLAYED
|c|âsniperaim|!
|c| meowiekins|fkn
|c| meowiekins|mixed
|c| meowiekins|rachi
|c| meowiekins|lmoa
|-message|Player 2 lost due to inactivity.
|
|win|sniperaim