|join|LiberalLucario
|join|sniperaim
|player|p1|LiberalLucario|219
|player|p2|sniperaim|220
|gametype|singles
|gen|6
|tier|UU
|rule|Sleep Clause Mod: Limit one foe put to sleep
|rule|Species Clause: Limit one of each PokÃ©mon
|rule|OHKO Clause: OHKO moves are banned
|rule|Moody Clause: Moody is banned
|rule|Evasion Moves Clause: Evasion moves are banned
|rule|Endless Battle Clause: Forcing endless battles is banned
|rule|HP Percentage Mod: HP is shown in percentages
|clearpoke
|poke|p1|Infernape, M
|poke|p1|Haxorus, M
|poke|p1|Jirachi
|poke|p1|Florges, F
|poke|p1|Aerodactyl, F
|poke|p1|Swampert, F
|poke|p2|Abomasnow, M, shiny
|poke|p2|Krookodile, M, shiny
|poke|p2|Kyurem, shiny
|poke|p2|Porygon2
|poke|p2|Gastrodon, M
|poke|p2|Gligar, M, shiny
|rule|Swagger Clause: Swagger is banned
|rule|Baton Pass Clause: Limit one PokÃ©mon knowing Baton Pass
|teampreview
|c|âLiberalLucario|aight
|c|âLiberalLucario|glhf
|join|Dad's Dad
|c|âsniperaim|u2
|
|start
|switch|p1a: Jirachi|Jirachi|341\/341
|switch|p2a: Don G|Gastrodon, M|426\/426
|turn|1
|
|switch|p2a: China|Porygon2|374\/374
|-ability|p2a: China|Serene Grace|[from] ability: Trace|[of] p1a: Jirachi
|move|p1a: Jirachi|U-turn|p2a: China
|-damage|p2a: China|326\/374
|
|switch|p1a: Infernape|Infernape, M|355\/355
|
|turn|2
|
|switch|p2a: Â¯\_(ã)_\/Â¯|Gligar, M, shiny|334\/334
|move|p1a: Infernape|Taunt|p2a: Â¯\_(ã)_\/Â¯
|-start|p2a: Â¯\_(ã)_\/Â¯|move: Taunt
|
|turn|3
|join|Dudeman130498
|
|move|p1a: Infernape|Will-O-Wisp|p2a: Â¯\_(ã)_\/Â¯
|-status|p2a: Â¯\_(ã)_\/Â¯|brn
|move|p2a: Â¯\_(ã)_\/Â¯|U-turn|p1a: Infernape
|-resisted|p1a: Infernape
|-damage|p1a: Infernape|350\/355
|c| Dudeman130498|not
|c| Dudeman130498|bad
|c|âLiberalLucario|there it is
|
|switch|p2a: Don G|Gastrodon, M|426\/426
|
|-heal|p1a: Infernape|355\/355|[from] item: Leftovers
|turn|4
|
|switch|p1a: Haxorus|Haxorus, M|302\/302
|-ability|p1a: Haxorus|Mold Breaker
|move|p2a: Don G|Earthquake|p1a: Haxorus
|-damage|p1a: Haxorus|200\/302
|
|turn|5
|c| Dad's Dad|nice 1%
|
|move|p1a: Haxorus|Swords Dance|p1a: Haxorus
|-boost|p1a: Haxorus|atk|2
|move|p2a: Don G|Earthquake|p1a: Haxorus
|-damage|p1a: Haxorus|86\/302
|
|turn|6
|join|aqbf
|
|switch|p2a: Â¯\_(ã)_\/Â¯|Gligar, M, shiny|334\/334 brn
|move|p1a: Haxorus|Outrage|p2a: Â¯\_(ã)_\/Â¯
|-damage|p2a: Â¯\_(ã)_\/Â¯|0 fnt
|faint|p2a: Â¯\_(ã)_\/Â¯
|
|
|switch|p2a: President|Abomasnow, M, shiny|383\/383
|turn|7
|
|move|p2a: President|Ice Shard|p1a: Haxorus
|-supereffective|p1a: Haxorus
|-damage|p1a: Haxorus|0 fnt
|faint|p1a: Haxorus
|
|join|thymetime
|
|switch|p1a: Infernape|Infernape, M|355\/355
|turn|8
|
|switch|p2a: China|Porygon2|326\/374
|-ability|p2a: China|Iron Fist|[from] ability: Trace|[of] p1a: Infernape
|move|p1a: Infernape|Will-O-Wisp|p2a: China
|-status|p2a: China|brn
|
|-damage|p2a: China|280\/374 brn|[from] brn
|turn|9
|
|move|p1a: Infernape|Fire Punch|p2a: China
|-crit|p2a: China
|-damage|p2a: China|166\/374 brn
|move|p2a: China|Tri Attack|p1a: Infernape
|-damage|p1a: Infernape|219\/355
|
|-heal|p1a: Infernape|241\/355|[from] item: Leftovers
|-damage|p2a: China|120\/374 brn|[from] brn
|turn|10
|
|move|p1a: Infernape|Taunt|p2a: China
|-start|p2a: China|move: Taunt
|cant|p2a: China|move: Taunt|Recover
|
|-heal|p1a: Infernape|263\/355|[from] item: Leftovers
|-damage|p2a: China|74\/374 brn|[from] brn
|turn|11
|
|move|p1a: Infernape|Fire Punch|p2a: China
|-damage|p2a: China|0 fnt
|faint|p2a: China
|
|-heal|p1a: Infernape|285\/355|[from] item: Leftovers
|join|shinra sux
|
|switch|p2a: KILL THEM|Kyurem, shiny|391\/391
|-ability|p2a: KILL THEM|Pressure
|turn|12
|
|switch|p1a: Florges|Florges, F|360\/360
|move|p2a: KILL THEM|Earth Power|p1a: Florges
|-damage|p1a: Florges|289\/360
|
|-heal|p1a: Florges|311\/360|[from] item: Leftovers
|turn|13
|
|switch|p2a: Don G|Gastrodon, M|426\/426
|move|p1a: Florges|Wish|p1a: Florges
|
|-heal|p1a: Florges|333\/360|[from] item: Leftovers
|turn|14
|
|switch|p1a: Infernape|Infernape, M|285\/355
|switch|p2a: President|Abomasnow, M, shiny|383\/383
|
|-heal|p1a: Infernape|355\/355|[from] move: Wish|[wisher] Florges
|turn|15
|
|switch|p2a: KILL THEM|Kyurem, shiny|391\/391
|-ability|p2a: KILL THEM|Pressure
|move|p1a: Infernape|Will-O-Wisp|p2a: KILL THEM
|-status|p2a: KILL THEM|brn
|
|-damage|p2a: KILL THEM|343\/391 brn|[from] brn
|turn|16
|
|switch|p1a: Florges|Florges, F|333\/360
|move|p2a: KILL THEM|Earth Power|p1a: Florges
|-damage|p1a: Florges|258\/360
|
|-heal|p1a: Florges|280\/360|[from] item: Leftovers
|-damage|p2a: KILL THEM|295\/391 brn|[from] brn
|turn|17
|
|switch|p2a: Don G|Gastrodon, M|426\/426
|move|p1a: Florges|Wish|p1a: Florges
|
|-heal|p1a: Florges|302\/360|[from] item: Leftovers
|turn|18
|
|switch|p1a: Infernape|Infernape, M|355\/355
|move|p2a: Don G|Scald|p1a: Infernape
|-supereffective|p1a: Infernape
|-damage|p1a: Infernape|125\/355
|
|-heal|p1a: Infernape|305\/355|[from] move: Wish|[wisher] Florges
|-heal|p1a: Infernape|327\/355|[from] item: Leftovers
|turn|19
|
|move|p1a: Infernape|Will-O-Wisp|p2a: Don G
|-status|p2a: Don G|brn
|move|p2a: Don G|Scald|p1a: Infernape
|-supereffective|p1a: Infernape
|-damage|p1a: Infernape|87\/355
|
|-heal|p1a: Infernape|109\/355|[from] item: Leftovers
|-damage|p2a: Don G|373\/426 brn|[from] brn
|turn|20
|
|move|p1a: Infernape|Slack Off|p1a: Infernape
|-heal|p1a: Infernape|287\/355
|move|p2a: Don G|Toxic|p1a: Infernape
|-status|p1a: Infernape|tox
|
|-heal|p1a: Infernape|309\/355 tox|[from] item: Leftovers
|-heal|p2a: Don G|399\/426 brn|[from] item: Leftovers
|-damage|p1a: Infernape|287\/355 tox|[from] psn
|-damage|p2a: Don G|346\/426 brn|[from] brn
|turn|21
|
|switch|p1a: Florges|Florges, F|302\/360
|move|p2a: Don G|Scald|p1a: Florges
|-damage|p1a: Florges|250\/360
|-status|p1a: Florges|brn
|
|-heal|p1a: Florges|272\/360 brn|[from] item: Leftovers
|-heal|p2a: Don G|372\/426 brn|[from] item: Leftovers
|-damage|p1a: Florges|227\/360 brn|[from] brn
|-damage|p2a: Don G|319\/426 brn|[from] brn
|turn|22
|
|switch|p2a: President|Abomasnow, M, shiny|383\/383
|move|p1a: Florges|Aromatherapy|p1a: Florges
|-cureteam|p1a: Florges|[from] move: Aromatherapy
|
|-heal|p1a: Florges|249\/360|[from] item: Leftovers
|turn|23
|
|switch|p1a: Jirachi|Jirachi|341\/341
|detailschange|p2a: President|Abomasnow-Mega, M, shiny
|message|Abomasnow has Mega Evolved into Mega Abomasnow!
|-weather|Hail
|move|p2a: President|Earthquake|p1a: Jirachi
|-supereffective|p1a: Jirachi
|-damage|p1a: Jirachi|71\/341
|
|-weather|Hail|[upkeep]
|-damage|p1a: Jirachi|50\/341|[from] hail
|-heal|p1a: Jirachi|71\/341|[from] item: Leftovers
|turn|24
|leave|shinra sux
|
|switch|p2a: Don G|Gastrodon, M|319\/426 brn
|move|p1a: Jirachi|Iron Head|p2a: Don G
|-resisted|p2a: Don G
|-damage|p2a: Don G|261\/426 brn
|
|-weather|Hail|[upkeep]
|-damage|p1a: Jirachi|50\/341|[from] hail
|-damage|p2a: Don G|235\/426 brn|[from] hail
|-heal|p1a: Jirachi|71\/341|[from] item: Leftovers
|-heal|p2a: Don G|261\/426 brn|[from] item: Leftovers
|-damage|p2a: Don G|208\/426 brn|[from] brn
|turn|25
|
|move|p1a: Jirachi|U-turn|p2a: Don G
|-damage|p2a: Don G|149\/426 brn
|
|switch|p1a: Florges|Florges, F|249\/360
|move|p2a: Don G|Recover|p2a: Don G
|-heal|p2a: Don G|362\/426 brn
|
|-weather|Hail|[upkeep]
|-damage|p1a: Florges|227\/360|[from] hail
|-damage|p2a: Don G|336\/426 brn|[from] hail
|-heal|p1a: Florges|249\/360|[from] item: Leftovers
|-heal|p2a: Don G|362\/426 brn|[from] item: Leftovers
|-damage|p2a: Don G|309\/426 brn|[from] brn
|turn|26
|
|move|p1a: Florges|Wish|p1a: Florges
|move|p2a: Don G|Scald|p1a: Florges
|-damage|p1a: Florges|194\/360
|
|-weather|Hail|[upkeep]
|-damage|p1a: Florges|172\/360|[from] hail
|-damage|p2a: Don G|283\/426 brn|[from] hail
|-heal|p1a: Florges|194\/360|[from] item: Leftovers
|-heal|p2a: Don G|309\/426 brn|[from] item: Leftovers
|-damage|p2a: Don G|256\/426 brn|[from] brn
|turn|27
|
|switch|p1a: Infernape|Infernape, M|287\/355
|switch|p2a: Crook|Krookodile, M, shiny|332\/332
|-ability|p2a: Crook|Intimidate|[of] p1a: Infernape
|-unboost|p1a: Infernape|atk|1
|
|-weather|none
|-heal|p1a: Infernape|355\/355|[from] move: Wish|[wisher] Florges
|turn|28
|c| Dad's Dad|ew shiny crook looks so bad
|
|switch|p2a: Don G|Gastrodon, M|256\/426 brn
|switch|p1a: Aerodactyl|Aerodactyl, F|331\/331
|-ability|p1a: Aerodactyl|Pressure
|
|-heal|p2a: Don G|282\/426 brn|[from] item: Leftovers
|-damage|p2a: Don G|229\/426 brn|[from] brn
|turn|29
|
|switch|p1a: Florges|Florges, F|194\/360
|move|p2a: Don G|Scald|p1a: Florges
|-damage|p1a: Florges|140\/360
|
|-heal|p1a: Florges|162\/360|[from] item: Leftovers
|-heal|p2a: Don G|255\/426 brn|[from] item: Leftovers
|-damage|p2a: Don G|202\/426 brn|[from] brn
|turn|30
|join|LessThanThreeMan
|join|Emma Bae â¥
|join|DatGuyChuck
|join|Prythais
|c| DatGuyChuck|GO SNAPPERAIM
|c| Emma Bae â¥| ^
|c| DatGuyChuck|Â¯\_ (ã) _\/Â¯
|leave|thymetime
|join|thymetime
|join|BetaHousing
|c|âLiberalLucario|ily guys
|c| LessThanThreeMan|well
|
|move|p1a: Florges|Wish|p1a: Florges
|move|p2a: Don G|Recover|p2a: Don G
|-heal|p2a: Don G|415\/426 brn
|
|-heal|p1a: Florges|184\/360|[from] item: Leftovers
|-heal|p2a: Don G|426\/426 brn|[from] item: Leftovers
|-damage|p2a: Don G|373\/426 brn|[from] brn
|turn|31
|c| LessThanThreeMan|sniper has a kyu on his team
|c| DatGuyChuck|it is snapperaim after all
|c| LessThanThreeMan|so I'm going to have to pull for him
|c| LessThanThreeMan|sorry LL :[
|
|move|p1a: Florges|Moonblast|p2a: Don G
|-damage|p2a: Don G|231\/426 brn
|move|p2a: Don G|Scald|p1a: Florges
|-damage|p1a: Florges|133\/360
|-status|p1a: Florges|brn
|
|-heal|p1a: Florges|313\/360 brn|[from] move: Wish|[wisher] Florges
|-heal|p1a: Florges|335\/360 brn|[from] item: Leftovers
|-heal|p2a: Don G|257\/426 brn|[from] item: Leftovers
|-damage|p1a: Florges|290\/360 brn|[from] brn
|-damage|p2a: Don G|204\/426 brn|[from] brn
|turn|32
|c| DatGuyChuck|everyone loves snapperaim
|leave|BetaHousing
|c| DatGuyChuck|cos he has a Gligar named Â¯\_(ã)_\/Â¯
|c| Emma Bae â¥|lol
|c| DatGuyChuck|omg Obama is called President
|
|move|p1a: Florges|Aromatherapy|p1a: Florges
|-cureteam|p1a: Florges|[from] move: Aromatherapy
|move|p2a: Don G|Recover|p2a: Don G
|-heal|p2a: Don G|417\/426 brn
|
|-heal|p1a: Florges|312\/360|[from] item: Leftovers
|-heal|p2a: Don G|426\/426 brn|[from] item: Leftovers
|-damage|p2a: Don G|373\/426 brn|[from] brn
|turn|33
|c| DatGuyChuck|idk why that makes me smile
|
|move|p1a: Florges|Wish|p1a: Florges
|move|p2a: Don G|Toxic|p1a: Florges
|-status|p1a: Florges|tox
|
|-heal|p1a: Florges|334\/360 tox|[from] item: Leftovers
|-heal|p2a: Don G|399\/426 brn|[from] item: Leftovers
|-damage|p1a: Florges|312\/360 tox|[from] psn
|-damage|p2a: Don G|346\/426 brn|[from] brn
|turn|34
|leave|thymetime
|
|move|p1a: Florges|Aromatherapy|p1a: Florges
|-cureteam|p1a: Florges|[from] move: Aromatherapy
|move|p2a: Don G|Scald|p1a: Florges
|-damage|p1a: Florges|260\/360
|
|-heal|p1a: Florges|360\/360|[from] move: Wish|[wisher] Florges
|-heal|p2a: Don G|372\/426 brn|[from] item: Leftovers
|-damage|p2a: Don G|319\/426 brn|[from] brn
|turn|35
|
|switch|p1a: Jirachi|Jirachi|71\/341
|move|p2a: Don G|Scald|p1a: Jirachi
|-damage|p1a: Jirachi|0 fnt
|faint|p1a: Jirachi
|
|-heal|p2a: Don G|345\/426 brn|[from] item: Leftovers
|-damage|p2a: Don G|292\/426 brn|[from] brn
|
|switch|p1a: Aerodactyl|Aerodactyl, F|331\/331
|-ability|p1a: Aerodactyl|Pressure
|turn|36
|
|detailschange|p1a: Aerodactyl|Aerodactyl-Mega, F
|message|Aerodactyl has Mega Evolved into Mega Aerodactyl!
|move|p1a: Aerodactyl|Aerial Ace|p2a: Don G
|-crit|p2a: Don G
|-damage|p2a: Don G|84\/426 brn
|move|p2a: Don G|Scald|p1a: Aerodactyl
|-supereffective|p1a: Aerodactyl
|-damage|p1a: Aerodactyl|145\/331
|-status|p1a: Aerodactyl|brn
|
|-heal|p2a: Don G|110\/426 brn|[from] item: Leftovers
|-damage|p1a: Aerodactyl|104\/331 brn|[from] brn
|-damage|p2a: Don G|57\/426 brn|[from] brn
|turn|37
|leave|LessThanThreeMan
|
|move|p1a: Aerodactyl|Aerial Ace|p2a: Don G
|-damage|p2a: Don G|0 fnt
|faint|p2a: Don G
|
|-damage|p1a: Aerodactyl|63\/331 brn|[from] brn
|c| Prythais|sniperaim should totally be running sniper kingdra lol
|c| DatGuyChuck|listening to DMT's voice right meow
|c| Prythais|DMT?
|c|âLiberalLucario|dmt
|
|switch|p2a: KILL THEM|Kyurem, shiny|295\/391 brn
|-ability|p2a: KILL THEM|Pressure
|turn|38
|c| DatGuyChuck|do you not know
|c|âLiberalLucario|if you dont know who dmt is that's yoru message to spend more time in the room
|c|âLiberalLucario|*your
|c| DatGuyChuck|our lord and master â¹ââ
|
|switch|p1a: Florges|Florges, F|360\/360
|move|p2a: KILL THEM|Ice Beam|p1a: Florges
|-damage|p1a: Florges|242\/360
|-status|p1a: Florges|frz
|
|-heal|p1a: Florges|264\/360 frz|[from] item: Leftovers
|-damage|p2a: KILL THEM|247\/391 brn|[from] brn
|turn|39
|c| Emma Bae â¥|lmfao
|c|âLiberalLucario|ow
|c|âsniperaim|ahhh
|c| Dudeman130498|optimal plays
|c| DatGuyChuck|florges got sniped
|c| Dudeman130498|tbh why is fucking freeze even a thing
|c| DatGuyChuck|and froze
|
|switch|p1a: Aerodactyl|Aerodactyl-Mega, F|63\/331 brn
|move|p2a: KILL THEM|Ice Beam|p1a: Aerodactyl
|-supereffective|p1a: Aerodactyl
|-damage|p1a: Aerodactyl|0 fnt
|faint|p1a: Aerodactyl
|
|-damage|p2a: KILL THEM|199\/391 brn|[from] brn
|
|switch|p1a: Infernape|Infernape, M|355\/355
|turn|40
|
|switch|p1a: Swampert|Swampert, F|391\/391
|move|p2a: KILL THEM|Ice Beam|p1a: Swampert
|-damage|p1a: Swampert|204\/391
|
|-heal|p1a: Swampert|228\/391|[from] item: Leftovers
|-damage|p2a: KILL THEM|151\/391 brn|[from] brn
|turn|41
|c| DatGuyChuck|Â¯\_ (ã) _\/Â¯
|
|switch|p1a: Infernape|Infernape, M|355\/355
|move|p2a: KILL THEM|Ice Beam|p1a: Infernape
|-resisted|p1a: Infernape
|-damage|p1a: Infernape|241\/355
|
|-heal|p1a: Infernape|263\/355|[from] item: Leftovers
|-damage|p2a: KILL THEM|103\/391 brn|[from] brn
|turn|42
|
|switch|p2a: Crook|Krookodile, M, shiny|332\/332
|-ability|p2a: Crook|Intimidate|[of] p1a: Infernape
|-unboost|p1a: Infernape|atk|1
|move|p1a: Infernape|Fire Punch|p2a: Crook
|-damage|p2a: Crook|242\/332
|
|-heal|p1a: Infernape|285\/355|[from] item: Leftovers
|turn|43
|
|switch|p1a: Florges|Florges, F|264\/360 frz
|move|p2a: Crook|Earthquake|p1a: Florges
|-damage|p1a: Florges|0 fnt
|faint|p1a: Florges
|
|
|switch|p1a: Swampert|Swampert, F|228\/391
|turn|44
|c| Prythais|bop
|
|move|p2a: Crook|Earthquake|p1a: Swampert
|-damage|p1a: Swampert|12\/391
|move|p1a: Swampert|Scald|p2a: Crook
|-supereffective|p2a: Crook
|-damage|p2a: Crook|0 fnt
|faint|p2a: Crook
|
|-heal|p1a: Swampert|36\/391|[from] item: Leftovers
|c|âLiberalLucario|omg swampert
|c|âLiberalLucario|you are the lord 
|join|watfor
|c| Dudeman130498|dat torrent
|c|âLiberalLucario|and also you really should have gone to obama but ok
|c| Emma Bae â¥|y u no switch aboma?!
|
|switch|p2a: President|Abomasnow-Mega, M, shiny|383\/383
|-weather|Hail
|turn|45
|c| Dad's Dad|did snapper just choke
|
|move|p2a: President|Earthquake|p1a: Swampert
|-damage|p1a: Swampert|0 fnt
|faint|p1a: Swampert
|
|-weather|Hail|[upkeep]
|c| watfor|sniperaim i root 4 u n_n
|
|switch|p1a: Infernape|Infernape, M|285\/355
|turn|46
|c| watfor|pls win
|c| watfor|pls
|c| Dad's Dad|plz no stab
|c| Emma Bae â¥|stab
|c| watfor|miss fire stab here
|c| Emma Bae â¥|fire punch
|c| aqbf|reveal the mach punch on ape next turn
|c| watfor|miss
|c| watfor|miss
|c| Prythais|I thinkm sniper lost
|c| watfor|miss
|c| watfor|miss
|c| watfor|miss
|c| DatGuyChuck|miss what
|
|move|p1a: Infernape|Fire Punch|p2a: President
|-supereffective|p2a: President
|-damage|p2a: President|0 fnt
|faint|p2a: President
|
|-weather|Hail|[upkeep]
|-damage|p1a: Infernape|263\/355|[from] hail
|-heal|p1a: Infernape|285\/355|[from] item: Leftovers
|c| aqbf|brightpowder kyurem
|c| watfor|lefties
|c| watfor|nape
|c| Emma Bae â¥|^^^
|
|switch|p2a: KILL THEM|Kyurem, shiny|103\/391 brn
|-ability|p2a: KILL THEM|Pressure
|turn|47
|c| watfor|aids
|c|âLiberalLucario|no snapper won
|c| DatGuyChuck|snapperaim just choked :(
|c| Dad's Dad|fire punch taunt willo slack off
|c| aqbf|reveal that mach punch
|c| Dudeman130498|>calling fun sets aids
|c| Emma Bae â¥|scarf
|c|âLiberalLucario|this infernape does not have speed investment
|
|move|p2a: KILL THEM|Earth Power|p1a: Infernape
|-supereffective|p1a: Infernape
|-damage|p1a: Infernape|0 fnt
|faint|p1a: Infernape
|
|win|sniperaim
|c|âsniperaim|i won
|c|âLiberalLucario|yep
|c|âsniperaim|gg
|c|âLiberalLucario|ggs
|c| Emma Bae â¥|Ayyyyyy
|c| DatGuyChuck|Â¯\_ (ã) _\/Â¯
|c| DatGuyChuck|Â¯\_ (ã) _\/Â¯
|c| DatGuyChuck|Â¯\_ (ã) _\/Â¯
|c|âLiberalLucario|that freeze tbh
|leave|aqbf
|c| Prythais|dang
|leave|Dad's Dad
|c| Dudeman130498|yeah the frez
|c|âLiberalLucario|just wow
|leave|DatGuyChuck
|c|âsniperaim|;s
|leave|Emma Bae â¥
|c| Dudeman130498|literally boned you