|join|sniperaim
|join|SKETCHYECCHI
|player|p1|sniperaim|220
|player|p2|SKETCHYECCHI|146
|gametype|singles
|gen|6
|tier|UU
|rated
|rule|Sleep Clause Mod: Limit one foe put to sleep
|rule|Species Clause: Limit one of each PokÃ©mon
|rule|OHKO Clause: OHKO moves are banned
|rule|Moody Clause: Moody is banned
|rule|Evasion Moves Clause: Evasion moves are banned
|rule|Endless Battle Clause: Forcing endless battles is banned
|rule|HP Percentage Mod: HP is shown in percentages
|clearpoke
|poke|p1|Sharpedo, F
|poke|p1|Hippowdon, F
|poke|p1|Machamp, F
|poke|p1|Tentacruel, M
|poke|p1|Jirachi
|poke|p1|Whimsicott, F
|poke|p2|Nidoqueen, F
|poke|p2|Forretress, F
|poke|p2|Togetic, M
|poke|p2|Suicune
|poke|p2|Blissey, F
|poke|p2|Spiritomb, M
|rule|Swagger Clause: Swagger is banned
|rule|Baton Pass Clause: Limit one PokÃ©mon knowing Baton Pass
|teampreview
|
|start
|switch|p1a: Tentacruel|Tentacruel, M|364\/364
|switch|p2a: Heart-Shaped Box|Forretress, F|354\/354
|turn|1
|
|switch|p2a: All Apologies|Togetic, M|311\/311
|move|p1a: Tentacruel|Scald|p2a: All Apologies
|-damage|p2a: All Apologies|260\/311
|
|turn|2
|
|switch|p2a: Rape Me|Blissey, F|714\/714
|move|p1a: Tentacruel|Toxic|p2a: Rape Me
|-status|p2a: Rape Me|tox
|
|-damage|p2a: Rape Me|670\/714 tox|[from] psn
|turn|3
|
|move|p1a: Tentacruel|Toxic Spikes|p2a: Rape Me
|-sidestart|p2: SKETCHYECCHI|move: Toxic Spikes
|move|p2a: Rape Me|Seismic Toss|p1a: Tentacruel
|-damage|p1a: Tentacruel|264\/364
|
|-heal|p1a: Tentacruel|286\/364|[from] item: Black Sludge
|-heal|p2a: Rape Me|714\/714 tox|[from] item: Leftovers
|-damage|p2a: Rape Me|626\/714 tox|[from] psn
|turn|4
|
|switch|p1a: Machamp|Machamp, F|343\/343
|move|p2a: Rape Me|Seismic Toss|p1a: Machamp
|-damage|p1a: Machamp|243\/343
|
|-heal|p2a: Rape Me|670\/714 tox|[from] item: Leftovers
|-damage|p2a: Rape Me|538\/714 tox|[from] psn
|turn|5
|
|switch|p2a: All Apologies|Togetic, M|260\/311
|move|p1a: Machamp|Knock Off|p2a: All Apologies
|-resisted|p2a: All Apologies
|-damage|p2a: All Apologies|227\/311
|-enditem|p2a: All Apologies|Eviolite|[from] move: Knock Off|[of] p1a: Machamp
|
|turn|6
|
|move|p1a: Machamp|Heavy Slam|p2a: All Apologies
|-supereffective|p2a: All Apologies
|-damage|p2a: All Apologies|0 fnt
|faint|p2a: All Apologies
|
|
|switch|p2a: About A Girl|Nidoqueen, F|384\/384
|-sideend|p2: SKETCHYECCHI|move: Toxic Spikes|[of] p2a: About A Girl
|turn|7
|
|move|p2a: About A Girl|Stealth Rock|p1a: Machamp
|-sidestart|p1: sniperaim|move: Stealth Rock
|move|p1a: Machamp|Knock Off|p2a: About A Girl
|-damage|p2a: About A Girl|287\/384
|-enditem|p2a: About A Girl|Leftovers|[from] move: Knock Off|[of] p1a: Machamp
|
|turn|8
|
|switch|p2a: Heart-Shaped Box|Forretress, F|354\/354
|move|p1a: Machamp|Ice Punch|p2a: Heart-Shaped Box
|-resisted|p2a: Heart-Shaped Box
|-damage|p2a: Heart-Shaped Box|329\/354
|
|-heal|p2a: Heart-Shaped Box|351\/354|[from] item: Leftovers
|turn|9
|
|move|p1a: Machamp|Knock Off|p2a: Heart-Shaped Box
|-damage|p2a: Heart-Shaped Box|276\/354
|-enditem|p2a: Heart-Shaped Box|Leftovers|[from] move: Knock Off|[of] p1a: Machamp
|move|p2a: Heart-Shaped Box|Gyro Ball|p1a: Machamp
|-damage|p1a: Machamp|161\/343
|
|turn|10
|
|switch|p1a: Tentacruel|Tentacruel, M|286\/364
|-damage|p1a: Tentacruel|241\/364|[from] Stealth Rock
|move|p2a: Heart-Shaped Box|Spikes|p1a: Tentacruel
|-sidestart|p1: sniperaim|Spikes
|
|-heal|p1a: Tentacruel|263\/364|[from] item: Black Sludge
|turn|11
|
|switch|p2a: Blew|Spiritomb, M|304\/304
|move|p1a: Tentacruel|Scald|p2a: Blew
|-damage|p2a: Blew|246\/304
|
|-heal|p1a: Tentacruel|285\/364|[from] item: Black Sludge
|-heal|p2a: Blew|265\/304|[from] item: Leftovers
|turn|12
|
|move|p1a: Tentacruel|Toxic|p2a: Blew
|-status|p2a: Blew|tox
|move|p2a: Blew|Will-O-Wisp|p1a: Tentacruel
|-status|p1a: Tentacruel|brn
|
|-heal|p1a: Tentacruel|307\/364 brn|[from] item: Black Sludge
|-heal|p2a: Blew|284\/304 tox|[from] item: Leftovers
|-damage|p1a: Tentacruel|262\/364 brn|[from] brn
|-damage|p2a: Blew|265\/304 tox|[from] psn
|turn|13
|
|move|p1a: Tentacruel|Toxic Spikes|p2a: Blew
|-sidestart|p2: SKETCHYECCHI|move: Toxic Spikes
|move|p2a: Blew|Dark Pulse|p1a: Tentacruel
|-damage|p1a: Tentacruel|180\/364 brn
|
|-heal|p1a: Tentacruel|202\/364 brn|[from] item: Black Sludge
|-heal|p2a: Blew|284\/304 tox|[from] item: Leftovers
|-damage|p1a: Tentacruel|157\/364 brn|[from] brn
|-damage|p2a: Blew|246\/304 tox|[from] psn
|turn|14
|
|switch|p2a: About A Girl|Nidoqueen, F|287\/384
|-sideend|p2: SKETCHYECCHI|move: Toxic Spikes|[of] p2a: About A Girl
|move|p1a: Tentacruel|Scald|p2a: About A Girl
|-supereffective|p2a: About A Girl
|-damage|p2a: About A Girl|123\/384
|
|-heal|p1a: Tentacruel|179\/364 brn|[from] item: Black Sludge
|-damage|p1a: Tentacruel|134\/364 brn|[from] brn
|turn|15
|
|switch|p2a: Blew|Spiritomb, M|246\/304 tox
|move|p1a: Tentacruel|Scald|p2a: Blew
|-damage|p2a: Blew|195\/304 tox
|
|-heal|p1a: Tentacruel|156\/364 brn|[from] item: Black Sludge
|-heal|p2a: Blew|214\/304 tox|[from] item: Leftovers
|-damage|p1a: Tentacruel|111\/364 brn|[from] brn
|-damage|p2a: Blew|195\/304 tox|[from] psn
|turn|16
|
|move|p1a: Tentacruel|Toxic Spikes|p2a: Blew
|-sidestart|p2: SKETCHYECCHI|move: Toxic Spikes
|move|p2a: Blew|Rest|p2a: Blew
|-status|p2a: Blew|slp
|-heal|p2a: Blew|304\/304 slp|[silent]
|-status|p2a: Blew|slp|[from] move: Rest
|
|-heal|p1a: Tentacruel|133\/364 brn|[from] item: Black Sludge
|-damage|p1a: Tentacruel|88\/364 brn|[from] brn
|turn|17
|
|move|p1a: Tentacruel|Toxic Spikes|p2a: Blew
|-sidestart|p2: SKETCHYECCHI|move: Toxic Spikes
|cant|p2a: Blew|slp
|
|-heal|p1a: Tentacruel|110\/364 brn|[from] item: Black Sludge
|-damage|p1a: Tentacruel|65\/364 brn|[from] brn
|turn|18
|
|switch|p1a: Hippowdon|Hippowdon, F|420\/420
|-damage|p1a: Hippowdon|368\/420|[from] Spikes
|-damage|p1a: Hippowdon|342\/420|[from] Stealth Rock
|-weather|Sandstorm
|cant|p2a: Blew|slp
|
|-weather|Sandstorm|[upkeep]
|-damage|p2a: Blew|285\/304 slp|[from] sandstorm
|-heal|p1a: Hippowdon|368\/420|[from] item: Leftovers
|-heal|p2a: Blew|304\/304 slp|[from] item: Leftovers
|turn|19
|
|switch|p1a: Machamp|Machamp, F|161\/343
|-damage|p1a: Machamp|119\/343|[from] Spikes
|-damage|p1a: Machamp|98\/343|[from] Stealth Rock
|switch|p2a: Heart-Shaped Box|Forretress, F|276\/354
|
|-weather|Sandstorm|[upkeep]
|-damage|p1a: Machamp|77\/343|[from] sandstorm
|turn|20
|
|switch|p1a: Hippowdon|Hippowdon, F|368\/420
|-damage|p1a: Hippowdon|342\/420|[from] Stealth Rock
|-damage|p1a: Hippowdon|290\/420|[from] Spikes
|switch|p2a: About A Girl|Nidoqueen, F|123\/384
|-sideend|p2: SKETCHYECCHI|move: Toxic Spikes|[of] p2a: About A Girl
|
|-weather|Sandstorm|[upkeep]
|-heal|p1a: Hippowdon|316\/420|[from] item: Leftovers
|turn|21
|
|switch|p2a: Heart-Shaped Box|Forretress, F|276\/354
|move|p1a: Hippowdon|Earthquake|p2a: Heart-Shaped Box
|-damage|p2a: Heart-Shaped Box|209\/354
|
|-weather|Sandstorm|[upkeep]
|-heal|p1a: Hippowdon|342\/420|[from] item: Leftovers
|turn|22
|
|move|p1a: Hippowdon|Stealth Rock|p2a: Heart-Shaped Box
|-sidestart|p2: SKETCHYECCHI|move: Stealth Rock
|move|p2a: Heart-Shaped Box|Spikes|p1a: Hippowdon
|-sidestart|p1: sniperaim|Spikes
|
|-weather|none
|-heal|p1a: Hippowdon|368\/420|[from] item: Leftovers
|turn|23
|
|move|p1a: Hippowdon|Earthquake|p2a: Heart-Shaped Box
|-damage|p2a: Heart-Shaped Box|128\/354
|move|p2a: Heart-Shaped Box|Toxic|p1a: Hippowdon
|-status|p1a: Hippowdon|tox
|
|-heal|p1a: Hippowdon|394\/420 tox|[from] item: Leftovers
|-damage|p1a: Hippowdon|368\/420 tox|[from] psn
|turn|24
|
|move|p1a: Hippowdon|Earthquake|p2a: Heart-Shaped Box
|-damage|p2a: Heart-Shaped Box|59\/354
|move|p2a: Heart-Shaped Box|Rapid Spin|p1a: Hippowdon
|-damage|p1a: Hippowdon|357\/420 tox
|-sideend|p2: SKETCHYECCHI|Stealth Rock|[from] move: Rapid Spin|[of] p2a: Heart-Shaped Box
|
|-heal|p1a: Hippowdon|383\/420 tox|[from] item: Leftovers
|-damage|p1a: Hippowdon|331\/420 tox|[from] psn
|turn|25
|
|switch|p2a: Dumb|Suicune|404\/404
|-ability|p2a: Dumb|Pressure
|move|p1a: Hippowdon|Earthquake|p2a: Dumb
|-damage|p2a: Dumb|322\/404
|
|-heal|p2a: Dumb|347\/404|[from] item: Leftovers
|-heal|p1a: Hippowdon|357\/420 tox|[from] item: Leftovers
|-damage|p1a: Hippowdon|279\/420 tox|[from] psn
|turn|26
|
|switch|p1a: Whimsicott|Whimsicott, F|280\/280
|-damage|p1a: Whimsicott|245\/280|[from] Stealth Rock
|-damage|p1a: Whimsicott|199\/280|[from] Spikes
|move|p2a: Dumb|Scald|p1a: Whimsicott
|-resisted|p1a: Whimsicott
|-damage|p1a: Whimsicott|147\/280
|-status|p1a: Whimsicott|brn
|
|-heal|p1a: Whimsicott|164\/280 brn|[from] item: Leftovers
|-heal|p2a: Dumb|372\/404|[from] item: Leftovers
|-damage|p1a: Whimsicott|129\/280 brn|[from] brn
|turn|27
|
|switch|p2a: Rape Me|Blissey, F|538\/714
|move|p1a: Whimsicott|U-turn|p2a: Rape Me
|-damage|p2a: Rape Me|505\/714
|
|switch|p1a: Sharpedo|Sharpedo, F|282\/282
|-damage|p1a: Sharpedo|235\/282|[from] Spikes
|-damage|p1a: Sharpedo|200\/282|[from] Stealth Rock
|
|-heal|p2a: Rape Me|549\/714|[from] item: Leftovers
|turn|28
|
|switch|p2a: Heart-Shaped Box|Forretress, F|59\/354
|detailschange|p1a: Sharpedo|Sharpedo-Mega, F
|-mega|p1a: Sharpedo|Sharpedo|Sharpedonite
|move|p1a: Sharpedo|Crunch|p2a: Heart-Shaped Box
|-damage|p2a: Heart-Shaped Box|0 fnt
|faint|p2a: Heart-Shaped Box
|
|
|switch|p2a: Dumb|Suicune|372\/404
|-ability|p2a: Dumb|Pressure
|turn|29
|
|move|p1a: Sharpedo|Crunch|p2a: Dumb
|-damage|p2a: Dumb|209\/404
|move|p2a: Dumb|Scald|p1a: Sharpedo
|-resisted|p1a: Sharpedo
|-damage|p1a: Sharpedo|140\/282
|
|-heal|p2a: Dumb|234\/404|[from] item: Leftovers
|turn|30
|
|move|p1a: Sharpedo|Crunch|p2a: Dumb
|-damage|p2a: Dumb|71\/404
|move|p2a: Dumb|Rest|p2a: Dumb
|-status|p2a: Dumb|slp
|-heal|p2a: Dumb|404\/404 slp|[silent]
|-status|p2a: Dumb|slp|[from] move: Rest
|
|turn|31
|
|move|p1a: Sharpedo|Crunch|p2a: Dumb
|-damage|p2a: Dumb|244\/404 slp
|cant|p2a: Dumb|slp
|move|p2a: Dumb|Sleep Talk|p2a: Dumb
|move|p2a: Dumb|Roar|p1a: Sharpedo|[from]Sleep Talk
|drag|p1a: Jirachi|Jirachi|342\/342
|-damage|p1a: Jirachi|285\/342|[from] Spikes
|-damage|p1a: Jirachi|264\/342|[from] Stealth Rock
|
|-heal|p2a: Dumb|269\/404 slp|[from] item: Leftovers
|turn|32
|
|switch|p2a: About A Girl|Nidoqueen, F|123\/384
|move|p1a: Jirachi|Healing Wish|p1a: Jirachi
|faint|p1a: Jirachi
|
|
|switch|p1a: Machamp|Machamp, F|77\/343
|-heal|p1a: Machamp|343\/343|[from] move: Healing Wish
|-damage|p1a: Machamp|286\/343|[from] Spikes
|-damage|p1a: Machamp|265\/343|[from] Stealth Rock
|turn|33
|
|move|p1a: Machamp|Ice Punch|p2a: About A Girl
|-supereffective|p2a: About A Girl
|-damage|p2a: About A Girl|0 fnt
|faint|p2a: About A Girl
|
|
|switch|p2a: Blew|Spiritomb, M|304\/304 slp
|turn|34
|
|move|p1a: Machamp|Ice Punch|p2a: Blew
|-crit|p2a: Blew
|-damage|p2a: Blew|160\/304 slp
|-curestatus|p2a: Blew|slp
|move|p2a: Blew|Will-O-Wisp|p1a: Machamp
|-status|p1a: Machamp|brn
|
|-heal|p2a: Blew|179\/304|[from] item: Leftovers
|-damage|p1a: Machamp|223\/343 brn|[from] brn
|turn|35
|
|move|p1a: Machamp|Knock Off|p2a: Blew
|-damage|p2a: Blew|4\/304
|-enditem|p2a: Blew|Leftovers|[from] move: Knock Off|[of] p1a: Machamp
|move|p2a: Blew|Rest|p2a: Blew
|-status|p2a: Blew|slp
|-heal|p2a: Blew|304\/304 slp|[silent]
|-status|p2a: Blew|slp|[from] move: Rest
|
|-damage|p1a: Machamp|181\/343 brn|[from] brn
|turn|36
|
|switch|p1a: Whimsicott|Whimsicott, F|129\/280 brn
|-damage|p1a: Whimsicott|94\/280 brn|[from] Stealth Rock
|-damage|p1a: Whimsicott|48\/280 brn|[from] Spikes
|cant|p2a: Blew|slp
|
|-heal|p1a: Whimsicott|65\/280 brn|[from] item: Leftovers
|-damage|p1a: Whimsicott|30\/280 brn|[from] brn
|turn|37
|
|switch|p2a: Rape Me|Blissey, F|549\/714
|move|p1a: Whimsicott|Giga Drain|p2a: Rape Me
|-damage|p2a: Rape Me|479\/714
|-heal|p1a: Whimsicott|65\/280 brn|[from] drain|[of] p2a: Rape Me
|
|-heal|p1a: Whimsicott|82\/280 brn|[from] item: Leftovers
|-heal|p2a: Rape Me|523\/714|[from] item: Leftovers
|-damage|p1a: Whimsicott|47\/280 brn|[from] brn
|turn|38
|
|move|p1a: Whimsicott|Giga Drain|p2a: Rape Me
|-damage|p2a: Rape Me|451\/714
|-heal|p1a: Whimsicott|83\/280 brn|[from] drain|[of] p2a: Rape Me
|move|p2a: Rape Me|Wish|p2a: Rape Me
|
|-heal|p1a: Whimsicott|100\/280 brn|[from] item: Leftovers
|-heal|p2a: Rape Me|495\/714|[from] item: Leftovers
|-damage|p1a: Whimsicott|65\/280 brn|[from] brn
|turn|39
|
|move|p1a: Whimsicott|Encore|p2a: Rape Me
|-start|p2a: Rape Me|Encore
|move|p2a: Rape Me|Wish|p2a: Rape Me
|-fail|p2a: Rape Me
|
|-heal|p2a: Rape Me|714\/714|[from] move: Wish|[wisher] Rape Me
|-heal|p1a: Whimsicott|82\/280 brn|[from] item: Leftovers
|-damage|p1a: Whimsicott|47\/280 brn|[from] brn
|turn|40
|
|move|p1a: Whimsicott|Moonblast|p2a: Rape Me
|-damage|p2a: Rape Me|630\/714
|move|p2a: Rape Me|Wish|p2a: Rape Me
|
|-heal|p1a: Whimsicott|64\/280 brn|[from] item: Leftovers
|-heal|p2a: Rape Me|674\/714|[from] item: Leftovers
|-damage|p1a: Whimsicott|29\/280 brn|[from] brn
|turn|41
|
|move|p1a: Whimsicott|Giga Drain|p2a: Rape Me
|-damage|p2a: Rape Me|601\/714
|-heal|p1a: Whimsicott|66\/280 brn|[from] drain|[of] p2a: Rape Me
|move|p2a: Rape Me|Wish|p2a: Rape Me
|-fail|p2a: Rape Me
|
|-heal|p2a: Rape Me|714\/714|[from] move: Wish|[wisher] Rape Me
|-heal|p1a: Whimsicott|83\/280 brn|[from] item: Leftovers
|-damage|p1a: Whimsicott|48\/280 brn|[from] brn
|-end|p2a: Rape Me|Encore
|turn|42
|
|move|p1a: Whimsicott|Encore|p2a: Rape Me
|-start|p2a: Rape Me|Encore
|move|p2a: Rape Me|Wish|p2a: Rape Me
|
|-heal|p1a: Whimsicott|65\/280 brn|[from] item: Leftovers
|-damage|p1a: Whimsicott|30\/280 brn|[from] brn
|turn|43
|
|move|p1a: Whimsicott|Giga Drain|p2a: Rape Me
|-damage|p2a: Rape Me|638\/714
|-heal|p1a: Whimsicott|68\/280 brn|[from] drain|[of] p2a: Rape Me
|move|p2a: Rape Me|Wish|p2a: Rape Me
|-fail|p2a: Rape Me
|
|-heal|p2a: Rape Me|714\/714|[from] move: Wish|[wisher] Rape Me
|-heal|p1a: Whimsicott|85\/280 brn|[from] item: Leftovers
|-damage|p1a: Whimsicott|50\/280 brn|[from] brn
|turn|44
|
|move|p1a: Whimsicott|Giga Drain|p2a: Rape Me
|-damage|p2a: Rape Me|645\/714
|-heal|p1a: Whimsicott|85\/280 brn|[from] drain|[of] p2a: Rape Me
|move|p2a: Rape Me|Wish|p2a: Rape Me
|
|-heal|p1a: Whimsicott|102\/280 brn|[from] item: Leftovers
|-heal|p2a: Rape Me|689\/714|[from] item: Leftovers
|-damage|p1a: Whimsicott|67\/280 brn|[from] brn
|-end|p2a: Rape Me|Encore
|turn|45
|
|switch|p2a: Blew|Spiritomb, M|304\/304 slp
|move|p1a: Whimsicott|Encore|p2a: Blew
|-fail|p2a: Blew
|
|-heal|p1a: Whimsicott|84\/280 brn|[from] item: Leftovers
|-damage|p1a: Whimsicott|49\/280 brn|[from] brn
|turn|46
|
|switch|p2a: Rape Me|Blissey, F|689\/714
|move|p1a: Whimsicott|Giga Drain|p2a: Rape Me
|-crit|p2a: Rape Me
|-damage|p2a: Rape Me|571\/714
|-heal|p1a: Whimsicott|108\/280 brn|[from] drain|[of] p2a: Rape Me
|
|-heal|p1a: Whimsicott|125\/280 brn|[from] item: Leftovers
|-heal|p2a: Rape Me|615\/714|[from] item: Leftovers
|-damage|p1a: Whimsicott|90\/280 brn|[from] brn
|turn|47
|
|move|p1a: Whimsicott|Giga Drain|p2a: Rape Me
|-damage|p2a: Rape Me|546\/714
|-heal|p1a: Whimsicott|125\/280 brn|[from] drain|[of] p2a: Rape Me
|move|p2a: Rape Me|Seismic Toss|p1a: Whimsicott
|-damage|p1a: Whimsicott|25\/280 brn
|
|-heal|p1a: Whimsicott|42\/280 brn|[from] item: Leftovers
|-heal|p2a: Rape Me|590\/714|[from] item: Leftovers
|-damage|p1a: Whimsicott|7\/280 brn|[from] brn
|turn|48
|
|move|p1a: Whimsicott|Encore|p2a: Rape Me
|-start|p2a: Rape Me|Encore
|move|p2a: Rape Me|Seismic Toss|p1a: Whimsicott
|-damage|p1a: Whimsicott|0 fnt
|faint|p1a: Whimsicott
|
|-heal|p2a: Rape Me|634\/714|[from] item: Leftovers
|
|switch|p1a: Sharpedo|Sharpedo-Mega, F|140\/282
|-damage|p1a: Sharpedo|93\/282|[from] Spikes
|-damage|p1a: Sharpedo|58\/282|[from] Stealth Rock
|turn|49
|
|move|p1a: Sharpedo|Crunch|p2a: Rape Me
|-damage|p2a: Rape Me|207\/714
|move|p2a: Rape Me|Seismic Toss|p1a: Sharpedo
|-damage|p1a: Sharpedo|0 fnt
|faint|p1a: Sharpedo
|
|-heal|p2a: Rape Me|251\/714|[from] item: Leftovers
|-message|sniperaim forfeited.
|
|win|SKETCHYECCHI
|raw|Ladder updating...
|raw|sniperaim's rating: 1564 &rarr; <strong>1544<\/strong><br \/>(-20 for losing)
|raw|SKETCHYECCHI's rating: 1575 &rarr; <strong>1594<\/strong><br \/>(+19 for winning)