|join|sniperaim
|join|z0mOG
|player|p1|sniperaim|220
|player|p2|z0mOG|104
|gametype|singles
|gen|6
|tier|UU
|rated
|rule|Sleep Clause Mod: Limit one foe put to sleep
|rule|Species Clause: Limit one of each PokÃ©mon
|rule|OHKO Clause: OHKO moves are banned
|rule|Moody Clause: Moody is banned
|rule|Evasion Moves Clause: Evasion moves are banned
|rule|Endless Battle Clause: Forcing endless battles is banned
|rule|HP Percentage Mod: HP is shown in percentages
|clearpoke
|poke|p1|Smeargle, F
|poke|p1|Mienshao, F
|poke|p1|Toxicroak, M
|poke|p1|Togekiss, M, shiny
|poke|p1|Donphan, M, shiny
|poke|p1|Nidoking, M, shiny
|poke|p2|Florges, F
|poke|p2|Houndoom, M
|poke|p2|Hydreigon, F
|poke|p2|Jirachi
|poke|p2|Swampert, M
|poke|p2|Crobat, F
|rule|Swagger Clause: Swagger is banned
|rule|Baton Pass Clause: Limit one PokÃ©mon knowing Baton Pass
|teampreview
|c|âz0mOG|le uu room mod faec
|
|start
|switch|p1a: Tattos|Donphan, M, shiny|375\/375
|switch|p2a: Bad Luck Bub|Jirachi|341\/341
|turn|1
|
|move|p2a: Bad Luck Bub|Energy Ball|p1a: Tattos
|-supereffective|p1a: Tattos
|-damage|p1a: Tattos|193\/375
|move|p1a: Tattos|Earthquake|p2a: Bad Luck Bub
|-supereffective|p2a: Bad Luck Bub
|-damage|p2a: Bad Luck Bub|0 fnt
|faint|p2a: Bad Luck Bub
|
|
|switch|p2a: Bad Type Barack|Hydreigon, F|325\/325
|turn|2
|
|move|p2a: Bad Type Barack|U-turn|p1a: Tattos
|-damage|p1a: Tattos|144\/375
|
|switch|p2a: Bad Story Brobat|Crobat, F|373\/373
|move|p1a: Tattos|Play Rough|p2a: Bad Story Brobat
|-resisted|p2a: Bad Story Brobat
|-damage|p2a: Bad Story Brobat|302\/373
|
|turn|3
|
|move|p2a: Bad Story Brobat|Acrobatics|p1a: Tattos
|-crit|p1a: Tattos
|-damage|p1a: Tattos|0 fnt
|faint|p1a: Tattos
|
|
|switch|p1a: mirror|Smeargle, F|314\/314
|turn|4
|
|move|p2a: Bad Story Brobat|Acrobatics|p1a: mirror
|-damage|p1a: mirror|70\/314
|move|p1a: mirror|Spore|p2a: Bad Story Brobat
|-status|p2a: Bad Story Brobat|slp
|
|turn|5
|
|switch|p2a: Bad Doggie Bad|Houndoom, M|291\/291
|move|p1a: mirror|Stealth Rock|p2a: Bad Doggie Bad
|-sidestart|p2: z0mOG|move: Stealth Rock
|
|turn|6
|
|switch|p1a: Shao-Ming|Mienshao, F|272\/272
|detailschange|p2a: Bad Doggie Bad|Houndoom-Mega, M
|message|Houndoom has Mega Evolved into Mega Houndoom!
|move|p2a: Bad Doggie Bad|Sludge Bomb|p1a: Shao-Ming
|-damage|p1a: Shao-Ming|99\/272
|
|turn|7
|
|switch|p2a: Bad Def Bailey;_;|Florges, F|360\/360
|-damage|p2a: Bad Def Bailey;_;|315\/360|[from] Stealth Rock
|switch|p1a: mirror|Smeargle, F|70\/314
|
|-heal|p2a: Bad Def Bailey;_;|337\/360|[from] item: Leftovers
|turn|8
|
|move|p1a: mirror|Sticky Web|p2a: Bad Def Bailey;_;
|-sidestart|p2: z0mOG|move: Sticky Web
|move|p2a: Bad Def Bailey;_;|Aromatherapy|p2a: Bad Def Bailey;_;
|-cureteam|p2a: Bad Def Bailey;_;|[from] move: Aromatherapy
|
|-heal|p2a: Bad Def Bailey;_;|359\/360|[from] item: Leftovers
|turn|9
|
|switch|p1a: NidoPenis|Nidoking, M, shiny|304\/304
|move|p2a: Bad Def Bailey;_;|Moonblast|p1a: NidoPenis
|-resisted|p1a: NidoPenis
|-damage|p1a: NidoPenis|229\/304
|
|-heal|p2a: Bad Def Bailey;_;|360\/360|[from] item: Leftovers
|turn|10
|
|switch|p2a: Bad News Barry|Swampert, M|401\/401
|-activate|p2a: Bad News Barry|move: Sticky Web
|-unboost|p2a: Bad News Barry|spe|1
|-damage|p2a: Bad News Barry|376\/401|[from] Stealth Rock
|move|p1a: NidoPenis|Ice Beam|p2a: Bad News Barry
|-damage|p2a: Bad News Barry|230\/401
|
|-heal|p2a: Bad News Barry|255\/401|[from] item: Leftovers
|turn|11
|
|move|p1a: NidoPenis|Earth Power|p2a: Bad News Barry
|-damage|p2a: Bad News Barry|39\/401
|move|p2a: Bad News Barry|Earthquake|p1a: NidoPenis
|-supereffective|p1a: NidoPenis
|-damage|p1a: NidoPenis|0 fnt
|faint|p1a: NidoPenis
|
|-heal|p2a: Bad News Barry|64\/401|[from] item: Leftovers
|
|switch|p1a: Shao-Ming|Mienshao, F|99\/272
|turn|12
|
|move|p1a: Shao-Ming|Knock Off|p2a: Bad News Barry
|-damage|p2a: Bad News Barry|0 fnt
|-enditem|p2a: Bad News Barry|Leftovers|[from] move: Knock Off|[of] p1a: Shao-Ming
|faint|p2a: Bad News Barry
|
|
|switch|p2a: Bad Story Brobat|Crobat, F|302\/373
|-damage|p2a: Bad Story Brobat|209\/373|[from] Stealth Rock
|turn|13
|
|switch|p1a: Rekt|Togekiss, M, shiny|374\/374
|move|p2a: Bad Story Brobat|Defog|p1a: Rekt
|-unboost|p1a: Rekt|evasion|1
|-sideend|p2: z0mOG|Stealth Rock|[from] move: Defog|[of] p2a: Bad Story Brobat
|-sideend|p2: z0mOG|Sticky Web|[from] move: Defog|[of] p2a: Bad Story Brobat
|
|turn|14
|
|move|p2a: Bad Story Brobat|Acrobatics|p1a: Rekt
|-damage|p1a: Rekt|280\/374
|move|p1a: Rekt|Nasty Plot|p1a: Rekt
|-boost|p1a: Rekt|spa|2
|
|-heal|p1a: Rekt|303\/374|[from] item: Leftovers
|turn|15
|
|move|p2a: Bad Story Brobat|Acrobatics|p1a: Rekt
|-damage|p1a: Rekt|210\/374
|move|p1a: Rekt|Dazzling Gleam|p2a: Bad Story Brobat
|-resisted|p2a: Bad Story Brobat
|-damage|p2a: Bad Story Brobat|88\/373
|
|-heal|p1a: Rekt|233\/374|[from] item: Leftovers
|turn|16
|
|move|p2a: Bad Story Brobat|Acrobatics|p1a: Rekt
|-crit|p1a: Rekt
|-damage|p1a: Rekt|89\/374
|move|p1a: Rekt|Roost|p1a: Rekt
|-heal|p1a: Rekt|276\/374
|
|-heal|p1a: Rekt|299\/374|[from] item: Leftovers
|turn|17
|
|move|p2a: Bad Story Brobat|U-turn|p1a: Rekt
|-resisted|p1a: Rekt
|-damage|p1a: Rekt|290\/374
|
|switch|p2a: Bad Def Bailey;_;|Florges, F|360\/360
|move|p1a: Rekt|Roost|p1a: Rekt
|-heal|p1a: Rekt|374\/374
|
|turn|18
|
|move|p1a: Rekt|Nasty Plot|p1a: Rekt
|-boost|p1a: Rekt|spa|2
|move|p2a: Bad Def Bailey;_;|Moonblast|p1a: Rekt
|-damage|p1a: Rekt|268\/374
|-unboost|p1a: Rekt|spa|1
|
|-heal|p1a: Rekt|291\/374|[from] item: Leftovers
|turn|19
|
|move|p1a: Rekt|Nasty Plot|p1a: Rekt
|-boost|p1a: Rekt|spa|2
|move|p2a: Bad Def Bailey;_;|Moonblast|p1a: Rekt
|-damage|p1a: Rekt|185\/374
|
|-heal|p1a: Rekt|208\/374|[from] item: Leftovers
|turn|20
|
|move|p1a: Rekt|Roost|p1a: Rekt
|-heal|p1a: Rekt|374\/374
|move|p2a: Bad Def Bailey;_;|Moonblast|p1a: Rekt
|-damage|p1a: Rekt|256\/374
|
|-heal|p1a: Rekt|279\/374|[from] item: Leftovers
|turn|21
|
|move|p1a: Rekt|Nasty Plot|p1a: Rekt
|-boost|p1a: Rekt|spa|2
|move|p2a: Bad Def Bailey;_;|Moonblast|p1a: Rekt
|-damage|p1a: Rekt|176\/374
|
|-heal|p1a: Rekt|199\/374|[from] item: Leftovers
|turn|22
|
|move|p1a: Rekt|Roost|p1a: Rekt
|-heal|p1a: Rekt|374\/374
|move|p2a: Bad Def Bailey;_;|Moonblast|p1a: Rekt
|-damage|p1a: Rekt|268\/374
|-unboost|p1a: Rekt|spa|1
|
|-heal|p1a: Rekt|291\/374|[from] item: Leftovers
|turn|23
|
|move|p1a: Rekt|Dazzling Gleam|p2a: Bad Def Bailey;_;
|-damage|p2a: Bad Def Bailey;_;|96\/360
|move|p2a: Bad Def Bailey;_;|Moonblast|p1a: Rekt
|-damage|p1a: Rekt|179\/374
|
|-heal|p1a: Rekt|202\/374|[from] item: Leftovers
|-heal|p2a: Bad Def Bailey;_;|118\/360|[from] item: Leftovers
|turn|24
|
|move|p1a: Rekt|Roost|p1a: Rekt
|-heal|p1a: Rekt|374\/374
|move|p2a: Bad Def Bailey;_;|Moonblast|p1a: Rekt
|-damage|p1a: Rekt|262\/374
|-unboost|p1a: Rekt|spa|1
|
|-heal|p1a: Rekt|285\/374|[from] item: Leftovers
|-heal|p2a: Bad Def Bailey;_;|140\/360|[from] item: Leftovers
|turn|25
|
|move|p1a: Rekt|Nasty Plot|p1a: Rekt
|-boost|p1a: Rekt|spa|2
|move|p2a: Bad Def Bailey;_;|Moonblast|p1a: Rekt
|-damage|p1a: Rekt|173\/374
|
|-heal|p1a: Rekt|196\/374|[from] item: Leftovers
|-heal|p2a: Bad Def Bailey;_;|162\/360|[from] item: Leftovers
|turn|26
|
|move|p1a: Rekt|Roost|p1a: Rekt
|-heal|p1a: Rekt|374\/374
|move|p2a: Bad Def Bailey;_;|Moonblast|p1a: Rekt
|-damage|p1a: Rekt|257\/374
|-unboost|p1a: Rekt|spa|1
|
|-heal|p1a: Rekt|280\/374|[from] item: Leftovers
|-heal|p2a: Bad Def Bailey;_;|184\/360|[from] item: Leftovers
|turn|27
|c|âz0mOG|literally
|
|move|p1a: Rekt|Roost|p1a: Rekt
|-heal|p1a: Rekt|374\/374
|move|p2a: Bad Def Bailey;_;|Moonblast|p1a: Rekt
|-damage|p1a: Rekt|262\/374
|
|-heal|p1a: Rekt|285\/374|[from] item: Leftovers
|-heal|p2a: Bad Def Bailey;_;|206\/360|[from] item: Leftovers
|turn|28
|c|âz0mOG|you ohko everything already
|
|move|p1a: Rekt|Nasty Plot|p1a: Rekt
|-boost|p1a: Rekt|spa|2
|move|p2a: Bad Def Bailey;_;|Moonblast|p1a: Rekt
|-damage|p1a: Rekt|177\/374
|
|-heal|p1a: Rekt|200\/374|[from] item: Leftovers
|-heal|p2a: Bad Def Bailey;_;|228\/360|[from] item: Leftovers
|turn|29
|
|move|p1a: Rekt|Roost|p1a: Rekt
|-heal|p1a: Rekt|374\/374
|move|p2a: Bad Def Bailey;_;|Moonblast|p1a: Rekt
|-damage|p1a: Rekt|262\/374
|
|-heal|p1a: Rekt|285\/374|[from] item: Leftovers
|-heal|p2a: Bad Def Bailey;_;|250\/360|[from] item: Leftovers
|turn|30
|
|move|p1a: Rekt|Dazzling Gleam|p2a: Bad Def Bailey;_;
|-damage|p2a: Bad Def Bailey;_;|0 fnt
|faint|p2a: Bad Def Bailey;_;
|
|-heal|p1a: Rekt|308\/374|[from] item: Leftovers
|
|switch|p2a: Bad Doggie Bad|Houndoom-Mega, M|291\/291
|turn|31
|
|move|p2a: Bad Doggie Bad|Sludge Bomb|p1a: Rekt
|-supereffective|p1a: Rekt
|-damage|p1a: Rekt|98\/374
|-status|p1a: Rekt|psn
|move|p1a: Rekt|Dazzling Gleam|p2a: Bad Doggie Bad
|-damage|p2a: Bad Doggie Bad|0 fnt
|faint|p2a: Bad Doggie Bad
|
|-heal|p1a: Rekt|121\/374 psn|[from] item: Leftovers
|-damage|p1a: Rekt|75\/374 psn|[from] psn
|
|switch|p2a: Bad Story Brobat|Crobat, F|88\/373
|turn|32
|
|move|p2a: Bad Story Brobat|Acrobatics|p1a: Rekt
|-damage|p1a: Rekt|0 fnt
|faint|p1a: Rekt
|
|
|switch|p1a: Chin nuts|Toxicroak, M|308\/308
|turn|33
|
|move|p2a: Bad Story Brobat|Roost|p2a: Bad Story Brobat
|-heal|p2a: Bad Story Brobat|275\/373
|move|p1a: Chin nuts|Swords Dance|p1a: Chin nuts
|-boost|p1a: Chin nuts|atk|2
|
|turn|34
|
|move|p1a: Chin nuts|Sucker Punch|p2a: Bad Story Brobat
|-damage|p2a: Bad Story Brobat|0 fnt
|-damage|p1a: Chin nuts|278\/308|[from] item: Life Orb
|faint|p2a: Bad Story Brobat
|
|
|switch|p2a: Bad Type Barack|Hydreigon, F|325\/325
|turn|35
|
|move|p1a: Chin nuts|Sucker Punch|p2a: Bad Type Barack
|-resisted|p2a: Bad Type Barack
|-damage|p2a: Bad Type Barack|185\/325
|-damage|p1a: Chin nuts|248\/308|[from] item: Life Orb
|move|p2a: Bad Type Barack|Draco Meteor|p1a: Chin nuts
|-damage|p1a: Chin nuts|0 fnt
|-unboost|p2a: Bad Type Barack|spa|2
|faint|p1a: Chin nuts
|
|
|switch|p1a: mirror|Smeargle, F|70\/314
|turn|36
|
|move|p2a: Bad Type Barack|Draco Meteor|p1a: mirror
|-damage|p1a: mirror|0 fnt
|-unboost|p2a: Bad Type Barack|spa|2
|faint|p1a: mirror
|
|
|switch|p1a: Shao-Ming|Mienshao, F|99\/272
|turn|37
|
|move|p2a: Bad Type Barack|Draco Meteor|p1a: Shao-Ming
|-damage|p1a: Shao-Ming|0 fnt
|-unboost|p2a: Bad Type Barack|spa|2
|faint|p1a: Shao-Ming
|
|win|z0mOG
|raw|Ladder updating...
|raw|sniperaim's rating: 1578 &rarr; <strong>1561<\/strong><br \/>(-17 for losing)
|raw|z0mOG's rating: 1631 &rarr; <strong>1648<\/strong><br \/>(+17 for winning)