|join|sniperaim
|join|Beastly
|player|p1|sniperaim|220
|player|p2|Beastly|89
|gametype|singles
|gen|6
|tier|UU
|rule|Sleep Clause Mod: Limit one foe put to sleep
|rule|Species Clause: Limit one of each PokÃ©mon
|rule|OHKO Clause: OHKO moves are banned
|rule|Moody Clause: Moody is banned
|rule|Evasion Moves Clause: Evasion moves are banned
|rule|Endless Battle Clause: Forcing endless battles is banned
|rule|HP Percentage Mod: HP is shown in percentages
|clearpoke
|poke|p1|Jirachi, shiny
|poke|p1|Tentacruel, M
|poke|p1|Swampert, F
|poke|p1|Hydreigon, F
|poke|p1|Umbreon, F, shiny
|poke|p1|Aggron, M
|poke|p2|Alakazam, M
|poke|p2|Krookodile, M
|poke|p2|Rotom-Heat
|poke|p2|Swampert, M
|poke|p2|Roserade, M
|poke|p2|Florges, F
|rule|Swagger Clause: Swagger is banned
|rule|Baton Pass Clause: Limit one PokÃ©mon knowing Baton Pass
|teampreview
|
|start
|switch|p1a: Hydreigon|Hydreigon, F|325\/325
|switch|p2a: Rotom-Heat|Rotom-Heat|241\/241
|turn|1
|c|âBeastly|i want my croak team again :( 
|
|move|p1a: Hydreigon|U-turn|p2a: Rotom-Heat
|-resisted|p2a: Rotom-Heat
|-damage|p2a: Rotom-Heat|218\/241
|
|switch|p1a: Swampert|Swampert, F|401\/401
|move|p2a: Rotom-Heat|Volt Switch|p1a: Swampert
|-immune|p1a: Swampert|[msg]
|
|turn|2
|
|switch|p2a: Roserade|Roserade, M|324\/324
|move|p1a: Swampert|Stealth Rock|p2a: Roserade
|-sidestart|p2: Beastly|move: Stealth Rock
|
|turn|3
|
|switch|p1a: Hydreigon|Hydreigon, F|325\/325
|move|p2a: Roserade|Sleep Powder|p1a: Hydreigon
|-status|p1a: Hydreigon|slp
|
|turn|4
|
|switch|p1a: Jirachi|Jirachi, shiny|341\/341
|switch|p2a: Krookodile|Krookodile, M|332\/332
|-damage|p2a: Krookodile|312\/332|[from] Stealth Rock
|-ability|p2a: Krookodile|Intimidate|[of] p1a: Jirachi
|-unboost|p1a: Jirachi|atk|1
|
|turn|5
|
|move|p2a: Krookodile|Pursuit|p1a: Jirachi|[from]Pursuit
|-supereffective|p1a: Jirachi
|-damage|p1a: Jirachi|0 fnt
|faint|p1a: Jirachi
|
|
|switch|p1a: Swampert|Swampert, F|401\/401
|turn|6
|
|switch|p2a: Roserade|Roserade, M|324\/324
|-damage|p2a: Roserade|284\/324|[from] Stealth Rock
|move|p1a: Swampert|Scald|p2a: Roserade
|-resisted|p2a: Roserade
|-damage|p2a: Roserade|245\/324
|-status|p2a: Roserade|brn
|
|-damage|p2a: Roserade|205\/324 brn|[from] brn
|turn|7
|
|switch|p1a: Tentacruel|Tentacruel, M|364\/364
|move|p2a: Roserade|Giga Drain|p1a: Tentacruel
|-damage|p1a: Tentacruel|216\/364
|-heal|p2a: Roserade|279\/324 brn|[from] drain|[of] p1a: Tentacruel
|-damage|p2a: Roserade|247\/324 brn|[from] item: Life Orb
|
|-heal|p1a: Tentacruel|238\/364|[from] item: Black Sludge
|-damage|p2a: Roserade|207\/324 brn|[from] brn
|turn|8
|
|move|p1a: Tentacruel|Scald|p2a: Roserade
|-resisted|p2a: Roserade
|-damage|p2a: Roserade|170\/324 brn
|move|p2a: Roserade|Giga Drain|p1a: Tentacruel
|-damage|p1a: Tentacruel|85\/364
|-heal|p2a: Roserade|247\/324 brn|[from] drain|[of] p1a: Tentacruel
|-damage|p2a: Roserade|215\/324 brn|[from] item: Life Orb
|
|-heal|p1a: Tentacruel|107\/364|[from] item: Black Sludge
|-damage|p2a: Roserade|175\/324 brn|[from] brn
|turn|9
|
|move|p1a: Tentacruel|Toxic Spikes|p2a: Roserade
|-sidestart|p2: Beastly|move: Toxic Spikes
|move|p2a: Roserade|Giga Drain|p1a: Tentacruel
|-damage|p1a: Tentacruel|0 fnt
|-heal|p2a: Roserade|229\/324 brn|[from] drain|[of] p1a: Tentacruel
|-damage|p2a: Roserade|197\/324 brn|[from] item: Life Orb
|faint|p1a: Tentacruel
|
|-damage|p2a: Roserade|157\/324 brn|[from] brn
|
|switch|p1a: elitesniper|Umbreon, F, shiny|394\/394
|turn|10
|
|switch|p2a: Florges|Florges, F|360\/360
|-damage|p2a: Florges|315\/360|[from] Stealth Rock
|-status|p2a: Florges|psn
|move|p1a: elitesniper|Wish|p1a: elitesniper
|
|-heal|p2a: Florges|337\/360 psn|[from] item: Leftovers
|-damage|p2a: Florges|292\/360 psn|[from] psn
|turn|11
|
|switch|p1a: Swampert|Swampert, F|401\/401
|move|p2a: Florges|Wish|p2a: Florges
|
|-heal|p2a: Florges|314\/360 psn|[from] item: Leftovers
|-damage|p2a: Florges|269\/360 psn|[from] psn
|turn|12
|
|switch|p2a: Roserade|Roserade, M|157\/324
|-sideend|p2: Beastly|move: Toxic Spikes|[of] p2a: Roserade
|-damage|p2a: Roserade|117\/324|[from] Stealth Rock
|move|p1a: Swampert|Roar|p2a: Roserade
|drag|p2a: Florges|Florges, F|269\/360 psn
|-damage|p2a: Florges|224\/360 psn|[from] Stealth Rock
|
|-heal|p2a: Florges|360\/360 psn|[from] move: Wish|[wisher] Florges
|-damage|p2a: Florges|315\/360 psn|[from] psn
|turn|13
|
|move|p2a: Florges|Aromatherapy|p2a: Florges
|-cureteam|p2a: Florges|[from] move: Aromatherapy
|move|p1a: Swampert|Earthquake|p2a: Florges
|-damage|p2a: Florges|206\/360
|
|-heal|p2a: Florges|228\/360|[from] item: Leftovers
|turn|14
|
|move|p2a: Florges|Moonblast|p1a: Swampert
|-damage|p1a: Swampert|254\/401
|move|p1a: Swampert|Roar|p2a: Florges
|drag|p2a: Alakazam|Alakazam, M|252\/252
|
|-heal|p1a: Swampert|279\/401|[from] item: Leftovers
|turn|15
|
|switch|p2a: Swampert|Swampert, M|404\/404
|-damage|p2a: Swampert|379\/404|[from] Stealth Rock
|switch|p1a: bob the bro|Aggron, M|344\/344
|
|-heal|p2a: Swampert|404\/404|[from] item: Leftovers
|turn|16
|
|detailschange|p1a: bob the bro|Aggron-Mega, M
|message|Aggron has Mega Evolved into Mega Aggron!
|move|p2a: Swampert|Scald|p1a: bob the bro
|-crit|p1a: bob the bro
|-damage|p1a: bob the bro|242\/344
|move|p1a: bob the bro|Curse|p1a: bob the bro
|-boost|p1a: bob the bro|atk|1
|-boost|p1a: bob the bro|def|1
|-unboost|p1a: bob the bro|spe|1
|
|turn|17
|
|move|p2a: Swampert|Scald|p1a: bob the bro
|-damage|p1a: bob the bro|175\/344
|move|p1a: bob the bro|Iron Head|p2a: Swampert
|-resisted|p2a: Swampert
|-damage|p2a: Swampert|326\/404
|
|-heal|p2a: Swampert|351\/404|[from] item: Leftovers
|turn|18
|
|move|p2a: Swampert|Scald|p1a: bob the bro
|-crit|p1a: bob the bro
|-damage|p1a: bob the bro|78\/344
|move|p1a: bob the bro|Rest|p1a: bob the bro
|-status|p1a: bob the bro|slp
|-heal|p1a: bob the bro|344\/344 slp|[silent]
|-status|p1a: bob the bro|slp|[from] move: Rest
|
|-heal|p2a: Swampert|376\/404|[from] item: Leftovers
|turn|19
|
|move|p2a: Swampert|Stealth Rock|p1a: bob the bro
|-sidestart|p1: sniperaim|move: Stealth Rock
|cant|p1a: bob the bro|slp
|move|p1a: bob the bro|Sleep Talk|p1a: bob the bro
|move|p1a: bob the bro|Curse|p1a: bob the bro|[from]Sleep Talk
|-boost|p1a: bob the bro|atk|1
|-boost|p1a: bob the bro|def|1
|-unboost|p1a: bob the bro|spe|1
|
|-heal|p2a: Swampert|401\/404|[from] item: Leftovers
|turn|20
|
|cant|p1a: bob the bro|slp
|move|p1a: bob the bro|Sleep Talk|p1a: bob the bro
|move|p1a: bob the bro|Iron Head|p2a: Swampert|[from]Sleep Talk
|-resisted|p2a: Swampert
|-damage|p2a: Swampert|298\/404
|cant|p2a: Swampert|flinch
|
|-heal|p2a: Swampert|323\/404|[from] item: Leftovers
|turn|21
|
|-curestatus|p1a: bob the bro|slp
|move|p1a: bob the bro|Iron Head|p2a: Swampert
|-resisted|p2a: Swampert
|-damage|p2a: Swampert|231\/404
|cant|p2a: Swampert|flinch
|
|-heal|p2a: Swampert|256\/404|[from] item: Leftovers
|turn|22
|
|move|p1a: bob the bro|Iron Head|p2a: Swampert
|-resisted|p2a: Swampert
|-damage|p2a: Swampert|153\/404
|cant|p2a: Swampert|flinch
|
|-heal|p2a: Swampert|178\/404|[from] item: Leftovers
|turn|23
|c|âBeastly|,
|
|move|p1a: bob the bro|Iron Head|p2a: Swampert
|-crit|p2a: Swampert
|-resisted|p2a: Swampert
|-damage|p2a: Swampert|42\/404
|move|p2a: Swampert|Roar|p1a: bob the bro
|drag|p1a: Hydreigon|Hydreigon, F|325\/325 slp
|-damage|p1a: Hydreigon|285\/325 slp|[from] Stealth Rock
|
|-heal|p2a: Swampert|67\/404|[from] item: Leftovers
|turn|24
|
|switch|p1a: elitesniper|Umbreon, F, shiny|394\/394
|-damage|p1a: elitesniper|345\/394|[from] Stealth Rock
|move|p2a: Swampert|Scald|p1a: elitesniper
|-damage|p1a: elitesniper|276\/394
|
|-heal|p1a: elitesniper|300\/394|[from] item: Leftovers
|-heal|p2a: Swampert|92\/404|[from] item: Leftovers
|turn|25
|
|move|p1a: elitesniper|Heal Bell|p1a: elitesniper
|-cureteam|p1a: elitesniper|[from] move: HealBell
|move|p2a: Swampert|Earthquake|p1a: elitesniper
|-damage|p1a: elitesniper|171\/394
|
|-heal|p1a: elitesniper|195\/394|[from] item: Leftovers
|-heal|p2a: Swampert|117\/404|[from] item: Leftovers
|turn|26
|
|move|p1a: elitesniper|Wish|p1a: elitesniper
|move|p2a: Swampert|Earthquake|p1a: elitesniper
|-damage|p1a: elitesniper|77\/394
|
|-heal|p1a: elitesniper|101\/394|[from] item: Leftovers
|-heal|p2a: Swampert|142\/404|[from] item: Leftovers
|turn|27
|
|move|p1a: elitesniper|Protect|p1a: elitesniper
|-singleturn|p1a: elitesniper|Protect
|move|p2a: Swampert|Roar|p1a: elitesniper
|drag|p1a: Swampert|Swampert, F|279\/401
|-damage|p1a: Swampert|254\/401|[from] Stealth Rock
|
|-heal|p1a: Swampert|401\/401|[from] move: Wish|[wisher] elitesniper
|-heal|p2a: Swampert|167\/404|[from] item: Leftovers
|turn|28
|
|move|p1a: Swampert|Earthquake|p2a: Swampert
|-damage|p2a: Swampert|59\/404
|move|p2a: Swampert|Scald|p1a: Swampert
|-damage|p1a: Swampert|274\/401
|
|-heal|p2a: Swampert|84\/404|[from] item: Leftovers
|-heal|p1a: Swampert|299\/401|[from] item: Leftovers
|turn|29
|
|move|p1a: Swampert|Earthquake|p2a: Swampert
|-damage|p2a: Swampert|0 fnt
|faint|p2a: Swampert
|
|-heal|p1a: Swampert|324\/401|[from] item: Leftovers
|
|switch|p2a: Roserade|Roserade, M|117\/324
|-damage|p2a: Roserade|77\/324|[from] Stealth Rock
|turn|30
|
|switch|p1a: elitesniper|Umbreon, F, shiny|101\/394
|-damage|p1a: elitesniper|52\/394|[from] Stealth Rock
|move|p2a: Roserade|Giga Drain|p1a: elitesniper
|-damage|p1a: elitesniper|0 fnt
|-heal|p2a: Roserade|103\/324|[from] drain|[of] p1a: elitesniper
|-damage|p2a: Roserade|71\/324|[from] item: Life Orb
|faint|p1a: elitesniper
|
|
|switch|p1a: Hydreigon|Hydreigon, F|285\/325
|-damage|p1a: Hydreigon|245\/325|[from] Stealth Rock
|turn|31
|
|switch|p2a: Rotom-Heat|Rotom-Heat|218\/241
|-damage|p2a: Rotom-Heat|158\/241|[from] Stealth Rock
|move|p1a: Hydreigon|U-turn|p2a: Rotom-Heat
|-resisted|p2a: Rotom-Heat
|-damage|p2a: Rotom-Heat|135\/241
|
|switch|p1a: Swampert|Swampert, F|324\/401
|-damage|p1a: Swampert|299\/401|[from] Stealth Rock
|
|-heal|p1a: Swampert|324\/401|[from] item: Leftovers
|turn|32
|
|move|p2a: Rotom-Heat|Trick|p1a: Swampert
|-activate|p2a: Rotom-Heat|move: Trick|[of] p1a: Swampert
|-item|p1a: Swampert|Choice Scarf|[from] move: Trick
|-item|p2a: Rotom-Heat|Leftovers|[from] move: Trick
|move|p1a: Swampert|Roar|p2a: Rotom-Heat
|drag|p2a: Krookodile|Krookodile, M|312\/332
|-damage|p2a: Krookodile|292\/332|[from] Stealth Rock
|-ability|p2a: Krookodile|Intimidate|[of] p1a: Swampert
|-unboost|p1a: Swampert|atk|1
|
|turn|33
|
|switch|p1a: bob the bro|Aggron-Mega, M|344\/344
|-damage|p1a: bob the bro|323\/344|[from] Stealth Rock
|move|p2a: Krookodile|Knock Off|p1a: bob the bro
|-damage|p1a: bob the bro|245\/344
|
|turn|34
|
|switch|p2a: Rotom-Heat|Rotom-Heat|135\/241
|-damage|p2a: Rotom-Heat|75\/241|[from] Stealth Rock
|move|p1a: bob the bro|Iron Head|p2a: Rotom-Heat
|-resisted|p2a: Rotom-Heat
|-damage|p2a: Rotom-Heat|47\/241
|
|-heal|p2a: Rotom-Heat|62\/241|[from] item: Leftovers
|turn|35
|
|switch|p1a: Hydreigon|Hydreigon, F|245\/325
|-damage|p1a: Hydreigon|205\/325|[from] Stealth Rock
|move|p2a: Rotom-Heat|Overheat|p1a: Hydreigon
|-resisted|p1a: Hydreigon
|-damage|p1a: Hydreigon|93\/325
|-unboost|p2a: Rotom-Heat|spa|2
|
|-heal|p2a: Rotom-Heat|77\/241|[from] item: Leftovers
|turn|36
|
|move|p1a: Hydreigon|U-turn|p2a: Rotom-Heat
|-resisted|p2a: Rotom-Heat
|-damage|p2a: Rotom-Heat|53\/241
|
|switch|p1a: Swampert|Swampert, F|324\/401
|-damage|p1a: Swampert|299\/401|[from] Stealth Rock
|move|p2a: Rotom-Heat|Overheat|p1a: Swampert
|-resisted|p1a: Swampert
|-damage|p1a: Swampert|240\/401
|-unboost|p2a: Rotom-Heat|spa|2
|
|-heal|p2a: Rotom-Heat|68\/241|[from] item: Leftovers
|turn|37
|
|switch|p2a: Florges|Florges, F|228\/360
|-damage|p2a: Florges|183\/360|[from] Stealth Rock
|move|p1a: Swampert|Scald|p2a: Florges
|-crit|p2a: Florges
|-damage|p2a: Florges|104\/360
|
|-heal|p2a: Florges|126\/360|[from] item: Leftovers
|turn|38
|
|switch|p1a: bob the bro|Aggron-Mega, M|245\/344
|-damage|p1a: bob the bro|224\/344|[from] Stealth Rock
|move|p2a: Florges|Wish|p2a: Florges
|
|-heal|p2a: Florges|148\/360|[from] item: Leftovers
|turn|39
|
|switch|p2a: Rotom-Heat|Rotom-Heat|68\/241
|-damage|p2a: Rotom-Heat|8\/241|[from] Stealth Rock
|move|p1a: bob the bro|Iron Head|p2a: Rotom-Heat
|-resisted|p2a: Rotom-Heat
|-damage|p2a: Rotom-Heat|0 fnt
|faint|p2a: Rotom-Heat
|
|
|switch|p2a: Roserade|Roserade, M|71\/324
|-damage|p2a: Roserade|31\/324|[from] Stealth Rock
|turn|40
|
|switch|p1a: Hydreigon|Hydreigon, F|93\/325
|-damage|p1a: Hydreigon|53\/325|[from] Stealth Rock
|move|p2a: Roserade|Sleep Powder|p1a: Hydreigon
|-status|p1a: Hydreigon|slp
|
|turn|41
|
|cant|p1a: Hydreigon|slp
|move|p2a: Roserade|Giga Drain|p1a: Hydreigon
|-resisted|p1a: Hydreigon
|-damage|p1a: Hydreigon|0 fnt
|-heal|p2a: Roserade|58\/324|[from] drain|[of] p1a: Hydreigon
|-damage|p2a: Roserade|26\/324|[from] item: Life Orb
|faint|p1a: Hydreigon
|
|
|switch|p1a: bob the bro|Aggron-Mega, M|224\/344
|-damage|p1a: bob the bro|203\/344|[from] Stealth Rock
|turn|42
|
|move|p2a: Roserade|Hidden Power|p1a: bob the bro
|-supereffective|p1a: bob the bro
|-damage|p1a: bob the bro|72\/344
|-damage|p2a: Roserade|0 fnt|[from] item: Life Orb
|faint|p2a: Roserade
|move|p1a: bob the bro|Sleep Talk|p1a: bob the bro
|-fail|p1a: bob the bro
|
|
|switch|p2a: Krookodile|Krookodile, M|292\/332
|-damage|p2a: Krookodile|272\/332|[from] Stealth Rock
|-ability|p2a: Krookodile|Intimidate|[of] p1a: bob the bro
|-unboost|p1a: bob the bro|atk|1
|turn|43
|
|switch|p1a: Swampert|Swampert, F|240\/401
|-damage|p1a: Swampert|215\/401|[from] Stealth Rock
|move|p2a: Krookodile|Earthquake|p1a: Swampert
|-damage|p1a: Swampert|8\/401
|
|turn|44
|
|switch|p2a: Florges|Florges, F|148\/360
|-damage|p2a: Florges|103\/360|[from] Stealth Rock
|move|p1a: Swampert|Scald|p2a: Florges
|-damage|p2a: Florges|18\/360
|
|-heal|p2a: Florges|40\/360|[from] item: Leftovers
|turn|45
|
|switch|p2a: Alakazam|Alakazam, M|252\/252
|move|p1a: Swampert|Scald|p2a: Alakazam
|-damage|p2a: Alakazam|134\/252
|
|turn|46
|
|detailschange|p2a: Alakazam|Alakazam-Mega, M
|message|Alakazam has Mega Evolved into Mega Alakazam!
|-ability|p2a: Alakazam|Torrent|[from] ability: Trace|[of] p1a: Swampert
|move|p2a: Alakazam|Psyshock|p1a: Swampert
|-damage|p1a: Swampert|0 fnt
|faint|p1a: Swampert
|
|
|switch|p1a: bob the bro|Aggron-Mega, M|72\/344
|-damage|p1a: bob the bro|51\/344|[from] Stealth Rock
|turn|47
|c|âBeastly|gg
|
|move|p2a: Alakazam|Shadow Ball|p1a: bob the bro
|-damage|p1a: bob the bro|0 fnt
|faint|p1a: bob the bro
|
|win|Beastly