|join|sniperaim
|join|Bob the Bro
|player|p1|sniperaim|220
|player|p2|Bob the Bro|23
|gametype|singles
|gen|6
|tier|UU
|rule|Sleep Clause Mod: Limit one foe put to sleep
|rule|Species Clause: Limit one of each PokÃ©mon
|rule|OHKO Clause: OHKO moves are banned
|rule|Moody Clause: Moody is banned
|rule|Evasion Moves Clause: Evasion moves are banned
|rule|Endless Battle Clause: Forcing endless battles is banned
|rule|HP Percentage Mod: HP is shown in percentages
|clearpoke
|poke|p1|Braviary, M
|poke|p1|Dugtrio, M
|poke|p1|Ampharos, M
|poke|p1|Gligar, F
|poke|p1|Mienshao, M
|poke|p1|Flygon, M
|poke|p2|Goodra, F
|poke|p2|Tentacruel, M
|poke|p2|Nidoqueen, F
|poke|p2|Chandelure, M
|poke|p2|Gastrodon, M
|poke|p2|Porygon-Z
|rule|Swagger Clause: Swagger is banned
|rule|Baton Pass Clause: Limit one PokÃ©mon knowing Baton Pass
|teampreview
|c|âBob the Bro|oh fk
|c|âBob the Bro|im not ready for the duggy
|join|Meowiekins
|
|start
|switch|p1a: Flygon|Flygon, M|302\/302
|switch|p2a: Nidoqueen|Nidoqueen, F|321\/321
|turn|1
|c|âsniperaim|i just broght this random stuff
|c|âsniperaim|lol
|c|âBob the Bro|same
|c|âBob the Bro|i got nothing for everything
|
|switch|p2a: Gastrodon|Gastrodon, M|426\/426
|move|p1a: Flygon|Earthquake|p2a: Gastrodon
|-crit|p2a: Gastrodon
|-damage|p2a: Gastrodon|164\/426
|
|-heal|p2a: Gastrodon|190\/426|[from] item: Leftovers
|turn|2
|c| Meowiekins|nb
|
|switch|p1a: Braviary|Braviary, M|404\/404
|move|p2a: Gastrodon|Recover|p2a: Gastrodon
|-heal|p2a: Gastrodon|403\/426
|
|-heal|p2a: Gastrodon|426\/426|[from] item: Leftovers
|turn|3
|
|move|p1a: Braviary|Substitute|p1a: Braviary
|-start|p1a: Braviary|Substitute
|-damage|p1a: Braviary|303\/404
|move|p2a: Gastrodon|Curse|p2a: Gastrodon
|-boost|p2a: Gastrodon|atk|1
|-boost|p2a: Gastrodon|def|1
|-unboost|p2a: Gastrodon|spe|1
|
|-heal|p1a: Braviary|328\/404|[from] item: Leftovers
|turn|4
|
|move|p1a: Braviary|Bulk Up|p1a: Braviary
|-boost|p1a: Braviary|atk|1
|-boost|p1a: Braviary|def|1
|move|p2a: Gastrodon|Curse|p2a: Gastrodon
|-boost|p2a: Gastrodon|atk|1
|-boost|p2a: Gastrodon|def|1
|-unboost|p2a: Gastrodon|spe|1
|
|-heal|p1a: Braviary|353\/404|[from] item: Leftovers
|turn|5
|c|âBob the Bro|fk u
|c|âsniperaim|looolol
|
|move|p1a: Braviary|Bulk Up|p1a: Braviary
|-boost|p1a: Braviary|atk|1
|-boost|p1a: Braviary|def|1
|move|p2a: Gastrodon|Scald|p1a: Braviary
|-activate|p1a: Braviary|Substitute|[damage]
|
|-heal|p1a: Braviary|378\/404|[from] item: Leftovers
|turn|6
|c|âBob the Bro|wow the bulk
|
|move|p1a: Braviary|Bulk Up|p1a: Braviary
|-boost|p1a: Braviary|atk|1
|-boost|p1a: Braviary|def|1
|move|p2a: Gastrodon|Scald|p1a: Braviary
|-end|p1a: Braviary|Substitute
|
|-heal|p1a: Braviary|403\/404|[from] item: Leftovers
|turn|7
|c|âsniperaim|2much
|
|move|p1a: Braviary|Substitute|p1a: Braviary
|-start|p1a: Braviary|Substitute
|-damage|p1a: Braviary|302\/404
|move|p2a: Gastrodon|Scald|p1a: Braviary
|-activate|p1a: Braviary|Substitute|[damage]
|
|-heal|p1a: Braviary|327\/404|[from] item: Leftovers
|turn|8
|c|âBob the Bro|brb stealing set
|
|move|p1a: Braviary|Bulk Up|p1a: Braviary
|-boost|p1a: Braviary|atk|1
|-boost|p1a: Braviary|def|1
|move|p2a: Gastrodon|Curse|p2a: Gastrodon
|-boost|p2a: Gastrodon|atk|1
|-boost|p2a: Gastrodon|def|1
|-unboost|p2a: Gastrodon|spe|1
|
|-heal|p1a: Braviary|352\/404|[from] item: Leftovers
|turn|9
|
|move|p1a: Braviary|Bulk Up|p1a: Braviary
|-boost|p1a: Braviary|atk|1
|-boost|p1a: Braviary|def|1
|move|p2a: Gastrodon|Curse|p2a: Gastrodon
|-boost|p2a: Gastrodon|atk|1
|-boost|p2a: Gastrodon|def|1
|-unboost|p2a: Gastrodon|spe|1
|
|-heal|p1a: Braviary|377\/404|[from] item: Leftovers
|turn|10
|
|move|p1a: Braviary|Bulk Up|p1a: Braviary
|-boost|p1a: Braviary|atk|1
|-boost|p1a: Braviary|def|1
|move|p2a: Gastrodon|Curse|p2a: Gastrodon
|-boost|p2a: Gastrodon|atk|1
|-boost|p2a: Gastrodon|def|1
|-unboost|p2a: Gastrodon|spe|1
|
|-heal|p1a: Braviary|402\/404|[from] item: Leftovers
|turn|11
|c|âBob the Bro|wait do you have roost
|c|âsniperaim|i wish
|
|move|p1a: Braviary|Brave Bird|p2a: Gastrodon
|-damage|p2a: Gastrodon|162\/426
|-damage|p1a: Braviary|315\/404|[from] recoil|[of] p2a: Gastrodon
|move|p2a: Gastrodon|Curse|p2a: Gastrodon
|-boost|p2a: Gastrodon|atk|1
|-boost|p2a: Gastrodon|def|1
|-unboost|p2a: Gastrodon|spe|1
|
|-heal|p1a: Braviary|340\/404|[from] item: Leftovers
|-heal|p2a: Gastrodon|188\/426|[from] item: Leftovers
|turn|12
|c| Meowiekins|2 attacks
|c| Meowiekins|?
|c|âsniperaim|y
|c| Meowiekins|why
|
|move|p1a: Braviary|Brave Bird|p2a: Gastrodon
|-damage|p2a: Gastrodon|0 fnt
|-damage|p1a: Braviary|278\/404|[from] recoil|[of] p2a: Gastrodon
|faint|p2a: Gastrodon
|
|-heal|p1a: Braviary|303\/404|[from] item: Leftovers
|c| Meowiekins|i thought roost was way better on braviary
|
|switch|p2a: Nidoqueen|Nidoqueen, F|321\/321
|turn|13
|c|âsniperaim|it is
|
|move|p2a: Nidoqueen|Ice Beam|p1a: Braviary
|-supereffective|p1a: Braviary
|-end|p1a: Braviary|Substitute
|move|p1a: Braviary|Brave Bird|p2a: Nidoqueen
|-damage|p2a: Nidoqueen|0 fnt
|-damage|p1a: Braviary|197\/404|[from] recoil|[of] p2a: Nidoqueen
|faint|p2a: Nidoqueen
|
|-heal|p1a: Braviary|222\/404|[from] item: Leftovers
|
|switch|p2a: Goodra|Goodra, F|321\/321
|turn|14
|
|move|p2a: Goodra|Outrage|p1a: Braviary
|-damage|p1a: Braviary|134\/404
|move|p1a: Braviary|Roost|p1a: Braviary
|-heal|p1a: Braviary|336\/404
|
|-heal|p1a: Braviary|361\/404|[from] item: Leftovers
|turn|15
|c|âBob the Bro|fk u
|c| Meowiekins|rip
|c|âsniperaim|loooool
|c| Meowiekins|lel
|c|âsniperaim|!!!!!!!!!!!!!!!!!!!!!!!
|
|move|p2a: Goodra|Outrage|p1a: Braviary
|-damage|p1a: Braviary|267\/404
|move|p1a: Braviary|Roost|p1a: Braviary
|-heal|p1a: Braviary|404\/404
|
|turn|16
|
|move|p2a: Goodra|Outrage|p1a: Braviary
|-damage|p1a: Braviary|316\/404
|move|p1a: Braviary|Substitute|p1a: Braviary
|-start|p1a: Braviary|Substitute
|-damage|p1a: Braviary|215\/404
|
|-end|p2a: Goodra|rampage
|-start|p2a: Goodra|confusion
|-heal|p1a: Braviary|240\/404|[from] item: Leftovers
|turn|17
|c| Meowiekins|honestly thats power
|c| Meowiekins|this is a +6 braviary
|c|âsniperaim|banded\/
|c| Meowiekins|ik
|
|-activate|p2a: Goodra|confusion
|move|p2a: Goodra|Outrage|p1a: Braviary
|-activate|p1a: Braviary|Substitute|[damage]
|move|p1a: Braviary|Roost|p1a: Braviary
|-heal|p1a: Braviary|404\/404
|
|turn|18
|c| Meowiekins|but still
|
|-activate|p2a: Goodra|confusion
|-damage|p2a: Goodra|226\/321|[from] confusion
|move|p1a: Braviary|Brave Bird|p2a: Goodra
|-damage|p2a: Goodra|0 fnt
|-damage|p1a: Braviary|329\/404|[from] recoil|[of] p2a: Goodra
|faint|p2a: Goodra
|
|-heal|p1a: Braviary|354\/404|[from] item: Leftovers
|
|switch|p2a: Tentacruel|Tentacruel, M|364\/364
|turn|19
|
|move|p2a: Tentacruel|Acid Spray|p1a: Braviary
|-end|p1a: Braviary|Substitute
|move|p1a: Braviary|Brave Bird|p2a: Tentacruel
|-damage|p2a: Tentacruel|0 fnt
|-damage|p1a: Braviary|234\/404|[from] recoil|[of] p2a: Tentacruel
|faint|p2a: Tentacruel
|
|-heal|p1a: Braviary|259\/404|[from] item: Leftovers
|c|âBob the Bro|i hate you
|join|Magma Admin~
|
|switch|p2a: Chandelure|Chandelure, M|261\/261
|turn|20
|c|âsniperaim|:[
|
|move|p2a: Chandelure|Trick|p1a: Braviary
|-activate|p2a: Chandelure|move: Trick|[of] p1a: Braviary
|-item|p1a: Braviary|Choice Scarf|[from] move: Trick
|-item|p2a: Chandelure|Leftovers|[from] move: Trick
|move|p1a: Braviary|Brave Bird|p2a: Chandelure
|-damage|p2a: Chandelure|0 fnt
|-damage|p1a: Braviary|173\/404|[from] recoil|[of] p2a: Chandelure
|faint|p2a: Chandelure
|
|c|âsniperaim|nb
|
|switch|p2a: Porygon-Z|Porygon-Z|311\/311
|turn|21
|c|âBob the Bro|switch here imo
|c|âsniperaim|kk
|
|move|p1a: Braviary|Brave Bird|p2a: Porygon-Z
|-damage|p2a: Porygon-Z|0 fnt
|-damage|p1a: Braviary|70\/404|[from] recoil|[of] p2a: Porygon-Z
|faint|p2a: Porygon-Z
|
|win|sniperaim
|leave|Magma Admin~
|c| Meowiekins|sniper is liar
|c|âsniperaim|g\/g
|c|âBob the Bro|bg
|c|âsniperaim|:[
|leave|Bob the Bro
|player|p2
|c| Meowiekins|Â¯\_(ã)_\/Â¯