|join|sniperaim
|join|jariibo
|player|p1|sniperaim|220
|player|p2|jariibo|99
|gametype|singles
|gen|6
|tier|UU
|rated
|rule|Sleep Clause Mod: Limit one foe put to sleep
|rule|Species Clause: Limit one of each PokÃ©mon
|rule|OHKO Clause: OHKO moves are banned
|rule|Moody Clause: Moody is banned
|rule|Evasion Moves Clause: Evasion moves are banned
|rule|Endless Battle Clause: Forcing endless battles is banned
|rule|HP Percentage Mod: HP is shown in percentages
|clearpoke
|poke|p1|Zygarde
|poke|p1|Ampharos, M
|poke|p1|Uxie
|poke|p1|Jirachi
|poke|p1|Suicune
|poke|p1|Gligar, M
|poke|p2|Hippowdon, F
|poke|p2|Blissey, F
|poke|p2|Suicune
|poke|p2|Ampharos, M
|poke|p2|Crobat, F
|poke|p2|Trevenant, M
|rule|Swagger Clause: Swagger is banned
|rule|Baton Pass Clause: Limit one PokÃ©mon knowing Baton Pass
|teampreview
|
|start
|switch|p1a: Dont use dark|Uxie|354\/354
|switch|p2a: Ampharos|Ampharos, M|383\/383
|turn|1
|join|Bob the Bro
|c| Bob the Bro|notice me senpai
|join|Acemanassasin
|c|âsniperaim|ihi!
|c|âsniperaim|hi!
|join|i wish i had swag
|
|detailschange|p2a: Ampharos|Ampharos-Mega, M
|-mega|p2a: Ampharos|Ampharos|Ampharosite
|-ability|p2a: Ampharos|Mold Breaker
|move|p1a: Dont use dark|Stealth Rock|p2a: Ampharos
|-sidestart|p2: jariibo|move: Stealth Rock
|move|p2a: Ampharos|Dragon Pulse|p1a: Dont use dark
|-damage|p1a: Dont use dark|234\/354
|
|-heal|p1a: Dont use dark|256\/354|[from] item: Leftovers
|turn|2
|
|move|p1a: Dont use dark|U-turn|p2a: Ampharos
|-damage|p2a: Ampharos|345\/383
|
|switch|p1a: Guess what i eat|Gligar, M|333\/333
|move|p2a: Ampharos|Volt Switch|p1a: Guess what i eat
|-immune|p1a: Guess what i eat|[msg]
|
|turn|3
|
|switch|p2a: Suicune|Suicune|404\/404
|-damage|p2a: Suicune|354\/404|[from] Stealth Rock
|-ability|p2a: Suicune|Pressure
|move|p1a: Guess what i eat|U-turn|p2a: Suicune
|-damage|p2a: Suicune|327\/404
|c| i wish i had swag|what do u eat
|c|âsniperaim|lol
|c|âsniperaim|stfu
|c| Bob the Bro|does it eat sicks
|c| Bob the Bro|dicks
|c|âsniperaim|its rtheorical
|c|âsniperaim|stfu
|
|switch|p1a: My hair tho|Ampharos, M|350\/350
|
|-heal|p2a: Suicune|352\/404|[from] item: Leftovers
|turn|4
|
|switch|p2a: Hippowdon|Hippowdon, F|420\/420
|-damage|p2a: Hippowdon|394\/420|[from] Stealth Rock
|-weather|Sandstorm
|detailschange|p1a: My hair tho|Ampharos-Mega, M
|-mega|p1a: My hair tho|Ampharos|Ampharosite
|-ability|p1a: My hair tho|Mold Breaker
|move|p1a: My hair tho|Volt Switch|p2a: Hippowdon
|-immune|p2a: Hippowdon|[msg]
|
|-weather|Sandstorm|[upkeep]
|-damage|p1a: My hair tho|329\/350|[from] sandstorm
|-heal|p2a: Hippowdon|420\/420|[from] item: Leftovers
|turn|5
|join|Akiii
|
|switch|p1a: Suicunenite|Suicune|356\/356
|-ability|p1a: Suicunenite|Pressure
|move|p2a: Hippowdon|Stealth Rock|p1a: Suicunenite
|-sidestart|p1: sniperaim|move: Stealth Rock
|
|-weather|Sandstorm|[upkeep]
|-damage|p1a: Suicunenite|334\/356|[from] sandstorm
|-heal|p1a: Suicunenite|356\/356|[from] item: Leftovers
|turn|6
|
|switch|p2a: Ampharos|Ampharos-Mega, M|345\/383
|-damage|p2a: Ampharos|298\/383|[from] Stealth Rock
|-ability|p2a: Ampharos|Mold Breaker
|move|p1a: Suicunenite|Scald|p2a: Ampharos
|-resisted|p2a: Ampharos
|-damage|p2a: Ampharos|242\/383
|-status|p2a: Ampharos|brn
|
|-weather|Sandstorm|[upkeep]
|-damage|p1a: Suicunenite|334\/356|[from] sandstorm
|-damage|p2a: Ampharos|219\/383 brn|[from] sandstorm
|-heal|p1a: Suicunenite|356\/356|[from] item: Leftovers
|-damage|p2a: Ampharos|172\/383 brn|[from] brn
|turn|7
|c| i wish i had swag|of course
|
|switch|p1a: Guess what i eat|Gligar, M|333\/333
|-damage|p1a: Guess what i eat|292\/333|[from] Stealth Rock
|move|p2a: Ampharos|Dragon Pulse|p1a: Guess what i eat
|-damage|p1a: Guess what i eat|166\/333
|
|-weather|Sandstorm|[upkeep]
|-damage|p2a: Ampharos|149\/383 brn|[from] sandstorm
|-damage|p2a: Ampharos|102\/383 brn|[from] brn
|turn|8
|c| i wish i had swag|so lucky
|
|move|p1a: Guess what i eat|Roost|p1a: Guess what i eat
|-heal|p1a: Guess what i eat|333\/333
|move|p2a: Ampharos|Rest|p2a: Ampharos
|-status|p2a: Ampharos|slp
|-heal|p2a: Ampharos|383\/383 slp|[silent]
|-status|p2a: Ampharos|slp|[from] move: Rest
|
|-weather|none
|turn|9
|c| i wish i had swag|oof
|
|switch|p2a: Trevenant|Trevenant, M|373\/373
|-damage|p2a: Trevenant|327\/373|[from] Stealth Rock
|move|p1a: Guess what i eat|Defog|p2a: Trevenant
|-unboost|p2a: Trevenant|evasion|1
|-sideend|p2: jariibo|Stealth Rock|[from] move: Defog|[of] p2a: Trevenant
|-sideend|p1: sniperaim|Stealth Rock|[from] move: Defog|[of] p1a: Guess what i eat
|
|turn|10
|
|switch|p1a: Dont use dark|Uxie|256\/354
|move|p2a: Trevenant|Leech Seed|p1a: Dont use dark|[miss]
|-miss|p2a: Trevenant|p1a: Dont use dark
|
|-heal|p1a: Dont use dark|278\/354|[from] item: Leftovers
|turn|11
|c| Bob the Bro|so lucky
|
|move|p1a: Dont use dark|Knock Off|p2a: Trevenant
|-supereffective|p2a: Trevenant
|-damage|p2a: Trevenant|187\/373
|-enditem|p2a: Trevenant|Lum Berry|[from] move: Knock Off|[of] p1a: Dont use dark
|move|p2a: Trevenant|Shadow Claw|p1a: Dont use dark
|-supereffective|p1a: Dont use dark
|-damage|p1a: Dont use dark|134\/354
|
|-heal|p1a: Dont use dark|156\/354|[from] item: Leftovers
|turn|12
|c| Bob the Bro|fkn nerd
|c|âsniperaim|kek
|c|âsniperaim|hardly matters
|
|move|p1a: Dont use dark|Stealth Rock|p2a: Trevenant
|-sidestart|p2: jariibo|move: Stealth Rock
|move|p2a: Trevenant|Rest|p2a: Trevenant
|-status|p2a: Trevenant|slp
|-heal|p2a: Trevenant|373\/373 slp|[silent]
|-status|p2a: Trevenant|slp|[from] move: Rest
|
|-heal|p1a: Dont use dark|178\/354|[from] item: Leftovers
|turn|13
|c| i wish i had swag|sniperaim needs it
|
|move|p1a: Dont use dark|U-turn|p2a: Trevenant
|-damage|p2a: Trevenant|320\/373 slp
|
|switch|p1a: High Guard|Zygarde|404\/404
|-ability|p1a: High Guard|Aura Break
|cant|p2a: Trevenant|slp
|
|turn|14
|
|switch|p2a: Hippowdon|Hippowdon, F|420\/420
|-damage|p2a: Hippowdon|394\/420|[from] Stealth Rock
|-weather|Sandstorm
|move|p1a: High Guard|Coil|p1a: High Guard
|-boost|p1a: High Guard|atk|1
|-boost|p1a: High Guard|def|1
|-boost|p1a: High Guard|accuracy|1
|
|-weather|Sandstorm|[upkeep]
|-heal|p2a: Hippowdon|420\/420|[from] item: Leftovers
|turn|15
|
|move|p1a: High Guard|Dragon Tail|p2a: Hippowdon
|-damage|p2a: Hippowdon|354\/420
|drag|p2a: Trevenant|Trevenant, M|320\/373 slp
|-damage|p2a: Trevenant|274\/373 slp|[from] Stealth Rock
|
|-weather|Sandstorm|[upkeep]
|-damage|p2a: Trevenant|251\/373 slp|[from] sandstorm
|turn|16
|
|move|p1a: High Guard|Substitute|p1a: High Guard
|-start|p1a: High Guard|Substitute
|-damage|p1a: High Guard|303\/404
|cant|p2a: Trevenant|slp
|
|-weather|Sandstorm|[upkeep]
|-damage|p2a: Trevenant|228\/373 slp|[from] sandstorm
|-heal|p1a: High Guard|328\/404|[from] item: Leftovers
|turn|17
|
|switch|p2a: Suicune|Suicune|352\/404
|-damage|p2a: Suicune|302\/404|[from] Stealth Rock
|-ability|p2a: Suicune|Pressure
|move|p1a: High Guard|Coil|p1a: High Guard
|-boost|p1a: High Guard|atk|1
|-boost|p1a: High Guard|def|1
|-boost|p1a: High Guard|accuracy|1
|
|-weather|Sandstorm|[upkeep]
|-damage|p2a: Suicune|277\/404|[from] sandstorm
|-heal|p1a: High Guard|353\/404|[from] item: Leftovers
|-heal|p2a: Suicune|302\/404|[from] item: Leftovers
|turn|18
|c|âsniperaim|requiestcat in pace
|
|move|p2a: Suicune|Scald|p1a: High Guard
|-activate|p1a: High Guard|Substitute|[damage]
|move|p1a: High Guard|Dragon Tail|p2a: Suicune
|-damage|p2a: Suicune|214\/404
|drag|p2a: Blissey|Blissey, F|714\/714
|-damage|p2a: Blissey|625\/714|[from] Stealth Rock
|
|-weather|none
|-heal|p1a: High Guard|378\/404|[from] item: Leftovers
|-heal|p2a: Blissey|669\/714|[from] item: Leftovers
|turn|19
|
|move|p1a: High Guard|Coil|p1a: High Guard
|-boost|p1a: High Guard|atk|1
|-boost|p1a: High Guard|def|1
|-boost|p1a: High Guard|accuracy|1
|move|p2a: Blissey|Wish|p2a: Blissey
|
|-heal|p1a: High Guard|403\/404|[from] item: Leftovers
|-heal|p2a: Blissey|713\/714|[from] item: Leftovers
|turn|20
|
|move|p1a: High Guard|Earthquake|p2a: Blissey
|-damage|p2a: Blissey|173\/714
|move|p2a: Blissey|Seismic Toss|p1a: High Guard
|-end|p1a: High Guard|Substitute
|
|-heal|p2a: Blissey|530\/714|[from] move: Wish|[wisher] Blissey
|-heal|p1a: High Guard|404\/404|[from] item: Leftovers
|-heal|p2a: Blissey|574\/714|[from] item: Leftovers
|turn|21
|c| Akiii|if you are trying to sound smart at least get it rid you chump
|c| Akiii|its requiescat
|join|waiv
|
|move|p1a: High Guard|Substitute|p1a: High Guard
|-start|p1a: High Guard|Substitute
|-damage|p1a: High Guard|303\/404
|move|p2a: Blissey|Wish|p2a: Blissey
|
|-heal|p1a: High Guard|328\/404|[from] item: Leftovers
|-heal|p2a: Blissey|618\/714|[from] item: Leftovers
|turn|22
|c|âsniperaim|be nice
|c|âsniperaim|:[
|c| Akiii|get it right*
|c|âsniperaim|i steal from dads dad
|c| Bob the Bro|why are you not fkn +8 yet
|c|âsniperaim|cus fat ass bliss
|
|move|p1a: High Guard|Coil|p1a: High Guard
|-boost|p1a: High Guard|atk|1
|-boost|p1a: High Guard|def|1
|-boost|p1a: High Guard|accuracy|1
|move|p2a: Blissey|Seismic Toss|p1a: High Guard
|-activate|p1a: High Guard|Substitute|[damage]
|
|-heal|p2a: Blissey|714\/714|[from] move: Wish|[wisher] Blissey
|-heal|p1a: High Guard|353\/404|[from] item: Leftovers
|turn|23
|
|switch|p2a: Hippowdon|Hippowdon, F|354\/420
|-damage|p2a: Hippowdon|328\/420|[from] Stealth Rock
|-weather|Sandstorm
|move|p1a: High Guard|Coil|p1a: High Guard
|-boost|p1a: High Guard|atk|1
|-boost|p1a: High Guard|def|1
|-boost|p1a: High Guard|accuracy|1
|
|-weather|Sandstorm|[upkeep]
|-heal|p1a: High Guard|378\/404|[from] item: Leftovers
|-heal|p2a: Hippowdon|354\/420|[from] item: Leftovers
|turn|24
|
|move|p1a: High Guard|Dragon Tail|p2a: Hippowdon
|-damage|p2a: Hippowdon|186\/420
|drag|p2a: Blissey|Blissey, F|714\/714
|-damage|p2a: Blissey|625\/714|[from] Stealth Rock
|
|-weather|Sandstorm|[upkeep]
|-damage|p2a: Blissey|581\/714|[from] sandstorm
|-heal|p1a: High Guard|403\/404|[from] item: Leftovers
|-heal|p2a: Blissey|625\/714|[from] item: Leftovers
|turn|25
|c| Bob the Bro|rip
|c| waiv|notacheck.com
|
|switch|p2a: Crobat|Crobat, F|311\/311
|-damage|p2a: Crobat|234\/311|[from] Stealth Rock
|move|p1a: High Guard|Coil|p1a: High Guard
|-boost|p1a: High Guard|atk|1
|-boost|p1a: High Guard|def|1
|-boost|p1a: High Guard|accuracy|1
|
|-weather|Sandstorm|[upkeep]
|-damage|p2a: Crobat|215\/311|[from] sandstorm
|-heal|p2a: Crobat|234\/311|[from] item: Black Sludge
|-heal|p1a: High Guard|404\/404|[from] item: Leftovers
|turn|26
|
|move|p2a: Crobat|Defog|p1a: High Guard
|-sideend|p2: jariibo|Stealth Rock|[from] move: Defog|[of] p2a: Crobat
|move|p1a: High Guard|Dragon Tail|p2a: Crobat
|-crit|p2a: Crobat
|-damage|p2a: Crobat|0 fnt
|faint|p2a: Crobat
|
|-weather|Sandstorm|[upkeep]
|leave|waiv
|c| Bob the Bro|k go for +8
|
|switch|p2a: Hippowdon|Hippowdon, F|186\/420
|turn|27
|
|move|p2a: Hippowdon|Slack Off|p2a: Hippowdon
|-heal|p2a: Hippowdon|396\/420
|move|p1a: High Guard|Dragon Tail|p2a: Hippowdon
|-damage|p2a: Hippowdon|203\/420
|drag|p2a: Blissey|Blissey, F|625\/714
|
|-weather|none
|-heal|p2a: Blissey|669\/714|[from] item: Leftovers
|turn|28
|c| Bob the Bro|toxic
|c| Bob the Bro|go
|
|switch|p2a: Trevenant|Trevenant, M|228\/373 slp
|move|p1a: High Guard|Earthquake|p2a: Trevenant
|-resisted|p2a: Trevenant
|-damage|p2a: Trevenant|0 fnt
|faint|p2a: Trevenant
|
|c| Bob the Bro|sick
|c| i wish i had swag|wow so lucky
|c| i wish i had swag|nice crit
|
|switch|p2a: Hippowdon|Hippowdon, F|203\/420
|-weather|Sandstorm
|turn|29
|c|âsniperaim|y
|c|âsniperaim|so matters
|
|move|p1a: High Guard|Earthquake|p2a: Hippowdon
|-damage|p2a: Hippowdon|0 fnt
|faint|p2a: Hippowdon
|
|-weather|Sandstorm|[upkeep]
|c| Bob the Bro|why the fk did you dtail
|c| Bob the Bro|eq kills
|
|switch|p2a: Ampharos|Ampharos-Mega, M|383\/383 slp
|-ability|p2a: Ampharos|Mold Breaker
|turn|30
|c|âsniperaim|stfu
|
|move|p1a: High Guard|Earthquake|p2a: Ampharos
|-supereffective|p2a: Ampharos
|-damage|p2a: Ampharos|0 fnt
|faint|p2a: Ampharos
|
|-weather|Sandstorm|[upkeep]
|c| Bob the Bro|no u
|-message|jariibo forfeited.
|
|win|sniperaim
|raw|Ladder updating...
|c|âsniperaim|lol
|raw|sniperaim's rating: 1599 &rarr; <strong>1605<\/strong><br \/>(+6 for winning)
|raw|jariibo's rating: 1312 &rarr; <strong>1306<\/strong><br \/>(-6 for losing)
|leave|jariibo
|player|p2
|leave|Bob the Bro