|join|sniperaim
|join|Birdkeeper Brad
|player|p1|sniperaim|220
|player|p2|Birdkeeper Brad|113
|gametype|singles
|gen|6
|tier|UU
|rule|Sleep Clause Mod: Limit one foe put to sleep
|rule|Species Clause: Limit one of each PokÃ©mon
|rule|OHKO Clause: OHKO moves are banned
|rule|Moody Clause: Moody is banned
|rule|Evasion Moves Clause: Evasion moves are banned
|rule|Endless Battle Clause: Forcing endless battles is banned
|rule|HP Percentage Mod: HP is shown in percentages
|clearpoke
|poke|p1|Shedinja
|poke|p1|Absol, F
|poke|p1|Xatu, F
|poke|p1|Cobalion
|poke|p1|Archeops, M
|poke|p1|Tentacruel, M
|poke|p2|Aerodactyl, M
|poke|p2|Braviary, M
|poke|p2|Crobat, F
|poke|p2|Fletchinder, F
|poke|p2|Honchkrow, M
|poke|p2|Noivern, M
|rule|Swagger Clause: Swagger is banned
|rule|Baton Pass Clause: Limit one PokÃ©mon knowing Baton Pass
|teampreview
|join|Going to the
|c|âBirdkeeper Brad|Go, my birds
|c|âsniperaim|lol fuck
|c|âBirdkeeper Brad|:]
|c|âsniperaim|why i bring dmts team
|c| Going to the|gottem.biz
|c|âsniperaim|LMFAO
|c|âsniperaim|u c teamed me
|
|start
|switch|p1a: Redneck|Archeops, M|291\/291
|switch|p2a: flap flap flap|Honchkrow, M|341\/341
|turn|1
|c|âBirdkeeper Brad|I lose to scarfed'cheops :[
|
|move|p2a: flap flap flap|Sucker Punch|p1a: Redneck
|-fail|p1a: Redneck
|move|p1a: Redneck|Switcheroo|p2a: flap flap flap
|-activate|p1a: Redneck|move: Trick|[of] p2a: flap flap flap
|-item|p2a: flap flap flap|Choice Scarf|[from] Trick
|-item|p1a: Redneck|Life Orb|[from] Trick
|
|turn|2
|c|âsniperaim|kek
|
|switch|p1a: Combat Clothes|Cobalion|386\/386
|move|p2a: flap flap flap|Superpower|p1a: Combat Clothes
|-supereffective|p1a: Combat Clothes
|-damage|p1a: Combat Clothes|142\/386
|-unboost|p2a: flap flap flap|atk|1
|-unboost|p2a: flap flap flap|def|1
|
|turn|3
|
|switch|p2a: flap flap flap|Noivern, M|311\/311
|move|p1a: Combat Clothes|Volt Switch|p2a: flap flap flap
|-damage|p2a: flap flap flap|255\/311
|
|switch|p1a: Redneck|Archeops, M|291\/291
|
|-heal|p2a: flap flap flap|274\/311|[from] item: Leftovers
|turn|4
|c|âsniperaim|i cant win
|
|switch|p1a: Ten Tickles|Tentacruel, M|364\/364
|move|p2a: flap flap flap|Dragon Pulse|p1a: Ten Tickles
|-damage|p1a: Ten Tickles|274\/364
|
|-heal|p2a: flap flap flap|293\/311|[from] item: Leftovers
|-heal|p1a: Ten Tickles|296\/364|[from] item: Black Sludge
|turn|5
|c|âBirdkeeper Brad|you gotta
|c|âBirdkeeper Brad|bilv
|
|move|p2a: flap flap flap|Taunt|p1a: Ten Tickles
|-start|p1a: Ten Tickles|move: Taunt
|move|p1a: Ten Tickles|Scald|p2a: flap flap flap
|-resisted|p2a: flap flap flap
|-damage|p2a: flap flap flap|243\/311
|
|-heal|p2a: flap flap flap|262\/311|[from] item: Leftovers
|-heal|p1a: Ten Tickles|318\/364|[from] item: Black Sludge
|turn|6
|c|âsniperaim|burn!
|
|switch|p2a: flap flap flap|Honchkrow, M|341\/341
|move|p1a: Ten Tickles|Scald|p2a: flap flap flap
|-damage|p2a: flap flap flap|214\/341
|
|-heal|p1a: Ten Tickles|340\/364|[from] item: Black Sludge
|turn|7
|
|switch|p1a: Redneck|Archeops, M|291\/291
|move|p2a: flap flap flap|Brave Bird|p1a: Redneck
|-resisted|p1a: Redneck
|-damage|p1a: Redneck|129\/291
|-damage|p2a: flap flap flap|161\/341|[from] recoil|[of] p1a: Redneck
|
|turn|8
|
|move|p2a: flap flap flap|Brave Bird|p1a: Redneck
|-resisted|p1a: Redneck
|-damage|p1a: Redneck|0 fnt
|-damage|p2a: flap flap flap|118\/341|[from] recoil|[of] p1a: Redneck
|faint|p1a: Redneck
|-boost|p2a: flap flap flap|atk|1|[from] ability: Moxie
|
|
|switch|p1a: Fairy\/Dark plz|Absol, F|271\/271
|turn|9
|c|âsniperaim|nooo
|
|detailschange|p1a: Fairy\/Dark plz|Absol-Mega, F
|message|Absol has Mega Evolved into Mega Absol!
|move|p1a: Fairy\/Dark plz|Sucker Punch|p2a: flap flap flap
|-resisted|p2a: flap flap flap
|-damage|p2a: flap flap flap|0 fnt
|faint|p2a: flap flap flap
|
|c|âBirdkeeper Brad|rip
|
|switch|p2a: flap flap flap|Fletchinder, F|321\/321
|turn|10
|
|switch|p1a: Ten Tickles|Tentacruel, M|340\/364
|move|p2a: flap flap flap|Acrobatics|p1a: Ten Tickles
|-crit|p1a: Ten Tickles
|-damage|p1a: Ten Tickles|124\/364
|
|-heal|p1a: Ten Tickles|146\/364|[from] item: Black Sludge
|turn|11
|
|move|p1a: Ten Tickles|Scald|p2a: flap flap flap
|-supereffective|p2a: flap flap flap
|-damage|p2a: flap flap flap|61\/321
|move|p2a: flap flap flap|Swords Dance|p2a: flap flap flap
|-boost|p2a: flap flap flap|atk|2
|
|-heal|p1a: Ten Tickles|168\/364|[from] item: Black Sludge
|turn|12
|c|âsniperaim|scald bald
|
|move|p2a: flap flap flap|Acrobatics|p1a: Ten Tickles
|-damage|p1a: Ten Tickles|0 fnt
|faint|p1a: Ten Tickles
|
|
|switch|p1a: Fairy\/Dark plz|Absol-Mega, F|271\/271
|turn|13
|
|move|p2a: flap flap flap|Roost|p2a: flap flap flap
|-heal|p2a: flap flap flap|222\/321
|move|p1a: Fairy\/Dark plz|Swords Dance|p1a: Fairy\/Dark plz
|-boost|p1a: Fairy\/Dark plz|atk|2
|
|turn|14
|c|âBirdkeeper Brad|z
|
|move|p1a: Fairy\/Dark plz|Sucker Punch|p2a: flap flap flap
|-fail|p2a: flap flap flap
|move|p2a: flap flap flap|Roost|p2a: flap flap flap
|-heal|p2a: flap flap flap|321\/321
|
|turn|15
|c|âsniperaim|lawd
|
|move|p1a: Fairy\/Dark plz|Sucker Punch|p2a: flap flap flap
|-damage|p2a: flap flap flap|0 fnt
|faint|p2a: flap flap flap
|
|
|switch|p2a: flap flap flap|Crobat, F|371\/371
|turn|16
|
|switch|p1a: DOOT DOOT|Xatu, F|334\/334
|move|p2a: flap flap flap|Brave Bird|p1a: DOOT DOOT
|-damage|p1a: DOOT DOOT|225\/334
|-damage|p2a: flap flap flap|310\/371|[from] item: Rocky Helmet|[of] p1a: DOOT DOOT
|-damage|p2a: flap flap flap|274\/371|[from] recoil|[of] p1a: DOOT DOOT
|
|-heal|p2a: flap flap flap|297\/371|[from] item: Black Sludge
|turn|17
|
|switch|p2a: flap flap flap|Aerodactyl, M|330\/330
|-ability|p2a: flap flap flap|Unnerve|p1: sniperaim
|move|p1a: DOOT DOOT|Night Shade|p2a: flap flap flap
|-damage|p2a: flap flap flap|230\/330
|
|turn|18
|
|detailschange|p2a: flap flap flap|Aerodactyl-Mega, M
|message|Aerodactyl has Mega Evolved into Mega Aerodactyl!
|move|p2a: flap flap flap|Wing Attack|p1a: DOOT DOOT
|-damage|p1a: DOOT DOOT|89\/334
|-damage|p2a: flap flap flap|175\/330|[from] item: Rocky Helmet|[of] p1a: DOOT DOOT
|move|p1a: DOOT DOOT|Night Shade|p2a: flap flap flap
|-damage|p2a: flap flap flap|75\/330
|
|turn|19
|
|move|p2a: flap flap flap|Roost|p2a: flap flap flap
|-heal|p2a: flap flap flap|240\/330
|move|p1a: DOOT DOOT|Roost|p1a: DOOT DOOT
|-heal|p1a: DOOT DOOT|256\/334
|
|turn|20
|
|move|p2a: flap flap flap|Roost|p2a: flap flap flap
|-heal|p2a: flap flap flap|330\/330
|move|p1a: DOOT DOOT|Night Shade|p2a: flap flap flap
|-damage|p2a: flap flap flap|230\/330
|
|turn|21
|
|switch|p2a: Canada|Braviary, M|404\/404
|move|p1a: DOOT DOOT|Night Shade|p2a: Canada
|-immune|p2a: Canada|[msg]
|
|turn|22
|
|move|p1a: DOOT DOOT|Roost|p1a: DOOT DOOT
|-heal|p1a: DOOT DOOT|334\/334
|move|p2a: Canada|Substitute|p2a: Canada
|-start|p2a: Canada|Substitute
|-damage|p2a: Canada|303\/404
|
|-heal|p2a: Canada|328\/404|[from] item: Leftovers
|turn|23
|
|switch|p1a: Combat Clothes|Cobalion|142\/386
|move|p2a: Canada|Bulk Up|p2a: Canada
|-boost|p2a: Canada|atk|1
|-boost|p2a: Canada|def|1
|
|-heal|p2a: Canada|353\/404|[from] item: Leftovers
|turn|24
|
|move|p1a: Combat Clothes|Rest|p1a: Combat Clothes
|-status|p1a: Combat Clothes|slp
|-heal|p1a: Combat Clothes|386\/386 slp|[silent]
|-status|p1a: Combat Clothes|slp|[from] move: Rest
|-enditem|p1a: Combat Clothes|Chesto Berry|[eat]
|-curestatus|p1a: Combat Clothes|slp
|move|p2a: Canada|Brave Bird|p1a: Combat Clothes
|-damage|p1a: Combat Clothes|173\/386
|-damage|p2a: Canada|283\/404|[from] recoil|[of] p1a: Combat Clothes
|
|-heal|p2a: Canada|308\/404|[from] item: Leftovers
|turn|25
|
|move|p1a: Combat Clothes|Volt Switch|p2a: Canada
|-supereffective|p2a: Canada
|-activate|p2a: Canada|Substitute|[damage]
|
|switch|p1a: DOOT DOOT|Xatu, F|334\/334
|move|p2a: Canada|Substitute|p2a: Canada
|-fail|p2a: Canada|move: Substitute
|
|-heal|p2a: Canada|333\/404|[from] item: Leftovers
|turn|26
|
|switch|p1a: Combat Clothes|Cobalion|173\/386
|move|p2a: Canada|Bulk Up|p2a: Canada
|-boost|p2a: Canada|atk|1
|-boost|p2a: Canada|def|1
|
|-heal|p2a: Canada|358\/404|[from] item: Leftovers
|turn|27
|
|move|p1a: Combat Clothes|Close Combat|p2a: Canada
|-end|p2a: Canada|Substitute
|-unboost|p1a: Combat Clothes|def|1
|-unboost|p1a: Combat Clothes|spd|1
|move|p2a: Canada|Substitute|p2a: Canada
|-start|p2a: Canada|Substitute
|-damage|p2a: Canada|257\/404
|
|-heal|p2a: Canada|282\/404|[from] item: Leftovers
|turn|28
|c|âBirdkeeper Brad|hey dmt
|c|âBirdkeeper Brad|ur team is weak to braviary
|c|âsniperaim|it is
|c|âsniperaim|idk whhy i brought it
|c|âsniperaim|i knew ud spam burds
|c|âsniperaim|lol
|c|âBirdkeeper Brad|^^
|
|move|p1a: Combat Clothes|Iron Head|p2a: Canada
|-activate|p2a: Canada|Substitute|[damage]
|move|p2a: Canada|Roost|p2a: Canada
|-heal|p2a: Canada|404\/404
|
|turn|29
|
|move|p1a: Combat Clothes|Volt Switch|p2a: Canada
|-supereffective|p2a: Canada
|-end|p2a: Canada|Substitute
|
|switch|p1a: Fairy\/Dark plz|Absol-Mega, F|271\/271
|move|p2a: Canada|Substitute|p2a: Canada
|-start|p2a: Canada|Substitute
|-damage|p2a: Canada|303\/404
|
|-heal|p2a: Canada|328\/404|[from] item: Leftovers
|turn|30
|
|move|p1a: Fairy\/Dark plz|Knock Off|p2a: Canada
|-end|p2a: Canada|Substitute
|move|p2a: Canada|Brave Bird|p1a: Fairy\/Dark plz
|-damage|p1a: Fairy\/Dark plz|0 fnt
|-damage|p2a: Canada|239\/404|[from] recoil|[of] p1a: Fairy\/Dark plz
|faint|p1a: Fairy\/Dark plz
|
|-heal|p2a: Canada|264\/404|[from] item: Leftovers
|
|switch|p1a: Win Condition|Shedinja|1\/1
|turn|31
|
|move|p2a: Canada|Brave Bird|p1a: Win Condition
|-supereffective|p1a: Win Condition
|-enditem|p1a: Win Condition|Focus Sash
|-damage|p1a: Win Condition|1\/1
|-damage|p2a: Canada|263\/404|[from] recoil|[of] p1a: Win Condition
|move|p1a: Win Condition|Swords Dance|p1a: Win Condition
|-boost|p1a: Win Condition|atk|2
|
|-heal|p2a: Canada|288\/404|[from] item: Leftovers
|turn|32
|c|âBirdkeeper Brad|allthat recoil
|c|âBirdkeeper Brad|:s
|c|âsniperaim|ik
|
|move|p2a: Canada|Brave Bird|p1a: Win Condition
|-supereffective|p1a: Win Condition
|-damage|p1a: Win Condition|0 fnt
|-damage|p2a: Canada|287\/404|[from] recoil|[of] p1a: Win Condition
|faint|p1a: Win Condition
|
|-heal|p2a: Canada|312\/404|[from] item: Leftovers
|c| Going to the|http:\/\/puu.sh\/bHv53\/b7f2ab3a1d.jpg
|
|switch|p1a: DOOT DOOT|Xatu, F|334\/334
|turn|33
|
|move|p1a: DOOT DOOT|Grass Knot|p2a: Canada
|-resisted|p2a: Canada
|-damage|p2a: Canada|292\/404
|move|p2a: Canada|Brave Bird|p1a: DOOT DOOT
|-damage|p1a: DOOT DOOT|7\/334
|-damage|p2a: Canada|225\/404|[from] item: Rocky Helmet|[of] p1a: DOOT DOOT
|-damage|p2a: Canada|117\/404|[from] recoil|[of] p1a: DOOT DOOT
|
|-heal|p2a: Canada|142\/404|[from] item: Leftovers
|turn|34
|c|âsniperaim|shrekeke
|
|move|p1a: DOOT DOOT|Grass Knot|p2a: Canada
|-resisted|p2a: Canada
|-damage|p2a: Canada|123\/404
|move|p2a: Canada|Roost|p2a: Canada
|-heal|p2a: Canada|325\/404
|
|-heal|p2a: Canada|350\/404|[from] item: Leftovers
|turn|35
|
|move|p1a: DOOT DOOT|Roost|p1a: DOOT DOOT
|-heal|p1a: DOOT DOOT|174\/334
|move|p2a: Canada|Brave Bird|p1a: DOOT DOOT
|-crit|p1a: DOOT DOOT
|-damage|p1a: DOOT DOOT|0 fnt
|-damage|p2a: Canada|283\/404|[from] item: Rocky Helmet|[of] p1a: DOOT DOOT
|-damage|p2a: Canada|226\/404|[from] recoil|[of] p1a: DOOT DOOT
|faint|p1a: DOOT DOOT
|
|-heal|p2a: Canada|251\/404|[from] item: Leftovers
|
|switch|p1a: Combat Clothes|Cobalion|173\/386
|turn|36
|
|move|p1a: Combat Clothes|Close Combat|p2a: Canada
|-damage|p2a: Canada|163\/404
|-unboost|p1a: Combat Clothes|def|1
|-unboost|p1a: Combat Clothes|spd|1
|move|p2a: Canada|Brave Bird|p1a: Combat Clothes
|-damage|p1a: Combat Clothes|0 fnt
|-damage|p2a: Canada|106\/404|[from] recoil|[of] p1a: Combat Clothes
|faint|p1a: Combat Clothes
|
|win|Birdkeeper Brad
|c|âBirdkeeper Brad|beetr let dmt know
|c|âBirdkeeper Brad|his team is bad
|c|âBirdkeeper Brad|:]
|c|âsniperaim|dmt
|c|âsniperaim|suk
|c|âBirdkeeper Brad|^
|c|âBirdkeeper Brad|ggs
|c|âsniperaim|gg