|join|skolz
|join|sniperaim
|player|p1|skolz|260
|player|p2|sniperaim|220
|gametype|singles
|gen|6
|tier|UU
|rated
|rule|Sleep Clause Mod: Limit one foe put to sleep
|rule|Species Clause: Limit one of each PokÃ©mon
|rule|OHKO Clause: OHKO moves are banned
|rule|Moody Clause: Moody is banned
|rule|Evasion Moves Clause: Evasion moves are banned
|rule|Endless Battle Clause: Forcing endless battles is banned
|rule|HP Percentage Mod: HP is shown in percentages
|clearpoke
|poke|p1|Jirachi, shiny
|poke|p1|Crobat, F
|poke|p1|Krookodile, F
|poke|p1|Suicune
|poke|p1|Florges, F
|poke|p1|Machamp, M
|poke|p2|Zygarde
|poke|p2|Ampharos, F
|poke|p2|Whimsicott, F
|poke|p2|Jirachi
|poke|p2|Suicune
|poke|p2|Gligar, F
|rule|Swagger Clause: Swagger is banned
|rule|Baton Pass Clause: Limit one PokÃ©mon knowing Baton Pass
|teampreview
|join|Nanakai
|
|start
|switch|p1a: Machamp|Machamp, M|362\/362
|switch|p2a: Suicune|Suicune|356\/356
|-ability|p2a: Suicune|Pressure
|turn|1
|
|switch|p2a: Gligar|Gligar, F|333\/333
|move|p1a: Machamp|Knock Off|p2a: Gligar
|-crit|p2a: Gligar
|-damage|p2a: Gligar|217\/333
|-enditem|p2a: Gligar|Eviolite|[from] move: Knock Off|[of] p1a: Machamp
|
|turn|2
|
|move|p2a: Gligar|Stealth Rock|p1a: Machamp
|-sidestart|p1: skolz|move: Stealth Rock
|move|p1a: Machamp|Dynamic Punch|p2a: Gligar
|-resisted|p2a: Gligar
|-damage|p2a: Gligar|137\/333
|-start|p2a: Gligar|confusion
|
|turn|3
|
|switch|p2a: Whimsicott|Whimsicott, F|262\/262
|move|p1a: Machamp|Ice Punch|p2a: Whimsicott
|-supereffective|p2a: Whimsicott
|-damage|p2a: Whimsicott|34\/262
|
|-heal|p2a: Whimsicott|50\/262|[from] item: Leftovers
|turn|4
|
|switch|p1a: Crobat|Crobat, F|373\/373
|-damage|p1a: Crobat|280\/373|[from] Stealth Rock
|move|p2a: Whimsicott|Moonblast|p1a: Crobat
|-resisted|p1a: Crobat
|-damage|p1a: Crobat|203\/373
|-unboost|p1a: Crobat|spa|1
|
|-heal|p2a: Whimsicott|66\/262|[from] item: Leftovers
|-heal|p1a: Crobat|226\/373|[from] item: Black Sludge
|turn|5
|join|Dad's Dad
|
|switch|p2a: Ampharos|Ampharos, F|350\/350
|move|p1a: Crobat|Defog|p2a: Ampharos
|-unboost|p2a: Ampharos|evasion|1
|-sideend|p1: skolz|Stealth Rock|[from] move: Defog|[of] p1a: Crobat
|
|-heal|p1a: Crobat|249\/373|[from] item: Black Sludge
|turn|6
|c| Dad's Dad|lol rocks and defog gligar
|
|switch|p1a: Krookodile|Krookodile, F|393\/393
|-ability|p1a: Krookodile|Intimidate|[of] p2a: Ampharos
|-unboost|p2a: Ampharos|atk|1
|detailschange|p2a: Ampharos|Ampharos-Mega, F
|message|Ampharos has Mega Evolved into Mega Ampharos!
|-ability|p2a: Ampharos|Mold Breaker
|move|p2a: Ampharos|Dragon Pulse|p1a: Krookodile
|-damage|p1a: Krookodile|122\/393
|
|-heal|p1a: Krookodile|146\/393|[from] item: Leftovers
|turn|7
|c| Dad's Dad|ur so bad
|
|switch|p1a: Florges|Florges, F|359\/359
|move|p2a: Ampharos|Dragon Pulse|p1a: Florges
|-immune|p1a: Florges|[msg]
|
|turn|8
|c| Dad's Dad|LMAO
|c| Dad's Dad|UR SO BAD
|
|switch|p1a: Krookodile|Krookodile, F|146\/393
|-ability|p1a: Krookodile|Intimidate|[of] p2a: Ampharos
|-unboost|p2a: Ampharos|atk|1
|move|p2a: Ampharos|Volt Switch|p1a: Krookodile
|-immune|p1a: Krookodile|[msg]
|
|-heal|p1a: Krookodile|170\/393|[from] item: Leftovers
|turn|9
|join|CaptainJaneway
|
|switch|p1a: Florges|Florges, F|359\/359
|move|p2a: Ampharos|Dragon Pulse|p1a: Florges
|-immune|p1a: Florges|[msg]
|
|turn|10
|c| Dad's Dad|LMAO
|c| Dad's Dad|GET REKT
|
|move|p1a: Florges|Moonblast|p2a: Ampharos
|-supereffective|p2a: Ampharos
|-damage|p2a: Ampharos|134\/350
|-unboost|p2a: Ampharos|spa|1
|move|p2a: Ampharos|Volt Switch|p1a: Florges
|-damage|p1a: Florges|293\/359
|
|switch|p2a: Suicune|Suicune|356\/356
|-ability|p2a: Suicune|Pressure
|
|-heal|p1a: Florges|315\/359|[from] item: Leftovers
|turn|11
|
|switch|p1a: Suicune|Suicune|403\/403
|-ability|p1a: Suicune|Pressure
|move|p2a: Suicune|Calm Mind|p2a: Suicune
|-boost|p2a: Suicune|spa|1
|-boost|p2a: Suicune|spd|1
|
|turn|12
|
|move|p2a: Suicune|Scald|p1a: Suicune
|-resisted|p1a: Suicune
|-damage|p1a: Suicune|317\/403
|move|p1a: Suicune|Calm Mind|p1a: Suicune
|-boost|p1a: Suicune|spa|1
|-boost|p1a: Suicune|spd|1
|
|-heal|p1a: Suicune|342\/403|[from] item: Leftovers
|turn|13
|
|move|p2a: Suicune|Substitute|p2a: Suicune
|-start|p2a: Suicune|Substitute
|-damage|p2a: Suicune|267\/356
|move|p1a: Suicune|Calm Mind|p1a: Suicune
|-boost|p1a: Suicune|spa|1
|-boost|p1a: Suicune|spd|1
|
|-heal|p2a: Suicune|289\/356|[from] item: Leftovers
|-heal|p1a: Suicune|367\/403|[from] item: Leftovers
|turn|14
|
|move|p2a: Suicune|Calm Mind|p2a: Suicune
|-boost|p2a: Suicune|spa|1
|-boost|p2a: Suicune|spd|1
|move|p1a: Suicune|Roar|p2a: Suicune
|drag|p2a: Ampharos|Ampharos-Mega, F|134\/350
|-ability|p2a: Ampharos|Mold Breaker
|
|-heal|p1a: Suicune|392\/403|[from] item: Leftovers
|turn|15
|
|move|p1a: Suicune|Scald|p2a: Ampharos
|-resisted|p2a: Ampharos
|-damage|p2a: Ampharos|62\/350
|-status|p2a: Ampharos|brn
|move|p2a: Ampharos|Volt Switch|p1a: Suicune
|-supereffective|p1a: Suicune
|-damage|p1a: Suicune|242\/403
|
|switch|p2a: Whimsicott|Whimsicott, F|66\/262
|
|-heal|p2a: Whimsicott|82\/262|[from] item: Leftovers
|-heal|p1a: Suicune|267\/403|[from] item: Leftovers
|turn|16
|
|move|p2a: Whimsicott|Encore|p1a: Suicune
|-start|p1a: Suicune|Encore
|move|p1a: Suicune|Scald|p2a: Whimsicott
|-resisted|p2a: Whimsicott
|-damage|p2a: Whimsicott|0 fnt
|faint|p2a: Whimsicott
|
|-heal|p1a: Suicune|292\/403|[from] item: Leftovers
|
|switch|p2a: Suicune|Suicune|289\/356
|-ability|p2a: Suicune|Pressure
|turn|17
|
|move|p2a: Suicune|Calm Mind|p2a: Suicune
|-boost|p2a: Suicune|spa|1
|-boost|p2a: Suicune|spd|1
|move|p1a: Suicune|Scald|p2a: Suicune
|-resisted|p2a: Suicune
|-damage|p2a: Suicune|240\/356
|
|-heal|p2a: Suicune|262\/356|[from] item: Leftovers
|-heal|p1a: Suicune|317\/403|[from] item: Leftovers
|turn|18
|
|move|p2a: Suicune|Substitute|p2a: Suicune
|-start|p2a: Suicune|Substitute
|-damage|p2a: Suicune|173\/356
|move|p1a: Suicune|Scald|p2a: Suicune
|-resisted|p2a: Suicune
|-activate|p2a: Suicune|Substitute|[damage]
|
|-heal|p2a: Suicune|195\/356|[from] item: Leftovers
|-heal|p1a: Suicune|342\/403|[from] item: Leftovers
|-end|p1a: Suicune|Encore
|turn|19
|
|move|p2a: Suicune|Scald|p1a: Suicune
|-crit|p1a: Suicune
|-resisted|p1a: Suicune
|-damage|p1a: Suicune|219\/403
|-status|p1a: Suicune|brn
|move|p1a: Suicune|Roar|p2a: Suicune
|drag|p2a: Gligar|Gligar, F|137\/333
|
|-heal|p1a: Suicune|244\/403 brn|[from] item: Leftovers
|-damage|p1a: Suicune|194\/403 brn|[from] brn
|turn|20
|join|IheartMagikarp
|
|move|p1a: Suicune|Scald|p2a: Gligar
|-supereffective|p2a: Gligar
|-damage|p2a: Gligar|0 fnt
|faint|p2a: Gligar
|
|-heal|p1a: Suicune|219\/403 brn|[from] item: Leftovers
|-damage|p1a: Suicune|169\/403 brn|[from] brn
|
|switch|p2a: Jirachi|Jirachi|342\/342
|turn|21
|
|switch|p1a: Krookodile|Krookodile, F|170\/393
|-ability|p1a: Krookodile|Intimidate|[of] p2a: Jirachi
|-unboost|p2a: Jirachi|atk|1
|move|p2a: Jirachi|Iron Head|p1a: Krookodile
|-damage|p1a: Krookodile|98\/393
|
|-heal|p1a: Krookodile|122\/393|[from] item: Leftovers
|turn|22
|
|switch|p1a: Jirachi|Jirachi, shiny|404\/404
|move|p2a: Jirachi|Iron Head|p1a: Jirachi
|-resisted|p1a: Jirachi
|-damage|p1a: Jirachi|367\/404
|
|-heal|p1a: Jirachi|392\/404|[from] item: Leftovers
|turn|23
|
|move|p2a: Jirachi|Iron Head|p1a: Jirachi
|-resisted|p1a: Jirachi
|-damage|p1a: Jirachi|356\/404
|move|p1a: Jirachi|Calm Mind|p1a: Jirachi
|-boost|p1a: Jirachi|spa|1
|-boost|p1a: Jirachi|spd|1
|
|-heal|p1a: Jirachi|381\/404|[from] item: Leftovers
|turn|24
|
|switch|p2a: Zygarde|Zygarde|404\/404
|-ability|p2a: Zygarde|Aura Break
|move|p1a: Jirachi|Calm Mind|p1a: Jirachi
|-boost|p1a: Jirachi|spa|1
|-boost|p1a: Jirachi|spd|1
|
|-heal|p1a: Jirachi|404\/404|[from] item: Leftovers
|turn|25
|
|move|p1a: Jirachi|Moonblast|p2a: Zygarde
|-supereffective|p2a: Zygarde
|-damage|p2a: Zygarde|178\/404
|move|p2a: Zygarde|Dragon Tail|p1a: Jirachi
|-resisted|p1a: Jirachi
|-damage|p1a: Jirachi|370\/404
|drag|p1a: Suicune|Suicune|169\/403 brn
|-ability|p1a: Suicune|Pressure
|
|-heal|p2a: Zygarde|203\/404|[from] item: Leftovers
|-heal|p1a: Suicune|194\/403 brn|[from] item: Leftovers
|-damage|p1a: Suicune|144\/403 brn|[from] brn
|turn|26
|leave|IheartMagikarp
|
|move|p2a: Zygarde|Earthquake|p1a: Suicune
|-damage|p1a: Suicune|69\/403 brn
|move|p1a: Suicune|Rest|p1a: Suicune
|-status|p1a: Suicune|slp
|-heal|p1a: Suicune|403\/403 slp|[silent]
|-status|p1a: Suicune|slp|[from] move: Rest
|
|-heal|p2a: Zygarde|228\/404|[from] item: Leftovers
|turn|27
|
|switch|p1a: Crobat|Crobat, F|249\/373
|move|p2a: Zygarde|Coil|p2a: Zygarde
|-boost|p2a: Zygarde|atk|1
|-boost|p2a: Zygarde|def|1
|-boost|p2a: Zygarde|accuracy|1
|
|-heal|p1a: Crobat|272\/373|[from] item: Black Sludge
|-heal|p2a: Zygarde|253\/404|[from] item: Leftovers
|turn|28
|
|move|p1a: Crobat|Toxic|p2a: Zygarde
|-status|p2a: Zygarde|tox
|move|p2a: Zygarde|Dragon Tail|p1a: Crobat
|-damage|p1a: Crobat|164\/373
|drag|p1a: Florges|Florges, F|315\/359
|
|-heal|p2a: Zygarde|278\/404 tox|[from] item: Leftovers
|-heal|p1a: Florges|337\/359|[from] item: Leftovers
|-damage|p2a: Zygarde|253\/404 tox|[from] psn
|turn|29
|c| Nanakai|Worst thing to drag out imo
|
|move|p2a: Zygarde|Earthquake|p1a: Florges
|-damage|p1a: Florges|150\/359
|move|p1a: Florges|Aromatherapy|p1a: Florges
|-cureteam|p1a: Florges|[from] move: Aromatherapy
|
|-heal|p2a: Zygarde|278\/404 tox|[from] item: Leftovers
|-heal|p1a: Florges|172\/359|[from] item: Leftovers
|-damage|p2a: Zygarde|228\/404 tox|[from] psn
|turn|30
|
|switch|p1a: Crobat|Crobat, F|164\/373
|move|p2a: Zygarde|Dragon Tail|p1a: Crobat
|-crit|p1a: Crobat
|-damage|p1a: Crobat|0 fnt
|faint|p1a: Crobat
|
|-heal|p2a: Zygarde|253\/404 tox|[from] item: Leftovers
|-damage|p2a: Zygarde|178\/404 tox|[from] psn
|
|switch|p1a: Krookodile|Krookodile, F|122\/393
|-ability|p1a: Krookodile|Intimidate|[of] p2a: Zygarde
|-unboost|p2a: Zygarde|atk|1
|turn|31
|
|move|p2a: Zygarde|Earthquake|p1a: Krookodile
|-damage|p1a: Krookodile|28\/393
|move|p1a: Krookodile|Stealth Rock|p2a: Zygarde
|-sidestart|p2: sniperaim|move: Stealth Rock
|
|-heal|p2a: Zygarde|203\/404 tox|[from] item: Leftovers
|-heal|p1a: Krookodile|52\/393|[from] item: Leftovers
|-damage|p2a: Zygarde|103\/404 tox|[from] psn
|turn|32
|
|switch|p2a: Ampharos|Ampharos-Mega, F|62\/350 brn
|-damage|p2a: Ampharos|19\/350 brn|[from] Stealth Rock
|-ability|p2a: Ampharos|Mold Breaker
|move|p1a: Krookodile|Knock Off|p2a: Ampharos
|-damage|p2a: Ampharos|0 fnt
|faint|p2a: Ampharos
|
|-heal|p1a: Krookodile|76\/393|[from] item: Leftovers
|
|switch|p2a: Jirachi|Jirachi|342\/342
|-damage|p2a: Jirachi|321\/342|[from] Stealth Rock
|turn|33
|c|âskolz|healing wish time
|
|switch|p1a: Florges|Florges, F|172\/359
|move|p2a: Jirachi|U-turn|p1a: Florges
|-resisted|p1a: Florges
|-damage|p1a: Florges|136\/359
|
|switch|p2a: Suicune|Suicune|195\/356
|-damage|p2a: Suicune|151\/356|[from] Stealth Rock
|-ability|p2a: Suicune|Pressure
|
|-heal|p2a: Suicune|173\/356|[from] item: Leftovers
|-heal|p1a: Florges|158\/359|[from] item: Leftovers
|turn|34
|
|switch|p1a: Suicune|Suicune|403\/403
|-ability|p1a: Suicune|Pressure
|move|p2a: Suicune|Calm Mind|p2a: Suicune
|-boost|p2a: Suicune|spa|1
|-boost|p2a: Suicune|spd|1
|
|-heal|p2a: Suicune|195\/356|[from] item: Leftovers
|turn|35
|
|switch|p2a: Jirachi|Jirachi|321\/342
|-damage|p2a: Jirachi|300\/342|[from] Stealth Rock
|move|p1a: Suicune|Calm Mind|p1a: Suicune
|-boost|p1a: Suicune|spa|1
|-boost|p1a: Suicune|spd|1
|
|turn|36
|
|switch|p1a: Krookodile|Krookodile, F|76\/393
|-ability|p1a: Krookodile|Intimidate|[of] p2a: Jirachi
|-unboost|p2a: Jirachi|atk|1
|move|p2a: Jirachi|Healing Wish|p2a: Jirachi
|faint|p2a: Jirachi
|
|-heal|p1a: Krookodile|100\/393|[from] item: Leftovers
|
|switch|p2a: Zygarde|Zygarde|103\/404 tox
|-heal|p2a: Zygarde|404\/404|[from] move: Healing Wish
|-damage|p2a: Zygarde|379\/404|[from] Stealth Rock
|-ability|p2a: Zygarde|Aura Break
|turn|37
|
|switch|p2a: Suicune|Suicune|195\/356
|-damage|p2a: Suicune|151\/356|[from] Stealth Rock
|-ability|p2a: Suicune|Pressure
|switch|p1a: Machamp|Machamp, M|362\/362
|
|-heal|p2a: Suicune|173\/356|[from] item: Leftovers
|turn|38
|
|move|p2a: Suicune|Scald|p1a: Machamp
|-damage|p1a: Machamp|268\/362
|-status|p1a: Machamp|brn
|move|p1a: Machamp|Dynamic Punch|p2a: Suicune
|-damage|p2a: Suicune|79\/356
|-start|p2a: Suicune|confusion
|
|-heal|p2a: Suicune|101\/356|[from] item: Leftovers
|-damage|p1a: Machamp|223\/362 brn|[from] brn
|turn|39
|
|switch|p1a: Suicune|Suicune|403\/403
|-ability|p1a: Suicune|Pressure
|-activate|p2a: Suicune|confusion
|move|p2a: Suicune|Calm Mind|p2a: Suicune
|-boost|p2a: Suicune|spa|1
|-boost|p2a: Suicune|spd|1
|
|-heal|p2a: Suicune|123\/356|[from] item: Leftovers
|turn|40
|
|-end|p2a: Suicune|confusion
|move|p2a: Suicune|Scald|p1a: Suicune
|-resisted|p1a: Suicune
|-damage|p1a: Suicune|328\/403
|move|p1a: Suicune|Calm Mind|p1a: Suicune
|-boost|p1a: Suicune|spa|1
|-boost|p1a: Suicune|spd|1
|
|-heal|p2a: Suicune|145\/356|[from] item: Leftovers
|-heal|p1a: Suicune|353\/403|[from] item: Leftovers
|turn|41
|
|move|p2a: Suicune|Scald|p1a: Suicune
|-resisted|p1a: Suicune
|-damage|p1a: Suicune|303\/403
|move|p1a: Suicune|Calm Mind|p1a: Suicune
|-boost|p1a: Suicune|spa|1
|-boost|p1a: Suicune|spd|1
|
|-heal|p2a: Suicune|167\/356|[from] item: Leftovers
|-heal|p1a: Suicune|328\/403|[from] item: Leftovers
|turn|42
|
|move|p2a: Suicune|Scald|p1a: Suicune
|-resisted|p1a: Suicune
|-damage|p1a: Suicune|290\/403
|-status|p1a: Suicune|brn
|move|p1a: Suicune|Roar|p2a: Suicune
|drag|p2a: Zygarde|Zygarde|379\/404
|-damage|p2a: Zygarde|354\/404|[from] Stealth Rock
|-ability|p2a: Zygarde|Aura Break
|
|-heal|p2a: Zygarde|379\/404|[from] item: Leftovers
|-heal|p1a: Suicune|315\/403 brn|[from] item: Leftovers
|-damage|p1a: Suicune|265\/403 brn|[from] brn
|turn|43
|
|switch|p2a: Suicune|Suicune|167\/356
|-damage|p2a: Suicune|123\/356|[from] Stealth Rock
|-ability|p2a: Suicune|Pressure
|move|p1a: Suicune|Scald|p2a: Suicune
|-resisted|p2a: Suicune
|-damage|p2a: Suicune|43\/356
|
|-heal|p2a: Suicune|65\/356|[from] item: Leftovers
|-heal|p1a: Suicune|290\/403 brn|[from] item: Leftovers
|-damage|p1a: Suicune|240\/403 brn|[from] brn
|turn|44
|
|move|p2a: Suicune|Calm Mind|p2a: Suicune
|-boost|p2a: Suicune|spa|1
|-boost|p2a: Suicune|spd|1
|move|p1a: Suicune|Scald|p2a: Suicune
|-resisted|p2a: Suicune
|-damage|p2a: Suicune|15\/356
|
|-heal|p2a: Suicune|37\/356|[from] item: Leftovers
|-heal|p1a: Suicune|265\/403 brn|[from] item: Leftovers
|-damage|p1a: Suicune|215\/403 brn|[from] brn
|turn|45
|
|move|p2a: Suicune|Scald|p1a: Suicune
|-resisted|p1a: Suicune
|-damage|p1a: Suicune|173\/403 brn
|move|p1a: Suicune|Scald|p2a: Suicune
|-resisted|p2a: Suicune
|-damage|p2a: Suicune|0 fnt
|faint|p2a: Suicune
|
|-heal|p1a: Suicune|198\/403 brn|[from] item: Leftovers
|-damage|p1a: Suicune|148\/403 brn|[from] brn
|
|switch|p2a: Zygarde|Zygarde|379\/404
|-damage|p2a: Zygarde|354\/404|[from] Stealth Rock
|-ability|p2a: Zygarde|Aura Break
|turn|46
|
|move|p2a: Zygarde|Substitute|p2a: Zygarde
|-start|p2a: Zygarde|Substitute
|-damage|p2a: Zygarde|253\/404
|move|p1a: Suicune|Scald|p2a: Zygarde
|-end|p2a: Zygarde|Substitute
|
|-heal|p2a: Zygarde|278\/404|[from] item: Leftovers
|-heal|p1a: Suicune|173\/403 brn|[from] item: Leftovers
|-damage|p1a: Suicune|123\/403 brn|[from] brn
|turn|47
|
|move|p2a: Zygarde|Coil|p2a: Zygarde
|-boost|p2a: Zygarde|atk|1
|-boost|p2a: Zygarde|def|1
|-boost|p2a: Zygarde|accuracy|1
|move|p1a: Suicune|Scald|p2a: Zygarde
|-damage|p2a: Zygarde|133\/404
|
|-heal|p2a: Zygarde|158\/404|[from] item: Leftovers
|-heal|p1a: Suicune|148\/403 brn|[from] item: Leftovers
|-damage|p1a: Suicune|98\/403 brn|[from] brn
|turn|48
|
|move|p2a: Zygarde|Earthquake|p1a: Suicune
|-damage|p1a: Suicune|0 fnt
|faint|p1a: Suicune
|
|-heal|p2a: Zygarde|183\/404|[from] item: Leftovers
|
|switch|p1a: Jirachi|Jirachi, shiny|370\/404
|turn|49
|
|move|p1a: Jirachi|Moonblast|p2a: Zygarde
|-supereffective|p2a: Zygarde
|-damage|p2a: Zygarde|61\/404
|move|p2a: Zygarde|Earthquake|p1a: Jirachi
|-supereffective|p1a: Jirachi
|-damage|p1a: Jirachi|26\/404
|
|-heal|p1a: Jirachi|51\/404|[from] item: Leftovers
|-heal|p2a: Zygarde|86\/404|[from] item: Leftovers
|turn|50
|
|move|p1a: Jirachi|Moonblast|p2a: Zygarde
|-supereffective|p2a: Zygarde
|-damage|p2a: Zygarde|0 fnt
|faint|p2a: Zygarde
|
|win|skolz
|raw|Ladder updating...
|c|âsniperaim|gg
|c|âskolz|gg
|leave|sniperaim
|player|p2