|join|Beastly
|join|sniperaim
|player|p1|Beastly|89
|player|p2|sniperaim|220
|gametype|singles
|gen|6
|tier|UU
|rule|Sleep Clause Mod: Limit one foe put to sleep
|rule|Species Clause: Limit one of each PokÃ©mon
|rule|OHKO Clause: OHKO moves are banned
|rule|Moody Clause: Moody is banned
|rule|Evasion Moves Clause: Evasion moves are banned
|rule|Endless Battle Clause: Forcing endless battles is banned
|rule|HP Percentage Mod: HP is shown in percentages
|clearpoke
|poke|p1|Toxicroak, F
|poke|p1|Chandelure, M
|poke|p1|Blastoise, M
|poke|p1|Florges, F
|poke|p1|Hippowdon, F
|poke|p1|Hydreigon, F
|poke|p2|Jirachi, shiny
|poke|p2|Swampert, F
|poke|p2|Hydreigon, F
|poke|p2|Machamp, F
|poke|p2|Tentacruel, M, shiny
|poke|p2|Umbreon, F
|rule|Swagger Clause: Swagger is banned
|rule|Baton Pass Clause: Limit one PokÃ©mon knowing Baton Pass
|teampreview
|
|start
|switch|p1a: Chandelure|Chandelure, M|261\/261
|switch|p2a: da champ|Machamp, F|344\/344
|turn|1
|
|switch|p1a: Blastoise|Blastoise, M|362\/362
|switch|p2a: Stuu|Umbreon, F|394\/394
|
|turn|2
|
|switch|p2a: i'm nice|Tentacruel, M, shiny|352\/352
|move|p1a: Blastoise|Aura Sphere|p2a: i'm nice
|-resisted|p2a: i'm nice
|-damage|p2a: i'm nice|327\/352
|
|-heal|p2a: i'm nice|349\/352|[from] item: Black Sludge
|turn|3
|
|detailschange|p1a: Blastoise|Blastoise-Mega, M
|message|Blastoise has Mega Evolved into Mega Blastoise!
|move|p2a: i'm nice|Toxic Spikes|p1a: Blastoise
|-sidestart|p1: Beastly|move: Toxic Spikes
|move|p1a: Blastoise|Dark Pulse|p2a: i'm nice
|-damage|p2a: i'm nice|248\/352
|
|-heal|p2a: i'm nice|270\/352|[from] item: Black Sludge
|turn|4
|
|move|p2a: i'm nice|Toxic|p1a: Blastoise
|-status|p1a: Blastoise|tox
|move|p1a: Blastoise|Dark Pulse|p2a: i'm nice
|-damage|p2a: i'm nice|172\/352
|
|-heal|p2a: i'm nice|194\/352|[from] item: Black Sludge
|-damage|p1a: Blastoise|340\/362 tox|[from] psn
|turn|5
|
|switch|p2a: Stuu|Umbreon, F|394\/394
|switch|p1a: Toxicroak|Toxicroak, F|308\/308
|-sideend|p1: Beastly|move: Toxic Spikes|[of] p1a: Toxicroak
|
|turn|6
|
|switch|p2a: Mascot|Swampert, F|401\/401
|move|p1a: Toxicroak|Drain Punch|p2a: Mascot
|-damage|p2a: Mascot|261\/401
|-damage|p1a: Toxicroak|278\/308|[from] item: Life Orb
|
|-heal|p2a: Mascot|286\/401|[from] item: Leftovers
|turn|7
|
|switch|p1a: Hydreigon|Hydreigon, F|325\/325
|move|p2a: Mascot|Stealth Rock|p1a: Hydreigon
|-sidestart|p1: Beastly|move: Stealth Rock
|
|-heal|p2a: Mascot|311\/401|[from] item: Leftovers
|turn|8
|
|switch|p2a: Stuu|Umbreon, F|394\/394
|move|p1a: Hydreigon|U-turn|p2a: Stuu
|-supereffective|p2a: Stuu
|-damage|p2a: Stuu|288\/394
|
|switch|p1a: Toxicroak|Toxicroak, F|278\/308
|-damage|p1a: Toxicroak|259\/308|[from] Stealth Rock
|
|-heal|p2a: Stuu|312\/394|[from] item: Leftovers
|turn|9
|
|switch|p2a: Mascot|Swampert, F|311\/401
|move|p1a: Toxicroak|Drain Punch|p2a: Mascot
|-damage|p2a: Mascot|182\/401
|-heal|p1a: Toxicroak|308\/308|[from] drain|[of] p2a: Mascot
|-damage|p1a: Toxicroak|278\/308|[from] item: Life Orb
|
|-heal|p2a: Mascot|207\/401|[from] item: Leftovers
|turn|10
|
|switch|p1a: Blastoise|Blastoise-Mega, M|340\/362 tox
|-damage|p1a: Blastoise|295\/362 tox|[from] Stealth Rock
|move|p2a: Mascot|Earthquake|p1a: Blastoise
|-damage|p1a: Blastoise|208\/362 tox
|
|-heal|p2a: Mascot|232\/401|[from] item: Leftovers
|-damage|p1a: Blastoise|186\/362 tox|[from] psn
|turn|11
|
|switch|p2a: Stuu|Umbreon, F|312\/394
|move|p1a: Blastoise|Rapid Spin|p2a: Stuu
|-damage|p2a: Stuu|297\/394
|-sideend|p1: Beastly|Stealth Rock|[from] move: Rapid Spin|[of] p1a: Blastoise
|
|-heal|p2a: Stuu|321\/394|[from] item: Leftovers
|-damage|p1a: Blastoise|142\/362 tox|[from] psn
|turn|12
|
|switch|p1a: Hydreigon|Hydreigon, F|325\/325
|move|p2a: Stuu|Wish|p2a: Stuu
|
|-heal|p2a: Stuu|345\/394|[from] item: Leftovers
|turn|13
|
|move|p2a: Stuu|Protect|p2a: Stuu
|-singleturn|p2a: Stuu|Protect
|move|p1a: Hydreigon|Draco Meteor|p2a: Stuu
|-activate|p2a: Stuu|Protect
|
|-heal|p2a: Stuu|394\/394|[from] move: Wish|[wisher] Stuu
|turn|14
|
|switch|p1a: Toxicroak|Toxicroak, F|278\/308
|move|p2a: Stuu|Wish|p2a: Stuu
|
|turn|15
|join|dudman
|
|switch|p1a: Florges|Florges, F|360\/360
|switch|p2a: Mascot|Swampert, F|232\/401
|
|-heal|p2a: Mascot|401\/401|[from] move: Wish|[wisher] Stuu
|turn|16
|
|move|p1a: Florges|Aromatherapy|p1a: Florges
|-cureteam|p1a: Florges|[from] move: Aromatherapy
|move|p2a: Mascot|Stealth Rock|p1a: Florges
|-sidestart|p1: Beastly|move: Stealth Rock
|
|turn|17
|
|move|p1a: Florges|Wish|p1a: Florges
|move|p2a: Mascot|Earthquake|p1a: Florges
|-crit|p1a: Florges
|-damage|p1a: Florges|189\/360
|
|-heal|p1a: Florges|211\/360|[from] item: Leftovers
|turn|18
|
|switch|p1a: Blastoise|Blastoise-Mega, M|142\/362
|-damage|p1a: Blastoise|97\/362|[from] Stealth Rock
|move|p2a: Mascot|Earthquake|p1a: Blastoise
|-damage|p1a: Blastoise|7\/362
|
|-heal|p1a: Blastoise|187\/362|[from] move: Wish|[wisher] Florges
|turn|19
|
|move|p1a: Blastoise|Rapid Spin|p2a: Mascot
|-damage|p2a: Mascot|389\/401
|-sideend|p1: Beastly|Stealth Rock|[from] move: Rapid Spin|[of] p1a: Blastoise
|move|p2a: Mascot|Toxic|p1a: Blastoise
|-status|p1a: Blastoise|tox
|
|-heal|p2a: Mascot|401\/401|[from] item: Leftovers
|-damage|p1a: Blastoise|165\/362 tox|[from] psn
|turn|20
|
|switch|p1a: Hydreigon|Hydreigon, F|325\/325
|move|p2a: Mascot|Stealth Rock|p1a: Hydreigon
|-sidestart|p1: Beastly|move: Stealth Rock
|
|turn|21
|
|move|p1a: Hydreigon|Draco Meteor|p2a: Mascot
|-damage|p2a: Mascot|143\/401
|-unboost|p1a: Hydreigon|spa|2
|move|p2a: Mascot|Earthquake|p1a: Hydreigon
|-immune|p1a: Hydreigon|[msg]
|
|-heal|p2a: Mascot|168\/401|[from] item: Leftovers
|turn|22
|
|switch|p1a: Toxicroak|Toxicroak, F|278\/308
|-damage|p1a: Toxicroak|259\/308|[from] Stealth Rock
|switch|p2a: Stuu|Umbreon, F|394\/394
|
|turn|23
|
|switch|p2a: Jirachi|Jirachi, shiny|342\/342
|move|p1a: Toxicroak|Swords Dance|p1a: Toxicroak
|-boost|p1a: Toxicroak|atk|2
|
|turn|24
|
|move|p1a: Toxicroak|Sucker Punch|p2a: Jirachi
|-fail|p2a: Jirachi
|move|p2a: Jirachi|Substitute|p2a: Jirachi
|-start|p2a: Jirachi|Substitute
|-damage|p2a: Jirachi|257\/342
|
|-heal|p2a: Jirachi|278\/342|[from] item: Leftovers
|turn|25
|
|switch|p1a: Hippowdon|Hippowdon, F|420\/420
|-damage|p1a: Hippowdon|394\/420|[from] Stealth Rock
|-weather|Sandstorm
|move|p2a: Jirachi|Psyshock|p1a: Hippowdon
|-damage|p1a: Hippowdon|318\/420
|
|-weather|Sandstorm|[upkeep]
|-heal|p2a: Jirachi|299\/342|[from] item: Leftovers
|-heal|p1a: Hippowdon|344\/420|[from] item: Leftovers
|turn|26
|
|move|p2a: Jirachi|Moonblast|p1a: Hippowdon
|-damage|p1a: Hippowdon|228\/420
|-unboost|p1a: Hippowdon|spa|1
|move|p1a: Hippowdon|Earthquake|p2a: Jirachi
|-supereffective|p2a: Jirachi
|-end|p2a: Jirachi|Substitute
|
|-weather|Sandstorm|[upkeep]
|-heal|p2a: Jirachi|320\/342|[from] item: Leftovers
|-heal|p1a: Hippowdon|254\/420|[from] item: Leftovers
|turn|27
|
|switch|p2a: Stuu|Umbreon, F|394\/394
|move|p1a: Hippowdon|Stealth Rock|p2a: Stuu
|-sidestart|p2: sniperaim|move: Stealth Rock
|
|-weather|Sandstorm|[upkeep]
|-damage|p2a: Stuu|370\/394|[from] sandstorm
|-heal|p2a: Stuu|394\/394|[from] item: Leftovers
|-heal|p1a: Hippowdon|280\/420|[from] item: Leftovers
|turn|28
|
|switch|p1a: Toxicroak|Toxicroak, F|259\/308
|-damage|p1a: Toxicroak|240\/308|[from] Stealth Rock
|move|p2a: Stuu|Wish|p2a: Stuu
|
|-weather|Sandstorm|[upkeep]
|-damage|p1a: Toxicroak|221\/308|[from] sandstorm
|-damage|p2a: Stuu|370\/394|[from] sandstorm
|-heal|p2a: Stuu|394\/394|[from] item: Leftovers
|turn|29
|
|switch|p2a: Mascot|Swampert, F|168\/401
|-damage|p2a: Mascot|143\/401|[from] Stealth Rock
|move|p1a: Toxicroak|Drain Punch|p2a: Mascot
|-damage|p2a: Mascot|18\/401
|-heal|p1a: Toxicroak|284\/308|[from] drain|[of] p2a: Mascot
|-damage|p1a: Toxicroak|254\/308|[from] item: Life Orb
|
|-weather|none
|-heal|p2a: Mascot|215\/401|[from] move: Wish|[wisher] Stuu
|-heal|p2a: Mascot|240\/401|[from] item: Leftovers
|turn|30
|
|switch|p1a: Hydreigon|Hydreigon, F|325\/325
|-damage|p1a: Hydreigon|285\/325|[from] Stealth Rock
|move|p2a: Mascot|Earthquake|p1a: Hydreigon
|-immune|p1a: Hydreigon|[msg]
|
|-heal|p2a: Mascot|265\/401|[from] item: Leftovers
|turn|31
|
|switch|p2a: Stuu|Umbreon, F|394\/394
|-damage|p2a: Stuu|345\/394|[from] Stealth Rock
|move|p1a: Hydreigon|U-turn|p2a: Stuu
|-supereffective|p2a: Stuu
|-damage|p2a: Stuu|243\/394
|
|switch|p1a: Toxicroak|Toxicroak, F|254\/308
|-damage|p1a: Toxicroak|235\/308|[from] Stealth Rock
|
|-heal|p2a: Stuu|267\/394|[from] item: Leftovers
|turn|32
|
|switch|p2a: Mascot|Swampert, F|265\/401
|-damage|p2a: Mascot|240\/401|[from] Stealth Rock
|move|p1a: Toxicroak|Drain Punch|p2a: Mascot
|-damage|p2a: Mascot|106\/401
|-heal|p1a: Toxicroak|302\/308|[from] drain|[of] p2a: Mascot
|-damage|p1a: Toxicroak|272\/308|[from] item: Life Orb
|
|-heal|p2a: Mascot|131\/401|[from] item: Leftovers
|turn|33
|c|âBeastly|i hate when its a roll
|
|switch|p1a: Hydreigon|Hydreigon, F|285\/325
|-damage|p1a: Hydreigon|245\/325|[from] Stealth Rock
|move|p2a: Mascot|Earthquake|p1a: Hydreigon
|-immune|p1a: Hydreigon|[msg]
|
|-heal|p2a: Mascot|156\/401|[from] item: Leftovers
|turn|34
|
|switch|p2a: i'm nice|Tentacruel, M, shiny|194\/352
|-damage|p2a: i'm nice|150\/352|[from] Stealth Rock
|move|p1a: Hydreigon|U-turn|p2a: i'm nice
|-resisted|p2a: i'm nice
|-damage|p2a: i'm nice|120\/352
|
|switch|p1a: Chandelure|Chandelure, M|261\/261
|-damage|p1a: Chandelure|196\/261|[from] Stealth Rock
|
|-heal|p2a: i'm nice|142\/352|[from] item: Black Sludge
|turn|35
|
|move|p1a: Chandelure|Substitute|p1a: Chandelure
|-start|p1a: Chandelure|Substitute
|-damage|p1a: Chandelure|131\/261
|move|p2a: i'm nice|Scald|p1a: Chandelure
|-supereffective|p1a: Chandelure
|-end|p1a: Chandelure|Substitute
|
|-heal|p2a: i'm nice|164\/352|[from] item: Black Sludge
|turn|36
|
|switch|p2a: Stuu|Umbreon, F|267\/394
|-damage|p2a: Stuu|218\/394|[from] Stealth Rock
|move|p1a: Chandelure|Shadow Ball|p2a: Stuu
|-resisted|p2a: Stuu
|-damage|p2a: Stuu|156\/394
|-damage|p1a: Chandelure|105\/261|[from] item: Life Orb
|
|-heal|p2a: Stuu|180\/394|[from] item: Leftovers
|turn|37
|
|move|p1a: Chandelure|Fire Blast|p2a: Stuu
|-damage|p2a: Stuu|24\/394
|-damage|p1a: Chandelure|79\/261|[from] item: Life Orb
|move|p2a: Stuu|Wish|p2a: Stuu
|
|-heal|p2a: Stuu|48\/394|[from] item: Leftovers
|turn|38
|
|move|p1a: Chandelure|Substitute|p1a: Chandelure
|-start|p1a: Chandelure|Substitute
|-damage|p1a: Chandelure|14\/261
|move|p2a: Stuu|Foul Play|p1a: Chandelure
|-supereffective|p1a: Chandelure
|-end|p1a: Chandelure|Substitute
|
|-heal|p2a: Stuu|245\/394|[from] move: Wish|[wisher] Stuu
|-heal|p2a: Stuu|269\/394|[from] item: Leftovers
|turn|39
|
|move|p1a: Chandelure|Pain Split|p2a: Stuu
|-sethp|p2a: Stuu|141\/394|p1a: Chandelure|141\/261|[from] move: Pain Split
|move|p2a: Stuu|Wish|p2a: Stuu
|
|-heal|p2a: Stuu|165\/394|[from] item: Leftovers
|turn|40
|
|switch|p1a: Hippowdon|Hippowdon, F|280\/420
|-damage|p1a: Hippowdon|254\/420|[from] Stealth Rock
|-weather|Sandstorm
|move|p2a: Stuu|Foul Play|p1a: Hippowdon
|-damage|p1a: Hippowdon|173\/420
|
|-weather|Sandstorm|[upkeep]
|-damage|p2a: Stuu|141\/394|[from] sandstorm
|-heal|p2a: Stuu|338\/394|[from] move: Wish|[wisher] Stuu
|-heal|p2a: Stuu|362\/394|[from] item: Leftovers
|-heal|p1a: Hippowdon|199\/420|[from] item: Leftovers
|turn|41
|
|move|p2a: Stuu|Wish|p2a: Stuu
|move|p1a: Hippowdon|Slack Off|p1a: Hippowdon
|-heal|p1a: Hippowdon|409\/420
|
|-weather|Sandstorm|[upkeep]
|-damage|p2a: Stuu|338\/394|[from] sandstorm
|-heal|p2a: Stuu|362\/394|[from] item: Leftovers
|-heal|p1a: Hippowdon|420\/420|[from] item: Leftovers
|turn|42
|
|switch|p2a: Mascot|Swampert, F|156\/401
|-damage|p2a: Mascot|131\/401|[from] Stealth Rock
|move|p1a: Hippowdon|Roar|p2a: Mascot
|drag|p2a: i'm nice|Tentacruel, M, shiny|164\/352
|-damage|p2a: i'm nice|120\/352|[from] Stealth Rock
|
|-weather|Sandstorm|[upkeep]
|-damage|p2a: i'm nice|98\/352|[from] sandstorm
|-heal|p2a: i'm nice|295\/352|[from] move: Wish|[wisher] Stuu
|-heal|p2a: i'm nice|317\/352|[from] item: Black Sludge
|turn|43
|
|switch|p2a: Beats by Dre|Hydreigon, F|326\/326
|-damage|p2a: Beats by Dre|286\/326|[from] Stealth Rock
|move|p1a: Hippowdon|Earthquake|p2a: Beats by Dre
|-immune|p2a: Beats by Dre|[msg]
|
|-weather|Sandstorm|[upkeep]
|-damage|p2a: Beats by Dre|266\/326|[from] sandstorm
|turn|44
|
|move|p2a: Beats by Dre|U-turn|p1a: Hippowdon
|-damage|p1a: Hippowdon|389\/420
|
|switch|p2a: Stuu|Umbreon, F|362\/394
|-damage|p2a: Stuu|313\/394|[from] Stealth Rock
|move|p1a: Hippowdon|Roar|p2a: Stuu
|drag|p2a: da champ|Machamp, F|344\/344
|-damage|p2a: da champ|323\/344|[from] Stealth Rock
|
|-weather|none
|-heal|p1a: Hippowdon|415\/420|[from] item: Leftovers
|turn|45
|
|move|p2a: da champ|Dynamic Punch|p1a: Hippowdon
|-damage|p1a: Hippowdon|285\/420
|-start|p1a: Hippowdon|confusion
|-activate|p1a: Hippowdon|confusion
|move|p1a: Hippowdon|Earthquake|p2a: da champ
|-damage|p2a: da champ|169\/344
|
|-heal|p1a: Hippowdon|311\/420|[from] item: Leftovers
|turn|46
|
|switch|p2a: Stuu|Umbreon, F|313\/394
|-damage|p2a: Stuu|264\/394|[from] Stealth Rock
|switch|p1a: Florges|Florges, F|211\/360
|-damage|p1a: Florges|166\/360|[from] Stealth Rock
|
|-heal|p1a: Florges|188\/360|[from] item: Leftovers
|-heal|p2a: Stuu|288\/394|[from] item: Leftovers
|turn|47
|
|move|p1a: Florges|Wish|p1a: Florges
|move|p2a: Stuu|Wish|p2a: Stuu
|
|-heal|p1a: Florges|210\/360|[from] item: Leftovers
|-heal|p2a: Stuu|312\/394|[from] item: Leftovers
|turn|48
|
|switch|p1a: Blastoise|Blastoise-Mega, M|165\/362 tox
|-damage|p1a: Blastoise|120\/362 tox|[from] Stealth Rock
|switch|p2a: Jirachi|Jirachi, shiny|320\/342
|-damage|p2a: Jirachi|299\/342|[from] Stealth Rock
|
|-heal|p1a: Blastoise|300\/362 tox|[from] move: Wish|[wisher] Florges
|-heal|p2a: Jirachi|342\/342|[from] move: Wish|[wisher] Stuu
|-damage|p1a: Blastoise|278\/362 tox|[from] psn
|turn|49
|
|switch|p2a: Stuu|Umbreon, F|312\/394
|-damage|p2a: Stuu|263\/394|[from] Stealth Rock
|move|p1a: Blastoise|Rapid Spin|p2a: Stuu
|-damage|p2a: Stuu|249\/394
|-sideend|p1: Beastly|Stealth Rock|[from] move: Rapid Spin|[of] p1a: Blastoise
|
|-heal|p2a: Stuu|273\/394|[from] item: Leftovers
|-damage|p1a: Blastoise|234\/362 tox|[from] psn
|turn|50
|
|switch|p1a: Toxicroak|Toxicroak, F|272\/308
|move|p2a: Stuu|Wish|p2a: Stuu
|
|-heal|p2a: Stuu|297\/394|[from] item: Leftovers
|turn|51
|
|switch|p2a: Jirachi|Jirachi, shiny|342\/342
|-damage|p2a: Jirachi|321\/342|[from] Stealth Rock
|move|p1a: Toxicroak|Drain Punch|p2a: Jirachi
|-damage|p2a: Jirachi|160\/342
|-heal|p1a: Toxicroak|308\/308|[from] drain|[of] p2a: Jirachi
|-damage|p1a: Toxicroak|278\/308|[from] item: Life Orb
|
|-heal|p2a: Jirachi|342\/342|[from] move: Wish|[wisher] Stuu
|turn|52
|
|switch|p1a: Hydreigon|Hydreigon, F|245\/325
|move|p2a: Jirachi|Moonblast|p1a: Hydreigon
|-supereffective|p1a: Hydreigon
|-damage|p1a: Hydreigon|0 fnt
|faint|p1a: Hydreigon
|
|
|switch|p1a: Chandelure|Chandelure, M|141\/261
|turn|53
|
|switch|p2a: Beats by Dre|Hydreigon, F|266\/326
|-damage|p2a: Beats by Dre|226\/326|[from] Stealth Rock
|move|p1a: Chandelure|Fire Blast|p2a: Beats by Dre
|-resisted|p2a: Beats by Dre
|-damage|p2a: Beats by Dre|86\/326
|-damage|p1a: Chandelure|115\/261|[from] item: Life Orb
|
|turn|54
|
|switch|p1a: Florges|Florges, F|210\/360
|move|p2a: Beats by Dre|U-turn|p1a: Florges
|-crit|p1a: Florges
|-resisted|p1a: Florges
|-damage|p1a: Florges|176\/360
|join|viaw
|
|switch|p2a: Jirachi|Jirachi, shiny|342\/342
|-damage|p2a: Jirachi|321\/342|[from] Stealth Rock
|
|-heal|p2a: Jirachi|342\/342|[from] item: Leftovers
|-heal|p1a: Florges|198\/360|[from] item: Leftovers
|turn|55
|
|switch|p1a: Hippowdon|Hippowdon, F|311\/420
|-weather|Sandstorm
|move|p2a: Jirachi|Psyshock|p1a: Hippowdon
|-damage|p1a: Hippowdon|235\/420
|
|-weather|Sandstorm|[upkeep]
|-heal|p1a: Hippowdon|261\/420|[from] item: Leftovers
|turn|56
|
|switch|p2a: Stuu|Umbreon, F|297\/394
|-damage|p2a: Stuu|248\/394|[from] Stealth Rock
|move|p1a: Hippowdon|Slack Off|p1a: Hippowdon
|-heal|p1a: Hippowdon|420\/420
|
|-weather|Sandstorm|[upkeep]
|-damage|p2a: Stuu|224\/394|[from] sandstorm
|-heal|p2a: Stuu|248\/394|[from] item: Leftovers
|turn|57
|
|switch|p1a: Toxicroak|Toxicroak, F|278\/308
|move|p2a: Stuu|Wish|p2a: Stuu
|
|-weather|Sandstorm|[upkeep]
|-damage|p1a: Toxicroak|259\/308|[from] sandstorm
|-damage|p2a: Stuu|224\/394|[from] sandstorm
|-heal|p2a: Stuu|248\/394|[from] item: Leftovers
|turn|58
|
|switch|p2a: Jirachi|Jirachi, shiny|342\/342
|-damage|p2a: Jirachi|321\/342|[from] Stealth Rock
|move|p1a: Toxicroak|Swords Dance|p1a: Toxicroak
|-boost|p1a: Toxicroak|atk|2
|
|-weather|Sandstorm|[upkeep]
|-damage|p1a: Toxicroak|240\/308|[from] sandstorm
|-heal|p2a: Jirachi|342\/342|[from] move: Wish|[wisher] Stuu
|turn|59
|
|move|p2a: Jirachi|Substitute|p2a: Jirachi
|-start|p2a: Jirachi|Substitute
|-damage|p2a: Jirachi|257\/342
|move|p1a: Toxicroak|Drain Punch|p2a: Jirachi
|-crit|p2a: Jirachi
|-end|p2a: Jirachi|Substitute
|-heal|p1a: Toxicroak|283\/308|[from] drain|[of] p2a: Jirachi
|-damage|p1a: Toxicroak|253\/308|[from] item: Life Orb
|
|-weather|none
|-heal|p2a: Jirachi|278\/342|[from] item: Leftovers
|turn|60
|
|move|p2a: Jirachi|Substitute|p2a: Jirachi
|-start|p2a: Jirachi|Substitute
|-damage|p2a: Jirachi|193\/342
|move|p1a: Toxicroak|Drain Punch|p2a: Jirachi
|-end|p2a: Jirachi|Substitute
|-heal|p1a: Toxicroak|296\/308|[from] drain|[of] p2a: Jirachi
|-damage|p1a: Toxicroak|266\/308|[from] item: Life Orb
|
|-heal|p2a: Jirachi|214\/342|[from] item: Leftovers
|turn|61
|
|move|p1a: Toxicroak|Sucker Punch|p2a: Jirachi
|-fail|p2a: Jirachi
|move|p2a: Jirachi|Substitute|p2a: Jirachi
|-start|p2a: Jirachi|Substitute
|-damage|p2a: Jirachi|129\/342
|
|-heal|p2a: Jirachi|150\/342|[from] item: Leftovers
|turn|62
|
|switch|p1a: Hippowdon|Hippowdon, F|420\/420
|-weather|Sandstorm
|move|p2a: Jirachi|Calm Mind|p2a: Jirachi
|-boost|p2a: Jirachi|spa|1
|-boost|p2a: Jirachi|spd|1
|
|-weather|Sandstorm|[upkeep]
|-heal|p2a: Jirachi|171\/342|[from] item: Leftovers
|turn|63
|
|move|p2a: Jirachi|Moonblast|p1a: Hippowdon
|-damage|p1a: Hippowdon|238\/420
|move|p1a: Hippowdon|Roar|p2a: Jirachi
|drag|p2a: Stuu|Umbreon, F|248\/394
|-damage|p2a: Stuu|199\/394|[from] Stealth Rock
|
|-weather|Sandstorm|[upkeep]
|-damage|p2a: Stuu|175\/394|[from] sandstorm
|-heal|p2a: Stuu|199\/394|[from] item: Leftovers
|-heal|p1a: Hippowdon|264\/420|[from] item: Leftovers
|turn|64
|
|switch|p1a: Toxicroak|Toxicroak, F|266\/308
|move|p2a: Stuu|Wish|p2a: Stuu
|
|-weather|Sandstorm|[upkeep]
|-damage|p1a: Toxicroak|247\/308|[from] sandstorm
|-damage|p2a: Stuu|175\/394|[from] sandstorm
|-heal|p2a: Stuu|199\/394|[from] item: Leftovers
|turn|65
|
|switch|p2a: Jirachi|Jirachi, shiny|171\/342
|-damage|p2a: Jirachi|150\/342|[from] Stealth Rock
|move|p1a: Toxicroak|Drain Punch|p2a: Jirachi
|-damage|p2a: Jirachi|0 fnt
|-heal|p1a: Toxicroak|308\/308|[from] drain|[of] p2a: Jirachi
|-damage|p1a: Toxicroak|278\/308|[from] item: Life Orb
|faint|p2a: Jirachi
|
|-weather|Sandstorm|[upkeep]
|-damage|p1a: Toxicroak|259\/308|[from] sandstorm
|
|switch|p2a: Mascot|Swampert, F|131\/401
|-damage|p2a: Mascot|106\/401|[from] Stealth Rock
|turn|66
|
|move|p1a: Toxicroak|Drain Punch|p2a: Mascot
|-damage|p2a: Mascot|0 fnt
|-heal|p1a: Toxicroak|308\/308|[from] drain|[of] p2a: Mascot
|-damage|p1a: Toxicroak|278\/308|[from] item: Life Orb
|faint|p2a: Mascot
|
|-weather|none
|c|âsniperaim|i kinda choked
|
|switch|p2a: Beats by Dre|Hydreigon, F|86\/326
|-damage|p2a: Beats by Dre|46\/326|[from] Stealth Rock
|turn|67
|
|move|p1a: Toxicroak|Sucker Punch|p2a: Beats by Dre
|-resisted|p2a: Beats by Dre
|-damage|p2a: Beats by Dre|0 fnt
|-damage|p1a: Toxicroak|248\/308|[from] item: Life Orb
|faint|p2a: Beats by Dre
|
|
|switch|p2a: da champ|Machamp, F|169\/344
|-damage|p2a: da champ|148\/344|[from] Stealth Rock
|turn|68
|
|move|p1a: Toxicroak|Drain Punch|p2a: da champ
|-damage|p2a: da champ|0 fnt
|-heal|p1a: Toxicroak|308\/308|[from] drain|[of] p2a: da champ
|-damage|p1a: Toxicroak|278\/308|[from] item: Life Orb
|faint|p2a: da champ
|
|c|âsniperaim|yea gg
|-message|sniperaim forfeited.
|
|win|Beastly
|c|âBeastly|finally croak came through
|c|âBeastly|gg
|leave|sniperaim
|player|p2