|join|sniperaim
|join|Bob the Bro
|player|p1|sniperaim|220
|player|p2|Bob the Bro|102
|gametype|singles
|gen|6
|tier|UU
|rule|Sleep Clause Mod: Limit one foe put to sleep
|rule|Species Clause: Limit one of each PokÃ©mon
|rule|OHKO Clause: OHKO moves are banned
|rule|Moody Clause: Moody is banned
|rule|Evasion Moves Clause: Evasion moves are banned
|rule|Endless Battle Clause: Forcing endless battles is banned
|rule|HP Percentage Mod: HP is shown in percentages
|clearpoke
|poke|p1|Yanmega, M
|poke|p1|Machamp, F
|poke|p1|Rotom-Heat
|poke|p1|Mienshao, M
|poke|p1|Forretress, F
|poke|p1|Jirachi, shiny
|poke|p2|Umbreon, F
|poke|p2|Arcanine, M
|poke|p2|Noivern, F
|poke|p2|Virizion
|poke|p2|Forretress, M
|poke|p2|Weezing, M
|rule|Swagger Clause: Swagger is banned
|rule|Baton Pass Clause: Limit one PokÃ©mon knowing Baton Pass
|teampreview
|c|âBob the Bro|my nigga
|c|âsniperaim|hi
|join|I<3Magikarp
|
|start
|switch|p1a: Ming-Shao|Mienshao, M|271\/271
|switch|p2a: Noivern|Noivern, F|311\/311
|turn|1
|
|switch|p2a: Weezing|Weezing, M|334\/334
|move|p1a: Ming-Shao|U-turn|p2a: Weezing
|-resisted|p2a: Weezing
|-damage|p2a: Weezing|307\/334
|
|switch|p1a: mit romney|Rotom-Heat|303\/303
|
|-heal|p2a: Weezing|327\/334|[from] item: Black Sludge
|turn|2
|
|move|p1a: mit romney|Volt Switch|p2a: Weezing
|-crit|p2a: Weezing
|-damage|p2a: Weezing|167\/334
|join|Not)Dad's Dad
|leave|I<3Magikarp
|
|switch|p1a: bnea|Forretress, F|354\/354
|move|p2a: Weezing|Toxic Spikes|p1a: bnea
|-sidestart|p1: sniperaim|move: Toxic Spikes
|
|-heal|p2a: Weezing|187\/334|[from] item: Black Sludge
|turn|3
|
|switch|p1a: mit romney|Rotom-Heat|303\/303
|move|p2a: Weezing|Will-O-Wisp|p1a: mit romney
|-fail|p1a: mit romney
|
|-heal|p2a: Weezing|207\/334|[from] item: Black Sludge
|turn|4
|
|switch|p2a: Umbreon|Umbreon, F|394\/394
|move|p1a: mit romney|Overheat|p2a: Umbreon
|-damage|p2a: Umbreon|304\/394
|-unboost|p1a: mit romney|spa|2
|
|-heal|p2a: Umbreon|328\/394|[from] item: Leftovers
|turn|5
|
|switch|p2a: Noivern|Noivern, F|311\/311
|move|p1a: mit romney|Volt Switch|p2a: Noivern
|-damage|p2a: Noivern|257\/311
|
|switch|p1a: bnea|Forretress, F|354\/354
|
|turn|6
|c| Not)Dad's Dad|Bob 6-0 this nerd plz
|
|move|p2a: Noivern|Flamethrower|p1a: bnea
|-supereffective|p1a: bnea
|-activate|p1a: bnea|Sturdy
|-damage|p1a: bnea|1\/354
|move|p1a: bnea|Rapid Spin|p2a: Noivern
|-damage|p2a: Noivern|239\/311
|-sideend|p1: sniperaim|Toxic Spikes|[from] move: Rapid Spin|[of] p1a: bnea
|
|-heal|p1a: bnea|23\/354|[from] item: Leftovers
|turn|7
|c|âBob the Bro|obviously
|
|switch|p1a: mit romney|Rotom-Heat|303\/303
|move|p2a: Noivern|Flamethrower|p1a: mit romney
|-resisted|p1a: mit romney
|-damage|p1a: mit romney|237\/303
|
|-heal|p1a: mit romney|255\/303|[from] item: Leftovers
|turn|8
|
|switch|p2a: Umbreon|Umbreon, F|328\/394
|move|p1a: mit romney|Volt Switch|p2a: Umbreon
|-damage|p2a: Umbreon|279\/394
|
|switch|p1a: Fisting|Machamp, F|344\/344
|
|-heal|p2a: Umbreon|303\/394|[from] item: Leftovers
|turn|9
|
|switch|p2a: Arcanine|Arcanine, M|380\/380
|-ability|p2a: Arcanine|Intimidate|[of] p1a: Fisting
|-unboost|p1a: Fisting|atk|1
|move|p1a: Fisting|Knock Off|p2a: Arcanine
|-damage|p2a: Arcanine|309\/380
|-enditem|p2a: Arcanine|Leftovers|[from] move: Knock Off|[of] p1a: Fisting
|
|turn|10
|
|switch|p2a: Forretress|Forretress, M|354\/354
|switch|p1a: mit romney|Rotom-Heat|255\/303
|
|-heal|p1a: mit romney|273\/303|[from] item: Leftovers
|turn|11
|
|switch|p2a: Umbreon|Umbreon, F|303\/394
|move|p1a: mit romney|Volt Switch|p2a: Umbreon
|-damage|p2a: Umbreon|255\/394
|join|I<3Magikarp
|
|switch|p1a: Fisting|Machamp, F|344\/344
|
|-heal|p2a: Umbreon|279\/394|[from] item: Leftovers
|turn|12
|
|switch|p2a: Forretress|Forretress, M|354\/354
|move|p1a: Fisting|Dynamic Punch|p2a: Forretress
|-damage|p2a: Forretress|212\/354
|-start|p2a: Forretress|confusion
|
|-heal|p2a: Forretress|234\/354|[from] item: Leftovers
|turn|13
|
|switch|p1a: bnea|Forretress, F|23\/354
|-activate|p2a: Forretress|confusion
|-damage|p2a: Forretress|212\/354|[from] confusion
|
|-heal|p2a: Forretress|234\/354|[from] item: Leftovers
|-heal|p1a: bnea|45\/354|[from] item: Leftovers
|turn|14
|
|-activate|p2a: Forretress|confusion
|move|p2a: Forretress|Volt Switch|p1a: bnea
|-damage|p1a: bnea|7\/354
|
|switch|p2a: Noivern|Noivern, F|239\/311
|move|p1a: bnea|Stealth Rock|p2a: Noivern
|-sidestart|p2: Bob the Bro|move: Stealth Rock
|
|-heal|p1a: bnea|29\/354|[from] item: Leftovers
|turn|15
|
|move|p2a: Noivern|Switcheroo|p1a: bnea
|-activate|p2a: Noivern|move: Trick|[of] p1a: bnea
|-item|p1a: bnea|Choice Specs|[from] Trick
|-item|p2a: Noivern|Leftovers|[from] Trick
|move|p1a: bnea|Volt Switch|p2a: Noivern
|-damage|p2a: Noivern|175\/311
|c| I<3Magikarp|specs volt switch
|c| I<3Magikarp|nb
|
|switch|p1a: Ming-Shao|Mienshao, M|271\/271
|
|-heal|p2a: Noivern|194\/311|[from] item: Leftovers
|turn|16
|
|move|p1a: Ming-Shao|U-turn|p2a: Noivern
|-resisted|p2a: Noivern
|-damage|p2a: Noivern|149\/311
|
|switch|p1a: bnea|Forretress, F|29\/354
|move|p2a: Noivern|Draco Meteor|p1a: bnea
|-resisted|p1a: bnea
|-damage|p1a: bnea|0 fnt
|-unboost|p2a: Noivern|spa|2
|faint|p1a: bnea
|
|-heal|p2a: Noivern|168\/311|[from] item: Leftovers
|
|switch|p1a: mit romney|Rotom-Heat|273\/303
|turn|17
|
|move|p2a: Noivern|U-turn|p1a: mit romney
|-resisted|p1a: mit romney
|-damage|p1a: mit romney|261\/303
|
|switch|p2a: Umbreon|Umbreon, F|279\/394
|-damage|p2a: Umbreon|230\/394|[from] Stealth Rock
|move|p1a: mit romney|Volt Switch|p2a: Umbreon
|-damage|p2a: Umbreon|178\/394
|
|switch|p1a: I need a mega|Yanmega, M|313\/313
|
|-heal|p2a: Umbreon|202\/394|[from] item: Leftovers
|turn|18
|
|move|p2a: Umbreon|Protect|p2a: Umbreon
|-singleturn|p2a: Umbreon|Protect
|move|p1a: I need a mega|Bug Buzz|p2a: Umbreon
|-activate|p2a: Umbreon|Protect
|
|-heal|p2a: Umbreon|226\/394|[from] item: Leftovers
|-boost|p1a: I need a mega|spe|1|[from] ability: Speed Boost
|turn|19
|c|âBob the Bro|oh
|c|âBob the Bro|fk
|c|âsniperaim|yes
|
|move|p1a: I need a mega|Bug Buzz|p2a: Umbreon
|-supereffective|p2a: Umbreon
|-damage|p2a: Umbreon|0 fnt
|-damage|p1a: I need a mega|282\/313|[from] item: Life Orb
|faint|p2a: Umbreon
|
|-boost|p1a: I need a mega|spe|1|[from] ability: Speed Boost
|
|switch|p2a: Forretress|Forretress, M|234\/354
|-damage|p2a: Forretress|190\/354|[from] Stealth Rock
|turn|20
|
|move|p1a: I need a mega|Air Slash|p2a: Forretress
|-damage|p2a: Forretress|9\/354
|-damage|p1a: I need a mega|251\/313|[from] item: Life Orb
|move|p2a: Forretress|Toxic|p1a: I need a mega
|-status|p1a: I need a mega|tox
|
|-heal|p2a: Forretress|31\/354|[from] item: Leftovers
|-damage|p1a: I need a mega|232\/313 tox|[from] psn
|-boost|p1a: I need a mega|spe|1|[from] ability: Speed Boost
|turn|21
|
|move|p1a: I need a mega|Bug Buzz|p2a: Forretress
|-resisted|p2a: Forretress
|-damage|p2a: Forretress|0 fnt
|-damage|p1a: I need a mega|201\/313 tox|[from] item: Life Orb
|faint|p2a: Forretress
|
|-damage|p1a: I need a mega|163\/313 tox|[from] psn
|-boost|p1a: I need a mega|spe|1|[from] ability: Speed Boost
|
|switch|p2a: Arcanine|Arcanine, M|309\/380
|-damage|p2a: Arcanine|214\/380|[from] Stealth Rock
|-ability|p2a: Arcanine|Intimidate|[of] p1a: I need a mega
|-unboost|p1a: I need a mega|atk|1
|turn|22
|
|move|p1a: I need a mega|Air Slash|p2a: Arcanine
|-damage|p2a: Arcanine|0 fnt
|-damage|p1a: I need a mega|132\/313 tox|[from] item: Life Orb
|faint|p2a: Arcanine
|
|-damage|p1a: I need a mega|75\/313 tox|[from] psn
|-boost|p1a: I need a mega|spe|1|[from] ability: Speed Boost
|
|switch|p2a: Noivern|Noivern, F|168\/311
|-damage|p2a: Noivern|91\/311|[from] Stealth Rock
|turn|23
|
|move|p1a: I need a mega|Psychic|p2a: Noivern
|-damage|p2a: Noivern|0 fnt
|-damage|p1a: I need a mega|44\/313 tox|[from] item: Life Orb
|faint|p2a: Noivern
|
|-damage|p1a: I need a mega|0 fnt|[from] psn
|faint|p1a: I need a mega
|
|switch|p1a: HAX LORD|Jirachi, shiny|342\/342
|switch|p2a: Weezing|Weezing, M|207\/334
|-damage|p2a: Weezing|166\/334|[from] Stealth Rock
|turn|24
|
|move|p1a: HAX LORD|Substitute|p1a: HAX LORD
|-start|p1a: HAX LORD|Substitute
|-damage|p1a: HAX LORD|257\/342
|move|p2a: Weezing|Toxic Spikes|p1a: HAX LORD
|-sidestart|p1: sniperaim|move: Toxic Spikes
|
|-heal|p1a: HAX LORD|278\/342|[from] item: Leftovers
|-heal|p2a: Weezing|186\/334|[from] item: Black Sludge
|turn|25
|
|move|p1a: HAX LORD|Psyshock|p2a: Weezing
|-supereffective|p2a: Weezing
|-damage|p2a: Weezing|42\/334
|move|p2a: Weezing|Flamethrower|p1a: HAX LORD
|-supereffective|p1a: HAX LORD
|-end|p1a: HAX LORD|Substitute
|
|-heal|p1a: HAX LORD|299\/342|[from] item: Leftovers
|-heal|p2a: Weezing|62\/334|[from] item: Black Sludge
|turn|26
|
|move|p1a: HAX LORD|Psyshock|p2a: Weezing
|-supereffective|p2a: Weezing
|-damage|p2a: Weezing|0 fnt
|faint|p2a: Weezing
|
|-heal|p1a: HAX LORD|320\/342|[from] item: Leftovers
|
|switch|p2a: Virizion|Virizion|323\/323
|-damage|p2a: Virizion|303\/323|[from] Stealth Rock
|turn|27
|
|move|p2a: Virizion|Swords Dance|p2a: Virizion
|-boost|p2a: Virizion|atk|2
|move|p1a: HAX LORD|Psyshock|p2a: Virizion
|-supereffective|p2a: Virizion
|-damage|p2a: Virizion|7\/323
|
|-heal|p1a: HAX LORD|341\/342|[from] item: Leftovers
|turn|28
|
|move|p2a: Virizion|Close Combat|p1a: HAX LORD
|-crit|p1a: HAX LORD
|-damage|p1a: HAX LORD|0 fnt
|-unboost|p2a: Virizion|def|1
|-unboost|p2a: Virizion|spd|1
|faint|p1a: HAX LORD
|
|
|switch|p1a: Ming-Shao|Mienshao, M|271\/271
|-status|p1a: Ming-Shao|psn
|turn|29
|c|âBob the Bro|miss hjk y\/n?
|
|move|p1a: Ming-Shao|U-turn|p2a: Virizion
|-damage|p2a: Virizion|0 fnt
|faint|p2a: Virizion
|
|win|sniperaim
|c|âsniperaim|y
|c|âsniperaim|gg
|c|âBob the Bro|g
|c|âBob the Bro|g