|join|kokoloko
|join|sniperaim
|player|p1|kokoloko|169
|player|p2|sniperaim|220
|gametype|singles
|gen|6
|tier|UU
|rated
|rule|Sleep Clause Mod: Limit one foe put to sleep
|rule|Species Clause: Limit one of each PokÃ©mon
|rule|OHKO Clause: OHKO moves are banned
|rule|Moody Clause: Moody is banned
|rule|Evasion Moves Clause: Evasion moves are banned
|rule|Endless Battle Clause: Forcing endless battles is banned
|rule|HP Percentage Mod: HP is shown in percentages
|clearpoke
|poke|p1|Pidgeot, M
|poke|p1|Starmie
|poke|p1|Krookodile, M
|poke|p1|Crobat, M
|poke|p1|Whimsicott, F
|poke|p1|Jirachi
|poke|p2|Zygarde
|poke|p2|Ampharos, F
|poke|p2|Uxie
|poke|p2|Jirachi
|poke|p2|Suicune
|poke|p2|Gligar, M
|rule|Swagger Clause: Swagger is banned
|rule|Baton Pass Clause: Limit one PokÃ©mon knowing Baton Pass
|teampreview
|c|âsniperaim|ahh
|
|start
|switch|p1a: Pidgeot|Pidgeot, M|307\/307
|switch|p2a: Suicunenite|Suicune|356\/356
|-ability|p2a: Suicunenite|Pressure
|turn|1
|
|switch|p2a: Dont use dark|Uxie|354\/354
|detailschange|p1a: Pidgeot|Pidgeot-Mega, M
|message|Pidgeot has Mega Evolved into Mega Pidgeot!
|move|p1a: Pidgeot|Hurricane|p2a: Dont use dark
|-damage|p2a: Dont use dark|225\/354
|
|-heal|p2a: Dont use dark|247\/354|[from] item: Leftovers
|turn|2
|
|move|p1a: Pidgeot|Hurricane|p2a: Dont use dark
|-damage|p2a: Dont use dark|127\/354
|-start|p2a: Dont use dark|confusion
|-activate|p2a: Dont use dark|confusion
|move|p2a: Dont use dark|U-turn|p1a: Pidgeot
|-resisted|p1a: Pidgeot
|-damage|p1a: Pidgeot|282\/307
|
|switch|p2a: My hair tho|Ampharos, F|350\/350
|
|turn|3
|
|switch|p1a: Whimsicott|Whimsicott, F|323\/323
|detailschange|p2a: My hair tho|Ampharos-Mega, F
|message|Ampharos has Mega Evolved into Mega Ampharos!
|-ability|p2a: My hair tho|Mold Breaker
|move|p2a: My hair tho|Volt Switch|p1a: Whimsicott
|-resisted|p1a: Whimsicott
|-damage|p1a: Whimsicott|218\/323
|
|switch|p2a: Lmao I'm cancer|Jirachi|342\/342
|
|-heal|p1a: Whimsicott|238\/323|[from] item: Leftovers
|turn|4
|
|move|p2a: Lmao I'm cancer|U-turn|p1a: Whimsicott
|-damage|p1a: Whimsicott|179\/323
|
|switch|p2a: Dont use dark|Uxie|127\/354
|move|p1a: Whimsicott|U-turn|p2a: Dont use dark
|-supereffective|p2a: Dont use dark
|-damage|p2a: Dont use dark|61\/354
|
|switch|p1a: Krookodile|Krookodile, M|331\/331
|-ability|p1a: Krookodile|Intimidate|[of] p2a: Dont use dark
|-unboost|p2a: Dont use dark|atk|1
|
|-heal|p2a: Dont use dark|83\/354|[from] item: Leftovers
|turn|5
|
|move|p1a: Krookodile|Pursuit|p2a: Dont use dark
|-supereffective|p2a: Dont use dark
|-damage|p2a: Dont use dark|0 fnt
|faint|p2a: Dont use dark
|
|
|switch|p2a: Suicunenite|Suicune|356\/356
|-ability|p2a: Suicunenite|Pressure
|turn|6
|
|move|p1a: Krookodile|Stealth Rock|p2a: Suicunenite
|-sidestart|p2: sniperaim|move: Stealth Rock
|move|p2a: Suicunenite|Ice Beam|p1a: Krookodile
|-crit|p1a: Krookodile
|-supereffective|p1a: Krookodile
|-damage|p1a: Krookodile|0 fnt
|faint|p1a: Krookodile
|
|c|âkokoloko|zzzz
|
|switch|p1a: Pidgeot|Pidgeot-Mega, M|282\/307
|turn|7
|join|ablert enistein
|c|âsniperaim|sry dude
|c| ablert enistein|no offense shit aim
|c|âsniperaim|lol
|c| ablert enistein|but i hope kokoloko beats ur sorry ass
|
|switch|p2a: Guess what i eat|Gligar, M|333\/333
|-damage|p2a: Guess what i eat|292\/333|[from] Stealth Rock
|move|p1a: Pidgeot|Hurricane|p2a: Guess what i eat
|-damage|p2a: Guess what i eat|142\/333
|
|turn|8
|c| ablert enistein|lol nice switch in fgt boi
|
|move|p1a: Pidgeot|Hurricane|p2a: Guess what i eat
|-damage|p2a: Guess what i eat|13\/333
|move|p2a: Guess what i eat|Defog|p1a: Pidgeot
|-unboost|p1a: Pidgeot|evasion|1
|-sideend|p2: sniperaim|Stealth Rock|[from] move: Defog|[of] p2a: Guess what i eat
|
|turn|9
|c| ablert enistein|OFC
|c|âkokoloko|come on
|c|âkokoloko|r u srs
|c|âsniperaim|lmao
|
|move|p1a: Pidgeot|U-turn|p2a: Guess what i eat
|-resisted|p2a: Guess what i eat
|-damage|p2a: Guess what i eat|1\/333
|c| ablert enistein|fkn sniperaim always lucking out like a little bitch
|c|âsniperaim|these rolls
|
|switch|p1a: Starmie|Starmie|323\/323
|move|p2a: Guess what i eat|U-turn|p1a: Starmie
|-crit|p1a: Starmie
|-supereffective|p1a: Starmie
|-damage|p1a: Starmie|175\/323
|c| ablert enistein|this looks like some deus ex machina shit
|c| ablert enistein|OFC!
|
|switch|p2a: Lmao I'm cancer|Jirachi|342\/342
|
|-heal|p1a: Starmie|195\/323|[from] item: Leftovers
|turn|10
|c| ablert enistein|why are u so lucky
|c|âsniperaim|dont blame me
|c|âsniperaim|blame rng
|
|move|p2a: Lmao I'm cancer|U-turn|p1a: Starmie
|-supereffective|p1a: Starmie
|-damage|p1a: Starmie|49\/323
|
|switch|p2a: Guess what i eat|Gligar, M|1\/333
|move|p1a: Starmie|Recover|p1a: Starmie
|-heal|p1a: Starmie|211\/323
|
|-heal|p1a: Starmie|231\/323|[from] item: Leftovers
|turn|11
|c| ablert enistein|dont u always blame me when i get lucky?
|
|switch|p2a: My hair tho|Ampharos-Mega, F|350\/350
|-ability|p2a: My hair tho|Mold Breaker
|move|p1a: Starmie|Scald|p2a: My hair tho
|-resisted|p2a: My hair tho
|-damage|p2a: My hair tho|304\/350
|
|-heal|p1a: Starmie|251\/323|[from] item: Leftovers
|turn|12
|
|switch|p1a: Jirachi|Jirachi|341\/341
|move|p2a: My hair tho|Volt Switch|p1a: Jirachi
|-damage|p1a: Jirachi|191\/341
|
|switch|p2a: High Guard|Zygarde|404\/404
|-ability|p2a: High Guard|Aura Break
|
|turn|13
|join|namehtmas
|
|switch|p2a: Lmao I'm cancer|Jirachi|342\/342
|move|p1a: Jirachi|U-turn|p2a: Lmao I'm cancer
|-damage|p2a: Lmao I'm cancer|276\/342
|
|switch|p1a: Starmie|Starmie|251\/323
|
|-heal|p1a: Starmie|271\/323|[from] item: Leftovers
|turn|14
|
|move|p2a: Lmao I'm cancer|U-turn|p1a: Starmie
|-supereffective|p1a: Starmie
|-damage|p1a: Starmie|111\/323
|
|switch|p2a: My hair tho|Ampharos-Mega, F|304\/350
|-ability|p2a: My hair tho|Mold Breaker
|move|p1a: Starmie|Scald|p2a: My hair tho
|-resisted|p2a: My hair tho
|-damage|p2a: My hair tho|264\/350
|
|-heal|p1a: Starmie|131\/323|[from] item: Leftovers
|turn|15
|
|switch|p1a: Jirachi|Jirachi|191\/341
|move|p2a: My hair tho|Volt Switch|p1a: Jirachi
|-damage|p1a: Jirachi|20\/341
|c|âkokoloko|krook would be kinda useful now!
|
|switch|p2a: Lmao I'm cancer|Jirachi|276\/342
|
|turn|16
|
|switch|p1a: Crobat|Crobat, M|373\/373
|move|p2a: Lmao I'm cancer|U-turn|p1a: Crobat
|-resisted|p1a: Crobat
|-damage|p1a: Crobat|355\/373
|c|âsniperaim|lil bit
|
|switch|p2a: My hair tho|Ampharos-Mega, F|264\/350
|-ability|p2a: My hair tho|Mold Breaker
|
|turn|17
|c| ablert enistein|im srry hes so lucky koko
|c| ablert enistein|:[
|c|âsniperaim|im just volt turning at this point
|
|move|p1a: Crobat|U-turn|p2a: My hair tho
|-damage|p2a: My hair tho|212\/350
|c|âkokoloko|thanks for the info man
|c| ablert enistein|no one asked
|
|switch|p1a: Whimsicott|Whimsicott, F|179\/323
|move|p2a: My hair tho|Volt Switch|p1a: Whimsicott
|-resisted|p1a: Whimsicott
|-damage|p1a: Whimsicott|72\/323
|
|switch|p2a: Lmao I'm cancer|Jirachi|276\/342
|
|-heal|p1a: Whimsicott|92\/323|[from] item: Leftovers
|turn|18
|
|switch|p1a: Crobat|Crobat, M|355\/373
|move|p2a: Lmao I'm cancer|U-turn|p1a: Crobat
|-resisted|p1a: Crobat
|-damage|p1a: Crobat|336\/373
|join|waivfu
|
|switch|p2a: My hair tho|Ampharos-Mega, F|212\/350
|-ability|p2a: My hair tho|Mold Breaker
|
|turn|19
|
|move|p1a: Crobat|U-turn|p2a: My hair tho
|-damage|p2a: My hair tho|167\/350
|join|orangetomatoes
|
|switch|p1a: Jirachi|Jirachi|20\/341
|move|p2a: My hair tho|Volt Switch|p1a: Jirachi
|-damage|p1a: Jirachi|0 fnt
|faint|p1a: Jirachi
|
|switch|p2a: Lmao I'm cancer|Jirachi|276\/342
|
|
|switch|p1a: Crobat|Crobat, M|336\/373
|turn|20
|
|move|p2a: Lmao I'm cancer|Zen Headbutt|p1a: Crobat
|-supereffective|p1a: Crobat
|-damage|p1a: Crobat|84\/373
|move|p1a: Crobat|U-turn|p2a: Lmao I'm cancer
|-damage|p2a: Lmao I'm cancer|230\/342
|
|switch|p1a: Starmie|Starmie|131\/323
|
|-heal|p1a: Starmie|151\/323|[from] item: Leftovers
|turn|21
|
|switch|p2a: Guess what i eat|Gligar, M|1\/333
|move|p1a: Starmie|Ice Beam|p2a: Guess what i eat
|-supereffective|p2a: Guess what i eat
|-damage|p2a: Guess what i eat|0 fnt
|faint|p2a: Guess what i eat
|
|-heal|p1a: Starmie|171\/323|[from] item: Leftovers
|
|switch|p2a: Lmao I'm cancer|Jirachi|230\/342
|turn|22
|
|move|p2a: Lmao I'm cancer|U-turn|p1a: Starmie
|-supereffective|p1a: Starmie
|-damage|p1a: Starmie|23\/323
|
|switch|p2a: Suicunenite|Suicune|356\/356
|-ability|p2a: Suicunenite|Pressure
|move|p1a: Starmie|Recover|p1a: Starmie
|-heal|p1a: Starmie|185\/323
|
|-heal|p1a: Starmie|205\/323|[from] item: Leftovers
|turn|23
|
|move|p1a: Starmie|Scald|p2a: Suicunenite
|-resisted|p2a: Suicunenite
|-damage|p2a: Suicunenite|311\/356
|move|p2a: Suicunenite|Calm Mind|p2a: Suicunenite
|-boost|p2a: Suicunenite|spa|1
|-boost|p2a: Suicunenite|spd|1
|
|-heal|p1a: Starmie|225\/323|[from] item: Leftovers
|-heal|p2a: Suicunenite|333\/356|[from] item: Leftovers
|turn|24
|join|xShiba
|c| ablert enistein|what are these terrible nicknames
|
|move|p1a: Starmie|Scald|p2a: Suicunenite
|-resisted|p2a: Suicunenite
|-damage|p2a: Suicunenite|306\/356
|move|p2a: Suicunenite|Scald|p1a: Starmie
|-resisted|p1a: Starmie
|-damage|p1a: Starmie|122\/323
|
|-heal|p1a: Starmie|142\/323|[from] item: Leftovers
|-heal|p2a: Suicunenite|328\/356|[from] item: Leftovers
|turn|25
|
|switch|p1a: Whimsicott|Whimsicott, F|92\/323
|move|p2a: Suicunenite|Substitute|p2a: Suicunenite
|-start|p2a: Suicunenite|Substitute
|-damage|p2a: Suicunenite|239\/356
|
|-heal|p1a: Whimsicott|112\/323|[from] item: Leftovers
|-heal|p2a: Suicunenite|261\/356|[from] item: Leftovers
|turn|26
|
|switch|p2a: Lmao I'm cancer|Jirachi|230\/342
|move|p1a: Whimsicott|U-turn|p2a: Lmao I'm cancer
|-damage|p2a: Lmao I'm cancer|188\/342
|
|switch|p1a: Starmie|Starmie|142\/323
|
|-heal|p1a: Starmie|162\/323|[from] item: Leftovers
|turn|27
|leave|xShiba
|
|move|p2a: Lmao I'm cancer|U-turn|p1a: Starmie
|-supereffective|p1a: Starmie
|-damage|p1a: Starmie|4\/323
|
|switch|p2a: Suicunenite|Suicune|261\/356
|-ability|p2a: Suicunenite|Pressure
|move|p1a: Starmie|Recover|p1a: Starmie
|-heal|p1a: Starmie|166\/323
|
|-heal|p1a: Starmie|186\/323|[from] item: Leftovers
|-heal|p2a: Suicunenite|283\/356|[from] item: Leftovers
|turn|28
|
|move|p1a: Starmie|Scald|p2a: Suicunenite
|-resisted|p2a: Suicunenite
|-damage|p2a: Suicunenite|243\/356
|move|p2a: Suicunenite|Calm Mind|p2a: Suicunenite
|-boost|p2a: Suicunenite|spa|1
|-boost|p2a: Suicunenite|spd|1
|
|-heal|p1a: Starmie|206\/323|[from] item: Leftovers
|-heal|p2a: Suicunenite|265\/356|[from] item: Leftovers
|turn|29
|
|move|p1a: Starmie|Scald|p2a: Suicunenite
|-resisted|p2a: Suicunenite
|-damage|p2a: Suicunenite|237\/356
|move|p2a: Suicunenite|Substitute|p2a: Suicunenite
|-start|p2a: Suicunenite|Substitute
|-damage|p2a: Suicunenite|148\/356
|
|-heal|p1a: Starmie|226\/323|[from] item: Leftovers
|-heal|p2a: Suicunenite|170\/356|[from] item: Leftovers
|turn|30
|
|move|p1a: Starmie|Scald|p2a: Suicunenite
|-resisted|p2a: Suicunenite
|-activate|p2a: Suicunenite|Substitute|[damage]
|move|p2a: Suicunenite|Scald|p1a: Starmie
|-resisted|p1a: Starmie
|-damage|p1a: Starmie|116\/323
|
|-heal|p1a: Starmie|136\/323|[from] item: Leftovers
|-heal|p2a: Suicunenite|192\/356|[from] item: Leftovers
|turn|31
|
|move|p1a: Starmie|Recover|p1a: Starmie
|-heal|p1a: Starmie|298\/323
|move|p2a: Suicunenite|Scald|p1a: Starmie
|-resisted|p1a: Starmie
|-damage|p1a: Starmie|200\/323
|
|-heal|p1a: Starmie|220\/323|[from] item: Leftovers
|-heal|p2a: Suicunenite|214\/356|[from] item: Leftovers
|turn|32
|
|move|p1a: Starmie|Scald|p2a: Suicunenite
|-resisted|p2a: Suicunenite
|-activate|p2a: Suicunenite|Substitute|[damage]
|move|p2a: Suicunenite|Calm Mind|p2a: Suicunenite
|-boost|p2a: Suicunenite|spa|1
|-boost|p2a: Suicunenite|spd|1
|
|-heal|p1a: Starmie|240\/323|[from] item: Leftovers
|-heal|p2a: Suicunenite|236\/356|[from] item: Leftovers
|turn|33
|c|âkokoloko|yeah w\/e
|c|âkokoloko|totally deserved win bro
|c|âkokoloko|u got me
|
|move|p1a: Starmie|Scald|p2a: Suicunenite
|-resisted|p2a: Suicunenite
|-activate|p2a: Suicunenite|Substitute|[damage]
|move|p2a: Suicunenite|Substitute|p2a: Suicunenite
|-fail|p2a: Suicunenite|move: Substitute
|
|-heal|p1a: Starmie|260\/323|[from] item: Leftovers
|-heal|p2a: Suicunenite|258\/356|[from] item: Leftovers
|turn|34
|join|VBD OTR
|
|switch|p1a: Whimsicott|Whimsicott, F|112\/323
|move|p2a: Suicunenite|Substitute|p2a: Suicunenite
|-fail|p2a: Suicunenite|move: Substitute
|
|-heal|p1a: Whimsicott|132\/323|[from] item: Leftovers
|-heal|p2a: Suicunenite|280\/356|[from] item: Leftovers
|turn|35
|join|LiberalLucario
|
|move|p1a: Whimsicott|Encore|p2a: Suicunenite
|-start|p2a: Suicunenite|Encore
|move|p2a: Suicunenite|Substitute|p2a: Suicunenite
|-fail|p2a: Suicunenite|move: Substitute
|
|-heal|p1a: Whimsicott|152\/323|[from] item: Leftovers
|-heal|p2a: Suicunenite|302\/356|[from] item: Leftovers
|turn|36
|c|âsniperaim|ok
|
|move|p1a: Whimsicott|U-turn|p2a: Suicunenite
|-end|p2a: Suicunenite|Substitute
|
|switch|p1a: Pidgeot|Pidgeot-Mega, M|282\/307
|move|p2a: Suicunenite|Substitute|p2a: Suicunenite
|-start|p2a: Suicunenite|Substitute
|-damage|p2a: Suicunenite|213\/356
|
|-heal|p2a: Suicunenite|235\/356|[from] item: Leftovers
|turn|37
|
|move|p1a: Pidgeot|Hurricane|p2a: Suicunenite
|-activate|p2a: Suicunenite|Substitute|[damage]
|move|p2a: Suicunenite|Substitute|p2a: Suicunenite
|-fail|p2a: Suicunenite|move: Substitute
|
|-heal|p2a: Suicunenite|257\/356|[from] item: Leftovers
|-end|p2a: Suicunenite|Encore
|turn|38
|
|move|p1a: Pidgeot|U-turn|p2a: Suicunenite
|-end|p2a: Suicunenite|Substitute
|c|âkokoloko|oh oops
|
|switch|p1a: Whimsicott|Whimsicott, F|152\/323
|move|p2a: Suicunenite|Ice Beam|p1a: Whimsicott
|-supereffective|p1a: Whimsicott
|-damage|p1a: Whimsicott|0 fnt
|faint|p1a: Whimsicott
|
|-heal|p2a: Suicunenite|279\/356|[from] item: Leftovers
|-message|kokoloko forfeited.
|
|win|sniperaim
|raw|Ladder updating...
|leave|kokoloko
|player|p1
|raw|kokoloko's rating: 1517 &rarr; <strong>1498<\/strong><br \/>(-19 for losing)
|raw|sniperaim's rating: 1542 &rarr; <strong>1561<\/strong><br \/>(+19 for winning)
|leave|sniperaim
|player|p2
|leave|VBD OTR
|leave|waivfu
|leave|ablert enistein
|leave|orangetomatoes
|leave|LiberalLucario
|join|watfor
|join|captain fuccboi420
|leave|captain fuccboi420
|leave|watfor
|join|watfor
|leave|watfor
|join|NAMETHESAM