|join|sniperaim
|join|who is dadsdad
|player|p1|sniperaim|220
|player|p2|who is dadsdad|108
|gametype|singles
|gen|6
|tier|UU
|rule|Sleep Clause Mod: Limit one foe put to sleep
|rule|Species Clause: Limit one of each PokÃ©mon
|rule|OHKO Clause: OHKO moves are banned
|rule|Moody Clause: Moody is banned
|rule|Evasion Moves Clause: Evasion moves are banned
|rule|Endless Battle Clause: Forcing endless battles is banned
|rule|HP Percentage Mod: HP is shown in percentages
|clearpoke
|poke|p1|Lopunny, F
|poke|p1|Jirachi
|poke|p1|Swampert, F
|poke|p1|Doublade, M
|poke|p1|Raikou, shiny
|poke|p1|Tentacruel, F
|poke|p2|Mienshao, F
|poke|p2|Jirachi
|poke|p2|Gligar, M
|poke|p2|Vaporeon, F
|poke|p2|Ampharos, F
|poke|p2|Whimsicott, M
|rule|Swagger Clause: Swagger is banned
|rule|Baton Pass Clause: Limit one PokÃ©mon knowing Baton Pass
|teampreview
|c|âwho is dadsdad|lol nice counter
|c|âsniperaim|ty
|c|âwho is dadsdad|cancer*
|c|âsniperaim|:)
|
|start
|switch|p1a: Tentacruel|Tentacruel, F|364\/364
|switch|p2a: kunta kinte|Whimsicott, M|261\/261
|turn|1
|c|âwho is dadsdad|this is u
|
|move|p2a: kunta kinte|U-turn|p1a: Tentacruel
|-resisted|p1a: Tentacruel
|-damage|p1a: Tentacruel|343\/364
|
|switch|p2a: daenerys targaryen|Ampharos, F|369\/369
|move|p1a: Tentacruel|Toxic Spikes|p2a: daenerys targaryen
|-sidestart|p2: who is dadsdad|move: Toxic Spikes
|
|-heal|p1a: Tentacruel|364\/364|[from] item: Black Sludge
|turn|2
|
|detailschange|p2a: daenerys targaryen|Ampharos-Mega, F
|message|Ampharos has Mega Evolved into Mega Ampharos!
|-ability|p2a: daenerys targaryen|Mold Breaker
|move|p1a: Tentacruel|Scald|p2a: daenerys targaryen
|-resisted|p2a: daenerys targaryen
|-damage|p2a: daenerys targaryen|331\/369
|move|p2a: daenerys targaryen|Volt Switch|p1a: Tentacruel
|-supereffective|p1a: Tentacruel
|-damage|p1a: Tentacruel|158\/364
|
|switch|p2a: hitlers fren|Jirachi|341\/341
|
|-heal|p1a: Tentacruel|180\/364|[from] item: Black Sludge
|turn|3
|c|âsniperaim|ate it up
|
|switch|p1a: Swampert|Swampert, F|401\/401
|move|p2a: hitlers fren|Stealth Rock|p1a: Swampert
|-sidestart|p1: sniperaim|move: Stealth Rock
|
|turn|4
|
|move|p2a: hitlers fren|Ice Punch|p1a: Swampert
|-damage|p1a: Swampert|345\/401
|move|p1a: Swampert|Stealth Rock|p2a: hitlers fren
|-sidestart|p2: who is dadsdad|move: Stealth Rock
|
|-heal|p1a: Swampert|370\/401|[from] item: Leftovers
|turn|5
|c|âwho is dadsdad|lol hax
|
|move|p2a: hitlers fren|U-turn|p1a: Swampert
|-damage|p1a: Swampert|311\/401
|
|switch|p2a: bruce wayne|Gligar, M|333\/333
|-damage|p2a: bruce wayne|292\/333|[from] Stealth Rock
|move|p1a: Swampert|Earthquake|p2a: bruce wayne
|-immune|p2a: bruce wayne|[msg]
|
|-heal|p1a: Swampert|336\/401|[from] item: Leftovers
|turn|6
|c|âsniperaim|kek
|
|move|p2a: bruce wayne|Defog|p1a: Swampert
|-unboost|p1a: Swampert|evasion|1
|-sideend|p1: sniperaim|Stealth Rock|[from] move: Defog|[of] p1a: Swampert
|-sideend|p2: who is dadsdad|Toxic Spikes|[from] move: Defog|[of] p2a: bruce wayne
|-sideend|p2: who is dadsdad|Stealth Rock|[from] move: Defog|[of] p2a: bruce wayne
|move|p1a: Swampert|Scald|p2a: bruce wayne
|-supereffective|p2a: bruce wayne
|-damage|p2a: bruce wayne|188\/333
|-status|p2a: bruce wayne|brn
|
|-heal|p1a: Swampert|361\/401|[from] item: Leftovers
|-damage|p2a: bruce wayne|147\/333 brn|[from] brn
|turn|7
|c|âwho is dadsdad|me not freezing u is
|c|âwho is dadsdad|hax wtf
|c|âwho is dadsdad|OF COURSE
|c|âsniperaim|easy
|
|move|p2a: bruce wayne|U-turn|p1a: Swampert
|-damage|p1a: Swampert|345\/401
|c|âwho is dadsdad|you're so fucking bad
|c|âsniperaim|LOL
|
|switch|p2a: yamuraiha|Vaporeon, F|449\/449
|move|p1a: Swampert|Stealth Rock|p2a: yamuraiha
|-sidestart|p2: who is dadsdad|move: Stealth Rock
|
|-heal|p1a: Swampert|370\/401|[from] item: Leftovers
|turn|8
|
|switch|p1a: Tentacruel|Tentacruel, F|180\/364
|move|p2a: yamuraiha|Scald|p1a: Tentacruel
|-crit|p1a: Tentacruel
|-resisted|p1a: Tentacruel
|-damage|p1a: Tentacruel|129\/364
|
|-heal|p1a: Tentacruel|151\/364|[from] item: Black Sludge
|turn|9
|
|move|p1a: Tentacruel|Toxic Spikes|p2a: yamuraiha
|-sidestart|p2: who is dadsdad|move: Toxic Spikes
|move|p2a: yamuraiha|Scald|p1a: Tentacruel
|-resisted|p1a: Tentacruel
|-damage|p1a: Tentacruel|115\/364
|
|-heal|p1a: Tentacruel|137\/364|[from] item: Black Sludge
|turn|10
|
|move|p1a: Tentacruel|Acid Spray|p2a: yamuraiha
|-damage|p2a: yamuraiha|413\/449
|-unboost|p2a: yamuraiha|spd|2
|move|p2a: yamuraiha|Wish|p2a: yamuraiha
|
|-heal|p1a: Tentacruel|159\/364|[from] item: Black Sludge
|-heal|p2a: yamuraiha|441\/449|[from] item: Leftovers
|turn|11
|
|move|p1a: Tentacruel|Scald|p2a: yamuraiha
|-heal|p2a: yamuraiha|449\/449|[from] ability: Water Absorb|[of] p1a: Tentacruel
|move|p2a: yamuraiha|Baton Pass|p2a: yamuraiha
|
|switch|p2a: bruce wayne|Gligar, M|147\/333 brn
|-damage|p2a: bruce wayne|106\/333 brn|[from] Stealth Rock
|
|-heal|p2a: bruce wayne|330\/333 brn|[from] move: Wish|[wisher] yamuraiha
|-heal|p1a: Tentacruel|181\/364|[from] item: Black Sludge
|-damage|p2a: bruce wayne|289\/333 brn|[from] brn
|turn|12
|
|move|p1a: Tentacruel|Scald|p2a: bruce wayne
|-supereffective|p2a: bruce wayne
|-damage|p2a: bruce wayne|79\/333 brn
|move|p2a: bruce wayne|Defog|p1a: Tentacruel
|-unboost|p1a: Tentacruel|evasion|1
|-sideend|p2: who is dadsdad|Toxic Spikes|[from] move: Defog|[of] p2a: bruce wayne
|-sideend|p2: who is dadsdad|Stealth Rock|[from] move: Defog|[of] p2a: bruce wayne
|
|-heal|p1a: Tentacruel|203\/364|[from] item: Black Sludge
|-damage|p2a: bruce wayne|38\/333 brn|[from] brn
|turn|13
|c|âwho is dadsdad|you're so fucking bad
|c|âsniperaim|lol
|
|move|p1a: Tentacruel|Scald|p2a: bruce wayne
|-supereffective|p2a: bruce wayne
|-damage|p2a: bruce wayne|0 fnt
|faint|p2a: bruce wayne
|
|-heal|p1a: Tentacruel|225\/364|[from] item: Black Sludge
|c|âsniperaim|fkn easy
|
|switch|p2a: kunta kinte|Whimsicott, M|261\/261
|turn|14
|
|switch|p1a: Doublade|Doublade, M|322\/322
|move|p2a: kunta kinte|Encore|p1a: Doublade
|-fail|p1a: Doublade
|
|turn|15
|
|switch|p1a: Swampert|Swampert, F|370\/401
|move|p2a: kunta kinte|U-turn|p1a: Swampert
|-damage|p1a: Swampert|346\/401
|
|switch|p2a: daenerys targaryen|Ampharos-Mega, F|331\/369
|-ability|p2a: daenerys targaryen|Mold Breaker
|
|-heal|p1a: Swampert|371\/401|[from] item: Leftovers
|turn|16
|
|move|p2a: daenerys targaryen|Dragon Pulse|p1a: Swampert
|-damage|p1a: Swampert|142\/401
|move|p1a: Swampert|Earthquake|p2a: daenerys targaryen
|-supereffective|p2a: daenerys targaryen
|-damage|p2a: daenerys targaryen|83\/369
|
|-heal|p1a: Swampert|167\/401|[from] item: Leftovers
|turn|17
|
|switch|p1a: Tentacruel|Tentacruel, F|225\/364
|move|p2a: daenerys targaryen|Volt Switch|p1a: Tentacruel
|-supereffective|p1a: Tentacruel
|-damage|p1a: Tentacruel|0 fnt
|faint|p1a: Tentacruel
|c|âwho is dadsdad|lol
|
|switch|p2a: kunta kinte|Whimsicott, M|261\/261
|
|c|âsniperaim|nice
|c|âwho is dadsdad|im good
|c|âwho is dadsdad|you're lucky
|
|switch|p1a: Doublade|Doublade, M|322\/322
|turn|18
|
|move|p2a: kunta kinte|U-turn|p1a: Doublade
|-resisted|p1a: Doublade
|-damage|p1a: Doublade|319\/322
|
|switch|p2a: yamuraiha|Vaporeon, F|449\/449
|move|p1a: Doublade|Swords Dance|p1a: Doublade
|-boost|p1a: Doublade|atk|2
|
|turn|19
|
|switch|p1a: Swampert|Swampert, F|167\/401
|move|p2a: yamuraiha|Scald|p1a: Swampert
|-damage|p1a: Swampert|53\/401
|
|-heal|p1a: Swampert|78\/401|[from] item: Leftovers
|turn|20
|
|switch|p1a: Raikou|Raikou, shiny|322\/322
|-ability|p1a: Raikou|Pressure
|move|p2a: yamuraiha|Scald|p1a: Raikou
|-damage|p1a: Raikou|225\/322
|
|turn|21
|c|âwho is dadsdad|lol
|c|âwho is dadsdad|of course
|c|âwho is dadsdad|i wouldnt burn
|c|âsniperaim|:]
|
|move|p2a: yamuraiha|Protect|p2a: yamuraiha
|-singleturn|p2a: yamuraiha|Protect
|move|p1a: Raikou|Volt Switch|p2a: yamuraiha
|-activate|p2a: yamuraiha|Protect
|
|turn|22
|
|switch|p2a: kunta kinte|Whimsicott, M|261\/261
|move|p1a: Raikou|Volt Switch|p2a: kunta kinte
|-resisted|p2a: kunta kinte
|-damage|p2a: kunta kinte|164\/261
|-damage|p1a: Raikou|193\/322|[from] item: Life Orb
|
|switch|p1a: Lopunny|Lopunny, F|271\/271
|
|turn|23
|c|âwho is dadsdad|tobi you're so lucky
|c|âsniperaim|kek
|c|âsniperaim|this is so fkn easy
|c|âwho is dadsdad|lmfao
|c|âwho is dadsdad|ofc
|c|âwho is dadsdad|you're lucky
|
|switch|p2a: hitlers fren|Jirachi|341\/341
|detailschange|p1a: Lopunny|Lopunny-Mega, F
|message|Lopunny has Mega Evolved into Mega Lopunny!
|move|p1a: Lopunny|Fake Out|p2a: hitlers fren
|-resisted|p2a: hitlers fren
|-damage|p2a: hitlers fren|307\/341
|
|-heal|p2a: hitlers fren|328\/341|[from] item: Leftovers
|turn|24
|c|âsniperaim|:)
|c|âwho is dadsdad|didnt even hjk
|c|âwho is dadsdad|smh
|
|move|p1a: Lopunny|High Jump Kick|p2a: hitlers fren
|-damage|p2a: hitlers fren|72\/341
|move|p2a: hitlers fren|Stealth Rock|p1a: Lopunny
|-sidestart|p1: sniperaim|move: Stealth Rock
|
|-heal|p2a: hitlers fren|93\/341|[from] item: Leftovers
|turn|25
|
|move|p1a: Lopunny|High Jump Kick|p2a: hitlers fren
|-damage|p2a: hitlers fren|0 fnt
|faint|p2a: hitlers fren
|
|
|switch|p2a: bruce lee|Mienshao, F|271\/271
|turn|26
|c|âsniperaim|bop
|
|switch|p1a: Swampert|Swampert, F|78\/401
|-damage|p1a: Swampert|53\/401|[from] Stealth Rock
|move|p2a: bruce lee|U-turn|p1a: Swampert
|-damage|p1a: Swampert|0 fnt
|faint|p1a: Swampert
|
|switch|p2a: kunta kinte|Whimsicott, M|164\/261
|
|
|switch|p1a: Lopunny|Lopunny-Mega, F|271\/271
|-damage|p1a: Lopunny|255\/271|[from] Stealth Rock
|turn|27
|
|switch|p2a: daenerys targaryen|Ampharos-Mega, F|83\/369
|-ability|p2a: daenerys targaryen|Mold Breaker
|move|p1a: Lopunny|Frustration|p2a: daenerys targaryen
|-damage|p2a: daenerys targaryen|0 fnt
|faint|p2a: daenerys targaryen
|
|
|switch|p2a: bruce lee|Mienshao, F|271\/271
|turn|28
|
|switch|p1a: Doublade|Doublade, M|319\/322
|-damage|p1a: Doublade|299\/322|[from] Stealth Rock
|move|p2a: bruce lee|High Jump Kick|p1a: Doublade
|-immune|p1a: Doublade|[msg]
|-damage|p2a: bruce lee|136\/271|[from] highjumpkick
|
|turn|29
|c|âsniperaim|LMAO
|c|âsniperaim|fkn
|c|âsniperaim|slayed
|c|âwho is dadsdad|lmfao you play so predictably
|c|âwho is dadsdad|no plays whatsoever
|c|âwho is dadsdad|you're so garbage
|c|âwho is dadsdad|just rely on hax you peasant
|c|âsniperaim|:3
|
|switch|p2a: yamuraiha|Vaporeon, F|449\/449
|move|p1a: Doublade|Swords Dance|p1a: Doublade
|-boost|p1a: Doublade|atk|2
|
|turn|30
|
|move|p2a: yamuraiha|Baton Pass|p2a: yamuraiha
|
|switch|p2a: kunta kinte|Whimsicott, M|164\/261
|move|p1a: Doublade|Sacred Sword|p2a: kunta kinte
|-crit|p2a: kunta kinte
|-resisted|p2a: kunta kinte
|-damage|p2a: kunta kinte|0 fnt
|faint|p2a: kunta kinte
|
|c|âsniperaim|rip
|c|âwho is dadsdad|ofc ud crit
|c|âsniperaim|LMFAO
|c|âwho is dadsdad|smfh
|c|âsniperaim|nigga nice try
|c|âwho is dadsdad|ur so fucking bad
|c|âsniperaim|perdicted
|c|âwho is dadsdad|why do i even battle you
|
|switch|p2a: yamuraiha|Vaporeon, F|449\/449
|turn|31
|c|âwho is dadsdad|you get so fucking lucky
|c|âsniperaim|lmfao
|c|âsniperaim|i perdicted
|c|âsniperaim|the shit
|c|âsniperaim|out of u
|c|âwho is dadsdad|no you didnt
|c|âsniperaim|HAHAHA
|c|âwho is dadsdad|you're so bad
|c|âwho is dadsdad|so lucky
|c|âsniperaim|:3
|c|âwho is dadsdad|so obvious
|c|âwho is dadsdad|it pains me
|c|âwho is dadsdad|i expect a good player
|
|move|p2a: yamuraiha|Scald|p1a: Doublade
|-crit|p1a: Doublade
|-damage|p1a: Doublade|128\/322
|move|p1a: Doublade|Sacred Sword|p2a: yamuraiha
|-damage|p2a: yamuraiha|222\/449
|
|-heal|p2a: yamuraiha|250\/449|[from] item: Leftovers
|turn|32
|c|âwho is dadsdad|who makes reasonable plays
|c|âwho is dadsdad|but you're shit
|c|âsniperaim|lmao
|c|âwho is dadsdad|who needs to get lucky
|
|move|p1a: Doublade|Shadow Sneak|p2a: yamuraiha
|-damage|p2a: yamuraiha|102\/449
|move|p2a: yamuraiha|Scald|p1a: Doublade
|-damage|p1a: Doublade|7\/322
|
|-heal|p2a: yamuraiha|130\/449|[from] item: Leftovers
|turn|33
|c|âsniperaim|kek
|
|move|p2a: yamuraiha|Protect|p2a: yamuraiha
|-singleturn|p2a: yamuraiha|Protect
|move|p1a: Doublade|Shadow Sneak|p2a: yamuraiha
|-activate|p2a: yamuraiha|Protect
|
|-heal|p2a: yamuraiha|158\/449|[from] item: Leftovers
|turn|34
|
|move|p1a: Doublade|Shadow Sneak|p2a: yamuraiha
|-damage|p2a: yamuraiha|0 fnt
|faint|p2a: yamuraiha
|
|c|âsniperaim|KEK
|c|âwho is dadsdad|ofc
|c|âwho is dadsdad|nice high roll
|c|âwho is dadsdad|you're so fucking shit
|c|âsniperaim|ty ;3
|c|âwho is dadsdad|it pains me
|c|âwho is dadsdad|tobi
|
|switch|p2a: bruce lee|Mienshao, F|136\/271
|turn|35
|c|âsniperaim|idc
|c|âsniperaim|lmao
|c|âwho is dadsdad|lmfao ur so bad
|
|switch|p1a: Raikou|Raikou, shiny|193\/322
|-damage|p1a: Raikou|153\/322|[from] Stealth Rock
|-ability|p1a: Raikou|Pressure
|move|p2a: bruce lee|High Jump Kick|p1a: Raikou
|-damage|p1a: Raikou|0 fnt
|faint|p1a: Raikou
|
|
|switch|p1a: Jirachi|Jirachi|342\/342
|-damage|p1a: Jirachi|321\/342|[from] Stealth Rock
|turn|36
|
|move|p2a: bruce lee|High Jump Kick|p1a: Jirachi
|-damage|p1a: Jirachi|47\/342
|move|p1a: Jirachi|Healing Wish|p1a: Jirachi
|faint|p1a: Jirachi
|
|
|switch|p1a: Doublade|Doublade, M|7\/322
|-heal|p1a: Doublade|322\/322|[from] move: Healing Wish
|-damage|p1a: Doublade|302\/322|[from] Stealth Rock
|turn|37
|
|move|p1a: Doublade|Shadow Sneak|p2a: bruce lee
|-damage|p2a: bruce lee|30\/271
|move|p2a: bruce lee|High Jump Kick|p1a: Doublade
|-immune|p1a: Doublade|[msg]
|-damage|p2a: bruce lee|0 fnt|[from] highjumpkick
|faint|p2a: bruce lee
|
|win|sniperaim
|leave|who is dadsdad
|player|p2
|c|âsniperaim|gg