|join|sniperaim
|join|CoolStoryBrobat
|player|p1|sniperaim|170
|player|p2|CoolStoryBrobat|#coolstorybrobat
|gametype|singles
|gen|6
|tier|UU
|rule|Sleep Clause Mod: Limit one foe put to sleep
|rule|Species Clause: Limit one of each PokÃ©mon
|rule|OHKO Clause: OHKO moves are banned
|rule|Moody Clause: Moody is banned
|rule|Evasion Moves Clause: Evasion moves are banned
|rule|Endless Battle Clause: Forcing endless battles is banned
|rule|HP Percentage Mod: HP is shown in percentages
|clearpoke
|poke|p1|Meloetta
|poke|p1|Tentacruel, M
|poke|p1|Escavalier, M
|poke|p1|Swampert, M
|poke|p1|Umbreon, M
|poke|p1|Hydreigon, F
|poke|p2|Toxicroak, M
|poke|p2|Rotom-Heat
|poke|p2|Krookodile, F
|poke|p2|Whimsicott, M
|poke|p2|Jirachi
|poke|p2|Blastoise, F
|rule|Swagger Clause: Swagger is banned
|rule|Baton Pass Clause: Limit one PokÃ©mon knowing Baton Pass
|teampreview
|join|baenail
|
|start
|switch|p1a: Long way|Tentacruel, M|364\/364
|switch|p2a: Rotom-Heat|Rotom-Heat|271\/271
|turn|1
|
|switch|p1a: Inb4Mega|Swampert, M|401\/401
|move|p2a: Rotom-Heat|Trick|p1a: Inb4Mega
|-activate|p2a: Rotom-Heat|move: Trick|[of] p1a: Inb4Mega
|-item|p1a: Inb4Mega|Choice Specs|[from] move: Trick
|-item|p2a: Rotom-Heat|Leftovers|[from] move: Trick
|
|turn|2
|
|move|p2a: Rotom-Heat|Hidden Power|p1a: Inb4Mega
|-supereffective|p1a: Inb4Mega
|-damage|p1a: Inb4Mega|105\/401
|move|p1a: Inb4Mega|Earthquake|p2a: Rotom-Heat
|-immune|p2a: Rotom-Heat|[msg]
|
|turn|3
|
|switch|p1a: Beats by dre|Hydreigon, F|326\/326
|move|p2a: Rotom-Heat|Volt Switch|p1a: Beats by dre
|-resisted|p1a: Beats by dre
|-damage|p1a: Beats by dre|257\/326
|join|meowiekins ã
|
|switch|p2a: Whimsicott|Whimsicott, M|261\/261
|
|turn|4
|
|move|p1a: Beats by dre|U-turn|p2a: Whimsicott
|-damage|p2a: Whimsicott|204\/261
|c|âCoolStoryBrobat|HP Fire cott
|c|âCoolStoryBrobat|incoming
|
|switch|p1a: Long way|Tentacruel, M|364\/364
|move|p2a: Whimsicott|U-turn|p1a: Long way
|-resisted|p1a: Long way
|-damage|p1a: Long way|346\/364
|c|âCoolStoryBrobat|Syke ah
|c|âCoolStoryBrobat|nah*
|c|âsniperaim|nice ruse
|c|âCoolStoryBrobat|Gotta keep you on your toes
|
|switch|p2a: Rotom-Heat|Rotom-Heat|271\/271
|
|-heal|p1a: Long way|364\/364|[from] item: Black Sludge
|turn|5
|c|âsniperaim|i never used this team
|
|move|p2a: Rotom-Heat|Volt Switch|p1a: Long way
|-crit|p1a: Long way
|-supereffective|p1a: Long way
|-damage|p1a: Long way|80\/364
|c|âCoolStoryBrobat|you got a long way to go then
|c|âsniperaim|rip
|c|âsniperaim|tbh
|
|switch|p2a: Krookodile|Krookodile, F|331\/331
|-ability|p2a: Krookodile|Intimidate|[of] p1a: Long way
|-unboost|p1a: Long way|atk|1
|move|p1a: Long way|Mirror Coat|p2a: Krookodile
|-immune|p2a: Krookodile|[msg]
|
|-heal|p1a: Long way|102\/364|[from] item: Black Sludge
|turn|6
|join|tuRkizzles
|c|âCoolStoryBrobat|..lol
|c| meowiekins ã|lol
|c|âsniperaim|noooo
|c| meowiekins ã|nb
|c|âsniperaim|no
|c|âsniperaim|WTF
|c|âCoolStoryBrobat|Insane plays
|c| meowiekins ã|wtf csb lol
|c| meowiekins ã|who does that
|c|âsniperaim|...
|c|âCoolStoryBrobat|Tbh brah I just wanted to pursuit
|
|move|p2a: Krookodile|Pursuit|p1a: Long way|[from]Pursuit
|-damage|p1a: Long way|0 fnt
|faint|p1a: Long way
|
|c|âCoolStoryBrobat|Knowing I wasn't gonna die to Scald and that burns don't exist
|
|switch|p1a: Toothpaste|Escavalier, M|344\/344
|turn|7
|c| meowiekins ã|fair enough
|
|switch|p2a: Rotom-Heat|Rotom-Heat|271\/271
|move|p1a: Toothpaste|Megahorn|p2a: Rotom-Heat|[miss]
|-miss|p1a: Toothpaste|p2a: Rotom-Heat
|
|turn|8
|
|switch|p1a: Kevin Garnett|Umbreon, M|394\/394
|move|p2a: Rotom-Heat|Overheat|p1a: Kevin Garnett
|-damage|p1a: Kevin Garnett|252\/394
|-unboost|p2a: Rotom-Heat|spa|2
|
|-heal|p1a: Kevin Garnett|276\/394|[from] item: Leftovers
|turn|9
|
|switch|p1a: Inb4Mega|Swampert, M|105\/401
|move|p2a: Rotom-Heat|Volt Switch|p1a: Inb4Mega
|-immune|p1a: Inb4Mega|[msg]
|
|turn|10
|
|switch|p1a: Kevin Garnett|Umbreon, M|276\/394
|move|p2a: Rotom-Heat|Hidden Power|p1a: Kevin Garnett
|-damage|p1a: Kevin Garnett|254\/394
|
|-heal|p1a: Kevin Garnett|278\/394|[from] item: Leftovers
|turn|11
|
|move|p2a: Rotom-Heat|Volt Switch|p1a: Kevin Garnett
|-damage|p1a: Kevin Garnett|241\/394
|c|âCoolStoryBrobat|lol what was the point of that
|c| meowiekins ã|scouting
|c|âsniperaim|gotta keep u guessn'
|c|âCoolStoryBrobat|He already knew I had dat HP Grass doe
|c| meowiekins ã|o
|c| meowiekins ã|nvm ;]
|
|switch|p2a: Blastoise|Blastoise, F|345\/345
|move|p1a: Kevin Garnett|Wish|p1a: Kevin Garnett
|
|-heal|p1a: Kevin Garnett|265\/394|[from] item: Leftovers
|turn|12
|
|detailschange|p2a: Blastoise|Blastoise-Mega, F
|message|Blastoise has Mega Evolved into Mega Blastoise!
|move|p2a: Blastoise|Aura Sphere|p1a: Kevin Garnett
|-supereffective|p1a: Kevin Garnett
|-damage|p1a: Kevin Garnett|81\/394
|move|p1a: Kevin Garnett|Foul Play|p2a: Blastoise
|-damage|p2a: Blastoise|255\/345
|
|-heal|p1a: Kevin Garnett|278\/394|[from] move: Wish|[wisher] Kevin Garnett
|-heal|p1a: Kevin Garnett|302\/394|[from] item: Leftovers
|turn|13
|
|move|p2a: Blastoise|Aura Sphere|p1a: Kevin Garnett
|-supereffective|p1a: Kevin Garnett
|-damage|p1a: Kevin Garnett|124\/394
|move|p1a: Kevin Garnett|Wish|p1a: Kevin Garnett
|
|-heal|p1a: Kevin Garnett|148\/394|[from] item: Leftovers
|turn|14
|
|switch|p2a: Toxicroak|Toxicroak, M|307\/307
|move|p1a: Kevin Garnett|Protect|p1a: Kevin Garnett
|-fail|p1a: Kevin Garnett
|
|-heal|p1a: Kevin Garnett|345\/394|[from] move: Wish|[wisher] Kevin Garnett
|-heal|p1a: Kevin Garnett|369\/394|[from] item: Leftovers
|turn|15
|
|switch|p1a: Toothpaste|Escavalier, M|344\/344
|move|p2a: Toxicroak|Nasty Plot|p2a: Toxicroak
|-boost|p2a: Toxicroak|spa|2
|
|turn|16
|c| meowiekins ã|O.O
|
|switch|p2a: Rotom-Heat|Rotom-Heat|271\/271
|move|p1a: Toothpaste|Drill Run|p2a: Rotom-Heat
|-immune|p2a: Rotom-Heat|[msg]
|
|turn|17
|
|switch|p1a: Inb4Mega|Swampert, M|105\/401
|move|p2a: Rotom-Heat|Volt Switch|p1a: Inb4Mega
|-immune|p1a: Inb4Mega|[msg]
|
|turn|18
|
|move|p2a: Rotom-Heat|Hidden Power|p1a: Inb4Mega
|-supereffective|p1a: Inb4Mega
|-damage|p1a: Inb4Mega|0 fnt
|faint|p1a: Inb4Mega
|
|join|gobosox
|
|switch|p1a: Beats by dre|Hydreigon, F|257\/326
|turn|19
|
|move|p1a: Beats by dre|Draco Meteor|p2a: Rotom-Heat
|-damage|p2a: Rotom-Heat|73\/271
|-unboost|p1a: Beats by dre|spa|2
|move|p2a: Rotom-Heat|Volt Switch|p1a: Beats by dre
|-resisted|p1a: Beats by dre
|-damage|p1a: Beats by dre|190\/326
|
|switch|p2a: Jirachi|Jirachi|341\/341
|
|turn|20
|
|switch|p1a: Toothpaste|Escavalier, M|344\/344
|move|p2a: Jirachi|Stealth Rock|p1a: Toothpaste
|-sidestart|p1: sniperaim|move: Stealth Rock
|
|turn|21
|
|move|p2a: Jirachi|Fire Punch|p1a: Toothpaste
|-supereffective|p1a: Toothpaste
|-damage|p1a: Toothpaste|56\/344
|-status|p1a: Toothpaste|brn
|-enditem|p1a: Toothpaste|Lum Berry|[eat]
|-curestatus|p1a: Toothpaste|brn
|move|p1a: Toothpaste|Megahorn|p2a: Jirachi
|-damage|p2a: Jirachi|107\/341
|
|-heal|p2a: Jirachi|128\/341|[from] item: Leftovers
|turn|22
|
|move|p2a: Jirachi|Fire Punch|p1a: Toothpaste
|-supereffective|p1a: Toothpaste
|-damage|p1a: Toothpaste|0 fnt
|faint|p1a: Toothpaste
|
|-heal|p2a: Jirachi|149\/341|[from] item: Leftovers
|
|switch|p1a: Beats by dre|Hydreigon, F|190\/326
|-damage|p1a: Beats by dre|150\/326|[from] Stealth Rock
|turn|23
|
|switch|p2a: Rotom-Heat|Rotom-Heat|73\/271
|move|p1a: Beats by dre|Dark Pulse|p2a: Rotom-Heat
|-damage|p2a: Rotom-Heat|0 fnt
|faint|p2a: Rotom-Heat
|
|
|switch|p2a: Toxicroak|Toxicroak, M|307\/307
|turn|24
|
|switch|p1a: Ariana Grande|Meloetta|342\/342
|-damage|p1a: Ariana Grande|300\/342|[from] Stealth Rock
|move|p2a: Toxicroak|Nasty Plot|p2a: Toxicroak
|-boost|p2a: Toxicroak|spa|2
|
|-heal|p1a: Ariana Grande|321\/342|[from] item: Leftovers
|turn|25
|c|âCoolStoryBrobat|Spam Dark Pulse aiming for flinches
|c|âCoolStoryBrobat|dang now the question here is...is Meloetta Timid Max Spe
|c|âsniperaim|u run d pulse?
|c|âCoolStoryBrobat|We bout to find out
|
|move|p1a: Ariana Grande|Substitute|p1a: Ariana Grande
|-start|p1a: Ariana Grande|Substitute
|-damage|p1a: Ariana Grande|236\/342
|move|p2a: Toxicroak|Substitute|p2a: Toxicroak
|-start|p2a: Toxicroak|Substitute
|-damage|p2a: Toxicroak|231\/307
|
|-heal|p1a: Ariana Grande|257\/342|[from] item: Leftovers
|turn|26
|c|âCoolStoryBrobat|Fudge
|c|âCoolStoryBrobat|Well nah
|c| meowiekins ã|lol
|c|âCoolStoryBrobat|This isn't bad actually
|
|move|p1a: Ariana Grande|Psyshock|p2a: Toxicroak
|-supereffective|p2a: Toxicroak
|-end|p2a: Toxicroak|Substitute
|move|p2a: Toxicroak|Substitute|p2a: Toxicroak
|-start|p2a: Toxicroak|Substitute
|-damage|p2a: Toxicroak|155\/307
|
|-heal|p1a: Ariana Grande|278\/342|[from] item: Leftovers
|turn|27
|
|move|p1a: Ariana Grande|Psyshock|p2a: Toxicroak
|-supereffective|p2a: Toxicroak
|-end|p2a: Toxicroak|Substitute
|move|p2a: Toxicroak|Substitute|p2a: Toxicroak
|-start|p2a: Toxicroak|Substitute
|-damage|p2a: Toxicroak|79\/307
|
|-heal|p1a: Ariana Grande|299\/342|[from] item: Leftovers
|turn|28
|c| meowiekins ã|salac
|c| meowiekins ã|pls
|
|move|p1a: Ariana Grande|Psyshock|p2a: Toxicroak
|-supereffective|p2a: Toxicroak
|-end|p2a: Toxicroak|Substitute
|move|p2a: Toxicroak|Substitute|p2a: Toxicroak
|-start|p2a: Toxicroak|Substitute
|-damage|p2a: Toxicroak|3\/307
|-enditem|p2a: Toxicroak|Salac Berry|[eat]
|-boost|p2a: Toxicroak|spe|1|[from] item: Salac Berry
|
|-heal|p1a: Ariana Grande|320\/342|[from] item: Leftovers
|turn|29
|c| meowiekins ã|nb
|
|move|p2a: Toxicroak|Nasty Plot|p2a: Toxicroak
|-boost|p2a: Toxicroak|spa|2
|move|p1a: Ariana Grande|Psyshock|p2a: Toxicroak
|-supereffective|p2a: Toxicroak
|-end|p2a: Toxicroak|Substitute
|
|-heal|p1a: Ariana Grande|341\/342|[from] item: Leftovers
|turn|30
|c|âCoolStoryBrobat|Belch is a sound move if I ain't mistaken
|
|move|p2a: Toxicroak|Belch|p1a: Ariana Grande
|-end|p1a: Ariana Grande|Substitute
|move|p1a: Ariana Grande|Psyshock|p2a: Toxicroak
|-supereffective|p2a: Toxicroak
|-damage|p2a: Toxicroak|0 fnt
|faint|p2a: Toxicroak
|
|-heal|p1a: Ariana Grande|342\/342|[from] item: Leftovers
|c|âCoolStoryBrobat|IT'S NOT A SOUND MOVE
|c| meowiekins ã|rip
|c|âsniperaim|LoL
|c| baenail|lmfaooo
|c|âCoolStoryBrobat|Dang that just ruffled my ego
|
|switch|p2a: Jirachi|Jirachi|149\/341
|turn|31
|join|Mienecho
|
|switch|p1a: Kevin Garnett|Umbreon, M|369\/394
|-damage|p1a: Kevin Garnett|320\/394|[from] Stealth Rock
|move|p2a: Jirachi|Iron Head|p1a: Kevin Garnett
|-damage|p1a: Kevin Garnett|202\/394
|
|-heal|p2a: Jirachi|170\/341|[from] item: Leftovers
|-heal|p1a: Kevin Garnett|226\/394|[from] item: Leftovers
|turn|32
|
|move|p1a: Kevin Garnett|Protect|p1a: Kevin Garnett
|-singleturn|p1a: Kevin Garnett|Protect
|move|p2a: Jirachi|Iron Head|p1a: Kevin Garnett
|-activate|p1a: Kevin Garnett|Protect
|
|-heal|p2a: Jirachi|191\/341|[from] item: Leftovers
|-heal|p1a: Kevin Garnett|250\/394|[from] item: Leftovers
|turn|33
|
|move|p2a: Jirachi|Iron Head|p1a: Kevin Garnett
|-damage|p1a: Kevin Garnett|141\/394
|cant|p1a: Kevin Garnett|flinch
|
|-heal|p2a: Jirachi|212\/341|[from] item: Leftovers
|-heal|p1a: Kevin Garnett|165\/394|[from] item: Leftovers
|turn|34
|
|move|p2a: Jirachi|Iron Head|p1a: Kevin Garnett
|-damage|p1a: Kevin Garnett|54\/394
|cant|p1a: Kevin Garnett|flinch
|
|-heal|p2a: Jirachi|233\/341|[from] item: Leftovers
|-heal|p1a: Kevin Garnett|78\/394|[from] item: Leftovers
|turn|35
|
|move|p1a: Kevin Garnett|Protect|p1a: Kevin Garnett
|-singleturn|p1a: Kevin Garnett|Protect
|move|p2a: Jirachi|U-turn|p1a: Kevin Garnett
|-activate|p1a: Kevin Garnett|Protect
|
|-heal|p2a: Jirachi|254\/341|[from] item: Leftovers
|-heal|p1a: Kevin Garnett|102\/394|[from] item: Leftovers
|turn|36
|
|move|p1a: Kevin Garnett|Protect|p1a: Kevin Garnett
|-singleturn|p1a: Kevin Garnett|Protect
|move|p2a: Jirachi|Iron Head|p1a: Kevin Garnett
|-activate|p1a: Kevin Garnett|Protect
|
|-heal|p2a: Jirachi|275\/341|[from] item: Leftovers
|-heal|p1a: Kevin Garnett|126\/394|[from] item: Leftovers
|turn|37
|
|move|p2a: Jirachi|Iron Head|p1a: Kevin Garnett
|-damage|p1a: Kevin Garnett|17\/394
|cant|p1a: Kevin Garnett|flinch
|
|-heal|p2a: Jirachi|296\/341|[from] item: Leftovers
|-heal|p1a: Kevin Garnett|41\/394|[from] item: Leftovers
|turn|38
|
|move|p2a: Jirachi|U-turn|p1a: Kevin Garnett
|-supereffective|p1a: Kevin Garnett
|-damage|p1a: Kevin Garnett|0 fnt
|faint|p1a: Kevin Garnett
|c|âsniperaim|bull
|
|switch|p2a: Krookodile|Krookodile, F|331\/331
|
|
|switch|p1a: Beats by dre|Hydreigon, F|150\/326
|-damage|p1a: Beats by dre|110\/326|[from] Stealth Rock
|turn|39
|join|Cyndequil
|
|switch|p2a: Whimsicott|Whimsicott, M|204\/261
|move|p1a: Beats by dre|Draco Meteor|p2a: Whimsicott
|-immune|p2a: Whimsicott|[msg]
|
|turn|40
|
|move|p1a: Beats by dre|Draco Meteor|p2a: Whimsicott
|-immune|p2a: Whimsicott|[msg]
|move|p2a: Whimsicott|U-turn|p1a: Beats by dre
|-supereffective|p1a: Beats by dre
|-damage|p1a: Beats by dre|38\/326
|
|switch|p2a: Jirachi|Jirachi|296\/341
|
|-heal|p2a: Jirachi|317\/341|[from] item: Leftovers
|turn|41
|c|âCoolStoryBrobat|I can't win with Jirachi. That's immoral
|
|move|p1a: Beats by dre|Draco Meteor|p2a: Jirachi
|-resisted|p2a: Jirachi
|-damage|p2a: Jirachi|215\/341
|-unboost|p1a: Beats by dre|spa|2
|move|p2a: Jirachi|U-turn|p1a: Beats by dre
|-supereffective|p1a: Beats by dre
|-damage|p1a: Beats by dre|0 fnt
|faint|p1a: Beats by dre
|c| meowiekins ã|that krook dodge on mirror coat
|c| meowiekins ã|was gg
|
|switch|p2a: Krookodile|Krookodile, F|331\/331
|
|c|âsniperaim|who goes into krook
|
|switch|p1a: Ariana Grande|Meloetta|342\/342
|-damage|p1a: Ariana Grande|300\/342|[from] Stealth Rock
|turn|42
|c| meowiekins ã|lol
|c|âCoolStoryBrobat|Not gonna lie, the sickest 'predictions' I make are the ones that aren't fully thought through
|c| meowiekins ã|its not an unreasonable play tbh
|c|âCoolStoryBrobat|Because nigs will use weird stuff on me
|c|âsniperaim|no way
|c|âCoolStoryBrobat|Like I said I was just aiming for Pursuit though
|c|âsniperaim|u knew i ran coat
|c|âCoolStoryBrobat|knowing it was living SCLAD
|c| meowiekins ã|tspikes wasnt a bad play
|c|âCoolStoryBrobat|That too
|
|move|p2a: Krookodile|Knock Off|p1a: Ariana Grande
|-supereffective|p1a: Ariana Grande
|-damage|p1a: Ariana Grande|0 fnt
|-enditem|p1a: Ariana Grande|Leftovers|[from] move: Knock Off|[of] p2a: Krookodile
|faint|p1a: Ariana Grande
|
|win|CoolStoryBrobat
|c|âCoolStoryBrobat|gg brah
|c|âsniperaim|gg
|leave|baenail
|leave|tuRkizzles
|leave|meowiekins ã
|leave|CoolStoryBrobat
|player|p2
|join|Emma Bae â¥
|join|dingbat
|join|meowiekins ã
|leave|meowiekins ã
|leave|dingbat
|leave|sniperaim
|player|p1
|join|Wonto
|leave|Emma Bae â¥
|leave|Wonto
|leave|gobosox