|join|sniperaim
|join|Anttya
|player|p1|sniperaim|220
|player|p2|Anttya|138
|gametype|singles
|gen|6
|tier|UU
|rule|Sleep Clause Mod: Limit one foe put to sleep
|rule|Species Clause: Limit one of each PokÃ©mon
|rule|OHKO Clause: OHKO moves are banned
|rule|Moody Clause: Moody is banned
|rule|Evasion Moves Clause: Evasion moves are banned
|rule|Endless Battle Clause: Forcing endless battles is banned
|rule|HP Percentage Mod: HP is shown in percentages
|clearpoke
|poke|p1|Jirachi, shiny
|poke|p1|Swampert, F
|poke|p1|Hydreigon, F
|poke|p1|Machamp, M
|poke|p1|Tentacruel, F, shiny
|poke|p1|Umbreon, M
|poke|p2|Haxorus, M
|poke|p2|Jirachi
|poke|p2|Gligar, M
|poke|p2|Trevenant, M
|poke|p2|Gastrodon, M
|poke|p2|Aerodactyl, M
|rule|Swagger Clause: Swagger is banned
|rule|Baton Pass Clause: Limit one PokÃ©mon knowing Baton Pass
|teampreview
|c|âAnttya|Gl ^^
|c|âsniperaim|u2
|
|start
|switch|p1a: Mascot|Swampert, F|401\/401
|switch|p2a: Trevenant|Trevenant, M|374\/374
|turn|1
|
|switch|p1a: i'm nice|Tentacruel, F, shiny|352\/352
|move|p2a: Trevenant|Will-O-Wisp|p1a: i'm nice
|-status|p1a: i'm nice|brn
|
|-damage|p1a: i'm nice|308\/352 brn|[from] brn
|turn|2
|
|switch|p2a: Gastrodon|Gastrodon, M|426\/426
|move|p1a: i'm nice|Toxic Spikes|p2a: Gastrodon
|-sidestart|p2: Anttya|move: Toxic Spikes
|
|-heal|p1a: i'm nice|330\/352 brn|[from] item: Black Sludge
|-damage|p1a: i'm nice|286\/352 brn|[from] brn
|turn|3
|
|switch|p1a: Mascot|Swampert, F|401\/401
|switch|p2a: Gligar|Gligar, M|334\/334
|
|turn|4
|
|move|p2a: Gligar|U-turn|p1a: Mascot
|-damage|p1a: Mascot|364\/401
|
|switch|p2a: Gastrodon|Gastrodon, M|426\/426
|-status|p2a: Gastrodon|psn
|move|p1a: Mascot|Scald|p2a: Gastrodon
|-boost|p2a: Gastrodon|spa|1|[from] ability: Storm Drain
|
|-heal|p1a: Mascot|389\/401|[from] item: Leftovers
|-damage|p2a: Gastrodon|373\/426 psn|[from] psn
|turn|5
|
|switch|p1a: Stuu|Umbreon, M|394\/394
|switch|p2a: Gligar|Gligar, M|334\/334
|
|turn|6
|
|move|p2a: Gligar|Defog|p1a: Stuu
|-unboost|p1a: Stuu|evasion|1
|-sideend|p2: Anttya|Toxic Spikes|[from] move: Defog|[of] p2a: Gligar
|move|p1a: Stuu|Heal Bell|p1a: Stuu
|-cureteam|p1a: Stuu|[from] move: HealBell
|
|turn|7
|
|move|p2a: Gligar|U-turn|p1a: Stuu
|-supereffective|p1a: Stuu
|-damage|p1a: Stuu|314\/394
|
|switch|p2a: Jirachi|Jirachi|397\/397
|move|p1a: Stuu|Wish|p1a: Stuu
|
|-heal|p1a: Stuu|338\/394|[from] item: Leftovers
|turn|8
|
|switch|p2a: Trevenant|Trevenant, M|374\/374
|switch|p1a: Mascot|Swampert, F|389\/401
|
|-heal|p1a: Mascot|401\/401|[from] move: Wish|[wisher] Stuu
|turn|9
|
|move|p2a: Trevenant|Horn Leech|p1a: Mascot
|-supereffective|p1a: Mascot
|-damage|p1a: Mascot|101\/401
|move|p1a: Mascot|Toxic|p2a: Trevenant
|-status|p2a: Trevenant|tox
|
|-heal|p1a: Mascot|126\/401|[from] item: Leftovers
|-damage|p2a: Trevenant|351\/374 tox|[from] psn
|turn|10
|
|switch|p2a: Aerodactyl|Aerodactyl, M|302\/302
|-ability|p2a: Aerodactyl|Pressure
|switch|p1a: Stuu|Umbreon, M|338\/394
|
|-heal|p1a: Stuu|362\/394|[from] item: Leftovers
|turn|11
|
|detailschange|p2a: Aerodactyl|Aerodactyl-Mega, M
|message|Aerodactyl has Mega Evolved into Mega Aerodactyl!
|move|p2a: Aerodactyl|Stone Edge|p1a: Stuu|[miss]
|-miss|p2a: Aerodactyl|p1a: Stuu
|move|p1a: Stuu|Wish|p1a: Stuu
|
|-heal|p1a: Stuu|386\/394|[from] item: Leftovers
|turn|12
|
|switch|p1a: Mascot|Swampert, F|126\/401
|move|p2a: Aerodactyl|Aerial Ace|p1a: Mascot
|-damage|p1a: Mascot|8\/401
|
|-heal|p1a: Mascot|205\/401|[from] move: Wish|[wisher] Stuu
|-heal|p1a: Mascot|230\/401|[from] item: Leftovers
|turn|13
|
|switch|p2a: Gastrodon|Gastrodon, M|373\/426 psn
|move|p1a: Mascot|Stealth Rock|p2a: Gastrodon
|-sidestart|p2: Anttya|move: Stealth Rock
|
|-heal|p1a: Mascot|255\/401|[from] item: Leftovers
|-heal|p2a: Gastrodon|399\/426 psn|[from] item: Leftovers
|-damage|p2a: Gastrodon|346\/426 psn|[from] psn
|turn|14
|
|switch|p1a: da champ|Machamp, M|344\/344
|move|p2a: Gastrodon|Toxic|p1a: da champ
|-status|p1a: da champ|tox
|
|-heal|p2a: Gastrodon|372\/426 psn|[from] item: Leftovers
|-damage|p1a: da champ|323\/344 tox|[from] psn
|-damage|p2a: Gastrodon|319\/426 psn|[from] psn
|turn|15
|
|switch|p2a: Trevenant|Trevenant, M|351\/374 tox
|-damage|p2a: Trevenant|305\/374 tox|[from] Stealth Rock
|move|p1a: da champ|Knock Off|p2a: Trevenant
|-supereffective|p2a: Trevenant
|-damage|p2a: Trevenant|0 fnt
|-enditem|p2a: Trevenant|Sitrus Berry|[from] move: Knock Off|[of] p1a: da champ
|faint|p2a: Trevenant
|
|-damage|p1a: da champ|281\/344 tox|[from] psn
|
|switch|p2a: Gligar|Gligar, M|334\/334
|-damage|p2a: Gligar|293\/334|[from] Stealth Rock
|turn|16
|
|switch|p1a: Stuu|Umbreon, M|386\/394
|move|p2a: Gligar|Defog|p1a: Stuu
|-unboost|p1a: Stuu|evasion|1
|-sideend|p2: Anttya|Stealth Rock|[from] move: Defog|[of] p2a: Gligar
|
|-heal|p1a: Stuu|394\/394|[from] item: Leftovers
|turn|17
|join|Emma Bae
|
|move|p2a: Gligar|U-turn|p1a: Stuu
|-supereffective|p1a: Stuu
|-damage|p1a: Stuu|308\/394
|
|switch|p2a: Haxorus|Haxorus, M|293\/293
|-ability|p2a: Haxorus|Mold Breaker
|move|p1a: Stuu|Heal Bell|p1a: Stuu
|-cureteam|p1a: Stuu|[from] move: HealBell
|
|-heal|p1a: Stuu|332\/394|[from] item: Leftovers
|turn|18
|join|dynamic testing
|
|move|p2a: Haxorus|Dragon Claw|p1a: Stuu
|-damage|p1a: Stuu|176\/394
|move|p1a: Stuu|Foul Play|p2a: Haxorus
|-damage|p2a: Haxorus|77\/293
|
|-heal|p1a: Stuu|200\/394|[from] item: Leftovers
|turn|19
|join|Planet Hell
|
|switch|p1a: Jirachi|Jirachi, shiny|342\/342
|move|p2a: Haxorus|Outrage|p1a: Jirachi
|-resisted|p1a: Jirachi
|-damage|p1a: Jirachi|224\/342
|
|-heal|p1a: Jirachi|245\/342|[from] item: Leftovers
|turn|20
|leave|Planet Hell
|
|move|p1a: Jirachi|Moonblast|p2a: Haxorus
|-supereffective|p2a: Haxorus
|-damage|p2a: Haxorus|0 fnt
|faint|p2a: Haxorus
|
|-heal|p1a: Jirachi|266\/342|[from] item: Leftovers
|
|switch|p2a: Gligar|Gligar, M|293\/334
|turn|21
|
|switch|p1a: Mascot|Swampert, F|255\/401
|move|p2a: Gligar|U-turn|p1a: Mascot
|-damage|p1a: Mascot|221\/401
|
|switch|p2a: Gastrodon|Gastrodon, M|319\/426 psn
|
|-heal|p1a: Mascot|246\/401|[from] item: Leftovers
|-heal|p2a: Gastrodon|345\/426 psn|[from] item: Leftovers
|-damage|p2a: Gastrodon|292\/426 psn|[from] psn
|turn|22
|
|move|p1a: Mascot|Stealth Rock|p2a: Gastrodon
|-sidestart|p2: Anttya|move: Stealth Rock
|move|p2a: Gastrodon|Toxic|p1a: Mascot
|-status|p1a: Mascot|tox
|
|-heal|p1a: Mascot|271\/401 tox|[from] item: Leftovers
|-heal|p2a: Gastrodon|318\/426 psn|[from] item: Leftovers
|-damage|p1a: Mascot|246\/401 tox|[from] psn
|-damage|p2a: Gastrodon|265\/426 psn|[from] psn
|turn|23
|
|switch|p1a: da champ|Machamp, M|281\/344
|switch|p2a: Gligar|Gligar, M|293\/334
|-damage|p2a: Gligar|252\/334|[from] Stealth Rock
|
|turn|24
|
|move|p2a: Gligar|Defog|p1a: da champ
|-unboost|p1a: da champ|evasion|1
|-sideend|p2: Anttya|Stealth Rock|[from] move: Defog|[of] p2a: Gligar
|move|p1a: da champ|Knock Off|p2a: Gligar
|-damage|p2a: Gligar|189\/334
|-enditem|p2a: Gligar|Eviolite|[from] move: Knock Off|[of] p1a: da champ
|
|turn|25
|
|move|p2a: Gligar|Earthquake|p1a: da champ
|-damage|p1a: da champ|173\/344
|move|p1a: da champ|Dynamic Punch|p2a: Gligar
|-crit|p2a: Gligar
|-resisted|p2a: Gligar
|-damage|p2a: Gligar|81\/334
|-start|p2a: Gligar|confusion
|
|turn|26
|
|switch|p2a: Jirachi|Jirachi|397\/397
|move|p1a: da champ|Ice Punch|p2a: Jirachi
|-resisted|p2a: Jirachi
|-damage|p2a: Jirachi|349\/397
|
|-heal|p2a: Jirachi|373\/397|[from] item: Leftovers
|turn|27
|
|move|p2a: Jirachi|Iron Head|p1a: da champ
|-damage|p1a: da champ|23\/344
|move|p1a: da champ|Dynamic Punch|p2a: Jirachi
|-damage|p2a: Jirachi|163\/397
|-start|p2a: Jirachi|confusion
|
|-heal|p2a: Jirachi|187\/397|[from] item: Leftovers
|turn|28
|
|switch|p1a: Jirachi|Jirachi, shiny|266\/342
|-activate|p2a: Jirachi|confusion
|-damage|p2a: Jirachi|144\/397|[from] confusion
|
|-heal|p1a: Jirachi|287\/342|[from] item: Leftovers
|-heal|p2a: Jirachi|168\/397|[from] item: Leftovers
|turn|29
|
|move|p1a: Jirachi|Substitute|p1a: Jirachi
|-start|p1a: Jirachi|Substitute
|-damage|p1a: Jirachi|202\/342
|-activate|p2a: Jirachi|confusion
|move|p2a: Jirachi|Thunder Wave|p1a: Jirachi
|
|-heal|p1a: Jirachi|223\/342|[from] item: Leftovers
|-heal|p2a: Jirachi|192\/397|[from] item: Leftovers
|turn|30
|
|move|p1a: Jirachi|Calm Mind|p1a: Jirachi
|-boost|p1a: Jirachi|spa|1
|-boost|p1a: Jirachi|spd|1
|-activate|p2a: Jirachi|confusion
|move|p2a: Jirachi|Fire Punch|p1a: Jirachi
|-supereffective|p1a: Jirachi
|-end|p1a: Jirachi|Substitute
|
|-heal|p1a: Jirachi|244\/342|[from] item: Leftovers
|-heal|p2a: Jirachi|216\/397|[from] item: Leftovers
|turn|31
|
|switch|p1a: Beats by Dre|Hydreigon, F|326\/326
|switch|p2a: Gligar|Gligar, M|81\/334
|
|turn|32
|
|move|p1a: Beats by Dre|Dark Pulse|p2a: Gligar
|-damage|p2a: Gligar|0 fnt
|faint|p2a: Gligar
|
|
|switch|p2a: Aerodactyl|Aerodactyl-Mega, M|302\/302
|turn|33
|
|move|p1a: Beats by Dre|Dark Pulse|p2a: Aerodactyl
|-damage|p2a: Aerodactyl|148\/302
|move|p2a: Aerodactyl|Hone Claws|p2a: Aerodactyl
|-boost|p2a: Aerodactyl|atk|1
|-boost|p2a: Aerodactyl|accuracy|1
|
|turn|34
|
|move|p1a: Beats by Dre|Dark Pulse|p2a: Aerodactyl
|-damage|p2a: Aerodactyl|6\/302
|move|p2a: Aerodactyl|Stone Edge|p1a: Beats by Dre
|-damage|p1a: Beats by Dre|5\/326
|
|turn|35
|
|move|p1a: Beats by Dre|Dark Pulse|p2a: Aerodactyl
|-damage|p2a: Aerodactyl|0 fnt
|faint|p2a: Aerodactyl
|
|
|switch|p2a: Gastrodon|Gastrodon, M|265\/426 psn
|turn|36
|join|Mann's Bridge
|
|switch|p1a: Stuu|Umbreon, M|200\/394
|move|p2a: Gastrodon|Scald|p1a: Stuu
|-crit|p1a: Stuu
|-damage|p1a: Stuu|122\/394
|
|-heal|p1a: Stuu|146\/394|[from] item: Leftovers
|-heal|p2a: Gastrodon|291\/426 psn|[from] item: Leftovers
|-damage|p2a: Gastrodon|238\/426 psn|[from] psn
|turn|37
|
|switch|p2a: Jirachi|Jirachi|216\/397
|move|p1a: Stuu|Wish|p1a: Stuu
|
|-heal|p2a: Jirachi|240\/397|[from] item: Leftovers
|-heal|p1a: Stuu|170\/394|[from] item: Leftovers
|turn|38
|
|move|p2a: Jirachi|Stealth Rock|p1a: Stuu
|-sidestart|p1: sniperaim|move: Stealth Rock
|move|p1a: Stuu|Foul Play|p2a: Jirachi
|-supereffective|p2a: Jirachi
|-damage|p2a: Jirachi|0 fnt
|faint|p2a: Jirachi
|
|-heal|p1a: Stuu|367\/394|[from] move: Wish|[wisher] Stuu
|-heal|p1a: Stuu|391\/394|[from] item: Leftovers
|
|switch|p2a: Gastrodon|Gastrodon, M|238\/426 psn
|turn|39
|
|move|p1a: Stuu|Foul Play|p2a: Gastrodon
|-damage|p2a: Gastrodon|124\/426 psn
|move|p2a: Gastrodon|Toxic|p1a: Stuu
|-status|p1a: Stuu|tox
|
|-heal|p1a: Stuu|394\/394 tox|[from] item: Leftovers
|-heal|p2a: Gastrodon|150\/426 psn|[from] item: Leftovers
|-damage|p1a: Stuu|370\/394 tox|[from] psn
|-damage|p2a: Gastrodon|97\/426 psn|[from] psn
|turn|40
|
|move|p1a: Stuu|Foul Play|p2a: Gastrodon
|-damage|p2a: Gastrodon|0 fnt
|faint|p2a: Gastrodon
|
|win|sniperaim
|leave|Mann's Bridge
|c|âAnttya|Gg ^^
|c|âsniperaim|gg
|leave|Anttya
|player|p2
|leave|sniperaim
|player|p1
|join|Anttya