|join|sniperaim
|join|elemelonium
|player|p1|sniperaim|220
|player|p2|elemelonium|108
|gametype|singles
|gen|6
|tier|UU
|rule|Sleep Clause Mod: Limit one foe put to sleep
|rule|Species Clause: Limit one of each PokÃ©mon
|rule|OHKO Clause: OHKO moves are banned
|rule|Moody Clause: Moody is banned
|rule|Evasion Moves Clause: Evasion moves are banned
|rule|Endless Battle Clause: Forcing endless battles is banned
|rule|HP Percentage Mod: HP is shown in percentages
|clearpoke
|poke|p1|Alakazam, M
|poke|p1|Jynx, F, shiny
|poke|p1|Hitmonlee, M
|poke|p1|Azelf
|poke|p1|Metagross
|poke|p1|Accelgor, M
|poke|p2|Gallade, M
|poke|p2|Gligar, M
|poke|p2|Doublade, M, shiny
|poke|p2|Hydreigon, M, shiny
|poke|p2|Swampert, M
|poke|p2|Umbreon, F, shiny
|rule|Swagger Clause: Swagger is banned
|rule|Baton Pass Clause: Limit one PokÃ©mon knowing Baton Pass
|teampreview
|c|âelemelonium|nice cancer
|c|âsniperaim|kek
|
|start
|switch|p1a: Hitmonlee|Hitmonlee, M|242\/242
|switch|p2a: Aegon Targaryen|Hydreigon, M, shiny|325\/325
|turn|1
|
|move|p2a: Aegon Targaryen|U-turn|p1a: Hitmonlee
|-resisted|p1a: Hitmonlee
|-damage|p1a: Hitmonlee|196\/242
|c|âelemelonium|why do you still have gross
|
|switch|p2a: Janos Slynt|Swampert, M|403\/403
|move|p1a: Hitmonlee|Knock Off|p2a: Janos Slynt
|-damage|p2a: Janos Slynt|323\/403
|-enditem|p2a: Janos Slynt|Leftovers|[from] move: Knock Off|[of] p1a: Hitmonlee
|
|turn|2
|c|âsniperaim|cus it gud
|c|âelemelonium|lol
|c|âelemelonium|its shit
|
|switch|p1a: Accelgor|Accelgor, M|364\/364
|move|p2a: Janos Slynt|Stealth Rock|p1a: Accelgor
|-sidestart|p1: sniperaim|move: Stealth Rock
|
|turn|3
|c|âelemelonium|like you
|c|âsniperaim|lmao
|
|switch|p2a: Night's Watch|Doublade, M, shiny|312\/312
|move|p1a: Accelgor|Final Gambit|p2a: Night's Watch
|-immune|p2a: Night's Watch|[msg]
|
|turn|4
|c|âelemelonium|catch this ass clap
|
|switch|p1a: Jynx|Jynx, F, shiny|271\/271
|-damage|p1a: Jynx|204\/271|[from] Stealth Rock
|move|p2a: Night's Watch|Swords Dance|p2a: Night's Watch
|-boost|p2a: Night's Watch|atk|2
|
|turn|5
|c|âsniperaim|lol
|
|move|p2a: Night's Watch|Shadow Sneak|p1a: Jynx
|-supereffective|p1a: Jynx
|-damage|p1a: Jynx|0 fnt
|faint|p1a: Jynx
|
|
|switch|p1a: Alakazam|Alakazam, M|251\/251
|-damage|p1a: Alakazam|220\/251|[from] Stealth Rock
|turn|6
|c|âelemelonium|lmao
|c|âelemelonium|ur so bad
|
|move|p2a: Night's Watch|Shadow Sneak|p1a: Alakazam
|-supereffective|p1a: Alakazam
|-damage|p1a: Alakazam|0 fnt
|faint|p1a: Alakazam
|
|c|âsniperaim|im good at uu
|
|switch|p1a: Metagross|Metagross|302\/302
|-damage|p1a: Metagross|284\/302|[from] Stealth Rock
|turn|7
|join|DGChuck
|
|move|p2a: Night's Watch|Shadow Sneak|p1a: Metagross
|-supereffective|p1a: Metagross
|-damage|p1a: Metagross|68\/302
|move|p1a: Metagross|Earthquake|p2a: Night's Watch
|-crit|p2a: Night's Watch
|-supereffective|p2a: Night's Watch
|-damage|p2a: Night's Watch|75\/312
|-damage|p1a: Metagross|38\/302|[from] item: Life Orb
|
|turn|8
|c|âelemelonium|of course ud crit
|c|âelemelonium|lucky fgt
|
|move|p2a: Night's Watch|Shadow Sneak|p1a: Metagross
|-supereffective|p1a: Metagross
|-damage|p1a: Metagross|0 fnt
|faint|p1a: Metagross
|
|join|hophipislegit
|c|âsniperaim|kek
|
|switch|p1a: Hitmonlee|Hitmonlee, M|196\/242
|-damage|p1a: Hitmonlee|181\/242|[from] Stealth Rock
|turn|9
|
|move|p2a: Night's Watch|Shadow Sneak|p1a: Hitmonlee
|-damage|p1a: Hitmonlee|0 fnt
|faint|p1a: Hitmonlee
|
|c|âelemelonium|lol
|
|switch|p1a: Azelf|Azelf|291\/291
|-damage|p1a: Azelf|255\/291|[from] Stealth Rock
|turn|10
|c|âelemelonium|nice 6-0 assclap
|
|move|p2a: Night's Watch|Shadow Sneak|p1a: Azelf
|-supereffective|p1a: Azelf
|-damage|p1a: Azelf|0 fnt
|faint|p1a: Azelf
|
|
|switch|p1a: Accelgor|Accelgor, M|364\/364
|-damage|p1a: Accelgor|273\/364|[from] Stealth Rock
|turn|11
|
|move|p2a: Night's Watch|Shadow Sneak|p1a: Accelgor
|-damage|p1a: Accelgor|0 fnt
|faint|p1a: Accelgor
|
|win|elemelonium
|c|âsniperaim|bg
|leave|hophipislegit
|c|âelemelonium|saving this replay
|c|âelemelonium|fgt
|c|âsniperaim|LOL