|join|sniperaim
|join|dingbat
|player|p1|sniperaim|220
|player|p2|dingbat|3
|gametype|singles
|gen|6
|tier|UU
|rated
|rule|Sleep Clause Mod: Limit one foe put to sleep
|rule|Species Clause: Limit one of each PokÃ©mon
|rule|OHKO Clause: OHKO moves are banned
|rule|Moody Clause: Moody is banned
|rule|Evasion Moves Clause: Evasion moves are banned
|rule|Endless Battle Clause: Forcing endless battles is banned
|rule|HP Percentage Mod: HP is shown in percentages
|clearpoke
|poke|p1|Jirachi, shiny
|poke|p1|Tentacruel, F
|poke|p1|Swampert, F
|poke|p1|Hydreigon, F
|poke|p1|Umbreon, F, shiny
|poke|p1|Doublade, F
|poke|p2|Zygarde
|poke|p2|Jirachi
|poke|p2|Sableye, F
|poke|p2|Chesnaught, M
|poke|p2|Tentacruel, F
|poke|p2|Florges, F
|rule|Swagger Clause: Swagger is banned
|rule|Baton Pass Clause: Limit one PokÃ©mon knowing Baton Pass
|teampreview
|c|âdingbat|hiiiiiiii
|c|âsniperaim|im drunk
|join|Bob the Bro
|c|âsniperaim|hello
|c| Bob the Bro|bop
|
|start
|switch|p1a: Tentacruel|Tentacruel, F|364\/364
|switch|p2a: Sableye|Sableye, F|303\/303
|turn|1
|join|Gobo's Kush
|join|blitzfiend
|c| Gobo's Kush|hi utube
|c| Gobo's Kush|!!!
|c| Gobo's Kush|?
|join|meowchievement
|
|move|p1a: Tentacruel|Toxic Spikes|p2a: Sableye
|-sidestart|p2: dingbat|move: Toxic Spikes
|move|p2a: Sableye|Knock Off|p1a: Tentacruel
|-damage|p1a: Tentacruel|277\/364
|-enditem|p1a: Tentacruel|Black Sludge|[from] move: Knock Off|[of] p2a: Sableye
|
|turn|2
|
|switch|p2a: Tentacruel|Tentacruel, F|363\/363
|-sideend|p2: dingbat|move: Toxic Spikes|[of] p2a: Tentacruel
|move|p1a: Tentacruel|Scald|p2a: Tentacruel
|-resisted|p2a: Tentacruel
|-damage|p2a: Tentacruel|327\/363
|
|-heal|p2a: Tentacruel|349\/363|[from] item: Black Sludge
|turn|3
|join|DrReuniclus3
|join|Dad's Dad's Gay
|
|move|p1a: Tentacruel|Scald|p2a: Tentacruel
|-resisted|p2a: Tentacruel
|-damage|p2a: Tentacruel|317\/363
|-status|p2a: Tentacruel|brn
|move|p2a: Tentacruel|Scald|p1a: Tentacruel
|-resisted|p1a: Tentacruel
|-damage|p1a: Tentacruel|242\/364
|
|-heal|p2a: Tentacruel|339\/363 brn|[from] item: Black Sludge
|-damage|p2a: Tentacruel|294\/363 brn|[from] brn
|turn|4
|
|move|p1a: Tentacruel|Toxic Spikes|p2a: Tentacruel
|-sidestart|p2: dingbat|move: Toxic Spikes
|move|p2a: Tentacruel|Scald|p1a: Tentacruel
|-resisted|p1a: Tentacruel
|-damage|p1a: Tentacruel|207\/364
|-status|p1a: Tentacruel|brn
|
|-heal|p2a: Tentacruel|316\/363 brn|[from] item: Black Sludge
|-damage|p1a: Tentacruel|162\/364 brn|[from] brn
|-damage|p2a: Tentacruel|271\/363 brn|[from] brn
|turn|5
|
|switch|p1a: elitesniper|Umbreon, F, shiny|394\/394
|move|p2a: Tentacruel|Scald|p1a: elitesniper
|-damage|p1a: elitesniper|346\/394
|-status|p1a: elitesniper|brn
|
|-heal|p2a: Tentacruel|293\/363 brn|[from] item: Black Sludge
|-heal|p1a: elitesniper|370\/394 brn|[from] item: Leftovers
|-damage|p2a: Tentacruel|248\/363 brn|[from] brn
|-damage|p1a: elitesniper|321\/394 brn|[from] brn
|turn|6
|c|âdingbat|bop
|
|move|p2a: Tentacruel|Knock Off|p1a: elitesniper
|-crit|p1a: elitesniper
|-resisted|p1a: elitesniper
|-damage|p1a: elitesniper|303\/394 brn
|-enditem|p1a: elitesniper|Leftovers|[from] move: Knock Off|[of] p2a: Tentacruel
|move|p1a: elitesniper|Heal Bell|p1a: elitesniper
|-cureteam|p1a: elitesniper|[from] move: HealBell
|
|-heal|p2a: Tentacruel|270\/363 brn|[from] item: Black Sludge
|-damage|p2a: Tentacruel|225\/363 brn|[from] brn
|turn|7
|join|CallOfGayFrens
|
|move|p1a: elitesniper|Protect|p1a: elitesniper
|-singleturn|p1a: elitesniper|Protect
|move|p2a: Tentacruel|Rapid Spin|p1a: elitesniper
|-activate|p1a: elitesniper|Protect
|
|-heal|p2a: Tentacruel|247\/363 brn|[from] item: Black Sludge
|-damage|p2a: Tentacruel|202\/363 brn|[from] brn
|turn|8
|
|move|p2a: Tentacruel|Knock Off|p1a: elitesniper
|-resisted|p1a: elitesniper
|-damage|p1a: elitesniper|296\/394
|move|p1a: elitesniper|Wish|p1a: elitesniper
|
|-heal|p2a: Tentacruel|224\/363 brn|[from] item: Black Sludge
|-damage|p2a: Tentacruel|179\/363 brn|[from] brn
|turn|9
|
|switch|p1a: Tentacruel|Tentacruel, F|162\/364
|move|p2a: Tentacruel|Rapid Spin|p1a: Tentacruel
|-damage|p1a: Tentacruel|156\/364
|-sideend|p2: dingbat|Toxic Spikes|[from] move: Rapid Spin|[of] p2a: Tentacruel
|
|-heal|p1a: Tentacruel|353\/364|[from] move: Wish|[wisher] elitesniper
|-heal|p2a: Tentacruel|201\/363 brn|[from] item: Black Sludge
|-damage|p2a: Tentacruel|156\/363 brn|[from] brn
|turn|10
|
|switch|p2a: Zygarde|Zygarde|404\/404
|-ability|p2a: Zygarde|Aura Break
|move|p1a: Tentacruel|Toxic Spikes|p2a: Zygarde
|-sidestart|p2: dingbat|move: Toxic Spikes
|
|turn|11
|join|CoolStoryBruhbat
|
|switch|p1a: Swampert|Swampert, F|401\/401
|move|p2a: Zygarde|Substitute|p2a: Zygarde
|-start|p2a: Zygarde|Substitute
|-damage|p2a: Zygarde|303\/404
|
|-heal|p2a: Zygarde|328\/404|[from] item: Leftovers
|turn|12
|
|move|p2a: Zygarde|Dragon Tail|p1a: Swampert
|-damage|p1a: Swampert|347\/401
|drag|p1a: Hydreigon|Hydreigon, F|325\/325
|
|-heal|p2a: Zygarde|353\/404|[from] item: Leftovers
|turn|13
|join|gr8 b8 m8 i r8
|join|Heydude:D
|leave|Heydude:D
|
|move|p1a: Hydreigon|U-turn|p2a: Zygarde
|-activate|p2a: Zygarde|Substitute|[damage]
|
|switch|p1a: Swampert|Swampert, F|347\/401
|move|p2a: Zygarde|Dragon Tail|p1a: Swampert
|-damage|p1a: Swampert|296\/401
|drag|p1a: Tentacruel|Tentacruel, F|353\/364
|
|-heal|p2a: Zygarde|378\/404|[from] item: Leftovers
|turn|14
|
|switch|p1a: Hydreigon|Hydreigon, F|325\/325
|move|p2a: Zygarde|Coil|p2a: Zygarde
|-boost|p2a: Zygarde|atk|1
|-boost|p2a: Zygarde|def|1
|-boost|p2a: Zygarde|accuracy|1
|
|-heal|p2a: Zygarde|403\/404|[from] item: Leftovers
|turn|15
|
|move|p1a: Hydreigon|U-turn|p2a: Zygarde
|-activate|p2a: Zygarde|Substitute|[damage]
|c|âdingbat|mfw
|
|switch|p1a: bob the bro|Doublade, F|322\/322
|move|p2a: Zygarde|Substitute|p2a: Zygarde
|-fail|p2a: Zygarde|move: Substitute
|
|-heal|p2a: Zygarde|404\/404|[from] item: Leftovers
|turn|16
|c|âdingbat|i clicked sub
|join|DrReuniclus3
|c| gr8 b8 m8 i r8|mfw
|
|move|p2a: Zygarde|Earthquake|p1a: bob the bro
|-supereffective|p1a: bob the bro
|-damage|p1a: bob the bro|152\/322
|move|p1a: bob the bro|Sacred Sword|p2a: Zygarde
|-end|p2a: Zygarde|Substitute
|
|turn|17
|c| gr8 b8 m8 i r8|u got rekt
|
|switch|p1a: Hydreigon|Hydreigon, F|325\/325
|move|p2a: Zygarde|Substitute|p2a: Zygarde
|-start|p2a: Zygarde|Substitute
|-damage|p2a: Zygarde|303\/404
|
|-heal|p2a: Zygarde|328\/404|[from] item: Leftovers
|turn|18
|join|TickleMyPubes
|c|âdingbat|pop
|
|move|p1a: Hydreigon|Draco Meteor|p2a: Zygarde
|-supereffective|p2a: Zygarde
|-end|p2a: Zygarde|Substitute
|-unboost|p1a: Hydreigon|spa|2
|move|p2a: Zygarde|Dragon Tail|p1a: Hydreigon
|-supereffective|p1a: Hydreigon
|-damage|p1a: Hydreigon|109\/325
|drag|p1a: Jirachi|Jirachi, shiny|341\/341
|
|-heal|p2a: Zygarde|353\/404|[from] item: Leftovers
|turn|19
|
|move|p1a: Jirachi|Moonblast|p2a: Zygarde
|-supereffective|p2a: Zygarde
|-damage|p2a: Zygarde|199\/404
|-unboost|p2a: Zygarde|spa|1
|move|p2a: Zygarde|Substitute|p2a: Zygarde
|-start|p2a: Zygarde|Substitute
|-damage|p2a: Zygarde|98\/404
|
|-heal|p2a: Zygarde|123\/404|[from] item: Leftovers
|turn|20
|join|whos brobat
|c|âdingbat|oh
|
|switch|p1a: Hydreigon|Hydreigon, F|109\/325
|move|p2a: Zygarde|Earthquake|p1a: Hydreigon
|-immune|p1a: Hydreigon|[msg]
|
|-heal|p2a: Zygarde|148\/404|[from] item: Leftovers
|turn|21
|
|move|p1a: Hydreigon|Draco Meteor|p2a: Zygarde
|-supereffective|p2a: Zygarde
|-end|p2a: Zygarde|Substitute
|-unboost|p1a: Hydreigon|spa|2
|move|p2a: Zygarde|Dragon Tail|p1a: Hydreigon
|-supereffective|p1a: Hydreigon
|-damage|p1a: Hydreigon|0 fnt
|faint|p1a: Hydreigon
|
|-heal|p2a: Zygarde|173\/404|[from] item: Leftovers
|
|switch|p1a: Jirachi|Jirachi, shiny|341\/341
|turn|22
|
|move|p1a: Jirachi|Moonblast|p2a: Zygarde
|-supereffective|p2a: Zygarde
|-damage|p2a: Zygarde|41\/404
|-unboost|p2a: Zygarde|spa|1
|move|p2a: Zygarde|Earthquake|p1a: Jirachi
|-supereffective|p1a: Jirachi
|-damage|p1a: Jirachi|0 fnt
|faint|p1a: Jirachi
|
|-heal|p2a: Zygarde|66\/404|[from] item: Leftovers
|join|Dad's Manhood
|join|xosobog
|
|switch|p1a: Swampert|Swampert, F|296\/401
|turn|23
|
|move|p2a: Zygarde|Earthquake|p1a: Swampert
|-damage|p1a: Swampert|152\/401
|move|p1a: Swampert|Earthquake|p2a: Zygarde
|-damage|p2a: Zygarde|0 fnt
|faint|p2a: Zygarde
|
|-heal|p1a: Swampert|177\/401|[from] item: Leftovers
|
|switch|p2a: Tentacruel|Tentacruel, F|156\/363 brn
|-sideend|p2: dingbat|move: Toxic Spikes|[of] p2a: Tentacruel
|turn|24
|
|switch|p2a: Chesnaught|Chesnaught, M|380\/380
|move|p1a: Swampert|Earthquake|p2a: Chesnaught
|-resisted|p2a: Chesnaught
|-damage|p2a: Chesnaught|336\/380
|
|-heal|p2a: Chesnaught|359\/380|[from] item: Leftovers
|-heal|p1a: Swampert|202\/401|[from] item: Leftovers
|turn|25
|
|switch|p1a: Tentacruel|Tentacruel, F|353\/364
|move|p2a: Chesnaught|Wood Hammer|p1a: Tentacruel
|-damage|p1a: Tentacruel|211\/364
|-damage|p2a: Chesnaught|312\/380|[from] recoil|[of] p1a: Tentacruel
|
|-heal|p2a: Chesnaught|335\/380|[from] item: Leftovers
|turn|26
|
|move|p1a: Tentacruel|Toxic|p2a: Chesnaught
|-status|p2a: Chesnaught|tox
|move|p2a: Chesnaught|Wood Hammer|p1a: Tentacruel
|-damage|p1a: Tentacruel|76\/364
|-damage|p2a: Chesnaught|290\/380 tox|[from] recoil|[of] p1a: Tentacruel
|
|-heal|p2a: Chesnaught|313\/380 tox|[from] item: Leftovers
|-damage|p2a: Chesnaught|290\/380 tox|[from] psn
|turn|27
|
|move|p1a: Tentacruel|Toxic Spikes|p2a: Chesnaught
|-sidestart|p2: dingbat|move: Toxic Spikes
|move|p2a: Chesnaught|Wood Hammer|p1a: Tentacruel
|-damage|p1a: Tentacruel|0 fnt
|-damage|p2a: Chesnaught|265\/380 tox|[from] recoil|[of] p1a: Tentacruel
|faint|p1a: Tentacruel
|
|-heal|p2a: Chesnaught|288\/380 tox|[from] item: Leftovers
|-damage|p2a: Chesnaught|242\/380 tox|[from] psn
|join|micmacaroni
|
|switch|p1a: elitesniper|Umbreon, F, shiny|296\/394
|turn|28
|
|switch|p2a: Tentacruel|Tentacruel, F|156\/363 brn
|-sideend|p2: dingbat|move: Toxic Spikes|[of] p2a: Tentacruel
|move|p1a: elitesniper|Wish|p1a: elitesniper
|
|-heal|p2a: Tentacruel|178\/363 brn|[from] item: Black Sludge
|-damage|p2a: Tentacruel|133\/363 brn|[from] brn
|turn|29
|
|switch|p1a: bob the bro|Doublade, F|152\/322
|move|p2a: Tentacruel|Knock Off|p1a: bob the bro
|-supereffective|p1a: bob the bro
|-damage|p1a: bob the bro|126\/322
|-enditem|p1a: bob the bro|Eviolite|[from] move: Knock Off|[of] p2a: Tentacruel
|
|-heal|p1a: bob the bro|322\/322|[from] move: Wish|[wisher] elitesniper
|-heal|p2a: Tentacruel|155\/363 brn|[from] item: Black Sludge
|-damage|p2a: Tentacruel|110\/363 brn|[from] brn
|turn|30
|c|âdingbat|kek
|
|switch|p1a: elitesniper|Umbreon, F, shiny|296\/394
|move|p2a: Tentacruel|Toxic Spikes|p1a: elitesniper
|-sidestart|p1: sniperaim|move: Toxic Spikes
|
|-heal|p2a: Tentacruel|132\/363 brn|[from] item: Black Sludge
|-damage|p2a: Tentacruel|87\/363 brn|[from] brn
|turn|31
|c| Bob the Bro|predict no burn and gobo it up imo
|join|dadsdadgay?
|
|move|p2a: Tentacruel|Toxic Spikes|p1a: elitesniper
|-sidestart|p1: sniperaim|move: Toxic Spikes
|move|p1a: elitesniper|Wish|p1a: elitesniper
|
|-heal|p2a: Tentacruel|109\/363 brn|[from] item: Black Sludge
|-damage|p2a: Tentacruel|64\/363 brn|[from] brn
|turn|32
|c| xosobog|Become a gobo
|c|âdingbat|^
|
|switch|p1a: Swampert|Swampert, F|202\/401
|-status|p1a: Swampert|tox
|move|p2a: Tentacruel|Scald|p1a: Swampert
|-damage|p1a: Swampert|115\/401 tox
|
|-heal|p1a: Swampert|312\/401 tox|[from] move: Wish|[wisher] elitesniper
|-heal|p2a: Tentacruel|86\/363 brn|[from] item: Black Sludge
|-heal|p1a: Swampert|337\/401 tox|[from] item: Leftovers
|-damage|p2a: Tentacruel|41\/363 brn|[from] brn
|-damage|p1a: Swampert|312\/401 tox|[from] psn
|turn|33
|
|switch|p1a: elitesniper|Umbreon, F, shiny|296\/394
|-status|p1a: elitesniper|tox
|move|p2a: Tentacruel|Knock Off|p1a: elitesniper
|-resisted|p1a: elitesniper
|-damage|p1a: elitesniper|289\/394 tox
|
|-heal|p2a: Tentacruel|63\/363 brn|[from] item: Black Sludge
|-damage|p2a: Tentacruel|18\/363 brn|[from] brn
|-damage|p1a: elitesniper|265\/394 tox|[from] psn
|turn|34
|
|move|p2a: Tentacruel|Scald|p1a: elitesniper
|-damage|p1a: elitesniper|216\/394 tox
|move|p1a: elitesniper|Wish|p1a: elitesniper
|
|-heal|p2a: Tentacruel|40\/363 brn|[from] item: Black Sludge
|-damage|p2a: Tentacruel|0 fnt|[from] brn
|-damage|p1a: elitesniper|168\/394 tox|[from] psn
|faint|p2a: Tentacruel
|
|switch|p2a: Sableye|Sableye, F|303\/303
|turn|35
|join|schlamaladingdong
|
|switch|p1a: Swampert|Swampert, F|312\/401 tox
|move|p2a: Sableye|Taunt|p1a: Swampert
|-start|p1a: Swampert|move: Taunt
|
|-heal|p1a: Swampert|401\/401 tox|[from] move: Wish|[wisher] elitesniper
|-damage|p1a: Swampert|376\/401 tox|[from] psn
|turn|36
|
|move|p1a: Swampert|Scald|p2a: Sableye
|-damage|p2a: Sableye|230\/303
|move|p2a: Sableye|Knock Off|p1a: Swampert
|-damage|p1a: Swampert|306\/401 tox
|-enditem|p1a: Swampert|Leftovers|[from] move: Knock Off|[of] p2a: Sableye
|
|-heal|p2a: Sableye|248\/303|[from] item: Leftovers
|-damage|p1a: Swampert|256\/401 tox|[from] psn
|turn|37
|c| TickleMyPubes|..
|
|switch|p2a: Chesnaught|Chesnaught, M|242\/380 tox
|move|p1a: Swampert|Scald|p2a: Chesnaught
|-resisted|p2a: Chesnaught
|-damage|p2a: Chesnaught|199\/380 tox
|
|-heal|p2a: Chesnaught|222\/380 tox|[from] item: Leftovers
|-damage|p2a: Chesnaught|199\/380 tox|[from] psn
|-damage|p1a: Swampert|181\/401 tox|[from] psn
|turn|38
|leave|micmacaroni
|c| TickleMyPubes|isnt that game
|
|switch|p1a: elitesniper|Umbreon, F, shiny|168\/394 tox
|move|p2a: Chesnaught|Spikes|p1a: elitesniper
|-sidestart|p1: sniperaim|Spikes
|
|-heal|p2a: Chesnaught|222\/380 tox|[from] item: Leftovers
|-damage|p1a: elitesniper|144\/394 tox|[from] psn
|-damage|p2a: Chesnaught|176\/380 tox|[from] psn
|turn|39
|
|move|p1a: elitesniper|Wish|p1a: elitesniper
|move|p2a: Chesnaught|Spikes|p1a: elitesniper
|-sidestart|p1: sniperaim|Spikes
|
|-heal|p2a: Chesnaught|199\/380 tox|[from] item: Leftovers
|-damage|p1a: elitesniper|96\/394 tox|[from] psn
|-damage|p2a: Chesnaught|130\/380 tox|[from] psn
|turn|40
|
|move|p1a: elitesniper|Heal Bell|p1a: elitesniper
|-cureteam|p1a: elitesniper|[from] move: HealBell
|move|p2a: Chesnaught|Spikes|p1a: elitesniper
|-sidestart|p1: sniperaim|Spikes
|
|-heal|p1a: elitesniper|293\/394|[from] move: Wish|[wisher] elitesniper
|-heal|p2a: Chesnaught|153\/380 tox|[from] item: Leftovers
|-damage|p2a: Chesnaught|61\/380 tox|[from] psn
|turn|41
|
|switch|p2a: Florges|Florges, F|360\/360
|move|p1a: elitesniper|Wish|p1a: elitesniper
|
|turn|42
|
|switch|p2a: Sableye|Sableye, F|248\/303
|switch|p1a: bob the bro|Doublade, F|322\/322
|-damage|p1a: bob the bro|242\/322|[from] Spikes
|
|-heal|p1a: bob the bro|322\/322|[from] move: Wish|[wisher] elitesniper
|-heal|p2a: Sableye|266\/303|[from] item: Leftovers
|turn|43
|
|switch|p1a: elitesniper|Umbreon, F, shiny|293\/394
|-status|p1a: elitesniper|tox
|-damage|p1a: elitesniper|195\/394 tox|[from] Spikes
|move|p2a: Sableye|Will-O-Wisp|p1a: elitesniper|[miss]
|-miss|p2a: Sableye|p1a: elitesniper
|
|-heal|p2a: Sableye|284\/303|[from] item: Leftovers
|-damage|p1a: elitesniper|171\/394 tox|[from] psn
|turn|44
|
|switch|p1a: Swampert|Swampert, F|181\/401
|-status|p1a: Swampert|tox
|-damage|p1a: Swampert|81\/401 tox|[from] Spikes
|move|p2a: Sableye|Taunt|p1a: Swampert
|-start|p1a: Swampert|move: Taunt
|
|-heal|p2a: Sableye|302\/303|[from] item: Leftovers
|-damage|p1a: Swampert|56\/401 tox|[from] psn
|turn|45
|
|move|p1a: Swampert|Scald|p2a: Sableye
|-damage|p2a: Sableye|176\/303
|-status|p2a: Sableye|brn
|move|p2a: Sableye|Knock Off|p1a: Swampert
|-damage|p1a: Swampert|32\/401 tox
|
|-heal|p2a: Sableye|194\/303 brn|[from] item: Leftovers
|-damage|p1a: Swampert|0 fnt|[from] psn
|-damage|p2a: Sableye|157\/303 brn|[from] brn
|faint|p1a: Swampert
|
|switch|p1a: elitesniper|Umbreon, F, shiny|171\/394 tox
|-damage|p1a: elitesniper|73\/394 tox|[from] Spikes
|turn|46
|c|âdingbat|late game spiking 3
|c|âdingbat|:3
|join|BIG SCHLONG MCDONG
|
|move|p2a: Sableye|Taunt|p1a: elitesniper
|-start|p1a: elitesniper|move: Taunt
|cant|p1a: elitesniper|move: Taunt|Wish
|
|-heal|p2a: Sableye|175\/303 brn|[from] item: Leftovers
|-damage|p1a: elitesniper|49\/394 tox|[from] psn
|-damage|p2a: Sableye|138\/303 brn|[from] brn
|turn|47
|
|move|p2a: Sableye|Recover|p2a: Sableye
|-heal|p2a: Sableye|290\/303 brn
|move|p1a: elitesniper|Foul Play|p2a: Sableye
|-damage|p2a: Sableye|181\/303 brn
|
|-heal|p2a: Sableye|199\/303 brn|[from] item: Leftovers
|-damage|p1a: elitesniper|1\/394 tox|[from] psn
|-damage|p2a: Sableye|162\/303 brn|[from] brn
|turn|48
|
|move|p2a: Sableye|Recover|p2a: Sableye
|-heal|p2a: Sableye|303\/303 brn
|move|p1a: elitesniper|Foul Play|p2a: Sableye
|-damage|p2a: Sableye|198\/303 brn
|
|-heal|p2a: Sableye|216\/303 brn|[from] item: Leftovers
|-damage|p1a: elitesniper|0 fnt|[from] psn
|-damage|p2a: Sableye|179\/303 brn|[from] brn
|faint|p1a: elitesniper
|c|âsniperaim|i can still win
|c|âdingbat|:^)
|
|switch|p1a: bob the bro|Doublade, F|322\/322
|-damage|p1a: bob the bro|242\/322|[from] Spikes
|turn|49
|c| xosobog|Bleve in the misses and greed up
|c|âdingbat|nice no guard btw
|
|move|p2a: Sableye|Will-O-Wisp|p1a: bob the bro
|-status|p1a: bob the bro|brn
|move|p1a: bob the bro|Swords Dance|p1a: bob the bro
|-boost|p1a: bob the bro|atk|2
|
|-heal|p2a: Sableye|197\/303 brn|[from] item: Leftovers
|-damage|p2a: Sableye|160\/303 brn|[from] brn
|-damage|p1a: bob the bro|202\/322 brn|[from] brn
|turn|50
|c|âdingbat|change ability y\/n
|c| xosobog|y
|
|move|p2a: Sableye|Knock Off|p1a: bob the bro
|-supereffective|p1a: bob the bro
|-damage|p1a: bob the bro|160\/322 brn
|move|p1a: bob the bro|Swords Dance|p1a: bob the bro
|-boost|p1a: bob the bro|atk|2
|
|-heal|p2a: Sableye|178\/303 brn|[from] item: Leftovers
|-damage|p2a: Sableye|141\/303 brn|[from] brn
|-damage|p1a: bob the bro|120\/322 brn|[from] brn
|turn|51
|
|move|p1a: bob the bro|Shadow Sneak|p2a: Sableye
|-damage|p2a: Sableye|17\/303 brn
|move|p2a: Sableye|Knock Off|p1a: bob the bro
|-supereffective|p1a: bob the bro
|-damage|p1a: bob the bro|82\/322 brn
|
|-heal|p2a: Sableye|35\/303 brn|[from] item: Leftovers
|-damage|p2a: Sableye|0 fnt|[from] brn
|-damage|p1a: bob the bro|42\/322 brn|[from] brn
|faint|p2a: Sableye
|c|âdingbat|w
|c|âdingbat|e
|c|âdingbat|a
|c|âdingbat|k
|c|âsniperaim|u suck dingbat
|
|switch|p2a: Florges|Florges, F|360\/360
|turn|52
|c|âsniperaim|yall kno how i play
|c|âdingbat|if i had sticky web
|c|âdingbat|i would go ahead and set up all da damn hazards :p
|
|switch|p2a: Jirachi|Jirachi|341\/341
|move|p1a: bob the bro|Iron Head|p2a: Jirachi
|-resisted|p2a: Jirachi
|-damage|p2a: Jirachi|241\/341
|
|-heal|p2a: Jirachi|262\/341|[from] item: Leftovers
|-damage|p1a: bob the bro|2\/322 brn|[from] brn
|turn|53
|c|âdingbat|just cause
|-message|sniperaim forfeited.
|
|win|dingbat
|raw|Ladder updating...
|raw|sniperaim's rating: 1631 &rarr; <strong>1610<\/strong><br \/>(-21 for losing)
|raw|dingbat's rating: 1617 &rarr; <strong>1638<\/strong><br \/>(+21 for winning)
|leave|BIG SCHLONG MCDONG
|c|âdingbat|wow
|c|âsniperaim|ill get srs
|c|âdingbat|i was gonna
|c| xosobog|n
|c|âdingbat|set rocks
|leave|sniperaim
|player|p1
|join|BIG SCHLONG MCDONG
|leave|dingbat
|player|p2
|leave|xosobog
|leave|blitzfiend