|join|sniperaim
|join|IcyFireDelta
|player|p1|sniperaim|220
|player|p2|IcyFireDelta|168
|gametype|singles
|gen|6
|tier|UU
|rated
|rule|Sleep Clause Mod: Limit one foe put to sleep
|rule|Species Clause: Limit one of each PokÃ©mon
|rule|OHKO Clause: OHKO moves are banned
|rule|Moody Clause: Moody is banned
|rule|Evasion Moves Clause: Evasion moves are banned
|rule|Endless Battle Clause: Forcing endless battles is banned
|rule|HP Percentage Mod: HP is shown in percentages
|clearpoke
|poke|p1|Smeargle, F
|poke|p1|Mienshao, F
|poke|p1|Toxicroak, F
|poke|p1|Togekiss, M, shiny
|poke|p1|Donphan, F, shiny
|poke|p1|Nidoking, M, shiny
|poke|p2|Goodra, F
|poke|p2|Aggron, F
|poke|p2|Darmanitan, M
|poke|p2|Noivern, M
|poke|p2|Togekiss, M
|poke|p2|Porygon-Z
|rule|Swagger Clause: Swagger is banned
|rule|Baton Pass Clause: Limit one PokÃ©mon knowing Baton Pass
|teampreview
|
|start
|switch|p1a: mirror|Smeargle, F|314\/314
|switch|p2a: Goodra|Goodra, F|384\/384
|turn|1
|
|move|p1a: mirror|Stealth Rock|p2a: Goodra
|-sidestart|p2: IcyFireDelta|move: Stealth Rock
|move|p2a: Goodra|Flamethrower|p1a: mirror
|-damage|p1a: mirror|147\/314
|
|turn|2
|
|switch|p1a: Tattos|Donphan, F, shiny|375\/375
|move|p2a: Goodra|Flamethrower|p1a: Tattos
|-crit|p1a: Tattos
|-damage|p1a: Tattos|247\/375
|
|turn|3
|
|switch|p1a: Rekt|Togekiss, M, shiny|374\/374
|move|p2a: Goodra|Draco Meteor|p1a: Rekt
|-immune|p1a: Rekt|[msg]
|
|turn|4
|
|move|p2a: Goodra|Iron Tail|p1a: Rekt|[miss]
|-miss|p2a: Goodra|p1a: Rekt
|move|p1a: Rekt|Nasty Plot|p1a: Rekt
|-boost|p1a: Rekt|spa|2
|
|turn|5
|
|move|p2a: Goodra|Iron Tail|p1a: Rekt|[miss]
|-miss|p2a: Goodra|p1a: Rekt
|move|p1a: Rekt|Baton Pass|p1a: Rekt
|
|switch|p1a: NidoPenis|Nidoking, M, shiny|304\/304
|
|turn|6
|
|move|p1a: NidoPenis|Ice Beam|p2a: Goodra
|-supereffective|p2a: Goodra
|-damage|p2a: Goodra|132\/384
|move|p2a: Goodra|Draco Meteor|p1a: NidoPenis
|-damage|p1a: NidoPenis|33\/304
|-unboost|p2a: Goodra|spa|2
|
|turn|7
|
|move|p1a: NidoPenis|Ice Beam|p2a: Goodra
|-supereffective|p2a: Goodra
|-damage|p2a: Goodra|0 fnt
|faint|p2a: Goodra
|
|
|switch|p2a: Noivern|Noivern, M|312\/312
|-damage|p2a: Noivern|234\/312|[from] Stealth Rock
|-item|p1a: NidoPenis|Life Orb|[from] ability: Frisk|[of] p2a: Noivern|[identify]
|turn|8
|
|switch|p1a: mirror|Smeargle, F|147\/314
|move|p2a: Noivern|Air Slash|p1a: mirror
|-damage|p1a: mirror|0 fnt
|faint|p1a: mirror
|
|
|switch|p1a: Tattos|Donphan, F, shiny|247\/375
|turn|9
|
|switch|p2a: Porygon-Z|Porygon-Z|341\/341
|-damage|p2a: Porygon-Z|299\/341|[from] Stealth Rock
|move|p1a: Tattos|Stone Edge|p2a: Porygon-Z
|-damage|p2a: Porygon-Z|129\/341
|
|turn|10
|
|move|p2a: Porygon-Z|Tri Attack|p1a: Tattos
|-damage|p1a: Tattos|0 fnt
|faint|p1a: Tattos
|
|
|switch|p1a: Shao-Ming|Mienshao, F|272\/272
|turn|11
|
|switch|p2a: Togekiss|Togekiss, M|374\/374
|-damage|p2a: Togekiss|281\/374|[from] Stealth Rock
|move|p1a: Shao-Ming|Knock Off|p2a: Togekiss
|-resisted|p2a: Togekiss
|-damage|p2a: Togekiss|197\/374
|-enditem|p2a: Togekiss|Leftovers|[from] move: Knock Off|[of] p1a: Shao-Ming
|
|turn|12
|
|switch|p1a: Rekt|Togekiss, M, shiny|374\/374
|move|p2a: Togekiss|Tailwind|p2a: Togekiss
|-sidestart|p2: IcyFireDelta|move: Tailwind
|
|turn|13
|
|move|p2a: Togekiss|Thunder Wave|p1a: Rekt
|-status|p1a: Rekt|par
|move|p1a: Rekt|Nasty Plot|p1a: Rekt
|-boost|p1a: Rekt|spa|2
|
|turn|14
|
|switch|p2a: Darmanitan|Darmanitan, M|352\/352
|-damage|p2a: Darmanitan|264\/352|[from] Stealth Rock
|move|p1a: Rekt|Dazzling Gleam|p2a: Darmanitan
|-resisted|p2a: Darmanitan
|-damage|p2a: Darmanitan|81\/352
|
|turn|15
|
|move|p2a: Darmanitan|Rock Slide|p1a: Rekt
|-supereffective|p1a: Rekt
|-damage|p1a: Rekt|117\/374 par
|move|p1a: Rekt|Dazzling Gleam|p2a: Darmanitan
|-resisted|p2a: Darmanitan
|-damage|p2a: Darmanitan|0 fnt
|faint|p2a: Darmanitan
|
|-heal|p1a: Rekt|140\/374 par|[from] item: Leftovers
|-sideend|p2: IcyFireDelta|move: Tailwind
|
|switch|p2a: Porygon-Z|Porygon-Z|129\/341
|-damage|p2a: Porygon-Z|87\/341|[from] Stealth Rock
|turn|16
|
|move|p2a: Porygon-Z|Tri Attack|p1a: Rekt
|-damage|p1a: Rekt|0 fnt
|faint|p1a: Rekt
|
|
|switch|p1a: Shao-Ming|Mienshao, F|272\/272
|turn|17
|
|switch|p2a: Togekiss|Togekiss, M|197\/374
|-damage|p2a: Togekiss|104\/374|[from] Stealth Rock
|move|p1a: Shao-Ming|U-turn|p2a: Togekiss
|-resisted|p2a: Togekiss
|-damage|p2a: Togekiss|72\/374
|
|switch|p1a: NidoPenis|Nidoking, M, shiny|33\/304
|
|turn|18
|
|move|p1a: NidoPenis|Ice Beam|p2a: Togekiss
|-supereffective|p2a: Togekiss
|-damage|p2a: Togekiss|0 fnt
|faint|p2a: Togekiss
|
|
|switch|p2a: Noivern|Noivern, M|234\/312
|-damage|p2a: Noivern|156\/312|[from] Stealth Rock
|-item|p1a: NidoPenis|Life Orb|[from] ability: Frisk|[of] p2a: Noivern|[identify]
|turn|19
|
|move|p2a: Noivern|Air Slash|p1a: NidoPenis
|-damage|p1a: NidoPenis|0 fnt
|faint|p1a: NidoPenis
|
|
|switch|p1a: Chin nuts|Toxicroak, F|308\/308
|turn|20
|
|move|p1a: Chin nuts|Sucker Punch|p2a: Noivern
|-damage|p2a: Noivern|12\/312
|-damage|p1a: Chin nuts|278\/308|[from] item: Life Orb
|move|p2a: Noivern|Air Slash|p1a: Chin nuts
|-supereffective|p1a: Chin nuts
|-damage|p1a: Chin nuts|0 fnt
|faint|p1a: Chin nuts
|
|
|switch|p1a: Shao-Ming|Mienshao, F|272\/272
|turn|21
|
|move|p2a: Noivern|Air Slash|p1a: Shao-Ming
|-supereffective|p1a: Shao-Ming
|-damage|p1a: Shao-Ming|0 fnt
|faint|p1a: Shao-Ming
|
|win|IcyFireDelta
|raw|Ladder updating...
|raw|sniperaim's rating: 1549 &rarr; <strong>1525<\/strong><br \/>(-24 for losing)
|raw|IcyFireDelta's rating: 1467 &rarr; <strong>1492<\/strong><br \/>(+25 for winning)