|join|ablert enistein
|join|sniperaim
|player|p1|ablert enistein|183
|player|p2|sniperaim|220
|gametype|singles
|gen|6
|tier|UU
|rule|Sleep Clause Mod: Limit one foe put to sleep
|rule|Species Clause: Limit one of each PokÃ©mon
|rule|OHKO Clause: OHKO moves are banned
|rule|Moody Clause: Moody is banned
|rule|Evasion Moves Clause: Evasion moves are banned
|rule|Endless Battle Clause: Forcing endless battles is banned
|rule|HP Percentage Mod: HP is shown in percentages
|clearpoke
|poke|p1|Reuniclus, M
|poke|p1|Machamp, M
|poke|p1|Hippowdon, F
|poke|p1|Hydreigon, M
|poke|p1|Jirachi
|poke|p1|Ampharos, F
|poke|p2|Jirachi, shiny
|poke|p2|Tentacruel, M
|poke|p2|Swampert, F
|poke|p2|Crobat, M
|poke|p2|Umbreon, F, shiny
|poke|p2|Doublade, M
|rule|Swagger Clause: Swagger is banned
|rule|Baton Pass Clause: Limit one PokÃ©mon knowing Baton Pass
|teampreview
|c|âablert enistein|reuniclus just destroys u
|c|âsniperaim|n
|c|âablert enistein|lol yes it does
|c|âablert enistein|wtfc
|join|xShiba
|c|âsniperaim|kek
|
|start
|switch|p1a: Daemon Blackfyre|Hydreigon, M|337\/337
|switch|p2a: brobat|Crobat, M|343\/343
|turn|1
|c|âablert enistein|give a nigga some time
|c| xShiba|go sniperaim
|c|âablert enistein|static here
|
|switch|p2a: elitesniper|Umbreon, F, shiny|394\/394
|switch|p1a: Daenerys Stormborn|Ampharos, F|383\/383
|
|turn|2
|
|switch|p1a: Daemon Blackfyre|Hydreigon, M|337\/337
|move|p2a: elitesniper|Wish|p2a: elitesniper
|
|turn|3
|
|move|p1a: Daemon Blackfyre|Taunt|p2a: elitesniper
|-start|p2a: elitesniper|move: Taunt
|move|p2a: elitesniper|Foul Play|p1a: Daemon Blackfyre
|-resisted|p1a: Daemon Blackfyre
|-damage|p1a: Daemon Blackfyre|286\/337
|
|-heal|p1a: Daemon Blackfyre|307\/337|[from] item: Leftovers
|turn|4
|
|switch|p2a: brobat|Crobat, M|343\/343
|move|p1a: Daemon Blackfyre|Dark Pulse|p2a: brobat
|-crit|p2a: brobat
|-damage|p2a: brobat|97\/343
|
|-heal|p2a: brobat|118\/343|[from] item: Black Sludge
|-heal|p1a: Daemon Blackfyre|328\/337|[from] item: Leftovers
|turn|5
|
|move|p2a: brobat|Roost|p2a: brobat
|-heal|p2a: brobat|290\/343
|move|p1a: Daemon Blackfyre|Dark Pulse|p2a: brobat
|-damage|p2a: brobat|113\/343
|
|-heal|p2a: brobat|134\/343|[from] item: Black Sludge
|-heal|p1a: Daemon Blackfyre|337\/337|[from] item: Leftovers
|turn|6
|c|âablert enistein|epic counters n-N
|c|âablert enistein|fuckl
|
|move|p2a: brobat|U-turn|p1a: Daemon Blackfyre
|-supereffective|p1a: Daemon Blackfyre
|-damage|p1a: Daemon Blackfyre|205\/337
|
|switch|p2a: elitesniper|Umbreon, F, shiny|394\/394
|move|p1a: Daemon Blackfyre|Dark Pulse|p2a: elitesniper
|-resisted|p2a: elitesniper
|-damage|p2a: elitesniper|352\/394
|
|-heal|p1a: Daemon Blackfyre|226\/337|[from] item: Leftovers
|-heal|p2a: elitesniper|376\/394|[from] item: Leftovers
|turn|7
|
|switch|p2a: wish had hoes|Tentacruel, M|364\/364
|move|p1a: Daemon Blackfyre|Dark Pulse|p2a: wish had hoes
|-damage|p2a: wish had hoes|241\/364
|
|-heal|p1a: Daemon Blackfyre|247\/337|[from] item: Leftovers
|-heal|p2a: wish had hoes|263\/364|[from] item: Black Sludge
|turn|8
|
|switch|p1a: Baymax|Reuniclus, M|421\/421
|move|p2a: wish had hoes|Toxic|p1a: Baymax
|-status|p1a: Baymax|tox
|
|-heal|p2a: wish had hoes|285\/364|[from] item: Black Sludge
|turn|9
|join|So Dynamic
|c| So Dynamic|this team is disgusting
|leave|So Dynamic
|join|So Dynamic
|leave|So Dynamic
|
|switch|p2a: brobat|Crobat, M|134\/343
|move|p1a: Baymax|Psyshock|p2a: brobat
|-supereffective|p2a: brobat
|-damage|p2a: brobat|0 fnt
|faint|p2a: brobat
|
|c|âablert enistein|ez
|
|switch|p2a: 2 BLADEZ|Doublade, M|322\/322
|turn|10
|
|switch|p1a: Hoes In Real Life|Hippowdon, F|420\/420
|-weather|Sandstorm
|move|p2a: 2 BLADEZ|Swords Dance|p2a: 2 BLADEZ
|-boost|p2a: 2 BLADEZ|atk|2
|
|-weather|Sandstorm|[upkeep]
|turn|11
|
|move|p2a: 2 BLADEZ|Iron Head|p1a: Hoes In Real Life
|-damage|p1a: Hoes In Real Life|179\/420
|cant|p1a: Hoes In Real Life|flinch
|
|-weather|Sandstorm|[upkeep]
|-heal|p1a: Hoes In Real Life|205\/420|[from] item: Leftovers
|turn|12
|c|âablert enistein|mffffffffffffffw
|
|move|p1a: Hoes In Real Life|Stealth Rock|p2a: 2 BLADEZ
|-sidestart|p2: sniperaim|move: Stealth Rock
|move|p2a: 2 BLADEZ|Iron Head|p1a: Hoes In Real Life
|-damage|p1a: Hoes In Real Life|0 fnt
|faint|p1a: Hoes In Real Life
|
|-weather|Sandstorm|[upkeep]
|
|switch|p1a: Daemon Blackfyre|Hydreigon, M|247\/337
|turn|13
|
|switch|p2a: wish had hoes|Tentacruel, M|285\/364
|-damage|p2a: wish had hoes|240\/364|[from] Stealth Rock
|move|p1a: Daemon Blackfyre|Dark Pulse|p2a: wish had hoes
|-damage|p2a: wish had hoes|126\/364
|
|-weather|Sandstorm|[upkeep]
|-damage|p1a: Daemon Blackfyre|226\/337|[from] sandstorm
|-damage|p2a: wish had hoes|104\/364|[from] sandstorm
|-heal|p1a: Daemon Blackfyre|247\/337|[from] item: Leftovers
|-heal|p2a: wish had hoes|126\/364|[from] item: Black Sludge
|turn|14
|
|move|p1a: Daemon Blackfyre|Draco Meteor|p2a: wish had hoes
|-damage|p2a: wish had hoes|0 fnt
|-unboost|p1a: Daemon Blackfyre|spa|2
|faint|p2a: wish had hoes
|
|-weather|none
|-heal|p1a: Daemon Blackfyre|268\/337|[from] item: Leftovers
|
|switch|p2a: OP HAX|Jirachi, shiny|342\/342
|-damage|p2a: OP HAX|321\/342|[from] Stealth Rock
|turn|15
|c|âablert enistein|wtf is this nick
|
|switch|p1a: Daenerys Stormborn|Ampharos, F|383\/383
|move|p2a: OP HAX|Substitute|p2a: OP HAX
|-start|p2a: OP HAX|Substitute
|-damage|p2a: OP HAX|236\/342
|
|-heal|p2a: OP HAX|257\/342|[from] item: Leftovers
|turn|16
|c|âablert enistein|o fk
|c|âablert enistein|not this cancer
|c|âsniperaim|n
|
|detailschange|p1a: Daenerys Stormborn|Ampharos-Mega, F
|-mega|p1a: Daenerys Stormborn|Ampharos|Ampharosite
|-ability|p1a: Daenerys Stormborn|Mold Breaker
|move|p2a: OP HAX|Calm Mind|p2a: OP HAX
|-boost|p2a: OP HAX|spa|1
|-boost|p2a: OP HAX|spd|1
|move|p1a: Daenerys Stormborn|Volt Switch|p2a: OP HAX
|-end|p2a: OP HAX|Substitute
|c|âablert enistein|o ok
|
|switch|p1a: Baymax|Reuniclus, M|421\/421 tox
|
|-heal|p2a: OP HAX|278\/342|[from] item: Leftovers
|turn|17
|
|move|p2a: OP HAX|Moonblast|p1a: Baymax
|-crit|p1a: Baymax
|-damage|p1a: Baymax|196\/421 tox
|move|p1a: Baymax|Calm Mind|p1a: Baymax
|-boost|p1a: Baymax|spa|1
|-boost|p1a: Baymax|spd|1
|
|-heal|p2a: OP HAX|299\/342|[from] item: Leftovers
|-heal|p1a: Baymax|222\/421 tox|[from] item: Leftovers
|turn|18
|
|move|p2a: OP HAX|Calm Mind|p2a: OP HAX
|-boost|p2a: OP HAX|spa|1
|-boost|p2a: OP HAX|spd|1
|move|p1a: Baymax|Recover|p1a: Baymax
|-heal|p1a: Baymax|421\/421 tox
|
|-heal|p2a: OP HAX|320\/342|[from] item: Leftovers
|turn|19
|
|move|p2a: OP HAX|Moonblast|p1a: Baymax
|-damage|p1a: Baymax|289\/421 tox
|-unboost|p1a: Baymax|spa|1
|move|p1a: Baymax|Calm Mind|p1a: Baymax
|-boost|p1a: Baymax|spa|1
|-boost|p1a: Baymax|spd|1
|
|-heal|p2a: OP HAX|341\/342|[from] item: Leftovers
|-heal|p1a: Baymax|315\/421 tox|[from] item: Leftovers
|turn|20
|leave|xShiba
|
|move|p2a: OP HAX|Moonblast|p1a: Baymax
|-crit|p1a: Baymax
|-damage|p1a: Baymax|12\/421 tox
|-unboost|p1a: Baymax|spa|1
|move|p1a: Baymax|Calm Mind|p1a: Baymax
|-boost|p1a: Baymax|spa|1
|-boost|p1a: Baymax|spd|1
|
|-heal|p2a: OP HAX|342\/342|[from] item: Leftovers
|-heal|p1a: Baymax|38\/421 tox|[from] item: Leftovers
|turn|21
|
|move|p2a: OP HAX|Psyshock|p1a: Baymax
|-resisted|p1a: Baymax
|-damage|p1a: Baymax|0 fnt
|faint|p1a: Baymax
|
|c|âsniperaim|kek
|
|switch|p1a: Jewrachi|Jirachi|341\/341
|turn|22
|c|âablert enistein|welp
|c|âablert enistein|i cant win
|c|âablert enistein|"gg"
|c|âsniperaim|gg
|
|switch|p2a: bobby lashley|Swampert, F|401\/401
|-damage|p2a: bobby lashley|376\/401|[from] Stealth Rock
|move|p1a: Jewrachi|Iron Head|p2a: bobby lashley
|-resisted|p2a: bobby lashley
|-damage|p2a: bobby lashley|329\/401
|
|turn|23
|c|âablert enistein|this wasnt really a good game you dumb fuck
|c|âsniperaim|b nice
|c|âsniperaim|hehe
|
|switch|p1a: Daemon Blackfyre|Hydreigon, M|268\/337
|detailschange|p2a: bobby lashley|Swampert-Mega, F
|-mega|p2a: bobby lashley|Swampert|Swampertite
|move|p2a: bobby lashley|Scald|p1a: Daemon Blackfyre
|-resisted|p1a: Daemon Blackfyre
|-damage|p1a: Daemon Blackfyre|218\/337
|-status|p1a: Daemon Blackfyre|brn
|
|-heal|p1a: Daemon Blackfyre|239\/337 brn|[from] item: Leftovers
|-damage|p1a: Daemon Blackfyre|197\/337 brn|[from] brn
|turn|24
|c|âablert enistein|ez
|
|move|p1a: Daemon Blackfyre|Dark Pulse|p2a: bobby lashley
|-damage|p2a: bobby lashley|209\/401
|move|p2a: bobby lashley|Stealth Rock|p1a: Daemon Blackfyre
|-sidestart|p1: ablert enistein|move: Stealth Rock
|
|-heal|p1a: Daemon Blackfyre|218\/337 brn|[from] item: Leftovers
|-damage|p1a: Daemon Blackfyre|176\/337 brn|[from] brn
|turn|25
|
|switch|p2a: elitesniper|Umbreon, F, shiny|376\/394
|-damage|p2a: elitesniper|327\/394|[from] Stealth Rock
|move|p1a: Daemon Blackfyre|Draco Meteor|p2a: elitesniper
|-damage|p2a: elitesniper|182\/394
|-unboost|p1a: Daemon Blackfyre|spa|2
|
|-heal|p1a: Daemon Blackfyre|197\/337 brn|[from] item: Leftovers
|-heal|p2a: elitesniper|206\/394|[from] item: Leftovers
|-damage|p1a: Daemon Blackfyre|155\/337 brn|[from] brn
|turn|26
|
|move|p1a: Daemon Blackfyre|Taunt|p2a: elitesniper
|-start|p2a: elitesniper|move: Taunt
|move|p2a: elitesniper|Foul Play|p1a: Daemon Blackfyre
|-resisted|p1a: Daemon Blackfyre
|-damage|p1a: Daemon Blackfyre|107\/337 brn
|
|-heal|p1a: Daemon Blackfyre|128\/337 brn|[from] item: Leftovers
|-heal|p2a: elitesniper|230\/394|[from] item: Leftovers
|-damage|p1a: Daemon Blackfyre|86\/337 brn|[from] brn
|turn|27
|
|switch|p2a: OP HAX|Jirachi, shiny|342\/342
|-damage|p2a: OP HAX|321\/342|[from] Stealth Rock
|move|p1a: Daemon Blackfyre|Roost|p1a: Daemon Blackfyre
|-heal|p1a: Daemon Blackfyre|255\/337 brn
|
|-heal|p2a: OP HAX|342\/342|[from] item: Leftovers
|-heal|p1a: Daemon Blackfyre|276\/337 brn|[from] item: Leftovers
|-damage|p1a: Daemon Blackfyre|234\/337 brn|[from] brn
|turn|28
|
|switch|p1a: Jewrachi|Jirachi|341\/341
|-damage|p1a: Jewrachi|320\/341|[from] Stealth Rock
|move|p2a: OP HAX|Substitute|p2a: OP HAX
|-start|p2a: OP HAX|Substitute
|-damage|p2a: OP HAX|257\/342
|
|-heal|p2a: OP HAX|278\/342|[from] item: Leftovers
|turn|29
|
|move|p1a: Jewrachi|Iron Head|p2a: OP HAX
|-resisted|p2a: OP HAX
|-activate|p2a: OP HAX|Substitute|[damage]
|move|p2a: OP HAX|Calm Mind|p2a: OP HAX
|-boost|p2a: OP HAX|spa|1
|-boost|p2a: OP HAX|spd|1
|
|-heal|p2a: OP HAX|299\/342|[from] item: Leftovers
|turn|30
|
|move|p1a: Jewrachi|Iron Head|p2a: OP HAX
|-resisted|p2a: OP HAX
|-end|p2a: OP HAX|Substitute
|move|p2a: OP HAX|Psyshock|p1a: Jewrachi
|-resisted|p1a: Jewrachi
|-damage|p1a: Jewrachi|274\/341
|
|-heal|p2a: OP HAX|320\/342|[from] item: Leftovers
|turn|31
|
|switch|p2a: 2 BLADEZ|Doublade, M|322\/322
|-damage|p2a: 2 BLADEZ|302\/322|[from] Stealth Rock
|move|p1a: Jewrachi|Iron Head|p2a: 2 BLADEZ
|-resisted|p2a: 2 BLADEZ
|-damage|p2a: 2 BLADEZ|276\/322
|
|turn|32
|
|switch|p1a: Daenerys Stormborn|Ampharos-Mega, F|383\/383
|-damage|p1a: Daenerys Stormborn|336\/383|[from] Stealth Rock
|-ability|p1a: Daenerys Stormborn|Mold Breaker
|move|p2a: 2 BLADEZ|Sacred Sword|p1a: Daenerys Stormborn
|-crit|p1a: Daenerys Stormborn
|-damage|p1a: Daenerys Stormborn|233\/383
|
|turn|33
|
|switch|p1a: Daemon Blackfyre|Hydreigon, M|234\/337 brn
|-damage|p1a: Daemon Blackfyre|192\/337 brn|[from] Stealth Rock
|switch|p2a: bobby lashley|Swampert-Mega, F|209\/401
|-damage|p2a: bobby lashley|184\/401|[from] Stealth Rock
|
|-heal|p1a: Daemon Blackfyre|213\/337 brn|[from] item: Leftovers
|-damage|p1a: Daemon Blackfyre|171\/337 brn|[from] brn
|turn|34
|
|move|p1a: Daemon Blackfyre|Draco Meteor|p2a: bobby lashley
|-damage|p2a: bobby lashley|0 fnt
|-unboost|p1a: Daemon Blackfyre|spa|2
|faint|p2a: bobby lashley
|
|-heal|p1a: Daemon Blackfyre|192\/337 brn|[from] item: Leftovers
|-damage|p1a: Daemon Blackfyre|150\/337 brn|[from] brn
|
|switch|p2a: OP HAX|Jirachi, shiny|320\/342
|-damage|p2a: OP HAX|299\/342|[from] Stealth Rock
|turn|35
|
|switch|p1a: Jewrachi|Jirachi|274\/341
|-damage|p1a: Jewrachi|253\/341|[from] Stealth Rock
|move|p2a: OP HAX|Substitute|p2a: OP HAX
|-start|p2a: OP HAX|Substitute
|-damage|p2a: OP HAX|214\/342
|
|-heal|p2a: OP HAX|235\/342|[from] item: Leftovers
|turn|36
|join|ULT LibLuc
|c| ULT LibLuc|xD
|leave|ULT LibLuc
|c|âablert enistein|i need fire punch on this tbh
|
|move|p1a: Jewrachi|Iron Head|p2a: OP HAX
|-resisted|p2a: OP HAX
|-activate|p2a: OP HAX|Substitute|[damage]
|move|p2a: OP HAX|Calm Mind|p2a: OP HAX
|-boost|p2a: OP HAX|spa|1
|-boost|p2a: OP HAX|spd|1
|
|-heal|p2a: OP HAX|256\/342|[from] item: Leftovers
|turn|37
|c|âablert enistein|or at least trick
|
|move|p1a: Jewrachi|Iron Head|p2a: OP HAX
|-resisted|p2a: OP HAX
|-end|p2a: OP HAX|Substitute
|move|p2a: OP HAX|Psyshock|p1a: Jewrachi
|-resisted|p1a: Jewrachi
|-damage|p1a: Jewrachi|207\/341
|
|-heal|p2a: OP HAX|277\/342|[from] item: Leftovers
|turn|38
|
|move|p1a: Jewrachi|Iron Head|p2a: OP HAX
|-resisted|p2a: OP HAX
|-damage|p2a: OP HAX|217\/342
|move|p2a: OP HAX|Moonblast|p1a: Jewrachi
|-resisted|p1a: Jewrachi
|-damage|p1a: Jewrachi|131\/341
|
|-heal|p2a: OP HAX|238\/342|[from] item: Leftovers
|turn|39
|
|move|p1a: Jewrachi|Iron Head|p2a: OP HAX
|-resisted|p2a: OP HAX
|-damage|p2a: OP HAX|173\/342
|cant|p2a: OP HAX|flinch
|
|-heal|p2a: OP HAX|194\/342|[from] item: Leftovers
|turn|40
|join|So Dynamic
|
|switch|p2a: 2 BLADEZ|Doublade, M|276\/322
|-damage|p2a: 2 BLADEZ|256\/322|[from] Stealth Rock
|move|p1a: Jewrachi|Iron Head|p2a: 2 BLADEZ
|-resisted|p2a: 2 BLADEZ
|-damage|p2a: 2 BLADEZ|228\/322
|
|turn|41
|
|switch|p1a: Daenerys Stormborn|Ampharos-Mega, F|233\/383
|-damage|p1a: Daenerys Stormborn|186\/383|[from] Stealth Rock
|-ability|p1a: Daenerys Stormborn|Mold Breaker
|move|p2a: 2 BLADEZ|Sacred Sword|p1a: Daenerys Stormborn
|-damage|p1a: Daenerys Stormborn|108\/383
|
|turn|42
|leave|So Dynamic
|
|switch|p2a: elitesniper|Umbreon, F, shiny|230\/394
|-damage|p2a: elitesniper|181\/394|[from] Stealth Rock
|move|p1a: Daenerys Stormborn|Volt Switch|p2a: elitesniper
|-damage|p2a: elitesniper|105\/394
|
|switch|p1a: Daemon Blackfyre|Hydreigon, M|150\/337 brn
|-damage|p1a: Daemon Blackfyre|108\/337 brn|[from] Stealth Rock
|
|-heal|p1a: Daemon Blackfyre|129\/337 brn|[from] item: Leftovers
|-heal|p2a: elitesniper|129\/394|[from] item: Leftovers
|-damage|p1a: Daemon Blackfyre|87\/337 brn|[from] brn
|turn|43
|
|move|p1a: Daemon Blackfyre|Taunt|p2a: elitesniper
|-start|p2a: elitesniper|move: Taunt
|move|p2a: elitesniper|Foul Play|p1a: Daemon Blackfyre
|-resisted|p1a: Daemon Blackfyre
|-damage|p1a: Daemon Blackfyre|39\/337 brn
|
|-heal|p1a: Daemon Blackfyre|60\/337 brn|[from] item: Leftovers
|-heal|p2a: elitesniper|153\/394|[from] item: Leftovers
|-damage|p1a: Daemon Blackfyre|18\/337 brn|[from] brn
|turn|44
|
|move|p1a: Daemon Blackfyre|Roost|p1a: Daemon Blackfyre
|-heal|p1a: Daemon Blackfyre|187\/337 brn
|move|p2a: elitesniper|Foul Play|p1a: Daemon Blackfyre
|-resisted|p1a: Daemon Blackfyre
|-damage|p1a: Daemon Blackfyre|141\/337 brn
|
|-heal|p1a: Daemon Blackfyre|162\/337 brn|[from] item: Leftovers
|-heal|p2a: elitesniper|177\/394|[from] item: Leftovers
|-damage|p1a: Daemon Blackfyre|120\/337 brn|[from] brn
|turn|45
|
|move|p1a: Daemon Blackfyre|Draco Meteor|p2a: elitesniper
|-damage|p2a: elitesniper|36\/394
|-unboost|p1a: Daemon Blackfyre|spa|2
|move|p2a: elitesniper|Foul Play|p1a: Daemon Blackfyre
|-crit|p1a: Daemon Blackfyre
|-resisted|p1a: Daemon Blackfyre
|-damage|p1a: Daemon Blackfyre|49\/337 brn
|
|-heal|p1a: Daemon Blackfyre|70\/337 brn|[from] item: Leftovers
|-heal|p2a: elitesniper|60\/394|[from] item: Leftovers
|-damage|p1a: Daemon Blackfyre|28\/337 brn|[from] brn
|-end|p2a: elitesniper|move: Taunt
|turn|46
|
|move|p1a: Daemon Blackfyre|Draco Meteor|p2a: elitesniper
|-damage|p2a: elitesniper|0 fnt
|-unboost|p1a: Daemon Blackfyre|spa|2
|faint|p2a: elitesniper
|
|-heal|p1a: Daemon Blackfyre|49\/337 brn|[from] item: Leftovers
|-damage|p1a: Daemon Blackfyre|7\/337 brn|[from] brn
|
|switch|p2a: OP HAX|Jirachi, shiny|194\/342
|-damage|p2a: OP HAX|173\/342|[from] Stealth Rock
|turn|47
|
|move|p2a: OP HAX|Moonblast|p1a: Daemon Blackfyre
|-supereffective|p1a: Daemon Blackfyre
|-damage|p1a: Daemon Blackfyre|0 fnt
|faint|p1a: Daemon Blackfyre
|
|-heal|p2a: OP HAX|194\/342|[from] item: Leftovers
|
|switch|p1a: Muhammad Ali|Machamp, M|343\/343
|-damage|p1a: Muhammad Ali|322\/343|[from] Stealth Rock
|turn|48
|join|xShiba
|
|switch|p2a: 2 BLADEZ|Doublade, M|228\/322
|-damage|p2a: 2 BLADEZ|208\/322|[from] Stealth Rock
|move|p1a: Muhammad Ali|Knock Off|p2a: 2 BLADEZ
|-supereffective|p2a: 2 BLADEZ
|-damage|p2a: 2 BLADEZ|28\/322
|-enditem|p2a: 2 BLADEZ|Eviolite|[from] move: Knock Off|[of] p1a: Muhammad Ali
|
|turn|49
|c|âablert enistein|your only play is to stay in
|c|âablert enistein|or not
|
|move|p2a: 2 BLADEZ|Shadow Sneak|p1a: Muhammad Ali
|-damage|p1a: Muhammad Ali|229\/343
|move|p1a: Muhammad Ali|Knock Off|p2a: 2 BLADEZ
|-supereffective|p2a: 2 BLADEZ
|-damage|p2a: 2 BLADEZ|0 fnt
|faint|p2a: 2 BLADEZ
|
|c|âsniperaim|yes
|c|âablert enistein|max damage lol
|
|switch|p2a: OP HAX|Jirachi, shiny|194\/342
|-damage|p2a: OP HAX|173\/342|[from] Stealth Rock
|turn|50
|c|âablert enistein|252+ Atk Doublade Shadow Sneak vs. 88 HP \/ 0 Def Machamp: 78-93 (22.7 - 27.1%) -- 40.3% chance to 4HKO
|c|âablert enistein|absolute max
|c|âsniperaim|kek
|
|move|p2a: OP HAX|Psyshock|p1a: Muhammad Ali
|-supereffective|p1a: Muhammad Ali
|-damage|p1a: Muhammad Ali|0 fnt
|faint|p1a: Muhammad Ali
|
|-heal|p2a: OP HAX|194\/342|[from] item: Leftovers
|
|switch|p1a: Jewrachi|Jirachi|131\/341
|-damage|p1a: Jewrachi|110\/341|[from] Stealth Rock
|turn|51
|c|âsniperaim|u can win
|
|move|p1a: Jewrachi|Iron Head|p2a: OP HAX
|-crit|p2a: OP HAX
|-resisted|p2a: OP HAX
|-damage|p2a: OP HAX|106\/342
|cant|p2a: OP HAX|flinch
|
|-heal|p2a: OP HAX|127\/342|[from] item: Leftovers
|turn|52
|c|âablert enistein|i dont care if u win tbh
|c|âablert enistein|this was a good game
|
|move|p1a: Jewrachi|Iron Head|p2a: OP HAX
|-resisted|p2a: OP HAX
|-damage|p2a: OP HAX|67\/342
|cant|p2a: OP HAX|flinch
|
|-heal|p2a: OP HAX|88\/342|[from] item: Leftovers
|turn|53
|
|move|p1a: Jewrachi|Iron Head|p2a: OP HAX
|-resisted|p2a: OP HAX
|-damage|p2a: OP HAX|27\/342
|move|p2a: OP HAX|Moonblast|p1a: Jewrachi
|-resisted|p1a: Jewrachi
|-damage|p1a: Jewrachi|65\/341
|-unboost|p1a: Jewrachi|spa|1
|
|-heal|p2a: OP HAX|48\/342|[from] item: Leftovers
|turn|54
|c|âablert enistein|gg meanie
|
|move|p1a: Jewrachi|Iron Head|p2a: OP HAX
|-resisted|p2a: OP HAX
|-damage|p2a: OP HAX|0 fnt
|faint|p2a: OP HAX
|
|win|ablert enistein
|c|âsniperaim|gg
|leave|sniperaim
|join|sniperaim
|leave|sniperaim