|join|sniperaim
|join|malzee
|player|p1|sniperaim|220
|player|p2|malzee|23
|gametype|singles
|gen|6
|tier|UU
|rule|Sleep Clause Mod: Limit one foe put to sleep
|rule|Species Clause: Limit one of each PokÃ©mon
|rule|OHKO Clause: OHKO moves are banned
|rule|Moody Clause: Moody is banned
|rule|Evasion Moves Clause: Evasion moves are banned
|rule|Endless Battle Clause: Forcing endless battles is banned
|rule|HP Percentage Mod: HP is shown in percentages
|clearpoke
|poke|p1|Kricketune, F
|poke|p1|Marowak, M
|poke|p1|Camerupt, F
|poke|p1|Ursaring, M
|poke|p1|Misdreavus, M
|poke|p1|Luxray, F
|poke|p2|Absol, F, shiny
|poke|p2|Flareon, F, shiny
|poke|p2|Umbreon, M, shiny
|poke|p2|Pidgeot, M, shiny
|poke|p2|Vaporeon, F, shiny
|poke|p2|Jolteon, M, shiny
|rule|Swagger Clause: Swagger is banned
|rule|Baton Pass Clause: Limit one PokÃ©mon knowing Baton Pass
|teampreview
|
|start
|switch|p1a: Kricketune|Kricketune, F|295\/295
|switch|p2a: Pidgeot|Pidgeot, M, shiny|307\/307
|turn|1
|join|Dad's Dad
|
|move|p2a: Pidgeot|Tailwind|p2a: Pidgeot
|-sidestart|p2: malzee|move: Tailwind
|move|p1a: Kricketune|Sticky Web|p2a: Pidgeot
|-sidestart|p2: malzee|move: Sticky Web
|
|turn|2
|c| Dad's Dad|mfwww
|c|âsniperaim|???
|
|detailschange|p2a: Pidgeot|Pidgeot-Mega, M, shiny
|-mega|p2a: Pidgeot|Pidgeot|Pidgeotite
|move|p2a: Pidgeot|Hurricane|p1a: Kricketune
|-supereffective|p1a: Kricketune
|-enditem|p1a: Kricketune|Focus Sash
|-damage|p1a: Kricketune|1\/295
|move|p1a: Kricketune|Endeavor|p2a: Pidgeot
|-damage|p2a: Pidgeot|1\/307
|
|turn|3
|c| Dad's Dad|ths is cancer
|c|âsniperaim|how
|c|âsniperaim|lol
|
|move|p2a: Pidgeot|U-turn|p1a: Kricketune
|-damage|p1a: Kricketune|0 fnt
|faint|p1a: Kricketune
|c| Dad's Dad|u know how
|c|âsniperaim|no i dont haha
|c| Dad's Dad|shit teams
|c|âsniperaim|our teams arent shit
|c|âsniperaim|lol
|c| Dad's Dad|yh they are
|c| Dad's Dad|that nigga doesnt even have rocks
|c|âsniperaim|i cant
|
|switch|p2a: Flareon|Flareon, F, shiny|272\/272
|-activate|p2a: Flareon|move: Sticky Web
|-unboost|p2a: Flareon|spe|1
|
|-status|p2a: Flareon|tox|[from] item: Toxic Orb
|c|âsniperaim|click
|c|âsniperaim|o lag
|join|AV TOXICROAK
|c|âmalzee|lag
|
|switch|p1a: Marowak|Marowak, M|261\/261
|turn|4
|c|âsniperaim|lmao
|
|move|p2a: Flareon|Facade|p1a: Marowak
|-damage|p1a: Marowak|0 fnt
|faint|p1a: Marowak
|
|-damage|p2a: Flareon|255\/272 tox|[from] psn
|-sideend|p2: malzee|move: Tailwind
|c| Dad's Dad|ez
|c|âsniperaim|wtf
|c| Dad's Dad|af
|c|âsniperaim|u slow piece of shit
|c| Dad's Dad|tailwind
|c|âmalzee|tailwind
|c|âsniperaim|oh
|c|âsniperaim|yea
|c| Dad's Dad|poopyhead
|c|âsniperaim|fuiclkkk
|
|switch|p1a: Luxray|Luxray, F|301\/301
|-ability|p1a: Luxray|Intimidate|[of] p2a: Flareon
|-unboost|p2a: Flareon|atk|1
|turn|5
|
|switch|p2a: Jolteon|Jolteon, M, shiny|271\/271
|-activate|p2a: Jolteon|move: Sticky Web
|-unboost|p2a: Jolteon|spe|1
|move|p1a: Luxray|Wild Charge|p2a: Jolteon
|-immune|p2a: Jolteon|[msg]
|
|turn|6
|
|switch|p1a: Misdreavus|Misdreavus, M|261\/261
|move|p2a: Jolteon|Volt Switch|p1a: Misdreavus
|-damage|p1a: Misdreavus|151\/261
|-damage|p2a: Jolteon|244\/271|[from] item: Life Orb
|
|switch|p2a: Flareon|Flareon, F, shiny|255\/272 tox
|-activate|p2a: Flareon|move: Sticky Web
|-unboost|p2a: Flareon|spe|1
|
|-damage|p2a: Flareon|238\/272 tox|[from] psn
|turn|7
|
|move|p1a: Misdreavus|Shadow Ball|p2a: Flareon
|-damage|p2a: Flareon|159\/272 tox
|move|p2a: Flareon|Flare Blitz|p1a: Misdreavus
|-damage|p1a: Misdreavus|0 fnt
|-damage|p2a: Flareon|109\/272 tox|[from] recoil|[of] p1a: Misdreavus
|faint|p1a: Misdreavus
|
|-damage|p2a: Flareon|75\/272 tox|[from] psn
|
|switch|p1a: Ursaring|Ursaring, M|321\/321
|turn|8
|join|Fire Lord Mako
|
|move|p2a: Flareon|Protect|p2a: Flareon
|-singleturn|p2a: Flareon|Protect
|move|p1a: Ursaring|Facade|p2a: Flareon
|-activate|p2a: Flareon|Protect
|
|-damage|p2a: Flareon|24\/272 tox|[from] psn
|-status|p1a: Ursaring|brn|[from] item: Flame Orb
|turn|9
|
|move|p1a: Ursaring|Facade|p2a: Flareon
|-damage|p2a: Flareon|0 fnt
|faint|p2a: Flareon
|
|-damage|p1a: Ursaring|281\/321 brn|[from] brn
|
|switch|p2a: Umbreon|Umbreon, M, shiny|363\/363
|-activate|p2a: Umbreon|move: Sticky Web
|-unboost|p2a: Umbreon|spe|1
|turn|10
|leave|AV TOXICROAK
|
|move|p2a: Umbreon|Protect|p2a: Umbreon
|-singleturn|p2a: Umbreon|Protect
|move|p1a: Ursaring|Facade|p2a: Umbreon
|-activate|p2a: Umbreon|Protect
|
|-damage|p1a: Ursaring|241\/321 brn|[from] brn
|turn|11
|c| Fire Lord Mako|Does this kill?
|c|âsniperaim|we gon find out
|c|âmalzee|????????
|
|move|p1a: Ursaring|Close Combat|p2a: Umbreon
|-supereffective|p2a: Umbreon
|-damage|p2a: Umbreon|39\/363
|-unboost|p1a: Ursaring|def|1
|-unboost|p1a: Ursaring|spd|1
|move|p2a: Umbreon|Wish|p2a: Umbreon
|
|-heal|p2a: Umbreon|61\/363|[from] item: Leftovers
|-damage|p1a: Ursaring|201\/321 brn|[from] brn
|turn|12
|c| Fire Lord Mako|nope
|c|âsniperaim|wat
|
|move|p1a: Ursaring|Swords Dance|p1a: Ursaring
|-boost|p1a: Ursaring|atk|2
|move|p2a: Umbreon|Toxic|p1a: Ursaring
|-fail|p1a: Ursaring
|
|-heal|p2a: Umbreon|242\/363|[from] move: Wish|[wisher] Umbreon
|-heal|p2a: Umbreon|264\/363|[from] item: Leftovers
|-damage|p1a: Ursaring|161\/321 brn|[from] brn
|turn|13
|c| Fire Lord Mako|..?
|
|move|p2a: Umbreon|Protect|p2a: Umbreon
|-singleturn|p2a: Umbreon|Protect
|move|p1a: Ursaring|Facade|p2a: Umbreon
|-activate|p2a: Umbreon|Protect
|
|-heal|p2a: Umbreon|286\/363|[from] item: Leftovers
|-damage|p1a: Ursaring|121\/321 brn|[from] brn
|turn|14
|c|âsniperaim|waat
|
|move|p2a: Umbreon|Protect|p2a: Umbreon
|-singleturn|p2a: Umbreon|Protect
|move|p1a: Ursaring|Facade|p2a: Umbreon
|-activate|p2a: Umbreon|Protect
|
|-heal|p2a: Umbreon|308\/363|[from] item: Leftovers
|-damage|p1a: Ursaring|81\/321 brn|[from] brn
|turn|15
|c| Fire Lord Mako|no fear whatsoeve
|
|switch|p2a: Pidgeot|Pidgeot-Mega, M, shiny|1\/307
|move|p1a: Ursaring|Facade|p2a: Pidgeot
|-damage|p2a: Pidgeot|0 fnt
|faint|p2a: Pidgeot
|
|-damage|p1a: Ursaring|41\/321 brn|[from] brn
|
|switch|p2a: Jolteon|Jolteon, M, shiny|244\/271
|-activate|p2a: Jolteon|move: Sticky Web
|-unboost|p2a: Jolteon|spe|1
|turn|16
|
|move|p2a: Jolteon|Hidden Power|p1a: Ursaring
|-damage|p1a: Ursaring|0 fnt
|-damage|p2a: Jolteon|217\/271|[from] item: Life Orb
|faint|p1a: Ursaring
|
|
|switch|p1a: Camerupt|Camerupt, F|281\/281
|turn|17
|join|Thanks Brock Obama
|c| Fire Lord Mako|is this fu team?
|c|âsniperaim|pu
|c|âmalzee|uu
|
|move|p2a: Jolteon|Hidden Power|p1a: Camerupt
|-damage|p1a: Camerupt|178\/281
|-damage|p2a: Jolteon|190\/271|[from] item: Life Orb
|move|p1a: Camerupt|Earth Power|p2a: Jolteon
|-supereffective|p2a: Jolteon
|-damage|p2a: Jolteon|0 fnt
|faint|p2a: Jolteon
|
|c| Fire Lord Mako|i see
|
|switch|p2a: Vaporeon|Vaporeon, F, shiny|464\/464
|-activate|p2a: Vaporeon|move: Sticky Web
|-unboost|p2a: Vaporeon|spe|1
|turn|18
|
|switch|p1a: Luxray|Luxray, F|301\/301
|-ability|p1a: Luxray|Intimidate|[of] p2a: Vaporeon
|-unboost|p2a: Vaporeon|atk|1
|move|p2a: Vaporeon|Scald|p1a: Luxray
|-damage|p1a: Luxray|175\/301
|-status|p1a: Luxray|brn
|
|-damage|p1a: Luxray|138\/301 brn|[from] brn
|turn|19
|
|switch|p2a: Umbreon|Umbreon, M, shiny|308\/363
|-activate|p2a: Umbreon|move: Sticky Web
|-unboost|p2a: Umbreon|spe|1
|move|p1a: Luxray|Volt Switch|p2a: Umbreon
|-damage|p2a: Umbreon|260\/363
|
|switch|p1a: Camerupt|Camerupt, F|178\/281
|
|-heal|p2a: Umbreon|282\/363|[from] item: Leftovers
|turn|20
|
|move|p1a: Camerupt|Earth Power|p2a: Umbreon
|-damage|p2a: Umbreon|153\/363
|move|p2a: Umbreon|Toxic|p1a: Camerupt
|-status|p1a: Camerupt|tox
|
|-heal|p2a: Umbreon|175\/363|[from] item: Leftovers
|-damage|p1a: Camerupt|161\/281 tox|[from] psn
|turn|21
|
|move|p1a: Camerupt|Earth Power|p2a: Umbreon
|-damage|p2a: Umbreon|42\/363
|move|p2a: Umbreon|Wish|p2a: Umbreon
|
|-heal|p2a: Umbreon|64\/363|[from] item: Leftovers
|-damage|p1a: Camerupt|127\/281 tox|[from] psn
|turn|22
|c| Fire Lord Mako|dont lose to eevelutions pls
|c|âsniperaim|iam
|
|move|p2a: Umbreon|Protect|p2a: Umbreon
|-singleturn|p2a: Umbreon|Protect
|move|p1a: Camerupt|Earth Power|p2a: Umbreon
|-activate|p2a: Umbreon|Protect
|
|-heal|p2a: Umbreon|245\/363|[from] move: Wish|[wisher] Umbreon
|-heal|p2a: Umbreon|267\/363|[from] item: Leftovers
|-damage|p1a: Camerupt|76\/281 tox|[from] psn
|turn|23
|c|âmalzee|eeveeloutions+absol+pidgeot
|c|âmalzee|so
|c|âsniperaim|lolol
|
|move|p1a: Camerupt|Earth Power|p2a: Umbreon
|-damage|p2a: Umbreon|135\/363
|move|p2a: Umbreon|Wish|p2a: Umbreon
|
|-heal|p2a: Umbreon|157\/363|[from] item: Leftovers
|-damage|p1a: Camerupt|8\/281 tox|[from] psn
|turn|24
|c|âmalzee|gonna make me wait....
|c|âmalzee|lol
|
|move|p2a: Umbreon|Protect|p2a: Umbreon
|-singleturn|p2a: Umbreon|Protect
|move|p1a: Camerupt|Earth Power|p2a: Umbreon
|-activate|p2a: Umbreon|Protect
|
|-heal|p2a: Umbreon|338\/363|[from] move: Wish|[wisher] Umbreon
|-heal|p2a: Umbreon|360\/363|[from] item: Leftovers
|-damage|p1a: Camerupt|0 fnt|[from] psn
|faint|p1a: Camerupt
|c|âsniperaim|sorry
|c|âsniperaim|lol
|c|âsniperaim|playing 2 games
|c|âmalzee|lol it's k
|c|âmalzee|gg
|
|switch|p1a: Luxray|Luxray, F|138\/301 brn
|-ability|p1a: Luxray|Intimidate|[of] p2a: Umbreon
|-unboost|p2a: Umbreon|atk|1
|turn|25
|
|move|p1a: Luxray|Superpower|p2a: Umbreon
|-supereffective|p2a: Umbreon
|-damage|p2a: Umbreon|182\/363
|-unboost|p1a: Luxray|atk|1
|-unboost|p1a: Luxray|def|1
|move|p2a: Umbreon|Wish|p2a: Umbreon
|
|-heal|p2a: Umbreon|204\/363|[from] item: Leftovers
|-damage|p1a: Luxray|101\/301 brn|[from] brn
|turn|26
|leave|Thanks Brock Obama
|c|âsniperaim|kill me
|
|move|p2a: Umbreon|Protect|p2a: Umbreon
|-singleturn|p2a: Umbreon|Protect
|move|p1a: Luxray|Superpower|p2a: Umbreon
|-activate|p2a: Umbreon|Protect
|
|-heal|p2a: Umbreon|363\/363|[from] move: Wish|[wisher] Umbreon
|-damage|p1a: Luxray|64\/301 brn|[from] brn
|turn|27
|
|switch|p2a: Absol|Absol, F, shiny|271\/271
|-activate|p2a: Absol|move: Sticky Web
|-unboost|p2a: Absol|spe|1
|move|p1a: Luxray|Superpower|p2a: Absol
|-supereffective|p2a: Absol
|-damage|p2a: Absol|27\/271
|-unboost|p1a: Luxray|atk|1
|-unboost|p1a: Luxray|def|1
|
|-damage|p1a: Luxray|27\/301 brn|[from] brn
|turn|28
|join|zebra.k
|
|move|p2a: Absol|Sucker Punch|p1a: Luxray
|-damage|p1a: Luxray|0 fnt
|faint|p1a: Luxray
|
|win|malzee
|leave|zebra.k
|c|âmalzee|gg
|c|âsniperaim|gg!
|leave|sniperaim
|player|p1
|join|fgbdfgd
|leave|fgbdfgd