|join|sniperaim
|join|Dad's Dad
|join|so dynamic
|player|p1|sniperaim|220
|player|p2|Dad's Dad|183
|gametype|singles
|gen|6
|tier|UU
|rule|Sleep Clause Mod: Limit one foe put to sleep
|rule|Species Clause: Limit one of each PokÃ©mon
|rule|OHKO Clause: OHKO moves are banned
|rule|Moody Clause: Moody is banned
|rule|Evasion Moves Clause: Evasion moves are banned
|rule|Endless Battle Clause: Forcing endless battles is banned
|rule|HP Percentage Mod: HP is shown in percentages
|clearpoke
|poke|p1|Kecleon, F
|poke|p1|Ditto
|poke|p1|Sandslash, M
|poke|p1|Vileplume, F
|poke|p1|Feraligatr, M
|poke|p1|Grumpig, M
|poke|p2|Reuniclus, M
|poke|p2|Pidgeot, M
|poke|p2|Hippowdon, F
|poke|p2|Hydreigon, M
|poke|p2|Jirachi
|poke|p2|Suicune
|rule|Swagger Clause: Swagger is banned
|rule|Baton Pass Clause: Limit one PokÃ©mon knowing Baton Pass
|teampreview
|c|âDad's Dad|wtf
|c|âDad's Dad|meanie
|c|âsniperaim|kek
|
|start
|switch|p1a: Kecleon|Kecleon, F|324\/324
|switch|p2a: As High As Honor|Pidgeot, M|307\/307
|turn|1
|
|switch|p1a: Grumpig|Grumpig, M|364\/364
|detailschange|p2a: As High As Honor|Pidgeot-Mega, M
|-mega|p2a: As High As Honor|Pidgeot|Pidgeotite
|move|p2a: As High As Honor|Hurricane|p1a: Grumpig
|-damage|p1a: Grumpig|232\/364
|
|-heal|p1a: Grumpig|254\/364|[from] item: Leftovers
|turn|2
|c|âDad's Dad|nice hax poopyhead
|c| so dynamic|what hax
|c|âsniperaim|idc
|c|âDad's Dad|i didnt confuse
|c|âDad's Dad|hax
|join|AHS Asylum
|
|switch|p2a: Baymax|Reuniclus, M|421\/421
|move|p1a: Grumpig|Toxic|p2a: Baymax
|-status|p2a: Baymax|tox
|
|-heal|p1a: Grumpig|276\/364|[from] item: Leftovers
|turn|3
|leave|AHS Asylum
|c|âDad's Dad|epic toxiccc
|
|move|p1a: Grumpig|Taunt|p2a: Baymax
|-start|p2a: Baymax|move: Taunt
|move|p2a: Baymax|Psyshock|p1a: Grumpig
|-resisted|p1a: Grumpig
|-damage|p1a: Grumpig|193\/364
|
|-heal|p1a: Grumpig|215\/364|[from] item: Leftovers
|turn|4
|c|âsniperaim|rekt
|c|âDad's Dad|wtf
|c|âDad's Dad|ur so bad
|join|Bob the Bro
|
|switch|p1a: Sandslash|Sandslash, M|354\/354
|move|p2a: Baymax|Psyshock|p1a: Sandslash
|-damage|p1a: Sandslash|276\/354
|
|-heal|p1a: Sandslash|298\/354|[from] item: Leftovers
|turn|5
|leave|Bob the Bro
|c|âDad's Dad|sniperaim kys
|c|âDad's Dad|pls
|
|switch|p2a: As High As Honor|Pidgeot-Mega, M|307\/307
|move|p1a: Sandslash|Stealth Rock|p2a: As High As Honor
|-sidestart|p2: Dad's Dad|move: Stealth Rock
|
|-heal|p1a: Sandslash|320\/354|[from] item: Leftovers
|turn|6
|
|switch|p1a: Grumpig|Grumpig, M|215\/364
|move|p2a: As High As Honor|Defog|p1a: Grumpig
|-unboost|p1a: Grumpig|evasion|1
|-sideend|p2: Dad's Dad|Stealth Rock|[from] move: Defog|[of] p2a: As High As Honor
|
|-heal|p1a: Grumpig|237\/364|[from] item: Leftovers
|turn|7
|c| so dynamic|where was the stone edge
|c|âDad's Dad|in teambuilder
|
|switch|p2a: Daemon Blackfyre|Hydreigon, M|337\/337
|move|p1a: Grumpig|Psychic|p2a: Daemon Blackfyre
|-immune|p2a: Daemon Blackfyre|[msg]
|
|-heal|p1a: Grumpig|259\/364|[from] item: Leftovers
|turn|8
|c|âsniperaim|idk
|c|âDad's Dad|hehehe
|c|âDad's Dad|im so funy
|
|move|p2a: Daemon Blackfyre|Dark Pulse|p1a: Grumpig
|-supereffective|p1a: Grumpig
|-damage|p1a: Grumpig|55\/364
|move|p1a: Grumpig|Toxic|p2a: Daemon Blackfyre
|-status|p2a: Daemon Blackfyre|tox
|
|-heal|p1a: Grumpig|77\/364|[from] item: Leftovers
|-damage|p2a: Daemon Blackfyre|316\/337 tox|[from] psn
|turn|9
|
|move|p2a: Daemon Blackfyre|Dark Pulse|p1a: Grumpig
|-supereffective|p1a: Grumpig
|-damage|p1a: Grumpig|0 fnt
|faint|p1a: Grumpig
|
|-heal|p2a: Daemon Blackfyre|337\/337 tox|[from] item: Leftovers
|-damage|p2a: Daemon Blackfyre|295\/337 tox|[from] psn
|
|switch|p1a: Kecleon|Kecleon, F|324\/324
|turn|10
|
|switch|p2a: Hoes In Real Life|Hippowdon, F|420\/420
|-weather|Sandstorm
|move|p1a: Kecleon|Power-Up Punch|p2a: Hoes In Real Life
|-start|p1a: Kecleon|typechange|Fighting|[from] Protean
|-damage|p2a: Hoes In Real Life|369\/420
|-boost|p1a: Kecleon|atk|1
|
|-weather|Sandstorm|[upkeep]
|-damage|p1a: Kecleon|304\/324|[from] sandstorm
|-heal|p2a: Hoes In Real Life|395\/420|[from] item: Leftovers
|turn|11
|
|move|p2a: Hoes In Real Life|Stealth Rock|p1a: Kecleon
|-sidestart|p1: sniperaim|move: Stealth Rock
|move|p1a: Kecleon|Return|p2a: Hoes In Real Life
|-start|p1a: Kecleon|typechange|Normal|[from] Protean
|-crit|p2a: Hoes In Real Life
|-damage|p2a: Hoes In Real Life|113\/420
|
|-weather|Sandstorm|[upkeep]
|-damage|p1a: Kecleon|284\/324|[from] sandstorm
|-heal|p2a: Hoes In Real Life|139\/420|[from] item: Leftovers
|turn|12
|c|âDad's Dad|oml ofc
|c|âsniperaim|hehe
|c|âDad's Dad|stupid niggger
|
|move|p2a: Hoes In Real Life|Slack Off|p2a: Hoes In Real Life
|-heal|p2a: Hoes In Real Life|349\/420
|move|p1a: Kecleon|Return|p2a: Hoes In Real Life
|-damage|p2a: Hoes In Real Life|150\/420
|
|-weather|Sandstorm|[upkeep]
|-damage|p1a: Kecleon|264\/324|[from] sandstorm
|-heal|p2a: Hoes In Real Life|176\/420|[from] item: Leftovers
|turn|13
|c|âsniperaim|kek!
|
|move|p2a: Hoes In Real Life|Earthquake|p1a: Kecleon
|-damage|p1a: Kecleon|102\/324
|move|p1a: Kecleon|Return|p2a: Hoes In Real Life
|-damage|p2a: Hoes In Real Life|0 fnt
|faint|p2a: Hoes In Real Life
|
|-weather|Sandstorm|[upkeep]
|-damage|p1a: Kecleon|82\/324|[from] sandstorm
|
|switch|p2a: Daemon Blackfyre|Hydreigon, M|295\/337 tox
|turn|14
|
|move|p1a: Kecleon|Sucker Punch|p2a: Daemon Blackfyre
|-start|p1a: Kecleon|typechange|Dark|[from] Protean
|-resisted|p2a: Daemon Blackfyre
|-damage|p2a: Daemon Blackfyre|194\/337 tox
|move|p2a: Daemon Blackfyre|Draco Meteor|p1a: Kecleon
|-damage|p1a: Kecleon|0 fnt
|-unboost|p2a: Daemon Blackfyre|spa|2
|faint|p1a: Kecleon
|
|-weather|none
|-heal|p2a: Daemon Blackfyre|215\/337 tox|[from] item: Leftovers
|-damage|p2a: Daemon Blackfyre|194\/337 tox|[from] psn
|c|âDad's Dad|hahaha this game is so ez
|c|âDad's Dad|give me a challenge pls
|
|switch|p1a: Feraligatr|Feraligatr, M|312\/312
|-damage|p1a: Feraligatr|273\/312|[from] Stealth Rock
|turn|15
|
|switch|p2a: King O' The North|Suicune|404\/404
|-ability|p2a: King O' The North|Pressure
|move|p1a: Feraligatr|Swords Dance|p1a: Feraligatr
|-boost|p1a: Feraligatr|atk|2
|
|turn|16
|
|move|p1a: Feraligatr|Swords Dance|p1a: Feraligatr
|-boost|p1a: Feraligatr|atk|2
|move|p2a: King O' The North|Scald|p1a: Feraligatr
|-resisted|p1a: Feraligatr
|-damage|p1a: Feraligatr|225\/312
|
|turn|17
|c|âDad's Dad|wtf i didnt even get to ur lum
|join|Technosis
|c|âDad's Dad|fucking hax
|
|move|p1a: Feraligatr|Return|p2a: King O' The North
|-damage|p2a: King O' The North|121\/404
|-damage|p1a: Feraligatr|194\/312|[from] item: Life Orb
|move|p2a: King O' The North|Scald|p1a: Feraligatr
|-resisted|p1a: Feraligatr
|-damage|p1a: Feraligatr|144\/312
|
|-heal|p2a: King O' The North|146\/404|[from] item: Leftovers
|turn|18
|c|âDad's Dad|WTF
|c|âDad's Dad|life orb return
|c|âDad's Dad|HAX
|c|âsniperaim|kek
|c|âDad's Dad|nice scald burn poopyhead
|c|âsniperaim|hehe
|
|move|p1a: Feraligatr|Return|p2a: King O' The North
|-damage|p2a: King O' The North|0 fnt
|-damage|p1a: Feraligatr|113\/312|[from] item: Life Orb
|faint|p2a: King O' The North
|
|c|âDad's Dad|this game is so shit
|leave|so dynamic
|c|âsniperaim|;c
|
|switch|p2a: Daemon Blackfyre|Hydreigon, M|194\/337 tox
|turn|19
|c|âDad's Dad|hurry up poopyhead
|
|move|p1a: Feraligatr|Aqua Jet|p2a: Daemon Blackfyre
|-resisted|p2a: Daemon Blackfyre
|-damage|p2a: Daemon Blackfyre|41\/337 tox
|-damage|p1a: Feraligatr|82\/312|[from] item: Life Orb
|move|p2a: Daemon Blackfyre|Dark Pulse|p1a: Feraligatr
|-damage|p1a: Feraligatr|0 fnt
|faint|p1a: Feraligatr
|
|-heal|p2a: Daemon Blackfyre|62\/337 tox|[from] item: Leftovers
|-damage|p2a: Daemon Blackfyre|41\/337 tox|[from] psn
|c|âDad's Dad|does this kill
|c|âDad's Dad|hahah ez
|c|âDad's Dad|af
|
|switch|p1a: Ditto|Ditto|300\/300
|-damage|p1a: Ditto|263\/300|[from] Stealth Rock
|-transform|p1a: Ditto|p2a: Daemon Blackfyre
|turn|20
|
|move|p1a: Ditto|Dark Pulse|p2a: Daemon Blackfyre
|-resisted|p2a: Daemon Blackfyre
|-damage|p2a: Daemon Blackfyre|0 fnt
|faint|p2a: Daemon Blackfyre
|
|c|âDad's Dad|hydreigon is so majestic
|c|âsniperaim|idc
|
|switch|p2a: Jewrachi|Jirachi|341\/341
|turn|21
|c|âDad's Dad|hahaha yes u do
|c|âDad's Dad|i love hydreigon
|c|âDad's Dad|its so beautiful
|c|âsniperaim|idc
|
|switch|p1a: Sandslash|Sandslash, M|320\/354
|-damage|p1a: Sandslash|298\/354|[from] Stealth Rock
|move|p2a: Jewrachi|U-turn|p1a: Sandslash
|-damage|p1a: Sandslash|251\/354
|c|âDad's Dad|dont think ive ever made a good team without one
|c|âsniperaim|idc
|
|switch|p2a: As High As Honor|Pidgeot-Mega, M|307\/307
|
|-heal|p1a: Sandslash|273\/354|[from] item: Leftovers
|turn|22
|c|âDad's Dad|yh u do
|c| Technosis|rip
|
|move|p2a: As High As Honor|Hurricane|p1a: Sandslash
|-damage|p1a: Sandslash|0 fnt
|faint|p1a: Sandslash
|
|c|âDad's Dad|this game is so easy
|
|switch|p1a: Ditto|Ditto|263\/300
|-damage|p1a: Ditto|226\/300|[from] Stealth Rock
|-transform|p1a: Ditto|p2a: As High As Honor
|turn|23
|
|switch|p2a: Baymax|Reuniclus, M|421\/421 tox
|move|p1a: Ditto|Hurricane|p2a: Baymax
|-damage|p2a: Baymax|181\/421 tox
|
|-heal|p2a: Baymax|207\/421 tox|[from] item: Leftovers
|turn|24
|leave|Technosis
|c|âsniperaim|kek
|c|âDad's Dad|?
|c|âDad's Dad|whats so funny
|c|âDad's Dad|bitchboy
|
|switch|p2a: Jewrachi|Jirachi|341\/341
|move|p1a: Ditto|Hurricane|p2a: Jewrachi
|-resisted|p2a: Jewrachi
|-damage|p2a: Jewrachi|249\/341
|
|turn|25
|c|âDad's Dad|nice confusion n_n
|
|move|p1a: Ditto|Hurricane|p2a: Jewrachi
|-resisted|p2a: Jewrachi
|-damage|p2a: Jewrachi|156\/341
|-start|p2a: Jewrachi|confusion
|-activate|p2a: Jewrachi|confusion
|-damage|p2a: Jewrachi|115\/341|[from] confusion
|
|turn|26
|c|âDad's Dad|OFC
|c|âDad's Dad|OFC
|c|âDad's Dad|OFC
|c|âDad's Dad|OFC
|c|âsniperaim|ez
|
|move|p1a: Ditto|Hurricane|p2a: Jewrachi
|-resisted|p2a: Jewrachi
|-damage|p2a: Jewrachi|7\/341
|-activate|p2a: Jewrachi|confusion
|move|p2a: Jewrachi|Iron Head|p1a: Ditto
|-damage|p1a: Ditto|85\/300
|
|turn|27
|join|so dynamic
|c|âDad's Dad|no wrry
|
|switch|p1a: Vileplume|Vileplume, F|354\/354
|-damage|p1a: Vileplume|310\/354|[from] Stealth Rock
|-end|p2a: Jewrachi|confusion
|move|p2a: Jewrachi|Iron Head|p1a: Vileplume
|-damage|p1a: Vileplume|216\/354
|
|-heal|p1a: Vileplume|238\/354|[from] item: Black Sludge
|turn|28
|c|âDad's Dad|i still win
|c| so dynamic|implying
|c| so dynamic|clicking iron head takes skill
|c|âDad's Dad|it does
|c|âDad's Dad|?
|
|move|p2a: Jewrachi|Iron Head|p1a: Vileplume
|-damage|p1a: Vileplume|136\/354
|cant|p1a: Vileplume|flinch
|
|-heal|p1a: Vileplume|158\/354|[from] item: Black Sludge
|turn|29
|c| so dynamic|????????
|c|âDad's Dad|dont you see this __skill__?
|
|move|p2a: Jewrachi|Iron Head|p1a: Vileplume
|-damage|p1a: Vileplume|62\/354
|cant|p1a: Vileplume|flinch
|
|-heal|p1a: Vileplume|84\/354|[from] item: Black Sludge
|turn|30
|
|switch|p2a: Baymax|Reuniclus, M|207\/421 tox
|move|p1a: Vileplume|Sludge Bomb|p2a: Baymax
|-damage|p2a: Baymax|71\/421 tox
|
|-heal|p1a: Vileplume|106\/354|[from] item: Black Sludge
|-heal|p2a: Baymax|97\/421 tox|[from] item: Leftovers
|turn|31
|c|âsniperaim|choke
|c|âDad's Dad|fuck you
|c|âDad's Dad|poopyhead
|c|âsniperaim|hehe
|
|switch|p2a: As High As Honor|Pidgeot-Mega, M|307\/307
|move|p1a: Vileplume|Sludge Bomb|p2a: As High As Honor
|-crit|p2a: As High As Honor
|-damage|p2a: As High As Honor|112\/307
|
|-heal|p1a: Vileplume|128\/354|[from] item: Black Sludge
|turn|32
|c|âDad's Dad|thats not what i clicked wtf
|c|âsniperaim|kek
|c|âsniperaim|ezz
|c|âDad's Dad|fuckboy
|
|switch|p2a: Jewrachi|Jirachi|7\/341
|move|p1a: Vileplume|Sludge Bomb|p2a: Jewrachi
|-immune|p2a: Jewrachi|[msg]
|
|-heal|p1a: Vileplume|150\/354|[from] item: Black Sludge
|turn|33
|
|move|p2a: Jewrachi|Trick|p1a: Vileplume
|-activate|p2a: Jewrachi|move: Trick|[of] p1a: Vileplume
|-item|p1a: Vileplume|Choice Scarf|[from] move: Trick
|-item|p2a: Jewrachi|Black Sludge|[from] move: Trick
|move|p1a: Vileplume|Sludge Bomb|p2a: Jewrachi
|-immune|p2a: Jewrachi|[msg]
|
|-damage|p2a: Jewrachi|0 fnt|[from] item: Black Sludge
|faint|p2a: Jewrachi
|c|âsniperaim|kek
|c|âDad's Dad|ur so bad tbh
|
|switch|p2a: As High As Honor|Pidgeot-Mega, M|112\/307
|turn|34
|c|âDad's Dad|first u hax me
|c|âDad's Dad|then u run bad sets
|c|âsniperaim|im a god
|c|âDad's Dad|like life orb feraligatr
|c|âDad's Dad|with return
|c|âDad's Dad|like wtf is this shit
|join|tecadoisgaylol
|join|Snowballin
|c|âsniperaim|??
|c|âDad's Dad|then u confuse my jirachi
|c|âDad's Dad|and i hit myself
|join|Swamo
|c|âsniperaim|didnt matter
|
|move|p2a: As High As Honor|Hurricane|p1a: Vileplume
|-supereffective|p1a: Vileplume
|-damage|p1a: Vileplume|0 fnt
|faint|p1a: Vileplume
|
|join|Cynthia's Chomp
|leave|Cynthia's Chomp
|
|switch|p1a: Ditto|Ditto|85\/300
|-damage|p1a: Ditto|48\/300|[from] Stealth Rock
|-transform|p1a: Ditto|p2a: As High As Honor
|turn|35
|c|âsniperaim|im a uu god
|join|Bicycle Repair Man
|
|move|p1a: Ditto|Hurricane|p2a: As High As Honor
|-damage|p2a: As High As Honor|0 fnt
|faint|p2a: As High As Honor
|
|
|switch|p2a: Baymax|Reuniclus, M|97\/421 tox
|turn|36
|c|âDad's Dad|haxing poopyhead
|
|move|p1a: Ditto|Hurricane|p2a: Baymax
|-damage|p2a: Baymax|0 fnt
|faint|p2a: Baymax
|
|win|sniperaim
|c|âsniperaim|gg
|c|âsniperaim|hehe
|c|âDad's Dad|>gg
|c|âDad's Dad|that was bg
|c|âDad's Dad|rm
|c|âDad's Dad|now.
|leave|Dad's Dad
|player|p2
|leave|Swamo