|join|sniperaim
|join|Dad's Dad
|player|p1|sniperaim|220
|player|p2|Dad's Dad|183
|gametype|singles
|gen|6
|tier|UU
|rule|Sleep Clause Mod: Limit one foe put to sleep
|rule|Species Clause: Limit one of each PokÃ©mon
|rule|OHKO Clause: OHKO moves are banned
|rule|Moody Clause: Moody is banned
|rule|Evasion Moves Clause: Evasion moves are banned
|rule|Endless Battle Clause: Forcing endless battles is banned
|rule|HP Percentage Mod: HP is shown in percentages
|clearpoke
|poke|p1|Gorebyss, M
|poke|p1|Typhlosion, M
|poke|p1|Glalie, M
|poke|p1|Barbaracle, F
|poke|p1|Shiftry, M
|poke|p1|Golurk
|poke|p2|Aerodactyl, M
|poke|p2|Tentacruel, F
|poke|p2|Raikou
|poke|p2|Aromatisse, M
|poke|p2|Mienshao, F
|poke|p2|Snorlax, M
|rule|Swagger Clause: Swagger is banned
|rule|Baton Pass Clause: Limit one PokÃ©mon knowing Baton Pass
|teampreview
|c|âDad's Dad|nice scouting
|c|âsniperaim|kek
|c|âDad's Dad|is this like a really bad ru team
|
|start
|switch|p1a: Golurk|Golurk|340\/340
|switch|p2a: Tentacle Rape|Tentacruel, F|361\/361
|turn|1
|c|âsniperaim|nu
|c|âDad's Dad|shifty and glalie are banned
|c|âDad's Dad|dumbass
|
|switch|p2a: Potato Fairy|Aromatisse, M|404\/404
|switch|p1a: Glalie|Glalie, M|301\/301
|
|turn|2
|
|switch|p2a: hehe bwoi|Snorlax, M|503\/503
|move|p1a: Glalie|Spikes|p2a: hehe bwoi
|-sidestart|p2: Dad's Dad|Spikes
|
|turn|3
|c|âsniperaim|ik
|c|âDad's Dad|sometimes i feel like i dont have good eq switch ins rip
|
|move|p1a: Glalie|Taunt|p2a: hehe bwoi
|-start|p2a: hehe bwoi|move: Taunt
|cant|p2a: hehe bwoi|move: Taunt|Curse
|
|turn|4
|c|âDad's Dad|lol
|
|move|p1a: Glalie|Explosion|p2a: hehe bwoi
|-damage|p2a: hehe bwoi|298\/503
|faint|p1a: Glalie
|move|p2a: hehe bwoi|Body Slam|p1: Glalie|[notarget]
|-notarget
|
|-heal|p2a: hehe bwoi|329\/503|[from] item: Leftovers
|
|switch|p1a: Barbaracle|Barbaracle, F|286\/286
|turn|5
|
|switch|p2a: Feng|Mienshao, F|271\/271
|-damage|p2a: Feng|238\/271|[from] Spikes
|move|p1a: Barbaracle|Shell Smash|p1a: Barbaracle
|-boost|p1a: Barbaracle|atk|2
|-boost|p1a: Barbaracle|spa|2
|-boost|p1a: Barbaracle|spe|2
|-unboost|p1a: Barbaracle|def|1
|-unboost|p1a: Barbaracle|spd|1
|-enditem|p1a: Barbaracle|White Herb
|-restoreboost|p1a: Barbaracle|[silent]
|
|turn|6
|join|DrReuniclus3
|
|move|p1a: Barbaracle|Aerial Ace|p2a: Feng
|-supereffective|p2a: Feng
|-damage|p2a: Feng|0 fnt
|faint|p2a: Feng
|
|c|âDad's Dad|ur jolly
|c|âDad's Dad|why
|c|âsniperaim|kek
|c|âsniperaim|idk
|
|switch|p2a: Tentacle Rape|Tentacruel, F|361\/361
|-damage|p2a: Tentacle Rape|316\/361|[from] Spikes
|turn|7
|
|move|p1a: Barbaracle|Razor Shell|p2a: Tentacle Rape
|-resisted|p2a: Tentacle Rape
|-damage|p2a: Tentacle Rape|177\/361
|move|p2a: Tentacle Rape|Scald|p1a: Barbaracle
|-damage|p1a: Barbaracle|192\/286
|
|-heal|p2a: Tentacle Rape|199\/361|[from] item: Black Sludge
|turn|8
|
|move|p1a: Barbaracle|Stone Edge|p2a: Tentacle Rape
|-damage|p2a: Tentacle Rape|0 fnt
|faint|p2a: Tentacle Rape
|
|c|âDad's Dad|ofc
|c|âDad's Dad|nice burn
|c|âsniperaim|kek
|
|switch|p2a: Potato Fairy|Aromatisse, M|404\/404
|-damage|p2a: Potato Fairy|354\/404|[from] Spikes
|turn|9
|
|move|p1a: Barbaracle|Razor Shell|p2a: Potato Fairy
|-damage|p2a: Potato Fairy|99\/404
|move|p2a: Potato Fairy|Moonblast|p1a: Barbaracle
|-damage|p1a: Barbaracle|72\/286
|
|-heal|p2a: Potato Fairy|124\/404|[from] item: Leftovers
|turn|10
|
|move|p1a: Barbaracle|Razor Shell|p2a: Potato Fairy
|-damage|p2a: Potato Fairy|0 fnt
|faint|p2a: Potato Fairy
|
|
|switch|p2a: Edric Storm|Raikou|325\/325
|-damage|p2a: Edric Storm|285\/325|[from] Spikes
|-ability|p2a: Edric Storm|Pressure
|turn|11
|
|move|p1a: Barbaracle|Razor Shell|p2a: Edric Storm|[miss]
|-miss|p1a: Barbaracle|p2a: Edric Storm
|move|p2a: Edric Storm|Hidden Power|p1a: Barbaracle
|-supereffective|p1a: Barbaracle
|-damage|p1a: Barbaracle|0 fnt
|faint|p1a: Barbaracle
|
|c|âDad's Dad|not hax
|
|switch|p1a: Golurk|Golurk|340\/340
|turn|12
|c|âDad's Dad|you lucky fuck
|
|move|p2a: Edric Storm|Hidden Power|p1a: Golurk
|-supereffective|p1a: Golurk
|-damage|p1a: Golurk|165\/340
|move|p1a: Golurk|Drain Punch|p2a: Edric Storm
|-damage|p2a: Edric Storm|99\/325
|-heal|p1a: Golurk|258\/340|[from] drain|[of] p2a: Edric Storm
|-damage|p1a: Golurk|224\/340|[from] item: Life Orb
|
|turn|13
|
|switch|p1a: Shiftry|Shiftry, M|322\/322
|move|p2a: Edric Storm|Hidden Power|p1a: Shiftry
|-resisted|p1a: Shiftry
|-damage|p1a: Shiftry|277\/322
|
|turn|14
|
|move|p2a: Edric Storm|Thunderbolt|p1a: Shiftry
|-resisted|p1a: Shiftry
|-damage|p1a: Shiftry|159\/322
|move|p1a: Shiftry|Leaf Storm|p2a: Edric Storm
|-crit|p2a: Edric Storm
|-damage|p2a: Edric Storm|0 fnt
|-unboost|p1a: Shiftry|spa|2
|faint|p2a: Edric Storm
|
|
|switch|p2a: Uruk-Hai|Aerodactyl, M|337\/337
|turn|15
|
|detailschange|p2a: Uruk-Hai|Aerodactyl-Mega, M
|-mega|p2a: Uruk-Hai|Aerodactyl|Aerodactylite
|move|p1a: Shiftry|Sucker Punch|p2a: Uruk-Hai
|-fail|p2a: Uruk-Hai
|move|p2a: Uruk-Hai|Stealth Rock|p1a: Shiftry
|-sidestart|p1: sniperaim|move: Stealth Rock
|
|turn|16
|
|move|p1a: Shiftry|Sucker Punch|p2a: Uruk-Hai
|-fail|p2a: Uruk-Hai
|move|p2a: Uruk-Hai|Stealth Rock|p1a: Shiftry
|-fail|p1a: Shiftry
|
|turn|17
|
|move|p1a: Shiftry|Sucker Punch|p2a: Uruk-Hai
|-fail|p2a: Uruk-Hai
|move|p2a: Uruk-Hai|Stealth Rock|p1a: Shiftry
|-fail|p1a: Shiftry
|
|turn|18
|c|âDad's Dad|lol
|
|move|p2a: Uruk-Hai|Stealth Rock|p1a: Shiftry
|-fail|p1a: Shiftry
|move|p1a: Shiftry|Knock Off|p2a: Uruk-Hai
|-damage|p2a: Uruk-Hai|202\/337
|
|turn|19
|
|move|p1a: Shiftry|Sucker Punch|p2a: Uruk-Hai
|-damage|p2a: Uruk-Hai|12\/337
|move|p2a: Uruk-Hai|Stone Edge|p1a: Shiftry
|-damage|p1a: Shiftry|0 fnt
|faint|p1a: Shiftry
|
|
|switch|p1a: Typhlosion|Typhlosion, M|297\/297
|-damage|p1a: Typhlosion|223\/297|[from] Stealth Rock
|turn|20
|
|move|p1a: Typhlosion|Focus Blast|p2a: Uruk-Hai
|-damage|p2a: Uruk-Hai|0 fnt
|faint|p2a: Uruk-Hai
|
|
|switch|p2a: hehe bwoi|Snorlax, M|329\/503
|-damage|p2a: hehe bwoi|267\/503|[from] Spikes
|turn|21
|
|move|p1a: Typhlosion|Focus Blast|p2a: hehe bwoi|[miss]
|-miss|p1a: Typhlosion|p2a: hehe bwoi
|move|p2a: hehe bwoi|Body Slam|p1a: Typhlosion
|-damage|p1a: Typhlosion|82\/297
|
|-heal|p2a: hehe bwoi|298\/503|[from] item: Leftovers
|turn|22
|c|âDad's Dad|ez
|c|âDad's Dad|af
|
|move|p1a: Typhlosion|Focus Blast|p2a: hehe bwoi
|-crit|p2a: hehe bwoi
|-supereffective|p2a: hehe bwoi
|-damage|p2a: hehe bwoi|10\/503
|move|p2a: hehe bwoi|Body Slam|p1a: Typhlosion
|-damage|p1a: Typhlosion|0 fnt
|faint|p1a: Typhlosion
|
|-heal|p2a: hehe bwoi|41\/503|[from] item: Leftovers
|c|âsniperaim|kek
|c|âDad's Dad|ofc
|c|âDad's Dad|u lucky poopyhead
|join|COOLSTORYBROBAT
|c|âsniperaim|??
|c|âsniperaim|skill
|c|âsniperaim|tbh
|c|âsniperaim|lol
|
|switch|p1a: Gorebyss|Gorebyss, M|262\/262
|-damage|p1a: Gorebyss|230\/262|[from] Stealth Rock
|turn|23
|c|@COOLSTORYBROBAT|Dad's Dad how are you losing to this
|c|@COOLSTORYBROBAT|You suck
|c|âDad's Dad|hes a lucky poopyhead
|c|âsniperaim|kek!
|join|lapraz
|c|âDad's Dad|who the fuck runs jolly barbaracle
|c| DrReuniclus3|Typhlosion used Focus Blast!
|c| DrReuniclus3|A critical hit! It's super effective! The opposing hehe bwoi lost 58.0% of its health!
|c|âsniperaim|ez
|c|âsniperaim|i missed
|c|âsniperaim|razor
|c|âsniperaim|shell
|c| DrReuniclus3|^
|c|âsniperaim|soooo
|c|âsniperaim|isc
|leave|COOLSTORYBROBAT
|join|MARCU5theBAW5
|join|crowsbow23
|leave|crowsbow23
|join|SilverReaper21
|c|âDad's Dad|poopyhead
|c|âsniperaim|kek
|leave|SilverReaper21
|c|âsniperaim|be nice
|c|âDad's Dad|no
|c|âsniperaim|pik ur move
|c|âDad's Dad|what the fuck are you gonna do about it
|c|âsniperaim|ffs
|
|move|p1a: Gorebyss|Surf|p2a: hehe bwoi
|-damage|p2a: hehe bwoi|0 fnt
|faint|p2a: hehe bwoi
|
|win|sniperaim
|c|âsniperaim|hehe
|c|âsniperaim|gg fgt