|join|sniperaim
|join|Dark Eye of Sauron
|player|p1|sniperaim|220
|player|p2|Dark Eye of Sauron|108
|gametype|singles
|gen|6
|tier|UU
|rule|Sleep Clause Mod: Limit one foe put to sleep
|rule|Species Clause: Limit one of each PokÃ©mon
|rule|OHKO Clause: OHKO moves are banned
|rule|Moody Clause: Moody is banned
|rule|Evasion Moves Clause: Evasion moves are banned
|rule|Endless Battle Clause: Forcing endless battles is banned
|rule|HP Percentage Mod: HP is shown in percentages
|clearpoke
|poke|p1|Serperior, F
|poke|p1|Jirachi
|poke|p1|Swampert, F
|poke|p1|Gligar, M
|poke|p1|Entei, shiny
|poke|p1|Hydreigon, M
|poke|p2|Aerodactyl, F
|poke|p2|Tentacruel, M
|poke|p2|Raikou
|poke|p2|Aromatisse, F
|poke|p2|Mienshao, M
|poke|p2|Snorlax, M
|rule|Swagger Clause: Swagger is banned
|rule|Baton Pass Clause: Limit one PokÃ©mon knowing Baton Pass
|teampreview
|c|âDark Eye of Sauron|o fk riperior
|c|âsniperaim|kek
|
|start
|switch|p1a: Swampert|Swampert, F|404\/404
|switch|p2a: hehe bwoi|Snorlax, M|504\/504
|turn|1
|
|detailschange|p1a: Swampert|Swampert-Mega, F
|-mega|p1a: Swampert|Swampert|Swampertite
|move|p1a: Swampert|Scald|p2a: hehe bwoi
|-damage|p2a: hehe bwoi|438\/504
|move|p2a: hehe bwoi|Curse|p2a: hehe bwoi
|-boost|p2a: hehe bwoi|atk|1
|-boost|p2a: hehe bwoi|def|1
|-unboost|p2a: hehe bwoi|spe|1
|
|-heal|p2a: hehe bwoi|469\/504|[from] item: Leftovers
|turn|2
|c|âDark Eye of Sauron|lol
|
|switch|p1a: Jirachi|Jirachi|342\/342
|move|p2a: hehe bwoi|Curse|p2a: hehe bwoi
|-boost|p2a: hehe bwoi|atk|1
|-boost|p2a: hehe bwoi|def|1
|-unboost|p2a: hehe bwoi|spe|1
|
|-heal|p2a: hehe bwoi|500\/504|[from] item: Leftovers
|turn|3
|join|dingbat
|
|move|p1a: Jirachi|Toxic|p2a: hehe bwoi
|-status|p2a: hehe bwoi|tox
|move|p2a: hehe bwoi|Crunch|p1a: Jirachi
|-supereffective|p1a: Jirachi
|-damage|p1a: Jirachi|54\/342
|
|-heal|p1a: Jirachi|75\/342|[from] item: Leftovers
|-heal|p2a: hehe bwoi|504\/504 tox|[from] item: Leftovers
|-damage|p2a: hehe bwoi|473\/504 tox|[from] psn
|turn|4
|
|switch|p2a: Tentacle rape|Tentacruel, M|361\/361
|move|p1a: Jirachi|Iron Head|p2a: Tentacle rape
|-resisted|p2a: Tentacle rape
|-damage|p2a: Tentacle rape|307\/361
|
|-heal|p1a: Jirachi|96\/342|[from] item: Leftovers
|-heal|p2a: Tentacle rape|329\/361|[from] item: Black Sludge
|turn|5
|c|âDark Eye of Sauron|was doing something hehehe
|leave|dingbat
|
|switch|p1a: Serperior|Serperior, F|291\/291
|move|p2a: Tentacle rape|Scald|p1a: Serperior
|-resisted|p1a: Serperior
|-damage|p1a: Serperior|248\/291
|-status|p1a: Serperior|brn
|
|-heal|p2a: Tentacle rape|351\/361|[from] item: Black Sludge
|-damage|p1a: Serperior|212\/291 brn|[from] brn
|turn|6
|c|âDark Eye of Sauron|hehehe
|
|move|p1a: Serperior|Leaf Storm|p2a: Tentacle rape
|-crit|p2a: Tentacle rape
|-damage|p2a: Tentacle rape|74\/361
|-boost|p1a: Serperior|spa|2
|-damage|p1a: Serperior|183\/291 brn|[from] item: Life Orb
|move|p2a: Tentacle rape|Toxic Spikes|p1a: Serperior
|-sidestart|p1: sniperaim|move: Toxic Spikes
|
|-heal|p2a: Tentacle rape|96\/361|[from] item: Black Sludge
|-damage|p1a: Serperior|147\/291 brn|[from] brn
|turn|7
|
|switch|p2a: hehe bwoi|Snorlax, M|473\/504 tox
|move|p1a: Serperior|Dragon Pulse|p2a: hehe bwoi
|-damage|p2a: hehe bwoi|347\/504 tox
|-damage|p1a: Serperior|118\/291 brn|[from] item: Life Orb
|
|-heal|p2a: hehe bwoi|378\/504 tox|[from] item: Leftovers
|-damage|p1a: Serperior|82\/291 brn|[from] brn
|-damage|p2a: hehe bwoi|347\/504 tox|[from] psn
|turn|8
|c|âDark Eye of Sauron|i cancelled lol
|
|switch|p2a: Tentacle rape|Tentacruel, M|96\/361
|move|p1a: Serperior|Leaf Storm|p2a: Tentacle rape
|-damage|p2a: Tentacle rape|0 fnt
|-boost|p1a: Serperior|spa|2
|-damage|p1a: Serperior|53\/291 brn|[from] item: Life Orb
|faint|p2a: Tentacle rape
|
|-damage|p1a: Serperior|17\/291 brn|[from] brn
|
|switch|p2a: Shao Ming|Mienshao, M|271\/271
|turn|9
|join|Broomer42
|
|move|p2a: Shao Ming|U-turn|p1a: Serperior
|-supereffective|p1a: Serperior
|-damage|p1a: Serperior|0 fnt
|faint|p1a: Serperior
|c|âsniperaim|..
|
|switch|p2a: hehe bwoi|Snorlax, M|347\/504 tox
|
|-heal|p2a: hehe bwoi|378\/504 tox|[from] item: Leftovers
|-damage|p2a: hehe bwoi|347\/504 tox|[from] psn
|c|âDark Eye of Sauron|calm ur dick
|c|âDark Eye of Sauron|poopyhead
|
|switch|p1a: Jirachi|Jirachi|96\/342
|turn|10
|
|move|p1a: Jirachi|Iron Head|p2a: hehe bwoi
|-damage|p2a: hehe bwoi|211\/504 tox
|move|p2a: hehe bwoi|Crunch|p1a: Jirachi
|-supereffective|p1a: Jirachi
|-damage|p1a: Jirachi|0 fnt
|faint|p1a: Jirachi
|
|-heal|p2a: hehe bwoi|242\/504 tox|[from] item: Leftovers
|-damage|p2a: hehe bwoi|180\/504 tox|[from] psn
|c|âDark Eye of Sauron|hehehe
|c|âDark Eye of Sauron|do i just win with this
|
|switch|p1a: Hydreigon|Hydreigon, M|326\/326
|turn|11
|
|switch|p2a: Potato Fairy|Aromatisse, F|404\/404
|move|p1a: Hydreigon|U-turn|p2a: Potato Fairy
|-resisted|p2a: Potato Fairy
|-damage|p2a: Potato Fairy|381\/404
|
|switch|p1a: Gligar|Gligar, M|323\/323
|
|-heal|p2a: Potato Fairy|404\/404|[from] item: Leftovers
|turn|12
|
|move|p1a: Gligar|Defog|p2a: Potato Fairy
|-unboost|p2a: Potato Fairy|evasion|1
|-sideend|p1: sniperaim|Toxic Spikes|[from] move: Defog|[of] p1a: Gligar
|move|p2a: Potato Fairy|Wish|p2a: Potato Fairy
|
|turn|13
|
|switch|p2a: hehe bwoi|Snorlax, M|180\/504 tox
|move|p1a: Gligar|Earthquake|p2a: hehe bwoi
|-damage|p2a: hehe bwoi|66\/504 tox
|
|-heal|p2a: hehe bwoi|268\/504 tox|[from] move: Wish|[wisher] Potato Fairy
|-heal|p2a: hehe bwoi|299\/504 tox|[from] item: Leftovers
|-damage|p2a: hehe bwoi|268\/504 tox|[from] psn
|turn|14
|
|move|p1a: Gligar|U-turn|p2a: hehe bwoi
|-damage|p2a: hehe bwoi|215\/504 tox
|
|switch|p1a: Entei|Entei, shiny|371\/371
|-ability|p1a: Entei|Pressure
|move|p2a: hehe bwoi|Curse|p2a: hehe bwoi
|-boost|p2a: hehe bwoi|atk|1
|-boost|p2a: hehe bwoi|def|1
|-unboost|p2a: hehe bwoi|spe|1
|
|-heal|p2a: hehe bwoi|246\/504 tox|[from] item: Leftovers
|-damage|p2a: hehe bwoi|184\/504 tox|[from] psn
|turn|15
|
|switch|p1a: Gligar|Gligar, M|323\/323
|move|p2a: hehe bwoi|Rest|p2a: hehe bwoi
|-status|p2a: hehe bwoi|slp
|-heal|p2a: hehe bwoi|504\/504 slp|[silent]
|-status|p2a: hehe bwoi|slp|[from] move: Rest
|
|turn|16
|
|move|p1a: Gligar|U-turn|p2a: hehe bwoi
|-damage|p2a: hehe bwoi|472\/504 slp
|
|switch|p1a: Entei|Entei, shiny|371\/371
|-ability|p1a: Entei|Pressure
|cant|p2a: hehe bwoi|slp
|
|-heal|p2a: hehe bwoi|503\/504 slp|[from] item: Leftovers
|turn|17
|
|move|p1a: Entei|Sacred Fire|p2a: hehe bwoi
|-damage|p2a: hehe bwoi|401\/504 slp
|cant|p2a: hehe bwoi|slp
|
|-heal|p2a: hehe bwoi|432\/504 slp|[from] item: Leftovers
|turn|18
|c|âDark Eye of Sauron|hehehe
|c|âDark Eye of Sauron|you have nothing for thi
|
|move|p1a: Entei|Sacred Fire|p2a: hehe bwoi
|-damage|p2a: hehe bwoi|330\/504 slp
|-curestatus|p2a: hehe bwoi|slp
|move|p2a: hehe bwoi|Curse|p2a: hehe bwoi
|-boost|p2a: hehe bwoi|atk|1
|-boost|p2a: hehe bwoi|def|1
|-unboost|p2a: hehe bwoi|spe|1
|
|-heal|p2a: hehe bwoi|361\/504|[from] item: Leftovers
|turn|19
|c|âDark Eye of Sauron|s
|leave|Broomer42
|
|move|p1a: Entei|Sacred Fire|p2a: hehe bwoi
|-damage|p2a: hehe bwoi|285\/504
|move|p2a: hehe bwoi|Curse|p2a: hehe bwoi
|-boost|p2a: hehe bwoi|atk|1
|-boost|p2a: hehe bwoi|def|1
|-unboost|p2a: hehe bwoi|spe|1
|
|-heal|p2a: hehe bwoi|316\/504|[from] item: Leftovers
|turn|20
|
|move|p1a: Entei|Sacred Fire|p2a: hehe bwoi
|-damage|p2a: hehe bwoi|250\/504
|move|p2a: hehe bwoi|Curse|p2a: hehe bwoi
|-boost|p2a: hehe bwoi|atk|1
|-boost|p2a: hehe bwoi|def|1
|-unboost|p2a: hehe bwoi|spe|1
|
|-heal|p2a: hehe bwoi|281\/504|[from] item: Leftovers
|turn|21
|
|move|p1a: Entei|Sacred Fire|p2a: hehe bwoi
|-damage|p2a: hehe bwoi|227\/504
|-status|p2a: hehe bwoi|brn
|move|p2a: hehe bwoi|Body Slam|p1a: Entei
|-damage|p1a: Entei|196\/371
|
|-heal|p2a: hehe bwoi|258\/504 brn|[from] item: Leftovers
|-damage|p2a: hehe bwoi|195\/504 brn|[from] brn
|turn|22
|
|move|p1a: Entei|Sacred Fire|p2a: hehe bwoi
|-damage|p2a: hehe bwoi|144\/504 brn
|move|p2a: hehe bwoi|Rest|p2a: hehe bwoi
|-status|p2a: hehe bwoi|slp
|-heal|p2a: hehe bwoi|504\/504 slp|[silent]
|-status|p2a: hehe bwoi|slp|[from] move: Rest
|
|turn|23
|leave|sniperaim
|player|p1
|-message|Player 1 lost due to inactivity.
|
|win|Dark Eye of Sauron