|join|Fenix-
|join|Erick 17
|player|p1|Fenix-|1
|player|p2|Erick 17|102
|gametype|singles
|gen|5
|tier|[Gen 5] OU
|rated
|rule|Evasion Abilities Clause: Evasion abilities are banned
|clearpoke
|poke|p1|Heatran, M
|poke|p1|Forretress, F
|poke|p1|Dragonite, F
|poke|p1|Jellicent, M
|poke|p1|Skarmory, M
|poke|p1|Gastrodon, F
|poke|p2|Tyranitar, M
|poke|p2|Landorus-Therian, M
|poke|p2|Keldeo-Resolute
|poke|p2|Skarmory, F
|poke|p2|Alakazam, F
|poke|p2|Jellicent, M
|rule|Sleep Clause Mod: Limit one foe put to sleep
|rule|Species Clause: Limit one of each PokÃ©mon
|rule|OHKO Clause: OHKO moves are banned
|rule|Moody Clause: Moody is banned
|rule|Evasion Moves Clause: Evasion moves are banned
|rule|Endless Battle Clause: Forcing endless battles is banned
|rule|HP Percentage Mod: HP is shown in percentages
|teampreview
|
|start
|switch|p1a: Forretress|Forretress, F|354\/354
|switch|p2a: Landorus-Therian|Landorus-Therian, M|382\/382
|-ability|p2a: Landorus-Therian|Intimidate|[of] p1a: Forretress
|-unboost|p1a: Forretress|atk|1
|turn|1
|
|move|p2a: Landorus-Therian|Stealth Rock|p1a: Forretress
|-sidestart|p1: Fenix-|move: Stealth Rock
|move|p1a: Forretress|Stealth Rock|p2a: Landorus-Therian
|-sidestart|p2: Erick 17|move: Stealth Rock
|
|turn|2
|
|move|p2a: Landorus-Therian|U-turn|p1a: Forretress
|-resisted|p1a: Forretress
|-damage|p1a: Forretress|329\/354
|
|switch|p2a: Jellicent|Jellicent, M|404\/404
|-damage|p2a: Jellicent|354\/404|[from] Stealth Rock
|move|p1a: Forretress|Toxic Spikes|p2a: Jellicent
|-sidestart|p2: Erick 17|move: Toxic Spikes
|
|-heal|p2a: Jellicent|379\/404|[from] item: Leftovers
|-heal|p1a: Forretress|351\/354|[from] item: Leftovers
|turn|3
|
|move|p2a: Jellicent|Will-O-Wisp|p1a: Forretress|[miss]
|-miss|p2a: Jellicent|p1a: Forretress
|move|p1a: Forretress|Toxic Spikes|p2a: Jellicent
|-sidestart|p2: Erick 17|move: Toxic Spikes
|
|-heal|p2a: Jellicent|404\/404|[from] item: Leftovers
|-heal|p1a: Forretress|354\/354|[from] item: Leftovers
|turn|4
|
|switch|p1a: Heatran|Heatran, M|384\/384
|-damage|p1a: Heatran|336\/384|[from] Stealth Rock
|move|p2a: Jellicent|Scald|p1a: Heatran
|-supereffective|p1a: Heatran
|-damage|p1a: Heatran|190\/384
|
|-heal|p1a: Heatran|214\/384|[from] item: Leftovers
|turn|5
|
|move|p1a: Heatran|Protect|p1a: Heatran
|-singleturn|p1a: Heatran|Protect
|move|p2a: Jellicent|Recover|p2a: Jellicent
|-fail|p2a: Jellicent
|
|-heal|p1a: Heatran|238\/384|[from] item: Leftovers
|turn|6
|
|switch|p1a: Jellicent|Jellicent, M|403\/403
|-damage|p1a: Jellicent|353\/403|[from] Stealth Rock
|move|p2a: Jellicent|Will-O-Wisp|p1a: Jellicent
|-status|p1a: Jellicent|brn
|
|-heal|p1a: Jellicent|378\/403 brn|[from] item: Leftovers
|-damage|p1a: Jellicent|328\/403 brn|[from] brn
|turn|7
|
|move|p1a: Jellicent|Taunt|p2a: Jellicent
|-start|p2a: Jellicent|move: Taunt
|move|p2a: Jellicent|Ice Beam|p1a: Jellicent
|-resisted|p1a: Jellicent
|-damage|p1a: Jellicent|297\/403 brn
|
|-heal|p1a: Jellicent|322\/403 brn|[from] item: Leftovers
|-damage|p1a: Jellicent|272\/403 brn|[from] brn
|turn|8
|
|switch|p2a: Skarmory|Skarmory, F|334\/334
|-damage|p2a: Skarmory|293\/334|[from] Stealth Rock
|move|p1a: Jellicent|Recover|p1a: Jellicent
|-heal|p1a: Jellicent|403\/403 brn
|
|-heal|p2a: Skarmory|313\/334|[from] item: Leftovers
|-damage|p1a: Jellicent|353\/403 brn|[from] brn
|turn|9
|
|move|p1a: Jellicent|Taunt|p2a: Skarmory
|-start|p2a: Skarmory|move: Taunt
|cant|p2a: Skarmory|move: Taunt|Spikes
|
|-heal|p1a: Jellicent|378\/403 brn|[from] item: Leftovers
|-heal|p2a: Skarmory|333\/334|[from] item: Leftovers
|-damage|p1a: Jellicent|328\/403 brn|[from] brn
|turn|10
|
|switch|p1a: Forretress|Forretress, F|354\/354
|-damage|p1a: Forretress|310\/354|[from] Stealth Rock
|switch|p2a: Jellicent|Jellicent, M|404\/404
|-status|p2a: Jellicent|tox
|-damage|p2a: Jellicent|354\/404 tox|[from] Stealth Rock
|
|-heal|p2a: Jellicent|379\/404 tox|[from] item: Leftovers
|-heal|p1a: Forretress|332\/354|[from] item: Leftovers
|-damage|p2a: Jellicent|354\/404 tox|[from] psn
|turn|11
|
|switch|p2a: Tyranitar|Tyranitar, M|342\/342
|-damage|p2a: Tyranitar|300\/342|[from] Stealth Rock
|-status|p2a: Tyranitar|tox
|-weather|Sandstorm|[from] ability: Sand Stream|[of] p2a: Tyranitar
|move|p1a: Forretress|Volt Switch|p2a: Tyranitar
|-damage|p2a: Tyranitar|275\/342 tox
|
|switch|p1a: Skarmory|Skarmory, M|327\/327
|-damage|p1a: Skarmory|287\/327|[from] Stealth Rock
|
|-weather|Sandstorm|[upkeep]
|-heal|p1a: Skarmory|307\/327|[from] item: Leftovers
|-damage|p2a: Tyranitar|254\/342 tox|[from] psn
|turn|12
|
|switch|p2a: Skarmory|Skarmory, F|333\/334
|-damage|p2a: Skarmory|292\/334|[from] Stealth Rock
|move|p1a: Skarmory|Spikes|p2a: Skarmory
|-sidestart|p2: Erick 17|Spikes
|
|-weather|Sandstorm|[upkeep]
|-heal|p2a: Skarmory|312\/334|[from] item: Leftovers
|-heal|p1a: Skarmory|327\/327|[from] item: Leftovers
|turn|13
|
|move|p2a: Skarmory|Spikes|p1a: Skarmory
|-sidestart|p1: Fenix-|Spikes
|move|p1a: Skarmory|Spikes|p2a: Skarmory
|-sidestart|p2: Erick 17|Spikes
|
|-weather|Sandstorm|[upkeep]
|-heal|p2a: Skarmory|332\/334|[from] item: Leftovers
|turn|14
|
|move|p2a: Skarmory|Spikes|p1a: Skarmory
|-sidestart|p1: Fenix-|Spikes
|move|p1a: Skarmory|Spikes|p2a: Skarmory
|-sidestart|p2: Erick 17|Spikes
|
|-weather|Sandstorm|[upkeep]
|-heal|p2a: Skarmory|334\/334|[from] item: Leftovers
|turn|15
|
|move|p2a: Skarmory|Whirlwind|p1a: Skarmory
|drag|p1a: Forretress|Forretress, F|332\/354
|-damage|p1a: Forretress|288\/354|[from] Stealth Rock
|-damage|p1a: Forretress|229\/354|[from] Spikes
|
|-weather|Sandstorm|[upkeep]
|-heal|p1a: Forretress|251\/354|[from] item: Leftovers
|turn|16
|
|switch|p2a: Jellicent|Jellicent, M|354\/404 tox
|-damage|p2a: Jellicent|253\/404 tox|[from] Spikes
|-damage|p2a: Jellicent|203\/404 tox|[from] Stealth Rock
|move|p1a: Forretress|Rapid Spin|p2a: Jellicent
|-immune|p2a: Jellicent|[msg]
|
|-weather|Sandstorm|[upkeep]
|-damage|p2a: Jellicent|178\/404 tox|[from] sandstorm
|-heal|p2a: Jellicent|203\/404 tox|[from] item: Leftovers
|-heal|p1a: Forretress|273\/354|[from] item: Leftovers
|-damage|p2a: Jellicent|178\/404 tox|[from] psn
|turn|17
|
|move|p2a: Jellicent|Recover|p2a: Jellicent
|-heal|p2a: Jellicent|380\/404 tox
|move|p1a: Forretress|Volt Switch|p2a: Jellicent
|-crit|p2a: Jellicent
|-supereffective|p2a: Jellicent
|-damage|p2a: Jellicent|274\/404 tox
|
|switch|p1a: Jellicent|Jellicent, M|328\/403 brn
|-damage|p1a: Jellicent|261\/403 brn|[from] Spikes
|-damage|p1a: Jellicent|211\/403 brn|[from] Stealth Rock
|
|-weather|Sandstorm|[upkeep]
|-damage|p1a: Jellicent|186\/403 brn|[from] sandstorm
|-damage|p2a: Jellicent|249\/404 tox|[from] sandstorm
|-heal|p1a: Jellicent|211\/403 brn|[from] item: Leftovers
|-heal|p2a: Jellicent|274\/404 tox|[from] item: Leftovers
|-damage|p1a: Jellicent|161\/403 brn|[from] brn
|-damage|p2a: Jellicent|224\/404 tox|[from] psn
|turn|18
|
|switch|p2a: Tyranitar|Tyranitar, M|254\/342 tox
|-damage|p2a: Tyranitar|212\/342 tox|[from] Stealth Rock
|-damage|p2a: Tyranitar|127\/342 tox|[from] Spikes
|move|p1a: Jellicent|Taunt|p2a: Tyranitar
|-start|p2a: Tyranitar|move: Taunt
|
|-weather|Sandstorm|[upkeep]
|-damage|p1a: Jellicent|136\/403 brn|[from] sandstorm
|-heal|p1a: Jellicent|161\/403 brn|[from] item: Leftovers
|-damage|p2a: Tyranitar|106\/342 tox|[from] psn
|-damage|p1a: Jellicent|111\/403 brn|[from] brn
|turn|19
|
|move|p2a: Tyranitar|Pursuit|p1a: Jellicent
|-supereffective|p1a: Jellicent
|-damage|p1a: Jellicent|0 fnt
|faint|p1a: Jellicent
|
|-weather|Sandstorm|[upkeep]
|-damage|p2a: Tyranitar|64\/342 tox|[from] psn
|
|switch|p1a: Heatran|Heatran, M|238\/384
|-damage|p1a: Heatran|190\/384|[from] Stealth Rock
|-damage|p1a: Heatran|126\/384|[from] Spikes
|turn|20
|
|move|p2a: Tyranitar|Pursuit|p1a: Heatran
|-resisted|p1a: Heatran
|-damage|p1a: Heatran|92\/384
|move|p1a: Heatran|Substitute|p1a: Heatran
|-fail|p1a: Heatran|move: Substitute|[weak]
|
|-weather|Sandstorm|[upkeep]
|-heal|p1a: Heatran|116\/384|[from] item: Leftovers
|-damage|p2a: Tyranitar|1\/342 tox|[from] psn
|turn|21
|
|move|p1a: Heatran|Protect|p1a: Heatran
|-singleturn|p1a: Heatran|Protect
|move|p2a: Tyranitar|Pursuit|p1a: Heatran
|-activate|p1a: Heatran|Protect
|
|-weather|Sandstorm|[upkeep]
|-heal|p1a: Heatran|140\/384|[from] item: Leftovers
|-damage|p2a: Tyranitar|0 fnt|[from] psn
|faint|p2a: Tyranitar
|
|switch|p2a: Alakazam|Alakazam, F|252\/252
|-status|p2a: Alakazam|tox
|turn|22
|
|move|p2a: Alakazam|Focus Blast|p1a: Heatran
|-supereffective|p1a: Heatran
|-damage|p1a: Heatran|0 fnt
|faint|p1a: Heatran
|
|-weather|Sandstorm|[upkeep]
|
|switch|p1a: Gastrodon-Ea|Gastrodon, F|426\/426
|-damage|p1a: Gastrodon-Ea|400\/426|[from] Stealth Rock
|-damage|p1a: Gastrodon-Ea|329\/426|[from] Spikes
|turn|23
|
|move|p2a: Alakazam|Psychic|p1a: Gastrodon-Ea
|-damage|p1a: Gastrodon-Ea|188\/426
|move|p1a: Gastrodon-Ea|Earthquake|p2a: Alakazam
|-damage|p2a: Alakazam|71\/252 tox
|
|-weather|Sandstorm|[upkeep]
|-heal|p1a: Gastrodon-Ea|214\/426|[from] item: Leftovers
|turn|24
|
|move|p2a: Alakazam|Psychic|p1a: Gastrodon-Ea
|-damage|p1a: Gastrodon-Ea|87\/426
|move|p1a: Gastrodon-Ea|Recover|p1a: Gastrodon-Ea
|-heal|p1a: Gastrodon-Ea|300\/426
|
|-weather|Sandstorm|[upkeep]
|-heal|p1a: Gastrodon-Ea|326\/426|[from] item: Leftovers
|turn|25
|
|move|p2a: Alakazam|Psychic|p1a: Gastrodon-Ea
|-damage|p1a: Gastrodon-Ea|199\/426
|move|p1a: Gastrodon-Ea|Ice Beam|p2a: Alakazam
|-damage|p2a: Alakazam|0 fnt
|faint|p2a: Alakazam
|
|-weather|Sandstorm|[upkeep]
|-heal|p1a: Gastrodon-Ea|225\/426|[from] item: Leftovers
|
|switch|p2a: Keldeo-Resolute|Keldeo-Resolute|323\/323
|-damage|p2a: Keldeo-Resolute|303\/323|[from] Stealth Rock
|-damage|p2a: Keldeo-Resolute|223\/323|[from] Spikes
|-status|p2a: Keldeo-Resolute|tox
|turn|26
|
|switch|p1a: Dragonite|Dragonite, F|324\/324
|-damage|p1a: Dragonite|243\/324|[from] Stealth Rock
|move|p2a: Keldeo-Resolute|Secret Sword|p1a: Dragonite
|-resisted|p1a: Dragonite
|-damage|p1a: Dragonite|162\/324
|
|-weather|Sandstorm|[upkeep]
|-damage|p2a: Keldeo-Resolute|203\/323 tox|[from] sandstorm
|-damage|p1a: Dragonite|142\/324|[from] sandstorm
|-damage|p2a: Keldeo-Resolute|183\/323 tox|[from] psn
|turn|27
|
|switch|p2a: Landorus-Therian|Landorus-Therian, M|382\/382
|-damage|p2a: Landorus-Therian|335\/382|[from] Stealth Rock
|-ability|p2a: Landorus-Therian|Intimidate|[of] p1a: Dragonite
|-unboost|p1a: Dragonite|atk|1
|move|p1a: Dragonite|Fire Punch|p2a: Landorus-Therian
|-damage|p2a: Landorus-Therian|226\/382
|
|-weather|Sandstorm|[upkeep]
|-damage|p1a: Dragonite|122\/324|[from] sandstorm
|-heal|p2a: Landorus-Therian|249\/382|[from] item: Leftovers
|turn|28
|
|switch|p1a: Skarmory|Skarmory, M|327\/327
|-damage|p1a: Skarmory|287\/327|[from] Stealth Rock
|move|p2a: Landorus-Therian|Stone Edge|p1a: Skarmory|[miss]
|-miss|p2a: Landorus-Therian|p1a: Skarmory
|
|-weather|Sandstorm|[upkeep]
|-heal|p2a: Landorus-Therian|272\/382|[from] item: Leftovers
|-heal|p1a: Skarmory|307\/327|[from] item: Leftovers
|turn|29
|
|move|p2a: Landorus-Therian|Stone Edge|p1a: Skarmory
|-damage|p1a: Skarmory|235\/327
|move|p1a: Skarmory|Brave Bird|p2a: Landorus-Therian
|-damage|p2a: Landorus-Therian|145\/382
|-damage|p1a: Skarmory|193\/327|[from] recoil|[of] p2a: Landorus-Therian
|
|-weather|Sandstorm|[upkeep]
|-heal|p2a: Landorus-Therian|168\/382|[from] item: Leftovers
|-heal|p1a: Skarmory|213\/327|[from] item: Leftovers
|turn|30
|
|move|p2a: Landorus-Therian|Stone Edge|p1a: Skarmory
|-damage|p1a: Skarmory|137\/327
|move|p1a: Skarmory|Whirlwind|p2a: Landorus-Therian
|drag|p2a: Jellicent|Jellicent, M|224\/404 tox
|-damage|p2a: Jellicent|123\/404 tox|[from] Spikes
|-damage|p2a: Jellicent|73\/404 tox|[from] Stealth Rock
|
|-weather|Sandstorm|[upkeep]
|-damage|p2a: Jellicent|48\/404 tox|[from] sandstorm
|-heal|p1a: Skarmory|157\/327|[from] item: Leftovers
|-heal|p2a: Jellicent|73\/404 tox|[from] item: Leftovers
|-damage|p2a: Jellicent|48\/404 tox|[from] psn
|turn|31
|
|move|p1a: Skarmory|Brave Bird|p2a: Jellicent
|-damage|p2a: Jellicent|0 fnt
|-damage|p1a: Skarmory|141\/327|[from] recoil|[of] p2a: Jellicent
|faint|p2a: Jellicent
|
|-weather|Sandstorm|[upkeep]
|-heal|p1a: Skarmory|161\/327|[from] item: Leftovers
|
|switch|p2a: Keldeo-Resolute|Keldeo-Resolute|183\/323 tox
|-damage|p2a: Keldeo-Resolute|103\/323 tox|[from] Spikes
|-damage|p2a: Keldeo-Resolute|83\/323 tox|[from] Stealth Rock
|turn|32
|
|switch|p1a: Gastrodon-Ea|Gastrodon, F|225\/426
|-damage|p1a: Gastrodon-Ea|199\/426|[from] Stealth Rock
|-damage|p1a: Gastrodon-Ea|128\/426|[from] Spikes
|move|p2a: Keldeo-Resolute|Hydro Pump|p1a: Gastrodon-Ea
|-boost|p1a: Gastrodon-Ea|spa|1|[from] ability: Storm Drain
|
|-weather|Sandstorm|[upkeep]
|-damage|p2a: Keldeo-Resolute|63\/323 tox|[from] sandstorm
|-heal|p1a: Gastrodon-Ea|154\/426|[from] item: Leftovers
|-damage|p2a: Keldeo-Resolute|43\/323 tox|[from] psn
|turn|33
|
|move|p2a: Keldeo-Resolute|Secret Sword|p1a: Gastrodon-Ea
|-crit|p1a: Gastrodon-Ea
|-damage|p1a: Gastrodon-Ea|0 fnt
|faint|p1a: Gastrodon-Ea
|
|-weather|Sandstorm|[upkeep]
|-damage|p2a: Keldeo-Resolute|23\/323 tox|[from] sandstorm
|-damage|p2a: Keldeo-Resolute|0 fnt|[from] psn
|faint|p2a: Keldeo-Resolute
|
|switch|p2a: Landorus-Therian|Landorus-Therian, M|168\/382
|switch|p1a: Forretress|Forretress, F|273\/354
|-damage|p2a: Landorus-Therian|121\/382|[from] Stealth Rock
|-ability|p2a: Landorus-Therian|Intimidate|[of] p1a: Forretress
|-unboost|p1a: Forretress|atk|1
|-damage|p1a: Forretress|229\/354|[from] Stealth Rock
|-damage|p1a: Forretress|170\/354|[from] Spikes
|turn|34
|
|move|p2a: Landorus-Therian|Earthquake|p1a: Forretress
|-damage|p1a: Forretress|61\/354
|move|p1a: Forretress|Rapid Spin|p2a: Landorus-Therian
|-damage|p2a: Landorus-Therian|110\/382
|-sideend|p1: Fenix-|Spikes|[from] move: Rapid Spin|[of] p1a: Forretress
|-sideend|p1: Fenix-|Stealth Rock|[from] move: Rapid Spin|[of] p1a: Forretress
|
|-weather|Sandstorm|[upkeep]
|-heal|p2a: Landorus-Therian|133\/382|[from] item: Leftovers
|-heal|p1a: Forretress|83\/354|[from] item: Leftovers
|turn|35
|
|switch|p1a: Dragonite|Dragonite, F|122\/324
|move|p2a: Landorus-Therian|Stone Edge|p1a: Dragonite
|-supereffective|p1a: Dragonite
|-damage|p1a: Dragonite|0 fnt
|faint|p1a: Dragonite
|
|-weather|Sandstorm|[upkeep]
|-heal|p2a: Landorus-Therian|156\/382|[from] item: Leftovers
|
|switch|p1a: Skarmory|Skarmory, M|161\/327
|turn|36
|
|move|p2a: Landorus-Therian|Stone Edge|p1a: Skarmory
|-damage|p1a: Skarmory|87\/327
|move|p1a: Skarmory|Brave Bird|p2a: Landorus-Therian
|-damage|p2a: Landorus-Therian|42\/382
|-damage|p1a: Skarmory|49\/327|[from] recoil|[of] p2a: Landorus-Therian
|
|-weather|Sandstorm|[upkeep]
|-heal|p2a: Landorus-Therian|65\/382|[from] item: Leftovers
|-heal|p1a: Skarmory|69\/327|[from] item: Leftovers
|turn|37
|
|move|p2a: Landorus-Therian|Stone Edge|p1a: Skarmory
|-damage|p1a: Skarmory|1\/327
|move|p1a: Skarmory|Roost|p1a: Skarmory
|-heal|p1a: Skarmory|165\/327
|
|-weather|Sandstorm|[upkeep]
|-heal|p2a: Landorus-Therian|88\/382|[from] item: Leftovers
|-heal|p1a: Skarmory|185\/327|[from] item: Leftovers
|turn|38
|
|switch|p2a: Skarmory|Skarmory, F|334\/334
|-damage|p2a: Skarmory|293\/334|[from] Stealth Rock
|move|p1a: Skarmory|Brave Bird|p2a: Skarmory
|-resisted|p2a: Skarmory
|-damage|p2a: Skarmory|261\/334
|-damage|p1a: Skarmory|174\/327|[from] recoil|[of] p2a: Skarmory
|
|-weather|Sandstorm|[upkeep]
|-heal|p2a: Skarmory|281\/334|[from] item: Leftovers
|-heal|p1a: Skarmory|194\/327|[from] item: Leftovers
|turn|39
|
|move|p2a: Skarmory|Spikes|p1a: Skarmory
|-sidestart|p1: Fenix-|Spikes
|move|p1a: Skarmory|Roost|p1a: Skarmory
|-heal|p1a: Skarmory|327\/327
|
|-weather|Sandstorm|[upkeep]
|-heal|p2a: Skarmory|301\/334|[from] item: Leftovers
|turn|40
|
|move|p2a: Skarmory|Spikes|p1a: Skarmory
|-sidestart|p1: Fenix-|Spikes
|move|p1a: Skarmory|Whirlwind|p2a: Skarmory
|drag|p2a: Landorus-Therian|Landorus-Therian, M|88\/382
|-damage|p2a: Landorus-Therian|41\/382|[from] Stealth Rock
|-ability|p2a: Landorus-Therian|Intimidate|[of] p1a: Skarmory
|-unboost|p1a: Skarmory|atk|1
|
|-weather|Sandstorm|[upkeep]
|-heal|p2a: Landorus-Therian|64\/382|[from] item: Leftovers
|turn|41
|
|move|p2a: Landorus-Therian|Stone Edge|p1a: Skarmory
|-damage|p1a: Skarmory|260\/327
|move|p1a: Skarmory|Whirlwind|p2a: Landorus-Therian
|drag|p2a: Skarmory|Skarmory, F|301\/334
|-damage|p2a: Skarmory|260\/334|[from] Stealth Rock
|
|-weather|Sandstorm|[upkeep]
|-heal|p2a: Skarmory|280\/334|[from] item: Leftovers
|-heal|p1a: Skarmory|280\/327|[from] item: Leftovers
|turn|42
|
|move|p2a: Skarmory|Spikes|p1a: Skarmory
|-sidestart|p1: Fenix-|Spikes
|move|p1a: Skarmory|Whirlwind|p2a: Skarmory
|drag|p2a: Landorus-Therian|Landorus-Therian, M|64\/382
|-damage|p2a: Landorus-Therian|17\/382|[from] Stealth Rock
|-ability|p2a: Landorus-Therian|Intimidate|[of] p1a: Skarmory
|-unboost|p1a: Skarmory|atk|1
|
|-weather|Sandstorm|[upkeep]
|-heal|p2a: Landorus-Therian|40\/382|[from] item: Leftovers
|-heal|p1a: Skarmory|300\/327|[from] item: Leftovers
|turn|43
|
|move|p2a: Landorus-Therian|Stealth Rock|p1a: Skarmory
|-sidestart|p1: Fenix-|move: Stealth Rock
|move|p1a: Skarmory|Whirlwind|p2a: Landorus-Therian
|drag|p2a: Skarmory|Skarmory, F|280\/334
|-damage|p2a: Skarmory|239\/334|[from] Stealth Rock
|
|-weather|Sandstorm|[upkeep]
|-heal|p2a: Skarmory|259\/334|[from] item: Leftovers
|-heal|p1a: Skarmory|320\/327|[from] item: Leftovers
|turn|44
|
|move|p2a: Skarmory|Roost|p2a: Skarmory
|-heal|p2a: Skarmory|334\/334
|move|p1a: Skarmory|Whirlwind|p2a: Skarmory
|drag|p2a: Landorus-Therian|Landorus-Therian, M|40\/382
|-damage|p2a: Landorus-Therian|0 fnt|[from] Stealth Rock
|faint|p2a: Landorus-Therian
|
|-weather|Sandstorm|[upkeep]
|-heal|p1a: Skarmory|327\/327|[from] item: Leftovers
|
|switch|p2a: Skarmory|Skarmory, F|334\/334
|-damage|p2a: Skarmory|293\/334|[from] Stealth Rock
|turn|45
|
|move|p1a: Skarmory|Spikes|p2a: Skarmory
|-fail|p2a: Skarmory
|move|p2a: Skarmory|Whirlwind|p1a: Skarmory
|drag|p1a: Forretress|Forretress, F|83\/354
|-damage|p1a: Forretress|39\/354|[from] Stealth Rock
|-damage|p1a: Forretress|0 fnt|[from] Spikes
|faint|p1a: Forretress
|
|-weather|Sandstorm|[upkeep]
|-heal|p2a: Skarmory|313\/334|[from] item: Leftovers
|
|switch|p1a: Skarmory|Skarmory, M|327\/327
|-damage|p1a: Skarmory|287\/327|[from] Stealth Rock
|turn|46
|
|move|p2a: Skarmory|Brave Bird|p1a: Skarmory
|-resisted|p1a: Skarmory
|-damage|p1a: Skarmory|251\/327
|-damage|p2a: Skarmory|301\/334|[from] recoil|[of] p1a: Skarmory
|move|p1a: Skarmory|Spikes|p2a: Skarmory
|-fail|p2a: Skarmory
|
|-weather|Sandstorm|[upkeep]
|-heal|p2a: Skarmory|321\/334|[from] item: Leftovers
|-heal|p1a: Skarmory|271\/327|[from] item: Leftovers
|turn|47
|
|move|p1a: Skarmory|Spikes|p2a: Skarmory
|-fail|p2a: Skarmory
|move|p2a: Skarmory|Whirlwind|p1a: Skarmory
|-fail|p1a: Skarmory
|
|-weather|Sandstorm|[upkeep]
|-heal|p2a: Skarmory|334\/334|[from] item: Leftovers
|-heal|p1a: Skarmory|291\/327|[from] item: Leftovers
|turn|48
|
|move|p1a: Skarmory|Spikes|p2a: Skarmory
|-fail|p2a: Skarmory
|move|p2a: Skarmory|Whirlwind|p1a: Skarmory
|-fail|p1a: Skarmory
|
|-weather|Sandstorm|[upkeep]
|-heal|p1a: Skarmory|311\/327|[from] item: Leftovers
|turn|49
|
|move|p1a: Skarmory|Spikes|p2a: Skarmory
|-fail|p2a: Skarmory
|move|p2a: Skarmory|Whirlwind|p1a: Skarmory
|-fail|p1a: Skarmory
|
|-weather|Sandstorm|[upkeep]
|-heal|p1a: Skarmory|327\/327|[from] item: Leftovers
|turn|50
|
|move|p1a: Skarmory|Spikes|p2a: Skarmory
|-fail|p2a: Skarmory
|move|p2a: Skarmory|Whirlwind|p1a: Skarmory
|-fail|p1a: Skarmory
|
|-weather|Sandstorm|[upkeep]
|turn|51
|
|move|p1a: Skarmory|Spikes|p2a: Skarmory
|-fail|p2a: Skarmory
|move|p2a: Skarmory|Whirlwind|p1a: Skarmory
|-fail|p1a: Skarmory
|
|-weather|Sandstorm|[upkeep]
|turn|52
|
|move|p1a: Skarmory|Spikes|p2a: Skarmory
|-fail|p2a: Skarmory
|move|p2a: Skarmory|Whirlwind|p1a: Skarmory
|-fail|p1a: Skarmory
|
|-weather|Sandstorm|[upkeep]
|turn|53
|
|move|p1a: Skarmory|Spikes|p2a: Skarmory
|-fail|p2a: Skarmory
|move|p2a: Skarmory|Whirlwind|p1a: Skarmory
|-fail|p1a: Skarmory
|
|-weather|Sandstorm|[upkeep]
|turn|54
|
|move|p1a: Skarmory|Spikes|p2a: Skarmory
|-fail|p2a: Skarmory
|move|p2a: Skarmory|Whirlwind|p1a: Skarmory
|-fail|p1a: Skarmory
|
|-weather|Sandstorm|[upkeep]
|turn|55
|
|move|p1a: Skarmory|Spikes|p2a: Skarmory
|-fail|p2a: Skarmory
|move|p2a: Skarmory|Whirlwind|p1a: Skarmory
|-fail|p1a: Skarmory
|
|-weather|Sandstorm|[upkeep]
|turn|56
|
|move|p2a: Skarmory|Whirlwind|p1a: Skarmory
|-fail|p1a: Skarmory
|move|p1a: Skarmory|Whirlwind|p2a: Skarmory
|-fail|p2a: Skarmory
|
|-weather|Sandstorm|[upkeep]
|turn|57
|
|move|p1a: Skarmory|Spikes|p2a: Skarmory
|-fail|p2a: Skarmory
|move|p2a: Skarmory|Whirlwind|p1a: Skarmory
|-fail|p1a: Skarmory
|
|-weather|Sandstorm|[upkeep]
|turn|58
|
|move|p2a: Skarmory|Whirlwind|p1a: Skarmory
|-fail|p1a: Skarmory
|move|p1a: Skarmory|Whirlwind|p2a: Skarmory
|-fail|p2a: Skarmory
|
|-weather|Sandstorm|[upkeep]
|turn|59
|-message|Fenix- lost due to inactivity.
|
|win|Erick 17
|raw|Ladder updating...
|raw|Fenix-'s rating: 1194 &rarr; <strong>1165<\/strong><br \/>(-29 for losing)
|raw|Erick 17's rating: 1142 &rarr; <strong>1170<\/strong><br \/>(+28 for winning)