|join|Fenix-
|join|JoakoLopez
|player|p1|Fenix-|102
|player|p2|JoakoLopez|161
|gametype|doubles
|tier|[Gen 5] Doubles VGC 2013
|clearpoke
|poke|p1|Hitmontop, L50, M
|poke|p1|Chandelure, L50, F
|poke|p1|Latios, L50, M
|poke|p1|Gastrodon, L50, F
|poke|p1|Zapdos, L50
|poke|p1|Metagross, L50
|poke|p2|Tyranitar, L50, M
|poke|p2|Togekiss, L50, M
|poke|p2|Scizor, L50, M
|poke|p2|Chandelure, L50, M
|poke|p2|Latios, L50, M
|poke|p2|Rotom-Wash, L50
|rule|Species Clause: Limit one of each Pokemon
|rule|Item Clause: Limit one of each item
|teampreview|4
|callback|decision
|chat|JoakoLopez|O:
|chat|JoakoLopez|Esto me recuerda el equipo del que quedÃ³ segundo en TheGameFestival
|chat|JoakoLopez|Eres DonPipe?
|chat|Fenix-|no
|chat|JoakoLopez|Pucha
|chat|JoakoLopez|Es casi igual
|chat|Fenix-|fui al pokemon day
|chat|Fenix-|y perdi por que me haxearon
|chat|Fenix-|si no, de seguro estaba en la final
|chat|JoakoLopez|Yo siempre tengo mala suerte con los nÃºmeros
|
|start
|switch|p1a: Hitmontop|Hitmontop, L50, M|157\/157
|switch|p1b: Latios|Latios, L50, M|156\/156
|switch|p2a: Tyranitar|Tyranitar, L50, M|179\/179
|switch|p2b: Togekiss|Togekiss, L50, M|161\/161
|-weather|Sandstorm|[from] ability: Sand Stream|[of] p2a: Tyranitar
|-ability|p1a: Hitmontop|Intimidate|[of] p2a: Tyranitar
|-unboost|p2a: Tyranitar|atk|1
|-ability|p1a: Hitmontop|Intimidate|[of] p2b: Togekiss
|-unboost|p2b: Togekiss|atk|1
|turn|1
|callback|decision
|chat|JoakoLopez|Siempre me paralizan, congelas, confunden, me hacen Critical
|
|switch|p2a: Chandelure|Chandelure, L50, M|136\/136
|-item|p2a: Chandelure|Air Balloon
|move|p1b: Latios|Protect|p1b: Latios
|-singleturn|p1b: Latios|Protect
|move|p1a: Hitmontop|Fake Out|p2a: Chandelure
|-immune|p2a: Chandelure|[msg]
|move|p2b: Togekiss|Air Slash|p1a: Hitmontop
|-supereffective|p1a: Hitmontop
|-damage|p1a: Hitmontop|49\/157
|
|-weather|Sandstorm|[upkeep]
|-damage|p1b: Latios|147\/156|[from] sandstorm
|-damage|p2a: Chandelure|128\/136|[from] sandstorm
|-damage|p2b: Togekiss|151\/161|[from] sandstorm
|-damage|p1a: Hitmontop|40\/157|[from] sandstorm
|-heal|p2b: Togekiss|161\/161|[from] item: Leftovers
|turn|2
|callback|decision
|
|move|p1a: Hitmontop|Detect|p1a: Hitmontop
|-singleturn|p1a: Hitmontop|Protect
|move|p2b: Togekiss|Follow Me|p2b: Togekiss
|move|p1b: Latios|Draco Meteor|p2a: Chandelure
|-enditem|p1b: Latios|Dragon Gem|[from] gem|[move] Draco Meteor
|-damage|p2b: Togekiss|17\/161
|-unboost|p1b: Latios|spa|2
|move|p2a: Chandelure|Shadow Ball|p1b: Latios
|-supereffective|p1b: Latios
|-damage|p1b: Latios|1\/156
|
|-weather|Sandstorm|[upkeep]
|-damage|p1b: Latios|0 fnt|[from] sandstorm
|-damage|p2a: Chandelure|120\/136|[from] sandstorm
|-damage|p2b: Togekiss|7\/161|[from] sandstorm
|-damage|p1a: Hitmontop|31\/157|[from] sandstorm
|-heal|p2b: Togekiss|17\/161|[from] item: Leftovers
|faint|p1b: Latios
|callback|decision
|chat|Fenix-|missclick
|chat|Fenix-|era al chandelure
|chat|Fenix-|D;
|
|switch|p1b: Chandelure|Chandelure, L50, F|136\/136
|turn|3
|callback|decision
|
|switch|p1a: Metagross|Metagross, L50|187\/187
|move|p2b: Togekiss|Follow Me|p2b: Togekiss
|move|p2a: Chandelure|Shadow Ball|p1b: Chandelure
|-supereffective|p1b: Chandelure
|-enditem|p1b: Chandelure|Focus Sash
|-damage|p1b: Chandelure|1\/136
|move|p1b: Chandelure|Shadow Ball|p2a: Chandelure
|-immune|p2b: Togekiss|[msg]
|
|-weather|Sandstorm|[upkeep]
|-damage|p2a: Chandelure|112\/136|[from] sandstorm
|-damage|p1b: Chandelure|0 fnt|[from] sandstorm
|-damage|p2b: Togekiss|7\/161|[from] sandstorm
|-heal|p2b: Togekiss|17\/161|[from] item: Leftovers
|faint|p1b: Chandelure
|callback|decision
|chat|Fenix-|wtf?
|chat|Fenix-|:S
|chat|JoakoLopez|Magia PokÃ©mon
|chat|Fenix-|ah
|chat|Fenix-|chucha
|chat|Fenix-|xddddddddddddddddd
|chat|Fenix-|wn
|chat|Fenix-|recien me despailÃ©
|chat|Fenix-|jajajaja
|
|switch|p1b: Hitmontop|Hitmontop, L50, M|31\/157
|-ability|p1b: Hitmontop|Intimidate|[of] p2a: Chandelure
|-unboost|p2a: Chandelure|atk|1
|-ability|p1b: Hitmontop|Intimidate|[of] p2b: Togekiss
|-unboost|p2b: Togekiss|atk|1
|turn|4
|callback|decision
|chat|JoakoLopez|No lo conocÃ­as?
|chat|JoakoLopez|El clÃ¡sico FollowMe
|
|move|p2b: Togekiss|Follow Me|p2b: Togekiss
|move|p1b: Hitmontop|Fake Out|p2b: Togekiss
|-damage|p2b: Togekiss|1\/161
|move|p2a: Chandelure|Heat Wave|p1b: Hitmontop
|-supereffective|p1a: Metagross
|-damage|p1a: Metagross|31\/187
|-damage|p1b: Hitmontop|0 fnt
|faint|p1b: Hitmontop
|move|p1a: Metagross|Meteor Mash|p2a: Chandelure
|-damage|p2b: Togekiss|0 fnt
|faint|p2b: Togekiss
|
|-weather|Sandstorm|[upkeep]
|-damage|p2a: Chandelure|104\/136|[from] sandstorm
|callback|decision
|
|switch|p2b: Latios|Latios, L50, M|156\/156
|turn|5
|callback|decision
|chat|Fenix-|buena
|chat|Fenix-|GG wn
|
|move|p2b: Latios|Dragon Pulse|p1a: Metagross
|-resisted|p1a: Metagross
|-damage|p1a: Metagross|0 fnt
|faint|p1a: Metagross
|
|win|JoakoLopez
|chat|Fenix-|me cagaste
|leave|Fenix-
|player|p1