|join|Fenix-
|join|klvkboom
|player|p1|Fenix-|2
|player|p2|klvkboom|265
|gametype|singles
|tier|[Gen 5] OU
|rated
|rule|Evasion Abilities Clause: Evasion abilities are banned
|clearpoke
|poke|p1|Tyranitar, M
|poke|p1|Breloom, M
|poke|p1|Skarmory, M
|poke|p1|Latias, F
|poke|p1|Heatran, F
|poke|p1|Alakazam, F
|poke|p2|Keldeo-Resolute
|poke|p2|Celebi
|poke|p2|Scizor, F
|poke|p2|Tyranitar, M
|poke|p2|Landorus-Therian, M
|poke|p2|Alakazam, M
|rule|Sleep Clause Mod: Limit one foe put to sleep
|rule|Species Clause: Limit one of each Pokemon
|rule|OHKO Clause: OHKO moves are banned
|rule|Moody Clause: Moody is banned
|rule|Evasion Moves Clause: Evasion moves are banned
|rule|Endless Battle Clause: Forcing endless battles is banned.
|rule|HP Percentage Mod: HP is reported as percentages
|teampreview
|callback|decision
|
|start
|switch|p1a: Breloom|Breloom, M|320\/320
|switch|p2a: Landorus-Therian|Landorus-Therian, M|319\/319
|-ability|p2a: Landorus-Therian|Intimidate|[of] p1a: Breloom
|-unboost|p1a: Breloom|atk|1
|turn|1
|callback|decision
|
|move|p2a: Landorus-Therian|U-turn|p1a: Breloom
|-damage|p1a: Breloom|240\/320
|callback|decision
|
|switch|p2a: Celebi|Celebi|400\/400
|move|p1a: Breloom|Spore|p2a: Celebi
|-status|p2a: Celebi|slp
|
|-activate|p1a: Breloom|item: Toxic Orb
|-status|p1a: Breloom|tox
|turn|2
|callback|decision
|
|cant|p2a: Celebi|slp
|move|p1a: Breloom|Substitute|p1a: Breloom
|-start|p1a: Breloom|Substitute
|-damage|p1a: Breloom|160\/320 tox
|
|-heal|p1a: Breloom|200\/320 tox|[from] ability: Poison Heal
|turn|3
|callback|decision
|
|-curestatus|p2a: Celebi|slp
|move|p2a: Celebi|Nasty Plot|p2a: Celebi
|-boost|p2a: Celebi|spa|2
|move|p1a: Breloom|Spore|p2a: Celebi
|-status|p2a: Celebi|slp
|
|-heal|p1a: Breloom|240\/320 tox|[from] ability: Poison Heal
|turn|4
|callback|decision
|
|switch|p1a: Tyranitar|Tyranitar, M|342\/342
|-weather|Sandstorm|[from] ability: Sand Stream|[of] p1a: Tyranitar
|cant|p2a: Celebi|slp
|
|-weather|Sandstorm|[upkeep]
|-damage|p2a: Celebi|375\/400 slp|[from] sandstorm
|-heal|p2a: Celebi|400\/400 slp|[from] item: Leftovers
|turn|5
|callback|decision
|
|move|p1a: Tyranitar|Pursuit|p2a: Celebi
|-supereffective|p2a: Celebi
|-damage|p2a: Celebi|290\/400 slp
|-curestatus|p2a: Celebi|slp
|move|p2a: Celebi|Giga Drain|p1a: Tyranitar
|-supereffective|p1a: Tyranitar
|-damage|p1a: Tyranitar|124\/342
|-heal|p2a: Celebi|399\/400|[from] drain|[of] p1a: Tyranitar
|
|-weather|Sandstorm|[upkeep]
|-damage|p2a: Celebi|374\/400|[from] sandstorm
|-heal|p2a: Celebi|399\/400|[from] item: Leftovers
|turn|6
|callback|decision
|join|ATrainRideToHome
|
|switch|p1a: Latias|Latias, F|361\/361
|move|p2a: Celebi|Baton Pass|p2a: Celebi
|callback|decision
|
|switch|p2a: Scizor|Scizor, F|330\/330
|
|-weather|Sandstorm|[upkeep]
|-damage|p1a: Latias|339\/361|[from] sandstorm
|-heal|p1a: Latias|361\/361|[from] item: Leftovers
|turn|7
|callback|decision
|
|move|p1a: Latias|Substitute|p1a: Latias
|-start|p1a: Latias|Substitute
|-damage|p1a: Latias|271\/361
|move|p2a: Scizor|Pursuit|p1a: Latias
|-supereffective|p1a: Latias
|-end|p1a: Latias|Substitute
|
|-weather|Sandstorm|[upkeep]
|-damage|p1a: Latias|249\/361|[from] sandstorm
|-heal|p1a: Latias|271\/361|[from] item: Leftovers
|turn|8
|callback|decision
|
|move|p1a: Latias|Substitute|p1a: Latias
|-start|p1a: Latias|Substitute
|-damage|p1a: Latias|181\/361
|move|p2a: Scizor|Pursuit|p1a: Latias
|-supereffective|p1a: Latias
|-end|p1a: Latias|Substitute
|
|-weather|Sandstorm|[upkeep]
|-damage|p1a: Latias|159\/361|[from] sandstorm
|-heal|p1a: Latias|181\/361|[from] item: Leftovers
|turn|9
|callback|decision
|
|move|p1a: Latias|Recover|p1a: Latias
|-heal|p1a: Latias|361\/361
|move|p2a: Scizor|Pursuit|p1a: Latias
|-supereffective|p1a: Latias
|-damage|p1a: Latias|181\/361
|
|-weather|Sandstorm|[upkeep]
|-damage|p1a: Latias|159\/361|[from] sandstorm
|-heal|p1a: Latias|181\/361|[from] item: Leftovers
|turn|10
|callback|decision
|
|move|p1a: Latias|Recover|p1a: Latias
|-heal|p1a: Latias|361\/361
|move|p2a: Scizor|Pursuit|p1a: Latias
|-supereffective|p1a: Latias
|-damage|p1a: Latias|165\/361
|
|-weather|Sandstorm|[upkeep]
|-damage|p1a: Latias|143\/361|[from] sandstorm
|-heal|p1a: Latias|165\/361|[from] item: Leftovers
|turn|11
|callback|decision
|
|move|p1a: Latias|Dragon Pulse|p2a: Scizor
|-resisted|p2a: Scizor
|-damage|p2a: Scizor|261\/330
|move|p2a: Scizor|Pursuit|p1a: Latias
|-supereffective|p1a: Latias
|-damage|p1a: Latias|0 fnt
|faint|p1a: Latias
|
|-weather|Sandstorm|[upkeep]
|callback|decision
|
|switch|p1a: Heatran|Heatran, F|386\/386
|turn|12
|callback|decision
|
|switch|p2a: Tyranitar|Tyranitar, M|400\/400
|move|p1a: Heatran|Stealth Rock|p2a: Tyranitar
|-sidestart|p2: klvkboom|move: Stealth Rock
|
|-weather|Sandstorm|[upkeep]
|turn|13
|callback|decision
|
|move|p1a: Heatran|Lava Plume|p2a: Tyranitar
|-resisted|p2a: Tyranitar
|-damage|p2a: Tyranitar|368\/400
|-status|p2a: Tyranitar|brn
|move|p2a: Tyranitar|Stone Edge|p1a: Heatran
|-damage|p1a: Heatran|307\/386
|
|-weather|Sandstorm|[upkeep]
|-heal|p1a: Heatran|331\/386|[from] item: Leftovers
|-heal|p2a: Tyranitar|393\/400 brn|[from] item: Leftovers
|-damage|p2a: Tyranitar|343\/400 brn|[from] brn
|turn|14
|callback|decision
|
|switch|p1a: Breloom|Breloom, M|240\/320 tox
|move|p2a: Tyranitar|Stealth Rock|p1a: Breloom
|-sidestart|p1: Fenix-|move: Stealth Rock
|
|-weather|Sandstorm|[upkeep]
|-damage|p1a: Breloom|220\/320 tox|[from] sandstorm
|-heal|p2a: Tyranitar|368\/400 brn|[from] item: Leftovers
|-heal|p1a: Breloom|260\/320 tox|[from] ability: Poison Heal
|-damage|p2a: Tyranitar|318\/400 brn|[from] brn
|turn|15
|callback|decision
|
|move|p1a: Breloom|Substitute|p1a: Breloom
|-start|p1a: Breloom|Substitute
|-damage|p1a: Breloom|180\/320 tox
|move|p2a: Tyranitar|Fire Blast|p1a: Breloom
|-supereffective|p1a: Breloom
|-end|p1a: Breloom|Substitute
|
|-weather|Sandstorm|[upkeep]
|-damage|p1a: Breloom|160\/320 tox|[from] sandstorm
|-heal|p2a: Tyranitar|343\/400 brn|[from] item: Leftovers
|-heal|p1a: Breloom|200\/320 tox|[from] ability: Poison Heal
|-damage|p2a: Tyranitar|293\/400 brn|[from] brn
|turn|16
|callback|decision
|
|switch|p1a: Heatran|Heatran, F|331\/386
|-damage|p1a: Heatran|283\/386|[from] Stealth Rock
|move|p2a: Tyranitar|Fire Blast|p1a: Heatran
|-start|p1a: Heatran|ability: Flash Fire
|
|-weather|Sandstorm|[upkeep]
|-heal|p1a: Heatran|307\/386|[from] item: Leftovers
|-heal|p2a: Tyranitar|318\/400 brn|[from] item: Leftovers
|-damage|p2a: Tyranitar|268\/400 brn|[from] brn
|turn|17
|callback|decision
|
|switch|p2a: Keldeo-Resolute|Keldeo-Resolute|323\/323
|-damage|p2a: Keldeo-Resolute|303\/323|[from] Stealth Rock
|move|p1a: Heatran|Lava Plume|p2a: Keldeo-Resolute
|-crit|p2a: Keldeo-Resolute
|-resisted|p2a: Keldeo-Resolute
|-damage|p2a: Keldeo-Resolute|113\/323
|
|-weather|Sandstorm|[upkeep]
|-damage|p2a: Keldeo-Resolute|93\/323|[from] sandstorm
|-heal|p1a: Heatran|331\/386|[from] item: Leftovers
|turn|18
|callback|decision
|
|move|p1a: Heatran|Protect|p1a: Heatran
|-singleturn|p1a: Heatran|Protect
|move|p2a: Keldeo-Resolute|Hydro Pump|p1a: Heatran
|-activate|p1a: Heatran|Protect
|
|-weather|Sandstorm|[upkeep]
|-damage|p2a: Keldeo-Resolute|73\/323|[from] sandstorm
|-heal|p1a: Heatran|355\/386|[from] item: Leftovers
|turn|19
|callback|decision
|
|move|p2a: Keldeo-Resolute|Secret Sword|p1a: Heatran
|-supereffective|p1a: Heatran
|-damage|p1a: Heatran|14\/386
|move|p1a: Heatran|Lava Plume|p2a: Keldeo-Resolute
|-crit|p2a: Keldeo-Resolute
|-resisted|p2a: Keldeo-Resolute
|-damage|p2a: Keldeo-Resolute|0 fnt
|faint|p2a: Keldeo-Resolute
|
|-weather|Sandstorm|[upkeep]
|-heal|p1a: Heatran|38\/386|[from] item: Leftovers
|callback|decision
|
|switch|p2a: Alakazam|Alakazam, M|252\/252
|turn|20
|callback|decision
|
|move|p1a: Heatran|Protect|p1a: Heatran
|-singleturn|p1a: Heatran|Protect
|move|p2a: Alakazam|Psyshock|p1a: Heatran
|-activate|p1a: Heatran|Protect
|
|-weather|Sandstorm|[upkeep]
|-heal|p1a: Heatran|62\/386|[from] item: Leftovers
|turn|21
|callback|decision
|
|move|p2a: Alakazam|Psyshock|p1a: Heatran
|-resisted|p1a: Heatran
|-damage|p1a: Heatran|0 fnt
|faint|p1a: Heatran
|
|-weather|Sandstorm|[upkeep]
|callback|decision
|chat|Fenix-|OK...
|
|switch|p1a: Skarmory|Skarmory, M|334\/334
|-damage|p1a: Skarmory|293\/334|[from] Stealth Rock
|turn|22
|callback|decision
|
|move|p2a: Alakazam|Hidden Power|p1a: Skarmory
|-supereffective|p1a: Skarmory
|-damage|p1a: Skarmory|69\/334
|move|p1a: Skarmory|Brave Bird|p2a: Alakazam
|-damage|p2a: Alakazam|35\/252
|-damage|p1a: Skarmory|0 fnt|[from] recoil|[of] p2a: Alakazam
|faint|p1a: Skarmory
|
|-weather|Sandstorm|[upkeep]
|callback|decision
|
|switch|p1a: Alakazam|Alakazam, F|251\/251
|turn|23
|callback|decision
|
|move|p1a: Alakazam|Shadow Ball|p2a: Alakazam
|-supereffective|p2a: Alakazam
|-damage|p2a: Alakazam|0 fnt
|faint|p2a: Alakazam
|
|-weather|Sandstorm|[upkeep]
|callback|decision
|
|switch|p2a: Landorus-Therian|Landorus-Therian, M|319\/319
|-damage|p2a: Landorus-Therian|280\/319|[from] Stealth Rock
|-ability|p2a: Landorus-Therian|Intimidate|[of] p1a: Alakazam
|-unboost|p1a: Alakazam|atk|1
|turn|24
|callback|decision
|
|move|p2a: Landorus-Therian|U-turn|p1a: Alakazam
|-supereffective|p1a: Alakazam
|-enditem|p1a: Alakazam|Focus Sash
|-damage|p1a: Alakazam|1\/251
|callback|decision
|
|switch|p2a: Celebi|Celebi|399\/400
|-damage|p2a: Celebi|349\/400|[from] Stealth Rock
|move|p1a: Alakazam|Hidden Power|p2a: Celebi
|-supereffective|p2a: Celebi
|-damage|p2a: Celebi|185\/400
|
|-weather|Sandstorm|[upkeep]
|-damage|p2a: Celebi|160\/400|[from] sandstorm
|-heal|p2a: Celebi|185\/400|[from] item: Leftovers
|turn|25
|callback|decision
|
|move|p1a: Alakazam|Shadow Ball|p2a: Celebi
|-supereffective|p2a: Celebi
|-damage|p2a: Celebi|0 fnt
|faint|p2a: Celebi
|
|-weather|Sandstorm|[upkeep]
|callback|decision
|
|switch|p2a: Scizor|Scizor, F|261\/330
|-damage|p2a: Scizor|220\/330|[from] Stealth Rock
|turn|26
|callback|decision
|
|move|p2a: Scizor|Bullet Punch|p1a: Alakazam
|-damage|p1a: Alakazam|0 fnt
|faint|p1a: Alakazam
|
|-weather|Sandstorm|[upkeep]
|callback|decision
|
|switch|p1a: Breloom|Breloom, M|200\/320 tox
|-damage|p1a: Breloom|180\/320 tox|[from] Stealth Rock
|turn|27
|callback|decision
|
|move|p2a: Scizor|Bullet Punch|p1a: Breloom
|-damage|p1a: Breloom|42\/320 tox
|move|p1a: Breloom|Spore|p2a: Scizor
|-status|p2a: Scizor|slp
|
|-weather|Sandstorm|[upkeep]
|-damage|p1a: Breloom|22\/320 tox|[from] sandstorm
|-heal|p1a: Breloom|62\/320 tox|[from] ability: Poison Heal
|turn|28
|callback|decision
|
|switch|p2a: Landorus-Therian|Landorus-Therian, M|280\/319
|-damage|p2a: Landorus-Therian|241\/319|[from] Stealth Rock
|-ability|p2a: Landorus-Therian|Intimidate|[of] p1a: Breloom
|-unboost|p1a: Breloom|atk|1
|move|p1a: Breloom|Leech Seed|p2a: Landorus-Therian
|-start|p2a: Landorus-Therian|move: Leech Seed
|
|-weather|Sandstorm|[upkeep]
|-damage|p1a: Breloom|42\/320 tox|[from] sandstorm
|-damage|p2a: Landorus-Therian|202\/319|[from] Leech Seed|[of] p1a: Breloom
|-heal|p1a: Breloom|81\/320 tox|[silent]
|-heal|p1a: Breloom|121\/320 tox|[from] ability: Poison Heal
|turn|29
|callback|decision
|
|move|p2a: Landorus-Therian|U-turn|p1a: Breloom
|-damage|p1a: Breloom|50\/320 tox
|callback|decision
|
|switch|p2a: Tyranitar|Tyranitar, M|268\/400 brn
|-damage|p2a: Tyranitar|218\/400 brn|[from] Stealth Rock
|move|p1a: Breloom|Leech Seed|p2a: Tyranitar
|-start|p2a: Tyranitar|move: Leech Seed
|
|-weather|Sandstorm|[upkeep]
|-damage|p1a: Breloom|30\/320 tox|[from] sandstorm
|-heal|p2a: Tyranitar|243\/400 brn|[from] item: Leftovers
|-damage|p2a: Tyranitar|193\/400 brn|[from] Leech Seed|[of] p1a: Breloom
|-heal|p1a: Breloom|80\/320 tox|[silent]
|-heal|p1a: Breloom|120\/320 tox|[from] ability: Poison Heal
|-damage|p2a: Tyranitar|143\/400 brn|[from] brn
|turn|30
|callback|decision
|
|switch|p2a: Landorus-Therian|Landorus-Therian, M|202\/319
|-damage|p2a: Landorus-Therian|163\/319|[from] Stealth Rock
|-ability|p2a: Landorus-Therian|Intimidate|[of] p1a: Breloom
|-unboost|p1a: Breloom|atk|1
|move|p1a: Breloom|Substitute|p1a: Breloom
|-start|p1a: Breloom|Substitute
|-damage|p1a: Breloom|40\/320 tox
|
|-weather|Sandstorm|[upkeep]
|-damage|p1a: Breloom|20\/320 tox|[from] sandstorm
|-heal|p1a: Breloom|60\/320 tox|[from] ability: Poison Heal
|turn|31
|callback|decision
|
|move|p2a: Landorus-Therian|Hidden Power|p1a: Breloom
|-supereffective|p1a: Breloom
|-end|p1a: Breloom|Substitute
|move|p1a: Breloom|Leech Seed|p2a: Landorus-Therian
|-start|p2a: Landorus-Therian|move: Leech Seed
|
|-weather|Sandstorm|[upkeep]
|-damage|p1a: Breloom|40\/320 tox|[from] sandstorm
|-damage|p2a: Landorus-Therian|124\/319|[from] Leech Seed|[of] p1a: Breloom
|-heal|p1a: Breloom|79\/320 tox|[silent]
|-heal|p1a: Breloom|119\/320 tox|[from] ability: Poison Heal
|turn|32
|callback|decision
|
|switch|p1a: Tyranitar|Tyranitar, M|124\/342
|-damage|p1a: Tyranitar|82\/342|[from] Stealth Rock
|move|p2a: Landorus-Therian|Hidden Power|p1a: Tyranitar
|-damage|p1a: Tyranitar|46\/342
|
|-weather|Sandstorm|[upkeep]
|-damage|p2a: Landorus-Therian|85\/319|[from] Leech Seed|[of] p1a: Tyranitar
|-heal|p1a: Tyranitar|85\/342|[silent]
|turn|33
|callback|decision
|
|move|p1a: Tyranitar|Pursuit|p2a: Landorus-Therian|[from]Pursuit
|-damage|p2a: Landorus-Therian|0 fnt
|faint|p2a: Landorus-Therian
|
|-weather|Sandstorm|[upkeep]
|callback|decision
|
|switch|p2a: Tyranitar|Tyranitar, M|143\/400 brn
|-damage|p2a: Tyranitar|93\/400 brn|[from] Stealth Rock
|turn|34
|callback|decision
|
|switch|p1a: Breloom|Breloom, M|119\/320 tox
|-damage|p1a: Breloom|99\/320 tox|[from] Stealth Rock
|move|p2a: Tyranitar|Fire Blast|p1a: Breloom
|-supereffective|p1a: Breloom
|-damage|p1a: Breloom|0 fnt
|faint|p1a: Breloom
|
|-weather|Sandstorm|[upkeep]
|-heal|p2a: Tyranitar|118\/400 brn|[from] item: Leftovers
|-damage|p2a: Tyranitar|68\/400 brn|[from] brn
|callback|decision
|
|switch|p1a: Tyranitar|Tyranitar, M|85\/342
|-damage|p1a: Tyranitar|43\/342|[from] Stealth Rock
|turn|35
|callback|decision
|
|move|p1a: Tyranitar|Earthquake|p2a: Tyranitar
|-supereffective|p2a: Tyranitar
|-damage|p2a: Tyranitar|0 fnt
|faint|p2a: Tyranitar
|
|-weather|Sandstorm|[upkeep]
|callback|decision
|
|switch|p2a: Scizor|Scizor, F|220\/330 slp
|-damage|p2a: Scizor|179\/330 slp|[from] Stealth Rock
|turn|36
|callback|decision
|
|cant|p2a: Scizor|slp
|move|p1a: Tyranitar|Earthquake|p2a: Scizor
|-damage|p2a: Scizor|61\/330 slp
|
|-weather|Sandstorm|[upkeep]
|turn|37
|callback|decision
|
|-curestatus|p2a: Scizor|slp
|move|p2a: Scizor|Bullet Punch|p1a: Tyranitar
|-supereffective|p1a: Tyranitar
|-damage|p1a: Tyranitar|0 fnt
|faint|p1a: Tyranitar
|
|win|klvkboom
|raw|Ladder updating...
|chat|klvkboom|gg
|raw|Fenix-'s rating: 2048 &rarr; <strong>2040<\/strong><br \/>(-8 for losing)
|raw|klvkboom's rating: 1744 &rarr; <strong>1772<\/strong><br \/>(+28 for winning)