|join|Fenix-
|join|Rayouu
|player|p1|Fenix-|265
|player|p2|Rayouu|94
|gametype|singles
|gen|5
|tier|[Gen 5] OU
|rated
|rule|Evasion Abilities Clause: Evasion abilities are banned
|clearpoke
|poke|p1|Heatran, M
|poke|p1|Skarmory, M
|poke|p1|Gastrodon, M
|poke|p1|Gengar, M
|poke|p1|Latios, M
|poke|p1|Latias, F
|poke|p2|Politoed, M
|poke|p2|Tentacruel, M
|poke|p2|Ferrothorn, F, shiny
|poke|p2|Toxicroak, M
|poke|p2|Gliscor, M
|poke|p2|Latias, F
|rule|Sleep Clause Mod: Limit one foe put to sleep
|rule|Species Clause: Limit one of each PokÃ©mon
|rule|OHKO Clause: OHKO moves are banned
|rule|Moody Clause: Moody is banned
|rule|Evasion Moves Clause: Evasion moves are banned
|rule|Endless Battle Clause: Forcing endless battles is banned
|rule|HP Percentage Mod: HP is shown in percentages
|teampreview
|c|âRayouu|hf
|
|start
|switch|p1a: Latios|Latios, M|302\/302
|switch|p2a: Magellan|Tentacruel, M|364\/364
|turn|1
|
|switch|p2a: Impel Down|Ferrothorn, F, shiny|352\/352
|move|p1a: Latios|Trick|p2a: Impel Down
|-activate|p1a: Latios|move: Trick|[of] p2a: Impel Down
|-item|p2a: Impel Down|Choice Specs|[from] move: Trick
|-item|p1a: Latios|Leftovers|[from] move: Trick
|
|turn|2
|
|switch|p1a: Heatran|Heatran, M|386\/386
|move|p2a: Impel Down|Stealth Rock|p1a: Heatran
|-sidestart|p1: Fenix-|move: Stealth Rock
|
|turn|3
|
|switch|p2a: Roi Des Mers|Politoed, M|324\/324
|-weather|RainDance|[from] ability: Drizzle|[of] p2a: Roi Des Mers
|move|p1a: Heatran|Stealth Rock|p2a: Roi Des Mers
|-sidestart|p2: Rayouu|move: Stealth Rock
|
|-weather|RainDance|[upkeep]
|turn|4
|
|switch|p2a: Magellan|Tentacruel, M|364\/364
|-damage|p2a: Magellan|319\/364|[from] Stealth Rock
|switch|p1a: Latios|Latios, M|302\/302
|-damage|p1a: Latios|265\/302|[from] Stealth Rock
|
|-weather|RainDance|[upkeep]
|-heal|p2a: Magellan|341\/364|[from] ability: Rain Dish
|-heal|p1a: Latios|283\/302|[from] item: Leftovers
|-heal|p2a: Magellan|363\/364|[from] item: Black Sludge
|turn|5
|
|switch|p2a: Impel Down|Ferrothorn, F, shiny|352\/352
|-damage|p2a: Impel Down|330\/352|[from] Stealth Rock
|move|p1a: Latios|Dragon Pulse|p2a: Impel Down
|-resisted|p2a: Impel Down
|-damage|p2a: Impel Down|280\/352
|
|-weather|RainDance|[upkeep]
|-heal|p1a: Latios|301\/302|[from] item: Leftovers
|turn|6
|
|move|p1a: Latios|Draco Meteor|p2a: Impel Down|[miss]
|-miss|p1a: Latios|p2a: Impel Down
|move|p2a: Impel Down|Leech Seed|p1a: Latios
|-start|p1a: Latios|move: Leech Seed
|
|-weather|RainDance|[upkeep]
|-heal|p1a: Latios|302\/302|[from] item: Leftovers
|-damage|p1a: Latios|265\/302|[from] Leech Seed|[of] p2a: Impel Down
|-heal|p2a: Impel Down|317\/352|[silent]
|turn|7
|
|switch|p1a: Gengar|Gengar, M|261\/261
|-damage|p1a: Gengar|229\/261|[from] Stealth Rock
|move|p2a: Impel Down|Leech Seed|p1a: Gengar
|-start|p1a: Gengar|move: Leech Seed
|
|-weather|RainDance|[upkeep]
|-damage|p1a: Gengar|197\/261|[from] Leech Seed|[of] p2a: Impel Down
|-heal|p2a: Impel Down|349\/352|[silent]
|turn|8
|
|switch|p2a: Magellan|Tentacruel, M|363\/364
|-damage|p2a: Magellan|318\/364|[from] Stealth Rock
|move|p1a: Gengar|Substitute|p1a: Gengar
|-start|p1a: Gengar|Substitute
|-damage|p1a: Gengar|132\/261
|
|-weather|RainDance|[upkeep]
|-heal|p2a: Magellan|340\/364|[from] ability: Rain Dish
|-heal|p2a: Magellan|362\/364|[from] item: Black Sludge
|-damage|p1a: Gengar|100\/261|[from] Leech Seed|[of] p2a: Magellan
|-heal|p2a: Magellan|364\/364|[silent]
|turn|9
|
|move|p1a: Gengar|Pain Split|p2a: Magellan
|-sethp|p2a: Magellan|232\/364|p1a: Gengar|232\/261|[from] move: Pain Split
|move|p2a: Magellan|Scald|p1a: Gengar
|-end|p1a: Gengar|Substitute
|
|-weather|RainDance|[upkeep]
|-heal|p2a: Magellan|254\/364|[from] ability: Rain Dish
|-heal|p2a: Magellan|276\/364|[from] item: Black Sludge
|-damage|p1a: Gengar|200\/261|[from] Leech Seed|[of] p2a: Magellan
|-heal|p2a: Magellan|308\/364|[silent]
|turn|10
|
|move|p1a: Gengar|Substitute|p1a: Gengar
|-start|p1a: Gengar|Substitute
|-damage|p1a: Gengar|135\/261
|move|p2a: Magellan|Knock Off|p1a: Gengar
|-supereffective|p1a: Gengar
|-activate|p1a: Gengar|Substitute|[damage]
|
|-weather|RainDance|[upkeep]
|-heal|p2a: Magellan|330\/364|[from] ability: Rain Dish
|-heal|p2a: Magellan|352\/364|[from] item: Black Sludge
|-damage|p1a: Gengar|103\/261|[from] Leech Seed|[of] p2a: Magellan
|-heal|p2a: Magellan|364\/364|[silent]
|turn|11
|
|move|p1a: Gengar|Pain Split|p2a: Magellan
|-sethp|p2a: Magellan|233\/364|p1a: Gengar|233\/261|[from] move: Pain Split
|move|p2a: Magellan|Scald|p1a: Gengar
|-end|p1a: Gengar|Substitute
|
|-weather|RainDance|[upkeep]
|-heal|p2a: Magellan|255\/364|[from] ability: Rain Dish
|-heal|p2a: Magellan|277\/364|[from] item: Black Sludge
|-damage|p1a: Gengar|201\/261|[from] Leech Seed|[of] p2a: Magellan
|-heal|p2a: Magellan|309\/364|[silent]
|turn|12
|
|switch|p1a: Latios|Latios, M|265\/302
|-damage|p1a: Latios|228\/302|[from] Stealth Rock
|move|p2a: Magellan|Knock Off|p1a: Latios
|-supereffective|p1a: Latios
|-damage|p1a: Latios|204\/302
|-enditem|p1a: Latios|Leftovers|[from] move: Knock Off|[of] p2a: Magellan
|
|-weather|RainDance|[upkeep]
|-heal|p2a: Magellan|331\/364|[from] ability: Rain Dish
|-heal|p2a: Magellan|353\/364|[from] item: Black Sludge
|turn|13
|
|move|p2a: Magellan|Protect|p2a: Magellan
|-singleturn|p2a: Magellan|Protect
|move|p1a: Latios|Draco Meteor|p2a: Magellan
|-activate|p2a: Magellan|Protect
|
|-weather|RainDance|[upkeep]
|-heal|p2a: Magellan|364\/364|[from] ability: Rain Dish
|turn|14
|
|switch|p2a: Impel Down|Ferrothorn, F, shiny|349\/352
|-damage|p2a: Impel Down|327\/352|[from] Stealth Rock
|move|p1a: Latios|Draco Meteor|p2a: Impel Down
|-resisted|p2a: Impel Down
|-damage|p2a: Impel Down|249\/352
|-unboost|p1a: Latios|spa|2
|
|-weather|RainDance|[upkeep]
|turn|15
|
|switch|p1a: Gengar|Gengar, M|201\/261
|-damage|p1a: Gengar|169\/261|[from] Stealth Rock
|move|p2a: Impel Down|Leech Seed|p1a: Gengar
|-start|p1a: Gengar|move: Leech Seed
|
|-weather|RainDance|[upkeep]
|-damage|p1a: Gengar|137\/261|[from] Leech Seed|[of] p2a: Impel Down
|-heal|p2a: Impel Down|281\/352|[silent]
|turn|16
|
|switch|p2a: Magellan|Tentacruel, M|364\/364
|-damage|p2a: Magellan|319\/364|[from] Stealth Rock
|move|p1a: Gengar|Shadow Ball|p2a: Magellan
|-damage|p2a: Magellan|146\/364
|-damage|p1a: Gengar|111\/261|[from] item: Life Orb
|
|-weather|RainDance|[upkeep]
|-heal|p2a: Magellan|168\/364|[from] ability: Rain Dish
|-heal|p2a: Magellan|190\/364|[from] item: Black Sludge
|-damage|p1a: Gengar|79\/261|[from] Leech Seed|[of] p2a: Magellan
|-heal|p2a: Magellan|222\/364|[silent]
|turn|17
|
|move|p1a: Gengar|Shadow Ball|p2a: Magellan
|-damage|p2a: Magellan|76\/364
|-damage|p1a: Gengar|53\/261|[from] item: Life Orb
|move|p2a: Magellan|Scald|p1a: Gengar
|-damage|p1a: Gengar|0 fnt
|faint|p1a: Gengar
|
|-weather|RainDance|[upkeep]
|-heal|p2a: Magellan|98\/364|[from] ability: Rain Dish
|-heal|p2a: Magellan|120\/364|[from] item: Black Sludge
|
|switch|p1a: Latios|Latios, M|204\/302
|-damage|p1a: Latios|167\/302|[from] Stealth Rock
|turn|18
|
|move|p2a: Magellan|Protect|p2a: Magellan
|-singleturn|p2a: Magellan|Protect
|move|p1a: Latios|Draco Meteor|p2a: Magellan
|-activate|p2a: Magellan|Protect
|
|-weather|RainDance|[upkeep]
|-heal|p2a: Magellan|142\/364|[from] ability: Rain Dish
|-heal|p2a: Magellan|164\/364|[from] item: Black Sludge
|turn|19
|
|switch|p1a: REGGETONERA|Latias, F|364\/364
|-damage|p1a: REGGETONERA|319\/364|[from] Stealth Rock
|switch|p2a: Impel Down|Ferrothorn, F, shiny|281\/352
|-damage|p2a: Impel Down|259\/352|[from] Stealth Rock
|
|-weather|RainDance|[upkeep]
|-heal|p1a: REGGETONERA|341\/364|[from] item: Leftovers
|turn|20
|
|move|p1a: REGGETONERA|Calm Mind|p1a: REGGETONERA
|-boost|p1a: REGGETONERA|spa|1
|-boost|p1a: REGGETONERA|spd|1
|move|p2a: Impel Down|Gyro Ball|p1a: REGGETONERA
|-damage|p1a: REGGETONERA|164\/364
|
|-weather|RainDance|[upkeep]
|-heal|p1a: REGGETONERA|186\/364|[from] item: Leftovers
|turn|21
|
|switch|p2a: Roi Des Mers|Politoed, M|324\/324
|-damage|p2a: Roi Des Mers|284\/324|[from] Stealth Rock
|move|p1a: REGGETONERA|Recover|p1a: REGGETONERA
|-heal|p1a: REGGETONERA|364\/364
|
|-weather|RainDance|[upkeep]
|turn|22
|
|move|p2a: Roi Des Mers|Encore|p1a: REGGETONERA
|-start|p1a: REGGETONERA|Encore
|move|p1a: REGGETONERA|Recover|p1a: REGGETONERA
|-fail|p1a: REGGETONERA
|
|-weather|RainDance|[upkeep]
|turn|23
|
|switch|p2a: Blugori|Toxicroak, M|355\/355
|-damage|p2a: Blugori|333\/355|[from] Stealth Rock
|move|p1a: REGGETONERA|Recover|p1a: REGGETONERA
|-fail|p1a: REGGETONERA
|
|-weather|RainDance|[upkeep]
|-heal|p2a: Blugori|355\/355|[from] ability: Dry Skin
|turn|24
|
|switch|p1a: Skarmory|Skarmory, M|334\/334
|-damage|p1a: Skarmory|293\/334|[from] Stealth Rock
|move|p2a: Blugori|Substitute|p2a: Blugori
|-start|p2a: Blugori|Substitute
|-damage|p2a: Blugori|267\/355
|
|-weather|RainDance|[upkeep]
|-heal|p2a: Blugori|311\/355|[from] ability: Dry Skin
|-heal|p2a: Blugori|333\/355|[from] item: Black Sludge
|-heal|p1a: Skarmory|313\/334|[from] item: Leftovers
|turn|25
|
|-singleturn|p2a: Blugori|move: Focus Punch
|move|p1a: Skarmory|Spikes|p2a: Blugori
|-sidestart|p2: Rayouu|Spikes
|move|p2a: Blugori|Focus Punch|p1a: Skarmory
|-damage|p1a: Skarmory|177\/334
|
|-weather|RainDance|[upkeep]
|-heal|p2a: Blugori|355\/355|[from] ability: Dry Skin
|-heal|p1a: Skarmory|197\/334|[from] item: Leftovers
|turn|26
|
|-singleturn|p2a: Blugori|move: Focus Punch
|move|p2a: Blugori|Focus Punch|p1a: Skarmory
|-damage|p1a: Skarmory|53\/334
|move|p1a: Skarmory|Whirlwind|p2a: Blugori
|drag|p2a: Impel Down|Ferrothorn, F, shiny|259\/352
|-damage|p2a: Impel Down|237\/352|[from] Stealth Rock
|-damage|p2a: Impel Down|193\/352|[from] Spikes
|
|-weather|RainDance|[upkeep]
|-heal|p1a: Skarmory|73\/334|[from] item: Leftovers
|turn|27
|
|move|p1a: Skarmory|Roost|p1a: Skarmory
|-heal|p1a: Skarmory|240\/334
|move|p2a: Impel Down|Leech Seed|p1a: Skarmory
|-start|p1a: Skarmory|move: Leech Seed
|
|-weather|RainDance|[upkeep]
|-heal|p1a: Skarmory|260\/334|[from] item: Leftovers
|-damage|p1a: Skarmory|219\/334|[from] Leech Seed|[of] p2a: Impel Down
|-heal|p2a: Impel Down|234\/352|[silent]
|turn|28
|
|move|p1a: Skarmory|Brave Bird|p2a: Impel Down
|-damage|p2a: Impel Down|144\/352
|-damage|p1a: Skarmory|178\/334|[from] ability: Iron Barbs|[of] p2a: Impel Down
|-damage|p1a: Skarmory|148\/334|[from] recoil|[of] p2a: Impel Down
|move|p2a: Impel Down|Leech Seed|p1a: Skarmory
|-fail|p1a: Skarmory
|
|-weather|RainDance|[upkeep]
|-heal|p1a: Skarmory|168\/334|[from] item: Leftovers
|-damage|p1a: Skarmory|127\/334|[from] Leech Seed|[of] p2a: Impel Down
|-heal|p2a: Impel Down|185\/352|[silent]
|turn|29
|
|switch|p2a: Hannyabal|Gliscor, M|352\/352
|-damage|p2a: Hannyabal|308\/352|[from] Stealth Rock
|move|p1a: Skarmory|Brave Bird|p2a: Hannyabal
|-crit|p2a: Hannyabal
|-damage|p2a: Hannyabal|158\/352
|-damage|p1a: Skarmory|77\/334|[from] recoil|[of] p2a: Hannyabal
|
|-weather|RainDance|[upkeep]
|-heal|p1a: Skarmory|97\/334|[from] item: Leftovers
|-damage|p1a: Skarmory|56\/334|[from] Leech Seed|[of] p2a: Hannyabal
|-heal|p2a: Hannyabal|199\/352|[silent]
|-status|p2a: Hannyabal|tox|[from] item: Toxic Orb
|turn|30
|
|move|p2a: Hannyabal|Taunt|p1a: Skarmory
|-start|p1a: Skarmory|move: Taunt
|cant|p1a: Skarmory|move: Taunt|Roost
|
|-weather|RainDance|[upkeep]
|-heal|p1a: Skarmory|76\/334|[from] item: Leftovers
|-damage|p1a: Skarmory|35\/334|[from] Leech Seed|[of] p2a: Hannyabal
|-heal|p2a: Hannyabal|240\/352 tox|[silent]
|-heal|p2a: Hannyabal|284\/352 tox|[from] ability: Poison Heal
|turn|31
|
|switch|p1a: Gastrodon|Gastrodon, M|426\/426
|-damage|p1a: Gastrodon|400\/426|[from] Stealth Rock
|move|p2a: Hannyabal|Toxic|p1a: Gastrodon|[miss]
|-miss|p2a: Hannyabal|p1a: Gastrodon
|
|-weather|RainDance|[upkeep]
|-heal|p1a: Gastrodon|426\/426|[from] item: Leftovers
|-heal|p2a: Hannyabal|328\/352 tox|[from] ability: Poison Heal
|turn|32
|
|switch|p2a: Magellan|Tentacruel, M|164\/364
|-damage|p2a: Magellan|119\/364|[from] Spikes
|-damage|p2a: Magellan|74\/364|[from] Stealth Rock
|switch|p1a: Latios|Latios, M|167\/302
|-damage|p1a: Latios|130\/302|[from] Stealth Rock
|
|-weather|RainDance|[upkeep]
|-heal|p2a: Magellan|96\/364|[from] ability: Rain Dish
|-heal|p2a: Magellan|118\/364|[from] item: Black Sludge
|turn|33
|
|move|p2a: Magellan|Protect|p2a: Magellan
|-singleturn|p2a: Magellan|Protect
|move|p1a: Latios|Dragon Pulse|p2a: Magellan
|-activate|p2a: Magellan|Protect
|
|-weather|RainDance|[upkeep]
|-heal|p2a: Magellan|140\/364|[from] ability: Rain Dish
|-heal|p2a: Magellan|162\/364|[from] item: Black Sludge
|turn|34
|
|move|p1a: Latios|Draco Meteor|p2a: Magellan
|-damage|p2a: Magellan|0 fnt
|-unboost|p1a: Latios|spa|2
|faint|p2a: Magellan
|
|-weather|RainDance|[upkeep]
|
|switch|p2a: Blugori|Toxicroak, M|355\/355
|-damage|p2a: Blugori|311\/355|[from] Spikes
|-damage|p2a: Blugori|289\/355|[from] Stealth Rock
|turn|35
|
|switch|p1a: REGGETONERA|Latias, F|364\/364
|-damage|p1a: REGGETONERA|319\/364|[from] Stealth Rock
|move|p2a: Blugori|Sucker Punch|p1a: REGGETONERA
|-fail|p1a: REGGETONERA
|
|-weather|RainDance|[upkeep]
|-heal|p2a: Blugori|333\/355|[from] ability: Dry Skin
|-heal|p1a: REGGETONERA|341\/364|[from] item: Leftovers
|-heal|p2a: Blugori|355\/355|[from] item: Black Sludge
|turn|36
|
|move|p1a: REGGETONERA|Calm Mind|p1a: REGGETONERA
|-boost|p1a: REGGETONERA|spa|1
|-boost|p1a: REGGETONERA|spd|1
|move|p2a: Blugori|Substitute|p2a: Blugori
|-start|p2a: Blugori|Substitute
|-damage|p2a: Blugori|267\/355
|
|-weather|RainDance|[upkeep]
|-heal|p2a: Blugori|311\/355|[from] ability: Dry Skin
|-heal|p1a: REGGETONERA|363\/364|[from] item: Leftovers
|-heal|p2a: Blugori|333\/355|[from] item: Black Sludge
|turn|37
|
|move|p2a: Blugori|Sucker Punch|p1a: REGGETONERA
|-fail|p1a: REGGETONERA
|move|p1a: REGGETONERA|Calm Mind|p1a: REGGETONERA
|-boost|p1a: REGGETONERA|spa|1
|-boost|p1a: REGGETONERA|spd|1
|
|-weather|RainDance|[upkeep]
|-heal|p2a: Blugori|355\/355|[from] ability: Dry Skin
|-heal|p1a: REGGETONERA|364\/364|[from] item: Leftovers
|turn|38
|
|move|p1a: REGGETONERA|Calm Mind|p1a: REGGETONERA
|-boost|p1a: REGGETONERA|spa|1
|-boost|p1a: REGGETONERA|spd|1
|move|p2a: Blugori|Ice Punch|p1a: REGGETONERA
|-crit|p1a: REGGETONERA
|-supereffective|p1a: REGGETONERA
|-damage|p1a: REGGETONERA|2\/364
|
|-weather|RainDance|[upkeep]
|-heal|p1a: REGGETONERA|24\/364|[from] item: Leftovers
|turn|39
|
|-singleturn|p2a: Blugori|move: Focus Punch
|move|p1a: REGGETONERA|Recover|p1a: REGGETONERA
|-heal|p1a: REGGETONERA|206\/364
|move|p2a: Blugori|Focus Punch|p1a: REGGETONERA
|-resisted|p1a: REGGETONERA
|-damage|p1a: REGGETONERA|62\/364
|
|-weather|RainDance|[upkeep]
|-heal|p1a: REGGETONERA|84\/364|[from] item: Leftovers
|turn|40
|
|move|p1a: REGGETONERA|Recover|p1a: REGGETONERA
|-heal|p1a: REGGETONERA|266\/364
|move|p2a: Blugori|Ice Punch|p1a: REGGETONERA
|-supereffective|p1a: REGGETONERA
|-damage|p1a: REGGETONERA|88\/364
|
|-weather|RainDance|[upkeep]
|-heal|p1a: REGGETONERA|110\/364|[from] item: Leftovers
|turn|41
|
|move|p1a: REGGETONERA|Recover|p1a: REGGETONERA
|-heal|p1a: REGGETONERA|292\/364
|move|p2a: Blugori|Ice Punch|p1a: REGGETONERA
|-supereffective|p1a: REGGETONERA
|-damage|p1a: REGGETONERA|122\/364
|
|-weather|RainDance|[upkeep]
|-heal|p1a: REGGETONERA|144\/364|[from] item: Leftovers
|turn|42
|
|move|p1a: REGGETONERA|Recover|p1a: REGGETONERA
|-heal|p1a: REGGETONERA|326\/364
|move|p2a: Blugori|Ice Punch|p1a: REGGETONERA
|-supereffective|p1a: REGGETONERA
|-damage|p1a: REGGETONERA|142\/364
|
|-weather|RainDance|[upkeep]
|-heal|p1a: REGGETONERA|164\/364|[from] item: Leftovers
|turn|43
|
|move|p1a: REGGETONERA|Recover|p1a: REGGETONERA
|-heal|p1a: REGGETONERA|346\/364
|move|p2a: Blugori|Ice Punch|p1a: REGGETONERA
|-supereffective|p1a: REGGETONERA
|-damage|p1a: REGGETONERA|162\/364
|
|-weather|RainDance|[upkeep]
|-heal|p1a: REGGETONERA|184\/364|[from] item: Leftovers
|turn|44
|
|move|p1a: REGGETONERA|Recover|p1a: REGGETONERA
|-heal|p1a: REGGETONERA|364\/364
|move|p2a: Blugori|Ice Punch|p1a: REGGETONERA
|-supereffective|p1a: REGGETONERA
|-damage|p1a: REGGETONERA|194\/364
|
|-weather|RainDance|[upkeep]
|-heal|p1a: REGGETONERA|216\/364|[from] item: Leftovers
|turn|45
|
|move|p2a: Blugori|Sucker Punch|p1a: REGGETONERA
|-fail|p1a: REGGETONERA
|move|p1a: REGGETONERA|Roar|p2a: Blugori
|drag|p2a: Hannyabal|Gliscor, M|328\/352 tox
|-damage|p2a: Hannyabal|284\/352 tox|[from] Stealth Rock
|
|-weather|RainDance|[upkeep]
|-heal|p1a: REGGETONERA|238\/364|[from] item: Leftovers
|-heal|p2a: Hannyabal|328\/352 tox|[from] ability: Poison Heal
|turn|46
|
|move|p1a: REGGETONERA|Dragon Pulse|p2a: Hannyabal
|-damage|p2a: Hannyabal|0 fnt
|faint|p2a: Hannyabal
|
|-weather|RainDance|[upkeep]
|-heal|p1a: REGGETONERA|260\/364|[from] item: Leftovers
|c|âRayouu|g2^^
|
|switch|p2a: Impel Down|Ferrothorn, F, shiny|185\/352
|-damage|p2a: Impel Down|163\/352|[from] Stealth Rock
|-damage|p2a: Impel Down|119\/352|[from] Spikes
|turn|47
|c|âRayouu|^^
|
|move|p1a: REGGETONERA|Dragon Pulse|p2a: Impel Down
|-resisted|p2a: Impel Down
|-damage|p2a: Impel Down|26\/352
|move|p2a: Impel Down|Leech Seed|p1a: REGGETONERA
|-start|p1a: REGGETONERA|move: Leech Seed
|
|-weather|RainDance|[upkeep]
|-heal|p1a: REGGETONERA|282\/364|[from] item: Leftovers
|-damage|p1a: REGGETONERA|237\/364|[from] Leech Seed|[of] p2a: Impel Down
|-heal|p2a: Impel Down|71\/352|[silent]
|turn|48
|
|move|p1a: REGGETONERA|Calm Mind|p1a: REGGETONERA
|-boost|p1a: REGGETONERA|spa|1
|-boost|p1a: REGGETONERA|spd|1
|move|p2a: Impel Down|Leech Seed|p1a: REGGETONERA
|-fail|p1a: REGGETONERA
|
|-weather|RainDance|[upkeep]
|-heal|p1a: REGGETONERA|259\/364|[from] item: Leftovers
|-damage|p1a: REGGETONERA|214\/364|[from] Leech Seed|[of] p2a: Impel Down
|-heal|p2a: Impel Down|116\/352|[silent]
|turn|49
|
|switch|p2a: Roi Des Mers|Politoed, M|284\/324
|-damage|p2a: Roi Des Mers|244\/324|[from] Stealth Rock
|-damage|p2a: Roi Des Mers|204\/324|[from] Spikes
|move|p1a: REGGETONERA|Recover|p1a: REGGETONERA
|-heal|p1a: REGGETONERA|364\/364
|
|-weather|RainDance|[upkeep]
|-damage|p1a: REGGETONERA|319\/364|[from] Leech Seed|[of] p2a: Roi Des Mers
|-heal|p2a: Roi Des Mers|249\/324|[silent]
|turn|50
|
|switch|p1a: Heatran|Heatran, M|386\/386
|-damage|p1a: Heatran|338\/386|[from] Stealth Rock
|move|p2a: Roi Des Mers|Encore|p1a: Heatran
|-fail|p1a: Heatran
|
|-weather|RainDance|[upkeep]
|-heal|p1a: Heatran|362\/386|[from] item: Leftovers
|turn|51
|
|switch|p2a: Sadi-Chan|Latias, F|326\/326
|-damage|p2a: Sadi-Chan|286\/326|[from] Stealth Rock
|move|p1a: Heatran|Roar|p2a: Sadi-Chan
|drag|p2a: Roi Des Mers|Politoed, M|249\/324
|-damage|p2a: Roi Des Mers|209\/324|[from] Spikes
|-damage|p2a: Roi Des Mers|169\/324|[from] Stealth Rock
|
|-weather|RainDance|[upkeep]
|-heal|p1a: Heatran|386\/386|[from] item: Leftovers
|turn|52
|
|switch|p2a: Sadi-Chan|Latias, F|286\/326
|-damage|p2a: Sadi-Chan|246\/326|[from] Stealth Rock
|move|p1a: Heatran|Protect|p1a: Heatran
|-fail|p1a: Heatran
|
|-weather|RainDance|[upkeep]
|-heal|p2a: Sadi-Chan|266\/326|[from] item: Leftovers
|turn|53
|
|move|p2a: Sadi-Chan|Roar|p1a: Heatran
|drag|p1a: REGGETONERA|Latias, F|319\/364
|-damage|p1a: REGGETONERA|274\/364|[from] Stealth Rock
|
|-weather|RainDance|[upkeep]
|-heal|p1a: REGGETONERA|296\/364|[from] item: Leftovers
|-heal|p2a: Sadi-Chan|286\/326|[from] item: Leftovers
|turn|54
|
|move|p2a: Sadi-Chan|Dragon Pulse|p1a: REGGETONERA
|-supereffective|p1a: REGGETONERA
|-damage|p1a: REGGETONERA|90\/364
|move|p1a: REGGETONERA|Dragon Pulse|p2a: Sadi-Chan
|-supereffective|p2a: Sadi-Chan
|-damage|p2a: Sadi-Chan|106\/326
|
|-weather|RainDance|[upkeep]
|-heal|p1a: REGGETONERA|112\/364|[from] item: Leftovers
|-heal|p2a: Sadi-Chan|126\/326|[from] item: Leftovers
|turn|55
|
|switch|p1a: Gastrodon|Gastrodon, M|426\/426
|-damage|p1a: Gastrodon|400\/426|[from] Stealth Rock
|move|p2a: Sadi-Chan|Dragon Pulse|p1a: Gastrodon
|-damage|p1a: Gastrodon|288\/426
|
|-weather|RainDance|[upkeep]
|-heal|p2a: Sadi-Chan|146\/326|[from] item: Leftovers
|-heal|p1a: Gastrodon|314\/426|[from] item: Leftovers
|turn|56
|
|move|p2a: Sadi-Chan|Calm Mind|p2a: Sadi-Chan
|-boost|p2a: Sadi-Chan|spa|1
|-boost|p2a: Sadi-Chan|spd|1
|move|p1a: Gastrodon|Ice Beam|p2a: Sadi-Chan
|-crit|p2a: Sadi-Chan
|-supereffective|p2a: Sadi-Chan
|-damage|p2a: Sadi-Chan|0 fnt
|faint|p2a: Sadi-Chan
|
|-weather|RainDance|[upkeep]
|-heal|p1a: Gastrodon|340\/426|[from] item: Leftovers
|c|âRayouu|:
|
|switch|p2a: Blugori|Toxicroak, M|355\/355
|-damage|p2a: Blugori|333\/355|[from] Stealth Rock
|-damage|p2a: Blugori|289\/355|[from] Spikes
|turn|57
|
|move|p2a: Blugori|Substitute|p2a: Blugori
|-start|p2a: Blugori|Substitute
|-damage|p2a: Blugori|201\/355
|move|p1a: Gastrodon|Ice Beam|p2a: Blugori
|-end|p2a: Blugori|Substitute
|
|-weather|RainDance|[upkeep]
|-heal|p2a: Blugori|245\/355|[from] ability: Dry Skin
|-heal|p2a: Blugori|267\/355|[from] item: Black Sludge
|-heal|p1a: Gastrodon|366\/426|[from] item: Leftovers
|turn|58
|
|move|p2a: Blugori|Ice Punch|p1a: Gastrodon
|-crit|p1a: Gastrodon
|-damage|p1a: Gastrodon|120\/426
|move|p1a: Gastrodon|Ice Beam|p2a: Blugori
|-damage|p2a: Blugori|164\/355
|
|-weather|RainDance|[upkeep]
|-heal|p2a: Blugori|208\/355|[from] ability: Dry Skin
|-heal|p2a: Blugori|230\/355|[from] item: Black Sludge
|-heal|p1a: Gastrodon|146\/426|[from] item: Leftovers
|turn|59
|
|-singleturn|p2a: Blugori|move: Focus Punch
|move|p1a: Gastrodon|Ice Beam|p2a: Blugori
|-damage|p2a: Blugori|133\/355
|cant|p2a: Blugori|Focus Punch|Focus Punch
|
|-weather|RainDance|[upkeep]
|-heal|p2a: Blugori|177\/355|[from] ability: Dry Skin
|-heal|p2a: Blugori|199\/355|[from] item: Black Sludge
|-heal|p1a: Gastrodon|172\/426|[from] item: Leftovers
|turn|60
|
|move|p2a: Blugori|Ice Punch|p1a: Gastrodon
|-damage|p1a: Gastrodon|51\/426
|move|p1a: Gastrodon|Ice Beam|p2a: Blugori
|-damage|p2a: Blugori|97\/355
|
|-weather|RainDance|[upkeep]
|-heal|p2a: Blugori|141\/355|[from] ability: Dry Skin
|-heal|p2a: Blugori|163\/355|[from] item: Black Sludge
|-heal|p1a: Gastrodon|77\/426|[from] item: Leftovers
|turn|61
|
|move|p2a: Blugori|Ice Punch|p1a: Gastrodon
|-damage|p1a: Gastrodon|0 fnt
|faint|p1a: Gastrodon
|
|-weather|RainDance|[upkeep]
|-heal|p2a: Blugori|207\/355|[from] ability: Dry Skin
|-heal|p2a: Blugori|229\/355|[from] item: Black Sludge
|
|switch|p1a: Heatran|Heatran, M|386\/386
|-damage|p1a: Heatran|338\/386|[from] Stealth Rock
|turn|62
|
|-singleturn|p2a: Blugori|move: Focus Punch
|move|p1a: Heatran|Lava Plume|p2a: Blugori
|-damage|p2a: Blugori|117\/355
|cant|p2a: Blugori|Focus Punch|Focus Punch
|
|-weather|RainDance|[upkeep]
|-heal|p2a: Blugori|161\/355|[from] ability: Dry Skin
|-heal|p2a: Blugori|183\/355|[from] item: Black Sludge
|-heal|p1a: Heatran|362\/386|[from] item: Leftovers
|turn|63
|
|move|p2a: Blugori|Sucker Punch|p1a: Heatran
|-resisted|p1a: Heatran
|-damage|p1a: Heatran|322\/386
|move|p1a: Heatran|Lava Plume|p2a: Blugori
|-damage|p2a: Blugori|86\/355
|-status|p2a: Blugori|brn
|
|-weather|RainDance|[upkeep]
|-heal|p2a: Blugori|130\/355 brn|[from] ability: Dry Skin
|-heal|p2a: Blugori|152\/355 brn|[from] item: Black Sludge
|-heal|p1a: Heatran|346\/386|[from] item: Leftovers
|-damage|p2a: Blugori|108\/355 brn|[from] brn
|turn|64
|
|move|p2a: Blugori|Sucker Punch|p1a: Heatran
|-resisted|p1a: Heatran
|-damage|p1a: Heatran|323\/386
|move|p1a: Heatran|Lava Plume|p2a: Blugori
|-damage|p2a: Blugori|3\/355 brn
|
|-weather|RainDance|[upkeep]
|-heal|p2a: Blugori|47\/355 brn|[from] ability: Dry Skin
|-heal|p2a: Blugori|69\/355 brn|[from] item: Black Sludge
|-heal|p1a: Heatran|347\/386|[from] item: Leftovers
|-damage|p2a: Blugori|25\/355 brn|[from] brn
|turn|65
|
|move|p2a: Blugori|Sucker Punch|p1a: Heatran
|-resisted|p1a: Heatran
|-damage|p1a: Heatran|325\/386
|move|p1a: Heatran|Lava Plume|p2a: Blugori
|-damage|p2a: Blugori|0 fnt
|faint|p2a: Blugori
|
|-weather|RainDance|[upkeep]
|-heal|p1a: Heatran|349\/386|[from] item: Leftovers
|
|switch|p2a: Roi Des Mers|Politoed, M|169\/324
|-damage|p2a: Roi Des Mers|129\/324|[from] Stealth Rock
|-damage|p2a: Roi Des Mers|89\/324|[from] Spikes
|turn|66
|
|move|p1a: Heatran|Protect|p1a: Heatran
|-singleturn|p1a: Heatran|Protect
|move|p2a: Roi Des Mers|Hydro Pump|p1a: Heatran
|-activate|p1a: Heatran|Protect
|
|-weather|RainDance|[upkeep]
|-heal|p1a: Heatran|373\/386|[from] item: Leftovers
|turn|67
|
|switch|p1a: Skarmory|Skarmory, M|35\/334
|-damage|p1a: Skarmory|0 fnt|[from] Stealth Rock
|faint|p1a: Skarmory
|move|p2a: Roi Des Mers|Hydro Pump|p1: Skarmory|[notarget]
|-notarget
|
|-weather|RainDance|[upkeep]
|
|switch|p1a: Latios|Latios, M|130\/302
|-damage|p1a: Latios|93\/302|[from] Stealth Rock
|turn|68
|
|move|p2a: Roi Des Mers|Hydro Pump|p1a: Latios
|-resisted|p1a: Latios
|-damage|p1a: Latios|0 fnt
|faint|p1a: Latios
|
|-weather|RainDance|[upkeep]
|
|switch|p1a: REGGETONERA|Latias, F|112\/364
|-damage|p1a: REGGETONERA|67\/364|[from] Stealth Rock
|turn|69
|
|move|p2a: Roi Des Mers|Hydro Pump|p1a: REGGETONERA
|-resisted|p1a: REGGETONERA
|-damage|p1a: REGGETONERA|0 fnt
|faint|p1a: REGGETONERA
|
|-weather|RainDance|[upkeep]
|
|switch|p1a: Heatran|Heatran, M|373\/386
|-damage|p1a: Heatran|325\/386|[from] Stealth Rock
|turn|70
|
|move|p1a: Heatran|Protect|p1a: Heatran
|-singleturn|p1a: Heatran|Protect
|move|p2a: Roi Des Mers|Hydro Pump|p1a: Heatran
|-activate|p1a: Heatran|Protect
|
|-weather|RainDance|[upkeep]
|-heal|p1a: Heatran|349\/386|[from] item: Leftovers
|turn|71
|
|move|p1a: Heatran|Protect|p1a: Heatran
|-singleturn|p1a: Heatran|Protect
|move|p2a: Roi Des Mers|Hydro Pump|p1a: Heatran
|-activate|p1a: Heatran|Protect
|
|-weather|RainDance|[upkeep]
|-heal|p1a: Heatran|373\/386|[from] item: Leftovers
|turn|72
|
|move|p1a: Heatran|Protect|p1a: Heatran
|-fail|p1a: Heatran
|move|p2a: Roi Des Mers|Hydro Pump|p1a: Heatran
|-supereffective|p1a: Heatran
|-damage|p1a: Heatran|13\/386
|
|-weather|RainDance|[upkeep]
|-heal|p1a: Heatran|37\/386|[from] item: Leftovers
|turn|73
|
|switch|p2a: Impel Down|Ferrothorn, F, shiny|116\/352
|-damage|p2a: Impel Down|94\/352|[from] Stealth Rock
|-damage|p2a: Impel Down|50\/352|[from] Spikes
|move|p1a: Heatran|Protect|p1a: Heatran
|-fail|p1a: Heatran
|
|-weather|RainDance|[upkeep]
|-heal|p1a: Heatran|61\/386|[from] item: Leftovers
|turn|74
|
|move|p1a: Heatran|Protect|p1a: Heatran
|-singleturn|p1a: Heatran|Protect
|move|p2a: Impel Down|Leech Seed|p1a: Heatran
|-activate|p1a: Heatran|Protect
|
|-weather|RainDance|[upkeep]
|-heal|p1a: Heatran|85\/386|[from] item: Leftovers
|turn|75
|
|move|p1a: Heatran|Lava Plume|p2a: Impel Down
|-supereffective|p2a: Impel Down
|-damage|p2a: Impel Down|0 fnt
|faint|p2a: Impel Down
|
|-weather|RainDance|[upkeep]
|-heal|p1a: Heatran|109\/386|[from] item: Leftovers
|
|switch|p2a: Roi Des Mers|Politoed, M|89\/324
|-damage|p2a: Roi Des Mers|49\/324|[from] Stealth Rock
|-damage|p2a: Roi Des Mers|9\/324|[from] Spikes
|turn|76
|
|move|p1a: Heatran|Protect|p1a: Heatran
|-singleturn|p1a: Heatran|Protect
|move|p2a: Roi Des Mers|Surf|p1a: Heatran
|-activate|p1a: Heatran|Protect
|
|-weather|RainDance|[upkeep]
|-heal|p1a: Heatran|133\/386|[from] item: Leftovers
|turn|77
|leave|Fenix-
|player|p1
|-message|fenix lost due to inactivity.
|
|win|Rayouu
|raw|Ladder updating...
|raw|Fenix-'s rating: 1500 &rarr; <strong>1467<\/strong><br \/>(-33 for losing)
|raw|Rayouu's rating: 1242 &rarr; <strong>1283<\/strong><br \/>(+41 for winning)