|join|Fenix-
|join|suzuranhigh
|player|p1|Fenix-|170
|player|p2|suzuranhigh|266
|gametype|singles
|gen|5
|tier|[Gen 5] OU
|rated
|rule|Evasion Abilities Clause: Evasion abilities are banned
|clearpoke
|poke|p1|Heatran, M
|poke|p1|Skarmory, M
|poke|p1|Gastrodon, M
|poke|p1|Gengar, M
|poke|p1|Latios, M
|poke|p1|Latias, F
|poke|p2|Hippowdon, F
|poke|p2|Ferrothorn, F
|poke|p2|Starmie
|poke|p2|Hydreigon, F
|poke|p2|Dragonite, M
|poke|p2|Gengar, F
|rule|Sleep Clause Mod: Limit one foe put to sleep
|rule|Species Clause: Limit one of each PokÃ©mon
|rule|OHKO Clause: OHKO moves are banned
|rule|Moody Clause: Moody is banned
|rule|Evasion Moves Clause: Evasion moves are banned
|rule|Endless Battle Clause: Forcing endless battles is banned
|rule|HP Percentage Mod: HP is shown in percentages
|teampreview
|
|start
|switch|p1a: Latios|Latios, M|302\/302
|switch|p2a: Hydreigon|Hydreigon, F|329\/329
|turn|1
|
|switch|p1a: Heatran|Heatran, M|386\/386
|switch|p2a: Ferrothorn|Ferrothorn, F|352\/352
|
|turn|2
|
|switch|p2a: Starmie|Starmie|323\/323
|move|p1a: Heatran|Stealth Rock|p2a: Starmie
|-sidestart|p2: suzuranhigh|move: Stealth Rock
|
|turn|3
|
|move|p1a: Heatran|Protect|p1a: Heatran
|-singleturn|p1a: Heatran|Protect
|move|p2a: Starmie|Rapid Spin|p1a: Heatran
|-activate|p1a: Heatran|Protect
|
|turn|4
|
|switch|p1a: Latios|Latios, M|302\/302
|move|p2a: Starmie|Rapid Spin|p1a: Latios
|-damage|p1a: Latios|290\/302
|-sideend|p2: suzuranhigh|Stealth Rock|[from] move: Rapid Spin|[of] p2a: Starmie
|
|turn|5
|
|switch|p2a: Hippowdon|Hippowdon, F|419\/419
|-weather|Sandstorm|[from] ability: Sand Stream|[of] p2a: Hippowdon
|move|p1a: Latios|Trick|p2a: Hippowdon
|-activate|p1a: Latios|move: Trick|[of] p2a: Hippowdon
|-item|p2a: Hippowdon|Choice Specs|[from] move: Trick
|-item|p1a: Latios|Leftovers|[from] move: Trick
|
|-weather|Sandstorm|[upkeep]
|-damage|p1a: Latios|272\/302|[from] sandstorm
|-heal|p1a: Latios|290\/302|[from] item: Leftovers
|turn|6
|
|move|p1a: Latios|Draco Meteor|p2a: Hippowdon
|-damage|p2a: Hippowdon|85\/419
|-unboost|p1a: Latios|spa|2
|move|p2a: Hippowdon|Stealth Rock|p1a: Latios
|-sidestart|p1: Fenix-|move: Stealth Rock
|
|-weather|Sandstorm|[upkeep]
|-damage|p1a: Latios|272\/302|[from] sandstorm
|-heal|p1a: Latios|290\/302|[from] item: Leftovers
|turn|7
|
|switch|p1a: Heatran|Heatran, M|386\/386
|-damage|p1a: Heatran|338\/386|[from] Stealth Rock
|switch|p2a: Starmie|Starmie|323\/323
|
|-weather|Sandstorm|[upkeep]
|-damage|p2a: Starmie|303\/323|[from] sandstorm
|-heal|p2a: Starmie|323\/323|[from] item: Leftovers
|-heal|p1a: Heatran|362\/386|[from] item: Leftovers
|turn|8
|
|move|p1a: Heatran|Protect|p1a: Heatran
|-singleturn|p1a: Heatran|Protect
|move|p2a: Starmie|Scald|p1a: Heatran
|-activate|p1a: Heatran|Protect
|
|-weather|Sandstorm|[upkeep]
|-damage|p2a: Starmie|303\/323|[from] sandstorm
|-heal|p2a: Starmie|323\/323|[from] item: Leftovers
|-heal|p1a: Heatran|386\/386|[from] item: Leftovers
|turn|9
|
|switch|p1a: Gastrodon|Gastrodon, M|426\/426
|-damage|p1a: Gastrodon|400\/426|[from] Stealth Rock
|move|p2a: Starmie|Scald|p1a: Gastrodon
|-boost|p1a: Gastrodon|spa|1|[from] ability: Storm Drain
|
|-weather|Sandstorm|[upkeep]
|-damage|p2a: Starmie|303\/323|[from] sandstorm
|-heal|p2a: Starmie|323\/323|[from] item: Leftovers
|-heal|p1a: Gastrodon|426\/426|[from] item: Leftovers
|turn|10
|
|move|p2a: Starmie|Psyshock|p1a: Gastrodon
|-damage|p1a: Gastrodon|293\/426
|move|p1a: Gastrodon|Scald|p2a: Starmie
|-resisted|p2a: Starmie
|-damage|p2a: Starmie|245\/323
|
|-weather|Sandstorm|[upkeep]
|-damage|p2a: Starmie|225\/323|[from] sandstorm
|-heal|p2a: Starmie|245\/323|[from] item: Leftovers
|-heal|p1a: Gastrodon|319\/426|[from] item: Leftovers
|turn|11
|
|move|p2a: Starmie|Psyshock|p1a: Gastrodon
|-damage|p1a: Gastrodon|199\/426
|move|p1a: Gastrodon|Scald|p2a: Starmie
|-resisted|p2a: Starmie
|-damage|p2a: Starmie|173\/323
|
|-weather|Sandstorm|[upkeep]
|-damage|p2a: Starmie|153\/323|[from] sandstorm
|-heal|p2a: Starmie|173\/323|[from] item: Leftovers
|-heal|p1a: Gastrodon|225\/426|[from] item: Leftovers
|turn|12
|
|switch|p2a: Ferrothorn|Ferrothorn, F|352\/352
|move|p1a: Gastrodon|Recover|p1a: Gastrodon
|-heal|p1a: Gastrodon|426\/426
|
|-weather|Sandstorm|[upkeep]
|turn|13
|
|switch|p1a: Heatran|Heatran, M|386\/386
|-damage|p1a: Heatran|338\/386|[from] Stealth Rock
|move|p2a: Ferrothorn|Spikes|p1a: Heatran
|-sidestart|p1: Fenix-|Spikes
|
|-weather|Sandstorm|[upkeep]
|-heal|p1a: Heatran|362\/386|[from] item: Leftovers
|turn|14
|
|switch|p2a: Starmie|Starmie|173\/323
|move|p1a: Heatran|Lava Plume|p2a: Starmie
|-resisted|p2a: Starmie
|-damage|p2a: Starmie|112\/323
|-status|p2a: Starmie|brn
|
|-weather|Sandstorm|[upkeep]
|-damage|p2a: Starmie|92\/323 brn|[from] sandstorm
|-heal|p2a: Starmie|112\/323 brn|[from] item: Leftovers
|-heal|p1a: Heatran|386\/386|[from] item: Leftovers
|-damage|p2a: Starmie|72\/323 brn|[from] brn
|turn|15
|
|move|p2a: Starmie|Recover|p2a: Starmie
|-heal|p2a: Starmie|234\/323 brn
|move|p1a: Heatran|Stealth Rock|p2a: Starmie
|-sidestart|p2: suzuranhigh|move: Stealth Rock
|
|-weather|Sandstorm|[upkeep]
|-damage|p2a: Starmie|214\/323 brn|[from] sandstorm
|-heal|p2a: Starmie|234\/323 brn|[from] item: Leftovers
|-damage|p2a: Starmie|194\/323 brn|[from] brn
|turn|16
|
|move|p1a: Heatran|Protect|p1a: Heatran
|-singleturn|p1a: Heatran|Protect
|move|p2a: Starmie|Recover|p2a: Starmie
|-heal|p2a: Starmie|323\/323 brn
|
|-weather|Sandstorm|[upkeep]
|-damage|p2a: Starmie|303\/323 brn|[from] sandstorm
|-heal|p2a: Starmie|323\/323 brn|[from] item: Leftovers
|-damage|p2a: Starmie|283\/323 brn|[from] brn
|turn|17
|
|move|p2a: Starmie|Rapid Spin|p1a: Heatran
|-resisted|p1a: Heatran
|-damage|p1a: Heatran|384\/386
|-sideend|p2: suzuranhigh|Stealth Rock|[from] move: Rapid Spin|[of] p2a: Starmie
|move|p1a: Heatran|Roar|p2a: Starmie
|drag|p2a: Hydreigon|Hydreigon, F|329\/329
|
|-weather|Sandstorm|[upkeep]
|-damage|p2a: Hydreigon|309\/329|[from] sandstorm
|-heal|p1a: Heatran|386\/386|[from] item: Leftovers
|turn|18
|
|move|p1a: Heatran|Protect|p1a: Heatran
|-singleturn|p1a: Heatran|Protect
|move|p2a: Hydreigon|Taunt|p1a: Heatran
|-activate|p1a: Heatran|Protect
|
|-weather|Sandstorm|[upkeep]
|-damage|p2a: Hydreigon|289\/329|[from] sandstorm
|turn|19
|
|move|p2a: Hydreigon|Focus Blast|p1a: Heatran|[miss]
|-miss|p2a: Hydreigon|p1a: Heatran
|move|p1a: Heatran|Lava Plume|p2a: Hydreigon
|-resisted|p2a: Hydreigon
|-damage|p2a: Hydreigon|226\/329
|
|-weather|Sandstorm|[upkeep]
|-damage|p2a: Hydreigon|206\/329|[from] sandstorm
|turn|20
|
|move|p1a: Heatran|Protect|p1a: Heatran
|-singleturn|p1a: Heatran|Protect
|move|p2a: Hydreigon|Roost|p2a: Hydreigon
|-heal|p2a: Hydreigon|329\/329
|
|-weather|Sandstorm|[upkeep]
|-damage|p2a: Hydreigon|309\/329|[from] sandstorm
|turn|21
|
|move|p2a: Hydreigon|Focus Blast|p1a: Heatran
|-supereffective|p1a: Heatran
|-damage|p1a: Heatran|118\/386
|-damage|p2a: Hydreigon|277\/329|[from] item: Life Orb
|move|p1a: Heatran|Stealth Rock|p2a: Hydreigon
|-sidestart|p2: suzuranhigh|move: Stealth Rock
|
|-weather|Sandstorm|[upkeep]
|-damage|p2a: Hydreigon|257\/329|[from] sandstorm
|-heal|p1a: Heatran|142\/386|[from] item: Leftovers
|turn|22
|
|switch|p1a: Latios|Latios, M|290\/302
|-damage|p1a: Latios|253\/302|[from] Stealth Rock
|move|p2a: Hydreigon|Dark Pulse|p1a: Latios
|-supereffective|p1a: Latios
|-damage|p1a: Latios|0 fnt
|-damage|p2a: Hydreigon|225\/329|[from] item: Life Orb
|faint|p1a: Latios
|
|-weather|Sandstorm|[upkeep]
|-damage|p2a: Hydreigon|205\/329|[from] sandstorm
|
|switch|p1a: REGGETONERA|Latias, F|364\/364
|-damage|p1a: REGGETONERA|319\/364|[from] Stealth Rock
|turn|23
|
|switch|p2a: Ferrothorn|Ferrothorn, F|352\/352
|-damage|p2a: Ferrothorn|330\/352|[from] Stealth Rock
|move|p1a: REGGETONERA|Dragon Pulse|p2a: Ferrothorn
|-resisted|p2a: Ferrothorn
|-damage|p2a: Ferrothorn|291\/352
|
|-weather|Sandstorm|[upkeep]
|-damage|p1a: REGGETONERA|297\/364|[from] sandstorm
|-heal|p1a: REGGETONERA|319\/364|[from] item: Leftovers
|-heal|p2a: Ferrothorn|313\/352|[from] item: Leftovers
|turn|24
|
|switch|p1a: Gengar|Gengar, M|261\/261
|-damage|p1a: Gengar|229\/261|[from] Stealth Rock
|move|p2a: Ferrothorn|Spikes|p1a: Gengar
|-sidestart|p1: Fenix-|Spikes
|
|-weather|Sandstorm|[upkeep]
|-damage|p1a: Gengar|213\/261|[from] sandstorm
|-heal|p2a: Ferrothorn|335\/352|[from] item: Leftovers
|turn|25
|
|move|p1a: Gengar|Substitute|p1a: Gengar
|-start|p1a: Gengar|Substitute
|-damage|p1a: Gengar|148\/261
|move|p2a: Ferrothorn|Gyro Ball|p1a: Gengar
|-end|p1a: Gengar|Substitute
|
|-weather|Sandstorm|[upkeep]
|-damage|p1a: Gengar|132\/261|[from] sandstorm
|-heal|p2a: Ferrothorn|352\/352|[from] item: Leftovers
|turn|26
|
|move|p1a: Gengar|Focus Blast|p2a: Ferrothorn
|-supereffective|p2a: Ferrothorn
|-damage|p2a: Ferrothorn|87\/352
|-damage|p1a: Gengar|106\/261|[from] item: Life Orb
|move|p2a: Ferrothorn|Gyro Ball|p1a: Gengar
|-damage|p1a: Gengar|0 fnt
|faint|p1a: Gengar
|
|-weather|Sandstorm|[upkeep]
|-heal|p2a: Ferrothorn|109\/352|[from] item: Leftovers
|
|switch|p1a: Heatran|Heatran, M|142\/386
|-damage|p1a: Heatran|94\/386|[from] Stealth Rock
|-damage|p1a: Heatran|30\/386|[from] Spikes
|turn|27
|
|switch|p2a: Starmie|Starmie|283\/323
|-damage|p2a: Starmie|243\/323|[from] Stealth Rock
|move|p1a: Heatran|Roar|p2a: Starmie
|drag|p2a: Gengar|Gengar, F|261\/261
|-damage|p2a: Gengar|229\/261|[from] Stealth Rock
|
|-weather|Sandstorm|[upkeep]
|-damage|p2a: Gengar|213\/261|[from] sandstorm
|-heal|p2a: Gengar|229\/261|[from] item: Black Sludge
|-heal|p1a: Heatran|54\/386|[from] item: Leftovers
|turn|28
|
|move|p2a: Gengar|Focus Blast|p1a: Heatran|[miss]
|-miss|p2a: Gengar|p1a: Heatran
|move|p1a: Heatran|Roar|p2a: Gengar
|drag|p2a: Dragonite|Dragonite, M|323\/323
|-damage|p2a: Dragonite|243\/323|[from] Stealth Rock
|
|-weather|Sandstorm|[upkeep]
|-damage|p2a: Dragonite|223\/323|[from] sandstorm
|-heal|p2a: Dragonite|243\/323|[from] item: Leftovers
|-heal|p1a: Heatran|78\/386|[from] item: Leftovers
|turn|29
|
|switch|p2a: Starmie|Starmie|243\/323
|-damage|p2a: Starmie|203\/323|[from] Stealth Rock
|switch|p1a: Skarmory|Skarmory, M|334\/334
|-damage|p1a: Skarmory|293\/334|[from] Stealth Rock
|
|-weather|Sandstorm|[upkeep]
|-damage|p2a: Starmie|183\/323|[from] sandstorm
|-heal|p2a: Starmie|203\/323|[from] item: Leftovers
|-heal|p1a: Skarmory|313\/334|[from] item: Leftovers
|turn|30
|
|move|p2a: Starmie|Rapid Spin|p1a: Skarmory
|-resisted|p1a: Skarmory
|-damage|p1a: Skarmory|310\/334
|-sideend|p2: suzuranhigh|Stealth Rock|[from] move: Rapid Spin|[of] p2a: Starmie
|move|p1a: Skarmory|Brave Bird|p2a: Starmie
|-damage|p2a: Starmie|80\/323
|-damage|p1a: Skarmory|269\/334|[from] recoil|[of] p2a: Starmie
|
|-weather|Sandstorm|[upkeep]
|-damage|p2a: Starmie|60\/323|[from] sandstorm
|-heal|p2a: Starmie|80\/323|[from] item: Leftovers
|-heal|p1a: Skarmory|289\/334|[from] item: Leftovers
|turn|31
|
|move|p2a: Starmie|Recover|p2a: Starmie
|-heal|p2a: Starmie|242\/323
|move|p1a: Skarmory|Brave Bird|p2a: Starmie
|-damage|p2a: Starmie|106\/323
|-damage|p1a: Skarmory|244\/334|[from] recoil|[of] p2a: Starmie
|
|-weather|Sandstorm|[upkeep]
|-damage|p2a: Starmie|86\/323|[from] sandstorm
|-heal|p2a: Starmie|106\/323|[from] item: Leftovers
|-heal|p1a: Skarmory|264\/334|[from] item: Leftovers
|turn|32
|
|move|p2a: Starmie|Recover|p2a: Starmie
|-heal|p2a: Starmie|268\/323
|move|p1a: Skarmory|Brave Bird|p2a: Starmie
|-damage|p2a: Starmie|127\/323
|-damage|p1a: Skarmory|217\/334|[from] recoil|[of] p2a: Starmie
|
|-weather|Sandstorm|[upkeep]
|-damage|p2a: Starmie|107\/323|[from] sandstorm
|-heal|p2a: Starmie|127\/323|[from] item: Leftovers
|-heal|p1a: Skarmory|237\/334|[from] item: Leftovers
|turn|33
|
|move|p2a: Starmie|Recover|p2a: Starmie
|-heal|p2a: Starmie|289\/323
|move|p1a: Skarmory|Whirlwind|p2a: Starmie
|drag|p2a: Dragonite|Dragonite, M|243\/323
|
|-weather|Sandstorm|[upkeep]
|-damage|p2a: Dragonite|223\/323|[from] sandstorm
|-heal|p2a: Dragonite|243\/323|[from] item: Leftovers
|-heal|p1a: Skarmory|257\/334|[from] item: Leftovers
|turn|34
|
|move|p2a: Dragonite|Dragon Dance|p2a: Dragonite
|-boost|p2a: Dragonite|atk|1
|-boost|p2a: Dragonite|spe|1
|move|p1a: Skarmory|Spikes|p2a: Dragonite
|-sidestart|p2: suzuranhigh|Spikes
|
|-weather|Sandstorm|[upkeep]
|-damage|p2a: Dragonite|223\/323|[from] sandstorm
|-heal|p2a: Dragonite|243\/323|[from] item: Leftovers
|-heal|p1a: Skarmory|277\/334|[from] item: Leftovers
|turn|35
|
|move|p2a: Dragonite|Fire Punch|p1a: Skarmory
|-supereffective|p1a: Skarmory
|-damage|p1a: Skarmory|97\/334
|move|p1a: Skarmory|Whirlwind|p2a: Dragonite
|drag|p2a: Starmie|Starmie|289\/323
|-damage|p2a: Starmie|249\/323|[from] Spikes
|
|-weather|Sandstorm|[upkeep]
|-damage|p2a: Starmie|229\/323|[from] sandstorm
|-heal|p2a: Starmie|249\/323|[from] item: Leftovers
|-heal|p1a: Skarmory|117\/334|[from] item: Leftovers
|turn|36
|
|switch|p1a: Gastrodon|Gastrodon, M|426\/426
|-damage|p1a: Gastrodon|400\/426|[from] Stealth Rock
|-damage|p1a: Gastrodon|329\/426|[from] Spikes
|move|p2a: Starmie|Scald|p1a: Gastrodon
|-boost|p1a: Gastrodon|spa|1|[from] ability: Storm Drain
|
|-weather|Sandstorm|[upkeep]
|-damage|p2a: Starmie|229\/323|[from] sandstorm
|-heal|p2a: Starmie|249\/323|[from] item: Leftovers
|-heal|p1a: Gastrodon|355\/426|[from] item: Leftovers
|turn|37
|
|move|p2a: Starmie|Rapid Spin|p1a: Gastrodon
|-crit|p1a: Gastrodon
|-damage|p1a: Gastrodon|329\/426
|-sideend|p2: suzuranhigh|Spikes|[from] move: Rapid Spin|[of] p2a: Starmie
|move|p1a: Gastrodon|Scald|p2a: Starmie
|-resisted|p2a: Starmie
|-damage|p2a: Starmie|171\/323
|
|-weather|Sandstorm|[upkeep]
|-damage|p2a: Starmie|151\/323|[from] sandstorm
|-heal|p2a: Starmie|171\/323|[from] item: Leftovers
|-heal|p1a: Gastrodon|355\/426|[from] item: Leftovers
|turn|38
|
|move|p2a: Starmie|Psyshock|p1a: Gastrodon
|-damage|p1a: Gastrodon|217\/426
|move|p1a: Gastrodon|Scald|p2a: Starmie
|-resisted|p2a: Starmie
|-damage|p2a: Starmie|99\/323
|
|-weather|Sandstorm|[upkeep]
|-damage|p2a: Starmie|79\/323|[from] sandstorm
|-heal|p2a: Starmie|99\/323|[from] item: Leftovers
|-heal|p1a: Gastrodon|243\/426|[from] item: Leftovers
|turn|39
|
|move|p2a: Starmie|Psyshock|p1a: Gastrodon
|-crit|p1a: Gastrodon
|-damage|p1a: Gastrodon|2\/426
|move|p1a: Gastrodon|Scald|p2a: Starmie
|-resisted|p2a: Starmie
|-damage|p2a: Starmie|22\/323
|
|-weather|Sandstorm|[upkeep]
|-damage|p2a: Starmie|2\/323|[from] sandstorm
|-heal|p2a: Starmie|22\/323|[from] item: Leftovers
|-heal|p1a: Gastrodon|28\/426|[from] item: Leftovers
|turn|40
|
|move|p2a: Starmie|Psyshock|p1a: Gastrodon
|-damage|p1a: Gastrodon|0 fnt
|faint|p1a: Gastrodon
|
|-weather|Sandstorm|[upkeep]
|-damage|p2a: Starmie|2\/323|[from] sandstorm
|-heal|p2a: Starmie|22\/323|[from] item: Leftovers
|
|switch|p1a: REGGETONERA|Latias, F|319\/364
|-damage|p1a: REGGETONERA|274\/364|[from] Stealth Rock
|turn|41
|
|switch|p2a: Ferrothorn|Ferrothorn, F|109\/352
|move|p1a: REGGETONERA|Calm Mind|p1a: REGGETONERA
|-boost|p1a: REGGETONERA|spa|1
|-boost|p1a: REGGETONERA|spd|1
|
|-weather|Sandstorm|[upkeep]
|-damage|p1a: REGGETONERA|252\/364|[from] sandstorm
|-heal|p1a: REGGETONERA|274\/364|[from] item: Leftovers
|-heal|p2a: Ferrothorn|131\/352|[from] item: Leftovers
|turn|42
|
|move|p1a: REGGETONERA|Calm Mind|p1a: REGGETONERA
|-boost|p1a: REGGETONERA|spa|1
|-boost|p1a: REGGETONERA|spd|1
|move|p2a: Ferrothorn|Gyro Ball|p1a: REGGETONERA
|-damage|p1a: REGGETONERA|105\/364
|
|-weather|Sandstorm|[upkeep]
|-damage|p1a: REGGETONERA|83\/364|[from] sandstorm
|-heal|p1a: REGGETONERA|105\/364|[from] item: Leftovers
|-heal|p2a: Ferrothorn|153\/352|[from] item: Leftovers
|turn|43
|
|move|p1a: REGGETONERA|Recover|p1a: REGGETONERA
|-heal|p1a: REGGETONERA|287\/364
|move|p2a: Ferrothorn|Gyro Ball|p1a: REGGETONERA
|-damage|p1a: REGGETONERA|116\/364
|
|-weather|Sandstorm|[upkeep]
|-damage|p1a: REGGETONERA|94\/364|[from] sandstorm
|-heal|p1a: REGGETONERA|116\/364|[from] item: Leftovers
|-heal|p2a: Ferrothorn|175\/352|[from] item: Leftovers
|turn|44
|
|move|p1a: REGGETONERA|Recover|p1a: REGGETONERA
|-heal|p1a: REGGETONERA|298\/364
|move|p2a: Ferrothorn|Leech Seed|p1a: REGGETONERA
|-start|p1a: REGGETONERA|move: Leech Seed
|
|-weather|Sandstorm|[upkeep]
|-damage|p1a: REGGETONERA|276\/364|[from] sandstorm
|-heal|p1a: REGGETONERA|298\/364|[from] item: Leftovers
|-heal|p2a: Ferrothorn|197\/352|[from] item: Leftovers
|-damage|p1a: REGGETONERA|253\/364|[from] Leech Seed|[of] p2a: Ferrothorn
|-heal|p2a: Ferrothorn|242\/352|[silent]
|turn|45
|
|move|p1a: REGGETONERA|Calm Mind|p1a: REGGETONERA
|-boost|p1a: REGGETONERA|spa|1
|-boost|p1a: REGGETONERA|spd|1
|move|p2a: Ferrothorn|Gyro Ball|p1a: REGGETONERA
|-damage|p1a: REGGETONERA|55\/364
|
|-weather|Sandstorm|[upkeep]
|-damage|p1a: REGGETONERA|33\/364|[from] sandstorm
|-heal|p1a: REGGETONERA|55\/364|[from] item: Leftovers
|-heal|p2a: Ferrothorn|264\/352|[from] item: Leftovers
|-damage|p1a: REGGETONERA|10\/364|[from] Leech Seed|[of] p2a: Ferrothorn
|-heal|p2a: Ferrothorn|309\/352|[silent]
|turn|46
|
|move|p1a: REGGETONERA|Recover|p1a: REGGETONERA
|-heal|p1a: REGGETONERA|192\/364
|move|p2a: Ferrothorn|Gyro Ball|p1a: REGGETONERA
|-damage|p1a: REGGETONERA|6\/364
|
|-weather|Sandstorm|[upkeep]
|-damage|p1a: REGGETONERA|0 fnt|[from] sandstorm
|-heal|p2a: Ferrothorn|331\/352|[from] item: Leftovers
|faint|p1a: REGGETONERA
|-message|Fenix- forfeited.
|
|win|suzuranhigh
|raw|Ladder updating...
|leave|Fenix-
|player|p1
|raw|Fenix-'s rating: 1525 &rarr; <strong>1493<\/strong><br \/>(-32 for losing)
|raw|suzuranhigh's rating: 1275 &rarr; <strong>1316<\/strong><br \/>(+41 for winning)