|join|Fenix-
|join|99 Red drifloon
|player|p1|Fenix-|266
|player|p2|99 Red drifloon|102
|gametype|singles
|gen|5
|tier|[Gen 5] OU
|rated
|rule|Evasion Abilities Clause: Evasion abilities are banned
|clearpoke
|poke|p1|Hippowdon, M
|poke|p1|Forretress, F
|poke|p1|Zapdos
|poke|p1|Jellicent, F
|poke|p1|Tangrowth, F
|poke|p1|Jirachi
|poke|p2|Tyranitar, M
|poke|p2|Magnezone
|poke|p2|Terrakion
|poke|p2|Latios, M, shiny
|poke|p2|Scizor, F, shiny
|poke|p2|Landorus-Therian, M
|rule|Sleep Clause Mod: Limit one foe put to sleep
|rule|Species Clause: Limit one of each PokÃ©mon
|rule|OHKO Clause: OHKO moves are banned
|rule|Moody Clause: Moody is banned
|rule|Evasion Moves Clause: Evasion moves are banned
|rule|Endless Battle Clause: Forcing endless battles is banned
|rule|HP Percentage Mod: HP is shown in percentages
|teampreview
|
|start
|switch|p1a: Tangrowth|Tangrowth, F|404\/404
|switch|p2a: Bron Bron|Landorus-Therian, M|382\/382
|-ability|p2a: Bron Bron|Intimidate|[of] p1a: Tangrowth
|-unboost|p1a: Tangrowth|atk|1
|turn|1
|
|move|p2a: Bron Bron|Toxic|p1a: Tangrowth
|-status|p1a: Tangrowth|tox
|move|p1a: Tangrowth|Sleep Powder|p2a: Bron Bron
|-status|p2a: Bron Bron|slp
|
|-damage|p1a: Tangrowth|379\/404 tox|[from] psn
|turn|2
|
|switch|p2a: Pat Riely|Tyranitar, M|403\/403
|-weather|Sandstorm|[from] ability: Sand Stream|[of] p2a: Pat Riely
|move|p1a: Tangrowth|Leech Seed|p2a: Pat Riely
|-start|p2a: Pat Riely|move: Leech Seed
|
|-weather|Sandstorm|[upkeep]
|-damage|p1a: Tangrowth|354\/404 tox|[from] sandstorm
|-heal|p1a: Tangrowth|379\/404 tox|[from] item: Leftovers
|-damage|p2a: Pat Riely|353\/403|[from] Leech Seed|[of] p1a: Tangrowth
|-heal|p1a: Tangrowth|404\/404 tox|[silent]
|-damage|p1a: Tangrowth|354\/404 tox|[from] psn
|turn|3
|
|switch|p1a: Hippowdon|Hippowdon, M|419\/419
|move|p2a: Pat Riely|Stealth Rock|p1a: Hippowdon
|-sidestart|p1: Fenix-|move: Stealth Rock
|
|-weather|Sandstorm|[upkeep]
|-heal|p2a: Pat Riely|378\/403|[from] item: Leftovers
|-damage|p2a: Pat Riely|328\/403|[from] Leech Seed|[of] p1a: Hippowdon
|turn|4
|
|switch|p2a: Bosh|Latios, M, shiny|301\/301
|move|p1a: Hippowdon|Stealth Rock|p2a: Bosh
|-sidestart|p2: 99 Red drifloon|move: Stealth Rock
|
|-weather|Sandstorm|[upkeep]
|-damage|p2a: Bosh|283\/301|[from] sandstorm
|turn|5
|
|switch|p1a: Jirachi|Jirachi|370\/370
|-damage|p1a: Jirachi|347\/370|[from] Stealth Rock
|move|p2a: Bosh|Energy Ball|p1a: Jirachi
|-resisted|p1a: Jirachi
|-damage|p1a: Jirachi|301\/370
|
|-weather|Sandstorm|[upkeep]
|-damage|p2a: Bosh|265\/301|[from] sandstorm
|turn|6
|
|switch|p2a: Bron Bron|Landorus-Therian, M|382\/382 slp
|-damage|p2a: Bron Bron|335\/382 slp|[from] Stealth Rock
|-ability|p2a: Bron Bron|Intimidate|[of] p1a: Jirachi
|-unboost|p1a: Jirachi|atk|1
|move|p1a: Jirachi|U-turn|p2a: Bron Bron
|-resisted|p2a: Bron Bron
|-damage|p2a: Bron Bron|311\/382 slp
|
|switch|p1a: Forretress|Forretress, F|354\/354
|-damage|p1a: Forretress|310\/354|[from] Stealth Rock
|
|-weather|Sandstorm|[upkeep]
|-heal|p1a: Forretress|332\/354|[from] item: Leftovers
|turn|7
|
|switch|p2a: Ray Allen|Magnezone|283\/283
|-damage|p2a: Ray Allen|266\/283|[from] Stealth Rock
|move|p1a: Forretress|Rapid Spin|p2a: Ray Allen
|-resisted|p2a: Ray Allen
|-damage|p2a: Ray Allen|260\/283
|-sideend|p1: Fenix-|Stealth Rock|[from] move: Rapid Spin|[of] p1a: Forretress
|
|-weather|Sandstorm|[upkeep]
|-heal|p2a: Ray Allen|277\/283|[from] item: Leftovers
|-heal|p1a: Forretress|354\/354|[from] item: Leftovers
|turn|8
|
|move|p2a: Ray Allen|Hidden Power|p1a: Forretress
|-supereffective|p1a: Forretress
|-activate|p1a: Forretress|Sturdy
|-damage|p1a: Forretress|1\/354
|move|p1a: Forretress|Spikes|p2a: Ray Allen
|-sidestart|p2: 99 Red drifloon|Spikes
|
|-weather|Sandstorm|[upkeep]
|-heal|p2a: Ray Allen|283\/283|[from] item: Leftovers
|-heal|p1a: Forretress|23\/354|[from] item: Leftovers
|turn|9
|
|move|p2a: Ray Allen|Substitute|p2a: Ray Allen
|-start|p2a: Ray Allen|Substitute
|-damage|p2a: Ray Allen|213\/283
|move|p1a: Forretress|Volt Switch|p2a: Ray Allen
|-resisted|p2a: Ray Allen
|-activate|p2a: Ray Allen|Substitute|[damage]
|
|switch|p1a: Hippowdon|Hippowdon, M|419\/419
|
|-weather|Sandstorm|[upkeep]
|-heal|p2a: Ray Allen|230\/283|[from] item: Leftovers
|turn|10
|
|move|p2a: Ray Allen|Flash Cannon|p1a: Hippowdon
|-damage|p1a: Hippowdon|281\/419
|-unboost|p1a: Hippowdon|spd|1
|move|p1a: Hippowdon|Earthquake|p2a: Ray Allen
|-supereffective|p2a: Ray Allen
|-end|p2a: Ray Allen|Substitute
|
|-weather|Sandstorm|[upkeep]
|-heal|p2a: Ray Allen|247\/283|[from] item: Leftovers
|-heal|p1a: Hippowdon|307\/419|[from] item: Leftovers
|turn|11
|
|switch|p2a: Bosh|Latios, M, shiny|265\/301
|-damage|p2a: Bosh|228\/301|[from] Stealth Rock
|switch|p1a: Zapdos|Zapdos|383\/383
|-ability|p1a: Zapdos|Pressure
|
|-weather|Sandstorm|[upkeep]
|-damage|p2a: Bosh|210\/301|[from] sandstorm
|-damage|p1a: Zapdos|360\/383|[from] sandstorm
|-heal|p1a: Zapdos|383\/383|[from] item: Leftovers
|turn|12
|
|switch|p1a: Jirachi|Jirachi|301\/370
|move|p2a: Bosh|Draco Meteor|p1a: Jirachi
|-resisted|p1a: Jirachi
|-damage|p1a: Jirachi|181\/370
|-unboost|p2a: Bosh|spa|2
|
|-weather|Sandstorm|[upkeep]
|-damage|p2a: Bosh|192\/301|[from] sandstorm
|turn|13
|
|switch|p2a: Bron Bron|Landorus-Therian, M|311\/382 slp
|-damage|p2a: Bron Bron|264\/382 slp|[from] Stealth Rock
|-ability|p2a: Bron Bron|Intimidate|[of] p1a: Jirachi
|-unboost|p1a: Jirachi|atk|1
|move|p1a: Jirachi|U-turn|p2a: Bron Bron
|-resisted|p2a: Bron Bron
|-damage|p2a: Bron Bron|238\/382 slp
|
|switch|p1a: Forretress|Forretress, F|23\/354
|
|-weather|Sandstorm|[upkeep]
|-heal|p1a: Forretress|45\/354|[from] item: Leftovers
|turn|14
|
|cant|p2a: Bron Bron|slp
|move|p1a: Forretress|Volt Switch|p2a: Bron Bron
|-immune|p2a: Bron Bron|[msg]
|
|-weather|Sandstorm|[upkeep]
|-heal|p1a: Forretress|67\/354|[from] item: Leftovers
|turn|15
|
|switch|p2a: Ray Allen|Magnezone|247\/283
|-damage|p2a: Ray Allen|230\/283|[from] Stealth Rock
|-damage|p2a: Ray Allen|195\/283|[from] Spikes
|move|p1a: Forretress|Spikes|p2a: Ray Allen
|-sidestart|p2: 99 Red drifloon|Spikes
|
|-weather|Sandstorm|[upkeep]
|-heal|p2a: Ray Allen|212\/283|[from] item: Leftovers
|-heal|p1a: Forretress|89\/354|[from] item: Leftovers
|turn|16
|
|move|p2a: Ray Allen|Hidden Power|p1a: Forretress
|-supereffective|p1a: Forretress
|-damage|p1a: Forretress|0 fnt
|faint|p1a: Forretress
|
|-weather|Sandstorm|[upkeep]
|-heal|p2a: Ray Allen|229\/283|[from] item: Leftovers
|
|switch|p1a: Hippowdon|Hippowdon, M|307\/419
|turn|17
|
|switch|p2a: Bron Bron|Landorus-Therian, M|238\/382 slp
|-damage|p2a: Bron Bron|191\/382 slp|[from] Stealth Rock
|-ability|p2a: Bron Bron|Intimidate|[of] p1a: Hippowdon
|-unboost|p1a: Hippowdon|atk|1
|move|p1a: Hippowdon|Earthquake|p2a: Bron Bron
|-immune|p2a: Bron Bron|[msg]
|
|-weather|Sandstorm|[upkeep]
|-heal|p1a: Hippowdon|333\/419|[from] item: Leftovers
|turn|18
|
|switch|p1a: Tangrowth|Tangrowth, F|404\/404 tox
|cant|p2a: Bron Bron|slp
|
|-weather|Sandstorm|[upkeep]
|-damage|p1a: Tangrowth|379\/404 tox|[from] sandstorm
|-heal|p1a: Tangrowth|404\/404 tox|[from] item: Leftovers
|-damage|p1a: Tangrowth|379\/404 tox|[from] psn
|turn|19
|
|cant|p2a: Bron Bron|slp
|move|p1a: Tangrowth|Hidden Power|p2a: Bron Bron
|-supereffective|p2a: Bron Bron
|-damage|p2a: Bron Bron|0 fnt
|faint|p2a: Bron Bron
|
|-weather|Sandstorm|[upkeep]
|-damage|p1a: Tangrowth|354\/404 tox|[from] sandstorm
|-heal|p1a: Tangrowth|379\/404 tox|[from] item: Leftovers
|-damage|p1a: Tangrowth|329\/404 tox|[from] psn
|
|switch|p2a: Pat Riely|Tyranitar, M|328\/403
|-damage|p2a: Pat Riely|261\/403|[from] Spikes
|-damage|p2a: Pat Riely|211\/403|[from] Stealth Rock
|turn|20
|
|move|p2a: Pat Riely|Stealth Rock|p1a: Tangrowth
|-sidestart|p1: Fenix-|move: Stealth Rock
|move|p1a: Tangrowth|Sleep Powder|p2a: Pat Riely
|-status|p2a: Pat Riely|slp
|
|-weather|Sandstorm|[upkeep]
|-damage|p1a: Tangrowth|304\/404 tox|[from] sandstorm
|-heal|p2a: Pat Riely|236\/403 slp|[from] item: Leftovers
|-heal|p1a: Tangrowth|329\/404 tox|[from] item: Leftovers
|-damage|p1a: Tangrowth|254\/404 tox|[from] psn
|turn|21
|
|switch|p2a: Bosh|Latios, M, shiny|192\/301
|-damage|p2a: Bosh|155\/301|[from] Stealth Rock
|move|p1a: Tangrowth|Leech Seed|p2a: Bosh|[miss]
|-miss|p1a: Tangrowth|p2a: Bosh
|
|-weather|Sandstorm|[upkeep]
|-damage|p2a: Bosh|137\/301|[from] sandstorm
|-damage|p1a: Tangrowth|229\/404 tox|[from] sandstorm
|-heal|p1a: Tangrowth|254\/404 tox|[from] item: Leftovers
|-damage|p1a: Tangrowth|154\/404 tox|[from] psn
|turn|22
|
|switch|p2a: Ray Allen|Magnezone|229\/283
|-damage|p2a: Ray Allen|182\/283|[from] Spikes
|-damage|p2a: Ray Allen|165\/283|[from] Stealth Rock
|switch|p1a: Jirachi|Jirachi|181\/370
|-damage|p1a: Jirachi|158\/370|[from] Stealth Rock
|
|-weather|Sandstorm|[upkeep]
|-heal|p2a: Ray Allen|182\/283|[from] item: Leftovers
|turn|23
|
|move|p1a: Jirachi|U-turn|p2a: Ray Allen
|-resisted|p2a: Ray Allen
|-damage|p2a: Ray Allen|149\/283
|
|switch|p1a: Hippowdon|Hippowdon, M|333\/419
|-damage|p1a: Hippowdon|307\/419|[from] Stealth Rock
|move|p2a: Ray Allen|Substitute|p2a: Ray Allen
|-start|p2a: Ray Allen|Substitute
|-damage|p2a: Ray Allen|79\/283
|
|-weather|Sandstorm|[upkeep]
|-heal|p2a: Ray Allen|96\/283|[from] item: Leftovers
|-heal|p1a: Hippowdon|333\/419|[from] item: Leftovers
|turn|24
|
|move|p2a: Ray Allen|Flash Cannon|p1a: Hippowdon
|-damage|p1a: Hippowdon|210\/419
|-unboost|p1a: Hippowdon|spd|1
|move|p1a: Hippowdon|Earthquake|p2a: Ray Allen
|-supereffective|p2a: Ray Allen
|-end|p2a: Ray Allen|Substitute
|
|-weather|Sandstorm|[upkeep]
|-heal|p2a: Ray Allen|113\/283|[from] item: Leftovers
|-heal|p1a: Hippowdon|236\/419|[from] item: Leftovers
|turn|25
|c|âFenix-|come on
|c|âFenix-|seriously
|
|move|p2a: Ray Allen|Flash Cannon|p1a: Hippowdon
|-damage|p1a: Hippowdon|55\/419
|move|p1a: Hippowdon|Slack Off|p1a: Hippowdon
|-heal|p1a: Hippowdon|265\/419
|
|-weather|Sandstorm|[upkeep]
|-heal|p2a: Ray Allen|130\/283|[from] item: Leftovers
|-heal|p1a: Hippowdon|291\/419|[from] item: Leftovers
|turn|26
|
|move|p2a: Ray Allen|Flash Cannon|p1a: Hippowdon
|-crit|p1a: Hippowdon
|-damage|p1a: Hippowdon|0 fnt
|faint|p1a: Hippowdon
|
|-weather|Sandstorm|[upkeep]
|-heal|p2a: Ray Allen|147\/283|[from] item: Leftovers
|c|âFenix-|fucking kidding me
|
|switch|p1a: Zapdos|Zapdos|383\/383
|-damage|p1a: Zapdos|288\/383|[from] Stealth Rock
|-ability|p1a: Zapdos|Pressure
|turn|27
|c|â99 Red drifloon|lets go!!!!
|
|move|p1a: Zapdos|Heat Wave|p2a: Ray Allen
|-supereffective|p2a: Ray Allen
|-damage|p2a: Ray Allen|0 fnt
|faint|p2a: Ray Allen
|
|-weather|Sandstorm|[upkeep]
|-damage|p1a: Zapdos|265\/383|[from] sandstorm
|-heal|p1a: Zapdos|288\/383|[from] item: Leftovers
|
|switch|p2a: D.Wade|Terrakion|323\/323
|-damage|p2a: D.Wade|303\/323|[from] Stealth Rock
|-damage|p2a: D.Wade|250\/323|[from] Spikes
|turn|28
|
|switch|p1a: Jellicent|Jellicent, F|403\/403
|-damage|p1a: Jellicent|353\/403|[from] Stealth Rock
|move|p2a: D.Wade|Stone Edge|p1a: Jellicent
|-damage|p1a: Jellicent|115\/403
|
|-weather|Sandstorm|[upkeep]
|-damage|p1a: Jellicent|90\/403|[from] sandstorm
|-heal|p1a: Jellicent|115\/403|[from] item: Leftovers
|turn|29
|
|move|p2a: D.Wade|Stone Edge|p1a: Jellicent
|-damage|p1a: Jellicent|0 fnt
|faint|p1a: Jellicent
|
|-weather|Sandstorm|[upkeep]
|
|switch|p1a: Jirachi|Jirachi|158\/370
|-damage|p1a: Jirachi|135\/370|[from] Stealth Rock
|turn|30
|
|switch|p2a: Miller|Scizor, F, shiny|343\/343
|-damage|p2a: Miller|286\/343|[from] Spikes
|-damage|p2a: Miller|244\/343|[from] Stealth Rock
|move|p1a: Jirachi|Iron Head|p2a: Miller
|-resisted|p2a: Miller
|-damage|p2a: Miller|183\/343
|
|-weather|Sandstorm|[upkeep]
|turn|31
|
|switch|p1a: Zapdos|Zapdos|288\/383
|-damage|p1a: Zapdos|193\/383|[from] Stealth Rock
|-ability|p1a: Zapdos|Pressure
|move|p2a: Miller|Bullet Punch|p1a: Zapdos
|-resisted|p1a: Zapdos
|-damage|p1a: Zapdos|93\/383
|
|-weather|Sandstorm|[upkeep]
|-damage|p1a: Zapdos|70\/383|[from] sandstorm
|-heal|p1a: Zapdos|93\/383|[from] item: Leftovers
|turn|32
|
|move|p2a: Miller|Bullet Punch|p1a: Zapdos
|-resisted|p1a: Zapdos
|-damage|p1a: Zapdos|0 fnt
|faint|p1a: Zapdos
|
|-weather|Sandstorm|[upkeep]
|
|switch|p1a: Tangrowth|Tangrowth, F|288\/404 tox
|-damage|p1a: Tangrowth|238\/404 tox|[from] Stealth Rock
|turn|33
|
|move|p2a: Miller|Bullet Punch|p1a: Tangrowth
|-damage|p1a: Tangrowth|127\/404 tox
|move|p1a: Tangrowth|Leech Seed|p2a: Miller
|-start|p2a: Miller|move: Leech Seed
|
|-weather|Sandstorm|[upkeep]
|-damage|p1a: Tangrowth|102\/404 tox|[from] sandstorm
|-heal|p1a: Tangrowth|127\/404 tox|[from] item: Leftovers
|-damage|p2a: Miller|141\/343|[from] Leech Seed|[of] p1a: Tangrowth
|-heal|p1a: Tangrowth|169\/404 tox|[silent]
|-damage|p1a: Tangrowth|144\/404 tox|[from] psn
|turn|34
|
|switch|p2a: Bosh|Latios, M, shiny|137\/301
|-damage|p2a: Bosh|100\/301|[from] Stealth Rock
|move|p1a: Tangrowth|Hidden Power|p2a: Bosh
|-supereffective|p2a: Bosh
|-damage|p2a: Bosh|0 fnt
|faint|p2a: Bosh
|
|-weather|Sandstorm|[upkeep]
|-damage|p1a: Tangrowth|119\/404 tox|[from] sandstorm
|-heal|p1a: Tangrowth|144\/404 tox|[from] item: Leftovers
|-damage|p1a: Tangrowth|94\/404 tox|[from] psn
|
|switch|p2a: Miller|Scizor, F, shiny|141\/343
|-damage|p2a: Miller|84\/343|[from] Spikes
|-damage|p2a: Miller|42\/343|[from] Stealth Rock
|turn|35
|c|âFenix-|fucking hax
|c|âFenix-|saved your ass
|c|â99 Red drifloon|you still would have lost
|c|â99 Red drifloon|im just better
|c|â99 Red drifloon|check the ladder
|c|âFenix-|oh come on
|c|â99 Red drifloon|gg kid
|
|move|p2a: Miller|Bullet Punch|p1a: Tangrowth
|-damage|p1a: Tangrowth|0 fnt
|faint|p1a: Tangrowth
|
|-weather|Sandstorm|[upkeep]
|
|switch|p1a: Jirachi|Jirachi|135\/370
|-damage|p1a: Jirachi|112\/370|[from] Stealth Rock
|turn|36
|c|â99 Red drifloon|being salty wont change anything
|c|âFenix-|shut the fuck up
|c|â99 Red drifloon|you know crits happen in pokemon
|c|âFenix-|excuses
|c|â99 Red drifloon|play a diffrent game if you cant handle a crit=\/
|
|move|p2a: Miller|Bullet Punch|p1a: Jirachi
|-resisted|p1a: Jirachi
|-damage|p1a: Jirachi|31\/370
|move|p1a: Jirachi|Iron Head|p2a: Miller
|-resisted|p2a: Miller
|-damage|p2a: Miller|0 fnt
|faint|p2a: Miller
|
|-weather|Sandstorm|[upkeep]
|
|switch|p2a: D.Wade|Terrakion|250\/323
|-damage|p2a: D.Wade|197\/323|[from] Spikes
|-damage|p2a: D.Wade|177\/323|[from] Stealth Rock
|turn|37
|c|â99 Red drifloon|any way ggwp
|
|move|p2a: D.Wade|Close Combat|p1a: Jirachi
|-damage|p1a: Jirachi|0 fnt
|-unboost|p2a: D.Wade|def|1
|-unboost|p2a: D.Wade|spd|1
|faint|p1a: Jirachi
|
|win|99 Red drifloon
|raw|Ladder updating...
|raw|Fenix-'s rating: 1469 &rarr; <strong>1446<\/strong><br \/>(-23 for losing)
|raw|99 Red drifloon's rating: 1411 &rarr; <strong>1434<\/strong><br \/>(+23 for winning)
|leave|Fenix-
|player|p1