|join|Kai690
|join|Fenix-
|player|p1|Kai690|102
|player|p2|Fenix-|170
|gametype|singles
|gen|6
|tier|OU
|rated
|clearpoke
|poke|p1|Gyarados, F
|poke|p1|Thundurus-Therian, M
|poke|p1|Landorus-Therian, M
|poke|p1|Scizor, M
|poke|p1|Latias, F
|poke|p1|Heatran, F
|poke|p2|Chansey, F
|poke|p2|Quagsire, F
|poke|p2|Heatran, F
|poke|p2|Clefable, F
|poke|p2|Mew
|poke|p2|Chesnaught, M
|rule|Swagger Clause: Swagger is banned
|rule|Baton Pass Clause: Limit one PokÃ©mon knowing Baton Pass
|rule|Sleep Clause Mod: Limit one foe put to sleep
|rule|Species Clause: Limit one of each PokÃ©mon
|rule|OHKO Clause: OHKO moves are banned
|rule|Moody Clause: Moody is banned
|rule|Evasion Moves Clause: Evasion moves are banned
|rule|Endless Battle Clause: Forcing endless battles is banned
|rule|HP Percentage Mod: HP is shown in percentages
|teampreview
|
|start
|switch|p1a: Landorus-Therian|Landorus-Therian, M|382\/382
|switch|p2a: Mew|Mew|364\/364
|-ability|p1a: Landorus-Therian|Intimidate|[of] p2a: Mew
|-unboost|p2a: Mew|atk|1
|turn|1
|
|move|p2a: Mew|Will-O-Wisp|p1a: Landorus-Therian
|-status|p1a: Landorus-Therian|brn
|move|p1a: Landorus-Therian|U-turn|p2a: Mew
|-supereffective|p2a: Mew
|-damage|p2a: Mew|296\/364
|
|switch|p1a: Heatran|Heatran, F|386\/386
|
|-heal|p2a: Mew|318\/364|[from] item: Leftovers
|turn|2
|
|switch|p2a: Heatran|Heatran, F|386\/386
|move|p1a: Heatran|Stealth Rock|p2a: Heatran
|-sidestart|p2: Fenix-|move: Stealth Rock
|
|turn|3
|
|switch|p1a: Landorus-Therian|Landorus-Therian, M|382\/382 brn
|-ability|p1a: Landorus-Therian|Intimidate|[of] p2a: Heatran
|-unboost|p2a: Heatran|atk|1
|move|p2a: Heatran|Stealth Rock|p1a: Landorus-Therian
|-sidestart|p1: Kai690|move: Stealth Rock
|
|-damage|p1a: Landorus-Therian|335\/382 brn|[from] brn
|turn|4
|
|move|p2a: Heatran|Protect|p2a: Heatran
|-singleturn|p2a: Heatran|Protect
|move|p1a: Landorus-Therian|Earthquake|p2a: Heatran
|-activate|p2a: Heatran|Protect
|
|-damage|p1a: Landorus-Therian|288\/382 brn|[from] brn
|turn|5
|
|switch|p2a: Cheesenaught|Chesnaught, M|380\/380
|-damage|p2a: Cheesenaught|357\/380|[from] Stealth Rock
|move|p1a: Landorus-Therian|U-turn|p2a: Cheesenaught
|-damage|p2a: Cheesenaught|333\/380
|
|switch|p1a: Latias|Latias, F|301\/301
|-damage|p1a: Latias|264\/301|[from] Stealth Rock
|
|-heal|p1a: Latias|282\/301|[from] item: Leftovers
|-heal|p2a: Cheesenaught|356\/380|[from] item: Leftovers
|turn|6
|
|switch|p2a: Clefable|Clefable, F|394\/394
|move|p1a: Latias|Defog|p2a: Clefable
|-unboost|p2a: Clefable|evasion|1
|-sideend|p2: Fenix-|Stealth Rock|[from] move: Defog|[of] p2a: Clefable
|-sideend|p1: Kai690|Stealth Rock|[from] move: Defog|[of] p1a: Latias
|
|-heal|p1a: Latias|300\/301|[from] item: Leftovers
|turn|7
|
|move|p1a: Latias|Psychic|p2a: Clefable
|-damage|p2a: Clefable|241\/394
|move|p2a: Clefable|Moonblast|p1a: Latias
|-supereffective|p1a: Latias
|-damage|p1a: Latias|40\/301
|
|-heal|p1a: Latias|58\/301|[from] item: Leftovers
|turn|8
|
|switch|p1a: Heatran|Heatran, F|386\/386
|move|p2a: Clefable|Soft-Boiled|p2a: Clefable
|-heal|p2a: Clefable|394\/394
|
|turn|9
|
|move|p1a: Heatran|Lava Plume|p2a: Clefable
|-damage|p2a: Clefable|220\/394
|-status|p2a: Clefable|brn
|move|p2a: Clefable|Focus Blast|p1a: Heatran
|-supereffective|p1a: Heatran
|-damage|p1a: Heatran|121\/386
|
|-heal|p1a: Heatran|145\/386|[from] item: Leftovers
|turn|10
|
|switch|p1a: Scizor|Scizor, M|343\/343
|move|p2a: Clefable|Soft-Boiled|p2a: Clefable
|-heal|p2a: Clefable|394\/394 brn
|
|turn|11
|
|switch|p1a: Heatran|Heatran, F|145\/386
|switch|p2a: Cheesenaught|Chesnaught, M|356\/380
|
|-heal|p1a: Heatran|169\/386|[from] item: Leftovers
|-heal|p2a: Cheesenaught|379\/380|[from] item: Leftovers
|turn|12
|
|move|p1a: Heatran|Lava Plume|p2a: Cheesenaught
|-supereffective|p2a: Cheesenaught
|-damage|p2a: Cheesenaught|0 fnt
|faint|p2a: Cheesenaught
|
|-heal|p1a: Heatran|193\/386|[from] item: Leftovers
|
|switch|p2a: Reality|Quagsire, F|393\/393
|turn|13
|
|move|p1a: Heatran|Lava Plume|p2a: Reality
|-resisted|p2a: Reality
|-damage|p2a: Reality|285\/393
|-status|p2a: Reality|brn
|move|p2a: Reality|Scald|p1a: Heatran
|-supereffective|p1a: Heatran
|-damage|p1a: Heatran|67\/386
|
|-heal|p1a: Heatran|91\/386|[from] item: Leftovers
|-heal|p2a: Reality|309\/393 brn|[from] item: Leftovers
|-damage|p2a: Reality|260\/393 brn|[from] brn
|turn|14
|
|move|p1a: Heatran|Lava Plume|p2a: Reality
|-resisted|p2a: Reality
|-damage|p2a: Reality|151\/393 brn
|move|p2a: Reality|Recover|p2a: Reality
|-heal|p2a: Reality|348\/393 brn
|
|-heal|p1a: Heatran|115\/386|[from] item: Leftovers
|-heal|p2a: Reality|372\/393 brn|[from] item: Leftovers
|-damage|p2a: Reality|323\/393 brn|[from] brn
|turn|15
|
|move|p1a: Heatran|Lava Plume|p2a: Reality
|-resisted|p2a: Reality
|-damage|p2a: Reality|209\/393 brn
|move|p2a: Reality|Scald|p1a: Heatran
|-supereffective|p1a: Heatran
|-damage|p1a: Heatran|0 fnt
|faint|p1a: Heatran
|
|-heal|p2a: Reality|233\/393 brn|[from] item: Leftovers
|-damage|p2a: Reality|184\/393 brn|[from] brn
|
|switch|p1a: Gyarados|Gyarados, F|347\/347
|-ability|p1a: Gyarados|Intimidate|[of] p2a: Reality
|-unboost|p2a: Reality|atk|1
|turn|16
|
|move|p1a: Gyarados|Substitute|p1a: Gyarados
|-start|p1a: Gyarados|Substitute
|-damage|p1a: Gyarados|261\/347
|move|p2a: Reality|Toxic|p1a: Gyarados
|
|-heal|p1a: Gyarados|282\/347|[from] item: Leftovers
|-heal|p2a: Reality|208\/393 brn|[from] item: Leftovers
|-damage|p2a: Reality|159\/393 brn|[from] brn
|turn|17
|
|switch|p2a: Synchro|Chansey, F|641\/641
|move|p1a: Gyarados|Dragon Dance|p1a: Gyarados
|-boost|p1a: Gyarados|atk|1
|-boost|p1a: Gyarados|spe|1
|
|-heal|p1a: Gyarados|303\/347|[from] item: Leftovers
|turn|18
|
|move|p1a: Gyarados|Dragon Dance|p1a: Gyarados
|-boost|p1a: Gyarados|atk|1
|-boost|p1a: Gyarados|spe|1
|move|p2a: Synchro|Wish|p2a: Synchro
|
|-heal|p1a: Gyarados|324\/347|[from] item: Leftovers
|turn|19
|
|switch|p2a: Reality|Quagsire, F|159\/393 brn
|move|p1a: Gyarados|Dragon Dance|p1a: Gyarados
|-boost|p1a: Gyarados|atk|1
|-boost|p1a: Gyarados|spe|1
|
|-heal|p2a: Reality|393\/393 brn|[from] move: Wish|[wisher] Synchro
|-heal|p1a: Gyarados|345\/347|[from] item: Leftovers
|-damage|p2a: Reality|344\/393 brn|[from] brn
|turn|20
|
|switch|p2a: Synchro|Chansey, F|641\/641
|move|p1a: Gyarados|Dragon Dance|p1a: Gyarados
|-boost|p1a: Gyarados|atk|1
|-boost|p1a: Gyarados|spe|1
|
|-heal|p1a: Gyarados|347\/347|[from] item: Leftovers
|turn|21
|
|move|p1a: Gyarados|Waterfall|p2a: Synchro
|-damage|p2a: Synchro|29\/641
|move|p2a: Synchro|Heal Bell|p2a: Synchro
|-cureteam|p2a: Synchro|[from] move: HealBell
|
|turn|22
|
|switch|p2a: Reality|Quagsire, F|344\/393
|move|p1a: Gyarados|Waterfall|p2a: Reality
|-damage|p2a: Reality|223\/393
|
|-heal|p2a: Reality|247\/393|[from] item: Leftovers
|turn|23
|
|move|p1a: Gyarados|Bounce|p2a: Reality|[still]
|-prepare|p1a: Gyarados|Bounce|p2a: Reality
|move|p2a: Reality|Recover|p2a: Reality
|-heal|p2a: Reality|393\/393
|
|turn|24
|
|move|p1a: Gyarados|Bounce|p2a: Reality
|-damage|p2a: Reality|276\/393
|move|p2a: Reality|Scald|p1a: Gyarados
|-resisted|p1a: Gyarados
|-activate|p1a: Gyarados|Substitute|[damage]
|
|-heal|p2a: Reality|300\/393|[from] item: Leftovers
|turn|25
|
|move|p1a: Gyarados|Bounce|p2a: Reality|[still]
|-prepare|p1a: Gyarados|Bounce|p2a: Reality
|move|p2a: Reality|Scald|p1a: Gyarados|[miss]
|-miss|p2a: Reality|p1a: Gyarados
|
|-heal|p2a: Reality|324\/393|[from] item: Leftovers
|turn|26
|
|move|p1a: Gyarados|Bounce|p2a: Reality
|-damage|p2a: Reality|203\/393
|move|p2a: Reality|Recover|p2a: Reality
|-heal|p2a: Reality|393\/393
|
|turn|27
|
|switch|p2a: Heatran|Heatran, F|386\/386
|move|p1a: Gyarados|Waterfall|p2a: Heatran
|-supereffective|p2a: Heatran
|-damage|p2a: Heatran|0 fnt
|faint|p2a: Heatran
|
|
|switch|p2a: Reality|Quagsire, F|393\/393
|turn|28
|
|move|p1a: Gyarados|Waterfall|p2a: Reality
|-damage|p2a: Reality|284\/393
|move|p2a: Reality|Scald|p1a: Gyarados
|-resisted|p1a: Gyarados
|-activate|p1a: Gyarados|Substitute|[damage]
|
|-heal|p2a: Reality|308\/393|[from] item: Leftovers
|turn|29
|
|move|p1a: Gyarados|Bounce|p2a: Reality|[still]
|-prepare|p1a: Gyarados|Bounce|p2a: Reality
|move|p2a: Reality|Scald|p1a: Gyarados|[miss]
|-miss|p2a: Reality|p1a: Gyarados
|
|-heal|p2a: Reality|332\/393|[from] item: Leftovers
|turn|30
|
|move|p1a: Gyarados|Bounce|p2a: Reality
|-damage|p2a: Reality|214\/393
|move|p2a: Reality|Toxic|p1a: Gyarados
|
|-heal|p2a: Reality|238\/393|[from] item: Leftovers
|turn|31
|
|move|p1a: Gyarados|Bounce|p2a: Reality|[still]
|-prepare|p1a: Gyarados|Bounce|p2a: Reality
|move|p2a: Reality|Recover|p2a: Reality
|-heal|p2a: Reality|393\/393
|
|turn|32
|
|move|p1a: Gyarados|Bounce|p2a: Reality
|-damage|p2a: Reality|269\/393
|move|p2a: Reality|Earthquake|p1a: Gyarados
|-immune|p1a: Gyarados|[msg]
|
|-heal|p2a: Reality|293\/393|[from] item: Leftovers
|turn|33
|
|move|p1a: Gyarados|Waterfall|p2a: Reality
|-damage|p2a: Reality|167\/393
|move|p2a: Reality|Scald|p1a: Gyarados
|-resisted|p1a: Gyarados
|-end|p1a: Gyarados|Substitute
|
|-heal|p2a: Reality|191\/393|[from] item: Leftovers
|turn|34
|
|move|p1a: Gyarados|Waterfall|p2a: Reality
|-damage|p2a: Reality|83\/393
|move|p2a: Reality|Recover|p2a: Reality
|-heal|p2a: Reality|280\/393
|
|-heal|p2a: Reality|304\/393|[from] item: Leftovers
|turn|35
|
|move|p1a: Gyarados|Substitute|p1a: Gyarados
|-start|p1a: Gyarados|Substitute
|-damage|p1a: Gyarados|261\/347
|move|p2a: Reality|Scald|p1a: Gyarados
|-resisted|p1a: Gyarados
|-activate|p1a: Gyarados|Substitute|[damage]
|
|-heal|p1a: Gyarados|282\/347|[from] item: Leftovers
|-heal|p2a: Reality|328\/393|[from] item: Leftovers
|turn|36
|
|move|p1a: Gyarados|Waterfall|p2a: Reality
|-damage|p2a: Reality|205\/393
|cant|p2a: Reality|flinch
|
|-heal|p1a: Gyarados|303\/347|[from] item: Leftovers
|-heal|p2a: Reality|229\/393|[from] item: Leftovers
|turn|37
|
|move|p1a: Gyarados|Waterfall|p2a: Reality
|-crit|p2a: Reality
|-damage|p2a: Reality|42\/393
|cant|p2a: Reality|flinch
|
|-heal|p1a: Gyarados|324\/347|[from] item: Leftovers
|-heal|p2a: Reality|66\/393|[from] item: Leftovers
|turn|38
|leave|Fenix-
|player|p2
|-message|fenix lost due to inactivity.
|
|win|Kai690
|raw|Ladder updating...
|raw|Kai690's rating: 1737 &rarr; <strong>1752<\/strong><br \/>(+15 for winning)
|raw|Fenix-'s rating: 1661 &rarr; <strong>1645<\/strong><br \/>(-16 for losing)