|join|lil manaphy
|join|Fenix-
|player|p1|lil manaphy|37
|player|p2|Fenix-|101
|gametype|singles
|gen|6
|tier|OU
|rated
|clearpoke
|poke|p1|Gardevoir, F, shiny
|poke|p1|Mandibuzz, F
|poke|p1|Amoonguss, M
|poke|p1|Chansey, F
|poke|p1|Keldeo
|poke|p1|Landorus-Therian, M
|poke|p2|Azumarill, M
|poke|p2|Garchomp, M
|poke|p2|Aegislash, M
|poke|p2|Scizor, M
|poke|p2|Kyurem-Black
|poke|p2|Talonflame, M
|rule|Swagger Clause: Swagger is banned
|rule|Baton Pass Clause: Limit one PokÃ©mon knowing Baton Pass
|rule|Sleep Clause Mod: Limit one foe put to sleep
|rule|Species Clause: Limit one of each PokÃ©mon
|rule|OHKO Clause: OHKO moves are banned
|rule|Moody Clause: Moody is banned
|rule|Evasion Moves Clause: Evasion moves are banned
|rule|Endless Battle Clause: Forcing endless battles is banned
|rule|HP Percentage Mod: HP is reported as percentages
|teampreview
|
|start
|switch|p1a: Landorus-Therian|Landorus-Therian, M|382\/382
|switch|p2a: Kyurem-Black|Kyurem-Black|405\/405
|-ability|p2a: Kyurem-Black|Teravolt
|-ability|p1a: Landorus-Therian|Intimidate|[of] p2a: Kyurem-Black
|-unboost|p2a: Kyurem-Black|atk|1
|turn|1
|
|switch|p1a: Chansey|Chansey, F|704\/704
|move|p2a: Kyurem-Black|Ice Beam|p1a: Chansey
|-damage|p1a: Chansey|598\/704
|
|turn|2
|
|switch|p2a: Garchomp|Garchomp, M|357\/357
|move|p1a: Chansey|Wish|p1a: Chansey
|
|turn|3
|
|switch|p1a: Landorus-Therian|Landorus-Therian, M|382\/382
|-ability|p1a: Landorus-Therian|Intimidate|[of] p2a: Garchomp
|-unboost|p2a: Garchomp|atk|1
|move|p2a: Garchomp|Stealth Rock|p1a: Landorus-Therian
|-sidestart|p1: lil manaphy|move: Stealth Rock
|
|turn|4
|
|move|p2a: Garchomp|Dragon Claw|p1a: Landorus-Therian
|-damage|p1a: Landorus-Therian|287\/382
|-damage|p2a: Garchomp|322\/357|[from] item: Life Orb
|move|p1a: Landorus-Therian|Stealth Rock|p2a: Garchomp
|-sidestart|p2: Fenix-|move: Stealth Rock
|
|-heal|p1a: Landorus-Therian|310\/382|[from] item: Leftovers
|turn|5
|
|move|p2a: Garchomp|Swords Dance|p2a: Garchomp
|-boost|p2a: Garchomp|atk|2
|move|p1a: Landorus-Therian|Earthquake|p2a: Garchomp
|-damage|p2a: Garchomp|141\/357
|
|-heal|p1a: Landorus-Therian|333\/382|[from] item: Leftovers
|turn|6
|
|move|p2a: Garchomp|Dragon Claw|p1a: Landorus-Therian
|-crit|p1a: Landorus-Therian
|-damage|p1a: Landorus-Therian|25\/382
|-damage|p2a: Garchomp|106\/357|[from] item: Life Orb
|move|p1a: Landorus-Therian|Earthquake|p2a: Garchomp
|-damage|p2a: Garchomp|0 fnt
|faint|p2a: Garchomp
|
|-heal|p1a: Landorus-Therian|48\/382|[from] item: Leftovers
|
|switch|p2a: Scizor|Scizor, M|343\/343
|-damage|p2a: Scizor|301\/343|[from] Stealth Rock
|turn|7
|join|Chillarmy
|
|detailschange|p2a: Scizor|Scizor-Mega, M
|message|Scizor has Mega Evolved into Mega Scizor!
|move|p1a: Landorus-Therian|U-turn|p2a: Scizor
|-resisted|p2a: Scizor
|-damage|p2a: Scizor|273\/343
|
|switch|p1a: Laveau|Mandibuzz, F|424\/424
|-damage|p1a: Laveau|318\/424|[from] Stealth Rock
|move|p2a: Scizor|Swords Dance|p2a: Scizor
|-boost|p2a: Scizor|atk|2
|
|-heal|p1a: Laveau|344\/424|[from] item: Leftovers
|turn|8
|
|move|p2a: Scizor|Bullet Punch|p1a: Laveau
|-damage|p1a: Laveau|160\/424
|move|p1a: Laveau|Foul Play|p2a: Scizor
|-damage|p2a: Scizor|0 fnt
|faint|p2a: Scizor
|
|-heal|p1a: Laveau|186\/424|[from] item: Leftovers
|
|switch|p2a: Azumarill|Azumarill, M|403\/403
|-damage|p2a: Azumarill|353\/403|[from] Stealth Rock
|turn|9
|
|switch|p1a: Zoe|Amoonguss, M|432\/432
|-damage|p1a: Zoe|378\/432|[from] Stealth Rock
|move|p2a: Azumarill|Play Rough|p1a: Zoe
|-crit|p1a: Zoe
|-resisted|p1a: Zoe
|-damage|p1a: Zoe|236\/432
|
|-heal|p1a: Zoe|263\/432|[from] item: Black Sludge
|turn|10
|
|move|p2a: Azumarill|Knock Off|p1a: Zoe
|-damage|p1a: Zoe|146\/432
|-enditem|p1a: Zoe|Black Sludge|[from] move: Knock Off|[of] p2a: Azumarill
|move|p1a: Zoe|Spore|p2a: Azumarill
|-status|p2a: Azumarill|slp
|
|turn|11
|
|switch|p2a: Aegislash|Aegislash, M|324\/324
|-damage|p2a: Aegislash|304\/324|[from] Stealth Rock
|move|p1a: Zoe|Giga Drain|p2a: Aegislash
|-resisted|p2a: Aegislash
|-damage|p2a: Aegislash|275\/324
|-heal|p1a: Zoe|161\/432|[from] drain|[of] p2a: Aegislash
|
|turn|12
|
|switch|p1a: Landorus-Therian|Landorus-Therian, M|48\/382
|-damage|p1a: Landorus-Therian|1\/382|[from] Stealth Rock
|-ability|p1a: Landorus-Therian|Intimidate|[of] p2a: Aegislash
|-unboost|p2a: Aegislash|atk|1
|-formechange|p2a: Aegislash|Aegislash-Blade
|move|p2a: Aegislash|Shadow Ball|p1a: Landorus-Therian
|-damage|p1a: Landorus-Therian|0 fnt
|faint|p1a: Landorus-Therian
|
|
|switch|p1a: Laveau|Mandibuzz, F|186\/424
|-damage|p1a: Laveau|80\/424|[from] Stealth Rock
|turn|13
|
|switch|p2a: Kyurem-Black|Kyurem-Black|405\/405
|-damage|p2a: Kyurem-Black|304\/405|[from] Stealth Rock
|-ability|p2a: Kyurem-Black|Teravolt
|move|p1a: Laveau|Roost|p1a: Laveau
|-heal|p1a: Laveau|292\/424
|
|-heal|p2a: Kyurem-Black|329\/405|[from] item: Leftovers
|-heal|p1a: Laveau|318\/424|[from] item: Leftovers
|turn|14
|
|switch|p1a: Chansey|Chansey, F|598\/704
|-damage|p1a: Chansey|510\/704|[from] Stealth Rock
|move|p2a: Kyurem-Black|Ice Beam|p1a: Chansey
|-damage|p1a: Chansey|410\/704
|
|-heal|p2a: Kyurem-Black|354\/405|[from] item: Leftovers
|turn|15
|
|move|p2a: Kyurem-Black|Substitute|p2a: Kyurem-Black
|-start|p2a: Kyurem-Black|Substitute
|-damage|p2a: Kyurem-Black|253\/405
|move|p1a: Chansey|Soft-Boiled|p1a: Chansey
|-heal|p1a: Chansey|704\/704
|
|-heal|p2a: Kyurem-Black|278\/405|[from] item: Leftovers
|turn|16
|
|move|p2a: Kyurem-Black|Earth Power|p1a: Chansey
|-damage|p1a: Chansey|630\/704
|move|p1a: Chansey|Seismic Toss|p2a: Kyurem-Black
|-activate|p2a: Kyurem-Black|Substitute|[damage]
|
|-heal|p2a: Kyurem-Black|303\/405|[from] item: Leftovers
|turn|17
|
|move|p2a: Kyurem-Black|Earth Power|p1a: Chansey
|-damage|p1a: Chansey|559\/704
|move|p1a: Chansey|Seismic Toss|p2a: Kyurem-Black
|-end|p2a: Kyurem-Black|Substitute
|
|-heal|p2a: Kyurem-Black|328\/405|[from] item: Leftovers
|turn|18
|
|switch|p1a: Misty day|Gardevoir, F, shiny|277\/277
|-damage|p1a: Misty day|243\/277|[from] Stealth Rock
|-ability|p1a: Misty day|Teravolt|[from] ability: Trace|[of] p2a: Kyurem-Black
|-ability|p1a: Misty day|Teravolt
|move|p2a: Kyurem-Black|Substitute|p2a: Kyurem-Black
|-start|p2a: Kyurem-Black|Substitute
|-damage|p2a: Kyurem-Black|227\/405
|
|-heal|p2a: Kyurem-Black|252\/405|[from] item: Leftovers
|turn|19
|
|switch|p2a: Aegislash|Aegislash, M|275\/324
|-damage|p2a: Aegislash|255\/324|[from] Stealth Rock
|detailschange|p1a: Misty day|Gardevoir-Mega, F, shiny
|message|Gardevoir has Mega Evolved into Mega Gardevoir!
|move|p1a: Misty day|Hyper Voice|p2a: Aegislash
|-resisted|p2a: Aegislash
|-damage|p2a: Aegislash|162\/324
|
|turn|20
|
|switch|p1a: Laveau|Mandibuzz, F|318\/424
|-damage|p1a: Laveau|212\/424|[from] Stealth Rock
|-formechange|p2a: Aegislash|Aegislash-Blade
|move|p2a: Aegislash|Sacred Sword|p1a: Laveau
|-damage|p1a: Laveau|142\/424
|
|-heal|p1a: Laveau|168\/424|[from] item: Leftovers
|turn|21
|
|switch|p2a: Kyurem-Black|Kyurem-Black|252\/405
|-damage|p2a: Kyurem-Black|151\/405|[from] Stealth Rock
|-ability|p2a: Kyurem-Black|Teravolt
|move|p1a: Laveau|Foul Play|p2a: Kyurem-Black
|-damage|p2a: Kyurem-Black|0 fnt
|faint|p2a: Kyurem-Black
|
|-heal|p1a: Laveau|194\/424|[from] item: Leftovers
|
|switch|p2a: Azumarill|Azumarill, M|353\/403 slp
|-damage|p2a: Azumarill|303\/403 slp|[from] Stealth Rock
|turn|22
|
|move|p1a: Laveau|Roost|p1a: Laveau
|-heal|p1a: Laveau|406\/424
|cant|p2a: Azumarill|slp
|
|-heal|p1a: Laveau|424\/424|[from] item: Leftovers
|turn|23
|
|switch|p1a: Zoe|Amoonguss, M|305\/432
|-damage|p1a: Zoe|251\/432|[from] Stealth Rock
|cant|p2a: Azumarill|slp
|
|turn|24
|
|switch|p2a: Talonflame|Talonflame, M|309\/309
|-damage|p2a: Talonflame|155\/309|[from] Stealth Rock
|move|p1a: Zoe|Giga Drain|p2a: Talonflame
|-resisted|p2a: Talonflame
|-damage|p2a: Talonflame|129\/309
|-heal|p1a: Zoe|264\/432|[from] drain|[of] p2a: Talonflame
|-enditem|p2a: Talonflame|Sitrus Berry|[eat]
|-heal|p2a: Talonflame|206\/309|[from] item: Sitrus Berry
|
|turn|25
|join|gray ranger
|leave|gray ranger
|
|switch|p1a: Laveau|Mandibuzz, F|424\/424
|-damage|p1a: Laveau|318\/424|[from] Stealth Rock
|move|p2a: Talonflame|Swords Dance|p2a: Talonflame
|-boost|p2a: Talonflame|atk|2
|
|-heal|p1a: Laveau|344\/424|[from] item: Leftovers
|turn|26
|
|move|p2a: Talonflame|Brave Bird|p1a: Laveau
|-damage|p1a: Laveau|118\/424
|-damage|p2a: Talonflame|131\/309|[from] recoil|[of] p1a: Laveau
|move|p1a: Laveau|Foul Play|p2a: Talonflame
|-damage|p2a: Talonflame|0 fnt
|faint|p2a: Talonflame
|
|-heal|p1a: Laveau|144\/424|[from] item: Leftovers
|leave|Fenix-
|player|p2
|-message|fenix lost due to inactivity.
|
|win|lil manaphy
|raw|Ladder updating...
|raw|lil manaphy's rating: 1927 &rarr; <strong>1941<\/strong><br \/>(+14 for winning)
|raw|Fenix-'s rating: 1834 &rarr; <strong>1819<\/strong><br \/>(-15 for losing)