|join|Fenix-
|join|rampant negrow
|player|p1|Fenix-|1
|player|p2|rampant negrow|291
|gametype|singles
|gen|6
|tier|OU
|rated
|clearpoke
|poke|p1|Azumarill, M
|poke|p1|Garchomp, M
|poke|p1|Aegislash, M
|poke|p1|Scizor, M
|poke|p1|Kyurem-Black
|poke|p1|Talonflame, M
|poke|p2|Aegislash, F
|poke|p2|Keldeo
|poke|p2|Deoxys-Defense
|poke|p2|Thundurus, M
|poke|p2|Latios, M
|poke|p2|Mawile, F
|rule|Baton Pass Clause: Limit 3 pokemon knowing Baton Pass
|rule|Sleep Clause Mod: Limit one foe put to sleep
|rule|Species Clause: Limit one of each Pokemon
|rule|OHKO Clause: OHKO moves are banned
|rule|Moody Clause: Moody is banned
|rule|Evasion Moves Clause: Evasion moves are banned
|rule|Endless Battle Clause: Forcing endless battles is banned
|rule|HP Percentage Mod: HP is reported as percentages
|teampreview
|
|start
|switch|p1a: Aegislash|Aegislash, M|324\/324
|switch|p2a: Theodore|Thundurus, M|298\/298
|turn|1
|
|move|p2a: Theodore|Knock Off|p1a: Aegislash
|-supereffective|p1a: Aegislash
|-damage|p1a: Aegislash|145\/324
|-enditem|p1a: Aegislash|Spooky Plate|[from] move: Knock Off|[of] p2a: Theodore
|-damage|p2a: Theodore|269\/298|[from] item: Life Orb
|-formechange|p1a: Aegislash|Aegislash-Blade
|move|p1a: Aegislash|Shadow Ball|p2a: Theodore
|-damage|p2a: Theodore|28\/298
|
|turn|2
|
|move|p1a: Aegislash|Shadow Sneak|p2a: Theodore
|-damage|p2a: Theodore|0 fnt
|faint|p2a: Theodore
|
|
|switch|p2a: hey|Keldeo|324\/324
|turn|3
|
|-formechange|p1a: Aegislash|Aegislash
|move|p1a: Aegislash|King's Shield|p1a: Aegislash
|-singleturn|p1a: Aegislash|Protect
|move|p2a: hey|Scald|p1a: Aegislash
|-activate|p1a: Aegislash|Protect
|
|turn|4
|
|switch|p1a: Kyurem-Black|Kyurem-Black|405\/405
|-ability|p1a: Kyurem-Black|Teravolt
|move|p2a: hey|Scald|p1a: Kyurem-Black
|-resisted|p1a: Kyurem-Black
|-damage|p1a: Kyurem-Black|276\/405
|
|-heal|p1a: Kyurem-Black|301\/405|[from] item: Leftovers
|turn|5
|
|move|p2a: hey|Scald|p1a: Kyurem-Black
|-resisted|p1a: Kyurem-Black
|-damage|p1a: Kyurem-Black|167\/405
|move|p1a: Kyurem-Black|Substitute|p1a: Kyurem-Black
|-start|p1a: Kyurem-Black|Substitute
|-damage|p1a: Kyurem-Black|66\/405
|
|-heal|p1a: Kyurem-Black|91\/405|[from] item: Leftovers
|turn|6
|
|move|p2a: hey|Scald|p1a: Kyurem-Black
|-resisted|p1a: Kyurem-Black
|-end|p1a: Kyurem-Black|Substitute
|move|p1a: Kyurem-Black|Fusion Bolt|p2a: hey
|-supereffective|p2a: hey
|-damage|p2a: hey|52\/324
|
|-heal|p1a: Kyurem-Black|116\/405|[from] item: Leftovers
|turn|7
|
|move|p2a: hey|Scald|p1a: Kyurem-Black
|-resisted|p1a: Kyurem-Black
|-damage|p1a: Kyurem-Black|0 fnt
|faint|p1a: Kyurem-Black
|
|
|switch|p1a: Aegislash|Aegislash, M|145\/324
|turn|8
|
|-formechange|p1a: Aegislash|Aegislash-Blade
|move|p1a: Aegislash|Shadow Sneak|p2a: hey
|-damage|p2a: hey|0 fnt
|faint|p2a: hey
|
|
|switch|p2a: hey|Mawile, F|271\/271
|-ability|p2a: hey|Intimidate|[of] p1a: Aegislash
|-unboost|p1a: Aegislash|atk|1
|turn|9
|
|detailschange|p2a: hey|Mawile-Mega, F
|message|Mawile has Mega Evolved into Mega Mawile!
|move|p2a: hey|Sucker Punch|p1a: Aegislash
|-supereffective|p1a: Aegislash
|-damage|p1a: Aegislash|0 fnt
|faint|p1a: Aegislash
|
|
|switch|p1a: Garchomp|Garchomp, M|357\/357
|turn|10
|
|switch|p2a: everyone|Aegislash, F|261\/261
|-item|p2a: everyone|Air Balloon
|move|p1a: Garchomp|Earthquake|p2a: everyone
|-immune|p2a: everyone|[msg]
|
|turn|11
|
|move|p1a: Garchomp|Dragon Claw|p2a: everyone
|-resisted|p2a: everyone
|-damage|p2a: everyone|199\/261
|-enditem|p2a: everyone|Air Balloon
|-damage|p1a: Garchomp|322\/357|[from] item: Life Orb
|-formechange|p2a: everyone|Aegislash-Blade
|move|p2a: everyone|Shadow Ball|p1a: Garchomp
|-damage|p1a: Garchomp|88\/357
|
|turn|12
|
|switch|p2a: Negroxys-Nigga|Deoxys-Defense|303\/303
|-ability|p2a: Negroxys-Nigga|Pressure
|move|p1a: Garchomp|Stealth Rock|p2a: Negroxys-Nigga
|-sidestart|p2: rampant negrow|move: Stealth Rock
|
|turn|13
|
|switch|p1a: Scizor|Scizor, M|343\/343
|move|p2a: Negroxys-Nigga|Stealth Rock|p1a: Scizor
|-sidestart|p1: Fenix-|move: Stealth Rock
|
|turn|14
|
|detailschange|p1a: Scizor|Scizor-Mega, M
|message|Scizor has Mega Evolved into Mega Scizor!
|move|p2a: Negroxys-Nigga|Taunt|p1a: Scizor
|-start|p1a: Scizor|move: Taunt
|cant|p1a: Scizor|move: Taunt|Defog
|
|turn|15
|
|move|p1a: Scizor|Bullet Punch|p2a: Negroxys-Nigga
|-damage|p2a: Negroxys-Nigga|218\/303
|move|p2a: Negroxys-Nigga|Thunder Wave|p1a: Scizor
|-status|p1a: Scizor|par
|
|turn|16
|
|move|p1a: Scizor|Bullet Punch|p2a: Negroxys-Nigga
|-damage|p2a: Negroxys-Nigga|124\/303
|move|p2a: Negroxys-Nigga|Spikes|p1a: Scizor
|-sidestart|p1: Fenix-|Spikes
|
|-end|p1a: Scizor|move: Taunt
|turn|17
|
|move|p1a: Scizor|Bullet Punch|p2a: Negroxys-Nigga
|-damage|p2a: Negroxys-Nigga|40\/303
|move|p2a: Negroxys-Nigga|Taunt|p1a: Scizor
|-start|p1a: Scizor|move: Taunt
|
|turn|18
|
|move|p1a: Scizor|Bullet Punch|p2a: Negroxys-Nigga
|-damage|p2a: Negroxys-Nigga|0 fnt
|faint|p2a: Negroxys-Nigga
|
|
|switch|p2a: hey|Mawile-Mega, F|271\/271
|-damage|p2a: hey|255\/271|[from] Stealth Rock
|turn|19
|
|cant|p1a: Scizor|par
|move|p2a: hey|Fire Fang|p1a: Scizor
|-supereffective|p1a: Scizor
|-damage|p1a: Scizor|0 fnt
|faint|p1a: Scizor
|
|
|switch|p1a: Garchomp|Garchomp, M|88\/357
|-damage|p1a: Garchomp|66\/357|[from] Stealth Rock
|-damage|p1a: Garchomp|22\/357|[from] Spikes
|turn|20
|
|move|p2a: hey|Sucker Punch|p1a: Garchomp
|-damage|p1a: Garchomp|0 fnt
|-damage|p2a: hey|222\/271|[from] ability: Rough Skin|[of] p1a: Garchomp
|faint|p1a: Garchomp
|
|
|switch|p1a: Talonflame|Talonflame, M|309\/309
|-damage|p1a: Talonflame|155\/309|[from] Stealth Rock
|turn|21
|
|move|p2a: hey|Sucker Punch|p1a: Talonflame
|-fail|p1a: Talonflame
|move|p1a: Talonflame|Swords Dance|p1a: Talonflame
|-boost|p1a: Talonflame|atk|2
|
|turn|22
|
|move|p1a: Talonflame|Swords Dance|p1a: Talonflame
|-boost|p1a: Talonflame|atk|2
|move|p2a: hey|Play Rough|p1a: Talonflame
|-resisted|p1a: Talonflame
|-damage|p1a: Talonflame|0 fnt
|faint|p1a: Talonflame
|
|leave|Fenix-
|player|p1
|-message|fenix lost due to inactivity.
|
|win|rampant negrow
|raw|Ladder updating...
|raw|Fenix-'s rating: 1902 &rarr; <strong>1873<\/strong><br \/>(-29 for losing)
|raw|rampant negrow's rating: 1746 &rarr; <strong>1775<\/strong><br \/>(+29 for winning)