|join|Fenix-
|join|Boxy Brown
|player|p1|Fenix-|161
|player|p2|Boxy Brown|161
|gametype|singles
|gen|6
|tier|OU
|rated
|clearpoke
|poke|p1|Mandibuzz, F
|poke|p1|Sylveon, M
|poke|p1|Dragonite, F
|poke|p1|Gyarados, F
|poke|p1|Scizor, F
|poke|p1|Sableye, M
|poke|p2|Lopunny, F
|poke|p2|Latios, M
|poke|p2|Bisharp, M
|poke|p2|Garchomp, F
|poke|p2|Tornadus-Therian, M
|poke|p2|Magnezone
|rule|Swagger Clause: Swagger is banned
|rule|Baton Pass Clause: Limit one PokÃ©mon knowing Baton Pass
|rule|Sleep Clause Mod: Limit one foe put to sleep
|rule|Species Clause: Limit one of each PokÃ©mon
|rule|OHKO Clause: OHKO moves are banned
|rule|Moody Clause: Moody is banned
|rule|Evasion Moves Clause: Evasion moves are banned
|rule|Endless Battle Clause: Forcing endless battles is banned
|rule|HP Percentage Mod: HP is shown in percentages
|teampreview
|join|Denis Alves
|c|âBoxy Brown|Hey Denis
|
|start
|switch|p1a: Dragonite|Dragonite, F|323\/323
|switch|p2a: RockySkin Balboa|Garchomp, F|377\/377
|turn|1
|c| Denis Alves|hi
|
|move|p2a: RockySkin Balboa|Stealth Rock|p1a: Dragonite
|-sidestart|p1: Fenix-|move: Stealth Rock
|move|p1a: Dragonite|Dragon Dance|p1a: Dragonite
|-boost|p1a: Dragonite|atk|1
|-boost|p1a: Dragonite|spe|1
|
|turn|2
|c|âBoxy Brown|What's up?
|
|move|p1a: Dragonite|Dragon Claw|p2a: RockySkin Balboa
|-supereffective|p2a: RockySkin Balboa
|-damage|p2a: RockySkin Balboa|0 fnt
|-damage|p1a: Dragonite|283\/323|[from] ability: Rough Skin|[of] p2a: RockySkin Balboa
|-damage|p1a: Dragonite|230\/323|[from] item: Rocky Helmet|[of] p2a: RockySkin Balboa
|faint|p2a: RockySkin Balboa
|
|c|âFenix-|hi
|
|switch|p2a: That Ain't Falco|Tornadus-Therian, M|307\/307
|turn|3
|c|âFenix-|gl
|c| Denis Alves|nothing
|c|âBoxy Brown|u2
|
|move|p1a: Dragonite|Dragon Claw|p2a: That Ain't Falco
|-damage|p2a: That Ain't Falco|28\/307
|move|p2a: That Ain't Falco|Knock Off|p1a: Dragonite
|-damage|p1a: Dragonite|130\/323
|-enditem|p1a: Dragonite|Weakness Policy|[from] move: Knock Off|[of] p2a: That Ain't Falco
|
|turn|4
|c| Denis Alves|i would like to see
|
|move|p1a: Dragonite|Extreme Speed|p2a: That Ain't Falco
|-damage|p2a: That Ain't Falco|0 fnt
|faint|p2a: That Ain't Falco
|
|
|switch|p2a: The Bae|Lopunny, F|271\/271
|turn|5
|
|detailschange|p2a: The Bae|Lopunny-Mega, F
|-mega|p2a: The Bae|Lopunny|Lopunnite
|move|p2a: The Bae|Fake Out|p1a: Dragonite
|-damage|p1a: Dragonite|48\/323
|cant|p1a: Dragonite|flinch
|
|turn|6
|
|move|p1a: Dragonite|Extreme Speed|p2a: The Bae
|-damage|p2a: The Bae|88\/271
|move|p2a: The Bae|Ice Punch|p1a: Dragonite
|-supereffective|p1a: Dragonite
|-damage|p1a: Dragonite|0 fnt
|faint|p1a: Dragonite
|
|
|switch|p1a: Mandibuzz|Mandibuzz, F|423\/423
|-damage|p1a: Mandibuzz|318\/423|[from] Stealth Rock
|turn|7
|
|move|p2a: The Bae|High Jump Kick|p1a: Mandibuzz
|-damage|p1a: Mandibuzz|162\/423
|-damage|p2a: The Bae|43\/271|[from] item: Rocky Helmet|[of] p1a: Mandibuzz
|move|p1a: Mandibuzz|Roost|p1a: Mandibuzz
|-heal|p1a: Mandibuzz|374\/423
|
|turn|8
|
|switch|p2a: New Finuck|Magnezone|343\/343
|move|p1a: Mandibuzz|Defog|p2a: New Finuck
|-unboost|p2a: New Finuck|evasion|1
|-sideend|p1: Fenix-|Stealth Rock|[from] move: Defog|[of] p1a: Mandibuzz
|
|turn|9
|c|âBoxy Brown|That's some bulk.
|
|switch|p1a: Sylveon|Sylveon, M|394\/394
|move|p2a: New Finuck|Volt Switch|p1a: Sylveon
|-damage|p1a: Sylveon|267\/394
|
|switch|p2a: Bars Be Sharp|Bisharp, M|333\/333
|
|-heal|p1a: Sylveon|291\/394|[from] item: Leftovers
|turn|10
|c|âBoxy Brown|Showdown please cancel this move. pls.
|
|switch|p1a: Gyarados|Gyarados, F|331\/331
|-ability|p1a: Gyarados|Intimidate|[of] p2a: Bars Be Sharp
|-unboost|p2a: Bars Be Sharp|atk|1
|-boost|p2a: Bars Be Sharp|atk|2|[from] ability: Defiant
|move|p2a: Bars Be Sharp|Iron Head|p1a: Gyarados
|-resisted|p1a: Gyarados
|-damage|p1a: Gyarados|186\/331
|
|turn|11
|
|detailschange|p1a: Gyarados|Gyarados-Mega, F
|-mega|p1a: Gyarados|Gyarados|Gyaradosite
|-ability|p1a: Gyarados|Mold Breaker
|move|p1a: Gyarados|Earthquake|p2a: Bars Be Sharp
|-supereffective|p2a: Bars Be Sharp
|-damage|p2a: Bars Be Sharp|61\/333
|move|p2a: Bars Be Sharp|Substitute|p2a: Bars Be Sharp
|-fail|p2a: Bars Be Sharp|move: Substitute|[weak]
|
|turn|12
|c|âFenix-|oh shit '-'
|c|âBoxy Brown|..
|c|âBoxy Brown|Showdown, you have failed me.
|c|âBoxy Brown|I wanted to sub because I knew you were switching into Gyra. :c
|c|âBoxy Brown|That way I'd be +1 behind the sub.
|
|move|p2a: Bars Be Sharp|Sucker Punch|p1a: Gyarados
|-resisted|p1a: Gyarados
|-damage|p1a: Gyarados|56\/331
|move|p1a: Gyarados|Earthquake|p2a: Bars Be Sharp
|-supereffective|p2a: Bars Be Sharp
|-damage|p2a: Bars Be Sharp|0 fnt
|faint|p2a: Bars Be Sharp
|
|
|switch|p2a: The Bae|Lopunny-Mega, F|43\/271
|turn|13
|
|switch|p1a: Mandibuzz|Mandibuzz, F|374\/423
|move|p2a: The Bae|Fake Out|p1a: Mandibuzz
|-damage|p1a: Mandibuzz|322\/423
|-damage|p2a: The Bae|0 fnt|[from] item: Rocky Helmet|[of] p1a: Mandibuzz
|faint|p2a: The Bae
|
|
|switch|p2a: New Finuck|Magnezone|343\/343
|turn|14
|
|switch|p1a: Gyarados|Gyarados-Mega, F|56\/331
|-ability|p1a: Gyarados|Mold Breaker
|move|p2a: New Finuck|Thunderbolt|p1a: Gyarados
|-crit|p1a: Gyarados
|-supereffective|p1a: Gyarados
|-damage|p1a: Gyarados|0 fnt
|faint|p1a: Gyarados
|
|
|switch|p1a: Sableye|Sableye, M|304\/304
|turn|15
|
|move|p2a: New Finuck|Thunderbolt|p1a: Sableye
|-damage|p1a: Sableye|52\/304
|move|p1a: Sableye|Knock Off|p2a: New Finuck
|-damage|p2a: New Finuck|268\/343
|-enditem|p2a: New Finuck|Choice Specs|[from] move: Knock Off|[of] p1a: Sableye
|
|-heal|p1a: Sableye|71\/304|[from] item: Leftovers
|turn|16
|leave|Denis Alves
|
|move|p1a: Sableye|Recover|p1a: Sableye
|-heal|p1a: Sableye|223\/304
|move|p2a: New Finuck|Thunderbolt|p1a: Sableye
|-damage|p1a: Sableye|46\/304
|
|-heal|p1a: Sableye|65\/304|[from] item: Leftovers
|turn|17
|
|move|p1a: Sableye|Will-O-Wisp|p2a: New Finuck
|-status|p2a: New Finuck|brn
|move|p2a: New Finuck|Thunderbolt|p1a: Sableye
|-damage|p1a: Sableye|0 fnt
|faint|p1a: Sableye
|
|-damage|p2a: New Finuck|226\/343 brn|[from] brn
|c|âFenix-|:s
|
|switch|p1a: Sylveon|Sylveon, M|291\/394
|turn|18
|c|âBoxy Brown|Sorry, I was doing laundry.
|
|move|p1a: Sylveon|Wish|p1a: Sylveon
|move|p2a: New Finuck|Flash Cannon|p1a: Sylveon
|-supereffective|p1a: Sylveon
|-damage|p1a: Sylveon|105\/394
|
|-heal|p1a: Sylveon|129\/394|[from] item: Leftovers
|-damage|p2a: New Finuck|184\/343 brn|[from] brn
|turn|19
|c|âFenix-|go
|c|âBoxy Brown|go?
|c|âBoxy Brown|o:
|leave|Fenix-
|player|p1
|join|Fenix-
|player|p1|Fenix-|161
|
|switch|p2a: Flyer than Ever|Latios, M|309\/309
|move|p1a: Sylveon|Wish|p1a: Sylveon
|-fail|p1a: Sylveon
|
|-heal|p1a: Sylveon|326\/394|[from] move: Wish|[wisher] Sylveon
|-heal|p1a: Sylveon|350\/394|[from] item: Leftovers
|turn|20
|c|âFenix-|laag e.e
|
|move|p2a: Flyer than Ever|Psyshock|p1a: Sylveon
|-damage|p1a: Sylveon|73\/394
|-damage|p2a: Flyer than Ever|279\/309|[from] item: Life Orb
|move|p1a: Sylveon|Hyper Voice|p2a: Flyer than Ever
|-supereffective|p2a: Flyer than Ever
|-damage|p2a: Flyer than Ever|13\/309
|
|-heal|p1a: Sylveon|97\/394|[from] item: Leftovers
|turn|21
|c|âBoxy Brown|I know. xD
|
|move|p1a: Sylveon|Protect|p1a: Sylveon
|-singleturn|p1a: Sylveon|Protect
|move|p2a: Flyer than Ever|Psyshock|p1a: Sylveon
|-activate|p1a: Sylveon|Protect
|
|-heal|p1a: Sylveon|121\/394|[from] item: Leftovers
|turn|22
|
|switch|p1a: Scizor|Scizor, F|343\/343
|move|p2a: Flyer than Ever|Psyshock|p1a: Scizor
|-resisted|p1a: Scizor
|-damage|p1a: Scizor|257\/343
|-damage|p2a: Flyer than Ever|0 fnt|[from] item: Life Orb
|faint|p2a: Flyer than Ever
|
|
|switch|p2a: New Finuck|Magnezone|184\/343 brn
|turn|23
|
|move|p1a: Scizor|Bug Bite|p2a: New Finuck
|-resisted|p2a: New Finuck
|-damage|p2a: New Finuck|87\/343 brn
|-damage|p1a: Scizor|223\/343|[from] item: Life Orb
|move|p2a: New Finuck|Hidden Power|p1a: Scizor
|-supereffective|p1a: Scizor
|-damage|p1a: Scizor|0 fnt
|faint|p1a: Scizor
|
|-damage|p2a: New Finuck|45\/343 brn|[from] brn
|
|switch|p1a: Mandibuzz|Mandibuzz, F|322\/423
|turn|24
|c|âFenix-|gg
|c|âBoxy Brown|GG
|
|move|p1a: Mandibuzz|Foul Play|p2a: New Finuck
|-damage|p2a: New Finuck|0 fnt
|faint|p2a: New Finuck
|
|win|Fenix-
|raw|Ladder updating...
|raw|Fenix-'s rating: 1400 &rarr; <strong>1419<\/strong><br \/>(+19 for winning)
|raw|Boxy Brown's rating: 1384 &rarr; <strong>1365<\/strong><br \/>(-19 for losing)