|join|Billmort11
|join|Fenix-
|player|p1|Billmort11|102
|player|p2|Fenix-|161
|gametype|singles
|gen|6
|tier|OU
|rated
|clearpoke
|poke|p1|Mamoswine, M
|poke|p1|Charizard, F
|poke|p1|Scizor, M
|poke|p1|Tentacruel, F
|poke|p1|Hydreigon, M
|poke|p1|Latias, F
|poke|p2|Mandibuzz, F
|poke|p2|Sylveon, F
|poke|p2|Dragonite, M
|poke|p2|Gyarados, F
|poke|p2|Gardevoir, M
|poke|p2|Garchomp, F
|rule|Swagger Clause: Swagger is banned
|rule|Baton Pass Clause: Limit one PokÃ©mon knowing Baton Pass
|rule|Sleep Clause Mod: Limit one foe put to sleep
|rule|Species Clause: Limit one of each PokÃ©mon
|rule|OHKO Clause: OHKO moves are banned
|rule|Moody Clause: Moody is banned
|rule|Evasion Moves Clause: Evasion moves are banned
|rule|Endless Battle Clause: Forcing endless battles is banned
|rule|HP Percentage Mod: HP is shown in percentages
|teampreview
|c|âFenix-|gl
|
|start
|switch|p1a: Tentacruel|Tentacruel, F|364\/364
|switch|p2a: Gyarados|Gyarados, F|331\/331
|-ability|p2a: Gyarados|Intimidate|[of] p1a: Tentacruel
|-unboost|p1a: Tentacruel|atk|1
|turn|1
|
|detailschange|p2a: Gyarados|Gyarados-Mega, F
|-mega|p2a: Gyarados|Gyarados|Gyaradosite
|-ability|p2a: Gyarados|Mold Breaker
|move|p2a: Gyarados|Dragon Dance|p2a: Gyarados
|-boost|p2a: Gyarados|atk|1
|-boost|p2a: Gyarados|spe|1
|move|p1a: Tentacruel|Toxic|p2a: Gyarados
|-status|p2a: Gyarados|tox
|
|-damage|p2a: Gyarados|311\/331 tox|[from] psn
|turn|2
|
|move|p2a: Gyarados|Earthquake|p1a: Tentacruel
|-supereffective|p1a: Tentacruel
|-damage|p1a: Tentacruel|0 fnt
|faint|p1a: Tentacruel
|
|-damage|p2a: Gyarados|271\/331 tox|[from] psn
|
|switch|p1a: Charizard|Charizard, F|297\/297
|turn|3
|
|detailschange|p1a: Charizard|Charizard-Mega-Y, F
|-mega|p1a: Charizard|Charizard|Charizardite Y
|-weather|SunnyDay
|move|p2a: Gyarados|Waterfall|p1a: Charizard
|-supereffective|p1a: Charizard
|-damage|p1a: Charizard|0 fnt
|faint|p1a: Charizard
|
|-weather|SunnyDay|[upkeep]
|-damage|p2a: Gyarados|211\/331 tox|[from] psn
|
|switch|p1a: Hydreigon|Hydreigon, M|325\/325
|turn|4
|
|move|p2a: Gyarados|Ice Fang|p1a: Hydreigon|[miss]
|-miss|p2a: Gyarados|p1a: Hydreigon
|move|p1a: Hydreigon|Draco Meteor|p2a: Gyarados|[miss]
|-miss|p1a: Hydreigon|p2a: Gyarados
|
|-weather|SunnyDay|[upkeep]
|-damage|p2a: Gyarados|131\/331 tox|[from] psn
|turn|5
|c|âFenix-|double miss '-'
|
|switch|p1a: Scizor|Scizor, M|343\/343
|move|p2a: Gyarados|Ice Fang|p1a: Scizor
|-resisted|p1a: Scizor
|-damage|p1a: Scizor|284\/343
|
|-weather|SunnyDay|[upkeep]
|-damage|p2a: Gyarados|31\/331 tox|[from] psn
|turn|6
|
|move|p1a: Scizor|Bullet Punch|p2a: Gyarados
|-crit|p2a: Gyarados
|-resisted|p2a: Gyarados
|-damage|p2a: Gyarados|0 fnt
|-damage|p1a: Scizor|250\/343|[from] item: Life Orb
|faint|p2a: Gyarados
|
|-weather|SunnyDay|[upkeep]
|
|switch|p2a: Dragonite|Dragonite, M|323\/323
|turn|7
|
|switch|p1a: Hydreigon|Hydreigon, M|325\/325
|move|p2a: Dragonite|Dragon Dance|p2a: Dragonite
|-boost|p2a: Dragonite|atk|1
|-boost|p2a: Dragonite|spe|1
|
|-weather|none
|turn|8
|
|move|p2a: Dragonite|Dragon Claw|p1a: Hydreigon
|-supereffective|p1a: Hydreigon
|-damage|p1a: Hydreigon|0 fnt
|faint|p1a: Hydreigon
|
|-message|Billmort11 forfeited.
|leave|Billmort11
|
|win|Fenix-
|raw|Ladder updating...
|raw|Billmort11's rating: 1381 &rarr; <strong>1363<\/strong><br \/>(-18 for losing)
|raw|Fenix-'s rating: 1418 &rarr; <strong>1436<\/strong><br \/>(+18 for winning)
|player|p1