|join|Fenix-
|join|PâS Lightning
|player|p1|Fenix-|fenix.gif
|player|p2|PâS Lightning|pslightning.png
|gametype|singles
|gen|6
|tier|OU
|rated
|clearpoke
|poke|p1|Chesnaught, M
|poke|p1|Heatran, M
|poke|p1|Rotom-Wash
|poke|p1|Clefable, F
|poke|p1|Aegislash, M
|poke|p1|Quagsire, M
|poke|p2|Scizor, M
|poke|p2|Heatran, M
|poke|p2|Mandibuzz, F
|poke|p2|Landorus-Therian, M, shiny
|poke|p2|Sylveon, F, shiny
|poke|p2|Rotom-Wash
|rule|Sleep Clause Mod: Limit one foe put to sleep
|rule|Species Clause: Limit one of each Pokemon
|rule|OHKO Clause: OHKO moves are banned
|rule|Moody Clause: Moody is banned
|rule|Evasion Moves Clause: Evasion moves are banned
|rule|Endless Battle Clause: Forcing endless battles is banned.
|rule|HP Percentage Mod: HP is reported as percentages
|teampreview
|
|start
|switch|p1a: Heatran|Heatran, M|385\/385
|switch|p2a: arrr -w-|Landorus-Therian, M, shiny|320\/320
|-ability|p2a: arrr -w-|Intimidate|[of] p1a: Heatran
|-unboost|p1a: Heatran|atk|1
|turn|1
|
|move|p1a: Heatran|Protect|p1a: Heatran
|-singleturn|p1a: Heatran|Protect
|move|p2a: arrr -w-|Earthquake|p1a: Heatran
|-activate|p1a: Heatran|Protect
|
|turn|2
|
|switch|p1a: Chesnaught|Chesnaught, M|380\/380
|move|p2a: arrr -w-|Earthquake|p1a: Chesnaught
|-resisted|p1a: Chesnaught
|-damage|p1a: Chesnaught|309\/380
|
|-heal|p1a: Chesnaught|332\/380|[from] item: Leftovers
|turn|3
|
|switch|p2a: =v|Mandibuzz, F|424\/424
|move|p1a: Chesnaught|Leech Seed|p2a: =v
|-start|p2a: =v|move: Leech Seed
|
|-heal|p1a: Chesnaught|355\/380|[from] item: Leftovers
|-damage|p2a: =v|371\/424|[from] Leech Seed|[of] p1a: Chesnaught
|-heal|p1a: Chesnaught|380\/380|[silent]
|turn|4
|
|switch|p2a: arrr -w-|Landorus-Therian, M, shiny|320\/320
|-ability|p2a: arrr -w-|Intimidate|[of] p1a: Chesnaught
|-unboost|p1a: Chesnaught|atk|1
|switch|p1a: Heatran|Heatran, M|385\/385
|
|turn|5
|
|move|p1a: Heatran|Protect|p1a: Heatran
|-singleturn|p1a: Heatran|Protect
|move|p2a: arrr -w-|Knock Off|p1a: Heatran
|-activate|p1a: Heatran|Protect
|
|turn|6
|
|move|p2a: arrr -w-|Knock Off|p1a: Heatran
|-damage|p1a: Heatran|252\/385
|-enditem|p1a: Heatran|Leftovers|[from] move: Knock Off|[of] p2a: arrr -w-
|move|p1a: Heatran|Stealth Rock|p2a: arrr -w-
|-sidestart|p2: PâS Lightning|move: Stealth Rock
|
|turn|7
|
|switch|p2a: >:3|Heatran, M|386\/386
|-damage|p2a: >:3|338\/386|[from] Stealth Rock
|move|p1a: Heatran|Lava Plume|p2a: >:3
|-start|p2a: >:3|ability: Flash Fire
|
|-heal|p2a: >:3|362\/386|[from] item: Leftovers
|turn|8
|
|switch|p1a: Rotom-Wash|Rotom-Wash|303\/303
|move|p2a: >:3|Earth Power|p1a: Rotom-Wash
|-immune|p1a: Rotom-Wash|[msg]
|
|-heal|p2a: >:3|386\/386|[from] item: Leftovers
|turn|9
|
|switch|p2a: Soy un Hada :3|Sylveon, F, shiny|394\/394
|-damage|p2a: Soy un Hada :3|345\/394|[from] Stealth Rock
|move|p1a: Rotom-Wash|Hydro Pump|p2a: Soy un Hada :3
|-damage|p2a: Soy un Hada :3|270\/394
|
|-heal|p2a: Soy un Hada :3|294\/394|[from] item: Leftovers
|turn|10
|
|move|p1a: Rotom-Wash|Volt Switch|p2a: Soy un Hada :3
|-damage|p2a: Soy un Hada :3|242\/394
|
|switch|p1a: Clefable|Clefable, F|394\/394
|move|p2a: Soy un Hada :3|Wish|p2a: Soy un Hada :3
|
|-heal|p2a: Soy un Hada :3|266\/394|[from] item: Leftovers
|turn|11
|
|switch|p2a: Knight|Scizor, M|344\/344
|-damage|p2a: Knight|301\/344|[from] Stealth Rock
|move|p1a: Clefable|Moonblast|p2a: Knight
|-resisted|p2a: Knight
|-damage|p2a: Knight|241\/344
|-unboost|p2a: Knight|spa|1
|
|-heal|p2a: Knight|344\/344|[from] move: Wish|[wisher] Soy un Hada :3
|turn|12
|
|switch|p1a: Quagsire|Quagsire, M|394\/394
|detailschange|p2a: Knight|Scizor-Mega, M
|message|Scizor has Mega Evolved into Mega Scizor!
|move|p2a: Knight|Bullet Punch|p1a: Quagsire
|-resisted|p1a: Quagsire
|-damage|p1a: Quagsire|338\/394
|
|-heal|p1a: Quagsire|362\/394|[from] item: Leftovers
|turn|13
|
|move|p2a: Knight|Knock Off|p1a: Quagsire
|-damage|p1a: Quagsire|248\/394
|-enditem|p1a: Quagsire|Leftovers|[from] move: Knock Off|[of] p2a: Knight
|move|p1a: Quagsire|Yawn|p2a: Knight
|-start|p2a: Knight|move: Yawn|[of] p1a: Quagsire
|
|turn|14
|
|switch|p2a: Soy un Hada :3|Sylveon, F, shiny|266\/394
|-damage|p2a: Soy un Hada :3|217\/394|[from] Stealth Rock
|move|p1a: Quagsire|Yawn|p2a: Soy un Hada :3
|-start|p2a: Soy un Hada :3|move: Yawn|[of] p1a: Quagsire
|
|-heal|p2a: Soy un Hada :3|241\/394|[from] item: Leftovers
|turn|15
|
|switch|p1a: Heatran|Heatran, M|252\/385
|move|p2a: Soy un Hada :3|Wish|p2a: Soy un Hada :3
|
|-status|p2a: Soy un Hada :3|slp
|-heal|p2a: Soy un Hada :3|265\/394 slp|[from] item: Leftovers
|turn|16
|
|cant|p2a: Soy un Hada :3|slp
|move|p1a: Heatran|Roar|p2a: Soy un Hada :3
|drag|p2a: arrr -w-|Landorus-Therian, M, shiny|320\/320
|-damage|p2a: arrr -w-|280\/320|[from] Stealth Rock
|-ability|p2a: arrr -w-|Intimidate|[of] p1a: Heatran
|-unboost|p1a: Heatran|atk|1
|
|-heal|p2a: arrr -w-|320\/320|[from] move: Wish|[wisher] Soy un Hada :3
|turn|17
|
|move|p1a: Heatran|Protect|p1a: Heatran
|-singleturn|p1a: Heatran|Protect
|move|p2a: arrr -w-|Stone Edge|p1a: Heatran
|-activate|p1a: Heatran|Protect
|
|turn|18
|
|switch|p1a: Chesnaught|Chesnaught, M|380\/380
|move|p2a: arrr -w-|Stone Edge|p1a: Chesnaught
|-resisted|p1a: Chesnaught
|-damage|p1a: Chesnaught|339\/380
|
|-heal|p1a: Chesnaught|362\/380|[from] item: Leftovers
|turn|19
|
|switch|p2a: =v|Mandibuzz, F|371\/424
|-damage|p2a: =v|265\/424|[from] Stealth Rock
|move|p1a: Chesnaught|Hammer Arm|p2a: =v
|-damage|p2a: =v|172\/424
|-damage|p1a: Chesnaught|299\/380|[from] item: Rocky Helmet|[of] p2a: =v
|-unboost|p1a: Chesnaught|spe|1
|
|-heal|p1a: Chesnaught|322\/380|[from] item: Leftovers
|turn|20
|
|move|p2a: =v|Roost|p2a: =v
|-heal|p2a: =v|384\/424
|move|p1a: Chesnaught|Leech Seed|p2a: =v
|-start|p2a: =v|move: Leech Seed
|
|-heal|p1a: Chesnaught|345\/380|[from] item: Leftovers
|-damage|p2a: =v|331\/424|[from] Leech Seed|[of] p1a: Chesnaught
|-heal|p1a: Chesnaught|380\/380|[silent]
|turn|21
|
|move|p1a: Chesnaught|Spiky Shield|p1a: Chesnaught
|-singleturn|p1a: Chesnaught|move: Protect
|move|p2a: =v|Defog|p1a: Chesnaught
|-activate|p1a: Chesnaught|move: Protect
|
|-damage|p2a: =v|278\/424|[from] Leech Seed|[of] p1a: Chesnaught
|turn|22
|
|switch|p1a: Heatran|Heatran, M|252\/385
|move|p2a: =v|Roost|p2a: =v
|-heal|p2a: =v|424\/424
|
|-damage|p2a: =v|371\/424|[from] Leech Seed|[of] p1a: Heatran
|-heal|p1a: Heatran|305\/385|[silent]
|turn|23
|
|switch|p2a: >:3|Heatran, M|386\/386
|-damage|p2a: >:3|338\/386|[from] Stealth Rock
|move|p1a: Heatran|Lava Plume|p2a: >:3
|-start|p2a: >:3|ability: Flash Fire
|
|-heal|p2a: >:3|362\/386|[from] item: Leftovers
|turn|24
|
|switch|p1a: Rotom-Wash|Rotom-Wash|303\/303
|move|p2a: >:3|Stealth Rock|p1a: Rotom-Wash
|-sidestart|p1: Fenix-|move: Stealth Rock
|
|-heal|p2a: >:3|386\/386|[from] item: Leftovers
|turn|25
|
|switch|p2a: Soy un Hada :3|Sylveon, F, shiny|265\/394 slp
|-damage|p2a: Soy un Hada :3|216\/394 slp|[from] Stealth Rock
|move|p1a: Rotom-Wash|Volt Switch|p2a: Soy un Hada :3
|-damage|p2a: Soy un Hada :3|167\/394 slp
|
|switch|p1a: Heatran|Heatran, M|305\/385
|-damage|p1a: Heatran|257\/385|[from] Stealth Rock
|
|-heal|p2a: Soy un Hada :3|191\/394 slp|[from] item: Leftovers
|turn|26
|
|cant|p2a: Soy un Hada :3|slp
|move|p1a: Heatran|Roar|p2a: Soy un Hada :3
|drag|p2a: arrr -w-|Landorus-Therian, M, shiny|320\/320
|-damage|p2a: arrr -w-|280\/320|[from] Stealth Rock
|-ability|p2a: arrr -w-|Intimidate|[of] p1a: Heatran
|-unboost|p1a: Heatran|atk|1
|
|turn|27
|
|switch|p2a: Soy un Hada :3|Sylveon, F, shiny|191\/394 slp
|-damage|p2a: Soy un Hada :3|142\/394 slp|[from] Stealth Rock
|move|p1a: Heatran|Protect|p1a: Heatran
|-fail|p1a: Heatran
|
|-heal|p2a: Soy un Hada :3|166\/394 slp|[from] item: Leftovers
|turn|28
|
|-curestatus|p2a: Soy un Hada :3|slp
|move|p2a: Soy un Hada :3|Wish|p2a: Soy un Hada :3
|move|p1a: Heatran|Roar|p2a: Soy un Hada :3
|drag|p2a: Knight|Scizor-Mega, M|344\/344
|-damage|p2a: Knight|301\/344|[from] Stealth Rock
|
|turn|29
|
|switch|p2a: Soy un Hada :3|Sylveon, F, shiny|166\/394
|-damage|p2a: Soy un Hada :3|117\/394|[from] Stealth Rock
|move|p1a: Heatran|Roar|p2a: Soy un Hada :3
|drag|p2a: Knight|Scizor-Mega, M|301\/344
|-damage|p2a: Knight|258\/344|[from] Stealth Rock
|
|-heal|p2a: Knight|344\/344|[from] move: Wish|[wisher] Soy un Hada :3
|turn|30
|
|switch|p2a: Lavo ropa \/o\/|Rotom-Wash|242\/242
|-damage|p2a: Lavo ropa \/o\/|212\/242|[from] Stealth Rock
|move|p1a: Heatran|Roar|p2a: Lavo ropa \/o\/
|drag|p2a: >:3|Heatran, M|386\/386
|-damage|p2a: >:3|338\/386|[from] Stealth Rock
|
|-heal|p2a: >:3|362\/386|[from] item: Leftovers
|turn|31
|
|switch|p1a: Clefable|Clefable, F|394\/394
|move|p2a: >:3|Will-O-Wisp|p1a: Clefable
|-status|p1a: Clefable|brn
|
|-heal|p2a: >:3|386\/386|[from] item: Leftovers
|turn|32
|
|switch|p2a: Lavo ropa \/o\/|Rotom-Wash|212\/242
|-damage|p2a: Lavo ropa \/o\/|182\/242|[from] Stealth Rock
|move|p1a: Clefable|Wish|p1a: Clefable
|
|turn|33
|
|move|p2a: Lavo ropa \/o\/|Volt Switch|p1a: Clefable
|-crit|p1a: Clefable
|-damage|p1a: Clefable|249\/394 brn
|
|switch|p2a: Knight|Scizor-Mega, M|344\/344
|-damage|p2a: Knight|301\/344|[from] Stealth Rock
|move|p1a: Clefable|Moonblast|p2a: Knight
|-resisted|p2a: Knight
|-damage|p2a: Knight|245\/344
|
|-heal|p1a: Clefable|394\/394 brn|[from] move: Wish|[wisher] Clefable
|turn|34
|
|switch|p1a: Quagsire|Quagsire, M|248\/394
|-damage|p1a: Quagsire|224\/394|[from] Stealth Rock
|move|p2a: Knight|Roost|p2a: Knight
|-heal|p2a: Knight|344\/344
|
|turn|35
|
|move|p2a: Knight|Bullet Punch|p1a: Quagsire
|-resisted|p1a: Quagsire
|-damage|p1a: Quagsire|177\/394
|move|p1a: Quagsire|Recover|p1a: Quagsire
|-heal|p1a: Quagsire|374\/394
|
|turn|36
|
|switch|p2a: Soy un Hada :3|Sylveon, F, shiny|117\/394
|-damage|p2a: Soy un Hada :3|68\/394|[from] Stealth Rock
|move|p1a: Quagsire|Yawn|p2a: Soy un Hada :3
|-start|p2a: Soy un Hada :3|move: Yawn|[of] p1a: Quagsire
|
|-heal|p2a: Soy un Hada :3|92\/394|[from] item: Leftovers
|turn|37
|
|move|p2a: Soy un Hada :3|Wish|p2a: Soy un Hada :3
|move|p1a: Quagsire|Earthquake|p2a: Soy un Hada :3
|-damage|p2a: Soy un Hada :3|0 fnt
|faint|p2a: Soy un Hada :3
|
|
|switch|p2a: =v|Mandibuzz, F|371\/424
|-damage|p2a: =v|265\/424|[from] Stealth Rock
|turn|38
|
|move|p1a: Quagsire|Scald|p2a: =v
|-damage|p2a: =v|198\/424
|move|p2a: =v|Whirlwind|p1a: Quagsire
|drag|p1a: Heatran|Heatran, M|257\/385
|-damage|p1a: Heatran|209\/385|[from] Stealth Rock
|
|-heal|p2a: =v|395\/424|[from] move: Wish|[wisher] Soy un Hada :3
|turn|39
|
|move|p1a: Heatran|Lava Plume|p2a: =v
|-crit|p2a: =v
|-damage|p2a: =v|199\/424
|move|p2a: =v|Whirlwind|p1a: Heatran
|drag|p1a: Rotom-Wash|Rotom-Wash|303\/303
|-damage|p1a: Rotom-Wash|266\/303|[from] Stealth Rock
|
|-heal|p1a: Rotom-Wash|284\/303|[from] item: Leftovers
|turn|40
|
|switch|p2a: Knight|Scizor-Mega, M|344\/344
|-damage|p2a: Knight|301\/344|[from] Stealth Rock
|move|p1a: Rotom-Wash|Will-O-Wisp|p2a: Knight
|-status|p2a: Knight|brn
|
|-heal|p1a: Rotom-Wash|302\/303|[from] item: Leftovers
|-damage|p2a: Knight|258\/344 brn|[from] brn
|turn|41
|
|move|p1a: Rotom-Wash|Hydro Pump|p2a: Knight
|-damage|p2a: Knight|114\/344 brn
|move|p2a: Knight|Knock Off|p1a: Rotom-Wash
|-damage|p1a: Rotom-Wash|256\/303
|-enditem|p1a: Rotom-Wash|Leftovers|[from] move: Knock Off|[of] p2a: Knight
|
|-damage|p2a: Knight|71\/344 brn|[from] brn
|turn|42
|
|move|p1a: Rotom-Wash|Volt Switch|p2a: Knight
|-damage|p2a: Knight|0 fnt
|faint|p2a: Knight
|
|switch|p1a: Clefable|Clefable, F|394\/394 brn
|
|chat|PâS Lightning|al gun dia te vencere 7w7
|
|switch|p2a: arrr -w-|Landorus-Therian, M, shiny|280\/320
|-damage|p2a: arrr -w-|240\/320|[from] Stealth Rock
|-ability|p2a: arrr -w-|Intimidate|[of] p1a: Clefable
|-unboost|p1a: Clefable|atk|1
|turn|43
|
|move|p1a: Clefable|Protect|p1a: Clefable
|-singleturn|p1a: Clefable|Protect
|move|p2a: arrr -w-|Stone Edge|p1a: Clefable
|-activate|p1a: Clefable|Protect
|
|turn|44
|
|move|p2a: arrr -w-|Stone Edge|p1a: Clefable
|-damage|p1a: Clefable|223\/394 brn
|move|p1a: Clefable|Moonblast|p2a: arrr -w-
|-damage|p2a: arrr -w-|99\/320
|
|-heal|p1a: Clefable|247\/394 brn|[from] item: Leftovers
|turn|45
|
|move|p1a: Clefable|Protect|p1a: Clefable
|-singleturn|p1a: Clefable|Protect
|move|p2a: arrr -w-|Stone Edge|p1a: Clefable
|-activate|p1a: Clefable|Protect
|
|-heal|p1a: Clefable|271\/394 brn|[from] item: Leftovers
|turn|46
|
|switch|p1a: Chesnaught|Chesnaught, M|380\/380
|-damage|p1a: Chesnaught|357\/380|[from] Stealth Rock
|move|p2a: arrr -w-|Stone Edge|p1a: Chesnaught|[miss]
|-miss|p2a: arrr -w-|p1a: Chesnaught
|
|-heal|p1a: Chesnaught|380\/380|[from] item: Leftovers
|turn|47
|
|move|p2a: arrr -w-|Stone Edge|p1a: Chesnaught
|-resisted|p1a: Chesnaught
|-damage|p1a: Chesnaught|336\/380
|move|p1a: Chesnaught|Leech Seed|p2a: arrr -w-
|-start|p2a: arrr -w-|move: Leech Seed
|
|-heal|p1a: Chesnaught|359\/380|[from] item: Leftovers
|-damage|p2a: arrr -w-|59\/320|[from] Leech Seed|[of] p1a: Chesnaught
|-heal|p1a: Chesnaught|380\/380|[silent]
|turn|48
|
|move|p2a: arrr -w-|Stone Edge|p1a: Chesnaught
|-resisted|p1a: Chesnaught
|-damage|p1a: Chesnaught|332\/380
|move|p1a: Chesnaught|Hammer Arm|p2a: arrr -w-
|-resisted|p2a: arrr -w-
|-damage|p2a: arrr -w-|0 fnt
|-unboost|p1a: Chesnaught|spe|1
|faint|p2a: arrr -w-
|
|-heal|p1a: Chesnaught|355\/380|[from] item: Leftovers
|
|switch|p2a: >:3|Heatran, M|386\/386
|-damage|p2a: >:3|338\/386|[from] Stealth Rock
|turn|49
|
|switch|p1a: Clefable|Clefable, F|271\/394 brn
|move|p2a: >:3|Will-O-Wisp|p1a: Clefable
|-fail|p1a: Clefable|brn
|
|-heal|p2a: >:3|362\/386|[from] item: Leftovers
|-heal|p1a: Clefable|295\/394 brn|[from] item: Leftovers
|turn|50
|
|move|p1a: Clefable|Protect|p1a: Clefable
|-singleturn|p1a: Clefable|Protect
|move|p2a: >:3|Lava Plume|p1a: Clefable
|-activate|p1a: Clefable|Protect
|
|-heal|p2a: >:3|386\/386|[from] item: Leftovers
|-heal|p1a: Clefable|319\/394 brn|[from] item: Leftovers
|turn|51
|
|move|p2a: >:3|Lava Plume|p1a: Clefable
|-damage|p1a: Clefable|229\/394 brn
|move|p1a: Clefable|Wish|p1a: Clefable
|
|-heal|p1a: Clefable|253\/394 brn|[from] item: Leftovers
|turn|52
|
|move|p2a: >:3|Earth Power|p1a: Clefable
|-crit|p1a: Clefable
|-damage|p1a: Clefable|147\/394 brn
|move|p1a: Clefable|Moonblast|p2a: >:3
|-resisted|p2a: >:3
|-damage|p2a: >:3|366\/386
|
|-heal|p1a: Clefable|344\/394 brn|[from] move: Wish|[wisher] Clefable
|-heal|p2a: >:3|386\/386|[from] item: Leftovers
|-heal|p1a: Clefable|368\/394 brn|[from] item: Leftovers
|turn|53
|
|move|p2a: >:3|Earth Power|p1a: Clefable
|-damage|p1a: Clefable|305\/394 brn
|move|p1a: Clefable|Wish|p1a: Clefable
|
|-heal|p1a: Clefable|329\/394 brn|[from] item: Leftovers
|turn|54
|
|switch|p1a: Rotom-Wash|Rotom-Wash|256\/303
|-damage|p1a: Rotom-Wash|219\/303|[from] Stealth Rock
|move|p2a: >:3|Lava Plume|p1a: Rotom-Wash
|-resisted|p1a: Rotom-Wash
|-damage|p1a: Rotom-Wash|160\/303
|-status|p1a: Rotom-Wash|brn
|
|-heal|p1a: Rotom-Wash|303\/303 brn|[from] move: Wish|[wisher] Clefable
|-damage|p1a: Rotom-Wash|266\/303 brn|[from] brn
|turn|55
|
|move|p1a: Rotom-Wash|Hydro Pump|p2a: >:3|[miss]
|-miss|p1a: Rotom-Wash|p2a: >:3
|move|p2a: >:3|Lava Plume|p1a: Rotom-Wash
|-resisted|p1a: Rotom-Wash
|-damage|p1a: Rotom-Wash|214\/303 brn
|
|-damage|p1a: Rotom-Wash|177\/303 brn|[from] brn
|turn|56
|
|switch|p2a: Lavo ropa \/o\/|Rotom-Wash|182\/242
|-damage|p2a: Lavo ropa \/o\/|152\/242|[from] Stealth Rock
|move|p1a: Rotom-Wash|Pain Split|p2a: Lavo ropa \/o\/
|-sethp|p2a: Lavo ropa \/o\/|164\/242|p1a: Rotom-Wash|164\/303 brn|[from] move: Pain Split
|
|-damage|p1a: Rotom-Wash|127\/303 brn|[from] brn
|turn|57
|
|move|p2a: Lavo ropa \/o\/|Volt Switch|p1a: Rotom-Wash
|-damage|p1a: Rotom-Wash|19\/303 brn
|
|switch|p2a: >:3|Heatran, M|386\/386
|-damage|p2a: >:3|338\/386|[from] Stealth Rock
|move|p1a: Rotom-Wash|Volt Switch|p2a: >:3
|-damage|p2a: >:3|272\/386
|
|switch|p1a: Quagsire|Quagsire, M|374\/394
|-damage|p1a: Quagsire|350\/394|[from] Stealth Rock
|
|-heal|p2a: >:3|296\/386|[from] item: Leftovers
|turn|58
|
|move|p2a: >:3|Will-O-Wisp|p1a: Quagsire
|-status|p1a: Quagsire|brn
|move|p1a: Quagsire|Yawn|p2a: >:3
|-start|p2a: >:3|move: Yawn|[of] p1a: Quagsire
|
|-heal|p2a: >:3|320\/386|[from] item: Leftovers
|-damage|p1a: Quagsire|301\/394 brn|[from] brn
|turn|59
|
|switch|p1a: Clefable|Clefable, F|329\/394 brn
|move|p2a: >:3|Earth Power|p1a: Clefable
|-damage|p1a: Clefable|257\/394 brn
|
|-status|p2a: >:3|slp
|-heal|p2a: >:3|344\/386 slp|[from] item: Leftovers
|-heal|p1a: Clefable|281\/394 brn|[from] item: Leftovers
|turn|60
|
|cant|p2a: >:3|slp
|move|p1a: Clefable|Aromatherapy|p1a: Clefable
|-cureteam|p1a: Clefable|[from] move: Aromatherapy
|
|-heal|p2a: >:3|368\/386 slp|[from] item: Leftovers
|-heal|p1a: Clefable|305\/394|[from] item: Leftovers
|turn|61
|
|switch|p1a: Quagsire|Quagsire, M|301\/394
|-damage|p1a: Quagsire|277\/394|[from] Stealth Rock
|cant|p2a: >:3|slp
|
|-heal|p2a: >:3|386\/386 slp|[from] item: Leftovers
|turn|62
|
|-curestatus|p2a: >:3|slp
|move|p2a: >:3|Will-O-Wisp|p1a: Quagsire
|-status|p1a: Quagsire|brn
|move|p1a: Quagsire|Earthquake|p2a: >:3
|-supereffective|p2a: >:3
|-damage|p2a: >:3|182\/386
|
|-heal|p2a: >:3|206\/386|[from] item: Leftovers
|-damage|p1a: Quagsire|228\/394 brn|[from] brn
|turn|63
|
|move|p2a: >:3|Earth Power|p1a: Quagsire
|-damage|p1a: Quagsire|108\/394 brn
|move|p1a: Quagsire|Recover|p1a: Quagsire
|-heal|p1a: Quagsire|305\/394 brn
|
|-heal|p2a: >:3|230\/386|[from] item: Leftovers
|-damage|p1a: Quagsire|256\/394 brn|[from] brn
|turn|64
|
|move|p2a: >:3|Earth Power|p1a: Quagsire
|-damage|p1a: Quagsire|136\/394 brn
|move|p1a: Quagsire|Earthquake|p2a: >:3
|-supereffective|p2a: >:3
|-damage|p2a: >:3|26\/386
|
|-heal|p2a: >:3|50\/386|[from] item: Leftovers
|-damage|p1a: Quagsire|87\/394 brn|[from] brn
|turn|65
|
|switch|p1a: Rotom-Wash|Rotom-Wash|19\/303
|-damage|p1a: Rotom-Wash|0 fnt|[from] Stealth Rock
|faint|p1a: Rotom-Wash
|move|p2a: >:3|Lava Plume|p1: Rotom-Wash|[notarget]
|-notarget
|
|-heal|p2a: >:3|74\/386|[from] item: Leftovers
|
|switch|p1a: Aegislash|Aegislash, M|324\/324
|-damage|p1a: Aegislash|304\/324|[from] Stealth Rock
|turn|66
|
|switch|p2a: =v|Mandibuzz, F|199\/424
|-damage|p2a: =v|93\/424|[from] Stealth Rock
|-formechange|p1a: Aegislash|Aegislash-Blade
|move|p1a: Aegislash|Shadow Ball|p2a: =v
|-resisted|p2a: =v
|-damage|p2a: =v|0 fnt
|faint|p2a: =v
|
|-heal|p1a: Aegislash|324\/324|[from] item: Leftovers
|
|switch|p2a: >:3|Heatran, M|74\/386
|-damage|p2a: >:3|26\/386|[from] Stealth Rock
|turn|67
|
|move|p1a: Aegislash|Shadow Sneak|p2a: >:3
|-damage|p2a: >:3|0 fnt
|faint|p2a: >:3
|
|
|switch|p2a: Lavo ropa \/o\/|Rotom-Wash|164\/242
|-damage|p2a: Lavo ropa \/o\/|134\/242|[from] Stealth Rock
|turn|68
|
|-formechange|p1a: Aegislash|Aegislash
|move|p1a: Aegislash|King's Shield|p1a: Aegislash
|-singleturn|p1a: Aegislash|Protect
|move|p2a: Lavo ropa \/o\/|Trick|p1a: Aegislash
|-activate|p2a: Lavo ropa \/o\/|move: Trick|[of] p1a: Aegislash
|-item|p1a: Aegislash|Choice Scarf|[from] move: Trick
|-item|p2a: Lavo ropa \/o\/|Leftovers|[from] move: Trick
|
|-heal|p2a: Lavo ropa \/o\/|149\/242|[from] item: Leftovers
|turn|69
|
|move|p2a: Lavo ropa \/o\/|Pain Split|p1a: Aegislash
|-sethp|p1a: Aegislash|236\/324|p2a: Lavo ropa \/o\/|236\/242|[from] move: Pain Split
|-formechange|p1a: Aegislash|Aegislash-Blade
|move|p1a: Aegislash|Shadow Ball|p2a: Lavo ropa \/o\/
|-damage|p2a: Lavo ropa \/o\/|58\/242
|
|-heal|p2a: Lavo ropa \/o\/|73\/242|[from] item: Leftovers
|turn|70
|
|move|p2a: Lavo ropa \/o\/|Pain Split|p1a: Aegislash
|-sethp|p1a: Aegislash|154\/324|p2a: Lavo ropa \/o\/|154\/242|[from] move: Pain Split
|move|p1a: Aegislash|Shadow Ball|p2a: Lavo ropa \/o\/
|-damage|p2a: Lavo ropa \/o\/|0 fnt
|faint|p2a: Lavo ropa \/o\/
|
|win|Fenix-
|raw|Ladder updating...
|raw|Fenix-'s rating: 1504 &rarr; <strong>1519<\/strong><br \/>(+15 for winning)
|raw|PâS Lightning's rating: 1420 &rarr; <strong>1405<\/strong><br \/>(-15 for losing)