|join|Fenix-
|join|(LoD) teso24
|player|p1|Fenix-|52
|player|p2|(LoD) teso24|162
|gametype|singles
|tier|Pokebank OU (beta)
|rated
|rule|Evasion Abilities Clause: Evasion abilities are banned
|clearpoke
|poke|p1|Genesect
|poke|p1|Skarmory, M
|poke|p1|Mamoswine, M
|poke|p1|Salamence, F
|poke|p1|Aegislash, F
|poke|p1|Keldeo
|poke|p2|Greninja, M
|poke|p2|Medicham, M
|poke|p2|Genesect
|poke|p2|Talonflame, F
|poke|p2|Drapion, M
|poke|p2|Blastoise, F
|rule|Sleep Clause Mod: Limit one foe put to sleep
|rule|Species Clause: Limit one of each Pokemon
|rule|Moody Clause: Moody is banned
|rule|OHKO Clause: OHKO moves are banned
|rule|Evasion Moves Clause: Evasion moves are banned
|rule|HP Percentage Mod: HP is reported as percentages
|teampreview
|callback|decision
|
|start
|switch|p1a: Skarmory|Skarmory, M|334\/334
|switch|p2a: Talonflame|Talonflame, F|298\/298
|turn|1
|callback|decision
|
|move|p2a: Talonflame|Flare Blitz|p1a: Skarmory
|-supereffective|p1a: Skarmory
|-damage|p1a: Skarmory|86\/334
|-damage|p2a: Talonflame|216\/298|[from] recoil|[of] p1a: Skarmory
|move|p1a: Skarmory|Stealth Rock|p2a: Talonflame
|-sidestart|p2: (LoD) teso24|move: Stealth Rock
|
|turn|2
|callback|decision
|
|switch|p1a: Keldeo|Keldeo|323\/323
|move|p2a: Talonflame|Flare Blitz|p1a: Keldeo
|-crit|p1a: Keldeo
|-resisted|p1a: Keldeo
|-damage|p1a: Keldeo|204\/323
|-damage|p2a: Talonflame|177\/298|[from] recoil|[of] p1a: Keldeo
|
|turn|3
|callback|decision
|
|move|p2a: Talonflame|Acrobatics|p1a: Keldeo
|-enditem|p2a: Talonflame|Flying Gem|[from] gem|[move] Acrobatics
|-supereffective|p1a: Keldeo
|-damage|p1a: Keldeo|0 fnt
|faint|p1a: Keldeo
|
|callback|decision
|
|switch|p1a: Salamence|Salamence, F|331\/331
|turn|4
|callback|decision
|
|move|p2a: Talonflame|Acrobatics|p1a: Salamence
|-damage|p1a: Salamence|127\/331
|move|p1a: Salamence|Dragon Claw|p2a: Talonflame
|-damage|p2a: Talonflame|0 fnt
|faint|p2a: Talonflame
|-boost|p1a: Salamence|atk|1|[from] ability: Moxie
|
|callback|decision
|
|switch|p2a: Medicham|Medicham, M|261\/261
|-damage|p2a: Medicham|245\/261|[from] Stealth Rock
|turn|5
|callback|decision
|
|-formechange|p2a: Medicham|Medicham-Mega
|message|Medicham mega-evolved into Medicham-Mega!
|move|p2a: Medicham|Bullet Punch|p1a: Salamence
|-damage|p1a: Salamence|14\/331
|move|p1a: Salamence|Dragon Claw|p2a: Medicham
|-damage|p2a: Medicham|0 fnt
|faint|p2a: Medicham
|-boost|p1a: Salamence|atk|1|[from] ability: Moxie
|
|callback|decision
|
|switch|p2a: Genesect|Genesect|283\/283
|-damage|p2a: Genesect|248\/283|[from] Stealth Rock
|-boost|p2a: Genesect|atk|1|[from] ability: Download
|turn|6
|callback|decision
|
|move|p1a: Salamence|Dragon Claw|p2a: Genesect
|-resisted|p2a: Genesect
|-damage|p2a: Genesect|85\/283
|move|p2a: Genesect|U-turn|p1a: Salamence
|-resisted|p1a: Salamence
|-damage|p1a: Salamence|0 fnt
|faint|p1a: Salamence
|callback|decision
|
|switch|p2a: Greninja|Greninja, M|286\/286
|-damage|p2a: Greninja|251\/286|[from] Stealth Rock
|
|callback|decision
|
|switch|p1a: Genesect|Genesect|293\/293
|-boost|p1a: Genesect|atk|1|[from] ability: Download
|turn|7
|callback|decision
|
|-start|p2a: Greninja|typechange|Flying|[from] Protean
|move|p2a: Greninja|Acrobatics|p1a: Genesect
|-enditem|p2a: Greninja|Flying Gem|[from] gem|[move] Acrobatics
|-crit|p1a: Genesect
|-damage|p1a: Genesect|0 fnt
|faint|p1a: Genesect
|
|callback|decision
|
|switch|p1a: Aegislash|Aegislash, F|324\/324
|turn|8
|callback|decision
|
|switch|p2a: Drapion|Drapion, M|285\/285
|-damage|p2a: Drapion|250\/285|[from] Stealth Rock
|-formechange|p1a: Aegislash|Aegislash-Blade
|move|p1a: Aegislash|Sacred Sword|p2a: Drapion
|-damage|p2a: Drapion|121\/285
|
|-heal|p2a: Drapion|138\/285|[from] item: Leftovers
|turn|9
|callback|decision
|
|switch|p1a: Skarmory|Skarmory, M|86\/334
|move|p2a: Drapion|Swords Dance|p2a: Drapion
|-boost|p2a: Drapion|atk|2
|
|-heal|p2a: Drapion|155\/285|[from] item: Leftovers
|turn|10
|callback|decision
|
|move|p2a: Drapion|Crunch|p1a: Skarmory
|-damage|p1a: Skarmory|0 fnt
|faint|p1a: Skarmory
|
|-heal|p2a: Drapion|172\/285|[from] item: Leftovers
|callback|decision
|
|switch|p1a: Mamoswine|Mamoswine, M|424\/424
|turn|11
|callback|decision
|
|move|p2a: Drapion|Crunch|p1a: Mamoswine
|-damage|p1a: Mamoswine|118\/424
|move|p1a: Mamoswine|Earthquake|p2a: Drapion
|-supereffective|p2a: Drapion
|-damage|p2a: Drapion|0 fnt
|-damage|p1a: Mamoswine|76\/424|[from] item: Life Orb
|faint|p2a: Drapion
|
|callback|decision
|
|switch|p2a: Blastoise|Blastoise, F|362\/362
|-damage|p2a: Blastoise|317\/362|[from] Stealth Rock
|turn|12
|callback|decision
|
|move|p1a: Mamoswine|Earthquake|p2a: Blastoise
|-damage|p2a: Blastoise|44\/362
|-damage|p1a: Mamoswine|34\/424|[from] item: Life Orb
|move|p2a: Blastoise|Rapid Spin|p1a: Mamoswine
|-damage|p1a: Mamoswine|9\/424
|-sideend|p2: (LoD) teso24|Stealth Rock|[from] move: Rapid Spin|[of] p2a: Blastoise
|
|-heal|p2a: Blastoise|66\/362|[from] item: Leftovers
|turn|13
|callback|decision
|
|move|p1a: Mamoswine|Earthquake|p2a: Blastoise
|-damage|p2a: Blastoise|0 fnt
|-damage|p1a: Mamoswine|0 fnt|[from] item: Life Orb
|faint|p2a: Blastoise
|faint|p1a: Mamoswine
|
|callback|decision
|
|switch|p2a: Genesect|Genesect|85\/283
|switch|p1a: Aegislash|Aegislash, F|324\/324
|-boost|p2a: Genesect|atk|1|[from] ability: Download
|turn|14
|callback|decision
|
|-formechange|p1a: Aegislash|Aegislash-Blade
|move|p1a: Aegislash|Shadow Sneak|p2a: Genesect
|-crit|p2a: Genesect
|-damage|p2a: Genesect|0 fnt
|faint|p2a: Genesect
|
|callback|decision
|chat|(LoD) teso24|nooooooooooooooooooooooooooooooooooooooooooooooooooooooooooooooooooooooooooooooooooooooo
|
|switch|p2a: Greninja|Greninja, M|251\/286
|turn|15
|callback|decision
|
|-start|p2a: Greninja|typechange|Ghost|[from] Protean
|move|p2a: Greninja|Shadow Sneak|p1a: Aegislash
|-supereffective|p1a: Aegislash
|-damage|p1a: Aegislash|132\/324
|move|p1a: Aegislash|Sacred Sword|p2a: Greninja
|-immune|p2a: Greninja|[msg]
|
|-heal|p1a: Aegislash|152\/324|[from] item: Leftovers
|turn|16
|callback|decision
|
|-formechange|p1a: Aegislash|Aegislash
|move|p1a: Aegislash|King's Shield|p1a: Aegislash
|-singleturn|p1a: Aegislash|King's Shield
|move|p2a: Greninja|Shadow Sneak|p1a: Aegislash
|-activate|p1a: Aegislash|King's Shield
|-unboost|p2a: Greninja|atk|2
|
|-heal|p1a: Aegislash|172\/324|[from] item: Leftovers
|turn|17
|callback|decision
|
|move|p2a: Greninja|Shadow Sneak|p1a: Aegislash
|-supereffective|p1a: Aegislash
|-damage|p1a: Aegislash|130\/324
|-formechange|p1a: Aegislash|Aegislash-Blade
|move|p1a: Aegislash|Shadow Sneak|p2a: Greninja
|-supereffective|p2a: Greninja
|-damage|p2a: Greninja|11\/286
|
|-heal|p1a: Aegislash|150\/324|[from] item: Leftovers
|turn|18
|callback|decision
|
|move|p1a: Aegislash|Shadow Sneak|p2a: Greninja
|-supereffective|p2a: Greninja
|-damage|p2a: Greninja|0 fnt
|faint|p2a: Greninja
|
|win|Fenix-
|raw|Ladder actualizandose...
|raw|Fenix-'s rating: 1928 &rarr; <strong>1942<\/strong><br \/>(+14 for winning)
|raw|(LoD) teso24's rating: 1800 &rarr; <strong>1797<\/strong><br \/>(-3 for losing)