|join|MB JusslÂ®
|join|MB* Scarlet~Rose
|player|p1|MB JusslÂ®|mbjussl.gif
|player|p2|MB* Scarlet~Rose|185
|gametype|singles
|gen|6
|tier|OU
|clearpoke
|poke|p1|Infernape, M
|poke|p1|Whimsicott, F
|poke|p1|Manectric, M
|poke|p1|Espeon, F
|poke|p1|Porygon2
|poke|p1|Metagross, shiny
|poke|p2|Charizard, F, shiny
|poke|p2|Greninja, M, shiny
|poke|p2|Umbreon, M, shiny
|poke|p2|Haxorus, F, shiny
|poke|p2|Dusknoir, F
|poke|p2|Chatot, M
|rule|Sleep Clause Mod: Limit one foe put to sleep
|rule|Species Clause: Limit one of each Pokemon
|rule|OHKO Clause: OHKO moves are banned
|rule|Moody Clause: Moody is banned
|rule|Evasion Moves Clause: Evasion moves are banned
|rule|Endless Battle Clause: Forcing endless battles is banned.
|rule|HP Percentage Mod: HP is reported as percentages
|teampreview
|
|start
|switch|p1a: Espeon|Espeon, F|272\/272
|switch|p2a: Nigga Boom|Chatot, M|294\/294
|turn|1
|
|move|p1a: Espeon|Psyshock|p2a: Nigga Boom
|-damage|p2a: Nigga Boom|23\/294
|move|p2a: Nigga Boom|Chatter|p1a: Espeon
|-damage|p1a: Espeon|179\/272
|-start|p1a: Espeon|confusion
|
|turn|2
|
|-activate|p1a: Espeon|confusion
|-damage|p1a: Espeon|150\/272|[from] confusion
|move|p2a: Nigga Boom|Boomburst|p1a: Espeon
|-damage|p1a: Espeon|0 fnt
|faint|p1a: Espeon
|
|chat|MB JusslÂ®|oshe no
|
|switch|p1a: Infernape|Infernape, M|293\/293
|turn|3
|
|switch|p2a: Nigga Ghost|Dusknoir, F|294\/294
|-ability|p2a: Nigga Ghost|Pressure
|move|p1a: Infernape|Mach Punch|p2a: Nigga Ghost
|-immune|p2a: Nigga Ghost|[msg]
|
|turn|4
|
|move|p2a: Nigga Ghost|Shadow Sneak|p1a: Infernape
|-damage|p1a: Infernape|224\/293
|move|p1a: Infernape|Fire Punch|p2a: Nigga Ghost
|-damage|p2a: Nigga Ghost|148\/294
|-status|p2a: Nigga Ghost|brn
|-damage|p1a: Infernape|195\/293|[from] item: Life Orb
|
|-heal|p2a: Nigga Ghost|166\/294 brn|[from] item: Leftovers
|-damage|p2a: Nigga Ghost|130\/294 brn|[from] brn
|turn|5
|chat|MB JusslÂ®|lol
|
|move|p1a: Infernape|Fire Punch|p2a: Nigga Ghost
|-damage|p2a: Nigga Ghost|0 fnt
|-damage|p1a: Infernape|166\/293|[from] item: Life Orb
|faint|p2a: Nigga Ghost
|
|
|switch|p2a: Nigga Gamabunta|Greninja, M, shiny|286\/286
|turn|6
|
|-start|p2a: Nigga Gamabunta|typechange|Water|[from] Protean
|move|p2a: Nigga Gamabunta|Water Shuriken|p1a: Infernape
|-supereffective|p1a: Infernape
|-damage|p1a: Infernape|94\/293
|-supereffective|p1a: Infernape
|-damage|p1a: Infernape|27\/293
|-supereffective|p1a: Infernape
|-damage|p1a: Infernape|0 fnt
|-hitcount|p1a: Infernape|3
|faint|p1a: Infernape
|
|chat|MB* Scarlet~Rose|LOL C:
|
|switch|p1a: Porygon2|Porygon2|374\/374
|-ability|p1a: Porygon2|Protean|[from] ability: Trace|[of] p2a: Nigga Gamabunta
|turn|7
|
|-start|p2a: Nigga Gamabunta|typechange|Fighting|[from] Protean
|move|p2a: Nigga Gamabunta|Power-Up Punch|p1a: Porygon2
|-supereffective|p1a: Porygon2
|-damage|p1a: Porygon2|264\/374
|-boost|p2a: Nigga Gamabunta|atk|1
|-start|p1a: Porygon2|typechange|Electric|[from] Protean
|move|p1a: Porygon2|Thunder Wave|p2a: Nigga Gamabunta
|-status|p2a: Nigga Gamabunta|par
|
|turn|8
|
|move|p1a: Porygon2|Charge Beam|p2a: Nigga Gamabunta
|-damage|p2a: Nigga Gamabunta|210\/286 par
|-boost|p1a: Porygon2|spa|1
|move|p2a: Nigga Gamabunta|Power-Up Punch|p1a: Porygon2
|-crit|p1a: Porygon2
|-damage|p1a: Porygon2|177\/374
|-boost|p2a: Nigga Gamabunta|atk|1
|
|turn|9
|chat|MB* Scarlet~Rose|LOL :)
|
|-start|p1a: Porygon2|typechange|Normal|[from] Protean
|move|p1a: Porygon2|Recover|p1a: Porygon2
|-heal|p1a: Porygon2|364\/374
|cant|p2a: Nigga Gamabunta|par
|
|turn|10
|
|-start|p1a: Porygon2|typechange|Electric|[from] Protean
|move|p1a: Porygon2|Charge Beam|p2a: Nigga Gamabunta
|-damage|p2a: Nigga Gamabunta|81\/286 par
|-boost|p1a: Porygon2|spa|1
|move|p2a: Nigga Gamabunta|Power-Up Punch|p1a: Porygon2
|-damage|p1a: Porygon2|288\/374
|-boost|p2a: Nigga Gamabunta|atk|1
|
|turn|11
|
|-start|p2a: Nigga Gamabunta|typechange|Water|[from] Protean
|move|p2a: Nigga Gamabunta|Water Shuriken|p1a: Porygon2
|-crit|p1a: Porygon2
|-damage|p1a: Porygon2|225\/374
|-damage|p1a: Porygon2|188\/374
|-hitcount|p1a: Porygon2|2
|-start|p1a: Porygon2|typechange|Ice|[from] Protean
|move|p1a: Porygon2|Ice Beam|p2a: Nigga Gamabunta
|-resisted|p2a: Nigga Gamabunta
|-damage|p2a: Nigga Gamabunta|0 fnt
|faint|p2a: Nigga Gamabunta
|
|chat|MB* Scarlet~Rose|hahaha
|
|switch|p2a: Nigga Boom|Chatot, M|23\/294
|turn|12
|
|move|p2a: Nigga Boom|Chatter|p1a: Porygon2
|-damage|p1a: Porygon2|140\/374
|-start|p1a: Porygon2|confusion
|-activate|p1a: Porygon2|confusion
|move|p1a: Porygon2|Ice Beam|p2a: Nigga Boom
|-supereffective|p2a: Nigga Boom
|-damage|p2a: Nigga Boom|0 fnt
|faint|p2a: Nigga Boom
|
|
|switch|p2a: Nigga Umbro|Umbreon, M, shiny|394\/394
|turn|13
|
|move|p2a: Nigga Umbro|Toxic|p1a: Porygon2
|-status|p1a: Porygon2|tox
|-start|p1a: Porygon2|typechange|Normal|[from] Protean
|-activate|p1a: Porygon2|confusion
|-damage|p1a: Porygon2|120\/374 tox|[from] confusion
|
|-damage|p1a: Porygon2|97\/374 tox|[from] psn
|turn|14
|
|move|p2a: Nigga Umbro|Wish|p2a: Nigga Umbro
|-activate|p1a: Porygon2|confusion
|-damage|p1a: Porygon2|78\/374 tox|[from] confusion
|
|-damage|p1a: Porygon2|32\/374 tox|[from] psn
|turn|15
|
|move|p2a: Nigga Umbro|Snarl|p1a: Porygon2
|-damage|p1a: Porygon2|11\/374 tox
|-unboost|p1a: Porygon2|spa|1
|-end|p1a: Porygon2|confusion
|move|p1a: Porygon2|Recover|p1a: Porygon2
|-heal|p1a: Porygon2|198\/374 tox
|
|-damage|p1a: Porygon2|129\/374 tox|[from] psn
|turn|16
|
|move|p2a: Nigga Umbro|Wish|p2a: Nigga Umbro
|-start|p1a: Porygon2|typechange|Electric|[from] Protean
|move|p1a: Porygon2|Thunder Wave|p2a: Nigga Umbro
|-status|p2a: Nigga Umbro|par
|
|-damage|p1a: Porygon2|37\/374 tox|[from] psn
|turn|17
|
|-start|p1a: Porygon2|typechange|Normal|[from] Protean
|move|p1a: Porygon2|Recover|p1a: Porygon2
|-heal|p1a: Porygon2|224\/374 tox
|move|p2a: Nigga Umbro|Snarl|p1a: Porygon2
|-damage|p1a: Porygon2|202\/374 tox
|-unboost|p1a: Porygon2|spa|1
|
|-damage|p1a: Porygon2|87\/374 tox|[from] psn
|turn|18
|
|-start|p1a: Porygon2|typechange|Ice|[from] Protean
|move|p1a: Porygon2|Ice Beam|p2a: Nigga Umbro
|-damage|p2a: Nigga Umbro|331\/394 par
|move|p2a: Nigga Umbro|Snarl|p1a: Porygon2
|-damage|p1a: Porygon2|66\/374 tox
|-unboost|p1a: Porygon2|spa|1
|
|-heal|p2a: Nigga Umbro|355\/394 par|[from] item: Leftovers
|-damage|p1a: Porygon2|0 fnt|[from] psn
|faint|p1a: Porygon2
|
|switch|p1a: Whimsicott|Whimsicott, F|323\/323
|turn|19
|
|move|p1a: Whimsicott|Substitute|p1a: Whimsicott
|-start|p1a: Whimsicott|Substitute
|-damage|p1a: Whimsicott|243\/323
|move|p2a: Nigga Umbro|Toxic|p1a: Whimsicott
|
|-heal|p1a: Whimsicott|263\/323|[from] item: Leftovers
|-heal|p2a: Nigga Umbro|379\/394 par|[from] item: Leftovers
|turn|20
|
|switch|p2a: Nigga Draquesha|Haxorus, F, shiny|302\/302
|-ability|p2a: Nigga Draquesha|Mold Breaker
|move|p1a: Whimsicott|Encore|p2a: Nigga Draquesha
|-fail|p2a: Nigga Draquesha
|
|-heal|p1a: Whimsicott|283\/323|[from] item: Leftovers
|turn|21
|
|move|p1a: Whimsicott|Moonblast|p2a: Nigga Draquesha
|-supereffective|p2a: Nigga Draquesha
|-damage|p2a: Nigga Draquesha|42\/302
|move|p2a: Nigga Draquesha|Poison Jab|p1a: Whimsicott
|-supereffective|p1a: Whimsicott
|-end|p1a: Whimsicott|Substitute
|
|-heal|p1a: Whimsicott|303\/323|[from] item: Leftovers
|turn|22
|
|move|p1a: Whimsicott|Moonblast|p2a: Nigga Draquesha
|-supereffective|p2a: Nigga Draquesha
|-damage|p2a: Nigga Draquesha|0 fnt
|faint|p2a: Nigga Draquesha
|
|-heal|p1a: Whimsicott|323\/323|[from] item: Leftovers
|
|switch|p2a: Nigga Lizarda|Charizard, F, shiny|298\/298
|turn|23
|
|-weather|SunnyDay
|detailschange|p2a: Nigga Lizarda|Charizard-Mega-Y, F, shiny
|message|Charizard has Mega Evolved into Mega Charizard!
|move|p1a: Whimsicott|Leech Seed|p2a: Nigga Lizarda
|-start|p2a: Nigga Lizarda|move: Leech Seed
|move|p2a: Nigga Lizarda|Flamethrower|p1a: Whimsicott
|-supereffective|p1a: Whimsicott
|-damage|p1a: Whimsicott|0 fnt
|faint|p1a: Whimsicott
|
|-weather|SunnyDay|[upkeep]
|
|switch|p1a: Manectric|Manectric, M|281\/281
|turn|24
|
|switch|p2a: Nigga Umbro|Umbreon, M, shiny|379\/394 par
|-ability|p1a: Manectric|Intimidate|[of] p2a: Nigga Umbro
|-unboost|p2a: Nigga Umbro|atk|1
|detailschange|p1a: Manectric|Manectric-Mega, M
|message|Manectric has Mega Evolved into Mega Manectric!
|move|p1a: Manectric|Substitute|p1a: Manectric
|-start|p1a: Manectric|Substitute
|-damage|p1a: Manectric|211\/281
|
|-weather|SunnyDay|[upkeep]
|-heal|p2a: Nigga Umbro|394\/394 par|[from] item: Leftovers
|turn|25
|join|MB ShadowMaze
|
|move|p1a: Manectric|Flamethrower|p2a: Nigga Umbro
|-damage|p2a: Nigga Umbro|288\/394 par
|cant|p2a: Nigga Umbro|par
|
|-weather|SunnyDay|[upkeep]
|-heal|p2a: Nigga Umbro|312\/394 par|[from] item: Leftovers
|turn|26
|
|move|p1a: Manectric|Thunderbolt|p2a: Nigga Umbro
|-damage|p2a: Nigga Umbro|207\/394 par
|move|p2a: Nigga Umbro|Wish|p2a: Nigga Umbro
|
|-weather|SunnyDay|[upkeep]
|-heal|p2a: Nigga Umbro|231\/394 par|[from] item: Leftovers
|turn|27
|
|move|p1a: Manectric|Flamethrower|p2a: Nigga Umbro
|-crit|p2a: Nigga Umbro
|-damage|p2a: Nigga Umbro|73\/394 par
|move|p2a: Nigga Umbro|Snarl|p1a: Manectric
|-damage|p1a: Manectric|160\/281
|-unboost|p1a: Manectric|spa|1
|
|-weather|none
|-heal|p2a: Nigga Umbro|270\/394 par|[from] move: Wish|[wisher] Nigga Umbro
|-heal|p2a: Nigga Umbro|294\/394 par|[from] item: Leftovers
|turn|28
|chat|MB* Scarlet~Rose|huhuhu
|
|switch|p1a: Metagross|Metagross, shiny|364\/364
|move|p2a: Nigga Umbro|Wish|p2a: Nigga Umbro
|
|-heal|p2a: Nigga Umbro|318\/394 par|[from] item: Leftovers
|turn|29
|
|move|p1a: Metagross|Brick Break|p2a: Nigga Umbro
|-supereffective|p2a: Nigga Umbro
|-damage|p2a: Nigga Umbro|138\/394 par
|cant|p2a: Nigga Umbro|par
|
|-heal|p2a: Nigga Umbro|335\/394 par|[from] move: Wish|[wisher] Nigga Umbro
|-heal|p2a: Nigga Umbro|359\/394 par|[from] item: Leftovers
|turn|30
|chat|MB ShadowMaze|umbreon is so
|chat|MB ShadowMaze|gay
|chat|MB ShadowMaze|.-.
|
|switch|p2a: Nigga Lizarda|Charizard-Mega-Y, F, shiny|298\/298
|-weather|SunnyDay
|move|p1a: Metagross|Brick Break|p2a: Nigga Lizarda
|-crit|p2a: Nigga Lizarda
|-resisted|p2a: Nigga Lizarda
|-damage|p2a: Nigga Lizarda|212\/298
|
|-weather|SunnyDay|[upkeep]
|turn|31
|
|move|p2a: Nigga Lizarda|Flamethrower|p1a: Metagross
|-supereffective|p1a: Metagross
|-damage|p1a: Metagross|0 fnt
|faint|p1a: Metagross
|
|-weather|SunnyDay|[upkeep]
|
|switch|p1a: Manectric|Manectric-Mega, M|160\/281
|-ability|p1a: Manectric|Intimidate|[of] p2a: Nigga Lizarda
|-unboost|p2a: Nigga Lizarda|atk|1
|turn|32
|
|switch|p2a: Nigga Umbro|Umbreon, M, shiny|359\/394 par
|move|p1a: Manectric|Thunderbolt|p2a: Nigga Umbro
|-damage|p2a: Nigga Umbro|254\/394 par
|
|-weather|SunnyDay|[upkeep]
|-heal|p2a: Nigga Umbro|278\/394 par|[from] item: Leftovers
|turn|33
|
|move|p1a: Manectric|Flamethrower|p2a: Nigga Umbro
|-damage|p2a: Nigga Umbro|172\/394 par
|move|p2a: Nigga Umbro|Wish|p2a: Nigga Umbro
|
|-weather|SunnyDay|[upkeep]
|-heal|p2a: Nigga Umbro|196\/394 par|[from] item: Leftovers
|turn|34
|
|move|p1a: Manectric|Flamethrower|p2a: Nigga Umbro
|-crit|p2a: Nigga Umbro
|-damage|p2a: Nigga Umbro|57\/394 par
|move|p2a: Nigga Umbro|Snarl|p1a: Manectric
|-damage|p1a: Manectric|108\/281
|-unboost|p1a: Manectric|spa|1
|
|-weather|none
|-heal|p2a: Nigga Umbro|254\/394 par|[from] move: Wish|[wisher] Nigga Umbro
|-heal|p2a: Nigga Umbro|278\/394 par|[from] item: Leftovers
|turn|35
|
|move|p1a: Manectric|Thunderbolt|p2a: Nigga Umbro
|-damage|p2a: Nigga Umbro|209\/394 par
|move|p2a: Nigga Umbro|Wish|p2a: Nigga Umbro
|
|-heal|p2a: Nigga Umbro|233\/394 par|[from] item: Leftovers
|turn|36
|
|move|p1a: Manectric|Flamethrower|p2a: Nigga Umbro
|-damage|p2a: Nigga Umbro|191\/394 par
|move|p2a: Nigga Umbro|Snarl|p1a: Manectric
|-damage|p1a: Manectric|53\/281
|-unboost|p1a: Manectric|spa|1
|
|-heal|p2a: Nigga Umbro|388\/394 par|[from] move: Wish|[wisher] Nigga Umbro
|-heal|p2a: Nigga Umbro|394\/394 par|[from] item: Leftovers
|turn|37
|
|move|p1a: Manectric|Thunderbolt|p2a: Nigga Umbro
|-damage|p2a: Nigga Umbro|342\/394 par
|move|p2a: Nigga Umbro|Snarl|p1a: Manectric
|-damage|p1a: Manectric|4\/281
|-unboost|p1a: Manectric|spa|1
|
|-heal|p2a: Nigga Umbro|366\/394 par|[from] item: Leftovers
|turn|38
|
|move|p1a: Manectric|Thunderbolt|p2a: Nigga Umbro
|-damage|p2a: Nigga Umbro|321\/394 par
|move|p2a: Nigga Umbro|Snarl|p1a: Manectric
|-damage|p1a: Manectric|0 fnt
|faint|p1a: Manectric
|
|win|MB* Scarlet~Rose
|chat|MB* Scarlet~Rose|yeah
|chat|MB JusslÂ®|:c
|chat|MB JusslÂ®|gg
|leave|MB ShadowMaze
|leave|MB JusslÂ®
|player|p1