|join|User J2809
|join|Fenix-
|player|p1|User J2809|167
|player|p2|Fenix-|102
|gametype|singles
|gen|6
|tier|OU
|rated
|clearpoke
|poke|p1|Landorus-Therian, M
|poke|p1|Heatran, M
|poke|p1|Rotom-Wash
|poke|p1|Sylveon, F
|poke|p1|Pinsir, M
|poke|p1|Scizor, M
|poke|p2|Pinsir, M
|poke|p2|Heatran, M
|poke|p2|Kyurem-Black
|poke|p2|Aegislash, F
|poke|p2|Mandibuzz, F
|poke|p2|Rotom-Wash
|rule|Sleep Clause Mod: Limit one foe put to sleep
|rule|Species Clause: Limit one of each Pokemon
|rule|OHKO Clause: OHKO moves are banned
|rule|Moody Clause: Moody is banned
|rule|Evasion Moves Clause: Evasion moves are banned
|rule|Endless Battle Clause: Forcing endless battles is banned.
|rule|HP Percentage Mod: HP is reported as percentages
|teampreview
|
|start
|switch|p1a: Scummy|Landorus-Therian, M|381\/381
|switch|p2a: Rotom-Wash|Rotom-Wash|303\/303
|-ability|p1a: Scummy|Intimidate|[of] p2a: Rotom-Wash
|-unboost|p2a: Rotom-Wash|atk|1
|turn|1
|
|move|p1a: Scummy|U-turn|p2a: Rotom-Wash
|-damage|p2a: Rotom-Wash|251\/303
|
|switch|p1a: Smile|Rotom-Wash|304\/304
|move|p2a: Rotom-Wash|Will-O-Wisp|p1a: Smile
|-status|p1a: Smile|brn
|
|-damage|p1a: Smile|266\/304 brn|[from] brn
|turn|2
|
|move|p2a: Rotom-Wash|Volt Switch|p1a: Smile
|-damage|p1a: Smile|185\/304 brn
|
|switch|p2a: Heatran|Heatran, M|323\/323
|move|p1a: Smile|Volt Switch|p2a: Heatran
|-crit|p2a: Heatran
|-damage|p2a: Heatran|206\/323
|
|switch|p1a: Scummy|Landorus-Therian, M|381\/381
|-ability|p1a: Scummy|Intimidate|[of] p2a: Heatran
|-unboost|p2a: Heatran|atk|1
|
|turn|3
|
|switch|p2a: Rotom-Wash|Rotom-Wash|251\/303
|switch|p1a: uwotm8|Heatran, M|384\/384
|
|turn|4
|
|switch|p2a: Heatran|Heatran, M|206\/323
|move|p1a: uwotm8|Protect|p1a: uwotm8
|-fail|p1a: uwotm8
|
|turn|5
|
|switch|p1a: Smile|Rotom-Wash|185\/304 brn
|move|p2a: Heatran|Stealth Rock|p1a: Smile
|-sidestart|p1: User J2809|move: Stealth Rock
|
|-heal|p1a: Smile|204\/304 brn|[from] item: Leftovers
|-damage|p1a: Smile|166\/304 brn|[from] brn
|turn|6
|
|switch|p2a: Rotom-Wash|Rotom-Wash|251\/303
|move|p1a: Smile|Volt Switch|p2a: Rotom-Wash
|-damage|p2a: Rotom-Wash|166\/303
|
|switch|p1a: Gay as fuck|Sylveon, F|394\/394
|-damage|p1a: Gay as fuck|345\/394|[from] Stealth Rock
|
|-heal|p1a: Gay as fuck|369\/394|[from] item: Leftovers
|turn|7
|
|move|p2a: Rotom-Wash|Volt Switch|p1a: Gay as fuck
|-damage|p1a: Gay as fuck|314\/394
|
|switch|p2a: Aegislash|Aegislash, F|324\/324
|move|p1a: Gay as fuck|Wish|p1a: Gay as fuck
|
|-heal|p1a: Gay as fuck|338\/394|[from] item: Leftovers
|turn|8
|
|switch|p1a: Smile|Rotom-Wash|166\/304 brn
|-damage|p1a: Smile|128\/304 brn|[from] Stealth Rock
|-formechange|p2a: Aegislash|Aegislash-Blade
|move|p2a: Aegislash|Shadow Ball|p1a: Smile
|-damage|p1a: Smile|0 fnt
|faint|p1a: Smile
|
|
|switch|p1a: uwotm8|Heatran, M|384\/384
|-damage|p1a: uwotm8|336\/384|[from] Stealth Rock
|turn|9
|
|switch|p2a: Rotom-Wash|Rotom-Wash|166\/303
|move|p1a: uwotm8|Substitute|p1a: uwotm8
|-start|p1a: uwotm8|Substitute
|-damage|p1a: uwotm8|240\/384
|
|-heal|p1a: uwotm8|264\/384|[from] item: Leftovers
|turn|10
|
|move|p1a: uwotm8|Lava Plume|p2a: Rotom-Wash
|-resisted|p2a: Rotom-Wash
|-damage|p2a: Rotom-Wash|114\/303
|move|p2a: Rotom-Wash|Hydro Pump|p1a: uwotm8
|-supereffective|p1a: uwotm8
|-end|p1a: uwotm8|Substitute
|
|-heal|p1a: uwotm8|288\/384|[from] item: Leftovers
|turn|11
|
|move|p1a: uwotm8|Protect|p1a: uwotm8
|-singleturn|p1a: uwotm8|Protect
|move|p2a: Rotom-Wash|Volt Switch|p1a: uwotm8
|-activate|p1a: uwotm8|Protect
|
|-heal|p1a: uwotm8|312\/384|[from] item: Leftovers
|turn|12
|
|switch|p1a: Gay as fuck|Sylveon, F|338\/394
|-damage|p1a: Gay as fuck|289\/394|[from] Stealth Rock
|move|p2a: Rotom-Wash|Hydro Pump|p1a: Gay as fuck
|-damage|p1a: Gay as fuck|208\/394
|
|-heal|p1a: Gay as fuck|232\/394|[from] item: Leftovers
|turn|13
|
|move|p2a: Rotom-Wash|Volt Switch|p1a: Gay as fuck
|-damage|p1a: Gay as fuck|181\/394
|
|switch|p2a: Pinsir|Pinsir, M|271\/271
|-ability|p2a: Pinsir|Mold Breaker
|move|p1a: Gay as fuck|Wish|p1a: Gay as fuck
|
|-heal|p1a: Gay as fuck|205\/394|[from] item: Leftovers
|turn|14
|
|switch|p1a: Scummy|Landorus-Therian, M|381\/381
|-damage|p1a: Scummy|334\/381|[from] Stealth Rock
|-ability|p1a: Scummy|Intimidate|[of] p2a: Pinsir
|-unboost|p2a: Pinsir|atk|1
|-formechange|p2a: Pinsir|Pinsir-Mega
|message|Pinsir has Mega Evolved into Mega Pinsir!
|move|p2a: Pinsir|Frustration|p1a: Scummy
|-damage|p1a: Scummy|139\/381
|
|-heal|p1a: Scummy|336\/381|[from] move: Wish|[wisher] Gay as fuck
|-heal|p1a: Scummy|359\/381|[from] item: Leftovers
|turn|15
|
|switch|p2a: Mandibuzz|Mandibuzz, F|424\/424
|move|p1a: Scummy|Stealth Rock|p2a: Mandibuzz
|-sidestart|p2: Fenix-|move: Stealth Rock
|
|-heal|p1a: Scummy|381\/381|[from] item: Leftovers
|turn|16
|
|move|p1a: Scummy|U-turn|p2a: Mandibuzz
|-damage|p2a: Mandibuzz|375\/424
|-damage|p1a: Scummy|318\/381|[from] item: Rocky Helmet|[of] p2a: Mandibuzz
|
|switch|p1a: uwotm8|Heatran, M|312\/384
|-damage|p1a: uwotm8|264\/384|[from] Stealth Rock
|move|p2a: Mandibuzz|Defog|p1a: uwotm8
|-unboost|p1a: uwotm8|evasion|1
|-sideend|p1: User J2809|Stealth Rock|[from] move: Defog|[of] p1a: uwotm8
|-sideend|p2: Fenix-|Stealth Rock|[from] move: Defog|[of] p2a: Mandibuzz
|
|-heal|p1a: uwotm8|288\/384|[from] item: Leftovers
|turn|17
|
|switch|p1a: Scummy|Landorus-Therian, M|318\/381
|-ability|p1a: Scummy|Intimidate|[of] p2a: Mandibuzz
|-unboost|p2a: Mandibuzz|atk|1
|switch|p2a: Rotom-Wash|Rotom-Wash|114\/303
|
|-heal|p1a: Scummy|341\/381|[from] item: Leftovers
|turn|18
|
|move|p1a: Scummy|Stealth Rock|p2a: Rotom-Wash
|-sidestart|p2: Fenix-|move: Stealth Rock
|move|p2a: Rotom-Wash|Rest|p2a: Rotom-Wash
|-status|p2a: Rotom-Wash|slp
|-heal|p2a: Rotom-Wash|303\/303 slp|[silent]
|-status|p2a: Rotom-Wash|slp|[from] move: Rest
|-enditem|p2a: Rotom-Wash|Chesto Berry|[eat]
|-curestatus|p2a: Rotom-Wash|slp
|
|-heal|p1a: Scummy|364\/381|[from] item: Leftovers
|turn|19
|
|move|p1a: Scummy|U-turn|p2a: Rotom-Wash
|-damage|p2a: Rotom-Wash|247\/303
|
|switch|p1a: Gay as fuck|Sylveon, F|205\/394
|move|p2a: Rotom-Wash|Will-O-Wisp|p1a: Gay as fuck
|-status|p1a: Gay as fuck|brn
|
|-heal|p1a: Gay as fuck|229\/394 brn|[from] item: Leftovers
|-damage|p1a: Gay as fuck|180\/394 brn|[from] brn
|turn|20
|
|move|p2a: Rotom-Wash|Volt Switch|p1a: Gay as fuck
|-damage|p1a: Gay as fuck|131\/394 brn
|
|switch|p2a: Mandibuzz|Mandibuzz, F|375\/424
|-damage|p2a: Mandibuzz|269\/424|[from] Stealth Rock
|move|p1a: Gay as fuck|Wish|p1a: Gay as fuck
|
|-heal|p1a: Gay as fuck|155\/394 brn|[from] item: Leftovers
|-damage|p1a: Gay as fuck|106\/394 brn|[from] brn
|turn|21
|
|move|p2a: Mandibuzz|Defog|p1a: Gay as fuck
|-unboost|p1a: Gay as fuck|evasion|1
|-sideend|p2: Fenix-|Stealth Rock|[from] move: Defog|[of] p2a: Mandibuzz
|move|p1a: Gay as fuck|Heal Bell|p1a: Gay as fuck
|-cureteam|p1a: Gay as fuck|[from] move: HealBell
|
|-heal|p1a: Gay as fuck|303\/394|[from] move: Wish|[wisher] Gay as fuck
|-heal|p1a: Gay as fuck|327\/394|[from] item: Leftovers
|turn|22
|
|switch|p2a: Heatran|Heatran, M|206\/323
|switch|p1a: Scummy|Landorus-Therian, M|364\/381
|-ability|p1a: Scummy|Intimidate|[of] p2a: Heatran
|-unboost|p2a: Heatran|atk|1
|
|-heal|p1a: Scummy|381\/381|[from] item: Leftovers
|turn|23
|
|move|p2a: Heatran|Fire Blast|p1a: Scummy
|-damage|p1a: Scummy|123\/381
|move|p1a: Scummy|Stealth Rock|p2a: Heatran
|-sidestart|p2: Fenix-|move: Stealth Rock
|
|-heal|p1a: Scummy|146\/381|[from] item: Leftovers
|turn|24
|
|switch|p1a: Gay as fuck|Sylveon, F|327\/394
|move|p2a: Heatran|Fire Blast|p1a: Gay as fuck
|-damage|p1a: Gay as fuck|219\/394
|
|-heal|p1a: Gay as fuck|243\/394|[from] item: Leftovers
|turn|25
|
|switch|p2a: Mandibuzz|Mandibuzz, F|269\/424
|-damage|p2a: Mandibuzz|163\/424|[from] Stealth Rock
|move|p1a: Gay as fuck|Wish|p1a: Gay as fuck
|
|-heal|p1a: Gay as fuck|267\/394|[from] item: Leftovers
|turn|26
|
|move|p2a: Mandibuzz|Roost|p2a: Mandibuzz
|-heal|p2a: Mandibuzz|375\/424
|move|p1a: Gay as fuck|Hyper Voice|p2a: Mandibuzz
|-supereffective|p2a: Mandibuzz
|-damage|p2a: Mandibuzz|85\/424
|
|-heal|p1a: Gay as fuck|394\/394|[from] move: Wish|[wisher] Gay as fuck
|turn|27
|
|move|p2a: Mandibuzz|Roost|p2a: Mandibuzz
|-heal|p2a: Mandibuzz|297\/424
|move|p1a: Gay as fuck|Hyper Voice|p2a: Mandibuzz
|-supereffective|p2a: Mandibuzz
|-damage|p2a: Mandibuzz|0 fnt
|faint|p2a: Mandibuzz
|
|
|switch|p2a: Pinsir|Pinsir, M|271\/271
|-formechange|p2a: Pinsir|Pinsir-Mega
|-damage|p2a: Pinsir|136\/271|[from] Stealth Rock
|turn|28
|
|move|p2a: Pinsir|Swords Dance|p2a: Pinsir
|-boost|p2a: Pinsir|atk|2
|move|p1a: Gay as fuck|Hyper Voice|p2a: Pinsir
|-damage|p2a: Pinsir|0 fnt
|faint|p2a: Pinsir
|
|
|switch|p2a: Heatran|Heatran, M|206\/323
|-damage|p2a: Heatran|166\/323|[from] Stealth Rock
|turn|29
|
|move|p1a: Gay as fuck|Protect|p1a: Gay as fuck
|-singleturn|p1a: Gay as fuck|Protect
|move|p2a: Heatran|Stealth Rock|p1a: Gay as fuck
|-sidestart|p1: User J2809|move: Stealth Rock
|
|turn|30
|
|switch|p2a: Aegislash|Aegislash, F|324\/324
|-damage|p2a: Aegislash|304\/324|[from] Stealth Rock
|move|p1a: Gay as fuck|Hyper Voice|p2a: Aegislash
|-resisted|p2a: Aegislash
|-damage|p2a: Aegislash|250\/324
|
|-heal|p2a: Aegislash|270\/324|[from] item: Leftovers
|turn|31
|
|move|p1a: Gay as fuck|Wish|p1a: Gay as fuck
|-formechange|p2a: Aegislash|Aegislash-Blade
|move|p2a: Aegislash|Shadow Ball|p1a: Gay as fuck
|-damage|p1a: Gay as fuck|288\/394
|
|-heal|p1a: Gay as fuck|312\/394|[from] item: Leftovers
|-heal|p2a: Aegislash|290\/324|[from] item: Leftovers
|turn|32
|
|switch|p1a: uwotm8|Heatran, M|288\/384
|-damage|p1a: uwotm8|240\/384|[from] Stealth Rock
|move|p2a: Aegislash|Shadow Ball|p1a: uwotm8
|-damage|p1a: uwotm8|98\/384
|
|-heal|p1a: uwotm8|295\/384|[from] move: Wish|[wisher] Gay as fuck
|-heal|p1a: uwotm8|319\/384|[from] item: Leftovers
|-heal|p2a: Aegislash|310\/324|[from] item: Leftovers
|turn|33
|
|switch|p2a: Rotom-Wash|Rotom-Wash|247\/303
|-damage|p2a: Rotom-Wash|210\/303|[from] Stealth Rock
|move|p1a: uwotm8|Substitute|p1a: uwotm8
|-start|p1a: uwotm8|Substitute
|-damage|p1a: uwotm8|223\/384
|
|-heal|p1a: uwotm8|247\/384|[from] item: Leftovers
|turn|34
|
|move|p1a: uwotm8|Protect|p1a: uwotm8
|-singleturn|p1a: uwotm8|Protect
|move|p2a: Rotom-Wash|Hydro Pump|p1a: uwotm8
|-activate|p1a: uwotm8|Protect
|
|-heal|p1a: uwotm8|271\/384|[from] item: Leftovers
|turn|35
|
|move|p1a: uwotm8|Torment|p2a: Rotom-Wash
|-start|p2a: Rotom-Wash|Torment
|move|p2a: Rotom-Wash|Hydro Pump|p1a: uwotm8
|-supereffective|p1a: uwotm8
|-end|p1a: uwotm8|Substitute
|
|-heal|p1a: uwotm8|295\/384|[from] item: Leftovers
|turn|36
|
|switch|p2a: Kyurem-Black|Kyurem-Black|404\/404
|-damage|p2a: Kyurem-Black|303\/404|[from] Stealth Rock
|-ability|p2a: Kyurem-Black|Teravolt
|move|p1a: uwotm8|Protect|p1a: uwotm8
|-fail|p1a: uwotm8
|
|-heal|p2a: Kyurem-Black|328\/404|[from] item: Leftovers
|-heal|p1a: uwotm8|319\/384|[from] item: Leftovers
|turn|37
|
|switch|p1a: Gay as fuck|Sylveon, F|312\/394
|-damage|p1a: Gay as fuck|263\/394|[from] Stealth Rock
|move|p2a: Kyurem-Black|Substitute|p2a: Kyurem-Black
|-start|p2a: Kyurem-Black|Substitute
|-damage|p2a: Kyurem-Black|227\/404
|
|-heal|p2a: Kyurem-Black|252\/404|[from] item: Leftovers
|-heal|p1a: Gay as fuck|287\/394|[from] item: Leftovers
|turn|38
|
|move|p2a: Kyurem-Black|Ice Beam|p1a: Gay as fuck
|-damage|p1a: Gay as fuck|188\/394
|-status|p1a: Gay as fuck|frz
|cant|p1a: Gay as fuck|frz
|
|-heal|p2a: Kyurem-Black|277\/404|[from] item: Leftovers
|-heal|p1a: Gay as fuck|212\/394 frz|[from] item: Leftovers
|turn|39
|chat|User J2809|rofl
|
|move|p2a: Kyurem-Black|Fusion Bolt|p1a: Gay as fuck
|-damage|p1a: Gay as fuck|34\/394 frz
|-curestatus|p1a: Gay as fuck|frz
|move|p1a: Gay as fuck|Hyper Voice|p2a: Kyurem-Black
|-supereffective|p2a: Kyurem-Black
|-damage|p2a: Kyurem-Black|0 fnt
|faint|p2a: Kyurem-Black
|
|-heal|p1a: Gay as fuck|58\/394|[from] item: Leftovers
|
|switch|p2a: Aegislash|Aegislash, F|310\/324
|-damage|p2a: Aegislash|290\/324|[from] Stealth Rock
|turn|40
|
|move|p1a: Gay as fuck|Hyper Voice|p2a: Aegislash
|-resisted|p2a: Aegislash
|-damage|p2a: Aegislash|240\/324
|-formechange|p2a: Aegislash|Aegislash-Blade
|move|p2a: Aegislash|Shadow Ball|p1a: Gay as fuck
|-damage|p1a: Gay as fuck|0 fnt
|faint|p1a: Gay as fuck
|
|-heal|p2a: Aegislash|260\/324|[from] item: Leftovers
|
|switch|p1a: uwotm8|Heatran, M|319\/384
|-damage|p1a: uwotm8|271\/384|[from] Stealth Rock
|turn|41
|
|switch|p2a: Rotom-Wash|Rotom-Wash|210\/303
|-damage|p2a: Rotom-Wash|173\/303|[from] Stealth Rock
|move|p1a: uwotm8|Lava Plume|p2a: Rotom-Wash
|-resisted|p2a: Rotom-Wash
|-damage|p2a: Rotom-Wash|113\/303
|
|-heal|p1a: uwotm8|295\/384|[from] item: Leftovers
|turn|42
|
|switch|p1a: Scizor|Scizor, M|344\/344
|-damage|p1a: Scizor|301\/344|[from] Stealth Rock
|move|p2a: Rotom-Wash|Volt Switch|p1a: Scizor
|-damage|p1a: Scizor|187\/344
|
|switch|p2a: Heatran|Heatran, M|166\/323
|-damage|p2a: Heatran|126\/323|[from] Stealth Rock
|
|turn|43
|
|move|p2a: Heatran|Stone Edge|p1a: Scizor|[miss]
|-miss|p2a: Heatran|p1a: Scizor
|move|p1a: Scizor|Knock Off|p2a: Heatran
|-damage|p2a: Heatran|0 fnt
|faint|p2a: Heatran
|
|
|switch|p2a: Rotom-Wash|Rotom-Wash|113\/303
|-damage|p2a: Rotom-Wash|76\/303|[from] Stealth Rock
|turn|44
|
|move|p2a: Rotom-Wash|Will-O-Wisp|p1a: Scizor
|-status|p1a: Scizor|brn
|move|p1a: Scizor|Knock Off|p2a: Rotom-Wash
|-damage|p2a: Rotom-Wash|33\/303
|
|-damage|p1a: Scizor|144\/344 brn|[from] brn
|turn|45
|
|move|p2a: Rotom-Wash|Rest|p2a: Rotom-Wash
|-status|p2a: Rotom-Wash|slp
|-heal|p2a: Rotom-Wash|303\/303 slp|[silent]
|-status|p2a: Rotom-Wash|slp|[from] move: Rest
|move|p1a: Scizor|Knock Off|p2a: Rotom-Wash
|-damage|p2a: Rotom-Wash|260\/303 slp
|
|-damage|p1a: Scizor|101\/344 brn|[from] brn
|turn|46
|
|switch|p2a: Aegislash|Aegislash, F|260\/324
|-damage|p2a: Aegislash|240\/324|[from] Stealth Rock
|switch|p1a: Scummy|Landorus-Therian, M|146\/381
|-damage|p1a: Scummy|99\/381|[from] Stealth Rock
|-ability|p1a: Scummy|Intimidate|[of] p2a: Aegislash
|-unboost|p2a: Aegislash|atk|1
|
|-heal|p1a: Scummy|122\/381|[from] item: Leftovers
|-heal|p2a: Aegislash|260\/324|[from] item: Leftovers
|turn|47
|
|switch|p2a: Rotom-Wash|Rotom-Wash|260\/303 slp
|-damage|p2a: Rotom-Wash|223\/303 slp|[from] Stealth Rock
|move|p1a: Scummy|Earthquake|p2a: Rotom-Wash
|-immune|p2a: Rotom-Wash|[msg]
|
|-heal|p1a: Scummy|145\/381|[from] item: Leftovers
|turn|48
|
|move|p1a: Scummy|U-turn|p2a: Rotom-Wash
|-damage|p2a: Rotom-Wash|166\/303 slp
|
|switch|p1a: Scizor|Scizor, M|101\/344 brn
|-damage|p1a: Scizor|58\/344 brn|[from] Stealth Rock
|cant|p2a: Rotom-Wash|slp
|
|-damage|p1a: Scizor|15\/344 brn|[from] brn
|turn|49
|
|cant|p2a: Rotom-Wash|slp
|move|p1a: Scizor|U-turn|p2a: Rotom-Wash
|-damage|p2a: Rotom-Wash|94\/303 slp
|
|switch|p1a: Broken.|Pinsir, M|271\/271
|-damage|p1a: Broken.|204\/271|[from] Stealth Rock
|-ability|p1a: Broken.|Mold Breaker
|
|turn|50
|
|move|p1a: Broken.|Earthquake|p2a: Rotom-Wash
|-supereffective|p2a: Rotom-Wash
|-damage|p2a: Rotom-Wash|0 fnt
|faint|p2a: Rotom-Wash
|
|
|switch|p2a: Aegislash|Aegislash, F|260\/324
|-damage|p2a: Aegislash|240\/324|[from] Stealth Rock
|turn|51
|
|-formechange|p1a: Broken.|Pinsir-Mega
|message|Pinsir has Mega Evolved into Mega Pinsir!
|move|p1a: Broken.|Earthquake|p2a: Aegislash
|-supereffective|p2a: Aegislash
|-damage|p2a: Aegislash|46\/324
|-formechange|p2a: Aegislash|Aegislash-Blade
|move|p2a: Aegislash|Shadow Ball|p1a: Broken.
|-damage|p1a: Broken.|17\/271
|-unboost|p1a: Broken.|spd|1
|
|-heal|p2a: Aegislash|66\/324|[from] item: Leftovers
|turn|52
|
|-formechange|p2a: Aegislash|Aegislash
|move|p2a: Aegislash|King's Shield|p2a: Aegislash
|-singleturn|p2a: Aegislash|Protect
|move|p1a: Broken.|Quick Attack|p2a: Aegislash
|-activate|p2a: Aegislash|Protect
|-unboost|p1a: Broken.|atk|2
|
|-heal|p2a: Aegislash|86\/324|[from] item: Leftovers
|turn|53
|
|move|p1a: Broken.|Quick Attack|p2a: Aegislash
|-resisted|p2a: Aegislash
|-damage|p2a: Aegislash|68\/324
|-formechange|p2a: Aegislash|Aegislash-Blade
|move|p2a: Aegislash|Shadow Sneak|p1a: Broken.
|-damage|p1a: Broken.|0 fnt
|faint|p1a: Broken.
|
|-heal|p2a: Aegislash|88\/324|[from] item: Leftovers
|
|switch|p1a: uwotm8|Heatran, M|295\/384
|-damage|p1a: uwotm8|247\/384|[from] Stealth Rock
|turn|54
|
|-formechange|p2a: Aegislash|Aegislash
|move|p2a: Aegislash|King's Shield|p2a: Aegislash
|-singleturn|p2a: Aegislash|Protect
|move|p1a: uwotm8|Lava Plume|p2a: Aegislash
|-activate|p2a: Aegislash|Protect
|
|-heal|p1a: uwotm8|271\/384|[from] item: Leftovers
|-heal|p2a: Aegislash|108\/324|[from] item: Leftovers
|turn|55
|
|move|p1a: uwotm8|Lava Plume|p2a: Aegislash
|-supereffective|p2a: Aegislash
|-damage|p2a: Aegislash|0 fnt
|faint|p2a: Aegislash
|
|win|User J2809
|raw|Ladder actualizandose...
|raw|User J2809's rating: 1146 &rarr; <strong>1171<\/strong><br \/>(+25 for winning)
|raw|Fenix-'s rating: 1154 &rarr; <strong>1128<\/strong><br \/>(-26 for losing)
|leave|Fenix-
|player|p2