|join|Chocolove
|join|fruitloops
|player|p1|Chocolove|3
|player|p2|fruitloops|101
|gametype|singles
|gen|6
|tier|UU
|rated
|rule|Sleep Clause Mod: Limit one foe put to sleep
|rule|Species Clause: Limit one of each Pokemon
|rule|OHKO Clause: OHKO moves are banned
|rule|Moody Clause: Moody is banned
|rule|Evasion Moves Clause: Evasion moves are banned
|rule|Endless Battle Clause: Forcing endless battles is banned.
|rule|HP Percentage Mod: HP is reported as percentages
|clearpoke
|poke|p1|Aerodactyl, F, shiny
|poke|p1|Cobalion
|poke|p1|Ludicolo, F
|poke|p1|Raikou
|poke|p1|Entei, shiny
|poke|p1|Dugtrio, M
|poke|p2|Metagross
|poke|p2|Rotom-Heat
|poke|p2|Absol, M
|poke|p2|Empoleon, F
|poke|p2|Celebi
|poke|p2|Honchkrow, F
|teampreview
|
|start
|switch|p1a: Mexicolo|Ludicolo, F|364\/364
|switch|p2a: Celebi|Celebi|395\/395
|turn|1
|
|move|p2a: Celebi|Hidden Power|p1a: Mexicolo
|-supereffective|p1a: Mexicolo
|-damage|p1a: Mexicolo|228\/364
|move|p1a: Mexicolo|Ice Beam|p2a: Celebi
|-supereffective|p2a: Celebi
|-damage|p2a: Celebi|217\/395
|
|-heal|p2a: Celebi|241\/395|[from] item: Leftovers
|-heal|p1a: Mexicolo|250\/364|[from] item: Leftovers
|turn|2
|
|switch|p1a: Pink Ranger|Aerodactyl, F, shiny|302\/302
|-ability|p1a: Pink Ranger|Pressure
|move|p2a: Celebi|Hidden Power|p1a: Pink Ranger
|-resisted|p1a: Pink Ranger
|-damage|p1a: Pink Ranger|257\/302
|
|-heal|p2a: Celebi|265\/395|[from] item: Leftovers
|turn|3
|
|switch|p2a: Metagross|Metagross|302\/302
|-formechange|p1a: Pink Ranger|Aerodactyl-Mega
|message|Aerodactyl has Mega Evolved into Mega Aerodactyl!
|move|p1a: Pink Ranger|Aerial Ace|p2a: Metagross
|-resisted|p2a: Metagross
|-damage|p2a: Metagross|236\/302
|
|turn|4
|
|switch|p1a: Molly|Entei, shiny|372\/372
|-ability|p1a: Molly|Pressure
|move|p2a: Metagross|Meteor Mash|p1a: Molly
|-resisted|p1a: Molly
|-damage|p1a: Molly|239\/372
|-damage|p2a: Metagross|206\/302|[from] item: Life Orb
|
|-heal|p1a: Molly|262\/372|[from] item: Leftovers
|turn|5
|
|switch|p2a: Rotom-Heat|Rotom-Heat|304\/304
|move|p1a: Molly|Sacred Fire|p2a: Rotom-Heat
|-resisted|p2a: Rotom-Heat
|-damage|p2a: Rotom-Heat|216\/304
|
|-heal|p1a: Molly|285\/372|[from] item: Leftovers
|-heal|p2a: Rotom-Heat|235\/304|[from] item: Leftovers
|turn|6
|
|move|p1a: Molly|Stone Edge|p2a: Rotom-Heat
|-supereffective|p2a: Rotom-Heat
|-damage|p2a: Rotom-Heat|9\/304
|move|p2a: Rotom-Heat|Pain Split|p1a: Molly
|-sethp|p1a: Molly|147\/372|p2a: Rotom-Heat|147\/304|[from] move: Pain Split
|
|-heal|p1a: Molly|170\/372|[from] item: Leftovers
|-heal|p2a: Rotom-Heat|166\/304|[from] item: Leftovers
|turn|7
|
|switch|p2a: Empoleon|Empoleon, F|372\/372
|move|p1a: Molly|Sacred Fire|p2a: Empoleon
|-damage|p2a: Empoleon|227\/372
|
|-heal|p1a: Molly|193\/372|[from] item: Leftovers
|-heal|p2a: Empoleon|250\/372|[from] item: Leftovers
|turn|8
|
|move|p1a: Molly|Sunny Day|p1a: Molly
|-weather|SunnyDay
|move|p2a: Empoleon|Stealth Rock|p1a: Molly
|-sidestart|p1: Chocolove|move: Stealth Rock
|
|-weather|SunnyDay|[upkeep]
|-heal|p1a: Molly|216\/372|[from] item: Leftovers
|-heal|p2a: Empoleon|273\/372|[from] item: Leftovers
|turn|9
|
|move|p1a: Molly|Sacred Fire|p2a: Empoleon
|-damage|p2a: Empoleon|45\/372
|move|p2a: Empoleon|Roar|p1a: Molly
|drag|p1a: Mexicolo|Ludicolo, F|250\/364
|-damage|p1a: Mexicolo|205\/364|[from] Stealth Rock
|
|-weather|SunnyDay|[upkeep]
|-heal|p1a: Mexicolo|227\/364|[from] item: Leftovers
|-heal|p2a: Empoleon|68\/372|[from] item: Leftovers
|turn|10
|
|switch|p2a: Rotom-Heat|Rotom-Heat|166\/304
|move|p1a: Mexicolo|Leech Seed|p2a: Rotom-Heat|[miss]
|-miss|p1a: Mexicolo|p2a: Rotom-Heat
|
|-weather|SunnyDay|[upkeep]
|-heal|p2a: Rotom-Heat|185\/304|[from] item: Leftovers
|-heal|p1a: Mexicolo|249\/364|[from] item: Leftovers
|turn|11
|
|move|p2a: Rotom-Heat|Volt Switch|p1a: Mexicolo
|-damage|p1a: Mexicolo|161\/364
|
|switch|p2a: Celebi|Celebi|265\/395
|move|p1a: Mexicolo|Leech Seed|p2a: Celebi
|-immune|p2a: Celebi|[msg]
|
|-weather|SunnyDay|[upkeep]
|-heal|p2a: Celebi|289\/395|[from] item: Leftovers
|-heal|p1a: Mexicolo|183\/364|[from] item: Leftovers
|turn|12
|
|move|p2a: Celebi|Giga Drain|p1a: Mexicolo
|-damage|p1a: Mexicolo|54\/364
|-heal|p2a: Celebi|354\/395|[from] drain|[of] p1a: Mexicolo
|move|p1a: Mexicolo|Ice Beam|p2a: Celebi
|-supereffective|p2a: Celebi
|-damage|p2a: Celebi|178\/395
|
|-weather|none
|-heal|p2a: Celebi|202\/395|[from] item: Leftovers
|-heal|p1a: Mexicolo|76\/364|[from] item: Leftovers
|turn|13
|
|switch|p2a: Empoleon|Empoleon, F|68\/372
|move|p1a: Mexicolo|Ice Beam|p2a: Empoleon
|-resisted|p2a: Empoleon
|-damage|p2a: Empoleon|45\/372
|
|-heal|p1a: Mexicolo|98\/364|[from] item: Leftovers
|-heal|p2a: Empoleon|68\/372|[from] item: Leftovers
|turn|14
|
|switch|p2a: Celebi|Celebi|202\/395
|move|p1a: Mexicolo|Giga Drain|p2a: Celebi
|-resisted|p2a: Celebi
|-damage|p2a: Celebi|149\/395
|-heal|p1a: Mexicolo|125\/364|[from] drain|[of] p2a: Celebi
|
|-heal|p2a: Celebi|173\/395|[from] item: Leftovers
|-heal|p1a: Mexicolo|147\/364|[from] item: Leftovers
|turn|15
|join|biggestblackbitch
|
|move|p2a: Celebi|Giga Drain|p1a: Mexicolo
|-damage|p1a: Mexicolo|14\/364
|-heal|p2a: Celebi|240\/395|[from] drain|[of] p1a: Mexicolo
|move|p1a: Mexicolo|Ice Beam|p2a: Celebi
|-supereffective|p2a: Celebi
|-damage|p2a: Celebi|64\/395
|
|-heal|p2a: Celebi|88\/395|[from] item: Leftovers
|-heal|p1a: Mexicolo|36\/364|[from] item: Leftovers
|turn|16
|
|move|p2a: Celebi|Giga Drain|p1a: Mexicolo
|-damage|p1a: Mexicolo|0 fnt
|-heal|p2a: Celebi|106\/395|[from] drain|[of] p1a: Mexicolo
|faint|p1a: Mexicolo
|
|-heal|p2a: Celebi|130\/395|[from] item: Leftovers
|
|switch|p1a: Useless Musketeer|Cobalion|324\/324
|-damage|p1a: Useless Musketeer|314\/324|[from] Stealth Rock
|turn|17
|leave|biggestblackbitch
|
|switch|p2a: Metagross|Metagross|206\/302
|move|p1a: Useless Musketeer|Swords Dance|p1a: Useless Musketeer
|-boost|p1a: Useless Musketeer|atk|2
|
|-heal|p1a: Useless Musketeer|324\/324|[from] item: Leftovers
|turn|18
|
|move|p1a: Useless Musketeer|Close Combat|p2a: Metagross
|-damage|p2a: Metagross|0 fnt
|-unboost|p1a: Useless Musketeer|def|1
|-unboost|p1a: Useless Musketeer|spd|1
|faint|p2a: Metagross
|
|
|switch|p2a: Rotom-Heat|Rotom-Heat|185\/304
|turn|19
|
|move|p1a: Useless Musketeer|Stone Edge|p2a: Rotom-Heat|[miss]
|-miss|p1a: Useless Musketeer|p2a: Rotom-Heat
|move|p2a: Rotom-Heat|Will-O-Wisp|p1a: Useless Musketeer|[miss]
|-miss|p2a: Rotom-Heat|p1a: Useless Musketeer
|
|-heal|p2a: Rotom-Heat|204\/304|[from] item: Leftovers
|turn|20
|
|switch|p2a: Empoleon|Empoleon, F|68\/372
|move|p1a: Useless Musketeer|Stone Edge|p2a: Empoleon
|-crit|p2a: Empoleon
|-resisted|p2a: Empoleon
|-damage|p2a: Empoleon|0 fnt
|faint|p2a: Empoleon
|
|
|switch|p2a: Absol|Absol, M|271\/271
|-ability|p2a: Absol|Pressure
|turn|21
|
|switch|p2a: Rotom-Heat|Rotom-Heat|204\/304
|move|p1a: Useless Musketeer|Iron Head|p2a: Rotom-Heat
|-resisted|p2a: Rotom-Heat
|-damage|p2a: Rotom-Heat|150\/304
|
|-heal|p2a: Rotom-Heat|169\/304|[from] item: Leftovers
|turn|22
|
|move|p1a: Useless Musketeer|Stone Edge|p2a: Rotom-Heat
|-supereffective|p2a: Rotom-Heat
|-damage|p2a: Rotom-Heat|0 fnt
|faint|p2a: Rotom-Heat
|
|
|switch|p2a: Honchkrow|Honchkrow, F|404\/404
|turn|23
|
|move|p1a: Useless Musketeer|Iron Head|p2a: Honchkrow
|-damage|p2a: Honchkrow|62\/404
|cant|p2a: Honchkrow|flinch
|
|turn|24
|
|move|p2a: Honchkrow|Sucker Punch|p1a: Useless Musketeer
|-resisted|p1a: Useless Musketeer
|-damage|p1a: Useless Musketeer|202\/324
|-boost|p1a: Useless Musketeer|atk|1|[from] ability: Justified
|-damage|p2a: Honchkrow|22\/404|[from] item: Life Orb
|move|p1a: Useless Musketeer|Iron Head|p2a: Honchkrow
|-damage|p2a: Honchkrow|0 fnt
|faint|p2a: Honchkrow
|
|-heal|p1a: Useless Musketeer|222\/324|[from] item: Leftovers
|
|switch|p2a: Absol|Absol, M|271\/271
|-ability|p2a: Absol|Pressure
|turn|25
|
|-formechange|p2a: Absol|Absol-Mega
|message|Absol has Mega Evolved into Mega Absol!
|move|p2a: Absol|Sucker Punch|p1a: Useless Musketeer
|-resisted|p1a: Useless Musketeer
|-damage|p1a: Useless Musketeer|126\/324
|-boost|p1a: Useless Musketeer|atk|1|[from] ability: Justified
|move|p1a: Useless Musketeer|Close Combat|p2a: Absol
|-supereffective|p2a: Absol
|-damage|p2a: Absol|0 fnt
|-unboost|p1a: Useless Musketeer|def|1
|-unboost|p1a: Useless Musketeer|spd|1
|faint|p2a: Absol
|
|-heal|p1a: Useless Musketeer|146\/324|[from] item: Leftovers
|
|switch|p2a: Celebi|Celebi|130\/395
|turn|26
|
|move|p1a: Useless Musketeer|Iron Head|p2a: Celebi
|-damage|p2a: Celebi|0 fnt
|faint|p2a: Celebi
|
|win|Chocolove
|raw|Ladder updating...
|raw|Chocolove's rating: 1397 &rarr; <strong>1419<\/strong><br \/>(+22 for winning)
|raw|fruitloops's rating: 1441 &rarr; <strong>1419<\/strong><br \/>(-22 for losing)