|join|Antler Management
|join|dodmen
|c|âdodmen|o
|player|p1|Antler Management|55
|player|p2|dodmen|171
|gametype|singles
|gen|6
|tier|UU
|rated
|rule|Sleep Clause Mod: Limit one foe put to sleep
|rule|Species Clause: Limit one of each PokÃ©mon
|rule|OHKO Clause: OHKO moves are banned
|rule|Moody Clause: Moody is banned
|rule|Evasion Moves Clause: Evasion moves are banned
|rule|Endless Battle Clause: Forcing endless battles is banned
|rule|HP Percentage Mod: HP is shown in percentages
|clearpoke
|poke|p1|Slowking, M
|poke|p1|Porygon-Z
|poke|p1|Zygarde
|poke|p1|Tornadus, M, shiny
|poke|p1|Azelf, shiny
|poke|p1|Fletchinder, M
|poke|p2|Mienshao, F
|poke|p2|Empoleon, F
|poke|p2|Pidgeot, F
|poke|p2|Krookodile, F
|poke|p2|Florges, F
|poke|p2|Zygarde
|rule|Swagger Clause: Swagger is banned
|rule|Baton Pass Clause: Limit one PokÃ©mon knowing Baton Pass
|teampreview
|c|âAntler Management|lol hi
|c|âdodmen|hi
|join|SketchyEcchi
|c| SketchyEcchi|sick
|c| SketchyEcchi|linda
|c| SketchyEcchi|!
|
|start
|switch|p1a: Dudeman130498|Azelf, shiny|291\/291
|switch|p2a: Pidgeot|Pidgeot, F|307\/307
|turn|1
|c|âdodmen|this is weird
|c|âAntler Management|i should update the name
|c|âAntler Management|imo
|c|âdodmen|lol
|c|âAntler Management|hmm
|
|detailschange|p2a: Pidgeot|Pidgeot-Mega, F
|-mega|p2a: Pidgeot|Pidgeot|Pidgeotite
|move|p1a: Dudeman130498|Explosion|p2a: Pidgeot
|-damage|p2a: Pidgeot|0 fnt
|faint|p1a: Dudeman130498
|faint|p2a: Pidgeot
|
|c| SketchyEcchi|bop
|c|âdodmen|im ok with that
|c| SketchyEcchi|mpidgeot a shit
|
|switch|p1a: xMarth|Zygarde|359\/359
|switch|p2a: Florges|Florges, F|357\/357
|-ability|p1a: xMarth|Aura Break
|turn|2
|join|trevor ellis
|
|switch|p1a: sniperaim|Fletchinder, M|291\/291
|move|p2a: Florges|Moonblast|p1a: sniperaim
|-resisted|p1a: sniperaim
|-damage|p1a: sniperaim|185\/291
|
|turn|3
|join|THEiTodd
|
|switch|p1a: xMarth|Zygarde|359\/359
|-ability|p1a: xMarth|Aura Break
|move|p2a: Florges|Moonblast|p1a: xMarth
|-supereffective|p1a: xMarth
|-damage|p1a: xMarth|117\/359
|
|turn|4
|c|âdodmen|ah
|c|âdodmen|i tohught
|c|âdodmen|you might do that
|c| SketchyEcchi|aids play
|c|âAntler Management|:[
|c| SketchyEcchi|from
|c| SketchyEcchi|ron
|c| SketchyEcchi|imo
|c|âdodmen|xd
|
|move|p1a: xMarth|Earthquake|p2a: Florges
|-damage|p2a: Florges|161\/357
|-damage|p1a: xMarth|82\/359|[from] item: Life Orb
|move|p2a: Florges|Moonblast|p1a: xMarth
|-supereffective|p1a: xMarth
|-damage|p1a: xMarth|0 fnt
|faint|p1a: xMarth
|
|-heal|p2a: Florges|183\/357|[from] item: Leftovers
|
|switch|p1a: boTTT|Porygon-Z|331\/331
|turn|5
|c| SketchyEcchi|reveal natural gift linda
|c|âdodmen|can this take 2 ;;
|
|move|p1a: boTTT|Tri Attack|p2a: Florges
|-damage|p2a: Florges|0 fnt
|faint|p2a: Florges
|
|
|switch|p2a: Mienshao|Mienshao, F|271\/271
|turn|6
|
|switch|p1a: Technosis|Tornadus, M, shiny|299\/299
|move|p2a: Mienshao|High Jump Kick|p1a: Technosis
|-crit|p1a: Technosis
|-resisted|p1a: Technosis
|-damage|p1a: Technosis|42\/299
|
|turn|7
|c| SketchyEcchi|"resist"
|
|switch|p2a: Zygarde|Zygarde|357\/357
|-ability|p2a: Zygarde|Aura Break
|move|p1a: Technosis|Tailwind|p1a: Technosis
|-sidestart|p1: Antler Management|move: Tailwind
|
|turn|8
|
|switch|p1a: boTTT|Porygon-Z|331\/331
|move|p2a: Zygarde|Extreme Speed|p1a: boTTT
|-damage|p1a: boTTT|175\/331
|-damage|p2a: Zygarde|322\/357|[from] item: Life Orb
|
|turn|9
|join|DrReuniclus3
|
|move|p2a: Zygarde|Extreme Speed|p1a: boTTT
|-damage|p1a: boTTT|10\/331
|-damage|p2a: Zygarde|287\/357|[from] item: Life Orb
|move|p1a: boTTT|Tri Attack|p2a: Zygarde
|-damage|p2a: Zygarde|0 fnt
|faint|p2a: Zygarde
|
|c| DrReuniclus3|oof
|
|switch|p2a: Mienshao|Mienshao, F|271\/271
|turn|10
|
|move|p1a: boTTT|Tri Attack|p2a: Mienshao
|-damage|p2a: Mienshao|0 fnt
|faint|p2a: Mienshao
|
|-sideend|p1: Antler Management|move: Tailwind
|
|switch|p2a: Krookodile|Krookodile, F|331\/331
|-ability|p2a: Krookodile|Intimidate|[of] p1a: boTTT
|-unboost|p1a: boTTT|atk|1
|turn|11
|c|âdodmen|no
|c|âdodmen|no
|c|âdodmen|:[
|c|âdodmen|fck
|c|âdodmen|hm
|
|switch|p1a: sniperaim|Fletchinder, M|185\/291
|move|p2a: Krookodile|Knock Off|p1a: sniperaim
|-damage|p1a: sniperaim|0 fnt
|faint|p1a: sniperaim
|
|leave|THEiTodd
|
|switch|p1a: Technosis|Tornadus, M, shiny|42\/299
|turn|12
|join|THEiTodd
|
|switch|p2a: Empoleon|Empoleon, F|361\/361
|move|p1a: Technosis|Tailwind|p1a: Technosis
|-sidestart|p1: Antler Management|move: Tailwind
|
|turn|13
|
|move|p1a: Technosis|Taunt|p2a: Empoleon
|-start|p2a: Empoleon|move: Taunt
|cant|p2a: Empoleon|move: Taunt|Stealth Rock
|
|turn|14
|
|switch|p1a: boTTT|Porygon-Z|10\/331
|move|p2a: Empoleon|Hydro Pump|p1a: boTTT
|-damage|p1a: boTTT|0 fnt
|faint|p1a: boTTT
|
|c|âdodmen|phew
|
|switch|p1a: Technosis|Tornadus, M, shiny|42\/299
|turn|15
|c| SketchyEcchi|easiest focus hits
|
|move|p1a: Technosis|Acrobatics|p2a: Empoleon
|-resisted|p2a: Empoleon
|-damage|p2a: Empoleon|261\/361
|move|p2a: Empoleon|Flash Cannon|p1a: Technosis
|-damage|p1a: Technosis|0 fnt
|faint|p1a: Technosis
|
|-heal|p2a: Empoleon|283\/361|[from] item: Leftovers
|-end|p2a: Empoleon|move: Taunt
|-sideend|p1: Antler Management|move: Tailwind
|
|switch|p1a: King UU|Slowking, M|394\/394
|turn|16
|
|move|p2a: Empoleon|Grass Knot|p1a: King UU
|-supereffective|p1a: King UU
|-damage|p1a: King UU|230\/394
|move|p1a: King UU|Scald|p2a: Empoleon
|-crit|p2a: Empoleon
|-resisted|p2a: Empoleon
|-damage|p2a: Empoleon|187\/361
|-status|p2a: Empoleon|brn
|
|-heal|p2a: Empoleon|209\/361 brn|[from] item: Leftovers
|-heal|p1a: King UU|254\/394|[from] item: Leftovers
|-damage|p2a: Empoleon|164\/361 brn|[from] brn
|turn|17
|c|âAntler Management|gg
|
|move|p2a: Empoleon|Grass Knot|p1a: King UU
|-supereffective|p1a: King UU
|-damage|p1a: King UU|86\/394
|move|p1a: King UU|Trick Room|p1a: King UU
|-fieldstart|move: Trick Room|[of] p1a: King UU
|
|-heal|p1a: King UU|110\/394|[from] item: Leftovers
|-heal|p2a: Empoleon|186\/361 brn|[from] item: Leftovers
|-damage|p2a: Empoleon|141\/361 brn|[from] brn
|turn|18
|-message|Antler Management forfeited.
|-message|Antler Management forfeited.
|c|âdodmen|gg
|leave|Antler Management
|
|win|dodmen
|raw|Ladder updating...
|player|p1
|leave|SketchyEcchi
|raw|Antler Management's rating: 1481 &rarr; <strong>1467<\/strong><br \/>(-14 for losing)
|raw|dodmen's rating: 1590 &rarr; <strong>1604<\/strong><br \/>(+14 for winning)