|join|Antler Management
|join|Dreadbane1
|player|p1|Antler Management|55
|player|p2|Dreadbane1|150
|gametype|singles
|gen|6
|tier|UU
|rated
|rule|Sleep Clause Mod: Limit one foe put to sleep
|rule|Species Clause: Limit one of each PokÃ©mon
|rule|OHKO Clause: OHKO moves are banned
|rule|Moody Clause: Moody is banned
|rule|Evasion Moves Clause: Evasion moves are banned
|rule|Endless Battle Clause: Forcing endless battles is banned
|rule|HP Percentage Mod: HP is shown in percentages
|clearpoke
|poke|p1|Slowking, M
|poke|p1|Fletchinder, M
|poke|p1|Zygarde
|poke|p1|Forretress, F
|poke|p1|Infernape, M
|poke|p1|Altaria, M
|poke|p2|Slowking, F
|poke|p2|Gourgeist-*, F
|poke|p2|Aggron, F
|poke|p2|Infernape, M
|poke|p2|Florges, F
|poke|p2|Virizion
|rule|Swagger Clause: Swagger is banned
|rule|Baton Pass Clause: Limit one PokÃ©mon knowing Baton Pass
|teampreview
|
|start
|switch|p1a: Forretress|Forretress, F|354\/354
|switch|p2a: Aggron|Aggron, F|344\/344
|turn|1
|
|detailschange|p2a: Aggron|Aggron-Mega, F
|message|Aggron has Mega Evolved into Mega Aggron!
|move|p2a: Aggron|Stealth Rock|p1a: Forretress
|-sidestart|p1: Antler Management|move: Stealth Rock
|move|p1a: Forretress|Stealth Rock|p2a: Aggron
|-sidestart|p2: Dreadbane1|move: Stealth Rock
|
|turn|2
|
|switch|p2a: Infernape|Infernape, M|293\/293
|-damage|p2a: Infernape|257\/293|[from] Stealth Rock
|move|p1a: Forretress|Rapid Spin|p2a: Infernape
|-damage|p2a: Infernape|235\/293
|-sideend|p1: Antler Management|Stealth Rock|[from] move: Rapid Spin|[of] p1a: Forretress
|
|turn|3
|
|switch|p1a: Slowking|Slowking, M|394\/394
|move|p2a: Infernape|Fire Punch|p1a: Slowking
|-resisted|p1a: Slowking
|-damage|p1a: Slowking|294\/394
|-damage|p2a: Infernape|206\/293|[from] item: Life Orb
|
|-heal|p1a: Slowking|318\/394|[from] item: Leftovers
|turn|4
|
|move|p2a: Infernape|Gunk Shot|p1a: Slowking|[miss]
|-miss|p2a: Infernape|p1a: Slowking
|move|p1a: Slowking|Nasty Plot|p1a: Slowking
|-boost|p1a: Slowking|spa|2
|
|-heal|p1a: Slowking|342\/394|[from] item: Leftovers
|turn|5
|
|move|p2a: Infernape|Gunk Shot|p1a: Slowking
|-damage|p1a: Slowking|141\/394
|-status|p1a: Slowking|psn
|-damage|p2a: Infernape|177\/293|[from] item: Life Orb
|move|p1a: Slowking|Trick Room|p1a: Slowking
|-fieldstart|move: Trick Room|[of] p1a: Slowking
|
|-heal|p1a: Slowking|165\/394 psn|[from] item: Leftovers
|-damage|p1a: Slowking|116\/394 psn|[from] psn
|turn|6
|
|switch|p2a: Florges|Florges, F|360\/360
|-damage|p2a: Florges|315\/360|[from] Stealth Rock
|move|p1a: Slowking|Psyshock|p2a: Florges
|-damage|p2a: Florges|0 fnt
|faint|p2a: Florges
|
|-heal|p1a: Slowking|140\/394 psn|[from] item: Leftovers
|-damage|p1a: Slowking|91\/394 psn|[from] psn
|
|switch|p2a: Aggron|Aggron-Mega, F|344\/344
|-damage|p2a: Aggron|323\/344|[from] Stealth Rock
|turn|7
|
|move|p1a: Slowking|Scald|p2a: Aggron
|-damage|p2a: Aggron|19\/344
|move|p2a: Aggron|Stealth Rock|p1a: Slowking
|-sidestart|p1: Antler Management|move: Stealth Rock
|
|-heal|p1a: Slowking|115\/394 psn|[from] item: Leftovers
|-damage|p1a: Slowking|66\/394 psn|[from] psn
|turn|8
|
|move|p1a: Slowking|Psyshock|p2a: Aggron
|-resisted|p2a: Aggron
|-damage|p2a: Aggron|0 fnt
|faint|p2a: Aggron
|
|-heal|p1a: Slowking|90\/394 psn|[from] item: Leftovers
|-damage|p1a: Slowking|41\/394 psn|[from] psn
|
|switch|p2a: Infernape|Infernape, M|177\/293
|-damage|p2a: Infernape|141\/293|[from] Stealth Rock
|turn|9
|
|switch|p1a: Rhinestone Eyes|Zygarde|359\/359
|-damage|p1a: Rhinestone Eyes|337\/359|[from] Stealth Rock
|-ability|p1a: Rhinestone Eyes|Aura Break
|move|p2a: Infernape|Mach Punch|p1a: Rhinestone Eyes
|-damage|p1a: Rhinestone Eyes|254\/359
|-damage|p2a: Infernape|112\/293|[from] item: Life Orb
|
|-fieldend|move: Trick Room
|turn|10
|
|switch|p2a: Gourgeist-Super|Gourgeist-Super, F|374\/374
|-damage|p2a: Gourgeist-Super|328\/374|[from] Stealth Rock
|-item|p1a: Rhinestone Eyes|Life Orb|[from] ability: Frisk|[of] p2a: Gourgeist-Super|[identify]
|move|p1a: Rhinestone Eyes|Extreme Speed|p2a: Gourgeist-Super
|-immune|p2a: Gourgeist-Super|[msg]
|
|-heal|p2a: Gourgeist-Super|351\/374|[from] item: Leftovers
|turn|11
|
|move|p1a: Rhinestone Eyes|Outrage|p2a: Gourgeist-Super
|-damage|p2a: Gourgeist-Super|159\/374
|-damage|p1a: Rhinestone Eyes|219\/359|[from] item: Life Orb
|move|p2a: Gourgeist-Super|Will-O-Wisp|p1a: Rhinestone Eyes
|-status|p1a: Rhinestone Eyes|brn
|
|-heal|p2a: Gourgeist-Super|182\/374|[from] item: Leftovers
|-damage|p1a: Rhinestone Eyes|175\/359 brn|[from] brn
|turn|12
|
|move|p1a: Rhinestone Eyes|Outrage|p2a: Gourgeist-Super
|-damage|p2a: Gourgeist-Super|87\/374
|-damage|p1a: Rhinestone Eyes|140\/359 brn|[from] item: Life Orb
|move|p2a: Gourgeist-Super|Leech Seed|p1a: Rhinestone Eyes
|-start|p1a: Rhinestone Eyes|move: Leech Seed
|
|-end|p1a: Rhinestone Eyes|rampage
|-start|p1a: Rhinestone Eyes|confusion
|-heal|p2a: Gourgeist-Super|110\/374|[from] item: Leftovers
|-damage|p1a: Rhinestone Eyes|96\/359 brn|[from] Leech Seed|[of] p2a: Gourgeist-Super
|-heal|p2a: Gourgeist-Super|154\/374|[silent]
|-damage|p1a: Rhinestone Eyes|52\/359 brn|[from] brn
|turn|13
|
|-activate|p1a: Rhinestone Eyes|confusion
|move|p1a: Rhinestone Eyes|Outrage|p2a: Gourgeist-Super
|-damage|p2a: Gourgeist-Super|63\/374
|-damage|p1a: Rhinestone Eyes|17\/359 brn|[from] item: Life Orb
|move|p2a: Gourgeist-Super|Leech Seed|p1a: Rhinestone Eyes
|-fail|p1a: Rhinestone Eyes
|
|-heal|p2a: Gourgeist-Super|86\/374|[from] item: Leftovers
|-damage|p1a: Rhinestone Eyes|0 fnt|[from] Leech Seed|[of] p2a: Gourgeist-Super
|-heal|p2a: Gourgeist-Super|103\/374|[silent]
|faint|p1a: Rhinestone Eyes
|
|switch|p1a: Altaria|Altaria, M|353\/353
|-damage|p1a: Altaria|265\/353|[from] Stealth Rock
|turn|14
|
|detailschange|p1a: Altaria|Altaria-Mega, M
|message|Altaria has Mega Evolved into Mega Altaria!
|move|p1a: Altaria|Frustration|p2a: Gourgeist-Super
|-damage|p2a: Gourgeist-Super|0 fnt
|faint|p2a: Gourgeist-Super
|
|
|switch|p2a: Infernape|Infernape, M|112\/293
|-damage|p2a: Infernape|76\/293|[from] Stealth Rock
|turn|15
|
|switch|p1a: Slowking|Slowking, M|172\/394 psn
|-damage|p1a: Slowking|123\/394 psn|[from] Stealth Rock
|move|p2a: Infernape|Gunk Shot|p1a: Slowking
|-damage|p1a: Slowking|0 fnt
|-damage|p2a: Infernape|47\/293|[from] item: Life Orb
|faint|p1a: Slowking
|
|
|switch|p1a: Infernape|Infernape, M|293\/293
|-damage|p1a: Infernape|257\/293|[from] Stealth Rock
|turn|16
|
|switch|p2a: Slowking|Slowking, F|394\/394
|-damage|p2a: Slowking|345\/394|[from] Stealth Rock
|move|p1a: Infernape|Earthquake|p2a: Slowking
|-damage|p2a: Slowking|263\/394
|
|-heal|p2a: Slowking|287\/394|[from] item: Leftovers
|turn|17
|
|switch|p1a: Forretress|Forretress, F|354\/354
|-damage|p1a: Forretress|310\/354|[from] Stealth Rock
|move|p2a: Slowking|Psychic|p1a: Forretress
|-resisted|p1a: Forretress
|-damage|p1a: Forretress|254\/354
|
|-heal|p2a: Slowking|311\/394|[from] item: Leftovers
|-heal|p1a: Forretress|276\/354|[from] item: Leftovers
|turn|18
|
|move|p2a: Slowking|Scald|p1a: Forretress
|-damage|p1a: Forretress|170\/354
|-status|p1a: Forretress|brn
|move|p1a: Forretress|Rapid Spin|p2a: Slowking
|-damage|p2a: Slowking|304\/394
|-sideend|p1: Antler Management|Stealth Rock|[from] move: Rapid Spin|[of] p1a: Forretress
|
|-heal|p2a: Slowking|328\/394|[from] item: Leftovers
|-heal|p1a: Forretress|192\/354 brn|[from] item: Leftovers
|-damage|p1a: Forretress|148\/354 brn|[from] brn
|turn|19
|
|move|p2a: Slowking|Scald|p1a: Forretress
|-damage|p1a: Forretress|43\/354 brn
|move|p1a: Forretress|Volt Switch|p2a: Slowking
|-supereffective|p2a: Slowking
|-damage|p2a: Slowking|264\/394
|
|switch|p1a: Altaria|Altaria-Mega, M|265\/353
|
|-heal|p2a: Slowking|288\/394|[from] item: Leftovers
|turn|20
|
|move|p1a: Altaria|Frustration|p2a: Slowking
|-damage|p2a: Slowking|119\/394
|move|p2a: Slowking|Calm Mind|p2a: Slowking
|-boost|p2a: Slowking|spa|1
|-boost|p2a: Slowking|spd|1
|
|-heal|p2a: Slowking|143\/394|[from] item: Leftovers
|turn|21
|
|move|p1a: Altaria|Frustration|p2a: Slowking
|-damage|p2a: Slowking|0 fnt
|faint|p2a: Slowking
|
|
|switch|p2a: Virizion|Virizion|323\/323
|-damage|p2a: Virizion|303\/323|[from] Stealth Rock
|turn|22
|
|move|p2a: Virizion|Swords Dance|p2a: Virizion
|-boost|p2a: Virizion|atk|2
|move|p1a: Altaria|Frustration|p2a: Virizion
|-supereffective|p2a: Virizion
|-damage|p2a: Virizion|0 fnt
|faint|p2a: Virizion
|
|
|switch|p2a: Infernape|Infernape, M|47\/293
|-damage|p2a: Infernape|11\/293|[from] Stealth Rock
|turn|23
|
|move|p2a: Infernape|Gunk Shot|p1a: Altaria
|-supereffective|p1a: Altaria
|-damage|p1a: Altaria|0 fnt
|-damage|p2a: Infernape|0 fnt|[from] item: Life Orb
|faint|p1a: Altaria
|faint|p2a: Infernape
|
|win|Antler Management
|raw|Ladder updating...
|c|âDreadbane1|GG
|raw|Antler Management's rating: 1300 &rarr; <strong>1313<\/strong><br \/>(+13 for winning)
|raw|Dreadbane1's rating: 1129 &rarr; <strong>1115<\/strong><br \/>(-14 for losing)
|leave|Dreadbane1
|player|p2
|c|âAntler Management|gg