|join|Antler Management
|join|Hl BILLY MAYS HERE
|player|p1|Antler Management|55
|player|p2|Hl BILLY MAYS HERE|294
|gametype|singles
|gen|6
|tier|UU
|rated
|rule|Sleep Clause Mod: Limit one foe put to sleep
|rule|Species Clause: Limit one of each PokÃ©mon
|rule|OHKO Clause: OHKO moves are banned
|rule|Moody Clause: Moody is banned
|rule|Evasion Moves Clause: Evasion moves are banned
|rule|Endless Battle Clause: Forcing endless battles is banned
|rule|HP Percentage Mod: HP is shown in percentages
|clearpoke
|poke|p1|Suicune
|poke|p1|Yanmega, F, shiny
|poke|p1|Chandelure, F
|poke|p1|Togetic, M
|poke|p1|Donphan, F
|poke|p1|Ampharos, M
|poke|p2|Flareon, M
|poke|p2|Carbink
|poke|p2|Marowak, M
|poke|p2|Reuniclus, F
|poke|p2|Alakazam, M
|poke|p2|Bronzong
|rule|Swagger Clause: Swagger is banned
|rule|Baton Pass Clause: Limit one PokÃ©mon knowing Baton Pass
|teampreview
|
|start
|switch|p1a: Schweinsteiger|Donphan, F|382\/382
|switch|p2a: Carbink|Carbink|242\/242
|turn|1
|
|move|p1a: Schweinsteiger|Earthquake|p2a: Carbink
|-supereffective|p2a: Carbink
|-damage|p2a: Carbink|38\/242
|move|p2a: Carbink|Reflect|p2a: Carbink
|-sidestart|p2: Hl BILLY MAYS HERE|Reflect
|
|turn|2
|
|move|p1a: Schweinsteiger|Earthquake|p2a: Carbink
|-supereffective|p2a: Carbink
|-damage|p2a: Carbink|0 fnt
|faint|p2a: Carbink
|
|
|switch|p2a: Reuniclus|Reuniclus, F|424\/424
|turn|3
|
|move|p1a: Schweinsteiger|Stealth Rock|p2a: Reuniclus
|-sidestart|p2: Hl BILLY MAYS HERE|move: Stealth Rock
|move|p2a: Reuniclus|Trick Room|p2a: Reuniclus
|-fieldstart|move: Trick Room|[of] p2a: Reuniclus
|
|turn|4
|
|switch|p1a: Bravely Default|Togetic, M|313\/313
|move|p2a: Reuniclus|Psychic|p1a: Bravely Default
|-damage|p1a: Bravely Default|208\/313
|
|turn|5
|
|switch|p2a: Bronzong|Bronzong|338\/338
|-damage|p2a: Bronzong|317\/338|[from] Stealth Rock
|move|p1a: Bravely Default|Roost|p1a: Bravely Default
|-heal|p1a: Bravely Default|313\/313
|
|-heal|p2a: Bronzong|338\/338|[from] item: Leftovers
|turn|6
|
|move|p1a: Bravely Default|Magic Coat|p1a: Bravely Default
|-singleturn|p1a: Bravely Default|move: Magic Coat
|move|p2a: Bronzong|Toxic|p1a: Bravely Default
|move|p1a: Bravely Default|Toxic|p2a: Bronzong|[from]Magic Coat|[miss]
|-miss|p1a: Bravely Default|p2a: Bronzong
|
|turn|7
|
|move|p1a: Bravely Default|Magic Coat|p1a: Bravely Default
|-singleturn|p1a: Bravely Default|move: Magic Coat
|move|p2a: Bronzong|Toxic|p1a: Bravely Default
|move|p1a: Bravely Default|Toxic|p2a: Bronzong|[from]Magic Coat
|-fail|p2a: Bronzong
|
|-fieldend|move: Trick Room
|turn|8
|
|move|p1a: Bravely Default|Magic Coat|p1a: Bravely Default
|-singleturn|p1a: Bravely Default|move: Magic Coat
|move|p2a: Bronzong|Trick Room|p2a: Bronzong
|-fieldstart|move: Trick Room|[of] p2a: Bronzong
|
|-sideend|p2: Hl BILLY MAYS HERE|Reflect
|turn|9
|
|switch|p2a: Marowak|Marowak, M|324\/324
|-damage|p2a: Marowak|304\/324|[from] Stealth Rock
|move|p1a: Bravely Default|Nasty Plot|p1a: Bravely Default
|-boost|p1a: Bravely Default|spa|2
|
|turn|10
|
|switch|p1a: Schweinsteiger|Donphan, F|382\/382
|move|p2a: Marowak|Swords Dance|p2a: Marowak
|-boost|p2a: Marowak|atk|2
|
|turn|11
|
|move|p2a: Marowak|Bonemerang|p1a: Schweinsteiger
|-damage|p1a: Schweinsteiger|121\/382
|-damage|p1a: Schweinsteiger|0 fnt
|-hitcount|p1a: Schweinsteiger|2
|faint|p1a: Schweinsteiger
|
|
|switch|p1a: Helicopter|Yanmega, F, shiny|313\/313
|turn|12
|
|switch|p2a: Bronzong|Bronzong|338\/338
|-damage|p2a: Bronzong|317\/338|[from] Stealth Rock
|move|p1a: Helicopter|Protect|p1a: Helicopter
|-fail|p1a: Helicopter
|
|-heal|p2a: Bronzong|338\/338|[from] item: Leftovers
|-fieldend|move: Trick Room
|-boost|p1a: Helicopter|spe|1|[from] ability: Speed Boost
|turn|13
|
|move|p1a: Helicopter|Bug Buzz|p2a: Bronzong
|-damage|p2a: Bronzong|135\/338
|-damage|p1a: Helicopter|282\/313|[from] item: Life Orb
|move|p2a: Bronzong|Trick Room|p2a: Bronzong
|-fieldstart|move: Trick Room|[of] p2a: Bronzong
|
|-heal|p2a: Bronzong|156\/338|[from] item: Leftovers
|-boost|p1a: Helicopter|spe|1|[from] ability: Speed Boost
|turn|14
|join|dodmen
|
|move|p2a: Bronzong|Gyro Ball|p1a: Helicopter
|-damage|p1a: Helicopter|17\/313
|move|p1a: Helicopter|Bug Buzz|p2a: Bronzong
|-damage|p2a: Bronzong|0 fnt
|-damage|p1a: Helicopter|0 fnt|[from] item: Life Orb
|faint|p2a: Bronzong
|faint|p1a: Helicopter
|
|
|switch|p1a: Bravely Default|Togetic, M|313\/313
|switch|p2a: Marowak|Marowak, M|304\/324
|-damage|p2a: Marowak|284\/324|[from] Stealth Rock
|turn|15
|
|move|p1a: Bravely Default|Nasty Plot|p1a: Bravely Default
|-boost|p1a: Bravely Default|spa|2
|move|p2a: Marowak|Swords Dance|p2a: Marowak
|-boost|p2a: Marowak|atk|2
|
|turn|16
|
|move|p1a: Bravely Default|Nasty Plot|p1a: Bravely Default
|-boost|p1a: Bravely Default|spa|2
|move|p2a: Marowak|Double-Edge|p1a: Bravely Default
|-damage|p1a: Bravely Default|0 fnt
|faint|p1a: Bravely Default
|
|
|switch|p1a: Ampharos|Ampharos, M|321\/321
|turn|17
|
|detailschange|p1a: Ampharos|Ampharos-Mega, M
|-mega|p1a: Ampharos|Ampharos|Ampharosite
|-ability|p1a: Ampharos|Mold Breaker
|move|p2a: Marowak|Bonemerang|p1a: Ampharos
|-supereffective|p1a: Ampharos
|-damage|p1a: Ampharos|0 fnt
|-hitcount|p1a: Ampharos|1
|faint|p1a: Ampharos
|
|-fieldend|move: Trick Room
|
|switch|p1a: Suicune|Suicune|404\/404
|-ability|p1a: Suicune|Pressure
|turn|18
|
|move|p1a: Suicune|Scald|p2a: Marowak
|-supereffective|p2a: Marowak
|-damage|p2a: Marowak|54\/324
|move|p2a: Marowak|Bonemerang|p1a: Suicune
|-damage|p1a: Suicune|169\/404
|-damage|p1a: Suicune|0 fnt
|-hitcount|p1a: Suicune|2
|faint|p1a: Suicune
|
|
|switch|p1a: Chandelure|Chandelure, F|261\/261
|turn|19
|
|move|p1a: Chandelure|Shadow Ball|p2a: Marowak
|-damage|p2a: Marowak|0 fnt
|faint|p2a: Marowak
|
|
|switch|p2a: Alakazam|Alakazam, M|252\/252
|turn|20
|
|detailschange|p2a: Alakazam|Alakazam-Mega, M
|-mega|p2a: Alakazam|Alakazam|Alakazite
|-ability|p2a: Alakazam|Infiltrator|[from] ability: Trace|[of] p1a: Chandelure
|move|p1a: Chandelure|Shadow Ball|p2a: Alakazam
|-supereffective|p2a: Alakazam
|-damage|p2a: Alakazam|0 fnt
|faint|p2a: Alakazam
|
|
|switch|p2a: Flareon|Flareon, M|334\/334
|-damage|p2a: Flareon|251\/334|[from] Stealth Rock
|turn|21
|
|move|p1a: Chandelure|Shadow Ball|p2a: Flareon
|-damage|p2a: Flareon|100\/334
|move|p2a: Flareon|Flare Blitz|p1a: Chandelure
|-resisted|p1a: Chandelure
|-damage|p1a: Chandelure|132\/261
|-damage|p2a: Flareon|57\/334|[from] recoil|[of] p1a: Chandelure
|
|-status|p2a: Flareon|tox|[from] item: Toxic Orb
|turn|22
|join|Meowiekins
|c|+dodmen|huh.
|
|move|p1a: Chandelure|Shadow Ball|p2a: Flareon
|-damage|p2a: Flareon|0 fnt
|faint|p2a: Flareon
|
|
|switch|p2a: Reuniclus|Reuniclus, F|424\/424
|turn|23
|
|move|p1a: Chandelure|Shadow Ball|p2a: Reuniclus
|-supereffective|p2a: Reuniclus
|-damage|p2a: Reuniclus|74\/424
|move|p2a: Reuniclus|Shadow Ball|p1a: Chandelure
|-supereffective|p1a: Chandelure
|-damage|p1a: Chandelure|0 fnt
|faint|p1a: Chandelure
|
|win|Hl BILLY MAYS HERE
|raw|Ladder updating...
|join|DatLatias
|c|âHl BILLY MAYS HERE|REUNICLUS TANK
|c|âHl BILLY MAYS HERE|gg
|leave|Antler Management
|leave|dodmen
|raw|Antler Management's rating: 1514 &rarr; <strong>1483<\/strong><br \/>(-31 for losing)
|raw|Hl BILLY MAYS HERE's rating: 1300 &rarr; <strong>1338<\/strong><br \/>(+38 for winning)
|player|p1