|join|Antler Management
|join|Who's Sonny Chiba
|player|p1|Antler Management|55
|player|p2|Who's Sonny Chiba|137
|gametype|singles
|gen|6
|tier|UU
|rated
|rule|Sleep Clause Mod: Limit one foe put to sleep
|rule|Species Clause: Limit one of each PokÃ©mon
|rule|OHKO Clause: OHKO moves are banned
|rule|Moody Clause: Moody is banned
|rule|Evasion Moves Clause: Evasion moves are banned
|rule|Endless Battle Clause: Forcing endless battles is banned
|rule|HP Percentage Mod: HP is shown in percentages
|clearpoke
|poke|p1|Zygarde
|poke|p1|Feraligatr, M
|poke|p1|Forretress, F
|poke|p1|Florges, F
|poke|p1|Infernape, F
|poke|p1|Pidgeot, F
|poke|p2|Nidoqueen, F
|poke|p2|Entei, shiny
|poke|p2|Zygarde
|poke|p2|Gallade, M
|poke|p2|Jirachi
|poke|p2|Hydreigon, F
|rule|Swagger Clause: Swagger is banned
|rule|Baton Pass Clause: Limit one PokÃ©mon knowing Baton Pass
|teampreview
|c|âWho's Sonny Chiba|sup am
|c|âAntler Management|hi
|
|start
|switch|p1a: GATR TIME|Feraligatr, M|333\/333
|switch|p2a: Nidoqueen|Nidoqueen, F|347\/347
|turn|1
|
|move|p1a: GATR TIME|Waterfall|p2a: Nidoqueen
|-supereffective|p2a: Nidoqueen
|-damage|p2a: Nidoqueen|57\/347
|cant|p2a: Nidoqueen|flinch
|
|turn|2
|
|switch|p2a: Hydreigon|Hydreigon, F|325\/325
|move|p1a: GATR TIME|Frustration|p2a: Hydreigon
|-damage|p2a: Hydreigon|184\/325
|
|turn|3
|
|move|p2a: Hydreigon|U-turn|p1a: GATR TIME
|-damage|p1a: GATR TIME|276\/333
|
|switch|p2a: Nidoqueen|Nidoqueen, F|57\/347
|move|p1a: GATR TIME|Frustration|p2a: Nidoqueen
|-damage|p2a: Nidoqueen|0 fnt
|faint|p2a: Nidoqueen
|
|-heal|p1a: GATR TIME|296\/333|[from] item: Leftovers
|
|switch|p2a: Hydreigon|Hydreigon, F|184\/325
|turn|4
|
|switch|p1a: Florges|Florges, F|360\/360
|move|p2a: Hydreigon|U-turn|p1a: Florges
|-resisted|p1a: Florges
|-damage|p1a: Florges|328\/360
|
|switch|p2a: Entei|Entei, shiny|372\/372
|-ability|p2a: Entei|Pressure
|
|-heal|p1a: Florges|350\/360|[from] item: Leftovers
|turn|5
|
|move|p1a: Florges|Protect|p1a: Florges
|-singleturn|p1a: Florges|Protect
|move|p2a: Entei|Sacred Fire|p1a: Florges
|-activate|p1a: Florges|Protect
|
|-heal|p1a: Florges|360\/360|[from] item: Leftovers
|turn|6
|
|move|p2a: Entei|Sacred Fire|p1a: Florges
|-damage|p1a: Florges|80\/360
|move|p1a: Florges|Moonblast|p2a: Entei
|-resisted|p2a: Entei
|-damage|p2a: Entei|294\/372
|
|-heal|p1a: Florges|102\/360|[from] item: Leftovers
|turn|7
|
|move|p1a: Florges|Protect|p1a: Florges
|-singleturn|p1a: Florges|Protect
|move|p2a: Entei|Sacred Fire|p1a: Florges
|-activate|p1a: Florges|Protect
|
|-heal|p1a: Florges|124\/360|[from] item: Leftovers
|turn|8
|
|switch|p1a: Infernape|Infernape, F|293\/293
|move|p2a: Entei|Sacred Fire|p1a: Infernape
|-resisted|p1a: Infernape
|-damage|p1a: Infernape|128\/293
|
|turn|9
|
|move|p1a: Infernape|Earthquake|p2a: Entei
|-supereffective|p2a: Entei
|-damage|p2a: Entei|72\/372
|move|p2a: Entei|Sacred Fire|p1a: Infernape
|-resisted|p1a: Infernape
|-damage|p1a: Infernape|0 fnt
|faint|p1a: Infernape
|
|
|switch|p1a: Pidgeot|Pidgeot, F|317\/317
|turn|10
|
|switch|p2a: Jirachi|Jirachi|341\/341
|detailschange|p1a: Pidgeot|Pidgeot-Mega, F
|message|Pidgeot has Mega Evolved into Mega Pidgeot!
|move|p1a: Pidgeot|Hurricane|p2a: Jirachi
|-resisted|p2a: Jirachi
|-damage|p2a: Jirachi|246\/341
|
|turn|11
|
|switch|p1a: Forretress|Forretress, F|354\/354
|move|p2a: Jirachi|U-turn|p1a: Forretress
|-resisted|p1a: Forretress
|-damage|p1a: Forretress|330\/354
|
|switch|p2a: Entei|Entei, shiny|72\/372
|-ability|p2a: Entei|Pressure
|
|-heal|p1a: Forretress|352\/354|[from] item: Leftovers
|turn|12
|
|switch|p1a: Florges|Florges, F|124\/360
|move|p2a: Entei|Sacred Fire|p1a: Florges
|-damage|p1a: Florges|0 fnt
|faint|p1a: Florges
|
|
|switch|p1a: Pidgeot|Pidgeot-Mega, F|317\/317
|turn|13
|
|switch|p2a: Jirachi|Jirachi|246\/341
|move|p1a: Pidgeot|Heat Wave|p2a: Jirachi
|-supereffective|p2a: Jirachi
|-damage|p2a: Jirachi|20\/341
|
|turn|14
|
|switch|p1a: Forretress|Forretress, F|352\/354
|move|p2a: Jirachi|Thunder Wave|p1a: Forretress
|-status|p1a: Forretress|par
|
|-heal|p1a: Forretress|354\/354 par|[from] item: Leftovers
|turn|15
|
|switch|p2a: Entei|Entei, shiny|72\/372
|-ability|p2a: Entei|Pressure
|move|p1a: Forretress|Gyro Ball|p2a: Entei
|-resisted|p2a: Entei
|-damage|p2a: Entei|0 fnt
|faint|p2a: Entei
|
|
|switch|p2a: Hydreigon|Hydreigon, F|184\/325
|turn|16
|
|move|p2a: Hydreigon|Dark Pulse|p1a: Forretress
|-damage|p1a: Forretress|138\/354 par
|cant|p1a: Forretress|flinch
|
|-heal|p1a: Forretress|160\/354 par|[from] item: Leftovers
|turn|17
|
|move|p2a: Hydreigon|Dark Pulse|p1a: Forretress
|-damage|p1a: Forretress|0 fnt
|faint|p1a: Forretress
|
|
|switch|p1a: Zygarde|Zygarde|359\/359
|-ability|p1a: Zygarde|Aura Break
|turn|18
|
|move|p2a: Hydreigon|Dark Pulse|p1a: Zygarde
|-damage|p1a: Zygarde|136\/359
|move|p1a: Zygarde|Dragon Dance|p1a: Zygarde
|-boost|p1a: Zygarde|atk|1
|-boost|p1a: Zygarde|spe|1
|
|turn|19
|
|move|p1a: Zygarde|Outrage|p2a: Hydreigon
|-crit|p2a: Hydreigon
|-supereffective|p2a: Hydreigon
|-damage|p2a: Hydreigon|0 fnt
|-damage|p1a: Zygarde|101\/359|[from] item: Life Orb
|faint|p2a: Hydreigon
|
|
|switch|p2a: Jirachi|Jirachi|20\/341
|turn|20
|
|move|p2a: Jirachi|Iron Head|p1a: Zygarde
|-damage|p1a: Zygarde|0 fnt
|faint|p1a: Zygarde
|
|
|switch|p1a: GATR TIME|Feraligatr, M|296\/333
|turn|21
|
|move|p2a: Jirachi|Iron Head|p1a: GATR TIME
|-resisted|p1a: GATR TIME
|-damage|p1a: GATR TIME|237\/333
|cant|p1a: GATR TIME|flinch
|
|-heal|p1a: GATR TIME|257\/333|[from] item: Leftovers
|turn|22
|
|switch|p2a: Gallade|Gallade, M|277\/277
|move|p1a: GATR TIME|Waterfall|p2a: Gallade
|-damage|p2a: Gallade|84\/277
|
|-heal|p1a: GATR TIME|277\/333|[from] item: Leftovers
|turn|23
|
|detailschange|p2a: Gallade|Gallade-Mega, M
|message|Gallade has Mega Evolved into Mega Gallade!
|move|p2a: Gallade|Close Combat|p1a: GATR TIME
|-damage|p1a: GATR TIME|37\/333
|-unboost|p2a: Gallade|def|1
|-unboost|p2a: Gallade|spd|1
|move|p1a: GATR TIME|Waterfall|p2a: Gallade
|-damage|p2a: Gallade|0 fnt
|faint|p2a: Gallade
|
|-heal|p1a: GATR TIME|57\/333|[from] item: Leftovers
|
|switch|p2a: Zygarde|Zygarde|358\/358
|-ability|p2a: Zygarde|Aura Break
|turn|24
|
|move|p2a: Zygarde|Extreme Speed|p1a: GATR TIME
|-damage|p1a: GATR TIME|0 fnt
|faint|p1a: GATR TIME
|
|
|switch|p1a: Pidgeot|Pidgeot-Mega, F|317\/317
|turn|25
|
|move|p1a: Pidgeot|Hurricane|p2a: Zygarde
|-crit|p2a: Zygarde
|-damage|p2a: Zygarde|37\/358
|move|p2a: Zygarde|Outrage|p1a: Pidgeot
|-crit|p1a: Pidgeot
|-damage|p1a: Pidgeot|0 fnt
|faint|p1a: Pidgeot
|
|win|Who's Sonny Chiba
|raw|Ladder updating...
|raw|Antler Management's rating: 1552 &rarr; <strong>1526<\/strong><br \/>(-26 for losing)
|raw|Who&apos;s Sonny Chiba's rating: 1441 &rarr; <strong>1467<\/strong><br \/>(+26 for winning)
|leave|Antler Management
|player|p1