|join|EmprahProtects
|join|happening
|player|p1|EmprahProtects|165
|player|p2|happening|1
|gametype|singles
|gen|6
|tier|OU
|rated
|clearpoke
|poke|p1|Slowbro, F
|poke|p1|Clefable, F
|poke|p1|Ferrothorn, M
|poke|p1|Heatran, F
|poke|p1|Gengar, M
|poke|p1|Garchomp, M
|poke|p2|Zapdos, shiny
|poke|p2|Chansey, F
|poke|p2|Gliscor, M
|poke|p2|Clefable, F
|poke|p2|Slowbro, F, shiny
|poke|p2|Scizor, M
|rule|Swagger Clause: Swagger is banned
|rule|Baton Pass Clause: Limit one PokÃ©mon knowing Baton Pass
|rule|Sleep Clause Mod: Limit one foe put to sleep
|rule|Species Clause: Limit one of each PokÃ©mon
|rule|OHKO Clause: OHKO moves are banned
|rule|Moody Clause: Moody is banned
|rule|Evasion Moves Clause: Evasion moves are banned
|rule|Endless Battle Clause: Forcing endless battles is banned
|rule|HP Percentage Mod: HP is shown in percentages
|teampreview
|
|start
|switch|p1a: Ferrothorn|Ferrothorn, M|352\/352
|switch|p2a: Gliscor|Gliscor, M|353\/353
|turn|1
|
|move|p2a: Gliscor|Taunt|p1a: Ferrothorn
|-start|p1a: Ferrothorn|move: Taunt
|cant|p1a: Ferrothorn|move: Taunt|Leech Seed
|
|-status|p2a: Gliscor|tox|[from] item: Toxic Orb
|turn|2
|
|move|p2a: Gliscor|Earthquake|p1a: Ferrothorn
|-damage|p1a: Ferrothorn|282\/352
|move|p1a: Ferrothorn|Gyro Ball|p2a: Gliscor
|-damage|p2a: Gliscor|217\/353 tox
|
|-heal|p1a: Ferrothorn|304\/352|[from] item: Leftovers
|-heal|p2a: Gliscor|261\/353 tox|[from] ability: Poison Heal
|turn|3
|
|move|p2a: Gliscor|Knock Off|p1a: Ferrothorn
|-damage|p1a: Ferrothorn|258\/352
|-damage|p2a: Gliscor|217\/353 tox|[from] ability: Iron Barbs|[of] p1a: Ferrothorn
|-enditem|p1a: Ferrothorn|Leftovers|[from] move: Knock Off|[of] p2a: Gliscor
|move|p1a: Ferrothorn|Gyro Ball|p2a: Gliscor
|-crit|p2a: Gliscor
|-damage|p2a: Gliscor|22\/353 tox
|
|-heal|p2a: Gliscor|66\/353 tox|[from] ability: Poison Heal
|-end|p1a: Ferrothorn|move: Taunt
|turn|4
|
|move|p2a: Gliscor|Roost|p2a: Gliscor
|-heal|p2a: Gliscor|243\/353 tox
|move|p1a: Ferrothorn|Gyro Ball|p2a: Gliscor
|-damage|p2a: Gliscor|99\/353 tox
|
|-heal|p2a: Gliscor|143\/353 tox|[from] ability: Poison Heal
|turn|5
|
|switch|p1a: Slowbro|Slowbro, F|394\/394
|move|p2a: Gliscor|Roost|p2a: Gliscor
|-heal|p2a: Gliscor|320\/353 tox
|
|-heal|p2a: Gliscor|353\/353 tox|[from] ability: Poison Heal
|turn|6
|
|detailschange|p1a: Slowbro|Slowbro-Mega, F
|-mega|p1a: Slowbro|Slowbro|Slowbronite
|move|p2a: Gliscor|Taunt|p1a: Slowbro
|-start|p1a: Slowbro|move: Taunt
|cant|p1a: Slowbro|move: Taunt|Calm Mind
|
|turn|7
|
|move|p2a: Gliscor|Earthquake|p1a: Slowbro
|-damage|p1a: Slowbro|339\/394
|move|p1a: Slowbro|Scald|p2a: Gliscor
|-supereffective|p2a: Gliscor
|-damage|p2a: Gliscor|141\/353 tox
|
|-heal|p2a: Gliscor|185\/353 tox|[from] ability: Poison Heal
|turn|8
|
|switch|p2a: Zapdos|Zapdos, shiny|384\/384
|-ability|p2a: Zapdos|Pressure
|move|p1a: Slowbro|Scald|p2a: Zapdos
|-damage|p2a: Zapdos|249\/384
|
|-heal|p2a: Zapdos|273\/384|[from] item: Leftovers
|-end|p1a: Slowbro|move: Taunt
|turn|9
|
|switch|p1a: Heatran|Heatran, F|385\/385
|move|p2a: Zapdos|Volt Switch|p1a: Heatran
|-damage|p1a: Heatran|304\/385
|
|switch|p2a: Gliscor|Gliscor, M|185\/353 tox
|
|-heal|p1a: Heatran|328\/385|[from] item: Leftovers
|-heal|p2a: Gliscor|229\/353 tox|[from] ability: Poison Heal
|turn|10
|
|switch|p1a: Slowbro|Slowbro-Mega, F|339\/394
|move|p2a: Gliscor|Earthquake|p1a: Slowbro
|-damage|p1a: Slowbro|288\/394
|
|-heal|p2a: Gliscor|273\/353 tox|[from] ability: Poison Heal
|turn|11
|
|switch|p2a: Zapdos|Zapdos, shiny|273\/384
|-ability|p2a: Zapdos|Pressure
|move|p1a: Slowbro|Scald|p2a: Zapdos
|-damage|p2a: Zapdos|135\/384
|-status|p2a: Zapdos|brn
|
|-heal|p2a: Zapdos|159\/384 brn|[from] item: Leftovers
|-damage|p2a: Zapdos|111\/384 brn|[from] brn
|turn|12
|
|switch|p1a: Garchomp|Garchomp, M|357\/357
|move|p2a: Zapdos|Roost|p2a: Zapdos
|-heal|p2a: Zapdos|303\/384 brn
|
|-heal|p2a: Zapdos|327\/384 brn|[from] item: Leftovers
|-damage|p2a: Zapdos|279\/384 brn|[from] brn
|turn|13
|
|switch|p2a: Slowbro'ed|Slowbro, F, shiny|394\/394
|move|p1a: Garchomp|Stone Edge|p2a: Slowbro'ed
|-damage|p2a: Slowbro'ed|306\/394
|
|-heal|p2a: Slowbro'ed|330\/394|[from] item: Leftovers
|turn|14
|
|switch|p1a: Ferrothorn|Ferrothorn, M|258\/352
|move|p2a: Slowbro'ed|Thunder Wave|p1a: Ferrothorn
|-status|p1a: Ferrothorn|par
|
|-heal|p2a: Slowbro'ed|354\/394|[from] item: Leftovers
|turn|15
|
|switch|p2a: Scizor|Scizor, M|343\/343
|move|p1a: Ferrothorn|Leech Seed|p2a: Scizor
|-start|p2a: Scizor|move: Leech Seed
|
|-damage|p2a: Scizor|301\/343|[from] Leech Seed|[of] p1a: Ferrothorn
|-heal|p1a: Ferrothorn|300\/352 par|[silent]
|turn|16
|
|switch|p2a: Zapdos|Zapdos, shiny|279\/384 brn
|-ability|p2a: Zapdos|Pressure
|move|p1a: Ferrothorn|Protect|p1a: Ferrothorn
|-fail|p1a: Ferrothorn
|
|-heal|p2a: Zapdos|303\/384 brn|[from] item: Leftovers
|-damage|p2a: Zapdos|255\/384 brn|[from] brn
|turn|17
|
|move|p2a: Zapdos|Roost|p2a: Zapdos
|-heal|p2a: Zapdos|384\/384 brn
|move|p1a: Ferrothorn|Leech Seed|p2a: Zapdos
|-start|p2a: Zapdos|move: Leech Seed
|
|-damage|p2a: Zapdos|336\/384 brn|[from] Leech Seed|[of] p1a: Ferrothorn
|-heal|p1a: Ferrothorn|348\/352 par|[silent]
|-damage|p2a: Zapdos|288\/384 brn|[from] brn
|turn|18
|
|switch|p2a: Gliscor|Gliscor, M|273\/353 tox
|move|p1a: Ferrothorn|Protect|p1a: Ferrothorn
|-fail|p1a: Ferrothorn
|
|-heal|p2a: Gliscor|317\/353 tox|[from] ability: Poison Heal
|turn|19
|
|switch|p1a: Slowbro|Slowbro-Mega, F|288\/394
|move|p2a: Gliscor|Taunt|p1a: Slowbro
|-start|p1a: Slowbro|move: Taunt
|
|-heal|p2a: Gliscor|353\/353 tox|[from] ability: Poison Heal
|turn|20
|
|switch|p2a: Clefable|Clefable, F|394\/394
|move|p1a: Slowbro|Scald|p2a: Clefable
|-damage|p2a: Clefable|256\/394
|
|-heal|p2a: Clefable|280\/394|[from] item: Leftovers
|turn|21
|
|switch|p1a: Clefable|Clefable, F|394\/394
|move|p2a: Clefable|Calm Mind|p2a: Clefable
|-boost|p2a: Clefable|spa|1
|-boost|p2a: Clefable|spd|1
|
|-heal|p2a: Clefable|304\/394|[from] item: Leftovers
|turn|22
|
|switch|p1a: Heatran|Heatran, F|328\/385
|move|p2a: Clefable|Calm Mind|p2a: Clefable
|-boost|p2a: Clefable|spa|1
|-boost|p2a: Clefable|spd|1
|
|-heal|p1a: Heatran|352\/385|[from] item: Leftovers
|-heal|p2a: Clefable|328\/394|[from] item: Leftovers
|turn|23
|
|move|p2a: Clefable|Moonblast|p1a: Heatran
|-resisted|p1a: Heatran
|-damage|p1a: Heatran|315\/385
|move|p1a: Heatran|Roar|p2a: Clefable
|drag|p2a: Chansey|Chansey, F|704\/704
|
|-heal|p1a: Heatran|339\/385|[from] item: Leftovers
|turn|24
|
|move|p1a: Heatran|Stealth Rock|p2a: Chansey
|-sidestart|p2: happening|move: Stealth Rock
|move|p2a: Chansey|Stealth Rock|p1a: Heatran
|-sidestart|p1: EmprahProtects|move: Stealth Rock
|
|-heal|p1a: Heatran|363\/385|[from] item: Leftovers
|turn|25
|
|switch|p2a: Slowbro'ed|Slowbro, F, shiny|394\/394
|-damage|p2a: Slowbro'ed|345\/394|[from] Stealth Rock
|move|p1a: Heatran|Roar|p2a: Slowbro'ed
|drag|p2a: Scizor|Scizor, M|301\/343
|-damage|p2a: Scizor|259\/343|[from] Stealth Rock
|
|-heal|p1a: Heatran|385\/385|[from] item: Leftovers
|turn|26
|join|Win Conditioner
|
|switch|p2a: Slowbro'ed|Slowbro, F, shiny|394\/394
|-damage|p2a: Slowbro'ed|345\/394|[from] Stealth Rock
|move|p1a: Heatran|Lava Plume|p2a: Slowbro'ed
|-resisted|p2a: Slowbro'ed
|-damage|p2a: Slowbro'ed|276\/394
|
|-heal|p2a: Slowbro'ed|300\/394|[from] item: Leftovers
|turn|27
|
|move|p1a: Heatran|Toxic|p2a: Slowbro'ed
|-status|p2a: Slowbro'ed|tox
|move|p2a: Slowbro'ed|Thunder Wave|p1a: Heatran
|-status|p1a: Heatran|par
|
|-heal|p2a: Slowbro'ed|324\/394 tox|[from] item: Leftovers
|-damage|p2a: Slowbro'ed|300\/394 tox|[from] psn
|turn|28
|
|switch|p2a: Gliscor|Gliscor, M|353\/353 tox
|-damage|p2a: Gliscor|309\/353 tox|[from] Stealth Rock
|switch|p1a: Clefable|Clefable, F|394\/394
|
|-heal|p2a: Gliscor|353\/353 tox|[from] ability: Poison Heal
|turn|29
|
|move|p2a: Gliscor|Taunt|p1a: Clefable
|-start|p1a: Clefable|move: Taunt
|move|p1a: Clefable|Moonblast|p2a: Gliscor
|-damage|p2a: Gliscor|250\/353 tox
|
|-heal|p2a: Gliscor|294\/353 tox|[from] ability: Poison Heal
|turn|30
|
|switch|p1a: Slowbro|Slowbro-Mega, F|288\/394
|-damage|p1a: Slowbro|239\/394|[from] Stealth Rock
|move|p2a: Gliscor|Knock Off|p1a: Slowbro
|-supereffective|p1a: Slowbro
|-damage|p1a: Slowbro|191\/394
|
|-heal|p2a: Gliscor|338\/353 tox|[from] ability: Poison Heal
|turn|31
|
|move|p2a: Gliscor|Taunt|p1a: Slowbro
|-start|p1a: Slowbro|move: Taunt
|move|p1a: Slowbro|Scald|p2a: Gliscor
|-supereffective|p2a: Gliscor
|-damage|p2a: Gliscor|138\/353 tox
|
|-heal|p2a: Gliscor|182\/353 tox|[from] ability: Poison Heal
|turn|32
|
|switch|p2a: Zapdos|Zapdos, shiny|288\/384 brn
|-damage|p2a: Zapdos|192\/384 brn|[from] Stealth Rock
|-ability|p2a: Zapdos|Pressure
|move|p1a: Slowbro|Scald|p2a: Zapdos
|-damage|p2a: Zapdos|63\/384 brn
|
|-heal|p2a: Zapdos|87\/384 brn|[from] item: Leftovers
|-damage|p2a: Zapdos|39\/384 brn|[from] brn
|turn|33
|c| Win Conditioner|happening
|c| Win Conditioner|whats your fav dorito flavor
|
|switch|p1a: Garchomp|Garchomp, M|357\/357
|-damage|p1a: Garchomp|335\/357|[from] Stealth Rock
|move|p2a: Zapdos|Roost|p2a: Zapdos
|-heal|p2a: Zapdos|231\/384 brn
|
|-heal|p2a: Zapdos|255\/384 brn|[from] item: Leftovers
|-damage|p2a: Zapdos|207\/384 brn|[from] brn
|turn|34
|c|âhappening|normal
|c| Win Conditioner|nacho?
|c|âhappening|yeah
|c|âhappening|i guess
|
|switch|p2a: Slowbro'ed|Slowbro, F, shiny|394\/394 tox
|-damage|p2a: Slowbro'ed|345\/394 tox|[from] Stealth Rock
|move|p1a: Garchomp|Dragon Claw|p2a: Slowbro'ed
|-crit|p2a: Slowbro'ed
|-damage|p2a: Slowbro'ed|186\/394 tox
|
|-heal|p2a: Slowbro'ed|210\/394 tox|[from] item: Leftovers
|-damage|p2a: Slowbro'ed|186\/394 tox|[from] psn
|turn|35
|c| Win Conditioner|disgusting
|
|switch|p1a: Clefable|Clefable, F|394\/394
|switch|p2a: Clefable|Clefable, F|328\/394
|-damage|p2a: Clefable|279\/394|[from] Stealth Rock
|
|-heal|p2a: Clefable|303\/394|[from] item: Leftovers
|turn|36
|
|move|p2a: Clefable|Wish|p2a: Clefable
|move|p1a: Clefable|Wish|p1a: Clefable
|
|-heal|p2a: Clefable|327\/394|[from] item: Leftovers
|turn|37
|
|switch|p2a: Gliscor|Gliscor, M|182\/353 tox
|-damage|p2a: Gliscor|138\/353 tox|[from] Stealth Rock
|switch|p1a: Slowbro|Slowbro-Mega, F|191\/394
|-damage|p1a: Slowbro|142\/394|[from] Stealth Rock
|
|-heal|p2a: Gliscor|335\/353 tox|[from] move: Wish|[wisher] Clefable
|-heal|p1a: Slowbro|339\/394|[from] move: Wish|[wisher] Clefable
|-heal|p2a: Gliscor|353\/353 tox|[from] ability: Poison Heal
|turn|38
|c|âhappening|ugh
|c|âEmprahProtects|this will last forever
|
|switch|p2a: Chansey|Chansey, F|704\/704
|-damage|p2a: Chansey|616\/704|[from] Stealth Rock
|move|p1a: Slowbro|Scald|p2a: Chansey
|-damage|p2a: Chansey|534\/704
|-status|p2a: Chansey|brn
|
|-damage|p2a: Chansey|446\/704 brn|[from] brn
|turn|39
|
|switch|p1a: Clefable|Clefable, F|394\/394
|move|p2a: Chansey|Soft-Boiled|p2a: Chansey
|-heal|p2a: Chansey|704\/704 brn
|
|-damage|p2a: Chansey|616\/704 brn|[from] brn
|turn|40
|
|move|p1a: Clefable|Heal Bell|p1a: Clefable
|-cureteam|p1a: Clefable|[from] move: HealBell
|move|p2a: Chansey|Heal Bell|p2a: Chansey
|-cureteam|p2a: Chansey|[from] move: HealBell
|
|turn|41
|join|IAmGingy
|
|switch|p2a: Gliscor|Gliscor, M|353\/353
|-damage|p2a: Gliscor|309\/353|[from] Stealth Rock
|move|p1a: Clefable|Wish|p1a: Clefable
|
|-status|p2a: Gliscor|tox|[from] item: Toxic Orb
|turn|42
|c|âEmprahProtects|there needs to be a tie button where we both agree to a tie
|
|switch|p1a: Slowbro|Slowbro-Mega, F|339\/394
|-damage|p1a: Slowbro|290\/394|[from] Stealth Rock
|move|p2a: Gliscor|Taunt|p1a: Slowbro
|-start|p1a: Slowbro|move: Taunt
|
|-heal|p1a: Slowbro|394\/394|[from] move: Wish|[wisher] Clefable
|-heal|p2a: Gliscor|353\/353 tox|[from] ability: Poison Heal
|turn|43
|c| IAmGingy|you know
|c| IAmGingy|if u both leave showdown
|c| IAmGingy|at the exact same time
|c| IAmGingy|it ends as a tie
|
|switch|p2a: Slowbro'ed|Slowbro, F, shiny|317\/394
|-damage|p2a: Slowbro'ed|268\/394|[from] Stealth Rock
|move|p1a: Slowbro|Scald|p2a: Slowbro'ed
|-resisted|p2a: Slowbro'ed
|-damage|p2a: Slowbro'ed|191\/394
|
|-heal|p2a: Slowbro'ed|215\/394|[from] item: Leftovers
|turn|44
|c|âhappening|emprah protects lets do ti
|c| Win Conditioner|...
|c|âhappening|i can't wait anymore
|c|âEmprahProtects|k
|c|âhappening|3
|c| Win Conditioner|on the count of 3
|c|âhappening|2
|c|âhappening|1
|leave|EmprahProtects
|player|p1
happening turned on modjoin.
|raw|<div class="broadcast-red"><b>Moderated chat was set to +!<\/b><br \/>Only users of rank + and higher can talk.<\/div>
happening made this room hidden.
|c|âhappening|...
|raw|<div class="broadcast-blue"><b>Moderated chat was disabled!<\/b><br \/>Anyone may talk now.<\/div>
|c| Win Conditioner|you're an asshole
|c| IAmGingy|LOOOOOOOOOOOOOL
|c| IAmGingy|LOOOOOOOOOOOOOOOOOOOOOOOOOOOOOOOOOOOOOOOOOOOOOOOOOL
|c| IAmGingy|man that was such a dick move
|c| IAmGingy|oml
|c|âhappening|im crying
|c|âhappening|lol
|c|âhappening|dying*
|-message|emprahprotects lost due to inactivity.
|
|win|happening
|raw|Ladder updating...
|c| IAmGingy|oh man,,,
happening turned off modjoin.
|c| IAmGingy|lmao