|join|mark_pigman
|join|LotsofSpaghetti713
|player|p1|mark_pigman|102
|player|p2|LotsofSpaghetti713|101
|gametype|singles
|gen|6
|tier|OU
|rated
|clearpoke
|poke|p1|Slowbro, M
|poke|p1|Diggersby, M
|poke|p1|Hawlucha, M
|poke|p1|Forretress, F
|poke|p1|Goodra, F
|poke|p1|Gengar, F
|poke|p2|Gliscor, F
|poke|p2|Swampert, F
|poke|p2|Snorlax, F
|poke|p2|Infernape, F
|poke|p2|Gyarados, F
|poke|p2|Jolteon, F
|rule|Swagger Clause: Swagger is banned
|rule|Baton Pass Clause: Limit one PokÃ©mon knowing Baton Pass
|rule|Sleep Clause Mod: Limit one foe put to sleep
|rule|Species Clause: Limit one of each PokÃ©mon
|rule|OHKO Clause: OHKO moves are banned
|rule|Moody Clause: Moody is banned
|rule|Evasion Moves Clause: Evasion moves are banned
|rule|Endless Battle Clause: Forcing endless battles is banned
|rule|HP Percentage Mod: HP is shown in percentages
|teampreview
|
|start
|switch|p1a: Forretress|Forretress, F|354\/354
|switch|p2a: Infernape|Infernape, F|293\/293
|turn|1
|
|move|p2a: Infernape|Overheat|p1a: Forretress
|-supereffective|p1a: Forretress
|-activate|p1a: Forretress|Sturdy
|-damage|p1a: Forretress|1\/354
|-unboost|p2a: Infernape|spa|2
|-damage|p2a: Infernape|264\/293|[from] item: Life Orb
|move|p1a: Forretress|Toxic Spikes|p2a: Infernape
|-sidestart|p2: LotsofSpaghetti713|move: Toxic Spikes
|
|-heal|p1a: Forretress|23\/354|[from] item: Leftovers
|turn|2
|
|move|p2a: Infernape|Close Combat|p1a: Forretress
|-damage|p1a: Forretress|0 fnt
|-unboost|p2a: Infernape|def|1
|-unboost|p2a: Infernape|spd|1
|-damage|p2a: Infernape|235\/293|[from] item: Life Orb
|faint|p1a: Forretress
|
|
|switch|p1a: Gengar|Gengar, F|262\/262
|turn|3
|
|switch|p2a: Snorlax|Snorlax, F|462\/462
|-status|p2a: Snorlax|psn
|move|p1a: Gengar|Sludge Wave|p2a: Snorlax
|-damage|p2a: Snorlax|330\/462 psn
|
|-heal|p2a: Snorlax|358\/462 psn|[from] item: Leftovers
|-damage|p2a: Snorlax|301\/462 psn|[from] psn
|turn|4
|
|move|p1a: Gengar|Sludge Wave|p2a: Snorlax
|-damage|p2a: Snorlax|165\/462 psn
|move|p2a: Snorlax|Pursuit|p1a: Gengar
|-supereffective|p1a: Gengar
|-damage|p1a: Gengar|110\/262
|
|-heal|p2a: Snorlax|193\/462 psn|[from] item: Leftovers
|-damage|p2a: Snorlax|136\/462 psn|[from] psn
|turn|5
|
|move|p1a: Gengar|Sludge Wave|p2a: Snorlax
|-damage|p2a: Snorlax|4\/462 psn
|move|p2a: Snorlax|Pursuit|p1a: Gengar
|-supereffective|p1a: Gengar
|-damage|p1a: Gengar|0 fnt
|faint|p1a: Gengar
|
|-heal|p2a: Snorlax|32\/462 psn|[from] item: Leftovers
|-damage|p2a: Snorlax|0 fnt|[from] psn
|faint|p2a: Snorlax
|
|switch|p2a: Gliscor|Gliscor, F|354\/354
|switch|p1a: Diggersby|Diggersby, M|311\/311
|turn|6
|
|move|p2a: Gliscor|Stealth Rock|p1a: Diggersby
|-sidestart|p1: mark_pigman|move: Stealth Rock
|move|p1a: Diggersby|Swords Dance|p1a: Diggersby
|-boost|p1a: Diggersby|atk|2
|
|turn|7
|
|move|p2a: Gliscor|Earthquake|p1a: Diggersby
|-damage|p1a: Diggersby|163\/311
|move|p1a: Diggersby|Agility|p1a: Diggersby
|-boost|p1a: Diggersby|spe|2
|
|turn|8
|
|move|p1a: Diggersby|Swords Dance|p1a: Diggersby
|-boost|p1a: Diggersby|atk|2
|move|p2a: Gliscor|Earthquake|p1a: Diggersby
|-damage|p1a: Diggersby|25\/311
|
|turn|9
|
|move|p1a: Diggersby|Return|p2a: Gliscor
|-damage|p2a: Gliscor|0 fnt
|faint|p2a: Gliscor
|
|
|switch|p2a: Jolteon|Jolteon, F|272\/272
|-status|p2a: Jolteon|psn
|turn|10
|
|move|p1a: Diggersby|Earthquake|p2a: Jolteon
|-supereffective|p2a: Jolteon
|-damage|p2a: Jolteon|0 fnt
|faint|p2a: Jolteon
|
|
|switch|p2a: Gyarados|Gyarados, F|370\/370
|-ability|p2a: Gyarados|Intimidate|[of] p1a: Diggersby
|-unboost|p1a: Diggersby|atk|1
|turn|11
|
|move|p1a: Diggersby|Return|p2a: Gyarados
|-damage|p2a: Gyarados|0 fnt
|faint|p2a: Gyarados
|
|
|switch|p2a: Swampert|Swampert, F|404\/404
|-status|p2a: Swampert|psn
|turn|12
|
|move|p1a: Diggersby|Return|p2a: Swampert
|-damage|p2a: Swampert|0 fnt
|faint|p2a: Swampert
|
|-message|LotsofSpaghetti713 forfeited.
|
|win|mark_pigman
|raw|Ladder updating...
|leave|LotsofSpaghetti713
|player|p2
|raw|mark_pigman's rating: 1219 &rarr; <strong>1241<\/strong><br \/>(+22 for winning)
|raw|LotsofSpaghetti713's rating: 1181 &rarr; <strong>1159<\/strong><br \/>(-22 for losing)