|join|Randomat
|join|LotsofSpaghetti713
|player|p1|Randomat|156
|player|p2|LotsofSpaghetti713|101
|gametype|singles
|gen|6
|tier|OU
|rated
|clearpoke
|poke|p1|Pidgeot, F
|poke|p1|Rotom-Wash
|poke|p1|Sableye, M
|poke|p1|Azumarill, F
|poke|p1|Serperior, M
|poke|p1|Heatran, M
|poke|p2|Wobbuffet, F
|poke|p2|Pinsir, F
|poke|p2|Magnezone
|poke|p2|Rotom-Wash
|poke|p2|Scizor, M
|poke|p2|Blissey, F
|rule|Swagger Clause: Swagger is banned
|rule|Baton Pass Clause: Limit one PokÃ©mon knowing Baton Pass
|rule|Sleep Clause Mod: Limit one foe put to sleep
|rule|Species Clause: Limit one of each PokÃ©mon
|rule|OHKO Clause: OHKO moves are banned
|rule|Moody Clause: Moody is banned
|rule|Evasion Moves Clause: Evasion moves are banned
|rule|Endless Battle Clause: Forcing endless battles is banned
|rule|HP Percentage Mod: HP is shown in percentages
|teampreview
|c|âRandomat|gl hf
|c|âLotsofSpaghetti713|you too
|
|start
|switch|p1a: Katy Pee|Azumarill, F|403\/403
|switch|p2a: FabricSoftener|Rotom-Wash|241\/241
|turn|1
|
|switch|p1a: Clumsy|Heatran, M|386\/386
|move|p2a: FabricSoftener|Volt Switch|p1a: Clumsy
|-damage|p1a: Clumsy|292\/386
|
|switch|p2a: Blissey|Blissey, F|714\/714
|
|-heal|p1a: Clumsy|316\/386|[from] item: Leftovers
|turn|2
|
|move|p1a: Clumsy|Stealth Rock|p2a: Blissey
|-sidestart|p2: LotsofSpaghetti713|move: Stealth Rock
|move|p2a: Blissey|Stealth Rock|p1a: Clumsy
|-sidestart|p1: Randomat|move: Stealth Rock
|
|-heal|p1a: Clumsy|340\/386|[from] item: Leftovers
|turn|3
|
|switch|p1a: Katy Pee|Azumarill, F|403\/403
|-damage|p1a: Katy Pee|353\/403|[from] Stealth Rock
|move|p2a: Blissey|Seismic Toss|p1a: Katy Pee
|-damage|p1a: Katy Pee|253\/403
|
|turn|4
|
|switch|p2a: It's a trap|Magnezone|313\/313
|-damage|p2a: It's a trap|294\/313|[from] Stealth Rock
|-item|p2a: It's a trap|Air Balloon
|move|p1a: Katy Pee|Knock Off|p2a: It's a trap
|-damage|p2a: It's a trap|166\/313
|-enditem|p2a: It's a trap|Air Balloon
|
|turn|5
|
|move|p2a: It's a trap|Thunderbolt|p1a: Katy Pee
|-supereffective|p1a: Katy Pee
|-damage|p1a: Katy Pee|0 fnt
|faint|p1a: Katy Pee
|
|
|switch|p1a: Jerk|Sableye, M|304\/304
|-damage|p1a: Jerk|266\/304|[from] Stealth Rock
|turn|6
|
|move|p1a: Jerk|Will-O-Wisp|p2a: It's a trap|[miss]
|-miss|p1a: Jerk|p2a: It's a trap
|move|p2a: It's a trap|Thunderbolt|p1a: Jerk
|-damage|p1a: Jerk|113\/304
|
|-heal|p1a: Jerk|132\/304|[from] item: Leftovers
|turn|7
|
|move|p1a: Jerk|Recover|p1a: Jerk
|-heal|p1a: Jerk|284\/304
|move|p2a: It's a trap|Thunderbolt|p1a: Jerk
|-damage|p1a: Jerk|107\/304
|
|-heal|p1a: Jerk|126\/304|[from] item: Leftovers
|turn|8
|
|move|p1a: Jerk|Recover|p1a: Jerk
|-heal|p1a: Jerk|278\/304
|move|p2a: It's a trap|Thunderbolt|p1a: Jerk
|-damage|p1a: Jerk|125\/304
|
|-heal|p1a: Jerk|144\/304|[from] item: Leftovers
|turn|9
|
|switch|p1a: Clumsy|Heatran, M|340\/386
|-damage|p1a: Clumsy|292\/386|[from] Stealth Rock
|move|p2a: It's a trap|Thunderbolt|p1a: Clumsy
|-damage|p1a: Clumsy|142\/386
|
|-heal|p1a: Clumsy|166\/386|[from] item: Leftovers
|turn|10
|
|switch|p2a: Blissey|Blissey, F|714\/714
|-damage|p2a: Blissey|625\/714|[from] Stealth Rock
|move|p1a: Clumsy|Lava Plume|p2a: Blissey
|-damage|p2a: Blissey|541\/714
|
|-heal|p1a: Clumsy|190\/386|[from] item: Leftovers
|-heal|p2a: Blissey|585\/714|[from] item: Leftovers
|turn|11
|
|move|p1a: Clumsy|Toxic|p2a: Blissey
|-status|p2a: Blissey|tox
|move|p2a: Blissey|Wish|p2a: Blissey
|
|-heal|p1a: Clumsy|214\/386|[from] item: Leftovers
|-heal|p2a: Blissey|629\/714 tox|[from] item: Leftovers
|-damage|p2a: Blissey|585\/714 tox|[from] psn
|turn|12
|
|switch|p2a: FabricSoftener|Rotom-Wash|241\/241
|-damage|p2a: FabricSoftener|211\/241|[from] Stealth Rock
|move|p1a: Clumsy|Lava Plume|p2a: FabricSoftener
|-resisted|p2a: FabricSoftener
|-damage|p2a: FabricSoftener|157\/241
|-status|p2a: FabricSoftener|brn
|
|-heal|p2a: FabricSoftener|241\/241 brn|[from] move: Wish|[wisher] Blissey
|-heal|p1a: Clumsy|238\/386|[from] item: Leftovers
|-damage|p2a: FabricSoftener|211\/241 brn|[from] brn
|turn|13
|
|switch|p1a: Jerk|Sableye, M|144\/304
|-damage|p1a: Jerk|106\/304|[from] Stealth Rock
|move|p2a: FabricSoftener|Hydro Pump|p1a: Jerk|[miss]
|-miss|p2a: FabricSoftener|p1a: Jerk
|
|-heal|p1a: Jerk|125\/304|[from] item: Leftovers
|-damage|p2a: FabricSoftener|181\/241 brn|[from] brn
|turn|14
|
|move|p1a: Jerk|Recover|p1a: Jerk
|-heal|p1a: Jerk|277\/304
|move|p2a: FabricSoftener|Hydro Pump|p1a: Jerk
|-damage|p1a: Jerk|126\/304
|
|-heal|p1a: Jerk|145\/304|[from] item: Leftovers
|-damage|p2a: FabricSoftener|151\/241 brn|[from] brn
|turn|15
|
|switch|p2a: It's a trap|Magnezone|166\/313
|-damage|p2a: It's a trap|147\/313|[from] Stealth Rock
|move|p1a: Jerk|Recover|p1a: Jerk
|-heal|p1a: Jerk|297\/304
|
|-heal|p1a: Jerk|304\/304|[from] item: Leftovers
|turn|16
|
|move|p1a: Jerk|Will-O-Wisp|p2a: It's a trap
|-status|p2a: It's a trap|brn
|move|p2a: It's a trap|Thunderbolt|p1a: Jerk
|-damage|p1a: Jerk|124\/304
|
|-heal|p1a: Jerk|143\/304|[from] item: Leftovers
|-damage|p2a: It's a trap|108\/313 brn|[from] brn
|turn|17
|
|move|p1a: Jerk|Recover|p1a: Jerk
|-heal|p1a: Jerk|295\/304
|move|p2a: It's a trap|Thunderbolt|p1a: Jerk
|-damage|p1a: Jerk|121\/304
|
|-heal|p1a: Jerk|140\/304|[from] item: Leftovers
|-damage|p2a: It's a trap|69\/313 brn|[from] brn
|turn|18
|
|move|p1a: Jerk|Recover|p1a: Jerk
|-heal|p1a: Jerk|292\/304
|move|p2a: It's a trap|Thunderbolt|p1a: Jerk
|-damage|p1a: Jerk|138\/304
|
|-heal|p1a: Jerk|157\/304|[from] item: Leftovers
|-damage|p2a: It's a trap|30\/313 brn|[from] brn
|turn|19
|
|move|p1a: Jerk|Recover|p1a: Jerk
|-heal|p1a: Jerk|304\/304
|move|p2a: It's a trap|Thunderbolt|p1a: Jerk
|-damage|p1a: Jerk|136\/304
|
|-heal|p1a: Jerk|155\/304|[from] item: Leftovers
|-damage|p2a: It's a trap|0 fnt|[from] brn
|faint|p2a: It's a trap
|
|switch|p2a: WomboCombo|Wobbuffet, F|534\/534
|-damage|p2a: WomboCombo|468\/534|[from] Stealth Rock
|turn|20
|
|move|p1a: Jerk|Taunt|p2a: WomboCombo
|-start|p2a: WomboCombo|move: Taunt
|cant|p2a: WomboCombo|move: Taunt|Encore
|
|-heal|p1a: Jerk|174\/304|[from] item: Leftovers
|turn|21
|
|switch|p2a: FabricSoftener|Rotom-Wash|151\/241 brn
|-damage|p2a: FabricSoftener|121\/241 brn|[from] Stealth Rock
|move|p1a: Jerk|Recover|p1a: Jerk
|-heal|p1a: Jerk|304\/304
|
|-damage|p2a: FabricSoftener|91\/241 brn|[from] brn
|turn|22
|
|move|p2a: FabricSoftener|Trick|p1a: Jerk
|-activate|p2a: FabricSoftener|move: Trick|[of] p1a: Jerk
|-item|p1a: Jerk|Choice Scarf|[from] move: Trick
|-item|p2a: FabricSoftener|Leftovers|[from] move: Trick
|move|p1a: Jerk|Knock Off|p2a: FabricSoftener
|-damage|p2a: FabricSoftener|9\/241 brn
|-enditem|p2a: FabricSoftener|Leftovers|[from] move: Knock Off|[of] p1a: Jerk
|
|-damage|p2a: FabricSoftener|0 fnt|[from] brn
|faint|p2a: FabricSoftener
|
|switch|p2a: WomboCombo|Wobbuffet, F|468\/534
|-damage|p2a: WomboCombo|402\/534|[from] Stealth Rock
|turn|23
|
|move|p1a: Jerk|Knock Off|p2a: WomboCombo
|-supereffective|p2a: WomboCombo
|-damage|p2a: WomboCombo|220\/534
|-enditem|p2a: WomboCombo|Sitrus Berry|[from] move: Knock Off|[of] p1a: Jerk
|move|p2a: WomboCombo|Encore|p1a: Jerk
|-start|p1a: Jerk|Encore
|
|turn|24
|c|âRandomat|:D
|c|âRandomat|lol
|
|switch|p2a: Pinsir|Pinsir, F|272\/272
|-damage|p2a: Pinsir|204\/272|[from] Stealth Rock
|move|p1a: Jerk|Knock Off|p2a: Pinsir
|-damage|p2a: Pinsir|147\/272
|
|turn|25
|c|âRandomat|encore my scarfer
|
|switch|p1a: Apollo13|Rotom-Wash|303\/303
|-damage|p1a: Apollo13|266\/303|[from] Stealth Rock
|detailschange|p2a: Pinsir|Pinsir-Mega, F
|-mega|p2a: Pinsir|Pinsir|Pinsirite
|move|p2a: Pinsir|Swords Dance|p2a: Pinsir
|-boost|p2a: Pinsir|atk|2
|
|-heal|p1a: Apollo13|284\/303|[from] item: Leftovers
|turn|26
|
|move|p2a: Pinsir|Close Combat|p1a: Apollo13
|-damage|p1a: Apollo13|0 fnt
|-unboost|p2a: Pinsir|def|1
|-unboost|p2a: Pinsir|spd|1
|faint|p1a: Apollo13
|
|c|âLotsofSpaghetti713|lol
|c|âLotsofSpaghetti713|right
|
|switch|p1a: Jerk|Sableye, M|304\/304
|-damage|p1a: Jerk|266\/304|[from] Stealth Rock
|turn|27
|
|move|p2a: Pinsir|Quick Attack|p1a: Jerk
|-damage|p1a: Jerk|0 fnt
|faint|p1a: Jerk
|
|c|âRandomat|gg
|c|âLotsofSpaghetti713|gg
|-message|Randomat forfeited.
|leave|Randomat
|
|win|LotsofSpaghetti713
|raw|Ladder updating...
|player|p1
|raw|Randomat's rating: 1479 &rarr; <strong>1455<\/strong><br \/>(-24 for losing)
|raw|LotsofSpaghetti713's rating: 1418 &rarr; <strong>1441<\/strong><br \/>(+23 for winning)