|join|Appreciation
|join|LotsofSpaghetti713
|player|p1|Appreciation|68
|player|p2|LotsofSpaghetti713|101
|gametype|singles
|gen|6
|tier|OU
|rated
|clearpoke
|poke|p1|Lopunny, M
|poke|p1|Crawdaunt, M
|poke|p1|Diggersby, M
|poke|p1|Garchomp, F
|poke|p1|Latios, M
|poke|p1|Gengar, M
|poke|p2|Wobbuffet, M
|poke|p2|Pinsir, M
|poke|p2|Magnezone
|poke|p2|Rotom-Wash
|poke|p2|Scizor, M
|poke|p2|Blissey, F
|rule|Swagger Clause: Swagger is banned
|rule|Baton Pass Clause: Limit one PokÃ©mon knowing Baton Pass
|rule|Sleep Clause Mod: Limit one foe put to sleep
|rule|Species Clause: Limit one of each PokÃ©mon
|rule|OHKO Clause: OHKO moves are banned
|rule|Moody Clause: Moody is banned
|rule|Evasion Moves Clause: Evasion moves are banned
|rule|Endless Battle Clause: Forcing endless battles is banned
|rule|HP Percentage Mod: HP is shown in percentages
|teampreview
|c|âAppreciation|eh
|c|âAppreciation|eheheheheheh
|c|âAppreciation|ok
|join|Here to GG
|
|start
|switch|p1a: Garchomp|Garchomp, F|357\/357
|switch|p2a: FabricSoftener|Rotom-Wash|241\/241
|turn|1
|
|move|p2a: FabricSoftener|Hidden Power|p1a: Garchomp
|-supereffective|p1a: Garchomp
|-damage|p1a: Garchomp|77\/357
|move|p1a: Garchomp|Swords Dance|p1a: Garchomp
|-boost|p1a: Garchomp|atk|2
|
|turn|2
|c|âAppreciation|WHY
|c|âAppreciation|IS
|c|âAppreciation|LADDER
|c|âAppreciation|SOOOOOOOOOOOOO BAD
|
|switch|p1a: Crawdaunt|Crawdaunt, M|268\/268
|move|p2a: FabricSoftener|Hidden Power|p1a: Crawdaunt
|-resisted|p1a: Crawdaunt
|-damage|p1a: Crawdaunt|214\/268
|
|turn|3
|c| Here to GG|its his nite check
|c| Here to GG|eh
|c| Here to GG|gg anyway
|c|âAppreciation|its not gg
|c|âAppreciation|how is it gg
|c| Here to GG|i mean to one life
|c|âAppreciation|lol
|join|Clockwatch
|
|switch|p2a: It's a trap|Magnezone|313\/313
|-item|p2a: It's a trap|Air Balloon
|move|p1a: Crawdaunt|Knock Off|p2a: It's a trap
|-damage|p2a: It's a trap|66\/313
|-enditem|p2a: It's a trap|Air Balloon
|-damage|p1a: Crawdaunt|188\/268|[from] item: Life Orb
|
|turn|4
|
|move|p1a: Crawdaunt|Aqua Jet|p2a: It's a trap
|-crit|p2a: It's a trap
|-damage|p2a: It's a trap|0 fnt
|-damage|p1a: Crawdaunt|162\/268|[from] item: Life Orb
|faint|p2a: It's a trap
|
|c| Here to GG|crab hammer was better there imo
|c|âAppreciation|n
|
|switch|p2a: FabricSoftener|Rotom-Wash|241\/241
|turn|5
|c|âAppreciation|i dont risk shit
|
|switch|p1a: Garchomp|Garchomp, F|77\/357
|move|p2a: FabricSoftener|Volt Switch|p1a: Garchomp
|-immune|p1a: Garchomp|[msg]
|
|turn|6
|c| Here to GG|lel
|c| Here to GG|gg
|c| Here to GG|forfeit
|c| Here to GG|:)
|
|switch|p2a: BigMeatyClaws|Scizor, M|343\/343
|move|p1a: Garchomp|Stealth Rock|p2a: BigMeatyClaws
|-sidestart|p2: LotsofSpaghetti713|move: Stealth Rock
|
|turn|7
|
|move|p2a: BigMeatyClaws|Bullet Punch|p1a: Garchomp
|-damage|p1a: Garchomp|0 fnt
|-damage|p2a: BigMeatyClaws|301\/343|[from] ability: Rough Skin|[of] p1a: Garchomp
|faint|p1a: Garchomp
|
|
|switch|p1a: Crawdaunt|Crawdaunt, M|162\/268
|turn|8
|
|move|p2a: BigMeatyClaws|Bullet Punch|p1a: Crawdaunt
|-resisted|p1a: Crawdaunt
|-damage|p1a: Crawdaunt|64\/268
|move|p1a: Crawdaunt|Crabhammer|p2a: BigMeatyClaws
|-damage|p2a: BigMeatyClaws|0 fnt
|-damage|p1a: Crawdaunt|38\/268|[from] item: Life Orb
|faint|p2a: BigMeatyClaws
|
|c|âAppreciation|gone
|
|switch|p2a: FabricSoftener|Rotom-Wash|241\/241
|-damage|p2a: FabricSoftener|211\/241|[from] Stealth Rock
|turn|9
|c| Here to GG|do you win with gengar?
|
|switch|p1a: Latios|Latios, M|301\/301
|move|p2a: FabricSoftener|Hidden Power|p1a: Latios
|-supereffective|p1a: Latios
|-damage|p1a: Latios|185\/301
|
|turn|10
|c|âAppreciation|he has blissey
|c|âAppreciation|i dont think i do
|c| Here to GG|so no taunt?
|c|âAppreciation|no
|
|switch|p2a: Blissey|Blissey, F|714\/714
|-damage|p2a: Blissey|625\/714|[from] Stealth Rock
|move|p1a: Latios|Draco Meteor|p2a: Blissey
|-damage|p2a: Blissey|448\/714
|-unboost|p1a: Latios|spa|2
|
|-heal|p2a: Blissey|492\/714|[from] item: Leftovers
|turn|11
|c|âAppreciation|lol ok
|
|switch|p1a: Gengar|Gengar, M|261\/261
|move|p2a: Blissey|Stealth Rock|p1a: Gengar
|-sidestart|p1: Appreciation|move: Stealth Rock
|
|-heal|p2a: Blissey|536\/714|[from] item: Leftovers
|turn|12
|
|move|p2a: Blissey|Protect|p2a: Blissey
|-singleturn|p2a: Blissey|Protect
|move|p1a: Gengar|Substitute|p1a: Gengar
|-start|p1a: Gengar|Substitute
|-damage|p1a: Gengar|196\/261
|
|-heal|p2a: Blissey|580\/714|[from] item: Leftovers
|turn|13
|c|âAppreciation|lelelelel
|
|move|p1a: Gengar|Focus Blast|p2a: Blissey
|-supereffective|p2a: Blissey
|-damage|p2a: Blissey|317\/714
|-damage|p1a: Gengar|170\/261|[from] item: Life Orb
|move|p2a: Blissey|Wish|p2a: Blissey
|
|-heal|p2a: Blissey|361\/714|[from] item: Leftovers
|turn|14
|
|switch|p1a: Crawdaunt|Crawdaunt, M|38\/268
|-damage|p1a: Crawdaunt|5\/268|[from] Stealth Rock
|move|p2a: Blissey|Seismic Toss|p1a: Crawdaunt
|-damage|p1a: Crawdaunt|0 fnt
|faint|p1a: Crawdaunt
|
|-heal|p2a: Blissey|714\/714|[from] move: Wish|[wisher] Blissey
|
|switch|p1a: Lopunny|Lopunny, M|271\/271
|-damage|p1a: Lopunny|238\/271|[from] Stealth Rock
|turn|15
|
|detailschange|p1a: Lopunny|Lopunny-Mega, M
|-mega|p1a: Lopunny|Lopunny|Lopunnite
|move|p2a: Blissey|Protect|p2a: Blissey
|-singleturn|p2a: Blissey|Protect
|move|p1a: Lopunny|Power-Up Punch|p2a: Blissey
|-activate|p2a: Blissey|Protect
|
|turn|16
|
|switch|p2a: WomboCombo|Wobbuffet, M|534\/534
|-damage|p2a: WomboCombo|468\/534|[from] Stealth Rock
|move|p1a: Lopunny|High Jump Kick|p2a: WomboCombo
|-resisted|p2a: WomboCombo
|-damage|p2a: WomboCombo|354\/534
|
|turn|17
|
|move|p1a: Lopunny|Fake Out|p2a: WomboCombo
|-hint|Fake Out only works on your first turn out.
|-fail|p2a: WomboCombo
|move|p2a: WomboCombo|Encore|p1a: Lopunny
|-start|p1a: Lopunny|Encore
|
|turn|18
|c| Here to GG|why
|c|âAppreciation|what would i go for
|
|switch|p2a: Pinsir|Pinsir, M|272\/272
|-damage|p2a: Pinsir|204\/272|[from] Stealth Rock
|move|p1a: Lopunny|Fake Out|p2a: Pinsir
|-hint|Fake Out only works on your first turn out.
|-fail|p2a: Pinsir
|
|turn|19
|c|âAppreciation|lol
|c| Here to GG|return
|
|detailschange|p2a: Pinsir|Pinsir-Mega, M
|-mega|p2a: Pinsir|Pinsir|Pinsirite
|move|p1a: Lopunny|Fake Out|p2a: Pinsir
|-hint|Fake Out only works on your first turn out.
|-fail|p2a: Pinsir
|move|p2a: Pinsir|Swords Dance|p2a: Pinsir
|-boost|p2a: Pinsir|atk|2
|
|turn|20
|c|âAppreciation|MISCLICK
|c|âAppreciation|NOOOOOOOOOOOOOOO
|c| Here to GG|exactly
|c| Here to GG|nice choke
|c|âAppreciation|FUCKING AWFUl shit
|c|âAppreciation|i didnt choke u piece of shit
|c|âLotsofSpaghetti713|lol you guys were too cocky
|c|âAppreciation|i smiclcicked
|
|switch|p1a: Gengar|Gengar, M|170\/261
|-damage|p1a: Gengar|138\/261|[from] Stealth Rock
|move|p2a: Pinsir|Return|p1a: Gengar
|-damage|p1a: Gengar|0 fnt
|faint|p1a: Gengar
|
|c| Here to GG|_2 was right move imo
|
|switch|p1a: Diggersby|Diggersby, M|311\/311
|-damage|p1a: Diggersby|292\/311|[from] Stealth Rock
|turn|21
|
|move|p1a: Diggersby|Quick Attack|p2a: Pinsir
|-damage|p2a: Pinsir|91\/272
|-damage|p1a: Diggersby|261\/311|[from] item: Life Orb
|move|p2a: Pinsir|Return|p1a: Diggersby
|-damage|p1a: Diggersby|0 fnt
|faint|p1a: Diggersby
|
|
|switch|p1a: Lopunny|Lopunny-Mega, M|238\/271
|-damage|p1a: Lopunny|222\/271|[from] Stealth Rock
|turn|22
|c| Here to GG|why not lati
|c| Here to GG|you live :L
|
|move|p1a: Lopunny|Fake Out|p2a: Pinsir
|-damage|p2a: Pinsir|28\/272
|cant|p2a: Pinsir|flinch
|
|turn|23
|c|âAppreciation|and then?
|c|âAppreciation|i cant win anyway
|c|âAppreciation|cus i misclicked
|
|switch|p1a: Latios|Latios, M|185\/301
|-damage|p1a: Latios|148\/301|[from] Stealth Rock
|move|p2a: Pinsir|Quick Attack|p1a: Latios
|-damage|p1a: Latios|0 fnt
|faint|p1a: Latios
|
|c| Here to GG|you could have
|c|âLotsofSpaghetti713|the misclick ment nothing
|c| Here to GG|oh yeah
|c| Here to GG|and yeah it didnt
|
|switch|p1a: Lopunny|Lopunny-Mega, M|222\/271
|-damage|p1a: Lopunny|206\/271|[from] Stealth Rock
|turn|24
|c|âAppreciation|yes it did
|c|âLotsofSpaghetti713|i have quick attack
|c|âLotsofSpaghetti713|gengar was dead
|c|âLotsofSpaghetti713|and the rest of them
|c|âAppreciation|it wasnt
|c|âAppreciation|i sacd it after i misclicked
|c|âAppreciation|u nerd
|c|âLotsofSpaghetti713|then what would you do
|c|âAppreciation|beat ur pinsir? lol
|c|âLotsofSpaghetti713|i think you are just salty you lost when you think you shouldn't have
|c|âLotsofSpaghetti713|how would you beat it
|c|âAppreciation|nah
|
|move|p1a: Lopunny|Fake Out|p2a: Pinsir
|-damage|p2a: Pinsir|0 fnt
|faint|p2a: Pinsir
|
|c|âAppreciation|its just annoying losing to the worst shit
|c|âAppreciation|on ladder
|c|âAppreciation|that cant play
|
|switch|p2a: WomboCombo|Wobbuffet, M|354\/534
|-damage|p2a: WomboCombo|288\/534|[from] Stealth Rock
|turn|25
|c| Here to GG|5050
|c|âLotsofSpaghetti713|sounds like you are just bad and got beat
|c|âAppreciation|its over lol
|c| Here to GG|no
|
|move|p1a: Lopunny|Return|p2a: WomboCombo
|-damage|p2a: WomboCombo|93\/534
|-enditem|p2a: WomboCombo|Sitrus Berry|[eat]
|-heal|p2a: WomboCombo|226\/534|[from] item: Sitrus Berry
|move|p2a: WomboCombo|Counter|p1a: Lopunny
|-damage|p1a: Lopunny|0 fnt
|faint|p1a: Lopunny
|
|win|LotsofSpaghetti713
|raw|Ladder updating...
|raw|Appreciation's rating: 1642 &rarr; <strong>1618<\/strong><br \/>(-24 for losing)
|raw|LotsofSpaghetti713's rating: 1580 &rarr; <strong>1603<\/strong><br \/>(+23 for winning)
|c|âLotsofSpaghetti713|gg
|c|âAppreciation|see
|c|âAppreciation|hes awful
|c| Here to GG|pp
|c|âAppreciation|not really
|leave|Appreciation
|player|p1
|leave|Here to GG