|join|FlareBlitz
|join|HOBODARKSEID
|player|p1|FlareBlitz|266
|player|p2|HOBODARKSEID|224
|gametype|singles
|gen|5
|tier|[Gen 5] UU
|rule|Sleep Clause Mod: Limit one foe put to sleep
|rule|Species Clause: Limit one of each PokÃ©mon
|rule|OHKO Clause: OHKO moves are banned
|rule|Moody Clause: Moody is banned
|rule|Evasion Moves Clause: Evasion moves are banned
|rule|Endless Battle Clause: Forcing endless battles is banned
|rule|HP Percentage Mod: HP is reported as percentages
|rule|Evasion Abilities Clause: Evasion abilities are banned
|clearpoke
|poke|p1|Zapdos
|poke|p1|Togekiss, F
|poke|p1|Swampert, M
|poke|p1|Flygon, F
|poke|p1|Victini
|poke|p1|Cofagrigus, M
|poke|p2|Nidoqueen, F
|poke|p2|Mienshao, M
|poke|p2|Kingdra, F
|poke|p2|Raikou, shiny
|poke|p2|Heracross, F
|poke|p2|Victini
|teampreview
|
|start
|switch|p1a: Victini|Victini|341\/341
|switch|p2a: Heracross|Heracross, F|302\/302
|turn|1
|
|switch|p2a: Victini|Victini|341\/341
|move|p1a: Victini|V-create|p2a: Victini
|-resisted|p2a: Victini
|-damage|p2a: Victini|127\/341
|-unboost|p1a: Victini|def|1
|-unboost|p1a: Victini|spd|1
|-unboost|p1a: Victini|spe|1
|
|turn|2
|
|switch|p1a: Swampert|Swampert, M|404\/404
|move|p2a: Victini|U-turn|p1a: Swampert
|-damage|p1a: Swampert|318\/404
|
|switch|p2a: Nidoqueen|Nidoqueen, F|346\/346
|
|-heal|p1a: Swampert|343\/404|[from] item: Leftovers
|turn|3
|
|move|p2a: Nidoqueen|Stealth Rock|p1a: Swampert
|-sidestart|p1: FlareBlitz|move: Stealth Rock
|move|p1a: Swampert|Stealth Rock|p2a: Nidoqueen
|-sidestart|p2: HOBODARKSEID|move: Stealth Rock
|
|-heal|p1a: Swampert|368\/404|[from] item: Leftovers
|turn|4
|
|switch|p2a: Heracross|Heracross, F|302\/302
|-damage|p2a: Heracross|265\/302|[from] Stealth Rock
|move|p1a: Swampert|Scald|p2a: Heracross
|-damage|p2a: Heracross|181\/302
|
|-heal|p2a: Heracross|199\/302|[from] item: Leftovers
|-heal|p1a: Swampert|393\/404|[from] item: Leftovers
|turn|5
|
|switch|p1a: Cofagrigus|Cofagrigus, M|320\/320
|-damage|p1a: Cofagrigus|280\/320|[from] Stealth Rock
|move|p2a: Heracross|Swords Dance|p2a: Heracross
|-boost|p2a: Heracross|atk|2
|
|-heal|p2a: Heracross|217\/302|[from] item: Leftovers
|-heal|p1a: Cofagrigus|300\/320|[from] item: Leftovers
|turn|6
|
|move|p2a: Heracross|Stone Edge|p1a: Cofagrigus|[miss]
|-miss|p2a: Heracross|p1a: Cofagrigus
|move|p1a: Cofagrigus|Nasty Plot|p1a: Cofagrigus
|-boost|p1a: Cofagrigus|spa|2
|
|-heal|p2a: Heracross|235\/302|[from] item: Leftovers
|-heal|p1a: Cofagrigus|320\/320|[from] item: Leftovers
|turn|7
|join|arkham arkham
|
|move|p2a: Heracross|Stone Edge|p1a: Cofagrigus
|-damage|p1a: Cofagrigus|157\/320
|move|p1a: Cofagrigus|Trick Room|p1a: Cofagrigus
|-fieldstart|move: Trick Room|[of] p1a: Cofagrigus
|
|-heal|p1a: Cofagrigus|177\/320|[from] item: Leftovers
|-heal|p2a: Heracross|253\/302|[from] item: Leftovers
|turn|8
|
|move|p1a: Cofagrigus|Shadow Ball|p2a: Heracross
|-damage|p2a: Heracross|0 fnt
|faint|p2a: Heracross
|
|-heal|p1a: Cofagrigus|197\/320|[from] item: Leftovers
|
|switch|p2a: Raikou|Raikou, shiny|322\/322
|-damage|p2a: Raikou|282\/322|[from] Stealth Rock
|-ability|p2a: Raikou|Pressure
|turn|9
|
|move|p1a: Cofagrigus|Shadow Ball|p2a: Raikou
|-damage|p2a: Raikou|11\/322
|-unboost|p2a: Raikou|spd|1
|move|p2a: Raikou|Thunderbolt|p1a: Cofagrigus
|-damage|p1a: Cofagrigus|40\/320
|
|-heal|p1a: Cofagrigus|60\/320|[from] item: Leftovers
|-heal|p2a: Raikou|31\/322|[from] item: Leftovers
|turn|10
|join|Ms Chanandler Bong
|
|move|p1a: Cofagrigus|Shadow Ball|p2a: Raikou
|-damage|p2a: Raikou|0 fnt
|faint|p2a: Raikou
|
|-heal|p1a: Cofagrigus|80\/320|[from] item: Leftovers
|
|switch|p2a: Nidoqueen|Nidoqueen, F|346\/346
|-damage|p2a: Nidoqueen|325\/346|[from] Stealth Rock
|turn|11
|
|move|p1a: Cofagrigus|Shadow Ball|p2a: Nidoqueen
|-damage|p2a: Nidoqueen|13\/346
|move|p2a: Nidoqueen|Earth Power|p1a: Cofagrigus
|-damage|p1a: Cofagrigus|0 fnt
|faint|p1a: Cofagrigus
|
|-fieldend|move: Trick Room
|
|switch|p1a: Togekiss|Togekiss, F|369\/369
|-damage|p1a: Togekiss|277\/369|[from] Stealth Rock
|turn|12
|chat|SmashBrosBrawl|why u didnt went to queen right away
|
|move|p2a: Nidoqueen|Ice Beam|p1a: Togekiss
|-supereffective|p1a: Togekiss
|-damage|p1a: Togekiss|20\/369
|move|p1a: Togekiss|Air Slash|p2a: Nidoqueen
|-damage|p2a: Nidoqueen|0 fnt
|faint|p2a: Nidoqueen
|
|-heal|p1a: Togekiss|43\/369|[from] item: Leftovers
|chat|FlareBlitz|Fast queen
|chat|FlareBlitz|mfw
|chat|Ms Chanandler Bong|well
|chat|Ms Chanandler Bong|ypo]ou can tell from the sball damage
|chat|FlareBlitz|I thought I just got a high roll
|chat|FlareBlitz|Then I remembered
|chat|FlareBlitz|I don't get high rolls
|
|switch|p2a: Kingdra|Kingdra, F|291\/291
|-damage|p2a: Kingdra|255\/291|[from] Stealth Rock
|turn|13
|chat|Ms Chanandler Bong|i usually go max on queen o.O
|
|move|p2a: Kingdra|Dragon Pulse|p1a: Togekiss
|-damage|p1a: Togekiss|0 fnt
|-damage|p2a: Kingdra|226\/291|[from] item: Life Orb
|faint|p1a: Togekiss
|
|chat|FlareBlitz|wat
|chat|FlareBlitz|Why
|chat|Ms Chanandler Bong|to be fast
|
|switch|p1a: Zapdos|Zapdos|339\/339
|-damage|p1a: Zapdos|255\/339|[from] Stealth Rock
|-ability|p1a: Zapdos|Pressure
|turn|14
|
|move|p1a: Zapdos|Thunderbolt|p2a: Kingdra
|-damage|p2a: Kingdra|0 fnt
|-damage|p1a: Zapdos|222\/339|[from] item: Life Orb
|faint|p2a: Kingdra
|
|chat|Ms Chanandler Bong|its kinda like a nidoking
|chat|Ms Chanandler Bong|yet it isnt
|
|switch|p2a: Victini|Victini|127\/341
|-damage|p2a: Victini|42\/341|[from] Stealth Rock
|turn|15
|
|move|p2a: Victini|Zen Headbutt|p1a: Zapdos
|-damage|p1a: Zapdos|9\/339
|move|p1a: Zapdos|Thunderbolt|p2a: Victini
|-crit|p2a: Victini
|-damage|p2a: Victini|0 fnt
|-damage|p1a: Zapdos|0 fnt|[from] item: Life Orb
|faint|p2a: Victini
|faint|p1a: Zapdos
|
|
|switch|p2a: Mienshao|Mienshao, M|271\/271
|-damage|p2a: Mienshao|255\/271|[from] Stealth Rock
|switch|p1a: Victini|Victini|341\/341
|-damage|p1a: Victini|256\/341|[from] Stealth Rock
|turn|16
|
|move|p2a: Mienshao|High Jump Kick|p1a: Victini
|-crit|p1a: Victini
|-resisted|p1a: Victini
|-damage|p1a: Victini|0 fnt
|faint|p1a: Victini
|
|chat|SmashBrosBrawl|;
|chat|FlareBlitz|Oh.
|
|switch|p1a: Swampert|Swampert, M|393\/404
|-damage|p1a: Swampert|368\/404|[from] Stealth Rock
|turn|17
|chat|Ms Chanandler Bong|burn
|chat|Ms Chanandler Bong|it
|
|move|p2a: Mienshao|High Jump Kick|p1a: Swampert
|-damage|p1a: Swampert|157\/404
|move|p1a: Swampert|Scald|p2a: Mienshao
|-damage|p2a: Mienshao|131\/271
|
|-heal|p1a: Swampert|182\/404|[from] item: Leftovers
|turn|18
|chat|FlareBlitz|-_-
|chat|SmashBrosBrawl|miss
|chat|Ms Chanandler Bong|.
|chat|SmashBrosBrawl|imo
|
|move|p2a: Mienshao|High Jump Kick|p1a: Swampert
|-damage|p1a: Swampert|0 fnt
|faint|p1a: Swampert
|
|chat|Ms Chanandler Bong|you didnt burn it
|
|switch|p1a: Flygon|Flygon, F|301\/301
|-damage|p1a: Flygon|283\/301|[from] Stealth Rock
|turn|19
|
|move|p2a: Mienshao|High Jump Kick|p1a: Flygon
|-damage|p1a: Flygon|0 fnt
|faint|p1a: Flygon
|
|win|HOBODARKSEID
|leave|SmashBrosBrawl
|chat|Ms Chanandler Bong|.-.
|chat|FlareBlitz|Game three time.
|leave|FlareBlitz
|player|p1
|leave|Ms Chanandler Bong