|join|FlareBlitz
|join|kokoloko
|player|p1|FlareBlitz|169
|player|p2|kokoloko|169
|gametype|singles
|gen|5
|tier|[Gen 5] UU
|rule|Sleep Clause Mod: Limit one foe put to sleep
|rule|Species Clause: Limit one of each PokÃ©mon
|rule|OHKO Clause: OHKO moves are banned
|rule|Moody Clause: Moody is banned
|rule|Evasion Moves Clause: Evasion moves are banned
|rule|Endless Battle Clause: Forcing endless battles is banned
|rule|HP Percentage Mod: HP is reported as percentages
|rule|Evasion Abilities Clause: Evasion abilities are banned
|clearpoke
|poke|p1|Druddigon, M
|poke|p1|Flygon, F
|poke|p1|Escavalier, F
|poke|p1|Cofagrigus, M
|poke|p1|Slowking, F
|poke|p1|Rhyperior, M
|poke|p2|Sharpedo, F
|poke|p2|Victini
|poke|p2|Qwilfish, F
|poke|p2|Shaymin
|poke|p2|Bronzong
|poke|p2|Snorlax, F
|teampreview
|join|I Play Grepolis
|
|start
|switch|p1a: Escavalier|Escavalier, F|344\/344
|switch|p2a: Qwilfish|Qwilfish, F|309\/309
|-ability|p2a: Qwilfish|Intimidate|[of] p1a: Escavalier
|-unboost|p1a: Escavalier|atk|1
|turn|1
|
|switch|p1a: Slowking|Slowking, F|394\/394
|move|p2a: Qwilfish|Spikes|p1a: Slowking
|-sidestart|p1: FlareBlitz|Spikes
|
|turn|2
|
|switch|p2a: Shaymin|Shaymin|341\/341
|move|p1a: Slowking|Psyshock|p2a: Shaymin
|-damage|p2a: Shaymin|202\/341
|
|turn|3
|
|switch|p2a: Victini|Victini|341\/341
|switch|p1a: Flygon|Flygon, F|301\/301
|
|turn|4
|join|aH yueaH
|
|move|p2a: Victini|U-turn|p1a: Flygon
|-damage|p1a: Flygon|174\/301
|
|switch|p2a: Bronzong|Bronzong|338\/338
|move|p1a: Flygon|U-turn|p2a: Bronzong
|-damage|p2a: Bronzong|239\/338
|
|switch|p1a: Cofagrigus|Cofagrigus, M|320\/320
|-damage|p1a: Cofagrigus|280\/320|[from] Spikes
|
|-heal|p2a: Bronzong|260\/338|[from] item: Leftovers
|-heal|p1a: Cofagrigus|300\/320|[from] item: Leftovers
|turn|5
|chat|kokoloko|i was kinda hoping
|chat|kokoloko|to lose that
|chat|kokoloko|lol
|chat|FlareBlitz|lol
|
|move|p2a: Bronzong|Stealth Rock|p1a: Cofagrigus
|-sidestart|p1: FlareBlitz|move: Stealth Rock
|move|p1a: Cofagrigus|Nasty Plot|p1a: Cofagrigus
|-boost|p1a: Cofagrigus|spa|2
|
|-heal|p2a: Bronzong|281\/338|[from] item: Leftovers
|-heal|p1a: Cofagrigus|320\/320|[from] item: Leftovers
|turn|6
|join|SmashBrosBrawl
|
|switch|p2a: Snorlax|Snorlax, F|461\/461
|move|p1a: Cofagrigus|Nasty Plot|p1a: Cofagrigus
|-boost|p1a: Cofagrigus|spa|2
|
|turn|7
|
|move|p2a: Snorlax|Crunch|p1a: Cofagrigus
|-supereffective|p1a: Cofagrigus
|-damage|p1a: Cofagrigus|104\/320
|-endability|p2a: Snorlax|thickfat|[from] Mummy
|-ability|p2a: Snorlax|Mummy|[from] Mummy
|move|p1a: Cofagrigus|Hidden Power|p2a: Snorlax
|-supereffective|p2a: Snorlax
|-damage|p2a: Snorlax|117\/461
|
|-heal|p1a: Cofagrigus|124\/320|[from] item: Leftovers
|turn|8
|join|Volbeatdown
|
|switch|p1a: Escavalier|Escavalier, F|344\/344
|-damage|p1a: Escavalier|301\/344|[from] Spikes
|-damage|p1a: Escavalier|258\/344|[from] Stealth Rock
|move|p2a: Snorlax|Crunch|p1a: Escavalier
|-resisted|p1a: Escavalier
|-damage|p1a: Escavalier|196\/344
|
|turn|9
|
|move|p1a: Escavalier|Pursuit|p2a: Snorlax|[from]Pursuit
|-damage|p2a: Snorlax|0 fnt
|-endability|p1a: Escavalier|swarm|[from] Mummy
|-ability|p1a: Escavalier|Mummy|[from] Mummy
|faint|p2a: Snorlax
|
|
|switch|p2a: Qwilfish|Qwilfish, F|309\/309
|-ability|p2a: Qwilfish|Intimidate|[of] p1a: Escavalier
|-unboost|p1a: Escavalier|atk|1
|turn|10
|
|switch|p1a: Slowking|Slowking, F|394\/394
|-damage|p1a: Slowking|345\/394|[from] Spikes
|-damage|p1a: Slowking|296\/394|[from] Stealth Rock
|move|p2a: Qwilfish|Spikes|p1a: Slowking
|-sidestart|p1: FlareBlitz|Spikes
|
|-heal|p1a: Slowking|320\/394|[from] item: Leftovers
|turn|11
|
|move|p2a: Qwilfish|Spikes|p1a: Slowking
|-sidestart|p1: FlareBlitz|Spikes
|move|p1a: Slowking|Trick Room|p1a: Slowking
|-fieldstart|move: Trick Room|[of] p1a: Slowking
|
|-heal|p1a: Slowking|344\/394|[from] item: Leftovers
|turn|12
|leave|Volbeatdown
|
|switch|p2a: Sharpedo|Sharpedo, F|281\/281
|move|p1a: Slowking|Nasty Plot|p1a: Slowking
|-boost|p1a: Slowking|spa|2
|
|-heal|p1a: Slowking|368\/394|[from] item: Leftovers
|turn|13
|
|move|p1a: Slowking|Surf|p2a: Sharpedo
|-resisted|p2a: Sharpedo
|-damage|p2a: Sharpedo|0 fnt
|faint|p2a: Sharpedo
|
|-heal|p1a: Slowking|392\/394|[from] item: Leftovers
|chat|FlareBlitz|I hope this actually kos
|chat|FlareBlitz|Oh good
|chat|kokoloko|fuck
|chat|kokoloko|uhh
|chat|kokoloko|this is bad
|chat|FlareBlitz|At least there are a lot of hazards on my side???
|
|switch|p2a: Bronzong|Bronzong|281\/338
|turn|14
|
|move|p2a: Bronzong|Protect|p2a: Bronzong
|-singleturn|p2a: Bronzong|Protect
|move|p1a: Slowking|Surf|p2a: Bronzong
|-activate|p2a: Bronzong|Protect
|
|-heal|p1a: Slowking|394\/394|[from] item: Leftovers
|-heal|p2a: Bronzong|302\/338|[from] item: Leftovers
|turn|15
|
|switch|p2a: Victini|Victini|341\/341
|move|p1a: Slowking|Psyshock|p2a: Victini
|-resisted|p2a: Victini
|-damage|p2a: Victini|215\/341
|
|-fieldend|move: Trick Room
|turn|16
|
|switch|p1a: Cofagrigus|Cofagrigus, M|124\/320
|-damage|p1a: Cofagrigus|44\/320|[from] Spikes
|-damage|p1a: Cofagrigus|4\/320|[from] Stealth Rock
|move|p2a: Victini|Bolt Strike|p1a: Cofagrigus
|-damage|p1a: Cofagrigus|0 fnt
|-endability|p2a: Victini|victorystar|[from] Mummy
|-ability|p2a: Victini|Mummy|[from] Mummy
|faint|p1a: Cofagrigus
|
|
|switch|p1a: Rhyperior|Rhyperior, M|417\/417
|-damage|p1a: Rhyperior|391\/417|[from] Stealth Rock
|-damage|p1a: Rhyperior|287\/417|[from] Spikes
|turn|17
|
|switch|p2a: Qwilfish|Qwilfish, F|309\/309
|-ability|p2a: Qwilfish|Intimidate|[of] p1a: Rhyperior
|-unboost|p1a: Rhyperior|atk|1
|move|p1a: Rhyperior|Stealth Rock|p2a: Qwilfish
|-sidestart|p2: kokoloko|move: Stealth Rock
|
|-heal|p1a: Rhyperior|313\/417|[from] item: Leftovers
|turn|18
|
|move|p2a: Qwilfish|Scald|p1a: Rhyperior
|-supereffective|p1a: Rhyperior
|-damage|p1a: Rhyperior|43\/417
|move|p1a: Rhyperior|Earthquake|p2a: Qwilfish
|-supereffective|p2a: Qwilfish
|-damage|p2a: Qwilfish|85\/309
|
|-heal|p2a: Qwilfish|104\/309|[from] item: Black Sludge
|-heal|p1a: Rhyperior|69\/417|[from] item: Leftovers
|turn|19
|chat|FlareBlitz|Qwilfish is kind of a pussy
|chat|kokoloko|a little
|
|move|p2a: Qwilfish|Scald|p1a: Rhyperior
|-supereffective|p1a: Rhyperior
|-damage|p1a: Rhyperior|0 fnt
|faint|p1a: Rhyperior
|
|-heal|p2a: Qwilfish|123\/309|[from] item: Black Sludge
|
|switch|p1a: Slowking|Slowking, F|394\/394
|-damage|p1a: Slowking|345\/394|[from] Stealth Rock
|-damage|p1a: Slowking|247\/394|[from] Spikes
|turn|20
|
|move|p2a: Qwilfish|Taunt|p1a: Slowking
|-start|p1a: Slowking|move: Taunt
|cant|p1a: Slowking|move: Taunt|Trick Room
|
|-heal|p2a: Qwilfish|142\/309|[from] item: Black Sludge
|-heal|p1a: Slowking|271\/394|[from] item: Leftovers
|turn|21
|chat|FlareBlitz|Why
|chat|kokoloko|hm
|chat|FlareBlitz|did you not do that
|chat|FlareBlitz|Much earlier
|chat|kokoloko|i legit didnt think you'd try to set up
|chat|kokoloko|on that turn
|chat|FlareBlitz|o
|
|switch|p2a: Shaymin|Shaymin|202\/341
|-damage|p2a: Shaymin|160\/341|[from] Stealth Rock
|move|p1a: Slowking|Surf|p2a: Shaymin
|-resisted|p2a: Shaymin
|-damage|p2a: Shaymin|76\/341
|
|-heal|p1a: Slowking|295\/394|[from] item: Leftovers
|turn|22
|
|switch|p1a: Druddigon|Druddigon, M|358\/358
|-damage|p1a: Druddigon|269\/358|[from] Spikes
|-damage|p1a: Druddigon|225\/358|[from] Stealth Rock
|move|p2a: Shaymin|Rest|p2a: Shaymin
|-status|p2a: Shaymin|slp
|-heal|p2a: Shaymin|341\/341 slp|[silent]
|-status|p2a: Shaymin|slp|[from] move: Rest
|
|turn|23
|
|switch|p2a: Bronzong|Bronzong|302\/338
|-damage|p2a: Bronzong|281\/338|[from] Stealth Rock
|switch|p1a: Slowking|Slowking, F|394\/394
|-damage|p1a: Slowking|296\/394|[from] Spikes
|-damage|p1a: Slowking|247\/394|[from] Stealth Rock
|
|-heal|p2a: Bronzong|302\/338|[from] item: Leftovers
|-heal|p1a: Slowking|271\/394|[from] item: Leftovers
|turn|24
|
|switch|p2a: Shaymin|Shaymin|341\/341
|-damage|p2a: Shaymin|299\/341|[from] Stealth Rock
|move|p1a: Slowking|Trick Room|p1a: Slowking
|-fieldstart|move: Trick Room|[of] p1a: Slowking
|
|-heal|p1a: Slowking|295\/394|[from] item: Leftovers
|turn|25
|
|switch|p1a: Druddigon|Druddigon, M|225\/358
|-damage|p1a: Druddigon|136\/358|[from] Spikes
|-damage|p1a: Druddigon|92\/358|[from] Stealth Rock
|move|p2a: Shaymin|Seed Flare|p1a: Druddigon
|-resisted|p1a: Druddigon
|-damage|p1a: Druddigon|0 fnt
|-damage|p2a: Shaymin|265\/341|[from] item: Life Orb
|faint|p1a: Druddigon
|
|
|switch|p1a: Escavalier|Escavalier, F|196\/344
|-damage|p1a: Escavalier|110\/344|[from] Spikes
|-damage|p1a: Escavalier|67\/344|[from] Stealth Rock
|turn|26
|chat|FlareBlitz|This should be good.
|chat|FlareBlitz|I hope.
|
|switch|p2a: Qwilfish|Qwilfish, F|142\/309
|-damage|p2a: Qwilfish|104\/309|[from] Stealth Rock
|-ability|p2a: Qwilfish|Intimidate|[of] p1a: Escavalier
|-unboost|p1a: Escavalier|atk|1
|move|p1a: Escavalier|Megahorn|p2a: Qwilfish
|-crit|p2a: Qwilfish
|-resisted|p2a: Qwilfish
|-damage|p2a: Qwilfish|0 fnt
|faint|p2a: Qwilfish
|
|
|switch|p2a: Bronzong|Bronzong|302\/338
|-damage|p2a: Bronzong|281\/338|[from] Stealth Rock
|turn|27
|
|move|p2a: Bronzong|Earthquake|p1a: Escavalier
|-damage|p1a: Escavalier|0 fnt
|faint|p1a: Escavalier
|
|-heal|p2a: Bronzong|302\/338|[from] item: Leftovers
|chat|FlareBlitz|Oh.
|
|switch|p1a: Slowking|Slowking, F|394\/394
|-damage|p1a: Slowking|345\/394|[from] Stealth Rock
|-damage|p1a: Slowking|247\/394|[from] Spikes
|turn|28
|
|switch|p2a: Shaymin|Shaymin|265\/341
|-damage|p2a: Shaymin|223\/341|[from] Stealth Rock
|move|p1a: Slowking|Nasty Plot|p1a: Slowking
|-boost|p1a: Slowking|spa|2
|
|-heal|p1a: Slowking|271\/394|[from] item: Leftovers
|-fieldend|move: Trick Room
|turn|29
|join|DatLatias
|
|move|p2a: Shaymin|Seed Flare|p1a: Slowking
|-supereffective|p1a: Slowking
|-damage|p1a: Slowking|0 fnt
|-damage|p2a: Shaymin|189\/341|[from] item: Life Orb
|faint|p1a: Slowking
|
|join|Shy Glizzy
|chat|FlareBlitz|geegee
|chat|kokoloko|ok good
|chat|kokoloko|g_G
|
|switch|p1a: Flygon|Flygon, F|174\/301
|-damage|p1a: Flygon|156\/301|[from] Stealth Rock
|turn|30
|
|move|p1a: Flygon|Fire Punch|p2a: Shaymin
|-supereffective|p2a: Shaymin
|-damage|p2a: Shaymin|0 fnt
|faint|p2a: Shaymin
|
|
|switch|p2a: Victini|Victini|215\/341
|-damage|p2a: Victini|130\/341|[from] Stealth Rock
|turn|31
|
|move|p2a: Victini|V-create|p1a: Flygon
|-resisted|p1a: Flygon
|-damage|p1a: Flygon|0 fnt
|-unboost|p2a: Victini|def|1
|-unboost|p2a: Victini|spd|1
|-unboost|p2a: Victini|spe|1
|faint|p1a: Flygon
|
|win|kokoloko