|inactive|Battle timer is ON: inactive players will automatically lose when time's up.
|join|Nas
|join|FlareBlitz
|player|p1|Nas|260
|player|p2|FlareBlitz|2
|gametype|singles
|gen|4
|tier|[Gen 4] UU
|rule|Sleep Clause Mod: Limit one foe put to sleep
|rule|Species Clause: Limit one of each PokÃ©mon
|rule|OHKO Clause: OHKO moves are banned
|rule|Moody Clause: Moody is banned
|rule|Evasion Moves Clause: Evasion moves are banned
|rule|Endless Battle Clause: Forcing endless battles is banned
|rule|HP Percentage Mod: HP is reported as percentages
|
|start
|switch|p1a: Scyther|Scyther, M|281\/281
|switch|p2a: Scyther|Scyther, M|281\/281
|turn|1
|chat|FlareBlitz|lul
|chat|Nas|hm
|chat|Nas|im a man
|
|move|p1a: Scyther|Aerial Ace|p2a: Scyther
|-supereffective|p2a: Scyther
|-enditem|p2a: Scyther|Focus Sash
|-damage|p2a: Scyther|1\/281
|move|p2a: Scyther|Aerial Ace|p1a: Scyther
|-supereffective|p1a: Scyther
|-damage|p1a: Scyther|0 fnt
|faint|p1a: Scyther
|
|chat|Nas|that was
|chat|FlareBlitz|<.<
|chat|Nas|very unmanly of you
|chat|FlareBlitz|>.>
|join|myzozoa
|
|switch|p1a: Donphan|Donphan, F|363\/363
|turn|2
|
|move|p1a: Donphan|Ice Shard|p2a: Scyther
|-supereffective|p2a: Scyther
|-damage|p2a: Scyther|0 fnt
|faint|p2a: Scyther
|
|
|switch|p2a: Golduck|Golduck, F|301\/301
|-message|The effects of weather disappeared. (placeholder)
|turn|3
|
|switch|p1a: Venusaur|Venusaur, M|302\/302
|move|p2a: Golduck|Calm Mind|p2a: Golduck
|-boost|p2a: Golduck|spa|1
|-boost|p2a: Golduck|spd|1
|
|turn|4
|
|move|p1a: Venusaur|Sleep Powder|p2a: Golduck
|-status|p2a: Golduck|slp
|cant|p2a: Golduck|slp
|
|turn|5
|
|switch|p1a: Tauros|Tauros, M|292\/292
|-ability|p1a: Tauros|Intimidate|[of] p2a: Golduck
|-unboost|p2a: Golduck|atk|1
|cant|p2a: Golduck|slp
|
|turn|6
|chat|FlareBlitz|-_-
|
|move|p1a: Tauros|Double-Edge|p2a: Golduck
|-damage|p2a: Golduck|0 fnt
|-damage|p1a: Tauros|193\/292|[from] recoil|[of] p2a: Golduck
|faint|p2a: Golduck
|
|
|switch|p2a: Arcanine|Arcanine, F|321\/321
|-ability|p2a: Arcanine|Intimidate|[of] p1a: Tauros
|-unboost|p1a: Tauros|atk|1
|turn|7
|
|switch|p1a: Houndoom|Houndoom, M|291\/291
|move|p2a: Arcanine|Flare Blitz|p1a: Houndoom
|-start|p1a: Houndoom|ability: Flash Fire
|
|turn|8
|join|Meruu
|
|move|p2a: Arcanine|Extreme Speed|p1a: Houndoom
|-damage|p1a: Houndoom|72\/291
|-damage|p2a: Arcanine|289\/321|[from] item: Life Orb
|move|p1a: Houndoom|Fire Blast|p2a: Arcanine
|-resisted|p2a: Arcanine
|-damage|p2a: Arcanine|93\/321
|-damage|p1a: Houndoom|43\/291|[from] item: Life Orb
|
|turn|9
|chat|Nas|damn i thought you always run cb
|
|move|p1a: Houndoom|Sucker Punch|p2a: Arcanine
|-fail|p2a: Arcanine
|move|p2a: Arcanine|Morning Sun|p2a: Arcanine
|-heal|p2a: Arcanine|253\/321
|
|turn|10
|
|switch|p1a: Donphan|Donphan, F|363\/363
|move|p2a: Arcanine|Extreme Speed|p1a: Donphan
|-damage|p1a: Donphan|262\/363
|-damage|p2a: Arcanine|221\/321|[from] item: Life Orb
|
|-heal|p1a: Donphan|284\/363|[from] item: Leftovers
|turn|11
|
|switch|p2a: Clefable|Clefable, F|394\/394
|move|p1a: Donphan|Earthquake|p2a: Clefable
|-damage|p2a: Clefable|213\/394
|
|-heal|p1a: Donphan|306\/363|[from] item: Leftovers
|-heal|p2a: Clefable|237\/394|[from] item: Leftovers
|turn|12
|
|move|p1a: Donphan|Earthquake|p2a: Clefable
|-damage|p2a: Clefable|62\/394
|move|p2a: Clefable|Ice Beam|p1a: Donphan
|-supereffective|p1a: Donphan
|-damage|p1a: Donphan|78\/363
|
|-heal|p1a: Donphan|100\/363|[from] item: Leftovers
|-heal|p2a: Clefable|86\/394|[from] item: Leftovers
|turn|13
|join|namehtmas
|chat|FlareBlitz|Wait
|chat|FlareBlitz|Why the fuck
|chat|FlareBlitz|Is that so fast
|chat|Nas|max speed
|chat|Nas|nigga
|
|move|p1a: Donphan|Earthquake|p2a: Clefable
|-damage|p2a: Clefable|0 fnt
|faint|p2a: Clefable
|
|-heal|p1a: Donphan|122\/363|[from] item: Leftovers
|
|switch|p2a: Arcanine|Arcanine, F|221\/321
|-ability|p2a: Arcanine|Intimidate|[of] p1a: Donphan
|-unboost|p1a: Donphan|atk|1
|turn|14
|
|switch|p1a: Houndoom|Houndoom, M|43\/291
|move|p2a: Arcanine|Flare Blitz|p1a: Houndoom
|-start|p1a: Houndoom|ability: Flash Fire
|
|turn|15
|
|move|p2a: Arcanine|Extreme Speed|p1a: Houndoom
|-damage|p1a: Houndoom|0 fnt
|-damage|p2a: Arcanine|189\/321|[from] item: Life Orb
|faint|p1a: Houndoom
|
|
|switch|p1a: Azumarill|Azumarill, M|381\/381
|turn|16
|
|switch|p2a: Toxicroak|Toxicroak, M|307\/307
|move|p1a: Azumarill|Return|p2a: Toxicroak
|-damage|p2a: Toxicroak|17\/307
|-damage|p1a: Azumarill|343\/381|[from] item: Life Orb
|
|turn|17
|leave|myzozoa
|
|switch|p1a: Venusaur|Venusaur, M|302\/302
|move|p2a: Toxicroak|Sucker Punch|p1a: Venusaur
|-fail|p1a: Venusaur
|
|turn|18
|
|move|p1a: Venusaur|Sludge Bomb|p2a: Toxicroak
|-resisted|p2a: Toxicroak
|-damage|p2a: Toxicroak|0 fnt
|faint|p2a: Toxicroak
|
|
|switch|p2a: Altaria|Altaria, M|329\/329
|turn|19
|join|myzozoa
|
|switch|p1a: Tauros|Tauros, M|193\/292
|-ability|p1a: Tauros|Intimidate|[of] p2a: Altaria
|-unboost|p2a: Altaria|atk|1
|move|p2a: Altaria|Dragon Dance|p2a: Altaria
|-boost|p2a: Altaria|atk|1
|-boost|p2a: Altaria|spe|1
|
|turn|20
|
|move|p1a: Tauros|Double-Edge|p2a: Altaria
|-damage|p2a: Altaria|23\/329
|-damage|p1a: Tauros|92\/292|[from] recoil|[of] p2a: Altaria
|move|p2a: Altaria|Dragon Dance|p2a: Altaria
|-boost|p2a: Altaria|atk|1
|-boost|p2a: Altaria|spe|1
|
|-heal|p2a: Altaria|43\/329|[from] item: Leftovers
|turn|21
|
|move|p2a: Altaria|Outrage|p1a: Tauros
|-damage|p1a: Tauros|0 fnt
|faint|p1a: Tauros
|
|-heal|p2a: Altaria|63\/329|[from] item: Leftovers
|
|switch|p1a: Donphan|Donphan, F|122\/363
|turn|22
|
|move|p1a: Donphan|Ice Shard|p2a: Altaria
|-supereffective|p2a: Altaria
|-damage|p2a: Altaria|0 fnt
|faint|p2a: Altaria
|
|-heal|p1a: Donphan|144\/363|[from] item: Leftovers
|
|switch|p2a: Arcanine|Arcanine, F|189\/321
|-ability|p2a: Arcanine|Intimidate|[of] p1a: Donphan
|-unboost|p1a: Donphan|atk|1
|turn|23
|
|move|p2a: Arcanine|Flare Blitz|p1a: Donphan
|-damage|p1a: Donphan|0 fnt
|-damage|p2a: Arcanine|141\/321|[from] recoil|[of] p1a: Donphan
|-damage|p2a: Arcanine|109\/321|[from] item: Life Orb
|faint|p1a: Donphan
|
|
|switch|p1a: Azumarill|Azumarill, M|343\/381
|turn|24
|
|move|p2a: Arcanine|Extreme Speed|p1a: Azumarill
|-damage|p1a: Azumarill|189\/381
|-damage|p2a: Arcanine|77\/321|[from] item: Life Orb
|move|p1a: Azumarill|Aqua Jet|p2a: Arcanine
|-supereffective|p2a: Arcanine
|-damage|p2a: Arcanine|0 fnt
|-damage|p1a: Azumarill|151\/381|[from] item: Life Orb
|faint|p2a: Arcanine
|
|win|Nas
|chat|Nas|geegee
|chat|FlareBlitz|gg
|leave|Nas
|player|p1
|leave|FlareBlitz
|player|p2