|inactive|Battle timer is ON: inactive players will automatically lose when time's up.
|join|FlareBlitz
|join|Pleasure Kitten
|player|p1|FlareBlitz|102
|player|p2|Pleasure Kitten|269
|gametype|singles
|gen|6
|tier|UU
|rule|Sleep Clause Mod: Limit one foe put to sleep
|rule|Species Clause: Limit one of each Pokemon
|rule|OHKO Clause: OHKO moves are banned
|rule|Moody Clause: Moody is banned
|rule|Evasion Moves Clause: Evasion moves are banned
|rule|Endless Battle Clause: Forcing endless battles is banned.
|rule|HP Percentage Mod: HP is reported as percentages
|clearpoke
|poke|p1|Entei, shiny
|poke|p1|Scrafty, F
|poke|p1|Crobat, M
|poke|p1|Hydreigon, F
|poke|p1|Slowbro, F
|poke|p1|Nidoqueen, F
|poke|p2|Infernape, M
|poke|p2|Azelf
|poke|p2|Jirachi
|poke|p2|Hydreigon, M
|poke|p2|Alakazam, M
|poke|p2|Blastoise, F
|teampreview
|join|SmashBrosBrawl
|chat|Pleasure Kitten|gl :)
|
|start
|switch|p1a: Scrafty|Scrafty, F|333\/333
|switch|p2a: Azelf|Azelf|354\/354
|-ability|p1a: Scrafty|Intimidate|[of] p2a: Azelf
|-unboost|p2a: Azelf|atk|1
|turn|1
|chat|FlareBlitz|Thanks you too.
|
|move|p2a: Azelf|Reflect|p2a: Azelf
|-sidestart|p2: Pleasure Kitten|Reflect
|move|p1a: Scrafty|Knock Off|p2a: Azelf
|-supereffective|p2a: Azelf
|-damage|p2a: Azelf|162\/354
|-enditem|p2a: Azelf|Light Clay|[from] move: Knock Off|[of] p1a: Scrafty
|
|turn|2
|
|move|p2a: Azelf|Taunt|p1a: Scrafty
|-start|p1a: Scrafty|move: Taunt
|move|p1a: Scrafty|Knock Off|p2a: Azelf
|-supereffective|p2a: Azelf
|-damage|p2a: Azelf|26\/354
|
|turn|3
|
|move|p2a: Azelf|Explosion|p1a: Scrafty
|-damage|p1a: Scrafty|204\/333
|faint|p2a: Azelf
|move|p1a: Scrafty|Knock Off|p2: Azelf|[notarget]
|-notarget
|
|join|Hot N Cold
|
|switch|p2a: Infernape|Infernape, M|293\/293
|turn|4
|
|move|p2a: Infernape|Nasty Plot|p2a: Infernape
|-boost|p2a: Infernape|spa|2
|move|p1a: Scrafty|High Jump Kick|p2a: Infernape
|-damage|p2a: Infernape|164\/293
|
|-end|p1a: Scrafty|move: Taunt
|turn|5
|
|move|p2a: Infernape|Fire Blast|p1a: Scrafty
|-damage|p1a: Scrafty|0 fnt
|-damage|p2a: Infernape|135\/293|[from] item: Life Orb
|faint|p1a: Scrafty
|
|
|switch|p1a: Crobat|Crobat, M|331\/331
|turn|6
|
|switch|p2a: Jirachi|Jirachi|404\/404
|move|p1a: Crobat|Brave Bird|p2a: Jirachi
|-resisted|p2a: Jirachi
|-damage|p2a: Jirachi|312\/404
|-damage|p1a: Crobat|301\/331|[from] recoil|[of] p2a: Jirachi
|
|-heal|p2a: Jirachi|337\/404|[from] item: Leftovers
|turn|7
|
|switch|p1a: Nidoqueen|Nidoqueen, F|384\/384
|move|p2a: Jirachi|Stealth Rock|p1a: Nidoqueen
|-sidestart|p1: FlareBlitz|move: Stealth Rock
|
|-heal|p2a: Jirachi|362\/404|[from] item: Leftovers
|turn|8
|
|move|p2a: Jirachi|U-turn|p1a: Nidoqueen
|-resisted|p1a: Nidoqueen
|-damage|p1a: Nidoqueen|353\/384
|
|switch|p2a: Infernape|Infernape, M|135\/293
|move|p1a: Nidoqueen|Stealth Rock|p2a: Infernape
|-sidestart|p2: Pleasure Kitten|move: Stealth Rock
|
|-sideend|p2: Pleasure Kitten|Reflect
|turn|9
|join|MoxieInfinite
|
|move|p2a: Infernape|Fire Blast|p1a: Nidoqueen
|-damage|p1a: Nidoqueen|102\/384
|-damage|p2a: Infernape|106\/293|[from] item: Life Orb
|move|p1a: Nidoqueen|Sludge Wave|p2a: Infernape
|-damage|p2a: Infernape|0 fnt
|faint|p2a: Infernape
|
|
|switch|p2a: Alakazam|Alakazam, M|252\/252
|turn|10
|
|move|p2a: Alakazam|Calm Mind|p2a: Alakazam
|-boost|p2a: Alakazam|spa|1
|-boost|p2a: Alakazam|spd|1
|move|p1a: Nidoqueen|Ice Beam|p2a: Alakazam
|-damage|p2a: Alakazam|152\/252
|
|turn|11
|
|move|p2a: Alakazam|Dazzling Gleam|p1a: Nidoqueen
|-resisted|p1a: Nidoqueen
|-damage|p1a: Nidoqueen|0 fnt
|faint|p1a: Nidoqueen
|
|
|switch|p1a: Crobat|Crobat, M|301\/331
|-damage|p1a: Crobat|219\/331|[from] Stealth Rock
|turn|12
|
|switch|p2a: Blastoise|Blastoise, F|354\/354
|-damage|p2a: Blastoise|310\/354|[from] Stealth Rock
|move|p1a: Crobat|U-turn|p2a: Blastoise
|-damage|p2a: Blastoise|217\/354
|
|switch|p1a: Hydreigon|Hydreigon, F|325\/325
|-damage|p1a: Hydreigon|285\/325|[from] Stealth Rock
|
|turn|13
|
|detailschange|p2a: Blastoise|Blastoise-Mega, F
|message|Blastoise has Mega Evolved into Mega Blastoise!
|move|p1a: Hydreigon|Crunch|p2a: Blastoise
|-damage|p2a: Blastoise|54\/354
|move|p2a: Blastoise|Rapid Spin|p1a: Hydreigon
|-damage|p1a: Hydreigon|268\/325
|-sideend|p2: Pleasure Kitten|Stealth Rock|[from] move: Rapid Spin|[of] p2a: Blastoise
|
|turn|14
|chat|Pleasure Kitten|wat
|chat|FlareBlitz|._.
|
|switch|p2a: Hydreigon|Hydreigon, M|325\/325
|move|p1a: Hydreigon|Crunch|p2a: Hydreigon
|-resisted|p2a: Hydreigon
|-damage|p2a: Hydreigon|219\/325
|-unboost|p2a: Hydreigon|def|1
|
|turn|15
|
|switch|p1a: Slowbro|Slowbro, F|394\/394
|-damage|p1a: Slowbro|345\/394|[from] Stealth Rock
|move|p2a: Hydreigon|Draco Meteor|p1a: Slowbro|[miss]
|-miss|p2a: Hydreigon|p1a: Slowbro
|
|-heal|p1a: Slowbro|369\/394|[from] item: Leftovers
|turn|16
|chat|FlareBlitz|soz
|
|switch|p2a: Blastoise|Blastoise-Mega, F|54\/354
|move|p1a: Slowbro|Thunder Wave|p2a: Blastoise
|-status|p2a: Blastoise|par
|
|-heal|p1a: Slowbro|393\/394|[from] item: Leftovers
|turn|17
|chat|Pleasure Kitten|happens
|join|massive girth
|
|move|p1a: Slowbro|Psyshock|p2a: Blastoise
|-damage|p2a: Blastoise|0 fnt
|faint|p2a: Blastoise
|
|-heal|p1a: Slowbro|394\/394|[from] item: Leftovers
|
|switch|p2a: Hydreigon|Hydreigon, M|219\/325
|turn|18
|
|switch|p1a: Hydreigon|Hydreigon, F|268\/325
|-damage|p1a: Hydreigon|228\/325|[from] Stealth Rock
|move|p2a: Hydreigon|Dark Pulse|p1a: Hydreigon
|-resisted|p1a: Hydreigon
|-damage|p1a: Hydreigon|156\/325
|
|turn|19
|
|switch|p2a: Jirachi|Jirachi|362\/404
|move|p1a: Hydreigon|U-turn|p2a: Jirachi
|-damage|p2a: Jirachi|277\/404
|join|fattyyy
|
|switch|p1a: Entei|Entei, shiny|372\/372
|-damage|p1a: Entei|279\/372|[from] Stealth Rock
|-ability|p1a: Entei|Pressure
|
|-heal|p2a: Jirachi|302\/404|[from] item: Leftovers
|turn|20
|
|move|p1a: Entei|Sacred Fire|p2a: Jirachi
|-supereffective|p2a: Jirachi
|-damage|p2a: Jirachi|0 fnt
|faint|p2a: Jirachi
|
|
|switch|p2a: Hydreigon|Hydreigon, M|219\/325
|turn|21
|
|switch|p1a: Hydreigon|Hydreigon, F|156\/325
|-damage|p1a: Hydreigon|116\/325|[from] Stealth Rock
|move|p2a: Hydreigon|Draco Meteor|p1a: Hydreigon
|-supereffective|p1a: Hydreigon
|-damage|p1a: Hydreigon|0 fnt
|-unboost|p2a: Hydreigon|spa|2
|faint|p1a: Hydreigon
|
|
|switch|p1a: Crobat|Crobat, M|219\/331
|-damage|p1a: Crobat|137\/331|[from] Stealth Rock
|turn|22
|
|move|p2a: Hydreigon|Draco Meteor|p1a: Crobat
|-damage|p1a: Crobat|0 fnt
|-unboost|p2a: Hydreigon|spa|2
|faint|p1a: Crobat
|
|
|switch|p1a: Slowbro|Slowbro, F|394\/394
|-damage|p1a: Slowbro|345\/394|[from] Stealth Rock
|turn|23
|
|switch|p2a: Alakazam|Alakazam, M|152\/252
|move|p1a: Slowbro|Thunder Wave|p2a: Alakazam
|-status|p2a: Alakazam|par
|
|-heal|p1a: Slowbro|369\/394|[from] item: Leftovers
|turn|24
|
|move|p1a: Slowbro|Calm Mind|p1a: Slowbro
|-boost|p1a: Slowbro|spa|1
|-boost|p1a: Slowbro|spd|1
|move|p2a: Alakazam|Shadow Ball|p1a: Slowbro
|-supereffective|p1a: Slowbro
|-damage|p1a: Slowbro|153\/394
|
|-heal|p1a: Slowbro|177\/394|[from] item: Leftovers
|turn|25
|join|Meruu
|
|move|p1a: Slowbro|Scald|p2a: Alakazam
|-damage|p2a: Alakazam|5\/252 par
|move|p2a: Alakazam|Calm Mind|p2a: Alakazam
|-boost|p2a: Alakazam|spa|1
|-boost|p2a: Alakazam|spd|1
|
|-heal|p1a: Slowbro|201\/394|[from] item: Leftovers
|turn|26
|
|move|p1a: Slowbro|Scald|p2a: Alakazam
|-damage|p2a: Alakazam|0 fnt
|faint|p2a: Alakazam
|
|-heal|p1a: Slowbro|225\/394|[from] item: Leftovers
|
|switch|p2a: Hydreigon|Hydreigon, M|219\/325
|turn|27
|
|move|p2a: Hydreigon|Dark Pulse|p1a: Slowbro
|-supereffective|p1a: Slowbro
|-damage|p1a: Slowbro|0 fnt
|faint|p1a: Slowbro
|
|
|switch|p1a: Entei|Entei, shiny|279\/372
|-damage|p1a: Entei|186\/372|[from] Stealth Rock
|-ability|p1a: Entei|Pressure
|turn|28
|
|move|p1a: Entei|Extreme Speed|p2a: Hydreigon
|-damage|p2a: Hydreigon|51\/325
|move|p2a: Hydreigon|Dark Pulse|p1a: Entei
|-damage|p1a: Entei|20\/372
|
|turn|29
|chat|FlareBlitz|gg
|chat|Pleasure Kitten|ah min max
|chat|Pleasure Kitten|gotta love it
|chat|Pleasure Kitten|gg
|
|move|p1a: Entei|Extreme Speed|p2a: Hydreigon
|-damage|p2a: Hydreigon|0 fnt
|faint|p2a: Hydreigon
|
|win|FlareBlitz
|chat|Pleasure Kitten|wanna do game 2?
|chat|FlareBlitz|Sure. Diff teams?
|chat|Pleasure Kitten|idm
|chat|Pleasure Kitten|whatever works for you
|chat|FlareBlitz|Let's do different teams. I don't like using the same team.
|chat|FlareBlitz|gg.
|leave|Hot N Cold
|leave|FlareBlitz
|player|p1
|join|yohoE
|leave|yohoE
|leave|massive girth
|leave|Meruu
|leave|SmashBrosBrawl
|leave|Pleasure Kitten
|player|p2
|leave|fattyyy
|join|fattyyy
|leave|MoxieInfinite