|inactive|Battle timer is ON: inactive players will automatically lose when time's up.
|join|bad ass
|join|FlareBlitz
|player|p1|bad ass|121
|player|p2|FlareBlitz|2
|gametype|singles
|gen|6
|tier|UU
|rule|Sleep Clause Mod: Limit one foe put to sleep
|rule|Species Clause: Limit one of each PokÃ©mon
|rule|OHKO Clause: OHKO moves are banned
|rule|Moody Clause: Moody is banned
|rule|Evasion Moves Clause: Evasion moves are banned
|rule|Endless Battle Clause: Forcing endless battles is banned
|rule|HP Percentage Mod: HP is reported as percentages
|clearpoke
|poke|p1|Alakazam, F
|poke|p1|Swampert, M
|poke|p1|Sableye, M
|poke|p1|Roserade, F
|poke|p1|Froslass, F
|poke|p1|Hydreigon, M
|poke|p2|Victini
|poke|p2|Aromatisse, M
|poke|p2|Blastoise, F
|poke|p2|Flygon, M
|poke|p2|Haxorus, F
|poke|p2|Jirachi
|rule|Swagger Clause: Swagger is banned
|rule|Baton Pass Clause: Limit one PokÃ©mon knowing Baton Pass
|teampreview
|chat|FlareBlitz|Oh
|join|Nas
|
|start
|switch|p1a: Froslass|Froslass, F|344\/344
|switch|p2a: Jirachi|Jirachi|401\/401
|turn|1
|
|move|p1a: Froslass|Spikes|p2a: Jirachi
|-sidestart|p2: FlareBlitz|Spikes
|move|p2a: Jirachi|Fire Punch|p1a: Froslass
|-supereffective|p1a: Froslass
|-damage|p1a: Froslass|170\/344
|-start|p2a: Jirachi|Disable|Fire Punch
|
|turn|2
|
|switch|p1a: Swampert|Swampert, M|404\/404
|move|p2a: Jirachi|Iron Head|p1a: Swampert
|-resisted|p1a: Swampert
|-damage|p1a: Swampert|368\/404
|
|-heal|p1a: Swampert|393\/404|[from] item: Leftovers
|turn|3
|
|move|p2a: Jirachi|Toxic|p1a: Swampert
|-status|p1a: Swampert|tox
|move|p1a: Swampert|Stealth Rock|p2a: Jirachi
|-sidestart|p2: FlareBlitz|move: Stealth Rock
|
|-heal|p1a: Swampert|404\/404 tox|[from] item: Leftovers
|-damage|p1a: Swampert|379\/404 tox|[from] psn
|turn|4
|
|move|p2a: Jirachi|Stealth Rock|p1a: Swampert
|-sidestart|p1: bad ass|move: Stealth Rock
|move|p1a: Swampert|Earthquake|p2a: Jirachi
|-supereffective|p2a: Jirachi
|-damage|p2a: Jirachi|141\/401
|
|-heal|p2a: Jirachi|166\/401|[from] item: Leftovers
|-heal|p1a: Swampert|404\/404 tox|[from] item: Leftovers
|-damage|p1a: Swampert|354\/404 tox|[from] psn
|turn|5
|
|switch|p1a: Sableye|Sableye, M|304\/304
|-damage|p1a: Sableye|266\/304|[from] Stealth Rock
|move|p2a: Jirachi|Iron Head|p1a: Sableye
|-damage|p1a: Sableye|151\/304
|
|-heal|p2a: Jirachi|191\/401|[from] item: Leftovers
|-heal|p1a: Sableye|170\/304|[from] item: Leftovers
|-end|p2a: Jirachi|Disable
|turn|6
|
|switch|p2a: Blastoise|Blastoise, F|353\/353
|-damage|p2a: Blastoise|309\/353|[from] Spikes
|-damage|p2a: Blastoise|265\/353|[from] Stealth Rock
|move|p1a: Sableye|Taunt|p2a: Blastoise
|-start|p2a: Blastoise|move: Taunt
|
|-heal|p1a: Sableye|189\/304|[from] item: Leftovers
|turn|7
|
|detailschange|p2a: Blastoise|Blastoise-Mega, F
|message|Blastoise has Mega Evolved into Mega Blastoise!
|move|p1a: Sableye|Will-O-Wisp|p2a: Blastoise
|-status|p2a: Blastoise|brn
|move|p2a: Blastoise|Scald|p1a: Sableye
|-damage|p1a: Sableye|35\/304
|
|-heal|p1a: Sableye|54\/304|[from] item: Leftovers
|-damage|p2a: Blastoise|221\/353 brn|[from] brn
|turn|8
|
|switch|p2a: Victini|Victini|341\/341
|-damage|p2a: Victini|299\/341|[from] Spikes
|-damage|p2a: Victini|214\/341|[from] Stealth Rock
|move|p1a: Sableye|Recover|p1a: Sableye
|-heal|p1a: Sableye|206\/304
|
|-heal|p1a: Sableye|225\/304|[from] item: Leftovers
|turn|9
|
|switch|p1a: Froslass|Froslass, F|170\/344
|-damage|p1a: Froslass|84\/344|[from] Stealth Rock
|move|p2a: Victini|V-create|p1a: Froslass
|-supereffective|p1a: Froslass
|-damage|p1a: Froslass|0 fnt
|-unboost|p2a: Victini|def|1
|-unboost|p2a: Victini|spd|1
|-unboost|p2a: Victini|spe|1
|faint|p1a: Froslass
|
|
|switch|p1a: Alakazam|Alakazam, F|252\/252
|turn|10
|
|switch|p2a: Aromatisse|Aromatisse, M|401\/401
|-damage|p2a: Aromatisse|351\/401|[from] Spikes
|-damage|p2a: Aromatisse|301\/401|[from] Stealth Rock
|move|p1a: Alakazam|Shadow Ball|p2a: Aromatisse
|-damage|p2a: Aromatisse|192\/401
|
|-heal|p2a: Aromatisse|217\/401|[from] item: Leftovers
|turn|11
|join|Grand Couturier
|
|switch|p1a: Roserade|Roserade, F|324\/324
|-damage|p1a: Roserade|284\/324|[from] Stealth Rock
|move|p2a: Aromatisse|Aromatherapy|p2a: Aromatisse
|-cureteam|p2a: Aromatisse|[from] move: Aromatherapy
|
|-heal|p1a: Roserade|304\/324|[from] item: Leftovers
|-heal|p2a: Aromatisse|242\/401|[from] item: Leftovers
|turn|12
|
|switch|p2a: Jirachi|Jirachi|191\/401
|-damage|p2a: Jirachi|141\/401|[from] Spikes
|-damage|p2a: Jirachi|116\/401|[from] Stealth Rock
|move|p1a: Roserade|Toxic Spikes|p2a: Jirachi
|-sidestart|p2: FlareBlitz|move: Toxic Spikes
|
|-heal|p2a: Jirachi|141\/401|[from] item: Leftovers
|-heal|p1a: Roserade|324\/324|[from] item: Leftovers
|turn|13
|
|move|p2a: Jirachi|Iron Head|p1a: Roserade
|-damage|p1a: Roserade|192\/324
|cant|p1a: Roserade|flinch
|
|-heal|p2a: Jirachi|166\/401|[from] item: Leftovers
|-heal|p1a: Roserade|212\/324|[from] item: Leftovers
|turn|14
|
|switch|p1a: Sableye|Sableye, M|225\/304
|-damage|p1a: Sableye|187\/304|[from] Stealth Rock
|move|p2a: Jirachi|Iron Head|p1a: Sableye
|-damage|p1a: Sableye|72\/304
|
|-heal|p2a: Jirachi|191\/401|[from] item: Leftovers
|-heal|p1a: Sableye|91\/304|[from] item: Leftovers
|turn|15
|
|move|p1a: Sableye|Will-O-Wisp|p2a: Jirachi|[miss]
|-miss|p1a: Sableye|p2a: Jirachi
|move|p2a: Jirachi|Toxic|p1a: Sableye
|-status|p1a: Sableye|tox
|
|-heal|p2a: Jirachi|216\/401|[from] item: Leftovers
|-heal|p1a: Sableye|110\/304 tox|[from] item: Leftovers
|-damage|p1a: Sableye|91\/304 tox|[from] psn
|turn|16
|
|switch|p2a: Aromatisse|Aromatisse, M|242\/401
|-status|p2a: Aromatisse|psn
|-damage|p2a: Aromatisse|192\/401 psn|[from] Spikes
|-damage|p2a: Aromatisse|142\/401 psn|[from] Stealth Rock
|move|p1a: Sableye|Recover|p1a: Sableye
|-heal|p1a: Sableye|243\/304 tox
|
|-heal|p1a: Sableye|262\/304 tox|[from] item: Leftovers
|-heal|p2a: Aromatisse|167\/401 psn|[from] item: Leftovers
|-damage|p1a: Sableye|224\/304 tox|[from] psn
|-damage|p2a: Aromatisse|117\/401 psn|[from] psn
|turn|17
|join|KEEPURHART3K
|
|switch|p1a: Alakazam|Alakazam, F|252\/252
|move|p2a: Aromatisse|Wish|p2a: Aromatisse
|
|-heal|p2a: Aromatisse|142\/401 psn|[from] item: Leftovers
|-damage|p2a: Aromatisse|92\/401 psn|[from] psn
|turn|18
|
|switch|p2a: Flygon|Flygon, M|301\/301
|-damage|p2a: Flygon|283\/301|[from] Stealth Rock
|move|p1a: Alakazam|Shadow Ball|p2a: Flygon
|-damage|p2a: Flygon|164\/301
|-unboost|p2a: Flygon|spd|1
|
|-heal|p2a: Flygon|301\/301|[from] move: Wish|[wisher] Aromatisse
|turn|19
|
|switch|p1a: Swampert|Swampert, M|354\/404 tox
|-damage|p1a: Swampert|329\/404 tox|[from] Stealth Rock
|move|p2a: Flygon|U-turn|p1a: Swampert
|-damage|p1a: Swampert|273\/404 tox
|
|switch|p2a: Blastoise|Blastoise-Mega, F|221\/353
|-damage|p2a: Blastoise|177\/353|[from] Spikes
|-damage|p2a: Blastoise|133\/353|[from] Stealth Rock
|-status|p2a: Blastoise|psn
|
|-heal|p1a: Swampert|298\/404 tox|[from] item: Leftovers
|-damage|p2a: Blastoise|89\/353 psn|[from] psn
|-damage|p1a: Swampert|273\/404 tox|[from] psn
|turn|20
|
|switch|p1a: Sableye|Sableye, M|224\/304 tox
|-damage|p1a: Sableye|186\/304 tox|[from] Stealth Rock
|move|p2a: Blastoise|Scald|p1a: Sableye
|-damage|p1a: Sableye|27\/304 tox
|
|-heal|p1a: Sableye|46\/304 tox|[from] item: Leftovers
|-damage|p2a: Blastoise|45\/353 psn|[from] psn
|-damage|p1a: Sableye|27\/304 tox|[from] psn
|turn|21
|join|Navy V3
|
|move|p1a: Sableye|Recover|p1a: Sableye
|-heal|p1a: Sableye|179\/304 tox
|move|p2a: Blastoise|Scald|p1a: Sableye
|-damage|p1a: Sableye|11\/304 tox
|
|-heal|p1a: Sableye|30\/304 tox|[from] item: Leftovers
|-damage|p2a: Blastoise|1\/353 psn|[from] psn
|-damage|p1a: Sableye|0 fnt|[from] psn
|faint|p1a: Sableye
|join|oxymorons
|
|switch|p1a: Roserade|Roserade, F|212\/324
|-damage|p1a: Roserade|172\/324|[from] Stealth Rock
|turn|22
|
|move|p1a: Roserade|Sludge Bomb|p2a: Blastoise
|-damage|p2a: Blastoise|0 fnt
|faint|p2a: Blastoise
|
|-heal|p1a: Roserade|192\/324|[from] item: Leftovers
|
|switch|p2a: Victini|Victini|214\/341
|-damage|p2a: Victini|172\/341|[from] Spikes
|-damage|p2a: Victini|87\/341|[from] Stealth Rock
|-status|p2a: Victini|psn
|turn|23
|
|move|p2a: Victini|V-create|p1a: Roserade
|-supereffective|p1a: Roserade
|-damage|p1a: Roserade|0 fnt
|-unboost|p2a: Victini|def|1
|-unboost|p2a: Victini|spd|1
|-unboost|p2a: Victini|spe|1
|faint|p1a: Roserade
|
|-damage|p2a: Victini|45\/341 psn|[from] psn
|
|switch|p1a: Alakazam|Alakazam, F|252\/252
|turn|24
|
|move|p1a: Alakazam|Shadow Ball|p2a: Victini
|-supereffective|p2a: Victini
|-damage|p2a: Victini|0 fnt
|faint|p2a: Victini
|
|
|switch|p2a: Flygon|Flygon, M|301\/301
|-damage|p2a: Flygon|283\/301|[from] Stealth Rock
|turn|25
|join|PowerPotato
|
|switch|p1a: Hydreigon|Hydreigon, M|325\/325
|-damage|p1a: Hydreigon|285\/325|[from] Stealth Rock
|move|p2a: Flygon|U-turn|p1a: Hydreigon
|-supereffective|p1a: Hydreigon
|-damage|p1a: Hydreigon|125\/325
|
|switch|p2a: Aromatisse|Aromatisse, M|92\/401 psn
|-damage|p2a: Aromatisse|42\/401 psn|[from] Stealth Rock
|-damage|p2a: Aromatisse|0 fnt|[from] Spikes
|faint|p2a: Aromatisse
|
|
|switch|p2a: Flygon|Flygon, M|283\/301
|-damage|p2a: Flygon|265\/301|[from] Stealth Rock
|turn|26
|join|sugarhigh
|join|BKC
|
|move|p2a: Flygon|U-turn|p1a: Hydreigon
|-crit|p1a: Hydreigon
|-supereffective|p1a: Hydreigon
|-damage|p1a: Hydreigon|0 fnt
|faint|p1a: Hydreigon
|
|switch|p2a: Haxorus|Haxorus, F|302\/302
|-damage|p2a: Haxorus|265\/302|[from] Stealth Rock
|-status|p2a: Haxorus|psn
|-damage|p2a: Haxorus|228\/302 psn|[from] Spikes
|-ability|p2a: Haxorus|Mold Breaker
|-enditem|p2a: Haxorus|Lum Berry|[eat]
|-curestatus|p2a: Haxorus|psn
|
|
|switch|p1a: Alakazam|Alakazam, F|252\/252
|turn|27
|
|move|p1a: Alakazam|Dazzling Gleam|p2a: Haxorus
|-supereffective|p2a: Haxorus
|-damage|p2a: Haxorus|0 fnt
|faint|p2a: Haxorus
|
|
|switch|p2a: Flygon|Flygon, M|265\/301
|-damage|p2a: Flygon|247\/301|[from] Stealth Rock
|turn|28
|
|switch|p1a: Swampert|Swampert, M|273\/404 tox
|-damage|p1a: Swampert|248\/404 tox|[from] Stealth Rock
|move|p2a: Flygon|Outrage|p1a: Swampert
|-crit|p1a: Swampert
|-damage|p1a: Swampert|55\/404 tox
|
|-heal|p1a: Swampert|80\/404 tox|[from] item: Leftovers
|-damage|p1a: Swampert|55\/404 tox|[from] psn
|turn|29
|chat|bad ass|if i protect
|chat|bad ass|does it reset the outrage
|chat|FlareBlitz|Sometimes
|chat|bad ass|?
|chat|FlareBlitz|Depends on if it's two or three turns
|chat|bad ass|will you confuse
|chat|FlareBlitz|Like I said, it depends
|chat|bad ass|ok
|chat|FlareBlitz|if it's three turn, it will "reset"
|chat|FlareBlitz|I think
|chat|FlareBlitz|idr actually
|
|move|p1a: Swampert|Protect|p1a: Swampert
|-singleturn|p1a: Swampert|Protect
|move|p2a: Flygon|Outrage|p1a: Swampert
|-activate|p1a: Swampert|Protect
|
|-heal|p1a: Swampert|80\/404 tox|[from] item: Leftovers
|-damage|p1a: Swampert|30\/404 tox|[from] psn
|turn|30
|
|move|p2a: Flygon|Outrage|p1a: Swampert
|-damage|p1a: Swampert|0 fnt
|faint|p1a: Swampert
|
|
|switch|p1a: Alakazam|Alakazam, F|252\/252
|turn|31
|chat|bad ass|i need a nice roll
|
|move|p2a: Flygon|Outrage|p1a: Alakazam
|-enditem|p1a: Alakazam|Focus Sash
|-damage|p1a: Alakazam|1\/252
|move|p1a: Alakazam|Dazzling Gleam|p2a: Flygon
|-supereffective|p2a: Flygon
|-damage|p2a: Flygon|0 fnt
|faint|p2a: Flygon
|
|chat|bad ass|GG.
|chat|FlareBlitz|gg
|
|switch|p2a: Jirachi|Jirachi|216\/401
|-damage|p2a: Jirachi|166\/401|[from] Spikes
|-damage|p2a: Jirachi|141\/401|[from] Stealth Rock
|turn|32
|chat|bad ass|if i can KO jirachi
|chat|bad ass|i assume i can
|
|move|p1a: Alakazam|Shadow Ball|p2a: Jirachi
|-supereffective|p2a: Jirachi
|-damage|p2a: Jirachi|0 fnt
|faint|p2a: Jirachi
|
|win|bad ass
|leave|BKC
|leave|Navy V3