|join|Calloflochie
|join|FlareBlitz
|player|p1|Calloflochie|116
|player|p2|FlareBlitz|266
|gametype|singles
|gen|6
|tier|UU
|rule|Sleep Clause Mod: Limit one foe put to sleep
|rule|Species Clause: Limit one of each PokÃ©mon
|rule|OHKO Clause: OHKO moves are banned
|rule|Moody Clause: Moody is banned
|rule|Evasion Moves Clause: Evasion moves are banned
|rule|Endless Battle Clause: Forcing endless battles is banned
|rule|HP Percentage Mod: HP is reported as percentages
|clearpoke
|poke|p1|Aerodactyl, M
|poke|p1|Haxorus, F
|poke|p1|Krookodile, F
|poke|p1|Chandelure, M
|poke|p1|Alakazam, F
|poke|p1|Shaymin
|poke|p2|Sharpedo, F
|poke|p2|Tornadus, M
|poke|p2|Kabutops, F
|poke|p2|Roserade, F
|poke|p2|Mienshao, F
|poke|p2|Flygon, F
|rule|Swagger Clause: Swagger is banned
|rule|Baton Pass Clause: Limit one PokÃ©mon knowing Baton Pass
|teampreview
|join|craing ;_;
|chat|Calloflochie|my face when rain
|join|Nas
|chat|Calloflochie|aight well
|chat|Calloflochie|good luck
|chat|FlareBlitz|Welcome to the lair
|chat|FlareBlitz|Of GALACTIC COMMANDER
|chat|FlareBlitz|I mean
|chat|FlareBlitz|Aqua Commander
|join|blkppl
|chat|FlareBlitz|-__-
|chat|Calloflochie|Lol
|chat|Calloflochie|i have the counter
|chat|Calloflochie|i dont know what it is yet
|chat|Calloflochie|but it's definitely there
|
|start
|switch|p1a: Aerodactyl|Aerodactyl, M|331\/331
|switch|p2a: Flygon|Flygon, F|301\/301
|-ability|p1a: Aerodactyl|Pressure
|turn|1
|
|detailschange|p1a: Aerodactyl|Aerodactyl-Mega, M
|message|Aerodactyl has Mega Evolved into Mega Aerodactyl!
|move|p1a: Aerodactyl|Stealth Rock|p2a: Flygon
|-sidestart|p2: FlareBlitz|move: Stealth Rock
|move|p2a: Flygon|Outrage|p1a: Aerodactyl
|-damage|p1a: Aerodactyl|30\/331
|
|turn|2
|join|FLCL
|
|move|p1a: Aerodactyl|Aerial Ace|p2a: Flygon
|-damage|p2a: Flygon|115\/301
|move|p2a: Flygon|Outrage|p1a: Aerodactyl
|-damage|p1a: Aerodactyl|0 fnt
|faint|p1a: Aerodactyl
|
|-end|p2a: Flygon|rampage
|-start|p2a: Flygon|confusion
|
|switch|p1a: Alakazam|Alakazam, F|251\/251
|turn|3
|
|move|p1a: Alakazam|Dazzling Gleam|p2a: Flygon
|-supereffective|p2a: Flygon
|-damage|p2a: Flygon|0 fnt
|faint|p2a: Flygon
|
|
|switch|p2a: Mienshao|Mienshao, F|271\/271
|-damage|p2a: Mienshao|255\/271|[from] Stealth Rock
|turn|4
|
|switch|p1a: Chandelure|Chandelure, M|291\/291
|move|p2a: Mienshao|U-turn|p1a: Chandelure
|-resisted|p1a: Chandelure
|-damage|p1a: Chandelure|268\/291
|
|switch|p2a: Tornadus|Tornadus, M|299\/299
|-damage|p2a: Tornadus|225\/299|[from] Stealth Rock
|
|-heal|p1a: Chandelure|286\/291|[from] item: Leftovers
|turn|5
|
|move|p2a: Tornadus|Rain Dance|p2a: Tornadus
|-weather|RainDance
|move|p1a: Chandelure|Substitute|p1a: Chandelure
|-start|p1a: Chandelure|Substitute
|-damage|p1a: Chandelure|214\/291
|
|-weather|RainDance|[upkeep]
|-heal|p1a: Chandelure|232\/291|[from] item: Leftovers
|turn|6
|
|move|p2a: Tornadus|Hurricane|p1a: Chandelure
|-crit|p1a: Chandelure
|-end|p1a: Chandelure|Substitute
|-damage|p2a: Tornadus|196\/299|[from] item: Life Orb
|move|p1a: Chandelure|Substitute|p1a: Chandelure
|-start|p1a: Chandelure|Substitute
|-damage|p1a: Chandelure|160\/291
|
|-weather|RainDance|[upkeep]
|-heal|p1a: Chandelure|178\/291|[from] item: Leftovers
|turn|7
|join|Rozykli
|
|move|p2a: Tornadus|Hurricane|p1a: Chandelure
|-end|p1a: Chandelure|Substitute
|-damage|p2a: Tornadus|167\/299|[from] item: Life Orb
|move|p1a: Chandelure|Substitute|p1a: Chandelure
|-start|p1a: Chandelure|Substitute
|-damage|p1a: Chandelure|106\/291
|
|-weather|RainDance|[upkeep]
|-heal|p1a: Chandelure|124\/291|[from] item: Leftovers
|turn|8
|
|move|p2a: Tornadus|Hurricane|p1a: Chandelure
|-end|p1a: Chandelure|Substitute
|-damage|p2a: Tornadus|138\/299|[from] item: Life Orb
|move|p1a: Chandelure|Substitute|p1a: Chandelure
|-start|p1a: Chandelure|Substitute
|-damage|p1a: Chandelure|52\/291
|
|-weather|RainDance|[upkeep]
|-heal|p1a: Chandelure|70\/291|[from] item: Leftovers
|turn|9
|
|move|p2a: Tornadus|Hurricane|p1a: Chandelure
|-end|p1a: Chandelure|Substitute
|-damage|p2a: Tornadus|109\/299|[from] item: Life Orb
|move|p1a: Chandelure|Shadow Ball|p2a: Tornadus
|-damage|p2a: Tornadus|0 fnt
|faint|p2a: Tornadus
|
|-weather|none
|-heal|p1a: Chandelure|88\/291|[from] item: Leftovers
|
|switch|p2a: Sharpedo|Sharpedo, F|281\/281
|-damage|p2a: Sharpedo|246\/281|[from] Stealth Rock
|turn|10
|
|move|p2a: Sharpedo|Crunch|p1a: Chandelure
|-supereffective|p1a: Chandelure
|-damage|p1a: Chandelure|0 fnt
|-damage|p2a: Sharpedo|218\/281|[from] item: Life Orb
|faint|p1a: Chandelure
|
|-boost|p2a: Sharpedo|spe|1|[from] ability: Speed Boost
|
|switch|p1a: Shaymin|Shaymin|341\/341
|turn|11
|
|switch|p2a: Roserade|Roserade, F|262\/262
|-damage|p2a: Roserade|230\/262|[from] Stealth Rock
|move|p1a: Shaymin|Dazzling Gleam|p2a: Roserade
|-resisted|p2a: Roserade
|-damage|p2a: Roserade|182\/262
|-damage|p1a: Shaymin|307\/341|[from] item: Life Orb
|
|turn|12
|
|move|p1a: Shaymin|Psychic|p2a: Roserade
|-supereffective|p2a: Roserade
|-damage|p2a: Roserade|0 fnt
|-damage|p1a: Shaymin|273\/341|[from] item: Life Orb
|faint|p2a: Roserade
|
|
|switch|p2a: Mienshao|Mienshao, F|255\/271
|-damage|p2a: Mienshao|239\/271|[from] Stealth Rock
|turn|13
|
|move|p2a: Mienshao|High Jump Kick|p1a: Shaymin
|-damage|p1a: Shaymin|17\/341
|move|p1a: Shaymin|Seed Flare|p2a: Mienshao
|-damage|p2a: Mienshao|0 fnt
|-damage|p1a: Shaymin|0 fnt|[from] item: Life Orb
|faint|p2a: Mienshao
|faint|p1a: Shaymin
|
|
|switch|p1a: Krookodile|Krookodile, F|331\/331
|switch|p2a: Kabutops|Kabutops, F|262\/262
|-damage|p2a: Kabutops|230\/262|[from] Stealth Rock
|turn|14
|
|move|p1a: Krookodile|Earthquake|p2a: Kabutops
|-supereffective|p2a: Kabutops
|-damage|p2a: Kabutops|0 fnt
|faint|p2a: Kabutops
|-boost|p1a: Krookodile|atk|1|[from] ability: Moxie
|
|chat|Calloflochie|g_g
|
|switch|p2a: Sharpedo|Sharpedo, F|218\/281
|-damage|p2a: Sharpedo|183\/281|[from] Stealth Rock
|turn|15
|chat|Calloflochie|unless
|chat|Calloflochie|no wait u can win here
|chat|Calloflochie|with 2 flinches
|chat|FlareBlitz|Triple
|
|move|p2a: Sharpedo|Protect|p2a: Sharpedo
|-singleturn|p2a: Sharpedo|Protect
|move|p1a: Krookodile|Earthquake|p2a: Sharpedo
|-activate|p2a: Sharpedo|Protect
|
|-boost|p2a: Sharpedo|spe|1|[from] ability: Speed Boost
|turn|16
|chat|FlareBlitz|waterfall
|chat|FlareBlitz|flinch
|chat|Calloflochie|yeah
|chat|FlareBlitz|+ double protect
|
|move|p2a: Sharpedo|Protect|p2a: Sharpedo
|-fail|p2a: Sharpedo
|move|p1a: Krookodile|Earthquake|p2a: Sharpedo
|-damage|p2a: Sharpedo|0 fnt
|faint|p2a: Sharpedo
|-boost|p1a: Krookodile|atk|1|[from] ability: Moxie
|
|win|Calloflochie
|chat|Calloflochie|damn rip
|leave|Rozykli
|leave|FLCL
|leave|FlareBlitz
|player|p2
|leave|Calloflochie
|player|p1
|leave|craing ;_;