|inactive|Battle timer is ON: inactive players will automatically lose when time's up.
|join|Calloflochie
|join|FlareBlitz
|player|p1|Calloflochie|116
|player|p2|FlareBlitz|170
|gametype|singles
|gen|5
|tier|[Gen 5] UU
|rule|Sleep Clause Mod: Limit one foe put to sleep
|rule|Species Clause: Limit one of each Pokemon
|rule|OHKO Clause: OHKO moves are banned
|rule|Moody Clause: Moody is banned
|rule|Evasion Moves Clause: Evasion moves are banned
|rule|Endless Battle Clause: Forcing endless battles is banned.
|rule|HP Percentage Mod: HP is reported as percentages
|rule|Evasion Abilities Clause: Evasion abilities are banned
|clearpoke
|poke|p1|Tornadus, M
|poke|p1|Lanturn, F
|poke|p1|Kingdra, F
|poke|p1|Sableye, M
|poke|p1|Omastar, M
|poke|p1|Kabutops, F
|poke|p2|Nidoqueen, F
|poke|p2|Togekiss, F
|poke|p2|Suicune, shiny
|poke|p2|Druddigon, M
|poke|p2|Arcanine, M
|poke|p2|Slowbro, F
|teampreview
|join|Nas
|
|start
|switch|p1a: tauntnadus|Tornadus, M|299\/299
|switch|p2a: Nidoqueen|Nidoqueen, F|351\/351
|turn|1
|join|e7e
|
|move|p1a: tauntnadus|Rain Dance|p1a: tauntnadus
|-weather|RainDance
|move|p2a: Nidoqueen|Ice Beam|p1a: tauntnadus
|-supereffective|p1a: tauntnadus
|-damage|p1a: tauntnadus|0 fnt
|faint|p1a: tauntnadus
|
|-weather|RainDance|[upkeep]
|
|switch|p1a: Carapace Shatter|Omastar, M|281\/281
|turn|2
|
|move|p1a: Carapace Shatter|Hydro Pump|p2a: Nidoqueen
|-supereffective|p2a: Nidoqueen
|-damage|p2a: Nidoqueen|0 fnt
|-damage|p1a: Carapace Shatter|253\/281|[from] item: Life Orb
|faint|p2a: Nidoqueen
|
|-weather|RainDance|[upkeep]
|
|switch|p2a: Suicune|Suicune, shiny|369\/369
|-ability|p2a: Suicune|Pressure
|turn|3
|
|switch|p1a: manturn|Lanturn, F|453\/453
|move|p2a: Suicune|Calm Mind|p2a: Suicune
|-boost|p2a: Suicune|spa|1
|-boost|p2a: Suicune|spd|1
|
|-weather|RainDance|[upkeep]
|turn|4
|
|switch|p2a: Druddigon|Druddigon, M|323\/323
|move|p1a: manturn|Volt Switch|p2a: Druddigon
|-crit|p2a: Druddigon
|-resisted|p2a: Druddigon
|-damage|p2a: Druddigon|254\/323
|join|Oliver Draxler
|
|switch|p1a: Carapace Shatter|Omastar, M|253\/281
|
|-weather|RainDance|[upkeep]
|turn|5
|
|switch|p2a: Suicune|Suicune, shiny|369\/369
|-ability|p2a: Suicune|Pressure
|move|p1a: Carapace Shatter|Ice Beam|p2a: Suicune
|-resisted|p2a: Suicune
|-damage|p2a: Suicune|307\/369
|-damage|p1a: Carapace Shatter|225\/281|[from] item: Life Orb
|
|-weather|RainDance|[upkeep]
|-heal|p2a: Suicune|330\/369|[from] item: Leftovers
|turn|6
|
|move|p1a: Carapace Shatter|Shell Smash|p1a: Carapace Shatter
|-boost|p1a: Carapace Shatter|atk|2
|-boost|p1a: Carapace Shatter|spa|2
|-boost|p1a: Carapace Shatter|spe|2
|-unboost|p1a: Carapace Shatter|def|1
|-unboost|p1a: Carapace Shatter|spd|1
|move|p2a: Suicune|Tailwind|p2a: Suicune
|-sidestart|p2: FlareBlitz|move: Tailwind
|
|-weather|RainDance|[upkeep]
|-heal|p2a: Suicune|353\/369|[from] item: Leftovers
|turn|7
|chat|Calloflochie|oh shit
|
|move|p1a: Carapace Shatter|Hidden Power|p2a: Suicune
|-supereffective|p2a: Suicune
|-damage|p2a: Suicune|0 fnt
|-damage|p1a: Carapace Shatter|197\/281|[from] item: Life Orb
|faint|p2a: Suicune
|
|-weather|RainDance|[upkeep]
|chat|Calloflochie|it's one of these cunes
|
|switch|p2a: Druddigon|Druddigon, M|254\/323
|turn|8
|
|move|p1a: Carapace Shatter|Ice Beam|p2a: Druddigon
|-supereffective|p2a: Druddigon
|-damage|p2a: Druddigon|0 fnt
|-damage|p1a: Carapace Shatter|169\/281|[from] item: Life Orb
|faint|p2a: Druddigon
|
|-weather|none
|
|switch|p2a: Arcanine|Arcanine, M|321\/321
|-ability|p2a: Arcanine|Intimidate|[of] p1a: Carapace Shatter
|-unboost|p1a: Carapace Shatter|atk|1
|turn|9
|
|move|p2a: Arcanine|Close Combat|p1a: Carapace Shatter
|-supereffective|p1a: Carapace Shatter
|-damage|p1a: Carapace Shatter|0 fnt
|-unboost|p2a: Arcanine|def|1
|-unboost|p2a: Arcanine|spd|1
|-damage|p2a: Arcanine|289\/321|[from] item: Life Orb
|faint|p1a: Carapace Shatter
|
|-sideend|p2: FlareBlitz|move: Tailwind
|leave|Oliver Draxler
|
|switch|p1a: manturn|Lanturn, F|453\/453
|turn|10
|
|move|p2a: Arcanine|Close Combat|p1a: manturn
|-crit|p1a: manturn
|-damage|p1a: manturn|0 fnt
|-unboost|p2a: Arcanine|def|1
|-unboost|p2a: Arcanine|spd|1
|-damage|p2a: Arcanine|257\/321|[from] item: Life Orb
|faint|p1a: manturn
|
|chat|FlareBlitz|Damn.
|chat|Calloflochie|fucking
|chat|FlareBlitz|Sorry.
|chat|Calloflochie|aids
|chat|Calloflochie|so fucking aids
|
|switch|p1a: piece of crap|Sableye, M|303\/303
|turn|11
|
|switch|p2a: Slowbro|Slowbro, F|394\/394
|move|p1a: piece of crap|Rain Dance|p1a: piece of crap
|-weather|RainDance
|
|-weather|RainDance|[upkeep]
|turn|12
|
|move|p1a: piece of crap|Taunt|p2a: Slowbro
|-start|p2a: Slowbro|move: Taunt
|move|p2a: Slowbro|Surf|p1a: piece of crap
|-damage|p1a: piece of crap|0 fnt
|-damage|p2a: Slowbro|355\/394|[from] item: Life Orb
|faint|p1a: piece of crap
|
|-weather|RainDance|[upkeep]
|
|switch|p1a: Ladra|Kingdra, F|291\/291
|turn|13
|
|switch|p2a: Arcanine|Arcanine, M|257\/321
|-ability|p2a: Arcanine|Intimidate|[of] p1a: Ladra
|-unboost|p1a: Ladra|atk|1
|move|p1a: Ladra|Draco Meteor|p2a: Arcanine|[miss]
|-miss|p1a: Ladra|p2a: Arcanine
|
|-weather|RainDance|[upkeep]
|turn|14
|chat|Calloflochie|what can i fucking dop
|
|move|p2a: Arcanine|Extreme Speed|p1a: Ladra
|-damage|p1a: Ladra|157\/291
|-damage|p2a: Arcanine|225\/321|[from] item: Life Orb
|move|p1a: Ladra|Hydro Pump|p2a: Arcanine
|-supereffective|p2a: Arcanine
|-damage|p2a: Arcanine|0 fnt
|-damage|p1a: Ladra|128\/291|[from] item: Life Orb
|faint|p2a: Arcanine
|
|-weather|RainDance|[upkeep]
|
|switch|p2a: Togekiss|Togekiss, F|371\/371
|turn|15
|
|move|p1a: Ladra|Hydro Pump|p2a: Togekiss
|-damage|p2a: Togekiss|81\/371
|-damage|p1a: Ladra|99\/291|[from] item: Life Orb
|move|p2a: Togekiss|Thunder Wave|p1a: Ladra
|-status|p1a: Ladra|par
|
|-weather|RainDance|[upkeep]
|-heal|p2a: Togekiss|104\/371|[from] item: Leftovers
|turn|16
|chat|Calloflochie|here it comes
|
|move|p2a: Togekiss|Air Slash|p1a: Ladra
|-damage|p1a: Ladra|0 fnt
|faint|p1a: Ladra
|
|-weather|RainDance|[upkeep]
|-heal|p2a: Togekiss|127\/371|[from] item: Leftovers
|
|switch|p1a: weedlord420bl4z3|Kabutops, F|261\/261
|turn|17
|chat|Calloflochie|ugh
|
|move|p1a: weedlord420bl4z3|Stone Edge|p2a: Togekiss
|-crit|p2a: Togekiss
|-supereffective|p2a: Togekiss
|-damage|p2a: Togekiss|0 fnt
|faint|p2a: Togekiss
|
|-weather|RainDance|[upkeep]
|chat|Calloflochie|got rng'd to shit
|
|switch|p2a: Slowbro|Slowbro, F|394\/394
|turn|18
|chat|Calloflochie|cmon
|chat|Calloflochie|crit
|
|move|p1a: weedlord420bl4z3|Stone Edge|p2a: Slowbro
|-damage|p2a: Slowbro|127\/394
|move|p2a: Slowbro|Surf|p1a: weedlord420bl4z3
|-damage|p1a: weedlord420bl4z3|0 fnt
|-damage|p2a: Slowbro|88\/394|[from] item: Life Orb
|faint|p1a: weedlord420bl4z3
|
|win|FlareBlitz
|chat|FlareBlitz|gg.
|chat|Calloflochie|lol fucking lol
|chat|Calloflochie|no
|leave|Calloflochie
|player|p1
|leave|FlareBlitz
|player|p2
|leave|Nas
|join|Nas
|join|Moony
|leave|Nas
|join|Srn34
|leave|Srn34
|leave|e7e
|join|Nas