|inactive|Battle timer is ON: inactive players will automatically lose when time's up.
|join|FlareBlitz
|join|Calloflochie
|player|p1|FlareBlitz|170
|player|p2|Calloflochie|116
|gametype|singles
|gen|6
|tier|UU
|rule|Sleep Clause Mod: Limit one foe put to sleep
|rule|Species Clause: Limit one of each Pokemon
|rule|OHKO Clause: OHKO moves are banned
|rule|Moody Clause: Moody is banned
|rule|Evasion Moves Clause: Evasion moves are banned
|rule|Endless Battle Clause: Forcing endless battles is banned.
|rule|HP Percentage Mod: HP is reported as percentages
|clearpoke
|poke|p1|Entei, shiny
|poke|p1|Chesnaught, F
|poke|p1|Slowking, F
|poke|p1|Hydreigon, M
|poke|p1|Rhyperior, M
|poke|p1|Heracross, M
|poke|p2|Infernape, F
|poke|p2|Aerodactyl, M
|poke|p2|Gothorita, F
|poke|p2|Hydreigon, F
|poke|p2|Krookodile, M
|poke|p2|Doublade, F
|teampreview
|join|Nas
|join|Pair Uh Noia
|chat|Calloflochie|glhf
|join|WhiteQueen
|chat|FlareBlitz|Thanks you as well.
|leave|WhiteQueen
|
|start
|switch|p1a: Chesnaught|Chesnaught, F|380\/380
|switch|p2a: Krookodile|Krookodile, M|393\/393
|-ability|p2a: Krookodile|Intimidate|[of] p1a: Chesnaught
|-unboost|p1a: Chesnaught|atk|1
|turn|1
|join|kirigakure
|
|move|p2a: Krookodile|Toxic|p1a: Chesnaught
|-status|p1a: Chesnaught|tox
|move|p1a: Chesnaught|Spikes|p2a: Krookodile
|-sidestart|p2: Calloflochie|Spikes
|
|-damage|p1a: Chesnaught|357\/380 tox|[from] psn
|turn|2
|
|move|p2a: Krookodile|Knock Off|p1a: Chesnaught
|-crit|p1a: Chesnaught
|-resisted|p1a: Chesnaught
|-damage|p1a: Chesnaught|294\/380 tox
|-enditem|p1a: Chesnaught|Leftovers|[from] move: Knock Off|[of] p2a: Krookodile
|move|p1a: Chesnaught|Leech Seed|p2a: Krookodile
|-start|p2a: Krookodile|move: Leech Seed
|
|-damage|p2a: Krookodile|344\/393|[from] Leech Seed|[of] p1a: Chesnaught
|-heal|p1a: Chesnaught|343\/380 tox|[silent]
|-damage|p1a: Chesnaught|297\/380 tox|[from] psn
|turn|3
|
|switch|p2a: Aerodactyl|Aerodactyl, M|329\/329
|move|p1a: Chesnaught|Spikes|p2a: Aerodactyl
|-sidestart|p2: Calloflochie|Spikes
|
|-damage|p1a: Chesnaught|228\/380 tox|[from] psn
|turn|4
|
|switch|p1a: Slowking|Slowking, F|394\/394
|detailschange|p2a: Aerodactyl|Aerodactyl-Mega, M
|message|Aerodactyl has Mega Evolved into Mega Aerodactyl!
|move|p2a: Aerodactyl|Aerial Ace|p1a: Slowking
|-damage|p1a: Slowking|219\/394
|
|-heal|p1a: Slowking|243\/394|[from] item: Leftovers
|turn|5
|
|switch|p2a: Hydreigon|Hydreigon, F|325\/325
|switch|p1a: Rhyperior|Rhyperior, M|417\/417
|
|turn|6
|
|move|p2a: Hydreigon|Dark Pulse|p1a: Rhyperior
|-damage|p1a: Rhyperior|182\/417
|move|p1a: Rhyperior|Megahorn|p2a: Hydreigon
|-supereffective|p2a: Hydreigon
|-damage|p2a: Hydreigon|0 fnt
|faint|p2a: Hydreigon
|
|-heal|p1a: Rhyperior|208\/417|[from] item: Leftovers
|
|switch|p2a: Aerodactyl|Aerodactyl-Mega, M|329\/329
|turn|7
|
|switch|p1a: Slowking|Slowking, F|374\/394
|move|p2a: Aerodactyl|Aqua Tail|p1a: Slowking
|-resisted|p1a: Slowking
|-damage|p1a: Slowking|292\/394
|
|-heal|p1a: Slowking|316\/394|[from] item: Leftovers
|turn|8
|
|switch|p2a: Krookodile|Krookodile, M|344\/393
|-damage|p2a: Krookodile|279\/393|[from] Spikes
|-ability|p2a: Krookodile|Intimidate|[of] p1a: Slowking
|-unboost|p1a: Slowking|atk|1
|move|p1a: Slowking|Scald|p2a: Krookodile
|-supereffective|p2a: Krookodile
|-damage|p2a: Krookodile|0 fnt
|faint|p2a: Krookodile
|
|-heal|p1a: Slowking|340\/394|[from] item: Leftovers
|
|switch|p2a: Gothorita|Gothorita, F|323\/323
|-damage|p2a: Gothorita|270\/323|[from] Spikes
|turn|9
|
|move|p2a: Gothorita|Calm Mind|p2a: Gothorita
|-boost|p2a: Gothorita|spa|1
|-boost|p2a: Gothorita|spd|1
|move|p1a: Slowking|Nasty Plot|p1a: Slowking
|-boost|p1a: Slowking|spa|2
|
|-heal|p1a: Slowking|364\/394|[from] item: Leftovers
|turn|10
|
|move|p2a: Gothorita|Toxic|p1a: Slowking
|-status|p1a: Slowking|tox
|move|p1a: Slowking|Nasty Plot|p1a: Slowking
|-boost|p1a: Slowking|spa|2
|
|-heal|p1a: Slowking|388\/394 tox|[from] item: Leftovers
|-damage|p1a: Slowking|364\/394 tox|[from] psn
|turn|11
|
|move|p2a: Gothorita|Calm Mind|p2a: Gothorita
|-boost|p2a: Gothorita|spa|1
|-boost|p2a: Gothorita|spd|1
|move|p1a: Slowking|Nasty Plot|p1a: Slowking
|-boost|p1a: Slowking|spa|2
|
|-heal|p1a: Slowking|388\/394 tox|[from] item: Leftovers
|-damage|p1a: Slowking|340\/394 tox|[from] psn
|turn|12
|
|move|p2a: Gothorita|Calm Mind|p2a: Gothorita
|-boost|p2a: Gothorita|spa|1
|-boost|p2a: Gothorita|spd|1
|move|p1a: Slowking|Psyshock|p2a: Gothorita
|-resisted|p2a: Gothorita
|-damage|p2a: Gothorita|105\/323
|
|-heal|p1a: Slowking|364\/394 tox|[from] item: Leftovers
|-damage|p1a: Slowking|292\/394 tox|[from] psn
|turn|13
|
|move|p2a: Gothorita|Psyshock|p1a: Slowking
|-resisted|p1a: Slowking
|-damage|p1a: Slowking|181\/394 tox
|move|p1a: Slowking|Psyshock|p2a: Gothorita
|-resisted|p2a: Gothorita
|-damage|p2a: Gothorita|0 fnt
|faint|p2a: Gothorita
|
|-heal|p1a: Slowking|205\/394 tox|[from] item: Leftovers
|-damage|p1a: Slowking|109\/394 tox|[from] psn
|
|switch|p2a: Infernape|Infernape, F|293\/293
|-damage|p2a: Infernape|245\/293|[from] Spikes
|turn|14
|
|switch|p1a: Chesnaught|Chesnaught, F|228\/380 tox
|move|p2a: Infernape|Close Combat|p1a: Chesnaught
|-damage|p1a: Chesnaught|65\/380 tox
|-unboost|p2a: Infernape|def|1
|-unboost|p2a: Infernape|spd|1
|
|-damage|p1a: Chesnaught|42\/380 tox|[from] psn
|turn|15
|
|move|p1a: Chesnaught|Spiky Shield|p1a: Chesnaught
|-singleturn|p1a: Chesnaught|move: Protect
|move|p2a: Infernape|Close Combat|p1a: Chesnaught
|-activate|p1a: Chesnaught|move: Protect
|-damage|p2a: Infernape|209\/293|[from] Spiky Shield|[of] p1a: Chesnaught
|
|-damage|p1a: Chesnaught|0 fnt|[from] psn
|faint|p1a: Chesnaught
|
|switch|p1a: Heracross|Heracross, M|329\/329
|turn|16
|
|move|p2a: Infernape|Close Combat|p1a: Heracross
|-resisted|p1a: Heracross
|-damage|p1a: Heracross|155\/329
|-unboost|p2a: Infernape|def|1
|-unboost|p2a: Infernape|spd|1
|move|p1a: Heracross|Knock Off|p2a: Infernape
|-resisted|p2a: Infernape
|-damage|p2a: Infernape|0 fnt
|faint|p2a: Infernape
|
|
|switch|p2a: Doublade|Doublade, F|321\/321
|-damage|p2a: Doublade|268\/321|[from] Spikes
|turn|17
|
|move|p1a: Heracross|Knock Off|p2a: Doublade
|-supereffective|p2a: Doublade
|-damage|p2a: Doublade|108\/321
|-enditem|p2a: Doublade|Eviolite|[from] move: Knock Off|[of] p1a: Heracross
|move|p2a: Doublade|Iron Head|p1a: Heracross
|-damage|p1a: Heracross|0 fnt
|faint|p1a: Heracross
|
|
|switch|p1a: Slowking|Slowking, F|240\/394 tox
|turn|18
|
|switch|p1a: Entei|Entei, shiny|372\/372
|-ability|p1a: Entei|Pressure
|move|p2a: Doublade|Shadow Sneak|p1a: Entei
|-crit|p1a: Entei
|-damage|p1a: Entei|263\/372
|
|turn|19
|
|move|p2a: Doublade|Shadow Sneak|p1a: Entei
|-damage|p1a: Entei|185\/372
|move|p1a: Entei|Sacred Fire|p2a: Doublade
|-supereffective|p2a: Doublade
|-damage|p2a: Doublade|0 fnt
|faint|p2a: Doublade
|
|
|switch|p2a: Aerodactyl|Aerodactyl-Mega, M|329\/329
|turn|20
|
|switch|p1a: Rhyperior|Rhyperior, M|208\/417
|move|p2a: Aerodactyl|Aqua Tail|p1a: Rhyperior
|-supereffective|p1a: Rhyperior
|-damage|p1a: Rhyperior|0 fnt
|faint|p1a: Rhyperior
|
|
|switch|p1a: Slowking|Slowking, F|371\/394 tox
|turn|21
|
|move|p2a: Aerodactyl|Aerial Ace|p1a: Slowking
|-damage|p1a: Slowking|188\/394 tox
|move|p1a: Slowking|Trick Room|p1a: Slowking
|-fieldstart|move: Trick Room|[of] p1a: Slowking
|
|-heal|p1a: Slowking|212\/394 tox|[from] item: Leftovers
|-damage|p1a: Slowking|188\/394 tox|[from] psn
|turn|22
|
|move|p1a: Slowking|Scald|p2a: Aerodactyl
|-supereffective|p2a: Aerodactyl
|-damage|p2a: Aerodactyl|53\/329
|-status|p2a: Aerodactyl|brn
|move|p2a: Aerodactyl|Aerial Ace|p1a: Slowking
|-damage|p1a: Slowking|97\/394 tox
|
|-heal|p1a: Slowking|121\/394 tox|[from] item: Leftovers
|-damage|p1a: Slowking|73\/394 tox|[from] psn
|-damage|p2a: Aerodactyl|12\/329 brn|[from] brn
|turn|23
|chat|Calloflochie|rip
|chat|FlareBlitz|gg.
|
|move|p1a: Slowking|Scald|p2a: Aerodactyl
|-supereffective|p2a: Aerodactyl
|-damage|p2a: Aerodactyl|0 fnt
|faint|p2a: Aerodactyl
|
|win|FlareBlitz
|leave|Pair Uh Noia
|leave|Nas
|chat|FlareBlitz|Would you like to do the next game (B\/W) now or later?
|chat|Calloflochie|go now
|leave|Calloflochie
|player|p2
|leave|FlareBlitz
|player|p1
|leave|kirigakure
|join|PRINCESS AHEGAO
|join|Limitless
|leave|Limitless
|join|Srn34
|join|Moony
|leave|Moony
|leave|Srn34
|join|Nas