|inactive|Battle timer is ON: inactive players will automatically lose when time's up.
|join|bad ass
|join|FlareBlitz
|player|p1|bad ass|121
|player|p2|FlareBlitz|2
|gametype|singles
|gen|6
|tier|UU
|rule|Sleep Clause Mod: Limit one foe put to sleep
|rule|Species Clause: Limit one of each PokÃ©mon
|rule|OHKO Clause: OHKO moves are banned
|rule|Moody Clause: Moody is banned
|rule|Evasion Moves Clause: Evasion moves are banned
|rule|Endless Battle Clause: Forcing endless battles is banned
|rule|HP Percentage Mod: HP is reported as percentages
|clearpoke
|poke|p1|Alakazam, M
|poke|p1|Swampert, F
|poke|p1|Sableye, F
|poke|p1|Roserade, M
|poke|p1|Froslass, F
|poke|p1|Hydreigon, F
|poke|p2|Victini
|poke|p2|Crobat, F
|poke|p2|Blastoise, M
|poke|p2|Flygon, M
|poke|p2|Haxorus, F
|poke|p2|Jirachi
|rule|Swagger Clause: Swagger is banned
|rule|Baton Pass Clause: Limit one PokÃ©mon knowing Baton Pass
|teampreview
|
|start
|switch|p1a: Sableye|Sableye, F|304\/304
|switch|p2a: Victini|Victini|341\/341
|turn|1
|join|Nas
|
|switch|p1a: Swampert|Swampert, F|404\/404
|move|p2a: Victini|V-create|p1a: Swampert
|-resisted|p1a: Swampert
|-damage|p1a: Swampert|254\/404
|-unboost|p2a: Victini|def|1
|-unboost|p2a: Victini|spd|1
|-unboost|p2a: Victini|spe|1
|
|-heal|p1a: Swampert|279\/404|[from] item: Leftovers
|turn|2
|
|move|p2a: Victini|V-create|p1a: Swampert
|-resisted|p1a: Swampert
|-damage|p1a: Swampert|114\/404
|-unboost|p2a: Victini|def|1
|-unboost|p2a: Victini|spd|1
|-unboost|p2a: Victini|spe|1
|move|p1a: Swampert|Stealth Rock|p2a: Victini
|-sidestart|p2: FlareBlitz|move: Stealth Rock
|
|-heal|p1a: Swampert|139\/404|[from] item: Leftovers
|turn|3
|
|switch|p1a: Froslass|Froslass, F|344\/344
|move|p2a: Victini|V-create|p1a: Froslass
|-supereffective|p1a: Froslass
|-enditem|p1a: Froslass|Focus Sash
|-damage|p1a: Froslass|1\/344
|-unboost|p2a: Victini|def|1
|-unboost|p2a: Victini|spd|1
|-unboost|p2a: Victini|spe|1
|
|turn|4
|
|switch|p2a: Crobat|Crobat, F|331\/331
|-damage|p2a: Crobat|249\/331|[from] Stealth Rock
|move|p1a: Froslass|Destiny Bond|p1a: Froslass
|-singlemove|p1a: Froslass|Destiny Bond
|
|turn|5
|
|move|p2a: Crobat|U-turn|p1a: Froslass
|-resisted|p1a: Froslass
|-damage|p1a: Froslass|0 fnt
|faint|p1a: Froslass
|-activate|p1a: Froslass|Destiny Bond
|faint|p2a: Crobat
|
|
|switch|p2a: Jirachi|Jirachi|401\/401
|-damage|p2a: Jirachi|376\/401|[from] Stealth Rock
|switch|p1a: Sableye|Sableye, F|304\/304
|turn|6
|
|move|p1a: Sableye|Taunt|p2a: Jirachi
|-start|p2a: Jirachi|move: Taunt
|cant|p2a: Jirachi|move: Taunt|Toxic
|
|-heal|p2a: Jirachi|401\/401|[from] item: Leftovers
|turn|7
|
|switch|p2a: Blastoise|Blastoise, M|353\/353
|-damage|p2a: Blastoise|309\/353|[from] Stealth Rock
|move|p1a: Sableye|Will-O-Wisp|p2a: Blastoise
|-status|p2a: Blastoise|brn
|
|-damage|p2a: Blastoise|265\/353 brn|[from] brn
|turn|8
|
|switch|p1a: Roserade|Roserade, M|324\/324
|detailschange|p2a: Blastoise|Blastoise-Mega, M
|message|Blastoise has Mega Evolved into Mega Blastoise!
|move|p2a: Blastoise|Scald|p1a: Roserade
|-resisted|p1a: Roserade
|-damage|p1a: Roserade|244\/324
|
|-heal|p1a: Roserade|264\/324|[from] item: Leftovers
|-damage|p2a: Blastoise|221\/353 brn|[from] brn
|turn|9
|
|move|p1a: Roserade|Toxic Spikes|p2a: Blastoise
|-sidestart|p2: FlareBlitz|move: Toxic Spikes
|move|p2a: Blastoise|Rapid Spin|p1a: Roserade
|-damage|p1a: Roserade|253\/324
|-sideend|p2: FlareBlitz|Toxic Spikes|[from] move: Rapid Spin|[of] p2a: Blastoise
|-sideend|p2: FlareBlitz|Stealth Rock|[from] move: Rapid Spin|[of] p2a: Blastoise
|
|-heal|p1a: Roserade|273\/324|[from] item: Leftovers
|-damage|p2a: Blastoise|177\/353 brn|[from] brn
|turn|10
|
|move|p1a: Roserade|Sleep Powder|p2a: Blastoise
|-fail|p2a: Blastoise
|move|p2a: Blastoise|Dark Pulse|p1a: Roserade
|-damage|p1a: Roserade|123\/324
|
|-heal|p1a: Roserade|143\/324|[from] item: Leftovers
|-damage|p2a: Blastoise|133\/353 brn|[from] brn
|turn|11
|
|switch|p2a: Haxorus|Haxorus, F|302\/302
|-ability|p2a: Haxorus|Mold Breaker
|move|p1a: Roserade|Toxic Spikes|p2a: Haxorus
|-sidestart|p2: FlareBlitz|move: Toxic Spikes
|
|-heal|p1a: Roserade|163\/324|[from] item: Leftovers
|turn|12
|
|move|p1a: Roserade|Sludge Bomb|p2a: Haxorus
|-crit|p2a: Haxorus
|-damage|p2a: Haxorus|32\/302
|move|p2a: Haxorus|Dragon Dance|p2a: Haxorus
|-boost|p2a: Haxorus|atk|1
|-boost|p2a: Haxorus|spe|1
|
|-heal|p1a: Roserade|183\/324|[from] item: Leftovers
|turn|13
|
|move|p2a: Haxorus|Dragon Claw|p1a: Roserade
|-damage|p1a: Roserade|0 fnt
|faint|p1a: Roserade
|
|
|switch|p1a: Hydreigon|Hydreigon, F|325\/325
|turn|14
|
|move|p1a: Hydreigon|Dark Pulse|p2a: Haxorus
|-damage|p2a: Haxorus|0 fnt
|faint|p2a: Haxorus
|
|join|BKC
|leave|BKC
|
|switch|p2a: Flygon|Flygon, M|301\/301
|turn|15
|
|switch|p1a: Swampert|Swampert, F|139\/404
|move|p2a: Flygon|Outrage|p1a: Swampert
|-damage|p1a: Swampert|3\/404
|
|-heal|p1a: Swampert|28\/404|[from] item: Leftovers
|turn|16
|
|move|p2a: Flygon|Outrage|p1a: Swampert
|-damage|p1a: Swampert|0 fnt
|faint|p1a: Swampert
|
|
|switch|p1a: Sableye|Sableye, F|304\/304
|turn|17
|
|move|p1a: Sableye|Will-O-Wisp|p2a: Flygon
|-status|p2a: Flygon|brn
|move|p2a: Flygon|Outrage|p1a: Sableye
|-damage|p1a: Sableye|187\/304
|
|-end|p2a: Flygon|rampage
|-start|p2a: Flygon|confusion
|-heal|p1a: Sableye|206\/304|[from] item: Leftovers
|-damage|p2a: Flygon|264\/301 brn|[from] brn
|turn|18
|
|switch|p2a: Blastoise|Blastoise-Mega, M|133\/353 brn
|switch|p1a: Hydreigon|Hydreigon, F|325\/325
|
|-damage|p2a: Blastoise|89\/353 brn|[from] brn
|turn|19
|
|switch|p2a: Flygon|Flygon, M|264\/301 brn
|move|p1a: Hydreigon|Dark Pulse|p2a: Flygon
|-damage|p2a: Flygon|83\/301 brn
|
|-damage|p2a: Flygon|46\/301 brn|[from] brn
|turn|20
|
|switch|p1a: Sableye|Sableye, F|206\/304
|move|p2a: Flygon|U-turn|p1a: Sableye
|-damage|p1a: Sableye|161\/304
|
|switch|p2a: Victini|Victini|341\/341
|-status|p2a: Victini|psn
|
|-heal|p1a: Sableye|180\/304|[from] item: Leftovers
|-damage|p2a: Victini|299\/341 psn|[from] psn
|turn|21
|
|switch|p1a: Alakazam|Alakazam, M|252\/252
|move|p2a: Victini|V-create|p1a: Alakazam
|-crit|p1a: Alakazam
|-enditem|p1a: Alakazam|Focus Sash
|-damage|p1a: Alakazam|1\/252
|-unboost|p2a: Victini|def|1
|-unboost|p2a: Victini|spd|1
|-unboost|p2a: Victini|spe|1
|
|-damage|p2a: Victini|257\/341 psn|[from] psn
|turn|22
|
|switch|p2a: Blastoise|Blastoise-Mega, M|89\/353 brn
|move|p1a: Alakazam|Shadow Ball|p2a: Blastoise
|-damage|p2a: Blastoise|5\/353 brn
|-unboost|p2a: Blastoise|spd|1
|
|-damage|p2a: Blastoise|0 fnt|[from] brn
|faint|p2a: Blastoise
|
|switch|p2a: Flygon|Flygon, M|46\/301 brn
|turn|23
|
|switch|p1a: Sableye|Sableye, F|180\/304
|move|p2a: Flygon|U-turn|p1a: Sableye
|-damage|p1a: Sableye|137\/304
|
|switch|p2a: Victini|Victini|257\/341 psn
|
|-heal|p1a: Sableye|156\/304|[from] item: Leftovers
|-damage|p2a: Victini|215\/341 psn|[from] psn
|turn|24
|join|Rob
|
|switch|p1a: Alakazam|Alakazam, M|1\/252
|move|p2a: Victini|V-create|p1a: Alakazam
|-damage|p1a: Alakazam|0 fnt
|-unboost|p2a: Victini|def|1
|-unboost|p2a: Victini|spd|1
|-unboost|p2a: Victini|spe|1
|faint|p1a: Alakazam
|
|-damage|p2a: Victini|173\/341 psn|[from] psn
|
|switch|p1a: Hydreigon|Hydreigon, F|325\/325
|turn|25
|
|move|p1a: Hydreigon|Dark Pulse|p2a: Victini
|-supereffective|p2a: Victini
|-damage|p2a: Victini|0 fnt
|faint|p2a: Victini
|
|
|switch|p2a: Flygon|Flygon, M|46\/301 brn
|turn|26
|leave|Rob
|
|switch|p1a: Sableye|Sableye, F|156\/304
|move|p2a: Flygon|U-turn|p1a: Sableye
|-damage|p1a: Sableye|115\/304
|
|switch|p2a: Jirachi|Jirachi|401\/401
|
|-heal|p1a: Sableye|134\/304|[from] item: Leftovers
|turn|27
|
|move|p1a: Sableye|Recover|p1a: Sableye
|-heal|p1a: Sableye|286\/304
|move|p2a: Jirachi|Fire Punch|p1a: Sableye
|-damage|p1a: Sableye|209\/304
|
|-heal|p1a: Sableye|228\/304|[from] item: Leftovers
|turn|28
|
|move|p1a: Sableye|Will-O-Wisp|p2a: Jirachi
|-status|p2a: Jirachi|brn
|move|p2a: Jirachi|Iron Head|p1a: Sableye
|-damage|p1a: Sableye|161\/304
|
|-heal|p1a: Sableye|180\/304|[from] item: Leftovers
|-damage|p2a: Jirachi|351\/401 brn|[from] brn
|turn|29
|
|move|p1a: Sableye|Taunt|p2a: Jirachi
|-start|p2a: Jirachi|move: Taunt
|move|p2a: Jirachi|Fire Punch|p1a: Sableye
|-damage|p1a: Sableye|142\/304
|
|-heal|p2a: Jirachi|376\/401 brn|[from] item: Leftovers
|-heal|p1a: Sableye|161\/304|[from] item: Leftovers
|-damage|p2a: Jirachi|326\/401 brn|[from] brn
|turn|30
|
|move|p1a: Sableye|Recover|p1a: Sableye
|-heal|p1a: Sableye|304\/304
|move|p2a: Jirachi|Fire Punch|p1a: Sableye
|-damage|p1a: Sableye|264\/304
|
|-heal|p2a: Jirachi|351\/401 brn|[from] item: Leftovers
|-heal|p1a: Sableye|283\/304|[from] item: Leftovers
|-damage|p2a: Jirachi|301\/401 brn|[from] brn
|turn|31
|
|switch|p1a: Hydreigon|Hydreigon, F|325\/325
|move|p2a: Jirachi|Fire Punch|p1a: Hydreigon
|-resisted|p1a: Hydreigon
|-damage|p1a: Hydreigon|308\/325
|
|-heal|p2a: Jirachi|326\/401 brn|[from] item: Leftovers
|-damage|p2a: Jirachi|276\/401 brn|[from] brn
|-end|p2a: Jirachi|move: Taunt
|turn|32
|
|move|p1a: Hydreigon|Dark Pulse|p2a: Jirachi
|-supereffective|p2a: Jirachi
|-damage|p2a: Jirachi|16\/401 brn
|move|p2a: Jirachi|Toxic|p1a: Hydreigon
|-status|p1a: Hydreigon|tox
|
|-heal|p2a: Jirachi|41\/401 brn|[from] item: Leftovers
|-damage|p1a: Hydreigon|288\/325 tox|[from] psn
|-damage|p2a: Jirachi|0 fnt|[from] brn
|faint|p2a: Jirachi
|
|switch|p2a: Flygon|Flygon, M|46\/301 brn
|turn|33
|
|move|p2a: Flygon|Outrage|p1a: Hydreigon
|-supereffective|p1a: Hydreigon
|-damage|p1a: Hydreigon|88\/325 tox
|move|p1a: Hydreigon|Dark Pulse|p2a: Flygon
|-damage|p2a: Flygon|0 fnt
|faint|p2a: Flygon
|
|win|bad ass
|chat|bad ass|gg
|chat|FlareBlitz|gg
|leave|FlareBlitz
|player|p2
|leave|Nas
|leave|bad ass
|player|p1
|join|Grand Couturier
|leave|Grand Couturier
|join|SwaglySwagless
|join|KEEPURHART3K
|leave|SwaglySwagless
|join|WEPWNEMON
|leave|WEPWNEMON
|leave|KEEPURHART3K
|join|Obvious Power