|join|This Many Fucks
|join|FlareBlitz
|player|p1|This Many Fucks|172
|player|p2|FlareBlitz|2
|gametype|singles
|gen|6
|tier|UU
|rated
|rule|Sleep Clause Mod: Limit one foe put to sleep
|rule|Species Clause: Limit one of each Pokemon
|rule|OHKO Clause: OHKO moves are banned
|rule|Moody Clause: Moody is banned
|rule|Evasion Moves Clause: Evasion moves are banned
|rule|Endless Battle Clause: Forcing endless battles is banned
|rule|HP Percentage Mod: HP is reported as percentages
|clearpoke
|poke|p1|Jirachi
|poke|p1|Staraptor, F
|poke|p1|Blissey, F
|poke|p1|Alomomola, F
|poke|p1|Starmie
|poke|p1|Forretress, M, shiny
|poke|p2|Doublade, F
|poke|p2|Blastoise, M
|poke|p2|Rhyperior, M
|poke|p2|Victini
|poke|p2|Heracross, F
|poke|p2|Druddigon, M
|rule|Baton Pass Clause: Limit 3 pokemon knowing Baton Pass
|teampreview
|chat|This Many Fucks|lol how many times are we gonna play each other
|chat|FlareBlitz|Empty ladder :(
|
|start
|switch|p1a: Walnut|Forretress, M, shiny|354\/354
|switch|p2a: Druddigon|Druddigon, M|349\/349
|turn|1
|
|move|p2a: Druddigon|Earthquake|p1a: Walnut
|-damage|p1a: Walnut|251\/354
|move|p1a: Walnut|Spikes|p2a: Druddigon
|-sidestart|p2: FlareBlitz|Spikes
|
|-heal|p1a: Walnut|273\/354|[from] item: Leftovers
|turn|2
|
|switch|p2a: Victini|Victini|341\/341
|-damage|p2a: Victini|299\/341|[from] Spikes
|move|p1a: Walnut|Toxic|p2a: Victini
|-status|p2a: Victini|tox
|
|-heal|p1a: Walnut|295\/354|[from] item: Leftovers
|-damage|p2a: Victini|278\/341 tox|[from] psn
|turn|3
|
|move|p2a: Victini|Trick|p1a: Walnut
|-activate|p2a: Victini|move: Trick|[of] p1a: Walnut
|-item|p1a: Walnut|Choice Band|[from] move: Trick
|-item|p2a: Victini|Leftovers|[from] move: Trick
|move|p1a: Walnut|Spikes|p2a: Victini
|-sidestart|p2: FlareBlitz|Spikes
|
|-heal|p2a: Victini|299\/341 tox|[from] item: Leftovers
|-damage|p2a: Victini|257\/341 tox|[from] psn
|turn|4
|
|move|p2a: Victini|V-create|p1a: Walnut
|-supereffective|p1a: Walnut
|-damage|p1a: Walnut|0 fnt
|-unboost|p2a: Victini|def|1
|-unboost|p2a: Victini|spd|1
|-unboost|p2a: Victini|spe|1
|faint|p1a: Walnut
|
|-heal|p2a: Victini|278\/341 tox|[from] item: Leftovers
|-damage|p2a: Victini|215\/341 tox|[from] psn
|
|switch|p1a: Starmie|Starmie|261\/261
|turn|5
|
|switch|p2a: Druddigon|Druddigon, M|349\/349
|-damage|p2a: Druddigon|291\/349|[from] Spikes
|move|p1a: Starmie|Hydro Pump|p2a: Druddigon|[miss]
|-miss|p1a: Starmie|p2a: Druddigon
|
|turn|6
|chat|This Many Fucks|:\/
|chat|FlareBlitz|:\
|
|move|p1a: Starmie|Psyshock|p2a: Druddigon
|-damage|p2a: Druddigon|134\/349
|-damage|p1a: Starmie|235\/261|[from] item: Life Orb
|move|p2a: Druddigon|Earthquake|p1a: Starmie
|-damage|p1a: Starmie|29\/261
|
|turn|7
|
|switch|p1a: Clit|Alomomola, F|515\/515
|move|p2a: Druddigon|Earthquake|p1a: Clit
|-damage|p1a: Clit|322\/515
|
|-heal|p1a: Clit|354\/515|[from] item: Leftovers
|turn|8
|
|switch|p1a: Bloodwing|Staraptor, F|311\/311
|switch|p2a: Blastoise|Blastoise, M|353\/353
|-damage|p2a: Blastoise|295\/353|[from] Spikes
|
|turn|9
|
|detailschange|p2a: Blastoise|Blastoise-Mega, M
|message|Blastoise has Mega Evolved into Mega Blastoise!
|move|p1a: Bloodwing|Brave Bird|p2a: Blastoise
|-damage|p2a: Blastoise|0 fnt
|-damage|p1a: Bloodwing|214\/311|[from] recoil|[of] p2a: Blastoise
|faint|p2a: Blastoise
|
|
|switch|p2a: Doublade|Doublade, F|322\/322
|-damage|p2a: Doublade|269\/322|[from] Spikes
|turn|10
|
|switch|p1a: Clit|Alomomola, F|515\/515
|move|p2a: Doublade|Swords Dance|p2a: Doublade
|-boost|p2a: Doublade|atk|2
|
|turn|11
|
|move|p1a: Clit|Scald|p2a: Doublade
|-crit|p2a: Doublade
|-damage|p2a: Doublade|193\/322
|move|p2a: Doublade|Sacred Sword|p1a: Clit
|-damage|p1a: Clit|295\/515
|
|-heal|p1a: Clit|327\/515|[from] item: Leftovers
|turn|12
|
|switch|p2a: Heracross|Heracross, F|329\/329
|-damage|p2a: Heracross|275\/329|[from] Spikes
|move|p1a: Clit|Scald|p2a: Heracross
|-damage|p2a: Heracross|224\/329
|
|-heal|p1a: Clit|359\/515|[from] item: Leftovers
|turn|13
|
|move|p1a: Clit|Protect|p1a: Clit
|-singleturn|p1a: Clit|Protect
|move|p2a: Heracross|Close Combat|p1a: Clit
|-activate|p1a: Clit|Protect
|
|-heal|p1a: Clit|391\/515|[from] item: Leftovers
|turn|14
|
|move|p2a: Heracross|Close Combat|p1a: Clit
|-damage|p1a: Clit|67\/515
|-unboost|p2a: Heracross|def|1
|-unboost|p2a: Heracross|spd|1
|move|p1a: Clit|Wish|p1a: Clit
|
|-heal|p1a: Clit|99\/515|[from] item: Leftovers
|turn|15
|
|move|p1a: Clit|Protect|p1a: Clit
|-singleturn|p1a: Clit|Protect
|move|p2a: Heracross|Close Combat|p1a: Clit
|-activate|p1a: Clit|Protect
|
|-heal|p1a: Clit|356\/515|[from] move: Wish|[wisher] Clit
|-heal|p1a: Clit|388\/515|[from] item: Leftovers
|turn|16
|
|move|p2a: Heracross|Close Combat|p1a: Clit
|-damage|p1a: Clit|64\/515
|-unboost|p2a: Heracross|def|1
|-unboost|p2a: Heracross|spd|1
|move|p1a: Clit|Wish|p1a: Clit
|
|-heal|p1a: Clit|96\/515|[from] item: Leftovers
|turn|17
|
|switch|p2a: Victini|Victini|215\/341 tox
|-damage|p2a: Victini|159\/341 tox|[from] Spikes
|move|p1a: Clit|Protect|p1a: Clit
|-fail|p1a: Clit
|
|-heal|p1a: Clit|353\/515|[from] move: Wish|[wisher] Clit
|-heal|p2a: Victini|180\/341 tox|[from] item: Leftovers
|-heal|p1a: Clit|385\/515|[from] item: Leftovers
|-damage|p2a: Victini|159\/341 tox|[from] psn
|turn|18
|
|move|p1a: Clit|Protect|p1a: Clit
|-singleturn|p1a: Clit|Protect
|move|p2a: Victini|Bolt Strike|p1a: Clit
|-activate|p1a: Clit|Protect
|
|-heal|p2a: Victini|180\/341 tox|[from] item: Leftovers
|-heal|p1a: Clit|417\/515|[from] item: Leftovers
|-damage|p2a: Victini|138\/341 tox|[from] psn
|turn|19
|
|move|p2a: Victini|Bolt Strike|p1a: Clit
|-supereffective|p1a: Clit
|-damage|p1a: Clit|173\/515
|move|p1a: Clit|Wish|p1a: Clit
|
|-heal|p2a: Victini|159\/341 tox|[from] item: Leftovers
|-heal|p1a: Clit|205\/515|[from] item: Leftovers
|-damage|p2a: Victini|96\/341 tox|[from] psn
|turn|20
|
|move|p1a: Clit|Protect|p1a: Clit
|-singleturn|p1a: Clit|Protect
|move|p2a: Victini|Bolt Strike|p1a: Clit
|-activate|p1a: Clit|Protect
|
|-heal|p1a: Clit|462\/515|[from] move: Wish|[wisher] Clit
|-heal|p2a: Victini|117\/341 tox|[from] item: Leftovers
|-heal|p1a: Clit|494\/515|[from] item: Leftovers
|-damage|p2a: Victini|33\/341 tox|[from] psn
|turn|21
|chat|This Many Fucks|not trying to be a dick. you have me in a corner lol
|chat|FlareBlitz|I got it. x
|chat|FlareBlitz|No worries
|
|move|p2a: Victini|Bolt Strike|p1a: Clit|[miss]
|-miss|p2a: Victini|p1a: Clit
|move|p1a: Clit|Wish|p1a: Clit
|
|-heal|p2a: Victini|54\/341 tox|[from] item: Leftovers
|-heal|p1a: Clit|515\/515|[from] item: Leftovers
|-damage|p2a: Victini|0 fnt|[from] psn
|faint|p2a: Victini
|
|switch|p2a: Heracross|Heracross, F|224\/329
|-damage|p2a: Heracross|170\/329|[from] Spikes
|turn|22
|
|move|p2a: Heracross|Knock Off|p1a: Clit
|-damage|p1a: Clit|328\/515
|-enditem|p1a: Clit|Leftovers|[from] move: Knock Off|[of] p2a: Heracross
|move|p1a: Clit|Scald|p2a: Heracross
|-damage|p2a: Heracross|122\/329
|-status|p2a: Heracross|brn
|
|-heal|p1a: Clit|515\/515|[from] move: Wish|[wisher] Clit
|-damage|p2a: Heracross|81\/329 brn|[from] brn
|turn|23
|
|switch|p2a: Druddigon|Druddigon, M|134\/349
|-damage|p2a: Druddigon|76\/349|[from] Spikes
|move|p1a: Clit|Scald|p2a: Druddigon
|-resisted|p2a: Druddigon
|-damage|p2a: Druddigon|49\/349
|
|turn|24
|
|move|p1a: Clit|Scald|p2a: Druddigon
|-resisted|p2a: Druddigon
|-damage|p2a: Druddigon|22\/349
|-status|p2a: Druddigon|brn
|move|p2a: Druddigon|Outrage|p1a: Clit
|-damage|p1a: Clit|349\/515
|
|-damage|p2a: Druddigon|0 fnt|[from] brn
|faint|p2a: Druddigon
|
|switch|p2a: Doublade|Doublade, F|193\/322
|-damage|p2a: Doublade|140\/322|[from] Spikes
|turn|25
|
|move|p1a: Clit|Scald|p2a: Doublade
|-damage|p2a: Doublade|89\/322
|-status|p2a: Doublade|brn
|move|p2a: Doublade|Swords Dance|p2a: Doublade
|-boost|p2a: Doublade|atk|2
|
|-damage|p2a: Doublade|49\/322 brn|[from] brn
|turn|26
|
|move|p2a: Doublade|Shadow Sneak|p1a: Clit
|-damage|p1a: Clit|280\/515
|move|p1a: Clit|Wish|p1a: Clit
|
|-damage|p2a: Doublade|9\/322 brn|[from] brn
|turn|27
|chat|FlareBlitz|gg.
|chat|This Many Fucks|gg again
|
|move|p1a: Clit|Scald|p2a: Doublade
|-damage|p2a: Doublade|0 fnt
|faint|p2a: Doublade
|
|-heal|p1a: Clit|515\/515|[from] move: Wish|[wisher] Clit
|-message|FlareBlitz forfeited.
|
|win|This Many Fucks
|raw|Ladder updating...
|leave|FlareBlitz
|player|p2
|raw|This Many Fucks's rating: 1510 &rarr; <strong>1536<\/strong><br \/>(+26 for winning)
|raw|FlareBlitz's rating: 1603 &rarr; <strong>1578<\/strong><br \/>(-25 for losing)