|join|FlareBlitz
|join|Kushalos
|player|p1|FlareBlitz|266
|player|p2|Kushalos|34
|gametype|singles
|gen|6
|tier|UU
|rated
|rule|Sleep Clause Mod: Limit one foe put to sleep
|rule|Species Clause: Limit one of each PokÃ©mon
|rule|OHKO Clause: OHKO moves are banned
|rule|Moody Clause: Moody is banned
|rule|Evasion Moves Clause: Evasion moves are banned
|rule|Endless Battle Clause: Forcing endless battles is banned
|rule|HP Percentage Mod: HP is reported as percentages
|clearpoke
|poke|p1|Haxorus, F
|poke|p1|Absol, F
|poke|p1|Toxicroak, M
|poke|p1|Chesnaught, M
|poke|p1|Hydreigon, M
|poke|p1|Jirachi
|poke|p2|Haxorus, M
|poke|p2|Hydreigon, F
|poke|p2|Florges, F
|poke|p2|Aggron, F
|poke|p2|Mew
|poke|p2|Suicune
|rule|Swagger Clause: Swagger is banned
|rule|Baton Pass Clause: Limit one PokÃ©mon knowing Baton Pass
|teampreview
|chat|Kushalos|u better be using the croak
|
|start
|switch|p1a: Hydreigon|Hydreigon, M|325\/325
|switch|p2a: Aggron|Aggron, F|344\/344
|turn|1
|
|detailschange|p2a: Aggron|Aggron-Mega, F
|message|Aggron has Mega Evolved into Mega Aggron!
|move|p1a: Hydreigon|U-turn|p2a: Aggron
|-resisted|p2a: Aggron
|-damage|p2a: Aggron|320\/344
|
|switch|p1a: Chesnaught|Chesnaught, M|380\/380
|move|p2a: Aggron|Heavy Slam|p1a: Chesnaught
|-damage|p1a: Chesnaught|287\/380
|
|-heal|p1a: Chesnaught|310\/380|[from] item: Leftovers
|turn|2
|
|switch|p2a: Mew|Mew|404\/404
|move|p1a: Chesnaught|Leech Seed|p2a: Mew
|-start|p2a: Mew|move: Leech Seed
|
|-heal|p1a: Chesnaught|333\/380|[from] item: Leftovers
|-damage|p2a: Mew|354\/404|[from] Leech Seed|[of] p1a: Chesnaught
|-heal|p1a: Chesnaught|380\/380|[silent]
|turn|3
|
|move|p2a: Mew|Will-O-Wisp|p1a: Chesnaught
|-status|p1a: Chesnaught|brn
|move|p1a: Chesnaught|Spikes|p2a: Mew
|-sidestart|p2: Kushalos|Spikes
|
|-heal|p2a: Mew|379\/404|[from] item: Leftovers
|-damage|p2a: Mew|329\/404|[from] Leech Seed|[of] p1a: Chesnaught
|-damage|p1a: Chesnaught|333\/380 brn|[from] brn
|turn|4
|
|switch|p1a: Absol|Absol, F|271\/271
|move|p2a: Mew|Will-O-Wisp|p1a: Absol
|-status|p1a: Absol|brn
|
|-heal|p2a: Mew|354\/404|[from] item: Leftovers
|-damage|p2a: Mew|304\/404|[from] Leech Seed|[of] p1a: Absol
|-damage|p1a: Absol|238\/271 brn|[from] brn
|turn|5
|
|switch|p2a: Aggron|Aggron-Mega, F|320\/344
|-damage|p2a: Aggron|277\/344|[from] Spikes
|detailschange|p1a: Absol|Absol-Mega, F
|message|Absol has Mega Evolved into Mega Absol!
|move|p1a: Absol|Swords Dance|p1a: Absol
|-boost|p1a: Absol|atk|2
|
|-damage|p1a: Absol|205\/271 brn|[from] brn
|turn|6
|
|move|p1a: Absol|Superpower|p2a: Aggron
|-supereffective|p2a: Aggron
|-damage|p2a: Aggron|148\/344
|-unboost|p1a: Absol|atk|1
|-unboost|p1a: Absol|def|1
|move|p2a: Aggron|Heavy Slam|p1a: Absol
|-damage|p1a: Absol|0 fnt
|faint|p1a: Absol
|
|
|switch|p1a: Toxicroak|Toxicroak, M|307\/307
|turn|7
|
|move|p1a: Toxicroak|Swords Dance|p1a: Toxicroak
|-boost|p1a: Toxicroak|atk|2
|move|p2a: Aggron|Heavy Slam|p1a: Toxicroak
|-damage|p1a: Toxicroak|51\/307
|
|turn|8
|chat|Kushalos|rude af
|
|move|p1a: Toxicroak|Drain Punch|p2a: Aggron
|-supereffective|p2a: Aggron
|-damage|p2a: Aggron|0 fnt
|-heal|p1a: Toxicroak|125\/307|[from] drain|[of] p2a: Aggron
|-damage|p1a: Toxicroak|95\/307|[from] item: Life Orb
|faint|p2a: Aggron
|
|
|switch|p2a: Hydreigon|Hydreigon, F|325\/325
|turn|9
|
|move|p1a: Toxicroak|Sucker Punch|p2a: Hydreigon
|-resisted|p2a: Hydreigon
|-damage|p2a: Hydreigon|191\/325
|-damage|p1a: Toxicroak|65\/307|[from] item: Life Orb
|move|p2a: Hydreigon|Draco Meteor|p1a: Toxicroak|[miss]
|-miss|p2a: Hydreigon|p1a: Toxicroak
|
|turn|10
|chat|Kushalos|LOLL
|
|move|p1a: Toxicroak|Sucker Punch|p2a: Hydreigon
|-resisted|p2a: Hydreigon
|-damage|p2a: Hydreigon|68\/325
|-damage|p1a: Toxicroak|35\/307|[from] item: Life Orb
|move|p2a: Hydreigon|Draco Meteor|p1a: Toxicroak
|-damage|p1a: Toxicroak|0 fnt
|-unboost|p2a: Hydreigon|spa|2
|faint|p1a: Toxicroak
|
|chat|FlareBlitz|._.
|
|switch|p1a: Jirachi|Jirachi|401\/401
|turn|11
|
|switch|p2a: Mew|Mew|304\/404
|-damage|p2a: Mew|254\/404|[from] Spikes
|move|p1a: Jirachi|Toxic|p2a: Mew
|-status|p2a: Mew|tox
|
|-heal|p2a: Mew|279\/404 tox|[from] item: Leftovers
|-damage|p2a: Mew|254\/404 tox|[from] psn
|turn|12
|
|move|p1a: Jirachi|Iron Head|p2a: Mew
|-crit|p2a: Mew
|-damage|p2a: Mew|109\/404 tox
|move|p2a: Mew|Knock Off|p1a: Jirachi
|-supereffective|p1a: Jirachi
|-damage|p1a: Jirachi|255\/401
|-enditem|p1a: Jirachi|Leftovers|[from] move: Knock Off|[of] p2a: Mew
|
|-heal|p2a: Mew|134\/404 tox|[from] item: Leftovers
|-damage|p2a: Mew|84\/404 tox|[from] psn
|turn|13
|
|move|p1a: Jirachi|Iron Head|p2a: Mew
|-damage|p2a: Mew|0 fnt
|faint|p2a: Mew
|
|
|switch|p2a: TROP|Haxorus, M|293\/293
|-damage|p2a: TROP|257\/293|[from] Spikes
|-ability|p2a: TROP|Mold Breaker
|turn|14
|
|move|p1a: Jirachi|Iron Head|p2a: TROP
|-damage|p2a: TROP|149\/293
|move|p2a: TROP|Dragon Dance|p2a: TROP
|-boost|p2a: TROP|atk|1
|-boost|p2a: TROP|spe|1
|
|turn|15
|
|switch|p1a: Chesnaught|Chesnaught, M|333\/380 brn
|move|p2a: TROP|Earthquake|p1a: Chesnaught
|-resisted|p1a: Chesnaught
|-damage|p1a: Chesnaught|266\/380 brn
|
|-heal|p1a: Chesnaught|289\/380 brn|[from] item: Leftovers
|-damage|p1a: Chesnaught|242\/380 brn|[from] brn
|turn|16
|join|dodmen
|
|move|p2a: TROP|Outrage|p1a: Chesnaught
|-damage|p1a: Chesnaught|0 fnt
|faint|p1a: Chesnaught
|
|
|switch|p1a: Jirachi|Jirachi|255\/401
|turn|17
|chat|FlareBlitz|<.<
|chat|FlareBlitz|This should be fun. Lum shennanigans.
|
|move|p2a: TROP|Outrage|p1a: Jirachi
|-resisted|p1a: Jirachi
|-damage|p1a: Jirachi|66\/401
|move|p1a: Jirachi|Toxic|p2a: TROP
|-status|p2a: TROP|tox
|-enditem|p2a: TROP|Lum Berry|[eat]
|-curestatus|p2a: TROP|tox
|
|-end|p2a: TROP|rampage
|-start|p2a: TROP|confusion
|turn|18
|join|Nas
|chat|FlareBlitz|>.>
|
|-activate|p2a: TROP|confusion
|-damage|p2a: TROP|47\/293|[from] confusion
|move|p1a: Jirachi|Iron Head|p2a: TROP
|-damage|p2a: TROP|0 fnt
|faint|p2a: TROP
|
|chat|FlareBlitz|I'm sneaky. Sorry.
|chat|Kushalos|damnit trop
|
|switch|p2a: Suicune|Suicune|404\/404
|-damage|p2a: Suicune|354\/404|[from] Spikes
|-ability|p2a: Suicune|Pressure
|turn|19
|
|move|p1a: Jirachi|Toxic|p2a: Suicune
|-status|p2a: Suicune|tox
|move|p2a: Suicune|Calm Mind|p2a: Suicune
|-boost|p2a: Suicune|spa|1
|-boost|p2a: Suicune|spd|1
|
|-heal|p2a: Suicune|379\/404 tox|[from] item: Leftovers
|-damage|p2a: Suicune|354\/404 tox|[from] psn
|turn|20
|
|move|p1a: Jirachi|Stealth Rock|p2a: Suicune
|-sidestart|p2: Kushalos|move: Stealth Rock
|move|p2a: Suicune|Scald|p1a: Jirachi
|-damage|p1a: Jirachi|0 fnt
|faint|p1a: Jirachi
|
|-heal|p2a: Suicune|379\/404 tox|[from] item: Leftovers
|-damage|p2a: Suicune|329\/404 tox|[from] psn
|chat|Kushalos|this is an outrage
|
|switch|p1a: Hydreigon|Hydreigon, M|325\/325
|turn|21
|
|move|p1a: Hydreigon|Outrage|p2a: Suicune
|-damage|p2a: Suicune|161\/404 tox
|move|p2a: Suicune|Scald|p1a: Hydreigon
|-resisted|p1a: Hydreigon
|-damage|p1a: Hydreigon|249\/325
|
|-heal|p2a: Suicune|186\/404 tox|[from] item: Leftovers
|-damage|p2a: Suicune|111\/404 tox|[from] psn
|turn|22
|chat|Kushalos|wtf
|
|move|p1a: Hydreigon|Outrage|p2a: Suicune
|-damage|p2a: Suicune|0 fnt
|faint|p2a: Suicune
|
|-end|p1a: Hydreigon|rampage
|-start|p1a: Hydreigon|confusion
|chat|FlareBlitz|>.>
|chat|Kushalos|gg
|chat|Kushalos|?
|
|switch|p2a: Florges|Florges, F|359\/359
|-damage|p2a: Florges|315\/359|[from] Stealth Rock
|-damage|p2a: Florges|271\/359|[from] Spikes
|turn|23
|chat|FlareBlitz|y
|
|switch|p1a: Haxorus|Haxorus, F|317\/317
|-ability|p1a: Haxorus|Mold Breaker
|move|p2a: Florges|Moonblast|p1a: Haxorus
|-supereffective|p1a: Haxorus
|-damage|p1a: Haxorus|15\/317
|-unboost|p1a: Haxorus|spa|1
|
|-heal|p2a: Florges|293\/359|[from] item: Leftovers
|turn|24
|
|move|p1a: Haxorus|Poison Jab|p2a: Florges
|-supereffective|p2a: Florges
|-damage|p2a: Florges|4\/359
|-status|p2a: Florges|psn
|-damage|p1a: Haxorus|0 fnt|[from] item: Life Orb
|faint|p1a: Haxorus
|move|p2a: Florges|Wish|p2a: Florges
|
|-heal|p2a: Florges|26\/359 psn|[from] item: Leftovers
|-damage|p2a: Florges|0 fnt|[from] psn
|faint|p2a: Florges
|chat|FlareBlitz|...
|chat|FlareBlitz|lol?
|
|switch|p2a: Hydreigon|Hydreigon, F|68\/325
|-damage|p2a: Hydreigon|28\/325|[from] Stealth Rock
|switch|p1a: Hydreigon|Hydreigon, M|249\/325
|turn|25
|chat|FlareBlitz|You'r scarf tho
|chat|FlareBlitz|So it's still game
|chat|FlareBlitz|gg
|chat|Kushalos|unless
|
|move|p2a: Hydreigon|Draco Meteor|p1a: Hydreigon|[miss]
|-miss|p2a: Hydreigon|p1a: Hydreigon
|move|p1a: Hydreigon|U-turn|p2a: Hydreigon
|-crit|p2a: Hydreigon
|-supereffective|p2a: Hydreigon
|-damage|p2a: Hydreigon|0 fnt
|faint|p2a: Hydreigon
|
|win|FlareBlitz
|raw|Ladder updating...
|raw|FlareBlitz's rating: 1676 &rarr; <strong>1691<\/strong><br \/>(+15 for winning)
|raw|Kushalos's rating: 1587 &rarr; <strong>1572<\/strong><br \/>(-15 for losing)
|chat|Kushalos|that
|chat|FlareBlitz|.......
|chat|FlareBlitz|So sorry.
|chat|Kushalos|np lol
|chat|Kushalos|still not as bad
|chat|Kushalos|as me vs bad ass
|chat|Kushalos|n_n
|chat|Kushalos|gg!
|leave|Kushalos
|player|p2