|join|FlareBlitz
|join|xfinity is gabbage
|player|p1|FlareBlitz|169
|player|p2|xfinity is gabbage|163
|gametype|singles
|gen|6
|tier|UU
|rated
|rule|Sleep Clause Mod: Limit one foe put to sleep
|rule|Species Clause: Limit one of each PokÃ©mon
|rule|OHKO Clause: OHKO moves are banned
|rule|Moody Clause: Moody is banned
|rule|Evasion Moves Clause: Evasion moves are banned
|rule|Endless Battle Clause: Forcing endless battles is banned
|rule|HP Percentage Mod: HP is reported as percentages
|clearpoke
|poke|p1|Sharpedo, F
|poke|p1|Crobat, M
|poke|p1|Jirachi
|poke|p1|Slowbro, F
|poke|p1|Aerodactyl, F
|poke|p1|Escavalier, M
|poke|p2|Suicune
|poke|p2|Mienshao, F
|poke|p2|Hippowdon, F
|poke|p2|Raikou
|poke|p2|Victini
|poke|p2|Mew
|rule|Swagger Clause: Swagger is banned
|rule|Baton Pass Clause: Limit one PokÃ©mon knowing Baton Pass
|teampreview
|chat|xfinity is gabbage|gl hf
|
|start
|switch|p1a: Aerodactyl|Aerodactyl, F|301\/301
|switch|p2a: Raikou|Raikou|321\/321
|-ability|p2a: Raikou|Pressure
|turn|1
|chat|FlareBlitz|Thanks you too
|
|switch|p1a: Jirachi|Jirachi|401\/401
|move|p2a: Raikou|Volt Switch|p1a: Jirachi
|-damage|p1a: Jirachi|290\/401
|
|switch|p2a: Victini|Victini|341\/341
|
|-heal|p1a: Jirachi|315\/401|[from] item: Leftovers
|turn|2
|
|move|p2a: Victini|U-turn|p1a: Jirachi
|-damage|p1a: Jirachi|249\/401
|-damage|p2a: Victini|307\/341|[from] item: Life Orb
|
|switch|p2a: Mew|Mew|403\/403
|move|p1a: Jirachi|Stealth Rock|p2a: Mew
|-sidestart|p2: xfinity is gabbage|move: Stealth Rock
|
|-heal|p1a: Jirachi|274\/401|[from] item: Leftovers
|turn|3
|
|move|p1a: Jirachi|Toxic|p2a: Mew
|-status|p2a: Mew|tox
|move|p2a: Mew|Defog|p1a: Jirachi
|-unboost|p1a: Jirachi|evasion|1
|-sideend|p2: xfinity is gabbage|Stealth Rock|[from] move: Defog|[of] p2a: Mew
|
|-heal|p1a: Jirachi|299\/401|[from] item: Leftovers
|-damage|p2a: Mew|378\/403 tox|[from] psn
|turn|4
|
|move|p1a: Jirachi|Stealth Rock|p2a: Mew
|-sidestart|p2: xfinity is gabbage|move: Stealth Rock
|move|p2a: Mew|Will-O-Wisp|p1a: Jirachi
|-status|p1a: Jirachi|brn
|
|-heal|p1a: Jirachi|324\/401 brn|[from] item: Leftovers
|-heal|p2a: Mew|403\/403 tox|[from] item: Leftovers
|-damage|p1a: Jirachi|274\/401 brn|[from] brn
|-damage|p2a: Mew|353\/403 tox|[from] psn
|turn|5
|
|switch|p2a: Hippowdon|Hippowdon, F|420\/420
|-damage|p2a: Hippowdon|394\/420|[from] Stealth Rock
|-weather|Sandstorm
|move|p1a: Jirachi|Iron Head|p2a: Hippowdon
|-crit|p2a: Hippowdon
|-damage|p2a: Hippowdon|337\/420
|
|-weather|Sandstorm|[upkeep]
|-heal|p1a: Jirachi|299\/401 brn|[from] item: Leftovers
|-heal|p2a: Hippowdon|363\/420|[from] item: Leftovers
|-damage|p1a: Jirachi|249\/401 brn|[from] brn
|turn|6
|
|move|p1a: Jirachi|Toxic|p2a: Hippowdon
|-status|p2a: Hippowdon|tox
|move|p2a: Hippowdon|Earthquake|p1a: Jirachi
|-supereffective|p1a: Jirachi
|-damage|p1a: Jirachi|13\/401 brn
|
|-weather|Sandstorm|[upkeep]
|-heal|p1a: Jirachi|38\/401 brn|[from] item: Leftovers
|-heal|p2a: Hippowdon|389\/420 tox|[from] item: Leftovers
|-damage|p1a: Jirachi|0 fnt|[from] brn
|-damage|p2a: Hippowdon|363\/420 tox|[from] psn
|faint|p1a: Jirachi
|
|switch|p1a: Aerodactyl|Aerodactyl, F|301\/301
|turn|7
|
|detailschange|p1a: Aerodactyl|Aerodactyl-Mega, F
|message|Aerodactyl has Mega Evolved into Mega Aerodactyl!
|move|p1a: Aerodactyl|Taunt|p2a: Hippowdon
|-start|p2a: Hippowdon|move: Taunt
|cant|p2a: Hippowdon|move: Taunt|Whirlwind
|
|-weather|Sandstorm|[upkeep]
|-heal|p2a: Hippowdon|389\/420 tox|[from] item: Leftovers
|-damage|p2a: Hippowdon|337\/420 tox|[from] psn
|turn|8
|
|switch|p2a: Suicune|Suicune|403\/403
|-damage|p2a: Suicune|353\/403|[from] Stealth Rock
|-ability|p2a: Suicune|Pressure
|move|p1a: Aerodactyl|Aqua Tail|p2a: Suicune
|-resisted|p2a: Suicune
|-damage|p2a: Suicune|301\/403
|
|-weather|Sandstorm|[upkeep]
|-damage|p2a: Suicune|276\/403|[from] sandstorm
|-heal|p2a: Suicune|301\/403|[from] item: Leftovers
|turn|9
|
|switch|p1a: Slowbro|Slowbro, F|394\/394
|move|p2a: Suicune|Scald|p1a: Slowbro
|-resisted|p1a: Slowbro
|-damage|p1a: Slowbro|343\/394
|
|-weather|none
|-heal|p2a: Suicune|326\/403|[from] item: Leftovers
|turn|10
|
|switch|p2a: Mew|Mew|353\/403 tox
|-damage|p2a: Mew|303\/403 tox|[from] Stealth Rock
|move|p1a: Slowbro|Trick Room|p1a: Slowbro
|-fieldstart|move: Trick Room|[of] p1a: Slowbro
|
|-heal|p2a: Mew|328\/403 tox|[from] item: Leftovers
|-damage|p2a: Mew|303\/403 tox|[from] psn
|turn|11
|
|move|p1a: Slowbro|Surf|p2a: Mew
|-damage|p2a: Mew|167\/403 tox
|-damage|p1a: Slowbro|304\/394|[from] item: Life Orb
|move|p2a: Mew|Defog|p1a: Slowbro
|-unboost|p1a: Slowbro|evasion|1
|-sideend|p2: xfinity is gabbage|Stealth Rock|[from] move: Defog|[of] p2a: Mew
|
|-heal|p2a: Mew|192\/403 tox|[from] item: Leftovers
|-damage|p2a: Mew|142\/403 tox|[from] psn
|turn|12
|
|move|p1a: Slowbro|Surf|p2a: Mew
|-damage|p2a: Mew|4\/403 tox
|-damage|p1a: Slowbro|265\/394|[from] item: Life Orb
|move|p2a: Mew|Will-O-Wisp|p1a: Slowbro
|-status|p1a: Slowbro|brn
|
|-heal|p2a: Mew|29\/403 tox|[from] item: Leftovers
|-damage|p1a: Slowbro|216\/394 brn|[from] brn
|-damage|p2a: Mew|0 fnt|[from] psn
|faint|p2a: Mew
|
|switch|p2a: Raikou|Raikou|321\/321
|-ability|p2a: Raikou|Pressure
|turn|13
|
|move|p1a: Slowbro|Psyshock|p2a: Raikou
|-damage|p2a: Raikou|101\/321
|-damage|p1a: Slowbro|177\/394 brn|[from] item: Life Orb
|move|p2a: Raikou|Volt Switch|p1a: Slowbro
|-supereffective|p1a: Slowbro
|-damage|p1a: Slowbro|0 fnt
|faint|p1a: Slowbro
|
|switch|p2a: Suicune|Suicune|326\/403
|-ability|p2a: Suicune|Pressure
|
|-heal|p2a: Suicune|351\/403|[from] item: Leftovers
|join|Nas
|
|switch|p1a: Escavalier|Escavalier, M|344\/344
|turn|14
|
|switch|p2a: Hippowdon|Hippowdon, F|337\/420 tox
|-weather|Sandstorm
|move|p1a: Escavalier|Megahorn|p2a: Hippowdon
|-damage|p2a: Hippowdon|43\/420 tox
|
|-weather|Sandstorm|[upkeep]
|-heal|p2a: Hippowdon|69\/420 tox|[from] item: Leftovers
|-damage|p2a: Hippowdon|43\/420 tox|[from] psn
|-fieldend|move: Trick Room
|turn|15
|
|move|p2a: Hippowdon|Stealth Rock|p1a: Escavalier
|-sidestart|p1: FlareBlitz|move: Stealth Rock
|move|p1a: Escavalier|Megahorn|p2a: Hippowdon
|-damage|p2a: Hippowdon|0 fnt
|faint|p2a: Hippowdon
|
|-weather|Sandstorm|[upkeep]
|
|switch|p2a: Victini|Victini|307\/341
|turn|16
|
|switch|p1a: Aerodactyl|Aerodactyl-Mega, F|301\/301
|-damage|p1a: Aerodactyl|226\/301|[from] Stealth Rock
|move|p2a: Victini|V-create|p1a: Aerodactyl
|-crit|p1a: Aerodactyl
|-resisted|p1a: Aerodactyl
|-damage|p1a: Aerodactyl|0 fnt
|-unboost|p2a: Victini|def|1
|-unboost|p2a: Victini|spd|1
|-unboost|p2a: Victini|spe|1
|-damage|p2a: Victini|273\/341|[from] item: Life Orb
|faint|p1a: Aerodactyl
|
|-weather|Sandstorm|[upkeep]
|-damage|p2a: Victini|252\/341|[from] sandstorm
|chat|xfinity is gabbage|o my
|
|switch|p1a: Sharpedo|Sharpedo, F|281\/281
|-damage|p1a: Sharpedo|246\/281|[from] Stealth Rock
|turn|17
|chat|xfinity is gabbage|sorry
|chat|FlareBlitz|Happens :)
|
|switch|p2a: Raikou|Raikou|101\/321
|-ability|p2a: Raikou|Pressure
|move|p1a: Sharpedo|Crunch|p2a: Raikou
|-damage|p2a: Raikou|0 fnt
|-damage|p1a: Sharpedo|218\/281|[from] item: Life Orb
|faint|p2a: Raikou
|
|-weather|Sandstorm|[upkeep]
|-damage|p1a: Sharpedo|201\/281|[from] sandstorm
|-boost|p1a: Sharpedo|spe|1|[from] ability: Speed Boost
|
|switch|p2a: Suicune|Suicune|351\/403
|-ability|p2a: Suicune|Pressure
|turn|18
|
|switch|p1a: Escavalier|Escavalier, M|344\/344
|-damage|p1a: Escavalier|301\/344|[from] Stealth Rock
|move|p2a: Suicune|Scald|p1a: Escavalier
|-crit|p1a: Escavalier
|-damage|p1a: Escavalier|183\/344
|-status|p1a: Escavalier|brn
|
|-weather|none
|-heal|p2a: Suicune|376\/403|[from] item: Leftovers
|-damage|p1a: Escavalier|140\/344 brn|[from] brn
|turn|19
|chat|xfinity is gabbage|I know you're high up on the ladder, I can quit if you want
|chat|FlareBlitz|Nah it's all good
|chat|FlareBlitz|Just testing at the moment.
|chat|xfinity is gabbage|hmmm 
|chat|xfinity is gabbage|well
|chat|xfinity is gabbage|tbh
|chat|xfinity is gabbage|I saw how you said hydre was broken on forums
|chat|xfinity is gabbage|and limitless called you out
|chat|xfinity is gabbage|guess he didn't know you are a uu legend
|chat|xfinity is gabbage|top keke
|chat|xfinity is gabbage|well you won this one anyways man
|chat|xfinity is gabbage|gg
|-message|xfinity is gabbage forfeited.
|
|win|FlareBlitz
|raw|Ladder updating...
|raw|FlareBlitz's rating: 1553 &rarr; <strong>1565<\/strong><br \/>(+12 for winning)
|raw|xfinity is gabbage's rating: 1416 &rarr; <strong>1404<\/strong><br \/>(-12 for losing)
|chat|FlareBlitz|gg
|leave|FlareBlitz
|player|p1