|join|FlareBlitz
|join|DJGrandPa
|player|p1|FlareBlitz|169
|player|p2|DJGrandPa|242
|gametype|singles
|gen|6
|tier|UU
|rated
|rule|Sleep Clause Mod: Limit one foe put to sleep
|rule|Species Clause: Limit one of each PokÃ©mon
|rule|OHKO Clause: OHKO moves are banned
|rule|Moody Clause: Moody is banned
|rule|Evasion Moves Clause: Evasion moves are banned
|rule|Endless Battle Clause: Forcing endless battles is banned
|rule|HP Percentage Mod: HP is reported as percentages
|clearpoke
|poke|p1|Barbaracle, F
|poke|p1|Chesnaught, F
|poke|p1|Aromatisse, F
|poke|p1|Aerodactyl, F
|poke|p1|Victini
|poke|p1|Noivern, M
|poke|p2|Nidoqueen, F
|poke|p2|Blastoise, M
|poke|p2|Arcanine, F
|poke|p2|Porygon2
|poke|p2|Galvantula, M
|poke|p2|Honchkrow, F
|rule|Swagger Clause: Swagger is banned
|rule|Baton Pass Clause: Limit three PokÃ©mon knowing Baton Pass
|teampreview
|
|start
|switch|p1a: Victini|Victini|341\/341
|switch|p2a: Duck Hunt|Porygon2|374\/374
|-ability|p2a: Duck Hunt|Victory Star|[from] ability: Trace|[of] p1a: Victini
|turn|1
|
|switch|p2a: Patterrz|Arcanine, F|383\/383
|-ability|p2a: Patterrz|Intimidate|[of] p1a: Victini
|-unboost|p1a: Victini|atk|1
|move|p1a: Victini|V-create|p2a: Patterrz
|-resisted|p2a: Patterrz
|-damage|p2a: Patterrz|269\/383
|-damage|p1a: Victini|285\/341|[from] item: Rocky Helmet|[of] p2a: Patterrz
|-unboost|p1a: Victini|def|1
|-unboost|p1a: Victini|spd|1
|-unboost|p1a: Victini|spe|1
|
|turn|2
|join|Nas
|
|switch|p1a: Noivern|Noivern, M|311\/311
|move|p2a: Patterrz|Flare Blitz|p1a: Noivern
|-resisted|p1a: Noivern
|-damage|p1a: Noivern|207\/311
|-damage|p2a: Patterrz|235\/383|[from] recoil|[of] p1a: Noivern
|
|turn|3
|
|switch|p2a: Duck Hunt|Porygon2|374\/374
|-ability|p2a: Duck Hunt|Infiltrator|[from] ability: Trace|[of] p1a: Noivern
|move|p1a: Noivern|Switcheroo|p2a: Duck Hunt
|-activate|p1a: Noivern|move: Trick|[of] p2a: Duck Hunt
|-item|p2a: Duck Hunt|Choice Specs|[from] Trick
|-item|p1a: Noivern|Eviolite|[from] Trick
|
|turn|4
|
|move|p1a: Noivern|U-turn|p2a: Duck Hunt
|-damage|p2a: Duck Hunt|330\/374
|
|switch|p1a: Victini|Victini|285\/341
|move|p2a: Duck Hunt|Ice Beam|p1a: Victini
|-resisted|p1a: Victini
|-damage|p1a: Victini|207\/341
|
|turn|5
|
|switch|p1a: Barbaracle|Barbaracle, F|286\/286
|switch|p2a: Patterrz|Arcanine, F|235\/383
|-ability|p2a: Patterrz|Intimidate|[of] p1a: Barbaracle
|-unboost|p1a: Barbaracle|atk|1
|-enditem|p1a: Barbaracle|White Herb
|-restoreboost|p1a: Barbaracle|[silent]
|
|turn|6
|
|switch|p2a: Itsy|Galvantula, M|281\/281
|move|p1a: Barbaracle|Stone Edge|p2a: Itsy|[miss]
|-miss|p1a: Barbaracle|p2a: Itsy
|
|turn|7
|chat|Nas|its a 
|chat|Nas|bw uu team
|
|switch|p1a: Chesnaught|Chesnaught, F|380\/380
|move|p2a: Itsy|Giga Drain|p1a: Chesnaught
|-resisted|p1a: Chesnaught
|-damage|p1a: Chesnaught|316\/380
|-damage|p2a: Itsy|253\/281|[from] item: Life Orb
|
|-heal|p1a: Chesnaught|339\/380|[from] item: Leftovers
|turn|8
|
|move|p2a: Itsy|Volt Switch|p1a: Chesnaught
|-resisted|p1a: Chesnaught
|-damage|p1a: Chesnaught|262\/380
|-damage|p2a: Itsy|225\/281|[from] item: Life Orb
|chat|DJGrandPa|Well, Blastoise is mega, so not really I guess
|
|switch|p2a: Patterrz|Arcanine, F|235\/383
|-ability|p2a: Patterrz|Intimidate|[of] p1a: Chesnaught
|-unboost|p1a: Chesnaught|atk|1
|move|p1a: Chesnaught|Leech Seed|p2a: Patterrz
|-start|p2a: Patterrz|move: Leech Seed
|
|-heal|p1a: Chesnaught|285\/380|[from] item: Leftovers
|-damage|p2a: Patterrz|188\/383|[from] Leech Seed|[of] p1a: Chesnaught
|-heal|p1a: Chesnaught|332\/380|[silent]
|turn|9
|
|move|p2a: Patterrz|Morning Sun|p2a: Patterrz
|-heal|p2a: Patterrz|379\/383
|move|p1a: Chesnaught|Spikes|p2a: Patterrz
|-sidestart|p2: DJGrandPa|Spikes
|
|-heal|p1a: Chesnaught|355\/380|[from] item: Leftovers
|-damage|p2a: Patterrz|332\/383|[from] Leech Seed|[of] p1a: Chesnaught
|-heal|p1a: Chesnaught|380\/380|[silent]
|turn|10
|
|switch|p2a: Bossa Nova|Honchkrow, F|342\/342
|move|p1a: Chesnaught|Spiky Shield|p1a: Chesnaught
|-fail|p1a: Chesnaught
|
|turn|11
|
|switch|p1a: Aerodactyl|Aerodactyl, F|364\/364
|-ability|p1a: Aerodactyl|Unnerve|p2: DJGrandPa
|move|p2a: Bossa Nova|Brave Bird|p1a: Aerodactyl
|-resisted|p1a: Aerodactyl
|-damage|p1a: Aerodactyl|157\/364
|-damage|p2a: Bossa Nova|274\/342|[from] recoil|[of] p1a: Aerodactyl
|-damage|p2a: Bossa Nova|240\/342|[from] item: Life Orb
|
|turn|12
|
|detailschange|p1a: Aerodactyl|Aerodactyl-Mega, F
|message|Aerodactyl has Mega Evolved into Mega Aerodactyl!
|move|p2a: Bossa Nova|Sucker Punch|p1a: Aerodactyl
|-fail|p1a: Aerodactyl
|move|p1a: Aerodactyl|Roost|p1a: Aerodactyl
|-heal|p1a: Aerodactyl|339\/364
|
|turn|13
|
|switch|p2a: Duck Hunt|Porygon2|330\/374
|-damage|p2a: Duck Hunt|284\/374|[from] Spikes
|-ability|p2a: Duck Hunt|Tough Claws|[from] ability: Trace|[of] p1a: Aerodactyl
|move|p1a: Aerodactyl|Stone Edge|p2a: Duck Hunt
|-damage|p2a: Duck Hunt|110\/374
|
|turn|14
|
|switch|p2a: Schwerer Gustav|Blastoise, M|362\/362
|-damage|p2a: Schwerer Gustav|317\/362|[from] Spikes
|move|p1a: Aerodactyl|Stone Edge|p2a: Schwerer Gustav
|-damage|p2a: Schwerer Gustav|146\/362
|
|turn|15
|
|detailschange|p2a: Schwerer Gustav|Blastoise-Mega, M
|message|Blastoise has Mega Evolved into Mega Blastoise!
|move|p1a: Aerodactyl|Stone Edge|p2a: Schwerer Gustav
|-damage|p2a: Schwerer Gustav|5\/362
|move|p2a: Schwerer Gustav|Scald|p1a: Aerodactyl
|-supereffective|p1a: Aerodactyl
|-damage|p1a: Aerodactyl|7\/364
|-status|p1a: Aerodactyl|brn
|
|-damage|p1a: Aerodactyl|0 fnt|[from] brn
|faint|p1a: Aerodactyl
|
|switch|p1a: Noivern|Noivern, M|207\/311
|turn|16
|
|move|p1a: Noivern|U-turn|p2a: Schwerer Gustav
|-damage|p2a: Schwerer Gustav|0 fnt
|faint|p2a: Schwerer Gustav
|
|switch|p1a: Victini|Victini|207\/341
|
|
|switch|p2a: Patterrz|Arcanine, F|332\/383
|-damage|p2a: Patterrz|285\/383|[from] Spikes
|-ability|p2a: Patterrz|Intimidate|[of] p1a: Victini
|-unboost|p1a: Victini|atk|1
|turn|17
|leave|Nas
|
|move|p1a: Victini|Bolt Strike|p2a: Patterrz
|-damage|p2a: Patterrz|185\/383
|-damage|p1a: Victini|151\/341|[from] item: Rocky Helmet|[of] p2a: Patterrz
|move|p2a: Patterrz|Flare Blitz|p1a: Victini
|-resisted|p1a: Victini
|-damage|p1a: Victini|80\/341
|-damage|p2a: Patterrz|162\/383|[from] recoil|[of] p1a: Victini
|
|turn|18
|
|switch|p1a: Barbaracle|Barbaracle, F|286\/286
|move|p2a: Patterrz|Morning Sun|p2a: Patterrz
|-heal|p2a: Patterrz|353\/383
|
|turn|19
|
|move|p1a: Barbaracle|Shell Smash|p1a: Barbaracle
|-boost|p1a: Barbaracle|atk|2
|-boost|p1a: Barbaracle|spa|2
|-boost|p1a: Barbaracle|spe|2
|-unboost|p1a: Barbaracle|def|1
|-unboost|p1a: Barbaracle|spd|1
|move|p2a: Patterrz|Will-O-Wisp|p1a: Barbaracle
|-status|p1a: Barbaracle|brn
|
|-damage|p1a: Barbaracle|251\/286 brn|[from] brn
|turn|20
|
|switch|p2a: Duck Hunt|Porygon2|110\/374
|-damage|p2a: Duck Hunt|64\/374|[from] Spikes
|-ability|p2a: Duck Hunt|Tough Claws|[from] ability: Trace|[of] p1a: Barbaracle
|move|p1a: Barbaracle|Razor Shell|p2a: Duck Hunt
|-damage|p2a: Duck Hunt|0 fnt
|faint|p2a: Duck Hunt
|
|-damage|p1a: Barbaracle|216\/286 brn|[from] brn
|
|switch|p2a: Bossa Nova|Honchkrow, F|240\/342
|turn|21
|
|move|p2a: Bossa Nova|Sucker Punch|p1a: Barbaracle
|-damage|p1a: Barbaracle|0 fnt
|-damage|p2a: Bossa Nova|206\/342|[from] item: Life Orb
|faint|p1a: Barbaracle
|-boost|p2a: Bossa Nova|atk|1|[from] ability: Moxie
|
|
|switch|p1a: Aromatisse|Aromatisse, F|364\/364
|turn|22
|
|switch|p2a: Patterrz|Arcanine, F|353\/383
|-damage|p2a: Patterrz|306\/383|[from] Spikes
|-ability|p2a: Patterrz|Intimidate|[of] p1a: Aromatisse
|-unboost|p1a: Aromatisse|atk|1
|move|p1a: Aromatisse|Wish|p1a: Aromatisse
|
|turn|23
|
|switch|p1a: Noivern|Noivern, M|207\/311
|move|p2a: Patterrz|Flare Blitz|p1a: Noivern
|-resisted|p1a: Noivern
|-damage|p1a: Noivern|102\/311
|-status|p1a: Noivern|brn
|-damage|p2a: Patterrz|271\/383|[from] recoil|[of] p1a: Noivern
|
|-heal|p1a: Noivern|284\/311 brn|[from] move: Wish|[wisher] Aromatisse
|-damage|p1a: Noivern|246\/311 brn|[from] brn
|turn|24
|
|switch|p2a: Itsy|Galvantula, M|225\/281
|-damage|p2a: Itsy|190\/281|[from] Spikes
|move|p1a: Noivern|Draco Meteor|p2a: Itsy
|-damage|p2a: Itsy|0 fnt
|-unboost|p1a: Noivern|spa|2
|faint|p2a: Itsy
|
|-damage|p1a: Noivern|208\/311 brn|[from] brn
|
|switch|p2a: Spikey Boobs|Nidoqueen, F|346\/346
|-damage|p2a: Spikey Boobs|303\/346|[from] Spikes
|turn|25
|
|switch|p1a: Chesnaught|Chesnaught, F|380\/380
|move|p2a: Spikey Boobs|Ice Beam|p1a: Chesnaught
|-supereffective|p1a: Chesnaught
|-damage|p1a: Chesnaught|55\/380
|
|-heal|p1a: Chesnaught|78\/380|[from] item: Leftovers
|turn|26
|
|move|p2a: Spikey Boobs|Sludge Wave|p1a: Chesnaught
|-supereffective|p1a: Chesnaught
|-damage|p1a: Chesnaught|0 fnt
|faint|p1a: Chesnaught
|
|
|switch|p1a: Victini|Victini|80\/341
|turn|27
|
|switch|p2a: Patterrz|Arcanine, F|271\/383
|-damage|p2a: Patterrz|224\/383|[from] Spikes
|-ability|p2a: Patterrz|Intimidate|[of] p1a: Victini
|-unboost|p1a: Victini|atk|1
|move|p1a: Victini|V-create|p2a: Patterrz
|-resisted|p2a: Patterrz
|-damage|p2a: Patterrz|122\/383
|-damage|p1a: Victini|24\/341|[from] item: Rocky Helmet|[of] p2a: Patterrz
|-unboost|p1a: Victini|def|1
|-unboost|p1a: Victini|spd|1
|-unboost|p1a: Victini|spe|1
|
|turn|28
|
|move|p2a: Patterrz|Morning Sun|p2a: Patterrz
|-heal|p2a: Patterrz|313\/383
|move|p1a: Victini|V-create|p2a: Patterrz
|-resisted|p2a: Patterrz
|-damage|p2a: Patterrz|208\/383
|-damage|p1a: Victini|0 fnt|[from] item: Rocky Helmet|[of] p2a: Patterrz
|faint|p1a: Victini
|
|
|switch|p1a: Noivern|Noivern, M|208\/311 brn
|turn|29
|
|move|p1a: Noivern|Draco Meteor|p2a: Patterrz
|-damage|p2a: Patterrz|1\/383
|-unboost|p1a: Noivern|spa|2
|move|p2a: Patterrz|Flare Blitz|p1a: Noivern
|-resisted|p1a: Noivern
|-damage|p1a: Noivern|106\/311 brn
|-damage|p2a: Patterrz|0 fnt|[from] recoil|[of] p1a: Noivern
|faint|p2a: Patterrz
|
|-damage|p1a: Noivern|68\/311 brn|[from] brn
|
|switch|p2a: Bossa Nova|Honchkrow, F|206\/342
|turn|30
|
|switch|p1a: Aromatisse|Aromatisse, F|364\/364
|move|p2a: Bossa Nova|Sucker Punch|p1a: Aromatisse
|-fail|p1a: Aromatisse
|
|turn|31
|
|move|p2a: Bossa Nova|Roost|p2a: Bossa Nova
|-heal|p2a: Bossa Nova|342\/342
|move|p1a: Aromatisse|Aromatherapy|p1a: Aromatisse
|-cureteam|p1a: Aromatisse|[from] move: Aromatherapy
|
|turn|32
|
|move|p2a: Bossa Nova|Brave Bird|p1a: Aromatisse
|-damage|p1a: Aromatisse|0 fnt
|-damage|p2a: Bossa Nova|222\/342|[from] recoil|[of] p1a: Aromatisse
|-damage|p2a: Bossa Nova|188\/342|[from] item: Life Orb
|faint|p1a: Aromatisse
|-boost|p2a: Bossa Nova|atk|1|[from] ability: Moxie
|
|
|switch|p1a: Noivern|Noivern, M|68\/311
|turn|33
|
|move|p2a: Bossa Nova|Sucker Punch|p1a: Noivern
|-fail|p1a: Noivern
|move|p1a: Noivern|Switcheroo|p2a: Bossa Nova
|-activate|p1a: Noivern|move: Trick|[of] p2a: Bossa Nova
|-item|p2a: Bossa Nova|Eviolite|[from] Trick
|-item|p1a: Noivern|Life Orb|[from] Trick
|
|turn|34
|
|move|p2a: Bossa Nova|Sucker Punch|p1a: Noivern
|-damage|p1a: Noivern|0 fnt
|faint|p1a: Noivern
|-boost|p2a: Bossa Nova|atk|1|[from] ability: Moxie
|
|win|DJGrandPa
|raw|Ladder updating...
|raw|FlareBlitz's rating: 1734 &rarr; <strong>1702<\/strong><br \/>(-32 for losing)
|raw|DJGrandPa's rating: 1485 &rarr; <strong>1517<\/strong><br \/>(+32 for winning)
|chat|DJGrandPa|gg
|chat|FlareBlitz|gg.
|leave|FlareBlitz
|player|p1