|join|dingbat
|join|FlareBlitz
|player|p1|dingbat|2
|player|p2|FlareBlitz|1
|gametype|singles
|gen|6
|tier|UU
|rated
|rule|Sleep Clause Mod: Limit one foe put to sleep
|rule|Species Clause: Limit one of each Pokemon
|rule|OHKO Clause: OHKO moves are banned
|rule|Moody Clause: Moody is banned
|rule|Evasion Moves Clause: Evasion moves are banned
|rule|Endless Battle Clause: Forcing endless battles is banned
|rule|HP Percentage Mod: HP is reported as percentages
|clearpoke
|poke|p1|Aggron, F
|poke|p1|Blissey, F
|poke|p1|Krookodile, F
|poke|p1|Slowbro, M
|poke|p1|Heracross, M
|poke|p1|Crobat, M
|poke|p2|Staraptor, F
|poke|p2|Infernape, M
|poke|p2|Ferroseed, M
|poke|p2|Rhyperior, M
|poke|p2|Heracross, M
|poke|p2|Sharpedo, F
|rule|Baton Pass Clause: Limit 3 pokemon knowing Baton Pass
|teampreview
|chat|dingbat|ohaider :o
|
|start
|switch|p1a: Aggron|Aggron, F|344\/344
|switch|p2a: Rhyperior|Rhyperior, M|417\/417
|turn|1
|chat|FlareBlitz|hi :3
|
|detailschange|p1a: Aggron|Aggron-Mega, F
|message|Aggron has Mega Evolved into Mega Aggron!
|move|p1a: Aggron|Stealth Rock|p2a: Rhyperior
|-sidestart|p2: FlareBlitz|move: Stealth Rock
|move|p2a: Rhyperior|Stealth Rock|p1a: Aggron
|-sidestart|p1: dingbat|move: Stealth Rock
|
|turn|2
|
|move|p2a: Rhyperior|Earthquake|p1a: Aggron
|-supereffective|p1a: Aggron
|-damage|p1a: Aggron|227\/344
|move|p1a: Aggron|Dragon Tail|p2a: Rhyperior
|-damage|p2a: Rhyperior|370\/417
|drag|p2a: Staraptor|Staraptor, F|312\/312
|-damage|p2a: Staraptor|234\/312|[from] Stealth Rock
|
|turn|3
|
|move|p2a: Staraptor|U-turn|p1a: Aggron
|-resisted|p1a: Aggron
|-damage|p1a: Aggron|200\/344
|
|switch|p2a: Ferroseed|Ferroseed, M|292\/292
|-damage|p2a: Ferroseed|274\/292|[from] Stealth Rock
|move|p1a: Aggron|Thunder Wave|p2a: Ferroseed
|-status|p2a: Ferroseed|par
|
|turn|4
|
|switch|p1a: Heracross|Heracross, M|343\/343
|-damage|p1a: Heracross|301\/343|[from] Stealth Rock
|move|p2a: Ferroseed|Thunder Wave|p1a: Heracross
|-status|p1a: Heracross|par
|
|turn|5
|
|cant|p2a: Ferroseed|par
|move|p1a: Heracross|Close Combat|p2a: Ferroseed
|-supereffective|p2a: Ferroseed
|-damage|p2a: Ferroseed|0 fnt
|-damage|p1a: Heracross|259\/343 par|[from] ability: Iron Barbs|[of] p2a: Ferroseed
|-unboost|p1a: Heracross|def|1
|-unboost|p1a: Heracross|spd|1
|faint|p2a: Ferroseed
|
|
|switch|p2a: Staraptor|Staraptor, F|234\/312
|-damage|p2a: Staraptor|156\/312|[from] Stealth Rock
|turn|6
|
|switch|p1a: Slowbro|Slowbro, M|394\/394
|-damage|p1a: Slowbro|345\/394|[from] Stealth Rock
|move|p2a: Staraptor|Brave Bird|p1a: Slowbro
|-crit|p1a: Slowbro
|-damage|p1a: Slowbro|5\/394
|-damage|p2a: Staraptor|104\/312|[from] item: Rocky Helmet|[of] p1a: Slowbro
|-damage|p2a: Staraptor|0 fnt|[from] recoil|[of] p1a: Slowbro
|faint|p2a: Staraptor
|
|
|switch|p2a: Sharpedo|Sharpedo, F|281\/281
|-damage|p2a: Sharpedo|246\/281|[from] Stealth Rock
|turn|7
|
|switch|p1a: Heracross|Heracross, M|259\/343 par
|-damage|p1a: Heracross|217\/343 par|[from] Stealth Rock
|move|p2a: Sharpedo|Waterfall|p1a: Heracross
|-damage|p1a: Heracross|0 fnt
|-damage|p2a: Sharpedo|218\/281|[from] item: Life Orb
|faint|p1a: Heracross
|
|-boost|p2a: Sharpedo|spe|1|[from] ability: Speed Boost
|
|switch|p1a: Aggron|Aggron-Mega, F|200\/344
|-damage|p1a: Aggron|179\/344|[from] Stealth Rock
|turn|8
|
|switch|p2a: Rhyperior|Rhyperior, M|370\/417
|-damage|p2a: Rhyperior|344\/417|[from] Stealth Rock
|move|p1a: Aggron|Dragon Tail|p2a: Rhyperior|[miss]
|-miss|p1a: Aggron|p2a: Rhyperior
|
|-heal|p2a: Rhyperior|370\/417|[from] item: Leftovers
|turn|9
|
|move|p1a: Aggron|Heavy Slam|p2a: Rhyperior
|-supereffective|p2a: Rhyperior
|-damage|p2a: Rhyperior|303\/417
|move|p2a: Rhyperior|Earthquake|p1a: Aggron
|-supereffective|p1a: Aggron
|-damage|p1a: Aggron|40\/344
|
|-heal|p2a: Rhyperior|329\/417|[from] item: Leftovers
|turn|10
|
|move|p1a: Aggron|Heavy Slam|p2a: Rhyperior
|-crit|p2a: Rhyperior
|-supereffective|p2a: Rhyperior
|-damage|p2a: Rhyperior|220\/417
|move|p2a: Rhyperior|Earthquake|p1a: Aggron
|-supereffective|p1a: Aggron
|-damage|p1a: Aggron|0 fnt
|faint|p1a: Aggron
|
|-heal|p2a: Rhyperior|246\/417|[from] item: Leftovers
|
|switch|p1a: Krookodile|Krookodile, F|332\/332
|-damage|p1a: Krookodile|312\/332|[from] Stealth Rock
|-ability|p1a: Krookodile|Intimidate|[of] p2a: Rhyperior
|-unboost|p2a: Rhyperior|atk|1
|turn|11
|
|switch|p2a: Heracross|Heracross, M|329\/329
|-damage|p2a: Heracross|288\/329|[from] Stealth Rock
|move|p1a: Krookodile|Earthquake|p2a: Heracross
|-resisted|p2a: Heracross
|-damage|p2a: Heracross|123\/329
|
|turn|12
|
|move|p1a: Krookodile|Earthquake|p2a: Heracross
|-resisted|p2a: Heracross
|-damage|p2a: Heracross|0 fnt
|faint|p2a: Heracross
|
|
|switch|p2a: Sharpedo|Sharpedo, F|218\/281
|-damage|p2a: Sharpedo|183\/281|[from] Stealth Rock
|turn|13
|
|switch|p1a: Slowbro|Slowbro, M|136\/394
|-damage|p1a: Slowbro|87\/394|[from] Stealth Rock
|move|p2a: Sharpedo|Protect|p2a: Sharpedo
|-fail|p2a: Sharpedo
|
|-boost|p2a: Sharpedo|spe|1|[from] ability: Speed Boost
|turn|14
|
|move|p2a: Sharpedo|Crunch|p1a: Slowbro
|-supereffective|p1a: Slowbro
|-damage|p1a: Slowbro|0 fnt
|-damage|p2a: Sharpedo|137\/281|[from] item: Rocky Helmet|[of] p1a: Slowbro
|-damage|p2a: Sharpedo|109\/281|[from] item: Life Orb
|faint|p1a: Slowbro
|
|-boost|p2a: Sharpedo|spe|1|[from] ability: Speed Boost
|
|switch|p1a: Blissey|Blissey, F|652\/652
|-damage|p1a: Blissey|571\/652|[from] Stealth Rock
|turn|15
|
|move|p2a: Sharpedo|Waterfall|p1a: Blissey
|-damage|p1a: Blissey|232\/652
|-damage|p2a: Sharpedo|81\/281|[from] item: Life Orb
|move|p1a: Blissey|Seismic Toss|p2a: Sharpedo
|-damage|p2a: Sharpedo|0 fnt
|faint|p2a: Sharpedo
|
|-heal|p1a: Blissey|272\/652|[from] item: Leftovers
|
|switch|p2a: Infernape|Infernape, M|293\/293
|-damage|p2a: Infernape|257\/293|[from] Stealth Rock
|turn|16
|
|move|p2a: Infernape|Close Combat|p1a: Blissey
|-supereffective|p1a: Blissey
|-damage|p1a: Blissey|0 fnt
|-unboost|p2a: Infernape|def|1
|-unboost|p2a: Infernape|spd|1
|faint|p1a: Blissey
|
|
|switch|p1a: Crobat|Crobat, M|311\/311
|-damage|p1a: Crobat|234\/311|[from] Stealth Rock
|turn|17
|
|switch|p2a: Rhyperior|Rhyperior, M|246\/417
|-damage|p2a: Rhyperior|220\/417|[from] Stealth Rock
|switch|p1a: Krookodile|Krookodile, F|312\/332
|-damage|p1a: Krookodile|292\/332|[from] Stealth Rock
|-ability|p1a: Krookodile|Intimidate|[of] p2a: Rhyperior
|-unboost|p2a: Rhyperior|atk|1
|
|-heal|p2a: Rhyperior|246\/417|[from] item: Leftovers
|turn|18
|
|move|p1a: Krookodile|Earthquake|p2a: Rhyperior
|-supereffective|p2a: Rhyperior
|-damage|p2a: Rhyperior|0 fnt
|faint|p2a: Rhyperior
|
|
|switch|p2a: Infernape|Infernape, M|257\/293
|-damage|p2a: Infernape|221\/293|[from] Stealth Rock
|turn|19
|
|move|p2a: Infernape|Flare Blitz|p1a: Krookodile
|-damage|p1a: Krookodile|90\/332
|-damage|p2a: Infernape|154\/293|[from] recoil|[of] p1a: Krookodile
|move|p1a: Krookodile|Earthquake|p2a: Infernape
|-supereffective|p2a: Infernape
|-damage|p2a: Infernape|0 fnt
|faint|p2a: Infernape
|
|win|dingbat
|raw|Ladder updating...
|raw|dingbat's rating: 1605 &rarr; <strong>1627<\/strong><br \/>(+22 for winning)
|raw|FlareBlitz's rating: 1645 &rarr; <strong>1623<\/strong><br \/>(-22 for losing)
|chat|FlareBlitz|gg.
|chat|dingbat|gg
|leave|FlareBlitz
|player|p2