|join|FlareBlitz
|join|Meruu
|player|p1|FlareBlitz|169
|player|p2|Meruu|115
|gametype|singles
|gen|6
|tier|UU
|rated
|rule|Sleep Clause Mod: Limit one foe put to sleep
|rule|Species Clause: Limit one of each Pokemon
|rule|OHKO Clause: OHKO moves are banned
|rule|Moody Clause: Moody is banned
|rule|Evasion Moves Clause: Evasion moves are banned
|rule|Endless Battle Clause: Forcing endless battles is banned
|rule|HP Percentage Mod: HP is reported as percentages
|clearpoke
|poke|p1|Nidoqueen, F
|poke|p1|Victini
|poke|p1|Hydreigon, M
|poke|p1|Rhyperior, M
|poke|p1|Heracross, F
|poke|p1|Sharpedo, F
|poke|p2|Hippowdon, F
|poke|p2|Jirachi
|poke|p2|Shaymin
|poke|p2|Stoutland, F
|poke|p2|Infernape, F
|poke|p2|Slowbro, M
|rule|Baton Pass Clause: Limit 3 pokemon knowing Baton Pass
|teampreview
|join|who even plays ru
|chat|who even plays ru|oooooo
|
|start
|switch|p1a: Victini|Victini|341\/341
|switch|p2a: Shaymin|Shaymin|341\/341
|turn|1
|
|switch|p2a: Slowbro|Slowbro, M|394\/394
|move|p1a: Victini|U-turn|p2a: Slowbro
|-supereffective|p2a: Slowbro
|-damage|p2a: Slowbro|240\/394
|-damage|p1a: Victini|285\/341|[from] item: Rocky Helmet|[of] p2a: Slowbro
|chat|who even plays ru|rocky helmet a shit 
|
|switch|p1a: Heracross|Heracross, F|329\/329
|
|turn|2
|
|switch|p2a: Hippowdon|Hippowdon, F|420\/420
|-weather|Sandstorm
|move|p1a: Heracross|Knock Off|p2a: Hippowdon
|-damage|p2a: Hippowdon|311\/420
|-enditem|p2a: Hippowdon|Smooth Rock|[from] move: Knock Off|[of] p1a: Heracross
|
|-weather|Sandstorm|[upkeep]
|-damage|p1a: Heracross|309\/329|[from] sandstorm
|-heal|p1a: Heracross|329\/329|[from] item: Leftovers
|turn|3
|
|switch|p2a: Jirachi|Jirachi|404\/404
|move|p1a: Heracross|Swords Dance|p1a: Heracross
|-boost|p1a: Heracross|atk|2
|
|-weather|Sandstorm|[upkeep]
|-damage|p1a: Heracross|309\/329|[from] sandstorm
|-heal|p1a: Heracross|329\/329|[from] item: Leftovers
|turn|4
|
|move|p2a: Jirachi|Iron Head|p1a: Heracross
|-damage|p1a: Heracross|203\/329
|cant|p1a: Heracross|flinch
|
|-weather|Sandstorm|[upkeep]
|-damage|p1a: Heracross|183\/329|[from] sandstorm
|-heal|p1a: Heracross|203\/329|[from] item: Leftovers
|turn|5
|
|switch|p1a: Victini|Victini|285\/341
|move|p2a: Jirachi|Iron Head|p1a: Victini
|-resisted|p1a: Victini
|-damage|p1a: Victini|234\/341
|
|-weather|Sandstorm|[upkeep]
|-damage|p1a: Victini|213\/341|[from] sandstorm
|turn|6
|
|move|p2a: Jirachi|Substitute|p2a: Jirachi
|-start|p2a: Jirachi|Substitute
|-damage|p2a: Jirachi|303\/404
|move|p1a: Victini|Trick|p2a: Jirachi
|
|-weather|Sandstorm|[upkeep]
|-damage|p1a: Victini|192\/341|[from] sandstorm
|-heal|p2a: Jirachi|328\/404|[from] item: Leftovers
|turn|7
|chat|who even plays ru|LO
|chat|who even plays ru|max speed tooo good
|
|switch|p1a: Hydreigon|Hydreigon, M|325\/325
|move|p2a: Jirachi|Iron Head|p1a: Hydreigon
|-damage|p1a: Hydreigon|231\/325
|
|-weather|Sandstorm|[upkeep]
|-damage|p1a: Hydreigon|211\/325|[from] sandstorm
|-heal|p2a: Jirachi|353\/404|[from] item: Leftovers
|turn|8
|
|move|p2a: Jirachi|Iron Head|p1a: Hydreigon
|-damage|p1a: Hydreigon|114\/325
|move|p1a: Hydreigon|U-turn|p2a: Jirachi
|-end|p2a: Jirachi|Substitute
|
|switch|p1a: Victini|Victini|192\/341
|
|-weather|Sandstorm|[upkeep]
|-damage|p1a: Victini|171\/341|[from] sandstorm
|-heal|p2a: Jirachi|378\/404|[from] item: Leftovers
|turn|9
|chat|Meruu|gdi
|chat|who even plays ru|y didnt u use toxic nerd
|
|move|p2a: Jirachi|Substitute|p2a: Jirachi
|-start|p2a: Jirachi|Substitute
|-damage|p2a: Jirachi|277\/404
|move|p1a: Victini|Bolt Strike|p2a: Jirachi
|-end|p2a: Jirachi|Substitute
|
|-weather|none
|-heal|p2a: Jirachi|302\/404|[from] item: Leftovers
|turn|10
|
|switch|p1a: Hydreigon|Hydreigon, M|114\/325
|move|p2a: Jirachi|Iron Head|p1a: Hydreigon
|-damage|p1a: Hydreigon|8\/325
|
|-heal|p2a: Jirachi|327\/404|[from] item: Leftovers
|turn|11
|
|switch|p1a: Victini|Victini|171\/341
|move|p2a: Jirachi|Iron Head|p1a: Victini
|-resisted|p1a: Victini
|-damage|p1a: Victini|125\/341
|
|-heal|p2a: Jirachi|352\/404|[from] item: Leftovers
|turn|12
|chat|who even plays ru|that jirachi set is so gay
|
|move|p2a: Jirachi|Substitute|p2a: Jirachi
|-start|p2a: Jirachi|Substitute
|-damage|p2a: Jirachi|251\/404
|move|p1a: Victini|V-create|p2a: Jirachi
|-supereffective|p2a: Jirachi
|-end|p2a: Jirachi|Substitute
|-unboost|p1a: Victini|def|1
|-unboost|p1a: Victini|spd|1
|-unboost|p1a: Victini|spe|1
|
|-heal|p2a: Jirachi|276\/404|[from] item: Leftovers
|turn|13
|chat|FlareBlitz|Yes it is.
|chat|FlareBlitz|It would be better
|chat|FlareBlitz|if it would stop fucking
|chat|FlareBlitz|speed tying me
|chat|Meruu|rofl
|
|switch|p1a: Hydreigon|Hydreigon, M|8\/325
|move|p2a: Jirachi|Iron Head|p1a: Hydreigon
|-damage|p1a: Hydreigon|0 fnt
|faint|p1a: Hydreigon
|
|-heal|p2a: Jirachi|301\/404|[from] item: Leftovers
|chat|who even plays ru|wow
|chat|who even plays ru|i thought u were adamant
|chat|Meruu|same
|chat|FlareBlitz|n
|chat|Meruu|;o
|chat|who even plays ru|cuz it kept losing
|chat|who even plays ru|the speed tie
|chat|who even plays ru|LOL 
|
|switch|p1a: Sharpedo|Sharpedo, F|281\/281
|turn|14
|chat|Meruu|hm
|join|zTerribadTastic
|
|switch|p2a: Infernape|Infernape, F|293\/293
|move|p1a: Sharpedo|Crunch|p2a: Infernape
|-resisted|p2a: Infernape
|-damage|p2a: Infernape|158\/293
|-damage|p1a: Sharpedo|253\/281|[from] item: Life Orb
|
|-boost|p1a: Sharpedo|spe|1|[from] ability: Speed Boost
|turn|15
|join|watfor
|chat|zTerribadTastic|Meruu, your BBH fetish is showing
|chat|zTerribadTastic|fuckign bugger
|
|move|p1a: Sharpedo|Protect|p1a: Sharpedo
|-singleturn|p1a: Sharpedo|Protect
|move|p2a: Infernape|Vacuum Wave|p1a: Sharpedo
|-activate|p1a: Sharpedo|Protect
|
|-boost|p1a: Sharpedo|spe|1|[from] ability: Speed Boost
|turn|16
|
|move|p2a: Infernape|Vacuum Wave|p1a: Sharpedo
|-supereffective|p1a: Sharpedo
|-damage|p1a: Sharpedo|0 fnt
|-damage|p2a: Infernape|129\/293|[from] item: Life Orb
|faint|p1a: Sharpedo
|
|chat|who even plays ru|nasty plot here
|chat|who even plays ru|if real
|chat|who even plays ru|oh 
|chat|Meruu|pfft
|chat|Meruu|no
|
|switch|p1a: Nidoqueen|Nidoqueen, F|371\/371
|turn|17
|chat|who even plays ru|not real enuf
|
|move|p2a: Infernape|Fire Blast|p1a: Nidoqueen
|-damage|p1a: Nidoqueen|133\/371
|-damage|p2a: Infernape|100\/293|[from] item: Life Orb
|move|p1a: Nidoqueen|Earth Power|p2a: Infernape
|-supereffective|p2a: Infernape
|-damage|p2a: Infernape|0 fnt
|faint|p2a: Infernape
|
|chat|zTerribadTastic|ow wow
|chat|zTerribadTastic|that is the most
|chat|zTerribadTastic|T spike weak team
|
|switch|p2a: Shaymin|Shaymin|341\/341
|turn|18
|chat|zTerribadTastic|ever
|chat|zTerribadTastic|of all time
|
|switch|p1a: Heracross|Heracross, F|203\/329
|move|p2a: Shaymin|Psychic|p1a: Heracross
|-supereffective|p1a: Heracross
|-damage|p1a: Heracross|0 fnt
|faint|p1a: Heracross
|
|
|switch|p1a: Victini|Victini|125\/341
|turn|19
|chat|Meruu|?_?
|chat|who even plays ru|nah meng
|chat|who even plays ru|it has the 
|chat|who even plays ru|resttalk on entire team
|chat|zTerribadTastic|ofc
|
|switch|p2a: Slowbro|Slowbro, M|371\/394
|move|p1a: Victini|V-create|p2a: Slowbro
|-resisted|p2a: Slowbro
|-damage|p2a: Slowbro|245\/394
|-damage|p1a: Victini|69\/341|[from] item: Rocky Helmet|[of] p2a: Slowbro
|-unboost|p1a: Victini|def|1
|-unboost|p1a: Victini|spd|1
|-unboost|p1a: Victini|spe|1
|
|turn|20
|chat|Meruu|do u like
|
|switch|p1a: Nidoqueen|Nidoqueen, F|133\/371
|move|p2a: Slowbro|Scald|p1a: Nidoqueen
|-supereffective|p1a: Nidoqueen
|-damage|p1a: Nidoqueen|0 fnt
|faint|p1a: Nidoqueen
|
|chat|who even plays ru|rocky helmet + regenerator is so good 
|
|switch|p1a: Rhyperior|Rhyperior, M|417\/417
|turn|21
|chat|Meruu|it helps stout get into its KO ranges that it needs
|chat|who even plays ru|but i feel like i need leftovers to beat crocune 
|chat|Meruu|:3
|chat|who even plays ru|:(( 
|chat|zTerribadTastic|WP rock polish
|chat|zTerribadTastic|go
|
|move|p1a: Rhyperior|Megahorn|p2a: Slowbro
|-supereffective|p2a: Slowbro
|-damage|p2a: Slowbro|7\/394
|-damage|p1a: Rhyperior|348\/417|[from] item: Rocky Helmet|[of] p2a: Slowbro
|move|p2a: Slowbro|Scald|p1a: Rhyperior
|-supereffective|p1a: Rhyperior
|-damage|p1a: Rhyperior|0 fnt
|faint|p1a: Rhyperior
|
|chat|FlareBlitz|oh
|chat|FlareBlitz|gg
|-message|FlareBlitz forfeited.
|
|win|Meruu
|raw|Ladder updating...
|leave|FlareBlitz
|player|p1
|raw|FlareBlitz's rating: 1649 &rarr; <strong>1638<\/strong><br \/>(-11 for losing)
|raw|Meruu's rating: 1809 &rarr; <strong>1820<\/strong><br \/>(+11 for winning)
|chat|who even plays ru|slowbro too strong