|join|FlareBlitz
|join|HOBODARKSEID
|player|p1|FlareBlitz|266
|player|p2|HOBODARKSEID|224
|gametype|singles
|gen|6
|tier|UU
|rule|Sleep Clause Mod: Limit one foe put to sleep
|rule|Species Clause: Limit one of each PokÃ©mon
|rule|OHKO Clause: OHKO moves are banned
|rule|Moody Clause: Moody is banned
|rule|Evasion Moves Clause: Evasion moves are banned
|rule|Endless Battle Clause: Forcing endless battles is banned
|rule|HP Percentage Mod: HP is reported as percentages
|clearpoke
|poke|p1|Infernape, M
|poke|p1|Haxorus, F
|poke|p1|Jirachi
|poke|p1|Chesnaught, M
|poke|p1|Hydreigon, F
|poke|p1|Blastoise, M
|poke|p2|Heracross, M
|poke|p2|Nidoqueen, F
|poke|p2|Aerodactyl, M
|poke|p2|Lucario, M
|poke|p2|Jirachi
|poke|p2|Hydreigon, M
|rule|Swagger Clause: Swagger is banned
|rule|Baton Pass Clause: Limit one PokÃ©mon knowing Baton Pass
|teampreview
|join|Ms Chanandler Bong
|
|start
|switch|p1a: Hydreigon|Hydreigon, F|325\/325
|switch|p2a: Nidoqueen|Nidoqueen, F|366\/366
|turn|1
|
|move|p1a: Hydreigon|Draco Meteor|p2a: Nidoqueen
|-damage|p2a: Nidoqueen|0 fnt
|-unboost|p1a: Hydreigon|spa|2
|faint|p2a: Nidoqueen
|
|
|switch|p2a: Heracross|Heracross, M|311\/311
|turn|2
|
|switch|p1a: Chesnaught|Chesnaught, M|380\/380
|move|p2a: Heracross|Swords Dance|p2a: Heracross
|-boost|p2a: Heracross|atk|2
|
|turn|3
|
|move|p2a: Heracross|Swords Dance|p2a: Heracross
|-boost|p2a: Heracross|atk|2
|move|p1a: Chesnaught|Spikes|p2a: Heracross
|-sidestart|p2: HOBODARKSEID|Spikes
|
|turn|4
|
|move|p1a: Chesnaught|Spiky Shield|p1a: Chesnaught
|-singleturn|p1a: Chesnaught|move: Protect
|move|p2a: Heracross|Megahorn|p1a: Chesnaught
|-activate|p1a: Chesnaught|move: Protect
|-damage|p2a: Heracross|273\/311|[from] Spiky Shield|[of] p1a: Chesnaught
|
|-heal|p2a: Heracross|292\/311|[from] item: Leftovers
|turn|5
|
|move|p2a: Heracross|Megahorn|p1a: Chesnaught
|-damage|p1a: Chesnaught|0 fnt
|faint|p1a: Chesnaught
|
|-heal|p2a: Heracross|311\/311|[from] item: Leftovers
|
|switch|p1a: Infernape|Infernape, M|293\/293
|turn|6
|
|switch|p2a: Aerodactyl|Aerodactyl, M|301\/301
|move|p1a: Infernape|Flare Blitz|p2a: Aerodactyl
|-crit|p2a: Aerodactyl
|-resisted|p2a: Aerodactyl
|-damage|p2a: Aerodactyl|122\/301
|-damage|p1a: Infernape|234\/293|[from] recoil|[of] p2a: Aerodactyl
|
|turn|7
|
|switch|p1a: Blastoise|Blastoise, M|353\/353
|detailschange|p2a: Aerodactyl|Aerodactyl-Mega, M
|message|Aerodactyl has Mega Evolved into Mega Aerodactyl!
|move|p2a: Aerodactyl|Stone Edge|p1a: Blastoise
|-damage|p1a: Blastoise|163\/353
|
|turn|8
|
|switch|p2a: Heracross|Heracross, M|311\/311
|-damage|p2a: Heracross|273\/311|[from] Spikes
|detailschange|p1a: Blastoise|Blastoise-Mega, M
|message|Blastoise has Mega Evolved into Mega Blastoise!
|move|p1a: Blastoise|Aura Sphere|p2a: Heracross
|-resisted|p2a: Heracross
|-damage|p2a: Heracross|196\/311
|
|-heal|p2a: Heracross|215\/311|[from] item: Leftovers
|turn|9
|
|switch|p1a: Jirachi|Jirachi|401\/401
|move|p2a: Heracross|Close Combat|p1a: Jirachi
|-damage|p1a: Jirachi|245\/401
|-unboost|p2a: Heracross|def|1
|-unboost|p2a: Heracross|spd|1
|
|-heal|p2a: Heracross|234\/311|[from] item: Leftovers
|-heal|p1a: Jirachi|270\/401|[from] item: Leftovers
|turn|10
|
|move|p2a: Heracross|Knock Off|p1a: Jirachi
|-supereffective|p1a: Jirachi
|-damage|p1a: Jirachi|90\/401
|-enditem|p1a: Jirachi|Leftovers|[from] move: Knock Off|[of] p2a: Heracross
|move|p1a: Jirachi|Stealth Rock|p2a: Heracross
|-sidestart|p2: HOBODARKSEID|move: Stealth Rock
|
|-heal|p2a: Heracross|253\/311|[from] item: Leftovers
|turn|11
|
|move|p2a: Heracross|Knock Off|p1a: Jirachi
|-supereffective|p1a: Jirachi
|-damage|p1a: Jirachi|0 fnt
|faint|p1a: Jirachi
|
|-heal|p2a: Heracross|272\/311|[from] item: Leftovers
|
|switch|p1a: Infernape|Infernape, M|234\/293
|turn|12
|
|move|p1a: Infernape|Flare Blitz|p2a: Heracross
|-supereffective|p2a: Heracross
|-damage|p2a: Heracross|0 fnt
|-damage|p1a: Infernape|144\/293|[from] recoil|[of] p2a: Heracross
|faint|p2a: Heracross
|
|
|switch|p2a: Hydreigon|Hydreigon, M|325\/325
|-damage|p2a: Hydreigon|285\/325|[from] Stealth Rock
|turn|13
|
|switch|p1a: Blastoise|Blastoise-Mega, M|163\/353
|move|p2a: Hydreigon|Draco Meteor|p1a: Blastoise
|-damage|p1a: Blastoise|0 fnt
|-unboost|p2a: Hydreigon|spa|2
|-damage|p2a: Hydreigon|253\/325|[from] item: Life Orb
|faint|p1a: Blastoise
|
|
|switch|p1a: Infernape|Infernape, M|144\/293
|turn|14
|
|switch|p2a: Aerodactyl|Aerodactyl-Mega, M|122\/301
|-damage|p2a: Aerodactyl|47\/301|[from] Stealth Rock
|move|p1a: Infernape|Close Combat|p2a: Aerodactyl
|-damage|p2a: Aerodactyl|0 fnt
|-unboost|p1a: Infernape|def|1
|-unboost|p1a: Infernape|spd|1
|faint|p2a: Aerodactyl
|
|
|switch|p2a: Lucario|Lucario, M|281\/281
|-damage|p2a: Lucario|273\/281|[from] Stealth Rock
|-damage|p2a: Lucario|238\/281|[from] Spikes
|turn|15
|
|switch|p1a: Haxorus|Haxorus, F|293\/293
|-ability|p1a: Haxorus|Mold Breaker
|move|p2a: Lucario|Extreme Speed|p1a: Haxorus
|-damage|p1a: Haxorus|167\/293
|-damage|p2a: Lucario|210\/281|[from] item: Life Orb
|
|-heal|p1a: Haxorus|185\/293|[from] item: Leftovers
|turn|16
|
|switch|p2a: Hydreigon|Hydreigon, M|253\/325
|-damage|p2a: Hydreigon|213\/325|[from] Stealth Rock
|move|p1a: Haxorus|Earthquake|p2a: Hydreigon
|-damage|p2a: Hydreigon|67\/325
|
|-heal|p1a: Haxorus|203\/293|[from] item: Leftovers
|turn|17
|
|move|p2a: Hydreigon|Draco Meteor|p1a: Haxorus
|-supereffective|p1a: Haxorus
|-damage|p1a: Haxorus|0 fnt
|-unboost|p2a: Hydreigon|spa|2
|-damage|p2a: Hydreigon|35\/325|[from] item: Life Orb
|faint|p1a: Haxorus
|
|
|switch|p1a: Infernape|Infernape, M|144\/293
|turn|18
|
|move|p1a: Infernape|U-turn|p2a: Hydreigon
|-supereffective|p2a: Hydreigon
|-damage|p2a: Hydreigon|0 fnt
|faint|p2a: Hydreigon
|
|switch|p1a: Hydreigon|Hydreigon, F|325\/325
|
|
|switch|p2a: Jirachi|Jirachi|341\/341
|-damage|p2a: Jirachi|299\/341|[from] Spikes
|-damage|p2a: Jirachi|278\/341|[from] Stealth Rock
|turn|19
|
|switch|p1a: Infernape|Infernape, M|144\/293
|move|p2a: Jirachi|Iron Head|p1a: Infernape
|-resisted|p1a: Infernape
|-damage|p1a: Infernape|61\/293
|
|turn|20
|
|move|p1a: Infernape|Flare Blitz|p2a: Jirachi
|-supereffective|p2a: Jirachi
|-damage|p2a: Jirachi|0 fnt
|-damage|p1a: Infernape|0 fnt|[from] recoil|[of] p2a: Jirachi
|faint|p2a: Jirachi
|faint|p1a: Infernape
|
|
|switch|p1a: Hydreigon|Hydreigon, F|325\/325
|switch|p2a: Lucario|Lucario, M|210\/281
|-damage|p2a: Lucario|202\/281|[from] Stealth Rock
|-damage|p2a: Lucario|167\/281|[from] Spikes
|turn|21
|
|move|p1a: Hydreigon|Draco Meteor|p2a: Lucario
|-resisted|p2a: Lucario
|-damage|p2a: Lucario|0 fnt
|-unboost|p1a: Hydreigon|spa|2
|faint|p2a: Lucario
|
|win|FlareBlitz
|chat|FlareBlitz|gg.
|leave|HOBODARKSEID
|player|p2