|join|dogod and lonnie
|join|FlareBlitz
|player|p1|dogod and lonnie|102
|player|p2|FlareBlitz|101
|gametype|singles
|gen|6
|tier|UU
|rated
|rule|Sleep Clause Mod: Limit one foe put to sleep
|rule|Species Clause: Limit one of each PokÃ©mon
|rule|OHKO Clause: OHKO moves are banned
|rule|Moody Clause: Moody is banned
|rule|Evasion Moves Clause: Evasion moves are banned
|rule|Endless Battle Clause: Forcing endless battles is banned
|rule|HP Percentage Mod: HP is reported as percentages
|clearpoke
|poke|p1|Sceptile, F
|poke|p1|Tornadus, M
|poke|p1|Entei, shiny
|poke|p1|Kingdra, M
|poke|p1|Honchkrow, F
|poke|p1|Mew
|poke|p2|Victini
|poke|p2|Aromatisse, M
|poke|p2|Blastoise, M
|poke|p2|Flygon, M
|poke|p2|Haxorus, M
|poke|p2|Jirachi
|rule|Swagger Clause: Swagger is banned
|rule|Baton Pass Clause: Limit one PokÃ©mon knowing Baton Pass
|teampreview
|chat|dogod and lonnie|o-ok
|chat|FlareBlitz|._.
|
|start
|switch|p1a: brn bb brn|Entei, shiny|372\/372
|switch|p2a: Haxorus|Haxorus, M|302\/302
|-ability|p1a: brn bb brn|Pressure
|-ability|p2a: Haxorus|Mold Breaker
|turn|1
|
|move|p1a: brn bb brn|Sacred Fire|p2a: Haxorus
|-resisted|p2a: Haxorus
|-damage|p2a: Haxorus|153\/302
|-status|p2a: Haxorus|brn
|-enditem|p2a: Haxorus|Lum Berry|[eat]
|-curestatus|p2a: Haxorus|brn
|move|p2a: Haxorus|Earthquake|p1a: brn bb brn
|-supereffective|p1a: brn bb brn
|-damage|p1a: brn bb brn|66\/372
|
|turn|2
|chat|dogod and lonnie|unf
|
|switch|p2a: Victini|Victini|341\/341
|move|p1a: brn bb brn|Sacred Fire|p2a: Victini|[miss]
|-miss|p1a: brn bb brn|p2a: Victini
|
|turn|3
|chat|FlareBlitz|Strong entei
|
|move|p2a: Victini|Bolt Strike|p1a: brn bb brn
|-damage|p1a: brn bb brn|0 fnt
|faint|p1a: brn bb brn
|
|
|switch|p1a: tfw no gems|Sceptile, F|343\/343
|turn|4
|
|switch|p2a: Aromatisse|Aromatisse, M|401\/401
|move|p1a: tfw no gems|Substitute|p1a: tfw no gems
|-start|p1a: tfw no gems|Substitute
|-damage|p1a: tfw no gems|258\/343
|
|-heal|p1a: tfw no gems|279\/343|[from] item: Leftovers
|turn|5
|
|move|p1a: tfw no gems|Leech Seed|p2a: Aromatisse
|-start|p2a: Aromatisse|move: Leech Seed
|move|p2a: Aromatisse|Wish|p2a: Aromatisse
|
|-heal|p1a: tfw no gems|300\/343|[from] item: Leftovers
|-damage|p2a: Aromatisse|351\/401|[from] Leech Seed|[of] p1a: tfw no gems
|-heal|p1a: tfw no gems|343\/343|[silent]
|turn|6
|
|switch|p2a: Haxorus|Haxorus, M|153\/302
|-ability|p2a: Haxorus|Mold Breaker
|move|p1a: tfw no gems|Leech Seed|p2a: Haxorus
|-start|p2a: Haxorus|move: Leech Seed
|
|-heal|p2a: Haxorus|302\/302|[from] move: Wish|[wisher] Aromatisse
|-damage|p2a: Haxorus|265\/302|[from] Leech Seed|[of] p1a: tfw no gems
|turn|7
|
|switch|p2a: Flygon|Flygon, M|301\/301
|move|p1a: tfw no gems|Giga Drain|p2a: Flygon
|-damage|p2a: Flygon|180\/301
|
|turn|8
|
|move|p2a: Flygon|U-turn|p1a: tfw no gems
|-supereffective|p1a: tfw no gems
|-end|p1a: tfw no gems|Substitute
|
|switch|p2a: Victini|Victini|341\/341
|move|p1a: tfw no gems|Substitute|p1a: tfw no gems
|-start|p1a: tfw no gems|Substitute
|-damage|p1a: tfw no gems|258\/343
|
|-heal|p1a: tfw no gems|279\/343|[from] item: Leftovers
|turn|9
|
|move|p1a: tfw no gems|Leech Seed|p2a: Victini
|-start|p2a: Victini|move: Leech Seed
|move|p2a: Victini|U-turn|p1a: tfw no gems
|-supereffective|p1a: tfw no gems
|-end|p1a: tfw no gems|Substitute
|
|switch|p2a: Flygon|Flygon, M|180\/301
|
|-heal|p1a: tfw no gems|300\/343|[from] item: Leftovers
|turn|10
|
|move|p2a: Flygon|U-turn|p1a: tfw no gems
|-supereffective|p1a: tfw no gems
|-damage|p1a: tfw no gems|104\/343
|
|switch|p2a: Victini|Victini|341\/341
|move|p1a: tfw no gems|Leech Seed|p2a: Victini
|-start|p2a: Victini|move: Leech Seed
|
|-heal|p1a: tfw no gems|125\/343|[from] item: Leftovers
|-damage|p2a: Victini|299\/341|[from] Leech Seed|[of] p1a: tfw no gems
|-heal|p1a: tfw no gems|167\/343|[silent]
|turn|11
|
|switch|p1a: dogod|Tornadus, M|362\/362
|move|p2a: Victini|U-turn|p1a: dogod
|-resisted|p1a: dogod
|-damage|p1a: dogod|296\/362
|
|switch|p2a: Blastoise|Blastoise, M|353\/353
|
|turn|12
|
|switch|p1a: tfw no gems|Sceptile, F|167\/343
|detailschange|p2a: Blastoise|Blastoise-Mega, M
|message|Blastoise has Mega Evolved into Mega Blastoise!
|move|p2a: Blastoise|Scald|p1a: tfw no gems
|-resisted|p1a: tfw no gems
|-damage|p1a: tfw no gems|67\/343
|
|-heal|p1a: tfw no gems|88\/343|[from] item: Leftovers
|turn|13
|
|switch|p2a: Flygon|Flygon, M|180\/301
|move|p1a: tfw no gems|Giga Drain|p2a: Flygon
|-damage|p2a: Flygon|0 fnt
|-heal|p1a: tfw no gems|178\/343|[from] drain|[of] p2a: Flygon
|faint|p2a: Flygon
|
|-heal|p1a: tfw no gems|199\/343|[from] item: Leftovers
|chat|dogod and lonnie|muh overgrow
|chat|FlareBlitz|Oh
|chat|FlareBlitz|lul
|
|switch|p2a: Haxorus|Haxorus, M|265\/302
|-ability|p2a: Haxorus|Mold Breaker
|turn|14
|
|move|p1a: tfw no gems|Leech Seed|p2a: Haxorus
|-start|p2a: Haxorus|move: Leech Seed
|move|p2a: Haxorus|Dragon Claw|p1a: tfw no gems
|-damage|p1a: tfw no gems|0 fnt
|faint|p1a: tfw no gems
|
|
|switch|p1a: dogod|Tornadus, M|296\/362
|turn|15
|
|switch|p2a: Jirachi|Jirachi|401\/401
|move|p1a: dogod|Bulk Up|p1a: dogod
|-boost|p1a: dogod|atk|1
|-boost|p1a: dogod|def|1
|
|turn|16
|
|move|p1a: dogod|Bulk Up|p1a: dogod
|-boost|p1a: dogod|atk|1
|-boost|p1a: dogod|def|1
|move|p2a: Jirachi|Toxic|p1a: dogod|[miss]
|-miss|p2a: Jirachi|p1a: dogod
|
|turn|17
|
|move|p1a: dogod|Bulk Up|p1a: dogod
|-boost|p1a: dogod|atk|1
|-boost|p1a: dogod|def|1
|move|p2a: Jirachi|Toxic|p1a: dogod|[miss]
|-miss|p2a: Jirachi|p1a: dogod
|
|turn|18
|chat|dogod and lonnie|this is
|chat|dogod and lonnie|what
|chat|FlareBlitz|lol
|
|move|p1a: dogod|Bulk Up|p1a: dogod
|-boost|p1a: dogod|atk|1
|-boost|p1a: dogod|def|1
|move|p2a: Jirachi|Toxic|p1a: dogod|[miss]
|-miss|p2a: Jirachi|p1a: dogod
|
|turn|19
|chat|dogod and lonnie|wai
|chat|FlareBlitz|LOL
|chat|dogod and lonnie|im gonna tell you now
|chat|dogod and lonnie|im rest talk anyway
|chat|dogod and lonnie|but this is astounding
|chat|FlareBlitz|k
|
|move|p1a: dogod|Bulk Up|p1a: dogod
|-boost|p1a: dogod|atk|1
|-boost|p1a: dogod|def|1
|move|p2a: Jirachi|Fire Punch|p1a: dogod
|-damage|p1a: dogod|271\/362
|
|turn|20
|
|move|p1a: dogod|Bulk Up|p1a: dogod
|-boost|p1a: dogod|atk|1
|-boost|p1a: dogod|def|1
|move|p2a: Jirachi|Fire Punch|p1a: dogod
|-damage|p1a: dogod|252\/362
|
|turn|21
|
|move|p1a: dogod|Acrobatics|p2a: Jirachi
|-resisted|p2a: Jirachi
|-damage|p2a: Jirachi|113\/401
|move|p2a: Jirachi|Fire Punch|p1a: dogod
|-damage|p1a: dogod|230\/362
|
|-heal|p2a: Jirachi|138\/401|[from] item: Leftovers
|turn|22
|
|move|p1a: dogod|Acrobatics|p2a: Jirachi
|-resisted|p2a: Jirachi
|-damage|p2a: Jirachi|0 fnt
|faint|p2a: Jirachi
|
|
|switch|p2a: Blastoise|Blastoise-Mega, M|353\/353
|turn|23
|
|move|p1a: dogod|Acrobatics|p2a: Blastoise
|-damage|p2a: Blastoise|0 fnt
|faint|p2a: Blastoise
|
|chat|FlareBlitz|gg
|-message|FlareBlitz forfeited.
|
|win|dogod and lonnie
|raw|Ladder updating...
|leave|FlareBlitz
|player|p2
|raw|dogod and lonnie's rating: 1519 &rarr; <strong>1540<\/strong><br \/>(+21 for winning)
|raw|FlareBlitz's rating: 1539 &rarr; <strong>1518<\/strong><br \/>(-21 for losing)
|leave|dogod and lonnie
|player|p1
|join|dogod and lonnie