|join|innovamania
|join|FlareBlitz
|player|p1|innovamania|168
|player|p2|FlareBlitz|265
|gametype|singles
|gen|6
|tier|UU
|rule|Sleep Clause Mod: Limit one foe put to sleep
|rule|Species Clause: Limit one of each PokÃ©mon
|rule|OHKO Clause: OHKO moves are banned
|rule|Moody Clause: Moody is banned
|rule|Evasion Moves Clause: Evasion moves are banned
|rule|Endless Battle Clause: Forcing endless battles is banned
|rule|HP Percentage Mod: HP is reported as percentages
|clearpoke
|poke|p1|Kabutops, F
|poke|p1|Ludicolo, F
|poke|p1|Rotom-Mow
|poke|p1|Volbeat, M
|poke|p1|Tornadus-Therian, M
|poke|p1|Escavalier, M
|poke|p2|Chandelure, M
|poke|p2|Hydreigon, F
|poke|p2|Celebi
|poke|p2|Tornadus-Therian, M
|poke|p2|Jirachi
|poke|p2|Blastoise, M
|rule|Swagger Clause: Swagger is banned
|rule|Baton Pass Clause: Limit three PokÃ©mon knowing Baton Pass
|teampreview
|chat|innovamania|hf man
|chat|FlareBlitz|Thanks you too
|
|start
|switch|p1a: mexican rotom|Rotom-Mow|253\/253
|switch|p2a: Tornadus-Therian|Tornadus-Therian, M|299\/299
|turn|1
|
|move|p2a: Tornadus-Therian|Taunt|p1a: mexican rotom
|-start|p1a: mexican rotom|move: Taunt
|cant|p1a: mexican rotom|move: Taunt|Rain Dance
|
|turn|2
|
|switch|p2a: Celebi|Celebi|341\/341
|move|p1a: mexican rotom|Volt Switch|p2a: Celebi
|-resisted|p2a: Celebi
|-damage|p2a: Celebi|281\/341
|
|switch|p1a: sir donksalot|Escavalier, M|323\/323
|
|turn|3
|
|move|p2a: Celebi|Baton Pass|p2a: Celebi
|
|switch|p2a: Tornadus-Therian|Tornadus-Therian, M|299\/299
|move|p1a: sir donksalot|Knock Off|p2a: Tornadus-Therian
|-damage|p2a: Tornadus-Therian|195\/299
|
|turn|4
|
|move|p2a: Tornadus-Therian|Bulk Up|p2a: Tornadus-Therian
|-boost|p2a: Tornadus-Therian|atk|1
|-boost|p2a: Tornadus-Therian|def|1
|move|p1a: sir donksalot|Iron Head|p2a: Tornadus-Therian
|-damage|p2a: Tornadus-Therian|74\/299
|
|turn|5
|
|switch|p2a: Blastoise|Blastoise, M|353\/353
|move|p1a: sir donksalot|Iron Head|p2a: Blastoise
|-resisted|p2a: Blastoise
|-damage|p2a: Blastoise|266\/353
|
|turn|6
|raw|<div class="broadcast-blue"><b><h3>The Senior Finals have just finished and now we draw closer to the long-awaited Masters Division Final match! The last match of the  2014 Pokemon Video Game National Chamionships are coming to a close, so watch now!<\/h3> <a href="http:\/\/www.twitch.tv\/pokemon" target="_blank">Click here to tune in!<\/a> <\/b><\/div>
|
|switch|p1a: that girl from HS|Volbeat, M|334\/334
|detailschange|p2a: Blastoise|Blastoise-Mega, M
|message|Blastoise has Mega Evolved into Mega Blastoise!
|move|p2a: Blastoise|Scald|p1a: that girl from HS
|-damage|p1a: that girl from HS|195\/334
|
|turn|7
|chat|innovamania|you watching vgc?
|
|switch|p2a: Tornadus-Therian|Tornadus-Therian, M|173\/299
|move|p1a: that girl from HS|Rain Dance|p1a: that girl from HS
|-weather|RainDance
|
|-weather|RainDance|[upkeep]
|turn|8
|chat|FlareBlitz|n
|
|switch|p2a: Blastoise|Blastoise-Mega, M|266\/353
|move|p1a: that girl from HS|Baton Pass|p1a: that girl from HS
|
|switch|p1a: fiesta arriba|Ludicolo, F|302\/302
|
|-weather|RainDance|[upkeep]
|turn|9
|
|switch|p2a: Jirachi|Jirachi|401\/401
|move|p1a: fiesta arriba|Substitute|p1a: fiesta arriba
|-start|p1a: fiesta arriba|Substitute
|-damage|p1a: fiesta arriba|227\/302
|
|-weather|RainDance|[upkeep]
|turn|10
|
|move|p1a: fiesta arriba|Hydro Pump|p2a: Jirachi|[miss]
|-miss|p1a: fiesta arriba|p2a: Jirachi
|move|p2a: Jirachi|Stealth Rock|p1a: fiesta arriba
|-sidestart|p1: innovamania|move: Stealth Rock
|
|-weather|RainDance|[upkeep]
|turn|11
|
|move|p1a: fiesta arriba|Hydro Pump|p2a: Jirachi|[miss]
|-miss|p1a: fiesta arriba|p2a: Jirachi
|move|p2a: Jirachi|Iron Head|p1a: fiesta arriba
|-resisted|p1a: fiesta arriba
|-activate|p1a: fiesta arriba|Substitute|[damage]
|
|-weather|RainDance|[upkeep]
|turn|12
|
|move|p1a: fiesta arriba|Hydro Pump|p2a: Jirachi
|-damage|p2a: Jirachi|68\/401
|-damage|p1a: fiesta arriba|197\/302|[from] item: Life Orb
|move|p2a: Jirachi|Iron Head|p1a: fiesta arriba
|-resisted|p1a: fiesta arriba
|-end|p1a: fiesta arriba|Substitute
|
|-weather|RainDance|[upkeep]
|-heal|p2a: Jirachi|93\/401|[from] item: Leftovers
|turn|13
|
|switch|p2a: Hydreigon|Hydreigon, F|325\/325
|move|p1a: fiesta arriba|Substitute|p1a: fiesta arriba
|-start|p1a: fiesta arriba|Substitute
|-damage|p1a: fiesta arriba|122\/302
|
|-weather|RainDance|[upkeep]
|turn|14
|
|switch|p2a: Jirachi|Jirachi|93\/401
|move|p1a: fiesta arriba|Ice Beam|p2a: Jirachi
|-resisted|p2a: Jirachi
|-damage|p2a: Jirachi|35\/401
|-damage|p1a: fiesta arriba|92\/302|[from] item: Life Orb
|
|-weather|none
|-heal|p2a: Jirachi|60\/401|[from] item: Leftovers
|turn|15
|
|move|p2a: Jirachi|Fire Punch|p1a: fiesta arriba
|-end|p1a: fiesta arriba|Substitute
|move|p1a: fiesta arriba|Hydro Pump|p2a: Jirachi|[miss]
|-miss|p1a: fiesta arriba|p2a: Jirachi
|
|-heal|p2a: Jirachi|85\/401|[from] item: Leftovers
|turn|16
|chat|FlareBlitz|Bad luck.
|chat|FlareBlitz|Sorry.
|
|move|p2a: Jirachi|Fire Punch|p1a: fiesta arriba
|-damage|p1a: fiesta arriba|13\/302
|move|p1a: fiesta arriba|Hydro Pump|p2a: Jirachi
|-damage|p2a: Jirachi|0 fnt
|-damage|p1a: fiesta arriba|0 fnt|[from] item: Life Orb
|faint|p2a: Jirachi
|faint|p1a: fiesta arriba
|
|
|switch|p2a: Hydreigon|Hydreigon, F|325\/325
|switch|p1a: that girl from HS|Volbeat, M|195\/334
|-damage|p1a: that girl from HS|112\/334|[from] Stealth Rock
|turn|17
|
|move|p1a: that girl from HS|Rain Dance|p1a: that girl from HS
|-weather|RainDance
|move|p2a: Hydreigon|Crunch|p1a: that girl from HS
|-damage|p1a: that girl from HS|0 fnt
|faint|p1a: that girl from HS
|
|-weather|RainDance|[upkeep]
|
|switch|p1a: come fly with me|Tornadus-Therian, M|299\/299
|-damage|p1a: come fly with me|225\/299|[from] Stealth Rock
|turn|18
|
|move|p1a: come fly with me|U-turn|p2a: Hydreigon
|-supereffective|p2a: Hydreigon
|-damage|p2a: Hydreigon|223\/325
|
|switch|p1a: mexican rotom|Rotom-Mow|253\/253
|-damage|p1a: mexican rotom|222\/253|[from] Stealth Rock
|move|p2a: Hydreigon|Crunch|p1a: mexican rotom
|-damage|p1a: mexican rotom|45\/253
|-unboost|p1a: mexican rotom|def|1
|
|-weather|RainDance|[upkeep]
|turn|19
|
|move|p2a: Hydreigon|Crunch|p1a: mexican rotom
|-damage|p1a: mexican rotom|0 fnt
|faint|p1a: mexican rotom
|
|-weather|RainDance|[upkeep]
|
|switch|p1a: slice n' dice|Kabutops, F|262\/262
|-damage|p1a: slice n' dice|230\/262|[from] Stealth Rock
|turn|20
|
|move|p1a: slice n' dice|Swords Dance|p1a: slice n' dice
|-boost|p1a: slice n' dice|atk|2
|move|p2a: Hydreigon|Crunch|p1a: slice n' dice
|-damage|p1a: slice n' dice|41\/262
|
|-weather|RainDance|[upkeep]
|turn|21
|
|move|p1a: slice n' dice|Stone Edge|p2a: Hydreigon
|-damage|p2a: Hydreigon|0 fnt
|-damage|p1a: slice n' dice|15\/262|[from] item: Life Orb
|faint|p2a: Hydreigon
|
|-weather|RainDance|[upkeep]
|
|switch|p2a: Celebi|Celebi|281\/341
|turn|22
|
|move|p2a: Celebi|Sucker Punch|p1a: slice n' dice
|-damage|p1a: slice n' dice|0 fnt
|-damage|p2a: Celebi|247\/341|[from] item: Life Orb
|faint|p1a: slice n' dice
|
|-weather|RainDance|[upkeep]
|
|switch|p1a: come fly with me|Tornadus-Therian, M|299\/299
|-damage|p1a: come fly with me|225\/299|[from] Stealth Rock
|turn|23
|
|move|p1a: come fly with me|Hurricane|p2a: Celebi
|-supereffective|p2a: Celebi
|-damage|p2a: Celebi|0 fnt
|faint|p2a: Celebi
|
|-weather|RainDance|[upkeep]
|
|switch|p2a: Blastoise|Blastoise-Mega, M|266\/353
|turn|24
|
|move|p1a: come fly with me|Hurricane|p2a: Blastoise
|-damage|p2a: Blastoise|86\/353
|-start|p2a: Blastoise|confusion
|-activate|p2a: Blastoise|confusion
|move|p2a: Blastoise|Scald|p1a: come fly with me
|-crit|p1a: come fly with me
|-damage|p1a: come fly with me|0 fnt
|faint|p1a: come fly with me
|
|-weather|none
|
|switch|p1a: sir donksalot|Escavalier, M|323\/323
|-damage|p1a: sir donksalot|283\/323|[from] Stealth Rock
|turn|25
|
|switch|p2a: Tornadus-Therian|Tornadus-Therian, M|272\/299
|move|p1a: sir donksalot|Megahorn|p2a: Tornadus-Therian
|-resisted|p2a: Tornadus-Therian
|-damage|p2a: Tornadus-Therian|123\/299
|
|turn|26
|
|move|p2a: Tornadus-Therian|Knock Off|p1a: sir donksalot
|-damage|p1a: sir donksalot|184\/323
|-enditem|p1a: sir donksalot|Assault Vest|[from] move: Knock Off|[of] p2a: Tornadus-Therian
|move|p1a: sir donksalot|Megahorn|p2a: Tornadus-Therian
|-resisted|p2a: Tornadus-Therian
|-damage|p2a: Tornadus-Therian|0 fnt
|faint|p2a: Tornadus-Therian
|
|
|switch|p2a: Blastoise|Blastoise-Mega, M|86\/353
|turn|27
|chat|innovamania|gg i guess
|chat|FlareBlitz|gg.
|
|move|p2a: Blastoise|Scald|p1a: sir donksalot
|-crit|p1a: sir donksalot
|-damage|p1a: sir donksalot|0 fnt
|faint|p1a: sir donksalot
|
|win|FlareBlitz
|leave|FlareBlitz
|player|p2
|leave|innovamania
|player|p1
|join|FlareBlitz
|leave|FlareBlitz
|join|FlareBlitz
|leave|FlareBlitz
|join|Nas
|leave|Nas
|join|SmashBrosBrawl
|leave|SmashBrosBrawl
|join|Fat Lenny
|join|Fireice29
|join|Ah Yueah