|join|FlareBlitz
|join|Jon Bovi
|player|p1|FlareBlitz|1
|player|p2|Jon Bovi|240
|gametype|singles
|gen|6
|tier|UU
|rated
|rule|Sleep Clause Mod: Limit one foe put to sleep
|rule|Species Clause: Limit one of each Pokemon
|rule|OHKO Clause: OHKO moves are banned
|rule|Moody Clause: Moody is banned
|rule|Evasion Moves Clause: Evasion moves are banned
|rule|Endless Battle Clause: Forcing endless battles is banned
|rule|HP Percentage Mod: HP is reported as percentages
|clearpoke
|poke|p1|Staraptor, M
|poke|p1|Victini
|poke|p1|Rhyperior, F
|poke|p1|Blastoise, M
|poke|p1|Heracross, F
|poke|p1|Ferroseed, M
|poke|p2|Donphan, M
|poke|p2|Infernape, M
|poke|p2|Florges, F
|poke|p2|Milotic, F
|poke|p2|Raikou
|poke|p2|Roserade, F
|rule|Baton Pass Clause: Limit 3 pokemon knowing Baton Pass
|teampreview
|
|start
|switch|p1a: Heracross|Heracross, F|329\/329
|switch|p2a: Inferape|Infernape, M|293\/293
|turn|1
|
|switch|p2a: Milotic|Milotic, F|394\/394
|switch|p1a: Victini|Victini|341\/341
|
|turn|2
|
|move|p1a: Victini|Grass Knot|p2a: Milotic
|-crit|p2a: Milotic
|-supereffective|p2a: Milotic
|-damage|p2a: Milotic|149\/394
|move|p2a: Milotic|Scald|p1a: Victini
|-supereffective|p1a: Victini
|-damage|p1a: Victini|135\/341
|
|-heal|p2a: Milotic|173\/394|[from] item: Leftovers
|turn|3
|
|switch|p2a: Roserade|Roserade, F|324\/324
|move|p1a: Victini|V-create|p2a: Roserade
|-supereffective|p2a: Roserade
|-damage|p2a: Roserade|0 fnt
|-unboost|p1a: Victini|def|1
|-unboost|p1a: Victini|spd|1
|-unboost|p1a: Victini|spe|1
|faint|p2a: Roserade
|
|
|switch|p2a: Inferape|Infernape, M|293\/293
|turn|4
|
|move|p2a: Inferape|Close Combat|p1a: Victini
|-resisted|p1a: Victini
|-damage|p1a: Victini|0 fnt
|-unboost|p2a: Inferape|def|1
|-unboost|p2a: Inferape|spd|1
|-damage|p2a: Inferape|264\/293|[from] item: Life Orb
|faint|p1a: Victini
|
|
|switch|p1a: Heracross|Heracross, F|329\/329
|turn|5
|
|switch|p2a: Florges|Florges, F|358\/358
|move|p1a: Heracross|Close Combat|p2a: Florges
|-resisted|p2a: Florges
|-damage|p2a: Florges|188\/358
|-unboost|p1a: Heracross|def|1
|-unboost|p1a: Heracross|spd|1
|
|-heal|p2a: Florges|210\/358|[from] item: Leftovers
|turn|6
|
|switch|p1a: Ferroseed|Ferroseed, M|292\/292
|move|p2a: Florges|Wish|p2a: Florges
|
|-heal|p2a: Florges|232\/358|[from] item: Leftovers
|turn|7
|
|switch|p2a: Raikou|Raikou|321\/321
|-ability|p2a: Raikou|Pressure
|move|p1a: Ferroseed|Leech Seed|p2a: Raikou
|-start|p2a: Raikou|move: Leech Seed
|
|-damage|p2a: Raikou|281\/321|[from] Leech Seed|[of] p1a: Ferroseed
|turn|8
|
|switch|p2a: Inferape|Infernape, M|264\/293
|move|p1a: Ferroseed|Spikes|p2a: Inferape
|-sidestart|p2: Jon Bovi|Spikes
|
|turn|9
|
|move|p1a: Ferroseed|Protect|p1a: Ferroseed
|-singleturn|p1a: Ferroseed|Protect
|move|p2a: Inferape|Close Combat|p1a: Ferroseed
|-activate|p1a: Ferroseed|Protect
|
|turn|10
|
|switch|p1a: Rhyperior|Rhyperior, F|417\/417
|move|p2a: Inferape|Close Combat|p1a: Rhyperior
|-supereffective|p1a: Rhyperior
|-damage|p1a: Rhyperior|148\/417
|-unboost|p2a: Inferape|def|1
|-unboost|p2a: Inferape|spd|1
|-damage|p2a: Inferape|235\/293|[from] item: Life Orb
|
|-heal|p1a: Rhyperior|174\/417|[from] item: Leftovers
|turn|11
|
|move|p2a: Inferape|Close Combat|p1a: Rhyperior
|-supereffective|p1a: Rhyperior
|-damage|p1a: Rhyperior|0 fnt
|-unboost|p2a: Inferape|def|1
|-unboost|p2a: Inferape|spd|1
|-damage|p2a: Inferape|206\/293|[from] item: Life Orb
|faint|p1a: Rhyperior
|
|
|switch|p1a: Staraptor|Staraptor, M|312\/312
|turn|12
|
|switch|p2a: Milotic|Milotic, F|173\/394
|-damage|p2a: Milotic|124\/394|[from] Spikes
|move|p1a: Staraptor|Brave Bird|p2a: Milotic
|-damage|p2a: Milotic|0 fnt
|-damage|p1a: Staraptor|271\/312|[from] recoil|[of] p2a: Milotic
|faint|p2a: Milotic
|
|
|switch|p2a: Raikou|Raikou|281\/321
|-damage|p2a: Raikou|241\/321|[from] Spikes
|-ability|p2a: Raikou|Pressure
|turn|13
|
|switch|p1a: Heracross|Heracross, F|329\/329
|move|p2a: Raikou|Substitute|p2a: Raikou
|-start|p2a: Raikou|Substitute
|-damage|p2a: Raikou|161\/321
|
|-heal|p2a: Raikou|181\/321|[from] item: Leftovers
|turn|14
|
|move|p2a: Raikou|Thunderbolt|p1a: Heracross
|-damage|p1a: Heracross|172\/329
|move|p1a: Heracross|Knock Off|p2a: Raikou
|-end|p2a: Raikou|Substitute
|
|-heal|p2a: Raikou|201\/321|[from] item: Leftovers
|turn|15
|
|switch|p2a: Florges|Florges, F|232\/358
|-damage|p2a: Florges|188\/358|[from] Spikes
|move|p1a: Heracross|Knock Off|p2a: Florges
|-resisted|p2a: Florges
|-damage|p2a: Florges|90\/358
|-enditem|p2a: Florges|Leftovers|[from] move: Knock Off|[of] p1a: Heracross
|
|turn|16
|
|switch|p1a: Ferroseed|Ferroseed, M|292\/292
|move|p2a: Florges|Wish|p2a: Florges
|
|turn|17
|
|move|p2a: Florges|Moonblast|p1a: Ferroseed
|-resisted|p1a: Ferroseed
|-damage|p1a: Ferroseed|247\/292
|-unboost|p1a: Ferroseed|spa|1
|move|p1a: Ferroseed|Leech Seed|p2a: Florges
|-start|p2a: Florges|move: Leech Seed
|
|-heal|p2a: Florges|269\/358|[from] move: Wish|[wisher] Florges
|-damage|p2a: Florges|225\/358|[from] Leech Seed|[of] p1a: Ferroseed
|-heal|p1a: Ferroseed|291\/292|[silent]
|turn|18
|
|switch|p2a: Loxodonta|Donphan, M|383\/383
|-damage|p2a: Loxodonta|336\/383|[from] Spikes
|move|p1a: Ferroseed|Leech Seed|p2a: Loxodonta
|-start|p2a: Loxodonta|move: Leech Seed
|
|-heal|p2a: Loxodonta|359\/383|[from] item: Leftovers
|-damage|p2a: Loxodonta|312\/383|[from] Leech Seed|[of] p1a: Ferroseed
|-heal|p1a: Ferroseed|292\/292|[silent]
|turn|19
|
|move|p2a: Loxodonta|Rapid Spin|p1a: Ferroseed
|-resisted|p1a: Ferroseed
|-damage|p1a: Ferroseed|286\/292
|-damage|p2a: Loxodonta|265\/383|[from] ability: Iron Barbs|[of] p1a: Ferroseed
|-end|p2a: Loxodonta|Leech Seed|[from] move: Rapid Spin|[of] p2a: Loxodonta
|-sideend|p2: Jon Bovi|Spikes|[from] move: Rapid Spin|[of] p2a: Loxodonta
|move|p1a: Ferroseed|Spikes|p2a: Loxodonta
|-sidestart|p2: Jon Bovi|Spikes
|
|-heal|p2a: Loxodonta|288\/383|[from] item: Leftovers
|turn|20
|
|move|p2a: Loxodonta|Stealth Rock|p1a: Ferroseed
|-sidestart|p1: FlareBlitz|move: Stealth Rock
|move|p1a: Ferroseed|Leech Seed|p2a: Loxodonta
|-start|p2a: Loxodonta|move: Leech Seed
|
|-heal|p2a: Loxodonta|311\/383|[from] item: Leftovers
|-damage|p2a: Loxodonta|264\/383|[from] Leech Seed|[of] p1a: Ferroseed
|-heal|p1a: Ferroseed|292\/292|[silent]
|turn|21
|
|switch|p2a: Inferape|Infernape, M|206\/293
|-damage|p2a: Inferape|170\/293|[from] Spikes
|move|p1a: Ferroseed|Spikes|p2a: Inferape
|-sidestart|p2: Jon Bovi|Spikes
|
|turn|22
|
|move|p2a: Inferape|Close Combat|p1a: Ferroseed
|-crit|p1a: Ferroseed
|-supereffective|p1a: Ferroseed
|-damage|p1a: Ferroseed|0 fnt
|-damage|p2a: Inferape|134\/293|[from] ability: Iron Barbs|[of] p1a: Ferroseed
|-unboost|p2a: Inferape|def|1
|-unboost|p2a: Inferape|spd|1
|-damage|p2a: Inferape|105\/293|[from] item: Life Orb
|faint|p1a: Ferroseed
|
|chat|FlareBlitz|...
|chat|FlareBlitz|Darn
|
|switch|p1a: Blastoise|Blastoise, M|353\/353
|-damage|p1a: Blastoise|309\/353|[from] Stealth Rock
|turn|23
|chat|Jon Bovi|Was gonna kill u no?
|chat|FlareBlitz|Nah. 60% max.
|
|switch|p2a: Florges|Florges, F|225\/358
|-damage|p2a: Florges|166\/358|[from] Spikes
|detailschange|p1a: Blastoise|Blastoise-Mega, M
|message|Blastoise has Mega Evolved into Mega Blastoise!
|move|p1a: Blastoise|Rapid Spin|p2a: Florges
|-damage|p2a: Florges|149\/358
|-sideend|p1: FlareBlitz|Stealth Rock|[from] move: Rapid Spin|[of] p1a: Blastoise
|
|turn|24
|chat|Jon Bovi|Impossible
|
|move|p1a: Blastoise|Scald|p2a: Florges
|-damage|p2a: Florges|50\/358
|move|p2a: Florges|Wish|p2a: Florges
|
|turn|25
|
|move|p2a: Florges|Protect|p2a: Florges
|-singleturn|p2a: Florges|Protect
|move|p1a: Blastoise|Scald|p2a: Florges
|-activate|p2a: Florges|Protect
|
|-heal|p2a: Florges|229\/358|[from] move: Wish|[wisher] Florges
|turn|26
|chat|Jon Bovi|80% at least 
|
|move|p1a: Blastoise|Scald|p2a: Florges
|-damage|p2a: Florges|126\/358
|move|p2a: Florges|Wish|p2a: Florges
|
|turn|27
|chat|Jon Bovi|Let's go
|
|move|p1a: Blastoise|Scald|p2a: Florges
|-crit|p2a: Florges
|-damage|p2a: Florges|0 fnt
|faint|p2a: Florges
|
|
|switch|p2a: Raikou|Raikou|201\/321
|-damage|p2a: Raikou|148\/321|[from] Spikes
|-ability|p2a: Raikou|Pressure
|turn|28
|
|move|p2a: Raikou|Thunderbolt|p1a: Blastoise
|-supereffective|p1a: Blastoise
|-damage|p1a: Blastoise|37\/353
|move|p1a: Blastoise|Scald|p2a: Raikou
|-damage|p2a: Raikou|1\/321
|
|-heal|p2a: Raikou|21\/321|[from] item: Leftovers
|turn|29
|chat|Jon Bovi|Ohhhh snap
|chat|FlareBlitz|Nice.
|
|move|p2a: Raikou|Thunderbolt|p1a: Blastoise
|-supereffective|p1a: Blastoise
|-damage|p1a: Blastoise|0 fnt
|faint|p1a: Blastoise
|
|-heal|p2a: Raikou|41\/321|[from] item: Leftovers
|
|switch|p1a: Staraptor|Staraptor, M|271\/312
|turn|30
|
|move|p1a: Staraptor|Tailwind|p1a: Staraptor
|-sidestart|p1: FlareBlitz|move: Tailwind
|move|p2a: Raikou|Thunderbolt|p1a: Staraptor
|-supereffective|p1a: Staraptor
|-damage|p1a: Staraptor|0 fnt
|faint|p1a: Staraptor
|
|-heal|p2a: Raikou|61\/321|[from] item: Leftovers
|
|switch|p1a: Heracross|Heracross, F|172\/329
|turn|31
|
|move|p1a: Heracross|Close Combat|p2a: Raikou
|-damage|p2a: Raikou|0 fnt
|-unboost|p1a: Heracross|def|1
|-unboost|p1a: Heracross|spd|1
|faint|p2a: Raikou
|
|chat|Jon Bovi|Gg
|chat|FlareBlitz|gg.
|
|switch|p2a: Inferape|Infernape, M|105\/293
|-damage|p2a: Inferape|57\/293|[from] Spikes
|turn|32
|
|move|p2a: Inferape|Mach Punch|p1a: Heracross
|-resisted|p1a: Heracross
|-damage|p1a: Heracross|89\/329
|-damage|p2a: Inferape|28\/293|[from] item: Life Orb
|move|p1a: Heracross|Close Combat|p2a: Inferape
|-damage|p2a: Inferape|0 fnt
|-unboost|p1a: Heracross|def|1
|-unboost|p1a: Heracross|spd|1
|faint|p2a: Inferape
|
|
|switch|p2a: Loxodonta|Donphan, M|264\/383
|-damage|p2a: Loxodonta|201\/383|[from] Spikes
|turn|33
|
|move|p2a: Loxodonta|Ice Shard|p1a: Heracross
|-damage|p1a: Heracross|0 fnt
|faint|p1a: Heracross
|
|win|Jon Bovi
|raw|Ladder updating...
|raw|FlareBlitz's rating: 1690 &rarr; <strong>1660<\/strong><br \/>(-30 for losing)
|raw|Jon Bovi's rating: 1499 &rarr; <strong>1529<\/strong><br \/>(+30 for winning)
|leave|FlareBlitz
|player|p1