|join|WhiteQueen
|join|FlareBlitz
|player|p1|WhiteQueen|2
|player|p2|FlareBlitz|170
|gametype|singles
|gen|6
|tier|UU
|rated
|rule|Sleep Clause Mod: Limit one foe put to sleep
|rule|Species Clause: Limit one of each PokÃ©mon
|rule|OHKO Clause: OHKO moves are banned
|rule|Moody Clause: Moody is banned
|rule|Evasion Moves Clause: Evasion moves are banned
|rule|Endless Battle Clause: Forcing endless battles is banned
|rule|HP Percentage Mod: HP is shown in percentages
|clearpoke
|poke|p1|Abomasnow, M
|poke|p1|Jirachi
|poke|p1|Zygarde
|poke|p1|Forretress, F
|poke|p1|Mienshao, F
|poke|p1|Vaporeon, M
|poke|p2|Jirachi
|poke|p2|Absol, M
|poke|p2|Cobalion
|poke|p2|Tornadus, M
|poke|p2|Zygarde
|poke|p2|Suicune
|rule|Swagger Clause: Swagger is banned
|rule|Baton Pass Clause: Limit one PokÃ©mon knowing Baton Pass
|teampreview
|join|scarlequin fan
|c|âWhiteQueen|lol
|c|âWhiteQueen|i'm not here to help you build and modify your team
|
|start
|switch|p1a: Mienshao|Mienshao, F|271\/271
|switch|p2a: Zygarde|Zygarde|399\/399
|-ability|p2a: Zygarde|Aura Break
|turn|1
|
|move|p1a: Mienshao|U-turn|p2a: Zygarde
|-damage|p2a: Zygarde|307\/399
|-damage|p1a: Mienshao|244\/271|[from] item: Life Orb
|c|âFlareBlitz|I don't recall asking you for advice?
|
|switch|p1a: Forretress|Forretress, F|353\/353
|move|p2a: Zygarde|Earthquake|p1a: Forretress
|-damage|p1a: Forretress|215\/353
|
|-heal|p1a: Forretress|237\/353|[from] item: Leftovers
|turn|2
|
|switch|p2a: Absol|Absol, M|271\/271
|move|p1a: Forretress|Stealth Rock|p2a: Absol
|-sidestart|p2: FlareBlitz|move: Stealth Rock
|
|-heal|p1a: Forretress|259\/353|[from] item: Leftovers
|turn|3
|
|detailschange|p2a: Absol|Absol-Mega, M
|-mega|p2a: Absol|Absol|Absolite
|move|p2a: Absol|Knock Off|p1a: Forretress
|-damage|p1a: Forretress|150\/353
|-enditem|p1a: Forretress|Leftovers|[from] move: Knock Off|[of] p2a: Absol
|move|p1a: Forretress|Volt Switch|p2a: Absol
|-damage|p2a: Absol|208\/271
|
|switch|p1a: Vaporeon|Vaporeon, M|451\/451
|
|turn|4
|
|move|p2a: Absol|Swords Dance|p2a: Absol
|-boost|p2a: Absol|atk|2
|move|p1a: Vaporeon|Scald|p2a: Absol
|-damage|p2a: Absol|54\/271
|
|turn|5
|
|switch|p1a: Forretress|Forretress, F|150\/353
|move|p2a: Absol|Knock Off|p1a: Forretress
|-damage|p1a: Forretress|0 fnt
|faint|p1a: Forretress
|
|
|switch|p1a: Mienshao|Mienshao, F|271\/271
|turn|6
|
|switch|p2a: Cobalion|Cobalion|323\/323
|-damage|p2a: Cobalion|313\/323|[from] Stealth Rock
|move|p1a: Mienshao|Fake Out|p2a: Cobalion
|-resisted|p2a: Cobalion
|-damage|p2a: Cobalion|287\/323
|-damage|p1a: Mienshao|244\/271|[from] item: Life Orb
|
|-heal|p2a: Cobalion|307\/323|[from] item: Leftovers
|turn|7
|
|move|p2a: Cobalion|Close Combat|p1a: Mienshao
|-damage|p1a: Mienshao|6\/271
|-unboost|p2a: Cobalion|def|1
|-unboost|p2a: Cobalion|spd|1
|move|p1a: Mienshao|High Jump Kick|p2a: Cobalion
|-supereffective|p2a: Cobalion
|-damage|p2a: Cobalion|0 fnt
|-damage|p1a: Mienshao|0 fnt|[from] item: Life Orb
|faint|p2a: Cobalion
|faint|p1a: Mienshao
|
|
|switch|p2a: Jirachi|Jirachi|401\/401
|switch|p1a: Abomasnow|Abomasnow, M|373\/373
|-damage|p2a: Jirachi|376\/401|[from] Stealth Rock
|-weather|Hail
|turn|8
|
|move|p1a: Abomasnow|Protect|p1a: Abomasnow
|-singleturn|p1a: Abomasnow|Protect
|move|p2a: Jirachi|Stealth Rock|p1a: Abomasnow
|-sidestart|p1: WhiteQueen|move: Stealth Rock
|
|-weather|Hail|[upkeep]
|-damage|p2a: Jirachi|351\/401|[from] hail
|-heal|p2a: Jirachi|376\/401|[from] item: Leftovers
|turn|9
|
|switch|p1a: Vaporeon|Vaporeon, M|451\/451
|-damage|p1a: Vaporeon|395\/451|[from] Stealth Rock
|move|p2a: Jirachi|Fire Punch|p1a: Vaporeon
|-resisted|p1a: Vaporeon
|-damage|p1a: Vaporeon|360\/451
|
|-weather|Hail|[upkeep]
|-damage|p2a: Jirachi|351\/401|[from] hail
|-damage|p1a: Vaporeon|332\/451|[from] hail
|-heal|p2a: Jirachi|376\/401|[from] item: Leftovers
|-heal|p1a: Vaporeon|360\/451|[from] item: Leftovers
|turn|10
|
|move|p2a: Jirachi|Toxic|p1a: Vaporeon
|-status|p1a: Vaporeon|tox
|move|p1a: Vaporeon|Scald|p2a: Jirachi
|-damage|p2a: Jirachi|279\/401
|
|-weather|Hail|[upkeep]
|-damage|p2a: Jirachi|254\/401|[from] hail
|-damage|p1a: Vaporeon|332\/451 tox|[from] hail
|-heal|p2a: Jirachi|279\/401|[from] item: Leftovers
|-heal|p1a: Vaporeon|360\/451 tox|[from] item: Leftovers
|-damage|p1a: Vaporeon|332\/451 tox|[from] psn
|turn|11
|
|move|p2a: Jirachi|Iron Head|p1a: Vaporeon
|-resisted|p1a: Vaporeon
|-damage|p1a: Vaporeon|281\/451 tox
|cant|p1a: Vaporeon|flinch
|
|-weather|Hail|[upkeep]
|-damage|p2a: Jirachi|254\/401|[from] hail
|-damage|p1a: Vaporeon|253\/451 tox|[from] hail
|-heal|p2a: Jirachi|279\/401|[from] item: Leftovers
|-heal|p1a: Vaporeon|281\/451 tox|[from] item: Leftovers
|-damage|p1a: Vaporeon|225\/451 tox|[from] psn
|turn|12
|
|move|p2a: Jirachi|Iron Head|p1a: Vaporeon
|-resisted|p1a: Vaporeon
|-damage|p1a: Vaporeon|174\/451 tox
|cant|p1a: Vaporeon|flinch
|
|-weather|none
|-heal|p2a: Jirachi|304\/401|[from] item: Leftovers
|-heal|p1a: Vaporeon|202\/451 tox|[from] item: Leftovers
|-damage|p1a: Vaporeon|118\/451 tox|[from] psn
|turn|13
|
|switch|p2a: Zygarde|Zygarde|307\/399
|-damage|p2a: Zygarde|283\/399|[from] Stealth Rock
|-ability|p2a: Zygarde|Aura Break
|move|p1a: Vaporeon|Scald|p2a: Zygarde
|-damage|p2a: Zygarde|171\/399
|-status|p2a: Zygarde|brn
|
|-heal|p1a: Vaporeon|146\/451 tox|[from] item: Leftovers
|-damage|p2a: Zygarde|122\/399 brn|[from] brn
|-damage|p1a: Vaporeon|34\/451 tox|[from] psn
|turn|14
|
|move|p2a: Zygarde|Outrage|p1a: Vaporeon
|-damage|p1a: Vaporeon|0 fnt
|faint|p1a: Vaporeon
|
|-damage|p2a: Zygarde|73\/399 brn|[from] brn
|
|switch|p1a: Zygarde|Zygarde|405\/405
|-damage|p1a: Zygarde|380\/405|[from] Stealth Rock
|-ability|p1a: Zygarde|Aura Break
|turn|15
|
|move|p1a: Zygarde|Earthquake|p2a: Zygarde
|-damage|p2a: Zygarde|0 fnt
|faint|p2a: Zygarde
|
|-heal|p1a: Zygarde|405\/405|[from] item: Leftovers
|
|switch|p2a: Suicune|Suicune|404\/404
|-damage|p2a: Suicune|354\/404|[from] Stealth Rock
|-ability|p2a: Suicune|Pressure
|turn|16
|
|move|p2a: Suicune|Calm Mind|p2a: Suicune
|-boost|p2a: Suicune|spa|1
|-boost|p2a: Suicune|spd|1
|move|p1a: Zygarde|Dragon Tail|p2a: Suicune
|-damage|p2a: Suicune|300\/404
|drag|p2a: Jirachi|Jirachi|304\/401
|-damage|p2a: Jirachi|279\/401|[from] Stealth Rock
|
|-heal|p2a: Jirachi|304\/401|[from] item: Leftovers
|turn|17
|
|move|p2a: Jirachi|Toxic|p1a: Zygarde
|-status|p1a: Zygarde|tox
|move|p1a: Zygarde|Earthquake|p2a: Jirachi
|-supereffective|p2a: Jirachi
|-damage|p2a: Jirachi|68\/401
|
|-heal|p2a: Jirachi|93\/401|[from] item: Leftovers
|-damage|p1a: Zygarde|380\/405 tox|[from] psn
|turn|18
|
|move|p2a: Jirachi|Iron Head|p1a: Zygarde
|-damage|p1a: Zygarde|304\/405 tox
|cant|p1a: Zygarde|flinch
|
|-heal|p2a: Jirachi|118\/401|[from] item: Leftovers
|-heal|p1a: Zygarde|329\/405 tox|[from] item: Leftovers
|-damage|p1a: Zygarde|279\/405 tox|[from] psn
|turn|19
|
|switch|p2a: Suicune|Suicune|300\/404
|-damage|p2a: Suicune|250\/404|[from] Stealth Rock
|-ability|p2a: Suicune|Pressure
|move|p1a: Zygarde|Earthquake|p2a: Suicune
|-damage|p2a: Suicune|168\/404
|
|-heal|p1a: Zygarde|304\/405 tox|[from] item: Leftovers
|-heal|p2a: Suicune|193\/404|[from] item: Leftovers
|-damage|p1a: Zygarde|229\/405 tox|[from] psn
|turn|20
|
|switch|p1a: Abomasnow|Abomasnow, M|373\/373
|-damage|p1a: Abomasnow|280\/373|[from] Stealth Rock
|-weather|Hail
|move|p2a: Suicune|Substitute|p2a: Suicune
|-start|p2a: Suicune|Substitute
|-damage|p2a: Suicune|92\/404
|
|-weather|Hail|[upkeep]
|-damage|p2a: Suicune|67\/404|[from] hail
|-heal|p2a: Suicune|92\/404|[from] item: Leftovers
|turn|21
|
|detailschange|p1a: Abomasnow|Abomasnow-Mega, M
|-mega|p1a: Abomasnow|Abomasnow|Abomasite
|move|p2a: Suicune|Scald|p1a: Abomasnow
|-resisted|p1a: Abomasnow
|-damage|p1a: Abomasnow|241\/373
|move|p1a: Abomasnow|Giga Drain|p2a: Suicune
|-crit|p2a: Suicune
|-supereffective|p2a: Suicune
|-end|p2a: Suicune|Substitute
|-heal|p1a: Abomasnow|292\/373|[from] drain|[of] p2a: Suicune
|
|-weather|Hail|[upkeep]
|-damage|p2a: Suicune|67\/404|[from] hail
|-heal|p2a: Suicune|92\/404|[from] item: Leftovers
|turn|22
|
|move|p2a: Suicune|Scald|p1a: Abomasnow
|-resisted|p1a: Abomasnow
|-damage|p1a: Abomasnow|250\/373
|move|p1a: Abomasnow|Giga Drain|p2a: Suicune
|-supereffective|p2a: Suicune
|-damage|p2a: Suicune|0 fnt
|-heal|p1a: Abomasnow|296\/373|[from] drain|[of] p2a: Suicune
|faint|p2a: Suicune
|
|-weather|Hail|[upkeep]
|
|switch|p2a: Jirachi|Jirachi|118\/401
|-damage|p2a: Jirachi|93\/401|[from] Stealth Rock
|turn|23
|
|switch|p1a: Zygarde|Zygarde|229\/405 tox
|-damage|p1a: Zygarde|204\/405 tox|[from] Stealth Rock
|-ability|p1a: Zygarde|Aura Break
|move|p2a: Jirachi|Iron Head|p1a: Zygarde
|-damage|p1a: Zygarde|125\/405 tox
|
|-weather|Hail|[upkeep]
|-damage|p2a: Jirachi|68\/401|[from] hail
|-damage|p1a: Zygarde|100\/405 tox|[from] hail
|-heal|p2a: Jirachi|93\/401|[from] item: Leftovers
|-heal|p1a: Zygarde|125\/405 tox|[from] item: Leftovers
|-damage|p1a: Zygarde|100\/405 tox|[from] psn
|turn|24
|
|move|p2a: Jirachi|Iron Head|p1a: Zygarde
|-damage|p1a: Zygarde|24\/405 tox
|cant|p1a: Zygarde|flinch
|
|-weather|none
|-heal|p2a: Jirachi|118\/401|[from] item: Leftovers
|-heal|p1a: Zygarde|49\/405 tox|[from] item: Leftovers
|-damage|p1a: Zygarde|0 fnt|[from] psn
|faint|p1a: Zygarde
|
|switch|p1a: Jirachi|Jirachi|341\/341
|-damage|p1a: Jirachi|320\/341|[from] Stealth Rock
|turn|25
|
|switch|p2a: Absol|Absol-Mega, M|54\/271
|-damage|p2a: Absol|21\/271|[from] Stealth Rock
|move|p1a: Jirachi|Iron Head|p2a: Absol
|-damage|p2a: Absol|0 fnt
|faint|p2a: Absol
|
|
|switch|p2a: Tornadus|Tornadus, M|361\/361
|-damage|p2a: Tornadus|271\/361|[from] Stealth Rock
|turn|26
|
|move|p2a: Tornadus|Bulk Up|p2a: Tornadus
|-boost|p2a: Tornadus|atk|1
|-boost|p2a: Tornadus|def|1
|move|p1a: Jirachi|Iron Head|p2a: Tornadus
|-damage|p2a: Tornadus|159\/361
|
|turn|27
|
|move|p2a: Tornadus|Bulk Up|p2a: Tornadus
|-boost|p2a: Tornadus|atk|1
|-boost|p2a: Tornadus|def|1
|move|p1a: Jirachi|Iron Head|p2a: Tornadus
|-damage|p2a: Tornadus|84\/361
|
|turn|28
|
|move|p1a: Jirachi|Iron Head|p2a: Tornadus
|-damage|p2a: Tornadus|0 fnt
|faint|p2a: Tornadus
|
|
|switch|p2a: Jirachi|Jirachi|118\/401
|-damage|p2a: Jirachi|93\/401|[from] Stealth Rock
|turn|29
|
|switch|p1a: Abomasnow|Abomasnow-Mega, M|296\/373
|-damage|p1a: Abomasnow|203\/373|[from] Stealth Rock
|-weather|Hail
|move|p2a: Jirachi|Fire Punch|p1a: Abomasnow
|-supereffective|p1a: Abomasnow
|-damage|p1a: Abomasnow|0 fnt
|faint|p1a: Abomasnow
|
|-weather|Hail|[upkeep]
|-damage|p2a: Jirachi|68\/401|[from] hail
|-heal|p2a: Jirachi|93\/401|[from] item: Leftovers
|
|switch|p1a: Jirachi|Jirachi|320\/341
|-damage|p1a: Jirachi|299\/341|[from] Stealth Rock
|turn|30
|c|âFlareBlitz|gg.
|
|move|p1a: Jirachi|Iron Head|p2a: Jirachi
|-resisted|p2a: Jirachi
|-damage|p2a: Jirachi|38\/401
|cant|p2a: Jirachi|flinch
|
|-weather|Hail|[upkeep]
|-damage|p1a: Jirachi|278\/341|[from] hail
|-damage|p2a: Jirachi|13\/401|[from] hail
|-heal|p2a: Jirachi|38\/401|[from] item: Leftovers
|turn|31
|
|move|p1a: Jirachi|Iron Head|p2a: Jirachi
|-resisted|p2a: Jirachi
|-damage|p2a: Jirachi|0 fnt
|faint|p2a: Jirachi
|
|win|WhiteQueen
|raw|Ladder updating...
|raw|WhiteQueen's rating: 1677 &rarr; <strong>1690<\/strong><br \/>(+13 for winning)
|raw|FlareBlitz's rating: 1533 &rarr; <strong>1521<\/strong><br \/>(-12 for losing)
|leave|WhiteQueen
|player|p1
|leave|FlareBlitz
|player|p2
|join|WhiteQueen