|join|FlareBlitz
|join|ticklish lady
|player|p1|FlareBlitz|266
|player|p2|ticklish lady|131
|gametype|singles
|gen|6
|tier|UU
|rated
|rule|Sleep Clause Mod: Limit one foe put to sleep
|rule|Species Clause: Limit one of each PokÃ©mon
|rule|OHKO Clause: OHKO moves are banned
|rule|Moody Clause: Moody is banned
|rule|Evasion Moves Clause: Evasion moves are banned
|rule|Endless Battle Clause: Forcing endless battles is banned
|rule|HP Percentage Mod: HP is reported as percentages
|clearpoke
|poke|p1|Haxorus, M
|poke|p1|Togetic, F
|poke|p1|Victini
|poke|p1|Chesnaught, F
|poke|p1|Slowbro, F
|poke|p1|Piloswine, F
|poke|p2|Darmanitan, F
|poke|p2|Milotic, F
|poke|p2|Galvantula, F
|poke|p2|Empoleon, M
|poke|p2|Mew
|poke|p2|Crobat, M
|rule|Swagger Clause: Swagger is banned
|rule|Baton Pass Clause: Limit one PokÃ©mon knowing Baton Pass
|teampreview
|
|start
|switch|p1a: Piloswine|Piloswine, F|404\/404
|switch|p2a: Hanya Haramitta|Darmanitan, F|414\/414
|turn|1
|
|move|p2a: Hanya Haramitta|U-turn|p1a: Piloswine
|-damage|p1a: Piloswine|355\/404
|
|switch|p2a: Cosquinha|Mew|404\/404
|move|p1a: Piloswine|Earthquake|p2a: Cosquinha
|-damage|p2a: Cosquinha|283\/404
|
|-heal|p2a: Cosquinha|308\/404|[from] item: Leftovers
|turn|2
|
|move|p2a: Cosquinha|Toxic|p1a: Piloswine
|-status|p1a: Piloswine|tox
|move|p1a: Piloswine|Stealth Rock|p2a: Cosquinha
|-sidestart|p2: ticklish lady|move: Stealth Rock
|
|-heal|p2a: Cosquinha|333\/404|[from] item: Leftovers
|-damage|p1a: Piloswine|330\/404 tox|[from] psn
|turn|3
|
|switch|p1a: Victini|Victini|341\/341
|move|p2a: Cosquinha|Defog|p1a: Victini
|-unboost|p1a: Victini|evasion|1
|-sideend|p2: ticklish lady|Stealth Rock|[from] move: Defog|[of] p2a: Cosquinha
|
|-heal|p2a: Cosquinha|358\/404|[from] item: Leftovers
|turn|4
|
|move|p1a: Victini|U-turn|p2a: Cosquinha
|-supereffective|p2a: Cosquinha
|-damage|p2a: Cosquinha|202\/404
|
|switch|p1a: Piloswine|Piloswine, F|330\/404 tox
|move|p2a: Cosquinha|Toxic|p1a: Piloswine
|-fail|p1a: Piloswine|tox
|
|-heal|p2a: Cosquinha|227\/404|[from] item: Leftovers
|-damage|p1a: Piloswine|305\/404 tox|[from] psn
|turn|5
|
|switch|p1a: Victini|Victini|341\/341
|move|p2a: Cosquinha|Psyshock|p1a: Victini
|-resisted|p1a: Victini
|-damage|p1a: Victini|294\/341
|
|-heal|p2a: Cosquinha|252\/404|[from] item: Leftovers
|turn|6
|
|move|p1a: Victini|Bolt Strike|p2a: Cosquinha|[miss]
|-miss|p1a: Victini|p2a: Cosquinha
|move|p2a: Cosquinha|Toxic|p1a: Victini
|-status|p1a: Victini|tox
|
|-heal|p2a: Cosquinha|277\/404|[from] item: Leftovers
|-damage|p1a: Victini|273\/341 tox|[from] psn
|turn|7
|
|move|p1a: Victini|Bolt Strike|p2a: Cosquinha
|-damage|p2a: Cosquinha|110\/404
|move|p2a: Cosquinha|Psyshock|p1a: Victini
|-resisted|p1a: Victini
|-damage|p1a: Victini|226\/341 tox
|
|-heal|p2a: Cosquinha|135\/404|[from] item: Leftovers
|-damage|p1a: Victini|184\/341 tox|[from] psn
|turn|8
|
|move|p1a: Victini|Bolt Strike|p2a: Cosquinha
|-damage|p2a: Cosquinha|0 fnt
|faint|p2a: Cosquinha
|
|-damage|p1a: Victini|121\/341 tox|[from] psn
|
|switch|p2a: Spinthra|Galvantula, F|282\/282
|turn|9
|
|switch|p1a: Piloswine|Piloswine, F|305\/404 tox
|move|p2a: Spinthra|Sticky Web|p1a: Piloswine
|-sidestart|p1: FlareBlitz|move: Sticky Web
|
|-damage|p1a: Piloswine|280\/404 tox|[from] psn
|turn|10
|
|move|p2a: Spinthra|Giga Drain|p1a: Piloswine
|-supereffective|p1a: Piloswine
|-damage|p1a: Piloswine|132\/404 tox
|move|p1a: Piloswine|Stealth Rock|p2a: Spinthra
|-sidestart|p2: ticklish lady|move: Stealth Rock
|
|-damage|p1a: Piloswine|82\/404 tox|[from] psn
|turn|11
|
|move|p1a: Piloswine|Ice Shard|p2a: Spinthra
|-damage|p2a: Spinthra|185\/282
|move|p2a: Spinthra|Giga Drain|p1a: Piloswine
|-supereffective|p1a: Piloswine
|-damage|p1a: Piloswine|0 fnt
|-heal|p2a: Spinthra|226\/282|[from] drain|[of] p1a: Piloswine
|faint|p1a: Piloswine
|
|
|switch|p1a: Chesnaught|Chesnaught, F|380\/380
|-activate|p1a: Chesnaught|move: Sticky Web
|-unboost|p1a: Chesnaught|spe|1
|turn|12
|
|move|p2a: Spinthra|Bug Buzz|p1a: Chesnaught
|-damage|p1a: Chesnaught|215\/380
|move|p1a: Chesnaught|Leech Seed|p2a: Spinthra
|-start|p2a: Spinthra|move: Leech Seed
|
|-heal|p1a: Chesnaught|238\/380|[from] item: Leftovers
|-damage|p2a: Spinthra|191\/282|[from] Leech Seed|[of] p1a: Chesnaught
|-heal|p1a: Chesnaught|273\/380|[silent]
|turn|13
|
|switch|p2a: Hanya Haramitta|Darmanitan, F|414\/414
|-damage|p2a: Hanya Haramitta|311\/414|[from] Stealth Rock
|move|p1a: Chesnaught|Spiky Shield|p1a: Chesnaught
|-fail|p1a: Chesnaught
|
|-heal|p1a: Chesnaught|296\/380|[from] item: Leftovers
|turn|14
|
|move|p1a: Chesnaught|Spiky Shield|p1a: Chesnaught
|-singleturn|p1a: Chesnaught|move: Protect
|move|p2a: Hanya Haramitta|Flamethrower|p1a: Chesnaught
|-activate|p1a: Chesnaught|move: Protect
|
|-heal|p1a: Chesnaught|319\/380|[from] item: Leftovers
|turn|15
|
|switch|p1a: Slowbro|Slowbro, F|394\/394
|-activate|p1a: Slowbro|move: Sticky Web
|-unboost|p1a: Slowbro|spe|1
|move|p2a: Hanya Haramitta|Flamethrower|p1a: Slowbro
|-resisted|p1a: Slowbro
|-damage|p1a: Slowbro|334\/394
|
|-heal|p1a: Slowbro|358\/394|[from] item: Leftovers
|turn|16
|
|move|p2a: Hanya Haramitta|Flamethrower|p1a: Slowbro
|-resisted|p1a: Slowbro
|-damage|p1a: Slowbro|294\/394
|move|p1a: Slowbro|Thunder Wave|p2a: Hanya Haramitta
|-status|p2a: Hanya Haramitta|par
|
|-heal|p1a: Slowbro|318\/394|[from] item: Leftovers
|turn|17
|
|move|p1a: Slowbro|Calm Mind|p1a: Slowbro
|-boost|p1a: Slowbro|spa|1
|-boost|p1a: Slowbro|spd|1
|move|p2a: Hanya Haramitta|Flamethrower|p1a: Slowbro
|-resisted|p1a: Slowbro
|-damage|p1a: Slowbro|273\/394
|
|-heal|p1a: Slowbro|297\/394|[from] item: Leftovers
|turn|18
|
|switch|p2a: Sou gostoso|Empoleon, M|372\/372
|-damage|p2a: Sou gostoso|349\/372|[from] Stealth Rock
|move|p1a: Slowbro|Calm Mind|p1a: Slowbro
|-boost|p1a: Slowbro|spa|1
|-boost|p1a: Slowbro|spd|1
|
|-heal|p2a: Sou gostoso|372\/372|[from] item: Leftovers
|-heal|p1a: Slowbro|321\/394|[from] item: Leftovers
|turn|19
|
|move|p2a: Sou gostoso|Knock Off|p1a: Slowbro
|-supereffective|p1a: Slowbro
|-damage|p1a: Slowbro|233\/394
|-enditem|p1a: Slowbro|Leftovers|[from] move: Knock Off|[of] p2a: Sou gostoso
|move|p1a: Slowbro|Scald|p2a: Sou gostoso
|-resisted|p2a: Sou gostoso
|-damage|p2a: Sou gostoso|273\/372
|
|-heal|p2a: Sou gostoso|296\/372|[from] item: Leftovers
|turn|20
|
|move|p2a: Sou gostoso|Stealth Rock|p1a: Slowbro
|-sidestart|p1: FlareBlitz|move: Stealth Rock
|move|p1a: Slowbro|Psyshock|p2a: Sou gostoso
|-resisted|p2a: Sou gostoso
|-damage|p2a: Sou gostoso|227\/372
|
|-heal|p2a: Sou gostoso|250\/372|[from] item: Leftovers
|turn|21
|
|move|p1a: Slowbro|Scald|p2a: Sou gostoso
|-resisted|p2a: Sou gostoso
|-damage|p2a: Sou gostoso|157\/372
|move|p2a: Sou gostoso|Roar|p1a: Slowbro
|drag|p1a: Togetic|Togetic, F|314\/314
|-damage|p1a: Togetic|236\/314|[from] Stealth Rock
|
|-heal|p2a: Sou gostoso|180\/372|[from] item: Leftovers
|turn|22
|
|move|p2a: Sou gostoso|Knock Off|p1a: Togetic
|-resisted|p1a: Togetic
|-damage|p1a: Togetic|217\/314
|-enditem|p1a: Togetic|Eviolite|[from] move: Knock Off|[of] p2a: Sou gostoso
|move|p1a: Togetic|Thunder Wave|p2a: Sou gostoso
|-status|p2a: Sou gostoso|par
|
|-heal|p2a: Sou gostoso|203\/372 par|[from] item: Leftovers
|turn|23
|
|cant|p2a: Sou gostoso|par
|move|p1a: Togetic|Nasty Plot|p1a: Togetic
|-boost|p1a: Togetic|spa|2
|
|-heal|p2a: Sou gostoso|226\/372 par|[from] item: Leftovers
|turn|24
|
|move|p1a: Togetic|Dazzling Gleam|p2a: Sou gostoso
|-resisted|p2a: Sou gostoso
|-damage|p2a: Sou gostoso|154\/372 par
|cant|p2a: Sou gostoso|par
|
|-heal|p2a: Sou gostoso|177\/372 par|[from] item: Leftovers
|turn|25
|
|move|p1a: Togetic|Dazzling Gleam|p2a: Sou gostoso
|-resisted|p2a: Sou gostoso
|-damage|p2a: Sou gostoso|96\/372 par
|cant|p2a: Sou gostoso|par
|
|-heal|p2a: Sou gostoso|119\/372 par|[from] item: Leftovers
|turn|26
|
|move|p1a: Togetic|Dazzling Gleam|p2a: Sou gostoso
|-crit|p2a: Sou gostoso
|-resisted|p2a: Sou gostoso
|-damage|p2a: Sou gostoso|0 fnt
|faint|p2a: Sou gostoso
|
|
|switch|p2a: Spinthra|Galvantula, F|191\/282
|-damage|p2a: Spinthra|121\/282|[from] Stealth Rock
|turn|27
|
|switch|p1a: Chesnaught|Chesnaught, F|319\/380
|-damage|p1a: Chesnaught|296\/380|[from] Stealth Rock
|-activate|p1a: Chesnaught|move: Sticky Web
|-unboost|p1a: Chesnaught|spe|1
|move|p2a: Spinthra|Thunder|p1a: Chesnaught
|-resisted|p1a: Chesnaught
|-damage|p1a: Chesnaught|197\/380
|-status|p1a: Chesnaught|par
|
|-heal|p1a: Chesnaught|220\/380 par|[from] item: Leftovers
|turn|28
|
|cant|p1a: Chesnaught|par
|move|p2a: Spinthra|Bug Buzz|p1a: Chesnaught
|-damage|p1a: Chesnaught|43\/380 par
|
|-heal|p1a: Chesnaught|66\/380 par|[from] item: Leftovers
|turn|29
|
|move|p2a: Spinthra|Bug Buzz|p1a: Chesnaught
|-damage|p1a: Chesnaught|0 fnt
|faint|p1a: Chesnaught
|
|
|switch|p1a: Haxorus|Haxorus, M|317\/317
|-damage|p1a: Haxorus|278\/317|[from] Stealth Rock
|-activate|p1a: Haxorus|move: Sticky Web
|-unboost|p1a: Haxorus|spe|1
|-ability|p1a: Haxorus|Mold Breaker
|turn|30
|
|move|p2a: Spinthra|Bug Buzz|p1a: Haxorus
|-damage|p1a: Haxorus|109\/317
|move|p1a: Haxorus|Dragon Claw|p2a: Spinthra
|-damage|p2a: Spinthra|0 fnt
|-damage|p1a: Haxorus|78\/317|[from] item: Life Orb
|faint|p2a: Spinthra
|
|
|switch|p2a: Faz medo|Crobat, M|312\/312
|-damage|p2a: Faz medo|234\/312|[from] Stealth Rock
|turn|31
|
|switch|p1a: Slowbro|Slowbro, F|364\/394
|-damage|p1a: Slowbro|315\/394|[from] Stealth Rock
|-activate|p1a: Slowbro|move: Sticky Web
|-unboost|p1a: Slowbro|spe|1
|move|p2a: Faz medo|Cross Poison|p1a: Slowbro
|-damage|p1a: Slowbro|204\/394
|
|turn|32
|
|move|p2a: Faz medo|Cross Poison|p1a: Slowbro
|-damage|p1a: Slowbro|99\/394
|-status|p1a: Slowbro|psn
|move|p1a: Slowbro|Thunder Wave|p2a: Faz medo
|-status|p2a: Faz medo|par
|
|-damage|p1a: Slowbro|50\/394 psn|[from] psn
|turn|33
|join|Shameek
|
|switch|p1a: Victini|Victini|121\/341 tox
|-damage|p1a: Victini|36\/341 tox|[from] Stealth Rock
|-activate|p1a: Victini|move: Sticky Web
|-unboost|p1a: Victini|spe|1
|move|p2a: Faz medo|Cross Poison|p1a: Victini
|-damage|p1a: Victini|0 fnt
|faint|p1a: Victini
|
|
|switch|p1a: Haxorus|Haxorus, M|78\/317
|-damage|p1a: Haxorus|39\/317|[from] Stealth Rock
|-activate|p1a: Haxorus|move: Sticky Web
|-unboost|p1a: Haxorus|spe|1
|-ability|p1a: Haxorus|Mold Breaker
|turn|34
|
|move|p1a: Haxorus|Dragon Claw|p2a: Faz medo
|-damage|p2a: Faz medo|0 fnt
|-damage|p1a: Haxorus|8\/317|[from] item: Life Orb
|faint|p2a: Faz medo
|
|
|switch|p2a: Bonita <3|Milotic, F|394\/394
|-damage|p2a: Bonita <3|345\/394|[from] Stealth Rock
|turn|35
|
|move|p2a: Bonita <3|Surf|p1a: Haxorus
|-resisted|p1a: Haxorus
|-damage|p1a: Haxorus|0 fnt
|faint|p1a: Haxorus
|
|-heal|p2a: Bonita <3|369\/394|[from] item: Leftovers
|
|switch|p1a: Slowbro|Slowbro, F|181\/394 psn
|-activate|p1a: Slowbro|move: Sticky Web
|-unboost|p1a: Slowbro|spe|1
|-damage|p1a: Slowbro|132\/394 psn|[from] Stealth Rock
|turn|36
|
|switch|p2a: Hanya Haramitta|Darmanitan, F|311\/414 par
|-damage|p2a: Hanya Haramitta|208\/414 par|[from] Stealth Rock
|move|p1a: Slowbro|Thunder Wave|p2a: Hanya Haramitta
|-fail|p2a: Hanya Haramitta|par
|
|-damage|p1a: Slowbro|83\/394 psn|[from] psn
|turn|37
|
|switch|p1a: Togetic|Togetic, F|217\/314
|-damage|p1a: Togetic|139\/314|[from] Stealth Rock
|move|p2a: Hanya Haramitta|Grass Knot|p1a: Togetic
|-resisted|p1a: Togetic
|-damage|p1a: Togetic|131\/314
|
|turn|38
|
|switch|p2a: Bonita <3|Milotic, F|369\/394
|-damage|p2a: Bonita <3|320\/394|[from] Stealth Rock
|move|p1a: Togetic|Roost|p1a: Togetic
|-heal|p1a: Togetic|288\/314
|
|-heal|p2a: Bonita <3|344\/394|[from] item: Leftovers
|turn|39
|
|move|p2a: Bonita <3|Surf|p1a: Togetic
|-damage|p1a: Togetic|170\/314
|move|p1a: Togetic|Thunder Wave|p2a: Bonita <3
|-status|p2a: Bonita <3|par
|
|-heal|p2a: Bonita <3|368\/394 par|[from] item: Leftovers
|turn|40
|
|move|p1a: Togetic|Nasty Plot|p1a: Togetic
|-boost|p1a: Togetic|spa|2
|move|p2a: Bonita <3|Refresh|p2a: Bonita <3
|-curestatus|p2a: Bonita <3|par
|
|-heal|p2a: Bonita <3|392\/394|[from] item: Leftovers
|turn|41
|
|move|p2a: Bonita <3|Surf|p1a: Togetic
|-damage|p1a: Togetic|56\/314
|move|p1a: Togetic|Thunder Wave|p2a: Bonita <3
|-status|p2a: Bonita <3|par
|
|-heal|p2a: Bonita <3|394\/394 par|[from] item: Leftovers
|turn|42
|
|move|p1a: Togetic|Roost|p1a: Togetic
|-heal|p1a: Togetic|213\/314
|cant|p2a: Bonita <3|par
|
|turn|43
|
|move|p1a: Togetic|Thunder Wave|p2a: Bonita <3
|-fail|p2a: Bonita <3|par
|move|p2a: Bonita <3|Refresh|p2a: Bonita <3
|-curestatus|p2a: Bonita <3|par
|
|turn|44
|
|move|p2a: Bonita <3|Surf|p1a: Togetic
|-damage|p1a: Togetic|99\/314
|move|p1a: Togetic|Thunder Wave|p2a: Bonita <3
|-status|p2a: Bonita <3|par
|
|turn|45
|
|move|p1a: Togetic|Roost|p1a: Togetic
|-heal|p1a: Togetic|256\/314
|move|p2a: Bonita <3|Refresh|p2a: Bonita <3
|-curestatus|p2a: Bonita <3|par
|
|turn|46
|
|switch|p2a: Hanya Haramitta|Darmanitan, F|208\/414 par
|-damage|p2a: Hanya Haramitta|105\/414 par|[from] Stealth Rock
|move|p1a: Togetic|Thunder Wave|p2a: Hanya Haramitta
|-fail|p2a: Hanya Haramitta|par
|
|-formechange|p2a: Hanya Haramitta|Darmanitan-Zen
|-message|Zen Mode triggered! (placeholder)
|turn|47
|
|move|p1a: Togetic|Dazzling Gleam|p2a: Hanya Haramitta
|-resisted|p2a: Hanya Haramitta
|-damage|p2a: Hanya Haramitta|30\/414 par
|move|p2a: Hanya Haramitta|Flamethrower|p1a: Togetic
|-crit|p1a: Togetic
|-damage|p1a: Togetic|0 fnt
|faint|p1a: Togetic
|
|
|switch|p1a: Slowbro|Slowbro, F|214\/394 psn
|-damage|p1a: Slowbro|165\/394 psn|[from] Stealth Rock
|-activate|p1a: Slowbro|move: Sticky Web
|-unboost|p1a: Slowbro|spe|1
|turn|48
|
|move|p1a: Slowbro|Psyshock|p2a: Hanya Haramitta
|-resisted|p2a: Hanya Haramitta
|-damage|p2a: Hanya Haramitta|0 fnt
|faint|p2a: Hanya Haramitta
|
|-damage|p1a: Slowbro|116\/394 psn|[from] psn
|-message|FlareBlitz forfeited.
|leave|FlareBlitz
|
|switch|p2a: Bonita <3|Milotic, F|394\/394
|-damage|p2a: Bonita <3|345\/394|[from] Stealth Rock
|turn|49
|
|win|ticklish lady
|raw|Ladder updating...
|player|p1
|raw|FlareBlitz's rating: 1731 &rarr; <strong>1699<\/strong><br \/>(-32 for losing)
|raw|ticklish lady's rating: 1482 &rarr; <strong>1514<\/strong><br \/>(+32 for winning)