|join|FlareBlitz
|join|Kushalos
|player|p1|FlareBlitz|265
|player|p2|Kushalos|34
|gametype|singles
|gen|6
|tier|UU
|rule|Sleep Clause Mod: Limit one foe put to sleep
|rule|Species Clause: Limit one of each PokÃ©mon
|rule|OHKO Clause: OHKO moves are banned
|rule|Moody Clause: Moody is banned
|rule|Evasion Moves Clause: Evasion moves are banned
|rule|Endless Battle Clause: Forcing endless battles is banned
|rule|HP Percentage Mod: HP is reported as percentages
|clearpoke
|poke|p1|Chandelure, M
|poke|p1|Heracross, M
|poke|p1|Ampharos, F
|poke|p1|Tornadus-Therian, M
|poke|p1|Jirachi
|poke|p1|Barbaracle, F
|poke|p2|Tornadus-Therian, M
|poke|p2|Hydreigon, F
|poke|p2|Infernape, F
|poke|p2|Rhyperior, M
|poke|p2|Florges, F
|poke|p2|Suicune
|rule|Swagger Clause: Swagger is banned
|rule|Baton Pass Clause: Limit three PokÃ©mon knowing Baton Pass
|teampreview
|chat|Kushalos|hmm Barbaracle
|join|Red Jaqk
|chat|Kushalos|havent seen that yet
|
|start
|switch|p1a: Jirachi|Jirachi|401\/401
|switch|p2a: Tornadus-Therian|Tornadus-Therian, M|317\/317
|turn|1
|chat|FlareBlitz|It's a fun little poke
|
|move|p2a: Tornadus-Therian|Knock Off|p1a: Jirachi
|-supereffective|p1a: Jirachi
|-damage|p1a: Jirachi|245\/401
|-enditem|p1a: Jirachi|Leftovers|[from] move: Knock Off|[of] p2a: Tornadus-Therian
|move|p1a: Jirachi|Stealth Rock|p2a: Tornadus-Therian
|-sidestart|p2: Kushalos|move: Stealth Rock
|
|turn|2
|join|radianthero156
|
|switch|p1a: Ampharos|Ampharos, F|383\/383
|move|p2a: Tornadus-Therian|U-turn|p1a: Ampharos
|-damage|p1a: Ampharos|335\/383
|
|switch|p2a: Rhyperior|Rhyperior, M|433\/433
|-damage|p2a: Rhyperior|406\/433|[from] Stealth Rock
|
|-heal|p2a: Rhyperior|433\/433|[from] item: Leftovers
|turn|3
|
|switch|p1a: Heracross|Heracross, M|329\/329
|move|p2a: Rhyperior|Stealth Rock|p1a: Heracross
|-sidestart|p1: FlareBlitz|move: Stealth Rock
|
|turn|4
|
|switch|p2a: Florges|Florges, F|359\/359
|-damage|p2a: Florges|315\/359|[from] Stealth Rock
|move|p1a: Heracross|Close Combat|p2a: Florges
|-resisted|p2a: Florges
|-damage|p2a: Florges|160\/359
|-unboost|p1a: Heracross|def|1
|-unboost|p1a: Heracross|spd|1
|
|-heal|p2a: Florges|182\/359|[from] item: Leftovers
|turn|5
|join|Green Flame
|
|switch|p1a: Jirachi|Jirachi|245\/401
|-damage|p1a: Jirachi|220\/401|[from] Stealth Rock
|move|p2a: Florges|Wish|p2a: Florges
|
|-heal|p2a: Florges|204\/359|[from] item: Leftovers
|turn|6
|
|move|p2a: Florges|Protect|p2a: Florges
|-singleturn|p2a: Florges|Protect
|move|p1a: Jirachi|Toxic|p2a: Florges
|-activate|p2a: Florges|Protect
|
|-heal|p2a: Florges|359\/359|[from] move: Wish|[wisher] Florges
|turn|7
|join|so dynamic
|join|le trle
|
|switch|p2a: Rhyperior|Rhyperior, M|433\/433
|-damage|p2a: Rhyperior|406\/433|[from] Stealth Rock
|move|p1a: Jirachi|Toxic|p2a: Rhyperior
|-status|p2a: Rhyperior|tox
|
|-heal|p2a: Rhyperior|433\/433 tox|[from] item: Leftovers
|-damage|p2a: Rhyperior|406\/433 tox|[from] psn
|turn|8
|
|move|p1a: Jirachi|Iron Head|p2a: Rhyperior
|-supereffective|p2a: Rhyperior
|-damage|p2a: Rhyperior|289\/433 tox
|cant|p2a: Rhyperior|flinch
|
|-heal|p2a: Rhyperior|316\/433 tox|[from] item: Leftovers
|-damage|p2a: Rhyperior|262\/433 tox|[from] psn
|turn|9
|
|switch|p1a: Heracross|Heracross, M|329\/329
|-damage|p1a: Heracross|288\/329|[from] Stealth Rock
|move|p2a: Rhyperior|Earthquake|p1a: Heracross
|-resisted|p1a: Heracross
|-damage|p1a: Heracross|174\/329
|
|-heal|p2a: Rhyperior|289\/433 tox|[from] item: Leftovers
|-damage|p2a: Rhyperior|208\/433 tox|[from] psn
|turn|10
|
|move|p1a: Heracross|Knock Off|p2a: Rhyperior
|-damage|p2a: Rhyperior|63\/433 tox
|-enditem|p2a: Rhyperior|Leftovers|[from] move: Knock Off|[of] p1a: Heracross
|move|p2a: Rhyperior|Rock Blast|p1a: Heracross
|-damage|p1a: Heracross|117\/329
|-damage|p1a: Heracross|65\/329
|-damage|p1a: Heracross|7\/329
|-damage|p1a: Heracross|0 fnt
|-hitcount|p1a: Heracross|4
|faint|p1a: Heracross
|
|-damage|p2a: Rhyperior|0 fnt|[from] psn
|faint|p2a: Rhyperior
|
|switch|p1a: Tornadus-Therian|Tornadus-Therian, M|299\/299
|-damage|p1a: Tornadus-Therian|225\/299|[from] Stealth Rock
|switch|p2a: Hydreigon|Hydreigon, F|325\/325
|-damage|p2a: Hydreigon|285\/325|[from] Stealth Rock
|turn|11
|
|switch|p1a: Jirachi|Jirachi|220\/401
|-damage|p1a: Jirachi|195\/401|[from] Stealth Rock
|move|p2a: Hydreigon|Draco Meteor|p1a: Jirachi
|-resisted|p1a: Jirachi
|-damage|p1a: Jirachi|81\/401
|-unboost|p2a: Hydreigon|spa|2
|
|turn|12
|
|switch|p2a: Suicune|Suicune|404\/404
|-damage|p2a: Suicune|354\/404|[from] Stealth Rock
|-ability|p2a: Suicune|Pressure
|move|p1a: Jirachi|Toxic|p2a: Suicune
|-status|p2a: Suicune|tox
|
|-heal|p2a: Suicune|379\/404 tox|[from] item: Leftovers
|-damage|p2a: Suicune|354\/404 tox|[from] psn
|turn|13
|
|switch|p1a: Ampharos|Ampharos, F|335\/383
|-damage|p1a: Ampharos|288\/383|[from] Stealth Rock
|switch|p2a: Hydreigon|Hydreigon, F|285\/325
|-damage|p2a: Hydreigon|245\/325|[from] Stealth Rock
|
|turn|14
|
|move|p2a: Hydreigon|U-turn|p1a: Ampharos
|-damage|p1a: Ampharos|248\/383
|
|switch|p2a: Florges|Florges, F|359\/359
|-damage|p2a: Florges|315\/359|[from] Stealth Rock
|move|p1a: Ampharos|Rest|p1a: Ampharos
|-status|p1a: Ampharos|slp
|-heal|p1a: Ampharos|383\/383 slp|[silent]
|-status|p1a: Ampharos|slp|[from] move: Rest
|
|-heal|p2a: Florges|337\/359|[from] item: Leftovers
|turn|15
|
|switch|p2a: Hydreigon|Hydreigon, F|245\/325
|-damage|p2a: Hydreigon|205\/325|[from] Stealth Rock
|switch|p1a: Jirachi|Jirachi|81\/401
|-damage|p1a: Jirachi|56\/401|[from] Stealth Rock
|
|turn|16
|
|move|p2a: Hydreigon|Dark Pulse|p1a: Jirachi
|-supereffective|p1a: Jirachi
|-damage|p1a: Jirachi|0 fnt
|faint|p1a: Jirachi
|
|
|switch|p1a: Ampharos|Ampharos, F|383\/383 slp
|-damage|p1a: Ampharos|336\/383 slp|[from] Stealth Rock
|turn|17
|chat|Kushalos|ah
|chat|Kushalos|going to take your chances i see
|
|detailschange|p1a: Ampharos|Ampharos-Mega, F
|message|Ampharos has Mega Evolved into Mega Ampharos!
|-ability|p1a: Ampharos|Mold Breaker
|move|p2a: Hydreigon|Dark Pulse|p1a: Ampharos
|-damage|p1a: Ampharos|216\/383 slp
|cant|p1a: Ampharos|slp
|move|p1a: Ampharos|Sleep Talk|p1a: Ampharos
|move|p1a: Ampharos|Rest|p1a: Ampharos|[from]Sleep Talk
|-fail|p1a: Ampharos
|
|turn|18
|
|switch|p2a: Florges|Florges, F|337\/359
|-damage|p2a: Florges|293\/359|[from] Stealth Rock
|cant|p1a: Ampharos|slp
|move|p1a: Ampharos|Sleep Talk|p1a: Ampharos
|move|p1a: Ampharos|Dragon Pulse|p2a: Florges|[from]Sleep Talk
|-immune|p2a: Florges|[msg]
|
|-heal|p2a: Florges|315\/359|[from] item: Leftovers
|turn|19
|
|switch|p1a: Chandelure|Chandelure, M|261\/261
|-damage|p1a: Chandelure|196\/261|[from] Stealth Rock
|move|p2a: Florges|Wish|p2a: Florges
|
|-heal|p2a: Florges|337\/359|[from] item: Leftovers
|turn|20
|
|move|p1a: Chandelure|Will-O-Wisp|p2a: Florges|[miss]
|-miss|p1a: Chandelure|p2a: Florges
|move|p2a: Florges|Moonblast|p1a: Chandelure
|-resisted|p1a: Chandelure
|-damage|p1a: Chandelure|132\/261
|
|-heal|p2a: Florges|359\/359|[from] move: Wish|[wisher] Florges
|turn|21
|
|switch|p1a: Ampharos|Ampharos-Mega, F|216\/383 slp
|-damage|p1a: Ampharos|169\/383 slp|[from] Stealth Rock
|-ability|p1a: Ampharos|Mold Breaker
|move|p2a: Florges|Wish|p2a: Florges
|
|turn|22
|
|switch|p2a: Infernape|Infernape, F|293\/293
|-damage|p2a: Infernape|257\/293|[from] Stealth Rock
|switch|p1a: Chandelure|Chandelure, M|132\/261
|-damage|p1a: Chandelure|67\/261|[from] Stealth Rock
|
|-heal|p2a: Infernape|293\/293|[from] move: Wish|[wisher] Florges
|turn|23
|
|move|p1a: Chandelure|Fire Blast|p2a: Infernape
|-resisted|p2a: Infernape
|-damage|p2a: Infernape|131\/293
|move|p2a: Infernape|Nasty Plot|p2a: Infernape
|-boost|p2a: Infernape|spa|2
|
|turn|24
|
|move|p1a: Chandelure|Fire Blast|p2a: Infernape|[miss]
|-miss|p1a: Chandelure|p2a: Infernape
|move|p2a: Infernape|Grass Knot|p1a: Chandelure
|-resisted|p1a: Chandelure
|-damage|p1a: Chandelure|0 fnt
|-damage|p2a: Infernape|102\/293|[from] item: Life Orb
|faint|p1a: Chandelure
|
|
|switch|p1a: Tornadus-Therian|Tornadus-Therian, M|299\/299
|-damage|p1a: Tornadus-Therian|225\/299|[from] Stealth Rock
|turn|25
|chat|Kushalos|srry
|chat|FlareBlitz|Happens
|
|move|p1a: Tornadus-Therian|Acrobatics|p2a: Infernape
|-supereffective|p2a: Infernape
|-damage|p2a: Infernape|0 fnt
|faint|p2a: Infernape
|
|join|yueah ah
|
|switch|p2a: Tornadus-Therian|Tornadus-Therian, M|317\/317
|-damage|p2a: Tornadus-Therian|238\/317|[from] Stealth Rock
|turn|26
|
|switch|p1a: Ampharos|Ampharos-Mega, F|169\/383 slp
|-damage|p1a: Ampharos|122\/383 slp|[from] Stealth Rock
|-ability|p1a: Ampharos|Mold Breaker
|move|p2a: Tornadus-Therian|Air Slash|p1a: Ampharos
|-resisted|p1a: Ampharos
|-damage|p1a: Ampharos|71\/383 slp
|
|turn|27
|chat|yueah ah|nerds
|chat|Kushalos|plz
|
|move|p2a: Tornadus-Therian|Knock Off|p1a: Ampharos
|-damage|p1a: Ampharos|33\/383 slp
|-curestatus|p1a: Ampharos|slp
|move|p1a: Ampharos|Rest|p1a: Ampharos
|-status|p1a: Ampharos|slp
|-heal|p1a: Ampharos|383\/383 slp|[silent]
|-status|p1a: Ampharos|slp|[from] move: Rest
|
|turn|28
|chat|yueah ah|kek
|chat|yueah ah|nice superpower
|
|move|p2a: Tornadus-Therian|U-turn|p1a: Ampharos
|-damage|p1a: Ampharos|339\/383 slp
|chat|yueah ah|tard
|
|switch|p2a: Florges|Florges, F|359\/359
|-damage|p2a: Florges|315\/359|[from] Stealth Rock
|cant|p1a: Ampharos|slp
|move|p1a: Ampharos|Sleep Talk|p1a: Ampharos
|move|p1a: Ampharos|Rest|p1a: Ampharos|[from]Sleep Talk
|-fail|p1a: Ampharos
|
|-heal|p2a: Florges|337\/359|[from] item: Leftovers
|turn|29
|chat|so dynamic|he prolly has taunt
|
|switch|p1a: Tornadus-Therian|Tornadus-Therian, M|299\/299
|-damage|p1a: Tornadus-Therian|225\/299|[from] Stealth Rock
|move|p2a: Florges|Moonblast|p1a: Tornadus-Therian
|-damage|p1a: Tornadus-Therian|84\/299
|-unboost|p1a: Tornadus-Therian|spa|1
|
|-heal|p2a: Florges|359\/359|[from] item: Leftovers
|turn|30
|chat|the sand niqqer|shit\/10
|
|move|p1a: Tornadus-Therian|Acrobatics|p2a: Florges
|-damage|p2a: Florges|212\/359
|move|p2a: Florges|Moonblast|p1a: Tornadus-Therian
|-damage|p1a: Tornadus-Therian|0 fnt
|faint|p1a: Tornadus-Therian
|
|-heal|p2a: Florges|234\/359|[from] item: Leftovers
|
|switch|p1a: Barbaracle|Barbaracle, F|291\/291
|-damage|p1a: Barbaracle|255\/291|[from] Stealth Rock
|turn|31
|chat|Kushalos|defensive florges coming through :^)
|
|move|p1a: Barbaracle|Shell Smash|p1a: Barbaracle
|-boost|p1a: Barbaracle|atk|2
|-boost|p1a: Barbaracle|spa|2
|-boost|p1a: Barbaracle|spe|2
|-unboost|p1a: Barbaracle|def|1
|-unboost|p1a: Barbaracle|spd|1
|-enditem|p1a: Barbaracle|White Herb
|-restoreboost|p1a: Barbaracle|[silent]
|move|p2a: Florges|Moonblast|p1a: Barbaracle
|-damage|p1a: Barbaracle|123\/291
|
|-heal|p2a: Florges|256\/359|[from] item: Leftovers
|turn|32
|chat|the sand niqqer|shut up
|chat|the sand niqqer|u nigger
|chat|Kushalos|:[
|
|move|p2a: Florges|Protect|p2a: Florges
|-singleturn|p2a: Florges|Protect
|move|p1a: Barbaracle|Razor Shell|p2a: Florges
|-activate|p2a: Florges|Protect
|
|-heal|p2a: Florges|278\/359|[from] item: Leftovers
|turn|33
|
|move|p1a: Barbaracle|Razor Shell|p2a: Florges
|-crit|p2a: Florges
|-damage|p2a: Florges|0 fnt
|faint|p2a: Florges
|
|chat|the sand niqqer|nice smash
|chat|the sand niqqer|flareshi
|chat|the sand niqqer|t
|chat|FlareBlitz|Thanks :3
|chat|the sand niqqer|confirmed pussy
|chat|Kushalos|didnt matter
|chat|Kushalos|+2 252+ Atk Tough Claws Barbaracle Razor Shell vs. 252 HP \/ 252+ Def Florges: 282-333 (78.3 - 92.5%) -- guaranteed 2HKO after Leftovers recovery
|chat|FlareBlitz|Yup
|
|switch|p2a: Suicune|Suicune|354\/404 tox
|-damage|p2a: Suicune|304\/404 tox|[from] Stealth Rock
|-ability|p2a: Suicune|Pressure
|turn|34
|chat|Kushalos|just
|chat|Kushalos|dont crit me
|chat|Kushalos|and i win i think
|leave|le trle
|chat|FlareBlitz|scald doesn't ko
|chat|FlareBlitz|But you might burn me :)
|chat|Kushalos|no but
|chat|Kushalos|i have roar
|chat|FlareBlitz|Ah
|
|move|p1a: Barbaracle|Stone Edge|p2a: Suicune|[miss]
|-miss|p1a: Barbaracle|p2a: Suicune
|move|p2a: Suicune|Roar|p1a: Barbaracle
|drag|p1a: Ampharos|Ampharos-Mega, F|339\/383 slp
|-damage|p1a: Ampharos|292\/383 slp|[from] Stealth Rock
|-ability|p1a: Ampharos|Mold Breaker
|
|-heal|p2a: Suicune|329\/404 tox|[from] item: Leftovers
|-damage|p2a: Suicune|304\/404 tox|[from] psn
|turn|35
|chat|FlareBlitz|Darn.
|chat|Kushalos|damn
|chat|Kushalos|:\/
|chat|so dynamic|even better
|
|switch|p2a: Tornadus-Therian|Tornadus-Therian, M|317\/317
|-damage|p2a: Tornadus-Therian|238\/317|[from] Stealth Rock
|cant|p1a: Ampharos|slp
|move|p1a: Ampharos|Sleep Talk|p1a: Ampharos
|move|p1a: Ampharos|Rest|p1a: Ampharos|[from]Sleep Talk
|-fail|p1a: Ampharos
|
|turn|36
|
|move|p2a: Tornadus-Therian|Air Slash|p1a: Ampharos
|-resisted|p1a: Ampharos
|-damage|p1a: Ampharos|238\/383 slp
|-curestatus|p1a: Ampharos|slp
|cant|p1a: Ampharos|flinch
|
|turn|37
|
|move|p2a: Tornadus-Therian|Air Slash|p1a: Ampharos
|-resisted|p1a: Ampharos
|-damage|p1a: Ampharos|183\/383
|move|p1a: Ampharos|Rest|p1a: Ampharos
|-status|p1a: Ampharos|slp
|-heal|p1a: Ampharos|383\/383 slp|[silent]
|-status|p1a: Ampharos|slp|[from] move: Rest
|
|turn|38
|
|move|p2a: Tornadus-Therian|Air Slash|p1a: Ampharos
|-resisted|p1a: Ampharos
|-damage|p1a: Ampharos|329\/383 slp
|cant|p1a: Ampharos|slp
|move|p1a: Ampharos|Sleep Talk|p1a: Ampharos
|move|p1a: Ampharos|Dragon Pulse|p2a: Tornadus-Therian|[from]Sleep Talk
|-damage|p2a: Tornadus-Therian|127\/317
|
|turn|39
|
|move|p2a: Tornadus-Therian|Air Slash|p1a: Ampharos
|-resisted|p1a: Ampharos
|-damage|p1a: Ampharos|281\/383 slp
|cant|p1a: Ampharos|slp
|move|p1a: Ampharos|Sleep Talk|p1a: Ampharos
|move|p1a: Ampharos|Rest|p1a: Ampharos|[from]Sleep Talk
|-fail|p1a: Ampharos
|
|turn|40
|
|move|p2a: Tornadus-Therian|Air Slash|p1a: Ampharos|[miss]
|-miss|p2a: Tornadus-Therian|p1a: Ampharos
|-curestatus|p1a: Ampharos|slp
|move|p1a: Ampharos|Rest|p1a: Ampharos
|-status|p1a: Ampharos|slp
|-heal|p1a: Ampharos|383\/383 slp|[silent]
|-status|p1a: Ampharos|slp|[from] move: Rest
|
|turn|41
|
|move|p2a: Tornadus-Therian|Air Slash|p1a: Ampharos
|-resisted|p1a: Ampharos
|-damage|p1a: Ampharos|335\/383 slp
|cant|p1a: Ampharos|slp
|cant|p1a: Ampharos|flinch
|
|turn|42
|
|move|p2a: Tornadus-Therian|Knock Off|p1a: Ampharos
|-damage|p1a: Ampharos|296\/383 slp
|cant|p1a: Ampharos|slp
|
|turn|43
|
|move|p2a: Tornadus-Therian|Air Slash|p1a: Ampharos
|-resisted|p1a: Ampharos
|-damage|p1a: Ampharos|242\/383 slp
|-curestatus|p1a: Ampharos|slp
|cant|p1a: Ampharos|flinch
|
|turn|44
|join|blitzfiend
|
|move|p2a: Tornadus-Therian|Air Slash|p1a: Ampharos|[miss]
|-miss|p2a: Tornadus-Therian|p1a: Ampharos
|move|p1a: Ampharos|Rest|p1a: Ampharos
|-status|p1a: Ampharos|slp
|-heal|p1a: Ampharos|383\/383 slp|[silent]
|-status|p1a: Ampharos|slp|[from] move: Rest
|
|turn|45
|
|move|p2a: Tornadus-Therian|Air Slash|p1a: Ampharos
|-resisted|p1a: Ampharos
|-damage|p1a: Ampharos|335\/383 slp
|cant|p1a: Ampharos|slp
|cant|p1a: Ampharos|flinch
|
|turn|46
|
|move|p2a: Tornadus-Therian|Air Slash|p1a: Ampharos
|-resisted|p1a: Ampharos
|-damage|p1a: Ampharos|279\/383 slp
|cant|p1a: Ampharos|slp
|
|turn|47
|
|move|p2a: Tornadus-Therian|Air Slash|p1a: Ampharos
|-resisted|p1a: Ampharos
|-damage|p1a: Ampharos|224\/383 slp
|-curestatus|p1a: Ampharos|slp
|move|p1a: Ampharos|Rest|p1a: Ampharos
|-status|p1a: Ampharos|slp
|-heal|p1a: Ampharos|383\/383 slp|[silent]
|-status|p1a: Ampharos|slp|[from] move: Rest
|
|turn|48
|
|move|p2a: Tornadus-Therian|Knock Off|p1a: Ampharos
|-damage|p1a: Ampharos|345\/383 slp
|cant|p1a: Ampharos|slp
|move|p1a: Ampharos|Sleep Talk|p1a: Ampharos
|move|p1a: Ampharos|Rest|p1a: Ampharos|[from]Sleep Talk
|-fail|p1a: Ampharos
|
|turn|49
|
|move|p2a: Tornadus-Therian|Air Slash|p1a: Ampharos
|-resisted|p1a: Ampharos
|-damage|p1a: Ampharos|297\/383 slp
|cant|p1a: Ampharos|slp
|
|turn|50
|
|move|p2a: Tornadus-Therian|Air Slash|p1a: Ampharos
|-resisted|p1a: Ampharos
|-damage|p1a: Ampharos|242\/383 slp
|-curestatus|p1a: Ampharos|slp
|move|p1a: Ampharos|Rest|p1a: Ampharos
|-status|p1a: Ampharos|slp
|-heal|p1a: Ampharos|383\/383 slp|[silent]
|-status|p1a: Ampharos|slp|[from] move: Rest
|
|turn|51
|chat|Kushalos|you are physically defensive i reckon
|
|move|p2a: Tornadus-Therian|Knock Off|p1a: Ampharos
|-damage|p1a: Ampharos|347\/383 slp
|cant|p1a: Ampharos|slp
|move|p1a: Ampharos|Sleep Talk|p1a: Ampharos
|move|p1a: Ampharos|Thunderbolt|p2a: Tornadus-Therian|[from]Sleep Talk
|-supereffective|p2a: Tornadus-Therian
|-damage|p2a: Tornadus-Therian|0 fnt
|faint|p2a: Tornadus-Therian
|
|
|switch|p2a: Hydreigon|Hydreigon, F|205\/325
|-damage|p2a: Hydreigon|165\/325|[from] Stealth Rock
|turn|52
|chat|FlareBlitz|Yup :)
|chat|Kushalos|ok
|chat|Kushalos|then i think i got dis @_@
|
|switch|p1a: Barbaracle|Barbaracle, F|123\/291
|-damage|p1a: Barbaracle|87\/291|[from] Stealth Rock
|move|p2a: Hydreigon|Draco Meteor|p1a: Barbaracle
|-crit|p1a: Barbaracle
|-damage|p1a: Barbaracle|0 fnt
|-unboost|p2a: Hydreigon|spa|2
|faint|p1a: Barbaracle
|
|
|switch|p1a: Ampharos|Ampharos-Mega, F|347\/383 slp
|-damage|p1a: Ampharos|300\/383 slp|[from] Stealth Rock
|-ability|p1a: Ampharos|Mold Breaker
|turn|53
|
|switch|p2a: Suicune|Suicune|304\/404 tox
|-damage|p2a: Suicune|254\/404 tox|[from] Stealth Rock
|-ability|p2a: Suicune|Pressure
|cant|p1a: Ampharos|slp
|move|p1a: Ampharos|Sleep Talk|p1a: Ampharos
|move|p1a: Ampharos|Dragon Pulse|p2a: Suicune|[from]Sleep Talk
|-damage|p2a: Suicune|113\/404 tox
|
|-heal|p2a: Suicune|138\/404 tox|[from] item: Leftovers
|-damage|p2a: Suicune|113\/404 tox|[from] psn
|turn|54
|chat|the sand niqqer|draco misseor
|
|move|p2a: Suicune|Scald|p1a: Ampharos
|-resisted|p1a: Ampharos
|-damage|p1a: Ampharos|258\/383 slp
|-curestatus|p1a: Ampharos|slp
|move|p1a: Ampharos|Rest|p1a: Ampharos
|-status|p1a: Ampharos|slp
|-heal|p1a: Ampharos|383\/383 slp|[silent]
|-status|p1a: Ampharos|slp|[from] move: Rest
|
|-heal|p2a: Suicune|138\/404 tox|[from] item: Leftovers
|-damage|p2a: Suicune|88\/404 tox|[from] psn
|turn|55
|
|move|p2a: Suicune|Scald|p1a: Ampharos
|-crit|p1a: Ampharos
|-resisted|p1a: Ampharos
|-damage|p1a: Ampharos|320\/383 slp
|cant|p1a: Ampharos|slp
|move|p1a: Ampharos|Sleep Talk|p1a: Ampharos
|move|p1a: Ampharos|Dragon Pulse|p2a: Suicune|[from]Sleep Talk
|-damage|p2a: Suicune|0 fnt
|faint|p2a: Suicune
|
|
|switch|p2a: Hydreigon|Hydreigon, F|165\/325
|-damage|p2a: Hydreigon|125\/325|[from] Stealth Rock
|turn|56
|chat|Kushalos|yeah lets not miss
|
|move|p2a: Hydreigon|Draco Meteor|p1a: Ampharos
|-supereffective|p1a: Ampharos
|-damage|p1a: Ampharos|0 fnt
|-unboost|p2a: Hydreigon|spa|2
|faint|p1a: Ampharos
|
|win|Kushalos
|chat|FlareBlitz|gg
|chat|Kushalos|gg!
|leave|the sand niqqer
|leave|blitzfiend