|join|FlareBlitz
|join|kokoloko
|player|p1|FlareBlitz|169
|player|p2|kokoloko|169
|gametype|singles
|gen|6
|tier|UU
|rule|Sleep Clause Mod: Limit one foe put to sleep
|rule|Species Clause: Limit one of each PokÃ©mon
|rule|OHKO Clause: OHKO moves are banned
|rule|Moody Clause: Moody is banned
|rule|Evasion Moves Clause: Evasion moves are banned
|rule|Endless Battle Clause: Forcing endless battles is banned
|rule|HP Percentage Mod: HP is reported as percentages
|clearpoke
|poke|p1|Haxorus, F
|poke|p1|Aromatisse, M
|poke|p1|Cofagrigus, F
|poke|p1|Aggron, M
|poke|p1|Victini
|poke|p1|Flygon, M
|poke|p2|Hydreigon, F
|poke|p2|Blastoise, F
|poke|p2|Nidoqueen, F
|poke|p2|Jirachi, shiny
|poke|p2|Haxorus, F, shiny
|poke|p2|Crobat, F
|rule|Swagger Clause: Swagger is banned
|rule|Baton Pass Clause: Limit one PokÃ©mon knowing Baton Pass
|teampreview
|join|radianthero156
|
|start
|switch|p1a: Victini|Victini|341\/341
|switch|p2a: Blastoise|Blastoise, F|335\/335
|turn|1
|
|detailschange|p2a: Blastoise|Blastoise-Mega, F
|message|Blastoise has Mega Evolved into Mega Blastoise!
|move|p1a: Victini|Bolt Strike|p2a: Blastoise
|-supereffective|p2a: Blastoise
|-damage|p2a: Blastoise|31\/335
|-status|p2a: Blastoise|par
|cant|p2a: Blastoise|par
|
|turn|2
|chat|kokoloko|you
|chat|FlareBlitz|Well
|chat|kokoloko|suck
|chat|kokoloko|lol
|chat|FlareBlitz|That is fucking awkward
|chat|FlareBlitz|lol
|
|switch|p1a: Haxorus|Haxorus, F|293\/293
|-ability|p1a: Haxorus|Mold Breaker
|switch|p2a: Nidoqueen|Nidoqueen, F|353\/353
|
|turn|3
|chat|kokoloko|man you are so
|join|SmashBrosBrawl
|chat|kokoloko|weak to it too
|chat|kokoloko|fuck
|
|switch|p2a: Crobat|Crobat, F|311\/311
|move|p1a: Haxorus|Earthquake|p2a: Crobat
|-immune|p2a: Crobat|[msg]
|
|turn|4
|chat|FlareBlitz|I mean
|chat|FlareBlitz|That's why I was going to sac tini
|
|switch|p1a: Aggron|Aggron, M|344\/344
|move|p2a: Crobat|U-turn|p1a: Aggron
|-resisted|p1a: Aggron
|-damage|p1a: Aggron|322\/344
|chat|kokoloko|i know
|
|switch|p2a: Nidoqueen|Nidoqueen, F|353\/353
|
|turn|5
|
|detailschange|p1a: Aggron|Aggron-Mega, M
|message|Aggron has Mega Evolved into Mega Aggron!
|move|p2a: Nidoqueen|Earth Power|p1a: Aggron
|-supereffective|p1a: Aggron
|-damage|p1a: Aggron|0 fnt
|faint|p1a: Aggron
|
|join|ANGER MANAGEMENT
|chat|kokoloko|lol nice EVs
|chat|kokoloko|lol
|chat|radianthero156|strongth
|chat|FlareBlitz|I don't know why I thought that would work
|
|switch|p1a: Victini|Victini|341\/341
|turn|6
|
|switch|p2a: Hydreigon|Hydreigon, F|325\/325
|move|p1a: Victini|V-create|p2a: Hydreigon
|-resisted|p2a: Hydreigon
|-damage|p2a: Hydreigon|89\/325
|-unboost|p1a: Victini|def|1
|-unboost|p1a: Victini|spd|1
|-unboost|p1a: Victini|spe|1
|
|turn|7
|
|move|p2a: Hydreigon|Roost|p2a: Hydreigon
|-heal|p2a: Hydreigon|252\/325
|move|p1a: Victini|V-create|p2a: Hydreigon
|-crit|p2a: Hydreigon
|-resisted|p2a: Hydreigon
|-damage|p2a: Hydreigon|0 fnt
|-unboost|p1a: Victini|def|1
|-unboost|p1a: Victini|spd|1
|-unboost|p1a: Victini|spe|1
|faint|p2a: Hydreigon
|
|chat|radianthero156|ow
|chat|SmashBrosBrawl|mfw
|chat|FlareBlitz|Oh.
|chat|kokoloko|sigh
|
|switch|p2a: Haxorus|Haxorus, F, shiny|293\/293
|-ability|p2a: Haxorus|Mold Breaker
|turn|8
|chat|FlareBlitz|<.<
|
|switch|p1a: Aromatisse|Aromatisse, M|406\/406
|move|p2a: Haxorus|Earthquake|p1a: Aromatisse
|-damage|p1a: Aromatisse|295\/406
|
|-heal|p1a: Aromatisse|320\/406|[from] item: Leftovers
|turn|9
|
|switch|p2a: Jirachi|Jirachi, shiny|341\/341
|move|p1a: Aromatisse|Wish|p1a: Aromatisse
|
|-heal|p1a: Aromatisse|345\/406|[from] item: Leftovers
|turn|10
|
|switch|p1a: Victini|Victini|341\/341
|move|p2a: Jirachi|Healing Wish|p2a: Jirachi
|faint|p2a: Jirachi
|
|
|switch|p2a: Blastoise|Blastoise-Mega, F|31\/335 par
|-heal|p2a: Blastoise|335\/335|[from] move: Healing Wish
|turn|11
|chat|FlareBlitz|._.
|chat|FlareBlitz|Oh.
|
|move|p1a: Victini|U-turn|p2a: Blastoise
|-damage|p2a: Blastoise|253\/335
|
|switch|p1a: Cofagrigus|Cofagrigus, F|320\/320
|move|p2a: Blastoise|Dark Pulse|p1a: Cofagrigus
|-supereffective|p1a: Cofagrigus
|-damage|p1a: Cofagrigus|0 fnt
|faint|p1a: Cofagrigus
|
|
|switch|p1a: Victini|Victini|341\/341
|turn|12
|
|switch|p2a: Nidoqueen|Nidoqueen, F|353\/353
|move|p1a: Victini|V-create|p2a: Nidoqueen
|-crit|p2a: Nidoqueen
|-damage|p2a: Nidoqueen|0 fnt
|-unboost|p1a: Victini|def|1
|-unboost|p1a: Victini|spd|1
|-unboost|p1a: Victini|spe|1
|faint|p2a: Nidoqueen
|
|chat|kokoloko|oml
|chat|kokoloko|that fucking vic
|chat|FlareBlitz|Uh at least
|chat|FlareBlitz|That one didn't matter?
|chat|radianthero156|viCRITini
|
|switch|p2a: Blastoise|Blastoise-Mega, F|253\/335
|turn|13
|chat|FlareBlitz|Yeah
|chat|FlareBlitz|The
|chat|FlareBlitz|Tini
|
|move|p2a: Blastoise|Hydro Pump|p1a: Victini
|-supereffective|p1a: Victini
|-damage|p1a: Victini|0 fnt
|faint|p1a: Victini
|
|chat|FlareBlitz|Your EVs are gay
|chat|kokoloko|LOL
|
|switch|p1a: Haxorus|Haxorus, F|293\/293
|-ability|p1a: Haxorus|Mold Breaker
|turn|14
|
|move|p1a: Haxorus|Outrage|p2a: Blastoise
|-damage|p2a: Blastoise|69\/335
|move|p2a: Blastoise|Dragon Pulse|p1a: Haxorus
|-supereffective|p1a: Haxorus
|-damage|p1a: Haxorus|0 fnt
|faint|p1a: Haxorus
|
|chat|kokoloko|die
|
|switch|p1a: Flygon|Flygon, M|301\/301
|turn|15
|
|move|p1a: Flygon|Outrage|p2a: Blastoise
|-damage|p2a: Blastoise|0 fnt
|faint|p2a: Blastoise
|
|
|switch|p2a: Crobat|Crobat, F|311\/311
|turn|16
|join|I Play Grepolis
|join|Shy Glizzy
|chat|kokoloko|hmmm
|chat|kokoloko|one sec
|chat|FlareBlitz|>.>
|chat|FlareBlitz|It doesn't ko if you're CB
|chat|FlareBlitz|But you get the nice confusion chance
|join|Colbrushie
|join|Volbeatdown
|chat|Shy Glizzy|Flare isn't this like your 4th battle in a row
|chat|FlareBlitz|And you may not die to moonblast
|chat|FlareBlitz|So that's cool
|chat|FlareBlitz|And yeah it is
|join|DatLatias
|chat|kokoloko|252 Atk Choice Band Crobat Brave Bird vs. 0 HP \/ 0 Def Flygon: 274-324 (91 - 107.6%) -- 43.8% chance to OHKO
|chat|FlareBlitz|I was so enthusiastic too ._.
|chat|Shy Glizzy|lmao
|chat|FlareBlitz|I was like
|chat|FlareBlitz|"I am going to do so many battles today"
|chat|FlareBlitz|And after the second one I was like "fuck this"
|chat|FlareBlitz|Just like sex
|leave|Volbeatdown
|
|move|p1a: Flygon|Outrage|p2a: Crobat
|-damage|p2a: Crobat|100\/311
|move|p2a: Crobat|U-turn|p1a: Flygon
|-damage|p1a: Flygon|174\/301
|chat|Shy Glizzy|I shoulda played you last
|chat|Shy Glizzy|after your confidence was shot
|chat|kokoloko|oh.
|chat|kokoloko|its scarf
|chat|kokoloko|fuck me
|
|switch|p2a: Haxorus|Haxorus, F, shiny|293\/293
|-ability|p2a: Haxorus|Mold Breaker
|
|-end|p1a: Flygon|rampage
|-start|p1a: Flygon|confusion
|turn|17
|chat|FlareBlitz|<3
|
|switch|p1a: Aromatisse|Aromatisse, M|345\/406
|move|p2a: Haxorus|Dragon Dance|p2a: Haxorus
|-boost|p2a: Haxorus|atk|1
|-boost|p2a: Haxorus|spe|1
|
|-heal|p1a: Aromatisse|370\/406|[from] item: Leftovers
|turn|18
|
|move|p2a: Haxorus|Dragon Dance|p2a: Haxorus
|-boost|p2a: Haxorus|atk|1
|-boost|p2a: Haxorus|spe|1
|move|p1a: Aromatisse|Moonblast|p2a: Haxorus
|-supereffective|p2a: Haxorus
|-damage|p2a: Haxorus|9\/293
|
|-heal|p1a: Aromatisse|395\/406|[from] item: Leftovers
|turn|19
|chat|SmashBrosBrawl|roseli berry 
|chat|SmashBrosBrawl|if real
|chat|FlareBlitz|Uh oh
|chat|I Play Grepolis|p jab
|chat|Shy Glizzy|oh shit
|chat|kokoloko|no pjab unfortunately
|join|aH yueaH
|chat|kokoloko|!
|chat|Shy Glizzy|hah!
|chat|kokoloko|my turn to crit pls
|chat|DatLatias|go to flygon
|chat|Shy Glizzy|he bought into the dual dance hype
|chat|Shy Glizzy|it was a ruse
|chat|FlareBlitz|50% chance to ohko
|chat|SmashBrosBrawl|4 SpA Aromatisse Moonblast vs. 0 HP \/ 0 SpD Haxorus: 272-324 (92.8 - 110.5%) -- 62.5% chance to OHKO
|chat|DatLatias|flygon and back to aromatisse
|
|move|p2a: Haxorus|Earthquake|p1a: Aromatisse
|-damage|p1a: Aromatisse|146\/406
|move|p1a: Aromatisse|Moonblast|p2a: Haxorus
|-supereffective|p2a: Haxorus
|-damage|p2a: Haxorus|0 fnt
|faint|p2a: Haxorus
|
|-heal|p1a: Aromatisse|171\/406|[from] item: Leftovers
|chat|DatLatias|on the outrage
|chat|FlareBlitz|Oh
|chat|kokoloko|i was srs
|chat|kokoloko|lol
|chat|FlareBlitz|It's double dance
|
|switch|p2a: Crobat|Crobat, F|100\/311
|turn|20
|chat|FlareBlitz|Best set for it tho
|
|move|p1a: Aromatisse|Protect|p1a: Aromatisse
|-singleturn|p1a: Aromatisse|Protect
|move|p2a: Crobat|Brave Bird|p1a: Aromatisse
|-activate|p1a: Aromatisse|Protect
|
|-heal|p1a: Aromatisse|196\/406|[from] item: Leftovers
|turn|21
|chat|kokoloko|i claim
|chat|kokoloko|bs hax
|chat|kokoloko|js
|
|move|p2a: Crobat|Brave Bird|p1a: Aromatisse
|-damage|p1a: Aromatisse|0 fnt
|-damage|p2a: Crobat|35\/311|[from] recoil|[of] p1a: Aromatisse
|faint|p1a: Aromatisse
|
|leave|DatLatias
|chat|FlareBlitz|I don't actually disagree with you this time
|
|switch|p1a: Flygon|Flygon, M|174\/301
|turn|22
|
|move|p1a: Flygon|Outrage|p2a: Crobat
|-damage|p2a: Crobat|0 fnt
|faint|p2a: Crobat
|
|win|FlareBlitz
|chat|FlareBlitz|gg
|chat|Shy Glizzy|shoulda trained your pokemon harder koko
|chat|FlareBlitz|BW next?
|chat|kokoloko|gg
|leave|SmashBrosBrawl
|chat|kokoloko|y
|leave|kokoloko
|player|p2
|leave|radianthero156
|chat|FlareBlitz|Chal
|leave|I Play Grepolis