|join|FlareBlitz
|join|Boner Dethroner
|player|p1|FlareBlitz|1
|player|p2|Boner Dethroner|116
|gametype|singles
|gen|6
|tier|UU
|rated
|rule|Sleep Clause Mod: Limit one foe put to sleep
|rule|Species Clause: Limit one of each Pokemon
|rule|OHKO Clause: OHKO moves are banned
|rule|Moody Clause: Moody is banned
|rule|Evasion Moves Clause: Evasion moves are banned
|rule|Endless Battle Clause: Forcing endless battles is banned
|rule|HP Percentage Mod: HP is reported as percentages
|clearpoke
|poke|p1|Magneton
|poke|p1|Staraptor, F
|poke|p1|Cresselia, F
|poke|p1|Doublade, F
|poke|p1|Rhyperior, M
|poke|p1|Heracross, F
|poke|p2|Entei, shiny
|poke|p2|Florges, F
|poke|p2|Hydreigon, F
|poke|p2|Forretress, F
|poke|p2|Gothorita, M
|poke|p2|Ampharos, M
|rule|Baton Pass Clause: Limit 3 pokemon knowing Baton Pass
|teampreview
|
|start
|switch|p1a: Staraptor|Staraptor, F|312\/312
|switch|p2a: Forretress|Forretress, F|354\/354
|turn|1
|
|move|p1a: Staraptor|Brave Bird|p2a: Forretress
|-damage|p2a: Forretress|140\/354
|-damage|p1a: Staraptor|241\/312|[from] recoil|[of] p2a: Forretress
|move|p2a: Forretress|Stealth Rock|p1a: Staraptor
|-sidestart|p1: FlareBlitz|move: Stealth Rock
|
|-heal|p2a: Forretress|162\/354|[from] item: Leftovers
|turn|2
|join|Gordy Lifestyle
|
|switch|p2a: Ampharos|Ampharos, M|383\/383
|move|p1a: Staraptor|Brave Bird|p2a: Ampharos
|-resisted|p2a: Ampharos
|-damage|p2a: Ampharos|207\/383
|-damage|p1a: Staraptor|183\/312|[from] recoil|[of] p2a: Ampharos
|
|turn|3
|
|switch|p1a: Magneton|Magneton|281\/281
|-damage|p1a: Magneton|264\/281|[from] Stealth Rock
|detailschange|p2a: Ampharos|Ampharos-Mega, M
|message|Ampharos has Mega Evolved into Mega Ampharos!
|-ability|p2a: Ampharos|Mold Breaker
|move|p2a: Ampharos|Rest|p2a: Ampharos
|-status|p2a: Ampharos|slp
|-heal|p2a: Ampharos|383\/383 slp|[silent]
|-status|p2a: Ampharos|slp|[from] move: Rest
|
|turn|4
|
|move|p1a: Magneton|Volt Switch|p2a: Ampharos
|-resisted|p2a: Ampharos
|-damage|p2a: Ampharos|353\/383 slp
|
|switch|p1a: Rhyperior|Rhyperior, M|417\/417
|-damage|p1a: Rhyperior|391\/417|[from] Stealth Rock
|cant|p2a: Ampharos|slp
|move|p2a: Ampharos|Sleep Talk|p2a: Ampharos
|move|p2a: Ampharos|Dragon Pulse|p1a: Rhyperior|[from]Sleep Talk
|-damage|p1a: Rhyperior|159\/417
|
|-heal|p1a: Rhyperior|185\/417|[from] item: Leftovers
|turn|5
|
|switch|p2a: Forretress|Forretress, F|162\/354
|move|p1a: Rhyperior|Stealth Rock|p2a: Forretress
|-sidestart|p2: Boner Dethroner|move: Stealth Rock
|
|-heal|p1a: Rhyperior|211\/417|[from] item: Leftovers
|-heal|p2a: Forretress|184\/354|[from] item: Leftovers
|turn|6
|
|switch|p1a: Doublade|Doublade, F|321\/321
|-damage|p1a: Doublade|301\/321|[from] Stealth Rock
|move|p2a: Forretress|Rapid Spin|p1a: Doublade
|-immune|p1a: Doublade|[msg]
|
|-heal|p2a: Forretress|206\/354|[from] item: Leftovers
|turn|7
|
|move|p1a: Doublade|Swords Dance|p1a: Doublade
|-boost|p1a: Doublade|atk|2
|move|p2a: Forretress|Volt Switch|p1a: Doublade
|-damage|p1a: Doublade|259\/321
|
|switch|p2a: Hydreigon|Hydreigon, F|326\/326
|-damage|p2a: Hydreigon|286\/326|[from] Stealth Rock
|
|-heal|p2a: Hydreigon|306\/326|[from] item: Leftovers
|turn|8
|
|move|p2a: Hydreigon|Dark Pulse|p1a: Doublade
|-supereffective|p1a: Doublade
|-damage|p1a: Doublade|0 fnt
|faint|p1a: Doublade
|
|-heal|p2a: Hydreigon|326\/326|[from] item: Leftovers
|
|switch|p1a: Heracross|Heracross, F|329\/329
|-damage|p1a: Heracross|288\/329|[from] Stealth Rock
|turn|9
|
|switch|p2a: Florges|Florges, F|360\/360
|-damage|p2a: Florges|315\/360|[from] Stealth Rock
|move|p1a: Heracross|Swords Dance|p1a: Heracross
|-boost|p1a: Heracross|atk|2
|
|-heal|p1a: Heracross|308\/329|[from] item: Leftovers
|-heal|p2a: Florges|337\/360|[from] item: Leftovers
|turn|10
|
|move|p1a: Heracross|Megahorn|p2a: Florges
|-resisted|p2a: Florges
|-damage|p2a: Florges|112\/360
|move|p2a: Florges|Moonblast|p1a: Heracross
|-supereffective|p1a: Heracross
|-damage|p1a: Heracross|54\/329
|
|-heal|p1a: Heracross|74\/329|[from] item: Leftovers
|-heal|p2a: Florges|134\/360|[from] item: Leftovers
|turn|11
|
|move|p1a: Heracross|Close Combat|p2a: Florges
|-resisted|p2a: Florges
|-damage|p2a: Florges|0 fnt
|-unboost|p1a: Heracross|def|1
|-unboost|p1a: Heracross|spd|1
|faint|p2a: Florges
|
|-heal|p1a: Heracross|94\/329|[from] item: Leftovers
|
|switch|p2a: Hydreigon|Hydreigon, F|326\/326
|-damage|p2a: Hydreigon|286\/326|[from] Stealth Rock
|turn|12
|
|switch|p1a: Rhyperior|Rhyperior, M|211\/417
|-damage|p1a: Rhyperior|185\/417|[from] Stealth Rock
|move|p2a: Hydreigon|Dragon Pulse|p1a: Rhyperior
|-damage|p1a: Rhyperior|0 fnt
|faint|p1a: Rhyperior
|
|-heal|p2a: Hydreigon|306\/326|[from] item: Leftovers
|
|switch|p1a: Staraptor|Staraptor, F|183\/312
|-damage|p1a: Staraptor|105\/312|[from] Stealth Rock
|turn|13
|
|switch|p2a: Forretress|Forretress, F|206\/354
|-damage|p2a: Forretress|162\/354|[from] Stealth Rock
|move|p1a: Staraptor|U-turn|p2a: Forretress
|-resisted|p2a: Forretress
|-damage|p2a: Forretress|127\/354
|
|switch|p1a: Cresselia|Cresselia, F|433\/433
|-damage|p1a: Cresselia|379\/433|[from] Stealth Rock
|
|-heal|p1a: Cresselia|406\/433|[from] item: Leftovers
|-heal|p2a: Forretress|149\/354|[from] item: Leftovers
|turn|14
|
|move|p1a: Cresselia|Substitute|p1a: Cresselia
|-start|p1a: Cresselia|Substitute
|-damage|p1a: Cresselia|298\/433
|move|p2a: Forretress|Rapid Spin|p1a: Cresselia
|-activate|p1a: Cresselia|Substitute|[damage]
|-sideend|p2: Boner Dethroner|Stealth Rock|[from] move: Rapid Spin|[of] p2a: Forretress
|
|-heal|p1a: Cresselia|325\/433|[from] item: Leftovers
|-heal|p2a: Forretress|171\/354|[from] item: Leftovers
|turn|15
|
|move|p1a: Cresselia|Calm Mind|p1a: Cresselia
|-boost|p1a: Cresselia|spa|1
|-boost|p1a: Cresselia|spd|1
|move|p2a: Forretress|Volt Switch|p1a: Cresselia
|-activate|p1a: Cresselia|Substitute|[damage]
|
|switch|p2a: Hydreigon|Hydreigon, F|306\/326
|
|-heal|p2a: Hydreigon|326\/326|[from] item: Leftovers
|-heal|p1a: Cresselia|352\/433|[from] item: Leftovers
|turn|16
|
|move|p2a: Hydreigon|Dark Pulse|p1a: Cresselia
|-supereffective|p1a: Cresselia
|-end|p1a: Cresselia|Substitute
|move|p1a: Cresselia|Calm Mind|p1a: Cresselia
|-boost|p1a: Cresselia|spa|1
|-boost|p1a: Cresselia|spd|1
|
|-heal|p1a: Cresselia|379\/433|[from] item: Leftovers
|turn|17
|
|move|p2a: Hydreigon|Dark Pulse|p1a: Cresselia
|-supereffective|p1a: Cresselia
|-damage|p1a: Cresselia|277\/433
|move|p1a: Cresselia|Substitute|p1a: Cresselia
|-start|p1a: Cresselia|Substitute
|-damage|p1a: Cresselia|169\/433
|
|-heal|p1a: Cresselia|196\/433|[from] item: Leftovers
|turn|18
|
|move|p2a: Hydreigon|Dark Pulse|p1a: Cresselia
|-supereffective|p1a: Cresselia
|-end|p1a: Cresselia|Substitute
|move|p1a: Cresselia|Calm Mind|p1a: Cresselia
|-boost|p1a: Cresselia|spa|1
|-boost|p1a: Cresselia|spd|1
|
|-heal|p1a: Cresselia|223\/433|[from] item: Leftovers
|turn|19
|
|move|p2a: Hydreigon|Dark Pulse|p1a: Cresselia
|-supereffective|p1a: Cresselia
|-damage|p1a: Cresselia|139\/433
|move|p1a: Cresselia|Moonlight|p1a: Cresselia
|-heal|p1a: Cresselia|355\/433
|
|-heal|p1a: Cresselia|382\/433|[from] item: Leftovers
|turn|20
|
|move|p2a: Hydreigon|U-turn|p1a: Cresselia
|-supereffective|p1a: Cresselia
|-damage|p1a: Cresselia|314\/433
|
|switch|p2a: Gothorita|Gothorita, M|324\/324
|move|p1a: Cresselia|Substitute|p1a: Cresselia
|-start|p1a: Cresselia|Substitute
|-damage|p1a: Cresselia|206\/433
|
|-heal|p1a: Cresselia|233\/433|[from] item: Leftovers
|turn|21
|
|move|p1a: Cresselia|Moonblast|p2a: Gothorita
|-damage|p2a: Gothorita|206\/324
|-unboost|p2a: Gothorita|spa|1
|move|p2a: Gothorita|Calm Mind|p2a: Gothorita
|-boost|p2a: Gothorita|spa|1
|-boost|p2a: Gothorita|spd|1
|
|-heal|p1a: Cresselia|260\/433|[from] item: Leftovers
|turn|22
|
|move|p1a: Cresselia|Calm Mind|p1a: Cresselia
|-boost|p1a: Cresselia|spa|1
|-boost|p1a: Cresselia|spd|1
|move|p2a: Gothorita|Calm Mind|p2a: Gothorita
|-boost|p2a: Gothorita|spa|1
|-boost|p2a: Gothorita|spd|1
|
|-heal|p1a: Cresselia|287\/433|[from] item: Leftovers
|turn|23
|
|move|p1a: Cresselia|Calm Mind|p1a: Cresselia
|-boost|p1a: Cresselia|spa|1
|-boost|p1a: Cresselia|spd|1
|move|p2a: Gothorita|Calm Mind|p2a: Gothorita
|-boost|p2a: Gothorita|spa|1
|-boost|p2a: Gothorita|spd|1
|
|-heal|p1a: Cresselia|314\/433|[from] item: Leftovers
|turn|24
|
|move|p1a: Cresselia|Calm Mind|p1a: Cresselia
|-boost|p1a: Cresselia|spa|1
|-boost|p1a: Cresselia|spd|1
|move|p2a: Gothorita|Calm Mind|p2a: Gothorita
|-boost|p2a: Gothorita|spa|1
|-boost|p2a: Gothorita|spd|1
|
|-heal|p1a: Cresselia|341\/433|[from] item: Leftovers
|turn|25
|
|move|p1a: Cresselia|Moonblast|p2a: Gothorita
|-damage|p2a: Gothorita|141\/324
|-unboost|p2a: Gothorita|spa|1
|move|p2a: Gothorita|Calm Mind|p2a: Gothorita
|-boost|p2a: Gothorita|spa|1
|-boost|p2a: Gothorita|spd|1
|
|-heal|p1a: Cresselia|368\/433|[from] item: Leftovers
|turn|26
|
|move|p1a: Cresselia|Moonblast|p2a: Gothorita
|-damage|p2a: Gothorita|87\/324
|move|p2a: Gothorita|Rest|p2a: Gothorita
|-status|p2a: Gothorita|slp
|-heal|p2a: Gothorita|324\/324 slp|[silent]
|-status|p2a: Gothorita|slp|[from] move: Rest
|
|-heal|p1a: Cresselia|395\/433|[from] item: Leftovers
|turn|27
|
|move|p1a: Cresselia|Moonblast|p2a: Gothorita
|-damage|p2a: Gothorita|268\/324 slp
|cant|p2a: Gothorita|slp
|
|-heal|p1a: Cresselia|422\/433|[from] item: Leftovers
|turn|28
|
|move|p1a: Cresselia|Moonblast|p2a: Gothorita
|-damage|p2a: Gothorita|213\/324 slp
|cant|p2a: Gothorita|slp
|
|-heal|p1a: Cresselia|433\/433|[from] item: Leftovers
|turn|29
|
|move|p1a: Cresselia|Moonblast|p2a: Gothorita
|-damage|p2a: Gothorita|160\/324 slp
|-curestatus|p2a: Gothorita|slp
|move|p2a: Gothorita|Calm Mind|p2a: Gothorita
|-boost|p2a: Gothorita|spa|1
|-boost|p2a: Gothorita|spd|1
|
|turn|30
|
|move|p1a: Cresselia|Moonblast|p2a: Gothorita
|-damage|p2a: Gothorita|107\/324
|move|p2a: Gothorita|Rest|p2a: Gothorita
|-status|p2a: Gothorita|slp
|-heal|p2a: Gothorita|324\/324 slp|[silent]
|-status|p2a: Gothorita|slp|[from] move: Rest
|
|turn|31
|
|move|p1a: Cresselia|Moonblast|p2a: Gothorita
|-crit|p2a: Gothorita
|-damage|p2a: Gothorita|19\/324 slp
|cant|p2a: Gothorita|slp
|
|turn|32
|
|move|p1a: Cresselia|Moonblast|p2a: Gothorita
|-damage|p2a: Gothorita|0 fnt
|faint|p2a: Gothorita
|
|-message|Boner Dethroner forfeited.
|
|win|FlareBlitz
|raw|Ladder updating...
|leave|Boner Dethroner
|player|p2
|raw|FlareBlitz's rating: 1600 &rarr; <strong>1616<\/strong><br \/>(+16 for winning)
|raw|Boner Dethroner's rating: 1525 &rarr; <strong>1509<\/strong><br \/>(-16 for losing)
|leave|FlareBlitz
|player|p1