|join|FlareBlitz
|join|Mob penguin hitman
|player|p1|FlareBlitz|170
|player|p2|Mob penguin hitman|80
|gametype|singles
|gen|6
|tier|UU
|rated
|rule|Sleep Clause Mod: Limit one foe put to sleep
|rule|Species Clause: Limit one of each PokÃ©mon
|rule|OHKO Clause: OHKO moves are banned
|rule|Moody Clause: Moody is banned
|rule|Evasion Moves Clause: Evasion moves are banned
|rule|Endless Battle Clause: Forcing endless battles is banned
|rule|HP Percentage Mod: HP is reported as percentages
|clearpoke
|poke|p1|Haxorus, M
|poke|p1|Sharpedo, F
|poke|p1|Celebi
|poke|p1|Chandelure, M
|poke|p1|Krookodile, F
|poke|p1|Crobat, M
|poke|p2|Aggron, F
|poke|p2|Infernape, F
|poke|p2|Azelf
|poke|p2|Heracross, M
|poke|p2|Krookodile, F
|poke|p2|Blissey, F
|rule|Swagger Clause: Swagger is banned
|rule|Baton Pass Clause: Limit one PokÃ©mon knowing Baton Pass
|teampreview
|join|Nas
|
|start
|switch|p1a: Crobat|Crobat, M|325\/325
|switch|p2a: Krookodile|Krookodile, F|394\/394
|turn|1
|
|move|p1a: Crobat|U-turn|p2a: Krookodile
|-supereffective|p2a: Krookodile
|-damage|p2a: Krookodile|164\/394
|
|switch|p1a: Krookodile|Krookodile, F|385\/385
|-ability|p1a: Krookodile|Intimidate|[of] p2a: Krookodile
|-unboost|p2a: Krookodile|atk|1
|move|p2a: Krookodile|Stealth Rock|p1a: Krookodile
|-sidestart|p1: FlareBlitz|move: Stealth Rock
|
|turn|2
|chat|Nas|everybody i see
|
|move|p1a: Krookodile|Stealth Rock|p2a: Krookodile
|-sidestart|p2: Mob penguin hitman|move: Stealth Rock
|move|p2a: Krookodile|Knock Off|p1a: Krookodile
|-resisted|p1a: Krookodile
|-damage|p1a: Krookodile|291\/385
|-enditem|p1a: Krookodile|Leftovers|[from] move: Knock Off|[of] p2a: Krookodile
|-damage|p2a: Krookodile|125\/394|[from] item: Life Orb
|
|turn|3
|chat|Nas|including me
|
|move|p1a: Krookodile|Earthquake|p2a: Krookodile
|-damage|p2a: Krookodile|0 fnt
|faint|p2a: Krookodile
|
|chat|Nas|is weak af to lo starmie
|chat|Nas|why doesnt that get used
|chat|Nas|a lot
|chat|Nas|idgi
|
|switch|p2a: Infernape|Infernape, F|293\/293
|-damage|p2a: Infernape|257\/293|[from] Stealth Rock
|turn|4
|
|switch|p1a: Chandelure|Chandelure, M|261\/261
|-damage|p1a: Chandelure|196\/261|[from] Stealth Rock
|move|p2a: Infernape|Close Combat|p1a: Chandelure
|-immune|p1a: Chandelure|[msg]
|
|turn|5
|
|move|p2a: Infernape|U-turn|p1a: Chandelure
|-resisted|p1a: Chandelure
|-damage|p1a: Chandelure|169\/261
|-damage|p2a: Infernape|228\/293|[from] item: Life Orb
|
|switch|p2a: Blissey|Blissey, F|714\/714
|-damage|p2a: Blissey|625\/714|[from] Stealth Rock
|move|p1a: Chandelure|Trick|p2a: Blissey
|-activate|p1a: Chandelure|move: Trick|[of] p2a: Blissey
|-item|p2a: Blissey|Choice Specs|[from] move: Trick
|-item|p1a: Chandelure|Leftovers|[from] move: Trick
|
|-heal|p1a: Chandelure|185\/261|[from] item: Leftovers
|turn|6
|
|switch|p1a: Krookodile|Krookodile, F|291\/385
|-damage|p1a: Krookodile|267\/385|[from] Stealth Rock
|-ability|p1a: Krookodile|Intimidate|[of] p2a: Blissey
|-unboost|p2a: Blissey|atk|1
|move|p2a: Blissey|Thunder Wave|p1a: Krookodile
|-immune|p1a: Krookodile|[msg]
|
|turn|7
|
|switch|p2a: Azelf|Azelf|291\/291
|-damage|p2a: Azelf|255\/291|[from] Stealth Rock
|move|p1a: Krookodile|Knock Off|p2a: Azelf
|-supereffective|p2a: Azelf
|-damage|p2a: Azelf|0 fnt
|-enditem|p2a: Azelf|Life Orb|[from] move: Knock Off|[of] p1a: Krookodile
|faint|p2a: Azelf
|
|
|switch|p2a: Infernape|Infernape, F|228\/293
|-damage|p2a: Infernape|192\/293|[from] Stealth Rock
|turn|8
|
|move|p2a: Infernape|U-turn|p1a: Krookodile
|-supereffective|p1a: Krookodile
|-damage|p1a: Krookodile|59\/385
|-damage|p2a: Infernape|163\/293|[from] item: Life Orb
|
|move|p1a: Krookodile|Pursuit|p2a: Infernape|[from]Pursuit
|-resisted|p2a: Infernape
|-damage|p2a: Infernape|73\/293
|switch|p2a: Heracross|Heracross, M|302\/302
|-damage|p2a: Heracross|265\/302|[from] Stealth Rock
|
|turn|9
|
|move|p2a: Heracross|Close Combat|p1a: Krookodile
|-supereffective|p1a: Krookodile
|-damage|p1a: Krookodile|0 fnt
|-unboost|p2a: Heracross|def|1
|-unboost|p2a: Heracross|spd|1
|faint|p1a: Krookodile
|-boost|p2a: Heracross|atk|1|[from] ability: Moxie
|
|chat|FlareBlitz|I don't like LOMIE
|
|switch|p1a: Chandelure|Chandelure, M|185\/261
|-damage|p1a: Chandelure|120\/261|[from] Stealth Rock
|turn|10
|
|switch|p2a: Blissey|Blissey, F|625\/714
|-damage|p2a: Blissey|536\/714|[from] Stealth Rock
|move|p1a: Chandelure|Fire Blast|p2a: Blissey
|-damage|p2a: Blissey|421\/714
|
|-heal|p1a: Chandelure|136\/261|[from] item: Leftovers
|turn|11
|
|move|p1a: Chandelure|Fire Blast|p2a: Blissey
|-damage|p2a: Blissey|306\/714
|move|p2a: Blissey|Thunder Wave|p1a: Chandelure
|-status|p1a: Chandelure|par
|
|-heal|p1a: Chandelure|152\/261 par|[from] item: Leftovers
|turn|12
|
|switch|p2a: Infernape|Infernape, F|73\/293
|-damage|p2a: Infernape|37\/293|[from] Stealth Rock
|move|p1a: Chandelure|Fire Blast|p2a: Infernape
|-resisted|p2a: Infernape
|-damage|p2a: Infernape|0 fnt
|faint|p2a: Infernape
|
|-heal|p1a: Chandelure|168\/261 par|[from] item: Leftovers
|
|switch|p2a: Aggron|Aggron, F|281\/281
|-damage|p2a: Aggron|264\/281|[from] Stealth Rock
|turn|13
|
|detailschange|p2a: Aggron|Aggron-Mega, F
|message|Aggron has Mega Evolved into Mega Aggron!
|move|p2a: Aggron|Earthquake|p1a: Chandelure
|-supereffective|p1a: Chandelure
|-damage|p1a: Chandelure|0 fnt
|faint|p1a: Chandelure
|
|
|switch|p1a: Haxorus|Haxorus, M|317\/317
|-damage|p1a: Haxorus|278\/317|[from] Stealth Rock
|-ability|p1a: Haxorus|Mold Breaker
|turn|14
|
|move|p1a: Haxorus|Earthquake|p2a: Aggron
|-supereffective|p2a: Aggron
|-damage|p2a: Aggron|136\/281
|move|p2a: Aggron|Heavy Slam|p1a: Haxorus
|-damage|p1a: Haxorus|91\/317
|
|turn|15
|
|switch|p2a: Blissey|Blissey, F|306\/714
|-damage|p2a: Blissey|217\/714|[from] Stealth Rock
|move|p1a: Haxorus|Earthquake|p2a: Blissey
|-damage|p2a: Blissey|0 fnt
|faint|p2a: Blissey
|
|
|switch|p2a: Aggron|Aggron-Mega, F|136\/281
|-damage|p2a: Aggron|119\/281|[from] Stealth Rock
|turn|16
|
|move|p1a: Haxorus|Earthquake|p2a: Aggron
|-supereffective|p2a: Aggron
|-damage|p2a: Aggron|0 fnt
|faint|p2a: Aggron
|
|chat|Mob penguin hitman|Wait what did i just do
|chat|Mob penguin hitman|Damn
|
|switch|p2a: Heracross|Heracross, M|265\/302
|-damage|p2a: Heracross|228\/302|[from] Stealth Rock
|turn|17
|
|move|p2a: Heracross|Close Combat|p1a: Haxorus
|-damage|p1a: Haxorus|0 fnt
|-unboost|p2a: Heracross|def|1
|-unboost|p2a: Heracross|spd|1
|faint|p1a: Haxorus
|-boost|p2a: Heracross|atk|1|[from] ability: Moxie
|
|
|switch|p1a: Crobat|Crobat, M|325\/325
|-damage|p1a: Crobat|244\/325|[from] Stealth Rock
|turn|18
|
|move|p2a: Heracross|Close Combat|p1a: Crobat
|-resisted|p1a: Crobat
|-damage|p1a: Crobat|150\/325
|-unboost|p2a: Heracross|def|1
|-unboost|p2a: Heracross|spd|1
|move|p1a: Crobat|Return|p2a: Heracross
|-damage|p2a: Heracross|0 fnt
|faint|p2a: Heracross
|
|win|FlareBlitz
|raw|Ladder updating...
|raw|FlareBlitz's rating: 1612 &rarr; <strong>1620<\/strong><br \/>(+8 for winning)
|raw|Mob penguin hitman's rating: 1358 &rarr; <strong>1350<\/strong><br \/>(-8 for losing)
|leave|Mob penguin hitman
|player|p2