|join|FlareBlitz
|join|Shit User
|player|p1|FlareBlitz|2
|player|p2|Shit User|181
|gametype|singles
|gen|6
|tier|UU
|rated
|rule|Sleep Clause Mod: Limit one foe put to sleep
|rule|Species Clause: Limit one of each Pokemon
|rule|OHKO Clause: OHKO moves are banned
|rule|Moody Clause: Moody is banned
|rule|Evasion Moves Clause: Evasion moves are banned
|rule|Endless Battle Clause: Forcing endless battles is banned
|rule|HP Percentage Mod: HP is reported as percentages
|clearpoke
|poke|p1|Staraptor, F
|poke|p1|Doublade, M
|poke|p1|Rhyperior, F
|poke|p1|Hydreigon, M
|poke|p1|Heracross, M
|poke|p1|Slowking, F
|poke|p2|Mienshao, M
|poke|p2|Nidoking, M
|poke|p2|Slowbro, F
|poke|p2|Blissey, F
|poke|p2|Donphan, F
|poke|p2|Kyurem
|rule|Baton Pass Clause: Limit 3 pokemon knowing Baton Pass
|teampreview
|chat|Shit User|well
|join|Ernesto_1.3
|chat|Shit User|im fucked
|join|Magnemite
|
|start
|switch|p1a: Heracross|Heracross, M|329\/329
|switch|p2a: Mienshao|Mienshao, M|271\/271
|turn|1
|
|switch|p1a: Doublade|Doublade, M|321\/321
|move|p2a: Mienshao|U-turn|p1a: Doublade
|-resisted|p1a: Doublade
|-damage|p1a: Doublade|309\/321
|-damage|p2a: Mienshao|244\/271|[from] item: Life Orb
|
|switch|p2a: Nidoking|Nidoking, M|303\/303
|
|turn|2
|
|switch|p1a: Slowking|Slowking, F|394\/394
|move|p2a: Nidoking|Ice Beam|p1a: Slowking
|-resisted|p1a: Slowking
|-damage|p1a: Slowking|333\/394
|
|-heal|p1a: Slowking|357\/394|[from] item: Leftovers
|turn|3
|
|switch|p2a: Kyurem|Kyurem|405\/405
|-ability|p2a: Kyurem|Pressure
|move|p1a: Slowking|Scald|p2a: Kyurem
|-resisted|p2a: Kyurem
|-damage|p2a: Kyurem|343\/405
|-status|p2a: Kyurem|brn
|
|-heal|p2a: Kyurem|368\/405 brn|[from] item: Leftovers
|-heal|p1a: Slowking|381\/394|[from] item: Leftovers
|-damage|p2a: Kyurem|318\/405 brn|[from] brn
|turn|4
|chat|Ernesto_1.3|lol
|
|switch|p2a: Slowbro|Slowbro, F|394\/394
|move|p1a: Slowking|Trick Room|p1a: Slowking
|-fieldstart|move: Trick Room|[of] p1a: Slowking
|
|-heal|p1a: Slowking|394\/394|[from] item: Leftovers
|turn|5
|chat|Ernesto_1.3|I love scald
|
|move|p1a: Slowking|Nasty Plot|p1a: Slowking
|-boost|p1a: Slowking|spa|2
|move|p2a: Slowbro|Scald|p1a: Slowking
|-resisted|p1a: Slowking
|-damage|p1a: Slowking|355\/394
|
|-heal|p1a: Slowking|379\/394|[from] item: Leftovers
|turn|6
|
|move|p1a: Slowking|Nasty Plot|p1a: Slowking
|-boost|p1a: Slowking|spa|2
|move|p2a: Slowbro|Toxic|p1a: Slowking
|-status|p1a: Slowking|tox
|
|-heal|p1a: Slowking|394\/394 tox|[from] item: Leftovers
|-damage|p1a: Slowking|370\/394 tox|[from] psn
|turn|7
|
|move|p1a: Slowking|Scald|p2a: Slowbro
|-resisted|p2a: Slowbro
|-damage|p2a: Slowbro|148\/394
|move|p2a: Slowbro|Slack Off|p2a: Slowbro
|-heal|p2a: Slowbro|345\/394
|
|-heal|p1a: Slowking|394\/394 tox|[from] item: Leftovers
|-heal|p2a: Slowbro|369\/394|[from] item: Leftovers
|-damage|p1a: Slowking|346\/394 tox|[from] psn
|turn|8
|chat|Ernesto_1.3|ok that's annoying
|
|move|p1a: Slowking|Scald|p2a: Slowbro
|-resisted|p2a: Slowbro
|-damage|p2a: Slowbro|118\/394
|move|p2a: Slowbro|Slack Off|p2a: Slowbro
|-heal|p2a: Slowbro|315\/394
|
|-heal|p1a: Slowking|370\/394 tox|[from] item: Leftovers
|-heal|p2a: Slowbro|339\/394|[from] item: Leftovers
|-damage|p1a: Slowking|298\/394 tox|[from] psn
|-fieldend|move: Trick Room
|turn|9
|
|switch|p1a: Hydreigon|Hydreigon, M|325\/325
|move|p2a: Slowbro|Scald|p1a: Hydreigon
|-resisted|p1a: Hydreigon
|-damage|p1a: Hydreigon|274\/325
|
|-heal|p2a: Slowbro|363\/394|[from] item: Leftovers
|turn|10
|
|switch|p2a: Blissey|Blissey, F|714\/714
|move|p1a: Hydreigon|U-turn|p2a: Blissey
|-damage|p2a: Blissey|605\/714
|
|switch|p1a: Heracross|Heracross, M|329\/329
|
|-heal|p2a: Blissey|649\/714|[from] item: Leftovers
|turn|11
|join|ashiemore
|chat|Ernesto_1.3|go to your counter
|chat|FlareBlitz|One of
|chat|FlareBlitz|Donphan
|raw|<div class="broadcast-red"><b>Moderated chat was set to +!<\/b><br \/>Only users of rank + and higher can talk.<\/div>
|chat|FlareBlitz|Slowbro
|chat|FlareBlitz|Or Nidoking
|chat|FlareBlitz|:3
|chat|ashiemore|lel
|chat|ashiemore|nop
|chat|Shit User|fk off trashiemore
|chat|ashiemore|:]
|
|switch|p2a: Donphan|Donphan, F|384\/384
|move|p1a: Heracross|Knock Off|p2a: Donphan
|-damage|p2a: Donphan|275\/384
|-enditem|p2a: Donphan|Leftovers|[from] move: Knock Off|[of] p1a: Heracross
|
|turn|12
|
|switch|p1a: Hydreigon|Hydreigon, M|274\/325
|move|p2a: Donphan|Stealth Rock|p1a: Hydreigon
|-sidestart|p1: FlareBlitz|move: Stealth Rock
|
|turn|13
|
|switch|p2a: Blissey|Blissey, F|649\/714
|move|p1a: Hydreigon|Draco Meteor|p2a: Blissey
|-damage|p2a: Blissey|393\/714
|-unboost|p1a: Hydreigon|spa|2
|
|-heal|p2a: Blissey|437\/714|[from] item: Leftovers
|turn|14
|leave|ashiemore
|
|switch|p1a: Heracross|Heracross, M|329\/329
|-damage|p1a: Heracross|288\/329|[from] Stealth Rock
|switch|p2a: Mienshao|Mienshao, M|271\/271
|
|turn|15
|
|move|p2a: Mienshao|U-turn|p1a: Heracross
|-resisted|p1a: Heracross
|-damage|p1a: Heracross|218\/329
|-damage|p2a: Mienshao|244\/271|[from] item: Life Orb
|
|switch|p2a: Donphan|Donphan, F|275\/384
|move|p1a: Heracross|Megahorn|p2a: Donphan
|-damage|p2a: Donphan|50\/384
|
|turn|16
|
|move|p1a: Heracross|Megahorn|p2a: Donphan
|-damage|p2a: Donphan|0 fnt
|faint|p2a: Donphan
|
|
|switch|p2a: Nidoking|Nidoking, M|303\/303
|turn|17
|
|switch|p1a: Hydreigon|Hydreigon, M|274\/325
|-damage|p1a: Hydreigon|234\/325|[from] Stealth Rock
|move|p2a: Nidoking|Poison Jab|p1a: Hydreigon
|-damage|p1a: Hydreigon|0 fnt
|faint|p1a: Hydreigon
|
|join|Meruu
|chat|FlareBlitz|wat
|
|switch|p1a: Staraptor|Staraptor, F|312\/312
|-damage|p1a: Staraptor|234\/312|[from] Stealth Rock
|turn|18
|chat|FlareBlitz|So
|chat|FlareBlitz|Is mixking a thing now
|chat|FlareBlitz|Or did I just get trolled
|chat|Shit User|well blissey
|chat|Shit User|mixed is much better
|chat|FlareBlitz|oh ok
|
|switch|p2a: Slowbro|Slowbro, F|394\/394
|move|p1a: Staraptor|Brave Bird|p2a: Slowbro
|-crit|p2a: Slowbro
|-damage|p2a: Slowbro|0 fnt
|-damage|p1a: Staraptor|104\/312|[from] recoil|[of] p2a: Slowbro
|faint|p2a: Slowbro
|
|chat|FlareBlitz|._.
|
|switch|p2a: Mienshao|Mienshao, M|271\/271
|turn|19
|chat|FlareBlitz|Man, consider crits are only 1.5x now
|chat|FlareBlitz|That's kind of ridiculous
|
|switch|p1a: Doublade|Doublade, M|309\/321
|-damage|p1a: Doublade|289\/321|[from] Stealth Rock
|move|p2a: Mienshao|Knock Off|p1a: Doublade
|-supereffective|p1a: Doublade
|-damage|p1a: Doublade|162\/321
|-enditem|p1a: Doublade|Eviolite|[from] move: Knock Off|[of] p2a: Mienshao
|-damage|p2a: Mienshao|244\/271|[from] item: Life Orb
|
|turn|20
|chat|Shit User|i mean if you were banded fair enough
|chat|Shit User|so im not going to complain in that case
|chat|FlareBlitz|I was.
|chat|Shit User|hence i didnt say anything
|
|switch|p2a: Kyurem|Kyurem|318\/405 brn
|-ability|p2a: Kyurem|Pressure
|move|p1a: Doublade|Shadow Sneak|p2a: Kyurem
|-damage|p2a: Kyurem|245\/405 brn
|
|-heal|p2a: Kyurem|270\/405 brn|[from] item: Leftovers
|-damage|p2a: Kyurem|220\/405 brn|[from] brn
|turn|21
|
|switch|p1a: Slowking|Slowking, F|394\/394 tox
|-damage|p1a: Slowking|345\/394 tox|[from] Stealth Rock
|move|p2a: Kyurem|Earth Power|p1a: Slowking
|-damage|p1a: Slowking|243\/394 tox
|-unboost|p1a: Slowking|spd|1
|
|-heal|p2a: Kyurem|245\/405 brn|[from] item: Leftovers
|-heal|p1a: Slowking|267\/394 tox|[from] item: Leftovers
|-damage|p2a: Kyurem|195\/405 brn|[from] brn
|-damage|p1a: Slowking|243\/394 tox|[from] psn
|turn|22
|chat|FlareBlitz|Trolled by ep
|
|switch|p1a: Doublade|Doublade, M|162\/321
|-damage|p1a: Doublade|142\/321|[from] Stealth Rock
|move|p2a: Kyurem|Roost|p2a: Kyurem
|-heal|p2a: Kyurem|398\/405 brn
|
|-heal|p2a: Kyurem|405\/405 brn|[from] item: Leftovers
|-damage|p2a: Kyurem|355\/405 brn|[from] brn
|turn|23
|
|switch|p1a: Slowking|Slowking, F|374\/394 tox
|-damage|p1a: Slowking|325\/394 tox|[from] Stealth Rock
|move|p2a: Kyurem|Substitute|p2a: Kyurem
|-start|p2a: Kyurem|Substitute
|-damage|p2a: Kyurem|254\/405 brn
|
|-heal|p2a: Kyurem|279\/405 brn|[from] item: Leftovers
|-heal|p1a: Slowking|349\/394 tox|[from] item: Leftovers
|-damage|p2a: Kyurem|229\/405 brn|[from] brn
|-damage|p1a: Slowking|325\/394 tox|[from] psn
|turn|24
|
|move|p2a: Kyurem|Earth Power|p1a: Slowking
|-damage|p1a: Slowking|216\/394 tox
|move|p1a: Slowking|Psyshock|p2a: Kyurem
|-end|p2a: Kyurem|Substitute
|
|-heal|p2a: Kyurem|254\/405 brn|[from] item: Leftovers
|-heal|p1a: Slowking|240\/394 tox|[from] item: Leftovers
|-damage|p2a: Kyurem|204\/405 brn|[from] brn
|-damage|p1a: Slowking|192\/394 tox|[from] psn
|turn|25
|join|jewff
|
|move|p2a: Kyurem|Roost|p2a: Kyurem
|-heal|p2a: Kyurem|405\/405 brn
|move|p1a: Slowking|Trick Room|p1a: Slowking
|-fieldstart|move: Trick Room|[of] p1a: Slowking
|
|-heal|p1a: Slowking|216\/394 tox|[from] item: Leftovers
|-damage|p1a: Slowking|144\/394 tox|[from] psn
|-damage|p2a: Kyurem|355\/405 brn|[from] brn
|turn|26
|
|switch|p1a: Rhyperior|Rhyperior, F|417\/417
|-damage|p1a: Rhyperior|391\/417|[from] Stealth Rock
|move|p2a: Kyurem|Earth Power|p1a: Rhyperior
|-supereffective|p1a: Rhyperior
|-damage|p1a: Rhyperior|139\/417
|
|-heal|p1a: Rhyperior|165\/417|[from] item: Leftovers
|-heal|p2a: Kyurem|380\/405 brn|[from] item: Leftovers
|-damage|p2a: Kyurem|330\/405 brn|[from] brn
|turn|27
|leave|jewff
|
|move|p1a: Rhyperior|Rock Blast|p2a: Kyurem
|-supereffective|p2a: Kyurem
|-damage|p2a: Kyurem|226\/405 brn
|-supereffective|p2a: Kyurem
|-damage|p2a: Kyurem|124\/405 brn
|-supereffective|p2a: Kyurem
|-damage|p2a: Kyurem|16\/405 brn
|-hitcount|p2a: Kyurem|3
|move|p2a: Kyurem|Earth Power|p1a: Rhyperior
|-supereffective|p1a: Rhyperior
|-damage|p1a: Rhyperior|0 fnt
|faint|p1a: Rhyperior
|
|-heal|p2a: Kyurem|41\/405 brn|[from] item: Leftovers
|-damage|p2a: Kyurem|0 fnt|[from] brn
|faint|p2a: Kyurem
|
|switch|p1a: Heracross|Heracross, M|218\/329
|-damage|p1a: Heracross|177\/329|[from] Stealth Rock
|switch|p2a: Nidoking|Nidoking, M|303\/303
|turn|28
|
|move|p2a: Nidoking|Poison Jab|p1a: Heracross
|-damage|p1a: Heracross|0 fnt
|faint|p1a: Heracross
|
|chat|FlareBlitz|...................................
|chat|FlareBlitz|Are you 0 speed
|chat|Shit User|nope
|
|switch|p1a: Doublade|Doublade, M|142\/321
|-damage|p1a: Doublade|122\/321|[from] Stealth Rock
|turn|29
|chat|Shit User|238
|
|move|p1a: Doublade|Swords Dance|p1a: Doublade
|-boost|p1a: Doublade|atk|2
|move|p2a: Nidoking|Earth Power|p1a: Doublade
|-supereffective|p1a: Doublade
|-damage|p1a: Doublade|0 fnt
|faint|p1a: Doublade
|
|-fieldend|move: Trick Room
|
|switch|p1a: Staraptor|Staraptor, F|104\/312
|-damage|p1a: Staraptor|26\/312|[from] Stealth Rock
|turn|30
|
|move|p2a: Nidoking|Sucker Punch|p1a: Staraptor
|-damage|p1a: Staraptor|0 fnt
|-damage|p2a: Nidoking|273\/303|[from] item: Life Orb
|faint|p1a: Staraptor
|
|chat|Shit User|:]
|
|switch|p1a: Slowking|Slowking, F|275\/394 tox
|-damage|p1a: Slowking|226\/394 tox|[from] Stealth Rock
|turn|31
|chat|Shit User|youre one of those players used to dealing with standard shit right
|
|move|p2a: Nidoking|Poison Jab|p1a: Slowking
|-damage|p1a: Slowking|0 fnt
|faint|p1a: Slowking
|
|win|Shit User
|raw|Ladder updating...
|raw|FlareBlitz's rating: 1636 &rarr; <strong>1603<\/strong><br \/>(-33 for losing)
|raw|Shit User's rating: 1354 &rarr; <strong>1387<\/strong><br \/>(+33 for winning)
|chat|FlareBlitz|gg.
|chat|Shit User|gg
|leave|FlareBlitz
|player|p1