|join|FlareBlitz
|join|Meruu
|player|p1|FlareBlitz|2
|player|p2|Meruu|253
|gametype|singles
|gen|6
|tier|UU
|rule|Sleep Clause Mod: Limit one foe put to sleep
|rule|Species Clause: Limit one of each PokÃ©mon
|rule|OHKO Clause: OHKO moves are banned
|rule|Moody Clause: Moody is banned
|rule|Evasion Moves Clause: Evasion moves are banned
|rule|Endless Battle Clause: Forcing endless battles is banned
|rule|HP Percentage Mod: HP is reported as percentages
|clearpoke
|poke|p1|Slowking, F
|poke|p1|Chesnaught, M
|poke|p1|Victini
|poke|p1|Aerodactyl, F
|poke|p1|Heracross, F
|poke|p1|Blastoise, F
|poke|p2|Snorlax, M
|poke|p2|Slowking, F
|poke|p2|Aromatisse, F
|poke|p2|Gligar, F
|poke|p2|Roserade, M
|poke|p2|Sableye, M
|rule|Swagger Clause: Swagger is banned
|rule|Baton Pass Clause: Limit three PokÃ©mon knowing Baton Pass
|teampreview
|join|Nas
|chat|Meruu|wtf is up with ur chesnaught obsession
|chat|FlareBlitz|It's the best pokemon in the metagam
|chat|FlareBlitz|:3
|join|Swamp Link
|
|start
|switch|p1a: Heracross|Heracross, F|329\/329
|switch|p2a: Slowking|Slowking, F|394\/394
|turn|1
|
|switch|p2a: Aromatisse|Aromatisse, F|406\/406
|move|p1a: Heracross|Knock Off|p2a: Aromatisse
|-resisted|p2a: Aromatisse
|-damage|p2a: Aromatisse|330\/406
|-enditem|p2a: Aromatisse|Leftovers|[from] move: Knock Off|[of] p1a: Heracross
|
|turn|2
|
|switch|p1a: Victini|Victini|341\/341
|switch|p2a: Gligar|Gligar, F|334\/334
|
|turn|3
|
|move|p1a: Victini|Trick|p2a: Gligar
|-activate|p1a: Victini|move: Trick|[of] p2a: Gligar
|-item|p2a: Gligar|Choice Band|[from] move: Trick
|-item|p1a: Victini|Eviolite|[from] move: Trick
|move|p2a: Gligar|Stealth Rock|p1a: Victini
|-sidestart|p1: FlareBlitz|move: Stealth Rock
|
|turn|4
|join|epic4eternity
|
|switch|p2a: Slowking|Slowking, F|394\/394
|move|p1a: Victini|U-turn|p2a: Slowking
|-supereffective|p2a: Slowking
|-damage|p2a: Slowking|274\/394
|chat|Nas|doesnt v-create 2hko gligar
|
|switch|p1a: Heracross|Heracross, F|329\/329
|-damage|p1a: Heracross|288\/329|[from] Stealth Rock
|
|-heal|p2a: Slowking|298\/394|[from] item: Leftovers
|turn|5
|chat|Swamp Link|yeah
|
|switch|p2a: Gligar|Gligar, F|334\/334
|move|p1a: Heracross|Megahorn|p2a: Gligar
|-resisted|p2a: Gligar
|-damage|p2a: Gligar|208\/334
|
|turn|6
|chat|Swamp Link|but if he's running a good set he'll have enough ev's to outspeed -1 victini
|
|switch|p1a: Chesnaught|Chesnaught, M|380\/380
|-damage|p1a: Chesnaught|357\/380|[from] Stealth Rock
|move|p2a: Gligar|Roost|p2a: Gligar
|-heal|p2a: Gligar|334\/334
|
|-heal|p1a: Chesnaught|380\/380|[from] item: Leftovers
|turn|7
|join|bouff
|
|switch|p2a: Roserade|Roserade, M|324\/324
|move|p1a: Chesnaught|Spikes|p2a: Roserade
|-sidestart|p2: Meruu|Spikes
|
|turn|8
|join|namehtmas
|
|move|p2a: Roserade|Spikes|p1a: Chesnaught
|-sidestart|p1: FlareBlitz|Spikes
|move|p1a: Chesnaught|Spikes|p2a: Roserade
|-sidestart|p2: Meruu|Spikes
|
|turn|9
|chat|Meruu|o_k
|
|move|p2a: Roserade|Toxic Spikes|p1a: Chesnaught
|-sidestart|p1: FlareBlitz|move: Toxic Spikes
|move|p1a: Chesnaught|Spikes|p2a: Roserade
|-sidestart|p2: Meruu|Spikes
|
|turn|10
|
|switch|p1a: Heracross|Heracross, F|288\/329
|-damage|p1a: Heracross|247\/329|[from] Spikes
|-damage|p1a: Heracross|206\/329|[from] Stealth Rock
|-status|p1a: Heracross|psn
|move|p2a: Roserade|Spikes|p1a: Heracross
|-sidestart|p1: FlareBlitz|Spikes
|
|-damage|p1a: Heracross|165\/329 psn|[from] psn
|turn|11
|
|switch|p2a: Gligar|Gligar, F|334\/334
|move|p1a: Heracross|Megahorn|p2a: Gligar|[miss]
|-miss|p1a: Heracross|p2a: Gligar
|
|-damage|p1a: Heracross|124\/329 psn|[from] psn
|turn|12
|chat|FlareBlitz|Damn.
|join|zTerribadTastic
|
|switch|p1a: Blastoise|Blastoise, F|353\/353
|-damage|p1a: Blastoise|295\/353|[from] Spikes
|-damage|p1a: Blastoise|251\/353|[from] Stealth Rock
|-status|p1a: Blastoise|psn
|move|p2a: Gligar|Toxic|p1a: Blastoise
|-fail|p1a: Blastoise
|
|-damage|p1a: Blastoise|207\/353 psn|[from] psn
|turn|13
|
|switch|p2a: Sableye|Sableye, M|304\/304
|-damage|p2a: Sableye|228\/304|[from] Spikes
|detailschange|p1a: Blastoise|Blastoise-Mega, F
|message|Blastoise has Mega Evolved into Mega Blastoise!
|move|p1a: Blastoise|Rapid Spin|p2a: Sableye
|-immune|p2a: Sableye|[msg]
|
|-heal|p2a: Sableye|247\/304|[from] item: Leftovers
|-damage|p1a: Blastoise|163\/353 psn|[from] psn
|turn|14
|chat|bouff|meru your team is hot
|chat|bouff|af
|chat|Meruu|thx i just made it 2day
|chat|bouff|: ^ )
|
|move|p1a: Blastoise|Scald|p2a: Sableye
|-damage|p2a: Sableye|97\/304
|move|p2a: Sableye|Knock Off|p1a: Blastoise
|-damage|p1a: Blastoise|109\/353 psn
|
|-heal|p2a: Sableye|116\/304|[from] item: Leftovers
|-damage|p1a: Blastoise|65\/353 psn|[from] psn
|turn|15
|
|switch|p1a: Heracross|Heracross, F|124\/329 psn
|-damage|p1a: Heracross|70\/329 psn|[from] Spikes
|-damage|p1a: Heracross|29\/329 psn|[from] Stealth Rock
|move|p2a: Sableye|Recover|p2a: Sableye
|-heal|p2a: Sableye|268\/304
|
|-heal|p2a: Sableye|287\/304|[from] item: Leftovers
|-damage|p1a: Heracross|0 fnt|[from] psn
|faint|p1a: Heracross
|
|switch|p1a: Victini|Victini|341\/341
|-status|p1a: Victini|psn
|-damage|p1a: Victini|285\/341 psn|[from] Spikes
|-damage|p1a: Victini|200\/341 psn|[from] Stealth Rock
|turn|16
|chat|Meruu|?_?
|chat|bouff|um?
|chat|bouff|kek?
|
|switch|p2a: Gligar|Gligar, F|334\/334
|move|p1a: Victini|V-create|p2a: Gligar
|-damage|p2a: Gligar|147\/334
|-unboost|p1a: Victini|def|1
|-unboost|p1a: Victini|spd|1
|-unboost|p1a: Victini|spe|1
|
|-damage|p1a: Victini|158\/341 psn|[from] psn
|turn|17
|
|move|p1a: Victini|V-create|p2a: Gligar
|-damage|p2a: Gligar|0 fnt
|-unboost|p1a: Victini|def|1
|-unboost|p1a: Victini|spd|1
|-unboost|p1a: Victini|spe|1
|faint|p2a: Gligar
|
|-damage|p1a: Victini|116\/341 psn|[from] psn
|chat|bouff|wtf
|chat|bouff|why didnt you
|chat|bouff|creep to outspeed that
|chat|bouff|its like 88 speed
|join|Je prends note
|chat|Meruu|because gligar needs every def pt it can get?
|chat|Swamp Link|52*
|chat|bouff|o
|chat|bouff|k e k
|
|switch|p2a: Slowking|Slowking, F|394\/394
|-damage|p2a: Slowking|296\/394|[from] Spikes
|turn|18
|chat|Meruu|also wtf does it matter
|chat|Meruu|I win
|
|move|p1a: Victini|Bolt Strike|p2a: Slowking
|-supereffective|p2a: Slowking
|-damage|p2a: Slowking|98\/394
|move|p2a: Slowking|Slack Off|p2a: Slowking
|-heal|p2a: Slowking|295\/394
|
|-heal|p2a: Slowking|319\/394|[from] item: Leftovers
|-damage|p1a: Victini|74\/341 psn|[from] psn
|turn|19
|
|move|p1a: Victini|Trick|p2a: Slowking
|-activate|p1a: Victini|move: Trick|[of] p2a: Slowking
|-item|p2a: Slowking|Eviolite|[from] move: Trick
|-item|p1a: Victini|Leftovers|[from] move: Trick
|move|p2a: Slowking|Slack Off|p2a: Slowking
|-heal|p2a: Slowking|394\/394
|
|-heal|p1a: Victini|95\/341 psn|[from] item: Leftovers
|-damage|p1a: Victini|53\/341 psn|[from] psn
|turn|20
|chat|Meruu|nerd
|
|move|p1a: Victini|Bolt Strike|p2a: Slowking
|-supereffective|p2a: Slowking
|-damage|p2a: Slowking|176\/394
|move|p2a: Slowking|Scald|p1a: Victini
|-supereffective|p1a: Victini
|-damage|p1a: Victini|0 fnt
|faint|p1a: Victini
|
|
|switch|p1a: Aerodactyl|Aerodactyl, F|302\/302
|-damage|p1a: Aerodactyl|227\/302|[from] Stealth Rock
|-ability|p1a: Aerodactyl|Unnerve|p2: Meruu
|turn|21
|join|Calloflochie
|
|switch|p2a: Roserade|Roserade, M|324\/324
|-damage|p2a: Roserade|243\/324|[from] Spikes
|move|p1a: Aerodactyl|Crunch|p2a: Roserade
|-damage|p2a: Roserade|112\/324
|
|-heal|p2a: Roserade|132\/324|[from] item: Leftovers
|turn|22
|chat|Meruu|?_?
|chat|Meruu|no mevo?
|
|move|p1a: Aerodactyl|Stone Edge|p2a: Roserade|[miss]
|-miss|p1a: Aerodactyl|p2a: Roserade
|move|p2a: Roserade|Sludge Bomb|p1a: Aerodactyl
|-resisted|p1a: Aerodactyl
|-damage|p1a: Aerodactyl|145\/302
|
|-heal|p2a: Roserade|152\/324|[from] item: Leftovers
|turn|23
|
|move|p1a: Aerodactyl|Stone Edge|p2a: Roserade
|-damage|p2a: Roserade|0 fnt
|faint|p2a: Roserade
|
|chat|epic4eternity|he mevoed with toise
|chat|FlareBlitz|I actually
|chat|FlareBlitz|forgot
|
|switch|p2a: Sableye|Sableye, M|287\/304
|-damage|p2a: Sableye|211\/304|[from] Spikes
|turn|24
|chat|FlareBlitz|That I can only have one m-evo
|chat|FlareBlitz|Per team
|
|move|p2a: Sableye|Will-O-Wisp|p1a: Aerodactyl|[miss]
|-miss|p2a: Sableye|p1a: Aerodactyl
|move|p1a: Aerodactyl|Stealth Rock|p2a: Sableye
|-sidestart|p2: Meruu|move: Stealth Rock
|
|-heal|p2a: Sableye|230\/304|[from] item: Leftovers
|turn|25
|chat|Meruu|o_o
|
|switch|p1a: Blastoise|Blastoise-Mega, F|65\/353 psn
|-damage|p1a: Blastoise|21\/353 psn|[from] Stealth Rock
|-damage|p1a: Blastoise|0 fnt|[from] Spikes
|faint|p1a: Blastoise
|move|p2a: Sableye|Will-O-Wisp|p1: Blastoise|[notarget]
|-notarget
|
|-heal|p2a: Sableye|249\/304|[from] item: Leftovers
|chat|FlareBlitz|>.>
|
|switch|p1a: Chesnaught|Chesnaught, M|380\/380
|-damage|p1a: Chesnaught|357\/380|[from] Stealth Rock
|-damage|p1a: Chesnaught|294\/380|[from] Spikes
|-status|p1a: Chesnaught|psn
|turn|26
|
|move|p2a: Sableye|Taunt|p1a: Chesnaught
|-start|p1a: Chesnaught|move: Taunt
|move|p1a: Chesnaught|Wood Hammer|p2a: Sableye
|-damage|p2a: Sableye|57\/304
|-damage|p1a: Chesnaught|231\/380 psn|[from] recoil|[of] p2a: Sableye
|
|-heal|p1a: Chesnaught|254\/380 psn|[from] item: Leftovers
|-heal|p2a: Sableye|76\/304|[from] item: Leftovers
|-damage|p1a: Chesnaught|207\/380 psn|[from] psn
|turn|27
|chat|bouff|woody
|
|move|p2a: Sableye|Recover|p2a: Sableye
|-heal|p2a: Sableye|228\/304
|move|p1a: Chesnaught|Wood Hammer|p2a: Sableye
|-damage|p2a: Sableye|42\/304
|-damage|p1a: Chesnaught|146\/380 psn|[from] recoil|[of] p2a: Sableye
|
|-heal|p1a: Chesnaught|169\/380 psn|[from] item: Leftovers
|-heal|p2a: Sableye|61\/304|[from] item: Leftovers
|-damage|p1a: Chesnaught|122\/380 psn|[from] psn
|turn|28
|leave|Swamp Link
|
|move|p2a: Sableye|Recover|p2a: Sableye
|-heal|p2a: Sableye|213\/304
|move|p1a: Chesnaught|Wood Hammer|p2a: Sableye
|-damage|p2a: Sableye|12\/304
|-damage|p1a: Chesnaught|56\/380 psn|[from] recoil|[of] p2a: Sableye
|
|-heal|p1a: Chesnaught|79\/380 psn|[from] item: Leftovers
|-heal|p2a: Sableye|31\/304|[from] item: Leftovers
|-damage|p1a: Chesnaught|32\/380 psn|[from] psn
|-end|p1a: Chesnaught|move: Taunt
|turn|29
|
|move|p2a: Sableye|Taunt|p1a: Chesnaught
|-start|p1a: Chesnaught|move: Taunt
|move|p1a: Chesnaught|Wood Hammer|p2a: Sableye
|-damage|p2a: Sableye|0 fnt
|-damage|p1a: Chesnaught|22\/380 psn|[from] recoil|[of] p2a: Sableye
|faint|p2a: Sableye
|
|-heal|p1a: Chesnaught|45\/380 psn|[from] item: Leftovers
|-damage|p1a: Chesnaught|0 fnt|[from] psn
|faint|p1a: Chesnaught
|
|switch|p1a: Aerodactyl|Aerodactyl, F|145\/302
|-damage|p1a: Aerodactyl|70\/302|[from] Stealth Rock
|switch|p2a: Aromatisse|Aromatisse, F|330\/406
|-damage|p2a: Aromatisse|280\/406|[from] Stealth Rock
|-damage|p2a: Aromatisse|179\/406|[from] Spikes
|-ability|p1a: Aerodactyl|Unnerve|p2: Meruu
|turn|30
|
|move|p1a: Aerodactyl|Stone Edge|p2a: Aromatisse
|-damage|p2a: Aromatisse|40\/406
|move|p2a: Aromatisse|Wish|p2a: Aromatisse
|
|turn|31
|
|move|p2a: Aromatisse|Protect|p2a: Aromatisse
|-singleturn|p2a: Aromatisse|Protect
|move|p1a: Aerodactyl|Stone Edge|p2a: Aromatisse
|-activate|p2a: Aromatisse|Protect
|
|-heal|p2a: Aromatisse|243\/406|[from] move: Wish|[wisher] Aromatisse
|turn|32
|
|move|p1a: Aerodactyl|Stone Edge|p2a: Aromatisse
|-damage|p2a: Aromatisse|96\/406
|move|p2a: Aromatisse|Wish|p2a: Aromatisse
|
|turn|33
|leave|Nas
|chat|Meruu|wtf are you not running
|chat|Meruu|taunt
|chat|Meruu|roos
|chat|Meruu|tdefog
|
|move|p2a: Aromatisse|Protect|p2a: Aromatisse
|-singleturn|p2a: Aromatisse|Protect
|move|p1a: Aerodactyl|Crunch|p2a: Aromatisse
|-activate|p2a: Aromatisse|Protect
|
|-heal|p2a: Aromatisse|299\/406|[from] move: Wish|[wisher] Aromatisse
|turn|34
|
|move|p1a: Aerodactyl|Crunch|p2a: Aromatisse
|-resisted|p2a: Aromatisse
|-damage|p2a: Aromatisse|263\/406
|move|p2a: Aromatisse|Wish|p2a: Aromatisse
|
|turn|35
|join|flcl
|
|move|p1a: Aerodactyl|Crunch|p2a: Aromatisse
|-resisted|p2a: Aromatisse
|-damage|p2a: Aromatisse|224\/406
|move|p2a: Aromatisse|Moonblast|p1a: Aerodactyl
|-damage|p1a: Aerodactyl|0 fnt
|faint|p1a: Aerodactyl
|
|-heal|p2a: Aromatisse|406\/406|[from] move: Wish|[wisher] Aromatisse
|chat|Meruu|also i should rmt this shit
|
|switch|p1a: Slowking|Slowking, F|394\/394
|-damage|p1a: Slowking|329\/394|[from] Spikes
|-damage|p1a: Slowking|280\/394|[from] Stealth Rock
|-status|p1a: Slowking|psn
|turn|36
|
|switch|p2a: Snorlax|Snorlax, M|497\/497
|-damage|p2a: Snorlax|435\/497|[from] Stealth Rock
|-damage|p2a: Snorlax|311\/497|[from] Spikes
|move|p1a: Slowking|Nasty Plot|p1a: Slowking
|-boost|p1a: Slowking|spa|2
|
|-heal|p2a: Snorlax|342\/497|[from] item: Leftovers
|-heal|p1a: Slowking|304\/394 psn|[from] item: Leftovers
|-damage|p1a: Slowking|255\/394 psn|[from] psn
|turn|37
|
|move|p2a: Snorlax|Curse|p2a: Snorlax
|-boost|p2a: Snorlax|atk|1
|-boost|p2a: Snorlax|def|1
|-unboost|p2a: Snorlax|spe|1
|move|p1a: Slowking|Trick Room|p1a: Slowking
|-fieldstart|move: Trick Room|[of] p1a: Slowking
|
|-heal|p1a: Slowking|279\/394 psn|[from] item: Leftovers
|-heal|p2a: Snorlax|373\/497|[from] item: Leftovers
|-damage|p1a: Slowking|230\/394 psn|[from] psn
|turn|38
|
|move|p1a: Slowking|Scald|p2a: Snorlax
|-damage|p2a: Snorlax|184\/497
|-status|p2a: Snorlax|brn
|move|p2a: Snorlax|Curse|p2a: Snorlax
|-boost|p2a: Snorlax|atk|1
|-boost|p2a: Snorlax|def|1
|-unboost|p2a: Snorlax|spe|1
|
|-heal|p2a: Snorlax|215\/497 brn|[from] item: Leftovers
|-heal|p1a: Slowking|254\/394 psn|[from] item: Leftovers
|-damage|p2a: Snorlax|153\/497 brn|[from] brn
|-damage|p1a: Slowking|205\/394 psn|[from] psn
|turn|39
|chat|bouff|dont put an importable imo
|chat|Meruu|x_x
|chat|bouff|:^)
|chat|zTerribadTastic|real king
|
|move|p2a: Snorlax|Rest|p2a: Snorlax
|-status|p2a: Snorlax|slp
|-heal|p2a: Snorlax|497\/497 slp|[silent]
|-status|p2a: Snorlax|slp|[from] move: Rest
|move|p1a: Slowking|Scald|p2a: Snorlax
|-damage|p2a: Snorlax|295\/497 slp
|
|-heal|p2a: Snorlax|326\/497 slp|[from] item: Leftovers
|-heal|p1a: Slowking|229\/394 psn|[from] item: Leftovers
|-damage|p1a: Slowking|180\/394 psn|[from] psn
|turn|40
|chat|FlareBlitz|LOL?!
|chat|FlareBlitz|Oh
|chat|FlareBlitz|Curse.
|chat|FlareBlitz|>.>
|chat|Meruu|flareblitz missed the curselax meta
|chat|flcl|why dont u just
|chat|flcl|kill it
|
|cant|p2a: Snorlax|slp
|move|p2a: Snorlax|Sleep Talk|p2a: Snorlax
|move|p2a: Snorlax|Rest|p2a: Snorlax|[from]Sleep Talk
|-fail|p2a: Snorlax
|move|p1a: Slowking|Psyshock|p2a: Snorlax
|-damage|p2a: Snorlax|179\/497 slp
|
|-heal|p2a: Snorlax|210\/497 slp|[from] item: Leftovers
|-heal|p1a: Slowking|204\/394 psn|[from] item: Leftovers
|-damage|p1a: Slowking|155\/394 psn|[from] psn
|turn|41
|chat|Meruu|me?
|chat|bouff|p-pls
|chat|flcl|ye
|chat|Meruu|o
|chat|Meruu|I didn't
|chat|Meruu|notice
|chat|Meruu|no slack off
|chat|Meruu|:o
|chat|Meruu|w\/e
|
|cant|p2a: Snorlax|slp
|move|p2a: Snorlax|Sleep Talk|p2a: Snorlax
|move|p2a: Snorlax|Rest|p2a: Snorlax|[from]Sleep Talk
|-fail|p2a: Snorlax
|move|p1a: Slowking|Scald|p2a: Snorlax
|-damage|p2a: Snorlax|29\/497 slp
|
|-heal|p2a: Snorlax|60\/497 slp|[from] item: Leftovers
|-heal|p1a: Slowking|179\/394 psn|[from] item: Leftovers
|-damage|p1a: Slowking|130\/394 psn|[from] psn
|-fieldend|move: Trick Room
|turn|42
|chat|bouff|frustrate here]
|
|move|p1a: Slowking|Scald|p2a: Snorlax
|-damage|p2a: Snorlax|0 fnt
|faint|p2a: Snorlax
|
|-heal|p1a: Slowking|154\/394 psn|[from] item: Leftovers
|-damage|p1a: Slowking|105\/394 psn|[from] psn
|chat|FlareBlitz|Too bad you're slower.
|
|switch|p2a: Aromatisse|Aromatisse, F|406\/406
|-damage|p2a: Aromatisse|356\/406|[from] Stealth Rock
|-damage|p2a: Aromatisse|255\/406|[from] Spikes
|turn|43
|chat|FlareBlitz|You still win though
|chat|Meruu|B)
|
|move|p2a: Aromatisse|Moonblast|p1a: Slowking
|-damage|p1a: Slowking|0 fnt
|faint|p1a: Slowking
|
|win|Meruu
|chat|FlareBlitz|gg.
|leave|Je prends note
|leave|flcl