|join|hilarious
|join|FlareBlitz
|player|p1|hilarious|184
|player|p2|FlareBlitz|169
|gametype|singles
|gen|6
|tier|UU
|rated
|rule|Sleep Clause Mod: Limit one foe put to sleep
|rule|Species Clause: Limit one of each Pokemon
|rule|OHKO Clause: OHKO moves are banned
|rule|Moody Clause: Moody is banned
|rule|Evasion Moves Clause: Evasion moves are banned
|rule|Endless Battle Clause: Forcing endless battles is banned
|rule|HP Percentage Mod: HP is reported as percentages
|clearpoke
|poke|p1|Staraptor, F
|poke|p1|Absol, F
|poke|p1|Lucario, M
|poke|p1|Azelf
|poke|p1|Infernape, M
|poke|p1|Jirachi
|poke|p2|Hydreigon, F
|poke|p2|Staraptor, M
|poke|p2|Cresselia, F
|poke|p2|Rhyperior, F
|poke|p2|Heracross, M
|poke|p2|Sharpedo, F
|rule|Baton Pass Clause: Limit 3 pokemon knowing Baton Pass
|teampreview
|join|rude chess player
|chat|rude chess player|flareblitz shrek this nurd
|join|Meruu
|chat|FlareBlitz|.__.
|join|Eaglehawk S1
|chat|Meruu|ew
|chat|Eaglehawk S1|Yup Alakazite is definitely not broken
|join|blouff
|chat|Meruu|cresselia
|chat|Meruu|ew
|chat|FlareBlitz|.__.
|chat|blouff|hilarious shrek this nerd
|chat|FlareBlitz|It's very strong
|chat|Meruu|beats NP ape
|chat|Meruu|;o
|chat|FlareBlitz|And staraptor
|chat|FlareBlitz|And victini
|chat|FlareBlitz|Basically just
|chat|rude chess player|cresselia beats every salamence set 
|chat|FlareBlitz|Shits on everything
|chat|rude chess player|shrekekekek
|
|start
|switch|p1a: Azelf|Azelf|291\/291
|switch|p2a: Hydreigon|Hydreigon, F|325\/325
|turn|1
|
|move|p1a: Azelf|Stealth Rock|p2a: Hydreigon
|-sidestart|p2: FlareBlitz|move: Stealth Rock
|move|p2a: Hydreigon|U-turn|p1a: Azelf
|-supereffective|p1a: Azelf
|-enditem|p1a: Azelf|Focus Sash
|-damage|p1a: Azelf|1\/291
|
|switch|p2a: Staraptor|Staraptor, M|312\/312
|-damage|p2a: Staraptor|234\/312|[from] Stealth Rock
|
|turn|2
|chat|rude chess player|shrekekek
|
|switch|p1a: Jirachi|Jirachi|394\/394
|move|p2a: Staraptor|U-turn|p1a: Jirachi
|-damage|p1a: Jirachi|325\/394
|
|switch|p2a: Hydreigon|Hydreigon, F|325\/325
|-damage|p2a: Hydreigon|285\/325|[from] Stealth Rock
|
|-heal|p1a: Jirachi|349\/394|[from] item: Leftovers
|turn|3
|
|move|p2a: Hydreigon|Crunch|p1a: Jirachi
|-supereffective|p1a: Jirachi
|-damage|p1a: Jirachi|55\/394
|move|p1a: Jirachi|Thunder Wave|p2a: Hydreigon
|-status|p2a: Hydreigon|par
|
|-heal|p1a: Jirachi|79\/394|[from] item: Leftovers
|turn|4
|
|move|p1a: Jirachi|U-turn|p2a: Hydreigon
|-crit|p2a: Hydreigon
|-supereffective|p2a: Hydreigon
|-damage|p2a: Hydreigon|95\/325 par
|chat|blouff|sick
|
|switch|p1a: Lucario|Lucario, M|281\/281
|move|p2a: Hydreigon|Crunch|p1a: Lucario
|-resisted|p1a: Lucario
|-damage|p1a: Lucario|167\/281
|-boost|p1a: Lucario|atk|1|[from] ability: Justified
|-unboost|p1a: Lucario|def|1
|
|turn|5
|chat|rude chess player|is that banded 
|chat|blouff|hax
|chat|FlareBlitz|I keep forgetting it's not a quad resist anymore.
|chat|FlareBlitz|Yes. >.>
|
|move|p1a: Lucario|Close Combat|p2a: Hydreigon
|-crit|p2a: Hydreigon
|-supereffective|p2a: Hydreigon
|-damage|p2a: Hydreigon|0 fnt
|-unboost|p1a: Lucario|def|1
|-unboost|p1a: Lucario|spd|1
|-damage|p1a: Lucario|139\/281|[from] item: Life Orb
|faint|p2a: Hydreigon
|
|
|switch|p2a: Cresselia|Cresselia, F|433\/433
|-damage|p2a: Cresselia|379\/433|[from] Stealth Rock
|turn|6
|chat|Meruu|band dreigon
|chat|Meruu|so real
|
|move|p1a: Lucario|Crunch|p2a: Cresselia
|-supereffective|p2a: Cresselia
|-damage|p2a: Cresselia|122\/433
|-damage|p1a: Lucario|111\/281|[from] item: Life Orb
|move|p2a: Cresselia|Moonblast|p1a: Lucario
|-damage|p1a: Lucario|0 fnt
|faint|p1a: Lucario
|
|-heal|p2a: Cresselia|149\/433|[from] item: Leftovers
|
|switch|p1a: Absol|Absol, F|271\/271
|turn|7
|
|detailschange|p1a: Absol|Absol-Mega, F
|message|Absol has Mega Evolved into Mega Absol!
|move|p1a: Absol|Knock Off|p2a: Cresselia
|-crit|p2a: Cresselia
|-supereffective|p2a: Cresselia
|-damage|p2a: Cresselia|0 fnt
|faint|p2a: Cresselia
|
|
|switch|p2a: Heracross|Heracross, M|329\/329
|-damage|p2a: Heracross|288\/329|[from] Stealth Rock
|turn|8
|
|switch|p1a: Jirachi|Jirachi|79\/394
|move|p2a: Heracross|Close Combat|p1a: Jirachi
|-damage|p1a: Jirachi|0 fnt
|-unboost|p2a: Heracross|def|1
|-unboost|p2a: Heracross|spd|1
|faint|p1a: Jirachi
|
|-heal|p2a: Heracross|308\/329|[from] item: Leftovers
|join|zTerribadTastic
|
|switch|p1a: Infernape|Infernape, M|293\/293
|turn|9
|
|switch|p2a: Staraptor|Staraptor, M|234\/312
|-damage|p2a: Staraptor|156\/312|[from] Stealth Rock
|move|p1a: Infernape|Flare Blitz|p2a: Staraptor
|-damage|p2a: Staraptor|0 fnt
|-damage|p1a: Infernape|242\/293|[from] recoil|[of] p2a: Staraptor
|faint|p2a: Staraptor
|
|
|switch|p2a: Rhyperior|Rhyperior, F|417\/417
|-damage|p2a: Rhyperior|391\/417|[from] Stealth Rock
|turn|10
|
|switch|p1a: Azelf|Azelf|1\/291
|move|p2a: Rhyperior|Rock Blast|p1a: Azelf
|-damage|p1a: Azelf|0 fnt
|-hitcount|p1a: Azelf|1
|faint|p1a: Azelf
|
|-heal|p2a: Rhyperior|417\/417|[from] item: Leftovers
|
|switch|p1a: Absol|Absol-Mega, F|271\/271
|turn|11
|
|move|p1a: Absol|Knock Off|p2a: Rhyperior
|-damage|p2a: Rhyperior|254\/417
|-enditem|p2a: Rhyperior|Leftovers|[from] move: Knock Off|[of] p1a: Absol
|move|p2a: Rhyperior|Megahorn|p1a: Absol
|-supereffective|p1a: Absol
|-damage|p1a: Absol|0 fnt
|faint|p1a: Absol
|
|
|switch|p1a: Staraptor|Staraptor, F|311\/311
|turn|12
|
|move|p1a: Staraptor|U-turn|p2a: Rhyperior
|-crit|p2a: Rhyperior
|-damage|p2a: Rhyperior|118\/417
|
|switch|p1a: Infernape|Infernape, M|242\/293
|move|p2a: Rhyperior|Stealth Rock|p1a: Infernape
|-sidestart|p1: hilarious|move: Stealth Rock
|
|turn|13
|
|move|p1a: Infernape|Close Combat|p2a: Rhyperior
|-supereffective|p2a: Rhyperior
|-damage|p2a: Rhyperior|0 fnt
|-unboost|p1a: Infernape|def|1
|-unboost|p1a: Infernape|spd|1
|faint|p2a: Rhyperior
|
|
|switch|p2a: Heracross|Heracross, M|308\/329
|-damage|p2a: Heracross|267\/329|[from] Stealth Rock
|turn|14
|
|switch|p1a: Staraptor|Staraptor, F|311\/311
|-damage|p1a: Staraptor|234\/311|[from] Stealth Rock
|move|p2a: Heracross|Close Combat|p1a: Staraptor
|-crit|p1a: Staraptor
|-damage|p1a: Staraptor|0 fnt
|-unboost|p2a: Heracross|def|1
|-unboost|p2a: Heracross|spd|1
|faint|p1a: Staraptor
|
|-heal|p2a: Heracross|287\/329|[from] item: Leftovers
|
|switch|p1a: Infernape|Infernape, M|242\/293
|-damage|p1a: Infernape|206\/293|[from] Stealth Rock
|turn|15
|chat|Meruu|inb4 double protect
|
|move|p1a: Infernape|Flare Blitz|p2a: Heracross
|-supereffective|p2a: Heracross
|-damage|p2a: Heracross|0 fnt
|-damage|p1a: Infernape|111\/293|[from] recoil|[of] p2a: Heracross
|faint|p2a: Heracross
|
|
|switch|p2a: Sharpedo|Sharpedo, F|281\/281
|-damage|p2a: Sharpedo|246\/281|[from] Stealth Rock
|turn|16
|chat|blouff|too bad ur not a darm
|chat|zTerribadTastic|inb4 not blaze
|
|move|p2a: Sharpedo|Protect|p2a: Sharpedo
|-singleturn|p2a: Sharpedo|Protect
|move|p1a: Infernape|Flare Blitz|p2a: Sharpedo
|-activate|p2a: Sharpedo|Protect
|
|-boost|p2a: Sharpedo|spe|1|[from] ability: Speed Boost
|turn|17
|chat|FlareBlitz|lul
|chat|blouff|thats not blaze range
|chat|Meruu|also doubt it's even blaze ape
|chat|hilarious|i hate flare blitz
|chat|rude chess player|go for the double protect 
|
|move|p2a: Sharpedo|Protect|p2a: Sharpedo
|-fail|p2a: Sharpedo
|move|p1a: Infernape|Flare Blitz|p2a: Sharpedo
|-resisted|p2a: Sharpedo
|-damage|p2a: Sharpedo|72\/281
|-damage|p1a: Infernape|54\/293|[from] recoil|[of] p2a: Sharpedo
|
|-boost|p2a: Sharpedo|spe|1|[from] ability: Speed Boost
|turn|18
|chat|FlareBlitz|Well yeah
|chat|rude chess player|LOL 
|chat|rude chess player|SHREKt 
|
|move|p2a: Sharpedo|Waterfall|p1a: Infernape
|-supereffective|p1a: Infernape
|-damage|p1a: Infernape|0 fnt
|-damage|p2a: Sharpedo|44\/281|[from] item: Life Orb
|faint|p1a: Infernape
|
|win|FlareBlitz
|raw|Ladder updating...
|chat|zTerribadTastic|nice kill domage
|raw|hilarious's rating: 1700 &rarr; <strong>1675<\/strong><br \/>(-25 for losing)
|raw|FlareBlitz's rating: 1620 &rarr; <strong>1645<\/strong><br \/>(+25 for winning)
|join|Pejorative UU
|chat|FlareBlitz|gg.
|chat|Meruu|the move
|chat|Meruu|or the player
|leave|blouff
|chat|hilarious|gg
|leave|hilarious
|player|p1
|leave|FlareBlitz
|player|p2
|leave|Meruu
|leave|Pejorative UU
|leave|zTerribadTastic
|leave|Eaglehawk S1