|join|kokoloko
|join|FlareBlitz
|player|p1|kokoloko|169
|player|p2|FlareBlitz|102
|gametype|singles
|gen|6
|tier|UU
|rated
|rule|Sleep Clause Mod: Limit one foe put to sleep
|rule|Species Clause: Limit one of each Pokemon
|rule|OHKO Clause: OHKO moves are banned
|rule|Moody Clause: Moody is banned
|rule|Evasion Moves Clause: Evasion moves are banned
|rule|Endless Battle Clause: Forcing endless battles is banned
|rule|HP Percentage Mod: HP is reported as percentages
|clearpoke
|poke|p1|Infernape, M
|poke|p1|Blastoise, F
|poke|p1|Jirachi
|poke|p1|Nidoqueen, F
|poke|p1|Alakazam, F
|poke|p1|Hydreigon, F, shiny
|poke|p2|Crobat, M
|poke|p2|Heracross, M
|poke|p2|Rhyperior, F
|poke|p2|Jirachi
|poke|p2|Hydreigon, M
|poke|p2|Trevenant, M
|rule|Swagger Clause: Swagger is banned
|rule|Baton Pass Clause: Limit 3 pokemon knowing Baton Pass
|teampreview
|chat|kokoloko|hello :]
|chat|FlareBlitz|Ooh
|chat|FlareBlitz|hi :3
|
|start
|switch|p1a: Blastoise|Blastoise, F|331\/331
|switch|p2a: Hydreigon|Hydreigon, M|325\/325
|turn|1
|join|Your Old Droog
|chat|Your Old Droog|I knew
|chat|Your Old Droog|he was johning me
|
|detailschange|p1a: Blastoise|Blastoise-Mega, F
|message|Blastoise has Mega Evolved into Mega Blastoise!
|move|p2a: Hydreigon|U-turn|p1a: Blastoise
|-damage|p1a: Blastoise|281\/331
|
|switch|p2a: Heracross|Heracross, M|329\/329
|move|p1a: Blastoise|Aura Sphere|p2a: Heracross
|-resisted|p2a: Heracross
|-damage|p2a: Heracross|247\/329
|
|turn|2
|
|move|p2a: Heracross|Close Combat|p1a: Blastoise
|-damage|p1a: Blastoise|0 fnt
|-unboost|p2a: Heracross|def|1
|-unboost|p2a: Heracross|spd|1
|faint|p1a: Blastoise
|
|chat|kokoloko|jesus
|chat|Your Old Droog|kokoloko
|
|switch|p1a: Alakazam|Alakazam, F|252\/252
|turn|3
|chat|Your Old Droog|lets go back and ban hail in bw
|chat|Your Old Droog|fer real
|
|switch|p2a: Jirachi|Jirachi|404\/404
|move|p1a: Alakazam|Focus Blast|p2a: Jirachi|[miss]
|-miss|p1a: Alakazam|p2a: Jirachi
|
|turn|4
|
|switch|p1a: Nidoqueen|Nidoqueen, F|351\/351
|switch|p2a: Rhyperior|Rhyperior, F|417\/417
|
|turn|5
|
|move|p1a: Nidoqueen|Earth Power|p2a: Rhyperior
|-supereffective|p2a: Rhyperior
|-damage|p2a: Rhyperior|117\/417
|move|p2a: Rhyperior|Earthquake|p1a: Nidoqueen
|-supereffective|p1a: Nidoqueen
|-damage|p1a: Nidoqueen|0 fnt
|faint|p1a: Nidoqueen
|
|chat|Your Old Droog|are you still going to ignore me .-.
|
|switch|p1a: Alakazam|Alakazam, F|252\/252
|turn|6
|
|move|p1a: Alakazam|Shadow Ball|p2a: Rhyperior
|-damage|p2a: Rhyperior|16\/417
|move|p2a: Rhyperior|Metal Burst|p1a: Alakazam
|-damage|p1a: Alakazam|101\/252
|
|turn|7
|chat|kokoloko|kill me
|
|move|p1a: Alakazam|Shadow Ball|p2a: Rhyperior
|-crit|p2a: Rhyperior
|-damage|p2a: Rhyperior|0 fnt
|faint|p2a: Rhyperior
|
|
|switch|p2a: Crobat|Crobat, M|331\/331
|turn|8
|
|switch|p1a: Jirachi|Jirachi|404\/404
|move|p2a: Crobat|U-turn|p1a: Jirachi
|-damage|p1a: Jirachi|305\/404
|
|switch|p2a: Hydreigon|Hydreigon, M|325\/325
|
|-heal|p1a: Jirachi|330\/404|[from] item: Leftovers
|turn|9
|
|switch|p1a: Hydreigon|Hydreigon, F, shiny|325\/325
|move|p2a: Hydreigon|U-turn|p1a: Hydreigon
|-supereffective|p1a: Hydreigon
|-damage|p1a: Hydreigon|205\/325
|
|switch|p2a: Crobat|Crobat, M|331\/331
|
|turn|10
|
|move|p1a: Hydreigon|Draco Meteor|p2a: Crobat
|-damage|p2a: Crobat|67\/331
|-unboost|p1a: Hydreigon|spa|2
|move|p2a: Crobat|U-turn|p1a: Hydreigon
|-supereffective|p1a: Hydreigon
|-damage|p1a: Hydreigon|0 fnt
|faint|p1a: Hydreigon
|
|switch|p2a: Heracross|Heracross, M|247\/329
|
|
|switch|p1a: Alakazam|Alakazam, F|101\/252
|turn|11
|
|move|p1a: Alakazam|Psychic|p2a: Heracross
|-supereffective|p2a: Heracross
|-damage|p2a: Heracross|0 fnt
|faint|p2a: Heracross
|
|
|switch|p2a: Crobat|Crobat, M|67\/331
|turn|12
|
|switch|p1a: Infernape|Infernape, M|293\/293
|move|p2a: Crobat|U-turn|p1a: Infernape
|-resisted|p1a: Infernape
|-damage|p1a: Infernape|258\/293
|
|switch|p2a: Trevenant|Trevenant, M|374\/374
|
|turn|13
|
|move|p1a: Infernape|Fire Blast|p2a: Trevenant
|-supereffective|p2a: Trevenant
|-damage|p2a: Trevenant|0 fnt
|-damage|p1a: Infernape|229\/293|[from] item: Life Orb
|faint|p2a: Trevenant
|
|
|switch|p2a: Crobat|Crobat, M|67\/331
|turn|14
|
|switch|p1a: Jirachi|Jirachi|330\/404
|move|p2a: Crobat|U-turn|p1a: Jirachi
|-damage|p1a: Jirachi|228\/404
|
|switch|p2a: Hydreigon|Hydreigon, M|325\/325
|
|-heal|p1a: Jirachi|253\/404|[from] item: Leftovers
|turn|15
|
|move|p1a: Jirachi|Iron Head|p2a: Hydreigon
|-damage|p2a: Hydreigon|201\/325
|move|p2a: Hydreigon|Draco Meteor|p1a: Jirachi
|-resisted|p1a: Jirachi
|-damage|p1a: Jirachi|78\/404
|-unboost|p2a: Hydreigon|spa|2
|
|-heal|p1a: Jirachi|103\/404|[from] item: Leftovers
|turn|16
|
|move|p1a: Jirachi|Substitute|p1a: Jirachi
|-start|p1a: Jirachi|Substitute
|-damage|p1a: Jirachi|2\/404
|move|p2a: Hydreigon|Draco Meteor|p1a: Jirachi
|-crit|p1a: Jirachi
|-resisted|p1a: Jirachi
|-end|p1a: Jirachi|Substitute
|-unboost|p2a: Hydreigon|spa|2
|
|-heal|p1a: Jirachi|27\/404|[from] item: Leftovers
|turn|17
|chat|kokoloko|BS
|chat|kokoloko|that was game i think lol
|chat|FlareBlitz|Doesn't matter
|chat|FlareBlitz|Infiltrator
|chat|FlareBlitz|>.>
|
|move|p1a: Jirachi|Iron Head|p2a: Hydreigon
|-damage|p2a: Hydreigon|78\/325
|move|p2a: Hydreigon|Draco Meteor|p1a: Jirachi
|-resisted|p1a: Jirachi
|-damage|p1a: Jirachi|0 fnt
|-unboost|p2a: Hydreigon|spa|2
|faint|p1a: Jirachi
|
|chat|Your Old Droog|typical kokoloko
|chat|Your Old Droog|blaming losses on irrelevant hax
|chat|kokoloko|that is one lucky as fuck hydra
|
|switch|p1a: Infernape|Infernape, M|229\/293
|turn|18
|
|move|p1a: Infernape|Close Combat|p2a: Hydreigon
|-crit|p2a: Hydreigon
|-supereffective|p2a: Hydreigon
|-damage|p2a: Hydreigon|0 fnt
|-unboost|p1a: Infernape|def|1
|-unboost|p1a: Infernape|spd|1
|-damage|p1a: Infernape|200\/293|[from] item: Life Orb
|faint|p2a: Hydreigon
|
|
|switch|p2a: Crobat|Crobat, M|67\/331
|turn|19
|chat|Your Old Droog|does he have ignore specs on
|
|switch|p1a: Alakazam|Alakazam, F|101\/252
|move|p2a: Crobat|Return|p1a: Alakazam
|-damage|p1a: Alakazam|0 fnt
|faint|p1a: Alakazam
|
|
|switch|p1a: Infernape|Infernape, M|200\/293
|turn|20
|chat|FlareBlitz|Koko
|chat|FlareBlitz|Do you have ignore specs on
|chat|kokoloko|yes
|
|switch|p2a: Jirachi|Jirachi|404\/404
|move|p1a: Infernape|Fire Blast|p2a: Jirachi
|-crit|p2a: Jirachi
|-supereffective|p2a: Jirachi
|-damage|p2a: Jirachi|0 fnt
|-damage|p1a: Infernape|171\/293|[from] item: Life Orb
|faint|p2a: Jirachi
|
|chat|Your Old Droog|-_-
|chat|Your Old Droog|tell him everything i said
|chat|FlareBlitz|lul
|chat|kokoloko|no dont im really just ignoring him
|chat|kokoloko|lol
|chat|kokoloko|2ez
|chat|Your Old Droog|.-.
|
|switch|p2a: Crobat|Crobat, M|67\/331
|turn|21
|chat|Your Old Droog|what a goof
|
|move|p2a: Crobat|Return|p1a: Infernape
|-damage|p1a: Infernape|0 fnt
|faint|p1a: Infernape
|
|win|FlareBlitz
|raw|Ladder updating...
|raw|kokoloko's rating: 1666 &rarr; <strong>1651<\/strong><br \/>(-15 for losing)
|raw|FlareBlitz's rating: 1748 &rarr; <strong>1763<\/strong><br \/>(+15 for winning)
|leave|kokoloko
|player|p1