|join|FlareBlitz
|join|blkppl
|player|p1|FlareBlitz|170
|player|p2|blkppl|266
|gametype|singles
|gen|6
|tier|UU
|rated
|rule|Sleep Clause Mod: Limit one foe put to sleep
|rule|Species Clause: Limit one of each PokÃ©mon
|rule|OHKO Clause: OHKO moves are banned
|rule|Moody Clause: Moody is banned
|rule|Evasion Moves Clause: Evasion moves are banned
|rule|Endless Battle Clause: Forcing endless battles is banned
|rule|HP Percentage Mod: HP is reported as percentages
|clearpoke
|poke|p1|Haxorus, M
|poke|p1|Aggron, F
|poke|p1|Celebi
|poke|p1|Chandelure, M
|poke|p1|Ditto
|poke|p1|Crobat, M
|poke|p2|Hydreigon, M
|poke|p2|Blastoise, F
|poke|p2|Haxorus, M
|poke|p2|Lucario, F
|poke|p2|Nidoqueen, F
|poke|p2|Jirachi
|rule|Swagger Clause: Swagger is banned
|rule|Baton Pass Clause: Limit one PokÃ©mon knowing Baton Pass
|teampreview
|
|start
|switch|p1a: Celebi|Celebi|341\/341
|switch|p2a: Hydreigon|Hydreigon, M|325\/325
|turn|1
|
|switch|p1a: Ditto|Ditto|299\/299
|-transform|p1a: Ditto|p2a: Hydreigon
|move|p2a: Hydreigon|Dark Pulse|p1a: Ditto
|-resisted|p1a: Ditto
|-damage|p1a: Ditto|207\/299
|-damage|p2a: Hydreigon|293\/325|[from] item: Life Orb
|
|turn|2
|
|switch|p2a: Blastoise|Blastoise, F|331\/331
|move|p1a: Ditto|Draco Meteor|p2a: Blastoise
|-damage|p2a: Blastoise|114\/331
|-unboost|p1a: Ditto|spa|2
|
|turn|3
|
|switch|p1a: Celebi|Celebi|341\/341
|detailschange|p2a: Blastoise|Blastoise-Mega, F
|message|Blastoise has Mega Evolved into Mega Blastoise!
|move|p2a: Blastoise|Hydro Pump|p1a: Celebi
|-resisted|p1a: Celebi
|-damage|p1a: Celebi|222\/341
|
|turn|4
|
|move|p1a: Celebi|Seed Bomb|p2a: Blastoise
|-supereffective|p2a: Blastoise
|-damage|p2a: Blastoise|0 fnt
|-damage|p1a: Celebi|188\/341|[from] item: Life Orb
|faint|p2a: Blastoise
|
|
|switch|p2a: Hydreigon|Hydreigon, M|293\/325
|turn|5
|
|move|p1a: Celebi|Baton Pass|p1a: Celebi
|
|switch|p1a: Aggron|Aggron, F|344\/344
|move|p2a: Hydreigon|Dark Pulse|p1a: Aggron
|-damage|p1a: Aggron|75\/344
|-damage|p2a: Hydreigon|261\/325|[from] item: Life Orb
|
|turn|6
|
|detailschange|p1a: Aggron|Aggron-Mega, F
|message|Aggron has Mega Evolved into Mega Aggron!
|move|p2a: Hydreigon|Dark Pulse|p1a: Aggron
|-damage|p1a: Aggron|0 fnt
|-damage|p2a: Hydreigon|229\/325|[from] item: Life Orb
|faint|p1a: Aggron
|
|
|switch|p1a: Crobat|Crobat, M|325\/325
|turn|7
|
|switch|p2a: Jirachi|Jirachi|341\/341
|move|p1a: Crobat|U-turn|p2a: Jirachi
|-damage|p2a: Jirachi|247\/341
|
|switch|p1a: Chandelure|Chandelure, M|305\/305
|
|turn|8
|
|move|p2a: Jirachi|Trick|p1a: Chandelure
|-activate|p2a: Jirachi|move: Trick|[of] p1a: Chandelure
|-item|p1a: Chandelure|Choice Scarf|[from] move: Trick
|-item|p2a: Jirachi|Leftovers|[from] move: Trick
|move|p1a: Chandelure|Fire Blast|p2a: Jirachi
|-supereffective|p2a: Jirachi
|-damage|p2a: Jirachi|0 fnt
|faint|p2a: Jirachi
|
|
|switch|p2a: Haxorus|Haxorus, M|293\/293
|-ability|p2a: Haxorus|Mold Breaker
|turn|9
|
|switch|p1a: Celebi|Celebi|188\/341
|move|p2a: Haxorus|Dragon Dance|p2a: Haxorus
|-boost|p2a: Haxorus|atk|1
|-boost|p2a: Haxorus|spe|1
|
|turn|10
|
|move|p2a: Haxorus|Outrage|p1a: Celebi
|-damage|p1a: Celebi|0 fnt
|faint|p1a: Celebi
|
|
|switch|p1a: Ditto|Ditto|207\/299
|-transform|p1a: Ditto|p2a: Haxorus
|-ability|p1a: Ditto|Mold Breaker
|turn|11
|
|move|p1a: Ditto|Outrage|p2a: Haxorus
|-supereffective|p2a: Haxorus
|-damage|p2a: Haxorus|0 fnt
|faint|p2a: Haxorus
|
|
|switch|p2a: Lucario|Lucario, F|281\/281
|turn|12
|
|move|p1a: Ditto|Outrage|p2a: Lucario
|-resisted|p2a: Lucario
|-damage|p2a: Lucario|56\/281
|move|p2a: Lucario|Close Combat|p1a: Ditto
|-damage|p1a: Ditto|0 fnt
|-unboost|p2a: Lucario|def|1
|-unboost|p2a: Lucario|spd|1
|-damage|p2a: Lucario|28\/281|[from] item: Life Orb
|faint|p1a: Ditto
|
|
|switch|p1a: Chandelure|Chandelure, M|305\/305
|turn|13
|join|Nas
|
|switch|p2a: Hydreigon|Hydreigon, M|229\/325
|move|p1a: Chandelure|Shadow Ball|p2a: Hydreigon
|-resisted|p2a: Hydreigon
|-damage|p2a: Hydreigon|151\/325
|
|turn|14
|chat|Nas|this feels like a kokoloko alt
|chat|blkppl|nah man
|chat|blkppl|no way
|
|switch|p1a: Haxorus|Haxorus, M|317\/317
|-ability|p1a: Haxorus|Mold Breaker
|move|p2a: Hydreigon|Roost|p2a: Hydreigon
|-heal|p2a: Hydreigon|314\/325
|
|turn|15
|chat|FlareBlitz|>.>
|
|move|p2a: Hydreigon|Draco Meteor|p1a: Haxorus
|-supereffective|p1a: Haxorus
|-enditem|p1a: Haxorus|Haban Berry|[eat]
|-damage|p1a: Haxorus|0 fnt
|-unboost|p2a: Hydreigon|spa|2
|-damage|p2a: Hydreigon|282\/325|[from] item: Life Orb
|faint|p1a: Haxorus
|
|chat|FlareBlitz|<.<
|chat|blkppl|strong
|chat|FlareBlitz|That failed
|chat|FlareBlitz|Rather badly
|
|switch|p1a: Crobat|Crobat, M|325\/325
|turn|16
|
|switch|p2a: Lucario|Lucario, F|28\/281
|move|p1a: Crobat|Brave Bird|p2a: Lucario
|-damage|p2a: Lucario|0 fnt
|-damage|p1a: Crobat|316\/325|[from] recoil|[of] p2a: Lucario
|faint|p2a: Lucario
|
|
|switch|p2a: Nidoqueen|Nidoqueen, F|353\/353
|turn|17
|
|switch|p1a: Chandelure|Chandelure, M|305\/305
|move|p2a: Nidoqueen|Ice Beam|p1a: Chandelure
|-resisted|p1a: Chandelure
|-damage|p1a: Chandelure|226\/305
|
|turn|18
|chat|blkppl|fck
|
|switch|p2a: Hydreigon|Hydreigon, M|282\/325
|move|p1a: Chandelure|Fire Blast|p2a: Hydreigon
|-resisted|p2a: Hydreigon
|-damage|p2a: Hydreigon|176\/325
|
|turn|19
|
|move|p1a: Chandelure|Fire Blast|p2a: Hydreigon
|-resisted|p2a: Hydreigon
|-damage|p2a: Hydreigon|64\/325
|move|p2a: Hydreigon|Roost|p2a: Hydreigon
|-heal|p2a: Hydreigon|227\/325
|
|turn|20
|
|switch|p1a: Crobat|Crobat, M|316\/325
|move|p2a: Hydreigon|Draco Meteor|p1a: Crobat
|-damage|p1a: Crobat|0 fnt
|-unboost|p2a: Hydreigon|spa|2
|-damage|p2a: Hydreigon|195\/325|[from] item: Life Orb
|faint|p1a: Crobat
|
|
|switch|p1a: Chandelure|Chandelure, M|226\/305
|turn|21
|
|move|p1a: Chandelure|Fire Blast|p2a: Hydreigon
|-resisted|p2a: Hydreigon
|-damage|p2a: Hydreigon|83\/325
|move|p2a: Hydreigon|Dark Pulse|p1a: Chandelure
|-supereffective|p1a: Chandelure
|-damage|p1a: Chandelure|39\/305
|-damage|p2a: Hydreigon|51\/325|[from] item: Life Orb
|
|turn|22
|chat|FlareBlitz|gg
|chat|blkppl|gg
|chat|FlareBlitz|lol?
|
|move|p1a: Chandelure|Fire Blast|p2a: Hydreigon
|-resisted|p2a: Hydreigon
|-damage|p2a: Hydreigon|0 fnt
|faint|p2a: Hydreigon
|
|chat|blkppl|nido tanks 1
|chat|FlareBlitz|Should ave just kept it in
|chat|blkppl|if u crit i'll feel dumb
|chat|blkppl|but wutevz
|
|switch|p2a: Nidoqueen|Nidoqueen, F|353\/353
|turn|23
|
|move|p1a: Chandelure|Fire Blast|p2a: Nidoqueen
|-damage|p2a: Nidoqueen|128\/353
|-status|p2a: Nidoqueen|brn
|move|p2a: Nidoqueen|Earth Power|p1a: Chandelure
|-supereffective|p1a: Chandelure
|-damage|p1a: Chandelure|0 fnt
|faint|p1a: Chandelure
|
|win|blkppl
|raw|Ladder updating...
|raw|FlareBlitz's rating: 1619 &rarr; <strong>1604<\/strong><br \/>(-15 for losing)
|raw|blkppl's rating: 1694 &rarr; <strong>1710<\/strong><br \/>(+16 for winning)
|leave|blkppl
|player|p2
|leave|FlareBlitz
|player|p1