|join|FlareBlitz
|join|xMarth
|player|p1|FlareBlitz|266
|player|p2|xMarth|102
|gametype|singles
|gen|6
|tier|UU
|rated
|rule|Sleep Clause Mod: Limit one foe put to sleep
|rule|Species Clause: Limit one of each PokÃ©mon
|rule|OHKO Clause: OHKO moves are banned
|rule|Moody Clause: Moody is banned
|rule|Evasion Moves Clause: Evasion moves are banned
|rule|Endless Battle Clause: Forcing endless battles is banned
|rule|HP Percentage Mod: HP is reported as percentages
|clearpoke
|poke|p1|Ampharos, F
|poke|p1|Noivern, F
|poke|p1|Tornadus-Therian, M
|poke|p1|Kabutops, F
|poke|p1|Dugtrio, F
|poke|p1|Jirachi
|poke|p2|Froslass, F
|poke|p2|Sableye, F
|poke|p2|Lucario, M
|poke|p2|Swampert, F
|poke|p2|Roserade, M
|poke|p2|Noivern, M
|rule|Swagger Clause: Swagger is banned
|rule|Baton Pass Clause: Limit three PokÃ©mon knowing Baton Pass
|teampreview
|join|Gordy Lifestyle
|
|start
|switch|p1a: Noivern|Noivern, F|311\/311
|switch|p2a: Froslass|Froslass, F|301\/301
|turn|1
|
|move|p1a: Noivern|Draco Meteor|p2a: Froslass
|-crit|p2a: Froslass
|-enditem|p2a: Froslass|Focus Sash
|-damage|p2a: Froslass|1\/301
|-unboost|p1a: Noivern|spa|2
|move|p2a: Froslass|Spikes|p1a: Noivern
|-sidestart|p1: FlareBlitz|Spikes
|
|turn|2
|
|move|p2a: Froslass|Ice Shard|p1a: Noivern
|-supereffective|p1a: Noivern
|-damage|p1a: Noivern|67\/311
|move|p1a: Noivern|Draco Meteor|p2a: Froslass
|-damage|p2a: Froslass|0 fnt
|-unboost|p1a: Noivern|spa|2
|faint|p2a: Froslass
|
|
|switch|p2a: Lucario|Lucario, M|315\/315
|turn|3
|
|switch|p1a: Jirachi|Jirachi|341\/341
|-damage|p1a: Jirachi|299\/341|[from] Spikes
|move|p2a: Lucario|Swords Dance|p2a: Lucario
|-boost|p2a: Lucario|atk|2
|
|turn|4
|
|move|p1a: Jirachi|Rain Dance|p1a: Jirachi
|-weather|RainDance
|move|p2a: Lucario|Crunch|p1a: Jirachi
|-supereffective|p1a: Jirachi
|-damage|p1a: Jirachi|0 fnt
|-damage|p2a: Lucario|284\/315|[from] item: Life Orb
|faint|p1a: Jirachi
|
|-weather|RainDance|[upkeep]
|
|switch|p1a: Tornadus-Therian|Tornadus-Therian, M|299\/299
|turn|5
|
|move|p2a: Lucario|Extreme Speed|p1a: Tornadus-Therian
|-damage|p1a: Tornadus-Therian|0 fnt
|-damage|p2a: Lucario|253\/315|[from] item: Life Orb
|faint|p1a: Tornadus-Therian
|
|-weather|RainDance|[upkeep]
|
|switch|p1a: Kabutops|Kabutops, F|262\/262
|-damage|p1a: Kabutops|230\/262|[from] Spikes
|turn|6
|
|switch|p2a: Noivern|Noivern, M|311\/311
|move|p1a: Kabutops|Waterfall|p2a: Noivern
|-resisted|p2a: Noivern
|-damage|p2a: Noivern|143\/311
|-damage|p1a: Kabutops|204\/262|[from] item: Life Orb
|
|-weather|RainDance|[upkeep]
|turn|7
|
|move|p1a: Kabutops|Waterfall|p2a: Noivern
|-resisted|p2a: Noivern
|-damage|p2a: Noivern|0 fnt
|-damage|p1a: Kabutops|178\/262|[from] item: Life Orb
|faint|p2a: Noivern
|
|-weather|RainDance|[upkeep]
|
|switch|p2a: Swampert|Swampert, F|404\/404
|turn|8
|
|move|p1a: Kabutops|Waterfall|p2a: Swampert
|-damage|p2a: Swampert|177\/404
|-damage|p1a: Kabutops|152\/262|[from] item: Life Orb
|move|p2a: Swampert|Stealth Rock|p1a: Kabutops
|-sidestart|p1: FlareBlitz|move: Stealth Rock
|
|-weather|RainDance|[upkeep]
|-heal|p2a: Swampert|202\/404|[from] item: Leftovers
|turn|9
|
|move|p1a: Kabutops|Waterfall|p2a: Swampert
|-damage|p2a: Swampert|0 fnt
|-damage|p1a: Kabutops|126\/262|[from] item: Life Orb
|faint|p2a: Swampert
|
|-weather|RainDance|[upkeep]
|
|switch|p2a: Sableye|Sableye, F|303\/303
|turn|10
|
|move|p2a: Sableye|Will-O-Wisp|p1a: Kabutops
|-status|p1a: Kabutops|brn
|move|p1a: Kabutops|Swords Dance|p1a: Kabutops
|-boost|p1a: Kabutops|atk|2
|
|-weather|RainDance|[upkeep]
|-damage|p1a: Kabutops|94\/262 brn|[from] brn
|turn|11
|
|switch|p2a: Roserade|Roserade, M|261\/261
|move|p1a: Kabutops|Waterfall|p2a: Roserade
|-resisted|p2a: Roserade
|-damage|p2a: Roserade|74\/261
|-damage|p1a: Kabutops|68\/262 brn|[from] item: Life Orb
|
|-weather|none
|-damage|p1a: Kabutops|36\/262 brn|[from] brn
|turn|12
|
|move|p1a: Kabutops|Aqua Jet|p2a: Roserade
|-resisted|p2a: Roserade
|-damage|p2a: Roserade|1\/261
|-damage|p1a: Kabutops|10\/262 brn|[from] item: Life Orb
|move|p2a: Roserade|Toxic Spikes|p1a: Kabutops
|-sidestart|p1: FlareBlitz|move: Toxic Spikes
|
|-damage|p1a: Kabutops|0 fnt|[from] brn
|faint|p1a: Kabutops
|
|switch|p1a: Dugtrio|Dugtrio, F|212\/212
|-damage|p1a: Dugtrio|199\/212|[from] Stealth Rock
|-status|p1a: Dugtrio|psn
|-damage|p1a: Dugtrio|173\/212 psn|[from] Spikes
|turn|13
|
|move|p1a: Dugtrio|Earthquake|p2a: Roserade
|-damage|p2a: Roserade|0 fnt
|faint|p2a: Roserade
|
|-damage|p1a: Dugtrio|147\/212 psn|[from] psn
|
|switch|p2a: Sableye|Sableye, F|303\/303
|turn|14
|
|move|p1a: Dugtrio|Earthquake|p2a: Sableye
|-damage|p2a: Sableye|74\/303
|move|p2a: Sableye|Knock Off|p1a: Dugtrio
|-damage|p1a: Dugtrio|0 fnt
|-enditem|p1a: Dugtrio|Choice Band|[from] move: Knock Off|[of] p2a: Sableye
|faint|p1a: Dugtrio
|
|-heal|p2a: Sableye|92\/303|[from] item: Leftovers
|
|switch|p1a: Ampharos|Ampharos, F|381\/381
|-damage|p1a: Ampharos|334\/381|[from] Stealth Rock
|-status|p1a: Ampharos|psn
|-damage|p1a: Ampharos|287\/381 psn|[from] Spikes
|turn|15
|
|detailschange|p1a: Ampharos|Ampharos-Mega, F
|message|Ampharos has Mega Evolved into Mega Ampharos!
|-ability|p1a: Ampharos|Mold Breaker
|move|p2a: Sableye|Recover|p2a: Sableye
|-heal|p2a: Sableye|244\/303
|move|p1a: Ampharos|Dragon Pulse|p2a: Sableye
|-crit|p2a: Sableye
|-damage|p2a: Sableye|0 fnt
|faint|p2a: Sableye
|
|-damage|p1a: Ampharos|240\/381 psn|[from] psn
|
|switch|p2a: Lucario|Lucario, M|253\/315
|turn|16
|
|move|p2a: Lucario|Close Combat|p1a: Ampharos
|-damage|p1a: Ampharos|0 fnt
|-unboost|p2a: Lucario|def|1
|-unboost|p2a: Lucario|spd|1
|-damage|p2a: Lucario|222\/315|[from] item: Life Orb
|faint|p1a: Ampharos
|
|chat|FlareBlitz|gg.
|
|switch|p1a: Noivern|Noivern, F|67\/311
|-damage|p1a: Noivern|0 fnt|[from] Stealth Rock
|faint|p1a: Noivern
|
|win|xMarth
|raw|Ladder updating...
|raw|FlareBlitz's rating: 1745 &rarr; <strong>1727<\/strong><br \/>(-18 for losing)
|raw|xMarth's rating: 1790 &rarr; <strong>1808<\/strong><br \/>(+18 for winning)
|chat|xMarth|gg
|leave|FlareBlitz
|player|p1
|leave|xMarth
|player|p2