|join|FlareBlitz
|join|the houndbull
|player|p1|FlareBlitz|169
|player|p2|the houndbull|1
|gametype|singles
|gen|6
|tier|UU
|rated
|rule|Sleep Clause Mod: Limit one foe put to sleep
|rule|Species Clause: Limit one of each PokÃ©mon
|rule|OHKO Clause: OHKO moves are banned
|rule|Moody Clause: Moody is banned
|rule|Evasion Moves Clause: Evasion moves are banned
|rule|Endless Battle Clause: Forcing endless battles is banned
|rule|HP Percentage Mod: HP is reported as percentages
|clearpoke
|poke|p1|Haxorus, F
|poke|p1|Aromatisse, M
|poke|p1|Blastoise, F
|poke|p1|Jirachi
|poke|p1|Victini
|poke|p1|Flygon, M
|poke|p2|Doublade, F
|poke|p2|Blissey, F
|poke|p2|Granbull, F
|poke|p2|Houndoom, F
|poke|p2|Tentacruel, M
|poke|p2|Rotom-Mow
|rule|Swagger Clause: Swagger is banned
|rule|Baton Pass Clause: Limit one PokÃ©mon knowing Baton Pass
|teampreview
|
|start
|switch|p1a: Victini|Victini|341\/341
|switch|p2a: Tentacruel|Tentacruel, M|360\/360
|turn|1
|
|move|p2a: Tentacruel|Protect|p2a: Tentacruel
|-singleturn|p2a: Tentacruel|Protect
|move|p1a: Victini|V-create|p2a: Tentacruel
|-activate|p2a: Tentacruel|Protect
|
|turn|2
|
|move|p1a: Victini|V-create|p2a: Tentacruel
|-resisted|p2a: Tentacruel
|-damage|p2a: Tentacruel|159\/360
|-unboost|p1a: Victini|def|1
|-unboost|p1a: Victini|spd|1
|-unboost|p1a: Victini|spe|1
|move|p2a: Tentacruel|Scald|p1a: Victini
|-supereffective|p1a: Victini
|-damage|p1a: Victini|113\/341
|
|-heal|p2a: Tentacruel|181\/360|[from] item: Black Sludge
|turn|3
|
|switch|p1a: Jirachi|Jirachi|401\/401
|move|p2a: Tentacruel|Scald|p1a: Jirachi
|-damage|p1a: Jirachi|325\/401
|
|-heal|p1a: Jirachi|350\/401|[from] item: Leftovers
|-heal|p2a: Tentacruel|203\/360|[from] item: Black Sludge
|turn|4
|
|move|p1a: Jirachi|Stealth Rock|p2a: Tentacruel
|-sidestart|p2: the houndbull|move: Stealth Rock
|move|p2a: Tentacruel|Toxic Spikes|p1a: Jirachi
|-sidestart|p1: FlareBlitz|move: Toxic Spikes
|
|-heal|p1a: Jirachi|375\/401|[from] item: Leftovers
|-heal|p2a: Tentacruel|225\/360|[from] item: Black Sludge
|turn|5
|
|switch|p1a: Flygon|Flygon, M|301\/301
|move|p2a: Tentacruel|Rapid Spin|p1a: Flygon
|-damage|p1a: Flygon|288\/301
|-sideend|p2: the houndbull|Stealth Rock|[from] move: Rapid Spin|[of] p2a: Tentacruel
|
|-heal|p2a: Tentacruel|247\/360|[from] item: Black Sludge
|turn|6
|
|move|p2a: Tentacruel|Protect|p2a: Tentacruel
|-singleturn|p2a: Tentacruel|Protect
|move|p1a: Flygon|Earthquake|p2a: Tentacruel
|-activate|p2a: Tentacruel|Protect
|
|-heal|p2a: Tentacruel|269\/360|[from] item: Black Sludge
|turn|7
|
|switch|p1a: Victini|Victini|113\/341
|-status|p1a: Victini|psn
|switch|p2a: Rotom-Mow|Rotom-Mow|242\/242
|
|-damage|p1a: Victini|71\/341 psn|[from] psn
|turn|8
|
|move|p2a: Rotom-Mow|Volt Switch|p1a: Victini
|-damage|p1a: Victini|0 fnt
|faint|p1a: Victini
|
|switch|p2a: Tentacruel|Tentacruel, M|269\/360
|
|-heal|p2a: Tentacruel|291\/360|[from] item: Black Sludge
|
|switch|p1a: Haxorus|Haxorus, F|293\/293
|-status|p1a: Haxorus|psn
|-ability|p1a: Haxorus|Mold Breaker
|-enditem|p1a: Haxorus|Lum Berry|[eat]
|-curestatus|p1a: Haxorus|psn
|turn|9
|
|switch|p2a: Grand Bull|Granbull, F|384\/384
|-ability|p2a: Grand Bull|Intimidate|[of] p1a: Haxorus
|-unboost|p1a: Haxorus|atk|1
|move|p1a: Haxorus|Swords Dance|p1a: Haxorus
|-boost|p1a: Haxorus|atk|2
|
|turn|10
|
|move|p1a: Haxorus|Earthquake|p2a: Grand Bull
|-damage|p2a: Grand Bull|205\/384
|move|p2a: Grand Bull|Thunder Wave|p1a: Haxorus
|-status|p1a: Haxorus|par
|
|-heal|p2a: Grand Bull|229\/384|[from] item: Leftovers
|turn|11
|
|switch|p1a: Jirachi|Jirachi|375\/401
|move|p2a: Grand Bull|Play Rough|p1a: Jirachi
|-resisted|p1a: Jirachi
|-damage|p1a: Jirachi|316\/401
|
|-heal|p1a: Jirachi|341\/401|[from] item: Leftovers
|-heal|p2a: Grand Bull|253\/384|[from] item: Leftovers
|turn|12
|
|switch|p1a: Blastoise|Blastoise, F|353\/353
|-status|p1a: Blastoise|psn
|switch|p2a: Doublade|Doublade, F|322\/322
|
|-damage|p1a: Blastoise|309\/353 psn|[from] psn
|turn|13
|
|switch|p2a: Blissey|Blissey, F|714\/714
|detailschange|p1a: Blastoise|Blastoise-Mega, F
|message|Blastoise has Mega Evolved into Mega Blastoise!
|move|p1a: Blastoise|Rapid Spin|p2a: Blissey
|-damage|p2a: Blissey|686\/714
|-sideend|p1: FlareBlitz|Toxic Spikes|[from] move: Rapid Spin|[of] p1a: Blastoise
|
|-heal|p2a: Blissey|714\/714|[from] item: Leftovers
|-damage|p1a: Blastoise|265\/353 psn|[from] psn
|turn|14
|
|switch|p1a: Aromatisse|Aromatisse, M|406\/406
|move|p2a: Blissey|Stealth Rock|p1a: Aromatisse
|-sidestart|p1: FlareBlitz|move: Stealth Rock
|
|turn|15
|
|switch|p2a: Doublade|Doublade, F|322\/322
|move|p1a: Aromatisse|Calm Mind|p1a: Aromatisse
|-boost|p1a: Aromatisse|spa|1
|-boost|p1a: Aromatisse|spd|1
|
|turn|16
|
|move|p2a: Doublade|Iron Head|p1a: Aromatisse
|-supereffective|p1a: Aromatisse
|-damage|p1a: Aromatisse|170\/406
|move|p1a: Aromatisse|Moonblast|p2a: Doublade
|-resisted|p2a: Doublade
|-damage|p2a: Doublade|232\/322
|
|-heal|p1a: Aromatisse|195\/406|[from] item: Leftovers
|turn|17
|chat|FlareBlitz|gg
|-message|FlareBlitz forfeited.
|leave|FlareBlitz
|
|win|the houndbull
|raw|Ladder updating...
|player|p1
|raw|FlareBlitz's rating: 1664 &rarr; <strong>1648<\/strong><br \/>(-16 for losing)
|raw|the houndbull's rating: 1727 &rarr; <strong>1743<\/strong><br \/>(+16 for winning)