|join|FlareBlitz
|join|Corvolt
|player|p1|FlareBlitz|101
|player|p2|Corvolt|153
|gametype|singles
|gen|6
|tier|UU
|rated
|rule|Sleep Clause Mod: Limit one foe put to sleep
|rule|Species Clause: Limit one of each PokÃ©mon
|rule|OHKO Clause: OHKO moves are banned
|rule|Moody Clause: Moody is banned
|rule|Evasion Moves Clause: Evasion moves are banned
|rule|Endless Battle Clause: Forcing endless battles is banned
|rule|HP Percentage Mod: HP is reported as percentages
|clearpoke
|poke|p1|Victini
|poke|p1|Hydreigon, M
|poke|p1|Blastoise, F
|poke|p1|Flygon, M
|poke|p1|Heracross, F
|poke|p1|Jirachi
|poke|p2|Victini
|poke|p2|Porygon-Z
|poke|p2|Roserade, F
|poke|p2|Haxorus, F
|poke|p2|Florges, F
|poke|p2|Hippowdon, F
|rule|Swagger Clause: Swagger is banned
|rule|Baton Pass Clause: Limit one PokÃ©mon knowing Baton Pass
|teampreview
|chat|Corvolt|gl hf
|chat|FlareBlitz|Thanks you too
|
|start
|switch|p1a: Victini|Victini|341\/341
|switch|p2a: Porygon-Z|Porygon-Z|311\/311
|turn|1
|
|switch|p2a: Hippowdon|Hippowdon, F|420\/420
|move|p1a: Victini|V-create|p2a: Hippowdon
|-damage|p2a: Hippowdon|156\/420
|-unboost|p1a: Victini|def|1
|-unboost|p1a: Victini|spd|1
|-unboost|p1a: Victini|spe|1
|
|-heal|p2a: Hippowdon|182\/420|[from] item: Leftovers
|turn|2
|
|switch|p2a: Victini|Victini|341\/341
|move|p1a: Victini|V-create|p2a: Victini
|-resisted|p2a: Victini
|-damage|p2a: Victini|127\/341
|-unboost|p1a: Victini|def|1
|-unboost|p1a: Victini|spd|1
|-unboost|p1a: Victini|spe|1
|
|turn|3
|
|switch|p1a: Flygon|Flygon, M|301\/301
|move|p2a: Victini|V-create|p1a: Flygon
|-resisted|p1a: Flygon
|-damage|p1a: Flygon|70\/301
|-unboost|p2a: Victini|def|1
|-unboost|p2a: Victini|spd|1
|-unboost|p2a: Victini|spe|1
|
|turn|4
|
|switch|p2a: Hippowdon|Hippowdon, F|182\/420
|move|p1a: Flygon|U-turn|p2a: Hippowdon
|-damage|p2a: Hippowdon|140\/420
|
|switch|p1a: Victini|Victini|341\/341
|
|-heal|p2a: Hippowdon|166\/420|[from] item: Leftovers
|turn|5
|
|move|p1a: Victini|V-create|p2a: Hippowdon
|-damage|p2a: Hippowdon|0 fnt
|-unboost|p1a: Victini|def|1
|-unboost|p1a: Victini|spd|1
|-unboost|p1a: Victini|spe|1
|faint|p2a: Hippowdon
|
|
|switch|p2a: Victini|Victini|127\/341
|turn|6
|
|switch|p1a: Hydreigon|Hydreigon, M|325\/325
|move|p2a: Victini|V-create|p1a: Hydreigon
|-resisted|p1a: Hydreigon
|-damage|p1a: Hydreigon|100\/325
|-unboost|p2a: Victini|def|1
|-unboost|p2a: Victini|spd|1
|-unboost|p2a: Victini|spe|1
|
|turn|7
|
|switch|p2a: Florges|Florges, F|360\/360
|move|p1a: Hydreigon|U-turn|p2a: Florges
|-resisted|p2a: Florges
|-damage|p2a: Florges|320\/360
|
|switch|p1a: Jirachi|Jirachi|401\/401
|
|-heal|p2a: Florges|342\/360|[from] item: Leftovers
|turn|8
|
|move|p2a: Florges|Protect|p2a: Florges
|-singleturn|p2a: Florges|Protect
|move|p1a: Jirachi|Stealth Rock|p2a: Florges
|-sidestart|p2: Corvolt|move: Stealth Rock
|
|-heal|p2a: Florges|360\/360|[from] item: Leftovers
|turn|9
|
|switch|p2a: Victini|Victini|127\/341
|-damage|p2a: Victini|42\/341|[from] Stealth Rock
|move|p1a: Jirachi|Iron Head|p2a: Victini
|-resisted|p2a: Victini
|-damage|p2a: Victini|0 fnt
|faint|p2a: Victini
|
|
|switch|p2a: Haxorus|Haxorus, F|302\/302
|-damage|p2a: Haxorus|265\/302|[from] Stealth Rock
|-ability|p2a: Haxorus|Mold Breaker
|turn|10
|
|move|p1a: Jirachi|Iron Head|p2a: Haxorus
|-damage|p2a: Haxorus|153\/302
|move|p2a: Haxorus|Dragon Dance|p2a: Haxorus
|-boost|p2a: Haxorus|atk|1
|-boost|p2a: Haxorus|spe|1
|
|turn|11
|
|move|p2a: Haxorus|Dragon Dance|p2a: Haxorus
|-boost|p2a: Haxorus|atk|1
|-boost|p2a: Haxorus|spe|1
|move|p1a: Jirachi|Iron Head|p2a: Haxorus
|-damage|p2a: Haxorus|54\/302
|
|turn|12
|
|switch|p1a: Hydreigon|Hydreigon, M|100\/325
|move|p2a: Haxorus|Earthquake|p1a: Hydreigon
|-damage|p1a: Hydreigon|0 fnt
|faint|p1a: Hydreigon
|
|
|switch|p1a: Blastoise|Blastoise, F|353\/353
|turn|13
|
|detailschange|p1a: Blastoise|Blastoise-Mega, F
|message|Blastoise has Mega Evolved into Mega Blastoise!
|move|p2a: Haxorus|Outrage|p1a: Blastoise
|-damage|p1a: Blastoise|0 fnt
|faint|p1a: Blastoise
|
|
|switch|p1a: Jirachi|Jirachi|401\/401
|turn|14
|
|move|p2a: Haxorus|Outrage|p1a: Jirachi
|-crit|p1a: Jirachi
|-resisted|p1a: Jirachi
|-damage|p1a: Jirachi|0 fnt
|faint|p1a: Jirachi
|
|-end|p2a: Haxorus|rampage
|-start|p2a: Haxorus|confusion
|chat|Corvolt|sorry
|chat|Corvolt|wow
|chat|Corvolt|sorry
|
|switch|p1a: Flygon|Flygon, M|70\/301
|-enditem|p2a: Haxorus|Lum Berry|[eat]
|-end|p2a: Haxorus|confusion
|turn|15
|chat|FlareBlitz|It happens mate.
|
|move|p2a: Haxorus|Outrage|p1a: Flygon
|-crit|p1a: Flygon
|-supereffective|p1a: Flygon
|-damage|p1a: Flygon|0 fnt
|faint|p1a: Flygon
|
|
|switch|p1a: Heracross|Heracross, F|329\/329
|turn|16
|
|move|p2a: Haxorus|Outrage|p1a: Heracross
|-damage|p1a: Heracross|0 fnt
|faint|p1a: Heracross
|
|
|switch|p1a: Victini|Victini|341\/341
|turn|17
|
|move|p2a: Haxorus|Outrage|p1a: Victini
|-damage|p1a: Victini|0 fnt
|faint|p1a: Victini
|
|win|Corvolt
|raw|Ladder updating...
|raw|FlareBlitz's rating: 1526 &rarr; <strong>1496<\/strong><br \/>(-30 for losing)
|raw|Corvolt's rating: 1337 &rarr; <strong>1367<\/strong><br \/>(+30 for winning)
|leave|FlareBlitz
|player|p1