|join|FlareBlitz
|join|blkppl
|player|p1|FlareBlitz|169
|player|p2|blkppl|169
|gametype|singles
|gen|6
|tier|UU
|rule|Sleep Clause Mod: Limit one foe put to sleep
|rule|Species Clause: Limit one of each PokÃ©mon
|rule|OHKO Clause: OHKO moves are banned
|rule|Moody Clause: Moody is banned
|rule|Evasion Moves Clause: Evasion moves are banned
|rule|Endless Battle Clause: Forcing endless battles is banned
|rule|HP Percentage Mod: HP is reported as percentages
|clearpoke
|poke|p1|Snorlax, F
|poke|p1|Cofagrigus, M
|poke|p1|Sharpedo, M
|poke|p1|Jirachi
|poke|p1|Haxorus, M
|poke|p1|Heracross, M
|poke|p2|Hydreigon, F
|poke|p2|Blastoise, F
|poke|p2|Jirachi
|poke|p2|Lucario, F
|poke|p2|Nidoqueen, F
|poke|p2|Haxorus, M
|rule|Swagger Clause: Swagger is banned
|rule|Baton Pass Clause: Limit one PokÃ©mon knowing Baton Pass
|teampreview
|
|start
|switch|p1a: Jirachi|Jirachi|401\/401
|switch|p2a: Nidoqueen|Nidoqueen, F|353\/353
|turn|1
|
|move|p1a: Jirachi|Stealth Rock|p2a: Nidoqueen
|-sidestart|p2: blkppl|move: Stealth Rock
|move|p2a: Nidoqueen|Stealth Rock|p1a: Jirachi
|-sidestart|p1: FlareBlitz|move: Stealth Rock
|
|turn|2
|join|namehtmas
|
|switch|p1a: Snorlax|Snorlax, F|461\/461
|-damage|p1a: Snorlax|404\/461|[from] Stealth Rock
|switch|p2a: Jirachi|Jirachi|341\/341
|-damage|p2a: Jirachi|320\/341|[from] Stealth Rock
|
|turn|3
|
|move|p2a: Jirachi|U-turn|p1a: Snorlax
|-damage|p1a: Snorlax|320\/461
|
|switch|p2a: Blastoise|Blastoise, F|331\/331
|-damage|p2a: Blastoise|290\/331|[from] Stealth Rock
|move|p1a: Snorlax|Crunch|p2a: Blastoise
|-damage|p2a: Blastoise|158\/331
|
|turn|4
|
|switch|p1a: Heracross|Heracross, M|329\/329
|-damage|p1a: Heracross|288\/329|[from] Stealth Rock
|detailschange|p2a: Blastoise|Blastoise-Mega, F
|message|Blastoise has Mega Evolved into Mega Blastoise!
|move|p2a: Blastoise|Rapid Spin|p1a: Heracross
|-damage|p1a: Heracross|271\/329
|-sideend|p2: blkppl|Stealth Rock|[from] move: Rapid Spin|[of] p2a: Blastoise
|
|turn|5
|
|move|p1a: Heracross|Close Combat|p2a: Blastoise
|-damage|p2a: Blastoise|0 fnt
|-unboost|p1a: Heracross|def|1
|-unboost|p1a: Heracross|spd|1
|faint|p2a: Blastoise
|
|join|RawFrustration
|
|switch|p2a: Nidoqueen|Nidoqueen, F|353\/353
|turn|6
|
|switch|p1a: Snorlax|Snorlax, F|320\/461
|-damage|p1a: Snorlax|263\/461|[from] Stealth Rock
|move|p2a: Nidoqueen|Earth Power|p1a: Snorlax
|-damage|p1a: Snorlax|91\/461
|
|turn|7
|
|move|p2a: Nidoqueen|Earth Power|p1a: Snorlax
|-damage|p1a: Snorlax|0 fnt
|faint|p1a: Snorlax
|
|
|switch|p1a: Haxorus|Haxorus, M|327\/327
|-damage|p1a: Haxorus|287\/327|[from] Stealth Rock
|-ability|p1a: Haxorus|Mold Breaker
|turn|8
|
|move|p1a: Haxorus|Substitute|p1a: Haxorus
|-start|p1a: Haxorus|Substitute
|-damage|p1a: Haxorus|206\/327
|move|p2a: Nidoqueen|Ice Beam|p1a: Haxorus
|-supereffective|p1a: Haxorus
|-end|p1a: Haxorus|Substitute
|
|-heal|p1a: Haxorus|226\/327|[from] item: Leftovers
|turn|9
|join|Meruu
|
|move|p1a: Haxorus|Earthquake|p2a: Nidoqueen
|-supereffective|p2a: Nidoqueen
|-damage|p2a: Nidoqueen|37\/353
|move|p2a: Nidoqueen|Ice Beam|p1a: Haxorus
|-supereffective|p1a: Haxorus
|-damage|p1a: Haxorus|0 fnt
|faint|p1a: Haxorus
|
|
|switch|p1a: Jirachi|Jirachi|401\/401
|-damage|p1a: Jirachi|376\/401|[from] Stealth Rock
|turn|10
|
|move|p1a: Jirachi|Iron Head|p2a: Nidoqueen
|-damage|p2a: Nidoqueen|0 fnt
|faint|p2a: Nidoqueen
|
|-heal|p1a: Jirachi|401\/401|[from] item: Leftovers
|join|GoboBrobat
|
|switch|p2a: Hydreigon|Hydreigon, F|325\/325
|turn|11
|
|move|p1a: Jirachi|Stealth Rock|p2a: Hydreigon
|-sidestart|p2: blkppl|move: Stealth Rock
|move|p2a: Hydreigon|Dark Pulse|p1a: Jirachi
|-supereffective|p1a: Jirachi
|-damage|p1a: Jirachi|50\/401
|-damage|p2a: Hydreigon|293\/325|[from] item: Life Orb
|
|-heal|p1a: Jirachi|75\/401|[from] item: Leftovers
|turn|12
|
|switch|p2a: Jirachi|Jirachi|320\/341
|-damage|p2a: Jirachi|299\/341|[from] Stealth Rock
|move|p1a: Jirachi|Iron Head|p2a: Jirachi
|-resisted|p2a: Jirachi
|-damage|p2a: Jirachi|252\/341
|
|-heal|p1a: Jirachi|100\/401|[from] item: Leftovers
|turn|13
|
|move|p2a: Jirachi|Iron Head|p1a: Jirachi
|-resisted|p1a: Jirachi
|-damage|p1a: Jirachi|44\/401
|move|p1a: Jirachi|Fire Punch|p2a: Jirachi
|-supereffective|p2a: Jirachi
|-damage|p2a: Jirachi|134\/341
|
|-heal|p1a: Jirachi|69\/401|[from] item: Leftovers
|turn|14
|
|move|p2a: Jirachi|Iron Head|p1a: Jirachi
|-resisted|p1a: Jirachi
|-damage|p1a: Jirachi|8\/401
|cant|p1a: Jirachi|flinch
|
|-heal|p1a: Jirachi|33\/401|[from] item: Leftovers
|turn|15
|chat|FlareBlitz|If you win
|
|move|p2a: Jirachi|Iron Head|p1a: Jirachi
|-resisted|p1a: Jirachi
|-damage|p1a: Jirachi|0 fnt
|faint|p1a: Jirachi
|
|chat|FlareBlitz|Three speed ties
|chat|FlareBlitz|._.
|chat|blkppl|im scarf fool.
|chat|FlareBlitz|Oh
|chat|FlareBlitz|Derpaderp
|chat|blkppl|LOL
|chat|blkppl|how did you
|chat|blkppl|not notice
|chat|namehtmas|how did u not realize he was scarf
|chat|namehtmas|.-.
|chat|FlareBlitz|Well
|chat|Meruu|no item
|chat|RawFrustration|â¦
|chat|FlareBlitz|It hits like a pussy
|chat|FlareBlitz|Is why
|join|Bud Hertz
|chat|FlareBlitz|._.
|leave|Bud Hertz
|
|switch|p1a: Sharpedo|Sharpedo, M|281\/281
|-damage|p1a: Sharpedo|246\/281|[from] Stealth Rock
|turn|16
|
|move|p2a: Jirachi|Iron Head|p1a: Sharpedo
|-resisted|p1a: Sharpedo
|-damage|p1a: Sharpedo|118\/281
|cant|p1a: Sharpedo|flinch
|
|-boost|p1a: Sharpedo|spe|1|[from] ability: Speed Boost
|turn|17
|
|switch|p2a: Lucario|Lucario, F|281\/281
|-damage|p2a: Lucario|273\/281|[from] Stealth Rock
|move|p1a: Sharpedo|Protect|p1a: Sharpedo
|-fail|p1a: Sharpedo
|
|-boost|p1a: Sharpedo|spe|1|[from] ability: Speed Boost
|turn|18
|
|switch|p2a: Hydreigon|Hydreigon, F|293\/325
|-damage|p2a: Hydreigon|253\/325|[from] Stealth Rock
|move|p1a: Sharpedo|Waterfall|p2a: Hydreigon
|-resisted|p2a: Hydreigon
|-damage|p2a: Hydreigon|137\/325
|-damage|p1a: Sharpedo|90\/281|[from] item: Life Orb
|
|-boost|p1a: Sharpedo|spe|1|[from] ability: Speed Boost
|turn|19
|chat|Meruu|rip
|
|move|p1a: Sharpedo|Ice Beam|p2a: Hydreigon
|-supereffective|p2a: Hydreigon
|-damage|p2a: Hydreigon|0 fnt
|-damage|p1a: Sharpedo|62\/281|[from] item: Life Orb
|faint|p2a: Hydreigon
|
|-boost|p1a: Sharpedo|spe|1|[from] ability: Speed Boost
|chat|blkppl|well then
|
|switch|p2a: Lucario|Lucario, F|273\/281
|-damage|p2a: Lucario|265\/281|[from] Stealth Rock
|turn|20
|chat|FlareBlitz|<.<
|chat|namehtmas|outplayed
|
|move|p2a: Lucario|Extreme Speed|p1a: Sharpedo
|-crit|p1a: Sharpedo
|-damage|p1a: Sharpedo|0 fnt
|-damage|p2a: Lucario|237\/281|[from] item: Life Orb
|faint|p1a: Sharpedo
|
|chat|Meruu|i hope thats tr
|chat|Meruu|n_n
|
|switch|p1a: Cofagrigus|Cofagrigus, M|320\/320
|-damage|p1a: Cofagrigus|280\/320|[from] Stealth Rock
|turn|21
|join|dingbat
|chat|blkppl|hm
|
|switch|p2a: Jirachi|Jirachi|134\/341
|-damage|p2a: Jirachi|113\/341|[from] Stealth Rock
|move|p1a: Cofagrigus|Trick Room|p1a: Cofagrigus
|-fieldstart|move: Trick Room|[of] p1a: Cofagrigus
|
|-heal|p1a: Cofagrigus|300\/320|[from] item: Leftovers
|turn|22
|join|SmashBrosBrawl
|chat|FlareBlitz|._.
|
|move|p1a: Cofagrigus|Nasty Plot|p1a: Cofagrigus
|-boost|p1a: Cofagrigus|spa|2
|move|p2a: Jirachi|Trick|p1a: Cofagrigus
|-activate|p2a: Jirachi|move: Trick|[of] p1a: Cofagrigus
|-item|p1a: Cofagrigus|Choice Scarf|[from] move: Trick
|-item|p2a: Jirachi|Leftovers|[from] move: Trick
|
|-heal|p2a: Jirachi|134\/341|[from] item: Leftovers
|turn|23
|chat|Meruu|inb4 healing wish?
|chat|blkppl|not bad
|chat|dingbat|outspeed luke i guess? :D
|
|move|p1a: Cofagrigus|Shadow Ball|p2a: Jirachi
|-supereffective|p2a: Jirachi
|-damage|p2a: Jirachi|0 fnt
|faint|p2a: Jirachi
|
|chat|RawFrustration|can it sweep now?
|chat|SmashBrosBrawl|haxorus
|chat|SmashBrosBrawl|isnt that frail
|chat|SmashBrosBrawl|is it
|chat|blkppl|it is
|chat|namehtmas|yes it is
|chat|Meruu|haxorus has shit for spdef
|chat|SmashBrosBrawl|lame
|
|switch|p2a: Lucario|Lucario, F|237\/281
|-damage|p2a: Lucario|229\/281|[from] Stealth Rock
|turn|24
|chat|dingbat|70\/70 spD bulk
|chat|dingbat|or something
|chat|Meruu|i only know that from bw ou
|chat|Meruu|;o
|
|move|p1a: Cofagrigus|Shadow Ball|p2a: Lucario
|-damage|p2a: Lucario|0 fnt
|faint|p2a: Lucario
|
|chat|SmashBrosBrawl|ah
|
|switch|p2a: Haxorus|Haxorus, M|293\/293
|-damage|p2a: Haxorus|257\/293|[from] Stealth Rock
|-ability|p2a: Haxorus|Mold Breaker
|turn|25
|chat|namehtmas|76\/70 spd
|chat|SmashBrosBrawl|rip
|chat|FlareBlitz|Same teams?
|
|move|p1a: Cofagrigus|Shadow Ball|p2a: Haxorus
|-damage|p2a: Haxorus|0 fnt
|faint|p2a: Haxorus
|
|win|FlareBlitz
|chat|blkppl|yeah thats fine
|chat|RawFrustration|76\/70 SpDef bulk actually
|leave|SmashBrosBrawl
|chat|blkppl|gg
|chat|RawFrustration|but it was not enough
|leave|blkppl
|player|p2
|chat|FlareBlitz|gg
|leave|FlareBlitz
|player|p1
|leave|Meruu
|leave|dingbat
|leave|namehtmas