|join|hilarious
|join|FlareBlitz
|player|p1|hilarious|184
|player|p2|FlareBlitz|265
|gametype|singles
|gen|6
|tier|UU
|rated
|rule|Sleep Clause Mod: Limit one foe put to sleep
|rule|Species Clause: Limit one of each PokÃ©mon
|rule|OHKO Clause: OHKO moves are banned
|rule|Moody Clause: Moody is banned
|rule|Evasion Moves Clause: Evasion moves are banned
|rule|Endless Battle Clause: Forcing endless battles is banned
|rule|HP Percentage Mod: HP is shown in percentages
|clearpoke
|poke|p1|Galvantula, M
|poke|p1|Serperior, F
|poke|p1|Porygon-Z
|poke|p1|Absol, F
|poke|p1|Jirachi
|poke|p1|Donphan, F
|poke|p2|Serperior, F
|poke|p2|Chandelure, M
|poke|p2|Blastoise, F
|poke|p2|Nidoqueen, F
|poke|p2|Rhyperior, F
|poke|p2|Tornadus, M
|rule|Swagger Clause: Swagger is banned
|rule|Baton Pass Clause: Limit one PokÃ©mon knowing Baton Pass
|teampreview
|c|âFlareBlitz|Hello :3
|c|âhilarious|you still play uu?!!?
|c|âFlareBlitz|I gotta for spl
|c|âhilarious|ur gonna do great if you play half as good as you usually do
|
|start
|switch|p1a: Donphan|Donphan, F|383\/383
|switch|p2a: Rhyperior|Rhyperior, F|425\/425
|turn|1
|c|âFlareBlitz|I hope so :)
|
|move|p1a: Donphan|Stealth Rock|p2a: Rhyperior
|-sidestart|p2: FlareBlitz|move: Stealth Rock
|move|p2a: Rhyperior|Earthquake|p1a: Donphan
|-damage|p1a: Donphan|205\/383
|
|-heal|p1a: Donphan|228\/383|[from] item: Leftovers
|turn|2
|
|move|p1a: Donphan|Earthquake|p2a: Rhyperior
|-supereffective|p2a: Rhyperior
|-damage|p2a: Rhyperior|218\/425
|move|p2a: Rhyperior|Metal Burst|p1a: Donphan
|-damage|p1a: Donphan|0 fnt
|faint|p1a: Donphan
|
|c|âhilarious|ouchies
|c|âFlareBlitz|That's the first time in three games that's worked ._.
|
|switch|p1a: Galvantula|Galvantula, M|281\/281
|turn|3
|c|âhilarious|3 really isnt enough of a sample size for me
|
|move|p1a: Galvantula|Giga Drain|p2a: Rhyperior
|-supereffective|p2a: Rhyperior
|-damage|p2a: Rhyperior|0 fnt
|faint|p2a: Rhyperior
|
|
|switch|p2a: Nidoqueen|Nidoqueen, F|384\/384
|-damage|p2a: Nidoqueen|360\/384|[from] Stealth Rock
|turn|4
|
|move|p1a: Galvantula|Sticky Web|p2a: Nidoqueen
|-sidestart|p2: FlareBlitz|move: Sticky Web
|move|p2a: Nidoqueen|Stealth Rock|p1a: Galvantula
|-sidestart|p1: hilarious|move: Stealth Rock
|
|-heal|p2a: Nidoqueen|384\/384|[from] item: Leftovers
|turn|5
|
|move|p1a: Galvantula|Giga Drain|p2a: Nidoqueen
|-damage|p2a: Nidoqueen|296\/384
|move|p2a: Nidoqueen|Sludge Wave|p1a: Galvantula
|-damage|p1a: Galvantula|94\/281
|
|-heal|p2a: Nidoqueen|320\/384|[from] item: Leftovers
|turn|6
|
|move|p1a: Galvantula|Giga Drain|p2a: Nidoqueen
|-damage|p2a: Nidoqueen|234\/384
|-heal|p1a: Galvantula|137\/281|[from] drain|[of] p2a: Nidoqueen
|move|p2a: Nidoqueen|Earth Power|p1a: Galvantula
|-damage|p1a: Galvantula|0 fnt
|faint|p1a: Galvantula
|
|-heal|p2a: Nidoqueen|258\/384|[from] item: Leftovers
|
|switch|p1a: Serperior|Serperior, F|291\/291
|-damage|p1a: Serperior|255\/291|[from] Stealth Rock
|turn|7
|
|move|p1a: Serperior|Leaf Storm|p2a: Nidoqueen
|-damage|p2a: Nidoqueen|11\/384
|-boost|p1a: Serperior|spa|2
|-damage|p1a: Serperior|226\/291|[from] item: Life Orb
|move|p2a: Nidoqueen|Sludge Wave|p1a: Serperior
|-supereffective|p1a: Serperior
|-damage|p1a: Serperior|0 fnt
|faint|p1a: Serperior
|
|-heal|p2a: Nidoqueen|35\/384|[from] item: Leftovers
|c|âhilarious|weak
|c|âFlareBlitz|Yeah
|
|switch|p1a: Absol|Absol, F|271\/271
|-damage|p1a: Absol|238\/271|[from] Stealth Rock
|turn|8
|c|âFlareBlitz|It's a huge pussy
|c|âFlareBlitz|I have not been happy with mine
|c|âhilarious|unless sticky web contrary boost
|c|âhilarious|rip
|
|detailschange|p1a: Absol|Absol-Mega, F
|-mega|p1a: Absol|Absol|Absolite
|move|p1a: Absol|Knock Off|p2a: Nidoqueen
|-damage|p2a: Nidoqueen|0 fnt
|-enditem|p2a: Nidoqueen|Leftovers|[from] move: Knock Off|[of] p1a: Absol
|faint|p2a: Nidoqueen
|
|
|switch|p2a: Blastoise|Blastoise, F|355\/355
|-activate|p2a: Blastoise|move: Sticky Web
|-unboost|p2a: Blastoise|spe|1
|-damage|p2a: Blastoise|311\/355|[from] Stealth Rock
|turn|9
|
|detailschange|p2a: Blastoise|Blastoise-Mega, F
|-mega|p2a: Blastoise|Blastoise|Blastoisinite
|move|p1a: Absol|Sucker Punch|p2a: Blastoise
|-damage|p2a: Blastoise|185\/355
|move|p2a: Blastoise|Rapid Spin|p1a: Absol
|-damage|p1a: Absol|210\/271
|-sideend|p2: FlareBlitz|Stealth Rock|[from] move: Rapid Spin|[of] p2a: Blastoise
|-sideend|p2: FlareBlitz|Sticky Web|[from] move: Rapid Spin|[of] p2a: Blastoise
|
|turn|10
|
|move|p1a: Absol|Sucker Punch|p2a: Blastoise
|-crit|p2a: Blastoise
|-damage|p2a: Blastoise|0 fnt
|faint|p2a: Blastoise
|
|
|switch|p2a: Tornadus|Tornadus, M|299\/299
|turn|11
|c|âhilarious|im bad
|c|âhilarious|loss now would be really embbarrassing
|
|move|p2a: Tornadus|Bulk Up|p2a: Tornadus
|-boost|p2a: Tornadus|atk|1
|-boost|p2a: Tornadus|def|1
|move|p1a: Absol|Knock Off|p2a: Tornadus
|-crit|p2a: Tornadus
|-damage|p2a: Tornadus|37\/299
|
|turn|12
|
|move|p2a: Tornadus|Tailwind|p2a: Tornadus
|-sidestart|p2: FlareBlitz|move: Tailwind
|move|p1a: Absol|Knock Off|p2a: Tornadus
|-damage|p2a: Tornadus|0 fnt
|faint|p2a: Tornadus
|
|
|switch|p2a: Serperior|Serperior, F|291\/291
|turn|13
|c|âFlareBlitz|Serperior please don't pussy it up like normal plz
|
|move|p1a: Absol|Sucker Punch|p2a: Serperior
|-damage|p2a: Serperior|128\/291
|move|p2a: Serperior|Leaf Storm|p1a: Absol
|-damage|p1a: Absol|0 fnt
|-boost|p2a: Serperior|spa|2
|-damage|p2a: Serperior|99\/291|[from] item: Life Orb
|faint|p1a: Absol
|
|c|âFlareBlitz|Thank you for not critting again btw lol
|c|âhilarious|oh right i outspeed
|c|âhilarious|yw
|c|âFlareBlitz|Not after tailwind
|c|âhilarious|oh right
|
|switch|p1a: Jirachi|Jirachi|341\/341
|-damage|p1a: Jirachi|320\/341|[from] Stealth Rock
|turn|14
|c|âhilarious|i knew i wasnt that dumb
|
|move|p2a: Serperior|Hidden Power|p1a: Jirachi
|-supereffective|p1a: Jirachi
|-damage|p1a: Jirachi|78\/341
|-damage|p2a: Serperior|70\/291|[from] item: Life Orb
|move|p1a: Jirachi|Iron Head|p2a: Serperior
|-damage|p2a: Serperior|0 fnt
|faint|p2a: Serperior
|
|c|âhilarious|it would be better if it didnt have 14 base spa
|
|switch|p2a: Chandelure|Chandelure, M|261\/261
|turn|15
|c|âFlareBlitz|113 isn't it?
|
|move|p2a: Chandelure|Fire Blast|p1a: Jirachi
|-supereffective|p1a: Jirachi
|-damage|p1a: Jirachi|0 fnt
|faint|p1a: Jirachi
|
|-sideend|p2: FlareBlitz|move: Tailwind
|c|âFlareBlitz|But yes, agree
|c|âFlareBlitz|Should have really gotten 115
|c|âhilarious|special attack
|c|âhilarious|not speed
|c|âFlareBlitz|Oh
|c|âFlareBlitz|lul
|c|âFlareBlitz|Yeah
|
|switch|p1a: Porygon-Z|Porygon-Z|311\/311
|-damage|p1a: Porygon-Z|273\/311|[from] Stealth Rock
|turn|16
|c|âFlareBlitz|gg mate
|c|âhilarious|flinch
|
|move|p1a: Porygon-Z|Dark Pulse|p2a: Chandelure
|-supereffective|p2a: Chandelure
|-damage|p2a: Chandelure|11\/261
|move|p2a: Chandelure|Fire Blast|p1a: Porygon-Z
|-damage|p1a: Porygon-Z|0 fnt
|faint|p1a: Porygon-Z
|
|win|FlareBlitz
|raw|Ladder updating...
|c|âhilarious|gg
|raw|hilarious's rating: 1451 &rarr; <strong>1430<\/strong><br \/>(-21 for losing)
|raw|FlareBlitz's rating: 1448 &rarr; <strong>1468<\/strong><br \/>(+20 for winning)
|c|âhilarious|LOL
|c|âhilarious|still lost
|c|âFlareBlitz|LOL
|c|âhilarious|rip