|join|THS
|join|Mounts
|player|p1|THS|285
|player|p2|Mounts|101
|gametype|singles
|gen|6
|tier|OU
|clearpoke
|poke|p1|Heatran, M
|poke|p1|Slowbro, F
|poke|p1|Ferrothorn, M
|poke|p1|Landorus-Therian, M
|poke|p1|Latios, M
|poke|p1|Metagross
|poke|p2|Diancie
|poke|p2|Keldeo
|poke|p2|Dragonite, F
|poke|p2|Garchomp, M
|poke|p2|Jirachi
|poke|p2|Gengar, M
|rule|Swagger Clause: Swagger is banned
|rule|Baton Pass Clause: Limit one PokÃ©mon knowing Baton Pass
|rule|Sleep Clause Mod: Limit one foe put to sleep
|rule|Species Clause: Limit one of each PokÃ©mon
|rule|OHKO Clause: OHKO moves are banned
|rule|Moody Clause: Moody is banned
|rule|Evasion Moves Clause: Evasion moves are banned
|rule|Endless Battle Clause: Forcing endless battles is banned
|rule|HP Percentage Mod: HP is shown in percentages
|teampreview
|
|start
|switch|p1a: Landorus-Therian|Landorus-Therian, M|319\/319
|switch|p2a: Garchomp|Garchomp, M|358\/358
|-ability|p1a: Landorus-Therian|Intimidate|[of] p2a: Garchomp
|-unboost|p2a: Garchomp|atk|1
|turn|1
|
|move|p1a: Landorus-Therian|U-turn|p2a: Garchomp
|-damage|p2a: Garchomp|253\/358
|-damage|p1a: Landorus-Therian|280\/319|[from] ability: Rough Skin|[of] p2a: Garchomp
|
|switch|p1a: Slowbro|Slowbro, F|394\/394
|move|p2a: Garchomp|Stealth Rock|p1a: Slowbro
|-sidestart|p1: THS|move: Stealth Rock
|
|turn|2
|
|switch|p2a: Jirachi|Jirachi|404\/404
|move|p1a: Slowbro|Scald|p2a: Jirachi
|-crit|p2a: Jirachi
|-damage|p2a: Jirachi|292\/404
|
|-heal|p2a: Jirachi|317\/404|[from] item: Leftovers
|turn|3
|
|move|p2a: Jirachi|Body Slam|p1a: Slowbro
|-damage|p1a: Slowbro|350\/394
|-status|p1a: Slowbro|par
|cant|p1a: Slowbro|par
|
|-heal|p2a: Jirachi|342\/404|[from] item: Leftovers
|-heal|p1a: Slowbro|374\/394 par|[from] item: Leftovers
|turn|4
|
|move|p2a: Jirachi|Wish|p2a: Jirachi
|move|p1a: Slowbro|Flamethrower|p2a: Jirachi
|-crit|p2a: Jirachi
|-supereffective|p2a: Jirachi
|-damage|p2a: Jirachi|176\/404
|-status|p2a: Jirachi|brn
|
|-heal|p2a: Jirachi|201\/404 brn|[from] item: Leftovers
|-heal|p1a: Slowbro|394\/394 par|[from] item: Leftovers
|-damage|p2a: Jirachi|151\/404 brn|[from] brn
|turn|5
|
|move|p2a: Jirachi|Body Slam|p1a: Slowbro
|-crit|p1a: Slowbro
|-damage|p1a: Slowbro|362\/394 par
|move|p1a: Slowbro|Scald|p2a: Jirachi
|-damage|p2a: Jirachi|84\/404 brn
|
|-heal|p2a: Jirachi|286\/404 brn|[from] move: Wish|[wisher] Jirachi
|-heal|p2a: Jirachi|311\/404 brn|[from] item: Leftovers
|-heal|p1a: Slowbro|386\/394 par|[from] item: Leftovers
|-damage|p2a: Jirachi|261\/404 brn|[from] brn
|turn|6
|
|move|p2a: Jirachi|Wish|p2a: Jirachi
|move|p1a: Slowbro|Flamethrower|p2a: Jirachi
|-supereffective|p2a: Jirachi
|-damage|p2a: Jirachi|161\/404 brn
|
|-heal|p2a: Jirachi|186\/404 brn|[from] item: Leftovers
|-heal|p1a: Slowbro|394\/394 par|[from] item: Leftovers
|-damage|p2a: Jirachi|136\/404 brn|[from] brn
|turn|7
|
|move|p2a: Jirachi|Iron Head|p1a: Slowbro
|-resisted|p1a: Slowbro
|-damage|p1a: Slowbro|379\/394 par
|cant|p1a: Slowbro|flinch
|
|-heal|p2a: Jirachi|338\/404 brn|[from] move: Wish|[wisher] Jirachi
|-heal|p2a: Jirachi|363\/404 brn|[from] item: Leftovers
|-heal|p1a: Slowbro|394\/394 par|[from] item: Leftovers
|-damage|p2a: Jirachi|313\/404 brn|[from] brn
|turn|8
|
|move|p2a: Jirachi|U-turn|p1a: Slowbro
|-supereffective|p1a: Slowbro
|-damage|p1a: Slowbro|358\/394 par
|
|switch|p2a: Gengar|Gengar, M|323\/323
|move|p1a: Slowbro|Flamethrower|p2a: Gengar
|-damage|p2a: Gengar|236\/323
|
|-heal|p2a: Gengar|256\/323|[from] item: Leftovers
|-heal|p1a: Slowbro|382\/394 par|[from] item: Leftovers
|turn|9
|
|switch|p1a: Heatran|Heatran, M|386\/386
|-damage|p1a: Heatran|338\/386|[from] Stealth Rock
|move|p2a: Gengar|Substitute|p2a: Gengar
|-start|p2a: Gengar|Substitute
|-damage|p2a: Gengar|176\/323
|
|-heal|p2a: Gengar|196\/323|[from] item: Leftovers
|-heal|p1a: Heatran|362\/386|[from] item: Leftovers
|turn|10
|
|move|p2a: Gengar|Taunt|p1a: Heatran
|-start|p1a: Heatran|move: Taunt
|move|p1a: Heatran|Lava Plume|p2a: Gengar
|-end|p2a: Gengar|Substitute
|
|-heal|p2a: Gengar|216\/323|[from] item: Leftovers
|-heal|p1a: Heatran|386\/386|[from] item: Leftovers
|turn|11
|
|switch|p2a: Keldeo|Keldeo|323\/323
|move|p1a: Heatran|Lava Plume|p2a: Keldeo
|-resisted|p2a: Keldeo
|-damage|p2a: Keldeo|262\/323
|-status|p2a: Keldeo|brn
|
|-damage|p2a: Keldeo|222\/323 brn|[from] brn
|turn|12
|
|switch|p2a: Diancie|Diancie|241\/241
|switch|p1a: Latios|Latios, M|301\/301
|-damage|p1a: Latios|264\/301|[from] Stealth Rock
|
|turn|13
|
|switch|p1a: Metagross|Metagross|345\/345
|-damage|p1a: Metagross|324\/345|[from] Stealth Rock
|detailschange|p2a: Diancie|Diancie-Mega
|message|Diancie has Mega Evolved into Mega Diancie!
|move|p2a: Diancie|Hidden Power|p1a: Metagross
|-supereffective|p1a: Metagross
|-damage|p1a: Metagross|136\/345
|
|turn|14
|
|switch|p2a: Garchomp|Garchomp, M|253\/358
|detailschange|p1a: Metagross|Metagross-Mega
|message|Metagross has Mega Evolved into Mega Metagross!
|move|p1a: Metagross|Meteor Mash|p2a: Garchomp|[miss]
|-miss|p1a: Metagross|p2a: Garchomp
|
|turn|15
|
|switch|p1a: Slowbro|Slowbro, F|394\/394 par
|-damage|p1a: Slowbro|345\/394 par|[from] Stealth Rock
|move|p2a: Garchomp|Earthquake|p1a: Slowbro
|-damage|p1a: Slowbro|230\/394 par
|
|-heal|p1a: Slowbro|254\/394 par|[from] item: Leftovers
|turn|16
|
|move|p2a: Garchomp|Swords Dance|p2a: Garchomp
|-boost|p2a: Garchomp|atk|2
|move|p1a: Slowbro|Scald|p2a: Garchomp
|-damage|p2a: Garchomp|154\/358
|
|-heal|p1a: Slowbro|278\/394 par|[from] item: Leftovers
|turn|17
|
|move|p2a: Garchomp|Earthquake|p1a: Slowbro
|-damage|p1a: Slowbro|38\/394 par
|move|p1a: Slowbro|Scald|p2a: Garchomp
|-damage|p2a: Garchomp|46\/358
|
|-heal|p1a: Slowbro|62\/394 par|[from] item: Leftovers
|turn|18
|
|switch|p1a: Landorus-Therian|Landorus-Therian, M|280\/319
|-damage|p1a: Landorus-Therian|241\/319|[from] Stealth Rock
|-ability|p1a: Landorus-Therian|Intimidate|[of] p2a: Garchomp
|-unboost|p2a: Garchomp|atk|1
|move|p2a: Garchomp|Outrage|p1a: Landorus-Therian
|-damage|p1a: Landorus-Therian|0 fnt
|faint|p1a: Landorus-Therian
|
|
|switch|p1a: Latios|Latios, M|264\/301
|-damage|p1a: Latios|227\/301|[from] Stealth Rock
|turn|19
|
|move|p1a: Latios|Psyshock|p2a: Garchomp
|-damage|p2a: Garchomp|0 fnt
|-damage|p1a: Latios|197\/301|[from] item: Life Orb
|faint|p2a: Garchomp
|
|
|switch|p2a: Diancie|Diancie-Mega|241\/241
|turn|20
|
|switch|p1a: Ferrothorn|Ferrothorn, M|352\/352
|-damage|p1a: Ferrothorn|330\/352|[from] Stealth Rock
|move|p2a: Diancie|Moonblast|p1a: Ferrothorn
|-resisted|p1a: Ferrothorn
|-damage|p1a: Ferrothorn|249\/352
|
|-heal|p1a: Ferrothorn|271\/352|[from] item: Leftovers
|turn|21
|
|switch|p1a: Slowbro|Slowbro, F|193\/394 par
|-damage|p1a: Slowbro|144\/394 par|[from] Stealth Rock
|move|p2a: Diancie|Hidden Power|p1a: Slowbro
|-resisted|p1a: Slowbro
|-damage|p1a: Slowbro|96\/394 par
|
|-heal|p1a: Slowbro|120\/394 par|[from] item: Leftovers
|turn|22
|
|switch|p1a: Heatran|Heatran, M|386\/386
|-damage|p1a: Heatran|338\/386|[from] Stealth Rock
|move|p2a: Diancie|Hidden Power|p1a: Heatran
|-start|p1a: Heatran|ability: Flash Fire
|
|-heal|p1a: Heatran|362\/386|[from] item: Leftovers
|turn|23
|
|move|p2a: Diancie|Earth Power|p1a: Heatran
|-supereffective|p1a: Heatran
|-damage|p1a: Heatran|0 fnt
|faint|p1a: Heatran
|
|
|switch|p1a: Slowbro|Slowbro, F|251\/394 par
|-damage|p1a: Slowbro|202\/394 par|[from] Stealth Rock
|turn|24
|
|move|p2a: Diancie|Moonblast|p1a: Slowbro
|-damage|p1a: Slowbro|0 fnt
|faint|p1a: Slowbro
|
|
|switch|p1a: Metagross|Metagross-Mega|136\/345
|-damage|p1a: Metagross|115\/345|[from] Stealth Rock
|turn|25
|c|âTHS|gg
|
|switch|p2a: Keldeo|Keldeo|222\/323 brn
|move|p1a: Metagross|Meteor Mash|p2a: Keldeo
|-resisted|p2a: Keldeo
|-damage|p2a: Keldeo|78\/323 brn
|
|-damage|p2a: Keldeo|38\/323 brn|[from] brn
|turn|26
|
|switch|p1a: Latios|Latios, M|197\/301
|-damage|p1a: Latios|160\/301|[from] Stealth Rock
|move|p2a: Keldeo|Scald|p1a: Latios
|-resisted|p1a: Latios
|-damage|p1a: Latios|56\/301
|-status|p1a: Latios|brn
|
|-damage|p1a: Latios|19\/301 brn|[from] brn
|-damage|p2a: Keldeo|0 fnt|[from] brn
|faint|p2a: Keldeo
|
|switch|p2a: Dragonite|Dragonite, F|330\/330
|turn|27
|
|move|p1a: Latios|Defog|p2a: Dragonite
|-unboost|p2a: Dragonite|evasion|1
|-sideend|p1: THS|Stealth Rock|[from] move: Defog|[of] p1a: Latios
|move|p2a: Dragonite|Dragon Dance|p2a: Dragonite
|-boost|p2a: Dragonite|atk|1
|-boost|p2a: Dragonite|spe|1
|
|-damage|p1a: Latios|0 fnt|[from] brn
|faint|p1a: Latios
|
|switch|p1a: Ferrothorn|Ferrothorn, M|271\/352
|turn|28
|
|switch|p2a: Jirachi|Jirachi|313\/404 brn
|move|p1a: Ferrothorn|Leech Seed|p2a: Jirachi
|-start|p2a: Jirachi|move: Leech Seed
|
|-heal|p2a: Jirachi|338\/404 brn|[from] item: Leftovers
|-heal|p1a: Ferrothorn|293\/352|[from] item: Leftovers
|-damage|p2a: Jirachi|288\/404 brn|[from] Leech Seed|[of] p1a: Ferrothorn
|-heal|p1a: Ferrothorn|343\/352|[silent]
|-damage|p2a: Jirachi|238\/404 brn|[from] brn
|turn|29
|
|move|p2a: Jirachi|Body Slam|p1a: Ferrothorn
|-resisted|p1a: Ferrothorn
|-damage|p1a: Ferrothorn|332\/352
|-damage|p2a: Jirachi|188\/404 brn|[from] ability: Iron Barbs|[of] p1a: Ferrothorn
|-status|p1a: Ferrothorn|par
|move|p1a: Ferrothorn|Stealth Rock|p2a: Jirachi
|-sidestart|p2: Mounts|move: Stealth Rock
|
|-heal|p2a: Jirachi|213\/404 brn|[from] item: Leftovers
|-heal|p1a: Ferrothorn|352\/352 par|[from] item: Leftovers
|-damage|p2a: Jirachi|163\/404 brn|[from] Leech Seed|[of] p1a: Ferrothorn
|-damage|p2a: Jirachi|113\/404 brn|[from] brn
|turn|30
|
|switch|p1a: Metagross|Metagross-Mega|115\/345
|move|p2a: Jirachi|Wish|p2a: Jirachi
|
|-heal|p2a: Jirachi|138\/404 brn|[from] item: Leftovers
|-damage|p2a: Jirachi|88\/404 brn|[from] Leech Seed|[of] p1a: Metagross
|-heal|p1a: Metagross|165\/345|[silent]
|-damage|p2a: Jirachi|38\/404 brn|[from] brn
|turn|31
|
|switch|p1a: Ferrothorn|Ferrothorn, M|352\/352 par
|move|p2a: Jirachi|Body Slam|p1a: Ferrothorn
|-resisted|p1a: Ferrothorn
|-damage|p1a: Ferrothorn|340\/352 par
|-damage|p2a: Jirachi|0 fnt|[from] ability: Iron Barbs|[of] p1a: Ferrothorn
|faint|p2a: Jirachi
|
|-heal|p1a: Ferrothorn|352\/352 par|[from] item: Leftovers
|join|Redrigo
|
|switch|p2a: Diancie|Diancie-Mega|241\/241
|-damage|p2a: Diancie|211\/241|[from] Stealth Rock
|turn|32
|
|move|p2a: Diancie|Hidden Power|p1a: Ferrothorn
|-supereffective|p1a: Ferrothorn
|-damage|p1a: Ferrothorn|88\/352 par
|move|p1a: Ferrothorn|Power Whip|p2a: Diancie
|-crit|p2a: Diancie
|-supereffective|p2a: Diancie
|-damage|p2a: Diancie|0 fnt
|faint|p2a: Diancie
|
|-heal|p1a: Ferrothorn|110\/352 par|[from] item: Leftovers
|
|switch|p2a: Gengar|Gengar, M|216\/323
|-damage|p2a: Gengar|176\/323|[from] Stealth Rock
|turn|33
|
|move|p2a: Gengar|Substitute|p2a: Gengar
|-start|p2a: Gengar|Substitute
|-damage|p2a: Gengar|96\/323
|cant|p1a: Ferrothorn|par
|
|-heal|p2a: Gengar|116\/323|[from] item: Leftovers
|-heal|p1a: Ferrothorn|132\/352 par|[from] item: Leftovers
|turn|34
|
|move|p2a: Gengar|Hex|p1a: Ferrothorn
|-damage|p1a: Ferrothorn|0 fnt
|faint|p1a: Ferrothorn
|
|-heal|p2a: Gengar|136\/323|[from] item: Leftovers
|
|switch|p1a: Metagross|Metagross-Mega|165\/345
|turn|35
|
|move|p2a: Gengar|Hex|p1a: Metagross
|-supereffective|p1a: Metagross
|-damage|p1a: Metagross|0 fnt
|faint|p1a: Metagross
|
|win|Mounts
|c|âTHS|gg
|c|âMounts|gg
|leave|Redrigo
|leave|THS
|player|p1