|join|Dawoode Sandstorm
|join|Mounts
|player|p1|Dawoode Sandstorm|288
|player|p2|Mounts|101
|gametype|singles
|gen|6
|tier|OU
|rated
|clearpoke
|poke|p1|Keldeo-Resolute
|poke|p1|Beedrill, M
|poke|p1|Empoleon, M
|poke|p1|Landorus-Therian, M
|poke|p1|Victini
|poke|p1|Kyurem-Black
|poke|p2|Charizard, M
|poke|p2|Azumarill, F
|poke|p2|Greninja, M
|poke|p2|Landorus-Therian, M
|poke|p2|Terrakion
|poke|p2|Snorlax, M
|rule|Swagger Clause: Swagger is banned
|rule|Baton Pass Clause: Limit one PokÃ©mon knowing Baton Pass
|rule|Sleep Clause Mod: Limit one foe put to sleep
|rule|Species Clause: Limit one of each PokÃ©mon
|rule|OHKO Clause: OHKO moves are banned
|rule|Moody Clause: Moody is banned
|rule|Evasion Moves Clause: Evasion moves are banned
|rule|Endless Battle Clause: Forcing endless battles is banned
|rule|HP Percentage Mod: HP is shown in percentages
|teampreview
|join|gamerguy1123
|join|Pokeplays777
|
|start
|switch|p1a: Keldeo-Resolute|Keldeo-Resolute|323\/323
|switch|p2a: Terrakion|Terrakion|323\/323
|turn|1
|
|switch|p2a: Azumarill|Azumarill, F|384\/384
|move|p1a: Keldeo-Resolute|Scald|p2a: Azumarill
|-resisted|p2a: Azumarill
|-damage|p2a: Azumarill|291\/384
|-status|p2a: Azumarill|brn
|
|-damage|p2a: Azumarill|243\/384 brn|[from] brn
|turn|2
|
|switch|p1a: New Groove|Empoleon, M|371\/371
|switch|p2a: Landorus-Therian|Landorus-Therian, M|382\/382
|-ability|p2a: Landorus-Therian|Intimidate|[of] p1a: New Groove
|-unboost|p1a: New Groove|atk|1
|
|turn|3
|
|switch|p1a: Landorus-Therian|Landorus-Therian, M|381\/381
|-ability|p1a: Landorus-Therian|Intimidate|[of] p2a: Landorus-Therian
|-unboost|p2a: Landorus-Therian|atk|1
|move|p2a: Landorus-Therian|Stealth Rock|p1a: Landorus-Therian
|-sidestart|p1: Dawoode Sandstorm|move: Stealth Rock
|
|turn|4
|
|move|p2a: Landorus-Therian|Toxic|p1a: Landorus-Therian
|-status|p1a: Landorus-Therian|tox
|move|p1a: Landorus-Therian|Stealth Rock|p2a: Landorus-Therian
|-sidestart|p2: Mounts|move: Stealth Rock
|
|-damage|p1a: Landorus-Therian|358\/381 tox|[from] psn
|turn|5
|
|move|p2a: Landorus-Therian|U-turn|p1a: Landorus-Therian
|-resisted|p1a: Landorus-Therian
|-damage|p1a: Landorus-Therian|340\/381 tox
|
|switch|p2a: Azumarill|Azumarill, F|243\/384 brn
|-damage|p2a: Azumarill|195\/384 brn|[from] Stealth Rock
|move|p1a: Landorus-Therian|U-turn|p2a: Azumarill
|-resisted|p2a: Azumarill
|-damage|p2a: Azumarill|146\/384 brn
|
|switch|p1a: New Groove|Empoleon, M|371\/371
|-enditem|p2a: Azumarill|Sitrus Berry|[eat]
|-heal|p2a: Azumarill|242\/384 brn|[from] item: Sitrus Berry
|-damage|p1a: New Groove|348\/371|[from] Stealth Rock
|
|-heal|p1a: New Groove|371\/371|[from] item: Leftovers
|-damage|p2a: Azumarill|194\/384 brn|[from] brn
|turn|6
|
|move|p2a: Azumarill|Superpower|p1a: New Groove
|-supereffective|p1a: New Groove
|-damage|p1a: New Groove|193\/371
|-unboost|p2a: Azumarill|atk|1
|-unboost|p2a: Azumarill|def|1
|move|p1a: New Groove|Defog|p2a: Azumarill
|-unboost|p2a: Azumarill|evasion|1
|-sideend|p2: Mounts|Stealth Rock|[from] move: Defog|[of] p2a: Azumarill
|-sideend|p1: Dawoode Sandstorm|Stealth Rock|[from] move: Defog|[of] p1a: New Groove
|
|-heal|p1a: New Groove|216\/371|[from] item: Leftovers
|-damage|p2a: Azumarill|146\/384 brn|[from] brn
|turn|7
|
|switch|p2a: Landorus-Therian|Landorus-Therian, M|382\/382
|-ability|p2a: Landorus-Therian|Intimidate|[of] p1a: New Groove
|-unboost|p1a: New Groove|atk|1
|switch|p1a: Landorus-Therian|Landorus-Therian, M|340\/381 tox
|-ability|p1a: Landorus-Therian|Intimidate|[of] p2a: Landorus-Therian
|-unboost|p2a: Landorus-Therian|atk|1
|
|-heal|p1a: Landorus-Therian|363\/381 tox|[from] item: Leftovers
|-damage|p1a: Landorus-Therian|340\/381 tox|[from] psn
|turn|8
|
|move|p2a: Landorus-Therian|Stealth Rock|p1a: Landorus-Therian
|-sidestart|p1: Dawoode Sandstorm|move: Stealth Rock
|move|p1a: Landorus-Therian|Stealth Rock|p2a: Landorus-Therian
|-sidestart|p2: Mounts|move: Stealth Rock
|
|-heal|p1a: Landorus-Therian|363\/381 tox|[from] item: Leftovers
|-damage|p1a: Landorus-Therian|317\/381 tox|[from] psn
|turn|9
|
|move|p2a: Landorus-Therian|U-turn|p1a: Landorus-Therian
|-resisted|p1a: Landorus-Therian
|-damage|p1a: Landorus-Therian|299\/381 tox
|
|switch|p2a: Azumarill|Azumarill, F|146\/384 brn
|-damage|p2a: Azumarill|98\/384 brn|[from] Stealth Rock
|move|p1a: Landorus-Therian|U-turn|p2a: Azumarill
|-resisted|p2a: Azumarill
|-damage|p2a: Azumarill|55\/384 brn
|
|switch|p1a: Keldeo-Resolute|Keldeo-Resolute|323\/323
|-damage|p1a: Keldeo-Resolute|303\/323|[from] Stealth Rock
|
|-damage|p2a: Azumarill|7\/384 brn|[from] brn
|turn|10
|
|move|p2a: Azumarill|Aqua Jet|p1a: Keldeo-Resolute
|-resisted|p1a: Keldeo-Resolute
|-damage|p1a: Keldeo-Resolute|279\/323
|move|p1a: Keldeo-Resolute|Secret Sword|p2a: Azumarill
|-crit|p2a: Azumarill
|-resisted|p2a: Azumarill
|-damage|p2a: Azumarill|0 fnt
|faint|p2a: Azumarill
|
|
|switch|p2a: Landorus-Therian|Landorus-Therian, M|382\/382
|-damage|p2a: Landorus-Therian|335\/382|[from] Stealth Rock
|-ability|p2a: Landorus-Therian|Intimidate|[of] p1a: Keldeo-Resolute
|-unboost|p1a: Keldeo-Resolute|atk|1
|turn|11
|
|move|p1a: Keldeo-Resolute|Scald|p2a: Landorus-Therian
|-supereffective|p2a: Landorus-Therian
|-damage|p2a: Landorus-Therian|0 fnt
|faint|p2a: Landorus-Therian
|
|
|switch|p2a: Snorlax|Snorlax, M|524\/524
|-damage|p2a: Snorlax|459\/524|[from] Stealth Rock
|turn|12
|
|move|p1a: Keldeo-Resolute|Secret Sword|p2a: Snorlax
|-supereffective|p2a: Snorlax
|-damage|p2a: Snorlax|0 fnt
|faint|p2a: Snorlax
|
|
|switch|p2a: Greninja|Greninja, M|286\/286
|-damage|p2a: Greninja|251\/286|[from] Stealth Rock
|turn|13
|
|move|p2a: Greninja|Hidden Power|p1a: Keldeo-Resolute
|-start|p2a: Greninja|typechange|Grass|[from] Protean
|-supereffective|p1a: Keldeo-Resolute
|-damage|p1a: Keldeo-Resolute|29\/323
|-damage|p2a: Greninja|223\/286|[from] item: Life Orb
|move|p1a: Keldeo-Resolute|Scald|p2a: Greninja
|-resisted|p2a: Greninja
|-damage|p2a: Greninja|123\/286
|
|turn|14
|
|move|p2a: Greninja|Dark Pulse|p1a: Keldeo-Resolute
|-start|p2a: Greninja|typechange|Dark|[from] Protean
|-crit|p1a: Keldeo-Resolute
|-resisted|p1a: Keldeo-Resolute
|-damage|p1a: Keldeo-Resolute|0 fnt
|-damage|p2a: Greninja|95\/286|[from] item: Life Orb
|faint|p1a: Keldeo-Resolute
|
|c| gamerguy1123|Keldeo put in some work
|
|switch|p1a: New Groove|Empoleon, M|216\/371
|-damage|p1a: New Groove|193\/371|[from] Stealth Rock
|turn|15
|c| gamerguy1123|Now Bedrill just wins
|
|move|p2a: Greninja|Dark Pulse|p1a: New Groove
|-damage|p1a: New Groove|84\/371
|-damage|p2a: Greninja|67\/286|[from] item: Life Orb
|cant|p1a: New Groove|flinch
|
|-heal|p1a: New Groove|107\/371|[from] item: Leftovers
|turn|16
|
|move|p2a: Greninja|Dark Pulse|p1a: New Groove
|-damage|p1a: New Groove|0 fnt
|-damage|p2a: Greninja|39\/286|[from] item: Life Orb
|faint|p1a: New Groove
|
|
|switch|p1a: big nigga|Kyurem-Black|413\/413
|-damage|p1a: big nigga|310\/413|[from] Stealth Rock
|-ability|p1a: big nigga|Teravolt
|turn|17
|c| gamerguy1123|Unless scarf terrak
|
|move|p2a: Greninja|Dark Pulse|p1a: big nigga
|-damage|p1a: big nigga|188\/413
|-damage|p2a: Greninja|11\/286|[from] item: Life Orb
|move|p1a: big nigga|Dragon Claw|p2a: Greninja
|-damage|p2a: Greninja|0 fnt
|faint|p2a: Greninja
|
|c|âDawoode Sandstorm|ya
|
|switch|p2a: Terrakion|Terrakion|323\/323
|-damage|p2a: Terrakion|303\/323|[from] Stealth Rock
|turn|18
|
|move|p2a: Terrakion|Stone Edge|p1a: big nigga
|-supereffective|p1a: big nigga
|-damage|p1a: big nigga|0 fnt
|-damage|p2a: Terrakion|271\/323|[from] item: Life Orb
|faint|p1a: big nigga
|
|
|switch|p1a: Landorus-Therian|Landorus-Therian, M|299\/381 tox
|-damage|p1a: Landorus-Therian|252\/381 tox|[from] Stealth Rock
|-ability|p1a: Landorus-Therian|Intimidate|[of] p2a: Terrakion
|-unboost|p2a: Terrakion|atk|1
|turn|19
|
|switch|p2a: Charizard|Charizard, M|298\/298
|-damage|p2a: Charizard|149\/298|[from] Stealth Rock
|move|p1a: Landorus-Therian|Earthquake|p2a: Charizard
|-immune|p2a: Charizard|[msg]
|
|-heal|p1a: Landorus-Therian|275\/381 tox|[from] item: Leftovers
|-damage|p1a: Landorus-Therian|252\/381 tox|[from] psn
|turn|20
|
|detailschange|p2a: Charizard|Charizard-Mega-X, M
|message|Charizard has Mega Evolved into Mega Charizard!
|move|p2a: Charizard|Roost|p2a: Charizard
|-heal|p2a: Charizard|298\/298
|move|p1a: Landorus-Therian|Stone Edge|p2a: Charizard
|-supereffective|p2a: Charizard
|-damage|p2a: Charizard|108\/298
|
|-heal|p1a: Landorus-Therian|275\/381 tox|[from] item: Leftovers
|-damage|p1a: Landorus-Therian|229\/381 tox|[from] psn
|turn|21
|
|move|p2a: Charizard|Roost|p2a: Charizard
|-heal|p2a: Charizard|257\/298
|move|p1a: Landorus-Therian|Earthquake|p2a: Charizard
|-supereffective|p2a: Charizard
|-damage|p2a: Charizard|0 fnt
|faint|p2a: Charizard
|
|-heal|p1a: Landorus-Therian|252\/381 tox|[from] item: Leftovers
|-damage|p1a: Landorus-Therian|183\/381 tox|[from] psn
|
|switch|p2a: Terrakion|Terrakion|271\/323
|-damage|p2a: Terrakion|251\/323|[from] Stealth Rock
|turn|22
|
|switch|p1a: little nigga|Victini|341\/341
|-damage|p1a: little nigga|256\/341|[from] Stealth Rock
|move|p2a: Terrakion|Substitute|p2a: Terrakion
|-start|p2a: Terrakion|Substitute
|-damage|p2a: Terrakion|171\/323
|
|turn|23
|
|move|p2a: Terrakion|Stone Edge|p1a: little nigga
|-supereffective|p1a: little nigga
|-damage|p1a: little nigga|0 fnt
|-damage|p2a: Terrakion|139\/323|[from] item: Life Orb
|faint|p1a: little nigga
|
|
|switch|p1a: Im a|Beedrill, M|271\/271
|-damage|p1a: Im a|204\/271|[from] Stealth Rock
|turn|24
|
|detailschange|p1a: Im a|Beedrill-Mega, M
|message|Beedrill has Mega Evolved into Mega Beedrill!
|move|p1a: Im a|Protect|p1a: Im a
|-singleturn|p1a: Im a|Protect
|move|p2a: Terrakion|Stone Edge|p1a: Im a
|-activate|p1a: Im a|Protect
|
|turn|25
|
|move|p1a: Im a|U-turn|p2a: Terrakion
|-resisted|p2a: Terrakion
|-end|p2a: Terrakion|Substitute
|
|switch|p1a: Landorus-Therian|Landorus-Therian, M|183\/381 tox
|-damage|p1a: Landorus-Therian|136\/381 tox|[from] Stealth Rock
|-ability|p1a: Landorus-Therian|Intimidate|[of] p2a: Terrakion
|-unboost|p2a: Terrakion|atk|1
|move|p2a: Terrakion|Stone Edge|p1a: Landorus-Therian
|-damage|p1a: Landorus-Therian|11\/381 tox
|-damage|p2a: Terrakion|107\/323|[from] item: Life Orb
|
|-heal|p1a: Landorus-Therian|34\/381 tox|[from] item: Leftovers
|-damage|p1a: Landorus-Therian|11\/381 tox|[from] psn
|turn|26
|
|move|p2a: Terrakion|Close Combat|p1a: Landorus-Therian
|-resisted|p1a: Landorus-Therian
|-damage|p1a: Landorus-Therian|0 fnt
|-unboost|p2a: Terrakion|def|1
|-unboost|p2a: Terrakion|spd|1
|-damage|p2a: Terrakion|75\/323|[from] item: Life Orb
|faint|p1a: Landorus-Therian
|
|c|âMounts|gg
|
|switch|p1a: Im a|Beedrill-Mega, M|204\/271
|-damage|p1a: Im a|137\/271|[from] Stealth Rock
|turn|27
|
|move|p1a: Im a|Drill Run|p2a: Terrakion|[miss]
|-miss|p1a: Im a|p2a: Terrakion
|move|p2a: Terrakion|Stone Edge|p1a: Im a
|-supereffective|p1a: Im a
|-damage|p1a: Im a|0 fnt
|-damage|p2a: Terrakion|43\/323|[from] item: Life Orb
|faint|p1a: Im a
|
|win|Mounts
|raw|Ladder updating...
|c|âDawoode Sandstorm|955
|raw|Dawoode Sandstorm's rating: 1667 &rarr; <strong>1648<\/strong><br \/>(-19 for losing)
|raw|Mounts's rating: 1694 &rarr; <strong>1713<\/strong><br \/>(+19 for winning)
|c|âDawoode Sandstorm|95%
|c|âDawoode Sandstorm|really