|join|Mounts
|join|Mr.378
|player|p1|Mounts|101
|player|p2|Mr.378|267
|gametype|singles
|gen|6
|tier|OU
|rated
|clearpoke
|poke|p1|Sceptile, M
|poke|p1|Greninja, F
|poke|p1|Terrakion
|poke|p1|Landorus-Therian, M
|poke|p1|Bisharp, M
|poke|p1|Rotom-Wash
|poke|p2|Gallade, M
|poke|p2|Bisharp, M
|poke|p2|Clefable, F
|poke|p2|Gengar, M
|poke|p2|Manaphy
|poke|p2|Landorus-Therian, M
|rule|Swagger Clause: Swagger is banned
|rule|Baton Pass Clause: Limit one PokÃ©mon knowing Baton Pass
|rule|Sleep Clause Mod: Limit one foe put to sleep
|rule|Species Clause: Limit one of each PokÃ©mon
|rule|OHKO Clause: OHKO moves are banned
|rule|Moody Clause: Moody is banned
|rule|Evasion Moves Clause: Evasion moves are banned
|rule|Endless Battle Clause: Forcing endless battles is banned
|rule|HP Percentage Mod: HP is shown in percentages
|teampreview
|
|start
|switch|p1a: Landorus-Therian|Landorus-Therian, M|382\/382
|switch|p2a: Clefable|Clefable, F|394\/394
|-ability|p1a: Landorus-Therian|Intimidate|[of] p2a: Clefable
|-unboost|p2a: Clefable|atk|1
|turn|1
|
|move|p1a: Landorus-Therian|Stealth Rock|p2a: Clefable
|-sidestart|p2: Mr.378|move: Stealth Rock
|move|p2a: Clefable|Stealth Rock|p1a: Landorus-Therian
|-sidestart|p1: Mounts|move: Stealth Rock
|
|turn|2
|
|move|p1a: Landorus-Therian|Toxic|p2a: Clefable
|-status|p2a: Clefable|tox
|move|p2a: Clefable|Moonblast|p1a: Landorus-Therian
|-damage|p1a: Landorus-Therian|264\/382
|-unboost|p1a: Landorus-Therian|spa|1
|
|-heal|p1a: Landorus-Therian|287\/382|[from] item: Leftovers
|turn|3
|
|move|p1a: Landorus-Therian|Earthquake|p2a: Clefable
|-damage|p2a: Clefable|213\/394 tox
|move|p2a: Clefable|Moonblast|p1a: Landorus-Therian
|-damage|p1a: Landorus-Therian|158\/382
|-unboost|p1a: Landorus-Therian|spa|1
|
|-heal|p1a: Landorus-Therian|181\/382|[from] item: Leftovers
|-heal|p2a: Clefable|237\/394 tox|[from] item: Leftovers
|turn|4
|
|move|p1a: Landorus-Therian|U-turn|p2a: Clefable
|-resisted|p2a: Clefable
|-damage|p2a: Clefable|195\/394 tox
|
|switch|p1a: Greninja|Greninja, F|285\/285
|-damage|p1a: Greninja|250\/285|[from] Stealth Rock
|move|p2a: Clefable|Moonblast|p1a: Greninja
|-supereffective|p1a: Greninja
|-damage|p1a: Greninja|0 fnt
|faint|p1a: Greninja
|
|-heal|p2a: Clefable|219\/394 tox|[from] item: Leftovers
|
|switch|p1a: Bisharp|Bisharp, M|272\/272
|-damage|p1a: Bisharp|255\/272|[from] Stealth Rock
|turn|5
|
|move|p1a: Bisharp|Swords Dance|p1a: Bisharp
|-boost|p1a: Bisharp|atk|2
|move|p2a: Clefable|Fire Blast|p1a: Bisharp
|-supereffective|p1a: Bisharp
|-damage|p1a: Bisharp|43\/272
|
|-heal|p2a: Clefable|243\/394 tox|[from] item: Leftovers
|turn|6
|
|move|p1a: Bisharp|Iron Head|p2a: Clefable
|-supereffective|p2a: Clefable
|-damage|p2a: Clefable|0 fnt
|-damage|p1a: Bisharp|16\/272|[from] item: Life Orb
|faint|p2a: Clefable
|
|
|switch|p2a: Bisharp|Bisharp, M|271\/271
|-damage|p2a: Bisharp|255\/271|[from] Stealth Rock
|turn|7
|
|move|p2a: Bisharp|Sucker Punch|p1a: Bisharp
|-crit|p1a: Bisharp
|-resisted|p1a: Bisharp
|-damage|p1a: Bisharp|0 fnt
|faint|p1a: Bisharp
|
|
|switch|p1a: Terrakion|Terrakion|323\/323
|-damage|p1a: Terrakion|303\/323|[from] Stealth Rock
|turn|8
|
|switch|p2a: Landorus-Therian|Landorus-Therian, M|319\/319
|-damage|p2a: Landorus-Therian|280\/319|[from] Stealth Rock
|-ability|p2a: Landorus-Therian|Intimidate|[of] p1a: Terrakion
|-unboost|p1a: Terrakion|atk|1
|move|p1a: Terrakion|Substitute|p1a: Terrakion
|-start|p1a: Terrakion|Substitute
|-damage|p1a: Terrakion|223\/323
|
|turn|9
|
|move|p2a: Landorus-Therian|Earthquake|p1a: Terrakion
|-supereffective|p1a: Terrakion
|-end|p1a: Terrakion|Substitute
|move|p1a: Terrakion|Substitute|p1a: Terrakion
|-start|p1a: Terrakion|Substitute
|-damage|p1a: Terrakion|143\/323
|
|turn|10
|
|move|p2a: Landorus-Therian|Earthquake|p1a: Terrakion
|-supereffective|p1a: Terrakion
|-end|p1a: Terrakion|Substitute
|move|p1a: Terrakion|Stone Edge|p2a: Landorus-Therian
|-damage|p2a: Landorus-Therian|108\/319
|-damage|p1a: Terrakion|111\/323|[from] item: Life Orb
|
|turn|11
|
|move|p2a: Landorus-Therian|Earthquake|p1a: Terrakion
|-supereffective|p1a: Terrakion
|-damage|p1a: Terrakion|0 fnt
|faint|p1a: Terrakion
|
|
|switch|p1a: Sceptile|Sceptile, M|281\/281
|-damage|p1a: Sceptile|246\/281|[from] Stealth Rock
|turn|12
|
|switch|p2a: Bisharp|Bisharp, M|255\/271
|-damage|p2a: Bisharp|239\/271|[from] Stealth Rock
|detailschange|p1a: Sceptile|Sceptile-Mega, M
|message|Sceptile has Mega Evolved into Mega Sceptile!
|move|p1a: Sceptile|Giga Drain|p2a: Bisharp
|-resisted|p2a: Bisharp
|-damage|p2a: Bisharp|142\/271
|-heal|p1a: Sceptile|281\/281|[from] drain|[of] p2a: Bisharp
|
|turn|13
|
|move|p2a: Bisharp|Sucker Punch|p1a: Sceptile
|-damage|p1a: Sceptile|67\/281
|move|p1a: Sceptile|Hidden Power|p2a: Bisharp
|-supereffective|p2a: Bisharp
|-damage|p2a: Bisharp|0 fnt
|faint|p2a: Bisharp
|
|
|switch|p2a: Landorus-Therian|Landorus-Therian, M|108\/319
|-damage|p2a: Landorus-Therian|69\/319|[from] Stealth Rock
|-ability|p2a: Landorus-Therian|Intimidate|[of] p1a: Sceptile
|-unboost|p1a: Sceptile|atk|1
|turn|14
|
|switch|p1a: Landorus-Therian|Landorus-Therian, M|181\/382
|-damage|p1a: Landorus-Therian|134\/382|[from] Stealth Rock
|-ability|p1a: Landorus-Therian|Intimidate|[of] p2a: Landorus-Therian
|-unboost|p2a: Landorus-Therian|atk|1
|move|p2a: Landorus-Therian|U-turn|p1a: Landorus-Therian
|-resisted|p1a: Landorus-Therian
|-damage|p1a: Landorus-Therian|110\/382
|
|switch|p2a: Manaphy|Manaphy|365\/365
|-damage|p2a: Manaphy|320\/365|[from] Stealth Rock
|
|-heal|p2a: Manaphy|342\/365|[from] item: Leftovers
|-heal|p1a: Landorus-Therian|133\/382|[from] item: Leftovers
|turn|15
|
|move|p2a: Manaphy|Scald|p1a: Landorus-Therian
|-supereffective|p1a: Landorus-Therian
|-damage|p1a: Landorus-Therian|0 fnt
|faint|p1a: Landorus-Therian
|
|-heal|p2a: Manaphy|364\/365|[from] item: Leftovers
|
|switch|p1a: Sceptile|Sceptile-Mega, M|67\/281
|-damage|p1a: Sceptile|32\/281|[from] Stealth Rock
|turn|16
|
|switch|p2a: Gengar|Gengar, M|259\/259
|-damage|p2a: Gengar|227\/259|[from] Stealth Rock
|move|p1a: Sceptile|Giga Drain|p2a: Gengar
|-resisted|p2a: Gengar
|-damage|p2a: Gengar|133\/259
|-heal|p1a: Sceptile|79\/281|[from] drain|[of] p2a: Gengar
|
|turn|17
|
|move|p1a: Sceptile|Dragon Pulse|p2a: Gengar
|-damage|p2a: Gengar|0 fnt
|faint|p2a: Gengar
|
|
|switch|p2a: Landorus-Therian|Landorus-Therian, M|69\/319
|-damage|p2a: Landorus-Therian|30\/319|[from] Stealth Rock
|-ability|p2a: Landorus-Therian|Intimidate|[of] p1a: Sceptile
|-unboost|p1a: Sceptile|atk|1
|turn|18
|
|switch|p1a: Rotom-Wash|Rotom-Wash|304\/304
|-damage|p1a: Rotom-Wash|266\/304|[from] Stealth Rock
|move|p2a: Landorus-Therian|U-turn|p1a: Rotom-Wash
|-damage|p1a: Rotom-Wash|200\/304
|
|switch|p2a: Gallade|Gallade, M|277\/277
|-damage|p2a: Gallade|260\/277|[from] Stealth Rock
|
|-heal|p1a: Rotom-Wash|219\/304|[from] item: Leftovers
|turn|19
|
|detailschange|p2a: Gallade|Gallade-Mega, M
|message|Gallade has Mega Evolved into Mega Gallade!
|move|p2a: Gallade|Close Combat|p1a: Rotom-Wash
|-damage|p1a: Rotom-Wash|27\/304
|-unboost|p2a: Gallade|def|1
|-unboost|p2a: Gallade|spd|1
|move|p1a: Rotom-Wash|Will-O-Wisp|p2a: Gallade
|-status|p2a: Gallade|brn
|
|-heal|p1a: Rotom-Wash|46\/304|[from] item: Leftovers
|-damage|p2a: Gallade|226\/277 brn|[from] brn
|turn|20
|
|move|p2a: Gallade|Close Combat|p1a: Rotom-Wash
|-damage|p1a: Rotom-Wash|0 fnt
|-unboost|p2a: Gallade|def|1
|-unboost|p2a: Gallade|spd|1
|faint|p1a: Rotom-Wash
|
|-damage|p2a: Gallade|192\/277 brn|[from] brn
|
|switch|p1a: Sceptile|Sceptile-Mega, M|79\/281
|-damage|p1a: Sceptile|44\/281|[from] Stealth Rock
|turn|21
|
|move|p1a: Sceptile|Giga Drain|p2a: Gallade
|-damage|p2a: Gallade|0 fnt
|-heal|p1a: Sceptile|140\/281|[from] drain|[of] p2a: Gallade
|faint|p2a: Gallade
|
|
|switch|p2a: Landorus-Therian|Landorus-Therian, M|30\/319
|-damage|p2a: Landorus-Therian|0 fnt|[from] Stealth Rock
|faint|p2a: Landorus-Therian
|-message|Mr.378 forfeited.
|
|win|Mounts
|raw|Ladder updating...
|leave|Mr.378
|player|p2
|raw|Mounts's rating: 1816 &rarr; <strong>1827<\/strong><br \/>(+11 for winning)
|raw|Mr.378's rating: 1642 &rarr; <strong>1631<\/strong><br \/>(-11 for losing)