|join|Sovahkiin
|join|Mounts
|player|p1|Sovahkiin|34
|player|p2|Mounts|101
|gametype|singles
|gen|6
|tier|OU
|clearpoke
|poke|p1|Metagross
|poke|p1|Gothitelle, M
|poke|p1|Clefable, M
|poke|p1|Landorus-Therian, M
|poke|p1|Chansey, F
|poke|p1|Keldeo-Resolute
|poke|p2|Charizard, F
|poke|p2|Dragonite, M
|poke|p2|Excadrill, M
|poke|p2|Tyranitar, M
|poke|p2|Azumarill, F
|poke|p2|Gengar, F
|rule|Swagger Clause: Swagger is banned
|rule|Baton Pass Clause: Limit one PokÃ©mon knowing Baton Pass
|rule|Sleep Clause Mod: Limit one foe put to sleep
|rule|Species Clause: Limit one of each PokÃ©mon
|rule|OHKO Clause: OHKO moves are banned
|rule|Moody Clause: Moody is banned
|rule|Evasion Moves Clause: Evasion moves are banned
|rule|Endless Battle Clause: Forcing endless battles is banned
|rule|HP Percentage Mod: HP is shown in percentages
|teampreview
|join|Korby
|join|AZXsmiley
|join|alrph16
|join|Evoludisk
|join|yon ban
|join|laisse moi win
|leave|AZXsmiley
|join|yzai
|join|El-Soldier
|
|start
|switch|p1a: Chansey|Chansey, F|704\/704
|switch|p2a: Kundera|Tyranitar, M|404\/404
|-weather|Sandstorm
|turn|1
|
|move|p2a: Kundera|Stealth Rock|p1a: Chansey
|-sidestart|p1: Sovahkiin|move: Stealth Rock
|move|p1a: Chansey|Thunder Wave|p2a: Kundera
|-status|p2a: Kundera|par
|
|-weather|Sandstorm|[upkeep]
|-damage|p1a: Chansey|660\/704|[from] sandstorm
|turn|2
|
|switch|p2a: Leibniz|Gengar, F|262\/262
|move|p1a: Chansey|Thunder Wave|p2a: Leibniz
|-status|p2a: Leibniz|par
|
|-weather|Sandstorm|[upkeep]
|-damage|p1a: Chansey|616\/704|[from] sandstorm
|-damage|p2a: Leibniz|246\/262 par|[from] sandstorm
|-heal|p2a: Leibniz|262\/262 par|[from] item: Black Sludge
|turn|3
|join|stphane
|
|move|p1a: Chansey|Wish|p1a: Chansey
|move|p2a: Leibniz|Substitute|p2a: Leibniz
|-start|p2a: Leibniz|Substitute
|-damage|p2a: Leibniz|197\/262 par
|
|-weather|Sandstorm|[upkeep]
|-damage|p1a: Chansey|572\/704|[from] sandstorm
|-damage|p2a: Leibniz|181\/262 par|[from] sandstorm
|-heal|p2a: Leibniz|197\/262 par|[from] item: Black Sludge
|turn|4
|
|switch|p1a: Keldeo-Resolute|Keldeo-Resolute|323\/323
|-damage|p1a: Keldeo-Resolute|303\/323|[from] Stealth Rock
|move|p2a: Leibniz|Will-O-Wisp|p1a: Keldeo-Resolute
|-status|p1a: Keldeo-Resolute|brn
|
|-weather|Sandstorm|[upkeep]
|-damage|p1a: Keldeo-Resolute|283\/323 brn|[from] sandstorm
|-damage|p2a: Leibniz|181\/262 par|[from] sandstorm
|-heal|p1a: Keldeo-Resolute|323\/323 brn|[from] move: Wish|[wisher] Chansey
|-heal|p2a: Leibniz|197\/262 par|[from] item: Black Sludge
|-damage|p1a: Keldeo-Resolute|283\/323 brn|[from] brn
|turn|5
|
|move|p1a: Keldeo-Resolute|Scald|p2a: Leibniz
|-end|p2a: Leibniz|Substitute
|move|p2a: Leibniz|Hex|p1a: Keldeo-Resolute
|-damage|p1a: Keldeo-Resolute|51\/323 brn
|
|-weather|Sandstorm|[upkeep]
|-damage|p1a: Keldeo-Resolute|31\/323 brn|[from] sandstorm
|-damage|p2a: Leibniz|181\/262 par|[from] sandstorm
|-heal|p2a: Leibniz|197\/262 par|[from] item: Black Sludge
|-damage|p1a: Keldeo-Resolute|0 fnt|[from] brn
|faint|p1a: Keldeo-Resolute
|join|Bowlii
|
|switch|p1a: Metagross|Metagross|364\/364
|-damage|p1a: Metagross|342\/364|[from] Stealth Rock
|turn|6
|join|RedMaxx
|join|Ombre Mystique
|
|switch|p2a: Proust|Dragonite, M|330\/330
|detailschange|p1a: Metagross|Metagross-Mega
|message|Metagross has Mega Evolved into Mega Metagross!
|move|p1a: Metagross|Zen Headbutt|p2a: Proust
|-damage|p2a: Proust|238\/330
|
|-weather|Sandstorm|[upkeep]
|-damage|p2a: Proust|218\/330|[from] sandstorm
|turn|7
|
|switch|p1a: Landorus-Therian|Landorus-Therian, M|382\/382
|-damage|p1a: Landorus-Therian|335\/382|[from] Stealth Rock
|-ability|p1a: Landorus-Therian|Intimidate|[of] p2a: Proust
|-unboost|p2a: Proust|atk|1
|move|p2a: Proust|Extreme Speed|p1a: Landorus-Therian
|-damage|p1a: Landorus-Therian|262\/382
|
|-weather|Sandstorm|[upkeep]
|-damage|p2a: Proust|198\/330|[from] sandstorm
|-heal|p1a: Landorus-Therian|285\/382|[from] item: Leftovers
|turn|8
|
|move|p1a: Landorus-Therian|Stealth Rock|p2a: Proust
|-sidestart|p2: Mounts|move: Stealth Rock
|move|p2a: Proust|Dragon Dance|p2a: Proust
|-boost|p2a: Proust|atk|1
|-boost|p2a: Proust|spe|1
|
|-weather|none
|-heal|p1a: Landorus-Therian|308\/382|[from] item: Leftovers
|turn|9
|
|move|p2a: Proust|Outrage|p1a: Landorus-Therian
|-damage|p1a: Landorus-Therian|70\/382
|move|p1a: Landorus-Therian|Stone Edge|p2a: Proust
|-crit|p2a: Proust
|-supereffective|p2a: Proust
|-damage|p2a: Proust|0 fnt
|faint|p2a: Proust
|
|-heal|p1a: Landorus-Therian|93\/382|[from] item: Leftovers
|c| RedMaxx|nite sur un switch :\/
|
|switch|p2a: Kundera|Tyranitar, M|404\/404 par
|-damage|p2a: Kundera|354\/404 par|[from] Stealth Rock
|-weather|Sandstorm
|turn|10
|leave|yzai
|
|move|p1a: Landorus-Therian|Earthquake|p2a: Kundera
|-supereffective|p2a: Kundera
|-damage|p2a: Kundera|120\/404 par
|move|p2a: Kundera|Ice Beam|p1a: Landorus-Therian
|-supereffective|p1a: Landorus-Therian
|-damage|p1a: Landorus-Therian|0 fnt
|faint|p1a: Landorus-Therian
|
|-weather|Sandstorm|[upkeep]
|
|switch|p1a: Metagross|Metagross-Mega|342\/364
|-damage|p1a: Metagross|320\/364|[from] Stealth Rock
|turn|11
|
|move|p1a: Metagross|Meteor Mash|p2a: Kundera
|-supereffective|p2a: Kundera
|-damage|p2a: Kundera|0 fnt
|faint|p2a: Kundera
|
|-weather|Sandstorm|[upkeep]
|
|switch|p2a: Spinoza|Excadrill, M|362\/362
|-damage|p2a: Spinoza|351\/362|[from] Stealth Rock
|turn|12
|
|switch|p1a: Chansey|Chansey, F|572\/704
|-damage|p1a: Chansey|484\/704|[from] Stealth Rock
|move|p2a: Spinoza|Earthquake|p1a: Chansey
|-damage|p1a: Chansey|143\/704
|-damage|p2a: Spinoza|315\/362|[from] item: Life Orb
|
|-weather|Sandstorm|[upkeep]
|-damage|p1a: Chansey|99\/704|[from] sandstorm
|turn|13
|
|move|p1a: Chansey|Protect|p1a: Chansey
|-singleturn|p1a: Chansey|Protect
|move|p2a: Spinoza|Earthquake|p1a: Chansey
|-activate|p1a: Chansey|Protect
|
|-weather|Sandstorm|[upkeep]
|-damage|p1a: Chansey|55\/704|[from] sandstorm
|turn|14
|join|nathaaan
|
|move|p2a: Spinoza|Rapid Spin|p1a: Chansey
|-damage|p1a: Chansey|7\/704
|-sideend|p2: Mounts|Stealth Rock|[from] move: Rapid Spin|[of] p2a: Spinoza
|-damage|p2a: Spinoza|279\/362|[from] item: Life Orb
|move|p1a: Chansey|Wish|p1a: Chansey
|
|-weather|Sandstorm|[upkeep]
|-damage|p1a: Chansey|0 fnt|[from] sandstorm
|faint|p1a: Chansey
|
|switch|p1a: Gothitelle|Gothitelle, M|281\/281
|-damage|p1a: Gothitelle|246\/281|[from] Stealth Rock
|turn|15
|
|move|p2a: Spinoza|Earthquake|p1a: Gothitelle
|-damage|p1a: Gothitelle|0 fnt
|-damage|p2a: Spinoza|243\/362|[from] item: Life Orb
|faint|p1a: Gothitelle
|
|-weather|Sandstorm|[upkeep]
|
|switch|p1a: Clefable|Clefable, M|394\/394
|turn|16
|
|switch|p2a: Nietzsche|Charizard, F|298\/298
|move|p1a: Clefable|Soft-Boiled|p1a: Clefable
|-fail|p1a: Clefable
|
|-weather|Sandstorm|[upkeep]
|-damage|p2a: Nietzsche|280\/298|[from] sandstorm
|turn|17
|
|switch|p2a: Leibniz|Gengar, F|197\/262 par
|move|p1a: Clefable|Soft-Boiled|p1a: Clefable
|-fail|p1a: Clefable
|
|-weather|none
|-heal|p2a: Leibniz|213\/262 par|[from] item: Black Sludge
|turn|18
|
|move|p1a: Clefable|Calm Mind|p1a: Clefable
|-boost|p1a: Clefable|spa|1
|-boost|p1a: Clefable|spd|1
|move|p2a: Leibniz|Will-O-Wisp|p1a: Clefable
|-status|p1a: Clefable|brn
|
|-heal|p2a: Leibniz|229\/262 par|[from] item: Black Sludge
|turn|19
|
|move|p1a: Clefable|Calm Mind|p1a: Clefable
|-boost|p1a: Clefable|spa|1
|-boost|p1a: Clefable|spd|1
|move|p2a: Leibniz|Taunt|p1a: Clefable
|-start|p1a: Clefable|move: Taunt
|
|-heal|p2a: Leibniz|245\/262 par|[from] item: Black Sludge
|turn|20
|leave|Ombre Mystique
|
|move|p1a: Clefable|Moonblast|p2a: Leibniz
|-resisted|p2a: Leibniz
|-damage|p2a: Leibniz|110\/262 par
|-unboost|p2a: Leibniz|spa|1
|move|p2a: Leibniz|Hex|p1a: Clefable
|-damage|p1a: Clefable|312\/394 brn
|
|-heal|p1a: Clefable|336\/394 brn|[from] item: Leftovers
|-heal|p2a: Leibniz|126\/262 par|[from] item: Black Sludge
|turn|21
|
|move|p1a: Clefable|Flamethrower|p2a: Leibniz
|-damage|p2a: Leibniz|0 fnt
|faint|p2a: Leibniz
|
|-heal|p1a: Clefable|360\/394 brn|[from] item: Leftovers
|
|switch|p2a: Louis Marin|Azumarill, F|384\/384
|turn|22
|
|move|p2a: Louis Marin|Belly Drum|p2a: Louis Marin
|-damage|p2a: Louis Marin|192\/384
|-setboost|p2a: Louis Marin|atk|6|[from] move: Belly Drum
|-enditem|p2a: Louis Marin|Sitrus Berry|[eat]
|-heal|p2a: Louis Marin|288\/384|[from] item: Sitrus Berry
|move|p1a: Clefable|Moonblast|p2a: Louis Marin
|-damage|p2a: Louis Marin|27\/384
|-unboost|p2a: Louis Marin|spa|1
|
|-heal|p1a: Clefable|384\/394 brn|[from] item: Leftovers
|-end|p1a: Clefable|move: Taunt
|turn|23
|
|move|p2a: Louis Marin|Aqua Jet|p1a: Clefable
|-damage|p1a: Clefable|56\/394 brn
|move|p1a: Clefable|Moonblast|p2a: Louis Marin
|-damage|p2a: Louis Marin|0 fnt
|faint|p2a: Louis Marin
|
|-heal|p1a: Clefable|80\/394 brn|[from] item: Leftovers
|
|switch|p2a: Spinoza|Excadrill, M|243\/362
|turn|24
|c|âSovahkiin|Gg
|
|move|p2a: Spinoza|Earthquake|p1a: Clefable
|-crit|p1a: Clefable
|-damage|p1a: Clefable|0 fnt
|-damage|p2a: Spinoza|207\/362|[from] item: Life Orb
|faint|p1a: Clefable
|
|
|switch|p1a: Metagross|Metagross-Mega|320\/364
|-damage|p1a: Metagross|298\/364|[from] Stealth Rock
|turn|25
|
|move|p1a: Metagross|Earthquake|p2a: Spinoza
|-supereffective|p2a: Spinoza
|-damage|p2a: Spinoza|0 fnt
|faint|p2a: Spinoza
|
|
|switch|p2a: Nietzsche|Charizard, F|280\/298
|turn|26
|
|move|p1a: Metagross|Zen Headbutt|p2a: Nietzsche
|-damage|p2a: Nietzsche|76\/298
|move|p2a: Nietzsche|Dragon Dance|p2a: Nietzsche
|-boost|p2a: Nietzsche|atk|1
|-boost|p2a: Nietzsche|spe|1
|
|turn|27
|
|detailschange|p2a: Nietzsche|Charizard-Mega-X, F
|message|Charizard has Mega Evolved into Mega Charizard!
|move|p2a: Nietzsche|Flare Blitz|p1a: Metagross
|-crit|p1a: Metagross
|-supereffective|p1a: Metagross
|-damage|p1a: Metagross|0 fnt
|-damage|p2a: Nietzsche|0 fnt|[from] recoil|[of] p1a: Metagross
|faint|p1a: Metagross
|faint|p2a: Nietzsche
|
|win|Mounts
|c|âMounts|GG