|join|Redrigo
|join|Mounts
|player|p1|Redrigo|162
|player|p2|Mounts|101
|gametype|singles
|gen|6
|tier|OU
|clearpoke
|poke|p1|Gyarados, M, shiny
|poke|p1|Gothitelle, M, shiny
|poke|p1|Skarmory, F
|poke|p1|Excadrill, M
|poke|p1|Umbreon, M, shiny
|poke|p1|Manectric, M
|poke|p2|Lopunny, F
|poke|p2|Gengar, M
|poke|p2|Garchomp, M
|poke|p2|Gyarados, F
|poke|p2|Tyranitar, F
|poke|p2|Excadrill, M
|rule|Swagger Clause: Swagger is banned
|rule|Baton Pass Clause: Limit one PokÃ©mon knowing Baton Pass
|rule|Sleep Clause Mod: Limit one foe put to sleep
|rule|Species Clause: Limit one of each PokÃ©mon
|rule|OHKO Clause: OHKO moves are banned
|rule|Moody Clause: Moody is banned
|rule|Evasion Moves Clause: Evasion moves are banned
|rule|Endless Battle Clause: Forcing endless battles is banned
|rule|HP Percentage Mod: HP is shown in percentages
|teampreview
|join|FilsDePulp
|
|start
|switch|p1a: Nessy|Gyarados, M, shiny|332\/332
|switch|p2a: Drake|Lopunny, F|272\/272
|turn|1
|join|Lilycount
|
|switch|p1a: Erza|Skarmory, F|271\/271
|detailschange|p2a: Drake|Lopunny-Mega, F
|message|Lopunny has Mega Evolved into Mega Lopunny!
|move|p2a: Drake|Fake Out|p1a: Erza
|-resisted|p1a: Erza
|-damage|p1a: Erza|252\/271
|-damage|p2a: Drake|227\/272|[from] item: Rocky Helmet|[of] p1a: Erza
|
|turn|2
|join|lucaq
|
|switch|p2a: Mac Miller|Garchomp, M|358\/358
|move|p1a: Erza|Stealth Rock|p2a: Mac Miller
|-sidestart|p2: Mounts|move: Stealth Rock
|
|turn|3
|
|move|p2a: Mac Miller|Stealth Rock|p1a: Erza
|-sidestart|p1: Redrigo|move: Stealth Rock
|move|p1a: Erza|Brave Bird|p2a: Mac Miller
|-damage|p2a: Mac Miller|205\/358
|-damage|p1a: Erza|219\/271|[from] ability: Rough Skin|[of] p2a: Mac Miller
|-damage|p1a: Erza|169\/271|[from] recoil|[of] p2a: Mac Miller
|
|turn|4
|
|move|p2a: Mac Miller|Swords Dance|p2a: Mac Miller
|-boost|p2a: Mac Miller|atk|2
|move|p1a: Erza|Roost|p1a: Erza
|-heal|p1a: Erza|271\/271
|
|turn|5
|
|move|p2a: Mac Miller|Swords Dance|p2a: Mac Miller
|-boost|p2a: Mac Miller|atk|2
|move|p1a: Erza|Whirlwind|p2a: Mac Miller
|drag|p2a: Drake|Lopunny-Mega, F|227\/272
|-damage|p2a: Drake|210\/272|[from] Stealth Rock
|
|turn|6
|
|switch|p2a: Kendrick|Tyranitar, F|385\/385
|-damage|p2a: Kendrick|337\/385|[from] Stealth Rock
|-weather|Sandstorm
|move|p1a: Erza|Brave Bird|p2a: Kendrick
|-crit|p2a: Kendrick
|-resisted|p2a: Kendrick
|-damage|p2a: Kendrick|227\/385
|-damage|p1a: Erza|235\/271|[from] recoil|[of] p2a: Kendrick
|
|-weather|Sandstorm|[upkeep]
|turn|7
|
|switch|p1a: Taupi-taupe|Excadrill, M|361\/361
|-damage|p1a: Taupi-taupe|350\/361|[from] Stealth Rock
|-ability|p1a: Taupi-taupe|Mold Breaker
|move|p2a: Kendrick|Stone Edge|p1a: Taupi-taupe|[miss]
|-miss|p2a: Kendrick|p1a: Taupi-taupe
|
|-weather|Sandstorm|[upkeep]
|turn|8
|
|switch|p2a: Future|Gyarados, F|332\/332
|-damage|p2a: Future|249\/332|[from] Stealth Rock
|-ability|p2a: Future|Intimidate|[of] p1a: Taupi-taupe
|-unboost|p1a: Taupi-taupe|atk|1
|move|p1a: Taupi-taupe|Iron Head|p2a: Future
|-resisted|p2a: Future
|-damage|p2a: Future|192\/332
|
|-weather|Sandstorm|[upkeep]
|-damage|p2a: Future|172\/332|[from] sandstorm
|-heal|p2a: Future|192\/332|[from] item: Leftovers
|turn|9
|
|switch|p1a: Erza|Skarmory, F|235\/271
|-damage|p1a: Erza|202\/271|[from] Stealth Rock
|switch|p2a: Y. Lean|Gengar, M|262\/262
|-damage|p2a: Y. Lean|230\/262|[from] Stealth Rock
|
|-weather|Sandstorm|[upkeep]
|-damage|p2a: Y. Lean|214\/262|[from] sandstorm
|-heal|p2a: Y. Lean|230\/262|[from] item: Black Sludge
|turn|10
|
|switch|p1a: Eternia|Umbreon, M, shiny|394\/394
|-damage|p1a: Eternia|345\/394|[from] Stealth Rock
|move|p2a: Y. Lean|Will-O-Wisp|p1a: Eternia
|-status|p1a: Eternia|brn
|-status|p2a: Y. Lean|brn
|
|-weather|none
|-heal|p2a: Y. Lean|246\/262 brn|[from] item: Black Sludge
|-heal|p1a: Eternia|369\/394 brn|[from] item: Leftovers
|-damage|p2a: Y. Lean|214\/262 brn|[from] brn
|-damage|p1a: Eternia|320\/394 brn|[from] brn
|turn|11
|
|move|p2a: Y. Lean|Taunt|p1a: Eternia
|-start|p1a: Eternia|move: Taunt
|cant|p1a: Eternia|move: Taunt|Heal Bell
|
|-heal|p2a: Y. Lean|230\/262 brn|[from] item: Black Sludge
|-heal|p1a: Eternia|344\/394 brn|[from] item: Leftovers
|-damage|p2a: Y. Lean|198\/262 brn|[from] brn
|-damage|p1a: Eternia|295\/394 brn|[from] brn
|turn|12
|
|switch|p2a: Kendrick|Tyranitar, F|227\/385
|-damage|p2a: Kendrick|179\/385|[from] Stealth Rock
|-weather|Sandstorm
|switch|p1a: Erza|Skarmory, F|202\/271
|-damage|p1a: Erza|169\/271|[from] Stealth Rock
|
|-weather|Sandstorm|[upkeep]
|turn|13
|
|move|p2a: Kendrick|Crunch|p1a: Erza
|-damage|p1a: Erza|39\/271
|-damage|p2a: Kendrick|115\/385|[from] item: Rocky Helmet|[of] p1a: Erza
|-unboost|p1a: Erza|def|1
|move|p1a: Erza|Roost|p1a: Erza
|-heal|p1a: Erza|175\/271
|
|-weather|Sandstorm|[upkeep]
|turn|14
|
|switch|p1a: Eternia|Umbreon, M, shiny|295\/394 brn
|-damage|p1a: Eternia|246\/394 brn|[from] Stealth Rock
|move|p2a: Kendrick|Crunch|p1a: Eternia
|-resisted|p1a: Eternia
|-damage|p1a: Eternia|142\/394 brn
|
|-weather|Sandstorm|[upkeep]
|-damage|p1a: Eternia|118\/394 brn|[from] sandstorm
|-heal|p1a: Eternia|142\/394 brn|[from] item: Leftovers
|-damage|p1a: Eternia|93\/394 brn|[from] brn
|turn|15
|
|move|p2a: Kendrick|Crunch|p1a: Eternia
|-resisted|p1a: Eternia
|-damage|p1a: Eternia|0 fnt
|faint|p1a: Eternia
|
|-weather|Sandstorm|[upkeep]
|c|âRedrigo|o.O
|c| FilsDePulp|lol
|c|âRedrigo|il fait mal
|
|switch|p1a: Taupi-taupe|Excadrill, M|350\/361
|-damage|p1a: Taupi-taupe|339\/361|[from] Stealth Rock
|-ability|p1a: Taupi-taupe|Mold Breaker
|turn|16
|
|switch|p2a: Future|Gyarados, F|192\/332
|-damage|p2a: Future|109\/332|[from] Stealth Rock
|-ability|p2a: Future|Intimidate|[of] p1a: Taupi-taupe
|-unboost|p1a: Taupi-taupe|atk|1
|move|p1a: Taupi-taupe|Rapid Spin|p2a: Future
|-damage|p2a: Future|89\/332
|-sideend|p1: Redrigo|Stealth Rock|[from] move: Rapid Spin|[of] p1a: Taupi-taupe
|
|-weather|none
|-heal|p2a: Future|109\/332|[from] item: Leftovers
|turn|17
|
|switch|p2a: Kendrick|Tyranitar, F|115\/385
|-damage|p2a: Kendrick|67\/385|[from] Stealth Rock
|-weather|Sandstorm
|move|p1a: Taupi-taupe|Rock Slide|p2a: Kendrick
|-damage|p2a: Kendrick|10\/385
|
|-weather|Sandstorm|[upkeep]
|turn|18
|
|move|p2a: Kendrick|Pursuit|p1a: Taupi-taupe|[from]Pursuit
|-damage|p1a: Taupi-taupe|0 fnt
|faint|p1a: Taupi-taupe
|
|-weather|Sandstorm|[upkeep]
|
|switch|p1a: Nessy|Gyarados, M, shiny|332\/332
|turn|19
|leave|FilsDePulp
|
|switch|p2a: Joey|Excadrill, M|362\/362
|-damage|p2a: Joey|351\/362|[from] Stealth Rock
|move|p1a: Nessy|Dragon Dance|p1a: Nessy
|-boost|p1a: Nessy|atk|1
|-boost|p1a: Nessy|spe|1
|
|-weather|Sandstorm|[upkeep]
|-damage|p1a: Nessy|312\/332|[from] sandstorm
|turn|20
|
|move|p2a: Joey|Rock Slide|p1a: Nessy
|-supereffective|p1a: Nessy
|-damage|p1a: Nessy|0 fnt
|-damage|p2a: Joey|315\/362|[from] item: Life Orb
|faint|p1a: Nessy
|
|-weather|Sandstorm|[upkeep]
|
|switch|p1a: Luxus|Manectric, M|282\/282
|turn|21
|
|detailschange|p1a: Luxus|Manectric-Mega, M
|message|Manectric has Mega Evolved into Mega Manectric!
|-ability|p1a: Luxus|Intimidate|[of] p2a: Joey
|-unboost|p2a: Joey|atk|1
|move|p2a: Joey|Earthquake|p1a: Luxus
|-supereffective|p1a: Luxus
|-damage|p1a: Luxus|0 fnt
|-damage|p2a: Joey|279\/362|[from] item: Life Orb
|faint|p1a: Luxus
|
|-weather|none
|c|âRedrigo|gg
|-message|Redrigo forfeited.
|
|win|Mounts
|c|âMounts|gg