|join|Mounts
|join|HiBrow
|player|p1|Mounts|101
|player|p2|HiBrow|238
|gametype|singles
|gen|6
|tier|OU
|rated
|clearpoke
|poke|p1|Altaria, M
|poke|p1|Bisharp, M
|poke|p1|Garchomp, M
|poke|p1|Thundurus, M
|poke|p1|Klefki, M
|poke|p1|Azelf
|poke|p2|Chesnaught, M
|poke|p2|Stunfisk, M
|poke|p2|Gyarados, F
|poke|p2|Excadrill, F
|poke|p2|Porygon-Z
|poke|p2|Sylveon, F
|rule|Swagger Clause: Swagger is banned
|rule|Baton Pass Clause: Limit one PokÃ©mon knowing Baton Pass
|rule|Sleep Clause Mod: Limit one foe put to sleep
|rule|Species Clause: Limit one of each PokÃ©mon
|rule|OHKO Clause: OHKO moves are banned
|rule|Moody Clause: Moody is banned
|rule|Evasion Moves Clause: Evasion moves are banned
|rule|Endless Battle Clause: Forcing endless battles is banned
|rule|HP Percentage Mod: HP is shown in percentages
|teampreview
|
|start
|switch|p1a: Garchomp|Garchomp, M|357\/357
|switch|p2a: Gyarados|Gyarados, F|394\/394
|-ability|p2a: Gyarados|Intimidate|[of] p1a: Garchomp
|-unboost|p1a: Garchomp|atk|1
|turn|1
|
|move|p1a: Garchomp|Stealth Rock|p2a: Gyarados
|-sidestart|p2: HiBrow|move: Stealth Rock
|move|p2a: Gyarados|Dragon Dance|p2a: Gyarados
|-boost|p2a: Gyarados|atk|1
|-boost|p2a: Gyarados|spe|1
|
|turn|2
|
|detailschange|p2a: Gyarados|Gyarados-Mega, F
|-mega|p2a: Gyarados|Gyarados|Gyaradosite
|-ability|p2a: Gyarados|Mold Breaker
|move|p1a: Garchomp|Outrage|p2a: Gyarados
|-damage|p2a: Gyarados|273\/394
|move|p2a: Gyarados|Waterfall|p1a: Garchomp
|-damage|p1a: Garchomp|71\/357
|-damage|p2a: Gyarados|224\/394|[from] ability: Rough Skin|[of] p1a: Garchomp
|
|turn|3
|
|move|p1a: Garchomp|Outrage|p2a: Gyarados
|-damage|p2a: Gyarados|86\/394
|move|p2a: Gyarados|Waterfall|p1a: Garchomp
|-damage|p1a: Garchomp|0 fnt
|-damage|p2a: Gyarados|37\/394|[from] ability: Rough Skin|[of] p1a: Garchomp
|faint|p1a: Garchomp
|
|
|switch|p1a: Thundurus|Thundurus, M|299\/299
|turn|4
|
|switch|p2a: Stunfisk|Stunfisk, M|422\/422
|-damage|p2a: Stunfisk|396\/422|[from] Stealth Rock
|move|p1a: Thundurus|Thunderbolt|p2a: Stunfisk
|-immune|p2a: Stunfisk|[msg]
|
|-heal|p2a: Stunfisk|422\/422|[from] item: Leftovers
|turn|5
|
|move|p1a: Thundurus|Nasty Plot|p1a: Thundurus
|-boost|p1a: Thundurus|spa|2
|move|p2a: Stunfisk|Stealth Rock|p1a: Thundurus
|-sidestart|p1: Mounts|move: Stealth Rock
|
|turn|6
|
|move|p1a: Thundurus|Hidden Power|p2a: Stunfisk
|-supereffective|p2a: Stunfisk
|-damage|p2a: Stunfisk|50\/422
|-damage|p1a: Thundurus|270\/299|[from] item: Life Orb
|move|p2a: Stunfisk|Scald|p1a: Thundurus
|-damage|p1a: Thundurus|206\/299
|
|-heal|p2a: Stunfisk|76\/422|[from] item: Leftovers
|turn|7
|
|move|p1a: Thundurus|Hidden Power|p2a: Stunfisk
|-supereffective|p2a: Stunfisk
|-damage|p2a: Stunfisk|0 fnt
|-damage|p1a: Thundurus|177\/299|[from] item: Life Orb
|faint|p2a: Stunfisk
|
|
|switch|p2a: Porygon-Z|Porygon-Z|311\/311
|-damage|p2a: Porygon-Z|273\/311|[from] Stealth Rock
|turn|8
|
|switch|p1a: Klefki|Klefki, M|317\/317
|-damage|p1a: Klefki|298\/317|[from] Stealth Rock
|move|p2a: Porygon-Z|Uproar|p1a: Klefki
|-resisted|p1a: Klefki
|-damage|p1a: Klefki|169\/317
|-start|p2a: Porygon-Z|Uproar
|
|-start|p2a: Porygon-Z|Uproar|[upkeep]
|turn|9
|
|move|p1a: Klefki|Light Screen|p1a: Klefki
|-sidestart|p1: Mounts|move: Light Screen
|move|p2a: Porygon-Z|Uproar|p1a: Klefki
|-resisted|p1a: Klefki
|-damage|p1a: Klefki|105\/317
|
|-start|p2a: Porygon-Z|Uproar|[upkeep]
|turn|10
|
|move|p1a: Klefki|Thunder Wave|p2a: Porygon-Z
|-status|p2a: Porygon-Z|par
|move|p2a: Porygon-Z|Uproar|p1a: Klefki
|-resisted|p1a: Klefki
|-damage|p1a: Klefki|41\/317
|
|-end|p2a: Porygon-Z|Uproar
|turn|11
|
|switch|p2a: Excadrill|Excadrill, F|361\/361
|-damage|p2a: Excadrill|350\/361|[from] Stealth Rock
|-ability|p2a: Excadrill|Mold Breaker
|move|p1a: Klefki|Reflect|p1a: Klefki
|-sidestart|p1: Mounts|Reflect
|
|-heal|p2a: Excadrill|361\/361|[from] item: Leftovers
|turn|12
|
|switch|p1a: Azelf|Azelf|291\/291
|-damage|p1a: Azelf|255\/291|[from] Stealth Rock
|move|p2a: Excadrill|Rapid Spin|p1a: Azelf
|-damage|p1a: Azelf|237\/291
|-sideend|p2: HiBrow|Stealth Rock|[from] move: Rapid Spin|[of] p2a: Excadrill
|
|turn|13
|
|switch|p2a: Sylveon|Sylveon, F|394\/394
|move|p1a: Azelf|Nasty Plot|p1a: Azelf
|-boost|p1a: Azelf|spa|2
|
|turn|14
|
|move|p1a: Azelf|Psychic|p2a: Sylveon
|-damage|p2a: Sylveon|98\/394
|-damage|p1a: Azelf|208\/291|[from] item: Life Orb
|move|p2a: Sylveon|Heal Bell|p2a: Sylveon
|-cureteam|p2a: Sylveon|[from] move: HealBell
|
|-heal|p2a: Sylveon|122\/394|[from] item: Leftovers
|turn|15
|
|move|p2a: Sylveon|Protect|p2a: Sylveon
|-singleturn|p2a: Sylveon|Protect
|move|p1a: Azelf|Dazzling Gleam|p2a: Sylveon
|-activate|p2a: Sylveon|Protect
|
|-heal|p2a: Sylveon|146\/394|[from] item: Leftovers
|turn|16
|
|move|p1a: Azelf|Dazzling Gleam|p2a: Sylveon
|-damage|p2a: Sylveon|0 fnt
|-damage|p1a: Azelf|179\/291|[from] item: Life Orb
|faint|p2a: Sylveon
|
|-sideend|p1: Mounts|move: Light Screen
|
|switch|p2a: Porygon-Z|Porygon-Z|273\/311
|turn|17
|
|move|p2a: Porygon-Z|Uproar|p1a: Azelf
|-damage|p1a: Azelf|0 fnt
|-start|p2a: Porygon-Z|Uproar
|faint|p1a: Azelf
|
|-start|p2a: Porygon-Z|Uproar|[upkeep]
|
|switch|p1a: Klefki|Klefki, M|41\/317
|-damage|p1a: Klefki|22\/317|[from] Stealth Rock
|turn|18
|
|move|p1a: Klefki|Thunder Wave|p2a: Porygon-Z
|-status|p2a: Porygon-Z|par
|cant|p2a: Porygon-Z|par
|
|-start|p2a: Porygon-Z|Uproar|[upkeep]
|-sideend|p1: Mounts|Reflect
|turn|19
|
|move|p1a: Klefki|Reflect|p1a: Klefki
|-sidestart|p1: Mounts|Reflect
|move|p2a: Porygon-Z|Uproar|p1a: Klefki
|-resisted|p1a: Klefki
|-damage|p1a: Klefki|0 fnt
|faint|p1a: Klefki
|
|-end|p2a: Porygon-Z|Uproar
|
|switch|p1a: Altaria|Altaria, M|307\/307
|-damage|p1a: Altaria|231\/307|[from] Stealth Rock
|turn|20
|
|detailschange|p1a: Altaria|Altaria-Mega, M
|-mega|p1a: Altaria|Altaria|Altarianite
|move|p1a: Altaria|Return|p2a: Porygon-Z
|-damage|p2a: Porygon-Z|0 fnt
|faint|p2a: Porygon-Z
|
|
|switch|p2a: Excadrill|Excadrill, F|361\/361
|-ability|p2a: Excadrill|Mold Breaker
|turn|21
|
|move|p1a: Altaria|Dragon Dance|p1a: Altaria
|-boost|p1a: Altaria|atk|1
|-boost|p1a: Altaria|spe|1
|move|p2a: Excadrill|Earthquake|p1a: Altaria
|-damage|p1a: Altaria|138\/307
|
|turn|22
|
|move|p1a: Altaria|Roost|p1a: Altaria
|-heal|p1a: Altaria|292\/307
|move|p2a: Excadrill|Toxic|p1a: Altaria
|-status|p1a: Altaria|tox
|
|-damage|p1a: Altaria|273\/307 tox|[from] psn
|turn|23
|
|move|p1a: Altaria|Return|p2a: Excadrill
|-resisted|p2a: Excadrill
|-damage|p2a: Excadrill|103\/361
|move|p2a: Excadrill|Earthquake|p1a: Altaria
|-damage|p1a: Altaria|177\/307 tox
|
|-heal|p2a: Excadrill|125\/361|[from] item: Leftovers
|-damage|p1a: Altaria|139\/307 tox|[from] psn
|turn|24
|
|move|p1a: Altaria|Return|p2a: Excadrill
|-resisted|p2a: Excadrill
|-damage|p2a: Excadrill|0 fnt
|faint|p2a: Excadrill
|
|-damage|p1a: Altaria|82\/307 tox|[from] psn
|
|switch|p2a: Gyarados|Gyarados-Mega, F|37\/394
|-ability|p2a: Gyarados|Mold Breaker
|turn|25
|
|move|p1a: Altaria|Return|p2a: Gyarados
|-supereffective|p2a: Gyarados
|-damage|p2a: Gyarados|0 fnt
|faint|p2a: Gyarados
|
|-damage|p1a: Altaria|6\/307 tox|[from] psn
|
|switch|p2a: Chesnaught|Chesnaught, M|320\/320
|turn|26
|
|move|p1a: Altaria|Roost|p1a: Altaria
|-heal|p1a: Altaria|160\/307 tox
|move|p2a: Chesnaught|Substitute|p2a: Chesnaught
|-start|p2a: Chesnaught|Substitute
|-damage|p2a: Chesnaught|240\/320
|
|-damage|p1a: Altaria|65\/307 tox|[from] psn
|-sideend|p1: Mounts|Reflect
|turn|27
|
|move|p1a: Altaria|Heal Bell|p1a: Altaria
|-cureteam|p1a: Altaria|[from] move: HealBell
|move|p2a: Chesnaught|Substitute|p2a: Chesnaught
|-fail|p2a: Chesnaught|move: Substitute
|
|turn|28
|
|move|p1a: Altaria|Roost|p1a: Altaria
|-heal|p1a: Altaria|219\/307
|move|p2a: Chesnaught|Belly Drum|p2a: Chesnaught
|-damage|p2a: Chesnaught|80\/320
|-setboost|p2a: Chesnaught|atk|6|[from] move: Belly Drum
|-enditem|p2a: Chesnaught|Salac Berry|[eat]
|-boost|p2a: Chesnaught|spe|1|[from] item: Salac Berry
|
|turn|29
|
|move|p1a: Altaria|Return|p2a: Chesnaught
|-supereffective|p2a: Chesnaught
|-end|p2a: Chesnaught|Substitute
|move|p2a: Chesnaught|Drain Punch|p1a: Altaria
|-resisted|p1a: Altaria
|-damage|p1a: Altaria|0 fnt
|-heal|p2a: Chesnaught|190\/320|[from] drain|[of] p1a: Altaria
|faint|p1a: Altaria
|
|
|switch|p1a: Thundurus|Thundurus, M|177\/299
|-damage|p1a: Thundurus|103\/299|[from] Stealth Rock
|turn|30
|
|move|p2a: Chesnaught|Drain Punch|p1a: Thundurus
|-resisted|p1a: Thundurus
|-damage|p1a: Thundurus|0 fnt
|-heal|p2a: Chesnaught|242\/320|[from] drain|[of] p1a: Thundurus
|faint|p1a: Thundurus
|
|
|switch|p1a: Bisharp|Bisharp, M|271\/271
|-damage|p1a: Bisharp|255\/271|[from] Stealth Rock
|turn|31
|
|move|p2a: Chesnaught|Drain Punch|p1a: Bisharp
|-supereffective|p1a: Bisharp
|-damage|p1a: Bisharp|0 fnt
|-heal|p2a: Chesnaught|320\/320|[from] drain|[of] p1a: Bisharp
|faint|p1a: Bisharp
|
|win|HiBrow
|raw|Ladder updating...
|raw|Mounts's rating: 1564 &rarr; <strong>1545<\/strong><br \/>(-19 for losing)
|raw|HiBrow's rating: 1591 &rarr; <strong>1609<\/strong><br \/>(+18 for winning)
|leave|Mounts