|join|Mounts
|join|Delta Abomination
|player|p1|Mounts|101
|player|p2|Delta Abomination|153
|gametype|singles
|gen|6
|tier|OU
|rated
|clearpoke
|poke|p1|Gallade, M
|poke|p1|Sylveon, F
|poke|p1|Bisharp, F
|poke|p1|Landorus-Therian, M
|poke|p1|Rotom-Wash
|poke|p1|Latios, M
|poke|p2|Celebi
|poke|p2|Charizard, M
|poke|p2|Keldeo
|poke|p2|Tyranitar, F
|poke|p2|Jirachi
|poke|p2|Thundurus, M
|rule|Swagger Clause: Swagger is banned
|rule|Baton Pass Clause: Limit one PokÃ©mon knowing Baton Pass
|rule|Sleep Clause Mod: Limit one foe put to sleep
|rule|Species Clause: Limit one of each PokÃ©mon
|rule|OHKO Clause: OHKO moves are banned
|rule|Moody Clause: Moody is banned
|rule|Evasion Moves Clause: Evasion moves are banned
|rule|Endless Battle Clause: Forcing endless battles is banned
|rule|HP Percentage Mod: HP is shown in percentages
|teampreview
|
|start
|switch|p1a: Landorus-Therian|Landorus-Therian, M|382\/382
|switch|p2a: Skull-Greymon|Charizard, M|359\/359
|-ability|p1a: Landorus-Therian|Intimidate|[of] p2a: Skull-Greymon
|-unboost|p2a: Skull-Greymon|atk|1
|turn|1
|
|detailschange|p2a: Skull-Greymon|Charizard-Mega-X, M
|-mega|p2a: Skull-Greymon|Charizard|Charizardite X
|move|p2a: Skull-Greymon|Will-O-Wisp|p1a: Landorus-Therian
|-status|p1a: Landorus-Therian|brn
|move|p1a: Landorus-Therian|Stealth Rock|p2a: Skull-Greymon
|-sidestart|p2: Delta Abomination|move: Stealth Rock
|
|-damage|p1a: Landorus-Therian|335\/382 brn|[from] brn
|turn|2
|
|switch|p2a: Thor|Thundurus, M|299\/299
|-damage|p2a: Thor|225\/299|[from] Stealth Rock
|move|p1a: Landorus-Therian|Toxic|p2a: Thor
|-status|p2a: Thor|tox
|
|-heal|p1a: Landorus-Therian|358\/382 brn|[from] item: Leftovers
|-damage|p2a: Thor|207\/299 tox|[from] psn
|-damage|p1a: Landorus-Therian|311\/382 brn|[from] brn
|turn|3
|
|switch|p1a: Sylveon|Sylveon, F|394\/394
|move|p2a: Thor|Hidden Power|p1a: Sylveon
|-damage|p1a: Sylveon|342\/394
|
|-heal|p1a: Sylveon|366\/394|[from] item: Leftovers
|-damage|p2a: Thor|171\/299 tox|[from] psn
|turn|4
|
|switch|p2a: Make-a-Wish|Jirachi|404\/404
|-damage|p2a: Make-a-Wish|379\/404|[from] Stealth Rock
|move|p1a: Sylveon|Heal Bell|p1a: Sylveon
|-cureteam|p1a: Sylveon|[from] move: HealBell
|
|-heal|p2a: Make-a-Wish|404\/404|[from] item: Leftovers
|-heal|p1a: Sylveon|390\/394|[from] item: Leftovers
|turn|5
|
|switch|p1a: Landorus-Therian|Landorus-Therian, M|311\/382
|-ability|p1a: Landorus-Therian|Intimidate|[of] p2a: Make-a-Wish
|-unboost|p2a: Make-a-Wish|atk|1
|move|p2a: Make-a-Wish|Stealth Rock|p1a: Landorus-Therian
|-sidestart|p1: Mounts|move: Stealth Rock
|
|-heal|p1a: Landorus-Therian|334\/382|[from] item: Leftovers
|turn|6
|
|switch|p2a: Thor|Thundurus, M|171\/299 tox
|-damage|p2a: Thor|97\/299 tox|[from] Stealth Rock
|move|p1a: Landorus-Therian|U-turn|p2a: Thor
|-resisted|p2a: Thor
|-damage|p2a: Thor|50\/299 tox
|
|switch|p1a: Sylveon|Sylveon, F|390\/394
|-damage|p1a: Sylveon|341\/394|[from] Stealth Rock
|
|-heal|p1a: Sylveon|365\/394|[from] item: Leftovers
|-damage|p2a: Thor|32\/299 tox|[from] psn
|turn|7
|
|switch|p2a: Make-a-Wish|Jirachi|404\/404
|-damage|p2a: Make-a-Wish|379\/404|[from] Stealth Rock
|move|p1a: Sylveon|Wish|p1a: Sylveon
|
|-heal|p2a: Make-a-Wish|404\/404|[from] item: Leftovers
|-heal|p1a: Sylveon|389\/394|[from] item: Leftovers
|turn|8
|
|switch|p1a: Landorus-Therian|Landorus-Therian, M|334\/382
|-damage|p1a: Landorus-Therian|287\/382|[from] Stealth Rock
|-ability|p1a: Landorus-Therian|Intimidate|[of] p2a: Make-a-Wish
|-unboost|p2a: Make-a-Wish|atk|1
|move|p2a: Make-a-Wish|U-turn|p1a: Landorus-Therian
|-crit|p1a: Landorus-Therian
|-resisted|p1a: Landorus-Therian
|-damage|p1a: Landorus-Therian|254\/382
|
|switch|p2a: Charlie|Keldeo|323\/323
|-damage|p2a: Charlie|303\/323|[from] Stealth Rock
|
|-heal|p1a: Landorus-Therian|382\/382|[from] move: Wish|[wisher] Sylveon
|-heal|p2a: Charlie|323\/323|[from] item: Leftovers
|turn|9
|
|switch|p1a: Sylveon|Sylveon, F|389\/394
|-damage|p1a: Sylveon|340\/394|[from] Stealth Rock
|move|p2a: Charlie|Scald|p1a: Sylveon
|-crit|p1a: Sylveon
|-damage|p1a: Sylveon|208\/394
|-status|p1a: Sylveon|brn
|
|-heal|p1a: Sylveon|232\/394 brn|[from] item: Leftovers
|-damage|p1a: Sylveon|183\/394 brn|[from] brn
|turn|10
|
|switch|p2a: Make-a-Wish|Jirachi|404\/404
|-damage|p2a: Make-a-Wish|379\/404|[from] Stealth Rock
|move|p1a: Sylveon|Wish|p1a: Sylveon
|
|-heal|p2a: Make-a-Wish|404\/404|[from] item: Leftovers
|-heal|p1a: Sylveon|207\/394 brn|[from] item: Leftovers
|-damage|p1a: Sylveon|158\/394 brn|[from] brn
|turn|11
|
|switch|p1a: Bisharp|Bisharp, F|271\/271
|-damage|p1a: Bisharp|255\/271|[from] Stealth Rock
|move|p2a: Make-a-Wish|Iron Head|p1a: Bisharp
|-resisted|p1a: Bisharp
|-damage|p1a: Bisharp|210\/271
|
|-heal|p1a: Bisharp|271\/271|[from] move: Wish|[wisher] Sylveon
|turn|12
|
|move|p2a: Make-a-Wish|Healing Wish|p2a: Make-a-Wish
|faint|p2a: Make-a-Wish
|move|p1a: Bisharp|Swords Dance|p1a: Bisharp
|-boost|p1a: Bisharp|atk|2
|
|
|switch|p2a: Thor|Thundurus, M|32\/299 tox
|-heal|p2a: Thor|299\/299|[from] move: Healing Wish
|-damage|p2a: Thor|225\/299|[from] Stealth Rock
|turn|13
|
|switch|p2a: Charlie|Keldeo|323\/323
|-damage|p2a: Charlie|303\/323|[from] Stealth Rock
|move|p1a: Bisharp|Knock Off|p2a: Charlie
|-resisted|p2a: Charlie
|-damage|p2a: Charlie|56\/323
|-boost|p2a: Charlie|atk|1|[from] ability: Justified
|-enditem|p2a: Charlie|Leftovers|[from] move: Knock Off|[of] p1a: Bisharp
|-damage|p1a: Bisharp|244\/271|[from] item: Life Orb
|
|turn|14
|
|move|p1a: Bisharp|Sucker Punch|p2a: Charlie
|-resisted|p2a: Charlie
|-damage|p2a: Charlie|0 fnt
|-damage|p1a: Bisharp|217\/271|[from] item: Life Orb
|faint|p2a: Charlie
|
|c|âDelta Abomination|gg
|
|switch|p2a: Tinker|Celebi|360\/360
|-damage|p2a: Tinker|315\/360|[from] Stealth Rock
|turn|15
|
|move|p2a: Tinker|Earth Power|p1a: Bisharp
|-supereffective|p1a: Bisharp
|-damage|p1a: Bisharp|0 fnt
|faint|p1a: Bisharp
|
|-heal|p2a: Tinker|337\/360|[from] item: Leftovers
|
|switch|p1a: Gallade|Gallade, M|278\/278
|-damage|p1a: Gallade|261\/278|[from] Stealth Rock
|turn|16
|
|switch|p2a: Skull-Greymon|Charizard-Mega-X, M|359\/359
|-damage|p2a: Skull-Greymon|270\/359|[from] Stealth Rock
|detailschange|p1a: Gallade|Gallade-Mega, M
|-mega|p1a: Gallade|Gallade|Galladite
|move|p1a: Gallade|Swords Dance|p1a: Gallade
|-boost|p1a: Gallade|atk|2
|
|turn|17
|
|move|p1a: Gallade|Close Combat|p2a: Skull-Greymon
|-damage|p2a: Skull-Greymon|0 fnt
|-unboost|p1a: Gallade|def|1
|-unboost|p1a: Gallade|spd|1
|faint|p2a: Skull-Greymon
|
|
|switch|p2a: Thor|Thundurus, M|225\/299
|-damage|p2a: Thor|151\/299|[from] Stealth Rock
|turn|18
|
|switch|p1a: Sylveon|Sylveon, F|158\/394 brn
|-damage|p1a: Sylveon|109\/394 brn|[from] Stealth Rock
|move|p2a: Thor|Thunder Wave|p1a: Sylveon
|-fail|p1a: Sylveon
|
|-heal|p1a: Sylveon|133\/394 brn|[from] item: Leftovers
|-damage|p1a: Sylveon|84\/394 brn|[from] brn
|turn|19
|
|move|p2a: Thor|Thunderbolt|p1a: Sylveon
|-damage|p1a: Sylveon|0 fnt
|faint|p1a: Sylveon
|
|
|switch|p1a: Rotom-Wash|Rotom-Wash|304\/304
|-damage|p1a: Rotom-Wash|266\/304|[from] Stealth Rock
|turn|20
|
|switch|p2a: Tinker|Celebi|337\/360
|-damage|p2a: Tinker|292\/360|[from] Stealth Rock
|move|p1a: Rotom-Wash|Volt Switch|p2a: Tinker
|-resisted|p2a: Tinker
|-damage|p2a: Tinker|247\/360
|
|switch|p1a: Landorus-Therian|Landorus-Therian, M|382\/382
|-damage|p1a: Landorus-Therian|335\/382|[from] Stealth Rock
|-ability|p1a: Landorus-Therian|Intimidate|[of] p2a: Tinker
|-unboost|p2a: Tinker|atk|1
|
|-heal|p2a: Tinker|269\/360|[from] item: Leftovers
|-heal|p1a: Landorus-Therian|358\/382|[from] item: Leftovers
|turn|21
|
|move|p2a: Tinker|Giga Drain|p1a: Landorus-Therian
|-damage|p1a: Landorus-Therian|207\/382
|-heal|p2a: Tinker|345\/360|[from] drain|[of] p1a: Landorus-Therian
|move|p1a: Landorus-Therian|U-turn|p2a: Tinker
|-supereffective|p2a: Tinker
|-damage|p2a: Tinker|57\/360
|
|switch|p1a: Gallade|Gallade-Mega, M|261\/278
|-damage|p1a: Gallade|244\/278|[from] Stealth Rock
|
|-heal|p2a: Tinker|79\/360|[from] item: Leftovers
|turn|22
|
|move|p1a: Gallade|Knock Off|p2a: Tinker
|-supereffective|p2a: Tinker
|-damage|p2a: Tinker|0 fnt
|-enditem|p2a: Tinker|Leftovers|[from] move: Knock Off|[of] p1a: Gallade
|faint|p2a: Tinker
|
|
|switch|p2a: Thor|Thundurus, M|151\/299
|-damage|p2a: Thor|77\/299|[from] Stealth Rock
|turn|23
|
|switch|p1a: Rotom-Wash|Rotom-Wash|266\/304
|-damage|p1a: Rotom-Wash|228\/304|[from] Stealth Rock
|move|p2a: Thor|Thunderbolt|p1a: Rotom-Wash
|-damage|p1a: Rotom-Wash|77\/304
|
|-heal|p1a: Rotom-Wash|96\/304|[from] item: Leftovers
|turn|24
|
|switch|p1a: Latios|Latios, M|301\/301
|-damage|p1a: Latios|264\/301|[from] Stealth Rock
|move|p2a: Thor|Thunderbolt|p1a: Latios
|-resisted|p1a: Latios
|-damage|p1a: Latios|195\/301
|
|turn|25
|
|switch|p2a: Gojira|Tyranitar, F|341\/341
|-damage|p2a: Gojira|299\/341|[from] Stealth Rock
|-weather|Sandstorm
|move|p1a: Latios|Surf|p2a: Gojira
|-supereffective|p2a: Gojira
|-damage|p2a: Gojira|104\/341
|-damage|p1a: Latios|165\/301|[from] item: Life Orb
|
|-weather|Sandstorm|[upkeep]
|-damage|p1a: Latios|147\/301|[from] sandstorm
|turn|26
|
|move|p2a: Gojira|Crunch|p1a: Latios
|-crit|p1a: Latios
|-supereffective|p1a: Latios
|-damage|p1a: Latios|0 fnt
|faint|p1a: Latios
|
|-weather|Sandstorm|[upkeep]
|
|switch|p1a: Landorus-Therian|Landorus-Therian, M|207\/382
|-damage|p1a: Landorus-Therian|160\/382|[from] Stealth Rock
|-ability|p1a: Landorus-Therian|Intimidate|[of] p2a: Gojira
|-unboost|p2a: Gojira|atk|1
|turn|27
|
|move|p2a: Gojira|Crunch|p1a: Landorus-Therian
|-damage|p1a: Landorus-Therian|82\/382
|-unboost|p1a: Landorus-Therian|def|1
|move|p1a: Landorus-Therian|Earthquake|p2a: Gojira
|-crit|p2a: Gojira
|-supereffective|p2a: Gojira
|-damage|p2a: Gojira|0 fnt
|faint|p2a: Gojira
|
|-weather|Sandstorm|[upkeep]
|-heal|p1a: Landorus-Therian|105\/382|[from] item: Leftovers
|
|switch|p2a: Thor|Thundurus, M|77\/299
|-damage|p2a: Thor|3\/299|[from] Stealth Rock
|turn|28
|
|switch|p1a: Rotom-Wash|Rotom-Wash|96\/304
|-damage|p1a: Rotom-Wash|58\/304|[from] Stealth Rock
|move|p2a: Thor|Hidden Power|p1a: Rotom-Wash
|-resisted|p1a: Rotom-Wash
|-damage|p1a: Rotom-Wash|18\/304
|
|-weather|Sandstorm|[upkeep]
|-damage|p2a: Thor|0 fnt|[from] sandstorm
|-damage|p1a: Rotom-Wash|0 fnt|[from] sandstorm
|faint|p2a: Thor
|faint|p1a: Rotom-Wash
|
|win|Mounts
|raw|Ladder updating...
|c|âDelta Abomination|gg
|raw|Mounts's rating: 1772 &rarr; <strong>1779<\/strong><br \/>(+7 for winning)
|raw|Delta Abomination's rating: 1498 &rarr; <strong>1491<\/strong><br \/>(-7 for losing)
|leave|Mounts