|join|Mounts
|join|TCMK
|player|p1|Mounts|101
|player|p2|TCMK|153
|gametype|singles
|gen|6
|tier|OU
|rated
|clearpoke
|poke|p1|Lopunny, M
|poke|p1|Bisharp, F
|poke|p1|Landorus-Therian, M
|poke|p1|Rotom-Wash
|poke|p1|Azelf
|poke|p1|Garchomp, M
|poke|p2|Landorus-Therian, M
|poke|p2|Slowbro, M
|poke|p2|Amoonguss, F
|poke|p2|Bisharp, M
|poke|p2|Diancie
|poke|p2|Latios, M
|rule|Swagger Clause: Swagger is banned
|rule|Baton Pass Clause: Limit one PokÃ©mon knowing Baton Pass
|rule|Sleep Clause Mod: Limit one foe put to sleep
|rule|Species Clause: Limit one of each PokÃ©mon
|rule|OHKO Clause: OHKO moves are banned
|rule|Moody Clause: Moody is banned
|rule|Evasion Moves Clause: Evasion moves are banned
|rule|Endless Battle Clause: Forcing endless battles is banned
|rule|HP Percentage Mod: HP is shown in percentages
|teampreview
|join|y4 sucK
|
|start
|switch|p1a: Landorus-Therian|Landorus-Therian, M|382\/382
|switch|p2a: Diancie|Diancie|257\/257
|-ability|p1a: Landorus-Therian|Intimidate|[of] p2a: Diancie
|-fail|p2a: Diancie|unboost|[from] ability: Clear Body|[of] p2a: Diancie
|turn|1
|join|mouse de frank
|
|detailschange|p2a: Diancie|Diancie-Mega
|-mega|p2a: Diancie|Diancie|Diancite
|move|p2a: Diancie|Protect|p2a: Diancie
|-singleturn|p2a: Diancie|Protect
|move|p1a: Landorus-Therian|Earthquake|p2a: Diancie
|-activate|p2a: Diancie|Protect
|
|turn|2
|
|switch|p2a: Landorus-Therian|Landorus-Therian, M|381\/381
|-ability|p2a: Landorus-Therian|Intimidate|[of] p1a: Landorus-Therian
|-unboost|p1a: Landorus-Therian|atk|1
|move|p1a: Landorus-Therian|Stealth Rock|p2a: Landorus-Therian
|-sidestart|p2: TCMK|move: Stealth Rock
|
|turn|3
|
|move|p2a: Landorus-Therian|Stealth Rock|p1a: Landorus-Therian
|-sidestart|p1: Mounts|move: Stealth Rock
|move|p1a: Landorus-Therian|Toxic|p2a: Landorus-Therian
|-status|p2a: Landorus-Therian|tox
|
|-damage|p2a: Landorus-Therian|358\/381 tox|[from] psn
|turn|4
|join|y4
|
|move|p2a: Landorus-Therian|Knock Off|p1a: Landorus-Therian
|-damage|p1a: Landorus-Therian|296\/382
|-enditem|p1a: Landorus-Therian|Leftovers|[from] move: Knock Off|[of] p2a: Landorus-Therian
|move|p1a: Landorus-Therian|U-turn|p2a: Landorus-Therian
|-resisted|p2a: Landorus-Therian
|-damage|p2a: Landorus-Therian|337\/381 tox
|
|switch|p1a: Lopunny|Lopunny, M|271\/271
|-damage|p1a: Lopunny|238\/271|[from] Stealth Rock
|
|-heal|p2a: Landorus-Therian|360\/381 tox|[from] item: Leftovers
|-damage|p2a: Landorus-Therian|314\/381 tox|[from] psn
|turn|5
|
|switch|p2a: Slowbro|Slowbro, M|393\/393
|-damage|p2a: Slowbro|344\/393|[from] Stealth Rock
|detailschange|p1a: Lopunny|Lopunny-Mega, M
|-mega|p1a: Lopunny|Lopunny|Lopunnite
|move|p1a: Lopunny|Ice Punch|p2a: Slowbro
|-resisted|p2a: Slowbro
|-damage|p2a: Slowbro|313\/393
|-status|p2a: Slowbro|frz
|
|-heal|p2a: Slowbro|337\/393 frz|[from] item: Leftovers
|turn|6
|c| y4|freezes that matter
|c| y4|chapter 1
|c|âTCMK|lol
|
|move|p1a: Lopunny|Return|p2a: Slowbro
|-damage|p2a: Slowbro|219\/393 frz
|-curestatus|p2a: Slowbro|frz
|move|p2a: Slowbro|Scald|p1a: Lopunny
|-damage|p1a: Lopunny|138\/271
|
|-heal|p2a: Slowbro|243\/393|[from] item: Leftovers
|turn|7
|
|switch|p1a: Rotom-Wash|Rotom-Wash|304\/304
|-damage|p1a: Rotom-Wash|266\/304|[from] Stealth Rock
|move|p2a: Slowbro|Toxic|p1a: Rotom-Wash
|-status|p1a: Rotom-Wash|tox
|
|-heal|p1a: Rotom-Wash|285\/304 tox|[from] item: Leftovers
|-heal|p2a: Slowbro|267\/393|[from] item: Leftovers
|-damage|p1a: Rotom-Wash|266\/304 tox|[from] psn
|turn|8
|
|switch|p2a: Amoonguss|Amoonguss, F|432\/432
|-damage|p2a: Amoonguss|378\/432|[from] Stealth Rock
|move|p1a: Rotom-Wash|Will-O-Wisp|p2a: Amoonguss
|-status|p2a: Amoonguss|brn
|
|-heal|p1a: Rotom-Wash|285\/304 tox|[from] item: Leftovers
|-heal|p2a: Amoonguss|405\/432 brn|[from] item: Black Sludge
|-damage|p1a: Rotom-Wash|247\/304 tox|[from] psn
|-damage|p2a: Amoonguss|351\/432 brn|[from] brn
|turn|9
|join|I'm Rick Astley
|
|move|p1a: Rotom-Wash|Volt Switch|p2a: Amoonguss
|-resisted|p2a: Amoonguss
|-damage|p2a: Amoonguss|309\/432 brn
|
|switch|p1a: Landorus-Therian|Landorus-Therian, M|296\/382
|-damage|p1a: Landorus-Therian|249\/382|[from] Stealth Rock
|-ability|p1a: Landorus-Therian|Intimidate|[of] p2a: Amoonguss
|-unboost|p2a: Amoonguss|atk|1
|move|p2a: Amoonguss|Hidden Power|p1a: Landorus-Therian
|-damage|p1a: Landorus-Therian|198\/382
|
|-heal|p2a: Amoonguss|336\/432 brn|[from] item: Black Sludge
|-damage|p2a: Amoonguss|282\/432 brn|[from] brn
|turn|10
|
|switch|p2a: Landorus-Therian|Landorus-Therian, M|314\/381 tox
|-damage|p2a: Landorus-Therian|267\/381 tox|[from] Stealth Rock
|-ability|p2a: Landorus-Therian|Intimidate|[of] p1a: Landorus-Therian
|-unboost|p1a: Landorus-Therian|atk|1
|move|p1a: Landorus-Therian|Earthquake|p2a: Landorus-Therian
|-immune|p2a: Landorus-Therian|[msg]
|
|-heal|p2a: Landorus-Therian|290\/381 tox|[from] item: Leftovers
|-damage|p2a: Landorus-Therian|267\/381 tox|[from] psn
|turn|11
|
|move|p2a: Landorus-Therian|U-turn|p1a: Landorus-Therian
|-resisted|p1a: Landorus-Therian
|-damage|p1a: Landorus-Therian|171\/382
|
|switch|p2a: Slowbro|Slowbro, M|393\/393
|-damage|p2a: Slowbro|344\/393|[from] Stealth Rock
|move|p1a: Landorus-Therian|U-turn|p2a: Slowbro
|-supereffective|p2a: Slowbro
|-damage|p2a: Slowbro|276\/393
|
|switch|p1a: Bisharp|Bisharp, F|271\/271
|-damage|p1a: Bisharp|255\/271|[from] Stealth Rock
|
|-heal|p2a: Slowbro|300\/393|[from] item: Leftovers
|turn|12
|
|switch|p2a: Bisharp|Bisharp, M|279\/279
|-damage|p2a: Bisharp|262\/279|[from] Stealth Rock
|move|p1a: Bisharp|Knock Off|p2a: Bisharp
|-crit|p2a: Bisharp
|-resisted|p2a: Bisharp
|-damage|p2a: Bisharp|74\/279
|-enditem|p2a: Bisharp|Life Orb|[from] move: Knock Off|[of] p1a: Bisharp
|-damage|p1a: Bisharp|228\/271|[from] item: Life Orb
|
|turn|13
|join|Outrageous Fortune
|join|TOTEMO
|c| y4|low kick this fool
|
|move|p2a: Bisharp|Low Kick|p1a: Bisharp
|-supereffective|p1a: Bisharp
|-damage|p1a: Bisharp|0 fnt
|faint|p1a: Bisharp
|
|c| y4|wow ok
|c| y4 sucK|lol
|join|la douleur exquise
|
|switch|p1a: Lopunny|Lopunny-Mega, M|138\/271
|-damage|p1a: Lopunny|122\/271|[from] Stealth Rock
|turn|14
|c| y4|sorry
|c| y4|didnt mean to reveal it i was joking
|c| y4 sucK|lol
|c| y4|:(
|c| y4|BM
|c|âTCMK|its all good
|
|switch|p2a: Slowbro|Slowbro, M|393\/393
|-damage|p2a: Slowbro|344\/393|[from] Stealth Rock
|move|p1a: Lopunny|Return|p2a: Slowbro
|-damage|p2a: Slowbro|215\/393
|
|-heal|p2a: Slowbro|239\/393|[from] item: Leftovers
|turn|15
|c| y4|very bm
|c| y4 sucK|psycho cut this fool
|
|move|p1a: Lopunny|Return|p2a: Slowbro
|-damage|p2a: Slowbro|118\/393
|move|p2a: Slowbro|Slack Off|p2a: Slowbro
|-heal|p2a: Slowbro|315\/393
|
|-heal|p2a: Slowbro|339\/393|[from] item: Leftovers
|turn|16
|
|switch|p1a: Rotom-Wash|Rotom-Wash|247\/304 tox
|-damage|p1a: Rotom-Wash|209\/304 tox|[from] Stealth Rock
|move|p2a: Slowbro|Scald|p1a: Rotom-Wash
|-resisted|p1a: Rotom-Wash
|-damage|p1a: Rotom-Wash|166\/304 tox
|
|-heal|p1a: Rotom-Wash|185\/304 tox|[from] item: Leftovers
|-heal|p2a: Slowbro|363\/393|[from] item: Leftovers
|-damage|p1a: Rotom-Wash|166\/304 tox|[from] psn
|turn|17
|
|switch|p2a: Amoonguss|Amoonguss, F|426\/432 brn
|-damage|p2a: Amoonguss|372\/432 brn|[from] Stealth Rock
|move|p1a: Rotom-Wash|Volt Switch|p2a: Amoonguss
|-resisted|p2a: Amoonguss
|-damage|p2a: Amoonguss|323\/432 brn
|
|switch|p1a: Azelf|Azelf|291\/291
|-damage|p1a: Azelf|255\/291|[from] Stealth Rock
|
|-heal|p2a: Amoonguss|350\/432 brn|[from] item: Black Sludge
|-damage|p2a: Amoonguss|296\/432 brn|[from] brn
|turn|18
|
|switch|p2a: Bisharp|Bisharp, M|74\/279
|-damage|p2a: Bisharp|57\/279|[from] Stealth Rock
|move|p1a: Azelf|Fire Blast|p2a: Bisharp
|-supereffective|p2a: Bisharp
|-damage|p2a: Bisharp|0 fnt
|-damage|p1a: Azelf|226\/291|[from] item: Life Orb
|faint|p2a: Bisharp
|
|
|switch|p2a: Latios|Latios, M|309\/309
|-damage|p2a: Latios|271\/309|[from] Stealth Rock
|turn|19
|
|switch|p1a: Landorus-Therian|Landorus-Therian, M|171\/382
|-damage|p1a: Landorus-Therian|124\/382|[from] Stealth Rock
|-ability|p1a: Landorus-Therian|Intimidate|[of] p2a: Latios
|-unboost|p2a: Latios|atk|1
|move|p2a: Latios|Draco Meteor|p1a: Landorus-Therian
|-damage|p1a: Landorus-Therian|0 fnt
|-unboost|p2a: Latios|spa|2
|-damage|p2a: Latios|241\/309|[from] item: Life Orb
|faint|p1a: Landorus-Therian
|
|
|switch|p1a: Lopunny|Lopunny-Mega, M|122\/271
|-damage|p1a: Lopunny|106\/271|[from] Stealth Rock
|turn|20
|join|qwerts
|join|Ebinola
|
|switch|p2a: Slowbro|Slowbro, M|393\/393
|-damage|p2a: Slowbro|344\/393|[from] Stealth Rock
|move|p1a: Lopunny|Return|p2a: Slowbro
|-damage|p2a: Slowbro|212\/393
|
|-heal|p2a: Slowbro|236\/393|[from] item: Leftovers
|turn|21
|join|Updated Kanto
|
|switch|p1a: Azelf|Azelf|226\/291
|-damage|p1a: Azelf|190\/291|[from] Stealth Rock
|move|p2a: Slowbro|Scald|p1a: Azelf
|-damage|p1a: Azelf|55\/291
|-status|p1a: Azelf|brn
|
|-heal|p2a: Slowbro|260\/393|[from] item: Leftovers
|-damage|p1a: Azelf|19\/291 brn|[from] brn
|turn|22
|leave|Updated Kanto
|
|switch|p2a: Latios|Latios, M|241\/309
|-damage|p2a: Latios|203\/309|[from] Stealth Rock
|move|p1a: Azelf|Thunderbolt|p2a: Latios
|-resisted|p2a: Latios
|-damage|p2a: Latios|138\/309
|-damage|p1a: Azelf|0 fnt|[from] item: Life Orb
|faint|p1a: Azelf
|
|
|switch|p1a: Lopunny|Lopunny-Mega, M|106\/271
|-damage|p1a: Lopunny|90\/271|[from] Stealth Rock
|turn|23
|
|switch|p2a: Slowbro|Slowbro, M|391\/393
|-damage|p2a: Slowbro|342\/393|[from] Stealth Rock
|move|p1a: Lopunny|Return|p2a: Slowbro
|-damage|p2a: Slowbro|219\/393
|
|-heal|p2a: Slowbro|243\/393|[from] item: Leftovers
|turn|24
|leave|qwerts
|
|switch|p1a: Rotom-Wash|Rotom-Wash|166\/304 tox
|-damage|p1a: Rotom-Wash|128\/304 tox|[from] Stealth Rock
|move|p2a: Slowbro|Scald|p1a: Rotom-Wash
|-resisted|p1a: Rotom-Wash
|-damage|p1a: Rotom-Wash|81\/304 tox
|
|-heal|p1a: Rotom-Wash|100\/304 tox|[from] item: Leftovers
|-heal|p2a: Slowbro|267\/393|[from] item: Leftovers
|-damage|p1a: Rotom-Wash|81\/304 tox|[from] psn
|turn|25
|leave|TOTEMO
|
|switch|p2a: Latios|Latios, M|138\/309
|-damage|p2a: Latios|100\/309|[from] Stealth Rock
|move|p1a: Rotom-Wash|Volt Switch|p2a: Latios
|-resisted|p2a: Latios
|-damage|p2a: Latios|63\/309
|
|switch|p1a: Lopunny|Lopunny-Mega, M|90\/271
|-damage|p1a: Lopunny|74\/271|[from] Stealth Rock
|
|turn|26
|
|switch|p2a: Slowbro|Slowbro, M|393\/393
|-damage|p2a: Slowbro|344\/393|[from] Stealth Rock
|move|p1a: Lopunny|Return|p2a: Slowbro
|-damage|p2a: Slowbro|221\/393
|
|-heal|p2a: Slowbro|245\/393|[from] item: Leftovers
|turn|27
|
|switch|p1a: Rotom-Wash|Rotom-Wash|81\/304 tox
|-damage|p1a: Rotom-Wash|43\/304 tox|[from] Stealth Rock
|move|p2a: Slowbro|Scald|p1a: Rotom-Wash
|-resisted|p1a: Rotom-Wash
|-damage|p1a: Rotom-Wash|0 fnt
|faint|p1a: Rotom-Wash
|
|-heal|p2a: Slowbro|269\/393|[from] item: Leftovers
|c|âMounts|gg
|c|âTCMK|gigs
|-message|Mounts forfeited.
|leave|Mounts
|
|win|TCMK
|raw|Ladder updating...
|player|p1
|raw|Mounts's rating: 1731 &rarr; <strong>1706<\/strong><br \/>(-25 for losing)
|raw|TCMK's rating: 1654 &rarr; <strong>1678<\/strong><br \/>(+24 for winning)
|leave|mouse de frank