|join|Fairy Peak
|join|Mounts
|player|p1|Fairy Peak|137
|player|p2|Mounts|101
|gametype|singles
|gen|6
|tier|OU
|rated
|clearpoke
|poke|p1|Garchomp, F
|poke|p1|Starmie
|poke|p1|Altaria, M
|poke|p1|Magnezone
|poke|p1|Talonflame, F
|poke|p1|Bisharp, M
|poke|p2|Gallade, M
|poke|p2|Bisharp, F
|poke|p2|Landorus-Therian, M
|poke|p2|Rotom-Wash
|poke|p2|Azelf
|poke|p2|Garchomp, F
|rule|Swagger Clause: Swagger is banned
|rule|Baton Pass Clause: Limit one PokÃ©mon knowing Baton Pass
|rule|Sleep Clause Mod: Limit one foe put to sleep
|rule|Species Clause: Limit one of each PokÃ©mon
|rule|OHKO Clause: OHKO moves are banned
|rule|Moody Clause: Moody is banned
|rule|Evasion Moves Clause: Evasion moves are banned
|rule|Endless Battle Clause: Forcing endless battles is banned
|rule|HP Percentage Mod: HP is shown in percentages
|teampreview
|c|âFairy Peak|Gl, hf.
|c|âMounts|glhf
|
|start
|switch|p1a: Starmie|Starmie|261\/261
|switch|p2a: Azelf|Azelf|291\/291
|turn|1
|join|Bricott
|
|move|p2a: Azelf|Thunderbolt|p1a: Starmie
|-supereffective|p1a: Starmie
|-damage|p1a: Starmie|0 fnt
|-damage|p2a: Azelf|262\/291|[from] item: Life Orb
|faint|p1a: Starmie
|
|c|âFairy Peak|Win speed
|c|âFairy Peak|;_;
|
|switch|p1a: Altaria|Altaria, M|291\/291
|turn|2
|c|âMounts|i would have said the same if it had happened the other way round haha, this game really is luck based u know
|c|âFairy Peak|y.
|c|âFairy Peak|^^'
|
|move|p2a: Azelf|Psychic|p1a: Altaria
|-damage|p1a: Altaria|96\/291
|-damage|p2a: Azelf|233\/291|[from] item: Life Orb
|move|p1a: Altaria|Dragon Dance|p1a: Altaria
|-boost|p1a: Altaria|atk|1
|-boost|p1a: Altaria|spe|1
|
|turn|3
|
|switch|p2a: Landorus-Therian|Landorus-Therian, M|382\/382
|-ability|p2a: Landorus-Therian|Intimidate|[of] p1a: Altaria
|-unboost|p1a: Altaria|atk|1
|detailschange|p1a: Altaria|Altaria-Mega, M
|-mega|p1a: Altaria|Altaria|Altarianite
|move|p1a: Altaria|Roost|p1a: Altaria
|-heal|p1a: Altaria|242\/291
|
|turn|4
|
|switch|p1a: Talonflame|Talonflame, F|326\/326
|move|p2a: Landorus-Therian|Toxic|p1a: Talonflame
|-status|p1a: Talonflame|tox
|
|-damage|p1a: Talonflame|306\/326 tox|[from] psn
|turn|5
|
|switch|p1a: Garchomp|Garchomp, F|357\/357
|switch|p2a: Rotom-Wash|Rotom-Wash|304\/304
|
|turn|6
|
|switch|p2a: Landorus-Therian|Landorus-Therian, M|382\/382
|-ability|p2a: Landorus-Therian|Intimidate|[of] p1a: Garchomp
|-unboost|p1a: Garchomp|atk|1
|move|p1a: Garchomp|Stealth Rock|p2a: Landorus-Therian
|-sidestart|p2: Mounts|move: Stealth Rock
|
|turn|7
|
|move|p1a: Garchomp|Draco Meteor|p2a: Landorus-Therian
|-damage|p2a: Landorus-Therian|140\/382
|-unboost|p1a: Garchomp|spa|2
|-damage|p1a: Garchomp|322\/357|[from] item: Life Orb
|move|p2a: Landorus-Therian|Stealth Rock|p1a: Garchomp
|-sidestart|p1: Fairy Peak|move: Stealth Rock
|
|-heal|p2a: Landorus-Therian|163\/382|[from] item: Leftovers
|turn|8
|
|move|p1a: Garchomp|Draco Meteor|p2a: Landorus-Therian
|-damage|p2a: Landorus-Therian|42\/382
|-unboost|p1a: Garchomp|spa|2
|-damage|p1a: Garchomp|287\/357|[from] item: Life Orb
|move|p2a: Landorus-Therian|U-turn|p1a: Garchomp
|-damage|p1a: Garchomp|200\/357
|-damage|p2a: Landorus-Therian|0 fnt|[from] ability: Rough Skin|[of] p1a: Garchomp
|faint|p2a: Landorus-Therian
|
|
|switch|p2a: Azelf|Azelf|233\/291
|-damage|p2a: Azelf|197\/291|[from] Stealth Rock
|turn|9
|
|switch|p1a: Magnezone|Magnezone|281\/281
|-damage|p1a: Magnezone|264\/281|[from] Stealth Rock
|move|p2a: Azelf|Fire Blast|p1a: Magnezone
|-supereffective|p1a: Magnezone
|-damage|p1a: Magnezone|0 fnt
|-damage|p2a: Azelf|168\/291|[from] item: Life Orb
|faint|p1a: Magnezone
|
|
|switch|p1a: Altaria|Altaria-Mega, M|242\/291
|-damage|p1a: Altaria|206\/291|[from] Stealth Rock
|turn|10
|
|move|p2a: Azelf|Psychic|p1a: Altaria
|-damage|p1a: Altaria|10\/291
|-damage|p2a: Azelf|139\/291|[from] item: Life Orb
|move|p1a: Altaria|Dragon Dance|p1a: Altaria
|-boost|p1a: Altaria|atk|1
|-boost|p1a: Altaria|spe|1
|
|turn|11
|
|move|p1a: Altaria|Return|p2a: Azelf
|-damage|p2a: Azelf|0 fnt
|faint|p2a: Azelf
|
|
|switch|p2a: Garchomp|Garchomp, F|357\/357
|-damage|p2a: Garchomp|335\/357|[from] Stealth Rock
|turn|12
|
|move|p2a: Garchomp|Earthquake|p1a: Altaria
|-damage|p1a: Altaria|0 fnt
|faint|p1a: Altaria
|
|
|switch|p1a: Talonflame|Talonflame, F|306\/326 tox
|-damage|p1a: Talonflame|143\/326 tox|[from] Stealth Rock
|turn|13
|
|switch|p2a: Rotom-Wash|Rotom-Wash|304\/304
|-damage|p2a: Rotom-Wash|266\/304|[from] Stealth Rock
|move|p1a: Talonflame|Swords Dance|p1a: Talonflame
|-boost|p1a: Talonflame|atk|2
|
|-heal|p2a: Rotom-Wash|285\/304|[from] item: Leftovers
|-damage|p1a: Talonflame|123\/326 tox|[from] psn
|turn|14
|
|move|p1a: Talonflame|Brave Bird|p2a: Rotom-Wash
|-resisted|p2a: Rotom-Wash
|-damage|p2a: Rotom-Wash|145\/304
|-damage|p1a: Talonflame|77\/326 tox|[from] recoil|[of] p2a: Rotom-Wash
|move|p2a: Rotom-Wash|Hydro Pump|p1a: Talonflame
|-supereffective|p1a: Talonflame
|-damage|p1a: Talonflame|0 fnt
|faint|p1a: Talonflame
|
|-heal|p2a: Rotom-Wash|164\/304|[from] item: Leftovers
|
|switch|p1a: Bisharp|Bisharp, M|271\/271
|-damage|p1a: Bisharp|255\/271|[from] Stealth Rock
|turn|15
|c|âFairy Peak|Gg
|
|move|p1a: Bisharp|Knock Off|p2a: Rotom-Wash
|-damage|p2a: Rotom-Wash|0 fnt
|-enditem|p2a: Rotom-Wash|Leftovers|[from] move: Knock Off|[of] p1a: Bisharp
|-damage|p1a: Bisharp|228\/271|[from] item: Life Orb
|faint|p2a: Rotom-Wash
|
|
|switch|p2a: Garchomp|Garchomp, F|335\/357
|-damage|p2a: Garchomp|313\/357|[from] Stealth Rock
|turn|16
|
|move|p1a: Bisharp|Sucker Punch|p2a: Garchomp
|-damage|p2a: Garchomp|132\/357
|-damage|p1a: Bisharp|195\/271|[from] ability: Rough Skin|[of] p2a: Garchomp
|-damage|p1a: Bisharp|168\/271|[from] item: Life Orb
|move|p2a: Garchomp|Earthquake|p1a: Bisharp
|-supereffective|p1a: Bisharp
|-damage|p1a: Bisharp|0 fnt
|faint|p1a: Bisharp
|
|c|âMounts|gg
|
|switch|p1a: Garchomp|Garchomp, F|200\/357
|-damage|p1a: Garchomp|178\/357|[from] Stealth Rock
|turn|17
|
|switch|p2a: Bisharp|Bisharp, F|271\/271
|-damage|p2a: Bisharp|255\/271|[from] Stealth Rock
|move|p1a: Garchomp|Earth Power|p2a: Bisharp
|-supereffective|p2a: Bisharp
|-damage|p2a: Bisharp|0 fnt
|-damage|p1a: Garchomp|143\/357|[from] item: Life Orb
|faint|p2a: Bisharp
|
|
|switch|p2a: Garchomp|Garchomp, F|132\/357
|-damage|p2a: Garchomp|110\/357|[from] Stealth Rock
|turn|18
|
|move|p2a: Garchomp|Outrage|p1a: Garchomp
|-crit|p1a: Garchomp
|-supereffective|p1a: Garchomp
|-damage|p1a: Garchomp|0 fnt
|-damage|p2a: Garchomp|66\/357|[from] ability: Rough Skin|[of] p1a: Garchomp
|faint|p1a: Garchomp
|
|win|Mounts
|raw|Ladder updating...
|raw|Fairy Peak's rating: 1698 &rarr; <strong>1675<\/strong><br \/>(-23 for losing)
|raw|Mounts's rating: 1653 &rarr; <strong>1675<\/strong><br \/>(+22 for winning)
|leave|Fairy Peak
|player|p1
|leave|Mounts
|player|p2
|leave|Bricott