|join|Mounts
|join|CleanerThanRotom-W
|player|p1|Mounts|101
|player|p2|CleanerThanRotom-W|226
|gametype|singles
|gen|6
|tier|OU
|rated
|clearpoke
|poke|p1|Altaria, M
|poke|p1|Bisharp, F
|poke|p1|Garchomp, F
|poke|p1|Thundurus, M
|poke|p1|Klefki, F
|poke|p1|Azelf
|poke|p2|Sableye, F
|poke|p2|Chansey, F
|poke|p2|Cresselia, F
|poke|p2|Gothitelle, F
|poke|p2|Skarmory, M
|poke|p2|Quagsire, M
|rule|Swagger Clause: Swagger is banned
|rule|Baton Pass Clause: Limit one PokÃ©mon knowing Baton Pass
|rule|Sleep Clause Mod: Limit one foe put to sleep
|rule|Species Clause: Limit one of each PokÃ©mon
|rule|OHKO Clause: OHKO moves are banned
|rule|Moody Clause: Moody is banned
|rule|Evasion Moves Clause: Evasion moves are banned
|rule|Endless Battle Clause: Forcing endless battles is banned
|rule|HP Percentage Mod: HP is shown in percentages
|teampreview
|join|LUSTY LEDDIT
|c| LUSTY LEDDIT|lol
|
|start
|switch|p1a: Thundurus|Thundurus, M|299\/299
|switch|p2a: Sableye|Sableye, F|303\/303
|turn|1
|
|detailschange|p2a: Sableye|Sableye-Mega, F
|-mega|p2a: Sableye|Sableye|Sablenite
|move|p1a: Thundurus|Nasty Plot|p1a: Thundurus
|-boost|p1a: Thundurus|spa|2
|move|p2a: Sableye|Will-O-Wisp|p1a: Thundurus|[miss]
|-miss|p2a: Sableye|p1a: Thundurus
|
|turn|2
|c|âCleanerThanRotom-W|OK
|c|âCleanerThanRotom-W|WHY NOT
|
|switch|p2a: Quagsire|Quagsire, M|393\/393
|move|p1a: Thundurus|Thunderbolt|p2a: Quagsire
|-immune|p2a: Quagsire|[msg]
|
|turn|3
|
|move|p1a: Thundurus|Focus Blast|p2a: Quagsire|[miss]
|-miss|p1a: Thundurus|p2a: Quagsire
|move|p2a: Quagsire|Toxic|p1a: Thundurus
|-status|p1a: Thundurus|tox
|
|-damage|p1a: Thundurus|281\/299 tox|[from] psn
|turn|4
|c| LUSTY LEDDIT|deserved miss
|
|switch|p1a: Garchomp|Garchomp, F|357\/357
|move|p2a: Quagsire|Recover|p2a: Quagsire
|-fail|p2a: Quagsire
|
|turn|5
|
|switch|p2a: Sableye|Sableye-Mega, F|303\/303
|move|p1a: Garchomp|Earthquake|p2a: Sableye
|-damage|p2a: Sableye|149\/303
|
|turn|6
|
|switch|p2a: Quagsire|Quagsire, M|393\/393
|move|p1a: Garchomp|Stealth Rock|p2a: Quagsire
|-sidestart|p2: CleanerThanRotom-W|move: Stealth Rock
|
|turn|7
|
|switch|p1a: Klefki|Klefki, F|317\/317
|move|p2a: Quagsire|Scald|p1a: Klefki
|-damage|p1a: Klefki|236\/317
|-status|p1a: Klefki|brn
|
|-damage|p1a: Klefki|197\/317 brn|[from] brn
|turn|8
|
|switch|p1a: Azelf|Azelf|291\/291
|switch|p2a: Skarmory|Skarmory, M|334\/334
|-damage|p2a: Skarmory|293\/334|[from] Stealth Rock
|
|turn|9
|
|switch|p2a: Chansey|Chansey, F|703\/703
|-damage|p2a: Chansey|616\/703|[from] Stealth Rock
|move|p1a: Azelf|Fire Blast|p2a: Chansey
|-damage|p2a: Chansey|503\/703
|-damage|p1a: Azelf|262\/291|[from] item: Life Orb
|
|turn|10
|
|move|p1a: Azelf|Nasty Plot|p1a: Azelf
|-boost|p1a: Azelf|spa|2
|move|p2a: Chansey|Seismic Toss|p1a: Azelf
|-damage|p1a: Azelf|162\/291
|
|turn|11
|join|sznoo
|join|sallmo98
|
|move|p1a: Azelf|Psychic|p2a: Chansey
|-damage|p2a: Chansey|240\/703
|-damage|p1a: Azelf|133\/291|[from] item: Life Orb
|move|p2a: Chansey|Seismic Toss|p1a: Azelf
|-damage|p1a: Azelf|33\/291
|
|turn|12
|leave|sallmo98
|
|switch|p2a: Cresselia|Cresselia, F|444\/444
|-damage|p2a: Cresselia|389\/444|[from] Stealth Rock
|move|p1a: Azelf|Psychic|p2a: Cresselia
|-resisted|p2a: Cresselia
|-damage|p2a: Cresselia|253\/444
|-damage|p1a: Azelf|4\/291|[from] item: Life Orb
|
|-heal|p2a: Cresselia|280\/444|[from] item: Leftovers
|turn|13
|
|move|p1a: Azelf|Nasty Plot|p1a: Azelf
|-boost|p1a: Azelf|spa|2
|move|p2a: Cresselia|Moonlight|p2a: Cresselia
|-heal|p2a: Cresselia|444\/444
|
|turn|14
|
|switch|p1a: Bisharp|Bisharp, F|271\/271
|move|p2a: Cresselia|Moonlight|p2a: Cresselia
|
|turn|15
|
|switch|p2a: Quagsire|Quagsire, M|393\/393
|-damage|p2a: Quagsire|369\/393|[from] Stealth Rock
|move|p1a: Bisharp|Knock Off|p2a: Quagsire
|-damage|p2a: Quagsire|190\/393
|-enditem|p2a: Quagsire|Leftovers|[from] move: Knock Off|[of] p1a: Bisharp
|-damage|p1a: Bisharp|244\/271|[from] item: Life Orb
|
|turn|16
|
|switch|p1a: Garchomp|Garchomp, F|357\/357
|move|p2a: Quagsire|Recover|p2a: Quagsire
|-heal|p2a: Quagsire|387\/393
|
|turn|17
|
|move|p1a: Garchomp|Earthquake|p2a: Quagsire
|-damage|p2a: Quagsire|243\/393
|move|p2a: Quagsire|Scald|p1a: Garchomp
|-damage|p1a: Garchomp|276\/357
|
|turn|18
|
|move|p1a: Garchomp|Earthquake|p2a: Quagsire
|-damage|p2a: Quagsire|98\/393
|move|p2a: Quagsire|Recover|p2a: Quagsire
|-heal|p2a: Quagsire|295\/393
|
|turn|19
|
|move|p1a: Garchomp|Earthquake|p2a: Quagsire
|-damage|p2a: Quagsire|154\/393
|move|p2a: Quagsire|Recover|p2a: Quagsire
|-heal|p2a: Quagsire|351\/393
|
|turn|20
|join|Appreciation
|
|move|p1a: Garchomp|Earthquake|p2a: Quagsire
|-damage|p2a: Quagsire|210\/393
|move|p2a: Quagsire|Scald|p1a: Garchomp
|-damage|p1a: Garchomp|204\/357
|
|turn|21
|c| Appreciation|go cleaner
|c| LUSTY LEDDIT|n_n
|
|move|p1a: Garchomp|Earthquake|p2a: Quagsire
|-damage|p2a: Quagsire|57\/393
|move|p2a: Quagsire|Recover|p2a: Quagsire
|-heal|p2a: Quagsire|254\/393
|
|turn|22
|
|move|p1a: Garchomp|Earthquake|p2a: Quagsire
|-damage|p2a: Quagsire|110\/393
|move|p2a: Quagsire|Recover|p2a: Quagsire
|-heal|p2a: Quagsire|307\/393
|
|turn|23
|
|move|p1a: Garchomp|Earthquake|p2a: Quagsire
|-damage|p2a: Quagsire|165\/393
|move|p2a: Quagsire|Recover|p2a: Quagsire
|-heal|p2a: Quagsire|362\/393
|
|turn|24
|
|switch|p1a: Altaria|Altaria, M|307\/307
|move|p2a: Quagsire|Scald|p1a: Altaria
|-resisted|p1a: Altaria
|-damage|p1a: Altaria|275\/307
|-status|p1a: Altaria|brn
|
|-damage|p1a: Altaria|237\/307 brn|[from] brn
|turn|25
|
|switch|p2a: Skarmory|Skarmory, M|293\/334
|-damage|p2a: Skarmory|252\/334|[from] Stealth Rock
|detailschange|p1a: Altaria|Altaria-Mega, M
|-mega|p1a: Altaria|Altaria|Altarianite
|move|p1a: Altaria|Heal Bell|p1a: Altaria
|-cureteam|p1a: Altaria|[from] move: HealBell
|
|turn|26
|
|switch|p1a: Bisharp|Bisharp, F|244\/271
|move|p2a: Skarmory|Defog|p1a: Bisharp
|-unboost|p1a: Bisharp|evasion|1
|-boost|p1a: Bisharp|atk|2|[from] ability: Defiant
|-sideend|p2: CleanerThanRotom-W|Stealth Rock|[from] move: Defog|[of] p2a: Skarmory
|
|turn|27
|
|switch|p2a: Quagsire|Quagsire, M|362\/393
|move|p1a: Bisharp|Knock Off|p2a: Quagsire
|-damage|p2a: Quagsire|226\/393
|-damage|p1a: Bisharp|217\/271|[from] item: Life Orb
|
|turn|28
|
|move|p1a: Bisharp|Knock Off|p2a: Quagsire
|-damage|p2a: Quagsire|90\/393
|-damage|p1a: Bisharp|190\/271|[from] item: Life Orb
|move|p2a: Quagsire|Recover|p2a: Quagsire
|-heal|p2a: Quagsire|287\/393
|
|turn|29
|
|move|p1a: Bisharp|Knock Off|p2a: Quagsire
|-damage|p2a: Quagsire|158\/393
|-damage|p1a: Bisharp|163\/271|[from] item: Life Orb
|move|p2a: Quagsire|Recover|p2a: Quagsire
|-heal|p2a: Quagsire|355\/393
|
|turn|30
|
|switch|p1a: Garchomp|Garchomp, F|204\/357
|move|p2a: Quagsire|Earthquake|p1a: Garchomp
|-damage|p1a: Garchomp|96\/357
|
|turn|31
|c| sznoo|mounts... its time to forfeit bro.
|
|move|p1a: Garchomp|Earthquake|p2a: Quagsire
|-damage|p2a: Quagsire|211\/393
|move|p2a: Quagsire|Earthquake|p1a: Garchomp
|-damage|p1a: Garchomp|0 fnt
|faint|p1a: Garchomp
|
|
|switch|p1a: Thundurus|Thundurus, M|281\/299
|turn|32
|
|switch|p2a: Cresselia|Cresselia, F|444\/444
|move|p1a: Thundurus|Focus Blast|p2a: Cresselia
|-resisted|p2a: Cresselia
|-damage|p2a: Cresselia|386\/444
|-damage|p1a: Thundurus|252\/299|[from] item: Life Orb
|
|-heal|p2a: Cresselia|413\/444|[from] item: Leftovers
|turn|33
|join|nathaaan
|
|switch|p2a: Quagsire|Quagsire, M|211\/393
|move|p1a: Thundurus|Nasty Plot|p1a: Thundurus
|-boost|p1a: Thundurus|spa|2
|
|turn|34
|
|switch|p2a: Sableye|Sableye-Mega, F|149\/303
|move|p1a: Thundurus|Focus Blast|p2a: Sableye
|-immune|p2a: Sableye|[msg]
|
|turn|35
|
|move|p1a: Thundurus|Hidden Power|p2a: Sableye
|-damage|p2a: Sableye|28\/303
|-damage|p1a: Thundurus|223\/299|[from] item: Life Orb
|move|p2a: Sableye|Will-O-Wisp|p1a: Thundurus|[miss]
|-miss|p2a: Sableye|p1a: Thundurus
|
|turn|36
|c|âCleanerThanRotom-W|LMAO
|c| sznoo|....
|c| sznoo|mounts if you win by hax... shame on you.
|
|switch|p2a: Chansey|Chansey, F|240\/703
|move|p1a: Thundurus|Hidden Power|p2a: Chansey
|-damage|p2a: Chansey|124\/703
|-damage|p1a: Thundurus|194\/299|[from] item: Life Orb
|
|turn|37
|
|move|p1a: Thundurus|Thunderbolt|p2a: Chansey
|-damage|p2a: Chansey|0 fnt
|-damage|p1a: Thundurus|165\/299|[from] item: Life Orb
|faint|p2a: Chansey
|
|
|switch|p2a: Gothitelle|Gothitelle, F|301\/301
|turn|38
|
|move|p2a: Gothitelle|Psychic|p1a: Thundurus
|-damage|p1a: Thundurus|5\/299
|move|p1a: Thundurus|Thunderbolt|p2a: Gothitelle
|-damage|p2a: Gothitelle|0 fnt
|-damage|p1a: Thundurus|0 fnt|[from] item: Life Orb
|faint|p2a: Gothitelle
|faint|p1a: Thundurus
|
|
|switch|p1a: Altaria|Altaria-Mega, M|237\/307
|switch|p2a: Quagsire|Quagsire, M|211\/393
|turn|39
|
|move|p1a: Altaria|Return|p2a: Quagsire
|-damage|p2a: Quagsire|46\/393
|move|p2a: Quagsire|Recover|p2a: Quagsire
|-heal|p2a: Quagsire|243\/393
|
|turn|40
|
|move|p1a: Altaria|Return|p2a: Quagsire
|-damage|p2a: Quagsire|78\/393
|move|p2a: Quagsire|Recover|p2a: Quagsire
|-heal|p2a: Quagsire|275\/393
|
|turn|41
|
|move|p1a: Altaria|Return|p2a: Quagsire
|-damage|p2a: Quagsire|89\/393
|move|p2a: Quagsire|Recover|p2a: Quagsire
|-heal|p2a: Quagsire|286\/393
|
|turn|42
|leave|LUSTY LEDDIT
|join|Feenstaub
|c| sznoo|crit?
|
|switch|p2a: Skarmory|Skarmory, M|252\/334
|move|p1a: Altaria|Dragon Dance|p1a: Altaria
|-boost|p1a: Altaria|atk|1
|-boost|p1a: Altaria|spe|1
|
|turn|43
|
|move|p1a: Altaria|Return|p2a: Skarmory
|-resisted|p2a: Skarmory
|-damage|p2a: Skarmory|150\/334
|-damage|p1a: Altaria|186\/307|[from] item: Rocky Helmet|[of] p2a: Skarmory
|move|p2a: Skarmory|Brave Bird|p1a: Altaria
|-crit|p1a: Altaria
|-damage|p1a: Altaria|65\/307
|-damage|p2a: Skarmory|110\/334|[from] recoil|[of] p1a: Altaria
|
|turn|44
|
|switch|p2a: Cresselia|Cresselia, F|413\/444
|move|p1a: Altaria|Roost|p1a: Altaria
|-heal|p1a: Altaria|219\/307
|
|-heal|p2a: Cresselia|440\/444|[from] item: Leftovers
|turn|45
|
|move|p1a: Altaria|Return|p2a: Cresselia
|-damage|p2a: Cresselia|173\/444
|move|p2a: Cresselia|Skill Swap|p1a: Altaria
|-activate|p2a: Cresselia|move: Skill Swap|Pixilate|Levitate|[of] p1a: Altaria
|
|-heal|p2a: Cresselia|200\/444|[from] item: Leftovers
|turn|46
|
|switch|p1a: Bisharp|Bisharp, F|163\/271
|switch|p2a: Sableye|Sableye-Mega, F|28\/303
|
|turn|47
|
|switch|p2a: Quagsire|Quagsire, M|286\/393
|move|p1a: Bisharp|Knock Off|p2a: Quagsire
|-damage|p2a: Quagsire|157\/393
|-damage|p1a: Bisharp|136\/271|[from] item: Life Orb
|
|turn|48
|
|switch|p1a: Azelf|Azelf|4\/291
|move|p2a: Quagsire|Recover|p2a: Quagsire
|-heal|p2a: Quagsire|354\/393
|
|turn|49
|
|switch|p2a: Cresselia|Cresselia, F|200\/444
|move|p1a: Azelf|Psychic|p2a: Cresselia
|-resisted|p2a: Cresselia
|-damage|p2a: Cresselia|131\/444
|-damage|p1a: Azelf|0 fnt|[from] item: Life Orb
|faint|p1a: Azelf
|
|-heal|p2a: Cresselia|158\/444|[from] item: Leftovers
|
|switch|p1a: Altaria|Altaria-Mega, M|219\/307
|turn|50
|c| sznoo|mounts. let quagsire haunt your dreams!
|
|move|p1a: Altaria|Return|p2a: Cresselia
|-damage|p2a: Cresselia|0 fnt
|faint|p2a: Cresselia
|
|
|switch|p2a: Quagsire|Quagsire, M|354\/393
|turn|51
|
|move|p1a: Altaria|Dragon Dance|p1a: Altaria
|-boost|p1a: Altaria|atk|1
|-boost|p1a: Altaria|spe|1
|move|p2a: Quagsire|Toxic|p1a: Altaria
|-status|p1a: Altaria|tox
|
|-damage|p1a: Altaria|200\/307 tox|[from] psn
|turn|52
|
|move|p1a: Altaria|Heal Bell|p1a: Altaria
|-cureteam|p1a: Altaria|[from] move: HealBell
|move|p2a: Quagsire|Earthquake|p1a: Altaria
|-damage|p1a: Altaria|104\/307
|
|turn|53
|
|move|p1a: Altaria|Roost|p1a: Altaria
|-heal|p1a: Altaria|258\/307
|move|p2a: Quagsire|Toxic|p1a: Altaria
|-status|p1a: Altaria|tox
|
|-damage|p1a: Altaria|239\/307 tox|[from] psn
|turn|54
|
|move|p1a: Altaria|Heal Bell|p1a: Altaria
|-cureteam|p1a: Altaria|[from] move: HealBell
|move|p2a: Quagsire|Recover|p2a: Quagsire
|-heal|p2a: Quagsire|393\/393
|
|turn|55
|
|move|p1a: Altaria|Return|p2a: Quagsire
|-damage|p2a: Quagsire|204\/393
|move|p2a: Quagsire|Toxic|p1a: Altaria|[miss]
|-miss|p2a: Quagsire|p1a: Altaria
|
|turn|56
|c| sznoo|and it begins.
|c|âCleanerThanRotom-W|and again a win taken y disgusting hax
|c|âMounts|lol tg
|
|move|p1a: Altaria|Return|p2a: Quagsire
|-damage|p2a: Quagsire|35\/393
|move|p2a: Quagsire|Recover|p2a: Quagsire
|-heal|p2a: Quagsire|232\/393
|
|turn|57
|c| sznoo|if return crits
|c| sznoo|that will be sick
|
|move|p1a: Altaria|Return|p2a: Quagsire
|-damage|p2a: Quagsire|64\/393
|move|p2a: Quagsire|Recover|p2a: Quagsire
|-heal|p2a: Quagsire|261\/393
|
|turn|58
|c| Appreciation|has way more pp than recover anyway
|c| Appreciation|wont matter
|c| Appreciation|its over anyway
|c| Appreciation|imo
|c|âCleanerThanRotom-W|the only sick thing was the will o mis on thundy which cost me my goth lmao
|c| sznoo|good point on pp
|
|move|p1a: Altaria|Return|p2a: Quagsire
|-damage|p2a: Quagsire|74\/393
|move|p2a: Quagsire|Toxic|p1a: Altaria
|-status|p1a: Altaria|tox
|
|-damage|p1a: Altaria|220\/307 tox|[from] psn
|turn|59
|
|move|p1a: Altaria|Return|p2a: Quagsire
|-damage|p2a: Quagsire|0 fnt
|faint|p2a: Quagsire
|
|-damage|p1a: Altaria|182\/307 tox|[from] psn
|
|switch|p2a: Skarmory|Skarmory, M|110\/334
|turn|60
|
|move|p1a: Altaria|Return|p2a: Skarmory
|-resisted|p2a: Skarmory
|-damage|p2a: Skarmory|20\/334
|-damage|p1a: Altaria|131\/307 tox|[from] item: Rocky Helmet|[of] p2a: Skarmory
|move|p2a: Skarmory|Roost|p2a: Skarmory
|-heal|p2a: Skarmory|187\/334
|
|-damage|p1a: Altaria|74\/307 tox|[from] psn
|turn|61
|
|move|p1a: Altaria|Roost|p1a: Altaria
|-heal|p1a: Altaria|228\/307 tox
|move|p2a: Skarmory|Brave Bird|p1a: Altaria
|-damage|p1a: Altaria|146\/307 tox
|-damage|p2a: Skarmory|160\/334|[from] recoil|[of] p1a: Altaria
|
|-damage|p1a: Altaria|70\/307 tox|[from] psn
|turn|62
|
|move|p1a: Altaria|Roost|p1a: Altaria
|-heal|p1a: Altaria|224\/307 tox
|move|p2a: Skarmory|Brave Bird|p1a: Altaria
|-damage|p1a: Altaria|148\/307 tox
|-damage|p2a: Skarmory|135\/334|[from] recoil|[of] p1a: Altaria
|
|-damage|p1a: Altaria|53\/307 tox|[from] psn
|turn|63
|
|move|p1a: Altaria|Heal Bell|p1a: Altaria
|-cureteam|p1a: Altaria|[from] move: HealBell
|move|p2a: Skarmory|Roost|p2a: Skarmory
|-heal|p2a: Skarmory|302\/334
|
|turn|64
|
|move|p1a: Altaria|Roost|p1a: Altaria
|-heal|p1a: Altaria|207\/307
|move|p2a: Skarmory|Brave Bird|p1a: Altaria
|-damage|p1a: Altaria|122\/307
|-damage|p2a: Skarmory|274\/334|[from] recoil|[of] p1a: Altaria
|
|turn|65
|
|move|p1a: Altaria|Dragon Dance|p1a: Altaria
|-boost|p1a: Altaria|atk|1
|-boost|p1a: Altaria|spe|1
|move|p2a: Skarmory|Spikes|p1a: Altaria
|-sidestart|p1: Mounts|Spikes
|
|turn|66
|
|move|p1a: Altaria|Return|p2a: Skarmory
|-resisted|p2a: Skarmory
|-damage|p2a: Skarmory|146\/334
|-damage|p1a: Altaria|71\/307|[from] item: Rocky Helmet|[of] p2a: Skarmory
|move|p2a: Skarmory|Brave Bird|p1a: Altaria
|-damage|p1a: Altaria|0 fnt
|-damage|p2a: Skarmory|123\/334|[from] recoil|[of] p1a: Altaria
|faint|p1a: Altaria
|
|
|switch|p1a: Bisharp|Bisharp, F|136\/271
|-damage|p1a: Bisharp|103\/271|[from] Spikes
|turn|67
|
|move|p1a: Bisharp|Knock Off|p2a: Skarmory
|-crit|p2a: Skarmory
|-damage|p2a: Skarmory|0 fnt
|-damage|p1a: Bisharp|58\/271|[from] item: Rocky Helmet|[of] p2a: Skarmory
|-enditem|p2a: Skarmory|Rocky Helmet|[from] move: Knock Off|[of] p1a: Bisharp
|-damage|p1a: Bisharp|31\/271|[from] item: Life Orb
|faint|p2a: Skarmory
|
|c|âCleanerThanRotom-W|...
|c|âCleanerThanRotom-W|seriously?
|c| sznoo|hax gods.
|leave|Appreciation
|c|âCleanerThanRotom-W|absolutely disgusting
|
|switch|p2a: Sableye|Sableye-Mega, F|28\/303
|turn|68
|c| sznoo|mounts, is this how you want to win? lol.
|c|âMounts|lol
|
|move|p1a: Bisharp|Iron Head|p2a: Sableye
|-damage|p2a: Sableye|0 fnt
|-damage|p1a: Bisharp|4\/271|[from] item: Life Orb
|faint|p2a: Sableye
|
|win|Mounts
|raw|Ladder updating...
|c|âCleanerThanRotom-W|ladder is pure trash
|c|âMounts|useless crit
|c|âCleanerThanRotom-W|lmao
|leave|CleanerThanRotom-W
|c|âMounts|stop bitching
|raw|Mounts's rating: 1751 &rarr; <strong>1776<\/strong><br \/>(+25 for winning)
|raw|CleanerThanRotom-W's rating: 1842 &rarr; <strong>1817<\/strong><br \/>(-25 for losing)
|player|p2
|leave|Mounts
|leave|Feenstaub
|player|p1
|join|Feenstaub
|leave|Feenstaub
|leave|nathaaan