|join|TheEnder
|join|Mounts
|player|p1|TheEnder|249
|player|p2|Mounts|101
|gametype|singles
|gen|6
|tier|OU
|rated
|clearpoke
|poke|p1|Altaria, M
|poke|p1|Ferrothorn, F
|poke|p1|Landorus, M
|poke|p1|Clefable, M
|poke|p1|Tyranitar, M
|poke|p1|Suicune
|poke|p2|Lopunny, F
|poke|p2|Bisharp, M
|poke|p2|Landorus-Therian, M
|poke|p2|Rotom-Wash
|poke|p2|Azelf
|poke|p2|Garchomp, M
|rule|Swagger Clause: Swagger is banned
|rule|Baton Pass Clause: Limit one PokÃ©mon knowing Baton Pass
|rule|Sleep Clause Mod: Limit one foe put to sleep
|rule|Species Clause: Limit one of each PokÃ©mon
|rule|OHKO Clause: OHKO moves are banned
|rule|Moody Clause: Moody is banned
|rule|Evasion Moves Clause: Evasion moves are banned
|rule|Endless Battle Clause: Forcing endless battles is banned
|rule|HP Percentage Mod: HP is shown in percentages
|teampreview
|
|start
|switch|p1a: Tyranitar|Tyranitar, M|341\/341
|switch|p2a: Rotom-Wash|Rotom-Wash|304\/304
|-weather|Sandstorm
|turn|1
|
|switch|p1a: Ferrothorn|Ferrothorn, F|352\/352
|move|p2a: Rotom-Wash|Will-O-Wisp|p1a: Ferrothorn
|-status|p1a: Ferrothorn|brn
|
|-weather|Sandstorm|[upkeep]
|-damage|p2a: Rotom-Wash|285\/304|[from] sandstorm
|-heal|p2a: Rotom-Wash|304\/304|[from] item: Leftovers
|-damage|p1a: Ferrothorn|308\/352 brn|[from] brn
|turn|2
|join|IAmGingy
|
|move|p2a: Rotom-Wash|Volt Switch|p1a: Ferrothorn
|-resisted|p1a: Ferrothorn
|-damage|p1a: Ferrothorn|275\/352 brn
|
|switch|p2a: Landorus-Therian|Landorus-Therian, M|382\/382
|-ability|p2a: Landorus-Therian|Intimidate|[of] p1a: Ferrothorn
|-unboost|p1a: Ferrothorn|atk|1
|move|p1a: Ferrothorn|Leech Seed|p2a: Landorus-Therian
|-start|p2a: Landorus-Therian|move: Leech Seed
|
|-weather|Sandstorm|[upkeep]
|-heal|p1a: Ferrothorn|297\/352 brn|[from] item: Leftovers
|-damage|p2a: Landorus-Therian|335\/382|[from] Leech Seed|[of] p1a: Ferrothorn
|-heal|p1a: Ferrothorn|344\/352 brn|[silent]
|-damage|p1a: Ferrothorn|300\/352 brn|[from] brn
|turn|3
|join|113aac
|
|move|p2a: Landorus-Therian|Stealth Rock|p1a: Ferrothorn
|-sidestart|p1: TheEnder|move: Stealth Rock
|move|p1a: Ferrothorn|Spikes|p2a: Landorus-Therian
|-sidestart|p2: Mounts|Spikes
|
|-weather|Sandstorm|[upkeep]
|-heal|p2a: Landorus-Therian|358\/382|[from] item: Leftovers
|-heal|p1a: Ferrothorn|322\/352 brn|[from] item: Leftovers
|-damage|p2a: Landorus-Therian|311\/382|[from] Leech Seed|[of] p1a: Ferrothorn
|-heal|p1a: Ferrothorn|352\/352 brn|[silent]
|-damage|p1a: Ferrothorn|308\/352 brn|[from] brn
|turn|4
|leave|113aac
|join|CleanerThanRotom-W
|
|switch|p2a: Azelf|Azelf|291\/291
|move|p1a: Ferrothorn|Leech Seed|p2a: Azelf
|-start|p2a: Azelf|move: Leech Seed
|
|-weather|Sandstorm|[upkeep]
|-damage|p2a: Azelf|273\/291|[from] sandstorm
|-heal|p1a: Ferrothorn|330\/352 brn|[from] item: Leftovers
|-damage|p2a: Azelf|237\/291|[from] Leech Seed|[of] p1a: Ferrothorn
|-heal|p1a: Ferrothorn|352\/352 brn|[silent]
|-damage|p1a: Ferrothorn|308\/352 brn|[from] brn
|turn|5
|leave|CleanerThanRotom-W
|
|switch|p2a: Lopunny|Lopunny, F|271\/271
|-damage|p2a: Lopunny|238\/271|[from] Spikes
|switch|p1a: Tyranitar|Tyranitar, M|341\/341
|-damage|p1a: Tyranitar|299\/341|[from] Stealth Rock
|
|-weather|none
|turn|6
|
|detailschange|p2a: Lopunny|Lopunny-Mega, F
|-mega|p2a: Lopunny|Lopunny|Lopunnite
|move|p1a: Tyranitar|Superpower|p2a: Lopunny
|-supereffective|p2a: Lopunny
|-damage|p2a: Lopunny|0 fnt
|-unboost|p1a: Tyranitar|atk|1
|-unboost|p1a: Tyranitar|def|1
|faint|p2a: Lopunny
|
|
|switch|p2a: Landorus-Therian|Landorus-Therian, M|311\/382
|-ability|p2a: Landorus-Therian|Intimidate|[of] p1a: Tyranitar
|-unboost|p1a: Tyranitar|atk|1
|turn|7
|
|switch|p1a: Landorus|Landorus, M|319\/319
|-damage|p1a: Landorus|280\/319|[from] Stealth Rock
|move|p2a: Landorus-Therian|U-turn|p1a: Landorus
|-resisted|p1a: Landorus
|-damage|p1a: Landorus|235\/319
|
|switch|p2a: Azelf|Azelf|237\/291
|
|turn|8
|
|move|p2a: Azelf|Hidden Power|p1a: Landorus
|-supereffective|p1a: Landorus
|-damage|p1a: Landorus|0 fnt
|-damage|p2a: Azelf|208\/291|[from] item: Life Orb
|faint|p1a: Landorus
|
|
|switch|p1a: Tyranitar|Tyranitar, M|299\/341
|-damage|p1a: Tyranitar|257\/341|[from] Stealth Rock
|-weather|Sandstorm
|turn|9
|
|move|p1a: Tyranitar|Pursuit|p2a: Azelf
|-supereffective|p2a: Azelf
|-damage|p2a: Azelf|20\/291
|move|p2a: Azelf|Thunderbolt|p1a: Tyranitar
|-damage|p1a: Tyranitar|165\/341
|-damage|p2a: Azelf|0 fnt|[from] item: Life Orb
|faint|p2a: Azelf
|
|-weather|Sandstorm|[upkeep]
|
|switch|p2a: Bisharp|Bisharp, M|271\/271
|-damage|p2a: Bisharp|238\/271|[from] Spikes
|turn|10
|c| IAmGingy|is that an eblet azelf
|c| IAmGingy|LOL
|c|âTheEnder|dats a lo azelf - lord
|
|switch|p1a: Suicune|Suicune|404\/404
|-damage|p1a: Suicune|354\/404|[from] Stealth Rock
|-ability|p1a: Suicune|Pressure
|move|p2a: Bisharp|Swords Dance|p2a: Bisharp
|-boost|p2a: Bisharp|atk|2
|
|-weather|Sandstorm|[upkeep]
|-damage|p1a: Suicune|329\/404|[from] sandstorm
|-heal|p1a: Suicune|354\/404|[from] item: Leftovers
|turn|11
|c| IAmGingy|oh im blind
|c|âTheEnder|outl hele we go
|c| IAmGingy|AH
|
|move|p2a: Bisharp|Knock Off|p1a: Suicune
|-damage|p1a: Suicune|45\/404
|-enditem|p1a: Suicune|Leftovers|[from] move: Knock Off|[of] p2a: Bisharp
|-damage|p2a: Bisharp|211\/271|[from] item: Life Orb
|move|p1a: Suicune|Scald|p2a: Bisharp
|-damage|p2a: Bisharp|102\/271
|
|-weather|Sandstorm|[upkeep]
|-damage|p1a: Suicune|20\/404|[from] sandstorm
|turn|12
|c| IAmGingy|HE BROUGHT
|c| IAmGingy|THE ENDER COUNTER
|
|move|p2a: Bisharp|Knock Off|p1a: Suicune
|-damage|p1a: Suicune|0 fnt
|-damage|p2a: Bisharp|75\/271|[from] item: Life Orb
|faint|p1a: Suicune
|
|-weather|Sandstorm|[upkeep]
|
|switch|p1a: Clefable|Clefable, M|393\/393
|-damage|p1a: Clefable|344\/393|[from] Stealth Rock
|turn|13
|
|switch|p1a: Ferrothorn|Ferrothorn, F|308\/352 brn
|-damage|p1a: Ferrothorn|286\/352 brn|[from] Stealth Rock
|move|p2a: Bisharp|Knock Off|p1a: Ferrothorn
|-damage|p1a: Ferrothorn|0 fnt
|-damage|p2a: Bisharp|42\/271|[from] ability: Iron Barbs|[of] p1a: Ferrothorn
|-enditem|p1a: Ferrothorn|Leftovers|[from] move: Knock Off|[of] p2a: Bisharp
|-damage|p2a: Bisharp|15\/271|[from] item: Life Orb
|faint|p1a: Ferrothorn
|
|-weather|none
|c|âTheEnder|rekt
|c| IAmGingy|omg
|c|âTheEnder|:[
|c|âTheEnder|jaja
|
|switch|p1a: Tyranitar|Tyranitar, M|165\/341
|-damage|p1a: Tyranitar|123\/341|[from] Stealth Rock
|-weather|Sandstorm
|turn|14
|c| IAmGingy|get fucking predicted
|c| IAmGingy|LOL
|
|move|p2a: Bisharp|Sucker Punch|p1a: Tyranitar
|-resisted|p1a: Tyranitar
|-damage|p1a: Tyranitar|0 fnt
|-damage|p2a: Bisharp|0 fnt|[from] item: Life Orb
|faint|p1a: Tyranitar
|faint|p2a: Bisharp
|
|-weather|Sandstorm|[upkeep]
|
|switch|p2a: Landorus-Therian|Landorus-Therian, M|311\/382
|switch|p1a: Altaria|Altaria, M|353\/353
|-ability|p2a: Landorus-Therian|Intimidate|[of] p1a: Altaria
|-unboost|p1a: Altaria|atk|1
|-damage|p1a: Altaria|265\/353|[from] Stealth Rock
|-ability|p1a: Altaria|Cloud Nine
|turn|15
|c| IAmGingy|welp
|c| IAmGingy|gg
|
|move|p2a: Landorus-Therian|Toxic|p1a: Altaria
|-status|p1a: Altaria|tox
|move|p1a: Altaria|Roost|p1a: Altaria
|-heal|p1a: Altaria|353\/353 tox
|
|-weather|Sandstorm|[upkeep]
|-heal|p2a: Landorus-Therian|334\/382|[from] item: Leftovers
|-damage|p1a: Altaria|331\/353 tox|[from] psn
|turn|16
|c| IAmGingy|u tried mounts
|c|âTheEnder|lol
|c| IAmGingy|OML
|c| IAmGingy|MEVERMIND
|c| IAmGingy|LOL
|
|detailschange|p1a: Altaria|Altaria-Mega, M
|-mega|p1a: Altaria|Altaria|Altarianite
|move|p2a: Landorus-Therian|U-turn|p1a: Altaria
|-resisted|p1a: Altaria
|-damage|p1a: Altaria|305\/353 tox
|
|switch|p2a: Garchomp|Garchomp, M|357\/357
|-damage|p2a: Garchomp|313\/357|[from] Spikes
|move|p1a: Altaria|Hyper Voice|p2a: Garchomp
|-supereffective|p2a: Garchomp
|-damage|p2a: Garchomp|0 fnt
|faint|p2a: Garchomp
|
|-weather|Sandstorm|[upkeep]
|-damage|p1a: Altaria|283\/353 tox|[from] sandstorm
|-damage|p1a: Altaria|239\/353 tox|[from] psn
|c|âTheEnder|dats fucking innovation
|c|âTheEnder|imo
|
|switch|p2a: Landorus-Therian|Landorus-Therian, M|334\/382
|-ability|p2a: Landorus-Therian|Intimidate|[of] p1a: Altaria
|-unboost|p1a: Altaria|atk|1
|turn|17
|
|move|p2a: Landorus-Therian|Earthquake|p1a: Altaria
|-damage|p1a: Altaria|112\/353 tox
|move|p1a: Altaria|Hyper Voice|p2a: Landorus-Therian
|-damage|p2a: Landorus-Therian|142\/382
|
|-weather|Sandstorm|[upkeep]
|-damage|p1a: Altaria|90\/353 tox|[from] sandstorm
|-heal|p2a: Landorus-Therian|165\/382|[from] item: Leftovers
|-damage|p1a: Altaria|24\/353 tox|[from] psn
|turn|18
|c|âTheEnder|ah we got dis
|
|move|p2a: Landorus-Therian|Earthquake|p1a: Altaria
|-damage|p1a: Altaria|0 fnt
|faint|p1a: Altaria
|
|-weather|none
|-heal|p2a: Landorus-Therian|188\/382|[from] item: Leftovers
|
|switch|p1a: Clefable|Clefable, M|344\/393
|-damage|p1a: Clefable|295\/393|[from] Stealth Rock
|turn|19
|
|move|p2a: Landorus-Therian|Toxic|p1a: Clefable
|-status|p1a: Clefable|tox
|move|p1a: Clefable|Moonblast|p2a: Landorus-Therian
|-crit|p2a: Landorus-Therian
|-damage|p2a: Landorus-Therian|0 fnt
|faint|p2a: Landorus-Therian
|
|-heal|p1a: Clefable|319\/393 tox|[from] item: Leftovers
|-damage|p1a: Clefable|295\/393 tox|[from] psn
|c|âTheEnder|nicz
|
|switch|p2a: Rotom-Wash|Rotom-Wash|304\/304
|turn|20
|c| IAmGingy|ur
|
|move|p2a: Rotom-Wash|Hydro Pump|p1a: Clefable
|-damage|p1a: Clefable|154\/393 tox
|move|p1a: Clefable|Wish|p1a: Clefable
|
|-heal|p1a: Clefable|178\/393 tox|[from] item: Leftovers
|-damage|p1a: Clefable|130\/393 tox|[from] psn
|turn|21
|c| IAmGingy|heal bell?
|c|âTheEnder|no lol
|c|âTheEnder|i lose
|
|move|p2a: Rotom-Wash|Hydro Pump|p1a: Clefable
|-damage|p1a: Clefable|0 fnt
|faint|p1a: Clefable
|
|win|Mounts
|raw|Ladder updating...
|c|âTheEnder|geegee
|raw|TheEnder's rating: 1744 &rarr; <strong>1721<\/strong><br \/>(-23 for losing)
|raw|Mounts's rating: 1692 &rarr; <strong>1715<\/strong><br \/>(+23 for winning)
|c|âMounts|gg
|c| IAmGingy|welp,,,
|c| IAmGingy|gg