|join|Mounts
|join|aj14
|player|p1|Mounts|101
|player|p2|aj14|70
|gametype|singles
|gen|6
|tier|OU
|rated
|clearpoke
|poke|p1|Sableye, M
|poke|p1|Sylveon, M
|poke|p1|Jirachi
|poke|p1|Dragonite, M
|poke|p1|Landorus-Therian, M
|poke|p1|Poliwrath, F
|poke|p2|Politoed, M
|poke|p2|Feraligatr, M
|poke|p2|Serperior, F
|poke|p2|Diancie
|poke|p2|Latios, M
|poke|p2|Landorus-Therian, M
|rule|Swagger Clause: Swagger is banned
|rule|Baton Pass Clause: Limit one PokÃ©mon knowing Baton Pass
|rule|Sleep Clause Mod: Limit one foe put to sleep
|rule|Species Clause: Limit one of each PokÃ©mon
|rule|OHKO Clause: OHKO moves are banned
|rule|Moody Clause: Moody is banned
|rule|Evasion Moves Clause: Evasion moves are banned
|rule|Endless Battle Clause: Forcing endless battles is banned
|rule|HP Percentage Mod: HP is shown in percentages
|teampreview
|
|start
|switch|p1a: Stardust|Jirachi|404\/404
|switch|p2a: Politoed|Politoed, M|339\/339
|-weather|RainDance
|turn|1
|
|move|p1a: Stardust|Stealth Rock|p2a: Politoed
|-sidestart|p2: aj14|move: Stealth Rock
|move|p2a: Politoed|Hydro Pump|p1a: Stardust
|-crit|p1a: Stardust
|-damage|p1a: Stardust|0 fnt
|faint|p1a: Stardust
|
|-weather|RainDance|[upkeep]
|
|switch|p1a: St. Germain|Poliwrath, F|384\/384
|turn|2
|
|switch|p2a: Latios|Latios, M|301\/301
|-damage|p2a: Latios|264\/301|[from] Stealth Rock
|move|p1a: St. Germain|Circle Throw|p2a: Latios
|-resisted|p2a: Latios
|-damage|p2a: Latios|205\/301
|drag|p2a: Serperior|Serperior, F|291\/291
|-damage|p2a: Serperior|255\/291|[from] Stealth Rock
|
|-weather|RainDance|[upkeep]
|-heal|p2a: Serperior|273\/291|[from] item: Leftovers
|turn|3
|
|move|p2a: Serperior|Leaf Storm|p1a: St. Germain
|-supereffective|p1a: St. Germain
|-damage|p1a: St. Germain|28\/384
|-boost|p2a: Serperior|spa|2
|move|p1a: St. Germain|Circle Throw|p2a: Serperior
|-damage|p2a: Serperior|177\/291
|drag|p2a: Diancie|Diancie|241\/241
|-damage|p2a: Diancie|211\/241|[from] Stealth Rock
|
|-weather|RainDance|[upkeep]
|-heal|p1a: St. Germain|52\/384|[from] item: Leftovers
|turn|4
|
|detailschange|p2a: Diancie|Diancie-Mega
|-mega|p2a: Diancie|Diancie|Diancite
|move|p2a: Diancie|Moonblast|p1a: St. Germain
|-supereffective|p1a: St. Germain
|-damage|p1a: St. Germain|0 fnt
|faint|p1a: St. Germain
|
|-weather|RainDance|[upkeep]
|
|switch|p1a: Le Knight Club|Landorus-Therian, M|319\/319
|-ability|p1a: Le Knight Club|Intimidate|[of] p2a: Diancie
|-unboost|p2a: Diancie|atk|1
|turn|5
|
|move|p2a: Diancie|Protect|p2a: Diancie
|-singleturn|p2a: Diancie|Protect
|move|p1a: Le Knight Club|Earthquake|p2a: Diancie
|-activate|p2a: Diancie|Protect
|
|-weather|none
|turn|6
|
|switch|p1a: Motorbass|Dragonite, M|324\/324
|switch|p2a: Landorus-Therian|Landorus-Therian, M|381\/381
|-damage|p2a: Landorus-Therian|334\/381|[from] Stealth Rock
|-ability|p2a: Landorus-Therian|Intimidate|[of] p1a: Motorbass
|-unboost|p1a: Motorbass|atk|1
|
|-heal|p2a: Landorus-Therian|357\/381|[from] item: Leftovers
|turn|7
|
|switch|p1a: Lady Hear me Tonig|Sylveon, M|393\/393
|move|p2a: Landorus-Therian|U-turn|p1a: Lady Hear me Tonig
|-resisted|p1a: Lady Hear me Tonig
|-damage|p1a: Lady Hear me Tonig|339\/393
|
|switch|p2a: Politoed|Politoed, M|339\/339
|-damage|p2a: Politoed|297\/339|[from] Stealth Rock
|-weather|RainDance
|
|-weather|RainDance|[upkeep]
|turn|8
|
|move|p2a: Politoed|Hydro Pump|p1a: Lady Hear me Tonig|[miss]
|-miss|p2a: Politoed|p1a: Lady Hear me Tonig
|move|p1a: Lady Hear me Tonig|Hyper Voice|p2a: Politoed
|-damage|p2a: Politoed|0 fnt
|faint|p2a: Politoed
|
|-weather|RainDance|[upkeep]
|
|switch|p2a: Feraligatr|Feraligatr, M|345\/345
|-damage|p2a: Feraligatr|302\/345|[from] Stealth Rock
|turn|9
|
|move|p2a: Feraligatr|Waterfall|p1a: Lady Hear me Tonig
|-crit|p1a: Lady Hear me Tonig
|-damage|p1a: Lady Hear me Tonig|0 fnt
|faint|p1a: Lady Hear me Tonig
|
|-weather|RainDance|[upkeep]
|
|switch|p1a: Sedat|Sableye, M|304\/304
|turn|10
|
|switch|p2a: Diancie|Diancie-Mega|211\/241
|-damage|p2a: Diancie|181\/241|[from] Stealth Rock
|switch|p1a: Le Knight Club|Landorus-Therian, M|319\/319
|-ability|p1a: Le Knight Club|Intimidate|[of] p2a: Diancie
|-unboost|p2a: Diancie|atk|1
|
|-weather|RainDance|[upkeep]
|turn|11
|
|move|p2a: Diancie|Protect|p2a: Diancie
|-singleturn|p2a: Diancie|Protect
|move|p1a: Le Knight Club|Earthquake|p2a: Diancie
|-activate|p2a: Diancie|Protect
|
|-weather|none
|turn|12
|
|switch|p1a: Sedat|Sableye, M|304\/304
|switch|p2a: Latios|Latios, M|205\/301
|-damage|p2a: Latios|168\/301|[from] Stealth Rock
|
|turn|13
|
|move|p1a: Sedat|Calm Mind|p1a: Sedat
|-boost|p1a: Sedat|spa|1
|-boost|p1a: Sedat|spd|1
|move|p2a: Latios|Draco Meteor|p1a: Sedat
|-damage|p1a: Sedat|0 fnt
|-unboost|p2a: Latios|spa|2
|faint|p1a: Sedat
|
|
|switch|p1a: Motorbass|Dragonite, M|324\/324
|turn|14
|
|switch|p2a: Landorus-Therian|Landorus-Therian, M|357\/381
|-damage|p2a: Landorus-Therian|310\/381|[from] Stealth Rock
|-ability|p2a: Landorus-Therian|Intimidate|[of] p1a: Motorbass
|-unboost|p1a: Motorbass|atk|1
|move|p1a: Motorbass|Dragon Dance|p1a: Motorbass
|-boost|p1a: Motorbass|atk|1
|-boost|p1a: Motorbass|spe|1
|
|-heal|p2a: Landorus-Therian|333\/381|[from] item: Leftovers
|turn|15
|
|move|p1a: Motorbass|Dragon Dance|p1a: Motorbass
|-boost|p1a: Motorbass|atk|1
|-boost|p1a: Motorbass|spe|1
|move|p2a: Landorus-Therian|Knock Off|p1a: Motorbass
|-damage|p1a: Motorbass|272\/324
|-enditem|p1a: Motorbass|Lum Berry|[from] move: Knock Off|[of] p2a: Landorus-Therian
|
|-heal|p2a: Landorus-Therian|356\/381|[from] item: Leftovers
|turn|16
|
|move|p1a: Motorbass|Dragon Dance|p1a: Motorbass
|-boost|p1a: Motorbass|atk|1
|-boost|p1a: Motorbass|spe|1
|move|p2a: Landorus-Therian|U-turn|p1a: Motorbass
|-resisted|p1a: Motorbass
|-damage|p1a: Motorbass|235\/324
|
|switch|p2a: Feraligatr|Feraligatr, M|302\/345
|-damage|p2a: Feraligatr|259\/345|[from] Stealth Rock
|
|turn|17
|
|move|p1a: Motorbass|Earthquake|p2a: Feraligatr
|-damage|p2a: Feraligatr|0 fnt
|faint|p2a: Feraligatr
|
|
|switch|p2a: Landorus-Therian|Landorus-Therian, M|356\/381
|-damage|p2a: Landorus-Therian|309\/381|[from] Stealth Rock
|-ability|p2a: Landorus-Therian|Intimidate|[of] p1a: Motorbass
|-unboost|p1a: Motorbass|atk|1
|turn|18
|
|move|p1a: Motorbass|Extreme Speed|p2a: Landorus-Therian
|-damage|p2a: Landorus-Therian|192\/381
|move|p2a: Landorus-Therian|Knock Off|p1a: Motorbass
|-damage|p1a: Motorbass|162\/324
|
|-heal|p2a: Landorus-Therian|215\/381|[from] item: Leftovers
|turn|19
|
|move|p1a: Motorbass|Dragon Dance|p1a: Motorbass
|-boost|p1a: Motorbass|atk|1
|-boost|p1a: Motorbass|spe|1
|move|p2a: Landorus-Therian|Knock Off|p1a: Motorbass
|-damage|p1a: Motorbass|84\/324
|
|-heal|p2a: Landorus-Therian|238\/381|[from] item: Leftovers
|turn|20
|
|move|p1a: Motorbass|Extreme Speed|p2a: Landorus-Therian
|-damage|p2a: Landorus-Therian|63\/381
|move|p2a: Landorus-Therian|U-turn|p1a: Motorbass
|-crit|p1a: Motorbass
|-resisted|p1a: Motorbass
|-damage|p1a: Motorbass|26\/324
|
|switch|p2a: Latios|Latios, M|168\/301
|-damage|p2a: Latios|131\/301|[from] Stealth Rock
|
|turn|21
|
|switch|p2a: Landorus-Therian|Landorus-Therian, M|63\/381
|-damage|p2a: Landorus-Therian|16\/381|[from] Stealth Rock
|-ability|p2a: Landorus-Therian|Intimidate|[of] p1a: Motorbass
|-unboost|p1a: Motorbass|atk|1
|move|p1a: Motorbass|Extreme Speed|p2a: Landorus-Therian
|-damage|p2a: Landorus-Therian|0 fnt
|faint|p2a: Landorus-Therian
|
|
|switch|p2a: Serperior|Serperior, F|177\/291
|-damage|p2a: Serperior|141\/291|[from] Stealth Rock
|turn|22
|
|move|p1a: Motorbass|Extreme Speed|p2a: Serperior
|-damage|p2a: Serperior|0 fnt
|faint|p2a: Serperior
|
|-message|aj14 forfeited.
|leave|aj14
|
|win|Mounts
|raw|Ladder updating...
|player|p2