|join|Mounts
|join|Dragon Stone
|player|p1|Mounts|101
|player|p2|Dragon Stone|151
|gametype|singles
|gen|6
|tier|OU
|rated
|clearpoke
|poke|p1|Gallade, M
|poke|p1|Bisharp, M
|poke|p1|Landorus-Therian, M
|poke|p1|Rotom-Wash
|poke|p1|Azelf
|poke|p1|Garchomp, F
|poke|p2|Gengar, M
|poke|p2|Meloetta
|poke|p2|Conkeldurr, M
|poke|p2|Ferrothorn, M
|poke|p2|Swampert, M
|poke|p2|Landorus, M
|rule|Swagger Clause: Swagger is banned
|rule|Baton Pass Clause: Limit one PokÃ©mon knowing Baton Pass
|rule|Sleep Clause Mod: Limit one foe put to sleep
|rule|Species Clause: Limit one of each PokÃ©mon
|rule|OHKO Clause: OHKO moves are banned
|rule|Moody Clause: Moody is banned
|rule|Evasion Moves Clause: Evasion moves are banned
|rule|Endless Battle Clause: Forcing endless battles is banned
|rule|HP Percentage Mod: HP is shown in percentages
|teampreview
|
|start
|switch|p1a: Landorus-Therian|Landorus-Therian, M|382\/382
|switch|p2a: Heihachi|Conkeldurr, M|383\/383
|-ability|p1a: Landorus-Therian|Intimidate|[of] p2a: Heihachi
|-unboost|p2a: Heihachi|atk|1
|turn|1
|
|switch|p2a: Tytannial|Ferrothorn, M|352\/352
|move|p1a: Landorus-Therian|Stealth Rock|p2a: Tytannial
|-sidestart|p2: Dragon Stone|move: Stealth Rock
|
|turn|2
|
|switch|p1a: Rotom-Wash|Rotom-Wash|304\/304
|move|p2a: Tytannial|Stealth Rock|p1a: Rotom-Wash
|-sidestart|p1: Mounts|move: Stealth Rock
|
|turn|3
|
|move|p1a: Rotom-Wash|Will-O-Wisp|p2a: Tytannial
|-status|p2a: Tytannial|brn
|move|p2a: Tytannial|Spikes|p1a: Rotom-Wash
|-sidestart|p1: Mounts|Spikes
|
|-damage|p2a: Tytannial|308\/352 brn|[from] brn
|turn|4
|
|move|p1a: Rotom-Wash|Volt Switch|p2a: Tytannial
|-resisted|p2a: Tytannial
|-damage|p2a: Tytannial|272\/352 brn
|
|switch|p1a: Azelf|Azelf|291\/291
|-damage|p1a: Azelf|255\/291|[from] Stealth Rock
|move|p2a: Tytannial|Spikes|p1a: Azelf
|-sidestart|p1: Mounts|Spikes
|
|-damage|p2a: Tytannial|228\/352 brn|[from] brn
|turn|5
|
|move|p1a: Azelf|Fire Blast|p2a: Tytannial
|-supereffective|p2a: Tytannial
|-damage|p2a: Tytannial|0 fnt
|-damage|p1a: Azelf|226\/291|[from] item: Life Orb
|faint|p2a: Tytannial
|
|
|switch|p2a: Enten|Landorus, M|319\/319
|-damage|p2a: Enten|280\/319|[from] Stealth Rock
|turn|6
|
|move|p1a: Azelf|Hidden Power|p2a: Enten
|-supereffective|p2a: Enten
|-damage|p2a: Enten|0 fnt
|-damage|p1a: Azelf|197\/291|[from] item: Life Orb
|faint|p2a: Enten
|
|
|switch|p2a: Zelda|Meloetta|404\/404
|-damage|p2a: Zelda|354\/404|[from] Stealth Rock
|turn|7
|
|switch|p1a: Landorus-Therian|Landorus-Therian, M|382\/382
|-damage|p1a: Landorus-Therian|335\/382|[from] Stealth Rock
|-ability|p1a: Landorus-Therian|Intimidate|[of] p2a: Zelda
|-unboost|p2a: Zelda|atk|1
|move|p2a: Zelda|Psyshock|p1a: Landorus-Therian
|-damage|p1a: Landorus-Therian|242\/382
|
|-heal|p1a: Landorus-Therian|265\/382|[from] item: Leftovers
|-heal|p2a: Zelda|379\/404|[from] item: Leftovers
|turn|8
|
|switch|p2a: Phantom|Gengar, M|262\/262
|-damage|p2a: Phantom|230\/262|[from] Stealth Rock
|move|p1a: Landorus-Therian|Toxic|p2a: Phantom
|-fail|p2a: Phantom
|
|-heal|p1a: Landorus-Therian|288\/382|[from] item: Leftovers
|turn|9
|
|move|p2a: Phantom|Shadow Ball|p1a: Landorus-Therian
|-damage|p1a: Landorus-Therian|58\/382
|-damage|p2a: Phantom|204\/262|[from] item: Life Orb
|move|p1a: Landorus-Therian|U-turn|p2a: Phantom
|-resisted|p2a: Phantom
|-damage|p2a: Phantom|176\/262
|
|switch|p1a: Azelf|Azelf|197\/291
|-damage|p1a: Azelf|161\/291|[from] Stealth Rock
|
|turn|10
|
|switch|p2a: Zelda|Meloetta|379\/404
|-damage|p2a: Zelda|329\/404|[from] Stealth Rock
|move|p1a: Azelf|Fire Blast|p2a: Zelda
|-damage|p2a: Zelda|206\/404
|-damage|p1a: Azelf|132\/291|[from] item: Life Orb
|
|-heal|p2a: Zelda|231\/404|[from] item: Leftovers
|turn|11
|
|switch|p1a: Landorus-Therian|Landorus-Therian, M|58\/382
|-damage|p1a: Landorus-Therian|11\/382|[from] Stealth Rock
|-ability|p1a: Landorus-Therian|Intimidate|[of] p2a: Zelda
|-unboost|p2a: Zelda|atk|1
|move|p2a: Zelda|Psyshock|p1a: Landorus-Therian
|-crit|p1a: Landorus-Therian
|-damage|p1a: Landorus-Therian|0 fnt
|faint|p1a: Landorus-Therian
|
|-heal|p2a: Zelda|256\/404|[from] item: Leftovers
|
|switch|p1a: Gallade|Gallade, M|278\/278
|-damage|p1a: Gallade|232\/278|[from] Spikes
|-damage|p1a: Gallade|215\/278|[from] Stealth Rock
|turn|12
|
|detailschange|p1a: Gallade|Gallade-Mega, M
|-mega|p1a: Gallade|Gallade|Galladite
|move|p1a: Gallade|Knock Off|p2a: Zelda
|-supereffective|p2a: Zelda
|-damage|p2a: Zelda|34\/404
|-enditem|p2a: Zelda|Leftovers|[from] move: Knock Off|[of] p1a: Gallade
|move|p2a: Zelda|Psyshock|p1a: Gallade
|-damage|p1a: Gallade|94\/278
|
|turn|13
|
|move|p1a: Gallade|Psycho Cut|p2a: Zelda
|-crit|p2a: Zelda
|-resisted|p2a: Zelda
|-damage|p2a: Zelda|0 fnt
|faint|p2a: Zelda
|
|
|switch|p2a: Phantom|Gengar, M|176\/262
|-damage|p2a: Phantom|144\/262|[from] Stealth Rock
|turn|14
|
|move|p1a: Gallade|Psycho Cut|p2a: Phantom
|-crit|p2a: Phantom
|-supereffective|p2a: Phantom
|-damage|p2a: Phantom|0 fnt
|faint|p2a: Phantom
|
|
|switch|p2a: Predator|Swampert, M|404\/404
|-damage|p2a: Predator|379\/404|[from] Stealth Rock
|turn|15
|
|detailschange|p2a: Predator|Swampert-Mega, M
|-mega|p2a: Predator|Swampert|Swampertite
|move|p1a: Gallade|Close Combat|p2a: Predator
|-damage|p2a: Predator|135\/404
|-unboost|p1a: Gallade|def|1
|-unboost|p1a: Gallade|spd|1
|move|p2a: Predator|Curse|p2a: Predator
|-boost|p2a: Predator|atk|1
|-boost|p2a: Predator|def|1
|-unboost|p2a: Predator|spe|1
|
|turn|16
|c|âDragon Stone|pls don't go to rotom
|
|move|p1a: Gallade|Close Combat|p2a: Predator
|-damage|p2a: Predator|0 fnt
|-unboost|p1a: Gallade|def|1
|-unboost|p1a: Gallade|spd|1
|faint|p2a: Predator
|
|c|âMounts|no need to :)
|c|âDragon Stone|did you know my set?
|c|âMounts|no
|
|switch|p2a: Heihachi|Conkeldurr, M|383\/383
|-damage|p2a: Heihachi|360\/383|[from] Stealth Rock
|turn|17
|c|âMounts|but i had several possibilities to revenge kill
|
|move|p2a: Heihachi|Mach Punch|p1a: Gallade
|-resisted|p1a: Gallade
|-damage|p1a: Gallade|17\/278
|move|p1a: Gallade|Psycho Cut|p2a: Heihachi
|-supereffective|p2a: Heihachi
|-damage|p2a: Heihachi|60\/383
|
|turn|18
|c|âMounts|gg
|c|âDragon Stone|no
|
|move|p2a: Heihachi|Mach Punch|p1a: Gallade
|-resisted|p1a: Gallade
|-damage|p1a: Gallade|0 fnt
|faint|p1a: Gallade
|
|c|âDragon Stone|I was curse resttalk
|c|âDragon Stone|..
|c|âDragon Stone|I could've swept ur entire team from start
|c|âMounts|lol
|
|switch|p1a: Garchomp|Garchomp, F|357\/357
|-damage|p1a: Garchomp|298\/357|[from] Spikes
|-damage|p1a: Garchomp|276\/357|[from] Stealth Rock
|turn|19
|c|âMounts|no way man
|c|âDragon Stone|yep
|c|âMounts|lol
|c|âDragon Stone|max hp max spdef
|
|move|p1a: Garchomp|Outrage|p2a: Heihachi
|-damage|p2a: Heihachi|0 fnt
|faint|p2a: Heihachi
|
|win|Mounts
|raw|Ladder updating...
|c|âDragon Stone|swampert
|raw|Mounts's rating: 1650 &rarr; <strong>1668<\/strong><br \/>(+18 for winning)
|raw|Dragon Stone's rating: 1611 &rarr; <strong>1593<\/strong><br \/>(-18 for losing)
|c|âDragon Stone|the hydro does 21%
|c|âMounts|i dont give a fuck
|c|âMounts|i played the best thing i could
|c|âMounts|see ya
|c|âDragon Stone|ya cya