|join|Mounts
|join|MoB Barley
|player|p1|Mounts|101
|player|p2|MoB Barley|161
|gametype|singles
|gen|6
|tier|OU
|rated
|clearpoke
|poke|p1|Gallade, M
|poke|p1|Bisharp, F
|poke|p1|Landorus-Therian, M
|poke|p1|Rotom-Wash
|poke|p1|Azelf
|poke|p1|Garchomp, M
|poke|p2|Diancie, shiny
|poke|p2|Hydreigon, M, shiny
|poke|p2|Magnezone
|poke|p2|Jirachi, shiny
|poke|p2|Landorus-Therian, M
|poke|p2|Azumarill, M
|rule|Swagger Clause: Swagger is banned
|rule|Baton Pass Clause: Limit one PokÃ©mon knowing Baton Pass
|rule|Sleep Clause Mod: Limit one foe put to sleep
|rule|Species Clause: Limit one of each PokÃ©mon
|rule|OHKO Clause: OHKO moves are banned
|rule|Moody Clause: Moody is banned
|rule|Evasion Moves Clause: Evasion moves are banned
|rule|Endless Battle Clause: Forcing endless battles is banned
|rule|HP Percentage Mod: HP is shown in percentages
|teampreview
|
|start
|switch|p1a: Landorus-Therian|Landorus-Therian, M|382\/382
|switch|p2a: Angel|Diancie, shiny|241\/241
|-ability|p1a: Landorus-Therian|Intimidate|[of] p2a: Angel
|-fail|p2a: Angel|unboost|[from] ability: Clear Body|[of] p2a: Angel
|turn|1
|join|Ropter
|
|detailschange|p2a: Angel|Diancie-Mega, shiny
|-mega|p2a: Angel|Diancie|Diancite
|move|p2a: Angel|Protect|p2a: Angel
|-singleturn|p2a: Angel|Protect
|move|p1a: Landorus-Therian|Earthquake|p2a: Angel
|-activate|p2a: Angel|Protect
|
|turn|2
|
|switch|p2a: Iluminatti|Hydreigon, M, shiny|325\/325
|move|p1a: Landorus-Therian|Stealth Rock|p2a: Iluminatti
|-sidestart|p2: MoB Barley|move: Stealth Rock
|
|turn|3
|
|move|p2a: Iluminatti|Draco Meteor|p1a: Landorus-Therian
|-crit|p1a: Landorus-Therian
|-damage|p1a: Landorus-Therian|0 fnt
|-unboost|p2a: Iluminatti|spa|2
|-damage|p2a: Iluminatti|293\/325|[from] item: Life Orb
|faint|p1a: Landorus-Therian
|
|
|switch|p1a: Gallade|Gallade, M|278\/278
|turn|4
|join|ThE0testing
|join|Dyanna
|join|Laschero
|
|switch|p2a: land doge|Landorus-Therian, M|319\/319
|-damage|p2a: land doge|280\/319|[from] Stealth Rock
|-ability|p2a: land doge|Intimidate|[of] p1a: Gallade
|-unboost|p1a: Gallade|atk|1
|detailschange|p1a: Gallade|Gallade-Mega, M
|-mega|p1a: Gallade|Gallade|Galladite
|move|p1a: Gallade|Swords Dance|p1a: Gallade
|-boost|p1a: Gallade|atk|2
|
|turn|5
|
|move|p2a: land doge|Explosion|p1a: Gallade
|-damage|p1a: Gallade|0 fnt
|faint|p2a: land doge
|faint|p1a: Gallade
|
|
|switch|p1a: Garchomp|Garchomp, M|357\/357
|switch|p2a: Magneto|Magnezone|281\/281
|-damage|p2a: Magneto|264\/281|[from] Stealth Rock
|turn|6
|
|move|p1a: Garchomp|Dragon Claw|p2a: Magneto
|-resisted|p2a: Magneto
|-damage|p2a: Magneto|196\/281
|move|p2a: Magneto|Flash Cannon|p1a: Garchomp
|-damage|p1a: Garchomp|185\/357
|
|turn|7
|
|switch|p1a: Bisharp|Bisharp, F|271\/271
|switch|p2a: Starburst|Jirachi, shiny|404\/404
|-damage|p2a: Starburst|379\/404|[from] Stealth Rock
|
|-heal|p2a: Starburst|404\/404|[from] item: Leftovers
|turn|8
|
|move|p2a: Starburst|U-turn|p1a: Bisharp
|-crit|p1a: Bisharp
|-damage|p1a: Bisharp|185\/271
|join|ollopa
|
|switch|p2a: Iluminatti|Hydreigon, M, shiny|293\/325
|-damage|p2a: Iluminatti|253\/325|[from] Stealth Rock
|move|p1a: Bisharp|Swords Dance|p1a: Bisharp
|-boost|p1a: Bisharp|atk|2
|
|turn|9
|join|nintendistagamer
|
|move|p1a: Bisharp|Sucker Punch|p2a: Iluminatti
|-resisted|p2a: Iluminatti
|-damage|p2a: Iluminatti|36\/325
|-damage|p1a: Bisharp|158\/271|[from] item: Life Orb
|move|p2a: Iluminatti|Superpower|p1a: Bisharp
|-supereffective|p1a: Bisharp
|-damage|p1a: Bisharp|0 fnt
|-unboost|p2a: Iluminatti|atk|1
|-unboost|p2a: Iluminatti|def|1
|-damage|p2a: Iluminatti|4\/325|[from] item: Life Orb
|faint|p1a: Bisharp
|
|leave|nintendistagamer
|
|switch|p1a: Azelf|Azelf|291\/291
|turn|10
|join|Galactic Princess
|
|move|p1a: Azelf|Thunderbolt|p2a: Iluminatti
|-resisted|p2a: Iluminatti
|-damage|p2a: Iluminatti|0 fnt
|-damage|p1a: Azelf|262\/291|[from] item: Life Orb
|faint|p2a: Iluminatti
|
|
|switch|p2a: Starburst|Jirachi, shiny|404\/404
|-damage|p2a: Starburst|379\/404|[from] Stealth Rock
|turn|11
|
|move|p1a: Azelf|Fire Blast|p2a: Starburst
|-supereffective|p2a: Starburst
|-damage|p2a: Starburst|140\/404
|-damage|p1a: Azelf|233\/291|[from] item: Life Orb
|move|p2a: Starburst|Stealth Rock|p1a: Azelf
|-sidestart|p1: Mounts|move: Stealth Rock
|
|-heal|p2a: Starburst|165\/404|[from] item: Leftovers
|turn|12
|
|move|p1a: Azelf|Fire Blast|p2a: Starburst
|-crit|p2a: Starburst
|-supereffective|p2a: Starburst
|-damage|p2a: Starburst|0 fnt
|-damage|p1a: Azelf|204\/291|[from] item: Life Orb
|faint|p2a: Starburst
|
|
|switch|p2a: Angel|Diancie-Mega, shiny|241\/241
|-damage|p2a: Angel|211\/241|[from] Stealth Rock
|turn|13
|
|move|p1a: Azelf|Psychic|p2a: Angel
|-damage|p2a: Angel|0 fnt
|-damage|p1a: Azelf|175\/291|[from] item: Life Orb
|faint|p2a: Angel
|
|c|âMoB Barley|ffs i shouldv u turned
|
|switch|p2a: Wabbit Season|Azumarill, M|360\/360
|-damage|p2a: Wabbit Season|315\/360|[from] Stealth Rock
|turn|14
|
|move|p1a: Azelf|Thunderbolt|p2a: Wabbit Season
|-supereffective|p2a: Wabbit Season
|-damage|p2a: Wabbit Season|0 fnt
|-damage|p1a: Azelf|146\/291|[from] item: Life Orb
|faint|p2a: Wabbit Season
|
|-message|MoB Barley forfeited.
|leave|MoB Barley
|
|win|Mounts
|raw|Ladder updating...
|raw|Mounts's rating: 1693 &rarr; <strong>1719<\/strong><br \/>(+26 for winning)
|raw|MoB Barley's rating: 1800 &rarr; <strong>1774<\/strong><br \/>(-26 for losing)
|player|p2
|leave|Laschero