|join|s4rcasm
|join|Mounts
|player|p1|s4rcasm|279
|player|p2|Mounts|101
|gametype|singles
|gen|6
|tier|OU (suspect test)
|rated
|clearpoke
|poke|p1|Jirachi
|poke|p1|Bisharp, F
|poke|p1|Manectric, F
|poke|p1|Gliscor, M
|poke|p1|Sylveon, F, shiny
|poke|p1|Latios, M
|poke|p2|Sceptile, M
|poke|p2|Azelf
|poke|p2|Terrakion
|poke|p2|Landorus-Therian, M
|poke|p2|Bisharp, M
|poke|p2|Rotom-Wash
|rule|Swagger Clause: Swagger is banned
|rule|Baton Pass Clause: Limit one PokÃ©mon knowing Baton Pass
|rule|Sleep Clause Mod: Limit one foe put to sleep
|rule|Species Clause: Limit one of each PokÃ©mon
|rule|OHKO Clause: OHKO moves are banned
|rule|Moody Clause: Moody is banned
|rule|Evasion Moves Clause: Evasion moves are banned
|rule|Endless Battle Clause: Forcing endless battles is banned
|rule|HP Percentage Mod: HP is shown in percentages
|teampreview
|
|start
|switch|p1a: Wayne|Gliscor, M|354\/354
|switch|p2a: Gatorade|Rotom-Wash|304\/304
|turn|1
|
|move|p1a: Wayne|Protect|p1a: Wayne
|-singleturn|p1a: Wayne|Protect
|move|p2a: Gatorade|Will-O-Wisp|p1a: Wayne
|-activate|p1a: Wayne|Protect
|
|-status|p1a: Wayne|tox|[from] item: Toxic Orb
|turn|2
|
|switch|p1a: Anna|Sylveon, F, shiny|394\/394
|move|p2a: Gatorade|Volt Switch|p1a: Anna
|-crit|p1a: Anna
|-damage|p1a: Anna|313\/394
|
|switch|p2a: 200 kids outside|Bisharp, M|272\/272
|
|-heal|p1a: Anna|337\/394|[from] item: Leftovers
|turn|3
|
|switch|p1a: Wayne|Gliscor, M|354\/354 tox
|move|p2a: 200 kids outside|Iron Head|p1a: Wayne
|-damage|p1a: Wayne|218\/354 tox
|-damage|p2a: 200 kids outside|245\/272|[from] item: Life Orb
|
|-heal|p1a: Wayne|262\/354 tox|[from] ability: Poison Heal
|turn|4
|
|switch|p2a: P. Sherman|Landorus-Therian, M|382\/382
|-ability|p2a: P. Sherman|Intimidate|[of] p1a: Wayne
|-unboost|p1a: Wayne|atk|1
|move|p1a: Wayne|Earthquake|p2a: P. Sherman
|-immune|p2a: P. Sherman|[msg]
|
|-heal|p1a: Wayne|306\/354 tox|[from] ability: Poison Heal
|turn|5
|
|move|p1a: Wayne|Stealth Rock|p2a: P. Sherman
|-sidestart|p2: Mounts|move: Stealth Rock
|move|p2a: P. Sherman|Stealth Rock|p1a: Wayne
|-sidestart|p1: s4rcasm|move: Stealth Rock
|
|-heal|p1a: Wayne|350\/354 tox|[from] ability: Poison Heal
|turn|6
|
|move|p1a: Wayne|Toxic|p2a: P. Sherman
|-status|p2a: P. Sherman|tox
|move|p2a: P. Sherman|U-turn|p1a: Wayne
|-resisted|p1a: Wayne
|-damage|p1a: Wayne|327\/354 tox
|
|switch|p2a: Azelf|Azelf|291\/291
|-damage|p2a: Azelf|255\/291|[from] Stealth Rock
|
|-heal|p1a: Wayne|354\/354 tox|[from] ability: Poison Heal
|turn|7
|
|move|p1a: Wayne|Protect|p1a: Wayne
|-singleturn|p1a: Wayne|Protect
|move|p2a: Azelf|Psychic|p1a: Wayne
|-activate|p1a: Wayne|Protect
|
|turn|8
|
|switch|p1a: Anna|Sylveon, F, shiny|337\/394
|-damage|p1a: Anna|288\/394|[from] Stealth Rock
|move|p2a: Azelf|Hidden Power|p1a: Anna
|-damage|p1a: Anna|227\/394
|-damage|p2a: Azelf|226\/291|[from] item: Life Orb
|
|-heal|p1a: Anna|251\/394|[from] item: Leftovers
|turn|9
|
|move|p2a: Azelf|Psychic|p1a: Anna
|-damage|p1a: Anna|109\/394
|-damage|p2a: Azelf|197\/291|[from] item: Life Orb
|move|p1a: Anna|Moonblast|p2a: Azelf
|-damage|p2a: Azelf|40\/291
|
|-heal|p1a: Anna|133\/394|[from] item: Leftovers
|turn|10
|
|move|p1a: Anna|Protect|p1a: Anna
|-singleturn|p1a: Anna|Protect
|move|p2a: Azelf|Fire Blast|p1a: Anna
|-activate|p1a: Anna|Protect
|
|-heal|p1a: Anna|157\/394|[from] item: Leftovers
|turn|11
|
|switch|p2a: 200 kids outside|Bisharp, M|245\/272
|-damage|p2a: 200 kids outside|228\/272|[from] Stealth Rock
|move|p1a: Anna|Wish|p1a: Anna
|
|-heal|p1a: Anna|181\/394|[from] item: Leftovers
|turn|12
|
|move|p2a: 200 kids outside|Swords Dance|p2a: 200 kids outside
|-boost|p2a: 200 kids outside|atk|2
|move|p1a: Anna|Moonblast|p2a: 200 kids outside
|-damage|p2a: 200 kids outside|78\/272
|-unboost|p2a: 200 kids outside|spa|1
|-boost|p2a: 200 kids outside|atk|2|[from] ability: Defiant
|
|-heal|p1a: Anna|378\/394|[from] move: Wish|[wisher] Anna
|-heal|p1a: Anna|394\/394|[from] item: Leftovers
|turn|13
|
|switch|p1a: Casper|Latios, M|302\/302
|-damage|p1a: Casper|265\/302|[from] Stealth Rock
|move|p2a: 200 kids outside|Knock Off|p1a: Casper
|-supereffective|p1a: Casper
|-damage|p1a: Casper|0 fnt
|-enditem|p1a: Casper|Life Orb|[from] move: Knock Off|[of] p2a: 200 kids outside
|-damage|p2a: 200 kids outside|51\/272|[from] item: Life Orb
|faint|p1a: Casper
|
|
|switch|p1a: Android17|Bisharp, F|271\/271
|-damage|p1a: Android17|255\/271|[from] Stealth Rock
|turn|14
|
|switch|p2a: Gatorade|Rotom-Wash|304\/304
|-damage|p2a: Gatorade|266\/304|[from] Stealth Rock
|move|p1a: Android17|Knock Off|p2a: Gatorade
|-damage|p2a: Gatorade|133\/304
|-enditem|p2a: Gatorade|Leftovers|[from] move: Knock Off|[of] p1a: Android17
|
|turn|15
|
|switch|p1a: Vegeta|Manectric, F|282\/282
|-damage|p1a: Vegeta|247\/282|[from] Stealth Rock
|move|p2a: Gatorade|Pain Split|p1a: Vegeta
|-sethp|p1a: Vegeta|190\/282|p2a: Gatorade|190\/304|[from] move: Pain Split
|
|turn|16
|
|switch|p2a: P. Sherman|Landorus-Therian, M|382\/382 tox
|-damage|p2a: P. Sherman|335\/382 tox|[from] Stealth Rock
|-ability|p2a: P. Sherman|Intimidate|[of] p1a: Vegeta
|-unboost|p1a: Vegeta|atk|1
|detailschange|p1a: Vegeta|Manectric-Mega, F
|-mega|p1a: Vegeta|Manectric|Manectite
|-ability|p1a: Vegeta|Intimidate|[of] p2a: P. Sherman
|-unboost|p2a: P. Sherman|atk|1
|move|p1a: Vegeta|Thunderbolt|p2a: P. Sherman
|-immune|p2a: P. Sherman|[msg]
|
|-heal|p2a: P. Sherman|358\/382 tox|[from] item: Leftovers
|-damage|p2a: P. Sherman|335\/382 tox|[from] psn
|turn|17
|
|switch|p2a: Azelf|Azelf|40\/291
|-damage|p2a: Azelf|4\/291|[from] Stealth Rock
|move|p1a: Vegeta|Hidden Power|p2a: Azelf
|-damage|p2a: Azelf|0 fnt
|faint|p2a: Azelf
|
|
|switch|p2a: 200 kids outside|Bisharp, M|51\/272
|-damage|p2a: 200 kids outside|34\/272|[from] Stealth Rock
|turn|18
|
|switch|p1a: Android17|Bisharp, F|255\/271
|-damage|p1a: Android17|239\/271|[from] Stealth Rock
|move|p2a: 200 kids outside|Sucker Punch|p1a: Android17
|-fail|p1a: Android17
|
|turn|19
|
|move|p1a: Android17|Swords Dance|p1a: Android17
|-boost|p1a: Android17|atk|2
|move|p2a: 200 kids outside|Knock Off|p1a: Android17
|-resisted|p1a: Android17
|-damage|p1a: Android17|109\/271
|-enditem|p1a: Android17|Black Glasses|[from] move: Knock Off|[of] p2a: 200 kids outside
|-damage|p2a: 200 kids outside|7\/272|[from] item: Life Orb
|
|turn|20
|
|move|p1a: Android17|Sucker Punch|p2a: 200 kids outside
|-resisted|p2a: 200 kids outside
|-damage|p2a: 200 kids outside|0 fnt
|faint|p2a: 200 kids outside
|
|
|switch|p2a: E. Dantes|Terrakion|323\/323
|-damage|p2a: E. Dantes|303\/323|[from] Stealth Rock
|turn|21
|
|move|p1a: Android17|Sucker Punch|p2a: E. Dantes
|-fail|p2a: E. Dantes
|move|p2a: E. Dantes|Substitute|p2a: E. Dantes
|-start|p2a: E. Dantes|Substitute
|-damage|p2a: E. Dantes|223\/323
|
|turn|22
|
|move|p2a: E. Dantes|Swords Dance|p2a: E. Dantes
|-boost|p2a: E. Dantes|atk|2
|move|p1a: Android17|Iron Head|p2a: E. Dantes
|-supereffective|p2a: E. Dantes
|-end|p2a: E. Dantes|Substitute
|
|turn|23
|
|move|p2a: E. Dantes|Close Combat|p1a: Android17
|-supereffective|p1a: Android17
|-damage|p1a: Android17|0 fnt
|-unboost|p2a: E. Dantes|def|1
|-unboost|p2a: E. Dantes|spd|1
|-damage|p2a: E. Dantes|191\/323|[from] item: Life Orb
|faint|p1a: Android17
|
|
|switch|p1a: Vegeta|Manectric-Mega, F|190\/282
|-damage|p1a: Vegeta|155\/282|[from] Stealth Rock
|-ability|p1a: Vegeta|Intimidate|[of] p2a: E. Dantes
|-unboost|p2a: E. Dantes|atk|1
|turn|24
|
|switch|p2a: P. Sherman|Landorus-Therian, M|335\/382 tox
|-damage|p2a: P. Sherman|288\/382 tox|[from] Stealth Rock
|-ability|p2a: P. Sherman|Intimidate|[of] p1a: Vegeta
|-unboost|p1a: Vegeta|atk|1
|move|p1a: Vegeta|Thunderbolt|p2a: P. Sherman
|-immune|p2a: P. Sherman|[msg]
|
|-heal|p2a: P. Sherman|311\/382 tox|[from] item: Leftovers
|-damage|p2a: P. Sherman|288\/382 tox|[from] psn
|turn|25
|
|move|p1a: Vegeta|Volt Switch|p2a: P. Sherman
|-immune|p2a: P. Sherman|[msg]
|move|p2a: P. Sherman|Earthquake|p1a: Vegeta
|-supereffective|p1a: Vegeta
|-damage|p1a: Vegeta|0 fnt
|faint|p1a: Vegeta
|
|-heal|p2a: P. Sherman|311\/382 tox|[from] item: Leftovers
|-damage|p2a: P. Sherman|265\/382 tox|[from] psn
|
|switch|p1a: Wayne|Gliscor, M|354\/354 tox
|-damage|p1a: Wayne|310\/354 tox|[from] Stealth Rock
|turn|26
|
|move|p1a: Wayne|Toxic|p2a: P. Sherman
|-fail|p2a: P. Sherman|tox
|move|p2a: P. Sherman|U-turn|p1a: Wayne
|-resisted|p1a: Wayne
|-damage|p1a: Wayne|284\/354 tox
|
|switch|p2a: Gatorade|Rotom-Wash|190\/304
|-damage|p2a: Gatorade|152\/304|[from] Stealth Rock
|
|-heal|p1a: Wayne|328\/354 tox|[from] ability: Poison Heal
|turn|27
|
|move|p1a: Wayne|Protect|p1a: Wayne
|-singleturn|p1a: Wayne|Protect
|move|p2a: Gatorade|Hydro Pump|p1a: Wayne
|-activate|p1a: Wayne|Protect
|
|-heal|p1a: Wayne|354\/354 tox|[from] ability: Poison Heal
|turn|28
|
|move|p1a: Wayne|Toxic|p2a: Gatorade|[miss]
|-miss|p1a: Wayne|p2a: Gatorade
|move|p2a: Gatorade|Pain Split|p1a: Wayne
|-sethp|p1a: Wayne|253\/354 tox|p2a: Gatorade|253\/304|[from] move: Pain Split
|
|-heal|p1a: Wayne|297\/354 tox|[from] ability: Poison Heal
|turn|29
|c|âs4rcasm|fuck off
|c|âs4rcasm|srsly
|c|âs4rcasm|stupid game
|
|move|p1a: Wayne|Protect|p1a: Wayne
|-singleturn|p1a: Wayne|Protect
|move|p2a: Gatorade|Hydro Pump|p1a: Wayne
|-activate|p1a: Wayne|Protect
|
|-heal|p1a: Wayne|341\/354 tox|[from] ability: Poison Heal
|turn|30
|
|switch|p1a: Anna|Sylveon, F, shiny|394\/394
|-damage|p1a: Anna|345\/394|[from] Stealth Rock
|move|p2a: Gatorade|Hydro Pump|p1a: Anna
|-damage|p1a: Anna|254\/394
|
|-heal|p1a: Anna|278\/394|[from] item: Leftovers
|turn|31
|
|move|p2a: Gatorade|Will-O-Wisp|p1a: Anna
|-status|p1a: Anna|brn
|move|p1a: Anna|Wish|p1a: Anna
|
|-heal|p1a: Anna|302\/394 brn|[from] item: Leftovers
|-damage|p1a: Anna|253\/394 brn|[from] brn
|turn|32
|
|move|p2a: Gatorade|Volt Switch|p1a: Anna
|-damage|p1a: Anna|196\/394 brn
|
|switch|p2a: P. Sherman|Landorus-Therian, M|265\/382 tox
|-damage|p2a: P. Sherman|218\/382 tox|[from] Stealth Rock
|-ability|p2a: P. Sherman|Intimidate|[of] p1a: Anna
|-unboost|p1a: Anna|atk|1
|move|p1a: Anna|Calm Mind|p1a: Anna
|-boost|p1a: Anna|spa|1
|-boost|p1a: Anna|spd|1
|
|-heal|p1a: Anna|393\/394 brn|[from] move: Wish|[wisher] Anna
|-heal|p2a: P. Sherman|241\/382 tox|[from] item: Leftovers
|-heal|p1a: Anna|394\/394 brn|[from] item: Leftovers
|-damage|p2a: P. Sherman|218\/382 tox|[from] psn
|-damage|p1a: Anna|345\/394 brn|[from] brn
|turn|33
|
|switch|p1a: Wayne|Gliscor, M|341\/354 tox
|-damage|p1a: Wayne|297\/354 tox|[from] Stealth Rock
|move|p2a: P. Sherman|Earthquake|p1a: Wayne
|-immune|p1a: Wayne|[msg]
|
|-heal|p2a: P. Sherman|241\/382 tox|[from] item: Leftovers
|-heal|p1a: Wayne|341\/354 tox|[from] ability: Poison Heal
|-damage|p2a: P. Sherman|195\/382 tox|[from] psn
|turn|34
|
|move|p1a: Wayne|Protect|p1a: Wayne
|-singleturn|p1a: Wayne|Protect
|move|p2a: P. Sherman|U-turn|p1a: Wayne
|-activate|p1a: Wayne|Protect
|
|-heal|p2a: P. Sherman|218\/382 tox|[from] item: Leftovers
|-heal|p1a: Wayne|354\/354 tox|[from] ability: Poison Heal
|-damage|p2a: P. Sherman|149\/382 tox|[from] psn
|turn|35
|
|move|p1a: Wayne|Protect|p1a: Wayne
|-fail|p1a: Wayne
|move|p2a: P. Sherman|U-turn|p1a: Wayne
|-resisted|p1a: Wayne
|-damage|p1a: Wayne|332\/354 tox
|
|switch|p2a: Gatorade|Rotom-Wash|253\/304
|-damage|p2a: Gatorade|215\/304|[from] Stealth Rock
|
|-heal|p1a: Wayne|354\/354 tox|[from] ability: Poison Heal
|turn|36
|
|switch|p1a: Sleepy|Jirachi|341\/341
|-damage|p1a: Sleepy|320\/341|[from] Stealth Rock
|move|p2a: Gatorade|Hydro Pump|p1a: Sleepy
|-damage|p1a: Sleepy|176\/341
|
|turn|37
|
|move|p1a: Sleepy|Zen Headbutt|p2a: Gatorade
|-damage|p2a: Gatorade|134\/304
|move|p2a: Gatorade|Volt Switch|p1a: Sleepy
|-damage|p1a: Sleepy|97\/341
|
|switch|p2a: P. Sherman|Landorus-Therian, M|149\/382 tox
|-damage|p2a: P. Sherman|102\/382 tox|[from] Stealth Rock
|-ability|p2a: P. Sherman|Intimidate|[of] p1a: Sleepy
|-unboost|p1a: Sleepy|atk|1
|
|-heal|p2a: P. Sherman|125\/382 tox|[from] item: Leftovers
|-damage|p2a: P. Sherman|102\/382 tox|[from] psn
|turn|38
|
|move|p1a: Sleepy|Zen Headbutt|p2a: P. Sherman
|-damage|p2a: P. Sherman|42\/382 tox
|move|p2a: P. Sherman|Earthquake|p1a: Sleepy
|-supereffective|p1a: Sleepy
|-damage|p1a: Sleepy|0 fnt
|faint|p1a: Sleepy
|
|-heal|p2a: P. Sherman|65\/382 tox|[from] item: Leftovers
|-damage|p2a: P. Sherman|19\/382 tox|[from] psn
|
|switch|p1a: Wayne|Gliscor, M|354\/354 tox
|-damage|p1a: Wayne|310\/354 tox|[from] Stealth Rock
|turn|39
|c|âMounts|im not afraid
|c|âs4rcasm|?
|
|move|p1a: Wayne|Stealth Rock|p2a: P. Sherman
|-fail|p2a: P. Sherman
|move|p2a: P. Sherman|U-turn|p1a: Wayne
|-resisted|p1a: Wayne
|-damage|p1a: Wayne|287\/354 tox
|
|switch|p2a: Gatorade|Rotom-Wash|134\/304
|-damage|p2a: Gatorade|96\/304|[from] Stealth Rock
|
|-heal|p1a: Wayne|331\/354 tox|[from] ability: Poison Heal
|turn|40
|
|move|p1a: Wayne|Protect|p1a: Wayne
|-singleturn|p1a: Wayne|Protect
|move|p2a: Gatorade|Hydro Pump|p1a: Wayne
|-activate|p1a: Wayne|Protect
|
|-heal|p1a: Wayne|354\/354 tox|[from] ability: Poison Heal
|turn|41
|
|switch|p1a: Anna|Sylveon, F, shiny|345\/394 brn
|-damage|p1a: Anna|296\/394 brn|[from] Stealth Rock
|move|p2a: Gatorade|Hydro Pump|p1a: Anna|[miss]
|-miss|p2a: Gatorade|p1a: Anna
|
|-heal|p1a: Anna|320\/394 brn|[from] item: Leftovers
|-damage|p1a: Anna|271\/394 brn|[from] brn
|turn|42
|
|switch|p2a: P. Sherman|Landorus-Therian, M|19\/382 tox
|-damage|p2a: P. Sherman|0 fnt|[from] Stealth Rock
|faint|p2a: P. Sherman
|move|p1a: Anna|Wish|p1a: Anna
|
|-heal|p1a: Anna|295\/394 brn|[from] item: Leftovers
|-damage|p1a: Anna|246\/394 brn|[from] brn
|
|switch|p2a: E. Dantes|Terrakion|191\/323
|-damage|p2a: E. Dantes|171\/323|[from] Stealth Rock
|turn|43
|
|move|p2a: E. Dantes|Substitute|p2a: E. Dantes
|-start|p2a: E. Dantes|Substitute
|-damage|p2a: E. Dantes|91\/323
|move|p1a: Anna|Moonblast|p2a: E. Dantes
|-supereffective|p2a: E. Dantes
|-end|p2a: E. Dantes|Substitute
|
|-heal|p1a: Anna|394\/394 brn|[from] move: Wish|[wisher] Anna
|-damage|p1a: Anna|345\/394 brn|[from] brn
|turn|44
|
|switch|p1a: Wayne|Gliscor, M|354\/354 tox
|-damage|p1a: Wayne|310\/354 tox|[from] Stealth Rock
|move|p2a: E. Dantes|Stone Edge|p1a: Wayne|[miss]
|-miss|p2a: E. Dantes|p1a: Wayne
|
|-heal|p1a: Wayne|354\/354 tox|[from] ability: Poison Heal
|turn|45
|
|switch|p2a: Gatorade|Rotom-Wash|96\/304
|-damage|p2a: Gatorade|58\/304|[from] Stealth Rock
|move|p1a: Wayne|Toxic|p2a: Gatorade
|-status|p2a: Gatorade|tox
|
|-damage|p2a: Gatorade|39\/304 tox|[from] psn
|turn|46
|
|move|p1a: Wayne|Protect|p1a: Wayne
|-singleturn|p1a: Wayne|Protect
|move|p2a: Gatorade|Pain Split|p1a: Wayne
|-activate|p1a: Wayne|Protect
|
|-damage|p2a: Gatorade|1\/304 tox|[from] psn
|turn|47
|
|move|p1a: Wayne|Protect|p1a: Wayne
|-fail|p1a: Wayne
|move|p2a: Gatorade|Pain Split|p1a: Wayne
|-sethp|p1a: Wayne|177\/354 tox|p2a: Gatorade|177\/304 tox|[from] move: Pain Split
|
|-heal|p1a: Wayne|221\/354 tox|[from] ability: Poison Heal
|-damage|p2a: Gatorade|120\/304 tox|[from] psn
|turn|48
|
|switch|p2a: Susceptile|Sceptile, M|281\/281
|-damage|p2a: Susceptile|246\/281|[from] Stealth Rock
|move|p1a: Wayne|Protect|p1a: Wayne
|-fail|p1a: Wayne
|
|-heal|p1a: Wayne|265\/354 tox|[from] ability: Poison Heal
|turn|49
|
|switch|p1a: Anna|Sylveon, F, shiny|345\/394 brn
|-damage|p1a: Anna|296\/394 brn|[from] Stealth Rock
|detailschange|p2a: Susceptile|Sceptile-Mega, M
|-mega|p2a: Susceptile|Sceptile|Sceptilite
|move|p2a: Susceptile|Giga Drain|p1a: Anna
|-damage|p1a: Anna|208\/394 brn
|-heal|p2a: Susceptile|281\/281|[from] drain|[of] p1a: Anna
|
|-heal|p1a: Anna|232\/394 brn|[from] item: Leftovers
|-damage|p1a: Anna|183\/394 brn|[from] brn
|turn|50
|
|move|p2a: Susceptile|Giga Drain|p1a: Anna
|-damage|p1a: Anna|87\/394 brn
|move|p1a: Anna|Wish|p1a: Anna
|
|-heal|p1a: Anna|111\/394 brn|[from] item: Leftovers
|-damage|p1a: Anna|62\/394 brn|[from] brn
|turn|51
|
|move|p1a: Anna|Protect|p1a: Anna
|-singleturn|p1a: Anna|Protect
|move|p2a: Susceptile|Giga Drain|p1a: Anna
|-activate|p1a: Anna|Protect
|
|-heal|p1a: Anna|259\/394 brn|[from] move: Wish|[wisher] Anna
|-heal|p1a: Anna|283\/394 brn|[from] item: Leftovers
|-damage|p1a: Anna|234\/394 brn|[from] brn
|turn|52
|
|move|p2a: Susceptile|Giga Drain|p1a: Anna
|-damage|p1a: Anna|144\/394 brn
|move|p1a: Anna|Wish|p1a: Anna
|
|-heal|p1a: Anna|168\/394 brn|[from] item: Leftovers
|-damage|p1a: Anna|119\/394 brn|[from] brn
|turn|53
|
|move|p2a: Susceptile|Giga Drain|p1a: Anna
|-damage|p1a: Anna|29\/394 brn
|move|p1a: Anna|Moonblast|p2a: Susceptile
|-crit|p2a: Susceptile
|-supereffective|p2a: Susceptile
|-damage|p2a: Susceptile|0 fnt
|faint|p2a: Susceptile
|
|-heal|p1a: Anna|226\/394 brn|[from] move: Wish|[wisher] Anna
|-heal|p1a: Anna|250\/394 brn|[from] item: Leftovers
|-damage|p1a: Anna|201\/394 brn|[from] brn
|
|switch|p2a: E. Dantes|Terrakion|91\/323
|-damage|p2a: E. Dantes|71\/323|[from] Stealth Rock
|turn|54
|
|switch|p1a: Wayne|Gliscor, M|265\/354 tox
|-damage|p1a: Wayne|221\/354 tox|[from] Stealth Rock
|move|p2a: E. Dantes|Swords Dance|p2a: E. Dantes
|-boost|p2a: E. Dantes|atk|2
|
|-heal|p1a: Wayne|265\/354 tox|[from] ability: Poison Heal
|turn|55
|
|move|p1a: Wayne|Protect|p1a: Wayne
|-singleturn|p1a: Wayne|Protect
|move|p2a: E. Dantes|Swords Dance|p2a: E. Dantes
|-boost|p2a: E. Dantes|atk|2
|
|-heal|p1a: Wayne|309\/354 tox|[from] ability: Poison Heal
|turn|56
|
|move|p2a: E. Dantes|Stone Edge|p1a: Wayne
|-damage|p1a: Wayne|0 fnt
|-damage|p2a: E. Dantes|39\/323|[from] item: Life Orb
|faint|p1a: Wayne
|
|
|switch|p1a: Anna|Sylveon, F, shiny|201\/394 brn
|-damage|p1a: Anna|152\/394 brn|[from] Stealth Rock
|turn|57
|c|âMounts|gg
|
|move|p2a: E. Dantes|Close Combat|p1a: Anna
|-resisted|p1a: Anna
|-damage|p1a: Anna|0 fnt
|-unboost|p2a: E. Dantes|def|1
|-unboost|p2a: E. Dantes|spd|1
|-damage|p2a: E. Dantes|7\/323|[from] item: Life Orb
|faint|p1a: Anna
|
|win|Mounts
|raw|Ladder updating...
|c|âs4rcasm|lucky fucker
|raw|s4rcasm's rating: 1380 &rarr; <strong>1362<\/strong><br \/>(-18 for losing)
|raw|Mounts's rating: 1415 &rarr; <strong>1433<\/strong><br \/>(+18 for winning)
|leave|s4rcasm