|join|Mounts
|join|SD-ORAS
|player|p1|Mounts|101
|player|p2|SD-ORAS|162
|gametype|singles
|gen|6
|tier|OU (suspect test)
|rated
|clearpoke
|poke|p1|Sceptile, F
|poke|p1|Azelf
|poke|p1|Terrakion
|poke|p1|Landorus-Therian, M
|poke|p1|Bisharp, M
|poke|p1|Rotom-Wash
|poke|p2|Clefable, F, shiny
|poke|p2|Latias, F
|poke|p2|Rotom-Wash
|poke|p2|Landorus-Therian, M, shiny
|poke|p2|Scizor, M
|poke|p2|Volcarona, M
|rule|Swagger Clause: Swagger is banned
|rule|Baton Pass Clause: Limit one PokÃ©mon knowing Baton Pass
|rule|Sleep Clause Mod: Limit one foe put to sleep
|rule|Species Clause: Limit one of each PokÃ©mon
|rule|OHKO Clause: OHKO moves are banned
|rule|Moody Clause: Moody is banned
|rule|Evasion Moves Clause: Evasion moves are banned
|rule|Endless Battle Clause: Forcing endless battles is banned
|rule|HP Percentage Mod: HP is shown in percentages
|teampreview
|
|start
|switch|p1a: P. Sherman|Landorus-Therian, M|382\/382
|switch|p2a: Landorus-Therian|Landorus-Therian, M, shiny|353\/353
|-ability|p2a: Landorus-Therian|Intimidate|[of] p1a: P. Sherman
|-unboost|p1a: P. Sherman|atk|1
|-ability|p1a: P. Sherman|Intimidate|[of] p2a: Landorus-Therian
|-unboost|p2a: Landorus-Therian|atk|1
|turn|1
|
|move|p2a: Landorus-Therian|Knock Off|p1a: P. Sherman
|-damage|p1a: P. Sherman|318\/382
|-enditem|p1a: P. Sherman|Leftovers|[from] move: Knock Off|[of] p2a: Landorus-Therian
|move|p1a: P. Sherman|Stealth Rock|p2a: Landorus-Therian
|-sidestart|p2: SD-ORAS|move: Stealth Rock
|
|turn|2
|
|switch|p2a: Clefable|Clefable, F, shiny|393\/393
|move|p1a: P. Sherman|U-turn|p2a: Clefable
|-resisted|p2a: Clefable
|-damage|p2a: Clefable|367\/393
|
|switch|p1a: 200 kids outside|Bisharp, M|272\/272
|
|-heal|p2a: Clefable|391\/393|[from] item: Leftovers
|turn|3
|
|switch|p2a: Rotom-Wash|Rotom-Wash|304\/304
|-damage|p2a: Rotom-Wash|266\/304|[from] Stealth Rock
|move|p1a: 200 kids outside|Swords Dance|p1a: 200 kids outside
|-boost|p1a: 200 kids outside|atk|2
|
|-heal|p2a: Rotom-Wash|285\/304|[from] item: Leftovers
|turn|4
|
|move|p1a: 200 kids outside|Knock Off|p2a: Rotom-Wash
|-crit|p2a: Rotom-Wash
|-damage|p2a: Rotom-Wash|0 fnt
|-enditem|p2a: Rotom-Wash|Leftovers|[from] move: Knock Off|[of] p1a: 200 kids outside
|-damage|p1a: 200 kids outside|245\/272|[from] item: Life Orb
|faint|p2a: Rotom-Wash
|
|
|switch|p2a: Scizor|Scizor, M|343\/343
|-damage|p2a: Scizor|301\/343|[from] Stealth Rock
|turn|5
|
|switch|p1a: Gatorade|Rotom-Wash|304\/304
|detailschange|p2a: Scizor|Scizor-Mega, M
|-mega|p2a: Scizor|Scizor|Scizorite
|move|p2a: Scizor|Superpower|p1a: Gatorade
|-damage|p1a: Gatorade|187\/304
|-unboost|p2a: Scizor|atk|1
|-unboost|p2a: Scizor|def|1
|
|-heal|p1a: Gatorade|206\/304|[from] item: Leftovers
|turn|6
|
|switch|p2a: Clefable|Clefable, F, shiny|391\/393
|move|p1a: Gatorade|Volt Switch|p2a: Clefable
|-damage|p2a: Clefable|319\/393
|
|switch|p1a: 200 kids outside|Bisharp, M|245\/272
|
|-heal|p2a: Clefable|343\/393|[from] item: Leftovers
|turn|7
|
|switch|p2a: Scizor|Scizor-Mega, M|301\/343
|-damage|p2a: Scizor|259\/343|[from] Stealth Rock
|move|p1a: 200 kids outside|Iron Head|p2a: Scizor
|-resisted|p2a: Scizor
|-damage|p2a: Scizor|189\/343
|-damage|p1a: 200 kids outside|218\/272|[from] item: Life Orb
|
|turn|8
|
|switch|p1a: Gatorade|Rotom-Wash|206\/304
|move|p2a: Scizor|Roost|p2a: Scizor
|-heal|p2a: Scizor|343\/343
|
|-heal|p1a: Gatorade|225\/304|[from] item: Leftovers
|turn|9
|
|switch|p2a: Clefable|Clefable, F, shiny|343\/393
|move|p1a: Gatorade|Will-O-Wisp|p2a: Clefable
|-status|p2a: Clefable|brn
|
|-heal|p1a: Gatorade|244\/304|[from] item: Leftovers
|-heal|p2a: Clefable|367\/393 brn|[from] item: Leftovers
|turn|10
|
|move|p1a: Gatorade|Volt Switch|p2a: Clefable
|-damage|p2a: Clefable|297\/393 brn
|
|switch|p1a: 200 kids outside|Bisharp, M|218\/272
|move|p2a: Clefable|Stealth Rock|p1a: 200 kids outside
|-sidestart|p1: Mounts|move: Stealth Rock
|
|-heal|p2a: Clefable|321\/393 brn|[from] item: Leftovers
|turn|11
|
|move|p1a: 200 kids outside|Swords Dance|p1a: 200 kids outside
|-boost|p1a: 200 kids outside|atk|2
|move|p2a: Clefable|Fire Blast|p1a: 200 kids outside
|-supereffective|p1a: 200 kids outside
|-damage|p1a: 200 kids outside|0 fnt
|faint|p1a: 200 kids outside
|
|-heal|p2a: Clefable|345\/393 brn|[from] item: Leftovers
|
|switch|p1a: Azelf|Azelf|291\/291
|-damage|p1a: Azelf|255\/291|[from] Stealth Rock
|turn|12
|
|switch|p2a: Landorus-Therian|Landorus-Therian, M, shiny|353\/353
|-damage|p2a: Landorus-Therian|309\/353|[from] Stealth Rock
|-ability|p2a: Landorus-Therian|Intimidate|[of] p1a: Azelf
|-unboost|p1a: Azelf|atk|1
|move|p1a: Azelf|Psychic|p2a: Landorus-Therian
|-damage|p2a: Landorus-Therian|70\/353
|-damage|p1a: Azelf|226\/291|[from] item: Life Orb
|
|turn|13
|
|switch|p1a: P. Sherman|Landorus-Therian, M|318\/382
|-damage|p1a: P. Sherman|271\/382|[from] Stealth Rock
|-ability|p1a: P. Sherman|Intimidate|[of] p2a: Landorus-Therian
|-unboost|p2a: Landorus-Therian|atk|1
|move|p2a: Landorus-Therian|U-turn|p1a: P. Sherman
|-resisted|p1a: P. Sherman
|-damage|p1a: P. Sherman|247\/382
|
|switch|p2a: Latias|Latias, F|302\/302
|-damage|p2a: Latias|265\/302|[from] Stealth Rock
|
|turn|14
|
|move|p2a: Latias|Draco Meteor|p1a: P. Sherman
|-damage|p1a: P. Sherman|0 fnt
|-unboost|p2a: Latias|spa|2
|-damage|p2a: Latias|235\/302|[from] item: Life Orb
|faint|p1a: P. Sherman
|
|
|switch|p1a: Susceptile|Sceptile, F|281\/281
|-damage|p1a: Susceptile|246\/281|[from] Stealth Rock
|turn|15
|
|switch|p2a: Landorus-Therian|Landorus-Therian, M, shiny|70\/353
|-damage|p2a: Landorus-Therian|26\/353|[from] Stealth Rock
|-ability|p2a: Landorus-Therian|Intimidate|[of] p1a: Susceptile
|-unboost|p1a: Susceptile|atk|1
|detailschange|p1a: Susceptile|Sceptile-Mega, F
|-mega|p1a: Susceptile|Sceptile|Sceptilite
|move|p1a: Susceptile|Giga Drain|p2a: Landorus-Therian
|-damage|p2a: Landorus-Therian|0 fnt
|-heal|p1a: Susceptile|259\/281|[from] drain|[of] p2a: Landorus-Therian
|faint|p2a: Landorus-Therian
|
|
|switch|p2a: Clefable|Clefable, F, shiny|345\/393 brn
|turn|16
|
|move|p1a: Susceptile|Giga Drain|p2a: Clefable
|-crit|p2a: Clefable
|-damage|p2a: Clefable|152\/393 brn
|-heal|p1a: Susceptile|281\/281|[from] drain|[of] p2a: Clefable
|move|p2a: Clefable|Moonblast|p1a: Susceptile
|-crit|p1a: Susceptile
|-supereffective|p1a: Susceptile
|-damage|p1a: Susceptile|0 fnt
|faint|p1a: Susceptile
|
|-heal|p2a: Clefable|176\/393 brn|[from] item: Leftovers
|
|switch|p1a: E. Dantes|Terrakion|323\/323
|-damage|p1a: E. Dantes|303\/323|[from] Stealth Rock
|turn|17
|
|move|p1a: E. Dantes|Stone Edge|p2a: Clefable
|-damage|p2a: Clefable|0 fnt
|-damage|p1a: E. Dantes|271\/323|[from] item: Life Orb
|faint|p2a: Clefable
|
|
|switch|p2a: Scizor|Scizor-Mega, M|343\/343
|-damage|p2a: Scizor|301\/343|[from] Stealth Rock
|turn|18
|
|switch|p1a: Gatorade|Rotom-Wash|244\/304
|-damage|p1a: Gatorade|206\/304|[from] Stealth Rock
|move|p2a: Scizor|Superpower|p1a: Gatorade
|-damage|p1a: Gatorade|94\/304
|-unboost|p2a: Scizor|atk|1
|-unboost|p2a: Scizor|def|1
|
|-heal|p1a: Gatorade|113\/304|[from] item: Leftovers
|turn|19
|
|switch|p2a: Latias|Latias, F|235\/302
|-damage|p2a: Latias|198\/302|[from] Stealth Rock
|move|p1a: Gatorade|Pain Split|p2a: Latias
|-sethp|p2a: Latias|155\/302|p1a: Gatorade|155\/304|[from] move: Pain Split
|
|-heal|p1a: Gatorade|174\/304|[from] item: Leftovers
|turn|20
|
|move|p2a: Latias|Draco Meteor|p1a: Gatorade
|-damage|p1a: Gatorade|0 fnt
|-unboost|p2a: Latias|spa|2
|-damage|p2a: Latias|125\/302|[from] item: Life Orb
|faint|p1a: Gatorade
|
|
|switch|p1a: Azelf|Azelf|226\/291
|-damage|p1a: Azelf|190\/291|[from] Stealth Rock
|turn|21
|
|move|p1a: Azelf|Hidden Power|p2a: Latias
|-supereffective|p2a: Latias
|-damage|p2a: Latias|0 fnt
|-damage|p1a: Azelf|161\/291|[from] item: Life Orb
|faint|p2a: Latias
|
|
|switch|p2a: Volcarona|Volcarona, M|335\/335
|-damage|p2a: Volcarona|168\/335|[from] Stealth Rock
|turn|22
|
|move|p1a: Azelf|Psychic|p2a: Volcarona
|-damage|p2a: Volcarona|0 fnt
|-damage|p1a: Azelf|132\/291|[from] item: Life Orb
|faint|p2a: Volcarona
|
|
|switch|p2a: Scizor|Scizor-Mega, M|301\/343
|-damage|p2a: Scizor|259\/343|[from] Stealth Rock
|turn|23
|
|move|p2a: Scizor|Bullet Punch|p1a: Azelf
|-damage|p1a: Azelf|0 fnt
|faint|p1a: Azelf
|
|
|switch|p1a: E. Dantes|Terrakion|271\/323
|-damage|p1a: E. Dantes|251\/323|[from] Stealth Rock
|turn|24
|
|move|p2a: Scizor|Bullet Punch|p1a: E. Dantes
|-supereffective|p1a: E. Dantes
|-damage|p1a: E. Dantes|0 fnt
|faint|p1a: E. Dantes
|
|win|SD-ORAS
|raw|Ladder updating...
|raw|Mounts's rating: 1458 &rarr; <strong>1430<\/strong><br \/>(-28 for losing)
|raw|SD-ORAS's rating: 1308 &rarr; <strong>1337<\/strong><br \/>(+29 for winning)
|c|âSD-ORAS|gg
|leave|Mounts
|player|p1