|join|Mounts
|join|orne
|player|p1|Mounts|101
|player|p2|orne|102
|gametype|singles
|gen|6
|tier|OU (suspect test)
|rated
|clearpoke
|poke|p1|Sceptile, F
|poke|p1|Azelf
|poke|p1|Terrakion
|poke|p1|Landorus-Therian, M
|poke|p1|Bisharp, F
|poke|p1|Rotom-Wash
|poke|p2|Charizard, M
|poke|p2|Toxicroak, F
|poke|p2|Latias, F
|poke|p2|Celebi
|poke|p2|Landorus-Therian, M
|poke|p2|Raikou
|rule|Swagger Clause: Swagger is banned
|rule|Baton Pass Clause: Limit one PokÃ©mon knowing Baton Pass
|rule|Sleep Clause Mod: Limit one foe put to sleep
|rule|Species Clause: Limit one of each PokÃ©mon
|rule|OHKO Clause: OHKO moves are banned
|rule|Moody Clause: Moody is banned
|rule|Evasion Moves Clause: Evasion moves are banned
|rule|Endless Battle Clause: Forcing endless battles is banned
|rule|HP Percentage Mod: HP is shown in percentages
|teampreview
|
|start
|switch|p1a: P. Sherman|Landorus-Therian, M|382\/382
|switch|p2a: Landorus-Therian|Landorus-Therian, M|381\/381
|-ability|p2a: Landorus-Therian|Intimidate|[of] p1a: P. Sherman
|-unboost|p1a: P. Sherman|atk|1
|-ability|p1a: P. Sherman|Intimidate|[of] p2a: Landorus-Therian
|-unboost|p2a: Landorus-Therian|atk|1
|turn|1
|
|move|p2a: Landorus-Therian|Stealth Rock|p1a: P. Sherman
|-sidestart|p1: Mounts|move: Stealth Rock
|move|p1a: P. Sherman|Stealth Rock|p2a: Landorus-Therian
|-sidestart|p2: orne|move: Stealth Rock
|
|turn|2
|
|move|p2a: Landorus-Therian|Stone Edge|p1a: P. Sherman
|-damage|p1a: P. Sherman|331\/382
|move|p1a: P. Sherman|Toxic|p2a: Landorus-Therian
|-status|p2a: Landorus-Therian|tox
|
|-heal|p1a: P. Sherman|354\/382|[from] item: Leftovers
|-damage|p2a: Landorus-Therian|358\/381 tox|[from] psn
|turn|3
|
|move|p2a: Landorus-Therian|U-turn|p1a: P. Sherman
|-resisted|p1a: P. Sherman
|-damage|p1a: P. Sherman|335\/382
|
|switch|p2a: Toxicroak|Toxicroak, F|307\/307
|-damage|p2a: Toxicroak|288\/307|[from] Stealth Rock
|move|p1a: P. Sherman|U-turn|p2a: Toxicroak
|-resisted|p2a: Toxicroak
|-damage|p2a: Toxicroak|270\/307
|
|switch|p1a: Gatorade|Rotom-Wash|304\/304
|-damage|p1a: Gatorade|266\/304|[from] Stealth Rock
|
|-heal|p1a: Gatorade|285\/304|[from] item: Leftovers
|turn|4
|
|switch|p2a: Celebi|Celebi|404\/404
|-damage|p2a: Celebi|354\/404|[from] Stealth Rock
|move|p1a: Gatorade|Volt Switch|p2a: Celebi
|-resisted|p2a: Celebi
|-damage|p2a: Celebi|309\/404
|
|switch|p1a: 200 kids outside|Bisharp, F|272\/272
|-damage|p1a: 200 kids outside|255\/272|[from] Stealth Rock
|
|-heal|p2a: Celebi|334\/404|[from] item: Leftovers
|turn|5
|
|move|p2a: Celebi|Baton Pass|p2a: Celebi
|
|switch|p2a: Toxicroak|Toxicroak, F|270\/307
|-damage|p2a: Toxicroak|251\/307|[from] Stealth Rock
|move|p1a: 200 kids outside|Knock Off|p2a: Toxicroak
|-resisted|p2a: Toxicroak
|-damage|p2a: Toxicroak|90\/307
|-enditem|p2a: Toxicroak|Life Orb|[from] move: Knock Off|[of] p1a: 200 kids outside
|-damage|p1a: 200 kids outside|228\/272|[from] item: Life Orb
|
|turn|6
|
|switch|p1a: P. Sherman|Landorus-Therian, M|335\/382
|-damage|p1a: P. Sherman|288\/382|[from] Stealth Rock
|-ability|p1a: P. Sherman|Intimidate|[of] p2a: Toxicroak
|-unboost|p2a: Toxicroak|atk|1
|move|p2a: Toxicroak|Drain Punch|p1a: P. Sherman
|-resisted|p1a: P. Sherman
|-damage|p1a: P. Sherman|259\/382
|-heal|p2a: Toxicroak|105\/307|[from] drain|[of] p1a: P. Sherman
|
|-heal|p1a: P. Sherman|282\/382|[from] item: Leftovers
|turn|7
|
|switch|p2a: Landorus-Therian|Landorus-Therian, M|358\/381 tox
|-damage|p2a: Landorus-Therian|311\/381 tox|[from] Stealth Rock
|-ability|p2a: Landorus-Therian|Intimidate|[of] p1a: P. Sherman
|-unboost|p1a: P. Sherman|atk|1
|move|p1a: P. Sherman|U-turn|p2a: Landorus-Therian
|-crit|p2a: Landorus-Therian
|-resisted|p2a: Landorus-Therian
|-damage|p2a: Landorus-Therian|267\/381 tox
|
|switch|p1a: Azelf|Azelf|291\/291
|-damage|p1a: Azelf|255\/291|[from] Stealth Rock
|
|-heal|p2a: Landorus-Therian|290\/381 tox|[from] item: Leftovers
|-damage|p2a: Landorus-Therian|267\/381 tox|[from] psn
|turn|8
|
|switch|p2a: Raikou|Raikou|321\/321
|-damage|p2a: Raikou|281\/321|[from] Stealth Rock
|-ability|p2a: Raikou|Pressure
|move|p1a: Azelf|Hidden Power|p2a: Raikou
|-damage|p2a: Raikou|221\/321
|-damage|p1a: Azelf|226\/291|[from] item: Life Orb
|
|turn|9
|
|move|p2a: Raikou|Thunderbolt|p1a: Azelf
|-damage|p1a: Azelf|27\/291
|move|p1a: Azelf|Psychic|p2a: Raikou
|-damage|p2a: Raikou|96\/321
|-damage|p1a: Azelf|0 fnt|[from] item: Life Orb
|faint|p1a: Azelf
|
|
|switch|p1a: Susceptile|Sceptile, F|281\/281
|-damage|p1a: Susceptile|246\/281|[from] Stealth Rock
|turn|10
|
|detailschange|p1a: Susceptile|Sceptile-Mega, F
|-mega|p1a: Susceptile|Sceptile|Sceptilite
|move|p1a: Susceptile|Earthquake|p2a: Raikou
|-supereffective|p2a: Raikou
|-damage|p2a: Raikou|0 fnt
|faint|p2a: Raikou
|
|
|switch|p2a: Latias|Latias, F|341\/341
|-damage|p2a: Latias|299\/341|[from] Stealth Rock
|turn|11
|
|move|p1a: Susceptile|Dragon Pulse|p2a: Latias
|-supereffective|p2a: Latias
|-damage|p2a: Latias|53\/341
|move|p2a: Latias|Draco Meteor|p1a: Susceptile
|-supereffective|p1a: Susceptile
|-damage|p1a: Susceptile|0 fnt
|-unboost|p2a: Latias|spa|2
|faint|p1a: Susceptile
|
|-heal|p2a: Latias|74\/341|[from] item: Leftovers
|
|switch|p1a: 200 kids outside|Bisharp, F|228\/272
|-damage|p1a: 200 kids outside|211\/272|[from] Stealth Rock
|turn|12
|
|move|p2a: Latias|Healing Wish|p2a: Latias
|faint|p2a: Latias
|move|p1a: 200 kids outside|Swords Dance|p1a: 200 kids outside
|-boost|p1a: 200 kids outside|atk|2
|
|
|switch|p2a: Toxicroak|Toxicroak, F|105\/307
|-heal|p2a: Toxicroak|307\/307|[from] move: Healing Wish
|-damage|p2a: Toxicroak|288\/307|[from] Stealth Rock
|turn|13
|
|switch|p1a: P. Sherman|Landorus-Therian, M|282\/382
|-damage|p1a: P. Sherman|235\/382|[from] Stealth Rock
|-ability|p1a: P. Sherman|Intimidate|[of] p2a: Toxicroak
|-unboost|p2a: Toxicroak|atk|1
|move|p2a: Toxicroak|Drain Punch|p1a: P. Sherman
|-resisted|p1a: P. Sherman
|-damage|p1a: P. Sherman|204\/382
|-heal|p2a: Toxicroak|304\/307|[from] drain|[of] p1a: P. Sherman
|
|-heal|p1a: P. Sherman|227\/382|[from] item: Leftovers
|turn|14
|
|switch|p2a: Landorus-Therian|Landorus-Therian, M|267\/381 tox
|-damage|p2a: Landorus-Therian|220\/381 tox|[from] Stealth Rock
|-ability|p2a: Landorus-Therian|Intimidate|[of] p1a: P. Sherman
|-unboost|p1a: P. Sherman|atk|1
|move|p1a: P. Sherman|U-turn|p2a: Landorus-Therian
|-resisted|p2a: Landorus-Therian
|-damage|p2a: Landorus-Therian|199\/381 tox
|
|switch|p1a: E. Dantes|Terrakion|323\/323
|-damage|p1a: E. Dantes|303\/323|[from] Stealth Rock
|
|-heal|p2a: Landorus-Therian|222\/381 tox|[from] item: Leftovers
|-damage|p2a: Landorus-Therian|199\/381 tox|[from] psn
|turn|15
|
|move|p1a: E. Dantes|Stone Edge|p2a: Landorus-Therian|[miss]
|-miss|p1a: E. Dantes|p2a: Landorus-Therian
|move|p2a: Landorus-Therian|Earthquake|p1a: E. Dantes
|-supereffective|p1a: E. Dantes
|-damage|p1a: E. Dantes|0 fnt
|faint|p1a: E. Dantes
|
|-heal|p2a: Landorus-Therian|222\/381 tox|[from] item: Leftovers
|-damage|p2a: Landorus-Therian|176\/381 tox|[from] psn
|
|switch|p1a: Gatorade|Rotom-Wash|285\/304
|-damage|p1a: Gatorade|247\/304|[from] Stealth Rock
|turn|16
|
|move|p2a: Landorus-Therian|U-turn|p1a: Gatorade
|-damage|p1a: Gatorade|191\/304
|
|switch|p2a: Celebi|Celebi|334\/404
|-damage|p2a: Celebi|284\/404|[from] Stealth Rock
|move|p1a: Gatorade|Volt Switch|p2a: Celebi
|-resisted|p2a: Celebi
|-damage|p2a: Celebi|244\/404
|
|switch|p1a: P. Sherman|Landorus-Therian, M|227\/382
|-damage|p1a: P. Sherman|180\/382|[from] Stealth Rock
|-ability|p1a: P. Sherman|Intimidate|[of] p2a: Celebi
|-unboost|p2a: Celebi|atk|1
|
|-heal|p2a: Celebi|269\/404|[from] item: Leftovers
|-heal|p1a: P. Sherman|203\/382|[from] item: Leftovers
|turn|17
|
|switch|p2a: Landorus-Therian|Landorus-Therian, M|176\/381 tox
|-damage|p2a: Landorus-Therian|129\/381 tox|[from] Stealth Rock
|-ability|p2a: Landorus-Therian|Intimidate|[of] p1a: P. Sherman
|-unboost|p1a: P. Sherman|atk|1
|move|p1a: P. Sherman|U-turn|p2a: Landorus-Therian
|-resisted|p2a: Landorus-Therian
|-damage|p2a: Landorus-Therian|109\/381 tox
|
|switch|p1a: 200 kids outside|Bisharp, F|211\/272
|-damage|p1a: 200 kids outside|194\/272|[from] Stealth Rock
|
|-heal|p2a: Landorus-Therian|132\/381 tox|[from] item: Leftovers
|-damage|p2a: Landorus-Therian|109\/381 tox|[from] psn
|turn|18
|
|move|p1a: 200 kids outside|Sucker Punch|p2a: Landorus-Therian
|-damage|p2a: Landorus-Therian|0 fnt
|-damage|p1a: 200 kids outside|167\/272|[from] item: Life Orb
|faint|p2a: Landorus-Therian
|
|
|switch|p2a: Charizard|Charizard, M|297\/297
|-damage|p2a: Charizard|149\/297|[from] Stealth Rock
|turn|19
|
|detailschange|p2a: Charizard|Charizard-Mega-X, M
|-mega|p2a: Charizard|Charizard|Charizardite X
|move|p2a: Charizard|Dragon Dance|p2a: Charizard
|-boost|p2a: Charizard|atk|1
|-boost|p2a: Charizard|spe|1
|move|p1a: 200 kids outside|Swords Dance|p1a: 200 kids outside
|-boost|p1a: 200 kids outside|atk|2
|
|turn|20
|
|move|p1a: 200 kids outside|Sucker Punch|p2a: Charizard
|-fail|p2a: Charizard
|move|p2a: Charizard|Roost|p2a: Charizard
|-heal|p2a: Charizard|297\/297
|
|turn|21
|
|move|p1a: 200 kids outside|Sucker Punch|p2a: Charizard
|-fail|p2a: Charizard
|move|p2a: Charizard|Dragon Dance|p2a: Charizard
|-boost|p2a: Charizard|atk|1
|-boost|p2a: Charizard|spe|1
|
|turn|22
|
|move|p1a: 200 kids outside|Sucker Punch|p2a: Charizard
|-damage|p2a: Charizard|0 fnt
|-damage|p1a: 200 kids outside|140\/272|[from] item: Life Orb
|faint|p2a: Charizard
|
|
|switch|p2a: Toxicroak|Toxicroak, F|304\/307
|-damage|p2a: Toxicroak|285\/307|[from] Stealth Rock
|turn|23
|
|switch|p1a: Gatorade|Rotom-Wash|191\/304
|-damage|p1a: Gatorade|153\/304|[from] Stealth Rock
|move|p2a: Toxicroak|Drain Punch|p1a: Gatorade
|-damage|p1a: Gatorade|69\/304
|-heal|p2a: Toxicroak|307\/307|[from] drain|[of] p1a: Gatorade
|
|-heal|p1a: Gatorade|88\/304|[from] item: Leftovers
|turn|24
|
|move|p2a: Toxicroak|Gunk Shot|p1a: Gatorade
|-damage|p1a: Gatorade|0 fnt
|faint|p1a: Gatorade
|
|
|switch|p1a: P. Sherman|Landorus-Therian, M|203\/382
|-damage|p1a: P. Sherman|156\/382|[from] Stealth Rock
|-ability|p1a: P. Sherman|Intimidate|[of] p2a: Toxicroak
|-unboost|p2a: Toxicroak|atk|1
|turn|25
|
|switch|p2a: Celebi|Celebi|269\/404
|-damage|p2a: Celebi|219\/404|[from] Stealth Rock
|move|p1a: P. Sherman|U-turn|p2a: Celebi
|-supereffective|p2a: Celebi
|-damage|p2a: Celebi|0 fnt
|faint|p2a: Celebi
|
|switch|p1a: 200 kids outside|Bisharp, F|140\/272
|-damage|p1a: 200 kids outside|123\/272|[from] Stealth Rock
|
|
|switch|p2a: Toxicroak|Toxicroak, F|307\/307
|-damage|p2a: Toxicroak|288\/307|[from] Stealth Rock
|turn|26
|
|move|p1a: 200 kids outside|Sucker Punch|p2a: Toxicroak
|-fail|p2a: Toxicroak
|move|p2a: Toxicroak|Swords Dance|p2a: Toxicroak
|-boost|p2a: Toxicroak|atk|2
|
|turn|27
|
|move|p1a: 200 kids outside|Sucker Punch|p2a: Toxicroak
|-resisted|p2a: Toxicroak
|-damage|p2a: Toxicroak|145\/307
|-damage|p1a: 200 kids outside|96\/272|[from] item: Life Orb
|move|p2a: Toxicroak|Drain Punch|p1a: 200 kids outside
|-supereffective|p1a: 200 kids outside
|-damage|p1a: 200 kids outside|0 fnt
|-heal|p2a: Toxicroak|193\/307|[from] drain|[of] p1a: 200 kids outside
|faint|p1a: 200 kids outside
|
|
|switch|p1a: P. Sherman|Landorus-Therian, M|156\/382
|-damage|p1a: P. Sherman|109\/382|[from] Stealth Rock
|-ability|p1a: P. Sherman|Intimidate|[of] p2a: Toxicroak
|-unboost|p2a: Toxicroak|atk|1
|turn|28
|
|move|p2a: Toxicroak|Gunk Shot|p1a: P. Sherman
|-resisted|p1a: P. Sherman
|-damage|p1a: P. Sherman|0 fnt
|faint|p1a: P. Sherman
|
|win|orne
|raw|Ladder updating...
|raw|Mounts's rating: 1400 &rarr; <strong>1376<\/strong><br \/>(-24 for losing)
|raw|orne's rating: 1336 &rarr; <strong>1359<\/strong><br \/>(+23 for winning)
|c|âorne|gg
|leave|Mounts
|player|p1