|join|Rhayader
|join|Amir strikes again
|player|p1|Rhayader|#showtan
|player|p2|Amir strikes again|99
|gametype|singles
|gen|6
|tier|ORAS OU
|rated
|rule|Sleep Clause Mod: Limit one foe put to sleep
|rule|Species Clause: Limit one of each PokÃ©mon
|rule|OHKO Clause: OHKO moves are banned
|rule|Moody Clause: Moody is banned
|rule|Evasion Moves Clause: Evasion moves are banned
|rule|Endless Battle Clause: Forcing endless battles is banned
|rule|HP Percentage Mod: HP is shown in percentages
|clearpoke
|poke|p1|Raikou
|poke|p1|Gallade, M
|poke|p1|Chansey, F
|poke|p1|Gliscor, M
|poke|p1|Slowbro, M
|poke|p1|Volcarona, M
|poke|p2|Magnezone, shiny
|poke|p2|Pinsir, M
|poke|p2|Diggersby, F
|poke|p2|Garchomp, F
|poke|p2|Latias, F, shiny
|poke|p2|Azumarill, F, shiny
|rule|Swagger Clause: Swagger is banned
|rule|Baton Pass Clause: Limit one PokÃ©mon knowing Baton Pass
|teampreview
|join|fran17
|
|start
|switch|p1a: Gallade|Gallade, M|277\/277
|switch|p2a: Vroom Vroom|Garchomp, F|357\/357
|turn|1
|c|âAmir strikes again|look at this mindless team
|c|âAmir strikes again|pretty old
|
|detailschange|p1a: Gallade|Gallade-Mega, M
|message|Gallade has Mega Evolved into Mega Gallade!
|move|p2a: Vroom Vroom|Stealth Rock|p1a: Gallade
|-sidestart|p1: Rhayader|move: Stealth Rock
|move|p1a: Gallade|Will-O-Wisp|p2a: Vroom Vroom
|-status|p2a: Vroom Vroom|brn
|
|-damage|p2a: Vroom Vroom|313\/357 brn|[from] brn
|turn|2
|c|âAmir strikes again|ooooooo
|c|âAmir strikes again|RHAYADER!
|
|move|p1a: Gallade|Knock Off|p2a: Vroom Vroom
|-damage|p2a: Vroom Vroom|182\/357 brn
|-damage|p1a: Gallade|243\/277|[from] ability: Rough Skin|[of] p2a: Vroom Vroom
|-enditem|p2a: Vroom Vroom|Focus Sash|[from] move: Knock Off|[of] p1a: Gallade
|move|p2a: Vroom Vroom|Swords Dance|p2a: Vroom Vroom
|-boost|p2a: Vroom Vroom|atk|2
|
|-damage|p2a: Vroom Vroom|138\/357 brn|[from] brn
|turn|3
|c|âAmir strikes again|hell no!
|
|move|p1a: Gallade|Close Combat|p2a: Vroom Vroom
|-damage|p2a: Vroom Vroom|0 fnt
|-damage|p1a: Gallade|209\/277|[from] ability: Rough Skin|[of] p2a: Vroom Vroom
|-unboost|p1a: Gallade|def|1
|-unboost|p1a: Gallade|spd|1
|faint|p2a: Vroom Vroom
|
|
|switch|p2a: Sweeperella|Pinsir, M|271\/271
|turn|4
|c|âRhayader|shit
|c|âAmir strikes again|lol the 50\/50s 
|
|detailschange|p2a: Sweeperella|Pinsir-Mega, M
|message|Pinsir has Mega Evolved into Mega Pinsir!
|move|p1a: Gallade|Skill Swap|p2a: Sweeperella
|-activate|p1a: Gallade|move: Skill Swap|Aerilate|Inner Focus|[of] p2a: Sweeperella
|move|p2a: Sweeperella|Swords Dance|p2a: Sweeperella
|-boost|p2a: Sweeperella|atk|2
|
|turn|5
|c|âAmir strikes again|daym
|c|âAmir strikes again|that was awesome
|
|move|p2a: Sweeperella|Quick Attack|p1a: Gallade
|-damage|p1a: Gallade|46\/277
|move|p1a: Gallade|Will-O-Wisp|p2a: Sweeperella
|-status|p2a: Sweeperella|brn
|
|-damage|p2a: Sweeperella|238\/271 brn|[from] brn
|turn|6
|c| fran17|time for unstabbed return
|c|âAmir strikes again|lol
|c|âAmir strikes again|thought that would kill ;-;
|
|switch|p1a: Slowbro|Slowbro, M|394\/394
|-damage|p1a: Slowbro|345\/394|[from] Stealth Rock
|move|p2a: Sweeperella|Quick Attack|p1a: Slowbro
|-crit|p1a: Slowbro
|-damage|p1a: Slowbro|288\/394
|
|-heal|p1a: Slowbro|312\/394|[from] item: Leftovers
|-damage|p2a: Sweeperella|205\/271 brn|[from] brn
|turn|7
|
|switch|p2a: Google Chrome|Magnezone, shiny|281\/281
|move|p1a: Slowbro|Scald|p2a: Google Chrome
|-damage|p2a: Google Chrome|169\/281
|
|-heal|p1a: Slowbro|336\/394|[from] item: Leftovers
|turn|8
|
|switch|p2a: Fatiass|Latias, F, shiny|299\/299
|switch|p1a: Gliscor|Gliscor, M|354\/354
|-damage|p1a: Gliscor|310\/354|[from] Stealth Rock
|
|-status|p1a: Gliscor|tox|[from] item: Toxic Orb
|turn|9
|
|move|p2a: Fatiass|Psychic|p1a: Gliscor
|-damage|p1a: Gliscor|133\/354 tox
|-unboost|p1a: Gliscor|spd|1
|-damage|p2a: Fatiass|270\/299|[from] item: Life Orb
|move|p1a: Gliscor|Roost|p1a: Gliscor
|-heal|p1a: Gliscor|310\/354 tox
|
|-heal|p1a: Gliscor|354\/354 tox|[from] ability: Poison Heal
|turn|10
|
|switch|p1a: Chansey|Chansey, F|642\/642
|-damage|p1a: Chansey|562\/642|[from] Stealth Rock
|move|p2a: Fatiass|Draco Meteor|p1a: Chansey
|-damage|p1a: Chansey|433\/642
|-unboost|p2a: Fatiass|spa|2
|-damage|p2a: Fatiass|241\/299|[from] item: Life Orb
|
|turn|11
|join|fgfdhth
|
|move|p2a: Fatiass|Healing Wish|p2a: Fatiass
|faint|p2a: Fatiass
|move|p1a: Chansey|Stealth Rock|p2: Fatiass
|-sidestart|p2: Amir strikes again|move: Stealth Rock
|
|
|switch|p2a: Sweeperella|Pinsir-Mega, M|205\/271 brn
|-heal|p2a: Sweeperella|271\/271|[from] move: Healing Wish
|-damage|p2a: Sweeperella|136\/271|[from] Stealth Rock
|turn|12
|c|âAmir strikes again|wp
|
|move|p2a: Sweeperella|Swords Dance|p2a: Sweeperella
|-boost|p2a: Sweeperella|atk|2
|move|p1a: Chansey|Seismic Toss|p2a: Sweeperella
|-damage|p2a: Sweeperella|36\/271
|
|turn|13
|c|âAmir strikes again|at least i got my ability back
|
|move|p2a: Sweeperella|Close Combat|p1a: Chansey
|-supereffective|p1a: Chansey
|-damage|p1a: Chansey|0 fnt
|-unboost|p2a: Sweeperella|def|1
|-unboost|p2a: Sweeperella|spd|1
|faint|p1a: Chansey
|
|join|Alpha Orin
|
|switch|p1a: Raikou|Raikou|322\/322
|-damage|p1a: Raikou|282\/322|[from] Stealth Rock
|-ability|p1a: Raikou|Pressure
|turn|14
|
|move|p2a: Sweeperella|Quick Attack|p1a: Raikou
|-resisted|p1a: Raikou
|-damage|p1a: Raikou|154\/322
|move|p1a: Raikou|Volt Switch|p2a: Sweeperella
|-supereffective|p2a: Sweeperella
|-damage|p2a: Sweeperella|0 fnt
|faint|p2a: Sweeperella
|
|switch|p1a: Slowbro|Slowbro, M|394\/394
|-damage|p1a: Slowbro|345\/394|[from] Stealth Rock
|
|-heal|p1a: Slowbro|369\/394|[from] item: Leftovers
|
|switch|p2a: Google Chrome|Magnezone, shiny|169\/281
|-damage|p2a: Google Chrome|152\/281|[from] Stealth Rock
|turn|15
|
|switch|p1a: Gliscor|Gliscor, M|354\/354 tox
|-damage|p1a: Gliscor|310\/354 tox|[from] Stealth Rock
|move|p2a: Google Chrome|Volt Switch|p1a: Gliscor
|-immune|p1a: Gliscor|[msg]
|
|-heal|p1a: Gliscor|354\/354 tox|[from] ability: Poison Heal
|turn|16
|
|move|p2a: Google Chrome|Volt Switch|p1a: Gliscor
|-immune|p1a: Gliscor|[msg]
|move|p1a: Gliscor|Toxic|p2a: Google Chrome
|-fail|p2a: Google Chrome
|
|turn|17
|
|move|p2a: Google Chrome|Volt Switch|p1a: Gliscor
|-immune|p1a: Gliscor|[msg]
|move|p1a: Gliscor|Toxic|p2a: Google Chrome
|-fail|p2a: Google Chrome
|
|turn|18
|
|move|p2a: Google Chrome|Volt Switch|p1a: Gliscor
|-immune|p1a: Gliscor|[msg]
|move|p1a: Gliscor|Earthquake|p2a: Google Chrome
|-supereffective|p2a: Google Chrome
|-damage|p2a: Google Chrome|0 fnt
|faint|p2a: Google Chrome
|
|c|âAmir strikes again|lol
|
|switch|p2a: Vegetarian|Azumarill, F, shiny|342\/342
|-damage|p2a: Vegetarian|300\/342|[from] Stealth Rock
|turn|19
|c|âRhayader|ill bite
|
|move|p1a: Gliscor|Taunt|p2a: Vegetarian
|-start|p2a: Vegetarian|move: Taunt
|cant|p2a: Vegetarian|move: Taunt|Belly Drum
|
|turn|20
|c|âAmir strikes again|not bad
|c|âAmir strikes again|was risking you didn't have that
|
|switch|p2a: Hugs anyone?|Diggersby, F|311\/311
|-damage|p2a: Hugs anyone?|292\/311|[from] Stealth Rock
|move|p1a: Gliscor|Toxic|p2a: Hugs anyone?
|-status|p2a: Hugs anyone?|tox
|
|-damage|p2a: Hugs anyone?|273\/311 tox|[from] psn
|turn|21
|
|move|p2a: Hugs anyone?|Frustration|p1a: Gliscor
|-damage|p1a: Gliscor|112\/354 tox
|-damage|p2a: Hugs anyone?|242\/311 tox|[from] item: Life Orb
|move|p1a: Gliscor|Earthquake|p2a: Hugs anyone?
|-damage|p2a: Hugs anyone?|110\/311 tox
|
|-damage|p2a: Hugs anyone?|72\/311 tox|[from] psn
|-heal|p1a: Gliscor|156\/354 tox|[from] ability: Poison Heal
|turn|22
|
|switch|p1a: Slowbro|Slowbro, M|394\/394
|-damage|p1a: Slowbro|345\/394|[from] Stealth Rock
|move|p2a: Hugs anyone?|Frustration|p1a: Slowbro
|-damage|p1a: Slowbro|134\/394
|-damage|p2a: Hugs anyone?|41\/311 tox|[from] item: Life Orb
|
|-heal|p1a: Slowbro|158\/394|[from] item: Leftovers
|-damage|p2a: Hugs anyone?|0 fnt|[from] psn
|faint|p2a: Hugs anyone?
|
|switch|p2a: Vegetarian|Azumarill, F, shiny|300\/342
|-damage|p2a: Vegetarian|258\/342|[from] Stealth Rock
|turn|23
|
|move|p2a: Vegetarian|Belly Drum|p2a: Vegetarian
|-damage|p2a: Vegetarian|87\/342
|-setboost|p2a: Vegetarian|atk|6|[from] move: Belly Drum
|-enditem|p2a: Vegetarian|Sitrus Berry|[eat]
|-heal|p2a: Vegetarian|172\/342|[from] item: Sitrus Berry
|move|p1a: Slowbro|Scald|p2a: Vegetarian
|-resisted|p2a: Vegetarian
|-damage|p2a: Vegetarian|120\/342
|
|-heal|p1a: Slowbro|182\/394|[from] item: Leftovers
|turn|24
|c|âAmir strikes again|hmm?
|c| fran17|power
|
|move|p2a: Vegetarian|Waterfall|p1a: Slowbro
|-resisted|p1a: Slowbro
|-damage|p1a: Slowbro|0 fnt
|faint|p1a: Slowbro
|
|c|âAmir strikes again|lol
|
|switch|p1a: Gallade|Gallade-Mega, M|46\/277
|-damage|p1a: Gallade|29\/277|[from] Stealth Rock
|turn|25
|c|âAmir strikes again|you choked :S
|c|âRhayader|yeah
|
|move|p2a: Vegetarian|Aqua Jet|p1a: Gallade
|-damage|p1a: Gallade|0 fnt
|faint|p1a: Gallade
|
|c|âAmir strikes again|gg sir
|c|âRhayader|gg
|
|switch|p1a: Raikou|Raikou|154\/322
|-damage|p1a: Raikou|114\/322|[from] Stealth Rock
|-ability|p1a: Raikou|Pressure
|turn|26
|c| Alpha Orin|Use
|c| Alpha Orin|that
|
|move|p2a: Vegetarian|Aqua Jet|p1a: Raikou
|-damage|p1a: Raikou|0 fnt
|faint|p1a: Raikou
|
|c| Alpha Orin|volcarona to burn him
|c| Alpha Orin|Pls
|
|switch|p1a: Volcarona|Volcarona, M|312\/312
|-damage|p1a: Volcarona|156\/312|[from] Stealth Rock
|turn|27
|c|âAmir strikes again|lol
|
|move|p2a: Vegetarian|Aqua Jet|p1a: Volcarona
|-supereffective|p1a: Volcarona
|-damage|p1a: Volcarona|0 fnt
|faint|p1a: Volcarona
|
|c| Alpha Orin|what a genius
|c|âRhayader|doesnt matter anyway
|
|switch|p1a: Gliscor|Gliscor, M|156\/354 tox
|-damage|p1a: Gliscor|112\/354 tox|[from] Stealth Rock
|turn|28
|c|âAmir strikes again|true
|c|âAmir strikes again|actually it could have been a draw
|
|move|p2a: Vegetarian|Aqua Jet|p1a: Gliscor
|-supereffective|p1a: Gliscor
|-damage|p1a: Gliscor|0 fnt
|faint|p1a: Gliscor
|
|win|Amir strikes again
|raw|Ladder updating...
|raw|Rhayader's rating: 1321 &rarr; <strong>1294<\/strong><br \/>(-27 for losing)
|raw|Amir strikes again's rating: 1198 &rarr; <strong>1232<\/strong><br \/>(+34 for winning)
|c|âAmir strikes again|gg
|c|âRhayader|gg