|join|Chocolove
|join|Rhayader
|player|p1|Chocolove|3
|player|p2|Rhayader|#showtan
|gametype|singles
|gen|6
|tier|ORAS OU
|rated
|rule|Sleep Clause Mod: Limit one foe put to sleep
|rule|Species Clause: Limit one of each PokÃ©mon
|rule|OHKO Clause: OHKO moves are banned
|rule|Moody Clause: Moody is banned
|rule|Evasion Moves Clause: Evasion moves are banned
|rule|Endless Battle Clause: Forcing endless battles is banned
|rule|HP Percentage Mod: HP is shown in percentages
|clearpoke
|poke|p1|Meloetta
|poke|p1|Rotom-Wash
|poke|p1|Latios, M
|poke|p1|Landorus-Therian, M
|poke|p1|Salamence, F
|poke|p1|Sylveon, M
|poke|p2|Lairon, F
|poke|p2|Staraptor, F
|poke|p2|Ditto
|poke|p2|Salamence, M
|poke|p2|Aggron, F
|poke|p2|Infernape, F
|rule|Swagger Clause: Swagger is banned
|rule|Baton Pass Clause: Limit one PokÃ©mon knowing Baton Pass
|teampreview
|join|Tkey
|join|Trainer Ebin
|join|RectangularBrain
|c| Trainer Ebin|SMOGON\/10
|c| RectangularBrain|buy 1kg of shills on apstore
|c| RectangularBrain|plox
|join|gekk0
|join|OU: The OU
|join|lolsidkwhatimdoing
|join|free real estate
|join|a aardvark
|join|StalkerShiki
|c| lolsidkwhatimdoing|jesus this pure smogon + meloetta team
|
|start
|switch|p1a: Spice Girls|Rotom-Wash|304\/304
|switch|p2a: thanks4boosts|Ditto|299\/299
|-transform|p2a: thanks4boosts|p1a: Spice Girls
|turn|1
|join|Bookstore Coffee
|join|HingusTonger
|join|Jacobuttcheeks
|join|DalaiLana
|join|JitterSquid
|join|Rausmane
|c|âChocolove|showderp?
|c|âRhayader|standard leftovers
|c| RectangularBrain|bane?
|c| Jacobuttcheeks|shofu
|c| Rausmane|4u
|
|move|p1a: Spice Girls|Volt Switch|p2a: thanks4boosts
|-damage|p2a: thanks4boosts|247\/299
|c| DalaiLana|buy Ultra on itunes
|c| HingusTonger|derp xDDD
|join|Tash
|c| lolsidkwhatimdoing|volt, hydro, willow, pain?
|c| RectangularBrain|fuck off kile
|
|switch|p1a: Destiny's Child|Sylveon, M|394\/394
|move|p2a: thanks4boosts|Volt Switch|p1a: Destiny's Child
|-damage|p1a: Destiny's Child|330\/394
|c| StalkerShiki|good luck shofu, u de man
|c|âRhayader|y
|c| lolsidkwhatimdoing|or what's standard?
|c| Rausmane|>he followed us here
|join|Sabrecocks
|c| lolsidkwhatimdoing|k
|
|switch|p2a: Guess le mega|Aggron, F|282\/282
|
|-heal|p1a: Destiny's Child|354\/394|[from] item: Leftovers
|turn|2
|join|Balkwater
|
|switch|p1a: Spice Girls|Rotom-Wash|304\/304
|move|p2a: Guess le mega|Head Smash|p1a: Spice Girls
|-damage|p1a: Spice Girls|141\/304
|
|-heal|p1a: Spice Girls|160\/304|[from] item: Leftovers
|turn|3
|c| RectangularBrain|mfw eq sylveon
|c| JitterSquid|he sees a big market opportunity obvz
|c| DalaiLana|hi
|
|move|p2a: Guess le mega|Head Smash|p1a: Spice Girls
|-damage|p1a: Spice Girls|0 fnt
|faint|p1a: Spice Girls
|
|join|atomic dog
|c| Trainer Ebin|ayy
|c| HingusTonger|smashing
|
|switch|p1a: B2K|Landorus-Therian, M|382\/382
|-ability|p1a: B2K|Intimidate|[of] p2a: Guess le mega
|-unboost|p2a: Guess le mega|atk|1
|turn|4
|c| Jacobuttcheeks|smashed
|c| RectangularBrain|d\/:^) u tip my baseball hat to you
|
|switch|p2a: thanks4boosts|Ditto|247\/299
|-transform|p2a: thanks4boosts|p1a: B2K
|-ability|p2a: thanks4boosts|Intimidate|[of] p1a: B2K
|-unboost|p1a: B2K|atk|1
|move|p1a: B2K|Stealth Rock|p2a: thanks4boosts
|-sidestart|p2: Rhayader|move: Stealth Rock
|
|turn|5
|c| DalaiLana|Buy Ultraiolence by lana del rey on itunes
|c| lolsidkwhatimdoing|muh rox
|c| Trainer Ebin|deploy
|c| gekk0|kek
|c| atomic dog|memes memes memes memes
|c|âRhayader|rocks\/stone edge\/u-turn\/eq
|c| RectangularBrain|\/me unsheathens pebbles
|c| lolsidkwhatimdoing|deploy them back
|c| RectangularBrain|>ROCK
|c| RectangularBrain|>NOT KNOCK OFF
|c| RectangularBrain|shiet
|c| RectangularBrain|thats som orginal set
|
|move|p2a: thanks4boosts|U-turn|p1a: B2K
|-resisted|p1a: B2K
|-damage|p1a: B2K|348\/382
|c| Rausmane|Deploy pebbles
|c| RectangularBrain|donut steel
|c| lolsidkwhatimdoing|>trying to donk
|c| Rausmane|y-turn
|c| RectangularBrain|mfw he u turns too
|
|switch|p2a: Mother says....|Salamence, M|331\/331
|-damage|p2a: Mother says....|249\/331|[from] Stealth Rock
|-ability|p2a: Mother says....|Intimidate|[of] p1a: B2K
|-unboost|p1a: B2K|atk|1
|move|p1a: B2K|U-turn|p2a: Mother says....
|-resisted|p2a: Mother says....
|-damage|p2a: Mother says....|224\/331
|c| atomic dog|double intimmidate
|
|switch|p1a: Backstreet Boys|Latios, M|301\/301
|
|turn|6
|c| OU: The OU|outmemed
|c| RectangularBrain|dargons
|c| atomic dog|**LATIOS**
|
|switch|p1a: B2K|Landorus-Therian, M|348\/382
|-ability|p1a: B2K|Intimidate|[of] p2a: Mother says....
|-unboost|p2a: Mother says....|atk|1
|switch|p2a: Guess le mega|Aggron, F|282\/282
|-damage|p2a: Guess le mega|265\/282|[from] Stealth Rock
|
|-heal|p1a: B2K|371\/382|[from] item: Leftovers
|turn|7
|c| Trainer Ebin|haha mom dragons
|c| atomic dog|outmemed
|
|switch|p2a: thanks4boosts|Ditto|247\/299
|-damage|p2a: thanks4boosts|210\/299|[from] Stealth Rock
|-transform|p2a: thanks4boosts|p1a: B2K
|-ability|p2a: thanks4boosts|Intimidate|[of] p1a: B2K
|-unboost|p1a: B2K|atk|1
|move|p1a: B2K|Earthquake|p2a: thanks4boosts
|-immune|p2a: thanks4boosts|[msg]
|
|-heal|p1a: B2K|382\/382|[from] item: Leftovers
|turn|8
|c| RectangularBrain|dragons are strongest pokemon ok
|c| Jacobuttcheeks|why are all of your pokemon named after pop groups from the late 90's
|c| gekk0|kek
|c| RectangularBrain|us 90 kids
|
|move|p1a: B2K|U-turn|p2a: thanks4boosts
|-resisted|p2a: thanks4boosts
|-damage|p2a: thanks4boosts|185\/299
|c| RectangularBrain|rite
|
|switch|p1a: Destiny's Child|Sylveon, M|354\/394
|move|p2a: thanks4boosts|Stone Edge|p1a: Destiny's Child
|-damage|p1a: Destiny's Child|247\/394
|
|-heal|p1a: Destiny's Child|271\/394|[from] item: Leftovers
|turn|9
|c| atomic dog|ONLY 90's kids
|
|move|p2a: thanks4boosts|U-turn|p1a: Destiny's Child
|-resisted|p1a: Destiny's Child
|-damage|p1a: Destiny's Child|231\/394
|c| lolsidkwhatimdoing|>27%
|join|waffletiger
|c| Jacobuttcheeks|only 90's kids will remember this meme xDDD
|
|switch|p2a: Guess le mega|Aggron, F|265\/282
|-damage|p2a: Guess le mega|248\/282|[from] Stealth Rock
|move|p1a: Destiny's Child|Wish|p1a: Destiny's Child
|
|-heal|p1a: Destiny's Child|255\/394|[from] item: Leftovers
|turn|10
|c| RectangularBrain|back in my time there was only 420 pokemon
|
|switch|p1a: B2K|Landorus-Therian, M|382\/382
|-ability|p1a: B2K|Intimidate|[of] p2a: Guess le mega
|-unboost|p2a: Guess le mega|atk|1
|move|p2a: Guess le mega|Head Smash|p1a: B2K|[miss]
|-miss|p2a: Guess le mega|p1a: B2K
|
|turn|11
|c| atomic dog|blaze it
|
|switch|p2a: Mother says....|Salamence, M|224\/331
|-damage|p2a: Mother says....|142\/331|[from] Stealth Rock
|-ability|p2a: Mother says....|Intimidate|[of] p1a: B2K
|-unboost|p1a: B2K|atk|1
|move|p1a: B2K|Stone Edge|p2a: Mother says....
|-crit|p2a: Mother says....
|-supereffective|p2a: Mother says....
|-damage|p2a: Mother says....|0 fnt
|faint|p2a: Mother says....
|
|c| atomic dog|Hi im 12 what is this
|c| RectangularBrain|arent you a little young
|c| lolsidkwhatimdoing|>getting donked
|c|âRhayader|mattered
|c| atomic dog|donked to death
|c| lolsidkwhatimdoing|>this hard
|c| RectangularBrain|for a dank memes
|c| a aardvark|remt
|c| atomic dog|I prefer my memes dank
|c| Jacobuttcheeks|pokemon number 420 is cherubi which is a grass type like weed hahahaha get it? XDDD
|c| atomic dog|memebase.com
|
|switch|p2a: Guess le mega|Aggron, F|248\/282
|-damage|p2a: Guess le mega|231\/282|[from] Stealth Rock
|turn|12
|c| RectangularBrain|niceme.me
|c| atomic dog|for ll your dank meeme neeeds
|
|move|p2a: Guess le mega|Ice Punch|p1a: B2K
|-supereffective|p1a: B2K
|-damage|p1a: B2K|102\/382
|-status|p1a: B2K|frz
|cant|p1a: B2K|frz
|
|-heal|p1a: B2K|125\/382 frz|[from] item: Leftovers
|turn|13
|c| OU: The OU|kek
|c| gekk0|kek
|c| lolsidkwhatimdoing|KEK
|c| RectangularBrain|ay
|c| HingusTonger|skilled
|c| atomic dog|LET IT GO
|c| Jacobuttcheeks|stay frosty
|c| RectangularBrain|memed on
|
|switch|p1a: Destiny's Child|Sylveon, M|255\/394
|move|p2a: Guess le mega|Ice Punch|p1a: Destiny's Child
|-damage|p1a: Destiny's Child|176\/394
|
|-heal|p1a: Destiny's Child|200\/394|[from] item: Leftovers
|turn|14
|c|âRhayader|oscar mike
|c| Rausmane|memed2death
|join|King Nosepass
|c| atomic dog|not ironu
|
|move|p2a: Guess le mega|Ice Punch|p1a: Destiny's Child
|-crit|p1a: Destiny's Child
|-damage|p1a: Destiny's Child|77\/394
|move|p1a: Destiny's Child|Wish|p1a: Destiny's Child
|
|-heal|p1a: Destiny's Child|101\/394|[from] item: Leftovers
|turn|15
|c| King Nosepass|kek
|c| RectangularBrain|porsect
|c| King Nosepass|Pruhtect
|c| lolsidkwhatimdoing|keep icing imo
|
|move|p2a: Guess le mega|Ice Punch|p1a: Destiny's Child
|-damage|p1a: Destiny's Child|27\/394
|move|p1a: Destiny's Child|Heal Bell|p1a: Destiny's Child
|-cureteam|p1a: Destiny's Child|[from] move: HealBell
|
|-heal|p1a: Destiny's Child|224\/394|[from] move: Wish|[wisher] Destiny's Child
|-heal|p1a: Destiny's Child|248\/394|[from] item: Leftovers
|turn|16
|c| gekk0|use cock polish
|c| King Nosepass|ice ice baby
|c| lolsidkwhatimdoing|>19%
|c| Rausmane|Stay frosty
|c| atomic dog|not wuite rekt
|c| King Nosepass|NO
|c| Jacobuttcheeks|defrosted
|c| Trainer Ebin|mandibuzz japanese name is vulgina lel XDDDD
|c| King Nosepass|NOOOO
|c| lolsidkwhatimdoing|welp
|
|move|p2a: Guess le mega|Ice Punch|p1a: Destiny's Child
|-damage|p1a: Destiny's Child|175\/394
|move|p1a: Destiny's Child|Wish|p1a: Destiny's Child
|
|-heal|p1a: Destiny's Child|199\/394|[from] item: Leftovers
|turn|17
|c| OU: The OU|:DDDDDDDDD
|join|Zucchini
|c| gekk0|frz when
|c| OU: The OU|le fug
|
|move|p2a: Guess le mega|Ice Punch|p1a: Destiny's Child
|-damage|p1a: Destiny's Child|124\/394
|move|p1a: Destiny's Child|Hyper Voice|p2a: Guess le mega
|-resisted|p2a: Guess le mega
|-damage|p2a: Guess le mega|112\/282
|
|-heal|p1a: Destiny's Child|321\/394|[from] move: Wish|[wisher] Destiny's Child
|-heal|p1a: Destiny's Child|345\/394|[from] item: Leftovers
|turn|18
|c| Jacobuttcheeks|yelled at
|c|âRhayader|fug
|c| RectangularBrain|resist
|c| Trainer Ebin|you know vagina lel xd
|c| lolsidkwhatimdoing|send steel kill
|c| RectangularBrain|M-MASTER I...
|
|switch|p2a: Monkey Magic|Infernape, F|294\/294
|-damage|p2a: Monkey Magic|258\/294|[from] Stealth Rock
|move|p1a: Destiny's Child|Wish|p1a: Destiny's Child
|
|-heal|p1a: Destiny's Child|369\/394|[from] item: Leftovers
|turn|19
|
|move|p2a: Monkey Magic|Taunt|p1a: Destiny's Child
|-start|p1a: Destiny's Child|move: Taunt
|move|p1a: Destiny's Child|Hyper Voice|p2a: Monkey Magic
|-damage|p2a: Monkey Magic|53\/294
|
|-heal|p1a: Destiny's Child|394\/394|[from] move: Wish|[wisher] Destiny's Child
|turn|20
|c| RectangularBrain|SPLENDID
|c| Jacobuttcheeks|spectacles 
|
|move|p2a: Monkey Magic|Overheat|p1a: Destiny's Child
|-damage|p1a: Destiny's Child|181\/394
|-unboost|p2a: Monkey Magic|spa|2
|move|p1a: Destiny's Child|Hyper Voice|p2a: Monkey Magic
|-damage|p2a: Monkey Magic|0 fnt
|faint|p2a: Monkey Magic
|
|-heal|p1a: Destiny's Child|205\/394|[from] item: Leftovers
|leave|a aardvark
|c| atomic dog|monkey magek
|leave|HingusTonger
|c| atomic dog|it is ogre btw
|c| Rausmane|meme magic
|c| RectangularBrain|<|:^) gas the kikes
|c| atomic dog|meme the memes
|c| Trainer Ebin|git gud
|
|switch|p2a: Guess le mega|Aggron, F|112\/282
|-damage|p2a: Guess le mega|95\/282|[from] Stealth Rock
|turn|21
|
|move|p2a: Guess le mega|Head Smash|p1a: Destiny's Child|[miss]
|-miss|p2a: Guess le mega|p1a: Destiny's Child
|move|p1a: Destiny's Child|Hyper Voice|p2a: Guess le mega
|-resisted|p2a: Guess le mega
|-damage|p2a: Guess le mega|0 fnt
|faint|p2a: Guess le mega
|
|-heal|p1a: Destiny's Child|229\/394|[from] item: Leftovers
|-end|p1a: Destiny's Child|move: Taunt
|c| RectangularBrain|ay
|c|âRhayader|why
|c| StalkerShiki|ok
|c| lolsidkwhatimdoing|>all this miss
|c| Trainer Ebin|<|:^) O O O o >
|
|switch|p2a: thanks4boosts|Ditto|185\/299
|-damage|p2a: thanks4boosts|148\/299|[from] Stealth Rock
|-transform|p2a: thanks4boosts|p1a: Destiny's Child
|turn|22
|
|move|p1a: Destiny's Child|Wish|p1a: Destiny's Child
|move|p2a: thanks4boosts|Hyper Voice|p1a: Destiny's Child
|-damage|p1a: Destiny's Child|112\/394
|
|-heal|p1a: Destiny's Child|136\/394|[from] item: Leftovers
|turn|23
|c| lolsidkwhatimdoing|wishu
|c| atomic dog|You should use an 8 instead of : so it is specs weedle
|c| RectangularBrain|>thanks for boosts
|
|move|p1a: Destiny's Child|Hyper Voice|p2a: thanks4boosts
|-damage|p2a: thanks4boosts|69\/299
|move|p2a: thanks4boosts|Hyper Voice|p1a: Destiny's Child
|-damage|p1a: Destiny's Child|30\/394
|
|-heal|p1a: Destiny's Child|227\/394|[from] move: Wish|[wisher] Destiny's Child
|-heal|p1a: Destiny's Child|251\/394|[from] item: Leftovers
|turn|24
|c| RectangularBrain|>champ never got boosts on ditto
|c| atomic dog|<|8^) O O O o >
|c| Trainer Ebin|<|Ðo) O O O o>
|
|switch|p2a: HRSC|Lairon, F|324\/324
|-damage|p2a: HRSC|304\/324|[from] Stealth Rock
|move|p1a: Destiny's Child|Wish|p1a: Destiny's Child
|
|-heal|p1a: Destiny's Child|275\/394|[from] item: Leftovers
|turn|25
|c| lolsidkwhatimdoing|>not wishing when you had the chance
|c| lolsidkwhatimdoing|chimp a limp
|c| atomic dog|<|80) O O O o >
|c|âRhayader|>implying i can wish
|c| lolsidkwhatimdoing|oh wow that lag
|
|switch|p1a: B2K|Landorus-Therian, M|125\/382
|-ability|p1a: B2K|Intimidate|[of] p2a: HRSC
|-unboost|p2a: HRSC|atk|1
|move|p2a: HRSC|Head Smash|p1a: B2K|[miss]
|-miss|p2a: HRSC|p1a: B2K
|
|-heal|p1a: B2K|322\/382|[from] move: Wish|[wisher] Destiny's Child
|-heal|p1a: B2K|345\/382|[from] item: Leftovers
|turn|26
|leave|waffletiger
|c| RectangularBrain|ay
|c| Jacobuttcheeks|>not wishing upon a star
|c|âRhayader|>>>>>>>>>>>>
|c| Trainer Ebin|80% = 0%
|c| Jacobuttcheeks|>to find out where you are
|c| RectangularBrain|SOMEBODY
|c| Rausmane|>lierally losing to gay evee
|
|move|p1a: B2K|Earthquake|p2a: HRSC
|-supereffective|p2a: HRSC
|-damage|p2a: HRSC|48\/324
|move|p2a: HRSC|Curse|p2a: HRSC
|-boost|p2a: HRSC|atk|1
|-boost|p2a: HRSC|def|1
|-unboost|p2a: HRSC|spe|1
|
|-heal|p1a: B2K|368\/382|[from] item: Leftovers
|turn|27
|c| lolsidkwhatimdoing|>cursing
|c| RectangularBrain|very good
|c|âChocolove|lel
|
|switch|p2a: thanks4boosts|Ditto|69\/299
|-damage|p2a: thanks4boosts|32\/299|[from] Stealth Rock
|-transform|p2a: thanks4boosts|p1a: B2K
|-ability|p2a: thanks4boosts|Intimidate|[of] p1a: B2K
|-unboost|p1a: B2K|atk|1
|move|p1a: B2K|Earthquake|p2a: thanks4boosts
|-immune|p2a: thanks4boosts|[msg]
|
|-heal|p1a: B2K|382\/382|[from] item: Leftovers
|turn|28
|leave|Zucchini
|c|âRhayader|its not like i have anything else
|
|move|p1a: B2K|U-turn|p2a: thanks4boosts
|-resisted|p2a: thanks4boosts
|-damage|p2a: thanks4boosts|10\/299
|
|switch|p1a: N.E.R.D.|Salamence, F|331\/331
|-ability|p1a: N.E.R.D.|Intimidate|[of] p2a: thanks4boosts
|-unboost|p2a: thanks4boosts|atk|1
|move|p2a: thanks4boosts|Stone Edge|p1a: N.E.R.D.
|-supereffective|p1a: N.E.R.D.
|-damage|p1a: N.E.R.D.|145\/331
|
|turn|29
|c| Jacobuttcheeks|dinkled
|
|detailschange|p1a: N.E.R.D.|Salamence-Mega, F
|message|Salamence has Mega Evolved into Mega Salamence!
|move|p1a: N.E.R.D.|Dragon Dance|p1a: N.E.R.D.
|-boost|p1a: N.E.R.D.|atk|1
|-boost|p1a: N.E.R.D.|spe|1
|move|p2a: thanks4boosts|Stone Edge|p1a: N.E.R.D.
|-supereffective|p1a: N.E.R.D.
|-damage|p1a: N.E.R.D.|23\/331
|
|turn|30
|c| Trainer Ebin|NERD
|c| Jacobuttcheeks|BALK
|c| lolsidkwhatimdoing|holy balk
|
|move|p1a: N.E.R.D.|Dragon Claw|p2a: thanks4boosts
|-damage|p2a: thanks4boosts|0 fnt
|faint|p2a: thanks4boosts
|
|
|switch|p2a: Superstar|Staraptor, F|318\/318
|-damage|p2a: Superstar|239\/318|[from] Stealth Rock
|turn|31
|c| lolsidkwhatimdoing|well at least not 6-0
|c|âRhayader|pls no investment
|c| atomic dog|reveal priority
|c| RectangularBrain|NERD
|
|move|p1a: N.E.R.D.|Frustration|p2a: Superstar
|-damage|p2a: Superstar|0 fnt
|faint|p2a: Superstar
|
|c| Jacobuttcheeks|grr
|
|switch|p2a: HRSC|Lairon, F|48\/324
|-damage|p2a: HRSC|28\/324|[from] Stealth Rock
|turn|32
|join|a aardvark
|c| atomic dog|frustrated nerd hits too close to home
|c|âChocolove|what a lame champ
|
|move|p1a: N.E.R.D.|Earthquake|p2a: HRSC
|-supereffective|p2a: HRSC
|-damage|p2a: HRSC|0 fnt
|faint|p2a: HRSC
|
|win|Chocolove
|raw|Ladder updating...
|raw|Chocolove's rating: 1216 &rarr; <strong>1233<\/strong><br \/>(+17 for winning)
|raw|Rhayader's rating: 1107 &rarr; <strong>1090<\/strong><br \/>(-17 for losing)
|leave|Chocolove
|player|p1
|c| Jacobuttcheeks|kek
|c| Tash|nerd
|leave|Jacobuttcheeks
|c|âRhayader|rude
|leave|Tash
|c| Trainer Ebin|nipples.
|leave|Rausmane
|c| RectangularBrain|heh.........
|leave|Rhayader
|player|p2
|leave|JitterSquid
|c| RectangularBrain|........no match for me..........
|join|MlkdoFunk83
|leave|Trainer Ebin
|leave|Tkey
|leave|gekk0
|leave|RectangularBrain