|join|wish killer
|join|Rhayader
|player|p1|wish killer|1
|player|p2|Rhayader|40
|gametype|singles
|gen|6
|tier|OU
|rated
|clearpoke
|poke|p1|Bisharp, F
|poke|p1|Venusaur, F
|poke|p1|Heatran, F
|poke|p1|Keldeo
|poke|p1|Chansey, F
|poke|p1|Skarmory, M
|poke|p2|Zapdos
|poke|p2|Toxicroak, M
|poke|p2|Altaria, M
|poke|p2|Empoleon, M
|poke|p2|Rotom-Heat
|poke|p2|Bisharp, F
|rule|Swagger Clause: Swagger is banned
|rule|Baton Pass Clause: Limit one PokÃ©mon knowing Baton Pass
|rule|Sleep Clause Mod: Limit one foe put to sleep
|rule|Species Clause: Limit one of each PokÃ©mon
|rule|OHKO Clause: OHKO moves are banned
|rule|Moody Clause: Moody is banned
|rule|Evasion Moves Clause: Evasion moves are banned
|rule|Endless Battle Clause: Forcing endless battles is banned
|rule|HP Percentage Mod: HP is shown in percentages
|teampreview
|join|MrWhite
|join|Apple 3.14
|join|Ebinola
|join|Dokidoki
|c| MrWhite|sanic
|c| MrWhite|heros
|leave|Dokidoki
|join|Aminiscent
|c| Apple 3.14|smogon  nerd
|join|Metan
|join|Smogon-Tan
|
|start
|switch|p1a: Heatran|Heatran, F|340\/340
|switch|p2a: ghost oven|Rotom-Heat|304\/304
|-item|p1a: Heatran|Air Balloon
|turn|1
|c| Metan|how strange
|
|move|p1a: Heatran|Toxic|p2a: ghost oven
|-status|p2a: ghost oven|tox
|move|p2a: ghost oven|Volt Switch|p1a: Heatran
|-damage|p1a: Heatran|259\/340
|-enditem|p1a: Heatran|Air Balloon
|c| Ebinola|lefanny speedtran
|
|switch|p2a: zap7|Zapdos|364\/364
|-ability|p2a: zap7|Pressure
|
|turn|2
|c| Metan|zap7
|
|move|p1a: Heatran|Toxic|p2a: zap7
|-status|p2a: zap7|tox
|move|p2a: zap7|Thunderbolt|p1a: Heatran
|-damage|p1a: Heatran|39\/340
|-damage|p2a: zap7|328\/364 tox|[from] item: Life Orb
|
|-damage|p2a: zap7|306\/364 tox|[from] psn
|turn|3
|c| Metan|le toxic everything
|c| Apple 3.14|rekt
|c| Ebinola|epic
|
|switch|p1a: Chansey|Chansey, F|684\/684
|move|p2a: zap7|Thunderbolt|p1a: Chansey
|-damage|p1a: Chansey|544\/684
|-damage|p2a: zap7|270\/364 tox|[from] item: Life Orb
|
|-damage|p2a: zap7|226\/364 tox|[from] psn
|turn|4
|
|switch|p2a: sky toad|Altaria, M|299\/299
|move|p1a: Chansey|Seismic Toss|p2a: sky toad
|-damage|p2a: sky toad|199\/299
|
|turn|5
|
|switch|p1a: Heatran|Heatran, F|39\/340
|detailschange|p2a: sky toad|Altaria-Mega, M
|message|Altaria has Mega Evolved into Mega Altaria!
|move|p2a: sky toad|Heal Bell|p2a: sky toad
|-cureteam|p2a: sky toad|[from] move: HealBell
|
|turn|6
|
|move|p1a: Heatran|Toxic|p2a: sky toad
|-status|p2a: sky toad|tox
|move|p2a: sky toad|Return|p1a: Heatran
|-resisted|p1a: Heatran
|-damage|p1a: Heatran|0 fnt
|faint|p1a: Heatran
|
|-damage|p2a: sky toad|181\/299 tox|[from] psn
|c| Apple 3.14|so smogon it hurts
|c| Ebinola|>
|c| Metan|**TOXIC EVERYTHING**
|
|switch|p1a: Bisharp|Bisharp, F|334\/334
|turn|7
|c| Ebinola|>MAYBE IF I USE TOXIC I'LL WIN
|
|switch|p2a: ghost oven|Rotom-Heat|304\/304
|move|p1a: Bisharp|Iron Head|p2a: ghost oven
|-resisted|p2a: ghost oven
|-damage|p2a: ghost oven|278\/304
|
|-heal|p2a: ghost oven|297\/304|[from] item: Leftovers
|turn|8
|c| Metan|pft
|
|switch|p1a: Chansey|Chansey, F|544\/684
|move|p2a: ghost oven|Will-O-Wisp|p1a: Chansey
|-status|p1a: Chansey|brn
|
|-heal|p2a: ghost oven|304\/304|[from] item: Leftovers
|-damage|p1a: Chansey|459\/684 brn|[from] brn
|turn|9
|c| Apple 3.14|>this guy got to #4 by spamming toxic
|c| Apple 3.14|ayy
|
|move|p2a: ghost oven|Pain Split|p1a: Chansey
|-sethp|p1a: Chansey|381\/684 brn|p2a: ghost oven|304\/304|[from] move: Pain Split
|move|p1a: Chansey|Seismic Toss|p2a: ghost oven
|-damage|p2a: ghost oven|204\/304
|
|-heal|p2a: ghost oven|223\/304|[from] item: Leftovers
|-damage|p1a: Chansey|296\/684 brn|[from] brn
|turn|10
|c| Apple 3.14|nice skill m8
|c| Metan|yes goyim keep hitting me
|
|move|p2a: ghost oven|Volt Switch|p1a: Chansey
|-damage|p1a: Chansey|245\/684 brn
|
|switch|p2a: le 5050 man|Bisharp, F|271\/271
|move|p1a: Chansey|Soft-Boiled|p1a: Chansey
|-heal|p1a: Chansey|587\/684 brn
|
|-damage|p1a: Chansey|502\/684 brn|[from] brn
|turn|11
|
|switch|p1a: Keldeo|Keldeo|323\/323
|move|p2a: le 5050 man|Knock Off|p1a: Keldeo
|-resisted|p1a: Keldeo
|-damage|p1a: Keldeo|209\/323
|-boost|p1a: Keldeo|atk|1|[from] ability: Justified
|-enditem|p1a: Keldeo|Leftovers|[from] move: Knock Off|[of] p2a: le 5050 man
|
|turn|12
|c| Aminiscent|there are like 3 or 4 players in very high elo that uses the exact same team
|
|switch|p2a: frog meme|Toxicroak, M|307\/307
|move|p1a: Keldeo|Calm Mind|p1a: Keldeo
|-boost|p1a: Keldeo|spa|1
|-boost|p1a: Keldeo|spd|1
|
|turn|13
|
|switch|p1a: Skarmory|Skarmory, M|334\/334
|move|p2a: frog meme|Gunk Shot|p1a: Skarmory
|-immune|p1a: Skarmory|[msg]
|
|turn|14
|join|uCan'tSeeMe
|c| Metan|dinkledink
|
|switch|p2a: ayy lmao|Empoleon, M|372\/372
|move|p1a: Skarmory|Spikes|p2a: ayy lmao
|-sidestart|p2: Rhayader|Spikes
|
|turn|15
|
|switch|p1a: Bisharp|Bisharp, F|334\/334
|move|p2a: ayy lmao|Defog|p1a: Bisharp
|-unboost|p1a: Bisharp|evasion|1
|-boost|p1a: Bisharp|atk|2|[from] ability: Defiant
|-sideend|p2: Rhayader|Spikes|[from] move: Defog|[of] p2a: ayy lmao
|
|turn|16
|c|âRhayader|shit
|c| Metan|pls
|c|âRhayader|misclick....
|
|move|p1a: Bisharp|Knock Off|p2a: ayy lmao
|-damage|p2a: ayy lmao|0 fnt
|-enditem|p2a: ayy lmao|Leftovers|[from] move: Knock Off|[of] p1a: Bisharp
|faint|p2a: ayy lmao
|
|c| uCan'tSeeMe|go bloody!
|c| Ebinola|toade
|
|switch|p2a: frog meme|Toxicroak, M|307\/307
|turn|17
|
|switch|p1a: Skarmory|Skarmory, M|334\/334
|move|p2a: frog meme|Drain Punch|p1a: Skarmory
|-damage|p1a: Skarmory|258\/334
|-damage|p2a: frog meme|256\/307|[from] item: Rocky Helmet|[of] p1a: Skarmory
|
|-heal|p2a: frog meme|275\/307|[from] item: Black Sludge
|turn|18
|
|switch|p2a: zap7|Zapdos|226\/364
|-ability|p2a: zap7|Pressure
|move|p1a: Skarmory|Spikes|p2a: zap7
|-sidestart|p2: Rhayader|Spikes
|
|turn|19
|
|switch|p1a: Chansey|Chansey, F|502\/684
|move|p2a: zap7|Roost|p2a: zap7
|-heal|p2a: zap7|364\/364
|
|turn|20
|c| Metan|I NEED SPIKES
|
|switch|p2a: sky toad|Altaria-Mega, M|181\/299 tox
|-damage|p2a: sky toad|144\/299 tox|[from] Spikes
|move|p1a: Chansey|Seismic Toss|p2a: sky toad
|-damage|p2a: sky toad|44\/299 tox
|
|-damage|p2a: sky toad|26\/299 tox|[from] psn
|turn|21
|
|switch|p1a: Bisharp|Bisharp, F|334\/334
|move|p2a: sky toad|Roost|p2a: sky toad
|-heal|p2a: sky toad|176\/299 tox
|
|-damage|p2a: sky toad|140\/299 tox|[from] psn
|turn|22
|c| Metan|you're screwedimo
|c| Metan|ok
|
|switch|p2a: ghost oven|Rotom-Heat|223\/304
|move|p1a: Bisharp|Knock Off|p2a: ghost oven
|-damage|p2a: ghost oven|93\/304
|-enditem|p2a: ghost oven|Leftovers|[from] move: Knock Off|[of] p1a: Bisharp
|
|turn|23
|
|switch|p1a: Chansey|Chansey, F|502\/684
|move|p2a: ghost oven|Will-O-Wisp|p1a: Chansey
|-status|p1a: Chansey|brn
|
|-damage|p1a: Chansey|417\/684 brn|[from] brn
|turn|24
|c| uCan'tSeeMe|so, somebody else logged into your account?
|
|move|p2a: ghost oven|Volt Switch|p1a: Chansey
|-crit|p1a: Chansey
|-damage|p1a: Chansey|336\/684 brn
|c| Ebinola|>not safety goggles rotom to donk le spore
|c| Ebinola|shit pleb
|
|switch|p2a: le 5050 man|Bisharp, F|271\/271
|-damage|p2a: le 5050 man|238\/271|[from] Spikes
|move|p1a: Chansey|Seismic Toss|p2a: le 5050 man
|-damage|p2a: le 5050 man|138\/271
|
|-damage|p1a: Chansey|251\/684 brn|[from] brn
|turn|25
|c|âwish killer|yes
|
|move|p2a: le 5050 man|Swords Dance|p2a: le 5050 man
|-boost|p2a: le 5050 man|atk|2
|move|p1a: Chansey|Thunder Wave|p2a: le 5050 man
|-status|p2a: le 5050 man|par
|
|-damage|p1a: Chansey|166\/684 brn|[from] brn
|turn|26
|c| Metan|wew
|c| Ebinola|GOOD
|c| Ebinola|JOB
|
|move|p1a: Chansey|Seismic Toss|p2a: le 5050 man
|-damage|p2a: le 5050 man|38\/271 par
|move|p2a: le 5050 man|Knock Off|p1a: Chansey
|-crit|p1a: Chansey
|-damage|p1a: Chansey|0 fnt
|-enditem|p1a: Chansey|Eviolite|[from] move: Knock Off|[of] p2a: le 5050 man
|faint|p1a: Chansey
|
|
|switch|p1a: Bisharp|Bisharp, F|334\/334
|turn|27
|c| uCan'tSeeMe|i wasnt here for the last 2 weeks, did you change your password?
|
|move|p2a: le 5050 man|Sucker Punch|p1a: Bisharp
|-resisted|p1a: Bisharp
|-damage|p1a: Bisharp|137\/334
|move|p1a: Bisharp|Knock Off|p2a: le 5050 man
|-resisted|p2a: le 5050 man
|-damage|p2a: le 5050 man|0 fnt
|-enditem|p2a: le 5050 man|Black Glasses|[from] move: Knock Off|[of] p1a: Bisharp
|faint|p2a: le 5050 man
|
|-heal|p1a: Bisharp|157\/334|[from] item: Leftovers
|c| uCan'tSeeMe|you better do
|
|switch|p2a: zap7|Zapdos|364\/364
|-ability|p2a: zap7|Pressure
|turn|28
|
|switch|p1a: Venusaur|Venusaur, F|364\/364
|move|p2a: zap7|Heat Wave|p1a: Venusaur
|-supereffective|p1a: Venusaur
|-damage|p1a: Venusaur|60\/364
|-damage|p2a: zap7|328\/364|[from] item: Life Orb
|
|turn|29
|c| Metan|unf
|
|detailschange|p1a: Venusaur|Venusaur-Mega, F
|message|Venusaur has Mega Evolved into Mega Venusaur!
|move|p2a: zap7|Thunderbolt|p1a: Venusaur
|-resisted|p1a: Venusaur
|-damage|p1a: Venusaur|0 fnt
|-damage|p2a: zap7|292\/364|[from] item: Life Orb
|faint|p1a: Venusaur
|
|
|switch|p1a: Bisharp|Bisharp, F|157\/334
|turn|30
|
|move|p1a: Bisharp|Sucker Punch|p2a: zap7
|-damage|p2a: zap7|121\/364
|move|p2a: zap7|Thunderbolt|p1a: Bisharp
|-damage|p1a: Bisharp|0 fnt
|-damage|p2a: zap7|85\/364|[from] item: Life Orb
|faint|p1a: Bisharp
|
|
|switch|p1a: Keldeo|Keldeo|209\/323
|turn|31
|c| Ebinola|Use rused
|
|move|p1a: Keldeo|Icy Wind|p2a: zap7
|-supereffective|p2a: zap7
|-damage|p2a: zap7|0 fnt
|faint|p2a: zap7
|
|c| uCan'tSeeMe|and: do you have any idea what bitch that was??
|c|âwish killer|zenzo
|c| Ebinola|you lose tbh
|
|switch|p2a: frog meme|Toxicroak, M|275\/307
|-damage|p2a: frog meme|237\/307|[from] Spikes
|turn|32
|c| uCan'tSeeMe|oh my god
|
|switch|p1a: Skarmory|Skarmory, M|258\/334
|move|p2a: frog meme|Drain Punch|p1a: Skarmory
|-damage|p1a: Skarmory|180\/334
|-heal|p2a: frog meme|276\/307|[from] drain|[of] p1a: Skarmory
|-damage|p2a: frog meme|225\/307|[from] item: Rocky Helmet|[of] p1a: Skarmory
|
|-heal|p2a: frog meme|244\/307|[from] item: Black Sludge
|turn|33
|c| Ebinola|dance w me bby
|c| uCan'tSeeMe|retard
|
|move|p2a: frog meme|Swords Dance|p2a: frog meme
|-boost|p2a: frog meme|atk|2
|move|p1a: Skarmory|Brave Bird|p2a: frog meme
|-supereffective|p2a: frog meme
|-damage|p2a: frog meme|0 fnt
|-damage|p1a: Skarmory|99\/334|[from] recoil|[of] p2a: frog meme
|faint|p2a: frog meme
|
|c| Ebinola|u literally lose
|c| Metan|>>>
|c| Ebinola|to tihs
|
|switch|p2a: ghost oven|Rotom-Heat|93\/304
|turn|34
|c| Ebinola|bb inc
|c| Metan|nah
|
|move|p2a: ghost oven|Volt Switch|p1a: Skarmory
|-supereffective|p1a: Skarmory
|-damage|p1a: Skarmory|0 fnt
|faint|p1a: Skarmory
|
|switch|p2a: sky toad|Altaria-Mega, M|140\/299 tox
|-damage|p2a: sky toad|103\/299 tox|[from] Spikes
|
|-damage|p2a: sky toad|85\/299 tox|[from] psn
|
|switch|p1a: Keldeo|Keldeo|209\/323
|turn|35
|
|move|p1a: Keldeo|Icy Wind|p2a: sky toad
|-supereffective|p2a: sky toad
|-damage|p2a: sky toad|0 fnt
|faint|p2a: sky toad
|
|c| Metan|well zhemp
|
|switch|p2a: ghost oven|Rotom-Heat|93\/304
|turn|36
|
|move|p1a: Keldeo|Scald|p2a: ghost oven
|-supereffective|p2a: ghost oven
|-damage|p2a: ghost oven|0 fnt
|faint|p2a: ghost oven
|
|win|wish killer
|raw|Ladder updating...
|c| uCan'tSeeMe|good job bloody
|raw|wish killer's rating: 1855 &rarr; <strong>1861<\/strong><br \/>(+6 for winning)
|raw|Rhayader's rating: 1560 &rarr; <strong>1553<\/strong><br \/>(-7 for losing)
|leave|Aminiscent
|leave|wish killer
|player|p1
|c| Ebinola|>losing
|leave|Metan