|join|Rhayader
|join|TheNegaMawile
|player|p1|Rhayader|40
|player|p2|TheNegaMawile|80
|gametype|singles
|gen|6
|tier|OU
|rated
|clearpoke
|poke|p1|Steelix, M
|poke|p1|Porygon2
|poke|p1|Medicham, M
|poke|p1|Sylveon, M
|poke|p1|Alomomola, M
|poke|p1|Rotom-Heat
|poke|p2|Azumarill, F, shiny
|poke|p2|Thundurus, M
|poke|p2|Ferrothorn, M
|poke|p2|Gyarados, F
|poke|p2|Gliscor, F
|poke|p2|Gardevoir, F, shiny
|rule|Swagger Clause: Swagger is banned
|rule|Baton Pass Clause: Limit one PokÃ©mon knowing Baton Pass
|rule|Sleep Clause Mod: Limit one foe put to sleep
|rule|Species Clause: Limit one of each PokÃ©mon
|rule|OHKO Clause: OHKO moves are banned
|rule|Moody Clause: Moody is banned
|rule|Evasion Moves Clause: Evasion moves are banned
|rule|Endless Battle Clause: Forcing endless battles is banned
|rule|HP Percentage Mod: HP is shown in percentages
|teampreview
|
|start
|switch|p1a: ghost oven|Rotom-Heat|279\/279
|switch|p2a: KameStyle|Ferrothorn, M|352\/352
|turn|1
|
|switch|p2a: Android X-0|Azumarill, F, shiny|381\/381
|move|p1a: ghost oven|Will-O-Wisp|p2a: Android X-0
|-status|p2a: Android X-0|brn
|
|-damage|p2a: Android X-0|334\/381 brn|[from] brn
|turn|2
|
|switch|p1a: STEEEEEEEEEEEEEEEE|Steelix, M|268\/268
|move|p2a: Android X-0|Waterfall|p1a: STEEEEEEEEEEEEEEEE
|-supereffective|p1a: STEEEEEEEEEEEEEEEE
|-damage|p1a: STEEEEEEEEEEEEEEEE|166\/268
|
|-heal|p1a: STEEEEEEEEEEEEEEEE|182\/268|[from] item: Leftovers
|-damage|p2a: Android X-0|287\/381 brn|[from] brn
|turn|3
|
|switch|p2a: Shenron|Gyarados, F|354\/354
|-ability|p2a: Shenron|Intimidate|[of] p1a: STEEEEEEEEEEEEEEEE
|-unboost|p1a: STEEEEEEEEEEEEEEEE|atk|1
|move|p1a: STEEEEEEEEEEEEEEEE|Stealth Rock|p2a: Shenron
|-sidestart|p2: TheNegaMawile|move: Stealth Rock
|
|-heal|p1a: STEEEEEEEEEEEEEEEE|198\/268|[from] item: Leftovers
|turn|4
|
|switch|p1a: best ducke|Porygon2|374\/374
|-ability|p1a: best ducke|Intimidate|[from] ability: Trace|[of] p2a: Shenron
|-ability|p1a: best ducke|Intimidate|[of] p2a: Shenron
|-unboost|p2a: Shenron|atk|1
|move|p2a: Shenron|Substitute|p2a: Shenron
|-start|p2a: Shenron|Substitute
|-damage|p2a: Shenron|266\/354
|
|-heal|p2a: Shenron|288\/354|[from] item: Leftovers
|turn|5
|
|move|p2a: Shenron|Dragon Dance|p2a: Shenron
|-boost|p2a: Shenron|atk|1
|-boost|p2a: Shenron|spe|1
|move|p1a: best ducke|Thunderbolt|p2a: Shenron
|-supereffective|p2a: Shenron
|-end|p2a: Shenron|Substitute
|
|-heal|p2a: Shenron|310\/354|[from] item: Leftovers
|turn|6
|
|switch|p2a: KameStyle|Ferrothorn, M|352\/352
|-damage|p2a: KameStyle|330\/352|[from] Stealth Rock
|move|p1a: best ducke|Ice Beam|p2a: KameStyle
|-damage|p2a: KameStyle|265\/352
|
|-heal|p2a: KameStyle|287\/352|[from] item: Leftovers
|turn|7
|
|switch|p1a: ghost oven|Rotom-Heat|279\/279
|move|p2a: KameStyle|Leech Seed|p1a: ghost oven
|-start|p1a: ghost oven|move: Leech Seed
|
|-heal|p2a: KameStyle|309\/352|[from] item: Leftovers
|-damage|p1a: ghost oven|245\/279|[from] Leech Seed|[of] p2a: KameStyle
|-heal|p2a: KameStyle|343\/352|[silent]
|turn|8
|
|move|p1a: ghost oven|Will-O-Wisp|p2a: KameStyle
|-status|p2a: KameStyle|brn
|move|p2a: KameStyle|Stealth Rock|p1a: ghost oven
|-sidestart|p1: Rhayader|move: Stealth Rock
|
|-heal|p2a: KameStyle|352\/352 brn|[from] item: Leftovers
|-damage|p1a: ghost oven|211\/279|[from] Leech Seed|[of] p2a: KameStyle
|-damage|p2a: KameStyle|308\/352 brn|[from] brn
|turn|9
|
|switch|p1a: Mega-Luvdisc|Alomomola, M|534\/534
|-damage|p1a: Mega-Luvdisc|468\/534|[from] Stealth Rock
|switch|p2a: Android X-0|Azumarill, F, shiny|287\/381 brn
|-damage|p2a: Android X-0|240\/381 brn|[from] Stealth Rock
|
|-heal|p1a: Mega-Luvdisc|501\/534|[from] item: Leftovers
|-damage|p2a: Android X-0|193\/381 brn|[from] brn
|turn|10
|
|switch|p2a: BulmaBriefs|Gardevoir, F, shiny|277\/277
|-damage|p2a: BulmaBriefs|243\/277|[from] Stealth Rock
|-ability|p2a: BulmaBriefs|Regenerator|[from] ability: Trace|[of] p1a: Mega-Luvdisc
|move|p1a: Mega-Luvdisc|Wish|p1a: Mega-Luvdisc
|
|-heal|p1a: Mega-Luvdisc|534\/534|[from] item: Leftovers
|turn|11
|
|switch|p1a: best ducke|Porygon2|374\/374
|-damage|p1a: best ducke|328\/374|[from] Stealth Rock
|-ability|p1a: best ducke|Regenerator|[from] ability: Trace|[of] p2a: BulmaBriefs
|move|p2a: BulmaBriefs|Hidden Power|p1a: best ducke
|-damage|p1a: best ducke|293\/374
|
|-heal|p1a: best ducke|374\/374|[from] move: Wish|[wisher] Mega-Luvdisc
|turn|12
|
|detailschange|p2a: BulmaBriefs|Gardevoir-Mega, F, shiny
|message|Gardevoir has Mega Evolved into Mega Gardevoir!
|move|p2a: BulmaBriefs|Hyper Voice|p1a: best ducke
|-damage|p1a: best ducke|259\/374
|move|p1a: best ducke|Thunder Wave|p2a: BulmaBriefs
|-status|p2a: BulmaBriefs|par
|
|turn|13
|c|âTheNegaMawile|Oh my lord the bulk
|
|switch|p2a: DemonStyle|Gliscor, F|354\/354
|-damage|p2a: DemonStyle|310\/354|[from] Stealth Rock
|move|p1a: best ducke|Ice Beam|p2a: DemonStyle
|-supereffective|p2a: DemonStyle
|-damage|p2a: DemonStyle|0 fnt
|faint|p2a: DemonStyle
|
|
|switch|p2a: CraneStyle|Thundurus, M|299\/299
|-damage|p2a: CraneStyle|225\/299|[from] Stealth Rock
|turn|14
|c|âRhayader|>expecting hyper voice to wallbreak
|
|move|p2a: CraneStyle|Superpower|p1a: best ducke
|-supereffective|p1a: best ducke
|-damage|p1a: best ducke|97\/374
|-unboost|p2a: CraneStyle|atk|1
|-unboost|p2a: CraneStyle|def|1
|move|p1a: best ducke|Ice Beam|p2a: CraneStyle
|-supereffective|p2a: CraneStyle
|-damage|p2a: CraneStyle|25\/299
|
|-heal|p2a: CraneStyle|43\/299|[from] item: Leftovers
|turn|15
|
|switch|p1a: STEEEEEEEEEEEEEEEE|Steelix, M|198\/268
|-damage|p1a: STEEEEEEEEEEEEEEEE|190\/268|[from] Stealth Rock
|move|p2a: CraneStyle|Superpower|p1a: STEEEEEEEEEEEEEEEE
|-supereffective|p1a: STEEEEEEEEEEEEEEEE
|-damage|p1a: STEEEEEEEEEEEEEEEE|110\/268
|-unboost|p2a: CraneStyle|atk|1
|-unboost|p2a: CraneStyle|def|1
|
|-heal|p2a: CraneStyle|61\/299|[from] item: Leftovers
|-heal|p1a: STEEEEEEEEEEEEEEEE|126\/268|[from] item: Leftovers
|turn|16
|
|move|p2a: CraneStyle|Hidden Power|p1a: STEEEEEEEEEEEEEEEE
|-damage|p1a: STEEEEEEEEEEEEEEEE|49\/268
|move|p1a: STEEEEEEEEEEEEEEEE|Roar|p2a: CraneStyle
|drag|p2a: Shenron|Gyarados, F|310\/354
|-damage|p2a: Shenron|222\/354|[from] Stealth Rock
|-ability|p2a: Shenron|Intimidate|[of] p1a: STEEEEEEEEEEEEEEEE
|-unboost|p1a: STEEEEEEEEEEEEEEEE|atk|1
|
|-heal|p2a: Shenron|244\/354|[from] item: Leftovers
|-heal|p1a: STEEEEEEEEEEEEEEEE|65\/268|[from] item: Leftovers
|turn|17
|
|move|p2a: Shenron|Substitute|p2a: Shenron
|-start|p2a: Shenron|Substitute
|-damage|p2a: Shenron|156\/354
|move|p1a: STEEEEEEEEEEEEEEEE|Roar|p2a: Shenron
|drag|p2a: CraneStyle|Thundurus, M|61\/299
|-damage|p2a: CraneStyle|0 fnt|[from] Stealth Rock
|faint|p2a: CraneStyle
|
|-heal|p1a: STEEEEEEEEEEEEEEEE|81\/268|[from] item: Leftovers
|
|switch|p2a: Android X-0|Azumarill, F, shiny|193\/381 brn
|-damage|p2a: Android X-0|146\/381 brn|[from] Stealth Rock
|turn|18
|
|switch|p1a: Mega-Luvdisc|Alomomola, M|534\/534
|-damage|p1a: Mega-Luvdisc|468\/534|[from] Stealth Rock
|move|p2a: Android X-0|Waterfall|p1a: Mega-Luvdisc
|-resisted|p1a: Mega-Luvdisc
|-damage|p1a: Mega-Luvdisc|432\/534
|
|-heal|p1a: Mega-Luvdisc|465\/534|[from] item: Leftovers
|-damage|p2a: Android X-0|99\/381 brn|[from] brn
|turn|19
|
|switch|p2a: BulmaBriefs|Gardevoir-Mega, F, shiny|243\/277 par
|-damage|p2a: BulmaBriefs|209\/277 par|[from] Stealth Rock
|move|p1a: Mega-Luvdisc|Wish|p1a: Mega-Luvdisc
|
|-heal|p1a: Mega-Luvdisc|498\/534|[from] item: Leftovers
|turn|20
|
|switch|p1a: best ducke|Porygon2|221\/374
|-damage|p1a: best ducke|175\/374|[from] Stealth Rock
|-ability|p1a: best ducke|Pixilate|[from] ability: Trace|[of] p2a: BulmaBriefs
|move|p2a: BulmaBriefs|Hyper Voice|p1a: best ducke
|-damage|p1a: best ducke|61\/374
|
|-heal|p1a: best ducke|328\/374|[from] move: Wish|[wisher] Mega-Luvdisc
|turn|21
|
|move|p1a: best ducke|Thunderbolt|p2a: BulmaBriefs
|-crit|p2a: BulmaBriefs
|-damage|p2a: BulmaBriefs|119\/277 par
|cant|p2a: BulmaBriefs|par
|
|turn|22
|c|âTheNegaMawile|#WHYWONTYOUDIE
|
|move|p1a: best ducke|Thunderbolt|p2a: BulmaBriefs
|-damage|p2a: BulmaBriefs|56\/277 par
|move|p2a: BulmaBriefs|Hyper Voice|p1a: best ducke
|-damage|p1a: best ducke|204\/374
|
|turn|23
|
|move|p1a: best ducke|Thunderbolt|p2a: BulmaBriefs
|-damage|p2a: BulmaBriefs|0 fnt
|faint|p2a: BulmaBriefs
|
|
|switch|p2a: KameStyle|Ferrothorn, M|308\/352 brn
|-damage|p2a: KameStyle|286\/352 brn|[from] Stealth Rock
|turn|24
|
|move|p1a: best ducke|Recover|p1a: best ducke
|-heal|p1a: best ducke|374\/374
|move|p2a: KameStyle|Leech Seed|p1a: best ducke
|-start|p1a: best ducke|move: Leech Seed
|
|-heal|p2a: KameStyle|308\/352 brn|[from] item: Leftovers
|-damage|p1a: best ducke|328\/374|[from] Leech Seed|[of] p2a: KameStyle
|-heal|p2a: KameStyle|352\/352 brn|[silent]
|-damage|p2a: KameStyle|308\/352 brn|[from] brn
|turn|25
|
|switch|p1a: Mega-Luvdisc|Alomomola, M|534\/534
|-damage|p1a: Mega-Luvdisc|468\/534|[from] Stealth Rock
|move|p2a: KameStyle|Thunder Wave|p1a: Mega-Luvdisc
|-status|p1a: Mega-Luvdisc|par
|
|-heal|p1a: Mega-Luvdisc|501\/534 par|[from] item: Leftovers
|-heal|p2a: KameStyle|330\/352 brn|[from] item: Leftovers
|-damage|p2a: KameStyle|286\/352 brn|[from] brn
|turn|26
|
|move|p1a: Mega-Luvdisc|Wish|p1a: Mega-Luvdisc
|move|p2a: KameStyle|Leech Seed|p1a: Mega-Luvdisc
|-start|p1a: Mega-Luvdisc|move: Leech Seed
|
|-heal|p1a: Mega-Luvdisc|534\/534 par|[from] item: Leftovers
|-heal|p2a: KameStyle|308\/352 brn|[from] item: Leftovers
|-damage|p1a: Mega-Luvdisc|468\/534 par|[from] Leech Seed|[of] p2a: KameStyle
|-heal|p2a: KameStyle|352\/352 brn|[silent]
|-damage|p2a: KameStyle|308\/352 brn|[from] brn
|turn|27
|
|switch|p1a: ghost oven|Rotom-Heat|211\/279
|-damage|p1a: ghost oven|142\/279|[from] Stealth Rock
|move|p2a: KameStyle|Leech Seed|p1a: ghost oven
|-start|p1a: ghost oven|move: Leech Seed
|
|-heal|p1a: ghost oven|279\/279|[from] move: Wish|[wisher] Mega-Luvdisc
|-heal|p2a: KameStyle|330\/352 brn|[from] item: Leftovers
|-damage|p1a: ghost oven|245\/279|[from] Leech Seed|[of] p2a: KameStyle
|-heal|p2a: KameStyle|352\/352 brn|[silent]
|-damage|p2a: KameStyle|308\/352 brn|[from] brn
|turn|28
|
|switch|p2a: Android X-0|Azumarill, F, shiny|99\/381 brn
|-damage|p2a: Android X-0|52\/381 brn|[from] Stealth Rock
|move|p1a: ghost oven|Trick|p2a: Android X-0
|-activate|p1a: ghost oven|move: Trick|[of] p2a: Android X-0
|-item|p2a: Android X-0|Choice Scarf|[from] move: Trick
|-item|p1a: ghost oven|Assault Vest|[from] move: Trick
|
|-damage|p1a: ghost oven|211\/279|[from] Leech Seed|[of] p2a: Android X-0
|-heal|p2a: Android X-0|86\/381 brn|[silent]
|-damage|p2a: Android X-0|39\/381 brn|[from] brn
|turn|29
|
|switch|p1a: Mega-Luvdisc|Alomomola, M|534\/534 par
|-damage|p1a: Mega-Luvdisc|468\/534 par|[from] Stealth Rock
|move|p2a: Android X-0|Play Rough|p1a: Mega-Luvdisc
|-damage|p1a: Mega-Luvdisc|386\/534 par
|
|-heal|p1a: Mega-Luvdisc|419\/534 par|[from] item: Leftovers
|-damage|p2a: Android X-0|0 fnt|[from] brn
|faint|p2a: Android X-0
|
|switch|p2a: Shenron|Gyarados, F|156\/354
|-damage|p2a: Shenron|68\/354|[from] Stealth Rock
|-ability|p2a: Shenron|Intimidate|[of] p1a: Mega-Luvdisc
|-unboost|p1a: Mega-Luvdisc|atk|1
|turn|30
|
|move|p2a: Shenron|Substitute|p2a: Shenron
|-fail|p2a: Shenron|move: Substitute|[weak]
|cant|p1a: Mega-Luvdisc|par
|
|-heal|p2a: Shenron|90\/354|[from] item: Leftovers
|-heal|p1a: Mega-Luvdisc|452\/534 par|[from] item: Leftovers
|turn|31
|c|âRhayader|>
|
|move|p2a: Shenron|Substitute|p2a: Shenron
|-start|p2a: Shenron|Substitute
|-damage|p2a: Shenron|2\/354
|move|p1a: Mega-Luvdisc|Wish|p1a: Mega-Luvdisc
|
|-heal|p2a: Shenron|24\/354|[from] item: Leftovers
|-heal|p1a: Mega-Luvdisc|485\/534 par|[from] item: Leftovers
|turn|32
|
|switch|p1a: STEEEEEEEEEEEEEEEE|Steelix, M|81\/268
|-damage|p1a: STEEEEEEEEEEEEEEEE|73\/268|[from] Stealth Rock
|move|p2a: Shenron|Dragon Dance|p2a: Shenron
|-boost|p2a: Shenron|atk|1
|-boost|p2a: Shenron|spe|1
|
|-heal|p1a: STEEEEEEEEEEEEEEEE|268\/268|[from] move: Wish|[wisher] Mega-Luvdisc
|-heal|p2a: Shenron|46\/354|[from] item: Leftovers
|turn|33
|
|move|p2a: Shenron|Waterfall|p1a: STEEEEEEEEEEEEEEEE
|-supereffective|p1a: STEEEEEEEEEEEEEEEE
|-damage|p1a: STEEEEEEEEEEEEEEEE|20\/268
|move|p1a: STEEEEEEEEEEEEEEEE|Roar|p2a: Shenron
|drag|p2a: KameStyle|Ferrothorn, M|308\/352 brn
|-damage|p2a: KameStyle|286\/352 brn|[from] Stealth Rock
|
|-heal|p1a: STEEEEEEEEEEEEEEEE|36\/268|[from] item: Leftovers
|-heal|p2a: KameStyle|308\/352 brn|[from] item: Leftovers
|-damage|p2a: KameStyle|264\/352 brn|[from] brn
|turn|34
|c|âTheNegaMawile|cries in a corner
|c|âTheNegaMawile|Healing wish ferrothorn?
|
|switch|p1a: ghost oven|Rotom-Heat|211\/279
|-damage|p1a: ghost oven|142\/279|[from] Stealth Rock
|move|p2a: KameStyle|Leech Seed|p1a: ghost oven|[miss]
|-miss|p2a: KameStyle|p1a: ghost oven
|
|-heal|p2a: KameStyle|286\/352 brn|[from] item: Leftovers
|-damage|p2a: KameStyle|242\/352 brn|[from] brn
|turn|35
|
|move|p1a: ghost oven|Overheat|p2a: KameStyle
|-supereffective|p2a: KameStyle
|-damage|p2a: KameStyle|0 fnt
|-unboost|p1a: ghost oven|spa|2
|faint|p2a: KameStyle
|
|c|âTheNegaMawile|gg
|
|switch|p2a: Shenron|Gyarados, F|46\/354
|-damage|p2a: Shenron|0 fnt|[from] Stealth Rock
|faint|p2a: Shenron
|
|win|Rhayader
|raw|Ladder updating...
|c|âRhayader|gg
|raw|Rhayader's rating: 1555 &rarr; <strong>1573<\/strong><br \/>(+18 for winning)
|raw|TheNegaMawile's rating: 1516 &rarr; <strong>1498<\/strong><br \/>(-18 for losing)
|leave|TheNegaMawile
|player|p2