|join|Guilas BeatU
|join|Rhayader
|player|p1|Guilas BeatU|290
|player|p2|Rhayader|#showtan
|gametype|singles
|gen|6
|tier|OU
|rated
|clearpoke
|poke|p1|Slowbro, M
|poke|p1|Heatran, M
|poke|p1|Heracross, M
|poke|p1|Latias, F
|poke|p1|Ferrothorn, M
|poke|p1|Greninja, M
|poke|p2|Steelix, M
|poke|p2|Porygon2
|poke|p2|Medicham, M
|poke|p2|Sylveon, F
|poke|p2|Alomomola, M
|poke|p2|Rotom-Heat
|rule|Swagger Clause: Swagger is banned
|rule|Baton Pass Clause: Limit one PokÃ©mon knowing Baton Pass
|rule|Sleep Clause Mod: Limit one foe put to sleep
|rule|Species Clause: Limit one of each PokÃ©mon
|rule|OHKO Clause: OHKO moves are banned
|rule|Moody Clause: Moody is banned
|rule|Evasion Moves Clause: Evasion moves are banned
|rule|Endless Battle Clause: Forcing endless battles is banned
|rule|HP Percentage Mod: HP is shown in percentages
|teampreview
|
|start
|switch|p1a: Greninja|Greninja, M|285\/285
|switch|p2a: STEEEEEEEEEEEEEEEE|Steelix, M|268\/268
|turn|1
|
|move|p1a: Greninja|U-turn|p2a: STEEEEEEEEEEEEEEEE
|-start|p1a: Greninja|typechange|Bug|[from] Protean
|-resisted|p2a: STEEEEEEEEEEEEEEEE
|-damage|p2a: STEEEEEEEEEEEEEEEE|247\/268
|
|switch|p1a: Heracross|Heracross, M|301\/301
|move|p2a: STEEEEEEEEEEEEEEEE|Stealth Rock|p1a: Heracross
|-sidestart|p1: Guilas BeatU|move: Stealth Rock
|
|-heal|p2a: STEEEEEEEEEEEEEEEE|263\/268|[from] item: Leftovers
|turn|2
|
|detailschange|p1a: Heracross|Heracross-Mega, M
|message|Heracross has Mega Evolved into Mega Heracross!
|move|p1a: Heracross|Swords Dance|p1a: Heracross
|-boost|p1a: Heracross|atk|2
|move|p2a: STEEEEEEEEEEEEEEEE|Gyro Ball|p1a: Heracross
|-damage|p1a: Heracross|160\/301
|
|-heal|p2a: STEEEEEEEEEEEEEEEE|268\/268|[from] item: Leftovers
|turn|3
|
|move|p1a: Heracross|Pin Missile|p2a: STEEEEEEEEEEEEEEEE
|-resisted|p2a: STEEEEEEEEEEEEEEEE
|-damage|p2a: STEEEEEEEEEEEEEEEE|232\/268
|-resisted|p2a: STEEEEEEEEEEEEEEEE
|-damage|p2a: STEEEEEEEEEEEEEEEE|199\/268
|-resisted|p2a: STEEEEEEEEEEEEEEEE
|-damage|p2a: STEEEEEEEEEEEEEEEE|163\/268
|-resisted|p2a: STEEEEEEEEEEEEEEEE
|-damage|p2a: STEEEEEEEEEEEEEEEE|126\/268
|-resisted|p2a: STEEEEEEEEEEEEEEEE
|-damage|p2a: STEEEEEEEEEEEEEEEE|92\/268
|-hitcount|p2a: STEEEEEEEEEEEEEEEE|5
|move|p2a: STEEEEEEEEEEEEEEEE|Roar|p1a: Heracross
|drag|p1a: Slowbro|Slowbro, M|393\/393
|-damage|p1a: Slowbro|344\/393|[from] Stealth Rock
|
|-heal|p1a: Slowbro|368\/393|[from] item: Leftovers
|-heal|p2a: STEEEEEEEEEEEEEEEE|108\/268|[from] item: Leftovers
|turn|4
|
|switch|p1a: Latias|Latias, F|301\/301
|-damage|p1a: Latias|264\/301|[from] Stealth Rock
|switch|p2a: Mega-Luvdisc|Alomomola, M|534\/534
|
|turn|5
|
|move|p1a: Latias|Defog|p2a: Mega-Luvdisc
|-unboost|p2a: Mega-Luvdisc|evasion|1
|-sideend|p1: Guilas BeatU|Stealth Rock|[from] move: Defog|[of] p1a: Latias
|move|p2a: Mega-Luvdisc|Wish|p2a: Mega-Luvdisc
|
|turn|6
|
|switch|p2a: STEEEEEEEEEEEEEEEE|Steelix, M|108\/268
|move|p1a: Latias|Draco Meteor|p2a: STEEEEEEEEEEEEEEEE
|-resisted|p2a: STEEEEEEEEEEEEEEEE
|-damage|p2a: STEEEEEEEEEEEEEEEE|0 fnt
|-unboost|p1a: Latias|spa|2
|-damage|p1a: Latias|234\/301|[from] item: Life Orb
|faint|p2a: STEEEEEEEEEEEEEEEE
|
|
|switch|p2a: best ducke|Porygon2|374\/374
|-ability|p2a: best ducke|Levitate|[from] ability: Trace|[of] p1a: Latias
|turn|7
|
|switch|p1a: Heatran|Heatran, M|385\/385
|move|p2a: best ducke|Thunder Wave|p1a: Heatran
|-status|p1a: Heatran|par
|
|turn|8
|
|switch|p2a: ghost oven|Rotom-Heat|279\/279
|move|p1a: Heatran|Stealth Rock|p2a: ghost oven
|-sidestart|p2: Rhayader|move: Stealth Rock
|
|turn|9
|
|move|p1a: Heatran|Protect|p1a: Heatran
|-singleturn|p1a: Heatran|Protect
|move|p2a: ghost oven|Trick|p1a: Heatran
|-activate|p1a: Heatran|Protect
|
|turn|10
|
|switch|p2a: FUCK YOU CHANSEY|Medicham, M|261\/261
|-damage|p2a: FUCK YOU CHANSEY|245\/261|[from] Stealth Rock
|switch|p1a: Heracross|Heracross-Mega, M|160\/301
|
|turn|11
|
|switch|p1a: Slowbro|Slowbro, M|393\/393
|detailschange|p2a: FUCK YOU CHANSEY|Medicham-Mega, M
|message|Medicham has Mega Evolved into Mega Medicham!
|move|p2a: FUCK YOU CHANSEY|Zen Headbutt|p1a: Slowbro
|-resisted|p1a: Slowbro
|-damage|p1a: Slowbro|320\/393
|
|-heal|p1a: Slowbro|344\/393|[from] item: Leftovers
|turn|12
|
|switch|p2a: Mega-Luvdisc|Alomomola, M|534\/534
|-damage|p2a: Mega-Luvdisc|468\/534|[from] Stealth Rock
|move|p1a: Slowbro|Thunder Wave|p2a: Mega-Luvdisc
|-status|p2a: Mega-Luvdisc|par
|
|-heal|p1a: Slowbro|368\/393|[from] item: Leftovers
|-heal|p2a: Mega-Luvdisc|501\/534 par|[from] item: Leftovers
|turn|13
|
|switch|p1a: Ferrothorn|Ferrothorn, M|351\/351
|move|p2a: Mega-Luvdisc|Soak|p1a: Ferrothorn
|-start|p1a: Ferrothorn|typechange|Water
|
|-heal|p2a: Mega-Luvdisc|534\/534 par|[from] item: Leftovers
|turn|14
|
|move|p1a: Ferrothorn|Leech Seed|p2a: Mega-Luvdisc
|-start|p2a: Mega-Luvdisc|move: Leech Seed
|move|p2a: Mega-Luvdisc|Toxic|p1a: Ferrothorn
|-status|p1a: Ferrothorn|tox
|
|-damage|p2a: Mega-Luvdisc|468\/534 par|[from] Leech Seed|[of] p1a: Ferrothorn
|-damage|p1a: Ferrothorn|330\/351 tox|[from] psn
|turn|15
|
|switch|p2a: super meta|Sylveon, F|394\/394
|-damage|p2a: super meta|345\/394|[from] Stealth Rock
|move|p1a: Ferrothorn|Leech Seed|p2a: super meta
|-start|p2a: super meta|move: Leech Seed
|
|-heal|p2a: super meta|369\/394|[from] item: Leftovers
|-heal|p1a: Ferrothorn|351\/351 tox|[from] item: Leftovers
|-damage|p2a: super meta|320\/394|[from] Leech Seed|[of] p1a: Ferrothorn
|-damage|p1a: Ferrothorn|309\/351 tox|[from] psn
|turn|16
|
|switch|p2a: Mega-Luvdisc|Alomomola, M|534\/534 par
|-damage|p2a: Mega-Luvdisc|468\/534 par|[from] Stealth Rock
|move|p1a: Ferrothorn|Gyro Ball|p2a: Mega-Luvdisc
|-resisted|p2a: Mega-Luvdisc
|-damage|p2a: Mega-Luvdisc|461\/534 par
|
|-heal|p1a: Ferrothorn|330\/351 tox|[from] item: Leftovers
|-heal|p2a: Mega-Luvdisc|494\/534 par|[from] item: Leftovers
|-damage|p1a: Ferrothorn|267\/351 tox|[from] psn
|turn|17
|
|move|p1a: Ferrothorn|Leech Seed|p2a: Mega-Luvdisc
|-start|p2a: Mega-Luvdisc|move: Leech Seed
|move|p2a: Mega-Luvdisc|Wish|p2a: Mega-Luvdisc
|
|-heal|p1a: Ferrothorn|288\/351 tox|[from] item: Leftovers
|-heal|p2a: Mega-Luvdisc|527\/534 par|[from] item: Leftovers
|-damage|p2a: Mega-Luvdisc|461\/534 par|[from] Leech Seed|[of] p1a: Ferrothorn
|-heal|p1a: Ferrothorn|351\/351 tox|[silent]
|-damage|p1a: Ferrothorn|267\/351 tox|[from] psn
|turn|18
|
|switch|p1a: Heracross|Heracross-Mega, M|160\/301
|switch|p2a: ghost oven|Rotom-Heat|279\/279
|-damage|p2a: ghost oven|210\/279|[from] Stealth Rock
|
|-heal|p2a: ghost oven|279\/279|[from] move: Wish|[wisher] Mega-Luvdisc
|turn|19
|
|switch|p1a: Latias|Latias, F|234\/301
|move|p2a: ghost oven|Volt Switch|p1a: Latias
|-crit|p1a: Latias
|-resisted|p1a: Latias
|-damage|p1a: Latias|163\/301
|
|switch|p2a: best ducke|Porygon2|374\/374
|-damage|p2a: best ducke|328\/374|[from] Stealth Rock
|-ability|p2a: best ducke|Levitate|[from] ability: Trace|[of] p1a: Latias
|
|turn|20
|
|switch|p1a: Heatran|Heatran, M|385\/385 par
|move|p2a: best ducke|Thunder Wave|p1a: Heatran
|-fail|p1a: Heatran|par
|
|turn|21
|
|move|p2a: best ducke|Thunderbolt|p1a: Heatran
|-damage|p1a: Heatran|335\/385 par
|move|p1a: Heatran|Lava Plume|p2a: best ducke
|-damage|p2a: best ducke|268\/374
|
|-heal|p1a: Heatran|359\/385 par|[from] item: Leftovers
|turn|22
|
|switch|p2a: Mega-Luvdisc|Alomomola, M|534\/534 par
|-damage|p2a: Mega-Luvdisc|468\/534 par|[from] Stealth Rock
|move|p1a: Heatran|Lava Plume|p2a: Mega-Luvdisc
|-resisted|p2a: Mega-Luvdisc
|-damage|p2a: Mega-Luvdisc|359\/534 par
|
|-heal|p1a: Heatran|383\/385 par|[from] item: Leftovers
|-heal|p2a: Mega-Luvdisc|392\/534 par|[from] item: Leftovers
|turn|23
|
|switch|p1a: Latias|Latias, F|163\/301
|move|p2a: Mega-Luvdisc|Wish|p2a: Mega-Luvdisc
|
|-heal|p2a: Mega-Luvdisc|425\/534 par|[from] item: Leftovers
|turn|24
|
|switch|p1a: Heatran|Heatran, M|383\/385 par
|switch|p2a: super meta|Sylveon, F|320\/394
|-damage|p2a: super meta|271\/394|[from] Stealth Rock
|
|-heal|p2a: super meta|394\/394|[from] move: Wish|[wisher] Mega-Luvdisc
|-heal|p1a: Heatran|385\/385 par|[from] item: Leftovers
|turn|25
|
|switch|p2a: best ducke|Porygon2|268\/374
|-damage|p2a: best ducke|222\/374|[from] Stealth Rock
|-ability|p2a: best ducke|Flash Fire|[from] ability: Trace|[of] p1a: Heatran
|cant|p1a: Heatran|par
|
|turn|26
|
|move|p2a: best ducke|Recover|p2a: best ducke
|-heal|p2a: best ducke|374\/374
|move|p1a: Heatran|Lava Plume|p2a: best ducke
|-start|p2a: best ducke|ability: Flash Fire
|
|turn|27
|
|cant|p1a: Heatran|par
|move|p2a: best ducke|Thunderbolt|p1a: Heatran
|-damage|p1a: Heatran|333\/385 par
|
|-heal|p1a: Heatran|357\/385 par|[from] item: Leftovers
|turn|28
|
|move|p2a: best ducke|Thunderbolt|p1a: Heatran
|-damage|p1a: Heatran|301\/385 par
|move|p1a: Heatran|Roar|p2a: best ducke
|drag|p2a: super meta|Sylveon, F|394\/394
|-damage|p2a: super meta|345\/394|[from] Stealth Rock
|
|-heal|p2a: super meta|369\/394|[from] item: Leftovers
|-heal|p1a: Heatran|325\/385 par|[from] item: Leftovers
|turn|29
|
|switch|p1a: Ferrothorn|Ferrothorn, M|267\/351 tox
|move|p2a: super meta|Wish|p2a: super meta
|
|-heal|p2a: super meta|393\/394|[from] item: Leftovers
|-heal|p1a: Ferrothorn|288\/351 tox|[from] item: Leftovers
|-damage|p1a: Ferrothorn|267\/351 tox|[from] psn
|turn|30
|
|switch|p2a: ghost oven|Rotom-Heat|279\/279
|-damage|p2a: ghost oven|210\/279|[from] Stealth Rock
|move|p1a: Ferrothorn|Leech Seed|p2a: ghost oven
|-start|p2a: ghost oven|move: Leech Seed
|
|-heal|p2a: ghost oven|279\/279|[from] move: Wish|[wisher] super meta
|-heal|p1a: Ferrothorn|288\/351 tox|[from] item: Leftovers
|-damage|p2a: ghost oven|245\/279|[from] Leech Seed|[of] p1a: Ferrothorn
|-heal|p1a: Ferrothorn|322\/351 tox|[silent]
|-damage|p1a: Ferrothorn|280\/351 tox|[from] psn
|turn|31
|
|switch|p2a: Mega-Luvdisc|Alomomola, M|534\/534 par
|-damage|p2a: Mega-Luvdisc|468\/534 par|[from] Stealth Rock
|move|p1a: Ferrothorn|Protect|p1a: Ferrothorn
|-fail|p1a: Ferrothorn
|
|-heal|p1a: Ferrothorn|301\/351 tox|[from] item: Leftovers
|-heal|p2a: Mega-Luvdisc|501\/534 par|[from] item: Leftovers
|-damage|p1a: Ferrothorn|238\/351 tox|[from] psn
|turn|32
|
|move|p1a: Ferrothorn|Leech Seed|p2a: Mega-Luvdisc
|-start|p2a: Mega-Luvdisc|move: Leech Seed
|move|p2a: Mega-Luvdisc|Wish|p2a: Mega-Luvdisc
|
|-heal|p1a: Ferrothorn|259\/351 tox|[from] item: Leftovers
|-heal|p2a: Mega-Luvdisc|534\/534 par|[from] item: Leftovers
|-damage|p2a: Mega-Luvdisc|468\/534 par|[from] Leech Seed|[of] p1a: Ferrothorn
|-heal|p1a: Ferrothorn|325\/351 tox|[silent]
|-damage|p1a: Ferrothorn|241\/351 tox|[from] psn
|turn|33
|
|switch|p1a: Greninja|Greninja, M|285\/285
|switch|p2a: ghost oven|Rotom-Heat|245\/279
|-damage|p2a: ghost oven|176\/279|[from] Stealth Rock
|
|-heal|p2a: ghost oven|279\/279|[from] move: Wish|[wisher] Mega-Luvdisc
|turn|34
|
|switch|p1a: Latias|Latias, F|163\/301
|switch|p2a: best ducke|Porygon2|374\/374
|-damage|p2a: best ducke|328\/374|[from] Stealth Rock
|-ability|p2a: best ducke|Levitate|[from] ability: Trace|[of] p1a: Latias
|
|turn|35
|
|switch|p1a: Heatran|Heatran, M|325\/385 par
|switch|p2a: FUCK YOU CHANSEY|Medicham-Mega, M|245\/261
|-damage|p2a: FUCK YOU CHANSEY|229\/261|[from] Stealth Rock
|
|-heal|p1a: Heatran|349\/385 par|[from] item: Leftovers
|turn|36
|
|switch|p1a: Slowbro|Slowbro, M|393\/393
|move|p2a: FUCK YOU CHANSEY|High Jump Kick|p1a: Slowbro|[miss]
|-miss|p2a: FUCK YOU CHANSEY|p1a: Slowbro
|-damage|p2a: FUCK YOU CHANSEY|99\/261|[from] highjumpkick
|
|turn|37
|
|switch|p2a: super meta|Sylveon, F|393\/394
|-damage|p2a: super meta|344\/394|[from] Stealth Rock
|switch|p1a: Heracross|Heracross-Mega, M|160\/301
|
|-heal|p2a: super meta|368\/394|[from] item: Leftovers
|turn|38
|
|switch|p1a: Heatran|Heatran, M|349\/385 par
|move|p2a: super meta|Hyper Voice|p1a: Heatran
|-crit|p1a: Heatran
|-resisted|p1a: Heatran
|-damage|p1a: Heatran|313\/385 par
|
|-heal|p2a: super meta|392\/394|[from] item: Leftovers
|-heal|p1a: Heatran|337\/385 par|[from] item: Leftovers
|turn|39
|
|switch|p1a: Slowbro|Slowbro, M|393\/393
|move|p2a: super meta|Heal Bell|p2a: super meta
|-cureteam|p2a: super meta|[from] move: HealBell
|
|-heal|p2a: super meta|394\/394|[from] item: Leftovers
|turn|40
|
|move|p2a: super meta|Calm Mind|p2a: super meta
|-boost|p2a: super meta|spa|1
|-boost|p2a: super meta|spd|1
|move|p1a: Slowbro|Scald|p2a: super meta
|-crit|p2a: super meta
|-damage|p2a: super meta|273\/394
|
|-heal|p2a: super meta|297\/394|[from] item: Leftovers
|turn|41
|
|switch|p1a: Heatran|Heatran, M|337\/385 par
|move|p2a: super meta|Calm Mind|p2a: super meta
|-boost|p2a: super meta|spa|1
|-boost|p2a: super meta|spd|1
|
|-heal|p2a: super meta|321\/394|[from] item: Leftovers
|-heal|p1a: Heatran|361\/385 par|[from] item: Leftovers
|turn|42
|
|move|p2a: super meta|Wish|p2a: super meta
|move|p1a: Heatran|Roar|p2a: super meta
|drag|p2a: ghost oven|Rotom-Heat|279\/279
|-damage|p2a: ghost oven|210\/279|[from] Stealth Rock
|
|-heal|p1a: Heatran|385\/385 par|[from] item: Leftovers
|turn|43
|
|move|p1a: Heatran|Protect|p1a: Heatran
|-singleturn|p1a: Heatran|Protect
|move|p2a: ghost oven|Will-O-Wisp|p1a: Heatran
|-activate|p1a: Heatran|Protect
|
|-heal|p2a: ghost oven|279\/279|[from] move: Wish|[wisher] super meta
|turn|44
|
|switch|p2a: best ducke|Porygon2|328\/374
|-damage|p2a: best ducke|282\/374|[from] Stealth Rock
|-ability|p2a: best ducke|Flash Fire|[from] ability: Trace|[of] p1a: Heatran
|switch|p1a: Heracross|Heracross-Mega, M|160\/301
|
|turn|45
|
|move|p1a: Heracross|Close Combat|p2a: best ducke
|-supereffective|p2a: best ducke
|-damage|p2a: best ducke|0 fnt
|-unboost|p1a: Heracross|def|1
|-unboost|p1a: Heracross|spd|1
|faint|p2a: best ducke
|
|
|switch|p2a: ghost oven|Rotom-Heat|279\/279
|-damage|p2a: ghost oven|210\/279|[from] Stealth Rock
|turn|46
|
|switch|p1a: Latias|Latias, F|163\/301
|move|p2a: ghost oven|Trick|p1a: Latias
|-activate|p2a: ghost oven|move: Trick|[of] p1a: Latias
|-item|p1a: Latias|Choice Scarf|[from] move: Trick
|-item|p2a: ghost oven|Life Orb|[from] move: Trick
|
|turn|47
|
|move|p1a: Latias|Psyshock|p2a: ghost oven
|-damage|p2a: ghost oven|83\/279
|move|p2a: ghost oven|Volt Switch|p1a: Latias
|-resisted|p1a: Latias
|-damage|p1a: Latias|97\/301
|-damage|p2a: ghost oven|56\/279|[from] item: Life Orb
|
|switch|p2a: Mega-Luvdisc|Alomomola, M|534\/534
|-damage|p2a: Mega-Luvdisc|468\/534|[from] Stealth Rock
|
|-heal|p2a: Mega-Luvdisc|501\/534|[from] item: Leftovers
|turn|48
|
|switch|p1a: Ferrothorn|Ferrothorn, M|241\/351 tox
|move|p2a: Mega-Luvdisc|Wish|p2a: Mega-Luvdisc
|
|-heal|p2a: Mega-Luvdisc|534\/534|[from] item: Leftovers
|-heal|p1a: Ferrothorn|262\/351 tox|[from] item: Leftovers
|-damage|p1a: Ferrothorn|241\/351 tox|[from] psn
|turn|49
|
|move|p2a: Mega-Luvdisc|Soak|p1a: Ferrothorn
|-start|p1a: Ferrothorn|typechange|Water
|move|p1a: Ferrothorn|Leech Seed|p2a: Mega-Luvdisc
|-start|p2a: Mega-Luvdisc|move: Leech Seed
|
|-heal|p1a: Ferrothorn|262\/351 tox|[from] item: Leftovers
|-damage|p2a: Mega-Luvdisc|468\/534|[from] Leech Seed|[of] p1a: Ferrothorn
|-heal|p1a: Ferrothorn|328\/351 tox|[silent]
|-damage|p1a: Ferrothorn|286\/351 tox|[from] psn
|turn|50
|join|Linkmanap123
|
|move|p2a: Mega-Luvdisc|Wish|p2a: Mega-Luvdisc
|move|p1a: Ferrothorn|Leech Seed|p2a: Mega-Luvdisc
|-fail|p2a: Mega-Luvdisc
|
|-heal|p2a: Mega-Luvdisc|501\/534|[from] item: Leftovers
|-heal|p1a: Ferrothorn|307\/351 tox|[from] item: Leftovers
|-damage|p2a: Mega-Luvdisc|435\/534|[from] Leech Seed|[of] p1a: Ferrothorn
|-heal|p1a: Ferrothorn|351\/351 tox|[silent]
|-damage|p1a: Ferrothorn|288\/351 tox|[from] psn
|turn|51
|raw|<div class="broadcast-blue"><b>Room Staff, please hold off on any more tournaments for a bit. I'd like to restart in a little while without breaking any you may have going. (Alternatively if you want to do one you should get it started soon so I totally won't notice) -Jasmine<\/b><\/div>
|
|switch|p2a: FUCK YOU CHANSEY|Medicham-Mega, M|99\/261
|-damage|p2a: FUCK YOU CHANSEY|83\/261|[from] Stealth Rock
|move|p1a: Ferrothorn|Leech Seed|p2a: FUCK YOU CHANSEY
|-start|p2a: FUCK YOU CHANSEY|move: Leech Seed
|
|-heal|p2a: FUCK YOU CHANSEY|261\/261|[from] move: Wish|[wisher] Mega-Luvdisc
|-heal|p1a: Ferrothorn|309\/351 tox|[from] item: Leftovers
|-damage|p2a: FUCK YOU CHANSEY|229\/261|[from] Leech Seed|[of] p1a: Ferrothorn
|-heal|p1a: Ferrothorn|341\/351 tox|[silent]
|-damage|p1a: Ferrothorn|257\/351 tox|[from] psn
|turn|52
|c| Linkmanap123|welp rhayader you're screwed
|
|switch|p2a: super meta|Sylveon, F|321\/394
|-damage|p2a: super meta|272\/394|[from] Stealth Rock
|switch|p1a: Slowbro|Slowbro, M|393\/393
|
|-heal|p2a: super meta|296\/394|[from] item: Leftovers
|turn|53
|
|move|p2a: super meta|Wish|p2a: super meta
|move|p1a: Slowbro|Scald|p2a: super meta
|-damage|p2a: super meta|224\/394
|
|-heal|p2a: super meta|248\/394|[from] item: Leftovers
|turn|54
|
|move|p2a: super meta|Calm Mind|p2a: super meta
|-boost|p2a: super meta|spa|1
|-boost|p2a: super meta|spd|1
|move|p1a: Slowbro|Scald|p2a: super meta
|-damage|p2a: super meta|193\/394
|
|-heal|p2a: super meta|390\/394|[from] move: Wish|[wisher] super meta
|-heal|p2a: super meta|394\/394|[from] item: Leftovers
|turn|55
|leave|Linkmanap123
|
|switch|p1a: Heatran|Heatran, M|385\/385 par
|move|p2a: super meta|Calm Mind|p2a: super meta
|-boost|p2a: super meta|spa|1
|-boost|p2a: super meta|spd|1
|
|turn|56
|
|move|p2a: super meta|Hyper Voice|p1a: Heatran
|-resisted|p1a: Heatran
|-damage|p1a: Heatran|331\/385 par
|cant|p1a: Heatran|par
|
|-heal|p1a: Heatran|355\/385 par|[from] item: Leftovers
|turn|57
|
|move|p2a: super meta|Hyper Voice|p1a: Heatran
|-resisted|p1a: Heatran
|-damage|p1a: Heatran|303\/385 par
|cant|p1a: Heatran|par
|
|-heal|p1a: Heatran|327\/385 par|[from] item: Leftovers
|turn|58
|
|move|p1a: Heatran|Protect|p1a: Heatran
|-singleturn|p1a: Heatran|Protect
|move|p2a: super meta|Hyper Voice|p1a: Heatran
|-activate|p1a: Heatran|Protect
|
|-heal|p1a: Heatran|351\/385 par|[from] item: Leftovers
|turn|59
|
|move|p2a: super meta|Calm Mind|p2a: super meta
|-boost|p2a: super meta|spa|1
|-boost|p2a: super meta|spd|1
|move|p1a: Heatran|Roar|p2a: super meta
|drag|p2a: Mega-Luvdisc|Alomomola, M|534\/534
|-damage|p2a: Mega-Luvdisc|468\/534|[from] Stealth Rock
|
|-heal|p2a: Mega-Luvdisc|501\/534|[from] item: Leftovers
|-heal|p1a: Heatran|375\/385 par|[from] item: Leftovers
|turn|60
|
|switch|p1a: Ferrothorn|Ferrothorn, M|257\/351 tox
|move|p2a: Mega-Luvdisc|Wish|p2a: Mega-Luvdisc
|
|-heal|p2a: Mega-Luvdisc|534\/534|[from] item: Leftovers
|-heal|p1a: Ferrothorn|278\/351 tox|[from] item: Leftovers
|-damage|p1a: Ferrothorn|257\/351 tox|[from] psn
|turn|61
|
|switch|p2a: FUCK YOU CHANSEY|Medicham-Mega, M|229\/261
|-damage|p2a: FUCK YOU CHANSEY|213\/261|[from] Stealth Rock
|move|p1a: Ferrothorn|Gyro Ball|p2a: FUCK YOU CHANSEY
|-damage|p2a: FUCK YOU CHANSEY|14\/261
|
|-heal|p2a: FUCK YOU CHANSEY|261\/261|[from] move: Wish|[wisher] Mega-Luvdisc
|-heal|p1a: Ferrothorn|278\/351 tox|[from] item: Leftovers
|-damage|p1a: Ferrothorn|236\/351 tox|[from] psn
|turn|62
|
|switch|p1a: Slowbro|Slowbro, M|393\/393
|move|p2a: FUCK YOU CHANSEY|Fire Punch|p1a: Slowbro
|-resisted|p1a: Slowbro
|-damage|p1a: Slowbro|347\/393
|
|-heal|p1a: Slowbro|371\/393|[from] item: Leftovers
|turn|63
|
|move|p2a: FUCK YOU CHANSEY|High Jump Kick|p1a: Slowbro
|-resisted|p1a: Slowbro
|-damage|p1a: Slowbro|252\/393
|move|p1a: Slowbro|Scald|p2a: FUCK YOU CHANSEY
|-damage|p2a: FUCK YOU CHANSEY|147\/261
|
|-heal|p1a: Slowbro|276\/393|[from] item: Leftovers
|turn|64
|
|switch|p2a: Mega-Luvdisc|Alomomola, M|534\/534
|-damage|p2a: Mega-Luvdisc|468\/534|[from] Stealth Rock
|move|p1a: Slowbro|Scald|p2a: Mega-Luvdisc
|-resisted|p2a: Mega-Luvdisc
|-damage|p2a: Mega-Luvdisc|387\/534
|
|-heal|p2a: Mega-Luvdisc|420\/534|[from] item: Leftovers
|-heal|p1a: Slowbro|300\/393|[from] item: Leftovers
|turn|65
|
|switch|p1a: Ferrothorn|Ferrothorn, M|236\/351 tox
|move|p2a: Mega-Luvdisc|Soak|p1a: Ferrothorn
|-start|p1a: Ferrothorn|typechange|Water
|
|-heal|p2a: Mega-Luvdisc|453\/534|[from] item: Leftovers
|-heal|p1a: Ferrothorn|257\/351 tox|[from] item: Leftovers
|-damage|p1a: Ferrothorn|236\/351 tox|[from] psn
|turn|66
|
|move|p2a: Mega-Luvdisc|Protect|p2a: Mega-Luvdisc
|-singleturn|p2a: Mega-Luvdisc|Protect
|move|p1a: Ferrothorn|Leech Seed|p2a: Mega-Luvdisc
|-activate|p2a: Mega-Luvdisc|Protect
|
|-heal|p2a: Mega-Luvdisc|486\/534|[from] item: Leftovers
|-heal|p1a: Ferrothorn|257\/351 tox|[from] item: Leftovers
|-damage|p1a: Ferrothorn|215\/351 tox|[from] psn
|turn|67
|
|switch|p2a: FUCK YOU CHANSEY|Medicham-Mega, M|147\/261
|-damage|p2a: FUCK YOU CHANSEY|131\/261|[from] Stealth Rock
|move|p1a: Ferrothorn|Leech Seed|p2a: FUCK YOU CHANSEY
|-start|p2a: FUCK YOU CHANSEY|move: Leech Seed
|
|-heal|p1a: Ferrothorn|236\/351 tox|[from] item: Leftovers
|-damage|p2a: FUCK YOU CHANSEY|99\/261|[from] Leech Seed|[of] p1a: Ferrothorn
|-heal|p1a: Ferrothorn|268\/351 tox|[silent]
|-damage|p1a: Ferrothorn|205\/351 tox|[from] psn
|turn|68
|
|switch|p2a: Mega-Luvdisc|Alomomola, M|534\/534
|-damage|p2a: Mega-Luvdisc|468\/534|[from] Stealth Rock
|switch|p1a: Slowbro|Slowbro, M|393\/393
|
|-heal|p2a: Mega-Luvdisc|501\/534|[from] item: Leftovers
|turn|69
|
|move|p2a: Mega-Luvdisc|Toxic|p1a: Slowbro
|-status|p1a: Slowbro|tox
|move|p1a: Slowbro|Scald|p2a: Mega-Luvdisc
|-resisted|p2a: Mega-Luvdisc
|-damage|p2a: Mega-Luvdisc|419\/534
|-status|p2a: Mega-Luvdisc|brn
|
|-heal|p2a: Mega-Luvdisc|452\/534 brn|[from] item: Leftovers
|-damage|p2a: Mega-Luvdisc|386\/534 brn|[from] brn
|-damage|p1a: Slowbro|369\/393 tox|[from] psn
|turn|70
|
|switch|p1a: Ferrothorn|Ferrothorn, M|205\/351 tox
|move|p2a: Mega-Luvdisc|Wish|p2a: Mega-Luvdisc
|
|-heal|p2a: Mega-Luvdisc|419\/534 brn|[from] item: Leftovers
|-heal|p1a: Ferrothorn|226\/351 tox|[from] item: Leftovers
|-damage|p2a: Mega-Luvdisc|353\/534 brn|[from] brn
|-damage|p1a: Ferrothorn|205\/351 tox|[from] psn
|turn|71
|
|move|p2a: Mega-Luvdisc|Soak|p1a: Ferrothorn
|-start|p1a: Ferrothorn|typechange|Water
|move|p1a: Ferrothorn|Gyro Ball|p2a: Mega-Luvdisc
|-resisted|p2a: Mega-Luvdisc
|-damage|p2a: Mega-Luvdisc|324\/534 brn
|
|-heal|p2a: Mega-Luvdisc|534\/534 brn|[from] move: Wish|[wisher] Mega-Luvdisc
|-heal|p1a: Ferrothorn|226\/351 tox|[from] item: Leftovers
|-damage|p2a: Mega-Luvdisc|468\/534 brn|[from] brn
|-damage|p1a: Ferrothorn|184\/351 tox|[from] psn
|turn|72
|
|move|p2a: Mega-Luvdisc|Wish|p2a: Mega-Luvdisc
|move|p1a: Ferrothorn|Leech Seed|p2a: Mega-Luvdisc
|-start|p2a: Mega-Luvdisc|move: Leech Seed
|
|-heal|p2a: Mega-Luvdisc|501\/534 brn|[from] item: Leftovers
|-heal|p1a: Ferrothorn|205\/351 tox|[from] item: Leftovers
|-damage|p2a: Mega-Luvdisc|435\/534 brn|[from] Leech Seed|[of] p1a: Ferrothorn
|-heal|p1a: Ferrothorn|271\/351 tox|[silent]
|-damage|p2a: Mega-Luvdisc|369\/534 brn|[from] brn
|-damage|p1a: Ferrothorn|208\/351 tox|[from] psn
|turn|73
|
|move|p2a: Mega-Luvdisc|Soak|p1a: Ferrothorn
|-start|p1a: Ferrothorn|typechange|Water
|move|p1a: Ferrothorn|Gyro Ball|p2a: Mega-Luvdisc
|-resisted|p2a: Mega-Luvdisc
|-damage|p2a: Mega-Luvdisc|340\/534 brn
|
|-heal|p2a: Mega-Luvdisc|534\/534 brn|[from] move: Wish|[wisher] Mega-Luvdisc
|-heal|p1a: Ferrothorn|229\/351 tox|[from] item: Leftovers
|-damage|p2a: Mega-Luvdisc|468\/534 brn|[from] Leech Seed|[of] p1a: Ferrothorn
|-heal|p1a: Ferrothorn|295\/351 tox|[silent]
|-damage|p2a: Mega-Luvdisc|402\/534 brn|[from] brn
|-damage|p1a: Ferrothorn|211\/351 tox|[from] psn
|turn|74
|
|move|p2a: Mega-Luvdisc|Wish|p2a: Mega-Luvdisc
|move|p1a: Ferrothorn|Leech Seed|p2a: Mega-Luvdisc
|-fail|p2a: Mega-Luvdisc
|
|-heal|p2a: Mega-Luvdisc|435\/534 brn|[from] item: Leftovers
|-heal|p1a: Ferrothorn|232\/351 tox|[from] item: Leftovers
|-damage|p2a: Mega-Luvdisc|369\/534 brn|[from] Leech Seed|[of] p1a: Ferrothorn
|-heal|p1a: Ferrothorn|298\/351 tox|[silent]
|-damage|p2a: Mega-Luvdisc|303\/534 brn|[from] brn
|-damage|p1a: Ferrothorn|193\/351 tox|[from] psn
|turn|75
|
|move|p2a: Mega-Luvdisc|Protect|p2a: Mega-Luvdisc
|-singleturn|p2a: Mega-Luvdisc|Protect
|move|p1a: Ferrothorn|Gyro Ball|p2a: Mega-Luvdisc
|-activate|p2a: Mega-Luvdisc|Protect
|
|-heal|p2a: Mega-Luvdisc|534\/534 brn|[from] move: Wish|[wisher] Mega-Luvdisc
|-heal|p1a: Ferrothorn|214\/351 tox|[from] item: Leftovers
|-damage|p2a: Mega-Luvdisc|468\/534 brn|[from] Leech Seed|[of] p1a: Ferrothorn
|-heal|p1a: Ferrothorn|280\/351 tox|[silent]
|-damage|p2a: Mega-Luvdisc|402\/534 brn|[from] brn
|-damage|p1a: Ferrothorn|154\/351 tox|[from] psn
|turn|76
|
|switch|p1a: Latias|Latias, F|97\/301
|move|p2a: Mega-Luvdisc|Soak|p1a: Latias
|-start|p1a: Latias|typechange|Water
|
|-heal|p2a: Mega-Luvdisc|435\/534 brn|[from] item: Leftovers
|-damage|p2a: Mega-Luvdisc|369\/534 brn|[from] Leech Seed|[of] p1a: Latias
|-heal|p1a: Latias|163\/301|[silent]
|-damage|p2a: Mega-Luvdisc|303\/534 brn|[from] brn
|turn|77
|
|switch|p2a: super meta|Sylveon, F|394\/394
|-damage|p2a: super meta|345\/394|[from] Stealth Rock
|move|p1a: Latias|Draco Meteor|p2a: super meta
|-immune|p2a: super meta|[msg]
|
|-heal|p2a: super meta|369\/394|[from] item: Leftovers
|turn|78
|
|switch|p1a: Heatran|Heatran, M|375\/385 par
|move|p2a: super meta|Wish|p2a: super meta
|
|-heal|p2a: super meta|393\/394|[from] item: Leftovers
|-heal|p1a: Heatran|385\/385 par|[from] item: Leftovers
|turn|79
|
|move|p2a: super meta|Heal Bell|p2a: super meta
|-cureteam|p2a: super meta|[from] move: HealBell
|move|p1a: Heatran|Roar|p2a: super meta
|drag|p2a: FUCK YOU CHANSEY|Medicham-Mega, M|99\/261
|-damage|p2a: FUCK YOU CHANSEY|83\/261|[from] Stealth Rock
|
|-heal|p2a: FUCK YOU CHANSEY|261\/261|[from] move: Wish|[wisher] super meta
|turn|80
|
|switch|p1a: Slowbro|Slowbro, M|393\/393 tox
|move|p2a: FUCK YOU CHANSEY|Zen Headbutt|p1a: Slowbro
|-resisted|p1a: Slowbro
|-damage|p1a: Slowbro|316\/393 tox
|
|-heal|p1a: Slowbro|340\/393 tox|[from] item: Leftovers
|-damage|p1a: Slowbro|316\/393 tox|[from] psn
|turn|81
|join|thecrazyalbainian
|
|switch|p2a: Mega-Luvdisc|Alomomola, M|481\/534
|-damage|p2a: Mega-Luvdisc|415\/534|[from] Stealth Rock
|move|p1a: Slowbro|Scald|p2a: Mega-Luvdisc
|-resisted|p2a: Mega-Luvdisc
|-damage|p2a: Mega-Luvdisc|330\/534
|
|-heal|p2a: Mega-Luvdisc|363\/534|[from] item: Leftovers
|-heal|p1a: Slowbro|340\/393 tox|[from] item: Leftovers
|-damage|p1a: Slowbro|292\/393 tox|[from] psn
|turn|82
|
|switch|p1a: Ferrothorn|Ferrothorn, M|154\/351 tox
|move|p2a: Mega-Luvdisc|Soak|p1a: Ferrothorn
|-start|p1a: Ferrothorn|typechange|Water
|
|-heal|p2a: Mega-Luvdisc|396\/534|[from] item: Leftovers
|-heal|p1a: Ferrothorn|175\/351 tox|[from] item: Leftovers
|-damage|p1a: Ferrothorn|154\/351 tox|[from] psn
|turn|83
|
|move|p2a: Mega-Luvdisc|Protect|p2a: Mega-Luvdisc
|-singleturn|p2a: Mega-Luvdisc|Protect
|move|p1a: Ferrothorn|Leech Seed|p2a: Mega-Luvdisc
|-activate|p2a: Mega-Luvdisc|Protect
|
|-heal|p2a: Mega-Luvdisc|429\/534|[from] item: Leftovers
|-heal|p1a: Ferrothorn|175\/351 tox|[from] item: Leftovers
|-damage|p1a: Ferrothorn|133\/351 tox|[from] psn
|turn|84
|
|switch|p2a: super meta|Sylveon, F|393\/394
|-damage|p2a: super meta|344\/394|[from] Stealth Rock
|move|p1a: Ferrothorn|Leech Seed|p2a: super meta
|-start|p2a: super meta|move: Leech Seed
|
|-heal|p2a: super meta|368\/394|[from] item: Leftovers
|-heal|p1a: Ferrothorn|154\/351 tox|[from] item: Leftovers
|-damage|p2a: super meta|319\/394|[from] Leech Seed|[of] p1a: Ferrothorn
|-heal|p1a: Ferrothorn|203\/351 tox|[silent]
|-damage|p1a: Ferrothorn|140\/351 tox|[from] psn
|turn|85
|
|switch|p2a: Mega-Luvdisc|Alomomola, M|534\/534
|-damage|p2a: Mega-Luvdisc|468\/534|[from] Stealth Rock
|move|p1a: Ferrothorn|Gyro Ball|p2a: Mega-Luvdisc
|-resisted|p2a: Mega-Luvdisc
|-damage|p2a: Mega-Luvdisc|438\/534
|
|-heal|p2a: Mega-Luvdisc|471\/534|[from] item: Leftovers
|-heal|p1a: Ferrothorn|161\/351 tox|[from] item: Leftovers
|-damage|p1a: Ferrothorn|77\/351 tox|[from] psn
|turn|86
|
|switch|p1a: Heatran|Heatran, M|385\/385 par
|move|p2a: Mega-Luvdisc|Protect|p2a: Mega-Luvdisc
|-fail|p2a: Mega-Luvdisc
|
|-heal|p2a: Mega-Luvdisc|504\/534|[from] item: Leftovers
|turn|87
|
|move|p2a: Mega-Luvdisc|Soak|p1a: Heatran
|-start|p1a: Heatran|typechange|Water
|cant|p1a: Heatran|par
|
|-heal|p2a: Mega-Luvdisc|534\/534|[from] item: Leftovers
|turn|88
|
|switch|p1a: Ferrothorn|Ferrothorn, M|77\/351 tox
|move|p2a: Mega-Luvdisc|Protect|p2a: Mega-Luvdisc
|-fail|p2a: Mega-Luvdisc
|
|-heal|p1a: Ferrothorn|98\/351 tox|[from] item: Leftovers
|-damage|p1a: Ferrothorn|77\/351 tox|[from] psn
|turn|89
|
|move|p2a: Mega-Luvdisc|Protect|p2a: Mega-Luvdisc
|-singleturn|p2a: Mega-Luvdisc|Protect
|move|p1a: Ferrothorn|Leech Seed|p2a: Mega-Luvdisc
|-activate|p2a: Mega-Luvdisc|Protect
|
|-heal|p1a: Ferrothorn|98\/351 tox|[from] item: Leftovers
|-damage|p1a: Ferrothorn|56\/351 tox|[from] psn
|turn|90
|
|switch|p2a: ghost oven|Rotom-Heat|56\/279
|-damage|p2a: ghost oven|0 fnt|[from] Stealth Rock
|faint|p2a: ghost oven
|move|p1a: Ferrothorn|Leech Seed|p2: ghost oven|[notarget]
|-notarget
|
|-heal|p1a: Ferrothorn|77\/351 tox|[from] item: Leftovers
|-damage|p1a: Ferrothorn|14\/351 tox|[from] psn
|
|switch|p2a: Mega-Luvdisc|Alomomola, M|534\/534
|-damage|p2a: Mega-Luvdisc|468\/534|[from] Stealth Rock
|turn|91
|
|switch|p1a: Heatran|Heatran, M|385\/385 par
|move|p2a: Mega-Luvdisc|Protect|p2a: Mega-Luvdisc
|-fail|p2a: Mega-Luvdisc
|
|-heal|p2a: Mega-Luvdisc|501\/534|[from] item: Leftovers
|turn|92
|
|move|p2a: Mega-Luvdisc|Soak|p1a: Heatran
|-start|p1a: Heatran|typechange|Water
|cant|p1a: Heatran|par
|
|-heal|p2a: Mega-Luvdisc|534\/534|[from] item: Leftovers
|turn|93
|join|shinningprodigy
|
|move|p2a: Mega-Luvdisc|Soak|p1a: Heatran
|-start|p1a: Heatran|typechange|Water
|move|p1a: Heatran|Lava Plume|p2a: Mega-Luvdisc
|-resisted|p2a: Mega-Luvdisc
|-damage|p2a: Mega-Luvdisc|456\/534
|-status|p2a: Mega-Luvdisc|brn
|
|-heal|p2a: Mega-Luvdisc|489\/534 brn|[from] item: Leftovers
|-damage|p2a: Mega-Luvdisc|423\/534 brn|[from] brn
|turn|94
|leave|thecrazyalbainian
|
|switch|p2a: super meta|Sylveon, F|319\/394
|-damage|p2a: super meta|270\/394|[from] Stealth Rock
|switch|p1a: Ferrothorn|Ferrothorn, M|14\/351 tox
|
|-heal|p2a: super meta|294\/394|[from] item: Leftovers
|-heal|p1a: Ferrothorn|35\/351 tox|[from] item: Leftovers
|-damage|p1a: Ferrothorn|14\/351 tox|[from] psn
|turn|95
|
|move|p2a: super meta|Wish|p2a: super meta
|move|p1a: Ferrothorn|Gyro Ball|p2a: super meta
|-supereffective|p2a: super meta
|-damage|p2a: super meta|120\/394
|
|-heal|p2a: super meta|144\/394|[from] item: Leftovers
|-heal|p1a: Ferrothorn|35\/351 tox|[from] item: Leftovers
|-damage|p1a: Ferrothorn|0 fnt|[from] psn
|faint|p1a: Ferrothorn
|join|Badaboom Burst
|
|switch|p1a: Heracross|Heracross-Mega, M|160\/301
|turn|96
|
|move|p1a: Heracross|Pin Missile|p2a: super meta
|-resisted|p2a: super meta
|-damage|p2a: super meta|111\/394
|-resisted|p2a: super meta
|-damage|p2a: super meta|81\/394
|-resisted|p2a: super meta
|-damage|p2a: super meta|51\/394
|-resisted|p2a: super meta
|-damage|p2a: super meta|22\/394
|-resisted|p2a: super meta
|-damage|p2a: super meta|0 fnt
|-hitcount|p2a: super meta|5
|faint|p2a: super meta
|
|
|switch|p2a: FUCK YOU CHANSEY|Medicham-Mega, M|261\/261
|-damage|p2a: FUCK YOU CHANSEY|245\/261|[from] Stealth Rock
|turn|97
|
|switch|p1a: Slowbro|Slowbro, M|393\/393 tox
|move|p2a: FUCK YOU CHANSEY|High Jump Kick|p1a: Slowbro|[miss]
|-miss|p2a: FUCK YOU CHANSEY|p1a: Slowbro
|-damage|p2a: FUCK YOU CHANSEY|115\/261|[from] highjumpkick
|
|-damage|p1a: Slowbro|369\/393 tox|[from] psn
|turn|98
|
|move|p2a: FUCK YOU CHANSEY|Zen Headbutt|p1a: Slowbro
|-crit|p1a: Slowbro
|-resisted|p1a: Slowbro
|-damage|p1a: Slowbro|259\/393 tox
|move|p1a: Slowbro|Scald|p2a: FUCK YOU CHANSEY
|-damage|p2a: FUCK YOU CHANSEY|0 fnt
|faint|p2a: FUCK YOU CHANSEY
|
|-heal|p1a: Slowbro|283\/393 tox|[from] item: Leftovers
|-damage|p1a: Slowbro|235\/393 tox|[from] psn
|
|switch|p2a: Mega-Luvdisc|Alomomola, M|534\/534 brn
|-damage|p2a: Mega-Luvdisc|468\/534 brn|[from] Stealth Rock
|turn|99
|join|carleyist
|c|âRhayader|gg
|-message|Rhayader forfeited.
|
|win|Guilas BeatU
|raw|Ladder updating...
|raw|Guilas BeatU's rating: 1676 &rarr; <strong>1697<\/strong><br \/>(+21 for winning)
|raw|Rhayader's rating: 1696 &rarr; <strong>1676<\/strong><br \/>(-20 for losing)
|leave|shinningprodigy
|leave|Rhayader
|player|p2
|c|âGuilas BeatU|easy
|c| Badaboom Burst|hah