|join|Rhayader
|join|COOLFACE
|player|p1|Rhayader|#showtan
|player|p2|COOLFACE|293
|gametype|singles
|gen|6
|tier|OU
|rated
|clearpoke
|poke|p1|Steelix, M
|poke|p1|Porygon2
|poke|p1|Medicham, M
|poke|p1|Sylveon, M
|poke|p1|Alomomola, F
|poke|p1|Rotom-Heat
|poke|p2|Politoed, M
|poke|p2|Ferrothorn, M
|poke|p2|Raikou
|poke|p2|Azumarill, F
|poke|p2|Tornadus-Therian, M
|poke|p2|Ludicolo, M
|rule|Swagger Clause: Swagger is banned
|rule|Baton Pass Clause: Limit one PokÃ©mon knowing Baton Pass
|rule|Sleep Clause Mod: Limit one foe put to sleep
|rule|Species Clause: Limit one of each PokÃ©mon
|rule|OHKO Clause: OHKO moves are banned
|rule|Moody Clause: Moody is banned
|rule|Evasion Moves Clause: Evasion moves are banned
|rule|Endless Battle Clause: Forcing endless battles is banned
|rule|HP Percentage Mod: HP is shown in percentages
|teampreview
|
|start
|switch|p1a: STEEEEEEEEEEEEEEEE|Steelix, M|268\/268
|switch|p2a: Politoed|Politoed, M|384\/384
|-weather|RainDance
|turn|1
|
|move|p2a: Politoed|Toxic|p1a: STEEEEEEEEEEEEEEEE
|-fail|p1a: STEEEEEEEEEEEEEEEE
|move|p1a: STEEEEEEEEEEEEEEEE|Stealth Rock|p2a: Politoed
|-sidestart|p2: COOLFACE|move: Stealth Rock
|
|-weather|RainDance|[upkeep]
|turn|2
|
|move|p2a: Politoed|Scald|p1a: STEEEEEEEEEEEEEEEE
|-supereffective|p1a: STEEEEEEEEEEEEEEEE
|-damage|p1a: STEEEEEEEEEEEEEEEE|8\/268
|-status|p1a: STEEEEEEEEEEEEEEEE|brn
|move|p1a: STEEEEEEEEEEEEEEEE|Earthquake|p2a: Politoed
|-damage|p2a: Politoed|317\/384
|
|-weather|RainDance|[upkeep]
|-heal|p1a: STEEEEEEEEEEEEEEEE|24\/268 brn|[from] item: Leftovers
|-damage|p1a: STEEEEEEEEEEEEEEEE|0 fnt|[from] brn
|faint|p1a: STEEEEEEEEEEEEEEEE
|
|switch|p1a: ghost oven|Rotom-Heat|279\/279
|turn|3
|
|switch|p2a: Ferrothorn|Ferrothorn, M|352\/352
|-damage|p2a: Ferrothorn|330\/352|[from] Stealth Rock
|move|p1a: ghost oven|Volt Switch|p2a: Ferrothorn
|-resisted|p2a: Ferrothorn
|-damage|p2a: Ferrothorn|291\/352
|
|switch|p1a: FUCK YOU CHANSEY|Medicham, M|261\/261
|
|-weather|RainDance|[upkeep]
|-heal|p2a: Ferrothorn|313\/352|[from] item: Leftovers
|turn|4
|
|detailschange|p1a: FUCK YOU CHANSEY|Medicham-Mega, M
|message|Medicham has Mega Evolved into Mega Medicham!
|move|p1a: FUCK YOU CHANSEY|Fire Punch|p2a: Ferrothorn
|-supereffective|p2a: Ferrothorn
|-damage|p2a: Ferrothorn|93\/352
|-damage|p1a: FUCK YOU CHANSEY|229\/261|[from] ability: Iron Barbs|[of] p2a: Ferrothorn
|move|p2a: Ferrothorn|Thunder Wave|p1a: FUCK YOU CHANSEY
|-status|p1a: FUCK YOU CHANSEY|par
|
|-weather|RainDance|[upkeep]
|-heal|p2a: Ferrothorn|115\/352|[from] item: Leftovers
|turn|5
|
|move|p1a: FUCK YOU CHANSEY|High Jump Kick|p2a: Ferrothorn
|-crit|p2a: Ferrothorn
|-supereffective|p2a: Ferrothorn
|-damage|p2a: Ferrothorn|0 fnt
|-damage|p1a: FUCK YOU CHANSEY|197\/261 par|[from] ability: Iron Barbs|[of] p2a: Ferrothorn
|faint|p2a: Ferrothorn
|
|-weather|RainDance|[upkeep]
|
|switch|p2a: Tornadus-Therian|Tornadus-Therian, M|300\/300
|-damage|p2a: Tornadus-Therian|225\/300|[from] Stealth Rock
|turn|6
|
|switch|p1a: ghost oven|Rotom-Heat|279\/279
|move|p2a: Tornadus-Therian|Hurricane|p1a: ghost oven
|-resisted|p1a: ghost oven
|-damage|p1a: ghost oven|178\/279
|-start|p1a: ghost oven|confusion
|-damage|p2a: Tornadus-Therian|195\/300|[from] item: Life Orb
|
|-weather|RainDance|[upkeep]
|turn|7
|
|move|p2a: Tornadus-Therian|U-turn|p1a: ghost oven
|-resisted|p1a: ghost oven
|-damage|p1a: ghost oven|143\/279
|-damage|p2a: Tornadus-Therian|165\/300|[from] item: Life Orb
|
|switch|p2a: Azumarill|Azumarill, F|404\/404
|-damage|p2a: Azumarill|354\/404|[from] Stealth Rock
|-activate|p1a: ghost oven|confusion
|-damage|p1a: ghost oven|125\/279|[from] confusion
|
|-weather|RainDance|[upkeep]
|turn|8
|
|switch|p1a: Mega-Luvdisc|Alomomola, F|534\/534
|move|p2a: Azumarill|Knock Off|p1a: Mega-Luvdisc
|-damage|p1a: Mega-Luvdisc|411\/534
|-enditem|p1a: Mega-Luvdisc|Leftovers|[from] move: Knock Off|[of] p2a: Azumarill
|
|-weather|none
|turn|9
|
|switch|p2a: Politoed|Politoed, M|317\/384
|-damage|p2a: Politoed|269\/384|[from] Stealth Rock
|-weather|RainDance
|move|p1a: Mega-Luvdisc|Toxic|p2a: Politoed
|-status|p2a: Politoed|tox
|
|-weather|RainDance|[upkeep]
|-damage|p2a: Politoed|245\/384 tox|[from] psn
|turn|10
|
|move|p1a: Mega-Luvdisc|Protect|p1a: Mega-Luvdisc
|-singleturn|p1a: Mega-Luvdisc|Protect
|move|p2a: Politoed|Toxic|p1a: Mega-Luvdisc
|-activate|p1a: Mega-Luvdisc|Protect
|
|-weather|RainDance|[upkeep]
|-damage|p2a: Politoed|197\/384 tox|[from] psn
|turn|11
|
|switch|p1a: super meta|Sylveon, M|394\/394
|move|p2a: Politoed|Toxic|p1a: super meta|[miss]
|-miss|p2a: Politoed|p1a: super meta
|
|-weather|RainDance|[upkeep]
|-damage|p2a: Politoed|125\/384 tox|[from] psn
|turn|12
|
|switch|p2a: Azumarill|Azumarill, F|354\/404
|-damage|p2a: Azumarill|304\/404|[from] Stealth Rock
|move|p1a: super meta|Calm Mind|p1a: super meta
|-boost|p1a: super meta|spa|1
|-boost|p1a: super meta|spd|1
|
|-weather|RainDance|[upkeep]
|turn|13
|
|move|p1a: super meta|Hyper Voice|p2a: Azumarill
|-damage|p2a: Azumarill|138\/404
|move|p2a: Azumarill|Play Rough|p1a: super meta|[miss]
|-miss|p2a: Azumarill|p1a: super meta
|
|-weather|RainDance|[upkeep]
|turn|14
|
|move|p2a: Azumarill|Aqua Jet|p1a: super meta
|-damage|p1a: super meta|271\/394
|move|p1a: super meta|Hyper Voice|p2a: Azumarill
|-damage|p2a: Azumarill|0 fnt
|faint|p2a: Azumarill
|
|-weather|RainDance|[upkeep]
|-heal|p1a: super meta|295\/394|[from] item: Leftovers
|
|switch|p2a: Raikou|Raikou|322\/322
|-damage|p2a: Raikou|282\/322|[from] Stealth Rock
|-ability|p2a: Raikou|Pressure
|turn|15
|
|move|p2a: Raikou|Thunder|p1a: super meta
|-damage|p1a: super meta|145\/394
|-status|p1a: super meta|par
|move|p1a: super meta|Hyper Voice|p2a: Raikou
|-damage|p2a: Raikou|18\/322
|
|-weather|RainDance|[upkeep]
|-heal|p1a: super meta|169\/394 par|[from] item: Leftovers
|turn|16
|
|move|p2a: Raikou|Thunder|p1a: super meta
|-damage|p1a: super meta|18\/394 par
|move|p1a: super meta|Hyper Voice|p2a: Raikou
|-damage|p2a: Raikou|0 fnt
|faint|p2a: Raikou
|
|-weather|none
|-heal|p1a: super meta|42\/394 par|[from] item: Leftovers
|
|switch|p2a: Politoed|Politoed, M|125\/384 tox
|-damage|p2a: Politoed|77\/384 tox|[from] Stealth Rock
|-weather|RainDance
|turn|17
|
|move|p2a: Politoed|Scald|p1a: super meta
|-damage|p1a: super meta|0 fnt
|faint|p1a: super meta
|
|-weather|RainDance|[upkeep]
|-damage|p2a: Politoed|53\/384 tox|[from] psn
|
|switch|p1a: ghost oven|Rotom-Heat|125\/279
|turn|18
|
|move|p1a: ghost oven|Volt Switch|p2a: Politoed
|-supereffective|p2a: Politoed
|-damage|p2a: Politoed|0 fnt
|faint|p2a: Politoed
|
|switch|p1a: best ducke|Porygon2|374\/374
|
|-weather|RainDance|[upkeep]
|
|switch|p2a: Tornadus-Therian|Tornadus-Therian, M|265\/300
|-damage|p2a: Tornadus-Therian|190\/300|[from] Stealth Rock
|-ability|p1a: best ducke|Regenerator|[from] ability: Trace|[of] p2a: Tornadus-Therian
|turn|19
|
|move|p2a: Tornadus-Therian|Hurricane|p1a: best ducke
|-damage|p1a: best ducke|256\/374
|-start|p1a: best ducke|confusion
|-damage|p2a: Tornadus-Therian|160\/300|[from] item: Life Orb
|-activate|p1a: best ducke|confusion
|-damage|p1a: best ducke|239\/374|[from] confusion
|
|-weather|RainDance|[upkeep]
|turn|20
|
|move|p2a: Tornadus-Therian|Focus Blast|p1a: best ducke
|-supereffective|p1a: best ducke
|-damage|p1a: best ducke|78\/374
|-damage|p2a: Tornadus-Therian|130\/300|[from] item: Life Orb
|-end|p1a: best ducke|confusion
|move|p1a: best ducke|Recover|p1a: best ducke
|-heal|p1a: best ducke|265\/374
|
|-weather|RainDance|[upkeep]
|turn|21
|
|move|p2a: Tornadus-Therian|Hurricane|p1a: best ducke
|-damage|p1a: best ducke|158\/374
|-damage|p2a: Tornadus-Therian|100\/300|[from] item: Life Orb
|move|p1a: best ducke|Thunderbolt|p2a: Tornadus-Therian
|-supereffective|p2a: Tornadus-Therian
|-damage|p2a: Tornadus-Therian|0 fnt
|faint|p2a: Tornadus-Therian
|
|-weather|RainDance|[upkeep]
|-message|COOLFACE forfeited.
|
|win|Rhayader
|raw|Ladder updating...
|leave|COOLFACE
|player|p2
|raw|Rhayader's rating: 1533 &rarr; <strong>1550<\/strong><br \/>(+17 for winning)
|raw|COOLFACE's rating: 1479 &rarr; <strong>1462<\/strong><br \/>(-17 for losing)