|join|Rhayader
|join|jacorralc
|player|p1|Rhayader|#showtan
|player|p2|jacorralc|2
|gametype|singles
|gen|6
|tier|OU
|rated
|clearpoke
|poke|p1|Zapdos
|poke|p1|Latias, F
|poke|p1|Terrakion
|poke|p1|Rotom-Heat
|poke|p1|Sableye, M
|poke|p1|Landorus-Therian, M
|poke|p2|Landorus-Therian, M, shiny
|poke|p2|Greninja, M, shiny
|poke|p2|Azumarill, M
|poke|p2|Charizard, M
|poke|p2|Scizor, M
|poke|p2|Ferrothorn, M
|rule|Swagger Clause: Swagger is banned
|rule|Baton Pass Clause: Limit one PokÃ©mon knowing Baton Pass
|rule|Sleep Clause Mod: Limit one foe put to sleep
|rule|Species Clause: Limit one of each PokÃ©mon
|rule|OHKO Clause: OHKO moves are banned
|rule|Moody Clause: Moody is banned
|rule|Evasion Moves Clause: Evasion moves are banned
|rule|Endless Battle Clause: Forcing endless battles is banned
|rule|HP Percentage Mod: HP is shown in percentages
|teampreview
|join|Dolomighty
|join|datwerg
|join|coolniceman
|c| Dolomighty|hi
|join|CITF420 v2
|
|start
|switch|p1a: Zapdos|Zapdos|339\/339
|switch|p2a: Greninja|Greninja, M, shiny|286\/286
|-ability|p1a: Zapdos|Pressure
|turn|1
|join|BoosterGoldz
|join|crabcore
|c| Dolomighty|holy fucking smogon
|c| datwerg|le smogon le team
|c| datwerg|xDDDDDDDDDDDDDDDDDDDDDDDDDDDDDDDDDDDDDDDDDDDDDDDDD
|c| Dolomighty|Good,but unfortunately, I'm a happy man, I,uh-huh,huh-huh,huh-huh,huh-huh,this is my husband,human rights, chest pains,Yes,I know that this country is a joke. The pole, but this is my job, so don't forget the kids
|join|am I kawaii UGUU~
|c| am I kawaii UGUU~|im gay
|leave|datwerg
|
|move|p2a: Greninja|Ice Beam|p1a: Zapdos
|-start|p2a: Greninja|typechange|Ice|[from] Protean
|-supereffective|p1a: Zapdos
|-damage|p1a: Zapdos|0 fnt
|-damage|p2a: Greninja|258\/286|[from] item: Life Orb
|faint|p1a: Zapdos
|
|c| BoosterGoldz|http:\/\/sweepercalc.com\/stats\/
|c| BoosterGoldz|http:\/\/sweepercalc.com\/stats\/
|
|switch|p1a: Terrakion|Terrakion|323\/323
|turn|2
|c| Dolomighty|>staying in on le uncounterable frog
|c| BoosterGoldz|>literally the top 6 mons
|c|âjacorralc|are you gay?
|c|âRhayader|>implying i have any switch in
|c| Dolomighty|I know
|
|move|p2a: Greninja|Hydro Pump|p1a: Terrakion
|-start|p2a: Greninja|typechange|Water|[from] Protean
|-supereffective|p1a: Terrakion
|-enditem|p1a: Terrakion|Focus Sash
|-damage|p1a: Terrakion|1\/323
|-damage|p2a: Greninja|230\/286|[from] item: Life Orb
|move|p1a: Terrakion|Stealth Rock|p2a: Greninja
|-sidestart|p2: jacorralc|move: Stealth Rock
|
|turn|3
|c| Dolomighty|he's uncounterable
|c|âRhayader|>staying
|c|âRhayader|fug
|c| BoosterGoldz|nice
|
|move|p2a: Greninja|Ice Beam|p1a: Terrakion
|-start|p2a: Greninja|typechange|Ice|[from] Protean
|-damage|p1a: Terrakion|0 fnt
|-damage|p2a: Greninja|202\/286|[from] item: Life Orb
|faint|p1a: Terrakion
|
|c|âRhayader|ok
|c| am I kawaii UGUU~|rhayadr u suk lol
|c| Dolomighty|>STAYING IN ON TERRAKION
|
|switch|p1a: Landorus-Therian|Landorus-Therian, M|320\/320
|-ability|p1a: Landorus-Therian|Intimidate|[of] p2a: Greninja
|-unboost|p2a: Greninja|atk|1
|turn|4
|c|âjacorralc|fuck my attack
|c| Dolomighty|how low are you rhay?
|
|move|p1a: Landorus-Therian|Earthquake|p2a: Greninja
|-damage|p2a: Greninja|0 fnt
|faint|p2a: Greninja
|
|
|switch|p2a: Landorus-Therian|Landorus-Therian, M, shiny|320\/320
|-damage|p2a: Landorus-Therian|280\/320|[from] Stealth Rock
|-ability|p2a: Landorus-Therian|Intimidate|[of] p1a: Landorus-Therian
|-unboost|p1a: Landorus-Therian|atk|1
|turn|5
|c| am I kawaii UGUU~|âjacorralc: fuck my attack
|c|âRhayader|1466 i think
|c| Dolomighty|wow
|c| am I kawaii UGUU~|>using smogon doge
|c| Dolomighty|okay then
|
|switch|p1a: Rotom-Heat|Rotom-Heat|304\/304
|move|p2a: Landorus-Therian|U-turn|p1a: Rotom-Heat
|-resisted|p1a: Rotom-Heat
|-damage|p1a: Rotom-Heat|271\/304
|c| Dolomighty|genies removed from OU when?
|
|switch|p2a: Charizard|Charizard, M|298\/298
|-damage|p2a: Charizard|149\/298|[from] Stealth Rock
|
|-heal|p1a: Rotom-Heat|290\/304|[from] item: Leftovers
|turn|6
|c|âRhayader|its ok though i can pretty much handle everything else on his team
|
|detailschange|p2a: Charizard|Charizard-Mega-X, M
|message|Charizard has Mega Evolved into Mega Charizard!
|move|p2a: Charizard|Roost|p2a: Charizard
|-heal|p2a: Charizard|298\/298
|move|p1a: Rotom-Heat|Volt Switch|p2a: Charizard
|-resisted|p2a: Charizard
|-damage|p2a: Charizard|245\/298
|
|switch|p1a: Landorus-Therian|Landorus-Therian, M|320\/320
|-ability|p1a: Landorus-Therian|Intimidate|[of] p2a: Charizard
|-unboost|p2a: Charizard|atk|1
|
|turn|7
|c| Dolomighty|well yes, there is no counter to le uncoutnerable frog
|
|switch|p2a: Landorus-Therian|Landorus-Therian, M, shiny|280\/320
|-damage|p2a: Landorus-Therian|240\/320|[from] Stealth Rock
|-ability|p2a: Landorus-Therian|Intimidate|[of] p1a: Landorus-Therian
|-unboost|p1a: Landorus-Therian|atk|1
|move|p1a: Landorus-Therian|Stone Edge|p2a: Landorus-Therian
|-damage|p2a: Landorus-Therian|141\/320
|
|turn|8
|
|move|p1a: Landorus-Therian|Stone Edge|p2a: Landorus-Therian|[miss]
|-miss|p1a: Landorus-Therian|p2a: Landorus-Therian
|move|p2a: Landorus-Therian|Stone Edge|p1a: Landorus-Therian
|-damage|p1a: Landorus-Therian|171\/320
|
|turn|9
|c|âjacorralc|uncounterable frog
|
|switch|p1a: Latias|Latias, F|364\/364
|move|p2a: Landorus-Therian|Stone Edge|p1a: Latias
|-damage|p1a: Latias|261\/364
|
|-heal|p1a: Latias|283\/364|[from] item: Leftovers
|turn|10
|c|âjacorralc|why os this full of people?
|
|switch|p2a: Ferrothorn|Ferrothorn, M|352\/352
|-damage|p2a: Ferrothorn|330\/352|[from] Stealth Rock
|switch|p1a: Rotom-Heat|Rotom-Heat|290\/304
|
|-heal|p1a: Rotom-Heat|304\/304|[from] item: Leftovers
|-heal|p2a: Ferrothorn|352\/352|[from] item: Leftovers
|turn|11
|
|switch|p2a: Charizard|Charizard-Mega-X, M|245\/298
|-damage|p2a: Charizard|171\/298|[from] Stealth Rock
|move|p1a: Rotom-Heat|Overheat|p2a: Charizard
|-resisted|p2a: Charizard
|-damage|p2a: Charizard|123\/298
|-unboost|p1a: Rotom-Heat|spa|2
|
|turn|12
|
|move|p2a: Charizard|Dragon Dance|p2a: Charizard
|-boost|p2a: Charizard|atk|1
|-boost|p2a: Charizard|spe|1
|move|p1a: Rotom-Heat|Volt Switch|p2a: Charizard
|-resisted|p2a: Charizard
|-damage|p2a: Charizard|99\/298
|
|switch|p1a: Landorus-Therian|Landorus-Therian, M|171\/320
|-ability|p1a: Landorus-Therian|Intimidate|[of] p2a: Charizard
|-unboost|p2a: Charizard|atk|1
|
|turn|13
|
|move|p1a: Landorus-Therian|Stone Edge|p2a: Charizard
|-supereffective|p2a: Charizard
|-damage|p2a: Charizard|0 fnt
|faint|p2a: Charizard
|
|c|âRhayader|nice speed
|
|switch|p2a: Ferrothorn|Ferrothorn, M|352\/352
|-damage|p2a: Ferrothorn|330\/352|[from] Stealth Rock
|turn|14
|
|switch|p1a: Rotom-Heat|Rotom-Heat|304\/304
|move|p2a: Ferrothorn|Stealth Rock|p1a: Rotom-Heat
|-sidestart|p1: Rhayader|move: Stealth Rock
|
|-heal|p2a: Ferrothorn|352\/352|[from] item: Leftovers
|turn|15
|
|switch|p2a: Azumarill|Azumarill, M|404\/404
|-damage|p2a: Azumarill|354\/404|[from] Stealth Rock
|move|p1a: Rotom-Heat|Will-O-Wisp|p2a: Azumarill
|-status|p2a: Azumarill|brn
|
|-damage|p2a: Azumarill|304\/404 brn|[from] brn
|turn|16
|
|move|p1a: Rotom-Heat|Volt Switch|p2a: Azumarill
|-supereffective|p2a: Azumarill
|-damage|p2a: Azumarill|172\/404 brn
|
|switch|p1a: Landorus-Therian|Landorus-Therian, M|171\/320
|-damage|p1a: Landorus-Therian|131\/320|[from] Stealth Rock
|-ability|p1a: Landorus-Therian|Intimidate|[of] p2a: Azumarill
|-unboost|p2a: Azumarill|atk|1
|move|p2a: Azumarill|Waterfall|p1a: Landorus-Therian
|-supereffective|p1a: Landorus-Therian
|-damage|p1a: Landorus-Therian|0 fnt
|faint|p1a: Landorus-Therian
|
|-damage|p2a: Azumarill|122\/404 brn|[from] brn
|c|âjacorralc|haha I knew it
|c|âjacorralc|but my attack is trash now
|c| BoosterGoldz|knew what
|
|switch|p1a: Latias|Latias, F|283\/364
|-damage|p1a: Latias|238\/364|[from] Stealth Rock
|turn|17
|
|move|p1a: Latias|Calm Mind|p1a: Latias
|-boost|p1a: Latias|spa|1
|-boost|p1a: Latias|spd|1
|move|p2a: Azumarill|Play Rough|p1a: Latias
|-supereffective|p1a: Latias
|-damage|p1a: Latias|136\/364
|
|-heal|p1a: Latias|158\/364|[from] item: Leftovers
|-damage|p2a: Azumarill|72\/404 brn|[from] brn
|turn|18
|c|âjacorralc|everthing
|c| BoosterGoldz|o-oh
|c| Dolomighty|you know nothing
|
|move|p1a: Latias|Roost|p1a: Latias
|-heal|p1a: Latias|340\/364
|move|p2a: Azumarill|Play Rough|p1a: Latias|[miss]
|-miss|p2a: Azumarill|p1a: Latias
|
|-heal|p1a: Latias|362\/364|[from] item: Leftovers
|-damage|p2a: Azumarill|22\/404 brn|[from] brn
|turn|19
|
|move|p1a: Latias|Calm Mind|p1a: Latias
|-boost|p1a: Latias|spa|1
|-boost|p1a: Latias|spd|1
|move|p2a: Azumarill|Play Rough|p1a: Latias
|-supereffective|p1a: Latias
|-damage|p1a: Latias|266\/364
|-unboost|p1a: Latias|atk|1
|
|-heal|p1a: Latias|288\/364|[from] item: Leftovers
|-damage|p2a: Azumarill|0 fnt|[from] brn
|faint|p2a: Azumarill
|c|âjacorralc|its supper effective
|c|âjacorralc|why you arenot dying
|c| Dolomighty|>this nigga
|c|âRhayader|\/\/rank jacorralc
|c| BoosterGoldz|because he's hacking...............
|
|switch|p2a: Ferrothorn|Ferrothorn, M|352\/352
|-damage|p2a: Ferrothorn|330\/352|[from] Stealth Rock
|turn|20
|
|move|p1a: Latias|Dragon Pulse|p2a: Ferrothorn
|-resisted|p2a: Ferrothorn
|-damage|p2a: Ferrothorn|243\/352
|move|p2a: Ferrothorn|Leech Seed|p1a: Latias
|-start|p1a: Latias|move: Leech Seed
|
|-heal|p1a: Latias|310\/364|[from] item: Leftovers
|-heal|p2a: Ferrothorn|265\/352|[from] item: Leftovers
|-damage|p1a: Latias|265\/364|[from] Leech Seed|[of] p2a: Ferrothorn
|-heal|p2a: Ferrothorn|310\/352|[silent]
|turn|21
|c| crabcore|>not burrito punching
|c|âRhayader|ok
|
|move|p1a: Latias|Defog|p2a: Ferrothorn
|-unboost|p2a: Ferrothorn|evasion|1
|-sideend|p2: jacorralc|Stealth Rock|[from] move: Defog|[of] p2a: Ferrothorn
|-sideend|p1: Rhayader|Stealth Rock|[from] move: Defog|[of] p1a: Latias
|move|p2a: Ferrothorn|Power Whip|p1a: Latias
|-resisted|p1a: Latias
|-damage|p1a: Latias|208\/364
|
|-heal|p1a: Latias|230\/364|[from] item: Leftovers
|-heal|p2a: Ferrothorn|332\/352|[from] item: Leftovers
|-damage|p1a: Latias|185\/364|[from] Leech Seed|[of] p2a: Ferrothorn
|-heal|p2a: Ferrothorn|352\/352|[silent]
|turn|22
|
|switch|p1a: Sableye|Sableye, M|304\/304
|move|p2a: Ferrothorn|Stealth Rock|p1a: Sableye
|-sidestart|p1: Rhayader|move: Stealth Rock
|
|turn|23
|c|âjacorralc|what is happening
|c| Dolomighty|gotta have muh rocks
|
|move|p1a: Sableye|Will-O-Wisp|p2a: Ferrothorn
|-status|p2a: Ferrothorn|brn
|move|p2a: Ferrothorn|Gyro Ball|p1a: Sableye
|-damage|p1a: Sableye|264\/304
|
|-damage|p2a: Ferrothorn|308\/352 brn|[from] brn
|turn|24
|c| BoosterGoldz|rotom heat reks everything left
|c| Dolomighty|except genie
|c| Dolomighty|but that's why we have le tricky ghost
|c|âjacorralc|ya
|c|âjacorralc|gg
|
|move|p1a: Sableye|Calm Mind|p1a: Sableye
|-boost|p1a: Sableye|spa|1
|-boost|p1a: Sableye|spd|1
|move|p2a: Ferrothorn|Leech Seed|p1a: Sableye
|-start|p1a: Sableye|move: Leech Seed
|
|-heal|p2a: Ferrothorn|330\/352 brn|[from] item: Leftovers
|-damage|p1a: Sableye|226\/304|[from] Leech Seed|[of] p2a: Ferrothorn
|-heal|p2a: Ferrothorn|352\/352 brn|[silent]
|-damage|p2a: Ferrothorn|308\/352 brn|[from] brn
|turn|25
|c| BoosterGoldz|can't take an ogreheat on a switch
|c| BoosterGoldz|nice
|
|switch|p1a: Latias|Latias, F|185\/364
|-damage|p1a: Latias|140\/364|[from] Stealth Rock
|move|p2a: Ferrothorn|Power Whip|p1a: Latias
|-resisted|p1a: Latias
|-damage|p1a: Latias|114\/364
|
|-heal|p1a: Latias|136\/364|[from] item: Leftovers
|-heal|p2a: Ferrothorn|330\/352 brn|[from] item: Leftovers
|-damage|p2a: Ferrothorn|286\/352 brn|[from] brn
|turn|26
|
|move|p1a: Latias|Roost|p1a: Latias
|-heal|p1a: Latias|318\/364
|move|p2a: Ferrothorn|Leech Seed|p1a: Latias
|-start|p1a: Latias|move: Leech Seed
|
|-heal|p1a: Latias|340\/364|[from] item: Leftovers
|-heal|p2a: Ferrothorn|308\/352 brn|[from] item: Leftovers
|-damage|p1a: Latias|295\/364|[from] Leech Seed|[of] p2a: Ferrothorn
|-heal|p2a: Ferrothorn|352\/352 brn|[silent]
|-damage|p2a: Ferrothorn|308\/352 brn|[from] brn
|turn|27
|
|move|p1a: Latias|Defog|p2a: Ferrothorn
|-unboost|p2a: Ferrothorn|evasion|1
|-sideend|p1: Rhayader|Stealth Rock|[from] move: Defog|[of] p1a: Latias
|move|p2a: Ferrothorn|Power Whip|p1a: Latias
|-resisted|p1a: Latias
|-damage|p1a: Latias|269\/364
|
|-heal|p1a: Latias|291\/364|[from] item: Leftovers
|-heal|p2a: Ferrothorn|330\/352 brn|[from] item: Leftovers
|-damage|p1a: Latias|246\/364|[from] Leech Seed|[of] p2a: Ferrothorn
|-heal|p2a: Ferrothorn|352\/352 brn|[silent]
|-damage|p2a: Ferrothorn|308\/352 brn|[from] brn
|turn|28
|c|âRhayader|le plant of doing nothing
|
|switch|p1a: Rotom-Heat|Rotom-Heat|304\/304
|move|p2a: Ferrothorn|Stealth Rock|p1a: Rotom-Heat
|-sidestart|p1: Rhayader|move: Stealth Rock
|
|-heal|p2a: Ferrothorn|330\/352 brn|[from] item: Leftovers
|-damage|p2a: Ferrothorn|286\/352 brn|[from] brn
|turn|29
|c| Dolomighty|le stallweed
|
|switch|p2a: Landorus-Therian|Landorus-Therian, M, shiny|141\/320
|-ability|p2a: Landorus-Therian|Intimidate|[of] p1a: Rotom-Heat
|-unboost|p1a: Rotom-Heat|atk|1
|move|p1a: Rotom-Heat|Overheat|p2a: Landorus-Therian
|-damage|p2a: Landorus-Therian|0 fnt
|-unboost|p1a: Rotom-Heat|spa|2
|faint|p2a: Landorus-Therian
|
|c|âRhayader|and ogre
|c| BoosterGoldz|told you
|c|âjacorralc|fck
|c| Dolomighty|genie succesfully removed
|
|switch|p2a: Scizor|Scizor, M|344\/344
|turn|30
|
|move|p1a: Rotom-Heat|Will-O-Wisp|p2a: Scizor|[miss]
|-miss|p1a: Rotom-Heat|p2a: Scizor
|move|p2a: Scizor|Knock Off|p1a: Rotom-Heat
|-damage|p1a: Rotom-Heat|179\/304
|-enditem|p1a: Rotom-Heat|Leftovers|[from] move: Knock Off|[of] p2a: Scizor
|
|turn|31
|c|âRhayader|no bullet punch please...
|c| BoosterGoldz|ayy
|c| Dolomighty|>cock off
|
|switch|p2a: Ferrothorn|Ferrothorn, M|286\/352 brn
|move|p1a: Rotom-Heat|Will-O-Wisp|p2a: Ferrothorn
|-fail|p2a: Ferrothorn|brn
|
|-heal|p2a: Ferrothorn|308\/352 brn|[from] item: Leftovers
|-damage|p2a: Ferrothorn|264\/352 brn|[from] brn
|turn|32
|
|move|p1a: Rotom-Heat|Overheat|p2a: Ferrothorn
|-supereffective|p2a: Ferrothorn
|-damage|p2a: Ferrothorn|0 fnt
|-unboost|p1a: Rotom-Heat|spa|2
|faint|p2a: Ferrothorn
|
|c|âjacorralc|wat
|c| Dolomighty|remt
|c|âjacorralc|your attack was shit
|
|switch|p2a: Scizor|Scizor, M|344\/344
|turn|33
|c| BoosterGoldz|quad weak nigga
|c|âRhayader|it was super effective so it killed :^)
|
|move|p1a: Rotom-Heat|Will-O-Wisp|p2a: Scizor
|-status|p2a: Scizor|brn
|move|p2a: Scizor|Superpower|p1a: Rotom-Heat
|-damage|p1a: Rotom-Heat|99\/304
|-unboost|p2a: Scizor|atk|1
|-unboost|p2a: Scizor|def|1
|
|-damage|p2a: Scizor|301\/344 brn|[from] brn
|turn|34
|c|âjacorralc|gg
|c|âRhayader|choice specs multiplies my special attack by 1.5...
|
|move|p1a: Rotom-Heat|Pain Split|p2a: Scizor
|-sethp|p2a: Scizor|200\/344 brn|p1a: Rotom-Heat|200\/304|[from] move: Pain Split
|move|p2a: Scizor|Superpower|p1a: Rotom-Heat
|-damage|p1a: Rotom-Heat|149\/304
|-unboost|p2a: Scizor|atk|1
|-unboost|p2a: Scizor|def|1
|
|-damage|p2a: Scizor|157\/344 brn|[from] brn
|turn|35
|c|âjacorralc|oooh I didn't know you had choice specs
|c| BoosterGoldz|go to spoop
|
|move|p1a: Rotom-Heat|Overheat|p2a: Scizor
|-supereffective|p2a: Scizor
|-damage|p2a: Scizor|0 fnt
|-unboost|p1a: Rotom-Heat|spa|2
|faint|p2a: Scizor
|
|win|Rhayader
|raw|Ladder updating...
|c|âjacorralc|that makes sense
|c|âjacorralc|bg
|leave|coolniceman
|leave|crabcore
|c|âRhayader|g AND g
|leave|Dolomighty