|join|Rhayader
|join|Giorgio Bin Laden
|player|p1|Rhayader|#showtan
|player|p2|Giorgio Bin Laden|15
|gametype|singles
|gen|6
|tier|OU
|rated
|clearpoke
|poke|p1|Steelix, M
|poke|p1|Porygon2
|poke|p1|Medicham, F
|poke|p1|Sylveon, M
|poke|p1|Alomomola, M
|poke|p1|Rotom-Heat
|poke|p2|Umbreon, F, shiny
|poke|p2|Wobbuffet, F
|poke|p2|Landorus-Therian, M
|poke|p2|Scizor, M
|poke|p2|Slowbro, M
|poke|p2|Venusaur, M
|rule|Swagger Clause: Swagger is banned
|rule|Baton Pass Clause: Limit one PokÃ©mon knowing Baton Pass
|rule|Sleep Clause Mod: Limit one foe put to sleep
|rule|Species Clause: Limit one of each PokÃ©mon
|rule|OHKO Clause: OHKO moves are banned
|rule|Moody Clause: Moody is banned
|rule|Evasion Moves Clause: Evasion moves are banned
|rule|Endless Battle Clause: Forcing endless battles is banned
|rule|HP Percentage Mod: HP is shown in percentages
|teampreview
|
|start
|switch|p1a: ghost oven|Rotom-Heat|279\/279
|switch|p2a: Scizor|Scizor, M|344\/344
|turn|1
|
|switch|p2a: Slowbro|Slowbro, M|394\/394
|move|p1a: ghost oven|Will-O-Wisp|p2a: Slowbro
|-status|p2a: Slowbro|brn
|
|-damage|p2a: Slowbro|345\/394 brn|[from] brn
|turn|2
|
|switch|p1a: best ducke|Porygon2|374\/374
|-ability|p1a: best ducke|Regenerator|[from] ability: Trace|[of] p2a: Slowbro
|switch|p2a: Landorus-Therian|Landorus-Therian, M|382\/382
|-ability|p2a: Landorus-Therian|Intimidate|[of] p1a: best ducke
|-unboost|p1a: best ducke|atk|1
|
|turn|3
|
|move|p2a: Landorus-Therian|U-turn|p1a: best ducke
|-damage|p1a: best ducke|320\/374
|
|switch|p2a: Venusaur|Venusaur, M|364\/364
|move|p1a: best ducke|Ice Beam|p2a: Venusaur
|-supereffective|p2a: Venusaur
|-damage|p2a: Venusaur|222\/364
|
|turn|4
|
|switch|p1a: ghost oven|Rotom-Heat|279\/279
|detailschange|p2a: Venusaur|Venusaur-Mega, M
|message|Venusaur has Mega Evolved into Mega Venusaur!
|move|p2a: Venusaur|Synthesis|p2a: Venusaur
|-heal|p2a: Venusaur|364\/364
|
|turn|5
|
|move|p1a: ghost oven|Volt Switch|p2a: Venusaur
|-resisted|p2a: Venusaur
|-damage|p2a: Venusaur|314\/364
|
|switch|p1a: STEEEEEEEEEEEEEEEE|Steelix, M|268\/268
|move|p2a: Venusaur|Leech Seed|p1a: STEEEEEEEEEEEEEEEE
|-start|p1a: STEEEEEEEEEEEEEEEE|move: Leech Seed
|
|-damage|p1a: STEEEEEEEEEEEEEEEE|235\/268|[from] Leech Seed|[of] p2a: Venusaur
|-heal|p2a: Venusaur|347\/364|[silent]
|turn|6
|
|move|p2a: Venusaur|Hidden Power|p1a: STEEEEEEEEEEEEEEEE
|-supereffective|p1a: STEEEEEEEEEEEEEEEE
|-damage|p1a: STEEEEEEEEEEEEEEEE|77\/268
|move|p1a: STEEEEEEEEEEEEEEEE|Stealth Rock|p2a: Venusaur
|-sidestart|p2: Giorgio Bin Laden|move: Stealth Rock
|
|-heal|p1a: STEEEEEEEEEEEEEEEE|93\/268|[from] item: Leftovers
|-damage|p1a: STEEEEEEEEEEEEEEEE|60\/268|[from] Leech Seed|[of] p2a: Venusaur
|-heal|p2a: Venusaur|364\/364|[silent]
|turn|7
|
|switch|p1a: ghost oven|Rotom-Heat|279\/279
|move|p2a: Venusaur|Hidden Power|p1a: ghost oven
|-resisted|p1a: ghost oven
|-damage|p1a: ghost oven|246\/279
|
|turn|8
|
|move|p1a: ghost oven|Will-O-Wisp|p2a: Venusaur
|-status|p2a: Venusaur|brn
|move|p2a: Venusaur|Leech Seed|p1a: ghost oven
|-start|p1a: ghost oven|move: Leech Seed
|
|-damage|p1a: ghost oven|212\/279|[from] Leech Seed|[of] p2a: Venusaur
|-damage|p2a: Venusaur|319\/364 brn|[from] brn
|turn|9
|
|switch|p1a: best ducke|Porygon2|374\/374
|-ability|p1a: best ducke|Thick Fat|[from] ability: Trace|[of] p2a: Venusaur
|move|p2a: Venusaur|Leech Seed|p1a: best ducke|[miss]
|-miss|p2a: Venusaur|p1a: best ducke
|
|-damage|p2a: Venusaur|274\/364 brn|[from] brn
|turn|10
|
|switch|p2a: Mmm|Umbreon, F, shiny|394\/394
|-damage|p2a: Mmm|345\/394|[from] Stealth Rock
|move|p1a: best ducke|Ice Beam|p2a: Mmm
|-damage|p2a: Mmm|299\/394
|
|-heal|p2a: Mmm|323\/394|[from] item: Leftovers
|turn|11
|
|switch|p1a: FUCK YOU CHANSEY|Medicham, F|261\/261
|move|p2a: Mmm|Heal Bell|p2a: Mmm
|-cureteam|p2a: Mmm|[from] move: HealBell
|
|-heal|p2a: Mmm|347\/394|[from] item: Leftovers
|turn|12
|
|switch|p2a: Wobbuffet|Wobbuffet, F|584\/584
|-damage|p2a: Wobbuffet|511\/584|[from] Stealth Rock
|detailschange|p1a: FUCK YOU CHANSEY|Medicham-Mega, F
|message|Medicham has Mega Evolved into Mega Medicham!
|move|p1a: FUCK YOU CHANSEY|Thunder Punch|p2a: Wobbuffet
|-damage|p2a: Wobbuffet|338\/584
|
|-heal|p2a: Wobbuffet|374\/584|[from] item: Leftovers
|turn|13
|
|move|p1a: FUCK YOU CHANSEY|Fire Punch|p2a: Wobbuffet
|-damage|p2a: Wobbuffet|206\/584
|-status|p2a: Wobbuffet|brn
|move|p2a: Wobbuffet|Counter|p1a: FUCK YOU CHANSEY
|-damage|p1a: FUCK YOU CHANSEY|0 fnt
|faint|p1a: FUCK YOU CHANSEY
|
|-heal|p2a: Wobbuffet|242\/584 brn|[from] item: Leftovers
|-damage|p2a: Wobbuffet|169\/584 brn|[from] brn
|
|switch|p1a: Mega-Luvdisc|Alomomola, M|534\/534
|turn|14
|
|move|p1a: Mega-Luvdisc|Wish|p1a: Mega-Luvdisc
|move|p2a: Wobbuffet|Destiny Bond|p2a: Wobbuffet
|-singlemove|p2a: Wobbuffet|Destiny Bond
|
|-heal|p2a: Wobbuffet|205\/584 brn|[from] item: Leftovers
|-damage|p2a: Wobbuffet|132\/584 brn|[from] brn
|turn|15
|
|move|p1a: Mega-Luvdisc|Toxic|p2a: Wobbuffet
|-fail|p2a: Wobbuffet
|move|p2a: Wobbuffet|Encore|p1a: Mega-Luvdisc
|-start|p1a: Mega-Luvdisc|Encore
|
|-heal|p2a: Wobbuffet|168\/584 brn|[from] item: Leftovers
|-damage|p2a: Wobbuffet|95\/584 brn|[from] brn
|turn|16
|
|switch|p2a: Venusaur|Venusaur-Mega, M|274\/364
|-damage|p2a: Venusaur|229\/364|[from] Stealth Rock
|move|p1a: Mega-Luvdisc|Toxic|p2a: Venusaur
|-fail|p2a: Venusaur
|
|turn|17
|
|switch|p1a: ghost oven|Rotom-Heat|212\/279
|move|p2a: Venusaur|Leech Seed|p1a: ghost oven
|-start|p1a: ghost oven|move: Leech Seed
|
|-damage|p1a: ghost oven|178\/279|[from] Leech Seed|[of] p2a: Venusaur
|-heal|p2a: Venusaur|263\/364|[silent]
|turn|18
|
|move|p1a: ghost oven|Will-O-Wisp|p2a: Venusaur
|-status|p2a: Venusaur|brn
|move|p2a: Venusaur|Giga Drain|p1a: ghost oven
|-resisted|p1a: ghost oven
|-damage|p1a: ghost oven|112\/279
|-heal|p2a: Venusaur|296\/364 brn|[from] drain|[of] p1a: ghost oven
|
|-damage|p1a: ghost oven|78\/279|[from] Leech Seed|[of] p2a: Venusaur
|-heal|p2a: Venusaur|330\/364 brn|[silent]
|-damage|p2a: Venusaur|285\/364 brn|[from] brn
|turn|19
|
|switch|p1a: best ducke|Porygon2|374\/374
|-ability|p1a: best ducke|Thick Fat|[from] ability: Trace|[of] p2a: Venusaur
|move|p2a: Venusaur|Leech Seed|p1a: best ducke
|-start|p1a: best ducke|move: Leech Seed
|
|-damage|p1a: best ducke|328\/374|[from] Leech Seed|[of] p2a: Venusaur
|-heal|p2a: Venusaur|331\/364 brn|[silent]
|-damage|p2a: Venusaur|286\/364 brn|[from] brn
|turn|20
|
|switch|p1a: super meta|Sylveon, M|394\/394
|move|p2a: Venusaur|Giga Drain|p1a: super meta
|-damage|p1a: super meta|276\/394
|-heal|p2a: Venusaur|345\/364 brn|[from] drain|[of] p1a: super meta
|
|-heal|p1a: super meta|300\/394|[from] item: Leftovers
|-damage|p2a: Venusaur|300\/364 brn|[from] brn
|turn|21
|
|move|p2a: Venusaur|Leech Seed|p1a: super meta
|-start|p1a: super meta|move: Leech Seed
|move|p1a: super meta|Wish|p1a: super meta
|
|-heal|p1a: super meta|324\/394|[from] item: Leftovers
|-damage|p1a: super meta|275\/394|[from] Leech Seed|[of] p2a: Venusaur
|-heal|p2a: Venusaur|349\/364 brn|[silent]
|-damage|p2a: Venusaur|304\/364 brn|[from] brn
|turn|22
|
|switch|p1a: ghost oven|Rotom-Heat|78\/279
|move|p2a: Venusaur|Giga Drain|p1a: ghost oven
|-resisted|p1a: ghost oven
|-damage|p1a: ghost oven|15\/279
|-heal|p2a: Venusaur|336\/364 brn|[from] drain|[of] p1a: ghost oven
|
|-heal|p1a: ghost oven|212\/279|[from] move: Wish|[wisher] super meta
|-damage|p2a: Venusaur|291\/364 brn|[from] brn
|turn|23
|
|move|p1a: ghost oven|Overheat|p2a: Venusaur
|-supereffective|p2a: Venusaur
|-damage|p2a: Venusaur|97\/364 brn
|-unboost|p1a: ghost oven|spa|2
|move|p2a: Venusaur|Leech Seed|p1a: ghost oven
|-start|p1a: ghost oven|move: Leech Seed
|
|-damage|p1a: ghost oven|178\/279|[from] Leech Seed|[of] p2a: Venusaur
|-heal|p2a: Venusaur|131\/364 brn|[silent]
|-damage|p2a: Venusaur|86\/364 brn|[from] brn
|turn|24
|
|switch|p1a: best ducke|Porygon2|328\/374
|-ability|p1a: best ducke|Thick Fat|[from] ability: Trace|[of] p2a: Venusaur
|move|p2a: Venusaur|Synthesis|p2a: Venusaur
|-heal|p2a: Venusaur|268\/364 brn
|
|-damage|p2a: Venusaur|223\/364 brn|[from] brn
|turn|25
|
|move|p2a: Venusaur|Leech Seed|p1a: best ducke
|-start|p1a: best ducke|move: Leech Seed
|move|p1a: best ducke|Ice Beam|p2a: Venusaur
|-supereffective|p2a: Venusaur
|-damage|p2a: Venusaur|159\/364 brn
|
|-damage|p1a: best ducke|282\/374|[from] Leech Seed|[of] p2a: Venusaur
|-heal|p2a: Venusaur|205\/364 brn|[silent]
|-damage|p2a: Venusaur|160\/364 brn|[from] brn
|turn|26
|
|switch|p1a: super meta|Sylveon, M|275\/394
|move|p2a: Venusaur|Synthesis|p2a: Venusaur
|-heal|p2a: Venusaur|342\/364 brn
|
|-heal|p1a: super meta|299\/394|[from] item: Leftovers
|-damage|p2a: Venusaur|297\/364 brn|[from] brn
|turn|27
|
|switch|p2a: Scizor|Scizor, M|344\/344
|-damage|p2a: Scizor|301\/344|[from] Stealth Rock
|move|p1a: super meta|Wish|p1a: super meta
|
|-heal|p1a: super meta|323\/394|[from] item: Leftovers
|turn|28
|
|move|p2a: Scizor|Knock Off|p1a: super meta
|-resisted|p1a: super meta
|-damage|p1a: super meta|236\/394
|-enditem|p1a: super meta|Leftovers|[from] move: Knock Off|[of] p2a: Scizor
|move|p1a: super meta|Hyper Voice|p2a: Scizor
|-resisted|p2a: Scizor
|-damage|p2a: Scizor|207\/344
|
|-heal|p1a: super meta|394\/394|[from] move: Wish|[wisher] super meta
|turn|29
|
|move|p2a: Scizor|Knock Off|p1a: super meta
|-resisted|p1a: super meta
|-damage|p1a: super meta|333\/394
|move|p1a: super meta|Calm Mind|p1a: super meta
|-boost|p1a: super meta|spa|1
|-boost|p1a: super meta|spd|1
|
|turn|30
|
|switch|p2a: Wobbuffet|Wobbuffet, F|95\/584 brn
|-damage|p2a: Wobbuffet|22\/584 brn|[from] Stealth Rock
|move|p1a: super meta|Wish|p1a: super meta
|
|-heal|p2a: Wobbuffet|58\/584 brn|[from] item: Leftovers
|-damage|p2a: Wobbuffet|0 fnt|[from] brn
|faint|p2a: Wobbuffet
|
|switch|p2a: Scizor|Scizor, M|207\/344
|-damage|p2a: Scizor|164\/344|[from] Stealth Rock
|turn|31
|
|switch|p1a: ghost oven|Rotom-Heat|178\/279
|move|p2a: Scizor|Bullet Punch|p1a: ghost oven
|-resisted|p1a: ghost oven
|-damage|p1a: ghost oven|134\/279
|
|-heal|p1a: ghost oven|279\/279|[from] move: Wish|[wisher] super meta
|turn|32
|
|switch|p2a: Mmm|Umbreon, F, shiny|347\/394
|-damage|p2a: Mmm|298\/394|[from] Stealth Rock
|move|p1a: ghost oven|Volt Switch|p2a: Mmm
|-crit|p2a: Mmm
|-damage|p2a: Mmm|193\/394
|
|switch|p1a: super meta|Sylveon, M|333\/394
|
|-heal|p2a: Mmm|217\/394|[from] item: Leftovers
|turn|33
|
|move|p2a: Mmm|Heal Bell|p2a: Mmm
|-cureteam|p2a: Mmm|[from] move: HealBell
|move|p1a: super meta|Hyper Voice|p2a: Mmm
|-supereffective|p2a: Mmm
|-damage|p2a: Mmm|25\/394
|
|-heal|p2a: Mmm|49\/394|[from] item: Leftovers
|turn|34
|
|move|p2a: Mmm|Moonlight|p2a: Mmm
|-heal|p2a: Mmm|246\/394
|move|p1a: super meta|Hyper Voice|p2a: Mmm
|-supereffective|p2a: Mmm
|-damage|p2a: Mmm|64\/394
|
|-heal|p2a: Mmm|88\/394|[from] item: Leftovers
|turn|35
|
|move|p2a: Mmm|Moonlight|p2a: Mmm
|-heal|p2a: Mmm|285\/394
|move|p1a: super meta|Calm Mind|p1a: super meta
|-boost|p1a: super meta|spa|1
|-boost|p1a: super meta|spd|1
|
|-heal|p2a: Mmm|309\/394|[from] item: Leftovers
|turn|36
|
|switch|p2a: Landorus-Therian|Landorus-Therian, M|382\/382
|-damage|p2a: Landorus-Therian|335\/382|[from] Stealth Rock
|-ability|p2a: Landorus-Therian|Intimidate|[of] p1a: super meta
|-unboost|p1a: super meta|atk|1
|move|p1a: super meta|Wish|p1a: super meta
|
|-heal|p2a: Landorus-Therian|358\/382|[from] item: Leftovers
|turn|37
|
|move|p2a: Landorus-Therian|Stealth Rock|p1a: super meta
|-sidestart|p1: Rhayader|move: Stealth Rock
|move|p1a: super meta|Hyper Voice|p2a: Landorus-Therian
|-damage|p2a: Landorus-Therian|96\/382
|
|-heal|p1a: super meta|394\/394|[from] move: Wish|[wisher] super meta
|-heal|p2a: Landorus-Therian|119\/382|[from] item: Leftovers
|turn|38
|
|move|p2a: Landorus-Therian|Earthquake|p1a: super meta
|-damage|p1a: super meta|253\/394
|move|p1a: super meta|Wish|p1a: super meta
|
|-heal|p2a: Landorus-Therian|142\/382|[from] item: Leftovers
|turn|39
|
|move|p2a: Landorus-Therian|Earthquake|p1a: super meta
|-damage|p1a: super meta|91\/394
|move|p1a: super meta|Hyper Voice|p2a: Landorus-Therian
|-damage|p2a: Landorus-Therian|0 fnt
|faint|p2a: Landorus-Therian
|
|-heal|p1a: super meta|288\/394|[from] move: Wish|[wisher] super meta
|
|switch|p2a: Scizor|Scizor, M|164\/344
|-damage|p2a: Scizor|121\/344|[from] Stealth Rock
|turn|40
|
|switch|p1a: Mega-Luvdisc|Alomomola, M|534\/534
|-damage|p1a: Mega-Luvdisc|468\/534|[from] Stealth Rock
|move|p2a: Scizor|Knock Off|p1a: Mega-Luvdisc
|-damage|p1a: Mega-Luvdisc|316\/534
|-enditem|p1a: Mega-Luvdisc|Leftovers|[from] move: Knock Off|[of] p2a: Scizor
|
|turn|41
|
|switch|p2a: Venusaur|Venusaur-Mega, M|297\/364
|-damage|p2a: Venusaur|252\/364|[from] Stealth Rock
|move|p1a: Mega-Luvdisc|Wish|p1a: Mega-Luvdisc
|
|turn|42
|
|switch|p1a: ghost oven|Rotom-Heat|279\/279
|-damage|p1a: ghost oven|210\/279|[from] Stealth Rock
|move|p2a: Venusaur|Giga Drain|p1a: ghost oven
|-resisted|p1a: ghost oven
|-damage|p1a: ghost oven|147\/279
|-heal|p2a: Venusaur|284\/364|[from] drain|[of] p1a: ghost oven
|
|-heal|p1a: ghost oven|279\/279|[from] move: Wish|[wisher] Mega-Luvdisc
|turn|43
|
|move|p1a: ghost oven|Will-O-Wisp|p2a: Venusaur
|-status|p2a: Venusaur|brn
|move|p2a: Venusaur|Leech Seed|p1a: ghost oven
|-start|p1a: ghost oven|move: Leech Seed
|
|-damage|p1a: ghost oven|245\/279|[from] Leech Seed|[of] p2a: Venusaur
|-heal|p2a: Venusaur|318\/364 brn|[silent]
|-damage|p2a: Venusaur|273\/364 brn|[from] brn
|turn|44
|
|switch|p1a: best ducke|Porygon2|282\/374
|-damage|p1a: best ducke|236\/374|[from] Stealth Rock
|-ability|p1a: best ducke|Thick Fat|[from] ability: Trace|[of] p2a: Venusaur
|move|p2a: Venusaur|Giga Drain|p1a: best ducke
|-damage|p1a: best ducke|161\/374
|-heal|p2a: Venusaur|311\/364 brn|[from] drain|[of] p1a: best ducke
|
|-damage|p2a: Venusaur|266\/364 brn|[from] brn
|turn|45
|
|move|p2a: Venusaur|Leech Seed|p1a: best ducke
|-start|p1a: best ducke|move: Leech Seed
|move|p1a: best ducke|Recover|p1a: best ducke
|-heal|p1a: best ducke|348\/374
|
|-damage|p1a: best ducke|302\/374|[from] Leech Seed|[of] p2a: Venusaur
|-heal|p2a: Venusaur|312\/364 brn|[silent]
|-damage|p2a: Venusaur|267\/364 brn|[from] brn
|turn|46
|
|switch|p2a: Scizor|Scizor, M|121\/344
|-damage|p2a: Scizor|78\/344|[from] Stealth Rock
|move|p1a: best ducke|Recover|p1a: best ducke
|-heal|p1a: best ducke|374\/374
|
|-damage|p1a: best ducke|328\/374|[from] Leech Seed|[of] p2a: Scizor
|-heal|p2a: Scizor|124\/344|[silent]
|turn|47
|
|switch|p1a: Mega-Luvdisc|Alomomola, M|494\/534
|-damage|p1a: Mega-Luvdisc|428\/534|[from] Stealth Rock
|move|p2a: Scizor|Bullet Punch|p1a: Mega-Luvdisc
|-resisted|p1a: Mega-Luvdisc
|-damage|p1a: Mega-Luvdisc|356\/534
|
|turn|48
|
|switch|p2a: Slowbro|Slowbro, M|394\/394
|-damage|p2a: Slowbro|345\/394|[from] Stealth Rock
|move|p1a: Mega-Luvdisc|Soak|p2a: Slowbro
|-start|p2a: Slowbro|typechange|Water
|
|turn|49
|
|move|p1a: Mega-Luvdisc|Toxic|p2a: Slowbro
|-status|p2a: Slowbro|tox
|move|p2a: Slowbro|Thunder Wave|p1a: Mega-Luvdisc
|-status|p1a: Mega-Luvdisc|par
|
|-damage|p2a: Slowbro|321\/394 tox|[from] psn
|turn|50
|
|move|p2a: Slowbro|Thunder Wave|p1a: Mega-Luvdisc
|-fail|p1a: Mega-Luvdisc|par
|move|p1a: Mega-Luvdisc|Wish|p1a: Mega-Luvdisc
|
|-damage|p2a: Slowbro|273\/394 tox|[from] psn
|turn|51
|
|switch|p1a: super meta|Sylveon, M|288\/394
|-damage|p1a: super meta|239\/394|[from] Stealth Rock
|move|p2a: Slowbro|Thunder Wave|p1a: super meta
|-status|p1a: super meta|par
|
|-heal|p1a: super meta|394\/394 par|[from] move: Wish|[wisher] Mega-Luvdisc
|-damage|p2a: Slowbro|201\/394 tox|[from] psn
|turn|52
|
|switch|p2a: Scizor|Scizor, M|124\/344
|-damage|p2a: Scizor|81\/344|[from] Stealth Rock
|move|p1a: super meta|Heal Bell|p1a: super meta
|-cureteam|p1a: super meta|[from] move: HealBell
|
|turn|53
|
|switch|p1a: Mega-Luvdisc|Alomomola, M|534\/534
|-damage|p1a: Mega-Luvdisc|468\/534|[from] Stealth Rock
|move|p2a: Scizor|U-turn|p1a: Mega-Luvdisc
|-damage|p1a: Mega-Luvdisc|296\/534
|
|switch|p2a: Venusaur|Venusaur-Mega, M|267\/364 brn
|-damage|p2a: Venusaur|222\/364 brn|[from] Stealth Rock
|
|-damage|p2a: Venusaur|177\/364 brn|[from] brn
|turn|54
|
|move|p1a: Mega-Luvdisc|Protect|p1a: Mega-Luvdisc
|-singleturn|p1a: Mega-Luvdisc|Protect
|move|p2a: Venusaur|Synthesis|p2a: Venusaur
|-heal|p2a: Venusaur|359\/364 brn
|
|-damage|p2a: Venusaur|314\/364 brn|[from] brn
|turn|55
|
|switch|p1a: best ducke|Porygon2|328\/374
|-damage|p1a: best ducke|282\/374|[from] Stealth Rock
|-ability|p1a: best ducke|Thick Fat|[from] ability: Trace|[of] p2a: Venusaur
|move|p2a: Venusaur|Giga Drain|p1a: best ducke
|-damage|p1a: best ducke|218\/374
|-heal|p2a: Venusaur|346\/364 brn|[from] drain|[of] p1a: best ducke
|
|-damage|p2a: Venusaur|301\/364 brn|[from] brn
|turn|56
|
|switch|p2a: Mmm|Umbreon, F, shiny|309\/394
|-damage|p2a: Mmm|260\/394|[from] Stealth Rock
|move|p1a: best ducke|Recover|p1a: best ducke
|-heal|p1a: best ducke|374\/374
|
|-heal|p2a: Mmm|284\/394|[from] item: Leftovers
|turn|57
|
|switch|p1a: Mega-Luvdisc|Alomomola, M|474\/534
|-damage|p1a: Mega-Luvdisc|408\/534|[from] Stealth Rock
|move|p2a: Mmm|Heal Bell|p2a: Mmm
|-cureteam|p2a: Mmm|[from] move: HealBell
|
|-heal|p2a: Mmm|308\/394|[from] item: Leftovers
|turn|58
|
|move|p2a: Mmm|Taunt|p1a: Mega-Luvdisc
|-start|p1a: Mega-Luvdisc|move: Taunt
|cant|p1a: Mega-Luvdisc|move: Taunt|Soak
|
|-heal|p2a: Mmm|332\/394|[from] item: Leftovers
|turn|59
|
|switch|p1a: super meta|Sylveon, M|394\/394
|-damage|p1a: super meta|345\/394|[from] Stealth Rock
|move|p2a: Mmm|Foul Play|p1a: super meta
|-resisted|p1a: super meta
|-damage|p1a: super meta|316\/394
|
|-heal|p2a: Mmm|356\/394|[from] item: Leftovers
|turn|60
|
|switch|p2a: Venusaur|Venusaur-Mega, M|301\/364
|-damage|p2a: Venusaur|256\/364|[from] Stealth Rock
|move|p1a: super meta|Hyper Voice|p2a: Venusaur
|-resisted|p2a: Venusaur
|-damage|p2a: Venusaur|187\/364
|
|turn|61
|
|switch|p2a: Scizor|Scizor, M|81\/344
|-damage|p2a: Scizor|38\/344|[from] Stealth Rock
|move|p1a: super meta|Wish|p1a: super meta
|
|turn|62
|
|switch|p1a: Mega-Luvdisc|Alomomola, M|534\/534
|-damage|p1a: Mega-Luvdisc|468\/534|[from] Stealth Rock
|move|p2a: Scizor|Bullet Punch|p1a: Mega-Luvdisc
|-resisted|p1a: Mega-Luvdisc
|-damage|p1a: Mega-Luvdisc|399\/534
|
|-heal|p1a: Mega-Luvdisc|534\/534|[from] move: Wish|[wisher] super meta
|turn|63
|c|âGiorgio Bin Laden|stats on alamonaola?
|c|âRhayader|!dt alomomola
|c|~|\/data-pokemon Alomomola
|raw|<font size="1"><font color=#585858>Dex#:<\/font> 594&nbsp;|&ThickSpace;<font color=#585858>Height:<\/font> 1.2 m&nbsp;|&ThickSpace;<font color=#585858>Weight:<\/font> 31.6 kg <em>(60 BP)<\/em>&nbsp;|&ThickSpace;<font color=#585858>Dex Colour:<\/font> Pink&nbsp;|&ThickSpace;<font color=#585858>Egg Group(s):<\/font> Water 1, Water 2&nbsp;|&ThickSpace;<font color=#585858><font color=#585858>Does Not Evolve<\/font><\/font><\/font>
|
|switch|p2a: Mmm|Umbreon, F, shiny|356\/394
|-damage|p2a: Mmm|307\/394|[from] Stealth Rock
|move|p1a: Mega-Luvdisc|Soak|p2a: Mmm
|-start|p2a: Mmm|typechange|Water
|
|-heal|p2a: Mmm|331\/394|[from] item: Leftovers
|turn|64
|
|move|p2a: Mmm|Moonlight|p2a: Mmm
|-heal|p2a: Mmm|394\/394
|move|p1a: Mega-Luvdisc|Toxic|p2a: Mmm
|-status|p2a: Mmm|tox
|-status|p1a: Mega-Luvdisc|tox
|
|-damage|p2a: Mmm|370\/394 tox|[from] psn
|-damage|p1a: Mega-Luvdisc|501\/534 tox|[from] psn
|turn|65
|
|switch|p1a: super meta|Sylveon, M|316\/394
|-damage|p1a: super meta|267\/394|[from] Stealth Rock
|move|p2a: Mmm|Heal Bell|p2a: Mmm
|-cureteam|p2a: Mmm|[from] move: HealBell
|
|-heal|p2a: Mmm|394\/394|[from] item: Leftovers
|turn|66
|
|move|p2a: Mmm|Taunt|p1a: super meta
|-start|p1a: super meta|move: Taunt
|cant|p1a: super meta|move: Taunt|Wish
|
|turn|67
|
|switch|p2a: Venusaur|Venusaur-Mega, M|187\/364
|-damage|p2a: Venusaur|142\/364|[from] Stealth Rock
|move|p1a: super meta|Hyper Voice|p2a: Venusaur
|-resisted|p2a: Venusaur
|-damage|p2a: Venusaur|76\/364
|
|turn|68
|
|switch|p1a: best ducke|Porygon2|374\/374
|-damage|p1a: best ducke|328\/374|[from] Stealth Rock
|-ability|p1a: best ducke|Thick Fat|[from] ability: Trace|[of] p2a: Venusaur
|move|p2a: Venusaur|Synthesis|p2a: Venusaur
|-heal|p2a: Venusaur|258\/364
|
|turn|69
|
|move|p2a: Venusaur|Leech Seed|p1a: best ducke
|-start|p1a: best ducke|move: Leech Seed
|move|p1a: best ducke|Ice Beam|p2a: Venusaur
|-supereffective|p2a: Venusaur
|-damage|p2a: Venusaur|198\/364
|
|-damage|p1a: best ducke|282\/374|[from] Leech Seed|[of] p2a: Venusaur
|-heal|p2a: Venusaur|244\/364|[silent]
|turn|70
|
|switch|p2a: Mmm|Umbreon, F, shiny|394\/394
|-damage|p2a: Mmm|345\/394|[from] Stealth Rock
|switch|p1a: super meta|Sylveon, M|267\/394
|-damage|p1a: super meta|218\/394|[from] Stealth Rock
|
|-heal|p2a: Mmm|369\/394|[from] item: Leftovers
|turn|71
|
|move|p2a: Mmm|Taunt|p1a: super meta
|-start|p1a: super meta|move: Taunt
|move|p1a: super meta|Hyper Voice|p2a: Mmm
|-supereffective|p2a: Mmm
|-damage|p2a: Mmm|181\/394
|
|-heal|p2a: Mmm|205\/394|[from] item: Leftovers
|turn|72
|
|move|p2a: Mmm|Moonlight|p2a: Mmm
|-heal|p2a: Mmm|394\/394
|move|p1a: super meta|Hyper Voice|p2a: Mmm
|-supereffective|p2a: Mmm
|-damage|p2a: Mmm|212\/394
|
|-heal|p2a: Mmm|236\/394|[from] item: Leftovers
|turn|73
|
|move|p2a: Mmm|Foul Play|p1a: super meta
|-resisted|p1a: super meta
|-damage|p1a: super meta|191\/394
|move|p1a: super meta|Hyper Voice|p2a: Mmm
|-supereffective|p2a: Mmm
|-damage|p2a: Mmm|48\/394
|
|-heal|p2a: Mmm|72\/394|[from] item: Leftovers
|-end|p1a: super meta|move: Taunt
|turn|74
|
|move|p2a: Mmm|Moonlight|p2a: Mmm
|-heal|p2a: Mmm|269\/394
|move|p1a: super meta|Hyper Voice|p2a: Mmm
|-supereffective|p2a: Mmm
|-damage|p2a: Mmm|83\/394
|
|-heal|p2a: Mmm|107\/394|[from] item: Leftovers
|turn|75
|-message|Giorgio Bin Laden forfeited.
|
|win|Rhayader
|raw|Ladder updating...
|leave|Giorgio Bin Laden
|player|p2
|raw|Rhayader's rating: 1673 &rarr; <strong>1694<\/strong><br \/>(+21 for winning)
|raw|Giorgio Bin Laden's rating: 1678 &rarr; <strong>1658<\/strong><br \/>(-20 for losing)