|join|Silve
|join|Rhayader
|player|p1|Silve|7
|player|p2|Rhayader|#showtan
|gametype|singles
|gen|6
|tier|OU
|rated
|clearpoke
|poke|p1|Chansey, F
|poke|p1|Azumarill, F
|poke|p1|Venusaur, M
|poke|p1|Ditto
|poke|p1|Rotom-Wash
|poke|p1|Mandibuzz, F
|poke|p2|Steelix, M
|poke|p2|Porygon2
|poke|p2|Medicham, F
|poke|p2|Sylveon, F
|poke|p2|Alomomola, F
|poke|p2|Rotom-Heat
|rule|Swagger Clause: Swagger is banned
|rule|Baton Pass Clause: Limit one PokÃ©mon knowing Baton Pass
|rule|Sleep Clause Mod: Limit one foe put to sleep
|rule|Species Clause: Limit one of each PokÃ©mon
|rule|OHKO Clause: OHKO moves are banned
|rule|Moody Clause: Moody is banned
|rule|Evasion Moves Clause: Evasion moves are banned
|rule|Endless Battle Clause: Forcing endless battles is banned
|rule|HP Percentage Mod: HP is shown in percentages
|teampreview
|
|start
|switch|p1a: Azumarill|Azumarill, F|404\/404
|switch|p2a: ghost oven|Rotom-Heat|279\/279
|turn|1
|
|move|p2a: ghost oven|Will-O-Wisp|p1a: Azumarill|[miss]
|-miss|p2a: ghost oven|p1a: Azumarill
|move|p1a: Azumarill|Waterfall|p2a: ghost oven
|-supereffective|p2a: ghost oven
|-damage|p2a: ghost oven|0 fnt
|faint|p2a: ghost oven
|
|
|switch|p2a: Mega-Luvdisc|Alomomola, F|534\/534
|turn|2
|
|switch|p1a: Venusaur|Venusaur, M|364\/364
|move|p2a: Mega-Luvdisc|Soak|p1a: Venusaur
|-start|p1a: Venusaur|typechange|Water
|
|turn|3
|
|detailschange|p1a: Venusaur|Venusaur-Mega, M
|message|Venusaur has Mega Evolved into Mega Venusaur!
|move|p1a: Venusaur|Leech Seed|p2a: Mega-Luvdisc
|-start|p2a: Mega-Luvdisc|move: Leech Seed
|move|p2a: Mega-Luvdisc|Toxic|p1a: Venusaur
|-fail|p1a: Venusaur
|
|-damage|p2a: Mega-Luvdisc|468\/534|[from] Leech Seed|[of] p1a: Venusaur
|turn|4
|
|switch|p2a: STEEEEEEEEEEEEEEEE|Steelix, M|268\/268
|move|p1a: Venusaur|Giga Drain|p2a: STEEEEEEEEEEEEEEEE
|-damage|p2a: STEEEEEEEEEEEEEEEE|157\/268
|
|-heal|p2a: STEEEEEEEEEEEEEEEE|173\/268|[from] item: Leftovers
|turn|5
|
|switch|p1a: Mandibuzz|Mandibuzz, F|424\/424
|move|p2a: STEEEEEEEEEEEEEEEE|Stealth Rock|p1a: Mandibuzz
|-sidestart|p1: Silve|move: Stealth Rock
|
|-heal|p2a: STEEEEEEEEEEEEEEEE|189\/268|[from] item: Leftovers
|turn|6
|
|switch|p2a: super meta|Sylveon, F|394\/394
|move|p1a: Mandibuzz|Defog|p2a: super meta
|-unboost|p2a: super meta|evasion|1
|-sideend|p1: Silve|Stealth Rock|[from] move: Defog|[of] p1a: Mandibuzz
|
|turn|7
|
|switch|p1a: Venusaur|Venusaur-Mega, M|364\/364
|switch|p2a: FUCK YOU CHANSEY|Medicham, F|261\/261
|
|turn|8
|
|switch|p1a: Mandibuzz|Mandibuzz, F|424\/424
|detailschange|p2a: FUCK YOU CHANSEY|Medicham-Mega, F
|message|Medicham has Mega Evolved into Mega Medicham!
|move|p2a: FUCK YOU CHANSEY|Zen Headbutt|p1a: Mandibuzz
|-immune|p1a: Mandibuzz|[msg]
|
|turn|9
|
|switch|p2a: super meta|Sylveon, F|394\/394
|move|p1a: Mandibuzz|Foul Play|p2a: super meta
|-resisted|p2a: super meta
|-damage|p2a: super meta|366\/394
|
|-heal|p2a: super meta|390\/394|[from] item: Leftovers
|turn|10
|
|switch|p1a: Chansey|Chansey, F|642\/642
|move|p2a: super meta|Wish|p2a: super meta
|
|-heal|p2a: super meta|394\/394|[from] item: Leftovers
|turn|11
|
|switch|p2a: STEEEEEEEEEEEEEEEE|Steelix, M|189\/268
|move|p1a: Chansey|Thunder Wave|p2a: STEEEEEEEEEEEEEEEE
|-immune|p2a: STEEEEEEEEEEEEEEEE|[msg]
|
|-heal|p2a: STEEEEEEEEEEEEEEEE|268\/268|[from] move: Wish|[wisher] super meta
|turn|12
|
|switch|p1a: Mandibuzz|Mandibuzz, F|424\/424
|move|p2a: STEEEEEEEEEEEEEEEE|Stealth Rock|p1a: Mandibuzz
|-sidestart|p1: Silve|move: Stealth Rock
|
|turn|13
|
|move|p1a: Mandibuzz|Defog|p2a: STEEEEEEEEEEEEEEEE
|-unboost|p2a: STEEEEEEEEEEEEEEEE|evasion|1
|-sideend|p1: Silve|Stealth Rock|[from] move: Defog|[of] p1a: Mandibuzz
|move|p2a: STEEEEEEEEEEEEEEEE|Roar|p1a: Mandibuzz
|drag|p1a: Venusaur|Venusaur-Mega, M|364\/364
|
|turn|14
|
|move|p1a: Venusaur|Leech Seed|p2a: STEEEEEEEEEEEEEEEE
|-start|p2a: STEEEEEEEEEEEEEEEE|move: Leech Seed
|move|p2a: STEEEEEEEEEEEEEEEE|Stealth Rock|p1a: Venusaur
|-sidestart|p1: Silve|move: Stealth Rock
|
|-damage|p2a: STEEEEEEEEEEEEEEEE|235\/268|[from] Leech Seed|[of] p1a: Venusaur
|turn|15
|
|switch|p2a: super meta|Sylveon, F|394\/394
|move|p1a: Venusaur|Giga Drain|p2a: super meta
|-damage|p2a: super meta|318\/394
|
|-heal|p2a: super meta|342\/394|[from] item: Leftovers
|turn|16
|
|switch|p2a: best ducke|Porygon2|374\/374
|-ability|p2a: best ducke|Thick Fat|[from] ability: Trace|[of] p1a: Venusaur
|move|p1a: Venusaur|Sludge Bomb|p2a: best ducke
|-damage|p2a: best ducke|310\/374
|
|turn|17
|
|move|p1a: Venusaur|Leech Seed|p2a: best ducke
|-start|p2a: best ducke|move: Leech Seed
|move|p2a: best ducke|Thunder Wave|p1a: Venusaur
|-status|p1a: Venusaur|par
|
|-damage|p2a: best ducke|264\/374|[from] Leech Seed|[of] p1a: Venusaur
|turn|18
|
|switch|p2a: STEEEEEEEEEEEEEEEE|Steelix, M|235\/268
|switch|p1a: Chansey|Chansey, F|642\/642
|-damage|p1a: Chansey|562\/642|[from] Stealth Rock
|
|-heal|p2a: STEEEEEEEEEEEEEEEE|251\/268|[from] item: Leftovers
|turn|19
|
|switch|p2a: FUCK YOU CHANSEY|Medicham-Mega, F|261\/261
|move|p1a: Chansey|Aromatherapy|p1a: Chansey
|-cureteam|p1a: Chansey|[from] move: Aromatherapy
|
|turn|20
|
|switch|p1a: Rotom-Wash|Rotom-Wash|304\/304
|-damage|p1a: Rotom-Wash|266\/304|[from] Stealth Rock
|move|p2a: FUCK YOU CHANSEY|High Jump Kick|p1a: Rotom-Wash
|-damage|p1a: Rotom-Wash|23\/304
|
|-heal|p1a: Rotom-Wash|42\/304|[from] item: Leftovers
|turn|21
|
|move|p2a: FUCK YOU CHANSEY|High Jump Kick|p1a: Rotom-Wash
|-damage|p1a: Rotom-Wash|0 fnt
|faint|p1a: Rotom-Wash
|
|
|switch|p1a: Ditto|Ditto|300\/300
|-damage|p1a: Ditto|263\/300|[from] Stealth Rock
|-transform|p1a: Ditto|p2a: FUCK YOU CHANSEY
|turn|22
|
|switch|p2a: STEEEEEEEEEEEEEEEE|Steelix, M|251\/268
|move|p1a: Ditto|Zen Headbutt|p2a: STEEEEEEEEEEEEEEEE
|-crit|p2a: STEEEEEEEEEEEEEEEE
|-resisted|p2a: STEEEEEEEEEEEEEEEE
|-damage|p2a: STEEEEEEEEEEEEEEEE|160\/268
|
|-heal|p2a: STEEEEEEEEEEEEEEEE|176\/268|[from] item: Leftovers
|turn|23
|
|switch|p1a: Mandibuzz|Mandibuzz, F|424\/424
|-damage|p1a: Mandibuzz|318\/424|[from] Stealth Rock
|move|p2a: STEEEEEEEEEEEEEEEE|Gyro Ball|p1a: Mandibuzz
|-damage|p1a: Mandibuzz|233\/424
|-damage|p2a: STEEEEEEEEEEEEEEEE|132\/268|[from] item: Rocky Helmet|[of] p1a: Mandibuzz
|
|-heal|p2a: STEEEEEEEEEEEEEEEE|148\/268|[from] item: Leftovers
|turn|24
|
|switch|p2a: FUCK YOU CHANSEY|Medicham-Mega, F|261\/261
|move|p1a: Mandibuzz|Roost|p1a: Mandibuzz
|-heal|p1a: Mandibuzz|424\/424
|
|turn|25
|
|move|p2a: FUCK YOU CHANSEY|High Jump Kick|p1a: Mandibuzz
|-crit|p1a: Mandibuzz
|-damage|p1a: Mandibuzz|45\/424
|-damage|p2a: FUCK YOU CHANSEY|218\/261|[from] item: Rocky Helmet|[of] p1a: Mandibuzz
|move|p1a: Mandibuzz|Foul Play|p2a: FUCK YOU CHANSEY
|-damage|p2a: FUCK YOU CHANSEY|70\/261
|
|turn|26
|
|move|p2a: FUCK YOU CHANSEY|High Jump Kick|p1a: Mandibuzz
|-damage|p1a: Mandibuzz|0 fnt
|-damage|p2a: FUCK YOU CHANSEY|27\/261|[from] item: Rocky Helmet|[of] p1a: Mandibuzz
|faint|p1a: Mandibuzz
|
|
|switch|p1a: Azumarill|Azumarill, F|404\/404
|-damage|p1a: Azumarill|354\/404|[from] Stealth Rock
|turn|27
|
|switch|p2a: Mega-Luvdisc|Alomomola, F|534\/534
|move|p1a: Azumarill|Aqua Jet|p2a: Mega-Luvdisc
|-resisted|p2a: Mega-Luvdisc
|-damage|p2a: Mega-Luvdisc|497\/534
|
|-heal|p2a: Mega-Luvdisc|530\/534|[from] item: Leftovers
|turn|28
|
|switch|p1a: Chansey|Chansey, F|562\/642
|-damage|p1a: Chansey|482\/642|[from] Stealth Rock
|move|p2a: Mega-Luvdisc|Soak|p1a: Chansey
|-start|p1a: Chansey|typechange|Water
|
|-heal|p2a: Mega-Luvdisc|534\/534|[from] item: Leftovers
|turn|29
|
|move|p2a: Mega-Luvdisc|Wish|p2a: Mega-Luvdisc
|move|p1a: Chansey|Thunder Wave|p2a: Mega-Luvdisc
|-status|p2a: Mega-Luvdisc|par
|
|turn|30
|
|switch|p2a: STEEEEEEEEEEEEEEEE|Steelix, M|148\/268
|move|p1a: Chansey|Thunder Wave|p2a: STEEEEEEEEEEEEEEEE
|-immune|p2a: STEEEEEEEEEEEEEEEE|[msg]
|
|-heal|p2a: STEEEEEEEEEEEEEEEE|268\/268|[from] move: Wish|[wisher] Mega-Luvdisc
|turn|31
|
|move|p1a: Chansey|Seismic Toss|p2a: STEEEEEEEEEEEEEEEE
|-damage|p2a: STEEEEEEEEEEEEEEEE|168\/268
|move|p2a: STEEEEEEEEEEEEEEEE|Earthquake|p1a: Chansey
|-damage|p1a: Chansey|295\/642
|
|-heal|p2a: STEEEEEEEEEEEEEEEE|184\/268|[from] item: Leftovers
|turn|32
|
|move|p1a: Chansey|Soft-Boiled|p1a: Chansey
|-heal|p1a: Chansey|616\/642
|move|p2a: STEEEEEEEEEEEEEEEE|Roar|p1a: Chansey
|drag|p1a: Azumarill|Azumarill, F|354\/404
|-damage|p1a: Azumarill|304\/404|[from] Stealth Rock
|
|-heal|p2a: STEEEEEEEEEEEEEEEE|200\/268|[from] item: Leftovers
|turn|33
|
|switch|p2a: Mega-Luvdisc|Alomomola, F|534\/534 par
|move|p1a: Azumarill|Play Rough|p2a: Mega-Luvdisc
|-damage|p2a: Mega-Luvdisc|377\/534 par
|
|-heal|p2a: Mega-Luvdisc|410\/534 par|[from] item: Leftovers
|turn|34
|
|move|p1a: Azumarill|Play Rough|p2a: Mega-Luvdisc
|-damage|p2a: Mega-Luvdisc|233\/534 par
|move|p2a: Mega-Luvdisc|Wish|p2a: Mega-Luvdisc
|
|-heal|p2a: Mega-Luvdisc|266\/534 par|[from] item: Leftovers
|turn|35
|
|move|p1a: Azumarill|Play Rough|p2a: Mega-Luvdisc
|-damage|p2a: Mega-Luvdisc|97\/534 par
|move|p2a: Mega-Luvdisc|Toxic|p1a: Azumarill
|-status|p1a: Azumarill|tox
|
|-heal|p2a: Mega-Luvdisc|364\/534 par|[from] move: Wish|[wisher] Mega-Luvdisc
|-heal|p2a: Mega-Luvdisc|397\/534 par|[from] item: Leftovers
|-damage|p1a: Azumarill|279\/404 tox|[from] psn
|turn|36
|
|switch|p1a: Venusaur|Venusaur-Mega, M|364\/364
|-damage|p1a: Venusaur|319\/364|[from] Stealth Rock
|cant|p2a: Mega-Luvdisc|par
|
|-heal|p2a: Mega-Luvdisc|430\/534 par|[from] item: Leftovers
|turn|37
|
|switch|p2a: best ducke|Porygon2|264\/374
|-ability|p2a: best ducke|Thick Fat|[from] ability: Trace|[of] p1a: Venusaur
|move|p1a: Venusaur|Leech Seed|p2a: best ducke
|-start|p2a: best ducke|move: Leech Seed
|
|-damage|p2a: best ducke|218\/374|[from] Leech Seed|[of] p1a: Venusaur
|-heal|p1a: Venusaur|364\/364|[silent]
|turn|38
|
|switch|p1a: Azumarill|Azumarill, F|279\/404 tox
|-damage|p1a: Azumarill|229\/404 tox|[from] Stealth Rock
|move|p2a: best ducke|Recover|p2a: best ducke
|-heal|p2a: best ducke|374\/374
|
|-damage|p2a: best ducke|328\/374|[from] Leech Seed|[of] p1a: Azumarill
|-heal|p1a: Azumarill|275\/404 tox|[silent]
|-damage|p1a: Azumarill|250\/404 tox|[from] psn
|turn|39
|
|switch|p2a: Mega-Luvdisc|Alomomola, F|534\/534 par
|move|p1a: Azumarill|Play Rough|p2a: Mega-Luvdisc
|-damage|p2a: Mega-Luvdisc|383\/534 par
|
|-heal|p2a: Mega-Luvdisc|416\/534 par|[from] item: Leftovers
|-damage|p1a: Azumarill|200\/404 tox|[from] psn
|-enditem|p1a: Azumarill|Sitrus Berry|[eat]
|-heal|p1a: Azumarill|301\/404 tox|[from] item: Sitrus Berry
|turn|40
|
|switch|p1a: Venusaur|Venusaur-Mega, M|364\/364
|-damage|p1a: Venusaur|319\/364|[from] Stealth Rock
|cant|p2a: Mega-Luvdisc|par
|
|-heal|p2a: Mega-Luvdisc|449\/534 par|[from] item: Leftovers
|turn|41
|
|switch|p2a: FUCK YOU CHANSEY|Medicham-Mega, F|27\/261
|move|p1a: Venusaur|Leech Seed|p2a: FUCK YOU CHANSEY
|-start|p2a: FUCK YOU CHANSEY|move: Leech Seed
|
|-damage|p2a: FUCK YOU CHANSEY|0 fnt|[from] Leech Seed|[of] p1a: Venusaur
|-heal|p1a: Venusaur|346\/364|[silent]
|faint|p2a: FUCK YOU CHANSEY
|
|switch|p2a: Mega-Luvdisc|Alomomola, F|534\/534 par
|turn|42
|
|move|p1a: Venusaur|Leech Seed|p2a: Mega-Luvdisc
|-start|p2a: Mega-Luvdisc|move: Leech Seed
|move|p2a: Mega-Luvdisc|Soak|p1a: Venusaur
|-start|p1a: Venusaur|typechange|Water
|
|-damage|p2a: Mega-Luvdisc|468\/534 par|[from] Leech Seed|[of] p1a: Venusaur
|-heal|p1a: Venusaur|364\/364|[silent]
|turn|43
|
|switch|p1a: Chansey|Chansey, F|616\/642
|-damage|p1a: Chansey|536\/642|[from] Stealth Rock
|cant|p2a: Mega-Luvdisc|par
|
|-heal|p2a: Mega-Luvdisc|501\/534 par|[from] item: Leftovers
|-damage|p2a: Mega-Luvdisc|435\/534 par|[from] Leech Seed|[of] p1a: Chansey
|-heal|p1a: Chansey|602\/642|[silent]
|turn|44
|
|switch|p2a: super meta|Sylveon, F|342\/394
|move|p1a: Chansey|Aromatherapy|p1a: Chansey
|-cureteam|p1a: Chansey|[from] move: Aromatherapy
|
|-heal|p2a: super meta|366\/394|[from] item: Leftovers
|turn|45
|
|move|p2a: super meta|Calm Mind|p2a: super meta
|-boost|p2a: super meta|spa|1
|-boost|p2a: super meta|spd|1
|move|p1a: Chansey|Seismic Toss|p2a: super meta
|-damage|p2a: super meta|266\/394
|
|-heal|p2a: super meta|290\/394|[from] item: Leftovers
|turn|46
|
|move|p2a: super meta|Wish|p2a: super meta
|move|p1a: Chansey|Thunder Wave|p2a: super meta
|-status|p2a: super meta|par
|
|-heal|p2a: super meta|314\/394 par|[from] item: Leftovers
|turn|47
|
|move|p1a: Chansey|Seismic Toss|p2a: super meta
|-damage|p2a: super meta|214\/394 par
|move|p2a: super meta|Calm Mind|p2a: super meta
|-boost|p2a: super meta|spa|1
|-boost|p2a: super meta|spd|1
|
|-heal|p2a: super meta|394\/394 par|[from] move: Wish|[wisher] super meta
|turn|48
|
|move|p1a: Chansey|Seismic Toss|p2a: super meta
|-damage|p2a: super meta|294\/394 par
|move|p2a: super meta|Calm Mind|p2a: super meta
|-boost|p2a: super meta|spa|1
|-boost|p2a: super meta|spd|1
|
|-heal|p2a: super meta|318\/394 par|[from] item: Leftovers
|turn|49
|
|move|p1a: Chansey|Seismic Toss|p2a: super meta
|-damage|p2a: super meta|218\/394 par
|move|p2a: super meta|Wish|p2a: super meta
|
|-heal|p2a: super meta|242\/394 par|[from] item: Leftovers
|turn|50
|
|move|p1a: Chansey|Seismic Toss|p2a: super meta
|-damage|p2a: super meta|142\/394 par
|move|p2a: super meta|Calm Mind|p2a: super meta
|-boost|p2a: super meta|spa|1
|-boost|p2a: super meta|spd|1
|
|-heal|p2a: super meta|339\/394 par|[from] move: Wish|[wisher] super meta
|-heal|p2a: super meta|363\/394 par|[from] item: Leftovers
|turn|51
|
|move|p1a: Chansey|Seismic Toss|p2a: super meta
|-damage|p2a: super meta|263\/394 par
|move|p2a: super meta|Wish|p2a: super meta
|
|-heal|p2a: super meta|287\/394 par|[from] item: Leftovers
|turn|52
|
|move|p1a: Chansey|Seismic Toss|p2a: super meta
|-damage|p2a: super meta|187\/394 par
|cant|p2a: super meta|par
|
|-heal|p2a: super meta|384\/394 par|[from] move: Wish|[wisher] super meta
|-heal|p2a: super meta|394\/394 par|[from] item: Leftovers
|turn|53
|
|move|p1a: Chansey|Seismic Toss|p2a: super meta
|-damage|p2a: super meta|294\/394 par
|move|p2a: super meta|Calm Mind|p2a: super meta
|-boost|p2a: super meta|spa|1
|-boost|p2a: super meta|spd|1
|
|-heal|p2a: super meta|318\/394 par|[from] item: Leftovers
|turn|54
|
|move|p1a: Chansey|Seismic Toss|p2a: super meta
|-damage|p2a: super meta|218\/394 par
|move|p2a: super meta|Wish|p2a: super meta
|
|-heal|p2a: super meta|242\/394 par|[from] item: Leftovers
|turn|55
|
|move|p1a: Chansey|Seismic Toss|p2a: super meta
|-damage|p2a: super meta|142\/394 par
|move|p2a: super meta|Calm Mind|p2a: super meta
|-boost|p2a: super meta|spa|1
|-boost|p2a: super meta|spd|1
|
|-heal|p2a: super meta|339\/394 par|[from] move: Wish|[wisher] super meta
|-heal|p2a: super meta|363\/394 par|[from] item: Leftovers
|turn|56
|
|move|p1a: Chansey|Seismic Toss|p2a: super meta
|-damage|p2a: super meta|263\/394 par
|move|p2a: super meta|Wish|p2a: super meta
|
|-heal|p2a: super meta|287\/394 par|[from] item: Leftovers
|turn|57
|
|move|p1a: Chansey|Seismic Toss|p2a: super meta
|-damage|p2a: super meta|187\/394 par
|move|p2a: super meta|Hyper Voice|p1a: Chansey
|-damage|p1a: Chansey|299\/642
|
|-heal|p2a: super meta|384\/394 par|[from] move: Wish|[wisher] super meta
|-heal|p2a: super meta|394\/394 par|[from] item: Leftovers
|turn|58
|
|move|p1a: Chansey|Soft-Boiled|p1a: Chansey
|-heal|p1a: Chansey|620\/642
|cant|p2a: super meta|par
|
|turn|59
|
|move|p1a: Chansey|Seismic Toss|p2a: super meta
|-damage|p2a: super meta|294\/394 par
|move|p2a: super meta|Wish|p2a: super meta
|
|-heal|p2a: super meta|318\/394 par|[from] item: Leftovers
|turn|60
|
|move|p1a: Chansey|Seismic Toss|p2a: super meta
|-damage|p2a: super meta|218\/394 par
|move|p2a: super meta|Hyper Voice|p1a: Chansey
|-damage|p1a: Chansey|290\/642
|
|-heal|p2a: super meta|394\/394 par|[from] move: Wish|[wisher] super meta
|turn|61
|
|move|p1a: Chansey|Soft-Boiled|p1a: Chansey
|-heal|p1a: Chansey|611\/642
|move|p2a: super meta|Hyper Voice|p1a: Chansey
|-damage|p1a: Chansey|308\/642
|
|turn|62
|
|move|p1a: Chansey|Soft-Boiled|p1a: Chansey
|-heal|p1a: Chansey|629\/642
|move|p2a: super meta|Hyper Voice|p1a: Chansey
|-damage|p1a: Chansey|316\/642
|
|turn|63
|
|move|p1a: Chansey|Soft-Boiled|p1a: Chansey
|-heal|p1a: Chansey|637\/642
|move|p2a: super meta|Hyper Voice|p1a: Chansey
|-damage|p1a: Chansey|340\/642
|
|turn|64
|
|move|p1a: Chansey|Soft-Boiled|p1a: Chansey
|-heal|p1a: Chansey|642\/642
|move|p2a: super meta|Hyper Voice|p1a: Chansey
|-damage|p1a: Chansey|336\/642
|
|turn|65
|
|move|p1a: Chansey|Soft-Boiled|p1a: Chansey
|-heal|p1a: Chansey|642\/642
|move|p2a: super meta|Hyper Voice|p1a: Chansey
|-damage|p1a: Chansey|342\/642
|
|turn|66
|
|move|p1a: Chansey|Soft-Boiled|p1a: Chansey
|-heal|p1a: Chansey|642\/642
|cant|p2a: super meta|par
|
|turn|67
|
|move|p1a: Chansey|Seismic Toss|p2a: super meta
|-damage|p2a: super meta|294\/394 par
|move|p2a: super meta|Calm Mind|p2a: super meta
|-fail|p2a: super meta
|
|-heal|p2a: super meta|318\/394 par|[from] item: Leftovers
|turn|68
|
|move|p1a: Chansey|Seismic Toss|p2a: super meta
|-damage|p2a: super meta|218\/394 par
|move|p2a: super meta|Wish|p2a: super meta
|
|-heal|p2a: super meta|242\/394 par|[from] item: Leftovers
|turn|69
|
|move|p1a: Chansey|Seismic Toss|p2a: super meta
|-damage|p2a: super meta|142\/394 par
|move|p2a: super meta|Hyper Voice|p1a: Chansey
|-damage|p1a: Chansey|326\/642
|
|-heal|p2a: super meta|339\/394 par|[from] move: Wish|[wisher] super meta
|-heal|p2a: super meta|363\/394 par|[from] item: Leftovers
|turn|70
|join|DrunkSnorlax
|
|move|p1a: Chansey|Soft-Boiled|p1a: Chansey
|-heal|p1a: Chansey|642\/642
|move|p2a: super meta|Heal Bell|p2a: super meta
|-cureteam|p2a: super meta|[from] move: HealBell
|
|-heal|p2a: super meta|387\/394|[from] item: Leftovers
|turn|71
|leave|DrunkSnorlax
|
|move|p2a: super meta|Hyper Voice|p1a: Chansey
|-damage|p1a: Chansey|359\/642
|move|p1a: Chansey|Thunder Wave|p2a: super meta
|-status|p2a: super meta|par
|
|-heal|p2a: super meta|394\/394 par|[from] item: Leftovers
|turn|72
|
|move|p1a: Chansey|Seismic Toss|p2a: super meta
|-damage|p2a: super meta|294\/394 par
|cant|p2a: super meta|par
|
|-heal|p2a: super meta|318\/394 par|[from] item: Leftovers
|turn|73
|
|move|p1a: Chansey|Seismic Toss|p2a: super meta
|-damage|p2a: super meta|218\/394 par
|move|p2a: super meta|Hyper Voice|p1a: Chansey
|-crit|p1a: Chansey
|-damage|p1a: Chansey|0 fnt
|faint|p1a: Chansey
|
|-heal|p2a: super meta|242\/394 par|[from] item: Leftovers
|
|switch|p1a: Ditto|Ditto|263\/300
|-damage|p1a: Ditto|226\/300|[from] Stealth Rock
|-transform|p1a: Ditto|p2a: super meta
|turn|74
|
|move|p1a: Ditto|Hyper Voice|p2a: super meta
|-damage|p2a: super meta|130\/394 par
|move|p2a: super meta|Wish|p2a: super meta
|
|-heal|p2a: super meta|154\/394 par|[from] item: Leftovers
|turn|75
|
|move|p1a: Ditto|Hyper Voice|p2a: super meta
|-damage|p2a: super meta|37\/394 par
|move|p2a: super meta|Heal Bell|p2a: super meta
|-cureteam|p2a: super meta|[from] move: HealBell
|
|-heal|p2a: super meta|234\/394|[from] move: Wish|[wisher] super meta
|-heal|p2a: super meta|258\/394|[from] item: Leftovers
|turn|76
|
|move|p1a: Ditto|Hyper Voice|p2a: super meta
|-damage|p2a: super meta|138\/394
|move|p2a: super meta|Wish|p2a: super meta
|
|-heal|p2a: super meta|162\/394|[from] item: Leftovers
|turn|77
|
|move|p1a: Ditto|Hyper Voice|p2a: super meta
|-damage|p2a: super meta|53\/394
|move|p2a: super meta|Hyper Voice|p1a: Ditto
|-damage|p1a: Ditto|106\/300
|
|-heal|p2a: super meta|250\/394|[from] move: Wish|[wisher] super meta
|-heal|p2a: super meta|274\/394|[from] item: Leftovers
|turn|78
|
|move|p1a: Ditto|Hyper Voice|p2a: super meta
|-damage|p2a: super meta|162\/394
|move|p2a: super meta|Wish|p2a: super meta
|
|-heal|p2a: super meta|186\/394|[from] item: Leftovers
|turn|79
|-message|Silve forfeited.
|
|win|Rhayader
|raw|Ladder updating...
|leave|Silve
|player|p1
|raw|Silve's rating: 1639 &rarr; <strong>1621<\/strong><br \/>(-18 for losing)
|raw|Rhayader's rating: 1679 &rarr; <strong>1697<\/strong><br \/>(+18 for winning)