|join|Rhayader
|join|Puckhead
|player|p1|Rhayader|#showtan
|player|p2|Puckhead|78
|gametype|singles
|gen|6
|tier|OU
|rated
|clearpoke
|poke|p1|Zapdos
|poke|p1|Toxicroak, F
|poke|p1|Altaria, F
|poke|p1|Claydol
|poke|p1|Rotom-Heat
|poke|p1|Bisharp, F
|poke|p2|Garchomp, F
|poke|p2|Greninja, F
|poke|p2|Latios, M
|poke|p2|Landorus-Therian, M
|poke|p2|Scizor, M
|poke|p2|Bisharp, M
|rule|Swagger Clause: Swagger is banned
|rule|Baton Pass Clause: Limit one PokÃ©mon knowing Baton Pass
|rule|Sleep Clause Mod: Limit one foe put to sleep
|rule|Species Clause: Limit one of each PokÃ©mon
|rule|OHKO Clause: OHKO moves are banned
|rule|Moody Clause: Moody is banned
|rule|Evasion Moves Clause: Evasion moves are banned
|rule|Endless Battle Clause: Forcing endless battles is banned
|rule|HP Percentage Mod: HP is shown in percentages
|teampreview
|join|kawaiidesunii
|
|start
|switch|p1a: Zapdos|Zapdos|364\/364
|switch|p2a: Garchomp|Garchomp, F|357\/357
|-ability|p1a: Zapdos|Pressure
|turn|1
|join|CITF420 v2
|
|switch|p2a: Scizor|Scizor, M|291\/291
|move|p1a: Zapdos|Hidden Power|p2a: Scizor
|-resisted|p2a: Scizor
|-damage|p2a: Scizor|227\/291
|-damage|p1a: Zapdos|328\/364|[from] item: Life Orb
|
|turn|2
|c| CITF420 v2|>no nicknames
|join|Aminiscent
|c| CITF420 v2|>standardish team
|c| CITF420 v2|ehhhh
|
|switch|p2a: Latios|Latios, M|364\/364
|move|p1a: Zapdos|Heat Wave|p2a: Latios
|-resisted|p2a: Latios
|-damage|p2a: Latios|294\/364
|-damage|p1a: Zapdos|292\/364|[from] item: Life Orb
|
|turn|3
|c| CITF420 v2|thats not very SD of you
|c|âRhayader|>rotom-h
|c|âRhayader|>claydol
|c|âRhayader|>toxicroak
|c|âRhayader|>standard
|c| CITF420 v2|rotom-h is decent
|
|move|p2a: Latios|Draco Meteor|p1a: Zapdos
|-damage|p1a: Zapdos|26\/364
|-unboost|p2a: Latios|spa|2
|-damage|p2a: Latios|258\/364|[from] item: Life Orb
|move|p1a: Zapdos|Hidden Power|p2a: Latios
|-supereffective|p2a: Latios
|-damage|p2a: Latios|89\/364
|-damage|p1a: Zapdos|0 fnt|[from] item: Life Orb
|faint|p1a: Zapdos
|
|c| CITF420 v2|toxicroak is p funny when it works
|c|âRhayader|rotom-h is based
|c| CITF420 v2|claydol yes is shit tho
|c|âRhayader|claydol works
|c|âRhayader|or at least seems to
|
|switch|p1a: Altaria|Altaria, F|299\/299
|turn|4
|c| CITF420 v2|maybe it does better than I think
|c| CITF420 v2|but I don't like it.
|c| CITF420 v2|maybe some nicknames to make it a bit less soulless?
|c| CITF420 v2|idk
|
|switch|p2a: Landorus-Therian|Landorus-Therian, M|319\/319
|-ability|p2a: Landorus-Therian|Intimidate|[of] p1a: Altaria
|-unboost|p1a: Altaria|atk|1
|detailschange|p1a: Altaria|Altaria-Mega, F
|message|Altaria has Mega Evolved into Mega Altaria!
|move|p1a: Altaria|Dragon Dance|p1a: Altaria
|-boost|p1a: Altaria|atk|1
|-boost|p1a: Altaria|spe|1
|
|turn|5
|
|move|p2a: Landorus-Therian|U-turn|p1a: Altaria
|-crit|p1a: Altaria
|-resisted|p1a: Altaria
|-damage|p1a: Altaria|231\/299
|
|switch|p2a: Scizor|Scizor, M|227\/291
|move|p1a: Altaria|Return|p2a: Scizor
|-resisted|p2a: Scizor
|-damage|p2a: Scizor|116\/291
|
|turn|6
|
|switch|p1a: Rotom-Heat|Rotom-Heat|304\/304
|detailschange|p2a: Scizor|Scizor-Mega, M
|message|Scizor has Mega Evolved into Mega Scizor!
|move|p2a: Scizor|Bullet Punch|p1a: Rotom-Heat
|-resisted|p1a: Rotom-Heat
|-damage|p1a: Rotom-Heat|283\/304
|
|-heal|p1a: Rotom-Heat|302\/304|[from] item: Leftovers
|turn|7
|
|switch|p2a: Latios|Latios, M|89\/364
|move|p1a: Rotom-Heat|Volt Switch|p2a: Latios
|-resisted|p2a: Latios
|-damage|p2a: Latios|50\/364
|
|switch|p1a: Bisharp|Bisharp, F|271\/271
|
|turn|8
|
|move|p2a: Latios|Thunderbolt|p1a: Bisharp
|-damage|p1a: Bisharp|125\/271
|-damage|p2a: Latios|14\/364|[from] item: Life Orb
|move|p1a: Bisharp|Swords Dance|p1a: Bisharp
|-boost|p1a: Bisharp|atk|2
|
|turn|9
|
|move|p1a: Bisharp|Sucker Punch|p2a: Latios
|-supereffective|p2a: Latios
|-damage|p2a: Latios|0 fnt
|faint|p2a: Latios
|
|
|switch|p2a: Garchomp|Garchomp, F|357\/357
|turn|10
|
|move|p1a: Bisharp|Sucker Punch|p2a: Garchomp
|-damage|p2a: Garchomp|0 fnt
|-damage|p1a: Bisharp|92\/271|[from] ability: Rough Skin|[of] p2a: Garchomp
|faint|p2a: Garchomp
|
|
|switch|p2a: Scizor|Scizor-Mega, M|116\/291
|turn|11
|
|move|p1a: Bisharp|Sucker Punch|p2a: Scizor
|-damage|p2a: Scizor|0 fnt
|faint|p2a: Scizor
|
|
|switch|p2a: Greninja|Greninja, F|285\/285
|turn|12
|
|move|p1a: Bisharp|Sucker Punch|p2a: Greninja
|-crit|p2a: Greninja
|-resisted|p2a: Greninja
|-damage|p2a: Greninja|0 fnt
|faint|p2a: Greninja
|
|
|switch|p2a: Bisharp|Bisharp, M|271\/271
|turn|13
|
|move|p1a: Bisharp|Swords Dance|p1a: Bisharp
|-boost|p1a: Bisharp|atk|2
|move|p2a: Bisharp|Knock Off|p1a: Bisharp
|-resisted|p1a: Bisharp
|-damage|p1a: Bisharp|0 fnt
|-enditem|p1a: Bisharp|Black Glasses|[from] move: Knock Off|[of] p2a: Bisharp
|-damage|p2a: Bisharp|244\/271|[from] item: Life Orb
|faint|p1a: Bisharp
|
|
|switch|p1a: Rotom-Heat|Rotom-Heat|302\/304
|turn|14
|
|move|p2a: Bisharp|Knock Off|p1a: Rotom-Heat
|-damage|p1a: Rotom-Heat|145\/304
|-enditem|p1a: Rotom-Heat|Leftovers|[from] move: Knock Off|[of] p2a: Bisharp
|-damage|p2a: Bisharp|217\/271|[from] item: Life Orb
|move|p1a: Rotom-Heat|Will-O-Wisp|p2a: Bisharp
|-status|p2a: Bisharp|brn
|
|-damage|p2a: Bisharp|184\/271 brn|[from] brn
|turn|15
|
|move|p2a: Bisharp|Iron Head|p1a: Rotom-Heat
|-resisted|p1a: Rotom-Heat
|-damage|p1a: Rotom-Heat|129\/304
|-damage|p2a: Bisharp|157\/271 brn|[from] item: Life Orb
|cant|p1a: Rotom-Heat|flinch
|
|-damage|p2a: Bisharp|124\/271 brn|[from] brn
|turn|16
|
|move|p2a: Bisharp|Knock Off|p1a: Rotom-Heat
|-damage|p1a: Rotom-Heat|78\/304
|-damage|p2a: Bisharp|97\/271 brn|[from] item: Life Orb
|move|p1a: Rotom-Heat|Volt Switch|p2a: Bisharp
|-damage|p2a: Bisharp|0 fnt
|faint|p2a: Bisharp
|
|switch|p1a: Claydol|Claydol|324\/324
|
|
|switch|p2a: Landorus-Therian|Landorus-Therian, M|319\/319
|-ability|p2a: Landorus-Therian|Intimidate|[of] p1a: Claydol
|-unboost|p1a: Claydol|atk|1
|turn|17
|
|move|p1a: Claydol|Magic Coat|p1a: Claydol
|-singleturn|p1a: Claydol|move: Magic Coat
|move|p2a: Landorus-Therian|Stone Edge|p1a: Claydol
|-resisted|p1a: Claydol
|-damage|p1a: Claydol|278\/324
|
|-heal|p1a: Claydol|298\/324|[from] item: Leftovers
|turn|18
|
|move|p2a: Landorus-Therian|Stone Edge|p1a: Claydol
|-resisted|p1a: Claydol
|-damage|p1a: Claydol|256\/324
|move|p1a: Claydol|Rapid Spin|p2a: Landorus-Therian
|-damage|p2a: Landorus-Therian|312\/319
|
|-heal|p1a: Claydol|276\/324|[from] item: Leftovers
|turn|19
|leave|Puckhead
|player|p2
|c|âRhayader|lmao
|-message|puckhead lost due to inactivity.
|
|win|Rhayader
|raw|Ladder updating...
|raw|Ladder (probably) updated, but score could not be retrieved (timeout).
|raw|Ladder (probably) updated, but score could not be retrieved (Error: socket hang up).
|leave|Rhayader
|player|p1