|join|User Of Splash
|join|Rhayader
|player|p1|User Of Splash|79
|player|p2|Rhayader|40
|gametype|singles
|gen|6
|tier|OU
|rated
|clearpoke
|poke|p1|Bisharp, F
|poke|p1|Gengar, M
|poke|p1|Skarmory, F
|poke|p1|Conkeldurr, F
|poke|p1|Landorus-Therian, M
|poke|p1|Sceptile, F, shiny
|poke|p2|Zapdos
|poke|p2|Toxicroak, F
|poke|p2|Altaria, M
|poke|p2|Claydol, shiny
|poke|p2|Rotom-Heat
|poke|p2|Bisharp, F
|rule|Swagger Clause: Swagger is banned
|rule|Baton Pass Clause: Limit one PokÃ©mon knowing Baton Pass
|rule|Sleep Clause Mod: Limit one foe put to sleep
|rule|Species Clause: Limit one of each PokÃ©mon
|rule|OHKO Clause: OHKO moves are banned
|rule|Moody Clause: Moody is banned
|rule|Evasion Moves Clause: Evasion moves are banned
|rule|Endless Battle Clause: Forcing endless battles is banned
|rule|HP Percentage Mod: HP is shown in percentages
|teampreview
|
|start
|switch|p1a: SD SKARMORY OF GOO|Skarmory, F|334\/334
|switch|p2a: zap7|Zapdos|364\/364
|-ability|p2a: zap7|Pressure
|turn|1
|
|move|p1a: SD SKARMORY OF GOO|Toxic|p2a: zap7
|-status|p2a: zap7|tox
|move|p2a: zap7|Thunderbolt|p1a: SD SKARMORY OF GOO
|-supereffective|p1a: SD SKARMORY OF GOO
|-activate|p1a: SD SKARMORY OF GOO|Sturdy
|-damage|p1a: SD SKARMORY OF GOO|1\/334
|-damage|p2a: zap7|328\/364 tox|[from] item: Life Orb
|-enditem|p1a: SD SKARMORY OF GOO|Salac Berry|[eat]
|-boost|p1a: SD SKARMORY OF GOO|spe|1|[from] item: Salac Berry
|
|-damage|p2a: zap7|306\/364 tox|[from] psn
|turn|2
|join|Tkey
|join|Johnny Zappeli
|
|move|p1a: SD SKARMORY OF GOO|Stealth Rock|p2a: zap7
|-sidestart|p2: Rhayader|move: Stealth Rock
|move|p2a: zap7|Heat Wave|p1a: SD SKARMORY OF GOO
|-supereffective|p1a: SD SKARMORY OF GOO
|-damage|p1a: SD SKARMORY OF GOO|0 fnt
|-damage|p2a: zap7|270\/364 tox|[from] item: Life Orb
|faint|p1a: SD SKARMORY OF GOO
|
|-damage|p2a: zap7|226\/364 tox|[from] psn
|c|âRhayader|is that max speed skarmory lmao
|
|switch|p1a: Ghost of future pa|Gengar, M|262\/262
|turn|3
|
|move|p1a: Ghost of future pa|Shadow Ball|p2a: zap7
|-damage|p2a: zap7|14\/364 tox
|-unboost|p2a: zap7|spd|1
|-damage|p1a: Ghost of future pa|236\/262|[from] item: Life Orb
|move|p2a: zap7|Thunderbolt|p1a: Ghost of future pa
|-damage|p1a: Ghost of future pa|0 fnt
|-damage|p2a: zap7|0 fnt|[from] item: Life Orb
|faint|p1a: Ghost of future pa
|faint|p2a: zap7
|
|c|âUser Of Splash|it has an interesting set, let's leave it at that
|c|âUser Of Splash|oh for gods sake
|c|âRhayader|thanks balk bird
|
|switch|p1a: Grumpy Cat|Landorus-Therian, M|320\/320
|switch|p2a: thanks owle|Claydol, shiny|324\/324
|-ability|p1a: Grumpy Cat|Intimidate|[of] p2a: thanks owle
|-unboost|p2a: thanks owle|atk|1
|-damage|p2a: thanks owle|304\/324|[from] Stealth Rock
|turn|4
|
|move|p1a: Grumpy Cat|U-turn|p2a: thanks owle
|-supereffective|p2a: thanks owle
|-damage|p2a: thanks owle|172\/324
|
|switch|p1a: BISH SLAP|Bisharp, F|272\/272
|move|p2a: thanks owle|Rapid Spin|p1a: BISH SLAP
|-resisted|p1a: BISH SLAP
|-damage|p1a: BISH SLAP|269\/272
|-sideend|p2: Rhayader|Stealth Rock|[from] move: Rapid Spin|[of] p2a: thanks owle
|
|-heal|p2a: thanks owle|192\/324|[from] item: Leftovers
|turn|5
|
|move|p1a: BISH SLAP|Knock Off|p2a: thanks owle
|-supereffective|p2a: thanks owle
|-damage|p2a: thanks owle|0 fnt
|-enditem|p2a: thanks owle|Leftovers|[from] move: Knock Off|[of] p1a: BISH SLAP
|faint|p2a: thanks owle
|
|c|âUser Of Splash|its a spike stack suicide lead
|c|âUser Of Splash|skarmory
|c|âUser Of Splash|but me dum dum and I didnt play it right there
|leave|Johnny Zappeli
|c|âRhayader|so rocks\/spikes\/tox\/bb?
|
|switch|p2a: ghost oven|Rotom-Heat|304\/304
|turn|6
|
|switch|p1a: do you even splash|Conkeldurr, F|414\/414
|move|p2a: ghost oven|Volt Switch|p1a: do you even splash
|-damage|p1a: do you even splash|329\/414
|
|switch|p2a: sky toad|Altaria, M|299\/299
|
|turn|7
|
|detailschange|p2a: sky toad|Altaria-Mega, M
|message|Altaria has Mega Evolved into Mega Altaria!
|move|p2a: sky toad|Return|p1a: do you even splash
|-crit|p1a: do you even splash
|-supereffective|p1a: do you even splash
|-damage|p1a: do you even splash|0 fnt
|faint|p1a: do you even splash
|
|
|switch|p1a: Grumpy Cat|Landorus-Therian, M|320\/320
|-ability|p1a: Grumpy Cat|Intimidate|[of] p2a: sky toad
|-unboost|p2a: sky toad|atk|1
|turn|8
|
|switch|p2a: ghost oven|Rotom-Heat|304\/304
|move|p1a: Grumpy Cat|Explosion|p2a: ghost oven
|-damage|p2a: ghost oven|92\/304
|faint|p1a: Grumpy Cat
|
|-heal|p2a: ghost oven|111\/304|[from] item: Leftovers
|c|âUser Of Splash|umm
|c| Tkey|w-what
|c|âUser Of Splash|I think I might have lost
|
|switch|p1a: BISH SLAP|Bisharp, F|269\/272
|turn|9
|c| Tkey|>exploding your genie
|c|âUser Of Splash|this team isnt as bad as youd think
|c|âUser Of Splash|im just playing terribly
|
|move|p1a: BISH SLAP|Knock Off|p2a: ghost oven
|-damage|p2a: ghost oven|0 fnt
|-enditem|p2a: ghost oven|Leftovers|[from] move: Knock Off|[of] p1a: BISH SLAP
|faint|p2a: ghost oven
|
|c|âRhayader|it doesnt look bad
|c|âRhayader|actually really intersting
|
|switch|p2a: frog meme|Toxicroak, F|307\/307
|turn|10
|c| Tkey|I run weak armour SD skarm
|c| Tkey|so no judging here
|
|switch|p1a: George Bush|Sceptile, F, shiny|282\/282
|move|p2a: frog meme|Swords Dance|p2a: frog meme
|-boost|p2a: frog meme|atk|2
|
|turn|11
|
|detailschange|p1a: George Bush|Sceptile-Mega, F, shiny
|message|Sceptile has Mega Evolved into Mega Sceptile!
|move|p2a: frog meme|Sucker Punch|p1a: George Bush
|-fail|p1a: George Bush
|move|p1a: George Bush|Substitute|p1a: George Bush
|-start|p1a: George Bush|Substitute
|-damage|p1a: George Bush|212\/282
|
|turn|12
|c|âRhayader|thats not good
|c|âUser Of Splash|rof
|
|move|p2a: frog meme|Sucker Punch|p1a: George Bush
|-end|p1a: George Bush|Substitute
|move|p1a: George Bush|Dragon Pulse|p2a: frog meme
|-damage|p2a: frog meme|75\/307
|
|-heal|p2a: frog meme|94\/307|[from] item: Black Sludge
|turn|13
|
|move|p1a: George Bush|Dragon Pulse|p2a: frog meme
|-damage|p2a: frog meme|0 fnt
|faint|p2a: frog meme
|
|
|switch|p2a: sky toad|Altaria-Mega, M|299\/299
|turn|14
|
|move|p1a: George Bush|Giga Drain|p2a: sky toad
|-resisted|p2a: sky toad
|-damage|p2a: sky toad|232\/299
|-heal|p1a: George Bush|246\/282|[from] drain|[of] p2a: sky toad
|move|p2a: sky toad|Return|p1a: George Bush
|-supereffective|p1a: George Bush
|-damage|p1a: George Bush|0 fnt
|faint|p1a: George Bush
|
|c|âUser Of Splash|get killed?
|
|switch|p1a: BISH SLAP|Bisharp, F|269\/272
|turn|15
|
|move|p2a: sky toad|Return|p1a: BISH SLAP
|-damage|p1a: BISH SLAP|35\/272
|move|p1a: BISH SLAP|Rock Polish|p1a: BISH SLAP
|-boost|p1a: BISH SLAP|spe|2
|
|turn|16
|c|âRhayader|kek
|c|âRhayader|nice
|c|âUser Of Splash|I have no idea what im doing with my life
|
|move|p1a: BISH SLAP|Iron Head|p2a: sky toad
|-supereffective|p2a: sky toad
|-damage|p2a: sky toad|0 fnt
|faint|p2a: sky toad
|
|
|switch|p2a: le 5050 man|Bisharp, F|271\/271
|turn|17
|c|âUser Of Splash|would you believe me if I said thsi ting sweeps
|c|âUser Of Splash|*this thing
|
|move|p1a: BISH SLAP|Sucker Punch|p2a: le 5050 man
|-resisted|p2a: le 5050 man
|-damage|p2a: le 5050 man|183\/271
|move|p2a: le 5050 man|Knock Off|p1a: BISH SLAP
|-resisted|p1a: BISH SLAP
|-damage|p1a: BISH SLAP|0 fnt
|-enditem|p1a: BISH SLAP|Black Glasses|[from] move: Knock Off|[of] p2a: le 5050 man
|faint|p1a: BISH SLAP
|
|win|Rhayader
|raw|Ladder updating...
|raw|User Of Splash's rating: 1541 &rarr; <strong>1520<\/strong><br \/>(-21 for losing)
|raw|Rhayader's rating: 1525 &rarr; <strong>1545<\/strong><br \/>(+20 for winning)
|c|âUser Of Splash|gg
|c|âRhayader|kinda
|c|âRhayader|gg
|leave|User Of Splash
|player|p1
|c|âRhayader|nice team
|leave|Rhayader
|player|p2
|leave|Tkey
|join|Rhayader