|join|Rhayader
|join|Zicsor
|player|p1|Rhayader|#showtan
|player|p2|Zicsor|163
|gametype|singles
|gen|6
|tier|OU
|rated
|clearpoke
|poke|p1|Steelix, F
|poke|p1|Porygon2
|poke|p1|Medicham, F
|poke|p1|Sylveon, F
|poke|p1|Alomomola, F
|poke|p1|Rotom-Heat
|poke|p2|Scizor, M
|poke|p2|Salamence, M
|poke|p2|Infernape, M
|poke|p2|Ferrothorn, F
|poke|p2|Raikou
|poke|p2|Vaporeon, M
|rule|Swagger Clause: Swagger is banned
|rule|Baton Pass Clause: Limit one PokÃ©mon knowing Baton Pass
|rule|Sleep Clause Mod: Limit one foe put to sleep
|rule|Species Clause: Limit one of each PokÃ©mon
|rule|OHKO Clause: OHKO moves are banned
|rule|Moody Clause: Moody is banned
|rule|Evasion Moves Clause: Evasion moves are banned
|rule|Endless Battle Clause: Forcing endless battles is banned
|rule|HP Percentage Mod: HP is shown in percentages
|teampreview
|
|start
|switch|p1a: STEEEEEEEEEEEEEEEE|Steelix, F|268\/268
|switch|p2a: Infernape|Infernape, M|294\/294
|turn|1
|
|move|p2a: Infernape|U-turn|p1a: STEEEEEEEEEEEEEEEE
|-resisted|p1a: STEEEEEEEEEEEEEEEE
|-damage|p1a: STEEEEEEEEEEEEEEEE|245\/268
|
|switch|p2a: Tenazas|Scizor, M|281\/281
|move|p1a: STEEEEEEEEEEEEEEEE|Stealth Rock|p2a: Tenazas
|-sidestart|p2: Zicsor|move: Stealth Rock
|
|-heal|p1a: STEEEEEEEEEEEEEEEE|261\/268|[from] item: Leftovers
|turn|2
|chat|Zicsor|wtf?
|
|switch|p1a: tfw not a ghost|Rotom-Heat|279\/279
|move|p2a: Tenazas|Superpower|p1a: tfw not a ghost
|-damage|p1a: tfw not a ghost|51\/279
|-unboost|p2a: Tenazas|atk|1
|-unboost|p2a: Tenazas|def|1
|
|turn|3
|
|switch|p2a: Vaporeon|Vaporeon, M|463\/463
|-damage|p2a: Vaporeon|406\/463|[from] Stealth Rock
|move|p1a: tfw not a ghost|Volt Switch|p2a: Vaporeon
|-crit|p2a: Vaporeon
|-supereffective|p2a: Vaporeon
|-damage|p2a: Vaporeon|62\/463
|
|switch|p1a: best ducke|Porygon2|374\/374
|-ability|p1a: best ducke|Water Absorb|[from] ability: Trace|[of] p2a: Vaporeon
|
|-heal|p2a: Vaporeon|90\/463|[from] item: Leftovers
|turn|4
|
|move|p2a: Vaporeon|Toxic|p1a: best ducke
|-status|p1a: best ducke|tox
|move|p1a: best ducke|Thunderbolt|p2a: Vaporeon
|-supereffective|p2a: Vaporeon
|-damage|p2a: Vaporeon|0 fnt
|faint|p2a: Vaporeon
|
|-damage|p1a: best ducke|351\/374 tox|[from] psn
|
|switch|p2a: Tenazas|Scizor, M|281\/281
|-damage|p2a: Tenazas|246\/281|[from] Stealth Rock
|turn|5
|
|switch|p1a: super meta|Sylveon, F|394\/394
|move|p2a: Tenazas|U-turn|p1a: super meta
|-resisted|p1a: super meta
|-damage|p1a: super meta|297\/394
|
|switch|p2a: Ferrothorn|Ferrothorn, F|321\/321
|-damage|p2a: Ferrothorn|301\/321|[from] Stealth Rock
|
|-heal|p1a: super meta|321\/394|[from] item: Leftovers
|-heal|p2a: Ferrothorn|321\/321|[from] item: Leftovers
|turn|6
|
|switch|p1a: tfw not a ghost|Rotom-Heat|51\/279
|move|p2a: Ferrothorn|Stealth Rock|p1a: tfw not a ghost
|-sidestart|p1: Rhayader|move: Stealth Rock
|
|turn|7
|
|switch|p2a: Raikou|Raikou|322\/322
|-damage|p2a: Raikou|282\/322|[from] Stealth Rock
|-ability|p2a: Raikou|Pressure
|move|p1a: tfw not a ghost|Trick|p2a: Raikou
|-activate|p1a: tfw not a ghost|move: Trick|[of] p2a: Raikou
|-item|p2a: Raikou|Choice Scarf|[from] move: Trick
|-item|p1a: tfw not a ghost|Choice Specs|[from] move: Trick
|
|turn|8
|
|move|p2a: Raikou|Volt Switch|p1a: tfw not a ghost
|-resisted|p1a: tfw not a ghost
|-damage|p1a: tfw not a ghost|0 fnt
|faint|p1a: tfw not a ghost
|
|switch|p2a: Infernape|Infernape, M|294\/294
|-damage|p2a: Infernape|258\/294|[from] Stealth Rock
|
|
|switch|p1a: Mega-Luvdisc|Alomomola, F|534\/534
|-damage|p1a: Mega-Luvdisc|468\/534|[from] Stealth Rock
|turn|9
|
|move|p2a: Infernape|U-turn|p1a: Mega-Luvdisc
|-damage|p1a: Mega-Luvdisc|400\/534
|
|switch|p2a: Ferrothorn|Ferrothorn, F|321\/321
|-damage|p2a: Ferrothorn|301\/321|[from] Stealth Rock
|move|p1a: Mega-Luvdisc|Toxic|p2a: Ferrothorn|[miss]
|-miss|p1a: Mega-Luvdisc|p2a: Ferrothorn
|
|-heal|p1a: Mega-Luvdisc|433\/534|[from] item: Leftovers
|-heal|p2a: Ferrothorn|321\/321|[from] item: Leftovers
|turn|10
|
|move|p1a: Mega-Luvdisc|Soak|p2a: Ferrothorn
|-start|p2a: Ferrothorn|typechange|Water
|move|p2a: Ferrothorn|Thunder Wave|p1a: Mega-Luvdisc
|-status|p1a: Mega-Luvdisc|par
|
|-heal|p1a: Mega-Luvdisc|466\/534 par|[from] item: Leftovers
|turn|11
|
|switch|p2a: Tenazas|Scizor, M|246\/281
|-damage|p2a: Tenazas|211\/281|[from] Stealth Rock
|move|p1a: Mega-Luvdisc|Toxic|p2a: Tenazas
|-fail|p2a: Tenazas
|
|-heal|p1a: Mega-Luvdisc|499\/534 par|[from] item: Leftovers
|turn|12
|
|move|p1a: Mega-Luvdisc|Protect|p1a: Mega-Luvdisc
|-singleturn|p1a: Mega-Luvdisc|Protect
|move|p2a: Tenazas|U-turn|p1a: Mega-Luvdisc
|-activate|p1a: Mega-Luvdisc|Protect
|
|-heal|p1a: Mega-Luvdisc|532\/534 par|[from] item: Leftovers
|turn|13
|
|move|p2a: Tenazas|U-turn|p1a: Mega-Luvdisc
|-damage|p1a: Mega-Luvdisc|372\/534 par
|
|switch|p2a: Ferrothorn|Ferrothorn, F|321\/321
|-damage|p2a: Ferrothorn|301\/321|[from] Stealth Rock
|move|p1a: Mega-Luvdisc|Soak|p2a: Ferrothorn
|-start|p2a: Ferrothorn|typechange|Water
|
|-heal|p1a: Mega-Luvdisc|405\/534 par|[from] item: Leftovers
|-heal|p2a: Ferrothorn|321\/321|[from] item: Leftovers
|turn|14
|
|move|p1a: Mega-Luvdisc|Toxic|p2a: Ferrothorn
|-status|p2a: Ferrothorn|tox
|move|p2a: Ferrothorn|Leech Seed|p1a: Mega-Luvdisc|[miss]
|-miss|p2a: Ferrothorn|p1a: Mega-Luvdisc
|
|-heal|p1a: Mega-Luvdisc|438\/534 par|[from] item: Leftovers
|-damage|p2a: Ferrothorn|301\/321 tox|[from] psn
|turn|15
|
|switch|p1a: super meta|Sylveon, F|321\/394
|-damage|p1a: super meta|272\/394|[from] Stealth Rock
|move|p2a: Ferrothorn|Leech Seed|p1a: super meta
|-start|p1a: super meta|move: Leech Seed
|
|-heal|p1a: super meta|296\/394|[from] item: Leftovers
|-heal|p2a: Ferrothorn|321\/321 tox|[from] item: Leftovers
|-damage|p1a: super meta|247\/394|[from] Leech Seed|[of] p2a: Ferrothorn
|-damage|p2a: Ferrothorn|281\/321 tox|[from] psn
|turn|16
|
|move|p1a: super meta|Heal Bell|p1a: super meta
|-cureteam|p1a: super meta|[from] move: HealBell
|move|p2a: Ferrothorn|Gyro Ball|p1a: super meta
|-supereffective|p1a: super meta
|-damage|p1a: super meta|105\/394
|
|-heal|p1a: super meta|129\/394|[from] item: Leftovers
|-heal|p2a: Ferrothorn|301\/321 tox|[from] item: Leftovers
|-damage|p1a: super meta|80\/394|[from] Leech Seed|[of] p2a: Ferrothorn
|-heal|p2a: Ferrothorn|321\/321 tox|[silent]
|-damage|p2a: Ferrothorn|261\/321 tox|[from] psn
|turn|17
|
|switch|p1a: STEEEEEEEEEEEEEEEE|Steelix, F|261\/268
|-damage|p1a: STEEEEEEEEEEEEEEEE|253\/268|[from] Stealth Rock
|move|p2a: Ferrothorn|Gyro Ball|p1a: STEEEEEEEEEEEEEEEE
|-resisted|p1a: STEEEEEEEEEEEEEEEE
|-damage|p1a: STEEEEEEEEEEEEEEEE|245\/268
|
|-heal|p1a: STEEEEEEEEEEEEEEEE|261\/268|[from] item: Leftovers
|-heal|p2a: Ferrothorn|281\/321 tox|[from] item: Leftovers
|-damage|p2a: Ferrothorn|201\/321 tox|[from] psn
|turn|18
|
|move|p1a: STEEEEEEEEEEEEEEEE|Earthquake|p2a: Ferrothorn
|-damage|p2a: Ferrothorn|108\/321 tox
|move|p2a: Ferrothorn|Leech Seed|p1a: STEEEEEEEEEEEEEEEE
|-start|p1a: STEEEEEEEEEEEEEEEE|move: Leech Seed
|
|-heal|p1a: STEEEEEEEEEEEEEEEE|268\/268|[from] item: Leftovers
|-heal|p2a: Ferrothorn|128\/321 tox|[from] item: Leftovers
|-damage|p1a: STEEEEEEEEEEEEEEEE|235\/268|[from] Leech Seed|[of] p2a: Ferrothorn
|-heal|p2a: Ferrothorn|161\/321 tox|[silent]
|-damage|p2a: Ferrothorn|61\/321 tox|[from] psn
|turn|19
|
|switch|p1a: Mega-Luvdisc|Alomomola, F|534\/534
|-damage|p1a: Mega-Luvdisc|468\/534|[from] Stealth Rock
|move|p2a: Ferrothorn|Gyro Ball|p1a: Mega-Luvdisc
|-resisted|p1a: Mega-Luvdisc
|-damage|p1a: Mega-Luvdisc|437\/534
|
|-heal|p1a: Mega-Luvdisc|470\/534|[from] item: Leftovers
|-heal|p2a: Ferrothorn|81\/321 tox|[from] item: Leftovers
|-damage|p2a: Ferrothorn|0 fnt|[from] psn
|faint|p2a: Ferrothorn
|
|switch|p2a: Raikou|Raikou|282\/322
|-damage|p2a: Raikou|242\/322|[from] Stealth Rock
|-ability|p2a: Raikou|Pressure
|turn|20
|
|move|p1a: Mega-Luvdisc|Protect|p1a: Mega-Luvdisc
|-singleturn|p1a: Mega-Luvdisc|Protect
|move|p2a: Raikou|Thunderbolt|p1a: Mega-Luvdisc
|-activate|p1a: Mega-Luvdisc|Protect
|
|-heal|p1a: Mega-Luvdisc|503\/534|[from] item: Leftovers
|turn|21
|
|switch|p2a: Tenazas|Scizor, M|211\/281
|-damage|p2a: Tenazas|176\/281|[from] Stealth Rock
|switch|p1a: STEEEEEEEEEEEEEEEE|Steelix, F|235\/268
|-damage|p1a: STEEEEEEEEEEEEEEEE|227\/268|[from] Stealth Rock
|
|-heal|p1a: STEEEEEEEEEEEEEEEE|243\/268|[from] item: Leftovers
|turn|22
|
|switch|p1a: Mega-Luvdisc|Alomomola, F|534\/534
|-damage|p1a: Mega-Luvdisc|468\/534|[from] Stealth Rock
|move|p2a: Tenazas|Superpower|p1a: Mega-Luvdisc
|-damage|p1a: Mega-Luvdisc|262\/534
|-unboost|p2a: Tenazas|atk|1
|-unboost|p2a: Tenazas|def|1
|
|-heal|p1a: Mega-Luvdisc|295\/534|[from] item: Leftovers
|turn|23
|
|switch|p2a: Salamence|Salamence, M|332\/332
|-damage|p2a: Salamence|249\/332|[from] Stealth Rock
|move|p1a: Mega-Luvdisc|Wish|p1a: Mega-Luvdisc
|
|-heal|p1a: Mega-Luvdisc|328\/534|[from] item: Leftovers
|turn|24
|
|move|p2a: Salamence|Dragon Dance|p2a: Salamence
|-boost|p2a: Salamence|atk|1
|-boost|p2a: Salamence|spe|1
|move|p1a: Mega-Luvdisc|Soak|p2a: Salamence
|-start|p2a: Salamence|typechange|Water
|
|-heal|p1a: Mega-Luvdisc|534\/534|[from] move: Wish|[wisher] Mega-Luvdisc
|turn|25
|
|move|p2a: Salamence|Dragon Dance|p2a: Salamence
|-boost|p2a: Salamence|atk|1
|-boost|p2a: Salamence|spe|1
|move|p1a: Mega-Luvdisc|Toxic|p2a: Salamence
|-status|p2a: Salamence|tox
|-enditem|p2a: Salamence|Lum Berry|[eat]
|-curestatus|p2a: Salamence|tox
|
|turn|26
|
|move|p2a: Salamence|Dragon Dance|p2a: Salamence
|-boost|p2a: Salamence|atk|1
|-boost|p2a: Salamence|spe|1
|move|p1a: Mega-Luvdisc|Toxic|p2a: Salamence
|-status|p2a: Salamence|tox
|
|-damage|p2a: Salamence|229\/332 tox|[from] psn
|turn|27
|
|move|p2a: Salamence|Dragon Dance|p2a: Salamence
|-boost|p2a: Salamence|atk|1
|-boost|p2a: Salamence|spe|1
|move|p1a: Mega-Luvdisc|Wish|p1a: Mega-Luvdisc
|
|-damage|p2a: Salamence|189\/332 tox|[from] psn
|turn|28
|
|move|p2a: Salamence|Earthquake|p1a: Mega-Luvdisc
|-damage|p1a: Mega-Luvdisc|222\/534
|move|p1a: Mega-Luvdisc|Toxic|p2a: Salamence
|-fail|p2a: Salamence|tox
|
|-heal|p1a: Mega-Luvdisc|489\/534|[from] move: Wish|[wisher] Mega-Luvdisc
|-heal|p1a: Mega-Luvdisc|522\/534|[from] item: Leftovers
|-damage|p2a: Salamence|129\/332 tox|[from] psn
|turn|29
|
|move|p2a: Salamence|Outrage|p1a: Mega-Luvdisc
|-damage|p1a: Mega-Luvdisc|160\/534
|move|p1a: Mega-Luvdisc|Wish|p1a: Mega-Luvdisc
|
|-heal|p1a: Mega-Luvdisc|193\/534|[from] item: Leftovers
|-damage|p2a: Salamence|49\/332 tox|[from] psn
|turn|30
|
|move|p1a: Mega-Luvdisc|Protect|p1a: Mega-Luvdisc
|-singleturn|p1a: Mega-Luvdisc|Protect
|move|p2a: Salamence|Outrage|p1a: Mega-Luvdisc
|-activate|p1a: Mega-Luvdisc|Protect
|
|-heal|p1a: Mega-Luvdisc|460\/534|[from] move: Wish|[wisher] Mega-Luvdisc
|-heal|p1a: Mega-Luvdisc|493\/534|[from] item: Leftovers
|-damage|p2a: Salamence|0 fnt|[from] psn
|faint|p2a: Salamence
|chat|Zicsor|juegas muy guarro
|
|switch|p2a: Infernape|Infernape, M|258\/294
|-damage|p2a: Infernape|222\/294|[from] Stealth Rock
|turn|31
|chat|Rhayader|what?
|
|move|p2a: Infernape|Thunder Punch|p1a: Mega-Luvdisc
|-supereffective|p1a: Mega-Luvdisc
|-damage|p1a: Mega-Luvdisc|353\/534
|move|p1a: Mega-Luvdisc|Toxic|p2a: Infernape|[miss]
|-miss|p1a: Mega-Luvdisc|p2a: Infernape
|
|-heal|p1a: Mega-Luvdisc|386\/534|[from] item: Leftovers
|turn|32
|join|Fursona
|
|move|p2a: Infernape|Thunder Punch|p1a: Mega-Luvdisc
|-supereffective|p1a: Mega-Luvdisc
|-damage|p1a: Mega-Luvdisc|236\/534
|move|p1a: Mega-Luvdisc|Toxic|p2a: Infernape
|-status|p2a: Infernape|tox
|
|-heal|p1a: Mega-Luvdisc|269\/534|[from] item: Leftovers
|-damage|p2a: Infernape|204\/294 tox|[from] psn
|turn|33
|chat|Fursona|OYE MAMI 
|chat|Zicsor|oye papi
|
|move|p1a: Mega-Luvdisc|Protect|p1a: Mega-Luvdisc
|-singleturn|p1a: Mega-Luvdisc|Protect
|move|p2a: Infernape|Thunder Punch|p1a: Mega-Luvdisc
|-activate|p1a: Mega-Luvdisc|Protect
|
|-heal|p1a: Mega-Luvdisc|302\/534|[from] item: Leftovers
|-damage|p2a: Infernape|168\/294 tox|[from] psn
|turn|34
|
|move|p2a: Infernape|Thunder Punch|p1a: Mega-Luvdisc
|-supereffective|p1a: Mega-Luvdisc
|-damage|p1a: Mega-Luvdisc|158\/534
|-status|p1a: Mega-Luvdisc|par
|move|p1a: Mega-Luvdisc|Wish|p1a: Mega-Luvdisc
|
|-heal|p1a: Mega-Luvdisc|191\/534 par|[from] item: Leftovers
|-damage|p2a: Infernape|114\/294 tox|[from] psn
|turn|35
|chat|Fursona|QUIERE QUE LE CHUPE LOS PIES
|chat|Zicsor|quiero tu lechita
|chat|Fursona|OH POR DIOS ESTOY TAN CALIENTE
|chat|Zicsor|siiiiiii
|
|switch|p1a: STEEEEEEEEEEEEEEEE|Steelix, F|243\/268
|-damage|p1a: STEEEEEEEEEEEEEEEE|235\/268|[from] Stealth Rock
|move|p2a: Infernape|Thunder Punch|p1a: STEEEEEEEEEEEEEEEE
|-immune|p1a: STEEEEEEEEEEEEEEEE|[msg]
|
|-heal|p1a: STEEEEEEEEEEEEEEEE|268\/268|[from] move: Wish|[wisher] Mega-Luvdisc
|-damage|p2a: Infernape|42\/294 tox|[from] psn
|turn|36
|
|switch|p2a: Raikou|Raikou|242\/322
|-damage|p2a: Raikou|202\/322|[from] Stealth Rock
|-ability|p2a: Raikou|Pressure
|switch|p1a: Mega-Luvdisc|Alomomola, F|369\/534 par
|-damage|p1a: Mega-Luvdisc|303\/534 par|[from] Stealth Rock
|
|-heal|p1a: Mega-Luvdisc|336\/534 par|[from] item: Leftovers
|turn|37
|
|move|p1a: Mega-Luvdisc|Protect|p1a: Mega-Luvdisc
|-singleturn|p1a: Mega-Luvdisc|Protect
|move|p2a: Raikou|Hidden Power|p1a: Mega-Luvdisc
|-activate|p1a: Mega-Luvdisc|Protect
|
|-heal|p1a: Mega-Luvdisc|369\/534 par|[from] item: Leftovers
|turn|38
|chat|Rhayader|lol
|
|switch|p2a: Infernape|Infernape, M|42\/294 tox
|-damage|p2a: Infernape|6\/294 tox|[from] Stealth Rock
|move|p1a: Mega-Luvdisc|Toxic|p2a: Infernape
|-fail|p2a: Infernape|tox
|
|-heal|p1a: Mega-Luvdisc|402\/534 par|[from] item: Leftovers
|-damage|p2a: Infernape|0 fnt|[from] psn
|faint|p2a: Infernape
|chat|Fursona|\/me ABUSA VIOLENTAMENTE DE ZICSOR
|chat|Zicsor|ojala
|
|switch|p2a: Raikou|Raikou|202\/322
|-damage|p2a: Raikou|162\/322|[from] Stealth Rock
|-ability|p2a: Raikou|Pressure
|turn|39
|
|move|p1a: Mega-Luvdisc|Protect|p1a: Mega-Luvdisc
|-singleturn|p1a: Mega-Luvdisc|Protect
|move|p2a: Raikou|Extrasensory|p1a: Mega-Luvdisc
|-activate|p1a: Mega-Luvdisc|Protect
|
|-heal|p1a: Mega-Luvdisc|435\/534 par|[from] item: Leftovers
|turn|40
|chat|Zicsor|rhayader puto juegas cerdo ehh
|chat|Fursona|rekt
|chat|Zicsor|5 walls
|chat|Rhayader|>implying steelix is a wall
|chat|Rhayader|what is he saying anyway
|chat|Fursona|he is saying that you play dirty
|chat|Zicsor|como un payaso vamos
|chat|Fursona|also he called you a poopyhead
|chat|Rhayader|thats not nice
|chat|Zicsor|k no sabe atacar
|
|move|p2a: Raikou|Extrasensory|p1a: Mega-Luvdisc
|-damage|p1a: Mega-Luvdisc|268\/534 par
|move|p1a: Mega-Luvdisc|Toxic|p2a: Raikou
|-status|p2a: Raikou|tox
|
|-heal|p1a: Mega-Luvdisc|301\/534 par|[from] item: Leftovers
|-damage|p2a: Raikou|142\/322 tox|[from] psn
|turn|41
|
|move|p2a: Raikou|Extrasensory|p1a: Mega-Luvdisc
|-damage|p1a: Mega-Luvdisc|150\/534 par
|cant|p1a: Mega-Luvdisc|par
|
|-heal|p1a: Mega-Luvdisc|183\/534 par|[from] item: Leftovers
|-damage|p2a: Raikou|102\/322 tox|[from] psn
|turn|42
|chat|Fursona|you dont know how to attack
|chat|Fursona|lel
|chat|Rhayader|>implying
|chat|Zicsor|muerase
|
|switch|p1a: super meta|Sylveon, F|80\/394
|-damage|p1a: super meta|31\/394|[from] Stealth Rock
|move|p2a: Raikou|Extrasensory|p1a: super meta
|-crit|p1a: super meta
|-damage|p1a: super meta|0 fnt
|faint|p1a: super meta
|
|-damage|p2a: Raikou|42\/322 tox|[from] psn
|chat|Zicsor|putia
|chat|Fursona|die
|chat|Rhayader|what language is that
|chat|Fursona|spanish
|chat|Rhayader|its not spanish
|chat|Rhayader|oh
|chat|Rhayader|lol
|chat|Zicsor|dehduicef aleman
|chat|Fursona|Zicsor de donde sos?
|chat|Zicsor|nazi
|chat|Fursona|LEL
|chat|Zicsor|hu8yi
|chat|Zicsor|vfvfhf
|chat|Zicsor|wfebvj
|chat|Zicsor|vr
|chat|Zicsor|nazi
|chat|Fursona|okay
|
|switch|p1a: FUCK YOU CHANSEY|Medicham, F|261\/261
|-damage|p1a: FUCK YOU CHANSEY|245\/261|[from] Stealth Rock
|turn|43
|
|detailschange|p1a: FUCK YOU CHANSEY|Medicham-Mega, F
|message|Medicham has Mega Evolved into Mega Medicham!
|move|p1a: FUCK YOU CHANSEY|Fake Out|p2a: Raikou
|-damage|p2a: Raikou|0 fnt
|faint|p2a: Raikou
|
|
|switch|p2a: Tenazas|Scizor, M|176\/281
|-damage|p2a: Tenazas|141\/281|[from] Stealth Rock
|turn|44
|chat|Fursona|he thinks we are speaking nazi
|chat|Fursona|lel
|
|move|p2a: Tenazas|Bullet Punch|p1a: FUCK YOU CHANSEY
|-damage|p1a: FUCK YOU CHANSEY|26\/261
|move|p1a: FUCK YOU CHANSEY|Fire Punch|p2a: Tenazas
|-supereffective|p2a: Tenazas
|-damage|p2a: Tenazas|0 fnt
|faint|p2a: Tenazas
|
|win|Rhayader
|raw|Ladder updating...
|raw|Rhayader's rating: 1483 &rarr; <strong>1498<\/strong><br \/>(+15 for winning)
|raw|Zicsor's rating: 1396 &rarr; <strong>1381<\/strong><br \/>(-15 for losing)
|chat|Zicsor|noooo
|chat|Fursona|rip
|chat|Rhayader|also fursona
|chat|Zicsor|rhayader are a pig
|chat|Fursona|rekt
|chat|Rhayader|he "wtf"ed
|chat|Zicsor|5 walls
|chat|Zicsor|k pena das
|chat|Rhayader|when i staying on his scizor with a sturdy steelix
|chat|Rhayader|so i dunno
|chat|Rhayader|oh
|chat|Zicsor|tu eres basura
|chat|Rhayader|infernape
|chat|Zicsor|pirate
|chat|Zicsor|k pasa puta
|chat|Zicsor|K NO SABES
|chat|Rhayader|zicsor just run a wallbreaker
|leave|Zicsor
|player|p2
|chat|Fursona|okay
|chat|Rhayader|also you have 3 walls
|chat|Rhayader|:(
|leave|Fursona