|join|LT1A VadeGaming
|join|Rhayader
|player|p1|LT1A VadeGaming|290
|player|p2|Rhayader|40
|gametype|singles
|gen|6
|tier|OU
|rated
|clearpoke
|poke|p1|Medicham, M
|poke|p1|Heatran, M
|poke|p1|Thundurus, M
|poke|p1|Keldeo
|poke|p1|Gliscor, F
|poke|p1|Scizor, M
|poke|p2|Steelix, M
|poke|p2|Porygon2
|poke|p2|Medicham, M
|poke|p2|Sylveon, M
|poke|p2|Alomomola, M
|poke|p2|Rotom-Heat
|rule|Swagger Clause: Swagger is banned
|rule|Baton Pass Clause: Limit one PokÃ©mon knowing Baton Pass
|rule|Sleep Clause Mod: Limit one foe put to sleep
|rule|Species Clause: Limit one of each PokÃ©mon
|rule|OHKO Clause: OHKO moves are banned
|rule|Moody Clause: Moody is banned
|rule|Evasion Moves Clause: Evasion moves are banned
|rule|Endless Battle Clause: Forcing endless battles is banned
|rule|HP Percentage Mod: HP is shown in percentages
|teampreview
|
|start
|switch|p1a: Medicham|Medicham, M|261\/261
|switch|p2a: ghost oven|Rotom-Heat|279\/279
|turn|1
|
|detailschange|p1a: Medicham|Medicham-Mega, M
|message|Medicham has Mega Evolved into Mega Medicham!
|move|p1a: Medicham|Fake Out|p2a: ghost oven
|-damage|p2a: ghost oven|202\/279
|cant|p2a: ghost oven|flinch
|
|turn|2
|
|switch|p1a: Gliscor|Gliscor, F|354\/354
|move|p2a: ghost oven|Volt Switch|p1a: Gliscor
|-immune|p1a: Gliscor|[msg]
|
|-status|p1a: Gliscor|tox|[from] item: Toxic Orb
|turn|3
|
|switch|p2a: best ducke|Porygon2|374\/374
|-ability|p2a: best ducke|Poison Heal|[from] ability: Trace|[of] p1a: Gliscor
|move|p1a: Gliscor|Toxic|p2a: best ducke|[miss]
|-miss|p1a: Gliscor|p2a: best ducke
|
|turn|4
|
|move|p1a: Gliscor|Knock Off|p2a: best ducke
|-damage|p2a: best ducke|321\/374
|-enditem|p2a: best ducke|Eviolite|[from] move: Knock Off|[of] p1a: Gliscor
|move|p2a: best ducke|Thunderbolt|p1a: Gliscor
|-immune|p1a: Gliscor|[msg]
|
|turn|5
|
|move|p1a: Gliscor|Toxic|p2a: best ducke
|-status|p2a: best ducke|tox
|move|p2a: best ducke|Thunderbolt|p1a: Gliscor
|-immune|p1a: Gliscor|[msg]
|
|-heal|p2a: best ducke|367\/374 tox|[from] ability: Poison Heal
|turn|6
|
|switch|p1a: Medicham|Medicham-Mega, M|261\/261
|move|p2a: best ducke|Thunderbolt|p1a: Medicham
|-damage|p1a: Medicham|183\/261
|
|-heal|p2a: best ducke|374\/374 tox|[from] ability: Poison Heal
|turn|7
|
|switch|p2a: Mega-Luvdisc|Alomomola, M|534\/534
|move|p1a: Medicham|High Jump Kick|p2a: Mega-Luvdisc|[miss]
|-miss|p1a: Medicham|p2a: Mega-Luvdisc
|-damage|p1a: Medicham|53\/261|[from] highjumpkick
|
|turn|8
|
|move|p2a: Mega-Luvdisc|Protect|p2a: Mega-Luvdisc
|-singleturn|p2a: Mega-Luvdisc|Protect
|move|p1a: Medicham|High Jump Kick|p2a: Mega-Luvdisc
|-activate|p2a: Mega-Luvdisc|Protect
|-damage|p1a: Medicham|0 fnt|[from] highjumpkick
|faint|p1a: Medicham
|
|
|switch|p1a: Thundurus|Thundurus, M|298\/298
|turn|9
|
|switch|p2a: STEEEEEEEEEEEEEEEE|Steelix, M|268\/268
|move|p1a: Thundurus|Thunderbolt|p2a: STEEEEEEEEEEEEEEEE
|-immune|p2a: STEEEEEEEEEEEEEEEE|[msg]
|
|turn|10
|
|switch|p1a: Keldeo|Keldeo|323\/323
|move|p2a: STEEEEEEEEEEEEEEEE|Stealth Rock|p1a: Keldeo
|-sidestart|p1: LT1A VadeGaming|move: Stealth Rock
|
|turn|11
|
|switch|p2a: Mega-Luvdisc|Alomomola, M|534\/534
|move|p1a: Keldeo|Scald|p2a: Mega-Luvdisc
|-resisted|p2a: Mega-Luvdisc
|-damage|p2a: Mega-Luvdisc|393\/534
|
|-heal|p2a: Mega-Luvdisc|426\/534|[from] item: Leftovers
|turn|12
|
|move|p1a: Keldeo|Scald|p2a: Mega-Luvdisc
|-resisted|p2a: Mega-Luvdisc
|-damage|p2a: Mega-Luvdisc|272\/534
|move|p2a: Mega-Luvdisc|Wish|p2a: Mega-Luvdisc
|
|-heal|p2a: Mega-Luvdisc|305\/534|[from] item: Leftovers
|turn|13
|
|move|p1a: Keldeo|Scald|p2a: Mega-Luvdisc
|-resisted|p2a: Mega-Luvdisc
|-damage|p2a: Mega-Luvdisc|173\/534
|-status|p2a: Mega-Luvdisc|brn
|move|p2a: Mega-Luvdisc|Toxic|p1a: Keldeo
|-status|p1a: Keldeo|tox
|
|-heal|p2a: Mega-Luvdisc|440\/534 brn|[from] move: Wish|[wisher] Mega-Luvdisc
|-heal|p2a: Mega-Luvdisc|473\/534 brn|[from] item: Leftovers
|-damage|p1a: Keldeo|303\/323 tox|[from] psn
|-damage|p2a: Mega-Luvdisc|407\/534 brn|[from] brn
|turn|14
|
|switch|p1a: Scizor|Scizor, M|344\/344
|-damage|p1a: Scizor|301\/344|[from] Stealth Rock
|move|p2a: Mega-Luvdisc|Wish|p2a: Mega-Luvdisc
|
|-heal|p2a: Mega-Luvdisc|440\/534 brn|[from] item: Leftovers
|-damage|p2a: Mega-Luvdisc|374\/534 brn|[from] brn
|turn|15
|
|switch|p2a: ghost oven|Rotom-Heat|202\/279
|move|p1a: Scizor|U-turn|p2a: ghost oven
|-resisted|p2a: ghost oven
|-damage|p2a: ghost oven|100\/279
|
|switch|p1a: Keldeo|Keldeo|303\/323 tox
|-damage|p1a: Keldeo|283\/323 tox|[from] Stealth Rock
|
|-heal|p2a: ghost oven|279\/279|[from] move: Wish|[wisher] Mega-Luvdisc
|-damage|p1a: Keldeo|263\/323 tox|[from] psn
|turn|16
|
|move|p1a: Keldeo|Hydro Pump|p2a: ghost oven
|-supereffective|p2a: ghost oven
|-damage|p2a: ghost oven|0 fnt
|faint|p2a: ghost oven
|
|-damage|p1a: Keldeo|223\/323 tox|[from] psn
|
|switch|p2a: super meta|Sylveon, M|394\/394
|turn|17
|
|switch|p1a: Scizor|Scizor, M|301\/344
|-damage|p1a: Scizor|258\/344|[from] Stealth Rock
|move|p2a: super meta|Heal Bell|p2a: super meta
|-cureteam|p2a: super meta|[from] move: HealBell
|
|turn|18
|
|switch|p2a: Mega-Luvdisc|Alomomola, M|534\/534
|move|p1a: Scizor|U-turn|p2a: Mega-Luvdisc
|-damage|p2a: Mega-Luvdisc|371\/534
|
|switch|p1a: Thundurus|Thundurus, M|298\/298
|-damage|p1a: Thundurus|224\/298|[from] Stealth Rock
|
|-heal|p2a: Mega-Luvdisc|404\/534|[from] item: Leftovers
|turn|19
|
|switch|p1a: Heatran|Heatran, M|386\/386
|-damage|p1a: Heatran|338\/386|[from] Stealth Rock
|move|p2a: Mega-Luvdisc|Protect|p2a: Mega-Luvdisc
|-fail|p2a: Mega-Luvdisc
|
|-heal|p1a: Heatran|362\/386|[from] item: Leftovers
|-heal|p2a: Mega-Luvdisc|437\/534|[from] item: Leftovers
|turn|20
|
|move|p1a: Heatran|Toxic|p2a: Mega-Luvdisc
|-status|p2a: Mega-Luvdisc|tox
|move|p2a: Mega-Luvdisc|Soak|p1a: Heatran
|-start|p1a: Heatran|typechange|Water
|
|-heal|p1a: Heatran|386\/386|[from] item: Leftovers
|-heal|p2a: Mega-Luvdisc|470\/534 tox|[from] item: Leftovers
|-damage|p2a: Mega-Luvdisc|437\/534 tox|[from] psn
|turn|21
|
|switch|p1a: Scizor|Scizor, M|258\/344
|-damage|p1a: Scizor|215\/344|[from] Stealth Rock
|move|p2a: Mega-Luvdisc|Toxic|p1a: Scizor
|-fail|p1a: Scizor
|
|-heal|p2a: Mega-Luvdisc|470\/534 tox|[from] item: Leftovers
|-damage|p2a: Mega-Luvdisc|404\/534 tox|[from] psn
|turn|22
|
|move|p1a: Scizor|Defog|p2a: Mega-Luvdisc
|-unboost|p2a: Mega-Luvdisc|evasion|1
|-sideend|p1: LT1A VadeGaming|Stealth Rock|[from] move: Defog|[of] p1a: Scizor
|move|p2a: Mega-Luvdisc|Wish|p2a: Mega-Luvdisc
|
|-heal|p2a: Mega-Luvdisc|437\/534 tox|[from] item: Leftovers
|-damage|p2a: Mega-Luvdisc|338\/534 tox|[from] psn
|turn|23
|
|switch|p1a: Thundurus|Thundurus, M|224\/298
|switch|p2a: STEEEEEEEEEEEEEEEE|Steelix, M|268\/268
|
|turn|24
|
|move|p1a: Thundurus|Taunt|p2a: STEEEEEEEEEEEEEEEE
|-start|p2a: STEEEEEEEEEEEEEEEE|move: Taunt
|cant|p2a: STEEEEEEEEEEEEEEEE|move: Taunt|Stealth Rock
|
|turn|25
|
|switch|p1a: Gliscor|Gliscor, F|354\/354 tox
|switch|p2a: best ducke|Porygon2|374\/374
|-ability|p2a: best ducke|Poison Heal|[from] ability: Trace|[of] p1a: Gliscor
|
|turn|26
|
|move|p1a: Gliscor|Earthquake|p2a: best ducke
|-damage|p2a: best ducke|250\/374
|move|p2a: best ducke|Ice Beam|p1a: Gliscor
|-supereffective|p1a: Gliscor
|-damage|p1a: Gliscor|0 fnt
|faint|p1a: Gliscor
|
|
|switch|p1a: Keldeo|Keldeo|223\/323 tox
|turn|27
|
|switch|p1a: Thundurus|Thundurus, M|224\/298
|switch|p2a: super meta|Sylveon, M|394\/394
|
|turn|28
|
|move|p1a: Thundurus|Taunt|p2a: super meta
|-start|p2a: super meta|move: Taunt
|cant|p2a: super meta|move: Taunt|Heal Bell
|
|turn|29
|-message|LT1A VadeGaming forfeited.
|
|win|Rhayader
|raw|Ladder updating...
|leave|LT1A VadeGaming
|player|p1
|raw|LT1A VadeGaming's rating: 1634 &rarr; <strong>1614<\/strong><br \/>(-20 for losing)
|raw|Rhayader's rating: 1624 &rarr; <strong>1645<\/strong><br \/>(+21 for winning)