|join|Haxxhatred
|join|Rhayader
|player|p1|Haxxhatred|266
|player|p2|Rhayader|#showtan
|gametype|singles
|gen|6
|tier|OU
|rated
|clearpoke
|poke|p1|Crawdaunt, F
|poke|p1|Krookodile, F
|poke|p1|Weavile, F
|poke|p1|Gardevoir, M
|poke|p1|Heatran, F
|poke|p1|Togekiss, M
|poke|p2|Steelix, F
|poke|p2|Porygon2
|poke|p2|Medicham, F
|poke|p2|Sylveon, F
|poke|p2|Alomomola, M
|poke|p2|Chandelure, F
|rule|Swagger Clause: Swagger is banned
|rule|Baton Pass Clause: Limit one PokÃ©mon knowing Baton Pass
|rule|Sleep Clause Mod: Limit one foe put to sleep
|rule|Species Clause: Limit one of each PokÃ©mon
|rule|OHKO Clause: OHKO moves are banned
|rule|Moody Clause: Moody is banned
|rule|Evasion Moves Clause: Evasion moves are banned
|rule|Endless Battle Clause: Forcing endless battles is banned
|rule|HP Percentage Mod: HP is reported as percentages
|teampreview
|
|start
|switch|p1a: Krookodile|Krookodile, F|352\/352
|switch|p2a: STEEEEEEEEEEEEEEEE|Steelix, F|268\/268
|-ability|p1a: Krookodile|Intimidate|[of] p2a: STEEEEEEEEEEEEEEEE
|-unboost|p2a: STEEEEEEEEEEEEEEEE|atk|1
|turn|1
|
|move|p1a: Krookodile|Taunt|p2a: STEEEEEEEEEEEEEEEE
|-start|p2a: STEEEEEEEEEEEEEEEE|move: Taunt
|cant|p2a: STEEEEEEEEEEEEEEEE|move: Taunt|Stealth Rock
|
|turn|2
|
|switch|p2a: Mega-Luvdisc|Alomomola, M|534\/534
|move|p1a: Krookodile|Knock Off|p2a: Mega-Luvdisc
|-damage|p2a: Mega-Luvdisc|373\/534
|-enditem|p2a: Mega-Luvdisc|Leftovers|[from] move: Knock Off|[of] p1a: Krookodile
|-damage|p1a: Krookodile|317\/352|[from] item: Life Orb
|
|turn|3
|
|switch|p1a: Gardevoir|Gardevoir, M|323\/323
|move|p2a: Mega-Luvdisc|Toxic|p1a: Gardevoir
|-status|p1a: Gardevoir|tox
|-status|p2a: Mega-Luvdisc|tox
|
|-damage|p1a: Gardevoir|303\/323 tox|[from] psn
|-damage|p2a: Mega-Luvdisc|340\/534 tox|[from] psn
|turn|4
|
|switch|p2a: best ducke|Porygon2|374\/374
|-ability|p2a: best ducke|Synchronize|[from] ability: Trace|[of] p1a: Gardevoir
|detailschange|p1a: Gardevoir|Gardevoir-Mega, M
|message|Gardevoir has Mega Evolved into Mega Gardevoir!
|move|p1a: Gardevoir|Psyshock|p2a: best ducke
|-damage|p2a: best ducke|259\/374
|
|-damage|p1a: Gardevoir|263\/323 tox|[from] psn
|turn|5
|
|move|p1a: Gardevoir|Taunt|p2a: best ducke
|-start|p2a: best ducke|move: Taunt
|cant|p2a: best ducke|move: Taunt|Recover
|
|-damage|p1a: Gardevoir|203\/323 tox|[from] psn
|turn|6
|
|switch|p1a: Heatran|Heatran, F|334\/334
|move|p2a: best ducke|Thunderbolt|p1a: Heatran
|-crit|p1a: Heatran
|-damage|p1a: Heatran|220\/334
|
|turn|7
|
|switch|p2a: nice sub m8|Chandelure, F|261\/261
|move|p1a: Heatran|Stealth Rock|p2a: nice sub m8
|-sidestart|p2: Rhayader|move: Stealth Rock
|
|turn|8
|
|switch|p1a: Togekiss|Togekiss, M|321\/321
|move|p2a: nice sub m8|Energy Ball|p1a: Togekiss
|-resisted|p1a: Togekiss
|-damage|p1a: Togekiss|269\/321
|-unboost|p1a: Togekiss|spd|1
|
|turn|9
|
|switch|p2a: super meta|Sylveon, F|394\/394
|-damage|p2a: super meta|345\/394|[from] Stealth Rock
|switch|p1a: Crawdaunt|Crawdaunt, F|305\/305
|
|-heal|p2a: super meta|369\/394|[from] item: Leftovers
|turn|10
|
|move|p1a: Crawdaunt|Crabhammer|p2a: super meta
|-damage|p2a: super meta|99\/394
|-damage|p1a: Crawdaunt|275\/305|[from] item: Life Orb
|move|p2a: super meta|Heal Bell|p2a: super meta
|-cureteam|p2a: super meta|[from] move: HealBell
|
|-heal|p2a: super meta|123\/394|[from] item: Leftovers
|turn|11
|
|switch|p2a: Mega-Luvdisc|Alomomola, M|518\/534
|-damage|p2a: Mega-Luvdisc|452\/534|[from] Stealth Rock
|move|p1a: Crawdaunt|Knock Off|p2a: Mega-Luvdisc
|-damage|p2a: Mega-Luvdisc|283\/534
|-damage|p1a: Crawdaunt|245\/305|[from] item: Life Orb
|
|turn|12
|
|move|p1a: Crawdaunt|Taunt|p2a: Mega-Luvdisc
|-start|p2a: Mega-Luvdisc|move: Taunt
|cant|p2a: Mega-Luvdisc|move: Taunt|Wish
|
|turn|13
|chat|Rhayader|taunt on everything lol
|
|switch|p1a: Togekiss|Togekiss, M|269\/321
|switch|p2a: super meta|Sylveon, F|123\/394
|-damage|p2a: super meta|74\/394|[from] Stealth Rock
|
|-heal|p2a: super meta|98\/394|[from] item: Leftovers
|turn|14
|
|switch|p2a: STEEEEEEEEEEEEEEEE|Steelix, F|268\/268
|-damage|p2a: STEEEEEEEEEEEEEEEE|260\/268|[from] Stealth Rock
|move|p1a: Togekiss|Trick|p2a: STEEEEEEEEEEEEEEEE
|-activate|p1a: Togekiss|move: Trick|[of] p2a: STEEEEEEEEEEEEEEEE
|-item|p2a: STEEEEEEEEEEEEEEEE|Choice Scarf|[from] move: Trick
|-item|p1a: Togekiss|Leftovers|[from] move: Trick
|
|-heal|p1a: Togekiss|289\/321|[from] item: Leftovers
|turn|15
|
|move|p1a: Togekiss|Air Slash|p2a: STEEEEEEEEEEEEEEEE
|-resisted|p2a: STEEEEEEEEEEEEEEEE
|-damage|p2a: STEEEEEEEEEEEEEEEE|192\/268
|move|p2a: STEEEEEEEEEEEEEEEE|Stealth Rock|p1a: Togekiss
|-sidestart|p1: Haxxhatred|move: Stealth Rock
|
|-heal|p1a: Togekiss|309\/321|[from] item: Leftovers
|turn|16
|
|switch|p2a: best ducke|Porygon2|259\/374
|-damage|p2a: best ducke|213\/374|[from] Stealth Rock
|-ability|p2a: best ducke|Serene Grace|[from] ability: Trace|[of] p1a: Togekiss
|move|p1a: Togekiss|Defog|p2a: best ducke
|-unboost|p2a: best ducke|evasion|1
|-sideend|p2: Rhayader|Stealth Rock|[from] move: Defog|[of] p2a: best ducke
|-sideend|p1: Haxxhatred|Stealth Rock|[from] move: Defog|[of] p1a: Togekiss
|
|-heal|p1a: Togekiss|321\/321|[from] item: Leftovers
|turn|17
|
|switch|p1a: Krookodile|Krookodile, F|317\/352
|-ability|p1a: Krookodile|Intimidate|[of] p2a: best ducke
|-unboost|p2a: best ducke|atk|1
|move|p2a: best ducke|Thunder Wave|p1a: Krookodile
|-immune|p1a: Krookodile|[msg]
|
|turn|18
|
|move|p1a: Krookodile|Pursuit|p2a: best ducke
|-damage|p2a: best ducke|149\/374
|-damage|p1a: Krookodile|282\/352|[from] item: Life Orb
|move|p2a: best ducke|Ice Beam|p1a: Krookodile
|-supereffective|p1a: Krookodile
|-damage|p1a: Krookodile|96\/352
|-status|p1a: Krookodile|frz
|
|turn|19
|
|-curestatus|p1a: Krookodile|frz
|move|p1a: Krookodile|Knock Off|p2a: best ducke
|-damage|p2a: best ducke|0 fnt
|-enditem|p2a: best ducke|Eviolite|[from] move: Knock Off|[of] p1a: Krookodile
|-damage|p1a: Krookodile|61\/352|[from] item: Life Orb
|faint|p2a: best ducke
|
|
|switch|p2a: FUCK YOU CHANSEY|Medicham, F|261\/261
|turn|20
|
|detailschange|p2a: FUCK YOU CHANSEY|Medicham-Mega, F
|message|Medicham has Mega Evolved into Mega Medicham!
|move|p2a: FUCK YOU CHANSEY|Fake Out|p1a: Krookodile
|-damage|p1a: Krookodile|0 fnt
|faint|p1a: Krookodile
|
|
|switch|p1a: Togekiss|Togekiss, M|321\/321
|turn|21
|
|switch|p2a: STEEEEEEEEEEEEEEEE|Steelix, F|192\/268
|move|p1a: Togekiss|Air Slash|p2a: STEEEEEEEEEEEEEEEE
|-resisted|p2a: STEEEEEEEEEEEEEEEE
|-damage|p2a: STEEEEEEEEEEEEEEEE|133\/268
|
|turn|22
|
|switch|p1a: Heatran|Heatran, F|220\/334
|move|p2a: STEEEEEEEEEEEEEEEE|Gyro Ball|p1a: Heatran
|-resisted|p1a: Heatran
|-damage|p1a: Heatran|200\/334
|
|turn|23
|
|switch|p2a: nice sub m8|Chandelure, F|261\/261
|move|p1a: Heatran|Magma Storm|p2a: nice sub m8
|-start|p2a: nice sub m8|ability: Flash Fire
|
|turn|24
|
|move|p2a: nice sub m8|Shadow Ball|p1a: Heatran
|-damage|p1a: Heatran|65\/334
|move|p1a: Heatran|Stealth Rock|p2a: nice sub m8
|-sidestart|p2: Rhayader|move: Stealth Rock
|
|turn|25
|
|switch|p1a: Weavile|Weavile, F|302\/302
|-ability|p1a: Weavile|Pressure
|move|p2a: nice sub m8|Shadow Ball|p1a: Weavile
|-resisted|p1a: Weavile
|-damage|p1a: Weavile|213\/302
|
|turn|26
|
|switch|p2a: Mega-Luvdisc|Alomomola, M|461\/534
|-damage|p2a: Mega-Luvdisc|395\/534|[from] Stealth Rock
|switch|p1a: Gardevoir|Gardevoir-Mega, M|203\/323 tox
|
|-damage|p1a: Gardevoir|183\/323 tox|[from] psn
|turn|27
|
|move|p2a: Mega-Luvdisc|Protect|p2a: Mega-Luvdisc
|-singleturn|p2a: Mega-Luvdisc|Protect
|move|p1a: Gardevoir|Moonblast|p2a: Mega-Luvdisc
|-activate|p2a: Mega-Luvdisc|Protect
|
|-damage|p1a: Gardevoir|143\/323 tox|[from] psn
|turn|28
|
|switch|p2a: super meta|Sylveon, F|98\/394
|-damage|p2a: super meta|49\/394|[from] Stealth Rock
|move|p1a: Gardevoir|Moonblast|p2a: super meta
|-damage|p2a: super meta|0 fnt
|faint|p2a: super meta
|
|-damage|p1a: Gardevoir|83\/323 tox|[from] psn
|
|switch|p2a: FUCK YOU CHANSEY|Medicham-Mega, F|261\/261
|-damage|p2a: FUCK YOU CHANSEY|245\/261|[from] Stealth Rock
|turn|29
|
|switch|p1a: Heatran|Heatran, F|65\/334
|move|p2a: FUCK YOU CHANSEY|Fake Out|p1a: Heatran
|-resisted|p1a: Heatran
|-damage|p1a: Heatran|25\/334
|
|turn|30
|
|move|p2a: FUCK YOU CHANSEY|Zen Headbutt|p1a: Heatran
|-resisted|p1a: Heatran
|-damage|p1a: Heatran|0 fnt
|faint|p1a: Heatran
|
|
|switch|p1a: Togekiss|Togekiss, M|321\/321
|turn|31
|
|switch|p2a: STEEEEEEEEEEEEEEEE|Steelix, F|133\/268
|-damage|p2a: STEEEEEEEEEEEEEEEE|125\/268|[from] Stealth Rock
|move|p1a: Togekiss|Air Slash|p2a: STEEEEEEEEEEEEEEEE
|-resisted|p2a: STEEEEEEEEEEEEEEEE
|-damage|p2a: STEEEEEEEEEEEEEEEE|59\/268
|
|turn|32
|
|move|p1a: Togekiss|Dazzling Gleam|p2a: STEEEEEEEEEEEEEEEE
|-resisted|p2a: STEEEEEEEEEEEEEEEE
|-damage|p2a: STEEEEEEEEEEEEEEEE|0 fnt
|faint|p2a: STEEEEEEEEEEEEEEEE
|
|
|switch|p2a: FUCK YOU CHANSEY|Medicham-Mega, F|245\/261
|-damage|p2a: FUCK YOU CHANSEY|229\/261|[from] Stealth Rock
|turn|33
|
|move|p2a: FUCK YOU CHANSEY|Fake Out|p1a: Togekiss
|-damage|p1a: Togekiss|245\/321
|cant|p1a: Togekiss|flinch
|
|-heal|p1a: Togekiss|265\/321|[from] item: Leftovers
|turn|34
|
|move|p2a: FUCK YOU CHANSEY|Zen Headbutt|p1a: Togekiss
|-damage|p1a: Togekiss|30\/321
|move|p1a: Togekiss|Dazzling Gleam|p2a: FUCK YOU CHANSEY
|-supereffective|p2a: FUCK YOU CHANSEY
|-damage|p2a: FUCK YOU CHANSEY|0 fnt
|faint|p2a: FUCK YOU CHANSEY
|
|-heal|p1a: Togekiss|50\/321|[from] item: Leftovers
|
|switch|p2a: nice sub m8|Chandelure, F|261\/261
|-damage|p2a: nice sub m8|196\/261|[from] Stealth Rock
|turn|35
|
|move|p2a: nice sub m8|Fire Blast|p1a: Togekiss
|-damage|p1a: Togekiss|0 fnt
|faint|p1a: Togekiss
|
|
|switch|p1a: Crawdaunt|Crawdaunt, F|245\/305
|turn|36
|
|switch|p2a: Mega-Luvdisc|Alomomola, M|534\/534
|-damage|p2a: Mega-Luvdisc|468\/534|[from] Stealth Rock
|move|p1a: Crawdaunt|Knock Off|p2a: Mega-Luvdisc
|-damage|p2a: Mega-Luvdisc|315\/534
|-damage|p1a: Crawdaunt|215\/305|[from] item: Life Orb
|
|turn|37
|
|move|p1a: Crawdaunt|Taunt|p2a: Mega-Luvdisc
|-start|p2a: Mega-Luvdisc|move: Taunt
|cant|p2a: Mega-Luvdisc|move: Taunt|Wish
|
|turn|38
|
|move|p1a: Crawdaunt|Knock Off|p2a: Mega-Luvdisc
|-damage|p2a: Mega-Luvdisc|156\/534
|-damage|p1a: Crawdaunt|185\/305|[from] item: Life Orb
|-activate|p2a: Mega-Luvdisc|move: Struggle
|move|p2a: Mega-Luvdisc|Struggle|p1a: Crawdaunt
|-damage|p1a: Crawdaunt|157\/305
|-damage|p2a: Mega-Luvdisc|23\/534
|
|turn|39
|
|move|p1a: Crawdaunt|Knock Off|p2a: Mega-Luvdisc
|-damage|p2a: Mega-Luvdisc|0 fnt
|-damage|p1a: Crawdaunt|127\/305|[from] item: Life Orb
|faint|p2a: Mega-Luvdisc
|
|
|switch|p2a: nice sub m8|Chandelure, F|196\/261
|-damage|p2a: nice sub m8|131\/261|[from] Stealth Rock
|turn|40
|
|move|p1a: Crawdaunt|Aqua Jet|p2a: nice sub m8
|-supereffective|p2a: nice sub m8
|-damage|p2a: nice sub m8|0 fnt
|-damage|p1a: Crawdaunt|97\/305|[from] item: Life Orb
|faint|p2a: nice sub m8
|
|win|Haxxhatred
|raw|Ladder updating...
|raw|Haxxhatred's rating: 1446 &rarr; <strong>1469<\/strong><br \/>(+23 for winning)
|raw|Rhayader's rating: 1500 &rarr; <strong>1482<\/strong><br \/>(-18 for losing)
|leave|Rhayader
|player|p2