|join|LT3A MattyBrollic
|join|Rhayader
|player|p1|LT3A MattyBrollic|68
|player|p2|Rhayader|#showtan
|gametype|singles
|gen|6
|tier|OU
|rated
|clearpoke
|poke|p1|Greninja, M
|poke|p1|Garchomp, F
|poke|p1|Manectric, M
|poke|p1|Bisharp, M
|poke|p1|Azumarill, M
|poke|p1|Landorus-Therian, M
|poke|p2|Steelix, M
|poke|p2|Porygon2
|poke|p2|Medicham, M
|poke|p2|Sylveon, M
|poke|p2|Alomomola, M
|poke|p2|Rotom-Heat
|rule|Swagger Clause: Swagger is banned
|rule|Baton Pass Clause: Limit one PokÃ©mon knowing Baton Pass
|rule|Sleep Clause Mod: Limit one foe put to sleep
|rule|Species Clause: Limit one of each PokÃ©mon
|rule|OHKO Clause: OHKO moves are banned
|rule|Moody Clause: Moody is banned
|rule|Evasion Moves Clause: Evasion moves are banned
|rule|Endless Battle Clause: Forcing endless battles is banned
|rule|HP Percentage Mod: HP is shown in percentages
|teampreview
|
|start
|switch|p1a: Garchomp|Garchomp, F|357\/357
|switch|p2a: STEEEEEEEEEEEEEEEE|Steelix, M|268\/268
|turn|1
|
|move|p1a: Garchomp|Swords Dance|p1a: Garchomp
|-boost|p1a: Garchomp|atk|2
|move|p2a: STEEEEEEEEEEEEEEEE|Stealth Rock|p1a: Garchomp
|-sidestart|p1: LT3A MattyBrollic|move: Stealth Rock
|
|turn|2
|
|move|p1a: Garchomp|Earthquake|p2a: STEEEEEEEEEEEEEEEE
|-supereffective|p2a: STEEEEEEEEEEEEEEEE
|-activate|p2a: STEEEEEEEEEEEEEEEE|Sturdy
|-damage|p2a: STEEEEEEEEEEEEEEEE|1\/268
|move|p2a: STEEEEEEEEEEEEEEEE|Roar|p1a: Garchomp
|drag|p1a: Bisharp|Bisharp, M|271\/271
|-damage|p1a: Bisharp|255\/271|[from] Stealth Rock
|
|-heal|p2a: STEEEEEEEEEEEEEEEE|17\/268|[from] item: Leftovers
|turn|3
|
|switch|p2a: ghost oven|Rotom-Heat|279\/279
|move|p1a: Bisharp|Knock Off|p2a: ghost oven
|-damage|p2a: ghost oven|76\/279
|-enditem|p2a: ghost oven|Choice Scarf|[from] move: Knock Off|[of] p1a: Bisharp
|-damage|p1a: Bisharp|228\/271|[from] item: Life Orb
|
|turn|4
|
|switch|p1a: Manectric|Manectric, M|281\/281
|-damage|p1a: Manectric|246\/281|[from] Stealth Rock
|move|p2a: ghost oven|Will-O-Wisp|p1a: Manectric
|-status|p1a: Manectric|brn
|
|-damage|p1a: Manectric|211\/281 brn|[from] brn
|turn|5
|
|switch|p2a: best ducke|Porygon2|374\/374
|-ability|p2a: best ducke|Lightningrod|[from] ability: Trace|[of] p1a: Manectric
|detailschange|p1a: Manectric|Manectric-Mega, M
|message|Manectric has Mega Evolved into Mega Manectric!
|-ability|p1a: Manectric|Intimidate|[of] p2a: best ducke
|-unboost|p2a: best ducke|atk|1
|move|p1a: Manectric|Volt Switch|p2a: best ducke
|-boost|p2a: best ducke|spa|1|[from] ability: Lightningrod
|
|-damage|p1a: Manectric|176\/281 brn|[from] brn
|turn|6
|
|switch|p1a: Bisharp|Bisharp, M|228\/271
|-damage|p1a: Bisharp|212\/271|[from] Stealth Rock
|move|p2a: best ducke|Thunderbolt|p1a: Bisharp
|-damage|p1a: Bisharp|56\/271
|
|turn|7
|
|move|p1a: Bisharp|Knock Off|p2a: best ducke
|-damage|p2a: best ducke|226\/374
|-enditem|p2a: best ducke|Eviolite|[from] move: Knock Off|[of] p1a: Bisharp
|-damage|p1a: Bisharp|29\/271|[from] item: Life Orb
|move|p2a: best ducke|Thunderbolt|p1a: Bisharp
|-damage|p1a: Bisharp|0 fnt
|faint|p1a: Bisharp
|
|
|switch|p1a: Azumarill|Azumarill, M|403\/403
|-damage|p1a: Azumarill|353\/403|[from] Stealth Rock
|turn|8
|
|move|p2a: best ducke|Thunderbolt|p1a: Azumarill
|-supereffective|p1a: Azumarill
|-damage|p1a: Azumarill|161\/403
|move|p1a: Azumarill|Superpower|p2a: best ducke
|-supereffective|p2a: best ducke
|-damage|p2a: best ducke|0 fnt
|-unboost|p1a: Azumarill|atk|1
|-unboost|p1a: Azumarill|def|1
|faint|p2a: best ducke
|
|
|switch|p2a: Mega-Luvdisc|Alomomola, M|534\/534
|turn|9
|
|move|p2a: Mega-Luvdisc|Wish|p2a: Mega-Luvdisc
|move|p1a: Azumarill|Play Rough|p2a: Mega-Luvdisc|[miss]
|-miss|p1a: Azumarill|p2a: Mega-Luvdisc
|
|turn|10
|
|move|p2a: Mega-Luvdisc|Toxic|p1a: Azumarill
|-status|p1a: Azumarill|tox
|move|p1a: Azumarill|Waterfall|p2a: Mega-Luvdisc
|-resisted|p2a: Mega-Luvdisc
|-damage|p2a: Mega-Luvdisc|483\/534
|
|-heal|p2a: Mega-Luvdisc|534\/534|[from] move: Wish|[wisher] Mega-Luvdisc
|-damage|p1a: Azumarill|136\/403 tox|[from] psn
|turn|11
|
|move|p2a: Mega-Luvdisc|Wish|p2a: Mega-Luvdisc
|move|p1a: Azumarill|Play Rough|p2a: Mega-Luvdisc
|-damage|p2a: Mega-Luvdisc|419\/534
|
|-heal|p2a: Mega-Luvdisc|452\/534|[from] item: Leftovers
|-damage|p1a: Azumarill|86\/403 tox|[from] psn
|turn|12
|
|move|p2a: Mega-Luvdisc|Soak|p1a: Azumarill
|-start|p1a: Azumarill|typechange|Water
|move|p1a: Azumarill|Play Rough|p2a: Mega-Luvdisc|[miss]
|-miss|p1a: Azumarill|p2a: Mega-Luvdisc
|
|-heal|p2a: Mega-Luvdisc|534\/534|[from] move: Wish|[wisher] Mega-Luvdisc
|-damage|p1a: Azumarill|11\/403 tox|[from] psn
|turn|13
|
|move|p2a: Mega-Luvdisc|Wish|p2a: Mega-Luvdisc
|move|p1a: Azumarill|Waterfall|p2a: Mega-Luvdisc
|-resisted|p2a: Mega-Luvdisc
|-damage|p2a: Mega-Luvdisc|489\/534
|
|-heal|p2a: Mega-Luvdisc|522\/534|[from] item: Leftovers
|-damage|p1a: Azumarill|0 fnt|[from] psn
|faint|p1a: Azumarill
|
|switch|p1a: Manectric|Manectric-Mega, M|176\/281 brn
|-damage|p1a: Manectric|141\/281 brn|[from] Stealth Rock
|-ability|p1a: Manectric|Intimidate|[of] p2a: Mega-Luvdisc
|-unboost|p2a: Mega-Luvdisc|atk|1
|turn|14
|
|switch|p2a: STEEEEEEEEEEEEEEEE|Steelix, M|17\/268
|move|p1a: Manectric|Hidden Power|p2a: STEEEEEEEEEEEEEEEE
|-damage|p2a: STEEEEEEEEEEEEEEEE|0 fnt
|faint|p2a: STEEEEEEEEEEEEEEEE
|
|-damage|p1a: Manectric|106\/281 brn|[from] brn
|
|switch|p2a: super meta|Sylveon, M|394\/394
|turn|15
|
|move|p1a: Manectric|Thunderbolt|p2a: super meta
|-damage|p2a: super meta|267\/394
|move|p2a: super meta|Wish|p2a: super meta
|
|-heal|p2a: super meta|291\/394|[from] item: Leftovers
|-damage|p1a: Manectric|71\/281 brn|[from] brn
|turn|16
|
|move|p1a: Manectric|Thunderbolt|p2a: super meta
|-damage|p2a: super meta|147\/394
|move|p2a: super meta|Calm Mind|p2a: super meta
|-boost|p2a: super meta|spa|1
|-boost|p2a: super meta|spd|1
|
|-heal|p2a: super meta|344\/394|[from] move: Wish|[wisher] super meta
|-heal|p2a: super meta|368\/394|[from] item: Leftovers
|-damage|p1a: Manectric|36\/281 brn|[from] brn
|turn|17
|
|move|p1a: Manectric|Thunderbolt|p2a: super meta
|-damage|p2a: super meta|272\/394
|move|p2a: super meta|Wish|p2a: super meta
|
|-heal|p2a: super meta|296\/394|[from] item: Leftovers
|-damage|p1a: Manectric|1\/281 brn|[from] brn
|turn|18
|
|move|p1a: Manectric|Thunderbolt|p2a: super meta
|-damage|p2a: super meta|202\/394
|move|p2a: super meta|Calm Mind|p2a: super meta
|-boost|p2a: super meta|spa|1
|-boost|p2a: super meta|spd|1
|
|-heal|p2a: super meta|394\/394|[from] move: Wish|[wisher] super meta
|-damage|p1a: Manectric|0 fnt|[from] brn
|faint|p1a: Manectric
|
|switch|p1a: Landorus-Therian|Landorus-Therian, M|319\/319
|-damage|p1a: Landorus-Therian|280\/319|[from] Stealth Rock
|-ability|p1a: Landorus-Therian|Intimidate|[of] p2a: super meta
|-unboost|p2a: super meta|atk|1
|turn|19
|
|move|p1a: Landorus-Therian|Earthquake|p2a: super meta
|-damage|p2a: super meta|217\/394
|move|p2a: super meta|Hyper Voice|p1a: Landorus-Therian
|-damage|p1a: Landorus-Therian|0 fnt
|faint|p1a: Landorus-Therian
|
|-heal|p2a: super meta|241\/394|[from] item: Leftovers
|
|switch|p1a: Garchomp|Garchomp, F|357\/357
|-damage|p1a: Garchomp|335\/357|[from] Stealth Rock
|turn|20
|
|switch|p2a: Mega-Luvdisc|Alomomola, M|534\/534
|move|p1a: Garchomp|Earthquake|p2a: Mega-Luvdisc
|-damage|p2a: Mega-Luvdisc|380\/534
|
|-heal|p2a: Mega-Luvdisc|413\/534|[from] item: Leftovers
|turn|21
|
|move|p1a: Garchomp|Swords Dance|p1a: Garchomp
|-boost|p1a: Garchomp|atk|2
|move|p2a: Mega-Luvdisc|Toxic|p1a: Garchomp
|-status|p1a: Garchomp|tox
|
|-heal|p2a: Mega-Luvdisc|446\/534|[from] item: Leftovers
|-damage|p1a: Garchomp|313\/357 tox|[from] psn
|turn|22
|
|move|p1a: Garchomp|Earthquake|p2a: Mega-Luvdisc
|-damage|p2a: Mega-Luvdisc|155\/534
|move|p2a: Mega-Luvdisc|Soak|p1a: Garchomp
|-start|p1a: Garchomp|typechange|Water
|
|-heal|p2a: Mega-Luvdisc|188\/534|[from] item: Leftovers
|-damage|p1a: Garchomp|269\/357 tox|[from] psn
|turn|23
|
|switch|p2a: ghost oven|Rotom-Heat|76\/279
|move|p1a: Garchomp|Earthquake|p2a: ghost oven
|-immune|p2a: ghost oven|[msg]
|
|-damage|p1a: Garchomp|203\/357 tox|[from] psn
|turn|24
|
|move|p1a: Garchomp|Stealth Rock|p2a: ghost oven
|-sidestart|p2: Rhayader|move: Stealth Rock
|move|p2a: ghost oven|Volt Switch|p1a: Garchomp
|-supereffective|p1a: Garchomp
|-damage|p1a: Garchomp|0 fnt
|faint|p1a: Garchomp
|
|switch|p2a: super meta|Sylveon, M|241\/394
|-damage|p2a: super meta|192\/394|[from] Stealth Rock
|
|-heal|p2a: super meta|216\/394|[from] item: Leftovers
|
|switch|p1a: Greninja|Greninja, M|285\/285
|-damage|p1a: Greninja|250\/285|[from] Stealth Rock
|turn|25
|
|move|p1a: Greninja|Hydro Pump|p2a: super meta
|-start|p1a: Greninja|typechange|Water|[from] Protean
|-damage|p2a: super meta|55\/394
|-damage|p1a: Greninja|222\/285|[from] item: Life Orb
|move|p2a: super meta|Hyper Voice|p1a: Greninja
|-damage|p1a: Greninja|30\/285
|
|-heal|p2a: super meta|79\/394|[from] item: Leftovers
|turn|26
|
|move|p1a: Greninja|Ice Beam|p2a: super meta
|-start|p1a: Greninja|typechange|Ice|[from] Protean
|-damage|p2a: super meta|0 fnt
|-damage|p1a: Greninja|2\/285|[from] item: Life Orb
|faint|p2a: super meta
|
|
|switch|p2a: Mega-Luvdisc|Alomomola, M|366\/534
|-damage|p2a: Mega-Luvdisc|300\/534|[from] Stealth Rock
|turn|27
|
|move|p2a: Mega-Luvdisc|Protect|p2a: Mega-Luvdisc
|-singleturn|p2a: Mega-Luvdisc|Protect
|move|p1a: Greninja|Dark Pulse|p2a: Mega-Luvdisc
|-start|p1a: Greninja|typechange|Dark|[from] Protean
|-activate|p2a: Mega-Luvdisc|Protect
|
|-heal|p2a: Mega-Luvdisc|333\/534|[from] item: Leftovers
|turn|28
|
|move|p1a: Greninja|Dark Pulse|p2a: Mega-Luvdisc
|-damage|p2a: Mega-Luvdisc|20\/534
|-damage|p1a: Greninja|0 fnt|[from] item: Life Orb
|faint|p1a: Greninja
|
|win|Rhayader
|raw|Ladder updating...
|raw|LT3A MattyBrollic's rating: 1607 &rarr; <strong>1589<\/strong><br \/>(-18 for losing)
|raw|Rhayader's rating: 1640 &rarr; <strong>1658<\/strong><br \/>(+18 for winning)
|leave|LT3A MattyBrollic
|player|p1
|join|kawaiidesunii
|join|Red Asshole
|join|bumbadadabum
|join|Ch@mpz.
|join|Michielleus
|join|Aminiscent
|leave|Red Asshole
|leave|bumbadadabum
|leave|Aminiscent
|leave|kawaiidesunii
|leave|Ch@mpz.