|join|Rhayader
|join|lukewarmaok
|player|p1|Rhayader|40
|player|p2|lukewarmaok|184
|gametype|singles
|gen|6
|tier|OU
|rated
|clearpoke
|poke|p1|Zapdos
|poke|p1|Toxicroak, M
|poke|p1|Altaria, F
|poke|p1|Claydol, shiny
|poke|p1|Rotom-Heat
|poke|p1|Bisharp, M
|poke|p2|Scolipede, M
|poke|p2|Kingdra, F
|poke|p2|Cloyster, M
|poke|p2|Nidoking, M
|poke|p2|Sigilyph, F
|poke|p2|Klefki, F
|rule|Swagger Clause: Swagger is banned
|rule|Baton Pass Clause: Limit one PokÃ©mon knowing Baton Pass
|rule|Sleep Clause Mod: Limit one foe put to sleep
|rule|Species Clause: Limit one of each PokÃ©mon
|rule|OHKO Clause: OHKO moves are banned
|rule|Moody Clause: Moody is banned
|rule|Evasion Moves Clause: Evasion moves are banned
|rule|Endless Battle Clause: Forcing endless battles is banned
|rule|HP Percentage Mod: HP is shown in percentages
|teampreview
|c|âlukewarmaok|glhf!
|
|start
|switch|p1a: zap7|Zapdos|364\/364
|switch|p2a: Testudo|Klefki, F|318\/318
|-ability|p1a: zap7|Pressure
|turn|1
|
|move|p2a: Testudo|Light Screen|p2a: Testudo
|-sidestart|p2: lukewarmaok|move: Light Screen
|move|p1a: zap7|Heat Wave|p2a: Testudo
|-supereffective|p2a: Testudo
|-damage|p2a: Testudo|156\/318
|-damage|p1a: zap7|328\/364|[from] item: Life Orb
|
|turn|2
|
|switch|p2a: Maelstrom|Kingdra, F|354\/354
|move|p1a: zap7|Heat Wave|p2a: Maelstrom
|-resisted|p2a: Maelstrom
|-damage|p2a: Maelstrom|335\/354
|-damage|p1a: zap7|292\/364|[from] item: Life Orb
|
|turn|3
|
|switch|p1a: frog meme|Toxicroak, M|307\/307
|move|p2a: Maelstrom|Focus Energy|p2a: Maelstrom
|-start|p2a: Maelstrom|move: Focus Energy
|
|turn|4
|
|move|p1a: frog meme|Substitute|p1a: frog meme
|-start|p1a: frog meme|Substitute
|-damage|p1a: frog meme|231\/307
|move|p2a: Maelstrom|Surf|p1a: frog meme
|-heal|p1a: frog meme|307\/307|[from] ability: Dry Skin|[of] p2a: Maelstrom
|
|turn|5
|
|move|p1a: frog meme|Swords Dance|p1a: frog meme
|-boost|p1a: frog meme|atk|2
|move|p2a: Maelstrom|Hidden Power|p1a: frog meme
|-crit|p1a: frog meme
|-end|p1a: frog meme|Substitute
|
|turn|6
|
|move|p1a: frog meme|Gunk Shot|p2a: Maelstrom|[miss]
|-miss|p1a: frog meme|p2a: Maelstrom
|move|p2a: Maelstrom|Hidden Power|p1a: frog meme
|-crit|p1a: frog meme
|-damage|p1a: frog meme|61\/307
|
|-heal|p1a: frog meme|80\/307|[from] item: Black Sludge
|turn|7
|
|move|p1a: frog meme|Gunk Shot|p2a: Maelstrom
|-damage|p2a: Maelstrom|0 fnt
|faint|p2a: Maelstrom
|
|-heal|p1a: frog meme|99\/307|[from] item: Black Sludge
|join|fringedsnow09
|join|Ninjask Warrior
|
|switch|p2a: Testudo|Klefki, F|156\/318
|turn|8
|
|move|p2a: Testudo|Reflect|p2a: Testudo
|-sidestart|p2: lukewarmaok|Reflect
|move|p1a: frog meme|Substitute|p1a: frog meme
|-start|p1a: frog meme|Substitute
|-damage|p1a: frog meme|23\/307
|
|-heal|p1a: frog meme|42\/307|[from] item: Black Sludge
|-sideend|p2: lukewarmaok|move: Light Screen
|turn|9
|
|switch|p2a: Blitzkrieg|Scolipede, M|300\/300
|move|p1a: frog meme|Drain Punch|p2a: Blitzkrieg
|-resisted|p2a: Blitzkrieg
|-damage|p2a: Blitzkrieg|266\/300
|-heal|p1a: frog meme|59\/307|[from] drain|[of] p2a: Blitzkrieg
|
|-heal|p2a: Blitzkrieg|284\/300|[from] item: Black Sludge
|-heal|p1a: frog meme|78\/307|[from] item: Black Sludge
|turn|10
|
|move|p2a: Blitzkrieg|Swords Dance|p2a: Blitzkrieg
|-boost|p2a: Blitzkrieg|atk|2
|move|p1a: frog meme|Gunk Shot|p2a: Blitzkrieg
|-resisted|p2a: Blitzkrieg
|-damage|p2a: Blitzkrieg|170\/300
|
|-heal|p2a: Blitzkrieg|188\/300|[from] item: Black Sludge
|-heal|p1a: frog meme|97\/307|[from] item: Black Sludge
|-boost|p2a: Blitzkrieg|spe|1|[from] ability: Speed Boost
|turn|11
|
|move|p2a: Blitzkrieg|Earthquake|p1a: frog meme
|-supereffective|p1a: frog meme
|-end|p1a: frog meme|Substitute
|move|p1a: frog meme|Gunk Shot|p2a: Blitzkrieg
|-resisted|p2a: Blitzkrieg
|-damage|p2a: Blitzkrieg|85\/300
|
|-heal|p2a: Blitzkrieg|103\/300|[from] item: Black Sludge
|-heal|p1a: frog meme|116\/307|[from] item: Black Sludge
|-boost|p2a: Blitzkrieg|spe|1|[from] ability: Speed Boost
|turn|12
|
|switch|p1a: ghost oven|Rotom-Heat|304\/304
|move|p2a: Blitzkrieg|Poison Jab|p1a: ghost oven
|-damage|p1a: ghost oven|138\/304
|
|-heal|p2a: Blitzkrieg|121\/300|[from] item: Black Sludge
|-heal|p1a: ghost oven|157\/304|[from] item: Leftovers
|-boost|p2a: Blitzkrieg|spe|1|[from] ability: Speed Boost
|turn|13
|
|move|p2a: Blitzkrieg|Poison Jab|p1a: ghost oven
|-damage|p1a: ghost oven|0 fnt
|faint|p1a: ghost oven
|
|-heal|p2a: Blitzkrieg|139\/300|[from] item: Black Sludge
|-boost|p2a: Blitzkrieg|spe|1|[from] ability: Speed Boost
|
|switch|p1a: le 5050 man|Bisharp, M|271\/271
|turn|14
|
|move|p1a: le 5050 man|Sucker Punch|p2a: Blitzkrieg
|-damage|p2a: Blitzkrieg|46\/300
|move|p2a: Blitzkrieg|Earthquake|p1a: le 5050 man
|-supereffective|p1a: le 5050 man
|-damage|p1a: le 5050 man|0 fnt
|faint|p1a: le 5050 man
|
|-heal|p2a: Blitzkrieg|64\/300|[from] item: Black Sludge
|-boost|p2a: Blitzkrieg|spe|1|[from] ability: Speed Boost
|
|switch|p1a: zap7|Zapdos|292\/364
|-ability|p1a: zap7|Pressure
|turn|15
|
|move|p2a: Blitzkrieg|Poison Jab|p1a: zap7
|-crit|p1a: zap7
|-damage|p1a: zap7|0 fnt
|faint|p1a: zap7
|
|-heal|p2a: Blitzkrieg|82\/300|[from] item: Black Sludge
|-sideend|p2: lukewarmaok|Reflect
|-boost|p2a: Blitzkrieg|spe|1|[from] ability: Speed Boost
|c| Ninjask Warrior|those are some... interesting names there..
|c|âlukewarmaok|thank you
|
|switch|p1a: thanks owle|Claydol, shiny|324\/324
|turn|16
|c| Ninjask Warrior|Name war much
|c|âlukewarmaok|haha yeah. i named him that because of his speed boost ability :)
|
|move|p2a: Blitzkrieg|Pin Missile|p1a: thanks owle|[miss]
|-miss|p2a: Blitzkrieg|p1a: thanks owle
|move|p1a: thanks owle|Earth Power|p2a: Blitzkrieg
|-damage|p2a: Blitzkrieg|0 fnt
|faint|p2a: Blitzkrieg
|
|c| Ninjask Warrior|lol xD
|c|âlukewarmaok|i swear how the hell does pin missle even miss???
|c|âRhayader|it shoots the wrong way
|c|âlukewarmaok|it's 95% accurate sigh..
|c| Ninjask Warrior|xD
|
|switch|p2a: Agamemnon|Nidoking, M|304\/304
|turn|17
|c| Ninjask Warrior|"it shoots the wrong way"
|
|move|p2a: Agamemnon|Ice Beam|p1a: thanks owle
|-supereffective|p1a: thanks owle
|-damage|p1a: thanks owle|77\/324
|move|p1a: thanks owle|Earth Power|p2a: Agamemnon
|-supereffective|p2a: Agamemnon
|-damage|p2a: Agamemnon|106\/304
|
|-heal|p1a: thanks owle|97\/324|[from] item: Leftovers
|turn|18
|c| Ninjask Warrior|-rhayader
|
|move|p2a: Agamemnon|Ice Beam|p1a: thanks owle
|-crit|p1a: thanks owle
|-supereffective|p1a: thanks owle
|-damage|p1a: thanks owle|0 fnt
|faint|p1a: thanks owle
|
|c|âlukewarmaok|HAHAHA dumb scolipede why you do that hahaha
|
|switch|p1a: sky toad|Altaria, F|299\/299
|turn|19
|
|move|p2a: Agamemnon|Ice Beam|p1a: sky toad
|-supereffective|p1a: sky toad
|-damage|p1a: sky toad|0 fnt
|faint|p1a: sky toad
|
|
|switch|p1a: frog meme|Toxicroak, M|116\/307
|turn|20
|
|move|p2a: Agamemnon|Earth Power|p1a: frog meme
|-supereffective|p1a: frog meme
|-damage|p1a: frog meme|0 fnt
|faint|p1a: frog meme
|
|win|lukewarmaok
|raw|Ladder updating...
|c|âlukewarmaok|gg
|leave|Rhayader
|player|p1
|raw|Rhayader's rating: 1463 &rarr; <strong>1447<\/strong><br \/>(-16 for losing)
|raw|lukewarmaok's rating: 1536 &rarr; <strong>1552<\/strong><br \/>(+16 for winning)
|c| Ninjask Warrior|wow o-o
|leave|Ninjask Warrior