|join|Rhayader
|join|LT1A Masterclass
|player|p1|Rhayader|40
|player|p2|LT1A Masterclass|2
|gametype|singles
|gen|6
|tier|OU
|rated
|clearpoke
|poke|p1|Steelix, F
|poke|p1|Porygon2
|poke|p1|Medicham, F
|poke|p1|Sylveon, M
|poke|p1|Alomomola, M
|poke|p1|Rotom-Heat
|poke|p2|Scizor, F
|poke|p2|Skarmory, F
|poke|p2|Latios, M
|poke|p2|Slowbro, M
|poke|p2|Gliscor, F
|poke|p2|Clefable, M
|rule|Swagger Clause: Swagger is banned
|rule|Baton Pass Clause: Limit one PokÃ©mon knowing Baton Pass
|rule|Sleep Clause Mod: Limit one foe put to sleep
|rule|Species Clause: Limit one of each PokÃ©mon
|rule|OHKO Clause: OHKO moves are banned
|rule|Moody Clause: Moody is banned
|rule|Evasion Moves Clause: Evasion moves are banned
|rule|Endless Battle Clause: Forcing endless battles is banned
|rule|HP Percentage Mod: HP is shown in percentages
|teampreview
|join|Tkey
Tkey was promoted to Room Voice by Rhayader.
|c|+Tkey| .\/roomvoice fursona
|c|+Tkey|.\/roomvoice rhayader
FURSONA was promoted to Room Voice by Rhayader.
|c|+Tkey|copy both as a single command like g8r
|join|TheCritMagnet
|join|FURSONA
|join|dedic
|c|+FURSONA|omg rhayader your team is so fucking vanilla
|c|âRhayader|spoiler: i never g8red
|c|+Tkey|>not g8ring until newlurker hates you
|
|start
|switch|p1a: ghost oven|Rotom-Heat|279\/279
|switch|p2a: Scizor|Scizor, F|343\/343
|turn|1
|c|+FURSONA|k done
|join|WeavileIsMySon
|
|switch|p2a: Clefable|Clefable, M|393\/393
|move|p1a: ghost oven|Volt Switch|p2a: Clefable
|-damage|p2a: Clefable|284\/393
|
|switch|p1a: STEEEEEEEEEEEEEEEE|Steelix, F|268\/268
|
|-heal|p2a: Clefable|308\/393|[from] item: Leftovers
|turn|2
|c| WeavileIsMySon|wtf
|c| WeavileIsMySon|kind of team is that
|c| WeavileIsMySon|lol
|
|switch|p2a: Gliscor|Gliscor, F|354\/354
|move|p1a: STEEEEEEEEEEEEEEEE|Gyro Ball|p2a: Gliscor
|-damage|p2a: Gliscor|239\/354
|
|-status|p2a: Gliscor|tox|[from] item: Toxic Orb
|turn|3
|
|move|p2a: Gliscor|Toxic|p1a: STEEEEEEEEEEEEEEEE
|-fail|p1a: STEEEEEEEEEEEEEEEE
|move|p1a: STEEEEEEEEEEEEEEEE|Stealth Rock|p2a: Gliscor
|-sidestart|p2: LT1A Masterclass|move: Stealth Rock
|
|-heal|p2a: Gliscor|283\/354 tox|[from] ability: Poison Heal
|turn|4
|
|switch|p1a: best ducke|Porygon2|374\/374
|-ability|p1a: best ducke|Poison Heal|[from] ability: Trace|[of] p2a: Gliscor
|move|p2a: Gliscor|Toxic|p1a: best ducke
|-status|p1a: best ducke|tox
|
|-heal|p2a: Gliscor|327\/354 tox|[from] ability: Poison Heal
|turn|5
|c|âRhayader|>
|c|âRhayader|ogre
|
|switch|p2a: Clefable|Clefable, M|308\/393
|move|p1a: best ducke|Ice Beam|p2a: Clefable
|-damage|p2a: Clefable|243\/393
|-status|p2a: Clefable|frz
|
|-heal|p2a: Clefable|267\/393 frz|[from] item: Leftovers
|turn|6
|leave|WeavileIsMySon
|
|switch|p1a: ghost oven|Rotom-Heat|279\/279
|-curestatus|p2a: Clefable|frz
|move|p2a: Clefable|Soft-Boiled|p2a: Clefable
|-heal|p2a: Clefable|393\/393
|
|turn|7
|c|+Tkey|toastin
|c|âRhayader|>a ghost that haunts electric appliances
|c|âRhayader|>a good idea
|c|+FURSONA|rotom-h best rotom
|c|âRhayader|y
|
|switch|p2a: Gliscor|Gliscor, F|327\/354 tox
|-damage|p2a: Gliscor|283\/354 tox|[from] Stealth Rock
|move|p1a: ghost oven|Volt Switch|p2a: Gliscor
|-immune|p2a: Gliscor|[msg]
|
|-heal|p2a: Gliscor|327\/354 tox|[from] ability: Poison Heal
|turn|8
|
|switch|p1a: best ducke|Porygon2|374\/374 tox
|-ability|p1a: best ducke|Poison Heal|[from] ability: Trace|[of] p2a: Gliscor
|move|p2a: Gliscor|Earthquake|p1a: best ducke
|-damage|p1a: best ducke|298\/374 tox
|
|-heal|p2a: Gliscor|354\/354 tox|[from] ability: Poison Heal
|-heal|p1a: best ducke|344\/374 tox|[from] ability: Poison Heal
|turn|9
|
|switch|p2a: Clefable|Clefable, M|393\/393
|move|p1a: best ducke|Thunder Wave|p2a: Clefable
|-status|p2a: Clefable|par
|
|-heal|p1a: best ducke|374\/374 tox|[from] ability: Poison Heal
|turn|10
|
|switch|p1a: ghost oven|Rotom-Heat|279\/279
|move|p2a: Clefable|Moonblast|p1a: ghost oven
|-resisted|p1a: ghost oven
|-damage|p1a: ghost oven|231\/279
|-unboost|p1a: ghost oven|spa|1
|
|turn|11
|c|+Tkey|toast harder imo
|c|âRhayader|more than 1 minute to decide every time it comes up to this matchup
|c|+Tkey|rhayader\/fursona I've listed what I want as a team member:  need physical attacker\/chansey killer, balk zard x, kill heatran\/ferro, not get too rekt by keldeo.
|c|+Tkey|I'm thinking terrakion
|c| dedic|this guy is in the olt
|c| dedic|...
|c| dedic|he's legit,,
|c|âLT1A Masterclass|im playng
|c|âLT1A Masterclass|10 battles
|c|âRhayader|>2 minutes
|c|âLT1A Masterclass|at the same time
|c|âLT1A Masterclass|my bad dude
|c|âRhayader|lol
|
|switch|p2a: Latios|Latios, M|301\/301
|-damage|p2a: Latios|264\/301|[from] Stealth Rock
|move|p1a: ghost oven|Overheat|p2a: Latios
|-resisted|p2a: Latios
|-damage|p2a: Latios|191\/301
|-unboost|p1a: ghost oven|spa|2
|
|turn|12
|c|âRhayader|why
|c| dedic|he's a god
|c| dedic|you'll probably win by timer though
|
|switch|p1a: super meta|Sylveon, M|394\/394
|move|p2a: Latios|Draco Meteor|p1a: super meta
|-immune|p1a: super meta|[msg]
|
|turn|13
|c|âRhayader|yeah
|c|âLT1A Masterclass|fck
|c|âLT1A Masterclass|gotta rush the moves now
|
|switch|p2a: Scizor|Scizor, F|343\/343
|-damage|p2a: Scizor|301\/343|[from] Stealth Rock
|move|p1a: super meta|Heal Bell|p1a: super meta
|-cureteam|p1a: super meta|[from] move: HealBell
|
|turn|14
|c| dedic|hp fire
|c| dedic|ez
|
|switch|p1a: ghost oven|Rotom-Heat|231\/279
|detailschange|p2a: Scizor|Scizor-Mega, F
|message|Scizor has Mega Evolved into Mega Scizor!
|move|p2a: Scizor|Knock Off|p1a: ghost oven
|-damage|p1a: ghost oven|115\/279
|-enditem|p1a: ghost oven|Choice Scarf|[from] move: Knock Off|[of] p2a: Scizor
|
|turn|15
|c|âRhayader|fug
|c|âRhayader|i needed that
|
|switch|p2a: Clefable|Clefable, M|393\/393 par
|move|p1a: ghost oven|Will-O-Wisp|p2a: Clefable
|-fail|p2a: Clefable
|
|turn|16
|
|move|p1a: ghost oven|Trick|p2a: Clefable
|-activate|p1a: ghost oven|move: Trick|[of] p2a: Clefable
|-item|p1a: ghost oven|Leftovers|[from] move: Trick
|move|p2a: Clefable|Calm Mind|p2a: Clefable
|-boost|p2a: Clefable|spa|1
|-boost|p2a: Clefable|spd|1
|
|-heal|p1a: ghost oven|132\/279|[from] item: Leftovers
|turn|17
|c| dedic|ogre
|c|âRhayader|n
|c|âRhayader|not ogre yet
|leave|FURSONA
|c|âRhayader|though its gonna be harder without the scarf
|
|move|p1a: ghost oven|Volt Switch|p2a: Clefable
|-damage|p2a: Clefable|318\/393 par
|c| dedic|reveal poison jab megacham
|c| dedic|tbh
|
|switch|p1a: STEEEEEEEEEEEEEEEE|Steelix, F|268\/268
|cant|p2a: Clefable|par
|
|turn|18
|c|âLT1A Masterclass|fuck that
|
|switch|p2a: Gliscor|Gliscor, F|354\/354 tox
|-damage|p2a: Gliscor|310\/354 tox|[from] Stealth Rock
|move|p1a: STEEEEEEEEEEEEEEEE|Roar|p2a: Gliscor
|drag|p2a: Scizor|Scizor-Mega, F|301\/343
|-damage|p2a: Scizor|259\/343|[from] Stealth Rock
|
|turn|19
|
|switch|p2a: Skarmory|Skarmory, F|334\/334
|-damage|p2a: Skarmory|293\/334|[from] Stealth Rock
|move|p1a: STEEEEEEEEEEEEEEEE|Earthquake|p2a: Skarmory
|-immune|p2a: Skarmory|[msg]
|
|turn|20
|
|switch|p1a: ghost oven|Rotom-Heat|132\/279
|move|p2a: Skarmory|Stealth Rock|p1a: ghost oven
|-sidestart|p1: Rhayader|move: Stealth Rock
|
|-heal|p1a: ghost oven|149\/279|[from] item: Leftovers
|turn|21
|
|switch|p2a: Gliscor|Gliscor, F|310\/354 tox
|-damage|p2a: Gliscor|266\/354 tox|[from] Stealth Rock
|move|p1a: ghost oven|Overheat|p2a: Gliscor|[miss]
|-miss|p1a: ghost oven|p2a: Gliscor
|
|-heal|p1a: ghost oven|166\/279|[from] item: Leftovers
|-heal|p2a: Gliscor|310\/354 tox|[from] ability: Poison Heal
|turn|22
|c| dedic|bright powder gliscor...........
|
|move|p2a: Gliscor|Toxic|p1a: ghost oven
|-status|p1a: ghost oven|tox
|move|p1a: ghost oven|Overheat|p2a: Gliscor
|-damage|p2a: Gliscor|16\/354 tox
|-unboost|p1a: ghost oven|spa|2
|
|-heal|p1a: ghost oven|183\/279 tox|[from] item: Leftovers
|-heal|p2a: Gliscor|60\/354 tox|[from] ability: Poison Heal
|-damage|p1a: ghost oven|166\/279 tox|[from] psn
|turn|23
|
|move|p2a: Gliscor|Roost|p2a: Gliscor
|-heal|p2a: Gliscor|237\/354 tox
|move|p1a: ghost oven|Volt Switch|p2a: Gliscor
|-immune|p2a: Gliscor|[msg]
|
|-heal|p1a: ghost oven|183\/279 tox|[from] item: Leftovers
|-heal|p2a: Gliscor|281\/354 tox|[from] ability: Poison Heal
|-damage|p1a: ghost oven|149\/279 tox|[from] psn
|turn|24
|
|switch|p1a: super meta|Sylveon, M|394\/394
|-damage|p1a: super meta|345\/394|[from] Stealth Rock
|move|p2a: Gliscor|Toxic|p1a: super meta
|-status|p1a: super meta|tox
|
|-heal|p1a: super meta|369\/394 tox|[from] item: Leftovers
|-heal|p2a: Gliscor|325\/354 tox|[from] ability: Poison Heal
|-damage|p1a: super meta|345\/394 tox|[from] psn
|turn|25
|leave|TheCritMagnet
|
|move|p2a: Gliscor|Earthquake|p1a: super meta
|-damage|p1a: super meta|239\/394 tox
|move|p1a: super meta|Heal Bell|p1a: super meta
|-cureteam|p1a: super meta|[from] move: HealBell
|
|-heal|p1a: super meta|263\/394|[from] item: Leftovers
|-heal|p2a: Gliscor|354\/354 tox|[from] ability: Poison Heal
|turn|26
|
|move|p2a: Gliscor|Toxic|p1a: super meta|[miss]
|-miss|p2a: Gliscor|p1a: super meta
|move|p1a: super meta|Wish|p1a: super meta
|
|-heal|p1a: super meta|287\/394|[from] item: Leftovers
|turn|27
|
|move|p2a: Gliscor|Toxic|p1a: super meta
|-status|p1a: super meta|tox
|move|p1a: super meta|Calm Mind|p1a: super meta
|-boost|p1a: super meta|spa|1
|-boost|p1a: super meta|spd|1
|
|-heal|p1a: super meta|394\/394 tox|[from] move: Wish|[wisher] super meta
|-damage|p1a: super meta|370\/394 tox|[from] psn
|turn|28
|
|switch|p2a: Scizor|Scizor-Mega, F|259\/343
|-damage|p2a: Scizor|217\/343|[from] Stealth Rock
|move|p1a: super meta|Hyper Voice|p2a: Scizor
|-resisted|p2a: Scizor
|-damage|p2a: Scizor|114\/343
|
|-heal|p1a: super meta|394\/394 tox|[from] item: Leftovers
|-damage|p1a: super meta|346\/394 tox|[from] psn
|turn|29
|join|FURSONA
|c|+FURSONA|ok
|c|+FURSONA|is this fag timestalling
|c|âRhayader|y
|
|move|p2a: Scizor|Roost|p2a: Scizor
|-heal|p2a: Scizor|286\/343
|move|p1a: super meta|Hyper Voice|p2a: Scizor
|-resisted|p2a: Scizor
|-damage|p2a: Scizor|186\/343
|
|-heal|p1a: super meta|370\/394 tox|[from] item: Leftovers
|-damage|p1a: super meta|298\/394 tox|[from] psn
|turn|30
|c| dedic|he's in 2 other battles
|c|+FURSONA|brb calling scotteh
|
|switch|p1a: Mega-Luvdisc|Alomomola, M|534\/534
|-damage|p1a: Mega-Luvdisc|468\/534|[from] Stealth Rock
|move|p2a: Scizor|Knock Off|p1a: Mega-Luvdisc
|-damage|p1a: Mega-Luvdisc|366\/534
|-enditem|p1a: Mega-Luvdisc|Leftovers|[from] move: Knock Off|[of] p2a: Scizor
|
|turn|31
|
|switch|p2a: Gliscor|Gliscor, F|354\/354 tox
|-damage|p2a: Gliscor|310\/354 tox|[from] Stealth Rock
|move|p1a: Mega-Luvdisc|Soak|p2a: Gliscor
|-start|p2a: Gliscor|typechange|Water
|
|-heal|p2a: Gliscor|354\/354 tox|[from] ability: Poison Heal
|turn|32
|
|switch|p1a: best ducke|Porygon2|374\/374
|-damage|p1a: best ducke|328\/374|[from] Stealth Rock
|-ability|p1a: best ducke|Poison Heal|[from] ability: Trace|[of] p2a: Gliscor
|move|p2a: Gliscor|Toxic|p1a: best ducke
|-status|p1a: best ducke|tox
|
|-heal|p1a: best ducke|374\/374 tox|[from] ability: Poison Heal
|turn|33
|
|switch|p2a: Scizor|Scizor-Mega, F|186\/343
|-damage|p2a: Scizor|144\/343|[from] Stealth Rock
|move|p1a: best ducke|Thunderbolt|p2a: Scizor
|-damage|p2a: Scizor|73\/343
|-status|p2a: Scizor|par
|
|turn|34
|
|move|p1a: best ducke|Thunderbolt|p2a: Scizor
|-damage|p2a: Scizor|8\/343 par
|move|p2a: Scizor|Roost|p2a: Scizor
|-heal|p2a: Scizor|180\/343 par
|
|turn|35
|join|lt1z Desipher
|
|switch|p1a: STEEEEEEEEEEEEEEEE|Steelix, F|268\/268
|-damage|p1a: STEEEEEEEEEEEEEEEE|260\/268|[from] Stealth Rock
|move|p2a: Scizor|Knock Off|p1a: STEEEEEEEEEEEEEEEE
|-damage|p1a: STEEEEEEEEEEEEEEEE|193\/268
|-enditem|p1a: STEEEEEEEEEEEEEEEE|Leftovers|[from] move: Knock Off|[of] p2a: Scizor
|
|turn|36
|c| lt1z Desipher|lol this is a fun match
|c| lt1z Desipher|2 stall teams
|
|move|p2a: Scizor|Roost|p2a: Scizor
|-heal|p2a: Scizor|343\/343 par
|move|p1a: STEEEEEEEEEEEEEEEE|Roar|p2a: Scizor
|drag|p2a: Slowbro|Slowbro, M|393\/393
|-damage|p2a: Slowbro|344\/393|[from] Stealth Rock
|
|-heal|p2a: Slowbro|368\/393|[from] item: Leftovers
|turn|37
|
|switch|p2a: Latios|Latios, M|191\/301
|-damage|p2a: Latios|154\/301|[from] Stealth Rock
|switch|p1a: Mega-Luvdisc|Alomomola, M|534\/534
|-damage|p1a: Mega-Luvdisc|468\/534|[from] Stealth Rock
|
|turn|38
|
|switch|p2a: Gliscor|Gliscor, F|354\/354 tox
|-damage|p2a: Gliscor|310\/354 tox|[from] Stealth Rock
|switch|p1a: best ducke|Porygon2|374\/374 tox
|-damage|p1a: best ducke|328\/374 tox|[from] Stealth Rock
|-ability|p1a: best ducke|Poison Heal|[from] ability: Trace|[of] p2a: Gliscor
|
|-heal|p2a: Gliscor|354\/354 tox|[from] ability: Poison Heal
|-heal|p1a: best ducke|374\/374 tox|[from] ability: Poison Heal
|turn|39
|leave|lt1z Desipher
|
|switch|p1a: FUCK YOU CHANSEY|Medicham, F|261\/261
|-damage|p1a: FUCK YOU CHANSEY|245\/261|[from] Stealth Rock
|move|p2a: Gliscor|Earthquake|p1a: FUCK YOU CHANSEY
|-damage|p1a: FUCK YOU CHANSEY|107\/261
|
|turn|40
|
|switch|p2a: Slowbro|Slowbro, M|393\/393
|-damage|p2a: Slowbro|344\/393|[from] Stealth Rock
|detailschange|p1a: FUCK YOU CHANSEY|Medicham-Mega, F
|message|Medicham has Mega Evolved into Mega Medicham!
|move|p1a: FUCK YOU CHANSEY|Fake Out|p2a: Slowbro
|-damage|p2a: Slowbro|286\/393
|
|-heal|p2a: Slowbro|310\/393|[from] item: Leftovers
|turn|41
|
|switch|p1a: Mega-Luvdisc|Alomomola, M|534\/534
|-damage|p1a: Mega-Luvdisc|468\/534|[from] Stealth Rock
|move|p2a: Slowbro|Scald|p1a: Mega-Luvdisc
|-resisted|p1a: Mega-Luvdisc
|-damage|p1a: Mega-Luvdisc|374\/534
|
|-heal|p2a: Slowbro|334\/393|[from] item: Leftovers
|turn|42
|join|WeavileIsMySon
|
|switch|p2a: Gliscor|Gliscor, F|354\/354 tox
|-damage|p2a: Gliscor|310\/354 tox|[from] Stealth Rock
|move|p1a: Mega-Luvdisc|Wish|p1a: Mega-Luvdisc
|
|-heal|p2a: Gliscor|354\/354 tox|[from] ability: Poison Heal
|turn|43
|c| WeavileIsMySon|my problem that your in 50 ass battle wtf?
|leave|WeavileIsMySon
|
|switch|p2a: Scizor|Scizor-Mega, F|343\/343 par
|-damage|p2a: Scizor|301\/343 par|[from] Stealth Rock
|switch|p1a: ghost oven|Rotom-Heat|149\/279
|-damage|p1a: ghost oven|80\/279|[from] Stealth Rock
|
|-heal|p1a: ghost oven|279\/279|[from] move: Wish|[wisher] Mega-Luvdisc
|turn|44
|
|switch|p2a: Clefable|Clefable, M|318\/393 par
|move|p1a: ghost oven|Overheat|p2a: Clefable|[miss]
|-miss|p1a: ghost oven|p2a: Clefable
|
|turn|45
|leave|dedic
|
|move|p1a: ghost oven|Overheat|p2a: Clefable
|-damage|p2a: Clefable|119\/393 par
|-unboost|p1a: ghost oven|spa|2
|move|p2a: Clefable|Soft-Boiled|p2a: Clefable
|-heal|p2a: Clefable|316\/393 par
|
|turn|46
|
|move|p1a: ghost oven|Volt Switch|p2a: Clefable
|-damage|p2a: Clefable|264\/393 par
|c|+Tkey|>build 5 teams
|c|+Tkey|>come back
|c|+Tkey|>still 6-6
|
|switch|p1a: best ducke|Porygon2|374\/374 tox
|-damage|p1a: best ducke|328\/374 tox|[from] Stealth Rock
|-ability|p1a: best ducke|Magic Guard|[from] ability: Trace|[of] p2a: Clefable
|move|p2a: Clefable|Soft-Boiled|p2a: Clefable
|-heal|p2a: Clefable|393\/393 par
|
|turn|47
|c|+Tkey|!dt go rhayader
No Pokemon, item, move, ability or nature named 'go rhayader' was found. (Check your spelling?)
|c|âRhayader|fuck clefable
|c|âRhayader|fuck mega venu
|
|move|p1a: best ducke|Thunderbolt|p2a: Clefable
|-damage|p2a: Clefable|332\/393 par
|move|p2a: Clefable|Calm Mind|p2a: Clefable
|-boost|p2a: Clefable|spa|1
|-boost|p2a: Clefable|spd|1
|
|turn|48
|join|sdgsdgfsdgf
|
|switch|p1a: super meta|Sylveon, M|298\/394 tox
|-damage|p1a: super meta|249\/394 tox|[from] Stealth Rock
|move|p2a: Clefable|Flamethrower|p1a: super meta
|-damage|p1a: super meta|161\/394 tox
|
|-heal|p1a: super meta|185\/394 tox|[from] item: Leftovers
|-damage|p1a: super meta|161\/394 tox|[from] psn
|turn|49
|
|move|p1a: super meta|Heal Bell|p1a: super meta
|-cureteam|p1a: super meta|[from] move: HealBell
|move|p2a: Clefable|Moonblast|p1a: super meta
|-damage|p1a: super meta|29\/394
|
|-heal|p1a: super meta|53\/394|[from] item: Leftovers
|turn|50
|
|switch|p1a: ghost oven|Rotom-Heat|279\/279
|-damage|p1a: ghost oven|210\/279|[from] Stealth Rock
|move|p2a: Clefable|Flamethrower|p1a: ghost oven
|-resisted|p1a: ghost oven
|-damage|p1a: ghost oven|159\/279
|
|-heal|p1a: ghost oven|176\/279|[from] item: Leftovers
|turn|51
|
|move|p1a: ghost oven|Volt Switch|p2a: Clefable
|-damage|p2a: Clefable|257\/393 par
|
|switch|p1a: FUCK YOU CHANSEY|Medicham-Mega, F|107\/261
|-damage|p1a: FUCK YOU CHANSEY|91\/261|[from] Stealth Rock
|move|p2a: Clefable|Soft-Boiled|p2a: Clefable
|-heal|p2a: Clefable|393\/393 par
|
|turn|52
|join|sugarhigh
|c| sugarhigh|breh
|c|âLT1A Masterclass|breh
|c|âLT1A Masterclass|fuck this ladder shit
|c| sugarhigh|^
|c|âLT1A Masterclass|either i get haxxed
|c|âLT1A Masterclass|or forget
|c|âLT1A Masterclass|one of the battles
|c|âLT1A Masterclass|im in
|c|âLT1A Masterclass|lol
|c| sugarhigh|i have no time cuz school
|c| sugarhigh|also cuz
|c|âLT1A Masterclass|I been loadin 4 at a time
|
|switch|p2a: Slowbro|Slowbro, M|393\/393
|-damage|p2a: Slowbro|344\/393|[from] Stealth Rock
|move|p1a: FUCK YOU CHANSEY|High Jump Kick|p2a: Slowbro
|-resisted|p2a: Slowbro
|-damage|p2a: Slowbro|225\/393
|
|-heal|p2a: Slowbro|249\/393|[from] item: Leftovers
|turn|53
|c| sugarhigh|these ladder fags have no life
|c| sugarhigh|and ladder 24-7
|c|âLT1A Masterclass|i have today and tommorow only
|c|âLT1A Masterclass|lol
|c|âLT1A Masterclass|so i gotta up the pace
|c| sugarhigh|yah 4 at a time
|
|switch|p1a: Mega-Luvdisc|Alomomola, M|534\/534
|-damage|p1a: Mega-Luvdisc|468\/534|[from] Stealth Rock
|move|p2a: Slowbro|Scald|p1a: Mega-Luvdisc
|-resisted|p1a: Mega-Luvdisc
|-damage|p1a: Mega-Luvdisc|379\/534
|
|-heal|p2a: Slowbro|273\/393|[from] item: Leftovers
|turn|54
|c| sugarhigh|is most efficient
|c|âLT1A Masterclass|too bad
|c|âLT1A Masterclass|it cost me
|c|âLT1A Masterclass|more than i gained
|
|switch|p2a: Scizor|Scizor-Mega, F|301\/343 par
|-damage|p2a: Scizor|259\/343 par|[from] Stealth Rock
|move|p1a: Mega-Luvdisc|Wish|p1a: Mega-Luvdisc
|
|turn|55
|
|switch|p1a: STEEEEEEEEEEEEEEEE|Steelix, F|193\/268
|-damage|p1a: STEEEEEEEEEEEEEEEE|185\/268|[from] Stealth Rock
|move|p2a: Scizor|Knock Off|p1a: STEEEEEEEEEEEEEEEE
|-damage|p1a: STEEEEEEEEEEEEEEEE|143\/268
|
|-heal|p1a: STEEEEEEEEEEEEEEEE|268\/268|[from] move: Wish|[wisher] Mega-Luvdisc
|turn|56
|
|move|p2a: Scizor|Swords Dance|p2a: Scizor
|-boost|p2a: Scizor|atk|2
|move|p1a: STEEEEEEEEEEEEEEEE|Roar|p2a: Scizor
|drag|p2a: Latios|Latios, M|154\/301
|-damage|p2a: Latios|117\/301|[from] Stealth Rock
|
|turn|57
|c| sugarhigh|i see a fucking p2 and asteelix
|c|âLT1A Masterclass|yeah
|c|âLT1A Masterclass|thats another problem
|c|âLT1A Masterclass|with laddering
|c|âLT1A Masterclass|i get peopel with these teams
|
|switch|p2a: Skarmory|Skarmory, F|293\/334
|-damage|p2a: Skarmory|252\/334|[from] Stealth Rock
|move|p1a: STEEEEEEEEEEEEEEEE|Gyro Ball|p2a: Skarmory
|-resisted|p2a: Skarmory
|-damage|p2a: Skarmory|218\/334
|
|turn|58
|c|âRhayader|>implying this team isnt getting to 1700 twice
|c|âLT1A Masterclass|1700
|c|âLT1A Masterclass|phenomenal player alert
|
|move|p2a: Skarmory|Whirlwind|p1a: STEEEEEEEEEEEEEEEE
|drag|p1a: best ducke|Porygon2|328\/374
|-damage|p1a: best ducke|282\/374|[from] Stealth Rock
|-ability|p1a: best ducke|Sturdy|[from] ability: Trace|[of] p2a: Skarmory
|
|turn|59
|c|+Tkey|>implying steelix isn't dope as fuck
|join|the jaiho
|
|switch|p2a: Clefable|Clefable, M|393\/393 par
|switch|p1a: Mega-Luvdisc|Alomomola, M|534\/534
|-damage|p1a: Mega-Luvdisc|468\/534|[from] Stealth Rock
|
|turn|60
|
|switch|p2a: Gliscor|Gliscor, F|354\/354 tox
|-damage|p2a: Gliscor|310\/354 tox|[from] Stealth Rock
|move|p1a: Mega-Luvdisc|Wish|p1a: Mega-Luvdisc
|
|-heal|p2a: Gliscor|354\/354 tox|[from] ability: Poison Heal
|turn|61
|c| sugarhigh|>implying 1700 is skill
|c|âRhayader|>implying you can reach 1700 with steelix
|c|âLT1A Masterclass|ok
|c|âLT1A Masterclass|he got us there
|c|âLT1A Masterclass|we seriously cant
|c| sugarhigh|bop
|
|switch|p1a: ghost oven|Rotom-Heat|176\/279
|-damage|p1a: ghost oven|107\/279|[from] Stealth Rock
|move|p2a: Gliscor|Earthquake|p1a: ghost oven
|-immune|p1a: ghost oven|[msg]
|
|-heal|p1a: ghost oven|279\/279|[from] move: Wish|[wisher] Mega-Luvdisc
|turn|62
|c|âLT1A Masterclass|how you been sugar
|c| sugarhigh|hows da smog tour going
|c|âLT1A Masterclass|well
|c|âLT1A Masterclass|i got 3 points
|c|âLT1A Masterclass|mainly because
|join|The DragonKnight
|c|âLT1A Masterclass|after that
|c|âLT1A Masterclass|someone use
|
|switch|p1a: best ducke|Porygon2|282\/374
|-damage|p1a: best ducke|236\/374|[from] Stealth Rock
|-ability|p1a: best ducke|Poison Heal|[from] ability: Trace|[of] p2a: Gliscor
|move|p2a: Gliscor|Toxic|p1a: best ducke
|-status|p1a: best ducke|tox
|
|-heal|p1a: best ducke|282\/374 tox|[from] ability: Poison Heal
|turn|63
|c|âLT1A Masterclass|Greninja with HP fire and dark pulse
|c| sugarhigh|i only played 1 of em and lost round 1 cuz someone brought the old af garb chanstranskarmvenu stall
|c|âLT1A Masterclass|he also was nice enough to not make his ct obvious
|c|âLT1A Masterclass|by using
|c|âLT1A Masterclass|Calm Mind Clefable with hp rock
|c|âLT1A Masterclass|for my spdef talon
|c| sugarhigh|nice,,,,
|
|switch|p2a: Scizor|Scizor-Mega, F|259\/343 par
|-damage|p2a: Scizor|217\/343 par|[from] Stealth Rock
|switch|p1a: STEEEEEEEEEEEEEEEE|Steelix, F|268\/268
|-damage|p1a: STEEEEEEEEEEEEEEEE|260\/268|[from] Stealth Rock
|
|turn|64
|join|ZxuT â
|
|switch|p1a: ghost oven|Rotom-Heat|279\/279
|-damage|p1a: ghost oven|210\/279|[from] Stealth Rock
|cant|p2a: Scizor|par
|
|-heal|p1a: ghost oven|227\/279|[from] item: Leftovers
|turn|65
|c|âLT1A Masterclass|yo rhayader
|c|âRhayader|?
|c|âLT1A Masterclass|nvm play breh
|join|LT1A TRICKING
|
|switch|p2a: Clefable|Clefable, M|393\/393 par
|move|p1a: ghost oven|Volt Switch|p2a: Clefable
|-damage|p2a: Clefable|285\/393 par
|
|switch|p1a: STEEEEEEEEEEEEEEEE|Steelix, F|260\/268
|-damage|p1a: STEEEEEEEEEEEEEEEE|252\/268|[from] Stealth Rock
|
|turn|66
|leave|LT1A TRICKING
|
|switch|p2a: Scizor|Scizor-Mega, F|217\/343 par
|-damage|p2a: Scizor|175\/343 par|[from] Stealth Rock
|move|p1a: STEEEEEEEEEEEEEEEE|Earthquake|p2a: Scizor
|-damage|p2a: Scizor|69\/343 par
|
|turn|67
|c|âLT1A Masterclass|shit
|c|âLT1A Masterclass|it has that much fire power
|c|âLT1A Masterclass|what a boss
|c|âRhayader|>not trusting steelix
|c| sugarhigh|aaah da damage
|c| sugarhigh|its too gud u got himmm
|c|âLT1A Masterclass|hrry man
|c|âLT1A Masterclass|atm
|c|âLT1A Masterclass|you're playing
|c|âRhayader|kk
|c|âLT1A Masterclass|slower than steelix
|c| sugarhigh|statha is playing also
|c| sugarhigh|if u wanna watch
|
|switch|p2a: Gliscor|Gliscor, F|354\/354 tox
|-damage|p2a: Gliscor|310\/354 tox|[from] Stealth Rock
|move|p1a: STEEEEEEEEEEEEEEEE|Roar|p2a: Gliscor
|drag|p2a: Slowbro|Slowbro, M|393\/393
|-damage|p2a: Slowbro|344\/393|[from] Stealth Rock
|
|-heal|p2a: Slowbro|368\/393|[from] item: Leftovers
|turn|68
|c|âLT1A Masterclass|nah idgaf
|
|switch|p2a: Latios|Latios, M|117\/301
|-damage|p2a: Latios|80\/301|[from] Stealth Rock
|move|p1a: STEEEEEEEEEEEEEEEE|Roar|p2a: Latios
|drag|p2a: Skarmory|Skarmory, F|218\/334
|-damage|p2a: Skarmory|177\/334|[from] Stealth Rock
|
|turn|69
|
|move|p1a: STEEEEEEEEEEEEEEEE|Earthquake|p2a: Skarmory
|-immune|p2a: Skarmory|[msg]
|move|p2a: Skarmory|Whirlwind|p1a: STEEEEEEEEEEEEEEEE
|drag|p1a: Mega-Luvdisc|Alomomola, M|534\/534
|-damage|p1a: Mega-Luvdisc|468\/534|[from] Stealth Rock
|
|turn|70
|
|switch|p2a: Gliscor|Gliscor, F|310\/354 tox
|-damage|p2a: Gliscor|266\/354 tox|[from] Stealth Rock
|move|p1a: Mega-Luvdisc|Wish|p1a: Mega-Luvdisc
|
|-heal|p2a: Gliscor|310\/354 tox|[from] ability: Poison Heal
|turn|71
|
|switch|p1a: super meta|Sylveon, M|53\/394
|-damage|p1a: super meta|4\/394|[from] Stealth Rock
|move|p2a: Gliscor|Earthquake|p1a: super meta
|-damage|p1a: super meta|0 fnt
|faint|p1a: super meta
|
|-heal|p2a: Gliscor|354\/354 tox|[from] ability: Poison Heal
|c|âRhayader|shit
|c|âLT1A Masterclass|yeah man shit
|c|âRhayader|expected tox
|c|âLT1A Masterclass|me too
|
|switch|p1a: best ducke|Porygon2|282\/374 tox
|-damage|p1a: best ducke|236\/374 tox|[from] Stealth Rock
|-ability|p1a: best ducke|Poison Heal|[from] ability: Trace|[of] p2a: Gliscor
|turn|72
|join|J. Marshall
|c|âLT1A Masterclass|ffs
|
|switch|p2a: Clefable|Clefable, M|285\/393 par
|switch|p1a: ghost oven|Rotom-Heat|227\/279
|-damage|p1a: ghost oven|158\/279|[from] Stealth Rock
|
|-heal|p1a: ghost oven|175\/279|[from] item: Leftovers
|turn|73
|c|âLT1A Masterclass|trace speed boost
|
|move|p1a: ghost oven|Volt Switch|p2a: Clefable
|-damage|p2a: Clefable|171\/393 par
|leave|ZxuT â
|c|âLT1A Masterclass|dont para
|c|âLT1A Masterclass|you shit.
|
|switch|p1a: STEEEEEEEEEEEEEEEE|Steelix, F|252\/268
|-damage|p1a: STEEEEEEEEEEEEEEEE|244\/268|[from] Stealth Rock
|move|p2a: Clefable|Soft-Boiled|p2a: Clefable
|-heal|p2a: Clefable|368\/393 par
|
|turn|74
|c| sugarhigh|lol
|join|They call me 190
|
|move|p2a: Clefable|Flamethrower|p1a: STEEEEEEEEEEEEEEEE
|-supereffective|p1a: STEEEEEEEEEEEEEEEE
|-damage|p1a: STEEEEEEEEEEEEEEEE|108\/268
|move|p1a: STEEEEEEEEEEEEEEEE|Roar|p2a: Clefable
|drag|p2a: Skarmory|Skarmory, F|177\/334
|-damage|p2a: Skarmory|136\/334|[from] Stealth Rock
|
|turn|75
|
|move|p2a: Skarmory|Roost|p2a: Skarmory
|-heal|p2a: Skarmory|303\/334
|move|p1a: STEEEEEEEEEEEEEEEE|Gyro Ball|p2a: Skarmory
|-resisted|p2a: Skarmory
|-damage|p2a: Skarmory|271\/334
|
|turn|76
|
|move|p2a: Skarmory|Whirlwind|p1a: STEEEEEEEEEEEEEEEE
|drag|p1a: FUCK YOU CHANSEY|Medicham-Mega, F|91\/261
|-damage|p1a: FUCK YOU CHANSEY|75\/261|[from] Stealth Rock
|
|turn|77
|c|âLT1A Masterclass|that's a waste
|c|âLT1A Masterclass|of an 8 pp move
|c| sugarhigh|ah da para+gyro ball
|c| sugarhigh|to realll
|c|âRhayader|tbh i cant kill clefable now
|leave|sdgsdgfsdgf
|
|move|p1a: FUCK YOU CHANSEY|High Jump Kick|p2a: Skarmory
|-damage|p2a: Skarmory|34\/334
|move|p2a: Skarmory|Brave Bird|p1a: FUCK YOU CHANSEY
|-supereffective|p1a: FUCK YOU CHANSEY
|-damage|p1a: FUCK YOU CHANSEY|0 fnt
|-damage|p2a: Skarmory|9\/334|[from] recoil|[of] p1a: FUCK YOU CHANSEY
|faint|p1a: FUCK YOU CHANSEY
|
|c|âLT1A Masterclass|yeah
|
|switch|p1a: ghost oven|Rotom-Heat|175\/279
|-damage|p1a: ghost oven|106\/279|[from] Stealth Rock
|turn|78
|
|move|p1a: ghost oven|Overheat|p2a: Skarmory
|-crit|p2a: Skarmory
|-supereffective|p2a: Skarmory
|-damage|p2a: Skarmory|0 fnt
|-unboost|p1a: ghost oven|spa|2
|faint|p2a: Skarmory
|
|-heal|p1a: ghost oven|123\/279|[from] item: Leftovers
|
|switch|p2a: Latios|Latios, M|80\/301
|-damage|p2a: Latios|43\/301|[from] Stealth Rock
|turn|79
|
|move|p2a: Latios|Roost|p2a: Latios
|-heal|p2a: Latios|194\/301
|move|p1a: ghost oven|Volt Switch|p2a: Latios
|-resisted|p2a: Latios
|-damage|p2a: Latios|166\/301
|join|huh who me
|
|switch|p1a: STEEEEEEEEEEEEEEEE|Steelix, F|108\/268
|-damage|p1a: STEEEEEEEEEEEEEEEE|100\/268|[from] Stealth Rock
|
|turn|80
|leave|huh who me
|
|switch|p2a: Gliscor|Gliscor, F|354\/354 tox
|-damage|p2a: Gliscor|310\/354 tox|[from] Stealth Rock
|move|p1a: STEEEEEEEEEEEEEEEE|Roar|p2a: Gliscor
|drag|p2a: Scizor|Scizor-Mega, F|69\/343 par
|-damage|p2a: Scizor|27\/343 par|[from] Stealth Rock
|
|turn|81
|
|switch|p2a: Gliscor|Gliscor, F|310\/354 tox
|-damage|p2a: Gliscor|266\/354 tox|[from] Stealth Rock
|move|p1a: STEEEEEEEEEEEEEEEE|Earthquake|p2a: Gliscor
|-immune|p2a: Gliscor|[msg]
|
|-heal|p2a: Gliscor|310\/354 tox|[from] ability: Poison Heal
|turn|82
|leave|FURSONA
|
|switch|p1a: best ducke|Porygon2|236\/374 tox
|-damage|p1a: best ducke|190\/374 tox|[from] Stealth Rock
|-ability|p1a: best ducke|Poison Heal|[from] ability: Trace|[of] p2a: Gliscor
|move|p2a: Gliscor|Earthquake|p1a: best ducke
|-damage|p1a: best ducke|111\/374 tox
|
|-heal|p2a: Gliscor|354\/354 tox|[from] ability: Poison Heal
|-heal|p1a: best ducke|157\/374 tox|[from] ability: Poison Heal
|turn|83
|c|+Tkey|\o\/ beleeb
|c|âRhayader|nah i cant win
|c| the jaiho|then forfeit???
|c|âRhayader|without like 5 paras on claefable in a row
|c|âLT1A Masterclass|ugh
|
|switch|p2a: Clefable|Clefable, M|368\/393 par
|move|p1a: best ducke|Thunderbolt|p2a: Clefable
|-damage|p2a: Clefable|300\/393 par
|
|-heal|p1a: best ducke|203\/374 tox|[from] ability: Poison Heal
|turn|84
|c|âLT1A Masterclass|im annoyed i legit lost 2 games to time out
|
|move|p1a: best ducke|Thunderbolt|p2a: Clefable
|-damage|p2a: Clefable|233\/393 par
|move|p2a: Clefable|Calm Mind|p2a: Clefable
|-boost|p2a: Clefable|spa|1
|-boost|p2a: Clefable|spd|1
|
|-heal|p1a: best ducke|249\/374 tox|[from] ability: Poison Heal
|turn|85
|c|âLT1A Masterclass|get them paras boy
|
|move|p1a: best ducke|Thunderbolt|p2a: Clefable
|-damage|p2a: Clefable|188\/393 par
|move|p2a: Clefable|Soft-Boiled|p2a: Clefable
|-heal|p2a: Clefable|385\/393 par
|
|-heal|p1a: best ducke|295\/374 tox|[from] ability: Poison Heal
|turn|86
|
|switch|p1a: Mega-Luvdisc|Alomomola, M|534\/534
|-damage|p1a: Mega-Luvdisc|468\/534|[from] Stealth Rock
|move|p2a: Clefable|Calm Mind|p2a: Clefable
|-boost|p2a: Clefable|spa|1
|-boost|p2a: Clefable|spd|1
|
|turn|87
|
|move|p1a: Mega-Luvdisc|Soak|p2a: Clefable
|-start|p2a: Clefable|typechange|Water
|move|p2a: Clefable|Calm Mind|p2a: Clefable
|-boost|p2a: Clefable|spa|1
|-boost|p2a: Clefable|spd|1
|
|turn|88
|c| sugarhigh|ah
|
|move|p1a: Mega-Luvdisc|Wish|p1a: Mega-Luvdisc
|cant|p2a: Clefable|par
|
|turn|89
|c| sugarhigh|da soak is here
|c|âLT1A Masterclass|yes
|c|âLT1A Masterclass|i see it too man
|join|pokkkpok
|c|âLT1A Masterclass|the true work of a 1700 player
|
|switch|p1a: ghost oven|Rotom-Heat|123\/279
|-damage|p1a: ghost oven|54\/279|[from] Stealth Rock
|cant|p2a: Clefable|par
|
|-heal|p1a: ghost oven|279\/279|[from] move: Wish|[wisher] Mega-Luvdisc
|turn|90
|
|move|p1a: ghost oven|Volt Switch|p2a: Clefable
|-supereffective|p2a: Clefable
|-damage|p2a: Clefable|299\/393 par
|
|switch|p1a: best ducke|Porygon2|295\/374 tox
|-damage|p1a: best ducke|249\/374 tox|[from] Stealth Rock
|-ability|p1a: best ducke|Magic Guard|[from] ability: Trace|[of] p2a: Clefable
|move|p2a: Clefable|Moonblast|p1a: best ducke
|-damage|p1a: best ducke|163\/374 tox
|
|turn|91
|
|move|p1a: best ducke|Recover|p1a: best ducke
|-heal|p1a: best ducke|350\/374 tox
|move|p2a: Clefable|Calm Mind|p2a: Clefable
|-boost|p2a: Clefable|spa|1
|-boost|p2a: Clefable|spd|1
|
|turn|92
|join|JelloPiranha
|
|move|p1a: best ducke|Thunderbolt|p2a: Clefable
|-supereffective|p2a: Clefable
|-damage|p2a: Clefable|251\/393 par
|move|p2a: Clefable|Calm Mind|p2a: Clefable
|-boost|p2a: Clefable|spa|1
|-boost|p2a: Clefable|spd|1
|
|turn|93
|
|move|p1a: best ducke|Thunderbolt|p2a: Clefable
|-supereffective|p2a: Clefable
|-damage|p2a: Clefable|207\/393 par
|move|p2a: Clefable|Soft-Boiled|p2a: Clefable
|-heal|p2a: Clefable|393\/393 par
|
|turn|94
|c|âRhayader|:(
|join|dabossx3
|
|move|p1a: best ducke|Thunderbolt|p2a: Clefable
|-supereffective|p2a: Clefable
|-damage|p2a: Clefable|351\/393 par
|move|p2a: Clefable|Calm Mind|p2a: Clefable
|-boost|p2a: Clefable|spa|1
|-boost|p2a: Clefable|spd|1
|
|turn|95
|
|move|p1a: best ducke|Thunderbolt|p2a: Clefable
|-supereffective|p2a: Clefable
|-damage|p2a: Clefable|317\/393 par
|move|p2a: Clefable|Flamethrower|p1a: best ducke
|-damage|p1a: best ducke|213\/374 tox
|
|turn|96
|
|move|p1a: best ducke|Thunderbolt|p2a: Clefable
|-supereffective|p2a: Clefable
|-damage|p2a: Clefable|281\/393 par
|move|p2a: Clefable|Moonblast|p1a: best ducke
|-damage|p1a: best ducke|82\/374 tox
|-unboost|p1a: best ducke|spa|1
|
|turn|97
|
|move|p1a: best ducke|Recover|p1a: best ducke
|-heal|p1a: best ducke|269\/374 tox
|move|p2a: Clefable|Flamethrower|p1a: best ducke
|-damage|p1a: best ducke|129\/374 tox
|
|turn|98
|
|move|p1a: best ducke|Recover|p1a: best ducke
|-heal|p1a: best ducke|316\/374 tox
|move|p2a: Clefable|Flamethrower|p1a: best ducke
|-damage|p1a: best ducke|177\/374 tox
|
|turn|99
|join|php himself
|
|move|p1a: best ducke|Recover|p1a: best ducke
|-heal|p1a: best ducke|364\/374 tox
|move|p2a: Clefable|Flamethrower|p1a: best ducke
|-damage|p1a: best ducke|225\/374 tox
|
|turn|100
|c|âLT1A Masterclass|i dont think you have the recovers to stomache these
|join|LordTena
|
|move|p1a: best ducke|Thunderbolt|p2a: Clefable
|-supereffective|p2a: Clefable
|-damage|p2a: Clefable|259\/393 par
|move|p2a: Clefable|Flamethrower|p1a: best ducke
|-crit|p1a: best ducke
|-damage|p1a: best ducke|26\/374 tox
|
|turn|101
|join|IS FlaSh Dunois
|
|move|p1a: best ducke|Recover|p1a: best ducke
|-heal|p1a: best ducke|213\/374 tox
|move|p2a: Clefable|Flamethrower|p1a: best ducke
|-damage|p1a: best ducke|70\/374 tox
|
|turn|102
|
|move|p1a: best ducke|Recover|p1a: best ducke
|-heal|p1a: best ducke|257\/374 tox
|move|p2a: Clefable|Flamethrower|p1a: best ducke
|-damage|p1a: best ducke|120\/374 tox
|
|turn|103
|c| the jaiho|nah, he can crit
|
|move|p1a: best ducke|Thunderbolt|p2a: Clefable
|-supereffective|p2a: Clefable
|-damage|p2a: Clefable|237\/393 par
|move|p2a: Clefable|Flamethrower|p1a: best ducke
|-damage|p1a: best ducke|0 fnt
|faint|p1a: best ducke
|
|c|âLT1A Masterclass|or he can just sacka nikka
|
|switch|p1a: ghost oven|Rotom-Heat|279\/279
|-damage|p1a: ghost oven|210\/279|[from] Stealth Rock
|turn|104
|
|move|p1a: ghost oven|Volt Switch|p2a: Clefable
|-supereffective|p2a: Clefable
|-damage|p2a: Clefable|181\/393 par
|
|switch|p1a: Mega-Luvdisc|Alomomola, M|534\/534
|-damage|p1a: Mega-Luvdisc|468\/534|[from] Stealth Rock
|cant|p2a: Clefable|par
|
|turn|105
|
|move|p1a: Mega-Luvdisc|Wish|p1a: Mega-Luvdisc
|move|p2a: Clefable|Soft-Boiled|p2a: Clefable
|-heal|p2a: Clefable|378\/393 par
|
|turn|106
|c| sugarhigh|nice n parad
|
|switch|p1a: STEEEEEEEEEEEEEEEE|Steelix, F|100\/268
|-damage|p1a: STEEEEEEEEEEEEEEEE|92\/268|[from] Stealth Rock
|move|p2a: Clefable|Moonblast|p1a: STEEEEEEEEEEEEEEEE
|-crit|p1a: STEEEEEEEEEEEEEEEE
|-resisted|p1a: STEEEEEEEEEEEEEEEE
|-damage|p1a: STEEEEEEEEEEEEEEEE|0 fnt
|faint|p1a: STEEEEEEEEEEEEEEEE
|
|leave|LordTena
|join|Reccyl
|
|switch|p1a: ghost oven|Rotom-Heat|210\/279
|-damage|p1a: ghost oven|141\/279|[from] Stealth Rock
|turn|107
|leave|IS FlaSh Dunois
|leave|J. Marshall
|
|move|p1a: ghost oven|Volt Switch|p2a: Clefable
|-supereffective|p2a: Clefable
|-damage|p2a: Clefable|322\/393 par
|
|switch|p1a: Mega-Luvdisc|Alomomola, M|534\/534
|-damage|p1a: Mega-Luvdisc|468\/534|[from] Stealth Rock
|cant|p2a: Clefable|par
|
|turn|108
|
|move|p1a: Mega-Luvdisc|Wish|p1a: Mega-Luvdisc
|move|p2a: Clefable|Moonblast|p1a: Mega-Luvdisc
|-damage|p1a: Mega-Luvdisc|0 fnt
|faint|p1a: Mega-Luvdisc
|
|c| sugarhigh|dem paras mang
|
|switch|p1a: ghost oven|Rotom-Heat|141\/279
|-damage|p1a: ghost oven|72\/279|[from] Stealth Rock
|turn|109
|leave|pokkkpok
|join|pokkkpok
|leave|dabossx3
|leave|JelloPiranha
|leave|pokkkpok
|
|move|p1a: ghost oven|Volt Switch|p2a: Clefable
|-supereffective|p2a: Clefable
|-damage|p2a: Clefable|262\/393 par
|move|p2a: Clefable|Moonblast|p1a: ghost oven
|-resisted|p1a: ghost oven
|-damage|p1a: ghost oven|0 fnt
|faint|p1a: ghost oven
|
|win|LT1A Masterclass
|raw|Ladder updating...
|raw|Rhayader's rating: 1665 &rarr; <strong>1646<\/strong><br \/>(-19 for losing)
|raw|LT1A Masterclass's rating: 1676 &rarr; <strong>1695<\/strong><br \/>(+19 for winning)
|leave|LT1A Masterclass
|player|p2
|leave|Reccyl