|join|Rhayader
|join|LT1A JohnYiu
|player|p1|Rhayader|40
|player|p2|LT1A JohnYiu|20
|gametype|singles
|gen|6
|tier|OU
|rated
|clearpoke
|poke|p1|Steelix, M
|poke|p1|Porygon2
|poke|p1|Medicham, M
|poke|p1|Sylveon, F
|poke|p1|Alomomola, M
|poke|p1|Rotom-Heat
|poke|p2|Scizor, M
|poke|p2|Manectric, F
|poke|p2|Gothitelle, M
|poke|p2|Garchomp, F
|poke|p2|Rotom-Wash
|poke|p2|Diggersby, M, shiny
|rule|Swagger Clause: Swagger is banned
|rule|Baton Pass Clause: Limit one PokÃ©mon knowing Baton Pass
|rule|Sleep Clause Mod: Limit one foe put to sleep
|rule|Species Clause: Limit one of each PokÃ©mon
|rule|OHKO Clause: OHKO moves are banned
|rule|Moody Clause: Moody is banned
|rule|Evasion Moves Clause: Evasion moves are banned
|rule|Endless Battle Clause: Forcing endless battles is banned
|rule|HP Percentage Mod: HP is shown in percentages
|teampreview
|
|start
|switch|p1a: ghost oven|Rotom-Heat|279\/279
|switch|p2a: Garchomp|Garchomp, F|357\/357
|turn|1
|
|move|p1a: ghost oven|Will-O-Wisp|p2a: Garchomp
|-status|p2a: Garchomp|brn
|move|p2a: Garchomp|Stealth Rock|p1a: ghost oven
|-sidestart|p1: Rhayader|move: Stealth Rock
|
|-damage|p2a: Garchomp|313\/357 brn|[from] brn
|turn|2
|
|switch|p1a: super meta|Sylveon, F|394\/394
|-damage|p1a: super meta|345\/394|[from] Stealth Rock
|move|p2a: Garchomp|Earthquake|p1a: super meta
|-damage|p1a: super meta|266\/394
|
|-heal|p1a: super meta|290\/394|[from] item: Leftovers
|-damage|p2a: Garchomp|269\/357 brn|[from] brn
|turn|3
|
|switch|p2a: Scizor|Scizor, M|333\/333
|move|p1a: super meta|Wish|p1a: super meta
|
|-heal|p1a: super meta|314\/394|[from] item: Leftovers
|turn|4
|
|move|p2a: Scizor|Knock Off|p1a: super meta
|-resisted|p1a: super meta
|-damage|p1a: super meta|227\/394
|-enditem|p1a: super meta|Leftovers|[from] move: Knock Off|[of] p2a: Scizor
|move|p1a: super meta|Calm Mind|p1a: super meta
|-boost|p1a: super meta|spa|1
|-boost|p1a: super meta|spd|1
|
|-heal|p1a: super meta|394\/394|[from] move: Wish|[wisher] super meta
|turn|5
|
|switch|p2a: Rotom-Wash|Rotom-Wash|304\/304
|move|p1a: super meta|Wish|p1a: super meta
|
|turn|6
|
|move|p2a: Rotom-Wash|Volt Switch|p1a: super meta
|-damage|p1a: super meta|348\/394
|
|switch|p2a: Scizor|Scizor, M|333\/333
|move|p1a: super meta|Hyper Voice|p2a: Scizor
|-resisted|p2a: Scizor
|-damage|p2a: Scizor|208\/333
|
|-heal|p1a: super meta|394\/394|[from] move: Wish|[wisher] super meta
|turn|7
|
|switch|p1a: ghost oven|Rotom-Heat|279\/279
|-damage|p1a: ghost oven|210\/279|[from] Stealth Rock
|move|p2a: Scizor|Bullet Punch|p1a: ghost oven
|-crit|p1a: ghost oven
|-resisted|p1a: ghost oven
|-damage|p1a: ghost oven|150\/279
|
|turn|8
|
|switch|p2a: Garchomp|Garchomp, F|269\/357 brn
|move|p1a: ghost oven|Overheat|p2a: Garchomp
|-resisted|p2a: Garchomp
|-damage|p2a: Garchomp|132\/357 brn
|-unboost|p1a: ghost oven|spa|2
|
|-damage|p2a: Garchomp|88\/357 brn|[from] brn
|turn|9
|
|switch|p1a: super meta|Sylveon, F|394\/394
|-damage|p1a: super meta|345\/394|[from] Stealth Rock
|move|p2a: Garchomp|Outrage|p1a: super meta
|-immune|p1a: super meta|[msg]
|
|-damage|p2a: Garchomp|44\/357 brn|[from] brn
|turn|10
|
|switch|p2a: Scizor|Scizor, M|208\/333
|move|p1a: super meta|Wish|p1a: super meta
|
|turn|11
|
|switch|p1a: STEEEEEEEEEEEEEEEE|Steelix, M|268\/268
|-damage|p1a: STEEEEEEEEEEEEEEEE|260\/268|[from] Stealth Rock
|move|p2a: Scizor|Superpower|p1a: STEEEEEEEEEEEEEEEE
|-supereffective|p1a: STEEEEEEEEEEEEEEEE
|-damage|p1a: STEEEEEEEEEEEEEEEE|10\/268
|-unboost|p2a: Scizor|atk|1
|-unboost|p2a: Scizor|def|1
|
|-heal|p1a: STEEEEEEEEEEEEEEEE|207\/268|[from] move: Wish|[wisher] super meta
|-heal|p1a: STEEEEEEEEEEEEEEEE|223\/268|[from] item: Leftovers
|turn|12
|
|switch|p2a: Diggersby|Diggersby, M, shiny|311\/311
|move|p1a: STEEEEEEEEEEEEEEEE|Stealth Rock|p2a: Diggersby
|-sidestart|p2: LT1A JohnYiu|move: Stealth Rock
|
|-heal|p1a: STEEEEEEEEEEEEEEEE|239\/268|[from] item: Leftovers
|turn|13
|
|move|p2a: Diggersby|U-turn|p1a: STEEEEEEEEEEEEEEEE
|-resisted|p1a: STEEEEEEEEEEEEEEEE
|-damage|p1a: STEEEEEEEEEEEEEEEE|210\/268
|
|switch|p2a: Rotom-Wash|Rotom-Wash|304\/304
|-damage|p2a: Rotom-Wash|266\/304|[from] Stealth Rock
|move|p1a: STEEEEEEEEEEEEEEEE|Roar|p2a: Rotom-Wash
|drag|p2a: Scizor|Scizor, M|208\/333
|-damage|p2a: Scizor|167\/333|[from] Stealth Rock
|
|-heal|p1a: STEEEEEEEEEEEEEEEE|226\/268|[from] item: Leftovers
|turn|14
|
|switch|p1a: super meta|Sylveon, F|345\/394
|-damage|p1a: super meta|296\/394|[from] Stealth Rock
|move|p2a: Scizor|Superpower|p1a: super meta
|-resisted|p1a: super meta
|-damage|p1a: super meta|185\/394
|-unboost|p2a: Scizor|atk|1
|-unboost|p2a: Scizor|def|1
|
|turn|15
|
|switch|p2a: Garchomp|Garchomp, F|44\/357 brn
|-damage|p2a: Garchomp|22\/357 brn|[from] Stealth Rock
|move|p1a: super meta|Wish|p1a: super meta
|
|-damage|p2a: Garchomp|0 fnt|[from] brn
|faint|p2a: Garchomp
|
|switch|p2a: Gothitelle|Gothitelle, M|301\/301
|-damage|p2a: Gothitelle|264\/301|[from] Stealth Rock
|turn|16
|
|move|p2a: Gothitelle|Trick|p1a: super meta
|-activate|p2a: Gothitelle|move: Trick|[of] p1a: super meta
|-item|p1a: super meta|Choice Scarf|[from] move: Trick
|move|p1a: super meta|Hyper Voice|p2a: Gothitelle
|-damage|p2a: Gothitelle|137\/301
|
|-heal|p1a: super meta|382\/394|[from] move: Wish|[wisher] super meta
|turn|17
|
|move|p2a: Gothitelle|Calm Mind|p2a: Gothitelle
|-boost|p2a: Gothitelle|spa|1
|-boost|p2a: Gothitelle|spd|1
|move|p1a: super meta|Hyper Voice|p2a: Gothitelle
|-crit|p2a: Gothitelle
|-damage|p2a: Gothitelle|0 fnt
|faint|p2a: Gothitelle
|
|
|switch|p2a: Scizor|Scizor, M|167\/333
|-damage|p2a: Scizor|126\/333|[from] Stealth Rock
|turn|18
|
|move|p2a: Scizor|Bullet Punch|p1a: super meta
|-supereffective|p1a: super meta
|-damage|p1a: super meta|58\/394
|move|p1a: super meta|Hyper Voice|p2a: Scizor
|-resisted|p2a: Scizor
|-damage|p2a: Scizor|34\/333
|
|turn|19
|
|move|p2a: Scizor|Bullet Punch|p1a: super meta
|-crit|p1a: super meta
|-supereffective|p1a: super meta
|-damage|p1a: super meta|0 fnt
|faint|p1a: super meta
|
|
|switch|p1a: STEEEEEEEEEEEEEEEE|Steelix, M|226\/268
|-damage|p1a: STEEEEEEEEEEEEEEEE|218\/268|[from] Stealth Rock
|turn|20
|
|move|p2a: Scizor|Bullet Punch|p1a: STEEEEEEEEEEEEEEEE
|-resisted|p1a: STEEEEEEEEEEEEEEEE
|-damage|p1a: STEEEEEEEEEEEEEEEE|169\/268
|move|p1a: STEEEEEEEEEEEEEEEE|Roar|p2a: Scizor
|drag|p2a: Diggersby|Diggersby, M, shiny|311\/311
|-damage|p2a: Diggersby|292\/311|[from] Stealth Rock
|
|-heal|p1a: STEEEEEEEEEEEEEEEE|185\/268|[from] item: Leftovers
|turn|21
|
|switch|p1a: Mega-Luvdisc|Alomomola, M|534\/534
|-damage|p1a: Mega-Luvdisc|468\/534|[from] Stealth Rock
|move|p2a: Diggersby|Return|p1a: Mega-Luvdisc
|-damage|p1a: Mega-Luvdisc|281\/534
|
|-heal|p1a: Mega-Luvdisc|314\/534|[from] item: Leftovers
|turn|22
|
|switch|p2a: Scizor|Scizor, M|34\/333
|-damage|p2a: Scizor|0 fnt|[from] Stealth Rock
|faint|p2a: Scizor
|move|p1a: Mega-Luvdisc|Wish|p1a: Mega-Luvdisc
|
|-heal|p1a: Mega-Luvdisc|347\/534|[from] item: Leftovers
|
|switch|p2a: Manectric|Manectric, F|281\/281
|-damage|p2a: Manectric|246\/281|[from] Stealth Rock
|turn|23
|
|switch|p1a: best ducke|Porygon2|374\/374
|-damage|p1a: best ducke|328\/374|[from] Stealth Rock
|-ability|p1a: best ducke|Lightningrod|[from] ability: Trace|[of] p2a: Manectric
|detailschange|p2a: Manectric|Manectric-Mega, F
|message|Manectric has Mega Evolved into Mega Manectric!
|-ability|p2a: Manectric|Intimidate|[of] p1a: best ducke
|-unboost|p1a: best ducke|atk|1
|move|p2a: Manectric|Thunderbolt|p1a: best ducke
|-boost|p1a: best ducke|spa|1|[from] ability: Lightningrod
|
|-heal|p1a: best ducke|374\/374|[from] move: Wish|[wisher] Mega-Luvdisc
|turn|24
|
|switch|p2a: Rotom-Wash|Rotom-Wash|266\/304
|-damage|p2a: Rotom-Wash|228\/304|[from] Stealth Rock
|move|p1a: best ducke|Ice Beam|p2a: Rotom-Wash
|-resisted|p2a: Rotom-Wash
|-damage|p2a: Rotom-Wash|178\/304
|
|-heal|p2a: Rotom-Wash|197\/304|[from] item: Leftovers
|turn|25
|
|move|p2a: Rotom-Wash|Will-O-Wisp|p1a: best ducke
|-status|p1a: best ducke|brn
|move|p1a: best ducke|Thunderbolt|p2a: Rotom-Wash
|-damage|p2a: Rotom-Wash|90\/304
|
|-heal|p2a: Rotom-Wash|109\/304|[from] item: Leftovers
|-damage|p1a: best ducke|328\/374 brn|[from] brn
|turn|26
|
|move|p2a: Rotom-Wash|Pain Split|p1a: best ducke
|-sethp|p1a: best ducke|218\/374 brn|p2a: Rotom-Wash|218\/304|[from] move: Pain Split
|move|p1a: best ducke|Ice Beam|p2a: Rotom-Wash
|-resisted|p2a: Rotom-Wash
|-damage|p2a: Rotom-Wash|169\/304
|
|-heal|p2a: Rotom-Wash|188\/304|[from] item: Leftovers
|-damage|p1a: best ducke|172\/374 brn|[from] brn
|turn|27
|
|move|p2a: Rotom-Wash|Hydro Pump|p1a: best ducke
|-damage|p1a: best ducke|109\/374 brn
|move|p1a: best ducke|Recover|p1a: best ducke
|-heal|p1a: best ducke|296\/374 brn
|
|-heal|p2a: Rotom-Wash|207\/304|[from] item: Leftovers
|-damage|p1a: best ducke|250\/374 brn|[from] brn
|turn|28
|
|move|p2a: Rotom-Wash|Volt Switch|p1a: best ducke
|-boost|p1a: best ducke|spa|1|[from] ability: Lightningrod
|move|p1a: best ducke|Recover|p1a: best ducke
|-heal|p1a: best ducke|374\/374 brn
|
|-heal|p2a: Rotom-Wash|226\/304|[from] item: Leftovers
|-damage|p1a: best ducke|328\/374 brn|[from] brn
|turn|29
|c|âRhayader|kek
|
|move|p2a: Rotom-Wash|Hydro Pump|p1a: best ducke
|-damage|p1a: best ducke|267\/374 brn
|move|p1a: best ducke|Ice Beam|p2a: Rotom-Wash
|-resisted|p2a: Rotom-Wash
|-damage|p2a: Rotom-Wash|153\/304
|-status|p2a: Rotom-Wash|frz
|
|-heal|p2a: Rotom-Wash|172\/304 frz|[from] item: Leftovers
|-damage|p1a: best ducke|221\/374 brn|[from] brn
|turn|30
|
|switch|p2a: Diggersby|Diggersby, M, shiny|292\/311
|-damage|p2a: Diggersby|273\/311|[from] Stealth Rock
|move|p1a: best ducke|Recover|p1a: best ducke
|-heal|p1a: best ducke|374\/374 brn
|
|-damage|p1a: best ducke|328\/374 brn|[from] brn
|turn|31
|
|move|p2a: Diggersby|Return|p1a: best ducke
|-damage|p1a: best ducke|153\/374 brn
|move|p1a: best ducke|Ice Beam|p2a: Diggersby
|-supereffective|p2a: Diggersby
|-damage|p2a: Diggersby|0 fnt
|faint|p2a: Diggersby
|
|-damage|p1a: best ducke|107\/374 brn|[from] brn
|-message|LT1A JohnYiu forfeited.
|
|win|Rhayader
|raw|Ladder updating...
|raw|Rhayader's rating: 1676 &rarr; <strong>1700<\/strong><br \/>(+24 for winning)
|raw|LT1A JohnYiu's rating: 1732 &rarr; <strong>1709<\/strong><br \/>(-23 for losing)
|leave|LT1A JohnYiu
|player|p2