|join|zeroalt
|join|Rhayader
|player|p1|zeroalt|102
|player|p2|Rhayader|40
|gametype|singles
|gen|6
|tier|OU
|rated
|clearpoke
|poke|p1|Latios, M
|poke|p1|Rotom-Wash
|poke|p1|Clefable, F
|poke|p1|Landorus-Therian, M
|poke|p1|Jirachi
|poke|p1|Manectric, M
|poke|p2|Steelix, M
|poke|p2|Porygon2
|poke|p2|Medicham, F
|poke|p2|Sylveon, F
|poke|p2|Alomomola, M
|poke|p2|Rotom-Heat
|rule|Swagger Clause: Swagger is banned
|rule|Baton Pass Clause: Limit one PokÃ©mon knowing Baton Pass
|rule|Sleep Clause Mod: Limit one foe put to sleep
|rule|Species Clause: Limit one of each PokÃ©mon
|rule|OHKO Clause: OHKO moves are banned
|rule|Moody Clause: Moody is banned
|rule|Evasion Moves Clause: Evasion moves are banned
|rule|Endless Battle Clause: Forcing endless battles is banned
|rule|HP Percentage Mod: HP is shown in percentages
|teampreview
|join|Bleben :DDDDD
|join|kawaiidesunii
|
|start
|switch|p1a: Manectric|Manectric, M|281\/281
|switch|p2a: ghost oven|Rotom-Heat|279\/279
|turn|1
|c| Bleben :DDDDD|ayyyyy
|
|detailschange|p1a: Manectric|Manectric-Mega, M
|message|Manectric has Mega Evolved into Mega Manectric!
|-ability|p1a: Manectric|Intimidate|[of] p2a: ghost oven
|-unboost|p2a: ghost oven|atk|1
|move|p2a: ghost oven|Overheat|p1a: Manectric|[miss]
|-miss|p2a: ghost oven|p1a: Manectric
|move|p1a: Manectric|Volt Switch|p2a: ghost oven
|-resisted|p2a: ghost oven
|-damage|p2a: ghost oven|215\/279
|join|Ch@mpz.
|c|âRhayader|>miss
|
|switch|p1a: Rotom-Wash|Rotom-Wash|304\/304
|
|turn|2
|
|switch|p2a: super meta|Sylveon, F|394\/394
|move|p1a: Rotom-Wash|Will-O-Wisp|p2a: super meta|[miss]
|-miss|p1a: Rotom-Wash|p2a: super meta
|
|turn|3
|join|Apt-get
|
|move|p1a: Rotom-Wash|Volt Switch|p2a: super meta
|-damage|p2a: super meta|331\/394
|
|switch|p1a: Jirachi|Jirachi|404\/404
|move|p2a: super meta|Wish|p2a: super meta
|
|-heal|p2a: super meta|355\/394|[from] item: Leftovers
|turn|4
|
|switch|p2a: ghost oven|Rotom-Heat|215\/279
|move|p1a: Jirachi|Body Slam|p2a: ghost oven
|-damage|p2a: ghost oven|151\/279
|
|-heal|p2a: ghost oven|279\/279|[from] move: Wish|[wisher] super meta
|turn|5
|
|switch|p1a: Rotom-Wash|Rotom-Wash|304\/304
|move|p2a: ghost oven|Will-O-Wisp|p1a: Rotom-Wash
|-status|p1a: Rotom-Wash|brn
|
|-damage|p1a: Rotom-Wash|266\/304 brn|[from] brn
|turn|6
|
|switch|p2a: super meta|Sylveon, F|355\/394
|move|p1a: Rotom-Wash|Volt Switch|p2a: super meta
|-damage|p2a: super meta|288\/394
|
|switch|p1a: Jirachi|Jirachi|404\/404
|
|-heal|p2a: super meta|312\/394|[from] item: Leftovers
|turn|7
|
|switch|p2a: STEEEEEEEEEEEEEEEE|Steelix, M|268\/268
|move|p1a: Jirachi|Substitute|p1a: Jirachi
|-start|p1a: Jirachi|Substitute
|-damage|p1a: Jirachi|303\/404
|
|-heal|p1a: Jirachi|328\/404|[from] item: Leftovers
|turn|8
|
|move|p1a: Jirachi|Fire Punch|p2a: STEEEEEEEEEEEEEEEE
|-supereffective|p2a: STEEEEEEEEEEEEEEEE
|-damage|p2a: STEEEEEEEEEEEEEEEE|200\/268
|move|p2a: STEEEEEEEEEEEEEEEE|Stealth Rock|p1a: Jirachi
|-sidestart|p1: zeroalt|move: Stealth Rock
|
|-heal|p1a: Jirachi|353\/404|[from] item: Leftovers
|-heal|p2a: STEEEEEEEEEEEEEEEE|216\/268|[from] item: Leftovers
|turn|9
|
|move|p1a: Jirachi|Fire Punch|p2a: STEEEEEEEEEEEEEEEE
|-supereffective|p2a: STEEEEEEEEEEEEEEEE
|-damage|p2a: STEEEEEEEEEEEEEEEE|150\/268
|-status|p2a: STEEEEEEEEEEEEEEEE|brn
|move|p2a: STEEEEEEEEEEEEEEEE|Roar|p1a: Jirachi
|drag|p1a: Manectric|Manectric-Mega, M|281\/281
|-damage|p1a: Manectric|246\/281|[from] Stealth Rock
|-ability|p1a: Manectric|Intimidate|[of] p2a: STEEEEEEEEEEEEEEEE
|-unboost|p2a: STEEEEEEEEEEEEEEEE|atk|1
|
|-heal|p2a: STEEEEEEEEEEEEEEEE|166\/268 brn|[from] item: Leftovers
|-damage|p2a: STEEEEEEEEEEEEEEEE|133\/268 brn|[from] brn
|turn|10
|
|switch|p1a: Landorus-Therian|Landorus-Therian, M|382\/382
|-damage|p1a: Landorus-Therian|335\/382|[from] Stealth Rock
|-ability|p1a: Landorus-Therian|Intimidate|[of] p2a: STEEEEEEEEEEEEEEEE
|-unboost|p2a: STEEEEEEEEEEEEEEEE|atk|1
|switch|p2a: ghost oven|Rotom-Heat|279\/279
|
|-heal|p1a: Landorus-Therian|358\/382|[from] item: Leftovers
|turn|11
|
|switch|p1a: Latios|Latios, M|301\/301
|-damage|p1a: Latios|264\/301|[from] Stealth Rock
|move|p2a: ghost oven|Volt Switch|p1a: Latios
|-resisted|p1a: Latios
|-damage|p1a: Latios|210\/301
|
|switch|p2a: super meta|Sylveon, F|312\/394
|
|-heal|p2a: super meta|336\/394|[from] item: Leftovers
|turn|12
|
|switch|p1a: Jirachi|Jirachi|353\/404
|-damage|p1a: Jirachi|328\/404|[from] Stealth Rock
|move|p2a: super meta|Heal Bell|p2a: super meta
|-cureteam|p2a: super meta|[from] move: HealBell
|
|-heal|p1a: Jirachi|353\/404|[from] item: Leftovers
|-heal|p2a: super meta|360\/394|[from] item: Leftovers
|turn|13
|join|reecekeyz
|
|move|p1a: Jirachi|Substitute|p1a: Jirachi
|-start|p1a: Jirachi|Substitute
|-damage|p1a: Jirachi|252\/404
|move|p2a: super meta|Hyper Voice|p1a: Jirachi
|-resisted|p1a: Jirachi
|-damage|p1a: Jirachi|201\/404
|
|-heal|p1a: Jirachi|226\/404|[from] item: Leftovers
|-heal|p2a: super meta|384\/394|[from] item: Leftovers
|turn|14
|
|switch|p2a: ghost oven|Rotom-Heat|279\/279
|move|p1a: Jirachi|Body Slam|p2a: ghost oven
|-damage|p2a: ghost oven|213\/279
|
|-heal|p1a: Jirachi|251\/404|[from] item: Leftovers
|turn|15
|
|move|p2a: ghost oven|Volt Switch|p1a: Jirachi
|-activate|p1a: Jirachi|Substitute|[damage]
|
|switch|p2a: Mega-Luvdisc|Alomomola, M|534\/534
|move|p1a: Jirachi|Body Slam|p2a: Mega-Luvdisc
|-damage|p2a: Mega-Luvdisc|481\/534
|-status|p2a: Mega-Luvdisc|par
|
|-heal|p1a: Jirachi|276\/404|[from] item: Leftovers
|-heal|p2a: Mega-Luvdisc|514\/534 par|[from] item: Leftovers
|turn|16
|
|move|p1a: Jirachi|Iron Head|p2a: Mega-Luvdisc
|-resisted|p2a: Mega-Luvdisc
|-damage|p2a: Mega-Luvdisc|476\/534 par
|move|p2a: Mega-Luvdisc|Wish|p2a: Mega-Luvdisc
|
|-heal|p1a: Jirachi|301\/404|[from] item: Leftovers
|-heal|p2a: Mega-Luvdisc|509\/534 par|[from] item: Leftovers
|turn|17
|
|switch|p1a: Rotom-Wash|Rotom-Wash|266\/304 brn
|-damage|p1a: Rotom-Wash|228\/304 brn|[from] Stealth Rock
|switch|p2a: STEEEEEEEEEEEEEEEE|Steelix, M|133\/268
|
|-heal|p2a: STEEEEEEEEEEEEEEEE|268\/268|[from] move: Wish|[wisher] Mega-Luvdisc
|-heal|p1a: Rotom-Wash|247\/304 brn|[from] item: Leftovers
|-damage|p1a: Rotom-Wash|209\/304 brn|[from] brn
|turn|18
|join|am I kawaii? UGUU~
|join|fatalbertrimjob
|
|switch|p2a: super meta|Sylveon, F|384\/394
|move|p1a: Rotom-Wash|Will-O-Wisp|p2a: super meta
|-status|p2a: super meta|brn
|
|-heal|p1a: Rotom-Wash|228\/304 brn|[from] item: Leftovers
|-heal|p2a: super meta|394\/394 brn|[from] item: Leftovers
|-damage|p1a: Rotom-Wash|190\/304 brn|[from] brn
|-damage|p2a: super meta|345\/394 brn|[from] brn
|turn|19
|c| fatalbertrimjob|bleben is using PU the team
|c| fatalbertrimjob|wait
|c|âRhayader|>bleben
|c| fatalbertrimjob|this isn't bleben's match
|c| fatalbertrimjob|wait
|c| fatalbertrimjob|wait
|c| fatalbertrimjob|wait
|c| fatalbertrimjob|The fuck?
|leave|am I kawaii? UGUU~
|
|move|p1a: Rotom-Wash|Volt Switch|p2a: super meta
|-damage|p2a: super meta|272\/394 brn
|c| fatalbertrimjob|I fucked up.
|leave|fatalbertrimjob
|
|switch|p1a: Landorus-Therian|Landorus-Therian, M|358\/382
|-damage|p1a: Landorus-Therian|311\/382|[from] Stealth Rock
|-ability|p1a: Landorus-Therian|Intimidate|[of] p2a: super meta
|-unboost|p2a: super meta|atk|1
|move|p2a: super meta|Wish|p2a: super meta
|
|-heal|p1a: Landorus-Therian|334\/382|[from] item: Leftovers
|-heal|p2a: super meta|296\/394 brn|[from] item: Leftovers
|-damage|p2a: super meta|247\/394 brn|[from] brn
|turn|20
|
|move|p1a: Landorus-Therian|Stealth Rock|p2a: super meta
|-sidestart|p2: Rhayader|move: Stealth Rock
|move|p2a: super meta|Heal Bell|p2a: super meta
|-cureteam|p2a: super meta|[from] move: HealBell
|
|-heal|p2a: super meta|394\/394|[from] move: Wish|[wisher] super meta
|-heal|p1a: Landorus-Therian|357\/382|[from] item: Leftovers
|turn|21
|
|switch|p2a: Mega-Luvdisc|Alomomola, M|534\/534
|-damage|p2a: Mega-Luvdisc|468\/534|[from] Stealth Rock
|move|p1a: Landorus-Therian|U-turn|p2a: Mega-Luvdisc
|-damage|p2a: Mega-Luvdisc|402\/534
|
|switch|p1a: Manectric|Manectric-Mega, M|246\/281
|-damage|p1a: Manectric|211\/281|[from] Stealth Rock
|-ability|p1a: Manectric|Intimidate|[of] p2a: Mega-Luvdisc
|-unboost|p2a: Mega-Luvdisc|atk|1
|
|-heal|p2a: Mega-Luvdisc|435\/534|[from] item: Leftovers
|turn|22
|
|move|p2a: Mega-Luvdisc|Protect|p2a: Mega-Luvdisc
|-singleturn|p2a: Mega-Luvdisc|Protect
|move|p1a: Manectric|Thunderbolt|p2a: Mega-Luvdisc
|-activate|p2a: Mega-Luvdisc|Protect
|
|-heal|p2a: Mega-Luvdisc|468\/534|[from] item: Leftovers
|turn|23
|
|switch|p2a: best ducke|Porygon2|374\/374
|-damage|p2a: best ducke|328\/374|[from] Stealth Rock
|-ability|p2a: best ducke|Intimidate|[from] ability: Trace|[of] p1a: Manectric
|-ability|p2a: best ducke|Intimidate|[of] p1a: Manectric
|-unboost|p1a: Manectric|atk|1
|move|p1a: Manectric|Thunderbolt|p2a: best ducke
|-damage|p2a: best ducke|249\/374
|
|turn|24
|
|move|p1a: Manectric|Volt Switch|p2a: best ducke
|-damage|p2a: best ducke|185\/374
|
|switch|p1a: Clefable|Clefable, F|394\/394
|-damage|p1a: Clefable|345\/394|[from] Stealth Rock
|move|p2a: best ducke|Thunderbolt|p1a: Clefable
|-damage|p1a: Clefable|261\/394
|
|-heal|p1a: Clefable|285\/394|[from] item: Leftovers
|turn|25
|
|switch|p2a: Mega-Luvdisc|Alomomola, M|534\/534
|-damage|p2a: Mega-Luvdisc|468\/534|[from] Stealth Rock
|move|p1a: Clefable|Calm Mind|p1a: Clefable
|-boost|p1a: Clefable|spa|1
|-boost|p1a: Clefable|spd|1
|
|-heal|p2a: Mega-Luvdisc|501\/534|[from] item: Leftovers
|-heal|p1a: Clefable|309\/394|[from] item: Leftovers
|turn|26
|
|move|p2a: Mega-Luvdisc|Toxic|p1a: Clefable
|-status|p1a: Clefable|tox
|move|p1a: Clefable|Calm Mind|p1a: Clefable
|-boost|p1a: Clefable|spa|1
|-boost|p1a: Clefable|spd|1
|
|-heal|p2a: Mega-Luvdisc|534\/534|[from] item: Leftovers
|-heal|p1a: Clefable|333\/394 tox|[from] item: Leftovers
|-damage|p1a: Clefable|309\/394 tox|[from] psn
|turn|27
|
|move|p2a: Mega-Luvdisc|Wish|p2a: Mega-Luvdisc
|move|p1a: Clefable|Moonblast|p2a: Mega-Luvdisc
|-damage|p2a: Mega-Luvdisc|105\/534
|
|-heal|p2a: Mega-Luvdisc|138\/534|[from] item: Leftovers
|-heal|p1a: Clefable|333\/394 tox|[from] item: Leftovers
|-damage|p1a: Clefable|285\/394 tox|[from] psn
|turn|28
|leave|kawaiidesunii
|
|switch|p2a: best ducke|Porygon2|185\/374
|-damage|p2a: best ducke|139\/374|[from] Stealth Rock
|-ability|p2a: best ducke|Unaware|[from] ability: Trace|[of] p1a: Clefable
|switch|p1a: Manectric|Manectric-Mega, M|211\/281
|-damage|p1a: Manectric|176\/281|[from] Stealth Rock
|-ability|p1a: Manectric|Intimidate|[of] p2a: best ducke
|-unboost|p2a: best ducke|atk|1
|
|-heal|p2a: best ducke|374\/374|[from] move: Wish|[wisher] Mega-Luvdisc
|turn|29
|
|move|p1a: Manectric|Volt Switch|p2a: best ducke
|-damage|p2a: best ducke|311\/374
|
|switch|p1a: Jirachi|Jirachi|301\/404
|-damage|p1a: Jirachi|276\/404|[from] Stealth Rock
|move|p2a: best ducke|Ice Beam|p1a: Jirachi
|-resisted|p1a: Jirachi
|-damage|p1a: Jirachi|249\/404
|
|-heal|p1a: Jirachi|274\/404|[from] item: Leftovers
|turn|30
|leave|Bleben :DDDDD
|leave|reecekeyz
|
|switch|p2a: Mega-Luvdisc|Alomomola, M|316\/534
|-damage|p2a: Mega-Luvdisc|250\/534|[from] Stealth Rock
|move|p1a: Jirachi|Substitute|p1a: Jirachi
|-start|p1a: Jirachi|Substitute
|-damage|p1a: Jirachi|173\/404
|
|-heal|p1a: Jirachi|198\/404|[from] item: Leftovers
|-heal|p2a: Mega-Luvdisc|283\/534|[from] item: Leftovers
|turn|31
|
|move|p1a: Jirachi|Fire Punch|p2a: Mega-Luvdisc
|-resisted|p2a: Mega-Luvdisc
|-damage|p2a: Mega-Luvdisc|258\/534
|move|p2a: Mega-Luvdisc|Wish|p2a: Mega-Luvdisc
|
|-heal|p1a: Jirachi|223\/404|[from] item: Leftovers
|-heal|p2a: Mega-Luvdisc|291\/534|[from] item: Leftovers
|turn|32
|
|switch|p2a: ghost oven|Rotom-Heat|213\/279
|-damage|p2a: ghost oven|144\/279|[from] Stealth Rock
|move|p1a: Jirachi|Fire Punch|p2a: ghost oven
|-resisted|p2a: ghost oven
|-damage|p2a: ghost oven|117\/279
|
|-heal|p2a: ghost oven|279\/279|[from] move: Wish|[wisher] Mega-Luvdisc
|-heal|p1a: Jirachi|248\/404|[from] item: Leftovers
|turn|33
|
|move|p2a: ghost oven|Overheat|p1a: Jirachi
|-supereffective|p1a: Jirachi
|-end|p1a: Jirachi|Substitute
|-unboost|p2a: ghost oven|spa|2
|move|p1a: Jirachi|Body Slam|p2a: ghost oven
|-damage|p2a: ghost oven|220\/279
|
|-heal|p1a: Jirachi|273\/404|[from] item: Leftovers
|turn|34
|
|switch|p1a: Rotom-Wash|Rotom-Wash|190\/304 brn
|-damage|p1a: Rotom-Wash|152\/304 brn|[from] Stealth Rock
|move|p2a: ghost oven|Overheat|p1a: Rotom-Wash
|-resisted|p1a: Rotom-Wash
|-damage|p1a: Rotom-Wash|116\/304 brn
|-unboost|p2a: ghost oven|spa|2
|
|-heal|p1a: Rotom-Wash|135\/304 brn|[from] item: Leftovers
|-damage|p1a: Rotom-Wash|97\/304 brn|[from] brn
|turn|35
|
|switch|p2a: STEEEEEEEEEEEEEEEE|Steelix, M|268\/268
|-damage|p2a: STEEEEEEEEEEEEEEEE|260\/268|[from] Stealth Rock
|move|p1a: Rotom-Wash|Pain Split|p2a: STEEEEEEEEEEEEEEEE
|-sethp|p2a: STEEEEEEEEEEEEEEEE|178\/268|p1a: Rotom-Wash|178\/304 brn|[from] move: Pain Split
|
|-heal|p1a: Rotom-Wash|197\/304 brn|[from] item: Leftovers
|-heal|p2a: STEEEEEEEEEEEEEEEE|194\/268|[from] item: Leftovers
|-damage|p1a: Rotom-Wash|159\/304 brn|[from] brn
|turn|36
|
|switch|p2a: super meta|Sylveon, F|394\/394
|-damage|p2a: super meta|345\/394|[from] Stealth Rock
|move|p1a: Rotom-Wash|Volt Switch|p2a: super meta
|-damage|p2a: super meta|279\/394
|
|switch|p1a: Jirachi|Jirachi|273\/404
|-damage|p1a: Jirachi|248\/404|[from] Stealth Rock
|
|-heal|p1a: Jirachi|273\/404|[from] item: Leftovers
|-heal|p2a: super meta|303\/394|[from] item: Leftovers
|turn|37
|
|move|p1a: Jirachi|Body Slam|p2a: super meta
|-damage|p2a: super meta|239\/394
|-status|p2a: super meta|par
|move|p2a: super meta|Wish|p2a: super meta
|
|-heal|p1a: Jirachi|298\/404|[from] item: Leftovers
|-heal|p2a: super meta|263\/394 par|[from] item: Leftovers
|turn|38
|
|move|p1a: Jirachi|Iron Head|p2a: super meta
|-supereffective|p2a: super meta
|-damage|p2a: super meta|81\/394 par
|cant|p2a: super meta|flinch
|
|-heal|p2a: super meta|278\/394 par|[from] move: Wish|[wisher] super meta
|-heal|p1a: Jirachi|323\/404|[from] item: Leftovers
|-heal|p2a: super meta|302\/394 par|[from] item: Leftovers
|turn|39
|
|switch|p2a: STEEEEEEEEEEEEEEEE|Steelix, M|194\/268
|-damage|p2a: STEEEEEEEEEEEEEEEE|186\/268|[from] Stealth Rock
|move|p1a: Jirachi|Substitute|p1a: Jirachi
|-start|p1a: Jirachi|Substitute
|-damage|p1a: Jirachi|222\/404
|
|-heal|p1a: Jirachi|247\/404|[from] item: Leftovers
|-heal|p2a: STEEEEEEEEEEEEEEEE|202\/268|[from] item: Leftovers
|turn|40
|
|move|p1a: Jirachi|Fire Punch|p2a: STEEEEEEEEEEEEEEEE
|-supereffective|p2a: STEEEEEEEEEEEEEEEE
|-damage|p2a: STEEEEEEEEEEEEEEEE|136\/268
|move|p2a: STEEEEEEEEEEEEEEEE|Earthquake|p1a: Jirachi
|-supereffective|p1a: Jirachi
|-end|p1a: Jirachi|Substitute
|
|-heal|p1a: Jirachi|272\/404|[from] item: Leftovers
|-heal|p2a: STEEEEEEEEEEEEEEEE|152\/268|[from] item: Leftovers
|turn|41
|
|switch|p1a: Landorus-Therian|Landorus-Therian, M|357\/382
|-damage|p1a: Landorus-Therian|310\/382|[from] Stealth Rock
|-ability|p1a: Landorus-Therian|Intimidate|[of] p2a: STEEEEEEEEEEEEEEEE
|-unboost|p2a: STEEEEEEEEEEEEEEEE|atk|1
|move|p2a: STEEEEEEEEEEEEEEEE|Roar|p1a: Landorus-Therian
|drag|p1a: Jirachi|Jirachi|272\/404
|-damage|p1a: Jirachi|247\/404|[from] Stealth Rock
|
|-heal|p1a: Jirachi|272\/404|[from] item: Leftovers
|-heal|p2a: STEEEEEEEEEEEEEEEE|168\/268|[from] item: Leftovers
|turn|42
|
|switch|p1a: Landorus-Therian|Landorus-Therian, M|310\/382
|-damage|p1a: Landorus-Therian|263\/382|[from] Stealth Rock
|-ability|p1a: Landorus-Therian|Intimidate|[of] p2a: STEEEEEEEEEEEEEEEE
|-unboost|p2a: STEEEEEEEEEEEEEEEE|atk|1
|move|p2a: STEEEEEEEEEEEEEEEE|Earthquake|p1a: Landorus-Therian
|-immune|p1a: Landorus-Therian|[msg]
|
|-heal|p1a: Landorus-Therian|286\/382|[from] item: Leftovers
|-heal|p2a: STEEEEEEEEEEEEEEEE|184\/268|[from] item: Leftovers
|turn|43
|
|switch|p2a: Mega-Luvdisc|Alomomola, M|469\/534
|-damage|p2a: Mega-Luvdisc|403\/534|[from] Stealth Rock
|move|p1a: Landorus-Therian|U-turn|p2a: Mega-Luvdisc
|-damage|p2a: Mega-Luvdisc|335\/534
|
|switch|p1a: Manectric|Manectric-Mega, M|176\/281
|-damage|p1a: Manectric|141\/281|[from] Stealth Rock
|-ability|p1a: Manectric|Intimidate|[of] p2a: Mega-Luvdisc
|-unboost|p2a: Mega-Luvdisc|atk|1
|
|-heal|p2a: Mega-Luvdisc|368\/534|[from] item: Leftovers
|turn|44
|
|move|p2a: Mega-Luvdisc|Protect|p2a: Mega-Luvdisc
|-singleturn|p2a: Mega-Luvdisc|Protect
|move|p1a: Manectric|Volt Switch|p2a: Mega-Luvdisc
|-activate|p2a: Mega-Luvdisc|Protect
|
|-heal|p2a: Mega-Luvdisc|401\/534|[from] item: Leftovers
|turn|45
|
|switch|p2a: super meta|Sylveon, F|302\/394 par
|-damage|p2a: super meta|253\/394 par|[from] Stealth Rock
|move|p1a: Manectric|Volt Switch|p2a: super meta
|-damage|p2a: super meta|151\/394 par
|
|switch|p1a: Jirachi|Jirachi|272\/404
|-damage|p1a: Jirachi|247\/404|[from] Stealth Rock
|
|-heal|p1a: Jirachi|272\/404|[from] item: Leftovers
|-heal|p2a: super meta|175\/394 par|[from] item: Leftovers
|turn|46
|
|switch|p2a: ghost oven|Rotom-Heat|220\/279
|-damage|p2a: ghost oven|151\/279|[from] Stealth Rock
|move|p1a: Jirachi|Iron Head|p2a: ghost oven
|-resisted|p2a: ghost oven
|-damage|p2a: ghost oven|128\/279
|
|-heal|p1a: Jirachi|297\/404|[from] item: Leftovers
|turn|47
|
|switch|p1a: Latios|Latios, M|210\/301
|-damage|p1a: Latios|173\/301|[from] Stealth Rock
|move|p2a: ghost oven|Volt Switch|p1a: Latios
|-resisted|p1a: Latios
|-damage|p1a: Latios|123\/301
|
|switch|p2a: best ducke|Porygon2|311\/374
|-damage|p2a: best ducke|265\/374|[from] Stealth Rock
|-ability|p2a: best ducke|Levitate|[from] ability: Trace|[of] p1a: Latios
|
|turn|48
|
|switch|p1a: Clefable|Clefable, F|285\/394 tox
|-damage|p1a: Clefable|236\/394 tox|[from] Stealth Rock
|move|p2a: best ducke|Thunder Wave|p1a: Clefable
|-fail|p1a: Clefable
|
|-heal|p1a: Clefable|260\/394 tox|[from] item: Leftovers
|-damage|p1a: Clefable|236\/394 tox|[from] psn
|turn|49
|
|switch|p1a: Jirachi|Jirachi|297\/404
|-damage|p1a: Jirachi|272\/404|[from] Stealth Rock
|move|p2a: best ducke|Thunderbolt|p1a: Jirachi
|-damage|p1a: Jirachi|218\/404
|
|-heal|p1a: Jirachi|243\/404|[from] item: Leftovers
|turn|50
|
|switch|p2a: FUCK YOU CHANSEY|Medicham, F|261\/261
|-damage|p2a: FUCK YOU CHANSEY|245\/261|[from] Stealth Rock
|move|p1a: Jirachi|Substitute|p1a: Jirachi
|-start|p1a: Jirachi|Substitute
|-damage|p1a: Jirachi|142\/404
|
|-heal|p1a: Jirachi|167\/404|[from] item: Leftovers
|turn|51
|
|detailschange|p2a: FUCK YOU CHANSEY|Medicham-Mega, F
|message|Medicham has Mega Evolved into Mega Medicham!
|move|p2a: FUCK YOU CHANSEY|High Jump Kick|p1a: Jirachi
|-end|p1a: Jirachi|Substitute
|move|p1a: Jirachi|Body Slam|p2a: FUCK YOU CHANSEY
|-crit|p2a: FUCK YOU CHANSEY
|-damage|p2a: FUCK YOU CHANSEY|138\/261
|-status|p2a: FUCK YOU CHANSEY|par
|
|-heal|p1a: Jirachi|192\/404|[from] item: Leftovers
|turn|52
|
|move|p1a: Jirachi|Iron Head|p2a: FUCK YOU CHANSEY
|-damage|p2a: FUCK YOU CHANSEY|36\/261 par
|cant|p2a: FUCK YOU CHANSEY|par
|
|-heal|p1a: Jirachi|217\/404|[from] item: Leftovers
|turn|53
|
|switch|p2a: Mega-Luvdisc|Alomomola, M|534\/534
|-damage|p2a: Mega-Luvdisc|468\/534|[from] Stealth Rock
|move|p1a: Jirachi|Iron Head|p2a: Mega-Luvdisc
|-resisted|p2a: Mega-Luvdisc
|-damage|p2a: Mega-Luvdisc|432\/534
|
|-heal|p1a: Jirachi|242\/404|[from] item: Leftovers
|-heal|p2a: Mega-Luvdisc|465\/534|[from] item: Leftovers
|turn|54
|
|move|p1a: Jirachi|Substitute|p1a: Jirachi
|-start|p1a: Jirachi|Substitute
|-damage|p1a: Jirachi|141\/404
|move|p2a: Mega-Luvdisc|Soak|p1a: Jirachi
|
|-heal|p1a: Jirachi|166\/404|[from] item: Leftovers
|-heal|p2a: Mega-Luvdisc|498\/534|[from] item: Leftovers
|turn|55
|
|move|p1a: Jirachi|Fire Punch|p2a: Mega-Luvdisc
|-crit|p2a: Mega-Luvdisc
|-resisted|p2a: Mega-Luvdisc
|-damage|p2a: Mega-Luvdisc|458\/534
|move|p2a: Mega-Luvdisc|Wish|p2a: Mega-Luvdisc
|
|-heal|p1a: Jirachi|191\/404|[from] item: Leftovers
|-heal|p2a: Mega-Luvdisc|491\/534|[from] item: Leftovers
|turn|56
|
|switch|p2a: ghost oven|Rotom-Heat|128\/279
|-damage|p2a: ghost oven|59\/279|[from] Stealth Rock
|move|p1a: Jirachi|Iron Head|p2a: ghost oven
|-resisted|p2a: ghost oven
|-damage|p2a: ghost oven|38\/279
|
|-heal|p2a: ghost oven|279\/279|[from] move: Wish|[wisher] Mega-Luvdisc
|-heal|p1a: Jirachi|216\/404|[from] item: Leftovers
|turn|57
|
|move|p2a: ghost oven|Overheat|p1a: Jirachi|[miss]
|-miss|p2a: ghost oven|p1a: Jirachi
|move|p1a: Jirachi|Body Slam|p2a: ghost oven
|-damage|p2a: ghost oven|217\/279
|
|-heal|p1a: Jirachi|241\/404|[from] item: Leftovers
|turn|58
|
|move|p2a: ghost oven|Overheat|p1a: Jirachi
|-crit|p1a: Jirachi
|-supereffective|p1a: Jirachi
|-end|p1a: Jirachi|Substitute
|-unboost|p2a: ghost oven|spa|2
|move|p1a: Jirachi|Body Slam|p2a: ghost oven
|-damage|p2a: ghost oven|155\/279
|
|-heal|p1a: Jirachi|266\/404|[from] item: Leftovers
|turn|59
|
|switch|p2a: Mega-Luvdisc|Alomomola, M|534\/534
|-damage|p2a: Mega-Luvdisc|468\/534|[from] Stealth Rock
|switch|p1a: Rotom-Wash|Rotom-Wash|159\/304 brn
|-damage|p1a: Rotom-Wash|121\/304 brn|[from] Stealth Rock
|
|-heal|p1a: Rotom-Wash|140\/304 brn|[from] item: Leftovers
|-heal|p2a: Mega-Luvdisc|501\/534|[from] item: Leftovers
|-damage|p1a: Rotom-Wash|102\/304 brn|[from] brn
|turn|60
|join|Bleben :DDDDD
|c| Bleben :DDDDD|fucking meanieshit
|
|move|p2a: Mega-Luvdisc|Protect|p2a: Mega-Luvdisc
|-singleturn|p2a: Mega-Luvdisc|Protect
|move|p1a: Rotom-Wash|Volt Switch|p2a: Mega-Luvdisc
|-activate|p2a: Mega-Luvdisc|Protect
|
|-heal|p1a: Rotom-Wash|121\/304 brn|[from] item: Leftovers
|-heal|p2a: Mega-Luvdisc|534\/534|[from] item: Leftovers
|-damage|p1a: Rotom-Wash|83\/304 brn|[from] brn
|turn|61
|c| Bleben :DDDDD|60 turns and no grills
|
|move|p1a: Rotom-Wash|Will-O-Wisp|p2a: Mega-Luvdisc
|-status|p2a: Mega-Luvdisc|brn
|move|p2a: Mega-Luvdisc|Wish|p2a: Mega-Luvdisc
|
|-heal|p1a: Rotom-Wash|102\/304 brn|[from] item: Leftovers
|-damage|p1a: Rotom-Wash|64\/304 brn|[from] brn
|-damage|p2a: Mega-Luvdisc|468\/534 brn|[from] brn
|turn|62
|
|switch|p2a: super meta|Sylveon, F|175\/394 par
|-damage|p2a: super meta|126\/394 par|[from] Stealth Rock
|move|p1a: Rotom-Wash|Hydro Pump|p2a: super meta
|-damage|p2a: super meta|21\/394 par
|
|-heal|p2a: super meta|288\/394 par|[from] move: Wish|[wisher] Mega-Luvdisc
|-heal|p1a: Rotom-Wash|83\/304 brn|[from] item: Leftovers
|-heal|p2a: super meta|312\/394 par|[from] item: Leftovers
|-damage|p1a: Rotom-Wash|45\/304 brn|[from] brn
|turn|63
|
|move|p1a: Rotom-Wash|Pain Split|p2a: super meta
|-sethp|p2a: super meta|178\/394 par|p1a: Rotom-Wash|178\/304 brn|[from] move: Pain Split
|cant|p2a: super meta|par
|
|-heal|p1a: Rotom-Wash|197\/304 brn|[from] item: Leftovers
|-heal|p2a: super meta|202\/394 par|[from] item: Leftovers
|-damage|p1a: Rotom-Wash|159\/304 brn|[from] brn
|turn|64
|c|âRhayader|>para
|
|move|p1a: Rotom-Wash|Volt Switch|p2a: super meta
|-damage|p2a: super meta|135\/394 par
|
|switch|p1a: Jirachi|Jirachi|266\/404
|-damage|p1a: Jirachi|241\/404|[from] Stealth Rock
|move|p2a: super meta|Heal Bell|p2a: super meta
|-cureteam|p2a: super meta|[from] move: HealBell
|
|-heal|p1a: Jirachi|266\/404|[from] item: Leftovers
|-heal|p2a: super meta|159\/394|[from] item: Leftovers
|turn|65
|c| Bleben :DDDDD|I can't let you do that Dave
|
|switch|p2a: Mega-Luvdisc|Alomomola, M|534\/534
|-damage|p2a: Mega-Luvdisc|468\/534|[from] Stealth Rock
|move|p1a: Jirachi|Substitute|p1a: Jirachi
|-start|p1a: Jirachi|Substitute
|-damage|p1a: Jirachi|165\/404
|
|-heal|p1a: Jirachi|190\/404|[from] item: Leftovers
|-heal|p2a: Mega-Luvdisc|501\/534|[from] item: Leftovers
|turn|66
|
|move|p1a: Jirachi|Fire Punch|p2a: Mega-Luvdisc
|-resisted|p2a: Mega-Luvdisc
|-damage|p2a: Mega-Luvdisc|477\/534
|move|p2a: Mega-Luvdisc|Wish|p2a: Mega-Luvdisc
|
|-heal|p1a: Jirachi|215\/404|[from] item: Leftovers
|-heal|p2a: Mega-Luvdisc|510\/534|[from] item: Leftovers
|turn|67
|
|switch|p2a: STEEEEEEEEEEEEEEEE|Steelix, M|184\/268
|-damage|p2a: STEEEEEEEEEEEEEEEE|176\/268|[from] Stealth Rock
|move|p1a: Jirachi|Body Slam|p2a: STEEEEEEEEEEEEEEEE
|-resisted|p2a: STEEEEEEEEEEEEEEEE
|-damage|p2a: STEEEEEEEEEEEEEEEE|158\/268
|-status|p2a: STEEEEEEEEEEEEEEEE|par
|
|-heal|p2a: STEEEEEEEEEEEEEEEE|268\/268 par|[from] move: Wish|[wisher] Mega-Luvdisc
|-heal|p1a: Jirachi|240\/404|[from] item: Leftovers
|turn|68
|c| Bleben :DDDDD|le paraground
|
|move|p1a: Jirachi|Iron Head|p2a: STEEEEEEEEEEEEEEEE
|-resisted|p2a: STEEEEEEEEEEEEEEEE
|-damage|p2a: STEEEEEEEEEEEEEEEE|241\/268 par
|move|p2a: STEEEEEEEEEEEEEEEE|Gyro Ball|p1a: Jirachi
|-resisted|p1a: Jirachi
|-end|p1a: Jirachi|Substitute
|
|-heal|p1a: Jirachi|265\/404|[from] item: Leftovers
|-heal|p2a: STEEEEEEEEEEEEEEEE|257\/268 par|[from] item: Leftovers
|turn|69
|
|switch|p1a: Landorus-Therian|Landorus-Therian, M|286\/382
|-damage|p1a: Landorus-Therian|239\/382|[from] Stealth Rock
|-ability|p1a: Landorus-Therian|Intimidate|[of] p2a: STEEEEEEEEEEEEEEEE
|-unboost|p2a: STEEEEEEEEEEEEEEEE|atk|1
|move|p2a: STEEEEEEEEEEEEEEEE|Gyro Ball|p1a: Landorus-Therian
|-damage|p1a: Landorus-Therian|122\/382
|
|-heal|p1a: Landorus-Therian|145\/382|[from] item: Leftovers
|-heal|p2a: STEEEEEEEEEEEEEEEE|268\/268 par|[from] item: Leftovers
|turn|70
|
|move|p1a: Landorus-Therian|U-turn|p2a: STEEEEEEEEEEEEEEEE
|-resisted|p2a: STEEEEEEEEEEEEEEEE
|-damage|p2a: STEEEEEEEEEEEEEEEE|248\/268 par
|
|switch|p1a: Rotom-Wash|Rotom-Wash|159\/304 brn
|-damage|p1a: Rotom-Wash|121\/304 brn|[from] Stealth Rock
|move|p2a: STEEEEEEEEEEEEEEEE|Gyro Ball|p1a: Rotom-Wash
|-resisted|p1a: Rotom-Wash
|-damage|p1a: Rotom-Wash|88\/304 brn
|
|-heal|p1a: Rotom-Wash|107\/304 brn|[from] item: Leftovers
|-heal|p2a: STEEEEEEEEEEEEEEEE|264\/268 par|[from] item: Leftovers
|-damage|p1a: Rotom-Wash|69\/304 brn|[from] brn
|turn|71
|c|âRhayader|>11% on a quad resist physical wall
|
|switch|p2a: best ducke|Porygon2|265\/374
|-damage|p2a: best ducke|219\/374|[from] Stealth Rock
|-ability|p2a: best ducke|Levitate|[from] ability: Trace|[of] p1a: Rotom-Wash
|move|p1a: Rotom-Wash|Volt Switch|p2a: best ducke
|-damage|p2a: best ducke|173\/374
|
|switch|p1a: Jirachi|Jirachi|265\/404
|-damage|p1a: Jirachi|240\/404|[from] Stealth Rock
|
|-heal|p1a: Jirachi|265\/404|[from] item: Leftovers
|turn|72
|
|move|p1a: Jirachi|Substitute|p1a: Jirachi
|-start|p1a: Jirachi|Substitute
|-damage|p1a: Jirachi|164\/404
|move|p2a: best ducke|Recover|p2a: best ducke
|-heal|p2a: best ducke|360\/374
|
|-heal|p1a: Jirachi|189\/404|[from] item: Leftovers
|turn|73
|c| Bleben :DDDDD|this is almost as exciting as watching paint dry
|
|switch|p2a: Mega-Luvdisc|Alomomola, M|534\/534
|-damage|p2a: Mega-Luvdisc|468\/534|[from] Stealth Rock
|move|p1a: Jirachi|Fire Punch|p2a: Mega-Luvdisc
|-resisted|p2a: Mega-Luvdisc
|-damage|p2a: Mega-Luvdisc|444\/534
|
|-heal|p1a: Jirachi|214\/404|[from] item: Leftovers
|-heal|p2a: Mega-Luvdisc|477\/534|[from] item: Leftovers
|turn|74
|
|move|p1a: Jirachi|Fire Punch|p2a: Mega-Luvdisc
|-resisted|p2a: Mega-Luvdisc
|-damage|p2a: Mega-Luvdisc|451\/534
|move|p2a: Mega-Luvdisc|Wish|p2a: Mega-Luvdisc
|
|-heal|p1a: Jirachi|239\/404|[from] item: Leftovers
|-heal|p2a: Mega-Luvdisc|484\/534|[from] item: Leftovers
|turn|75
|
|switch|p2a: ghost oven|Rotom-Heat|155\/279
|-damage|p2a: ghost oven|86\/279|[from] Stealth Rock
|move|p1a: Jirachi|Body Slam|p2a: ghost oven
|-damage|p2a: ghost oven|17\/279
|
|-heal|p2a: ghost oven|279\/279|[from] move: Wish|[wisher] Mega-Luvdisc
|-heal|p1a: Jirachi|264\/404|[from] item: Leftovers
|turn|76
|
|move|p2a: ghost oven|Volt Switch|p1a: Jirachi
|-activate|p1a: Jirachi|Substitute|[damage]
|
|switch|p2a: STEEEEEEEEEEEEEEEE|Steelix, M|264\/268 par
|-damage|p2a: STEEEEEEEEEEEEEEEE|256\/268 par|[from] Stealth Rock
|move|p1a: Jirachi|Body Slam|p2a: STEEEEEEEEEEEEEEEE
|-resisted|p2a: STEEEEEEEEEEEEEEEE
|-damage|p2a: STEEEEEEEEEEEEEEEE|239\/268 par
|
|-heal|p1a: Jirachi|289\/404|[from] item: Leftovers
|-heal|p2a: STEEEEEEEEEEEEEEEE|255\/268 par|[from] item: Leftovers
|turn|77
|-message|zeroalt forfeited.
|
|win|Rhayader
|raw|Ladder updating...
|raw|zeroalt's rating: 1697 &rarr; <strong>1676<\/strong><br \/>(-21 for losing)
|raw|Rhayader's rating: 1677 &rarr; <strong>1699<\/strong><br \/>(+22 for winning)