|join|Rhayader
|join|Test_Pokebro
|player|p1|Rhayader|40
|player|p2|Test_Pokebro|253
|gametype|singles
|gen|6
|tier|OU
|rated
|clearpoke
|poke|p1|Steelix, F
|poke|p1|Porygon2
|poke|p1|Medicham, M
|poke|p1|Sylveon, M
|poke|p1|Alomomola, M
|poke|p1|Rotom-Heat
|poke|p2|Gliscor, M
|poke|p2|Bisharp, F
|poke|p2|Heatran, F
|poke|p2|Venusaur, M
|poke|p2|Rotom-Wash
|poke|p2|Latios, M
|rule|Swagger Clause: Swagger is banned
|rule|Baton Pass Clause: Limit one PokÃ©mon knowing Baton Pass
|rule|Sleep Clause Mod: Limit one foe put to sleep
|rule|Species Clause: Limit one of each PokÃ©mon
|rule|OHKO Clause: OHKO moves are banned
|rule|Moody Clause: Moody is banned
|rule|Evasion Moves Clause: Evasion moves are banned
|rule|Endless Battle Clause: Forcing endless battles is banned
|rule|HP Percentage Mod: HP is shown in percentages
|teampreview
|c|âRhayader|uh
|c|âRhayader|brb
|c|âRhayader|1 minute
|c|âRhayader|sorry
|c|âRhayader|alright
|c|âRhayader|im back
|
|start
|switch|p1a: ghost oven|Rotom-Heat|279\/279
|switch|p2a: Gliscor|Gliscor, M|352\/352
|turn|1
|
|switch|p2a: Heatran|Heatran, F|385\/385
|move|p1a: ghost oven|Trick|p2a: Heatran
|-activate|p1a: ghost oven|move: Trick|[of] p2a: Heatran
|-item|p2a: Heatran|Choice Scarf|[from] move: Trick
|-item|p1a: ghost oven|Leftovers|[from] move: Trick
|
|turn|2
|
|move|p2a: Heatran|Will-O-Wisp|p1a: ghost oven
|-fail|p1a: ghost oven
|move|p1a: ghost oven|Volt Switch|p2a: Heatran
|-damage|p2a: Heatran|304\/385
|
|switch|p1a: STEEEEEEEEEEEEEEEE|Steelix, F|268\/268
|
|turn|3
|
|switch|p2a: Gliscor|Gliscor, M|352\/352
|move|p1a: STEEEEEEEEEEEEEEEE|Stealth Rock|p2a: Gliscor
|-sidestart|p2: Test_Pokebro|move: Stealth Rock
|
|-status|p2a: Gliscor|tox|[from] item: Toxic Orb
|turn|4
|
|switch|p1a: best ducke|Porygon2|374\/374
|-ability|p1a: best ducke|Poison Heal|[from] ability: Trace|[of] p2a: Gliscor
|move|p2a: Gliscor|Knock Off|p1a: best ducke
|-damage|p1a: best ducke|325\/374
|-enditem|p1a: best ducke|Eviolite|[from] move: Knock Off|[of] p2a: Gliscor
|
|turn|5
|
|switch|p2a: Bisharp|Bisharp, F|272\/272
|-damage|p2a: Bisharp|255\/272|[from] Stealth Rock
|move|p1a: best ducke|Ice Beam|p2a: Bisharp
|-resisted|p2a: Bisharp
|-damage|p2a: Bisharp|208\/272
|
|turn|6
|
|switch|p1a: ghost oven|Rotom-Heat|279\/279
|move|p2a: Bisharp|Stealth Rock|p1a: ghost oven
|-sidestart|p1: Rhayader|move: Stealth Rock
|
|turn|7
|
|switch|p2a: Heatran|Heatran, F|304\/385
|-damage|p2a: Heatran|256\/385|[from] Stealth Rock
|move|p1a: ghost oven|Volt Switch|p2a: Heatran
|-damage|p2a: Heatran|177\/385
|
|switch|p1a: best ducke|Porygon2|325\/374
|-damage|p1a: best ducke|279\/374|[from] Stealth Rock
|-ability|p1a: best ducke|Flash Fire|[from] ability: Trace|[of] p2a: Heatran
|
|turn|8
|
|move|p1a: best ducke|Thunder Wave|p2a: Heatran
|-status|p2a: Heatran|par
|move|p2a: Heatran|Roar|p1a: best ducke
|drag|p1a: FUCK YOU CHANSEY|Medicham, M|261\/261
|-damage|p1a: FUCK YOU CHANSEY|245\/261|[from] Stealth Rock
|
|turn|9
|
|detailschange|p1a: FUCK YOU CHANSEY|Medicham-Mega, M
|message|Medicham has Mega Evolved into Mega Medicham!
|move|p1a: FUCK YOU CHANSEY|High Jump Kick|p2a: Heatran
|-supereffective|p2a: Heatran
|-damage|p2a: Heatran|0 fnt
|faint|p2a: Heatran
|
|
|switch|p2a: Bisharp|Bisharp, F|208\/272
|-damage|p2a: Bisharp|191\/272|[from] Stealth Rock
|turn|10
|
|move|p2a: Bisharp|Sucker Punch|p1a: FUCK YOU CHANSEY
|-damage|p1a: FUCK YOU CHANSEY|22\/261
|move|p1a: FUCK YOU CHANSEY|High Jump Kick|p2a: Bisharp
|-supereffective|p2a: Bisharp
|-damage|p2a: Bisharp|0 fnt
|faint|p2a: Bisharp
|
|
|switch|p2a: Rotom-Wash|Rotom-Wash|241\/241
|-damage|p2a: Rotom-Wash|211\/241|[from] Stealth Rock
|turn|11
|
|move|p2a: Rotom-Wash|Hidden Power|p1a: FUCK YOU CHANSEY
|-damage|p1a: FUCK YOU CHANSEY|0 fnt
|faint|p1a: FUCK YOU CHANSEY
|
|
|switch|p1a: super meta|Sylveon, M|394\/394
|-damage|p1a: super meta|345\/394|[from] Stealth Rock
|turn|12
|
|switch|p2a: Venusaur|Venusaur, M|364\/364
|-damage|p2a: Venusaur|319\/364|[from] Stealth Rock
|move|p1a: super meta|Calm Mind|p1a: super meta
|-boost|p1a: super meta|spa|1
|-boost|p1a: super meta|spd|1
|
|-heal|p1a: super meta|369\/394|[from] item: Leftovers
|turn|13
|
|detailschange|p2a: Venusaur|Venusaur-Mega, M
|message|Venusaur has Mega Evolved into Mega Venusaur!
|move|p2a: Venusaur|Sludge Bomb|p1a: super meta
|-supereffective|p1a: super meta
|-damage|p1a: super meta|231\/394
|move|p1a: super meta|Wish|p1a: super meta
|
|-heal|p1a: super meta|255\/394|[from] item: Leftovers
|turn|14
|
|switch|p2a: Gliscor|Gliscor, M|352\/352 tox
|-damage|p2a: Gliscor|308\/352 tox|[from] Stealth Rock
|move|p1a: super meta|Calm Mind|p1a: super meta
|-boost|p1a: super meta|spa|1
|-boost|p1a: super meta|spd|1
|
|-heal|p1a: super meta|394\/394|[from] move: Wish|[wisher] super meta
|-heal|p2a: Gliscor|352\/352 tox|[from] ability: Poison Heal
|turn|15
|
|move|p2a: Gliscor|Taunt|p1a: super meta
|-start|p1a: super meta|move: Taunt
|move|p1a: super meta|Hyper Voice|p2a: Gliscor
|-damage|p2a: Gliscor|55\/352 tox
|
|-heal|p2a: Gliscor|99\/352 tox|[from] ability: Poison Heal
|turn|16
|
|move|p2a: Gliscor|Knock Off|p1a: super meta
|-resisted|p1a: super meta
|-damage|p1a: super meta|358\/394
|-enditem|p1a: super meta|Leftovers|[from] move: Knock Off|[of] p2a: Gliscor
|move|p1a: super meta|Hyper Voice|p2a: Gliscor
|-damage|p2a: Gliscor|0 fnt
|faint|p2a: Gliscor
|
|
|switch|p2a: Rotom-Wash|Rotom-Wash|211\/241
|-damage|p2a: Rotom-Wash|181\/241|[from] Stealth Rock
|turn|17
|
|move|p2a: Rotom-Wash|Trick|p1a: super meta
|-activate|p2a: Rotom-Wash|move: Trick|[of] p1a: super meta
|-item|p1a: super meta|Choice Scarf|[from] move: Trick
|move|p1a: super meta|Hyper Voice|p2a: Rotom-Wash
|-damage|p2a: Rotom-Wash|0 fnt
|faint|p2a: Rotom-Wash
|
|-end|p1a: super meta|move: Taunt
|
|switch|p2a: Venusaur|Venusaur-Mega, M|319\/364
|-damage|p2a: Venusaur|274\/364|[from] Stealth Rock
|turn|18
|
|move|p1a: super meta|Hyper Voice|p2a: Venusaur
|-resisted|p2a: Venusaur
|-damage|p2a: Venusaur|150\/364
|move|p2a: Venusaur|Sludge Bomb|p1a: super meta
|-supereffective|p1a: super meta
|-damage|p1a: super meta|262\/394
|-status|p1a: super meta|psn
|
|-damage|p1a: super meta|213\/394 psn|[from] psn
|turn|19
|
|move|p1a: super meta|Hyper Voice|p2a: Venusaur
|-resisted|p2a: Venusaur
|-damage|p2a: Venusaur|21\/364
|move|p2a: Venusaur|Synthesis|p2a: Venusaur
|-heal|p2a: Venusaur|203\/364
|
|-damage|p1a: super meta|164\/394 psn|[from] psn
|turn|20
|
|move|p1a: super meta|Hyper Voice|p2a: Venusaur
|-resisted|p2a: Venusaur
|-damage|p2a: Venusaur|65\/364
|move|p2a: Venusaur|Synthesis|p2a: Venusaur
|-heal|p2a: Venusaur|247\/364
|
|-damage|p1a: super meta|115\/394 psn|[from] psn
|turn|21
|
|move|p1a: super meta|Hyper Voice|p2a: Venusaur
|-resisted|p2a: Venusaur
|-damage|p2a: Venusaur|109\/364
|move|p2a: Venusaur|Synthesis|p2a: Venusaur
|-heal|p2a: Venusaur|291\/364
|
|-damage|p1a: super meta|66\/394 psn|[from] psn
|turn|22
|
|move|p1a: super meta|Hyper Voice|p2a: Venusaur
|-resisted|p2a: Venusaur
|-damage|p2a: Venusaur|164\/364
|move|p2a: Venusaur|Synthesis|p2a: Venusaur
|-heal|p2a: Venusaur|346\/364
|
|-damage|p1a: super meta|17\/394 psn|[from] psn
|turn|23
|
|move|p1a: super meta|Hyper Voice|p2a: Venusaur
|-resisted|p2a: Venusaur
|-damage|p2a: Venusaur|212\/364
|move|p2a: Venusaur|Synthesis|p2a: Venusaur
|-heal|p2a: Venusaur|364\/364
|
|-damage|p1a: super meta|0 fnt|[from] psn
|faint|p1a: super meta
|
|switch|p1a: ghost oven|Rotom-Heat|279\/279
|-damage|p1a: ghost oven|210\/279|[from] Stealth Rock
|turn|24
|
|move|p1a: ghost oven|Will-O-Wisp|p2a: Venusaur
|-status|p2a: Venusaur|brn
|move|p2a: Venusaur|Sludge Bomb|p1a: ghost oven
|-damage|p1a: ghost oven|87\/279
|-status|p1a: ghost oven|psn
|
|-heal|p1a: ghost oven|104\/279 psn|[from] item: Leftovers
|-damage|p1a: ghost oven|70\/279 psn|[from] psn
|-damage|p2a: Venusaur|319\/364 brn|[from] brn
|turn|25
|
|move|p1a: ghost oven|Volt Switch|p2a: Venusaur
|-resisted|p2a: Venusaur
|-damage|p2a: Venusaur|265\/364 brn
|
|switch|p1a: STEEEEEEEEEEEEEEEE|Steelix, F|268\/268
|-damage|p1a: STEEEEEEEEEEEEEEEE|260\/268|[from] Stealth Rock
|move|p2a: Venusaur|Sludge Bomb|p1a: STEEEEEEEEEEEEEEEE
|-immune|p1a: STEEEEEEEEEEEEEEEE|[msg]
|
|-heal|p1a: STEEEEEEEEEEEEEEEE|268\/268|[from] item: Leftovers
|-damage|p2a: Venusaur|220\/364 brn|[from] brn
|turn|26
|
|move|p2a: Venusaur|Giga Drain|p1a: STEEEEEEEEEEEEEEEE
|-damage|p1a: STEEEEEEEEEEEEEEEE|157\/268
|-heal|p2a: Venusaur|276\/364 brn|[from] drain|[of] p1a: STEEEEEEEEEEEEEEEE
|move|p1a: STEEEEEEEEEEEEEEEE|Earthquake|p2a: Venusaur
|-damage|p2a: Venusaur|186\/364 brn
|
|-heal|p1a: STEEEEEEEEEEEEEEEE|173\/268|[from] item: Leftovers
|-damage|p2a: Venusaur|141\/364 brn|[from] brn
|turn|27
|
|move|p2a: Venusaur|Synthesis|p2a: Venusaur
|-heal|p2a: Venusaur|323\/364 brn
|move|p1a: STEEEEEEEEEEEEEEEE|Gyro Ball|p2a: Venusaur
|-damage|p2a: Venusaur|245\/364 brn
|
|-heal|p1a: STEEEEEEEEEEEEEEEE|189\/268|[from] item: Leftovers
|-damage|p2a: Venusaur|200\/364 brn|[from] brn
|turn|28
|
|move|p2a: Venusaur|Hidden Power|p1a: STEEEEEEEEEEEEEEEE
|-supereffective|p1a: STEEEEEEEEEEEEEEEE
|-damage|p1a: STEEEEEEEEEEEEEEEE|67\/268
|move|p1a: STEEEEEEEEEEEEEEEE|Roar|p2a: Venusaur
|drag|p2a: Latios|Latios, M|302\/302
|-damage|p2a: Latios|265\/302|[from] Stealth Rock
|
|-heal|p1a: STEEEEEEEEEEEEEEEE|83\/268|[from] item: Leftovers
|turn|29
|
|move|p2a: Latios|Draco Meteor|p1a: STEEEEEEEEEEEEEEEE
|-resisted|p1a: STEEEEEEEEEEEEEEEE
|-damage|p1a: STEEEEEEEEEEEEEEEE|0 fnt
|-unboost|p2a: Latios|spa|2
|-damage|p2a: Latios|235\/302|[from] item: Life Orb
|faint|p1a: STEEEEEEEEEEEEEEEE
|
|
|switch|p1a: Mega-Luvdisc|Alomomola, M|534\/534
|-damage|p1a: Mega-Luvdisc|468\/534|[from] Stealth Rock
|turn|30
|
|switch|p2a: Venusaur|Venusaur-Mega, M|200\/364 brn
|-damage|p2a: Venusaur|155\/364 brn|[from] Stealth Rock
|move|p1a: Mega-Luvdisc|Soak|p2a: Venusaur
|-start|p2a: Venusaur|typechange|Water
|
|-heal|p1a: Mega-Luvdisc|501\/534|[from] item: Leftovers
|-damage|p2a: Venusaur|110\/364 brn|[from] brn
|turn|31
|
|move|p2a: Venusaur|Synthesis|p2a: Venusaur
|-heal|p2a: Venusaur|292\/364 brn
|move|p1a: Mega-Luvdisc|Wish|p1a: Mega-Luvdisc
|
|-heal|p1a: Mega-Luvdisc|534\/534|[from] item: Leftovers
|-damage|p2a: Venusaur|247\/364 brn|[from] brn
|turn|32
|
|switch|p1a: best ducke|Porygon2|279\/374
|-damage|p1a: best ducke|233\/374|[from] Stealth Rock
|-ability|p1a: best ducke|Thick Fat|[from] ability: Trace|[of] p2a: Venusaur
|move|p2a: Venusaur|Giga Drain|p1a: best ducke
|-damage|p1a: best ducke|176\/374
|-heal|p2a: Venusaur|276\/364 brn|[from] drain|[of] p1a: best ducke
|
|-heal|p1a: best ducke|374\/374|[from] move: Wish|[wisher] Mega-Luvdisc
|-damage|p2a: Venusaur|231\/364 brn|[from] brn
|turn|33
|
|move|p2a: Venusaur|Sludge Bomb|p1a: best ducke
|-damage|p1a: best ducke|307\/374
|-status|p1a: best ducke|psn
|move|p1a: best ducke|Thunderbolt|p2a: Venusaur
|-supereffective|p2a: Venusaur
|-damage|p2a: Venusaur|109\/364 brn
|
|-damage|p2a: Venusaur|64\/364 brn|[from] brn
|-damage|p1a: best ducke|261\/374 psn|[from] psn
|turn|34
|
|switch|p2a: Latios|Latios, M|235\/302
|-damage|p2a: Latios|198\/302|[from] Stealth Rock
|move|p1a: best ducke|Thunderbolt|p2a: Latios
|-resisted|p2a: Latios
|-damage|p2a: Latios|162\/302
|
|-damage|p1a: best ducke|215\/374 psn|[from] psn
|turn|35
|
|move|p2a: Latios|Psyshock|p1a: best ducke
|-damage|p1a: best ducke|3\/374 psn
|-damage|p2a: Latios|132\/302|[from] item: Life Orb
|move|p1a: best ducke|Thunder Wave|p2a: Latios
|-status|p2a: Latios|par
|
|-damage|p1a: best ducke|0 fnt|[from] psn
|faint|p1a: best ducke
|
|switch|p1a: Mega-Luvdisc|Alomomola, M|534\/534
|-damage|p1a: Mega-Luvdisc|468\/534|[from] Stealth Rock
|turn|36
|
|move|p1a: Mega-Luvdisc|Wish|p1a: Mega-Luvdisc
|move|p2a: Latios|Thunderbolt|p1a: Mega-Luvdisc
|-supereffective|p1a: Mega-Luvdisc
|-damage|p1a: Mega-Luvdisc|0 fnt
|-damage|p2a: Latios|102\/302 par|[from] item: Life Orb
|faint|p1a: Mega-Luvdisc
|
|
|switch|p1a: ghost oven|Rotom-Heat|70\/279 psn
|-damage|p1a: ghost oven|1\/279 psn|[from] Stealth Rock
|turn|37
|
|move|p1a: ghost oven|Overheat|p2a: Latios
|-resisted|p2a: Latios
|-damage|p2a: Latios|0 fnt
|-unboost|p1a: ghost oven|spa|2
|faint|p2a: Latios
|
|-heal|p1a: ghost oven|268\/279 psn|[from] move: Wish|[wisher] Mega-Luvdisc
|-heal|p1a: ghost oven|279\/279 psn|[from] item: Leftovers
|-damage|p1a: ghost oven|245\/279 psn|[from] psn
|
|switch|p2a: Venusaur|Venusaur-Mega, M|64\/364 brn
|-damage|p2a: Venusaur|19\/364 brn|[from] Stealth Rock
|turn|38
|c|âRhayader|YES
|
|move|p1a: ghost oven|Overheat|p2a: Venusaur
|-supereffective|p2a: Venusaur
|-damage|p2a: Venusaur|0 fnt
|-unboost|p1a: ghost oven|spa|2
|faint|p2a: Venusaur
|
|win|Rhayader
|raw|Ladder updating...
|raw|Rhayader's rating: 1593 &rarr; <strong>1608<\/strong><br \/>(+15 for winning)
|raw|Test_Pokebro's rating: 1511 &rarr; <strong>1496<\/strong><br \/>(-15 for losing)
|leave|Test_Pokebro
|player|p2