|join|CleanerThanRotom-W
|join|Rhayader
|player|p1|CleanerThanRotom-W|226
|player|p2|Rhayader|40
|gametype|singles
|gen|6
|tier|OU
|rated
|clearpoke
|poke|p1|Sableye, M
|poke|p1|Chansey, F
|poke|p1|Cresselia, F
|poke|p1|Gothitelle, M
|poke|p1|Skarmory, F
|poke|p1|Quagsire, M
|poke|p2|Absol, M
|poke|p2|Latias, F
|poke|p2|Heatran, F
|poke|p2|Hippowdon, F
|poke|p2|Keldeo
|poke|p2|Klefki, M
|rule|Swagger Clause: Swagger is banned
|rule|Baton Pass Clause: Limit one PokÃ©mon knowing Baton Pass
|rule|Sleep Clause Mod: Limit one foe put to sleep
|rule|Species Clause: Limit one of each PokÃ©mon
|rule|OHKO Clause: OHKO moves are banned
|rule|Moody Clause: Moody is banned
|rule|Evasion Moves Clause: Evasion moves are banned
|rule|Endless Battle Clause: Forcing endless battles is banned
|rule|HP Percentage Mod: HP is shown in percentages
|teampreview
|join|uhhh o-ok
|join|DOGE EBINEST
|join|flyingsweater
|join|nidvikie
|c| uhhh o-ok|kek
|leave|flyingsweater
|c| uhhh o-ok|THE cleanerthanrotom-W
|join|The Lister Mr.
|join|Reud
|join|MushMunkey
|join|Signal Beam
|join|TheCommanderITF
|join|Sunic
|join|dedic
|c| TheCommanderITF|gib voice rhay
|c| TheCommanderITF|I want to dt something
TheCommanderITF was promoted to Room Voice by Rhayader.
|c|+TheCommanderITF|ty
|c| Sunic|le stall
|c|+TheCommanderITF|!data skill
No Pokemon, item, move, ability or nature named 'skill' was found. Showing the data of 'Stall' instead.
|c|~|\/data-ability Stall

|c| Reud|epic
|join|El Culo Rojo
|
|start
|switch|p1a: Sableye|Sableye, M|303\/303
|switch|p2a: Heatran|Heatran, F|386\/386
|turn|1
|c| uhhh o-ok|ebic..
|c|+TheCommanderITF|>some people unironically enjoy 80+ turn matches
|c| El Culo Rojo|Man I've never seen this team before
|
|detailschange|p1a: Sableye|Sableye-Mega, M
|-mega|p1a: Sableye|Sableye|Sablenite
|move|p2a: Heatran|Lava Plume|p1a: Sableye
|-damage|p1a: Sableye|227\/303
|move|p1a: Sableye|Snarl|p2a: Heatran
|-miss|p1a: Sableye|p2a: Heatran
|
|turn|2
|join|jolird
|c| El Culo Rojo|This is the most original team I've seen all day
|c| nidvikie|skilled
|c| uhhh o-ok|nice ummm accuracy
|
|move|p2a: Heatran|Lava Plume|p1a: Sableye
|-damage|p1a: Sableye|149\/303
|move|p1a: Sableye|Recover|p1a: Sableye
|-heal|p1a: Sableye|301\/303
|
|turn|3
|c|âRhayader|brightpowder heatran ftw
|c|+TheCommanderITF|new meta
|leave|El Culo Rojo
|
|move|p2a: Heatran|Lava Plume|p1a: Sableye
|-damage|p1a: Sableye|217\/303
|move|p1a: Sableye|Snarl|p2a: Heatran
|-damage|p2a: Heatran|329\/386
|-unboost|p2a: Heatran|spa|1
|
|-heal|p2a: Heatran|353\/386|[from] item: Leftovers
|turn|4
|c| jolird|enough with the new meta nonsense.
|c| uhhh o-ok|Tfw no burn
|c| jolird|i feel people use it for no reason now
|c| uhhh o-ok|hax
|c|+TheCommanderITF|reminder that if you go into m-absol it can't do a fucking thing
|
|switch|p1a: Gothitelle|Gothitelle, M|301\/301
|move|p2a: Heatran|Lava Plume|p1a: Gothitelle
|-damage|p1a: Gothitelle|225\/301
|
|-heal|p2a: Heatran|377\/386|[from] item: Leftovers
|turn|5
|c|âRhayader|i know
|c| uhhh o-ok|NICE ABSOL
|c| Reud|oh okay
|c|+TheCommanderITF|you know what ELSE can't do a fucking thing to m-absol?
|c|+TheCommanderITF|His entire team.
|
|move|p1a: Gothitelle|Trick|p2a: Heatran
|-activate|p1a: Gothitelle|move: Trick|[of] p2a: Heatran
|-item|p2a: Heatran|Choice Scarf|[from] move: Trick
|-item|p1a: Gothitelle|Leftovers|[from] move: Trick
|move|p2a: Heatran|Lava Plume|p1a: Gothitelle
|-damage|p1a: Gothitelle|147\/301
|
|-heal|p1a: Gothitelle|165\/301|[from] item: Leftovers
|turn|6
|c| jolird|we need mega heatran
|
|move|p2a: Heatran|Lava Plume|p1a: Gothitelle
|-damage|p1a: Gothitelle|93\/301
|-status|p1a: Gothitelle|brn
|move|p1a: Gothitelle|Rest|p1a: Gothitelle
|-status|p1a: Gothitelle|slp
|-heal|p1a: Gothitelle|301\/301 slp|[silent]
|-status|p1a: Gothitelle|slp|[from] move: Rest
|
|turn|7
|c|+TheCommanderITF|Between Knock off, sucker punch and fire blast
|join|datwerg
|c|+TheCommanderITF|you wreck the whole team
|
|move|p2a: Heatran|Lava Plume|p1a: Gothitelle
|-damage|p1a: Gothitelle|223\/301 slp
|cant|p1a: Gothitelle|slp
|
|-heal|p1a: Gothitelle|241\/301 slp|[from] item: Leftovers
|turn|8
|c|âRhayader|just kill heatran already
|c| Reud|goth is a good mon!
|c| Reud|let it do its work!
|c|+TheCommanderITF|No he's got to stall out 20+ turns yet
|
|move|p2a: Heatran|Lava Plume|p1a: Gothitelle
|-damage|p1a: Gothitelle|162\/301 slp
|cant|p1a: Gothitelle|slp
|
|-heal|p1a: Gothitelle|180\/301 slp|[from] item: Leftovers
|turn|9
|c|âRhayader|i love stall
|c|+TheCommanderITF|Because he's a fag
|c| nidvikie|goth is epic
|c| nidvikie|ftw
|c|âRhayader|use calm mind now
|c|+TheCommanderITF|shadow tag is an epic meme
|
|move|p2a: Heatran|Lava Plume|p1a: Gothitelle
|-damage|p1a: Gothitelle|99\/301 slp
|-curestatus|p1a: Gothitelle|slp
|move|p1a: Gothitelle|Calm Mind|p1a: Gothitelle
|-boost|p1a: Gothitelle|spa|1
|-boost|p1a: Gothitelle|spd|1
|
|-heal|p1a: Gothitelle|117\/301|[from] item: Leftovers
|turn|10
|join|TOTEMO
|c|âRhayader|now crit
|c|+TheCommanderITF|cit
|leave|datwerg
|c|+TheCommanderITF|crit*
|
|move|p2a: Heatran|Lava Plume|p1a: Gothitelle
|-damage|p1a: Gothitelle|65\/301
|-status|p1a: Gothitelle|brn
|move|p1a: Gothitelle|Rest|p1a: Gothitelle
|-status|p1a: Gothitelle|slp
|-heal|p1a: Gothitelle|301\/301 slp|[silent]
|-status|p1a: Gothitelle|slp|[from] move: Rest
|
|turn|11
|join|DracoMaster Dab
|leave|DracoMaster Dab
|c|+TheCommanderITF|>every match he feels the need to spend 20+ turns stalling out
|
|move|p2a: Heatran|Lava Plume|p1a: Gothitelle
|-damage|p1a: Gothitelle|250\/301 slp
|cant|p1a: Gothitelle|slp
|
|-heal|p1a: Gothitelle|268\/301 slp|[from] item: Leftovers
|turn|12
|c|+TheCommanderITF|>sets up CM to x4
|c|+TheCommanderITF|>something comes in that can ohko it
|join|oy vey my shekels
|
|move|p2a: Heatran|Lava Plume|p1a: Gothitelle
|-crit|p1a: Gothitelle
|-damage|p1a: Gothitelle|96\/301 slp
|cant|p1a: Gothitelle|slp
|
|-heal|p1a: Gothitelle|114\/301 slp|[from] item: Leftovers
|turn|13
|c|+TheCommanderITF|>switches out
|
|move|p2a: Heatran|Lava Plume|p1a: Gothitelle
|-damage|p1a: Gothitelle|60\/301 slp
|-curestatus|p1a: Gothitelle|slp
|move|p1a: Gothitelle|Rest|p1a: Gothitelle
|-status|p1a: Gothitelle|slp
|-heal|p1a: Gothitelle|301\/301 slp|[silent]
|-status|p1a: Gothitelle|slp|[from] move: Rest
|
|turn|14
|c| Reud|shut up
|c|+TheCommanderITF|wow rude
|c| Reud|let him do his thing!
|c| Reud|It's goth the god!
|c| oy vey my shekels|ayy
|
|move|p2a: Heatran|Lava Plume|p1a: Gothitelle
|-damage|p1a: Gothitelle|249\/301 slp
|cant|p1a: Gothitelle|slp
|
|-heal|p1a: Gothitelle|267\/301 slp|[from] item: Leftovers
|turn|15
|c| Reud|lorditelle
|
|move|p2a: Heatran|Lava Plume|p1a: Gothitelle
|-damage|p1a: Gothitelle|218\/301 slp
|cant|p1a: Gothitelle|slp
|
|-heal|p1a: Gothitelle|236\/301 slp|[from] item: Leftovers
|turn|16
|c|âRhayader|guys i am totally having fun
|
|move|p2a: Heatran|Lava Plume|p1a: Gothitelle
|-damage|p1a: Gothitelle|188\/301 slp
|-curestatus|p1a: Gothitelle|slp
|move|p1a: Gothitelle|Rest|p1a: Gothitelle
|-status|p1a: Gothitelle|slp
|-heal|p1a: Gothitelle|301\/301 slp|[silent]
|-status|p1a: Gothitelle|slp|[from] move: Rest
|
|turn|17
|c| Reud|so is he!
|leave|The Lister Mr.
|c|+TheCommanderITF|>wow I'm having so much fun sitting here for 24 turns doing nothing while the heatran dies
|
|move|p2a: Heatran|Lava Plume|p1a: Gothitelle
|-damage|p1a: Gothitelle|255\/301 slp
|cant|p1a: Gothitelle|slp
|
|-heal|p1a: Gothitelle|273\/301 slp|[from] item: Leftovers
|turn|18
|
|move|p2a: Heatran|Lava Plume|p1a: Gothitelle
|-damage|p1a: Gothitelle|219\/301 slp
|cant|p1a: Gothitelle|slp
|
|-heal|p1a: Gothitelle|237\/301 slp|[from] item: Leftovers
|turn|19
|c| Reud|>he's only doing one battle
|c| Reud|Stall is hard!
|
|move|p2a: Heatran|Lava Plume|p1a: Gothitelle
|-damage|p1a: Gothitelle|188\/301 slp
|-curestatus|p1a: Gothitelle|slp
|move|p1a: Gothitelle|Rest|p1a: Gothitelle
|-status|p1a: Gothitelle|slp
|-heal|p1a: Gothitelle|301\/301 slp|[silent]
|-status|p1a: Gothitelle|slp|[from] move: Rest
|
|turn|20
|
|move|p2a: Heatran|Lava Plume|p1a: Gothitelle
|-damage|p1a: Gothitelle|255\/301 slp
|cant|p1a: Gothitelle|slp
|
|-heal|p1a: Gothitelle|273\/301 slp|[from] item: Leftovers
|turn|21
|c| Reud|fucking
|c| Reud|kill it
|c| Reud|you faglord
|
|move|p2a: Heatran|Lava Plume|p1a: Gothitelle
|-damage|p1a: Gothitelle|222\/301 slp
|cant|p1a: Gothitelle|slp
|
|-heal|p1a: Gothitelle|240\/301 slp|[from] item: Leftovers
|turn|22
|c|+TheCommanderITF|He wants to set up 4x spatk and spdef so m-absol can get a free switch in
|c|+TheCommanderITF|mega and 6-0 the team
|c| Reud|pp stall should not be a primary strategy
|c| Reud|imo
|join|haunter
|c|+TheCommanderITF|Because he didn't pack an answer to mega absol
|
|move|p2a: Heatran|Lava Plume|p1a: Gothitelle
|-damage|p1a: Gothitelle|188\/301 slp
|-curestatus|p1a: Gothitelle|slp
|move|p1a: Gothitelle|Rest|p1a: Gothitelle
|-status|p1a: Gothitelle|slp
|-heal|p1a: Gothitelle|301\/301 slp|[silent]
|-status|p1a: Gothitelle|slp|[from] move: Rest
|
|turn|23
|c| Reud|You can't pack an answer to every wallbreaker
|c| Reud|Let alone the obscure ones
|c|+TheCommanderITF|when you're a stall team
|c|+TheCommanderITF|and you lose to a magic bouncer
|c|+TheCommanderITF|your team is bad
|
|move|p2a: Heatran|Lava Plume|p1a: Gothitelle
|-damage|p1a: Gothitelle|252\/301 slp
|cant|p1a: Gothitelle|slp
|
|-heal|p1a: Gothitelle|270\/301 slp|[from] item: Leftovers
|turn|24
|c|âRhayader|yup
Reud was banned from room battle-ou-205633449 by haunter.
|unlink|reud
|leave|Reud
|c|+TheCommanderITF|when you build stall, the FIRST thing you do is
|
|move|p2a: Heatran|Lava Plume|p1a: Gothitelle
|-damage|p1a: Gothitelle|221\/301 slp
|cant|p1a: Gothitelle|slp
|
|-heal|p1a: Gothitelle|239\/301 slp|[from] item: Leftovers
|turn|25
|join|Michielleus
haunter was promoted to Room Voice by Rhayader.
|c|+TheCommanderITF|'oh do I have counters to all magic bouncers'
|
|move|p2a: Heatran|Struggle|p1a: Gothitelle
|-damage|p1a: Gothitelle|210\/301 slp
|-damage|p2a: Heatran|281\/386
|-curestatus|p1a: Gothitelle|slp
|move|p1a: Gothitelle|Rest|p1a: Gothitelle
|-status|p1a: Gothitelle|slp
|-heal|p1a: Gothitelle|301\/301 slp|[silent]
|-status|p1a: Gothitelle|slp|[from] move: Rest
|
|turn|26
|
|move|p2a: Heatran|Struggle|p1a: Gothitelle
|-damage|p1a: Gothitelle|272\/301 slp
|-damage|p2a: Heatran|185\/386
|cant|p1a: Gothitelle|slp
|
|-heal|p1a: Gothitelle|290\/301 slp|[from] item: Leftovers
|turn|27
|join|chumped
|join|Raniel
|join|datwerg
|c| oy vey my shekels|remt
|
|move|p2a: Heatran|Struggle|p1a: Gothitelle
|-damage|p1a: Gothitelle|259\/301 slp
|-damage|p2a: Heatran|89\/386
|cant|p1a: Gothitelle|slp
|
|-heal|p1a: Gothitelle|277\/301 slp|[from] item: Leftovers
|turn|28
|c| datwerg|are you serious
|join|blarghlfarghl
|c| Raniel|memes
|
|move|p2a: Heatran|Struggle|p1a: Gothitelle
|-damage|p1a: Gothitelle|248\/301 slp
|-damage|p2a: Heatran|0 fnt
|faint|p2a: Heatran
|-curestatus|p1a: Gothitelle|slp
|move|p1a: Gothitelle|Calm Mind|p1a: Gothitelle
|-boost|p1a: Gothitelle|spa|1
|-boost|p1a: Gothitelle|spd|1
|
|-heal|p1a: Gothitelle|266\/301|[from] item: Leftovers
|c| datwerg|why would you __**do**__ that
|c| chumped|omg hi mom im on shofu
|join|doc oc
|c|+TheCommanderITF|le mega absol time
|
|switch|p2a: Absol|Absol, M|271\/271
|turn|29
|c| datwerg|meme all over 'im
|
|switch|p1a: Quagsire|Quagsire, M|393\/393
|detailschange|p2a: Absol|Absol-Mega, M
|-mega|p2a: Absol|Absol|Absolite
|move|p2a: Absol|Knock Off|p1a: Quagsire
|-damage|p1a: Quagsire|228\/393
|-enditem|p1a: Quagsire|Leftovers|[from] move: Knock Off|[of] p2a: Absol
|
|turn|30
|c| uhhh o-ok|memes
|join|Ridaz
|
|switch|p2a: Latias|Latias, F|301\/301
|move|p1a: Quagsire|Recover|p1a: Quagsire
|-heal|p1a: Quagsire|393\/393
|
|turn|31
|c| datwerg|use grass knot
|
|switch|p1a: Chansey|Chansey, F|703\/703
|move|p2a: Latias|Trick|p1a: Chansey
|-activate|p2a: Latias|move: Trick|[of] p1a: Chansey
|-item|p1a: Chansey|Choice Scarf|[from] move: Trick
|-item|p2a: Latias|Eviolite|[from] move: Trick
|
|turn|32
|join|Mistaken
|c|+TheCommanderITF|donked
|c| MushMunkey|LMAO
|c| oy vey my shekels|remt
|
|switch|p2a: Hippowdon|Hippowdon, F|420\/420
|-weather|Sandstorm
|move|p1a: Chansey|Seismic Toss|p2a: Hippowdon
|-damage|p2a: Hippowdon|320\/420
|
|-weather|Sandstorm|[upkeep]
|-damage|p1a: Chansey|660\/703|[from] sandstorm
|-heal|p2a: Hippowdon|346\/420|[from] item: Leftovers
|turn|33
|
|switch|p1a: Sableye|Sableye-Mega, M|217\/303
|move|p2a: Hippowdon|Earthquake|p1a: Sableye
|-crit|p1a: Sableye
|-damage|p1a: Sableye|49\/303
|
|-weather|Sandstorm|[upkeep]
|-damage|p1a: Sableye|31\/303|[from] sandstorm
|-heal|p2a: Hippowdon|372\/420|[from] item: Leftovers
|turn|34
|c| Signal Beam|ok
|join|vanillaoreo
|c| blarghlfarghl|lol
|c| nidvikie|eqeq
|c| Signal Beam|is this the 91 gxe god
|c| Signal Beam|CleanerThanRotomW?
|c|+TheCommanderITF|given his gameplay so far
|c|+TheCommanderITF|clearly not
|c| blarghlfarghl|lol
|c| Signal Beam|he just spams mindless stall that wasn't built by him anyways
|c| blarghlfarghl|that one tie tho
|c| uhhh o-ok|Hes good rly no rly!
|
|move|p2a: Hippowdon|Earthquake|p1a: Sableye
|-damage|p1a: Sableye|0 fnt
|faint|p1a: Sableye
|
|-weather|Sandstorm|[upkeep]
|-heal|p2a: Hippowdon|398\/420|[from] item: Leftovers
|raw|<div class="broadcast-red"><b>Moderated chat was set to +!<\/b><br \/>Only users of rank + and higher can talk.<\/div>
|raw|<div class="broadcast-blue"><b>Moderated chat was disabled!<\/b><br \/>Anyone may talk now.<\/div>
|c| vanillaoreo|ayy lmao
|leave|Raniel
|c|âRhayader|don't do that please
|c| datwerg|wow are you serious
|c| chumped|inb4 spam
|c|+TheCommanderITF|>doesn't even remember to get scarf back off heatran before it dies
|c|+TheCommanderITF|>good
|
|switch|p1a: Quagsire|Quagsire, M|393\/393
|turn|35
|c|âCleanerThanRotom-W|then tell your friends to shut the fuck up
|raw|<div class="broadcast-red"><b>Moderated chat was set to ~!<\/b><br \/>Only users of rank ~ and higher can talk.<\/div>
datwerg was promoted to Room Voice by Rhayader.
|join|Temporaryanonymous
|join|flyingsweater
|c|~haunter|silence is so good
|join|kektus
|join|Champ. Gary Oak
|join|OtterLanista
|join|just becoz ur 1840
|join|flippy
|join|Raniel
|join|shunfglol
|
|move|p2a: Hippowdon|Toxic|p1a: Quagsire
|-status|p1a: Quagsire|tox
|move|p1a: Quagsire|Scald|p2a: Hippowdon
|-supereffective|p2a: Hippowdon
|-damage|p2a: Hippowdon|282\/420
|
|-weather|Sandstorm|[upkeep]
|-heal|p2a: Hippowdon|308\/420|[from] item: Leftovers
|-damage|p1a: Quagsire|369\/393 tox|[from] psn
|turn|36
|join|doesnt mean ur
|join|better than us
|join|TheCommanderITF
|
|move|p2a: Hippowdon|Stealth Rock|p1a: Quagsire
|-sidestart|p1: CleanerThanRotom-W|move: Stealth Rock
|move|p1a: Quagsire|Toxic|p2a: Hippowdon
|-status|p2a: Hippowdon|tox
|
|-weather|none
|-heal|p2a: Hippowdon|334\/420 tox|[from] item: Leftovers
|-damage|p2a: Hippowdon|308\/420 tox|[from] psn
|-damage|p1a: Quagsire|321\/393 tox|[from] psn
|turn|37
|leave|OtterLanista
|leave|flippy
|
|switch|p2a: Latias|Latias, F|301\/301
|switch|p1a: Skarmory|Skarmory, F|334\/334
|-damage|p1a: Skarmory|293\/334|[from] Stealth Rock
|
|turn|38
|leave|vanillaoreo
|
|switch|p2a: Absol|Absol-Mega, M|271\/271
|move|p1a: Skarmory|Defog|p2a: Absol
|move|p2a: Absol|Defog|p1a: Skarmory|[from]Magic Bounce
|-unboost|p1a: Skarmory|evasion|1
|-sideend|p1: CleanerThanRotom-W|Stealth Rock|[from] move: Defog|[of] p1a: Skarmory
|
|turn|39
|join|Baa
|join|El Culo Rojo
|
|move|p2a: Absol|Knock Off|p1a: Skarmory
|-damage|p1a: Skarmory|188\/334
|-enditem|p1a: Skarmory|Shed Shell|[from] move: Knock Off|[of] p2a: Absol
|move|p1a: Skarmory|Roost|p1a: Skarmory
|-heal|p1a: Skarmory|334\/334
|
|turn|40
|join|Annie-May
|
|switch|p1a: Chansey|Chansey, F|660\/703
|move|p2a: Absol|Swords Dance|p2a: Absol
|-boost|p2a: Absol|atk|2
|
|turn|41
|
|move|p2a: Absol|Knock Off|p1a: Chansey
|-damage|p1a: Chansey|0 fnt
|-enditem|p1a: Chansey|Choice Scarf|[from] move: Knock Off|[of] p2a: Absol
|faint|p1a: Chansey
|
|
|switch|p1a: Skarmory|Skarmory, F|334\/334
|turn|42
|
|move|p2a: Absol|Swords Dance|p2a: Absol
|-boost|p2a: Absol|atk|2
|move|p1a: Skarmory|Counter|p2a: Absol
|-fail|p2a: Absol
|
|turn|43
|
|move|p2a: Absol|Swords Dance|p2a: Absol
|-boost|p2a: Absol|atk|2
|move|p1a: Skarmory|Counter|p2a: Absol
|-fail|p2a: Absol
|
|turn|44
|join|flippy
|
|switch|p2a: Klefki|Klefki, M|318\/318
|move|p1a: Skarmory|Counter|p2a: Klefki
|-fail|p2a: Klefki
|
|turn|45
|
|switch|p1a: Gothitelle|Gothitelle, M|266\/301
|move|p2a: Klefki|Foul Play|p1a: Gothitelle
|-supereffective|p1a: Gothitelle
|-damage|p1a: Gothitelle|194\/301
|
|-heal|p1a: Gothitelle|212\/301|[from] item: Leftovers
|turn|46
|
|move|p2a: Klefki|Spikes|p1a: Gothitelle
|-sidestart|p1: CleanerThanRotom-W|Spikes
|move|p1a: Gothitelle|Psychic|p2a: Klefki
|-resisted|p2a: Klefki
|-damage|p2a: Klefki|261\/318
|
|-heal|p1a: Gothitelle|230\/301|[from] item: Leftovers
|-heal|p2a: Klefki|280\/318|[from] item: Leftovers
|turn|47
|join|l123
|leave|chumped
|join|Tymp
|leave|DOGE EBINEST
|join|akkeshi
|join|DOGE EBINEST
|
|move|p2a: Klefki|Spikes|p1a: Gothitelle
|-sidestart|p1: CleanerThanRotom-W|Spikes
|move|p1a: Gothitelle|Calm Mind|p1a: Gothitelle
|-boost|p1a: Gothitelle|spa|1
|-boost|p1a: Gothitelle|spd|1
|
|-heal|p1a: Gothitelle|248\/301|[from] item: Leftovers
|-heal|p2a: Klefki|299\/318|[from] item: Leftovers
|turn|48
|
|move|p2a: Klefki|Spikes|p1a: Gothitelle
|-sidestart|p1: CleanerThanRotom-W|Spikes
|move|p1a: Gothitelle|Calm Mind|p1a: Gothitelle
|-boost|p1a: Gothitelle|spa|1
|-boost|p1a: Gothitelle|spd|1
|
|-heal|p1a: Gothitelle|266\/301|[from] item: Leftovers
|-heal|p2a: Klefki|318\/318|[from] item: Leftovers
|turn|49
|join|dispute bot
|
|move|p1a: Gothitelle|Calm Mind|p1a: Gothitelle
|-boost|p1a: Gothitelle|spa|1
|-boost|p1a: Gothitelle|spd|1
|move|p2a: Klefki|Foul Play|p1a: Gothitelle
|-supereffective|p1a: Gothitelle
|-damage|p1a: Gothitelle|190\/301
|
|-heal|p1a: Gothitelle|208\/301|[from] item: Leftovers
|turn|50
|join|req'd by crobro
|
|move|p1a: Gothitelle|Calm Mind|p1a: Gothitelle
|-boost|p1a: Gothitelle|spa|1
|-boost|p1a: Gothitelle|spd|1
|move|p2a: Klefki|Foul Play|p1a: Gothitelle
|-supereffective|p1a: Gothitelle
|-damage|p1a: Gothitelle|140\/301
|
|-heal|p1a: Gothitelle|158\/301|[from] item: Leftovers
|turn|51
|leave|Raniel
|
|move|p1a: Gothitelle|Rest|p1a: Gothitelle
|-status|p1a: Gothitelle|slp
|-heal|p1a: Gothitelle|301\/301 slp|[silent]
|-status|p1a: Gothitelle|slp|[from] move: Rest
|move|p2a: Klefki|Foul Play|p1a: Gothitelle
|-supereffective|p1a: Gothitelle
|-damage|p1a: Gothitelle|225\/301 slp
|
|-heal|p1a: Gothitelle|243\/301 slp|[from] item: Leftovers
|turn|52
|
|cant|p1a: Gothitelle|slp
|move|p2a: Klefki|Foul Play|p1a: Gothitelle
|-supereffective|p1a: Gothitelle
|-damage|p1a: Gothitelle|179\/301 slp
|
|-heal|p1a: Gothitelle|197\/301 slp|[from] item: Leftovers
|turn|53
|join|Reverb
|
|cant|p1a: Gothitelle|slp
|move|p2a: Klefki|Foul Play|p1a: Gothitelle
|-supereffective|p1a: Gothitelle
|-damage|p1a: Gothitelle|129\/301 slp
|
|-heal|p1a: Gothitelle|147\/301 slp|[from] item: Leftovers
|turn|54
|
|-curestatus|p1a: Gothitelle|slp
|move|p1a: Gothitelle|Rest|p1a: Gothitelle
|-status|p1a: Gothitelle|slp
|-heal|p1a: Gothitelle|301\/301 slp|[silent]
|-status|p1a: Gothitelle|slp|[from] move: Rest
|move|p2a: Klefki|Foul Play|p1a: Gothitelle
|-supereffective|p1a: Gothitelle
|-damage|p1a: Gothitelle|235\/301 slp
|
|-heal|p1a: Gothitelle|253\/301 slp|[from] item: Leftovers
|turn|55
|join|consecutio
|
|cant|p1a: Gothitelle|slp
|move|p2a: Klefki|Foul Play|p1a: Gothitelle
|-supereffective|p1a: Gothitelle
|-damage|p1a: Gothitelle|179\/301 slp
|
|-heal|p1a: Gothitelle|197\/301 slp|[from] item: Leftovers
|turn|56
|
|cant|p1a: Gothitelle|slp
|move|p2a: Klefki|Foul Play|p1a: Gothitelle
|-supereffective|p1a: Gothitelle
|-damage|p1a: Gothitelle|131\/301 slp
|
|-heal|p1a: Gothitelle|149\/301 slp|[from] item: Leftovers
|turn|57
|join|Demandred
|leave|Annie-May
|
|-curestatus|p1a: Gothitelle|slp
|move|p1a: Gothitelle|Rest|p1a: Gothitelle
|-status|p1a: Gothitelle|slp
|-heal|p1a: Gothitelle|301\/301 slp|[silent]
|-status|p1a: Gothitelle|slp|[from] move: Rest
|move|p2a: Klefki|Foul Play|p1a: Gothitelle
|-supereffective|p1a: Gothitelle
|-damage|p1a: Gothitelle|237\/301 slp
|
|-heal|p1a: Gothitelle|255\/301 slp|[from] item: Leftovers
|turn|58
|
|move|p2a: Klefki|Thunder Wave|p1a: Gothitelle
|-fail|p1a: Gothitelle
|cant|p1a: Gothitelle|slp
|
|-heal|p1a: Gothitelle|273\/301 slp|[from] item: Leftovers
|turn|59
|
|cant|p1a: Gothitelle|slp
|move|p2a: Klefki|Foul Play|p1a: Gothitelle
|-supereffective|p1a: Gothitelle
|-damage|p1a: Gothitelle|203\/301 slp
|
|-heal|p1a: Gothitelle|221\/301 slp|[from] item: Leftovers
|turn|60
|
|-curestatus|p1a: Gothitelle|slp
|move|p1a: Gothitelle|Calm Mind|p1a: Gothitelle
|-boost|p1a: Gothitelle|spa|1
|-boost|p1a: Gothitelle|spd|1
|move|p2a: Klefki|Foul Play|p1a: Gothitelle
|-supereffective|p1a: Gothitelle
|-damage|p1a: Gothitelle|149\/301
|
|-heal|p1a: Gothitelle|167\/301|[from] item: Leftovers
|turn|61
|
|move|p1a: Gothitelle|Rest|p1a: Gothitelle
|-status|p1a: Gothitelle|slp
|-heal|p1a: Gothitelle|301\/301 slp|[silent]
|-status|p1a: Gothitelle|slp|[from] move: Rest
|move|p2a: Klefki|Foul Play|p1a: Gothitelle
|-supereffective|p1a: Gothitelle
|-damage|p1a: Gothitelle|229\/301 slp
|
|-heal|p1a: Gothitelle|247\/301 slp|[from] item: Leftovers
|turn|62
|
|move|p2a: Klefki|Spikes|p1a: Gothitelle
|-fail|p1a: Gothitelle
|cant|p1a: Gothitelle|slp
|
|-heal|p1a: Gothitelle|265\/301 slp|[from] item: Leftovers
|turn|63
|join|biggie
|leave|biggie
|
|cant|p1a: Gothitelle|slp
|move|p2a: Klefki|Foul Play|p1a: Gothitelle
|-supereffective|p1a: Gothitelle
|-damage|p1a: Gothitelle|195\/301 slp
|
|-heal|p1a: Gothitelle|213\/301 slp|[from] item: Leftovers
|turn|64
|leave|nidvikie
|join|vanillaoreo
|join|Squirrelll
|
|-curestatus|p1a: Gothitelle|slp
|move|p1a: Gothitelle|Calm Mind|p1a: Gothitelle
|-boost|p1a: Gothitelle|spa|1
|-boost|p1a: Gothitelle|spd|1
|move|p2a: Klefki|Foul Play|p1a: Gothitelle
|-supereffective|p1a: Gothitelle
|-damage|p1a: Gothitelle|145\/301
|
|-heal|p1a: Gothitelle|163\/301|[from] item: Leftovers
|turn|65
|join|FreeRoamer
|
|move|p2a: Klefki|Thunder Wave|p1a: Gothitelle
|-status|p1a: Gothitelle|par
|move|p1a: Gothitelle|Rest|p1a: Gothitelle
|-status|p1a: Gothitelle|slp
|-heal|p1a: Gothitelle|301\/301 slp|[silent]
|-status|p1a: Gothitelle|slp|[from] move: Rest
|
|turn|66
|
|move|p2a: Klefki|Thunder Wave|p1a: Gothitelle
|-fail|p1a: Gothitelle
|cant|p1a: Gothitelle|slp
|
|turn|67
|
|move|p2a: Klefki|Thunder Wave|p1a: Gothitelle
|-fail|p1a: Gothitelle
|cant|p1a: Gothitelle|slp
|
|turn|68
|
|-curestatus|p1a: Gothitelle|slp
|move|p1a: Gothitelle|Psychic|p2a: Klefki
|-resisted|p2a: Klefki
|-damage|p2a: Klefki|102\/318
|move|p2a: Klefki|Foul Play|p1a: Gothitelle
|-supereffective|p1a: Gothitelle
|-damage|p1a: Gothitelle|237\/301
|
|-heal|p1a: Gothitelle|255\/301|[from] item: Leftovers
|-heal|p2a: Klefki|121\/318|[from] item: Leftovers
|turn|69
|join|BOY STALL IS FUN
|leave|BOY STALL IS FUN
|join|BOY STALL IS FUN
|join|Animus Majulous
|
|move|p2a: Klefki|Thunder Wave|p1a: Gothitelle
|-status|p1a: Gothitelle|par
|move|p1a: Gothitelle|Psychic|p2a: Klefki
|-resisted|p2a: Klefki
|-damage|p2a: Klefki|0 fnt
|faint|p2a: Klefki
|
|-heal|p1a: Gothitelle|273\/301 par|[from] item: Leftovers
|join|DennisEG
|
|switch|p2a: Absol|Absol-Mega, M|271\/271
|turn|70
|leave|DennisEG
|leave|Temporaryanonymous
|
|switch|p1a: Skarmory|Skarmory, F|334\/334
|move|p2a: Absol|Swords Dance|p2a: Absol
|-boost|p2a: Absol|atk|2
|
|turn|71
|leave|Reverb
|
|move|p2a: Absol|Play Rough|p1a: Skarmory
|-resisted|p1a: Skarmory
|-damage|p1a: Skarmory|272\/334
|move|p1a: Skarmory|Counter|p2a: Absol
|-damage|p2a: Absol|147\/271
|
|turn|72
|join|Temporaryanonymous
|join|yrs
|join|Monica-chan
|
|move|p2a: Absol|Swords Dance|p2a: Absol
|-boost|p2a: Absol|atk|2
|move|p1a: Skarmory|Roost|p1a: Skarmory
|-heal|p1a: Skarmory|334\/334
|
|turn|73
|join|Pmma
|
|switch|p2a: Keldeo|Keldeo|323\/323
|move|p1a: Skarmory|Counter|p2a: Keldeo
|-fail|p2a: Keldeo
|
|turn|74
|join|Sherkt m8
|leave|MushMunkey
|join|Turducken64
|
|switch|p1a: Cresselia|Cresselia, F|444\/444
|move|p2a: Keldeo|Substitute|p2a: Keldeo
|-start|p2a: Keldeo|Substitute
|-damage|p2a: Keldeo|243\/323
|
|-heal|p2a: Keldeo|263\/323|[from] item: Leftovers
|turn|75
|join|Himawari Furutani
|
|move|p2a: Keldeo|Calm Mind|p2a: Keldeo
|-boost|p2a: Keldeo|spa|1
|-boost|p2a: Keldeo|spd|1
|move|p1a: Cresselia|Psyshock|p2a: Keldeo
|-supereffective|p2a: Keldeo
|-end|p2a: Keldeo|Substitute
|
|-heal|p2a: Keldeo|283\/323|[from] item: Leftovers
|turn|76
|join|MushMunkey
|
|move|p2a: Keldeo|Substitute|p2a: Keldeo
|-start|p2a: Keldeo|Substitute
|-damage|p2a: Keldeo|203\/323
|move|p1a: Cresselia|Toxic|p2a: Keldeo
|
|-heal|p2a: Keldeo|223\/323|[from] item: Leftovers
|turn|77
|leave|Temporaryanonymous
|join|Breeloom
|
|move|p2a: Keldeo|Scald|p1a: Cresselia
|-damage|p1a: Cresselia|318\/444
|-status|p1a: Cresselia|brn
|move|p1a: Cresselia|Psyshock|p2a: Keldeo
|-supereffective|p2a: Keldeo
|-end|p2a: Keldeo|Substitute
|
|-heal|p2a: Keldeo|243\/323|[from] item: Leftovers
|-heal|p1a: Cresselia|345\/444 brn|[from] item: Leftovers
|-damage|p1a: Cresselia|290\/444 brn|[from] brn
|turn|78
|join|Updated Kanto
|leave|yrs
|
|switch|p2a: Absol|Absol-Mega, M|147\/271
|move|p1a: Cresselia|Psyshock|p2a: Absol
|-immune|p2a: Absol|[msg]
|
|-heal|p1a: Cresselia|317\/444 brn|[from] item: Leftovers
|-damage|p1a: Cresselia|262\/444 brn|[from] brn
|turn|79
|leave|Himawari Furutani
|leave|FreeRoamer
|join|DylaTheRed
|join|rum n coke
|join|hazards game
|
|move|p2a: Absol|Knock Off|p1a: Cresselia
|-supereffective|p1a: Cresselia
|-damage|p1a: Cresselia|0 fnt
|-enditem|p1a: Cresselia|Leftovers|[from] move: Knock Off|[of] p2a: Absol
|faint|p1a: Cresselia
|
|join|Frysinger
|join|Jefo
|join|Himawari Furutani
|
|switch|p1a: Skarmory|Skarmory, F|334\/334
|turn|80
|
|switch|p1a: Gothitelle|Gothitelle, M|273\/301 par
|-damage|p1a: Gothitelle|198\/301 par|[from] Spikes
|move|p2a: Absol|Swords Dance|p2a: Absol
|-boost|p2a: Absol|atk|2
|
|-heal|p1a: Gothitelle|216\/301 par|[from] item: Leftovers
|turn|81
|-message|CleanerThanRotom-W forfeited.
|leave|CleanerThanRotom-W
|leave|Animus Majulous
|
|switch|p1a: Skarmory|Skarmory, F|334\/334
|move|p2a: Absol|Knock Off|p1a: Skarmory
|-damage|p1a: Skarmory|187\/334
|
|turn|82
|
|win|Rhayader
|raw|Ladder updating...
|player|p1
|raw|cleanerthanrotomw's rating: 1840 &rarr; <strong>1807<\/strong><br \/>(-33 for losing)
|raw|Rhayader's rating: 1567 &rarr; <strong>1600<\/strong><br \/>(+33 for winning)
|leave|Himawari Furutani
|leave|kektus
|leave|dedic
|leave|oy vey my shekels
|leave|datwerg
|leave|Frysinger
|leave|Updated Kanto
|leave|Champ. Gary Oak
|leave|Monica-chan
|leave|DylaTheRed
|leave|Pmma
|leave|flippy
|leave|dispute bot
|leave|req'd by crobro
|leave|Breeloom
|leave|doc oc
|join|Frysinger
|leave|Tymp
|leave|Sherkt m8
|leave|MushMunkey
|join|Breeloom
|leave|Jefo
|leave|TheCommanderITF
|leave|haunter
|leave|flyingsweater
|leave|blarghlfarghl
|leave|Ary
|leave|Breeloom
|join|MushMunkey
|leave|Michielleus
|leave|DOGE EBINEST
|leave|akkeshi
|leave|Rhayader
|player|p2
|leave|MushMunkey
|leave|vanillaoreo
|join|Himawari Furutani
|leave|Himawari Furutani
|join|Updated Kanto
|leave|strOKing
|leave|Updated Kanto
|leave|Mistaken