|join|Rhayader
|join|Arcanine is Regal
|player|p1|Rhayader|40
|player|p2|Arcanine is Regal|126
|gametype|singles
|gen|6
|tier|OU
|rated
|clearpoke
|poke|p1|Rotom-Heat
|poke|p1|Talonflame, F
|poke|p1|Blastoise, M
|poke|p1|Chesnaught, M
|poke|p1|Latias, F
|poke|p1|Mamoswine, F
|poke|p2|Thundurus, M
|poke|p2|Garchomp, F
|poke|p2|Hippowdon, M
|poke|p2|Scizor, F
|poke|p2|Klefki, M
|poke|p2|Heracross, F
|rule|Swagger Clause: Swagger is banned
|rule|Baton Pass Clause: Limit one PokÃ©mon knowing Baton Pass
|rule|Sleep Clause Mod: Limit one foe put to sleep
|rule|Species Clause: Limit one of each PokÃ©mon
|rule|OHKO Clause: OHKO moves are banned
|rule|Moody Clause: Moody is banned
|rule|Evasion Moves Clause: Evasion moves are banned
|rule|Endless Battle Clause: Forcing endless battles is banned
|rule|HP Percentage Mod: HP is shown in percentages
|teampreview
|join|DuckDuckGo
|join|Refreshe
|join|Soft Neechan
|join|FedoraCladWarrior
|c| Refreshe|arcanine please win, this loser is such a nerd we all hate her
|leave|Soft Neechan
|
|start
|switch|p1a: Oven Birde|Rotom-Heat|303\/303
|switch|p2a: Heracross|Heracross, F|301\/301
|turn|1
|c|âArcanine is Regal|im not tryna win, I just made a funny team
|
|switch|p2a: Hippowdon|Hippowdon, M|419\/419
|-weather|Sandstorm
|move|p1a: Oven Birde|Volt Switch|p2a: Hippowdon
|-immune|p2a: Hippowdon|[msg]
|
|-weather|Sandstorm|[upkeep]
|-damage|p1a: Oven Birde|285\/303|[from] sandstorm
|-heal|p1a: Oven Birde|303\/303|[from] item: Leftovers
|turn|2
|c| Refreshe|i-it's just a test team
|join|Alexander
|
|move|p1a: Oven Birde|Will-O-Wisp|p2a: Hippowdon
|-status|p2a: Hippowdon|brn
|move|p2a: Hippowdon|Stealth Rock|p1a: Oven Birde
|-sidestart|p1: Rhayader|move: Stealth Rock
|
|-weather|Sandstorm|[upkeep]
|-damage|p1a: Oven Birde|285\/303|[from] sandstorm
|-heal|p1a: Oven Birde|303\/303|[from] item: Leftovers
|-damage|p2a: Hippowdon|367\/419 brn|[from] brn
|turn|3
|c| Refreshe|nevermind
|c|âArcanine is Regal|nah this isnt a test team
|join|Zyklon Ben
|leave|Alexander
|c|âArcanine is Regal|youll see
|c|âArcanine is Regal|hopefully
|
|move|p1a: Oven Birde|Will-O-Wisp|p2a: Hippowdon
|-fail|p2a: Hippowdon|brn
|move|p2a: Hippowdon|Toxic|p1a: Oven Birde
|-status|p1a: Oven Birde|tox
|
|-weather|Sandstorm|[upkeep]
|-damage|p1a: Oven Birde|285\/303 tox|[from] sandstorm
|-heal|p1a: Oven Birde|303\/303 tox|[from] item: Leftovers
|-damage|p1a: Oven Birde|285\/303 tox|[from] psn
|-damage|p2a: Hippowdon|315\/419 brn|[from] brn
|turn|4
|
|switch|p1a: Drop Birde|Blastoise, M|358\/358
|-damage|p1a: Drop Birde|314\/358|[from] Stealth Rock
|move|p2a: Hippowdon|Whirlwind|p1a: Drop Birde
|drag|p1a: Scorch Birde|Talonflame, F|359\/359
|-damage|p1a: Scorch Birde|180\/359|[from] Stealth Rock
|
|-weather|Sandstorm|[upkeep]
|-damage|p1a: Scorch Birde|158\/359|[from] sandstorm
|-heal|p1a: Scorch Birde|180\/359|[from] item: Leftovers
|-damage|p2a: Hippowdon|263\/419 brn|[from] brn
|turn|5
|c| Zyklon Ben|wow you shitter why are you burning something already burnt
|c| DuckDuckGo|wow
|
|switch|p2a: Thundurus|Thundurus, M|305\/305
|move|p1a: Scorch Birde|Roost|p1a: Scorch Birde
|-heal|p1a: Scorch Birde|359\/359
|
|-weather|Sandstorm|[upkeep]
|-damage|p2a: Thundurus|286\/305|[from] sandstorm
|-damage|p1a: Scorch Birde|337\/359|[from] sandstorm
|-heal|p1a: Scorch Birde|359\/359|[from] item: Leftovers
|turn|6
|c| DuckDuckGo|r00d
|c| FedoraCladWarrior|le speed control genie
|
|switch|p1a: Frost Birde|Mamoswine, F|361\/361
|-damage|p1a: Frost Birde|316\/361|[from] Stealth Rock
|move|p2a: Thundurus|Substitute|p2a: Thundurus
|-start|p2a: Thundurus|Substitute
|-damage|p2a: Thundurus|210\/305
|
|-weather|Sandstorm|[upkeep]
|-damage|p2a: Thundurus|191\/305|[from] sandstorm
|turn|7
|c| Refreshe|rhayader i bet you can't even spoiler: ï¼¢ï¼¡ï¼´ï¼´ï¼¯ï¼²ï¼µï¼
|
|move|p1a: Frost Birde|Ice Shard|p2a: Thundurus
|-supereffective|p2a: Thundurus
|-end|p2a: Thundurus|Substitute
|move|p2a: Thundurus|Grass Knot|p1a: Frost Birde
|-supereffective|p1a: Frost Birde
|-damage|p1a: Frost Birde|0 fnt
|faint|p1a: Frost Birde
|
|-weather|Sandstorm|[upkeep]
|-damage|p2a: Thundurus|172\/305|[from] sandstorm
|c|âRhayader|grass knot genie
|c|âRhayader|ebin
|
|switch|p1a: Wood Birde|Chesnaught, M|325\/325
|-damage|p1a: Wood Birde|305\/325|[from] Stealth Rock
|turn|8
|
|move|p2a: Thundurus|Thunder Wave|p1a: Wood Birde
|-status|p1a: Wood Birde|par
|move|p1a: Wood Birde|Spikes|p2a: Thundurus
|-sidestart|p2: Arcanine is Regal|Spikes
|
|-weather|none
|-heal|p1a: Wood Birde|325\/325 par|[from] item: Leftovers
|turn|9
|c| Zyklon Ben|eric
|c| Refreshe|ï½ï½ï½ãï½ï½ï½ï½ï½ï½ï½ï½ï½ï½
|c|âRhayader|!learn chesnaught, gyro ball
|raw|<div class="infobox">Chesnaught <span class="message-learn-canlearn">can<\/span> learn Gyro Ball<\/ul><\/div>
|c|âRhayader|:^)
|
|switch|p2a: Hippowdon|Hippowdon, M|263\/419 brn
|-damage|p2a: Hippowdon|211\/419 brn|[from] Spikes
|-weather|Sandstorm
|move|p1a: Wood Birde|Drain Punch|p2a: Hippowdon
|-damage|p2a: Hippowdon|129\/419 brn
|
|-weather|Sandstorm|[upkeep]
|-damage|p1a: Wood Birde|305\/325 par|[from] sandstorm
|-heal|p1a: Wood Birde|325\/325 par|[from] item: Leftovers
|-damage|p2a: Hippowdon|77\/419 brn|[from] brn
|turn|10
|
|move|p1a: Wood Birde|Leech Seed|p2a: Hippowdon
|-start|p2a: Hippowdon|move: Leech Seed
|move|p2a: Hippowdon|Whirlwind|p1a: Wood Birde
|drag|p1a: Scorch Birde|Talonflame, F|359\/359
|-damage|p1a: Scorch Birde|180\/359|[from] Stealth Rock
|
|-weather|Sandstorm|[upkeep]
|-damage|p1a: Scorch Birde|158\/359|[from] sandstorm
|-heal|p1a: Scorch Birde|180\/359|[from] item: Leftovers
|-damage|p2a: Hippowdon|25\/419 brn|[from] Leech Seed|[of] p1a: Scorch Birde
|-heal|p1a: Scorch Birde|232\/359|[silent]
|-damage|p2a: Hippowdon|0 fnt|[from] brn
|faint|p2a: Hippowdon
|c| Refreshe|**ï¼©ãï½ï½ï½ï½ï½ï½ï½ãï½ï½ãï½ï½ï½ï½ï½ï½ï½ï½ï½ï½ï½**
|
|switch|p2a: Thundurus|Thundurus, M|172\/305
|turn|11
|c| Refreshe|**ï¼©ãï½ï½ï½ï½ï½ï½ï½ãï½ï½ãï½ï½ï½ï½ï½ï½ï½ï½ï½ï½ï½**
|c| DuckDuckGo|I BELIEVE
|c| Refreshe|**ï¼©ãï½ï½ï½ï½ï½ï½ï½ãï½ï½ãï½ï½ï½ï½ï½ï½ï½ï½ï½ï½ï½**
|
|switch|p1a: Wood Birde|Chesnaught, M|325\/325 par
|-damage|p1a: Wood Birde|305\/325 par|[from] Stealth Rock
|move|p2a: Thundurus|Thunderbolt|p1a: Wood Birde
|-crit|p1a: Wood Birde
|-resisted|p1a: Wood Birde
|-damage|p1a: Wood Birde|157\/325 par
|
|-weather|Sandstorm|[upkeep]
|-damage|p2a: Thundurus|153\/305|[from] sandstorm
|-damage|p1a: Wood Birde|137\/325 par|[from] sandstorm
|-heal|p1a: Wood Birde|157\/325 par|[from] item: Leftovers
|turn|12
|c| Zyklon Ben|>
|c| Refreshe|**ï¼¨ï¼¡ï¼£ï¼«ï¼©ï¼®ï¼§**
|c|âRhayader|i love you crit
|c| Refreshe|**ï¼¨ï¼¡ï¼£ï¼«ï¼©ï¼®ï¼§**
|
|move|p2a: Thundurus|Substitute|p2a: Thundurus
|-start|p2a: Thundurus|Substitute
|-damage|p2a: Thundurus|77\/305
|cant|p1a: Wood Birde|par
|
|-weather|Sandstorm|[upkeep]
|-damage|p2a: Thundurus|58\/305|[from] sandstorm
|-damage|p1a: Wood Birde|137\/325 par|[from] sandstorm
|-heal|p1a: Wood Birde|157\/325 par|[from] item: Leftovers
|turn|13
|c| FedoraCladWarrior|>hacking this hard
|c| Refreshe|Why are the full-width characters appearing so fucked up?
|c| FedoraCladWarrior|lmoa
|
|move|p2a: Thundurus|Thunderbolt|p1a: Wood Birde
|-resisted|p1a: Wood Birde
|-damage|p1a: Wood Birde|53\/325 par
|move|p1a: Wood Birde|Wood Hammer|p2a: Thundurus|[miss]
|-miss|p1a: Wood Birde|p2a: Thundurus
|
|-weather|Sandstorm|[upkeep]
|-damage|p2a: Thundurus|39\/305|[from] sandstorm
|-damage|p1a: Wood Birde|33\/325 par|[from] sandstorm
|-heal|p1a: Wood Birde|53\/325 par|[from] item: Leftovers
|turn|14
|c| Zyklon Ben|eric
|c|âArcanine is Regal|LOL
|
|move|p2a: Thundurus|Thunderbolt|p1a: Wood Birde
|-resisted|p1a: Wood Birde
|-damage|p1a: Wood Birde|0 fnt
|faint|p1a: Wood Birde
|
|-weather|Sandstorm|[upkeep]
|-damage|p2a: Thundurus|20\/305|[from] sandstorm
|
|switch|p1a: Oven Birde|Rotom-Heat|285\/303 tox
|-damage|p1a: Oven Birde|210\/303 tox|[from] Stealth Rock
|turn|15
|c| Refreshe|What did they do to the fonts?
|join|daftmau5
|
|move|p2a: Thundurus|Thunderbolt|p1a: Oven Birde
|-resisted|p1a: Oven Birde
|-damage|p1a: Oven Birde|140\/303 tox
|move|p1a: Oven Birde|Volt Switch|p2a: Thundurus
|-end|p2a: Thundurus|Substitute
|c| daftmau5|LOL
|c| daftmau5|this thund
|c| daftmau5|oml
|
|switch|p1a: Scorch Birde|Talonflame, F|232\/359
|-damage|p1a: Scorch Birde|53\/359|[from] Stealth Rock
|
|-weather|Sandstorm|[upkeep]
|-damage|p2a: Thundurus|1\/305|[from] sandstorm
|-damage|p1a: Scorch Birde|31\/359|[from] sandstorm
|-heal|p1a: Scorch Birde|53\/359|[from] item: Leftovers
|turn|16
|c|âArcanine is Regal|I have 4 mons with brightpowder
|
|move|p2a: Thundurus|Thunder Wave|p1a: Scorch Birde
|-status|p1a: Scorch Birde|par
|cant|p1a: Scorch Birde|par
|
|-weather|none
|-heal|p1a: Scorch Birde|75\/359 par|[from] item: Leftovers
|turn|17
|c|âRhayader|ebin
|c|âRhayader|just ebin
|c| Zyklon Ben|EBIN
|
|move|p1a: Scorch Birde|Brave Bird|p2a: Thundurus
|-resisted|p2a: Thundurus
|-damage|p2a: Thundurus|0 fnt
|-damage|p1a: Scorch Birde|74\/359 par|[from] recoil|[of] p2a: Thundurus
|faint|p2a: Thundurus
|
|-heal|p1a: Scorch Birde|96\/359 par|[from] item: Leftovers
|c| Refreshe|so brave
|c| Refreshe|;_;
|leave|FedoraCladWarrior
|c| Zyklon Ben|;_;7
|
|switch|p2a: Garchomp|Garchomp, F|357\/357
|-damage|p2a: Garchomp|313\/357|[from] Spikes
|turn|18
|join|CleanerThanRotom-W
|
|cant|p1a: Scorch Birde|par
|move|p2a: Garchomp|Substitute|p2a: Garchomp
|-start|p2a: Garchomp|Substitute
|-damage|p2a: Garchomp|224\/357
|
|-heal|p1a: Scorch Birde|118\/359 par|[from] item: Leftovers
|turn|19
|
|move|p1a: Scorch Birde|Brave Bird|p2a: Garchomp|[miss]
|-miss|p1a: Scorch Birde|p2a: Garchomp
|move|p2a: Garchomp|Dragon Claw|p1a: Scorch Birde
|-damage|p1a: Scorch Birde|0 fnt
|faint|p1a: Scorch Birde
|
|c|âRhayader|kek
|c|âArcanine is Regal|LOLOLOLOL
|c| DuckDuckGo|NO BIRB
|c| Zyklon Ben|how ebin can you get
|
|switch|p1a: Drop Birde|Blastoise, M|314\/358
|-damage|p1a: Drop Birde|270\/358|[from] Stealth Rock
|turn|20
|c| Zyklon Ben|wait
|c| Zyklon Ben|bright powder
|c| Zyklon Ben|kek
|
|detailschange|p1a: Drop Birde|Blastoise-Mega, M
|-mega|p1a: Drop Birde|Blastoise|Blastoisinite
|move|p2a: Garchomp|Earthquake|p1a: Drop Birde
|-damage|p1a: Drop Birde|125\/358
|move|p1a: Drop Birde|Aura Sphere|p2a: Garchomp
|-end|p2a: Garchomp|Substitute
|
|turn|21
|c|âRhayader|thank you no guard
|
|move|p2a: Garchomp|Earthquake|p1a: Drop Birde
|-damage|p1a: Drop Birde|0 fnt
|faint|p1a: Drop Birde
|
|
|switch|p1a: Mystic Birde|Latias, F|301\/301
|-damage|p1a: Mystic Birde|264\/301|[from] Stealth Rock
|turn|22
|c|âRhayader|inb4 miss
|
|switch|p2a: Klefki|Klefki, M|317\/317
|-damage|p2a: Klefki|278\/317|[from] Spikes
|move|p1a: Mystic Birde|Trick|p2a: Klefki|[miss]
|-miss|p1a: Mystic Birde|p2a: Klefki
|
|turn|23
|c|âRhayader|called it
|
|switch|p2a: Heracross|Heracross, F|301\/301
|-damage|p2a: Heracross|264\/301|[from] Spikes
|move|p1a: Mystic Birde|Trick|p2a: Heracross
|-fail|p2a: Heracross
|
|turn|24
|c| Zyklon Ben|how do you miss trick?
|c|âRhayader|bright powder
|c|âArcanine is Regal|oml this is my best team
|c| Zyklon Ben|>trick has accuracy
|c|âRhayader|>not knowing this
|c| Zyklon Ben|>you can trick the wrong direction
|c|âRhayader|i got rekt
|c|âRhayader|nice team
|-message|Rhayader forfeited.
|
|win|Arcanine is Regal
|raw|Ladder updating...
|leave|Zyklon Ben
|c| daftmau5|oml is this sandveil bpowder chomp
|c| daftmau5|LOL
|raw|Rhayader's rating: 1601 &rarr; <strong>1578<\/strong><br \/>(-23 for losing)
|raw|Arcanine is Regal's rating: 1551 &rarr; <strong>1574<\/strong><br \/>(+23 for winning)
|c| daftmau5|needs more sand veil gliscor