|join|Cumown
|join|soskilled
|player|p1|Cumown|80
|player|p2|soskilled|102
|gametype|singles
|gen|6
|tier|OU
|rated
|clearpoke
|poke|p1|Zapdos, shiny
|poke|p1|Chansey, F
|poke|p1|Gliscor, M
|poke|p1|Quagsire, M
|poke|p1|Suicune, shiny
|poke|p1|Amoonguss, F
|poke|p2|Scolipede, F
|poke|p2|Mr. Mime, F
|poke|p2|Espeon, M
|poke|p2|Smeargle, F
|poke|p2|Vaporeon, M
|poke|p2|Sylveon, F
|rule|Sleep Clause Mod: Limit one foe put to sleep
|rule|Species Clause: Limit one of each Pokemon
|rule|OHKO Clause: OHKO moves are banned
|rule|Moody Clause: Moody is banned
|rule|Evasion Moves Clause: Evasion moves are banned
|rule|Endless Battle Clause: Forcing endless battles is banned.
|rule|HP Percentage Mod: HP is reported as percentages
|teampreview
|chat|soskilled|ugh
|chat|Cumown|ugh
|
|start
|switch|p1a: Turts|Quagsire, M|393\/393
|switch|p2a: Scolipede|Scolipede, F|324\/324
|turn|1
|chat|soskilled|u lose
|
|move|p2a: Scolipede|Protect|p2a: Scolipede
|-singleturn|p2a: Scolipede|Protect
|move|p1a: Turts|Scald|p2a: Scolipede
|-activate|p2a: Scolipede|Protect
|
|-boost|p2a: Scolipede|spe|1|[from] ability: Speed Boost
|turn|2
|
|move|p2a: Scolipede|Baton Pass|p2a: Scolipede
|
|switch|p2a: Vaporeon|Vaporeon, M|462\/462
|move|p1a: Turts|Toxic|p2a: Vaporeon
|-status|p2a: Vaporeon|tox
|
|-damage|p2a: Vaporeon|434\/462 tox|[from] psn
|turn|3
|
|move|p2a: Vaporeon|Baton Pass|p2a: Vaporeon
|
|switch|p2a: Smeargle|Smeargle, F|314\/314
|move|p1a: Turts|Haze|p1a: Turts
|-clearallboost
|
|turn|4
|
|switch|p1a: Junior|Suicune, shiny|404\/404
|-ability|p1a: Junior|Pressure
|move|p2a: Smeargle|Spore|p1a: Junior
|-status|p1a: Junior|slp
|
|turn|5
|
|switch|p1a: Turts|Quagsire, M|393\/393
|move|p2a: Smeargle|Quiver Dance|p2a: Smeargle
|-boost|p2a: Smeargle|spa|1
|-boost|p2a: Smeargle|spd|1
|-boost|p2a: Smeargle|spe|1
|
|turn|6
|
|switch|p2a: Mr. Mime|Mr. Mime, F|284\/284
|move|p1a: Turts|Haze|p1a: Turts
|-clearallboost
|
|turn|7
|chat|soskilled|friggin quagfag
|chat|soskilled|fagsire
|
|move|p2a: Mr. Mime|Calm Mind|p2a: Mr. Mime
|-boost|p2a: Mr. Mime|spa|1
|-boost|p2a: Mr. Mime|spd|1
|move|p1a: Turts|Scald|p2a: Mr. Mime
|-damage|p2a: Mr. Mime|235\/284
|-status|p2a: Mr. Mime|brn
|
|-heal|p2a: Mr. Mime|252\/284 brn|[from] item: Leftovers
|-damage|p2a: Mr. Mime|217\/284 brn|[from] brn
|turn|8
|chat|Cumown|quit stealing someone else's team - you suck at using it. 
|
|move|p2a: Mr. Mime|Encore|p1a: Turts
|-start|p1a: Turts|Encore
|move|p1a: Turts|Scald|p2a: Mr. Mime
|-damage|p2a: Mr. Mime|171\/284 brn
|
|-heal|p2a: Mr. Mime|188\/284 brn|[from] item: Leftovers
|-damage|p2a: Mr. Mime|153\/284 brn|[from] brn
|turn|9
|
|switch|p1a: Junior|Suicune, shiny|404\/404 slp
|-ability|p1a: Junior|Pressure
|move|p2a: Mr. Mime|Calm Mind|p2a: Mr. Mime
|-boost|p2a: Mr. Mime|spa|1
|-boost|p2a: Mr. Mime|spd|1
|
|-heal|p2a: Mr. Mime|170\/284 brn|[from] item: Leftovers
|-damage|p2a: Mr. Mime|135\/284 brn|[from] brn
|turn|10
|
|switch|p1a: Turts|Quagsire, M|393\/393
|move|p2a: Mr. Mime|Baton Pass|p2a: Mr. Mime
|
|switch|p2a: Espeon|Espeon, M|334\/334
|
|turn|11
|
|move|p2a: Espeon|Stored Power|p1a: Turts
|-damage|p1a: Turts|203\/393
|move|p1a: Turts|Haze|p1a: Turts
|-clearallboost
|
|-heal|p1a: Turts|227\/393|[from] item: Leftovers
|turn|12
|chat|Cumown|cute. 
|chat|soskilled|how the fuck i beat fagsire
|chat|soskilled|he just hazes
|
|switch|p2a: Scolipede|Scolipede, F|324\/324
|move|p1a: Turts|Recover|p1a: Turts
|-heal|p1a: Turts|393\/393
|
|turn|13
|
|move|p2a: Scolipede|Protect|p2a: Scolipede
|-singleturn|p2a: Scolipede|Protect
|move|p1a: Turts|Scald|p2a: Scolipede
|-activate|p2a: Scolipede|Protect
|
|-boost|p2a: Scolipede|spe|1|[from] ability: Speed Boost
|turn|14
|chat|soskilled|hardcounter
|
|move|p2a: Scolipede|Iron Defense|p2a: Scolipede
|-boost|p2a: Scolipede|def|2
|move|p1a: Turts|Scald|p2a: Scolipede
|-damage|p2a: Scolipede|240\/324
|
|-boost|p2a: Scolipede|spe|1|[from] ability: Speed Boost
|turn|15
|
|move|p2a: Scolipede|Protect|p2a: Scolipede
|-singleturn|p2a: Scolipede|Protect
|move|p1a: Turts|Haze|p1a: Turts
|-clearallboost
|
|-boost|p2a: Scolipede|spe|1|[from] ability: Speed Boost
|turn|16
|leave|soskilled
|player|p2
|-message|soskilled lost due to inactivity.
|
|win|Cumown
|raw|Ladder updating...
|raw|Cumown's rating: 1572 &rarr; <strong>1595<\/strong><br \/>(+23 for winning)
|raw|soskilled's rating: 1615 &rarr; <strong>1592<\/strong><br \/>(-23 for losing)