|join|Cumown
|join|vielIeis
|player|p1|Cumown|287
|player|p2|vielIeis|265
|gametype|singles
|gen|6
|tier|OU (suspect test)
|rated
|clearpoke
|poke|p1|Scizor, F
|poke|p1|Clefable, F
|poke|p1|Rotom-Wash
|poke|p1|Gliscor, M
|poke|p1|Tentacruel, M
|poke|p1|Gothitelle, F
|poke|p2|Bisharp, F
|poke|p2|Metagross
|poke|p2|Keldeo
|poke|p2|Heatran, M
|poke|p2|Slowbro, M
|poke|p2|Chesnaught, F
|rule|Swagger Clause: Swagger is banned
|rule|Baton Pass Clause: Limit one PokÃ©mon knowing Baton Pass
|rule|Sleep Clause Mod: Limit one foe put to sleep
|rule|Species Clause: Limit one of each PokÃ©mon
|rule|OHKO Clause: OHKO moves are banned
|rule|Moody Clause: Moody is banned
|rule|Evasion Moves Clause: Evasion moves are banned
|rule|Endless Battle Clause: Forcing endless battles is banned
|rule|HP Percentage Mod: HP is shown in percentages
|teampreview
|
|start
|switch|p1a: Clefable|Clefable, F|394\/394
|switch|p2a: Metagross|Metagross|301\/301
|turn|1
|
|switch|p1a: Scizor|Scizor, F|343\/343
|detailschange|p2a: Metagross|Metagross-Mega
|-mega|p2a: Metagross|Metagross|Metagrossite
|move|p2a: Metagross|Meteor Mash|p1a: Scizor
|-crit|p1a: Scizor
|-resisted|p1a: Scizor
|-damage|p1a: Scizor|163\/343
|
|turn|2
|
|detailschange|p1a: Scizor|Scizor-Mega, F
|-mega|p1a: Scizor|Scizor|Scizorite
|move|p2a: Metagross|Zen Headbutt|p1a: Scizor
|-resisted|p1a: Scizor
|-damage|p1a: Scizor|82\/343
|move|p1a: Scizor|Roost|p1a: Scizor
|-heal|p1a: Scizor|254\/343
|
|turn|3
|
|move|p2a: Metagross|Earthquake|p1a: Scizor
|-damage|p1a: Scizor|165\/343
|move|p1a: Scizor|Pursuit|p2a: Metagross
|-supereffective|p2a: Metagross
|-damage|p2a: Metagross|187\/301
|
|turn|4
|
|move|p2a: Metagross|Meteor Mash|p1a: Scizor|[miss]
|-miss|p2a: Metagross|p1a: Scizor
|move|p1a: Scizor|Roost|p1a: Scizor
|-heal|p1a: Scizor|337\/343
|
|turn|5
|
|move|p2a: Metagross|Zen Headbutt|p1a: Scizor
|-resisted|p1a: Scizor
|-damage|p1a: Scizor|257\/343
|move|p1a: Scizor|Pursuit|p2a: Metagross
|-supereffective|p2a: Metagross
|-damage|p2a: Metagross|75\/301
|
|turn|6
|
|move|p1a: Scizor|Pursuit|p2a: Metagross|[from]Pursuit
|-supereffective|p2a: Metagross
|-damage|p2a: Metagross|0 fnt
|faint|p2a: Metagross
|
|join|vprimeofc
|
|switch|p2a: Heatran|Heatran, M|386\/386
|turn|7
|
|switch|p1a: Gothitelle|Gothitelle, F|301\/301
|move|p2a: Heatran|Lava Plume|p1a: Gothitelle
|-damage|p1a: Gothitelle|196\/301
|-status|p1a: Gothitelle|brn
|
|-damage|p1a: Gothitelle|159\/301 brn|[from] brn
|turn|8
|
|move|p1a: Gothitelle|Trick|p2a: Heatran
|-activate|p1a: Gothitelle|move: Trick|[of] p2a: Heatran
|-item|p2a: Heatran|Choice Scarf|[from] move: Trick
|-item|p1a: Gothitelle|Leftovers|[from] move: Trick
|move|p2a: Heatran|Lava Plume|p1a: Gothitelle
|-damage|p1a: Gothitelle|45\/301 brn
|
|-heal|p1a: Gothitelle|63\/301 brn|[from] item: Leftovers
|-damage|p1a: Gothitelle|26\/301 brn|[from] brn
|turn|9
|
|switch|p1a: Clefable|Clefable, F|394\/394
|move|p2a: Heatran|Lava Plume|p1a: Clefable
|-damage|p1a: Clefable|295\/394
|-status|p1a: Clefable|brn
|
|-heal|p1a: Clefable|319\/394 brn|[from] item: Leftovers
|turn|10
|
|switch|p1a: Rotom-Wash|Rotom-Wash|304\/304
|move|p2a: Heatran|Lava Plume|p1a: Rotom-Wash
|-resisted|p1a: Rotom-Wash
|-damage|p1a: Rotom-Wash|253\/304
|
|-heal|p1a: Rotom-Wash|272\/304|[from] item: Leftovers
|turn|11
|
|move|p2a: Heatran|Lava Plume|p1a: Rotom-Wash
|-resisted|p1a: Rotom-Wash
|-damage|p1a: Rotom-Wash|215\/304
|-status|p1a: Rotom-Wash|brn
|move|p1a: Rotom-Wash|Volt Switch|p2a: Heatran
|-damage|p2a: Heatran|331\/386
|
|switch|p1a: Gliscor|Gliscor, M|352\/352
|
|-status|p1a: Gliscor|tox|[from] item: Toxic Orb
|turn|12
|
|move|p2a: Heatran|Lava Plume|p1a: Gliscor
|-damage|p1a: Gliscor|238\/352 tox
|move|p1a: Gliscor|Earthquake|p2a: Heatran
|-supereffective|p2a: Heatran
|-damage|p2a: Heatran|0 fnt
|faint|p2a: Heatran
|
|-heal|p1a: Gliscor|282\/352 tox|[from] ability: Poison Heal
|
|switch|p2a: Keldeo|Keldeo|323\/323
|turn|13
|
|switch|p1a: Gothitelle|Gothitelle, F|26\/301 brn
|move|p2a: Keldeo|Scald|p1a: Gothitelle
|-damage|p1a: Gothitelle|0 fnt
|faint|p1a: Gothitelle
|
|
|switch|p1a: Clefable|Clefable, F|319\/394 brn
|turn|14
|
|move|p2a: Keldeo|Substitute|p2a: Keldeo
|-start|p2a: Keldeo|Substitute
|-damage|p2a: Keldeo|243\/323
|move|p1a: Clefable|Knock Off|p2a: Keldeo
|-resisted|p2a: Keldeo
|-activate|p2a: Keldeo|Substitute|[damage]
|
|-heal|p2a: Keldeo|263\/323|[from] item: Leftovers
|-heal|p1a: Clefable|343\/394 brn|[from] item: Leftovers
|turn|15
|
|move|p2a: Keldeo|Calm Mind|p2a: Keldeo
|-boost|p2a: Keldeo|spa|1
|-boost|p2a: Keldeo|spd|1
|move|p1a: Clefable|Moonblast|p2a: Keldeo
|-supereffective|p2a: Keldeo
|-end|p2a: Keldeo|Substitute
|
|-heal|p2a: Keldeo|283\/323|[from] item: Leftovers
|-heal|p1a: Clefable|367\/394 brn|[from] item: Leftovers
|turn|16
|
|move|p2a: Keldeo|Scald|p1a: Clefable
|-damage|p1a: Clefable|177\/394 brn
|move|p1a: Clefable|Moonblast|p2a: Keldeo
|-supereffective|p2a: Keldeo
|-damage|p2a: Keldeo|131\/323
|-unboost|p2a: Keldeo|spa|1
|
|-heal|p2a: Keldeo|151\/323|[from] item: Leftovers
|-heal|p1a: Clefable|201\/394 brn|[from] item: Leftovers
|turn|17
|
|move|p2a: Keldeo|Calm Mind|p2a: Keldeo
|-boost|p2a: Keldeo|spa|1
|-boost|p2a: Keldeo|spd|1
|move|p1a: Clefable|Soft-Boiled|p1a: Clefable
|-heal|p1a: Clefable|394\/394 brn
|
|-heal|p2a: Keldeo|171\/323|[from] item: Leftovers
|turn|18
|
|move|p2a: Keldeo|Scald|p1a: Clefable
|-damage|p1a: Clefable|192\/394 brn
|move|p1a: Clefable|Moonblast|p2a: Keldeo
|-supereffective|p2a: Keldeo
|-damage|p2a: Keldeo|43\/323
|
|-heal|p2a: Keldeo|63\/323|[from] item: Leftovers
|-heal|p1a: Clefable|216\/394 brn|[from] item: Leftovers
|turn|19
|
|move|p2a: Keldeo|Scald|p1a: Clefable
|-damage|p1a: Clefable|15\/394 brn
|move|p1a: Clefable|Moonblast|p2a: Keldeo
|-supereffective|p2a: Keldeo
|-damage|p2a: Keldeo|0 fnt
|faint|p2a: Keldeo
|
|-heal|p1a: Clefable|39\/394 brn|[from] item: Leftovers
|
|switch|p2a: Bisharp|Bisharp, F|271\/271
|turn|20
|
|move|p2a: Bisharp|Pursuit|p1a: Clefable
|-resisted|p1a: Clefable
|-damage|p1a: Clefable|0 fnt
|-damage|p2a: Bisharp|244\/271|[from] item: Life Orb
|faint|p1a: Clefable
|
|
|switch|p1a: Scizor|Scizor-Mega, F|257\/343
|turn|21
|
|move|p2a: Bisharp|Swords Dance|p2a: Bisharp
|-boost|p2a: Bisharp|atk|2
|move|p1a: Scizor|U-turn|p2a: Bisharp
|-damage|p2a: Bisharp|105\/271
|
|switch|p1a: Gliscor|Gliscor, M|282\/352 tox
|
|-heal|p1a: Gliscor|326\/352 tox|[from] ability: Poison Heal
|turn|22
|
|move|p2a: Bisharp|Iron Head|p1a: Gliscor
|-damage|p1a: Gliscor|52\/352 tox
|-damage|p2a: Bisharp|78\/271|[from] item: Life Orb
|move|p1a: Gliscor|Earthquake|p2a: Bisharp
|-supereffective|p2a: Bisharp
|-damage|p2a: Bisharp|0 fnt
|faint|p2a: Bisharp
|
|-heal|p1a: Gliscor|96\/352 tox|[from] ability: Poison Heal
|
|switch|p2a: Slowbro|Slowbro, M|394\/394
|turn|23
|
|switch|p1a: Rotom-Wash|Rotom-Wash|215\/304 brn
|move|p2a: Slowbro|Scald|p1a: Rotom-Wash
|-resisted|p1a: Rotom-Wash
|-damage|p1a: Rotom-Wash|174\/304 brn
|
|-heal|p1a: Rotom-Wash|193\/304 brn|[from] item: Leftovers
|-damage|p1a: Rotom-Wash|155\/304 brn|[from] brn
|turn|24
|
|switch|p2a: Chesnaught|Chesnaught, F|380\/380
|move|p1a: Rotom-Wash|Will-O-Wisp|p2a: Chesnaught
|-status|p2a: Chesnaught|brn
|
|-heal|p1a: Rotom-Wash|174\/304 brn|[from] item: Leftovers
|-damage|p1a: Rotom-Wash|136\/304 brn|[from] brn
|-damage|p2a: Chesnaught|333\/380 brn|[from] brn
|turn|25
|
|move|p1a: Rotom-Wash|Volt Switch|p2a: Chesnaught
|-resisted|p2a: Chesnaught
|-damage|p2a: Chesnaught|283\/380 brn
|
|switch|p1a: Tentacruel|Tentacruel, M|364\/364
|move|p2a: Chesnaught|Leech Seed|p1a: Tentacruel
|-start|p1a: Tentacruel|move: Leech Seed
|
|-heal|p2a: Chesnaught|306\/380 brn|[from] item: Leftovers
|-damage|p1a: Tentacruel|319\/364|[from] Leech Seed|[of] p2a: Chesnaught
|-damage|p2a: Chesnaught|261\/380 brn|[from] ability: Liquid Ooze|[of] p1a: Tentacruel
|-damage|p2a: Chesnaught|214\/380 brn|[from] brn
|turn|26
|-message|vielIeis forfeited.
|
|win|Cumown
|raw|Ladder updating...
|leave|vielIeis
|player|p2
|raw|Cumown's rating: 1471 &rarr; <strong>1487<\/strong><br \/>(+16 for winning)
|raw|vielIeis's rating: 1398 &rarr; <strong>1382<\/strong><br \/>(-16 for losing)