|join|Cumown
|join|S4V4G3
|player|p1|Cumown|287
|player|p2|S4V4G3|1
|gametype|singles
|gen|6
|tier|OU (suspect test)
|rated
|clearpoke
|poke|p1|Sceptile, F
|poke|p1|Clefable, M
|poke|p1|Porygon2
|poke|p1|Rotom-Wash
|poke|p1|Tentacruel, F
|poke|p1|Gothitelle, M
|poke|p2|Diancie
|poke|p2|Latias, F
|poke|p2|Talonflame, M
|poke|p2|Azumarill, M
|poke|p2|Ferrothorn, M
|poke|p2|Gengar, F
|rule|Swagger Clause: Swagger is banned
|rule|Baton Pass Clause: Limit one PokÃ©mon knowing Baton Pass
|rule|Sleep Clause Mod: Limit one foe put to sleep
|rule|Species Clause: Limit one of each PokÃ©mon
|rule|OHKO Clause: OHKO moves are banned
|rule|Moody Clause: Moody is banned
|rule|Evasion Moves Clause: Evasion moves are banned
|rule|Endless Battle Clause: Forcing endless battles is banned
|rule|HP Percentage Mod: HP is shown in percentages
|teampreview
|
|start
|switch|p1a: Gothitelle|Gothitelle, M|301\/301
|switch|p2a: Latias|Latias, F|319\/319
|turn|1
|
|switch|p1a: Clefable|Clefable, M|394\/394
|move|p2a: Latias|Draco Meteor|p1a: Clefable
|-immune|p1a: Clefable|[msg]
|
|turn|2
|
|switch|p2a: Gengar|Gengar, F|261\/261
|move|p1a: Clefable|Thunder Wave|p2a: Gengar
|-status|p2a: Gengar|par
|
|turn|3
|
|switch|p1a: Tentacruel|Tentacruel, F|364\/364
|move|p2a: Gengar|Sludge Wave|p1a: Tentacruel
|-resisted|p1a: Tentacruel
|-damage|p1a: Tentacruel|294\/364
|-damage|p2a: Gengar|235\/261 par|[from] item: Life Orb
|
|-heal|p1a: Tentacruel|316\/364|[from] item: Black Sludge
|turn|4
|
|move|p1a: Tentacruel|Toxic Spikes|p2a: Gengar
|-sidestart|p2: S4V4G3|move: Toxic Spikes
|move|p2a: Gengar|Shadow Ball|p1a: Tentacruel
|-damage|p1a: Tentacruel|187\/364
|-damage|p2a: Gengar|209\/261 par|[from] item: Life Orb
|
|-heal|p1a: Tentacruel|209\/364|[from] item: Black Sludge
|turn|5
|
|move|p1a: Tentacruel|Scald|p2a: Gengar
|-crit|p2a: Gengar
|-damage|p2a: Gengar|71\/261 par
|cant|p2a: Gengar|par
|
|-heal|p1a: Tentacruel|231\/364|[from] item: Black Sludge
|turn|6
|
|switch|p2a: Latias|Latias, F|319\/319
|move|p1a: Tentacruel|Scald|p2a: Latias
|-resisted|p2a: Latias
|-damage|p2a: Latias|286\/319
|-status|p2a: Latias|brn
|
|-heal|p1a: Tentacruel|253\/364|[from] item: Black Sludge
|-damage|p2a: Latias|247\/319 brn|[from] brn
|turn|7
|
|switch|p1a: Clefable|Clefable, M|394\/394
|move|p2a: Latias|Defog|p1a: Clefable
|-unboost|p1a: Clefable|evasion|1
|-sideend|p2: S4V4G3|Toxic Spikes|[from] move: Defog|[of] p2a: Latias
|
|-damage|p2a: Latias|208\/319 brn|[from] brn
|turn|8
|
|move|p2a: Latias|Healing Wish|p2a: Latias
|faint|p2a: Latias
|move|p1a: Clefable|Stealth Rock|p2: Latias
|-sidestart|p2: S4V4G3|move: Stealth Rock
|
|
|switch|p2a: Gengar|Gengar, F|71\/261 par
|-heal|p2a: Gengar|261\/261|[from] move: Healing Wish
|-damage|p2a: Gengar|229\/261|[from] Stealth Rock
|turn|9
|
|switch|p1a: Porygon2|Porygon2|374\/374
|-ability|p1a: Porygon2|Levitate|[from] ability: Trace|[of] p2a: Gengar
|move|p2a: Gengar|Sludge Wave|p1a: Porygon2
|-damage|p1a: Porygon2|221\/374
|-status|p1a: Porygon2|psn
|-damage|p2a: Gengar|203\/261|[from] item: Life Orb
|
|-damage|p1a: Porygon2|175\/374 psn|[from] psn
|turn|10
|
|move|p2a: Gengar|Sludge Wave|p1a: Porygon2
|-damage|p1a: Porygon2|15\/374 psn
|-damage|p2a: Gengar|177\/261|[from] item: Life Orb
|move|p1a: Porygon2|Recover|p1a: Porygon2
|-heal|p1a: Porygon2|202\/374 psn
|
|-damage|p1a: Porygon2|156\/374 psn|[from] psn
|turn|11
|
|switch|p1a: Tentacruel|Tentacruel, F|253\/364
|move|p2a: Gengar|Sludge Wave|p1a: Tentacruel
|-resisted|p1a: Tentacruel
|-damage|p1a: Tentacruel|180\/364
|-damage|p2a: Gengar|151\/261|[from] item: Life Orb
|
|-heal|p1a: Tentacruel|202\/364|[from] item: Black Sludge
|turn|12
|
|move|p2a: Gengar|Shadow Ball|p1a: Tentacruel
|-damage|p1a: Tentacruel|72\/364
|-damage|p2a: Gengar|125\/261|[from] item: Life Orb
|move|p1a: Tentacruel|Toxic Spikes|p2a: Gengar
|-sidestart|p2: S4V4G3|move: Toxic Spikes
|
|-heal|p1a: Tentacruel|94\/364|[from] item: Black Sludge
|turn|13
|
|move|p2a: Gengar|Shadow Ball|p1a: Tentacruel
|-damage|p1a: Tentacruel|0 fnt
|-damage|p2a: Gengar|99\/261|[from] item: Life Orb
|faint|p1a: Tentacruel
|
|
|switch|p1a: Sceptile|Sceptile, F|281\/281
|turn|14
|
|switch|p2a: Ferrothorn|Ferrothorn, M|352\/352
|-damage|p2a: Ferrothorn|330\/352|[from] Stealth Rock
|detailschange|p1a: Sceptile|Sceptile-Mega, F
|-mega|p1a: Sceptile|Sceptile|Sceptilite
|move|p1a: Sceptile|Substitute|p1a: Sceptile
|-start|p1a: Sceptile|Substitute
|-damage|p1a: Sceptile|211\/281
|
|-heal|p2a: Ferrothorn|352\/352|[from] item: Leftovers
|turn|15
|
|move|p2a: Ferrothorn|Protect|p2a: Ferrothorn
|-singleturn|p2a: Ferrothorn|Protect
|move|p1a: Sceptile|Hidden Power|p2a: Ferrothorn
|-activate|p2a: Ferrothorn|Protect
|
|turn|16
|
|switch|p2a: Azumarill|Azumarill, M|401\/401
|-damage|p2a: Azumarill|351\/401|[from] Stealth Rock
|-status|p2a: Azumarill|psn
|move|p1a: Sceptile|Hidden Power|p2a: Azumarill
|-resisted|p2a: Azumarill
|-damage|p2a: Azumarill|317\/401 psn
|
|-damage|p2a: Azumarill|267\/401 psn|[from] psn
|turn|17
|
|move|p1a: Sceptile|Giga Drain|p2a: Azumarill
|-supereffective|p2a: Azumarill
|-damage|p2a: Azumarill|43\/401 psn
|-heal|p1a: Sceptile|281\/281|[from] drain|[of] p2a: Azumarill
|move|p2a: Azumarill|Play Rough|p1a: Sceptile
|-supereffective|p1a: Sceptile
|-end|p1a: Sceptile|Substitute
|
|-damage|p2a: Azumarill|0 fnt|[from] psn
|faint|p2a: Azumarill
|
|switch|p2a: Talonflame|Talonflame, M|297\/297
|-damage|p2a: Talonflame|149\/297|[from] Stealth Rock
|turn|18
|
|switch|p1a: Rotom-Wash|Rotom-Wash|304\/304
|move|p2a: Talonflame|U-turn|p1a: Rotom-Wash
|-damage|p1a: Rotom-Wash|233\/304
|
|switch|p2a: Ferrothorn|Ferrothorn, M|352\/352
|-damage|p2a: Ferrothorn|330\/352|[from] Stealth Rock
|
|-heal|p1a: Rotom-Wash|252\/304|[from] item: Leftovers
|-heal|p2a: Ferrothorn|352\/352|[from] item: Leftovers
|turn|19
|
|switch|p1a: Gothitelle|Gothitelle, M|301\/301
|move|p2a: Ferrothorn|Leech Seed|p1a: Gothitelle
|-start|p1a: Gothitelle|move: Leech Seed
|
|-damage|p1a: Gothitelle|264\/301|[from] Leech Seed|[of] p2a: Ferrothorn
|turn|20
|
|move|p2a: Ferrothorn|Protect|p2a: Ferrothorn
|-singleturn|p2a: Ferrothorn|Protect
|move|p1a: Gothitelle|Trick|p2a: Ferrothorn
|-activate|p2a: Ferrothorn|Protect
|
|-damage|p1a: Gothitelle|227\/301|[from] Leech Seed|[of] p2a: Ferrothorn
|turn|21
|
|move|p1a: Gothitelle|Trick|p2a: Ferrothorn
|-activate|p1a: Gothitelle|move: Trick|[of] p2a: Ferrothorn
|-item|p2a: Ferrothorn|Choice Scarf|[from] move: Trick
|-item|p1a: Gothitelle|Leftovers|[from] move: Trick
|move|p2a: Ferrothorn|Gyro Ball|p1a: Gothitelle
|-damage|p1a: Gothitelle|128\/301
|
|-heal|p1a: Gothitelle|146\/301|[from] item: Leftovers
|-damage|p1a: Gothitelle|109\/301|[from] Leech Seed|[of] p2a: Ferrothorn
|turn|22
|
|switch|p1a: Rotom-Wash|Rotom-Wash|252\/304
|move|p2a: Ferrothorn|Gyro Ball|p1a: Rotom-Wash
|-resisted|p1a: Rotom-Wash
|-damage|p1a: Rotom-Wash|237\/304
|
|-heal|p1a: Rotom-Wash|256\/304|[from] item: Leftovers
|turn|23
|
|move|p1a: Rotom-Wash|Volt Switch|p2a: Ferrothorn
|-resisted|p2a: Ferrothorn
|-damage|p2a: Ferrothorn|318\/352
|
|switch|p1a: Porygon2|Porygon2|156\/374 psn
|-ability|p1a: Porygon2|Iron Barbs|[from] ability: Trace|[of] p2a: Ferrothorn
|move|p2a: Ferrothorn|Gyro Ball|p1a: Porygon2
|-damage|p1a: Porygon2|122\/374 psn
|-damage|p2a: Ferrothorn|274\/352|[from] ability: Iron Barbs|[of] p1a: Porygon2
|
|-damage|p1a: Porygon2|76\/374 psn|[from] psn
|turn|24
|
|switch|p2a: Diancie|Diancie|241\/241
|-status|p2a: Diancie|psn
|-damage|p2a: Diancie|211\/241 psn|[from] Stealth Rock
|move|p1a: Porygon2|Recover|p1a: Porygon2
|-heal|p1a: Porygon2|263\/374 psn
|
|-damage|p2a: Diancie|181\/241 psn|[from] psn
|-damage|p1a: Porygon2|217\/374 psn|[from] psn
|turn|25
|
|detailschange|p2a: Diancie|Diancie-Mega
|-mega|p2a: Diancie|Diancie|Diancite
|move|p1a: Porygon2|Recover|p1a: Porygon2
|-heal|p1a: Porygon2|374\/374 psn
|move|p2a: Diancie|Rock Polish|p2a: Diancie
|-boost|p2a: Diancie|spe|2
|
|-damage|p2a: Diancie|151\/241 psn|[from] psn
|-damage|p1a: Porygon2|328\/374 psn|[from] psn
|turn|26
|
|move|p2a: Diancie|Moonblast|p1a: Porygon2
|-damage|p1a: Porygon2|169\/374 psn
|-unboost|p1a: Porygon2|spa|1
|move|p1a: Porygon2|Ice Beam|p2a: Diancie
|-damage|p2a: Diancie|98\/241 psn
|
|-damage|p2a: Diancie|68\/241 psn|[from] psn
|-damage|p1a: Porygon2|123\/374 psn|[from] psn
|turn|27
|
|move|p2a: Diancie|Moonblast|p1a: Porygon2
|-crit|p1a: Porygon2
|-damage|p1a: Porygon2|0 fnt
|faint|p1a: Porygon2
|
|-damage|p2a: Diancie|38\/241 psn|[from] psn
|
|switch|p1a: Clefable|Clefable, M|394\/394
|turn|28
|
|move|p2a: Diancie|Moonblast|p1a: Clefable
|-damage|p1a: Clefable|202\/394
|move|p1a: Clefable|Soft-Boiled|p1a: Clefable
|-heal|p1a: Clefable|394\/394
|
|-damage|p2a: Diancie|8\/241 psn|[from] psn
|turn|29
|
|move|p2a: Diancie|Moonblast|p1a: Clefable
|-damage|p1a: Clefable|183\/394
|-unboost|p1a: Clefable|spa|1
|move|p1a: Clefable|Soft-Boiled|p1a: Clefable
|-heal|p1a: Clefable|380\/394
|
|-heal|p1a: Clefable|394\/394|[from] item: Leftovers
|-damage|p2a: Diancie|0 fnt|[from] psn
|faint|p2a: Diancie
|
|switch|p2a: Gengar|Gengar, F|99\/261
|-damage|p2a: Gengar|67\/261|[from] Stealth Rock
|turn|30
|
|switch|p1a: Gothitelle|Gothitelle, M|109\/301
|move|p2a: Gengar|Sludge Wave|p1a: Gothitelle
|-damage|p1a: Gothitelle|0 fnt
|-damage|p2a: Gengar|41\/261|[from] item: Life Orb
|faint|p1a: Gothitelle
|
|
|switch|p1a: Sceptile|Sceptile-Mega, F|281\/281
|turn|31
|
|switch|p2a: Ferrothorn|Ferrothorn, M|274\/352
|-damage|p2a: Ferrothorn|252\/352|[from] Stealth Rock
|move|p1a: Sceptile|Hidden Power|p2a: Ferrothorn
|-supereffective|p2a: Ferrothorn
|-damage|p2a: Ferrothorn|24\/352
|
|turn|32
|
|move|p1a: Sceptile|Hidden Power|p2a: Ferrothorn
|-supereffective|p2a: Ferrothorn
|-damage|p2a: Ferrothorn|0 fnt
|faint|p2a: Ferrothorn
|
|
|switch|p2a: Talonflame|Talonflame, M|149\/297
|-damage|p2a: Talonflame|1\/297|[from] Stealth Rock
|turn|33
|
|switch|p1a: Rotom-Wash|Rotom-Wash|256\/304
|move|p2a: Talonflame|Brave Bird|p1a: Rotom-Wash
|-resisted|p1a: Rotom-Wash
|-damage|p1a: Rotom-Wash|163\/304
|-damage|p2a: Talonflame|0 fnt|[from] recoil|[of] p1a: Rotom-Wash
|faint|p2a: Talonflame
|
|-heal|p1a: Rotom-Wash|182\/304|[from] item: Leftovers
|-message|S4V4G3 forfeited.
|leave|S4V4G3
|
|win|Cumown
|raw|Ladder updating...
|player|p2
|raw|Cumown's rating: 1505 &rarr; <strong>1521<\/strong><br \/>(+16 for winning)
|raw|S4V4G3's rating: 1431 &rarr; <strong>1415<\/strong><br \/>(-16 for losing)