|join|Raph is a troll
|join|Cumown
|player|p1|Raph is a troll|258
|player|p2|Cumown|286
|gametype|singles
|gen|6
|tier|OU (suspect test)
|rated
|clearpoke
|poke|p1|Espeon, F
|poke|p1|Scolipede, M
|poke|p1|Clefable, F
|poke|p1|Smeargle, M
|poke|p1|Vaporeon, F
|poke|p1|Deoxys-Speed
|poke|p2|Amoonguss, M
|poke|p2|Keldeo
|poke|p2|Pinsir, M
|poke|p2|Gliscor, F
|poke|p2|Chansey, F
|poke|p2|Skarmory, F
|rule|Baton Pass Clause: Limit 3 pokemon knowing Baton Pass
|rule|Sleep Clause Mod: Limit one foe put to sleep
|rule|Species Clause: Limit one of each Pokemon
|rule|OHKO Clause: OHKO moves are banned
|rule|Moody Clause: Moody is banned
|rule|Evasion Moves Clause: Evasion moves are banned
|rule|Endless Battle Clause: Forcing endless battles is banned
|rule|HP Percentage Mod: HP is reported as percentages
|teampreview
|
|start
|switch|p1a: Deoxys-Speed|Deoxys-Speed|304\/304
|switch|p2a: Pinsir|Pinsir, M|271\/271
|-ability|p1a: Deoxys-Speed|Pressure
|turn|1
|
|detailschange|p2a: Pinsir|Pinsir-Mega, M
|message|Pinsir has Mega Evolved into Mega Pinsir!
|move|p1a: Deoxys-Speed|Taunt|p2a: Pinsir
|-start|p2a: Pinsir|move: Taunt
|move|p2a: Pinsir|Frustration|p1a: Deoxys-Speed
|-damage|p1a: Deoxys-Speed|15\/304
|
|turn|2
|
|move|p1a: Deoxys-Speed|Reflect|p1a: Deoxys-Speed
|-sidestart|p1: Raph is a troll|Reflect
|move|p2a: Pinsir|Frustration|p1a: Deoxys-Speed
|-damage|p1a: Deoxys-Speed|0 fnt
|faint|p1a: Deoxys-Speed
|
|
|switch|p1a: Espeon|Espeon, F|334\/334
|turn|3
|
|move|p2a: Pinsir|Frustration|p1a: Espeon
|-damage|p1a: Espeon|211\/334
|move|p1a: Espeon|Calm Mind|p1a: Espeon
|-boost|p1a: Espeon|spa|1
|-boost|p1a: Espeon|spd|1
|
|-heal|p1a: Espeon|231\/334|[from] item: Leftovers
|-end|p2a: Pinsir|move: Taunt
|turn|4
|
|move|p2a: Pinsir|Swords Dance|p2a: Pinsir
|-boost|p2a: Pinsir|atk|2
|move|p1a: Espeon|Stored Power|p2a: Pinsir
|-damage|p2a: Pinsir|150\/271
|
|-heal|p1a: Espeon|251\/334|[from] item: Leftovers
|turn|5
|
|move|p2a: Pinsir|Frustration|p1a: Espeon
|-damage|p1a: Espeon|5\/334
|move|p1a: Espeon|Stored Power|p2a: Pinsir
|-damage|p2a: Pinsir|11\/271
|
|-heal|p1a: Espeon|25\/334|[from] item: Leftovers
|turn|6
|
|move|p2a: Pinsir|Frustration|p1a: Espeon
|-damage|p1a: Espeon|0 fnt
|faint|p1a: Espeon
|
|
|switch|p1a: Vaporeon|Vaporeon, F|463\/463
|turn|7
|
|move|p2a: Pinsir|Frustration|p1a: Vaporeon
|-damage|p1a: Vaporeon|41\/463
|move|p1a: Vaporeon|Scald|p2a: Pinsir
|-damage|p2a: Pinsir|0 fnt
|faint|p2a: Pinsir
|
|-heal|p1a: Vaporeon|69\/463|[from] item: Leftovers
|
|switch|p2a: Keldeo|Keldeo|323\/323
|turn|8
|
|move|p2a: Keldeo|Substitute|p2a: Keldeo
|-start|p2a: Keldeo|Substitute
|-damage|p2a: Keldeo|243\/323
|move|p1a: Vaporeon|Stored Power|p2a: Keldeo
|-supereffective|p2a: Keldeo
|-activate|p2a: Keldeo|Substitute|[damage]
|
|-heal|p2a: Keldeo|263\/323|[from] item: Leftovers
|-heal|p1a: Vaporeon|97\/463|[from] item: Leftovers
|turn|9
|
|move|p2a: Keldeo|Secret Sword|p1a: Vaporeon
|-damage|p1a: Vaporeon|0 fnt
|faint|p1a: Vaporeon
|
|-heal|p2a: Keldeo|283\/323|[from] item: Leftovers
|-sideend|p1: Raph is a troll|Reflect
|
|switch|p1a: Smeargle|Smeargle, M|314\/314
|turn|10
|
|move|p2a: Keldeo|Scald|p1a: Smeargle
|-damage|p1a: Smeargle|67\/314
|move|p1a: Smeargle|Quiver Dance|p1a: Smeargle
|-boost|p1a: Smeargle|spa|1
|-boost|p1a: Smeargle|spd|1
|-boost|p1a: Smeargle|spe|1
|
|-heal|p2a: Keldeo|303\/323|[from] item: Leftovers
|turn|11
|
|move|p1a: Smeargle|Baton Pass|p1a: Smeargle
|
|switch|p1a: Scolipede|Scolipede, M|323\/323
|move|p2a: Keldeo|Secret Sword|p1a: Scolipede
|-resisted|p1a: Scolipede
|-damage|p1a: Scolipede|283\/323
|
|-heal|p2a: Keldeo|323\/323|[from] item: Leftovers
|turn|12
|
|switch|p2a: Skarmory|Skarmory, F|334\/334
|move|p1a: Scolipede|Protect|p1a: Scolipede
|-fail|p1a: Scolipede
|
|-boost|p1a: Scolipede|spe|1|[from] ability: Speed Boost
|turn|13
|
|move|p1a: Scolipede|Iron Defense|p1a: Scolipede
|-boost|p1a: Scolipede|def|2
|move|p2a: Skarmory|Whirlwind|p1a: Scolipede
|drag|p1a: Smeargle|Smeargle, M|67\/314
|
|turn|14
|
|switch|p2a: Gliscor|Gliscor, F|352\/352
|move|p1a: Smeargle|Spore|p2a: Gliscor
|-status|p2a: Gliscor|slp
|
|turn|15
|
|switch|p2a: Skarmory|Skarmory, F|334\/334
|move|p1a: Smeargle|Quiver Dance|p1a: Smeargle
|-boost|p1a: Smeargle|spa|1
|-boost|p1a: Smeargle|spd|1
|-boost|p1a: Smeargle|spe|1
|
|turn|16
|
|move|p1a: Smeargle|Ingrain|p1a: Smeargle
|-start|p1a: Smeargle|move: Ingrain
|move|p2a: Skarmory|Whirlwind|p1a: Smeargle
|-activate|p1a: Smeargle|move: Ingrain
|
|-heal|p1a: Smeargle|86\/314|[from] Ingrain
|turn|17
|
|move|p1a: Smeargle|Baton Pass|p1a: Smeargle
|
|switch|p1a: Scolipede|Scolipede, M|283\/323
|move|p2a: Skarmory|Brave Bird|p1a: Scolipede
|-supereffective|p1a: Scolipede
|-damage|p1a: Scolipede|17\/323
|-damage|p2a: Skarmory|246\/334|[from] recoil|[of] p1a: Scolipede
|
|-heal|p1a: Scolipede|37\/323|[from] Ingrain
|turn|18
|
|switch|p2a: Amoonguss|Amoonguss, M|432\/432
|move|p1a: Scolipede|Protect|p1a: Scolipede
|-fail|p1a: Scolipede
|
|-heal|p1a: Scolipede|57\/323|[from] Ingrain
|-boost|p1a: Scolipede|spe|1|[from] ability: Speed Boost
|turn|19
|
|move|p1a: Scolipede|Protect|p1a: Scolipede
|-singleturn|p1a: Scolipede|Protect
|move|p2a: Amoonguss|Spore|p1a: Scolipede
|-activate|p1a: Scolipede|Protect
|
|-heal|p1a: Scolipede|77\/323|[from] Ingrain
|-boost|p1a: Scolipede|spe|1|[from] ability: Speed Boost
|turn|20
|
|move|p1a: Scolipede|Iron Defense|p1a: Scolipede
|-boost|p1a: Scolipede|def|2
|move|p2a: Amoonguss|Spore|p1a: Scolipede
|-status|p1a: Scolipede|slp
|
|-heal|p1a: Scolipede|97\/323 slp|[from] Ingrain
|-boost|p1a: Scolipede|spe|1|[from] ability: Speed Boost
|turn|21
|
|cant|p1a: Scolipede|slp
|move|p2a: Amoonguss|Clear Smog|p1a: Scolipede
|-resisted|p1a: Scolipede
|-damage|p1a: Scolipede|82\/323 slp
|-clearboost|p1a: Scolipede
|
|-heal|p1a: Scolipede|102\/323 slp|[from] Ingrain
|-boost|p1a: Scolipede|spe|1|[from] ability: Speed Boost
|turn|22
|-message|Raph is a troll forfeited.
|
|win|Cumown
|raw|Ladder updating...
|leave|Raph is a troll
|player|p1
|raw|Raph is a troll's rating: 1187 &rarr; <strong>1156<\/strong><br \/>(-31 for losing)
|raw|Cumown's rating: 1100 &rarr; <strong>1131<\/strong><br \/>(+31 for winning)