|join|Cumown
|join|Hyozanman test
|player|p1|Cumown|287
|player|p2|Hyozanman test|40
|gametype|singles
|gen|6
|tier|OU (suspect test)
|rated
|clearpoke
|poke|p1|Sceptile, M
|poke|p1|Clefable, M
|poke|p1|Porygon2
|poke|p1|Rotom-Wash
|poke|p1|Tentacruel, M
|poke|p1|Gothitelle, M
|poke|p2|Azumarill, F
|poke|p2|Gengar, F
|poke|p2|Manectric, M
|poke|p2|Latios, M
|poke|p2|Mamoswine, M
|poke|p2|Bisharp, F
|rule|Swagger Clause: Swagger is banned
|rule|Baton Pass Clause: Limit one PokÃ©mon knowing Baton Pass
|rule|Sleep Clause Mod: Limit one foe put to sleep
|rule|Species Clause: Limit one of each PokÃ©mon
|rule|OHKO Clause: OHKO moves are banned
|rule|Moody Clause: Moody is banned
|rule|Evasion Moves Clause: Evasion moves are banned
|rule|Endless Battle Clause: Forcing endless battles is banned
|rule|HP Percentage Mod: HP is shown in percentages
|teampreview
|
|start
|switch|p1a: Gothitelle|Gothitelle, M|301\/301
|switch|p2a: Manectric|Manectric, M|281\/281
|turn|1
|
|switch|p1a: Porygon2|Porygon2|374\/374
|-ability|p1a: Porygon2|Lightning Rod|[from] ability: Trace|[of] p2a: Manectric
|detailschange|p2a: Manectric|Manectric-Mega, M
|-mega|p2a: Manectric|Manectric|Manectite
|-ability|p2a: Manectric|Intimidate|[of] p1a: Porygon2
|-unboost|p1a: Porygon2|atk|1
|move|p2a: Manectric|Volt Switch|p1a: Porygon2
|-boost|p1a: Porygon2|spa|1|[from] ability: Lightning Rod
|
|turn|2
|
|switch|p2a: Gengar|Gengar, F|262\/262
|move|p1a: Porygon2|Thunder Wave|p2a: Gengar
|-status|p2a: Gengar|par
|
|turn|3
|
|move|p1a: Porygon2|Foul Play|p2a: Gengar
|-supereffective|p2a: Gengar
|-damage|p2a: Gengar|114\/262 par
|move|p2a: Gengar|Trick|p1a: Porygon2
|-activate|p2a: Gengar|move: Trick|[of] p1a: Porygon2
|-item|p1a: Porygon2|Choice Scarf|[from] move: Trick
|-item|p2a: Gengar|Eviolite|[from] move: Trick
|
|turn|4
|
|move|p1a: Porygon2|Ice Beam|p2a: Gengar
|-damage|p2a: Gengar|0 fnt
|faint|p2a: Gengar
|
|
|switch|p2a: Bisharp|Bisharp, F|334\/334
|turn|5
|
|switch|p1a: Rotom-Wash|Rotom-Wash|304\/304
|move|p2a: Bisharp|Swords Dance|p2a: Bisharp
|-boost|p2a: Bisharp|atk|2
|
|turn|6
|
|move|p1a: Rotom-Wash|Will-O-Wisp|p2a: Bisharp|[miss]
|-miss|p1a: Rotom-Wash|p2a: Bisharp
|move|p2a: Bisharp|Knock Off|p1a: Rotom-Wash
|-damage|p1a: Rotom-Wash|0 fnt
|-enditem|p1a: Rotom-Wash|Leftovers|[from] move: Knock Off|[of] p2a: Bisharp
|faint|p1a: Rotom-Wash
|
|
|switch|p1a: Gothitelle|Gothitelle, M|301\/301
|turn|7
|
|move|p2a: Bisharp|Sucker Punch|p1a: Gothitelle
|-fail|p1a: Gothitelle
|move|p1a: Gothitelle|Trick|p2a: Bisharp
|-activate|p1a: Gothitelle|move: Trick|[of] p2a: Bisharp
|-item|p2a: Bisharp|Choice Scarf|[from] move: Trick
|-item|p1a: Gothitelle|Black Glasses|[from] move: Trick
|
|turn|8
|
|switch|p1a: Tentacruel|Tentacruel, M|364\/364
|move|p2a: Bisharp|Knock Off|p1a: Tentacruel
|-damage|p1a: Tentacruel|0 fnt
|-enditem|p1a: Tentacruel|Black Sludge|[from] move: Knock Off|[of] p2a: Bisharp
|faint|p1a: Tentacruel
|
|
|switch|p1a: Clefable|Clefable, M|394\/394
|turn|9
|
|move|p2a: Bisharp|Knock Off|p1a: Clefable
|-resisted|p1a: Clefable
|-damage|p1a: Clefable|211\/394
|-enditem|p1a: Clefable|Leftovers|[from] move: Knock Off|[of] p2a: Bisharp
|move|p1a: Clefable|Stealth Rock|p2a: Bisharp
|-sidestart|p2: Hyozanman test|move: Stealth Rock
|
|turn|10
|
|move|p2a: Bisharp|Knock Off|p1a: Clefable
|-resisted|p1a: Clefable
|-damage|p1a: Clefable|93\/394
|move|p1a: Clefable|Soft-Boiled|p1a: Clefable
|-heal|p1a: Clefable|290\/394
|
|turn|11
|
|move|p2a: Bisharp|Knock Off|p1a: Clefable
|-resisted|p1a: Clefable
|-damage|p1a: Clefable|169\/394
|move|p1a: Clefable|Moonblast|p2a: Bisharp
|-damage|p2a: Bisharp|201\/334
|
|turn|12
|
|switch|p2a: Azumarill|Azumarill, F|364\/364
|-damage|p2a: Azumarill|319\/364|[from] Stealth Rock
|move|p1a: Clefable|Soft-Boiled|p1a: Clefable
|-heal|p1a: Clefable|366\/394
|
|turn|13
|
|move|p2a: Azumarill|Play Rough|p1a: Clefable
|-damage|p1a: Clefable|174\/394
|move|p1a: Clefable|Moonblast|p2a: Azumarill
|-damage|p2a: Azumarill|201\/364
|
|turn|14
|
|switch|p1a: Gothitelle|Gothitelle, M|301\/301
|move|p2a: Azumarill|Play Rough|p1a: Gothitelle
|-damage|p1a: Gothitelle|85\/301
|
|turn|15
|
|move|p2a: Azumarill|Aqua Jet|p1a: Gothitelle
|-damage|p1a: Gothitelle|1\/301
|move|p1a: Gothitelle|Psychic|p2a: Azumarill
|-damage|p2a: Azumarill|38\/364
|-enditem|p2a: Azumarill|Sitrus Berry|[eat]
|-heal|p2a: Azumarill|129\/364|[from] item: Sitrus Berry
|
|turn|16
|
|move|p2a: Azumarill|Aqua Jet|p1a: Gothitelle
|-damage|p1a: Gothitelle|0 fnt
|faint|p1a: Gothitelle
|
|
|switch|p1a: Sceptile|Sceptile, M|281\/281
|turn|17
|
|detailschange|p1a: Sceptile|Sceptile-Mega, M
|-mega|p1a: Sceptile|Sceptile|Sceptilite
|move|p1a: Sceptile|Substitute|p1a: Sceptile
|-start|p1a: Sceptile|Substitute
|-damage|p1a: Sceptile|211\/281
|move|p2a: Azumarill|Play Rough|p1a: Sceptile
|-supereffective|p1a: Sceptile
|-end|p1a: Sceptile|Substitute
|
|turn|18
|
|move|p1a: Sceptile|Giga Drain|p2a: Azumarill
|-supereffective|p2a: Azumarill
|-damage|p2a: Azumarill|0 fnt
|-heal|p1a: Sceptile|276\/281|[from] drain|[of] p2a: Azumarill
|faint|p2a: Azumarill
|
|
|switch|p2a: Mamoswine|Mamoswine, M|424\/424
|-damage|p2a: Mamoswine|371\/424|[from] Stealth Rock
|turn|19
|
|switch|p1a: Porygon2|Porygon2|374\/374
|-ability|p1a: Porygon2|Thick Fat|[from] ability: Trace|[of] p2a: Mamoswine
|move|p2a: Mamoswine|Ice Shard|p1a: Porygon2
|-damage|p1a: Porygon2|340\/374
|
|turn|20
|
|switch|p2a: Manectric|Manectric-Mega, M|281\/281
|-damage|p2a: Manectric|246\/281|[from] Stealth Rock
|-ability|p2a: Manectric|Intimidate|[of] p1a: Porygon2
|-unboost|p1a: Porygon2|atk|1
|move|p1a: Porygon2|Foul Play|p2a: Manectric
|-damage|p2a: Manectric|177\/281
|
|turn|21
|
|move|p2a: Manectric|Volt Switch|p1a: Porygon2
|-damage|p1a: Porygon2|210\/374
|
|switch|p2a: Bisharp|Bisharp, F|201\/334
|-damage|p2a: Bisharp|181\/334|[from] Stealth Rock
|move|p1a: Porygon2|Foul Play|p2a: Bisharp
|-resisted|p2a: Bisharp
|-damage|p2a: Bisharp|119\/334
|
|turn|22
|
|switch|p1a: Sceptile|Sceptile-Mega, M|276\/281
|move|p2a: Bisharp|Iron Head|p1a: Sceptile
|-damage|p1a: Sceptile|75\/281
|
|turn|23
|
|move|p1a: Sceptile|Hidden Power|p2a: Bisharp
|-supereffective|p2a: Bisharp
|-damage|p2a: Bisharp|0 fnt
|faint|p2a: Bisharp
|
|
|switch|p2a: Mamoswine|Mamoswine, M|371\/424
|-damage|p2a: Mamoswine|318\/424|[from] Stealth Rock
|turn|24
|
|move|p1a: Sceptile|Giga Drain|p2a: Mamoswine
|-supereffective|p2a: Mamoswine
|-damage|p2a: Mamoswine|0 fnt
|-heal|p1a: Sceptile|234\/281|[from] drain|[of] p2a: Mamoswine
|faint|p2a: Mamoswine
|
|
|switch|p2a: Manectric|Manectric-Mega, M|177\/281
|-damage|p2a: Manectric|142\/281|[from] Stealth Rock
|-ability|p2a: Manectric|Intimidate|[of] p1a: Sceptile
|-unboost|p1a: Sceptile|atk|1
|turn|25
|
|move|p1a: Sceptile|Dragon Pulse|p2a: Manectric
|-damage|p2a: Manectric|0 fnt
|faint|p2a: Manectric
|
|
|switch|p2a: Latios|Latios, M|302\/302
|-damage|p2a: Latios|265\/302|[from] Stealth Rock
|turn|26
|
|move|p1a: Sceptile|Dragon Pulse|p2a: Latios
|-supereffective|p2a: Latios
|-damage|p2a: Latios|0 fnt
|faint|p2a: Latios
|
|win|Cumown
|raw|Ladder updating...
|raw|Cumown's rating: 1336 &rarr; <strong>1357<\/strong><br \/>(+21 for winning)
|raw|Hyozanman test's rating: 1354 &rarr; <strong>1333<\/strong><br \/>(-21 for losing)
|c|âCumown|gg
|leave|Hyozanman test
|player|p2