|join|Cumown
|join|OTRTVC
|player|p1|Cumown|287
|player|p2|OTRTVC|290
|gametype|singles
|gen|6
|tier|OU (suspect test)
|rated
|clearpoke
|poke|p1|Sceptile, M
|poke|p1|Clefable, M
|poke|p1|Porygon2
|poke|p1|Rotom-Wash
|poke|p1|Tentacruel, F
|poke|p1|Gothitelle, F
|poke|p2|Gengar, M, shiny
|poke|p2|Azelf, shiny
|poke|p2|Metagross, shiny
|poke|p2|Azumarill, M, shiny
|poke|p2|Landorus, M, shiny
|poke|p2|Magnezone, shiny
|rule|Swagger Clause: Swagger is banned
|rule|Baton Pass Clause: Limit one PokÃ©mon knowing Baton Pass
|rule|Sleep Clause Mod: Limit one foe put to sleep
|rule|Species Clause: Limit one of each PokÃ©mon
|rule|OHKO Clause: OHKO moves are banned
|rule|Moody Clause: Moody is banned
|rule|Evasion Moves Clause: Evasion moves are banned
|rule|Endless Battle Clause: Forcing endless battles is banned
|rule|HP Percentage Mod: HP is shown in percentages
|teampreview
|
|start
|switch|p1a: Sceptile|Sceptile, M|281\/281
|switch|p2a: Azelf|Azelf, shiny|291\/291
|turn|1
|
|detailschange|p1a: Sceptile|Sceptile-Mega, M
|-mega|p1a: Sceptile|Sceptile|Sceptilite
|move|p1a: Sceptile|Substitute|p1a: Sceptile
|-start|p1a: Sceptile|Substitute
|-damage|p1a: Sceptile|211\/281
|move|p2a: Azelf|Explosion|p1a: Sceptile
|-end|p1a: Sceptile|Substitute
|faint|p2a: Azelf
|
|
|switch|p2a: Metagross|Metagross, shiny|301\/301
|turn|2
|
|switch|p1a: Rotom-Wash|Rotom-Wash|304\/304
|detailschange|p2a: Metagross|Metagross-Mega, shiny
|-mega|p2a: Metagross|Metagross|Metagrossite
|move|p2a: Metagross|Meteor Mash|p1a: Rotom-Wash
|-resisted|p1a: Rotom-Wash
|-damage|p1a: Rotom-Wash|266\/304
|
|-heal|p1a: Rotom-Wash|285\/304|[from] item: Leftovers
|turn|3
|
|switch|p2a: Magnezone|Magnezone, shiny|285\/285
|move|p1a: Rotom-Wash|Will-O-Wisp|p2a: Magnezone
|-status|p2a: Magnezone|brn
|
|-heal|p1a: Rotom-Wash|304\/304|[from] item: Leftovers
|-damage|p2a: Magnezone|250\/285 brn|[from] brn
|turn|4
|
|switch|p2a: Metagross|Metagross-Mega, shiny|301\/301
|move|p1a: Rotom-Wash|Volt Switch|p2a: Metagross
|-damage|p2a: Metagross|211\/301
|
|switch|p1a: Porygon2|Porygon2|374\/374
|-ability|p1a: Porygon2|Tough Claws|[from] ability: Trace|[of] p2a: Metagross
|
|turn|5
|
|move|p2a: Metagross|Meteor Mash|p1a: Porygon2
|-damage|p1a: Porygon2|265\/374
|move|p1a: Porygon2|Foul Play|p2a: Metagross
|-supereffective|p2a: Metagross
|-damage|p2a: Metagross|0 fnt
|faint|p2a: Metagross
|
|
|switch|p2a: Azumarill|Azumarill, M, shiny|401\/401
|turn|6
|
|move|p1a: Porygon2|Foul Play|p2a: Azumarill
|-resisted|p2a: Azumarill
|-damage|p2a: Azumarill|346\/401
|move|p2a: Azumarill|Knock Off|p1a: Porygon2
|-damage|p1a: Porygon2|188\/374
|-enditem|p1a: Porygon2|Eviolite|[from] move: Knock Off|[of] p2a: Azumarill
|
|turn|7
|
|move|p1a: Porygon2|Thunder Wave|p2a: Azumarill
|-status|p2a: Azumarill|par
|move|p2a: Azumarill|Play Rough|p1a: Porygon2
|-damage|p1a: Porygon2|31\/374
|
|turn|8
|
|switch|p1a: Rotom-Wash|Rotom-Wash|304\/304
|move|p2a: Azumarill|Knock Off|p1a: Rotom-Wash
|-crit|p1a: Rotom-Wash
|-damage|p1a: Rotom-Wash|146\/304
|-enditem|p1a: Rotom-Wash|Leftovers|[from] move: Knock Off|[of] p2a: Azumarill
|
|turn|9
|
|switch|p2a: Landorus|Landorus, M, shiny|345\/345
|move|p1a: Rotom-Wash|Hydro Pump|p2a: Landorus
|-supereffective|p2a: Landorus
|-damage|p2a: Landorus|0 fnt
|faint|p2a: Landorus
|
|
|switch|p2a: Gengar|Gengar, M, shiny|261\/261
|turn|10
|
|switch|p1a: Tentacruel|Tentacruel, F|364\/364
|move|p2a: Gengar|Sludge Wave|p1a: Tentacruel
|-resisted|p1a: Tentacruel
|-damage|p1a: Tentacruel|295\/364
|-damage|p2a: Gengar|235\/261|[from] item: Life Orb
|
|-heal|p1a: Tentacruel|317\/364|[from] item: Black Sludge
|turn|11
|
|move|p2a: Gengar|Shadow Ball|p1a: Tentacruel
|-damage|p1a: Tentacruel|204\/364
|-damage|p2a: Gengar|209\/261|[from] item: Life Orb
|move|p1a: Tentacruel|Scald|p2a: Gengar
|-damage|p2a: Gengar|107\/261
|
|-heal|p1a: Tentacruel|226\/364|[from] item: Black Sludge
|turn|12
|
|move|p2a: Gengar|Shadow Ball|p1a: Tentacruel
|-damage|p1a: Tentacruel|109\/364
|-damage|p2a: Gengar|81\/261|[from] item: Life Orb
|move|p1a: Tentacruel|Scald|p2a: Gengar
|-damage|p2a: Gengar|0 fnt
|faint|p2a: Gengar
|
|-heal|p1a: Tentacruel|131\/364|[from] item: Black Sludge
|-message|OTRTVC forfeited.
|
|win|Cumown
|raw|Ladder updating...
|leave|OTRTVC
|player|p2
|raw|Cumown's rating: 1426 &rarr; <strong>1446<\/strong><br \/>(+20 for winning)
|raw|OTRTVC's rating: 1431 &rarr; <strong>1410<\/strong><br \/>(-21 for losing)