|join|Mister Chair
|join|Cumown
|player|p1|Mister Chair|266
|player|p2|Cumown|287
|gametype|singles
|gen|6
|tier|OU (suspect test)
|rated
|clearpoke
|poke|p1|Mandibuzz, F
|poke|p1|Gardevoir, M
|poke|p1|Garchomp, M
|poke|p1|Scizor, F
|poke|p1|Heatran, M
|poke|p1|Conkeldurr, F
|poke|p2|Sceptile, F
|poke|p2|Clefable, F
|poke|p2|Porygon2
|poke|p2|Rotom-Wash
|poke|p2|Tentacruel, M
|poke|p2|Gothitelle, M
|rule|Swagger Clause: Swagger is banned
|rule|Baton Pass Clause: Limit one PokÃ©mon knowing Baton Pass
|rule|Sleep Clause Mod: Limit one foe put to sleep
|rule|Species Clause: Limit one of each PokÃ©mon
|rule|OHKO Clause: OHKO moves are banned
|rule|Moody Clause: Moody is banned
|rule|Evasion Moves Clause: Evasion moves are banned
|rule|Endless Battle Clause: Forcing endless battles is banned
|rule|HP Percentage Mod: HP is shown in percentages
|teampreview
|
|start
|switch|p1a: Garchomp|Garchomp, M|420\/420
|switch|p2a: Gothitelle|Gothitelle, M|301\/301
|turn|1
|
|move|p2a: Gothitelle|Trick|p1a: Garchomp
|-activate|p2a: Gothitelle|move: Trick|[of] p1a: Garchomp
|-item|p1a: Garchomp|Choice Scarf|[from] move: Trick
|-item|p2a: Gothitelle|Rocky Helmet|[from] move: Trick
|move|p1a: Garchomp|Dragon Tail|p2a: Gothitelle
|-damage|p2a: Gothitelle|204\/301
|-damage|p1a: Garchomp|350\/420|[from] item: Rocky Helmet|[of] p2a: Gothitelle
|drag|p2a: Tentacruel|Tentacruel, M|364\/364
|
|turn|2
|
|switch|p1a: Conkeldurr|Conkeldurr, F|352\/352
|switch|p2a: Clefable|Clefable, F|394\/394
|
|turn|3
|
|switch|p1a: Heatran|Heatran, M|323\/323
|move|p2a: Clefable|Stealth Rock|p1a: Heatran
|-sidestart|p1: Mister Chair|move: Stealth Rock
|
|turn|4
|
|move|p1a: Heatran|Flash Cannon|p2a: Clefable
|-supereffective|p2a: Clefable
|-damage|p2a: Clefable|146\/394
|move|p2a: Clefable|Thunder Wave|p1a: Heatran
|-status|p1a: Heatran|par
|
|-heal|p2a: Clefable|170\/394|[from] item: Leftovers
|turn|5
|
|move|p2a: Clefable|Soft-Boiled|p2a: Clefable
|-heal|p2a: Clefable|367\/394
|move|p1a: Heatran|Flash Cannon|p2a: Clefable
|-supereffective|p2a: Clefable
|-damage|p2a: Clefable|85\/394
|
|-heal|p2a: Clefable|109\/394|[from] item: Leftovers
|turn|6
|
|switch|p2a: Rotom-Wash|Rotom-Wash|304\/304
|move|p1a: Heatran|Flash Cannon|p2a: Rotom-Wash
|-resisted|p2a: Rotom-Wash
|-damage|p2a: Rotom-Wash|268\/304
|
|-heal|p2a: Rotom-Wash|287\/304|[from] item: Leftovers
|turn|7
|
|switch|p1a: Garchomp|Garchomp, M|350\/420
|-damage|p1a: Garchomp|324\/420|[from] Stealth Rock
|move|p2a: Rotom-Wash|Volt Switch|p1a: Garchomp
|-immune|p1a: Garchomp|[msg]
|
|-heal|p2a: Rotom-Wash|304\/304|[from] item: Leftovers
|turn|8
|
|switch|p1a: Gardevoir|Gardevoir, M|339\/339
|-damage|p1a: Gardevoir|297\/339|[from] Stealth Rock
|-ability|p1a: Gardevoir|Levitate|[from] ability: Trace|[of] p2a: Rotom-Wash
|move|p2a: Rotom-Wash|Will-O-Wisp|p1a: Gardevoir
|-status|p1a: Gardevoir|brn
|
|-damage|p1a: Gardevoir|255\/339 brn|[from] brn
|turn|9
|
|detailschange|p1a: Gardevoir|Gardevoir-Mega, M
|-mega|p1a: Gardevoir|Gardevoir|Gardevoirite
|move|p2a: Rotom-Wash|Volt Switch|p1a: Gardevoir
|-damage|p1a: Gardevoir|191\/339 brn
|
|switch|p2a: Porygon2|Porygon2|374\/374
|-ability|p2a: Porygon2|Pixilate|[from] ability: Trace|[of] p1a: Gardevoir
|move|p1a: Gardevoir|Hyper Voice|p2a: Porygon2
|-damage|p2a: Porygon2|182\/374
|
|-damage|p1a: Gardevoir|149\/339 brn|[from] brn
|turn|10
|
|switch|p2a: Tentacruel|Tentacruel, M|364\/364
|move|p1a: Gardevoir|Hyper Voice|p2a: Tentacruel
|-resisted|p2a: Tentacruel
|-damage|p2a: Tentacruel|282\/364
|
|-heal|p2a: Tentacruel|304\/364|[from] item: Black Sludge
|-damage|p1a: Gardevoir|107\/339 brn|[from] brn
|turn|11
|
|switch|p2a: Gothitelle|Gothitelle, M|204\/301
|move|p1a: Gardevoir|Psyshock|p2a: Gothitelle
|-crit|p2a: Gothitelle
|-resisted|p2a: Gothitelle
|-damage|p2a: Gothitelle|45\/301
|
|-damage|p1a: Gardevoir|65\/339 brn|[from] brn
|turn|12
|
|move|p1a: Gardevoir|Psyshock|p2a: Gothitelle
|-resisted|p2a: Gothitelle
|-damage|p2a: Gothitelle|0 fnt
|faint|p2a: Gothitelle
|
|-damage|p1a: Gardevoir|23\/339 brn|[from] brn
|
|switch|p2a: Sceptile|Sceptile, F|281\/281
|turn|13
|
|detailschange|p2a: Sceptile|Sceptile-Mega, F
|-mega|p2a: Sceptile|Sceptile|Sceptilite
|move|p2a: Sceptile|Giga Drain|p1a: Gardevoir
|-damage|p1a: Gardevoir|0 fnt
|faint|p1a: Gardevoir
|
|
|switch|p1a: Conkeldurr|Conkeldurr, F|352\/352
|-damage|p1a: Conkeldurr|330\/352|[from] Stealth Rock
|turn|14
|
|switch|p2a: Tentacruel|Tentacruel, M|304\/364
|move|p1a: Conkeldurr|Ice Punch|p2a: Tentacruel
|-resisted|p2a: Tentacruel
|-damage|p2a: Tentacruel|233\/364
|
|-heal|p2a: Tentacruel|255\/364|[from] item: Black Sludge
|turn|15
|
|move|p2a: Tentacruel|Acid Spray|p1a: Conkeldurr
|-damage|p1a: Conkeldurr|302\/352
|-unboost|p1a: Conkeldurr|spd|2
|move|p1a: Conkeldurr|Knock Off|p2a: Tentacruel
|-damage|p2a: Tentacruel|62\/364
|-enditem|p2a: Tentacruel|Black Sludge|[from] move: Knock Off|[of] p1a: Conkeldurr
|
|turn|16
|
|switch|p1a: Mandibuzz|Mandibuzz, F|423\/423
|-damage|p1a: Mandibuzz|318\/423|[from] Stealth Rock
|move|p2a: Tentacruel|Acid Spray|p1a: Mandibuzz
|-damage|p1a: Mandibuzz|282\/423
|-unboost|p1a: Mandibuzz|spd|2
|
|turn|17
|
|move|p2a: Tentacruel|Scald|p1a: Mandibuzz
|-damage|p1a: Mandibuzz|134\/423
|move|p1a: Mandibuzz|Foul Play|p2a: Tentacruel
|-damage|p2a: Tentacruel|0 fnt
|faint|p2a: Tentacruel
|
|
|switch|p2a: Sceptile|Sceptile-Mega, F|281\/281
|turn|18
|
|switch|p2a: Clefable|Clefable, F|109\/394
|switch|p1a: Heatran|Heatran, M|323\/323 par
|-damage|p1a: Heatran|283\/323 par|[from] Stealth Rock
|
|-heal|p2a: Clefable|133\/394|[from] item: Leftovers
|turn|19
|
|switch|p2a: Rotom-Wash|Rotom-Wash|304\/304
|move|p1a: Heatran|Flash Cannon|p2a: Rotom-Wash
|-resisted|p2a: Rotom-Wash
|-damage|p2a: Rotom-Wash|268\/304
|
|-heal|p2a: Rotom-Wash|287\/304|[from] item: Leftovers
|turn|20
|
|switch|p1a: Conkeldurr|Conkeldurr, F|302\/352
|-damage|p1a: Conkeldurr|280\/352|[from] Stealth Rock
|move|p2a: Rotom-Wash|Volt Switch|p1a: Conkeldurr
|-damage|p1a: Conkeldurr|214\/352
|
|switch|p2a: Clefable|Clefable, F|133\/394
|
|-heal|p2a: Clefable|157\/394|[from] item: Leftovers
|turn|21
|
|switch|p1a: Mandibuzz|Mandibuzz, F|134\/423
|-damage|p1a: Mandibuzz|29\/423|[from] Stealth Rock
|move|p2a: Clefable|Soft-Boiled|p2a: Clefable
|-heal|p2a: Clefable|354\/394
|
|-heal|p2a: Clefable|378\/394|[from] item: Leftovers
|turn|22
|
|move|p1a: Mandibuzz|Roost|p1a: Mandibuzz
|-heal|p1a: Mandibuzz|241\/423
|move|p2a: Clefable|Thunder Wave|p1a: Mandibuzz
|-status|p1a: Mandibuzz|par
|
|-heal|p2a: Clefable|394\/394|[from] item: Leftovers
|turn|23
|
|move|p2a: Clefable|Moonblast|p1a: Mandibuzz
|-supereffective|p1a: Mandibuzz
|-damage|p1a: Mandibuzz|31\/423 par
|cant|p1a: Mandibuzz|par
|
|turn|24
|
|move|p2a: Clefable|Moonblast|p1a: Mandibuzz
|-supereffective|p1a: Mandibuzz
|-damage|p1a: Mandibuzz|0 fnt
|faint|p1a: Mandibuzz
|
|
|switch|p1a: Scizor|Scizor, F|343\/343
|-damage|p1a: Scizor|301\/343|[from] Stealth Rock
|turn|25
|
|switch|p2a: Rotom-Wash|Rotom-Wash|287\/304
|move|p1a: Scizor|U-turn|p2a: Rotom-Wash
|-damage|p2a: Rotom-Wash|142\/304
|
|switch|p1a: Conkeldurr|Conkeldurr, F|214\/352
|-damage|p1a: Conkeldurr|192\/352|[from] Stealth Rock
|
|-heal|p2a: Rotom-Wash|161\/304|[from] item: Leftovers
|turn|26
|
|move|p2a: Rotom-Wash|Volt Switch|p1a: Conkeldurr
|-damage|p1a: Conkeldurr|135\/352
|
|switch|p2a: Clefable|Clefable, F|394\/394
|move|p1a: Conkeldurr|Drain Punch|p2a: Clefable
|-resisted|p2a: Clefable
|-damage|p2a: Clefable|310\/394
|-heal|p1a: Conkeldurr|177\/352|[from] drain|[of] p2a: Clefable
|
|-heal|p2a: Clefable|334\/394|[from] item: Leftovers
|turn|27
|
|switch|p1a: Scizor|Scizor, F|301\/343
|-damage|p1a: Scizor|259\/343|[from] Stealth Rock
|move|p2a: Clefable|Moonblast|p1a: Scizor
|-resisted|p1a: Scizor
|-damage|p1a: Scizor|196\/343
|-unboost|p1a: Scizor|spa|1
|
|-heal|p2a: Clefable|358\/394|[from] item: Leftovers
|turn|28
|
|switch|p2a: Porygon2|Porygon2|182\/374
|-ability|p2a: Porygon2|Technician|[from] ability: Trace|[of] p1a: Scizor
|move|p1a: Scizor|Bullet Punch|p2a: Porygon2
|-damage|p2a: Porygon2|85\/374
|
|turn|29
|
|switch|p2a: Rotom-Wash|Rotom-Wash|161\/304
|move|p1a: Scizor|Bullet Punch|p2a: Rotom-Wash
|-resisted|p2a: Rotom-Wash
|-damage|p2a: Rotom-Wash|133\/304
|
|-heal|p2a: Rotom-Wash|152\/304|[from] item: Leftovers
|turn|30
|
|switch|p1a: Garchomp|Garchomp, M|324\/420
|-damage|p1a: Garchomp|298\/420|[from] Stealth Rock
|move|p2a: Rotom-Wash|Hydro Pump|p1a: Garchomp
|-damage|p1a: Garchomp|151\/420
|
|-heal|p2a: Rotom-Wash|171\/304|[from] item: Leftovers
|turn|31
|
|switch|p2a: Porygon2|Porygon2|85\/374
|-ability|p2a: Porygon2|Rough Skin|[from] ability: Trace|[of] p1a: Garchomp
|move|p1a: Garchomp|Earthquake|p2a: Porygon2
|-crit|p2a: Porygon2
|-damage|p2a: Porygon2|0 fnt
|faint|p2a: Porygon2
|
|
|switch|p2a: Sceptile|Sceptile-Mega, F|281\/281
|turn|32
|
|move|p2a: Sceptile|Substitute|p2a: Sceptile
|-start|p2a: Sceptile|Substitute
|-damage|p2a: Sceptile|211\/281
|move|p1a: Garchomp|Earthquake|p2a: Sceptile
|-resisted|p2a: Sceptile
|-end|p2a: Sceptile|Substitute
|
|turn|33
|
|move|p2a: Sceptile|Giga Drain|p1a: Garchomp
|-damage|p1a: Garchomp|0 fnt
|-heal|p2a: Sceptile|281\/281|[from] drain|[of] p1a: Garchomp
|faint|p1a: Garchomp
|
|
|switch|p1a: Conkeldurr|Conkeldurr, F|177\/352
|-damage|p1a: Conkeldurr|155\/352|[from] Stealth Rock
|turn|34
|
|switch|p2a: Clefable|Clefable, F|358\/394
|move|p1a: Conkeldurr|Drain Punch|p2a: Clefable
|-resisted|p2a: Clefable
|-damage|p2a: Clefable|278\/394
|-heal|p1a: Conkeldurr|195\/352|[from] drain|[of] p2a: Clefable
|
|-heal|p2a: Clefable|302\/394|[from] item: Leftovers
|turn|35
|
|switch|p1a: Scizor|Scizor, F|196\/343
|-damage|p1a: Scizor|154\/343|[from] Stealth Rock
|move|p2a: Clefable|Moonblast|p1a: Scizor
|-crit|p1a: Scizor
|-resisted|p1a: Scizor
|-damage|p1a: Scizor|55\/343
|
|-heal|p2a: Clefable|326\/394|[from] item: Leftovers
|turn|36
|
|switch|p2a: Rotom-Wash|Rotom-Wash|171\/304
|move|p1a: Scizor|U-turn|p2a: Rotom-Wash
|-damage|p2a: Rotom-Wash|26\/304
|
|switch|p1a: Conkeldurr|Conkeldurr, F|195\/352
|-damage|p1a: Conkeldurr|173\/352|[from] Stealth Rock
|
|-heal|p2a: Rotom-Wash|45\/304|[from] item: Leftovers
|turn|37
|
|switch|p2a: Clefable|Clefable, F|326\/394
|move|p1a: Conkeldurr|Mach Punch|p2a: Clefable
|-resisted|p2a: Clefable
|-damage|p2a: Clefable|283\/394
|
|-heal|p2a: Clefable|307\/394|[from] item: Leftovers
|turn|38
|
|switch|p1a: Heatran|Heatran, M|283\/323 par
|-damage|p1a: Heatran|243\/323 par|[from] Stealth Rock
|move|p2a: Clefable|Moonblast|p1a: Heatran
|-resisted|p1a: Heatran
|-damage|p1a: Heatran|217\/323 par
|
|-heal|p2a: Clefable|331\/394|[from] item: Leftovers
|turn|39
|
|move|p2a: Clefable|Moonblast|p1a: Heatran
|-crit|p1a: Heatran
|-resisted|p1a: Heatran
|-damage|p1a: Heatran|180\/323 par
|move|p1a: Heatran|Flash Cannon|p2a: Clefable
|-supereffective|p2a: Clefable
|-damage|p2a: Clefable|65\/394
|-unboost|p2a: Clefable|spd|1
|
|-heal|p2a: Clefable|89\/394|[from] item: Leftovers
|turn|40
|
|switch|p2a: Rotom-Wash|Rotom-Wash|45\/304
|move|p1a: Heatran|Flash Cannon|p2a: Rotom-Wash
|-resisted|p2a: Rotom-Wash
|-damage|p2a: Rotom-Wash|9\/304
|
|-heal|p2a: Rotom-Wash|28\/304|[from] item: Leftovers
|turn|41
|
|move|p2a: Rotom-Wash|Pain Split|p1a: Heatran
|-sethp|p1a: Heatran|104\/323 par|p2a: Rotom-Wash|104\/304|[from] move: Pain Split
|move|p1a: Heatran|Flash Cannon|p2a: Rotom-Wash
|-resisted|p2a: Rotom-Wash
|-damage|p2a: Rotom-Wash|72\/304
|
|-heal|p2a: Rotom-Wash|91\/304|[from] item: Leftovers
|turn|42
|
|move|p2a: Rotom-Wash|Hydro Pump|p1a: Heatran
|-supereffective|p1a: Heatran
|-damage|p1a: Heatran|0 fnt
|faint|p1a: Heatran
|
|-heal|p2a: Rotom-Wash|110\/304|[from] item: Leftovers
|
|switch|p1a: Conkeldurr|Conkeldurr, F|173\/352
|-damage|p1a: Conkeldurr|151\/352|[from] Stealth Rock
|turn|43
|
|move|p2a: Rotom-Wash|Hydro Pump|p1a: Conkeldurr
|-damage|p1a: Conkeldurr|57\/352
|move|p1a: Conkeldurr|Drain Punch|p2a: Rotom-Wash
|-damage|p2a: Rotom-Wash|8\/304
|-heal|p1a: Conkeldurr|108\/352|[from] drain|[of] p2a: Rotom-Wash
|
|-heal|p2a: Rotom-Wash|27\/304|[from] item: Leftovers
|turn|44
|raw|<div class="broadcast-blue"><b>Manaphy286 was promoted to Voice by Jasmine.<\/b><\/div>
|
|move|p2a: Rotom-Wash|Hydro Pump|p1a: Conkeldurr
|-damage|p1a: Conkeldurr|21\/352
|move|p1a: Conkeldurr|Drain Punch|p2a: Rotom-Wash
|-damage|p2a: Rotom-Wash|0 fnt
|-heal|p1a: Conkeldurr|35\/352|[from] drain|[of] p2a: Rotom-Wash
|faint|p2a: Rotom-Wash
|
|
|switch|p2a: Clefable|Clefable, F|89\/394
|turn|45
|
|switch|p1a: Scizor|Scizor, F|55\/343
|-damage|p1a: Scizor|13\/343|[from] Stealth Rock
|move|p2a: Clefable|Moonblast|p1a: Scizor
|-resisted|p1a: Scizor
|-damage|p1a: Scizor|0 fnt
|faint|p1a: Scizor
|
|-heal|p2a: Clefable|113\/394|[from] item: Leftovers
|
|switch|p1a: Conkeldurr|Conkeldurr, F|35\/352
|-damage|p1a: Conkeldurr|13\/352|[from] Stealth Rock
|turn|46
|
|move|p2a: Clefable|Moonblast|p1a: Conkeldurr
|-supereffective|p1a: Conkeldurr
|-damage|p1a: Conkeldurr|0 fnt
|faint|p1a: Conkeldurr
|
|win|Cumown
|raw|Ladder updating...
|raw|Mister Chair's rating: 1459 &rarr; <strong>1432<\/strong><br \/>(-27 for losing)
|raw|Cumown's rating: 1316 &rarr; <strong>1344<\/strong><br \/>(+28 for winning)
|c|âCumown|ggwp
|raw|<div class="broadcast-blue"><b>Do you want voice too? Speak to Voice Promotion Spokesperson, Trickster.<\/b><\/div>
|leave|Mister Chair
|player|p1
|raw|<div class="broadcast-blue"><b>I hear he has an ok anus<\/b><\/div>