|join|Tom0410
|join|Blue Erlade
|player|p1|Tom0410|80
|player|p2|Blue Erlade|286
|gametype|singles
|gen|6
|tier|ORAS OU
|rule|Sleep Clause Mod: Limit one foe put to sleep
|rule|Species Clause: Limit one of each PokÃ©mon
|rule|OHKO Clause: OHKO moves are banned
|rule|Moody Clause: Moody is banned
|rule|Evasion Moves Clause: Evasion moves are banned
|rule|Endless Battle Clause: Forcing endless battles is banned
|rule|HP Percentage Mod: HP is shown in percentages
|clearpoke
|poke|p1|Camerupt, M
|poke|p1|Porygon2
|poke|p1|Conkeldurr, F
|poke|p1|Reuniclus, M
|poke|p1|Azumarill, M
|poke|p1|Claydol
|poke|p2|Sableye, F
|poke|p2|Bisharp, F
|poke|p2|Latios, M
|poke|p2|Tyranitar, M
|poke|p2|Chansey, F
|poke|p2|Ferrothorn, M
|rule|Swagger Clause: Swagger is banned
|rule|Baton Pass Clause: Limit one PokÃ©mon knowing Baton Pass
|teampreview
|c|âTom0410|gl
|c|âBlue Erlade|gl
|
|start
|switch|p1a: Conkeldurr|Conkeldurr, F|414\/414
|switch|p2a: Sableye|Sableye, F|304\/304
|turn|1
|
|switch|p1a: Camerupt|Camerupt, M|344\/344
|detailschange|p2a: Sableye|Sableye-Mega, F
|message|Sableye has Mega Evolved into Mega Sableye!
|move|p2a: Sableye|Will-O-Wisp|p1a: Camerupt|[miss]
|-miss|p2a: Sableye|p1a: Camerupt
|
|turn|2
|
|switch|p2a: Chansey|Chansey, F|704\/704
|detailschange|p1a: Camerupt|Camerupt-Mega, M
|message|Camerupt has Mega Evolved into Mega Camerupt!
|move|p1a: Camerupt|Eruption|p2a: Chansey
|-damage|p2a: Chansey|500\/704
|
|turn|3
|
|switch|p1a: Conkeldurr|Conkeldurr, F|414\/414
|move|p2a: Chansey|Seismic Toss|p1a: Conkeldurr
|-damage|p1a: Conkeldurr|314\/414
|
|turn|4
|
|switch|p2a: Sableye|Sableye-Mega, F|304\/304
|switch|p1a: Camerupt|Camerupt-Mega, M|344\/344
|
|turn|5
|
|switch|p2a: Latios|Latios, M|301\/301
|move|p1a: Camerupt|Eruption|p2a: Latios
|-resisted|p2a: Latios
|-damage|p2a: Latios|164\/301
|
|turn|6
|
|switch|p1a: Azumarill|Azumarill, M|404\/404
|move|p2a: Latios|Psyshock|p1a: Azumarill
|-damage|p1a: Azumarill|190\/404
|-damage|p2a: Latios|134\/301|[from] item: Life Orb
|
|turn|7
|
|switch|p1a: Claydol|Claydol|324\/324
|move|p2a: Latios|Psyshock|p1a: Claydol
|-resisted|p1a: Claydol
|-damage|p1a: Claydol|259\/324
|-damage|p2a: Latios|104\/301|[from] item: Life Orb
|
|-heal|p1a: Claydol|279\/324|[from] item: Leftovers
|turn|8
|
|move|p2a: Latios|Draco Meteor|p1a: Claydol
|-damage|p1a: Claydol|33\/324
|-unboost|p2a: Latios|spa|2
|-damage|p2a: Latios|74\/301|[from] item: Life Orb
|move|p1a: Claydol|Trick Room|p1a: Claydol
|-fieldstart|move: Trick Room|[of] p1a: Claydol
|
|-heal|p1a: Claydol|53\/324|[from] item: Leftovers
|turn|9
|
|switch|p2a: Ferrothorn|Ferrothorn, M|352\/352
|move|p1a: Claydol|Stealth Rock|p2a: Ferrothorn
|-sidestart|p2: Blue Erlade|move: Stealth Rock
|
|-heal|p1a: Claydol|73\/324|[from] item: Leftovers
|turn|10
|
|switch|p1a: Camerupt|Camerupt-Mega, M|344\/344
|move|p2a: Ferrothorn|Gyro Ball|p1a: Camerupt
|-resisted|p1a: Camerupt
|-damage|p1a: Camerupt|319\/344
|
|turn|11
|
|switch|p2a: Chansey|Chansey, F|500\/704
|-damage|p2a: Chansey|412\/704|[from] Stealth Rock
|move|p1a: Camerupt|Eruption|p2a: Chansey
|-damage|p2a: Chansey|219\/704
|
|turn|12
|
|move|p1a: Camerupt|Earth Power|p2a: Chansey
|-damage|p2a: Chansey|57\/704
|move|p2a: Chansey|Wish|p2a: Chansey
|
|-fieldend|move: Trick Room
|turn|13
|
|switch|p1a: Conkeldurr|Conkeldurr, F|314\/414
|move|p2a: Chansey|Protect|p2a: Chansey
|-fail|p2a: Chansey
|
|-heal|p2a: Chansey|409\/704|[from] move: Wish|[wisher] Chansey
|turn|14
|
|switch|p2a: Sableye|Sableye-Mega, F|304\/304
|-damage|p2a: Sableye|266\/304|[from] Stealth Rock
|move|p1a: Conkeldurr|Drain Punch|p2a: Sableye
|-immune|p2a: Sableye|[msg]
|
|turn|15
|
|switch|p1a: Camerupt|Camerupt-Mega, M|319\/344
|move|p2a: Sableye|Calm Mind|p2a: Sableye
|-boost|p2a: Sableye|spa|1
|-boost|p2a: Sableye|spd|1
|
|turn|16
|
|move|p2a: Sableye|Dark Pulse|p1a: Camerupt
|-damage|p1a: Camerupt|207\/344
|move|p1a: Camerupt|Eruption|p2a: Sableye
|-damage|p2a: Sableye|155\/304
|
|turn|17
|c|âBlue Erlade|Tu vois.
|c|âTom0410|nan mais je suis pas Ã  100%
|c|âTom0410|mdr
|
|switch|p1a: Azumarill|Azumarill, M|190\/404
|move|p2a: Sableye|Recover|p2a: Sableye
|-heal|p2a: Sableye|304\/304
|
|turn|18
|c|âBlue Erlade|N'empeche qu'Ã  100% tu me OHKO pas.
|
|move|p1a: Azumarill|Play Rough|p2a: Sableye
|-supereffective|p2a: Sableye
|-damage|p2a: Sableye|0 fnt
|faint|p2a: Sableye
|
|
|switch|p2a: Latios|Latios, M|74\/301
|-damage|p2a: Latios|37\/301|[from] Stealth Rock
|turn|19
|
|switch|p2a: Ferrothorn|Ferrothorn, M|352\/352
|-damage|p2a: Ferrothorn|330\/352|[from] Stealth Rock
|switch|p1a: Porygon2|Porygon2|374\/374
|-ability|p1a: Porygon2|Iron Barbs|[from] ability: Trace|[of] p2a: Ferrothorn
|
|-heal|p2a: Ferrothorn|352\/352|[from] item: Leftovers
|turn|20
|
|move|p2a: Ferrothorn|Protect|p2a: Ferrothorn
|-singleturn|p2a: Ferrothorn|Protect
|move|p1a: Porygon2|Trick Room|p1a: Porygon2
|-fieldstart|move: Trick Room|[of] p1a: Porygon2
|
|turn|21
|
|switch|p1a: Camerupt|Camerupt-Mega, M|207\/344
|move|p2a: Ferrothorn|Spikes|p1a: Camerupt
|-sidestart|p1: Tom0410|Spikes
|
|turn|22
|
|switch|p2a: Chansey|Chansey, F|409\/704
|-damage|p2a: Chansey|321\/704|[from] Stealth Rock
|move|p1a: Camerupt|Flamethrower|p2a: Chansey
|-damage|p2a: Chansey|158\/704
|
|turn|23
|
|move|p1a: Camerupt|Flamethrower|p2a: Chansey
|-damage|p2a: Chansey|0 fnt
|faint|p2a: Chansey
|
|
|switch|p2a: Tyranitar|Tyranitar, M|404\/404
|-damage|p2a: Tyranitar|354\/404|[from] Stealth Rock
|-weather|Sandstorm
|turn|24
|
|move|p1a: Camerupt|Earth Power|p2a: Tyranitar
|-supereffective|p2a: Tyranitar
|-damage|p2a: Tyranitar|0 fnt
|faint|p2a: Tyranitar
|
|-weather|Sandstorm|[upkeep]
|-fieldend|move: Trick Room
|
|switch|p2a: Bisharp|Bisharp, F|272\/272
|-damage|p2a: Bisharp|255\/272|[from] Stealth Rock
|turn|25
|
|move|p2a: Bisharp|Sucker Punch|p1a: Camerupt
|-damage|p1a: Camerupt|27\/344
|move|p1a: Camerupt|Flamethrower|p2a: Bisharp
|-supereffective|p2a: Bisharp
|-damage|p2a: Bisharp|0 fnt
|faint|p2a: Bisharp
|
|-weather|Sandstorm|[upkeep]
|
|switch|p2a: Latios|Latios, M|37\/301
|-damage|p2a: Latios|0 fnt|[from] Stealth Rock
|faint|p2a: Latios
|
|switch|p2a: Ferrothorn|Ferrothorn, M|352\/352
|-damage|p2a: Ferrothorn|330\/352|[from] Stealth Rock
|turn|26
|c|âTom0410|!data ferrothorn
|c|~|\/data-pokemon Ferrothorn

|c|âBlue Erlade|Bon bah gg
|c|âTom0410|!data Cameprupt Mega
No Pokemon, item, move, ability or nature named 'Cameprupt Mega' was found. Showing the data of 'Camerupt-Mega' instead.
|c|~|\/data-pokemon Camerupt-Mega

|c|âTom0410|mdr
|c|âBlue Erlade|Suspens.
|c|âTom0410|je suis pas 0 spe
|c|âTom0410|rire
|c|âBlue Erlade|:(
|
|move|p1a: Camerupt|Flamethrower|p2a: Ferrothorn
|-supereffective|p2a: Ferrothorn
|-damage|p2a: Ferrothorn|0 fnt
|faint|p2a: Ferrothorn
|
|win|Tom0410
|c|âTom0410|zÃ©zÃ©