|join|Tom0410
|join|Blue Erlade
|player|p1|Tom0410|92
|player|p2|Blue Erlade|286
|gametype|singles
|gen|6
|tier|ORAS OU
|rule|Sleep Clause Mod: Limit one foe put to sleep
|rule|Species Clause: Limit one of each PokÃ©mon
|rule|OHKO Clause: OHKO moves are banned
|rule|Moody Clause: Moody is banned
|rule|Evasion Moves Clause: Evasion moves are banned
|rule|Endless Battle Clause: Forcing endless battles is banned
|rule|HP Percentage Mod: HP is shown in percentages
|clearpoke
|poke|p1|Salamence, F
|poke|p1|Magnezone
|poke|p1|Latios, M
|poke|p1|Landorus-Therian, M
|poke|p1|Terrakion
|poke|p1|Azumarill, M
|poke|p2|Gallade, M
|poke|p2|Gengar, M
|poke|p2|Tyranitar, M
|poke|p2|Skarmory, F
|poke|p2|Chansey, F
|poke|p2|Klefki, M
|rule|Swagger Clause: Swagger is banned
|rule|Baton Pass Clause: Limit one PokÃ©mon knowing Baton Pass
|teampreview
|c|âTom0410|voilÃ , t'as vu mes 2 builds :p
|c|âBlue Erlade|Mon premier combat dans ce tiers :hap:
|
|start
|switch|p1a: Magnezone|Magnezone|324\/324
|switch|p2a: Gengar|Gengar, M|262\/262
|turn|1
|
|switch|p1a: Landorus-Therian|Landorus-Therian, M|382\/382
|-ability|p1a: Landorus-Therian|Intimidate|[of] p2a: Gengar
|-unboost|p2a: Gengar|atk|1
|move|p2a: Gengar|Focus Blast|p1a: Landorus-Therian|[miss]
|-miss|p2a: Gengar|p1a: Landorus-Therian
|
|turn|2
|
|move|p2a: Gengar|Will-O-Wisp|p1a: Landorus-Therian
|-status|p1a: Landorus-Therian|brn
|move|p1a: Landorus-Therian|U-turn|p2a: Gengar
|-crit|p2a: Gengar
|-resisted|p2a: Gengar
|-damage|p2a: Gengar|240\/262
|c|âTom0410|t'as pas peur du scarf ?
|c|âTom0410|lol
|
|switch|p1a: Terrakion|Terrakion|323\/323
|
|turn|3
|c|âBlue Erlade|Je savais que tu ferais ca hap
|
|switch|p2a: Skarmory|Skarmory, F|334\/334
|move|p1a: Terrakion|Stone Edge|p2a: Skarmory
|-damage|p2a: Skarmory|237\/334
|
|-heal|p2a: Skarmory|257\/334|[from] item: Leftovers
|turn|4
|
|switch|p1a: Magnezone|Magnezone|324\/324
|move|p2a: Skarmory|Stealth Rock|p1a: Magnezone
|-sidestart|p1: Tom0410|move: Stealth Rock
|
|-heal|p2a: Skarmory|277\/334|[from] item: Leftovers
|turn|5
|
|move|p1a: Magnezone|Volt Switch|p2a: Skarmory
|-supereffective|p2a: Skarmory
|-damage|p2a: Skarmory|0 fnt
|faint|p2a: Skarmory
|
|switch|p1a: Terrakion|Terrakion|323\/323
|-damage|p1a: Terrakion|303\/323|[from] Stealth Rock
|
|
|switch|p2a: KOUKOU|Gallade, M|278\/278
|turn|6
|
|switch|p1a: Azumarill|Azumarill, M|401\/401
|-damage|p1a: Azumarill|351\/401|[from] Stealth Rock
|switch|p2a: Klefki|Klefki, M|318\/318
|
|turn|7
|
|switch|p1a: Magnezone|Magnezone|324\/324
|-damage|p1a: Magnezone|304\/324|[from] Stealth Rock
|move|p2a: Klefki|Thunder Wave|p1a: Magnezone
|-fail|p1a: Magnezone
|
|turn|8
|
|move|p2a: Klefki|Light Screen|p2a: Klefki
|-sidestart|p2: Blue Erlade|move: Light Screen
|move|p1a: Magnezone|Thunderbolt|p2a: Klefki
|-crit|p2a: Klefki
|-damage|p2a: Klefki|0 fnt
|faint|p2a: Klefki
|
|
|switch|p2a: KOUKOU|Gallade, M|278\/278
|turn|9
|
|switch|p1a: Landorus-Therian|Landorus-Therian, M|382\/382 brn
|-damage|p1a: Landorus-Therian|335\/382 brn|[from] Stealth Rock
|-ability|p1a: Landorus-Therian|Intimidate|[of] p2a: KOUKOU
|-unboost|p2a: KOUKOU|atk|1
|detailschange|p2a: KOUKOU|Gallade-Mega, M
|message|Gallade has Mega Evolved into Mega Gallade!
|move|p2a: KOUKOU|Close Combat|p1a: Landorus-Therian
|-resisted|p1a: Landorus-Therian
|-damage|p1a: Landorus-Therian|267\/382 brn
|-unboost|p2a: KOUKOU|def|1
|-unboost|p2a: KOUKOU|spd|1
|
|-heal|p1a: Landorus-Therian|290\/382 brn|[from] item: Leftovers
|-damage|p1a: Landorus-Therian|243\/382 brn|[from] brn
|turn|10
|
|switch|p2a: Chansey|Chansey, F|704\/704
|switch|p1a: Azumarill|Azumarill, M|351\/401
|-damage|p1a: Azumarill|301\/401|[from] Stealth Rock
|
|turn|11
|
|move|p1a: Azumarill|Knock Off|p2a: Chansey
|-damage|p2a: Chansey|514\/704
|-enditem|p2a: Chansey|Eviolite|[from] move: Knock Off|[of] p1a: Azumarill
|move|p2a: Chansey|Seismic Toss|p1a: Azumarill
|-damage|p1a: Azumarill|201\/401
|
|turn|12
|
|switch|p2a: Gengar|Gengar, M|240\/262
|move|p1a: Azumarill|Play Rough|p2a: Gengar
|-resisted|p2a: Gengar
|-damage|p2a: Gengar|83\/262
|
|-sideend|p2: Blue Erlade|move: Light Screen
|turn|13
|
|move|p1a: Azumarill|Aqua Jet|p2a: Gengar
|-damage|p2a: Gengar|0 fnt
|faint|p2a: Gengar
|
|
|switch|p2a: Tyranitar|Tyranitar, M|342\/342
|-weather|Sandstorm
|turn|14
|
|switch|p2a: Chansey|Chansey, F|514\/704
|switch|p1a: Landorus-Therian|Landorus-Therian, M|243\/382 brn
|-damage|p1a: Landorus-Therian|196\/382 brn|[from] Stealth Rock
|-ability|p1a: Landorus-Therian|Intimidate|[of] p2a: Chansey
|-unboost|p2a: Chansey|atk|1
|
|-weather|Sandstorm|[upkeep]
|-damage|p2a: Chansey|470\/704|[from] sandstorm
|-heal|p1a: Landorus-Therian|219\/382 brn|[from] item: Leftovers
|-damage|p1a: Landorus-Therian|172\/382 brn|[from] brn
|turn|15
|
|move|p1a: Landorus-Therian|U-turn|p2a: Chansey
|-damage|p2a: Chansey|381\/704
|
|switch|p1a: Latios|Latios, M|301\/301
|-damage|p1a: Latios|264\/301|[from] Stealth Rock
|move|p2a: Chansey|Seismic Toss|p1a: Latios
|-damage|p1a: Latios|164\/301
|
|-weather|Sandstorm|[upkeep]
|-damage|p1a: Latios|146\/301|[from] sandstorm
|-damage|p2a: Chansey|337\/704|[from] sandstorm
|turn|16
|
|move|p1a: Latios|Defog|p2a: Chansey
|-unboost|p2a: Chansey|evasion|1
|-sideend|p1: Tom0410|Stealth Rock|[from] move: Defog|[of] p1a: Latios
|move|p2a: Chansey|Wish|p2a: Chansey
|
|-weather|Sandstorm|[upkeep]
|-damage|p1a: Latios|128\/301|[from] sandstorm
|-damage|p2a: Chansey|293\/704|[from] sandstorm
|turn|17
|
|move|p1a: Latios|Psyshock|p2a: Chansey
|-damage|p2a: Chansey|0 fnt
|-damage|p1a: Latios|98\/301|[from] item: Life Orb
|faint|p2a: Chansey
|
|-weather|Sandstorm|[upkeep]
|-damage|p1a: Latios|80\/301|[from] sandstorm
|
|switch|p2a: KOUKOU|Gallade-Mega, M|278\/278
|turn|18
|c|âTom0410|tu es jolly ?
|c|âBlue Erlade|Bonne question :(
|c|âTom0410|bah tant pis
|c|âBlue Erlade|Je vais verifier.
|c|âTom0410|si jolly speed tie
|
|move|p1a: Latios|Draco Meteor|p2a: KOUKOU
|-damage|p2a: KOUKOU|23\/278
|-unboost|p1a: Latios|spa|2
|-damage|p1a: Latios|50\/301|[from] item: Life Orb
|move|p2a: KOUKOU|Knock Off|p1a: Latios
|-supereffective|p1a: Latios
|-damage|p1a: Latios|0 fnt
|-enditem|p1a: Latios|Life Orb|[from] move: Knock Off|[of] p2a: KOUKOU
|faint|p1a: Latios
|
|-weather|none
|c|âBlue Erlade|Speed tie donc 
|c|âTom0410|j'ai le choix :p
|c|âBlue Erlade|Suspens.
|c|âTom0410|soit je double intimidate pour finir avec mence
|c|âTom0410|hum
|c|âTom0410|soit je mets azu
|c|âTom0410|pour le fun
|c|âBlue Erlade|Je parie que tu vas mettre Azu.
|
|switch|p1a: Landorus-Therian|Landorus-Therian, M|172\/382 brn
|-ability|p1a: Landorus-Therian|Intimidate|[of] p2a: KOUKOU
|-unboost|p2a: KOUKOU|atk|1
|turn|19
|
|move|p2a: KOUKOU|Ice Punch|p1a: Landorus-Therian
|-supereffective|p1a: Landorus-Therian
|-damage|p1a: Landorus-Therian|0 fnt
|faint|p1a: Landorus-Therian
|
|
|switch|p1a: Salamence|Salamence, F|332\/332
|-ability|p1a: Salamence|Intimidate|[of] p2a: KOUKOU
|-unboost|p2a: KOUKOU|atk|1
|turn|20
|
|detailschange|p1a: Salamence|Salamence-Mega, F
|message|Salamence has Mega Evolved into Mega Salamence!
|move|p2a: KOUKOU|Ice Punch|p1a: Salamence
|-supereffective|p1a: Salamence
|-damage|p1a: Salamence|172\/332
|move|p1a: Salamence|Dragon Dance|p1a: Salamence
|-boost|p1a: Salamence|atk|1
|-boost|p1a: Salamence|spe|1
|
|turn|21
|
|move|p1a: Salamence|Earthquake|p2a: KOUKOU
|-damage|p2a: KOUKOU|0 fnt
|faint|p2a: KOUKOU
|
|
|switch|p2a: Tyranitar|Tyranitar, M|342\/342
|-weather|Sandstorm
|turn|22
|c|âTom0410|je fais quoi ?
|c|âTom0410|outrage ou EQ ?
|c|âBlue Erlade|Earthquake ?
|c|âTom0410|tu prÃ©fÃ¨res creer comment ?
|c|âTom0410|*crever
|c|âBlue Erlade|Pas sur de OHKO avec Outrage.
|
|move|p1a: Salamence|Outrage|p2a: Tyranitar
|-damage|p2a: Tyranitar|14\/342
|move|p2a: Tyranitar|Stone Edge|p1a: Salamence
|-supereffective|p1a: Salamence
|-damage|p1a: Salamence|0 fnt
|faint|p1a: Salamence
|
|-weather|Sandstorm|[upkeep]
|c|âTom0410|ah oui
|
|switch|p1a: Terrakion|Terrakion|303\/323
|turn|23
|c|âBlue Erlade|Qu'est ce que je disais.
|
|move|p1a: Terrakion|Close Combat|p2a: Tyranitar
|-supereffective|p2a: Tyranitar
|-damage|p2a: Tyranitar|0 fnt
|-unboost|p1a: Terrakion|def|1
|-unboost|p1a: Terrakion|spd|1
|faint|p2a: Tyranitar
|
|win|Tom0410
|c|âTom0410|gg
|c|âBlue Erlade|Gg
|c|âTom0410|je pouvais aussi finish avec kion
|c|âTom0410|j'avais le choix
|c|âBlue Erlade|Avec Zu direct
|c|âTom0410|azu, mence ou kion
|c|âBlue Erlade|Plus simple.
|c|âBlue Erlade|Aqua-Jet Waterfall.
|c|âTom0410|bah avec kion je faisais close combat
|c|âBlue Erlade|Et basta.
|c|âTom0410|je suis scarf
|c|âTom0410|c'Ã©tait encoremieux