|join|Tom0410
|join|Blue Erlade
|player|p1|Tom0410|80
|player|p2|Blue Erlade|286
|gametype|singles
|gen|6
|tier|OU
|clearpoke
|poke|p1|Gallade, M
|poke|p1|Landorus-Therian, M
|poke|p1|Heatran, F
|poke|p1|Rotom-Wash
|poke|p1|Clefable, M
|poke|p1|Latias, F
|poke|p2|Landorus-Therian, M
|poke|p2|Latios, M
|poke|p2|Beedrill, F
|poke|p2|Rotom-Wash
|poke|p2|Ferrothorn, F
|poke|p2|Greninja, F
|rule|Swagger Clause: Swagger is banned
|rule|Baton Pass Clause: Limit one PokÃ©mon knowing Baton Pass
|rule|Sleep Clause Mod: Limit one foe put to sleep
|rule|Species Clause: Limit one of each PokÃ©mon
|rule|OHKO Clause: OHKO moves are banned
|rule|Moody Clause: Moody is banned
|rule|Evasion Moves Clause: Evasion moves are banned
|rule|Endless Battle Clause: Forcing endless battles is banned
|rule|HP Percentage Mod: HP is shown in percentages
|teampreview
|c|âBlue Erlade|Gl
|c|âTom0410|gÃ¨le
|
|start
|switch|p1a: Landorus-Therian|Landorus-Therian, M|319\/319
|switch|p2a: Beedrill|Beedrill, F|272\/272
|-ability|p1a: Landorus-Therian|Intimidate|[of] p2a: Beedrill
|-unboost|p2a: Beedrill|atk|1
|turn|1
|c|âBlue Erlade|Ahaha.
|
|detailschange|p2a: Beedrill|Beedrill-Mega, F
|message|Beedrill has Mega Evolved into Mega Beedrill!
|move|p2a: Beedrill|Protect|p2a: Beedrill
|-singleturn|p2a: Beedrill|Protect
|move|p1a: Landorus-Therian|Earthquake|p2a: Beedrill
|-activate|p2a: Beedrill|Protect
|
|turn|2
|
|switch|p2a: Rotom-Wash|Rotom-Wash|303\/303
|switch|p1a: Clefable|Clefable, M|394\/394
|
|turn|3
|
|move|p2a: Rotom-Wash|Volt Switch|p1a: Clefable
|-damage|p1a: Clefable|301\/394
|
|switch|p2a: Greninja|Greninja, F|286\/286
|move|p1a: Clefable|Flamethrower|p2a: Greninja
|-resisted|p2a: Greninja
|-damage|p2a: Greninja|240\/286
|
|-heal|p1a: Clefable|325\/394|[from] item: Leftovers
|turn|4
|
|switch|p1a: Landorus-Therian|Landorus-Therian, M|319\/319
|-ability|p1a: Landorus-Therian|Intimidate|[of] p2a: Greninja
|-unboost|p2a: Greninja|atk|1
|move|p2a: Greninja|Ice Beam|p1a: Landorus-Therian
|-start|p2a: Greninja|typechange|Ice|[from] Protean
|-supereffective|p1a: Landorus-Therian
|-damage|p1a: Landorus-Therian|0 fnt
|-damage|p2a: Greninja|212\/286|[from] item: Life Orb
|faint|p1a: Landorus-Therian
|
|c|âBlue Erlade|Fiou.
|
|switch|p1a: Rotom-Wash|Rotom-Wash|303\/303
|turn|5
|
|switch|p2a: Latios|Latios, M|302\/302
|move|p1a: Rotom-Wash|Volt Switch|p2a: Latios
|-resisted|p2a: Latios
|-damage|p2a: Latios|260\/302
|
|switch|p1a: Clefable|Clefable, M|325\/394
|
|-heal|p1a: Clefable|349\/394|[from] item: Leftovers
|turn|6
|
|move|p2a: Latios|Psychic|p1a: Clefable
|-damage|p1a: Clefable|119\/394
|-unboost|p1a: Clefable|spd|1
|-damage|p2a: Latios|230\/302|[from] item: Life Orb
|move|p1a: Clefable|Flamethrower|p2a: Latios
|-resisted|p2a: Latios
|-damage|p2a: Latios|195\/302
|
|-heal|p1a: Clefable|143\/394|[from] item: Leftovers
|turn|7
|
|switch|p1a: Heatran|Heatran, F|386\/386
|move|p2a: Latios|Psychic|p1a: Heatran
|-resisted|p1a: Heatran
|-damage|p1a: Heatran|289\/386
|-unboost|p1a: Heatran|spd|1
|-damage|p2a: Latios|165\/302|[from] item: Life Orb
|
|-heal|p1a: Heatran|313\/386|[from] item: Leftovers
|turn|8
|
|switch|p2a: Rotom-Wash|Rotom-Wash|303\/303
|switch|p1a: Rotom-Wash|Rotom-Wash|303\/303
|
|turn|9
|
|move|p2a: Rotom-Wash|Will-O-Wisp|p1a: Rotom-Wash
|-status|p1a: Rotom-Wash|brn
|move|p1a: Rotom-Wash|Volt Switch|p2a: Rotom-Wash
|-damage|p2a: Rotom-Wash|227\/303
|
|switch|p1a: Clefable|Clefable, M|143\/394
|
|-heal|p2a: Rotom-Wash|245\/303|[from] item: Leftovers
|-heal|p1a: Clefable|167\/394|[from] item: Leftovers
|turn|10
|
|move|p2a: Rotom-Wash|Volt Switch|p1a: Clefable
|-damage|p1a: Clefable|73\/394
|
|switch|p2a: Greninja|Greninja, F|212\/286
|move|p1a: Clefable|Soft-Boiled|p1a: Clefable
|-heal|p1a: Clefable|270\/394
|
|-heal|p1a: Clefable|294\/394|[from] item: Leftovers
|turn|11
|
|switch|p1a: Heatran|Heatran, F|313\/386
|move|p2a: Greninja|Gunk Shot|p1a: Heatran
|-start|p2a: Greninja|typechange|Poison|[from] Protean
|-immune|p1a: Heatran|[msg]
|
|-heal|p1a: Heatran|337\/386|[from] item: Leftovers
|turn|12
|
|switch|p1a: Rotom-Wash|Rotom-Wash|303\/303 brn
|move|p2a: Greninja|Hydro Pump|p1a: Rotom-Wash
|-start|p2a: Greninja|typechange|Water|[from] Protean
|-resisted|p1a: Rotom-Wash
|-damage|p1a: Rotom-Wash|220\/303 brn
|-damage|p2a: Greninja|184\/286|[from] item: Life Orb
|
|-damage|p1a: Rotom-Wash|183\/303 brn|[from] brn
|turn|13
|
|move|p2a: Greninja|Gunk Shot|p1a: Rotom-Wash
|-start|p2a: Greninja|typechange|Poison|[from] Protean
|-damage|p1a: Rotom-Wash|45\/303 brn
|-damage|p2a: Greninja|156\/286|[from] item: Life Orb
|move|p1a: Rotom-Wash|Rest|p1a: Rotom-Wash
|-status|p1a: Rotom-Wash|slp
|-heal|p1a: Rotom-Wash|303\/303 slp|[silent]
|-status|p1a: Rotom-Wash|slp|[from] move: Rest
|-enditem|p1a: Rotom-Wash|Chesto Berry|[eat]
|-curestatus|p1a: Rotom-Wash|slp
|
|turn|14
|
|switch|p2a: Latios|Latios, M|165\/302
|move|p1a: Rotom-Wash|Volt Switch|p2a: Latios
|-resisted|p2a: Latios
|-damage|p2a: Latios|119\/302
|
|switch|p1a: Clefable|Clefable, M|294\/394
|
|-heal|p1a: Clefable|318\/394|[from] item: Leftovers
|turn|15
|
|move|p2a: Latios|Psychic|p1a: Clefable
|-damage|p1a: Clefable|76\/394
|-damage|p2a: Latios|89\/302|[from] item: Life Orb
|move|p1a: Clefable|Flamethrower|p2a: Latios
|-resisted|p2a: Latios
|-damage|p2a: Latios|53\/302
|
|-heal|p1a: Clefable|100\/394|[from] item: Leftovers
|turn|16
|
|switch|p2a: Rotom-Wash|Rotom-Wash|245\/303
|switch|p1a: Heatran|Heatran, F|337\/386
|
|-heal|p2a: Rotom-Wash|263\/303|[from] item: Leftovers
|-heal|p1a: Heatran|361\/386|[from] item: Leftovers
|turn|17
|
|move|p2a: Rotom-Wash|Volt Switch|p1a: Heatran
|-damage|p1a: Heatran|276\/386
|
|switch|p2a: Beedrill|Beedrill-Mega, F|272\/272
|move|p1a: Heatran|Stealth Rock|p2a: Beedrill
|-sidestart|p2: Blue Erlade|move: Stealth Rock
|
|-heal|p1a: Heatran|300\/386|[from] item: Leftovers
|turn|18
|
|move|p2a: Beedrill|Drill Run|p1a: Heatran
|-crit|p1a: Heatran
|-supereffective|p1a: Heatran
|-damage|p1a: Heatran|0 fnt
|faint|p1a: Heatran
|
|c|âTom0410|ok
|c|âTom0410|cool
|c|âTom0410|je tiens
|c|âTom0410|sans le crit
|c|âBlue Erlade|Ah bon ?
|c|âTom0410|!data Beedril mega
No Pokemon, item, move, ability or nature named 'Beedril mega' was found. Showing the data of 'Beedrill-Mega' instead.
|c|~|\/data-pokemon Beedrill-Mega

|c|âBlue Erlade|Tu le joues comment ?
|c|âBlue Erlade|Ton Tran ?
|c|âTom0410|ah bah non
|c|âTom0410|je tiens pas
|c|âBlue Erlade|Parce que rÃ©sister Ã  une attaque x4...
|c|âTom0410|il tient EQ de Scepitle
|
|switch|p1a: Rotom-Wash|Rotom-Wash|303\/303
|turn|19
|
|move|p2a: Beedrill|U-turn|p1a: Rotom-Wash
|-crit|p1a: Rotom-Wash
|-damage|p1a: Rotom-Wash|45\/303
|
|switch|p2a: Latios|Latios, M|53\/302
|-damage|p2a: Latios|16\/302|[from] Stealth Rock
|move|p1a: Rotom-Wash|Volt Switch|p2a: Latios
|-resisted|p2a: Latios
|-damage|p2a: Latios|0 fnt
|faint|p2a: Latios
|
|switch|p1a: Gallade|Gallade, M|277\/277
|
|
|switch|p2a: Landorus-Therian|Landorus-Therian, M|320\/320
|-damage|p2a: Landorus-Therian|280\/320|[from] Stealth Rock
|-ability|p2a: Landorus-Therian|Intimidate|[of] p1a: Gallade
|-unboost|p1a: Gallade|atk|1
|turn|20
|
|detailschange|p1a: Gallade|Gallade-Mega, M
|message|Gallade has Mega Evolved into Mega Gallade!
|move|p2a: Landorus-Therian|U-turn|p1a: Gallade
|-damage|p1a: Gallade|182\/277
|
|switch|p2a: Greninja|Greninja, F|156\/286
|-damage|p2a: Greninja|121\/286|[from] Stealth Rock
|move|p1a: Gallade|Close Combat|p2a: Greninja
|-supereffective|p2a: Greninja
|-damage|p2a: Greninja|0 fnt
|-unboost|p1a: Gallade|def|1
|-unboost|p1a: Gallade|spd|1
|faint|p2a: Greninja
|
|
|switch|p2a: Beedrill|Beedrill-Mega, F|272\/272
|-damage|p2a: Beedrill|204\/272|[from] Stealth Rock
|turn|21
|
|switch|p1a: Rotom-Wash|Rotom-Wash|45\/303
|move|p2a: Beedrill|U-turn|p1a: Rotom-Wash
|-damage|p1a: Rotom-Wash|0 fnt
|faint|p1a: Rotom-Wash
|
|switch|p2a: Landorus-Therian|Landorus-Therian, M|280\/320
|-damage|p2a: Landorus-Therian|240\/320|[from] Stealth Rock
|
|
|switch|p1a: Latias|Latias, F|364\/364
|turn|22
|
|move|p2a: Landorus-Therian|Knock Off|p1a: Latias
|-supereffective|p1a: Latias
|-damage|p1a: Latias|90\/364
|-enditem|p1a: Latias|Life Orb|[from] move: Knock Off|[of] p2a: Landorus-Therian
|move|p1a: Latias|Healing Wish|p1a: Latias
|faint|p1a: Latias
|
|c|âTom0410|ok
|c|âBlue Erlade|?
|c|âTom0410|je comprends pourquoi shadow sneak mtn
|c|âTom0410|si je 'lavais je win
|
|switch|p1a: Clefable|Clefable, M|100\/394
|-heal|p1a: Clefable|394\/394|[from] move: Healing Wish
|turn|23
|
|switch|p2a: Rotom-Wash|Rotom-Wash|263\/303
|-damage|p2a: Rotom-Wash|226\/303|[from] Stealth Rock
|move|p1a: Clefable|Calm Mind|p1a: Clefable
|-boost|p1a: Clefable|spa|1
|-boost|p1a: Clefable|spd|1
|
|-heal|p2a: Rotom-Wash|244\/303|[from] item: Leftovers
|turn|24
|
|move|p2a: Rotom-Wash|Volt Switch|p1a: Clefable
|-damage|p1a: Clefable|331\/394
|c|âBlue Erlade|252 Atk Life Orb Gallade Shadow Sneak vs. 0 HP \/ 4 Def Beedrill: 138-162 (50.9 - 59.7%) -- guaranteed 2HKO
|c|âTom0410|nan mais je faisais SD
|c|âTom0410|et je gagnais
|c|âTom0410|...
|c|âTom0410|lÃ  j'ai SD
|c|âBlue Erlade|Tu tiens une attaque de Beedrill ?
|c|âTom0410|mais j'ai knock off
|
|switch|p2a: Ferrothorn|Ferrothorn, F|352\/352
|-damage|p2a: Ferrothorn|330\/352|[from] Stealth Rock
|move|p1a: Clefable|Flamethrower|p2a: Ferrothorn
|-supereffective|p2a: Ferrothorn
|-damage|p2a: Ferrothorn|0 fnt
|faint|p2a: Ferrothorn
|
|-heal|p1a: Clefable|355\/394|[from] item: Leftovers
|
|switch|p2a: Beedrill|Beedrill-Mega, F|204\/272
|-damage|p2a: Beedrill|136\/272|[from] Stealth Rock
|turn|25
|c|âTom0410|shadow sneak
|
|move|p2a: Beedrill|Poison Jab|p1a: Clefable
|-supereffective|p1a: Clefable
|-damage|p1a: Clefable|3\/394
|move|p1a: Clefable|Flamethrower|p2a: Beedrill
|-supereffective|p2a: Beedrill
|-damage|p2a: Beedrill|0 fnt
|faint|p2a: Beedrill
|
|-heal|p1a: Clefable|27\/394|[from] item: Leftovers
|
|switch|p2a: Rotom-Wash|Rotom-Wash|244\/303
|-damage|p2a: Rotom-Wash|207\/303|[from] Stealth Rock
|turn|26
|c|âTom0410|ok
|c|âBlue Erlade|Tiens ?
|c|âTom0410|impossible
|c|âBlue Erlade|?
|c|âTom0410|252 Atk Beedrill Poison Jab vs. 252 HP \/ 252+ Def Clefable: 254-302 (64.4 - 76.6%) -- guaranteed 2HKO after Leftovers recovery
|c|âTom0410|wtf
|c|âBlue Erlade|T'as modifiÃ© ?
|c|âBlue Erlade|L'attaque ?
|c|âTom0410|oui
|c|âTom0410|je comprends pas lÃ 
|c|âBlue Erlade|J'ai Adaptibility.
|c|âTom0410|ah ok !
|c|âTom0410|tout s'explique alors
|
|move|p2a: Rotom-Wash|Volt Switch|p1a: Clefable
|-damage|p1a: Clefable|0 fnt
|faint|p1a: Clefable
|
|switch|p2a: Landorus-Therian|Landorus-Therian, M|240\/320
|-damage|p2a: Landorus-Therian|200\/320|[from] Stealth Rock
|
|
|switch|p1a: Gallade|Gallade-Mega, M|182\/277
|turn|27
|
|move|p2a: Landorus-Therian|U-turn|p1a: Gallade
|-crit|p1a: Gallade
|-damage|p1a: Gallade|26\/277
|
|switch|p2a: Rotom-Wash|Rotom-Wash|207\/303
|-damage|p2a: Rotom-Wash|170\/303|[from] Stealth Rock
|move|p1a: Gallade|Zen Headbutt|p2a: Rotom-Wash
|-damage|p2a: Rotom-Wash|55\/303
|
|-heal|p2a: Rotom-Wash|73\/303|[from] item: Leftovers
|turn|28
|c|âTom0410|fuck le no shadow sneak
|c|âTom0410|really
|c|âTom0410|gg
|
|move|p1a: Gallade|Knock Off|p2a: Rotom-Wash
|-damage|p2a: Rotom-Wash|0 fnt
|-enditem|p2a: Rotom-Wash|Leftovers|[from] move: Knock Off|[of] p1a: Gallade
|faint|p2a: Rotom-Wash
|
|c|âBlue Erlade|Gg
|
|switch|p2a: Landorus-Therian|Landorus-Therian, M|200\/320
|-damage|p2a: Landorus-Therian|160\/320|[from] Stealth Rock
|-ability|p2a: Landorus-Therian|Intimidate|[of] p1a: Gallade
|-unboost|p1a: Gallade|atk|1
|turn|29
|c|âTom0410|cette team est pas bonne
|c|âTom0410|dÃ¨s que tu joues pas HO t'es weak de toute faÃ§on
|c|âBlue Erlade|...
|
|move|p2a: Landorus-Therian|Earthquake|p1a: Gallade
|-damage|p1a: Gallade|0 fnt
|faint|p1a: Gallade
|
|win|Blue Erlade