|join|Blue Erlade
|join|MiniiZanbaku
|player|p1|Blue Erlade|286
|player|p2|MiniiZanbaku|281
|gametype|singles
|gen|6
|tier|OU
|rated
|clearpoke
|poke|p1|Magnezone
|poke|p1|Landorus-Therian, M
|poke|p1|Heracross, M
|poke|p1|Latias, F
|poke|p1|Sylveon, M
|poke|p1|Skarmory, M
|poke|p2|Landorus, M
|poke|p2|Garchomp, F
|poke|p2|Scizor, F
|poke|p2|Keldeo
|poke|p2|Clefable, M, shiny
|poke|p2|Tyranitar, M
|rule|Swagger Clause: Swagger is banned
|rule|Baton Pass Clause: Limit one PokÃ©mon knowing Baton Pass
|rule|Sleep Clause Mod: Limit one foe put to sleep
|rule|Species Clause: Limit one of each PokÃ©mon
|rule|OHKO Clause: OHKO moves are banned
|rule|Moody Clause: Moody is banned
|rule|Evasion Moves Clause: Evasion moves are banned
|rule|Endless Battle Clause: Forcing endless battles is banned
|rule|HP Percentage Mod: HP is shown in percentages
|teampreview
|
|start
|switch|p1a: Latias|Latias, F|302\/302
|switch|p2a: Keldeo|Keldeo|322\/322
|turn|1
|
|switch|p2a: Tyranitar|Tyranitar, M|341\/341
|-weather|Sandstorm
|move|p1a: Latias|Psyshock|p2a: Tyranitar
|-immune|p2a: Tyranitar|[msg]
|
|-weather|Sandstorm|[upkeep]
|-damage|p1a: Latias|284\/302|[from] sandstorm
|turn|2
|
|move|p2a: Tyranitar|Pursuit|p1a: Latias|[from]Pursuit
|-supereffective|p1a: Latias
|-damage|p1a: Latias|0 fnt
|faint|p1a: Latias
|
|-weather|Sandstorm|[upkeep]
|
|switch|p1a: Landorus-Therian|Landorus-Therian, M|354\/354
|-ability|p1a: Landorus-Therian|Intimidate|[of] p2a: Tyranitar
|-unboost|p2a: Tyranitar|atk|1
|turn|3
|
|switch|p2a: Garchomp|Garchomp, F|357\/357
|move|p1a: Landorus-Therian|Superpower|p2a: Garchomp
|-damage|p2a: Garchomp|186\/357
|-damage|p1a: Landorus-Therian|310\/354|[from] ability: Rough Skin|[of] p2a: Garchomp
|-unboost|p1a: Landorus-Therian|atk|1
|-unboost|p1a: Landorus-Therian|def|1
|
|-weather|Sandstorm|[upkeep]
|turn|4
|
|switch|p1a: Sylveon|Sylveon, M|394\/394
|move|p2a: Garchomp|Stealth Rock|p1a: Sylveon
|-sidestart|p1: Blue Erlade|move: Stealth Rock
|
|-weather|Sandstorm|[upkeep]
|-damage|p1a: Sylveon|370\/394|[from] sandstorm
|-heal|p1a: Sylveon|394\/394|[from] item: Leftovers
|turn|5
|
|switch|p2a: Scizor|Scizor, F|343\/343
|switch|p1a: Magnezone|Magnezone|344\/344
|-damage|p1a: Magnezone|323\/344|[from] Stealth Rock
|
|-weather|none
|turn|6
|
|detailschange|p2a: Scizor|Scizor-Mega, F
|message|Scizor has Mega Evolved into Mega Scizor!
|move|p2a: Scizor|U-turn|p1a: Magnezone
|-resisted|p1a: Magnezone
|-damage|p1a: Magnezone|265\/344
|
|switch|p2a: Landorus|Landorus, M|319\/319
|move|p1a: Magnezone|Hidden Power|p2a: Landorus
|-crit|p2a: Landorus
|-damage|p2a: Landorus|72\/319
|
|turn|7
|
|switch|p1a: Landorus-Therian|Landorus-Therian, M|310\/354
|-damage|p1a: Landorus-Therian|266\/354|[from] Stealth Rock
|-ability|p1a: Landorus-Therian|Intimidate|[of] p2a: Landorus
|-unboost|p2a: Landorus|atk|1
|move|p2a: Landorus|Focus Blast|p1a: Landorus-Therian
|-resisted|p1a: Landorus-Therian
|-damage|p1a: Landorus-Therian|135\/354
|
|turn|8
|
|switch|p2a: Garchomp|Garchomp, F|186\/357
|move|p1a: Landorus-Therian|Stone Edge|p2a: Garchomp|[miss]
|-miss|p1a: Landorus-Therian|p2a: Garchomp
|
|turn|9
|
|move|p1a: Landorus-Therian|Stone Edge|p2a: Garchomp
|-resisted|p2a: Garchomp
|-damage|p2a: Garchomp|120\/357
|move|p2a: Garchomp|Dragon Claw|p1a: Landorus-Therian
|-crit|p1a: Landorus-Therian
|-damage|p1a: Landorus-Therian|0 fnt
|faint|p1a: Landorus-Therian
|
|
|switch|p1a: Heracross|Heracross, M|302\/302
|-damage|p1a: Heracross|265\/302|[from] Stealth Rock
|turn|10
|
|detailschange|p1a: Heracross|Heracross-Mega, M
|message|Heracross has Mega Evolved into Mega Heracross!
|move|p2a: Garchomp|Dragon Claw|p1a: Heracross
|-damage|p1a: Heracross|130\/302
|move|p1a: Heracross|Pin Missile|p2a: Garchomp
|-damage|p2a: Garchomp|63\/357
|-damage|p2a: Garchomp|3\/357
|-damage|p2a: Garchomp|0 fnt
|-hitcount|p2a: Garchomp|3
|faint|p2a: Garchomp
|
|
|switch|p2a: Landorus|Landorus, M|72\/319
|turn|11
|
|move|p2a: Landorus|Psychic|p1a: Heracross
|-crit|p1a: Heracross
|-supereffective|p1a: Heracross
|-damage|p1a: Heracross|0 fnt
|faint|p1a: Heracross
|
|
|switch|p1a: Sylveon|Sylveon, M|394\/394
|-damage|p1a: Sylveon|345\/394|[from] Stealth Rock
|turn|12
|
|move|p2a: Landorus|Earth Power|p1a: Sylveon
|-damage|p1a: Sylveon|196\/394
|move|p1a: Sylveon|Hyper Voice|p2a: Landorus
|-damage|p2a: Landorus|0 fnt
|faint|p2a: Landorus
|
|-heal|p1a: Sylveon|220\/394|[from] item: Leftovers
|
|switch|p2a: Scizor|Scizor-Mega, F|343\/343
|turn|13
|
|switch|p1a: Skarmory|Skarmory, M|334\/334
|-damage|p1a: Skarmory|293\/334|[from] Stealth Rock
|move|p2a: Scizor|Swords Dance|p2a: Scizor
|-boost|p2a: Scizor|atk|2
|
|-heal|p1a: Skarmory|313\/334|[from] item: Leftovers
|turn|14
|
|move|p2a: Scizor|U-turn|p1a: Skarmory
|-resisted|p1a: Skarmory
|-damage|p1a: Skarmory|280\/334
|-boost|p1a: Skarmory|spe|1|[from] ability: Weak Armor
|-unboost|p1a: Skarmory|def|1|[from] ability: Weak Armor
|
|switch|p2a: Tyranitar|Tyranitar, M|341\/341
|-weather|Sandstorm
|move|p1a: Skarmory|Whirlwind|p2a: Tyranitar
|drag|p2a: Scizor|Scizor-Mega, F|343\/343
|
|-weather|Sandstorm|[upkeep]
|-heal|p1a: Skarmory|300\/334|[from] item: Leftovers
|turn|15
|
|move|p1a: Skarmory|Brave Bird|p2a: Scizor
|-damage|p2a: Scizor|264\/343
|-damage|p1a: Skarmory|274\/334|[from] recoil|[of] p2a: Scizor
|move|p2a: Scizor|U-turn|p1a: Skarmory
|-resisted|p1a: Skarmory
|-damage|p1a: Skarmory|249\/334
|-boost|p1a: Skarmory|spe|1|[from] ability: Weak Armor
|-unboost|p1a: Skarmory|def|1|[from] ability: Weak Armor
|
|switch|p2a: Clefable|Clefable, M, shiny|394\/394
|
|-weather|Sandstorm|[upkeep]
|-heal|p1a: Skarmory|269\/334|[from] item: Leftovers
|turn|16
|
|switch|p1a: Magnezone|Magnezone|265\/344
|-damage|p1a: Magnezone|244\/344|[from] Stealth Rock
|move|p2a: Clefable|Flamethrower|p1a: Magnezone
|-supereffective|p1a: Magnezone
|-damage|p1a: Magnezone|108\/344
|
|-weather|Sandstorm|[upkeep]
|turn|17
|
|switch|p2a: Keldeo|Keldeo|322\/322
|move|p1a: Magnezone|Flash Cannon|p2a: Keldeo
|-resisted|p2a: Keldeo
|-damage|p2a: Keldeo|193\/322
|
|-weather|Sandstorm|[upkeep]
|-damage|p2a: Keldeo|173\/322|[from] sandstorm
|turn|18
|
|switch|p1a: Sylveon|Sylveon, M|220\/394
|-damage|p1a: Sylveon|171\/394|[from] Stealth Rock
|move|p2a: Keldeo|Scald|p1a: Sylveon
|-damage|p1a: Sylveon|32\/394
|
|-weather|none
|-heal|p1a: Sylveon|56\/394|[from] item: Leftovers
|turn|19
|
|move|p2a: Keldeo|Scald|p1a: Sylveon
|-damage|p1a: Sylveon|0 fnt
|faint|p1a: Sylveon
|
|
|switch|p1a: Magnezone|Magnezone|108\/344
|-damage|p1a: Magnezone|87\/344|[from] Stealth Rock
|turn|20
|
|move|p2a: Keldeo|Scald|p1a: Magnezone
|-damage|p1a: Magnezone|0 fnt
|faint|p1a: Magnezone
|
|-message|Blue Erlade forfeited.
|
|win|MiniiZanbaku
|raw|Ladder updating...
|leave|Blue Erlade
|player|p1
|raw|Blue Erlade's rating: 1257 &rarr; <strong>1226<\/strong><br \/>(-31 for losing)
|raw|MiniiZanbaku's rating: 1172 &rarr; <strong>1203<\/strong><br \/>(+31 for winning)