|join|Blue Erlade
|join|Kit Kat Kofi
|player|p1|Blue Erlade|286
|player|p2|Kit Kat Kofi|265
|gametype|singles
|gen|6
|tier|OU
|rated
|clearpoke
|poke|p1|Metagross
|poke|p1|Sylveon, F
|poke|p1|Greninja, F
|poke|p1|Ferrothorn, F
|poke|p1|Latios, M
|poke|p1|Talonflame, M
|poke|p2|Lopunny, M
|poke|p2|Latias, F
|poke|p2|Landorus-Therian, M
|poke|p2|Ferrothorn, M
|poke|p2|Rotom-Wash
|poke|p2|Clefable, M
|rule|Swagger Clause: Swagger is banned
|rule|Baton Pass Clause: Limit one PokÃ©mon knowing Baton Pass
|rule|Sleep Clause Mod: Limit one foe put to sleep
|rule|Species Clause: Limit one of each PokÃ©mon
|rule|OHKO Clause: OHKO moves are banned
|rule|Moody Clause: Moody is banned
|rule|Evasion Moves Clause: Evasion moves are banned
|rule|Endless Battle Clause: Forcing endless battles is banned
|rule|HP Percentage Mod: HP is shown in percentages
|teampreview
|
|start
|switch|p1a: Latios|Latios, M|301\/301
|switch|p2a: Landorus-Therian|Landorus-Therian, M|320\/320
|-ability|p2a: Landorus-Therian|Intimidate|[of] p1a: Latios
|-unboost|p1a: Latios|atk|1
|turn|1
|
|switch|p1a: Ferrothorn|Ferrothorn, F|352\/352
|move|p2a: Landorus-Therian|Knock Off|p1a: Ferrothorn
|-damage|p1a: Ferrothorn|260\/352
|-damage|p2a: Landorus-Therian|280\/320|[from] ability: Iron Barbs|[of] p1a: Ferrothorn
|-damage|p2a: Landorus-Therian|227\/320|[from] item: Rocky Helmet|[of] p1a: Ferrothorn
|-enditem|p1a: Ferrothorn|Rocky Helmet|[from] move: Knock Off|[of] p2a: Landorus-Therian
|
|turn|2
|
|switch|p2a: Clefable|Clefable, M|394\/394
|move|p1a: Ferrothorn|Leech Seed|p2a: Clefable
|-start|p2a: Clefable|move: Leech Seed
|
|turn|3
|
|switch|p1a: Metaboss|Metagross|302\/302
|move|p2a: Clefable|Flamethrower|p1a: Metaboss
|-supereffective|p1a: Metaboss
|-damage|p1a: Metaboss|146\/302
|-status|p1a: Metaboss|brn
|
|-damage|p1a: Metaboss|109\/302 brn|[from] brn
|turn|4
|
|switch|p1a: Sylveon|Sylveon, F|394\/394
|move|p2a: Clefable|Protect|p2a: Clefable
|-fail|p2a: Clefable
|
|turn|5
|
|switch|p2a: Ferrothorn|Ferrothorn, M|352\/352
|move|p1a: Sylveon|Heal Bell|p1a: Sylveon
|-cureteam|p1a: Sylveon|[from] move: HealBell
|
|turn|6
|
|move|p1a: Sylveon|Wish|p1a: Sylveon
|move|p2a: Ferrothorn|Stealth Rock|p1a: Sylveon
|-sidestart|p1: Blue Erlade|move: Stealth Rock
|
|turn|7
|
|switch|p1a: Metaboss|Metagross|109\/302
|-damage|p1a: Metaboss|91\/302|[from] Stealth Rock
|move|p2a: Ferrothorn|Leech Seed|p1a: Metaboss
|-start|p1a: Metaboss|move: Leech Seed
|
|-heal|p1a: Metaboss|288\/302|[from] move: Wish|[wisher] Sylveon
|-damage|p1a: Metaboss|251\/302|[from] Leech Seed|[of] p2a: Ferrothorn
|turn|8
|
|switch|p1a: Talonflame|Talonflame, M|297\/297
|-damage|p1a: Talonflame|149\/297|[from] Stealth Rock
|move|p2a: Ferrothorn|Spikes|p1a: Talonflame
|-sidestart|p1: Blue Erlade|Spikes
|
|turn|9
|
|switch|p2a: Rotom-Wash|Rotom-Wash|304\/304
|move|p1a: Talonflame|Roost|p1a: Talonflame
|-heal|p1a: Talonflame|297\/297
|
|turn|10
|
|switch|p1a: Latios|Latios, M|301\/301
|-damage|p1a: Latios|264\/301|[from] Stealth Rock
|move|p2a: Rotom-Wash|Will-O-Wisp|p1a: Latios
|-status|p1a: Latios|brn
|
|-damage|p1a: Latios|227\/301 brn|[from] brn
|turn|11
|
|switch|p2a: Clefable|Clefable, M|394\/394
|move|p1a: Latios|Defog|p2a: Clefable
|-unboost|p2a: Clefable|evasion|1
|-sideend|p1: Blue Erlade|Spikes|[from] move: Defog|[of] p1a: Latios
|-sideend|p1: Blue Erlade|Stealth Rock|[from] move: Defog|[of] p1a: Latios
|
|-damage|p1a: Latios|190\/301 brn|[from] brn
|turn|12
|
|switch|p1a: Greninja|Greninja, F|285\/285
|move|p2a: Clefable|Moonblast|p1a: Greninja
|-supereffective|p1a: Greninja
|-damage|p1a: Greninja|0 fnt
|faint|p1a: Greninja
|
|
|switch|p1a: Metaboss|Metagross|251\/302
|turn|13
|
|detailschange|p1a: Metaboss|Metagross-Mega
|message|Metagross has Mega Evolved into Mega Metagross!
|move|p1a: Metaboss|Power-Up Punch|p2a: Clefable
|-resisted|p2a: Clefable
|-damage|p2a: Clefable|351\/394
|-boost|p1a: Metaboss|atk|1
|move|p2a: Clefable|Flamethrower|p1a: Metaboss
|-supereffective|p1a: Metaboss
|-damage|p1a: Metaboss|129\/302
|
|-heal|p2a: Clefable|375\/394|[from] item: Leftovers
|turn|14
|
|switch|p2a: Ferrothorn|Ferrothorn, M|352\/352
|move|p1a: Metaboss|Meteor Mash|p2a: Ferrothorn
|-resisted|p2a: Ferrothorn
|-damage|p2a: Ferrothorn|241\/352
|-damage|p1a: Metaboss|92\/302|[from] ability: Iron Barbs|[of] p2a: Ferrothorn
|-damage|p1a: Metaboss|42\/302|[from] item: Rocky Helmet|[of] p2a: Ferrothorn
|
|turn|15
|
|switch|p1a: Talonflame|Talonflame, M|297\/297
|switch|p2a: Landorus-Therian|Landorus-Therian, M|227\/320
|-ability|p2a: Landorus-Therian|Intimidate|[of] p1a: Talonflame
|-unboost|p1a: Talonflame|atk|1
|
|turn|16
|
|switch|p1a: Ferrothorn|Ferrothorn, F|260\/352
|move|p2a: Landorus-Therian|U-turn|p1a: Ferrothorn
|-damage|p1a: Ferrothorn|204\/352
|-damage|p2a: Landorus-Therian|187\/320|[from] ability: Iron Barbs|[of] p1a: Ferrothorn
|
|switch|p2a: Lopunny|Lopunny, M|272\/272
|
|turn|17
|
|detailschange|p2a: Lopunny|Lopunny-Mega, M
|message|Lopunny has Mega Evolved into Mega Lopunny!
|move|p2a: Lopunny|Fire Punch|p1a: Ferrothorn
|-supereffective|p1a: Ferrothorn
|-damage|p1a: Ferrothorn|0 fnt
|-damage|p2a: Lopunny|238\/272|[from] ability: Iron Barbs|[of] p1a: Ferrothorn
|faint|p1a: Ferrothorn
|
|
|switch|p1a: Talonflame|Talonflame, M|297\/297
|turn|18
|
|switch|p2a: Ferrothorn|Ferrothorn, M|241\/352
|move|p1a: Talonflame|Swords Dance|p1a: Talonflame
|-boost|p1a: Talonflame|atk|2
|
|turn|19
|
|move|p1a: Talonflame|Swords Dance|p1a: Talonflame
|-boost|p1a: Talonflame|atk|2
|move|p2a: Ferrothorn|Leech Seed|p1a: Talonflame
|-start|p1a: Talonflame|move: Leech Seed
|
|-damage|p1a: Talonflame|260\/297|[from] Leech Seed|[of] p2a: Ferrothorn
|-heal|p2a: Ferrothorn|278\/352|[silent]
|turn|20
|
|move|p1a: Talonflame|Flare Blitz|p2a: Ferrothorn
|-supereffective|p2a: Ferrothorn
|-damage|p2a: Ferrothorn|0 fnt
|-damage|p1a: Talonflame|223\/297|[from] ability: Iron Barbs|[of] p2a: Ferrothorn
|-damage|p1a: Talonflame|174\/297|[from] item: Rocky Helmet|[of] p2a: Ferrothorn
|-damage|p1a: Talonflame|82\/297|[from] recoil|[of] p2a: Ferrothorn
|faint|p2a: Ferrothorn
|
|
|switch|p2a: Lopunny|Lopunny-Mega, M|238\/272
|turn|21
|c|âKit Kat Kofi|LOL
|
|move|p2a: Lopunny|Fake Out|p1a: Talonflame
|-damage|p1a: Talonflame|0 fnt
|faint|p1a: Talonflame
|
|c|âKit Kat Kofi|great
|
|switch|p1a: Latios|Latios, M|190\/301 brn
|turn|22
|
|switch|p2a: Clefable|Clefable, M|375\/394
|move|p1a: Latios|Psyshock|p2a: Clefable
|-damage|p2a: Clefable|206\/394
|
|-heal|p2a: Clefable|230\/394|[from] item: Leftovers
|-damage|p1a: Latios|153\/301 brn|[from] brn
|turn|23
|c|âKit Kat Kofi|I'll be invincible under the sun in no time
|
|move|p1a: Latios|Psyshock|p2a: Clefable
|-crit|p2a: Clefable
|-damage|p2a: Clefable|0 fnt
|faint|p2a: Clefable
|
|-damage|p1a: Latios|116\/301 brn|[from] brn
|
|switch|p2a: Landorus-Therian|Landorus-Therian, M|187\/320
|-ability|p2a: Landorus-Therian|Intimidate|[of] p1a: Latios
|-unboost|p1a: Latios|atk|1
|turn|24
|
|switch|p1a: Sylveon|Sylveon, F|394\/394
|move|p2a: Landorus-Therian|U-turn|p1a: Sylveon
|-resisted|p1a: Sylveon
|-damage|p1a: Sylveon|326\/394
|
|switch|p2a: Lopunny|Lopunny-Mega, M|238\/272
|
|-heal|p1a: Sylveon|350\/394|[from] item: Leftovers
|turn|25
|
|move|p2a: Lopunny|Fake Out|p1a: Sylveon
|-damage|p1a: Sylveon|251\/394
|cant|p1a: Sylveon|flinch
|
|-heal|p1a: Sylveon|275\/394|[from] item: Leftovers
|turn|26
|
|move|p2a: Lopunny|Return|p1a: Sylveon
|-damage|p1a: Sylveon|7\/394
|move|p1a: Sylveon|Hyper Voice|p2a: Lopunny
|-supereffective|p2a: Lopunny
|-damage|p2a: Lopunny|0 fnt
|faint|p2a: Lopunny
|
|-heal|p1a: Sylveon|31\/394|[from] item: Leftovers
|
|switch|p2a: Landorus-Therian|Landorus-Therian, M|187\/320
|-ability|p2a: Landorus-Therian|Intimidate|[of] p1a: Sylveon
|-unboost|p1a: Sylveon|atk|1
|turn|27
|
|move|p2a: Landorus-Therian|Knock Off|p1a: Sylveon
|-resisted|p1a: Sylveon
|-damage|p1a: Sylveon|0 fnt
|-enditem|p1a: Sylveon|Leftovers|[from] move: Knock Off|[of] p2a: Landorus-Therian
|faint|p1a: Sylveon
|
|
|switch|p1a: Latios|Latios, M|116\/301 brn
|turn|28
|
|move|p1a: Latios|Draco Meteor|p2a: Landorus-Therian|[miss]
|-miss|p1a: Latios|p2a: Landorus-Therian
|move|p2a: Landorus-Therian|Knock Off|p1a: Latios
|-supereffective|p1a: Latios
|-damage|p1a: Latios|0 fnt
|-enditem|p1a: Latios|Choice Scarf|[from] move: Knock Off|[of] p2a: Landorus-Therian
|faint|p1a: Latios
|
|
|switch|p1a: Metaboss|Metagross-Mega|42\/302
|turn|29
|c|âKit Kat Kofi|invincible under the sun
|
|move|p2a: Landorus-Therian|Knock Off|p1a: Metaboss
|-supereffective|p1a: Metaboss
|-damage|p1a: Metaboss|0 fnt
|faint|p1a: Metaboss
|
|win|Kit Kat Kofi
|raw|Ladder updating...
|raw|Blue Erlade's rating: 1280 &rarr; <strong>1260<\/strong><br \/>(-20 for losing)
|raw|Kit Kat Kofi's rating: 1353 &rarr; <strong>1369<\/strong><br \/>(+16 for winning)
|leave|Blue Erlade
|player|p1