|join|Blue Erlade
|join|dan OG kush
|player|p1|Blue Erlade|286
|player|p2|dan OG kush|12
|gametype|singles
|gen|6
|tier|OU
|rated
|clearpoke
|poke|p1|Sableye, F
|poke|p1|Bisharp, F
|poke|p1|Latios, M
|poke|p1|Tyranitar, F
|poke|p1|Chansey, F
|poke|p1|Ferrothorn, M
|poke|p2|Excadrill, M, shiny
|poke|p2|Landorus-Therian, M
|poke|p2|Dragonite, M, shiny
|poke|p2|Manectric, F, shiny
|poke|p2|Scizor, M, shiny
|poke|p2|Clefable, F, shiny
|rule|Swagger Clause: Swagger is banned
|rule|Baton Pass Clause: Limit one PokÃ©mon knowing Baton Pass
|rule|Sleep Clause Mod: Limit one foe put to sleep
|rule|Species Clause: Limit one of each PokÃ©mon
|rule|OHKO Clause: OHKO moves are banned
|rule|Moody Clause: Moody is banned
|rule|Evasion Moves Clause: Evasion moves are banned
|rule|Endless Battle Clause: Forcing endless battles is banned
|rule|HP Percentage Mod: HP is shown in percentages
|teampreview
|
|start
|switch|p1a: Sableye|Sableye, F|304\/304
|switch|p2a: Landorus-Therian|Landorus-Therian, M|319\/319
|-ability|p2a: Landorus-Therian|Intimidate|[of] p1a: Sableye
|-unboost|p1a: Sableye|atk|1
|turn|1
|
|move|p1a: Sableye|Will-O-Wisp|p2a: Landorus-Therian
|-status|p2a: Landorus-Therian|brn
|move|p2a: Landorus-Therian|Earthquake|p1a: Sableye
|-damage|p1a: Sableye|204\/304
|
|-damage|p2a: Landorus-Therian|280\/319 brn|[from] brn
|turn|2
|
|detailschange|p1a: Sableye|Sableye-Mega, F
|message|Sableye has Mega Evolved into Mega Sableye!
|move|p1a: Sableye|Calm Mind|p1a: Sableye
|-boost|p1a: Sableye|spa|1
|-boost|p1a: Sableye|spd|1
|move|p2a: Landorus-Therian|Stealth Rock|p1a: Sableye
|move|p1a: Sableye|Stealth Rock|p2a: Landorus-Therian|[from]Magic Bounce
|-sidestart|p2: dan OG kush|move: Stealth Rock
|
|-damage|p2a: Landorus-Therian|241\/319 brn|[from] brn
|turn|3
|
|move|p2a: Landorus-Therian|Earthquake|p1a: Sableye
|-damage|p1a: Sableye|143\/304
|move|p1a: Sableye|Calm Mind|p1a: Sableye
|-boost|p1a: Sableye|spa|1
|-boost|p1a: Sableye|spd|1
|
|-damage|p2a: Landorus-Therian|202\/319 brn|[from] brn
|turn|4
|
|move|p2a: Landorus-Therian|Earthquake|p1a: Sableye
|-crit|p1a: Sableye
|-damage|p1a: Sableye|44\/304
|move|p1a: Sableye|Recover|p1a: Sableye
|-heal|p1a: Sableye|196\/304
|
|-damage|p2a: Landorus-Therian|163\/319 brn|[from] brn
|turn|5
|
|move|p2a: Landorus-Therian|Earthquake|p1a: Sableye
|-damage|p1a: Sableye|133\/304
|move|p1a: Sableye|Recover|p1a: Sableye
|-heal|p1a: Sableye|285\/304
|
|-damage|p2a: Landorus-Therian|124\/319 brn|[from] brn
|turn|6
|
|move|p2a: Landorus-Therian|Earthquake|p1a: Sableye
|-crit|p1a: Sableye
|-damage|p1a: Sableye|183\/304
|move|p1a: Sableye|Calm Mind|p1a: Sableye
|-boost|p1a: Sableye|spa|1
|-boost|p1a: Sableye|spd|1
|
|-damage|p2a: Landorus-Therian|85\/319 brn|[from] brn
|turn|7
|
|move|p2a: Landorus-Therian|Earthquake|p1a: Sableye
|-damage|p1a: Sableye|111\/304
|move|p1a: Sableye|Recover|p1a: Sableye
|-heal|p1a: Sableye|263\/304
|
|-damage|p2a: Landorus-Therian|46\/319 brn|[from] brn
|turn|8
|
|move|p2a: Landorus-Therian|Earthquake|p1a: Sableye
|-damage|p1a: Sableye|200\/304
|move|p1a: Sableye|Calm Mind|p1a: Sableye
|-boost|p1a: Sableye|spa|1
|-boost|p1a: Sableye|spd|1
|
|-damage|p2a: Landorus-Therian|7\/319 brn|[from] brn
|turn|9
|
|move|p2a: Landorus-Therian|Earthquake|p1a: Sableye
|-damage|p1a: Sableye|136\/304
|move|p1a: Sableye|Recover|p1a: Sableye
|-heal|p1a: Sableye|288\/304
|
|-damage|p2a: Landorus-Therian|0 fnt|[from] brn
|faint|p2a: Landorus-Therian
|
|switch|p2a: Dragonite|Dragonite, M, shiny|386\/386
|-damage|p2a: Dragonite|290\/386|[from] Stealth Rock
|turn|10
|
|move|p1a: Sableye|Dark Pulse|p2a: Dragonite
|-damage|p2a: Dragonite|106\/386
|move|p2a: Dragonite|Dragon Tail|p1a: Sableye
|-damage|p1a: Sableye|234\/304
|drag|p1a: Bisharp|Bisharp, F|272\/272
|
|-heal|p2a: Dragonite|130\/386|[from] item: Leftovers
|turn|11
|
|move|p1a: Bisharp|Knock Off|p2a: Dragonite
|-damage|p2a: Dragonite|0 fnt
|-enditem|p2a: Dragonite|Leftovers|[from] move: Knock Off|[of] p1a: Bisharp
|faint|p2a: Dragonite
|
|
|switch|p2a: Excadrill|Excadrill, M, shiny|361\/361
|-damage|p2a: Excadrill|350\/361|[from] Stealth Rock
|-ability|p2a: Excadrill|Mold Breaker
|turn|12
|
|switch|p1a: Ferrothorn|Ferrothorn, M|352\/352
|move|p2a: Excadrill|Iron Head|p1a: Ferrothorn
|-resisted|p1a: Ferrothorn
|-damage|p1a: Ferrothorn|302\/352
|-damage|p2a: Excadrill|305\/361|[from] ability: Iron Barbs|[of] p1a: Ferrothorn
|
|-heal|p1a: Ferrothorn|324\/352|[from] item: Leftovers
|turn|13
|
|switch|p2a: Manectric|Manectric, F, shiny|282\/282
|-damage|p2a: Manectric|247\/282|[from] Stealth Rock
|move|p1a: Ferrothorn|Leech Seed|p2a: Manectric
|-start|p2a: Manectric|move: Leech Seed
|
|-heal|p1a: Ferrothorn|346\/352|[from] item: Leftovers
|-damage|p2a: Manectric|212\/282|[from] Leech Seed|[of] p1a: Ferrothorn
|-heal|p1a: Ferrothorn|352\/352|[silent]
|turn|14
|
|switch|p2a: Scizor|Scizor, M, shiny|281\/281
|-damage|p2a: Scizor|246\/281|[from] Stealth Rock
|switch|p1a: Tyranitar|Tyranitar, F|404\/404
|-weather|Sandstorm
|
|-weather|Sandstorm|[upkeep]
|turn|15
|join|Shaarka
|
|detailschange|p2a: Scizor|Scizor-Mega, M, shiny
|message|Scizor has Mega Evolved into Mega Scizor!
|move|p2a: Scizor|Bug Bite|p1a: Tyranitar
|-supereffective|p1a: Tyranitar
|-damage|p1a: Tyranitar|32\/404
|move|p1a: Tyranitar|Fire Blast|p2a: Scizor
|-supereffective|p2a: Scizor
|-damage|p2a: Scizor|0 fnt
|faint|p2a: Scizor
|
|-weather|Sandstorm|[upkeep]
|-heal|p1a: Tyranitar|57\/404|[from] item: Leftovers
|
|switch|p2a: Manectric|Manectric, F, shiny|212\/282
|-damage|p2a: Manectric|177\/282|[from] Stealth Rock
|turn|16
|
|move|p2a: Manectric|Flamethrower|p1a: Tyranitar
|-resisted|p1a: Tyranitar
|-damage|p1a: Tyranitar|18\/404
|move|p1a: Tyranitar|Crunch|p2a: Manectric
|-damage|p2a: Manectric|0 fnt
|faint|p2a: Manectric
|
|-weather|Sandstorm|[upkeep]
|-heal|p1a: Tyranitar|43\/404|[from] item: Leftovers
|
|switch|p2a: Excadrill|Excadrill, M, shiny|305\/361
|-damage|p2a: Excadrill|294\/361|[from] Stealth Rock
|-ability|p2a: Excadrill|Mold Breaker
|turn|17
|
|move|p2a: Excadrill|Brick Break|p1a: Tyranitar
|-supereffective|p1a: Tyranitar
|-damage|p1a: Tyranitar|0 fnt
|faint|p1a: Tyranitar
|
|-weather|Sandstorm|[upkeep]
|
|switch|p1a: Sableye|Sableye-Mega, F|234\/304
|turn|18
|
|switch|p2a: Clefable|Clefable, F, shiny|394\/394
|switch|p1a: Bisharp|Bisharp, F|272\/272
|
|-weather|none
|turn|19
|
|move|p1a: Bisharp|Swords Dance|p1a: Bisharp
|-boost|p1a: Bisharp|atk|2
|move|p2a: Clefable|Moonblast|p1a: Bisharp
|-damage|p1a: Bisharp|124\/272
|
|turn|20
|
|move|p1a: Bisharp|Iron Head|p2a: Clefable
|-supereffective|p2a: Clefable
|-damage|p2a: Clefable|0 fnt
|faint|p2a: Clefable
|
|
|switch|p2a: Excadrill|Excadrill, M, shiny|294\/361
|-damage|p2a: Excadrill|283\/361|[from] Stealth Rock
|-ability|p2a: Excadrill|Mold Breaker
|turn|21
|
|move|p1a: Bisharp|Sucker Punch|p2a: Excadrill
|-damage|p2a: Excadrill|0 fnt
|faint|p2a: Excadrill
|
|win|Blue Erlade
|raw|Ladder updating...
|leave|dan OG kush
|player|p2
|raw|Blue Erlade's rating: 1258 &rarr; <strong>1279<\/strong><br \/>(+21 for winning)
|raw|dan OG kush's rating: 1191 &rarr; <strong>1171<\/strong><br \/>(-20 for losing)