|join|Tom0410
|join|Blue Erlade
|player|p1|Tom0410|80
|player|p2|Blue Erlade|290
|gametype|singles
|gen|6
|tier|OU
|clearpoke
|poke|p1|Metagross
|poke|p1|Gothitelle, F
|poke|p1|Rotom-Wash
|poke|p1|Landorus-Therian, M
|poke|p1|Greninja, M
|poke|p1|Garchomp, M
|poke|p2|Magnezone
|poke|p2|Landorus-Therian, M
|poke|p2|Absol, F
|poke|p2|Latias, F
|poke|p2|Sylveon, F
|poke|p2|Skarmory, M
|rule|Swagger Clause: Swagger is banned
|rule|Baton Pass Clause: Limit one PokÃ©mon knowing Baton Pass
|rule|Sleep Clause Mod: Limit one foe put to sleep
|rule|Species Clause: Limit one of each PokÃ©mon
|rule|OHKO Clause: OHKO moves are banned
|rule|Moody Clause: Moody is banned
|rule|Evasion Moves Clause: Evasion moves are banned
|rule|Endless Battle Clause: Forcing endless battles is banned
|rule|HP Percentage Mod: HP is shown in percentages
|teampreview
|c|âTom0410|gl
|c|âBlue Erlade|Gk
|c|âBlue Erlade|*gl
|
|start
|switch|p1a: Rotom-Wash|Rotom-Wash|303\/303
|switch|p2a: Landorus-Therian|Landorus-Therian, M|354\/354
|-ability|p2a: Landorus-Therian|Intimidate|[of] p1a: Rotom-Wash
|-unboost|p1a: Rotom-Wash|atk|1
|turn|1
|
|move|p2a: Landorus-Therian|U-turn|p1a: Rotom-Wash
|-crit|p1a: Rotom-Wash
|-damage|p1a: Rotom-Wash|168\/303
|
|switch|p2a: Latias|Latias, F|302\/302
|move|p1a: Rotom-Wash|Volt Switch|p2a: Latias
|-crit|p2a: Latias
|-resisted|p2a: Latias
|-damage|p2a: Latias|251\/302
|c|âTom0410|Ã§a commence bien
|c|âBlue Erlade|J'allais le dire.
|
|switch|p1a: Metagross|Metagross|302\/302
|
|turn|2
|
|switch|p2a: Skarmory|Skarmory, M|334\/334
|detailschange|p1a: Metagross|Metagross-Mega
|message|Metagross has Mega Evolved into Mega Metagross!
|move|p1a: Metagross|Ice Punch|p2a: Skarmory
|-damage|p2a: Skarmory|254\/334
|-boost|p2a: Skarmory|spe|1|[from] ability: Weak Armor
|-unboost|p2a: Skarmory|def|1|[from] ability: Weak Armor
|
|-heal|p2a: Skarmory|274\/334|[from] item: Leftovers
|turn|3
|c|âTom0410|what ?
|c|âTom0410|rire
|c|âBlue Erlade|Damn, j'ai oubliÃ© de changer --'
|c|âTom0410|c'est quoi cette cap spe
|
|switch|p1a: Gothitelle|Gothitelle, F|281\/281
|move|p2a: Skarmory|Stealth Rock|p1a: Gothitelle
|-sidestart|p1: Tom0410|move: Stealth Rock
|
|-heal|p2a: Skarmory|294\/334|[from] item: Leftovers
|turn|4
|
|move|p2a: Skarmory|Brave Bird|p1a: Gothitelle
|-damage|p1a: Gothitelle|169\/281
|-damage|p2a: Skarmory|257\/334|[from] recoil|[of] p1a: Gothitelle
|move|p1a: Gothitelle|Thunderbolt|p2a: Skarmory
|-supereffective|p2a: Skarmory
|-damage|p2a: Skarmory|0 fnt
|faint|p2a: Skarmory
|
|
|switch|p2a: Absol|Absol, F|271\/271
|-ability|p2a: Absol|Pressure
|turn|5
|
|switch|p1a: Landorus-Therian|Landorus-Therian, M|320\/320
|-damage|p1a: Landorus-Therian|280\/320|[from] Stealth Rock
|-ability|p1a: Landorus-Therian|Intimidate|[of] p2a: Absol
|-unboost|p2a: Absol|atk|1
|detailschange|p2a: Absol|Absol-Mega, F
|message|Absol has Mega Evolved into Mega Absol!
|move|p2a: Absol|Swords Dance|p2a: Absol
|-boost|p2a: Absol|atk|2
|
|turn|6
|
|switch|p2a: Landorus-Therian|Landorus-Therian, M|354\/354
|-ability|p2a: Landorus-Therian|Intimidate|[of] p1a: Landorus-Therian
|-unboost|p1a: Landorus-Therian|atk|1
|move|p1a: Landorus-Therian|U-turn|p2a: Landorus-Therian
|-resisted|p2a: Landorus-Therian
|-damage|p2a: Landorus-Therian|320\/354
|
|switch|p1a: Rotom-Wash|Rotom-Wash|168\/303
|-damage|p1a: Rotom-Wash|131\/303|[from] Stealth Rock
|
|turn|7
|
|move|p2a: Landorus-Therian|Stone Edge|p1a: Rotom-Wash|[miss]
|-miss|p2a: Landorus-Therian|p1a: Rotom-Wash
|move|p1a: Rotom-Wash|Rest|p1a: Rotom-Wash
|-status|p1a: Rotom-Wash|slp
|-heal|p1a: Rotom-Wash|303\/303 slp|[silent]
|-status|p1a: Rotom-Wash|slp|[from] move: Rest
|-enditem|p1a: Rotom-Wash|Chesto Berry|[eat]
|-curestatus|p1a: Rotom-Wash|slp
|
|turn|8
|
|switch|p2a: Sylveon|Sylveon, F|394\/394
|switch|p1a: Garchomp|Garchomp, M|358\/358
|-damage|p1a: Garchomp|336\/358|[from] Stealth Rock
|
|turn|9
|
|switch|p2a: Absol|Absol-Mega, F|271\/271
|move|p1a: Garchomp|Swords Dance|p1a: Garchomp
|-boost|p1a: Garchomp|atk|2
|
|turn|10
|
|switch|p2a: Landorus-Therian|Landorus-Therian, M|320\/354
|-ability|p2a: Landorus-Therian|Intimidate|[of] p1a: Garchomp
|-unboost|p1a: Garchomp|atk|1
|move|p1a: Garchomp|Outrage|p2a: Landorus-Therian
|-damage|p2a: Landorus-Therian|0 fnt
|faint|p2a: Landorus-Therian
|
|
|switch|p2a: Latias|Latias, F|251\/302
|turn|11
|
|switch|p2a: Absol|Absol-Mega, F|271\/271
|move|p1a: Garchomp|Outrage|p2a: Absol
|-damage|p2a: Absol|0 fnt
|faint|p2a: Absol
|
|-end|p1a: Garchomp|rampage
|-start|p1a: Garchomp|confusion
|c|âTom0410|what ?
|c|âBlue Erlade|Heu...
|c|âTom0410|je comprend pas lÃ 
|c|âBlue Erlade|T'es plus lent.
|c|âTom0410|bah oui
|c|âBlue Erlade|Je croyais qur t'allais switch.
|c|âTom0410|je suis trap hein
|c|âBlue Erlade|Pour eviter la DM.
|c|âTom0410|j'avais outrage
|
|switch|p2a: Sylveon|Sylveon, F|394\/394
|turn|12
|
|switch|p1a: Metagross|Metagross-Mega|302\/302
|-damage|p1a: Metagross|284\/302|[from] Stealth Rock
|move|p2a: Sylveon|Hyper Voice|p1a: Metagross
|-resisted|p1a: Metagross
|-damage|p1a: Metagross|218\/302
|
|turn|13
|
|move|p1a: Metagross|Meteor Mash|p2a: Sylveon
|-supereffective|p2a: Sylveon
|-damage|p2a: Sylveon|0 fnt
|-boost|p1a: Metagross|atk|1
|faint|p2a: Sylveon
|
|
|switch|p2a: Latias|Latias, F|251\/302
|turn|14
|
|move|p2a: Latias|Draco Meteor|p1a: Metagross
|-resisted|p1a: Metagross
|-damage|p1a: Metagross|91\/302
|-unboost|p2a: Latias|spa|2
|-damage|p2a: Latias|221\/302|[from] item: Life Orb
|move|p1a: Metagross|Ice Punch|p2a: Latias
|-supereffective|p2a: Latias
|-damage|p2a: Latias|0 fnt
|faint|p2a: Latias
|
|
|switch|p2a: Magnezone|Magnezone|344\/344
|turn|15
|c|âBlue Erlade|Gg
|
|move|p1a: Metagross|Earthquake|p2a: Magnezone
|-supereffective|p2a: Magnezone
|-damage|p2a: Magnezone|0 fnt
|faint|p2a: Magnezone
|
|win|Tom0410
|c|âTom0410|ok
|c|âTom0410|6-0
|c|âTom0410|gg
|c|âBlue Erlade|Dommage j'avais totalement oubliÃ©.
|c|âBlue Erlade|M-Absol te faisait mal.
|c|âTom0410|un autre ?
|c|âTom0410|je suis chaud lÃ 
|c|âBlue Erlade|O.k.
|c|âTom0410|chall
|leave|Blue Erlade
|player|p2
|leave|Tom0410
|player|p1
|join|Tom0410