|join|Blue Erlade
|join|Tom0410
|player|p1|Blue Erlade|99
|player|p2|Tom0410|80
|gametype|singles
|gen|6
|tier|OU
|clearpoke
|poke|p1|Kyurem-Black
|poke|p1|Metagross
|poke|p1|Clefable, F
|poke|p1|Rotom-Wash
|poke|p1|Greninja, F
|poke|p1|Dragonite, M
|poke|p2|Metagross
|poke|p2|Magnezone
|poke|p2|Landorus-Therian, M
|poke|p2|Greninja, M
|poke|p2|Garchomp, M
|poke|p2|Rotom-Wash
|rule|Swagger Clause: Swagger is banned
|rule|Baton Pass Clause: Limit one PokÃ©mon knowing Baton Pass
|rule|Sleep Clause Mod: Limit one foe put to sleep
|rule|Species Clause: Limit one of each PokÃ©mon
|rule|OHKO Clause: OHKO moves are banned
|rule|Moody Clause: Moody is banned
|rule|Evasion Moves Clause: Evasion moves are banned
|rule|Endless Battle Clause: Forcing endless battles is banned
|rule|HP Percentage Mod: HP is shown in percentages
|teampreview
|c|âBlue Erlade|allez hop.
|c|âTom0410|gl
|c|âBlue Erlade|gl
|
|start
|switch|p1a: Greninja|Greninja, F|286\/286
|switch|p2a: Garchomp|Garchomp, M|358\/358
|turn|1
|
|switch|p2a: Rotom-Wash|Rotom-Wash|303\/303
|move|p1a: Greninja|Ice Beam|p2a: Rotom-Wash
|-start|p1a: Greninja|typechange|Ice|[from] Protean
|-resisted|p2a: Rotom-Wash
|-damage|p2a: Rotom-Wash|242\/303
|-damage|p1a: Greninja|258\/286|[from] item: Life Orb
|
|turn|2
|
|move|p1a: Greninja|Gunk Shot|p2a: Rotom-Wash
|-start|p1a: Greninja|typechange|Poison|[from] Protean
|-damage|p2a: Rotom-Wash|90\/303
|-status|p2a: Rotom-Wash|psn
|-damage|p1a: Greninja|230\/286|[from] item: Life Orb
|move|p2a: Rotom-Wash|Volt Switch|p1a: Greninja
|-damage|p1a: Greninja|116\/286
|
|switch|p2a: Landorus-Therian|Landorus-Therian, M|320\/320
|-ability|p2a: Landorus-Therian|Intimidate|[of] p1a: Greninja
|-unboost|p1a: Greninja|atk|1
|
|turn|3
|
|switch|p1a: Rotom-Wash|Rotom-Wash|303\/303
|move|p2a: Landorus-Therian|U-turn|p1a: Rotom-Wash
|-damage|p1a: Rotom-Wash|233\/303
|
|switch|p2a: Magnezone|Magnezone|324\/324
|
|-heal|p1a: Rotom-Wash|251\/303|[from] item: Leftovers
|turn|4
|
|move|p1a: Rotom-Wash|Volt Switch|p2a: Magnezone
|-resisted|p2a: Magnezone
|-damage|p2a: Magnezone|279\/324
|
|switch|p1a: Metagross|Metagross|302\/302
|move|p2a: Magnezone|Volt Switch|p1a: Metagross
|-damage|p1a: Metagross|73\/302
|
|switch|p2a: Garchomp|Garchomp, M|358\/358
|
|turn|5
|
|switch|p1a: Dragonite|Dragonite, M|324\/324
|move|p2a: Garchomp|Stealth Rock|p1a: Dragonite
|-sidestart|p1: Blue Erlade|move: Stealth Rock
|
|turn|6
|
|move|p2a: Garchomp|Outrage|p1a: Dragonite
|-supereffective|p1a: Dragonite
|-damage|p1a: Dragonite|89\/324
|-enditem|p1a: Dragonite|Weakness Policy
|-boost|p1a: Dragonite|atk|2|[from] item: Weakness Policy
|-boost|p1a: Dragonite|spa|2|[from] item: Weakness Policy
|move|p1a: Dragonite|Dragon Dance|p1a: Dragonite
|-boost|p1a: Dragonite|atk|1
|-boost|p1a: Dragonite|spe|1
|
|turn|7
|
|move|p1a: Dragonite|Dragon Claw|p2a: Garchomp
|-supereffective|p2a: Garchomp
|-enditem|p2a: Garchomp|Focus Sash
|-damage|p2a: Garchomp|1\/358
|-damage|p1a: Dragonite|49\/324|[from] ability: Rough Skin|[of] p2a: Garchomp
|move|p2a: Garchomp|Outrage|p1a: Dragonite
|-supereffective|p1a: Dragonite
|-damage|p1a: Dragonite|0 fnt
|faint|p1a: Dragonite
|
|
|switch|p1a: Greninja|Greninja, F|116\/286
|-damage|p1a: Greninja|81\/286|[from] Stealth Rock
|turn|8
|
|move|p1a: Greninja|Ice Beam|p2a: Garchomp
|-start|p1a: Greninja|typechange|Ice|[from] Protean
|-supereffective|p2a: Garchomp
|-damage|p2a: Garchomp|0 fnt
|-damage|p1a: Greninja|53\/286|[from] item: Life Orb
|faint|p2a: Garchomp
|
|
|switch|p2a: Landorus-Therian|Landorus-Therian, M|320\/320
|-ability|p2a: Landorus-Therian|Intimidate|[of] p1a: Greninja
|-unboost|p1a: Greninja|atk|1
|turn|9
|
|move|p2a: Landorus-Therian|U-turn|p1a: Greninja
|-damage|p1a: Greninja|0 fnt
|faint|p1a: Greninja
|
|switch|p2a: Greninja|Greninja, M|285\/285
|
|
|switch|p1a: Kyurem-Black|Kyurem-Black|391\/391
|-damage|p1a: Kyurem-Black|294\/391|[from] Stealth Rock
|-ability|p1a: Kyurem-Black|Teravolt
|turn|10
|
|switch|p2a: Rotom-Wash|Rotom-Wash|90\/303 psn
|move|p1a: Kyurem-Black|Outrage|p2a: Rotom-Wash
|-damage|p2a: Rotom-Wash|0 fnt
|faint|p2a: Rotom-Wash
|
|
|switch|p2a: Metagross|Metagross|302\/302
|turn|11
|
|detailschange|p2a: Metagross|Metagross-Mega
|-mega|p2a: Metagross|Metagross|Metagrossite
|move|p1a: Kyurem-Black|Outrage|p2a: Metagross
|-resisted|p2a: Metagross
|-damage|p2a: Metagross|208\/302
|move|p2a: Metagross|Meteor Mash|p1a: Kyurem-Black|[miss]
|-miss|p2a: Metagross|p1a: Kyurem-Black
|
|turn|12
|c|âTom0410|ok
|
|move|p1a: Kyurem-Black|Outrage|p2a: Metagross
|-resisted|p2a: Metagross
|-damage|p2a: Metagross|115\/302
|move|p2a: Metagross|Meteor Mash|p1a: Kyurem-Black
|-supereffective|p1a: Kyurem-Black
|-damage|p1a: Kyurem-Black|0 fnt
|faint|p1a: Kyurem-Black
|
|
|switch|p1a: Rotom-Wash|Rotom-Wash|251\/303
|-damage|p1a: Rotom-Wash|214\/303|[from] Stealth Rock
|turn|13
|
|move|p2a: Metagross|Zen Headbutt|p1a: Rotom-Wash
|-damage|p1a: Rotom-Wash|70\/303
|move|p1a: Rotom-Wash|Volt Switch|p2a: Metagross
|-damage|p2a: Metagross|33\/302
|
|switch|p1a: Clefable|Clefable, F|394\/394
|
|turn|14
|
|move|p2a: Metagross|Meteor Mash|p1a: Clefable
|-crit|p1a: Clefable
|-supereffective|p1a: Clefable
|-damage|p1a: Clefable|0 fnt
|faint|p1a: Clefable
|
|
|switch|p1a: Metagross|Metagross|73\/302
|-damage|p1a: Metagross|55\/302|[from] Stealth Rock
|turn|15
|c|âTom0410|gg
|c|âBlue Erlade|gg
|
|detailschange|p1a: Metagross|Metagross-Mega
|-mega|p1a: Metagross|Metagross|Metagrossite
|move|p2a: Metagross|Earthquake|p1a: Metagross
|-crit|p1a: Metagross
|-supereffective|p1a: Metagross
|-damage|p1a: Metagross|0 fnt
|faint|p1a: Metagross
|
|
|switch|p1a: Rotom-Wash|Rotom-Wash|70\/303
|-damage|p1a: Rotom-Wash|33\/303|[from] Stealth Rock
|turn|16
|c|âTom0410|C'est la team dont je propose le team building
|c|âTom0410|sur le topic de strat
|c|âTom0410|je pense qu'elle est vraiment bien
|c|âBlue Erlade|Ah bon ?
|c|âTom0410|C'est ma meilleure
|c|âBlue Erlade|La rÃ©daction a avancÃ© ?
|c|âTom0410|Oui
|c|âTom0410|presque fini
|c|âBlue Erlade|Ta meilleure ?
|
|move|p2a: Metagross|Zen Headbutt|p1a: Rotom-Wash
|-damage|p1a: Rotom-Wash|0 fnt
|faint|p1a: Rotom-Wash
|
|win|Tom0410
|c|âBlue Erlade|CarrÃ©ment :p
|c|âTom0410|easy lÃ  :p
|c|âBlue Erlade|J'ai fait deux erreurs.
|c|âTom0410|une team sans ground
|c|âTom0410|c'est pas bon
|c|âBlue Erlade|Mais bon.
|c|âTom0410|un autre match ?
|c|âTom0410|plus fun cette fois :p
|c|âBlue Erlade|Je viens d'en commencer un.
|c|âBlue Erlade|Je le finis...
|c|âTom0410|lÃ  j'ai jouÃ© comme je l'aurais fait en tournoi
|c|âTom0410|ok
|leave|Tom0410
|player|p2
|join|Tom0410
|leave|Tom0410