|join|felixcourel
|join|Blue Erlade
|player|p1|felixcourel|101
|player|p2|Blue Erlade|286
|gametype|singles
|gen|6
|tier|OU
|rated
|clearpoke
|poke|p1|Manectric, F
|poke|p1|Aggron, M
|poke|p1|Rapidash, F
|poke|p1|Tentacruel, M
|poke|p1|Yanmega, M
|poke|p1|Weavile, F
|poke|p2|Gallade, M, shiny
|poke|p2|Wobbuffet, M
|poke|p2|Tyranitar, M
|poke|p2|Landorus, M
|poke|p2|Starmie
|poke|p2|Breloom, F
|rule|Swagger Clause: Swagger is banned
|rule|Baton Pass Clause: Limit one PokÃ©mon knowing Baton Pass
|rule|Sleep Clause Mod: Limit one foe put to sleep
|rule|Species Clause: Limit one of each PokÃ©mon
|rule|OHKO Clause: OHKO moves are banned
|rule|Moody Clause: Moody is banned
|rule|Evasion Moves Clause: Evasion moves are banned
|rule|Endless Battle Clause: Forcing endless battles is banned
|rule|HP Percentage Mod: HP is shown in percentages
|teampreview
|
|start
|switch|p1a: Weavile|Weavile, F|282\/282
|switch|p2a: Gallade|Gallade, M, shiny|278\/278
|-ability|p1a: Weavile|Pressure
|turn|1
|
|move|p2a: Gallade|Close Combat|p1a: Weavile
|-supereffective|p1a: Weavile
|-damage|p1a: Weavile|0 fnt
|-unboost|p2a: Gallade|def|1
|-unboost|p2a: Gallade|spd|1
|faint|p1a: Weavile
|
|
|switch|p1a: Rapidash|Rapidash, F|272\/272
|turn|2
|
|move|p2a: Gallade|Close Combat|p1a: Rapidash
|-damage|p1a: Rapidash|0 fnt
|-unboost|p2a: Gallade|def|1
|-unboost|p2a: Gallade|spd|1
|faint|p1a: Rapidash
|
|
|switch|p1a: Yanmega|Yanmega, M|314\/314
|turn|3
|
|switch|p2a: Landorus|Landorus, M|320\/320
|move|p1a: Yanmega|Protect|p1a: Yanmega
|-fail|p1a: Yanmega
|
|-boost|p1a: Yanmega|spe|1|[from] ability: Speed Boost
|turn|4
|
|switch|p1a: Aggron|Aggron, M|344\/344
|move|p2a: Landorus|Psychic|p1a: Aggron
|-resisted|p1a: Aggron
|-damage|p1a: Aggron|222\/344
|
|turn|5
|
|detailschange|p1a: Aggron|Aggron-Mega, M
|message|Aggron has Mega Evolved into Mega Aggron!
|move|p2a: Landorus|Earth Power|p1a: Aggron
|-supereffective|p1a: Aggron
|-damage|p1a: Aggron|0 fnt
|faint|p1a: Aggron
|
|
|switch|p1a: Manectric|Manectric, F|281\/281
|turn|6
|
|move|p1a: Manectric|Flamethrower|p2a: Landorus
|-damage|p2a: Landorus|206\/320
|move|p2a: Landorus|Earth Power|p1a: Manectric
|-supereffective|p1a: Manectric
|-damage|p1a: Manectric|0 fnt
|faint|p1a: Manectric
|
|
|switch|p1a: Tentacruel|Tentacruel, M|301\/301
|turn|7
|-message|felixcourel forfeited.
|
|win|Blue Erlade
|raw|Ladder updating...
|leave|felixcourel
|player|p1
|raw|felixcourel's rating: 1121 &rarr; <strong>1098<\/strong><br \/>(-23 for losing)
|raw|Blue Erlade's rating: 1151 &rarr; <strong>1174<\/strong><br \/>(+23 for winning)