|join|Blue Erlade
|join|Tom0410
|player|p1|Blue Erlade|260
|player|p2|Tom0410|92
|gametype|singles
|gen|6
|tier|OU
|clearpoke
|poke|p1|Gyarados, M
|poke|p1|Manaphy
|poke|p1|Politoed, M
|poke|p1|Thundurus-Therian, M
|poke|p1|Goodra, F
|poke|p1|Smeargle, F
|poke|p2|Victini
|poke|p2|Scizor, F
|poke|p2|Ferrothorn, M
|poke|p2|Slowbro, M
|poke|p2|Chansey, F
|poke|p2|Gengar, M
|rule|Swagger Clause: Swagger is banned
|rule|Baton Pass Clause: Limit one PokÃ©mon knowing Baton Pass
|rule|Sleep Clause Mod: Limit one foe put to sleep
|rule|Species Clause: Limit one of each PokÃ©mon
|rule|OHKO Clause: OHKO moves are banned
|rule|Moody Clause: Moody is banned
|rule|Evasion Moves Clause: Evasion moves are banned
|rule|Endless Battle Clause: Forcing endless battles is banned
|rule|HP Percentage Mod: HP is shown in percentages
|teampreview
|c|âTom0410|gl
|c|âBlue Erlade|C'est ma premiÃ¨re team Showdown.
|c|âTom0410|lol
|c|âBlue Erlade|Bonne chance.
|
|start
|switch|p1a: Quelorior|Smeargle, F|314\/314
|switch|p2a: Ferrothorn|Ferrothorn, M|352\/352
|turn|1
|
|move|p1a: Quelorior|Taunt|p2a: Ferrothorn
|-start|p2a: Ferrothorn|move: Taunt
|cant|p2a: Ferrothorn|move: Taunt|Stealth Rock
|
|turn|2
|
|move|p1a: Quelorior|Stealth Rock|p2a: Ferrothorn
|-sidestart|p2: Tom0410|move: Stealth Rock
|move|p2a: Ferrothorn|Gyro Ball|p1a: Quelorior
|-enditem|p1a: Quelorior|Focus Sash
|-damage|p1a: Quelorior|1\/314
|
|turn|3
|
|move|p1a: Quelorior|Spikes|p2a: Ferrothorn
|-sidestart|p2: Tom0410|Spikes
|move|p2a: Ferrothorn|Gyro Ball|p1a: Quelorior
|-damage|p1a: Quelorior|0 fnt
|faint|p1a: Quelorior
|
|-end|p2a: Ferrothorn|move: Taunt
|
|switch|p1a: Muplodocus|Goodra, F|361\/361
|turn|4
|
|switch|p2a: Chansey|Chansey, F|704\/704
|-damage|p2a: Chansey|616\/704|[from] Stealth Rock
|-damage|p2a: Chansey|528\/704|[from] Spikes
|move|p1a: Muplodocus|Fire Blast|p2a: Chansey
|-damage|p2a: Chansey|462\/704
|
|turn|5
|
|move|p2a: Chansey|Wish|p2a: Chansey
|move|p1a: Muplodocus|Dragon Tail|p2a: Chansey
|-damage|p2a: Chansey|354\/704
|drag|p2a: Gengar|Gengar, M|262\/262
|-damage|p2a: Gengar|230\/262|[from] Stealth Rock
|
|-heal|p2a: Gengar|246\/262|[from] item: Black Sludge
|turn|6
|
|switch|p2a: Chansey|Chansey, F|354\/704
|-damage|p2a: Chansey|266\/704|[from] Spikes
|-damage|p2a: Chansey|178\/704|[from] Stealth Rock
|move|p1a: Muplodocus|Dragon Tail|p2a: Chansey
|-damage|p2a: Chansey|75\/704
|drag|p2a: Victini|Victini|341\/341
|-damage|p2a: Victini|299\/341|[from] Spikes
|-damage|p2a: Victini|214\/341|[from] Stealth Rock
|
|-heal|p2a: Victini|341\/341|[from] move: Wish|[wisher] Chansey
|turn|7
|
|move|p2a: Victini|U-turn|p1a: Muplodocus
|-damage|p1a: Muplodocus|178\/361
|
|switch|p2a: Slowbro|Slowbro, M|394\/394
|-damage|p2a: Slowbro|345\/394|[from] Stealth Rock
|-damage|p2a: Slowbro|296\/394|[from] Spikes
|move|p1a: Muplodocus|Earthquake|p2a: Slowbro
|-damage|p2a: Slowbro|237\/394
|
|turn|8
|
|move|p1a: Muplodocus|Power Whip|p2a: Slowbro
|-supereffective|p2a: Slowbro
|-damage|p2a: Slowbro|71\/394
|-damage|p1a: Muplodocus|118\/361|[from] item: Rocky Helmet|[of] p2a: Slowbro
|move|p2a: Slowbro|Slack Off|p2a: Slowbro
|-heal|p2a: Slowbro|268\/394
|
|turn|9
|join|Ysterix
|
|move|p2a: Slowbro|Slack Off|p2a: Slowbro
|-heal|p2a: Slowbro|394\/394
|move|p1a: Muplodocus|Dragon Tail|p2a: Slowbro
|-damage|p2a: Slowbro|334\/394
|-damage|p1a: Muplodocus|58\/361|[from] item: Rocky Helmet|[of] p2a: Slowbro
|drag|p2a: Victini|Victini|341\/341
|-damage|p2a: Victini|256\/341|[from] Stealth Rock
|-damage|p2a: Victini|214\/341|[from] Spikes
|
|turn|10
|
|switch|p1a: Tarpaud|Politoed, M|384\/384
|-weather|RainDance
|move|p2a: Victini|U-turn|p1a: Tarpaud
|-damage|p1a: Tarpaud|234\/384
|c|âTom0410|putain mais j'ai pas de chance :p
|c|âBlue Erlade|Il aime les PDR.
|
|switch|p2a: Slowbro|Slowbro, M|394\/394
|-damage|p2a: Slowbro|345\/394|[from] Spikes
|-damage|p2a: Slowbro|296\/394|[from] Stealth Rock
|
|-weather|RainDance|[upkeep]
|turn|11
|
|switch|p1a: Fulguris|Thundurus-Therian, M|300\/300
|move|p2a: Slowbro|Scald|p1a: Fulguris
|-damage|p1a: Fulguris|134\/300
|
|-weather|RainDance|[upkeep]
|turn|12
|
|switch|p2a: Chansey|Chansey, F|75\/704
|-damage|p2a: Chansey|0 fnt|[from] Spikes
|faint|p2a: Chansey
|move|p1a: Fulguris|Thunder|p2: Chansey|[notarget]
|-notarget
|
|-weather|RainDance|[upkeep]
|c| Ysterix|Y'aura un ban de Landorus tu pense tom ?
|c|âTom0410|non
|c|âBlue Erlade|Je sais pas quelle forme serait ban.
|
|switch|p2a: Ferrothorn|Ferrothorn, M|352\/352
|-damage|p2a: Ferrothorn|308\/352|[from] Spikes
|-damage|p2a: Ferrothorn|286\/352|[from] Stealth Rock
|turn|13
|c| Ysterix|Pourtant c'est un cancer vivant ce machin
|
|move|p1a: Fulguris|Hidden Power|p2a: Ferrothorn
|-crit|p2a: Ferrothorn
|-supereffective|p2a: Ferrothorn
|-damage|p2a: Ferrothorn|47\/352
|-damage|p1a: Fulguris|104\/300|[from] item: Life Orb
|move|p2a: Ferrothorn|Gyro Ball|p1a: Fulguris
|-resisted|p1a: Fulguris
|-damage|p1a: Fulguris|0 fnt
|faint|p1a: Fulguris
|
|-weather|RainDance|[upkeep]
|-heal|p2a: Ferrothorn|69\/352|[from] item: Leftovers
|c| Ysterix|PlutÃ´t la totÃ©mique
|
|switch|p1a: Manaphy|Manaphy|342\/342
|turn|14
|
|move|p1a: Manaphy|Surf|p2a: Ferrothorn
|-resisted|p2a: Ferrothorn
|-damage|p2a: Ferrothorn|0 fnt
|-damage|p1a: Manaphy|308\/342|[from] item: Life Orb
|faint|p2a: Ferrothorn
|
|-weather|none
|
|switch|p2a: Scizor|Scizor, F|344\/344
|-damage|p2a: Scizor|301\/344|[from] Stealth Rock
|-damage|p2a: Scizor|258\/344|[from] Spikes
|turn|15
|
|switch|p1a: Muplodocus|Goodra, F|58\/361
|detailschange|p2a: Scizor|Scizor-Mega, F
|message|Scizor has Mega Evolved into Mega Scizor!
|move|p2a: Scizor|Roost|p2a: Scizor
|-heal|p2a: Scizor|344\/344
|
|turn|16
|
|move|p2a: Scizor|Bullet Punch|p1a: Muplodocus
|-damage|p1a: Muplodocus|0 fnt
|faint|p1a: Muplodocus
|
|
|switch|p1a: Leviator|Gyarados, M|332\/332
|-ability|p1a: Leviator|Intimidate|[of] p2a: Scizor
|-unboost|p2a: Scizor|atk|1
|turn|17
|c| Ysterix|oromis, Ã§a te dit un combat de Rain team contre Rain team aprÃ¨s ? :)
|c|âTom0410|saletÃ© de eh :p
|
|move|p1a: Leviator|Dragon Dance|p1a: Leviator
|-boost|p1a: Leviator|atk|1
|-boost|p1a: Leviator|spe|1
|move|p2a: Scizor|Defog|p1a: Leviator
|-unboost|p1a: Leviator|evasion|1
|-sideend|p2: Tom0410|Spikes|[from] move: Defog|[of] p2a: Scizor
|-sideend|p2: Tom0410|Stealth Rock|[from] move: Defog|[of] p2a: Scizor
|
|turn|18
|
|switch|p2a: Slowbro|Slowbro, M|394\/394
|move|p1a: Leviator|Dragon Dance|p1a: Leviator
|-boost|p1a: Leviator|atk|1
|-boost|p1a: Leviator|spe|1
|
|turn|19
|c|âTom0410|j'ai fail
|c|âTom0410|je vais p^tetre le regretter
|c|âTom0410|vas-y joue
|
|detailschange|p1a: Leviator|Gyarados-Mega, M
|message|Gyarados has Mega Evolved into Mega Gyarados!
|-ability|p1a: Leviator|Mold Breaker
|move|p1a: Leviator|Waterfall|p2a: Slowbro
|-resisted|p2a: Slowbro
|-damage|p2a: Slowbro|291\/394
|-damage|p1a: Leviator|277\/332|[from] item: Rocky Helmet|[of] p2a: Slowbro
|move|p2a: Slowbro|Thunder Wave|p1a: Leviator
|-status|p1a: Leviator|par
|
|turn|20
|c|âTom0410|ah bah non
|c|âTom0410|nikel
|
|move|p1a: Leviator|Waterfall|p2a: Slowbro
|-resisted|p2a: Slowbro
|-damage|p2a: Slowbro|198\/394
|-damage|p1a: Leviator|222\/332 par|[from] item: Rocky Helmet|[of] p2a: Slowbro
|move|p2a: Slowbro|Scald|p1a: Leviator
|-resisted|p1a: Leviator
|-damage|p1a: Leviator|183\/332 par
|
|turn|21
|
|move|p1a: Leviator|Waterfall|p2a: Slowbro
|-resisted|p2a: Slowbro
|-damage|p2a: Slowbro|101\/394
|-damage|p1a: Leviator|128\/332 par|[from] item: Rocky Helmet|[of] p2a: Slowbro
|move|p2a: Slowbro|Slack Off|p2a: Slowbro
|-heal|p2a: Slowbro|298\/394
|
|turn|22
|c| Ysterix|Pas de crunch ?
|
|switch|p1a: Manaphy|Manaphy|308\/342
|move|p2a: Slowbro|Scald|p1a: Manaphy
|-resisted|p1a: Manaphy
|-damage|p1a: Manaphy|262\/342
|
|turn|23
|c|âTom0410|gyara n'apprend pas crunch
|c|âBlue Erlade|Non.
|c|âTom0410|!gyara learn crunch
|c| Ysterix|Marrant, j'ai toujours cru
|c|âBlue Erlade|Ah.
|
|move|p1a: Manaphy|Tail Glow|p1a: Manaphy
|-boost|p1a: Manaphy|spa|3
|move|p2a: Slowbro|Thunder Wave|p1a: Manaphy
|-status|p1a: Manaphy|par
|
|turn|24
|
|switch|p2a: Scizor|Scizor-Mega, F|344\/344
|move|p1a: Manaphy|Tail Glow|p1a: Manaphy
|-boost|p1a: Manaphy|spa|3
|
|turn|25
|c| Ysterix|victini achÃ¨ve tout le monde lÃ  non ?
|
|move|p2a: Scizor|Knock Off|p1a: Manaphy
|-damage|p1a: Manaphy|161\/342 par
|-enditem|p1a: Manaphy|Life Orb|[from] move: Knock Off|[of] p2a: Scizor
|cant|p1a: Manaphy|par
|
|turn|26
|c|âBlue Erlade|Sans doute.
|c|âTom0410|gengar surtout
|c|âTom0410|cette balanced est vraiment bonne
|
|move|p2a: Scizor|Knock Off|p1a: Manaphy
|-damage|p1a: Manaphy|92\/342 par
|move|p1a: Manaphy|Surf|p2a: Scizor
|-damage|p2a: Scizor|0 fnt
|faint|p2a: Scizor
|
|c|âBlue Erlade|Oh la praprlysie qui sauvÃ© Cisayox.
|
|switch|p2a: Gengar|Gengar, M|246\/262
|turn|27
|c|âTom0410|osef de lui
|c|âTom0410|je l'ai mis la pour que tu le butes
|
|move|p2a: Gengar|Substitute|p2a: Gengar
|-start|p2a: Gengar|Substitute
|-damage|p2a: Gengar|181\/262
|cant|p1a: Manaphy|par
|
|-heal|p2a: Gengar|197\/262|[from] item: Black Sludge
|turn|28
|c|âTom0410|ah ah ah :dÃ©monique:
|c|âBlue Erlade|**Pan**
|
|move|p2a: Gengar|Sludge Bomb|p1a: Manaphy
|-damage|p1a: Manaphy|0 fnt
|faint|p1a: Manaphy
|
|-heal|p2a: Gengar|213\/262|[from] item: Black Sludge
|
|switch|p1a: Leviator|Gyarados-Mega, M|128\/332 par
|-ability|p1a: Leviator|Mold Breaker
|turn|29
|
|move|p2a: Gengar|Sludge Bomb|p1a: Leviator
|-damage|p1a: Leviator|0 fnt
|faint|p1a: Leviator
|
|-heal|p2a: Gengar|229\/262|[from] item: Black Sludge
|
|switch|p1a: Tarpaud|Politoed, M|234\/384
|-weather|RainDance
|turn|30
|c|âTom0410|Gengar a beaucoup gagnÃ© en XY quand mÃªme
|c|âTom0410|avec WoW + hex
|c|âTom0410|!data Hex
|c|~|\/data-move Hex

|
|move|p2a: Gengar|Sludge Bomb|p1a: Tarpaud
|-crit|p1a: Tarpaud
|-damage|p1a: Tarpaud|0 fnt
|faint|p1a: Tarpaud
|
|win|Tom0410
|c|âBlue Erlade|Avec le type fÃ©e quoi.
|c|âBlue Erlade|GG
|c|âTom0410|hex + wow c'est cheat
|c|âTom0410|avec sub et sludge bomb
|c|âTom0410|en plus en balanced
|c|âTom0410|avec mes para :bave:
|c| Ysterix|Hex je suis pas fan
|c|âTom0410|c'est very good
|c|âBlue Erlade|Donc pourquoi tu n'es pas venu dans la tour au juste ?
|c| Ysterix|Mais Ã§a se combine bien avec ton Ã©quipe 
|c|âBlue Erlade|???
|c|âTom0410|parce que dragonit et TDG sont des randoms
|c|âTom0410|et que c'est sur cartouche