|join|Kirbles
|join|Blue Erlade
|player|p1|Kirbles|89
|player|p2|Blue Erlade|290
|gametype|singles
|gen|6
|tier|OU
|rated
|clearpoke
|poke|p1|Slowbro, F
|poke|p1|Celebi
|poke|p1|Sableye, F
|poke|p1|Heatran, F
|poke|p1|Porygon2
|poke|p1|Avalugg, M
|poke|p2|Metagross
|poke|p2|Thundurus, M
|poke|p2|Magnezone
|poke|p2|Latias, F
|poke|p2|Breloom, F
|poke|p2|Azumarill, M
|rule|Swagger Clause: Swagger is banned
|rule|Baton Pass Clause: Limit one PokÃ©mon knowing Baton Pass
|rule|Sleep Clause Mod: Limit one foe put to sleep
|rule|Species Clause: Limit one of each PokÃ©mon
|rule|OHKO Clause: OHKO moves are banned
|rule|Moody Clause: Moody is banned
|rule|Evasion Moves Clause: Evasion moves are banned
|rule|Endless Battle Clause: Forcing endless battles is banned
|rule|HP Percentage Mod: HP is shown in percentages
|teampreview
|
|start
|switch|p1a: Celebi|Celebi|404\/404
|switch|p2a: Thundurus|Thundurus, M|299\/299
|turn|1
|
|move|p2a: Thundurus|Thunder Wave|p1a: Celebi
|-status|p1a: Celebi|par
|move|p1a: Celebi|Stealth Rock|p2a: Thundurus
|-sidestart|p2: Blue Erlade|move: Stealth Rock
|
|turn|2
|
|switch|p1a: Porygon2|Porygon2|374\/374
|-ability|p1a: Porygon2|Prankster|[from] ability: Trace|[of] p2a: Thundurus
|move|p2a: Thundurus|Nasty Plot|p2a: Thundurus
|-boost|p2a: Thundurus|spa|2
|
|turn|3
|
|move|p2a: Thundurus|Thunderbolt|p1a: Porygon2
|-damage|p1a: Porygon2|175\/374
|-damage|p2a: Thundurus|270\/299|[from] item: Life Orb
|move|p1a: Porygon2|Ice Beam|p2a: Thundurus
|-supereffective|p2a: Thundurus
|-damage|p2a: Thundurus|96\/299
|
|turn|4
|
|move|p1a: Porygon2|Recover|p1a: Porygon2
|-heal|p1a: Porygon2|362\/374
|move|p2a: Thundurus|Thunderbolt|p1a: Porygon2
|-damage|p1a: Porygon2|167\/374
|-status|p1a: Porygon2|par
|-damage|p2a: Thundurus|67\/299|[from] item: Life Orb
|
|turn|5
|
|move|p1a: Porygon2|Recover|p1a: Porygon2
|-heal|p1a: Porygon2|354\/374 par
|move|p2a: Thundurus|Thunderbolt|p1a: Porygon2
|-damage|p1a: Porygon2|140\/374 par
|-damage|p2a: Thundurus|38\/299|[from] item: Life Orb
|
|turn|6
|
|move|p1a: Porygon2|Recover|p1a: Porygon2
|-heal|p1a: Porygon2|327\/374 par
|move|p2a: Thundurus|Thunderbolt|p1a: Porygon2
|-damage|p1a: Porygon2|139\/374 par
|-damage|p2a: Thundurus|9\/299|[from] item: Life Orb
|
|turn|7
|
|move|p1a: Porygon2|Recover|p1a: Porygon2
|-heal|p1a: Porygon2|326\/374 par
|move|p2a: Thundurus|Thunderbolt|p1a: Porygon2
|-crit|p1a: Porygon2
|-damage|p1a: Porygon2|37\/374 par
|-damage|p2a: Thundurus|0 fnt|[from] item: Life Orb
|faint|p2a: Thundurus
|
|
|switch|p2a: Breloom|Breloom, F|262\/262
|-damage|p2a: Breloom|246\/262|[from] Stealth Rock
|turn|8
|
|switch|p1a: Sableye|Sableye, F|304\/304
|move|p2a: Breloom|Spore|p1a: Sableye
|-status|p1a: Sableye|slp
|
|turn|9
|
|cant|p1a: Sableye|slp
|move|p2a: Breloom|Swords Dance|p2a: Breloom
|-boost|p2a: Breloom|atk|2
|
|turn|10
|
|-curestatus|p1a: Sableye|slp
|move|p1a: Sableye|Will-O-Wisp|p2a: Breloom
|-status|p2a: Breloom|brn
|move|p2a: Breloom|Bullet Seed|p1a: Sableye
|-damage|p1a: Sableye|234\/304
|-crit|p1a: Sableye
|-damage|p1a: Sableye|131\/304
|-damage|p1a: Sableye|64\/304
|-damage|p1a: Sableye|1\/304
|-hitcount|p1a: Sableye|4
|
|-heal|p1a: Sableye|20\/304|[from] item: Leftovers
|-damage|p2a: Breloom|214\/262 brn|[from] brn
|turn|11
|
|switch|p1a: Celebi|Celebi|404\/404
|move|p2a: Breloom|Swords Dance|p2a: Breloom
|-boost|p2a: Breloom|atk|2
|
|-damage|p2a: Breloom|182\/262 brn|[from] brn
|turn|12
|
|switch|p2a: Magnezone|Magnezone|344\/344
|-damage|p2a: Magnezone|323\/344|[from] Stealth Rock
|move|p1a: Celebi|Heal Bell|p1a: Celebi
|-cureteam|p1a: Celebi|[from] move: HealBell
|
|turn|13
|
|switch|p1a: Heatran|Heatran, F|386\/386
|move|p2a: Magnezone|Flash Cannon|p1a: Heatran
|-resisted|p1a: Heatran
|-damage|p1a: Heatran|349\/386
|
|-heal|p1a: Heatran|373\/386|[from] item: Leftovers
|turn|14
|
|switch|p2a: Azumarill|Azumarill, M|404\/404
|-damage|p2a: Azumarill|354\/404|[from] Stealth Rock
|move|p1a: Heatran|Lava Plume|p2a: Azumarill
|-resisted|p2a: Azumarill
|-damage|p2a: Azumarill|309\/404
|
|-heal|p1a: Heatran|386\/386|[from] item: Leftovers
|turn|15
|
|switch|p1a: Slowbro|Slowbro, F|394\/394
|move|p2a: Azumarill|Play Rough|p1a: Slowbro|[miss]
|-miss|p2a: Azumarill|p1a: Slowbro
|
|turn|16
|
|switch|p2a: Breloom|Breloom, F|182\/262 brn
|-damage|p2a: Breloom|166\/262 brn|[from] Stealth Rock
|move|p1a: Slowbro|Toxic|p2a: Breloom|[miss]
|-miss|p1a: Slowbro|p2a: Breloom
|
|-damage|p2a: Breloom|134\/262 brn|[from] brn
|turn|17
|
|switch|p2a: Terminator|Metagross|302\/302
|-damage|p2a: Terminator|284\/302|[from] Stealth Rock
|switch|p1a: Celebi|Celebi|404\/404
|
|turn|18
|
|switch|p2a: Latias|Latias, F|302\/302
|-damage|p2a: Latias|265\/302|[from] Stealth Rock
|switch|p1a: Slowbro|Slowbro, F|394\/394
|
|turn|19
|
|switch|p1a: Heatran|Heatran, F|386\/386
|move|p2a: Latias|Draco Meteor|p1a: Heatran
|-resisted|p1a: Heatran
|-damage|p1a: Heatran|286\/386
|-unboost|p2a: Latias|spa|2
|-damage|p2a: Latias|235\/302|[from] item: Life Orb
|
|-heal|p1a: Heatran|310\/386|[from] item: Leftovers
|turn|20
|
|switch|p2a: Breloom|Breloom, F|134\/262 brn
|-damage|p2a: Breloom|118\/262 brn|[from] Stealth Rock
|move|p1a: Heatran|Toxic|p2a: Breloom
|-fail|p2a: Breloom
|
|-heal|p1a: Heatran|334\/386|[from] item: Leftovers
|-damage|p2a: Breloom|86\/262 brn|[from] brn
|turn|21
|
|move|p1a: Heatran|Protect|p1a: Heatran
|-singleturn|p1a: Heatran|Protect
|move|p2a: Breloom|Mach Punch|p1a: Heatran
|-activate|p1a: Heatran|Protect
|
|-heal|p1a: Heatran|358\/386|[from] item: Leftovers
|-damage|p2a: Breloom|54\/262 brn|[from] brn
|turn|22
|
|move|p2a: Breloom|Spore|p1a: Heatran
|-status|p1a: Heatran|slp
|cant|p1a: Heatran|slp
|
|-heal|p1a: Heatran|382\/386 slp|[from] item: Leftovers
|-damage|p2a: Breloom|22\/262 brn|[from] brn
|turn|23
|
|move|p2a: Breloom|Mach Punch|p1a: Heatran
|-supereffective|p1a: Heatran
|-damage|p1a: Heatran|268\/386 slp
|cant|p1a: Heatran|slp
|
|-heal|p1a: Heatran|292\/386 slp|[from] item: Leftovers
|-damage|p2a: Breloom|0 fnt|[from] brn
|faint|p2a: Breloom
|
|switch|p2a: Terminator|Metagross|284\/302
|-damage|p2a: Terminator|266\/302|[from] Stealth Rock
|turn|24
|
|switch|p1a: Slowbro|Slowbro, F|394\/394
|detailschange|p2a: Terminator|Metagross-Mega
|message|Metagross has Mega Evolved into Mega Metagross!
|move|p2a: Terminator|Earthquake|p1a: Slowbro
|-damage|p1a: Slowbro|299\/394
|
|turn|25
|
|detailschange|p1a: Slowbro|Slowbro-Mega, F
|message|Slowbro has Mega Evolved into Mega Slowbro!
|move|p2a: Terminator|Meteor Mash|p1a: Slowbro
|-resisted|p1a: Slowbro
|-damage|p1a: Slowbro|246\/394
|move|p1a: Slowbro|Scald|p2a: Terminator
|-damage|p2a: Terminator|158\/302
|
|turn|26
|
|switch|p2a: Magnezone|Magnezone|323\/344
|-damage|p2a: Magnezone|302\/344|[from] Stealth Rock
|move|p1a: Slowbro|Scald|p2a: Magnezone
|-crit|p2a: Magnezone
|-damage|p2a: Magnezone|124\/344
|-status|p2a: Magnezone|brn
|
|-damage|p2a: Magnezone|81\/344 brn|[from] brn
|turn|27
|
|switch|p1a: Celebi|Celebi|404\/404
|move|p2a: Magnezone|Volt Switch|p1a: Celebi
|-resisted|p1a: Celebi
|-damage|p1a: Celebi|326\/404
|
|switch|p2a: Latias|Latias, F|235\/302
|-damage|p2a: Latias|198\/302|[from] Stealth Rock
|
|-heal|p1a: Celebi|351\/404|[from] item: Leftovers
|turn|28
|
|move|p2a: Latias|Draco Meteor|p1a: Celebi
|-crit|p1a: Celebi
|-damage|p1a: Celebi|85\/404
|-unboost|p2a: Latias|spa|2
|-damage|p2a: Latias|168\/302|[from] item: Life Orb
|move|p1a: Celebi|Recover|p1a: Celebi
|-heal|p1a: Celebi|287\/404
|
|-heal|p1a: Celebi|312\/404|[from] item: Leftovers
|turn|29
|
|move|p2a: Latias|Healing Wish|p2a: Latias
|faint|p2a: Latias
|move|p1a: Celebi|Leaf Storm|p2: Latias|[notarget]
|-notarget
|
|-heal|p1a: Celebi|337\/404|[from] item: Leftovers
|
|switch|p2a: Magnezone|Magnezone|81\/344 brn
|-heal|p2a: Magnezone|344\/344|[from] move: Healing Wish
|-damage|p2a: Magnezone|323\/344|[from] Stealth Rock
|turn|30
|
|move|p1a: Celebi|Heal Bell|p1a: Celebi
|-cureteam|p1a: Celebi|[from] move: HealBell
|move|p2a: Magnezone|Flash Cannon|p1a: Celebi
|-damage|p1a: Celebi|162\/404
|-unboost|p1a: Celebi|spd|1
|
|-heal|p1a: Celebi|187\/404|[from] item: Leftovers
|turn|31
|
|switch|p1a: Heatran|Heatran, F|292\/386
|switch|p2a: Terminator|Metagross-Mega|158\/302
|-damage|p2a: Terminator|140\/302|[from] Stealth Rock
|
|-heal|p1a: Heatran|316\/386|[from] item: Leftovers
|turn|32
|
|move|p1a: Heatran|Protect|p1a: Heatran
|-singleturn|p1a: Heatran|Protect
|move|p2a: Terminator|Meteor Mash|p1a: Heatran
|-activate|p1a: Heatran|Protect
|
|-heal|p1a: Heatran|340\/386|[from] item: Leftovers
|turn|33
|
|switch|p1a: Slowbro|Slowbro-Mega, F|246\/394
|move|p2a: Terminator|Earthquake|p1a: Slowbro
|-damage|p1a: Slowbro|184\/394
|
|turn|34
|
|move|p2a: Terminator|Meteor Mash|p1a: Slowbro
|-resisted|p1a: Slowbro
|-damage|p1a: Slowbro|125\/394
|move|p1a: Slowbro|Slack Off|p1a: Slowbro
|-heal|p1a: Slowbro|322\/394
|
|turn|35
|
|switch|p2a: Magnezone|Magnezone|323\/344
|-damage|p2a: Magnezone|302\/344|[from] Stealth Rock
|move|p1a: Slowbro|Scald|p2a: Magnezone
|-crit|p2a: Magnezone
|-damage|p2a: Magnezone|107\/344
|
|turn|36
|
|switch|p1a: Celebi|Celebi|187\/404
|move|p2a: Magnezone|Thunderbolt|p1a: Celebi
|-resisted|p1a: Celebi
|-damage|p1a: Celebi|93\/404
|
|-heal|p1a: Celebi|118\/404|[from] item: Leftovers
|turn|37
|
|move|p1a: Celebi|Recover|p1a: Celebi
|-heal|p1a: Celebi|320\/404
|move|p2a: Magnezone|Thunderbolt|p1a: Celebi
|-resisted|p1a: Celebi
|-damage|p1a: Celebi|222\/404
|-status|p1a: Celebi|par
|
|-heal|p1a: Celebi|247\/404 par|[from] item: Leftovers
|turn|38
|-message|Blue Erlade forfeited.
|
|win|Kirbles
|raw|Ladder updating...
|leave|Blue Erlade
|player|p2
|raw|Kirbles's rating: 1358 &rarr; <strong>1381<\/strong><br \/>(+23 for winning)
|raw|Blue Erlade's rating: 1398 &rarr; <strong>1376<\/strong><br \/>(-22 for losing)