|join|Zanarkandd
|join|Blue Erlade
|player|p1|Zanarkandd|66
|player|p2|Blue Erlade|99
|gametype|singles
|gen|6
|tier|OU
|rated
|clearpoke
|poke|p1|Latias, F
|poke|p1|Heatran, M
|poke|p1|Rotom-Wash
|poke|p1|Chesnaught, F
|poke|p1|Scizor, F
|poke|p1|Gyarados, M
|poke|p2|Lopunny, M
|poke|p2|Victini
|poke|p2|Rotom-Wash
|poke|p2|Latias, F
|poke|p2|Clefable, F
|poke|p2|Ferrothorn, F
|rule|Swagger Clause: Swagger is banned
|rule|Baton Pass Clause: Limit one PokÃ©mon knowing Baton Pass
|rule|Sleep Clause Mod: Limit one foe put to sleep
|rule|Species Clause: Limit one of each PokÃ©mon
|rule|OHKO Clause: OHKO moves are banned
|rule|Moody Clause: Moody is banned
|rule|Evasion Moves Clause: Evasion moves are banned
|rule|Endless Battle Clause: Forcing endless battles is banned
|rule|HP Percentage Mod: HP is shown in percentages
|teampreview
|
|start
|switch|p1a: Rotom-Wash|Rotom-Wash|304\/304
|switch|p2a: Victini|Victini|341\/341
|turn|1
|
|move|p2a: Victini|U-turn|p1a: Rotom-Wash
|-damage|p1a: Rotom-Wash|231\/304
|
|switch|p2a: Ferrothorn|Ferrothorn, F|352\/352
|move|p1a: Rotom-Wash|Volt Switch|p2a: Ferrothorn
|-resisted|p2a: Ferrothorn
|-damage|p2a: Ferrothorn|322\/352
|join|Risky Chance
|leave|Risky Chance
|
|switch|p1a: Heatran|Heatran, M|386\/386
|
|turn|2
|
|switch|p2a: Milady|Lopunny, M|271\/271
|move|p1a: Heatran|Lava Plume|p2a: Milady
|-damage|p2a: Milady|154\/271
|
|turn|3
|
|switch|p1a: Gyarados|Gyarados, M|353\/353
|-ability|p1a: Gyarados|Intimidate|[of] p2a: Milady
|-unboost|p2a: Milady|atk|1
|detailschange|p2a: Milady|Lopunny-Mega, M
|-mega|p2a: Milady|Lopunny|Lopunnite
|move|p2a: Milady|High Jump Kick|p1a: Gyarados
|-resisted|p1a: Gyarados
|-damage|p1a: Gyarados|245\/353
|
|-heal|p1a: Gyarados|267\/353|[from] item: Leftovers
|turn|4
|
|switch|p2a: Rotom-Wash|Rotom-Wash|303\/303
|switch|p1a: Chesnaught|Chesnaught, F|380\/380
|
|turn|5
|
|switch|p1a: Heatran|Heatran, M|386\/386
|move|p2a: Rotom-Wash|Will-O-Wisp|p1a: Heatran
|-start|p1a: Heatran|ability: Flash Fire
|
|turn|6
|
|move|p2a: Rotom-Wash|Hydro Pump|p1a: Heatran|[miss]
|-miss|p2a: Rotom-Wash|p1a: Heatran
|move|p1a: Heatran|Lava Plume|p2a: Rotom-Wash
|-resisted|p2a: Rotom-Wash
|-damage|p2a: Rotom-Wash|215\/303
|
|-heal|p2a: Rotom-Wash|233\/303|[from] item: Leftovers
|turn|7
|
|move|p2a: Rotom-Wash|Hydro Pump|p1a: Heatran
|-supereffective|p1a: Heatran
|-damage|p1a: Heatran|210\/386
|move|p1a: Heatran|Stealth Rock|p2a: Rotom-Wash
|-sidestart|p2: Blue Erlade|move: Stealth Rock
|
|-heal|p2a: Rotom-Wash|251\/303|[from] item: Leftovers
|-heal|p1a: Heatran|234\/386|[from] item: Leftovers
|turn|8
|
|switch|p1a: Rotom-Wash|Rotom-Wash|231\/304
|move|p2a: Rotom-Wash|Hydro Pump|p1a: Rotom-Wash
|-resisted|p1a: Rotom-Wash
|-damage|p1a: Rotom-Wash|182\/304
|
|-heal|p2a: Rotom-Wash|269\/303|[from] item: Leftovers
|-heal|p1a: Rotom-Wash|201\/304|[from] item: Leftovers
|turn|9
|
|move|p2a: Rotom-Wash|Volt Switch|p1a: Rotom-Wash
|-damage|p1a: Rotom-Wash|140\/304
|
|switch|p2a: Victini|Victini|341\/341
|-damage|p2a: Victini|256\/341|[from] Stealth Rock
|move|p1a: Rotom-Wash|Will-O-Wisp|p2a: Victini
|-fail|p2a: Victini
|
|-heal|p1a: Rotom-Wash|159\/304|[from] item: Leftovers
|turn|10
|
|move|p2a: Victini|Bolt Strike|p1a: Rotom-Wash
|-damage|p1a: Rotom-Wash|30\/304
|move|p1a: Rotom-Wash|Pain Split|p2a: Victini
|-sethp|p2a: Victini|143\/341|p1a: Rotom-Wash|143\/304|[from] move: Pain Split
|
|-heal|p1a: Rotom-Wash|162\/304|[from] item: Leftovers
|turn|11
|
|move|p2a: Victini|Bolt Strike|p1a: Rotom-Wash
|-damage|p1a: Rotom-Wash|33\/304
|move|p1a: Rotom-Wash|Volt Switch|p2a: Victini
|-damage|p2a: Victini|59\/341
|
|switch|p1a: Scizor|Scizor, F|343\/343
|
|turn|12
|
|switch|p2a: Ferrothorn|Ferrothorn, F|322\/352
|-damage|p2a: Ferrothorn|300\/352|[from] Stealth Rock
|move|p1a: Scizor|Bullet Punch|p2a: Ferrothorn
|-resisted|p2a: Ferrothorn
|-damage|p2a: Ferrothorn|240\/352
|-damage|p1a: Scizor|301\/343|[from] ability: Iron Barbs|[of] p2a: Ferrothorn
|
|turn|13
|
|switch|p1a: Rotom-Wash|Rotom-Wash|33\/304
|move|p2a: Ferrothorn|Stealth Rock|p1a: Rotom-Wash
|-sidestart|p1: Zanarkandd|move: Stealth Rock
|
|-heal|p1a: Rotom-Wash|52\/304|[from] item: Leftovers
|turn|14
|
|move|p1a: Rotom-Wash|Pain Split|p2a: Ferrothorn
|-sethp|p2a: Ferrothorn|146\/352|p1a: Rotom-Wash|146\/304|[from] move: Pain Split
|move|p2a: Ferrothorn|Leech Seed|p1a: Rotom-Wash
|-start|p1a: Rotom-Wash|move: Leech Seed
|
|-heal|p1a: Rotom-Wash|165\/304|[from] item: Leftovers
|-damage|p1a: Rotom-Wash|127\/304|[from] Leech Seed|[of] p2a: Ferrothorn
|-heal|p2a: Ferrothorn|184\/352|[silent]
|turn|15
|
|switch|p2a: Latias|Latias, F|302\/302
|-damage|p2a: Latias|265\/302|[from] Stealth Rock
|move|p1a: Rotom-Wash|Volt Switch|p2a: Latias
|-resisted|p2a: Latias
|-damage|p2a: Latias|233\/302
|
|switch|p1a: Scizor|Scizor, F|301\/343
|-damage|p1a: Scizor|259\/343|[from] Stealth Rock
|
|turn|16
|
|switch|p2a: Clefable|Clefable, F|394\/394
|move|p1a: Scizor|U-turn|p2a: Clefable
|-resisted|p2a: Clefable
|-damage|p2a: Clefable|304\/394
|
|switch|p1a: Heatran|Heatran, M|234\/386
|-damage|p1a: Heatran|186\/386|[from] Stealth Rock
|
|-heal|p1a: Heatran|210\/386|[from] item: Leftovers
|turn|17
|
|move|p1a: Heatran|Taunt|p2a: Clefable
|-start|p2a: Clefable|move: Taunt
|cant|p2a: Clefable|move: Taunt|Thunder Wave
|
|-heal|p1a: Heatran|234\/386|[from] item: Leftovers
|turn|18
|
|switch|p1a: Scizor|Scizor, F|259\/343
|-damage|p1a: Scizor|217\/343|[from] Stealth Rock
|switch|p2a: Latias|Latias, F|233\/302
|-damage|p2a: Latias|196\/302|[from] Stealth Rock
|
|turn|19
|
|move|p2a: Latias|Healing Wish|p2a: Latias
|faint|p2a: Latias
|move|p1a: Scizor|U-turn|p2: Latias|[notarget]
|-notarget
|
|
|switch|p2a: Victini|Victini|59\/341
|-heal|p2a: Victini|341\/341|[from] move: Healing Wish
|-damage|p2a: Victini|256\/341|[from] Stealth Rock
|turn|20
|
|switch|p1a: Gyarados|Gyarados, M|267\/353
|-damage|p1a: Gyarados|179\/353|[from] Stealth Rock
|-ability|p1a: Gyarados|Intimidate|[of] p2a: Victini
|-unboost|p2a: Victini|atk|1
|move|p2a: Victini|Trick|p1a: Gyarados
|-activate|p2a: Victini|move: Trick|[of] p1a: Gyarados
|-item|p1a: Gyarados|Choice Scarf|[from] move: Trick
|-item|p2a: Victini|Leftovers|[from] move: Trick
|
|-heal|p2a: Victini|277\/341|[from] item: Leftovers
|turn|21
|
|switch|p1a: Chesnaught|Chesnaught, F|380\/380
|-damage|p1a: Chesnaught|357\/380|[from] Stealth Rock
|move|p2a: Victini|Bolt Strike|p1a: Chesnaught
|-resisted|p1a: Chesnaught
|-damage|p1a: Chesnaught|325\/380
|-status|p1a: Chesnaught|par
|
|-heal|p2a: Victini|298\/341|[from] item: Leftovers
|-heal|p1a: Chesnaught|348\/380 par|[from] item: Leftovers
|turn|22
|
|cant|p1a: Chesnaught|par
|move|p2a: Victini|U-turn|p1a: Chesnaught
|-damage|p1a: Chesnaught|314\/380 par
|
|switch|p2a: Clefable|Clefable, F|304\/394
|
|-heal|p1a: Chesnaught|337\/380 par|[from] item: Leftovers
|turn|23
|
|switch|p2a: Milady|Lopunny-Mega, M|154\/271
|-damage|p2a: Milady|138\/271|[from] Stealth Rock
|switch|p1a: Heatran|Heatran, M|234\/386
|-damage|p1a: Heatran|186\/386|[from] Stealth Rock
|
|-heal|p1a: Heatran|210\/386|[from] item: Leftovers
|turn|24
|
|switch|p1a: Chesnaught|Chesnaught, F|337\/380 par
|-damage|p1a: Chesnaught|314\/380 par|[from] Stealth Rock
|move|p2a: Milady|High Jump Kick|p1a: Chesnaught
|-damage|p1a: Chesnaught|152\/380 par
|
|-heal|p1a: Chesnaught|175\/380 par|[from] item: Leftovers
|turn|25
|
|move|p2a: Milady|Ice Punch|p1a: Chesnaught
|-supereffective|p1a: Chesnaught
|-damage|p1a: Chesnaught|41\/380 par
|move|p1a: Chesnaught|Drain Punch|p2a: Milady
|-supereffective|p2a: Milady
|-damage|p2a: Milady|0 fnt
|-heal|p1a: Chesnaught|110\/380 par|[from] drain|[of] p2a: Milady
|faint|p2a: Milady
|
|-heal|p1a: Chesnaught|133\/380 par|[from] item: Leftovers
|
|switch|p2a: Victini|Victini|298\/341
|-damage|p2a: Victini|213\/341|[from] Stealth Rock
|turn|26
|
|move|p2a: Victini|Bolt Strike|p1a: Chesnaught
|-resisted|p1a: Chesnaught
|-damage|p1a: Chesnaught|92\/380 par
|move|p1a: Chesnaught|Drain Punch|p2a: Victini
|-resisted|p2a: Victini
|-damage|p2a: Victini|169\/341
|-heal|p1a: Chesnaught|114\/380 par|[from] drain|[of] p2a: Victini
|
|-heal|p2a: Victini|190\/341|[from] item: Leftovers
|-heal|p1a: Chesnaught|137\/380 par|[from] item: Leftovers
|turn|27
|
|cant|p1a: Chesnaught|par
|move|p2a: Victini|V-create|p1a: Chesnaught
|-supereffective|p1a: Chesnaught
|-damage|p1a: Chesnaught|0 fnt
|-unboost|p2a: Victini|def|1
|-unboost|p2a: Victini|spd|1
|-unboost|p2a: Victini|spe|1
|faint|p1a: Chesnaught
|
|-heal|p2a: Victini|211\/341|[from] item: Leftovers
|
|switch|p1a: Latias|Latias, F|364\/364
|-damage|p1a: Latias|319\/364|[from] Stealth Rock
|turn|28
|
|switch|p1a: Heatran|Heatran, M|210\/386
|-damage|p1a: Heatran|162\/386|[from] Stealth Rock
|switch|p2a: Clefable|Clefable, F|304\/394
|
|-heal|p1a: Heatran|186\/386|[from] item: Leftovers
|turn|29
|
|move|p1a: Heatran|Lava Plume|p2a: Clefable
|-damage|p2a: Clefable|163\/394
|move|p2a: Clefable|Thunder Wave|p1a: Heatran
|-status|p1a: Heatran|par
|
|-heal|p1a: Heatran|210\/386 par|[from] item: Leftovers
|turn|30
|
|move|p2a: Clefable|Soft-Boiled|p2a: Clefable
|-heal|p2a: Clefable|360\/394
|move|p1a: Heatran|Taunt|p2a: Clefable
|-start|p2a: Clefable|move: Taunt
|
|-heal|p1a: Heatran|234\/386 par|[from] item: Leftovers
|turn|31
|
|switch|p2a: Rotom-Wash|Rotom-Wash|269\/303
|-damage|p2a: Rotom-Wash|232\/303|[from] Stealth Rock
|switch|p1a: Latias|Latias, F|319\/364
|-damage|p1a: Latias|274\/364|[from] Stealth Rock
|
|-heal|p2a: Rotom-Wash|250\/303|[from] item: Leftovers
|turn|32
|
|switch|p2a: Ferrothorn|Ferrothorn, F|184\/352
|-damage|p2a: Ferrothorn|162\/352|[from] Stealth Rock
|detailschange|p1a: Latias|Latias-Mega, F
|-mega|p1a: Latias|Latias|Latiasite
|move|p1a: Latias|Substitute|p1a: Latias
|-start|p1a: Latias|Substitute
|-damage|p1a: Latias|183\/364
|
|turn|33
|
|move|p1a: Latias|Calm Mind|p1a: Latias
|-boost|p1a: Latias|spa|1
|-boost|p1a: Latias|spd|1
|move|p2a: Ferrothorn|Gyro Ball|p1a: Latias
|-end|p1a: Latias|Substitute
|
|turn|34
|
|move|p1a: Latias|Roost|p1a: Latias
|-heal|p1a: Latias|364\/364
|move|p2a: Ferrothorn|Gyro Ball|p1a: Latias
|-damage|p1a: Latias|241\/364
|
|turn|35
|
|move|p1a: Latias|Calm Mind|p1a: Latias
|-boost|p1a: Latias|spa|1
|-boost|p1a: Latias|spd|1
|move|p2a: Ferrothorn|Thunder Wave|p1a: Latias
|-status|p1a: Latias|par
|
|turn|36
|
|move|p1a: Latias|Roost|p1a: Latias
|-heal|p1a: Latias|364\/364 par
|move|p2a: Ferrothorn|Gyro Ball|p1a: Latias
|-damage|p1a: Latias|325\/364 par
|
|turn|37
|
|cant|p1a: Latias|par
|move|p2a: Ferrothorn|Leech Seed|p1a: Latias
|-start|p1a: Latias|move: Leech Seed
|
|-damage|p1a: Latias|280\/364 par|[from] Leech Seed|[of] p2a: Ferrothorn
|-heal|p2a: Ferrothorn|207\/352|[silent]
|turn|38
|
|switch|p2a: Victini|Victini|211\/341
|-damage|p2a: Victini|126\/341|[from] Stealth Rock
|move|p1a: Latias|Calm Mind|p1a: Latias
|-boost|p1a: Latias|spa|1
|-boost|p1a: Latias|spd|1
|
|-heal|p2a: Victini|147\/341|[from] item: Leftovers
|-damage|p1a: Latias|235\/364 par|[from] Leech Seed|[of] p2a: Victini
|-heal|p2a: Victini|192\/341|[silent]
|turn|39
|
|move|p2a: Victini|U-turn|p1a: Latias
|-supereffective|p1a: Latias
|-damage|p1a: Latias|121\/364 par
|
|switch|p2a: Clefable|Clefable, F|360\/394
|move|p1a: Latias|Stored Power|p2a: Clefable
|-damage|p2a: Clefable|0 fnt
|faint|p2a: Clefable
|
|
|switch|p2a: Victini|Victini|192\/341
|-damage|p2a: Victini|107\/341|[from] Stealth Rock
|turn|40
|
|move|p2a: Victini|U-turn|p1a: Latias
|-supereffective|p1a: Latias
|-damage|p1a: Latias|15\/364 par
|
|switch|p2a: Ferrothorn|Ferrothorn, F|207\/352
|-damage|p2a: Ferrothorn|185\/352|[from] Stealth Rock
|move|p1a: Latias|Roost|p1a: Latias
|-heal|p1a: Latias|197\/364 par
|
|-damage|p1a: Latias|152\/364 par|[from] Leech Seed|[of] p2a: Ferrothorn
|-heal|p2a: Ferrothorn|230\/352|[silent]
|turn|41
|
|move|p1a: Latias|Roost|p1a: Latias
|-heal|p1a: Latias|334\/364 par
|move|p2a: Ferrothorn|Gyro Ball|p1a: Latias
|-damage|p1a: Latias|292\/364 par
|
|-damage|p1a: Latias|247\/364 par|[from] Leech Seed|[of] p2a: Ferrothorn
|-heal|p2a: Ferrothorn|275\/352|[silent]
|turn|42
|-message|Blue Erlade forfeited.
|
|win|Zanarkandd
|raw|Ladder updating...
|leave|Blue Erlade
|player|p2
|raw|Zanarkandd's rating: 1454 &rarr; <strong>1470<\/strong><br \/>(+16 for winning)
|raw|Blue Erlade's rating: 1377 &rarr; <strong>1361<\/strong><br \/>(-16 for losing)