|join|Setenshi
|join|Blue Erlade
|player|p1|Setenshi|10
|player|p2|Blue Erlade|2
|gametype|singles
|gen|6
|tier|OU
|rated
|clearpoke
|poke|p1|Latios, M
|poke|p1|Rotom-Wash
|poke|p1|Talonflame, F
|poke|p1|Sableye, F
|poke|p1|Terrakion
|poke|p1|Tentacruel, M
|poke|p2|Landorus-Therian, M
|poke|p2|Latios, M
|poke|p2|Metagross
|poke|p2|Rotom-Wash
|poke|p2|Garchomp, F
|poke|p2|Magnezone
|rule|Swagger Clause: Swagger is banned
|rule|Baton Pass Clause: Limit one PokÃ©mon knowing Baton Pass
|rule|Sleep Clause Mod: Limit one foe put to sleep
|rule|Species Clause: Limit one of each PokÃ©mon
|rule|OHKO Clause: OHKO moves are banned
|rule|Moody Clause: Moody is banned
|rule|Evasion Moves Clause: Evasion moves are banned
|rule|Endless Battle Clause: Forcing endless battles is banned
|rule|HP Percentage Mod: HP is shown in percentages
|teampreview
|c|âBlue Erlade|Gl hf
|join|Tom0410
|
|start
|switch|p1a: Rotom-Wash|Rotom-Wash|304\/304
|switch|p2a: Garchomp|Garchomp, F|357\/357
|turn|1
|c|âSetenshi|gl hf !
|
|move|p2a: Garchomp|Stealth Rock|p1a: Rotom-Wash
|-sidestart|p1: Setenshi|move: Stealth Rock
|move|p1a: Rotom-Wash|Will-O-Wisp|p2a: Garchomp
|-status|p2a: Garchomp|brn
|
|-damage|p2a: Garchomp|313\/357 brn|[from] brn
|turn|2
|
|move|p2a: Garchomp|Swords Dance|p2a: Garchomp
|-boost|p2a: Garchomp|atk|2
|move|p1a: Rotom-Wash|Hydro Pump|p2a: Garchomp
|-damage|p2a: Garchomp|147\/357 brn
|
|-damage|p2a: Garchomp|103\/357 brn|[from] brn
|turn|3
|
|move|p2a: Garchomp|Outrage|p1a: Rotom-Wash
|-damage|p1a: Rotom-Wash|103\/304
|move|p1a: Rotom-Wash|Volt Switch|p2a: Garchomp
|-immune|p2a: Garchomp|[msg]
|
|-heal|p1a: Rotom-Wash|122\/304|[from] item: Leftovers
|-damage|p2a: Garchomp|59\/357 brn|[from] brn
|turn|4
|
|switch|p1a: Tentacruel|Tentacruel, M|357\/357
|-damage|p1a: Tentacruel|313\/357|[from] Stealth Rock
|move|p2a: Garchomp|Outrage|p1a: Tentacruel
|-damage|p1a: Tentacruel|106\/357
|
|-end|p2a: Garchomp|rampage
|-start|p2a: Garchomp|confusion
|-heal|p1a: Tentacruel|128\/357|[from] item: Black Sludge
|-damage|p2a: Garchomp|15\/357 brn|[from] brn
|turn|5
|c|âSetenshi|forgot the groud typing
|
|-activate|p2a: Garchomp|confusion
|-damage|p2a: Garchomp|0 fnt|[from] confusion
|faint|p2a: Garchomp
|move|p1a: Tentacruel|Scald|p2: Garchomp|[notarget]
|-notarget
|
|-heal|p1a: Tentacruel|150\/357|[from] item: Black Sludge
|
|switch|p2a: Metagross|Metagross|302\/302
|turn|6
|
|detailschange|p2a: Metagross|Metagross-Mega
|-mega|p2a: Metagross|Metagross|Metagrossite
|move|p2a: Metagross|Meteor Mash|p1a: Tentacruel
|-resisted|p1a: Tentacruel
|-damage|p1a: Tentacruel|46\/357
|move|p1a: Tentacruel|Scald|p2a: Metagross
|-damage|p2a: Metagross|232\/302
|
|-heal|p1a: Tentacruel|68\/357|[from] item: Black Sludge
|turn|7
|
|move|p2a: Metagross|Meteor Mash|p1a: Tentacruel
|-resisted|p1a: Tentacruel
|-damage|p1a: Tentacruel|0 fnt
|faint|p1a: Tentacruel
|
|
|switch|p1a: Latios|Latios, M|301\/301
|-damage|p1a: Latios|264\/301|[from] Stealth Rock
|turn|8
|
|move|p2a: Metagross|Meteor Mash|p1a: Latios
|-damage|p1a: Latios|8\/301
|move|p1a: Latios|Defog|p2a: Metagross
|-unboost|p2a: Metagross|evasion|1
|-sideend|p1: Setenshi|Stealth Rock|[from] move: Defog|[of] p1a: Latios
|
|turn|9
|
|move|p2a: Metagross|Meteor Mash|p1a: Latios
|-damage|p1a: Latios|0 fnt
|faint|p1a: Latios
|
|
|switch|p1a: Sableye|Sableye, F|304\/304
|turn|10
|
|switch|p2a: Latios|Latios, M|301\/301
|detailschange|p1a: Sableye|Sableye-Mega, F
|-mega|p1a: Sableye|Sableye|Sablenite
|move|p1a: Sableye|Will-O-Wisp|p2a: Latios
|-status|p2a: Latios|brn
|
|-damage|p2a: Latios|264\/301 brn|[from] brn
|turn|11
|
|move|p2a: Latios|Draco Meteor|p1a: Sableye
|-damage|p1a: Sableye|82\/304
|-unboost|p2a: Latios|spa|2
|-damage|p2a: Latios|234\/301 brn|[from] item: Life Orb
|move|p1a: Sableye|Calm Mind|p1a: Sableye
|-boost|p1a: Sableye|spa|1
|-boost|p1a: Sableye|spd|1
|
|-damage|p2a: Latios|197\/301 brn|[from] brn
|turn|12
|
|move|p2a: Latios|Draco Meteor|p1a: Sableye
|-damage|p1a: Sableye|7\/304
|-unboost|p2a: Latios|spa|2
|-damage|p2a: Latios|167\/301 brn|[from] item: Life Orb
|move|p1a: Sableye|Recover|p1a: Sableye
|-heal|p1a: Sableye|159\/304
|
|-damage|p2a: Latios|130\/301 brn|[from] brn
|turn|13
|
|switch|p2a: Magnezone|Magnezone|281\/281
|move|p1a: Sableye|Recover|p1a: Sableye
|-heal|p1a: Sableye|304\/304
|
|turn|14
|
|move|p2a: Magnezone|Substitute|p2a: Magnezone
|-start|p2a: Magnezone|Substitute
|-damage|p2a: Magnezone|211\/281
|move|p1a: Sableye|Calm Mind|p1a: Sableye
|-boost|p1a: Sableye|spa|1
|-boost|p1a: Sableye|spd|1
|
|-heal|p2a: Magnezone|228\/281|[from] item: Leftovers
|turn|15
|
|move|p2a: Magnezone|Charge Beam|p1a: Sableye
|-damage|p1a: Sableye|270\/304
|-boost|p2a: Magnezone|spa|1
|move|p1a: Sableye|Calm Mind|p1a: Sableye
|-boost|p1a: Sableye|spa|1
|-boost|p1a: Sableye|spd|1
|
|-heal|p2a: Magnezone|245\/281|[from] item: Leftovers
|turn|16
|
|move|p2a: Magnezone|Charge Beam|p1a: Sableye|[miss]
|-miss|p2a: Magnezone|p1a: Sableye
|move|p1a: Sableye|Calm Mind|p1a: Sableye
|-boost|p1a: Sableye|spa|1
|-boost|p1a: Sableye|spd|1
|
|-heal|p2a: Magnezone|262\/281|[from] item: Leftovers
|turn|17
|
|move|p2a: Magnezone|Charge Beam|p1a: Sableye
|-damage|p1a: Sableye|231\/304
|move|p1a: Sableye|Dark Pulse|p2a: Magnezone
|-end|p2a: Magnezone|Substitute
|
|-heal|p2a: Magnezone|279\/281|[from] item: Leftovers
|turn|18
|
|move|p2a: Magnezone|Charge Beam|p1a: Sableye
|-damage|p1a: Sableye|192\/304
|-boost|p2a: Magnezone|spa|1
|move|p1a: Sableye|Dark Pulse|p2a: Magnezone
|-damage|p2a: Magnezone|0 fnt
|faint|p2a: Magnezone
|
|
|switch|p2a: Landorus-Therian|Landorus-Therian, M|354\/354
|-ability|p2a: Landorus-Therian|Intimidate|[of] p1a: Sableye
|-unboost|p1a: Sableye|atk|1
|turn|19
|
|move|p2a: Landorus-Therian|U-turn|p1a: Sableye
|-damage|p1a: Sableye|129\/304
|
|switch|p2a: Latios|Latios, M|130\/301 brn
|move|p1a: Sableye|Will-O-Wisp|p2a: Latios|[miss]
|-miss|p1a: Sableye|p2a: Latios
|
|-damage|p2a: Latios|93\/301 brn|[from] brn
|turn|20
|
|move|p2a: Latios|Draco Meteor|p1a: Sableye|[miss]
|-miss|p2a: Latios|p1a: Sableye
|move|p1a: Sableye|Recover|p1a: Sableye
|-heal|p1a: Sableye|281\/304
|
|-damage|p2a: Latios|56\/301 brn|[from] brn
|turn|21
|c|âBlue Erlade|Nut :(
|c|âSetenshi|lol
|
|move|p2a: Latios|Draco Meteor|p1a: Sableye
|-damage|p1a: Sableye|202\/304
|-unboost|p2a: Latios|spa|2
|-damage|p2a: Latios|26\/301 brn|[from] item: Life Orb
|move|p1a: Sableye|Dark Pulse|p2a: Latios
|-supereffective|p2a: Latios
|-damage|p2a: Latios|0 fnt
|faint|p2a: Latios
|
|
|switch|p2a: Landorus-Therian|Landorus-Therian, M|354\/354
|-ability|p2a: Landorus-Therian|Intimidate|[of] p1a: Sableye
|-unboost|p1a: Sableye|atk|1
|turn|22
|
|move|p2a: Landorus-Therian|U-turn|p1a: Sableye
|-damage|p1a: Sableye|146\/304
|
|switch|p2a: Rotom-Wash|Rotom-Wash|304\/304
|move|p1a: Sableye|Will-O-Wisp|p2a: Rotom-Wash
|-status|p2a: Rotom-Wash|brn
|
|-damage|p2a: Rotom-Wash|266\/304 brn|[from] brn
|turn|23
|
|move|p2a: Rotom-Wash|Volt Switch|p1a: Sableye
|-damage|p1a: Sableye|119\/304
|
|switch|p2a: Landorus-Therian|Landorus-Therian, M|354\/354
|-ability|p2a: Landorus-Therian|Intimidate|[of] p1a: Sableye
|-unboost|p1a: Sableye|atk|1
|move|p1a: Sableye|Recover|p1a: Sableye
|-heal|p1a: Sableye|271\/304
|
|turn|24
|c|âBlue Erlade|gg
|-message|Blue Erlade forfeited.
|leave|Blue Erlade
|
|win|Setenshi
|raw|Ladder updating...
|player|p2
|raw|Setenshi's rating: 1345 &rarr; <strong>1368<\/strong><br \/>(+23 for winning)
|raw|Blue Erlade's rating: 1400 &rarr; <strong>1377<\/strong><br \/>(-23 for losing)