|join|Invok3r
|join|Blue Erlade
|player|p1|Invok3r|169
|player|p2|Blue Erlade|201
|gametype|singles
|gen|6
|tier|OU
|rated
|clearpoke
|poke|p1|Dragalge, M
|poke|p1|Gyarados, M
|poke|p1|Tornadus-Therian, M, shiny
|poke|p1|Hippowdon, F
|poke|p1|Ferrothorn, F
|poke|p1|Starmie
|poke|p2|Gallade, M, shiny
|poke|p2|Bisharp, M
|poke|p2|Clefable, F
|poke|p2|Landorus-Therian, M
|poke|p2|Keldeo-Resolute
|poke|p2|Latias, F
|rule|Swagger Clause: Swagger is banned
|rule|Baton Pass Clause: Limit one PokÃ©mon knowing Baton Pass
|rule|Sleep Clause Mod: Limit one foe put to sleep
|rule|Species Clause: Limit one of each PokÃ©mon
|rule|OHKO Clause: OHKO moves are banned
|rule|Moody Clause: Moody is banned
|rule|Evasion Moves Clause: Evasion moves are banned
|rule|Endless Battle Clause: Forcing endless battles is banned
|rule|HP Percentage Mod: HP is shown in percentages
|teampreview
|c|âBlue Erlade|gl hf
|
|start
|switch|p1a: Tornadus-Therian|Tornadus-Therian, M, shiny|361\/361
|switch|p2a: Keldeo-Resolute|Keldeo-Resolute|323\/323
|turn|1
|
|switch|p2a: Landorus-Therian|Landorus-Therian, M|382\/382
|-ability|p2a: Landorus-Therian|Intimidate|[of] p1a: Tornadus-Therian
|-unboost|p1a: Tornadus-Therian|atk|1
|move|p1a: Tornadus-Therian|U-turn|p2a: Landorus-Therian
|-resisted|p2a: Landorus-Therian
|-damage|p2a: Landorus-Therian|364\/382
|
|switch|p1a: Hippowdon|Hippowdon, F|420\/420
|-weather|Sandstorm
|
|-weather|Sandstorm|[upkeep]
|-heal|p2a: Landorus-Therian|382\/382|[from] item: Leftovers
|turn|2
|
|move|p2a: Landorus-Therian|Stealth Rock|p1a: Hippowdon
|-sidestart|p1: Invok3r|move: Stealth Rock
|move|p1a: Hippowdon|Stealth Rock|p2a: Landorus-Therian
|-sidestart|p2: Blue Erlade|move: Stealth Rock
|
|-weather|Sandstorm|[upkeep]
|turn|3
|
|move|p2a: Landorus-Therian|U-turn|p1a: Hippowdon
|-damage|p1a: Hippowdon|353\/420
|
|switch|p2a: Clefable|Clefable, F|394\/394
|move|p1a: Hippowdon|Earthquake|p2a: Clefable
|-damage|p2a: Clefable|274\/394
|
|-weather|Sandstorm|[upkeep]
|-heal|p2a: Clefable|298\/394|[from] item: Leftovers
|-heal|p1a: Hippowdon|379\/420|[from] item: Leftovers
|turn|4
|
|switch|p1a: Dragalge|Dragalge, M|334\/334
|-damage|p1a: Dragalge|293\/334|[from] Stealth Rock
|move|p2a: Clefable|Thunder Wave|p1a: Dragalge
|-status|p1a: Dragalge|par
|
|-weather|Sandstorm|[upkeep]
|-damage|p1a: Dragalge|273\/334 par|[from] sandstorm
|-heal|p2a: Clefable|322\/394|[from] item: Leftovers
|turn|5
|
|switch|p2a: Bisharp|Bisharp, M|271\/271
|-damage|p2a: Bisharp|255\/271|[from] Stealth Rock
|move|p1a: Dragalge|Draco Meteor|p2a: Bisharp
|-resisted|p2a: Bisharp
|-damage|p2a: Bisharp|5\/271
|-unboost|p1a: Dragalge|spa|2
|-damage|p1a: Dragalge|240\/334 par|[from] item: Life Orb
|
|-weather|none
|turn|6
|
|switch|p1a: Ferrothorn|Ferrothorn, F|352\/352
|-damage|p1a: Ferrothorn|330\/352|[from] Stealth Rock
|move|p2a: Bisharp|Swords Dance|p2a: Bisharp
|-boost|p2a: Bisharp|atk|2
|
|-heal|p1a: Ferrothorn|352\/352|[from] item: Leftovers
|turn|7
|
|switch|p2a: Clefable|Clefable, F|322\/394
|move|p1a: Ferrothorn|Spikes|p2a: Clefable
|-sidestart|p2: Blue Erlade|Spikes
|
|-heal|p2a: Clefable|346\/394|[from] item: Leftovers
|turn|8
|
|switch|p1a: Starmie|Starmie|261\/261
|-damage|p1a: Starmie|229\/261|[from] Stealth Rock
|move|p2a: Clefable|Thunder Wave|p1a: Starmie
|-status|p1a: Starmie|par
|
|-heal|p2a: Clefable|370\/394|[from] item: Leftovers
|turn|9
|
|move|p2a: Clefable|Moonblast|p1a: Starmie
|-crit|p1a: Starmie
|-damage|p1a: Starmie|48\/261 par
|cant|p1a: Starmie|par
|
|-heal|p2a: Clefable|394\/394|[from] item: Leftovers
|turn|10
|
|switch|p1a: Hippowdon|Hippowdon, F|379\/420
|-damage|p1a: Hippowdon|353\/420|[from] Stealth Rock
|-weather|Sandstorm
|move|p2a: Clefable|Moonblast|p1a: Hippowdon
|-damage|p1a: Hippowdon|238\/420
|
|-weather|Sandstorm|[upkeep]
|-heal|p1a: Hippowdon|264\/420|[from] item: Leftovers
|turn|11
|
|move|p2a: Clefable|Calm Mind|p2a: Clefable
|-boost|p2a: Clefable|spa|1
|-boost|p2a: Clefable|spd|1
|move|p1a: Hippowdon|Slack Off|p1a: Hippowdon
|-heal|p1a: Hippowdon|420\/420
|
|-weather|Sandstorm|[upkeep]
|turn|12
|
|move|p2a: Clefable|Calm Mind|p2a: Clefable
|-boost|p2a: Clefable|spa|1
|-boost|p2a: Clefable|spd|1
|move|p1a: Hippowdon|Earthquake|p2a: Clefable
|-damage|p2a: Clefable|283\/394
|
|-weather|Sandstorm|[upkeep]
|-heal|p2a: Clefable|307\/394|[from] item: Leftovers
|turn|13
|
|switch|p1a: Dragalge|Dragalge, M|240\/334 par
|-damage|p1a: Dragalge|199\/334 par|[from] Stealth Rock
|move|p2a: Clefable|Calm Mind|p2a: Clefable
|-boost|p2a: Clefable|spa|1
|-boost|p2a: Clefable|spd|1
|
|-weather|Sandstorm|[upkeep]
|-damage|p1a: Dragalge|179\/334 par|[from] sandstorm
|-heal|p2a: Clefable|331\/394|[from] item: Leftovers
|turn|14
|
|move|p2a: Clefable|Moonblast|p1a: Dragalge
|-damage|p1a: Dragalge|0 fnt
|faint|p1a: Dragalge
|
|-weather|none
|-heal|p2a: Clefable|355\/394|[from] item: Leftovers
|
|switch|p1a: Ferrothorn|Ferrothorn, F|352\/352
|-damage|p1a: Ferrothorn|330\/352|[from] Stealth Rock
|turn|15
|
|move|p2a: Clefable|Moonblast|p1a: Ferrothorn
|-resisted|p1a: Ferrothorn
|-damage|p1a: Ferrothorn|244\/352
|move|p1a: Ferrothorn|Gyro Ball|p2a: Clefable
|-supereffective|p2a: Clefable
|-damage|p2a: Clefable|149\/394
|
|-heal|p2a: Clefable|173\/394|[from] item: Leftovers
|-heal|p1a: Ferrothorn|266\/352|[from] item: Leftovers
|turn|16
|
|move|p2a: Clefable|Soft-Boiled|p2a: Clefable
|-heal|p2a: Clefable|370\/394
|move|p1a: Ferrothorn|Gyro Ball|p2a: Clefable
|-supereffective|p2a: Clefable
|-damage|p2a: Clefable|196\/394
|
|-heal|p2a: Clefable|220\/394|[from] item: Leftovers
|-heal|p1a: Ferrothorn|288\/352|[from] item: Leftovers
|turn|17
|
|move|p2a: Clefable|Thunder Wave|p1a: Ferrothorn
|-status|p1a: Ferrothorn|par
|cant|p1a: Ferrothorn|par
|
|-heal|p2a: Clefable|244\/394|[from] item: Leftovers
|-heal|p1a: Ferrothorn|310\/352 par|[from] item: Leftovers
|turn|18
|
|move|p2a: Clefable|Soft-Boiled|p2a: Clefable
|-heal|p2a: Clefable|394\/394
|move|p1a: Ferrothorn|Gyro Ball|p2a: Clefable
|-supereffective|p2a: Clefable
|-damage|p2a: Clefable|118\/394
|
|-heal|p2a: Clefable|142\/394|[from] item: Leftovers
|-heal|p1a: Ferrothorn|332\/352 par|[from] item: Leftovers
|turn|19
|
|move|p2a: Clefable|Soft-Boiled|p2a: Clefable
|-heal|p2a: Clefable|339\/394
|cant|p1a: Ferrothorn|par
|
|-heal|p2a: Clefable|363\/394|[from] item: Leftovers
|-heal|p1a: Ferrothorn|352\/352 par|[from] item: Leftovers
|turn|20
|
|move|p2a: Clefable|Calm Mind|p2a: Clefable
|-boost|p2a: Clefable|spa|1
|-boost|p2a: Clefable|spd|1
|move|p1a: Ferrothorn|Gyro Ball|p2a: Clefable
|-supereffective|p2a: Clefable
|-damage|p2a: Clefable|91\/394
|
|-heal|p2a: Clefable|115\/394|[from] item: Leftovers
|turn|21
|
|move|p2a: Clefable|Soft-Boiled|p2a: Clefable
|-heal|p2a: Clefable|312\/394
|move|p1a: Ferrothorn|Gyro Ball|p2a: Clefable
|-supereffective|p2a: Clefable
|-damage|p2a: Clefable|12\/394
|
|-heal|p2a: Clefable|36\/394|[from] item: Leftovers
|turn|22
|
|move|p2a: Clefable|Soft-Boiled|p2a: Clefable
|-heal|p2a: Clefable|233\/394
|move|p1a: Ferrothorn|Gyro Ball|p2a: Clefable
|-supereffective|p2a: Clefable
|-damage|p2a: Clefable|0 fnt
|faint|p2a: Clefable
|
|
|switch|p2a: Latias|Latias, F|302\/302
|-damage|p2a: Latias|265\/302|[from] Stealth Rock
|turn|23
|
|move|p2a: Latias|Defog|p1a: Ferrothorn
|-unboost|p1a: Ferrothorn|evasion|1
|-sideend|p1: Invok3r|Stealth Rock|[from] move: Defog|[of] p1a: Ferrothorn
|-sideend|p2: Blue Erlade|Spikes|[from] move: Defog|[of] p2a: Latias
|-sideend|p2: Blue Erlade|Stealth Rock|[from] move: Defog|[of] p2a: Latias
|cant|p1a: Ferrothorn|par
|
|turn|24
|
|switch|p2a: Keldeo-Resolute|Keldeo-Resolute|323\/323
|move|p1a: Ferrothorn|Spikes|p2a: Keldeo-Resolute
|-sidestart|p2: Blue Erlade|Spikes
|
|turn|25
|
|switch|p1a: Tornadus-Therian|Tornadus-Therian, M, shiny|361\/361
|move|p2a: Keldeo-Resolute|Hydro Pump|p1a: Tornadus-Therian
|-damage|p1a: Tornadus-Therian|229\/361
|
|turn|26
|
|switch|p2a: Latias|Latias, F|265\/302
|move|p1a: Tornadus-Therian|Hurricane|p2a: Latias
|-damage|p2a: Latias|157\/302
|-start|p2a: Latias|confusion
|
|turn|27
|
|move|p1a: Tornadus-Therian|U-turn|p2a: Latias
|-supereffective|p2a: Latias
|-damage|p2a: Latias|45\/302
|
|switch|p1a: Ferrothorn|Ferrothorn, F|352\/352 par
|-activate|p2a: Latias|confusion
|move|p2a: Latias|Draco Meteor|p1a: Ferrothorn
|-resisted|p1a: Ferrothorn
|-damage|p1a: Ferrothorn|266\/352 par
|-unboost|p2a: Latias|spa|2
|-damage|p2a: Latias|15\/302|[from] item: Life Orb
|
|-heal|p1a: Ferrothorn|288\/352 par|[from] item: Leftovers
|turn|28
|
|-activate|p2a: Latias|confusion
|move|p2a: Latias|Healing Wish|p2a: Latias
|faint|p2a: Latias
|move|p1a: Ferrothorn|Spikes|p2: Latias
|-sidestart|p2: Blue Erlade|Spikes
|
|-heal|p1a: Ferrothorn|310\/352 par|[from] item: Leftovers
|
|switch|p2a: Bisharp|Bisharp, M|5\/271
|-heal|p2a: Bisharp|271\/271|[from] move: Healing Wish
|-damage|p2a: Bisharp|226\/271|[from] Spikes
|turn|29
|
|switch|p1a: Hippowdon|Hippowdon, F|420\/420
|-weather|Sandstorm
|move|p2a: Bisharp|Swords Dance|p2a: Bisharp
|-boost|p2a: Bisharp|atk|2
|
|-weather|Sandstorm|[upkeep]
|turn|30
|
|move|p2a: Bisharp|Knock Off|p1a: Hippowdon
|-damage|p1a: Hippowdon|116\/420
|-enditem|p1a: Hippowdon|Leftovers|[from] move: Knock Off|[of] p2a: Bisharp
|move|p1a: Hippowdon|Earthquake|p2a: Bisharp
|-supereffective|p2a: Bisharp
|-damage|p2a: Bisharp|0 fnt
|faint|p2a: Bisharp
|
|-weather|Sandstorm|[upkeep]
|
|switch|p2a: Erlade|Gallade, M, shiny|277\/277
|-damage|p2a: Erlade|231\/277|[from] Spikes
|turn|31
|
|detailschange|p2a: Erlade|Gallade-Mega, M, shiny
|-mega|p2a: Erlade|Gallade|Galladite
|move|p2a: Erlade|Swords Dance|p2a: Erlade
|-boost|p2a: Erlade|atk|2
|move|p1a: Hippowdon|Earthquake|p2a: Erlade
|-damage|p2a: Erlade|95\/277
|
|-weather|Sandstorm|[upkeep]
|-damage|p2a: Erlade|78\/277|[from] sandstorm
|turn|32
|
|move|p2a: Erlade|Psycho Cut|p1a: Hippowdon
|-damage|p1a: Hippowdon|0 fnt
|faint|p1a: Hippowdon
|
|-weather|Sandstorm|[upkeep]
|-damage|p2a: Erlade|61\/277|[from] sandstorm
|
|switch|p1a: Starmie|Starmie|48\/261
|turn|33
|
|move|p2a: Erlade|Shadow Sneak|p1a: Starmie
|-supereffective|p1a: Starmie
|-damage|p1a: Starmie|0 fnt
|faint|p1a: Starmie
|
|-weather|none
|
|switch|p1a: Tornadus-Therian|Tornadus-Therian, M, shiny|349\/361
|turn|34
|
|move|p1a: Tornadus-Therian|U-turn|p2a: Erlade
|-damage|p2a: Erlade|12\/277
|
|switch|p1a: Ferrothorn|Ferrothorn, F|310\/352 par
|move|p2a: Erlade|Psycho Cut|p1a: Ferrothorn
|-resisted|p1a: Ferrothorn
|-damage|p1a: Ferrothorn|196\/352 par
|
|-heal|p1a: Ferrothorn|218\/352 par|[from] item: Leftovers
|turn|35
|
|move|p2a: Erlade|Psycho Cut|p1a: Ferrothorn
|-resisted|p1a: Ferrothorn
|-damage|p1a: Ferrothorn|107\/352 par
|move|p1a: Ferrothorn|Leech Seed|p2a: Erlade|[miss]
|-miss|p1a: Ferrothorn|p2a: Erlade
|
|-heal|p1a: Ferrothorn|129\/352 par|[from] item: Leftovers
|turn|36
|
|move|p2a: Erlade|Psycho Cut|p1a: Ferrothorn
|-resisted|p1a: Ferrothorn
|-damage|p1a: Ferrothorn|10\/352 par
|move|p1a: Ferrothorn|Gyro Ball|p2a: Erlade
|-damage|p2a: Erlade|0 fnt
|faint|p2a: Erlade
|
|-heal|p1a: Ferrothorn|32\/352 par|[from] item: Leftovers
|
|switch|p2a: Landorus-Therian|Landorus-Therian, M|382\/382
|-ability|p2a: Landorus-Therian|Intimidate|[of] p1a: Ferrothorn
|-unboost|p1a: Ferrothorn|atk|1
|turn|37
|
|move|p2a: Landorus-Therian|Stealth Rock|p1a: Ferrothorn
|-sidestart|p1: Invok3r|move: Stealth Rock
|move|p1a: Ferrothorn|Leech Seed|p2a: Landorus-Therian
|-start|p2a: Landorus-Therian|move: Leech Seed
|
|-heal|p1a: Ferrothorn|54\/352 par|[from] item: Leftovers
|-damage|p2a: Landorus-Therian|335\/382|[from] Leech Seed|[of] p1a: Ferrothorn
|-heal|p1a: Ferrothorn|101\/352 par|[silent]
|turn|38
|
|move|p2a: Landorus-Therian|Earthquake|p1a: Ferrothorn
|-damage|p1a: Ferrothorn|0 fnt
|faint|p1a: Ferrothorn
|
|-heal|p2a: Landorus-Therian|358\/382|[from] item: Leftovers
|
|switch|p1a: Gyarados|Gyarados, M|353\/353
|-damage|p1a: Gyarados|265\/353|[from] Stealth Rock
|-ability|p1a: Gyarados|Intimidate|[of] p2a: Landorus-Therian
|-unboost|p2a: Landorus-Therian|atk|1
|turn|39
|
|switch|p2a: Keldeo-Resolute|Keldeo-Resolute|323\/323
|-damage|p2a: Keldeo-Resolute|270\/323|[from] Spikes
|detailschange|p1a: Gyarados|Gyarados-Mega, M
|-mega|p1a: Gyarados|Gyarados|Gyaradosite
|-ability|p1a: Gyarados|Mold Breaker
|move|p1a: Gyarados|Waterfall|p2a: Keldeo-Resolute
|-resisted|p2a: Keldeo-Resolute
|-damage|p2a: Keldeo-Resolute|175\/323
|
|turn|40
|
|switch|p1a: Tornadus-Therian|Tornadus-Therian, M, shiny|361\/361
|-damage|p1a: Tornadus-Therian|271\/361|[from] Stealth Rock
|move|p2a: Keldeo-Resolute|Icy Wind|p1a: Tornadus-Therian
|-supereffective|p1a: Tornadus-Therian
|-damage|p1a: Tornadus-Therian|175\/361
|-unboost|p1a: Tornadus-Therian|spe|1
|
|turn|41
|
|switch|p2a: Landorus-Therian|Landorus-Therian, M|358\/382
|-ability|p2a: Landorus-Therian|Intimidate|[of] p1a: Tornadus-Therian
|-unboost|p1a: Tornadus-Therian|atk|1
|move|p1a: Tornadus-Therian|U-turn|p2a: Landorus-Therian
|-resisted|p2a: Landorus-Therian
|-damage|p2a: Landorus-Therian|339\/382
|
|switch|p1a: Gyarados|Gyarados-Mega, M|265\/353
|-damage|p1a: Gyarados|221\/353|[from] Stealth Rock
|-ability|p1a: Gyarados|Mold Breaker
|
|-heal|p2a: Landorus-Therian|362\/382|[from] item: Leftovers
|turn|42
|
|move|p1a: Gyarados|Waterfall|p2a: Landorus-Therian
|-supereffective|p2a: Landorus-Therian
|-damage|p2a: Landorus-Therian|0 fnt
|faint|p2a: Landorus-Therian
|
|
|switch|p2a: Keldeo-Resolute|Keldeo-Resolute|175\/323
|-damage|p2a: Keldeo-Resolute|122\/323|[from] Spikes
|turn|43
|
|move|p2a: Keldeo-Resolute|Hydro Pump|p1a: Gyarados
|-resisted|p1a: Gyarados
|-damage|p1a: Gyarados|142\/353
|move|p1a: Gyarados|Crunch|p2a: Keldeo-Resolute
|-resisted|p2a: Keldeo-Resolute
|-damage|p2a: Keldeo-Resolute|28\/323
|-boost|p2a: Keldeo-Resolute|atk|1|[from] ability: Justified
|
|turn|44
|
|move|p2a: Keldeo-Resolute|Hydro Pump|p1a: Gyarados
|-resisted|p1a: Gyarados
|-damage|p1a: Gyarados|59\/353
|move|p1a: Gyarados|Crunch|p2a: Keldeo-Resolute
|-resisted|p2a: Keldeo-Resolute
|-damage|p2a: Keldeo-Resolute|0 fnt
|faint|p2a: Keldeo-Resolute
|
|win|Invok3r
|raw|Ladder updating...
|raw|Invok3r's rating: 1781 &rarr; <strong>1791<\/strong><br \/>(+10 for winning)
|raw|Blue Erlade's rating: 1594 &rarr; <strong>1583<\/strong><br \/>(-11 for losing)
|c|âBlue Erlade|gg