|join|Blue Erlade
|join|Prankster
|player|p1|Blue Erlade|286
|player|p2|Prankster|95
|gametype|singles
|gen|6
|tier|OU
|clearpoke
|poke|p1|Lopunny, F
|poke|p1|Victini
|poke|p1|Rotom-Wash
|poke|p1|Latias, F
|poke|p1|Clefable, M
|poke|p1|Ferrothorn, F
|poke|p2|Tyranitar, M
|poke|p2|Hippowdon, F
|poke|p2|Charizard, M
|poke|p2|Latios, M
|poke|p2|Tentacruel, M
|poke|p2|Ferrothorn, F
|rule|Swagger Clause: Swagger is banned
|rule|Baton Pass Clause: Limit one PokÃ©mon knowing Baton Pass
|rule|Sleep Clause Mod: Limit one foe put to sleep
|rule|Species Clause: Limit one of each PokÃ©mon
|rule|OHKO Clause: OHKO moves are banned
|rule|Moody Clause: Moody is banned
|rule|Evasion Moves Clause: Evasion moves are banned
|rule|Endless Battle Clause: Forcing endless battles is banned
|rule|HP Percentage Mod: HP is shown in percentages
|teampreview
|join|Ghost 4zelf
|c|âBlue Erlade|Gl hf
|
|start
|switch|p1a: Milady|Lopunny, F|271\/271
|switch|p2a: Charizard|Charizard, M|301\/301
|turn|1
|
|switch|p2a: Hippowdon|Hippowdon, F|420\/420
|detailschange|p1a: Milady|Lopunny-Mega, F
|-mega|p1a: Milady|Lopunny|Lopunnite
|move|p1a: Milady|High Jump Kick|p2a: Hippowdon
|-damage|p2a: Hippowdon|239\/420
|
|-heal|p2a: Hippowdon|265\/420|[from] item: Leftovers
|turn|2
|
|move|p1a: Milady|High Jump Kick|p2a: Hippowdon
|-damage|p2a: Hippowdon|99\/420
|move|p2a: Hippowdon|Slack Off|p2a: Hippowdon
|-heal|p2a: Hippowdon|309\/420
|
|-heal|p2a: Hippowdon|335\/420|[from] item: Leftovers
|turn|3
|
|switch|p1a: Rotom-Wash|Rotom-Wash|303\/303
|move|p2a: Hippowdon|Stealth Rock|p1a: Rotom-Wash
|-sidestart|p1: Blue Erlade|move: Stealth Rock
|
|-heal|p2a: Hippowdon|361\/420|[from] item: Leftovers
|turn|4
|
|switch|p2a: Ferrothorn|Ferrothorn, F|352\/352
|move|p1a: Rotom-Wash|Will-O-Wisp|p2a: Ferrothorn
|-status|p2a: Ferrothorn|brn
|
|-damage|p2a: Ferrothorn|308\/352 brn|[from] brn
|turn|5
|
|move|p1a: Rotom-Wash|Volt Switch|p2a: Ferrothorn
|-resisted|p2a: Ferrothorn
|-damage|p2a: Ferrothorn|277\/352 brn
|
|switch|p1a: Clefable|Clefable, M|394\/394
|move|p2a: Ferrothorn|Spikes|p1a: Clefable
|-sidestart|p1: Blue Erlade|Spikes
|
|-heal|p2a: Ferrothorn|299\/352 brn|[from] item: Leftovers
|-damage|p2a: Ferrothorn|255\/352 brn|[from] brn
|turn|6
|
|switch|p2a: Charizard|Charizard, M|301\/301
|move|p1a: Clefable|Flamethrower|p2a: Charizard
|-resisted|p2a: Charizard
|-damage|p2a: Charizard|249\/301
|
|turn|7
|
|switch|p2a: Tyranitar|Tyranitar, M|341\/341
|-weather|Sandstorm
|move|p1a: Clefable|Thunder Wave|p2a: Tyranitar
|-status|p2a: Tyranitar|par
|
|-weather|Sandstorm|[upkeep]
|turn|8
|
|switch|p2a: Tentacruel|Tentacruel, M|356\/356
|move|p1a: Clefable|Moonblast|p2a: Tentacruel
|-resisted|p2a: Tentacruel
|-damage|p2a: Tentacruel|301\/356
|
|-weather|Sandstorm|[upkeep]
|-damage|p2a: Tentacruel|279\/356|[from] sandstorm
|-heal|p2a: Tentacruel|301\/356|[from] item: Black Sludge
|turn|9
|
|switch|p2a: Charizard|Charizard, M|249\/301
|move|p1a: Clefable|Thunder Wave|p2a: Charizard
|-status|p2a: Charizard|par
|
|-weather|Sandstorm|[upkeep]
|-damage|p2a: Charizard|231\/301 par|[from] sandstorm
|turn|10
|
|detailschange|p2a: Charizard|Charizard-Mega-Y, M
|-mega|p2a: Charizard|Charizard|Charizardite Y
|-weather|SunnyDay
|move|p1a: Clefable|Moonblast|p2a: Charizard
|-resisted|p2a: Charizard
|-damage|p2a: Charizard|173\/301 par
|-unboost|p2a: Charizard|spa|1
|move|p2a: Charizard|Flamethrower|p1a: Clefable
|-damage|p1a: Clefable|174\/394
|
|-weather|SunnyDay|[upkeep]
|turn|11
|leave|Ghost 4zelf
|
|switch|p1a: Latias|Latias, F|302\/302
|-damage|p1a: Latias|265\/302|[from] Stealth Rock
|move|p2a: Charizard|Roost|p2a: Charizard
|-heal|p2a: Charizard|301\/301 par
|
|-weather|SunnyDay|[upkeep]
|turn|12
|
|switch|p2a: Tyranitar|Tyranitar, M|341\/341 par
|-weather|Sandstorm
|move|p1a: Latias|Draco Meteor|p2a: Tyranitar|[miss]
|-miss|p1a: Latias|p2a: Tyranitar
|
|-weather|Sandstorm|[upkeep]
|-damage|p1a: Latias|247\/302|[from] sandstorm
|turn|13
|
|move|p1a: Latias|Defog|p2a: Tyranitar
|-unboost|p2a: Tyranitar|evasion|1
|-sideend|p1: Blue Erlade|Spikes|[from] move: Defog|[of] p1a: Latias
|-sideend|p1: Blue Erlade|Stealth Rock|[from] move: Defog|[of] p1a: Latias
|cant|p2a: Tyranitar|par
|
|-weather|Sandstorm|[upkeep]
|-damage|p1a: Latias|229\/302|[from] sandstorm
|turn|14
|c|âPrankster|=\/
|
|switch|p1a: Ferrothorn|Ferrothorn, F|352\/352
|move|p2a: Tyranitar|Crunch|p1a: Ferrothorn
|-damage|p1a: Ferrothorn|247\/352
|-damage|p2a: Tyranitar|299\/341 par|[from] ability: Iron Barbs|[of] p1a: Ferrothorn
|
|-weather|Sandstorm|[upkeep]
|turn|15
|
|switch|p2a: Charizard|Charizard-Mega-Y, M|301\/301 par
|-weather|SunnyDay
|move|p1a: Ferrothorn|Leech Seed|p2a: Charizard|[miss]
|-miss|p1a: Ferrothorn|p2a: Charizard
|
|-weather|SunnyDay|[upkeep]
|turn|16
|
|switch|p1a: Victini|Victini|341\/341
|move|p2a: Charizard|Flamethrower|p1a: Victini
|-resisted|p1a: Victini
|-damage|p1a: Victini|185\/341
|
|-weather|SunnyDay|[upkeep]
|turn|17
|
|switch|p2a: Hippowdon|Hippowdon, F|361\/420
|move|p1a: Victini|U-turn|p2a: Hippowdon
|-crit|p2a: Hippowdon
|-damage|p2a: Hippowdon|281\/420
|
|switch|p1a: Rotom-Wash|Rotom-Wash|303\/303
|
|-weather|SunnyDay|[upkeep]
|-heal|p2a: Hippowdon|307\/420|[from] item: Leftovers
|turn|18
|
|switch|p2a: Ferrothorn|Ferrothorn, F|255\/352 brn
|move|p1a: Rotom-Wash|Hydro Pump|p2a: Ferrothorn
|-resisted|p2a: Ferrothorn
|-damage|p2a: Ferrothorn|233\/352 brn
|
|-weather|SunnyDay|[upkeep]
|-heal|p2a: Ferrothorn|255\/352 brn|[from] item: Leftovers
|-damage|p2a: Ferrothorn|211\/352 brn|[from] brn
|turn|19
|
|move|p1a: Rotom-Wash|Volt Switch|p2a: Ferrothorn
|-resisted|p2a: Ferrothorn
|-damage|p2a: Ferrothorn|183\/352 brn
|
|switch|p1a: Victini|Victini|185\/341
|move|p2a: Ferrothorn|Spikes|p1a: Victini
|-sidestart|p1: Blue Erlade|Spikes
|
|-weather|none
|-heal|p2a: Ferrothorn|205\/352 brn|[from] item: Leftovers
|-damage|p2a: Ferrothorn|161\/352 brn|[from] brn
|turn|20
|
|switch|p2a: Tentacruel|Tentacruel, M|301\/356
|move|p1a: Victini|Bolt Strike|p2a: Tentacruel
|-supereffective|p2a: Tentacruel
|-damage|p2a: Tentacruel|19\/356
|
|-heal|p2a: Tentacruel|41\/356|[from] item: Black Sludge
|turn|21
|
|switch|p1a: Latias|Latias, F|229\/302
|switch|p2a: Latios|Latios, M|301\/301
|
|turn|22
|c|âBlue Erlade|Hum.
|
|switch|p2a: Ferrothorn|Ferrothorn, F|161\/352 brn
|move|p1a: Latias|Draco Meteor|p2a: Ferrothorn
|-resisted|p2a: Ferrothorn
|-damage|p2a: Ferrothorn|65\/352 brn
|-unboost|p1a: Latias|spa|2
|-damage|p1a: Latias|199\/302|[from] item: Life Orb
|
|-heal|p2a: Ferrothorn|87\/352 brn|[from] item: Leftovers
|-damage|p2a: Ferrothorn|43\/352 brn|[from] brn
|turn|23
|
|switch|p2a: Tyranitar|Tyranitar, M|299\/341 par
|-weather|Sandstorm
|move|p1a: Latias|Psyshock|p2a: Tyranitar
|-immune|p2a: Tyranitar|[msg]
|
|-weather|Sandstorm|[upkeep]
|-damage|p1a: Latias|181\/302|[from] sandstorm
|turn|24
|
|cant|p2a: Tyranitar|par
|switch|p1a: Ferrothorn|Ferrothorn, F|247\/352
|-damage|p1a: Ferrothorn|203\/352|[from] Spikes
|
|-weather|Sandstorm|[upkeep]
|turn|25
|c|âPrankster|come on
|c|âPrankster|sigh
|
|switch|p2a: Charizard|Charizard-Mega-Y, M|301\/301 par
|-weather|SunnyDay
|move|p1a: Ferrothorn|Stealth Rock|p2a: Charizard
|-sidestart|p2: Prankster|move: Stealth Rock
|
|-weather|SunnyDay|[upkeep]
|turn|26
|
|switch|p1a: Latias|Latias, F|181\/302
|move|p2a: Charizard|Flamethrower|p1a: Latias
|-resisted|p1a: Latias
|-damage|p1a: Latias|57\/302
|
|-weather|SunnyDay|[upkeep]
|turn|27
|
|move|p1a: Latias|Draco Meteor|p2a: Charizard
|-damage|p2a: Charizard|71\/301 par
|-unboost|p1a: Latias|spa|2
|-damage|p1a: Latias|27\/302|[from] item: Life Orb
|move|p2a: Charizard|Roost|p2a: Charizard
|-heal|p2a: Charizard|222\/301 par
|
|-weather|SunnyDay|[upkeep]
|turn|28
|
|switch|p1a: Ferrothorn|Ferrothorn, F|203\/352
|-damage|p1a: Ferrothorn|159\/352|[from] Spikes
|move|p2a: Charizard|Flamethrower|p1a: Ferrothorn
|-supereffective|p1a: Ferrothorn
|-damage|p1a: Ferrothorn|0 fnt
|faint|p1a: Ferrothorn
|
|-weather|SunnyDay|[upkeep]
|
|switch|p1a: Victini|Victini|185\/341
|-damage|p1a: Victini|143\/341|[from] Spikes
|turn|29
|
|switch|p2a: Ferrothorn|Ferrothorn, F|43\/352 brn
|-damage|p2a: Ferrothorn|21\/352 brn|[from] Stealth Rock
|move|p1a: Victini|V-create|p2a: Ferrothorn
|-supereffective|p2a: Ferrothorn
|-damage|p2a: Ferrothorn|0 fnt
|-damage|p1a: Victini|101\/341|[from] ability: Iron Barbs|[of] p2a: Ferrothorn
|-unboost|p1a: Victini|def|1
|-unboost|p1a: Victini|spd|1
|-unboost|p1a: Victini|spe|1
|faint|p2a: Ferrothorn
|
|-weather|none
|
|switch|p2a: Latios|Latios, M|301\/301
|-damage|p2a: Latios|264\/301|[from] Stealth Rock
|turn|30
|
|switch|p1a: Clefable|Clefable, M|174\/394
|move|p2a: Latios|Psyshock|p1a: Clefable
|-damage|p1a: Clefable|18\/394
|-damage|p2a: Latios|234\/301|[from] item: Life Orb
|
|turn|31
|
|move|p2a: Latios|Psyshock|p1a: Clefable
|-damage|p1a: Clefable|0 fnt
|-damage|p2a: Latios|204\/301|[from] item: Life Orb
|faint|p1a: Clefable
|
|
|switch|p1a: Milady|Lopunny-Mega, F|271\/271
|-damage|p1a: Milady|238\/271|[from] Spikes
|turn|32
|c|âBlue Erlade|gg
|c|âBlue Erlade|Je peux pas win.
|
|switch|p2a: Tentacruel|Tentacruel, M|41\/356
|-damage|p2a: Tentacruel|0 fnt|[from] Stealth Rock
|faint|p2a: Tentacruel
|move|p1a: Milady|Return|p2: Tentacruel|[notarget]
|-notarget
|
|
|switch|p2a: Hippowdon|Hippowdon, F|307\/420
|-damage|p2a: Hippowdon|281\/420|[from] Stealth Rock
|turn|33
|
|move|p1a: Milady|High Jump Kick|p2a: Hippowdon
|-damage|p2a: Hippowdon|103\/420
|move|p2a: Hippowdon|Slack Off|p2a: Hippowdon
|-heal|p2a: Hippowdon|313\/420
|
|-heal|p2a: Hippowdon|339\/420|[from] item: Leftovers
|turn|34
|
|switch|p1a: Rotom-Wash|Rotom-Wash|303\/303
|move|p2a: Hippowdon|Stealth Rock|p1a: Rotom-Wash
|-sidestart|p1: Blue Erlade|move: Stealth Rock
|
|-heal|p2a: Hippowdon|365\/420|[from] item: Leftovers
|turn|35
|
|switch|p2a: Latios|Latios, M|204\/301
|-damage|p2a: Latios|167\/301|[from] Stealth Rock
|move|p1a: Rotom-Wash|Hydro Pump|p2a: Latios|[miss]
|-miss|p1a: Rotom-Wash|p2a: Latios
|
|turn|36
|
|move|p2a: Latios|Roost|p2a: Latios
|-heal|p2a: Latios|301\/301
|move|p1a: Rotom-Wash|Pain Split|p2a: Latios
|-sethp|p2a: Latios|301\/301|p1a: Rotom-Wash|302\/303|[from] move: Pain Split
|
|-heal|p1a: Rotom-Wash|303\/303|[from] item: Leftovers
|turn|37
|
|move|p2a: Latios|Psyshock|p1a: Rotom-Wash
|-damage|p1a: Rotom-Wash|163\/303
|-damage|p2a: Latios|271\/301|[from] item: Life Orb
|move|p1a: Rotom-Wash|Volt Switch|p2a: Latios
|-crit|p2a: Latios
|-resisted|p2a: Latios
|-damage|p2a: Latios|210\/301
|
|switch|p1a: Latias|Latias, F|27\/302
|-damage|p1a: Latias|0 fnt|[from] Stealth Rock
|faint|p1a: Latias
|
|
|switch|p1a: Milady|Lopunny-Mega, F|238\/271
|-damage|p1a: Milady|222\/271|[from] Stealth Rock
|-damage|p1a: Milady|189\/271|[from] Spikes
|turn|38
|
|switch|p2a: Charizard|Charizard-Mega-Y, M|222\/301 par
|-damage|p2a: Charizard|72\/301 par|[from] Stealth Rock
|-weather|SunnyDay
|move|p1a: Milady|Return|p2a: Charizard
|-damage|p2a: Charizard|0 fnt
|faint|p2a: Charizard
|
|-weather|SunnyDay|[upkeep]
|
|switch|p2a: Hippowdon|Hippowdon, F|365\/420
|-damage|p2a: Hippowdon|339\/420|[from] Stealth Rock
|turn|39
|
|move|p1a: Milady|Ice Punch|p2a: Hippowdon
|-supereffective|p2a: Hippowdon
|-damage|p2a: Hippowdon|217\/420
|move|p2a: Hippowdon|Earthquake|p1a: Milady
|-damage|p1a: Milady|47\/271
|
|-weather|SunnyDay|[upkeep]
|-heal|p2a: Hippowdon|243\/420|[from] item: Leftovers
|turn|40
|
|move|p1a: Milady|High Jump Kick|p2a: Hippowdon
|-damage|p2a: Hippowdon|81\/420
|move|p2a: Hippowdon|Slack Off|p2a: Hippowdon
|-heal|p2a: Hippowdon|291\/420
|
|-weather|SunnyDay|[upkeep]
|-heal|p2a: Hippowdon|317\/420|[from] item: Leftovers
|turn|41
|
|move|p1a: Milady|High Jump Kick|p2a: Hippowdon
|-damage|p2a: Hippowdon|145\/420
|move|p2a: Hippowdon|Slack Off|p2a: Hippowdon
|-heal|p2a: Hippowdon|355\/420
|
|-weather|SunnyDay|[upkeep]
|-heal|p2a: Hippowdon|381\/420|[from] item: Leftovers
|turn|42
|
|switch|p1a: Rotom-Wash|Rotom-Wash|163\/303
|-damage|p1a: Rotom-Wash|126\/303|[from] Stealth Rock
|move|p2a: Hippowdon|Earthquake|p1a: Rotom-Wash
|-immune|p1a: Rotom-Wash|[msg]
|
|-weather|none
|-heal|p1a: Rotom-Wash|144\/303|[from] item: Leftovers
|-heal|p2a: Hippowdon|407\/420|[from] item: Leftovers
|turn|43
|
|switch|p2a: Tyranitar|Tyranitar, M|299\/341 par
|-damage|p2a: Tyranitar|257\/341 par|[from] Stealth Rock
|-weather|Sandstorm
|move|p1a: Rotom-Wash|Pain Split|p2a: Tyranitar
|-sethp|p2a: Tyranitar|200\/341 par|p1a: Rotom-Wash|200\/303|[from] move: Pain Split
|
|-weather|Sandstorm|[upkeep]
|-damage|p1a: Rotom-Wash|182\/303|[from] sandstorm
|-heal|p1a: Rotom-Wash|200\/303|[from] item: Leftovers
|turn|44
|
|move|p1a: Rotom-Wash|Hydro Pump|p2a: Tyranitar
|-supereffective|p2a: Tyranitar
|-damage|p2a: Tyranitar|20\/341 par
|move|p2a: Tyranitar|Crunch|p1a: Rotom-Wash
|-damage|p1a: Rotom-Wash|101\/303
|
|-weather|Sandstorm|[upkeep]
|-damage|p1a: Rotom-Wash|83\/303|[from] sandstorm
|-heal|p1a: Rotom-Wash|101\/303|[from] item: Leftovers
|turn|45
|
|move|p1a: Rotom-Wash|Volt Switch|p2a: Tyranitar
|-damage|p2a: Tyranitar|0 fnt
|faint|p2a: Tyranitar
|
|switch|p1a: Milady|Lopunny-Mega, F|47\/271
|-damage|p1a: Milady|31\/271|[from] Stealth Rock
|-damage|p1a: Milady|0 fnt|[from] Spikes
|faint|p1a: Milady
|
|-weather|Sandstorm|[upkeep]
|c|âPrankster|gg
|
|switch|p1a: Victini|Victini|101\/341
|switch|p2a: Latios|Latios, M|210\/301
|-damage|p1a: Victini|59\/341|[from] Spikes
|-damage|p1a: Victini|0 fnt|[from] Stealth Rock
|faint|p1a: Victini
|-damage|p2a: Latios|173\/301|[from] Stealth Rock
|
|switch|p1a: Rotom-Wash|Rotom-Wash|101\/303
|-damage|p1a: Rotom-Wash|64\/303|[from] Stealth Rock
|turn|46
|c|âBlue Erlade|gg
|
|move|p2a: Latios|Psyshock|p1a: Rotom-Wash
|-damage|p1a: Rotom-Wash|0 fnt
|-damage|p2a: Latios|143\/301|[from] item: Life Orb
|faint|p1a: Rotom-Wash
|
|win|Prankster