|join|Blue Erlade
|join|stardust293
|player|p1|Blue Erlade|28
|player|p2|stardust293|2
|gametype|singles
|gen|6
|tier|OU (suspect test)
|rated
|clearpoke
|poke|p1|Landorus-Therian, M
|poke|p1|Latios, M
|poke|p1|Metagross
|poke|p1|Rotom-Wash
|poke|p1|Garchomp, F
|poke|p1|Magnezone
|poke|p2|Swampert, M
|poke|p2|Politoed, F
|poke|p2|Kabutops, F
|poke|p2|Sceptile, F
|poke|p2|Mew
|poke|p2|Zapdos
|rule|Swagger Clause: Swagger is banned
|rule|Baton Pass Clause: Limit one PokÃ©mon knowing Baton Pass
|rule|Sleep Clause Mod: Limit one foe put to sleep
|rule|Species Clause: Limit one of each PokÃ©mon
|rule|OHKO Clause: OHKO moves are banned
|rule|Moody Clause: Moody is banned
|rule|Evasion Moves Clause: Evasion moves are banned
|rule|Endless Battle Clause: Forcing endless battles is banned
|rule|HP Percentage Mod: HP is shown in percentages
|teampreview
|
|start
|switch|p1a: Magnezone|Magnezone|281\/281
|switch|p2a: Politoed|Politoed, F|384\/384
|-weather|RainDance
|turn|1
|
|switch|p2a: Mew|Mew|404\/404
|move|p1a: Magnezone|Substitute|p1a: Magnezone
|-start|p1a: Magnezone|Substitute
|-damage|p1a: Magnezone|211\/281
|
|-weather|RainDance|[upkeep]
|-heal|p1a: Magnezone|228\/281|[from] item: Leftovers
|turn|2
|
|move|p2a: Mew|Flamethrower|p1a: Magnezone
|-supereffective|p1a: Magnezone
|-end|p1a: Magnezone|Substitute
|move|p1a: Magnezone|Charge Beam|p2a: Mew
|-damage|p2a: Mew|340\/404
|-boost|p1a: Magnezone|spa|1
|
|-weather|RainDance|[upkeep]
|-heal|p2a: Mew|365\/404|[from] item: Leftovers
|-heal|p1a: Magnezone|245\/281|[from] item: Leftovers
|turn|3
|
|switch|p2a: Swampert|Swampert, M|351\/351
|move|p1a: Magnezone|Flash Cannon|p2a: Swampert
|-resisted|p2a: Swampert
|-damage|p2a: Swampert|253\/351
|
|-weather|RainDance|[upkeep]
|-heal|p1a: Magnezone|262\/281|[from] item: Leftovers
|turn|4
|
|switch|p1a: Rotom-Wash|Rotom-Wash|304\/304
|detailschange|p2a: Swampert|Swampert-Mega, M
|-mega|p2a: Swampert|Swampert|Swampertite
|move|p2a: Swampert|Earthquake|p1a: Rotom-Wash
|-immune|p1a: Rotom-Wash|[msg]
|
|-weather|RainDance|[upkeep]
|turn|5
|
|switch|p2a: Mew|Mew|365\/404
|move|p1a: Rotom-Wash|Will-O-Wisp|p2a: Mew
|-status|p2a: Mew|brn
|-status|p1a: Rotom-Wash|brn
|
|-weather|RainDance|[upkeep]
|-heal|p2a: Mew|390\/404 brn|[from] item: Leftovers
|-damage|p2a: Mew|340\/404 brn|[from] brn
|-damage|p1a: Rotom-Wash|266\/304 brn|[from] brn
|turn|6
|
|move|p2a: Mew|Stealth Rock|p1a: Rotom-Wash
|-sidestart|p1: Blue Erlade|move: Stealth Rock
|move|p1a: Rotom-Wash|Hydro Pump|p2a: Mew
|-damage|p2a: Mew|178\/404 brn
|
|-weather|RainDance|[upkeep]
|-heal|p2a: Mew|203\/404 brn|[from] item: Leftovers
|-heal|p1a: Rotom-Wash|285\/304 brn|[from] item: Leftovers
|-damage|p2a: Mew|153\/404 brn|[from] brn
|-damage|p1a: Rotom-Wash|247\/304 brn|[from] brn
|turn|7
|
|move|p2a: Mew|Roost|p2a: Mew
|-heal|p2a: Mew|355\/404 brn
|move|p1a: Rotom-Wash|Volt Switch|p2a: Mew
|-damage|p2a: Mew|286\/404 brn
|
|switch|p1a: Landorus-Therian|Landorus-Therian, M|354\/354
|-damage|p1a: Landorus-Therian|310\/354|[from] Stealth Rock
|-ability|p1a: Landorus-Therian|Intimidate|[of] p2a: Mew
|-unboost|p2a: Mew|atk|1
|
|-weather|RainDance|[upkeep]
|-heal|p2a: Mew|311\/404 brn|[from] item: Leftovers
|-damage|p2a: Mew|261\/404 brn|[from] brn
|turn|8
|
|move|p1a: Landorus-Therian|Knock Off|p2a: Mew
|-supereffective|p2a: Mew
|-damage|p2a: Mew|39\/404 brn
|-enditem|p2a: Mew|Leftovers|[from] move: Knock Off|[of] p1a: Landorus-Therian
|move|p2a: Mew|Ice Beam|p1a: Landorus-Therian
|-supereffective|p1a: Landorus-Therian
|-damage|p1a: Landorus-Therian|0 fnt
|faint|p1a: Landorus-Therian
|
|-weather|none
|-damage|p2a: Mew|0 fnt|[from] brn
|faint|p2a: Mew
|
|switch|p1a: Latios|Latios, M|301\/301
|switch|p2a: Politoed|Politoed, F|384\/384
|-damage|p1a: Latios|264\/301|[from] Stealth Rock
|-weather|RainDance
|turn|9
|
|move|p1a: Latios|Draco Meteor|p2a: Politoed
|-damage|p2a: Politoed|138\/384
|-unboost|p1a: Latios|spa|2
|-damage|p1a: Latios|234\/301|[from] item: Life Orb
|move|p2a: Politoed|Encore|p1a: Latios
|-start|p1a: Latios|Encore
|
|-weather|RainDance|[upkeep]
|turn|10
|
|switch|p2a: Zapdos|Zapdos|321\/321
|-ability|p2a: Zapdos|Pressure
|move|p1a: Latios|Draco Meteor|p2a: Zapdos
|-damage|p2a: Zapdos|173\/321
|-unboost|p1a: Latios|spa|2
|-damage|p1a: Latios|204\/301|[from] item: Life Orb
|
|-weather|RainDance|[upkeep]
|-heal|p2a: Zapdos|193\/321|[from] item: Leftovers
|turn|11
|
|switch|p1a: Garchomp|Garchomp, F|357\/357
|-damage|p1a: Garchomp|335\/357|[from] Stealth Rock
|move|p2a: Zapdos|Roost|p2a: Zapdos
|-heal|p2a: Zapdos|321\/321
|
|-weather|RainDance|[upkeep]
|turn|12
|
|switch|p2a: Sceptile|Sceptile, F|281\/281
|move|p1a: Garchomp|Swords Dance|p1a: Garchomp
|-boost|p1a: Garchomp|atk|2
|
|-weather|RainDance|[upkeep]
|turn|13
|
|move|p2a: Sceptile|Hidden Power|p1a: Garchomp
|-supereffective|p1a: Garchomp
|-damage|p1a: Garchomp|43\/357
|move|p1a: Garchomp|Outrage|p2a: Sceptile
|-damage|p2a: Sceptile|0 fnt
|faint|p2a: Sceptile
|
|-weather|RainDance|[upkeep]
|
|switch|p2a: Kabutops|Kabutops, F|261\/261
|turn|14
|
|move|p2a: Kabutops|Aqua Jet|p1a: Garchomp
|-damage|p1a: Garchomp|0 fnt
|-damage|p2a: Kabutops|229\/261|[from] ability: Rough Skin|[of] p1a: Garchomp
|-damage|p2a: Kabutops|203\/261|[from] item: Life Orb
|faint|p1a: Garchomp
|
|-weather|RainDance|[upkeep]
|
|switch|p1a: Metagross|Metagross|302\/302
|-damage|p1a: Metagross|284\/302|[from] Stealth Rock
|turn|15
|
|switch|p2a: Zapdos|Zapdos|321\/321
|-ability|p2a: Zapdos|Pressure
|detailschange|p1a: Metagross|Metagross-Mega
|-mega|p1a: Metagross|Metagross|Metagrossite
|move|p1a: Metagross|Meteor Mash|p2a: Zapdos|[miss]
|-miss|p1a: Metagross|p2a: Zapdos
|
|-weather|RainDance|[upkeep]
|turn|16
|
|move|p1a: Metagross|Ice Punch|p2a: Zapdos
|-supereffective|p2a: Zapdos
|-damage|p2a: Zapdos|11\/321
|move|p2a: Zapdos|Thunderbolt|p1a: Metagross
|-damage|p1a: Metagross|139\/302
|
|-weather|none
|-heal|p2a: Zapdos|31\/321|[from] item: Leftovers
|turn|17
|
|switch|p2a: Politoed|Politoed, F|138\/384
|-weather|RainDance
|move|p1a: Metagross|Zen Headbutt|p2a: Politoed
|-damage|p2a: Politoed|0 fnt
|faint|p2a: Politoed
|
|-weather|RainDance|[upkeep]
|
|switch|p2a: Swampert|Swampert-Mega, M|253\/351
|turn|18
|
|switch|p1a: Rotom-Wash|Rotom-Wash|247\/304 brn
|-damage|p1a: Rotom-Wash|209\/304 brn|[from] Stealth Rock
|move|p2a: Swampert|Waterfall|p1a: Rotom-Wash
|-resisted|p1a: Rotom-Wash
|-damage|p1a: Rotom-Wash|121\/304 brn
|
|-weather|RainDance|[upkeep]
|-heal|p1a: Rotom-Wash|140\/304 brn|[from] item: Leftovers
|-damage|p1a: Rotom-Wash|102\/304 brn|[from] brn
|turn|19
|
|switch|p2a: Zapdos|Zapdos|31\/321
|-ability|p2a: Zapdos|Pressure
|move|p1a: Rotom-Wash|Pain Split|p2a: Zapdos
|-sethp|p2a: Zapdos|66\/321|p1a: Rotom-Wash|66\/304 brn|[from] move: Pain Split
|
|-weather|RainDance|[upkeep]
|-heal|p2a: Zapdos|86\/321|[from] item: Leftovers
|-heal|p1a: Rotom-Wash|85\/304 brn|[from] item: Leftovers
|-damage|p1a: Rotom-Wash|47\/304 brn|[from] brn
|turn|20
|
|move|p2a: Zapdos|Thunderbolt|p1a: Rotom-Wash
|-damage|p1a: Rotom-Wash|0 fnt
|faint|p1a: Rotom-Wash
|
|-weather|RainDance|[upkeep]
|-heal|p2a: Zapdos|106\/321|[from] item: Leftovers
|
|switch|p1a: Latios|Latios, M|204\/301
|-damage|p1a: Latios|167\/301|[from] Stealth Rock
|turn|21
|
|move|p1a: Latios|Draco Meteor|p2a: Zapdos
|-damage|p2a: Zapdos|0 fnt
|-unboost|p1a: Latios|spa|2
|-damage|p1a: Latios|137\/301|[from] item: Life Orb
|faint|p2a: Zapdos
|
|-weather|RainDance|[upkeep]
|
|switch|p2a: Swampert|Swampert-Mega, M|253\/351
|turn|22
|
|switch|p1a: Magnezone|Magnezone|262\/281
|-damage|p1a: Magnezone|245\/281|[from] Stealth Rock
|move|p2a: Swampert|Ice Punch|p1a: Magnezone
|-resisted|p1a: Magnezone
|-damage|p1a: Magnezone|202\/281
|
|-weather|RainDance|[upkeep]
|-heal|p1a: Magnezone|219\/281|[from] item: Leftovers
|turn|23
|
|switch|p1a: Latios|Latios, M|137\/301
|-damage|p1a: Latios|100\/301|[from] Stealth Rock
|move|p2a: Swampert|Waterfall|p1a: Latios
|-resisted|p1a: Latios
|-damage|p1a: Latios|0 fnt
|faint|p1a: Latios
|
|-weather|RainDance|[upkeep]
|
|switch|p1a: Magnezone|Magnezone|219\/281
|-damage|p1a: Magnezone|202\/281|[from] Stealth Rock
|turn|24
|
|move|p2a: Swampert|Earthquake|p1a: Magnezone
|-supereffective|p1a: Magnezone
|-damage|p1a: Magnezone|0 fnt
|faint|p1a: Magnezone
|
|-weather|none
|
|switch|p1a: Metagross|Metagross-Mega|139\/302
|-damage|p1a: Metagross|121\/302|[from] Stealth Rock
|turn|25
|c|âBlue Erlade|gg
|
|move|p1a: Metagross|Zen Headbutt|p2a: Swampert
|-damage|p2a: Swampert|73\/351
|move|p2a: Swampert|Earthquake|p1a: Metagross
|-supereffective|p1a: Metagross
|-damage|p1a: Metagross|0 fnt
|faint|p1a: Metagross
|
|win|stardust293
|raw|Ladder updating...
|raw|Blue Erlade's rating: 1200 &rarr; <strong>1178<\/strong><br \/>(-22 for losing)
|raw|stardust293's rating: 1241 &rarr; <strong>1263<\/strong><br \/>(+22 for winning)
|leave|Blue Erlade
|player|p1
|c|âstardust293|gg