|join|skarmscream
|join|FlashyJoey
|player|p1|skarmscream|266
|player|p2|FlashyJoey|33
|gametype|singles
|gen|6
|tier|OU
|rated
|clearpoke
|poke|p1|Heracross, M
|poke|p1|Heatran, F
|poke|p1|Ferrothorn, F
|poke|p1|Azumarill, F
|poke|p1|Zapdos
|poke|p1|Kyurem-Black
|poke|p2|Manaphy
|poke|p2|Talonflame, F
|poke|p2|Manectric, F
|poke|p2|Excadrill, F
|poke|p2|Celebi
|poke|p2|Tyranitar, F
|rule|Swagger Clause: Swagger is banned
|rule|Baton Pass Clause: Limit one PokÃ©mon knowing Baton Pass
|rule|Sleep Clause Mod: Limit one foe put to sleep
|rule|Species Clause: Limit one of each PokÃ©mon
|rule|OHKO Clause: OHKO moves are banned
|rule|Moody Clause: Moody is banned
|rule|Evasion Moves Clause: Evasion moves are banned
|rule|Endless Battle Clause: Forcing endless battles is banned
|rule|HP Percentage Mod: HP is shown in percentages
|teampreview
|
|start
|switch|p1a: Zapdos|Zapdos|322\/322
|switch|p2a: Tyranitar|Tyranitar, F|341\/341
|-weather|Sandstorm
|-ability|p1a: Zapdos|Pressure
|turn|1
|
|move|p2a: Tyranitar|Stone Edge|p1a: Zapdos
|-supereffective|p1a: Zapdos
|-damage|p1a: Zapdos|0 fnt
|faint|p1a: Zapdos
|
|-weather|Sandstorm|[upkeep]
|
|switch|p1a: Heracross|Heracross, M|302\/302
|turn|2
|
|switch|p2a: Manaphy|Manaphy|400\/400
|detailschange|p1a: Heracross|Heracross-Mega, M
|message|Heracross has Mega Evolved into Mega Heracross!
|move|p1a: Heracross|Rock Blast|p2a: Manaphy|[miss]
|-miss|p1a: Heracross|p2a: Manaphy
|
|-weather|Sandstorm|[upkeep]
|-damage|p1a: Heracross|284\/302|[from] sandstorm
|-damage|p2a: Manaphy|375\/400|[from] sandstorm
|-heal|p2a: Manaphy|400\/400|[from] item: Leftovers
|turn|3
|
|switch|p2a: Talonflame|Talonflame, F|351\/351
|move|p1a: Heracross|Bullet Seed|p2a: Talonflame
|-resisted|p2a: Talonflame
|-damage|p2a: Talonflame|338\/351
|-resisted|p2a: Talonflame
|-damage|p2a: Talonflame|326\/351
|-resisted|p2a: Talonflame
|-damage|p2a: Talonflame|314\/351
|-resisted|p2a: Talonflame
|-damage|p2a: Talonflame|303\/351
|-resisted|p2a: Talonflame
|-damage|p2a: Talonflame|290\/351
|-hitcount|p2a: Talonflame|5
|
|-weather|Sandstorm|[upkeep]
|-damage|p2a: Talonflame|269\/351|[from] sandstorm
|-damage|p1a: Heracross|266\/302|[from] sandstorm
|-heal|p2a: Talonflame|290\/351|[from] item: Leftovers
|turn|4
|
|switch|p1a: Ferrothorn|Ferrothorn, F|352\/352
|move|p2a: Talonflame|Brave Bird|p1a: Ferrothorn
|-damage|p1a: Ferrothorn|280\/352
|-damage|p2a: Talonflame|247\/351|[from] ability: Iron Barbs|[of] p1a: Ferrothorn
|-damage|p2a: Talonflame|189\/351|[from] item: Rocky Helmet|[of] p1a: Ferrothorn
|-damage|p2a: Talonflame|165\/351|[from] recoil|[of] p1a: Ferrothorn
|
|-weather|Sandstorm|[upkeep]
|-damage|p2a: Talonflame|144\/351|[from] sandstorm
|-heal|p2a: Talonflame|165\/351|[from] item: Leftovers
|turn|5
|
|move|p2a: Talonflame|Taunt|p1a: Ferrothorn
|-start|p1a: Ferrothorn|move: Taunt
|cant|p1a: Ferrothorn|move: Taunt|Spikes
|
|-weather|none
|-heal|p2a: Talonflame|186\/351|[from] item: Leftovers
|turn|6
|
|switch|p2a: Excadrill|Excadrill, F|362\/362
|-item|p2a: Excadrill|Air Balloon
|switch|p1a: Heatran|Heatran, F|386\/386
|
|turn|7
|
|switch|p1a: Ferrothorn|Ferrothorn, F|280\/352
|move|p2a: Excadrill|Earthquake|p1a: Ferrothorn
|-damage|p1a: Ferrothorn|160\/352
|
|turn|8
|
|move|p2a: Excadrill|Earthquake|p1a: Ferrothorn
|-damage|p1a: Ferrothorn|42\/352
|move|p1a: Ferrothorn|Power Whip|p2a: Excadrill
|-damage|p2a: Excadrill|154\/362
|-enditem|p2a: Excadrill|Air Balloon
|
|turn|9
|
|switch|p1a: Azumarill|Azumarill, F|401\/401
|move|p2a: Excadrill|Earthquake|p1a: Azumarill
|-damage|p1a: Azumarill|142\/401
|
|turn|10
|
|switch|p2a: Manaphy|Manaphy|400\/400
|move|p1a: Azumarill|Knock Off|p2a: Manaphy
|-damage|p2a: Manaphy|305\/400
|-enditem|p2a: Manaphy|Leftovers|[from] move: Knock Off|[of] p1a: Azumarill
|
|turn|11
|
|switch|p1a: Ferrothorn|Ferrothorn, F|42\/352
|move|p2a: Manaphy|Rain Dance|p2a: Manaphy
|-weather|RainDance
|
|-weather|RainDance|[upkeep]
|turn|12
|
|move|p2a: Manaphy|Scald|p1a: Ferrothorn
|-resisted|p1a: Ferrothorn
|-damage|p1a: Ferrothorn|0 fnt
|faint|p1a: Ferrothorn
|
|-weather|RainDance|[upkeep]
|
|switch|p1a: Kyurem-Black|Kyurem-Black|391\/391
|-ability|p1a: Kyurem-Black|Teravolt
|turn|13
|
|move|p1a: Kyurem-Black|Outrage|p2a: Manaphy
|-damage|p2a: Manaphy|118\/400
|move|p2a: Manaphy|Scald|p1a: Kyurem-Black
|-resisted|p1a: Kyurem-Black
|-damage|p1a: Kyurem-Black|304\/391
|
|-weather|RainDance|[upkeep]
|turn|14
|
|move|p1a: Kyurem-Black|Outrage|p2a: Manaphy
|-damage|p2a: Manaphy|0 fnt
|faint|p2a: Manaphy
|
|-weather|RainDance|[upkeep]
|
|switch|p2a: Tyranitar|Tyranitar, F|341\/341
|-weather|Sandstorm
|turn|15
|
|move|p1a: Kyurem-Black|Outrage|p2a: Tyranitar
|-damage|p2a: Tyranitar|118\/341
|move|p2a: Tyranitar|Stone Edge|p1a: Kyurem-Black
|-crit|p1a: Kyurem-Black
|-supereffective|p1a: Kyurem-Black
|-damage|p1a: Kyurem-Black|0 fnt
|faint|p1a: Kyurem-Black
|
|-weather|Sandstorm|[upkeep]
|
|switch|p1a: Heracross|Heracross-Mega, M|266\/302
|turn|16
|
|move|p2a: Tyranitar|Stone Edge|p1a: Heracross|[miss]
|-miss|p2a: Tyranitar|p1a: Heracross
|move|p1a: Heracross|Rock Blast|p2a: Tyranitar
|-crit|p2a: Tyranitar
|-damage|p2a: Tyranitar|66\/341
|-damage|p2a: Tyranitar|29\/341
|-damage|p2a: Tyranitar|0 fnt
|-hitcount|p2a: Tyranitar|3
|faint|p2a: Tyranitar
|
|-weather|Sandstorm|[upkeep]
|-damage|p1a: Heracross|248\/302|[from] sandstorm
|
|switch|p2a: Manectric|Manectric, F|281\/281
|turn|17
|
|switch|p1a: Heatran|Heatran, F|386\/386
|detailschange|p2a: Manectric|Manectric-Mega, F
|message|Manectric has Mega Evolved into Mega Manectric!
|-ability|p2a: Manectric|Intimidate|[of] p1a: Heatran
|-unboost|p1a: Heatran|atk|1
|move|p2a: Manectric|Volt Switch|p1a: Heatran
|-damage|p1a: Heatran|292\/386
|
|switch|p2a: Excadrill|Excadrill, F|154\/362
|
|-weather|Sandstorm|[upkeep]
|-heal|p1a: Heatran|316\/386|[from] item: Leftovers
|turn|18
|
|switch|p1a: Heracross|Heracross-Mega, M|248\/302
|move|p2a: Excadrill|Earthquake|p1a: Heracross
|-resisted|p1a: Heracross
|-damage|p1a: Heracross|152\/302
|
|-weather|Sandstorm|[upkeep]
|-damage|p1a: Heracross|134\/302|[from] sandstorm
|turn|19
|
|move|p2a: Excadrill|Iron Head|p1a: Heracross
|-damage|p1a: Heracross|0 fnt
|faint|p1a: Heracross
|
|-weather|none
|
|switch|p1a: Azumarill|Azumarill, F|142\/401
|turn|20
|
|switch|p2a: Celebi|Celebi|404\/404
|move|p1a: Azumarill|Waterfall|p2a: Celebi
|-resisted|p2a: Celebi
|-damage|p2a: Celebi|312\/404
|
|-heal|p2a: Celebi|337\/404|[from] item: Leftovers
|turn|21
|
|move|p2a: Celebi|Baton Pass|p2a: Celebi
|
|switch|p2a: Talonflame|Talonflame, F|186\/351
|move|p1a: Azumarill|Knock Off|p2a: Talonflame
|-damage|p2a: Talonflame|6\/351
|-enditem|p2a: Talonflame|Leftovers|[from] move: Knock Off|[of] p1a: Azumarill
|
|turn|22
|
|move|p2a: Talonflame|Brave Bird|p1a: Azumarill
|-damage|p1a: Azumarill|6\/401
|-damage|p2a: Talonflame|0 fnt|[from] recoil|[of] p1a: Azumarill
|faint|p2a: Talonflame
|move|p1a: Azumarill|Aqua Jet|p2: Talonflame|[notarget]
|-notarget
|
|
|switch|p2a: Manectric|Manectric-Mega, F|281\/281
|-ability|p2a: Manectric|Intimidate|[of] p1a: Azumarill
|-unboost|p1a: Azumarill|atk|1
|turn|23
|
|switch|p1a: Heatran|Heatran, F|316\/386
|move|p2a: Manectric|Volt Switch|p1a: Heatran
|-damage|p1a: Heatran|222\/386
|
|switch|p2a: Excadrill|Excadrill, F|154\/362
|
|-heal|p1a: Heatran|246\/386|[from] item: Leftovers
|turn|24
|
|move|p2a: Excadrill|Earthquake|p1a: Heatran
|-supereffective|p1a: Heatran
|-damage|p1a: Heatran|0 fnt
|faint|p1a: Heatran
|
|
|switch|p1a: Azumarill|Azumarill, F|6\/401
|turn|25
|
|move|p1a: Azumarill|Aqua Jet|p2a: Excadrill
|-supereffective|p2a: Excadrill
|-damage|p2a: Excadrill|0 fnt
|faint|p2a: Excadrill
|
|
|switch|p2a: Celebi|Celebi|337\/404
|turn|26
|
|move|p2a: Celebi|Giga Drain|p1a: Azumarill
|-supereffective|p1a: Azumarill
|-damage|p1a: Azumarill|0 fnt
|-heal|p2a: Celebi|340\/404|[from] drain|[of] p1a: Azumarill
|faint|p1a: Azumarill
|
|win|FlashyJoey
|raw|Ladder updating...
|raw|skarmscream's rating: 1512 &rarr; <strong>1493<\/strong><br \/>(-19 for losing)
|raw|FlashyJoey's rating: 1534 &rarr; <strong>1553<\/strong><br \/>(+19 for winning)
|leave|skarmscream
|player|p1