|join|This game is aids
|join|FlashyJoey
|player|p1|This game is aids|4
|player|p2|FlashyJoey|33
|gametype|singles
|gen|6
|tier|OU
|rated
|clearpoke
|poke|p1|Tyranitar, F
|poke|p1|Excadrill, M
|poke|p1|Greninja, F
|poke|p1|Pinsir, M
|poke|p1|Talonflame, M
|poke|p1|Dragonite, M
|poke|p2|Chansey, F
|poke|p2|Latios, M
|poke|p2|Skarmory, M
|poke|p2|Keldeo
|poke|p2|Clefable, M
|poke|p2|Alakazam, F
|rule|Swagger Clause: Swagger is banned
|rule|Baton Pass Clause: Limit one PokÃ©mon knowing Baton Pass
|rule|Sleep Clause Mod: Limit one foe put to sleep
|rule|Species Clause: Limit one of each PokÃ©mon
|rule|OHKO Clause: OHKO moves are banned
|rule|Moody Clause: Moody is banned
|rule|Evasion Moves Clause: Evasion moves are banned
|rule|Endless Battle Clause: Forcing endless battles is banned
|rule|HP Percentage Mod: HP is shown in percentages
|teampreview
|
|start
|switch|p1a: Talonflame|Talonflame, M|309\/309
|switch|p2a: Skarmory|Skarmory, M|334\/334
|turn|1
|
|move|p1a: Talonflame|Flare Blitz|p2a: Skarmory
|-supereffective|p2a: Skarmory
|-damage|p2a: Skarmory|146\/334
|-damage|p1a: Talonflame|258\/309|[from] item: Rocky Helmet|[of] p2a: Skarmory
|-damage|p1a: Talonflame|196\/309|[from] recoil|[of] p2a: Skarmory
|move|p2a: Skarmory|Stealth Rock|p1a: Talonflame
|-sidestart|p1: This game is aids|move: Stealth Rock
|
|turn|2
|
|switch|p2a: Chansey|Chansey, F|704\/704
|move|p1a: Talonflame|Flare Blitz|p2a: Chansey
|-damage|p2a: Chansey|472\/704
|-damage|p1a: Talonflame|119\/309|[from] recoil|[of] p2a: Chansey
|
|turn|3
|
|switch|p1a: Excadrill|Excadrill, M|369\/369
|-damage|p1a: Excadrill|358\/369|[from] Stealth Rock
|move|p2a: Chansey|Thunder Wave|p1a: Excadrill
|-immune|p1a: Excadrill|[msg]
|
|turn|4
|
|switch|p2a: Skarmory|Skarmory, M|146\/334
|move|p1a: Excadrill|Rapid Spin|p2a: Skarmory
|-resisted|p2a: Skarmory
|-damage|p2a: Skarmory|137\/334
|-damage|p1a: Excadrill|297\/369|[from] item: Rocky Helmet|[of] p2a: Skarmory
|-sideend|p1: This game is aids|Stealth Rock|[from] move: Rapid Spin|[of] p1a: Excadrill
|-damage|p1a: Excadrill|261\/369|[from] item: Life Orb
|
|turn|5
|
|switch|p1a: Tyranitar|Tyranitar, F|341\/341
|-weather|Sandstorm
|move|p2a: Skarmory|Roost|p2a: Skarmory
|-heal|p2a: Skarmory|304\/334
|
|-weather|Sandstorm|[upkeep]
|turn|6
|
|move|p1a: Tyranitar|Fire Blast|p2a: Skarmory
|-supereffective|p2a: Skarmory
|-damage|p2a: Skarmory|18\/334
|move|p2a: Skarmory|Stealth Rock|p1a: Tyranitar
|-sidestart|p1: This game is aids|move: Stealth Rock
|
|-weather|Sandstorm|[upkeep]
|turn|7
|
|switch|p2a: Keldeo|Keldeo|322\/322
|move|p1a: Tyranitar|Stealth Rock|p2a: Keldeo
|-sidestart|p2: FlashyJoey|move: Stealth Rock
|
|-weather|Sandstorm|[upkeep]
|-damage|p2a: Keldeo|302\/322|[from] sandstorm
|turn|8
|-message|FlashyJoey forfeited.
|
|win|This game is aids
|raw|Ladder updating...
|raw|This game is aids's rating: 1390 &rarr; <strong>1408<\/strong><br \/>(+18 for winning)
|raw|FlashyJoey's rating: 1354 &rarr; <strong>1336<\/strong><br \/>(-18 for losing)
|leave|FlashyJoey
|player|p2