|join|FlashyJoey
|join|cancerous95
|player|p1|FlashyJoey|33
|player|p2|cancerous95|292
|gametype|singles
|gen|6
|tier|OU
|rated
|clearpoke
|poke|p1|Starmie
|poke|p1|Chesnaught, F
|poke|p1|Talonflame, M
|poke|p1|Excadrill, F
|poke|p1|Tyranitar, F
|poke|p1|Gardevoir, M
|poke|p2|Latias, F
|poke|p2|Talonflame, M
|poke|p2|Landorus-Therian, M
|poke|p2|Scizor, F
|poke|p2|Heatran, M
|poke|p2|Raikou
|rule|Swagger Clause: Swagger is banned
|rule|Baton Pass Clause: Limit one PokÃ©mon knowing Baton Pass
|rule|Sleep Clause Mod: Limit one foe put to sleep
|rule|Species Clause: Limit one of each PokÃ©mon
|rule|OHKO Clause: OHKO moves are banned
|rule|Moody Clause: Moody is banned
|rule|Evasion Moves Clause: Evasion moves are banned
|rule|Endless Battle Clause: Forcing endless battles is banned
|rule|HP Percentage Mod: HP is shown in percentages
|teampreview
|
|start
|switch|p1a: Chesnaught|Chesnaught, F|379\/379
|switch|p2a: Landorus-Therian|Landorus-Therian, M|378\/378
|-ability|p2a: Landorus-Therian|Intimidate|[of] p1a: Chesnaught
|-unboost|p1a: Chesnaught|atk|1
|turn|1
|
|move|p2a: Landorus-Therian|Stealth Rock|p1a: Chesnaught
|-sidestart|p1: FlashyJoey|move: Stealth Rock
|move|p1a: Chesnaught|Spikes|p2a: Landorus-Therian
|-sidestart|p2: cancerous95|Spikes
|
|turn|2
|
|move|p2a: Landorus-Therian|U-turn|p1a: Chesnaught
|-damage|p1a: Chesnaught|326\/379
|
|switch|p2a: Talonflame|Talonflame, M|322\/322
|move|p1a: Chesnaught|Spikes|p2a: Talonflame
|-sidestart|p2: cancerous95|Spikes
|
|-heal|p1a: Chesnaught|349\/379|[from] item: Leftovers
|turn|3
|
|switch|p1a: Tyranitar|Tyranitar, F|341\/341
|-damage|p1a: Tyranitar|299\/341|[from] Stealth Rock
|-weather|Sandstorm
|move|p2a: Talonflame|Brave Bird|p1a: Tyranitar
|-resisted|p1a: Tyranitar
|-damage|p1a: Tyranitar|239\/341
|-damage|p2a: Talonflame|302\/322|[from] recoil|[of] p1a: Tyranitar
|
|-weather|Sandstorm|[upkeep]
|-damage|p2a: Talonflame|282\/322|[from] sandstorm
|-heal|p2a: Talonflame|302\/322|[from] item: Leftovers
|turn|4
|
|switch|p2a: Landorus-Therian|Landorus-Therian, M|378\/378
|-ability|p2a: Landorus-Therian|Intimidate|[of] p1a: Tyranitar
|-unboost|p1a: Tyranitar|atk|1
|move|p1a: Tyranitar|Stealth Rock|p2a: Landorus-Therian
|-sidestart|p2: cancerous95|move: Stealth Rock
|
|-weather|Sandstorm|[upkeep]
|turn|5
|
|switch|p1a: Chesnaught|Chesnaught, F|349\/379
|-damage|p1a: Chesnaught|326\/379|[from] Stealth Rock
|move|p2a: Landorus-Therian|U-turn|p1a: Chesnaught
|-damage|p1a: Chesnaught|268\/379
|
|switch|p2a: Latias|Latias, F|301\/301
|-damage|p2a: Latias|264\/301|[from] Stealth Rock
|
|-weather|Sandstorm|[upkeep]
|-damage|p2a: Latias|246\/301|[from] sandstorm
|-damage|p1a: Chesnaught|245\/379|[from] sandstorm
|-heal|p1a: Chesnaught|268\/379|[from] item: Leftovers
|turn|6
|
|switch|p1a: Gardevoir|Gardevoir, M|277\/277
|-damage|p1a: Gardevoir|243\/277|[from] Stealth Rock
|-ability|p1a: Gardevoir|Levitate|[from] ability: Trace|[of] p2a: Latias
|move|p2a: Latias|Defog|p1a: Gardevoir
|-unboost|p1a: Gardevoir|evasion|1
|-sideend|p1: FlashyJoey|Stealth Rock|[from] move: Defog|[of] p1a: Gardevoir
|-sideend|p2: cancerous95|Spikes|[from] move: Defog|[of] p2a: Latias
|-sideend|p2: cancerous95|Stealth Rock|[from] move: Defog|[of] p2a: Latias
|
|-weather|Sandstorm|[upkeep]
|-damage|p2a: Latias|228\/301|[from] sandstorm
|-damage|p1a: Gardevoir|226\/277|[from] sandstorm
|turn|7
|
|switch|p2a: TooManyResistances|Heatran, M|350\/350
|switch|p1a: Tyranitar|Tyranitar, F|239\/341
|
|-weather|none
|turn|8
|
|move|p1a: Tyranitar|Superpower|p2a: TooManyResistances
|-supereffective|p2a: TooManyResistances
|-damage|p2a: TooManyResistances|70\/350
|-unboost|p1a: Tyranitar|atk|1
|-unboost|p1a: Tyranitar|def|1
|move|p2a: TooManyResistances|Taunt|p1a: Tyranitar
|-start|p1a: Tyranitar|move: Taunt
|
|-heal|p2a: TooManyResistances|91\/350|[from] item: Leftovers
|turn|9
|
|switch|p1a: Starmie|Starmie|323\/323
|switch|p2a: Scizor|Scizor, F|291\/291
|
|turn|10
|
|switch|p1a: Talonflame|Talonflame, M|351\/351
|detailschange|p2a: Scizor|Scizor-Mega, F
|-mega|p2a: Scizor|Scizor|Scizorite
|move|p2a: Scizor|U-turn|p1a: Talonflame
|-resisted|p1a: Talonflame
|-damage|p1a: Talonflame|311\/351
|
|switch|p2a: Landorus-Therian|Landorus-Therian, M|378\/378
|-ability|p2a: Landorus-Therian|Intimidate|[of] p1a: Talonflame
|-unboost|p1a: Talonflame|atk|1
|
|-heal|p1a: Talonflame|332\/351|[from] item: Leftovers
|turn|11
|
|move|p1a: Talonflame|Taunt|p2a: Landorus-Therian
|-start|p2a: Landorus-Therian|move: Taunt
|move|p2a: Landorus-Therian|Knock Off|p1a: Talonflame
|-damage|p1a: Talonflame|190\/351
|-enditem|p1a: Talonflame|Leftovers|[from] move: Knock Off|[of] p2a: Landorus-Therian
|
|turn|12
|
|switch|p2a: Raikou|Raikou|321\/321
|-ability|p2a: Raikou|Pressure
|move|p1a: Talonflame|Taunt|p2a: Raikou
|-start|p2a: Raikou|move: Taunt
|
|turn|13
|c|âcancerous95|oh god you're that set
|
|move|p1a: Talonflame|Roost|p1a: Talonflame
|-heal|p1a: Talonflame|351\/351
|move|p2a: Raikou|Thunderbolt|p1a: Talonflame
|-damage|p1a: Talonflame|155\/351
|
|turn|14
|c|âcancerous95|I actually like that set
|
|switch|p1a: Excadrill|Excadrill, F|361\/361
|move|p2a: Raikou|Thunderbolt|p1a: Excadrill
|-immune|p1a: Excadrill|[msg]
|
|turn|15
|
|switch|p2a: Landorus-Therian|Landorus-Therian, M|378\/378
|-ability|p2a: Landorus-Therian|Intimidate|[of] p1a: Excadrill
|-unboost|p1a: Excadrill|atk|1
|switch|p1a: Gardevoir|Gardevoir, M|226\/277
|-ability|p1a: Gardevoir|Intimidate|[from] ability: Trace|[of] p2a: Landorus-Therian
|-ability|p1a: Gardevoir|Intimidate|[of] p2a: Landorus-Therian
|-unboost|p2a: Landorus-Therian|atk|1
|
|turn|16
|
|detailschange|p1a: Gardevoir|Gardevoir-Mega, M
|-mega|p1a: Gardevoir|Gardevoir|Gardevoirite
|move|p1a: Gardevoir|Hyper Voice|p2a: Landorus-Therian
|-damage|p2a: Landorus-Therian|104\/378
|move|p2a: Landorus-Therian|Stealth Rock|p1a: Gardevoir
|-sidestart|p1: FlashyJoey|move: Stealth Rock
|
|-heal|p2a: Landorus-Therian|127\/378|[from] item: Leftovers
|turn|17
|
|move|p1a: Gardevoir|Hyper Voice|p2a: Landorus-Therian
|-damage|p2a: Landorus-Therian|0 fnt
|faint|p2a: Landorus-Therian
|
|
|switch|p2a: Scizor|Scizor-Mega, F|291\/291
|turn|18
|
|move|p1a: Gardevoir|Hidden Power|p2a: Scizor
|-supereffective|p2a: Scizor
|-damage|p2a: Scizor|0 fnt
|faint|p2a: Scizor
|
|
|switch|p2a: Raikou|Raikou|321\/321
|-ability|p2a: Raikou|Pressure
|turn|19
|
|move|p2a: Raikou|Shadow Ball|p1a: Gardevoir
|-supereffective|p1a: Gardevoir
|-damage|p1a: Gardevoir|38\/277
|move|p1a: Gardevoir|Hyper Voice|p2a: Raikou
|-damage|p2a: Raikou|56\/321
|
|turn|20
|
|switch|p2a: TooManyResistances|Heatran, M|91\/350
|switch|p1a: Tyranitar|Tyranitar, F|239\/341
|-damage|p1a: Tyranitar|197\/341|[from] Stealth Rock
|-weather|Sandstorm
|
|-weather|Sandstorm|[upkeep]
|-heal|p2a: TooManyResistances|112\/350|[from] item: Leftovers
|turn|21
|-message|cancerous95 forfeited.
|
|win|FlashyJoey
|raw|Ladder updating...
|leave|cancerous95
|player|p2
|raw|FlashyJoey's rating: 1456 &rarr; <strong>1472<\/strong><br \/>(+16 for winning)
|raw|cancerous95's rating: 1370 &rarr; <strong>1355<\/strong><br \/>(-15 for losing)