|join|FlashyJoey
|join|Kid Jumpluff
|player|p1|FlashyJoey|33
|player|p2|Kid Jumpluff|98
|gametype|singles
|gen|6
|tier|OU
|rated
|clearpoke
|poke|p1|Starmie
|poke|p1|Chesnaught, F
|poke|p1|Talonflame, F
|poke|p1|Excadrill, M
|poke|p1|Tyranitar, M
|poke|p1|Gardevoir, F
|poke|p2|Kyurem-Black, shiny
|poke|p2|Sableye, M
|poke|p2|Gothitelle, M
|poke|p2|Diggersby, F, shiny
|poke|p2|Scizor, F
|poke|p2|Manaphy
|rule|Swagger Clause: Swagger is banned
|rule|Baton Pass Clause: Limit one PokÃ©mon knowing Baton Pass
|rule|Sleep Clause Mod: Limit one foe put to sleep
|rule|Species Clause: Limit one of each PokÃ©mon
|rule|OHKO Clause: OHKO moves are banned
|rule|Moody Clause: Moody is banned
|rule|Evasion Moves Clause: Evasion moves are banned
|rule|Endless Battle Clause: Forcing endless battles is banned
|rule|HP Percentage Mod: HP is shown in percentages
|teampreview
|join|DrShamu
|
|start
|switch|p1a: Gardevoir|Gardevoir, F|289\/289
|switch|p2a: Floppy Dick|Diggersby, F, shiny|311\/311
|-ability|p1a: Gardevoir|Huge Power|[from] ability: Trace|[of] p2a: Floppy Dick
|turn|1
|
|switch|p1a: Talonflame|Talonflame, F|351\/351
|move|p2a: Floppy Dick|Frustration|p1a: Talonflame
|-damage|p1a: Talonflame|102\/351
|
|-heal|p1a: Talonflame|123\/351|[from] item: Leftovers
|turn|2
|
|switch|p1a: Chesnaught|Chesnaught, F|379\/379
|move|p2a: Floppy Dick|Frustration|p1a: Chesnaught
|-crit|p1a: Chesnaught
|-damage|p1a: Chesnaught|178\/379
|
|-heal|p1a: Chesnaught|201\/379|[from] item: Leftovers
|turn|3
|
|switch|p2a: Hollister|Gothitelle, M|343\/343
|switch|p1a: Tyranitar|Tyranitar, M|341\/341
|-weather|Sandstorm
|
|-weather|Sandstorm|[upkeep]
|-damage|p2a: Hollister|322\/343|[from] sandstorm
|turn|4
|
|move|p2a: Hollister|Trick|p1a: Tyranitar
|-activate|p2a: Hollister|move: Trick|[of] p1a: Tyranitar
|-item|p1a: Tyranitar|Choice Scarf|[from] move: Trick
|-item|p2a: Hollister|Smooth Rock|[from] move: Trick
|move|p1a: Tyranitar|Pursuit|p2a: Hollister
|-supereffective|p2a: Hollister
|-damage|p2a: Hollister|218\/343
|
|-weather|Sandstorm|[upkeep]
|-damage|p2a: Hollister|197\/343|[from] sandstorm
|turn|5
|
|move|p1a: Tyranitar|Pursuit|p2a: Hollister|[from]Pursuit
|-supereffective|p2a: Hollister
|-damage|p2a: Hollister|0 fnt
|faint|p2a: Hollister
|
|-weather|Sandstorm|[upkeep]
|
|switch|p2a: Floppy Dick|Diggersby, F, shiny|311\/311
|turn|6
|
|switch|p1a: Chesnaught|Chesnaught, F|201\/379
|move|p2a: Floppy Dick|Frustration|p1a: Chesnaught
|-damage|p1a: Chesnaught|60\/379
|
|-weather|Sandstorm|[upkeep]
|-damage|p1a: Chesnaught|37\/379|[from] sandstorm
|-heal|p1a: Chesnaught|60\/379|[from] item: Leftovers
|turn|7
|
|switch|p1a: Excadrill|Excadrill, M|361\/361
|move|p2a: Floppy Dick|Frustration|p1a: Excadrill
|-resisted|p1a: Excadrill
|-damage|p1a: Excadrill|187\/361
|
|-weather|Sandstorm|[upkeep]
|turn|8
|
|switch|p2a: Red Pen15|Scizor, F|343\/343
|move|p1a: Excadrill|Earthquake|p2a: Red Pen15
|-damage|p2a: Red Pen15|155\/343
|-damage|p1a: Excadrill|151\/361|[from] item: Life Orb
|
|-weather|Sandstorm|[upkeep]
|-heal|p2a: Red Pen15|176\/343|[from] item: Leftovers
|turn|9
|
|move|p1a: Excadrill|Earthquake|p2a: Red Pen15
|-damage|p2a: Red Pen15|0 fnt
|-damage|p1a: Excadrill|115\/361|[from] item: Life Orb
|faint|p2a: Red Pen15
|
|-weather|Sandstorm|[upkeep]
|
|switch|p2a: Floppy Dick|Diggersby, F, shiny|311\/311
|turn|10
|
|switch|p1a: Chesnaught|Chesnaught, F|60\/379
|move|p2a: Floppy Dick|Frustration|p1a: Chesnaught
|-damage|p1a: Chesnaught|0 fnt
|faint|p1a: Chesnaught
|
|-weather|none
|
|switch|p1a: Tyranitar|Tyranitar, M|341\/341
|-weather|Sandstorm
|turn|11
|
|move|p1a: Tyranitar|Pursuit|p2a: Floppy Dick|[from]Pursuit
|-damage|p2a: Floppy Dick|115\/311
|switch|p2a: Dual Shit|Manaphy|341\/341
|
|-weather|Sandstorm|[upkeep]
|-damage|p2a: Dual Shit|320\/341|[from] sandstorm
|-heal|p2a: Dual Shit|341\/341|[from] item: Leftovers
|turn|12
|
|switch|p1a: Gardevoir|Gardevoir, F|289\/289
|-ability|p1a: Gardevoir|Hydration|[from] ability: Trace|[of] p2a: Dual Shit
|move|p2a: Dual Shit|Surf|p1a: Gardevoir
|-damage|p1a: Gardevoir|172\/289
|
|-weather|Sandstorm|[upkeep]
|-damage|p2a: Dual Shit|320\/341|[from] sandstorm
|-damage|p1a: Gardevoir|154\/289|[from] sandstorm
|-heal|p2a: Dual Shit|341\/341|[from] item: Leftovers
|turn|13
|
|detailschange|p1a: Gardevoir|Gardevoir-Mega, F
|-mega|p1a: Gardevoir|Gardevoir|Gardevoirite
|move|p2a: Dual Shit|Surf|p1a: Gardevoir
|-damage|p1a: Gardevoir|57\/289
|move|p1a: Gardevoir|Hyper Voice|p2a: Dual Shit
|-crit|p2a: Dual Shit
|-damage|p2a: Dual Shit|0 fnt
|faint|p2a: Dual Shit
|
|-weather|Sandstorm|[upkeep]
|-damage|p1a: Gardevoir|39\/289|[from] sandstorm
|c|âFlashyJoey|sorry
|c|âKid Jumpluff|i think it didn't  matter
|
|switch|p2a: Niggachu|Kyurem-Black, shiny|395\/395
|-ability|p2a: Niggachu|Teravolt
|turn|14
|
|switch|p1a: Talonflame|Talonflame, F|123\/351
|move|p2a: Niggachu|Ice Beam|p1a: Talonflame
|-damage|p1a: Talonflame|2\/351
|
|-weather|Sandstorm|[upkeep]
|-damage|p2a: Niggachu|371\/395|[from] sandstorm
|-damage|p1a: Talonflame|0 fnt|[from] sandstorm
|faint|p1a: Talonflame
|
|switch|p1a: Excadrill|Excadrill, M|115\/361
|turn|15
|
|move|p1a: Excadrill|Iron Head|p2a: Niggachu
|-supereffective|p2a: Niggachu
|-damage|p2a: Niggachu|0 fnt
|-damage|p1a: Excadrill|79\/361|[from] item: Life Orb
|faint|p2a: Niggachu
|
|-weather|none
|
|switch|p2a: Shit.|Sableye, M|303\/303
|turn|16
|
|switch|p1a: Starmie|Starmie|323\/323
|detailschange|p2a: Shit.|Sableye-Mega, M
|-mega|p2a: Shit.|Sableye|Sablenite
|move|p2a: Shit.|Will-O-Wisp|p1a: Starmie
|-status|p1a: Starmie|brn
|
|-damage|p1a: Starmie|283\/323 brn|[from] brn
|turn|17
|
|move|p1a: Starmie|Scald|p2a: Shit.
|-crit|p2a: Shit.
|-damage|p2a: Shit.|176\/303
|-status|p2a: Shit.|brn
|move|p2a: Shit.|Calm Mind|p2a: Shit.
|-boost|p2a: Shit.|spa|1
|-boost|p2a: Shit.|spd|1
|
|-heal|p1a: Starmie|303\/323 brn|[from] item: Leftovers
|-damage|p1a: Starmie|263\/323 brn|[from] brn
|-damage|p2a: Shit.|139\/303 brn|[from] brn
|turn|18
|
|switch|p1a: Excadrill|Excadrill, M|79\/361
|move|p2a: Shit.|Recover|p2a: Shit.
|-heal|p2a: Shit.|291\/303 brn
|
|-damage|p2a: Shit.|254\/303 brn|[from] brn
|turn|19
|
|move|p1a: Excadrill|Iron Head|p2a: Shit.
|-damage|p2a: Shit.|133\/303 brn
|-damage|p1a: Excadrill|43\/361|[from] item: Life Orb
|move|p2a: Shit.|Shadow Ball|p1a: Excadrill
|-damage|p1a: Excadrill|0 fnt
|faint|p1a: Excadrill
|
|-damage|p2a: Shit.|96\/303 brn|[from] brn
|
|switch|p1a: Gardevoir|Gardevoir-Mega, F|39\/289
|turn|20
|
|move|p1a: Gardevoir|Hyper Voice|p2a: Shit.
|-supereffective|p2a: Shit.
|-damage|p2a: Shit.|0 fnt
|faint|p2a: Shit.
|
|
|switch|p2a: Floppy Dick|Diggersby, F, shiny|115\/311
|turn|21
|
|move|p2a: Floppy Dick|Earthquake|p1a: Gardevoir
|-damage|p1a: Gardevoir|0 fnt
|faint|p1a: Gardevoir
|
|
|switch|p1a: Tyranitar|Tyranitar, M|341\/341
|-weather|Sandstorm
|turn|22
|
|move|p2a: Floppy Dick|Earthquake|p1a: Tyranitar
|-crit|p1a: Tyranitar
|-supereffective|p1a: Tyranitar
|-damage|p1a: Tyranitar|0 fnt
|faint|p1a: Tyranitar
|
|-weather|Sandstorm|[upkeep]
|
|switch|p1a: Starmie|Starmie|263\/323
|turn|23
|
|move|p2a: Floppy Dick|Earthquake|p1a: Starmie
|-damage|p1a: Starmie|23\/323
|move|p1a: Starmie|Scald|p2a: Floppy Dick
|-supereffective|p2a: Floppy Dick
|-damage|p2a: Floppy Dick|0 fnt
|faint|p2a: Floppy Dick
|
|win|FlashyJoey
|raw|Ladder updating...
|raw|FlashyJoey's rating: 1661 &rarr; <strong>1671<\/strong><br \/>(+10 for winning)
|raw|Kid Jumpluff's rating: 1484 &rarr; <strong>1473<\/strong><br \/>(-11 for losing)
|c|âFlashyJoey|gg