|join|flashyjoey
|join|Alvadora
|player|p1|flashyjoey|33
|player|p2|Alvadora|256
|gametype|singles
|gen|6
|tier|OU
|rated
|clearpoke
|poke|p1|Starmie
|poke|p1|Chesnaught, F
|poke|p1|Talonflame, M
|poke|p1|Excadrill, F
|poke|p1|Tyranitar, M
|poke|p1|Gardevoir, F
|poke|p2|Kyurem-Black, shiny
|poke|p2|Metagross
|poke|p2|Mandibuzz, F
|poke|p2|Hippowdon, M
|poke|p2|Celebi
|poke|p2|Keldeo-Resolute
|rule|Swagger Clause: Swagger is banned
|rule|Baton Pass Clause: Limit one PokÃ©mon knowing Baton Pass
|rule|Sleep Clause Mod: Limit one foe put to sleep
|rule|Species Clause: Limit one of each PokÃ©mon
|rule|OHKO Clause: OHKO moves are banned
|rule|Moody Clause: Moody is banned
|rule|Evasion Moves Clause: Evasion moves are banned
|rule|Endless Battle Clause: Forcing endless battles is banned
|rule|HP Percentage Mod: HP is shown in percentages
|teampreview
|
|start
|switch|p1a: Gardevoir|Gardevoir, F|293\/293
|switch|p2a: Mandibuzz|Mandibuzz, F|423\/423
|-ability|p1a: Gardevoir|Overcoat|[from] ability: Trace|[of] p2a: Mandibuzz
|turn|1
|
|switch|p2a: Celebi|Celebi|403\/403
|detailschange|p1a: Gardevoir|Gardevoir-Mega, F
|-mega|p1a: Gardevoir|Gardevoir|Gardevoirite
|move|p1a: Gardevoir|Hidden Power|p2a: Celebi
|-supereffective|p2a: Celebi
|-damage|p2a: Celebi|287\/403
|
|-heal|p2a: Celebi|312\/403|[from] item: Leftovers
|turn|2
|
|move|p1a: Gardevoir|Hyper Voice|p2a: Celebi
|-damage|p2a: Celebi|134\/403
|move|p2a: Celebi|Baton Pass|p2a: Celebi
|
|switch|p2a: Metagross|Metagross|302\/302
|
|turn|3
|
|switch|p1a: Starmie|Starmie|323\/323
|detailschange|p2a: Metagross|Metagross-Mega
|-mega|p2a: Metagross|Metagross|Metagrossite
|move|p2a: Metagross|Meteor Mash|p1a: Starmie
|-resisted|p1a: Starmie
|-damage|p1a: Starmie|182\/323
|
|-heal|p1a: Starmie|202\/323|[from] item: Leftovers
|turn|4
|
|switch|p1a: Gardevoir|Gardevoir-Mega, F|293\/293
|move|p2a: Metagross|Grass Knot|p1a: Gardevoir
|-damage|p1a: Gardevoir|245\/293
|
|turn|5
|
|switch|p1a: Talonflame|Talonflame, M|351\/351
|move|p2a: Metagross|Meteor Mash|p1a: Talonflame
|-resisted|p1a: Talonflame
|-damage|p1a: Talonflame|202\/351
|
|-heal|p1a: Talonflame|223\/351|[from] item: Leftovers
|turn|6
|join|Lockheeed
|
|switch|p2a: Hippowdon|Hippowdon, M|419\/419
|-weather|Sandstorm
|switch|p1a: Gardevoir|Gardevoir-Mega, F|245\/293
|
|-weather|Sandstorm|[upkeep]
|-damage|p1a: Gardevoir|227\/293|[from] sandstorm
|turn|7
|
|move|p1a: Gardevoir|Hyper Voice|p2a: Hippowdon
|-damage|p2a: Hippowdon|116\/419
|move|p2a: Hippowdon|Earthquake|p1a: Gardevoir
|-damage|p1a: Gardevoir|50\/293
|
|-weather|Sandstorm|[upkeep]
|-damage|p1a: Gardevoir|32\/293|[from] sandstorm
|-heal|p2a: Hippowdon|142\/419|[from] item: Leftovers
|turn|8
|
|switch|p2a: Metagross|Metagross-Mega|302\/302
|move|p1a: Gardevoir|Hyper Voice|p2a: Metagross
|-resisted|p2a: Metagross
|-damage|p2a: Metagross|197\/302
|
|-weather|Sandstorm|[upkeep]
|-damage|p1a: Gardevoir|14\/293|[from] sandstorm
|turn|9
|
|move|p2a: Metagross|Zen Headbutt|p1a: Gardevoir
|-resisted|p1a: Gardevoir
|-damage|p1a: Gardevoir|0 fnt
|faint|p1a: Gardevoir
|
|-weather|Sandstorm|[upkeep]
|
|switch|p1a: Excadrill|Excadrill, F|361\/361
|turn|10
|
|switch|p2a: Mandibuzz|Mandibuzz, F|423\/423
|move|p1a: Excadrill|Swords Dance|p1a: Excadrill
|-boost|p1a: Excadrill|atk|2
|
|-weather|none
|turn|11
|
|move|p1a: Excadrill|Rock Slide|p2a: Mandibuzz
|-supereffective|p2a: Mandibuzz
|-damage|p2a: Mandibuzz|12\/423
|-damage|p1a: Excadrill|325\/361|[from] item: Life Orb
|cant|p2a: Mandibuzz|flinch
|
|-heal|p2a: Mandibuzz|38\/423|[from] item: Leftovers
|turn|12
|c|âAlvadora|are you
|c|âAlvadora|fucking kidding me
|c|âAlvadora|i have foul play
|c|âflashyjoey|sorry
|
|move|p1a: Excadrill|Iron Head|p2a: Mandibuzz
|-damage|p2a: Mandibuzz|0 fnt
|-damage|p1a: Excadrill|289\/361|[from] item: Life Orb
|faint|p2a: Mandibuzz
|
|
|switch|p2a: Keldeo-Resolute|Keldeo-Resolute|323\/323
|turn|13
|c|âAlvadora|haiiii
|c|âAlvadora|the shit
|c|âAlvadora|i've experienced
|c|âAlvadora|i cant win anything
|
|switch|p1a: Starmie|Starmie|202\/323
|move|p2a: Keldeo-Resolute|Scald|p1a: Starmie
|-crit|p1a: Starmie
|-resisted|p1a: Starmie
|-damage|p1a: Starmie|84\/323
|
|-heal|p1a: Starmie|104\/323|[from] item: Leftovers
|turn|14
|
|switch|p1a: Tyranitar|Tyranitar, M|341\/341
|-weather|Sandstorm
|switch|p2a: Celebi|Celebi|134\/403
|
|-weather|Sandstorm|[upkeep]
|-damage|p2a: Celebi|109\/403|[from] sandstorm
|-heal|p2a: Celebi|134\/403|[from] item: Leftovers
|turn|15
|
|move|p1a: Tyranitar|Pursuit|p2a: Celebi
|-supereffective|p2a: Celebi
|-damage|p2a: Celebi|0 fnt
|faint|p2a: Celebi
|
|-weather|Sandstorm|[upkeep]
|
|switch|p2a: Hippowdon|Hippowdon, M|142\/419
|turn|16
|
|switch|p1a: Starmie|Starmie|104\/323
|move|p2a: Hippowdon|Slack Off|p2a: Hippowdon
|-heal|p2a: Hippowdon|352\/419
|
|-weather|Sandstorm|[upkeep]
|-damage|p1a: Starmie|84\/323|[from] sandstorm
|-heal|p1a: Starmie|104\/323|[from] item: Leftovers
|-heal|p2a: Hippowdon|378\/419|[from] item: Leftovers
|turn|17
|
|switch|p1a: Excadrill|Excadrill, F|289\/361
|switch|p2a: Kyurem-Black|Kyurem-Black, shiny|391\/391
|-ability|p2a: Kyurem-Black|Teravolt
|
|-weather|Sandstorm|[upkeep]
|-damage|p2a: Kyurem-Black|367\/391|[from] sandstorm
|turn|18
|
|move|p1a: Excadrill|Iron Head|p2a: Kyurem-Black
|-supereffective|p2a: Kyurem-Black
|-damage|p2a: Kyurem-Black|0 fnt
|-damage|p1a: Excadrill|253\/361|[from] item: Life Orb
|faint|p2a: Kyurem-Black
|
|-weather|Sandstorm|[upkeep]
|
|switch|p2a: Hippowdon|Hippowdon, M|378\/419
|turn|19
|
|switch|p1a: Chesnaught|Chesnaught, F|379\/379
|move|p2a: Hippowdon|Slack Off|p2a: Hippowdon
|-heal|p2a: Hippowdon|419\/419
|
|-weather|Sandstorm|[upkeep]
|-damage|p1a: Chesnaught|356\/379|[from] sandstorm
|-heal|p1a: Chesnaught|379\/379|[from] item: Leftovers
|turn|20
|
|move|p1a: Chesnaught|Spikes|p2a: Hippowdon
|-sidestart|p2: Alvadora|Spikes
|move|p2a: Hippowdon|Stealth Rock|p1a: Chesnaught
|-sidestart|p1: flashyjoey|move: Stealth Rock
|
|-weather|Sandstorm|[upkeep]
|-damage|p1a: Chesnaught|356\/379|[from] sandstorm
|-heal|p1a: Chesnaught|379\/379|[from] item: Leftovers
|turn|21
|
|switch|p2a: Metagross|Metagross-Mega|197\/302
|-damage|p2a: Metagross|160\/302|[from] Spikes
|move|p1a: Chesnaught|Spikes|p2a: Metagross
|-sidestart|p2: Alvadora|Spikes
|
|-weather|none
|turn|22
|
|switch|p1a: Talonflame|Talonflame, M|223\/351
|-damage|p1a: Talonflame|48\/351|[from] Stealth Rock
|move|p2a: Metagross|Meteor Mash|p1a: Talonflame
|-crit|p1a: Talonflame
|-resisted|p1a: Talonflame
|-damage|p1a: Talonflame|0 fnt
|faint|p1a: Talonflame
|
|c|âflashyjoey|ops
|c|âflashyjoey|misclick
|
|switch|p1a: Tyranitar|Tyranitar, M|341\/341
|-damage|p1a: Tyranitar|299\/341|[from] Stealth Rock
|-weather|Sandstorm
|turn|23
|
|move|p2a: Metagross|Meteor Mash|p1a: Tyranitar|[miss]
|-miss|p2a: Metagross|p1a: Tyranitar
|move|p1a: Tyranitar|Pursuit|p2a: Metagross
|-supereffective|p2a: Metagross
|-damage|p2a: Metagross|64\/302
|
|-weather|Sandstorm|[upkeep]
|turn|24
|c|âAlvadora|-.-
|
|switch|p1a: Starmie|Starmie|104\/323
|-damage|p1a: Starmie|64\/323|[from] Stealth Rock
|move|p2a: Metagross|Meteor Mash|p1a: Starmie
|-resisted|p1a: Starmie
|-damage|p1a: Starmie|0 fnt
|faint|p1a: Starmie
|
|-weather|Sandstorm|[upkeep]
|
|switch|p1a: Excadrill|Excadrill, F|253\/361
|-damage|p1a: Excadrill|242\/361|[from] Stealth Rock
|turn|25
|
|switch|p2a: Hippowdon|Hippowdon, M|419\/419
|-damage|p2a: Hippowdon|350\/419|[from] Spikes
|move|p1a: Excadrill|Earthquake|p2a: Hippowdon
|-damage|p2a: Hippowdon|155\/419
|-damage|p1a: Excadrill|206\/361|[from] item: Life Orb
|
|-weather|Sandstorm|[upkeep]
|-heal|p2a: Hippowdon|181\/419|[from] item: Leftovers
|turn|26
|
|move|p1a: Excadrill|Earthquake|p2a: Hippowdon
|-damage|p2a: Hippowdon|9\/419
|-damage|p1a: Excadrill|170\/361|[from] item: Life Orb
|move|p2a: Hippowdon|Slack Off|p2a: Hippowdon
|-heal|p2a: Hippowdon|219\/419
|
|-weather|Sandstorm|[upkeep]
|-heal|p2a: Hippowdon|245\/419|[from] item: Leftovers
|turn|27
|
|switch|p1a: Chesnaught|Chesnaught, F|379\/379
|-damage|p1a: Chesnaught|356\/379|[from] Stealth Rock
|move|p2a: Hippowdon|Slack Off|p2a: Hippowdon
|-heal|p2a: Hippowdon|419\/419
|
|-weather|Sandstorm|[upkeep]
|-damage|p1a: Chesnaught|333\/379|[from] sandstorm
|-heal|p1a: Chesnaught|356\/379|[from] item: Leftovers
|turn|28
|
|switch|p2a: Keldeo-Resolute|Keldeo-Resolute|323\/323
|-damage|p2a: Keldeo-Resolute|270\/323|[from] Spikes
|move|p1a: Chesnaught|Spikes|p2a: Keldeo-Resolute
|-sidestart|p2: Alvadora|Spikes
|
|-weather|Sandstorm|[upkeep]
|-damage|p2a: Keldeo-Resolute|250\/323|[from] sandstorm
|-damage|p1a: Chesnaught|333\/379|[from] sandstorm
|-heal|p2a: Keldeo-Resolute|270\/323|[from] item: Leftovers
|-heal|p1a: Chesnaught|356\/379|[from] item: Leftovers
|turn|29
|
|move|p2a: Keldeo-Resolute|Substitute|p2a: Keldeo-Resolute
|-start|p2a: Keldeo-Resolute|Substitute
|-damage|p2a: Keldeo-Resolute|190\/323
|move|p1a: Chesnaught|Wood Hammer|p2a: Keldeo-Resolute
|-supereffective|p2a: Keldeo-Resolute
|-end|p2a: Keldeo-Resolute|Substitute
|-damage|p1a: Chesnaught|330\/379|[from] recoil|[of] p2a: Keldeo-Resolute
|
|-weather|Sandstorm|[upkeep]
|-damage|p2a: Keldeo-Resolute|170\/323|[from] sandstorm
|-damage|p1a: Chesnaught|307\/379|[from] sandstorm
|-heal|p2a: Keldeo-Resolute|190\/323|[from] item: Leftovers
|-heal|p1a: Chesnaught|330\/379|[from] item: Leftovers
|turn|30
|
|move|p2a: Keldeo-Resolute|Scald|p1a: Chesnaught
|-resisted|p1a: Chesnaught
|-damage|p1a: Chesnaught|244\/379
|move|p1a: Chesnaught|Wood Hammer|p2a: Keldeo-Resolute
|-supereffective|p2a: Keldeo-Resolute
|-damage|p2a: Keldeo-Resolute|0 fnt
|-damage|p1a: Chesnaught|181\/379|[from] recoil|[of] p2a: Keldeo-Resolute
|faint|p2a: Keldeo-Resolute
|
|-weather|none
|-heal|p1a: Chesnaught|204\/379|[from] item: Leftovers
|
|switch|p2a: Metagross|Metagross-Mega|64\/302
|-damage|p2a: Metagross|0 fnt|[from] Spikes
|faint|p2a: Metagross
|
|switch|p2a: Hippowdon|Hippowdon, M|419\/419
|-damage|p2a: Hippowdon|315\/419|[from] Spikes
|-weather|Sandstorm
|turn|31
|c|âAlvadora|gg
|-message|Alvadora forfeited.
|
|win|flashyjoey
|raw|Ladder updating...
|raw|flashyjoey's rating: 1609 &rarr; <strong>1631<\/strong><br \/>(+22 for winning)
|raw|Alvadora's rating: 1635 &rarr; <strong>1614<\/strong><br \/>(-21 for losing)
|leave|Alvadora
|player|p2
|c|âflashyjoey|gg