|join|FlashyJoey
|join|OP Law
|player|p1|FlashyJoey|33
|player|p2|OP Law|162
|gametype|singles
|gen|6
|tier|OU
|rated
|clearpoke
|poke|p1|Starmie
|poke|p1|Chesnaught, F
|poke|p1|Talonflame, F
|poke|p1|Excadrill, F
|poke|p1|Tyranitar, M
|poke|p1|Gardevoir, M
|poke|p2|Politoed, F
|poke|p2|Tornadus, M
|poke|p2|Kingdra, M, shiny
|poke|p2|Kabutops, M
|poke|p2|Ferrothorn, M
|poke|p2|Seismitoad, F
|rule|Swagger Clause: Swagger is banned
|rule|Baton Pass Clause: Limit one PokÃ©mon knowing Baton Pass
|rule|Sleep Clause Mod: Limit one foe put to sleep
|rule|Species Clause: Limit one of each PokÃ©mon
|rule|OHKO Clause: OHKO moves are banned
|rule|Moody Clause: Moody is banned
|rule|Evasion Moves Clause: Evasion moves are banned
|rule|Endless Battle Clause: Forcing endless battles is banned
|rule|HP Percentage Mod: HP is shown in percentages
|teampreview
|
|start
|switch|p1a: Chesnaught|Chesnaught, F|379\/379
|switch|p2a: Politoed|Politoed, F|384\/384
|-weather|RainDance
|turn|1
|
|move|p1a: Chesnaught|Spikes|p2a: Politoed
|-sidestart|p2: OP Law|Spikes
|move|p2a: Politoed|Hypnosis|p1a: Chesnaught|[miss]
|-miss|p2a: Politoed|p1a: Chesnaught
|
|-weather|RainDance|[upkeep]
|turn|2
|
|switch|p1a: Starmie|Starmie|323\/323
|switch|p2a: Ferrothorn|Ferrothorn, M|352\/352
|-damage|p2a: Ferrothorn|308\/352|[from] Spikes
|
|-weather|RainDance|[upkeep]
|-heal|p2a: Ferrothorn|330\/352|[from] item: Leftovers
|turn|3
|
|switch|p1a: Tyranitar|Tyranitar, M|341\/341
|-weather|Sandstorm
|move|p2a: Ferrothorn|Knock Off|p1a: Tyranitar
|-resisted|p1a: Tyranitar
|-damage|p1a: Tyranitar|307\/341
|-enditem|p1a: Tyranitar|Smooth Rock|[from] move: Knock Off|[of] p2a: Ferrothorn
|
|-weather|Sandstorm|[upkeep]
|-heal|p2a: Ferrothorn|352\/352|[from] item: Leftovers
|turn|4
|
|switch|p2a: Politoed|Politoed, F|384\/384
|-damage|p2a: Politoed|336\/384|[from] Spikes
|-weather|RainDance
|move|p1a: Tyranitar|Stealth Rock|p2a: Politoed
|-sidestart|p2: OP Law|move: Stealth Rock
|
|-weather|RainDance|[upkeep]
|turn|5
|
|switch|p1a: Starmie|Starmie|323\/323
|switch|p2a: Seismitoad|Seismitoad, F|351\/351
|-damage|p2a: Seismitoad|330\/351|[from] Stealth Rock
|-damage|p2a: Seismitoad|287\/351|[from] Spikes
|
|-weather|RainDance|[upkeep]
|turn|6
|
|move|p2a: Seismitoad|Earth Power|p1a: Starmie
|-damage|p1a: Starmie|136\/323
|-damage|p2a: Seismitoad|252\/351|[from] item: Life Orb
|move|p1a: Starmie|Scald|p2a: Seismitoad
|-damage|p2a: Seismitoad|87\/351
|
|-weather|RainDance|[upkeep]
|-heal|p1a: Starmie|156\/323|[from] item: Leftovers
|turn|7
|
|switch|p1a: Talonflame|Talonflame, F|351\/351
|move|p2a: Seismitoad|Scald|p1a: Talonflame
|-supereffective|p1a: Talonflame
|-damage|p1a: Talonflame|0 fnt
|-damage|p2a: Seismitoad|52\/351|[from] item: Life Orb
|faint|p1a: Talonflame
|
|-weather|RainDance|[upkeep]
|c|âOP Law|;p
|
|switch|p1a: Tyranitar|Tyranitar, M|307\/341
|-weather|Sandstorm
|turn|8
|
|move|p2a: Seismitoad|Stealth Rock|p1a: Tyranitar
|-sidestart|p1: FlashyJoey|move: Stealth Rock
|move|p1a: Tyranitar|Pursuit|p2a: Seismitoad
|-damage|p2a: Seismitoad|0 fnt
|faint|p2a: Seismitoad
|
|-weather|Sandstorm|[upkeep]
|
|switch|p2a: Politoed|Politoed, F|336\/384
|-damage|p2a: Politoed|288\/384|[from] Spikes
|-damage|p2a: Politoed|240\/384|[from] Stealth Rock
|-weather|RainDance
|turn|9
|
|switch|p1a: Starmie|Starmie|156\/323
|-damage|p1a: Starmie|116\/323|[from] Stealth Rock
|switch|p2a: Kingdra|Kingdra, M, shiny|295\/295
|-damage|p2a: Kingdra|259\/295|[from] Spikes
|-damage|p2a: Kingdra|223\/295|[from] Stealth Rock
|
|-weather|RainDance|[upkeep]
|-heal|p1a: Starmie|136\/323|[from] item: Leftovers
|turn|10
|c|âOP Law|sry bud
|c|âOP Law|but you aint spinnin
|c|âOP Law|sry
|
|move|p2a: Kingdra|Dragon Pulse|p1a: Starmie
|-damage|p1a: Starmie|0 fnt
|-damage|p2a: Kingdra|194\/295|[from] item: Life Orb
|faint|p1a: Starmie
|
|-weather|RainDance|[upkeep]
|
|switch|p1a: Gardevoir|Gardevoir, M|293\/293
|-damage|p1a: Gardevoir|257\/293|[from] Stealth Rock
|-ability|p1a: Gardevoir|Swift Swim|[from] ability: Trace|[of] p2a: Kingdra
|turn|11
|c|âFlashyJoey|swift swin MGarde :))
|c|âFlashyJoey|*swim
|c|âOP Law|lol but are you modest
|
|switch|p1a: Tyranitar|Tyranitar, M|307\/341
|-damage|p1a: Tyranitar|265\/341|[from] Stealth Rock
|-weather|Sandstorm
|move|p2a: Kingdra|Hydro Pump|p1a: Tyranitar
|-supereffective|p1a: Tyranitar
|-damage|p1a: Tyranitar|0 fnt
|-damage|p2a: Kingdra|165\/295|[from] item: Life Orb
|faint|p1a: Tyranitar
|
|-weather|Sandstorm|[upkeep]
|-damage|p2a: Kingdra|147\/295|[from] sandstorm
|c|âOP Law|lol
|c|âOP Law|baaaka
|
|switch|p1a: Excadrill|Excadrill, F|361\/361
|-damage|p1a: Excadrill|350\/361|[from] Stealth Rock
|turn|12
|
|switch|p1a: Chesnaught|Chesnaught, F|379\/379
|-damage|p1a: Chesnaught|356\/379|[from] Stealth Rock
|switch|p2a: Politoed|Politoed, F|240\/384
|-damage|p2a: Politoed|192\/384|[from] Stealth Rock
|-damage|p2a: Politoed|144\/384|[from] Spikes
|-weather|RainDance
|
|-weather|RainDance|[upkeep]
|-heal|p1a: Chesnaught|379\/379|[from] item: Leftovers
|turn|13
|c|âOP Law|if you are modset i will still outspeed in the rain
|c|âOP Law|with voir
|c|âOP Law|u lose bubba
|c|âOP Law|sry bud
|c|âFlashyJoey|:\/
|c|âOP Law|rain is better than sand this gen
|c|âOP Law|imo
|
|move|p1a: Chesnaught|Spikes|p2a: Politoed
|-sidestart|p2: OP Law|Spikes
|move|p2a: Politoed|Scald|p1a: Chesnaught
|-resisted|p1a: Chesnaught
|-damage|p1a: Chesnaught|290\/379
|
|-weather|RainDance|[upkeep]
|-heal|p1a: Chesnaught|313\/379|[from] item: Leftovers
|turn|14
|
|switch|p2a: Tornadus|Tornadus, M|300\/300
|-damage|p2a: Tornadus|225\/300|[from] Stealth Rock
|move|p1a: Chesnaught|Wood Hammer|p2a: Tornadus
|-resisted|p2a: Tornadus
|-damage|p2a: Tornadus|117\/300
|-damage|p1a: Chesnaught|277\/379|[from] recoil|[of] p2a: Tornadus
|
|-weather|RainDance|[upkeep]
|-heal|p1a: Chesnaught|300\/379|[from] item: Leftovers
|turn|15
|c|âOP Law|gg
|c|âOP Law|gg
|c|âOP Law|gg
|c|âOP Law|gg
|c|âOP Law|gg
|c|âOP Law|gg
|c|âOP Law|gg
|c|âOP Law|gg
|c|âOP Law|gg
|c|âOP Law|;]
|c|âOP Law|gg
|c|âOP Law|gg
|c|âOP Law|gg
|c|âOP Law|gg
|c|âOP Law|;p
|c|âOP Law|;p;
|c|âOP Law|;]
|c|âOP Law|;p
|c|âOP Law|;p]
|c|âOP Law|gg
|c|âOP Law|gg
|c|âOP Law|gg
|c|âOP Law|gg
|c|âOP Law|gg
|c|âOP Law|gg
|c|âOP Law|gg
|c|âOP Law|gg
|c|âOP Law|gg
|
|switch|p1a: Excadrill|Excadrill, F|350\/361
|-damage|p1a: Excadrill|339\/361|[from] Stealth Rock
|move|p2a: Tornadus|Hurricane|p1a: Excadrill
|-resisted|p1a: Excadrill
|-damage|p1a: Excadrill|205\/361
|
|-weather|RainDance|[upkeep]
|turn|16
|
|move|p2a: Tornadus|Focus Blast|p1a: Excadrill
|-supereffective|p1a: Excadrill
|-damage|p1a: Excadrill|0 fnt
|faint|p1a: Excadrill
|
|-weather|RainDance|[upkeep]
|
|switch|p1a: Gardevoir|Gardevoir, M|257\/293
|-damage|p1a: Gardevoir|221\/293|[from] Stealth Rock
|-ability|p1a: Gardevoir|Prankster|[from] ability: Trace|[of] p2a: Tornadus
|turn|17
|
|switch|p2a: Ferrothorn|Ferrothorn, M|352\/352
|-damage|p2a: Ferrothorn|294\/352|[from] Spikes
|-damage|p2a: Ferrothorn|272\/352|[from] Stealth Rock
|move|p1a: Gardevoir|Psyshock|p2a: Ferrothorn
|-resisted|p2a: Ferrothorn
|-damage|p2a: Ferrothorn|231\/352
|
|-weather|RainDance|[upkeep]
|-heal|p2a: Ferrothorn|253\/352|[from] item: Leftovers
|turn|18
|
|detailschange|p1a: Gardevoir|Gardevoir-Mega, M
|-mega|p1a: Gardevoir|Gardevoir|Gardevoirite
|move|p1a: Gardevoir|Substitute|p1a: Gardevoir
|-start|p1a: Gardevoir|Substitute
|-damage|p1a: Gardevoir|148\/293
|move|p2a: Ferrothorn|Thunder Wave|p1a: Gardevoir
|
|-weather|RainDance|[upkeep]
|-heal|p2a: Ferrothorn|275\/352|[from] item: Leftovers
|turn|19
|
|move|p1a: Gardevoir|Hidden Power|p2a: Ferrothorn
|-supereffective|p2a: Ferrothorn
|-damage|p2a: Ferrothorn|139\/352
|move|p2a: Ferrothorn|Knock Off|p1a: Gardevoir
|-end|p1a: Gardevoir|Substitute
|
|-weather|none
|-heal|p2a: Ferrothorn|161\/352|[from] item: Leftovers
|turn|20
|
|move|p1a: Gardevoir|Hidden Power|p2a: Ferrothorn
|-supereffective|p2a: Ferrothorn
|-damage|p2a: Ferrothorn|0 fnt
|faint|p2a: Ferrothorn
|
|
|switch|p2a: Politoed|Politoed, F|144\/384
|-damage|p2a: Politoed|96\/384|[from] Stealth Rock
|-damage|p2a: Politoed|32\/384|[from] Spikes
|-weather|RainDance
|turn|21
|
|switch|p1a: Chesnaught|Chesnaught, F|300\/379
|-damage|p1a: Chesnaught|277\/379|[from] Stealth Rock
|move|p2a: Politoed|Encore|p1a: Chesnaught
|-fail|p1a: Chesnaught
|
|-weather|RainDance|[upkeep]
|-heal|p1a: Chesnaught|300\/379|[from] item: Leftovers
|turn|22
|c|âOP Law|go
|
|move|p1a: Chesnaught|Spikes|p2a: Politoed
|-sidestart|p2: OP Law|Spikes
|move|p2a: Politoed|Scald|p1a: Chesnaught
|-resisted|p1a: Chesnaught
|-damage|p1a: Chesnaught|225\/379
|
|-weather|RainDance|[upkeep]
|-heal|p1a: Chesnaught|248\/379|[from] item: Leftovers
|turn|23
|
|move|p1a: Chesnaught|Synthesis|p1a: Chesnaught
|-heal|p1a: Chesnaught|343\/379
|move|p2a: Politoed|Scald|p1a: Chesnaught
|-resisted|p1a: Chesnaught
|-damage|p1a: Chesnaught|257\/379
|-status|p1a: Chesnaught|brn
|
|-weather|RainDance|[upkeep]
|-heal|p1a: Chesnaught|280\/379 brn|[from] item: Leftovers
|-damage|p1a: Chesnaught|233\/379 brn|[from] brn
|turn|24
|c|âOP Law|gooo
|
|switch|p1a: Gardevoir|Gardevoir-Mega, M|148\/293
|-damage|p1a: Gardevoir|112\/293|[from] Stealth Rock
|switch|p2a: Tornadus|Tornadus, M|117\/300
|-damage|p2a: Tornadus|42\/300|[from] Stealth Rock
|
|-weather|RainDance|[upkeep]
|turn|25
|c|âOP Law|gg
|
|move|p2a: Tornadus|Hurricane|p1a: Gardevoir
|-damage|p1a: Gardevoir|0 fnt
|faint|p1a: Gardevoir
|
|-weather|RainDance|[upkeep]
|c|âFlashyJoey|gg
|
|switch|p1a: Chesnaught|Chesnaught, F|233\/379 brn
|-damage|p1a: Chesnaught|210\/379 brn|[from] Stealth Rock
|turn|26
|
|move|p2a: Tornadus|Hurricane|p1a: Chesnaught
|-supereffective|p1a: Chesnaught
|-damage|p1a: Chesnaught|0 fnt
|faint|p1a: Chesnaught
|
|win|OP Law
|raw|Ladder updating...
|raw|FlashyJoey's rating: 1654 &rarr; <strong>1625<\/strong><br \/>(-29 for losing)
|raw|OP Law's rating: 1489 &rarr; <strong>1517<\/strong><br \/>(+28 for winning)