|join|FlashyJoey
|join|zmj23
|player|p1|FlashyJoey|33
|player|p2|zmj23|169
|gametype|singles
|gen|6
|tier|OU
|rated
|clearpoke
|poke|p1|Starmie
|poke|p1|Chesnaught, F
|poke|p1|Talonflame, F
|poke|p1|Excadrill, F
|poke|p1|Tyranitar, M
|poke|p1|Gardevoir, F
|poke|p2|Rotom-Wash
|poke|p2|Landorus-Therian, M
|poke|p2|Sceptile, M
|poke|p2|Magnezone
|poke|p2|Skarmory, F
|poke|p2|Latias, F
|rule|Swagger Clause: Swagger is banned
|rule|Baton Pass Clause: Limit one PokÃ©mon knowing Baton Pass
|rule|Sleep Clause Mod: Limit one foe put to sleep
|rule|Species Clause: Limit one of each PokÃ©mon
|rule|OHKO Clause: OHKO moves are banned
|rule|Moody Clause: Moody is banned
|rule|Evasion Moves Clause: Evasion moves are banned
|rule|Endless Battle Clause: Forcing endless battles is banned
|rule|HP Percentage Mod: HP is shown in percentages
|teampreview
|
|start
|switch|p1a: Gardevoir|Gardevoir, F|277\/277
|switch|p2a: Landorus-Therian|Landorus-Therian, M|319\/319
|-ability|p2a: Landorus-Therian|Intimidate|[of] p1a: Gardevoir
|-unboost|p1a: Gardevoir|atk|1
|-ability|p1a: Gardevoir|Intimidate|[from] ability: Trace|[of] p2a: Landorus-Therian
|-ability|p1a: Gardevoir|Intimidate|[of] p2a: Landorus-Therian
|-unboost|p2a: Landorus-Therian|atk|1
|turn|1
|
|detailschange|p1a: Gardevoir|Gardevoir-Mega, F
|-mega|p1a: Gardevoir|Gardevoir|Gardevoirite
|move|p2a: Landorus-Therian|U-turn|p1a: Gardevoir
|-damage|p1a: Gardevoir|201\/277
|
|switch|p2a: Magnezone|Magnezone|343\/343
|move|p1a: Gardevoir|Hidden Power|p2a: Magnezone
|-supereffective|p2a: Magnezone
|-damage|p2a: Magnezone|145\/343
|
|turn|2
|
|switch|p1a: Excadrill|Excadrill, F|361\/361
|move|p2a: Magnezone|Flash Cannon|p1a: Excadrill
|-resisted|p1a: Excadrill
|-damage|p1a: Excadrill|182\/361
|
|turn|3
|
|switch|p2a: Landorus-Therian|Landorus-Therian, M|319\/319
|-ability|p2a: Landorus-Therian|Intimidate|[of] p1a: Excadrill
|-unboost|p1a: Excadrill|atk|1
|move|p1a: Excadrill|Earthquake|p2a: Landorus-Therian
|-immune|p2a: Landorus-Therian|[msg]
|
|turn|4
|
|switch|p1a: Talonflame|Talonflame, F|351\/351
|move|p2a: Landorus-Therian|U-turn|p1a: Talonflame
|-resisted|p1a: Talonflame
|-damage|p1a: Talonflame|325\/351
|
|switch|p2a: Rotom-Wash|Rotom-Wash|241\/241
|
|-heal|p1a: Talonflame|346\/351|[from] item: Leftovers
|turn|5
|
|move|p1a: Talonflame|Will-O-Wisp|p2a: Rotom-Wash
|-status|p2a: Rotom-Wash|brn
|move|p2a: Rotom-Wash|Volt Switch|p1a: Talonflame
|-supereffective|p1a: Talonflame
|-damage|p1a: Talonflame|194\/351
|
|switch|p2a: Magnezone|Magnezone|145\/343
|
|-heal|p1a: Talonflame|215\/351|[from] item: Leftovers
|turn|6
|
|move|p1a: Talonflame|Roost|p1a: Talonflame
|-heal|p1a: Talonflame|351\/351
|move|p2a: Magnezone|Flash Cannon|p1a: Talonflame
|-resisted|p1a: Talonflame
|-damage|p1a: Talonflame|241\/351
|
|-heal|p1a: Talonflame|262\/351|[from] item: Leftovers
|turn|7
|
|switch|p2a: Rotom-Wash|Rotom-Wash|241\/241 brn
|move|p1a: Talonflame|Will-O-Wisp|p2a: Rotom-Wash
|-fail|p2a: Rotom-Wash|brn
|
|-heal|p1a: Talonflame|283\/351|[from] item: Leftovers
|-damage|p2a: Rotom-Wash|211\/241 brn|[from] brn
|turn|8
|
|switch|p1a: Gardevoir|Gardevoir-Mega, F|201\/277
|move|p2a: Rotom-Wash|Hydro Pump|p1a: Gardevoir
|-damage|p1a: Gardevoir|98\/277
|
|-heal|p2a: Rotom-Wash|226\/241 brn|[from] item: Leftovers
|-damage|p2a: Rotom-Wash|196\/241 brn|[from] brn
|turn|9
|
|switch|p2a: Magnezone|Magnezone|145\/343
|move|p1a: Gardevoir|Hyper Voice|p2a: Magnezone
|-resisted|p2a: Magnezone
|-damage|p2a: Magnezone|1\/343
|
|turn|10
|
|switch|p1a: Chesnaught|Chesnaught, F|379\/379
|move|p2a: Magnezone|Flash Cannon|p1a: Chesnaught
|-damage|p1a: Chesnaught|63\/379
|-unboost|p1a: Chesnaught|spd|1
|
|-heal|p1a: Chesnaught|86\/379|[from] item: Leftovers
|turn|11
|
|switch|p1a: Talonflame|Talonflame, F|283\/351
|move|p2a: Magnezone|Flash Cannon|p1a: Talonflame
|-resisted|p1a: Talonflame
|-damage|p1a: Talonflame|176\/351
|
|-heal|p1a: Talonflame|197\/351|[from] item: Leftovers
|turn|12
|
|switch|p2a: Rotom-Wash|Rotom-Wash|196\/241 brn
|move|p1a: Talonflame|Roost|p1a: Talonflame
|-heal|p1a: Talonflame|351\/351
|
|-heal|p2a: Rotom-Wash|211\/241 brn|[from] item: Leftovers
|-damage|p2a: Rotom-Wash|181\/241 brn|[from] brn
|turn|13
|
|switch|p1a: Chesnaught|Chesnaught, F|86\/379
|move|p2a: Rotom-Wash|Hydro Pump|p1a: Chesnaught
|-resisted|p1a: Chesnaught
|-damage|p1a: Chesnaught|0 fnt
|faint|p1a: Chesnaught
|
|-heal|p2a: Rotom-Wash|196\/241 brn|[from] item: Leftovers
|-damage|p2a: Rotom-Wash|166\/241 brn|[from] brn
|
|switch|p1a: Gardevoir|Gardevoir-Mega, F|98\/277
|turn|14
|
|move|p1a: Gardevoir|Hyper Voice|p2a: Rotom-Wash
|-damage|p2a: Rotom-Wash|0 fnt
|faint|p2a: Rotom-Wash
|
|
|switch|p2a: Skarmory|Skarmory, F|334\/334
|turn|15
|
|move|p1a: Gardevoir|Hyper Voice|p2a: Skarmory
|-resisted|p2a: Skarmory
|-damage|p2a: Skarmory|160\/334
|move|p2a: Skarmory|Stealth Rock|p1a: Gardevoir
|-sidestart|p1: FlashyJoey|move: Stealth Rock
|
|-heal|p2a: Skarmory|180\/334|[from] item: Leftovers
|turn|16
|
|switch|p2a: Magnezone|Magnezone|1\/343
|move|p1a: Gardevoir|Hidden Power|p2a: Magnezone
|-supereffective|p2a: Magnezone
|-damage|p2a: Magnezone|0 fnt
|faint|p2a: Magnezone
|
|
|switch|p2a: Sceptile|Sceptile, M|281\/281
|turn|17
|
|detailschange|p2a: Sceptile|Sceptile-Mega, M
|-mega|p2a: Sceptile|Sceptile|Sceptilite
|move|p2a: Sceptile|Leaf Blade|p1a: Gardevoir
|-damage|p1a: Gardevoir|0 fnt
|faint|p1a: Gardevoir
|
|
|switch|p1a: Talonflame|Talonflame, F|351\/351
|-damage|p1a: Talonflame|176\/351|[from] Stealth Rock
|turn|18
|
|switch|p2a: Latias|Latias, F|301\/301
|move|p1a: Talonflame|Will-O-Wisp|p2a: Latias|[miss]
|-miss|p1a: Talonflame|p2a: Latias
|
|-heal|p1a: Talonflame|197\/351|[from] item: Leftovers
|turn|19
|
|switch|p1a: Tyranitar|Tyranitar, M|341\/341
|-damage|p1a: Tyranitar|299\/341|[from] Stealth Rock
|-weather|Sandstorm
|move|p2a: Latias|Psyshock|p1a: Tyranitar
|-immune|p1a: Tyranitar|[msg]
|
|-weather|Sandstorm|[upkeep]
|-damage|p2a: Latias|283\/301|[from] sandstorm
|-heal|p2a: Latias|301\/301|[from] item: Leftovers
|turn|20
|
|switch|p2a: Landorus-Therian|Landorus-Therian, M|319\/319
|-ability|p2a: Landorus-Therian|Intimidate|[of] p1a: Tyranitar
|-unboost|p1a: Tyranitar|atk|1
|move|p1a: Tyranitar|Stealth Rock|p2a: Landorus-Therian
|-sidestart|p2: zmj23|move: Stealth Rock
|
|-weather|Sandstorm|[upkeep]
|turn|21
|
|move|p2a: Landorus-Therian|U-turn|p1a: Tyranitar
|-supereffective|p1a: Tyranitar
|-damage|p1a: Tyranitar|123\/341
|
|switch|p2a: Skarmory|Skarmory, F|180\/334
|-damage|p2a: Skarmory|139\/334|[from] Stealth Rock
|move|p1a: Tyranitar|Stone Edge|p2a: Skarmory
|-damage|p2a: Skarmory|66\/334
|
|-weather|Sandstorm|[upkeep]
|-heal|p2a: Skarmory|86\/334|[from] item: Leftovers
|turn|22
|
|switch|p1a: Starmie|Starmie|323\/323
|-damage|p1a: Starmie|283\/323|[from] Stealth Rock
|move|p2a: Skarmory|Roost|p2a: Skarmory
|-heal|p2a: Skarmory|253\/334
|
|-weather|Sandstorm|[upkeep]
|-damage|p1a: Starmie|263\/323|[from] sandstorm
|-heal|p1a: Starmie|283\/323|[from] item: Leftovers
|-heal|p2a: Skarmory|273\/334|[from] item: Leftovers
|turn|23
|
|move|p1a: Starmie|Rapid Spin|p2a: Skarmory
|-resisted|p2a: Skarmory
|-damage|p2a: Skarmory|270\/334
|-sideend|p1: FlashyJoey|Stealth Rock|[from] move: Rapid Spin|[of] p1a: Starmie
|move|p2a: Skarmory|Whirlwind|p1a: Starmie
|drag|p1a: Tyranitar|Tyranitar, M|123\/341
|
|-weather|Sandstorm|[upkeep]
|-heal|p2a: Skarmory|290\/334|[from] item: Leftovers
|turn|24
|
|switch|p1a: Talonflame|Talonflame, F|197\/351
|move|p2a: Skarmory|Stealth Rock|p1a: Talonflame
|-sidestart|p1: FlashyJoey|move: Stealth Rock
|
|-weather|Sandstorm|[upkeep]
|-damage|p1a: Talonflame|176\/351|[from] sandstorm
|-heal|p1a: Talonflame|197\/351|[from] item: Leftovers
|-heal|p2a: Skarmory|310\/334|[from] item: Leftovers
|turn|25
|
|move|p1a: Talonflame|Taunt|p2a: Skarmory
|-start|p2a: Skarmory|move: Taunt
|cant|p2a: Skarmory|move: Taunt|Whirlwind
|
|-weather|Sandstorm|[upkeep]
|-damage|p1a: Talonflame|176\/351|[from] sandstorm
|-heal|p1a: Talonflame|197\/351|[from] item: Leftovers
|-heal|p2a: Skarmory|330\/334|[from] item: Leftovers
|turn|26
|
|switch|p2a: Landorus-Therian|Landorus-Therian, M|319\/319
|-damage|p2a: Landorus-Therian|280\/319|[from] Stealth Rock
|-ability|p2a: Landorus-Therian|Intimidate|[of] p1a: Talonflame
|-unboost|p1a: Talonflame|atk|1
|move|p1a: Talonflame|Will-O-Wisp|p2a: Landorus-Therian
|-status|p2a: Landorus-Therian|brn
|
|-weather|none
|-heal|p1a: Talonflame|218\/351|[from] item: Leftovers
|-damage|p2a: Landorus-Therian|241\/319 brn|[from] brn
|turn|27
|
|move|p1a: Talonflame|Roost|p1a: Talonflame
|-heal|p1a: Talonflame|351\/351
|move|p2a: Landorus-Therian|Stone Edge|p1a: Talonflame
|-supereffective|p1a: Talonflame
|-damage|p1a: Talonflame|189\/351
|
|-heal|p1a: Talonflame|210\/351|[from] item: Leftovers
|-damage|p2a: Landorus-Therian|202\/319 brn|[from] brn
|turn|28
|
|move|p1a: Talonflame|Roost|p1a: Talonflame
|-heal|p1a: Talonflame|351\/351
|move|p2a: Landorus-Therian|Stone Edge|p1a: Talonflame
|-supereffective|p1a: Talonflame
|-damage|p1a: Talonflame|177\/351
|
|-heal|p1a: Talonflame|198\/351|[from] item: Leftovers
|-damage|p2a: Landorus-Therian|163\/319 brn|[from] brn
|turn|29
|
|switch|p2a: Latias|Latias, F|301\/301
|-damage|p2a: Latias|264\/301|[from] Stealth Rock
|switch|p1a: Starmie|Starmie|283\/323
|-damage|p1a: Starmie|243\/323|[from] Stealth Rock
|
|-heal|p1a: Starmie|263\/323|[from] item: Leftovers
|-heal|p2a: Latias|282\/301|[from] item: Leftovers
|turn|30
|
|move|p1a: Starmie|Rapid Spin|p2a: Latias
|-damage|p2a: Latias|272\/301
|-sideend|p1: FlashyJoey|Stealth Rock|[from] move: Rapid Spin|[of] p1a: Starmie
|move|p2a: Latias|Draco Meteor|p1a: Starmie
|-damage|p1a: Starmie|34\/323
|-unboost|p2a: Latias|spa|2
|
|-heal|p1a: Starmie|54\/323|[from] item: Leftovers
|-heal|p2a: Latias|290\/301|[from] item: Leftovers
|turn|31
|
|move|p1a: Starmie|Recover|p1a: Starmie
|-heal|p1a: Starmie|216\/323
|move|p2a: Latias|Draco Meteor|p1a: Starmie|[miss]
|-miss|p2a: Latias|p1a: Starmie
|
|-heal|p1a: Starmie|236\/323|[from] item: Leftovers
|-heal|p2a: Latias|301\/301|[from] item: Leftovers
|turn|32
|
|switch|p1a: Talonflame|Talonflame, F|198\/351
|move|p2a: Latias|Healing Wish|p2a: Latias
|faint|p2a: Latias
|
|-heal|p1a: Talonflame|219\/351|[from] item: Leftovers
|
|switch|p2a: Landorus-Therian|Landorus-Therian, M|163\/319 brn
|-heal|p2a: Landorus-Therian|319\/319|[from] move: Healing Wish
|-damage|p2a: Landorus-Therian|280\/319|[from] Stealth Rock
|-ability|p2a: Landorus-Therian|Intimidate|[of] p1a: Talonflame
|-unboost|p1a: Talonflame|atk|1
|turn|33
|
|switch|p1a: Excadrill|Excadrill, F|182\/361
|move|p2a: Landorus-Therian|Stone Edge|p1a: Excadrill
|-resisted|p1a: Excadrill
|-damage|p1a: Excadrill|135\/361
|
|turn|34
|
|switch|p2a: Skarmory|Skarmory, F|330\/334
|-damage|p2a: Skarmory|289\/334|[from] Stealth Rock
|switch|p1a: Talonflame|Talonflame, F|219\/351
|
|-heal|p1a: Talonflame|240\/351|[from] item: Leftovers
|-heal|p2a: Skarmory|309\/334|[from] item: Leftovers
|turn|35
|
|switch|p2a: Landorus-Therian|Landorus-Therian, M|280\/319
|-damage|p2a: Landorus-Therian|241\/319|[from] Stealth Rock
|-ability|p2a: Landorus-Therian|Intimidate|[of] p1a: Talonflame
|-unboost|p1a: Talonflame|atk|1
|move|p1a: Talonflame|Will-O-Wisp|p2a: Landorus-Therian
|-status|p2a: Landorus-Therian|brn
|
|-heal|p1a: Talonflame|261\/351|[from] item: Leftovers
|-damage|p2a: Landorus-Therian|202\/319 brn|[from] brn
|turn|36
|
|switch|p1a: Starmie|Starmie|236\/323
|move|p2a: Landorus-Therian|Knock Off|p1a: Starmie
|-supereffective|p1a: Starmie
|-damage|p1a: Starmie|88\/323
|-enditem|p1a: Starmie|Leftovers|[from] move: Knock Off|[of] p2a: Landorus-Therian
|
|-damage|p2a: Landorus-Therian|163\/319 brn|[from] brn
|turn|37
|
|move|p2a: Landorus-Therian|Knock Off|p1a: Starmie
|-supereffective|p1a: Starmie
|-damage|p1a: Starmie|0 fnt
|faint|p1a: Starmie
|
|-damage|p2a: Landorus-Therian|124\/319 brn|[from] brn
|
|switch|p1a: Tyranitar|Tyranitar, M|123\/341
|-weather|Sandstorm
|turn|38
|
|move|p2a: Landorus-Therian|Knock Off|p1a: Tyranitar
|-resisted|p1a: Tyranitar
|-damage|p1a: Tyranitar|92\/341
|-enditem|p1a: Tyranitar|Smooth Rock|[from] move: Knock Off|[of] p2a: Landorus-Therian
|move|p1a: Tyranitar|Stone Edge|p2a: Landorus-Therian
|-damage|p2a: Landorus-Therian|0 fnt
|faint|p2a: Landorus-Therian
|
|-weather|Sandstorm|[upkeep]
|
|switch|p2a: Skarmory|Skarmory, F|309\/334
|-damage|p2a: Skarmory|268\/334|[from] Stealth Rock
|turn|39
|
|switch|p1a: Talonflame|Talonflame, F|261\/351
|move|p2a: Skarmory|Stealth Rock|p1a: Talonflame
|-sidestart|p1: FlashyJoey|move: Stealth Rock
|
|-weather|Sandstorm|[upkeep]
|-damage|p1a: Talonflame|240\/351|[from] sandstorm
|-heal|p1a: Talonflame|261\/351|[from] item: Leftovers
|-heal|p2a: Skarmory|288\/334|[from] item: Leftovers
|turn|40
|
|move|p1a: Talonflame|Taunt|p2a: Skarmory
|-start|p2a: Skarmory|move: Taunt
|move|p2a: Skarmory|Brave Bird|p1a: Talonflame
|-damage|p1a: Talonflame|116\/351
|-damage|p2a: Skarmory|240\/334|[from] recoil|[of] p1a: Talonflame
|
|-weather|Sandstorm|[upkeep]
|-damage|p1a: Talonflame|95\/351|[from] sandstorm
|-heal|p1a: Talonflame|116\/351|[from] item: Leftovers
|-heal|p2a: Skarmory|260\/334|[from] item: Leftovers
|turn|41
|
|move|p1a: Talonflame|Roost|p1a: Talonflame
|-heal|p1a: Talonflame|292\/351
|move|p2a: Skarmory|Brave Bird|p1a: Talonflame
|-damage|p1a: Talonflame|135\/351
|-damage|p2a: Skarmory|208\/334|[from] recoil|[of] p1a: Talonflame
|
|-weather|Sandstorm|[upkeep]
|-damage|p1a: Talonflame|114\/351|[from] sandstorm
|-heal|p1a: Talonflame|135\/351|[from] item: Leftovers
|-heal|p2a: Skarmory|228\/334|[from] item: Leftovers
|turn|42
|
|move|p1a: Talonflame|Will-O-Wisp|p2a: Skarmory
|-status|p2a: Skarmory|brn
|move|p2a: Skarmory|Brave Bird|p1a: Talonflame
|-damage|p1a: Talonflame|62\/351
|-damage|p2a: Skarmory|204\/334 brn|[from] recoil|[of] p1a: Talonflame
|
|-weather|Sandstorm|[upkeep]
|-damage|p1a: Talonflame|41\/351|[from] sandstorm
|-heal|p1a: Talonflame|62\/351|[from] item: Leftovers
|-heal|p2a: Skarmory|224\/334 brn|[from] item: Leftovers
|-damage|p2a: Skarmory|183\/334 brn|[from] brn
|-end|p2a: Skarmory|move: Taunt
|turn|43
|
|move|p1a: Talonflame|Roost|p1a: Talonflame
|-heal|p1a: Talonflame|238\/351
|move|p2a: Skarmory|Whirlwind|p1a: Talonflame
|drag|p1a: Excadrill|Excadrill, F|135\/361
|-damage|p1a: Excadrill|124\/361|[from] Stealth Rock
|
|-weather|Sandstorm|[upkeep]
|-heal|p2a: Skarmory|203\/334 brn|[from] item: Leftovers
|-damage|p2a: Skarmory|162\/334 brn|[from] brn
|turn|44
|
|move|p1a: Excadrill|Swords Dance|p1a: Excadrill
|-boost|p1a: Excadrill|atk|2
|move|p2a: Skarmory|Brave Bird|p1a: Excadrill
|-resisted|p1a: Excadrill
|-damage|p1a: Excadrill|76\/361
|-damage|p2a: Skarmory|146\/334 brn|[from] recoil|[of] p1a: Excadrill
|
|-weather|Sandstorm|[upkeep]
|-heal|p2a: Skarmory|166\/334 brn|[from] item: Leftovers
|-damage|p2a: Skarmory|125\/334 brn|[from] brn
|turn|45
|
|move|p1a: Excadrill|Rock Slide|p2a: Skarmory
|-damage|p2a: Skarmory|0 fnt
|-damage|p1a: Excadrill|40\/361|[from] item: Life Orb
|faint|p2a: Skarmory
|
|-weather|none
|
|switch|p2a: Sceptile|Sceptile-Mega, M|281\/281
|-damage|p2a: Sceptile|246\/281|[from] Stealth Rock
|turn|46
|
|switch|p1a: Tyranitar|Tyranitar, M|92\/341
|-damage|p1a: Tyranitar|50\/341|[from] Stealth Rock
|-weather|Sandstorm
|move|p2a: Sceptile|Leaf Blade|p1a: Tyranitar
|-crit|p1a: Tyranitar
|-supereffective|p1a: Tyranitar
|-damage|p1a: Tyranitar|0 fnt
|faint|p1a: Tyranitar
|
|-weather|Sandstorm|[upkeep]
|-damage|p2a: Sceptile|229\/281|[from] sandstorm
|
|switch|p1a: Excadrill|Excadrill, F|40\/361
|-damage|p1a: Excadrill|29\/361|[from] Stealth Rock
|turn|47
|
|move|p1a: Excadrill|Iron Head|p2a: Sceptile
|-damage|p2a: Sceptile|0 fnt
|-damage|p1a: Excadrill|0 fnt|[from] item: Life Orb
|faint|p2a: Sceptile
|faint|p1a: Excadrill
|
|win|FlashyJoey
|raw|Ladder updating...
|raw|FlashyJoey's rating: 1645 &rarr; <strong>1661<\/strong><br \/>(+16 for winning)
|raw|zmj23's rating: 1581 &rarr; <strong>1565<\/strong><br \/>(-16 for losing)
|c|âFlashyJoey|gg
|c|âzmj23|gg
|leave|zmj23
|player|p2