|join|FlashyJoey
|join|GrassWeed
|player|p1|FlashyJoey|33
|player|p2|GrassWeed|70
|gametype|singles
|gen|6
|tier|OU
|rated
|clearpoke
|poke|p1|Starmie
|poke|p1|Chesnaught, M
|poke|p1|Talonflame, M
|poke|p1|Excadrill, M
|poke|p1|Tyranitar, M
|poke|p1|Gardevoir, F
|poke|p2|Lopunny, F
|poke|p2|Skarmory, M
|poke|p2|Breloom, F
|poke|p2|Azumarill, M
|poke|p2|Bisharp, M
|poke|p2|Gengar, M
|rule|Swagger Clause: Swagger is banned
|rule|Baton Pass Clause: Limit one PokÃ©mon knowing Baton Pass
|rule|Sleep Clause Mod: Limit one foe put to sleep
|rule|Species Clause: Limit one of each PokÃ©mon
|rule|OHKO Clause: OHKO moves are banned
|rule|Moody Clause: Moody is banned
|rule|Evasion Moves Clause: Evasion moves are banned
|rule|Endless Battle Clause: Forcing endless battles is banned
|rule|HP Percentage Mod: HP is shown in percentages
|teampreview
|
|start
|switch|p1a: Talonflame|Talonflame, M|351\/351
|switch|p2a: Skarmory|Skarmory, M|271\/271
|turn|1
|
|move|p1a: Talonflame|Will-O-Wisp|p2a: Skarmory
|-status|p2a: Skarmory|brn
|move|p2a: Skarmory|Stealth Rock|p1a: Talonflame
|-sidestart|p1: FlashyJoey|move: Stealth Rock
|
|-damage|p2a: Skarmory|238\/271 brn|[from] brn
|turn|2
|
|move|p1a: Talonflame|Will-O-Wisp|p2a: Skarmory
|-fail|p2a: Skarmory|brn
|move|p2a: Skarmory|Spikes|p1a: Talonflame
|-sidestart|p1: FlashyJoey|Spikes
|
|-damage|p2a: Skarmory|205\/271 brn|[from] brn
|turn|3
|
|move|p1a: Talonflame|Taunt|p2a: Skarmory
|-start|p2a: Skarmory|move: Taunt
|cant|p2a: Skarmory|move: Taunt|Spikes
|
|-damage|p2a: Skarmory|172\/271 brn|[from] brn
|turn|4
|
|move|p1a: Talonflame|Will-O-Wisp|p2a: Skarmory
|-fail|p2a: Skarmory|brn
|move|p2a: Skarmory|Brave Bird|p1a: Talonflame
|-damage|p1a: Talonflame|251\/351
|-damage|p2a: Skarmory|139\/271 brn|[from] recoil|[of] p1a: Talonflame
|
|-heal|p1a: Talonflame|272\/351|[from] item: Leftovers
|-damage|p2a: Skarmory|106\/271 brn|[from] brn
|turn|5
|
|switch|p1a: Starmie|Starmie|323\/323
|-damage|p1a: Starmie|283\/323|[from] Spikes
|-damage|p1a: Starmie|243\/323|[from] Stealth Rock
|move|p2a: Skarmory|Brave Bird|p1a: Starmie
|-damage|p1a: Starmie|152\/323
|-damage|p2a: Skarmory|76\/271 brn|[from] recoil|[of] p1a: Starmie
|
|-heal|p1a: Starmie|172\/323|[from] item: Leftovers
|-damage|p2a: Skarmory|43\/271 brn|[from] brn
|-end|p2a: Skarmory|move: Taunt
|-enditem|p2a: Skarmory|Salac Berry|[eat]
|-boost|p2a: Skarmory|spe|1|[from] item: Salac Berry
|turn|6
|
|move|p2a: Skarmory|Taunt|p1a: Starmie
|-start|p1a: Starmie|move: Taunt
|move|p1a: Starmie|Rapid Spin|p2a: Skarmory
|-resisted|p2a: Skarmory
|-damage|p2a: Skarmory|40\/271 brn
|-sideend|p1: FlashyJoey|Spikes|[from] move: Rapid Spin|[of] p1a: Starmie
|-sideend|p1: FlashyJoey|Stealth Rock|[from] move: Rapid Spin|[of] p1a: Starmie
|
|-heal|p1a: Starmie|192\/323|[from] item: Leftovers
|-damage|p2a: Skarmory|7\/271 brn|[from] brn
|turn|7
|
|move|p2a: Skarmory|Stealth Rock|p1a: Starmie
|-sidestart|p1: FlashyJoey|move: Stealth Rock
|move|p1a: Starmie|Rapid Spin|p2a: Skarmory
|-resisted|p2a: Skarmory
|-damage|p2a: Skarmory|3\/271 brn
|-sideend|p1: FlashyJoey|Stealth Rock|[from] move: Rapid Spin|[of] p1a: Starmie
|
|-heal|p1a: Starmie|212\/323|[from] item: Leftovers
|-damage|p2a: Skarmory|0 fnt|[from] brn
|faint|p2a: Skarmory
|
|switch|p2a: Breloom|Breloom, F|261\/261
|turn|8
|
|switch|p1a: Chesnaught|Chesnaught, M|379\/379
|move|p2a: Breloom|Spore|p1a: Chesnaught
|-fail|p1a: Chesnaught
|
|turn|9
|
|switch|p2a: Gengar|Gengar, M|261\/261
|move|p1a: Chesnaught|Wood Hammer|p2a: Gengar
|-resisted|p2a: Gengar
|-damage|p2a: Gengar|149\/261
|-damage|p1a: Chesnaught|342\/379|[from] recoil|[of] p2a: Gengar
|
|-heal|p1a: Chesnaught|365\/379|[from] item: Leftovers
|turn|10
|
|switch|p1a: Tyranitar|Tyranitar, M|341\/341
|-weather|Sandstorm
|move|p2a: Gengar|Shadow Ball|p1a: Tyranitar
|-crit|p1a: Tyranitar
|-resisted|p1a: Tyranitar
|-damage|p1a: Tyranitar|254\/341
|-damage|p2a: Gengar|123\/261|[from] item: Life Orb
|
|-weather|Sandstorm|[upkeep]
|-damage|p2a: Gengar|107\/261|[from] sandstorm
|turn|11
|
|switch|p1a: Talonflame|Talonflame, M|272\/351
|move|p2a: Gengar|Focus Blast|p1a: Talonflame
|-resisted|p1a: Talonflame
|-damage|p1a: Talonflame|189\/351
|-damage|p2a: Gengar|81\/261|[from] item: Life Orb
|
|-weather|Sandstorm|[upkeep]
|-damage|p2a: Gengar|65\/261|[from] sandstorm
|-damage|p1a: Talonflame|168\/351|[from] sandstorm
|-heal|p1a: Talonflame|189\/351|[from] item: Leftovers
|turn|12
|-message|GrassWeed forfeited.
|
|win|FlashyJoey
|raw|Ladder updating...
|leave|GrassWeed
|player|p2
|raw|FlashyJoey's rating: 1633 &rarr; <strong>1643<\/strong><br \/>(+10 for winning)
|raw|GrassWeed's rating: 1445 &rarr; <strong>1435<\/strong><br \/>(-10 for losing)