|join|Vlado Vladimir
|join|FlashyJoey
|player|p1|Vlado Vladimir|31
|player|p2|FlashyJoey|33
|gametype|singles
|gen|6
|tier|OU
|rated
|clearpoke
|poke|p1|Metagross
|poke|p1|Rotom-Wash
|poke|p1|Latios, M
|poke|p1|Gengar, F
|poke|p1|Ferrothorn, M
|poke|p1|Landorus-Therian, M
|poke|p2|Starmie
|poke|p2|Chesnaught, M
|poke|p2|Talonflame, M
|poke|p2|Excadrill, M
|poke|p2|Tyranitar, F
|poke|p2|Gardevoir, F
|rule|Swagger Clause: Swagger is banned
|rule|Baton Pass Clause: Limit one PokÃ©mon knowing Baton Pass
|rule|Sleep Clause Mod: Limit one foe put to sleep
|rule|Species Clause: Limit one of each PokÃ©mon
|rule|OHKO Clause: OHKO moves are banned
|rule|Moody Clause: Moody is banned
|rule|Evasion Moves Clause: Evasion moves are banned
|rule|Endless Battle Clause: Forcing endless battles is banned
|rule|HP Percentage Mod: HP is shown in percentages
|teampreview
|
|start
|switch|p1a: Metagross|Metagross|301\/301
|switch|p2a: Tyranitar|Tyranitar, F|341\/341
|-weather|Sandstorm
|turn|1
|
|switch|p2a: Starmie|Starmie|323\/323
|detailschange|p1a: Metagross|Metagross-Mega
|-mega|p1a: Metagross|Metagross|Metagrossite
|move|p1a: Metagross|Meteor Mash|p2a: Starmie
|-resisted|p2a: Starmie
|-damage|p2a: Starmie|166\/323
|
|-weather|Sandstorm|[upkeep]
|-damage|p2a: Starmie|146\/323|[from] sandstorm
|-heal|p2a: Starmie|166\/323|[from] item: Leftovers
|turn|2
|
|switch|p1a: Rotom-Wash|Rotom-Wash|303\/303
|move|p2a: Starmie|Recover|p2a: Starmie
|-heal|p2a: Starmie|323\/323
|
|-weather|Sandstorm|[upkeep]
|-damage|p2a: Starmie|303\/323|[from] sandstorm
|-damage|p1a: Rotom-Wash|285\/303|[from] sandstorm
|-heal|p2a: Starmie|323\/323|[from] item: Leftovers
|-heal|p1a: Rotom-Wash|303\/303|[from] item: Leftovers
|turn|3
|
|switch|p2a: Chesnaught|Chesnaught, M|379\/379
|move|p1a: Rotom-Wash|Will-O-Wisp|p2a: Chesnaught
|-status|p2a: Chesnaught|brn
|
|-weather|Sandstorm|[upkeep]
|-damage|p1a: Rotom-Wash|285\/303|[from] sandstorm
|-damage|p2a: Chesnaught|356\/379 brn|[from] sandstorm
|-heal|p1a: Rotom-Wash|303\/303|[from] item: Leftovers
|-heal|p2a: Chesnaught|379\/379 brn|[from] item: Leftovers
|-damage|p2a: Chesnaught|332\/379 brn|[from] brn
|turn|4
|
|move|p1a: Rotom-Wash|Volt Switch|p2a: Chesnaught
|-resisted|p2a: Chesnaught
|-damage|p2a: Chesnaught|279\/379 brn
|
|switch|p1a: Landorus-Therian|Landorus-Therian, M|319\/319
|-ability|p1a: Landorus-Therian|Intimidate|[of] p2a: Chesnaught
|-unboost|p2a: Chesnaught|atk|1
|move|p2a: Chesnaught|Spikes|p1a: Landorus-Therian
|-sidestart|p1: Vlado Vladimir|Spikes
|
|-weather|Sandstorm|[upkeep]
|-damage|p2a: Chesnaught|256\/379 brn|[from] sandstorm
|-heal|p2a: Chesnaught|279\/379 brn|[from] item: Leftovers
|-damage|p2a: Chesnaught|232\/379 brn|[from] brn
|turn|5
|
|move|p1a: Landorus-Therian|Stealth Rock|p2a: Chesnaught
|-sidestart|p2: FlashyJoey|move: Stealth Rock
|move|p2a: Chesnaught|Spikes|p1a: Landorus-Therian
|-sidestart|p1: Vlado Vladimir|Spikes
|
|-weather|Sandstorm|[upkeep]
|-damage|p2a: Chesnaught|209\/379 brn|[from] sandstorm
|-heal|p2a: Chesnaught|232\/379 brn|[from] item: Leftovers
|-damage|p2a: Chesnaught|185\/379 brn|[from] brn
|turn|6
|
|switch|p1a: Latios|Latios, M|301\/301
|move|p2a: Chesnaught|Synthesis|p2a: Chesnaught
|-heal|p2a: Chesnaught|280\/379 brn
|
|-weather|Sandstorm|[upkeep]
|-damage|p1a: Latios|283\/301|[from] sandstorm
|-damage|p2a: Chesnaught|257\/379 brn|[from] sandstorm
|-heal|p2a: Chesnaught|280\/379 brn|[from] item: Leftovers
|-damage|p2a: Chesnaught|233\/379 brn|[from] brn
|turn|7
|
|switch|p2a: Tyranitar|Tyranitar, F|341\/341
|-damage|p2a: Tyranitar|299\/341|[from] Stealth Rock
|move|p1a: Latios|Draco Meteor|p2a: Tyranitar
|-damage|p2a: Tyranitar|108\/341
|-unboost|p1a: Latios|spa|2
|-damage|p1a: Latios|253\/301|[from] item: Life Orb
|
|-weather|Sandstorm|[upkeep]
|-damage|p1a: Latios|235\/301|[from] sandstorm
|turn|8
|
|switch|p2a: Gardevoir|Gardevoir, F|289\/289
|-damage|p2a: Gardevoir|253\/289|[from] Stealth Rock
|-ability|p2a: Gardevoir|Levitate|[from] ability: Trace|[of] p1a: Latios
|move|p1a: Latios|Earthquake|p2a: Gardevoir
|-immune|p2a: Gardevoir|[msg]
|
|-weather|none
|turn|9
|c|âVlado Vladimir|shet
|c|âVlado Vladimir|got played there
|
|switch|p1a: Ferrothorn|Ferrothorn, M|352\/352
|-damage|p1a: Ferrothorn|294\/352|[from] Spikes
|detailschange|p2a: Gardevoir|Gardevoir-Mega, F
|-mega|p2a: Gardevoir|Gardevoir|Gardevoirite
|move|p2a: Gardevoir|Focus Blast|p1a: Ferrothorn|[miss]
|-miss|p2a: Gardevoir|p1a: Ferrothorn
|
|turn|10
|
|move|p2a: Gardevoir|Focus Blast|p1a: Ferrothorn
|-supereffective|p1a: Ferrothorn
|-damage|p1a: Ferrothorn|0 fnt
|faint|p1a: Ferrothorn
|
|
|switch|p1a: Landorus-Therian|Landorus-Therian, M|319\/319
|-ability|p1a: Landorus-Therian|Intimidate|[of] p2a: Gardevoir
|-unboost|p2a: Gardevoir|atk|1
|turn|11
|
|switch|p2a: Chesnaught|Chesnaught, M|233\/379 brn
|-damage|p2a: Chesnaught|210\/379 brn|[from] Stealth Rock
|move|p1a: Landorus-Therian|Earthquake|p2a: Chesnaught
|-resisted|p2a: Chesnaught
|-damage|p2a: Chesnaught|151\/379 brn
|
|-heal|p2a: Chesnaught|174\/379 brn|[from] item: Leftovers
|-damage|p2a: Chesnaught|127\/379 brn|[from] brn
|turn|12
|
|switch|p1a: Gengar|Gengar, F|262\/262
|move|p2a: Chesnaught|Synthesis|p2a: Chesnaught
|-heal|p2a: Chesnaught|316\/379 brn
|
|-heal|p2a: Chesnaught|339\/379 brn|[from] item: Leftovers
|-damage|p2a: Chesnaught|292\/379 brn|[from] brn
|turn|13
|
|move|p1a: Gengar|Substitute|p1a: Gengar
|-start|p1a: Gengar|Substitute
|-damage|p1a: Gengar|197\/262
|move|p2a: Chesnaught|Wood Hammer|p1a: Gengar
|-resisted|p1a: Gengar
|-activate|p1a: Gengar|Substitute|[damage]
|-damage|p2a: Chesnaught|273\/379 brn|[from] recoil|[of] p1a: Gengar
|
|-heal|p2a: Chesnaught|296\/379 brn|[from] item: Leftovers
|-damage|p2a: Chesnaught|249\/379 brn|[from] brn
|turn|14
|
|move|p1a: Gengar|Sludge Wave|p2a: Chesnaught
|-supereffective|p2a: Chesnaught
|-damage|p2a: Chesnaught|0 fnt
|-damage|p1a: Gengar|171\/262|[from] item: Life Orb
|faint|p2a: Chesnaught
|
|
|switch|p2a: Talonflame|Talonflame, M|351\/351
|-damage|p2a: Talonflame|176\/351|[from] Stealth Rock
|turn|15
|
|move|p2a: Talonflame|Roost|p2a: Talonflame
|-heal|p2a: Talonflame|351\/351
|move|p1a: Gengar|Sludge Wave|p2a: Talonflame
|-damage|p2a: Talonflame|147\/351
|-status|p2a: Talonflame|psn
|-damage|p1a: Gengar|145\/262|[from] item: Life Orb
|
|-heal|p2a: Talonflame|168\/351 psn|[from] item: Leftovers
|-damage|p2a: Talonflame|125\/351 psn|[from] psn
|turn|16
|
|move|p2a: Talonflame|Roost|p2a: Talonflame
|-heal|p2a: Talonflame|301\/351 psn
|move|p1a: Gengar|Shadow Ball|p2a: Talonflame
|-damage|p2a: Talonflame|140\/351 psn
|-damage|p1a: Gengar|119\/262|[from] item: Life Orb
|
|-heal|p2a: Talonflame|161\/351 psn|[from] item: Leftovers
|-damage|p2a: Talonflame|118\/351 psn|[from] psn
|turn|17
|
|move|p2a: Talonflame|Brave Bird|p1a: Gengar
|-end|p1a: Gengar|Substitute
|-damage|p2a: Talonflame|115\/351 psn|[from] recoil|[of] p1a: Gengar
|move|p1a: Gengar|Sludge Wave|p2a: Talonflame
|-damage|p2a: Talonflame|0 fnt
|-damage|p1a: Gengar|93\/262|[from] item: Life Orb
|faint|p2a: Talonflame
|
|
|switch|p2a: Starmie|Starmie|323\/323
|-damage|p2a: Starmie|283\/323|[from] Stealth Rock
|turn|18
|
|switch|p1a: Rotom-Wash|Rotom-Wash|303\/303
|move|p2a: Starmie|Psyshock|p1a: Rotom-Wash
|-crit|p1a: Rotom-Wash
|-damage|p1a: Rotom-Wash|164\/303
|
|-heal|p2a: Starmie|303\/323|[from] item: Leftovers
|-heal|p1a: Rotom-Wash|182\/303|[from] item: Leftovers
|turn|19
|
|move|p2a: Starmie|Psyshock|p1a: Rotom-Wash
|-damage|p1a: Rotom-Wash|98\/303
|move|p1a: Rotom-Wash|Volt Switch|p2a: Starmie
|-supereffective|p2a: Starmie
|-damage|p2a: Starmie|97\/323
|
|switch|p1a: Landorus-Therian|Landorus-Therian, M|319\/319
|-ability|p1a: Landorus-Therian|Intimidate|[of] p2a: Starmie
|-unboost|p2a: Starmie|atk|1
|
|-heal|p2a: Starmie|117\/323|[from] item: Leftovers
|turn|20
|
|switch|p2a: Tyranitar|Tyranitar, F|108\/341
|-damage|p2a: Tyranitar|66\/341|[from] Stealth Rock
|-weather|Sandstorm
|move|p1a: Landorus-Therian|Earthquake|p2a: Tyranitar
|-supereffective|p2a: Tyranitar
|-damage|p2a: Tyranitar|0 fnt
|faint|p2a: Tyranitar
|
|-weather|Sandstorm|[upkeep]
|
|switch|p2a: Excadrill|Excadrill, M|361\/361
|-damage|p2a: Excadrill|350\/361|[from] Stealth Rock
|turn|21
|
|move|p2a: Excadrill|Iron Head|p1a: Landorus-Therian
|-damage|p1a: Landorus-Therian|103\/319
|-damage|p2a: Excadrill|314\/361|[from] item: Life Orb
|move|p1a: Landorus-Therian|Earthquake|p2a: Excadrill
|-supereffective|p2a: Excadrill
|-damage|p2a: Excadrill|0 fnt
|faint|p2a: Excadrill
|
|-weather|Sandstorm|[upkeep]
|c|âFlashyJoey|flinch
|
|switch|p2a: Gardevoir|Gardevoir-Mega, F|253\/289
|-damage|p2a: Gardevoir|217\/289|[from] Stealth Rock
|turn|22
|
|move|p1a: Landorus-Therian|Earthquake|p2a: Gardevoir
|-damage|p2a: Gardevoir|0 fnt
|faint|p2a: Gardevoir
|
|-weather|Sandstorm|[upkeep]
|
|switch|p2a: Starmie|Starmie|117\/323
|-damage|p2a: Starmie|77\/323|[from] Stealth Rock
|turn|23
|c|âFlashyJoey|gg
|c|âVlado Vladimir|gg
|
|move|p1a: Landorus-Therian|Earthquake|p2a: Starmie
|-damage|p2a: Starmie|0 fnt
|faint|p2a: Starmie
|
|win|Vlado Vladimir
|raw|Ladder updating...
|raw|Vlado Vladimir's rating: 1659 &rarr; <strong>1681<\/strong><br \/>(+22 for winning)
|raw|FlashyJoey's rating: 1683 &rarr; <strong>1662<\/strong><br \/>(-21 for losing)
|leave|Vlado Vladimir
|player|p1