|join|LoktaOgaa
|join|ChaoticChrome
|player|p1|LoktaOgaa|264
|player|p2|ChaoticChrome|102
|gametype|singles
|gen|6
|tier|OU
|rated
|clearpoke
|poke|p1|Celebi
|poke|p1|Magnezone
|poke|p1|Lopunny, M
|poke|p1|Bisharp, F
|poke|p1|Landorus-Therian, M
|poke|p1|Starmie
|poke|p2|Pinsir, F
|poke|p2|Rotom-Wash
|poke|p2|Heatran, F
|poke|p2|Dragonite, F
|poke|p2|Haxorus, F
|poke|p2|Mew
|rule|Swagger Clause: Swagger is banned
|rule|Baton Pass Clause: Limit one PokÃ©mon knowing Baton Pass
|rule|Sleep Clause Mod: Limit one foe put to sleep
|rule|Species Clause: Limit one of each PokÃ©mon
|rule|OHKO Clause: OHKO moves are banned
|rule|Moody Clause: Moody is banned
|rule|Evasion Moves Clause: Evasion moves are banned
|rule|Endless Battle Clause: Forcing endless battles is banned
|rule|HP Percentage Mod: HP is shown in percentages
|teampreview
|c|âChaoticChrome|glhf
|c|âLoktaOgaa|same goes
|
|start
|switch|p1a: Bisharp|Bisharp, F|271\/271
|switch|p2a: Rotom-Wash|Rotom-Wash|304\/304
|turn|1
|
|move|p1a: Bisharp|Stealth Rock|p2a: Rotom-Wash
|-sidestart|p2: ChaoticChrome|move: Stealth Rock
|move|p2a: Rotom-Wash|Will-O-Wisp|p1a: Bisharp
|-status|p1a: Bisharp|brn
|
|-damage|p1a: Bisharp|238\/271 brn|[from] brn
|turn|2
|
|switch|p1a: Celebi|Celebi|404\/404
|move|p2a: Rotom-Wash|Hydro Pump|p1a: Celebi|[miss]
|-miss|p2a: Rotom-Wash|p1a: Celebi
|
|turn|3
|
|switch|p2a: Mew|Mew|376\/376
|-damage|p2a: Mew|329\/376|[from] Stealth Rock
|move|p1a: Celebi|Baton Pass|p1a: Celebi
|
|switch|p1a: Bisharp|Bisharp, F|238\/271 brn
|
|-heal|p2a: Mew|352\/376|[from] item: Leftovers
|-damage|p1a: Bisharp|205\/271 brn|[from] brn
|turn|4
|
|move|p2a: Mew|Knock Off|p1a: Bisharp
|-resisted|p1a: Bisharp
|-damage|p1a: Bisharp|168\/271 brn
|-enditem|p1a: Bisharp|Life Orb|[from] move: Knock Off|[of] p2a: Mew
|move|p1a: Bisharp|Knock Off|p2a: Mew
|-supereffective|p2a: Mew
|-damage|p2a: Mew|170\/376
|-enditem|p2a: Mew|Leftovers|[from] move: Knock Off|[of] p1a: Bisharp
|
|-damage|p1a: Bisharp|135\/271 brn|[from] brn
|turn|5
|
|switch|p1a: Magnezone|Magnezone|324\/324
|move|p2a: Mew|Soft-Boiled|p2a: Mew
|-heal|p2a: Mew|358\/376
|
|turn|6
|
|move|p2a: Mew|Knock Off|p1a: Magnezone
|-damage|p1a: Magnezone|251\/324
|-enditem|p1a: Magnezone|Choice Specs|[from] move: Knock Off|[of] p2a: Mew
|move|p1a: Magnezone|Thunderbolt|p2a: Mew
|-damage|p2a: Mew|217\/376
|
|turn|7
|
|move|p2a: Mew|Will-O-Wisp|p1a: Magnezone
|-status|p1a: Magnezone|brn
|move|p1a: Magnezone|Volt Switch|p2a: Mew
|-crit|p2a: Mew
|-damage|p2a: Mew|60\/376
|
|switch|p1a: Lopunny|Lopunny, M|271\/271
|
|turn|8
|
|switch|p2a: Rotom-Wash|Rotom-Wash|304\/304
|-damage|p2a: Rotom-Wash|266\/304|[from] Stealth Rock
|detailschange|p1a: Lopunny|Lopunny-Mega, M
|-mega|p1a: Lopunny|Lopunny|Lopunnite
|move|p1a: Lopunny|Return|p2a: Rotom-Wash
|-damage|p2a: Rotom-Wash|130\/304
|
|-heal|p2a: Rotom-Wash|149\/304|[from] item: Leftovers
|turn|9
|
|move|p1a: Lopunny|High Jump Kick|p2a: Rotom-Wash
|-damage|p2a: Rotom-Wash|0 fnt
|faint|p2a: Rotom-Wash
|
|
|switch|p2a: Pinsir|Pinsir, F|271\/271
|-damage|p2a: Pinsir|204\/271|[from] Stealth Rock
|turn|10
|
|switch|p1a: Landorus-Therian|Landorus-Therian, M|319\/319
|-ability|p1a: Landorus-Therian|Intimidate|[of] p2a: Pinsir
|-unboost|p2a: Pinsir|atk|1
|detailschange|p2a: Pinsir|Pinsir-Mega, F
|-mega|p2a: Pinsir|Pinsir|Pinsirite
|move|p2a: Pinsir|Quick Attack|p1a: Landorus-Therian
|-damage|p1a: Landorus-Therian|234\/319
|
|turn|11
|
|switch|p2a: Heatran|Heatran, F|324\/324
|-damage|p2a: Heatran|284\/324|[from] Stealth Rock
|-item|p2a: Heatran|Air Balloon
|move|p1a: Landorus-Therian|Stone Edge|p2a: Heatran
|-damage|p2a: Heatran|155\/324
|-enditem|p2a: Heatran|Air Balloon
|
|turn|12
|
|switch|p1a: Starmie|Starmie|324\/324
|move|p2a: Heatran|Lava Plume|p1a: Starmie
|-resisted|p1a: Starmie
|-damage|p1a: Starmie|233\/324
|-status|p1a: Starmie|brn
|
|-heal|p1a: Starmie|253\/324 brn|[from] item: Leftovers
|-damage|p1a: Starmie|213\/324 brn|[from] brn
|turn|13
|
|move|p1a: Starmie|Scald|p2a: Heatran
|-supereffective|p2a: Heatran
|-damage|p2a: Heatran|0 fnt
|faint|p2a: Heatran
|
|-heal|p1a: Starmie|233\/324 brn|[from] item: Leftovers
|-damage|p1a: Starmie|193\/324 brn|[from] brn
|
|switch|p2a: Haxorus|Haxorus, F|294\/294
|-damage|p2a: Haxorus|258\/294|[from] Stealth Rock
|-ability|p2a: Haxorus|Mold Breaker
|turn|14
|
|switch|p1a: Landorus-Therian|Landorus-Therian, M|234\/319
|-ability|p1a: Landorus-Therian|Intimidate|[of] p2a: Haxorus
|-unboost|p2a: Haxorus|atk|1
|move|p2a: Haxorus|Dragon Dance|p2a: Haxorus
|-boost|p2a: Haxorus|atk|1
|-boost|p2a: Haxorus|spe|1
|
|turn|15
|
|move|p2a: Haxorus|Dragon Dance|p2a: Haxorus
|-boost|p2a: Haxorus|atk|1
|-boost|p2a: Haxorus|spe|1
|move|p1a: Landorus-Therian|U-turn|p2a: Haxorus
|-crit|p2a: Haxorus
|-damage|p2a: Haxorus|118\/294
|
|switch|p1a: Lopunny|Lopunny-Mega, M|271\/271
|
|turn|16
|
|switch|p1a: Landorus-Therian|Landorus-Therian, M|234\/319
|-ability|p1a: Landorus-Therian|Intimidate|[of] p2a: Haxorus
|-unboost|p2a: Haxorus|atk|1
|move|p2a: Haxorus|Dragon Claw|p1a: Landorus-Therian
|-damage|p1a: Landorus-Therian|75\/319
|
|turn|17
|
|move|p2a: Haxorus|Dragon Claw|p1a: Landorus-Therian
|-damage|p1a: Landorus-Therian|0 fnt
|faint|p1a: Landorus-Therian
|
|
|switch|p1a: Lopunny|Lopunny-Mega, M|271\/271
|turn|18
|
|move|p2a: Haxorus|Superpower|p1a: Lopunny
|-supereffective|p1a: Lopunny
|-damage|p1a: Lopunny|0 fnt
|-unboost|p2a: Haxorus|atk|1
|-unboost|p2a: Haxorus|def|1
|faint|p1a: Lopunny
|
|
|switch|p1a: Celebi|Celebi|404\/404
|turn|19
|
|move|p2a: Haxorus|Dragon Dance|p2a: Haxorus
|-boost|p2a: Haxorus|atk|1
|-boost|p2a: Haxorus|spe|1
|move|p1a: Celebi|Zen Headbutt|p2a: Haxorus|[miss]
|-miss|p1a: Celebi|p2a: Haxorus
|
|turn|20
|
|move|p2a: Haxorus|Dragon Claw|p1a: Celebi
|-damage|p1a: Celebi|254\/404
|move|p1a: Celebi|Zen Headbutt|p2a: Haxorus
|-damage|p2a: Haxorus|0 fnt
|faint|p2a: Haxorus
|
|-heal|p1a: Celebi|279\/404|[from] item: Leftovers
|
|switch|p2a: Pinsir|Pinsir-Mega, F|204\/271
|-damage|p2a: Pinsir|69\/271|[from] Stealth Rock
|turn|21
|
|move|p2a: Pinsir|Return|p1a: Celebi
|-supereffective|p1a: Celebi
|-damage|p1a: Celebi|0 fnt
|faint|p1a: Celebi
|
|
|switch|p1a: Starmie|Starmie|193\/324
|turn|22
|
|move|p2a: Pinsir|Quick Attack|p1a: Starmie
|-damage|p1a: Starmie|73\/324
|move|p1a: Starmie|Scald|p2a: Pinsir
|-damage|p2a: Pinsir|0 fnt
|faint|p2a: Pinsir
|
|-heal|p1a: Starmie|93\/324|[from] item: Leftovers
|
|switch|p2a: Dragonite|Dragonite, F|323\/323
|-damage|p2a: Dragonite|243\/323|[from] Stealth Rock
|turn|23
|
|move|p2a: Dragonite|Extreme Speed|p1a: Starmie
|-damage|p1a: Starmie|0 fnt
|faint|p1a: Starmie
|
|
|switch|p1a: Magnezone|Magnezone|251\/324 brn
|turn|24
|
|move|p2a: Dragonite|Extreme Speed|p1a: Magnezone
|-resisted|p1a: Magnezone
|-damage|p1a: Magnezone|184\/324 brn
|move|p1a: Magnezone|Thunderbolt|p2a: Dragonite
|-damage|p2a: Dragonite|63\/323
|
|-damage|p1a: Magnezone|144\/324 brn|[from] brn
|turn|25
|
|move|p2a: Dragonite|Extreme Speed|p1a: Magnezone
|-resisted|p1a: Magnezone
|-damage|p1a: Magnezone|77\/324 brn
|move|p1a: Magnezone|Volt Switch|p2a: Dragonite
|-damage|p2a: Dragonite|0 fnt
|faint|p2a: Dragonite
|
|switch|p1a: Bisharp|Bisharp, F|135\/271 brn
|
|-damage|p1a: Bisharp|102\/271 brn|[from] brn
|
|switch|p2a: Mew|Mew|60\/376
|-damage|p2a: Mew|13\/376|[from] Stealth Rock
|turn|26
|
|move|p2a: Mew|Soft-Boiled|p2a: Mew
|-heal|p2a: Mew|201\/376
|move|p1a: Bisharp|Knock Off|p2a: Mew
|-supereffective|p2a: Mew
|-damage|p2a: Mew|81\/376
|
|-damage|p1a: Bisharp|69\/271 brn|[from] brn
|turn|27
|
|move|p2a: Mew|Soft-Boiled|p2a: Mew
|-heal|p2a: Mew|269\/376
|move|p1a: Bisharp|Knock Off|p2a: Mew
|-supereffective|p2a: Mew
|-damage|p2a: Mew|137\/376
|
|-damage|p1a: Bisharp|36\/271 brn|[from] brn
|turn|28
|
|move|p2a: Mew|Soft-Boiled|p2a: Mew
|-heal|p2a: Mew|325\/376
|move|p1a: Bisharp|Knock Off|p2a: Mew
|-supereffective|p2a: Mew
|-damage|p2a: Mew|205\/376
|
|-damage|p1a: Bisharp|3\/271 brn|[from] brn
|turn|29
|-message|LoktaOgaa forfeited.
|
|win|ChaoticChrome
|raw|Ladder updating...
|leave|LoktaOgaa
|player|p1
|raw|LoktaOgaa's rating: 1483 &rarr; <strong>1465<\/strong><br \/>(-18 for losing)
|raw|ChaoticChrome's rating: 1506 &rarr; <strong>1524<\/strong><br \/>(+18 for winning)