|join|BoneyKingOfNowhere
|join|chaoticchrome
|player|p1|BoneyKingOfNowhere|192
|player|p2|chaoticchrome|161
|gametype|singles
|gen|6
|tier|OU
|rated
|clearpoke
|poke|p1|Metagross
|poke|p1|Keldeo-Resolute
|poke|p1|Latios, M
|poke|p1|Garchomp, F, shiny
|poke|p1|Sylveon, M
|poke|p1|Skarmory, F
|poke|p2|Metagross
|poke|p2|Tyranitar, M
|poke|p2|Garchomp, M
|poke|p2|Starmie
|poke|p2|Excadrill, M
|poke|p2|Thundurus, M
|rule|Swagger Clause: Swagger is banned
|rule|Baton Pass Clause: Limit one PokÃ©mon knowing Baton Pass
|rule|Sleep Clause Mod: Limit one foe put to sleep
|rule|Species Clause: Limit one of each PokÃ©mon
|rule|OHKO Clause: OHKO moves are banned
|rule|Moody Clause: Moody is banned
|rule|Evasion Moves Clause: Evasion moves are banned
|rule|Endless Battle Clause: Forcing endless battles is banned
|rule|HP Percentage Mod: HP is shown in percentages
|teampreview
|
|start
|switch|p1a: Keldeo-Resolute|Keldeo-Resolute|323\/323
|switch|p2a: Starmie|Starmie|262\/262
|turn|1
|
|switch|p1a: Sylveon|Sylveon, M|394\/394
|move|p2a: Starmie|Psyshock|p1a: Sylveon
|-damage|p1a: Sylveon|211\/394
|-damage|p2a: Starmie|236\/262|[from] item: Life Orb
|
|-heal|p1a: Sylveon|235\/394|[from] item: Leftovers
|turn|2
|
|move|p2a: Starmie|Hydro Pump|p1a: Sylveon
|-damage|p1a: Sylveon|83\/394
|-damage|p2a: Starmie|210\/262|[from] item: Life Orb
|move|p1a: Sylveon|Wish|p1a: Sylveon
|
|-heal|p1a: Sylveon|107\/394|[from] item: Leftovers
|turn|3
|
|switch|p2a: Metagross|Metagross|302\/302
|move|p1a: Sylveon|Protect|p1a: Sylveon
|-fail|p1a: Sylveon
|
|-heal|p1a: Sylveon|304\/394|[from] move: Wish|[wisher] Sylveon
|-heal|p1a: Sylveon|328\/394|[from] item: Leftovers
|turn|4
|
|switch|p1a: Skarmory|Skarmory, F|334\/334
|detailschange|p2a: Metagross|Metagross-Mega
|-mega|p2a: Metagross|Metagross|Metagrossite
|move|p2a: Metagross|Hone Claws|p2a: Metagross
|-boost|p2a: Metagross|atk|1
|-boost|p2a: Metagross|accuracy|1
|
|turn|5
|
|move|p2a: Metagross|Zen Headbutt|p1a: Skarmory
|-resisted|p1a: Skarmory
|-damage|p1a: Skarmory|238\/334
|-damage|p2a: Metagross|252\/302|[from] item: Rocky Helmet|[of] p1a: Skarmory
|move|p1a: Skarmory|Whirlwind|p2a: Metagross
|drag|p2a: Starmie|Starmie|210\/262
|
|turn|6
|
|switch|p1a: Garchomp|Garchomp, F, shiny|357\/357
|move|p2a: Starmie|Hydro Pump|p1a: Garchomp|[miss]
|-miss|p2a: Starmie|p1a: Garchomp
|
|turn|7
|
|switch|p2a: Excadrill|Excadrill, M|361\/361
|-item|p2a: Excadrill|Air Balloon
|move|p1a: Garchomp|Stealth Rock|p2a: Excadrill
|-sidestart|p2: chaoticchrome|move: Stealth Rock
|
|turn|8
|
|switch|p2a: Tyranitar|Tyranitar, M|404\/404
|-damage|p2a: Tyranitar|354\/404|[from] Stealth Rock
|-weather|Sandstorm
|move|p1a: Garchomp|Fire Blast|p2a: Tyranitar
|-resisted|p2a: Tyranitar
|-damage|p2a: Tyranitar|329\/404
|
|-weather|Sandstorm|[upkeep]
|turn|9
|
|switch|p2a: Thundurus|Thundurus, M|299\/299
|-damage|p2a: Thundurus|225\/299|[from] Stealth Rock
|move|p1a: Garchomp|Earthquake|p2a: Thundurus
|-immune|p2a: Thundurus|[msg]
|
|-weather|Sandstorm|[upkeep]
|-damage|p2a: Thundurus|207\/299|[from] sandstorm
|-heal|p2a: Thundurus|225\/299|[from] item: Leftovers
|turn|10
|
|switch|p1a: Metagross|Metagross|301\/301
|move|p2a: Thundurus|Knock Off|p1a: Metagross
|-supereffective|p1a: Metagross
|-damage|p1a: Metagross|211\/301
|
|-weather|Sandstorm|[upkeep]
|-damage|p2a: Thundurus|207\/299|[from] sandstorm
|-heal|p2a: Thundurus|225\/299|[from] item: Leftovers
|turn|11
|
|detailschange|p1a: Metagross|Metagross-Mega
|-mega|p1a: Metagross|Metagross|Metagrossite
|move|p2a: Thundurus|Thunder Wave|p1a: Metagross
|-status|p1a: Metagross|par
|move|p1a: Metagross|Ice Punch|p2a: Thundurus
|-supereffective|p2a: Thundurus
|-damage|p2a: Thundurus|0 fnt
|faint|p2a: Thundurus
|
|-weather|Sandstorm|[upkeep]
|
|switch|p2a: Garchomp|Garchomp, M|358\/358
|-damage|p2a: Garchomp|336\/358|[from] Stealth Rock
|turn|12
|
|switch|p1a: Sylveon|Sylveon, M|328\/394
|move|p2a: Garchomp|Substitute|p2a: Garchomp
|-start|p2a: Garchomp|Substitute
|-damage|p2a: Garchomp|247\/358
|
|-weather|Sandstorm|[upkeep]
|-damage|p1a: Sylveon|304\/394|[from] sandstorm
|-heal|p1a: Sylveon|328\/394|[from] item: Leftovers
|turn|13
|
|switch|p2a: Metagross|Metagross-Mega|252\/302
|-damage|p2a: Metagross|234\/302|[from] Stealth Rock
|move|p1a: Sylveon|Hyper Voice|p2a: Metagross
|-resisted|p2a: Metagross
|-damage|p2a: Metagross|168\/302
|
|-weather|Sandstorm|[upkeep]
|-damage|p1a: Sylveon|304\/394|[from] sandstorm
|-heal|p1a: Sylveon|328\/394|[from] item: Leftovers
|turn|14
|
|switch|p2a: Starmie|Starmie|210\/262
|-damage|p2a: Starmie|178\/262|[from] Stealth Rock
|switch|p1a: Skarmory|Skarmory, F|238\/334
|
|-weather|Sandstorm|[upkeep]
|-damage|p2a: Starmie|162\/262|[from] sandstorm
|turn|15
|
|switch|p1a: Keldeo-Resolute|Keldeo-Resolute|323\/323
|move|p2a: Starmie|Rapid Spin|p1a: Keldeo-Resolute
|-damage|p1a: Keldeo-Resolute|304\/323
|-sideend|p2: chaoticchrome|Stealth Rock|[from] move: Rapid Spin|[of] p2a: Starmie
|-damage|p2a: Starmie|136\/262|[from] item: Life Orb
|
|-weather|none
|turn|16
|
|switch|p1a: Latios|Latios, M|301\/301
|move|p2a: Starmie|Psyshock|p1a: Latios
|-resisted|p1a: Latios
|-damage|p1a: Latios|207\/301
|-damage|p2a: Starmie|110\/262|[from] item: Life Orb
|
|turn|17
|
|switch|p1a: Keldeo-Resolute|Keldeo-Resolute|304\/323
|move|p2a: Starmie|Ice Beam|p1a: Keldeo-Resolute
|-resisted|p1a: Keldeo-Resolute
|-damage|p1a: Keldeo-Resolute|243\/323
|-damage|p2a: Starmie|84\/262|[from] item: Life Orb
|
|turn|18
|
|switch|p1a: Garchomp|Garchomp, F, shiny|357\/357
|move|p2a: Starmie|Psyshock|p1a: Garchomp
|-damage|p1a: Garchomp|197\/357
|-damage|p2a: Starmie|58\/262|[from] item: Life Orb
|
|-heal|p1a: Garchomp|219\/357|[from] item: Leftovers
|turn|19
|
|switch|p1a: Sylveon|Sylveon, M|328\/394
|move|p2a: Starmie|Hydro Pump|p1a: Sylveon
|-damage|p1a: Sylveon|176\/394
|-damage|p2a: Starmie|32\/262|[from] item: Life Orb
|
|-heal|p1a: Sylveon|200\/394|[from] item: Leftovers
|turn|20
|
|move|p2a: Starmie|Psyshock|p1a: Sylveon
|-damage|p1a: Sylveon|8\/394
|-damage|p2a: Starmie|6\/262|[from] item: Life Orb
|move|p1a: Sylveon|Wish|p1a: Sylveon
|
|-heal|p1a: Sylveon|32\/394|[from] item: Leftovers
|turn|21
|
|switch|p2a: Metagross|Metagross-Mega|168\/302
|move|p1a: Sylveon|Protect|p1a: Sylveon
|-fail|p1a: Sylveon
|
|-heal|p1a: Sylveon|229\/394|[from] move: Wish|[wisher] Sylveon
|-heal|p1a: Sylveon|253\/394|[from] item: Leftovers
|turn|22
|
|switch|p2a: Tyranitar|Tyranitar, M|329\/404
|-weather|Sandstorm
|switch|p1a: Skarmory|Skarmory, F|238\/334
|
|-weather|Sandstorm|[upkeep]
|turn|23
|
|move|p1a: Skarmory|Roost|p1a: Skarmory
|-heal|p1a: Skarmory|334\/334
|move|p2a: Tyranitar|Fire Blast|p1a: Skarmory
|-supereffective|p1a: Skarmory
|-damage|p1a: Skarmory|104\/334
|
|-weather|Sandstorm|[upkeep]
|turn|24
|
|move|p1a: Skarmory|Roost|p1a: Skarmory
|-heal|p1a: Skarmory|271\/334
|move|p2a: Tyranitar|Stealth Rock|p1a: Skarmory
|-sidestart|p1: BoneyKingOfNowhere|move: Stealth Rock
|
|-weather|Sandstorm|[upkeep]
|turn|25
|
|switch|p1a: Keldeo-Resolute|Keldeo-Resolute|243\/323
|-damage|p1a: Keldeo-Resolute|223\/323|[from] Stealth Rock
|move|p2a: Tyranitar|Fire Blast|p1a: Keldeo-Resolute
|-resisted|p1a: Keldeo-Resolute
|-damage|p1a: Keldeo-Resolute|176\/323
|
|-weather|Sandstorm|[upkeep]
|-damage|p1a: Keldeo-Resolute|156\/323|[from] sandstorm
|turn|26
|
|switch|p2a: Starmie|Starmie|6\/262
|move|p1a: Keldeo-Resolute|Secret Sword|p2a: Starmie
|-resisted|p2a: Starmie
|-damage|p2a: Starmie|0 fnt
|faint|p2a: Starmie
|
|-weather|Sandstorm|[upkeep]
|-damage|p1a: Keldeo-Resolute|136\/323|[from] sandstorm
|
|switch|p2a: Metagross|Metagross-Mega|168\/302
|turn|27
|
|switch|p1a: Skarmory|Skarmory, F|271\/334
|-damage|p1a: Skarmory|230\/334|[from] Stealth Rock
|move|p2a: Metagross|Hone Claws|p2a: Metagross
|-boost|p2a: Metagross|atk|1
|-boost|p2a: Metagross|accuracy|1
|
|-weather|Sandstorm|[upkeep]
|turn|28
|
|move|p2a: Metagross|Zen Headbutt|p1a: Skarmory
|-resisted|p1a: Skarmory
|-damage|p1a: Skarmory|134\/334
|-damage|p2a: Metagross|118\/302|[from] item: Rocky Helmet|[of] p1a: Skarmory
|cant|p1a: Skarmory|flinch
|
|-weather|Sandstorm|[upkeep]
|turn|29
|
|move|p2a: Metagross|Zen Headbutt|p1a: Skarmory
|-resisted|p1a: Skarmory
|-damage|p1a: Skarmory|43\/334
|-damage|p2a: Metagross|68\/302|[from] item: Rocky Helmet|[of] p1a: Skarmory
|cant|p1a: Skarmory|flinch
|
|-weather|none
|turn|30
|c|âBoneyKingOfNowhere|fuck
|
|move|p2a: Metagross|Zen Headbutt|p1a: Skarmory
|-resisted|p1a: Skarmory
|-damage|p1a: Skarmory|0 fnt
|-damage|p2a: Metagross|18\/302|[from] item: Rocky Helmet|[of] p1a: Skarmory
|faint|p1a: Skarmory
|
|c|âchaoticchrome|yas
|
|switch|p1a: Garchomp|Garchomp, F, shiny|219\/357
|-damage|p1a: Garchomp|197\/357|[from] Stealth Rock
|turn|31
|c|âchaoticchrome|dat rough skhin
|
|move|p2a: Metagross|Meteor Mash|p1a: Garchomp
|-damage|p1a: Garchomp|0 fnt
|-damage|p2a: Metagross|0 fnt|[from] ability: Rough Skin|[of] p1a: Garchomp
|faint|p2a: Metagross
|faint|p1a: Garchomp
|
|
|switch|p1a: Keldeo-Resolute|Keldeo-Resolute|136\/323
|switch|p2a: Tyranitar|Tyranitar, M|329\/404
|-damage|p1a: Keldeo-Resolute|116\/323|[from] Stealth Rock
|-weather|Sandstorm
|turn|32
|
|switch|p2a: Garchomp|Garchomp, M|247\/358
|move|p1a: Keldeo-Resolute|Secret Sword|p2a: Garchomp|[miss]
|-miss|p1a: Keldeo-Resolute|p2a: Garchomp
|
|-weather|Sandstorm|[upkeep]
|-damage|p1a: Keldeo-Resolute|96\/323|[from] sandstorm
|turn|33
|c|âBoneyKingOfNowhere|I thought sand veil is illegal
|
|move|p1a: Keldeo-Resolute|Secret Sword|p2a: Garchomp
|-damage|p2a: Garchomp|15\/358
|-enditem|p2a: Garchomp|Salac Berry|[eat]
|-boost|p2a: Garchomp|spe|1|[from] item: Salac Berry
|move|p2a: Garchomp|Dragon Claw|p1a: Keldeo-Resolute
|-damage|p1a: Keldeo-Resolute|0 fnt
|faint|p1a: Keldeo-Resolute
|
|-weather|Sandstorm|[upkeep]
|c|âchaoticchrome|obviously not
|
|switch|p1a: Latios|Latios, M|207\/301
|-damage|p1a: Latios|170\/301|[from] Stealth Rock
|turn|34
|
|move|p1a: Latios|Draco Meteor|p2a: Garchomp|[miss]
|-miss|p1a: Latios|p2a: Garchomp
|move|p2a: Garchomp|Dragon Claw|p1a: Latios
|-supereffective|p1a: Latios
|-damage|p1a: Latios|0 fnt
|faint|p1a: Latios
|
|-weather|Sandstorm|[upkeep]
|c|âchaoticchrome|yeet yeet
|-message|BoneyKingOfNowhere forfeited.
|
|win|chaoticchrome
|raw|Ladder updating...
|raw|BoneyKingOfNowhere's rating: 1485 &rarr; <strong>1469<\/strong><br \/>(-16 for losing)
|raw|chaoticchrome's rating: 1551 &rarr; <strong>1567<\/strong><br \/>(+16 for winning)