|join|TheZackZeal
|join|ChaoticChrome
|player|p1|TheZackZeal|248
|player|p2|ChaoticChrome|161
|gametype|singles
|gen|6
|tier|OU
|rated
|clearpoke
|poke|p1|Lopunny, F
|poke|p1|Sylveon, M
|poke|p1|Mamoswine, M
|poke|p1|Magnezone
|poke|p1|Mandibuzz, F
|poke|p1|Conkeldurr, F
|poke|p2|Metagross
|poke|p2|Tyranitar, M
|poke|p2|Garchomp, M
|poke|p2|Starmie
|poke|p2|Excadrill, F
|poke|p2|Thundurus, M
|rule|Swagger Clause: Swagger is banned
|rule|Baton Pass Clause: Limit one PokÃ©mon knowing Baton Pass
|rule|Sleep Clause Mod: Limit one foe put to sleep
|rule|Species Clause: Limit one of each PokÃ©mon
|rule|OHKO Clause: OHKO moves are banned
|rule|Moody Clause: Moody is banned
|rule|Evasion Moves Clause: Evasion moves are banned
|rule|Endless Battle Clause: Forcing endless battles is banned
|rule|HP Percentage Mod: HP is shown in percentages
|teampreview
|
|start
|switch|p1a: Olga|Conkeldurr, F|413\/413
|switch|p2a: Starmie|Starmie|262\/262
|turn|1
|
|switch|p2a: Metagross|Metagross|302\/302
|switch|p1a: Illuminati|Magnezone|343\/343
|
|turn|2
|
|switch|p1a: ScumBird|Mandibuzz, F|423\/423
|detailschange|p2a: Metagross|Metagross-Mega
|-mega|p2a: Metagross|Metagross|Metagrossite
|move|p2a: Metagross|Zen Headbutt|p1a: ScumBird
|-immune|p1a: ScumBird|[msg]
|
|turn|3
|
|switch|p2a: Tyranitar|Tyranitar, M|404\/404
|-weather|Sandstorm
|move|p1a: ScumBird|Foul Play|p2a: Tyranitar
|-resisted|p2a: Tyranitar
|-damage|p2a: Tyranitar|320\/404
|
|-weather|Sandstorm|[upkeep]
|turn|4
|
|switch|p1a: Olga|Conkeldurr, F|413\/413
|move|p2a: Tyranitar|Stealth Rock|p1a: Olga
|-sidestart|p1: TheZackZeal|move: Stealth Rock
|
|-weather|Sandstorm|[upkeep]
|-damage|p1a: Olga|388\/413|[from] sandstorm
|turn|5
|
|switch|p2a: Starmie|Starmie|262\/262
|move|p1a: Olga|Knock Off|p2a: Starmie
|-supereffective|p2a: Starmie
|-damage|p2a: Starmie|0 fnt
|-enditem|p2a: Starmie|Life Orb|[from] move: Knock Off|[of] p1a: Olga
|faint|p2a: Starmie
|
|-weather|Sandstorm|[upkeep]
|-damage|p1a: Olga|363\/413|[from] sandstorm
|
|switch|p2a: Metagross|Metagross-Mega|302\/302
|turn|6
|
|switch|p1a: ScumBird|Mandibuzz, F|423\/423
|-damage|p1a: ScumBird|318\/423|[from] Stealth Rock
|move|p2a: Metagross|Hone Claws|p2a: Metagross
|-boost|p2a: Metagross|atk|1
|-boost|p2a: Metagross|accuracy|1
|
|-weather|Sandstorm|[upkeep]
|turn|7
|
|move|p2a: Metagross|Meteor Mash|p1a: ScumBird
|-damage|p1a: ScumBird|90\/423
|-damage|p2a: Metagross|252\/302|[from] item: Rocky Helmet|[of] p1a: ScumBird
|move|p1a: ScumBird|Defog|p2a: Metagross
|-unboost|p2a: Metagross|evasion|1
|-sideend|p1: TheZackZeal|Stealth Rock|[from] move: Defog|[of] p1a: ScumBird
|
|-weather|Sandstorm|[upkeep]
|turn|8
|
|move|p2a: Metagross|Meteor Mash|p1a: ScumBird
|-damage|p1a: ScumBird|0 fnt
|-damage|p2a: Metagross|202\/302|[from] item: Rocky Helmet|[of] p1a: ScumBird
|faint|p1a: ScumBird
|
|-weather|Sandstorm|[upkeep]
|
|switch|p1a: Alice|Lopunny, F|271\/271
|turn|9
|
|detailschange|p1a: Alice|Lopunny-Mega, F
|-mega|p1a: Alice|Lopunny|Lopunnite
|move|p1a: Alice|Fake Out|p2a: Metagross
|-resisted|p2a: Metagross
|-damage|p2a: Metagross|176\/302
|cant|p2a: Metagross|flinch
|
|-weather|Sandstorm|[upkeep]
|-damage|p1a: Alice|255\/271|[from] sandstorm
|turn|10
|
|move|p1a: Alice|High Jump Kick|p2a: Metagross
|-damage|p2a: Metagross|8\/302
|move|p2a: Metagross|Zen Headbutt|p1a: Alice
|-supereffective|p1a: Alice
|-damage|p1a: Alice|0 fnt
|faint|p1a: Alice
|
|-weather|none
|
|switch|p1a: Ganesha|Mamoswine, M|361\/361
|turn|11
|
|move|p1a: Ganesha|Ice Shard|p2a: Metagross
|-resisted|p2a: Metagross
|-damage|p2a: Metagross|0 fnt
|-damage|p1a: Ganesha|325\/361|[from] item: Life Orb
|faint|p2a: Metagross
|
|
|switch|p2a: Tyranitar|Tyranitar, M|320\/404
|-weather|Sandstorm
|turn|12
|
|switch|p2a: Excadrill|Excadrill, F|361\/361
|-item|p2a: Excadrill|Air Balloon
|move|p1a: Ganesha|Earthquake|p2a: Excadrill
|-immune|p2a: Excadrill|[msg]
|
|-weather|Sandstorm|[upkeep]
|turn|13
|
|switch|p1a: Illuminati|Magnezone|343\/343
|move|p2a: Excadrill|Iron Head|p1a: Illuminati
|-resisted|p1a: Illuminati
|-damage|p1a: Illuminati|309\/343
|
|-weather|Sandstorm|[upkeep]
|turn|14
|
|move|p2a: Excadrill|Earthquake|p1a: Illuminati
|-supereffective|p1a: Illuminati
|-damage|p1a: Illuminati|0 fnt
|faint|p1a: Illuminati
|
|-weather|Sandstorm|[upkeep]
|
|switch|p1a: Olga|Conkeldurr, F|363\/413
|turn|15
|
|switch|p2a: Thundurus|Thundurus, M|299\/299
|move|p1a: Olga|Mach Punch|p2a: Thundurus
|-resisted|p2a: Thundurus
|-damage|p2a: Thundurus|242\/299
|
|-weather|Sandstorm|[upkeep]
|-damage|p2a: Thundurus|224\/299|[from] sandstorm
|-damage|p1a: Olga|338\/413|[from] sandstorm
|-heal|p2a: Thundurus|242\/299|[from] item: Leftovers
|turn|16
|
|move|p2a: Thundurus|Thunderbolt|p1a: Olga
|-damage|p1a: Olga|199\/413
|move|p1a: Olga|Ice Punch|p2a: Thundurus
|-supereffective|p2a: Thundurus
|-damage|p2a: Thundurus|0 fnt
|faint|p2a: Thundurus
|
|-weather|Sandstorm|[upkeep]
|-damage|p1a: Olga|174\/413|[from] sandstorm
|
|switch|p2a: Garchomp|Garchomp, M|358\/358
|turn|17
|
|switch|p1a: Luis the Fab|Sylveon, M|393\/393
|move|p2a: Garchomp|Substitute|p2a: Garchomp
|-start|p2a: Garchomp|Substitute
|-damage|p2a: Garchomp|269\/358
|
|-weather|Sandstorm|[upkeep]
|-damage|p1a: Luis the Fab|369\/393|[from] sandstorm
|-heal|p1a: Luis the Fab|393\/393|[from] item: Leftovers
|turn|18
|
|move|p2a: Garchomp|Earthquake|p1a: Luis the Fab
|-damage|p1a: Luis the Fab|206\/393
|move|p1a: Luis the Fab|Hyper Voice|p2a: Garchomp
|-supereffective|p2a: Garchomp
|-damage|p2a: Garchomp|0 fnt
|faint|p2a: Garchomp
|
|-weather|Sandstorm|[upkeep]
|-damage|p1a: Luis the Fab|182\/393|[from] sandstorm
|-heal|p1a: Luis the Fab|206\/393|[from] item: Leftovers
|
|switch|p2a: Excadrill|Excadrill, F|361\/361
|-item|p2a: Excadrill|Air Balloon
|turn|19
|
|move|p1a: Luis the Fab|Protect|p1a: Luis the Fab
|-singleturn|p1a: Luis the Fab|Protect
|move|p2a: Excadrill|Iron Head|p1a: Luis the Fab
|-activate|p1a: Luis the Fab|Protect
|
|-weather|none
|-heal|p1a: Luis the Fab|230\/393|[from] item: Leftovers
|turn|20
|
|move|p2a: Excadrill|Iron Head|p1a: Luis the Fab
|-supereffective|p1a: Luis the Fab
|-damage|p1a: Luis the Fab|0 fnt
|faint|p1a: Luis the Fab
|
|
|switch|p1a: Olga|Conkeldurr, F|174\/413
|turn|21
|
|move|p2a: Excadrill|Earthquake|p1a: Olga
|-damage|p1a: Olga|0 fnt
|faint|p1a: Olga
|
|
|switch|p1a: Ganesha|Mamoswine, M|325\/361
|turn|22
|
|switch|p2a: Tyranitar|Tyranitar, M|320\/404
|-weather|Sandstorm
|move|p1a: Ganesha|Icicle Crash|p2a: Tyranitar
|-damage|p2a: Tyranitar|141\/404
|-damage|p1a: Ganesha|289\/361|[from] item: Life Orb
|
|-weather|Sandstorm|[upkeep]
|turn|23
|
|move|p1a: Ganesha|Earthquake|p2a: Tyranitar
|-supereffective|p2a: Tyranitar
|-damage|p2a: Tyranitar|0 fnt
|-damage|p1a: Ganesha|253\/361|[from] item: Life Orb
|faint|p2a: Tyranitar
|
|-weather|Sandstorm|[upkeep]
|c|âChaoticChrome|gg
|c|âTheZackZeal|bg
|
|switch|p2a: Excadrill|Excadrill, F|361\/361
|-item|p2a: Excadrill|Air Balloon
|turn|24
|c|âChaoticChrome|y bg?
|
|move|p1a: Ganesha|Ice Shard|p2a: Excadrill
|-damage|p2a: Excadrill|223\/361
|-enditem|p2a: Excadrill|Air Balloon
|-damage|p1a: Ganesha|217\/361|[from] item: Life Orb
|move|p2a: Excadrill|Iron Head|p1a: Ganesha
|-supereffective|p1a: Ganesha
|-damage|p1a: Ganesha|0 fnt
|faint|p1a: Ganesha
|
|win|ChaoticChrome
|raw|Ladder updating...
|raw|TheZackZeal's rating: 1657 &rarr; <strong>1635<\/strong><br \/>(-22 for losing)
|raw|ChaoticChrome's rating: 1629 &rarr; <strong>1650<\/strong><br \/>(+21 for winning)
|c|âTheZackZeal|You said bg before it was over.
|c|âChaoticChrome|I said gg
|c|âChaoticChrome|you weren't gonna win lol
|c|âChaoticChrome|even if you crit
|c|âTheZackZeal|Yeah, meant gg.
|c|âTheZackZeal|Doesn't matter.
|c|âChaoticChrome|ok then
|c|âChaoticChrome|bi