|join|OUThePrimeTier
|join|ChaoticChrome
|player|p1|OUThePrimeTier|80
|player|p2|ChaoticChrome|102
|gametype|singles
|gen|6
|tier|OU
|rated
|clearpoke
|poke|p1|Diggersby, F
|poke|p1|Raikou
|poke|p1|Azelf
|poke|p1|Bisharp, F
|poke|p1|Slowbro, M
|poke|p1|Landorus, M
|poke|p2|Tentacruel, M
|poke|p2|Landorus-Therian, M
|poke|p2|Heracross, F
|poke|p2|Weavile, M
|poke|p2|Talonflame, M
|poke|p2|Latios, M
|rule|Swagger Clause: Swagger is banned
|rule|Baton Pass Clause: Limit one PokÃ©mon knowing Baton Pass
|rule|Sleep Clause Mod: Limit one foe put to sleep
|rule|Species Clause: Limit one of each PokÃ©mon
|rule|OHKO Clause: OHKO moves are banned
|rule|Moody Clause: Moody is banned
|rule|Evasion Moves Clause: Evasion moves are banned
|rule|Endless Battle Clause: Forcing endless battles is banned
|rule|HP Percentage Mod: HP is shown in percentages
|teampreview
|
|start
|switch|p1a: Azelf|Azelf|291\/291
|switch|p2a: Heracross|Heracross, F|302\/302
|turn|1
|
|move|p1a: Azelf|Stealth Rock|p2a: Heracross
|-sidestart|p2: ChaoticChrome|move: Stealth Rock
|move|p2a: Heracross|Pin Missile|p1a: Azelf
|-supereffective|p1a: Azelf
|-damage|p1a: Azelf|159\/291
|-supereffective|p1a: Azelf
|-damage|p1a: Azelf|37\/291
|-supereffective|p1a: Azelf
|-damage|p1a: Azelf|0 fnt
|-hitcount|p1a: Azelf|3
|faint|p1a: Azelf
|-boost|p2a: Heracross|atk|1|[from] ability: Moxie
|
|
|switch|p1a: Landorus|Landorus, M|319\/319
|turn|2
|
|switch|p2a: Weavile|Weavile, M|281\/281
|-damage|p2a: Weavile|211\/281|[from] Stealth Rock
|-ability|p2a: Weavile|Pressure
|move|p1a: Landorus|Psychic|p2a: Weavile
|-immune|p2a: Weavile|[msg]
|
|turn|3
|
|move|p2a: Weavile|Pursuit|p1a: Landorus
|-crit|p1a: Landorus
|-damage|p1a: Landorus|185\/319
|-damage|p2a: Weavile|183\/281|[from] item: Life Orb
|move|p1a: Landorus|Earth Power|p2a: Weavile
|-damage|p2a: Weavile|0 fnt
|faint|p2a: Weavile
|
|c|âChaoticChrome|why the fuck would you stay in
|
|switch|p2a: Landorus-Therian|Landorus-Therian, M|382\/382
|-damage|p2a: Landorus-Therian|335\/382|[from] Stealth Rock
|-ability|p2a: Landorus-Therian|Intimidate|[of] p1a: Landorus
|-unboost|p1a: Landorus|atk|1
|turn|4
|c|âOUThePrimeTier|cause i want so
|
|move|p1a: Landorus|Hidden Power|p2a: Landorus-Therian
|-supereffective|p2a: Landorus-Therian
|-damage|p2a: Landorus-Therian|0 fnt
|-damage|p1a: Landorus|154\/319|[from] item: Life Orb
|faint|p2a: Landorus-Therian
|
|
|switch|p2a: Latios|Latios, M|301\/301
|-damage|p2a: Latios|264\/301|[from] Stealth Rock
|turn|5
|
|move|p2a: Latios|Draco Meteor|p1a: Landorus
|-damage|p1a: Landorus|0 fnt
|-unboost|p2a: Latios|spa|2
|-damage|p2a: Latios|234\/301|[from] item: Life Orb
|faint|p1a: Landorus
|
|
|switch|p1a: Bisharp|Bisharp, F|272\/272
|turn|6
|
|move|p1a: Bisharp|Pursuit|p2a: Latios|[from]Pursuit
|-supereffective|p2a: Latios
|-damage|p2a: Latios|0 fnt
|faint|p2a: Latios
|
|
|switch|p2a: Heracross|Heracross, F|302\/302
|-damage|p2a: Heracross|265\/302|[from] Stealth Rock
|turn|7
|
|detailschange|p2a: Heracross|Heracross-Mega, F
|-mega|p2a: Heracross|Heracross|Heracronite
|move|p2a: Heracross|Close Combat|p1a: Bisharp
|-supereffective|p1a: Bisharp
|-damage|p1a: Bisharp|0 fnt
|-unboost|p2a: Heracross|def|1
|-unboost|p2a: Heracross|spd|1
|faint|p1a: Bisharp
|
|
|switch|p1a: Slowbro|Slowbro, M|394\/394
|turn|8
|
|detailschange|p1a: Slowbro|Slowbro-Mega, M
|-mega|p1a: Slowbro|Slowbro|Slowbronite
|move|p2a: Heracross|Pin Missile|p1a: Slowbro
|-supereffective|p1a: Slowbro
|-damage|p1a: Slowbro|320\/394
|-supereffective|p1a: Slowbro
|-damage|p1a: Slowbro|240\/394
|-supereffective|p1a: Slowbro
|-damage|p1a: Slowbro|154\/394
|-supereffective|p1a: Slowbro
|-damage|p1a: Slowbro|76\/394
|-supereffective|p1a: Slowbro
|-damage|p1a: Slowbro|0 fnt
|-hitcount|p1a: Slowbro|5
|faint|p1a: Slowbro
|
|
|switch|p1a: Diggersby|Diggersby, F|311\/311
|turn|9
|
|switch|p2a: Tentacruel|Tentacruel, M|362\/362
|-damage|p2a: Tentacruel|317\/362|[from] Stealth Rock
|move|p1a: Diggersby|Frustration|p2a: Tentacruel
|-damage|p2a: Tentacruel|15\/362
|-damage|p1a: Diggersby|280\/311|[from] item: Life Orb
|
|-heal|p2a: Tentacruel|37\/362|[from] item: Black Sludge
|turn|10
|
|move|p1a: Diggersby|Quick Attack|p2a: Tentacruel
|-damage|p2a: Tentacruel|0 fnt
|-damage|p1a: Diggersby|249\/311|[from] item: Life Orb
|faint|p2a: Tentacruel
|
|
|switch|p2a: Talonflame|Talonflame, M|297\/297
|-damage|p2a: Talonflame|149\/297|[from] Stealth Rock
|turn|11
|
|move|p2a: Talonflame|Tailwind|p2a: Talonflame
|-sidestart|p2: ChaoticChrome|move: Tailwind
|move|p1a: Diggersby|Quick Attack|p2a: Talonflame
|-damage|p2a: Talonflame|0 fnt
|-damage|p1a: Diggersby|218\/311|[from] item: Life Orb
|faint|p2a: Talonflame
|
|
|switch|p2a: Heracross|Heracross-Mega, F|265\/302
|-damage|p2a: Heracross|228\/302|[from] Stealth Rock
|turn|12
|
|move|p1a: Diggersby|Quick Attack|p2a: Heracross
|-damage|p2a: Heracross|119\/302
|-damage|p1a: Diggersby|187\/311|[from] item: Life Orb
|move|p2a: Heracross|Bullet Seed|p1a: Diggersby
|-crit|p1a: Diggersby
|-supereffective|p1a: Diggersby
|-damage|p1a: Diggersby|41\/311
|-supereffective|p1a: Diggersby
|-damage|p1a: Diggersby|0 fnt
|-hitcount|p1a: Diggersby|2
|faint|p1a: Diggersby
|
|
|switch|p1a: Raikou|Raikou|321\/321
|-ability|p1a: Raikou|Pressure
|turn|13
|
|move|p2a: Heracross|Close Combat|p1a: Raikou
|-damage|p1a: Raikou|0 fnt
|-unboost|p2a: Heracross|def|1
|-unboost|p2a: Heracross|spd|1
|faint|p1a: Raikou
|
|win|ChaoticChrome
|raw|Ladder updating...
|raw|OUThePrimeTier's rating: 1464 &rarr; <strong>1442<\/strong><br \/>(-22 for losing)
|raw|ChaoticChrome's rating: 1435 &rarr; <strong>1457<\/strong><br \/>(+22 for winning)
|leave|OUThePrimeTier
|player|p1
|c|âChaoticChrome|the call me base 185
|c|âChaoticChrome|bitch