|join|DARMANITAN ROX
|join|ChaoticChrome
|player|p1|DARMANITAN ROX|102
|player|p2|ChaoticChrome|161
|gametype|singles
|gen|6
|tier|OU (suspect test)
|rated
|clearpoke
|poke|p1|Darmanitan, M
|poke|p1|Azumarill, F, shiny
|poke|p1|Porygon2
|poke|p1|Kyurem
|poke|p1|Medicham, M
|poke|p1|Cresselia, F
|poke|p2|Sceptile, F
|poke|p2|Rotom-Wash
|poke|p2|Conkeldurr, M
|poke|p2|Mamoswine, M
|poke|p2|Empoleon, M
|poke|p2|Talonflame, M
|rule|Swagger Clause: Swagger is banned
|rule|Baton Pass Clause: Limit one PokÃ©mon knowing Baton Pass
|rule|Sleep Clause Mod: Limit one foe put to sleep
|rule|Species Clause: Limit one of each PokÃ©mon
|rule|OHKO Clause: OHKO moves are banned
|rule|Moody Clause: Moody is banned
|rule|Evasion Moves Clause: Evasion moves are banned
|rule|Endless Battle Clause: Forcing endless battles is banned
|rule|HP Percentage Mod: HP is shown in percentages
|teampreview
|
|start
|switch|p1a: PURE POWER|Medicham, M|261\/261
|switch|p2a: Rotom-Wash|Rotom-Wash|298\/298
|turn|1
|
|detailschange|p1a: PURE POWER|Medicham-Mega, M
|-mega|p1a: PURE POWER|Medicham|Medichamite
|move|p1a: PURE POWER|High Jump Kick|p2a: Rotom-Wash
|-damage|p2a: Rotom-Wash|39\/298
|move|p2a: Rotom-Wash|Will-O-Wisp|p1a: PURE POWER|[miss]
|-miss|p2a: Rotom-Wash|p1a: PURE POWER
|
|-heal|p2a: Rotom-Wash|57\/298|[from] item: Leftovers
|turn|2
|c|âChaoticChrome|-________-
|
|switch|p2a: Talonflame|Talonflame, M|297\/297
|move|p1a: PURE POWER|Psycho Cut|p2a: Talonflame
|-crit|p2a: Talonflame
|-damage|p2a: Talonflame|0 fnt
|faint|p2a: Talonflame
|
|c|âChaoticChrome|omfg
|
|switch|p2a: Mamoswine|Mamoswine, M|362\/362
|turn|3
|c|âChaoticChrome|lucky mother fucker
|
|switch|p1a: DAT WALL|Cresselia, F|444\/444
|move|p2a: Mamoswine|Earthquake|p1a: DAT WALL
|-immune|p1a: DAT WALL|[msg]
|
|turn|4
|
|move|p2a: Mamoswine|Stealth Rock|p1a: DAT WALL
|-sidestart|p1: DARMANITAN ROX|move: Stealth Rock
|move|p1a: DAT WALL|Thunder Wave|p2a: Mamoswine
|-immune|p2a: Mamoswine|[msg]
|
|turn|5
|
|switch|p2a: Rotom-Wash|Rotom-Wash|57\/298
|move|p1a: DAT WALL|Moonblast|p2a: Rotom-Wash
|-damage|p2a: Rotom-Wash|2\/298
|
|-heal|p2a: Rotom-Wash|20\/298|[from] item: Leftovers
|turn|6
|
|move|p2a: Rotom-Wash|Pain Split|p1a: DAT WALL
|-sethp|p1a: DAT WALL|232\/444|p2a: Rotom-Wash|232\/298|[from] move: Pain Split
|move|p1a: DAT WALL|Moonblast|p2a: Rotom-Wash
|-damage|p2a: Rotom-Wash|181\/298
|-unboost|p2a: Rotom-Wash|spa|1
|
|-heal|p2a: Rotom-Wash|199\/298|[from] item: Leftovers
|-heal|p1a: DAT WALL|259\/444|[from] item: Leftovers
|turn|7
|
|move|p2a: Rotom-Wash|Will-O-Wisp|p1a: DAT WALL
|-status|p1a: DAT WALL|brn
|move|p1a: DAT WALL|Moonlight|p1a: DAT WALL
|-heal|p1a: DAT WALL|444\/444 brn
|
|-heal|p2a: Rotom-Wash|217\/298|[from] item: Leftovers
|-damage|p1a: DAT WALL|389\/444 brn|[from] brn
|turn|8
|
|switch|p1a: 3D|Porygon2|373\/373
|-damage|p1a: 3D|327\/373|[from] Stealth Rock
|-boost|p1a: 3D|spa|1|[from] ability: Download
|move|p2a: Rotom-Wash|Pain Split|p1a: 3D
|-sethp|p1a: 3D|272\/373|p2a: Rotom-Wash|272\/298|[from] move: Pain Split
|
|-heal|p2a: Rotom-Wash|290\/298|[from] item: Leftovers
|turn|9
|
|switch|p2a: Conkeldurr|Conkeldurr, M|414\/414
|move|p1a: 3D|Tri Attack|p2a: Conkeldurr
|-damage|p2a: Conkeldurr|198\/414
|
|-status|p2a: Conkeldurr|brn|[from] item: Flame Orb
|turn|10
|
|move|p1a: 3D|Tri Attack|p2a: Conkeldurr
|-damage|p2a: Conkeldurr|2\/414 brn
|move|p2a: Conkeldurr|Drain Punch|p1a: 3D
|-supereffective|p1a: 3D
|-damage|p1a: 3D|0 fnt
|-heal|p2a: Conkeldurr|138\/414 brn|[from] drain|[of] p1a: 3D
|faint|p1a: 3D
|
|-damage|p2a: Conkeldurr|87\/414 brn|[from] brn
|
|switch|p1a: Cute Killer|Azumarill, F, shiny|404\/404
|-damage|p1a: Cute Killer|354\/404|[from] Stealth Rock
|turn|11
|
|move|p1a: Cute Killer|Waterfall|p2a: Conkeldurr
|-crit|p2a: Conkeldurr
|-damage|p2a: Conkeldurr|0 fnt
|faint|p2a: Conkeldurr
|
|
|switch|p2a: Rotom-Wash|Rotom-Wash|290\/298
|turn|12
|
|switch|p1a: DAT WALL|Cresselia, F|389\/444 brn
|-damage|p1a: DAT WALL|334\/444 brn|[from] Stealth Rock
|move|p2a: Rotom-Wash|Will-O-Wisp|p1a: DAT WALL
|-fail|p1a: DAT WALL|brn
|
|-heal|p2a: Rotom-Wash|298\/298|[from] item: Leftovers
|-heal|p1a: DAT WALL|361\/444 brn|[from] item: Leftovers
|-damage|p1a: DAT WALL|306\/444 brn|[from] brn
|turn|13
|
|move|p2a: Rotom-Wash|Hydro Pump|p1a: DAT WALL|[miss]
|-miss|p2a: Rotom-Wash|p1a: DAT WALL
|move|p1a: DAT WALL|Moonlight|p1a: DAT WALL
|-heal|p1a: DAT WALL|444\/444 brn
|
|-damage|p1a: DAT WALL|389\/444 brn|[from] brn
|turn|14
|
|move|p2a: Rotom-Wash|Hydro Pump|p1a: DAT WALL
|-damage|p1a: DAT WALL|281\/444 brn
|move|p1a: DAT WALL|Calm Mind|p1a: DAT WALL
|-boost|p1a: DAT WALL|spa|1
|-boost|p1a: DAT WALL|spd|1
|
|-heal|p1a: DAT WALL|308\/444 brn|[from] item: Leftovers
|-damage|p1a: DAT WALL|253\/444 brn|[from] brn
|turn|15
|
|move|p2a: Rotom-Wash|Volt Switch|p1a: DAT WALL
|-crit|p1a: DAT WALL
|-damage|p1a: DAT WALL|165\/444 brn
|
|switch|p2a: Empoleon|Empoleon, M|372\/372
|move|p1a: DAT WALL|Moonlight|p1a: DAT WALL
|-heal|p1a: DAT WALL|387\/444 brn
|
|-heal|p1a: DAT WALL|414\/444 brn|[from] item: Leftovers
|-damage|p1a: DAT WALL|359\/444 brn|[from] brn
|turn|16
|
|move|p1a: DAT WALL|Thunder Wave|p2a: Empoleon
|-status|p2a: Empoleon|par
|move|p2a: Empoleon|Scald|p1a: DAT WALL
|-damage|p1a: DAT WALL|313\/444 brn
|
|-heal|p1a: DAT WALL|340\/444 brn|[from] item: Leftovers
|-damage|p1a: DAT WALL|285\/444 brn|[from] brn
|turn|17
|
|switch|p1a: Cute Killer|Azumarill, F, shiny|354\/404
|-damage|p1a: Cute Killer|304\/404|[from] Stealth Rock
|move|p2a: Empoleon|Scald|p1a: Cute Killer
|-resisted|p1a: Cute Killer
|-damage|p1a: Cute Killer|242\/404
|-status|p1a: Cute Killer|brn
|
|-damage|p1a: Cute Killer|192\/404 brn|[from] brn
|-enditem|p1a: Cute Killer|Sitrus Berry|[eat]
|-heal|p1a: Cute Killer|293\/404 brn|[from] item: Sitrus Berry
|turn|18
|
|move|p1a: Cute Killer|Belly Drum|p1a: Cute Killer
|-damage|p1a: Cute Killer|91\/404 brn
|-setboost|p1a: Cute Killer|atk|6|[from] move: Belly Drum
|move|p2a: Empoleon|Flash Cannon|p1a: Cute Killer
|-damage|p1a: Cute Killer|0 fnt
|faint|p1a: Cute Killer
|
|
|switch|p1a: PURE POWER|Medicham-Mega, M|261\/261
|-damage|p1a: PURE POWER|245\/261|[from] Stealth Rock
|turn|19
|
|switch|p2a: Mamoswine|Mamoswine, M|362\/362
|move|p1a: PURE POWER|High Jump Kick|p2a: Mamoswine
|-supereffective|p2a: Mamoswine
|-enditem|p2a: Mamoswine|Focus Sash
|-damage|p2a: Mamoswine|1\/362
|
|turn|20
|
|move|p2a: Mamoswine|Ice Shard|p1a: PURE POWER
|-damage|p1a: PURE POWER|154\/261
|move|p1a: PURE POWER|Psycho Cut|p2a: Mamoswine
|-damage|p2a: Mamoswine|0 fnt
|faint|p2a: Mamoswine
|
|
|switch|p2a: Sceptile|Sceptile, F|281\/281
|turn|21
|
|switch|p1a: Popsicle|Kyurem|391\/391
|-damage|p1a: Popsicle|294\/391|[from] Stealth Rock
|-ability|p1a: Popsicle|Pressure
|detailschange|p2a: Sceptile|Sceptile-Mega, F
|-mega|p2a: Sceptile|Sceptile|Sceptilite
|move|p2a: Sceptile|Dragon Pulse|p1a: Popsicle
|-supereffective|p1a: Popsicle
|-damage|p1a: Popsicle|0 fnt
|faint|p1a: Popsicle
|
|
|switch|p1a: DAT POWER|Darmanitan, M|352\/352
|-damage|p1a: DAT POWER|264\/352|[from] Stealth Rock
|turn|22
|
|switch|p2a: Rotom-Wash|Rotom-Wash|298\/298
|move|p1a: DAT POWER|Flare Blitz|p2a: Rotom-Wash
|-resisted|p2a: Rotom-Wash
|-damage|p2a: Rotom-Wash|196\/298
|-damage|p1a: DAT POWER|230\/352|[from] recoil|[of] p2a: Rotom-Wash
|
|-heal|p2a: Rotom-Wash|214\/298|[from] item: Leftovers
|turn|23
|
|switch|p1a: DAT WALL|Cresselia, F|285\/444 brn
|-damage|p1a: DAT WALL|230\/444 brn|[from] Stealth Rock
|move|p2a: Rotom-Wash|Hydro Pump|p1a: DAT WALL
|-damage|p1a: DAT WALL|134\/444 brn
|
|-heal|p2a: Rotom-Wash|232\/298|[from] item: Leftovers
|-heal|p1a: DAT WALL|161\/444 brn|[from] item: Leftovers
|-damage|p1a: DAT WALL|106\/444 brn|[from] brn
|turn|24
|
|move|p2a: Rotom-Wash|Hydro Pump|p1a: DAT WALL|[miss]
|-miss|p2a: Rotom-Wash|p1a: DAT WALL
|move|p1a: DAT WALL|Moonlight|p1a: DAT WALL
|-heal|p1a: DAT WALL|328\/444 brn
|
|-heal|p2a: Rotom-Wash|250\/298|[from] item: Leftovers
|-heal|p1a: DAT WALL|355\/444 brn|[from] item: Leftovers
|-damage|p1a: DAT WALL|300\/444 brn|[from] brn
|turn|25
|
|move|p2a: Rotom-Wash|Hydro Pump|p1a: DAT WALL
|-damage|p1a: DAT WALL|192\/444 brn
|move|p1a: DAT WALL|Moonlight|p1a: DAT WALL
|-heal|p1a: DAT WALL|414\/444 brn
|
|-heal|p2a: Rotom-Wash|268\/298|[from] item: Leftovers
|-heal|p1a: DAT WALL|441\/444 brn|[from] item: Leftovers
|-damage|p1a: DAT WALL|386\/444 brn|[from] brn
|turn|26
|
|move|p2a: Rotom-Wash|Will-O-Wisp|p1a: DAT WALL
|-fail|p1a: DAT WALL|brn
|move|p1a: DAT WALL|Moonblast|p2a: Rotom-Wash
|-damage|p2a: Rotom-Wash|209\/298
|
|-heal|p2a: Rotom-Wash|227\/298|[from] item: Leftovers
|-heal|p1a: DAT WALL|413\/444 brn|[from] item: Leftovers
|-damage|p1a: DAT WALL|358\/444 brn|[from] brn
|turn|27
|
|move|p2a: Rotom-Wash|Will-O-Wisp|p1a: DAT WALL
|-fail|p1a: DAT WALL|brn
|move|p1a: DAT WALL|Moonlight|p1a: DAT WALL
|-heal|p1a: DAT WALL|444\/444 brn
|
|-heal|p2a: Rotom-Wash|245\/298|[from] item: Leftovers
|-damage|p1a: DAT WALL|389\/444 brn|[from] brn
|turn|28
|
|move|p2a: Rotom-Wash|Pain Split|p1a: DAT WALL
|-sethp|p1a: DAT WALL|317\/444 brn|p2a: Rotom-Wash|298\/298|[from] move: Pain Split
|move|p1a: DAT WALL|Moonblast|p2a: Rotom-Wash
|-damage|p2a: Rotom-Wash|238\/298
|
|-heal|p2a: Rotom-Wash|256\/298|[from] item: Leftovers
|-heal|p1a: DAT WALL|344\/444 brn|[from] item: Leftovers
|-damage|p1a: DAT WALL|289\/444 brn|[from] brn
|turn|29
|
|switch|p2a: Empoleon|Empoleon, M|372\/372 par
|move|p1a: DAT WALL|Moonblast|p2a: Empoleon
|-resisted|p2a: Empoleon
|-damage|p2a: Empoleon|350\/372 par
|-unboost|p2a: Empoleon|spa|1
|
|-heal|p1a: DAT WALL|316\/444 brn|[from] item: Leftovers
|-heal|p2a: Empoleon|372\/372 par|[from] item: Leftovers
|-damage|p1a: DAT WALL|261\/444 brn|[from] brn
|turn|30
|
|switch|p2a: Rotom-Wash|Rotom-Wash|256\/298
|move|p1a: DAT WALL|Moonlight|p1a: DAT WALL
|-heal|p1a: DAT WALL|444\/444 brn
|
|-heal|p2a: Rotom-Wash|274\/298|[from] item: Leftovers
|-damage|p1a: DAT WALL|389\/444 brn|[from] brn
|turn|31
|
|move|p2a: Rotom-Wash|Pain Split|p1a: DAT WALL
|-sethp|p1a: DAT WALL|331\/444 brn|p2a: Rotom-Wash|298\/298|[from] move: Pain Split
|move|p1a: DAT WALL|Moonblast|p2a: Rotom-Wash
|-damage|p2a: Rotom-Wash|246\/298
|
|-heal|p2a: Rotom-Wash|264\/298|[from] item: Leftovers
|-heal|p1a: DAT WALL|358\/444 brn|[from] item: Leftovers
|-damage|p1a: DAT WALL|303\/444 brn|[from] brn
|turn|32
|
|move|p2a: Rotom-Wash|Volt Switch|p1a: DAT WALL
|-damage|p1a: DAT WALL|239\/444 brn
|
|switch|p2a: Empoleon|Empoleon, M|372\/372 par
|move|p1a: DAT WALL|Moonblast|p2a: Empoleon
|-resisted|p2a: Empoleon
|-damage|p2a: Empoleon|353\/372 par
|
|-heal|p1a: DAT WALL|266\/444 brn|[from] item: Leftovers
|-heal|p2a: Empoleon|372\/372 par|[from] item: Leftovers
|-damage|p1a: DAT WALL|211\/444 brn|[from] brn
|turn|33
|
|switch|p2a: Rotom-Wash|Rotom-Wash|264\/298
|move|p1a: DAT WALL|Moonlight|p1a: DAT WALL
|-heal|p1a: DAT WALL|433\/444 brn
|
|-heal|p2a: Rotom-Wash|282\/298|[from] item: Leftovers
|-heal|p1a: DAT WALL|444\/444 brn|[from] item: Leftovers
|-damage|p1a: DAT WALL|389\/444 brn|[from] brn
|turn|34
|c|âChaoticChrome|now they're all gone
|
|switch|p1a: PURE POWER|Medicham-Mega, M|154\/261
|-damage|p1a: PURE POWER|138\/261|[from] Stealth Rock
|move|p2a: Rotom-Wash|Pain Split|p1a: PURE POWER
|-sethp|p1a: PURE POWER|210\/261|p2a: Rotom-Wash|210\/298|[from] move: Pain Split
|
|-heal|p2a: Rotom-Wash|228\/298|[from] item: Leftovers
|turn|35
|
|switch|p2a: Empoleon|Empoleon, M|372\/372 par
|move|p1a: PURE POWER|High Jump Kick|p2a: Empoleon
|-supereffective|p2a: Empoleon
|-damage|p2a: Empoleon|0 fnt
|faint|p2a: Empoleon
|
|
|switch|p2a: Sceptile|Sceptile-Mega, F|281\/281
|turn|36
|
|switch|p1a: DAT WALL|Cresselia, F|389\/444 brn
|-damage|p1a: DAT WALL|334\/444 brn|[from] Stealth Rock
|move|p2a: Sceptile|Dragon Pulse|p1a: DAT WALL
|-damage|p1a: DAT WALL|207\/444 brn
|
|-heal|p1a: DAT WALL|234\/444 brn|[from] item: Leftovers
|-damage|p1a: DAT WALL|179\/444 brn|[from] brn
|turn|37
|
|switch|p1a: PURE POWER|Medicham-Mega, M|210\/261
|-damage|p1a: PURE POWER|194\/261|[from] Stealth Rock
|move|p2a: Sceptile|Dragon Pulse|p1a: PURE POWER
|-damage|p1a: PURE POWER|11\/261
|
|turn|38
|
|move|p1a: PURE POWER|Fake Out|p2a: Sceptile
|-damage|p2a: Sceptile|179\/281
|cant|p2a: Sceptile|flinch
|
|turn|39
|
|move|p2a: Sceptile|Dragon Pulse|p1a: PURE POWER
|-damage|p1a: PURE POWER|0 fnt
|faint|p1a: PURE POWER
|
|
|switch|p1a: DAT POWER|Darmanitan, M|230\/352
|-damage|p1a: DAT POWER|142\/352|[from] Stealth Rock
|turn|40
|
|switch|p2a: Rotom-Wash|Rotom-Wash|228\/298
|move|p1a: DAT POWER|Flare Blitz|p2a: Rotom-Wash
|-resisted|p2a: Rotom-Wash
|-damage|p2a: Rotom-Wash|110\/298
|-damage|p1a: DAT POWER|103\/352|[from] recoil|[of] p2a: Rotom-Wash
|
|-heal|p2a: Rotom-Wash|128\/298|[from] item: Leftovers
|turn|41
|
|move|p1a: DAT POWER|Flare Blitz|p2a: Rotom-Wash
|-resisted|p2a: Rotom-Wash
|-damage|p2a: Rotom-Wash|8\/298
|-damage|p1a: DAT POWER|63\/352|[from] recoil|[of] p2a: Rotom-Wash
|move|p2a: Rotom-Wash|Hydro Pump|p1a: DAT POWER
|-supereffective|p1a: DAT POWER
|-damage|p1a: DAT POWER|0 fnt
|faint|p1a: DAT POWER
|
|-heal|p2a: Rotom-Wash|26\/298|[from] item: Leftovers
|c|âDARMANITAN ROX|gg
|-message|DARMANITAN ROX forfeited.
|leave|DARMANITAN ROX
|c|âChaoticChrome|that was scary haha
|
|win|ChaoticChrome
|raw|Ladder updating...
|c|âChaoticChrome|if i missed it woulda been gg
|raw|DARMANITAN ROX's rating: 1194 &rarr; <strong>1165<\/strong><br \/>(-29 for losing)
|raw|ChaoticChrome's rating: 1131 &rarr; <strong>1161<\/strong><br \/>(+30 for winning)
|c|âChaoticChrome|for me
|player|p1