|join|Blexx
|join|DarlingLolita
|player|p1|Blexx|102
|player|p2|DarlingLolita|95
|gametype|singles
|gen|6
|tier|UU
|rated
|rule|Sleep Clause Mod: Limit one foe put to sleep
|rule|Species Clause: Limit one of each PokÃ©mon
|rule|OHKO Clause: OHKO moves are banned
|rule|Moody Clause: Moody is banned
|rule|Evasion Moves Clause: Evasion moves are banned
|rule|Endless Battle Clause: Forcing endless battles is banned
|rule|HP Percentage Mod: HP is shown in percentages
|clearpoke
|poke|p1|Yanmega, M
|poke|p1|Rhyperior, M
|poke|p1|Blastoise, F
|poke|p1|Roserade, M
|poke|p1|Rotom-Heat
|poke|p1|Mienshao, M
|poke|p2|Lopunny, F, shiny
|poke|p2|Florges, F, shiny
|poke|p2|Suicune, shiny
|poke|p2|Umbreon, M, shiny
|poke|p2|Darmanitan, M
|poke|p2|Crobat, M
|rule|Swagger Clause: Swagger is banned
|rule|Baton Pass Clause: Limit one PokÃ©mon knowing Baton Pass
|teampreview
|
|start
|switch|p1a: Rotom-Heat|Rotom-Heat|241\/241
|switch|p2a: Lopunny|Lopunny, F, shiny|271\/271
|turn|1
|
|detailschange|p2a: Lopunny|Lopunny-Mega, F, shiny
|message|Lopunny has Mega Evolved into Mega Lopunny!
|move|p2a: Lopunny|Fake Out|p1a: Rotom-Heat
|-damage|p1a: Rotom-Heat|175\/241
|cant|p1a: Rotom-Heat|flinch
|
|turn|2
|
|switch|p2a: Crobat|Crobat, M|373\/373
|move|p1a: Rotom-Heat|Overheat|p2a: Crobat|[miss]
|-miss|p1a: Rotom-Heat|p2a: Crobat
|
|turn|3
|
|move|p1a: Rotom-Heat|Overheat|p2a: Crobat
|-damage|p2a: Crobat|97\/373
|-unboost|p1a: Rotom-Heat|spa|2
|move|p2a: Crobat|Super Fang|p1a: Rotom-Heat
|-damage|p1a: Rotom-Heat|88\/241
|
|-heal|p2a: Crobat|120\/373|[from] item: Black Sludge
|turn|4
|
|switch|p2a: Umbreon|Umbreon, M, shiny|394\/394
|move|p1a: Rotom-Heat|Overheat|p2a: Umbreon
|-damage|p2a: Umbreon|324\/394
|-unboost|p1a: Rotom-Heat|spa|2
|
|-heal|p2a: Umbreon|348\/394|[from] item: Leftovers
|turn|5
|
|switch|p1a: Roserade|Roserade, M|324\/324
|move|p2a: Umbreon|Foul Play|p1a: Roserade
|-damage|p1a: Roserade|225\/324
|
|-heal|p1a: Roserade|245\/324|[from] item: Black Sludge
|-heal|p2a: Umbreon|372\/394|[from] item: Leftovers
|turn|6
|
|switch|p2a: Crobat|Crobat, M|120\/373
|move|p1a: Roserade|Spikes|p2a: Crobat
|-sidestart|p2: DarlingLolita|Spikes
|
|-heal|p2a: Crobat|143\/373|[from] item: Black Sludge
|-heal|p1a: Roserade|265\/324|[from] item: Black Sludge
|turn|7
|
|switch|p1a: Rhyperior|Rhyperior, M|433\/433
|move|p2a: Crobat|Roost|p2a: Crobat
|-heal|p2a: Crobat|330\/373
|
|-heal|p2a: Crobat|353\/373|[from] item: Black Sludge
|turn|8
|
|switch|p2a: Suicune|Suicune, shiny|404\/404
|-damage|p2a: Suicune|354\/404|[from] Spikes
|-ability|p2a: Suicune|Pressure
|move|p1a: Rhyperior|Stealth Rock|p2a: Suicune
|-sidestart|p2: DarlingLolita|move: Stealth Rock
|
|turn|9
|
|switch|p1a: Roserade|Roserade, M|265\/324
|move|p2a: Suicune|Scald|p1a: Roserade
|-resisted|p1a: Roserade
|-damage|p1a: Roserade|234\/324
|
|-heal|p1a: Roserade|254\/324|[from] item: Black Sludge
|turn|10
|
|switch|p2a: Crobat|Crobat, M|353\/373
|-damage|p2a: Crobat|260\/373|[from] Stealth Rock
|move|p1a: Roserade|Giga Drain|p2a: Crobat
|-resisted|p2a: Crobat
|-damage|p2a: Crobat|229\/373
|-heal|p1a: Roserade|270\/324|[from] drain|[of] p2a: Crobat
|
|-heal|p2a: Crobat|252\/373|[from] item: Black Sludge
|-heal|p1a: Roserade|290\/324|[from] item: Black Sludge
|turn|11
|
|switch|p1a: Rotom-Heat|Rotom-Heat|88\/241
|move|p2a: Crobat|Defog|p1a: Rotom-Heat
|-unboost|p1a: Rotom-Heat|evasion|1
|-sideend|p2: DarlingLolita|Spikes|[from] move: Defog|[of] p2a: Crobat
|-sideend|p2: DarlingLolita|Stealth Rock|[from] move: Defog|[of] p2a: Crobat
|
|-heal|p2a: Crobat|275\/373|[from] item: Black Sludge
|turn|12
|
|switch|p2a: Umbreon|Umbreon, M, shiny|372\/394
|move|p1a: Rotom-Heat|Volt Switch|p2a: Umbreon
|-damage|p2a: Umbreon|300\/394
|
|switch|p1a: Mienshao|Mienshao, M|271\/271
|
|-heal|p2a: Umbreon|324\/394|[from] item: Leftovers
|turn|13
|
|move|p2a: Umbreon|Protect|p2a: Umbreon
|-singleturn|p2a: Umbreon|Protect
|move|p1a: Mienshao|U-turn|p2a: Umbreon
|-activate|p2a: Umbreon|Protect
|
|-heal|p2a: Umbreon|348\/394|[from] item: Leftovers
|turn|14
|
|switch|p2a: Crobat|Crobat, M|275\/373
|move|p1a: Mienshao|Knock Off|p2a: Crobat
|-damage|p2a: Crobat|116\/373
|-enditem|p2a: Crobat|Black Sludge|[from] move: Knock Off|[of] p1a: Mienshao
|-damage|p1a: Mienshao|244\/271|[from] item: Life Orb
|
|turn|15
|
|switch|p1a: Rotom-Heat|Rotom-Heat|88\/241
|move|p2a: Crobat|Roost|p2a: Crobat
|-heal|p2a: Crobat|303\/373
|
|turn|16
|
|switch|p2a: Umbreon|Umbreon, M, shiny|348\/394
|move|p1a: Rotom-Heat|Volt Switch|p2a: Umbreon
|-damage|p2a: Umbreon|273\/394
|
|switch|p1a: Yanmega|Yanmega, M|313\/313
|
|-heal|p2a: Umbreon|297\/394|[from] item: Leftovers
|turn|17
|
|switch|p2a: Florges|Florges, F, shiny|360\/360
|move|p1a: Yanmega|Bug Buzz|p2a: Florges
|-resisted|p2a: Florges
|-damage|p2a: Florges|208\/360
|
|-heal|p2a: Florges|230\/360|[from] item: Leftovers
|turn|18
|
|move|p1a: Yanmega|Bug Buzz|p2a: Florges
|-resisted|p2a: Florges
|-damage|p2a: Florges|72\/360
|-unboost|p2a: Florges|spd|1
|move|p2a: Florges|Toxic|p1a: Yanmega
|-status|p1a: Yanmega|tox
|
|-heal|p2a: Florges|94\/360|[from] item: Leftovers
|-damage|p1a: Yanmega|294\/313 tox|[from] psn
|turn|19
|
|switch|p2a: Crobat|Crobat, M|303\/373
|move|p1a: Yanmega|Bug Buzz|p2a: Crobat
|-resisted|p2a: Crobat
|-damage|p2a: Crobat|171\/373
|
|-damage|p1a: Yanmega|256\/313 tox|[from] psn
|turn|20
|
|switch|p1a: Rotom-Heat|Rotom-Heat|88\/241
|move|p2a: Crobat|Roost|p2a: Crobat
|-heal|p2a: Crobat|358\/373
|
|turn|21
|
|switch|p2a: Umbreon|Umbreon, M, shiny|297\/394
|move|p1a: Rotom-Heat|Volt Switch|p2a: Umbreon
|-damage|p2a: Umbreon|224\/394
|
|switch|p1a: Mienshao|Mienshao, M|271\/271
|
|-heal|p2a: Umbreon|248\/394|[from] item: Leftovers
|turn|22
|
|move|p2a: Umbreon|Protect|p2a: Umbreon
|-singleturn|p2a: Umbreon|Protect
|move|p1a: Mienshao|U-turn|p2a: Umbreon
|-activate|p2a: Umbreon|Protect
|
|-heal|p2a: Umbreon|272\/394|[from] item: Leftovers
|turn|23
|
|switch|p2a: Crobat|Crobat, M|358\/373
|move|p1a: Mienshao|High Jump Kick|p2a: Crobat
|-resisted|p2a: Crobat
|-damage|p2a: Crobat|283\/373
|-damage|p1a: Mienshao|244\/271|[from] item: Life Orb
|
|turn|24
|
|switch|p1a: Rotom-Heat|Rotom-Heat|88\/241
|move|p2a: Crobat|Super Fang|p1a: Rotom-Heat|[miss]
|-miss|p2a: Crobat|p1a: Rotom-Heat
|
|turn|25
|
|switch|p2a: Umbreon|Umbreon, M, shiny|272\/394
|move|p1a: Rotom-Heat|Trick|p2a: Umbreon
|-activate|p1a: Rotom-Heat|move: Trick|[of] p2a: Umbreon
|-item|p2a: Umbreon|Choice Scarf|[from] move: Trick
|-item|p1a: Rotom-Heat|Leftovers|[from] move: Trick
|
|-heal|p1a: Rotom-Heat|103\/241|[from] item: Leftovers
|turn|26
|
|move|p1a: Rotom-Heat|Volt Switch|p2a: Umbreon
|-damage|p2a: Umbreon|199\/394
|
|switch|p1a: Roserade|Roserade, M|290\/324
|move|p2a: Umbreon|Foul Play|p1a: Roserade
|-damage|p1a: Roserade|185\/324
|
|-heal|p1a: Roserade|205\/324|[from] item: Black Sludge
|turn|27
|
|switch|p1a: Rotom-Heat|Rotom-Heat|103\/241
|move|p2a: Umbreon|Foul Play|p1a: Rotom-Heat
|-damage|p1a: Rotom-Heat|33\/241
|
|-heal|p1a: Rotom-Heat|48\/241|[from] item: Leftovers
|turn|28
|
|move|p1a: Rotom-Heat|Volt Switch|p2a: Umbreon
|-damage|p2a: Umbreon|132\/394
|
|switch|p1a: Roserade|Roserade, M|205\/324
|move|p2a: Umbreon|Foul Play|p1a: Roserade
|-damage|p1a: Roserade|99\/324
|
|-heal|p1a: Roserade|119\/324|[from] item: Black Sludge
|turn|29
|
|move|p2a: Umbreon|Foul Play|p1a: Roserade
|-damage|p1a: Roserade|10\/324
|move|p1a: Roserade|Synthesis|p1a: Roserade
|-heal|p1a: Roserade|172\/324
|
|-heal|p1a: Roserade|192\/324|[from] item: Black Sludge
|turn|30
|
|move|p2a: Umbreon|Foul Play|p1a: Roserade
|-damage|p1a: Roserade|93\/324
|move|p1a: Roserade|Spikes|p2a: Umbreon
|-sidestart|p2: DarlingLolita|Spikes
|
|-heal|p1a: Roserade|113\/324|[from] item: Black Sludge
|turn|31
|
|move|p2a: Umbreon|Foul Play|p1a: Roserade
|-damage|p1a: Roserade|14\/324
|move|p1a: Roserade|Synthesis|p1a: Roserade
|-heal|p1a: Roserade|176\/324
|
|-heal|p1a: Roserade|196\/324|[from] item: Black Sludge
|turn|32
|
|move|p2a: Umbreon|Foul Play|p1a: Roserade
|-damage|p1a: Roserade|88\/324
|move|p1a: Roserade|Synthesis|p1a: Roserade
|-heal|p1a: Roserade|250\/324
|
|-heal|p1a: Roserade|270\/324|[from] item: Black Sludge
|turn|33
|
|move|p2a: Umbreon|Foul Play|p1a: Roserade
|-damage|p1a: Roserade|173\/324
|move|p1a: Roserade|Spikes|p2a: Umbreon
|-sidestart|p2: DarlingLolita|Spikes
|
|-heal|p1a: Roserade|193\/324|[from] item: Black Sludge
|turn|34
|
|move|p2a: Umbreon|Foul Play|p1a: Roserade
|-crit|p1a: Roserade
|-damage|p1a: Roserade|39\/324
|move|p1a: Roserade|Synthesis|p1a: Roserade
|-heal|p1a: Roserade|201\/324
|
|-heal|p1a: Roserade|221\/324|[from] item: Black Sludge
|turn|35
|
|move|p2a: Umbreon|Foul Play|p1a: Roserade
|-damage|p1a: Roserade|112\/324
|move|p1a: Roserade|Synthesis|p1a: Roserade
|-heal|p1a: Roserade|274\/324
|
|-heal|p1a: Roserade|294\/324|[from] item: Black Sludge
|turn|36
|
|move|p2a: Umbreon|Foul Play|p1a: Roserade
|-damage|p1a: Roserade|195\/324
|move|p1a: Roserade|Spikes|p2a: Umbreon
|-sidestart|p2: DarlingLolita|Spikes
|
|-heal|p1a: Roserade|215\/324|[from] item: Black Sludge
|turn|37
|
|move|p2a: Umbreon|Foul Play|p1a: Roserade
|-damage|p1a: Roserade|104\/324
|move|p1a: Roserade|Synthesis|p1a: Roserade
|-heal|p1a: Roserade|266\/324
|
|-heal|p1a: Roserade|286\/324|[from] item: Black Sludge
|turn|38
|
|move|p2a: Umbreon|Foul Play|p1a: Roserade
|-damage|p1a: Roserade|187\/324
|move|p1a: Roserade|Giga Drain|p2a: Umbreon
|-damage|p2a: Umbreon|63\/394
|-heal|p1a: Roserade|222\/324|[from] drain|[of] p2a: Umbreon
|
|-heal|p1a: Roserade|242\/324|[from] item: Black Sludge
|turn|39
|
|move|p2a: Umbreon|Foul Play|p1a: Roserade
|-damage|p1a: Roserade|133\/324
|move|p1a: Roserade|Giga Drain|p2a: Umbreon
|-damage|p2a: Umbreon|3\/394
|-heal|p1a: Roserade|163\/324|[from] drain|[of] p2a: Umbreon
|
|-heal|p1a: Roserade|183\/324|[from] item: Black Sludge
|turn|40
|
|move|p2a: Umbreon|Foul Play|p1a: Roserade
|-damage|p1a: Roserade|80\/324
|move|p1a: Roserade|Synthesis|p1a: Roserade
|-heal|p1a: Roserade|242\/324
|
|-heal|p1a: Roserade|262\/324|[from] item: Black Sludge
|turn|41
|
|move|p2a: Umbreon|Foul Play|p1a: Roserade
|-damage|p1a: Roserade|153\/324
|move|p1a: Roserade|Giga Drain|p2a: Umbreon
|-damage|p2a: Umbreon|0 fnt
|-heal|p1a: Roserade|155\/324|[from] drain|[of] p2a: Umbreon
|faint|p2a: Umbreon
|
|-heal|p1a: Roserade|175\/324|[from] item: Black Sludge
|
|switch|p2a: Crobat|Crobat, M|283\/373
|turn|42
|
|switch|p1a: Rhyperior|Rhyperior, M|433\/433
|move|p2a: Crobat|Defog|p1a: Rhyperior
|-unboost|p1a: Rhyperior|evasion|1
|-sideend|p2: DarlingLolita|Spikes|[from] move: Defog|[of] p2a: Crobat
|
|turn|43
|
|switch|p2a: Florges|Florges, F, shiny|94\/360
|move|p1a: Rhyperior|Rock Blast|p2a: Florges
|-crit|p2a: Florges
|-damage|p2a: Florges|33\/360
|-damage|p2a: Florges|0 fnt
|-hitcount|p2a: Florges|2
|faint|p2a: Florges
|
|
|switch|p2a: Suicune|Suicune, shiny|354\/404
|-ability|p2a: Suicune|Pressure
|turn|44
|
|switch|p1a: Roserade|Roserade, M|175\/324
|move|p2a: Suicune|Scald|p1a: Roserade
|-resisted|p1a: Roserade
|-damage|p1a: Roserade|145\/324
|-status|p1a: Roserade|brn
|
|-heal|p1a: Roserade|165\/324 brn|[from] item: Black Sludge
|-damage|p1a: Roserade|125\/324 brn|[from] brn
|turn|45
|
|switch|p2a: Crobat|Crobat, M|283\/373
|move|p1a: Roserade|Giga Drain|p2a: Crobat
|-resisted|p2a: Crobat
|-damage|p2a: Crobat|253\/373
|-heal|p1a: Roserade|140\/324 brn|[from] drain|[of] p2a: Crobat
|
|-heal|p1a: Roserade|160\/324 brn|[from] item: Black Sludge
|-damage|p1a: Roserade|120\/324 brn|[from] brn
|turn|46
|
|move|p2a: Crobat|Super Fang|p1a: Roserade
|-damage|p1a: Roserade|60\/324 brn
|move|p1a: Roserade|Spikes|p2a: Crobat
|-sidestart|p2: DarlingLolita|Spikes
|
|-heal|p1a: Roserade|80\/324 brn|[from] item: Black Sludge
|-damage|p1a: Roserade|40\/324 brn|[from] brn
|turn|47
|
|move|p2a: Crobat|Brave Bird|p1a: Roserade
|-supereffective|p1a: Roserade
|-damage|p1a: Roserade|0 fnt
|-damage|p2a: Crobat|240\/373|[from] recoil|[of] p1a: Roserade
|faint|p1a: Roserade
|
|
|switch|p1a: Rhyperior|Rhyperior, M|433\/433
|turn|48
|
|move|p2a: Crobat|Roost|p2a: Crobat
|-heal|p2a: Crobat|373\/373
|move|p1a: Rhyperior|Rock Blast|p2a: Crobat
|-damage|p2a: Crobat|324\/373
|-damage|p2a: Crobat|275\/373
|-damage|p2a: Crobat|229\/373
|-hitcount|p2a: Crobat|3
|
|turn|49
|
|switch|p2a: Suicune|Suicune, shiny|354\/404
|-damage|p2a: Suicune|304\/404|[from] Spikes
|-ability|p2a: Suicune|Pressure
|move|p1a: Rhyperior|Rock Blast|p2a: Suicune
|-damage|p2a: Suicune|276\/404
|-damage|p2a: Suicune|248\/404
|-damage|p2a: Suicune|220\/404
|-damage|p2a: Suicune|192\/404
|-hitcount|p2a: Suicune|4
|
|turn|50
|
|switch|p1a: Rotom-Heat|Rotom-Heat|48\/241
|move|p2a: Suicune|Scald|p1a: Rotom-Heat
|-supereffective|p1a: Rotom-Heat
|-damage|p1a: Rotom-Heat|0 fnt
|faint|p1a: Rotom-Heat
|
|
|switch|p1a: Mienshao|Mienshao, M|271\/271
|turn|51
|
|move|p1a: Mienshao|Knock Off|p2a: Suicune
|-damage|p2a: Suicune|89\/404
|-enditem|p2a: Suicune|Chesto Berry|[from] move: Knock Off|[of] p1a: Mienshao
|-damage|p1a: Mienshao|244\/271|[from] item: Life Orb
|move|p2a: Suicune|Rest|p2a: Suicune
|-status|p2a: Suicune|slp
|-heal|p2a: Suicune|404\/404 slp|[silent]
|-status|p2a: Suicune|slp|[from] move: Rest
|
|turn|52
|
|move|p1a: Mienshao|High Jump Kick|p2a: Suicune
|-damage|p2a: Suicune|229\/404 slp
|-damage|p1a: Mienshao|217\/271|[from] item: Life Orb
|cant|p2a: Suicune|slp
|move|p2a: Suicune|Sleep Talk|p2a: Suicune
|move|p2a: Suicune|Scald|p1a: Mienshao|[from]Sleep Talk
|-crit|p1a: Mienshao
|-damage|p1a: Mienshao|28\/271
|-status|p1a: Mienshao|brn
|
|-damage|p1a: Mienshao|0 fnt|[from] brn
|faint|p1a: Mienshao
|
|switch|p1a: Rhyperior|Rhyperior, M|433\/433
|turn|53
|
|cant|p2a: Suicune|slp
|move|p2a: Suicune|Sleep Talk|p2a: Suicune
|move|p2a: Suicune|Calm Mind|p2a: Suicune|[from]Sleep Talk
|-boost|p2a: Suicune|spa|1
|-boost|p2a: Suicune|spd|1
|move|p1a: Rhyperior|Earthquake|p2a: Suicune
|-damage|p2a: Suicune|117\/404 slp
|
|turn|54
|
|-curestatus|p2a: Suicune|slp
|move|p2a: Suicune|Rest|p2a: Suicune
|-status|p2a: Suicune|slp
|-heal|p2a: Suicune|404\/404 slp|[silent]
|-status|p2a: Suicune|slp|[from] move: Rest
|move|p1a: Rhyperior|Earthquake|p2a: Suicune
|-damage|p2a: Suicune|292\/404 slp
|
|turn|55
|
|cant|p2a: Suicune|slp
|move|p2a: Suicune|Sleep Talk|p2a: Suicune
|move|p2a: Suicune|Scald|p1a: Rhyperior|[from]Sleep Talk
|-supereffective|p1a: Rhyperior
|-damage|p1a: Rhyperior|0 fnt
|faint|p1a: Rhyperior
|
|
|switch|p1a: Yanmega|Yanmega, M|256\/313 tox
|turn|56
|
|move|p1a: Yanmega|Giga Drain|p2a: Suicune
|-supereffective|p2a: Suicune
|-damage|p2a: Suicune|140\/404 slp
|-heal|p1a: Yanmega|313\/313 tox|[from] drain|[of] p2a: Suicune
|cant|p2a: Suicune|slp
|move|p2a: Suicune|Sleep Talk|p2a: Suicune
|move|p2a: Suicune|Rest|p2a: Suicune|[from]Sleep Talk
|-fail|p2a: Suicune
|
|-damage|p1a: Yanmega|294\/313 tox|[from] psn
|turn|57
|
|switch|p2a: Crobat|Crobat, M|229\/373
|move|p1a: Yanmega|Giga Drain|p2a: Crobat
|-resisted|p2a: Crobat
|-damage|p2a: Crobat|155\/373
|-heal|p1a: Yanmega|313\/313 tox|[from] drain|[of] p2a: Crobat
|
|-damage|p1a: Yanmega|275\/313 tox|[from] psn
|turn|58
|
|switch|p1a: Blastoise|Blastoise, F|362\/362
|move|p2a: Crobat|Roost|p2a: Crobat
|-heal|p2a: Crobat|342\/373
|
|turn|59
|
|detailschange|p1a: Blastoise|Blastoise-Mega, F
|message|Blastoise has Mega Evolved into Mega Blastoise!
|move|p2a: Crobat|Super Fang|p1a: Blastoise
|-damage|p1a: Blastoise|181\/362
|move|p1a: Blastoise|Scald|p2a: Crobat
|-damage|p2a: Crobat|200\/373
|-status|p2a: Crobat|brn
|
|-damage|p2a: Crobat|154\/373 brn|[from] brn
|turn|60
|
|move|p2a: Crobat|Defog|p1a: Blastoise
|-unboost|p1a: Blastoise|evasion|1
|-sideend|p2: DarlingLolita|Spikes|[from] move: Defog|[of] p2a: Crobat
|move|p1a: Blastoise|Scald|p2a: Crobat
|-damage|p2a: Crobat|6\/373 brn
|
|-damage|p2a: Crobat|0 fnt|[from] brn
|faint|p2a: Crobat
|
|switch|p2a: Lopunny|Lopunny-Mega, F, shiny|271\/271
|turn|61
|
|move|p2a: Lopunny|Fake Out|p1a: Blastoise
|-damage|p1a: Blastoise|127\/362
|cant|p1a: Blastoise|flinch
|
|turn|62
|
|move|p2a: Lopunny|High Jump Kick|p1a: Blastoise
|-crit|p1a: Blastoise
|-damage|p1a: Blastoise|0 fnt
|faint|p1a: Blastoise
|
|
|switch|p1a: Yanmega|Yanmega, M|275\/313 tox
|turn|63
|
|move|p2a: Lopunny|Facade|p1a: Yanmega
|-damage|p1a: Yanmega|139\/313 tox
|move|p1a: Yanmega|Air Slash|p2a: Lopunny
|-supereffective|p2a: Lopunny
|-damage|p2a: Lopunny|0 fnt
|faint|p2a: Lopunny
|
|-damage|p1a: Yanmega|120\/313 tox|[from] psn
|
|switch|p2a: Darmanitan|Darmanitan, M|351\/351
|turn|64
|
|move|p2a: Darmanitan|Flare Blitz|p1a: Yanmega
|-supereffective|p1a: Yanmega
|-damage|p1a: Yanmega|0 fnt
|-damage|p2a: Darmanitan|311\/351|[from] recoil|[of] p1a: Yanmega
|faint|p1a: Yanmega
|
|win|DarlingLolita
|raw|Ladder updating...
|leave|Blexx
|player|p1
|raw|Blexx's rating: 1186 &rarr; <strong>1166<\/strong><br \/>(-20 for losing)
|raw|DarlingLolita's rating: 1258 &rarr; <strong>1278<\/strong><br \/>(+20 for winning)