|join|Chow Ming
|join|Blexx
|player|p1|Chow Ming|83
|player|p2|Blexx|170
|gametype|singles
|gen|6
|tier|UU
|rated
|rule|Sleep Clause Mod: Limit one foe put to sleep
|rule|Species Clause: Limit one of each PokÃ©mon
|rule|OHKO Clause: OHKO moves are banned
|rule|Moody Clause: Moody is banned
|rule|Evasion Moves Clause: Evasion moves are banned
|rule|Endless Battle Clause: Forcing endless battles is banned
|rule|HP Percentage Mod: HP is shown in percentages
|clearpoke
|poke|p1|Sigilyph, F
|poke|p1|Gorebyss, F, shiny
|poke|p1|Cloyster, F, shiny
|poke|p1|Volcarona, M
|poke|p1|Chandelure, F, shiny
|poke|p1|Probopass, L2, F, shiny
|poke|p2|Aromatisse, M
|poke|p2|Metagross
|poke|p2|Sableye, F
|poke|p2|Gourgeist-*, F
|poke|p2|Ampharos, F
|poke|p2|Escavalier, M
|rule|Swagger Clause: Swagger is banned
|rule|Baton Pass Clause: Limit one PokÃ©mon knowing Baton Pass
|teampreview
|join|Darquel
|
|start
|switch|p1a: swag dolphin|Gorebyss, F, shiny|252\/252
|switch|p2a: Metagross|Metagross|364\/364
|turn|1
|
|move|p1a: swag dolphin|Shell Smash|p1a: swag dolphin
|-boost|p1a: swag dolphin|atk|2
|-boost|p1a: swag dolphin|spa|2
|-boost|p1a: swag dolphin|spe|2
|-unboost|p1a: swag dolphin|def|1
|-unboost|p1a: swag dolphin|spd|1
|-enditem|p1a: swag dolphin|White Herb
|-restoreboost|p1a: swag dolphin|[silent]
|move|p2a: Metagross|Stealth Rock|p1a: swag dolphin
|-sidestart|p1: Chow Ming|move: Stealth Rock
|
|turn|2
|
|move|p1a: swag dolphin|Baton Pass|p1a: swag dolphin
|
|switch|p1a: swag light|Chandelure, F, shiny|262\/262
|-damage|p1a: swag light|197\/262|[from] Stealth Rock
|move|p2a: Metagross|Earthquake|p1a: swag light
|-supereffective|p1a: swag light
|-damage|p1a: swag light|0 fnt
|faint|p1a: swag light
|
|
|switch|p1a: swag lord|Sigilyph, F|348\/348
|turn|3
|
|move|p1a: swag lord|Cosmic Power|p1a: swag lord
|-boost|p1a: swag lord|def|1
|-boost|p1a: swag lord|spd|1
|move|p2a: Metagross|Meteor Mash|p1a: swag lord|[miss]
|-miss|p2a: Metagross|p1a: swag lord
|
|-status|p1a: swag lord|tox|[from] item: Toxic Orb
|turn|4
|
|switch|p2a: Sableye|Sableye, F|304\/304
|move|p1a: swag lord|Cosmic Power|p1a: swag lord
|-boost|p1a: swag lord|def|1
|-boost|p1a: swag lord|spd|1
|
|turn|5
|
|move|p2a: Sableye|Taunt|p1a: swag lord
|-start|p1a: swag lord|move: Taunt
|cant|p1a: swag lord|move: Taunt|Cosmic Power
|
|turn|6
|
|switch|p2a: Escavalier|Escavalier, M|344\/344
|move|p1a: swag lord|Stored Power|p2a: Escavalier
|-resisted|p2a: Escavalier
|-damage|p2a: Escavalier|297\/344
|
|turn|7
|
|move|p1a: swag lord|Stored Power|p2a: Escavalier
|-resisted|p2a: Escavalier
|-damage|p2a: Escavalier|246\/344
|move|p2a: Escavalier|Knock Off|p1a: swag lord
|-supereffective|p1a: swag lord
|-damage|p1a: swag lord|182\/348 tox
|-enditem|p1a: swag lord|Toxic Orb|[from] move: Knock Off|[of] p2a: Escavalier
|
|-end|p1a: swag lord|move: Taunt
|turn|8
|
|move|p1a: swag lord|Cosmic Power|p1a: swag lord
|-boost|p1a: swag lord|def|1
|-boost|p1a: swag lord|spd|1
|move|p2a: Escavalier|Megahorn|p1a: swag lord
|-damage|p1a: swag lord|55\/348 tox
|
|turn|9
|
|move|p1a: swag lord|Roost|p1a: swag lord
|-heal|p1a: swag lord|229\/348 tox
|move|p2a: Escavalier|Megahorn|p1a: swag lord
|-crit|p1a: swag lord
|-supereffective|p1a: swag lord
|-damage|p1a: swag lord|0 fnt
|faint|p1a: swag lord
|
|-message|Chow Ming forfeited.
|
|win|Blexx
|raw|Ladder updating...
|leave|Chow Ming
|player|p1
|raw|Chow Ming's rating: 1188 &rarr; <strong>1157<\/strong><br \/>(-31 for losing)
|raw|Blexx's rating: 1100 &rarr; <strong>1132<\/strong><br \/>(+32 for winning)