|join|Blexx
|join|Mekakucity
|player|p1|Blexx|2
|player|p2|Mekakucity|269
|gametype|singles
|gen|6
|tier|UU
|rated
|rule|Sleep Clause Mod: Limit one foe put to sleep
|rule|Species Clause: Limit one of each PokÃ©mon
|rule|OHKO Clause: OHKO moves are banned
|rule|Moody Clause: Moody is banned
|rule|Evasion Moves Clause: Evasion moves are banned
|rule|Endless Battle Clause: Forcing endless battles is banned
|rule|HP Percentage Mod: HP is shown in percentages
|clearpoke
|poke|p1|Crobat, F
|poke|p1|Hydreigon, M
|poke|p1|Swampert, M
|poke|p1|Jirachi
|poke|p1|Medicham, F, shiny
|poke|p1|Roserade, F
|poke|p2|Beedrill, M
|poke|p2|Raikou
|poke|p2|Vaporeon, F
|poke|p2|Crobat, F
|poke|p2|Darmanitan, M
|poke|p2|Porygon-Z
|rule|Swagger Clause: Swagger is banned
|rule|Baton Pass Clause: Limit one PokÃ©mon knowing Baton Pass
|teampreview
|
|start
|switch|p1a: Medicham|Medicham, F, shiny|261\/261
|switch|p2a: bat|Crobat, F|341\/341
|turn|1
|
|detailschange|p1a: Medicham|Medicham-Mega, F, shiny
|-mega|p1a: Medicham|Medicham|Medichamite
|move|p1a: Medicham|Fake Out|p2a: bat
|-damage|p2a: bat|252\/341
|move|p2a: bat|Brave Bird|p1a: Medicham
|-supereffective|p1a: Medicham
|-damage|p1a: Medicham|0 fnt
|-damage|p2a: bat|166\/341|[from] recoil|[of] p1a: Medicham
|faint|p1a: Medicham
|
|-heal|p2a: bat|187\/341|[from] item: Black Sludge
|
|switch|p1a: Swampert|Swampert, M|401\/401
|turn|2
|
|move|p2a: bat|Taunt|p1a: Swampert
|-start|p1a: Swampert|move: Taunt
|cant|p1a: Swampert|move: Taunt|Stealth Rock
|
|-heal|p2a: bat|208\/341|[from] item: Black Sludge
|turn|3
|
|switch|p2a: yeah|Vaporeon, F|451\/451
|switch|p1a: Jirachi|Jirachi|341\/341
|
|turn|4
|
|move|p1a: Jirachi|U-turn|p2a: yeah
|-damage|p2a: yeah|382\/451
|
|switch|p1a: Roserade|Roserade, F|318\/318
|move|p2a: yeah|Scald|p1a: Roserade
|-resisted|p1a: Roserade
|-damage|p1a: Roserade|280\/318
|
|-heal|p1a: Roserade|299\/318|[from] item: Black Sludge
|-heal|p2a: yeah|410\/451|[from] item: Leftovers
|turn|5
|
|switch|p2a: bat|Crobat, F|208\/341
|move|p1a: Roserade|Spikes|p2a: bat
|-sidestart|p2: Mekakucity|Spikes
|
|-heal|p2a: bat|229\/341|[from] item: Black Sludge
|-heal|p1a: Roserade|318\/318|[from] item: Black Sludge
|turn|6
|
|switch|p1a: Jirachi|Jirachi|341\/341
|move|p2a: bat|Defog|p1a: Jirachi
|-unboost|p1a: Jirachi|evasion|1
|-sideend|p2: Mekakucity|Spikes|[from] move: Defog|[of] p2a: bat
|
|-heal|p2a: bat|250\/341|[from] item: Black Sludge
|turn|7
|
|switch|p2a: yeah|Vaporeon, F|410\/451
|move|p1a: Jirachi|Trick|p2a: yeah
|-activate|p1a: Jirachi|move: Trick|[of] p2a: yeah
|-item|p2a: yeah|Choice Scarf|[from] move: Trick
|-item|p1a: Jirachi|Leftovers|[from] move: Trick
|
|turn|8
|
|move|p1a: Jirachi|U-turn|p2a: yeah
|-damage|p2a: yeah|339\/451
|
|switch|p1a: Roserade|Roserade, F|318\/318
|move|p2a: yeah|Baton Pass|p2a: yeah
|
|switch|p2a: beegone with you|Beedrill, M|301\/301
|
|turn|9
|
|switch|p1a: Crobat|Crobat, F|368\/368
|detailschange|p2a: beegone with you|Beedrill-Mega, M
|-mega|p2a: beegone with you|Beedrill|Beedrillite
|move|p2a: beegone with you|U-turn|p1a: Crobat
|-crit|p1a: Crobat
|-resisted|p1a: Crobat
|-damage|p1a: Crobat|289\/368
|
|switch|p2a: skrubby voltturn|Raikou|321\/321
|-ability|p2a: skrubby voltturn|Pressure
|
|-heal|p1a: Crobat|312\/368|[from] item: Black Sludge
|turn|10
|
|switch|p1a: Roserade|Roserade, F|318\/318
|move|p2a: skrubby voltturn|Extrasensory|p1a: Roserade
|-supereffective|p1a: Roserade
|-damage|p1a: Roserade|136\/318
|
|-heal|p1a: Roserade|155\/318|[from] item: Black Sludge
|turn|11
|
|switch|p2a: bat|Crobat, F|250\/341
|switch|p1a: Hydreigon|Hydreigon, M|325\/325
|
|-heal|p2a: bat|271\/341|[from] item: Black Sludge
|turn|12
|
|switch|p2a: yeah|Vaporeon, F|339\/451
|move|p1a: Hydreigon|Draco Meteor|p2a: yeah
|-damage|p2a: yeah|104\/451
|-unboost|p1a: Hydreigon|spa|2
|-damage|p1a: Hydreigon|293\/325|[from] item: Life Orb
|
|turn|13
|
|move|p1a: Hydreigon|Draco Meteor|p2a: yeah
|-damage|p2a: yeah|0 fnt
|-unboost|p1a: Hydreigon|spa|2
|-damage|p1a: Hydreigon|261\/325|[from] item: Life Orb
|faint|p2a: yeah
|
|
|switch|p2a: beegone with you|Beedrill-Mega, M|301\/301
|turn|14
|
|switch|p1a: Crobat|Crobat, F|312\/368
|move|p2a: beegone with you|Knock Off|p1a: Crobat
|-damage|p1a: Crobat|167\/368
|-enditem|p1a: Crobat|Black Sludge|[from] move: Knock Off|[of] p2a: beegone with you
|
|turn|15
|
|move|p2a: beegone with you|U-turn|p1a: Crobat
|-resisted|p1a: Crobat
|-damage|p1a: Crobat|113\/368
|
|switch|p2a: bat|Crobat, F|271\/341
|move|p1a: Crobat|Brave Bird|p2a: bat
|-damage|p2a: bat|112\/341
|-damage|p1a: Crobat|61\/368|[from] recoil|[of] p2a: bat
|
|-heal|p2a: bat|133\/341|[from] item: Black Sludge
|turn|16
|
|switch|p1a: Swampert|Swampert, M|401\/401
|move|p2a: bat|Roost|p2a: bat
|-heal|p2a: bat|304\/341
|
|-heal|p2a: bat|325\/341|[from] item: Black Sludge
|turn|17
|
|move|p2a: bat|Taunt|p1a: Swampert
|-start|p1a: Swampert|move: Taunt
|move|p1a: Swampert|Scald|p2a: bat
|-damage|p2a: bat|222\/341
|-status|p2a: bat|brn
|
|-heal|p2a: bat|243\/341 brn|[from] item: Black Sludge
|-damage|p2a: bat|201\/341 brn|[from] brn
|turn|18
|
|move|p2a: bat|Brave Bird|p1a: Swampert
|-damage|p1a: Swampert|334\/401
|-damage|p2a: bat|179\/341 brn|[from] recoil|[of] p1a: Swampert
|move|p1a: Swampert|Scald|p2a: bat
|-damage|p2a: bat|83\/341 brn
|
|-heal|p2a: bat|104\/341 brn|[from] item: Black Sludge
|-heal|p1a: Swampert|359\/401|[from] item: Leftovers
|-damage|p2a: bat|62\/341 brn|[from] brn
|turn|19
|
|move|p2a: bat|Brave Bird|p1a: Swampert
|-damage|p1a: Swampert|299\/401
|-damage|p2a: bat|42\/341 brn|[from] recoil|[of] p1a: Swampert
|move|p1a: Swampert|Scald|p2a: bat
|-damage|p2a: bat|0 fnt
|faint|p2a: bat
|
|-heal|p1a: Swampert|324\/401|[from] item: Leftovers
|-end|p1a: Swampert|move: Taunt
|
|switch|p2a: duck|Porygon-Z|331\/331
|turn|20
|
|switch|p1a: Jirachi|Jirachi|341\/341
|move|p2a: duck|Tri Attack|p1a: Jirachi
|-resisted|p1a: Jirachi
|-damage|p1a: Jirachi|214\/341
|-damage|p2a: duck|298\/331|[from] item: Life Orb
|
|-heal|p1a: Jirachi|235\/341|[from] item: Leftovers
|turn|21
|
|switch|p2a: skrubby voltturn|Raikou|321\/321
|-ability|p2a: skrubby voltturn|Pressure
|move|p1a: Jirachi|U-turn|p2a: skrubby voltturn
|-damage|p2a: skrubby voltturn|237\/321
|
|switch|p1a: Hydreigon|Hydreigon, M|261\/325
|
|turn|22
|
|move|p2a: skrubby voltturn|Hidden Power|p1a: Hydreigon
|-supereffective|p1a: Hydreigon
|-damage|p1a: Hydreigon|47\/325
|move|p1a: Hydreigon|Draco Meteor|p2a: skrubby voltturn
|-crit|p2a: skrubby voltturn
|-damage|p2a: skrubby voltturn|0 fnt
|-unboost|p1a: Hydreigon|spa|2
|-damage|p1a: Hydreigon|15\/325|[from] item: Life Orb
|faint|p2a: skrubby voltturn
|
|
|switch|p2a: beegone with you|Beedrill-Mega, M|301\/301
|turn|23
|
|move|p2a: beegone with you|Poison Jab|p1a: Hydreigon
|-damage|p1a: Hydreigon|0 fnt
|faint|p1a: Hydreigon
|
|
|switch|p1a: Swampert|Swampert, M|324\/401
|turn|24
|
|move|p2a: beegone with you|Knock Off|p1a: Swampert
|-damage|p1a: Swampert|223\/401
|-enditem|p1a: Swampert|Leftovers|[from] move: Knock Off|[of] p2a: beegone with you
|move|p1a: Swampert|Earthquake|p2a: beegone with you
|-damage|p2a: beegone with you|43\/301
|
|turn|25
|
|move|p2a: beegone with you|Poison Jab|p1a: Swampert
|-resisted|p1a: Swampert
|-damage|p1a: Swampert|144\/401
|-status|p1a: Swampert|psn
|move|p1a: Swampert|Scald|p2a: beegone with you
|-damage|p2a: beegone with you|0 fnt
|faint|p2a: beegone with you
|
|-damage|p1a: Swampert|94\/401 psn|[from] psn
|
|switch|p2a: was poppin|Darmanitan, M|351\/351
|turn|26
|
|move|p2a: was poppin|Flare Blitz|p1a: Swampert
|-resisted|p1a: Swampert
|-damage|p1a: Swampert|0 fnt
|-damage|p2a: was poppin|320\/351|[from] recoil|[of] p1a: Swampert
|faint|p1a: Swampert
|
|
|switch|p1a: Roserade|Roserade, F|155\/318
|turn|27
|
|move|p2a: was poppin|Flare Blitz|p1a: Roserade
|-supereffective|p1a: Roserade
|-damage|p1a: Roserade|0 fnt
|-damage|p2a: was poppin|269\/351|[from] recoil|[of] p1a: Roserade
|faint|p1a: Roserade
|
|
|switch|p1a: Crobat|Crobat, F|61\/368
|turn|28
|
|move|p2a: was poppin|Flare Blitz|p1a: Crobat
|-damage|p1a: Crobat|0 fnt
|-damage|p2a: was poppin|249\/351|[from] recoil|[of] p1a: Crobat
|faint|p1a: Crobat
|
|
|switch|p1a: Jirachi|Jirachi|235\/341
|turn|29
|c|âMekakucity|gg
|
|move|p2a: was poppin|Flare Blitz|p1a: Jirachi
|-supereffective|p1a: Jirachi
|-damage|p1a: Jirachi|0 fnt
|-damage|p2a: was poppin|171\/351|[from] recoil|[of] p1a: Jirachi
|faint|p1a: Jirachi
|
|win|Mekakucity
|raw|Ladder updating...
|raw|Blexx's rating: 1207 &rarr; <strong>1181<\/strong><br \/>(-26 for losing)
|raw|Mekakucity's rating: 1188 &rarr; <strong>1215<\/strong><br \/>(+27 for winning)
|leave|Blexx
|player|p1