|join|Blexx
|join|JJAL20
|player|p1|Blexx|2
|player|p2|JJAL20|34
|gametype|singles
|gen|6
|tier|UU
|rated
|rule|Sleep Clause Mod: Limit one foe put to sleep
|rule|Species Clause: Limit one of each PokÃ©mon
|rule|OHKO Clause: OHKO moves are banned
|rule|Moody Clause: Moody is banned
|rule|Evasion Moves Clause: Evasion moves are banned
|rule|Endless Battle Clause: Forcing endless battles is banned
|rule|HP Percentage Mod: HP is shown in percentages
|clearpoke
|poke|p1|Hydreigon, F
|poke|p1|Jirachi
|poke|p1|Roserade, M
|poke|p1|Swampert, F
|poke|p1|Medicham, M
|poke|p1|Crobat, M
|poke|p2|Infernape, M
|poke|p2|Honchkrow, F
|poke|p2|Nidoking, M
|poke|p2|Blastoise, F
|poke|p2|Goodra, M
|poke|p2|Florges, F
|rule|Swagger Clause: Swagger is banned
|rule|Baton Pass Clause: Limit one PokÃ©mon knowing Baton Pass
|teampreview
|
|start
|switch|p1a: Lee Sin|Medicham, M|261\/261
|switch|p2a: Florges|Florges, F|360\/360
|turn|1
|
|detailschange|p1a: Lee Sin|Medicham-Mega, M
|-mega|p1a: Lee Sin|Medicham|Medichamite
|move|p2a: Florges|Protect|p2a: Florges
|-singleturn|p2a: Florges|Protect
|move|p1a: Lee Sin|Fake Out|p2a: Florges
|-activate|p2a: Florges|Protect
|
|turn|2
|
|switch|p1a: Hannibal|Roserade, M|324\/324
|move|p2a: Florges|Moonblast|p1a: Hannibal
|-resisted|p1a: Hannibal
|-damage|p1a: Hannibal|280\/324
|
|-heal|p1a: Hannibal|300\/324|[from] item: Black Sludge
|turn|3
|
|switch|p2a: Goodra|Goodra, M|373\/373
|move|p1a: Hannibal|Spikes|p2a: Goodra
|-sidestart|p2: JJAL20|Spikes
|
|-heal|p1a: Hannibal|320\/324|[from] item: Black Sludge
|turn|4
|
|move|p1a: Hannibal|Sludge Bomb|p2a: Goodra
|-damage|p2a: Goodra|313\/373
|move|p2a: Goodra|Flamethrower|p1a: Hannibal
|-supereffective|p1a: Hannibal
|-damage|p1a: Hannibal|162\/324
|
|-heal|p1a: Hannibal|182\/324|[from] item: Black Sludge
|turn|5
|
|move|p1a: Hannibal|Sludge Bomb|p2a: Goodra
|-damage|p2a: Goodra|255\/373
|move|p2a: Goodra|Flamethrower|p1a: Hannibal
|-crit|p1a: Hannibal
|-supereffective|p1a: Hannibal
|-damage|p1a: Hannibal|0 fnt
|faint|p1a: Hannibal
|
|
|switch|p1a: Heil Hydrei|Hydreigon, F|325\/325
|turn|6
|
|switch|p2a: Florges|Florges, F|360\/360
|-damage|p2a: Florges|315\/360|[from] Spikes
|move|p1a: Heil Hydrei|Iron Tail|p2a: Florges|[miss]
|-miss|p1a: Heil Hydrei|p2a: Florges
|
|-heal|p2a: Florges|337\/360|[from] item: Leftovers
|turn|7
|c|âBlexx|LOL
|c|âBlexx|i've missed
|c|âBlexx|ever
|c|âBlexx|one
|c|âBlexx|of
|c|âBlexx|those
|c|âBlexx|i
|c|âBlexx|have
|c|âBlexx|ever
|c|âBlexx|used
|c|âBlexx|this is rly frustrating
|
|move|p2a: Florges|Protect|p2a: Florges
|-singleturn|p2a: Florges|Protect
|move|p1a: Heil Hydrei|Iron Tail|p2a: Florges
|-activate|p2a: Florges|Protect
|
|-heal|p2a: Florges|359\/360|[from] item: Leftovers
|turn|8
|
|switch|p1a: Arya|Jirachi|341\/341
|switch|p2a: Blastoise|Blastoise, F|361\/361
|-damage|p2a: Blastoise|316\/361|[from] Spikes
|
|turn|9
|
|detailschange|p2a: Blastoise|Blastoise-Mega, F
|-mega|p2a: Blastoise|Blastoise|Blastoisinite
|move|p1a: Arya|U-turn|p2a: Blastoise
|-damage|p2a: Blastoise|270\/361
|
|switch|p1a: Lee Sin|Medicham-Mega, M|261\/261
|move|p2a: Blastoise|Rapid Spin|p1a: Lee Sin
|-damage|p1a: Lee Sin|244\/261
|-sideend|p2: JJAL20|Spikes|[from] move: Rapid Spin|[of] p2a: Blastoise
|
|turn|10
|
|switch|p2a: Goodra|Goodra, M|255\/373
|move|p1a: Lee Sin|Fake Out|p2a: Goodra
|-damage|p2a: Goodra|139\/373
|
|turn|11
|
|move|p1a: Lee Sin|High Jump Kick|p2a: Goodra
|-damage|p2a: Goodra|0 fnt
|faint|p2a: Goodra
|
|
|switch|p2a: Infernape|Infernape, M|293\/293
|turn|12
|
|switch|p1a: Stew Peas|Swampert, F|404\/404
|move|p2a: Infernape|U-turn|p1a: Stew Peas
|-damage|p1a: Stew Peas|346\/404
|
|switch|p2a: Florges|Florges, F|359\/360
|
|-heal|p2a: Florges|360\/360|[from] item: Leftovers
|-heal|p1a: Stew Peas|371\/404|[from] item: Leftovers
|turn|13
|
|switch|p1a: Arya|Jirachi|341\/341
|move|p2a: Florges|Energy Ball|p1a: Arya
|-resisted|p1a: Arya
|-damage|p1a: Arya|301\/341
|
|turn|14
|
|switch|p2a: Blastoise|Blastoise-Mega, F|270\/361
|move|p1a: Arya|Iron Head|p2a: Blastoise
|-resisted|p2a: Blastoise
|-damage|p2a: Blastoise|234\/361
|
|turn|15
|
|switch|p1a: Nicholas Cage|Crobat, M|370\/370
|move|p2a: Blastoise|Dark Pulse|p1a: Nicholas Cage
|-damage|p1a: Nicholas Cage|214\/370
|
|-heal|p1a: Nicholas Cage|237\/370|[from] item: Black Sludge
|turn|16
|
|move|p1a: Nicholas Cage|Brave Bird|p2a: Blastoise
|-damage|p2a: Blastoise|153\/361
|-damage|p1a: Nicholas Cage|210\/370|[from] recoil|[of] p2a: Blastoise
|move|p2a: Blastoise|Scald|p1a: Nicholas Cage
|-damage|p1a: Nicholas Cage|66\/370
|
|-heal|p1a: Nicholas Cage|89\/370|[from] item: Black Sludge
|turn|17
|
|move|p1a: Nicholas Cage|Roost|p1a: Nicholas Cage
|-heal|p1a: Nicholas Cage|274\/370
|move|p2a: Blastoise|Scald|p1a: Nicholas Cage
|-damage|p1a: Nicholas Cage|139\/370
|-status|p1a: Nicholas Cage|brn
|
|-heal|p1a: Nicholas Cage|162\/370 brn|[from] item: Black Sludge
|-damage|p1a: Nicholas Cage|116\/370 brn|[from] brn
|turn|18
|
|switch|p2a: Nidoking|Nidoking, M|366\/366
|move|p1a: Nicholas Cage|Brave Bird|p2a: Nidoking
|-damage|p2a: Nidoking|291\/366
|-damage|p1a: Nicholas Cage|91\/370 brn|[from] recoil|[of] p2a: Nidoking
|
|-heal|p1a: Nicholas Cage|114\/370 brn|[from] item: Black Sludge
|-heal|p2a: Nidoking|313\/366|[from] item: Leftovers
|-damage|p1a: Nicholas Cage|68\/370 brn|[from] brn
|turn|19
|
|move|p1a: Nicholas Cage|Brave Bird|p2a: Nidoking
|-damage|p2a: Nidoking|228\/366
|-damage|p1a: Nicholas Cage|40\/370 brn|[from] recoil|[of] p2a: Nidoking
|move|p2a: Nidoking|Stealth Rock|p1a: Nicholas Cage
|-sidestart|p1: Blexx|move: Stealth Rock
|
|-heal|p1a: Nicholas Cage|63\/370 brn|[from] item: Black Sludge
|-heal|p2a: Nidoking|250\/366|[from] item: Leftovers
|-damage|p1a: Nicholas Cage|17\/370 brn|[from] brn
|turn|20
|
|move|p1a: Nicholas Cage|Defog|p2a: Nidoking
|-unboost|p2a: Nidoking|evasion|1
|-sideend|p1: Blexx|Stealth Rock|[from] move: Defog|[of] p1a: Nicholas Cage
|move|p2a: Nidoking|Stealth Rock|p1a: Nicholas Cage
|-sidestart|p1: Blexx|move: Stealth Rock
|
|-heal|p1a: Nicholas Cage|40\/370 brn|[from] item: Black Sludge
|-heal|p2a: Nidoking|272\/366|[from] item: Leftovers
|-damage|p1a: Nicholas Cage|0 fnt|[from] brn
|faint|p1a: Nicholas Cage
|
|switch|p1a: Heil Hydrei|Hydreigon, F|325\/325
|-damage|p1a: Heil Hydrei|285\/325|[from] Stealth Rock
|turn|21
|
|move|p1a: Heil Hydrei|Draco Meteor|p2a: Nidoking
|-damage|p2a: Nidoking|0 fnt
|-unboost|p1a: Heil Hydrei|spa|2
|-damage|p1a: Heil Hydrei|253\/325|[from] item: Life Orb
|faint|p2a: Nidoking
|
|
|switch|p2a: Florges|Florges, F|360\/360
|turn|22
|
|switch|p1a: Arya|Jirachi|301\/341
|-damage|p1a: Arya|280\/341|[from] Stealth Rock
|move|p2a: Florges|Wish|p2a: Florges
|
|turn|23
|
|switch|p2a: Blastoise|Blastoise-Mega, F|153\/361
|move|p1a: Arya|U-turn|p2a: Blastoise
|-damage|p2a: Blastoise|105\/361
|
|switch|p1a: Heil Hydrei|Hydreigon, F|253\/325
|-damage|p1a: Heil Hydrei|213\/325|[from] Stealth Rock
|
|-heal|p2a: Blastoise|285\/361|[from] move: Wish|[wisher] Florges
|turn|24
|
|switch|p2a: Florges|Florges, F|360\/360
|move|p1a: Heil Hydrei|Draco Meteor|p2a: Florges
|-immune|p2a: Florges|[msg]
|
|turn|25
|
|move|p1a: Heil Hydrei|Iron Tail|p2a: Florges|[miss]
|-miss|p1a: Heil Hydrei|p2a: Florges
|move|p2a: Florges|Wish|p2a: Florges
|
|turn|26
|c|âBlexx|smh
|
|switch|p2a: Blastoise|Blastoise-Mega, F|285\/361
|move|p1a: Heil Hydrei|Iron Tail|p2a: Blastoise|[miss]
|-miss|p1a: Heil Hydrei|p2a: Blastoise
|
|-heal|p2a: Blastoise|361\/361|[from] move: Wish|[wisher] Florges
|turn|27
|
|move|p1a: Heil Hydrei|Draco Meteor|p2a: Blastoise
|-damage|p2a: Blastoise|95\/361
|-unboost|p1a: Heil Hydrei|spa|2
|-damage|p1a: Heil Hydrei|181\/325|[from] item: Life Orb
|move|p2a: Blastoise|Scald|p1a: Heil Hydrei
|-resisted|p1a: Heil Hydrei
|-damage|p1a: Heil Hydrei|103\/325
|
|turn|28
|
|move|p1a: Heil Hydrei|Superpower|p2a: Blastoise
|-damage|p2a: Blastoise|12\/361
|-unboost|p1a: Heil Hydrei|atk|1
|-unboost|p1a: Heil Hydrei|def|1
|-damage|p1a: Heil Hydrei|71\/325|[from] item: Life Orb
|move|p2a: Blastoise|Scald|p1a: Heil Hydrei
|-resisted|p1a: Heil Hydrei
|-damage|p1a: Heil Hydrei|0 fnt
|faint|p1a: Heil Hydrei
|
|
|switch|p1a: Arya|Jirachi|280\/341
|-damage|p1a: Arya|259\/341|[from] Stealth Rock
|turn|29
|
|move|p1a: Arya|U-turn|p2a: Blastoise
|-damage|p2a: Blastoise|0 fnt
|faint|p2a: Blastoise
|
|switch|p1a: Lee Sin|Medicham-Mega, M|244\/261
|-damage|p1a: Lee Sin|228\/261|[from] Stealth Rock
|
|
|switch|p2a: Florges|Florges, F|360\/360
|turn|30
|
|switch|p1a: Arya|Jirachi|259\/341
|-damage|p1a: Arya|238\/341|[from] Stealth Rock
|move|p2a: Florges|Protect|p2a: Florges
|-fail|p2a: Florges
|
|turn|31
|
|switch|p2a: Infernape|Infernape, M|293\/293
|move|p1a: Arya|Iron Head|p2a: Infernape
|-resisted|p2a: Infernape
|-damage|p2a: Infernape|213\/293
|
|turn|32
|
|switch|p1a: Stew Peas|Swampert, F|371\/404
|-damage|p1a: Stew Peas|346\/404|[from] Stealth Rock
|move|p2a: Infernape|Overheat|p1a: Stew Peas
|-resisted|p1a: Stew Peas
|-damage|p1a: Stew Peas|253\/404
|-unboost|p2a: Infernape|spa|2
|
|-heal|p1a: Stew Peas|278\/404|[from] item: Leftovers
|turn|33
|
|move|p2a: Infernape|U-turn|p1a: Stew Peas
|-damage|p1a: Stew Peas|227\/404
|
|switch|p2a: Florges|Florges, F|360\/360
|move|p1a: Stew Peas|Stealth Rock|p2a: Florges
|-sidestart|p2: JJAL20|move: Stealth Rock
|
|-heal|p1a: Stew Peas|252\/404|[from] item: Leftovers
|turn|34
|
|switch|p2a: Infernape|Infernape, M|213\/293
|-damage|p2a: Infernape|177\/293|[from] Stealth Rock
|switch|p1a: Arya|Jirachi|238\/341
|-damage|p1a: Arya|217\/341|[from] Stealth Rock
|
|turn|35
|
|move|p1a: Arya|U-turn|p2a: Infernape
|-resisted|p2a: Infernape
|-damage|p2a: Infernape|152\/293
|
|switch|p1a: Stew Peas|Swampert, F|252\/404
|-damage|p1a: Stew Peas|227\/404|[from] Stealth Rock
|move|p2a: Infernape|Close Combat|p1a: Stew Peas
|-crit|p1a: Stew Peas
|-damage|p1a: Stew Peas|7\/404
|-unboost|p2a: Infernape|def|1
|-unboost|p2a: Infernape|spd|1
|
|-heal|p1a: Stew Peas|32\/404|[from] item: Leftovers
|turn|36
|
|move|p2a: Infernape|U-turn|p1a: Stew Peas
|-damage|p1a: Stew Peas|0 fnt
|faint|p1a: Stew Peas
|
|switch|p2a: Honchkrow|Honchkrow, F|403\/403
|-damage|p2a: Honchkrow|303\/403|[from] Stealth Rock
|
|
|switch|p1a: Lee Sin|Medicham-Mega, M|228\/261
|-damage|p1a: Lee Sin|212\/261|[from] Stealth Rock
|turn|37
|
|move|p1a: Lee Sin|Fake Out|p2a: Honchkrow
|-damage|p2a: Honchkrow|167\/403
|cant|p2a: Honchkrow|flinch
|
|turn|38
|
|switch|p1a: Arya|Jirachi|217\/341
|-damage|p1a: Arya|196\/341|[from] Stealth Rock
|move|p2a: Honchkrow|Sucker Punch|p1a: Arya
|-fail|p1a: Arya
|
|turn|39
|
|move|p2a: Honchkrow|Sucker Punch|p1a: Arya
|-fail|p1a: Arya
|move|p1a: Arya|Trick|p2a: Honchkrow
|-activate|p1a: Arya|move: Trick|[of] p2a: Honchkrow
|-item|p2a: Honchkrow|Choice Scarf|[from] move: Trick
|-item|p1a: Arya|Life Orb|[from] move: Trick
|
|turn|40
|
|switch|p1a: Lee Sin|Medicham-Mega, M|212\/261
|-damage|p1a: Lee Sin|196\/261|[from] Stealth Rock
|switch|p2a: Florges|Florges, F|360\/360
|-damage|p2a: Florges|315\/360|[from] Stealth Rock
|
|-heal|p2a: Florges|337\/360|[from] item: Leftovers
|turn|41
|
|switch|p1a: Arya|Jirachi|196\/341
|-damage|p1a: Arya|175\/341|[from] Stealth Rock
|move|p2a: Florges|Moonblast|p1a: Arya
|-resisted|p1a: Arya
|-damage|p1a: Arya|114\/341
|-unboost|p1a: Arya|spa|1
|
|-heal|p2a: Florges|359\/360|[from] item: Leftovers
|turn|42
|
|move|p1a: Arya|Iron Head|p2a: Florges
|-supereffective|p2a: Florges
|-damage|p2a: Florges|0 fnt
|-damage|p1a: Arya|80\/341|[from] item: Life Orb
|faint|p2a: Florges
|
|
|switch|p2a: Infernape|Infernape, M|152\/293
|-damage|p2a: Infernape|116\/293|[from] Stealth Rock
|turn|43
|
|move|p2a: Infernape|Overheat|p1a: Arya|[miss]
|-miss|p2a: Infernape|p1a: Arya
|move|p1a: Arya|Iron Head|p2a: Infernape
|-resisted|p2a: Infernape
|-damage|p2a: Infernape|6\/293
|-damage|p1a: Arya|46\/341|[from] item: Life Orb
|
|turn|44
|
|move|p2a: Infernape|Overheat|p1a: Arya
|-supereffective|p1a: Arya
|-damage|p1a: Arya|0 fnt
|-unboost|p2a: Infernape|spa|2
|faint|p1a: Arya
|
|
|switch|p1a: Lee Sin|Medicham-Mega, M|196\/261
|-damage|p1a: Lee Sin|180\/261|[from] Stealth Rock
|turn|45
|c|âBlexx|gg
|
|move|p1a: Lee Sin|Fake Out|p2a: Infernape
|-damage|p2a: Infernape|0 fnt
|faint|p2a: Infernape
|
|
|switch|p2a: Honchkrow|Honchkrow, F|167\/403
|-damage|p2a: Honchkrow|67\/403|[from] Stealth Rock
|turn|46
|
|move|p1a: Lee Sin|Bullet Punch|p2a: Honchkrow
|-damage|p2a: Honchkrow|0 fnt
|faint|p2a: Honchkrow
|
|win|Blexx
|raw|Ladder updating...
|c|âJJAL20|gg
|raw|Blexx's rating: 1324 &rarr; <strong>1344<\/strong><br \/>(+20 for winning)
|raw|JJAL20's rating: 1316 &rarr; <strong>1297<\/strong><br \/>(-19 for losing)
|leave|JJAL20
|player|p2