|join|PK Mew
|join|Chetifight
|player|p1|PK Mew|209
|player|p2|Chetifight|50
|gametype|singles
|gen|6
|tier|OU
|rated
|clearpoke
|poke|p1|Diancie
|poke|p1|Alomomola, M
|poke|p1|Heatran, F
|poke|p1|Landorus-Therian, M
|poke|p1|Latios, M
|poke|p1|Greninja, F
|poke|p2|Chansey, F
|poke|p2|Slowbro, M
|poke|p2|Sableye, M
|poke|p2|Excadrill, F
|poke|p2|Greninja, M
|poke|p2|Hippowdon, M
|rule|Swagger Clause: Swagger is banned
|rule|Baton Pass Clause: Limit one PokÃ©mon knowing Baton Pass
|rule|Sleep Clause Mod: Limit one foe put to sleep
|rule|Species Clause: Limit one of each PokÃ©mon
|rule|OHKO Clause: OHKO moves are banned
|rule|Moody Clause: Moody is banned
|rule|Evasion Moves Clause: Evasion moves are banned
|rule|Endless Battle Clause: Forcing endless battles is banned
|rule|HP Percentage Mod: HP is shown in percentages
|teampreview
|
|start
|switch|p1a: Alomomola|Alomomola, M|533\/533
|switch|p2a: Sableye|Sableye, M|304\/304
|turn|1
|
|switch|p1a: Diancie|Diancie|241\/241
|detailschange|p2a: Sableye|Sableye-Mega, M
|message|Sableye has Mega Evolved into Mega Sableye!
|move|p2a: Sableye|Knock Off|p1a: Diancie
|-resisted|p1a: Diancie
|-damage|p1a: Diancie|217\/241
|
|turn|2
|
|switch|p2a: Chansey|Chansey, F|704\/704
|detailschange|p1a: Diancie|Diancie-Mega
|message|Diancie has Mega Evolved into Mega Diancie!
|move|p1a: Diancie|Moonblast|p2a: Chansey
|-damage|p2a: Chansey|580\/704
|-unboost|p2a: Chansey|spa|1
|
|turn|3
|
|switch|p1a: Landorus-Therian|Landorus-Therian, M|381\/381
|-ability|p1a: Landorus-Therian|Intimidate|[of] p2a: Chansey
|-unboost|p2a: Chansey|atk|1
|move|p2a: Chansey|Seismic Toss|p1a: Landorus-Therian
|-damage|p1a: Landorus-Therian|281\/381
|
|-heal|p1a: Landorus-Therian|304\/381|[from] item: Leftovers
|turn|4
|
|switch|p2a: Sableye|Sableye-Mega, M|304\/304
|move|p1a: Landorus-Therian|Knock Off|p2a: Sableye
|-damage|p2a: Sableye|263\/304
|
|-heal|p1a: Landorus-Therian|327\/381|[from] item: Leftovers
|turn|5
|
|switch|p2a: Hippowdon|Hippowdon, M|420\/420
|-weather|Sandstorm
|move|p1a: Landorus-Therian|U-turn|p2a: Hippowdon
|-damage|p2a: Hippowdon|368\/420
|
|switch|p1a: Heatran|Heatran, F|385\/385
|-item|p1a: Heatran|Air Balloon
|
|-weather|Sandstorm|[upkeep]
|-heal|p2a: Hippowdon|394\/420|[from] item: Leftovers
|turn|6
|
|switch|p2a: Sableye|Sableye-Mega, M|263\/304
|move|p1a: Heatran|Will-O-Wisp|p2a: Sableye
|move|p2a: Sableye|Will-O-Wisp|p1a: Heatran|[from]Magic Bounce
|-start|p1a: Heatran|ability: Flash Fire
|
|-weather|Sandstorm|[upkeep]
|-damage|p2a: Sableye|244\/304|[from] sandstorm
|turn|7
|
|move|p1a: Heatran|Lava Plume|p2a: Sableye
|-damage|p2a: Sableye|93\/304
|move|p2a: Sableye|Recover|p2a: Sableye
|-heal|p2a: Sableye|245\/304
|
|-weather|Sandstorm|[upkeep]
|-damage|p2a: Sableye|226\/304|[from] sandstorm
|turn|8
|
|switch|p2a: Slowbro|Slowbro, M|394\/394
|move|p1a: Heatran|Stealth Rock|p2a: Slowbro
|-sidestart|p2: Chetifight|move: Stealth Rock
|
|-weather|Sandstorm|[upkeep]
|-damage|p2a: Slowbro|370\/394|[from] sandstorm
|turn|9
|
|switch|p1a: Greninja|Greninja, F|285\/285
|move|p2a: Slowbro|Trick Room|p2a: Slowbro
|-fieldstart|move: Trick Room|[of] p2a: Slowbro
|
|-weather|none
|turn|10
|
|switch|p2a: Chansey|Chansey, F|580\/704
|-damage|p2a: Chansey|492\/704|[from] Stealth Rock
|move|p1a: Greninja|U-turn|p2a: Chansey
|-start|p1a: Greninja|typechange|Bug|[from] Protean
|-damage|p2a: Chansey|354\/704
|-damage|p1a: Greninja|257\/285|[from] item: Life Orb
|
|switch|p1a: Latios|Latios, M|301\/301
|
|turn|11
|
|move|p2a: Chansey|Soft-Boiled|p2a: Chansey
|-heal|p2a: Chansey|704\/704
|move|p1a: Latios|Trick|p2a: Chansey
|-activate|p1a: Latios|move: Trick|[of] p2a: Chansey
|-item|p2a: Chansey|Choice Scarf|[from] move: Trick
|-item|p1a: Latios|Eviolite|[from] move: Trick
|
|turn|12
|
|switch|p1a: Diancie|Diancie-Mega|217\/241
|move|p2a: Chansey|Toxic|p1a: Diancie
|move|p1a: Diancie|Toxic|p2a: Chansey|[from]Magic Bounce
|-status|p2a: Chansey|tox
|
|-damage|p2a: Chansey|660\/704 tox|[from] psn
|turn|13
|
|switch|p2a: Excadrill|Excadrill, F|362\/362
|-damage|p2a: Excadrill|351\/362|[from] Stealth Rock
|-ability|p2a: Excadrill|Mold Breaker
|move|p1a: Diancie|Moonblast|p2a: Excadrill
|-resisted|p2a: Excadrill
|-damage|p2a: Excadrill|222\/362
|
|-fieldend|move: Trick Room
|turn|14
|
|switch|p1a: Landorus-Therian|Landorus-Therian, M|327\/381
|-ability|p1a: Landorus-Therian|Intimidate|[of] p2a: Excadrill
|-unboost|p2a: Excadrill|atk|1
|move|p2a: Excadrill|Rapid Spin|p1a: Landorus-Therian
|-damage|p1a: Landorus-Therian|315\/381
|-sideend|p2: Chetifight|Stealth Rock|[from] move: Rapid Spin|[of] p2a: Excadrill
|
|-heal|p1a: Landorus-Therian|338\/381|[from] item: Leftovers
|turn|15
|
|switch|p2a: Hippowdon|Hippowdon, M|394\/420
|-weather|Sandstorm
|move|p1a: Landorus-Therian|U-turn|p2a: Hippowdon
|-damage|p2a: Hippowdon|345\/420
|
|switch|p1a: Alomomola|Alomomola, M|533\/533
|
|-weather|Sandstorm|[upkeep]
|-damage|p1a: Alomomola|500\/533|[from] sandstorm
|-heal|p2a: Hippowdon|371\/420|[from] item: Leftovers
|turn|16
|
|move|p1a: Alomomola|Scald|p2a: Hippowdon
|-supereffective|p2a: Hippowdon
|-damage|p2a: Hippowdon|257\/420
|-status|p2a: Hippowdon|brn
|move|p2a: Hippowdon|Stealth Rock|p1a: Alomomola
|-sidestart|p1: PK Mew|move: Stealth Rock
|
|-weather|Sandstorm|[upkeep]
|-damage|p1a: Alomomola|467\/533|[from] sandstorm
|-heal|p2a: Hippowdon|283\/420 brn|[from] item: Leftovers
|-damage|p2a: Hippowdon|231\/420 brn|[from] brn
|turn|17
|
|switch|p1a: Latios|Latios, M|301\/301
|-damage|p1a: Latios|264\/301|[from] Stealth Rock
|switch|p2a: Chansey|Chansey, F|660\/704
|
|-weather|Sandstorm|[upkeep]
|-damage|p1a: Latios|246\/301|[from] sandstorm
|-damage|p2a: Chansey|616\/704|[from] sandstorm
|turn|18
|
|move|p1a: Latios|Defog|p2a: Chansey
|-unboost|p2a: Chansey|evasion|1
|-sideend|p1: PK Mew|Stealth Rock|[from] move: Defog|[of] p1a: Latios
|move|p2a: Chansey|Aromatherapy|p2a: Chansey
|-cureteam|p2a: Chansey|[from] move: Aromatherapy
|
|-weather|Sandstorm|[upkeep]
|-damage|p1a: Latios|228\/301|[from] sandstorm
|-damage|p2a: Chansey|572\/704|[from] sandstorm
|turn|19
|
|switch|p1a: Diancie|Diancie-Mega|217\/241
|switch|p2a: Slowbro|Slowbro, M|394\/394
|
|-weather|none
|turn|20
|
|move|p1a: Diancie|Moonblast|p2a: Slowbro
|-damage|p2a: Slowbro|156\/394
|move|p2a: Slowbro|Scald|p1a: Diancie
|-supereffective|p1a: Diancie
|-damage|p1a: Diancie|19\/241
|-status|p1a: Diancie|brn
|
|-damage|p1a: Diancie|0 fnt|[from] brn
|faint|p1a: Diancie
|
|switch|p1a: Greninja|Greninja, F|257\/285
|turn|21
|
|switch|p2a: Chansey|Chansey, F|572\/704
|move|p1a: Greninja|Dark Pulse|p2a: Chansey
|-start|p1a: Greninja|typechange|Dark|[from] Protean
|-damage|p2a: Chansey|424\/704
|-damage|p1a: Greninja|229\/285|[from] item: Life Orb
|
|turn|22
|
|move|p1a: Greninja|Gunk Shot|p2a: Chansey
|-start|p1a: Greninja|typechange|Poison|[from] Protean
|-damage|p2a: Chansey|57\/704
|-damage|p1a: Greninja|201\/285|[from] item: Life Orb
|move|p2a: Chansey|Toxic|p1a: Greninja
|-fail|p1a: Greninja
|
|turn|23
|
|move|p1a: Greninja|U-turn|p2a: Chansey
|-start|p1a: Greninja|typechange|Bug|[from] Protean
|-damage|p2a: Chansey|0 fnt
|-damage|p1a: Greninja|173\/285|[from] item: Life Orb
|faint|p2a: Chansey
|
|switch|p1a: Landorus-Therian|Landorus-Therian, M|338\/381
|
|-heal|p1a: Landorus-Therian|361\/381|[from] item: Leftovers
|
|switch|p2a: Greninja|Greninja, M|285\/285
|turn|24
|
|switch|p1a: Alomomola|Alomomola, M|533\/533
|move|p2a: Greninja|Ice Beam|p1a: Alomomola
|-start|p2a: Greninja|typechange|Ice|[from] Protean
|-resisted|p1a: Alomomola
|-damage|p1a: Alomomola|412\/533
|-status|p1a: Alomomola|frz
|
|turn|25
|
|move|p2a: Greninja|Dark Pulse|p1a: Alomomola
|-start|p2a: Greninja|typechange|Dark|[from] Protean
|-damage|p1a: Alomomola|195\/533 frz
|cant|p1a: Alomomola|frz
|
|turn|26
|
|switch|p1a: Heatran|Heatran, F|385\/385
|-item|p1a: Heatran|Air Balloon
|move|p2a: Greninja|Dark Pulse|p1a: Heatran
|-damage|p1a: Heatran|306\/385
|-enditem|p1a: Heatran|Air Balloon
|
|turn|27
|
|switch|p2a: Slowbro|Slowbro, M|287\/394
|move|p1a: Heatran|Will-O-Wisp|p2a: Slowbro|[miss]
|-miss|p1a: Heatran|p2a: Slowbro
|
|turn|28
|
|switch|p1a: Alomomola|Alomomola, M|372\/533 frz
|move|p2a: Slowbro|Scald|p1a: Alomomola
|-resisted|p1a: Alomomola
|-damage|p1a: Alomomola|286\/533 frz
|-curestatus|p1a: Alomomola|frz
|
|turn|29
|
|move|p1a: Alomomola|Wish|p1a: Alomomola
|move|p2a: Slowbro|Scald|p1a: Alomomola
|-resisted|p1a: Alomomola
|-damage|p1a: Alomomola|197\/533
|
|turn|30
|
|move|p1a: Alomomola|Scald|p2a: Slowbro
|-resisted|p2a: Slowbro
|-damage|p2a: Slowbro|261\/394
|move|p2a: Slowbro|Scald|p1a: Alomomola
|-resisted|p1a: Alomomola
|-damage|p1a: Alomomola|113\/533
|
|-heal|p1a: Alomomola|379\/533|[from] move: Wish|[wisher] Alomomola
|turn|31
|
|move|p1a: Alomomola|Wish|p1a: Alomomola
|move|p2a: Slowbro|Scald|p1a: Alomomola
|-resisted|p1a: Alomomola
|-damage|p1a: Alomomola|289\/533
|-status|p1a: Alomomola|brn
|
|-damage|p1a: Alomomola|223\/533 brn|[from] brn
|turn|32
|
|move|p1a: Alomomola|Scald|p2a: Slowbro
|-resisted|p2a: Slowbro
|-damage|p2a: Slowbro|234\/394
|move|p2a: Slowbro|Scald|p1a: Alomomola
|-resisted|p1a: Alomomola
|-damage|p1a: Alomomola|130\/533 brn
|
|-heal|p1a: Alomomola|396\/533 brn|[from] move: Wish|[wisher] Alomomola
|-damage|p1a: Alomomola|330\/533 brn|[from] brn
|turn|33
|
|switch|p1a: Greninja|Greninja, F|173\/285
|move|p2a: Slowbro|Psyshock|p1a: Greninja
|-immune|p1a: Greninja|[msg]
|
|turn|34
|
|switch|p2a: Hippowdon|Hippowdon, M|231\/420
|-weather|Sandstorm
|move|p1a: Greninja|U-turn|p2a: Hippowdon
|-start|p1a: Greninja|typechange|Bug|[from] Protean
|-damage|p2a: Hippowdon|167\/420
|-damage|p1a: Greninja|145\/285|[from] item: Life Orb
|
|switch|p1a: Latios|Latios, M|228\/301
|
|-weather|Sandstorm|[upkeep]
|-damage|p1a: Latios|210\/301|[from] sandstorm
|-heal|p2a: Hippowdon|193\/420|[from] item: Leftovers
|turn|35
|
|move|p1a: Latios|Draco Meteor|p2a: Hippowdon
|-damage|p2a: Hippowdon|0 fnt
|-unboost|p1a: Latios|spa|2
|faint|p2a: Hippowdon
|
|-weather|Sandstorm|[upkeep]
|-damage|p1a: Latios|192\/301|[from] sandstorm
|
|switch|p2a: Greninja|Greninja, M|285\/285
|turn|36
|
|switch|p2a: Excadrill|Excadrill, F|222\/362
|-ability|p2a: Excadrill|Mold Breaker
|switch|p1a: Heatran|Heatran, F|306\/385
|
|-weather|Sandstorm|[upkeep]
|turn|37
|
|switch|p1a: Landorus-Therian|Landorus-Therian, M|361\/381
|-ability|p1a: Landorus-Therian|Intimidate|[of] p2a: Excadrill
|-unboost|p2a: Excadrill|atk|1
|move|p2a: Excadrill|Earthquake|p1a: Landorus-Therian
|-immune|p1a: Landorus-Therian|[msg]
|
|-weather|Sandstorm|[upkeep]
|-heal|p1a: Landorus-Therian|381\/381|[from] item: Leftovers
|turn|38
|
|switch|p2a: Sableye|Sableye-Mega, M|226\/304
|move|p1a: Landorus-Therian|Earthquake|p2a: Sableye
|-damage|p2a: Sableye|130\/304
|
|-weather|none
|turn|39
|
|move|p1a: Landorus-Therian|U-turn|p2a: Sableye
|-damage|p2a: Sableye|86\/304
|
|switch|p1a: Heatran|Heatran, F|306\/385
|move|p2a: Sableye|Recover|p2a: Sableye
|-heal|p2a: Sableye|238\/304
|
|turn|40
|
|move|p1a: Heatran|Will-O-Wisp|p2a: Sableye
|move|p2a: Sableye|Will-O-Wisp|p1a: Heatran|[from]Magic Bounce
|-start|p1a: Heatran|ability: Flash Fire
|move|p2a: Sableye|Recover|p2a: Sableye
|-heal|p2a: Sableye|304\/304
|
|turn|41
|
|switch|p2a: Slowbro|Slowbro, M|365\/394
|move|p1a: Heatran|Lava Plume|p2a: Slowbro
|-resisted|p2a: Slowbro
|-damage|p2a: Slowbro|266\/394
|
|turn|42
|
|switch|p1a: Alomomola|Alomomola, M|507\/533 brn
|move|p2a: Slowbro|Scald|p1a: Alomomola
|-resisted|p1a: Alomomola
|-damage|p1a: Alomomola|417\/533 brn
|
|-damage|p1a: Alomomola|351\/533 brn|[from] brn
|turn|43
|
|move|p1a: Alomomola|Wish|p1a: Alomomola
|move|p2a: Slowbro|Trick Room|p2a: Slowbro
|-fieldstart|move: Trick Room|[of] p2a: Slowbro
|
|-damage|p1a: Alomomola|285\/533 brn|[from] brn
|turn|44
|
|switch|p1a: Greninja|Greninja, F|145\/285
|move|p2a: Slowbro|Psyshock|p1a: Greninja
|-immune|p1a: Greninja|[msg]
|
|-heal|p1a: Greninja|285\/285|[from] move: Wish|[wisher] Alomomola
|turn|45
|
|move|p2a: Slowbro|Scald|p1a: Greninja
|-resisted|p1a: Greninja
|-damage|p1a: Greninja|220\/285
|move|p1a: Greninja|U-turn|p2a: Slowbro
|-start|p1a: Greninja|typechange|Bug|[from] Protean
|-supereffective|p2a: Slowbro
|-damage|p2a: Slowbro|133\/394
|-damage|p1a: Greninja|192\/285|[from] item: Life Orb
|
|switch|p1a: Alomomola|Alomomola, M|462\/533 brn
|
|-damage|p1a: Alomomola|396\/533 brn|[from] brn
|turn|46
|
|move|p2a: Slowbro|Slack Off|p2a: Slowbro
|-heal|p2a: Slowbro|330\/394
|move|p1a: Alomomola|Wish|p1a: Alomomola
|
|-damage|p1a: Alomomola|330\/533 brn|[from] brn
|turn|47
|
|switch|p1a: Latios|Latios, M|192\/301
|move|p2a: Slowbro|Scald|p1a: Latios
|-resisted|p1a: Latios
|-damage|p1a: Latios|152\/301
|
|-heal|p1a: Latios|301\/301|[from] move: Wish|[wisher] Alomomola
|-fieldend|move: Trick Room
|turn|48
|
|switch|p1a: Landorus-Therian|Landorus-Therian, M|381\/381
|-ability|p1a: Landorus-Therian|Intimidate|[of] p2a: Slowbro
|-unboost|p2a: Slowbro|atk|1
|move|p2a: Slowbro|Scald|p1a: Landorus-Therian
|-supereffective|p1a: Landorus-Therian
|-damage|p1a: Landorus-Therian|151\/381
|-status|p1a: Landorus-Therian|brn
|
|-heal|p1a: Landorus-Therian|174\/381 brn|[from] item: Leftovers
|-damage|p1a: Landorus-Therian|127\/381 brn|[from] brn
|turn|49
|
|move|p1a: Landorus-Therian|U-turn|p2a: Slowbro
|-supereffective|p2a: Slowbro
|-damage|p2a: Slowbro|282\/394
|
|switch|p1a: Greninja|Greninja, F|192\/285
|move|p2a: Slowbro|Scald|p1a: Greninja
|-resisted|p1a: Greninja
|-damage|p1a: Greninja|127\/285
|-status|p1a: Greninja|brn
|
|-damage|p1a: Greninja|92\/285 brn|[from] brn
|turn|50
|
|move|p1a: Greninja|Dark Pulse|p2a: Slowbro
|-start|p1a: Greninja|typechange|Dark|[from] Protean
|-supereffective|p2a: Slowbro
|-damage|p2a: Slowbro|0 fnt
|-damage|p1a: Greninja|64\/285 brn|[from] item: Life Orb
|faint|p2a: Slowbro
|
|-damage|p1a: Greninja|29\/285 brn|[from] brn
|
|switch|p2a: Excadrill|Excadrill, F|222\/362
|-ability|p2a: Excadrill|Mold Breaker
|turn|51
|
|move|p2a: Excadrill|Rock Slide|p1a: Greninja
|-damage|p1a: Greninja|0 fnt
|faint|p1a: Greninja
|
|
|switch|p1a: Alomomola|Alomomola, M|507\/533 brn
|turn|52
|
|switch|p2a: Greninja|Greninja, M|285\/285
|move|p1a: Alomomola|Scald|p2a: Greninja
|-resisted|p2a: Greninja
|-damage|p2a: Greninja|252\/285
|-status|p2a: Greninja|brn
|
|-damage|p2a: Greninja|217\/285 brn|[from] brn
|-damage|p1a: Alomomola|441\/533 brn|[from] brn
|turn|53
|
|switch|p1a: Heatran|Heatran, F|306\/385
|move|p2a: Greninja|Dark Pulse|p1a: Heatran
|-start|p2a: Greninja|typechange|Dark|[from] Protean
|-crit|p1a: Heatran
|-damage|p1a: Heatran|177\/385
|
|-damage|p2a: Greninja|182\/285 brn|[from] brn
|turn|54
|
|move|p2a: Greninja|Dark Pulse|p1a: Heatran
|-damage|p1a: Heatran|86\/385
|cant|p1a: Heatran|flinch
|
|-damage|p2a: Greninja|147\/285 brn|[from] brn
|turn|55
|
|switch|p1a: Alomomola|Alomomola, M|533\/533 brn
|move|p2a: Greninja|Dark Pulse|p1a: Alomomola
|-damage|p1a: Alomomola|323\/533 brn
|
|-damage|p2a: Greninja|112\/285 brn|[from] brn
|-damage|p1a: Alomomola|257\/533 brn|[from] brn
|turn|56
|
|move|p2a: Greninja|Dark Pulse|p1a: Alomomola
|-damage|p1a: Alomomola|28\/533 brn
|cant|p1a: Alomomola|flinch
|
|-damage|p2a: Greninja|77\/285 brn|[from] brn
|-damage|p1a: Alomomola|0 fnt|[from] brn
|faint|p1a: Alomomola
|
|switch|p1a: Landorus-Therian|Landorus-Therian, M|127\/381 brn
|-ability|p1a: Landorus-Therian|Intimidate|[of] p2a: Greninja
|-unboost|p2a: Greninja|atk|1
|turn|57
|
|move|p2a: Greninja|Ice Beam|p1a: Landorus-Therian
|-start|p2a: Greninja|typechange|Ice|[from] Protean
|-supereffective|p1a: Landorus-Therian
|-damage|p1a: Landorus-Therian|0 fnt
|faint|p1a: Landorus-Therian
|
|-damage|p2a: Greninja|42\/285 brn|[from] brn
|
|switch|p1a: Heatran|Heatran, F|86\/385
|turn|58
|
|switch|p1a: Latios|Latios, M|301\/301
|move|p2a: Greninja|Dark Pulse|p1a: Latios
|-start|p2a: Greninja|typechange|Dark|[from] Protean
|-supereffective|p1a: Latios
|-damage|p1a: Latios|95\/301
|
|-damage|p2a: Greninja|7\/285 brn|[from] brn
|turn|59
|
|move|p2a: Greninja|Dark Pulse|p1a: Latios
|-supereffective|p1a: Latios
|-damage|p1a: Latios|0 fnt
|faint|p1a: Latios
|
|-damage|p2a: Greninja|0 fnt|[from] brn
|faint|p2a: Greninja
|c|âChetifight|gg
|-message|PK Mew forfeited.
|
|win|Chetifight
|raw|Ladder updating...
|leave|PK Mew
|player|p1