|join|NJNP
|join|PK Mew
|player|p1|NJNP|2
|player|p2|PK Mew|209
|gametype|singles
|gen|6
|tier|OU
|rated
|clearpoke
|poke|p1|Azelf
|poke|p1|Gallade, M
|poke|p1|Raikou
|poke|p1|Keldeo
|poke|p1|Landorus-Therian, M
|poke|p1|Bisharp, M
|poke|p2|Metagross
|poke|p2|Keldeo-Resolute
|poke|p2|Bisharp, M
|poke|p2|Landorus-Therian, M
|poke|p2|Talonflame, M
|poke|p2|Latias, F
|rule|Swagger Clause: Swagger is banned
|rule|Baton Pass Clause: Limit one PokÃ©mon knowing Baton Pass
|rule|Sleep Clause Mod: Limit one foe put to sleep
|rule|Species Clause: Limit one of each PokÃ©mon
|rule|OHKO Clause: OHKO moves are banned
|rule|Moody Clause: Moody is banned
|rule|Evasion Moves Clause: Evasion moves are banned
|rule|Endless Battle Clause: Forcing endless battles is banned
|rule|HP Percentage Mod: HP is shown in percentages
|teampreview
|
|start
|switch|p1a: Azelf|Azelf|353\/353
|switch|p2a: Talonflame|Talonflame, M|297\/297
|turn|1
|
|move|p2a: Talonflame|Taunt|p1a: Azelf
|-start|p1a: Azelf|move: Taunt
|cant|p1a: Azelf|move: Taunt|Stealth Rock
|
|turn|2
|
|switch|p2a: Landorus-Therian|Landorus-Therian, M|381\/381
|-ability|p2a: Landorus-Therian|Intimidate|[of] p1a: Azelf
|-unboost|p1a: Azelf|atk|1
|switch|p1a: Landorus-Therian|Landorus-Therian, M|381\/381
|-ability|p1a: Landorus-Therian|Intimidate|[of] p2a: Landorus-Therian
|-unboost|p2a: Landorus-Therian|atk|1
|
|turn|3
|
|switch|p1a: Azelf|Azelf|353\/353
|move|p2a: Landorus-Therian|Stealth Rock|p1a: Azelf
|-sidestart|p1: NJNP|move: Stealth Rock
|
|turn|4
|
|switch|p2a: Bisharp|Bisharp, M|271\/271
|move|p1a: Azelf|Stealth Rock|p2a: Bisharp
|-sidestart|p2: PK Mew|move: Stealth Rock
|
|turn|5
|
|move|p1a: Azelf|Fire Blast|p2a: Bisharp
|-supereffective|p2a: Bisharp
|-damage|p2a: Bisharp|5\/271
|move|p2a: Bisharp|Knock Off|p1a: Azelf
|-supereffective|p1a: Azelf
|-enditem|p1a: Azelf|Focus Sash
|-damage|p1a: Azelf|1\/353
|
|turn|6
|c|âNJNP|hmm..
|c|âNJNP|i need to run more spa..
|
|move|p2a: Bisharp|Sucker Punch|p1a: Azelf
|-fail|p1a: Azelf
|move|p1a: Azelf|Taunt|p2a: Bisharp
|-start|p2a: Bisharp|move: Taunt
|
|turn|7
|
|move|p2a: Bisharp|Sucker Punch|p1a: Azelf
|-fail|p1a: Azelf
|move|p1a: Azelf|Stealth Rock|p2a: Bisharp
|-fail|p2a: Bisharp
|
|turn|8
|
|move|p1a: Azelf|Fire Blast|p2a: Bisharp
|-supereffective|p2a: Bisharp
|-damage|p2a: Bisharp|0 fnt
|faint|p2a: Bisharp
|
|
|switch|p2a: Metagross|Metagross|301\/301
|-damage|p2a: Metagross|283\/301|[from] Stealth Rock
|turn|9
|c|âNJNP|*tsk
|c|âNJNP|they always
|c|âNJNP|do it on third
|
|move|p2a: Metagross|Bullet Punch|p1a: Azelf
|-damage|p1a: Azelf|0 fnt
|faint|p1a: Azelf
|
|
|switch|p1a: Landorus-Therian|Landorus-Therian, M|381\/381
|-damage|p1a: Landorus-Therian|334\/381|[from] Stealth Rock
|-ability|p1a: Landorus-Therian|Intimidate|[of] p2a: Metagross
|-fail|p2a: Metagross|unboost|[from] ability: Clear Body|[of] p2a: Metagross
|turn|10
|
|switch|p2a: Landorus-Therian|Landorus-Therian, M|381\/381
|-damage|p2a: Landorus-Therian|334\/381|[from] Stealth Rock
|-ability|p2a: Landorus-Therian|Intimidate|[of] p1a: Landorus-Therian
|-unboost|p1a: Landorus-Therian|atk|1
|move|p1a: Landorus-Therian|U-turn|p2a: Landorus-Therian
|-resisted|p2a: Landorus-Therian
|-damage|p2a: Landorus-Therian|314\/381
|
|switch|p1a: Gallade|Gallade, M|277\/277
|-damage|p1a: Gallade|260\/277|[from] Stealth Rock
|
|-heal|p2a: Landorus-Therian|337\/381|[from] item: Leftovers
|turn|11
|
|detailschange|p1a: Gallade|Gallade-Mega, M
|-mega|p1a: Gallade|Gallade|Galladite
|move|p1a: Gallade|Will-O-Wisp|p2a: Landorus-Therian
|-status|p2a: Landorus-Therian|brn
|move|p2a: Landorus-Therian|U-turn|p1a: Gallade
|-damage|p1a: Gallade|220\/277
|
|switch|p2a: Latias|Latias, F|301\/301
|-damage|p2a: Latias|264\/301|[from] Stealth Rock
|
|turn|12
|
|switch|p1a: Bisharp|Bisharp, M|271\/271
|-damage|p1a: Bisharp|255\/271|[from] Stealth Rock
|move|p2a: Latias|Defog|p1a: Bisharp
|-unboost|p1a: Bisharp|evasion|1
|-boost|p1a: Bisharp|atk|2|[from] ability: Defiant
|-sideend|p1: NJNP|Stealth Rock|[from] move: Defog|[of] p1a: Bisharp
|-sideend|p2: PK Mew|Stealth Rock|[from] move: Defog|[of] p2a: Latias
|
|turn|13
|
|move|p2a: Latias|Draco Meteor|p1a: Bisharp
|-resisted|p1a: Bisharp
|-damage|p1a: Bisharp|69\/271
|-unboost|p2a: Latias|spa|2
|-damage|p2a: Latias|234\/301|[from] item: Life Orb
|move|p1a: Bisharp|Low Kick|p2a: Latias
|-resisted|p2a: Latias
|-damage|p2a: Latias|142\/301
|-damage|p1a: Bisharp|42\/271|[from] item: Life Orb
|
|turn|14
|
|switch|p2a: Talonflame|Talonflame, M|297\/297
|move|p1a: Bisharp|Knock Off|p2a: Talonflame
|-damage|p2a: Talonflame|0 fnt
|-enditem|p2a: Talonflame|Leftovers|[from] move: Knock Off|[of] p1a: Bisharp
|-damage|p1a: Bisharp|15\/271|[from] item: Life Orb
|faint|p2a: Talonflame
|
|c|âNJNP|really.
|c|âNJNP|keldeo.
|c|âNJNP|wasnt a thhoguh
|c|âNJNP|*thought
|c|âPK Mew|Predicted Sucker
|c|âNJNP|clearly still
|c|âNJNP|risky
|
|switch|p2a: Metagross|Metagross|283\/301
|turn|15
|
|detailschange|p2a: Metagross|Metagross-Mega
|-mega|p2a: Metagross|Metagross|Metagrossite
|move|p1a: Bisharp|Sucker Punch|p2a: Metagross
|-supereffective|p2a: Metagross
|-damage|p2a: Metagross|0 fnt
|-damage|p1a: Bisharp|0 fnt|[from] item: Life Orb
|faint|p2a: Metagross
|faint|p1a: Bisharp
|
|-message|PK Mew forfeited.
|
|win|NJNP
|raw|Ladder updating...
|leave|PK Mew
|player|p2
|c|âNJNP|thats..
|raw|NJNP's rating: 1531 &rarr; <strong>1549<\/strong><br \/>(+18 for winning)
|raw|PK Mew's rating: 1492 &rarr; <strong>1475<\/strong><br \/>(-17 for losing)
|c|âNJNP|what happens when u dont mega