|join|tyrant3883
|join|PK Mew
|player|p1|tyrant3883|266
|player|p2|PK Mew|209
|gametype|singles
|gen|6
|tier|OU (suspect test)
|rated
|clearpoke
|poke|p1|Landorus-Therian, M
|poke|p1|Heatran, M
|poke|p1|Latios, M
|poke|p1|Bisharp, M
|poke|p1|Rotom-Wash
|poke|p1|Gallade, M
|poke|p2|Gyarados, M
|poke|p2|Heatran, F
|poke|p2|Ferrothorn, F
|poke|p2|Landorus-Therian, M
|poke|p2|Thundurus, M
|poke|p2|Latias, F
|rule|Swagger Clause: Swagger is banned
|rule|Baton Pass Clause: Limit one PokÃ©mon knowing Baton Pass
|rule|Sleep Clause Mod: Limit one foe put to sleep
|rule|Species Clause: Limit one of each PokÃ©mon
|rule|OHKO Clause: OHKO moves are banned
|rule|Moody Clause: Moody is banned
|rule|Evasion Moves Clause: Evasion moves are banned
|rule|Endless Battle Clause: Forcing endless battles is banned
|rule|HP Percentage Mod: HP is shown in percentages
|teampreview
|
|start
|switch|p1a: Bisharp|Bisharp, M|271\/271
|switch|p2a: Landorus-Therian|Landorus-Therian, M|319\/319
|-ability|p2a: Landorus-Therian|Intimidate|[of] p1a: Bisharp
|-unboost|p1a: Bisharp|atk|1
|-boost|p1a: Bisharp|atk|2|[from] ability: Defiant
|turn|1
|
|switch|p1a: Landorus-Therian|Landorus-Therian, M|319\/319
|-ability|p1a: Landorus-Therian|Intimidate|[of] p2a: Landorus-Therian
|-unboost|p2a: Landorus-Therian|atk|1
|move|p2a: Landorus-Therian|Earthquake|p1a: Landorus-Therian
|-immune|p1a: Landorus-Therian|[msg]
|
|turn|2
|
|switch|p2a: Thundurus|Thundurus, M|299\/299
|move|p1a: Landorus-Therian|Knock Off|p2a: Thundurus
|-damage|p2a: Thundurus|143\/299
|-enditem|p2a: Thundurus|Life Orb|[from] move: Knock Off|[of] p1a: Landorus-Therian
|
|turn|3
|
|switch|p1a: Heatran|Heatran, M|386\/386
|switch|p2a: Heather|Heatran, F|327\/327
|-item|p2a: Heather|Air Balloon
|
|turn|4
|join|icsrelentless
|
|switch|p1a: Rotom-Wash|Rotom-Wash|303\/303
|move|p2a: Heather|Earth Power|p1a: Rotom-Wash
|-immune|p1a: Rotom-Wash|[msg]
|
|turn|5
|
|switch|p2a: Sophia|Latias, F|319\/319
|move|p1a: Rotom-Wash|Hydro Pump|p2a: Sophia|[miss]
|-miss|p1a: Rotom-Wash|p2a: Sophia
|
|turn|6
|
|switch|p2a: Landorus-Therian|Landorus-Therian, M|319\/319
|-ability|p2a: Landorus-Therian|Intimidate|[of] p1a: Rotom-Wash
|-unboost|p1a: Rotom-Wash|atk|1
|switch|p1a: Heatran|Heatran, M|386\/386
|
|turn|7
|
|switch|p1a: Rotom-Wash|Rotom-Wash|303\/303
|move|p2a: Landorus-Therian|Knock Off|p1a: Rotom-Wash
|-damage|p1a: Rotom-Wash|218\/303
|-enditem|p1a: Rotom-Wash|Leftovers|[from] move: Knock Off|[of] p2a: Landorus-Therian
|
|turn|8
|
|switch|p2a: Sophia|Latias, F|319\/319
|move|p1a: Rotom-Wash|Volt Switch|p2a: Sophia
|-resisted|p2a: Sophia
|-damage|p2a: Sophia|283\/319
|
|switch|p1a: Bisharp|Bisharp, M|271\/271
|
|turn|9
|
|move|p2a: Sophia|Draco Meteor|p1a: Bisharp
|-resisted|p1a: Bisharp
|-damage|p1a: Bisharp|110\/271
|-unboost|p2a: Sophia|spa|2
|-damage|p2a: Sophia|252\/319|[from] item: Life Orb
|move|p1a: Bisharp|Pursuit|p2a: Sophia
|-supereffective|p2a: Sophia
|-damage|p2a: Sophia|82\/319
|
|turn|10
|
|move|p2a: Sophia|Recover|p2a: Sophia
|-heal|p2a: Sophia|242\/319
|move|p1a: Bisharp|Pursuit|p2a: Sophia
|-supereffective|p2a: Sophia
|-damage|p2a: Sophia|72\/319
|
|turn|11
|
|move|p1a: Bisharp|Sucker Punch|p2a: Sophia
|-supereffective|p2a: Sophia
|-damage|p2a: Sophia|0 fnt
|faint|p2a: Sophia
|
|
|switch|p2a: Heather|Heatran, F|327\/327
|-item|p2a: Heather|Air Balloon
|turn|12
|
|move|p1a: Bisharp|Sucker Punch|p2a: Heather
|-damage|p2a: Heather|183\/327
|-enditem|p2a: Heather|Air Balloon
|move|p2a: Heather|Magma Storm|p1a: Bisharp
|-supereffective|p1a: Bisharp
|-damage|p1a: Bisharp|0 fnt
|faint|p1a: Bisharp
|
|
|switch|p1a: Landorus-Therian|Landorus-Therian, M|319\/319
|-ability|p1a: Landorus-Therian|Intimidate|[of] p2a: Heather
|-unboost|p2a: Heather|atk|1
|turn|13
|
|switch|p2a: Landorus-Therian|Landorus-Therian, M|319\/319
|-ability|p2a: Landorus-Therian|Intimidate|[of] p1a: Landorus-Therian
|-unboost|p1a: Landorus-Therian|atk|1
|move|p1a: Landorus-Therian|U-turn|p2a: Landorus-Therian
|-resisted|p2a: Landorus-Therian
|-damage|p2a: Landorus-Therian|289\/319
|
|switch|p1a: Rotom-Wash|Rotom-Wash|218\/303
|
|turn|14
|
|move|p2a: Landorus-Therian|U-turn|p1a: Rotom-Wash
|-damage|p1a: Rotom-Wash|151\/303
|
|switch|p2a: Thundurus|Thundurus, M|143\/299
|move|p1a: Rotom-Wash|Hydro Pump|p2a: Thundurus|[miss]
|-miss|p1a: Rotom-Wash|p2a: Thundurus
|
|turn|15
|
|switch|p1a: Latios|Latios, M|301\/301
|move|p2a: Thundurus|Hidden Power|p1a: Latios
|-supereffective|p1a: Latios
|-damage|p1a: Latios|163\/301
|
|turn|16
|
|switch|p2a: Ferrothorn|Ferrothorn, F|352\/352
|switch|p1a: Heatran|Heatran, M|386\/386
|
|turn|17
|
|switch|p2a: Gyarados|Gyarados, M|333\/333
|-ability|p2a: Gyarados|Intimidate|[of] p1a: Heatran
|-unboost|p1a: Heatran|atk|1
|move|p1a: Heatran|Stealth Rock|p2a: Gyarados
|-sidestart|p2: PK Mew|move: Stealth Rock
|
|turn|18
|
|move|p2a: Gyarados|Dragon Dance|p2a: Gyarados
|-boost|p2a: Gyarados|atk|1
|-boost|p2a: Gyarados|spe|1
|move|p1a: Heatran|Roar|p2a: Gyarados
|drag|p2a: Landorus-Therian|Landorus-Therian, M|289\/319
|-damage|p2a: Landorus-Therian|250\/319|[from] Stealth Rock
|-ability|p2a: Landorus-Therian|Intimidate|[of] p1a: Heatran
|-unboost|p1a: Heatran|atk|1
|
|turn|19
|
|switch|p1a: Landorus-Therian|Landorus-Therian, M|319\/319
|-ability|p1a: Landorus-Therian|Intimidate|[of] p2a: Landorus-Therian
|-unboost|p2a: Landorus-Therian|atk|1
|move|p2a: Landorus-Therian|Knock Off|p1a: Landorus-Therian
|-damage|p1a: Landorus-Therian|221\/319
|-enditem|p1a: Landorus-Therian|Choice Scarf|[from] move: Knock Off|[of] p2a: Landorus-Therian
|
|turn|20
|
|switch|p2a: Ferrothorn|Ferrothorn, F|352\/352
|-damage|p2a: Ferrothorn|330\/352|[from] Stealth Rock
|move|p1a: Landorus-Therian|Stone Edge|p2a: Ferrothorn
|-resisted|p2a: Ferrothorn
|-damage|p2a: Ferrothorn|290\/352
|
|-heal|p2a: Ferrothorn|312\/352|[from] item: Leftovers
|turn|21
|
|switch|p1a: Gallade|Gallade, M|278\/278
|move|p2a: Ferrothorn|Knock Off|p1a: Gallade
|-damage|p1a: Gallade|214\/278
|
|-heal|p2a: Ferrothorn|334\/352|[from] item: Leftovers
|turn|22
|
|detailschange|p1a: Gallade|Gallade-Mega, M
|-mega|p1a: Gallade|Gallade|Galladite
|move|p1a: Gallade|Ice Punch|p2a: Ferrothorn
|-damage|p2a: Ferrothorn|263\/352
|-damage|p1a: Gallade|180\/278|[from] ability: Iron Barbs|[of] p2a: Ferrothorn
|move|p2a: Ferrothorn|Gyro Ball|p1a: Gallade
|-damage|p1a: Gallade|15\/278
|
|-heal|p2a: Ferrothorn|285\/352|[from] item: Leftovers
|turn|23
|
|switch|p2a: Landorus-Therian|Landorus-Therian, M|250\/319
|-damage|p2a: Landorus-Therian|211\/319|[from] Stealth Rock
|-ability|p2a: Landorus-Therian|Intimidate|[of] p1a: Gallade
|-unboost|p1a: Gallade|atk|1
|move|p1a: Gallade|Close Combat|p2a: Landorus-Therian
|-resisted|p2a: Landorus-Therian
|-damage|p2a: Landorus-Therian|124\/319
|-unboost|p1a: Gallade|def|1
|-unboost|p1a: Gallade|spd|1
|
|turn|24
|
|switch|p1a: Heatran|Heatran, M|386\/386
|move|p2a: Landorus-Therian|U-turn|p1a: Heatran
|-crit|p1a: Heatran
|-resisted|p1a: Heatran
|-damage|p1a: Heatran|354\/386
|
|switch|p2a: Heather|Heatran, F|183\/327
|-damage|p2a: Heather|143\/327|[from] Stealth Rock
|
|-heal|p1a: Heatran|378\/386|[from] item: Leftovers
|turn|25
|
|switch|p1a: Latios|Latios, M|163\/301
|move|p2a: Heather|Earth Power|p1a: Latios
|-immune|p1a: Latios|[msg]
|
|turn|26
|
|move|p1a: Latios|Hidden Power|p2a: Heather
|-start|p2a: Heather|ability: Flash Fire
|move|p2a: Heather|Flash Cannon|p1a: Latios
|-damage|p1a: Latios|34\/301
|
|turn|27
|
|move|p1a: Latios|Earthquake|p2a: Heather
|-crit|p2a: Heather
|-supereffective|p2a: Heather
|-damage|p2a: Heather|0 fnt
|-damage|p1a: Latios|4\/301|[from] item: Life Orb
|faint|p2a: Heather
|
|
|switch|p2a: Gyarados|Gyarados, M|333\/333
|-damage|p2a: Gyarados|250\/333|[from] Stealth Rock
|-ability|p2a: Gyarados|Intimidate|[of] p1a: Latios
|-unboost|p1a: Latios|atk|1
|turn|28
|
|detailschange|p2a: Gyarados|Gyarados-Mega, M
|-mega|p2a: Gyarados|Gyarados|Gyaradosite
|-ability|p2a: Gyarados|Mold Breaker
|move|p1a: Latios|Draco Meteor|p2a: Gyarados
|-damage|p2a: Gyarados|16\/333
|-unboost|p1a: Latios|spa|2
|-damage|p1a: Latios|0 fnt|[from] item: Life Orb
|faint|p1a: Latios
|move|p2a: Gyarados|Dragon Dance|p2a: Gyarados
|-boost|p2a: Gyarados|atk|1
|-boost|p2a: Gyarados|spe|1
|
|
|switch|p1a: Rotom-Wash|Rotom-Wash|151\/303
|turn|29
|c|âtyrant3883|fuck
|c|âtyrant3883|thats game
|
|move|p2a: Gyarados|Earthquake|p1a: Rotom-Wash
|-supereffective|p1a: Rotom-Wash
|-damage|p1a: Rotom-Wash|0 fnt
|faint|p1a: Rotom-Wash
|
|
|switch|p1a: Landorus-Therian|Landorus-Therian, M|221\/319
|-ability|p1a: Landorus-Therian|Intimidate|[of] p2a: Gyarados
|-unboost|p2a: Gyarados|atk|1
|turn|30
|c|âPK Mew|Mold Breaker :3
|
|switch|p1a: Gallade|Gallade-Mega, M|15\/278
|move|p2a: Gyarados|Waterfall|p1a: Gallade
|-damage|p1a: Gallade|0 fnt
|faint|p1a: Gallade
|
|
|switch|p1a: Landorus-Therian|Landorus-Therian, M|221\/319
|-ability|p1a: Landorus-Therian|Intimidate|[of] p2a: Gyarados
|-unboost|p2a: Gyarados|atk|1
|turn|31
|
|move|p2a: Gyarados|Waterfall|p1a: Landorus-Therian
|-supereffective|p1a: Landorus-Therian
|-damage|p1a: Landorus-Therian|0 fnt
|faint|p1a: Landorus-Therian
|
|
|switch|p1a: Heatran|Heatran, M|378\/386
|turn|32
|
|move|p2a: Gyarados|Earthquake|p1a: Heatran
|-supereffective|p1a: Heatran
|-damage|p1a: Heatran|46\/386
|move|p1a: Heatran|Lava Plume|p2a: Gyarados
|-resisted|p2a: Gyarados
|-damage|p2a: Gyarados|0 fnt
|faint|p2a: Gyarados
|
|-heal|p1a: Heatran|70\/386|[from] item: Leftovers
|c|âtyrant3883|gg
|c|âPK Mew|gg
|
|switch|p2a: Landorus-Therian|Landorus-Therian, M|124\/319
|-damage|p2a: Landorus-Therian|85\/319|[from] Stealth Rock
|-ability|p2a: Landorus-Therian|Intimidate|[of] p1a: Heatran
|-unboost|p1a: Heatran|atk|1
|turn|33
|
|move|p2a: Landorus-Therian|Earthquake|p1a: Heatran
|-supereffective|p1a: Heatran
|-damage|p1a: Heatran|0 fnt
|faint|p1a: Heatran
|
|win|PK Mew
|raw|Ladder updating...
|raw|tyrant3883's rating: 1323 &rarr; <strong>1303<\/strong><br \/>(-20 for losing)
|raw|PK Mew's rating: 1310 &rarr; <strong>1331<\/strong><br \/>(+21 for winning)