|join|PK Mew
|join|haxiom ou
|player|p1|PK Mew|209
|player|p2|haxiom ou|274
|gametype|singles
|gen|6
|tier|OU (suspect test)
|rated
|clearpoke
|poke|p1|Gyarados, M
|poke|p1|Heatran, F
|poke|p1|Ferrothorn, M
|poke|p1|Landorus-Therian, M
|poke|p1|Thundurus, M
|poke|p1|Latias, F
|poke|p2|Metagross
|poke|p2|Keldeo
|poke|p2|Thundurus, M
|poke|p2|Landorus-Therian, M
|poke|p2|Bisharp, F
|poke|p2|Garchomp, F
|rule|Swagger Clause: Swagger is banned
|rule|Baton Pass Clause: Limit one PokÃ©mon knowing Baton Pass
|rule|Sleep Clause Mod: Limit one foe put to sleep
|rule|Species Clause: Limit one of each PokÃ©mon
|rule|OHKO Clause: OHKO moves are banned
|rule|Moody Clause: Moody is banned
|rule|Evasion Moves Clause: Evasion moves are banned
|rule|Endless Battle Clause: Forcing endless battles is banned
|rule|HP Percentage Mod: HP is shown in percentages
|teampreview
|
|start
|switch|p1a: Thundurus|Thundurus, M|299\/299
|switch|p2a: Garchomp|Garchomp, F|358\/358
|turn|1
|
|move|p1a: Thundurus|Hidden Power|p2a: Garchomp
|-supereffective|p2a: Garchomp
|-damage|p2a: Garchomp|0 fnt
|-damage|p1a: Thundurus|270\/299|[from] item: Life Orb
|faint|p2a: Garchomp
|
|
|switch|p2a: Metagross|Metagross|301\/301
|turn|2
|
|switch|p1a: Ferrothorn|Ferrothorn, M|352\/352
|detailschange|p2a: Metagross|Metagross-Mega
|-mega|p2a: Metagross|Metagross|Metagrossite
|move|p2a: Metagross|Ice Punch|p1a: Ferrothorn
|-damage|p1a: Ferrothorn|265\/352
|-damage|p2a: Metagross|264\/301|[from] ability: Iron Barbs|[of] p1a: Ferrothorn
|
|-heal|p1a: Ferrothorn|287\/352|[from] item: Leftovers
|turn|3
|
|switch|p2a: Keldeo|Keldeo|323\/323
|move|p1a: Ferrothorn|Knock Off|p2a: Keldeo
|-resisted|p2a: Keldeo
|-damage|p2a: Keldeo|281\/323
|-boost|p2a: Keldeo|atk|1|[from] ability: Justified
|-enditem|p2a: Keldeo|Leftovers|[from] move: Knock Off|[of] p1a: Ferrothorn
|
|-heal|p1a: Ferrothorn|309\/352|[from] item: Leftovers
|turn|4
|
|move|p2a: Keldeo|Secret Sword|p1a: Ferrothorn
|-crit|p1a: Ferrothorn
|-supereffective|p1a: Ferrothorn
|-damage|p1a: Ferrothorn|21\/352
|move|p1a: Ferrothorn|Gyro Ball|p2a: Keldeo
|-resisted|p2a: Keldeo
|-damage|p2a: Keldeo|185\/323
|
|-heal|p1a: Ferrothorn|43\/352|[from] item: Leftovers
|turn|5
|
|move|p2a: Keldeo|Scald|p1a: Ferrothorn
|-crit|p1a: Ferrothorn
|-resisted|p1a: Ferrothorn
|-damage|p1a: Ferrothorn|0 fnt
|faint|p1a: Ferrothorn
|
|
|switch|p1a: Latias|Latias, F|305\/305
|turn|6
|
|switch|p2a: Bisharp|Bisharp, F|271\/271
|move|p1a: Latias|Draco Meteor|p2a: Bisharp
|-resisted|p2a: Bisharp
|-damage|p2a: Bisharp|93\/271
|-unboost|p1a: Latias|spa|2
|-damage|p1a: Latias|275\/305|[from] item: Life Orb
|
|turn|7
|c|âhaxiom ou|5050
|
|move|p1a: Latias|Draco Meteor|p2a: Bisharp
|-resisted|p2a: Bisharp
|-damage|p2a: Bisharp|10\/271
|-unboost|p1a: Latias|spa|2
|-damage|p1a: Latias|245\/305|[from] item: Life Orb
|move|p2a: Bisharp|Pursuit|p1a: Latias
|-supereffective|p1a: Latias
|-damage|p1a: Latias|75\/305
|
|turn|8
|
|move|p1a: Latias|Draco Meteor|p2a: Bisharp
|-resisted|p2a: Bisharp
|-damage|p2a: Bisharp|0 fnt
|-unboost|p1a: Latias|spa|2
|-damage|p1a: Latias|45\/305|[from] item: Life Orb
|faint|p2a: Bisharp
|
|c|âhaxiom ou|i losed 2x
|c|âhaxiom ou|owell
|
|switch|p2a: Landorus-Therian|Landorus-Therian, M|319\/319
|-ability|p2a: Landorus-Therian|Intimidate|[of] p1a: Latias
|-unboost|p1a: Latias|atk|1
|turn|9
|
|switch|p1a: Landorus-Therian|Landorus-Therian, M|319\/319
|-ability|p1a: Landorus-Therian|Intimidate|[of] p2a: Landorus-Therian
|-unboost|p2a: Landorus-Therian|atk|1
|move|p2a: Landorus-Therian|U-turn|p1a: Landorus-Therian
|-crit|p1a: Landorus-Therian
|-resisted|p1a: Landorus-Therian
|-damage|p1a: Landorus-Therian|250\/319
|
|switch|p2a: Keldeo|Keldeo|185\/323
|
|turn|10
|
|move|p1a: Landorus-Therian|Earthquake|p2a: Keldeo
|-damage|p2a: Keldeo|0 fnt
|faint|p2a: Keldeo
|
|
|switch|p2a: Thundurus|Thundurus, M|304\/304
|turn|11
|
|switch|p1a: Heather|Heatran, F|327\/327
|-item|p1a: Heather|Air Balloon
|move|p2a: Thundurus|Thunderbolt|p1a: Heather
|-damage|p1a: Heather|136\/327
|-enditem|p1a: Heather|Air Balloon
|-damage|p2a: Thundurus|274\/304|[from] item: Life Orb
|
|turn|12
|
|move|p2a: Thundurus|Thunderbolt|p1a: Heather
|-crit|p1a: Heather
|-damage|p1a: Heather|0 fnt
|-damage|p2a: Thundurus|244\/304|[from] item: Life Orb
|faint|p1a: Heather
|
|
|switch|p1a: Thundurus|Thundurus, M|270\/299
|turn|13
|
|move|p1a: Thundurus|Hidden Power|p2a: Thundurus
|-supereffective|p2a: Thundurus
|-damage|p2a: Thundurus|36\/304
|-damage|p1a: Thundurus|241\/299|[from] item: Life Orb
|move|p2a: Thundurus|Thunderbolt|p1a: Thundurus
|-damage|p1a: Thundurus|14\/299
|-damage|p2a: Thundurus|6\/304|[from] item: Life Orb
|
|turn|14
|
|switch|p1a: Latias|Latias, F|45\/305
|move|p2a: Thundurus|Thunderbolt|p1a: Latias
|-resisted|p1a: Latias
|-damage|p1a: Latias|0 fnt
|-damage|p2a: Thundurus|0 fnt|[from] item: Life Orb
|faint|p1a: Latias
|faint|p2a: Thundurus
|
|
|switch|p1a: Landorus-Therian|Landorus-Therian, M|250\/319
|switch|p2a: Landorus-Therian|Landorus-Therian, M|319\/319
|-ability|p1a: Landorus-Therian|Intimidate|[of] p2a: Landorus-Therian
|-unboost|p2a: Landorus-Therian|atk|1
|-ability|p2a: Landorus-Therian|Intimidate|[of] p1a: Landorus-Therian
|-unboost|p1a: Landorus-Therian|atk|1
|turn|15
|
|move|p1a: Landorus-Therian|Knock Off|p2a: Landorus-Therian
|-damage|p2a: Landorus-Therian|237\/319
|-enditem|p2a: Landorus-Therian|Choice Scarf|[from] move: Knock Off|[of] p1a: Landorus-Therian
|move|p2a: Landorus-Therian|Stone Edge|p1a: Landorus-Therian
|-damage|p1a: Landorus-Therian|155\/319
|
|turn|16
|
|switch|p1a: Thundurus|Thundurus, M|14\/299
|move|p2a: Landorus-Therian|U-turn|p1a: Thundurus
|-resisted|p1a: Thundurus
|-damage|p1a: Thundurus|0 fnt
|faint|p1a: Thundurus
|
|switch|p2a: Metagross|Metagross-Mega|264\/301
|
|
|switch|p1a: Gyarados|Gyarados, M|333\/333
|-ability|p1a: Gyarados|Intimidate|[of] p2a: Metagross
|-unboost|p2a: Metagross|atk|1
|turn|17
|
|move|p2a: Metagross|Zen Headbutt|p1a: Gyarados
|-damage|p1a: Gyarados|159\/333
|move|p1a: Gyarados|Dragon Dance|p1a: Gyarados
|-boost|p1a: Gyarados|atk|1
|-boost|p1a: Gyarados|spe|1
|
|turn|18
|
|detailschange|p1a: Gyarados|Gyarados-Mega, M
|-mega|p1a: Gyarados|Gyarados|Gyaradosite
|-ability|p1a: Gyarados|Mold Breaker
|move|p1a: Gyarados|Crunch|p2a: Metagross
|-supereffective|p2a: Metagross
|-damage|p2a: Metagross|0 fnt
|faint|p2a: Metagross
|
|
|switch|p2a: Landorus-Therian|Landorus-Therian, M|237\/319
|-ability|p2a: Landorus-Therian|Intimidate|[of] p1a: Gyarados
|-unboost|p1a: Gyarados|atk|1
|turn|19
|
|move|p1a: Gyarados|Waterfall|p2a: Landorus-Therian
|-supereffective|p2a: Landorus-Therian
|-damage|p2a: Landorus-Therian|0 fnt
|faint|p2a: Landorus-Therian
|
|win|PK Mew
|raw|Ladder updating...
|c|âhaxiom ou|oh right i don't have a scarf
|raw|PK Mew's rating: 1319 &rarr; <strong>1342<\/strong><br \/>(+23 for winning)
|raw|haxiom ou's rating: 1374 &rarr; <strong>1351<\/strong><br \/>(-23 for losing)
|c|âhaxiom ou|gg
|c|âPK Mew|gg