|join|blacksol97
|join|ZZNN
|player|p1|blacksol97|70
|player|p2|ZZNN|2
|gametype|singles
|gen|6
|tier|OU
|rated
|clearpoke
|poke|p1|Gyarados, M, shiny
|poke|p1|Ferrothorn, F
|poke|p1|Sylveon, F, shiny
|poke|p1|Rotom-Wash
|poke|p1|Latios, M
|poke|p1|Talonflame, F
|poke|p2|Sableye, F
|poke|p2|Shedinja
|poke|p2|Chansey, F
|poke|p2|Latios, M
|poke|p2|Heatran, F
|poke|p2|Kyurem-Black
|rule|Swagger Clause: Swagger is banned
|rule|Baton Pass Clause: Limit one PokÃ©mon knowing Baton Pass
|rule|Sleep Clause Mod: Limit one foe put to sleep
|rule|Species Clause: Limit one of each PokÃ©mon
|rule|OHKO Clause: OHKO moves are banned
|rule|Moody Clause: Moody is banned
|rule|Evasion Moves Clause: Evasion moves are banned
|rule|Endless Battle Clause: Forcing endless battles is banned
|rule|HP Percentage Mod: HP is shown in percentages
|teampreview
|
|start
|switch|p1a: Holy Shrimp|Gyarados, M, shiny|332\/332
|switch|p2a: Sableye|Sableye, F|304\/304
|-ability|p1a: Holy Shrimp|Intimidate|[of] p2a: Sableye
|-unboost|p2a: Sableye|atk|1
|turn|1
|
|switch|p1a: Blue Waffle|Sylveon, F, shiny|394\/394
|detailschange|p2a: Sableye|Sableye-Mega, F
|message|Sableye has Mega Evolved into Mega Sableye!
|move|p2a: Sableye|Will-O-Wisp|p1a: Blue Waffle
|-status|p1a: Blue Waffle|brn
|
|-damage|p1a: Blue Waffle|345\/394 brn|[from] brn
|turn|2
|
|switch|p2a: Heatran|Heatran, F|323\/323
|move|p1a: Blue Waffle|Heal Bell|p1a: Blue Waffle
|-cureteam|p1a: Blue Waffle|[from] move: HealBell
|
|-heal|p1a: Blue Waffle|369\/394|[from] item: Leftovers
|turn|3
|
|switch|p1a: Holy Shrimp|Gyarados, M, shiny|332\/332
|-ability|p1a: Holy Shrimp|Intimidate|[of] p2a: Heatran
|-unboost|p2a: Heatran|atk|1
|move|p2a: Heatran|Overheat|p1a: Holy Shrimp
|-resisted|p1a: Holy Shrimp
|-damage|p1a: Holy Shrimp|155\/332
|-unboost|p2a: Heatran|spa|2
|
|turn|4
|
|switch|p2a: Latios|Latios, M|302\/302
|detailschange|p1a: Holy Shrimp|Gyarados-Mega, M, shiny
|message|Gyarados has Mega Evolved into Mega Gyarados!
|-ability|p1a: Holy Shrimp|Mold Breaker
|move|p1a: Holy Shrimp|Earthquake|p2a: Latios
|-damage|p2a: Latios|108\/302
|
|turn|5
|
|switch|p1a: Blue Waffle|Sylveon, F, shiny|369\/394
|move|p2a: Latios|Roost|p2a: Latios
|-heal|p2a: Latios|259\/302
|
|-heal|p1a: Blue Waffle|393\/394|[from] item: Leftovers
|turn|6
|
|switch|p2a: Heatran|Heatran, F|323\/323
|move|p1a: Blue Waffle|Wish|p1a: Blue Waffle
|
|-heal|p1a: Blue Waffle|394\/394|[from] item: Leftovers
|turn|7
|
|switch|p1a: Holy Shrimp|Gyarados-Mega, M, shiny|155\/332
|-ability|p1a: Holy Shrimp|Mold Breaker
|move|p2a: Heatran|Earth Power|p1a: Holy Shrimp
|-damage|p1a: Holy Shrimp|22\/332
|
|-heal|p1a: Holy Shrimp|219\/332|[from] move: Wish|[wisher] Blue Waffle
|turn|8
|
|switch|p2a: Shedinja|Shedinja|1\/1
|move|p1a: Holy Shrimp|Dragon Dance|p1a: Holy Shrimp
|-boost|p1a: Holy Shrimp|atk|1
|-boost|p1a: Holy Shrimp|spe|1
|
|turn|9
|
|move|p1a: Holy Shrimp|Crunch|p2a: Shedinja
|-supereffective|p2a: Shedinja
|-enditem|p2a: Shedinja|Focus Sash
|-damage|p2a: Shedinja|1\/1
|-unboost|p2a: Shedinja|def|1
|move|p2a: Shedinja|Will-O-Wisp|p1a: Holy Shrimp
|-status|p1a: Holy Shrimp|brn
|
|-damage|p1a: Holy Shrimp|178\/332 brn|[from] brn
|turn|10
|
|switch|p2a: Heatran|Heatran, F|323\/323
|move|p1a: Holy Shrimp|Crunch|p2a: Heatran
|-damage|p2a: Heatran|223\/323
|
|-damage|p1a: Holy Shrimp|137\/332 brn|[from] brn
|turn|11
|
|switch|p1a: Blue Waffle|Sylveon, F, shiny|394\/394
|switch|p2a: Shedinja|Shedinja|1\/1
|
|turn|12
|
|move|p2a: Shedinja|Swords Dance|p2a: Shedinja
|-boost|p2a: Shedinja|atk|2
|move|p1a: Blue Waffle|Heal Bell|p1a: Blue Waffle
|-cureteam|p1a: Blue Waffle|[from] move: HealBell
|
|turn|13
|
|switch|p1a: Sexy|Ferrothorn, F|352\/352
|move|p2a: Shedinja|Will-O-Wisp|p1a: Sexy
|-status|p1a: Sexy|brn
|
|-damage|p1a: Sexy|308\/352 brn|[from] brn
|turn|14
|
|switch|p2a: Sableye|Sableye-Mega, F|304\/304
|move|p1a: Sexy|Leech Seed|p2a: Sableye
|move|p2a: Sableye|Leech Seed|p1a: Sexy|[from]Magic Bounce
|-immune|p1a: Sexy|[msg]
|
|-heal|p1a: Sexy|330\/352 brn|[from] item: Leftovers
|-damage|p1a: Sexy|286\/352 brn|[from] brn
|turn|15
|
|switch|p2a: Heatran|Heatran, F|223\/323
|switch|p1a: Blue Waffle|Sylveon, F, shiny|394\/394
|
|turn|16
|
|move|p1a: Blue Waffle|Protect|p1a: Blue Waffle
|-singleturn|p1a: Blue Waffle|Protect
|move|p2a: Heatran|Overheat|p1a: Blue Waffle
|-activate|p1a: Blue Waffle|Protect
|
|turn|17
|
|move|p2a: Heatran|Overheat|p1a: Blue Waffle
|-damage|p1a: Blue Waffle|117\/394
|-unboost|p2a: Heatran|spa|2
|move|p1a: Blue Waffle|Heal Bell|p1a: Blue Waffle
|-cureteam|p1a: Blue Waffle|[from] move: HealBell
|
|-heal|p1a: Blue Waffle|141\/394|[from] item: Leftovers
|turn|18
|
|switch|p2a: Kyurem-Black|Kyurem-Black|391\/391
|-ability|p2a: Kyurem-Black|Teravolt
|move|p1a: Blue Waffle|Protect|p1a: Blue Waffle
|-fail|p1a: Blue Waffle
|
|-heal|p1a: Blue Waffle|165\/394|[from] item: Leftovers
|turn|19
|
|switch|p1a: Sexy|Ferrothorn, F|286\/352
|move|p2a: Kyurem-Black|Fusion Bolt|p1a: Sexy
|-resisted|p1a: Sexy
|-damage|p1a: Sexy|208\/352
|
|-heal|p1a: Sexy|230\/352|[from] item: Leftovers
|turn|20
|
|switch|p2a: Sableye|Sableye-Mega, F|304\/304
|switch|p1a: Blue Waffle|Sylveon, F, shiny|165\/394
|
|-heal|p1a: Blue Waffle|189\/394|[from] item: Leftovers
|turn|21
|
|switch|p2a: Kyurem-Black|Kyurem-Black|391\/391
|-ability|p2a: Kyurem-Black|Teravolt
|move|p1a: Blue Waffle|Wish|p1a: Blue Waffle
|
|-heal|p1a: Blue Waffle|213\/394|[from] item: Leftovers
|turn|22
|
|switch|p2a: Heatran|Heatran, F|223\/323
|move|p1a: Blue Waffle|Protect|p1a: Blue Waffle
|-fail|p1a: Blue Waffle
|
|-heal|p1a: Blue Waffle|394\/394|[from] move: Wish|[wisher] Blue Waffle
|turn|23
|
|move|p1a: Blue Waffle|Protect|p1a: Blue Waffle
|-singleturn|p1a: Blue Waffle|Protect
|move|p2a: Heatran|Flash Cannon|p1a: Blue Waffle
|-activate|p1a: Blue Waffle|Protect
|
|turn|24
|
|switch|p1a: Washington|Rotom-Wash|304\/304
|move|p2a: Heatran|Flash Cannon|p1a: Washington
|-resisted|p1a: Washington
|-damage|p1a: Washington|251\/304
|-unboost|p1a: Washington|spd|1
|
|-heal|p1a: Washington|270\/304|[from] item: Leftovers
|turn|25
|
|switch|p2a: Shedinja|Shedinja|1\/1
|move|p1a: Washington|Volt Switch|p2a: Shedinja
|-activate|p2a: Shedinja|ability: Wonder Guard
|
|-heal|p1a: Washington|289\/304|[from] item: Leftovers
|turn|26
|
|switch|p2a: Heatran|Heatran, F|223\/323
|move|p1a: Washington|Will-O-Wisp|p2a: Heatran
|-start|p2a: Heatran|ability: Flash Fire
|
|-heal|p1a: Washington|304\/304|[from] item: Leftovers
|turn|27
|
|move|p1a: Washington|Hydro Pump|p2a: Heatran|[miss]
|-miss|p1a: Washington|p2a: Heatran
|move|p2a: Heatran|Overheat|p1a: Washington
|-resisted|p1a: Washington
|-damage|p1a: Washington|0 fnt
|-unboost|p2a: Heatran|spa|2
|faint|p1a: Washington
|
|
|switch|p1a: Holy Shrimp|Gyarados-Mega, M, shiny|137\/332
|-ability|p1a: Holy Shrimp|Mold Breaker
|turn|28
|
|switch|p2a: Sableye|Sableye-Mega, F|304\/304
|move|p1a: Holy Shrimp|Dragon Dance|p1a: Holy Shrimp
|-boost|p1a: Holy Shrimp|atk|1
|-boost|p1a: Holy Shrimp|spe|1
|
|turn|29
|
|move|p1a: Holy Shrimp|Waterfall|p2a: Sableye
|-damage|p2a: Sableye|132\/304
|cant|p2a: Sableye|flinch
|
|turn|30
|
|switch|p2a: Shedinja|Shedinja|1\/1
|move|p1a: Holy Shrimp|Waterfall|p2a: Shedinja
|-damage|p2a: Shedinja|0 fnt
|faint|p2a: Shedinja
|
|
|switch|p2a: Kyurem-Black|Kyurem-Black|391\/391
|-ability|p2a: Kyurem-Black|Teravolt
|turn|31
|
|switch|p1a: Sexy|Ferrothorn, F|230\/352
|move|p2a: Kyurem-Black|Fusion Bolt|p1a: Sexy
|-resisted|p1a: Sexy
|-damage|p1a: Sexy|147\/352
|
|-heal|p1a: Sexy|169\/352|[from] item: Leftovers
|turn|32
|
|switch|p2a: Sableye|Sableye-Mega, F|132\/304
|switch|p1a: Blue Waffle|Sylveon, F, shiny|394\/394
|
|turn|33
|
|move|p1a: Blue Waffle|Wish|p1a: Blue Waffle
|move|p2a: Sableye|Recover|p2a: Sableye
|-heal|p2a: Sableye|284\/304
|
|turn|34
|
|switch|p1a: Holy Shrimp|Gyarados-Mega, M, shiny|137\/332
|-ability|p1a: Holy Shrimp|Mold Breaker
|switch|p2a: Heatran|Heatran, F|223\/323
|
|-heal|p1a: Holy Shrimp|332\/332|[from] move: Wish|[wisher] Blue Waffle
|turn|35
|
|switch|p2a: Kyurem-Black|Kyurem-Black|391\/391
|-ability|p2a: Kyurem-Black|Teravolt
|move|p1a: Holy Shrimp|Earthquake|p2a: Kyurem-Black
|-damage|p2a: Kyurem-Black|221\/391
|
|turn|36
|
|switch|p1a: Big Brother|Latios, M|302\/302
|move|p2a: Kyurem-Black|Outrage|p1a: Big Brother
|-supereffective|p1a: Big Brother
|-damage|p1a: Big Brother|0 fnt
|faint|p1a: Big Brother
|
|
|switch|p1a: Blue Waffle|Sylveon, F, shiny|394\/394
|turn|37
|
|move|p2a: Kyurem-Black|Outrage|p1a: Blue Waffle
|-immune|p1a: Blue Waffle|[msg]
|move|p1a: Blue Waffle|Hyper Voice|p2a: Kyurem-Black
|-supereffective|p2a: Kyurem-Black
|-damage|p2a: Kyurem-Black|0 fnt
|faint|p2a: Kyurem-Black
|
|
|switch|p2a: Heatran|Heatran, F|223\/323
|turn|38
|
|move|p1a: Blue Waffle|Protect|p1a: Blue Waffle
|-singleturn|p1a: Blue Waffle|Protect
|move|p2a: Heatran|Overheat|p1a: Blue Waffle
|-activate|p1a: Blue Waffle|Protect
|
|turn|39
|
|move|p2a: Heatran|Overheat|p1a: Blue Waffle
|-damage|p1a: Blue Waffle|120\/394
|-unboost|p2a: Heatran|spa|2
|move|p1a: Blue Waffle|Wish|p1a: Blue Waffle
|
|-heal|p1a: Blue Waffle|144\/394|[from] item: Leftovers
|turn|40
|
|switch|p2a: Latios|Latios, M|259\/302
|move|p1a: Blue Waffle|Protect|p1a: Blue Waffle
|-fail|p1a: Blue Waffle
|
|-heal|p1a: Blue Waffle|341\/394|[from] move: Wish|[wisher] Blue Waffle
|-heal|p1a: Blue Waffle|365\/394|[from] item: Leftovers
|turn|41
|
|switch|p2a: Heatran|Heatran, F|223\/323
|move|p1a: Blue Waffle|Hyper Voice|p2a: Heatran
|-crit|p2a: Heatran
|-resisted|p2a: Heatran
|-damage|p2a: Heatran|168\/323
|
|-heal|p1a: Blue Waffle|389\/394|[from] item: Leftovers
|turn|42
|
|move|p1a: Blue Waffle|Protect|p1a: Blue Waffle
|-singleturn|p1a: Blue Waffle|Protect
|move|p2a: Heatran|Flash Cannon|p1a: Blue Waffle
|-activate|p1a: Blue Waffle|Protect
|
|-heal|p1a: Blue Waffle|394\/394|[from] item: Leftovers
|turn|43
|
|switch|p2a: Sableye|Sableye-Mega, F|284\/304
|switch|p1a: Holy Shrimp|Gyarados-Mega, M, shiny|332\/332
|-ability|p1a: Holy Shrimp|Mold Breaker
|
|turn|44
|
|switch|p1a: Birdramon|Talonflame, F|298\/298
|move|p2a: Sableye|Toxic|p1a: Birdramon
|-status|p1a: Birdramon|tox
|
|-damage|p1a: Birdramon|280\/298 tox|[from] psn
|turn|45
|
|switch|p2a: Heatran|Heatran, F|168\/323
|move|p1a: Birdramon|Brave Bird|p2a: Heatran
|-resisted|p2a: Heatran
|-damage|p2a: Heatran|69\/323
|-damage|p1a: Birdramon|247\/298 tox|[from] recoil|[of] p2a: Heatran
|
|-damage|p1a: Birdramon|211\/298 tox|[from] psn
|turn|46
|
|move|p1a: Birdramon|Brave Bird|p2a: Heatran
|-resisted|p2a: Heatran
|-damage|p2a: Heatran|0 fnt
|-damage|p1a: Birdramon|188\/298 tox|[from] recoil|[of] p2a: Heatran
|faint|p2a: Heatran
|
|-damage|p1a: Birdramon|134\/298 tox|[from] psn
|
|switch|p2a: Sableye|Sableye-Mega, F|284\/304
|turn|47
|
|switch|p1a: Blue Waffle|Sylveon, F, shiny|394\/394
|move|p2a: Sableye|Recover|p2a: Sableye
|-heal|p2a: Sableye|304\/304
|
|turn|48
|
|move|p1a: Blue Waffle|Wish|p1a: Blue Waffle
|move|p2a: Sableye|Toxic|p1a: Blue Waffle
|-status|p1a: Blue Waffle|tox
|
|-damage|p1a: Blue Waffle|370\/394 tox|[from] psn
|turn|49
|
|switch|p2a: Chansey|Chansey, F|642\/642
|move|p1a: Blue Waffle|Heal Bell|p1a: Blue Waffle
|-cureteam|p1a: Blue Waffle|[from] move: HealBell
|
|-heal|p1a: Blue Waffle|394\/394|[from] move: Wish|[wisher] Blue Waffle
|turn|50
|
|move|p1a: Blue Waffle|Wish|p1a: Blue Waffle
|move|p2a: Chansey|Seismic Toss|p1a: Blue Waffle
|-damage|p1a: Blue Waffle|294\/394
|
|-heal|p1a: Blue Waffle|318\/394|[from] item: Leftovers
|turn|51
|
|switch|p1a: Sexy|Ferrothorn, F|169\/352
|switch|p2a: Latios|Latios, M|259\/302
|
|-heal|p1a: Sexy|352\/352|[from] move: Wish|[wisher] Blue Waffle
|turn|52
|
|switch|p1a: Blue Waffle|Sylveon, F, shiny|318\/394
|move|p2a: Latios|Psyshock|p1a: Blue Waffle
|-damage|p1a: Blue Waffle|150\/394
|-damage|p2a: Latios|229\/302|[from] item: Life Orb
|
|-heal|p1a: Blue Waffle|174\/394|[from] item: Leftovers
|turn|53
|
|move|p1a: Blue Waffle|Protect|p1a: Blue Waffle
|-singleturn|p1a: Blue Waffle|Protect
|move|p2a: Latios|Psyshock|p1a: Blue Waffle
|-activate|p1a: Blue Waffle|Protect
|
|-heal|p1a: Blue Waffle|198\/394|[from] item: Leftovers
|turn|54
|
|switch|p1a: Sexy|Ferrothorn, F|352\/352
|move|p2a: Latios|Psyshock|p1a: Sexy
|-resisted|p1a: Sexy
|-damage|p1a: Sexy|292\/352
|-damage|p2a: Latios|199\/302|[from] item: Life Orb
|
|-heal|p1a: Sexy|314\/352|[from] item: Leftovers
|turn|55
|
|switch|p2a: Sableye|Sableye-Mega, F|304\/304
|move|p1a: Sexy|Gyro Ball|p2a: Sableye
|-damage|p2a: Sableye|268\/304
|
|-heal|p1a: Sexy|336\/352|[from] item: Leftovers
|turn|56
|
|switch|p1a: Blue Waffle|Sylveon, F, shiny|198\/394
|move|p2a: Sableye|Toxic|p1a: Blue Waffle
|-status|p1a: Blue Waffle|tox
|
|-heal|p1a: Blue Waffle|222\/394 tox|[from] item: Leftovers
|-damage|p1a: Blue Waffle|198\/394 tox|[from] psn
|turn|57
|
|switch|p2a: Latios|Latios, M|199\/302
|move|p1a: Blue Waffle|Wish|p1a: Blue Waffle
|
|-heal|p1a: Blue Waffle|222\/394 tox|[from] item: Leftovers
|-damage|p1a: Blue Waffle|174\/394 tox|[from] psn
|turn|58
|
|move|p1a: Blue Waffle|Protect|p1a: Blue Waffle
|-singleturn|p1a: Blue Waffle|Protect
|move|p2a: Latios|Draco Meteor|p1a: Blue Waffle
|-immune|p1a: Blue Waffle|[msg]
|
|-heal|p1a: Blue Waffle|371\/394 tox|[from] move: Wish|[wisher] Blue Waffle
|-heal|p1a: Blue Waffle|394\/394 tox|[from] item: Leftovers
|-damage|p1a: Blue Waffle|322\/394 tox|[from] psn
|turn|59
|
|move|p2a: Latios|Psyshock|p1a: Blue Waffle
|-damage|p1a: Blue Waffle|141\/394 tox
|-damage|p2a: Latios|169\/302|[from] item: Life Orb
|move|p1a: Blue Waffle|Heal Bell|p1a: Blue Waffle
|-cureteam|p1a: Blue Waffle|[from] move: HealBell
|
|-heal|p1a: Blue Waffle|165\/394|[from] item: Leftovers
|turn|60
|
|move|p1a: Blue Waffle|Protect|p1a: Blue Waffle
|-singleturn|p1a: Blue Waffle|Protect
|move|p2a: Latios|Psyshock|p1a: Blue Waffle
|-activate|p1a: Blue Waffle|Protect
|
|-heal|p1a: Blue Waffle|189\/394|[from] item: Leftovers
|turn|61
|
|switch|p2a: Chansey|Chansey, F|642\/642
|switch|p1a: Holy Shrimp|Gyarados-Mega, M, shiny|332\/332
|-ability|p1a: Holy Shrimp|Mold Breaker
|
|turn|62
|
|switch|p1a: Sexy|Ferrothorn, F|336\/352
|switch|p2a: Sableye|Sableye-Mega, F|268\/304
|
|-heal|p1a: Sexy|352\/352|[from] item: Leftovers
|turn|63
|
|switch|p1a: Blue Waffle|Sylveon, F, shiny|189\/394
|move|p2a: Sableye|Toxic|p1a: Blue Waffle
|-status|p1a: Blue Waffle|tox
|
|-heal|p1a: Blue Waffle|213\/394 tox|[from] item: Leftovers
|-damage|p1a: Blue Waffle|189\/394 tox|[from] psn
|turn|64
|
|switch|p2a: Chansey|Chansey, F|642\/642
|move|p1a: Blue Waffle|Wish|p1a: Blue Waffle
|
|-heal|p1a: Blue Waffle|213\/394 tox|[from] item: Leftovers
|-damage|p1a: Blue Waffle|165\/394 tox|[from] psn
|turn|65
|
|move|p1a: Blue Waffle|Protect|p1a: Blue Waffle
|-singleturn|p1a: Blue Waffle|Protect
|move|p2a: Chansey|Seismic Toss|p1a: Blue Waffle
|-activate|p1a: Blue Waffle|Protect
|
|-heal|p1a: Blue Waffle|362\/394 tox|[from] move: Wish|[wisher] Blue Waffle
|-heal|p1a: Blue Waffle|386\/394 tox|[from] item: Leftovers
|-damage|p1a: Blue Waffle|314\/394 tox|[from] psn
|turn|66
|
|move|p1a: Blue Waffle|Heal Bell|p1a: Blue Waffle
|-cureteam|p1a: Blue Waffle|[from] move: HealBell
|move|p2a: Chansey|Seismic Toss|p1a: Blue Waffle
|-damage|p1a: Blue Waffle|214\/394
|
|-heal|p1a: Blue Waffle|238\/394|[from] item: Leftovers
|turn|67
|
|move|p1a: Blue Waffle|Wish|p1a: Blue Waffle
|move|p2a: Chansey|Wish|p2a: Chansey
|
|-heal|p1a: Blue Waffle|262\/394|[from] item: Leftovers
|turn|68
|
|switch|p1a: Birdramon|Talonflame, F|134\/298
|switch|p2a: Sableye|Sableye-Mega, F|268\/304
|
|-heal|p1a: Birdramon|298\/298|[from] move: Wish|[wisher] Blue Waffle
|-heal|p2a: Sableye|304\/304|[from] move: Wish|[wisher] Chansey
|turn|69
|
|move|p1a: Birdramon|Brave Bird|p2a: Sableye
|-crit|p2a: Sableye
|-damage|p2a: Sableye|54\/304
|-damage|p1a: Birdramon|215\/298|[from] recoil|[of] p2a: Sableye
|move|p2a: Sableye|Toxic|p1a: Birdramon
|-status|p1a: Birdramon|tox
|
|-damage|p1a: Birdramon|197\/298 tox|[from] psn
|turn|70
|
|switch|p2a: Latios|Latios, M|169\/302
|move|p1a: Birdramon|Brave Bird|p2a: Latios
|-crit|p2a: Latios
|-damage|p2a: Latios|0 fnt
|-damage|p1a: Birdramon|141\/298 tox|[from] recoil|[of] p2a: Latios
|faint|p2a: Latios
|
|-damage|p1a: Birdramon|105\/298 tox|[from] psn
|
|switch|p2a: Chansey|Chansey, F|642\/642
|turn|71
|
|move|p1a: Birdramon|Brave Bird|p2a: Chansey
|-damage|p2a: Chansey|303\/642
|-damage|p1a: Birdramon|0 fnt|[from] recoil|[of] p2a: Chansey
|faint|p1a: Birdramon
|move|p2a: Chansey|Wish|p2a: Chansey
|
|
|switch|p1a: Holy Shrimp|Gyarados-Mega, M, shiny|332\/332
|-ability|p1a: Holy Shrimp|Mold Breaker
|turn|72
|
|move|p1a: Holy Shrimp|Waterfall|p2a: Chansey
|-damage|p2a: Chansey|51\/642
|move|p2a: Chansey|Seismic Toss|p1a: Holy Shrimp
|-damage|p1a: Holy Shrimp|232\/332
|
|-heal|p2a: Chansey|372\/642|[from] move: Wish|[wisher] Chansey
|turn|73
|-message|ZZNN forfeited.
|
|win|blacksol97
|raw|Ladder updating...
|leave|ZZNN
|player|p2
|raw|blacksol97's rating: 1353 &rarr; <strong>1372<\/strong><br \/>(+19 for winning)
|raw|ZZNN's rating: 1347 &rarr; <strong>1327<\/strong><br \/>(-20 for losing)
|c|âblacksol97|gg