|join|Swagtaria
|join|ERRMWHAT
|player|p1|Swagtaria|99
|player|p2|ERRMWHAT|161
|gametype|singles
|gen|6
|tier|UU
|rated
|rule|Sleep Clause Mod: Limit one foe put to sleep
|rule|Species Clause: Limit one of each PokÃ©mon
|rule|OHKO Clause: OHKO moves are banned
|rule|Moody Clause: Moody is banned
|rule|Evasion Moves Clause: Evasion moves are banned
|rule|Endless Battle Clause: Forcing endless battles is banned
|rule|HP Percentage Mod: HP is shown in percentages
|clearpoke
|poke|p1|Krookodile, M
|poke|p1|Mienshao, F
|poke|p1|Whimsicott, F
|poke|p1|Blastoise, M
|poke|p1|Rotom-Heat
|poke|p1|Jirachi
|poke|p2|Trevenant, M
|poke|p2|Entei, shiny
|poke|p2|Blastoise, F
|poke|p2|Nidoqueen, F
|poke|p2|Jirachi
|poke|p2|Machamp, M
|rule|Swagger Clause: Swagger is banned
|rule|Baton Pass Clause: Limit one PokÃ©mon knowing Baton Pass
|teampreview
|c|âSwagtaria|Well well well...
|c|âERRMWHAT|^^
|c|âERRMWHAT|gl
|c|âSwagtaria|If it isn't you again. u2 gl
|
|start
|switch|p1a: Mienshao|Mienshao, F|272\/272
|switch|p2a: Nidoqueen|Nidoqueen, F|384\/384
|turn|1
|c|âERRMWHAT|me?
|c|âSwagtaria|Yeah
|c|âERRMWHAT|i don't remember
|join|RustyEspur
|c|âERRMWHAT|:X
|c|âSwagtaria|I battled you in a match moments ago
|c|âERRMWHAT|i had the team with qwilfish right?N
|c|âSwagtaria|Oui
|c|âERRMWHAT|ahh un franÃ§ais
|c|âERRMWHAT|lol
|c| RustyEspur|lol i remember this guy too
|c|âERRMWHAT|i don't omg
|c| RustyEspur|cos his name is swag
|c|âERRMWHAT|i have a grandma brain
|c|âERRMWHAT|lolol
|c| RustyEspur|lol
|c|âSwagtaria|lelz
|
|move|p1a: Mienshao|U-turn|p2a: Nidoqueen
|-resisted|p2a: Nidoqueen
|-damage|p2a: Nidoqueen|352\/384
|
|switch|p1a: Blastoise|Blastoise, M|345\/345
|move|p2a: Nidoqueen|Toxic Spikes|p1a: Blastoise
|-sidestart|p1: Swagtaria|move: Toxic Spikes
|
|-heal|p2a: Nidoqueen|376\/384|[from] item: Black Sludge
|turn|2
|c|âERRMWHAT|wtf dude
|c|âERRMWHAT|the way you put the moves
|c|âERRMWHAT|bugs me
|c|âERRMWHAT|toxic spikes then equake then rocks
|c|âERRMWHAT|><
|c| RustyEspur|lol
|c|âERRMWHAT|not organisated at all
|c| RustyEspur|its the way i do things!
|c| RustyEspur|!!
|c|âSwagtaria|T-Spikes
|c|âSwagtaria|Probably the biggest threat to the tea,
|c|âSwagtaria|team
|c|âERRMWHAT|yep
|
|switch|p2a: Trevenant|Trevenant, M|374\/374
|detailschange|p1a: Blastoise|Blastoise-Mega, M
|-mega|p1a: Blastoise|Blastoise|Blastoisinite
|move|p1a: Blastoise|Rapid Spin|p2a: Trevenant
|-immune|p2a: Trevenant|[msg]
|
|turn|3
|
|move|p1a: Blastoise|Dark Pulse|p2a: Trevenant
|-supereffective|p2a: Trevenant
|-damage|p2a: Trevenant|100\/374
|-enditem|p2a: Trevenant|Sitrus Berry|[eat]
|-heal|p2a: Trevenant|193\/374|[from] item: Sitrus Berry
|move|p2a: Trevenant|Horn Leech|p1a: Blastoise
|-supereffective|p1a: Blastoise
|-damage|p1a: Blastoise|189\/345
|-heal|p2a: Trevenant|271\/374|[from] drain|[of] p1a: Blastoise
|
|turn|4
|c|âERRMWHAT|lolol
|
|switch|p1a: Jirachi|Jirachi|401\/401
|move|p2a: Trevenant|Horn Leech|p1a: Jirachi
|-resisted|p1a: Jirachi
|-damage|p1a: Jirachi|353\/401
|-heal|p2a: Trevenant|295\/374|[from] drain|[of] p1a: Jirachi
|
|-heal|p1a: Jirachi|378\/401|[from] item: Leftovers
|turn|5
|c| RustyEspur|lol
|
|switch|p2a: Nidoqueen|Nidoqueen, F|376\/384
|move|p1a: Jirachi|Stealth Rock|p2a: Nidoqueen
|-sidestart|p2: ERRMWHAT|move: Stealth Rock
|
|-heal|p1a: Jirachi|401\/401|[from] item: Leftovers
|-heal|p2a: Nidoqueen|384\/384|[from] item: Black Sludge
|turn|6
|
|move|p1a: Jirachi|U-turn|p2a: Nidoqueen
|-resisted|p2a: Nidoqueen
|-damage|p2a: Nidoqueen|364\/384
|c|âERRMWHAT|dhittt
|
|switch|p1a: Blastoise|Blastoise-Mega, M|189\/345
|-status|p1a: Blastoise|psn
|move|p2a: Nidoqueen|Toxic Spikes|p1a: Blastoise
|-sidestart|p1: Swagtaria|move: Toxic Spikes
|
|-heal|p2a: Nidoqueen|384\/384|[from] item: Black Sludge
|-damage|p1a: Blastoise|146\/345 psn|[from] psn
|turn|7
|c|âERRMWHAT|i fkn missclicked
|c|âERRMWHAT|lolol
|c|âERRMWHAT|wanted to put the rocks
|c| RustyEspur|lol
|
|switch|p2a: Trevenant|Trevenant, M|295\/374
|-damage|p2a: Trevenant|249\/374|[from] Stealth Rock
|move|p1a: Blastoise|Rapid Spin|p2a: Trevenant
|-immune|p2a: Trevenant|[msg]
|
|-damage|p1a: Blastoise|103\/345 psn|[from] psn
|turn|8
|
|switch|p1a: Rotom-Heat|Rotom-Heat|303\/303
|move|p2a: Trevenant|Protect|p2a: Trevenant
|-fail|p2a: Trevenant
|
|-item|p2a: Trevenant|Sitrus Berry|[from] ability: Harvest
|turn|9
|c|âERRMWHAT|aw
|c| RustyEspur|ikr
|
|move|p2a: Trevenant|Protect|p2a: Trevenant
|-singleturn|p2a: Trevenant|Protect
|move|p1a: Rotom-Heat|Will-O-Wisp|p2a: Trevenant
|-activate|p2a: Trevenant|Protect
|
|turn|10
|c| RustyEspur|he outsped
|c| RustyEspur|didnt he
|c|âERRMWHAT|since the zygarde ban everyone be rocking the rotom-h
|c|âERRMWHAT|lol
|c| RustyEspur|lol
|
|switch|p2a: Legitasfk|Machamp, M|364\/364
|-damage|p2a: Legitasfk|342\/364|[from] Stealth Rock
|move|p1a: Rotom-Heat|Will-O-Wisp|p2a: Legitasfk
|-status|p2a: Legitasfk|brn
|
|-damage|p2a: Legitasfk|297\/364 brn|[from] brn
|turn|11
|c| RustyEspur|nooooooooo
|c| RustyEspur|:[[[
|c|âERRMWHAT|...
|c| RustyEspur|useless champ
|c|âSwagtaria|If this one is Guts Champ...
|
|move|p1a: Rotom-Heat|Volt Switch|p2a: Legitasfk
|-damage|p2a: Legitasfk|236\/364 brn
|c| RustyEspur|guts dynamic
|c| RustyEspur|!!
|
|switch|p1a: Whimsicott|Whimsicott, F|263\/263
|-status|p1a: Whimsicott|tox
|move|p2a: Legitasfk|Close Combat|p1a: Whimsicott
|-resisted|p1a: Whimsicott
|-damage|p1a: Whimsicott|47\/263 tox
|-unboost|p2a: Legitasfk|def|1
|-unboost|p2a: Legitasfk|spd|1
|
|-heal|p1a: Whimsicott|63\/263 tox|[from] item: Leftovers
|-damage|p1a: Whimsicott|47\/263 tox|[from] psn
|-damage|p2a: Legitasfk|191\/364 brn|[from] brn
|turn|12
|c|âERRMWHAT|fkn rekt
|c|âSwagtaria|it is AV
|c| RustyEspur|band imo
|
|switch|p2a: Jirachi|Jirachi|341\/341
|-damage|p2a: Jirachi|320\/341|[from] Stealth Rock
|move|p1a: Whimsicott|Moonblast|p2a: Jirachi
|-resisted|p2a: Jirachi
|-damage|p2a: Jirachi|260\/341
|-unboost|p2a: Jirachi|spa|1
|
|-heal|p1a: Whimsicott|63\/263 tox|[from] item: Leftovers
|-damage|p1a: Whimsicott|31\/263 tox|[from] psn
|turn|13
|c|âSwagtaria|Banded?
|c|âERRMWHAT|maybe
|c|âERRMWHAT|:p
|c|âSwagtaria|Well I can assume that
|
|move|p2a: Jirachi|U-turn|p1a: Whimsicott
|-damage|p1a: Whimsicott|0 fnt
|faint|p1a: Whimsicott
|
|switch|p2a: Nidoqueen|Nidoqueen, F|384\/384
|-damage|p2a: Nidoqueen|360\/384|[from] Stealth Rock
|
|-heal|p2a: Nidoqueen|384\/384|[from] item: Black Sludge
|
|switch|p1a: Krookodile|Krookodile, M|345\/345
|-status|p1a: Krookodile|tox
|turn|14
|c|âSwagtaria|Yeah. It is band
|c|âERRMWHAT|lolol
|c|âSwagtaria|I calced it
|c| RustyEspur|lol
|c|âERRMWHAT|oh wait
|c|âERRMWHAT|are you the one with double scarf?
|c|âERRMWHAT|shao and krook?
|c|âERRMWHAT|lol i think i remember
|c| RustyEspur|LOL
|c|âERRMWHAT|hahaha
|c|âSwagtaria|why
|
|move|p1a: Krookodile|Knock Off|p2a: Nidoqueen
|-damage|p2a: Nidoqueen|264\/384
|-enditem|p2a: Nidoqueen|Black Sludge|[from] move: Knock Off|[of] p1a: Krookodile
|move|p2a: Nidoqueen|Ice Beam|p1a: Krookodile
|-supereffective|p1a: Krookodile
|-damage|p1a: Krookodile|159\/345 tox
|
|-damage|p1a: Krookodile|138\/345 tox|[from] psn
|turn|15
|c|âERRMWHAT|think i lost
|c| RustyEspur|balls
|
|switch|p1a: Blastoise|Blastoise-Mega, M|103\/345 psn
|move|p2a: Nidoqueen|Stealth Rock|p1a: Blastoise
|-sidestart|p1: Swagtaria|move: Stealth Rock
|
|-damage|p1a: Blastoise|60\/345 psn|[from] psn
|turn|16
|c|âSwagtaria|Man, I could've used my other variant of this team
|
|switch|p2a: Trevenant|Trevenant, M|249\/374
|-damage|p2a: Trevenant|203\/374|[from] Stealth Rock
|move|p1a: Blastoise|Dark Pulse|p2a: Trevenant
|-supereffective|p2a: Trevenant
|-damage|p2a: Trevenant|0 fnt
|faint|p2a: Trevenant
|
|-damage|p1a: Blastoise|17\/345 psn|[from] psn
|c|âERRMWHAT|:X
|c| RustyEspur|noooo
|c| RustyEspur|trev
|c|âERRMWHAT|just the team team espur
|c|âERRMWHAT|called
|c| RustyEspur|?
|c|âSwagtaria|I had a Nidoqueen over Scarf Krook on the other.
|
|switch|p2a: Jirachi|Jirachi|260\/341
|-damage|p2a: Jirachi|239\/341|[from] Stealth Rock
|turn|17
|c| RustyEspur|team team?
|c|âERRMWHAT|would fit better yeah
|c|âERRMWHAT|no
|c|âERRMWHAT|i called the team "team espur"
|c| RustyEspur|LOL
|
|switch|p1a: Jirachi|Jirachi|401\/401
|-damage|p1a: Jirachi|376\/401|[from] Stealth Rock
|move|p2a: Jirachi|U-turn|p1a: Jirachi
|-damage|p1a: Jirachi|310\/401
|
|switch|p2a: Blastoise|Blastoise, F|345\/345
|-damage|p2a: Blastoise|302\/345|[from] Stealth Rock
|
|-heal|p1a: Jirachi|335\/401|[from] item: Leftovers
|turn|18
|c|âERRMWHAT|omg did you just
|c|âERRMWHAT|put rapid spin as the first mov
|
|detailschange|p2a: Blastoise|Blastoise-Mega, F
|-mega|p2a: Blastoise|Blastoise|Blastoisinite
|move|p1a: Jirachi|Healing Wish|p1a: Jirachi
|faint|p1a: Jirachi
|move|p2a: Blastoise|Rapid Spin|p1: Jirachi|[notarget]
|-notarget
|
|c| RustyEspur|lol
|c|âERRMWHAT|dang
|
|switch|p1a: Blastoise|Blastoise-Mega, M|17\/345 psn
|-heal|p1a: Blastoise|345\/345|[from] move: Healing Wish
|-damage|p1a: Blastoise|302\/345|[from] Stealth Rock
|-status|p1a: Blastoise|tox
|turn|19
|c| RustyEspur|whats wrong with that
|c|âERRMWHAT|i got rekt
|c|âERRMWHAT|hard
|c| RustyEspur|rekt
|c|âERRMWHAT|by brokenrachi
|c| RustyEspur|:[
|c|âSwagtaria|Totally needed this thing on the heals
|
|move|p1a: Blastoise|Rapid Spin|p2a: Blastoise
|-damage|p2a: Blastoise|290\/345
|-sideend|p1: Swagtaria|Toxic Spikes|[from] move: Rapid Spin|[of] p1a: Blastoise
|-sideend|p1: Swagtaria|Stealth Rock|[from] move: Rapid Spin|[of] p1a: Blastoise
|move|p2a: Blastoise|Rapid Spin|p1a: Blastoise
|-damage|p1a: Blastoise|288\/345 tox
|-sideend|p2: ERRMWHAT|Stealth Rock|[from] move: Rapid Spin|[of] p2a: Blastoise
|
|-damage|p1a: Blastoise|267\/345 tox|[from] psn
|turn|20
|c|âERRMWHAT|lol
|c| RustyEspur|spin each other
|c| RustyEspur|:[
|c|âERRMWHAT|we happy spinners
|c|âSwagtaria|We needed it
|c| RustyEspur|yay!
|c|âSwagtaria|Especially for me
|c|âERRMWHAT|lol
|c|âERRMWHAT|more you
|
|move|p2a: Blastoise|Dark Pulse|p1a: Blastoise
|-damage|p1a: Blastoise|131\/345 tox
|move|p1a: Blastoise|Dark Pulse|p2a: Blastoise
|-damage|p2a: Blastoise|142\/345
|
|-damage|p1a: Blastoise|89\/345 tox|[from] psn
|turn|21
|c|âSwagtaria|Yeah, cause this variant of my team hates T-Spikes
|c| RustyEspur|zero
|
|switch|p1a: Rotom-Heat|Rotom-Heat|303\/303
|move|p2a: Blastoise|Dark Pulse|p1a: Rotom-Heat
|-damage|p1a: Rotom-Heat|152\/303
|
|-heal|p1a: Rotom-Heat|170\/303|[from] item: Leftovers
|turn|22
|c|âERRMWHAT|nidoqueen would fit probably better
|c|âERRMWHAT|here
|
|switch|p2a: Nidoqueen|Nidoqueen, F|264\/384
|move|p1a: Rotom-Heat|Will-O-Wisp|p2a: Nidoqueen
|-status|p2a: Nidoqueen|brn
|
|-heal|p1a: Rotom-Heat|188\/303|[from] item: Leftovers
|-damage|p2a: Nidoqueen|216\/384 brn|[from] brn
|turn|23
|c|âERRMWHAT|grr
|
|switch|p2a: Entei|Entei, shiny|371\/371
|-ability|p2a: Entei|Pressure
|move|p1a: Rotom-Heat|Overheat|p2a: Entei
|-resisted|p2a: Entei
|-damage|p2a: Entei|272\/371
|-unboost|p1a: Rotom-Heat|spa|2
|
|-heal|p1a: Rotom-Heat|206\/303|[from] item: Leftovers
|turn|24
|c| RustyEspur|yum
|
|move|p2a: Entei|Stone Edge|p1a: Rotom-Heat
|-supereffective|p1a: Rotom-Heat
|-damage|p1a: Rotom-Heat|0 fnt
|faint|p1a: Rotom-Heat
|
|
|switch|p1a: Krookodile|Krookodile, M|138\/345 tox
|turn|25
|
|switch|p2a: Nidoqueen|Nidoqueen, F|216\/384 brn
|move|p1a: Krookodile|Earthquake|p2a: Nidoqueen
|-supereffective|p2a: Nidoqueen
|-damage|p2a: Nidoqueen|0 fnt
|faint|p2a: Nidoqueen
|-boost|p1a: Krookodile|atk|1|[from] ability: Moxie
|
|-damage|p1a: Krookodile|117\/345 tox|[from] psn
|c| RustyEspur|at this point scarf rachi wins
|c|âERRMWHAT|maybe i shouldnt have done that$
|c|âERRMWHAT|no
|c|âERRMWHAT|i needed it for shao
|
|switch|p2a: Entei|Entei, shiny|272\/371
|-ability|p2a: Entei|Pressure
|turn|26
|
|move|p2a: Entei|Extreme Speed|p1a: Krookodile
|-damage|p1a: Krookodile|0 fnt
|faint|p1a: Krookodile
|
|c|âERRMWHAT|i fucked up
|
|switch|p1a: Mienshao|Mienshao, F|272\/272
|turn|27
|c| RustyEspur|lol
|c|âERRMWHAT|shiet
|
|move|p2a: Entei|Extreme Speed|p1a: Mienshao
|-damage|p1a: Mienshao|49\/272
|move|p1a: Mienshao|High Jump Kick|p2a: Entei
|-damage|p2a: Entei|0 fnt
|faint|p2a: Entei
|
|
|switch|p2a: Jirachi|Jirachi|239\/341
|turn|28
|c| RustyEspur|rachi!
|c| RustyEspur|live!
|c| RustyEspur|ur fat!
|c|âERRMWHAT|no
|
|move|p1a: Mienshao|High Jump Kick|p2a: Jirachi
|-damage|p2a: Jirachi|0 fnt
|faint|p2a: Jirachi
|
|c| RustyEspur|:[
|c|âSwagtaria|I calcs
|
|switch|p2a: Legitasfk|Machamp, M|191\/364 brn
|turn|29
|
|move|p1a: Mienshao|High Jump Kick|p2a: Legitasfk|[miss]
|-miss|p1a: Mienshao|p2a: Legitasfk
|-damage|p1a: Mienshao|0 fnt|[from] highjumpkick
|faint|p1a: Mienshao
|move|p2a: Legitasfk|Close Combat|p1: Mienshao|[notarget]
|-notarget
|
|-damage|p2a: Legitasfk|146\/364 brn|[from] brn
|c| RustyEspur|lol
|c|âERRMWHAT|lol
|c|âSwagtaria|JOIEOIWIURIEWOURIJDKLFJ
|c|âSwagtaria|IOWURIOEJLKWJRLK
|c|âERRMWHAT|was bound to happen
|c| RustyEspur|you had bullet punch
|c|âSwagtaria|RIOTRIOTRIOT
|c|âERRMWHAT|omg
|
|switch|p1a: Blastoise|Blastoise-Mega, M|89\/345 tox
|turn|30
|c| RustyEspur|why didnt you BP
|c|âERRMWHAT|fucking idiot i am
|c|âERRMWHAT|i had bpunch
|c|âERRMWHAT|lolol
|c|âERRMWHAT|omg
|
|move|p1a: Blastoise|Water Pulse|p2a: Legitasfk
|-damage|p2a: Legitasfk|8\/364 brn
|move|p2a: Legitasfk|Close Combat|p1a: Blastoise
|-crit|p1a: Blastoise
|-damage|p1a: Blastoise|0 fnt
|-unboost|p2a: Legitasfk|def|1
|-unboost|p2a: Legitasfk|spd|1
|faint|p1a: Blastoise
|
|win|ERRMWHAT
|raw|Ladder updating...
|c|âSwagtaria|Hope you're not adamant
|raw|Swagtaria's rating: 1382 &rarr; <strong>1363<\/strong><br \/>(-19 for losing)
|raw|ERRMWHAT's rating: 1398 &rarr; <strong>1417<\/strong><br \/>(+19 for winning)
|c| RustyEspur|av!
|c|âERRMWHAT|i am
|c|âERRMWHAT|lmao
|c|âERRMWHAT|wtf
|c|âSwagtaria|I mean you are
|c| RustyEspur|saving the day
|c|âSwagtaria|Sorry
|c|âERRMWHAT|i could have bpunched
|c|âERRMWHAT|i didnt
|c|âSwagtaria|That HJK miss!!!!!!
|c|âSwagtaria|GG
|c|âERRMWHAT|gg