|join|Kiyo
|join|LeoDamin
|player|p1|Kiyo|161
|player|p2|LeoDamin|266
|gametype|singles
|gen|4
|tier|[Gen 4] UU
|rule|Sleep Clause Mod: Limit one foe put to sleep
|rule|Species Clause: Limit one of each PokÃ©mon
|rule|OHKO Clause: OHKO moves are banned
|rule|Moody Clause: Moody is banned
|rule|Evasion Moves Clause: Evasion moves are banned
|rule|Endless Battle Clause: Forcing endless battles is banned
|rule|HP Percentage Mod: HP is shown in percentages
|
|start
|switch|p1a: Tauros|Tauros, M|292\/292
|switch|p2a: Goao12|Jumpluff, M|353\/353
|-ability|p1a: Tauros|Intimidate|[of] p2a: Goao12
|-unboost|p2a: Goao12|atk|1
|turn|1
|
|move|p1a: Tauros|Double-Edge|p2a: Goao12
|-damage|p2a: Goao12|0 fnt
|-damage|p1a: Tauros|176\/292|[from] recoil|[of] p2a: Goao12
|faint|p2a: Goao12
|
|join|MAMANess
|
|switch|p2a: Luz em 2011|Regirock|364\/364
|turn|2
|join|Red Skies
|leave|Red Skies
|
|switch|p1a: Sandslash|Sandslash, M|354\/354
|move|p2a: Luz em 2011|Stealth Rock|p1a: Sandslash
|-sidestart|p1: Kiyo|move: Stealth Rock
|
|turn|3
|join|proof of choice
|
|switch|p2a: DJ Stabwhisker|Glaceon, F|271\/271
|move|p1a: Sandslash|Rapid Spin|p2a: DJ Stabwhisker
|-damage|p2a: DJ Stabwhisker|249\/271
|-sideend|p1: Kiyo|Stealth Rock|[from] move: Rapid Spin|[of] p1a: Sandslash
|
|turn|4
|
|switch|p1a: Slowking|Slowking, F|394\/394
|move|p2a: DJ Stabwhisker|Baton Pass|p2a: DJ Stabwhisker
|
|switch|p2a: PIGWEYNE oo|Grumpig, F|363\/363
|
|turn|5
|
|switch|p1a: Haunter|Haunter, M|231\/231
|move|p2a: PIGWEYNE oo|Thunder Wave|p1a: Haunter
|-status|p1a: Haunter|par
|
|turn|6
|
|switch|p1a: Slowking|Slowking, F|394\/394
|move|p2a: PIGWEYNE oo|Psychic|p1a: Slowking
|-resisted|p1a: Slowking
|-damage|p1a: Slowking|351\/394
|
|turn|7
|
|move|p2a: PIGWEYNE oo|Light Screen|p2a: PIGWEYNE oo
|-sidestart|p2: LeoDamin|move: Light Screen
|move|p1a: Slowking|Nasty Plot|p1a: Slowking
|-boost|p1a: Slowking|spa|2
|
|turn|8
|
|move|p2a: PIGWEYNE oo|Thunder Wave|p1a: Slowking
|-status|p1a: Slowking|par
|move|p1a: Slowking|Surf|p2a: PIGWEYNE oo
|-crit|p2a: PIGWEYNE oo
|-damage|p2a: PIGWEYNE oo|0 fnt
|-damage|p1a: Slowking|312\/394 par|[from] item: Life Orb
|faint|p2a: PIGWEYNE oo
|
|c|âKiyo|sorry
|c|âLeoDamin|]:
|join|Disloyal Order
|c| MAMANess|2.0 crit
|c|âLeoDamin|yeah, it hurts
|
|switch|p2a: DJ Stabwhisker|Glaceon, F|249\/271
|turn|9
|
|move|p2a: DJ Stabwhisker|Shadow Ball|p1a: Slowking
|-supereffective|p1a: Slowking
|-damage|p1a: Slowking|126\/394 par
|cant|p1a: Slowking|par
|
|turn|10
|c| Disloyal Order|goo
|c| Disloyal Order|leeeo
|c| Disloyal Order|leeeo
|c| Disloyal Order|give me one l
|c|âLeoDamin|lol
|c| Disloyal Order|give me a e
|c| Disloyal Order|an e
|c| Disloyal Order|asleeeeeeeee
|c| Disloyal Order|leeooo
|
|switch|p2a: Luz em 2011|Regirock|364\/364
|move|p1a: Slowking|Psychic|p2a: Luz em 2011
|-damage|p2a: Luz em 2011|226\/364
|-damage|p1a: Slowking|87\/394 par|[from] item: Life Orb
|
|-heal|p2a: Luz em 2011|248\/364|[from] item: Leftovers
|turn|11
|c| MAMANess|yay
|
|move|p2a: Luz em 2011|Rock Slide|p1a: Slowking
|-miss|p2a: Luz em 2011|p1a: Slowking
|cant|p1a: Slowking|par
|
|-heal|p2a: Luz em 2011|270\/364|[from] item: Leftovers
|turn|12
|c| MAMANess|that rng
|c|âLeoDamin|my heart
|join|GoaoTwo
|c| proof of choice|good turn
|
|move|p2a: Luz em 2011|Rock Slide|p1a: Slowking
|-damage|p1a: Slowking|0 fnt
|faint|p1a: Slowking
|
|-heal|p2a: Luz em 2011|292\/364|[from] item: Leftovers
|leave|Disloyal Order
|
|switch|p1a: Sandslash|Sandslash, M|354\/354
|turn|13
|
|switch|p2a: Diogo mandou ficar|Gligar, F|271\/271
|move|p1a: Sandslash|Earthquake|p2a: Diogo mandou ficar
|-immune|p2a: Diogo mandou ficar|[msg]
|
|turn|14
|
|switch|p1a: Charizard|Charizard, M|297\/297
|move|p2a: Diogo mandou ficar|Swords Dance|p2a: Diogo mandou ficar
|-boost|p2a: Diogo mandou ficar|atk|2
|
|-sideend|p2: LeoDamin|move: Light Screen
|turn|15
|
|move|p1a: Charizard|Fire Blast|p2a: Diogo mandou ficar
|-damage|p2a: Diogo mandou ficar|0 fnt
|-damage|p1a: Charizard|268\/297|[from] item: Life Orb
|faint|p2a: Diogo mandou ficar
|
|c| GoaoTwo|KKKKKKKKK
|c| GoaoTwo|MAMOU
|
|switch|p2a: Luz em 2011|Regirock|292\/364
|turn|16
|c|âLeoDamin|porque eu tinha muito o que fazer nÃ©
|c|âLeoDamin|ehauhea
|
|switch|p1a: Sandslash|Sandslash, M|354\/354
|move|p2a: Luz em 2011|Stealth Rock|p1a: Sandslash
|-sidestart|p1: Kiyo|move: Stealth Rock
|
|-heal|p2a: Luz em 2011|314\/364|[from] item: Leftovers
|turn|17
|
|switch|p2a: DJ Stabwhisker|Glaceon, F|249\/271
|move|p1a: Sandslash|Rapid Spin|p2a: DJ Stabwhisker
|-damage|p2a: DJ Stabwhisker|229\/271
|-sideend|p1: Kiyo|Stealth Rock|[from] move: Rapid Spin|[of] p1a: Sandslash
|
|turn|18
|
|switch|p1a: Haunter|Haunter, M|231\/231 par
|move|p2a: DJ Stabwhisker|Ice Beam|p1a: Haunter
|-damage|p1a: Haunter|0 fnt
|faint|p1a: Haunter
|
|
|switch|p1a: Charizard|Charizard, M|268\/297
|turn|19
|
|move|p2a: DJ Stabwhisker|Ice Beam|p1a: Charizard
|-damage|p1a: Charizard|72\/297
|move|p1a: Charizard|Fire Blast|p2a: DJ Stabwhisker|[miss]
|-miss|p1a: Charizard|p2a: DJ Stabwhisker
|
|turn|20
|c|âLeoDamin|oh
|c|âLeoDamin|that sucked
|c| proof of choice|heheeeheheheehe
|c|âLeoDamin|]:
|
|move|p2a: DJ Stabwhisker|Ice Beam|p1a: Charizard
|-damage|p1a: Charizard|0 fnt
|faint|p1a: Charizard
|
|c|âLeoDamin|I mean, it makes up for that crit tho
|
|switch|p1a: Tauros|Tauros, M|176\/292
|-ability|p1a: Tauros|Intimidate|[of] p2a: DJ Stabwhisker
|-unboost|p2a: DJ Stabwhisker|atk|1
|turn|21
|
|move|p2a: DJ Stabwhisker|Ice Beam|p1a: Tauros
|-damage|p1a: Tauros|0 fnt
|faint|p1a: Tauros
|
|c|âKiyo|gg
|
|switch|p1a: Vileplume|Vileplume, M|354\/354
|turn|22
|c|âKiyo|i dont feel like playing 2 or 3 so take the win
|-message|Kiyo forfeited.
|c|âLeoDamin|sure
|leave|Kiyo
|
|move|p2a: DJ Stabwhisker|Ice Beam|p1a: Vileplume
|-supereffective|p1a: Vileplume
|-damage|p1a: Vileplume|72\/354
|move|p1a: Vileplume|Sludge Bomb|p2a: DJ Stabwhisker
|-damage|p2a: DJ Stabwhisker|123\/271
|-status|p2a: DJ Stabwhisker|psn
|
|-heal|p1a: Vileplume|94\/354|[from] item: Leftovers
|-damage|p2a: DJ Stabwhisker|90\/271 psn|[from] psn
|turn|23
|leave|proof of choice
|c|âLeoDamin|thanks
|
|win|LeoDamin
|player|p1
|leave|LeoDamin
|player|p2