|join|Sweep
|join|LeoDamin
|player|p1|Sweep|1
|player|p2|LeoDamin|87
|gametype|singles
|gen|4
|tier|[Gen 4] UU
|rule|Sleep Clause Mod: Limit one foe put to sleep
|rule|Species Clause: Limit one of each PokÃ©mon
|rule|OHKO Clause: OHKO moves are banned
|rule|Moody Clause: Moody is banned
|rule|Evasion Moves Clause: Evasion moves are banned
|rule|Endless Battle Clause: Forcing endless battles is banned
|rule|HP Percentage Mod: HP is shown in percentages
|
|start
|switch|p1a: Piloswine|Piloswine, M|403\/403
|switch|p2a: Goao12|Jumpluff, M|353\/353
|turn|1
|c|âLeoDamin|gl
|c|âLeoDamin|:]
|
|move|p2a: Goao12|Sleep Powder|p1a: Piloswine
|-status|p1a: Piloswine|slp
|cant|p1a: Piloswine|slp
|
|turn|2
|c|âSweep|you too
|join|LeoDamin's Ghoster
|
|move|p2a: Goao12|U-turn|p1a: Piloswine
|-damage|p1a: Piloswine|360\/403 slp
|
|switch|p2a: DJ e7e dobos|Poliwrath, F|322\/322
|cant|p1a: Piloswine|slp
|
|-heal|p1a: Piloswine|385\/403 slp|[from] item: Leftovers
|turn|3
|
|switch|p1a: Poliwrath|Poliwrath, M|321\/321
|move|p2a: DJ e7e dobos|Substitute|p2a: DJ e7e dobos
|-start|p2a: DJ e7e dobos|Substitute
|-damage|p2a: DJ e7e dobos|242\/322
|
|turn|4
|
|move|p2a: DJ e7e dobos|Belly Drum|p2a: DJ e7e dobos
|-damage|p2a: DJ e7e dobos|81\/322
|-setboost|p2a: DJ e7e dobos|atk|6|[from] move: Belly Drum
|move|p1a: Poliwrath|Return|p2a: DJ e7e dobos
|-end|p2a: DJ e7e dobos|Substitute
|
|turn|5
|c|âLeoDamin|wtf
|c|âLeoDamin|is wrong
|c|âLeoDamin|with
|c|âLeoDamin|my ivs
|c|âLeoDamin|D:
|c|âSweep|speed tie pls
|
|move|p1a: Poliwrath|Return|p2a: DJ e7e dobos
|-damage|p2a: DJ e7e dobos|0 fnt
|faint|p2a: DJ e7e dobos
|
|c|âLeoDamin|no
|c|âLeoDamin|my salac
|c|âSweep|that was fortunate
|c|âLeoDamin|berry
|c|âLeoDamin|no
|c|âLeoDamin|fuck
|c|âLeoDamin|my game
|c|âLeoDamin|D:
|
|switch|p2a: PIGWEYNE oo|Grumpig, M|363\/363
|turn|6
|c|âLeoDamin|That was unfortunate
|
|move|p1a: Poliwrath|Substitute|p1a: Poliwrath
|-start|p1a: Poliwrath|Substitute
|-damage|p1a: Poliwrath|241\/321
|move|p2a: PIGWEYNE oo|Thunder Wave|p1a: Poliwrath
|
|turn|7
|
|move|p1a: Poliwrath|Belly Drum|p1a: Poliwrath
|-damage|p1a: Poliwrath|81\/321
|-setboost|p1a: Poliwrath|atk|6|[from] move: Belly Drum
|move|p2a: PIGWEYNE oo|Psychic|p1a: Poliwrath
|-supereffective|p1a: Poliwrath
|-end|p1a: Poliwrath|Substitute
|
|turn|8
|c|âLeoDamin|]:
|c|âSweep|ah my ev's are fucked too
|c|âLeoDamin|how do you feel
|c|âSweep|rofl
|c|âLeoDamin|about restarting
|c|âLeoDamin|hahaha
|
|move|p1a: Poliwrath|Substitute|p1a: Poliwrath
|-start|p1a: Poliwrath|Substitute
|-damage|p1a: Poliwrath|1\/321
|-enditem|p1a: Poliwrath|Salac Berry|[eat]
|-boost|p1a: Poliwrath|spe|1|[from] item: Salac Berry
|move|p2a: PIGWEYNE oo|Psychic|p1a: Poliwrath
|-supereffective|p1a: Poliwrath
|-end|p1a: Poliwrath|Substitute
|
|turn|9
|c|âSweep|n we both messed up
|c|âLeoDamin|yeah
|
|move|p1a: Poliwrath|Waterfall|p2a: PIGWEYNE oo
|-damage|p2a: PIGWEYNE oo|0 fnt
|faint|p2a: PIGWEYNE oo
|
|c|âLeoDamin|it's bo3 tho, right?
|c|âSweep|yea
|
|switch|p2a: Goao12|Jumpluff, M|353\/353
|turn|10
|c|âLeoDamin|oh shit
|
|move|p1a: Poliwrath|Return|p2a: Goao12
|-damage|p2a: Goao12|0 fnt
|faint|p2a: Goao12
|
|c|âSweep|am i faster than this
|c|âSweep|ok phew
|c|âLeoDamin|I don't have my sash
|c|âLeoDamin|haha
|join|numquam vincar
|
|switch|p2a: Luz em 2011|Regirock|364\/364
|turn|11
|c|âLeoDamin|yeah, that's gg
|c|âSweep|gg
|
|move|p1a: Poliwrath|Waterfall|p2a: Luz em 2011
|-supereffective|p2a: Luz em 2011
|-damage|p2a: Luz em 2011|0 fnt
|faint|p2a: Luz em 2011
|
|c|âLeoDamin|I'll challenge you gain
|c|âSweep|ok
|c|âLeoDamin|lol
|-message|LeoDamin forfeited.
|
|win|Sweep
|c|âLeoDamin|sorry
|c|âLeoDamin|my net died
|c|âSweep|ok
|c|âSweep|np