|join|Sweep
|join|LeoDamin
|player|p1|Sweep|1
|player|p2|LeoDamin|87
|gametype|singles
|gen|4
|tier|[Gen 4] UU
|rule|Sleep Clause Mod: Limit one foe put to sleep
|rule|Species Clause: Limit one of each PokÃ©mon
|rule|OHKO Clause: OHKO moves are banned
|rule|Moody Clause: Moody is banned
|rule|Evasion Moves Clause: Evasion moves are banned
|rule|Endless Battle Clause: Forcing endless battles is banned
|rule|HP Percentage Mod: HP is shown in percentages
|
|start
|switch|p1a: Piloswine|Piloswine, F|403\/403
|switch|p2a: Goao12|Jumpluff, M|353\/353
|turn|1
|c|âLeoDamin|let's try this again
|join|numquam vincar
|
|move|p1a: Piloswine|Ice Shard|p2a: Goao12
|-supereffective|p2a: Goao12
|-damage|p2a: Goao12|0 fnt
|faint|p2a: Goao12
|
|c|âLeoDamin|oh shit
|c|âLeoDamin|hahaha
|c|âSweep|i should have done that last game
|c|âSweep|but thought you would switch
|c|âSweep|:p
|c|âSweep|so i got greedy and went for rocks
|c|âLeoDamin|makes sense
|
|switch|p2a: PIGWEYNE oo|Grumpig, F|363\/363
|turn|2
|c|âLeoDamin|Yeah, I completly forgot about ice shard, have tbh
|
|move|p2a: PIGWEYNE oo|Psychic|p1a: Piloswine
|-damage|p1a: Piloswine|252\/403
|move|p1a: Piloswine|Stealth Rock|p2a: PIGWEYNE oo
|-sidestart|p2: LeoDamin|move: Stealth Rock
|
|-heal|p1a: Piloswine|277\/403|[from] item: Leftovers
|turn|3
|
|move|p2a: PIGWEYNE oo|Psychic|p1a: Piloswine
|-damage|p1a: Piloswine|127\/403
|move|p1a: Piloswine|Earthquake|p2a: PIGWEYNE oo
|-crit|p2a: PIGWEYNE oo
|-damage|p2a: PIGWEYNE oo|0 fnt
|faint|p2a: PIGWEYNE oo
|
|-heal|p1a: Piloswine|152\/403|[from] item: Leftovers
|c|âLeoDamin|I hate
|c|âSweep|ugh sorry
|c|âLeoDamin|crits
|c|âLeoDamin|on gen4
|c|âLeoDamin|haha
|
|switch|p2a: DJ Stabwhisker|Glaceon, M|271\/271
|-damage|p2a: DJ Stabwhisker|204\/271|[from] Stealth Rock
|turn|4
|
|move|p2a: DJ Stabwhisker|Ice Beam|p1a: Piloswine
|-damage|p1a: Piloswine|0 fnt
|faint|p1a: Piloswine
|
|
|switch|p1a: Pinsir|Pinsir, M|271\/271
|-ability|p1a: Pinsir|Mold Breaker
|turn|5
|
|move|p1a: Pinsir|Close Combat|p2a: DJ Stabwhisker
|-crit|p2a: DJ Stabwhisker
|-supereffective|p2a: DJ Stabwhisker
|-damage|p2a: DJ Stabwhisker|0 fnt
|-unboost|p1a: Pinsir|def|1
|-unboost|p1a: Pinsir|spd|1
|faint|p2a: DJ Stabwhisker
|
|
|switch|p2a: Diogo mandou ficar|Gligar, F|271\/271
|-damage|p2a: Diogo mandou ficar|238\/271|[from] Stealth Rock
|turn|6
|
|switch|p1a: Porygon2|Porygon2|374\/374
|-boost|p1a: Porygon2|spa|1|[from] ability: Download
|move|p2a: Diogo mandou ficar|Swords Dance|p2a: Diogo mandou ficar
|-boost|p2a: Diogo mandou ficar|atk|2
|
|turn|7
|c|âLeoDamin|c'mon bat thing
|
|move|p2a: Diogo mandou ficar|Earthquake|p1a: Porygon2
|-damage|p1a: Porygon2|14\/374
|-damage|p2a: Diogo mandou ficar|211\/271|[from] item: Life Orb
|move|p1a: Porygon2|Ice Beam|p2a: Diogo mandou ficar
|-supereffective|p2a: Diogo mandou ficar
|-damage|p2a: Diogo mandou ficar|0 fnt
|faint|p2a: Diogo mandou ficar
|
|-heal|p1a: Porygon2|37\/374|[from] item: Leftovers
|c|âSweep|hmm
|c|âLeoDamin|aw
|c|âSweep|oh my lord
|c|âLeoDamin|you know when
|c|âSweep|that was probably a roll
|c|âLeoDamin|you're screwed
|c|âLeoDamin|]:
|c|âSweep|252 \/ 0
|
|switch|p2a: Luz em 2011|Regirock|364\/364
|-damage|p2a: Luz em 2011|319\/364|[from] Stealth Rock
|turn|8
|c|âSweep|physical bulk
|c|âLeoDamin|+2 252 Atk Life Orb Gligar Earthquake vs. 252 HP \/ 0 Def Porygon2: 322-379 (86 - 101.3%) -- 12.5% chance to OHKO
|c|âLeoDamin|it was a roll, yeah
|join|LeoDamin's Ghoster
|
|move|p1a: Porygon2|Ice Beam|p2a: Luz em 2011
|-damage|p2a: Luz em 2011|195\/364
|move|p2a: Luz em 2011|Thunder Wave|p1a: Porygon2
|-status|p1a: Porygon2|par
|
|-heal|p2a: Luz em 2011|217\/364|[from] item: Leftovers
|-heal|p1a: Porygon2|60\/374 par|[from] item: Leftovers
|turn|9
|c| numquam vincar|para de me sacrificar
|c| numquam vincar|em todos os jogos
|c|âLeoDamin|haha
|
|move|p2a: Luz em 2011|Stealth Rock|p1a: Porygon2
|-sidestart|p1: Sweep|move: Stealth Rock
|move|p1a: Porygon2|Tri Attack|p2a: Luz em 2011
|-resisted|p2a: Luz em 2011
|-damage|p2a: Luz em 2011|146\/364
|
|-heal|p2a: Luz em 2011|168\/364|[from] item: Leftovers
|-heal|p1a: Porygon2|83\/374 par|[from] item: Leftovers
|turn|10
|
|move|p2a: Luz em 2011|Rock Slide|p1a: Porygon2
|-damage|p1a: Porygon2|0 fnt
|faint|p1a: Porygon2
|
|-heal|p2a: Luz em 2011|190\/364|[from] item: Leftovers
|
|switch|p1a: Nidoqueen|Nidoqueen, F|383\/383
|-damage|p1a: Nidoqueen|360\/383|[from] Stealth Rock
|turn|11
|c|âLeoDamin|oh
|
|move|p1a: Nidoqueen|Earth Power|p2a: Luz em 2011
|-supereffective|p2a: Luz em 2011
|-damage|p2a: Luz em 2011|56\/364
|move|p2a: Luz em 2011|Explosion|p1a: Nidoqueen
|-damage|p1a: Nidoqueen|0 fnt
|faint|p2a: Luz em 2011
|faint|p1a: Nidoqueen
|
|c|âLeoDamin|that's going to hurt
|c|âSweep|nah no sheer force
|c|âLeoDamin|nice and gen4
|join|gfdsabvcxz
|
|switch|p2a: DJ e7e dobos|Poliwrath, F|321\/321
|switch|p1a: Drifblim|Drifblim, M|441\/441
|-damage|p2a: DJ e7e dobos|301\/321|[from] Stealth Rock
|-damage|p1a: Drifblim|331\/441|[from] Stealth Rock
|turn|12
|
|move|p2a: DJ e7e dobos|Substitute|p2a: DJ e7e dobos
|-start|p2a: DJ e7e dobos|Substitute
|-damage|p2a: DJ e7e dobos|221\/321
|move|p1a: Drifblim|Shadow Ball|p2a: DJ e7e dobos
|-end|p2a: DJ e7e dobos|Substitute
|
|turn|13
|c|âLeoDamin|aw
|c|âSweep|offensive cm chesto resto
|c|âSweep|unburden
|c|+TalkTakesTime|is this gen 4 nu not actually uu
|c|âSweep|6-0'd a stall team in my very first dpp nu match
|c|âSweep|ya it is NU
|c|âLeoDamin|lol
|
|move|p2a: DJ e7e dobos|Belly Drum|p2a: DJ e7e dobos
|-damage|p2a: DJ e7e dobos|61\/321
|-setboost|p2a: DJ e7e dobos|atk|6|[from] move: Belly Drum
|-enditem|p2a: DJ e7e dobos|Salac Berry|[eat]
|-boost|p2a: DJ e7e dobos|spe|1|[from] item: Salac Berry
|move|p1a: Drifblim|Shadow Ball|p2a: DJ e7e dobos
|-crit|p2a: DJ e7e dobos
|-damage|p2a: DJ e7e dobos|0 fnt
|faint|p2a: DJ e7e dobos
|
|win|Sweep
|c|âLeoDamin|gg
|c|âLeoDamin|I missplayed there
|c|âLeoDamin|shadow ball wouldn't have killed me
|c|âSweep|oh
|c|âLeoDamin|if I hadn't have subed
|c|âSweep|pinsir was scarf :p
|c|âLeoDamin|oh
|c|âSweep|sorry about all the BS
|c|âSweep|this series though
|c|âLeoDamin|haha
|c|âLeoDamin|np