|J|Ren-chon
|J|LeoDamin
|player|p1|Ren-chon|97
|player|p2|LeoDamin|87
|gametype|singles
|gen|6
|tier|UU
|rule|Sleep Clause Mod: Limit one foe put to sleep
|rule|Species Clause: Limit one of each PokÃ©mon
|rule|OHKO Clause: OHKO moves are banned
|rule|Moody Clause: Moody is banned
|rule|Evasion Moves Clause: Evasion moves are banned
|rule|Endless Battle Clause: Forcing endless battles is banned
|rule|HP Percentage Mod: HP is shown in percentages
|clearpoke
|poke|p1|Raikou
|poke|p1|Honchkrow, F
|poke|p1|Shaymin
|poke|p1|Empoleon, M
|poke|p1|Flygon, F
|poke|p1|Cresselia, F
|poke|p2|Raikou
|poke|p2|Pangoro, M
|poke|p2|Goodra, F
|poke|p2|Empoleon, F
|poke|p2|Flygon, F
|poke|p2|Celebi
|rule|Swagger Clause: Swagger is banned
|rule|Baton Pass Clause: Limit one PokÃ©mon knowing Baton Pass
|teampreview
|c|âLeoDamin|ok
|J|lighthouses
|J|ggggd
|c|âLeoDamin|eu nÃ£o sei
|c|+lighthouses|e esse time
|c|âLeoDamin|o que isso significa
|c|+lighthouses|UU aÃ­
|c|+lighthouses|AEHUEAHUAE
|c|âLeoDamin|heauehauhea
|c|âLeoDamin|caralho
|c|âLeoDamin|o mili
|J|Draco Meteora
|J|Tatsuma
|c|âLeoDamin|vai me quebrar
|c|âLeoDamin|no meio
|c|âLeoDamin|ehauehauehauhea
|J|Random du boiss
|c|+lighthouses|ele veio com sangue nos olhos
|c|âRen-chon|Rofl
|c|+lighthouses|olha isso
|J|Luz
|c| Random du boiss|isso Ã©]
|c|âLeoDamin|ele tem um paÃ§Ã¡ru mano
|
|start
|switch|p1a: Flygon|Flygon, F|301\/301
|switch|p2a: Empoleon|Empoleon, F|372\/372
|turn|1
|c| Random du boiss|NU do PO
|c| Random du boiss|?
|c|+lighthouses|lu
|c|âLeoDamin|LU
|J|o verdadeiro papa
|
|switch|p2a: Flygon|Flygon, F|301\/301
|move|p1a: Flygon|U-turn|p2a: Flygon
|-damage|p2a: Flygon|217\/301
|c| o verdadeiro papa|o,o
|c| o verdadeiro papa|gÃºdra
|c| Random du boiss|que diferente
|c| o verdadeiro papa|caras
|c| o verdadeiro papa|isso Ã© mesmo
|J|GoaoTwo
|c|+lighthouses|Ã© muito
|c|+lighthouses|ruim
|c| o verdadeiro papa|PO UU?
|c|+lighthouses|esse meta
|c|+lighthouses|cara AEHUEHUA
|c|+ggggd|NU do PO Ã© mo estranho
|c|âLeoDamin|LU
|
|switch|p1a: Cresselia|Cresselia, F|443\/443
|
|turn|2
|c|âLeoDamin|heauheuahea
|c| Random du boiss|LU
|c| o verdadeiro papa|LOL
|c|+ggggd|sÃ©rio
|c| o verdadeiro papa|parece UU
|c|+ggggd|LU tem politoed
|
|move|p2a: Flygon|U-turn|p1a: Cresselia
|-supereffective|p1a: Cresselia
|-damage|p1a: Cresselia|297\/443
|c|âLeoDamin|tier quebrada
|c|âLeoDamin|do carlaho
|c|+lighthouses|uu tem
|c|âLeoDamin|ehauehaueha
|c|+lighthouses|terrakion
|c|+ggggd|Entao deve ter rain
|
|switch|p2a: Pangoro|Pangoro, M|332\/332
|move|p1a: Cresselia|Thunder Wave|p2a: Pangoro
|-status|p2a: Pangoro|par
|
|-heal|p1a: Cresselia|324\/443|[from] item: Leftovers
|turn|3
|c| o verdadeiro papa|uu nao tinha
|c|+lighthouses|nÃ£o acho que Ã©
|c|+lighthouses|quebrada
|c| o verdadeiro papa|metagross
|c|+lighthouses|mas Ã©
|c| o verdadeiro papa|atÃ© semana passada?
|c|+lighthouses|centralizada
|c| o verdadeiro papa|e porra, cry do pangoro parece
|c|+Draco Meteora|UU tem megapinsir e Sharpedro ;]
|c| o verdadeiro papa|um peido
|c|+lighthouses|entÃ£o Ã© ruim
|c|+lighthouses|mas quebrada nÃ£o Ã©
|c|âLeoDamin|se vocÃª tiver
|c|âLeoDamin|moonblast
|c|âLeoDamin|eu paro
|
|switch|p1a: Shaymin|Shaymin|341\/341
|cant|p2a: Pangoro|par
|
|turn|4
|c|âLeoDamin|ok
|c|âLeoDamin|porra
|c|+lighthouses|uu tinha latias cara
|c|âLeoDamin|heaueha
|c|âRen-chon|Rip
|c|+lighthouses|magnezone
|J|BC Lynx
|c| Random du boiss|tinha keldeo
|
|move|p1a: Shaymin|Seed Flare|p2a: Pangoro|[miss]
|-miss|p1a: Shaymin|p2a: Pangoro
|move|p2a: Pangoro|Knock Off|p1a: Shaymin
|-damage|p1a: Shaymin|110\/341
|-enditem|p1a: Shaymin|Life Orb|[from] move: Knock Off|[of] p2a: Pangoro
|-damage|p2a: Pangoro|299\/332 par|[from] item: Life Orb
|
|turn|5
|c|+Draco Meteora|keldeo
|c|âLeoDamin|.bom
|c|+ggggd|uu no comeÃ§o de xy tinha latias e keldeo eu acho
|c|+ggggd|eita .lag
|
|switch|p2a: Goodra|Goodra, F|383\/383
|move|p1a: Shaymin|Seed Flare|p2a: Goodra
|-boost|p2a: Goodra|atk|1|[from] ability: Sap Sipper
|
|turn|6
|c|+Draco Meteora|megapinsir e uu podem usar
|c|+lighthouses|eles fazem as tiers
|c|+lighthouses|puramente por usage
|c|âLeoDamin|nham
|c|+lighthouses|e nÃ£o tomam conta
|c|+lighthouses|da nisso
|c|âLeoDamin|eu vou perder
|c|âLeoDamin|de 6x0
|c|âLeoDamin|pro paÃ§aru
|
|switch|p1a: Empoleon|Empoleon, M|371\/371
|move|p2a: Goodra|Toxic|p1a: Empoleon
|-fail|p1a: Empoleon
|
|turn|7
|c|âLeoDamin|olha isso
|c|âLeoDamin|ehauehaueha
|
|switch|p2a: Empoleon|Empoleon, F|372\/372
|move|p1a: Empoleon|Stealth Rock|p2a: Empoleon
|-sidestart|p2: LeoDamin|move: Stealth Rock
|
|turn|8
|
|switch|p1a: Shaymin|Shaymin|110\/341
|move|p2a: Empoleon|Stealth Rock|p1a: Shaymin
|-sidestart|p1: Ren-chon|move: Stealth Rock
|
|turn|9
|c|+lighthouses|cade as doubles
|c|+lighthouses|do bos
|c|+lighthouses|ondta
|c|âLeoDamin|]:
|
|switch|p2a: Goodra|Goodra, F|383\/383
|-damage|p2a: Goodra|336\/383|[from] Stealth Rock
|move|p1a: Shaymin|Rest|p1a: Shaymin
|-status|p1a: Shaymin|slp
|-heal|p1a: Shaymin|341\/341 slp|[silent]
|-status|p1a: Shaymin|slp|[from] move: Rest
|
|-heal|p2a: Goodra|359\/383|[from] item: Leftovers
|turn|10
|c|âLeoDamin|ele Ã©
|c|âLeoDamin|cruel
|c|âLeoDamin|]:
|
|switch|p1a: Cresselia|Cresselia, F|324\/443
|-damage|p1a: Cresselia|269\/443|[from] Stealth Rock
|switch|p2a: Celebi|Celebi|403\/403
|-damage|p2a: Celebi|353\/403|[from] Stealth Rock
|
|-heal|p2a: Celebi|378\/403|[from] item: Leftovers
|-heal|p1a: Cresselia|296\/443|[from] item: Leftovers
|turn|11
|
|move|p2a: Celebi|Calm Mind|p2a: Celebi
|-boost|p2a: Celebi|spa|1
|-boost|p2a: Celebi|spd|1
|move|p1a: Cresselia|Moonlight|p1a: Cresselia
|-heal|p1a: Cresselia|443\/443
|
|-heal|p2a: Celebi|403\/403|[from] item: Leftovers
|turn|12
|
|move|p2a: Celebi|Giga Drain|p1a: Cresselia
|-damage|p1a: Cresselia|338\/443
|move|p1a: Cresselia|Thunder Wave|p2a: Celebi
|-status|p2a: Celebi|par
|
|-heal|p1a: Cresselia|365\/443|[from] item: Leftovers
|turn|13
|c|âLeoDamin|dano 
|c|âLeoDamin|delÃ­cia
|c|âLeoDamin|vocÃªs viram
|c|âLeoDamin|aquele dano?
|c|âLeoDamin|uau
|
|switch|p1a: Honchkrow|Honchkrow, F|341\/341
|-damage|p1a: Honchkrow|256\/341|[from] Stealth Rock
|move|p2a: Celebi|Calm Mind|p2a: Celebi
|-boost|p2a: Celebi|spa|1
|-boost|p2a: Celebi|spd|1
|
|turn|14
|c|âLeoDamin|ah nÃ£o
|
|switch|p2a: Empoleon|Empoleon, F|372\/372
|-damage|p2a: Empoleon|349\/372|[from] Stealth Rock
|move|p1a: Honchkrow|Brave Bird|p2a: Empoleon
|-resisted|p2a: Empoleon
|-damage|p2a: Empoleon|244\/372
|-damage|p1a: Honchkrow|221\/341|[from] recoil|[of] p2a: Empoleon
|-damage|p1a: Honchkrow|187\/341|[from] item: Life Orb
|
|-heal|p2a: Empoleon|267\/372|[from] item: Leftovers
|turn|15
|c|+lighthouses|porra damin AEHUEHUA
|c|âLeoDamin|heauheuahea
|
|switch|p1a: Shaymin|Shaymin|341\/341
|-damage|p1a: Shaymin|299\/341|[from] Stealth Rock
|move|p2a: Empoleon|Toxic|p1a: Shaymin
|-status|p1a: Shaymin|tox
|
|-heal|p2a: Empoleon|290\/372|[from] item: Leftovers
|-damage|p1a: Shaymin|278\/341 tox|[from] psn
|turn|16
|L|Random du boiss
|c|âLeoDamin|eu to tentando
|c|âLeoDamin|nÃ£o grita comigo
|c|âLeoDamin|porra
|c|+lighthouses|desculpa
|c|+lighthouses|amigo
|c|+GoaoTwo|caramba, caras
|c|+GoaoTwo|que
|c|âLeoDamin|]:
|c|+GoaoTwo|tier
|c|+GoaoTwo|idiot
|
|switch|p2a: Raikou|Raikou|321\/321
|-damage|p2a: Raikou|281\/321|[from] Stealth Rock
|-ability|p2a: Raikou|Pressure
|move|p1a: Shaymin|Earth Power|p2a: Raikou
|-supereffective|p2a: Raikou
|-damage|p2a: Raikou|109\/321
|
|-heal|p2a: Raikou|129\/321|[from] item: Leftovers
|-damage|p1a: Shaymin|236\/341 tox|[from] psn
|turn|17
|c|âLeoDamin|heauheuaheuahea
|
|move|p2a: Raikou|Volt Switch|p1a: Shaymin
|-resisted|p1a: Shaymin
|-damage|p1a: Shaymin|182\/341 tox
|
|switch|p2a: Goodra|Goodra, F|359\/383
|-damage|p2a: Goodra|312\/383|[from] Stealth Rock
|move|p1a: Shaymin|Rest|p1a: Shaymin
|-status|p1a: Shaymin|slp
|-heal|p1a: Shaymin|341\/341 slp|[silent]
|-status|p1a: Shaymin|slp|[from] move: Rest
|
|-heal|p2a: Goodra|335\/383|[from] item: Leftovers
|turn|18
|c|âLeoDamin|ah vai se catar
|c|âLeoDamin|]:
|c|âRen-chon|Rip nÃ© :c
|c|âLeoDamin|sim
|c|âLeoDamin|mas vou atÃ© o fim
|c|âLeoDamin|ehauehaueha
|c|+lighthouses|eu acho que eu vou usar
|c|+lighthouses|cress spdef
|
|switch|p1a: Empoleon|Empoleon, M|371\/371
|-damage|p1a: Empoleon|348\/371|[from] Stealth Rock
|switch|p2a: Celebi|Celebi|403\/403
|-damage|p2a: Celebi|353\/403|[from] Stealth Rock
|
|-heal|p2a: Celebi|378\/403|[from] item: Leftovers
|-heal|p1a: Empoleon|371\/371|[from] item: Leftovers
|turn|19
|c|+lighthouses|em todos os times
|
|move|p2a: Celebi|Earth Power|p1a: Empoleon
|-supereffective|p1a: Empoleon
|-damage|p1a: Empoleon|273\/371
|move|p1a: Empoleon|Roar|p2a: Celebi
|drag|p2a: Raikou|Raikou|129\/321
|-damage|p2a: Raikou|89\/321|[from] Stealth Rock
|-ability|p2a: Raikou|Pressure
|
|-heal|p2a: Raikou|109\/321|[from] item: Leftovers
|-heal|p1a: Empoleon|296\/371|[from] item: Leftovers
|turn|20
|c|âLeoDamin|DANO
|J|Bovary
|
|switch|p1a: Raikou|Raikou|345\/345
|-damage|p1a: Raikou|302\/345|[from] Stealth Rock
|-ability|p1a: Raikou|Pressure
|move|p2a: Raikou|Shadow Ball|p1a: Raikou
|-damage|p1a: Raikou|219\/345
|
|-heal|p2a: Raikou|129\/321|[from] item: Leftovers
|-heal|p1a: Raikou|240\/345|[from] item: Leftovers
|turn|21
|
|move|p2a: Raikou|Volt Switch|p1a: Raikou
|-resisted|p1a: Raikou
|-damage|p1a: Raikou|188\/345
|
|switch|p2a: Goodra|Goodra, F|335\/383
|-damage|p2a: Goodra|288\/383|[from] Stealth Rock
|move|p1a: Raikou|Substitute|p1a: Raikou
|-start|p1a: Raikou|Substitute
|-damage|p1a: Raikou|102\/345
|
|-heal|p1a: Raikou|123\/345|[from] item: Leftovers
|-heal|p2a: Goodra|311\/383|[from] item: Leftovers
|turn|22
|
|move|p1a: Raikou|Calm Mind|p1a: Raikou
|-boost|p1a: Raikou|spa|1
|-boost|p1a: Raikou|spd|1
|move|p2a: Goodra|Dragon Pulse|p1a: Raikou
|-activate|p1a: Raikou|Substitute|[damage]
|
|-heal|p1a: Raikou|144\/345|[from] item: Leftovers
|-heal|p2a: Goodra|334\/383|[from] item: Leftovers
|turn|23
|c|âLeoDamin|eu sou bom
|c|âLeoDamin|nÃ£o se enganem
|
|move|p1a: Raikou|Calm Mind|p1a: Raikou
|-boost|p1a: Raikou|spa|1
|-boost|p1a: Raikou|spd|1
|move|p2a: Goodra|Dragon Pulse|p1a: Raikou
|-end|p1a: Raikou|Substitute
|
|-heal|p1a: Raikou|165\/345|[from] item: Leftovers
|-heal|p2a: Goodra|357\/383|[from] item: Leftovers
|turn|24
|
|switch|p2a: Pangoro|Pangoro, M|299\/332 par
|-damage|p2a: Pangoro|279\/332 par|[from] Stealth Rock
|move|p1a: Raikou|Substitute|p1a: Raikou
|-start|p1a: Raikou|Substitute
|-damage|p1a: Raikou|79\/345
|
|-heal|p1a: Raikou|100\/345|[from] item: Leftovers
|turn|25
|
|move|p1a: Raikou|Thunderbolt|p2a: Pangoro
|-damage|p2a: Pangoro|0 fnt
|faint|p2a: Pangoro
|
|-heal|p1a: Raikou|121\/345|[from] item: Leftovers
|c|âLeoDamin|heauehauhea
|c|âLeoDamin|rip nÃ©
|c|âRen-chon|Rip
|
|switch|p2a: Flygon|Flygon, F|217\/301
|-damage|p2a: Flygon|199\/301|[from] Stealth Rock
|turn|26
|
|move|p1a: Raikou|Hidden Power|p2a: Flygon
|-supereffective|p2a: Flygon
|-damage|p2a: Flygon|0 fnt
|faint|p2a: Flygon
|
|-heal|p1a: Raikou|142\/345|[from] item: Leftovers
|c|âLeoDamin|que
|c|âLeoDamin|cadÃª
|c|âLeoDamin|meu scarf
|c|âLeoDamin|ehauehauehauhea
|
|switch|p2a: Goodra|Goodra, F|357\/383
|-damage|p2a: Goodra|310\/383|[from] Stealth Rock
|turn|27
|c|âRen-chon|UAHSAUSHAU
|
|move|p1a: Raikou|Hidden Power|p2a: Goodra
|-supereffective|p2a: Goodra
|-damage|p2a: Goodra|200\/383
|move|p2a: Goodra|Dragon Pulse|p1a: Raikou
|-activate|p1a: Raikou|Substitute|[damage]
|
|-heal|p1a: Raikou|163\/345|[from] item: Leftovers
|-heal|p2a: Goodra|223\/383|[from] item: Leftovers
|turn|28
|c|âLeoDamin|gente
|c|âLeoDamin|que tier de merda
|c|âLeoDamin|heauehauhea
|L|Bovary
|c|âLeoDamin|bora outra logo
|c|âRen-chon|ROFL
|-message|LeoDamin forfeited.
|
|win|Ren-chon
|c|âRen-chon|Vou pegar outra team
|L|lighthouses
|L|BC Lynx
|J|NejiNoKami
|c| o verdadeiro papa|cara
|c| o verdadeiro papa|por que nao
|c| o verdadeiro papa|toxic spikes + raikou
|c| o verdadeiro papa|isso parece vencer o meta inteiro
|c| o verdadeiro papa|com facilidade
|L|NejiNoKami
|L|GoaoTwo
|c| o verdadeiro papa|aposto que nidqueen Ã© LU
|c| o verdadeiro papa|o_o
|L|Draco Meteora
|L|LeoDamin
|player|p2
|L|o verdadeiro papa
|c|âRen-chon|Nido Ã© LU mesmo
|L|Tatsuma
|L|Luz