|join|MaryLa
|join|LeoDamin
|player|p1|MaryLa|289
|player|p2|LeoDamin|14
|gametype|singles
|gen|6
|tier|UU
|rated
|rule|Sleep Clause Mod: Limit one foe put to sleep
|rule|Species Clause: Limit one of each PokÃ©mon
|rule|OHKO Clause: OHKO moves are banned
|rule|Moody Clause: Moody is banned
|rule|Evasion Moves Clause: Evasion moves are banned
|rule|Endless Battle Clause: Forcing endless battles is banned
|rule|HP Percentage Mod: HP is shown in percentages
|clearpoke
|poke|p1|Absol, F, shiny
|poke|p1|Crobat, M
|poke|p1|Swampert, M
|poke|p1|Entei, shiny
|poke|p1|Jirachi, shiny
|poke|p1|Blissey, F
|poke|p2|Celebi
|poke|p2|Sharpedo, M
|poke|p2|Chandelure, M
|poke|p2|Empoleon, M
|poke|p2|Raikou
|poke|p2|Machamp, M
|rule|Swagger Clause: Swagger is banned
|rule|Baton Pass Clause: Limit one PokÃ©mon knowing Baton Pass
|teampreview
|
|start
|switch|p1a: Crowbar|Crobat, M|373\/373
|switch|p2a: Celebi|Celebi|400\/400
|turn|1
|
|switch|p2a: Empoleon|Empoleon, M|372\/372
|move|p1a: Crowbar|Taunt|p2a: Empoleon
|-start|p2a: Empoleon|move: Taunt
|
|turn|2
|
|switch|p1a: TeamPlayer|Swampert, M|401\/401
|move|p2a: Empoleon|Scald|p1a: TeamPlayer
|-damage|p1a: TeamPlayer|286\/401
|-status|p1a: TeamPlayer|brn
|
|-heal|p1a: TeamPlayer|311\/401 brn|[from] item: Leftovers
|-damage|p1a: TeamPlayer|261\/401 brn|[from] brn
|turn|3
|
|switch|p2a: Celebi|Celebi|400\/400
|move|p1a: TeamPlayer|Stealth Rock|p2a: Celebi
|-sidestart|p2: LeoDamin|move: Stealth Rock
|
|-heal|p1a: TeamPlayer|286\/401 brn|[from] item: Leftovers
|-damage|p1a: TeamPlayer|236\/401 brn|[from] brn
|turn|4
|
|switch|p1a: Crowbar|Crobat, M|373\/373
|move|p2a: Celebi|Swords Dance|p2a: Celebi
|-boost|p2a: Celebi|atk|2
|
|turn|5
|
|move|p2a: Celebi|Sucker Punch|p1a: Crowbar
|-fail|p1a: Crowbar
|move|p1a: Crowbar|Taunt|p2a: Celebi
|-start|p2a: Celebi|move: Taunt
|
|turn|6
|
|switch|p1a: Doom|Jirachi, shiny|403\/403
|switch|p2a: Empoleon|Empoleon, M|372\/372
|-damage|p2a: Empoleon|349\/372|[from] Stealth Rock
|
|-heal|p2a: Empoleon|372\/372|[from] item: Leftovers
|turn|7
|
|move|p1a: Doom|Substitute|p1a: Doom
|-start|p1a: Doom|Substitute
|-damage|p1a: Doom|303\/403
|move|p2a: Empoleon|Stealth Rock|p1a: Doom
|-sidestart|p1: MaryLa|move: Stealth Rock
|
|-heal|p1a: Doom|328\/403|[from] item: Leftovers
|turn|8
|
|move|p1a: Doom|Body Slam|p2a: Empoleon
|-resisted|p2a: Empoleon
|-damage|p2a: Empoleon|336\/372
|-status|p2a: Empoleon|par
|cant|p2a: Empoleon|par
|
|-heal|p1a: Doom|353\/403|[from] item: Leftovers
|-heal|p2a: Empoleon|359\/372 par|[from] item: Leftovers
|turn|9
|
|move|p1a: Doom|Zen Headbutt|p2a: Empoleon
|-resisted|p2a: Empoleon
|-damage|p2a: Empoleon|305\/372 par
|cant|p2a: Empoleon|flinch
|
|-heal|p1a: Doom|378\/403|[from] item: Leftovers
|-heal|p2a: Empoleon|328\/372 par|[from] item: Leftovers
|turn|10
|
|move|p1a: Doom|Zen Headbutt|p2a: Empoleon
|-resisted|p2a: Empoleon
|-damage|p2a: Empoleon|279\/372 par
|move|p2a: Empoleon|Roar|p1a: Doom
|drag|p1a: TeamPlayer|Swampert, M|236\/401 brn
|-damage|p1a: TeamPlayer|211\/401 brn|[from] Stealth Rock
|
|-heal|p1a: TeamPlayer|236\/401 brn|[from] item: Leftovers
|-heal|p2a: Empoleon|302\/372 par|[from] item: Leftovers
|-damage|p1a: TeamPlayer|186\/401 brn|[from] brn
|turn|11
|
|switch|p2a: Celebi|Celebi|400\/400
|-damage|p2a: Celebi|350\/400|[from] Stealth Rock
|move|p1a: TeamPlayer|Earthquake|p2a: Celebi
|-resisted|p2a: Celebi
|-damage|p2a: Celebi|320\/400
|
|-heal|p1a: TeamPlayer|211\/401 brn|[from] item: Leftovers
|-damage|p1a: TeamPlayer|161\/401 brn|[from] brn
|turn|12
|
|switch|p2a: Raikou|Raikou|321\/321
|-damage|p2a: Raikou|281\/321|[from] Stealth Rock
|-ability|p2a: Raikou|Pressure
|move|p1a: TeamPlayer|Roar|p2a: Raikou
|drag|p2a: Celebi|Celebi|320\/400
|-damage|p2a: Celebi|270\/400|[from] Stealth Rock
|
|-heal|p1a: TeamPlayer|186\/401 brn|[from] item: Leftovers
|-damage|p1a: TeamPlayer|136\/401 brn|[from] brn
|turn|13
|
|switch|p1a: Crowbar|Crobat, M|373\/373
|-damage|p1a: Crowbar|280\/373|[from] Stealth Rock
|move|p2a: Celebi|Seed Bomb|p1a: Crowbar
|-resisted|p1a: Crowbar
|-damage|p1a: Crowbar|254\/373
|
|turn|14
|
|switch|p2a: Raikou|Raikou|281\/321
|-damage|p2a: Raikou|241\/321|[from] Stealth Rock
|-ability|p2a: Raikou|Pressure
|move|p1a: Crowbar|Roost|p1a: Crowbar
|-heal|p1a: Crowbar|373\/373
|
|turn|15
|
|switch|p1a: TeamPlayer|Swampert, M|136\/401 brn
|-damage|p1a: TeamPlayer|111\/401 brn|[from] Stealth Rock
|move|p2a: Raikou|Volt Switch|p1a: TeamPlayer
|-immune|p1a: TeamPlayer|[msg]
|
|-heal|p1a: TeamPlayer|136\/401 brn|[from] item: Leftovers
|-damage|p1a: TeamPlayer|86\/401 brn|[from] brn
|turn|16
|
|switch|p1a: GoodWall|Blissey, F|714\/714
|-damage|p1a: GoodWall|625\/714|[from] Stealth Rock
|move|p2a: Raikou|Extrasensory|p1a: GoodWall
|-damage|p1a: GoodWall|535\/714
|-damage|p2a: Raikou|209\/321|[from] item: Life Orb
|
|-heal|p1a: GoodWall|579\/714|[from] item: Leftovers
|turn|17
|
|move|p2a: Raikou|Volt Switch|p1a: GoodWall
|-damage|p1a: GoodWall|472\/714
|-damage|p2a: Raikou|177\/321|[from] item: Life Orb
|
|switch|p2a: Celebi|Celebi|270\/400
|-damage|p2a: Celebi|220\/400|[from] Stealth Rock
|move|p1a: GoodWall|Heal Bell|p1a: GoodWall
|-cureteam|p1a: GoodWall|[from] move: HealBell
|
|-heal|p1a: GoodWall|516\/714|[from] item: Leftovers
|turn|18
|
|switch|p1a: Crowbar|Crobat, M|373\/373
|-damage|p1a: Crowbar|280\/373|[from] Stealth Rock
|move|p2a: Celebi|Swords Dance|p2a: Celebi
|-boost|p2a: Celebi|atk|2
|
|turn|19
|
|move|p1a: Crowbar|Acrobatics|p2a: Celebi
|-supereffective|p2a: Celebi
|-damage|p2a: Celebi|0 fnt
|faint|p2a: Celebi
|
|
|switch|p2a: Chandelure|Chandelure, M|262\/262
|-damage|p2a: Chandelure|197\/262|[from] Stealth Rock
|turn|20
|
|move|p2a: Chandelure|Trick|p1a: Crowbar
|-activate|p2a: Chandelure|move: Trick|[of] p1a: Crowbar
|-item|p1a: Crowbar|Choice Scarf|[from] move: Trick
|move|p1a: Crowbar|Taunt|p2a: Chandelure
|-start|p2a: Chandelure|move: Taunt
|
|turn|21
|
|switch|p1a: GoodWall|Blissey, F|516\/714
|-damage|p1a: GoodWall|427\/714|[from] Stealth Rock
|move|p2a: Chandelure|Fire Blast|p1a: GoodWall
|-damage|p1a: GoodWall|238\/714
|
|-heal|p1a: GoodWall|282\/714|[from] item: Leftovers
|turn|22
|
|switch|p2a: Machamp|Machamp, M|384\/384
|-damage|p2a: Machamp|360\/384|[from] Stealth Rock
|move|p1a: GoodWall|Wish|p1a: GoodWall
|
|-heal|p1a: GoodWall|326\/714|[from] item: Leftovers
|turn|23
|
|move|p1a: GoodWall|Protect|p1a: GoodWall
|-singleturn|p1a: GoodWall|Protect
|move|p2a: Machamp|Knock Off|p1a: GoodWall
|-activate|p1a: GoodWall|Protect
|
|-heal|p1a: GoodWall|683\/714|[from] move: Wish|[wisher] GoodWall
|-heal|p1a: GoodWall|714\/714|[from] item: Leftovers
|turn|24
|
|switch|p1a: Crowbar|Crobat, M|280\/373
|-damage|p1a: Crowbar|187\/373|[from] Stealth Rock
|move|p2a: Machamp|Close Combat|p1a: Crowbar
|-resisted|p1a: Crowbar
|-damage|p1a: Crowbar|122\/373
|-unboost|p2a: Machamp|def|1
|-unboost|p2a: Machamp|spd|1
|
|turn|25
|
|switch|p2a: Empoleon|Empoleon, M|302\/372 par
|-damage|p2a: Empoleon|279\/372 par|[from] Stealth Rock
|move|p1a: Crowbar|Defog|p2a: Empoleon
|-unboost|p2a: Empoleon|evasion|1
|-sideend|p2: LeoDamin|Stealth Rock|[from] move: Defog|[of] p2a: Empoleon
|-sideend|p1: MaryLa|Stealth Rock|[from] move: Defog|[of] p1a: Crowbar
|
|-heal|p2a: Empoleon|302\/372 par|[from] item: Leftovers
|turn|26
|
|switch|p1a: TeamPlayer|Swampert, M|86\/401
|move|p2a: Empoleon|Scald|p1a: TeamPlayer
|-damage|p1a: TeamPlayer|0 fnt
|faint|p1a: TeamPlayer
|
|-heal|p2a: Empoleon|325\/372 par|[from] item: Leftovers
|
|switch|p1a: Celestia|Absol, F, shiny|271\/271
|turn|27
|
|detailschange|p1a: Celestia|Absol-Mega, F, shiny
|-mega|p1a: Celestia|Absol|Absolite
|move|p1a: Celestia|Swords Dance|p1a: Celestia
|-boost|p1a: Celestia|atk|2
|move|p2a: Empoleon|Scald|p1a: Celestia
|-damage|p1a: Celestia|108\/271
|
|-heal|p2a: Empoleon|348\/372 par|[from] item: Leftovers
|turn|28
|
|move|p1a: Celestia|Knock Off|p2a: Empoleon
|-damage|p2a: Empoleon|0 fnt
|-enditem|p2a: Empoleon|Leftovers|[from] move: Knock Off|[of] p1a: Celestia
|faint|p2a: Empoleon
|
|
|switch|p2a: Machamp|Machamp, M|360\/384
|turn|29
|
|move|p2a: Machamp|Bullet Punch|p1a: Celestia
|-damage|p1a: Celestia|29\/271
|move|p1a: Celestia|Play Rough|p2a: Machamp
|-supereffective|p2a: Machamp
|-damage|p2a: Machamp|0 fnt
|faint|p2a: Machamp
|
|
|switch|p2a: Sharpedo|Sharpedo, M|281\/281
|turn|30
|
|move|p1a: Celestia|Swords Dance|p1a: Celestia
|-boost|p1a: Celestia|atk|2
|move|p2a: Sharpedo|Waterfall|p1a: Celestia
|-damage|p1a: Celestia|0 fnt
|faint|p1a: Celestia
|
|-boost|p2a: Sharpedo|spe|1|[from] ability: Speed Boost
|c|âLeoDamin|oh the plays
|c|âMaryLa|nice one
|c|âLeoDamin|Had to risk it
|c|âMaryLa|I guess
|
|switch|p1a: Crowbar|Crobat, M|122\/373
|turn|31
|
|move|p2a: Sharpedo|Protect|p2a: Sharpedo
|-singleturn|p2a: Sharpedo|Protect
|move|p1a: Crowbar|Acrobatics|p2a: Sharpedo
|-activate|p2a: Sharpedo|Protect
|
|-boost|p2a: Sharpedo|spe|1|[from] ability: Speed Boost
|turn|32
|
|move|p2a: Sharpedo|Waterfall|p1a: Crowbar
|-damage|p1a: Crowbar|0 fnt
|faint|p1a: Crowbar
|
|-boost|p2a: Sharpedo|spe|1|[from] ability: Speed Boost
|
|switch|p1a: Mufasa|Entei, shiny|371\/371
|-ability|p1a: Mufasa|Pressure
|turn|33
|
|detailschange|p2a: Sharpedo|Sharpedo-Mega, M
|-mega|p2a: Sharpedo|Sharpedo|Sharpedonite
|move|p1a: Mufasa|Extreme Speed|p2a: Sharpedo
|-damage|p2a: Sharpedo|78\/281
|move|p2a: Sharpedo|Waterfall|p1a: Mufasa
|-supereffective|p1a: Mufasa
|-damage|p1a: Mufasa|0 fnt
|faint|p1a: Mufasa
|
|
|switch|p1a: Doom|Jirachi, shiny|378\/403
|turn|34
|
|move|p2a: Sharpedo|Crunch|p1a: Doom
|-supereffective|p1a: Doom
|-damage|p1a: Doom|0 fnt
|faint|p1a: Doom
|
|c|âMaryLa|gg
|
|switch|p1a: GoodWall|Blissey, F|714\/714
|turn|35
|c|âLeoDamin|gg
|
|move|p2a: Sharpedo|Crunch|p1a: GoodWall
|-damage|p1a: GoodWall|231\/714
|move|p1a: GoodWall|Seismic Toss|p2a: Sharpedo
|-damage|p2a: Sharpedo|0 fnt
|faint|p2a: Sharpedo
|
|-heal|p1a: GoodWall|275\/714|[from] item: Leftovers
|c|âMaryLa|oh man.
|c|âLeoDamin|yes
|
|switch|p2a: Raikou|Raikou|177\/321
|-ability|p2a: Raikou|Pressure
|turn|36
|c|âLeoDamin|I know what you're thinking right now
|c|âLeoDamin|haha
|c|âMaryLa|I don't have toxic.
|c|âLeoDamin|oh
|c|âMaryLa|nuff said.
|c|âLeoDamin|yes
|c|âLeoDamin|gg
|c|âMaryLa|lol.
|
|move|p2a: Raikou|Thunderbolt|p1a: GoodWall
|-damage|p1a: GoodWall|118\/714
|-damage|p2a: Raikou|145\/321|[from] item: Life Orb
|move|p1a: GoodWall|Seismic Toss|p2a: Raikou
|-damage|p2a: Raikou|45\/321
|
|-heal|p1a: GoodWall|162\/714|[from] item: Leftovers
|turn|37
|
|move|p2a: Raikou|Thunderbolt|p1a: GoodWall
|-damage|p1a: GoodWall|24\/714
|-damage|p2a: Raikou|13\/321|[from] item: Life Orb
|move|p1a: GoodWall|Wish|p1a: GoodWall
|
|-heal|p1a: GoodWall|68\/714|[from] item: Leftovers
|turn|38
|
|move|p1a: GoodWall|Protect|p1a: GoodWall
|-singleturn|p1a: GoodWall|Protect
|move|p2a: Raikou|Thunderbolt|p1a: GoodWall
|-activate|p1a: GoodWall|Protect
|
|-heal|p1a: GoodWall|425\/714|[from] move: Wish|[wisher] GoodWall
|-heal|p1a: GoodWall|469\/714|[from] item: Leftovers
|turn|39
|c|âLeoDamin|don't do this
|c|âLeoDamin|you can't kill chandelure
|c|âMaryLa|yeeesh..
|
|move|p2a: Raikou|Thunderbolt|p1a: GoodWall
|-damage|p1a: GoodWall|308\/714
|-damage|p2a: Raikou|0 fnt|[from] item: Life Orb
|faint|p2a: Raikou
|move|p1a: GoodWall|Seismic Toss|p2: Raikou|[notarget]
|-notarget
|
|-heal|p1a: GoodWall|352\/714|[from] item: Leftovers
|c|âMaryLa|buuut
|c|âLeoDamin|]:
|
|switch|p2a: Chandelure|Chandelure, M|197\/262
|turn|40
|c|âMaryLa|I can ppstall
|c|âMaryLa|!
|c|âLeoDamin|this is just going to be long
|c|âMaryLa|THIS IS NOT OVER!
|c|âMaryLa|xD
|c|âLeoDamin|I have flamethrower and shadow ball
|c|âMaryLa|oh
|c|âLeoDamin|this is much more pp than you have
|c|âMaryLa|flamehtrower?
|c|âLeoDamin|lol
|c|âLeoDamin|fire blast and flamethrower, yes
|c|âMaryLa|ooh right
|
|move|p2a: Chandelure|Trick|p1a: GoodWall
|-activate|p2a: Chandelure|move: Trick|[of] p1a: GoodWall
|-item|p2a: Chandelure|Leftovers|[from] move: Trick
|move|p1a: GoodWall|Wish|p1a: GoodWall
|
|-heal|p2a: Chandelure|213\/262|[from] item: Leftovers
|turn|41
|c|âMaryLa|your not choiced anymore
|c|âLeoDamin|i just need a burn
|
|move|p2a: Chandelure|Fire Blast|p1a: GoodWall
|-damage|p1a: GoodWall|160\/714
|move|p1a: GoodWall|Seismic Toss|p2a: Chandelure
|-immune|p2a: Chandelure|[msg]
|
|-heal|p1a: GoodWall|517\/714|[from] move: Wish|[wisher] GoodWall
|-heal|p2a: Chandelure|229\/262|[from] item: Leftovers
|turn|42
|c|âLeoDamin|c'mon
|c|âLeoDamin|don't
|c|âLeoDamin|]:
|c|âMaryLa|you're lying, aren't u :D
|
|move|p2a: Chandelure|Shadow Ball|p1a: GoodWall
|-immune|p1a: GoodWall|[msg]
|move|p1a: GoodWall|Wish|p1a: GoodWall
|
|-heal|p2a: Chandelure|245\/262|[from] item: Leftovers
|turn|43
|c|âLeoDamin|fine, whatever, I have energy ball over flamethrower haha
|c|âLeoDamin|same pp tho
|c|âMaryLa|but that doesn't do any damage
|
|move|p2a: Chandelure|Energy Ball|p1a: GoodWall
|-damage|p1a: GoodWall|427\/714
|move|p1a: GoodWall|Seismic Toss|p2a: Chandelure
|-immune|p2a: Chandelure|[msg]
|
|-heal|p1a: GoodWall|714\/714|[from] move: Wish|[wisher] GoodWall
|-heal|p2a: Chandelure|261\/262|[from] item: Leftovers
|turn|44
|c|âLeoDamin|I'll get all the spdef drops
|c|âLeoDamin|don't do this to us
|c|âMaryLa|this is gonna be interestinh
|c|âLeoDamin|look how far we got
|c|âMaryLa|interesting*
|c|âMaryLa|xDD
|c|âLeoDamin|we don't need this
|
|move|p2a: Chandelure|Energy Ball|p1a: GoodWall
|-damage|p1a: GoodWall|621\/714
|move|p1a: GoodWall|Seismic Toss|p2a: Chandelure
|-immune|p2a: Chandelure|[msg]
|
|-heal|p2a: Chandelure|262\/262|[from] item: Leftovers
|turn|45
|
|move|p2a: Chandelure|Energy Ball|p1a: GoodWall
|-damage|p1a: GoodWall|524\/714
|-unboost|p1a: GoodWall|spd|1
|move|p1a: GoodWall|Seismic Toss|p2a: Chandelure
|-immune|p2a: Chandelure|[msg]
|
|turn|46
|c|âLeoDamin|yes
|c|âLeoDamin|it begins
|c|âMaryLa|oh boy
|c|âLeoDamin|I just need
|c|âLeoDamin|5 more
|
|move|p2a: Chandelure|Energy Ball|p1a: GoodWall
|-damage|p1a: GoodWall|387\/714
|move|p1a: GoodWall|Seismic Toss|p2a: Chandelure
|-immune|p2a: Chandelure|[msg]
|
|turn|47
|c|âLeoDamin|haha
|
|move|p2a: Chandelure|Energy Ball|p1a: GoodWall
|-damage|p1a: GoodWall|234\/714
|move|p1a: GoodWall|Wish|p1a: GoodWall
|
|turn|48
|
|move|p1a: GoodWall|Protect|p1a: GoodWall
|-singleturn|p1a: GoodWall|Protect
|move|p2a: Chandelure|Fire Blast|p1a: GoodWall
|-activate|p1a: GoodWall|Protect
|
|-heal|p1a: GoodWall|591\/714|[from] move: Wish|[wisher] GoodWall
|turn|49
|c|âLeoDamin|no
|c|âLeoDamin|don't use protect
|c|âLeoDamin|that's mean
|c|âLeoDamin|]:
|
|move|p2a: Chandelure|Energy Ball|p1a: GoodWall
|-damage|p1a: GoodWall|454\/714
|move|p1a: GoodWall|Seismic Toss|p2a: Chandelure
|-immune|p2a: Chandelure|[msg]
|
|turn|50
|c|âMaryLa|I'm trying to win here
|c|âLeoDamin|don't do it
|c|âMaryLa|with a blissey in front of a chandelure
|c|âLeoDamin|you don't want to win
|c|âMaryLa|I'm stugglin'
|
|move|p2a: Chandelure|Energy Ball|p1a: GoodWall
|-damage|p1a: GoodWall|318\/714
|-unboost|p1a: GoodWall|spd|1
|move|p1a: GoodWall|Seismic Toss|p2a: Chandelure
|-immune|p2a: Chandelure|[msg]
|
|turn|51
|c|âLeoDamin|yeeees
|c|âLeoDamin|ROLLS LET'S GO
|
|move|p2a: Chandelure|Fire Blast|p1a: GoodWall
|-damage|p1a: GoodWall|0 fnt
|faint|p1a: GoodWall
|
|win|LeoDamin
|raw|Ladder updating...
|c|âLeoDamin|YES
|raw|MaryLa's rating: 1421 &rarr; <strong>1399<\/strong><br \/>(-22 for losing)
|raw|LeoDamin's rating: 1385 &rarr; <strong>1407<\/strong><br \/>(+22 for winning)
|c|âMaryLa|it happened
|c|âMaryLa|gg
|c|âLeoDamin|gg
|c|âLeoDamin|haha
|c|âLeoDamin|that was funny
|c|âLeoDamin|:]
|c|âMaryLa|yeah xD
|leave|LeoDamin
|join|LeoDamin
|leave|LeoDamin