|join|Zarach
|join|crazybones
|player|p1|Zarach|80
|player|p2|crazybones|211
|gametype|singles
|gen|6
|tier|OU
|rated
|clearpoke
|poke|p1|Azumarill, F
|poke|p1|Landorus, M
|poke|p1|Heatran, F
|poke|p1|Keldeo-Resolute
|poke|p1|Venusaur, F
|poke|p1|Mandibuzz, F
|poke|p2|Gardevoir, M, shiny
|poke|p2|Latios, M
|poke|p2|Raikou
|poke|p2|Scizor, F
|poke|p2|Keldeo-Resolute
|poke|p2|Ferrothorn, M
|rule|Swagger Clause: Swagger is banned
|rule|Baton Pass Clause: Limit one PokÃ©mon knowing Baton Pass
|rule|Sleep Clause Mod: Limit one foe put to sleep
|rule|Species Clause: Limit one of each PokÃ©mon
|rule|OHKO Clause: OHKO moves are banned
|rule|Moody Clause: Moody is banned
|rule|Evasion Moves Clause: Evasion moves are banned
|rule|Endless Battle Clause: Forcing endless battles is banned
|rule|HP Percentage Mod: HP is shown in percentages
|teampreview
|
|start
|switch|p1a: Venusaur|Venusaur, F|349\/349
|switch|p2a: Raikou|Raikou|321\/321
|-ability|p2a: Raikou|Pressure
|turn|1
|
|detailschange|p1a: Venusaur|Venusaur-Mega, F
|-mega|p1a: Venusaur|Venusaur|Venusaurite
|move|p2a: Raikou|Volt Switch|p1a: Venusaur
|-resisted|p1a: Venusaur
|-damage|p1a: Venusaur|277\/349
|
|switch|p2a: Ferrothorn|Ferrothorn, M|351\/351
|move|p1a: Venusaur|Sludge Bomb|p2a: Ferrothorn
|-immune|p2a: Ferrothorn|[msg]
|
|turn|2
|
|move|p1a: Venusaur|Hidden Power|p2a: Ferrothorn
|-supereffective|p2a: Ferrothorn
|-damage|p2a: Ferrothorn|87\/351
|move|p2a: Ferrothorn|Thunder Wave|p1a: Venusaur
|-status|p1a: Venusaur|par
|
|turn|3
|
|cant|p1a: Venusaur|par
|move|p2a: Ferrothorn|Stealth Rock|p1a: Venusaur
|-sidestart|p1: Zarach|move: Stealth Rock
|
|turn|4
|
|move|p1a: Venusaur|Sludge Bomb|p2a: Ferrothorn
|-immune|p2a: Ferrothorn|[msg]
|move|p2a: Ferrothorn|Gyro Ball|p1a: Venusaur
|-damage|p1a: Venusaur|246\/349 par
|
|turn|5
|
|move|p1a: Venusaur|Sludge Bomb|p2a: Ferrothorn
|-immune|p2a: Ferrothorn|[msg]
|move|p2a: Ferrothorn|Gyro Ball|p1a: Venusaur
|-damage|p1a: Venusaur|216\/349 par
|
|turn|6
|
|switch|p2a: Scizor|Scizor, F|343\/343
|move|p1a: Venusaur|Synthesis|p1a: Venusaur
|-heal|p1a: Venusaur|349\/349 par
|
|turn|7
|
|move|p2a: Scizor|U-turn|p1a: Venusaur
|-damage|p1a: Venusaur|174\/349 par
|
|switch|p2a: Latios|Latios, M|301\/301
|move|p1a: Venusaur|Hidden Power|p2a: Latios
|-resisted|p2a: Latios
|-damage|p2a: Latios|268\/301
|
|-heal|p2a: Latios|286\/301|[from] item: Leftovers
|turn|8
|
|switch|p1a: Heatran|Heatran, F|323\/323
|-damage|p1a: Heatran|283\/323|[from] Stealth Rock
|move|p2a: Latios|Draco Meteor|p1a: Heatran|[miss]
|-miss|p2a: Latios|p1a: Heatran
|
|-heal|p2a: Latios|301\/301|[from] item: Leftovers
|turn|9
|
|switch|p2a: Keldeo-Resolute|Keldeo-Resolute|323\/323
|move|p1a: Heatran|Earth Power|p2a: Keldeo-Resolute
|-damage|p2a: Keldeo-Resolute|191\/323
|
|turn|10
|
|switch|p1a: Azumarill|Azumarill, F|361\/361
|-damage|p1a: Azumarill|316\/361|[from] Stealth Rock
|move|p2a: Keldeo-Resolute|Secret Sword|p1a: Azumarill
|-resisted|p1a: Azumarill
|-damage|p1a: Azumarill|195\/361
|-damage|p2a: Keldeo-Resolute|159\/323|[from] item: Life Orb
|
|turn|11
|
|move|p2a: Keldeo-Resolute|Secret Sword|p1a: Azumarill
|-resisted|p1a: Azumarill
|-damage|p1a: Azumarill|87\/361
|-damage|p2a: Keldeo-Resolute|127\/323|[from] item: Life Orb
|move|p1a: Azumarill|Knock Off|p2a: Keldeo-Resolute
|-resisted|p2a: Keldeo-Resolute
|-damage|p2a: Keldeo-Resolute|12\/323
|-boost|p2a: Keldeo-Resolute|atk|1|[from] ability: Justified
|-enditem|p2a: Keldeo-Resolute|Life Orb|[from] move: Knock Off|[of] p1a: Azumarill
|
|turn|12
|
|switch|p2a: Ferrothorn|Ferrothorn, M|87\/351
|move|p1a: Azumarill|Knock Off|p2a: Ferrothorn
|-damage|p2a: Ferrothorn|0 fnt
|-damage|p1a: Azumarill|42\/361|[from] ability: Iron Barbs|[of] p2a: Ferrothorn
|-damage|p1a: Azumarill|0 fnt|[from] item: Rocky Helmet|[of] p2a: Ferrothorn
|faint|p1a: Azumarill
|faint|p2a: Ferrothorn
|
|
|switch|p1a: Heatran|Heatran, F|283\/323
|switch|p2a: Gardevoir|Gardevoir, M, shiny|277\/277
|-damage|p1a: Heatran|243\/323|[from] Stealth Rock
|turn|13
|
|detailschange|p2a: Gardevoir|Gardevoir-Mega, M, shiny
|-mega|p2a: Gardevoir|Gardevoir|Gardevoirite
|move|p1a: Heatran|Flash Cannon|p2a: Gardevoir
|-crit|p2a: Gardevoir
|-supereffective|p2a: Gardevoir
|-damage|p2a: Gardevoir|0 fnt
|faint|p2a: Gardevoir
|
|
|switch|p2a: Scizor|Scizor, F|343\/343
|turn|14
|
|switch|p1a: Mandibuzz|Mandibuzz, F|423\/423
|-damage|p1a: Mandibuzz|318\/423|[from] Stealth Rock
|move|p2a: Scizor|U-turn|p1a: Mandibuzz
|-damage|p1a: Mandibuzz|165\/423
|
|switch|p2a: Raikou|Raikou|321\/321
|-ability|p2a: Raikou|Pressure
|
|-heal|p1a: Mandibuzz|191\/423|[from] item: Leftovers
|turn|15
|
|move|p2a: Raikou|Volt Switch|p1a: Mandibuzz
|-supereffective|p1a: Mandibuzz
|-damage|p1a: Mandibuzz|0 fnt
|faint|p1a: Mandibuzz
|
|switch|p2a: Latios|Latios, M|301\/301
|
|
|switch|p1a: Heatran|Heatran, F|243\/323
|-damage|p1a: Heatran|203\/323|[from] Stealth Rock
|turn|16
|
|move|p1a: Heatran|Flash Cannon|p2a: Latios
|-damage|p2a: Latios|160\/301
|move|p2a: Latios|Roost|p2a: Latios
|-heal|p2a: Latios|301\/301
|
|turn|17
|
|move|p1a: Heatran|Flash Cannon|p2a: Latios
|-damage|p2a: Latios|163\/301
|move|p2a: Latios|Draco Meteor|p1a: Heatran|[miss]
|-miss|p2a: Latios|p1a: Heatran
|
|-heal|p2a: Latios|181\/301|[from] item: Leftovers
|turn|18
|
|switch|p2a: Scizor|Scizor, F|343\/343
|move|p1a: Heatran|Flash Cannon|p2a: Scizor
|-resisted|p2a: Scizor
|-damage|p2a: Scizor|242\/343
|
|turn|19
|
|move|p1a: Heatran|Flash Cannon|p2a: Scizor
|-resisted|p2a: Scizor
|-damage|p2a: Scizor|149\/343
|move|p2a: Scizor|Pursuit|p1a: Heatran
|-damage|p1a: Heatran|87\/323
|
|turn|20
|
|move|p1a: Heatran|Flash Cannon|p2a: Scizor
|-resisted|p2a: Scizor
|-damage|p2a: Scizor|53\/343
|move|p2a: Scizor|Pursuit|p1a: Heatran
|-damage|p1a: Heatran|0 fnt
|faint|p1a: Heatran
|
|
|switch|p1a: Keldeo-Resolute|Keldeo-Resolute|323\/323
|-damage|p1a: Keldeo-Resolute|303\/323|[from] Stealth Rock
|turn|21
|
|move|p1a: Keldeo-Resolute|Icy Wind|p2a: Scizor
|-resisted|p2a: Scizor
|-damage|p2a: Scizor|0 fnt
|faint|p2a: Scizor
|
|
|switch|p2a: Latios|Latios, M|181\/301
|turn|22
|
|move|p2a: Latios|Psyshock|p1a: Keldeo-Resolute
|-supereffective|p1a: Keldeo-Resolute
|-damage|p1a: Keldeo-Resolute|0 fnt
|faint|p1a: Keldeo-Resolute
|
|-heal|p2a: Latios|199\/301|[from] item: Leftovers
|-message|Zarach forfeited.
|leave|Zarach
|
|switch|p1a: Venusaur|Venusaur-Mega, F|174\/349 par
|-damage|p1a: Venusaur|131\/349 par|[from] Stealth Rock
|turn|23
|
|win|crazybones
|raw|Ladder updating...
|player|p1
|raw|Zarach's rating: 1550 &rarr; <strong>1528<\/strong><br \/>(-22 for losing)
|raw|crazybones's rating: 1510 &rarr; <strong>1532<\/strong><br \/>(+22 for winning)