|join|taddl96
|join|crazybones
|player|p1|taddl96|110
|player|p2|crazybones|211
|gametype|singles
|gen|6
|tier|OU
|rated
|clearpoke
|poke|p1|Diancie
|poke|p1|Ferrothorn, M
|poke|p1|Gyarados, F
|poke|p1|Conkeldurr, M
|poke|p1|Garchomp, F
|poke|p1|Gengar, M
|poke|p2|Gardevoir, M, shiny
|poke|p2|Keldeo-Resolute
|poke|p2|Ferrothorn, F
|poke|p2|Hippowdon, F
|poke|p2|Latias, F
|poke|p2|Ditto
|rule|Swagger Clause: Swagger is banned
|rule|Baton Pass Clause: Limit one PokÃ©mon knowing Baton Pass
|rule|Sleep Clause Mod: Limit one foe put to sleep
|rule|Species Clause: Limit one of each PokÃ©mon
|rule|OHKO Clause: OHKO moves are banned
|rule|Moody Clause: Moody is banned
|rule|Evasion Moves Clause: Evasion moves are banned
|rule|Endless Battle Clause: Forcing endless battles is banned
|rule|HP Percentage Mod: HP is shown in percentages
|teampreview
|
|start
|switch|p1a: Conkeldurr|Conkeldurr, M|351\/351
|switch|p2a: Gardevoir|Gardevoir, M, shiny|277\/277
|turn|1
|
|switch|p1a: Ferrothorn|Ferrothorn, M|352\/352
|detailschange|p2a: Gardevoir|Gardevoir-Mega, M, shiny
|-mega|p2a: Gardevoir|Gardevoir|Gardevoirite
|move|p2a: Gardevoir|Hyper Voice|p1a: Ferrothorn
|-resisted|p1a: Ferrothorn
|-damage|p1a: Ferrothorn|249\/352
|
|turn|2
|
|move|p2a: Gardevoir|Focus Blast|p1a: Ferrothorn
|-supereffective|p1a: Ferrothorn
|-damage|p1a: Ferrothorn|0 fnt
|faint|p1a: Ferrothorn
|
|
|switch|p1a: Gengar|Gengar, M|263\/263
|turn|3
|
|switch|p2a: Ferrothorn|Ferrothorn, F|351\/351
|move|p1a: Gengar|Sludge Bomb|p2a: Ferrothorn
|-immune|p2a: Ferrothorn|[msg]
|
|turn|4
|
|move|p1a: Gengar|Taunt|p2a: Ferrothorn
|-start|p2a: Ferrothorn|move: Taunt
|cant|p2a: Ferrothorn|move: Taunt|Spikes
|
|turn|5
|
|move|p1a: Gengar|Will-O-Wisp|p2a: Ferrothorn
|-status|p2a: Ferrothorn|brn
|move|p2a: Ferrothorn|Gyro Ball|p1a: Gengar
|-damage|p1a: Gengar|139\/263
|
|-heal|p1a: Gengar|155\/263|[from] item: Black Sludge
|-damage|p2a: Ferrothorn|308\/351 brn|[from] brn
|turn|6
|
|switch|p1a: Gyarados|Gyarados, F|353\/353
|-ability|p1a: Gyarados|Intimidate|[of] p2a: Ferrothorn
|-unboost|p2a: Ferrothorn|atk|1
|move|p2a: Ferrothorn|Gyro Ball|p1a: Gyarados
|-resisted|p1a: Gyarados
|-damage|p1a: Gyarados|317\/353
|
|-heal|p1a: Gyarados|339\/353|[from] item: Leftovers
|-heal|p2a: Ferrothorn|329\/351 brn|[from] item: Leftovers
|-damage|p2a: Ferrothorn|286\/351 brn|[from] brn
|-end|p2a: Ferrothorn|move: Taunt
|turn|7
|
|switch|p2a: Hippowdon|Hippowdon, F|419\/419
|-weather|Sandstorm
|move|p1a: Gyarados|Substitute|p1a: Gyarados
|-start|p1a: Gyarados|Substitute
|-damage|p1a: Gyarados|251\/353
|
|-weather|Sandstorm|[upkeep]
|-damage|p1a: Gyarados|229\/353|[from] sandstorm
|-heal|p1a: Gyarados|251\/353|[from] item: Leftovers
|turn|8
|
|move|p1a: Gyarados|Waterfall|p2a: Hippowdon
|-supereffective|p2a: Hippowdon
|-damage|p2a: Hippowdon|237\/419
|move|p2a: Hippowdon|Stealth Rock|p1a: Gyarados
|-sidestart|p1: taddl96|move: Stealth Rock
|
|-weather|Sandstorm|[upkeep]
|-damage|p1a: Gyarados|229\/353|[from] sandstorm
|-heal|p1a: Gyarados|251\/353|[from] item: Leftovers
|-heal|p2a: Hippowdon|263\/419|[from] item: Leftovers
|turn|9
|
|move|p1a: Gyarados|Waterfall|p2a: Hippowdon
|-supereffective|p2a: Hippowdon
|-damage|p2a: Hippowdon|53\/419
|move|p2a: Hippowdon|Whirlwind|p1a: Gyarados
|drag|p1a: Diancie|Diancie|241\/241
|-damage|p1a: Diancie|211\/241|[from] Stealth Rock
|
|-weather|Sandstorm|[upkeep]
|-heal|p2a: Hippowdon|79\/419|[from] item: Leftovers
|turn|10
|
|detailschange|p1a: Diancie|Diancie-Mega
|-mega|p1a: Diancie|Diancie|Diancite
|move|p1a: Diancie|Hidden Power|p2a: Hippowdon
|-damage|p2a: Hippowdon|0 fnt
|faint|p2a: Hippowdon
|
|-weather|Sandstorm|[upkeep]
|
|switch|p2a: Ditto|Ditto|299\/299
|-transform|p2a: Ditto|p1a: Diancie
|turn|11
|
|switch|p1a: Gengar|Gengar, M|155\/263
|-damage|p1a: Gengar|123\/263|[from] Stealth Rock
|move|p2a: Ditto|Moonblast|p1a: Gengar
|-crit|p1a: Gengar
|-resisted|p1a: Gengar
|-damage|p1a: Gengar|0 fnt
|faint|p1a: Gengar
|
|-weather|none
|
|switch|p1a: Conkeldurr|Conkeldurr, M|351\/351
|-damage|p1a: Conkeldurr|330\/351|[from] Stealth Rock
|turn|12
|
|move|p2a: Ditto|Moonblast|p1a: Conkeldurr
|-supereffective|p1a: Conkeldurr
|-damage|p1a: Conkeldurr|60\/351
|-unboost|p1a: Conkeldurr|spa|1
|move|p1a: Conkeldurr|Drain Punch|p2a: Ditto
|-damage|p2a: Ditto|131\/299
|-heal|p1a: Conkeldurr|144\/351|[from] drain|[of] p2a: Ditto
|
|turn|13
|
|move|p1a: Conkeldurr|Mach Punch|p2a: Ditto
|-damage|p2a: Ditto|53\/299
|move|p2a: Ditto|Moonblast|p1a: Conkeldurr
|-supereffective|p1a: Conkeldurr
|-damage|p1a: Conkeldurr|0 fnt
|faint|p1a: Conkeldurr
|
|
|switch|p1a: Diancie|Diancie-Mega|211\/241
|-damage|p1a: Diancie|181\/241|[from] Stealth Rock
|turn|14
|
|move|p2a: Ditto|Moonblast|p1a: Diancie
|-damage|p1a: Diancie|0 fnt
|faint|p1a: Diancie
|
|-message|taddl96 forfeited.
|leave|taddl96
|
|win|crazybones
|raw|Ladder updating...
|player|p1
|raw|taddl96's rating: 1592 &rarr; <strong>1570<\/strong><br \/>(-22 for losing)
|raw|crazybones's rating: 1557 &rarr; <strong>1579<\/strong><br \/>(+22 for winning)