|join|crazybones
|join|Turducken64
|player|p1|crazybones|211
|player|p2|Turducken64|10
|gametype|singles
|gen|6
|tier|OU
|rated
|clearpoke
|poke|p1|Victini
|poke|p1|Staraptor, M, shiny
|poke|p1|Scolipede, M, shiny
|poke|p1|Latias, F, shiny
|poke|p1|Infernape, M, shiny
|poke|p1|Azumarill, M
|poke|p2|Sceptile, F
|poke|p2|Diggersby, M
|poke|p2|Sylveon, M
|poke|p2|Keldeo
|poke|p2|Zapdos
|poke|p2|Heatran, F
|rule|Swagger Clause: Swagger is banned
|rule|Baton Pass Clause: Limit one PokÃ©mon knowing Baton Pass
|rule|Sleep Clause Mod: Limit one foe put to sleep
|rule|Species Clause: Limit one of each PokÃ©mon
|rule|OHKO Clause: OHKO moves are banned
|rule|Moody Clause: Moody is banned
|rule|Evasion Moves Clause: Evasion moves are banned
|rule|Endless Battle Clause: Forcing endless battles is banned
|rule|HP Percentage Mod: HP is shown in percentages
|teampreview
|
|start
|switch|p1a: Infernape|Infernape, M, shiny|355\/355
|switch|p2a: Diggersby|Diggersby, M|311\/311
|turn|1
|
|move|p1a: Infernape|Fake Out|p2a: Diggersby
|-damage|p2a: Diggersby|271\/311
|cant|p2a: Diggersby|flinch
|
|turn|2
|
|move|p2a: Diggersby|U-turn|p1a: Infernape
|-resisted|p1a: Infernape
|-damage|p1a: Infernape|322\/355
|
|switch|p2a: Sceptile|Sceptile, F|281\/281
|move|p1a: Infernape|Taunt|p2a: Sceptile
|-start|p2a: Sceptile|move: Taunt
|
|turn|3
|
|detailschange|p2a: Sceptile|Sceptile-Mega, F
|-mega|p2a: Sceptile|Sceptile|Sceptilite
|move|p2a: Sceptile|Earthquake|p1a: Infernape
|-supereffective|p1a: Infernape
|-damage|p1a: Infernape|0 fnt
|faint|p1a: Infernape
|
|
|switch|p1a: Victini|Victini|404\/404
|turn|4
|
|switch|p2a: Heatran|Heatran, F|337\/337
|move|p1a: Victini|Final Gambit|p2a: Heatran
|-damage|p2a: Heatran|0 fnt
|faint|p1a: Victini
|faint|p2a: Heatran
|
|join|GLIGACT
|
|switch|p1a: Staraptor|Staraptor, M, shiny|374\/374
|switch|p2a: Zapdos|Zapdos|383\/383
|-ability|p1a: Staraptor|Intimidate|[of] p2a: Zapdos
|-unboost|p2a: Zapdos|atk|1
|-ability|p2a: Zapdos|Pressure
|turn|5
|
|move|p1a: Staraptor|Final Gambit|p2a: Zapdos
|-damage|p2a: Zapdos|9\/383
|faint|p1a: Staraptor
|move|p2a: Zapdos|Roost|p2a: Zapdos
|-heal|p2a: Zapdos|201\/383
|
|-heal|p2a: Zapdos|224\/383|[from] item: Leftovers
|
|switch|p1a: Scolipede|Scolipede, M, shiny|315\/315
|turn|6
|
|move|p1a: Scolipede|Protect|p1a: Scolipede
|-singleturn|p1a: Scolipede|Protect
|move|p2a: Zapdos|Roost|p2a: Zapdos
|-heal|p2a: Zapdos|383\/383
|
|-boost|p1a: Scolipede|spe|1|[from] ability: Speed Boost
|turn|7
|
|move|p1a: Scolipede|Substitute|p1a: Scolipede
|-start|p1a: Scolipede|Substitute
|-damage|p1a: Scolipede|237\/315
|move|p2a: Zapdos|Heat Wave|p1a: Scolipede
|-supereffective|p1a: Scolipede
|-end|p1a: Scolipede|Substitute
|
|-boost|p1a: Scolipede|spe|1|[from] ability: Speed Boost
|turn|8
|
|move|p1a: Scolipede|Protect|p1a: Scolipede
|-singleturn|p1a: Scolipede|Protect
|move|p2a: Zapdos|Heat Wave|p1a: Scolipede
|-activate|p1a: Scolipede|Protect
|
|-boost|p1a: Scolipede|spe|1|[from] ability: Speed Boost
|turn|9
|
|move|p1a: Scolipede|Substitute|p1a: Scolipede
|-start|p1a: Scolipede|Substitute
|-damage|p1a: Scolipede|159\/315
|move|p2a: Zapdos|Heat Wave|p1a: Scolipede
|-miss|p2a: Zapdos|p1a: Scolipede
|
|-boost|p1a: Scolipede|spe|1|[from] ability: Speed Boost
|turn|10
|
|switch|p2a: Sylveon|Sylveon, M|393\/393
|move|p1a: Scolipede|Iron Defense|p1a: Scolipede
|-boost|p1a: Scolipede|def|2
|
|-boost|p1a: Scolipede|spe|1|[from] ability: Speed Boost
|turn|11
|
|move|p1a: Scolipede|Protect|p1a: Scolipede
|-singleturn|p1a: Scolipede|Protect
|move|p2a: Sylveon|Hyper Voice|p1a: Scolipede
|-activate|p1a: Scolipede|Protect
|
|-boost|p1a: Scolipede|spe|1|[from] ability: Speed Boost
|turn|12
|
|move|p1a: Scolipede|Baton Pass|p1a: Scolipede
|
|switch|p1a: Latias|Latias, F, shiny|364\/364
|move|p2a: Sylveon|Hyper Voice|p1a: Latias
|-supereffective|p1a: Latias
|-damage|p1a: Latias|176\/364
|
|turn|13
|
|detailschange|p1a: Latias|Latias-Mega, F, shiny
|-mega|p1a: Latias|Latias|Latiasite
|move|p1a: Latias|Calm Mind|p1a: Latias
|-boost|p1a: Latias|spa|1
|-boost|p1a: Latias|spd|1
|move|p2a: Sylveon|Hyper Voice|p1a: Latias
|-supereffective|p1a: Latias
|-damage|p1a: Latias|74\/364
|
|turn|14
|
|move|p1a: Latias|Roost|p1a: Latias
|-heal|p1a: Latias|256\/364
|move|p2a: Sylveon|Hyper Voice|p1a: Latias
|-crit|p1a: Latias
|-supereffective|p1a: Latias
|-damage|p1a: Latias|32\/364
|
|turn|15
|
|move|p1a: Latias|Roost|p1a: Latias
|-heal|p1a: Latias|214\/364
|move|p2a: Sylveon|Hyper Voice|p1a: Latias
|-supereffective|p1a: Latias
|-damage|p1a: Latias|100\/364
|
|turn|16
|
|move|p1a: Latias|Roost|p1a: Latias
|-heal|p1a: Latias|282\/364
|move|p2a: Sylveon|Hyper Voice|p1a: Latias
|-supereffective|p1a: Latias
|-damage|p1a: Latias|166\/364
|
|turn|17
|
|move|p1a: Latias|Roost|p1a: Latias
|-heal|p1a: Latias|348\/364
|move|p2a: Sylveon|Hyper Voice|p1a: Latias
|-supereffective|p1a: Latias
|-damage|p1a: Latias|240\/364
|
|turn|18
|-message|Turducken64 forfeited.
|leave|Turducken64
|
|win|crazybones
|raw|Ladder updating...
|player|p2
|raw|crazybones's rating: 1647 &rarr; <strong>1665<\/strong><br \/>(+18 for winning)
|raw|Turducken64's rating: 1607 &rarr; <strong>1589<\/strong><br \/>(-18 for losing)