|join|crazybones
|join|Luis coco
|player|p1|crazybones|211
|player|p2|Luis coco|256
|gametype|singles
|gen|6
|tier|OU
|rated
|clearpoke
|poke|p1|Victini
|poke|p1|Staraptor, M, shiny
|poke|p1|Scolipede, M, shiny
|poke|p1|Latias, F, shiny
|poke|p1|Suicune, shiny
|poke|p1|Weavile, M
|poke|p2|Landorus-Therian, M
|poke|p2|Chansey, F
|poke|p2|Skarmory, F
|poke|p2|Heatran, F
|poke|p2|Suicune
|poke|p2|Venusaur, F
|rule|Swagger Clause: Swagger is banned
|rule|Baton Pass Clause: Limit one PokÃ©mon knowing Baton Pass
|rule|Sleep Clause Mod: Limit one foe put to sleep
|rule|Species Clause: Limit one of each PokÃ©mon
|rule|OHKO Clause: OHKO moves are banned
|rule|Moody Clause: Moody is banned
|rule|Evasion Moves Clause: Evasion moves are banned
|rule|Endless Battle Clause: Forcing endless battles is banned
|rule|HP Percentage Mod: HP is shown in percentages
|teampreview
|
|start
|switch|p1a: Weavile|Weavile, M|281\/281
|switch|p2a: Landorus-Therian|Landorus-Therian, M|319\/319
|-ability|p2a: Landorus-Therian|Intimidate|[of] p1a: Weavile
|-unboost|p1a: Weavile|atk|1
|-ability|p1a: Weavile|Pressure
|turn|1
|join|porrige
|
|move|p1a: Weavile|Fake Out|p2a: Landorus-Therian
|-damage|p2a: Landorus-Therian|283\/319
|cant|p2a: Landorus-Therian|flinch
|
|turn|2
|
|switch|p2a: posseidon de 4|Suicune|404\/404
|-ability|p2a: posseidon de 4|Pressure
|move|p1a: Weavile|Ice Shard|p2a: posseidon de 4
|-resisted|p2a: posseidon de 4
|-damage|p2a: posseidon de 4|387\/404
|
|-heal|p2a: posseidon de 4|404\/404|[from] item: Leftovers
|turn|3
|
|switch|p1a: Victini|Victini|404\/404
|move|p2a: posseidon de 4|Scald|p1a: Victini
|-supereffective|p1a: Victini
|-damage|p1a: Victini|222\/404
|
|turn|4
|
|switch|p2a: Heatran|Heatran, F|386\/386
|move|p1a: Victini|Final Gambit|p2a: Heatran
|-damage|p2a: Heatran|164\/386
|faint|p1a: Victini
|
|-heal|p2a: Heatran|188\/386|[from] item: Leftovers
|
|switch|p1a: Staraptor|Staraptor, M, shiny|374\/374
|-ability|p1a: Staraptor|Intimidate|[of] p2a: Heatran
|-unboost|p2a: Heatran|atk|1
|turn|5
|
|switch|p2a: pica pau|Skarmory, F|334\/334
|move|p1a: Staraptor|Final Gambit|p2a: pica pau
|-activate|p2a: pica pau|Sturdy
|-damage|p2a: pica pau|1\/334
|faint|p1a: Staraptor
|
|
|switch|p1a: Weavile|Weavile, M|281\/281
|-ability|p1a: Weavile|Pressure
|turn|6
|
|move|p1a: Weavile|Low Kick|p2a: pica pau
|-crit|p2a: pica pau
|-damage|p2a: pica pau|0 fnt
|-damage|p1a: Weavile|235\/281|[from] item: Rocky Helmet|[of] p2a: pica pau
|faint|p2a: pica pau
|
|
|switch|p2a: posseidon de 4|Suicune|404\/404
|-ability|p2a: posseidon de 4|Pressure
|turn|7
|
|move|p1a: Weavile|Taunt|p2a: posseidon de 4
|-start|p2a: posseidon de 4|move: Taunt
|move|p2a: posseidon de 4|Scald|p1a: Weavile
|-damage|p1a: Weavile|138\/281
|
|turn|8
|
|move|p1a: Weavile|Low Kick|p2a: posseidon de 4
|-damage|p2a: posseidon de 4|329\/404
|move|p2a: posseidon de 4|Scald|p1a: Weavile
|-damage|p1a: Weavile|45\/281
|
|-heal|p2a: posseidon de 4|354\/404|[from] item: Leftovers
|turn|9
|
|move|p1a: Weavile|Low Kick|p2a: posseidon de 4
|-damage|p2a: posseidon de 4|282\/404
|move|p2a: posseidon de 4|Scald|p1a: Weavile
|-damage|p1a: Weavile|0 fnt
|faint|p1a: Weavile
|
|-heal|p2a: posseidon de 4|307\/404|[from] item: Leftovers
|-end|p2a: posseidon de 4|move: Taunt
|
|switch|p1a: Scolipede|Scolipede, M, shiny|323\/323
|turn|10
|
|move|p1a: Scolipede|Iron Defense|p1a: Scolipede
|-boost|p1a: Scolipede|def|2
|move|p2a: posseidon de 4|Calm Mind|p2a: posseidon de 4
|-boost|p2a: posseidon de 4|spa|1
|-boost|p2a: posseidon de 4|spd|1
|
|-heal|p2a: posseidon de 4|332\/404|[from] item: Leftovers
|-boost|p1a: Scolipede|spe|1|[from] ability: Speed Boost
|turn|11
|
|move|p1a: Scolipede|Iron Defense|p1a: Scolipede
|-boost|p1a: Scolipede|def|2
|move|p2a: posseidon de 4|Calm Mind|p2a: posseidon de 4
|-boost|p2a: posseidon de 4|spa|1
|-boost|p2a: posseidon de 4|spd|1
|
|-heal|p2a: posseidon de 4|357\/404|[from] item: Leftovers
|-boost|p1a: Scolipede|spe|1|[from] ability: Speed Boost
|turn|12
|
|move|p1a: Scolipede|Substitute|p1a: Scolipede
|-start|p1a: Scolipede|Substitute
|-damage|p1a: Scolipede|243\/323
|move|p2a: posseidon de 4|Calm Mind|p2a: posseidon de 4
|-boost|p2a: posseidon de 4|spa|1
|-boost|p2a: posseidon de 4|spd|1
|
|-heal|p2a: posseidon de 4|382\/404|[from] item: Leftovers
|-boost|p1a: Scolipede|spe|1|[from] ability: Speed Boost
|turn|13
|
|move|p1a: Scolipede|Baton Pass|p1a: Scolipede
|
|switch|p1a: Latias|Latias, F, shiny|364\/364
|move|p2a: posseidon de 4|Scald|p1a: Latias
|-resisted|p1a: Latias
|-activate|p1a: Latias|Substitute|[damage]
|
|-heal|p2a: posseidon de 4|404\/404|[from] item: Leftovers
|turn|14
|
|detailschange|p1a: Latias|Latias-Mega, F, shiny
|-mega|p1a: Latias|Latias|Latiasite
|move|p1a: Latias|Calm Mind|p1a: Latias
|-boost|p1a: Latias|spa|1
|-boost|p1a: Latias|spd|1
|move|p2a: posseidon de 4|Scald|p1a: Latias
|-resisted|p1a: Latias
|-end|p1a: Latias|Substitute
|
|turn|15
|
|move|p1a: Latias|Calm Mind|p1a: Latias
|-boost|p1a: Latias|spa|1
|-boost|p1a: Latias|spd|1
|move|p2a: posseidon de 4|Scald|p1a: Latias
|-resisted|p1a: Latias
|-damage|p1a: Latias|335\/364
|
|turn|16
|
|move|p1a: Latias|Calm Mind|p1a: Latias
|-boost|p1a: Latias|spa|1
|-boost|p1a: Latias|spd|1
|move|p2a: posseidon de 4|Scald|p1a: Latias
|-resisted|p1a: Latias
|-damage|p1a: Latias|310\/364
|
|turn|17
|
|move|p1a: Latias|Stored Power|p2a: posseidon de 4
|-damage|p2a: posseidon de 4|26\/404
|move|p2a: posseidon de 4|Scald|p1a: Latias
|-resisted|p1a: Latias
|-damage|p1a: Latias|286\/364
|-status|p1a: Latias|brn
|
|-heal|p2a: posseidon de 4|51\/404|[from] item: Leftovers
|-damage|p1a: Latias|241\/364 brn|[from] brn
|turn|18
|
|move|p1a: Latias|Stored Power|p2a: posseidon de 4
|-damage|p2a: posseidon de 4|0 fnt
|faint|p2a: posseidon de 4
|
|-damage|p1a: Latias|196\/364 brn|[from] brn
|-message|Luis coco lost due to inactivity.
|
|win|crazybones
|raw|Ladder updating...
|raw|crazybones's rating: 1617 &rarr; <strong>1635<\/strong><br \/>(+18 for winning)
|raw|Luis coco's rating: 1571 &rarr; <strong>1554<\/strong><br \/>(-17 for losing)