|join|crazybones
|join|ZenzO95
|player|p1|crazybones|211
|player|p2|ZenzO95|209
|gametype|singles
|gen|6
|tier|OU
|rated
|clearpoke
|poke|p1|Victini
|poke|p1|Staraptor, F, shiny
|poke|p1|Scolipede, F, shiny
|poke|p1|Latias, F, shiny
|poke|p1|Talonflame, F, shiny
|poke|p1|Suicune, shiny
|poke|p2|Scolipede, F
|poke|p2|Tyranitar, F
|poke|p2|Metagross
|poke|p2|Rotom-Wash
|poke|p2|Sylveon, F
|poke|p2|Excadrill, M
|rule|Swagger Clause: Swagger is banned
|rule|Baton Pass Clause: Limit one PokÃ©mon knowing Baton Pass
|rule|Sleep Clause Mod: Limit one foe put to sleep
|rule|Species Clause: Limit one of each PokÃ©mon
|rule|OHKO Clause: OHKO moves are banned
|rule|Moody Clause: Moody is banned
|rule|Evasion Moves Clause: Evasion moves are banned
|rule|Endless Battle Clause: Forcing endless battles is banned
|rule|HP Percentage Mod: HP is shown in percentages
|teampreview
|
|start
|switch|p1a: Staraptor|Staraptor, F, shiny|374\/374
|switch|p2a: Scolipede|Scolipede, F|323\/323
|-ability|p1a: Staraptor|Intimidate|[of] p2a: Scolipede
|-unboost|p2a: Scolipede|atk|1
|turn|1
|join|McNasty480
|
|move|p1a: Staraptor|Final Gambit|p2a: Scolipede
|-damage|p2a: Scolipede|0 fnt
|faint|p1a: Staraptor
|faint|p2a: Scolipede
|
|c|âZenzO95|scarfed?
|c|âcrazybones|yes
|c|âZenzO95|i knew i had to make protect <.<
|
|switch|p1a: Victini|Victini|404\/404
|switch|p2a: Tyranitar|Tyranitar, F|403\/403
|-weather|Sandstorm
|turn|2
|
|move|p1a: Victini|Final Gambit|p2a: Tyranitar
|-damage|p2a: Tyranitar|0 fnt
|faint|p1a: Victini
|faint|p2a: Tyranitar
|
|-weather|Sandstorm|[upkeep]
|c|âZenzO95|-.-
|
|switch|p2a: Excadrill|Excadrill, M|361\/361
|switch|p1a: Suicune|Suicune, shiny|403\/403
|-item|p2a: Excadrill|Air Balloon
|-ability|p1a: Suicune|Pressure
|turn|3
|
|switch|p2a: Rotom-Wash|Rotom-Wash|304\/304
|move|p1a: Suicune|Calm Mind|p1a: Suicune
|-boost|p1a: Suicune|spa|1
|-boost|p1a: Suicune|spd|1
|
|-weather|Sandstorm|[upkeep]
|-damage|p2a: Rotom-Wash|285\/304|[from] sandstorm
|-damage|p1a: Suicune|378\/403|[from] sandstorm
|-heal|p1a: Suicune|403\/403|[from] item: Leftovers
|turn|4
|
|move|p2a: Rotom-Wash|Will-O-Wisp|p1a: Suicune
|-status|p1a: Suicune|brn
|move|p1a: Suicune|Calm Mind|p1a: Suicune
|-boost|p1a: Suicune|spa|1
|-boost|p1a: Suicune|spd|1
|
|-weather|Sandstorm|[upkeep]
|-damage|p2a: Rotom-Wash|266\/304|[from] sandstorm
|-damage|p1a: Suicune|378\/403 brn|[from] sandstorm
|-heal|p1a: Suicune|403\/403 brn|[from] item: Leftovers
|-damage|p1a: Suicune|353\/403 brn|[from] brn
|turn|5
|
|move|p2a: Rotom-Wash|Light Screen|p2a: Rotom-Wash
|-sidestart|p2: ZenzO95|move: Light Screen
|move|p1a: Suicune|Calm Mind|p1a: Suicune
|-boost|p1a: Suicune|spa|1
|-boost|p1a: Suicune|spd|1
|
|-weather|Sandstorm|[upkeep]
|-damage|p2a: Rotom-Wash|247\/304|[from] sandstorm
|-damage|p1a: Suicune|328\/403 brn|[from] sandstorm
|-heal|p1a: Suicune|353\/403 brn|[from] item: Leftovers
|-damage|p1a: Suicune|303\/403 brn|[from] brn
|turn|6
|
|move|p2a: Rotom-Wash|Thunderbolt|p1a: Suicune
|-supereffective|p1a: Suicune
|-damage|p1a: Suicune|223\/403 brn
|move|p1a: Suicune|Rest|p1a: Suicune
|-status|p1a: Suicune|slp
|-heal|p1a: Suicune|403\/403 slp|[silent]
|-status|p1a: Suicune|slp|[from] move: Rest
|
|-weather|none
|turn|7
|
|move|p2a: Rotom-Wash|Thunderbolt|p1a: Suicune
|-supereffective|p1a: Suicune
|-damage|p1a: Suicune|325\/403 slp
|cant|p1a: Suicune|slp
|move|p1a: Suicune|Sleep Talk|p1a: Suicune
|move|p1a: Suicune|Scald|p2a: Rotom-Wash|[from]Sleep Talk
|-resisted|p2a: Rotom-Wash
|-damage|p2a: Rotom-Wash|207\/304
|
|-heal|p1a: Suicune|350\/403 slp|[from] item: Leftovers
|turn|8
|
|move|p2a: Rotom-Wash|Thunderbolt|p1a: Suicune
|-supereffective|p1a: Suicune
|-damage|p1a: Suicune|266\/403 slp
|cant|p1a: Suicune|slp
|move|p1a: Suicune|Sleep Talk|p1a: Suicune
|move|p1a: Suicune|Scald|p2a: Rotom-Wash|[from]Sleep Talk
|-resisted|p2a: Rotom-Wash
|-damage|p2a: Rotom-Wash|165\/304
|
|-heal|p1a: Suicune|291\/403 slp|[from] item: Leftovers
|turn|9
|
|move|p2a: Rotom-Wash|Thunderbolt|p1a: Suicune
|-supereffective|p1a: Suicune
|-damage|p1a: Suicune|211\/403 slp
|-curestatus|p1a: Suicune|slp
|move|p1a: Suicune|Calm Mind|p1a: Suicune
|-boost|p1a: Suicune|spa|1
|-boost|p1a: Suicune|spd|1
|
|-heal|p1a: Suicune|236\/403|[from] item: Leftovers
|-sideend|p2: ZenzO95|move: Light Screen
|turn|10
|
|move|p2a: Rotom-Wash|Light Screen|p2a: Rotom-Wash
|-sidestart|p2: ZenzO95|move: Light Screen
|move|p1a: Suicune|Rest|p1a: Suicune
|-status|p1a: Suicune|slp
|-heal|p1a: Suicune|403\/403 slp|[silent]
|-status|p1a: Suicune|slp|[from] move: Rest
|
|turn|11
|
|move|p2a: Rotom-Wash|Thunderbolt|p1a: Suicune
|-supereffective|p1a: Suicune
|-damage|p1a: Suicune|331\/403 slp
|cant|p1a: Suicune|slp
|
|-heal|p1a: Suicune|356\/403 slp|[from] item: Leftovers
|turn|12
|
|move|p2a: Rotom-Wash|Thunderbolt|p1a: Suicune
|-supereffective|p1a: Suicune
|-damage|p1a: Suicune|282\/403 slp
|cant|p1a: Suicune|slp
|move|p1a: Suicune|Sleep Talk|p1a: Suicune
|move|p1a: Suicune|Calm Mind|p1a: Suicune|[from]Sleep Talk
|-boost|p1a: Suicune|spa|1
|-boost|p1a: Suicune|spd|1
|
|-heal|p1a: Suicune|307\/403 slp|[from] item: Leftovers
|turn|13
|
|move|p2a: Rotom-Wash|Hydro Pump|p1a: Suicune
|-resisted|p1a: Suicune
|-damage|p1a: Suicune|289\/403 slp
|-curestatus|p1a: Suicune|slp
|move|p1a: Suicune|Scald|p2a: Rotom-Wash
|-resisted|p2a: Rotom-Wash
|-damage|p2a: Rotom-Wash|107\/304
|-enditem|p2a: Rotom-Wash|Sitrus Berry|[eat]
|-heal|p2a: Rotom-Wash|183\/304|[from] item: Sitrus Berry
|
|-heal|p1a: Suicune|314\/403|[from] item: Leftovers
|turn|14
|
|switch|p2a: Sylveon|Sylveon, F|394\/394
|move|p1a: Suicune|Scald|p2a: Sylveon
|-damage|p2a: Sylveon|268\/394
|
|-heal|p1a: Suicune|339\/403|[from] item: Leftovers
|-heal|p2a: Sylveon|292\/394|[from] item: Leftovers
|-sideend|p2: ZenzO95|move: Light Screen
|turn|15
|
|move|p1a: Suicune|Scald|p2a: Sylveon
|-damage|p2a: Sylveon|66\/394
|move|p2a: Sylveon|Wish|p2a: Sylveon
|
|-heal|p1a: Suicune|364\/403|[from] item: Leftovers
|-heal|p2a: Sylveon|90\/394|[from] item: Leftovers
|turn|16
|
|move|p2a: Sylveon|Protect|p2a: Sylveon
|-singleturn|p2a: Sylveon|Protect
|move|p1a: Suicune|Scald|p2a: Sylveon
|-activate|p2a: Sylveon|Protect
|
|-heal|p2a: Sylveon|287\/394|[from] move: Wish|[wisher] Sylveon
|-heal|p1a: Suicune|389\/403|[from] item: Leftovers
|-heal|p2a: Sylveon|311\/394|[from] item: Leftovers
|turn|17
|
|move|p1a: Suicune|Calm Mind|p1a: Suicune
|-boost|p1a: Suicune|spa|1
|-boost|p1a: Suicune|spd|1
|move|p2a: Sylveon|Wish|p2a: Sylveon
|
|-heal|p1a: Suicune|403\/403|[from] item: Leftovers
|-heal|p2a: Sylveon|335\/394|[from] item: Leftovers
|turn|18
|
|switch|p2a: Rotom-Wash|Rotom-Wash|183\/304
|move|p1a: Suicune|Scald|p2a: Rotom-Wash
|-resisted|p2a: Rotom-Wash
|-damage|p2a: Rotom-Wash|50\/304
|
|-heal|p2a: Rotom-Wash|247\/304|[from] move: Wish|[wisher] Sylveon
|turn|19
|
|move|p2a: Rotom-Wash|Light Screen|p2a: Rotom-Wash
|-sidestart|p2: ZenzO95|move: Light Screen
|move|p1a: Suicune|Scald|p2a: Rotom-Wash
|-resisted|p2a: Rotom-Wash
|-damage|p2a: Rotom-Wash|181\/304
|
|turn|20
|
|switch|p2a: Sylveon|Sylveon, F|335\/394
|move|p1a: Suicune|Scald|p2a: Sylveon
|-damage|p2a: Sylveon|209\/394
|
|-heal|p2a: Sylveon|233\/394|[from] item: Leftovers
|turn|21
|
|move|p1a: Suicune|Scald|p2a: Sylveon
|-damage|p2a: Sylveon|101\/394
|move|p2a: Sylveon|Wish|p2a: Sylveon
|
|-heal|p2a: Sylveon|125\/394|[from] item: Leftovers
|turn|22
|
|move|p2a: Sylveon|Protect|p2a: Sylveon
|-singleturn|p2a: Sylveon|Protect
|move|p1a: Suicune|Calm Mind|p1a: Suicune
|-fail|p1a: Suicune
|
|-heal|p2a: Sylveon|322\/394|[from] move: Wish|[wisher] Sylveon
|-heal|p2a: Sylveon|346\/394|[from] item: Leftovers
|turn|23
|
|move|p1a: Suicune|Scald|p2a: Sylveon
|-damage|p2a: Sylveon|216\/394
|-status|p2a: Sylveon|brn
|move|p2a: Sylveon|Wish|p2a: Sylveon
|
|-heal|p2a: Sylveon|240\/394 brn|[from] item: Leftovers
|-damage|p2a: Sylveon|191\/394 brn|[from] brn
|-sideend|p2: ZenzO95|move: Light Screen
|turn|24
|
|switch|p2a: Rotom-Wash|Rotom-Wash|181\/304
|move|p1a: Suicune|Scald|p2a: Rotom-Wash
|-resisted|p2a: Rotom-Wash
|-damage|p2a: Rotom-Wash|48\/304
|
|-heal|p2a: Rotom-Wash|245\/304|[from] move: Wish|[wisher] Sylveon
|turn|25
|
|move|p2a: Rotom-Wash|Light Screen|p2a: Rotom-Wash
|-sidestart|p2: ZenzO95|move: Light Screen
|move|p1a: Suicune|Scald|p2a: Rotom-Wash
|-resisted|p2a: Rotom-Wash
|-damage|p2a: Rotom-Wash|185\/304
|
|turn|26
|
|switch|p2a: Sylveon|Sylveon, F|191\/394 brn
|move|p1a: Suicune|Scald|p2a: Sylveon
|-damage|p2a: Sylveon|65\/394 brn
|
|-heal|p2a: Sylveon|89\/394 brn|[from] item: Leftovers
|-damage|p2a: Sylveon|40\/394 brn|[from] brn
|turn|27
|
|move|p1a: Suicune|Scald|p2a: Sylveon
|-damage|p2a: Sylveon|0 fnt
|faint|p2a: Sylveon
|
|
|switch|p2a: Excadrill|Excadrill, M|361\/361
|-item|p2a: Excadrill|Air Balloon
|turn|28
|
|move|p2a: Excadrill|Earthquake|p1a: Suicune
|-damage|p1a: Suicune|276\/403
|move|p1a: Suicune|Scald|p2a: Excadrill
|-supereffective|p2a: Excadrill
|-damage|p2a: Excadrill|0 fnt
|-enditem|p2a: Excadrill|Air Balloon
|faint|p2a: Excadrill
|
|-heal|p1a: Suicune|301\/403|[from] item: Leftovers
|
|switch|p2a: Rotom-Wash|Rotom-Wash|185\/304
|turn|29
|
|move|p2a: Rotom-Wash|Will-O-Wisp|p1a: Suicune
|-status|p1a: Suicune|brn
|move|p1a: Suicune|Rest|p1a: Suicune
|-status|p1a: Suicune|slp
|-heal|p1a: Suicune|403\/403 slp|[silent]
|-status|p1a: Suicune|slp|[from] move: Rest
|
|-sideend|p2: ZenzO95|move: Light Screen
|turn|30
|
|move|p2a: Rotom-Wash|Light Screen|p2a: Rotom-Wash
|-sidestart|p2: ZenzO95|move: Light Screen
|cant|p1a: Suicune|slp
|move|p1a: Suicune|Sleep Talk|p1a: Suicune
|move|p1a: Suicune|Scald|p2a: Rotom-Wash|[from]Sleep Talk
|-resisted|p2a: Rotom-Wash
|-damage|p2a: Rotom-Wash|116\/304
|
|turn|31
|
|move|p2a: Rotom-Wash|Thunderbolt|p1a: Suicune
|-supereffective|p1a: Suicune
|-damage|p1a: Suicune|349\/403 slp
|cant|p1a: Suicune|slp
|move|p1a: Suicune|Sleep Talk|p1a: Suicune
|move|p1a: Suicune|Rest|p1a: Suicune|[from]Sleep Talk
|-fail|p1a: Suicune
|
|-heal|p1a: Suicune|374\/403 slp|[from] item: Leftovers
|turn|32
|
|move|p2a: Rotom-Wash|Thunderbolt|p1a: Suicune
|-supereffective|p1a: Suicune
|-damage|p1a: Suicune|324\/403 slp
|-curestatus|p1a: Suicune|slp
|move|p1a: Suicune|Scald|p2a: Rotom-Wash
|-crit|p2a: Rotom-Wash
|-resisted|p2a: Rotom-Wash
|-damage|p2a: Rotom-Wash|0 fnt
|faint|p2a: Rotom-Wash
|
|-heal|p1a: Suicune|349\/403|[from] item: Leftovers
|
|switch|p2a: Metagross|Metagross|301\/301
|turn|33
|c|âZenzO95|gg
|
|detailschange|p2a: Metagross|Metagross-Mega
|-mega|p2a: Metagross|Metagross|Metagrossite
|move|p2a: Metagross|Zen Headbutt|p1a: Suicune
|-damage|p1a: Suicune|213\/403
|move|p1a: Suicune|Scald|p2a: Metagross
|-damage|p2a: Metagross|148\/301
|
|-heal|p1a: Suicune|238\/403|[from] item: Leftovers
|turn|34
|
|move|p2a: Metagross|Zen Headbutt|p1a: Suicune
|-damage|p1a: Suicune|109\/403
|move|p1a: Suicune|Scald|p2a: Metagross
|-crit|p2a: Metagross
|-damage|p2a: Metagross|0 fnt
|faint|p2a: Metagross
|
|win|crazybones
|raw|Ladder updating...
|raw|crazybones's rating: 1582 &rarr; <strong>1600<\/strong><br \/>(+18 for winning)
|raw|ZenzO95's rating: 1547 &rarr; <strong>1529<\/strong><br \/>(-18 for losing)