|join|crazybones
|join|sevi333
|player|p1|crazybones|211
|player|p2|sevi333|265
|gametype|singles
|gen|6
|tier|OU
|rated
|clearpoke
|poke|p1|Victini
|poke|p1|Staraptor, M, shiny
|poke|p1|Scolipede, F, shiny
|poke|p1|Latias, F, shiny
|poke|p1|Talonflame, F, shiny
|poke|p1|Suicune, shiny
|poke|p2|Conkeldurr, M
|poke|p2|Latios, M
|poke|p2|Landorus-Therian, M
|poke|p2|Skarmory, M
|poke|p2|Venusaur, M
|poke|p2|Rotom-Wash
|rule|Swagger Clause: Swagger is banned
|rule|Baton Pass Clause: Limit one PokÃ©mon knowing Baton Pass
|rule|Sleep Clause Mod: Limit one foe put to sleep
|rule|Species Clause: Limit one of each PokÃ©mon
|rule|OHKO Clause: OHKO moves are banned
|rule|Moody Clause: Moody is banned
|rule|Evasion Moves Clause: Evasion moves are banned
|rule|Endless Battle Clause: Forcing endless battles is banned
|rule|HP Percentage Mod: HP is shown in percentages
|teampreview
|
|start
|switch|p1a: Staraptor|Staraptor, M, shiny|374\/374
|switch|p2a: Skarmory|Skarmory, M|334\/334
|-ability|p1a: Staraptor|Intimidate|[of] p2a: Skarmory
|-unboost|p2a: Skarmory|atk|1
|turn|1
|join|Silver - Sarah
|
|move|p1a: Staraptor|Final Gambit|p2a: Skarmory
|-activate|p2a: Skarmory|Sturdy
|-damage|p2a: Skarmory|1\/334
|faint|p1a: Staraptor
|move|p2a: Skarmory|Stealth Rock|p1: Staraptor
|-sidestart|p1: crazybones|move: Stealth Rock
|
|
|switch|p1a: Suicune|Suicune, shiny|403\/403
|-damage|p1a: Suicune|353\/403|[from] Stealth Rock
|-ability|p1a: Suicune|Pressure
|turn|2
|
|switch|p2a: Rotom-Wash|Rotom-Wash|304\/304
|move|p1a: Suicune|Scald|p2a: Rotom-Wash
|-resisted|p2a: Rotom-Wash
|-damage|p2a: Rotom-Wash|271\/304
|
|-heal|p1a: Suicune|378\/403|[from] item: Leftovers
|turn|3
|
|move|p2a: Rotom-Wash|Trick|p1a: Suicune
|-activate|p2a: Rotom-Wash|move: Trick|[of] p1a: Suicune
|-item|p1a: Suicune|Choice Scarf|[from] move: Trick
|-item|p2a: Rotom-Wash|Leftovers|[from] move: Trick
|move|p1a: Suicune|Calm Mind|p1a: Suicune
|-boost|p1a: Suicune|spa|1
|-boost|p1a: Suicune|spd|1
|
|-heal|p2a: Rotom-Wash|290\/304|[from] item: Leftovers
|turn|4
|
|move|p1a: Suicune|Calm Mind|p1a: Suicune
|-boost|p1a: Suicune|spa|1
|-boost|p1a: Suicune|spd|1
|move|p2a: Rotom-Wash|Will-O-Wisp|p1a: Suicune
|-status|p1a: Suicune|brn
|
|-heal|p2a: Rotom-Wash|304\/304|[from] item: Leftovers
|-damage|p1a: Suicune|328\/403 brn|[from] brn
|turn|5
|
|move|p1a: Suicune|Calm Mind|p1a: Suicune
|-boost|p1a: Suicune|spa|1
|-boost|p1a: Suicune|spd|1
|move|p2a: Rotom-Wash|Volt Switch|p1a: Suicune
|-supereffective|p1a: Suicune
|-damage|p1a: Suicune|266\/403 brn
|
|switch|p2a: Conkeldurr|Conkeldurr, M|352\/352
|
|-damage|p1a: Suicune|216\/403 brn|[from] brn
|turn|6
|
|move|p1a: Suicune|Calm Mind|p1a: Suicune
|-boost|p1a: Suicune|spa|1
|-boost|p1a: Suicune|spd|1
|move|p2a: Conkeldurr|Thunder Punch|p1a: Suicune
|-supereffective|p1a: Suicune
|-damage|p1a: Suicune|0 fnt
|faint|p1a: Suicune
|
|
|switch|p1a: Scolipede|Scolipede, F, shiny|323\/323
|-damage|p1a: Scolipede|243\/323|[from] Stealth Rock
|turn|7
|
|move|p1a: Scolipede|Iron Defense|p1a: Scolipede
|-boost|p1a: Scolipede|def|2
|move|p2a: Conkeldurr|Ice Punch|p1a: Scolipede
|-damage|p1a: Scolipede|175\/323
|
|-boost|p1a: Scolipede|spe|1|[from] ability: Speed Boost
|turn|8
|
|switch|p2a: Skarmory|Skarmory, M|1\/334
|move|p1a: Scolipede|Iron Defense|p1a: Scolipede
|-boost|p1a: Scolipede|def|2
|
|-boost|p1a: Scolipede|spe|1|[from] ability: Speed Boost
|turn|9
|
|move|p1a: Scolipede|Baton Pass|p1a: Scolipede
|
|switch|p1a: Latias|Latias, F, shiny|364\/364
|-damage|p1a: Latias|319\/364|[from] Stealth Rock
|move|p2a: Skarmory|Roost|p2a: Skarmory
|-heal|p2a: Skarmory|168\/334
|
|turn|10
|
|switch|p2a: Rotom-Wash|Rotom-Wash|304\/304
|detailschange|p1a: Latias|Latias-Mega, F, shiny
|-mega|p1a: Latias|Latias|Latiasite
|move|p1a: Latias|Thunderbolt|p2a: Rotom-Wash
|-damage|p2a: Rotom-Wash|235\/304
|
|-heal|p2a: Rotom-Wash|254\/304|[from] item: Leftovers
|turn|11
|
|move|p1a: Latias|Calm Mind|p1a: Latias
|-boost|p1a: Latias|spa|1
|-boost|p1a: Latias|spd|1
|move|p2a: Rotom-Wash|Will-O-Wisp|p1a: Latias
|-status|p1a: Latias|brn
|
|-heal|p2a: Rotom-Wash|273\/304|[from] item: Leftovers
|-damage|p1a: Latias|274\/364 brn|[from] brn
|turn|12
|
|move|p1a: Latias|Calm Mind|p1a: Latias
|-boost|p1a: Latias|spa|1
|-boost|p1a: Latias|spd|1
|move|p2a: Rotom-Wash|Hydro Pump|p1a: Latias
|-resisted|p1a: Latias
|-damage|p1a: Latias|257\/364 brn
|
|-heal|p2a: Rotom-Wash|292\/304|[from] item: Leftovers
|-damage|p1a: Latias|212\/364 brn|[from] brn
|turn|13
|
|move|p1a: Latias|Calm Mind|p1a: Latias
|-boost|p1a: Latias|spa|1
|-boost|p1a: Latias|spd|1
|move|p2a: Rotom-Wash|Volt Switch|p1a: Latias
|-resisted|p1a: Latias
|-damage|p1a: Latias|202\/364 brn
|
|switch|p2a: Conkeldurr|Conkeldurr, M|352\/352
|
|-damage|p1a: Latias|157\/364 brn|[from] brn
|turn|14
|
|move|p1a: Latias|Stored Power|p2a: Conkeldurr
|-supereffective|p2a: Conkeldurr
|-damage|p2a: Conkeldurr|0 fnt
|faint|p2a: Conkeldurr
|
|-damage|p1a: Latias|112\/364 brn|[from] brn
|
|switch|p2a: Rotom-Wash|Rotom-Wash|292\/304
|turn|15
|
|move|p1a: Latias|Roost|p1a: Latias
|-heal|p1a: Latias|294\/364 brn
|move|p2a: Rotom-Wash|Hydro Pump|p1a: Latias
|-resisted|p1a: Latias
|-damage|p1a: Latias|281\/364 brn
|
|-heal|p2a: Rotom-Wash|304\/304|[from] item: Leftovers
|-damage|p1a: Latias|236\/364 brn|[from] brn
|turn|16
|
|move|p1a: Latias|Roost|p1a: Latias
|-heal|p1a: Latias|364\/364 brn
|move|p2a: Rotom-Wash|Hydro Pump|p1a: Latias
|-resisted|p1a: Latias
|-damage|p1a: Latias|350\/364 brn
|
|-damage|p1a: Latias|305\/364 brn|[from] brn
|turn|17
|c| Silver - Sarah|gg
|
|move|p1a: Latias|Stored Power|p2a: Rotom-Wash
|-crit|p2a: Rotom-Wash
|-damage|p2a: Rotom-Wash|0 fnt
|faint|p2a: Rotom-Wash
|
|-damage|p1a: Latias|260\/364 brn|[from] brn
|
|switch|p2a: Landorus-Therian|Landorus-Therian, M|320\/320
|-ability|p2a: Landorus-Therian|Intimidate|[of] p1a: Latias
|-unboost|p1a: Latias|atk|1
|turn|18
|c|âcrazybones|latios can still crit a draco
|
|move|p1a: Latias|Stored Power|p2a: Landorus-Therian
|-damage|p2a: Landorus-Therian|0 fnt
|faint|p2a: Landorus-Therian
|
|-damage|p1a: Latias|215\/364 brn|[from] brn
|
|switch|p2a: Latios|Latios, M|302\/302
|turn|19
|
|move|p1a: Latias|Roost|p1a: Latias
|-heal|p1a: Latias|364\/364 brn
|move|p2a: Latios|Draco Meteor|p1a: Latias
|-supereffective|p1a: Latias
|-damage|p1a: Latias|221\/364 brn
|-unboost|p2a: Latios|spa|2
|-damage|p2a: Latios|272\/302|[from] item: Life Orb
|
|-damage|p1a: Latias|176\/364 brn|[from] brn
|turn|20
|
|move|p1a: Latias|Stored Power|p2a: Latios
|-resisted|p2a: Latios
|-damage|p2a: Latios|0 fnt
|faint|p2a: Latios
|
|-damage|p1a: Latias|131\/364 brn|[from] brn
|c| Silver - Sarah|gg
|
|switch|p2a: Skarmory|Skarmory, M|168\/334
|turn|21
|
|move|p1a: Latias|Thunderbolt|p2a: Skarmory
|-supereffective|p2a: Skarmory
|-damage|p2a: Skarmory|0 fnt
|faint|p2a: Skarmory
|
|-damage|p1a: Latias|86\/364 brn|[from] brn
|
|switch|p2a: Venusaur|Venusaur, M|364\/364
|turn|22
|
|detailschange|p2a: Venusaur|Venusaur-Mega, M
|-mega|p2a: Venusaur|Venusaur|Venusaurite
|move|p1a: Latias|Stored Power|p2a: Venusaur
|-supereffective|p2a: Venusaur
|-damage|p2a: Venusaur|0 fnt
|faint|p2a: Venusaur
|
|win|crazybones
|raw|Ladder updating...
|raw|crazybones's rating: 1512 &rarr; <strong>1527<\/strong><br \/>(+15 for winning)
|raw|sevi333's rating: 1415 &rarr; <strong>1400<\/strong><br \/>(-15 for losing)