|join|The Phantom Tele
|join|crazybones
|player|p1|The Phantom Tele|166
|player|p2|crazybones|211
|gametype|singles
|gen|6
|tier|OU
|rated
|clearpoke
|poke|p1|Slowbro, M
|poke|p1|Tornadus-Therian, M
|poke|p1|Altaria, M
|poke|p1|Heatran, M
|poke|p1|Keldeo
|poke|p1|Scizor, F
|poke|p2|Victini
|poke|p2|Scizor, M, shiny
|poke|p2|Scolipede, M, shiny
|poke|p2|Latias, F, shiny
|poke|p2|Infernape, M, shiny
|poke|p2|Suicune, shiny
|rule|Swagger Clause: Swagger is banned
|rule|Baton Pass Clause: Limit one PokÃ©mon knowing Baton Pass
|rule|Sleep Clause Mod: Limit one foe put to sleep
|rule|Species Clause: Limit one of each PokÃ©mon
|rule|OHKO Clause: OHKO moves are banned
|rule|Moody Clause: Moody is banned
|rule|Evasion Moves Clause: Evasion moves are banned
|rule|Endless Battle Clause: Forcing endless battles is banned
|rule|HP Percentage Mod: HP is shown in percentages
|teampreview
|
|start
|switch|p1a: Altaria|Altaria, M|354\/354
|switch|p2a: Infernape|Infernape, M, shiny|355\/355
|turn|1
|join|qpzm257
|
|detailschange|p1a: Altaria|Altaria-Mega, M
|-mega|p1a: Altaria|Altaria|Altarianite
|move|p2a: Infernape|Fake Out|p1a: Altaria
|-damage|p1a: Altaria|326\/354
|cant|p1a: Altaria|flinch
|
|turn|2
|
|move|p2a: Infernape|Taunt|p1a: Altaria
|-start|p1a: Altaria|move: Taunt
|move|p1a: Altaria|Hyper Voice|p2a: Infernape
|-damage|p2a: Infernape|162\/355
|
|turn|3
|
|move|p2a: Infernape|Stealth Rock|p1a: Altaria
|-sidestart|p1: The Phantom Tele|move: Stealth Rock
|move|p1a: Altaria|Hyper Voice|p2a: Infernape
|-damage|p2a: Infernape|0 fnt
|faint|p2a: Infernape
|
|
|switch|p2a: Victini|Victini|404\/404
|turn|4
|
|switch|p1a: Heatran|Heatran, M|386\/386
|-damage|p1a: Heatran|338\/386|[from] Stealth Rock
|move|p2a: Victini|Final Gambit|p1a: Heatran
|-damage|p1a: Heatran|0 fnt
|faint|p2a: Victini
|faint|p1a: Heatran
|
|
|switch|p2a: Scizor|Scizor, M, shiny|281\/281
|switch|p1a: Slowbro|Slowbro, M|394\/394
|-damage|p1a: Slowbro|345\/394|[from] Stealth Rock
|turn|5
|
|move|p2a: Scizor|U-turn|p1a: Slowbro
|-supereffective|p1a: Slowbro
|-damage|p1a: Slowbro|61\/394
|
|switch|p2a: Suicune|Suicune, shiny|403\/403
|-ability|p2a: Suicune|Pressure
|move|p1a: Slowbro|Thunder Wave|p2a: Suicune
|-status|p2a: Suicune|par
|
|-heal|p1a: Slowbro|85\/394|[from] item: Leftovers
|turn|6
|
|switch|p1a: Scizor|Scizor, F|344\/344
|-damage|p1a: Scizor|301\/344|[from] Stealth Rock
|move|p2a: Suicune|Scald|p1a: Scizor
|-crit|p1a: Scizor
|-damage|p1a: Scizor|159\/344
|-status|p1a: Scizor|brn
|
|-heal|p1a: Scizor|180\/344 brn|[from] item: Leftovers
|-damage|p1a: Scizor|137\/344 brn|[from] brn
|turn|7
|
|move|p1a: Scizor|Defog|p2a: Suicune
|-unboost|p2a: Suicune|evasion|1
|-sideend|p1: The Phantom Tele|Stealth Rock|[from] move: Defog|[of] p1a: Scizor
|move|p2a: Suicune|Scald|p1a: Scizor
|-damage|p1a: Scizor|44\/344 brn
|
|-heal|p1a: Scizor|65\/344 brn|[from] item: Leftovers
|-damage|p1a: Scizor|22\/344 brn|[from] brn
|turn|8
|
|move|p1a: Scizor|Roost|p1a: Scizor
|-heal|p1a: Scizor|194\/344 brn
|move|p2a: Suicune|Calm Mind|p2a: Suicune
|-boost|p2a: Suicune|spa|1
|-boost|p2a: Suicune|spd|1
|
|-heal|p1a: Scizor|215\/344 brn|[from] item: Leftovers
|-damage|p1a: Scizor|172\/344 brn|[from] brn
|turn|9
|
|move|p1a: Scizor|U-turn|p2a: Suicune
|-damage|p2a: Suicune|363\/403 par
|
|switch|p1a: Keldeo|Keldeo|323\/323
|move|p2a: Suicune|Rest|p2a: Suicune
|-status|p2a: Suicune|slp
|-heal|p2a: Suicune|403\/403 slp|[silent]
|-status|p2a: Suicune|slp|[from] move: Rest
|
|turn|10
|
|move|p1a: Keldeo|Substitute|p1a: Keldeo
|-start|p1a: Keldeo|Substitute
|-damage|p1a: Keldeo|243\/323
|cant|p2a: Suicune|slp
|move|p2a: Suicune|Sleep Talk|p2a: Suicune
|move|p2a: Suicune|Calm Mind|p2a: Suicune|[from]Sleep Talk
|-boost|p2a: Suicune|spa|1
|-boost|p2a: Suicune|spd|1
|
|-heal|p1a: Keldeo|263\/323|[from] item: Leftovers
|turn|11
|
|move|p1a: Keldeo|Calm Mind|p1a: Keldeo
|-boost|p1a: Keldeo|spa|1
|-boost|p1a: Keldeo|spd|1
|cant|p2a: Suicune|slp
|move|p2a: Suicune|Sleep Talk|p2a: Suicune
|move|p2a: Suicune|Scald|p1a: Keldeo|[from]Sleep Talk
|-resisted|p1a: Keldeo
|-activate|p1a: Keldeo|Substitute|[damage]
|
|-heal|p1a: Keldeo|283\/323|[from] item: Leftovers
|turn|12
|
|switch|p2a: Scolipede|Scolipede, M, shiny|315\/315
|move|p1a: Keldeo|Secret Sword|p2a: Scolipede
|-resisted|p2a: Scolipede
|-damage|p2a: Scolipede|271\/315
|
|-heal|p1a: Keldeo|303\/323|[from] item: Leftovers
|turn|13
|leave|qpzm257
|
|move|p2a: Scolipede|Protect|p2a: Scolipede
|-singleturn|p2a: Scolipede|Protect
|move|p1a: Keldeo|Scald|p2a: Scolipede
|-activate|p2a: Scolipede|Protect
|
|-heal|p1a: Keldeo|323\/323|[from] item: Leftovers
|-boost|p2a: Scolipede|spe|1|[from] ability: Speed Boost
|turn|14
|
|move|p2a: Scolipede|Substitute|p2a: Scolipede
|-start|p2a: Scolipede|Substitute
|-damage|p2a: Scolipede|193\/315
|move|p1a: Keldeo|Scald|p2a: Scolipede
|-end|p2a: Scolipede|Substitute
|
|-boost|p2a: Scolipede|spe|1|[from] ability: Speed Boost
|turn|15
|
|move|p2a: Scolipede|Substitute|p2a: Scolipede
|-start|p2a: Scolipede|Substitute
|-damage|p2a: Scolipede|115\/315
|move|p1a: Keldeo|Scald|p2a: Scolipede
|-end|p2a: Scolipede|Substitute
|
|-boost|p2a: Scolipede|spe|1|[from] ability: Speed Boost
|turn|16
|
|move|p2a: Scolipede|Protect|p2a: Scolipede
|-singleturn|p2a: Scolipede|Protect
|move|p1a: Keldeo|Scald|p2a: Scolipede
|-activate|p2a: Scolipede|Protect
|
|-boost|p2a: Scolipede|spe|1|[from] ability: Speed Boost
|turn|17
|
|move|p2a: Scolipede|Substitute|p2a: Scolipede
|-start|p2a: Scolipede|Substitute
|-damage|p2a: Scolipede|37\/315
|move|p1a: Keldeo|Scald|p2a: Scolipede
|-end|p2a: Scolipede|Substitute
|
|-boost|p2a: Scolipede|spe|1|[from] ability: Speed Boost
|turn|18
|
|move|p2a: Scolipede|Baton Pass|p2a: Scolipede
|
|switch|p2a: Latias|Latias, F, shiny|364\/364
|move|p1a: Keldeo|Scald|p2a: Latias
|-resisted|p2a: Latias
|-damage|p2a: Latias|298\/364
|
|turn|19
|
|detailschange|p2a: Latias|Latias-Mega, F, shiny
|-mega|p2a: Latias|Latias|Latiasite
|move|p2a: Latias|Calm Mind|p2a: Latias
|-boost|p2a: Latias|spa|1
|-boost|p2a: Latias|spd|1
|move|p1a: Keldeo|Calm Mind|p1a: Keldeo
|-boost|p1a: Keldeo|spa|1
|-boost|p1a: Keldeo|spd|1
|
|turn|20
|
|move|p2a: Latias|Stored Power|p1a: Keldeo
|-supereffective|p1a: Keldeo
|-end|p1a: Keldeo|Substitute
|move|p1a: Keldeo|Secret Sword|p2a: Latias
|-resisted|p2a: Latias
|-damage|p2a: Latias|172\/364
|
|turn|21
|
|move|p2a: Latias|Stored Power|p1a: Keldeo
|-supereffective|p1a: Keldeo
|-damage|p1a: Keldeo|0 fnt
|faint|p1a: Keldeo
|
|
|switch|p1a: Tornadus-Therian|Tornadus-Therian, M|332\/332
|turn|22
|
|move|p2a: Latias|Roost|p2a: Latias
|-heal|p2a: Latias|354\/364
|move|p1a: Tornadus-Therian|Knock Off|p2a: Latias
|-supereffective|p2a: Latias
|-damage|p2a: Latias|278\/364
|
|turn|23
|
|move|p2a: Latias|Calm Mind|p2a: Latias
|-boost|p2a: Latias|spa|1
|-boost|p2a: Latias|spd|1
|move|p1a: Tornadus-Therian|U-turn|p2a: Latias
|-supereffective|p2a: Latias
|-damage|p2a: Latias|186\/364
|
|switch|p1a: Altaria|Altaria-Mega, M|326\/354
|
|turn|24
|
|move|p2a: Latias|Stored Power|p1a: Altaria
|-damage|p1a: Altaria|0 fnt
|faint|p1a: Altaria
|
|-message|The Phantom Tele forfeited.
|leave|The Phantom Tele
|
|win|crazybones
|raw|Ladder updating...
|player|p1
|raw|The Phantom Tele's rating: 1743 &rarr; <strong>1718<\/strong><br \/>(-25 for losing)
|raw|crazybones's rating: 1641 &rarr; <strong>1667<\/strong><br \/>(+26 for winning)