|join|crazybones
|join|Tomtommetom
|player|p1|crazybones|211
|player|p2|Tomtommetom|2
|gametype|singles
|gen|6
|tier|OU
|rated
|clearpoke
|poke|p1|Gardevoir, M, shiny
|poke|p1|Latios, M
|poke|p1|Scolipede, M
|poke|p1|Ditto
|poke|p1|Latias, F
|poke|p1|Mew
|poke|p2|Scizor, F
|poke|p2|Mamoswine, M
|poke|p2|Heatran, F
|poke|p2|Keldeo
|poke|p2|Latios, M
|poke|p2|Rotom-Wash
|rule|Swagger Clause: Swagger is banned
|rule|Baton Pass Clause: Limit one PokÃ©mon knowing Baton Pass
|rule|Sleep Clause Mod: Limit one foe put to sleep
|rule|Species Clause: Limit one of each PokÃ©mon
|rule|OHKO Clause: OHKO moves are banned
|rule|Moody Clause: Moody is banned
|rule|Evasion Moves Clause: Evasion moves are banned
|rule|Endless Battle Clause: Forcing endless battles is banned
|rule|HP Percentage Mod: HP is shown in percentages
|teampreview
|
|start
|switch|p1a: Scolipede|Scolipede, M|323\/323
|switch|p2a: Mamoswine|Mamoswine, M|361\/361
|turn|1
|
|move|p2a: Mamoswine|Earthquake|p1a: Scolipede
|-crit|p1a: Scolipede
|-damage|p1a: Scolipede|127\/323
|move|p1a: Scolipede|Iron Defense|p1a: Scolipede
|-boost|p1a: Scolipede|def|2
|
|-boost|p1a: Scolipede|spe|1|[from] ability: Speed Boost
|turn|2
|
|move|p1a: Scolipede|Protect|p1a: Scolipede
|-singleturn|p1a: Scolipede|Protect
|move|p2a: Mamoswine|Earthquake|p1a: Scolipede
|-activate|p1a: Scolipede|Protect
|
|-boost|p1a: Scolipede|spe|1|[from] ability: Speed Boost
|turn|3
|
|move|p1a: Scolipede|Baton Pass|p1a: Scolipede
|
|switch|p1a: Latios|Latios, M|301\/301
|move|p2a: Mamoswine|Earthquake|p1a: Latios
|-immune|p1a: Latios|[msg]
|
|turn|4
|
|move|p1a: Latios|Stored Power|p2a: Mamoswine
|-crit|p2a: Mamoswine
|-enditem|p2a: Mamoswine|Focus Sash
|-damage|p2a: Mamoswine|1\/361
|move|p2a: Mamoswine|Icicle Spear|p1a: Latios
|-supereffective|p1a: Latios
|-damage|p1a: Latios|241\/301
|-supereffective|p1a: Latios
|-damage|p1a: Latios|185\/301
|-hitcount|p1a: Latios|2
|
|-heal|p1a: Latios|203\/301|[from] item: Leftovers
|turn|5
|
|move|p2a: Mamoswine|Ice Shard|p1a: Latios
|-supereffective|p1a: Latios
|-damage|p1a: Latios|119\/301
|move|p1a: Latios|Hidden Power|p2a: Mamoswine
|-supereffective|p2a: Mamoswine
|-damage|p2a: Mamoswine|0 fnt
|faint|p2a: Mamoswine
|
|-heal|p1a: Latios|137\/301|[from] item: Leftovers
|
|switch|p2a: Latios|Latios, M|301\/301
|turn|6
|
|switch|p1a: Gardevoir|Gardevoir, M, shiny|277\/277
|move|p2a: Latios|Draco Meteor|p1a: Gardevoir
|-immune|p1a: Gardevoir|[msg]
|
|turn|7
|
|switch|p2a: Heatran|Heatran, F|323\/323
|detailschange|p1a: Gardevoir|Gardevoir-Mega, M, shiny
|-mega|p1a: Gardevoir|Gardevoir|Gardevoirite
|move|p1a: Gardevoir|Hyper Voice|p2a: Heatran
|-resisted|p2a: Heatran
|-damage|p2a: Heatran|258\/323
|
|turn|8
|
|move|p2a: Heatran|Flash Cannon|p1a: Gardevoir
|-supereffective|p1a: Gardevoir
|-damage|p1a: Gardevoir|41\/277
|move|p1a: Gardevoir|Focus Blast|p2a: Heatran
|-supereffective|p2a: Heatran
|-damage|p2a: Heatran|0 fnt
|faint|p2a: Heatran
|
|
|switch|p2a: Scizor|Scizor, F|281\/281
|turn|9
|
|detailschange|p2a: Scizor|Scizor-Mega, F
|-mega|p2a: Scizor|Scizor|Scizorite
|move|p2a: Scizor|Bullet Punch|p1a: Gardevoir
|-crit|p1a: Gardevoir
|-supereffective|p1a: Gardevoir
|-damage|p1a: Gardevoir|0 fnt
|faint|p1a: Gardevoir
|
|
|switch|p1a: Mew|Mew|341\/341
|turn|10
|
|move|p1a: Mew|Transform|p2a: Scizor
|-transform|p1a: Mew|p2a: Scizor
|move|p2a: Scizor|Bug Bite|p1a: Mew
|-resisted|p1a: Mew
|-damage|p1a: Mew|269\/341
|
|-heal|p1a: Mew|290\/341|[from] item: Leftovers
|turn|11
|
|move|p1a: Mew|Swords Dance|p1a: Mew
|-boost|p1a: Mew|atk|2
|move|p2a: Scizor|Swords Dance|p2a: Scizor
|-boost|p2a: Scizor|atk|2
|
|-heal|p1a: Mew|311\/341|[from] item: Leftovers
|turn|12
|
|move|p1a: Mew|Swords Dance|p1a: Mew
|-boost|p1a: Mew|atk|2
|move|p2a: Scizor|Superpower|p1a: Mew
|-damage|p1a: Mew|68\/341
|-unboost|p2a: Scizor|atk|1
|-unboost|p2a: Scizor|def|1
|
|-heal|p1a: Mew|89\/341|[from] item: Leftovers
|turn|13
|
|move|p2a: Scizor|Bullet Punch|p1a: Mew
|-resisted|p1a: Mew
|-damage|p1a: Mew|10\/341
|move|p1a: Mew|Superpower|p2a: Scizor
|-damage|p2a: Scizor|0 fnt
|-unboost|p1a: Mew|atk|1
|-unboost|p1a: Mew|def|1
|faint|p2a: Scizor
|
|-heal|p1a: Mew|31\/341|[from] item: Leftovers
|
|switch|p2a: Keldeo|Keldeo|323\/323
|turn|14
|
|move|p1a: Mew|Bullet Punch|p2a: Keldeo
|-resisted|p2a: Keldeo
|-damage|p2a: Keldeo|161\/323
|move|p2a: Keldeo|Secret Sword|p1a: Mew
|-damage|p1a: Mew|0 fnt
|faint|p1a: Mew
|
|
|switch|p1a: Latias|Latias, F|301\/301
|turn|15
|
|move|p1a: Latias|Draco Meteor|p2a: Keldeo
|-damage|p2a: Keldeo|0 fnt
|-unboost|p1a: Latias|spa|2
|faint|p2a: Keldeo
|
|
|switch|p2a: Latios|Latios, M|301\/301
|turn|16
|
|switch|p1a: Latios|Latios, M|137\/301
|move|p2a: Latios|Draco Meteor|p1a: Latios
|-supereffective|p1a: Latios
|-damage|p1a: Latios|0 fnt
|-unboost|p2a: Latios|spa|2
|faint|p1a: Latios
|
|
|switch|p1a: Latias|Latias, F|301\/301
|turn|17
|
|move|p1a: Latias|Draco Meteor|p2a: Latios
|-supereffective|p2a: Latios
|-damage|p2a: Latios|0 fnt
|-unboost|p1a: Latias|spa|2
|faint|p2a: Latios
|
|c|âTomtommetom|gg
|-message|Tomtommetom forfeited.
|c|âcrazybones|gg
|leave|Tomtommetom
|
|win|crazybones
|raw|Ladder updating...
|raw|crazybones's rating: 1470 &rarr; <strong>1489<\/strong><br \/>(+19 for winning)
|raw|Tomtommetom's rating: 1464 &rarr; <strong>1444<\/strong><br \/>(-20 for losing)
|player|p2