|join|Roi Pika
|join|crazybones
|player|p1|Roi Pika|290
|player|p2|crazybones|211
|gametype|singles
|gen|6
|tier|OU
|rated
|clearpoke
|poke|p1|Metagross, shiny
|poke|p1|Gothitelle, M
|poke|p1|Kyurem-Black, shiny
|poke|p1|Landorus-Therian, M, shiny
|poke|p1|Mandibuzz, F
|poke|p1|Rotom-Wash, shiny
|poke|p2|Victini
|poke|p2|Staraptor, M, shiny
|poke|p2|Scolipede, M, shiny
|poke|p2|Latias, F, shiny
|poke|p2|Infernape, M, shiny
|poke|p2|Suicune, shiny
|rule|Swagger Clause: Swagger is banned
|rule|Baton Pass Clause: Limit one PokÃ©mon knowing Baton Pass
|rule|Sleep Clause Mod: Limit one foe put to sleep
|rule|Species Clause: Limit one of each PokÃ©mon
|rule|OHKO Clause: OHKO moves are banned
|rule|Moody Clause: Moody is banned
|rule|Evasion Moves Clause: Evasion moves are banned
|rule|Endless Battle Clause: Forcing endless battles is banned
|rule|HP Percentage Mod: HP is shown in percentages
|teampreview
|
|start
|switch|p1a: Rotom-Wash|Rotom-Wash, shiny|304\/304
|switch|p2a: Infernape|Infernape, M, shiny|355\/355
|turn|1
|
|move|p2a: Infernape|Fake Out|p1a: Rotom-Wash
|-damage|p1a: Rotom-Wash|271\/304
|cant|p1a: Rotom-Wash|flinch
|
|-heal|p1a: Rotom-Wash|290\/304|[from] item: Leftovers
|turn|2
|
|move|p2a: Infernape|Stealth Rock|p1a: Rotom-Wash
|-sidestart|p1: Roi Pika|move: Stealth Rock
|move|p1a: Rotom-Wash|Volt Switch|p2a: Infernape
|-damage|p2a: Infernape|238\/355
|
|switch|p1a: Landorus-Therian|Landorus-Therian, M, shiny|381\/381
|-damage|p1a: Landorus-Therian|334\/381|[from] Stealth Rock
|-ability|p1a: Landorus-Therian|Intimidate|[of] p2a: Infernape
|-unboost|p2a: Infernape|atk|1
|
|-heal|p1a: Landorus-Therian|357\/381|[from] item: Leftovers
|turn|3
|
|move|p2a: Infernape|Taunt|p1a: Landorus-Therian
|-start|p1a: Landorus-Therian|move: Taunt
|move|p1a: Landorus-Therian|Earthquake|p2a: Infernape
|-supereffective|p2a: Infernape
|-damage|p2a: Infernape|0 fnt
|faint|p2a: Infernape
|
|-heal|p1a: Landorus-Therian|380\/381|[from] item: Leftovers
|
|switch|p2a: Scolipede|Scolipede, M, shiny|315\/315
|turn|4
|
|switch|p1a: Metagross|Metagross, shiny|301\/301
|-damage|p1a: Metagross|283\/301|[from] Stealth Rock
|move|p2a: Scolipede|Iron Defense|p2a: Scolipede
|-boost|p2a: Scolipede|def|2
|
|-boost|p2a: Scolipede|spe|1|[from] ability: Speed Boost
|turn|5
|
|detailschange|p1a: Metagross|Metagross-Mega, shiny
|-mega|p1a: Metagross|Metagross|Metagrossite
|move|p2a: Scolipede|Iron Defense|p2a: Scolipede
|-boost|p2a: Scolipede|def|2
|move|p1a: Metagross|Agility|p1a: Metagross
|-boost|p1a: Metagross|spe|2
|
|-boost|p2a: Scolipede|spe|1|[from] ability: Speed Boost
|turn|6
|
|move|p1a: Metagross|Zen Headbutt|p2a: Scolipede
|-supereffective|p2a: Scolipede
|-damage|p2a: Scolipede|211\/315
|cant|p2a: Scolipede|flinch
|
|-boost|p2a: Scolipede|spe|1|[from] ability: Speed Boost
|turn|7
|
|move|p1a: Metagross|Zen Headbutt|p2a: Scolipede
|-supereffective|p2a: Scolipede
|-damage|p2a: Scolipede|103\/315
|move|p2a: Scolipede|Iron Defense|p2a: Scolipede
|-boost|p2a: Scolipede|def|2
|
|-boost|p2a: Scolipede|spe|1|[from] ability: Speed Boost
|turn|8
|
|move|p2a: Scolipede|Protect|p2a: Scolipede
|-singleturn|p2a: Scolipede|Protect
|move|p1a: Metagross|Zen Headbutt|p2a: Scolipede
|-activate|p2a: Scolipede|Protect
|
|-boost|p2a: Scolipede|spe|1|[from] ability: Speed Boost
|turn|9
|
|move|p2a: Scolipede|Substitute|p2a: Scolipede
|-start|p2a: Scolipede|Substitute
|-damage|p2a: Scolipede|25\/315
|move|p1a: Metagross|Agility|p1a: Metagross
|-boost|p1a: Metagross|spe|2
|
|-boost|p2a: Scolipede|spe|1|[from] ability: Speed Boost
|turn|10
|
|switch|p1a: Gothitelle|Gothitelle, M|301\/301
|-damage|p1a: Gothitelle|264\/301|[from] Stealth Rock
|move|p2a: Scolipede|Baton Pass|p2a: Scolipede
|
|switch|p2a: Latias|Latias, F, shiny|364\/364
|
|turn|11
|
|switch|p1a: Mandibuzz|Mandibuzz, F|423\/423
|-damage|p1a: Mandibuzz|318\/423|[from] Stealth Rock
|detailschange|p2a: Latias|Latias-Mega, F, shiny
|-mega|p2a: Latias|Latias|Latiasite
|move|p2a: Latias|Calm Mind|p2a: Latias
|-boost|p2a: Latias|spa|1
|-boost|p2a: Latias|spd|1
|
|turn|12
|
|move|p2a: Latias|Thunderbolt|p1a: Mandibuzz
|-supereffective|p1a: Mandibuzz
|-damage|p1a: Mandibuzz|36\/423
|move|p1a: Mandibuzz|Foul Play|p2a: Latias
|-supereffective|p2a: Latias
|-activate|p2a: Latias|Substitute|[damage]
|
|turn|13
|
|move|p2a: Latias|Thunderbolt|p1a: Mandibuzz
|-supereffective|p1a: Mandibuzz
|-damage|p1a: Mandibuzz|0 fnt
|faint|p1a: Mandibuzz
|
|
|switch|p1a: Metagross|Metagross-Mega, shiny|283\/301
|-damage|p1a: Metagross|265\/301|[from] Stealth Rock
|turn|14
|
|move|p2a: Latias|Calm Mind|p2a: Latias
|-boost|p2a: Latias|spa|1
|-boost|p2a: Latias|spd|1
|move|p1a: Metagross|Meteor Mash|p2a: Latias
|-end|p2a: Latias|Substitute
|
|turn|15
|
|move|p2a: Latias|Thunderbolt|p1a: Metagross
|-damage|p1a: Metagross|95\/301
|move|p1a: Metagross|Meteor Mash|p2a: Latias
|-damage|p2a: Latias|309\/364
|
|turn|16
|
|move|p2a: Latias|Thunderbolt|p1a: Metagross
|-damage|p1a: Metagross|0 fnt
|faint|p1a: Metagross
|
|
|switch|p1a: Landorus-Therian|Landorus-Therian, M, shiny|380\/381
|-damage|p1a: Landorus-Therian|333\/381|[from] Stealth Rock
|-ability|p1a: Landorus-Therian|Intimidate|[of] p2a: Latias
|-unboost|p2a: Latias|atk|1
|turn|17
|
|move|p2a: Latias|Stored Power|p1a: Landorus-Therian
|-damage|p1a: Landorus-Therian|0 fnt
|faint|p1a: Landorus-Therian
|
|-message|Roi Pika forfeited.
|
|win|crazybones
|raw|Ladder updating...
|leave|Roi Pika
|player|p1
|raw|Roi Pika's rating: 1627 &rarr; <strong>1606<\/strong><br \/>(-21 for losing)
|raw|crazybones's rating: 1606 &rarr; <strong>1627<\/strong><br \/>(+21 for winning)