|join|Reverb
|join|crazybones
|player|p1|Reverb|#reverb
|player|p2|crazybones|211
|gametype|singles
|gen|6
|tier|OU
|rated
|clearpoke
|poke|p1|Lopunny, M
|poke|p1|Celebi
|poke|p1|Tyranitar, F
|poke|p1|Keldeo
|poke|p1|Landorus-Therian, M
|poke|p1|Empoleon, M
|poke|p2|Victini
|poke|p2|Staraptor, M, shiny
|poke|p2|Scolipede, M, shiny
|poke|p2|Latias, F, shiny
|poke|p2|Infernape, M, shiny
|poke|p2|Azumarill, M
|rule|Swagger Clause: Swagger is banned
|rule|Baton Pass Clause: Limit one PokÃ©mon knowing Baton Pass
|rule|Sleep Clause Mod: Limit one foe put to sleep
|rule|Species Clause: Limit one of each PokÃ©mon
|rule|OHKO Clause: OHKO moves are banned
|rule|Moody Clause: Moody is banned
|rule|Evasion Moves Clause: Evasion moves are banned
|rule|Endless Battle Clause: Forcing endless battles is banned
|rule|HP Percentage Mod: HP is shown in percentages
|teampreview
|
|start
|switch|p1a: Landorus-Therian|Landorus-Therian, M|327\/327
|switch|p2a: Infernape|Infernape, M, shiny|355\/355
|-ability|p1a: Landorus-Therian|Intimidate|[of] p2a: Infernape
|-unboost|p2a: Infernape|atk|1
|turn|1
|
|move|p2a: Infernape|Fake Out|p1a: Landorus-Therian
|-damage|p1a: Landorus-Therian|304\/327
|cant|p1a: Landorus-Therian|flinch
|
|turn|2
|
|move|p1a: Landorus-Therian|Earthquake|p2a: Infernape
|-supereffective|p2a: Infernape
|-enditem|p2a: Infernape|Focus Sash
|-damage|p2a: Infernape|1\/355
|move|p2a: Infernape|Stealth Rock|p1a: Landorus-Therian
|-sidestart|p1: Reverb|move: Stealth Rock
|
|turn|3
|
|switch|p2a: Staraptor|Staraptor, M, shiny|374\/374
|-ability|p2a: Staraptor|Intimidate|[of] p1a: Landorus-Therian
|-unboost|p1a: Landorus-Therian|atk|1
|move|p1a: Landorus-Therian|Earthquake|p2a: Staraptor
|-immune|p2a: Staraptor|[msg]
|
|turn|4
|
|move|p2a: Staraptor|Final Gambit|p1a: Landorus-Therian
|-damage|p1a: Landorus-Therian|0 fnt
|faint|p2a: Staraptor
|faint|p1a: Landorus-Therian
|
|
|switch|p1a: Lopunny|Lopunny, M|271\/271
|switch|p2a: Victini|Victini|404\/404
|-damage|p1a: Lopunny|238\/271|[from] Stealth Rock
|turn|5
|
|switch|p2a: Infernape|Infernape, M, shiny|1\/355
|detailschange|p1a: Lopunny|Lopunny-Mega, M
|-mega|p1a: Lopunny|Lopunny|Lopunnite
|move|p1a: Lopunny|Fake Out|p2a: Infernape
|-damage|p2a: Infernape|0 fnt
|faint|p2a: Infernape
|
|
|switch|p2a: Victini|Victini|404\/404
|turn|6
|
|switch|p1a: Keldeo|Keldeo|323\/323
|-damage|p1a: Keldeo|303\/323|[from] Stealth Rock
|move|p2a: Victini|Final Gambit|p1a: Keldeo
|-damage|p1a: Keldeo|0 fnt
|faint|p2a: Victini
|faint|p1a: Keldeo
|
|
|switch|p2a: Scolipede|Scolipede, M, shiny|315\/315
|switch|p1a: Tyranitar|Tyranitar, F|383\/383
|-damage|p1a: Tyranitar|336\/383|[from] Stealth Rock
|-weather|Sandstorm
|turn|7
|
|switch|p2a: Azumarill|Azumarill, M|404\/404
|switch|p1a: Empoleon|Empoleon, M|371\/371
|-damage|p1a: Empoleon|348\/371|[from] Stealth Rock
|
|-weather|Sandstorm|[upkeep]
|-damage|p2a: Azumarill|379\/404|[from] sandstorm
|-heal|p1a: Empoleon|371\/371|[from] item: Leftovers
|turn|8
|
|move|p2a: Azumarill|Belly Drum|p2a: Azumarill
|-damage|p2a: Azumarill|177\/404
|-setboost|p2a: Azumarill|atk|6|[from] move: Belly Drum
|-enditem|p2a: Azumarill|Sitrus Berry|[eat]
|-heal|p2a: Azumarill|278\/404|[from] item: Sitrus Berry
|move|p1a: Empoleon|Roar|p2a: Azumarill
|drag|p2a: Latias|Latias, F, shiny|364\/364
|
|-weather|Sandstorm|[upkeep]
|-damage|p2a: Latias|342\/364|[from] sandstorm
|turn|9
|
|switch|p2a: Azumarill|Azumarill, M|278\/404
|move|p1a: Empoleon|Defog|p2a: Azumarill
|-unboost|p2a: Azumarill|evasion|1
|-sideend|p1: Reverb|Stealth Rock|[from] move: Defog|[of] p1a: Empoleon
|
|-weather|Sandstorm|[upkeep]
|-damage|p2a: Azumarill|253\/404|[from] sandstorm
|turn|10
|
|move|p1a: Empoleon|Scald|p2a: Azumarill
|-crit|p2a: Azumarill
|-resisted|p2a: Azumarill
|-damage|p2a: Azumarill|154\/404
|move|p2a: Azumarill|Superpower|p1a: Empoleon
|-supereffective|p1a: Empoleon
|-damage|p1a: Empoleon|111\/371
|-unboost|p2a: Azumarill|atk|1
|-unboost|p2a: Azumarill|def|1
|
|-weather|Sandstorm|[upkeep]
|-damage|p2a: Azumarill|129\/404|[from] sandstorm
|-heal|p1a: Empoleon|134\/371|[from] item: Leftovers
|turn|11
|
|switch|p1a: Celebi|Celebi|404\/404
|move|p2a: Azumarill|Superpower|p1a: Celebi
|-crit|p1a: Celebi
|-resisted|p1a: Celebi
|-damage|p1a: Celebi|276\/404
|-unboost|p2a: Azumarill|atk|1
|-unboost|p2a: Azumarill|def|1
|
|-weather|none
|-heal|p1a: Celebi|301\/404|[from] item: Leftovers
|turn|12
|
|move|p1a: Celebi|Psychic|p2a: Azumarill
|-damage|p2a: Azumarill|5\/404
|move|p2a: Azumarill|Play Rough|p1a: Celebi
|-damage|p1a: Celebi|196\/404
|
|-heal|p1a: Celebi|221\/404|[from] item: Leftovers
|turn|13
|
|move|p2a: Azumarill|Aqua Jet|p1a: Celebi
|-resisted|p1a: Celebi
|-damage|p1a: Celebi|199\/404
|move|p1a: Celebi|Recover|p1a: Celebi
|-heal|p1a: Celebi|401\/404
|
|-heal|p1a: Celebi|404\/404|[from] item: Leftovers
|turn|14
|
|move|p1a: Celebi|Psychic|p2a: Azumarill
|-damage|p2a: Azumarill|0 fnt
|faint|p2a: Azumarill
|
|
|switch|p2a: Scolipede|Scolipede, M, shiny|315\/315
|turn|15
|
|move|p2a: Scolipede|Iron Defense|p2a: Scolipede
|-boost|p2a: Scolipede|def|2
|move|p1a: Celebi|Psychic|p2a: Scolipede
|-supereffective|p2a: Scolipede
|-damage|p2a: Scolipede|39\/315
|
|-boost|p2a: Scolipede|spe|1|[from] ability: Speed Boost
|turn|16
|
|move|p2a: Scolipede|Baton Pass|p2a: Scolipede
|
|switch|p2a: Latias|Latias, F, shiny|342\/364
|move|p1a: Celebi|Psychic|p2a: Latias
|-resisted|p2a: Latias
|-damage|p2a: Latias|312\/364
|
|turn|17
|
|detailschange|p2a: Latias|Latias-Mega, F, shiny
|-mega|p2a: Latias|Latias|Latiasite
|move|p2a: Latias|Calm Mind|p2a: Latias
|-boost|p2a: Latias|spa|1
|-boost|p2a: Latias|spd|1
|move|p1a: Celebi|Thunder Wave|p2a: Latias
|-status|p2a: Latias|par
|
|turn|18
|
|move|p1a: Celebi|Baton Pass|p1a: Celebi
|
|switch|p1a: Empoleon|Empoleon, M|134\/371
|move|p2a: Latias|Calm Mind|p2a: Latias
|-boost|p2a: Latias|spa|1
|-boost|p2a: Latias|spd|1
|
|-heal|p1a: Empoleon|157\/371|[from] item: Leftovers
|turn|19
|
|move|p1a: Empoleon|Stealth Rock|p2a: Latias
|-sidestart|p2: crazybones|move: Stealth Rock
|move|p2a: Latias|Thunderbolt|p1a: Empoleon
|-supereffective|p1a: Empoleon
|-damage|p1a: Empoleon|0 fnt
|faint|p1a: Empoleon
|
|
|switch|p1a: Tyranitar|Tyranitar, F|336\/383
|-weather|Sandstorm
|turn|20
|
|move|p1a: Tyranitar|Crunch|p2a: Latias
|-supereffective|p2a: Latias
|-damage|p2a: Latias|106\/364 par
|-unboost|p2a: Latias|def|1
|move|p2a: Latias|Roost|p2a: Latias
|-heal|p2a: Latias|288\/364 par
|
|-weather|Sandstorm|[upkeep]
|-damage|p2a: Latias|266\/364 par|[from] sandstorm
|turn|21
|
|move|p1a: Tyranitar|Crunch|p2a: Latias
|-crit|p2a: Latias
|-supereffective|p2a: Latias
|-damage|p2a: Latias|0 fnt
|faint|p2a: Latias
|
|-weather|Sandstorm|[upkeep]
|c|âReverb|gg
|c|âcrazybones|gg
|-message|crazybones forfeited.
|
|win|Reverb
|raw|Ladder updating...
|leave|crazybones
|player|p2
|raw|Reverb's rating: 1640 &rarr; <strong>1661<\/strong><br \/>(+21 for winning)
|raw|crazybones's rating: 1672 &rarr; <strong>1650<\/strong><br \/>(-22 for losing)