|join|crazybones
|join|Gernulf
|player|p1|crazybones|211
|player|p2|Gernulf|10
|gametype|singles
|gen|6
|tier|OU
|rated
|clearpoke
|poke|p1|Gardevoir, F, shiny
|poke|p1|Chansey, F, shiny
|poke|p1|Landorus-Therian, M, shiny
|poke|p1|Gothitelle, F, shiny
|poke|p1|Mandibuzz, F, shiny
|poke|p1|Jirachi, shiny
|poke|p2|Politoed, F
|poke|p2|Kingdra, F
|poke|p2|Swampert, F
|poke|p2|Gardevoir, F
|poke|p2|Klefki, M
|poke|p2|Manaphy
|rule|Swagger Clause: Swagger is banned
|rule|Baton Pass Clause: Limit one PokÃ©mon knowing Baton Pass
|rule|Sleep Clause Mod: Limit one foe put to sleep
|rule|Species Clause: Limit one of each PokÃ©mon
|rule|OHKO Clause: OHKO moves are banned
|rule|Moody Clause: Moody is banned
|rule|Evasion Moves Clause: Evasion moves are banned
|rule|Endless Battle Clause: Forcing endless battles is banned
|rule|HP Percentage Mod: HP is shown in percentages
|teampreview
|c|âGernulf|gl, hf
|c|âcrazybones|thx u 2
|
|start
|switch|p1a: Gothitelle|Gothitelle, F, shiny|343\/343
|switch|p2a: Politoed|Politoed, F|383\/383
|-weather|RainDance
|turn|1
|
|move|p1a: Gothitelle|Trick|p2a: Politoed
|-activate|p1a: Gothitelle|move: Trick|[of] p2a: Politoed
|-item|p2a: Politoed|Choice Scarf|[from] move: Trick
|-item|p1a: Gothitelle|Damp Rock|[from] move: Trick
|move|p2a: Politoed|Scald|p1a: Gothitelle
|-damage|p1a: Gothitelle|256\/343
|-status|p1a: Gothitelle|brn
|
|-weather|RainDance|[upkeep]
|-damage|p1a: Gothitelle|214\/343 brn|[from] brn
|turn|2
|
|move|p2a: Politoed|Scald|p1a: Gothitelle
|-damage|p1a: Gothitelle|127\/343 brn
|move|p1a: Gothitelle|Rest|p1a: Gothitelle
|-status|p1a: Gothitelle|slp
|-heal|p1a: Gothitelle|343\/343 slp|[silent]
|-status|p1a: Gothitelle|slp|[from] move: Rest
|
|-weather|RainDance|[upkeep]
|turn|3
|
|move|p2a: Politoed|Scald|p1a: Gothitelle
|-damage|p1a: Gothitelle|250\/343 slp
|cant|p1a: Gothitelle|slp
|
|-weather|RainDance|[upkeep]
|turn|4
|
|move|p2a: Politoed|Scald|p1a: Gothitelle
|-crit|p1a: Gothitelle
|-damage|p1a: Gothitelle|111\/343 slp
|cant|p1a: Gothitelle|slp
|
|-weather|RainDance|[upkeep]
|turn|5
|
|move|p2a: Politoed|Scald|p1a: Gothitelle
|-damage|p1a: Gothitelle|21\/343 slp
|-curestatus|p1a: Gothitelle|slp
|move|p1a: Gothitelle|Rest|p1a: Gothitelle
|-status|p1a: Gothitelle|slp
|-heal|p1a: Gothitelle|343\/343 slp|[silent]
|-status|p1a: Gothitelle|slp|[from] move: Rest
|
|-weather|RainDance|[upkeep]
|turn|6
|
|move|p2a: Politoed|Scald|p1a: Gothitelle
|-damage|p1a: Gothitelle|253\/343 slp
|cant|p1a: Gothitelle|slp
|
|-weather|RainDance|[upkeep]
|turn|7
|c|âGernulf|can u do something interesting ? xD
|
|move|p2a: Politoed|Scald|p1a: Gothitelle
|-damage|p1a: Gothitelle|172\/343 slp
|cant|p1a: Gothitelle|slp
|
|-weather|RainDance|[upkeep]
|turn|8
|
|move|p2a: Politoed|Scald|p1a: Gothitelle
|-crit|p1a: Gothitelle
|-damage|p1a: Gothitelle|28\/343 slp
|-curestatus|p1a: Gothitelle|slp
|move|p1a: Gothitelle|Rest|p1a: Gothitelle
|-status|p1a: Gothitelle|slp
|-heal|p1a: Gothitelle|343\/343 slp|[silent]
|-status|p1a: Gothitelle|slp|[from] move: Rest
|
|-weather|none
|turn|9
|
|move|p2a: Politoed|Scald|p1a: Gothitelle
|-damage|p1a: Gothitelle|282\/343 slp
|cant|p1a: Gothitelle|slp
|
|turn|10
|
|move|p2a: Politoed|Scald|p1a: Gothitelle
|-damage|p1a: Gothitelle|228\/343 slp
|cant|p1a: Gothitelle|slp
|
|turn|11
|c|âcrazybones|i know it sucks
|c|âcrazybones|but it works
|
|move|p2a: Politoed|Scald|p1a: Gothitelle
|-crit|p1a: Gothitelle
|-damage|p1a: Gothitelle|141\/343 slp
|-curestatus|p1a: Gothitelle|slp
|move|p1a: Gothitelle|Rest|p1a: Gothitelle
|-status|p1a: Gothitelle|slp
|-heal|p1a: Gothitelle|343\/343 slp|[silent]
|-status|p1a: Gothitelle|slp|[from] move: Rest
|
|turn|12
|
|move|p2a: Politoed|Scald|p1a: Gothitelle
|-damage|p1a: Gothitelle|279\/343 slp
|cant|p1a: Gothitelle|slp
|
|turn|13
|
|move|p2a: Politoed|Scald|p1a: Gothitelle
|-damage|p1a: Gothitelle|219\/343 slp
|cant|p1a: Gothitelle|slp
|
|turn|14
|
|move|p2a: Politoed|Scald|p1a: Gothitelle
|-damage|p1a: Gothitelle|156\/343 slp
|-curestatus|p1a: Gothitelle|slp
|move|p1a: Gothitelle|Rest|p1a: Gothitelle
|-status|p1a: Gothitelle|slp
|-heal|p1a: Gothitelle|343\/343 slp|[silent]
|-status|p1a: Gothitelle|slp|[from] move: Rest
|
|turn|15
|
|move|p2a: Politoed|Scald|p1a: Gothitelle
|-damage|p1a: Gothitelle|286\/343 slp
|cant|p1a: Gothitelle|slp
|
|turn|16
|
|move|p2a: Politoed|Scald|p1a: Gothitelle
|-crit|p1a: Gothitelle
|-damage|p1a: Gothitelle|195\/343 slp
|cant|p1a: Gothitelle|slp
|
|turn|17
|
|move|p2a: Politoed|Scald|p1a: Gothitelle
|-damage|p1a: Gothitelle|141\/343 slp
|-curestatus|p1a: Gothitelle|slp
|move|p1a: Gothitelle|Rest|p1a: Gothitelle
|-status|p1a: Gothitelle|slp
|-heal|p1a: Gothitelle|343\/343 slp|[silent]
|-status|p1a: Gothitelle|slp|[from] move: Rest
|
|turn|18
|
|move|p2a: Politoed|Scald|p1a: Gothitelle
|-damage|p1a: Gothitelle|285\/343 slp
|cant|p1a: Gothitelle|slp
|
|turn|19
|
|move|p2a: Politoed|Scald|p1a: Gothitelle
|-damage|p1a: Gothitelle|227\/343 slp
|cant|p1a: Gothitelle|slp
|
|turn|20
|
|move|p2a: Politoed|Scald|p1a: Gothitelle
|-damage|p1a: Gothitelle|164\/343 slp
|-curestatus|p1a: Gothitelle|slp
|move|p1a: Gothitelle|Rest|p1a: Gothitelle
|-status|p1a: Gothitelle|slp
|-heal|p1a: Gothitelle|343\/343 slp|[silent]
|-status|p1a: Gothitelle|slp|[from] move: Rest
|
|turn|21
|
|move|p2a: Politoed|Scald|p1a: Gothitelle
|-damage|p1a: Gothitelle|282\/343 slp
|cant|p1a: Gothitelle|slp
|
|turn|22
|
|move|p2a: Politoed|Scald|p1a: Gothitelle
|-damage|p1a: Gothitelle|228\/343 slp
|cant|p1a: Gothitelle|slp
|
|turn|23
|
|move|p2a: Politoed|Scald|p1a: Gothitelle
|-damage|p1a: Gothitelle|167\/343 slp
|-curestatus|p1a: Gothitelle|slp
|move|p1a: Gothitelle|Rest|p1a: Gothitelle
|-status|p1a: Gothitelle|slp
|-heal|p1a: Gothitelle|343\/343 slp|[silent]
|-status|p1a: Gothitelle|slp|[from] move: Rest
|
|turn|24
|
|move|p2a: Politoed|Scald|p1a: Gothitelle
|-damage|p1a: Gothitelle|282\/343 slp
|cant|p1a: Gothitelle|slp
|
|turn|25
|
|move|p2a: Politoed|Struggle|p1a: Gothitelle
|-crit|p1a: Gothitelle
|-damage|p1a: Gothitelle|238\/343 slp
|-damage|p2a: Politoed|288\/383
|cant|p1a: Gothitelle|slp
|
|turn|26
|
|move|p2a: Politoed|Struggle|p1a: Gothitelle
|-damage|p1a: Gothitelle|207\/343 slp
|-damage|p2a: Politoed|193\/383
|-curestatus|p1a: Gothitelle|slp
|move|p1a: Gothitelle|Rest|p1a: Gothitelle
|-status|p1a: Gothitelle|slp
|-heal|p1a: Gothitelle|343\/343 slp|[silent]
|-status|p1a: Gothitelle|slp|[from] move: Rest
|
|turn|27
|
|move|p2a: Politoed|Struggle|p1a: Gothitelle
|-damage|p1a: Gothitelle|315\/343 slp
|-damage|p2a: Politoed|98\/383
|cant|p1a: Gothitelle|slp
|
|turn|28
|
|move|p2a: Politoed|Struggle|p1a: Gothitelle
|-damage|p1a: Gothitelle|288\/343 slp
|-damage|p2a: Politoed|3\/383
|cant|p1a: Gothitelle|slp
|
|turn|29
|c|âGernulf|Finally
|
|move|p2a: Politoed|Struggle|p1a: Gothitelle
|-damage|p1a: Gothitelle|257\/343 slp
|-damage|p2a: Politoed|0 fnt
|faint|p2a: Politoed
|-curestatus|p1a: Gothitelle|slp
|move|p1a: Gothitelle|Trick|p2: Politoed|[notarget]
|-notarget
|
|
|switch|p2a: Manaphy|Manaphy|401\/401
|turn|30
|
|move|p2a: Manaphy|Tail Glow|p2a: Manaphy
|-boost|p2a: Manaphy|spa|3
|move|p1a: Gothitelle|Thunder Wave|p2a: Manaphy
|-status|p2a: Manaphy|par
|
|turn|31
|
|switch|p1a: Chansey|Chansey, F, shiny|703\/703
|move|p2a: Manaphy|Tail Glow|p2a: Manaphy
|-boost|p2a: Manaphy|spa|3
|
|turn|32
|
|move|p1a: Chansey|Seismic Toss|p2a: Manaphy
|-damage|p2a: Manaphy|301\/401 par
|cant|p2a: Manaphy|par
|
|-heal|p2a: Manaphy|326\/401 par|[from] item: Leftovers
|turn|33
|
|move|p1a: Chansey|Seismic Toss|p2a: Manaphy
|-damage|p2a: Manaphy|226\/401 par
|move|p2a: Manaphy|Tail Glow|p2a: Manaphy
|-fail|p2a: Manaphy
|
|-heal|p2a: Manaphy|251\/401 par|[from] item: Leftovers
|turn|34
|c|âGernulf|dafuq am i doing xD
|
|move|p1a: Chansey|Seismic Toss|p2a: Manaphy
|-damage|p2a: Manaphy|151\/401 par
|move|p2a: Manaphy|Rest|p2a: Manaphy
|-status|p2a: Manaphy|slp
|-heal|p2a: Manaphy|401\/401 slp|[silent]
|-status|p2a: Manaphy|slp|[from] move: Rest
|
|turn|35
|
|switch|p1a: Gardevoir|Gardevoir, F, shiny|339\/339
|cant|p2a: Manaphy|slp
|
|turn|36
|
|detailschange|p1a: Gardevoir|Gardevoir-Mega, F, shiny
|-mega|p1a: Gardevoir|Gardevoir|Gardevoirite
|cant|p2a: Manaphy|slp
|move|p1a: Gardevoir|Hyper Voice|p2a: Manaphy
|-damage|p2a: Manaphy|104\/401 slp
|
|-heal|p2a: Manaphy|129\/401 slp|[from] item: Leftovers
|turn|37
|
|switch|p1a: Chansey|Chansey, F, shiny|703\/703
|-curestatus|p2a: Manaphy|slp
|move|p2a: Manaphy|Scald|p1a: Chansey
|-damage|p1a: Chansey|357\/703
|
|-heal|p2a: Manaphy|154\/401|[from] item: Leftovers
|turn|38
|
|move|p2a: Manaphy|Scald|p1a: Chansey
|-damage|p1a: Chansey|53\/703
|move|p1a: Chansey|Soft-Boiled|p1a: Chansey
|-heal|p1a: Chansey|405\/703
|
|-heal|p2a: Manaphy|179\/401|[from] item: Leftovers
|turn|39
|
|move|p2a: Manaphy|Scald|p1a: Chansey
|-damage|p1a: Chansey|65\/703
|move|p1a: Chansey|Thunder Wave|p2a: Manaphy
|-status|p2a: Manaphy|par
|
|-heal|p2a: Manaphy|204\/401 par|[from] item: Leftovers
|turn|40
|
|move|p1a: Chansey|Seismic Toss|p2a: Manaphy
|-damage|p2a: Manaphy|104\/401 par
|move|p2a: Manaphy|Scald|p1a: Chansey
|-damage|p1a: Chansey|0 fnt
|faint|p1a: Chansey
|
|-heal|p2a: Manaphy|129\/401 par|[from] item: Leftovers
|
|switch|p1a: Gardevoir|Gardevoir-Mega, F, shiny|339\/339
|turn|41
|
|switch|p2a: Klefki|Klefki, M|317\/317
|move|p1a: Gardevoir|Hyper Voice|p2a: Klefki
|-resisted|p2a: Klefki
|-damage|p2a: Klefki|158\/317
|
|turn|42
|
|move|p2a: Klefki|Thunder Wave|p1a: Gardevoir
|-status|p1a: Gardevoir|par
|move|p1a: Gardevoir|Hyper Voice|p2a: Klefki
|-crit|p2a: Klefki
|-resisted|p2a: Klefki
|-damage|p2a: Klefki|0 fnt
|faint|p2a: Klefki
|
|
|switch|p2a: Swampert|Swampert, F|404\/404
|turn|43
|
|switch|p1a: Mandibuzz|Mandibuzz, F, shiny|423\/423
|detailschange|p2a: Swampert|Swampert-Mega, F
|-mega|p2a: Swampert|Swampert|Swampertite
|move|p2a: Swampert|Waterfall|p1a: Mandibuzz
|-damage|p1a: Mandibuzz|299\/423
|
|-heal|p1a: Mandibuzz|325\/423|[from] item: Leftovers
|turn|44
|
|move|p1a: Mandibuzz|Foul Play|p2a: Swampert
|-damage|p2a: Swampert|221\/404
|move|p2a: Swampert|Stealth Rock|p1a: Mandibuzz
|-sidestart|p1: crazybones|move: Stealth Rock
|
|-heal|p1a: Mandibuzz|351\/423|[from] item: Leftovers
|turn|45
|
|switch|p2a: Manaphy|Manaphy|129\/401 par
|move|p1a: Mandibuzz|Foul Play|p2a: Manaphy
|-damage|p2a: Manaphy|32\/401 par
|
|-heal|p1a: Mandibuzz|377\/423|[from] item: Leftovers
|-heal|p2a: Manaphy|57\/401 par|[from] item: Leftovers
|turn|46
|
|move|p1a: Mandibuzz|Foul Play|p2a: Manaphy
|-damage|p2a: Manaphy|0 fnt
|faint|p2a: Manaphy
|
|-heal|p1a: Mandibuzz|403\/423|[from] item: Leftovers
|
|switch|p2a: Gardevoir|Gardevoir, F|335\/335
|-ability|p2a: Gardevoir|Overcoat|[from] ability: Trace|[of] p1a: Mandibuzz
|turn|47
|
|switch|p1a: Jirachi|Jirachi, shiny|341\/341
|-damage|p1a: Jirachi|320\/341|[from] Stealth Rock
|move|p2a: Gardevoir|Moonblast|p1a: Jirachi
|-resisted|p1a: Jirachi
|-damage|p1a: Jirachi|180\/341
|
|turn|48
|
|switch|p2a: Swampert|Swampert-Mega, F|221\/404
|move|p1a: Jirachi|Iron Head|p2a: Swampert
|-resisted|p2a: Swampert
|-damage|p2a: Swampert|170\/404
|
|turn|49
|
|switch|p1a: Mandibuzz|Mandibuzz, F, shiny|403\/423
|-damage|p1a: Mandibuzz|298\/423|[from] Stealth Rock
|move|p2a: Swampert|Waterfall|p1a: Mandibuzz
|-damage|p1a: Mandibuzz|178\/423
|
|-heal|p1a: Mandibuzz|204\/423|[from] item: Leftovers
|turn|50
|
|move|p1a: Mandibuzz|Foul Play|p2a: Swampert
|-damage|p2a: Swampert|0 fnt
|faint|p2a: Swampert
|
|-heal|p1a: Mandibuzz|230\/423|[from] item: Leftovers
|c|âGernulf|I forgot EVs
|c|âGernulf|lol
|c|âcrazybones|i'm sorry =(
|
|switch|p2a: Gardevoir|Gardevoir, F|335\/335
|-ability|p2a: Gardevoir|Overcoat|[from] ability: Trace|[of] p1a: Mandibuzz
|turn|51
|c|âGernulf|np
|c|âGernulf|not your fault
|
|switch|p1a: Landorus-Therian|Landorus-Therian, M, shiny|381\/381
|-damage|p1a: Landorus-Therian|334\/381|[from] Stealth Rock
|-ability|p1a: Landorus-Therian|Intimidate|[of] p2a: Gardevoir
|-unboost|p2a: Gardevoir|atk|1
|move|p2a: Gardevoir|Moonblast|p1a: Landorus-Therian
|-damage|p1a: Landorus-Therian|0 fnt
|faint|p1a: Landorus-Therian
|
|
|switch|p1a: Gardevoir|Gardevoir-Mega, F, shiny|339\/339 par
|-damage|p1a: Gardevoir|297\/339 par|[from] Stealth Rock
|turn|52
|
|move|p2a: Gardevoir|Moonblast|p1a: Gardevoir
|-damage|p1a: Gardevoir|92\/339 par
|move|p1a: Gardevoir|Hyper Voice|p2a: Gardevoir
|-damage|p2a: Gardevoir|94\/335
|
|turn|53
|
|switch|p1a: Gothitelle|Gothitelle, F, shiny|257\/343
|-damage|p1a: Gothitelle|215\/343|[from] Stealth Rock
|move|p2a: Gardevoir|Moonblast|p1a: Gothitelle
|-damage|p1a: Gothitelle|23\/343
|-unboost|p1a: Gothitelle|spa|1
|
|turn|54
|
|move|p2a: Gardevoir|Moonblast|p1a: Gothitelle
|-damage|p1a: Gothitelle|0 fnt
|faint|p1a: Gothitelle
|
|
|switch|p1a: Jirachi|Jirachi, shiny|180\/341
|-damage|p1a: Jirachi|159\/341|[from] Stealth Rock
|turn|55
|
|switch|p2a: Kingdra|Kingdra, F|291\/291
|move|p1a: Jirachi|Healing Wish|p1a: Jirachi
|faint|p1a: Jirachi
|
|
|switch|p1a: Gardevoir|Gardevoir-Mega, F, shiny|92\/339 par
|-heal|p1a: Gardevoir|339\/339|[from] move: Healing Wish
|-damage|p1a: Gardevoir|297\/339|[from] Stealth Rock
|turn|56
|
|move|p2a: Kingdra|Hydro Pump|p1a: Gardevoir
|-damage|p1a: Gardevoir|109\/339
|-damage|p2a: Kingdra|262\/291|[from] item: Life Orb
|move|p1a: Gardevoir|Hyper Voice|p2a: Kingdra
|-supereffective|p2a: Kingdra
|-damage|p2a: Kingdra|0 fnt
|faint|p2a: Kingdra
|
|
|switch|p2a: Gardevoir|Gardevoir, F|94\/335
|-ability|p2a: Gardevoir|Pixilate|[from] ability: Trace|[of] p1a: Gardevoir
|turn|57
|
|move|p1a: Gardevoir|Hyper Voice|p2a: Gardevoir
|-crit|p2a: Gardevoir
|-damage|p2a: Gardevoir|0 fnt
|faint|p2a: Gardevoir
|
|win|crazybones
|raw|Ladder updating...
|c|âGernulf|gg
|raw|crazybones's rating: 1642 &rarr; <strong>1658<\/strong><br \/>(+16 for winning)
|raw|Gernulf's rating: 1571 &rarr; <strong>1555<\/strong><br \/>(-16 for losing)
|c|âcrazybones|it was specs?
|c|âGernulf|yeah
|c|âcrazybones|i see
|c|âcrazybones|gg
|leave|Gernulf
|player|p2