|join|HaloOverCOD
|join|crazybones
|player|p1|HaloOverCOD|170
|player|p2|crazybones|211
|gametype|singles
|gen|6
|tier|OU
|rated
|clearpoke
|poke|p1|Scizor, M
|poke|p1|Dragonite, M
|poke|p1|Clefable, M
|poke|p1|Landorus, M
|poke|p1|Starmie
|poke|p1|Latias, F
|poke|p2|Victini
|poke|p2|Gothitelle, M
|poke|p2|Scolipede, M, shiny
|poke|p2|Latias, F, shiny
|poke|p2|Infernape, M, shiny
|poke|p2|Azumarill, F
|rule|Swagger Clause: Swagger is banned
|rule|Baton Pass Clause: Limit one PokÃ©mon knowing Baton Pass
|rule|Sleep Clause Mod: Limit one foe put to sleep
|rule|Species Clause: Limit one of each PokÃ©mon
|rule|OHKO Clause: OHKO moves are banned
|rule|Moody Clause: Moody is banned
|rule|Evasion Moves Clause: Evasion moves are banned
|rule|Endless Battle Clause: Forcing endless battles is banned
|rule|HP Percentage Mod: HP is shown in percentages
|teampreview
|
|start
|switch|p1a: Landorus|Landorus, M|319\/319
|switch|p2a: Infernape|Infernape, M, shiny|355\/355
|turn|1
|
|move|p2a: Infernape|Taunt|p1a: Landorus
|-start|p1a: Landorus|move: Taunt
|move|p1a: Landorus|Earth Power|p2a: Infernape
|-supereffective|p2a: Infernape
|-enditem|p2a: Infernape|Focus Sash
|-damage|p2a: Infernape|1\/355
|
|turn|2
|
|switch|p1a: Starmie|Starmie|323\/323
|move|p2a: Infernape|Overheat|p1a: Starmie
|-resisted|p1a: Starmie
|-damage|p1a: Starmie|208\/323
|-unboost|p2a: Infernape|spa|2
|
|-heal|p1a: Starmie|228\/323|[from] item: Leftovers
|turn|3
|
|switch|p2a: Gothitelle|Gothitelle, M|344\/344
|move|p1a: Starmie|Rapid Spin|p2a: Gothitelle
|-damage|p2a: Gothitelle|331\/344
|
|-heal|p1a: Starmie|248\/323|[from] item: Leftovers
|turn|4
|
|move|p2a: Gothitelle|Trick|p1a: Starmie
|-activate|p2a: Gothitelle|move: Trick|[of] p1a: Starmie
|-item|p1a: Starmie|Choice Scarf|[from] move: Trick
|-item|p2a: Gothitelle|Leftovers|[from] move: Trick
|move|p1a: Starmie|Scald|p2a: Gothitelle
|-damage|p2a: Gothitelle|238\/344
|
|-heal|p2a: Gothitelle|259\/344|[from] item: Leftovers
|turn|5
|
|move|p1a: Starmie|Scald|p2a: Gothitelle
|-damage|p2a: Gothitelle|174\/344
|-status|p2a: Gothitelle|brn
|move|p2a: Gothitelle|Rest|p2a: Gothitelle
|-status|p2a: Gothitelle|slp
|-heal|p2a: Gothitelle|344\/344 slp|[silent]
|-status|p2a: Gothitelle|slp|[from] move: Rest
|
|turn|6
|
|move|p1a: Starmie|Scald|p2a: Gothitelle
|-crit|p2a: Gothitelle
|-damage|p2a: Gothitelle|220\/344 slp
|cant|p2a: Gothitelle|slp
|
|-heal|p2a: Gothitelle|241\/344 slp|[from] item: Leftovers
|turn|7
|
|move|p1a: Starmie|Scald|p2a: Gothitelle
|-damage|p2a: Gothitelle|160\/344 slp
|cant|p2a: Gothitelle|slp
|
|-heal|p2a: Gothitelle|181\/344 slp|[from] item: Leftovers
|turn|8
|
|move|p1a: Starmie|Scald|p2a: Gothitelle
|-damage|p2a: Gothitelle|88\/344 slp
|-curestatus|p2a: Gothitelle|slp
|move|p2a: Gothitelle|Rest|p2a: Gothitelle
|-status|p2a: Gothitelle|slp
|-heal|p2a: Gothitelle|344\/344 slp|[silent]
|-status|p2a: Gothitelle|slp|[from] move: Rest
|
|turn|9
|
|move|p1a: Starmie|Scald|p2a: Gothitelle
|-damage|p2a: Gothitelle|262\/344 slp
|cant|p2a: Gothitelle|slp
|
|-heal|p2a: Gothitelle|283\/344 slp|[from] item: Leftovers
|turn|10
|c|âHaloOverCOD|seriously ? pp stall ? :]
|
|move|p1a: Starmie|Scald|p2a: Gothitelle
|-damage|p2a: Gothitelle|195\/344 slp
|cant|p2a: Gothitelle|slp
|
|-heal|p2a: Gothitelle|216\/344 slp|[from] item: Leftovers
|turn|11
|c|âcrazybones|i have to
|
|move|p1a: Starmie|Scald|p2a: Gothitelle
|-damage|p2a: Gothitelle|132\/344 slp
|-curestatus|p2a: Gothitelle|slp
|move|p2a: Gothitelle|Rest|p2a: Gothitelle
|-status|p2a: Gothitelle|slp
|-heal|p2a: Gothitelle|344\/344 slp|[silent]
|-status|p2a: Gothitelle|slp|[from] move: Rest
|
|turn|12
|c|âcrazybones|sorry Ã§_Ã§
|c|âHaloOverCOD|...
|
|move|p1a: Starmie|Scald|p2a: Gothitelle
|-damage|p2a: Gothitelle|251\/344 slp
|cant|p2a: Gothitelle|slp
|
|-heal|p2a: Gothitelle|272\/344 slp|[from] item: Leftovers
|turn|13
|
|move|p1a: Starmie|Scald|p2a: Gothitelle
|-damage|p2a: Gothitelle|179\/344 slp
|cant|p2a: Gothitelle|slp
|
|-heal|p2a: Gothitelle|200\/344 slp|[from] item: Leftovers
|turn|14
|
|move|p1a: Starmie|Scald|p2a: Gothitelle
|-damage|p2a: Gothitelle|115\/344 slp
|-curestatus|p2a: Gothitelle|slp
|move|p2a: Gothitelle|Rest|p2a: Gothitelle
|-status|p2a: Gothitelle|slp
|-heal|p2a: Gothitelle|344\/344 slp|[silent]
|-status|p2a: Gothitelle|slp|[from] move: Rest
|
|turn|15
|
|move|p1a: Starmie|Scald|p2a: Gothitelle
|-damage|p2a: Gothitelle|260\/344 slp
|cant|p2a: Gothitelle|slp
|
|-heal|p2a: Gothitelle|281\/344 slp|[from] item: Leftovers
|turn|16
|
|move|p1a: Starmie|Scald|p2a: Gothitelle
|-damage|p2a: Gothitelle|190\/344 slp
|cant|p2a: Gothitelle|slp
|
|-heal|p2a: Gothitelle|211\/344 slp|[from] item: Leftovers
|turn|17
|
|move|p1a: Starmie|Scald|p2a: Gothitelle
|-damage|p2a: Gothitelle|127\/344 slp
|-curestatus|p2a: Gothitelle|slp
|move|p2a: Gothitelle|Rest|p2a: Gothitelle
|-status|p2a: Gothitelle|slp
|-heal|p2a: Gothitelle|344\/344 slp|[silent]
|-status|p2a: Gothitelle|slp|[from] move: Rest
|
|turn|18
|
|move|p1a: Starmie|Scald|p2a: Gothitelle
|-damage|p2a: Gothitelle|257\/344 slp
|cant|p2a: Gothitelle|slp
|
|-heal|p2a: Gothitelle|278\/344 slp|[from] item: Leftovers
|turn|19
|c|âHaloOverCOD|!data rest
|c|~|\/data-move Rest

|
|move|p1a: Starmie|Scald|p2a: Gothitelle
|-damage|p2a: Gothitelle|194\/344 slp
|cant|p2a: Gothitelle|slp
|
|-heal|p2a: Gothitelle|215\/344 slp|[from] item: Leftovers
|turn|20
|
|move|p1a: Starmie|Scald|p2a: Gothitelle
|-damage|p2a: Gothitelle|121\/344 slp
|-curestatus|p2a: Gothitelle|slp
|move|p2a: Gothitelle|Rest|p2a: Gothitelle
|-status|p2a: Gothitelle|slp
|-heal|p2a: Gothitelle|344\/344 slp|[silent]
|-status|p2a: Gothitelle|slp|[from] move: Rest
|
|turn|21
|
|move|p1a: Starmie|Scald|p2a: Gothitelle
|-damage|p2a: Gothitelle|263\/344 slp
|cant|p2a: Gothitelle|slp
|
|-heal|p2a: Gothitelle|284\/344 slp|[from] item: Leftovers
|turn|22
|
|move|p1a: Starmie|Scald|p2a: Gothitelle
|-damage|p2a: Gothitelle|196\/344 slp
|cant|p2a: Gothitelle|slp
|
|-heal|p2a: Gothitelle|217\/344 slp|[from] item: Leftovers
|turn|23
|
|move|p1a: Starmie|Scald|p2a: Gothitelle
|-damage|p2a: Gothitelle|135\/344 slp
|-curestatus|p2a: Gothitelle|slp
|move|p2a: Gothitelle|Rest|p2a: Gothitelle
|-status|p2a: Gothitelle|slp
|-heal|p2a: Gothitelle|344\/344 slp|[silent]
|-status|p2a: Gothitelle|slp|[from] move: Rest
|
|turn|24
|
|move|p1a: Starmie|Scald|p2a: Gothitelle
|-damage|p2a: Gothitelle|260\/344 slp
|cant|p2a: Gothitelle|slp
|
|-heal|p2a: Gothitelle|281\/344 slp|[from] item: Leftovers
|turn|25
|
|move|p1a: Starmie|Scald|p2a: Gothitelle
|-damage|p2a: Gothitelle|190\/344 slp
|cant|p2a: Gothitelle|slp
|
|-heal|p2a: Gothitelle|211\/344 slp|[from] item: Leftovers
|turn|26
|
|move|p1a: Starmie|Scald|p2a: Gothitelle
|-damage|p2a: Gothitelle|129\/344 slp
|-curestatus|p2a: Gothitelle|slp
|move|p2a: Gothitelle|Rest|p2a: Gothitelle
|-status|p2a: Gothitelle|slp
|-heal|p2a: Gothitelle|344\/344 slp|[silent]
|-status|p2a: Gothitelle|slp|[from] move: Rest
|
|turn|27
|
|move|p1a: Starmie|Scald|p2a: Gothitelle
|-damage|p2a: Gothitelle|254\/344 slp
|cant|p2a: Gothitelle|slp
|
|-heal|p2a: Gothitelle|275\/344 slp|[from] item: Leftovers
|turn|28
|c|âHaloOverCOD|ok its over
|
|move|p1a: Starmie|Struggle|p2a: Gothitelle
|-damage|p2a: Gothitelle|243\/344 slp
|-damage|p1a: Starmie|168\/323
|cant|p2a: Gothitelle|slp
|
|-heal|p2a: Gothitelle|264\/344 slp|[from] item: Leftovers
|turn|29
|
|move|p1a: Starmie|Struggle|p2a: Gothitelle
|-damage|p2a: Gothitelle|235\/344 slp
|-damage|p1a: Starmie|88\/323
|-curestatus|p2a: Gothitelle|slp
|move|p2a: Gothitelle|Rest|p2a: Gothitelle
|-status|p2a: Gothitelle|slp
|-heal|p2a: Gothitelle|344\/344 slp|[silent]
|-status|p2a: Gothitelle|slp|[from] move: Rest
|
|turn|30
|
|move|p1a: Starmie|Struggle|p2a: Gothitelle
|-damage|p2a: Gothitelle|316\/344 slp
|-damage|p1a: Starmie|8\/323
|cant|p2a: Gothitelle|slp
|
|-heal|p2a: Gothitelle|337\/344 slp|[from] item: Leftovers
|turn|31
|
|move|p1a: Starmie|Struggle|p2a: Gothitelle
|-damage|p2a: Gothitelle|305\/344 slp
|-damage|p1a: Starmie|0 fnt
|faint|p1a: Starmie
|cant|p2a: Gothitelle|slp
|
|-heal|p2a: Gothitelle|326\/344 slp|[from] item: Leftovers
|
|switch|p1a: Scizor|Scizor, M|313\/313
|turn|32
|
|detailschange|p1a: Scizor|Scizor-Mega, M
|-mega|p1a: Scizor|Scizor|Scizorite
|-curestatus|p2a: Gothitelle|slp
|move|p2a: Gothitelle|Hidden Power|p1a: Scizor
|-supereffective|p1a: Scizor
|-damage|p1a: Scizor|121\/313
|move|p1a: Scizor|Bug Bite|p2a: Gothitelle
|-supereffective|p2a: Gothitelle
|-damage|p2a: Gothitelle|0 fnt
|faint|p2a: Gothitelle
|
|
|switch|p2a: Victini|Victini|404\/404
|turn|33
|
|switch|p1a: Latias|Latias, F|301\/301
|move|p2a: Victini|Final Gambit|p1a: Latias
|-damage|p1a: Latias|0 fnt
|faint|p2a: Victini
|faint|p1a: Latias
|
|
|switch|p1a: Landorus|Landorus, M|319\/319
|switch|p2a: Azumarill|Azumarill, F|404\/404
|turn|34
|
|move|p2a: Azumarill|Aqua Jet|p1a: Landorus
|-supereffective|p1a: Landorus
|-damage|p1a: Landorus|125\/319
|move|p1a: Landorus|Sludge Wave|p2a: Azumarill
|-supereffective|p2a: Azumarill
|-damage|p2a: Azumarill|6\/404
|-enditem|p2a: Azumarill|Sitrus Berry|[eat]
|-heal|p2a: Azumarill|107\/404|[from] item: Sitrus Berry
|
|turn|35
|
|move|p2a: Azumarill|Aqua Jet|p1a: Landorus
|-supereffective|p1a: Landorus
|-damage|p1a: Landorus|0 fnt
|faint|p1a: Landorus
|
|
|switch|p1a: Scizor|Scizor-Mega, M|121\/313
|turn|36
|
|move|p1a: Scizor|Bullet Punch|p2a: Azumarill
|-crit|p2a: Azumarill
|-damage|p2a: Azumarill|0 fnt
|faint|p2a: Azumarill
|
|
|switch|p2a: Infernape|Infernape, M, shiny|1\/355
|turn|37
|
|move|p2a: Infernape|Fake Out|p1a: Scizor
|-resisted|p1a: Scizor
|-damage|p1a: Scizor|109\/313
|cant|p1a: Scizor|flinch
|
|turn|38
|
|move|p1a: Scizor|Bullet Punch|p2a: Infernape
|-resisted|p2a: Infernape
|-damage|p2a: Infernape|0 fnt
|faint|p2a: Infernape
|
|
|switch|p2a: Scolipede|Scolipede, M, shiny|315\/315
|turn|39
|
|move|p1a: Scizor|Bullet Punch|p2a: Scolipede
|-damage|p2a: Scolipede|212\/315
|move|p2a: Scolipede|Iron Defense|p2a: Scolipede
|-boost|p2a: Scolipede|def|2
|
|-boost|p2a: Scolipede|spe|1|[from] ability: Speed Boost
|turn|40
|
|switch|p1a: Clefable|Clefable, M|394\/394
|move|p2a: Scolipede|Iron Defense|p2a: Scolipede
|-boost|p2a: Scolipede|def|2
|
|-boost|p2a: Scolipede|spe|1|[from] ability: Speed Boost
|turn|41
|
|move|p2a: Scolipede|Substitute|p2a: Scolipede
|-start|p2a: Scolipede|Substitute
|-damage|p2a: Scolipede|134\/315
|move|p1a: Clefable|Calm Mind|p1a: Clefable
|-boost|p1a: Clefable|spa|1
|-boost|p1a: Clefable|spd|1
|
|-boost|p2a: Scolipede|spe|1|[from] ability: Speed Boost
|turn|42
|
|move|p2a: Scolipede|Baton Pass|p2a: Scolipede
|
|switch|p2a: Latias|Latias, F, shiny|364\/364
|move|p1a: Clefable|Flamethrower|p2a: Latias
|-resisted|p2a: Latias
|-activate|p2a: Latias|Substitute|[damage]
|
|turn|43
|
|detailschange|p2a: Latias|Latias-Mega, F, shiny
|-mega|p2a: Latias|Latias|Latiasite
|move|p2a: Latias|Calm Mind|p2a: Latias
|-boost|p2a: Latias|spa|1
|-boost|p2a: Latias|spd|1
|move|p1a: Clefable|Moonblast|p2a: Latias
|-supereffective|p2a: Latias
|-end|p2a: Latias|Substitute
|
|turn|44
|
|move|p2a: Latias|Calm Mind|p2a: Latias
|-boost|p2a: Latias|spa|1
|-boost|p2a: Latias|spd|1
|move|p1a: Clefable|Moonblast|p2a: Latias
|-supereffective|p2a: Latias
|-damage|p2a: Latias|268\/364
|
|turn|45
|c|âHaloOverCOD|i can still crit
|
|move|p2a: Latias|Stored Power|p1a: Clefable
|-damage|p1a: Clefable|0 fnt
|faint|p1a: Clefable
|
|
|switch|p1a: Scizor|Scizor-Mega, M|109\/313
|turn|46
|
|move|p1a: Scizor|Bullet Punch|p2a: Latias
|-damage|p2a: Latias|226\/364
|move|p2a: Latias|Stored Power|p1a: Scizor
|-resisted|p1a: Scizor
|-damage|p1a: Scizor|0 fnt
|faint|p1a: Scizor
|
|
|switch|p1a: Dragonite|Dragonite, M|324\/324
|turn|47
|
|move|p2a: Latias|Stored Power|p1a: Dragonite
|-damage|p1a: Dragonite|0 fnt
|faint|p1a: Dragonite
|
|win|crazybones
|raw|Ladder updating...
|raw|HaloOverCOD's rating: 1701 &rarr; <strong>1675<\/strong><br \/>(-26 for losing)
|raw|crazybones's rating: 1590 &rarr; <strong>1617<\/strong><br \/>(+27 for winning)
|leave|HaloOverCOD