|join|crazybones
|join|Rany
|player|p1|crazybones|211
|player|p2|Rany|102
|gametype|singles
|gen|6
|tier|OU
|rated
|clearpoke
|poke|p1|Victini
|poke|p1|Staraptor, F, shiny
|poke|p1|Scolipede, M, shiny
|poke|p1|Latias, F, shiny
|poke|p1|Talonflame, F, shiny
|poke|p1|Suicune, shiny
|poke|p2|Cresselia, F
|poke|p2|Umbreon, F
|poke|p2|Ninjask, F
|poke|p2|Weavile, F
|poke|p2|Togekiss, F
|poke|p2|Metagross
|rule|Swagger Clause: Swagger is banned
|rule|Baton Pass Clause: Limit one PokÃ©mon knowing Baton Pass
|rule|Sleep Clause Mod: Limit one foe put to sleep
|rule|Species Clause: Limit one of each PokÃ©mon
|rule|OHKO Clause: OHKO moves are banned
|rule|Moody Clause: Moody is banned
|rule|Evasion Moves Clause: Evasion moves are banned
|rule|Endless Battle Clause: Forcing endless battles is banned
|rule|HP Percentage Mod: HP is shown in percentages
|teampreview
|
|start
|switch|p1a: Staraptor|Staraptor, F, shiny|374\/374
|switch|p2a: Cresselia|Cresselia, F|444\/444
|-ability|p1a: Staraptor|Intimidate|[of] p2a: Cresselia
|-unboost|p2a: Cresselia|atk|1
|turn|1
|
|move|p1a: Staraptor|U-turn|p2a: Cresselia
|-supereffective|p2a: Cresselia
|-damage|p2a: Cresselia|360\/444
|
|switch|p1a: Victini|Victini|404\/404
|move|p2a: Cresselia|Reflect|p2a: Cresselia
|-sidestart|p2: Rany|Reflect
|
|turn|2
|
|move|p1a: Victini|Final Gambit|p2a: Cresselia
|-damage|p2a: Cresselia|0 fnt
|faint|p1a: Victini
|faint|p2a: Cresselia
|
|
|switch|p1a: Staraptor|Staraptor, F, shiny|374\/374
|switch|p2a: Ninjask|Ninjask, F|325\/325
|-ability|p1a: Staraptor|Intimidate|[of] p2a: Ninjask
|-unboost|p2a: Ninjask|atk|1
|turn|3
|
|move|p1a: Staraptor|Brave Bird|p2a: Ninjask
|-supereffective|p2a: Ninjask
|-damage|p2a: Ninjask|31\/325
|-damage|p1a: Staraptor|277\/374|[from] recoil|[of] p2a: Ninjask
|move|p2a: Ninjask|Substitute|p2a: Ninjask
|-fail|p2a: Ninjask|move: Substitute|[weak]
|
|-boost|p2a: Ninjask|spe|1|[from] ability: Speed Boost
|turn|4
|
|move|p2a: Ninjask|Protect|p2a: Ninjask
|-singleturn|p2a: Ninjask|Protect
|move|p1a: Staraptor|Brave Bird|p2a: Ninjask
|-activate|p2a: Ninjask|Protect
|
|-boost|p2a: Ninjask|spe|1|[from] ability: Speed Boost
|turn|5
|
|switch|p1a: Suicune|Suicune, shiny|403\/403
|-ability|p1a: Suicune|Pressure
|move|p2a: Ninjask|Baton Pass|p2a: Ninjask
|
|switch|p2a: Togekiss|Togekiss, F|374\/374
|
|turn|6
|
|move|p2a: Togekiss|Thunder Wave|p1a: Suicune
|-status|p1a: Suicune|par
|move|p1a: Suicune|Calm Mind|p1a: Suicune
|-boost|p1a: Suicune|spa|1
|-boost|p1a: Suicune|spd|1
|
|turn|7
|
|move|p2a: Togekiss|Air Slash|p1a: Suicune
|-damage|p1a: Suicune|346\/403 par
|cant|p1a: Suicune|par
|
|-heal|p1a: Suicune|371\/403 par|[from] item: Leftovers
|turn|8
|
|move|p2a: Togekiss|Air Slash|p1a: Suicune
|-damage|p1a: Suicune|311\/403 par
|cant|p1a: Suicune|flinch
|
|-heal|p1a: Suicune|336\/403 par|[from] item: Leftovers
|-sideend|p2: Rany|Reflect
|turn|9
|
|move|p2a: Togekiss|Air Slash|p1a: Suicune
|-damage|p1a: Suicune|278\/403 par
|cant|p1a: Suicune|flinch
|
|-heal|p1a: Suicune|303\/403 par|[from] item: Leftovers
|turn|10
|
|move|p2a: Togekiss|Air Slash|p1a: Suicune
|-crit|p1a: Suicune
|-damage|p1a: Suicune|171\/403 par
|move|p1a: Suicune|Calm Mind|p1a: Suicune
|-boost|p1a: Suicune|spa|1
|-boost|p1a: Suicune|spd|1
|
|-heal|p1a: Suicune|196\/403 par|[from] item: Leftovers
|turn|11
|
|move|p2a: Togekiss|Air Slash|p1a: Suicune
|-damage|p1a: Suicune|151\/403 par
|cant|p1a: Suicune|flinch
|
|-heal|p1a: Suicune|176\/403 par|[from] item: Leftovers
|turn|12
|
|move|p2a: Togekiss|Air Slash|p1a: Suicune
|-damage|p1a: Suicune|128\/403 par
|cant|p1a: Suicune|flinch
|
|-heal|p1a: Suicune|153\/403 par|[from] item: Leftovers
|turn|13
|
|move|p2a: Togekiss|Air Slash|p1a: Suicune
|-damage|p1a: Suicune|108\/403 par
|cant|p1a: Suicune|flinch
|
|-heal|p1a: Suicune|133\/403 par|[from] item: Leftovers
|turn|14
|
|move|p2a: Togekiss|Air Slash|p1a: Suicune
|-damage|p1a: Suicune|88\/403 par
|cant|p1a: Suicune|flinch
|
|-heal|p1a: Suicune|113\/403 par|[from] item: Leftovers
|turn|15
|
|move|p2a: Togekiss|Air Slash|p1a: Suicune
|-damage|p1a: Suicune|65\/403 par
|cant|p1a: Suicune|flinch
|
|-heal|p1a: Suicune|90\/403 par|[from] item: Leftovers
|turn|16
|
|move|p2a: Togekiss|Air Slash|p1a: Suicune
|-damage|p1a: Suicune|41\/403 par
|cant|p1a: Suicune|flinch
|
|-heal|p1a: Suicune|66\/403 par|[from] item: Leftovers
|turn|17
|
|move|p2a: Togekiss|Air Slash|p1a: Suicune
|-damage|p1a: Suicune|23\/403 par
|cant|p1a: Suicune|flinch
|
|-heal|p1a: Suicune|48\/403 par|[from] item: Leftovers
|turn|18
|
|move|p2a: Togekiss|Air Slash|p1a: Suicune
|-damage|p1a: Suicune|0 fnt
|faint|p1a: Suicune
|
|c|âRany|lol
|
|switch|p1a: Talonflame|Talonflame, F, shiny|359\/359
|turn|19
|
|switch|p2a: Umbreon|Umbreon, F|394\/394
|move|p1a: Talonflame|Swords Dance|p1a: Talonflame
|-boost|p1a: Talonflame|atk|2
|
|turn|20
|
|move|p1a: Talonflame|Brave Bird|p2a: Umbreon
|-crit|p2a: Umbreon
|-damage|p2a: Umbreon|0 fnt
|-damage|p1a: Talonflame|229\/359|[from] recoil|[of] p2a: Umbreon
|faint|p2a: Umbreon
|
|
|switch|p2a: Metagross|Metagross|302\/302
|turn|21
|
|detailschange|p2a: Metagross|Metagross-Mega
|-mega|p2a: Metagross|Metagross|Metagrossite
|move|p1a: Talonflame|Brave Bird|p2a: Metagross
|-resisted|p2a: Metagross
|-damage|p2a: Metagross|170\/302
|-damage|p1a: Talonflame|185\/359|[from] recoil|[of] p2a: Metagross
|move|p2a: Metagross|Zen Headbutt|p1a: Talonflame
|-crit|p1a: Talonflame
|-damage|p1a: Talonflame|0 fnt
|faint|p1a: Talonflame
|
|
|switch|p1a: Staraptor|Staraptor, F, shiny|277\/374
|-ability|p1a: Staraptor|Intimidate|[of] p2a: Metagross
|-unboost|p2a: Metagross|atk|1
|turn|22
|
|move|p1a: Staraptor|Final Gambit|p2a: Metagross
|-damage|p2a: Metagross|0 fnt
|faint|p1a: Staraptor
|faint|p2a: Metagross
|
|
|switch|p2a: Ninjask|Ninjask, F|31\/325
|switch|p1a: Scolipede|Scolipede, M, shiny|323\/323
|turn|23
|
|move|p2a: Ninjask|Swords Dance|p2a: Ninjask
|-boost|p2a: Ninjask|atk|2
|move|p1a: Scolipede|Iron Defense|p1a: Scolipede
|-boost|p1a: Scolipede|def|2
|
|-boost|p2a: Ninjask|spe|1|[from] ability: Speed Boost
|-boost|p1a: Scolipede|spe|1|[from] ability: Speed Boost
|turn|24
|
|move|p2a: Ninjask|Baton Pass|p2a: Ninjask
|
|switch|p2a: Weavile|Weavile, F|281\/281
|move|p1a: Scolipede|Substitute|p1a: Scolipede
|-start|p1a: Scolipede|Substitute
|-damage|p1a: Scolipede|243\/323
|
|-boost|p1a: Scolipede|spe|1|[from] ability: Speed Boost
|turn|25
|
|move|p2a: Weavile|Fake Out|p1a: Scolipede
|-enditem|p2a: Weavile|Normal Gem|[from] gem|[move] Fake Out
|-activate|p1a: Scolipede|Substitute|[damage]
|move|p1a: Scolipede|Iron Defense|p1a: Scolipede
|-boost|p1a: Scolipede|def|2
|
|-boost|p1a: Scolipede|spe|1|[from] ability: Speed Boost
|turn|26
|
|move|p1a: Scolipede|Iron Defense|p1a: Scolipede
|-boost|p1a: Scolipede|def|2
|move|p2a: Weavile|Night Slash|p1a: Scolipede
|-end|p1a: Scolipede|Substitute
|
|-boost|p1a: Scolipede|spe|1|[from] ability: Speed Boost
|turn|27
|
|move|p1a: Scolipede|Substitute|p1a: Scolipede
|-start|p1a: Scolipede|Substitute
|-damage|p1a: Scolipede|163\/323
|move|p2a: Weavile|Night Slash|p1a: Scolipede
|-activate|p1a: Scolipede|Substitute|[damage]
|
|-boost|p1a: Scolipede|spe|1|[from] ability: Speed Boost
|turn|28
|
|move|p1a: Scolipede|Baton Pass|p1a: Scolipede
|
|switch|p1a: Latias|Latias, F, shiny|364\/364
|move|p2a: Weavile|Ice Punch|p1a: Latias
|-supereffective|p1a: Latias
|-end|p1a: Latias|Substitute
|
|turn|29
|
|detailschange|p1a: Latias|Latias-Mega, F, shiny
|-mega|p1a: Latias|Latias|Latiasite
|move|p1a: Latias|Calm Mind|p1a: Latias
|-boost|p1a: Latias|spa|1
|-boost|p1a: Latias|spd|1
|move|p2a: Weavile|Ice Punch|p1a: Latias
|-supereffective|p1a: Latias
|-damage|p1a: Latias|256\/364
|
|turn|30
|
|move|p1a: Latias|Thunderbolt|p2a: Weavile
|-damage|p2a: Weavile|133\/281
|-status|p2a: Weavile|par
|move|p2a: Weavile|Ice Punch|p1a: Latias
|-supereffective|p1a: Latias
|-damage|p1a: Latias|154\/364
|
|turn|31
|
|move|p1a: Latias|Thunderbolt|p2a: Weavile
|-damage|p2a: Weavile|0 fnt
|faint|p2a: Weavile
|
|
|switch|p2a: Togekiss|Togekiss, F|374\/374
|turn|32
|
|move|p1a: Latias|Stored Power|p2a: Togekiss
|-damage|p2a: Togekiss|0 fnt
|faint|p2a: Togekiss
|
|-message|Rany forfeited.
|
|win|crazybones
|raw|Ladder updating...
|c|âcrazybones|lol
|leave|Rany
|player|p2
|c|âcrazybones|lol
|raw|crazybones's rating: 1498 &rarr; <strong>1512<\/strong><br \/>(+14 for winning)
|raw|Rany's rating: 1387 &rarr; <strong>1373<\/strong><br \/>(-14 for losing)
|c|âcrazybones|lol