|join|blankaking
|join|crazybones
|player|p1|blankaking|123
|player|p2|crazybones|211
|gametype|singles
|gen|6
|tier|OU
|rated
|clearpoke
|poke|p1|Heatran, M
|poke|p1|Diancie
|poke|p1|Keldeo-Resolute
|poke|p1|Bisharp, F
|poke|p1|Slowbro, F
|poke|p1|Latios, M
|poke|p2|Victini
|poke|p2|Staraptor, M, shiny
|poke|p2|Scolipede, M, shiny
|poke|p2|Latias, F, shiny
|poke|p2|Talonflame, F, shiny
|poke|p2|Suicune, shiny
|rule|Swagger Clause: Swagger is banned
|rule|Baton Pass Clause: Limit one PokÃ©mon knowing Baton Pass
|rule|Sleep Clause Mod: Limit one foe put to sleep
|rule|Species Clause: Limit one of each PokÃ©mon
|rule|OHKO Clause: OHKO moves are banned
|rule|Moody Clause: Moody is banned
|rule|Evasion Moves Clause: Evasion moves are banned
|rule|Endless Battle Clause: Forcing endless battles is banned
|rule|HP Percentage Mod: HP is shown in percentages
|teampreview
|
|start
|switch|p1a: Diancie|Diancie|241\/241
|switch|p2a: Staraptor|Staraptor, M, shiny|374\/374
|-ability|p2a: Staraptor|Intimidate|[of] p1a: Diancie
|-fail|p1a: Diancie|unboost|[from] ability: Clear Body|[of] p1a: Diancie
|turn|1
|
|detailschange|p1a: Diancie|Diancie-Mega
|-mega|p1a: Diancie|Diancie|Diancite
|move|p2a: Staraptor|Final Gambit|p1a: Diancie
|-damage|p1a: Diancie|0 fnt
|faint|p2a: Staraptor
|faint|p1a: Diancie
|
|
|switch|p2a: Victini|Victini|404\/404
|switch|p1a: Bisharp|Bisharp, F|271\/271
|turn|2
|
|switch|p2a: Suicune|Suicune, shiny|403\/403
|-ability|p2a: Suicune|Pressure
|move|p1a: Bisharp|Knock Off|p2a: Suicune
|-damage|p2a: Suicune|279\/403
|-enditem|p2a: Suicune|Leftovers|[from] move: Knock Off|[of] p1a: Bisharp
|
|turn|3
|
|move|p1a: Bisharp|Swords Dance|p1a: Bisharp
|-boost|p1a: Bisharp|atk|2
|move|p2a: Suicune|Calm Mind|p2a: Suicune
|-boost|p2a: Suicune|spa|1
|-boost|p2a: Suicune|spd|1
|
|turn|4
|
|move|p1a: Bisharp|Knock Off|p2a: Suicune
|-damage|p2a: Suicune|129\/403
|move|p2a: Suicune|Scald|p1a: Bisharp
|-damage|p1a: Bisharp|109\/271
|
|turn|5
|
|move|p1a: Bisharp|Knock Off|p2a: Suicune
|-damage|p2a: Suicune|0 fnt
|faint|p2a: Suicune
|
|
|switch|p2a: Talonflame|Talonflame, F, shiny|359\/359
|turn|6
|
|switch|p1a: Slowbro|Slowbro, F|394\/394
|move|p2a: Talonflame|Brave Bird|p1a: Slowbro
|-damage|p1a: Slowbro|265\/394
|-damage|p2a: Talonflame|316\/359|[from] recoil|[of] p1a: Slowbro
|
|-heal|p1a: Slowbro|289\/394|[from] item: Leftovers
|turn|7
|
|move|p2a: Talonflame|Swords Dance|p2a: Talonflame
|-boost|p2a: Talonflame|atk|2
|move|p1a: Slowbro|Thunder Wave|p2a: Talonflame
|-status|p2a: Talonflame|par
|
|-heal|p1a: Slowbro|313\/394|[from] item: Leftovers
|turn|8
|
|move|p1a: Slowbro|Scald|p2a: Talonflame
|-supereffective|p2a: Talonflame
|-damage|p2a: Talonflame|50\/359 par
|move|p2a: Talonflame|Swords Dance|p2a: Talonflame
|-boost|p2a: Talonflame|atk|2
|
|-heal|p1a: Slowbro|337\/394|[from] item: Leftovers
|turn|9
|
|switch|p1a: Heatran|Heatran, M|386\/386
|move|p2a: Talonflame|Brave Bird|p1a: Heatran
|-crit|p1a: Heatran
|-resisted|p1a: Heatran
|-damage|p1a: Heatran|0 fnt
|-damage|p2a: Talonflame|0 fnt|[from] recoil|[of] p1a: Heatran
|faint|p1a: Heatran
|faint|p2a: Talonflame
|
|
|switch|p1a: Keldeo-Resolute|Keldeo-Resolute|323\/323
|switch|p2a: Scolipede|Scolipede, M, shiny|323\/323
|turn|10
|
|move|p2a: Scolipede|Protect|p2a: Scolipede
|-singleturn|p2a: Scolipede|Protect
|move|p1a: Keldeo-Resolute|Scald|p2a: Scolipede
|-activate|p2a: Scolipede|Protect
|
|-boost|p2a: Scolipede|spe|1|[from] ability: Speed Boost
|turn|11
|
|move|p2a: Scolipede|Substitute|p2a: Scolipede
|-start|p2a: Scolipede|Substitute
|-damage|p2a: Scolipede|243\/323
|move|p1a: Keldeo-Resolute|Scald|p2a: Scolipede
|-end|p2a: Scolipede|Substitute
|
|-boost|p2a: Scolipede|spe|1|[from] ability: Speed Boost
|turn|12
|
|move|p2a: Scolipede|Protect|p2a: Scolipede
|-singleturn|p2a: Scolipede|Protect
|move|p1a: Keldeo-Resolute|Scald|p2a: Scolipede
|-activate|p2a: Scolipede|Protect
|
|-boost|p2a: Scolipede|spe|1|[from] ability: Speed Boost
|turn|13
|
|move|p2a: Scolipede|Substitute|p2a: Scolipede
|-start|p2a: Scolipede|Substitute
|-damage|p2a: Scolipede|163\/323
|move|p1a: Keldeo-Resolute|Scald|p2a: Scolipede
|-end|p2a: Scolipede|Substitute
|
|-boost|p2a: Scolipede|spe|1|[from] ability: Speed Boost
|turn|14
|
|move|p2a: Scolipede|Baton Pass|p2a: Scolipede
|
|switch|p2a: Latias|Latias, F, shiny|364\/364
|move|p1a: Keldeo-Resolute|Scald|p2a: Latias
|-resisted|p2a: Latias
|-damage|p2a: Latias|304\/364
|
|turn|15
|
|switch|p1a: Latios|Latios, M|301\/301
|detailschange|p2a: Latias|Latias-Mega, F, shiny
|-mega|p2a: Latias|Latias|Latiasite
|move|p2a: Latias|Calm Mind|p2a: Latias
|-boost|p2a: Latias|spa|1
|-boost|p2a: Latias|spd|1
|
|turn|16
|
|move|p2a: Latias|Calm Mind|p2a: Latias
|-boost|p2a: Latias|spa|1
|-boost|p2a: Latias|spd|1
|move|p1a: Latios|Draco Meteor|p2a: Latias
|-supereffective|p2a: Latias
|-damage|p2a: Latias|130\/364
|-unboost|p1a: Latios|spa|2
|-damage|p1a: Latios|271\/301|[from] item: Life Orb
|
|turn|17
|
|move|p2a: Latias|Roost|p2a: Latias
|-heal|p2a: Latias|312\/364
|move|p1a: Latios|Draco Meteor|p2a: Latias
|-supereffective|p2a: Latias
|-damage|p2a: Latias|226\/364
|-unboost|p1a: Latios|spa|2
|-damage|p1a: Latios|241\/301|[from] item: Life Orb
|
|turn|18
|
|switch|p1a: Bisharp|Bisharp, F|109\/271
|move|p2a: Latias|Roost|p2a: Latias
|-heal|p2a: Latias|364\/364
|
|turn|19
|
|move|p2a: Latias|Thunderbolt|p1a: Bisharp
|-damage|p1a: Bisharp|0 fnt
|faint|p1a: Bisharp
|
|-message|blankaking forfeited.
|
|win|crazybones
|raw|Ladder updating...
|leave|blankaking
|player|p1
|raw|blankaking's rating: 1467 &rarr; <strong>1449<\/strong><br \/>(-18 for losing)
|raw|crazybones's rating: 1501 &rarr; <strong>1519<\/strong><br \/>(+18 for winning)