|join|crazybones
|join|Illgetreqs
|player|p1|crazybones|211
|player|p2|Illgetreqs|2
|gametype|singles
|gen|6
|tier|OU
|rated
|clearpoke
|poke|p1|Keldeo-Resolute
|poke|p1|Latios, M
|poke|p1|Scolipede, M
|poke|p1|Magnezone
|poke|p1|Ditto
|poke|p1|Klefki, F
|poke|p2|Keldeo-Resolute
|poke|p2|Azelf
|poke|p2|Metagross
|poke|p2|Raikou
|poke|p2|Landorus-Therian, M
|poke|p2|Bisharp, M
|rule|Swagger Clause: Swagger is banned
|rule|Baton Pass Clause: Limit one PokÃ©mon knowing Baton Pass
|rule|Sleep Clause Mod: Limit one foe put to sleep
|rule|Species Clause: Limit one of each PokÃ©mon
|rule|OHKO Clause: OHKO moves are banned
|rule|Moody Clause: Moody is banned
|rule|Evasion Moves Clause: Evasion moves are banned
|rule|Endless Battle Clause: Forcing endless battles is banned
|rule|HP Percentage Mod: HP is shown in percentages
|teampreview
|
|start
|switch|p1a: Klefki|Klefki, F|317\/317
|switch|p2a: Azelf|Azelf|291\/291
|turn|1
|
|move|p1a: Klefki|Spikes|p2a: Azelf
|-sidestart|p2: Illgetreqs|Spikes
|move|p2a: Azelf|Fire Blast|p1a: Klefki
|-supereffective|p1a: Klefki
|-damage|p1a: Klefki|121\/317
|
|turn|2
|
|move|p1a: Klefki|Toxic|p2a: Azelf
|-status|p2a: Azelf|tox
|move|p2a: Azelf|Fire Blast|p1a: Klefki
|-supereffective|p1a: Klefki
|-damage|p1a: Klefki|0 fnt
|faint|p1a: Klefki
|
|-damage|p2a: Azelf|273\/291 tox|[from] psn
|
|switch|p1a: Keldeo-Resolute|Keldeo-Resolute|323\/323
|turn|3
|
|move|p2a: Azelf|Stealth Rock|p1a: Keldeo-Resolute
|-sidestart|p1: crazybones|move: Stealth Rock
|move|p1a: Keldeo-Resolute|Substitute|p1a: Keldeo-Resolute
|-start|p1a: Keldeo-Resolute|Substitute
|-damage|p1a: Keldeo-Resolute|243\/323
|
|-heal|p1a: Keldeo-Resolute|263\/323|[from] item: Leftovers
|-damage|p2a: Azelf|237\/291 tox|[from] psn
|turn|4
|
|move|p2a: Azelf|Taunt|p1a: Keldeo-Resolute
|-start|p1a: Keldeo-Resolute|move: Taunt
|cant|p1a: Keldeo-Resolute|move: Taunt|Calm Mind
|
|-heal|p1a: Keldeo-Resolute|283\/323|[from] item: Leftovers
|-damage|p2a: Azelf|183\/291 tox|[from] psn
|turn|5
|
|move|p2a: Azelf|Explosion|p1a: Keldeo-Resolute
|-end|p1a: Keldeo-Resolute|Substitute
|faint|p2a: Azelf
|move|p1a: Keldeo-Resolute|Scald|p2: Azelf|[notarget]
|-notarget
|
|-heal|p1a: Keldeo-Resolute|303\/323|[from] item: Leftovers
|
|switch|p2a: Metagross|Metagross|301\/301
|-damage|p2a: Metagross|264\/301|[from] Spikes
|turn|6
|
|switch|p1a: Magnezone|Magnezone|281\/281
|-damage|p1a: Magnezone|264\/281|[from] Stealth Rock
|detailschange|p2a: Metagross|Metagross-Mega
|-mega|p2a: Metagross|Metagross|Metagrossite
|move|p2a: Metagross|Zen Headbutt|p1a: Magnezone
|-crit|p1a: Magnezone
|-resisted|p1a: Magnezone
|-damage|p1a: Magnezone|132\/281
|
|turn|7
|
|move|p1a: Magnezone|Thunderbolt|p2a: Metagross
|-damage|p2a: Metagross|113\/301
|move|p2a: Metagross|Hammer Arm|p1a: Magnezone
|-supereffective|p1a: Magnezone
|-damage|p1a: Magnezone|0 fnt
|-unboost|p2a: Metagross|spe|1
|faint|p1a: Magnezone
|
|
|switch|p1a: Keldeo-Resolute|Keldeo-Resolute|303\/323
|-damage|p1a: Keldeo-Resolute|283\/323|[from] Stealth Rock
|turn|8
|
|switch|p2a: Raikou|Raikou|321\/321
|-damage|p2a: Raikou|281\/321|[from] Spikes
|-ability|p2a: Raikou|Pressure
|move|p1a: Keldeo-Resolute|Scald|p2a: Raikou
|-damage|p2a: Raikou|184\/321
|-status|p2a: Raikou|brn
|
|-heal|p1a: Keldeo-Resolute|303\/323|[from] item: Leftovers
|-damage|p2a: Raikou|144\/321 brn|[from] brn
|turn|9
|
|switch|p1a: Ditto|Ditto|299\/299
|-damage|p1a: Ditto|262\/299|[from] Stealth Rock
|-transform|p1a: Ditto|p2a: Raikou
|-ability|p1a: Ditto|Pressure
|move|p2a: Raikou|Volt Switch|p1a: Ditto
|-resisted|p1a: Ditto
|-damage|p1a: Ditto|208\/299
|
|switch|p2a: Bisharp|Bisharp, M|271\/271
|-damage|p2a: Bisharp|238\/271|[from] Spikes
|
|turn|10
|
|move|p1a: Ditto|Thunderbolt|p2a: Bisharp
|-damage|p2a: Bisharp|28\/271
|move|p2a: Bisharp|Knock Off|p1a: Ditto
|-damage|p1a: Ditto|0 fnt
|-enditem|p1a: Ditto|Choice Scarf|[from] move: Knock Off|[of] p2a: Bisharp
|-damage|p2a: Bisharp|1\/271|[from] item: Life Orb
|faint|p1a: Ditto
|
|
|switch|p1a: Scolipede|Scolipede, M|323\/323
|-damage|p1a: Scolipede|243\/323|[from] Stealth Rock
|turn|11
|
|move|p1a: Scolipede|Protect|p1a: Scolipede
|-singleturn|p1a: Scolipede|Protect
|move|p2a: Bisharp|Knock Off|p1a: Scolipede
|-activate|p1a: Scolipede|Protect
|
|-boost|p1a: Scolipede|spe|1|[from] ability: Speed Boost
|turn|12
|
|move|p1a: Scolipede|Iron Defense|p1a: Scolipede
|-boost|p1a: Scolipede|def|2
|move|p2a: Bisharp|Knock Off|p1a: Scolipede
|-damage|p1a: Scolipede|144\/323
|-enditem|p1a: Scolipede|Mental Herb|[from] move: Knock Off|[of] p2a: Bisharp
|-damage|p2a: Bisharp|0 fnt|[from] item: Life Orb
|faint|p2a: Bisharp
|
|-boost|p1a: Scolipede|spe|1|[from] ability: Speed Boost
|
|switch|p2a: Raikou|Raikou|144\/321 brn
|-damage|p2a: Raikou|104\/321 brn|[from] Spikes
|-ability|p2a: Raikou|Pressure
|turn|13
|
|move|p1a: Scolipede|Protect|p1a: Scolipede
|-singleturn|p1a: Scolipede|Protect
|move|p2a: Raikou|Shadow Ball|p1a: Scolipede
|-activate|p1a: Scolipede|Protect
|
|-damage|p2a: Raikou|64\/321 brn|[from] brn
|-boost|p1a: Scolipede|spe|1|[from] ability: Speed Boost
|turn|14
|
|move|p1a: Scolipede|Substitute|p1a: Scolipede
|-start|p1a: Scolipede|Substitute
|-damage|p1a: Scolipede|64\/323
|move|p2a: Raikou|Shadow Ball|p1a: Scolipede
|-end|p1a: Scolipede|Substitute
|
|-damage|p2a: Raikou|24\/321 brn|[from] brn
|-boost|p1a: Scolipede|spe|1|[from] ability: Speed Boost
|turn|15
|
|move|p1a: Scolipede|Baton Pass|p1a: Scolipede
|
|switch|p1a: Latios|Latios, M|301\/301
|-damage|p1a: Latios|264\/301|[from] Stealth Rock
|move|p2a: Raikou|Volt Switch|p1a: Latios
|-resisted|p1a: Latios
|-damage|p1a: Latios|210\/301
|
|switch|p2a: Landorus-Therian|Landorus-Therian, M|319\/319
|-ability|p2a: Landorus-Therian|Intimidate|[of] p1a: Latios
|-unboost|p1a: Latios|atk|1
|
|turn|16
|
|detailschange|p1a: Latios|Latios-Mega, M
|-mega|p1a: Latios|Latios|Latiosite
|move|p1a: Latios|Stored Power|p2a: Landorus-Therian
|-damage|p2a: Landorus-Therian|0 fnt
|faint|p2a: Landorus-Therian
|
|
|switch|p2a: Metagross|Metagross-Mega|113\/301
|-damage|p2a: Metagross|76\/301|[from] Spikes
|turn|17
|
|move|p1a: Latios|Stored Power|p2a: Metagross
|-resisted|p2a: Metagross
|-damage|p2a: Metagross|0 fnt
|faint|p2a: Metagross
|
|-message|Illgetreqs forfeited.
|
|win|crazybones
|raw|Ladder updating...
|leave|Illgetreqs
|player|p2
|raw|crazybones's rating: 1547 &rarr; <strong>1565<\/strong><br \/>(+18 for winning)
|raw|Illgetreqs's rating: 1510 &rarr; <strong>1493<\/strong><br \/>(-17 for losing)