|join|Here To GG
|join|crazybones
|player|p1|Here To GG|148
|player|p2|crazybones|211
|gametype|singles
|gen|6
|tier|OU
|rated
|clearpoke
|poke|p1|Charizard, F
|poke|p1|Gothitelle, F
|poke|p1|Skarmory, F
|poke|p1|Keldeo
|poke|p1|Landorus-Therian, M
|poke|p1|Clefable, F
|poke|p2|Victini
|poke|p2|Staraptor, M, shiny
|poke|p2|Scolipede, F, shiny
|poke|p2|Latias, F, shiny
|poke|p2|Talonflame, F, shiny
|poke|p2|Suicune, shiny
|rule|Swagger Clause: Swagger is banned
|rule|Baton Pass Clause: Limit one PokÃ©mon knowing Baton Pass
|rule|Sleep Clause Mod: Limit one foe put to sleep
|rule|Species Clause: Limit one of each PokÃ©mon
|rule|OHKO Clause: OHKO moves are banned
|rule|Moody Clause: Moody is banned
|rule|Evasion Moves Clause: Evasion moves are banned
|rule|Endless Battle Clause: Forcing endless battles is banned
|rule|HP Percentage Mod: HP is shown in percentages
|teampreview
|
|start
|switch|p1a: Gothitelle|Gothitelle, F|281\/281
|switch|p2a: Staraptor|Staraptor, M, shiny|374\/374
|-ability|p2a: Staraptor|Intimidate|[of] p1a: Gothitelle
|-unboost|p1a: Gothitelle|atk|1
|turn|1
|join|Appreciation
|
|switch|p1a: Skarmory|Skarmory, F|333\/333
|move|p2a: Staraptor|Final Gambit|p1a: Skarmory
|-activate|p1a: Skarmory|Sturdy
|-damage|p1a: Skarmory|1\/333
|faint|p2a: Staraptor
|
|c| Appreciation|o
|
|switch|p2a: Suicune|Suicune, shiny|403\/403
|-ability|p2a: Suicune|Pressure
|turn|2
|c|âHere To GG|strangee
|
|switch|p1a: Gothitelle|Gothitelle, F|281\/281
|move|p2a: Suicune|Scald|p1a: Gothitelle
|-damage|p1a: Gothitelle|211\/281
|-status|p1a: Gothitelle|brn
|
|-damage|p1a: Gothitelle|176\/281 brn|[from] brn
|turn|3
|
|move|p1a: Gothitelle|Trick|p2a: Suicune
|-activate|p1a: Gothitelle|move: Trick|[of] p2a: Suicune
|-item|p2a: Suicune|Choice Scarf|[from] move: Trick
|-item|p1a: Gothitelle|Leftovers|[from] move: Trick
|move|p2a: Suicune|Scald|p1a: Gothitelle
|-damage|p1a: Gothitelle|104\/281 brn
|
|-heal|p1a: Gothitelle|121\/281 brn|[from] item: Leftovers
|-damage|p1a: Gothitelle|86\/281 brn|[from] brn
|turn|4
|c|âHere To GG|gg
|c|âHere To GG|24 turns later
|
|move|p2a: Suicune|Scald|p1a: Gothitelle
|-damage|p1a: Gothitelle|11\/281 brn
|move|p1a: Gothitelle|Rest|p1a: Gothitelle
|-status|p1a: Gothitelle|slp
|-heal|p1a: Gothitelle|281\/281 slp|[silent]
|-status|p1a: Gothitelle|slp|[from] move: Rest
|
|turn|5
|c| Appreciation|gg?? lel
|
|move|p2a: Suicune|Scald|p1a: Gothitelle
|-damage|p1a: Gothitelle|212\/281 slp
|cant|p1a: Gothitelle|slp
|
|-heal|p1a: Gothitelle|229\/281 slp|[from] item: Leftovers
|turn|6
|
|move|p2a: Suicune|Scald|p1a: Gothitelle
|-damage|p1a: Gothitelle|154\/281 slp
|cant|p1a: Gothitelle|slp
|
|-heal|p1a: Gothitelle|171\/281 slp|[from] item: Leftovers
|turn|7
|
|move|p2a: Suicune|Scald|p1a: Gothitelle
|-damage|p1a: Gothitelle|95\/281 slp
|-curestatus|p1a: Gothitelle|slp
|move|p1a: Gothitelle|Rest|p1a: Gothitelle
|-status|p1a: Gothitelle|slp
|-heal|p1a: Gothitelle|281\/281 slp|[silent]
|-status|p1a: Gothitelle|slp|[from] move: Rest
|
|turn|8
|
|move|p2a: Suicune|Scald|p1a: Gothitelle
|-damage|p1a: Gothitelle|205\/281 slp
|cant|p1a: Gothitelle|slp
|
|-heal|p1a: Gothitelle|222\/281 slp|[from] item: Leftovers
|turn|9
|
|move|p2a: Suicune|Scald|p1a: Gothitelle
|-damage|p1a: Gothitelle|144\/281 slp
|cant|p1a: Gothitelle|slp
|
|-heal|p1a: Gothitelle|161\/281 slp|[from] item: Leftovers
|turn|10
|
|move|p2a: Suicune|Scald|p1a: Gothitelle
|-damage|p1a: Gothitelle|85\/281 slp
|-curestatus|p1a: Gothitelle|slp
|move|p1a: Gothitelle|Rest|p1a: Gothitelle
|-status|p1a: Gothitelle|slp
|-heal|p1a: Gothitelle|281\/281 slp|[silent]
|-status|p1a: Gothitelle|slp|[from] move: Rest
|
|turn|11
|
|move|p2a: Suicune|Scald|p1a: Gothitelle
|-damage|p1a: Gothitelle|212\/281 slp
|cant|p1a: Gothitelle|slp
|
|-heal|p1a: Gothitelle|229\/281 slp|[from] item: Leftovers
|turn|12
|
|move|p2a: Suicune|Scald|p1a: Gothitelle
|-damage|p1a: Gothitelle|159\/281 slp
|cant|p1a: Gothitelle|slp
|
|-heal|p1a: Gothitelle|176\/281 slp|[from] item: Leftovers
|turn|13
|
|move|p2a: Suicune|Scald|p1a: Gothitelle
|-damage|p1a: Gothitelle|100\/281 slp
|-curestatus|p1a: Gothitelle|slp
|move|p1a: Gothitelle|Rest|p1a: Gothitelle
|-status|p1a: Gothitelle|slp
|-heal|p1a: Gothitelle|281\/281 slp|[silent]
|-status|p1a: Gothitelle|slp|[from] move: Rest
|
|turn|14
|
|move|p2a: Suicune|Scald|p1a: Gothitelle
|-damage|p1a: Gothitelle|203\/281 slp
|cant|p1a: Gothitelle|slp
|
|-heal|p1a: Gothitelle|220\/281 slp|[from] item: Leftovers
|turn|15
|
|move|p2a: Suicune|Scald|p1a: Gothitelle
|-damage|p1a: Gothitelle|150\/281 slp
|cant|p1a: Gothitelle|slp
|
|-heal|p1a: Gothitelle|167\/281 slp|[from] item: Leftovers
|turn|16
|
|move|p2a: Suicune|Scald|p1a: Gothitelle
|-damage|p1a: Gothitelle|97\/281 slp
|-curestatus|p1a: Gothitelle|slp
|move|p1a: Gothitelle|Rest|p1a: Gothitelle
|-status|p1a: Gothitelle|slp
|-heal|p1a: Gothitelle|281\/281 slp|[silent]
|-status|p1a: Gothitelle|slp|[from] move: Rest
|
|turn|17
|
|move|p2a: Suicune|Scald|p1a: Gothitelle
|-damage|p1a: Gothitelle|199\/281 slp
|cant|p1a: Gothitelle|slp
|
|-heal|p1a: Gothitelle|216\/281 slp|[from] item: Leftovers
|turn|18
|
|move|p2a: Suicune|Scald|p1a: Gothitelle
|-damage|p1a: Gothitelle|146\/281 slp
|cant|p1a: Gothitelle|slp
|
|-heal|p1a: Gothitelle|163\/281 slp|[from] item: Leftovers
|turn|19
|
|move|p2a: Suicune|Scald|p1a: Gothitelle
|-damage|p1a: Gothitelle|93\/281 slp
|-curestatus|p1a: Gothitelle|slp
|move|p1a: Gothitelle|Rest|p1a: Gothitelle
|-status|p1a: Gothitelle|slp
|-heal|p1a: Gothitelle|281\/281 slp|[silent]
|-status|p1a: Gothitelle|slp|[from] move: Rest
|
|turn|20
|
|move|p2a: Suicune|Scald|p1a: Gothitelle
|-damage|p1a: Gothitelle|206\/281 slp
|cant|p1a: Gothitelle|slp
|
|-heal|p1a: Gothitelle|223\/281 slp|[from] item: Leftovers
|turn|21
|
|move|p2a: Suicune|Scald|p1a: Gothitelle
|-damage|p1a: Gothitelle|144\/281 slp
|cant|p1a: Gothitelle|slp
|
|-heal|p1a: Gothitelle|161\/281 slp|[from] item: Leftovers
|turn|22
|
|move|p2a: Suicune|Scald|p1a: Gothitelle
|-damage|p1a: Gothitelle|89\/281 slp
|-curestatus|p1a: Gothitelle|slp
|move|p1a: Gothitelle|Rest|p1a: Gothitelle
|-status|p1a: Gothitelle|slp
|-heal|p1a: Gothitelle|281\/281 slp|[silent]
|-status|p1a: Gothitelle|slp|[from] move: Rest
|
|turn|23
|
|move|p2a: Suicune|Scald|p1a: Gothitelle
|-damage|p1a: Gothitelle|209\/281 slp
|cant|p1a: Gothitelle|slp
|
|-heal|p1a: Gothitelle|226\/281 slp|[from] item: Leftovers
|turn|24
|
|move|p2a: Suicune|Scald|p1a: Gothitelle
|-damage|p1a: Gothitelle|148\/281 slp
|cant|p1a: Gothitelle|slp
|
|-heal|p1a: Gothitelle|165\/281 slp|[from] item: Leftovers
|turn|25
|c| Appreciation|HTS
|c| Appreciation|pls use offensive teams
|c| Appreciation|this is so boring
|c| Appreciation|imo
|c|âHere To GG|haha xD
|c|âHere To GG|okk
|
|move|p2a: Suicune|Scald|p1a: Gothitelle
|-damage|p1a: Gothitelle|96\/281 slp
|-curestatus|p1a: Gothitelle|slp
|move|p1a: Gothitelle|Rest|p1a: Gothitelle
|-status|p1a: Gothitelle|slp
|-heal|p1a: Gothitelle|281\/281 slp|[silent]
|-status|p1a: Gothitelle|slp|[from] move: Rest
|
|turn|26
|
|move|p2a: Suicune|Struggle|p1a: Gothitelle
|-damage|p1a: Gothitelle|250\/281 slp
|-damage|p2a: Suicune|303\/403
|cant|p1a: Gothitelle|slp
|
|-heal|p1a: Gothitelle|267\/281 slp|[from] item: Leftovers
|turn|27
|
|move|p2a: Suicune|Struggle|p1a: Gothitelle
|-damage|p1a: Gothitelle|239\/281 slp
|-damage|p2a: Suicune|203\/403
|cant|p1a: Gothitelle|slp
|
|-heal|p1a: Gothitelle|256\/281 slp|[from] item: Leftovers
|turn|28
|
|move|p2a: Suicune|Struggle|p1a: Gothitelle
|-damage|p1a: Gothitelle|226\/281 slp
|-damage|p2a: Suicune|103\/403
|-curestatus|p1a: Gothitelle|slp
|move|p1a: Gothitelle|Rest|p1a: Gothitelle
|-status|p1a: Gothitelle|slp
|-heal|p1a: Gothitelle|281\/281 slp|[silent]
|-status|p1a: Gothitelle|slp|[from] move: Rest
|
|turn|29
|c| Appreciation|why did u rest lol
|
|switch|p1a: Charizard|Charizard, F|297\/297
|move|p2a: Suicune|Struggle|p1a: Charizard
|-damage|p1a: Charizard|265\/297
|-damage|p2a: Suicune|3\/403
|
|turn|30
|
|detailschange|p1a: Charizard|Charizard-Mega-X, F
|-mega|p1a: Charizard|Charizard|Charizardite X
|move|p1a: Charizard|Dragon Dance|p1a: Charizard
|-boost|p1a: Charizard|atk|1
|-boost|p1a: Charizard|spe|1
|move|p2a: Suicune|Struggle|p1a: Charizard
|-damage|p1a: Charizard|241\/297
|-damage|p2a: Suicune|0 fnt
|faint|p2a: Suicune
|
|c| Appreciation|lel
|
|switch|p2a: Victini|Victini|404\/404
|turn|31
|c|âHere To GG|:P
|
|move|p2a: Victini|Final Gambit|p1a: Charizard
|-damage|p1a: Charizard|0 fnt
|faint|p2a: Victini
|faint|p1a: Charizard
|
|c|âHere To GG|that speed tie tho
|
|switch|p1a: Keldeo|Keldeo|323\/323
|switch|p2a: Scolipede|Scolipede, F, shiny|323\/323
|turn|32
|
|move|p2a: Scolipede|Protect|p2a: Scolipede
|-singleturn|p2a: Scolipede|Protect
|move|p1a: Keldeo|Scald|p2a: Scolipede
|-activate|p2a: Scolipede|Protect
|
|-boost|p2a: Scolipede|spe|1|[from] ability: Speed Boost
|turn|33
|
|move|p2a: Scolipede|Iron Defense|p2a: Scolipede
|-boost|p2a: Scolipede|def|2
|move|p1a: Keldeo|Scald|p2a: Scolipede
|-damage|p2a: Scolipede|53\/323
|
|-boost|p2a: Scolipede|spe|1|[from] ability: Speed Boost
|turn|34
|c| Appreciation|ur ded
|
|move|p2a: Scolipede|Baton Pass|p2a: Scolipede
|c| Appreciation|gg
|c|âHere To GG|gg
|
|switch|p2a: Latias|Latias, F, shiny|364\/364
|move|p1a: Keldeo|Scald|p2a: Latias
|-resisted|p2a: Latias
|-damage|p2a: Latias|299\/364
|-status|p2a: Latias|brn
|
|-damage|p2a: Latias|254\/364 brn|[from] brn
|turn|35
|c| Appreciation|its cm mega lati
|c|âHere To GG|with mold breaker?
|c| Appreciation|n
|c| Appreciation|lel
|c|âHere To GG|lel
|
|switch|p1a: Clefable|Clefable, F|394\/394
|detailschange|p2a: Latias|Latias-Mega, F, shiny
|-mega|p2a: Latias|Latias|Latiasite
|move|p2a: Latias|Calm Mind|p2a: Latias
|-boost|p2a: Latias|spa|1
|-boost|p2a: Latias|spd|1
|
|-damage|p2a: Latias|209\/364 brn|[from] brn
|turn|36
|c|âHere To GG|lelelel
|c| Appreciation|but
|c| Appreciation|stored power
|c| Appreciation|,,
|c| Appreciation|moonblast it
|
|move|p2a: Latias|Stored Power|p1a: Clefable
|-crit|p1a: Clefable
|-damage|p1a: Clefable|106\/394
|move|p1a: Clefable|Moonblast|p2a: Latias
|-supereffective|p2a: Latias
|-damage|p2a: Latias|93\/364 brn
|
|-heal|p1a: Clefable|130\/394|[from] item: Leftovers
|-damage|p2a: Latias|48\/364 brn|[from] brn
|turn|37
|c| Appreciation|woops
|c|âHere To GG|that crit tho
|c| Appreciation|hello
|c| Appreciation|go skarm XDddddd jk
|c| Appreciation|i said
|c| Appreciation|JK
|
|move|p2a: Latias|Stored Power|p1a: Clefable
|-damage|p1a: Clefable|0 fnt
|faint|p1a: Clefable
|
|-damage|p2a: Latias|3\/364 brn|[from] brn
|c| Appreciation|well
|
|switch|p1a: Skarmory|Skarmory, F|1\/333
|turn|38
|c|âHere To GG|skarm to the rescue
|c| Appreciation|yea
|
|move|p2a: Latias|Roost|p2a: Latias
|-heal|p2a: Latias|185\/364 brn
|move|p1a: Skarmory|Whirlwind|p2a: Latias
|drag|p2a: Scolipede|Scolipede, F, shiny|53\/323
|
|turn|39
|
|move|p2a: Scolipede|Iron Defense|p2a: Scolipede
|-boost|p2a: Scolipede|def|2
|move|p1a: Skarmory|Stealth Rock|p2a: Scolipede
|-sidestart|p2: crazybones|move: Stealth Rock
|
|-boost|p2a: Scolipede|spe|1|[from] ability: Speed Boost
|turn|40
|c| Appreciation|lol
|
|move|p2a: Scolipede|Baton Pass|p2a: Scolipede
|
|switch|p2a: Latias|Latias-Mega, F, shiny|185\/364 brn
|-damage|p2a: Latias|140\/364 brn|[from] Stealth Rock
|move|p1a: Skarmory|Whirlwind|p2a: Latias
|drag|p2a: Scolipede|Scolipede, F, shiny|53\/323
|-damage|p2a: Scolipede|0 fnt|[from] Stealth Rock
|faint|p2a: Scolipede
|
|
|switch|p2a: Latias|Latias-Mega, F, shiny|140\/364 brn
|-damage|p2a: Latias|95\/364 brn|[from] Stealth Rock
|turn|41
|
|move|p2a: Latias|Roost|p2a: Latias
|-heal|p2a: Latias|277\/364 brn
|move|p1a: Skarmory|Whirlwind|p2a: Latias
|drag|p2a: Talonflame|Talonflame, F, shiny|359\/359
|-damage|p2a: Talonflame|180\/359|[from] Stealth Rock
|
|turn|42
|
|move|p2a: Talonflame|Taunt|p1a: Skarmory
|-start|p1a: Skarmory|move: Taunt
|cant|p1a: Skarmory|move: Taunt|Roost
|
|turn|43
|c| Appreciation|oo
|
|switch|p1a: Keldeo|Keldeo|323\/323
|move|p2a: Talonflame|Swords Dance|p2a: Talonflame
|-boost|p2a: Talonflame|atk|2
|
|turn|44
|
|switch|p1a: Skarmory|Skarmory, F|1\/333
|move|p2a: Talonflame|Brave Bird|p1a: Skarmory
|-resisted|p1a: Skarmory
|-damage|p1a: Skarmory|0 fnt
|-damage|p2a: Talonflame|121\/359|[from] item: Rocky Helmet|[of] p1a: Skarmory
|-damage|p2a: Talonflame|120\/359|[from] recoil|[of] p1a: Skarmory
|faint|p1a: Skarmory
|
|
|switch|p1a: Landorus-Therian|Landorus-Therian, M|319\/319
|-ability|p1a: Landorus-Therian|Intimidate|[of] p2a: Talonflame
|-unboost|p2a: Talonflame|atk|1
|turn|45
|
|move|p2a: Talonflame|Brave Bird|p1a: Landorus-Therian
|-damage|p1a: Landorus-Therian|0 fnt
|-damage|p2a: Talonflame|15\/359|[from] recoil|[of] p1a: Landorus-Therian
|faint|p1a: Landorus-Therian
|
|c|âHere To GG|whaaaat
|c|âHere To GG|that kills
|
|switch|p1a: Keldeo|Keldeo|323\/323
|turn|46
|c|âHere To GG|another lose for me
|c|âHere To GG|serious tiltage
|
|switch|p1a: Gothitelle|Gothitelle, F|281\/281 slp
|move|p2a: Talonflame|Brave Bird|p1a: Gothitelle
|-damage|p1a: Gothitelle|0 fnt
|-damage|p2a: Talonflame|0 fnt|[from] recoil|[of] p1a: Gothitelle
|faint|p1a: Gothitelle
|faint|p2a: Talonflame
|
|
|switch|p1a: Keldeo|Keldeo|323\/323
|switch|p2a: Latias|Latias-Mega, F, shiny|277\/364 brn
|-damage|p2a: Latias|232\/364 brn|[from] Stealth Rock
|turn|47
|
|move|p1a: Keldeo|Secret Sword|p2a: Latias
|-resisted|p2a: Latias
|-damage|p2a: Latias|130\/364 brn
|move|p2a: Latias|Roost|p2a: Latias
|-heal|p2a: Latias|312\/364 brn
|
|-damage|p2a: Latias|267\/364 brn|[from] brn
|turn|48
|c| Appreciation|rip
|
|move|p1a: Keldeo|Secret Sword|p2a: Latias
|-resisted|p2a: Latias
|-damage|p2a: Latias|174\/364 brn
|move|p2a: Latias|Roost|p2a: Latias
|-heal|p2a: Latias|356\/364 brn
|
|-damage|p2a: Latias|311\/364 brn|[from] brn
|turn|49
|c| Appreciation|just leave
|c| Appreciation|hell stall u out
|c|âHere To GG|we'll see
|
|move|p1a: Keldeo|Secret Sword|p2a: Latias
|-resisted|p2a: Latias
|-damage|p2a: Latias|209\/364 brn
|move|p2a: Latias|Calm Mind|p2a: Latias
|-boost|p2a: Latias|spa|1
|-boost|p2a: Latias|spd|1
|
|-damage|p2a: Latias|164\/364 brn|[from] brn
|turn|50
|
|move|p1a: Keldeo|Secret Sword|p2a: Latias
|-resisted|p2a: Latias
|-damage|p2a: Latias|74\/364 brn
|move|p2a: Latias|Roost|p2a: Latias
|-heal|p2a: Latias|256\/364 brn
|
|-damage|p2a: Latias|211\/364 brn|[from] brn
|turn|51
|-message|Here To GG forfeited.
|
|move|p1a: Keldeo|Secret Sword|p2a: Latias
|-resisted|p2a: Latias
|-damage|p2a: Latias|121\/364 brn
|move|p2a: Latias|Roost|p2a: Latias
|-heal|p2a: Latias|303\/364 brn
|
|-damage|p2a: Latias|258\/364 brn|[from] brn
|turn|52
|leave|Here To GG
|
|win|crazybones
|raw|Ladder updating...
|player|p1
|leave|Appreciation
|raw|Here To GG's rating: 1660 &rarr; <strong>1635<\/strong><br \/>(-25 for losing)
|raw|crazybones's rating: 1560 &rarr; <strong>1586<\/strong><br \/>(+26 for winning)