|join|bosh for three
|join|crazybones
|player|p1|bosh for three|266
|player|p2|crazybones|211
|gametype|singles
|gen|6
|tier|OU
|rated
|clearpoke
|poke|p1|Clefable, F
|poke|p1|Gliscor, M
|poke|p1|Sableye, F
|poke|p1|Conkeldurr, M
|poke|p1|Ferrothorn, M
|poke|p1|Latios, M
|poke|p2|Gardevoir, M, shiny
|poke|p2|Latios, M
|poke|p2|Raikou
|poke|p2|Scizor, F
|poke|p2|Keldeo-Resolute
|poke|p2|Ferrothorn, M
|rule|Swagger Clause: Swagger is banned
|rule|Baton Pass Clause: Limit one PokÃ©mon knowing Baton Pass
|rule|Sleep Clause Mod: Limit one foe put to sleep
|rule|Species Clause: Limit one of each PokÃ©mon
|rule|OHKO Clause: OHKO moves are banned
|rule|Moody Clause: Moody is banned
|rule|Evasion Moves Clause: Evasion moves are banned
|rule|Endless Battle Clause: Forcing endless battles is banned
|rule|HP Percentage Mod: HP is shown in percentages
|teampreview
|
|start
|switch|p1a: Conkeldurr|Conkeldurr, M|351\/351
|switch|p2a: Raikou|Raikou|321\/321
|-ability|p2a: Raikou|Pressure
|turn|1
|
|move|p2a: Raikou|Volt Switch|p1a: Conkeldurr
|-damage|p1a: Conkeldurr|233\/351
|
|switch|p2a: Gardevoir|Gardevoir, M, shiny|277\/277
|move|p1a: Conkeldurr|Knock Off|p2a: Gardevoir
|-damage|p2a: Gardevoir|155\/277
|
|turn|2
|
|switch|p1a: Ferrothorn|Ferrothorn, M|352\/352
|detailschange|p2a: Gardevoir|Gardevoir-Mega, M, shiny
|-mega|p2a: Gardevoir|Gardevoir|Gardevoirite
|move|p2a: Gardevoir|Hyper Voice|p1a: Ferrothorn
|-resisted|p1a: Ferrothorn
|-damage|p1a: Ferrothorn|261\/352
|
|-heal|p1a: Ferrothorn|283\/352|[from] item: Leftovers
|turn|3
|
|move|p2a: Gardevoir|Focus Blast|p1a: Ferrothorn
|-supereffective|p1a: Ferrothorn
|-damage|p1a: Ferrothorn|49\/352
|move|p1a: Ferrothorn|Gyro Ball|p2a: Gardevoir
|-supereffective|p2a: Gardevoir
|-damage|p2a: Gardevoir|0 fnt
|faint|p2a: Gardevoir
|
|-heal|p1a: Ferrothorn|71\/352|[from] item: Leftovers
|
|switch|p2a: Scizor|Scizor, F|343\/343
|turn|4
|
|switch|p1a: Sableye|Sableye, F|303\/303
|move|p2a: Scizor|U-turn|p1a: Sableye
|-damage|p1a: Sableye|110\/303
|
|switch|p2a: Raikou|Raikou|321\/321
|-ability|p2a: Raikou|Pressure
|
|turn|5
|
|move|p1a: Sableye|Recover|p1a: Sableye
|-heal|p1a: Sableye|262\/303
|move|p2a: Raikou|Shadow Ball|p1a: Sableye
|-damage|p1a: Sableye|75\/303
|
|turn|6
|
|switch|p1a: Conkeldurr|Conkeldurr, M|233\/351
|move|p2a: Raikou|Shadow Ball|p1a: Conkeldurr
|-crit|p1a: Conkeldurr
|-damage|p1a: Conkeldurr|99\/351
|
|turn|7
|
|switch|p2a: Latios|Latios, M|301\/301
|move|p1a: Conkeldurr|Knock Off|p2a: Latios
|-supereffective|p2a: Latios
|-damage|p2a: Latios|0 fnt
|-enditem|p2a: Latios|Life Orb|[from] move: Knock Off|[of] p1a: Conkeldurr
|faint|p2a: Latios
|
|
|switch|p2a: Keldeo-Resolute|Keldeo-Resolute|323\/323
|turn|8
|
|move|p2a: Keldeo-Resolute|Secret Sword|p1a: Conkeldurr
|-damage|p1a: Conkeldurr|0 fnt
|faint|p1a: Conkeldurr
|
|
|switch|p1a: Latios|Latios, M|301\/301
|turn|9
|
|switch|p1a: Sableye|Sableye, F|75\/303
|switch|p2a: Ferrothorn|Ferrothorn, M|351\/351
|
|turn|10
|
|switch|p2a: Keldeo-Resolute|Keldeo-Resolute|323\/323
|detailschange|p1a: Sableye|Sableye-Mega, F
|-mega|p1a: Sableye|Sableye|Sablenite
|move|p1a: Sableye|Will-O-Wisp|p2a: Keldeo-Resolute
|-status|p2a: Keldeo-Resolute|brn
|
|-damage|p2a: Keldeo-Resolute|283\/323 brn|[from] brn
|turn|11
|
|switch|p1a: Latios|Latios, M|301\/301
|move|p2a: Keldeo-Resolute|Scald|p1a: Latios
|-resisted|p1a: Latios
|-damage|p1a: Latios|240\/301
|
|-heal|p2a: Keldeo-Resolute|303\/323 brn|[from] item: Leftovers
|-damage|p2a: Keldeo-Resolute|263\/323 brn|[from] brn
|turn|12
|
|switch|p2a: Scizor|Scizor, F|343\/343
|move|p1a: Latios|Psyshock|p2a: Scizor
|-resisted|p2a: Scizor
|-damage|p2a: Scizor|244\/343
|-damage|p1a: Latios|210\/301|[from] item: Life Orb
|
|turn|13
|
|move|p2a: Scizor|Pursuit|p1a: Latios|[from]Pursuit
|-supereffective|p1a: Latios
|-damage|p1a: Latios|0 fnt
|faint|p1a: Latios
|
|
|switch|p1a: Gliscor|Gliscor, M|352\/352
|turn|14
|
|switch|p2a: Keldeo-Resolute|Keldeo-Resolute|263\/323 brn
|move|p1a: Gliscor|Earthquake|p2a: Keldeo-Resolute
|-damage|p2a: Keldeo-Resolute|148\/323 brn
|
|-heal|p2a: Keldeo-Resolute|168\/323 brn|[from] item: Leftovers
|-damage|p2a: Keldeo-Resolute|128\/323 brn|[from] brn
|-status|p1a: Gliscor|tox|[from] item: Toxic Orb
|turn|15
|
|switch|p1a: Ferrothorn|Ferrothorn, M|71\/352
|move|p2a: Keldeo-Resolute|Scald|p1a: Ferrothorn
|-resisted|p1a: Ferrothorn
|-damage|p1a: Ferrothorn|20\/352
|-status|p1a: Ferrothorn|brn
|
|-heal|p2a: Keldeo-Resolute|148\/323 brn|[from] item: Leftovers
|-heal|p1a: Ferrothorn|42\/352 brn|[from] item: Leftovers
|-damage|p2a: Keldeo-Resolute|108\/323 brn|[from] brn
|-damage|p1a: Ferrothorn|0 fnt|[from] brn
|faint|p1a: Ferrothorn
|
|switch|p1a: Clefable|Clefable, F|394\/394
|turn|16
|
|move|p2a: Keldeo-Resolute|Scald|p1a: Clefable
|-damage|p1a: Clefable|235\/394
|move|p1a: Clefable|Moonblast|p2a: Keldeo-Resolute
|-supereffective|p2a: Keldeo-Resolute
|-damage|p2a: Keldeo-Resolute|0 fnt
|faint|p2a: Keldeo-Resolute
|
|-heal|p1a: Clefable|259\/394|[from] item: Leftovers
|
|switch|p2a: Scizor|Scizor, F|244\/343
|turn|17
|
|move|p2a: Scizor|Bullet Punch|p1a: Clefable
|-supereffective|p1a: Clefable
|-damage|p1a: Clefable|0 fnt
|faint|p1a: Clefable
|
|
|switch|p1a: Gliscor|Gliscor, M|352\/352 tox
|turn|18
|
|move|p2a: Scizor|Bullet Punch|p1a: Gliscor
|-damage|p1a: Gliscor|235\/352 tox
|move|p1a: Gliscor|Swords Dance|p1a: Gliscor
|-boost|p1a: Gliscor|atk|2
|
|-heal|p1a: Gliscor|279\/352 tox|[from] ability: Poison Heal
|turn|19
|
|move|p2a: Scizor|Bullet Punch|p1a: Gliscor
|-damage|p1a: Gliscor|150\/352 tox
|move|p1a: Gliscor|Roost|p1a: Gliscor
|-heal|p1a: Gliscor|326\/352 tox
|
|-heal|p1a: Gliscor|352\/352 tox|[from] ability: Poison Heal
|turn|20
|
|move|p2a: Scizor|Bullet Punch|p1a: Gliscor
|-damage|p1a: Gliscor|232\/352 tox
|move|p1a: Gliscor|Earthquake|p2a: Scizor
|-damage|p2a: Scizor|19\/343
|
|-heal|p1a: Gliscor|276\/352 tox|[from] ability: Poison Heal
|turn|21
|
|move|p2a: Scizor|Bullet Punch|p1a: Gliscor
|-damage|p1a: Gliscor|155\/352 tox
|move|p1a: Gliscor|Roost|p1a: Gliscor
|-heal|p1a: Gliscor|331\/352 tox
|
|-heal|p1a: Gliscor|352\/352 tox|[from] ability: Poison Heal
|turn|22
|
|move|p2a: Scizor|Bullet Punch|p1a: Gliscor
|-damage|p1a: Gliscor|232\/352 tox
|move|p1a: Gliscor|Earthquake|p2a: Scizor
|-damage|p2a: Scizor|0 fnt
|faint|p2a: Scizor
|
|-heal|p1a: Gliscor|276\/352 tox|[from] ability: Poison Heal
|
|switch|p2a: Raikou|Raikou|321\/321
|-ability|p2a: Raikou|Pressure
|turn|23
|
|move|p2a: Raikou|Hidden Power|p1a: Gliscor
|-supereffective|p1a: Gliscor
|-damage|p1a: Gliscor|0 fnt
|faint|p1a: Gliscor
|
|
|switch|p1a: Sableye|Sableye-Mega, F|75\/303
|turn|24
|
|move|p2a: Raikou|Hidden Power|p1a: Sableye
|-damage|p1a: Sableye|0 fnt
|faint|p1a: Sableye
|
|win|crazybones
|raw|Ladder updating...
|leave|bosh for three
|raw|bosh for three's rating: 1532 &rarr; <strong>1513<\/strong><br \/>(-19 for losing)
|raw|crazybones's rating: 1547 &rarr; <strong>1567<\/strong><br \/>(+20 for winning)