|join|nintendistagamer
|join|crazybones
|player|p1|nintendistagamer|137
|player|p2|crazybones|211
|gametype|singles
|gen|6
|tier|OU
|rated
|clearpoke
|poke|p1|Lopunny, M
|poke|p1|Rotom-Wash
|poke|p1|Latios, M
|poke|p1|Mew
|poke|p1|Bisharp, M
|poke|p1|Hippowdon, F
|poke|p2|Gardevoir, M, shiny
|poke|p2|Keldeo-Resolute
|poke|p2|Ferrothorn, F
|poke|p2|Hippowdon, F
|poke|p2|Latias, F
|poke|p2|Ditto
|rule|Swagger Clause: Swagger is banned
|rule|Baton Pass Clause: Limit one PokÃ©mon knowing Baton Pass
|rule|Sleep Clause Mod: Limit one foe put to sleep
|rule|Species Clause: Limit one of each PokÃ©mon
|rule|OHKO Clause: OHKO moves are banned
|rule|Moody Clause: Moody is banned
|rule|Evasion Moves Clause: Evasion moves are banned
|rule|Endless Battle Clause: Forcing endless battles is banned
|rule|HP Percentage Mod: HP is shown in percentages
|teampreview
|
|start
|switch|p1a: Mew|Mew|404\/404
|switch|p2a: Ferrothorn|Ferrothorn, F|351\/351
|turn|1
|
|move|p2a: Ferrothorn|Protect|p2a: Ferrothorn
|-singleturn|p2a: Ferrothorn|Protect
|move|p1a: Mew|Taunt|p2a: Ferrothorn
|-activate|p2a: Ferrothorn|Protect
|
|turn|2
|
|switch|p2a: Gardevoir|Gardevoir, M, shiny|277\/277
|move|p1a: Mew|Will-O-Wisp|p2a: Gardevoir
|-status|p2a: Gardevoir|brn
|-status|p1a: Mew|brn
|
|-damage|p2a: Gardevoir|243\/277 brn|[from] brn
|-damage|p1a: Mew|354\/404 brn|[from] brn
|turn|3
|
|detailschange|p2a: Gardevoir|Gardevoir-Mega, M, shiny
|-mega|p2a: Gardevoir|Gardevoir|Gardevoirite
|move|p2a: Gardevoir|Hyper Voice|p1a: Mew
|-damage|p1a: Mew|153\/404 brn
|move|p1a: Mew|Roost|p1a: Mew
|-heal|p1a: Mew|355\/404 brn
|
|-heal|p1a: Mew|380\/404 brn|[from] item: Leftovers
|-damage|p2a: Gardevoir|209\/277 brn|[from] brn
|-damage|p1a: Mew|330\/404 brn|[from] brn
|turn|4
|
|move|p2a: Gardevoir|Hyper Voice|p1a: Mew
|-damage|p1a: Mew|117\/404 brn
|move|p1a: Mew|Roost|p1a: Mew
|-heal|p1a: Mew|319\/404 brn
|
|-heal|p1a: Mew|344\/404 brn|[from] item: Leftovers
|-damage|p2a: Gardevoir|175\/277 brn|[from] brn
|-damage|p1a: Mew|294\/404 brn|[from] brn
|turn|5
|
|move|p2a: Gardevoir|Hyper Voice|p1a: Mew
|-damage|p1a: Mew|99\/404 brn
|move|p1a: Mew|Roost|p1a: Mew
|-heal|p1a: Mew|301\/404 brn
|
|-heal|p1a: Mew|326\/404 brn|[from] item: Leftovers
|-damage|p2a: Gardevoir|141\/277 brn|[from] brn
|-damage|p1a: Mew|276\/404 brn|[from] brn
|turn|6
|
|move|p2a: Gardevoir|Hyper Voice|p1a: Mew
|-damage|p1a: Mew|75\/404 brn
|move|p1a: Mew|Roost|p1a: Mew
|-heal|p1a: Mew|277\/404 brn
|
|-heal|p1a: Mew|302\/404 brn|[from] item: Leftovers
|-damage|p2a: Gardevoir|107\/277 brn|[from] brn
|-damage|p1a: Mew|252\/404 brn|[from] brn
|turn|7
|
|switch|p1a: Hippowdon|Hippowdon, F|420\/420
|-weather|Sandstorm
|move|p2a: Gardevoir|Hyper Voice|p1a: Hippowdon
|-damage|p1a: Hippowdon|108\/420
|
|-weather|Sandstorm|[upkeep]
|-damage|p2a: Gardevoir|90\/277 brn|[from] sandstorm
|-heal|p1a: Hippowdon|134\/420|[from] item: Leftovers
|-damage|p2a: Gardevoir|56\/277 brn|[from] brn
|turn|8
|
|switch|p2a: Keldeo-Resolute|Keldeo-Resolute|323\/323
|move|p1a: Hippowdon|Stealth Rock|p2a: Keldeo-Resolute
|-sidestart|p2: crazybones|move: Stealth Rock
|
|-weather|Sandstorm|[upkeep]
|-damage|p2a: Keldeo-Resolute|303\/323|[from] sandstorm
|-heal|p2a: Keldeo-Resolute|323\/323|[from] item: Leftovers
|-heal|p1a: Hippowdon|160\/420|[from] item: Leftovers
|turn|9
|
|move|p2a: Keldeo-Resolute|Substitute|p2a: Keldeo-Resolute
|-start|p2a: Keldeo-Resolute|Substitute
|-damage|p2a: Keldeo-Resolute|243\/323
|move|p1a: Hippowdon|Roar|p2a: Keldeo-Resolute
|drag|p2a: Latias|Latias, F|301\/301
|-damage|p2a: Latias|264\/301|[from] Stealth Rock
|
|-weather|Sandstorm|[upkeep]
|-damage|p2a: Latias|246\/301|[from] sandstorm
|-heal|p1a: Hippowdon|186\/420|[from] item: Leftovers
|turn|10
|
|move|p2a: Latias|Draco Meteor|p1a: Hippowdon
|-damage|p1a: Hippowdon|0 fnt
|-unboost|p2a: Latias|spa|2
|-damage|p2a: Latias|216\/301|[from] item: Life Orb
|faint|p1a: Hippowdon
|
|-weather|Sandstorm|[upkeep]
|-damage|p2a: Latias|198\/301|[from] sandstorm
|
|switch|p1a: Bisharp|Bisharp, M|271\/271
|turn|11
|
|move|p2a: Latias|Healing Wish|p2a: Latias
|faint|p2a: Latias
|move|p1a: Bisharp|Knock Off|p2: Latias|[notarget]
|-notarget
|
|-weather|none
|
|switch|p2a: Gardevoir|Gardevoir-Mega, M, shiny|56\/277 brn
|-heal|p2a: Gardevoir|277\/277|[from] move: Healing Wish
|-damage|p2a: Gardevoir|243\/277|[from] Stealth Rock
|turn|12
|
|switch|p2a: Keldeo-Resolute|Keldeo-Resolute|243\/323
|-damage|p2a: Keldeo-Resolute|223\/323|[from] Stealth Rock
|move|p1a: Bisharp|Sucker Punch|p2a: Keldeo-Resolute
|-fail|p2a: Keldeo-Resolute
|
|-heal|p2a: Keldeo-Resolute|243\/323|[from] item: Leftovers
|turn|13
|
|switch|p1a: Rotom-Wash|Rotom-Wash|304\/304
|move|p2a: Keldeo-Resolute|Secret Sword|p1a: Rotom-Wash
|-damage|p1a: Rotom-Wash|192\/304
|
|-heal|p2a: Keldeo-Resolute|263\/323|[from] item: Leftovers
|-heal|p1a: Rotom-Wash|211\/304|[from] item: Leftovers
|turn|14
|
|switch|p2a: Ferrothorn|Ferrothorn, F|351\/351
|-damage|p2a: Ferrothorn|330\/351|[from] Stealth Rock
|move|p1a: Rotom-Wash|Volt Switch|p2a: Ferrothorn
|-resisted|p2a: Ferrothorn
|-damage|p2a: Ferrothorn|295\/351
|
|switch|p1a: Lopunny|Lopunny, M|271\/271
|
|-heal|p2a: Ferrothorn|316\/351|[from] item: Leftovers
|turn|15
|
|detailschange|p1a: Lopunny|Lopunny-Mega, M
|-mega|p1a: Lopunny|Lopunny|Lopunnite
|move|p1a: Lopunny|Substitute|p1a: Lopunny
|-start|p1a: Lopunny|Substitute
|-damage|p1a: Lopunny|204\/271
|move|p2a: Ferrothorn|Gyro Ball|p1a: Lopunny
|-crit|p1a: Lopunny
|-end|p1a: Lopunny|Substitute
|
|-heal|p2a: Ferrothorn|337\/351|[from] item: Leftovers
|turn|16
|
|move|p1a: Lopunny|High Jump Kick|p2a: Ferrothorn
|-supereffective|p2a: Ferrothorn
|-damage|p2a: Ferrothorn|47\/351
|-damage|p1a: Lopunny|171\/271|[from] ability: Iron Barbs|[of] p2a: Ferrothorn
|move|p2a: Ferrothorn|Gyro Ball|p1a: Lopunny
|-damage|p1a: Lopunny|0 fnt
|faint|p1a: Lopunny
|
|-heal|p2a: Ferrothorn|68\/351|[from] item: Leftovers
|
|switch|p1a: Bisharp|Bisharp, M|271\/271
|turn|17
|
|move|p1a: Bisharp|Knock Off|p2a: Ferrothorn
|-damage|p2a: Ferrothorn|0 fnt
|-damage|p1a: Bisharp|238\/271|[from] ability: Iron Barbs|[of] p2a: Ferrothorn
|-enditem|p2a: Ferrothorn|Leftovers|[from] move: Knock Off|[of] p1a: Bisharp
|-damage|p1a: Bisharp|211\/271|[from] item: Life Orb
|faint|p2a: Ferrothorn
|
|
|switch|p2a: Keldeo-Resolute|Keldeo-Resolute|263\/323
|-damage|p2a: Keldeo-Resolute|243\/323|[from] Stealth Rock
|turn|18
|
|switch|p1a: Latios|Latios, M|301\/301
|move|p2a: Keldeo-Resolute|Secret Sword|p1a: Latios
|-resisted|p1a: Latios
|-damage|p1a: Latios|207\/301
|
|-heal|p2a: Keldeo-Resolute|263\/323|[from] item: Leftovers
|turn|19
|
|switch|p2a: Hippowdon|Hippowdon, F|419\/419
|-damage|p2a: Hippowdon|393\/419|[from] Stealth Rock
|-weather|Sandstorm
|move|p1a: Latios|Psyshock|p2a: Hippowdon
|-damage|p2a: Hippowdon|272\/419
|-damage|p1a: Latios|177\/301|[from] item: Life Orb
|
|-weather|Sandstorm|[upkeep]
|-damage|p1a: Latios|159\/301|[from] sandstorm
|-heal|p2a: Hippowdon|298\/419|[from] item: Leftovers
|turn|20
|join|Dollynhoo
|
|move|p1a: Latios|Roost|p1a: Latios
|-heal|p1a: Latios|301\/301
|move|p2a: Hippowdon|Stealth Rock|p1a: Latios
|-sidestart|p1: nintendistagamer|move: Stealth Rock
|
|-weather|Sandstorm|[upkeep]
|-damage|p1a: Latios|283\/301|[from] sandstorm
|-heal|p2a: Hippowdon|324\/419|[from] item: Leftovers
|turn|21
|
|move|p1a: Latios|Draco Meteor|p2a: Hippowdon|[miss]
|-miss|p1a: Latios|p2a: Hippowdon
|move|p2a: Hippowdon|Slack Off|p2a: Hippowdon
|-heal|p2a: Hippowdon|419\/419
|
|-weather|Sandstorm|[upkeep]
|-damage|p1a: Latios|265\/301|[from] sandstorm
|turn|22
|
|move|p1a: Latios|Draco Meteor|p2a: Hippowdon
|-damage|p2a: Hippowdon|45\/419
|-unboost|p1a: Latios|spa|2
|-damage|p1a: Latios|235\/301|[from] item: Life Orb
|move|p2a: Hippowdon|Whirlwind|p1a: Latios
|drag|p1a: Bisharp|Bisharp, M|211\/271
|-damage|p1a: Bisharp|195\/271|[from] Stealth Rock
|
|-weather|Sandstorm|[upkeep]
|-heal|p2a: Hippowdon|71\/419|[from] item: Leftovers
|turn|23
|
|move|p1a: Bisharp|Knock Off|p2a: Hippowdon
|-damage|p2a: Hippowdon|0 fnt
|-enditem|p2a: Hippowdon|Leftovers|[from] move: Knock Off|[of] p1a: Bisharp
|-damage|p1a: Bisharp|168\/271|[from] item: Life Orb
|faint|p2a: Hippowdon
|
|-weather|none
|
|switch|p2a: Keldeo-Resolute|Keldeo-Resolute|263\/323
|-damage|p2a: Keldeo-Resolute|243\/323|[from] Stealth Rock
|turn|24
|
|switch|p1a: Latios|Latios, M|235\/301
|-damage|p1a: Latios|198\/301|[from] Stealth Rock
|move|p2a: Keldeo-Resolute|Scald|p1a: Latios
|-resisted|p1a: Latios
|-damage|p1a: Latios|129\/301
|-status|p1a: Latios|brn
|
|-heal|p2a: Keldeo-Resolute|263\/323|[from] item: Leftovers
|-damage|p1a: Latios|92\/301 brn|[from] brn
|turn|25
|
|switch|p2a: Ditto|Ditto|299\/299
|-damage|p2a: Ditto|262\/299|[from] Stealth Rock
|-transform|p2a: Ditto|p1a: Latios
|move|p1a: Latios|Draco Meteor|p2a: Ditto
|-supereffective|p2a: Ditto
|-damage|p2a: Ditto|0 fnt
|-unboost|p1a: Latios|spa|2
|-damage|p1a: Latios|62\/301 brn|[from] item: Life Orb
|faint|p2a: Ditto
|
|-damage|p1a: Latios|25\/301 brn|[from] brn
|
|switch|p2a: Gardevoir|Gardevoir-Mega, M, shiny|243\/277
|-damage|p2a: Gardevoir|209\/277|[from] Stealth Rock
|turn|26
|
|move|p1a: Latios|Psyshock|p2a: Gardevoir
|-resisted|p2a: Gardevoir
|-damage|p2a: Gardevoir|144\/277
|-damage|p1a: Latios|0 fnt|[from] item: Life Orb
|faint|p1a: Latios
|move|p2a: Gardevoir|Hyper Voice|p1: Latios|[notarget]
|-notarget
|
|
|switch|p1a: Bisharp|Bisharp, M|168\/271
|-damage|p1a: Bisharp|152\/271|[from] Stealth Rock
|turn|27
|
|switch|p2a: Keldeo-Resolute|Keldeo-Resolute|263\/323
|-damage|p2a: Keldeo-Resolute|243\/323|[from] Stealth Rock
|switch|p1a: Rotom-Wash|Rotom-Wash|211\/304
|-damage|p1a: Rotom-Wash|173\/304|[from] Stealth Rock
|
|-heal|p2a: Keldeo-Resolute|263\/323|[from] item: Leftovers
|-heal|p1a: Rotom-Wash|192\/304|[from] item: Leftovers
|turn|28
|
|move|p2a: Keldeo-Resolute|Substitute|p2a: Keldeo-Resolute
|-start|p2a: Keldeo-Resolute|Substitute
|-damage|p2a: Keldeo-Resolute|183\/323
|move|p1a: Rotom-Wash|Hydro Pump|p2a: Keldeo-Resolute
|-resisted|p2a: Keldeo-Resolute
|-activate|p2a: Keldeo-Resolute|Substitute|[damage]
|
|-heal|p2a: Keldeo-Resolute|203\/323|[from] item: Leftovers
|-heal|p1a: Rotom-Wash|211\/304|[from] item: Leftovers
|turn|29
|
|move|p2a: Keldeo-Resolute|Calm Mind|p2a: Keldeo-Resolute
|-boost|p2a: Keldeo-Resolute|spa|1
|-boost|p2a: Keldeo-Resolute|spd|1
|move|p1a: Rotom-Wash|Hydro Pump|p2a: Keldeo-Resolute|[miss]
|-miss|p1a: Rotom-Wash|p2a: Keldeo-Resolute
|
|-heal|p2a: Keldeo-Resolute|223\/323|[from] item: Leftovers
|-heal|p1a: Rotom-Wash|230\/304|[from] item: Leftovers
|turn|30
|
|move|p2a: Keldeo-Resolute|Calm Mind|p2a: Keldeo-Resolute
|-boost|p2a: Keldeo-Resolute|spa|1
|-boost|p2a: Keldeo-Resolute|spd|1
|move|p1a: Rotom-Wash|Hydro Pump|p2a: Keldeo-Resolute
|-resisted|p2a: Keldeo-Resolute
|-end|p2a: Keldeo-Resolute|Substitute
|
|-heal|p2a: Keldeo-Resolute|243\/323|[from] item: Leftovers
|-heal|p1a: Rotom-Wash|249\/304|[from] item: Leftovers
|turn|31
|
|move|p2a: Keldeo-Resolute|Substitute|p2a: Keldeo-Resolute
|-start|p2a: Keldeo-Resolute|Substitute
|-damage|p2a: Keldeo-Resolute|163\/323
|move|p1a: Rotom-Wash|Volt Switch|p2a: Keldeo-Resolute
|-supereffective|p2a: Keldeo-Resolute
|-end|p2a: Keldeo-Resolute|Substitute
|
|switch|p1a: Bisharp|Bisharp, M|152\/271
|-damage|p1a: Bisharp|136\/271|[from] Stealth Rock
|
|-heal|p2a: Keldeo-Resolute|183\/323|[from] item: Leftovers
|turn|32
|
|move|p2a: Keldeo-Resolute|Secret Sword|p1a: Bisharp
|-supereffective|p1a: Bisharp
|-damage|p1a: Bisharp|0 fnt
|faint|p1a: Bisharp
|
|-heal|p2a: Keldeo-Resolute|203\/323|[from] item: Leftovers
|-message|nintendistagamer forfeited.
|leave|nintendistagamer
|
|win|crazybones
|raw|Ladder updating...
|player|p1
|raw|nintendistagamer's rating: 1631 &rarr; <strong>1605<\/strong><br \/>(-26 for losing)
|raw|crazybones's rating: 1533 &rarr; <strong>1558<\/strong><br \/>(+25 for winning)