|join|blackwing zero
|join|kill all bp fags
|player|p1|blackwing zero|266
|player|p2|kill all bp fags|209
|gametype|singles
|gen|6
|tier|OU
|rated
|clearpoke
|poke|p1|Salamence, F
|poke|p1|Serperior, F
|poke|p1|Bisharp, F
|poke|p1|Skarmory, F
|poke|p1|Thundurus, M
|poke|p1|Gyarados, F
|poke|p2|Diancie
|poke|p2|Keldeo-Resolute, shiny
|poke|p2|Latios, M, shiny
|poke|p2|Talonflame, M
|poke|p2|Bisharp, F
|poke|p2|Landorus, M
|rule|Swagger Clause: Swagger is banned
|rule|Baton Pass Clause: Limit one PokÃ©mon knowing Baton Pass
|rule|Sleep Clause Mod: Limit one foe put to sleep
|rule|Species Clause: Limit one of each PokÃ©mon
|rule|OHKO Clause: OHKO moves are banned
|rule|Moody Clause: Moody is banned
|rule|Evasion Moves Clause: Evasion moves are banned
|rule|Endless Battle Clause: Forcing endless battles is banned
|rule|HP Percentage Mod: HP is shown in percentages
|teampreview
|
|start
|switch|p1a: Skarmory|Skarmory, F|271\/271
|switch|p2a: Landorus|Landorus, M|319\/319
|turn|1
|
|move|p2a: Landorus|Stealth Rock|p1a: Skarmory
|-sidestart|p1: blackwing zero|move: Stealth Rock
|move|p1a: Skarmory|Stealth Rock|p2a: Landorus
|-sidestart|p2: kill all bp fags|move: Stealth Rock
|
|turn|2
|
|switch|p2a: Latios|Latios, M, shiny|301\/301
|-damage|p2a: Latios|264\/301|[from] Stealth Rock
|move|p1a: Skarmory|Spikes|p2a: Latios
|-sidestart|p2: kill all bp fags|Spikes
|
|turn|3
|
|move|p2a: Latios|Draco Meteor|p1a: Skarmory
|-resisted|p1a: Skarmory
|-damage|p1a: Skarmory|60\/271
|-unboost|p2a: Latios|spa|2
|-damage|p2a: Latios|234\/301|[from] item: Life Orb
|move|p1a: Skarmory|Spikes|p2a: Latios
|-sidestart|p2: kill all bp fags|Spikes
|
|turn|4
|
|move|p2a: Latios|Defog|p1a: Skarmory
|-unboost|p1a: Skarmory|evasion|1
|-sideend|p1: blackwing zero|Stealth Rock|[from] move: Defog|[of] p1a: Skarmory
|-sideend|p2: kill all bp fags|Spikes|[from] move: Defog|[of] p2a: Latios
|-sideend|p2: kill all bp fags|Stealth Rock|[from] move: Defog|[of] p2a: Latios
|move|p1a: Skarmory|Spikes|p2a: Latios
|-sidestart|p2: kill all bp fags|Spikes
|
|turn|5
|
|move|p2a: Latios|Draco Meteor|p1a: Skarmory
|-resisted|p1a: Skarmory
|-damage|p1a: Skarmory|0 fnt
|-unboost|p2a: Latios|spa|2
|-damage|p2a: Latios|204\/301|[from] item: Life Orb
|faint|p1a: Skarmory
|
|
|switch|p1a: Gyarados|Gyarados, F|331\/331
|-ability|p1a: Gyarados|Intimidate|[of] p2a: Latios
|-unboost|p2a: Latios|atk|1
|turn|6
|
|switch|p2a: Keldeo-Resolute|Keldeo-Resolute, shiny|323\/323
|-damage|p2a: Keldeo-Resolute|283\/323|[from] Spikes
|move|p1a: Gyarados|Dragon Dance|p1a: Gyarados
|-boost|p1a: Gyarados|atk|1
|-boost|p1a: Gyarados|spe|1
|
|-heal|p2a: Keldeo-Resolute|303\/323|[from] item: Leftovers
|turn|7
|
|detailschange|p1a: Gyarados|Gyarados-Mega, F
|-mega|p1a: Gyarados|Gyarados|Gyaradosite
|-ability|p1a: Gyarados|Mold Breaker
|move|p1a: Gyarados|Dragon Dance|p1a: Gyarados
|-boost|p1a: Gyarados|atk|1
|-boost|p1a: Gyarados|spe|1
|move|p2a: Keldeo-Resolute|Scald|p1a: Gyarados
|-resisted|p1a: Gyarados
|-damage|p1a: Gyarados|277\/331
|-status|p1a: Gyarados|brn
|
|-heal|p2a: Keldeo-Resolute|323\/323|[from] item: Leftovers
|-damage|p1a: Gyarados|236\/331 brn|[from] brn
|turn|8
|
|move|p1a: Gyarados|Earthquake|p2a: Keldeo-Resolute
|-damage|p2a: Keldeo-Resolute|182\/323
|move|p2a: Keldeo-Resolute|Secret Sword|p1a: Gyarados
|-supereffective|p1a: Gyarados
|-damage|p1a: Gyarados|0 fnt
|faint|p1a: Gyarados
|
|-heal|p2a: Keldeo-Resolute|202\/323|[from] item: Leftovers
|
|switch|p1a: Thundurus|Thundurus, M|299\/299
|turn|9
|
|switch|p2a: Bisharp|Bisharp, F|271\/271
|-damage|p2a: Bisharp|238\/271|[from] Spikes
|move|p1a: Thundurus|Thunderbolt|p2a: Bisharp
|-damage|p2a: Bisharp|0 fnt
|-damage|p1a: Thundurus|270\/299|[from] item: Life Orb
|faint|p2a: Bisharp
|
|
|switch|p2a: Diancie|Diancie|257\/257
|-damage|p2a: Diancie|225\/257|[from] Spikes
|turn|10
|
|detailschange|p2a: Diancie|Diancie-Mega
|-mega|p2a: Diancie|Diancie|Diancite
|move|p1a: Thundurus|Thunderbolt|p2a: Diancie
|-damage|p2a: Diancie|25\/257
|-status|p2a: Diancie|par
|-damage|p1a: Thundurus|241\/299|[from] item: Life Orb
|move|p2a: Diancie|Diamond Storm|p1a: Thundurus
|-supereffective|p1a: Thundurus
|-damage|p1a: Thundurus|0 fnt
|faint|p1a: Thundurus
|
|
|switch|p1a: Bisharp|Bisharp, F|271\/271
|turn|11
|
|move|p1a: Bisharp|Knock Off|p2a: Diancie
|-resisted|p2a: Diancie
|-damage|p2a: Diancie|0 fnt
|faint|p2a: Diancie
|
|
|switch|p2a: Keldeo-Resolute|Keldeo-Resolute, shiny|202\/323
|-damage|p2a: Keldeo-Resolute|162\/323|[from] Spikes
|turn|12
|
|switch|p1a: Serperior|Serperior, F|291\/291
|move|p2a: Keldeo-Resolute|Secret Sword|p1a: Serperior
|-damage|p1a: Serperior|140\/291
|
|-heal|p2a: Keldeo-Resolute|182\/323|[from] item: Leftovers
|turn|13
|
|switch|p2a: Talonflame|Talonflame, M|319\/319
|move|p1a: Serperior|Leaf Storm|p2a: Talonflame
|-resisted|p2a: Talonflame
|-damage|p2a: Talonflame|254\/319
|-boost|p1a: Serperior|spa|2
|-damage|p1a: Serperior|111\/291|[from] item: Life Orb
|
|turn|14
|
|move|p2a: Talonflame|Brave Bird|p1a: Serperior
|-supereffective|p1a: Serperior
|-damage|p1a: Serperior|0 fnt
|-damage|p2a: Talonflame|217\/319|[from] recoil|[of] p1a: Serperior
|faint|p1a: Serperior
|
|
|switch|p1a: Salamence|Salamence, F|331\/331
|turn|15
|
|move|p2a: Talonflame|Brave Bird|p1a: Salamence
|-damage|p1a: Salamence|97\/331
|-damage|p2a: Talonflame|140\/319|[from] recoil|[of] p1a: Salamence
|move|p1a: Salamence|Outrage|p2a: Talonflame
|-damage|p2a: Talonflame|0 fnt
|faint|p2a: Talonflame
|-boost|p1a: Salamence|atk|1|[from] ability: Moxie
|
|
|switch|p2a: Latios|Latios, M, shiny|204\/301
|turn|16
|
|move|p1a: Salamence|Outrage|p2a: Latios
|-supereffective|p2a: Latios
|-damage|p2a: Latios|0 fnt
|faint|p2a: Latios
|-boost|p1a: Salamence|atk|1|[from] ability: Moxie
|
|-end|p1a: Salamence|rampage
|-start|p1a: Salamence|confusion
|
|switch|p2a: Landorus|Landorus, M|319\/319
|turn|17
|
|-activate|p1a: Salamence|confusion
|-damage|p1a: Salamence|0 fnt|[from] confusion
|faint|p1a: Salamence
|move|p2a: Landorus|Stealth Rock|p1: Salamence
|-sidestart|p1: blackwing zero|move: Stealth Rock
|
|
|switch|p1a: Bisharp|Bisharp, F|271\/271
|-damage|p1a: Bisharp|255\/271|[from] Stealth Rock
|turn|18
|
|move|p1a: Bisharp|Sucker Punch|p2a: Landorus
|-damage|p2a: Landorus|126\/319
|move|p2a: Landorus|Earth Power|p1a: Bisharp
|-supereffective|p1a: Bisharp
|-damage|p1a: Bisharp|0 fnt
|faint|p1a: Bisharp
|
|win|kill all bp fags
|raw|Ladder updating...
|raw|blackwing zero's rating: 1563 &rarr; <strong>1538<\/strong><br \/>(-25 for losing)
|raw|kill all bp fags's rating: 1485 &rarr; <strong>1509<\/strong><br \/>(+24 for winning)