|join|Foop
|join|cj o cara
|player|p1|Foop|265
|player|p2|cj o cara|102
|gametype|singles
|tier|OU (current)
|rated
|rule|Evasion Abilities Clause: Evasion abilities are banned
|clearpoke
|poke|p1|Tyranitar, M
|poke|p1|Landorus, M
|poke|p1|Garchomp, M
|poke|p1|Jirachi
|poke|p1|Keldeo
|poke|p1|Latias, F
|poke|p2|Hippowdon, F
|poke|p2|Scizor, M
|poke|p2|Latios, M
|poke|p2|Skarmory, F
|poke|p2|Heatran, M
|poke|p2|Gastrodon, M
|rule|Sleep Clause Mod: Limit one foe put to sleep
|rule|Species Clause: Limit one of each Pokemon
|rule|OHKO Clause: OHKO moves are banned
|rule|Moody Clause: Moody is banned
|rule|Evasion Moves Clause: Evasion moves are banned
|rule|HP Percentage Mod: HP is reported as percentages
|teampreview
|callback|decision
|
|start
|switch|p1a: Dakuwaqa|Garchomp, M|358\/358
|switch|p2a: Hippowdon|Hippowdon, F|358\/358
|-weather|Sandstorm|[from] ability: Sand Stream|[of] p2a: Hippowdon
|turn|1
|callback|decision
|
|move|p1a: Dakuwaqa|Stealth Rock|p2a: Hippowdon
|-sidestart|p2: cj o cara|move: Stealth Rock
|move|p2a: Hippowdon|Stealth Rock|p1a: Dakuwaqa
|-sidestart|p1: Foop|move: Stealth Rock
|
|-weather|Sandstorm|[upkeep]
|turn|2
|callback|decision
|
|move|p1a: Dakuwaqa|Earthquake|p2a: Hippowdon
|-damage|p2a: Hippowdon|226\/358
|move|p2a: Hippowdon|Whirlwind|p1a: Dakuwaqa
|drag|p1a: Chani|Jirachi|373\/373
|-damage|p1a: Chani|350\/373|[from] Stealth Rock
|
|-weather|Sandstorm|[upkeep]
|-heal|p2a: Hippowdon|248\/358|[from] item: Leftovers
|turn|3
|callback|decision
|
|move|p1a: Chani|U-turn|p2a: Hippowdon
|-damage|p2a: Hippowdon|189\/358
|callback|decision
|
|switch|p1a: Landorus|Landorus, M|333\/333
|-damage|p1a: Landorus|292\/333|[from] Stealth Rock
|move|p2a: Hippowdon|Earthquake|p1a: Landorus
|-immune|p1a: Landorus|[msg]
|
|-weather|Sandstorm|[upkeep]
|-heal|p2a: Hippowdon|211\/358|[from] item: Leftovers
|turn|4
|callback|decision
|
|switch|p2a: Skarmory|Skarmory, F|302\/302
|-damage|p2a: Skarmory|265\/302|[from] Stealth Rock
|move|p1a: Landorus|Hidden Power|p2a: Skarmory
|-damage|p2a: Skarmory|168\/302
|-damage|p1a: Landorus|259\/333|[from] item: Life Orb
|
|-weather|Sandstorm|[upkeep]
|-heal|p2a: Skarmory|186\/302|[from] item: Leftovers
|turn|5
|callback|decision
|
|switch|p1a: d'Artagnan|Keldeo|324\/324
|-damage|p1a: d'Artagnan|304\/324|[from] Stealth Rock
|move|p2a: Skarmory|Roost|p2a: Skarmory
|-heal|p2a: Skarmory|302\/302
|
|-weather|Sandstorm|[upkeep]
|-damage|p1a: d'Artagnan|284\/324|[from] sandstorm
|-heal|p1a: d'Artagnan|304\/324|[from] item: Leftovers
|turn|6
|callback|decision
|
|move|p1a: d'Artagnan|Calm Mind|p1a: d'Artagnan
|-boost|p1a: d'Artagnan|spa|1
|-boost|p1a: d'Artagnan|spd|1
|move|p2a: Skarmory|Brave Bird|p1a: d'Artagnan
|-supereffective|p1a: d'Artagnan
|-damage|p1a: d'Artagnan|26\/324
|-damage|p2a: Skarmory|210\/302|[from] recoil|[of] p1a: d'Artagnan
|
|-weather|Sandstorm|[upkeep]
|-damage|p1a: d'Artagnan|6\/324|[from] sandstorm
|-heal|p1a: d'Artagnan|26\/324|[from] item: Leftovers
|-heal|p2a: Skarmory|228\/302|[from] item: Leftovers
|turn|7
|callback|decision
|
|switch|p2a: Latios|Latios, M|301\/301
|-damage|p2a: Latios|264\/301|[from] Stealth Rock
|move|p1a: d'Artagnan|Secret Sword|p2a: Latios
|-resisted|p2a: Latios
|-damage|p2a: Latios|121\/301
|
|-weather|Sandstorm|[upkeep]
|-damage|p2a: Latios|103\/301|[from] sandstorm
|-damage|p1a: d'Artagnan|6\/324|[from] sandstorm
|-heal|p1a: d'Artagnan|26\/324|[from] item: Leftovers
|turn|8
|callback|decision
|
|move|p2a: Latios|Surf|p1a: d'Artagnan
|-resisted|p1a: d'Artagnan
|-damage|p1a: d'Artagnan|0 fnt
|faint|p1a: d'Artagnan
|
|-weather|Sandstorm|[upkeep]
|-damage|p2a: Latios|85\/301|[from] sandstorm
|callback|decision
|
|switch|p1a: Meshugah|Tyranitar, M|386\/386
|-damage|p1a: Meshugah|338\/386|[from] Stealth Rock
|turn|9
|callback|decision
|
|move|p1a: Meshugah|Pursuit|p2a: Latios|[from]Pursuit
|-supereffective|p2a: Latios
|-damage|p2a: Latios|0 fnt
|faint|p2a: Latios
|
|-weather|Sandstorm|[upkeep]
|callback|decision
|
|switch|p2a: Hippowdon|Hippowdon, F|211\/358
|-damage|p2a: Hippowdon|189\/358|[from] Stealth Rock
|turn|10
|callback|decision
|
|switch|p1a: Landorus|Landorus, M|259\/333
|-damage|p1a: Landorus|218\/333|[from] Stealth Rock
|move|p2a: Hippowdon|Slack Off|p2a: Hippowdon
|-heal|p2a: Hippowdon|358\/358
|
|-weather|Sandstorm|[upkeep]
|turn|11
|callback|decision
|
|switch|p2a: Gastrodon|Gastrodon, M|426\/426
|-damage|p2a: Gastrodon|400\/426|[from] Stealth Rock
|move|p1a: Landorus|Earth Power|p2a: Gastrodon
|-damage|p2a: Gastrodon|87\/426
|
|-weather|Sandstorm|[upkeep]
|-heal|p2a: Gastrodon|113\/426|[from] item: Leftovers
|turn|12
|callback|decision
|
|move|p1a: Landorus|Hidden Power|p2a: Gastrodon
|-damage|p2a: Gastrodon|0 fnt
|-damage|p1a: Landorus|185\/333|[from] item: Life Orb
|faint|p2a: Gastrodon
|
|-weather|Sandstorm|[upkeep]
|callback|decision
|
|switch|p2a: Skarmory|Skarmory, F|228\/302
|-damage|p2a: Skarmory|191\/302|[from] Stealth Rock
|turn|13
|callback|decision
|
|switch|p1a: Dakuwaqa|Garchomp, M|358\/358
|-damage|p1a: Dakuwaqa|336\/358|[from] Stealth Rock
|move|p2a: Skarmory|Whirlwind|p1a: Dakuwaqa
|drag|p1a: Landorus|Landorus, M|185\/333
|-damage|p1a: Landorus|144\/333|[from] Stealth Rock
|
|-weather|Sandstorm|[upkeep]
|-heal|p2a: Skarmory|209\/302|[from] item: Leftovers
|turn|14
|callback|decision
|
|switch|p1a: Dakuwaqa|Garchomp, M|336\/358
|-damage|p1a: Dakuwaqa|314\/358|[from] Stealth Rock
|move|p2a: Skarmory|Roost|p2a: Skarmory
|-heal|p2a: Skarmory|302\/302
|
|-weather|Sandstorm|[upkeep]
|turn|15
|callback|decision
|
|switch|p2a: Hippowdon|Hippowdon, F|358\/358
|-damage|p2a: Hippowdon|336\/358|[from] Stealth Rock
|move|p1a: Dakuwaqa|Fire Blast|p2a: Hippowdon
|-damage|p2a: Hippowdon|267\/358
|
|-weather|Sandstorm|[upkeep]
|-heal|p2a: Hippowdon|289\/358|[from] item: Leftovers
|turn|16
|callback|decision
|
|move|p1a: Dakuwaqa|Outrage|p2a: Hippowdon
|-damage|p2a: Hippowdon|129\/358
|move|p2a: Hippowdon|Slack Off|p2a: Hippowdon
|-heal|p2a: Hippowdon|308\/358
|
|-weather|Sandstorm|[upkeep]
|-heal|p2a: Hippowdon|330\/358|[from] item: Leftovers
|turn|17
|callback|decision
|
|switch|p2a: Heatran|Heatran, M|324\/324
|-damage|p2a: Heatran|284\/324|[from] Stealth Rock
|move|p1a: Dakuwaqa|Outrage|p2a: Heatran
|-resisted|p2a: Heatran
|-damage|p2a: Heatran|178\/324
|
|-weather|Sandstorm|[upkeep]
|turn|18
|callback|decision
|
|move|p2a: Heatran|Dragon Pulse|p1a: Dakuwaqa
|-supereffective|p1a: Dakuwaqa
|-damage|p1a: Dakuwaqa|40\/358
|move|p1a: Dakuwaqa|Outrage|p2a: Heatran
|-crit|p2a: Heatran
|-resisted|p2a: Heatran
|-damage|p2a: Heatran|0 fnt
|faint|p2a: Heatran
|
|-end|p1a: Dakuwaqa|rampage
|-start|p1a: Dakuwaqa|confusion
|-weather|Sandstorm|[upkeep]
|callback|decision
|
|switch|p2a: Hippowdon|Hippowdon, F|330\/358
|-damage|p2a: Hippowdon|308\/358|[from] Stealth Rock
|turn|19
|callback|decision
|
|switch|p1a: Dionysus|Latias, F|364\/364
|-damage|p1a: Dionysus|319\/364|[from] Stealth Rock
|move|p2a: Hippowdon|Whirlwind|p1a: Dionysus
|drag|p1a: Chani|Jirachi|350\/373
|-damage|p1a: Chani|327\/373|[from] Stealth Rock
|
|-weather|Sandstorm|[upkeep]
|-heal|p2a: Hippowdon|330\/358|[from] item: Leftovers
|turn|20
|callback|decision
|
|move|p1a: Chani|U-turn|p2a: Hippowdon
|-damage|p2a: Hippowdon|273\/358
|callback|decision
|
|switch|p1a: Landorus|Landorus, M|144\/333
|-damage|p1a: Landorus|103\/333|[from] Stealth Rock
|move|p2a: Hippowdon|Earthquake|p1a: Landorus
|-immune|p1a: Landorus|[msg]
|
|-weather|Sandstorm|[upkeep]
|-heal|p2a: Hippowdon|295\/358|[from] item: Leftovers
|turn|21
|callback|decision
|
|move|p1a: Landorus|Hidden Power|p2a: Hippowdon
|-supereffective|p2a: Hippowdon
|-damage|p2a: Hippowdon|116\/358
|-damage|p1a: Landorus|70\/333|[from] item: Life Orb
|move|p2a: Hippowdon|Whirlwind|p1a: Landorus
|drag|p1a: Dionysus|Latias, F|319\/364
|-damage|p1a: Dionysus|274\/364|[from] Stealth Rock
|
|-weather|Sandstorm|[upkeep]
|-damage|p1a: Dionysus|252\/364|[from] sandstorm
|-heal|p1a: Dionysus|274\/364|[from] item: Leftovers
|-heal|p2a: Hippowdon|138\/358|[from] item: Leftovers
|turn|22
|callback|decision
|
|move|p1a: Dionysus|Calm Mind|p1a: Dionysus
|-boost|p1a: Dionysus|spa|1
|-boost|p1a: Dionysus|spd|1
|move|p2a: Hippowdon|Slack Off|p2a: Hippowdon
|-heal|p2a: Hippowdon|317\/358
|
|-weather|Sandstorm|[upkeep]
|-damage|p1a: Dionysus|252\/364|[from] sandstorm
|-heal|p1a: Dionysus|274\/364|[from] item: Leftovers
|-heal|p2a: Hippowdon|339\/358|[from] item: Leftovers
|turn|23
|callback|decision
|
|move|p1a: Dionysus|Dragon Pulse|p2a: Hippowdon
|-damage|p2a: Hippowdon|177\/358
|move|p2a: Hippowdon|Whirlwind|p1a: Dionysus
|drag|p1a: Dakuwaqa|Garchomp, M|40\/358
|-damage|p1a: Dakuwaqa|18\/358|[from] Stealth Rock
|
|-weather|Sandstorm|[upkeep]
|-heal|p2a: Hippowdon|199\/358|[from] item: Leftovers
|turn|24
|callback|decision
|
|switch|p2a: Scizor|Scizor, M|344\/344
|-damage|p2a: Scizor|301\/344|[from] Stealth Rock
|move|p1a: Dakuwaqa|Earthquake|p2a: Scizor
|-damage|p2a: Scizor|138\/344
|
|-weather|Sandstorm|[upkeep]
|turn|25
|callback|decision
|
|move|p2a: Scizor|Bullet Punch|p1a: Dakuwaqa
|-damage|p1a: Dakuwaqa|0 fnt
|-damage|p2a: Scizor|95\/344|[from] ability: Rough Skin|[of] p1a: Dakuwaqa
|faint|p1a: Dakuwaqa
|
|-weather|Sandstorm|[upkeep]
|callback|decision
|
|switch|p1a: Chani|Jirachi|327\/373
|-damage|p1a: Chani|304\/373|[from] Stealth Rock
|turn|26
|callback|decision
|
|switch|p2a: Hippowdon|Hippowdon, F|199\/358
|-damage|p2a: Hippowdon|177\/358|[from] Stealth Rock
|move|p1a: Chani|U-turn|p2a: Hippowdon
|-damage|p2a: Hippowdon|122\/358
|callback|decision
|
|switch|p1a: Landorus|Landorus, M|70\/333
|-damage|p1a: Landorus|29\/333|[from] Stealth Rock
|
|-weather|Sandstorm|[upkeep]
|-heal|p2a: Hippowdon|144\/358|[from] item: Leftovers
|turn|27
|callback|decision
|
|move|p1a: Landorus|Psychic|p2a: Hippowdon
|-damage|p2a: Hippowdon|0 fnt
|faint|p2a: Hippowdon
|
|-weather|Sandstorm|[upkeep]
|callback|decision
|
|switch|p2a: Skarmory|Skarmory, F|302\/302
|-damage|p2a: Skarmory|265\/302|[from] Stealth Rock
|turn|28
|callback|decision
|
|move|p1a: Landorus|Hidden Power|p2a: Skarmory
|-crit|p2a: Skarmory
|-damage|p2a: Skarmory|62\/302
|-damage|p1a: Landorus|0 fnt|[from] item: Life Orb
|faint|p1a: Landorus
|move|p2a: Skarmory|Whirlwind|p1: Landorus|[notarget]
|-notarget
|
|-weather|Sandstorm|[upkeep]
|-heal|p2a: Skarmory|80\/302|[from] item: Leftovers
|callback|decision
|
|switch|p1a: Meshugah|Tyranitar, M|338\/386
|-damage|p1a: Meshugah|290\/386|[from] Stealth Rock
|turn|29
|callback|decision
|
|move|p1a: Meshugah|Superpower|p2a: Skarmory
|-damage|p2a: Skarmory|0 fnt
|-unboost|p1a: Meshugah|atk|1
|-unboost|p1a: Meshugah|def|1
|faint|p2a: Skarmory
|
|-weather|Sandstorm|[upkeep]
|callback|decision
|
|switch|p2a: Scizor|Scizor, M|95\/344
|-damage|p2a: Scizor|52\/344|[from] Stealth Rock
|turn|30
|callback|decision
|
|move|p2a: Scizor|Bullet Punch|p1a: Meshugah
|-supereffective|p1a: Meshugah
|-damage|p1a: Meshugah|0 fnt
|faint|p1a: Meshugah
|
|-weather|Sandstorm|[upkeep]
|callback|decision
|
|switch|p1a: Chani|Jirachi|304\/373
|-damage|p1a: Chani|281\/373|[from] Stealth Rock
|turn|31
|callback|decision
|
|move|p2a: Scizor|Bullet Punch|p1a: Chani
|-resisted|p1a: Chani
|-damage|p1a: Chani|188\/373
|move|p1a: Chani|Iron Head|p2a: Scizor
|-resisted|p2a: Scizor
|-damage|p2a: Scizor|0 fnt
|faint|p2a: Scizor
|
|win|Foop
|raw|Ladder updating...
|raw|Foop's rating: 2050 &rarr; <strong>2051<\/strong><br \/>(+1 for winning)
|raw|cj o cara's rating: 1726 &rarr; <strong>1724<\/strong><br \/>(-2 for losing)
|chat|cj o cara|GG