|join|Foop
|join|ProcyonL
|player|p1|Foop|265
|player|p2|ProcyonL|39
|gametype|singles
|tier|OU (current)
|rated
|rule|Evasion Abilities Clause: Evasion abilities are banned
|clearpoke
|poke|p1|Tyranitar, M
|poke|p1|Landorus, M
|poke|p1|Garchomp, F
|poke|p1|Jirachi
|poke|p1|Keldeo
|poke|p1|Latias, F
|poke|p2|Politoed, M
|poke|p2|Thundurus-Therian, M
|poke|p2|Breloom, F, shiny
|poke|p2|Gyarados, F
|poke|p2|Ferrothorn, F
|poke|p2|Tentacruel, F
|rule|Sleep Clause Mod: Limit one foe put to sleep
|rule|Species Clause: Limit one of each Pokemon
|rule|OHKO Clause: OHKO moves are banned
|rule|Moody Clause: Moody is banned
|rule|Evasion Moves Clause: Evasion moves are banned
|rule|HP Percentage Mod: HP is reported as percentages
|teampreview
|callback|decision
|
|start
|switch|p1a: Landorus|Landorus, M|333\/333
|switch|p2a: My Girlfriend|Breloom, F, shiny|262\/262
|turn|1
|callback|decision
|
|move|p1a: Landorus|Psychic|p2a: My Girlfriend
|-crit|p2a: My Girlfriend
|-supereffective|p2a: My Girlfriend
|-damage|p2a: My Girlfriend|0 fnt
|faint|p2a: My Girlfriend
|
|callback|decision
|
|switch|p2a: Politoed|Politoed, M|321\/321
|-weather|RainDance|[from] ability: Drizzle|[of] p2a: Politoed
|turn|2
|callback|decision
|
|switch|p1a: Dionysus|Latias, F|364\/364
|switch|p2a: Gyarados|Gyarados, F|332\/332
|
|-weather|RainDance|[upkeep]
|turn|3
|callback|decision
|
|move|p1a: Dionysus|Calm Mind|p1a: Dionysus
|-boost|p1a: Dionysus|spa|1
|-boost|p1a: Dionysus|spd|1
|move|p2a: Gyarados|Dragon Dance|p2a: Gyarados
|-boost|p2a: Gyarados|atk|1
|-boost|p2a: Gyarados|spe|1
|
|-weather|RainDance|[upkeep]
|turn|4
|callback|decision
|
|move|p2a: Gyarados|Waterfall|p1a: Dionysus
|-resisted|p1a: Dionysus
|-damage|p1a: Dionysus|169\/364
|move|p1a: Dionysus|Substitute|p1a: Dionysus
|-start|p1a: Dionysus|Substitute
|-damage|p1a: Dionysus|78\/364
|
|-weather|RainDance|[upkeep]
|-heal|p1a: Dionysus|100\/364|[from] item: Leftovers
|turn|5
|callback|decision
|chat|ProcyonL|Sweet historical name bro.
|
|move|p2a: Gyarados|Waterfall|p1a: Dionysus
|-resisted|p1a: Dionysus
|-end|p1a: Dionysus|Substitute
|move|p1a: Dionysus|Dragon Pulse|p2a: Gyarados
|-damage|p2a: Gyarados|172\/332
|
|-weather|RainDance|[upkeep]
|-heal|p2a: Gyarados|192\/332|[from] item: Leftovers
|-heal|p1a: Dionysus|122\/364|[from] item: Leftovers
|turn|6
|callback|decision
|
|move|p2a: Gyarados|Waterfall|p1a: Dionysus
|-resisted|p1a: Dionysus
|-damage|p1a: Dionysus|0 fnt
|faint|p1a: Dionysus
|-boost|p2a: Gyarados|atk|1|[from] ability: Moxie
|
|-weather|RainDance|[upkeep]
|-heal|p2a: Gyarados|212\/332|[from] item: Leftovers
|callback|decision
|chat|ProcyonL|obv im putting up a sub
|chat|ProcyonL|or not
|chat|ProcyonL|this boy is 97 and 13
|chat|ProcyonL|what a champ
|chat|ProcyonL|we got a true champ on our hands folks
|
|switch|p1a: Chani|Jirachi|373\/373
|turn|7
|callback|decision
|chat|ProcyonL|it goes to show there's no perfect teams
|
|move|p1a: Chani|ThunderPunch|p2a: Gyarados
|-crit|p2a: Gyarados
|-supereffective|p2a: Gyarados
|-damage|p2a: Gyarados|0 fnt
|faint|p2a: Gyarados
|
|-weather|RainDance|[upkeep]
|callback|decision
|chat|ProcyonL|was worth the risk
|chat|ProcyonL|now i know
|
|switch|p2a: Ferrothorn|Ferrothorn, F|352\/352
|turn|8
|callback|decision
|
|switch|p1a: Meshugah|Tyranitar, M|386\/386
|-weather|Sandstorm|[from] ability: Sand Stream|[of] p1a: Meshugah
|move|p2a: Ferrothorn|Stealth Rock|p1a: Meshugah
|-sidestart|p1: Foop|move: Stealth Rock
|
|-weather|Sandstorm|[upkeep]
|turn|9
|callback|decision
|
|move|p1a: Meshugah|Superpower|p2a: Ferrothorn
|-supereffective|p2a: Ferrothorn
|-damage|p2a: Ferrothorn|86\/352
|-damage|p1a: Meshugah|338\/386|[from] ability: Iron Barbs|[of] p2a: Ferrothorn
|-unboost|p1a: Meshugah|atk|1
|-unboost|p1a: Meshugah|def|1
|move|p2a: Ferrothorn|Gyro Ball|p1a: Meshugah
|-supereffective|p1a: Meshugah
|-damage|p1a: Meshugah|0 fnt
|faint|p1a: Meshugah
|
|-weather|Sandstorm|[upkeep]
|-heal|p2a: Ferrothorn|108\/352|[from] item: Leftovers
|callback|decision
|chat|ProcyonL|this scarf lando\/jirachi u-turn core is pretty effective
|
|switch|p1a: Dakuwaqa|Garchomp, F|358\/358
|-damage|p1a: Dakuwaqa|336\/358|[from] Stealth Rock
|turn|10
|callback|decision
|chat|ProcyonL|been seeing it on a lot of good players
|
|move|p1a: Dakuwaqa|Stealth Rock|p2a: Ferrothorn
|-sidestart|p2: ProcyonL|move: Stealth Rock
|move|p2a: Ferrothorn|Leech Seed|p1a: Dakuwaqa
|-start|p1a: Dakuwaqa|move: Leech Seed
|
|-weather|Sandstorm|[upkeep]
|-heal|p2a: Ferrothorn|130\/352|[from] item: Leftovers
|-damage|p1a: Dakuwaqa|292\/358|[from] Leech Seed|[of] p2a: Ferrothorn
|-heal|p2a: Ferrothorn|174\/352|[silent]
|turn|11
|callback|decision
|
|move|p2a: Ferrothorn|Protect|p2a: Ferrothorn
|-singleturn|p2a: Ferrothorn|Protect
|move|p1a: Dakuwaqa|Fire Blast|p2a: Ferrothorn
|-activate|p2a: Ferrothorn|Protect
|
|-weather|Sandstorm|[upkeep]
|-heal|p2a: Ferrothorn|196\/352|[from] item: Leftovers
|-damage|p1a: Dakuwaqa|248\/358|[from] Leech Seed|[of] p2a: Ferrothorn
|-heal|p2a: Ferrothorn|240\/352|[silent]
|turn|12
|callback|decision
|
|switch|p1a: Landorus|Landorus, M|333\/333
|-damage|p1a: Landorus|292\/333|[from] Stealth Rock
|move|p2a: Ferrothorn|Gyro Ball|p1a: Landorus
|-damage|p1a: Landorus|102\/333
|
|-weather|Sandstorm|[upkeep]
|-heal|p2a: Ferrothorn|262\/352|[from] item: Leftovers
|turn|13
|callback|decision
|
|move|p1a: Landorus|Earth Power|p2a: Ferrothorn
|-damage|p2a: Ferrothorn|16\/352
|move|p2a: Ferrothorn|Gyro Ball|p1a: Landorus
|-damage|p1a: Landorus|0 fnt
|faint|p1a: Landorus
|
|-weather|Sandstorm|[upkeep]
|-heal|p2a: Ferrothorn|38\/352|[from] item: Leftovers
|callback|decision
|
|switch|p1a: Dakuwaqa|Garchomp, F|248\/358
|-damage|p1a: Dakuwaqa|226\/358|[from] Stealth Rock
|turn|14
|callback|decision
|chat|ProcyonL|couldnt risk it actually being a rp set
|chat|ProcyonL|no sir
|
|move|p1a: Dakuwaqa|Earthquake|p2a: Ferrothorn
|-damage|p2a: Ferrothorn|0 fnt
|faint|p2a: Ferrothorn
|
|-weather|Sandstorm|[upkeep]
|callback|decision
|
|switch|p2a: Politoed|Politoed, M|321\/321
|-damage|p2a: Politoed|281\/321|[from] Stealth Rock
|-weather|RainDance|[from] ability: Drizzle|[of] p2a: Politoed
|turn|15
|callback|decision
|
|switch|p1a: Chani|Jirachi|373\/373
|-damage|p1a: Chani|350\/373|[from] Stealth Rock
|move|p2a: Politoed|Ice Beam|p1a: Chani
|-resisted|p1a: Chani
|-damage|p1a: Chani|304\/373
|
|-weather|RainDance|[upkeep]
|turn|16
|callback|decision
|
|switch|p2a: Tentacruel|Tentacruel, F|364\/364
|-damage|p2a: Tentacruel|319\/364|[from] Stealth Rock
|move|p1a: Chani|U-turn|p2a: Tentacruel
|-crit|p2a: Tentacruel
|-resisted|p2a: Tentacruel
|-damage|p2a: Tentacruel|213\/364
|callback|decision
|
|switch|p1a: Dakuwaqa|Garchomp, F|226\/358
|-damage|p1a: Dakuwaqa|204\/358|[from] Stealth Rock
|
|-weather|RainDance|[upkeep]
|-heal|p2a: Tentacruel|235\/364|[from] item: Black Sludge
|turn|17
|callback|decision
|
|switch|p2a: Thundurus-Therian|Thundurus-Therian, M|300\/300
|-damage|p2a: Thundurus-Therian|225\/300|[from] Stealth Rock
|move|p1a: Dakuwaqa|Earthquake|p2a: Thundurus-Therian
|-immune|p2a: Thundurus-Therian|[msg]
|
|-weather|RainDance|[upkeep]
|turn|18
|callback|decision
|
|move|p2a: Thundurus-Therian|Hidden Power|p1a: Dakuwaqa
|-supereffective|p1a: Dakuwaqa
|-damage|p1a: Dakuwaqa|0 fnt
|faint|p1a: Dakuwaqa
|
|-weather|RainDance|[upkeep]
|callback|decision
|
|switch|p1a: d'Artagnan|Keldeo|324\/324
|-damage|p1a: d'Artagnan|304\/324|[from] Stealth Rock
|turn|19
|callback|decision
|
|switch|p2a: Politoed|Politoed, M|281\/321
|-damage|p2a: Politoed|241\/321|[from] Stealth Rock
|move|p1a: d'Artagnan|Calm Mind|p1a: d'Artagnan
|-boost|p1a: d'Artagnan|spa|1
|-boost|p1a: d'Artagnan|spd|1
|
|-weather|RainDance|[upkeep]
|-heal|p1a: d'Artagnan|324\/324|[from] item: Leftovers
|turn|20
|callback|decision
|
|move|p1a: d'Artagnan|Calm Mind|p1a: d'Artagnan
|-boost|p1a: d'Artagnan|spa|1
|-boost|p1a: d'Artagnan|spd|1
|move|p2a: Politoed|Perish Song|p2a: Politoed
|-fieldactivate|move: Perish Song
|
|-start|p1a: d'Artagnan|perish3
|-start|p2a: Politoed|perish3
|-weather|RainDance|[upkeep]
|turn|21
|callback|decision
|
|move|p1a: d'Artagnan|Hydro Pump|p2a: Politoed
|-resisted|p2a: Politoed
|-damage|p2a: Politoed|0 fnt
|faint|p2a: Politoed
|
|-start|p1a: d'Artagnan|perish2
|-weather|RainDance|[upkeep]
|callback|decision
|
|switch|p2a: Tentacruel|Tentacruel, F|235\/364
|-damage|p2a: Tentacruel|190\/364|[from] Stealth Rock
|turn|22
|callback|decision
|
|move|p1a: d'Artagnan|Hydro Pump|p2a: Tentacruel|[miss]
|-miss|p1a: d'Artagnan|p2a: Tentacruel
|move|p2a: Tentacruel|Sludge Bomb|p1a: d'Artagnan
|-damage|p1a: d'Artagnan|273\/324
|
|-start|p1a: d'Artagnan|perish1
|-weather|RainDance|[upkeep]
|-heal|p1a: d'Artagnan|293\/324|[from] item: Leftovers
|-heal|p2a: Tentacruel|212\/364|[from] item: Black Sludge
|turn|23
|callback|decision
|
|move|p1a: d'Artagnan|Hydro Pump|p2a: Tentacruel
|-resisted|p2a: Tentacruel
|-damage|p2a: Tentacruel|0 fnt
|faint|p2a: Tentacruel
|
|-start|p1a: d'Artagnan|perish0
|-weather|RainDance|[upkeep]
|faint|p1a: d'Artagnan
|callback|decision
|
|switch|p2a: Thundurus-Therian|Thundurus-Therian, M|225\/300
|-damage|p2a: Thundurus-Therian|150\/300|[from] Stealth Rock
|switch|p1a: Chani|Jirachi|304\/373
|-damage|p1a: Chani|281\/373|[from] Stealth Rock
|turn|24
|callback|decision
|
|move|p2a: Thundurus-Therian|Thunder|p1a: Chani
|-damage|p1a: Chani|53\/373
|move|p1a: Chani|Ice Punch|p2a: Thundurus-Therian
|-supereffective|p2a: Thundurus-Therian
|-damage|p2a: Thundurus-Therian|0 fnt
|faint|p2a: Thundurus-Therian
|
|win|Foop
|raw|Ladder updating...
|raw|Foop's rating: 1985 &rarr; <strong>1987<\/strong><br \/>(+2 for winning)
|raw|ProcyonL's rating: 1686 &rarr; <strong>1682<\/strong><br \/>(-4 for losing)
|chat|ProcyonL|Great game, you're quite strategic