|join|Foop
|join|ExtraneousSolution
|player|p1|Foop|170
|player|p2|ExtraneousSolution|209
|gametype|singles
|tier|OU (current)
|rated
|rule|Evasion Abilities Clause: Evasion abilities are banned
|clearpoke
|poke|p1|Tyranitar, F
|poke|p1|Landorus, M
|poke|p1|Garchomp, F
|poke|p1|Jirachi
|poke|p1|Keldeo
|poke|p1|Latias, F
|poke|p2|Tyranitar, F
|poke|p2|Scizor, F
|poke|p2|Rotom-Wash
|poke|p2|Latios, M
|poke|p2|Landorus, M
|poke|p2|Keldeo-Resolute
|rule|Sleep Clause Mod: Limit one foe put to sleep
|rule|Species Clause: Limit one of each Pokemon
|rule|OHKO Clause: OHKO moves are banned
|rule|Moody Clause: Moody is banned
|rule|Evasion Moves Clause: Evasion moves are banned
|rule|HP Percentage Mod: HP is reported as percentages
|teampreview
|callback|decision
|chat|ExtraneousSolution|jebus
|chat|ExtraneousSolution|that team
|
|start
|switch|p1a: Dakuwaqa|Garchomp, F|358\/358
|switch|p2a: Scrotum-Wash|Rotom-Wash|304\/304
|turn|1
|callback|decision
|chat|ExtraneousSolution|threat threat threat threat threat threat
|
|move|p1a: Dakuwaqa|Stealth Rock|p2a: Scrotum-Wash
|-sidestart|p2: ExtraneousSolution|move: Stealth Rock
|move|p2a: Scrotum-Wash|Will-O-Wisp|p1a: Dakuwaqa
|-status|p1a: Dakuwaqa|brn
|
|-damage|p1a: Dakuwaqa|314\/358 brn|[from] brn
|turn|2
|callback|decision
|
|move|p1a: Dakuwaqa|Outrage|p2a: Scrotum-Wash
|-damage|p2a: Scrotum-Wash|198\/304
|move|p2a: Scrotum-Wash|Hydro Pump|p1a: Dakuwaqa|[miss]
|-miss|p2a: Scrotum-Wash|p1a: Dakuwaqa
|
|-damage|p1a: Dakuwaqa|270\/358 brn|[from] brn
|turn|3
|callback|decision
|
|move|p1a: Dakuwaqa|Outrage|p2a: Scrotum-Wash
|-damage|p2a: Scrotum-Wash|87\/304
|move|p2a: Scrotum-Wash|Rest|p2a: Scrotum-Wash
|-status|p2a: Scrotum-Wash|slp
|-heal|p2a: Scrotum-Wash|304\/304 slp|[silent]
|-status|p2a: Scrotum-Wash|slp|[from] move: Rest
|-enditem|p2a: Scrotum-Wash|Chesto Berry|[eat]
|-curestatus|p2a: Scrotum-Wash|slp
|
|-damage|p1a: Dakuwaqa|226\/358 brn|[from] brn
|turn|4
|callback|decision
|
|move|p1a: Dakuwaqa|Outrage|p2a: Scrotum-Wash
|-damage|p2a: Scrotum-Wash|202\/304
|move|p2a: Scrotum-Wash|Hydro Pump|p1a: Dakuwaqa
|-damage|p1a: Dakuwaqa|0 fnt
|faint|p1a: Dakuwaqa
|
|callback|decision
|
|switch|p1a: Dionysus|Latias, F|364\/364
|turn|5
|callback|decision
|
|move|p1a: Dionysus|Substitute|p1a: Dionysus
|-start|p1a: Dionysus|Substitute
|-damage|p1a: Dionysus|273\/364
|move|p2a: Scrotum-Wash|Volt Switch|p1a: Dionysus
|-resisted|p1a: Dionysus
|-activate|p1a: Dionysus|Substitute|[damage]
|callback|decision
|
|switch|p2a: Blandorus|Landorus, M|319\/319
|-damage|p2a: Blandorus|280\/319|[from] Stealth Rock
|
|-heal|p1a: Dionysus|295\/364|[from] item: Leftovers
|turn|6
|callback|decision
|
|move|p2a: Blandorus|U-turn|p1a: Dionysus
|-supereffective|p1a: Dionysus
|-end|p1a: Dionysus|Substitute
|callback|decision
|
|switch|p2a: Tinsect|Scizor, F|342\/342
|-damage|p2a: Tinsect|300\/342|[from] Stealth Rock
|move|p1a: Dionysus|Dragon Pulse|p2a: Tinsect
|-resisted|p2a: Tinsect
|-damage|p2a: Tinsect|231\/342
|
|-heal|p1a: Dionysus|317\/364|[from] item: Leftovers
|turn|7
|callback|decision
|
|move|p1a: Dionysus|Substitute|p1a: Dionysus
|-start|p1a: Dionysus|Substitute
|-damage|p1a: Dionysus|226\/364
|move|p2a: Tinsect|Pursuit|p1a: Dionysus
|-supereffective|p1a: Dionysus
|-end|p1a: Dionysus|Substitute
|
|-heal|p1a: Dionysus|248\/364|[from] item: Leftovers
|turn|8
|callback|decision
|chat|ExtraneousSolution|mfw hp fire
|
|move|p1a: Dionysus|Dragon Pulse|p2a: Tinsect
|-resisted|p2a: Tinsect
|-damage|p2a: Tinsect|164\/342
|move|p2a: Tinsect|Pursuit|p1a: Dionysus
|-crit|p1a: Dionysus
|-supereffective|p1a: Dionysus
|-damage|p1a: Dionysus|0 fnt
|faint|p1a: Dionysus
|
|callback|decision
|chat|ExtraneousSolution|good
|chat|ExtraneousSolution|XD
|
|switch|p1a: d'Artagnan|Keldeo|324\/324
|turn|9
|callback|decision
|
|switch|p2a: TartarSauce|Tyranitar, F|404\/404
|-damage|p2a: TartarSauce|354\/404|[from] Stealth Rock
|-weather|Sandstorm|[from] ability: Sand Stream|[of] p2a: TartarSauce
|move|p1a: d'Artagnan|Calm Mind|p1a: d'Artagnan
|-boost|p1a: d'Artagnan|spa|1
|-boost|p1a: d'Artagnan|spd|1
|
|-weather|Sandstorm|[upkeep]
|-damage|p1a: d'Artagnan|304\/324|[from] sandstorm
|-heal|p1a: d'Artagnan|324\/324|[from] item: Leftovers
|turn|10
|callback|decision
|chat|ExtraneousSolution|ah
|chat|ExtraneousSolution|tits
|
|move|p1a: d'Artagnan|Secret Sword|p2a: TartarSauce
|-enditem|p2a: TartarSauce|Chople Berry|[eat]
|-supereffective|p2a: TartarSauce
|-damage|p2a: TartarSauce|0 fnt
|faint|p2a: TartarSauce
|
|-weather|Sandstorm|[upkeep]
|-damage|p1a: d'Artagnan|304\/324|[from] sandstorm
|-heal|p1a: d'Artagnan|324\/324|[from] item: Leftovers
|callback|decision
|
|switch|p2a: Blandorus|Landorus, M|280\/319
|-damage|p2a: Blandorus|241\/319|[from] Stealth Rock
|turn|11
|callback|decision
|
|move|p2a: Blandorus|Earthquake|p1a: d'Artagnan
|-damage|p1a: d'Artagnan|63\/324
|move|p1a: d'Artagnan|Hidden Power|p2a: Blandorus
|-supereffective|p2a: Blandorus
|-damage|p2a: Blandorus|0 fnt
|faint|p2a: Blandorus
|
|-weather|Sandstorm|[upkeep]
|-damage|p1a: d'Artagnan|43\/324|[from] sandstorm
|-heal|p1a: d'Artagnan|63\/324|[from] item: Leftovers
|callback|decision
|
|switch|p2a: Tinsect|Scizor, F|164\/342
|-damage|p2a: Tinsect|122\/342|[from] Stealth Rock
|turn|12
|callback|decision
|
|switch|p1a: Chani|Jirachi|373\/373
|move|p2a: Tinsect|Bullet Punch|p1a: Chani
|-resisted|p1a: Chani
|-damage|p1a: Chani|280\/373
|
|-weather|Sandstorm|[upkeep]
|turn|13
|callback|decision
|
|move|p2a: Tinsect|Bullet Punch|p1a: Chani
|-resisted|p1a: Chani
|-damage|p1a: Chani|186\/373
|move|p1a: Chani|U-turn|p2a: Tinsect
|-resisted|p2a: Tinsect
|-damage|p2a: Tinsect|83\/342
|callback|decision
|chat|ExtraneousSolution|yuss
|
|switch|p1a: Landorus|Landorus, M|333\/333
|
|-weather|Sandstorm|[upkeep]
|turn|14
|callback|decision
|
|move|p2a: Tinsect|Bullet Punch|p1a: Landorus
|-damage|p1a: Landorus|149\/333
|move|p1a: Landorus|Earth Power|p2a: Tinsect
|-damage|p2a: Tinsect|0 fnt
|faint|p2a: Tinsect
|
|-weather|Sandstorm|[upkeep]
|callback|decision
|
|switch|p2a: Pwny|Keldeo-Resolute|324\/324
|-damage|p2a: Pwny|304\/324|[from] Stealth Rock
|turn|15
|callback|decision
|
|move|p2a: Pwny|Surf|p1a: Landorus
|-supereffective|p1a: Landorus
|-damage|p1a: Landorus|0 fnt
|faint|p1a: Landorus
|
|-weather|Sandstorm|[upkeep]
|-damage|p2a: Pwny|284\/324|[from] sandstorm
|callback|decision
|
|switch|p1a: Meshugah|Tyranitar, F|386\/386
|turn|16
|callback|decision
|
|move|p2a: Pwny|Secret Sword|p1a: Meshugah
|-supereffective|p1a: Meshugah
|-damage|p1a: Meshugah|0 fnt
|faint|p1a: Meshugah
|
|-weather|Sandstorm|[upkeep]
|-damage|p2a: Pwny|264\/324|[from] sandstorm
|callback|decision
|
|switch|p1a: d'Artagnan|Keldeo|63\/324
|turn|17
|callback|decision
|
|move|p2a: Pwny|Secret Sword|p1a: d'Artagnan
|-damage|p1a: d'Artagnan|0 fnt
|faint|p1a: d'Artagnan
|
|-weather|Sandstorm|[upkeep]
|-damage|p2a: Pwny|244\/324|[from] sandstorm
|callback|decision
|
|switch|p1a: Chani|Jirachi|186\/373
|turn|18
|callback|decision
|
|move|p1a: Chani|Iron Head|p2a: Pwny
|-resisted|p2a: Pwny
|-damage|p2a: Pwny|176\/324
|move|p2a: Pwny|Surf|p1a: Chani
|-damage|p1a: Chani|24\/373
|
|-weather|Sandstorm|[upkeep]
|-damage|p2a: Pwny|156\/324|[from] sandstorm
|turn|19
|callback|decision
|
|move|p1a: Chani|Iron Head|p2a: Pwny
|-resisted|p2a: Pwny
|-damage|p2a: Pwny|82\/324
|cant|p2a: Pwny|flinch
|
|-weather|Sandstorm|[upkeep]
|-damage|p2a: Pwny|62\/324|[from] sandstorm
|turn|20
|callback|decision
|
|move|p1a: Chani|Iron Head|p2a: Pwny
|-resisted|p2a: Pwny
|-damage|p2a: Pwny|0 fnt
|faint|p2a: Pwny
|
|-weather|Sandstorm|[upkeep]
|callback|decision
|
|switch|p2a: TacoBell|Latios, M|301\/301
|-damage|p2a: TacoBell|264\/301|[from] Stealth Rock
|turn|21
|callback|decision
|
|move|p1a: Chani|Iron Head|p2a: TacoBell
|-crit|p2a: TacoBell
|-damage|p2a: TacoBell|0 fnt
|faint|p2a: TacoBell
|
|-weather|Sandstorm|[upkeep]
|callback|decision
|
|switch|p2a: Scrotum-Wash|Rotom-Wash|202\/304
|-damage|p2a: Scrotum-Wash|164\/304|[from] Stealth Rock
|turn|22
|callback|decision
|chat|ExtraneousSolution|wat
|
|move|p1a: Chani|Iron Head|p2a: Scrotum-Wash
|-resisted|p2a: Scrotum-Wash
|-damage|p2a: Scrotum-Wash|135\/304
|move|p2a: Scrotum-Wash|Volt Switch|p1a: Chani
|-damage|p1a: Chani|0 fnt
|faint|p1a: Chani
|
|win|ExtraneousSolution
|raw|Ladder updating...
|raw|Foop's rating: 2059 &rarr; <strong>2054<\/strong><br \/>(-5 for losing)
|raw|ExtraneousSolution's rating: 1946 &rarr; <strong>1956<\/strong><br \/>(+10 for winning)
|chat|ExtraneousSolution|k
|chat|ExtraneousSolution|gg