|join|Biz Markie
|join|Foop
|player|p1|Biz Markie|184
|player|p2|Foop|170
|gametype|singles
|tier|OU (current)
|rated
|rule|Evasion Abilities Clause: Evasion abilities are banned
|clearpoke
|poke|p1|Azelf
|poke|p1|Dragonite, M
|poke|p1|Kyurem-Black
|poke|p1|Latios, M
|poke|p1|Jirachi
|poke|p1|Keldeo
|poke|p2|Tyranitar, F
|poke|p2|Landorus, M
|poke|p2|Garchomp, F
|poke|p2|Jirachi
|poke|p2|Keldeo
|poke|p2|Latias, F
|rule|Sleep Clause Mod: Limit one foe put to sleep
|rule|Species Clause: Limit one of each Pokemon
|rule|OHKO Clause: OHKO moves are banned
|rule|Moody Clause: Moody is banned
|rule|Evasion Moves Clause: Evasion moves are banned
|rule|HP Percentage Mod: HP is reported as percentages
|teampreview
|callback|decision
|
|start
|switch|p1a: Azelf|Azelf|291\/291
|switch|p2a: Meshugah|Tyranitar, F|386\/386
|-weather|Sandstorm|[from] ability: Sand Stream|[of] p2a: Meshugah
|turn|1
|callback|decision
|
|move|p1a: Azelf|Stealth Rock|p2a: Meshugah
|-sidestart|p2: Foop|move: Stealth Rock
|move|p2a: Meshugah|Crunch|p1a: Azelf
|-supereffective|p1a: Azelf
|-enditem|p1a: Azelf|Focus Sash
|-damage|p1a: Azelf|1\/291
|
|-weather|Sandstorm|[upkeep]
|-damage|p1a: Azelf|0 fnt|[from] sandstorm
|faint|p1a: Azelf
|callback|decision
|
|switch|p1a: Keldeo|Keldeo|324\/324
|turn|2
|callback|decision
|
|move|p1a: Keldeo|Secret Sword|p2a: Meshugah
|-supereffective|p2a: Meshugah
|-damage|p2a: Meshugah|0 fnt
|-damage|p1a: Keldeo|292\/324|[from] item: Life Orb
|faint|p2a: Meshugah
|
|-weather|Sandstorm|[upkeep]
|-damage|p1a: Keldeo|272\/324|[from] sandstorm
|callback|decision
|
|switch|p2a: Dionysus|Latias, F|364\/364
|-damage|p2a: Dionysus|319\/364|[from] Stealth Rock
|turn|3
|callback|decision
|
|switch|p2a: Dakuwaqa|Garchomp, F|358\/358
|-damage|p2a: Dakuwaqa|336\/358|[from] Stealth Rock
|switch|p1a: Jirachi|Jirachi|341\/341
|
|-weather|Sandstorm|[upkeep]
|turn|4
|callback|decision
|
|move|p2a: Dakuwaqa|Stealth Rock|p1a: Jirachi
|-sidestart|p1: Biz Markie|move: Stealth Rock
|move|p1a: Jirachi|Hidden Power|p2a: Dakuwaqa
|-supereffective|p2a: Dakuwaqa
|-damage|p2a: Dakuwaqa|0 fnt
|faint|p2a: Dakuwaqa
|
|-weather|Sandstorm|[upkeep]
|callback|decision
|
|switch|p2a: Landorus|Landorus, M|333\/333
|-damage|p2a: Landorus|292\/333|[from] Stealth Rock
|turn|5
|callback|decision
|
|move|p2a: Landorus|Earth Power|p1a: Jirachi
|-crit|p1a: Jirachi
|-supereffective|p1a: Jirachi
|-damage|p1a: Jirachi|0 fnt
|faint|p1a: Jirachi
|
|-weather|Sandstorm|[upkeep]
|callback|decision
|
|switch|p1a: Keldeo|Keldeo|272\/324
|-damage|p1a: Keldeo|252\/324|[from] Stealth Rock
|turn|6
|callback|decision
|
|switch|p2a: d'Artagnan|Keldeo|324\/324
|-damage|p2a: d'Artagnan|304\/324|[from] Stealth Rock
|move|p1a: Keldeo|Icy Wind|p2a: d'Artagnan
|-resisted|p2a: d'Artagnan
|-damage|p2a: d'Artagnan|259\/324
|-unboost|p2a: d'Artagnan|spe|1
|-damage|p1a: Keldeo|220\/324|[from] item: Life Orb
|
|-weather|Sandstorm|[upkeep]
|-damage|p1a: Keldeo|200\/324|[from] sandstorm
|-damage|p2a: d'Artagnan|239\/324|[from] sandstorm
|-heal|p2a: d'Artagnan|259\/324|[from] item: Leftovers
|turn|7
|callback|decision
|
|switch|p2a: Dionysus|Latias, F|319\/364
|-damage|p2a: Dionysus|274\/364|[from] Stealth Rock
|move|p1a: Keldeo|Hidden Power|p2a: Dionysus
|-resisted|p2a: Dionysus
|-damage|p2a: Dionysus|230\/364
|-damage|p1a: Keldeo|168\/324|[from] item: Life Orb
|
|-weather|Sandstorm|[upkeep]
|-damage|p2a: Dionysus|208\/364|[from] sandstorm
|-damage|p1a: Keldeo|148\/324|[from] sandstorm
|-heal|p2a: Dionysus|230\/364|[from] item: Leftovers
|turn|8
|callback|decision
|
|switch|p1a: Latios|Latios, M|302\/302
|-damage|p1a: Latios|265\/302|[from] Stealth Rock
|move|p2a: Dionysus|Substitute|p2a: Dionysus
|-start|p2a: Dionysus|Substitute
|-damage|p2a: Dionysus|139\/364
|
|-weather|Sandstorm|[upkeep]
|-damage|p2a: Dionysus|117\/364|[from] sandstorm
|-damage|p1a: Latios|247\/302|[from] sandstorm
|-heal|p2a: Dionysus|139\/364|[from] item: Leftovers
|turn|9
|callback|decision
|
|move|p2a: Dionysus|Recover|p2a: Dionysus
|-heal|p2a: Dionysus|321\/364
|move|p1a: Latios|Hidden Power|p2a: Dionysus
|-crit|p2a: Dionysus
|-resisted|p2a: Dionysus
|-activate|p2a: Dionysus|Substitute|[damage]
|-damage|p1a: Latios|217\/302|[from] item: Life Orb
|
|-weather|Sandstorm|[upkeep]
|-damage|p2a: Dionysus|299\/364|[from] sandstorm
|-damage|p1a: Latios|199\/302|[from] sandstorm
|-heal|p2a: Dionysus|321\/364|[from] item: Leftovers
|turn|10
|callback|decision
|
|move|p2a: Dionysus|Calm Mind|p2a: Dionysus
|-boost|p2a: Dionysus|spa|1
|-boost|p2a: Dionysus|spd|1
|move|p1a: Latios|Hidden Power|p2a: Dionysus
|-resisted|p2a: Dionysus
|-end|p2a: Dionysus|Substitute
|-damage|p1a: Latios|169\/302|[from] item: Life Orb
|
|-weather|Sandstorm|[upkeep]
|-damage|p2a: Dionysus|299\/364|[from] sandstorm
|-damage|p1a: Latios|151\/302|[from] sandstorm
|-heal|p2a: Dionysus|321\/364|[from] item: Leftovers
|turn|11
|callback|decision
|
|move|p2a: Dionysus|Substitute|p2a: Dionysus
|-start|p2a: Dionysus|Substitute
|-damage|p2a: Dionysus|230\/364
|move|p1a: Latios|Draco Meteor|p2a: Dionysus
|-supereffective|p2a: Dionysus
|-end|p2a: Dionysus|Substitute
|-unboost|p1a: Latios|spa|2
|-damage|p1a: Latios|121\/302|[from] item: Life Orb
|
|-weather|Sandstorm|[upkeep]
|-damage|p2a: Dionysus|208\/364|[from] sandstorm
|-damage|p1a: Latios|103\/302|[from] sandstorm
|-heal|p2a: Dionysus|230\/364|[from] item: Leftovers
|turn|12
|callback|decision
|
|move|p2a: Dionysus|Substitute|p2a: Dionysus
|-start|p2a: Dionysus|Substitute
|-damage|p2a: Dionysus|139\/364
|move|p1a: Latios|Draco Meteor|p2a: Dionysus
|-supereffective|p2a: Dionysus
|-end|p2a: Dionysus|Substitute
|-unboost|p1a: Latios|spa|2
|-damage|p1a: Latios|73\/302|[from] item: Life Orb
|
|-weather|Sandstorm|[upkeep]
|-damage|p2a: Dionysus|117\/364|[from] sandstorm
|-damage|p1a: Latios|55\/302|[from] sandstorm
|-heal|p2a: Dionysus|139\/364|[from] item: Leftovers
|turn|13
|callback|decision
|
|move|p2a: Dionysus|Recover|p2a: Dionysus
|-heal|p2a: Dionysus|321\/364
|move|p1a: Latios|Draco Meteor|p2a: Dionysus
|-supereffective|p2a: Dionysus
|-damage|p2a: Dionysus|212\/364
|-unboost|p1a: Latios|spa|2
|-damage|p1a: Latios|25\/302|[from] item: Life Orb
|
|-weather|Sandstorm|[upkeep]
|-damage|p2a: Dionysus|190\/364|[from] sandstorm
|-damage|p1a: Latios|7\/302|[from] sandstorm
|-heal|p2a: Dionysus|212\/364|[from] item: Leftovers
|turn|14
|callback|decision
|
|move|p2a: Dionysus|Substitute|p2a: Dionysus
|-start|p2a: Dionysus|Substitute
|-damage|p2a: Dionysus|121\/364
|move|p1a: Latios|Draco Meteor|p2a: Dionysus
|-supereffective|p2a: Dionysus
|-activate|p2a: Dionysus|Substitute|[damage]
|-damage|p1a: Latios|0 fnt|[from] item: Life Orb
|faint|p1a: Latios
|
|-weather|Sandstorm|[upkeep]
|-damage|p2a: Dionysus|99\/364|[from] sandstorm
|-heal|p2a: Dionysus|121\/364|[from] item: Leftovers
|callback|decision
|
|switch|p1a: Kyurem-Black|Kyurem-Black|392\/392
|-damage|p1a: Kyurem-Black|294\/392|[from] Stealth Rock
|-ability|p1a: Kyurem-Black|Teravolt
|turn|15
|callback|decision
|
|move|p1a: Kyurem-Black|Dragon Claw|p2a: Dionysus
|-supereffective|p2a: Dionysus
|-end|p2a: Dionysus|Substitute
|move|p2a: Dionysus|Dragon Pulse|p1a: Kyurem-Black
|-supereffective|p1a: Kyurem-Black
|-damage|p1a: Kyurem-Black|0 fnt
|faint|p1a: Kyurem-Black
|
|-weather|Sandstorm|[upkeep]
|-damage|p2a: Dionysus|99\/364|[from] sandstorm
|-heal|p2a: Dionysus|121\/364|[from] item: Leftovers
|callback|decision
|
|switch|p1a: Keldeo|Keldeo|148\/324
|-damage|p1a: Keldeo|128\/324|[from] Stealth Rock
|turn|16
|callback|decision
|
|move|p2a: Dionysus|Dragon Pulse|p1a: Keldeo
|-damage|p1a: Keldeo|0 fnt
|faint|p1a: Keldeo
|
|-weather|Sandstorm|[upkeep]
|-damage|p2a: Dionysus|99\/364|[from] sandstorm
|-heal|p2a: Dionysus|121\/364|[from] item: Leftovers
|callback|decision
|-message|Biz Markie forfeited.
|
|win|Foop
|raw|Ladder updating...
|leave|Biz Markie
|player|p1
|raw|Biz Markie's rating: 1689 &rarr; <strong>1686<\/strong><br \/>(-3 for losing)
|raw|Foop's rating: 2023 &rarr; <strong>2024<\/strong><br \/>(+1 for winning)