|join|Foop
|join|TheLastLASER
|player|p1|Foop|170
|player|p2|TheLastLASER|89
|gametype|singles
|tier|OU (current)
|rated
|rule|Evasion Abilities Clause: Evasion abilities are banned
|clearpoke
|poke|p1|Tyranitar, F
|poke|p1|Landorus, M
|poke|p1|Garchomp, M
|poke|p1|Jirachi
|poke|p1|Keldeo
|poke|p1|Celebi
|poke|p2|Tyranitar, M
|poke|p2|Terrakion
|poke|p2|Gliscor, M
|poke|p2|Rotom-Wash
|poke|p2|Breloom, F
|poke|p2|Keldeo
|rule|Sleep Clause Mod: Limit one foe put to sleep
|rule|Species Clause: Limit one of each Pokemon
|rule|OHKO Clause: OHKO moves are banned
|rule|Moody Clause: Moody is banned
|rule|Evasion Moves Clause: Evasion moves are banned
|rule|HP Percentage Mod: HP is reported as percentages
|teampreview
|callback|decision
|
|start
|switch|p1a: Dionysus|Celebi|404\/404
|switch|p2a: Terrakion|Terrakion|323\/323
|turn|1
|callback|decision
|
|move|p2a: Terrakion|Stealth Rock|p1a: Dionysus
|-sidestart|p1: Foop|move: Stealth Rock
|move|p1a: Dionysus|Psychic|p2a: Terrakion
|-supereffective|p2a: Terrakion
|-damage|p2a: Terrakion|107\/323
|
|turn|2
|callback|decision
|
|move|p2a: Terrakion|Taunt|p1a: Dionysus
|-start|p1a: Dionysus|move: Taunt
|cant|p1a: Dionysus|move: Taunt|Nasty Plot
|
|turn|3
|callback|decision
|
|switch|p2a: Tyranitar|Tyranitar, M|404\/404
|-weather|Sandstorm|[from] ability: Sand Stream|[of] p2a: Tyranitar
|switch|p1a: Chani|Jirachi|373\/373
|-damage|p1a: Chani|350\/373|[from] Stealth Rock
|
|-weather|Sandstorm|[upkeep]
|turn|4
|callback|decision
|
|switch|p2a: Rotom-Wash|Rotom-Wash|304\/304
|move|p1a: Chani|Iron Head|p2a: Rotom-Wash
|-resisted|p2a: Rotom-Wash
|-damage|p2a: Rotom-Wash|271\/304
|
|-weather|Sandstorm|[upkeep]
|-damage|p2a: Rotom-Wash|252\/304|[from] sandstorm
|-heal|p2a: Rotom-Wash|271\/304|[from] item: Leftovers
|turn|5
|callback|decision
|
|switch|p1a: Dionysus|Celebi|404\/404
|-damage|p1a: Dionysus|354\/404|[from] Stealth Rock
|move|p2a: Rotom-Wash|Will-O-Wisp|p1a: Dionysus|[miss]
|-miss|p2a: Rotom-Wash|p1a: Dionysus
|
|-weather|Sandstorm|[upkeep]
|-damage|p1a: Dionysus|329\/404|[from] sandstorm
|-damage|p2a: Rotom-Wash|252\/304|[from] sandstorm
|-heal|p1a: Dionysus|354\/404|[from] item: Leftovers
|-heal|p2a: Rotom-Wash|271\/304|[from] item: Leftovers
|turn|6
|callback|decision
|
|move|p1a: Dionysus|Nasty Plot|p1a: Dionysus
|-boost|p1a: Dionysus|spa|2
|move|p2a: Rotom-Wash|Volt Switch|p1a: Dionysus
|-resisted|p1a: Dionysus
|-damage|p1a: Dionysus|320\/404
|callback|decision
|
|switch|p2a: Tyranitar|Tyranitar, M|404\/404
|
|-weather|Sandstorm|[upkeep]
|-damage|p1a: Dionysus|295\/404|[from] sandstorm
|-heal|p1a: Dionysus|320\/404|[from] item: Leftovers
|turn|7
|callback|decision
|
|move|p1a: Dionysus|Baton Pass|p1a: Dionysus
|callback|decision
|
|switch|p1a: d'Artagnan|Keldeo|324\/324
|-damage|p1a: d'Artagnan|304\/324|[from] Stealth Rock
|move|p2a: Tyranitar|Pursuit|p1a: d'Artagnan
|-resisted|p1a: d'Artagnan
|-damage|p1a: d'Artagnan|240\/324
|-boost|p1a: d'Artagnan|atk|1|[from] ability: Justified
|
|-weather|Sandstorm|[upkeep]
|-damage|p1a: d'Artagnan|220\/324|[from] sandstorm
|-heal|p1a: d'Artagnan|240\/324|[from] item: Leftovers
|turn|8
|callback|decision
|
|switch|p2a: Rotom-Wash|Rotom-Wash|271\/304
|move|p1a: d'Artagnan|Substitute|p1a: d'Artagnan
|-start|p1a: d'Artagnan|Substitute
|-damage|p1a: d'Artagnan|159\/324
|
|-weather|Sandstorm|[upkeep]
|-damage|p1a: d'Artagnan|139\/324|[from] sandstorm
|-damage|p2a: Rotom-Wash|252\/304|[from] sandstorm
|-heal|p1a: d'Artagnan|159\/324|[from] item: Leftovers
|-heal|p2a: Rotom-Wash|271\/304|[from] item: Leftovers
|turn|9
|callback|decision
|
|move|p1a: d'Artagnan|Secret Sword|p2a: Rotom-Wash
|-damage|p2a: Rotom-Wash|1\/304
|move|p2a: Rotom-Wash|Volt Switch|p1a: d'Artagnan
|-supereffective|p1a: d'Artagnan
|-end|p1a: d'Artagnan|Substitute
|callback|decision
|
|switch|p2a: Breloom|Breloom, F|261\/261
|
|-weather|Sandstorm|[upkeep]
|-damage|p1a: d'Artagnan|139\/324|[from] sandstorm
|-damage|p2a: Breloom|245\/261|[from] sandstorm
|-heal|p1a: d'Artagnan|159\/324|[from] item: Leftovers
|turn|10
|callback|decision
|
|move|p2a: Breloom|Mach Punch|p1a: d'Artagnan
|-damage|p1a: d'Artagnan|11\/324
|-damage|p2a: Breloom|219\/261|[from] item: Life Orb
|move|p1a: d'Artagnan|Secret Sword|p2a: Breloom
|-damage|p2a: Breloom|0 fnt
|faint|p2a: Breloom
|
|-weather|Sandstorm|[upkeep]
|-damage|p1a: d'Artagnan|0 fnt|[from] sandstorm
|faint|p1a: d'Artagnan
|callback|decision
|
|switch|p1a: Chani|Jirachi|350\/373
|-damage|p1a: Chani|327\/373|[from] Stealth Rock
|switch|p2a: Gliscor|Gliscor, M|354\/354
|turn|11
|callback|decision
|
|move|p2a: Gliscor|Protect|p2a: Gliscor
|-singleturn|p2a: Gliscor|Protect
|move|p1a: Chani|Ice Punch|p2a: Gliscor
|-activate|p2a: Gliscor|Protect
|
|-weather|Sandstorm|[upkeep]
|-activate|p2a: Gliscor|item: Toxic Orb
|-status|p2a: Gliscor|tox
|turn|12
|callback|decision
|
|move|p1a: Chani|Ice Punch|p2a: Gliscor
|-supereffective|p2a: Gliscor
|-damage|p2a: Gliscor|142\/354 tox
|move|p2a: Gliscor|Earthquake|p1a: Chani
|-supereffective|p1a: Chani
|-damage|p1a: Chani|81\/373
|
|-weather|Sandstorm|[upkeep]
|-heal|p2a: Gliscor|186\/354 tox|[from] ability: Poison Heal
|turn|13
|callback|decision
|
|switch|p1a: Landorus|Landorus, M|333\/333
|-damage|p1a: Landorus|292\/333|[from] Stealth Rock
|move|p2a: Gliscor|Protect|p2a: Gliscor
|-fail|p2a: Gliscor
|
|-weather|Sandstorm|[upkeep]
|-heal|p2a: Gliscor|230\/354 tox|[from] ability: Poison Heal
|turn|14
|callback|decision
|
|move|p2a: Gliscor|Protect|p2a: Gliscor
|-singleturn|p2a: Gliscor|Protect
|move|p1a: Landorus|Rock Polish|p1a: Landorus
|-boost|p1a: Landorus|spe|2
|
|-weather|Sandstorm|[upkeep]
|-heal|p2a: Gliscor|274\/354 tox|[from] ability: Poison Heal
|turn|15
|callback|decision
|
|switch|p2a: Rotom-Wash|Rotom-Wash|1\/304
|move|p1a: Landorus|Hidden Power|p2a: Rotom-Wash
|-resisted|p2a: Rotom-Wash
|-damage|p2a: Rotom-Wash|0 fnt
|-damage|p1a: Landorus|259\/333|[from] item: Life Orb
|faint|p2a: Rotom-Wash
|
|-weather|Sandstorm|[upkeep]
|callback|decision
|
|switch|p2a: Keldeo|Keldeo|323\/323
|turn|16
|callback|decision
|
|move|p1a: Landorus|Psychic|p2a: Keldeo
|-supereffective|p2a: Keldeo
|-damage|p2a: Keldeo|0 fnt
|faint|p2a: Keldeo
|
|-weather|Sandstorm|[upkeep]
|callback|decision
|
|switch|p2a: Tyranitar|Tyranitar, M|404\/404
|turn|17
|callback|decision
|
|move|p1a: Landorus|Earth Power|p2a: Tyranitar
|-supereffective|p2a: Tyranitar
|-damage|p2a: Tyranitar|48\/404
|move|p2a: Tyranitar|Stone Edge|p1a: Landorus
|-damage|p1a: Landorus|0 fnt
|faint|p1a: Landorus
|
|-weather|Sandstorm|[upkeep]
|callback|decision
|
|switch|p1a: Dakuwaqa|Garchomp, M|358\/358
|-damage|p1a: Dakuwaqa|336\/358|[from] Stealth Rock
|turn|18
|callback|decision
|
|move|p1a: Dakuwaqa|Stealth Rock|p2a: Tyranitar
|-sidestart|p2: TheLastLASER|move: Stealth Rock
|move|p2a: Tyranitar|Stone Edge|p1a: Dakuwaqa
|-resisted|p1a: Dakuwaqa
|-damage|p1a: Dakuwaqa|188\/358
|
|-weather|Sandstorm|[upkeep]
|turn|19
|callback|decision
|
|move|p1a: Dakuwaqa|Earthquake|p2a: Tyranitar
|-supereffective|p2a: Tyranitar
|-damage|p2a: Tyranitar|0 fnt
|faint|p2a: Tyranitar
|
|-weather|Sandstorm|[upkeep]
|callback|decision
|
|switch|p2a: Gliscor|Gliscor, M|274\/354 tox
|-damage|p2a: Gliscor|230\/354 tox|[from] Stealth Rock
|turn|20
|callback|decision
|
|move|p2a: Gliscor|Protect|p2a: Gliscor
|-singleturn|p2a: Gliscor|Protect
|move|p1a: Dakuwaqa|Outrage|p2a: Gliscor
|-activate|p2a: Gliscor|Protect
|
|-weather|Sandstorm|[upkeep]
|-heal|p2a: Gliscor|274\/354 tox|[from] ability: Poison Heal
|turn|21
|callback|decision
|
|move|p1a: Dakuwaqa|Outrage|p2a: Gliscor
|-damage|p2a: Gliscor|139\/354 tox
|move|p2a: Gliscor|Toxic|p1a: Dakuwaqa
|-status|p1a: Dakuwaqa|tox
|
|-weather|Sandstorm|[upkeep]
|-damage|p1a: Dakuwaqa|166\/358 tox|[from] psn
|-heal|p2a: Gliscor|183\/354 tox|[from] ability: Poison Heal
|turn|22
|callback|decision
|
|move|p2a: Gliscor|Protect|p2a: Gliscor
|-singleturn|p2a: Gliscor|Protect
|move|p1a: Dakuwaqa|Outrage|p2a: Gliscor
|-activate|p2a: Gliscor|Protect
|
|-end|p1a: Dakuwaqa|rampage
|-start|p1a: Dakuwaqa|confusion
|-weather|Sandstorm|[upkeep]
|-damage|p1a: Dakuwaqa|122\/358 tox|[from] psn
|-heal|p2a: Gliscor|227\/354 tox|[from] ability: Poison Heal
|turn|23
|callback|decision
|
|-activate|p1a: Dakuwaqa|confusion
|move|p1a: Dakuwaqa|Outrage|p2a: Gliscor
|-damage|p2a: Gliscor|88\/354 tox
|move|p2a: Gliscor|Substitute|p2a: Gliscor
|-fail|p2a: Gliscor|move: Substitute|[weak]
|
|-weather|Sandstorm|[upkeep]
|-damage|p1a: Dakuwaqa|56\/358 tox|[from] psn
|-heal|p2a: Gliscor|132\/354 tox|[from] ability: Poison Heal
|turn|24
|callback|decision
|
|move|p2a: Gliscor|Protect|p2a: Gliscor
|-singleturn|p2a: Gliscor|Protect
|-activate|p1a: Dakuwaqa|confusion
|move|p1a: Dakuwaqa|Outrage|p2a: Gliscor
|-activate|p2a: Gliscor|Protect
|
|-weather|Sandstorm|[upkeep]
|-damage|p1a: Dakuwaqa|0 fnt|[from] psn
|-heal|p2a: Gliscor|176\/354 tox|[from] ability: Poison Heal
|faint|p1a: Dakuwaqa
|callback|decision
|
|switch|p1a: Dionysus|Celebi|320\/404
|-damage|p1a: Dionysus|270\/404|[from] Stealth Rock
|turn|25
|callback|decision
|
|move|p2a: Gliscor|Substitute|p2a: Gliscor
|-start|p2a: Gliscor|Substitute
|-damage|p2a: Gliscor|88\/354 tox
|move|p1a: Dionysus|Psychic|p2a: Gliscor
|-end|p2a: Gliscor|Substitute
|
|-weather|Sandstorm|[upkeep]
|-damage|p1a: Dionysus|245\/404|[from] sandstorm
|-heal|p1a: Dionysus|270\/404|[from] item: Leftovers
|-heal|p2a: Gliscor|132\/354 tox|[from] ability: Poison Heal
|turn|26
|callback|decision
|
|move|p2a: Gliscor|Earthquake|p1a: Dionysus
|-resisted|p1a: Dionysus
|-damage|p1a: Dionysus|219\/404
|move|p1a: Dionysus|Psychic|p2a: Gliscor
|-damage|p2a: Gliscor|0 fnt
|faint|p2a: Gliscor
|
|-weather|Sandstorm|[upkeep]
|-damage|p1a: Dionysus|194\/404|[from] sandstorm
|-heal|p1a: Dionysus|219\/404|[from] item: Leftovers
|callback|decision
|-message|TheLastLASER forfeited.
|
|win|Foop
|raw|Ladder updating...
|leave|TheLastLASER
|player|p2
|raw|Foop's rating: 2009 &rarr; <strong>2012<\/strong><br \/>(+3 for winning)
|raw|TheLastLASER's rating: 1859 &rarr; <strong>1856<\/strong><br \/>(-3 for losing)