|join|phage
|join|Foop
|player|p1|phage|25
|player|p2|Foop|102
|gametype|singles
|tier|OU (current)
|rated
|rule|Evasion Abilities Clause: Evasion abilities are banned
|clearpoke
|poke|p1|Breloom, M
|poke|p1|Garchomp, M
|poke|p1|Heatran, M
|poke|p1|Kyurem-Black
|poke|p1|Alakazam, M
|poke|p1|Salamence, M
|poke|p2|Tyranitar, M
|poke|p2|Landorus, M
|poke|p2|Garchomp, M
|poke|p2|Jirachi
|poke|p2|Keldeo
|poke|p2|Latios, M
|rule|Sleep Clause Mod: Limit one foe put to sleep
|rule|Species Clause: Limit one of each Pokemon
|rule|OHKO Clause: OHKO moves are banned
|rule|Moody Clause: Moody is banned
|rule|Evasion Moves Clause: Evasion moves are banned
|rule|HP Percentage Mod: HP is reported as percentages
|teampreview
|callback|decision
|
|start
|switch|p1a: Kyurem-Black|Kyurem-Black|454\/454
|switch|p2a: Chani|Jirachi|373\/373
|-ability|p1a: Kyurem-Black|Teravolt
|turn|1
|callback|decision
|
|switch|p1a: Heatran|Heatran, M|323\/323
|move|p2a: Chani|Iron Head|p1a: Heatran
|-resisted|p1a: Heatran
|-damage|p1a: Heatran|294\/323
|
|turn|2
|callback|decision
|
|switch|p2a: Dakuwaqa|Garchomp, M|358\/358
|move|p1a: Heatran|Stealth Rock|p2a: Dakuwaqa
|-sidestart|p2: Foop|move: Stealth Rock
|
|turn|3
|callback|decision
|
|move|p2a: Dakuwaqa|Stealth Rock|p1a: Heatran
|-sidestart|p1: phage|move: Stealth Rock
|move|p1a: Heatran|Hidden Power|p2a: Dakuwaqa
|-supereffective|p2a: Dakuwaqa
|-enditem|p2a: Dakuwaqa|Focus Sash
|-damage|p2a: Dakuwaqa|1\/358
|-damage|p1a: Heatran|262\/323|[from] item: Life Orb
|
|turn|4
|callback|decision
|
|switch|p1a: Salamence|Salamence, M|332\/332
|-damage|p1a: Salamence|249\/332|[from] Stealth Rock
|move|p2a: Dakuwaqa|Outrage|p1a: Salamence
|-supereffective|p1a: Salamence
|-damage|p1a: Salamence|0 fnt
|faint|p1a: Salamence
|
|callback|decision
|chat|phage|oooohhhh
|
|switch|p1a: Breloom|Breloom, M|262\/262
|-damage|p1a: Breloom|246\/262|[from] Stealth Rock
|turn|5
|callback|decision
|
|move|p1a: Breloom|Mach Punch|p2a: Dakuwaqa
|-damage|p2a: Dakuwaqa|0 fnt
|-damage|p1a: Breloom|214\/262|[from] ability: Rough Skin|[of] p2a: Dakuwaqa
|faint|p2a: Dakuwaqa
|
|-heal|p1a: Breloom|230\/262|[from] item: Leftovers
|callback|decision
|
|switch|p2a: Landorus|Landorus, M|341\/341
|-damage|p2a: Landorus|299\/341|[from] Stealth Rock
|turn|6
|callback|decision
|
|move|p2a: Landorus|Psychic|p1a: Breloom
|-supereffective|p1a: Breloom
|-damage|p1a: Breloom|0 fnt
|faint|p1a: Breloom
|
|callback|decision
|
|switch|p1a: Alakazam|Alakazam, M|252\/252
|turn|7
|callback|decision
|
|switch|p2a: Chani|Jirachi|373\/373
|-damage|p2a: Chani|350\/373|[from] Stealth Rock
|move|p1a: Alakazam|Hidden Power|p2a: Chani
|-resisted|p2a: Chani
|-damage|p2a: Chani|292\/373
|
|turn|8
|callback|decision
|
|switch|p1a: Heatran|Heatran, M|262\/323
|-damage|p1a: Heatran|222\/323|[from] Stealth Rock
|move|p2a: Chani|U-turn|p1a: Heatran
|-resisted|p1a: Heatran
|-damage|p1a: Heatran|205\/323
|callback|decision
|
|switch|p2a: Landorus|Landorus, M|299\/341
|-damage|p2a: Landorus|257\/341|[from] Stealth Rock
|
|turn|9
|callback|decision
|
|move|p2a: Landorus|Earth Power|p1a: Heatran
|-supereffective|p1a: Heatran
|-damage|p1a: Heatran|0 fnt
|faint|p1a: Heatran
|
|callback|decision
|
|switch|p1a: Kyurem-Black|Kyurem-Black|454\/454
|-damage|p1a: Kyurem-Black|341\/454|[from] Stealth Rock
|-ability|p1a: Kyurem-Black|Teravolt
|turn|10
|callback|decision
|
|move|p2a: Landorus|Earth Power|p1a: Kyurem-Black
|-damage|p1a: Kyurem-Black|121\/454
|move|p1a: Kyurem-Black|Substitute|p1a: Kyurem-Black
|-start|p1a: Kyurem-Black|Substitute
|-damage|p1a: Kyurem-Black|8\/454
|
|-heal|p1a: Kyurem-Black|36\/454|[from] item: Leftovers
|turn|11
|callback|decision
|
|move|p2a: Landorus|Earth Power|p1a: Kyurem-Black
|-end|p1a: Kyurem-Black|Substitute
|move|p1a: Kyurem-Black|Roost|p1a: Kyurem-Black
|-heal|p1a: Kyurem-Black|263\/454
|
|-heal|p1a: Kyurem-Black|291\/454|[from] item: Leftovers
|turn|12
|callback|decision
|
|move|p2a: Landorus|Earth Power|p1a: Kyurem-Black
|-damage|p1a: Kyurem-Black|71\/454
|move|p1a: Kyurem-Black|Dragon Tail|p2a: Landorus
|-damage|p2a: Landorus|134\/341
|drag|p2a: Meshugah|Tyranitar, M|386\/386
|-damage|p2a: Meshugah|338\/386|[from] Stealth Rock
|-weather|Sandstorm|[from] ability: Sand Stream|[of] p2a: Meshugah
|
|-weather|Sandstorm|[upkeep]
|-damage|p1a: Kyurem-Black|43\/454|[from] sandstorm
|-heal|p1a: Kyurem-Black|71\/454|[from] item: Leftovers
|turn|13
|callback|decision
|chat|phage|dude meshugah
|
|move|p2a: Meshugah|Crunch|p1a: Kyurem-Black
|-damage|p1a: Kyurem-Black|0 fnt
|faint|p1a: Kyurem-Black
|
|-weather|Sandstorm|[upkeep]
|callback|decision
|chat|phage|great band haha
|chat|phage|havent listened to them in forever..
|
|switch|p1a: Alakazam|Alakazam, M|252\/252
|turn|14
|callback|decision
|
|move|p1a: Alakazam|Focus Blast|p2a: Meshugah
|-supereffective|p2a: Meshugah
|-damage|p2a: Meshugah|0 fnt
|faint|p2a: Meshugah
|
|-weather|Sandstorm|[upkeep]
|callback|decision
|
|switch|p2a: Chani|Jirachi|292\/373
|-damage|p2a: Chani|269\/373|[from] Stealth Rock
|turn|15
|callback|decision
|
|move|p2a: Chani|U-turn|p1a: Alakazam
|-supereffective|p1a: Alakazam
|-damage|p1a: Alakazam|0 fnt
|faint|p1a: Alakazam
|callback|decision
|
|switch|p2a: Dionysus|Latios, M|301\/301
|-damage|p2a: Dionysus|264\/301|[from] Stealth Rock
|
|-weather|Sandstorm|[upkeep]
|-damage|p2a: Dionysus|246\/301|[from] sandstorm
|callback|decision
|
|switch|p1a: Garchomp|Garchomp, M|358\/358
|-damage|p1a: Garchomp|336\/358|[from] Stealth Rock
|turn|16
|callback|decision
|chat|phage|and some greek historical names
|chat|phage|lol
|
|move|p1a: Garchomp|Outrage|p2a: Dionysus
|-supereffective|p2a: Dionysus
|-damage|p2a: Dionysus|0 fnt
|faint|p2a: Dionysus
|
|-weather|Sandstorm|[upkeep]
|callback|decision
|
|switch|p2a: Chani|Jirachi|269\/373
|-damage|p2a: Chani|246\/373|[from] Stealth Rock
|turn|17
|callback|decision
|
|move|p1a: Garchomp|Outrage|p2a: Chani
|-resisted|p2a: Chani
|-damage|p2a: Chani|130\/373
|move|p2a: Chani|Ice Punch|p1a: Garchomp
|-supereffective|p1a: Garchomp
|-damage|p1a: Garchomp|4\/358
|-damage|p2a: Chani|84\/373|[from] ability: Rough Skin|[of] p1a: Garchomp
|
|-weather|Sandstorm|[upkeep]
|turn|18
|callback|decision
|
|move|p1a: Garchomp|Outrage|p2a: Chani
|-resisted|p2a: Chani
|-damage|p2a: Chani|0 fnt
|faint|p2a: Chani
|
|-end|p1a: Garchomp|rampage
|-start|p1a: Garchomp|confusion
|-weather|Sandstorm|[upkeep]
|callback|decision
|chat|phage|lets see if i can pull off this win
|chat|phage|haha
|
|switch|p2a: d'Artagnan|Keldeo|324\/324
|-damage|p2a: d'Artagnan|304\/324|[from] Stealth Rock
|turn|19
|callback|decision
|chat|phage|your pony scarfed?
|
|-activate|p1a: Garchomp|confusion
|move|p1a: Garchomp|Outrage|p2a: d'Artagnan
|-damage|p2a: d'Artagnan|88\/324
|move|p2a: d'Artagnan|Secret Sword|p1a: Garchomp
|-damage|p1a: Garchomp|0 fnt
|faint|p1a: Garchomp
|
|win|Foop
|raw|Ladder updating...
|raw|phage's rating: 1758 &rarr; <strong>1753<\/strong><br \/>(-5 for losing)
|raw|Foop's rating: 1921 &rarr; <strong>1927<\/strong><br \/>(+6 for winning)
|chat|phage|damn
|chat|phage|lol
|chat|phage|gg
|leave|phage
|player|p1