|join|Foop
|join|MJS252
|player|p1|Foop|170
|player|p2|MJS252|7
|gametype|singles
|tier|OU (current)
|rated
|rule|Evasion Abilities Clause: Evasion abilities are banned
|clearpoke
|poke|p1|Tyranitar, F
|poke|p1|Landorus, M
|poke|p1|Garchomp, F
|poke|p1|Jirachi
|poke|p1|Keldeo
|poke|p1|Latias, F
|poke|p2|Scizor, M
|poke|p2|Illumise, F
|poke|p2|Forretress, F
|poke|p2|Venomoth, M
|poke|p2|Yanmega, M
|poke|p2|Volbeat, M
|rule|Sleep Clause Mod: Limit one foe put to sleep
|rule|Species Clause: Limit one of each Pokemon
|rule|OHKO Clause: OHKO moves are banned
|rule|Moody Clause: Moody is banned
|rule|Evasion Moves Clause: Evasion moves are banned
|rule|HP Percentage Mod: HP is reported as percentages
|teampreview
|callback|decision
|
|start
|switch|p1a: Chani|Jirachi|341\/341
|switch|p2a: Forretress|Forretress, F|260\/260
|turn|1
|callback|decision
|
|move|p1a: Chani|U-turn|p2a: Forretress
|-resisted|p2a: Forretress
|-damage|p2a: Forretress|228\/260
|callback|decision
|
|switch|p1a: Dakuwaqa|Garchomp, F|358\/358
|move|p2a: Forretress|Stealth Rock|p1a: Dakuwaqa
|-sidestart|p1: Foop|move: Stealth Rock
|
|turn|2
|callback|decision
|
|move|p1a: Dakuwaqa|Stealth Rock|p2a: Forretress
|-sidestart|p2: MJS252|move: Stealth Rock
|move|p2a: Forretress|Explosion|p1a: Dakuwaqa
|-damage|p1a: Dakuwaqa|75\/358
|faint|p2a: Forretress
|
|callback|decision
|
|switch|p2a: Volbeat|Volbeat, M|333\/333
|-damage|p2a: Volbeat|250\/333|[from] Stealth Rock
|turn|3
|callback|decision
|
|move|p2a: Volbeat|Encore|p1a: Dakuwaqa
|-start|p1a: Dakuwaqa|Encore
|move|p1a: Dakuwaqa|Stealth Rock|p2a: Volbeat
|-fail|p2a: Volbeat
|
|-heal|p2a: Volbeat|270\/333|[from] item: Leftovers
|turn|4
|callback|decision
|
|switch|p1a: Meshugah|Tyranitar, F|386\/386
|-damage|p1a: Meshugah|338\/386|[from] Stealth Rock
|-weather|Sandstorm|[from] ability: Sand Stream|[of] p1a: Meshugah
|move|p2a: Volbeat|Substitute|p2a: Volbeat
|-start|p2a: Volbeat|Substitute
|-damage|p2a: Volbeat|187\/333
|
|-weather|Sandstorm|[upkeep]
|-damage|p2a: Volbeat|167\/333|[from] sandstorm
|-heal|p2a: Volbeat|187\/333|[from] item: Leftovers
|turn|5
|callback|decision
|
|move|p2a: Volbeat|Tail Glow|p2a: Volbeat
|-boost|p2a: Volbeat|spa|3
|move|p1a: Meshugah|Crunch|p2a: Volbeat
|-end|p2a: Volbeat|Substitute
|
|-weather|Sandstorm|[upkeep]
|-damage|p2a: Volbeat|167\/333|[from] sandstorm
|-heal|p2a: Volbeat|187\/333|[from] item: Leftovers
|turn|6
|callback|decision
|
|move|p2a: Volbeat|Baton Pass|p2a: Volbeat
|callback|decision
|
|switch|p2a: Scizor|Scizor, M|344\/344
|-damage|p2a: Scizor|301\/344|[from] Stealth Rock
|move|p1a: Meshugah|Crunch|p2a: Scizor
|-resisted|p2a: Scizor
|-damage|p2a: Scizor|172\/344
|
|-weather|Sandstorm|[upkeep]
|-heal|p2a: Scizor|193\/344|[from] item: Leftovers
|turn|7
|callback|decision
|
|switch|p1a: Dakuwaqa|Garchomp, F|75\/358
|-damage|p1a: Dakuwaqa|53\/358|[from] Stealth Rock
|move|p2a: Scizor|Iron Defense|p2a: Scizor
|-boost|p2a: Scizor|def|2
|
|-weather|Sandstorm|[upkeep]
|-heal|p2a: Scizor|214\/344|[from] item: Leftovers
|turn|8
|callback|decision
|
|move|p1a: Dakuwaqa|Fire Blast|p2a: Scizor|[miss]
|-miss|p1a: Dakuwaqa|p2a: Scizor
|move|p2a: Scizor|Substitute|p2a: Scizor
|-start|p2a: Scizor|Substitute
|-damage|p2a: Scizor|128\/344
|
|-weather|Sandstorm|[upkeep]
|-heal|p2a: Scizor|149\/344|[from] item: Leftovers
|turn|9
|callback|decision
|
|move|p1a: Dakuwaqa|Earthquake|p2a: Scizor
|-activate|p2a: Scizor|Substitute|[damage]
|move|p2a: Scizor|Baton Pass|p2a: Scizor
|callback|decision
|
|switch|p2a: Venomoth|Venomoth, M|282\/282
|-damage|p2a: Venomoth|212\/282|[from] Stealth Rock
|
|-weather|Sandstorm|[upkeep]
|-damage|p2a: Venomoth|195\/282|[from] sandstorm
|-heal|p2a: Venomoth|212\/282|[from] item: Black Sludge
|turn|10
|callback|decision
|
|move|p1a: Dakuwaqa|Fire Blast|p2a: Venomoth|[miss]
|-miss|p1a: Dakuwaqa|p2a: Venomoth
|move|p2a: Venomoth|Sleep Powder|p1a: Dakuwaqa
|-status|p1a: Dakuwaqa|slp
|
|-weather|Sandstorm|[upkeep]
|-damage|p2a: Venomoth|195\/282|[from] sandstorm
|-heal|p2a: Venomoth|212\/282|[from] item: Black Sludge
|turn|11
|callback|decision
|
|switch|p1a: Chani|Jirachi|341\/341
|-damage|p1a: Chani|320\/341|[from] Stealth Rock
|move|p2a: Venomoth|Quiver Dance|p2a: Venomoth
|-boost|p2a: Venomoth|spa|1
|-boost|p2a: Venomoth|spd|1
|-boost|p2a: Venomoth|spe|1
|
|-weather|Sandstorm|[upkeep]
|-damage|p2a: Venomoth|195\/282|[from] sandstorm
|-heal|p2a: Venomoth|212\/282|[from] item: Black Sludge
|turn|12
|callback|decision
|
|move|p2a: Venomoth|Quiver Dance|p2a: Venomoth
|-boost|p2a: Venomoth|spa|1
|-boost|p2a: Venomoth|spd|1
|-boost|p2a: Venomoth|spe|1
|move|p1a: Chani|Iron Head|p2a: Venomoth
|-end|p2a: Venomoth|Substitute
|
|-weather|Sandstorm|[upkeep]
|-damage|p2a: Venomoth|195\/282|[from] sandstorm
|-heal|p2a: Venomoth|212\/282|[from] item: Black Sludge
|turn|13
|callback|decision
|
|move|p2a: Venomoth|Disable|p1a: Chani
|-start|p1a: Chani|Disable|Iron Head
|cant|p1a: Chani|Disable|Iron Head
|
|-weather|Sandstorm|[upkeep]
|-damage|p2a: Venomoth|195\/282|[from] sandstorm
|-heal|p2a: Venomoth|212\/282|[from] item: Black Sludge
|turn|14
|callback|decision
|
|switch|p1a: Landorus|Landorus, M|333\/333
|-damage|p1a: Landorus|292\/333|[from] Stealth Rock
|move|p2a: Venomoth|Quiver Dance|p2a: Venomoth
|-boost|p2a: Venomoth|spa|1
|-boost|p2a: Venomoth|spd|1
|-boost|p2a: Venomoth|spe|1
|
|-weather|Sandstorm|[upkeep]
|-damage|p2a: Venomoth|195\/282|[from] sandstorm
|-heal|p2a: Venomoth|212\/282|[from] item: Black Sludge
|turn|15
|callback|decision
|
|move|p2a: Venomoth|Baton Pass|p2a: Venomoth
|callback|decision
|
|switch|p2a: Yanmega|Yanmega, M|314\/314
|-damage|p2a: Yanmega|157\/314|[from] Stealth Rock
|move|p1a: Landorus|Rock Polish|p1a: Landorus
|-boost|p1a: Landorus|spe|2
|
|-weather|Sandstorm|[upkeep]
|-damage|p2a: Yanmega|138\/314|[from] sandstorm
|turn|16
|callback|decision
|
|move|p2a: Yanmega|Giga Drain|p1a: Landorus
|-damage|p1a: Landorus|0 fnt
|-heal|p2a: Yanmega|284\/314|[from] drain|[of] p1a: Landorus
|faint|p1a: Landorus
|
|-weather|Sandstorm|[upkeep]
|-damage|p2a: Yanmega|265\/314|[from] sandstorm
|-boost|p2a: Yanmega|spe|1|[from] ability: Speed Boost
|callback|decision
|
|switch|p1a: Chani|Jirachi|320\/341
|-damage|p1a: Chani|299\/341|[from] Stealth Rock
|turn|17
|callback|decision
|
|move|p2a: Yanmega|Bug Buzz|p1a: Chani
|-damage|p1a: Chani|0 fnt
|faint|p1a: Chani
|
|-weather|Sandstorm|[upkeep]
|-damage|p2a: Yanmega|246\/314|[from] sandstorm
|-boost|p2a: Yanmega|spe|1|[from] ability: Speed Boost
|callback|decision
|chat|Foop|this fucking game
|chat|MJS252|lol
|chat|Foop|2 misses
|chat|Foop|fuck
|-message|Foop forfeited.
|
|win|MJS252
|raw|Ladder updating...
|leave|Foop
|player|p1
|raw|Foop's rating: 2004 &rarr; <strong>1995<\/strong><br \/>(-9 for losing)
|raw|MJS252's rating: 1613 &rarr; <strong>1633<\/strong><br \/>(+20 for winning)