|join|Foop
|join|TPP Aires.
|player|p1|Foop|170
|player|p2|TPP Aires.|269
|gametype|singles
|tier|OU (current)
|rated
|rule|Evasion Abilities Clause: Evasion abilities are banned
|clearpoke
|poke|p1|Tyranitar, M
|poke|p1|Landorus, M
|poke|p1|Garchomp, M
|poke|p1|Jirachi
|poke|p1|Keldeo
|poke|p1|Latias, F
|poke|p2|Thundurus-Therian, M
|poke|p2|Politoed, M
|poke|p2|Cresselia, F
|poke|p2|Dragonite, M
|poke|p2|Ferrothorn, F
|poke|p2|Keldeo-Resolute
|rule|Sleep Clause Mod: Limit one foe put to sleep
|rule|Species Clause: Limit one of each Pokemon
|rule|OHKO Clause: OHKO moves are banned
|rule|Moody Clause: Moody is banned
|rule|Evasion Moves Clause: Evasion moves are banned
|rule|HP Percentage Mod: HP is reported as percentages
|teampreview
|callback|decision
|
|start
|switch|p1a: Dakuwaqa|Garchomp, M|358\/358
|switch|p2a: Politoed|Politoed, M|384\/384
|-weather|RainDance|[from] ability: Drizzle|[of] p2a: Politoed
|turn|1
|callback|decision
|
|move|p1a: Dakuwaqa|Stealth Rock|p2a: Politoed
|-sidestart|p2: TPP Aires.|move: Stealth Rock
|move|p2a: Politoed|Ice Beam|p1a: Dakuwaqa
|-supereffective|p1a: Dakuwaqa
|-damage|p1a: Dakuwaqa|26\/358
|
|-weather|RainDance|[upkeep]
|turn|2
|callback|decision
|
|switch|p1a: Meshugah|Tyranitar, M|386\/386
|-weather|Sandstorm|[from] ability: Sand Stream|[of] p1a: Meshugah
|move|p2a: Politoed|Scald|p1a: Meshugah
|-supereffective|p1a: Meshugah
|-damage|p1a: Meshugah|272\/386
|-status|p1a: Meshugah|brn
|
|-weather|Sandstorm|[upkeep]
|-damage|p2a: Politoed|360\/384|[from] sandstorm
|-heal|p2a: Politoed|384\/384|[from] item: Leftovers
|-damage|p1a: Meshugah|224\/386 brn|[from] brn
|turn|3
|callback|decision
|
|move|p2a: Politoed|Protect|p2a: Politoed
|-singleturn|p2a: Politoed|Protect
|move|p1a: Meshugah|Pursuit|p2a: Politoed
|-activate|p2a: Politoed|Protect
|
|-weather|Sandstorm|[upkeep]
|-damage|p2a: Politoed|360\/384|[from] sandstorm
|-heal|p2a: Politoed|384\/384|[from] item: Leftovers
|-damage|p1a: Meshugah|176\/386 brn|[from] brn
|turn|4
|callback|decision
|
|switch|p1a: d'Artagnan|Keldeo|324\/324
|move|p2a: Politoed|Scald|p1a: d'Artagnan
|-resisted|p1a: d'Artagnan
|-damage|p1a: d'Artagnan|274\/324
|
|-weather|Sandstorm|[upkeep]
|-damage|p1a: d'Artagnan|254\/324|[from] sandstorm
|-damage|p2a: Politoed|360\/384|[from] sandstorm
|-heal|p1a: d'Artagnan|274\/324|[from] item: Leftovers
|-heal|p2a: Politoed|384\/384|[from] item: Leftovers
|turn|5
|callback|decision
|
|switch|p2a: Cresselia|Cresselia, F|424\/424
|-damage|p2a: Cresselia|371\/424|[from] Stealth Rock
|move|p1a: d'Artagnan|Calm Mind|p1a: d'Artagnan
|-boost|p1a: d'Artagnan|spa|1
|-boost|p1a: d'Artagnan|spd|1
|
|-weather|Sandstorm|[upkeep]
|-damage|p1a: d'Artagnan|254\/324|[from] sandstorm
|-damage|p2a: Cresselia|345\/424|[from] sandstorm
|-heal|p1a: d'Artagnan|274\/324|[from] item: Leftovers
|-heal|p2a: Cresselia|371\/424|[from] item: Leftovers
|turn|6
|callback|decision
|
|move|p1a: d'Artagnan|Hydro Pump|p2a: Cresselia
|-damage|p2a: Cresselia|190\/424
|move|p2a: Cresselia|Psyshock|p1a: d'Artagnan
|-supereffective|p1a: d'Artagnan
|-damage|p1a: d'Artagnan|118\/324
|
|-weather|Sandstorm|[upkeep]
|-damage|p1a: d'Artagnan|98\/324|[from] sandstorm
|-damage|p2a: Cresselia|164\/424|[from] sandstorm
|-heal|p1a: d'Artagnan|118\/324|[from] item: Leftovers
|-heal|p2a: Cresselia|190\/424|[from] item: Leftovers
|turn|7
|callback|decision
|
|move|p1a: d'Artagnan|Hydro Pump|p2a: Cresselia
|-damage|p2a: Cresselia|0 fnt
|faint|p2a: Cresselia
|
|-weather|Sandstorm|[upkeep]
|-damage|p1a: d'Artagnan|98\/324|[from] sandstorm
|-heal|p1a: d'Artagnan|118\/324|[from] item: Leftovers
|callback|decision
|
|switch|p2a: Dragonite|Dragonite, M|386\/386
|-damage|p2a: Dragonite|290\/386|[from] Stealth Rock
|turn|8
|callback|decision
|
|move|p2a: Dragonite|ExtremeSpeed|p1a: d'Artagnan
|-damage|p1a: d'Artagnan|0 fnt
|faint|p1a: d'Artagnan
|
|-weather|Sandstorm|[upkeep]
|-damage|p2a: Dragonite|266\/386|[from] sandstorm
|callback|decision
|
|switch|p1a: Chani|Jirachi|373\/373
|turn|9
|callback|decision
|
|switch|p2a: Politoed|Politoed, M|384\/384
|-damage|p2a: Politoed|336\/384|[from] Stealth Rock
|-weather|RainDance|[from] ability: Drizzle|[of] p2a: Politoed
|move|p1a: Chani|U-turn|p2a: Politoed
|-damage|p2a: Politoed|268\/384
|callback|decision
|
|switch|p1a: Landorus|Landorus, M|333\/333
|
|-weather|RainDance|[upkeep]
|-heal|p2a: Politoed|292\/384|[from] item: Leftovers
|turn|10
|callback|decision
|
|move|p2a: Politoed|Protect|p2a: Politoed
|-singleturn|p2a: Politoed|Protect
|move|p1a: Landorus|Earth Power|p2a: Politoed
|-activate|p2a: Politoed|Protect
|
|-weather|RainDance|[upkeep]
|-heal|p2a: Politoed|316\/384|[from] item: Leftovers
|turn|11
|callback|decision
|
|move|p1a: Landorus|Psychic|p2a: Politoed
|-damage|p2a: Politoed|129\/384
|move|p2a: Politoed|Ice Beam|p1a: Landorus
|-supereffective|p1a: Landorus
|-damage|p1a: Landorus|9\/333
|-status|p1a: Landorus|frz
|
|-weather|RainDance|[upkeep]
|-heal|p2a: Politoed|153\/384|[from] item: Leftovers
|turn|12
|callback|decision
|
|cant|p1a: Landorus|frz
|move|p2a: Politoed|Scald|p1a: Landorus
|-crit|p1a: Landorus
|-supereffective|p1a: Landorus
|-damage|p1a: Landorus|0 fnt
|faint|p1a: Landorus
|
|-weather|RainDance|[upkeep]
|-heal|p2a: Politoed|177\/384|[from] item: Leftovers
|callback|decision
|
|switch|p1a: Dionysus|Latias, F|364\/364
|turn|13
|callback|decision
|
|switch|p2a: Ferrothorn|Ferrothorn, F|352\/352
|-damage|p2a: Ferrothorn|330\/352|[from] Stealth Rock
|move|p1a: Dionysus|Calm Mind|p1a: Dionysus
|-boost|p1a: Dionysus|spa|1
|-boost|p1a: Dionysus|spd|1
|
|-weather|RainDance|[upkeep]
|-heal|p2a: Ferrothorn|352\/352|[from] item: Leftovers
|turn|14
|callback|decision
|
|move|p1a: Dionysus|Substitute|p1a: Dionysus
|-start|p1a: Dionysus|Substitute
|-damage|p1a: Dionysus|273\/364
|move|p2a: Ferrothorn|Leech Seed|p1a: Dionysus
|
|-weather|RainDance|[upkeep]
|-heal|p1a: Dionysus|295\/364|[from] item: Leftovers
|turn|15
|callback|decision
|
|move|p1a: Dionysus|Calm Mind|p1a: Dionysus
|-boost|p1a: Dionysus|spa|1
|-boost|p1a: Dionysus|spd|1
|move|p2a: Ferrothorn|Gyro Ball|p1a: Dionysus
|-end|p1a: Dionysus|Substitute
|
|-weather|RainDance|[upkeep]
|-heal|p1a: Dionysus|317\/364|[from] item: Leftovers
|turn|16
|callback|decision
|
|move|p1a: Dionysus|Substitute|p1a: Dionysus
|-start|p1a: Dionysus|Substitute
|-damage|p1a: Dionysus|226\/364
|move|p2a: Ferrothorn|Gyro Ball|p1a: Dionysus
|-end|p1a: Dionysus|Substitute
|
|-weather|RainDance|[upkeep]
|-heal|p1a: Dionysus|248\/364|[from] item: Leftovers
|turn|17
|callback|decision
|
|move|p1a: Dionysus|Substitute|p1a: Dionysus
|-start|p1a: Dionysus|Substitute
|-damage|p1a: Dionysus|157\/364
|move|p2a: Ferrothorn|Gyro Ball|p1a: Dionysus
|-end|p1a: Dionysus|Substitute
|
|-weather|RainDance|[upkeep]
|-heal|p1a: Dionysus|179\/364|[from] item: Leftovers
|turn|18
|callback|decision
|
|move|p1a: Dionysus|Substitute|p1a: Dionysus
|-start|p1a: Dionysus|Substitute
|-damage|p1a: Dionysus|88\/364
|move|p2a: Ferrothorn|Gyro Ball|p1a: Dionysus
|-end|p1a: Dionysus|Substitute
|
|-weather|RainDance|[upkeep]
|-heal|p1a: Dionysus|110\/364|[from] item: Leftovers
|turn|19
|callback|decision
|
|move|p1a: Dionysus|Recover|p1a: Dionysus
|-heal|p1a: Dionysus|292\/364
|move|p2a: Ferrothorn|Gyro Ball|p1a: Dionysus
|-damage|p1a: Dionysus|103\/364
|
|-weather|RainDance|[upkeep]
|-heal|p1a: Dionysus|125\/364|[from] item: Leftovers
|turn|20
|callback|decision
|
|move|p1a: Dionysus|Substitute|p1a: Dionysus
|-start|p1a: Dionysus|Substitute
|-damage|p1a: Dionysus|34\/364
|move|p2a: Ferrothorn|Leech Seed|p1a: Dionysus
|
|-weather|RainDance|[upkeep]
|-heal|p1a: Dionysus|56\/364|[from] item: Leftovers
|turn|21
|callback|decision
|
|move|p1a: Dionysus|Recover|p1a: Dionysus
|-heal|p1a: Dionysus|238\/364
|move|p2a: Ferrothorn|Gyro Ball|p1a: Dionysus
|-end|p1a: Dionysus|Substitute
|
|-weather|RainDance|[upkeep]
|-heal|p1a: Dionysus|260\/364|[from] item: Leftovers
|turn|22
|callback|decision
|
|move|p1a: Dionysus|Substitute|p1a: Dionysus
|-start|p1a: Dionysus|Substitute
|-damage|p1a: Dionysus|169\/364
|move|p2a: Ferrothorn|Power Whip|p1a: Dionysus
|-resisted|p1a: Dionysus
|-activate|p1a: Dionysus|Substitute|[damage]
|
|-weather|RainDance|[upkeep]
|-heal|p1a: Dionysus|191\/364|[from] item: Leftovers
|turn|23
|callback|decision
|
|move|p1a: Dionysus|Calm Mind|p1a: Dionysus
|-boost|p1a: Dionysus|spa|1
|-boost|p1a: Dionysus|spd|1
|move|p2a: Ferrothorn|Power Whip|p1a: Dionysus
|-resisted|p1a: Dionysus
|-end|p1a: Dionysus|Substitute
|
|-weather|RainDance|[upkeep]
|-heal|p1a: Dionysus|213\/364|[from] item: Leftovers
|turn|24
|callback|decision
|
|move|p1a: Dionysus|Substitute|p1a: Dionysus
|-start|p1a: Dionysus|Substitute
|-damage|p1a: Dionysus|122\/364
|move|p2a: Ferrothorn|Gyro Ball|p1a: Dionysus
|-end|p1a: Dionysus|Substitute
|
|-weather|RainDance|[upkeep]
|-heal|p1a: Dionysus|144\/364|[from] item: Leftovers
|turn|25
|callback|decision
|
|move|p1a: Dionysus|Substitute|p1a: Dionysus
|-start|p1a: Dionysus|Substitute
|-damage|p1a: Dionysus|53\/364
|move|p2a: Ferrothorn|Gyro Ball|p1a: Dionysus
|-end|p1a: Dionysus|Substitute
|
|-weather|RainDance|[upkeep]
|-heal|p1a: Dionysus|75\/364|[from] item: Leftovers
|turn|26
|callback|decision
|
|move|p1a: Dionysus|Recover|p1a: Dionysus
|-heal|p1a: Dionysus|257\/364
|move|p2a: Ferrothorn|Leech Seed|p1a: Dionysus
|-start|p1a: Dionysus|move: Leech Seed
|
|-weather|RainDance|[upkeep]
|-heal|p1a: Dionysus|279\/364|[from] item: Leftovers
|-damage|p1a: Dionysus|234\/364|[from] Leech Seed|[of] p2a: Ferrothorn
|turn|27
|callback|decision
|
|move|p1a: Dionysus|Calm Mind|p1a: Dionysus
|-boost|p1a: Dionysus|spa|1
|-boost|p1a: Dionysus|spd|1
|move|p2a: Ferrothorn|Power Whip|p1a: Dionysus
|-crit|p1a: Dionysus
|-resisted|p1a: Dionysus
|-damage|p1a: Dionysus|76\/364
|
|-weather|RainDance|[upkeep]
|-heal|p1a: Dionysus|98\/364|[from] item: Leftovers
|-damage|p1a: Dionysus|53\/364|[from] Leech Seed|[of] p2a: Ferrothorn
|turn|28
|callback|decision
|
|move|p1a: Dionysus|Recover|p1a: Dionysus
|-heal|p1a: Dionysus|235\/364
|move|p2a: Ferrothorn|Power Whip|p1a: Dionysus
|-resisted|p1a: Dionysus
|-damage|p1a: Dionysus|157\/364
|
|-weather|RainDance|[upkeep]
|-heal|p1a: Dionysus|179\/364|[from] item: Leftovers
|-damage|p1a: Dionysus|134\/364|[from] Leech Seed|[of] p2a: Ferrothorn
|turn|29
|callback|decision
|
|move|p1a: Dionysus|Recover|p1a: Dionysus
|-heal|p1a: Dionysus|316\/364
|move|p2a: Ferrothorn|Power Whip|p1a: Dionysus
|-resisted|p1a: Dionysus
|-damage|p1a: Dionysus|249\/364
|
|-weather|RainDance|[upkeep]
|-heal|p1a: Dionysus|271\/364|[from] item: Leftovers
|-damage|p1a: Dionysus|226\/364|[from] Leech Seed|[of] p2a: Ferrothorn
|turn|30
|callback|decision
|
|switch|p1a: Dakuwaqa|Garchomp, M|26\/358
|switch|p2a: Keldeo-Resolute|Keldeo-Resolute|324\/324
|-damage|p2a: Keldeo-Resolute|304\/324|[from] Stealth Rock
|
|-weather|RainDance|[upkeep]
|turn|31
|callback|decision
|
|move|p2a: Keldeo-Resolute|Surf|p1a: Dakuwaqa
|-damage|p1a: Dakuwaqa|0 fnt
|faint|p1a: Dakuwaqa
|
|-weather|RainDance|[upkeep]
|callback|decision
|
|switch|p1a: Dionysus|Latias, F|226\/364
|turn|32
|callback|decision
|
|move|p2a: Keldeo-Resolute|Surf|p1a: Dionysus
|-resisted|p1a: Dionysus
|-damage|p1a: Dionysus|122\/364
|move|p1a: Dionysus|Calm Mind|p1a: Dionysus
|-boost|p1a: Dionysus|spa|1
|-boost|p1a: Dionysus|spd|1
|
|-weather|RainDance|[upkeep]
|-heal|p1a: Dionysus|144\/364|[from] item: Leftovers
|turn|33
|callback|decision
|
|switch|p2a: Dragonite|Dragonite, M|266\/386
|-damage|p2a: Dragonite|170\/386|[from] Stealth Rock
|move|p1a: Dionysus|Recover|p1a: Dionysus
|-heal|p1a: Dionysus|326\/364
|
|-weather|RainDance|[upkeep]
|-heal|p1a: Dionysus|348\/364|[from] item: Leftovers
|turn|34
|callback|decision
|
|move|p2a: Dragonite|ExtremeSpeed|p1a: Dionysus
|-damage|p1a: Dionysus|173\/364
|move|p1a: Dionysus|Dragon Pulse|p2a: Dragonite
|-supereffective|p2a: Dragonite
|-damage|p2a: Dragonite|0 fnt
|faint|p2a: Dragonite
|
|-weather|RainDance|[upkeep]
|-heal|p1a: Dionysus|195\/364|[from] item: Leftovers
|callback|decision
|
|switch|p2a: Keldeo-Resolute|Keldeo-Resolute|304\/324
|-damage|p2a: Keldeo-Resolute|284\/324|[from] Stealth Rock
|turn|35
|callback|decision
|
|move|p2a: Keldeo-Resolute|Icy Wind|p1a: Dionysus
|-supereffective|p1a: Dionysus
|-damage|p1a: Dionysus|117\/364
|-unboost|p1a: Dionysus|spe|1
|move|p1a: Dionysus|Recover|p1a: Dionysus
|-heal|p1a: Dionysus|299\/364
|
|-weather|RainDance|[upkeep]
|-heal|p1a: Dionysus|321\/364|[from] item: Leftovers
|turn|36
|callback|decision
|
|move|p2a: Keldeo-Resolute|Icy Wind|p1a: Dionysus
|-supereffective|p1a: Dionysus
|-damage|p1a: Dionysus|249\/364
|-unboost|p1a: Dionysus|spe|1
|move|p1a: Dionysus|Substitute|p1a: Dionysus
|-start|p1a: Dionysus|Substitute
|-damage|p1a: Dionysus|158\/364
|
|-weather|RainDance|[upkeep]
|-heal|p1a: Dionysus|180\/364|[from] item: Leftovers
|turn|37
|callback|decision
|
|move|p2a: Keldeo-Resolute|Icy Wind|p1a: Dionysus
|-supereffective|p1a: Dionysus
|-activate|p1a: Dionysus|Substitute|[damage]
|move|p1a: Dionysus|Calm Mind|p1a: Dionysus
|-boost|p1a: Dionysus|spa|1
|-boost|p1a: Dionysus|spd|1
|
|-weather|RainDance|[upkeep]
|-heal|p1a: Dionysus|202\/364|[from] item: Leftovers
|turn|38
|callback|decision
|
|move|p2a: Keldeo-Resolute|Icy Wind|p1a: Dionysus
|-supereffective|p1a: Dionysus
|-end|p1a: Dionysus|Substitute
|move|p1a: Dionysus|Substitute|p1a: Dionysus
|-start|p1a: Dionysus|Substitute
|-damage|p1a: Dionysus|111\/364
|
|-weather|RainDance|[upkeep]
|-heal|p1a: Dionysus|133\/364|[from] item: Leftovers
|turn|39
|callback|decision
|
|move|p2a: Keldeo-Resolute|Icy Wind|p1a: Dionysus
|-supereffective|p1a: Dionysus
|-activate|p1a: Dionysus|Substitute|[damage]
|move|p1a: Dionysus|Calm Mind|p1a: Dionysus
|-boost|p1a: Dionysus|spa|1
|-boost|p1a: Dionysus|spd|1
|
|-weather|RainDance|[upkeep]
|-heal|p1a: Dionysus|155\/364|[from] item: Leftovers
|turn|40
|callback|decision
|-message|TPP Aires. forfeited.
|
|win|Foop
|raw|Ladder updating...
|leave|TPP Aires.
|player|p2
|raw|Foop's rating: 2010 &rarr; <strong>2012<\/strong><br \/>(+2 for winning)
|raw|TPP Aires.'s rating: 1694 &rarr; <strong>1693<\/strong><br \/>(-1 for losing)