|join|pbubz3
|join|Foop
|player|p1|pbubz3|34
|player|p2|Foop|2
|gametype|singles
|tier|OU (current)
|rated
|rule|Evasion Abilities Clause: Evasion abilities are banned
|clearpoke
|poke|p1|Blissey, F
|poke|p1|Slowbro, F
|poke|p1|Zapdos
|poke|p1|Amoonguss, F
|poke|p1|Forretress, F
|poke|p1|Tyranitar, M
|poke|p2|Tyranitar, F
|poke|p2|Landorus, M
|poke|p2|Garchomp, F
|poke|p2|Jirachi
|poke|p2|Keldeo
|poke|p2|Latios, M
|rule|Sleep Clause Mod: Limit one foe put to sleep
|rule|Species Clause: Limit one of each Pokemon
|rule|OHKO Clause: OHKO moves are banned
|rule|Moody Clause: Moody is banned
|rule|Evasion Moves Clause: Evasion moves are banned
|rule|HP Percentage Mod: HP is reported as percentages
|teampreview
|callback|decision
|
|start
|switch|p1a: Tyranitar|Tyranitar, M|375\/375
|switch|p2a: Dakuwaqa|Garchomp, F|358\/358
|-weather|Sandstorm|[from] ability: Sand Stream|[of] p1a: Tyranitar
|turn|1
|callback|decision
|
|switch|p1a: Slowbro|Slowbro, F|394\/394
|move|p2a: Dakuwaqa|Stealth Rock|p1a: Slowbro
|-sidestart|p1: pbubz3|move: Stealth Rock
|
|-weather|Sandstorm|[upkeep]
|-damage|p1a: Slowbro|370\/394|[from] sandstorm
|-heal|p1a: Slowbro|394\/394|[from] item: Leftovers
|turn|2
|callback|decision
|
|switch|p2a: Meshugah|Tyranitar, F|386\/386
|move|p1a: Slowbro|Scald|p2a: Meshugah
|-supereffective|p2a: Meshugah
|-damage|p2a: Meshugah|270\/386
|
|-weather|Sandstorm|[upkeep]
|-damage|p1a: Slowbro|370\/394|[from] sandstorm
|-heal|p1a: Slowbro|394\/394|[from] item: Leftovers
|turn|3
|callback|decision
|
|switch|p1a: Forretress|Forretress, F|354\/354
|-damage|p1a: Forretress|310\/354|[from] Stealth Rock
|move|p2a: Meshugah|Crunch|p1a: Forretress
|-resisted|p1a: Forretress
|-damage|p1a: Forretress|238\/354
|
|-weather|Sandstorm|[upkeep]
|-heal|p1a: Forretress|260\/354|[from] item: Leftovers
|turn|4
|callback|decision
|
|switch|p2a: Landorus|Landorus, M|333\/333
|move|p1a: Forretress|Rapid Spin|p2a: Landorus
|-damage|p2a: Landorus|318\/333
|-sideend|p1: pbubz3|Stealth Rock|[from] move: Rapid Spin|[of] p1a: Forretress
|
|-weather|Sandstorm|[upkeep]
|-heal|p1a: Forretress|282\/354|[from] item: Leftovers
|turn|5
|callback|decision
|
|switch|p2a: Meshugah|Tyranitar, F|270\/386
|switch|p1a: Zapdos|Zapdos|383\/383
|-ability|p1a: Zapdos|Pressure
|
|-weather|Sandstorm|[upkeep]
|-damage|p1a: Zapdos|360\/383|[from] sandstorm
|-heal|p1a: Zapdos|383\/383|[from] item: Leftovers
|turn|6
|callback|decision
|
|move|p2a: Meshugah|Pursuit|p1a: Zapdos|[from]Pursuit
|-damage|p1a: Zapdos|112\/383
|switch|p1a: Tyranitar|Tyranitar, M|375\/375
|
|-weather|Sandstorm|[upkeep]
|turn|7
|callback|decision
|
|switch|p2a: Dakuwaqa|Garchomp, F|358\/358
|move|p1a: Tyranitar|Stone Edge|p2a: Dakuwaqa
|-resisted|p2a: Dakuwaqa
|-damage|p2a: Dakuwaqa|213\/358
|
|-weather|Sandstorm|[upkeep]
|turn|8
|callback|decision
|
|switch|p1a: Forretress|Forretress, F|282\/354
|move|p2a: Dakuwaqa|Stealth Rock|p1a: Forretress
|-sidestart|p1: pbubz3|move: Stealth Rock
|
|-weather|Sandstorm|[upkeep]
|-heal|p1a: Forretress|304\/354|[from] item: Leftovers
|turn|9
|callback|decision
|
|move|p2a: Dakuwaqa|Fire Blast|p1a: Forretress
|-supereffective|p1a: Forretress
|-damage|p1a: Forretress|0 fnt
|faint|p1a: Forretress
|
|-weather|Sandstorm|[upkeep]
|callback|decision
|
|switch|p1a: Slowbro|Slowbro, F|394\/394
|-damage|p1a: Slowbro|345\/394|[from] Stealth Rock
|turn|10
|callback|decision
|
|switch|p2a: Dionysus|Latios, M|301\/301
|move|p1a: Slowbro|Scald|p2a: Dionysus
|-resisted|p2a: Dionysus
|-damage|p2a: Dionysus|261\/301
|
|-weather|Sandstorm|[upkeep]
|-damage|p2a: Dionysus|243\/301|[from] sandstorm
|-damage|p1a: Slowbro|321\/394|[from] sandstorm
|-heal|p1a: Slowbro|345\/394|[from] item: Leftovers
|turn|11
|callback|decision
|
|switch|p1a: Tyranitar|Tyranitar, M|375\/375
|-damage|p1a: Tyranitar|329\/375|[from] Stealth Rock
|move|p2a: Dionysus|Surf|p1a: Tyranitar
|-supereffective|p1a: Tyranitar
|-damage|p1a: Tyranitar|121\/375
|
|-weather|Sandstorm|[upkeep]
|-damage|p2a: Dionysus|225\/301|[from] sandstorm
|turn|12
|callback|decision
|
|switch|p2a: Dakuwaqa|Garchomp, F|213\/358
|switch|p1a: Blissey|Blissey, F|714\/714
|-damage|p1a: Blissey|625\/714|[from] Stealth Rock
|
|-weather|Sandstorm|[upkeep]
|-damage|p1a: Blissey|581\/714|[from] sandstorm
|-heal|p1a: Blissey|625\/714|[from] item: Leftovers
|turn|13
|callback|decision
|
|move|p2a: Dakuwaqa|Earthquake|p1a: Blissey
|-damage|p1a: Blissey|252\/714
|move|p1a: Blissey|Stealth Rock|p2a: Dakuwaqa
|-sidestart|p2: Foop|move: Stealth Rock
|
|-weather|Sandstorm|[upkeep]
|-damage|p1a: Blissey|208\/714|[from] sandstorm
|-heal|p1a: Blissey|252\/714|[from] item: Leftovers
|turn|14
|callback|decision
|
|switch|p1a: Slowbro|Slowbro, F|394\/394
|-damage|p1a: Slowbro|345\/394|[from] Stealth Rock
|move|p2a: Dakuwaqa|Earthquake|p1a: Slowbro
|-damage|p1a: Slowbro|213\/394
|
|-weather|Sandstorm|[upkeep]
|-damage|p1a: Slowbro|189\/394|[from] sandstorm
|-heal|p1a: Slowbro|213\/394|[from] item: Leftovers
|turn|15
|callback|decision
|
|move|p2a: Dakuwaqa|Outrage|p1a: Slowbro
|-damage|p1a: Slowbro|56\/394
|move|p1a: Slowbro|Scald|p2a: Dakuwaqa
|-damage|p2a: Dakuwaqa|96\/358
|
|-weather|Sandstorm|[upkeep]
|-damage|p1a: Slowbro|32\/394|[from] sandstorm
|-heal|p1a: Slowbro|56\/394|[from] item: Leftovers
|turn|16
|callback|decision
|-message|pbubz3 forfeited.
|
|win|Foop
|raw|Ladder updating...
|leave|pbubz3
|player|p1
|raw|pbubz3's rating: 2020 &rarr; <strong>2006<\/strong><br \/>(-14 for losing)
|raw|Foop's rating: 1979 &rarr; <strong>1988<\/strong><br \/>(+9 for winning)
|chat|Foop|gg