|join|Foop
|join|check this out
|player|p1|Foop|169
|player|p2|check this out|263
|gametype|singles
|tier|OU (suspect test)
|rated
|rule|Evasion Abilities Clause: Evasion abilities are banned
|clearpoke
|poke|p1|Tyranitar, F
|poke|p1|Landorus-Therian, M
|poke|p1|Garchomp, M
|poke|p1|Jirachi
|poke|p1|Keldeo
|poke|p1|Latios, M
|poke|p2|Gliscor, M
|poke|p2|Gastrodon, F
|poke|p2|Tyranitar, F
|poke|p2|Jirachi
|poke|p2|Starmie
|poke|p2|Stoutland, F
|rule|Sleep Clause Mod: Limit one foe put to sleep
|rule|Species Clause: Limit one of each Pokemon
|rule|OHKO Clause: OHKO moves are banned
|rule|Moody Clause: Moody is banned
|rule|Evasion Moves Clause: Evasion moves are banned
|rule|HP Percentage Mod: HP is reported as percentages
|teampreview
|callback|decision
|leave|check this out
|player|p2
|join|check this out
|player|p2|check this out|263
|teampreview
|callback|decision
|
|start
|switch|p1a: Garchomp|Garchomp, M|358\/358
|switch|p2a: Tyranitar|Tyranitar, F|404\/404
|-weather|Sandstorm|[from] ability: Sand Stream|[of] p2a: Tyranitar
|turn|1
|callback|decision
|
|move|p1a: Garchomp|Stealth Rock|p2a: Tyranitar
|-sidestart|p2: check this out|move: Stealth Rock
|move|p2a: Tyranitar|Ice Beam|p1a: Garchomp
|-supereffective|p1a: Garchomp
|-enditem|p1a: Garchomp|Focus Sash
|-damage|p1a: Garchomp|1\/358
|
|-weather|Sandstorm|[upkeep]
|turn|2
|callback|decision
|
|move|p1a: Garchomp|Earthquake|p2a: Tyranitar
|-supereffective|p2a: Tyranitar
|-damage|p2a: Tyranitar|66\/404
|move|p2a: Tyranitar|Stealth Rock|p1a: Garchomp
|-sidestart|p1: Foop|move: Stealth Rock
|
|-weather|Sandstorm|[upkeep]
|-heal|p2a: Tyranitar|91\/404|[from] item: Leftovers
|turn|3
|callback|decision
|
|switch|p2a: Gliscor|Gliscor, M|354\/354
|-damage|p2a: Gliscor|310\/354|[from] Stealth Rock
|move|p1a: Garchomp|Outrage|p2a: Gliscor
|-damage|p2a: Gliscor|169\/354
|
|-weather|Sandstorm|[upkeep]
|-activate|p2a: Gliscor|item: Toxic Orb
|-status|p2a: Gliscor|tox
|turn|4
|callback|decision
|
|move|p2a: Gliscor|Protect|p2a: Gliscor
|-singleturn|p2a: Gliscor|Protect
|move|p1a: Garchomp|Outrage|p2a: Gliscor
|-activate|p2a: Gliscor|Protect
|
|-end|p1a: Garchomp|rampage
|-start|p1a: Garchomp|confusion
|-weather|Sandstorm|[upkeep]
|-heal|p2a: Gliscor|213\/354 tox|[from] ability: Poison Heal
|turn|5
|callback|decision
|
|-activate|p1a: Garchomp|confusion
|move|p1a: Garchomp|Outrage|p2a: Gliscor
|-damage|p2a: Gliscor|78\/354 tox
|move|p2a: Gliscor|Earthquake|p1a: Garchomp
|-damage|p1a: Garchomp|0 fnt
|faint|p1a: Garchomp
|
|-weather|Sandstorm|[upkeep]
|-heal|p2a: Gliscor|122\/354 tox|[from] ability: Poison Heal
|callback|decision
|
|switch|p1a: Latios|Latios, M|301\/301
|-damage|p1a: Latios|264\/301|[from] Stealth Rock
|turn|6
|callback|decision
|
|move|p2a: Gliscor|Protect|p2a: Gliscor
|-singleturn|p2a: Gliscor|Protect
|move|p1a: Latios|Draco Meteor|p2a: Gliscor
|-activate|p2a: Gliscor|Protect
|
|-weather|Sandstorm|[upkeep]
|-damage|p1a: Latios|246\/301|[from] sandstorm
|-heal|p2a: Gliscor|166\/354 tox|[from] ability: Poison Heal
|turn|7
|callback|decision
|
|switch|p2a: Jirachi|Jirachi|341\/341
|-damage|p2a: Jirachi|320\/341|[from] Stealth Rock
|move|p1a: Latios|Draco Meteor|p2a: Jirachi
|-crit|p2a: Jirachi
|-resisted|p2a: Jirachi
|-damage|p2a: Jirachi|0 fnt
|-unboost|p1a: Latios|spa|2
|faint|p2a: Jirachi
|
|-weather|Sandstorm|[upkeep]
|-damage|p1a: Latios|228\/301|[from] sandstorm
|callback|decision
|chat|check this out|errr
|
|switch|p2a: Stoutland|Stoutland, F|311\/311
|-damage|p2a: Stoutland|273\/311|[from] Stealth Rock
|turn|8
|callback|decision
|
|switch|p1a: Jirachi|Jirachi|373\/373
|-damage|p1a: Jirachi|350\/373|[from] Stealth Rock
|move|p2a: Stoutland|Return|p1a: Jirachi
|-crit|p1a: Jirachi
|-resisted|p1a: Jirachi
|-damage|p1a: Jirachi|165\/373
|-damage|p2a: Stoutland|242\/311|[from] item: Life Orb
|
|-weather|Sandstorm|[upkeep]
|turn|9
|callback|decision
|
|switch|p2a: Gliscor|Gliscor, M|166\/354 tox
|-damage|p2a: Gliscor|122\/354 tox|[from] Stealth Rock
|switch|p1a: Landorus-Therian|Landorus-Therian, M|331\/331
|-damage|p1a: Landorus-Therian|290\/331|[from] Stealth Rock
|-ability|p1a: Landorus-Therian|Intimidate|[of] p2a: Gliscor
|-unboost|p2a: Gliscor|atk|1
|
|-weather|Sandstorm|[upkeep]
|-heal|p1a: Landorus-Therian|310\/331|[from] item: Leftovers
|-heal|p2a: Gliscor|166\/354 tox|[from] ability: Poison Heal
|turn|10
|callback|decision
|
|move|p1a: Landorus-Therian|Swords Dance|p1a: Landorus-Therian
|-boost|p1a: Landorus-Therian|atk|2
|move|p2a: Gliscor|Toxic|p1a: Landorus-Therian
|-status|p1a: Landorus-Therian|tox
|
|-weather|Sandstorm|[upkeep]
|-heal|p1a: Landorus-Therian|330\/331 tox|[from] item: Leftovers
|-damage|p1a: Landorus-Therian|310\/331 tox|[from] psn
|-heal|p2a: Gliscor|210\/354 tox|[from] ability: Poison Heal
|turn|11
|callback|decision
|
|move|p2a: Gliscor|Protect|p2a: Gliscor
|-singleturn|p2a: Gliscor|Protect
|move|p1a: Landorus-Therian|Swords Dance|p1a: Landorus-Therian
|-boost|p1a: Landorus-Therian|atk|2
|
|-weather|Sandstorm|[upkeep]
|-heal|p1a: Landorus-Therian|330\/331 tox|[from] item: Leftovers
|-damage|p1a: Landorus-Therian|290\/331 tox|[from] psn
|-heal|p2a: Gliscor|254\/354 tox|[from] ability: Poison Heal
|turn|12
|callback|decision
|
|move|p1a: Landorus-Therian|Stone Edge|p2a: Gliscor
|-damage|p2a: Gliscor|0 fnt
|faint|p2a: Gliscor
|
|-weather|Sandstorm|[upkeep]
|-heal|p1a: Landorus-Therian|310\/331 tox|[from] item: Leftovers
|-damage|p1a: Landorus-Therian|250\/331 tox|[from] psn
|callback|decision
|
|switch|p2a: Stoutland|Stoutland, F|242\/311
|-damage|p2a: Stoutland|204\/311|[from] Stealth Rock
|turn|13
|callback|decision
|
|move|p2a: Stoutland|Return|p1a: Landorus-Therian
|-damage|p1a: Landorus-Therian|27\/331 tox
|-damage|p2a: Stoutland|173\/311|[from] item: Life Orb
|move|p1a: Landorus-Therian|Earthquake|p2a: Stoutland
|-damage|p2a: Stoutland|0 fnt
|faint|p2a: Stoutland
|
|-weather|Sandstorm|[upkeep]
|-heal|p1a: Landorus-Therian|47\/331 tox|[from] item: Leftovers
|-damage|p1a: Landorus-Therian|0 fnt|[from] psn
|faint|p1a: Landorus-Therian
|callback|decision
|
|switch|p2a: Starmie|Starmie|261\/261
|-damage|p2a: Starmie|229\/261|[from] Stealth Rock
|switch|p1a: Tyranitar|Tyranitar, F|386\/386
|-damage|p1a: Tyranitar|338\/386|[from] Stealth Rock
|turn|14
|callback|decision
|
|move|p2a: Starmie|Surf|p1a: Tyranitar
|-supereffective|p1a: Tyranitar
|-damage|p1a: Tyranitar|146\/386
|move|p1a: Tyranitar|Crunch|p2a: Starmie
|-supereffective|p2a: Starmie
|-damage|p2a: Starmie|0 fnt
|faint|p2a: Starmie
|
|-weather|Sandstorm|[upkeep]
|callback|decision
|
|switch|p2a: Gastrodon|Gastrodon, F|426\/426
|-damage|p2a: Gastrodon|400\/426|[from] Stealth Rock
|turn|15
|callback|decision
|
|move|p1a: Tyranitar|Crunch|p2a: Gastrodon
|-damage|p2a: Gastrodon|169\/426
|move|p2a: Gastrodon|Scald|p1a: Tyranitar
|-supereffective|p1a: Tyranitar
|-damage|p1a: Tyranitar|24\/386
|
|-weather|Sandstorm|[upkeep]
|-heal|p2a: Gastrodon|195\/426|[from] item: Leftovers
|turn|16
|callback|decision
|
|move|p1a: Tyranitar|Crunch|p2a: Gastrodon
|-damage|p2a: Gastrodon|0 fnt
|faint|p2a: Gastrodon
|
|-weather|Sandstorm|[upkeep]
|callback|decision
|
|switch|p2a: Tyranitar|Tyranitar, F|91\/404
|-damage|p2a: Tyranitar|41\/404|[from] Stealth Rock
|turn|17
|callback|decision
|
|move|p1a: Tyranitar|Crunch|p2a: Tyranitar
|-resisted|p2a: Tyranitar
|-damage|p2a: Tyranitar|0 fnt
|faint|p2a: Tyranitar
|
|win|Foop
|raw|Ladder updating...
|raw|Foop's rating: 1954 &rarr; <strong>1958<\/strong><br \/>(+4 for winning)
|raw|check this out's rating: 1635 &rarr; <strong>1619<\/strong><br \/>(-16 for losing)
|chat|check this out|gg
|leave|check this out
|player|p2