|join|Shark Skin
|join|Foop
|player|p1|Shark Skin|7
|player|p2|Foop|224
|gametype|singles
|tier|OU (suspect test)
|rated
|rule|Evasion Abilities Clause: Evasion abilities are banned
|clearpoke
|poke|p1|Rotom-Wash
|poke|p1|Latias, F, shiny
|poke|p1|Landorus-Therian, M
|poke|p1|Blissey, F
|poke|p1|Skarmory, M
|poke|p1|Donphan, F
|poke|p2|Starmie
|poke|p2|Jirachi
|poke|p2|Garchomp, M
|poke|p2|Volcarona, M
|poke|p2|Dragonite, M
|poke|p2|Keldeo
|rule|Sleep Clause Mod: Limit one foe put to sleep
|rule|Species Clause: Limit one of each Pokemon
|rule|OHKO Clause: OHKO moves are banned
|rule|Moody Clause: Moody is banned
|rule|Evasion Moves Clause: Evasion moves are banned
|rule|HP Percentage Mod: HP is reported as percentages
|teampreview
|callback|decision
|
|start
|switch|p1a: Appa|Landorus-Therian, M|369\/369
|switch|p2a: Volcarona|Volcarona, M|312\/312
|-ability|p1a: Appa|Intimidate|[of] p2a: Volcarona
|-unboost|p2a: Volcarona|atk|1
|turn|1
|callback|decision
|
|switch|p1a: Blissey|Blissey, F|652\/652
|move|p2a: Volcarona|Quiver Dance|p2a: Volcarona
|-boost|p2a: Volcarona|spa|1
|-boost|p2a: Volcarona|spd|1
|-boost|p2a: Volcarona|spe|1
|
|turn|2
|callback|decision
|
|move|p2a: Volcarona|Fiery Dance|p1a: Blissey
|-damage|p1a: Blissey|511\/652
|move|p1a: Blissey|Toxic|p2a: Volcarona
|-status|p2a: Volcarona|tox
|
|-heal|p1a: Blissey|551\/652|[from] item: Leftovers
|-damage|p2a: Volcarona|293\/312 tox|[from] psn
|turn|3
|callback|decision
|
|switch|p1a: Cyclone|Rotom-Wash|303\/303
|move|p2a: Volcarona|Fiery Dance|p1a: Cyclone
|-crit|p1a: Cyclone
|-resisted|p1a: Cyclone
|-damage|p1a: Cyclone|150\/303
|-boost|p2a: Volcarona|spa|1
|
|-heal|p2a: Volcarona|312\/312 tox|[from] item: Leftovers
|-heal|p1a: Cyclone|168\/303|[from] item: Leftovers
|-damage|p2a: Volcarona|274\/312 tox|[from] psn
|turn|4
|callback|decision
|
|switch|p1a: Blissey|Blissey, F|551\/652
|move|p2a: Volcarona|Giga Drain|p1a: Blissey
|-crit|p1a: Blissey
|-damage|p1a: Blissey|321\/652
|-heal|p2a: Volcarona|312\/312 tox|[from] drain|[of] p1a: Blissey
|
|-heal|p1a: Blissey|361\/652|[from] item: Leftovers
|-damage|p2a: Volcarona|255\/312 tox|[from] psn
|turn|5
|callback|decision
|
|move|p1a: Blissey|Protect|p1a: Blissey
|-singleturn|p1a: Blissey|Protect
|move|p2a: Volcarona|Fiery Dance|p1a: Blissey
|-activate|p1a: Blissey|Protect
|
|-heal|p2a: Volcarona|274\/312 tox|[from] item: Leftovers
|-heal|p1a: Blissey|401\/652|[from] item: Leftovers
|-damage|p2a: Volcarona|198\/312 tox|[from] psn
|turn|6
|callback|decision
|
|move|p2a: Volcarona|Fiery Dance|p1a: Blissey
|-damage|p1a: Blissey|206\/652
|move|p1a: Blissey|Wish|p1a: Blissey
|
|-heal|p2a: Volcarona|217\/312 tox|[from] item: Leftovers
|-heal|p1a: Blissey|246\/652|[from] item: Leftovers
|-damage|p2a: Volcarona|122\/312 tox|[from] psn
|turn|7
|callback|decision
|
|switch|p2a: Garchomp|Garchomp, M|358\/358
|move|p1a: Blissey|Protect|p1a: Blissey
|-fail|p1a: Blissey
|
|-heal|p1a: Blissey|572\/652|[from] move: Wish|[wisher] Blissey
|-heal|p1a: Blissey|612\/652|[from] item: Leftovers
|turn|8
|callback|decision
|
|switch|p1a: Appa|Landorus-Therian, M|369\/369
|-ability|p1a: Appa|Intimidate|[of] p2a: Garchomp
|-unboost|p2a: Garchomp|atk|1
|move|p2a: Garchomp|Stealth Rock|p1a: Appa
|-sidestart|p1: Shark Skin|move: Stealth Rock
|
|turn|9
|callback|decision
|
|switch|p2a: Keldeo|Keldeo|324\/324
|move|p1a: Appa|Stealth Rock|p2a: Keldeo
|-sidestart|p2: Foop|move: Stealth Rock
|
|turn|10
|callback|decision
|
|switch|p1a: Wendy|Latias, F, shiny|364\/364
|-damage|p1a: Wendy|319\/364|[from] Stealth Rock
|move|p2a: Keldeo|Calm Mind|p2a: Keldeo
|-boost|p2a: Keldeo|spa|1
|-boost|p2a: Keldeo|spd|1
|
|-heal|p1a: Wendy|341\/364|[from] item: Leftovers
|turn|11
|callback|decision
|
|move|p1a: Wendy|Calm Mind|p1a: Wendy
|-boost|p1a: Wendy|spa|1
|-boost|p1a: Wendy|spd|1
|move|p2a: Keldeo|Hidden Power|p1a: Wendy
|-supereffective|p1a: Wendy
|-damage|p1a: Wendy|211\/364
|
|-heal|p1a: Wendy|233\/364|[from] item: Leftovers
|turn|12
|callback|decision
|
|move|p1a: Wendy|Dragon Pulse|p2a: Keldeo
|-damage|p2a: Keldeo|198\/324
|move|p2a: Keldeo|Calm Mind|p2a: Keldeo
|-boost|p2a: Keldeo|spa|1
|-boost|p2a: Keldeo|spd|1
|
|-heal|p1a: Wendy|255\/364|[from] item: Leftovers
|-heal|p2a: Keldeo|218\/324|[from] item: Leftovers
|turn|13
|callback|decision
|
|move|p1a: Wendy|Calm Mind|p1a: Wendy
|-boost|p1a: Wendy|spa|1
|-boost|p1a: Wendy|spd|1
|move|p2a: Keldeo|Secret Sword|p1a: Wendy
|-resisted|p1a: Wendy
|-damage|p1a: Wendy|79\/364
|
|-heal|p1a: Wendy|101\/364|[from] item: Leftovers
|-heal|p2a: Keldeo|238\/324|[from] item: Leftovers
|turn|14
|callback|decision
|
|move|p1a: Wendy|Recover|p1a: Wendy
|-heal|p1a: Wendy|283\/364
|move|p2a: Keldeo|Secret Sword|p1a: Wendy
|-resisted|p1a: Wendy
|-damage|p1a: Wendy|130\/364
|
|-heal|p1a: Wendy|152\/364|[from] item: Leftovers
|-heal|p2a: Keldeo|258\/324|[from] item: Leftovers
|turn|15
|callback|decision
|
|move|p1a: Wendy|Recover|p1a: Wendy
|-heal|p1a: Wendy|334\/364
|move|p2a: Keldeo|Calm Mind|p2a: Keldeo
|-boost|p2a: Keldeo|spa|1
|-boost|p2a: Keldeo|spd|1
|
|-heal|p1a: Wendy|356\/364|[from] item: Leftovers
|-heal|p2a: Keldeo|278\/324|[from] item: Leftovers
|turn|16
|callback|decision
|
|move|p1a: Wendy|Dragon Pulse|p2a: Keldeo
|-damage|p2a: Keldeo|185\/324
|move|p2a: Keldeo|Secret Sword|p1a: Wendy
|-resisted|p1a: Wendy
|-damage|p1a: Wendy|141\/364
|
|-heal|p1a: Wendy|163\/364|[from] item: Leftovers
|-heal|p2a: Keldeo|205\/324|[from] item: Leftovers
|turn|17
|callback|decision
|
|move|p1a: Wendy|Dragon Pulse|p2a: Keldeo
|-damage|p2a: Keldeo|112\/324
|move|p2a: Keldeo|Secret Sword|p1a: Wendy
|-resisted|p1a: Wendy
|-damage|p1a: Wendy|0 fnt
|faint|p1a: Wendy
|
|-heal|p2a: Keldeo|132\/324|[from] item: Leftovers
|callback|decision
|
|switch|p1a: Skarmory|Skarmory, M|334\/334
|-damage|p1a: Skarmory|293\/334|[from] Stealth Rock
|turn|18
|callback|decision
|
|move|p2a: Keldeo|Hydro Pump|p1a: Skarmory
|-damage|p1a: Skarmory|0 fnt
|faint|p1a: Skarmory
|
|-heal|p2a: Keldeo|152\/324|[from] item: Leftovers
|callback|decision
|
|switch|p1a: Donphan|Donphan, F|353\/353
|-damage|p1a: Donphan|331\/353|[from] Stealth Rock
|turn|19
|callback|decision
|
|move|p2a: Keldeo|Hidden Power|p1a: Donphan
|-supereffective|p1a: Donphan
|-damage|p1a: Donphan|0 fnt
|faint|p1a: Donphan
|
|-heal|p2a: Keldeo|172\/324|[from] item: Leftovers
|callback|decision
|
|switch|p1a: Blissey|Blissey, F|612\/652
|-damage|p1a: Blissey|531\/652|[from] Stealth Rock
|turn|20
|callback|decision
|
|move|p2a: Keldeo|Secret Sword|p1a: Blissey
|-supereffective|p1a: Blissey
|-damage|p1a: Blissey|0 fnt
|faint|p1a: Blissey
|
|-heal|p2a: Keldeo|192\/324|[from] item: Leftovers
|callback|decision
|
|switch|p1a: Cyclone|Rotom-Wash|168\/303
|-damage|p1a: Cyclone|131\/303|[from] Stealth Rock
|turn|21
|callback|decision
|
|move|p2a: Keldeo|Secret Sword|p1a: Cyclone
|-damage|p1a: Cyclone|0 fnt
|faint|p1a: Cyclone
|
|-heal|p2a: Keldeo|212\/324|[from] item: Leftovers
|callback|decision
|
|switch|p1a: Appa|Landorus-Therian, M|369\/369
|-damage|p1a: Appa|323\/369|[from] Stealth Rock
|-ability|p1a: Appa|Intimidate|[of] p2a: Keldeo
|-unboost|p2a: Keldeo|atk|1
|turn|22
|callback|decision
|
|move|p2a: Keldeo|Hidden Power|p1a: Appa
|-supereffective|p1a: Appa
|-damage|p1a: Appa|0 fnt
|faint|p1a: Appa
|
|win|Foop
|raw|Ladder updating...
|raw|Shark Skin's rating: 2038 &rarr; <strong>1994<\/strong><br \/>(-44 for losing)
|raw|Foop's rating: 1947 &rarr; <strong>1956<\/strong><br \/>(+9 for winning)
|chat|Foop|gg
|leave|Shark Skin
|player|p1