|join|Apollos
|join|Foop
|player|p1|Apollos|92
|player|p2|Foop|2
|gametype|singles
|tier|OU (suspect test)
|rated
|rule|Evasion Abilities Clause: Evasion abilities are banned
|clearpoke
|poke|p1|Keldeo-Resolute
|poke|p1|Garchomp, M
|poke|p1|Tyranitar, M, shiny
|poke|p1|Gliscor, M
|poke|p1|Jirachi
|poke|p1|Latios, M
|poke|p2|Starmie
|poke|p2|Jirachi
|poke|p2|Garchomp, F
|poke|p2|Volcarona, F
|poke|p2|Dragonite, M
|poke|p2|Keldeo
|rule|Sleep Clause Mod: Limit one foe put to sleep
|rule|Species Clause: Limit one of each Pokemon
|rule|OHKO Clause: OHKO moves are banned
|rule|Moody Clause: Moody is banned
|rule|Evasion Moves Clause: Evasion moves are banned
|rule|HP Percentage Mod: HP is reported as percentages
|teampreview
|callback|decision
|
|start
|switch|p1a: Tyranitar|Tyranitar, M, shiny|404\/404
|switch|p2a: Keldeo|Keldeo|324\/324
|-weather|Sandstorm|[from] ability: Sand Stream|[of] p1a: Tyranitar
|turn|1
|callback|decision
|
|switch|p1a: Latios|Latios, M|302\/302
|move|p2a: Keldeo|Secret Sword|p1a: Latios
|-resisted|p1a: Latios
|-damage|p1a: Latios|217\/302
|
|-weather|Sandstorm|[upkeep]
|-damage|p1a: Latios|199\/302|[from] sandstorm
|-damage|p2a: Keldeo|304\/324|[from] sandstorm
|-heal|p2a: Keldeo|324\/324|[from] item: Leftovers
|turn|2
|callback|decision
|
|switch|p2a: Jirachi|Jirachi|341\/341
|move|p1a: Latios|Hidden Power|p2a: Jirachi
|-supereffective|p2a: Jirachi
|-damage|p2a: Jirachi|75\/341
|
|-weather|Sandstorm|[upkeep]
|-damage|p1a: Latios|181\/302|[from] sandstorm
|turn|3
|callback|decision
|
|switch|p1a: Keldeo-Resolute|Keldeo-Resolute|323\/323
|move|p2a: Jirachi|U-turn|p1a: Keldeo-Resolute
|-resisted|p1a: Keldeo-Resolute
|-damage|p1a: Keldeo-Resolute|284\/323
|callback|decision
|
|switch|p2a: Starmie|Starmie|261\/261
|
|-weather|Sandstorm|[upkeep]
|-damage|p2a: Starmie|245\/261|[from] sandstorm
|-damage|p1a: Keldeo-Resolute|264\/323|[from] sandstorm
|turn|4
|callback|decision
|
|switch|p1a: Tyranitar|Tyranitar, M, shiny|404\/404
|move|p2a: Starmie|Hydro Pump|p1a: Tyranitar
|-supereffective|p1a: Tyranitar
|-damage|p1a: Tyranitar|175\/404
|-damage|p2a: Starmie|219\/261|[from] item: Life Orb
|
|-weather|Sandstorm|[upkeep]
|-damage|p2a: Starmie|203\/261|[from] sandstorm
|-heal|p1a: Tyranitar|200\/404|[from] item: Leftovers
|turn|5
|callback|decision
|
|move|p2a: Starmie|Hydro Pump|p1a: Tyranitar|[miss]
|-miss|p2a: Starmie|p1a: Tyranitar
|move|p1a: Tyranitar|Pursuit|p2a: Starmie
|-supereffective|p2a: Starmie
|-damage|p2a: Starmie|41\/261
|
|-weather|Sandstorm|[upkeep]
|-damage|p2a: Starmie|25\/261|[from] sandstorm
|-heal|p1a: Tyranitar|225\/404|[from] item: Leftovers
|turn|6
|callback|decision
|
|switch|p1a: Keldeo-Resolute|Keldeo-Resolute|264\/323
|move|p2a: Starmie|Hydro Pump|p1a: Keldeo-Resolute
|-resisted|p1a: Keldeo-Resolute
|-damage|p1a: Keldeo-Resolute|133\/323
|-damage|p2a: Starmie|0 fnt|[from] item: Life Orb
|faint|p2a: Starmie
|
|-weather|Sandstorm|[upkeep]
|-damage|p1a: Keldeo-Resolute|113\/323|[from] sandstorm
|callback|decision
|
|switch|p2a: Garchomp|Garchomp, F|358\/358
|turn|7
|callback|decision
|
|switch|p1a: Gliscor|Gliscor, M|354\/354
|move|p2a: Garchomp|Stealth Rock|p1a: Gliscor
|-sidestart|p1: Apollos|move: Stealth Rock
|
|-weather|Sandstorm|[upkeep]
|-activate|p1a: Gliscor|item: Toxic Orb
|-status|p1a: Gliscor|tox
|turn|8
|callback|decision
|
|switch|p2a: Volcarona|Volcarona, F|312\/312
|move|p1a: Gliscor|Toxic|p2a: Volcarona
|-status|p2a: Volcarona|tox
|
|-weather|Sandstorm|[upkeep]
|-damage|p2a: Volcarona|293\/312 tox|[from] sandstorm
|-heal|p2a: Volcarona|312\/312 tox|[from] item: Leftovers
|-damage|p2a: Volcarona|293\/312 tox|[from] psn
|turn|9
|callback|decision
|
|move|p2a: Volcarona|Fiery Dance|p1a: Gliscor
|-damage|p1a: Gliscor|144\/354 tox
|move|p1a: Gliscor|Earthquake|p2a: Volcarona
|-damage|p2a: Volcarona|98\/312 tox
|
|-weather|Sandstorm|[upkeep]
|-damage|p2a: Volcarona|79\/312 tox|[from] sandstorm
|-heal|p2a: Volcarona|98\/312 tox|[from] item: Leftovers
|-damage|p2a: Volcarona|60\/312 tox|[from] psn
|-heal|p1a: Gliscor|188\/354 tox|[from] ability: Poison Heal
|turn|10
|callback|decision
|
|move|p1a: Gliscor|Protect|p1a: Gliscor
|-singleturn|p1a: Gliscor|Protect
|move|p2a: Volcarona|Quiver Dance|p2a: Volcarona
|-boost|p2a: Volcarona|spa|1
|-boost|p2a: Volcarona|spd|1
|-boost|p2a: Volcarona|spe|1
|
|-weather|Sandstorm|[upkeep]
|-damage|p2a: Volcarona|41\/312 tox|[from] sandstorm
|-heal|p2a: Volcarona|60\/312 tox|[from] item: Leftovers
|-damage|p2a: Volcarona|3\/312 tox|[from] psn
|-heal|p1a: Gliscor|232\/354 tox|[from] ability: Poison Heal
|turn|11
|callback|decision
|
|switch|p1a: Tyranitar|Tyranitar, M, shiny|225\/404
|-damage|p1a: Tyranitar|175\/404|[from] Stealth Rock
|move|p2a: Volcarona|Giga Drain|p1a: Tyranitar
|-supereffective|p1a: Tyranitar
|-damage|p1a: Tyranitar|9\/404
|-heal|p2a: Volcarona|86\/312 tox|[from] drain|[of] p1a: Tyranitar
|
|-weather|Sandstorm|[upkeep]
|-damage|p2a: Volcarona|67\/312 tox|[from] sandstorm
|-heal|p2a: Volcarona|86\/312 tox|[from] item: Leftovers
|-heal|p1a: Tyranitar|34\/404|[from] item: Leftovers
|-damage|p2a: Volcarona|10\/312 tox|[from] psn
|turn|12
|callback|decision
|
|move|p2a: Volcarona|Bug Buzz|p1a: Tyranitar
|-supereffective|p1a: Tyranitar
|-damage|p1a: Tyranitar|0 fnt
|faint|p1a: Tyranitar
|
|-weather|Sandstorm|[upkeep]
|-damage|p2a: Volcarona|0 fnt|[from] sandstorm
|faint|p2a: Volcarona
|callback|decision
|
|switch|p2a: Keldeo|Keldeo|324\/324
|switch|p1a: Gliscor|Gliscor, M|232\/354 tox
|-damage|p1a: Gliscor|188\/354 tox|[from] Stealth Rock
|turn|13
|callback|decision
|
|move|p1a: Gliscor|Protect|p1a: Gliscor
|-singleturn|p1a: Gliscor|Protect
|move|p2a: Keldeo|Calm Mind|p2a: Keldeo
|-boost|p2a: Keldeo|spa|1
|-boost|p2a: Keldeo|spd|1
|
|-weather|Sandstorm|[upkeep]
|-damage|p2a: Keldeo|304\/324|[from] sandstorm
|-heal|p2a: Keldeo|324\/324|[from] item: Leftovers
|-heal|p1a: Gliscor|232\/354 tox|[from] ability: Poison Heal
|turn|14
|callback|decision
|
|switch|p1a: Jirachi|Jirachi|404\/404
|-damage|p1a: Jirachi|379\/404|[from] Stealth Rock
|move|p2a: Keldeo|Hidden Power|p1a: Jirachi
|-resisted|p1a: Jirachi
|-damage|p1a: Jirachi|316\/404
|
|-weather|Sandstorm|[upkeep]
|-damage|p2a: Keldeo|304\/324|[from] sandstorm
|-heal|p2a: Keldeo|324\/324|[from] item: Leftovers
|-heal|p1a: Jirachi|341\/404|[from] item: Leftovers
|turn|15
|callback|decision
|
|switch|p2a: Garchomp|Garchomp, F|358\/358
|move|p1a: Jirachi|Toxic|p2a: Garchomp
|-status|p2a: Garchomp|tox
|
|-weather|Sandstorm|[upkeep]
|-heal|p1a: Jirachi|366\/404|[from] item: Leftovers
|-damage|p2a: Garchomp|336\/358 tox|[from] psn
|turn|16
|callback|decision
|
|move|p2a: Garchomp|Fire Blast|p1a: Jirachi
|-supereffective|p1a: Jirachi
|-damage|p1a: Jirachi|196\/404
|move|p1a: Jirachi|Iron Head|p2a: Garchomp
|-damage|p2a: Garchomp|230\/358 tox
|-damage|p1a: Jirachi|146\/404|[from] ability: Rough Skin|[of] p2a: Garchomp
|
|-weather|Sandstorm|[upkeep]
|-heal|p1a: Jirachi|171\/404|[from] item: Leftovers
|-damage|p2a: Garchomp|186\/358 tox|[from] psn
|turn|17
|callback|decision
|
|switch|p1a: Gliscor|Gliscor, M|232\/354 tox
|-damage|p1a: Gliscor|188\/354 tox|[from] Stealth Rock
|move|p2a: Garchomp|Earthquake|p1a: Gliscor
|-immune|p1a: Gliscor|[msg]
|
|-weather|Sandstorm|[upkeep]
|-damage|p2a: Garchomp|120\/358 tox|[from] psn
|-heal|p1a: Gliscor|232\/354 tox|[from] ability: Poison Heal
|turn|18
|callback|decision
|
|switch|p2a: Keldeo|Keldeo|324\/324
|move|p1a: Gliscor|Protect|p1a: Gliscor
|-fail|p1a: Gliscor
|
|-weather|Sandstorm|[upkeep]
|-damage|p2a: Keldeo|304\/324|[from] sandstorm
|-heal|p2a: Keldeo|324\/324|[from] item: Leftovers
|-heal|p1a: Gliscor|276\/354 tox|[from] ability: Poison Heal
|turn|19
|callback|decision
|
|move|p2a: Keldeo|Hidden Power|p1a: Gliscor
|-supereffective|p1a: Gliscor
|-damage|p1a: Gliscor|0 fnt
|faint|p1a: Gliscor
|
|-weather|Sandstorm|[upkeep]
|-damage|p2a: Keldeo|304\/324|[from] sandstorm
|-heal|p2a: Keldeo|324\/324|[from] item: Leftovers
|callback|decision
|
|switch|p1a: Latios|Latios, M|181\/302
|-damage|p1a: Latios|144\/302|[from] Stealth Rock
|turn|20
|callback|decision
|
|switch|p2a: Garchomp|Garchomp, F|120\/358 tox
|move|p1a: Latios|Psyshock|p2a: Garchomp
|-crit|p2a: Garchomp
|-damage|p2a: Garchomp|0 fnt
|faint|p2a: Garchomp
|
|-weather|Sandstorm|[upkeep]
|-damage|p1a: Latios|126\/302|[from] sandstorm
|callback|decision
|
|switch|p2a: Jirachi|Jirachi|75\/341
|turn|21
|callback|decision
|
|switch|p1a: Keldeo-Resolute|Keldeo-Resolute|113\/323
|-damage|p1a: Keldeo-Resolute|93\/323|[from] Stealth Rock
|move|p2a: Jirachi|U-turn|p1a: Keldeo-Resolute
|-resisted|p1a: Keldeo-Resolute
|-damage|p1a: Keldeo-Resolute|54\/323
|callback|decision
|
|switch|p2a: Keldeo|Keldeo|324\/324
|
|-weather|Sandstorm|[upkeep]
|-damage|p2a: Keldeo|304\/324|[from] sandstorm
|-damage|p1a: Keldeo-Resolute|34\/323|[from] sandstorm
|-heal|p2a: Keldeo|324\/324|[from] item: Leftovers
|turn|22
|callback|decision
|
|switch|p2a: Jirachi|Jirachi|75\/341
|move|p1a: Keldeo-Resolute|Secret Sword|p2a: Jirachi
|-damage|p2a: Jirachi|0 fnt
|faint|p2a: Jirachi
|
|-weather|Sandstorm|[upkeep]
|-damage|p1a: Keldeo-Resolute|14\/323|[from] sandstorm
|callback|decision
|
|switch|p2a: Dragonite|Dragonite, M|323\/323
|turn|23
|callback|decision
|
|move|p1a: Keldeo-Resolute|Hidden Power|p2a: Dragonite
|-supereffective|p2a: Dragonite
|-damage|p2a: Dragonite|135\/323
|move|p2a: Dragonite|Dragon Dance|p2a: Dragonite
|-boost|p2a: Dragonite|atk|1
|-boost|p2a: Dragonite|spe|1
|
|-weather|Sandstorm|[upkeep]
|-damage|p2a: Dragonite|115\/323|[from] sandstorm
|-damage|p1a: Keldeo-Resolute|0 fnt|[from] sandstorm
|faint|p1a: Keldeo-Resolute
|callback|decision
|
|switch|p1a: Garchomp|Garchomp, M|357\/357
|-damage|p1a: Garchomp|335\/357|[from] Stealth Rock
|turn|24
|callback|decision
|
|move|p1a: Garchomp|Outrage|p2a: Dragonite
|-supereffective|p2a: Dragonite
|-damage|p2a: Dragonite|0 fnt
|faint|p2a: Dragonite
|
|-weather|Sandstorm|[upkeep]
|callback|decision
|
|switch|p2a: Keldeo|Keldeo|324\/324
|turn|25
|callback|decision
|
|move|p1a: Garchomp|Outrage|p2a: Keldeo
|-damage|p2a: Keldeo|98\/324
|move|p2a: Keldeo|Hidden Power|p1a: Garchomp
|-supereffective|p1a: Garchomp
|-damage|p1a: Garchomp|0 fnt
|faint|p1a: Garchomp
|
|-weather|Sandstorm|[upkeep]
|-damage|p2a: Keldeo|78\/324|[from] sandstorm
|-heal|p2a: Keldeo|98\/324|[from] item: Leftovers
|callback|decision
|chat|Foop|gg
|
|switch|p1a: Latios|Latios, M|126\/302
|-damage|p1a: Latios|89\/302|[from] Stealth Rock
|turn|26
|callback|decision
|
|move|p1a: Latios|Psyshock|p2a: Keldeo
|-supereffective|p2a: Keldeo
|-damage|p2a: Keldeo|0 fnt
|faint|p2a: Keldeo
|
|win|Apollos
|raw|Ladder updating...
|raw|Apollos's rating: 1757 &rarr; <strong>1770<\/strong><br \/>(+13 for winning)
|raw|Foop's rating: 1966 &rarr; <strong>1958<\/strong><br \/>(-8 for losing)
|chat|Apollos|g
|chat|Apollos|g