|join|Alicia B2
|join|ObaOba
|player|p1|Alicia B2|2
|player|p2|ObaOba|165
|gametype|singles
|gen|6
|tier|OU
|rated
|clearpoke
|poke|p1|Talonflame, F
|poke|p1|Landorus-Therian, M
|poke|p1|Dragonite, F
|poke|p1|Scizor, M
|poke|p1|Breloom, F
|poke|p1|Keldeo
|poke|p2|Beedrill, F
|poke|p2|Magnezone
|poke|p2|Slowbro, F
|poke|p2|Latias, F
|poke|p2|Chesnaught, M
|poke|p2|Mamoswine, M
|rule|Swagger Clause: Swagger is banned
|rule|Baton Pass Clause: Limit one PokÃ©mon knowing Baton Pass
|rule|Sleep Clause Mod: Limit one foe put to sleep
|rule|Species Clause: Limit one of each PokÃ©mon
|rule|OHKO Clause: OHKO moves are banned
|rule|Moody Clause: Moody is banned
|rule|Evasion Moves Clause: Evasion moves are banned
|rule|Endless Battle Clause: Forcing endless battles is banned
|rule|HP Percentage Mod: HP is shown in percentages
|teampreview
|
|start
|switch|p1a: Fiend|Landorus-Therian, M|382\/382
|switch|p2a: Mamoswine|Mamoswine, M|362\/362
|-ability|p1a: Fiend|Intimidate|[of] p2a: Mamoswine
|-unboost|p2a: Mamoswine|atk|1
|turn|1
|
|switch|p1a: Staring|Keldeo|322\/322
|move|p2a: Mamoswine|Icicle Crash|p1a: Staring
|-resisted|p1a: Staring
|-damage|p1a: Staring|265\/322
|
|turn|2
|
|switch|p2a: Slowbro|Slowbro, F|394\/394
|move|p1a: Staring|Hydro Pump|p2a: Slowbro
|-resisted|p2a: Slowbro
|-damage|p2a: Slowbro|214\/394
|
|-heal|p2a: Slowbro|238\/394|[from] item: Leftovers
|turn|3
|
|switch|p1a: Opiates|Breloom, F|261\/261
|move|p2a: Slowbro|Toxic|p1a: Opiates
|-status|p1a: Opiates|tox
|
|-heal|p2a: Slowbro|262\/394|[from] item: Leftovers
|-damage|p1a: Opiates|245\/261 tox|[from] psn
|turn|4
|
|switch|p1a: Dreamquake|Dragonite, F|323\/323
|move|p2a: Slowbro|Ice Beam|p1a: Dreamquake
|-supereffective|p1a: Dreamquake
|-damage|p1a: Dreamquake|173\/323
|
|-heal|p2a: Slowbro|286\/394|[from] item: Leftovers
|turn|5
|
|switch|p1a: Staring|Keldeo|265\/322
|move|p2a: Slowbro|Ice Beam|p1a: Staring
|-resisted|p1a: Staring
|-damage|p1a: Staring|228\/322
|
|-heal|p2a: Slowbro|310\/394|[from] item: Leftovers
|turn|6
|
|move|p1a: Staring|Scald|p2a: Slowbro
|-resisted|p2a: Slowbro
|-damage|p2a: Slowbro|179\/394
|move|p2a: Slowbro|Toxic|p1a: Staring
|-status|p1a: Staring|tox
|
|-heal|p2a: Slowbro|203\/394|[from] item: Leftovers
|-damage|p1a: Staring|208\/322 tox|[from] psn
|turn|7
|
|move|p1a: Staring|Scald|p2a: Slowbro
|-resisted|p2a: Slowbro
|-damage|p2a: Slowbro|71\/394
|move|p2a: Slowbro|Slack Off|p2a: Slowbro
|-heal|p2a: Slowbro|268\/394
|
|-heal|p2a: Slowbro|292\/394|[from] item: Leftovers
|-damage|p1a: Staring|168\/322 tox|[from] psn
|turn|8
|
|switch|p1a: Opiates|Breloom, F|245\/261 tox
|move|p2a: Slowbro|Slack Off|p2a: Slowbro
|-heal|p2a: Slowbro|394\/394
|
|-damage|p1a: Opiates|229\/261 tox|[from] psn
|turn|9
|
|move|p1a: Opiates|Spore|p2a: Slowbro
|-status|p2a: Slowbro|slp
|cant|p2a: Slowbro|slp
|
|-damage|p1a: Opiates|197\/261 tox|[from] psn
|turn|10
|
|switch|p2a: Chesnaught|Chesnaught, M|380\/380
|move|p1a: Opiates|Bullet Seed|p2a: Chesnaught
|-immune|p2a: Chesnaught|[msg]|[from] Bulletproof
|
|-damage|p1a: Opiates|149\/261 tox|[from] psn
|turn|11
|
|switch|p1a: Dreamquake|Dragonite, F|173\/323
|move|p2a: Chesnaught|Taunt|p1a: Dreamquake
|-start|p1a: Dreamquake|move: Taunt
|
|turn|12
|
|move|p1a: Dreamquake|Outrage|p2a: Chesnaught
|-damage|p2a: Chesnaught|209\/380
|move|p2a: Chesnaught|Spikes|p1a: Dreamquake
|-sidestart|p1: Alicia B2|Spikes
|
|-heal|p2a: Chesnaught|232\/380|[from] item: Leftovers
|turn|13
|
|move|p1a: Dreamquake|Outrage|p2a: Chesnaught
|-damage|p2a: Chesnaught|73\/380
|move|p2a: Chesnaught|Leech Seed|p1a: Dreamquake
|-start|p1a: Dreamquake|move: Leech Seed
|
|-end|p1a: Dreamquake|rampage
|-start|p1a: Dreamquake|confusion
|-heal|p2a: Chesnaught|96\/380|[from] item: Leftovers
|-damage|p1a: Dreamquake|133\/323|[from] Leech Seed|[of] p2a: Chesnaught
|-heal|p2a: Chesnaught|136\/380|[silent]
|-enditem|p1a: Dreamquake|Lum Berry|[eat]
|-end|p1a: Dreamquake|confusion
|turn|14
|
|switch|p1a: Pariah|Talonflame, F|327\/327
|switch|p2a: Slowbro|Slowbro, F|394\/394 slp
|
|turn|15
|
|move|p1a: Pariah|Swords Dance|p1a: Pariah
|-boost|p1a: Pariah|atk|2
|-curestatus|p2a: Slowbro|slp
|move|p2a: Slowbro|Toxic|p1a: Pariah
|-status|p1a: Pariah|tox
|
|-damage|p1a: Pariah|307\/327 tox|[from] psn
|turn|16
|
|move|p1a: Pariah|Brave Bird|p2a: Slowbro
|-damage|p2a: Slowbro|124\/394
|-damage|p1a: Pariah|218\/327 tox|[from] recoil|[of] p2a: Slowbro
|move|p2a: Slowbro|Scald|p1a: Pariah
|-supereffective|p1a: Pariah
|-damage|p1a: Pariah|0 fnt
|faint|p1a: Pariah
|
|-heal|p2a: Slowbro|148\/394|[from] item: Leftovers
|
|switch|p1a: Opiates|Breloom, F|149\/261 tox
|-damage|p1a: Opiates|117\/261 tox|[from] Spikes
|turn|17
|
|switch|p1a: Dreamquake|Dragonite, F|133\/323
|switch|p2a: Chesnaught|Chesnaught, M|136\/380
|
|-heal|p2a: Chesnaught|159\/380|[from] item: Leftovers
|turn|18
|
|move|p1a: Dreamquake|Dragon Dance|p1a: Dreamquake
|-boost|p1a: Dreamquake|atk|1
|-boost|p1a: Dreamquake|spe|1
|move|p2a: Chesnaught|Taunt|p1a: Dreamquake
|-start|p1a: Dreamquake|move: Taunt
|
|-heal|p2a: Chesnaught|182\/380|[from] item: Leftovers
|turn|19
|
|move|p1a: Dreamquake|Earthquake|p2a: Chesnaught
|-resisted|p2a: Chesnaught
|-damage|p2a: Chesnaught|117\/380
|move|p2a: Chesnaught|Leech Seed|p1a: Dreamquake
|-start|p1a: Dreamquake|move: Leech Seed
|
|-heal|p2a: Chesnaught|140\/380|[from] item: Leftovers
|-damage|p1a: Dreamquake|93\/323|[from] Leech Seed|[of] p2a: Chesnaught
|-heal|p2a: Chesnaught|180\/380|[silent]
|turn|20
|
|move|p1a: Dreamquake|Outrage|p2a: Chesnaught
|-damage|p2a: Chesnaught|0 fnt
|faint|p2a: Chesnaught
|
|
|switch|p2a: Magnezone|Magnezone|343\/343
|turn|21
|
|move|p1a: Dreamquake|Outrage|p2a: Magnezone
|-resisted|p2a: Magnezone
|-damage|p2a: Magnezone|173\/343
|move|p2a: Magnezone|Volt Switch|p1a: Dreamquake
|-damage|p1a: Dreamquake|0 fnt
|faint|p1a: Dreamquake
|
|switch|p2a: Slowbro|Slowbro, F|279\/394
|
|-heal|p2a: Slowbro|303\/394|[from] item: Leftovers
|
|switch|p1a: Villainous|Scizor, M|344\/344
|-damage|p1a: Villainous|301\/344|[from] Spikes
|turn|22
|
|detailschange|p1a: Villainous|Scizor-Mega, M
|-mega|p1a: Villainous|Scizor|Scizorite
|move|p1a: Villainous|U-turn|p2a: Slowbro
|-supereffective|p2a: Slowbro
|-damage|p2a: Slowbro|139\/394
|
|switch|p1a: Opiates|Breloom, F|117\/261 tox
|-damage|p1a: Opiates|85\/261 tox|[from] Spikes
|move|p2a: Slowbro|Scald|p1a: Opiates
|-resisted|p1a: Opiates
|-damage|p1a: Opiates|7\/261 tox
|
|-heal|p2a: Slowbro|163\/394|[from] item: Leftovers
|-damage|p1a: Opiates|0 fnt|[from] psn
|faint|p1a: Opiates
|
|switch|p1a: Villainous|Scizor-Mega, M|301\/344
|-damage|p1a: Villainous|258\/344|[from] Spikes
|turn|23
|
|move|p1a: Villainous|U-turn|p2a: Slowbro
|-supereffective|p2a: Slowbro
|-damage|p2a: Slowbro|0 fnt
|faint|p2a: Slowbro
|
|switch|p1a: Staring|Keldeo|168\/322 tox
|-damage|p1a: Staring|128\/322 tox|[from] Spikes
|
|-damage|p1a: Staring|108\/322 tox|[from] psn
|
|switch|p2a: Latias|Latias, F|319\/319
|turn|24
|
|switch|p1a: Villainous|Scizor-Mega, M|258\/344
|-damage|p1a: Villainous|215\/344|[from] Spikes
|move|p2a: Latias|Psyshock|p1a: Villainous
|-resisted|p1a: Villainous
|-damage|p1a: Villainous|173\/344
|-damage|p2a: Latias|288\/319|[from] item: Life Orb
|
|turn|25
|
|move|p2a: Latias|Draco Meteor|p1a: Villainous
|-resisted|p1a: Villainous
|-damage|p1a: Villainous|37\/344
|-unboost|p2a: Latias|spa|2
|-damage|p2a: Latias|257\/319|[from] item: Life Orb
|move|p1a: Villainous|U-turn|p2a: Latias
|-supereffective|p2a: Latias
|-damage|p2a: Latias|17\/319
|-message|Alicia B2 forfeited.
|
|win|ObaOba
|raw|Ladder updating...
|leave|Alicia B2
|player|p1
|raw|Alicia B2's rating: 1220 &rarr; <strong>1195<\/strong><br \/>(-25 for losing)
|raw|ObaOba's rating: 1223 &rarr; <strong>1248<\/strong><br \/>(+25 for winning)