|join|gyarad0site
|join|Most OU team ever
|player|p1|gyarad0site|195
|player|p2|Most OU team ever|1
|gametype|singles
|gen|6
|tier|OU
|clearpoke
|poke|p1|Scizor, M, shiny
|poke|p1|Manaphy, shiny
|poke|p1|Thundurus, M
|poke|p1|Landorus-Therian, M
|poke|p1|Cobalion
|poke|p1|Latios, M
|poke|p2|Landorus-Therian, M
|poke|p2|Greninja, M
|poke|p2|Heatran, F
|poke|p2|Rotom-Wash
|poke|p2|Ferrothorn, M
|poke|p2|Sableye, M
|rule|Swagger Clause: Swagger is banned
|rule|Baton Pass Clause: Limit one PokÃ©mon knowing Baton Pass
|rule|Sleep Clause Mod: Limit one foe put to sleep
|rule|Species Clause: Limit one of each PokÃ©mon
|rule|OHKO Clause: OHKO moves are banned
|rule|Moody Clause: Moody is banned
|rule|Evasion Moves Clause: Evasion moves are banned
|rule|Endless Battle Clause: Forcing endless battles is banned
|rule|HP Percentage Mod: HP is shown in percentages
|teampreview
|join|Sweqfeq
|join|Raptori
|join|beppityboopbop
|
|start
|switch|p1a: Thundurus|Thundurus, M|299\/299
|switch|p2a: No2 usage Mega|Sableye, M|304\/304
|turn|1
|c| beppityboopbop|you're definitely true to your name, most ou team ever
|join|TheLaughingCats
|join|Donkey Pinch
|join|Bish-arp Plz
|
|switch|p2a: No1 usage|Landorus-Therian, M|320\/320
|-ability|p2a: No1 usage|Intimidate|[of] p1a: Thundurus
|-unboost|p1a: Thundurus|atk|1
|move|p1a: Thundurus|Volt Switch|p2a: No1 usage
|-immune|p2a: No1 usage|[msg]
|
|turn|2
|
|switch|p1a: sAMuel L|Landorus-Therian, M|381\/381
|-ability|p1a: sAMuel L|Intimidate|[of] p2a: No1 usage
|-unboost|p2a: No1 usage|atk|1
|move|p2a: No1 usage|U-turn|p1a: sAMuel L
|-resisted|p1a: sAMuel L
|-damage|p1a: sAMuel L|358\/381
|join|bluri
|
|switch|p2a: No2 usage Mega|Sableye, M|304\/304
|
|-heal|p1a: sAMuel L|381\/381|[from] item: Leftovers
|turn|3
|
|switch|p1a: murakAMi|Manaphy, shiny|351\/351
|detailschange|p2a: No2 usage Mega|Sableye-Mega, M
|message|Sableye has Mega Evolved into Mega Sableye!
|move|p2a: No2 usage Mega|Will-O-Wisp|p1a: murakAMi
|-status|p1a: murakAMi|brn
|
|-damage|p1a: murakAMi|308\/351 brn|[from] brn
|turn|4
|join|Mollete
|join|Blame Fr33dom
|join|ChoicePecs
|join|LadderSoTall
|
|switch|p2a: No5 usage|Ferrothorn, M|352\/352
|move|p1a: murakAMi|Rain Dance|p1a: murakAMi
|-weather|RainDance
|
|-weather|RainDance|[upkeep]
|-curestatus|p1a: murakAMi|brn
|-heal|p1a: murakAMi|329\/351|[from] item: Leftovers
|turn|5
|
|move|p1a: murakAMi|Scald|p2a: No5 usage
|-resisted|p2a: No5 usage
|-damage|p2a: No5 usage|273\/352
|move|p2a: No5 usage|Stealth Rock|p1a: murakAMi
|-sidestart|p1: gyarad0site|move: Stealth Rock
|
|-weather|RainDance|[upkeep]
|-heal|p1a: murakAMi|350\/351|[from] item: Leftovers
|-heal|p2a: No5 usage|295\/352|[from] item: Leftovers
|turn|6
|join|king of spycrabs
|
|switch|p1a: flAMberge|Cobalion|358\/358
|-damage|p1a: flAMberge|347\/358|[from] Stealth Rock
|move|p2a: No5 usage|Leech Seed|p1a: flAMberge
|-start|p1a: flAMberge|move: Leech Seed
|
|-weather|RainDance|[upkeep]
|-heal|p1a: flAMberge|358\/358|[from] item: Leftovers
|-heal|p2a: No5 usage|317\/352|[from] item: Leftovers
|-damage|p1a: flAMberge|314\/358|[from] Leech Seed|[of] p2a: No5 usage
|-heal|p2a: No5 usage|352\/352|[silent]
|turn|7
|
|switch|p1a: sAMuel L|Landorus-Therian, M|381\/381
|-damage|p1a: sAMuel L|334\/381|[from] Stealth Rock
|-ability|p1a: sAMuel L|Intimidate|[of] p2a: No5 usage
|-unboost|p2a: No5 usage|atk|1
|move|p2a: No5 usage|Protect|p2a: No5 usage
|-fail|p2a: No5 usage
|
|-weather|RainDance|[upkeep]
|-heal|p1a: sAMuel L|357\/381|[from] item: Leftovers
|turn|8
|
|switch|p2a: No2 usage Mega|Sableye-Mega, M|304\/304
|move|p1a: sAMuel L|Earthquake|p2a: No2 usage Mega
|-damage|p2a: No2 usage Mega|201\/304
|
|-weather|none
|-heal|p1a: sAMuel L|380\/381|[from] item: Leftovers
|turn|9
|leave|Mollete
|
|move|p1a: sAMuel L|U-turn|p2a: No2 usage Mega
|-damage|p2a: No2 usage Mega|156\/304
|
|switch|p1a: murakAMi|Manaphy, shiny|350\/351
|-damage|p1a: murakAMi|307\/351|[from] Stealth Rock
|move|p2a: No2 usage Mega|Recover|p2a: No2 usage Mega
|-heal|p2a: No2 usage Mega|304\/304
|
|-heal|p1a: murakAMi|328\/351|[from] item: Leftovers
|turn|10
|
|switch|p2a: No4 usage|Rotom-Wash|304\/304
|move|p1a: murakAMi|Scald|p2a: No4 usage
|-resisted|p2a: No4 usage
|-damage|p2a: No4 usage|255\/304
|
|-heal|p1a: murakAMi|349\/351|[from] item: Leftovers
|-heal|p2a: No4 usage|274\/304|[from] item: Leftovers
|turn|11
|join|gffvcbvb
|
|switch|p1a: Latios|Latios, M|301\/301
|-damage|p1a: Latios|264\/301|[from] Stealth Rock
|move|p2a: No4 usage|Hydro Pump|p1a: Latios
|-resisted|p1a: Latios
|-damage|p1a: Latios|199\/301
|
|-heal|p2a: No4 usage|293\/304|[from] item: Leftovers
|turn|12
|
|switch|p2a: No5 usage|Ferrothorn, M|352\/352
|move|p1a: Latios|Trick|p2a: No5 usage
|-activate|p1a: Latios|move: Trick|[of] p2a: No5 usage
|-item|p2a: No5 usage|Choice Scarf|[from] move: Trick
|-item|p1a: Latios|Leftovers|[from] move: Trick
|
|-heal|p1a: Latios|217\/301|[from] item: Leftovers
|turn|13
|c| beppityboopbop|ayyyy
|leave|Sweqfeq
|c|âMost OU team ever|so.
|c|âMost OU team ever|crap
|c|âMost OU team ever|am I that obvious ;_;
|
|move|p1a: Latios|Defog|p2a: No5 usage
|-unboost|p2a: No5 usage|evasion|1
|-sideend|p1: gyarad0site|Stealth Rock|[from] move: Defog|[of] p1a: Latios
|move|p2a: No5 usage|Leech Seed|p1a: Latios
|-start|p1a: Latios|move: Leech Seed
|
|-heal|p1a: Latios|235\/301|[from] item: Leftovers
|-damage|p1a: Latios|198\/301|[from] Leech Seed|[of] p2a: No5 usage
|turn|14
|leave|bluri
|
|switch|p1a: sAMuel L|Landorus-Therian, M|380\/381
|-ability|p1a: sAMuel L|Intimidate|[of] p2a: No5 usage
|-unboost|p2a: No5 usage|atk|1
|move|p2a: No5 usage|Leech Seed|p1a: sAMuel L
|-start|p1a: sAMuel L|move: Leech Seed
|
|-heal|p1a: sAMuel L|381\/381|[from] item: Leftovers
|-damage|p1a: sAMuel L|334\/381|[from] Leech Seed|[of] p2a: No5 usage
|turn|15
|
|move|p1a: sAMuel L|Earthquake|p2a: No5 usage
|-damage|p2a: No5 usage|247\/352
|move|p2a: No5 usage|Leech Seed|p1a: sAMuel L
|-fail|p1a: sAMuel L
|
|-heal|p1a: sAMuel L|357\/381|[from] item: Leftovers
|-damage|p1a: sAMuel L|310\/381|[from] Leech Seed|[of] p2a: No5 usage
|-heal|p2a: No5 usage|294\/352|[silent]
|turn|16
|
|switch|p2a: No2 usage Mega|Sableye-Mega, M|304\/304
|move|p1a: sAMuel L|Earthquake|p2a: No2 usage Mega
|-damage|p2a: No2 usage Mega|211\/304
|
|-heal|p1a: sAMuel L|333\/381|[from] item: Leftovers
|-damage|p1a: sAMuel L|286\/381|[from] Leech Seed|[of] p2a: No2 usage Mega
|-heal|p2a: No2 usage Mega|258\/304|[silent]
|turn|17
|join|ColonRogue
|
|move|p1a: sAMuel L|U-turn|p2a: No2 usage Mega
|-damage|p2a: No2 usage Mega|212\/304
|
|switch|p1a: murakAMi|Manaphy, shiny|349\/351
|move|p2a: No2 usage Mega|Dark Pulse|p1a: murakAMi
|-damage|p1a: murakAMi|259\/351
|
|-heal|p1a: murakAMi|280\/351|[from] item: Leftovers
|turn|18
|
|switch|p2a: No5 usage|Ferrothorn, M|294\/352
|move|p1a: murakAMi|Tail Glow|p1a: murakAMi
|-boost|p1a: murakAMi|spa|3
|
|-heal|p1a: murakAMi|301\/351|[from] item: Leftovers
|turn|19
|leave|gffvcbvb
|c| beppityboopbop|reveal nrg ball ferro
|
|move|p1a: murakAMi|Scald|p2a: No5 usage
|-resisted|p2a: No5 usage
|-damage|p2a: No5 usage|143\/352
|move|p2a: No5 usage|Stealth Rock|p1a: murakAMi
|-sidestart|p1: gyarad0site|move: Stealth Rock
|
|-heal|p1a: murakAMi|322\/351|[from] item: Leftovers
|turn|20
|
|switch|p2a: No4 usage|Rotom-Wash|293\/304
|move|p1a: murakAMi|Scald|p2a: No4 usage
|-resisted|p2a: No4 usage
|-damage|p2a: No4 usage|187\/304
|
|-heal|p1a: murakAMi|343\/351|[from] item: Leftovers
|-heal|p2a: No4 usage|206\/304|[from] item: Leftovers
|turn|21
|
|move|p1a: murakAMi|Energy Ball|p2a: No4 usage
|-supereffective|p2a: No4 usage
|-damage|p2a: No4 usage|0 fnt
|faint|p2a: No4 usage
|
|-heal|p1a: murakAMi|351\/351|[from] item: Leftovers
|
|switch|p2a: No5 usage|Ferrothorn, M|143\/352
|turn|22
|c|âgyarad0site|one burn would have been nice
|
|move|p1a: murakAMi|Scald|p2a: No5 usage
|-crit|p2a: No5 usage
|-resisted|p2a: No5 usage
|-damage|p2a: No5 usage|0 fnt
|faint|p2a: No5 usage
|
|c|âgyarad0site|ah
|
|switch|p2a: No2 usage|Greninja, M|285\/285
|turn|23
|c|âMost OU team ever|meh
|c|âMost OU team ever|flinch
|c| beppityboopbop|who needs hax when you got skill
|c|âMost OU team ever|who needs skill when you flinch ^_^
|
|move|p2a: No2 usage|Dark Pulse|p1a: murakAMi
|-start|p2a: No2 usage|typechange|Dark|[from] Protean
|-damage|p1a: murakAMi|183\/351
|-damage|p2a: No2 usage|257\/285|[from] item: Life Orb
|move|p1a: murakAMi|Scald|p2a: No2 usage
|-damage|p2a: No2 usage|0 fnt
|faint|p2a: No2 usage
|
|-heal|p1a: murakAMi|204\/351|[from] item: Leftovers
|c| beppityboopbop|for real tho
|
|switch|p2a: No1 usage|Landorus-Therian, M|320\/320
|-ability|p2a: No1 usage|Intimidate|[of] p1a: murakAMi
|-unboost|p1a: murakAMi|atk|1
|turn|24
|
|switch|p1a: sAMuel L|Landorus-Therian, M|286\/381
|-damage|p1a: sAMuel L|239\/381|[from] Stealth Rock
|-ability|p1a: sAMuel L|Intimidate|[of] p2a: No1 usage
|-unboost|p2a: No1 usage|atk|1
|move|p2a: No1 usage|Earthquake|p1a: sAMuel L
|-immune|p1a: sAMuel L|[msg]
|
|-heal|p1a: sAMuel L|262\/381|[from] item: Leftovers
|turn|25
|c| LadderSoTall|just goes to show pure usage means nothing
|
|switch|p2a: No2 usage Mega|Sableye-Mega, M|212\/304
|move|p1a: sAMuel L|U-turn|p2a: No2 usage Mega
|-crit|p2a: No2 usage Mega
|-damage|p2a: No2 usage Mega|134\/304
|c|âMost OU team ever|says you!
|
|switch|p1a: murakAMi|Manaphy, shiny|204\/351
|-damage|p1a: murakAMi|161\/351|[from] Stealth Rock
|
|-heal|p1a: murakAMi|182\/351|[from] item: Leftovers
|turn|26
|c| beppityboopbop|they're all awesome mons
|
|move|p1a: murakAMi|Scald|p2a: No2 usage Mega
|-damage|p2a: No2 usage Mega|11\/304
|move|p2a: No2 usage Mega|Dark Pulse|p1a: murakAMi
|-damage|p1a: murakAMi|97\/351
|
|-heal|p1a: murakAMi|118\/351|[from] item: Leftovers
|turn|27
|
|move|p1a: murakAMi|Scald|p2a: No2 usage Mega
|-damage|p2a: No2 usage Mega|0 fnt
|faint|p2a: No2 usage Mega
|
|-heal|p1a: murakAMi|139\/351|[from] item: Leftovers
|c|âgyarad0site|yum
|c| LadderSoTall|theoretically
|
|switch|p2a: No1 usage|Landorus-Therian, M|320\/320
|-ability|p2a: No1 usage|Intimidate|[of] p1a: murakAMi
|-unboost|p1a: murakAMi|atk|1
|turn|28
|
|switch|p1a: sAMuel L|Landorus-Therian, M|262\/381
|-damage|p1a: sAMuel L|215\/381|[from] Stealth Rock
|-ability|p1a: sAMuel L|Intimidate|[of] p2a: No1 usage
|-unboost|p2a: No1 usage|atk|1
|move|p2a: No1 usage|Earthquake|p1a: sAMuel L
|-immune|p1a: sAMuel L|[msg]
|
|-heal|p1a: sAMuel L|238\/381|[from] item: Leftovers
|turn|29
|c| beppityboopbop|they just don't mesh \/that\/ well
|
|switch|p2a: No3 usage|Heatran, F|386\/386
|move|p1a: sAMuel L|Rock Tomb|p2a: No3 usage
|-damage|p2a: No3 usage|319\/386
|-unboost|p2a: No3 usage|spe|1
|
|-heal|p1a: sAMuel L|261\/381|[from] item: Leftovers
|-heal|p2a: No3 usage|343\/386|[from] item: Leftovers
|turn|30
|c| beppityboopbop|rock tomb hello?
|
|move|p1a: sAMuel L|Earthquake|p2a: No3 usage
|-supereffective|p2a: No3 usage
|-damage|p2a: No3 usage|0 fnt
|faint|p2a: No3 usage
|
|-heal|p1a: sAMuel L|284\/381|[from] item: Leftovers
|
|switch|p2a: No1 usage|Landorus-Therian, M|320\/320
|-ability|p2a: No1 usage|Intimidate|[of] p1a: sAMuel L
|-unboost|p1a: sAMuel L|atk|1
|turn|31
|c| LadderSoTall|its good for speed drop
|
|move|p2a: No1 usage|Stone Edge|p1a: sAMuel L
|-damage|p1a: sAMuel L|179\/381
|move|p1a: sAMuel L|U-turn|p2a: No1 usage
|-resisted|p2a: No1 usage
|-damage|p2a: No1 usage|294\/320
|leave|beppityboopbop
|
|switch|p1a: flAMberge|Cobalion|314\/358
|-damage|p1a: flAMberge|303\/358|[from] Stealth Rock
|
|-heal|p1a: flAMberge|325\/358|[from] item: Leftovers
|turn|32
|
|move|p2a: No1 usage|Stone Edge|p1a: flAMberge
|-resisted|p1a: flAMberge
|-damage|p1a: flAMberge|297\/358
|move|p1a: flAMberge|Iron Head|p2a: No1 usage
|-damage|p2a: No1 usage|194\/320
|
|-heal|p1a: flAMberge|319\/358|[from] item: Leftovers
|turn|33
|
|move|p2a: No1 usage|Stone Edge|p1a: flAMberge
|-crit|p1a: flAMberge
|-resisted|p1a: flAMberge
|-damage|p1a: flAMberge|278\/358
|move|p1a: flAMberge|Iron Head|p2a: No1 usage
|-damage|p2a: No1 usage|80\/320
|
|-heal|p1a: flAMberge|300\/358|[from] item: Leftovers
|turn|34
|c| LadderSoTall|gg all
|
|move|p2a: No1 usage|Stone Edge|p1a: flAMberge
|-resisted|p1a: flAMberge
|-damage|p1a: flAMberge|274\/358
|move|p1a: flAMberge|Iron Head|p2a: No1 usage
|-damage|p2a: No1 usage|0 fnt
|faint|p2a: No1 usage
|
|win|gyarad0site
|c|âMost OU team ever|gg
|leave|LadderSoTall
|leave|Most OU team ever
|player|p2
|leave|Bish-arp Plz
|c|âgyarad0site|gg
|leave|TheLaughingCats
|join|jhdf