|join|Vrille
|join|gyarad0site
|player|p1|Vrille|268
|player|p2|gyarad0site|195
|gametype|singles
|gen|6
|tier|OU
|rated
|clearpoke
|poke|p1|Diancie
|poke|p1|Talonflame, F
|poke|p1|Bisharp, F
|poke|p1|Rotom-Wash
|poke|p1|Latios, M
|poke|p1|Ferrothorn, F
|poke|p2|Scizor, M, shiny
|poke|p2|Manaphy, shiny
|poke|p2|Thundurus, M
|poke|p2|Landorus-Therian, M
|poke|p2|Cobalion
|poke|p2|Latios, M
|rule|Swagger Clause: Swagger is banned
|rule|Baton Pass Clause: Limit one PokÃ©mon knowing Baton Pass
|rule|Sleep Clause Mod: Limit one foe put to sleep
|rule|Species Clause: Limit one of each PokÃ©mon
|rule|OHKO Clause: OHKO moves are banned
|rule|Moody Clause: Moody is banned
|rule|Evasion Moves Clause: Evasion moves are banned
|rule|Endless Battle Clause: Forcing endless battles is banned
|rule|HP Percentage Mod: HP is shown in percentages
|teampreview
|
|start
|switch|p1a: Latios|Latios, M|302\/302
|switch|p2a: Cobalion|Cobalion|358\/358
|turn|1
|
|move|p1a: Latios|Surf|p2a: Cobalion
|-damage|p2a: Cobalion|190\/358
|-damage|p1a: Latios|272\/302|[from] item: Life Orb
|move|p2a: Cobalion|Iron Head|p1a: Latios
|-damage|p1a: Latios|155\/302
|
|-heal|p2a: Cobalion|212\/358|[from] item: Leftovers
|turn|2
|
|switch|p2a: Latios|Latios, M|301\/301
|move|p1a: Latios|Psyshock|p2a: Latios
|-resisted|p2a: Latios
|-damage|p2a: Latios|183\/301
|-damage|p1a: Latios|125\/302|[from] item: Life Orb
|
|turn|3
|
|switch|p1a: Diancie|Diancie|275\/275
|move|p2a: Latios|Draco Meteor|p1a: Diancie
|-immune|p1a: Diancie|[msg]
|
|turn|4
|
|switch|p2a: rAM|Scizor, M, shiny|291\/291
|detailschange|p1a: Diancie|Diancie-Mega
|message|Diancie has Mega Evolved into Mega Diancie!
|move|p1a: Diancie|Moonblast|p2a: rAM
|-crit|p2a: rAM
|-resisted|p2a: rAM
|-damage|p2a: rAM|109\/291
|
|turn|5
|
|switch|p1a: Talonflame|Talonflame, F|359\/359
|switch|p2a: Cobalion|Cobalion|212\/358
|
|-heal|p2a: Cobalion|234\/358|[from] item: Leftovers
|turn|6
|
|switch|p2a: Landorus-Therian|Landorus-Therian, M|381\/381
|-ability|p2a: Landorus-Therian|Intimidate|[of] p1a: Talonflame
|-unboost|p1a: Talonflame|atk|1
|move|p1a: Talonflame|Will-O-Wisp|p2a: Landorus-Therian
|-status|p2a: Landorus-Therian|brn
|
|-damage|p2a: Landorus-Therian|334\/381 brn|[from] brn
|turn|7
|
|switch|p1a: Ferrothorn|Ferrothorn, F|352\/352
|move|p2a: Landorus-Therian|Stealth Rock|p1a: Ferrothorn
|-sidestart|p1: Vrille|move: Stealth Rock
|
|-heal|p2a: Landorus-Therian|357\/381 brn|[from] item: Leftovers
|-damage|p2a: Landorus-Therian|310\/381 brn|[from] brn
|turn|8
|
|move|p2a: Landorus-Therian|U-turn|p1a: Ferrothorn
|-damage|p1a: Ferrothorn|326\/352
|-damage|p2a: Landorus-Therian|263\/381 brn|[from] ability: Iron Barbs|[of] p1a: Ferrothorn
|
|switch|p2a: Cobalion|Cobalion|234\/358
|move|p1a: Ferrothorn|Stealth Rock|p2a: Cobalion
|-sidestart|p2: gyarad0site|move: Stealth Rock
|
|-heal|p2a: Cobalion|256\/358|[from] item: Leftovers
|-heal|p1a: Ferrothorn|348\/352|[from] item: Leftovers
|turn|9
|
|switch|p1a: Rotom-Wash|Rotom-Wash|303\/303
|-damage|p1a: Rotom-Wash|266\/303|[from] Stealth Rock
|move|p2a: Cobalion|Taunt|p1a: Rotom-Wash
|-start|p1a: Rotom-Wash|move: Taunt
|
|-heal|p2a: Cobalion|278\/358|[from] item: Leftovers
|-heal|p1a: Rotom-Wash|284\/303|[from] item: Leftovers
|turn|10
|
|move|p2a: Cobalion|Close Combat|p1a: Rotom-Wash
|-damage|p1a: Rotom-Wash|176\/303
|-unboost|p2a: Cobalion|def|1
|-unboost|p2a: Cobalion|spd|1
|move|p1a: Rotom-Wash|Volt Switch|p2a: Cobalion
|-damage|p2a: Cobalion|98\/358
|
|switch|p1a: Latios|Latios, M|125\/302
|-damage|p1a: Latios|88\/302|[from] Stealth Rock
|
|-heal|p2a: Cobalion|120\/358|[from] item: Leftovers
|turn|11
|
|move|p1a: Latios|Defog|p2a: Cobalion
|-unboost|p2a: Cobalion|evasion|1
|-sideend|p2: gyarad0site|Stealth Rock|[from] move: Defog|[of] p2a: Cobalion
|-sideend|p1: Vrille|Stealth Rock|[from] move: Defog|[of] p1a: Latios
|move|p2a: Cobalion|Iron Head|p1a: Latios
|-damage|p1a: Latios|0 fnt
|faint|p1a: Latios
|
|-heal|p2a: Cobalion|142\/358|[from] item: Leftovers
|
|switch|p1a: Talonflame|Talonflame, F|359\/359
|turn|12
|
|switch|p1a: Bisharp|Bisharp, F|271\/271
|move|p2a: Cobalion|Taunt|p1a: Bisharp
|-start|p1a: Bisharp|move: Taunt
|
|-heal|p2a: Cobalion|164\/358|[from] item: Leftovers
|turn|13
|
|switch|p1a: Talonflame|Talonflame, F|359\/359
|move|p2a: Cobalion|Close Combat|p1a: Talonflame
|-resisted|p1a: Talonflame
|-damage|p1a: Talonflame|264\/359
|-unboost|p2a: Cobalion|def|1
|-unboost|p2a: Cobalion|spd|1
|
|-heal|p2a: Cobalion|186\/358|[from] item: Leftovers
|turn|14
|
|switch|p2a: Landorus-Therian|Landorus-Therian, M|263\/381 brn
|-ability|p2a: Landorus-Therian|Intimidate|[of] p1a: Talonflame
|-unboost|p1a: Talonflame|atk|1
|move|p1a: Talonflame|Swords Dance|p1a: Talonflame
|-boost|p1a: Talonflame|atk|2
|
|-heal|p2a: Landorus-Therian|286\/381 brn|[from] item: Leftovers
|-damage|p2a: Landorus-Therian|239\/381 brn|[from] brn
|turn|15
|
|switch|p1a: Diancie|Diancie-Mega|275\/275
|move|p2a: Landorus-Therian|Rock Tomb|p1a: Diancie
|-damage|p1a: Diancie|246\/275
|-unboost|p1a: Diancie|spe|1
|
|-heal|p2a: Landorus-Therian|262\/381 brn|[from] item: Leftovers
|-damage|p2a: Landorus-Therian|215\/381 brn|[from] brn
|turn|16
|
|switch|p1a: Ferrothorn|Ferrothorn, F|348\/352
|move|p2a: Landorus-Therian|Stealth Rock|p1a: Ferrothorn
|-sidestart|p1: Vrille|move: Stealth Rock
|
|-heal|p2a: Landorus-Therian|238\/381 brn|[from] item: Leftovers
|-heal|p1a: Ferrothorn|352\/352|[from] item: Leftovers
|-damage|p2a: Landorus-Therian|191\/381 brn|[from] brn
|turn|17
|
|switch|p2a: Cobalion|Cobalion|186\/358
|move|p1a: Ferrothorn|Stealth Rock|p2a: Cobalion
|-sidestart|p2: gyarad0site|move: Stealth Rock
|
|-heal|p2a: Cobalion|208\/358|[from] item: Leftovers
|turn|18
|
|move|p2a: Cobalion|Close Combat|p1a: Ferrothorn
|-supereffective|p1a: Ferrothorn
|-damage|p1a: Ferrothorn|154\/352
|-damage|p2a: Cobalion|164\/358|[from] ability: Iron Barbs|[of] p1a: Ferrothorn
|-unboost|p2a: Cobalion|def|1
|-unboost|p2a: Cobalion|spd|1
|move|p1a: Ferrothorn|Spikes|p2a: Cobalion
|-sidestart|p2: gyarad0site|Spikes
|
|-heal|p2a: Cobalion|186\/358|[from] item: Leftovers
|-heal|p1a: Ferrothorn|176\/352|[from] item: Leftovers
|turn|19
|
|switch|p1a: Talonflame|Talonflame, F|264\/359
|-damage|p1a: Talonflame|85\/359|[from] Stealth Rock
|move|p2a: Cobalion|Close Combat|p1a: Talonflame
|-resisted|p1a: Talonflame
|-damage|p1a: Talonflame|0 fnt
|-unboost|p2a: Cobalion|def|1
|-unboost|p2a: Cobalion|spd|1
|faint|p1a: Talonflame
|
|-heal|p2a: Cobalion|208\/358|[from] item: Leftovers
|
|switch|p1a: Rotom-Wash|Rotom-Wash|176\/303
|-damage|p1a: Rotom-Wash|139\/303|[from] Stealth Rock
|turn|20
|
|move|p2a: Cobalion|Close Combat|p1a: Rotom-Wash
|-damage|p1a: Rotom-Wash|39\/303
|-unboost|p2a: Cobalion|def|1
|-unboost|p2a: Cobalion|spd|1
|move|p1a: Rotom-Wash|Pain Split|p2a: Cobalion
|-sethp|p2a: Cobalion|123\/358|p1a: Rotom-Wash|123\/303|[from] move: Pain Split
|
|-heal|p2a: Cobalion|145\/358|[from] item: Leftovers
|-heal|p1a: Rotom-Wash|141\/303|[from] item: Leftovers
|turn|21
|
|move|p2a: Cobalion|Volt Switch|p1a: Rotom-Wash
|-damage|p1a: Rotom-Wash|95\/303
|
|switch|p2a: Landorus-Therian|Landorus-Therian, M|191\/381 brn
|-damage|p2a: Landorus-Therian|144\/381 brn|[from] Stealth Rock
|-ability|p2a: Landorus-Therian|Intimidate|[of] p1a: Rotom-Wash
|-unboost|p1a: Rotom-Wash|atk|1
|move|p1a: Rotom-Wash|Hydro Pump|p2a: Landorus-Therian
|-supereffective|p2a: Landorus-Therian
|-damage|p2a: Landorus-Therian|0 fnt
|faint|p2a: Landorus-Therian
|
|-heal|p1a: Rotom-Wash|113\/303|[from] item: Leftovers
|
|switch|p2a: Manaphy|Manaphy, shiny|351\/351
|-damage|p2a: Manaphy|308\/351|[from] Spikes
|-damage|p2a: Manaphy|265\/351|[from] Stealth Rock
|turn|22
|
|move|p2a: Manaphy|Energy Ball|p1a: Rotom-Wash
|-supereffective|p1a: Rotom-Wash
|-damage|p1a: Rotom-Wash|0 fnt
|faint|p1a: Rotom-Wash
|
|-heal|p2a: Manaphy|286\/351|[from] item: Leftovers
|
|switch|p1a: Ferrothorn|Ferrothorn, F|176\/352
|-damage|p1a: Ferrothorn|154\/352|[from] Stealth Rock
|turn|23
|
|move|p2a: Manaphy|Tail Glow|p2a: Manaphy
|-boost|p2a: Manaphy|spa|3
|move|p1a: Ferrothorn|Leech Seed|p2a: Manaphy
|-start|p2a: Manaphy|move: Leech Seed
|
|-heal|p2a: Manaphy|307\/351|[from] item: Leftovers
|-heal|p1a: Ferrothorn|176\/352|[from] item: Leftovers
|-damage|p2a: Manaphy|264\/351|[from] Leech Seed|[of] p1a: Ferrothorn
|-heal|p1a: Ferrothorn|219\/352|[silent]
|turn|24
|
|move|p2a: Manaphy|Scald|p1a: Ferrothorn
|-resisted|p1a: Ferrothorn
|-damage|p1a: Ferrothorn|94\/352
|move|p1a: Ferrothorn|Spikes|p2a: Manaphy
|-sidestart|p2: gyarad0site|Spikes
|
|-heal|p2a: Manaphy|285\/351|[from] item: Leftovers
|-heal|p1a: Ferrothorn|116\/352|[from] item: Leftovers
|-damage|p2a: Manaphy|242\/351|[from] Leech Seed|[of] p1a: Ferrothorn
|-heal|p1a: Ferrothorn|159\/352|[silent]
|turn|25
|
|move|p2a: Manaphy|Scald|p1a: Ferrothorn
|-resisted|p1a: Ferrothorn
|-damage|p1a: Ferrothorn|36\/352
|move|p1a: Ferrothorn|Spikes|p2a: Manaphy
|-sidestart|p2: gyarad0site|Spikes
|
|-heal|p2a: Manaphy|263\/351|[from] item: Leftovers
|-heal|p1a: Ferrothorn|58\/352|[from] item: Leftovers
|-damage|p2a: Manaphy|220\/351|[from] Leech Seed|[of] p1a: Ferrothorn
|-heal|p1a: Ferrothorn|101\/352|[silent]
|turn|26
|
|move|p2a: Manaphy|Scald|p1a: Ferrothorn
|-resisted|p1a: Ferrothorn
|-damage|p1a: Ferrothorn|0 fnt
|faint|p1a: Ferrothorn
|
|-heal|p2a: Manaphy|241\/351|[from] item: Leftovers
|
|switch|p1a: Bisharp|Bisharp, F|271\/271
|-damage|p1a: Bisharp|255\/271|[from] Stealth Rock
|turn|27
|
|move|p2a: Manaphy|Tail Glow|p2a: Manaphy
|-boost|p2a: Manaphy|spa|3
|move|p1a: Bisharp|Knock Off|p2a: Manaphy
|-damage|p2a: Manaphy|70\/351
|-enditem|p2a: Manaphy|Leftovers|[from] move: Knock Off|[of] p1a: Bisharp
|
|-damage|p2a: Manaphy|27\/351|[from] Leech Seed|[of] p1a: Bisharp
|-heal|p1a: Bisharp|271\/271|[silent]
|turn|28
|
|move|p1a: Bisharp|Sucker Punch|p2a: Manaphy
|-damage|p2a: Manaphy|0 fnt
|faint|p2a: Manaphy
|
|
|switch|p2a: Cobalion|Cobalion|145\/358
|-damage|p2a: Cobalion|56\/358|[from] Spikes
|-damage|p2a: Cobalion|45\/358|[from] Stealth Rock
|turn|29
|
|move|p1a: Bisharp|Sucker Punch|p2a: Cobalion
|-resisted|p2a: Cobalion
|-damage|p2a: Cobalion|0 fnt
|faint|p2a: Cobalion
|
|
|switch|p2a: Latios|Latios, M|183\/301
|-damage|p2a: Latios|146\/301|[from] Stealth Rock
|turn|30
|
|move|p2a: Latios|Defog|p1a: Bisharp
|-unboost|p1a: Bisharp|evasion|1
|-boost|p1a: Bisharp|atk|2|[from] ability: Defiant
|-sideend|p1: Vrille|Stealth Rock|[from] move: Defog|[of] p1a: Bisharp
|-sideend|p2: gyarad0site|Spikes|[from] move: Defog|[of] p2a: Latios
|-sideend|p2: gyarad0site|Stealth Rock|[from] move: Defog|[of] p2a: Latios
|move|p1a: Bisharp|Knock Off|p2a: Latios
|-supereffective|p2a: Latios
|-damage|p2a: Latios|0 fnt
|-enditem|p2a: Latios|Choice Scarf|[from] move: Knock Off|[of] p1a: Bisharp
|faint|p2a: Latios
|
|
|switch|p2a: Thundurus|Thundurus, M|299\/299
|turn|31
|
|move|p2a: Thundurus|Thunder Wave|p1a: Bisharp
|-status|p1a: Bisharp|par
|-enditem|p1a: Bisharp|Lum Berry|[eat]
|-curestatus|p1a: Bisharp|par
|move|p1a: Bisharp|Sucker Punch|p2a: Thundurus
|-fail|p2a: Thundurus
|
|turn|32
|
|move|p2a: Thundurus|Thunder Wave|p1a: Bisharp
|-status|p1a: Bisharp|par
|move|p1a: Bisharp|Knock Off|p2a: Thundurus
|-crit|p2a: Thundurus
|-damage|p2a: Thundurus|0 fnt
|-enditem|p2a: Thundurus|Leftovers|[from] move: Knock Off|[of] p1a: Bisharp
|faint|p2a: Thundurus
|
|
|switch|p2a: rAM|Scizor, M, shiny|109\/291
|turn|33
|
|detailschange|p2a: rAM|Scizor-Mega, M, shiny
|message|Scizor has Mega Evolved into Mega Scizor!
|move|p2a: rAM|Superpower|p1a: Bisharp
|-supereffective|p1a: Bisharp
|-damage|p1a: Bisharp|0 fnt
|-unboost|p2a: rAM|atk|1
|-unboost|p2a: rAM|def|1
|faint|p1a: Bisharp
|
|
|switch|p1a: Diancie|Diancie-Mega|246\/275
|turn|34
|
|move|p2a: rAM|Bullet Punch|p1a: Diancie
|-supereffective|p1a: Diancie
|-damage|p1a: Diancie|0 fnt
|faint|p1a: Diancie
|
|win|gyarad0site
|raw|Ladder updating...
|raw|Vrille's rating: 1682 &rarr; <strong>1662<\/strong><br \/>(-20 for losing)
|raw|gyarad0site's rating: 1679 &rarr; <strong>1699<\/strong><br \/>(+20 for winning)
|c|âgyarad0site|gg