|join|gyarad0site
|join|TTkT
|player|p1|gyarad0site|195
|player|p2|TTkT|40
|gametype|singles
|gen|6
|tier|OU
|rated
|clearpoke
|poke|p1|Scizor, M, shiny
|poke|p1|Manaphy, shiny
|poke|p1|Thundurus, M
|poke|p1|Landorus-Therian, M
|poke|p1|Cobalion
|poke|p1|Latios, M
|poke|p2|Greninja, M, shiny
|poke|p2|Charizard, M
|poke|p2|Infernape, M
|poke|p2|Dragonite, F
|poke|p2|Azumarill, F, shiny
|poke|p2|Scizor, M
|rule|Swagger Clause: Swagger is banned
|rule|Baton Pass Clause: Limit one PokÃ©mon knowing Baton Pass
|rule|Sleep Clause Mod: Limit one foe put to sleep
|rule|Species Clause: Limit one of each PokÃ©mon
|rule|OHKO Clause: OHKO moves are banned
|rule|Moody Clause: Moody is banned
|rule|Evasion Moves Clause: Evasion moves are banned
|rule|Endless Battle Clause: Forcing endless battles is banned
|rule|HP Percentage Mod: HP is shown in percentages
|teampreview
|
|start
|switch|p1a: Thundurus|Thundurus, M|299\/299
|switch|p2a: Saber|Dragonite, F|323\/323
|turn|1
|
|move|p1a: Thundurus|Thunder Wave|p2a: Saber
|-status|p2a: Saber|par
|move|p2a: Saber|Draco Meteor|p1a: Thundurus|[miss]
|-miss|p2a: Saber|p1a: Thundurus
|
|turn|2
|
|move|p1a: Thundurus|Volt Switch|p2a: Saber
|-damage|p2a: Saber|267\/323 par
|
|switch|p1a: flAMberge|Cobalion|358\/358
|cant|p2a: Saber|par
|
|turn|3
|
|move|p1a: flAMberge|Iron Head|p2a: Saber
|-damage|p2a: Saber|156\/323 par
|move|p2a: Saber|Fire Blast|p1a: flAMberge|[miss]
|-miss|p2a: Saber|p1a: flAMberge
|
|turn|4
|
|move|p1a: flAMberge|Iron Head|p2a: Saber
|-damage|p2a: Saber|39\/323 par
|move|p2a: Saber|Draco Meteor|p1a: flAMberge
|-resisted|p1a: flAMberge
|-damage|p1a: flAMberge|170\/358
|-unboost|p2a: Saber|spa|2
|-damage|p2a: Saber|7\/323 par|[from] item: Life Orb
|
|-heal|p1a: flAMberge|192\/358|[from] item: Leftovers
|turn|5
|
|move|p1a: flAMberge|Iron Head|p2a: Saber
|-damage|p2a: Saber|0 fnt
|faint|p2a: Saber
|
|-heal|p1a: flAMberge|214\/358|[from] item: Leftovers
|
|switch|p2a: Lancer|Infernape, M|293\/293
|turn|6
|
|move|p2a: Lancer|Stealth Rock|p1a: flAMberge
|-sidestart|p1: gyarad0site|move: Stealth Rock
|move|p1a: flAMberge|Volt Switch|p2a: Lancer
|-damage|p2a: Lancer|233\/293
|
|switch|p1a: sAMuel L|Landorus-Therian, M|381\/381
|-damage|p1a: sAMuel L|334\/381|[from] Stealth Rock
|-ability|p1a: sAMuel L|Intimidate|[of] p2a: Lancer
|-unboost|p2a: Lancer|atk|1
|
|-heal|p1a: sAMuel L|357\/381|[from] item: Leftovers
|turn|7
|
|move|p2a: Lancer|Fire Blast|p1a: sAMuel L
|-damage|p1a: sAMuel L|167\/381
|move|p1a: sAMuel L|Stealth Rock|p2a: Lancer
|-sidestart|p2: TTkT|move: Stealth Rock
|
|-heal|p1a: sAMuel L|190\/381|[from] item: Leftovers
|turn|8
|
|move|p2a: Lancer|Fire Blast|p1a: sAMuel L
|-crit|p1a: sAMuel L
|-damage|p1a: sAMuel L|0 fnt
|faint|p1a: sAMuel L
|
|
|switch|p1a: Latios|Latios, M|301\/301
|-damage|p1a: Latios|264\/301|[from] Stealth Rock
|turn|9
|
|move|p1a: Latios|Psyshock|p2a: Lancer
|-supereffective|p2a: Lancer
|-damage|p2a: Lancer|0 fnt
|faint|p2a: Lancer
|
|
|switch|p2a: Assassin|Greninja, M, shiny|285\/285
|-damage|p2a: Assassin|250\/285|[from] Stealth Rock
|turn|10
|
|switch|p1a: flAMberge|Cobalion|214\/358
|-damage|p1a: flAMberge|203\/358|[from] Stealth Rock
|move|p2a: Assassin|Ice Beam|p1a: flAMberge
|-start|p2a: Assassin|typechange|Ice|[from] Protean
|-resisted|p1a: flAMberge
|-damage|p1a: flAMberge|90\/358
|-damage|p2a: Assassin|222\/285|[from] item: Life Orb
|
|-heal|p1a: flAMberge|112\/358|[from] item: Leftovers
|turn|11
|
|move|p2a: Assassin|Hydro Pump|p1a: flAMberge
|-start|p2a: Assassin|typechange|Water|[from] Protean
|-damage|p1a: flAMberge|0 fnt
|-damage|p2a: Assassin|194\/285|[from] item: Life Orb
|faint|p1a: flAMberge
|
|
|switch|p1a: murakAMi|Manaphy, shiny|351\/351
|-damage|p1a: murakAMi|308\/351|[from] Stealth Rock
|turn|12
|
|move|p2a: Assassin|Extrasensory|p1a: murakAMi
|-start|p2a: Assassin|typechange|Psychic|[from] Protean
|-damage|p1a: murakAMi|162\/351
|-damage|p2a: Assassin|166\/285|[from] item: Life Orb
|move|p1a: murakAMi|Scald|p2a: Assassin
|-damage|p2a: Assassin|0 fnt
|faint|p2a: Assassin
|
|-heal|p1a: murakAMi|183\/351|[from] item: Leftovers
|
|switch|p2a: Berserker|Charizard, M|333\/333
|-damage|p2a: Berserker|167\/333|[from] Stealth Rock
|turn|13
|
|switch|p1a: Latios|Latios, M|264\/301
|-damage|p1a: Latios|227\/301|[from] Stealth Rock
|detailschange|p2a: Berserker|Charizard-Mega-X, M
|message|Charizard has Mega Evolved into Mega Charizard!
|move|p2a: Berserker|Dragon Dance|p2a: Berserker
|-boost|p2a: Berserker|atk|1
|-boost|p2a: Berserker|spe|1
|
|turn|14
|
|move|p1a: Latios|Draco Meteor|p2a: Berserker
|-supereffective|p2a: Berserker
|-damage|p2a: Berserker|0 fnt
|-unboost|p1a: Latios|spa|2
|faint|p2a: Berserker
|
|
|switch|p2a: Archer|Scizor, M|344\/344
|-damage|p2a: Archer|301\/344|[from] Stealth Rock
|turn|15
|
|switch|p1a: murakAMi|Manaphy, shiny|183\/351
|-damage|p1a: murakAMi|140\/351|[from] Stealth Rock
|move|p2a: Archer|Swords Dance|p2a: Archer
|-boost|p2a: Archer|atk|2
|
|-heal|p1a: murakAMi|161\/351|[from] item: Leftovers
|-heal|p2a: Archer|322\/344|[from] item: Leftovers
|turn|16
|
|move|p1a: murakAMi|Scald|p2a: Archer
|-damage|p2a: Archer|171\/344
|move|p2a: Archer|Bug Bite|p1a: murakAMi
|-damage|p1a: murakAMi|0 fnt
|faint|p1a: murakAMi
|
|-heal|p2a: Archer|192\/344|[from] item: Leftovers
|
|switch|p1a: rAMbo|Scizor, M, shiny|291\/291
|-damage|p1a: rAMbo|255\/291|[from] Stealth Rock
|turn|17
|
|detailschange|p1a: rAMbo|Scizor-Mega, M, shiny
|message|Scizor has Mega Evolved into Mega Scizor!
|move|p1a: rAMbo|Swords Dance|p1a: rAMbo
|-boost|p1a: rAMbo|atk|2
|move|p2a: Archer|Superpower|p1a: rAMbo
|-damage|p1a: rAMbo|20\/291
|-unboost|p2a: Archer|atk|1
|-unboost|p2a: Archer|def|1
|
|-heal|p2a: Archer|213\/344|[from] item: Leftovers
|turn|18
|join|niconi
|
|move|p1a: rAMbo|Bullet Punch|p2a: Archer
|-resisted|p2a: Archer
|-damage|p2a: Archer|24\/344
|move|p2a: Archer|Bullet Punch|p1a: rAMbo
|-resisted|p1a: rAMbo
|-damage|p1a: rAMbo|0 fnt
|faint|p1a: rAMbo
|
|-heal|p2a: Archer|45\/344|[from] item: Leftovers
|c| niconi|hi
|
|switch|p1a: Thundurus|Thundurus, M|299\/299
|-damage|p1a: Thundurus|225\/299|[from] Stealth Rock
|turn|19
|
|move|p2a: Archer|Bullet Punch|p1a: Thundurus
|-resisted|p1a: Thundurus
|-damage|p1a: Thundurus|104\/299
|move|p1a: Thundurus|Volt Switch|p2a: Archer
|-damage|p2a: Archer|0 fnt
|faint|p2a: Archer
|
|switch|p1a: Latios|Latios, M|227\/301
|-damage|p1a: Latios|190\/301|[from] Stealth Rock
|
|c|âgyarad0site|i think i lost fren
|c| niconi|yo
|c| niconi|lol
|c|âgyarad0site|sup
|c| niconi|naw you got this
|c| niconi|fuck azumarill
|c|âgyarad0site|lol
|c| niconi|hows it going my brother
|c| niconi|you doing well?
|
|switch|p2a: Rider|Azumarill, F, shiny|403\/403
|-damage|p2a: Rider|353\/403|[from] Stealth Rock
|turn|20
|c|âgyarad0site|not so bad
|c|âgyarad0site|what item do you think the azu is
|c|âgyarad0site|if it's band i win
|c|âgyarad0site|if it's not band i lose
|c| niconi|assault vest Kappa, probably not bad tbh
|
|move|p2a: Rider|Aqua Jet|p1a: Latios
|-resisted|p1a: Latios
|-damage|p1a: Latios|113\/301
|move|p1a: Latios|Psyshock|p2a: Rider
|-damage|p2a: Rider|178\/403
|
|turn|21
|
|move|p2a: Rider|Aqua Jet|p1a: Latios
|-resisted|p1a: Latios
|-damage|p1a: Latios|30\/301
|move|p1a: Latios|Psyshock|p2a: Rider
|-damage|p2a: Rider|10\/403
|
|turn|22
|c|âgyarad0site|or
|c|âgyarad0site|it's band and i still lose
|c|âgyarad0site|:p
|
|move|p2a: Rider|Aqua Jet|p1a: Latios
|-resisted|p1a: Latios
|-damage|p1a: Latios|0 fnt
|faint|p1a: Latios
|
|
|switch|p1a: Thundurus|Thundurus, M|104\/299
|-damage|p1a: Thundurus|30\/299|[from] Stealth Rock
|turn|23
|c| niconi|and this is why you run rocky helmet t rus
|c|âgyarad0site|lol i'd still lose
|c|âgyarad0site|i'd go down first
|
|move|p1a: Thundurus|Thunder Wave|p2a: Rider
|-status|p2a: Rider|par
|move|p2a: Rider|Aqua Jet|p1a: Thundurus
|-damage|p1a: Thundurus|0 fnt
|faint|p1a: Thundurus
|
|win|TTkT
|raw|Ladder updating...
|c|âgyarad0site|gg