|join|gyarad0site
|join|jake5
|player|p1|gyarad0site|195
|player|p2|jake5|290
|gametype|singles
|gen|6
|tier|OU
|rated
|clearpoke
|poke|p1|Scizor, M, shiny
|poke|p1|Manaphy, shiny
|poke|p1|Thundurus, M
|poke|p1|Landorus-Therian, M
|poke|p1|Cobalion
|poke|p1|Latios, M
|poke|p2|Scizor, M, shiny
|poke|p2|Gengar, M, shiny
|poke|p2|Greninja, F, shiny
|poke|p2|Latias, F, shiny
|poke|p2|Landorus-Therian, M, shiny
|poke|p2|Infernape, M, shiny
|rule|Swagger Clause: Swagger is banned
|rule|Baton Pass Clause: Limit one PokÃ©mon knowing Baton Pass
|rule|Sleep Clause Mod: Limit one foe put to sleep
|rule|Species Clause: Limit one of each PokÃ©mon
|rule|OHKO Clause: OHKO moves are banned
|rule|Moody Clause: Moody is banned
|rule|Evasion Moves Clause: Evasion moves are banned
|rule|Endless Battle Clause: Forcing endless battles is banned
|rule|HP Percentage Mod: HP is shown in percentages
|teampreview
|
|start
|switch|p1a: Thundurus|Thundurus, M|299\/299
|switch|p2a: Infernape|Infernape, M, shiny|293\/293
|turn|1
|
|move|p1a: Thundurus|Taunt|p2a: Infernape
|-start|p2a: Infernape|move: Taunt
|cant|p2a: Infernape|move: Taunt|Stealth Rock
|
|turn|2
|
|switch|p2a: Landorus-Therian|Landorus-Therian, M, shiny|330\/330
|-ability|p2a: Landorus-Therian|Intimidate|[of] p1a: Thundurus
|-unboost|p1a: Thundurus|atk|1
|move|p1a: Thundurus|Volt Switch|p2a: Landorus-Therian
|-immune|p2a: Landorus-Therian|[msg]
|
|turn|3
|
|switch|p1a: Landorus-Therian|Landorus-Therian, M|381\/381
|-ability|p1a: Landorus-Therian|Intimidate|[of] p2a: Landorus-Therian
|-unboost|p2a: Landorus-Therian|atk|1
|move|p2a: Landorus-Therian|U-turn|p1a: Landorus-Therian
|-resisted|p1a: Landorus-Therian
|-damage|p1a: Landorus-Therian|357\/381
|
|switch|p2a: Infernape|Infernape, M, shiny|293\/293
|
|-heal|p1a: Landorus-Therian|380\/381|[from] item: Leftovers
|turn|4
|
|move|p2a: Infernape|Stealth Rock|p1a: Landorus-Therian
|-sidestart|p1: gyarad0site|move: Stealth Rock
|move|p1a: Landorus-Therian|U-turn|p2a: Infernape
|-resisted|p2a: Infernape
|-damage|p2a: Infernape|268\/293
|
|switch|p1a: Latios|Latios, M|301\/301
|-damage|p1a: Latios|264\/301|[from] Stealth Rock
|
|turn|5
|
|move|p1a: Latios|Draco Meteor|p2a: Infernape
|-damage|p2a: Infernape|0 fnt
|-unboost|p1a: Latios|spa|2
|faint|p2a: Infernape
|
|
|switch|p2a: Landorus-Therian|Landorus-Therian, M, shiny|330\/330
|-ability|p2a: Landorus-Therian|Intimidate|[of] p1a: Latios
|-unboost|p1a: Latios|atk|1
|turn|6
|
|switch|p1a: Cobalion|Cobalion|358\/358
|-damage|p1a: Cobalion|347\/358|[from] Stealth Rock
|move|p2a: Landorus-Therian|U-turn|p1a: Cobalion
|-resisted|p1a: Cobalion
|-damage|p1a: Cobalion|327\/358
|
|switch|p2a: Scizor|Scizor, M, shiny|311\/311
|
|-heal|p1a: Cobalion|349\/358|[from] item: Leftovers
|turn|7
|
|detailschange|p2a: Scizor|Scizor-Mega, M, shiny
|message|Scizor has Mega Evolved into Mega Scizor!
|move|p1a: Cobalion|Taunt|p2a: Scizor
|-start|p2a: Scizor|move: Taunt
|cant|p2a: Scizor|move: Taunt|Swords Dance
|
|-heal|p1a: Cobalion|358\/358|[from] item: Leftovers
|turn|8
|
|switch|p2a: Gengar|Gengar, M, shiny|261\/261
|move|p1a: Cobalion|Volt Switch|p2a: Gengar
|-damage|p2a: Gengar|207\/261
|
|switch|p1a: Landorus-Therian|Landorus-Therian, M|380\/381
|-damage|p1a: Landorus-Therian|333\/381|[from] Stealth Rock
|-ability|p1a: Landorus-Therian|Intimidate|[of] p2a: Gengar
|-unboost|p2a: Gengar|atk|1
|
|-heal|p1a: Landorus-Therian|356\/381|[from] item: Leftovers
|turn|9
|
|move|p2a: Gengar|Shadow Ball|p1a: Landorus-Therian
|-damage|p1a: Landorus-Therian|121\/381
|-damage|p2a: Gengar|181\/261|[from] item: Life Orb
|move|p1a: Landorus-Therian|Stealth Rock|p2a: Gengar
|-sidestart|p2: jake5|move: Stealth Rock
|
|-heal|p1a: Landorus-Therian|144\/381|[from] item: Leftovers
|turn|10
|
|move|p2a: Gengar|Shadow Ball|p1a: Landorus-Therian
|-damage|p1a: Landorus-Therian|0 fnt
|-damage|p2a: Gengar|155\/261|[from] item: Life Orb
|faint|p1a: Landorus-Therian
|
|
|switch|p1a: rAM|Scizor, M, shiny|291\/291
|-damage|p1a: rAM|255\/291|[from] Stealth Rock
|turn|11
|
|switch|p2a: Scizor|Scizor-Mega, M, shiny|311\/311
|-damage|p2a: Scizor|273\/311|[from] Stealth Rock
|detailschange|p1a: rAM|Scizor-Mega, M, shiny
|message|Scizor has Mega Evolved into Mega Scizor!
|move|p1a: rAM|Swords Dance|p1a: rAM
|-boost|p1a: rAM|atk|2
|
|turn|12
|
|move|p1a: rAM|Swords Dance|p1a: rAM
|-boost|p1a: rAM|atk|2
|move|p2a: Scizor|Swords Dance|p2a: Scizor
|-boost|p2a: Scizor|atk|2
|
|turn|13
|
|move|p2a: Scizor|Bullet Punch|p1a: rAM
|-resisted|p1a: rAM
|-damage|p1a: rAM|157\/291
|move|p1a: rAM|Swords Dance|p1a: rAM
|-boost|p1a: rAM|atk|2
|
|turn|14
|
|move|p2a: Scizor|Bullet Punch|p1a: rAM
|-resisted|p1a: rAM
|-damage|p1a: rAM|54\/291
|move|p1a: rAM|Superpower|p2a: Scizor
|-damage|p2a: Scizor|0 fnt
|-unboost|p1a: rAM|atk|1
|-unboost|p1a: rAM|def|1
|faint|p2a: Scizor
|
|
|switch|p2a: Landorus-Therian|Landorus-Therian, M, shiny|330\/330
|-damage|p2a: Landorus-Therian|289\/330|[from] Stealth Rock
|-ability|p2a: Landorus-Therian|Intimidate|[of] p1a: rAM
|-unboost|p1a: rAM|atk|1
|turn|15
|
|switch|p2a: Latias|Latias, F, shiny|301\/301
|-damage|p2a: Latias|264\/301|[from] Stealth Rock
|move|p1a: rAM|Bullet Punch|p2a: Latias
|-damage|p2a: Latias|0 fnt
|faint|p2a: Latias
|
|
|switch|p2a: Greninja|Greninja, F, shiny|285\/285
|-damage|p2a: Greninja|250\/285|[from] Stealth Rock
|turn|16
|
|move|p1a: rAM|Bullet Punch|p2a: Greninja
|-resisted|p2a: Greninja
|-damage|p2a: Greninja|10\/285
|move|p2a: Greninja|Dark Pulse|p1a: rAM
|-start|p2a: Greninja|typechange|Dark|[from] Protean
|-damage|p1a: rAM|0 fnt
|-damage|p2a: Greninja|0 fnt|[from] item: Life Orb
|faint|p1a: rAM
|faint|p2a: Greninja
|
|
|switch|p2a: Landorus-Therian|Landorus-Therian, M, shiny|289\/330
|switch|p1a: Cobalion|Cobalion|358\/358
|-damage|p2a: Landorus-Therian|248\/330|[from] Stealth Rock
|-ability|p2a: Landorus-Therian|Intimidate|[of] p1a: Cobalion
|-unboost|p1a: Cobalion|atk|1
|-damage|p1a: Cobalion|347\/358|[from] Stealth Rock
|turn|17
|
|move|p2a: Landorus-Therian|Stone Edge|p1a: Cobalion
|-crit|p1a: Cobalion
|-resisted|p1a: Cobalion
|-damage|p1a: Cobalion|307\/358
|move|p1a: Cobalion|Volt Switch|p2a: Landorus-Therian
|-immune|p2a: Landorus-Therian|[msg]
|
|-heal|p1a: Cobalion|329\/358|[from] item: Leftovers
|turn|18
|
|switch|p2a: Gengar|Gengar, M, shiny|155\/261
|-damage|p2a: Gengar|123\/261|[from] Stealth Rock
|move|p1a: Cobalion|Iron Head|p2a: Gengar
|-damage|p2a: Gengar|30\/261
|
|-heal|p1a: Cobalion|351\/358|[from] item: Leftovers
|turn|19
|
|switch|p1a: Manaphy|Manaphy, shiny|351\/351
|-damage|p1a: Manaphy|308\/351|[from] Stealth Rock
|move|p2a: Gengar|Focus Blast|p1a: Manaphy
|-damage|p1a: Manaphy|109\/351
|-damage|p2a: Gengar|4\/261|[from] item: Life Orb
|
|-heal|p1a: Manaphy|130\/351|[from] item: Leftovers
|turn|20
|
|move|p2a: Gengar|Sludge Wave|p1a: Manaphy
|-damage|p1a: Manaphy|0 fnt
|-damage|p2a: Gengar|0 fnt|[from] item: Life Orb
|faint|p1a: Manaphy
|faint|p2a: Gengar
|
|-message|jake5 forfeited.
|
|switch|p2a: Landorus-Therian|Landorus-Therian, M, shiny|248\/330
|switch|p1a: Cobalion|Cobalion|351\/358
|-damage|p2a: Landorus-Therian|207\/330|[from] Stealth Rock
|-ability|p2a: Landorus-Therian|Intimidate|[of] p1a: Cobalion
|-unboost|p1a: Cobalion|atk|1
|-damage|p1a: Cobalion|340\/358|[from] Stealth Rock
|turn|21
|leave|jake5
|
|win|gyarad0site
|raw|Ladder updating...
|player|p2
|c|âgyarad0site|gg
|raw|gyarad0site's rating: 1691 &rarr; <strong>1707<\/strong><br \/>(+16 for winning)
|raw|jake5's rating: 1619 &rarr; <strong>1603<\/strong><br \/>(-16 for losing)