|join|lil manaphy
|join|gyarad0site
|player|p1|lil manaphy|272
|player|p2|gyarad0site|195
|gametype|singles
|gen|6
|tier|OU
|rated
|clearpoke
|poke|p1|Lopunny, M
|poke|p1|Rotom-Wash
|poke|p1|Gothitelle, F
|poke|p1|Celebi
|poke|p1|Heatran, M
|poke|p1|Mandibuzz, F
|poke|p2|Lopunny, F, shiny
|poke|p2|Celebi
|poke|p2|Hippowdon, M
|poke|p2|Zapdos
|poke|p2|Azumarill, F
|poke|p2|Lucario, F
|rule|Swagger Clause: Swagger is banned
|rule|Baton Pass Clause: Limit one PokÃ©mon knowing Baton Pass
|rule|Sleep Clause Mod: Limit one foe put to sleep
|rule|Species Clause: Limit one of each PokÃ©mon
|rule|OHKO Clause: OHKO moves are banned
|rule|Moody Clause: Moody is banned
|rule|Evasion Moves Clause: Evasion moves are banned
|rule|Endless Battle Clause: Forcing endless battles is banned
|rule|HP Percentage Mod: HP is shown in percentages
|teampreview
|c|âgyarad0site|hf
|
|start
|switch|p1a: sneeb|Rotom-Wash|303\/303
|switch|p2a: Zapdos|Zapdos|384\/384
|-ability|p2a: Zapdos|Pressure
|turn|1
|join|Eric Wrona
|
|switch|p1a: your fave kween|Heatran, M|386\/386
|move|p2a: Zapdos|Volt Switch|p1a: your fave kween
|-damage|p1a: your fave kween|308\/386
|join|m00n's blanket
|
|switch|p2a: Lucario|Lucario, F|281\/281
|
|-heal|p1a: your fave kween|332\/386|[from] item: Leftovers
|turn|2
|c| m00n's blanket|gary running the luc
|
|switch|p1a: pleeza no freeza|Mandibuzz, F|423\/423
|move|p2a: Lucario|Close Combat|p1a: pleeza no freeza
|-damage|p1a: pleeza no freeza|232\/423
|-damage|p2a: Lucario|235\/281|[from] item: Rocky Helmet|[of] p1a: pleeza no freeza
|-unboost|p2a: Lucario|def|1
|-unboost|p2a: Lucario|spd|1
|-damage|p2a: Lucario|207\/281|[from] item: Life Orb
|
|turn|3
|c|âlil manaphy|the bulk
|
|switch|p2a: Azumarill|Azumarill, F|404\/404
|move|p1a: pleeza no freeza|Roost|p1a: pleeza no freeza
|-heal|p1a: pleeza no freeza|423\/423
|
|turn|4
|
|switch|p1a: sneeb|Rotom-Wash|303\/303
|move|p2a: Azumarill|Knock Off|p1a: sneeb
|-damage|p1a: sneeb|207\/303
|-enditem|p1a: sneeb|Leftovers|[from] move: Knock Off|[of] p2a: Azumarill
|
|turn|5
|
|switch|p2a: Celebi|Celebi|404\/404
|move|p1a: sneeb|Volt Switch|p2a: Celebi
|-resisted|p2a: Celebi
|-damage|p2a: Celebi|374\/404
|
|switch|p1a: suffocate|Gothitelle, F|301\/301
|
|-heal|p2a: Celebi|399\/404|[from] item: Leftovers
|turn|6
|
|move|p1a: suffocate|Trick|p2a: Celebi
|-activate|p1a: suffocate|move: Trick|[of] p2a: Celebi
|-item|p2a: Celebi|Choice Scarf|[from] move: Trick
|-item|p1a: suffocate|Leftovers|[from] move: Trick
|move|p2a: Celebi|Baton Pass|p2a: Celebi
|
|switch|p2a: Lopunny|Lopunny, F, shiny|271\/271
|
|turn|7
|
|detailschange|p2a: Lopunny|Lopunny-Mega, F, shiny
|-mega|p2a: Lopunny|Lopunny|Lopunnite
|move|p2a: Lopunny|Encore|p1a: suffocate
|-start|p1a: suffocate|Encore
|move|p1a: suffocate|Trick|p2a: Lopunny
|-fail|p2a: Lopunny
|
|turn|8
|
|switch|p1a: pleeza no freeza|Mandibuzz, F|423\/423
|move|p2a: Lopunny|Frustration|p1a: pleeza no freeza
|-damage|p1a: pleeza no freeza|285\/423
|-damage|p2a: Lopunny|226\/271|[from] item: Rocky Helmet|[of] p1a: pleeza no freeza
|
|turn|9
|
|switch|p2a: Azumarill|Azumarill, F|404\/404
|move|p1a: pleeza no freeza|Roost|p1a: pleeza no freeza
|-heal|p1a: pleeza no freeza|423\/423
|
|turn|10
|
|switch|p1a: sneeb|Rotom-Wash|207\/303
|move|p2a: Azumarill|Play Rough|p1a: sneeb|[miss]
|-miss|p2a: Azumarill|p1a: sneeb
|
|turn|11
|
|switch|p2a: Celebi|Celebi|399\/404
|move|p1a: sneeb|Will-O-Wisp|p2a: Celebi
|-status|p2a: Celebi|brn
|
|-damage|p2a: Celebi|349\/404 brn|[from] brn
|turn|12
|
|move|p2a: Celebi|Seed Bomb|p1a: sneeb
|-supereffective|p1a: sneeb
|-damage|p1a: sneeb|139\/303
|move|p1a: sneeb|Volt Switch|p2a: Celebi
|-resisted|p2a: Celebi
|-damage|p2a: Celebi|319\/404 brn
|
|switch|p1a: suffocate|Gothitelle, F|301\/301
|
|-damage|p2a: Celebi|269\/404 brn|[from] brn
|turn|13
|
|move|p2a: Celebi|Seed Bomb|p1a: suffocate
|-damage|p1a: suffocate|259\/301
|move|p1a: suffocate|Calm Mind|p1a: suffocate
|-boost|p1a: suffocate|spa|1
|-boost|p1a: suffocate|spd|1
|
|-heal|p1a: suffocate|277\/301|[from] item: Leftovers
|-damage|p2a: Celebi|219\/404 brn|[from] brn
|turn|14
|c|âlil manaphy|why seed bomb over like, giga drain
|
|move|p2a: Celebi|Seed Bomb|p1a: suffocate
|-damage|p1a: suffocate|234\/301
|move|p1a: suffocate|Calm Mind|p1a: suffocate
|-boost|p1a: suffocate|spa|1
|-boost|p1a: suffocate|spd|1
|
|-heal|p1a: suffocate|252\/301|[from] item: Leftovers
|-damage|p2a: Celebi|169\/404 brn|[from] brn
|turn|15
|c|âgyarad0site|( SD pass )
|c|âlil manaphy|is this sd pass
|c|âlil manaphy|oh
|c|âlil manaphy|okay ya
|
|move|p2a: Celebi|Seed Bomb|p1a: suffocate
|-damage|p1a: suffocate|206\/301
|move|p1a: suffocate|Calm Mind|p1a: suffocate
|-boost|p1a: suffocate|spa|1
|-boost|p1a: suffocate|spd|1
|
|-heal|p1a: suffocate|224\/301|[from] item: Leftovers
|-damage|p2a: Celebi|119\/404 brn|[from] brn
|turn|16
|
|move|p2a: Celebi|Seed Bomb|p1a: suffocate
|-damage|p1a: suffocate|178\/301
|move|p1a: suffocate|Trick|p2a: Celebi
|-activate|p1a: suffocate|move: Trick|[of] p2a: Celebi
|-item|p2a: Celebi|Leftovers|[from] move: Trick
|-item|p1a: suffocate|Choice Scarf|[from] move: Trick
|
|-heal|p2a: Celebi|144\/404 brn|[from] item: Leftovers
|-damage|p2a: Celebi|94\/404 brn|[from] brn
|turn|17
|
|move|p1a: suffocate|Psychic|p2a: Celebi
|-resisted|p2a: Celebi
|-damage|p2a: Celebi|0 fnt
|faint|p2a: Celebi
|
|c| m00n's blanket|that was a pretty fun play right there
|c| m00n's blanket|sweep?
|c|âlil manaphy|lucario and azu stop that
|c|âlil manaphy|but one has to take a psychic
|c|âgyarad0site|yep
|
|switch|p2a: Azumarill|Azumarill, F|404\/404
|turn|18
|
|move|p1a: suffocate|Psychic|p2a: Azumarill
|-damage|p2a: Azumarill|28\/404
|-enditem|p2a: Azumarill|Sitrus Berry|[eat]
|-heal|p2a: Azumarill|129\/404|[from] item: Sitrus Berry
|move|p2a: Azumarill|Knock Off|p1a: suffocate
|-supereffective|p1a: suffocate
|-damage|p1a: suffocate|0 fnt
|-enditem|p1a: suffocate|Choice Scarf|[from] move: Knock Off|[of] p2a: Azumarill
|faint|p1a: suffocate
|
|c| m00n's blanket|daaaaamm
|
|switch|p1a: sneeb|Rotom-Wash|139\/303
|turn|19
|
|switch|p2a: Zapdos|Zapdos|384\/384
|-ability|p2a: Zapdos|Pressure
|move|p1a: sneeb|Volt Switch|p2a: Zapdos
|-damage|p2a: Zapdos|296\/384
|
|switch|p1a: your fave kween|Heatran, M|332\/386
|
|-heal|p2a: Zapdos|320\/384|[from] item: Leftovers
|-heal|p1a: your fave kween|356\/386|[from] item: Leftovers
|turn|20
|
|move|p2a: Zapdos|Volt Switch|p1a: your fave kween
|-damage|p1a: your fave kween|280\/386
|
|switch|p2a: Hippowdon|Hippowdon, M|420\/420
|-weather|Sandstorm
|move|p1a: your fave kween|Stealth Rock|p2a: Hippowdon
|-sidestart|p2: gyarad0site|move: Stealth Rock
|
|-weather|Sandstorm|[upkeep]
|-heal|p1a: your fave kween|304\/386|[from] item: Leftovers
|turn|21
|
|switch|p1a: sneeb|Rotom-Wash|139\/303
|move|p2a: Hippowdon|Stealth Rock|p1a: sneeb
|-sidestart|p1: lil manaphy|move: Stealth Rock
|
|-weather|Sandstorm|[upkeep]
|-damage|p1a: sneeb|121\/303|[from] sandstorm
|turn|22
|
|move|p1a: sneeb|Will-O-Wisp|p2a: Hippowdon|[miss]
|-miss|p1a: sneeb|p2a: Hippowdon
|move|p2a: Hippowdon|Rock Tomb|p1a: sneeb|[miss]
|-miss|p2a: Hippowdon|p1a: sneeb
|
|-weather|Sandstorm|[upkeep]
|-damage|p1a: sneeb|103\/303|[from] sandstorm
|turn|23
|
|switch|p2a: Zapdos|Zapdos|320\/384
|-damage|p2a: Zapdos|224\/384|[from] Stealth Rock
|-ability|p2a: Zapdos|Pressure
|move|p1a: sneeb|Pain Split|p2a: Zapdos
|-sethp|p2a: Zapdos|163\/384|p1a: sneeb|163\/303|[from] move: Pain Split
|
|-weather|Sandstorm|[upkeep]
|-damage|p2a: Zapdos|139\/384|[from] sandstorm
|-damage|p1a: sneeb|145\/303|[from] sandstorm
|-heal|p2a: Zapdos|163\/384|[from] item: Leftovers
|turn|24
|
|move|p2a: Zapdos|Toxic|p1a: sneeb
|-status|p1a: sneeb|tox
|move|p1a: sneeb|Volt Switch|p2a: Zapdos
|-damage|p2a: Zapdos|75\/384
|
|switch|p1a: Couture|Lopunny, M|271\/271
|-damage|p1a: Couture|238\/271|[from] Stealth Rock
|
|-weather|none
|-heal|p2a: Zapdos|99\/384|[from] item: Leftovers
|turn|25
|
|detailschange|p1a: Couture|Lopunny-Mega, M
|-mega|p1a: Couture|Lopunny|Lopunnite
|move|p1a: Couture|Return|p2a: Zapdos
|-damage|p2a: Zapdos|0 fnt
|faint|p2a: Zapdos
|
|
|switch|p2a: Hippowdon|Hippowdon, M|420\/420
|-damage|p2a: Hippowdon|394\/420|[from] Stealth Rock
|-weather|Sandstorm
|turn|26
|
|switch|p1a: just my onion|Celebi|404\/404
|-damage|p1a: just my onion|354\/404|[from] Stealth Rock
|move|p2a: Hippowdon|Rock Tomb|p1a: just my onion
|-damage|p1a: just my onion|299\/404
|-unboost|p1a: just my onion|spe|1
|
|-weather|Sandstorm|[upkeep]
|-damage|p1a: just my onion|274\/404|[from] sandstorm
|-heal|p1a: just my onion|299\/404|[from] item: Leftovers
|-heal|p2a: Hippowdon|420\/420|[from] item: Leftovers
|turn|27
|
|switch|p2a: Lucario|Lucario, F|207\/281
|-damage|p2a: Lucario|199\/281|[from] Stealth Rock
|move|p1a: just my onion|Giga Drain|p2a: Lucario
|-resisted|p2a: Lucario
|-damage|p2a: Lucario|141\/281
|-heal|p1a: just my onion|328\/404|[from] drain|[of] p2a: Lucario
|
|-weather|Sandstorm|[upkeep]
|-damage|p1a: just my onion|303\/404|[from] sandstorm
|-heal|p1a: just my onion|328\/404|[from] item: Leftovers
|turn|28
|
|switch|p1a: sneeb|Rotom-Wash|145\/303 tox
|-damage|p1a: sneeb|108\/303 tox|[from] Stealth Rock
|move|p2a: Lucario|Swords Dance|p2a: Lucario
|-boost|p2a: Lucario|atk|2
|
|-weather|Sandstorm|[upkeep]
|-damage|p1a: sneeb|90\/303 tox|[from] sandstorm
|-damage|p1a: sneeb|72\/303 tox|[from] psn
|turn|29
|
|move|p2a: Lucario|Extreme Speed|p1a: sneeb
|-damage|p1a: sneeb|0 fnt
|-damage|p2a: Lucario|113\/281|[from] item: Life Orb
|faint|p1a: sneeb
|
|-weather|Sandstorm|[upkeep]
|
|switch|p1a: pleeza no freeza|Mandibuzz, F|423\/423
|-damage|p1a: pleeza no freeza|318\/423|[from] Stealth Rock
|turn|30
|
|move|p2a: Lucario|Close Combat|p1a: pleeza no freeza
|-crit|p1a: pleeza no freeza
|-damage|p1a: pleeza no freeza|0 fnt
|-damage|p2a: Lucario|67\/281|[from] item: Rocky Helmet|[of] p1a: pleeza no freeza
|-unboost|p2a: Lucario|def|1
|-unboost|p2a: Lucario|spd|1
|-damage|p2a: Lucario|39\/281|[from] item: Life Orb
|faint|p1a: pleeza no freeza
|
|-weather|none
|
|switch|p1a: Couture|Lopunny-Mega, M|238\/271
|-damage|p1a: Couture|222\/271|[from] Stealth Rock
|turn|31
|
|switch|p2a: Hippowdon|Hippowdon, M|420\/420
|-damage|p2a: Hippowdon|394\/420|[from] Stealth Rock
|-weather|Sandstorm
|move|p1a: Couture|Fake Out|p2a: Hippowdon
|-damage|p2a: Hippowdon|345\/420
|
|-weather|Sandstorm|[upkeep]
|-damage|p1a: Couture|206\/271|[from] sandstorm
|-heal|p2a: Hippowdon|371\/420|[from] item: Leftovers
|turn|32
|
|switch|p2a: Lucario|Lucario, F|39\/281
|-damage|p2a: Lucario|31\/281|[from] Stealth Rock
|move|p1a: Couture|Power-Up Punch|p2a: Lucario
|-supereffective|p2a: Lucario
|-damage|p2a: Lucario|0 fnt
|-boost|p1a: Couture|atk|1
|faint|p2a: Lucario
|
|-weather|Sandstorm|[upkeep]
|-damage|p1a: Couture|190\/271|[from] sandstorm
|
|switch|p2a: Lopunny|Lopunny-Mega, F, shiny|226\/271
|-damage|p2a: Lopunny|210\/271|[from] Stealth Rock
|turn|33
|
|move|p1a: Couture|Drain Punch|p2a: Lopunny
|-supereffective|p2a: Lopunny
|-damage|p2a: Lopunny|0 fnt
|-heal|p1a: Couture|271\/271|[from] drain|[of] p2a: Lopunny
|faint|p2a: Lopunny
|
|-weather|Sandstorm|[upkeep]
|-damage|p1a: Couture|255\/271|[from] sandstorm
|c|âgyarad0site|g g
|c|âlil manaphy|gg
|c|âlil manaphy|were you adamant?
|c|âlil manaphy|i was jolly max
|
|switch|p2a: Hippowdon|Hippowdon, M|371\/420
|-damage|p2a: Hippowdon|345\/420|[from] Stealth Rock
|turn|34
|c|âgyarad0site|hell no
|c|âgyarad0site|jolly max
|c|âlil manaphy|okay
|c|âlil manaphy|well then :x
|
|move|p1a: Couture|Power-Up Punch|p2a: Hippowdon
|-damage|p2a: Hippowdon|279\/420
|-boost|p1a: Couture|atk|1
|move|p2a: Hippowdon|Earthquake|p1a: Couture
|-crit|p1a: Couture
|-damage|p1a: Couture|47\/271
|
|-weather|Sandstorm|[upkeep]
|-damage|p1a: Couture|31\/271|[from] sandstorm
|-heal|p2a: Hippowdon|305\/420|[from] item: Leftovers
|turn|35
|c|âlil manaphy|hey ive seen it used before
|c|âlil manaphy|i dont like it
|
|move|p1a: Couture|Drain Punch|p2a: Hippowdon
|-damage|p2a: Hippowdon|136\/420
|-heal|p1a: Couture|116\/271|[from] drain|[of] p2a: Hippowdon
|move|p2a: Hippowdon|Slack Off|p2a: Hippowdon
|-heal|p2a: Hippowdon|346\/420
|
|-weather|none
|-heal|p2a: Hippowdon|372\/420|[from] item: Leftovers
|turn|36
|c|âgyarad0site|wups
|
|move|p1a: Couture|Drain Punch|p2a: Hippowdon
|-damage|p2a: Hippowdon|194\/420
|-heal|p1a: Couture|205\/271|[from] drain|[of] p2a: Hippowdon
|move|p2a: Hippowdon|Earthquake|p1a: Couture
|-damage|p1a: Couture|67\/271
|
|-heal|p2a: Hippowdon|220\/420|[from] item: Leftovers
|turn|37
|
|move|p1a: Couture|Return|p2a: Hippowdon
|-damage|p2a: Hippowdon|0 fnt
|faint|p2a: Hippowdon
|
|
|switch|p2a: Azumarill|Azumarill, F|129\/404
|-damage|p2a: Azumarill|79\/404|[from] Stealth Rock
|turn|38
|
|switch|p1a: just my onion|Celebi|328\/404
|-damage|p1a: just my onion|278\/404|[from] Stealth Rock
|move|p2a: Azumarill|Aqua Jet|p1a: just my onion
|-resisted|p1a: just my onion
|-damage|p1a: just my onion|231\/404
|
|-heal|p1a: just my onion|256\/404|[from] item: Leftovers
|turn|39
|
|move|p1a: just my onion|Giga Drain|p2a: Azumarill
|-supereffective|p2a: Azumarill
|-damage|p2a: Azumarill|0 fnt
|-heal|p1a: just my onion|296\/404|[from] drain|[of] p2a: Azumarill
|faint|p2a: Azumarill
|
|win|lil manaphy
|raw|Ladder updating...
|c|âgyarad0site|gg
|c|âlil manaphy|gg sorry bout the speed tie
|raw|lil manaphy's rating: 1759 &rarr; <strong>1772<\/strong><br \/>(+13 for winning)
|raw|gyarad0site's rating: 1628 &rarr; <strong>1615<\/strong><br \/>(-13 for losing)
|leave|lil manaphy
|player|p1