|join|brxken silence
|join|gyarad0site
|player|p1|brxken silence|33
|player|p2|gyarad0site|195
|gametype|singles
|gen|6
|tier|OU
|rated
|clearpoke
|poke|p1|Lopunny, F, shiny
|poke|p1|Landorus-Therian, M
|poke|p1|Rotom-Wash
|poke|p1|Ferrothorn, F
|poke|p1|Tentacruel, M
|poke|p1|Clefable, F
|poke|p2|Gallade, M
|poke|p2|Bisharp, M
|poke|p2|Garchomp, M
|poke|p2|Zapdos
|poke|p2|Clefable, F
|poke|p2|Gengar, F
|rule|Swagger Clause: Swagger is banned
|rule|Baton Pass Clause: Limit one PokÃ©mon knowing Baton Pass
|rule|Sleep Clause Mod: Limit one foe put to sleep
|rule|Species Clause: Limit one of each PokÃ©mon
|rule|OHKO Clause: OHKO moves are banned
|rule|Moody Clause: Moody is banned
|rule|Evasion Moves Clause: Evasion moves are banned
|rule|Endless Battle Clause: Forcing endless battles is banned
|rule|HP Percentage Mod: HP is shown in percentages
|teampreview
|
|start
|switch|p1a: Covergirl|Lopunny, F, shiny|271\/271
|switch|p2a: Garchomp|Garchomp, M|420\/420
|turn|1
|
|detailschange|p1a: Covergirl|Lopunny-Mega, F, shiny
|-mega|p1a: Covergirl|Lopunny|Lopunnite
|move|p1a: Covergirl|Fake Out|p2a: Garchomp
|-damage|p2a: Garchomp|344\/420
|-damage|p1a: Covergirl|238\/271|[from] ability: Rough Skin|[of] p2a: Garchomp
|-damage|p1a: Covergirl|193\/271|[from] item: Rocky Helmet|[of] p2a: Garchomp
|cant|p2a: Garchomp|flinch
|
|turn|2
|join|Kugawattan
|
|move|p1a: Covergirl|Baton Pass|p1a: Covergirl
|
|switch|p1a: Rotom-Wash|Rotom-Wash|301\/301
|move|p2a: Garchomp|Stealth Rock|p1a: Rotom-Wash
|-sidestart|p1: brxken silence|move: Stealth Rock
|
|turn|3
|
|switch|p2a: Zapdos|Zapdos|384\/384
|-ability|p2a: Zapdos|Pressure
|move|p1a: Rotom-Wash|Will-O-Wisp|p2a: Zapdos
|-status|p2a: Zapdos|brn
|
|-damage|p2a: Zapdos|336\/384 brn|[from] brn
|turn|4
|
|move|p2a: Zapdos|Volt Switch|p1a: Rotom-Wash
|-damage|p1a: Rotom-Wash|199\/301
|
|switch|p2a: Garchomp|Garchomp, M|344\/420
|move|p1a: Rotom-Wash|Volt Switch|p2a: Garchomp
|-immune|p2a: Garchomp|[msg]
|
|-heal|p1a: Rotom-Wash|217\/301|[from] item: Leftovers
|turn|5
|
|switch|p2a: Zapdos|Zapdos|336\/384 brn
|-ability|p2a: Zapdos|Pressure
|move|p1a: Rotom-Wash|Hydro Pump|p2a: Zapdos|[miss]
|-miss|p1a: Rotom-Wash|p2a: Zapdos
|
|-heal|p2a: Zapdos|360\/384 brn|[from] item: Leftovers
|-heal|p1a: Rotom-Wash|235\/301|[from] item: Leftovers
|-damage|p2a: Zapdos|312\/384 brn|[from] brn
|turn|6
|
|move|p2a: Zapdos|Volt Switch|p1a: Rotom-Wash
|-crit|p1a: Rotom-Wash
|-damage|p1a: Rotom-Wash|82\/301
|
|switch|p2a: Clefable|Clefable, F|393\/393
|move|p1a: Rotom-Wash|Pain Split|p2a: Clefable
|-sethp|p2a: Clefable|237\/393|p1a: Rotom-Wash|237\/301|[from] move: Pain Split
|
|-heal|p1a: Rotom-Wash|255\/301|[from] item: Leftovers
|-heal|p2a: Clefable|261\/393|[from] item: Leftovers
|turn|7
|
|move|p1a: Rotom-Wash|Volt Switch|p2a: Clefable
|-damage|p2a: Clefable|180\/393
|
|switch|p1a: Ferrothorn|Ferrothorn, F|351\/351
|-damage|p1a: Ferrothorn|330\/351|[from] Stealth Rock
|move|p2a: Clefable|Aromatherapy|p2a: Clefable
|-cureteam|p2a: Clefable|[from] move: Aromatherapy
|
|-heal|p2a: Clefable|204\/393|[from] item: Leftovers
|turn|8
|
|switch|p2a: Gallade|Gallade, M|277\/277
|move|p1a: Ferrothorn|Gyro Ball|p2a: Gallade
|-damage|p2a: Gallade|54\/277
|
|turn|9
|
|detailschange|p2a: Gallade|Gallade-Mega, M
|-mega|p2a: Gallade|Gallade|Galladite
|move|p2a: Gallade|Ice Punch|p1a: Ferrothorn
|-damage|p1a: Ferrothorn|245\/351
|-damage|p2a: Gallade|20\/277|[from] ability: Iron Barbs|[of] p1a: Ferrothorn
|-damage|p2a: Gallade|0 fnt|[from] item: Rocky Helmet|[of] p1a: Ferrothorn
|faint|p2a: Gallade
|move|p1a: Ferrothorn|Spikes|p2: Gallade
|-sidestart|p2: gyarad0site|Spikes
|
|c|âgyarad0site|:[
|
|switch|p2a: Zapdos|Zapdos|312\/384
|-ability|p2a: Zapdos|Pressure
|turn|10
|
|move|p2a: Zapdos|Heat Wave|p1a: Ferrothorn
|-supereffective|p1a: Ferrothorn
|-damage|p1a: Ferrothorn|0 fnt
|faint|p1a: Ferrothorn
|
|-heal|p2a: Zapdos|336\/384|[from] item: Leftovers
|
|switch|p1a: Landorus-Therian|Landorus-Therian, M|379\/379
|-damage|p1a: Landorus-Therian|332\/379|[from] Stealth Rock
|-ability|p1a: Landorus-Therian|Intimidate|[of] p2a: Zapdos
|-unboost|p2a: Zapdos|atk|1
|turn|11
|
|move|p2a: Zapdos|Roost|p2a: Zapdos
|-heal|p2a: Zapdos|384\/384
|move|p1a: Landorus-Therian|Stealth Rock|p2a: Zapdos
|-sidestart|p2: gyarad0site|move: Stealth Rock
|
|-heal|p1a: Landorus-Therian|355\/379|[from] item: Leftovers
|turn|12
|
|move|p2a: Zapdos|Defog|p1a: Landorus-Therian
|-unboost|p1a: Landorus-Therian|evasion|1
|-sideend|p1: brxken silence|Stealth Rock|[from] move: Defog|[of] p1a: Landorus-Therian
|-sideend|p2: gyarad0site|Spikes|[from] move: Defog|[of] p2a: Zapdos
|-sideend|p2: gyarad0site|Stealth Rock|[from] move: Defog|[of] p2a: Zapdos
|move|p1a: Landorus-Therian|Stone Edge|p2a: Zapdos
|-supereffective|p2a: Zapdos
|-damage|p2a: Zapdos|202\/384
|
|-heal|p2a: Zapdos|226\/384|[from] item: Leftovers
|-heal|p1a: Landorus-Therian|378\/379|[from] item: Leftovers
|turn|13
|c| Kugawattan|Well that's way more bulky that I expected
|
|move|p2a: Zapdos|Roost|p2a: Zapdos
|-heal|p2a: Zapdos|384\/384
|move|p1a: Landorus-Therian|Earthquake|p2a: Zapdos
|-supereffective|p2a: Zapdos
|-damage|p2a: Zapdos|96\/384
|
|-heal|p2a: Zapdos|120\/384|[from] item: Leftovers
|-heal|p1a: Landorus-Therian|379\/379|[from] item: Leftovers
|turn|14
|
|move|p2a: Zapdos|Heat Wave|p1a: Landorus-Therian
|-damage|p1a: Landorus-Therian|263\/379
|-status|p1a: Landorus-Therian|brn
|move|p1a: Landorus-Therian|Stealth Rock|p2a: Zapdos
|-sidestart|p2: gyarad0site|move: Stealth Rock
|
|-heal|p2a: Zapdos|144\/384|[from] item: Leftovers
|-heal|p1a: Landorus-Therian|286\/379 brn|[from] item: Leftovers
|-damage|p1a: Landorus-Therian|239\/379 brn|[from] brn
|turn|15
|c|âbrxken silence|ah nice
|c|âgyarad0site|:[
|c|âbrxken silence|that 10%
|c| Kugawattan|dat hax tho
|
|move|p2a: Zapdos|Defog|p1a: Landorus-Therian
|-unboost|p1a: Landorus-Therian|evasion|1
|-sideend|p2: gyarad0site|Stealth Rock|[from] move: Defog|[of] p2a: Zapdos
|move|p1a: Landorus-Therian|U-turn|p2a: Zapdos
|-resisted|p2a: Zapdos
|-damage|p2a: Zapdos|127\/384
|
|switch|p1a: Covergirl|Lopunny-Mega, F, shiny|193\/271
|
|-heal|p2a: Zapdos|151\/384|[from] item: Leftovers
|turn|16
|
|switch|p2a: Garchomp|Garchomp, M|344\/420
|move|p1a: Covergirl|Return|p2a: Garchomp
|-damage|p2a: Garchomp|170\/420
|-damage|p1a: Covergirl|160\/271|[from] ability: Rough Skin|[of] p2a: Garchomp
|-damage|p1a: Covergirl|115\/271|[from] item: Rocky Helmet|[of] p2a: Garchomp
|
|turn|17
|
|move|p1a: Covergirl|High Jump Kick|p2a: Garchomp
|-crit|p2a: Garchomp
|-damage|p2a: Garchomp|0 fnt
|-damage|p1a: Covergirl|82\/271|[from] ability: Rough Skin|[of] p2a: Garchomp
|-damage|p1a: Covergirl|37\/271|[from] item: Rocky Helmet|[of] p2a: Garchomp
|faint|p2a: Garchomp
|
|
|switch|p2a: Bisharp|Bisharp, M|291\/291
|turn|18
|
|move|p1a: Covergirl|High Jump Kick|p2a: Bisharp|[miss]
|-miss|p1a: Covergirl|p2a: Bisharp
|-damage|p1a: Covergirl|0 fnt|[from] highjumpkick
|faint|p1a: Covergirl
|move|p2a: Bisharp|Knock Off|p1: Covergirl|[notarget]
|-notarget
|
|c|âgyarad0site|okay
|c|âbrxken silence|fucking shit
|
|switch|p1a: Rotom-Wash|Rotom-Wash|255\/301
|turn|19
|
|switch|p2a: Clefable|Clefable, F|204\/393
|move|p1a: Rotom-Wash|Volt Switch|p2a: Clefable
|-damage|p2a: Clefable|119\/393
|c|âbrxken silence|hate this crappy ass game, i'm on a 11-0 winning streak with that team i wont let fucking hax end this
|
|switch|p1a: Tentacruel|Tentacruel, M|363\/363
|
|-heal|p2a: Clefable|143\/393|[from] item: Leftovers
|turn|20
|
|switch|p2a: Bisharp|Bisharp, M|291\/291
|move|p1a: Tentacruel|Acid Spray|p2a: Bisharp
|-immune|p2a: Bisharp|[msg]
|
|turn|21
|
|move|p2a: Bisharp|Knock Off|p1a: Tentacruel
|-damage|p1a: Tentacruel|62\/363
|-enditem|p1a: Tentacruel|Black Sludge|[from] move: Knock Off|[of] p2a: Bisharp
|move|p1a: Tentacruel|Scald|p2a: Bisharp
|-crit|p2a: Bisharp
|-damage|p2a: Bisharp|135\/291
|
|turn|22
|
|move|p2a: Bisharp|Pursuit|p1a: Tentacruel
|-damage|p1a: Tentacruel|0 fnt
|faint|p1a: Tentacruel
|
|
|switch|p1a: Rotom-Wash|Rotom-Wash|255\/301
|turn|23
|
|move|p2a: Bisharp|Knock Off|p1a: Rotom-Wash
|-damage|p1a: Rotom-Wash|111\/301
|-enditem|p1a: Rotom-Wash|Leftovers|[from] move: Knock Off|[of] p2a: Bisharp
|move|p1a: Rotom-Wash|Hydro Pump|p2a: Bisharp
|-damage|p2a: Bisharp|0 fnt
|faint|p2a: Bisharp
|
|
|switch|p2a: Gengar|Gengar, F|259\/259
|turn|24
|
|move|p2a: Gengar|Sludge Wave|p1a: Rotom-Wash
|-damage|p1a: Rotom-Wash|0 fnt
|-damage|p2a: Gengar|234\/259|[from] item: Life Orb
|faint|p1a: Rotom-Wash
|
|
|switch|p1a: Landorus-Therian|Landorus-Therian, M|239\/379 brn
|-ability|p1a: Landorus-Therian|Intimidate|[of] p2a: Gengar
|-unboost|p2a: Gengar|atk|1
|turn|25
|
|switch|p2a: Clefable|Clefable, F|143\/393
|move|p1a: Landorus-Therian|Stone Edge|p2a: Clefable
|-crit|p2a: Clefable
|-damage|p2a: Clefable|59\/393
|
|-heal|p1a: Landorus-Therian|262\/379 brn|[from] item: Leftovers
|-heal|p2a: Clefable|83\/393|[from] item: Leftovers
|-damage|p1a: Landorus-Therian|215\/379 brn|[from] brn
|turn|26
|
|switch|p2a: Zapdos|Zapdos|151\/384
|-ability|p2a: Zapdos|Pressure
|move|p1a: Landorus-Therian|Earthquake|p2a: Zapdos
|-immune|p2a: Zapdos|[msg]
|
|-heal|p2a: Zapdos|175\/384|[from] item: Leftovers
|-heal|p1a: Landorus-Therian|238\/379 brn|[from] item: Leftovers
|-damage|p1a: Landorus-Therian|191\/379 brn|[from] brn
|turn|27
|c|âgyarad0site|this game was obviously shit
|
|move|p2a: Zapdos|Heat Wave|p1a: Landorus-Therian
|-damage|p1a: Landorus-Therian|81\/379 brn
|move|p1a: Landorus-Therian|Stealth Rock|p2a: Zapdos
|-sidestart|p2: gyarad0site|move: Stealth Rock
|
|-heal|p2a: Zapdos|199\/384|[from] item: Leftovers
|-heal|p1a: Landorus-Therian|104\/379 brn|[from] item: Leftovers
|-damage|p1a: Landorus-Therian|57\/379 brn|[from] brn
|turn|28
|
|move|p2a: Zapdos|Defog|p1a: Landorus-Therian
|-unboost|p1a: Landorus-Therian|evasion|1
|-sideend|p2: gyarad0site|Stealth Rock|[from] move: Defog|[of] p2a: Zapdos
|move|p1a: Landorus-Therian|Stone Edge|p2a: Zapdos
|-supereffective|p2a: Zapdos
|-damage|p2a: Zapdos|101\/384
|
|-heal|p2a: Zapdos|125\/384|[from] item: Leftovers
|-heal|p1a: Landorus-Therian|80\/379 brn|[from] item: Leftovers
|-damage|p1a: Landorus-Therian|33\/379 brn|[from] brn
|turn|29
|c| Kugawattan|but it is shit I enjoy with passion tho <3
|
|move|p2a: Zapdos|Heat Wave|p1a: Landorus-Therian
|-damage|p1a: Landorus-Therian|0 fnt
|faint|p1a: Landorus-Therian
|
|-heal|p2a: Zapdos|149\/384|[from] item: Leftovers
|
|switch|p1a: Clefable|Clefable, F|394\/394
|turn|30
|c|âgyarad0site|i don't really know how to handle defensive pivots w\/ this team
|c|âgyarad0site|the standart ferro rotom-w lando-t
|c|âbrxken silence|well with hax you dealt with it quite well lmao
|
|move|p2a: Zapdos|Volt Switch|p1a: Clefable
|-damage|p1a: Clefable|286\/394
|c|âgyarad0site|loool this battle notwithstanding
|
|switch|p2a: Gengar|Gengar, F|234\/259
|move|p1a: Clefable|Calm Mind|p1a: Clefable
|-boost|p1a: Clefable|spa|1
|-boost|p1a: Clefable|spd|1
|
|-heal|p1a: Clefable|310\/394|[from] item: Leftovers
|turn|31
|c|âbrxken silence|and zapdos is pretty awesome against most of the standard shit
|c|âgyarad0site|yeh there was no need for me to bring gallade into ferro
|c|âgyarad0site|was reckless & dum
|c|âgyarad0site|when i have heat wave zappy
|
|move|p2a: Gengar|Sludge Wave|p1a: Clefable
|-crit|p1a: Clefable
|-supereffective|p1a: Clefable
|-damage|p1a: Clefable|0 fnt
|-damage|p2a: Gengar|209\/259|[from] item: Life Orb
|faint|p1a: Clefable
|
|win|gyarad0site
|raw|Ladder updating...
|raw|brxken silence's rating: 1528 &rarr; <strong>1512<\/strong><br \/>(-16 for losing)
|raw|gyarad0site's rating: 1591 &rarr; <strong>1608<\/strong><br \/>(+17 for winning)
|c|âgyarad0site|bg
|c|âbrxken silence|ahh
|c|âbrxken silence|insult to injury
|c|âbrxken silence|might've had a chance
|c|âbrxken silence|gg
|leave|brxken silence
|player|p1