|join|gyarad0site
|join|pain in my neck
|player|p1|gyarad0site|195
|player|p2|pain in my neck|265
|gametype|singles
|gen|6
|tier|OU
|rated
|clearpoke
|poke|p1|Gallade, M
|poke|p1|Bisharp, M
|poke|p1|Garchomp, M
|poke|p1|Zapdos
|poke|p1|Clefable, F
|poke|p1|Gengar, M
|poke|p2|Altaria, M
|poke|p2|Keldeo-Resolute
|poke|p2|Tyranitar, F
|poke|p2|Gliscor, M
|poke|p2|Slowbro, M
|poke|p2|Ferrothorn, F
|rule|Swagger Clause: Swagger is banned
|rule|Baton Pass Clause: Limit one PokÃ©mon knowing Baton Pass
|rule|Sleep Clause Mod: Limit one foe put to sleep
|rule|Species Clause: Limit one of each PokÃ©mon
|rule|OHKO Clause: OHKO moves are banned
|rule|Moody Clause: Moody is banned
|rule|Evasion Moves Clause: Evasion moves are banned
|rule|Endless Battle Clause: Forcing endless battles is banned
|rule|HP Percentage Mod: HP is shown in percentages
|teampreview
|join|brandenw
|
|start
|switch|p1a: Zapdos|Zapdos|384\/384
|switch|p2a: Keldeo-Resolute|Keldeo-Resolute|323\/323
|-ability|p1a: Zapdos|Pressure
|turn|1
|
|switch|p2a: Gliscor|Gliscor, M|353\/353
|move|p1a: Zapdos|Volt Switch|p2a: Gliscor
|-immune|p2a: Gliscor|[msg]
|
|-status|p2a: Gliscor|tox|[from] item: Toxic Orb
|turn|2
|join|4d0pt3d
|
|switch|p1a: Garchomp|Garchomp, M|420\/420
|move|p2a: Gliscor|Swords Dance|p2a: Gliscor
|-boost|p2a: Gliscor|atk|2
|
|turn|3
|leave|brandenw
|
|move|p2a: Gliscor|Earthquake|p1a: Garchomp
|-damage|p1a: Garchomp|200\/420
|move|p1a: Garchomp|Dragon Tail|p2a: Gliscor
|-damage|p2a: Gliscor|277\/353 tox
|drag|p2a: Slowbro|Slowbro, M|393\/393
|
|turn|4
|
|move|p1a: Garchomp|Toxic|p2a: Slowbro
|-status|p2a: Slowbro|tox
|move|p2a: Slowbro|Scald|p1a: Garchomp
|-damage|p1a: Garchomp|82\/420
|
|-damage|p2a: Slowbro|369\/393 tox|[from] psn
|turn|5
|
|move|p1a: Garchomp|Stealth Rock|p2a: Slowbro
|-sidestart|p2: pain in my neck|move: Stealth Rock
|move|p2a: Slowbro|Scald|p1a: Garchomp
|-damage|p1a: Garchomp|0 fnt
|faint|p1a: Garchomp
|
|-heal|p2a: Slowbro|393\/393 tox|[from] item: Leftovers
|-damage|p2a: Slowbro|345\/393 tox|[from] psn
|
|switch|p1a: Bisharp|Bisharp, M|291\/291
|turn|6
|
|switch|p2a: Gliscor|Gliscor, M|277\/353 tox
|-damage|p2a: Gliscor|233\/353 tox|[from] Stealth Rock
|move|p1a: Bisharp|Knock Off|p2a: Gliscor
|-damage|p2a: Gliscor|43\/353 tox
|-enditem|p2a: Gliscor|Toxic Orb|[from] move: Knock Off|[of] p1a: Bisharp
|
|-heal|p2a: Gliscor|87\/353 tox|[from] ability: Poison Heal
|turn|7
|
|switch|p1a: Gengar|Gengar, M|259\/259
|move|p2a: Gliscor|Roost|p2a: Gliscor
|-heal|p2a: Gliscor|264\/353 tox
|
|-heal|p2a: Gliscor|308\/353 tox|[from] ability: Poison Heal
|turn|8
|
|switch|p1a: Gallade|Gallade, M|277\/277
|move|p2a: Gliscor|Knock Off|p1a: Gallade
|-damage|p1a: Gallade|203\/277
|-boost|p1a: Gallade|atk|1|[from] ability: Justified
|
|-heal|p2a: Gliscor|352\/353 tox|[from] ability: Poison Heal
|turn|9
|
|switch|p2a: Slowbro|Slowbro, M|393\/393 tox
|-damage|p2a: Slowbro|344\/393 tox|[from] Stealth Rock
|detailschange|p1a: Gallade|Gallade-Mega, M
|-mega|p1a: Gallade|Gallade|Galladite
|move|p1a: Gallade|Ice Punch|p2a: Slowbro
|-resisted|p2a: Slowbro
|-damage|p2a: Slowbro|284\/393 tox
|
|-heal|p2a: Slowbro|308\/393 tox|[from] item: Leftovers
|-damage|p2a: Slowbro|284\/393 tox|[from] psn
|turn|10
|
|switch|p1a: Zapdos|Zapdos|384\/384
|-ability|p1a: Zapdos|Pressure
|move|p2a: Slowbro|Thunder Wave|p1a: Zapdos
|-fail|p1a: Zapdos
|
|-heal|p2a: Slowbro|308\/393 tox|[from] item: Leftovers
|-damage|p2a: Slowbro|260\/393 tox|[from] psn
|turn|11
|
|switch|p1a: Clefable|Clefable, F|393\/393
|switch|p2a: Gliscor|Gliscor, M|352\/353 tox
|-damage|p2a: Gliscor|308\/353 tox|[from] Stealth Rock
|
|-heal|p2a: Gliscor|352\/353 tox|[from] ability: Poison Heal
|turn|12
|
|move|p2a: Gliscor|Swords Dance|p2a: Gliscor
|-boost|p2a: Gliscor|atk|2
|move|p1a: Clefable|Calm Mind|p1a: Clefable
|-boost|p1a: Clefable|spa|1
|-boost|p1a: Clefable|spd|1
|
|-heal|p2a: Gliscor|353\/353 tox|[from] ability: Poison Heal
|turn|13
|
|move|p2a: Gliscor|Knock Off|p1a: Clefable
|-resisted|p1a: Clefable
|-damage|p1a: Clefable|354\/393
|-enditem|p1a: Clefable|Leftovers|[from] move: Knock Off|[of] p2a: Gliscor
|move|p1a: Clefable|Moonblast|p2a: Gliscor
|-damage|p2a: Gliscor|182\/353 tox
|-unboost|p2a: Gliscor|spa|1
|
|-heal|p2a: Gliscor|226\/353 tox|[from] ability: Poison Heal
|turn|14
|
|move|p2a: Gliscor|Earthquake|p1a: Clefable
|-damage|p1a: Clefable|234\/393
|move|p1a: Clefable|Moonblast|p2a: Gliscor
|-damage|p2a: Gliscor|63\/353 tox
|-unboost|p2a: Gliscor|spa|1
|
|-heal|p2a: Gliscor|107\/353 tox|[from] ability: Poison Heal
|turn|15
|
|switch|p2a: Slowbro|Slowbro, M|391\/393 tox
|-damage|p2a: Slowbro|342\/393 tox|[from] Stealth Rock
|move|p1a: Clefable|Moonlight|p1a: Clefable
|-heal|p1a: Clefable|393\/393
|
|-heal|p2a: Slowbro|366\/393 tox|[from] item: Leftovers
|-damage|p2a: Slowbro|342\/393 tox|[from] psn
|turn|16
|
|move|p1a: Clefable|Moonblast|p2a: Slowbro
|-damage|p2a: Slowbro|170\/393 tox
|move|p2a: Slowbro|Scald|p1a: Clefable
|-damage|p1a: Clefable|335\/393
|-status|p1a: Clefable|brn
|
|-heal|p2a: Slowbro|194\/393 tox|[from] item: Leftovers
|-damage|p1a: Clefable|286\/393 brn|[from] brn
|-damage|p2a: Slowbro|146\/393 tox|[from] psn
|turn|17
|leave|4d0pt3d
|join|4d0pt3d
|
|switch|p2a: Ferrothorn|Ferrothorn, F|351\/351
|-damage|p2a: Ferrothorn|330\/351|[from] Stealth Rock
|move|p1a: Clefable|Aromatherapy|p1a: Clefable
|-cureteam|p1a: Clefable|[from] move: Aromatherapy
|
|-heal|p2a: Ferrothorn|351\/351|[from] item: Leftovers
|turn|18
|
|switch|p1a: Bisharp|Bisharp, M|291\/291
|move|p2a: Ferrothorn|Leech Seed|p1a: Bisharp
|-start|p1a: Bisharp|move: Leech Seed
|
|-damage|p1a: Bisharp|255\/291|[from] Leech Seed|[of] p2a: Ferrothorn
|turn|19
|
|move|p1a: Bisharp|Knock Off|p2a: Ferrothorn
|-damage|p2a: Ferrothorn|195\/351
|-damage|p1a: Bisharp|219\/291|[from] ability: Iron Barbs|[of] p2a: Ferrothorn
|-enditem|p2a: Ferrothorn|Leftovers|[from] move: Knock Off|[of] p1a: Bisharp
|move|p2a: Ferrothorn|Stealth Rock|p1a: Bisharp
|-sidestart|p1: gyarad0site|move: Stealth Rock
|
|-damage|p1a: Bisharp|183\/291|[from] Leech Seed|[of] p2a: Ferrothorn
|-heal|p2a: Ferrothorn|231\/351|[silent]
|turn|20
|
|move|p1a: Bisharp|Knock Off|p2a: Ferrothorn
|-damage|p2a: Ferrothorn|137\/351
|-damage|p1a: Bisharp|147\/291|[from] ability: Iron Barbs|[of] p2a: Ferrothorn
|move|p2a: Ferrothorn|Leech Seed|p1a: Bisharp
|-fail|p1a: Bisharp
|
|-damage|p1a: Bisharp|111\/291|[from] Leech Seed|[of] p2a: Ferrothorn
|-heal|p2a: Ferrothorn|173\/351|[silent]
|turn|21
|
|move|p2a: Ferrothorn|Protect|p2a: Ferrothorn
|-singleturn|p2a: Ferrothorn|Protect
|move|p1a: Bisharp|Knock Off|p2a: Ferrothorn
|-activate|p2a: Ferrothorn|Protect
|
|-damage|p1a: Bisharp|75\/291|[from] Leech Seed|[of] p2a: Ferrothorn
|-heal|p2a: Ferrothorn|209\/351|[silent]
|turn|22
|
|move|p1a: Bisharp|Knock Off|p2a: Ferrothorn
|-damage|p2a: Ferrothorn|115\/351
|-damage|p1a: Bisharp|39\/291|[from] ability: Iron Barbs|[of] p2a: Ferrothorn
|move|p2a: Ferrothorn|Gyro Ball|p1a: Bisharp
|-resisted|p1a: Bisharp
|-damage|p1a: Bisharp|0 fnt
|faint|p1a: Bisharp
|
|
|switch|p1a: Gengar|Gengar, M|259\/259
|-damage|p1a: Gengar|227\/259|[from] Stealth Rock
|turn|23
|
|move|p1a: Gengar|Focus Blast|p2a: Ferrothorn
|-supereffective|p2a: Ferrothorn
|-damage|p2a: Ferrothorn|0 fnt
|-damage|p1a: Gengar|202\/259|[from] item: Life Orb
|faint|p2a: Ferrothorn
|
|
|switch|p2a: Tyranitar|Tyranitar, F|341\/341
|-damage|p2a: Tyranitar|299\/341|[from] Stealth Rock
|-weather|Sandstorm
|turn|24
|
|move|p2a: Tyranitar|Pursuit|p1a: Gengar|[from]Pursuit
|-supereffective|p1a: Gengar
|-damage|p1a: Gengar|0 fnt
|faint|p1a: Gengar
|
|-weather|Sandstorm|[upkeep]
|
|switch|p1a: Clefable|Clefable, F|286\/393
|-damage|p1a: Clefable|237\/393|[from] Stealth Rock
|turn|25
|
|switch|p2a: Altaria|Altaria, M|291\/291
|-damage|p2a: Altaria|219\/291|[from] Stealth Rock
|move|p1a: Clefable|Moonlight|p1a: Clefable
|-heal|p1a: Clefable|335\/393
|
|-weather|Sandstorm|[upkeep]
|-damage|p2a: Altaria|201\/291|[from] sandstorm
|-damage|p1a: Clefable|311\/393|[from] sandstorm
|turn|26
|
|detailschange|p2a: Altaria|Altaria-Mega, M
|-mega|p2a: Altaria|Altaria|Altarianite
|move|p2a: Altaria|Return|p1a: Clefable
|-damage|p1a: Clefable|83\/393
|move|p1a: Clefable|Moonlight|p1a: Clefable
|-heal|p1a: Clefable|181\/393
|
|-weather|Sandstorm|[upkeep]
|-damage|p2a: Altaria|183\/291|[from] sandstorm
|-damage|p1a: Clefable|157\/393|[from] sandstorm
|turn|27
|
|switch|p1a: Zapdos|Zapdos|384\/384
|-damage|p1a: Zapdos|288\/384|[from] Stealth Rock
|-ability|p1a: Zapdos|Pressure
|move|p2a: Altaria|Return|p1a: Zapdos
|-damage|p1a: Zapdos|89\/384
|
|-weather|Sandstorm|[upkeep]
|-damage|p2a: Altaria|165\/291|[from] sandstorm
|-damage|p1a: Zapdos|65\/384|[from] sandstorm
|-heal|p1a: Zapdos|89\/384|[from] item: Leftovers
|turn|28
|
|move|p2a: Altaria|Return|p1a: Zapdos
|-damage|p1a: Zapdos|0 fnt
|faint|p1a: Zapdos
|
|-weather|none
|
|switch|p1a: Gallade|Gallade-Mega, M|203\/277
|-damage|p1a: Gallade|186\/277|[from] Stealth Rock
|turn|29
|
|move|p1a: Gallade|Zen Headbutt|p2a: Altaria
|-damage|p2a: Altaria|14\/291
|move|p2a: Altaria|Return|p1a: Gallade
|-supereffective|p1a: Gallade
|-damage|p1a: Gallade|0 fnt
|faint|p1a: Gallade
|
|-message|gyarad0site forfeited.
|leave|gyarad0site
|
|win|pain in my neck
|raw|Ladder updating...