|join|gyarad0site
|join|utalawea
|player|p1|gyarad0site|195
|player|p2|utalawea|162
|gametype|singles
|gen|6
|tier|OU (suspect test)
|rated
|clearpoke
|poke|p1|Scizor, M, shiny
|poke|p1|Manaphy, shiny
|poke|p1|Thundurus, M
|poke|p1|Landorus-Therian, M
|poke|p1|Cobalion
|poke|p1|Latios, M
|poke|p2|Sableye, M
|poke|p2|Clefable, F
|poke|p2|Tentacruel, M
|poke|p2|Chesnaught, M
|poke|p2|Rhyperior, M
|poke|p2|Moltres
|rule|Swagger Clause: Swagger is banned
|rule|Baton Pass Clause: Limit one PokÃ©mon knowing Baton Pass
|rule|Sleep Clause Mod: Limit one foe put to sleep
|rule|Species Clause: Limit one of each PokÃ©mon
|rule|OHKO Clause: OHKO moves are banned
|rule|Moody Clause: Moody is banned
|rule|Evasion Moves Clause: Evasion moves are banned
|rule|Endless Battle Clause: Forcing endless battles is banned
|rule|HP Percentage Mod: HP is shown in percentages
|teampreview
|
|start
|switch|p1a: Thundurus|Thundurus, M|299\/299
|switch|p2a: Sableye|Sableye, M|304\/304
|turn|1
|
|detailschange|p2a: Sableye|Sableye-Mega, M
|-mega|p2a: Sableye|Sableye|Sablenite
|move|p1a: Thundurus|Volt Switch|p2a: Sableye
|-damage|p2a: Sableye|219\/304
|
|switch|p1a: murakAMi|Manaphy, shiny|351\/351
|move|p2a: Sableye|Knock Off|p1a: murakAMi
|-damage|p1a: murakAMi|258\/351
|-enditem|p1a: murakAMi|Leftovers|[from] move: Knock Off|[of] p2a: Sableye
|
|turn|2
|
|switch|p1a: Thundurus|Thundurus, M|299\/299
|move|p2a: Sableye|Will-O-Wisp|p1a: Thundurus
|-status|p1a: Thundurus|brn
|
|-damage|p1a: Thundurus|262\/299 brn|[from] brn
|turn|3
|
|move|p1a: Thundurus|Volt Switch|p2a: Sableye
|-damage|p2a: Sableye|146\/304
|
|switch|p1a: murakAMi|Manaphy, shiny|258\/351
|move|p2a: Sableye|Recover|p2a: Sableye
|-heal|p2a: Sableye|298\/304
|
|turn|4
|
|move|p1a: murakAMi|Rain Dance|p1a: murakAMi
|-weather|RainDance
|move|p2a: Sableye|Will-O-Wisp|p1a: murakAMi
|-status|p1a: murakAMi|brn
|
|-weather|RainDance|[upkeep]
|-curestatus|p1a: murakAMi|brn
|turn|5
|
|switch|p2a: Chesnaught|Chesnaught, M|379\/379
|move|p1a: murakAMi|Scald|p2a: Chesnaught
|-crit|p2a: Chesnaught
|-resisted|p2a: Chesnaught
|-damage|p2a: Chesnaught|207\/379
|
|-weather|RainDance|[upkeep]
|-heal|p2a: Chesnaught|230\/379|[from] item: Leftovers
|turn|6
|
|move|p1a: murakAMi|Tail Glow|p1a: murakAMi
|-boost|p1a: murakAMi|spa|3
|move|p2a: Chesnaught|Leech Seed|p1a: murakAMi|[miss]
|-miss|p2a: Chesnaught|p1a: murakAMi
|
|-weather|RainDance|[upkeep]
|-heal|p2a: Chesnaught|253\/379|[from] item: Leftovers
|turn|7
|c|âutalawea|:\/
|
|move|p1a: murakAMi|Scald|p2a: Chesnaught
|-resisted|p2a: Chesnaught
|-damage|p2a: Chesnaught|0 fnt
|faint|p2a: Chesnaught
|
|-weather|RainDance|[upkeep]
|
|switch|p2a: Tentacruel|Tentacruel, M|363\/363
|turn|8
|
|move|p1a: murakAMi|Scald|p2a: Tentacruel
|-resisted|p2a: Tentacruel
|-damage|p2a: Tentacruel|141\/363
|-status|p2a: Tentacruel|brn
|move|p2a: Tentacruel|Haze|p2a: Tentacruel
|-clearallboost
|
|-weather|none
|-heal|p2a: Tentacruel|163\/363 brn|[from] item: Leftovers
|-damage|p2a: Tentacruel|118\/363 brn|[from] brn
|turn|9
|
|move|p1a: murakAMi|Tail Glow|p1a: murakAMi
|-boost|p1a: murakAMi|spa|3
|move|p2a: Tentacruel|Sludge Bomb|p1a: murakAMi
|-damage|p1a: murakAMi|174\/351
|
|-heal|p2a: Tentacruel|140\/363 brn|[from] item: Leftovers
|-damage|p2a: Tentacruel|95\/363 brn|[from] brn
|turn|10
|
|move|p1a: murakAMi|Scald|p2a: Tentacruel
|-resisted|p2a: Tentacruel
|-damage|p2a: Tentacruel|0 fnt
|faint|p2a: Tentacruel
|
|
|switch|p2a: Clefable|Clefable, F|394\/394
|turn|11
|
|move|p1a: murakAMi|Scald|p2a: Clefable
|-damage|p2a: Clefable|249\/394
|-status|p2a: Clefable|brn
|move|p2a: Clefable|Moonblast|p1a: murakAMi
|-damage|p1a: murakAMi|74\/351
|
|-heal|p2a: Clefable|273\/394 brn|[from] item: Leftovers
|-damage|p2a: Clefable|224\/394 brn|[from] brn
|turn|12
|
|switch|p1a: flAMberge|Cobalion|358\/358
|move|p2a: Clefable|Wish|p2a: Clefable
|
|-heal|p2a: Clefable|248\/394 brn|[from] item: Leftovers
|-damage|p2a: Clefable|199\/394 brn|[from] brn
|turn|13
|
|move|p1a: flAMberge|Volt Switch|p2a: Clefable
|-damage|p2a: Clefable|148\/394 brn
|
|switch|p1a: sAMuel L|Landorus-Therian, M|381\/381
|-ability|p1a: sAMuel L|Intimidate|[of] p2a: Clefable
|-unboost|p2a: Clefable|atk|1
|move|p2a: Clefable|Heal Bell|p2a: Clefable
|-cureteam|p2a: Clefable|[from] move: HealBell
|
|-heal|p2a: Clefable|345\/394|[from] move: Wish|[wisher] Clefable
|-heal|p2a: Clefable|369\/394|[from] item: Leftovers
|turn|14
|
|move|p1a: sAMuel L|U-turn|p2a: Clefable
|-resisted|p2a: Clefable
|-damage|p2a: Clefable|334\/394
|
|switch|p1a: flAMberge|Cobalion|358\/358
|move|p2a: Clefable|Moonblast|p1a: flAMberge
|-damage|p1a: flAMberge|223\/358
|-unboost|p1a: flAMberge|spa|1
|
|-heal|p1a: flAMberge|245\/358|[from] item: Leftovers
|-heal|p2a: Clefable|358\/394|[from] item: Leftovers
|turn|15
|join|l3risingr
|
|switch|p2a: Sableye|Sableye-Mega, M|298\/304
|move|p1a: flAMberge|Volt Switch|p2a: Sableye
|-damage|p2a: Sableye|276\/304
|
|switch|p1a: murakAMi|Manaphy, shiny|74\/351
|
|turn|16
|
|move|p1a: murakAMi|Tail Glow|p1a: murakAMi
|-boost|p1a: murakAMi|spa|3
|move|p2a: Sableye|Foul Play|p1a: murakAMi
|-damage|p1a: murakAMi|0 fnt
|faint|p1a: murakAMi
|
|
|switch|p1a: Thundurus|Thundurus, M|262\/299 brn
|turn|17
|
|move|p1a: Thundurus|Hidden Power|p2a: Sableye
|-damage|p2a: Sableye|228\/304
|move|p2a: Sableye|Knock Off|p1a: Thundurus
|-damage|p1a: Thundurus|130\/299 brn
|-enditem|p1a: Thundurus|Leftovers|[from] move: Knock Off|[of] p2a: Sableye
|
|-damage|p1a: Thundurus|93\/299 brn|[from] brn
|turn|18
|
|move|p1a: Thundurus|Volt Switch|p2a: Sableye
|-damage|p2a: Sableye|150\/304
|
|switch|p1a: Latios|Latios, M|301\/301
|move|p2a: Sableye|Recover|p2a: Sableye
|-heal|p2a: Sableye|302\/304
|
|turn|19
|
|switch|p1a: flAMberge|Cobalion|245\/358
|move|p2a: Sableye|Knock Off|p1a: flAMberge
|-resisted|p1a: flAMberge
|-damage|p1a: flAMberge|203\/358
|-boost|p1a: flAMberge|atk|1|[from] ability: Justified
|-enditem|p1a: flAMberge|Leftovers|[from] move: Knock Off|[of] p2a: Sableye
|
|turn|20
|
|move|p1a: flAMberge|Iron Head|p2a: Sableye
|-damage|p2a: Sableye|179\/304
|move|p2a: Sableye|Will-O-Wisp|p1a: flAMberge
|-status|p1a: flAMberge|brn
|
|-damage|p1a: flAMberge|159\/358 brn|[from] brn
|turn|21
|
|move|p1a: flAMberge|Iron Head|p2a: Sableye
|-damage|p2a: Sableye|113\/304
|move|p2a: Sableye|Recover|p2a: Sableye
|-heal|p2a: Sableye|265\/304
|
|-damage|p1a: flAMberge|115\/358 brn|[from] brn
|turn|22
|
|move|p1a: flAMberge|Iron Head|p2a: Sableye
|-damage|p2a: Sableye|199\/304
|move|p2a: Sableye|Recover|p2a: Sableye
|-heal|p2a: Sableye|304\/304
|
|-damage|p1a: flAMberge|71\/358 brn|[from] brn
|turn|23
|
|move|p1a: flAMberge|Iron Head|p2a: Sableye
|-damage|p2a: Sableye|240\/304
|move|p2a: Sableye|Foul Play|p1a: flAMberge
|-resisted|p1a: flAMberge
|-damage|p1a: flAMberge|0 fnt
|faint|p1a: flAMberge
|
|
|switch|p1a: Latios|Latios, M|301\/301
|turn|24
|
|move|p1a: Latios|Trick|p2a: Sableye
|-fail|p2a: Sableye
|move|p2a: Sableye|Recover|p2a: Sableye
|-heal|p2a: Sableye|304\/304
|
|turn|25
|c|âutalawea|._.
|c|âgyarad0site|alright then
|
|switch|p1a: Thundurus|Thundurus, M|93\/299 brn
|move|p2a: Sableye|Knock Off|p1a: Thundurus
|-damage|p1a: Thundurus|0 fnt
|faint|p1a: Thundurus
|
|c|âgyarad0site|sableye is more broken than greninja y\/y
|
|switch|p1a: Latios|Latios, M|301\/301
|turn|26
|c|âutalawea|trick in mega?
|
|move|p1a: Latios|Draco Meteor|p2a: Sableye
|-damage|p2a: Sableye|156\/304
|-unboost|p1a: Latios|spa|2
|move|p2a: Sableye|Recover|p2a: Sableye
|-heal|p2a: Sableye|304\/304
|
|turn|27
|
|move|p1a: Latios|Draco Meteor|p2a: Sableye
|-damage|p2a: Sableye|220\/304
|-unboost|p1a: Latios|spa|2
|move|p2a: Sableye|Knock Off|p1a: Latios
|-supereffective|p1a: Latios
|-damage|p1a: Latios|79\/301
|-enditem|p1a: Latios|Choice Scarf|[from] move: Knock Off|[of] p2a: Sableye
|
|turn|28
|
|move|p1a: Latios|Draco Meteor|p2a: Sableye
|-damage|p2a: Sableye|169\/304
|-unboost|p1a: Latios|spa|2
|move|p2a: Sableye|Knock Off|p1a: Latios
|-supereffective|p1a: Latios
|-damage|p1a: Latios|0 fnt
|faint|p1a: Latios
|
|
|switch|p1a: rAMbo|Scizor, M, shiny|291\/291
|turn|29
|
|detailschange|p1a: rAMbo|Scizor-Mega, M, shiny
|-mega|p1a: rAMbo|Scizor|Scizorite
|move|p1a: rAMbo|Bug Bite|p2a: Sableye
|-damage|p2a: Sableye|30\/304
|move|p2a: Sableye|Will-O-Wisp|p1a: rAMbo
|-status|p1a: rAMbo|brn
|
|-damage|p1a: rAMbo|255\/291 brn|[from] brn
|turn|30
|
|switch|p2a: Clefable|Clefable, F|358\/394
|move|p1a: rAMbo|Bug Bite|p2a: Clefable
|-resisted|p2a: Clefable
|-damage|p2a: Clefable|318\/394
|
|-heal|p2a: Clefable|342\/394|[from] item: Leftovers
|-damage|p1a: rAMbo|219\/291 brn|[from] brn
|turn|31
|
|move|p1a: rAMbo|Swords Dance|p1a: rAMbo
|-boost|p1a: rAMbo|atk|2
|move|p2a: Clefable|Wish|p2a: Clefable
|
|-heal|p2a: Clefable|366\/394|[from] item: Leftovers
|-damage|p1a: rAMbo|183\/291 brn|[from] brn
|turn|32
|
|move|p1a: rAMbo|Bullet Punch|p2a: Clefable
|-supereffective|p2a: Clefable
|-damage|p2a: Clefable|262\/394
|move|p2a: Clefable|Moonblast|p1a: rAMbo
|-resisted|p1a: rAMbo
|-damage|p1a: rAMbo|134\/291 brn
|
|-heal|p2a: Clefable|394\/394|[from] move: Wish|[wisher] Clefable
|-damage|p1a: rAMbo|98\/291 brn|[from] brn
|turn|33
|-message|gyarad0site forfeited.
|-message|gyarad0site forfeited.
|leave|gyarad0site
|
|win|utalawea
|raw|Ladder updating...
|raw|gyarad0site's rating: 1463 &rarr; <strong>1437<\/strong><br \/>(-26 for losing)
|raw|utalawea's rating: 1349 &rarr; <strong>1375<\/strong><br \/>(+26 for winning)