|join|gyarad0site
|join|Pacifism
|player|p1|gyarad0site|195
|player|p2|Pacifism|170
|gametype|singles
|gen|6
|tier|OU (suspect test)
|rated
|clearpoke
|poke|p1|Scizor, M, shiny
|poke|p1|Manaphy, shiny
|poke|p1|Thundurus, M
|poke|p1|Landorus-Therian, M
|poke|p1|Cobalion
|poke|p1|Latios, M
|poke|p2|Gardevoir, F
|poke|p2|Heatran, F
|poke|p2|Chansey, F
|poke|p2|Ditto
|poke|p2|Landorus, M
|poke|p2|Mew
|rule|Swagger Clause: Swagger is banned
|rule|Baton Pass Clause: Limit one PokÃ©mon knowing Baton Pass
|rule|Sleep Clause Mod: Limit one foe put to sleep
|rule|Species Clause: Limit one of each PokÃ©mon
|rule|OHKO Clause: OHKO moves are banned
|rule|Moody Clause: Moody is banned
|rule|Evasion Moves Clause: Evasion moves are banned
|rule|Endless Battle Clause: Forcing endless battles is banned
|rule|HP Percentage Mod: HP is shown in percentages
|teampreview
|
|start
|switch|p1a: Thundurus|Thundurus, M|299\/299
|switch|p2a: Heatran|Heatran, F|324\/324
|turn|1
|
|move|p1a: Thundurus|Taunt|p2a: Heatran
|-start|p2a: Heatran|move: Taunt
|move|p2a: Heatran|Overheat|p1a: Thundurus|[miss]
|-miss|p2a: Heatran|p1a: Thundurus
|
|turn|2
|
|switch|p1a: Latios|Latios, M|301\/301
|move|p2a: Heatran|Overheat|p1a: Latios
|-resisted|p1a: Latios
|-damage|p1a: Latios|185\/301
|-unboost|p2a: Heatran|spa|2
|
|turn|3
|
|switch|p2a: Gardevoir|Gardevoir, F|278\/278
|move|p1a: Latios|Trick|p2a: Gardevoir
|-fail|p2a: Gardevoir
|
|turn|4
|
|switch|p1a: flAMberge|Cobalion|358\/358
|move|p2a: Gardevoir|Psyshock|p1a: flAMberge
|-damage|p1a: flAMberge|246\/358
|
|-heal|p1a: flAMberge|268\/358|[from] item: Leftovers
|turn|5
|
|switch|p2a: Mew|Mew|404\/404
|move|p1a: flAMberge|Iron Head|p2a: Mew
|-damage|p2a: Mew|329\/404
|
|-heal|p1a: flAMberge|290\/358|[from] item: Leftovers
|-heal|p2a: Mew|354\/404|[from] item: Leftovers
|turn|6
|
|move|p1a: flAMberge|Taunt|p2a: Mew
|-start|p2a: Mew|move: Taunt
|cant|p2a: Mew|move: Taunt|Will-O-Wisp
|
|-heal|p1a: flAMberge|312\/358|[from] item: Leftovers
|-heal|p2a: Mew|379\/404|[from] item: Leftovers
|turn|7
|
|move|p1a: flAMberge|Volt Switch|p2a: Mew
|-damage|p2a: Mew|333\/404
|
|switch|p1a: rAMbo|Scizor, M, shiny|291\/291
|move|p2a: Mew|Knock Off|p1a: rAMbo
|-damage|p1a: rAMbo|238\/291
|
|-heal|p2a: Mew|358\/404|[from] item: Leftovers
|turn|8
|
|switch|p2a: Heatran|Heatran, F|324\/324
|detailschange|p1a: rAMbo|Scizor-Mega, M, shiny
|-mega|p1a: rAMbo|Scizor|Scizorite
|move|p1a: rAMbo|Superpower|p2a: Heatran
|-supereffective|p2a: Heatran
|-damage|p2a: Heatran|4\/324
|-unboost|p1a: rAMbo|atk|1
|-unboost|p1a: rAMbo|def|1
|
|turn|9
|
|move|p1a: rAMbo|Bullet Punch|p2a: Heatran
|-resisted|p2a: Heatran
|-damage|p2a: Heatran|0 fnt
|faint|p2a: Heatran
|
|
|switch|p2a: Landorus|Landorus, M|320\/320
|turn|10
|
|switch|p1a: sAMuel L|Landorus-Therian, M|381\/381
|-ability|p1a: sAMuel L|Intimidate|[of] p2a: Landorus
|-unboost|p2a: Landorus|atk|1
|move|p2a: Landorus|Earth Power|p1a: sAMuel L
|-immune|p1a: sAMuel L|[msg]
|
|turn|11
|
|switch|p2a: Mew|Mew|358\/404
|move|p1a: sAMuel L|Stealth Rock|p2a: Mew
|-sidestart|p2: Pacifism|move: Stealth Rock
|
|-heal|p2a: Mew|383\/404|[from] item: Leftovers
|turn|12
|
|switch|p1a: murakAMi|Manaphy, shiny|351\/351
|move|p2a: Mew|Will-O-Wisp|p1a: murakAMi
|-status|p1a: murakAMi|brn
|
|-heal|p2a: Mew|404\/404|[from] item: Leftovers
|-damage|p1a: murakAMi|308\/351 brn|[from] brn
|turn|13
|
|move|p1a: murakAMi|Rain Dance|p1a: murakAMi
|-weather|RainDance
|move|p2a: Mew|Knock Off|p1a: murakAMi
|-damage|p1a: murakAMi|235\/351 brn
|-enditem|p1a: murakAMi|Leftovers|[from] move: Knock Off|[of] p2a: Mew
|
|-weather|RainDance|[upkeep]
|-curestatus|p1a: murakAMi|brn
|turn|14
|
|move|p1a: murakAMi|Tail Glow|p1a: murakAMi
|-boost|p1a: murakAMi|spa|3
|move|p2a: Mew|Defog|p1a: murakAMi
|-unboost|p1a: murakAMi|evasion|1
|-sideend|p2: Pacifism|Stealth Rock|[from] move: Defog|[of] p2a: Mew
|
|-weather|RainDance|[upkeep]
|turn|15
|
|switch|p2a: Chansey|Chansey, F|642\/642
|move|p1a: murakAMi|Scald|p2a: Chansey
|-damage|p2a: Chansey|378\/642
|
|-weather|RainDance|[upkeep]
|turn|16
|
|move|p1a: murakAMi|Scald|p2a: Chansey
|-damage|p2a: Chansey|141\/642
|move|p2a: Chansey|Seismic Toss|p1a: murakAMi
|-damage|p1a: murakAMi|135\/351
|
|-weather|RainDance|[upkeep]
|turn|17
|
|move|p1a: murakAMi|Scald|p2a: Chansey
|-damage|p2a: Chansey|0 fnt
|faint|p2a: Chansey
|
|-weather|none
|
|switch|p2a: Ditto|Ditto|299\/299
|-transform|p2a: Ditto|p1a: murakAMi
|turn|18
|
|move|p2a: Ditto|Energy Ball|p1a: murakAMi
|-supereffective|p1a: murakAMi
|-damage|p1a: murakAMi|0 fnt
|faint|p1a: murakAMi
|
|
|switch|p1a: flAMberge|Cobalion|312\/358
|turn|19
|
|move|p2a: Ditto|Energy Ball|p1a: flAMberge
|-resisted|p1a: flAMberge
|-damage|p1a: flAMberge|160\/358
|move|p1a: flAMberge|Close Combat|p2a: Ditto
|-damage|p2a: Ditto|145\/299
|-unboost|p1a: flAMberge|def|1
|-unboost|p1a: flAMberge|spd|1
|
|-heal|p1a: flAMberge|182\/358|[from] item: Leftovers
|turn|20
|
|switch|p1a: Latios|Latios, M|185\/301
|move|p2a: Ditto|Energy Ball|p1a: Latios
|-resisted|p1a: Latios
|-damage|p1a: Latios|82\/301
|
|turn|21
|
|move|p1a: Latios|Psyshock|p2a: Ditto
|-damage|p2a: Ditto|0 fnt
|faint|p2a: Ditto
|
|
|switch|p2a: Mew|Mew|404\/404
|turn|22
|
|switch|p1a: flAMberge|Cobalion|182\/358
|move|p2a: Mew|Knock Off|p1a: flAMberge
|-resisted|p1a: flAMberge
|-damage|p1a: flAMberge|154\/358
|-boost|p1a: flAMberge|atk|1|[from] ability: Justified
|-enditem|p1a: flAMberge|Leftovers|[from] move: Knock Off|[of] p2a: Mew
|
|turn|23
|
|move|p1a: flAMberge|Taunt|p2a: Mew
|-start|p2a: Mew|move: Taunt
|cant|p2a: Mew|move: Taunt|Will-O-Wisp
|
|turn|24
|
|switch|p2a: Landorus|Landorus, M|320\/320
|move|p1a: flAMberge|Iron Head|p2a: Landorus
|-damage|p2a: Landorus|146\/320
|
|turn|25
|
|move|p1a: flAMberge|Iron Head|p2a: Landorus
|-damage|p2a: Landorus|0 fnt
|faint|p2a: Landorus
|
|
|switch|p2a: Gardevoir|Gardevoir, F|278\/278
|turn|26
|
|detailschange|p2a: Gardevoir|Gardevoir-Mega, F
|-mega|p2a: Gardevoir|Gardevoir|Gardevoirite
|move|p1a: flAMberge|Iron Head|p2a: Gardevoir
|-supereffective|p2a: Gardevoir
|-damage|p2a: Gardevoir|0 fnt
|faint|p2a: Gardevoir
|
|-message|Pacifism forfeited.
|leave|Pacifism
|
|win|gyarad0site
|raw|Ladder updating...
|player|p2
|raw|gyarad0site's rating: 1455 &rarr; <strong>1471<\/strong><br \/>(+16 for winning)
|raw|Pacifism's rating: 1396 &rarr; <strong>1379<\/strong><br \/>(-17 for losing)