|join|MajinYoshi
|join|gyarad0site
|player|p1|MajinYoshi|33
|player|p2|gyarad0site|195
|gametype|singles
|gen|6
|tier|OU (suspect test)
|rated
|clearpoke
|poke|p1|Gyarados, M
|poke|p1|Landorus-Therian, M
|poke|p1|Latios, M
|poke|p1|Chansey, F
|poke|p1|Roserade, F
|poke|p1|Zapdos, shiny
|poke|p2|Scizor, M, shiny
|poke|p2|Manaphy, shiny
|poke|p2|Thundurus, M
|poke|p2|Landorus-Therian, M
|poke|p2|Cobalion
|poke|p2|Latios, M
|rule|Swagger Clause: Swagger is banned
|rule|Baton Pass Clause: Limit one PokÃ©mon knowing Baton Pass
|rule|Sleep Clause Mod: Limit one foe put to sleep
|rule|Species Clause: Limit one of each PokÃ©mon
|rule|OHKO Clause: OHKO moves are banned
|rule|Moody Clause: Moody is banned
|rule|Evasion Moves Clause: Evasion moves are banned
|rule|Endless Battle Clause: Forcing endless battles is banned
|rule|HP Percentage Mod: HP is shown in percentages
|teampreview
|
|start
|switch|p1a: Demetri|Landorus-Therian, M|382\/382
|switch|p2a: sAMuel L|Landorus-Therian, M|381\/381
|-ability|p2a: sAMuel L|Intimidate|[of] p1a: Demetri
|-unboost|p1a: Demetri|atk|1
|-ability|p1a: Demetri|Intimidate|[of] p2a: sAMuel L
|-unboost|p2a: sAMuel L|atk|1
|turn|1
|
|move|p2a: sAMuel L|Stealth Rock|p1a: Demetri
|-sidestart|p1: MajinYoshi|move: Stealth Rock
|move|p1a: Demetri|Stealth Rock|p2a: sAMuel L
|-sidestart|p2: gyarad0site|move: Stealth Rock
|
|turn|2
|
|move|p2a: sAMuel L|Rock Tomb|p1a: Demetri
|-damage|p1a: Demetri|347\/382
|-unboost|p1a: Demetri|spe|1
|move|p1a: Demetri|U-turn|p2a: sAMuel L
|-resisted|p2a: sAMuel L
|-damage|p2a: sAMuel L|362\/381
|
|switch|p1a: Vegeta|Latios, M|301\/301
|-damage|p1a: Vegeta|264\/301|[from] Stealth Rock
|
|-heal|p2a: sAMuel L|381\/381|[from] item: Leftovers
|turn|3
|
|switch|p2a: flAMberge|Cobalion|358\/358
|-damage|p2a: flAMberge|347\/358|[from] Stealth Rock
|move|p1a: Vegeta|Draco Meteor|p2a: flAMberge
|-resisted|p2a: flAMberge
|-damage|p2a: flAMberge|144\/358
|-unboost|p1a: Vegeta|spa|2
|-damage|p1a: Vegeta|234\/301|[from] item: Life Orb
|
|-heal|p2a: flAMberge|166\/358|[from] item: Leftovers
|turn|4
|
|switch|p1a: Demetri|Landorus-Therian, M|347\/382
|-damage|p1a: Demetri|300\/382|[from] Stealth Rock
|-ability|p1a: Demetri|Intimidate|[of] p2a: flAMberge
|-unboost|p2a: flAMberge|atk|1
|move|p2a: flAMberge|Iron Head|p1a: Demetri
|-damage|p1a: Demetri|252\/382
|-damage|p2a: flAMberge|107\/358|[from] item: Rocky Helmet|[of] p1a: Demetri
|
|-heal|p2a: flAMberge|129\/358|[from] item: Leftovers
|turn|5
|join|Bin Suna
|
|move|p2a: flAMberge|Iron Head|p1a: Demetri
|-damage|p1a: Demetri|198\/382
|-damage|p2a: flAMberge|70\/358|[from] item: Rocky Helmet|[of] p1a: Demetri
|cant|p1a: Demetri|flinch
|
|-heal|p2a: flAMberge|92\/358|[from] item: Leftovers
|turn|6
|
|move|p2a: flAMberge|Iron Head|p1a: Demetri
|-damage|p1a: Demetri|147\/382
|-damage|p2a: flAMberge|33\/358|[from] item: Rocky Helmet|[of] p1a: Demetri
|cant|p1a: Demetri|flinch
|
|-heal|p2a: flAMberge|55\/358|[from] item: Leftovers
|turn|7
|
|move|p2a: flAMberge|Iron Head|p1a: Demetri
|-damage|p1a: Demetri|99\/382
|-damage|p2a: flAMberge|0 fnt|[from] item: Rocky Helmet|[of] p1a: Demetri
|faint|p2a: flAMberge
|move|p1a: Demetri|Knock Off|p2: flAMberge|[notarget]
|-notarget
|
|
|switch|p2a: murakAMi|Manaphy, shiny|351\/351
|-damage|p2a: murakAMi|308\/351|[from] Stealth Rock
|turn|8
|
|move|p2a: murakAMi|Scald|p1a: Demetri
|-supereffective|p1a: Demetri
|-damage|p1a: Demetri|0 fnt
|faint|p1a: Demetri
|
|-heal|p2a: murakAMi|329\/351|[from] item: Leftovers
|
|switch|p1a: Rosaline|Roserade, F|261\/261
|-damage|p1a: Rosaline|229\/261|[from] Stealth Rock
|turn|9
|
|switch|p2a: sAMuel L|Landorus-Therian, M|381\/381
|-damage|p2a: sAMuel L|334\/381|[from] Stealth Rock
|-ability|p2a: sAMuel L|Intimidate|[of] p1a: Rosaline
|-unboost|p1a: Rosaline|atk|1
|move|p1a: Rosaline|Leaf Storm|p2a: sAMuel L
|-crit|p2a: sAMuel L
|-damage|p2a: sAMuel L|0 fnt
|-unboost|p1a: Rosaline|spa|2
|-damage|p1a: Rosaline|203\/261|[from] item: Life Orb
|faint|p2a: sAMuel L
|
|
|switch|p2a: Latios|Latios, M|301\/301
|-damage|p2a: Latios|264\/301|[from] Stealth Rock
|turn|10
|
|switch|p1a: Maria|Chansey, F|642\/642
|-damage|p1a: Maria|562\/642|[from] Stealth Rock
|move|p2a: Latios|Trick|p1a: Maria
|-activate|p2a: Latios|move: Trick|[of] p1a: Maria
|-item|p1a: Maria|Choice Scarf|[from] move: Trick
|-item|p2a: Latios|Eviolite|[from] move: Trick
|
|turn|11
|
|move|p2a: Latios|Psyshock|p1a: Maria
|-damage|p1a: Maria|303\/642
|move|p1a: Maria|Wish|p1a: Maria
|
|turn|12
|
|switch|p1a: Gary|Gyarados, M|361\/361
|-damage|p1a: Gary|271\/361|[from] Stealth Rock
|-ability|p1a: Gary|Intimidate|[of] p2a: Latios
|-unboost|p2a: Latios|atk|1
|move|p2a: Latios|Draco Meteor|p1a: Gary
|-damage|p1a: Gary|58\/361
|-unboost|p2a: Latios|spa|2
|
|-heal|p1a: Gary|361\/361|[from] move: Wish|[wisher] Maria
|turn|13
|
|switch|p2a: Thundurus|Thundurus, M|299\/299
|-damage|p2a: Thundurus|225\/299|[from] Stealth Rock
|move|p1a: Gary|Substitute|p1a: Gary
|-start|p1a: Gary|Substitute
|-damage|p1a: Gary|271\/361
|
|-heal|p2a: Thundurus|243\/299|[from] item: Leftovers
|turn|14
|
|detailschange|p1a: Gary|Gyarados-Mega, M
|-mega|p1a: Gary|Gyarados|Gyaradosite
|-ability|p1a: Gary|Mold Breaker
|move|p2a: Thundurus|Taunt|p1a: Gary
|-start|p1a: Gary|move: Taunt
|move|p1a: Gary|Waterfall|p2a: Thundurus
|-damage|p2a: Thundurus|0 fnt
|faint|p2a: Thundurus
|
|join|I ABR I
|
|switch|p2a: murakAMi|Manaphy, shiny|329\/351
|-damage|p2a: murakAMi|286\/351|[from] Stealth Rock
|turn|15
|
|move|p2a: murakAMi|Energy Ball|p1a: Gary
|-supereffective|p1a: Gary
|-end|p1a: Gary|Substitute
|move|p1a: Gary|Crunch|p2a: murakAMi
|-crit|p2a: murakAMi
|-damage|p2a: murakAMi|0 fnt
|faint|p2a: murakAMi
|
|
|switch|p2a: rAMbo|Scizor, M, shiny|291\/291
|-damage|p2a: rAMbo|255\/291|[from] Stealth Rock
|turn|16
|
|switch|p1a: Maria|Chansey, F|303\/642
|-damage|p1a: Maria|223\/642|[from] Stealth Rock
|detailschange|p2a: rAMbo|Scizor-Mega, M, shiny
|-mega|p2a: rAMbo|Scizor|Scizorite
|move|p2a: rAMbo|Bug Bite|p1a: Maria
|-damage|p1a: Maria|0 fnt
|faint|p1a: Maria
|
|
|switch|p1a: Vegeta|Latios, M|234\/301
|-damage|p1a: Vegeta|197\/301|[from] Stealth Rock
|turn|17
|
|move|p1a: Vegeta|Hidden Power|p2a: rAMbo
|-supereffective|p2a: rAMbo
|-damage|p2a: rAMbo|0 fnt
|-damage|p1a: Vegeta|167\/301|[from] item: Life Orb
|faint|p2a: rAMbo
|
|
|switch|p2a: Latios|Latios, M|264\/301
|-damage|p2a: Latios|227\/301|[from] Stealth Rock
|turn|18
|
|move|p2a: Latios|Psyshock|p1a: Vegeta
|-resisted|p1a: Vegeta
|-damage|p1a: Vegeta|77\/301
|move|p1a: Vegeta|Draco Meteor|p2a: Latios
|-supereffective|p2a: Latios
|-damage|p2a: Latios|0 fnt
|-unboost|p1a: Vegeta|spa|2
|-damage|p1a: Vegeta|47\/301|[from] item: Life Orb
|faint|p2a: Latios
|
|win|MajinYoshi
|raw|Ladder updating...
|c|âMajinYoshi|gg
|raw|MajinYoshi's rating: 1413 &rarr; <strong>1437<\/strong><br \/>(+24 for winning)
|raw|gyarad0site's rating: 1491 &rarr; <strong>1467<\/strong><br \/>(-24 for losing)