|join|Cienight
|join|gyarad0site
|player|p1|Cienight|84
|player|p2|gyarad0site|195
|gametype|singles
|gen|6
|tier|OU (suspect test)
|rated
|clearpoke
|poke|p1|Azumarill, F
|poke|p1|Ferrothorn, M
|poke|p1|Landorus-Therian, M, shiny
|poke|p1|Latias, F
|poke|p1|Charizard, M
|poke|p1|Mew
|poke|p2|Scizor, M, shiny
|poke|p2|Manaphy, shiny
|poke|p2|Thundurus, M
|poke|p2|Landorus-Therian, M
|poke|p2|Cobalion
|poke|p2|Latios, M
|rule|Swagger Clause: Swagger is banned
|rule|Baton Pass Clause: Limit one PokÃ©mon knowing Baton Pass
|rule|Sleep Clause Mod: Limit one foe put to sleep
|rule|Species Clause: Limit one of each PokÃ©mon
|rule|OHKO Clause: OHKO moves are banned
|rule|Moody Clause: Moody is banned
|rule|Evasion Moves Clause: Evasion moves are banned
|rule|Endless Battle Clause: Forcing endless battles is banned
|rule|HP Percentage Mod: HP is shown in percentages
|teampreview
|
|start
|switch|p1a: Mew|Mew|403\/403
|switch|p2a: Thundurus|Thundurus, M|299\/299
|turn|1
|
|move|p2a: Thundurus|Taunt|p1a: Mew
|-start|p1a: Mew|move: Taunt
|move|p1a: Mew|Knock Off|p2a: Thundurus
|-damage|p2a: Thundurus|190\/299
|-enditem|p2a: Thundurus|Leftovers|[from] move: Knock Off|[of] p1a: Mew
|
|turn|2
|join|IAmGingy
|
|switch|p1a: Ferrothorn|Ferrothorn, M|349\/349
|move|p2a: Thundurus|Thunder Wave|p1a: Ferrothorn
|-status|p1a: Ferrothorn|par
|
|turn|3
|
|switch|p1a: Landorus-Therian|Landorus-Therian, M, shiny|325\/325
|-ability|p1a: Landorus-Therian|Intimidate|[of] p2a: Thundurus
|-unboost|p2a: Thundurus|atk|1
|move|p2a: Thundurus|Taunt|p1a: Landorus-Therian
|-start|p1a: Landorus-Therian|move: Taunt
|
|turn|4
|
|switch|p2a: flAMberge|Cobalion|358\/358
|move|p1a: Landorus-Therian|U-turn|p2a: flAMberge
|-resisted|p2a: flAMberge
|-damage|p2a: flAMberge|340\/358
|
|switch|p1a: Charizard|Charizard, M|315\/315
|
|-heal|p2a: flAMberge|358\/358|[from] item: Leftovers
|turn|5
|
|detailschange|p1a: Charizard|Charizard-Mega-X, M
|-mega|p1a: Charizard|Charizard|Charizardite X
|move|p2a: flAMberge|Volt Switch|p1a: Charizard
|-resisted|p1a: Charizard
|-damage|p1a: Charizard|289\/315
|join|Youngster Green
|
|switch|p2a: Latios|Latios, M|301\/301
|move|p1a: Charizard|Flare Blitz|p2a: Latios
|-resisted|p2a: Latios
|-damage|p2a: Latios|127\/301
|-damage|p1a: Charizard|232\/315|[from] recoil|[of] p2a: Latios
|
|turn|6
|c| Youngster Green|omy
|
|switch|p1a: Ferrothorn|Ferrothorn, M|349\/349 par
|move|p2a: Latios|Trick|p1a: Ferrothorn
|-activate|p2a: Latios|move: Trick|[of] p1a: Ferrothorn
|-item|p1a: Ferrothorn|Choice Scarf|[from] move: Trick
|-item|p2a: Latios|Leftovers|[from] move: Trick
|
|-heal|p2a: Latios|145\/301|[from] item: Leftovers
|turn|7
|c| Youngster Green|gyarad0site has a beautiful team
|c| Youngster Green|NICE
|
|move|p2a: Latios|Psyshock|p1a: Ferrothorn
|-resisted|p1a: Ferrothorn
|-damage|p1a: Ferrothorn|307\/349 par
|move|p1a: Ferrothorn|Stealth Rock|p2a: Latios
|-sidestart|p2: gyarad0site|move: Stealth Rock
|
|-heal|p2a: Latios|163\/301|[from] item: Leftovers
|turn|8
|
|switch|p1a: Mew|Mew|403\/403
|move|p2a: Latios|Defog|p1a: Mew
|-unboost|p1a: Mew|evasion|1
|-sideend|p2: gyarad0site|Stealth Rock|[from] move: Defog|[of] p2a: Latios
|
|-heal|p2a: Latios|181\/301|[from] item: Leftovers
|turn|9
|
|switch|p2a: flAMberge|Cobalion|358\/358
|move|p1a: Mew|Will-O-Wisp|p2a: flAMberge
|-status|p2a: flAMberge|brn
|
|-damage|p2a: flAMberge|314\/358 brn|[from] brn
|turn|10
|
|move|p2a: flAMberge|Taunt|p1a: Mew
|-start|p1a: Mew|move: Taunt
|cant|p1a: Mew|move: Taunt|Taunt
|
|-heal|p2a: flAMberge|336\/358 brn|[from] item: Leftovers
|-damage|p2a: flAMberge|292\/358 brn|[from] brn
|turn|11
|
|switch|p1a: Latias|Latias, F|301\/301
|move|p2a: flAMberge|Volt Switch|p1a: Latias
|-resisted|p1a: Latias
|-damage|p1a: Latias|283\/301
|c| Youngster Green|real af
|join|1800Rekt
|raw|<div class="broadcast-red"><b>Moderated chat was set to +!<\/b><br \/>Only users of rank + and higher can talk.<\/div>
|join|Ludicolous
|join|Crubat
|
|switch|p2a: sAMuel L|Landorus-Therian, M|381\/381
|-ability|p2a: sAMuel L|Intimidate|[of] p1a: Latias
|-unboost|p1a: Latias|atk|1
|
|turn|12
|
|switch|p1a: Ferrothorn|Ferrothorn, M|307\/349 par
|move|p2a: sAMuel L|Stealth Rock|p1a: Ferrothorn
|-sidestart|p1: Cienight|move: Stealth Rock
|
|turn|13
|join|doodfish75
|
|move|p2a: sAMuel L|Earthquake|p1a: Ferrothorn
|-damage|p1a: Ferrothorn|208\/349 par
|move|p1a: Ferrothorn|Stealth Rock|p2a: sAMuel L
|-sidestart|p2: gyarad0site|move: Stealth Rock
|
|turn|14
|
|switch|p1a: Landorus-Therian|Landorus-Therian, M, shiny|325\/325
|-damage|p1a: Landorus-Therian|285\/325|[from] Stealth Rock
|-ability|p1a: Landorus-Therian|Intimidate|[of] p2a: sAMuel L
|-unboost|p2a: sAMuel L|atk|1
|move|p2a: sAMuel L|U-turn|p1a: Landorus-Therian
|-resisted|p1a: Landorus-Therian
|-damage|p1a: Landorus-Therian|256\/325
|join|grearge
|join|Angel Justus
|join|I'm Yakuza
|leave|doodfish75
|
|switch|p2a: murakAMi|Manaphy, shiny|351\/351
|-damage|p2a: murakAMi|308\/351|[from] Stealth Rock
|
|-heal|p2a: murakAMi|329\/351|[from] item: Leftovers
|turn|15
|join|Rio
|
|switch|p2a: sAMuel L|Landorus-Therian, M|381\/381
|-damage|p2a: sAMuel L|334\/381|[from] Stealth Rock
|-ability|p2a: sAMuel L|Intimidate|[of] p1a: Landorus-Therian
|-unboost|p1a: Landorus-Therian|atk|1
|move|p1a: Landorus-Therian|U-turn|p2a: sAMuel L
|-resisted|p2a: sAMuel L
|-damage|p2a: sAMuel L|310\/381
|join|mrpokemonguy123
|join|Cosplay Furret
|join|aaa1111
|join|Abyssal Ruins
|
|switch|p1a: Azumarill|Azumarill, F|381\/381
|-damage|p1a: Azumarill|334\/381|[from] Stealth Rock
|
|-heal|p2a: sAMuel L|333\/381|[from] item: Leftovers
|turn|16
|
|move|p2a: sAMuel L|Earthquake|p1a: Azumarill
|-damage|p1a: Azumarill|126\/381
|move|p1a: Azumarill|Waterfall|p2a: sAMuel L
|-supereffective|p2a: sAMuel L
|-damage|p2a: sAMuel L|0 fnt
|faint|p2a: sAMuel L
|
|join|Aroosh
|leave|Abyssal Ruins
|join|Santa Jr
|leave|mrpokemonguy123
|leave|Rio
|leave|Ludicolous
|
|switch|p2a: Latios|Latios, M|181\/301
|-damage|p2a: Latios|144\/301|[from] Stealth Rock
|turn|17
|
|switch|p1a: Ferrothorn|Ferrothorn, M|208\/349 par
|-damage|p1a: Ferrothorn|187\/349 par|[from] Stealth Rock
|move|p2a: Latios|Psyshock|p1a: Ferrothorn
|-resisted|p1a: Ferrothorn
|-damage|p1a: Ferrothorn|144\/349 par
|
|-heal|p2a: Latios|162\/301|[from] item: Leftovers
|turn|18
|leave|Aroosh
|
|switch|p2a: flAMberge|Cobalion|292\/358 brn
|-damage|p2a: flAMberge|281\/358 brn|[from] Stealth Rock
|move|p1a: Ferrothorn|Leech Seed|p2a: flAMberge
|-start|p2a: flAMberge|move: Leech Seed
|
|-heal|p2a: flAMberge|303\/358 brn|[from] item: Leftovers
|-damage|p2a: flAMberge|259\/358 brn|[from] Leech Seed|[of] p1a: Ferrothorn
|-heal|p1a: Ferrothorn|188\/349 par|[silent]
|-damage|p2a: flAMberge|215\/358 brn|[from] brn
|turn|19
|
|switch|p1a: Landorus-Therian|Landorus-Therian, M, shiny|256\/325
|-damage|p1a: Landorus-Therian|216\/325|[from] Stealth Rock
|-ability|p1a: Landorus-Therian|Intimidate|[of] p2a: flAMberge
|-unboost|p2a: flAMberge|atk|1
|move|p2a: flAMberge|Close Combat|p1a: Landorus-Therian
|-resisted|p1a: Landorus-Therian
|-damage|p1a: Landorus-Therian|189\/325
|-unboost|p2a: flAMberge|def|1
|-unboost|p2a: flAMberge|spd|1
|
|-heal|p2a: flAMberge|237\/358 brn|[from] item: Leftovers
|-damage|p2a: flAMberge|193\/358 brn|[from] Leech Seed|[of] p1a: Landorus-Therian
|-heal|p1a: Landorus-Therian|233\/325|[silent]
|-damage|p2a: flAMberge|149\/358 brn|[from] brn
|turn|20
|
|move|p1a: Landorus-Therian|U-turn|p2a: flAMberge
|-resisted|p2a: flAMberge
|-damage|p2a: flAMberge|121\/358 brn
|join|cdqvege
|
|switch|p1a: Latias|Latias, F|283\/301
|-damage|p1a: Latias|246\/301|[from] Stealth Rock
|move|p2a: flAMberge|Volt Switch|p1a: Latias
|-resisted|p1a: Latias
|-damage|p1a: Latias|227\/301
|join|VanilliteCone
|join|Shekelshoah Valley
|leave|Cosplay Furret
|join|fish lips
|join|Alpha+Zordon
|leave|Alpha+Zordon
|join|Matty123456789
|leave|Crubat
|leave|cdqvege
|join|cdqvege
|
|switch|p2a: Thundurus|Thundurus, M|190\/299
|-damage|p2a: Thundurus|116\/299|[from] Stealth Rock
|
|turn|21
|join|Rih0
|join|Kitten.exe
|
|move|p2a: Thundurus|Thunder Wave|p1a: Latias
|-status|p1a: Latias|par
|move|p1a: Latias|Defog|p2a: Thundurus
|-unboost|p2a: Thundurus|evasion|1
|-sideend|p2: gyarad0site|Stealth Rock|[from] move: Defog|[of] p2a: Thundurus
|-sideend|p1: Cienight|Stealth Rock|[from] move: Defog|[of] p1a: Latias
|
|turn|22
|
|move|p2a: Thundurus|Hidden Power|p1a: Latias
|-supereffective|p1a: Latias
|-damage|p1a: Latias|115\/301 par
|cant|p1a: Latias|par
|
|turn|23
|leave|Rih0
|
|move|p2a: Thundurus|Volt Switch|p1a: Latias
|-resisted|p1a: Latias
|-damage|p1a: Latias|66\/301 par
|
|switch|p2a: flAMberge|Cobalion|121\/358 brn
|cant|p1a: Latias|par
|
|-heal|p2a: flAMberge|143\/358 brn|[from] item: Leftovers
|-damage|p2a: flAMberge|99\/358 brn|[from] brn
|turn|24
|
|switch|p1a: Landorus-Therian|Landorus-Therian, M, shiny|233\/325
|-ability|p1a: Landorus-Therian|Intimidate|[of] p2a: flAMberge
|-unboost|p2a: flAMberge|atk|1
|move|p2a: flAMberge|Iron Head|p1a: Landorus-Therian
|-damage|p1a: Landorus-Therian|200\/325
|
|-heal|p2a: flAMberge|121\/358 brn|[from] item: Leftovers
|-damage|p2a: flAMberge|77\/358 brn|[from] brn
|turn|25
|join|gay af
|leave|Santa Jr
|join|dexterliew
|
|move|p1a: Landorus-Therian|U-turn|p2a: flAMberge
|-resisted|p2a: flAMberge
|-damage|p2a: flAMberge|60\/358 brn
|leave|cdqvege
|
|switch|p1a: Ferrothorn|Ferrothorn, M|188\/349 par
|move|p2a: flAMberge|Iron Head|p1a: Ferrothorn
|-resisted|p1a: Ferrothorn
|-damage|p1a: Ferrothorn|179\/349 par
|-damage|p2a: flAMberge|16\/358 brn|[from] ability: Iron Barbs|[of] p1a: Ferrothorn
|
|-heal|p2a: flAMberge|38\/358 brn|[from] item: Leftovers
|-damage|p2a: flAMberge|0 fnt|[from] brn
|faint|p2a: flAMberge
|join|Pwaite
|join|Cicero Inc.
|leave|gay af
|join|To Test
|join|1+more
|join|dirk3094
|join|jake5
|join|The Magic Ass
|leave|jake5
|join|WildcatForever
|join|violet20
|leave|dirk3094
|join|wtegf
|
|switch|p2a: rAMbo|Scizor, M, shiny|291\/291
|turn|26
|leave|The Magic Ass
|leave|violet20
|join|Learco
|join|Stroentneger
|
|switch|p1a: Charizard|Charizard-Mega-X, M|232\/315
|detailschange|p2a: rAMbo|Scizor-Mega, M, shiny
|-mega|p2a: rAMbo|Scizor|Scizorite
|move|p2a: rAMbo|Superpower|p1a: Charizard
|-damage|p1a: Charizard|82\/315
|-unboost|p2a: rAMbo|atk|1
|-unboost|p2a: rAMbo|def|1
|
|turn|27
|leave|Stroentneger
|leave|fish lips
|leave|1+more
|
|switch|p2a: Latios|Latios, M|162\/301
|move|p1a: Charizard|Roost|p1a: Charizard
|-heal|p1a: Charizard|240\/315
|
|-heal|p2a: Latios|180\/301|[from] item: Leftovers
|turn|28
|
|switch|p1a: Ferrothorn|Ferrothorn, M|179\/349 par
|move|p2a: Latios|Draco Meteor|p1a: Ferrothorn
|-resisted|p1a: Ferrothorn
|-damage|p1a: Ferrothorn|86\/349 par
|-unboost|p2a: Latios|spa|2
|
|-heal|p2a: Latios|198\/301|[from] item: Leftovers
|turn|29
|
|move|p2a: Latios|Psyshock|p1a: Ferrothorn
|-resisted|p1a: Ferrothorn
|-damage|p1a: Ferrothorn|65\/349 par
|move|p1a: Ferrothorn|Leech Seed|p2a: Latios
|-start|p2a: Latios|move: Leech Seed
|
|-heal|p2a: Latios|216\/301|[from] item: Leftovers
|-damage|p2a: Latios|179\/301|[from] Leech Seed|[of] p1a: Ferrothorn
|-heal|p1a: Ferrothorn|102\/349 par|[silent]
|turn|30
|join|praj.pran
|
|switch|p2a: murakAMi|Manaphy, shiny|329\/351
|cant|p1a: Ferrothorn|par
|
|-heal|p2a: murakAMi|350\/351|[from] item: Leftovers
|turn|31
|
|move|p2a: murakAMi|Tail Glow|p2a: murakAMi
|-boost|p2a: murakAMi|spa|3
|cant|p1a: Ferrothorn|par
|
|-heal|p2a: murakAMi|351\/351|[from] item: Leftovers
|turn|32
|join|jake5
|
|move|p2a: murakAMi|Scald|p1a: Ferrothorn
|-resisted|p1a: Ferrothorn
|-damage|p1a: Ferrothorn|0 fnt
|faint|p1a: Ferrothorn
|
|join|grensuspect
|
|switch|p1a: Landorus-Therian|Landorus-Therian, M, shiny|200\/325
|-ability|p1a: Landorus-Therian|Intimidate|[of] p2a: murakAMi
|-unboost|p2a: murakAMi|atk|1
|turn|33
|
|move|p1a: Landorus-Therian|Explosion|p2a: murakAMi
|-damage|p2a: murakAMi|28\/351
|faint|p1a: Landorus-Therian
|move|p2a: murakAMi|Scald|p1: Landorus-Therian|[notarget]
|-notarget
|
|-heal|p2a: murakAMi|49\/351|[from] item: Leftovers
|join|1+more
|join|Just A Bear
|join|FacuZomber
|join|GoldGroove
|join|BGC (Clyde)
|join|Mtorterra
|join|AhClefable
|join|Collie
|join|Abyssal Ruins
|
|switch|p1a: Azumarill|Azumarill, F|126\/381
|turn|34
|leave|jake5
|join|MuteMike
|leave|BGC (Clyde)
|join|king diggersby
|leave|MuteMike
|join|yummy shit
|leave|Just A Bear
|join|Yoshiebi
|join|korraavatar
|leave|Collie
|join|Agilis
|leave|1+more
|leave|Yoshiebi
|join|wbasmith
|leave|Shekelshoah Valley
|leave|Mtorterra
|leave|yummy shit
|join|hash set
|join|metagrossiso
|leave|GoldGroove
|leave|Abyssal Ruins
|leave|AhClefable
|leave|FacuZomber
|leave|king diggersby
|leave|wbasmith
|join|Unban Moody
|
|move|p1a: Azumarill|Aqua Jet|p2a: murakAMi
|-resisted|p2a: murakAMi
|-damage|p2a: murakAMi|0 fnt
|faint|p2a: murakAMi
|
|join|Connorrr
|leave|Unban Moody
|
|switch|p2a: Latios|Latios, M|179\/301
|turn|35
|
|switch|p1a: Latias|Latias, F|66\/301 par
|move|p2a: Latios|Psyshock|p1a: Latias
|-resisted|p1a: Latias
|-damage|p1a: Latias|0 fnt
|faint|p1a: Latias
|
|-heal|p2a: Latios|197\/301|[from] item: Leftovers
|
|switch|p1a: Mew|Mew|403\/403
|turn|36
|
|move|p2a: Latios|Draco Meteor|p1a: Mew
|-damage|p1a: Mew|208\/403
|-unboost|p2a: Latios|spa|2
|move|p1a: Mew|Will-O-Wisp|p2a: Latios
|-status|p2a: Latios|brn
|
|-heal|p2a: Latios|215\/301 brn|[from] item: Leftovers
|-heal|p1a: Mew|233\/403|[from] item: Leftovers
|-damage|p2a: Latios|178\/301 brn|[from] brn
|turn|37
|leave|Connorrr
|
|switch|p2a: Thundurus|Thundurus, M|116\/299
|move|p1a: Mew|Roost|p1a: Mew
|-heal|p1a: Mew|403\/403
|
|turn|38
|
|switch|p1a: Azumarill|Azumarill, F|126\/381
|move|p2a: Thundurus|Thunder Wave|p1a: Azumarill
|-status|p1a: Azumarill|par
|
|turn|39
|join|gay af
|join|Omegasization
|
|cant|p1a: Azumarill|par
|move|p2a: Thundurus|Volt Switch|p1a: Azumarill
|-supereffective|p1a: Azumarill
|-damage|p1a: Azumarill|0 fnt
|faint|p1a: Azumarill
|join|RegiRockYourBoat
|join|BGC (Clyde)
|leave|Omegasization
|leave|RegiRockYourBoat
|join|Tom Bus
|join|Updated Kanto
|join|jake5
|join|Arcanine is Regal
|
|switch|p2a: Latios|Latios, M|178\/301 brn
|
|-heal|p2a: Latios|196\/301 brn|[from] item: Leftovers
|-damage|p2a: Latios|159\/301 brn|[from] brn
|join|feircedety
|leave|Arcanine is Regal
|leave|feircedety
|join|Wanna Be A Baller
|leave|BGC (Clyde)
|
|switch|p1a: Mew|Mew|403\/403
|turn|40
|
|switch|p2a: Thundurus|Thundurus, M|116\/299
|move|p1a: Mew|Knock Off|p2a: Thundurus
|-crit|p2a: Thundurus
|-damage|p2a: Thundurus|9\/299
|
|turn|41
|leave|Agilis
|leave|Updated Kanto
|
|move|p2a: Thundurus|Thunder Wave|p1a: Mew
|-status|p1a: Mew|par
|move|p1a: Mew|Knock Off|p2a: Thundurus
|-damage|p2a: Thundurus|0 fnt
|faint|p2a: Thundurus
|
|
|switch|p2a: rAMbo|Scizor-Mega, M, shiny|291\/291
|turn|42
|join|Arcanine is Regal
|
|switch|p1a: Charizard|Charizard-Mega-X, M|240\/315
|move|p2a: rAMbo|Swords Dance|p2a: rAMbo
|-boost|p2a: rAMbo|atk|2
|
|turn|43
|join|Cosplay Furret
|
|move|p1a: Charizard|Flare Blitz|p2a: rAMbo
|-supereffective|p2a: rAMbo
|-damage|p2a: rAMbo|0 fnt
|-damage|p1a: Charizard|144\/315|[from] recoil|[of] p2a: rAMbo
|faint|p2a: rAMbo
|
|join|DoomSavior9
|c|âgyarad0site|gg
|c|âCienight|gg
|join|Reshiras
|
|switch|p2a: Latios|Latios, M|159\/301 brn
|turn|44
|join|idfluck
|
|move|p2a: Latios|Psyshock|p1a: Charizard
|-damage|p1a: Charizard|24\/315
|move|p1a: Charizard|Dragon Claw|p2a: Latios
|-supereffective|p2a: Latios
|-damage|p2a: Latios|0 fnt
|faint|p2a: Latios
|
|win|Cienight
|raw|Ladder updating...
|join|Dr. Doofenshmirz
|raw|Cienight's rating: 1480 &rarr; <strong>1501<\/strong><br \/>(+21 for winning)
|raw|gyarad0site's rating: 1499 &rarr; <strong>1478<\/strong><br \/>(-21 for losing)
|leave|Arcanine is Regal
|leave|Cienight
|player|p1
|leave|dexterliew
|join|MuteMike
|leave|idfluck
|leave|VanilliteCone
|leave|IAmGingy
|leave|hash set
|leave|Reshiras
|leave|Tom Bus
|leave|wtegf