|join|Lordemort
|join|Mydonut
|player|p1|Lordemort|3
|player|p2|Mydonut|265
|gametype|singles
|gen|6
|tier|UU
|rated
|rule|Sleep Clause Mod: Limit one foe put to sleep
|rule|Species Clause: Limit one of each Pokemon
|rule|OHKO Clause: OHKO moves are banned
|rule|Moody Clause: Moody is banned
|rule|Evasion Moves Clause: Evasion moves are banned
|rule|Endless Battle Clause: Forcing endless battles is banned.
|rule|HP Percentage Mod: HP is reported as percentages
|clearpoke
|poke|p1|Alakazam, M
|poke|p1|Heracross, F
|poke|p1|Blissey, F
|poke|p1|Rhyperior, F
|poke|p1|Tentacruel, M
|poke|p1|Tornadus, M
|poke|p2|Aerodactyl, F, shiny
|poke|p2|Arcanine, M, shiny
|poke|p2|Porygon2, shiny
|poke|p2|Nidoking, M, shiny
|poke|p2|Hitmonlee, M, shiny
|poke|p2|Hydreigon, F, shiny
|teampreview
|chat|Mydonut|hi
|
|start
|switch|p1a: Rhyperior|Rhyperior, F|434\/434
|switch|p2a: V-Wing|Aerodactyl, F, shiny|302\/302
|turn|1
|
|detailschange|p2a: V-Wing|Aerodactyl-Mega, F, shiny
|message|Aerodactyl has Mega Evolved into Mega Aerodactyl!
|move|p2a: V-Wing|Earthquake|p1a: Rhyperior
|-supereffective|p1a: Rhyperior
|-damage|p1a: Rhyperior|293\/434
|move|p1a: Rhyperior|Rock Blast|p2a: V-Wing
|-supereffective|p2a: V-Wing
|-damage|p2a: V-Wing|138\/302
|-supereffective|p2a: V-Wing
|-damage|p2a: V-Wing|0 fnt
|-hitcount|p2a: V-Wing|2
|faint|p2a: V-Wing
|
|
|switch|p2a: BurgerKing|Nidoking, M, shiny|304\/304
|turn|2
|
|switch|p1a: Tornadus|Tornadus, M|300\/300
|move|p2a: BurgerKing|Earth Power|p1a: Tornadus
|-immune|p1a: Tornadus|[msg]
|
|turn|3
|
|move|p1a: Tornadus|Substitute|p1a: Tornadus
|-start|p1a: Tornadus|Substitute
|-damage|p1a: Tornadus|225\/300
|move|p2a: BurgerKing|Thunderbolt|p1a: Tornadus
|-supereffective|p1a: Tornadus
|-end|p1a: Tornadus|Substitute
|
|-heal|p1a: Tornadus|243\/300|[from] item: Leftovers
|turn|4
|
|switch|p1a: Blissey|Blissey, F|714\/714
|move|p2a: BurgerKing|Thunderbolt|p1a: Blissey
|-damage|p1a: Blissey|610\/714
|
|-heal|p1a: Blissey|654\/714|[from] item: Leftovers
|turn|5
|
|switch|p2a: RealBulk|Porygon2, shiny|374\/374
|-ability|p2a: RealBulk|Natural Cure|[from] ability: Trace|[of] p1a: Blissey
|move|p1a: Blissey|Stealth Rock|p2a: RealBulk
|-sidestart|p2: Mydonut|move: Stealth Rock
|
|-heal|p1a: Blissey|698\/714|[from] item: Leftovers
|turn|6
|
|move|p2a: RealBulk|Toxic|p1a: Blissey
|-status|p1a: Blissey|tox
|move|p1a: Blissey|Seismic Toss|p2a: RealBulk
|-damage|p2a: RealBulk|274\/374
|
|-heal|p1a: Blissey|714\/714 tox|[from] item: Leftovers
|-damage|p1a: Blissey|670\/714 tox|[from] psn
|turn|7
|
|switch|p1a: Heracross|Heracross, F|302\/302
|move|p2a: RealBulk|Tri Attack|p1a: Heracross
|-damage|p1a: Heracross|203\/302
|-status|p1a: Heracross|par
|
|turn|8
|chat|Lordemort|...
|chat|Lordemort|...
|chat|Lordemort|...
|chat|Lordemort|...
|chat|Lordemort|...
|chat|Lordemort|...
|chat|Lordemort|...
|chat|Lordemort|...
|chat|Lordemort|...
|chat|Mydonut|it happens
|
|switch|p2a: GoldenTiger|Arcanine, M, shiny|384\/384
|-damage|p2a: GoldenTiger|288\/384|[from] Stealth Rock
|-ability|p2a: GoldenTiger|Intimidate|[of] p1a: Heracross
|-unboost|p1a: Heracross|atk|1
|move|p1a: Heracross|Close Combat|p2a: GoldenTiger
|-damage|p2a: GoldenTiger|111\/384
|-damage|p1a: Heracross|153\/302 par|[from] item: Rocky Helmet|[of] p2a: GoldenTiger
|-unboost|p1a: Heracross|def|1
|-unboost|p1a: Heracross|spd|1
|
|turn|9
|
|move|p2a: GoldenTiger|Morning Sun|p2a: GoldenTiger
|-heal|p2a: GoldenTiger|303\/384
|move|p1a: Heracross|Close Combat|p2a: GoldenTiger
|-damage|p2a: GoldenTiger|119\/384
|-damage|p1a: Heracross|103\/302 par|[from] item: Rocky Helmet|[of] p2a: GoldenTiger
|-unboost|p1a: Heracross|def|1
|-unboost|p1a: Heracross|spd|1
|
|turn|10
|
|move|p2a: GoldenTiger|Extreme Speed|p1a: Heracross
|-damage|p1a: Heracross|0 fnt
|faint|p1a: Heracross
|
|
|switch|p1a: Alakazam|Alakazam, M|252\/252
|turn|11
|
|detailschange|p1a: Alakazam|Alakazam-Mega, M
|message|Alakazam has Mega Evolved into Mega Alakazam!
|-ability|p1a: Alakazam|Intimidate|[from] ability: Trace|[of] p2a: GoldenTiger
|-ability|p1a: Alakazam|Intimidate|[of] p2a: GoldenTiger
|-unboost|p2a: GoldenTiger|atk|1
|move|p2a: GoldenTiger|Extreme Speed|p1a: Alakazam
|-damage|p1a: Alakazam|186\/252
|move|p1a: Alakazam|Focus Blast|p2a: GoldenTiger
|-damage|p2a: GoldenTiger|0 fnt
|faint|p2a: GoldenTiger
|
|
|switch|p2a: TheDarkSide|Hydreigon, F, shiny|325\/325
|-damage|p2a: TheDarkSide|285\/325|[from] Stealth Rock
|turn|12
|chat|Mydonut|cmon
|
|switch|p1a: Blissey|Blissey, F|670\/714
|move|p2a: TheDarkSide|U-turn|p1a: Blissey
|-damage|p1a: Blissey|572\/714
|
|switch|p2a: I'mTheBest|Hitmonlee, M, shiny|242\/242
|-damage|p2a: I'mTheBest|227\/242|[from] Stealth Rock
|
|-heal|p1a: Blissey|616\/714|[from] item: Leftovers
|turn|13
|
|move|p1a: Blissey|Protect|p1a: Blissey
|-singleturn|p1a: Blissey|Protect
|move|p2a: I'mTheBest|High Jump Kick|p1a: Blissey
|-activate|p1a: Blissey|Protect
|-damage|p2a: I'mTheBest|106\/242|[from] highjumpkick
|
|-heal|p1a: Blissey|660\/714|[from] item: Leftovers
|turn|14
|chat|Mydonut|fuck
|
|switch|p1a: Tentacruel|Tentacruel, M|364\/364
|move|p2a: I'mTheBest|High Jump Kick|p1a: Tentacruel
|-resisted|p1a: Tentacruel
|-damage|p1a: Tentacruel|247\/364
|
|-heal|p1a: Tentacruel|269\/364|[from] item: Leftovers
|turn|15
|chat|Mydonut|cmon
|chat|Mydonut|you win anyways
|
|switch|p2a: RealBulk|Porygon2, shiny|274\/374
|-damage|p2a: RealBulk|228\/374|[from] Stealth Rock
|-ability|p2a: RealBulk|Liquid Ooze|[from] ability: Trace|[of] p1a: Tentacruel
|move|p1a: Tentacruel|Scald|p2a: RealBulk
|-damage|p2a: RealBulk|189\/374
|-status|p2a: RealBulk|brn
|
|-heal|p1a: Tentacruel|291\/364|[from] item: Leftovers
|-damage|p2a: RealBulk|143\/374 brn|[from] brn
|turn|16
|chat|Mydonut|cause you have a blissey
|
|switch|p1a: Rhyperior|Rhyperior, F|293\/434
|move|p2a: RealBulk|Recover|p2a: RealBulk
|-heal|p2a: RealBulk|330\/374 brn
|
|-damage|p2a: RealBulk|284\/374 brn|[from] brn
|turn|17
|
|switch|p2a: BurgerKing|Nidoking, M, shiny|304\/304
|-damage|p2a: BurgerKing|285\/304|[from] Stealth Rock
|move|p1a: Rhyperior|Rock Blast|p2a: BurgerKing
|-resisted|p2a: BurgerKing
|-damage|p2a: BurgerKing|241\/304
|-resisted|p2a: BurgerKing
|-damage|p2a: BurgerKing|194\/304
|-hitcount|p2a: BurgerKing|2
|
|turn|18
|
|switch|p1a: Blissey|Blissey, F|660\/714
|move|p2a: BurgerKing|Ice Beam|p1a: Blissey
|-damage|p1a: Blissey|551\/714
|
|-heal|p1a: Blissey|595\/714|[from] item: Leftovers
|turn|19
|
|switch|p2a: RealBulk|Porygon2, shiny|284\/374 brn
|-damage|p2a: RealBulk|238\/374 brn|[from] Stealth Rock
|-ability|p2a: RealBulk|Natural Cure|[from] ability: Trace|[of] p1a: Blissey
|move|p1a: Blissey|Seismic Toss|p2a: RealBulk
|-damage|p2a: RealBulk|138\/374 brn
|
|-heal|p1a: Blissey|639\/714|[from] item: Leftovers
|-damage|p2a: RealBulk|92\/374 brn|[from] brn
|turn|20
|
|move|p2a: RealBulk|Recover|p2a: RealBulk
|-heal|p2a: RealBulk|279\/374 brn
|move|p1a: Blissey|Seismic Toss|p2a: RealBulk
|-damage|p2a: RealBulk|179\/374 brn
|
|-heal|p1a: Blissey|683\/714|[from] item: Leftovers
|-damage|p2a: RealBulk|133\/374 brn|[from] brn
|turn|21
|
|switch|p1a: Rhyperior|Rhyperior, F|293\/434
|move|p2a: RealBulk|Tri Attack|p1a: Rhyperior
|-resisted|p1a: Rhyperior
|-damage|p1a: Rhyperior|218\/434
|
|-damage|p2a: RealBulk|87\/374 brn|[from] brn
|turn|22
|
|move|p2a: RealBulk|Tri Attack|p1a: Rhyperior
|-resisted|p1a: Rhyperior
|-damage|p1a: Rhyperior|149\/434
|move|p1a: Rhyperior|Earthquake|p2a: RealBulk
|-damage|p2a: RealBulk|0 fnt
|faint|p2a: RealBulk
|
|
|switch|p2a: I'mTheBest|Hitmonlee, M, shiny|106\/242
|-damage|p2a: I'mTheBest|91\/242|[from] Stealth Rock
|turn|23
|
|switch|p1a: Tentacruel|Tentacruel, M|291\/364
|move|p2a: I'mTheBest|High Jump Kick|p1a: Tentacruel
|-resisted|p1a: Tentacruel
|-damage|p1a: Tentacruel|173\/364
|
|-heal|p1a: Tentacruel|195\/364|[from] item: Leftovers
|turn|24
|
|switch|p2a: TheDarkSide|Hydreigon, F, shiny|285\/325
|-damage|p2a: TheDarkSide|245\/325|[from] Stealth Rock
|move|p1a: Tentacruel|Scald|p2a: TheDarkSide
|-resisted|p2a: TheDarkSide
|-damage|p2a: TheDarkSide|206\/325
|
|-heal|p1a: Tentacruel|217\/364|[from] item: Leftovers
|turn|25
|
|move|p2a: TheDarkSide|Dark Pulse|p1a: Tentacruel
|-damage|p1a: Tentacruel|94\/364
|move|p1a: Tentacruel|Knock Off|p2a: TheDarkSide
|-crit|p2a: TheDarkSide
|-resisted|p2a: TheDarkSide
|-damage|p2a: TheDarkSide|160\/325
|-enditem|p2a: TheDarkSide|Choice Scarf|[from] move: Knock Off|[of] p1a: Tentacruel
|
|-heal|p1a: Tentacruel|116\/364|[from] item: Leftovers
|turn|26
|
|switch|p1a: Blissey|Blissey, F|683\/714
|move|p2a: TheDarkSide|Dark Pulse|p1a: Blissey
|-damage|p1a: Blissey|584\/714
|
|-heal|p1a: Blissey|628\/714|[from] item: Leftovers
|turn|27
|
|move|p2a: TheDarkSide|Dark Pulse|p1a: Blissey
|-damage|p1a: Blissey|523\/714
|move|p1a: Blissey|Seismic Toss|p2a: TheDarkSide
|-damage|p2a: TheDarkSide|60\/325
|
|-heal|p1a: Blissey|567\/714|[from] item: Leftovers
|turn|28
|
|move|p2a: TheDarkSide|U-turn|p1a: Blissey
|-damage|p1a: Blissey|460\/714
|
|switch|p2a: BurgerKing|Nidoking, M, shiny|194\/304
|-damage|p2a: BurgerKing|175\/304|[from] Stealth Rock
|move|p1a: Blissey|Seismic Toss|p2a: BurgerKing
|-damage|p2a: BurgerKing|75\/304
|
|-heal|p1a: Blissey|504\/714|[from] item: Leftovers
|turn|29
|
|move|p2a: BurgerKing|Sludge Wave|p1a: Blissey
|-damage|p1a: Blissey|351\/714
|move|p1a: Blissey|Seismic Toss|p2a: BurgerKing
|-damage|p2a: BurgerKing|0 fnt
|faint|p2a: BurgerKing
|
|-heal|p1a: Blissey|395\/714|[from] item: Leftovers
|
|switch|p2a: I'mTheBest|Hitmonlee, M, shiny|91\/242
|-damage|p2a: I'mTheBest|76\/242|[from] Stealth Rock
|turn|30
|chat|Mydonut|cmon
|
|move|p1a: Blissey|Protect|p1a: Blissey
|-singleturn|p1a: Blissey|Protect
|move|p2a: I'mTheBest|Fake Out|p1a: Blissey
|-activate|p1a: Blissey|Protect
|
|-heal|p1a: Blissey|439\/714|[from] item: Leftovers
|turn|31
|
|move|p1a: Blissey|Protect|p1a: Blissey
|-fail|p1a: Blissey
|move|p2a: I'mTheBest|Knock Off|p1a: Blissey
|-crit|p1a: Blissey
|-damage|p1a: Blissey|105\/714
|-enditem|p1a: Blissey|Leftovers|[from] move: Knock Off|[of] p2a: I'mTheBest
|
|turn|32
|
|move|p2a: I'mTheBest|Knock Off|p1a: Blissey
|-damage|p1a: Blissey|0 fnt
|faint|p1a: Blissey
|
|
|switch|p1a: Tornadus|Tornadus, M|243\/300
|turn|33
|
|switch|p2a: TheDarkSide|Hydreigon, F, shiny|60\/325
|-damage|p2a: TheDarkSide|20\/325|[from] Stealth Rock
|move|p1a: Tornadus|Sludge Wave|p2a: TheDarkSide
|-damage|p2a: TheDarkSide|0 fnt
|faint|p2a: TheDarkSide
|
|-heal|p1a: Tornadus|261\/300|[from] item: Leftovers
|
|switch|p2a: I'mTheBest|Hitmonlee, M, shiny|76\/242
|-damage|p2a: I'mTheBest|61\/242|[from] Stealth Rock
|turn|34
|
|switch|p1a: Tentacruel|Tentacruel, M|116\/364
|move|p2a: I'mTheBest|Fake Out|p1a: Tentacruel
|-enditem|p2a: I'mTheBest|Normal Gem|[from] gem|[move] Fake Out
|-damage|p1a: Tentacruel|57\/364
|
|-heal|p1a: Tentacruel|79\/364|[from] item: Leftovers
|turn|35
|join|Moosttache
|leave|Moosttache
|chat|Mydonut|dont worry you win
|
|move|p2a: I'mTheBest|Knock Off|p1a: Tentacruel
|-damage|p1a: Tentacruel|0 fnt
|faint|p1a: Tentacruel
|
|chat|Mydonut|just click the move
|
|switch|p1a: Alakazam|Alakazam-Mega, M|186\/252
|-ability|p1a: Alakazam|Unburden|[from] ability: Trace|[of] p2a: I'mTheBest
|turn|36
|
|move|p2a: I'mTheBest|Knock Off|p1a: Alakazam
|-crit|p1a: Alakazam
|-supereffective|p1a: Alakazam
|-damage|p1a: Alakazam|0 fnt
|faint|p1a: Alakazam
|
|chat|Lordemort|of course
|
|switch|p1a: Tornadus|Tornadus, M|261\/300
|turn|37
|
|move|p2a: I'mTheBest|Stone Edge|p1a: Tornadus
|-crit|p1a: Tornadus
|-supereffective|p1a: Tornadus
|-damage|p1a: Tornadus|0 fnt
|faint|p1a: Tornadus
|
|
|switch|p1a: Rhyperior|Rhyperior, F|149\/434
|turn|38
|chat|Mydonut|see you win
|
|move|p2a: I'mTheBest|High Jump Kick|p1a: Rhyperior
|-supereffective|p1a: Rhyperior
|-damage|p1a: Rhyperior|0 fnt
|faint|p1a: Rhyperior
|
|win|Mydonut
|raw|Ladder updating...
|raw|Lordemort's rating: 1190 &rarr; <strong>1172<\/strong><br \/>(-18 for losing)
|raw|Mydonut's rating: 1282 &rarr; <strong>1301<\/strong><br \/>(+19 for winning)
|chat|Lordemort|yeah ok
|chat|Lordemort|fucking luck
|chat|Mydonut|gg
|leave|Lordemort
|player|p1
|chat|Mydonut|lol
|leave|Mydonut
|player|p2
|join|Mydonut