|join|Mydonut
|join|Sacri'
|player|p1|Mydonut|153
|player|p2|Sacri'|277
|gametype|singles
|gen|6
|tier|UU
|rated
|rule|Sleep Clause Mod: Limit one foe put to sleep
|rule|Species Clause: Limit one of each PokÃ©mon
|rule|OHKO Clause: OHKO moves are banned
|rule|Moody Clause: Moody is banned
|rule|Evasion Moves Clause: Evasion moves are banned
|rule|Endless Battle Clause: Forcing endless battles is banned
|rule|HP Percentage Mod: HP is shown in percentages
|clearpoke
|poke|p1|Zygarde
|poke|p1|Aggron, M
|poke|p1|Rotom-Heat
|poke|p1|Crobat, F
|poke|p1|Vaporeon, M
|poke|p1|Chesnaught, F
|poke|p2|Absol, M
|poke|p2|Nidoqueen, F
|poke|p2|Chandelure, M
|poke|p2|Haxorus, F
|poke|p2|Vaporeon, F
|poke|p2|Togetic, M
|rule|Swagger Clause: Swagger is banned
|rule|Baton Pass Clause: Limit one PokÃ©mon knowing Baton Pass
|teampreview
|
|start
|switch|p1a: Zygarde|Zygarde|404\/404
|switch|p2a: Nidoqueen|Nidoqueen, F|384\/384
|-ability|p1a: Zygarde|Aura Break
|turn|1
|
|move|p1a: Zygarde|Substitute|p1a: Zygarde
|-start|p1a: Zygarde|Substitute
|-damage|p1a: Zygarde|303\/404
|move|p2a: Nidoqueen|Ice Beam|p1a: Zygarde
|-supereffective|p1a: Zygarde
|-end|p1a: Zygarde|Substitute
|
|-heal|p1a: Zygarde|328\/404|[from] item: Leftovers
|turn|2
|
|switch|p1a: Vaporeon|Vaporeon, M|463\/463
|move|p2a: Nidoqueen|Ice Beam|p1a: Vaporeon
|-resisted|p1a: Vaporeon
|-damage|p1a: Vaporeon|394\/463
|
|-heal|p1a: Vaporeon|422\/463|[from] item: Leftovers
|turn|3
|
|switch|p2a: Vaporeon|Vaporeon, F|464\/464
|move|p1a: Vaporeon|Baton Pass|p1a: Vaporeon
|
|switch|p1a: Zygarde|Zygarde|328\/404
|-ability|p1a: Zygarde|Aura Break
|
|-heal|p1a: Zygarde|353\/404|[from] item: Leftovers
|turn|4
|
|switch|p2a: Togetic|Togetic, M|314\/314
|move|p1a: Zygarde|Substitute|p1a: Zygarde
|-start|p1a: Zygarde|Substitute
|-damage|p1a: Zygarde|252\/404
|
|-heal|p1a: Zygarde|277\/404|[from] item: Leftovers
|turn|5
|
|switch|p1a: Aggron|Aggron, M|344\/344
|move|p2a: Togetic|Dazzling Gleam|p1a: Aggron
|-resisted|p1a: Aggron
|-damage|p1a: Aggron|308\/344
|
|turn|6
|
|switch|p2a: Nidoqueen|Nidoqueen, F|384\/384
|detailschange|p1a: Aggron|Aggron-Mega, M
|message|Aggron has Mega Evolved into Mega Aggron!
|move|p1a: Aggron|Stealth Rock|p2a: Nidoqueen
|-sidestart|p2: Sacri'|move: Stealth Rock
|
|turn|7
|
|switch|p1a: Rotom-Heat|Rotom-Heat|275\/275
|move|p2a: Nidoqueen|Sludge Wave|p1a: Rotom-Heat
|-damage|p1a: Rotom-Heat|80\/275
|
|turn|8
|
|switch|p2a: Vaporeon|Vaporeon, F|464\/464
|-damage|p2a: Vaporeon|406\/464|[from] Stealth Rock
|move|p1a: Rotom-Heat|Overheat|p2a: Vaporeon
|-resisted|p2a: Vaporeon
|-damage|p2a: Vaporeon|297\/464
|-unboost|p1a: Rotom-Heat|spa|2
|
|-heal|p2a: Vaporeon|326\/464|[from] item: Leftovers
|turn|9
|
|switch|p1a: Chesnaught|Chesnaught, F|380\/380
|move|p2a: Vaporeon|Scald|p1a: Chesnaught
|-resisted|p1a: Chesnaught
|-damage|p1a: Chesnaught|333\/380
|-status|p1a: Chesnaught|brn
|
|-heal|p1a: Chesnaught|356\/380 brn|[from] item: Leftovers
|-heal|p2a: Vaporeon|355\/464|[from] item: Leftovers
|-damage|p1a: Chesnaught|309\/380 brn|[from] brn
|turn|10
|
|move|p2a: Vaporeon|Protect|p2a: Vaporeon
|-singleturn|p2a: Vaporeon|Protect
|move|p1a: Chesnaught|Leech Seed|p2a: Vaporeon
|-activate|p2a: Vaporeon|Protect
|
|-heal|p1a: Chesnaught|332\/380 brn|[from] item: Leftovers
|-heal|p2a: Vaporeon|384\/464|[from] item: Leftovers
|-damage|p1a: Chesnaught|285\/380 brn|[from] brn
|turn|11
|
|switch|p2a: Togetic|Togetic, M|314\/314
|-damage|p2a: Togetic|236\/314|[from] Stealth Rock
|move|p1a: Chesnaught|Spikes|p2a: Togetic
|-sidestart|p2: Sacri'|Spikes
|
|-heal|p1a: Chesnaught|308\/380 brn|[from] item: Leftovers
|-damage|p1a: Chesnaught|261\/380 brn|[from] brn
|turn|12
|
|switch|p1a: Aggron|Aggron-Mega, M|308\/344
|move|p2a: Togetic|Defog|p1a: Aggron
|-unboost|p1a: Aggron|evasion|1
|-sideend|p2: Sacri'|Spikes|[from] move: Defog|[of] p2a: Togetic
|-sideend|p2: Sacri'|Stealth Rock|[from] move: Defog|[of] p2a: Togetic
|
|turn|13
|
|switch|p2a: Nidoqueen|Nidoqueen, F|384\/384
|move|p1a: Aggron|Earthquake|p2a: Nidoqueen
|-supereffective|p2a: Nidoqueen
|-damage|p2a: Nidoqueen|162\/384
|
|turn|14
|
|switch|p1a: Crobat|Crobat, F|343\/343
|move|p2a: Nidoqueen|Earth Power|p1a: Crobat
|-immune|p1a: Crobat|[msg]
|
|turn|15
|
|move|p1a: Crobat|Brave Bird|p2a: Nidoqueen
|-damage|p2a: Nidoqueen|0 fnt
|-damage|p1a: Crobat|290\/343|[from] recoil|[of] p2a: Nidoqueen
|faint|p2a: Nidoqueen
|
|
|switch|p2a: Vaporeon|Vaporeon, F|384\/464
|turn|16
|
|move|p1a: Crobat|U-turn|p2a: Vaporeon
|-damage|p2a: Vaporeon|312\/464
|
|switch|p1a: Aggron|Aggron-Mega, M|308\/344
|move|p2a: Vaporeon|Scald|p1a: Aggron
|-damage|p1a: Aggron|215\/344
|
|-heal|p2a: Vaporeon|341\/464|[from] item: Leftovers
|turn|17
|
|move|p2a: Vaporeon|Scald|p1a: Aggron
|-damage|p1a: Aggron|134\/344
|move|p1a: Aggron|Toxic|p2a: Vaporeon
|-status|p2a: Vaporeon|tox
|
|-heal|p2a: Vaporeon|370\/464 tox|[from] item: Leftovers
|-damage|p2a: Vaporeon|341\/464 tox|[from] psn
|turn|18
|
|switch|p1a: Vaporeon|Vaporeon, M|422\/463
|move|p2a: Vaporeon|Heal Bell|p2a: Vaporeon
|-cureteam|p2a: Vaporeon|[from] move: HealBell
|
|-heal|p1a: Vaporeon|450\/463|[from] item: Leftovers
|-heal|p2a: Vaporeon|370\/464|[from] item: Leftovers
|turn|19
|
|move|p1a: Vaporeon|Wish|p1a: Vaporeon
|move|p2a: Vaporeon|Wish|p2a: Vaporeon
|
|-heal|p1a: Vaporeon|463\/463|[from] item: Leftovers
|-heal|p2a: Vaporeon|399\/464|[from] item: Leftovers
|turn|20
|
|move|p1a: Vaporeon|Baton Pass|p1a: Vaporeon
|
|switch|p1a: Aggron|Aggron-Mega, M|134\/344
|move|p2a: Vaporeon|Scald|p1a: Aggron
|-damage|p1a: Aggron|46\/344
|
|-heal|p1a: Aggron|277\/344|[from] move: Wish|[wisher] Vaporeon
|-heal|p2a: Vaporeon|464\/464|[from] move: Wish|[wisher] Vaporeon
|turn|21
|
|move|p2a: Vaporeon|Scald|p1a: Aggron
|-damage|p1a: Aggron|189\/344
|move|p1a: Aggron|Toxic|p2a: Vaporeon
|-status|p2a: Vaporeon|tox
|
|-damage|p2a: Vaporeon|435\/464 tox|[from] psn
|turn|22
|
|move|p2a: Vaporeon|Heal Bell|p2a: Vaporeon
|-cureteam|p2a: Vaporeon|[from] move: HealBell
|move|p1a: Aggron|Stealth Rock|p2a: Vaporeon
|-sidestart|p2: Sacri'|move: Stealth Rock
|
|-heal|p2a: Vaporeon|464\/464|[from] item: Leftovers
|turn|23
|
|switch|p2a: Togetic|Togetic, M|236\/314
|-damage|p2a: Togetic|158\/314|[from] Stealth Rock
|switch|p1a: Vaporeon|Vaporeon, M|463\/463
|
|turn|24
|
|switch|p1a: Rotom-Heat|Rotom-Heat|80\/275
|move|p2a: Togetic|Defog|p1a: Rotom-Heat
|-unboost|p1a: Rotom-Heat|evasion|1
|-sideend|p2: Sacri'|Stealth Rock|[from] move: Defog|[of] p2a: Togetic
|
|turn|25
|
|switch|p2a: Haxorus|Haxorus, F|294\/294
|-ability|p2a: Haxorus|Mold Breaker
|move|p1a: Rotom-Heat|Volt Switch|p2a: Haxorus
|-resisted|p2a: Haxorus
|-damage|p2a: Haxorus|217\/294
|
|switch|p1a: Crobat|Crobat, F|290\/343
|
|turn|26
|
|switch|p2a: Vaporeon|Vaporeon, F|464\/464
|move|p1a: Crobat|Brave Bird|p2a: Vaporeon
|-damage|p2a: Vaporeon|277\/464
|-damage|p1a: Crobat|228\/343|[from] recoil|[of] p2a: Vaporeon
|
|-heal|p2a: Vaporeon|306\/464|[from] item: Leftovers
|turn|27
|
|move|p1a: Crobat|U-turn|p2a: Vaporeon
|-damage|p2a: Vaporeon|242\/464
|
|switch|p1a: Vaporeon|Vaporeon, M|463\/463
|move|p2a: Vaporeon|Scald|p1a: Vaporeon
|-immune|p1a: Vaporeon|[msg]
|
|-heal|p2a: Vaporeon|271\/464|[from] item: Leftovers
|turn|28
|
|move|p1a: Vaporeon|Wish|p1a: Vaporeon
|move|p2a: Vaporeon|Wish|p2a: Vaporeon
|
|-heal|p2a: Vaporeon|300\/464|[from] item: Leftovers
|turn|29
|
|switch|p2a: Togetic|Togetic, M|158\/314
|move|p1a: Vaporeon|Baton Pass|p1a: Vaporeon
|
|switch|p1a: Rotom-Heat|Rotom-Heat|80\/275
|
|-heal|p2a: Togetic|314\/314|[from] move: Wish|[wisher] Vaporeon
|-heal|p1a: Rotom-Heat|275\/275|[from] move: Wish|[wisher] Vaporeon
|turn|30
|
|move|p1a: Rotom-Heat|Trick|p2a: Togetic
|-activate|p1a: Rotom-Heat|move: Trick|[of] p2a: Togetic
|-item|p2a: Togetic|Choice Scarf|[from] move: Trick
|-item|p1a: Rotom-Heat|Eviolite|[from] move: Trick
|move|p2a: Togetic|Roost|p2a: Togetic
|-fail|p2a: Togetic
|
|turn|31
|
|switch|p2a: Haxorus|Haxorus, F|217\/294
|-ability|p2a: Haxorus|Mold Breaker
|move|p1a: Rotom-Heat|Volt Switch|p2a: Haxorus
|-resisted|p2a: Haxorus
|-damage|p2a: Haxorus|135\/294
|
|switch|p1a: Crobat|Crobat, F|228\/343
|
|turn|32
|
|move|p1a: Crobat|Brave Bird|p2a: Haxorus
|-damage|p2a: Haxorus|0 fnt
|-damage|p1a: Crobat|183\/343|[from] recoil|[of] p2a: Haxorus
|faint|p2a: Haxorus
|
|
|switch|p2a: Requiem|Absol, M|271\/271
|turn|33
|
|detailschange|p2a: Requiem|Absol-Mega, M
|message|Absol has Mega Evolved into Mega Absol!
|move|p1a: Crobat|Roost|p1a: Crobat
|-heal|p1a: Crobat|343\/343
|move|p2a: Requiem|Swords Dance|p2a: Requiem
|-boost|p2a: Requiem|atk|2
|
|turn|34
|
|switch|p1a: Chesnaught|Chesnaught, F|261\/380 brn
|move|p2a: Requiem|Sucker Punch|p1a: Chesnaught
|-fail|p1a: Chesnaught
|
|-heal|p1a: Chesnaught|284\/380 brn|[from] item: Leftovers
|-damage|p1a: Chesnaught|237\/380 brn|[from] brn
|turn|35
|
|move|p2a: Requiem|Swords Dance|p2a: Requiem
|-boost|p2a: Requiem|atk|2
|move|p1a: Chesnaught|Low Sweep|p2a: Requiem
|-supereffective|p2a: Requiem
|-damage|p2a: Requiem|149\/271
|-unboost|p2a: Requiem|spe|1
|
|-heal|p1a: Chesnaught|260\/380 brn|[from] item: Leftovers
|-damage|p1a: Chesnaught|213\/380 brn|[from] brn
|turn|36
|
|move|p2a: Requiem|Superpower|p1a: Chesnaught
|-damage|p1a: Chesnaught|0 fnt
|-unboost|p2a: Requiem|atk|1
|-unboost|p2a: Requiem|def|1
|faint|p1a: Chesnaught
|
|
|switch|p1a: Vaporeon|Vaporeon, M|463\/463
|turn|37
|
|move|p2a: Requiem|Knock Off|p1a: Vaporeon
|-damage|p1a: Vaporeon|0 fnt
|-enditem|p1a: Vaporeon|Leftovers|[from] move: Knock Off|[of] p2a: Requiem
|faint|p1a: Vaporeon
|
|
|switch|p1a: Crobat|Crobat, F|343\/343
|turn|38
|
|move|p2a: Requiem|Sucker Punch|p1a: Crobat
|-damage|p1a: Crobat|0 fnt
|faint|p1a: Crobat
|
|
|switch|p1a: Aggron|Aggron-Mega, M|189\/344
|turn|39
|
|move|p2a: Requiem|Superpower|p1a: Aggron
|-supereffective|p1a: Aggron
|-damage|p1a: Aggron|0 fnt
|-unboost|p2a: Requiem|atk|1
|-unboost|p2a: Requiem|def|1
|faint|p1a: Aggron
|
|
|switch|p1a: Rotom-Heat|Rotom-Heat|275\/275
|turn|40
|
|move|p2a: Requiem|Sucker Punch|p1a: Rotom-Heat
|-damage|p1a: Rotom-Heat|0 fnt
|faint|p1a: Rotom-Heat
|
|-message|Mydonut forfeited.
|
|win|Sacri'
|raw|Ladder updating...
|leave|Mydonut
|player|p1
|raw|Mydonut's rating: 1594 &rarr; <strong>1574<\/strong><br \/>(-20 for losing)
|raw|Sacri&apos;'s rating: 1598 &rarr; <strong>1618<\/strong><br \/>(+20 for winning)