|join|Mydonut
|join|Inspectr Spacetime
|player|p1|Mydonut|153
|player|p2|Inspectr Spacetime|162
|gametype|singles
|gen|6
|tier|UU
|rated
|rule|Sleep Clause Mod: Limit one foe put to sleep
|rule|Species Clause: Limit one of each PokÃ©mon
|rule|OHKO Clause: OHKO moves are banned
|rule|Moody Clause: Moody is banned
|rule|Evasion Moves Clause: Evasion moves are banned
|rule|Endless Battle Clause: Forcing endless battles is banned
|rule|HP Percentage Mod: HP is shown in percentages
|clearpoke
|poke|p1|Braviary, M, shiny
|poke|p1|Nidoking, M, shiny
|poke|p1|Mismagius, F
|poke|p1|Ampharos, M
|poke|p1|Virizion
|poke|p1|Blissey, F
|poke|p2|Wigglytuff, M
|poke|p2|Roserade, F, shiny
|poke|p2|Krookodile, F
|poke|p2|Slowbro, M
|poke|p2|Ampharos, M
|poke|p2|Kecleon, M, shiny
|rule|Swagger Clause: Swagger is banned
|rule|Baton Pass Clause: Limit one PokÃ©mon knowing Baton Pass
|teampreview
|
|start
|switch|p1a: Virizion|Virizion|324\/324
|switch|p2a: Supbro|Slowbro, M|394\/394
|turn|1
|
|switch|p1a: Goku|Ampharos, M|384\/384
|move|p2a: Supbro|Psyshock|p1a: Goku
|-damage|p1a: Goku|303\/384
|
|turn|2
|
|switch|p2a: Krookodile|Krookodile, F|394\/394
|-ability|p2a: Krookodile|Intimidate|[of] p1a: Goku
|-unboost|p1a: Goku|atk|1
|detailschange|p1a: Goku|Ampharos-Mega, M
|message|Ampharos has Mega Evolved into Mega Ampharos!
|-ability|p1a: Goku|Mold Breaker
|move|p1a: Goku|Dragon Pulse|p2a: Krookodile
|-damage|p2a: Krookodile|204\/394
|
|-heal|p2a: Krookodile|228\/394|[from] item: Leftovers
|turn|3
|
|switch|p1a: Virizion|Virizion|324\/324
|move|p2a: Krookodile|Stealth Rock|p1a: Virizion
|-sidestart|p1: Mydonut|move: Stealth Rock
|
|-heal|p2a: Krookodile|252\/394|[from] item: Leftovers
|turn|4
|
|switch|p2a: Roserade|Roserade, F, shiny|324\/324
|move|p1a: Virizion|Close Combat|p2a: Roserade
|-resisted|p2a: Roserade
|-damage|p2a: Roserade|223\/324
|-unboost|p1a: Virizion|def|1
|-unboost|p1a: Virizion|spd|1
|-damage|p1a: Virizion|292\/324|[from] item: Life Orb
|
|-heal|p2a: Roserade|243\/324|[from] item: Black Sludge
|turn|5
|
|switch|p1a: Blissey|Blissey, F|714\/714
|-damage|p1a: Blissey|625\/714|[from] Stealth Rock
|move|p2a: Roserade|Toxic|p1a: Blissey
|-status|p1a: Blissey|tox
|
|-heal|p2a: Roserade|263\/324|[from] item: Black Sludge
|-heal|p1a: Blissey|669\/714 tox|[from] item: Leftovers
|-damage|p1a: Blissey|625\/714 tox|[from] psn
|turn|6
|
|move|p2a: Roserade|Giga Drain|p1a: Blissey
|-crit|p1a: Blissey
|-damage|p1a: Blissey|492\/714 tox
|-heal|p2a: Roserade|324\/324|[from] drain|[of] p1a: Blissey
|move|p1a: Blissey|Seismic Toss|p2a: Roserade
|-damage|p2a: Roserade|224\/324
|
|-heal|p2a: Roserade|244\/324|[from] item: Black Sludge
|-heal|p1a: Blissey|536\/714 tox|[from] item: Leftovers
|-damage|p1a: Blissey|448\/714 tox|[from] psn
|turn|7
|
|move|p2a: Roserade|Giga Drain|p1a: Blissey
|-damage|p1a: Blissey|367\/714 tox
|-heal|p2a: Roserade|285\/324|[from] drain|[of] p1a: Blissey
|move|p1a: Blissey|Wish|p1a: Blissey
|
|-heal|p2a: Roserade|305\/324|[from] item: Black Sludge
|-heal|p1a: Blissey|411\/714 tox|[from] item: Leftovers
|-damage|p1a: Blissey|279\/714 tox|[from] psn
|turn|8
|
|switch|p2a: Krookodile|Krookodile, F|252\/394
|-ability|p2a: Krookodile|Intimidate|[of] p1a: Blissey
|-unboost|p1a: Blissey|atk|1
|move|p1a: Blissey|Heal Bell|p1a: Blissey
|-cureteam|p1a: Blissey|[from] move: HealBell
|
|-heal|p1a: Blissey|636\/714|[from] move: Wish|[wisher] Blissey
|-heal|p2a: Krookodile|276\/394|[from] item: Leftovers
|-heal|p1a: Blissey|680\/714|[from] item: Leftovers
|turn|9
|
|switch|p1a: Virizion|Virizion|292\/324
|-damage|p1a: Virizion|272\/324|[from] Stealth Rock
|move|p2a: Krookodile|Knock Off|p1a: Virizion
|-resisted|p1a: Virizion
|-damage|p1a: Virizion|182\/324
|-boost|p1a: Virizion|atk|1|[from] ability: Justified
|-enditem|p1a: Virizion|Life Orb|[from] move: Knock Off|[of] p2a: Krookodile
|
|-heal|p2a: Krookodile|300\/394|[from] item: Leftovers
|turn|10
|
|switch|p2a: Roserade|Roserade, F, shiny|305\/324
|move|p1a: Virizion|Close Combat|p2a: Roserade
|-resisted|p2a: Roserade
|-damage|p2a: Roserade|187\/324
|-unboost|p1a: Virizion|def|1
|-unboost|p1a: Virizion|spd|1
|
|-heal|p2a: Roserade|207\/324|[from] item: Black Sludge
|turn|11
|
|switch|p1a: Blissey|Blissey, F|680\/714
|-damage|p1a: Blissey|591\/714|[from] Stealth Rock
|move|p2a: Roserade|Toxic|p1a: Blissey
|-status|p1a: Blissey|tox
|
|-heal|p2a: Roserade|227\/324|[from] item: Black Sludge
|-heal|p1a: Blissey|635\/714 tox|[from] item: Leftovers
|-damage|p1a: Blissey|591\/714 tox|[from] psn
|turn|12
|
|move|p2a: Roserade|Giga Drain|p1a: Blissey
|-damage|p1a: Blissey|512\/714 tox
|-heal|p2a: Roserade|267\/324|[from] drain|[of] p1a: Blissey
|move|p1a: Blissey|Seismic Toss|p2a: Roserade
|-damage|p2a: Roserade|167\/324
|
|-heal|p2a: Roserade|187\/324|[from] item: Black Sludge
|-heal|p1a: Blissey|556\/714 tox|[from] item: Leftovers
|-damage|p1a: Blissey|468\/714 tox|[from] psn
|turn|13
|
|switch|p2a: Krookodile|Krookodile, F|300\/394
|-ability|p2a: Krookodile|Intimidate|[of] p1a: Blissey
|-unboost|p1a: Blissey|atk|1
|move|p1a: Blissey|Wish|p1a: Blissey
|
|-heal|p2a: Krookodile|324\/394|[from] item: Leftovers
|-heal|p1a: Blissey|512\/714 tox|[from] item: Leftovers
|-damage|p1a: Blissey|380\/714 tox|[from] psn
|turn|14
|
|switch|p1a: Virizion|Virizion|182\/324
|-damage|p1a: Virizion|162\/324|[from] Stealth Rock
|move|p2a: Krookodile|Dragon Tail|p1a: Virizion
|-damage|p1a: Virizion|91\/324
|drag|p1a: Alice|Mismagius, F|262\/262
|-damage|p1a: Alice|230\/262|[from] Stealth Rock
|
|-heal|p1a: Alice|262\/262|[from] move: Wish|[wisher] Blissey
|-heal|p2a: Krookodile|348\/394|[from] item: Leftovers
|turn|15
|
|move|p1a: Alice|Substitute|p1a: Alice
|-start|p1a: Alice|Substitute
|-damage|p1a: Alice|197\/262
|move|p2a: Krookodile|Knock Off|p1a: Alice
|-supereffective|p1a: Alice
|-end|p1a: Alice|Substitute
|
|-heal|p2a: Krookodile|372\/394|[from] item: Leftovers
|turn|16
|
|move|p1a: Alice|Dazzling Gleam|p2a: Krookodile
|-supereffective|p2a: Krookodile
|-damage|p2a: Krookodile|86\/394
|-damage|p1a: Alice|171\/262|[from] item: Life Orb
|move|p2a: Krookodile|Knock Off|p1a: Alice
|-supereffective|p1a: Alice
|-damage|p1a: Alice|0 fnt
|-enditem|p1a: Alice|Life Orb|[from] move: Knock Off|[of] p2a: Krookodile
|faint|p1a: Alice
|
|-heal|p2a: Krookodile|110\/394|[from] item: Leftovers
|
|switch|p1a: U.S.A.|Braviary, M, shiny|341\/341
|-damage|p1a: U.S.A.|256\/341|[from] Stealth Rock
|turn|17
|
|switch|p2a: Supbro|Slowbro, M|394\/394
|move|p1a: U.S.A.|U-turn|p2a: Supbro
|-supereffective|p2a: Supbro
|-damage|p2a: Supbro|292\/394
|-damage|p1a: U.S.A.|200\/341|[from] item: Rocky Helmet|[of] p2a: Supbro
|
|switch|p1a: Goku|Ampharos-Mega, M|303\/384
|-damage|p1a: Goku|255\/384|[from] Stealth Rock
|-ability|p1a: Goku|Mold Breaker
|
|turn|18
|
|switch|p2a: Guildmaster|Wigglytuff, M|484\/484
|-item|p1a: Goku|Ampharosite|[from] ability: Frisk|[of] p2a: Guildmaster|[identify]
|move|p1a: Goku|Dragon Pulse|p2a: Guildmaster
|-immune|p2a: Guildmaster|[msg]
|
|turn|19
|
|move|p1a: Goku|Volt Switch|p2a: Guildmaster
|-damage|p2a: Guildmaster|352\/484
|
|switch|p1a: Blissey|Blissey, F|380\/714
|-damage|p1a: Blissey|291\/714|[from] Stealth Rock
|move|p2a: Guildmaster|Dazzling Gleam|p1a: Blissey
|-damage|p1a: Blissey|228\/714
|
|-heal|p1a: Blissey|272\/714|[from] item: Leftovers
|-heal|p2a: Guildmaster|382\/484|[from] item: Leftovers
|turn|20
|
|move|p1a: Blissey|Wish|p1a: Blissey
|move|p2a: Guildmaster|Thunder Wave|p1a: Blissey
|-status|p1a: Blissey|par
|
|-heal|p2a: Guildmaster|412\/484|[from] item: Leftovers
|-heal|p1a: Blissey|316\/714 par|[from] item: Leftovers
|turn|21
|
|move|p2a: Guildmaster|Wish|p2a: Guildmaster
|cant|p1a: Blissey|par
|
|-heal|p1a: Blissey|673\/714 par|[from] move: Wish|[wisher] Blissey
|-heal|p2a: Guildmaster|442\/484|[from] item: Leftovers
|-heal|p1a: Blissey|714\/714 par|[from] item: Leftovers
|turn|22
|
|switch|p2a: Krookodile|Krookodile, F|110\/394
|-ability|p2a: Krookodile|Intimidate|[of] p1a: Blissey
|-unboost|p1a: Blissey|atk|1
|switch|p1a: U.S.A.|Braviary, M, shiny|200\/341
|-damage|p1a: U.S.A.|115\/341|[from] Stealth Rock
|
|-heal|p2a: Krookodile|352\/394|[from] move: Wish|[wisher] Guildmaster
|-heal|p2a: Krookodile|376\/394|[from] item: Leftovers
|turn|23
|
|switch|p2a: Supbro|Slowbro, M|394\/394
|move|p1a: U.S.A.|U-turn|p2a: Supbro
|-supereffective|p2a: Supbro
|-damage|p2a: Supbro|284\/394
|-damage|p1a: U.S.A.|59\/341|[from] item: Rocky Helmet|[of] p2a: Supbro
|
|switch|p1a: Goku|Ampharos-Mega, M|255\/384
|-damage|p1a: Goku|207\/384|[from] Stealth Rock
|-ability|p1a: Goku|Mold Breaker
|
|turn|24
|
|switch|p2a: Guildmaster|Wigglytuff, M|442\/484
|-item|p1a: Goku|Ampharosite|[from] ability: Frisk|[of] p2a: Guildmaster|[identify]
|move|p1a: Goku|Volt Switch|p2a: Guildmaster
|-crit|p2a: Guildmaster
|-damage|p2a: Guildmaster|229\/484
|
|switch|p1a: Blissey|Blissey, F|714\/714
|-damage|p1a: Blissey|625\/714|[from] Stealth Rock
|
|-heal|p1a: Blissey|669\/714|[from] item: Leftovers
|-heal|p2a: Guildmaster|259\/484|[from] item: Leftovers
|turn|25
|
|move|p1a: Blissey|Wish|p1a: Blissey
|move|p2a: Guildmaster|Thunder Wave|p1a: Blissey
|-status|p1a: Blissey|par
|
|-heal|p2a: Guildmaster|289\/484|[from] item: Leftovers
|-heal|p1a: Blissey|713\/714 par|[from] item: Leftovers
|turn|26
|
|switch|p1a: Virizion|Virizion|91\/324
|-damage|p1a: Virizion|71\/324|[from] Stealth Rock
|move|p2a: Guildmaster|Wish|p2a: Guildmaster
|
|-heal|p1a: Virizion|324\/324|[from] move: Wish|[wisher] Blissey
|-heal|p2a: Guildmaster|319\/484|[from] item: Leftovers
|turn|27
|
|move|p2a: Guildmaster|Protect|p2a: Guildmaster
|-singleturn|p2a: Guildmaster|Protect
|move|p1a: Virizion|Swords Dance|p1a: Virizion
|-boost|p1a: Virizion|atk|2
|
|-heal|p2a: Guildmaster|484\/484|[from] move: Wish|[wisher] Guildmaster
|turn|28
|
|move|p1a: Virizion|Taunt|p2a: Guildmaster
|-start|p2a: Guildmaster|move: Taunt
|move|p2a: Guildmaster|Dazzling Gleam|p1a: Virizion
|-supereffective|p1a: Virizion
|-damage|p1a: Virizion|198\/324
|
|turn|29
|
|switch|p2a: Supbro|Slowbro, M|394\/394
|move|p1a: Virizion|Leaf Blade|p2a: Supbro
|-supereffective|p2a: Supbro
|-damage|p2a: Supbro|76\/394
|-damage|p1a: Virizion|144\/324|[from] item: Rocky Helmet|[of] p2a: Supbro
|
|turn|30
|
|switch|p2a: Guildmaster|Wigglytuff, M|484\/484
|move|p1a: Virizion|Leaf Blade|p2a: Guildmaster
|-damage|p2a: Guildmaster|42\/484
|
|-heal|p2a: Guildmaster|72\/484|[from] item: Leftovers
|turn|31
|
|move|p1a: Virizion|Close Combat|p2a: Guildmaster
|-damage|p2a: Guildmaster|0 fnt
|-unboost|p1a: Virizion|def|1
|-unboost|p1a: Virizion|spd|1
|faint|p2a: Guildmaster
|
|
|switch|p2a: Krookodile|Krookodile, F|376\/394
|-ability|p2a: Krookodile|Intimidate|[of] p1a: Virizion
|-unboost|p1a: Virizion|atk|1
|turn|32
|
|switch|p2a: Roserade|Roserade, F, shiny|187\/324
|move|p1a: Virizion|Close Combat|p2a: Roserade
|-resisted|p2a: Roserade
|-damage|p2a: Roserade|69\/324
|-unboost|p1a: Virizion|def|1
|-unboost|p1a: Virizion|spd|1
|
|-heal|p2a: Roserade|89\/324|[from] item: Black Sludge
|turn|33
|
|switch|p2a: Supbro|Slowbro, M|207\/394
|move|p1a: Virizion|Close Combat|p2a: Supbro
|-resisted|p2a: Supbro
|-damage|p2a: Supbro|128\/394
|-damage|p1a: Virizion|90\/324|[from] item: Rocky Helmet|[of] p2a: Supbro
|-unboost|p1a: Virizion|def|1
|-unboost|p1a: Virizion|spd|1
|
|turn|34
|
|switch|p2a: Krookodile|Krookodile, F|376\/394
|-ability|p2a: Krookodile|Intimidate|[of] p1a: Virizion
|-unboost|p1a: Virizion|atk|1
|move|p1a: Virizion|Leaf Blade|p2a: Krookodile
|-supereffective|p2a: Krookodile
|-damage|p2a: Krookodile|182\/394
|
|-heal|p2a: Krookodile|206\/394|[from] item: Leftovers
|turn|35
|
|switch|p2a: Majestic As Phuc|Ampharos, M|384\/384
|move|p1a: Virizion|Swords Dance|p1a: Virizion
|-boost|p1a: Virizion|atk|2
|
|turn|36
|
|detailschange|p2a: Majestic As Phuc|Ampharos-Mega, M
|message|Ampharos has Mega Evolved into Mega Ampharos!
|-ability|p2a: Majestic As Phuc|Mold Breaker
|move|p1a: Virizion|Close Combat|p2a: Majestic As Phuc
|-damage|p2a: Majestic As Phuc|47\/384
|-unboost|p1a: Virizion|def|1
|-unboost|p1a: Virizion|spd|1
|move|p2a: Majestic As Phuc|Discharge|p1a: Virizion
|-resisted|p1a: Virizion
|-damage|p1a: Virizion|0 fnt
|faint|p1a: Virizion
|
|
|switch|p1a: BurgerKing|Nidoking, M, shiny|303\/303
|-damage|p1a: BurgerKing|285\/303|[from] Stealth Rock
|turn|37
|
|switch|p2a: Supbro|Slowbro, M|259\/394
|move|p1a: BurgerKing|Earth Power|p2a: Supbro
|-damage|p2a: Supbro|12\/394
|
|turn|38
|
|move|p1a: BurgerKing|Earth Power|p2a: Supbro
|-crit|p2a: Supbro
|-damage|p2a: Supbro|0 fnt
|faint|p2a: Supbro
|
|
|switch|p2a: WildCard|Kecleon, M, shiny|324\/324
|turn|39
|
|move|p1a: BurgerKing|Poison Jab|p2a: WildCard
|-damage|p2a: WildCard|34\/324
|move|p2a: WildCard|Ice Beam|p1a: BurgerKing
|-start|p2a: WildCard|typechange|Ice|[from] Protean
|-supereffective|p1a: BurgerKing
|-damage|p1a: BurgerKing|0 fnt
|faint|p1a: BurgerKing
|
|
|switch|p1a: Goku|Ampharos-Mega, M|207\/384
|-damage|p1a: Goku|159\/384|[from] Stealth Rock
|-ability|p1a: Goku|Mold Breaker
|turn|40
|
|move|p1a: Goku|Dragon Pulse|p2a: WildCard
|-damage|p2a: WildCard|0 fnt
|faint|p2a: WildCard
|
|
|switch|p2a: Krookodile|Krookodile, F|206\/394
|-ability|p2a: Krookodile|Intimidate|[of] p1a: Goku
|-unboost|p1a: Goku|atk|1
|turn|41
|
|switch|p1a: U.S.A.|Braviary, M, shiny|59\/341
|-damage|p1a: U.S.A.|0 fnt|[from] Stealth Rock
|faint|p1a: U.S.A.
|move|p2a: Krookodile|Earthquake|p1: U.S.A.|[notarget]
|-notarget
|
|-heal|p2a: Krookodile|230\/394|[from] item: Leftovers
|
|switch|p1a: Blissey|Blissey, F|713\/714
|-damage|p1a: Blissey|624\/714|[from] Stealth Rock
|turn|42
|
|move|p2a: Krookodile|Knock Off|p1a: Blissey
|-damage|p1a: Blissey|378\/714
|-enditem|p1a: Blissey|Leftovers|[from] move: Knock Off|[of] p2a: Krookodile
|move|p1a: Blissey|Seismic Toss|p2a: Krookodile
|-damage|p2a: Krookodile|130\/394
|
|-heal|p2a: Krookodile|154\/394|[from] item: Leftovers
|turn|43
|
|move|p2a: Krookodile|Earthquake|p1a: Blissey
|-damage|p1a: Blissey|140\/714
|move|p1a: Blissey|Wish|p1a: Blissey
|
|-heal|p2a: Krookodile|178\/394|[from] item: Leftovers
|turn|44
|
|move|p1a: Blissey|Protect|p1a: Blissey
|-singleturn|p1a: Blissey|Protect
|move|p2a: Krookodile|Earthquake|p1a: Blissey
|-activate|p1a: Blissey|Protect
|
|-heal|p1a: Blissey|497\/714|[from] move: Wish|[wisher] Blissey
|-heal|p2a: Krookodile|202\/394|[from] item: Leftovers
|turn|45
|
|switch|p2a: Majestic As Phuc|Ampharos-Mega, M|47\/384
|-ability|p2a: Majestic As Phuc|Mold Breaker
|move|p1a: Blissey|Wish|p1a: Blissey
|
|turn|46
|
|switch|p1a: Goku|Ampharos-Mega, M|159\/384
|-damage|p1a: Goku|111\/384|[from] Stealth Rock
|-ability|p1a: Goku|Mold Breaker
|move|p2a: Majestic As Phuc|Volt Switch|p1a: Goku
|-resisted|p1a: Goku
|-damage|p1a: Goku|73\/384
|
|switch|p2a: Krookodile|Krookodile, F|202\/394
|-ability|p2a: Krookodile|Intimidate|[of] p1a: Goku
|-unboost|p1a: Goku|atk|1
|
|-heal|p1a: Goku|384\/384|[from] move: Wish|[wisher] Blissey
|-heal|p2a: Krookodile|226\/394|[from] item: Leftovers
|turn|47
|
|move|p2a: Krookodile|Earthquake|p1a: Goku
|-supereffective|p1a: Goku
|-damage|p1a: Goku|184\/384
|move|p1a: Goku|Dragon Pulse|p2a: Krookodile
|-damage|p2a: Krookodile|19\/394
|
|-heal|p2a: Krookodile|43\/394|[from] item: Leftovers
|turn|48
|
|move|p2a: Krookodile|Earthquake|p1a: Goku
|-supereffective|p1a: Goku
|-damage|p1a: Goku|0 fnt
|faint|p1a: Goku
|
|-heal|p2a: Krookodile|67\/394|[from] item: Leftovers
|
|switch|p1a: Blissey|Blissey, F|497\/714
|-damage|p1a: Blissey|408\/714|[from] Stealth Rock
|turn|49
|
|move|p2a: Krookodile|Earthquake|p1a: Blissey
|-damage|p1a: Blissey|179\/714
|move|p1a: Blissey|Wish|p1a: Blissey
|
|-heal|p2a: Krookodile|91\/394|[from] item: Leftovers
|turn|50
|
|switch|p2a: Roserade|Roserade, F, shiny|89\/324
|move|p1a: Blissey|Protect|p1a: Blissey
|-fail|p1a: Blissey
|
|-heal|p1a: Blissey|536\/714|[from] move: Wish|[wisher] Blissey
|-heal|p2a: Roserade|109\/324|[from] item: Black Sludge
|turn|51
|
|move|p2a: Roserade|Giga Drain|p1a: Blissey
|-damage|p1a: Blissey|448\/714
|-heal|p2a: Roserade|153\/324|[from] drain|[of] p1a: Blissey
|move|p1a: Blissey|Seismic Toss|p2a: Roserade
|-damage|p2a: Roserade|53\/324
|
|-heal|p2a: Roserade|73\/324|[from] item: Black Sludge
|turn|52
|
|move|p2a: Roserade|Toxic|p1a: Blissey
|-status|p1a: Blissey|tox
|move|p1a: Blissey|Seismic Toss|p2a: Roserade
|-damage|p2a: Roserade|0 fnt
|faint|p2a: Roserade
|
|-damage|p1a: Blissey|404\/714 tox|[from] psn
|
|switch|p2a: Krookodile|Krookodile, F|91\/394
|-ability|p2a: Krookodile|Intimidate|[of] p1a: Blissey
|-unboost|p1a: Blissey|atk|1
|turn|53
|
|move|p2a: Krookodile|Earthquake|p1a: Blissey
|-damage|p1a: Blissey|166\/714 tox
|move|p1a: Blissey|Seismic Toss|p2a: Krookodile
|-damage|p2a: Krookodile|0 fnt
|faint|p2a: Krookodile
|
|-damage|p1a: Blissey|78\/714 tox|[from] psn
|
|switch|p2a: Majestic As Phuc|Ampharos-Mega, M|47\/384
|-ability|p2a: Majestic As Phuc|Mold Breaker
|turn|54
|
|move|p1a: Blissey|Seismic Toss|p2a: Majestic As Phuc
|-damage|p2a: Majestic As Phuc|0 fnt
|faint|p2a: Majestic As Phuc
|
|win|Mydonut
|raw|Ladder updating...
|raw|Mydonut's rating: 1483 &rarr; <strong>1496<\/strong><br \/>(+13 for winning)
|raw|Inspectr Spacetime's rating: 1360 &rarr; <strong>1347<\/strong><br \/>(-13 for losing)
|c|âMydonut|GG
|c|âInspectr Spacetime|gg
|leave|Inspectr Spacetime
|player|p2