|join|Andysix
|join|Mydonut
|player|p1|Andysix|290
|player|p2|Mydonut|1
|gametype|singles
|gen|6
|tier|UU
|rated
|rule|Sleep Clause Mod: Limit one foe put to sleep
|rule|Species Clause: Limit one of each PokÃ©mon
|rule|OHKO Clause: OHKO moves are banned
|rule|Moody Clause: Moody is banned
|rule|Evasion Moves Clause: Evasion moves are banned
|rule|Endless Battle Clause: Forcing endless battles is banned
|rule|HP Percentage Mod: HP is reported as percentages
|clearpoke
|poke|p1|Hippowdon, F
|poke|p1|Victini
|poke|p1|Honchkrow, F
|poke|p1|Nidoking, M
|poke|p1|Blastoise, F
|poke|p1|Blissey, F
|poke|p2|Blastoise, M
|poke|p2|Toxicroak, M
|poke|p2|Aromatisse, M
|poke|p2|Piloswine, F, shiny
|poke|p2|Hydreigon, F
|poke|p2|Mew, shiny
|rule|Swagger Clause: Swagger is banned
|rule|Baton Pass Clause: Limit one PokÃ©mon knowing Baton Pass
|teampreview
|chat|Mydonut|gl hf
|
|start
|switch|p1a: Victini|Victini|342\/342
|switch|p2a: Big Boi|Blastoise, M|362\/362
|turn|1
|
|switch|p2a: TM87|Piloswine, F, shiny|404\/404
|move|p1a: Victini|Bolt Strike|p2a: TM87
|-immune|p2a: TM87|[msg]
|
|turn|2
|
|switch|p1a: Hippowdon|Hippowdon, F|400\/400
|-weather|Sandstorm
|move|p2a: TM87|Stealth Rock|p1a: Hippowdon
|-sidestart|p1: Andysix|move: Stealth Rock
|
|-weather|Sandstorm|[upkeep]
|turn|3
|
|switch|p2a: Big Boi|Blastoise, M|362\/362
|move|p1a: Hippowdon|Stealth Rock|p2a: Big Boi
|-sidestart|p2: Mydonut|move: Stealth Rock
|
|-weather|Sandstorm|[upkeep]
|-damage|p2a: Big Boi|340\/362|[from] sandstorm
|turn|4
|
|switch|p1a: Blastoise|Blastoise, F|360\/360
|-damage|p1a: Blastoise|315\/360|[from] Stealth Rock
|detailschange|p2a: Big Boi|Blastoise-Mega, M
|message|Blastoise has Mega Evolved into Mega Blastoise!
|move|p2a: Big Boi|Scald|p1a: Blastoise
|-crit|p1a: Blastoise
|-resisted|p1a: Blastoise
|-damage|p1a: Blastoise|227\/360
|
|-weather|Sandstorm|[upkeep]
|-damage|p2a: Big Boi|318\/362|[from] sandstorm
|-damage|p1a: Blastoise|205\/360|[from] sandstorm
|turn|5
|
|detailschange|p1a: Blastoise|Blastoise-Mega, F
|message|Blastoise has Mega Evolved into Mega Blastoise!
|move|p2a: Big Boi|Dark Pulse|p1a: Blastoise
|-damage|p1a: Blastoise|87\/360
|move|p1a: Blastoise|Rapid Spin|p2a: Big Boi
|-damage|p2a: Big Boi|308\/362
|-sideend|p1: Andysix|Stealth Rock|[from] move: Rapid Spin|[of] p1a: Blastoise
|
|-weather|Sandstorm|[upkeep]
|-damage|p2a: Big Boi|286\/362|[from] sandstorm
|-damage|p1a: Blastoise|65\/360|[from] sandstorm
|turn|6
|
|switch|p1a: Blissey|Blissey, F|651\/651
|move|p2a: Big Boi|Rapid Spin|p1a: Blissey
|-damage|p1a: Blissey|627\/651
|-sideend|p2: Mydonut|Stealth Rock|[from] move: Rapid Spin|[of] p2a: Big Boi
|
|-weather|none
|-heal|p1a: Blissey|651\/651|[from] item: Leftovers
|turn|7
|
|switch|p2a: Moo2|Mew, shiny|404\/404
|move|p1a: Blissey|Wish|p1a: Blissey
|
|turn|8
|
|move|p2a: Moo2|Zen Headbutt|p1a: Blissey|[miss]
|-miss|p2a: Moo2|p1a: Blissey
|move|p1a: Blissey|Toxic|p2a: Moo2|[miss]
|-miss|p1a: Blissey|p2a: Moo2
|
|turn|9
|
|switch|p2a: Poison Touch|Toxicroak, M|338\/338
|switch|p1a: Hippowdon|Hippowdon, F|400\/400
|-weather|Sandstorm
|
|-weather|Sandstorm|[upkeep]
|-damage|p2a: Poison Touch|317\/338|[from] sandstorm
|turn|10
|chat|Mydonut|best turn ever
|
|switch|p2a: Big Boi|Blastoise-Mega, M|286\/362
|move|p1a: Hippowdon|Stealth Rock|p2a: Big Boi
|-sidestart|p2: Mydonut|move: Stealth Rock
|
|-weather|Sandstorm|[upkeep]
|-damage|p2a: Big Boi|264\/362|[from] sandstorm
|turn|11
|
|switch|p1a: Blissey|Blissey, F|651\/651
|move|p2a: Big Boi|Scald|p1a: Blissey
|-damage|p1a: Blissey|582\/651
|
|-weather|Sandstorm|[upkeep]
|-damage|p2a: Big Boi|242\/362|[from] sandstorm
|-damage|p1a: Blissey|542\/651|[from] sandstorm
|-heal|p1a: Blissey|582\/651|[from] item: Leftovers
|turn|12
|
|move|p2a: Big Boi|Rapid Spin|p1a: Blissey
|-damage|p1a: Blissey|555\/651
|-sideend|p2: Mydonut|Stealth Rock|[from] move: Rapid Spin|[of] p2a: Big Boi
|move|p1a: Blissey|Wish|p1a: Blissey
|
|-weather|Sandstorm|[upkeep]
|-damage|p2a: Big Boi|220\/362|[from] sandstorm
|-damage|p1a: Blissey|515\/651|[from] sandstorm
|-heal|p1a: Blissey|555\/651|[from] item: Leftovers
|turn|13
|
|switch|p2a: Happy3Friends|Hydreigon, F|325\/325
|move|p1a: Blissey|Toxic|p2a: Happy3Friends
|-status|p2a: Happy3Friends|tox
|
|-weather|none
|-heal|p1a: Blissey|651\/651|[from] move: Wish|[wisher] Blissey
|-damage|p2a: Happy3Friends|305\/325 tox|[from] psn
|turn|14
|
|switch|p1a: Hippowdon|Hippowdon, F|400\/400
|-weather|Sandstorm
|move|p2a: Happy3Friends|Superpower|p1a: Hippowdon
|-damage|p1a: Hippowdon|316\/400
|-unboost|p2a: Happy3Friends|atk|1
|-unboost|p2a: Happy3Friends|def|1
|
|-weather|Sandstorm|[upkeep]
|-damage|p2a: Happy3Friends|285\/325 tox|[from] sandstorm
|-heal|p1a: Hippowdon|341\/400|[from] item: Leftovers
|-damage|p2a: Happy3Friends|245\/325 tox|[from] psn
|turn|15
|
|switch|p1a: Blissey|Blissey, F|651\/651
|move|p2a: Happy3Friends|Draco Meteor|p1a: Blissey
|-damage|p1a: Blissey|510\/651
|-unboost|p2a: Happy3Friends|spa|2
|
|-weather|Sandstorm|[upkeep]
|-damage|p2a: Happy3Friends|225\/325 tox|[from] sandstorm
|-damage|p1a: Blissey|470\/651|[from] sandstorm
|-heal|p1a: Blissey|510\/651|[from] item: Leftovers
|-damage|p2a: Happy3Friends|165\/325 tox|[from] psn
|turn|16
|
|move|p2a: Happy3Friends|U-turn|p1a: Blissey
|-damage|p1a: Blissey|429\/651
|
|switch|p2a: Poison Touch|Toxicroak, M|317\/338
|move|p1a: Blissey|Wish|p1a: Blissey
|
|-weather|Sandstorm|[upkeep]
|-damage|p2a: Poison Touch|296\/338|[from] sandstorm
|-damage|p1a: Blissey|389\/651|[from] sandstorm
|-heal|p1a: Blissey|429\/651|[from] item: Leftovers
|turn|17
|
|switch|p1a: Hippowdon|Hippowdon, F|341\/400
|move|p2a: Poison Touch|Drain Punch|p1a: Hippowdon
|-damage|p1a: Hippowdon|245\/400
|-heal|p2a: Poison Touch|338\/338|[from] drain|[of] p1a: Hippowdon
|
|-weather|Sandstorm|[upkeep]
|-damage|p2a: Poison Touch|317\/338|[from] sandstorm
|-heal|p1a: Hippowdon|400\/400|[from] move: Wish|[wisher] Blissey
|turn|18
|
|switch|p2a: TM87|Piloswine, F, shiny|404\/404
|move|p1a: Hippowdon|Earthquake|p2a: TM87
|-damage|p2a: TM87|307\/404
|
|-weather|none
|turn|19
|
|move|p2a: TM87|Stealth Rock|p1a: Hippowdon
|-sidestart|p1: Andysix|move: Stealth Rock
|move|p1a: Hippowdon|Stealth Rock|p2a: TM87
|-sidestart|p2: Mydonut|move: Stealth Rock
|
|turn|20
|
|move|p2a: TM87|Earthquake|p1a: Hippowdon
|-damage|p1a: Hippowdon|312\/400
|move|p1a: Hippowdon|Earthquake|p2a: TM87
|-damage|p2a: TM87|204\/404
|
|-heal|p1a: Hippowdon|337\/400|[from] item: Leftovers
|turn|21
|
|switch|p2a: Big Boi|Blastoise-Mega, M|220\/362
|-damage|p2a: Big Boi|175\/362|[from] Stealth Rock
|move|p1a: Hippowdon|Slack Off|p1a: Hippowdon
|-heal|p1a: Hippowdon|400\/400
|
|turn|22
|
|switch|p1a: Blissey|Blissey, F|429\/651
|-damage|p1a: Blissey|348\/651|[from] Stealth Rock
|move|p2a: Big Boi|Scald|p1a: Blissey
|-damage|p1a: Blissey|272\/651
|-status|p1a: Blissey|brn
|
|-heal|p1a: Blissey|312\/651 brn|[from] item: Leftovers
|-damage|p1a: Blissey|231\/651 brn|[from] brn
|turn|23
|
|switch|p2a: Orchidee|Aromatisse, M|406\/406
|-damage|p2a: Orchidee|356\/406|[from] Stealth Rock
|move|p1a: Blissey|Wish|p1a: Blissey
|
|-heal|p1a: Blissey|271\/651 brn|[from] item: Leftovers
|-heal|p2a: Orchidee|381\/406|[from] item: Leftovers
|-damage|p1a: Blissey|190\/651 brn|[from] brn
|turn|24
|
|move|p1a: Blissey|Toxic|p2a: Orchidee
|-status|p2a: Orchidee|tox
|move|p2a: Orchidee|Moonblast|p1a: Blissey
|-damage|p1a: Blissey|120\/651 brn
|-unboost|p1a: Blissey|spa|1
|
|-heal|p1a: Blissey|445\/651 brn|[from] move: Wish|[wisher] Blissey
|-heal|p1a: Blissey|485\/651 brn|[from] item: Leftovers
|-heal|p2a: Orchidee|406\/406 tox|[from] item: Leftovers
|-damage|p1a: Blissey|404\/651 brn|[from] brn
|-damage|p2a: Orchidee|381\/406 tox|[from] psn
|turn|25
|
|move|p1a: Blissey|Wish|p1a: Blissey
|move|p2a: Orchidee|Aromatherapy|p2a: Orchidee
|-cureteam|p2a: Orchidee|[from] move: Aromatherapy
|
|-heal|p1a: Blissey|444\/651 brn|[from] item: Leftovers
|-heal|p2a: Orchidee|406\/406|[from] item: Leftovers
|-damage|p1a: Blissey|363\/651 brn|[from] brn
|turn|26
|
|move|p1a: Blissey|Heal Bell|p1a: Blissey
|-cureteam|p1a: Blissey|[from] move: HealBell
|move|p2a: Orchidee|Moonblast|p1a: Blissey
|-damage|p1a: Blissey|303\/651
|-unboost|p1a: Blissey|spa|1
|
|-heal|p1a: Blissey|628\/651|[from] move: Wish|[wisher] Blissey
|-heal|p1a: Blissey|651\/651|[from] item: Leftovers
|turn|27
|
|move|p1a: Blissey|Toxic|p2a: Orchidee|[miss]
|-miss|p1a: Blissey|p2a: Orchidee
|move|p2a: Orchidee|Wish|p2a: Orchidee
|
|turn|28
|
|switch|p2a: Happy3Friends|Hydreigon, F|165\/325
|-damage|p2a: Happy3Friends|125\/325|[from] Stealth Rock
|move|p1a: Blissey|Toxic|p2a: Happy3Friends
|-status|p2a: Happy3Friends|tox
|
|-heal|p2a: Happy3Friends|325\/325 tox|[from] move: Wish|[wisher] Orchidee
|-damage|p2a: Happy3Friends|305\/325 tox|[from] psn
|turn|29
|
|move|p1a: Blissey|Protect|p1a: Blissey
|-singleturn|p1a: Blissey|Protect
|move|p2a: Happy3Friends|Dark Pulse|p1a: Blissey
|-activate|p1a: Blissey|Protect
|
|-damage|p2a: Happy3Friends|265\/325 tox|[from] psn
|turn|30
|chat|Mydonut|you are a cunt
|
|switch|p1a: Hippowdon|Hippowdon, F|400\/400
|-damage|p1a: Hippowdon|375\/400|[from] Stealth Rock
|-weather|Sandstorm
|move|p2a: Happy3Friends|U-turn|p1a: Hippowdon
|-damage|p1a: Hippowdon|332\/400
|
|switch|p2a: Big Boi|Blastoise-Mega, M|175\/362
|-damage|p2a: Big Boi|130\/362|[from] Stealth Rock
|
|-weather|Sandstorm|[upkeep]
|-damage|p2a: Big Boi|108\/362|[from] sandstorm
|-heal|p1a: Hippowdon|357\/400|[from] item: Leftovers
|turn|31
|chat|Andysix|Lol
|
|move|p2a: Big Boi|Yawn|p1a: Hippowdon
|-start|p1a: Hippowdon|move: Yawn|[of] p2a: Big Boi
|move|p1a: Hippowdon|Earthquake|p2a: Big Boi
|-damage|p2a: Big Boi|18\/362
|
|-weather|Sandstorm|[upkeep]
|-damage|p2a: Big Boi|0 fnt|[from] sandstorm
|-heal|p1a: Hippowdon|382\/400|[from] item: Leftovers
|faint|p2a: Big Boi
|
|switch|p2a: Happy3Friends|Hydreigon, F|265\/325 tox
|-damage|p2a: Happy3Friends|225\/325 tox|[from] Stealth Rock
|turn|32
|
|switch|p1a: Nidoking|Nidoking, M|304\/304
|-damage|p1a: Nidoking|285\/304|[from] Stealth Rock
|move|p2a: Happy3Friends|Superpower|p1a: Nidoking
|-resisted|p1a: Nidoking
|-damage|p1a: Nidoking|220\/304
|-unboost|p2a: Happy3Friends|atk|1
|-unboost|p2a: Happy3Friends|def|1
|
|-weather|Sandstorm|[upkeep]
|-damage|p2a: Happy3Friends|205\/325 tox|[from] sandstorm
|-damage|p2a: Happy3Friends|185\/325 tox|[from] psn
|turn|33
|
|switch|p2a: TM87|Piloswine, F, shiny|204\/404
|-damage|p2a: TM87|154\/404|[from] Stealth Rock
|move|p1a: Nidoking|Ice Beam|p2a: TM87
|-damage|p2a: TM87|105\/404
|
|-weather|Sandstorm|[upkeep]
|turn|34
|
|switch|p1a: Hippowdon|Hippowdon, F|382\/400
|-damage|p1a: Hippowdon|357\/400|[from] Stealth Rock
|switch|p2a: Moo2|Mew, shiny|404\/404
|-damage|p2a: Moo2|354\/404|[from] Stealth Rock
|
|-weather|none
|-heal|p2a: Moo2|379\/404|[from] item: Leftovers
|-heal|p1a: Hippowdon|382\/400|[from] item: Leftovers
|turn|35
|
|move|p2a: Moo2|Bulk Up|p2a: Moo2
|-boost|p2a: Moo2|atk|1
|-boost|p2a: Moo2|def|1
|move|p1a: Hippowdon|Earthquake|p2a: Moo2
|-crit|p2a: Moo2
|-damage|p2a: Moo2|180\/404
|
|-heal|p2a: Moo2|205\/404|[from] item: Leftovers
|-heal|p1a: Hippowdon|400\/400|[from] item: Leftovers
|turn|36
|
|move|p2a: Moo2|Will-O-Wisp|p1a: Hippowdon
|-status|p1a: Hippowdon|brn
|move|p1a: Hippowdon|Earthquake|p2a: Moo2
|-damage|p2a: Moo2|160\/404
|
|-heal|p2a: Moo2|185\/404|[from] item: Leftovers
|-damage|p1a: Hippowdon|350\/400 brn|[from] brn
|turn|37
|
|switch|p1a: Blissey|Blissey, F|651\/651
|-damage|p1a: Blissey|570\/651|[from] Stealth Rock
|move|p2a: Moo2|Bulk Up|p2a: Moo2
|-boost|p2a: Moo2|atk|1
|-boost|p2a: Moo2|def|1
|
|-heal|p2a: Moo2|210\/404|[from] item: Leftovers
|-heal|p1a: Blissey|610\/651|[from] item: Leftovers
|turn|38
|
|move|p2a: Moo2|Drain Punch|p1a: Blissey
|-supereffective|p1a: Blissey
|-damage|p1a: Blissey|144\/651
|-heal|p2a: Moo2|404\/404|[from] drain|[of] p1a: Blissey
|move|p1a: Blissey|Toxic|p2a: Moo2
|-status|p2a: Moo2|tox
|-status|p1a: Blissey|tox
|
|-heal|p1a: Blissey|184\/651 tox|[from] item: Leftovers
|-damage|p2a: Moo2|379\/404 tox|[from] psn
|-damage|p1a: Blissey|144\/651 tox|[from] psn
|turn|39
|
|move|p1a: Blissey|Protect|p1a: Blissey
|-singleturn|p1a: Blissey|Protect
|move|p2a: Moo2|Zen Headbutt|p1a: Blissey
|-activate|p1a: Blissey|Protect
|
|-heal|p2a: Moo2|404\/404 tox|[from] item: Leftovers
|-heal|p1a: Blissey|184\/651 tox|[from] item: Leftovers
|-damage|p2a: Moo2|354\/404 tox|[from] psn
|-damage|p1a: Blissey|104\/651 tox|[from] psn
|turn|40
|
|switch|p1a: Hippowdon|Hippowdon, F|350\/400 brn
|-damage|p1a: Hippowdon|325\/400 brn|[from] Stealth Rock
|-weather|Sandstorm
|move|p2a: Moo2|Drain Punch|p1a: Hippowdon
|-damage|p1a: Hippowdon|230\/400 brn
|-heal|p2a: Moo2|402\/404 tox|[from] drain|[of] p1a: Hippowdon
|
|-weather|Sandstorm|[upkeep]
|-damage|p2a: Moo2|377\/404 tox|[from] sandstorm
|-heal|p2a: Moo2|402\/404 tox|[from] item: Leftovers
|-heal|p1a: Hippowdon|255\/400 brn|[from] item: Leftovers
|-damage|p2a: Moo2|327\/404 tox|[from] psn
|-damage|p1a: Hippowdon|205\/400 brn|[from] brn
|turn|41
|
|switch|p2a: Orchidee|Aromatisse, M|406\/406
|-damage|p2a: Orchidee|356\/406|[from] Stealth Rock
|move|p1a: Hippowdon|Slack Off|p1a: Hippowdon
|-heal|p1a: Hippowdon|400\/400 brn
|
|-weather|Sandstorm|[upkeep]
|-damage|p2a: Orchidee|331\/406|[from] sandstorm
|-heal|p2a: Orchidee|356\/406|[from] item: Leftovers
|-damage|p1a: Hippowdon|350\/400 brn|[from] brn
|turn|42
|
|move|p1a: Hippowdon|Earthquake|p2a: Orchidee
|-damage|p2a: Orchidee|301\/406
|move|p2a: Orchidee|Aromatherapy|p2a: Orchidee
|-cureteam|p2a: Orchidee|[from] move: Aromatherapy
|
|-weather|Sandstorm|[upkeep]
|-damage|p2a: Orchidee|276\/406|[from] sandstorm
|-heal|p1a: Hippowdon|375\/400 brn|[from] item: Leftovers
|-heal|p2a: Orchidee|301\/406|[from] item: Leftovers
|-damage|p1a: Hippowdon|325\/400 brn|[from] brn
|turn|43
|
|switch|p1a: Blissey|Blissey, F|104\/651
|-damage|p1a: Blissey|23\/651|[from] Stealth Rock
|move|p2a: Orchidee|Moonblast|p1a: Blissey
|-damage|p1a: Blissey|0 fnt
|faint|p1a: Blissey
|
|-weather|Sandstorm|[upkeep]
|-damage|p2a: Orchidee|276\/406|[from] sandstorm
|-heal|p2a: Orchidee|301\/406|[from] item: Leftovers
|
|switch|p1a: Nidoking|Nidoking, M|220\/304
|-damage|p1a: Nidoking|201\/304|[from] Stealth Rock
|turn|44
|
|move|p2a: Orchidee|Protect|p2a: Orchidee
|-singleturn|p2a: Orchidee|Protect
|move|p1a: Nidoking|Sludge Bomb|p2a: Orchidee
|-activate|p2a: Orchidee|Protect
|
|-weather|none
|-heal|p2a: Orchidee|326\/406|[from] item: Leftovers
|turn|45
|
|switch|p2a: Moo2|Mew, shiny|327\/404
|-damage|p2a: Moo2|277\/404|[from] Stealth Rock
|move|p1a: Nidoking|Sludge Bomb|p2a: Moo2
|-damage|p2a: Moo2|133\/404
|
|-heal|p2a: Moo2|158\/404|[from] item: Leftovers
|turn|46
|
|switch|p1a: Blastoise|Blastoise-Mega, F|65\/360
|-damage|p1a: Blastoise|20\/360|[from] Stealth Rock
|move|p2a: Moo2|Zen Headbutt|p1a: Blastoise
|-damage|p1a: Blastoise|0 fnt
|faint|p1a: Blastoise
|
|-heal|p2a: Moo2|183\/404|[from] item: Leftovers
|
|switch|p1a: Honchkrow|Honchkrow, F|404\/404
|-damage|p1a: Honchkrow|303\/404|[from] Stealth Rock
|turn|47
|
|move|p2a: Moo2|Will-O-Wisp|p1a: Honchkrow
|-status|p1a: Honchkrow|brn
|move|p1a: Honchkrow|Pursuit|p2a: Moo2
|-supereffective|p2a: Moo2
|-damage|p2a: Moo2|82\/404
|-damage|p1a: Honchkrow|263\/404 brn|[from] item: Life Orb
|
|-heal|p2a: Moo2|107\/404|[from] item: Leftovers
|-damage|p1a: Honchkrow|213\/404 brn|[from] brn
|turn|48
|
|move|p1a: Honchkrow|Sucker Punch|p2a: Moo2
|-fail|p2a: Moo2
|move|p2a: Moo2|Bulk Up|p2a: Moo2
|-boost|p2a: Moo2|atk|1
|-boost|p2a: Moo2|def|1
|
|-heal|p2a: Moo2|132\/404|[from] item: Leftovers
|-damage|p1a: Honchkrow|163\/404 brn|[from] brn
|turn|49
|
|move|p2a: Moo2|Drain Punch|p1a: Honchkrow
|-damage|p1a: Honchkrow|7\/404 brn
|-heal|p2a: Moo2|210\/404|[from] drain|[of] p1a: Honchkrow
|move|p1a: Honchkrow|Brave Bird|p2a: Moo2
|-damage|p2a: Moo2|119\/404
|-damage|p1a: Honchkrow|0 fnt|[from] recoil|[of] p2a: Moo2
|faint|p1a: Honchkrow
|
|-heal|p2a: Moo2|144\/404|[from] item: Leftovers
|
|switch|p1a: Victini|Victini|342\/342
|-damage|p1a: Victini|257\/342|[from] Stealth Rock
|turn|50
|
|move|p1a: Victini|U-turn|p2a: Moo2
|-supereffective|p2a: Moo2
|-damage|p2a: Moo2|6\/404
|
|switch|p1a: Hippowdon|Hippowdon, F|325\/400 brn
|-damage|p1a: Hippowdon|300\/400 brn|[from] Stealth Rock
|-weather|Sandstorm
|move|p2a: Moo2|Zen Headbutt|p1a: Hippowdon
|-damage|p1a: Hippowdon|182\/400 brn
|
|-weather|Sandstorm|[upkeep]
|-damage|p2a: Moo2|0 fnt|[from] sandstorm
|-heal|p1a: Hippowdon|207\/400 brn|[from] item: Leftovers
|-damage|p1a: Hippowdon|157\/400 brn|[from] brn
|faint|p2a: Moo2
|
|switch|p2a: Happy3Friends|Hydreigon, F|185\/325
|-damage|p2a: Happy3Friends|145\/325|[from] Stealth Rock
|turn|51
|
|move|p2a: Happy3Friends|Dark Pulse|p1a: Hippowdon
|-damage|p1a: Hippowdon|40\/400 brn
|move|p1a: Hippowdon|Slack Off|p1a: Hippowdon
|-heal|p1a: Hippowdon|240\/400 brn
|
|-weather|Sandstorm|[upkeep]
|-damage|p2a: Happy3Friends|125\/325|[from] sandstorm
|-heal|p1a: Hippowdon|265\/400 brn|[from] item: Leftovers
|-damage|p1a: Hippowdon|215\/400 brn|[from] brn
|turn|52
|
|move|p2a: Happy3Friends|Draco Meteor|p1a: Hippowdon
|-damage|p1a: Hippowdon|1\/400 brn
|-unboost|p2a: Happy3Friends|spa|2
|move|p1a: Hippowdon|Slack Off|p1a: Hippowdon
|-heal|p1a: Hippowdon|201\/400 brn
|
|-weather|Sandstorm|[upkeep]
|-damage|p2a: Happy3Friends|105\/325|[from] sandstorm
|-heal|p1a: Hippowdon|226\/400 brn|[from] item: Leftovers
|-damage|p1a: Hippowdon|176\/400 brn|[from] brn
|turn|53
|
|move|p2a: Happy3Friends|U-turn|p1a: Hippowdon
|-damage|p1a: Hippowdon|128\/400 brn
|
|switch|p2a: Orchidee|Aromatisse, M|326\/406
|-damage|p2a: Orchidee|276\/406|[from] Stealth Rock
|move|p1a: Hippowdon|Slack Off|p1a: Hippowdon
|-heal|p1a: Hippowdon|328\/400 brn
|
|-weather|Sandstorm|[upkeep]
|-damage|p2a: Orchidee|251\/406|[from] sandstorm
|-heal|p1a: Hippowdon|353\/400 brn|[from] item: Leftovers
|-heal|p2a: Orchidee|276\/406|[from] item: Leftovers
|-damage|p1a: Hippowdon|303\/400 brn|[from] brn
|turn|54
|
|move|p1a: Hippowdon|Earthquake|p2a: Orchidee
|-damage|p2a: Orchidee|215\/406
|move|p2a: Orchidee|Wish|p2a: Orchidee
|
|-weather|none
|-heal|p1a: Hippowdon|328\/400 brn|[from] item: Leftovers
|-heal|p2a: Orchidee|240\/406|[from] item: Leftovers
|-damage|p1a: Hippowdon|278\/400 brn|[from] brn
|turn|55
|
|switch|p1a: Victini|Victini|257\/342
|-damage|p1a: Victini|172\/342|[from] Stealth Rock
|move|p2a: Orchidee|Moonblast|p1a: Victini
|-resisted|p1a: Victini
|-damage|p1a: Victini|112\/342
|
|-heal|p2a: Orchidee|406\/406|[from] move: Wish|[wisher] Orchidee
|turn|56
|
|move|p2a: Orchidee|Protect|p2a: Orchidee
|-singleturn|p2a: Orchidee|Protect
|move|p1a: Victini|V-create|p2a: Orchidee
|-activate|p2a: Orchidee|Protect
|
|turn|57
|
|move|p1a: Victini|V-create|p2a: Orchidee
|-damage|p2a: Orchidee|70\/406
|-unboost|p1a: Victini|def|1
|-unboost|p1a: Victini|spd|1
|-unboost|p1a: Victini|spe|1
|move|p2a: Orchidee|Moonblast|p1a: Victini
|-resisted|p1a: Victini
|-damage|p1a: Victini|32\/342
|
|-heal|p2a: Orchidee|95\/406|[from] item: Leftovers
|turn|58
|
|move|p2a: Orchidee|Protect|p2a: Orchidee
|-singleturn|p2a: Orchidee|Protect
|move|p1a: Victini|V-create|p2a: Orchidee
|-activate|p2a: Orchidee|Protect
|
|-heal|p2a: Orchidee|120\/406|[from] item: Leftovers
|turn|59
|
|move|p1a: Victini|V-create|p2a: Orchidee
|-damage|p2a: Orchidee|0 fnt
|-unboost|p1a: Victini|def|1
|-unboost|p1a: Victini|spd|1
|-unboost|p1a: Victini|spe|1
|faint|p2a: Orchidee
|
|
|switch|p2a: TM87|Piloswine, F, shiny|105\/404
|-damage|p2a: TM87|55\/404|[from] Stealth Rock
|turn|60
|
|move|p2a: TM87|Ice Shard|p1a: Victini
|-resisted|p1a: Victini
|-damage|p1a: Victini|0 fnt
|faint|p1a: Victini
|
|
|switch|p1a: Hippowdon|Hippowdon, F|278\/400 brn
|-damage|p1a: Hippowdon|253\/400 brn|[from] Stealth Rock
|-weather|Sandstorm
|turn|61
|
|move|p1a: Hippowdon|Rock Slide|p2a: TM87
|-miss|p1a: Hippowdon|p2a: TM87
|move|p2a: TM87|Roar|p1a: Hippowdon
|drag|p1a: Nidoking|Nidoking, M|201\/304
|-damage|p1a: Nidoking|182\/304|[from] Stealth Rock
|
|-weather|Sandstorm|[upkeep]
|turn|62
|
|switch|p1a: Hippowdon|Hippowdon, F|253\/400 brn
|-damage|p1a: Hippowdon|228\/400 brn|[from] Stealth Rock
|move|p2a: TM87|Ice Shard|p1a: Hippowdon
|-supereffective|p1a: Hippowdon
|-damage|p1a: Hippowdon|150\/400 brn
|
|-weather|Sandstorm|[upkeep]
|-heal|p1a: Hippowdon|175\/400 brn|[from] item: Leftovers
|-damage|p1a: Hippowdon|125\/400 brn|[from] brn
|turn|63
|
|move|p2a: TM87|Earthquake|p1a: Hippowdon
|-damage|p1a: Hippowdon|31\/400 brn
|move|p1a: Hippowdon|Earthquake|p2a: TM87
|-damage|p2a: TM87|0 fnt
|faint|p2a: TM87
|
|-weather|Sandstorm|[upkeep]
|-heal|p1a: Hippowdon|56\/400 brn|[from] item: Leftovers
|-damage|p1a: Hippowdon|6\/400 brn|[from] brn
|
|switch|p2a: Happy3Friends|Hydreigon, F|105\/325
|-damage|p2a: Happy3Friends|65\/325|[from] Stealth Rock
|turn|64
|
|move|p2a: Happy3Friends|Dark Pulse|p1a: Hippowdon
|-damage|p1a: Hippowdon|0 fnt
|faint|p1a: Hippowdon
|
|-weather|Sandstorm|[upkeep]
|-damage|p2a: Happy3Friends|45\/325|[from] sandstorm
|
|switch|p1a: Nidoking|Nidoking, M|182\/304
|-damage|p1a: Nidoking|163\/304|[from] Stealth Rock
|turn|65
|chat|Mydonut|this is gonna be close
|
|move|p2a: Happy3Friends|Dark Pulse|p1a: Nidoking
|-damage|p1a: Nidoking|0 fnt
|faint|p1a: Nidoking
|
|win|Mydonut
|raw|Ladder updating...
|raw|Andysix's rating: 1427 &rarr; <strong>1410<\/strong><br \/>(-17 for losing)
|raw|Mydonut's rating: 1476 &rarr; <strong>1493<\/strong><br \/>(+17 for winning)
|chat|Mydonut|gg
|chat|Andysix|Gg
|chat|Mydonut|cunt
|leave|Mydonut
|player|p2