|join|Azkul
|join|Mydonut
|player|p1|Azkul|54
|player|p2|Mydonut|153
|gametype|singles
|gen|6
|tier|UU
|rated
|rule|Sleep Clause Mod: Limit one foe put to sleep
|rule|Species Clause: Limit one of each PokÃ©mon
|rule|OHKO Clause: OHKO moves are banned
|rule|Moody Clause: Moody is banned
|rule|Evasion Moves Clause: Evasion moves are banned
|rule|Endless Battle Clause: Forcing endless battles is banned
|rule|HP Percentage Mod: HP is shown in percentages
|clearpoke
|poke|p1|Aromatisse, F
|poke|p1|Swampert, F
|poke|p1|Chandelure, F
|poke|p1|Krookodile, F
|poke|p1|Crobat, F
|poke|p1|Ampharos, M
|poke|p2|Zygarde
|poke|p2|Aggron, F
|poke|p2|Rotom-Heat
|poke|p2|Crobat, M
|poke|p2|Vaporeon, M
|poke|p2|Chesnaught, M
|rule|Swagger Clause: Swagger is banned
|rule|Baton Pass Clause: Limit one PokÃ©mon knowing Baton Pass
|teampreview
|c|âAzkul|gl hf !
|c|âMydonut|hf
|
|start
|switch|p1a: Crobat|Crobat, F|373\/373
|switch|p2a: Crobat|Crobat, M|343\/343
|turn|1
|
|switch|p2a: Aggron|Aggron, F|344\/344
|move|p1a: Crobat|U-turn|p2a: Aggron
|-resisted|p2a: Aggron
|-damage|p2a: Aggron|327\/344
|
|switch|p1a: Ampharos|Ampharos, M|384\/384
|
|turn|2
|
|detailschange|p1a: Ampharos|Ampharos-Mega, M
|message|Ampharos has Mega Evolved into Mega Ampharos!
|-ability|p1a: Ampharos|Mold Breaker
|detailschange|p2a: Aggron|Aggron-Mega, F
|message|Aggron has Mega Evolved into Mega Aggron!
|move|p1a: Ampharos|Thunderbolt|p2a: Aggron
|-damage|p2a: Aggron|153\/344
|-status|p2a: Aggron|par
|cant|p2a: Aggron|par
|
|turn|3
|c|âAzkul|Sorry for taht
|c|âMydonut|ofc
|c|âAzkul|*that
|c|âAzkul|If you want we rematch
|c|âMydonut|nah is ok
|
|switch|p2a: Chesnaught|Chesnaught, M|380\/380
|move|p1a: Ampharos|Thunderbolt|p2a: Chesnaught
|-resisted|p2a: Chesnaught
|-damage|p2a: Chesnaught|287\/380
|
|-heal|p2a: Chesnaught|310\/380|[from] item: Leftovers
|turn|4
|
|move|p2a: Chesnaught|Leech Seed|p1a: Ampharos
|-start|p1a: Ampharos|move: Leech Seed
|move|p1a: Ampharos|Volt Switch|p2a: Chesnaught
|-resisted|p2a: Chesnaught
|-damage|p2a: Chesnaught|238\/380
|
|switch|p1a: Crobat|Crobat, F|373\/373
|
|-heal|p2a: Chesnaught|261\/380|[from] item: Leftovers
|turn|5
|
|move|p2a: Chesnaught|Spiky Shield|p2a: Chesnaught
|-singleturn|p2a: Chesnaught|move: Protect
|move|p1a: Crobat|U-turn|p2a: Chesnaught
|-activate|p2a: Chesnaught|move: Protect
|-damage|p1a: Crobat|327\/373|[from] Spiky Shield|[of] p2a: Chesnaught
|
|-heal|p1a: Crobat|350\/373|[from] item: Black Sludge
|-heal|p2a: Chesnaught|284\/380|[from] item: Leftovers
|turn|6
|
|switch|p2a: Aggron|Aggron-Mega, F|153\/344 par
|move|p1a: Crobat|Taunt|p2a: Aggron
|-start|p2a: Aggron|move: Taunt
|
|-heal|p1a: Crobat|373\/373|[from] item: Black Sludge
|turn|7
|
|move|p1a: Crobat|U-turn|p2a: Aggron
|-resisted|p2a: Aggron
|-damage|p2a: Aggron|139\/344 par
|
|switch|p1a: Krookodile|Krookodile, F|332\/332
|move|p2a: Aggron|Heavy Slam|p1a: Krookodile
|-damage|p1a: Krookodile|152\/332
|
|turn|8
|
|switch|p2a: Chesnaught|Chesnaught, M|284\/380
|move|p1a: Krookodile|Earthquake|p2a: Chesnaught
|-resisted|p2a: Chesnaught
|-damage|p2a: Chesnaught|211\/380
|
|-heal|p2a: Chesnaught|234\/380|[from] item: Leftovers
|turn|9
|
|switch|p1a: Crobat|Crobat, F|373\/373
|move|p2a: Chesnaught|Leech Seed|p1a: Crobat|[miss]
|-miss|p2a: Chesnaught|p1a: Crobat
|
|-heal|p2a: Chesnaught|257\/380|[from] item: Leftovers
|turn|10
|c|âAzkul|Sorry
|
|switch|p2a: Aggron|Aggron-Mega, F|139\/344 par
|move|p1a: Crobat|Taunt|p2a: Aggron
|-start|p2a: Aggron|move: Taunt
|
|turn|11
|
|move|p1a: Crobat|U-turn|p2a: Aggron
|-crit|p2a: Aggron
|-resisted|p2a: Aggron
|-damage|p2a: Aggron|119\/344 par
|c|âMydonut|lol
|
|switch|p1a: Swampert|Swampert, F|404\/404
|move|p2a: Aggron|Earthquake|p1a: Swampert
|-damage|p1a: Swampert|321\/404
|
|-heal|p1a: Swampert|346\/404|[from] item: Leftovers
|turn|12
|
|switch|p2a: Vaporeon|Vaporeon, M|463\/463
|move|p1a: Swampert|Stealth Rock|p2a: Vaporeon
|-sidestart|p2: Mydonut|move: Stealth Rock
|
|-heal|p1a: Swampert|371\/404|[from] item: Leftovers
|turn|13
|
|switch|p1a: Ampharos|Ampharos-Mega, M|384\/384
|-ability|p1a: Ampharos|Mold Breaker
|move|p2a: Vaporeon|Wish|p2a: Vaporeon
|
|turn|14
|
|switch|p2a: Chesnaught|Chesnaught, M|257\/380
|-damage|p2a: Chesnaught|234\/380|[from] Stealth Rock
|move|p1a: Ampharos|Dragon Pulse|p2a: Chesnaught
|-damage|p2a: Chesnaught|66\/380
|
|-heal|p2a: Chesnaught|297\/380|[from] move: Wish|[wisher] Vaporeon
|-heal|p2a: Chesnaught|320\/380|[from] item: Leftovers
|turn|15
|c|âAzkul|:v
|
|move|p2a: Chesnaught|Spikes|p1a: Ampharos
|-sidestart|p1: Azkul|Spikes
|move|p1a: Ampharos|Volt Switch|p2a: Chesnaught
|-resisted|p2a: Chesnaught
|-damage|p2a: Chesnaught|244\/380
|
|switch|p1a: Chandelure|Chandelure, F|261\/261
|-damage|p1a: Chandelure|229\/261|[from] Spikes
|
|-heal|p1a: Chandelure|245\/261|[from] item: Leftovers
|-heal|p2a: Chesnaught|267\/380|[from] item: Leftovers
|turn|16
|
|switch|p2a: Crobat|Crobat, M|343\/343
|-damage|p2a: Crobat|258\/343|[from] Stealth Rock
|move|p1a: Chandelure|Substitute|p1a: Chandelure
|-start|p1a: Chandelure|Substitute
|-damage|p1a: Chandelure|180\/261
|
|-heal|p1a: Chandelure|196\/261|[from] item: Leftovers
|turn|17
|
|move|p2a: Crobat|Brave Bird|p1a: Chandelure
|-damage|p1a: Chandelure|0 fnt
|-damage|p2a: Crobat|193\/343|[from] recoil|[of] p1a: Chandelure
|faint|p1a: Chandelure
|
|c|âAzkul|knew it, but
|c|âAzkul|:v
|c|âMydonut|nice and dead
|
|switch|p1a: Krookodile|Krookodile, F|152\/332
|-damage|p1a: Krookodile|111\/332|[from] Spikes
|turn|18
|c|âMydonut|not even scarfed
|
|move|p1a: Krookodile|Knock Off|p2a: Crobat
|-damage|p2a: Crobat|13\/343
|-enditem|p2a: Crobat|Sky Plate|[from] move: Knock Off|[of] p1a: Krookodile
|move|p2a: Crobat|Roost|p2a: Crobat
|-heal|p2a: Crobat|185\/343
|
|turn|19
|
|switch|p1a: Ampharos|Ampharos-Mega, M|384\/384
|-damage|p1a: Ampharos|336\/384|[from] Spikes
|-ability|p1a: Ampharos|Mold Breaker
|move|p2a: Crobat|U-turn|p1a: Ampharos
|-damage|p1a: Ampharos|276\/384
|
|switch|p2a: Zygarde|Zygarde|404\/404
|-damage|p2a: Zygarde|379\/404|[from] Stealth Rock
|-ability|p2a: Zygarde|Aura Break
|
|-heal|p2a: Zygarde|404\/404|[from] item: Leftovers
|turn|20
|
|switch|p1a: Aromatisse|Aromatisse, F|406\/406
|-damage|p1a: Aromatisse|356\/406|[from] Spikes
|move|p2a: Zygarde|Substitute|p2a: Zygarde
|-start|p2a: Zygarde|Substitute
|-damage|p2a: Zygarde|303\/404
|
|-heal|p2a: Zygarde|328\/404|[from] item: Leftovers
|-heal|p1a: Aromatisse|381\/406|[from] item: Leftovers
|turn|21
|
|move|p2a: Zygarde|Earthquake|p1a: Aromatisse
|-damage|p1a: Aromatisse|221\/406
|move|p1a: Aromatisse|Moonblast|p2a: Zygarde
|-supereffective|p2a: Zygarde
|-end|p2a: Zygarde|Substitute
|
|-heal|p2a: Zygarde|353\/404|[from] item: Leftovers
|-heal|p1a: Aromatisse|246\/406|[from] item: Leftovers
|turn|22
|
|switch|p2a: Crobat|Crobat, M|185\/343
|-damage|p2a: Crobat|100\/343|[from] Stealth Rock
|move|p1a: Aromatisse|Wish|p1a: Aromatisse
|
|-heal|p1a: Aromatisse|271\/406|[from] item: Leftovers
|turn|23
|
|switch|p1a: Ampharos|Ampharos-Mega, M|276\/384
|-damage|p1a: Ampharos|228\/384|[from] Spikes
|-ability|p1a: Ampharos|Mold Breaker
|move|p2a: Crobat|Roost|p2a: Crobat
|-heal|p2a: Crobat|272\/343
|
|-heal|p1a: Ampharos|384\/384|[from] move: Wish|[wisher] Aromatisse
|turn|24
|
|move|p2a: Crobat|U-turn|p1a: Ampharos
|-damage|p1a: Ampharos|315\/384
|
|switch|p2a: Aggron|Aggron-Mega, F|119\/344 par
|-damage|p2a: Aggron|98\/344 par|[from] Stealth Rock
|move|p1a: Ampharos|Volt Switch|p2a: Aggron
|-damage|p2a: Aggron|0 fnt
|faint|p2a: Aggron
|
|switch|p1a: Crobat|Crobat, F|373\/373
|
|
|switch|p2a: Rotom-Heat|Rotom-Heat|275\/275
|-damage|p2a: Rotom-Heat|207\/275|[from] Stealth Rock
|turn|25
|
|move|p1a: Crobat|U-turn|p2a: Rotom-Heat
|-resisted|p2a: Rotom-Heat
|-damage|p2a: Rotom-Heat|181\/275
|
|switch|p1a: Ampharos|Ampharos-Mega, M|315\/384
|-damage|p1a: Ampharos|267\/384|[from] Spikes
|-ability|p1a: Ampharos|Mold Breaker
|move|p2a: Rotom-Heat|Overheat|p1a: Ampharos
|-resisted|p1a: Ampharos
|-damage|p1a: Ampharos|170\/384
|-unboost|p2a: Rotom-Heat|spa|2
|
|turn|26
|
|switch|p2a: Chesnaught|Chesnaught, M|267\/380
|-damage|p2a: Chesnaught|244\/380|[from] Stealth Rock
|move|p1a: Ampharos|Dragon Pulse|p2a: Chesnaught
|-damage|p2a: Chesnaught|81\/380
|
|-heal|p2a: Chesnaught|104\/380|[from] item: Leftovers
|turn|27
|
|move|p2a: Chesnaught|Low Sweep|p1a: Ampharos
|-damage|p1a: Ampharos|97\/384
|-unboost|p1a: Ampharos|spe|1
|move|p1a: Ampharos|Dragon Pulse|p2a: Chesnaught
|-crit|p2a: Chesnaught
|-damage|p2a: Chesnaught|0 fnt
|faint|p2a: Chesnaught
|
|c|âAzkul|I'm slow enough 
|
|switch|p2a: Zygarde|Zygarde|353\/404
|-damage|p2a: Zygarde|328\/404|[from] Stealth Rock
|-ability|p2a: Zygarde|Aura Break
|turn|28
|c|âMydonut|if only i didnt get that para on maggron
|
|switch|p1a: Swampert|Swampert, F|371\/404
|-damage|p1a: Swampert|321\/404|[from] Spikes
|move|p2a: Zygarde|Earthquake|p1a: Swampert
|-damage|p1a: Swampert|225\/404
|
|-heal|p2a: Zygarde|353\/404|[from] item: Leftovers
|-heal|p1a: Swampert|250\/404|[from] item: Leftovers
|turn|29
|
|move|p2a: Zygarde|Substitute|p2a: Zygarde
|-start|p2a: Zygarde|Substitute
|-damage|p2a: Zygarde|252\/404
|move|p1a: Swampert|Roar|p2a: Zygarde
|drag|p2a: Rotom-Heat|Rotom-Heat|181\/275
|-damage|p2a: Rotom-Heat|113\/275|[from] Stealth Rock
|
|-heal|p1a: Swampert|275\/404|[from] item: Leftovers
|turn|30
|
|switch|p1a: Ampharos|Ampharos-Mega, M|97\/384
|-damage|p1a: Ampharos|49\/384|[from] Spikes
|-ability|p1a: Ampharos|Mold Breaker
|move|p2a: Rotom-Heat|Overheat|p1a: Ampharos
|-resisted|p1a: Ampharos
|-damage|p1a: Ampharos|0 fnt
|-unboost|p2a: Rotom-Heat|spa|2
|faint|p1a: Ampharos
|
|
|switch|p1a: Krookodile|Krookodile, F|111\/332
|-damage|p1a: Krookodile|70\/332|[from] Spikes
|turn|31
|
|switch|p2a: Vaporeon|Vaporeon, M|463\/463
|-damage|p2a: Vaporeon|406\/463|[from] Stealth Rock
|move|p1a: Krookodile|Stone Edge|p2a: Vaporeon
|-damage|p2a: Vaporeon|305\/463
|
|-heal|p2a: Vaporeon|333\/463|[from] item: Leftovers
|turn|32
|
|switch|p1a: Aromatisse|Aromatisse, F|271\/406
|-damage|p1a: Aromatisse|221\/406|[from] Spikes
|move|p2a: Vaporeon|Scald|p1a: Aromatisse
|-damage|p1a: Aromatisse|137\/406
|
|-heal|p2a: Vaporeon|361\/463|[from] item: Leftovers
|-heal|p1a: Aromatisse|162\/406|[from] item: Leftovers
|turn|33
|
|move|p2a: Vaporeon|Scald|p1a: Aromatisse
|-damage|p1a: Aromatisse|81\/406
|-status|p1a: Aromatisse|brn
|move|p1a: Aromatisse|Wish|p1a: Aromatisse
|
|-heal|p2a: Vaporeon|389\/463|[from] item: Leftovers
|-heal|p1a: Aromatisse|106\/406 brn|[from] item: Leftovers
|-damage|p1a: Aromatisse|56\/406 brn|[from] brn
|turn|34
|
|move|p1a: Aromatisse|Protect|p1a: Aromatisse
|-singleturn|p1a: Aromatisse|Protect
|move|p2a: Vaporeon|Baton Pass|p2a: Vaporeon
|
|switch|p2a: Rotom-Heat|Rotom-Heat|113\/275
|-damage|p2a: Rotom-Heat|45\/275|[from] Stealth Rock
|
|-heal|p1a: Aromatisse|259\/406 brn|[from] move: Wish|[wisher] Aromatisse
|-heal|p1a: Aromatisse|284\/406 brn|[from] item: Leftovers
|-damage|p1a: Aromatisse|234\/406 brn|[from] brn
|turn|35
|
|move|p2a: Rotom-Heat|Overheat|p1a: Aromatisse
|-damage|p1a: Aromatisse|71\/406 brn
|-unboost|p2a: Rotom-Heat|spa|2
|move|p1a: Aromatisse|Moonblast|p2a: Rotom-Heat
|-resisted|p2a: Rotom-Heat
|-damage|p2a: Rotom-Heat|0 fnt
|faint|p2a: Rotom-Heat
|
|-heal|p1a: Aromatisse|96\/406 brn|[from] item: Leftovers
|-damage|p1a: Aromatisse|46\/406 brn|[from] brn
|c|âAzkul|You have won
|
|switch|p2a: Crobat|Crobat, M|272\/343
|-damage|p2a: Crobat|187\/343|[from] Stealth Rock
|turn|36
|c|âMydonut|nah
|c|âAzkul|Your Vapoereon screws me
|join|S0LD!ER
|
|move|p2a: Crobat|Brave Bird|p1a: Aromatisse
|-damage|p1a: Aromatisse|0 fnt
|-damage|p2a: Crobat|172\/343|[from] recoil|[of] p1a: Aromatisse
|faint|p1a: Aromatisse
|
|c| S0LD!ER|go crobat
|
|switch|p1a: Crobat|Crobat, F|373\/373
|turn|37
|
|move|p1a: Crobat|Taunt|p2a: Crobat
|-start|p2a: Crobat|move: Taunt
|move|p2a: Crobat|Brave Bird|p1a: Crobat
|-damage|p1a: Crobat|157\/373
|-damage|p2a: Crobat|101\/343|[from] recoil|[of] p1a: Crobat
|
|-heal|p1a: Crobat|180\/373|[from] item: Black Sludge
|turn|38
|c| S0LD!ER|...
|c|âMydonut|ok
|c|âAzkul|de toute faÃ§on
|c|âAzkul|C'est foutu
|
|move|p1a: Crobat|Brave Bird|p2a: Crobat
|-damage|p2a: Crobat|0 fnt
|-damage|p1a: Crobat|147\/373|[from] recoil|[of] p2a: Crobat
|faint|p2a: Crobat
|
|-heal|p1a: Crobat|170\/373|[from] item: Black Sludge
|c| S0LD!ER|mais n'importe quoi
|
|switch|p2a: Vaporeon|Vaporeon, M|389\/463
|-damage|p2a: Vaporeon|332\/463|[from] Stealth Rock
|turn|39
|c| S0LD!ER|t'as pas ice beam sur swamp ?
|c|âAzkul|nope
|c| S0LD!ER|v'lÃ  taunt le
|
|move|p1a: Crobat|Taunt|p2a: Vaporeon
|-start|p2a: Vaporeon|move: Taunt
|move|p2a: Vaporeon|Scald|p1a: Crobat
|-damage|p1a: Crobat|38\/373
|-status|p1a: Crobat|brn
|
|-heal|p1a: Crobat|61\/373 brn|[from] item: Black Sludge
|-heal|p2a: Vaporeon|360\/463|[from] item: Leftovers
|-damage|p1a: Crobat|15\/373 brn|[from] brn
|turn|40
|
|move|p1a: Crobat|Brave Bird|p2a: Vaporeon
|-crit|p2a: Vaporeon
|-damage|p2a: Vaporeon|260\/463
|-damage|p1a: Crobat|0 fnt|[from] recoil|[of] p2a: Vaporeon
|faint|p1a: Crobat
|move|p2a: Vaporeon|Scald|p1: Crobat|[notarget]
|-notarget
|
|-heal|p2a: Vaporeon|288\/463|[from] item: Leftovers
|c|âAzkul|decisive crit obv
|c| S0LD!ER|nique le maintenant
|c|âAzkul|ils sont tous les deux jouÃ©s physiques hein
|
|switch|p1a: Krookodile|Krookodile, F|70\/332
|-damage|p1a: Krookodile|29\/332|[from] Spikes
|turn|41
|c| S0LD!ER|fallait ice beam swamp
|c| S0LD!ER|tu EQ tu crit
|
|move|p1a: Krookodile|Earthquake|p2a: Vaporeon
|-damage|p2a: Vaporeon|120\/463
|move|p2a: Vaporeon|Scald|p1a: Krookodile
|-supereffective|p1a: Krookodile
|-damage|p1a: Krookodile|0 fnt
|faint|p1a: Krookodile
|
|-heal|p2a: Vaporeon|148\/463|[from] item: Leftovers
|-end|p2a: Vaporeon|move: Taunt
|c| S0LD!ER|lel
|
|switch|p1a: Swampert|Swampert, F|275\/404
|-damage|p1a: Swampert|225\/404|[from] Spikes
|turn|42
|c| S0LD!ER|swaamp LO
|c|âAzkul|c'est le set de tank physique
|c| S0LD!ER|on y croit
|c|âAzkul|n
|c| S0LD!ER|xd
|
|move|p2a: Vaporeon|Wish|p2a: Vaporeon
|move|p1a: Swampert|Earthquake|p2a: Vaporeon
|-damage|p2a: Vaporeon|15\/463
|
|-heal|p2a: Vaporeon|43\/463|[from] item: Leftovers
|-heal|p1a: Swampert|250\/404|[from] item: Leftovers
|turn|43
|c|âAzkul|bon
|c|âAzkul|bah gg
|c| S0LD!ER|ruuuuuuuude
|
|move|p2a: Vaporeon|Protect|p2a: Vaporeon
|-singleturn|p2a: Vaporeon|Protect
|move|p1a: Swampert|Roar|p2a: Vaporeon
|drag|p2a: Zygarde|Zygarde|252\/404
|-damage|p2a: Zygarde|227\/404|[from] Stealth Rock
|-ability|p2a: Zygarde|Aura Break
|
|-heal|p2a: Zygarde|404\/404|[from] move: Wish|[wisher] Vaporeon
|-heal|p1a: Swampert|275\/404|[from] item: Leftovers
|turn|44
|c| S0LD!ER|OH
|c| S0LD!ER|WP
|c| S0LD!ER|t'as scald ?
|c|âAzkul|y
|
|move|p2a: Zygarde|Substitute|p2a: Zygarde
|-start|p2a: Zygarde|Substitute
|-damage|p2a: Zygarde|303\/404
|move|p1a: Swampert|Scald|p2a: Zygarde
|-activate|p2a: Zygarde|Substitute|[damage]
|
|-heal|p2a: Zygarde|328\/404|[from] item: Leftovers
|-heal|p1a: Swampert|300\/404|[from] item: Leftovers
|turn|45
|c| S0LD!ER|tu peux win sisi
|c| S0LD!ER|ah non ;8;
|c|âAzkul|sauf que lui a Ã a
|c| S0LD!ER|._.
|c|âAzkul|*Ã§a
|
|move|p2a: Zygarde|Earthquake|p1a: Swampert
|-damage|p1a: Swampert|210\/404
|move|p1a: Swampert|Scald|p2a: Zygarde
|-end|p2a: Zygarde|Substitute
|
|-heal|p2a: Zygarde|353\/404|[from] item: Leftovers
|-heal|p1a: Swampert|235\/404|[from] item: Leftovers
|turn|46
|
|move|p2a: Zygarde|Earthquake|p1a: Swampert
|-damage|p1a: Swampert|136\/404
|move|p1a: Swampert|Roar|p2a: Zygarde
|drag|p2a: Vaporeon|Vaporeon, M|43\/463
|-damage|p2a: Vaporeon|0 fnt|[from] Stealth Rock
|faint|p2a: Vaporeon
|
|-heal|p1a: Swampert|161\/404|[from] item: Leftovers
|
|switch|p2a: Zygarde|Zygarde|353\/404
|-damage|p2a: Zygarde|328\/404|[from] Stealth Rock
|-ability|p2a: Zygarde|Aura Break
|turn|47
|c|âAzkul|Pourquoi je n'y ai pas pensÃ© plus tÃ´t
|c| S0LD!ER|fallait jouer crobat NP ^-^
|c|âAzkul|fin
|c|âAzkul|.-.
|
|move|p2a: Zygarde|Earthquake|p1a: Swampert
|-damage|p1a: Swampert|64\/404
|move|p1a: Swampert|Scald|p2a: Zygarde
|-damage|p2a: Zygarde|228\/404
|
|-heal|p2a: Zygarde|253\/404|[from] item: Leftovers
|-heal|p1a: Swampert|89\/404|[from] item: Leftovers
|turn|48
|c| S0LD!ER|dommage
|c|âAzkul|srx, pas de burn
|c|âAzkul|alors que lui il burn Ã  chaque scald
|c| S0LD!ER|allez
|
|move|p2a: Zygarde|Earthquake|p1a: Swampert
|-crit|p1a: Swampert
|-damage|p1a: Swampert|0 fnt
|faint|p1a: Swampert
|
|win|Mydonut
|raw|Ladder updating...
|c| S0LD!ER|tu crit + burn
|raw|Azkul's rating: 1383 &rarr; <strong>1370<\/strong><br \/>(-13 for losing)
|raw|Mydonut's rating: 1517 &rarr; <strong>1529<\/strong><br \/>(+12 for winning)
|c| S0LD!ER|omg
|c|âMydonut|gg
|c|âAzkul|rofl
|leave|S0LD!ER
|c|âAzkul|gg