|join|Mydonut
|join|UrfTheManatee
|player|p1|Mydonut|2
|player|p2|UrfTheManatee|80
|gametype|singles
|gen|6
|tier|UU
|rated
|rule|Sleep Clause Mod: Limit one foe put to sleep
|rule|Species Clause: Limit one of each Pokemon
|rule|OHKO Clause: OHKO moves are banned
|rule|Moody Clause: Moody is banned
|rule|Evasion Moves Clause: Evasion moves are banned
|rule|Endless Battle Clause: Forcing endless battles is banned.
|rule|HP Percentage Mod: HP is reported as percentages
|clearpoke
|poke|p1|Blastoise, M, shiny
|poke|p1|Umbreon, F, shiny
|poke|p1|Hippowdon, F, shiny
|poke|p1|Mienshao, M, shiny
|poke|p1|Alakazam, M, shiny
|poke|p1|Darmanitan, M, shiny
|poke|p2|Infernape, M
|poke|p2|Alakazam, F
|poke|p2|Jolteon, M
|poke|p2|Slowbro, F
|poke|p2|Crobat, F
|poke|p2|Krookodile, F
|teampreview
|
|start
|switch|p1a: BigB|Blastoise, M, shiny|362\/362
|switch|p2a: Crobat|Crobat, F|311\/311
|turn|1
|
|switch|p1a: Hippo|Hippowdon, F, shiny|420\/420
|-weather|Sandstorm
|move|p2a: Crobat|Brave Bird|p1a: Hippo
|-damage|p1a: Hippo|333\/420
|-damage|p2a: Crobat|260\/311|[from] item: Rocky Helmet|[of] p1a: Hippo
|-damage|p2a: Crobat|231\/311|[from] recoil|[of] p1a: Hippo
|
|-weather|Sandstorm|[upkeep]
|-damage|p2a: Crobat|212\/311|[from] sandstorm
|-heal|p2a: Crobat|231\/311|[from] item: Black Sludge
|turn|2
|
|switch|p2a: Slowbro|Slowbro, F|394\/394
|move|p1a: Hippo|Stealth Rock|p2a: Slowbro
|-sidestart|p2: UrfTheManatee|move: Stealth Rock
|
|-weather|Sandstorm|[upkeep]
|-damage|p2a: Slowbro|370\/394|[from] sandstorm
|-heal|p2a: Slowbro|394\/394|[from] item: Leftovers
|turn|3
|
|switch|p1a: TRON|Umbreon, F, shiny|394\/394
|move|p2a: Slowbro|Scald|p1a: TRON
|-damage|p1a: TRON|337\/394
|
|-weather|Sandstorm|[upkeep]
|-damage|p1a: TRON|313\/394|[from] sandstorm
|-damage|p2a: Slowbro|370\/394|[from] sandstorm
|-heal|p1a: TRON|337\/394|[from] item: Leftovers
|-heal|p2a: Slowbro|394\/394|[from] item: Leftovers
|turn|4
|
|switch|p2a: Crobat|Crobat, F|231\/311
|-damage|p2a: Crobat|154\/311|[from] Stealth Rock
|move|p1a: TRON|Wish|p1a: TRON
|
|-weather|Sandstorm|[upkeep]
|-damage|p2a: Crobat|135\/311|[from] sandstorm
|-damage|p1a: TRON|313\/394|[from] sandstorm
|-heal|p2a: Crobat|154\/311|[from] item: Black Sludge
|-heal|p1a: TRON|337\/394|[from] item: Leftovers
|turn|5
|
|move|p2a: Crobat|Defog|p1a: TRON
|-unboost|p1a: TRON|evasion|1
|-sideend|p2: UrfTheManatee|Stealth Rock|[from] move: Defog|[of] p2a: Crobat
|move|p1a: TRON|Foul Play|p2a: Crobat
|-damage|p2a: Crobat|36\/311
|
|-weather|none
|-heal|p1a: TRON|394\/394|[from] move: Wish|[wisher] TRON
|-heal|p2a: Crobat|55\/311|[from] item: Black Sludge
|turn|6
|
|switch|p1a: Hippo|Hippowdon, F, shiny|333\/420
|-weather|Sandstorm
|move|p2a: Crobat|Roost|p2a: Crobat
|-heal|p2a: Crobat|211\/311
|
|-weather|Sandstorm|[upkeep]
|-damage|p2a: Crobat|192\/311|[from] sandstorm
|-heal|p2a: Crobat|211\/311|[from] item: Black Sludge
|turn|7
|
|move|p2a: Crobat|Roost|p2a: Crobat
|-heal|p2a: Crobat|311\/311
|move|p1a: Hippo|Stealth Rock|p2a: Crobat
|-sidestart|p2: UrfTheManatee|move: Stealth Rock
|
|-weather|Sandstorm|[upkeep]
|-damage|p2a: Crobat|292\/311|[from] sandstorm
|-heal|p2a: Crobat|311\/311|[from] item: Black Sludge
|turn|8
|
|move|p2a: Crobat|Defog|p1a: Hippo
|-unboost|p1a: Hippo|evasion|1
|-sideend|p2: UrfTheManatee|Stealth Rock|[from] move: Defog|[of] p2a: Crobat
|move|p1a: Hippo|Yawn|p2a: Crobat
|-start|p2a: Crobat|move: Yawn|[of] p1a: Hippo
|
|-weather|Sandstorm|[upkeep]
|-damage|p2a: Crobat|292\/311|[from] sandstorm
|-heal|p2a: Crobat|311\/311|[from] item: Black Sludge
|turn|9
|
|switch|p2a: Slowbro|Slowbro, F|394\/394
|move|p1a: Hippo|Stealth Rock|p2a: Slowbro
|-sidestart|p2: UrfTheManatee|move: Stealth Rock
|
|-weather|Sandstorm|[upkeep]
|-damage|p2a: Slowbro|370\/394|[from] sandstorm
|-heal|p2a: Slowbro|394\/394|[from] item: Leftovers
|turn|10
|
|switch|p1a: BigB|Blastoise, M, shiny|362\/362
|move|p2a: Slowbro|Scald|p1a: BigB
|-resisted|p1a: BigB
|-damage|p1a: BigB|317\/362
|
|-weather|none
|turn|11
|
|switch|p2a: Crobat|Crobat, F|311\/311
|-damage|p2a: Crobat|234\/311|[from] Stealth Rock
|detailschange|p1a: BigB|Blastoise-Mega, M, shiny
|message|Blastoise has Mega Evolved into Mega Blastoise!
|move|p1a: BigB|Dark Pulse|p2a: Crobat
|-damage|p2a: Crobat|98\/311
|
|-heal|p2a: Crobat|117\/311|[from] item: Black Sludge
|turn|12
|
|move|p2a: Crobat|Defog|p1a: BigB
|-unboost|p1a: BigB|evasion|1
|-sideend|p2: UrfTheManatee|Stealth Rock|[from] move: Defog|[of] p2a: Crobat
|move|p1a: BigB|Dark Pulse|p2a: Crobat
|-damage|p2a: Crobat|0 fnt
|faint|p2a: Crobat
|
|
|switch|p2a: Jolteon|Jolteon, M|271\/271
|turn|13
|
|switch|p1a: Hippo|Hippowdon, F, shiny|333\/420
|-weather|Sandstorm
|move|p2a: Jolteon|Thunderbolt|p1a: Hippo
|-immune|p1a: Hippo|[msg]
|
|-weather|Sandstorm|[upkeep]
|-damage|p2a: Jolteon|255\/271|[from] sandstorm
|turn|14
|
|move|p2a: Jolteon|Hidden Power|p1a: Hippo
|-supereffective|p1a: Hippo
|-damage|p1a: Hippo|99\/420
|-damage|p2a: Jolteon|228\/271|[from] item: Life Orb
|move|p1a: Hippo|Stealth Rock|p2a: Jolteon
|-sidestart|p2: UrfTheManatee|move: Stealth Rock
|
|-weather|Sandstorm|[upkeep]
|-damage|p2a: Jolteon|212\/271|[from] sandstorm
|turn|15
|
|switch|p1a: TRON|Umbreon, F, shiny|394\/394
|move|p2a: Jolteon|Hidden Power|p1a: TRON
|-damage|p1a: TRON|346\/394
|-damage|p2a: Jolteon|185\/271|[from] item: Life Orb
|
|-weather|Sandstorm|[upkeep]
|-damage|p2a: Jolteon|169\/271|[from] sandstorm
|-damage|p1a: TRON|322\/394|[from] sandstorm
|-heal|p1a: TRON|346\/394|[from] item: Leftovers
|turn|16
|
|move|p2a: Jolteon|Volt Switch|p1a: TRON
|-damage|p1a: TRON|259\/394
|-damage|p2a: Jolteon|142\/271|[from] item: Life Orb
|
|switch|p2a: Infernape|Infernape, M|293\/293
|-damage|p2a: Infernape|257\/293|[from] Stealth Rock
|move|p1a: TRON|Wish|p1a: TRON
|
|-weather|Sandstorm|[upkeep]
|-damage|p2a: Infernape|239\/293|[from] sandstorm
|-damage|p1a: TRON|235\/394|[from] sandstorm
|-heal|p1a: TRON|259\/394|[from] item: Leftovers
|turn|17
|
|switch|p1a: Hippo|Hippowdon, F, shiny|99\/420
|move|p2a: Infernape|Close Combat|p1a: Hippo
|-damage|p1a: Hippo|0 fnt
|-damage|p2a: Infernape|191\/293|[from] item: Rocky Helmet|[of] p1a: Hippo
|-unboost|p2a: Infernape|def|1
|-unboost|p2a: Infernape|spd|1
|faint|p1a: Hippo
|
|-weather|none
|
|switch|p1a: JediMaster|Alakazam, M, shiny|252\/252
|turn|18
|
|switch|p2a: Krookodile|Krookodile, F|332\/332
|-damage|p2a: Krookodile|312\/332|[from] Stealth Rock
|move|p1a: JediMaster|Dazzling Gleam|p2a: Krookodile
|-supereffective|p2a: Krookodile
|-damage|p2a: Krookodile|72\/332
|
|turn|19
|
|switch|p1a: TRON|Umbreon, F, shiny|259\/394
|move|p2a: Krookodile|Knock Off|p1a: TRON
|-resisted|p1a: TRON
|-damage|p1a: TRON|182\/394
|-enditem|p1a: TRON|Leftovers|[from] move: Knock Off|[of] p2a: Krookodile
|
|turn|20
|
|switch|p2a: Infernape|Infernape, M|191\/293
|-damage|p2a: Infernape|155\/293|[from] Stealth Rock
|move|p1a: TRON|Wish|p1a: TRON
|
|turn|21
|
|move|p1a: TRON|Protect|p1a: TRON
|-singleturn|p1a: TRON|Protect
|move|p2a: Infernape|Close Combat|p1a: TRON
|-activate|p1a: TRON|Protect
|
|-heal|p1a: TRON|379\/394|[from] move: Wish|[wisher] TRON
|turn|22
|
|move|p2a: Infernape|Close Combat|p1a: TRON
|-supereffective|p1a: TRON
|-damage|p1a: TRON|0 fnt
|-unboost|p2a: Infernape|def|1
|-unboost|p2a: Infernape|spd|1
|faint|p1a: TRON
|
|
|switch|p1a: JediMaster|Alakazam, M, shiny|252\/252
|turn|23
|
|switch|p2a: Krookodile|Krookodile, F|72\/332
|-damage|p2a: Krookodile|52\/332|[from] Stealth Rock
|move|p1a: JediMaster|Dazzling Gleam|p2a: Krookodile
|-supereffective|p2a: Krookodile
|-damage|p2a: Krookodile|0 fnt
|faint|p2a: Krookodile
|
|
|switch|p2a: Alakazam|Alakazam, F|252\/252
|turn|24
|
|move|p2a: Alakazam|Shadow Ball|p1a: JediMaster
|-supereffective|p1a: JediMaster
|-damage|p1a: JediMaster|50\/252
|move|p1a: JediMaster|Psyshock|p2a: Alakazam
|-resisted|p2a: Alakazam
|-damage|p2a: Alakazam|113\/252
|
|turn|25
|
|switch|p1a: BigB|Blastoise-Mega, M, shiny|317\/362
|move|p2a: Alakazam|Shadow Ball|p1a: BigB
|-damage|p1a: BigB|234\/362
|
|turn|26
|
|move|p2a: Alakazam|Energy Ball|p1a: BigB
|-supereffective|p1a: BigB
|-damage|p1a: BigB|42\/362
|move|p1a: BigB|Water Pulse|p2a: Alakazam
|-damage|p2a: Alakazam|0 fnt
|faint|p2a: Alakazam
|
|
|switch|p2a: Infernape|Infernape, M|155\/293
|-damage|p2a: Infernape|119\/293|[from] Stealth Rock
|turn|27
|
|switch|p1a: Shofu|Darmanitan, M, shiny|351\/351
|move|p2a: Infernape|Mach Punch|p1a: Shofu
|-damage|p1a: Shofu|177\/351
|
|turn|28
|
|switch|p2a: Slowbro|Slowbro, F|394\/394
|-damage|p2a: Slowbro|345\/394|[from] Stealth Rock
|move|p1a: Shofu|Rock Slide|p2a: Slowbro
|-damage|p2a: Slowbro|262\/394
|
|-heal|p2a: Slowbro|286\/394|[from] item: Leftovers
|turn|29
|
|switch|p1a: Ming|Mienshao, M, shiny|271\/271
|move|p2a: Slowbro|Scald|p1a: Ming
|-damage|p1a: Ming|129\/271
|
|-heal|p2a: Slowbro|310\/394|[from] item: Leftovers
|turn|30
|
|move|p1a: Ming|Fake Out|p2a: Slowbro
|-damage|p2a: Slowbro|272\/394
|-damage|p1a: Ming|102\/271|[from] item: Life Orb
|cant|p2a: Slowbro|flinch
|
|-heal|p2a: Slowbro|296\/394|[from] item: Leftovers
|turn|31
|
|move|p1a: Ming|U-turn|p2a: Slowbro
|-supereffective|p2a: Slowbro
|-damage|p2a: Slowbro|161\/394
|-damage|p1a: Ming|75\/271|[from] item: Life Orb
|
|switch|p1a: Shofu|Darmanitan, M, shiny|177\/351
|move|p2a: Slowbro|Scald|p1a: Shofu
|-supereffective|p1a: Shofu
|-damage|p1a: Shofu|0 fnt
|faint|p1a: Shofu
|
|-heal|p2a: Slowbro|185\/394|[from] item: Leftovers
|
|switch|p1a: BigB|Blastoise-Mega, M, shiny|42\/362
|turn|32
|
|move|p1a: BigB|Dark Pulse|p2a: Slowbro
|-supereffective|p2a: Slowbro
|-damage|p2a: Slowbro|0 fnt
|faint|p2a: Slowbro
|
|
|switch|p2a: Infernape|Infernape, M|119\/293
|-damage|p2a: Infernape|83\/293|[from] Stealth Rock
|turn|33
|
|move|p2a: Infernape|Mach Punch|p1a: BigB
|-damage|p1a: BigB|0 fnt
|faint|p1a: BigB
|
|
|switch|p1a: Ming|Mienshao, M, shiny|165\/271
|turn|34
|
|move|p1a: Ming|Fake Out|p2a: Infernape
|-damage|p2a: Infernape|9\/293
|-damage|p1a: Ming|138\/271|[from] item: Life Orb
|cant|p2a: Infernape|flinch
|
|turn|35
|
|move|p2a: Infernape|Mach Punch|p1a: Ming
|-damage|p1a: Ming|0 fnt
|faint|p1a: Ming
|
|chat|Mydonut|nooo
|
|switch|p1a: JediMaster|Alakazam, M, shiny|50\/252
|turn|36
|
|move|p2a: Infernape|Mach Punch|p1a: JediMaster
|-resisted|p1a: JediMaster
|-damage|p1a: JediMaster|0 fnt
|faint|p1a: JediMaster
|
|win|UrfTheManatee
|raw|Ladder updating...
|raw|Mydonut's rating: 1330 &rarr; <strong>1314<\/strong><br \/>(-16 for losing)
|raw|UrfTheManatee's rating: 1415 &rarr; <strong>1431<\/strong><br \/>(+16 for winning)
|chat|UrfTheManatee|gg
|leave|Mydonut
|player|p1