|join|Boulaba
|join|Mydonut
|player|p1|Boulaba|260
|player|p2|Mydonut|170
|gametype|singles
|gen|6
|tier|UU
|rated
|rule|Sleep Clause Mod: Limit one foe put to sleep
|rule|Species Clause: Limit one of each Pokemon
|rule|OHKO Clause: OHKO moves are banned
|rule|Moody Clause: Moody is banned
|rule|Evasion Moves Clause: Evasion moves are banned
|rule|Endless Battle Clause: Forcing endless battles is banned.
|rule|HP Percentage Mod: HP is reported as percentages
|clearpoke
|poke|p1|Whimsicott, F
|poke|p1|Suicune
|poke|p1|Doublade, F
|poke|p1|Umbreon, F
|poke|p1|Blissey, F
|poke|p1|Hitmontop, M
|poke|p2|Entei, shiny
|poke|p2|Trevenant, F
|poke|p2|Lucario, F
|poke|p2|Slowbro, M
|poke|p2|Galvantula, F
|poke|p2|Donphan, F
|teampreview
|
|start
|switch|p1a: Whimsicott|Whimsicott, F|324\/324
|switch|p2a: Galvantula|Galvantula, F|281\/281
|turn|1
|join|Shonji
|
|move|p1a: Whimsicott|Substitute|p1a: Whimsicott
|-start|p1a: Whimsicott|Substitute
|-damage|p1a: Whimsicott|243\/324
|move|p2a: Galvantula|Volt Switch|p1a: Whimsicott
|-resisted|p1a: Whimsicott
|-activate|p1a: Whimsicott|Substitute|[damage]
|
|switch|p2a: Trevenant|Trevenant, F|374\/374
|
|-heal|p1a: Whimsicott|263\/324|[from] item: Leftovers
|turn|2
|
|move|p1a: Whimsicott|Giga Drain|p2a: Trevenant
|-resisted|p2a: Trevenant
|-damage|p2a: Trevenant|329\/374
|-heal|p1a: Whimsicott|286\/324|[from] drain|[of] p2a: Trevenant
|move|p2a: Trevenant|Substitute|p2a: Trevenant
|-start|p2a: Trevenant|Substitute
|-damage|p2a: Trevenant|236\/374
|
|-heal|p1a: Whimsicott|306\/324|[from] item: Leftovers
|turn|3
|
|move|p1a: Whimsicott|Encore|p2a: Trevenant
|-start|p2a: Trevenant|Encore
|move|p2a: Trevenant|Substitute|p2a: Trevenant
|-fail|p2a: Trevenant|move: Substitute
|
|-heal|p1a: Whimsicott|324\/324|[from] item: Leftovers
|turn|4
|
|move|p1a: Whimsicott|Giga Drain|p2a: Trevenant
|-resisted|p2a: Trevenant
|-activate|p2a: Trevenant|Substitute|[damage]
|move|p2a: Trevenant|Substitute|p2a: Trevenant
|-fail|p2a: Trevenant|move: Substitute
|
|turn|5
|
|move|p1a: Whimsicott|Giga Drain|p2a: Trevenant
|-resisted|p2a: Trevenant
|-activate|p2a: Trevenant|Substitute|[damage]
|move|p2a: Trevenant|Substitute|p2a: Trevenant
|-fail|p2a: Trevenant|move: Substitute
|
|-end|p2a: Trevenant|Encore
|turn|6
|
|move|p1a: Whimsicott|Encore|p2a: Trevenant
|-start|p2a: Trevenant|Encore
|move|p2a: Trevenant|Substitute|p2a: Trevenant
|-fail|p2a: Trevenant|move: Substitute
|
|turn|7
|
|move|p1a: Whimsicott|Giga Drain|p2a: Trevenant
|-resisted|p2a: Trevenant
|-end|p2a: Trevenant|Substitute
|move|p2a: Trevenant|Substitute|p2a: Trevenant
|-start|p2a: Trevenant|Substitute
|-damage|p2a: Trevenant|143\/374
|-enditem|p2a: Trevenant|Sitrus Berry|[eat]
|-heal|p2a: Trevenant|236\/374|[from] item: Sitrus Berry
|
|-item|p2a: Trevenant|Sitrus Berry|[from] ability: Harvest
|turn|8
|
|move|p1a: Whimsicott|Giga Drain|p2a: Trevenant
|-crit|p2a: Trevenant
|-resisted|p2a: Trevenant
|-activate|p2a: Trevenant|Substitute|[damage]
|move|p2a: Trevenant|Substitute|p2a: Trevenant
|-fail|p2a: Trevenant|move: Substitute
|
|-end|p2a: Trevenant|Encore
|turn|9
|chat|Shonji|Ohh boy, this isnt going anywhere
|
|switch|p2a: Galvantula|Galvantula, F|281\/281
|move|p1a: Whimsicott|Encore|p2a: Galvantula
|-fail|p2a: Galvantula
|
|turn|10
|
|move|p1a: Whimsicott|Leech Seed|p2a: Galvantula
|-start|p2a: Galvantula|move: Leech Seed
|move|p2a: Galvantula|Volt Switch|p1a: Whimsicott
|-crit|p1a: Whimsicott
|-resisted|p1a: Whimsicott
|-end|p1a: Whimsicott|Substitute
|
|switch|p2a: Trevenant|Trevenant, F|236\/374
|
|turn|11
|
|move|p1a: Whimsicott|Substitute|p1a: Whimsicott
|-start|p1a: Whimsicott|Substitute
|-damage|p1a: Whimsicott|243\/324
|move|p2a: Trevenant|Shadow Claw|p1a: Whimsicott
|-end|p1a: Whimsicott|Substitute
|
|-heal|p1a: Whimsicott|263\/324|[from] item: Leftovers
|turn|12
|
|switch|p1a: Umbreon|Umbreon, F|394\/394
|move|p2a: Trevenant|Shadow Claw|p1a: Umbreon
|-resisted|p1a: Umbreon
|-damage|p1a: Umbreon|338\/394
|
|-heal|p1a: Umbreon|362\/394|[from] item: Leftovers
|turn|13
|
|move|p1a: Umbreon|Foul Play|p2a: Trevenant
|-supereffective|p2a: Trevenant
|-damage|p2a: Trevenant|0 fnt
|faint|p2a: Trevenant
|
|-heal|p1a: Umbreon|386\/394|[from] item: Leftovers
|
|switch|p2a: Lucario|Lucario, F|281\/281
|turn|14
|
|switch|p1a: Hitmontop|Hitmontop, M|304\/304
|-ability|p1a: Hitmontop|Intimidate|[of] p2a: Lucario
|-unboost|p2a: Lucario|atk|1
|move|p2a: Lucario|Swords Dance|p2a: Lucario
|-boost|p2a: Lucario|atk|2
|
|turn|15
|
|move|p2a: Lucario|Close Combat|p1a: Hitmontop
|-damage|p1a: Hitmontop|34\/304
|-unboost|p2a: Lucario|def|1
|-unboost|p2a: Lucario|spd|1
|-damage|p2a: Lucario|253\/281|[from] item: Life Orb
|move|p1a: Hitmontop|Close Combat|p2a: Lucario
|-supereffective|p2a: Lucario
|-damage|p2a: Lucario|0 fnt
|-unboost|p1a: Hitmontop|def|1
|-unboost|p1a: Hitmontop|spd|1
|faint|p2a: Lucario
|
|-heal|p1a: Hitmontop|53\/304|[from] item: Leftovers
|-message|Mydonut forfeited.
|
|win|Boulaba
|raw|Ladder updating...
|leave|Mydonut
|player|p2
|raw|Boulaba's rating: 1262 &rarr; <strong>1291<\/strong><br \/>(+29 for winning)
|raw|Mydonut's rating: 1317 &rarr; <strong>1294<\/strong><br \/>(-23 for losing)