|join|Mydonut
|join|oioirnambe
|player|p1|Mydonut|153
|player|p2|oioirnambe|247
|gametype|singles
|gen|6
|tier|UU
|rated
|rule|Sleep Clause Mod: Limit one foe put to sleep
|rule|Species Clause: Limit one of each PokÃ©mon
|rule|OHKO Clause: OHKO moves are banned
|rule|Moody Clause: Moody is banned
|rule|Evasion Moves Clause: Evasion moves are banned
|rule|Endless Battle Clause: Forcing endless battles is banned
|rule|HP Percentage Mod: HP is shown in percentages
|clearpoke
|poke|p1|Krookodile, M, shiny
|poke|p1|Blastoise, F
|poke|p1|Togekiss, M
|poke|p1|Braviary, M
|poke|p1|Metagross
|poke|p1|Raikou, shiny
|poke|p2|Magneton
|poke|p2|Mienshao, M
|poke|p2|Dugtrio, F
|poke|p2|Crobat, F
|poke|p2|Slurpuff, M
|poke|p2|Krookodile, F
|rule|Swagger Clause: Swagger is banned
|rule|Baton Pass Clause: Limit one PokÃ©mon knowing Baton Pass
|teampreview
|
|start
|switch|p1a: Canada|Braviary, M|341\/341
|switch|p2a: Mienshao|Mienshao, M|269\/269
|turn|1
|
|switch|p1a: Togekiss|Togekiss, M|369\/369
|move|p2a: Mienshao|Fake Out|p1a: Togekiss
|-damage|p1a: Togekiss|318\/369
|-damage|p2a: Mienshao|243\/269|[from] item: Life Orb
|
|-heal|p1a: Togekiss|341\/369|[from] item: Leftovers
|turn|2
|
|move|p2a: Mienshao|U-turn|p1a: Togekiss
|-resisted|p1a: Togekiss
|-damage|p1a: Togekiss|319\/369
|-damage|p2a: Mienshao|217\/269|[from] item: Life Orb
|
|switch|p2a: Magneton|Magneton|242\/242
|move|p1a: Togekiss|Baton Pass|p1a: Togekiss
|
|switch|p1a: SirKrookodile|Krookodile, M, shiny|375\/375
|-ability|p1a: SirKrookodile|Intimidate|[of] p2a: Magneton
|-unboost|p2a: Magneton|atk|1
|
|turn|3
|
|switch|p2a: Krookodile|Krookodile, F|393\/393
|-ability|p2a: Krookodile|Intimidate|[of] p1a: SirKrookodile
|-unboost|p1a: SirKrookodile|atk|1
|move|p1a: SirKrookodile|Knock Off|p2a: Krookodile
|-resisted|p2a: Krookodile
|-damage|p2a: Krookodile|321\/393
|-enditem|p2a: Krookodile|Choice Band|[from] move: Knock Off|[of] p1a: SirKrookodile
|
|turn|4
|
|switch|p1a: Togekiss|Togekiss, M|319\/369
|move|p2a: Krookodile|Knock Off|p1a: Togekiss
|-crit|p1a: Togekiss
|-resisted|p1a: Togekiss
|-damage|p1a: Togekiss|207\/369
|-enditem|p1a: Togekiss|Leftovers|[from] move: Knock Off|[of] p2a: Krookodile
|
|turn|5
|
|move|p2a: Krookodile|Stealth Rock|p1a: Togekiss
|-sidestart|p1: Mydonut|move: Stealth Rock
|move|p1a: Togekiss|Wish|p1a: Togekiss
|
|turn|6
|
|switch|p2a: Magneton|Magneton|242\/242
|move|p1a: Togekiss|Air Slash|p2a: Magneton
|-resisted|p2a: Magneton
|-damage|p2a: Magneton|205\/242
|
|-heal|p1a: Togekiss|369\/369|[from] move: Wish|[wisher] Togekiss
|turn|7
|
|switch|p1a: General Greivous|Metagross|364\/364
|-damage|p1a: General Greivous|342\/364|[from] Stealth Rock
|move|p2a: Magneton|Flash Cannon|p1a: General Greivous
|-resisted|p1a: General Greivous
|-damage|p1a: General Greivous|229\/364
|
|turn|8
|
|move|p2a: Magneton|Flash Cannon|p1a: General Greivous
|-resisted|p1a: General Greivous
|-damage|p1a: General Greivous|100\/364
|move|p1a: General Greivous|Earthquake|p2a: Magneton
|-supereffective|p2a: Magneton
|-damage|p2a: Magneton|0 fnt
|faint|p2a: Magneton
|
|
|switch|p2a: Dugtrio|Dugtrio, F|211\/211
|turn|9
|
|move|p2a: Dugtrio|Earthquake|p1a: General Greivous
|-supereffective|p1a: General Greivous
|-damage|p1a: General Greivous|0 fnt
|faint|p1a: General Greivous
|
|
|switch|p1a: Franky|Blastoise, F|351\/351
|-damage|p1a: Franky|308\/351|[from] Stealth Rock
|turn|10
|
|detailschange|p1a: Franky|Blastoise-Mega, F
|message|Blastoise has Mega Evolved into Mega Blastoise!
|move|p2a: Dugtrio|Memento|p1a: Franky
|-unboost|p1a: Franky|atk|2
|-unboost|p1a: Franky|spa|2
|faint|p2a: Dugtrio
|move|p1a: Franky|Scald|p2: Dugtrio|[notarget]
|-notarget
|
|
|switch|p2a: Slurpuff|Slurpuff, M|312\/312
|turn|11
|
|switch|p1a: Togekiss|Togekiss, M|369\/369
|-damage|p1a: Togekiss|277\/369|[from] Stealth Rock
|move|p2a: Slurpuff|Belly Drum|p2a: Slurpuff
|-damage|p2a: Slurpuff|156\/312
|-setboost|p2a: Slurpuff|atk|6|[from] move: Belly Drum
|-enditem|p2a: Slurpuff|Sitrus Berry|[eat]
|-heal|p2a: Slurpuff|234\/312|[from] item: Sitrus Berry
|
|turn|12
|
|switch|p1a: SirKrookodile|Krookodile, M, shiny|375\/375
|-damage|p1a: SirKrookodile|352\/375|[from] Stealth Rock
|-ability|p1a: SirKrookodile|Intimidate|[of] p2a: Slurpuff
|-unboost|p2a: Slurpuff|atk|1
|move|p2a: Slurpuff|Play Rough|p1a: SirKrookodile
|-supereffective|p1a: SirKrookodile
|-damage|p1a: SirKrookodile|0 fnt
|faint|p1a: SirKrookodile
|
|
|switch|p1a: Franky|Blastoise-Mega, F|308\/351
|-damage|p1a: Franky|265\/351|[from] Stealth Rock
|turn|13
|
|move|p2a: Slurpuff|Play Rough|p1a: Franky
|-damage|p1a: Franky|0 fnt
|faint|p1a: Franky
|
|-message|Mydonut forfeited.
|
|win|oioirnambe
|raw|Ladder updating...
|raw|Mydonut's rating: 1598 &rarr; <strong>1573<\/strong><br \/>(-25 for losing)
|raw|oioirnambe's rating: 1525 &rarr; <strong>1549<\/strong><br \/>(+24 for winning)
|c|âoioirnambe|gg