|join|Mydonut
|join|Bob the Bro
|player|p1|Mydonut|169
|player|p2|Bob the Bro|183
|gametype|singles
|gen|6
|tier|UU
|rated
|rule|Sleep Clause Mod: Limit one foe put to sleep
|rule|Species Clause: Limit one of each PokÃ©mon
|rule|OHKO Clause: OHKO moves are banned
|rule|Moody Clause: Moody is banned
|rule|Evasion Moves Clause: Evasion moves are banned
|rule|Endless Battle Clause: Forcing endless battles is banned
|rule|HP Percentage Mod: HP is reported as percentages
|clearpoke
|poke|p1|Scrafty, M
|poke|p1|Jirachi, shiny
|poke|p1|Weezing, F
|poke|p1|Blastoise, F
|poke|p1|Donphan, F
|poke|p1|Rotom-Heat
|poke|p2|Heracross, M
|poke|p2|Crobat, M
|poke|p2|Aggron, M
|poke|p2|Florges, F
|poke|p2|Alomomola, F
|poke|p2|Lucario, F
|rule|Swagger Clause: Swagger is banned
|rule|Baton Pass Clause: Limit one PokÃ©mon knowing Baton Pass
|teampreview
|
|start
|switch|p1a: Rotom-Heat|Rotom-Heat|241\/241
|switch|p2a: Aggron|Aggron, M|344\/344
|turn|1
|
|move|p1a: Rotom-Heat|Volt Switch|p2a: Aggron
|-damage|p2a: Aggron|241\/344
|
|switch|p1a: Take it Weezy|Weezing, F|334\/334
|move|p2a: Aggron|Metal Burst|p1a: Take it Weezy
|-damage|p1a: Take it Weezy|180\/334
|
|-heal|p1a: Take it Weezy|200\/334|[from] item: Black Sludge
|turn|2
|chat|Bob the Bro|wanna hurry up
|
|switch|p2a: Heracross|Heracross, M|302\/302
|move|p1a: Take it Weezy|Will-O-Wisp|p2a: Heracross
|-status|p2a: Heracross|brn
|
|-heal|p1a: Take it Weezy|220\/334|[from] item: Black Sludge
|-damage|p2a: Heracross|265\/302 brn|[from] brn
|turn|3
|
|move|p2a: Heracross|Knock Off|p1a: Take it Weezy
|-damage|p1a: Take it Weezy|67\/334
|-enditem|p1a: Take it Weezy|Black Sludge|[from] move: Knock Off|[of] p2a: Heracross
|move|p1a: Take it Weezy|Flamethrower|p2a: Heracross
|-supereffective|p2a: Heracross
|-damage|p2a: Heracross|131\/302 brn
|
|-damage|p2a: Heracross|94\/302 brn|[from] brn
|turn|4
|
|move|p2a: Heracross|Knock Off|p1a: Take it Weezy
|-damage|p1a: Take it Weezy|0 fnt
|faint|p1a: Take it Weezy
|
|-damage|p2a: Heracross|57\/302 brn|[from] brn
|
|switch|p1a: Rotom-Heat|Rotom-Heat|241\/241
|turn|5
|
|switch|p2a: Florges|Florges, F|360\/360
|move|p1a: Rotom-Heat|Volt Switch|p2a: Florges
|-damage|p2a: Florges|293\/360
|
|switch|p1a: Mo|Jirachi, shiny|404\/404
|
|-heal|p2a: Florges|315\/360|[from] item: Leftovers
|turn|6
|
|switch|p2a: Aggron|Aggron, M|241\/344
|move|p1a: Mo|Thunder Wave|p2a: Aggron
|-status|p2a: Aggron|par
|
|turn|7
|
|detailschange|p2a: Aggron|Aggron-Mega, M
|message|Aggron has Mega Evolved into Mega Aggron!
|move|p1a: Mo|Reflect|p1a: Mo
|-sidestart|p1: Mydonut|Reflect
|cant|p2a: Aggron|par
|
|turn|8
|
|switch|p1a: Donphan|Donphan, F|384\/384
|move|p2a: Aggron|Stealth Rock|p1a: Donphan
|-sidestart|p1: Mydonut|move: Stealth Rock
|
|turn|9
|
|switch|p2a: Alomomola|Alomomola, F|534\/534
|move|p1a: Donphan|Stealth Rock|p2a: Alomomola
|-sidestart|p2: Bob the Bro|move: Stealth Rock
|
|turn|10
|
|switch|p1a: Big Boi|Blastoise, F|362\/362
|-damage|p1a: Big Boi|317\/362|[from] Stealth Rock
|move|p2a: Alomomola|Toxic|p1a: Big Boi|[miss]
|-miss|p2a: Alomomola|p1a: Big Boi
|
|turn|11
|
|detailschange|p1a: Big Boi|Blastoise-Mega, F
|message|Blastoise has Mega Evolved into Mega Blastoise!
|move|p1a: Big Boi|Dark Pulse|p2a: Alomomola
|-damage|p2a: Alomomola|211\/534
|move|p2a: Alomomola|Toxic|p1a: Big Boi
|-status|p1a: Big Boi|tox
|
|-damage|p1a: Big Boi|295\/362 tox|[from] psn
|-sideend|p1: Mydonut|Reflect
|turn|12
|
|switch|p1a: Mo|Jirachi, shiny|404\/404
|-damage|p1a: Mo|379\/404|[from] Stealth Rock
|switch|p2a: Florges|Florges, F|315\/360
|-damage|p2a: Florges|270\/360|[from] Stealth Rock
|
|-heal|p1a: Mo|404\/404|[from] item: Leftovers
|-heal|p2a: Florges|292\/360|[from] item: Leftovers
|turn|13
|
|move|p2a: Florges|Protect|p2a: Florges
|-singleturn|p2a: Florges|Protect
|move|p1a: Mo|Iron Head|p2a: Florges
|-activate|p2a: Florges|Protect
|
|-heal|p2a: Florges|314\/360|[from] item: Leftovers
|turn|14
|
|switch|p2a: Alomomola|Alomomola, F|389\/534
|-damage|p2a: Alomomola|323\/534|[from] Stealth Rock
|move|p1a: Mo|Reflect|p1a: Mo
|-sidestart|p1: Mydonut|Reflect
|
|turn|15
|
|move|p1a: Mo|Thunder Wave|p2a: Alomomola
|-status|p2a: Alomomola|par
|move|p2a: Alomomola|Wish|p2a: Alomomola
|
|turn|16
|
|switch|p2a: Aggron|Aggron-Mega, M|241\/344 par
|-damage|p2a: Aggron|220\/344 par|[from] Stealth Rock
|move|p1a: Mo|Wish|p1a: Mo
|
|-heal|p2a: Aggron|344\/344 par|[from] move: Wish|[wisher] Alomomola
|turn|17
|
|switch|p1a: Rotom-Heat|Rotom-Heat|241\/241
|-damage|p1a: Rotom-Heat|181\/241|[from] Stealth Rock
|move|p2a: Aggron|Roar|p1a: Rotom-Heat
|drag|p1a: Not Callum|Scrafty, M|334\/334
|-damage|p1a: Not Callum|314\/334|[from] Stealth Rock
|-ability|p1a: Not Callum|Intimidate|[of] p2a: Aggron
|-unboost|p2a: Aggron|atk|1
|
|-heal|p1a: Not Callum|334\/334|[from] move: Wish|[wisher] Mo
|turn|18
|
|switch|p2a: Crobat|Crobat, M|311\/311
|-damage|p2a: Crobat|234\/311|[from] Stealth Rock
|move|p1a: Not Callum|Drain Punch|p2a: Crobat
|-resisted|p2a: Crobat
|-damage|p2a: Crobat|206\/311
|
|-heal|p2a: Crobat|225\/311|[from] item: Black Sludge
|-sideend|p1: Mydonut|Reflect
|turn|19
|
|switch|p1a: Mo|Jirachi, shiny|404\/404
|-damage|p1a: Mo|379\/404|[from] Stealth Rock
|move|p2a: Crobat|Defog|p1a: Mo
|-unboost|p1a: Mo|evasion|1
|-sideend|p1: Mydonut|Stealth Rock|[from] move: Defog|[of] p1a: Mo
|-sideend|p2: Bob the Bro|Stealth Rock|[from] move: Defog|[of] p2a: Crobat
|
|-heal|p2a: Crobat|244\/311|[from] item: Black Sludge
|-heal|p1a: Mo|404\/404|[from] item: Leftovers
|turn|20
|
|move|p2a: Crobat|U-turn|p1a: Mo
|-damage|p1a: Mo|339\/404
|
|switch|p2a: Lucario|Lucario, F|282\/282
|move|p1a: Mo|Thunder Wave|p2a: Lucario
|-status|p2a: Lucario|par
|
|-heal|p1a: Mo|364\/404|[from] item: Leftovers
|turn|21
|
|switch|p2a: Alomomola|Alomomola, F|501\/534 par
|move|p1a: Mo|Reflect|p1a: Mo
|-sidestart|p1: Mydonut|Reflect
|
|-heal|p1a: Mo|389\/404|[from] item: Leftovers
|turn|22
|
|move|p1a: Mo|Wish|p1a: Mo
|move|p2a: Alomomola|Scald|p1a: Mo
|-damage|p1a: Mo|350\/404
|
|-heal|p1a: Mo|375\/404|[from] item: Leftovers
|turn|23
|
|switch|p1a: Rotom-Heat|Rotom-Heat|181\/241
|move|p2a: Alomomola|Toxic|p1a: Rotom-Heat
|-status|p1a: Rotom-Heat|tox
|
|-heal|p1a: Rotom-Heat|241\/241 tox|[from] move: Wish|[wisher] Mo
|-damage|p1a: Rotom-Heat|226\/241 tox|[from] psn
|turn|24
|
|switch|p2a: Florges|Florges, F|314\/360
|move|p1a: Rotom-Heat|Trick|p2a: Florges
|-activate|p1a: Rotom-Heat|move: Trick|[of] p2a: Florges
|-item|p2a: Florges|Choice Scarf|[from] move: Trick
|-item|p1a: Rotom-Heat|Leftovers|[from] move: Trick
|
|-heal|p1a: Rotom-Heat|241\/241 tox|[from] item: Leftovers
|-damage|p1a: Rotom-Heat|211\/241 tox|[from] psn
|turn|25
|
|move|p1a: Rotom-Heat|Volt Switch|p2a: Florges
|-damage|p2a: Florges|250\/360
|
|switch|p1a: Mo|Jirachi, shiny|375\/404
|move|p2a: Florges|Aromatherapy|p2a: Florges
|-cureteam|p2a: Florges|[from] move: Aromatherapy
|
|-heal|p1a: Mo|400\/404|[from] item: Leftovers
|-sideend|p1: Mydonut|Reflect
|turn|26
|
|switch|p2a: Alomomola|Alomomola, F|534\/534
|move|p1a: Mo|Thunder Wave|p2a: Alomomola
|-status|p2a: Alomomola|par
|
|-heal|p1a: Mo|404\/404|[from] item: Leftovers
|turn|27
|
|move|p1a: Mo|Wish|p1a: Mo
|move|p2a: Alomomola|Wish|p2a: Alomomola
|
|turn|28
|
|move|p1a: Mo|Reflect|p1a: Mo
|-sidestart|p1: Mydonut|Reflect
|move|p2a: Alomomola|Scald|p1a: Mo
|-damage|p1a: Mo|368\/404
|
|-heal|p1a: Mo|404\/404|[from] move: Wish|[wisher] Mo
|turn|29
|
|switch|p1a: Rotom-Heat|Rotom-Heat|211\/241 tox
|move|p2a: Alomomola|Scald|p1a: Rotom-Heat
|-supereffective|p1a: Rotom-Heat
|-damage|p1a: Rotom-Heat|121\/241 tox
|
|-heal|p1a: Rotom-Heat|136\/241 tox|[from] item: Leftovers
|-damage|p1a: Rotom-Heat|121\/241 tox|[from] psn
|turn|30
|
|move|p1a: Rotom-Heat|Volt Switch|p2a: Alomomola
|-supereffective|p2a: Alomomola
|-damage|p2a: Alomomola|108\/534 par
|
|switch|p1a: Mo|Jirachi, shiny|404\/404
|cant|p2a: Alomomola|par
|
|turn|31
|
|move|p1a: Mo|Iron Head|p2a: Alomomola
|-resisted|p2a: Alomomola
|-damage|p2a: Alomomola|71\/534 par
|-damage|p1a: Mo|337\/404|[from] item: Rocky Helmet|[of] p2a: Alomomola
|cant|p2a: Alomomola|flinch
|
|-heal|p1a: Mo|362\/404|[from] item: Leftovers
|turn|32
|
|switch|p2a: Aggron|Aggron-Mega, M|344\/344
|move|p1a: Mo|Iron Head|p2a: Aggron
|-resisted|p2a: Aggron
|-damage|p2a: Aggron|323\/344
|
|-heal|p1a: Mo|387\/404|[from] item: Leftovers
|-sideend|p1: Mydonut|Reflect
|turn|33
|
|switch|p2a: Alomomola|Alomomola, F|249\/534 par
|move|p1a: Mo|Thunder Wave|p2a: Alomomola
|-fail|p2a: Alomomola|par
|
|-heal|p1a: Mo|404\/404|[from] item: Leftovers
|turn|34
|
|move|p1a: Mo|Wish|p1a: Mo
|cant|p2a: Alomomola|par
|
|turn|35
|
|switch|p1a: Rotom-Heat|Rotom-Heat|121\/241 tox
|move|p2a: Alomomola|Scald|p1a: Rotom-Heat
|-supereffective|p1a: Rotom-Heat
|-damage|p1a: Rotom-Heat|29\/241 tox
|
|-heal|p1a: Rotom-Heat|231\/241 tox|[from] move: Wish|[wisher] Mo
|-heal|p1a: Rotom-Heat|241\/241 tox|[from] item: Leftovers
|-damage|p1a: Rotom-Heat|226\/241 tox|[from] psn
|turn|36
|
|switch|p2a: Florges|Florges, F|250\/360
|move|p1a: Rotom-Heat|Volt Switch|p2a: Florges
|-damage|p2a: Florges|190\/360
|
|switch|p1a: Donphan|Donphan, F|384\/384
|
|turn|37
|
|move|p2a: Florges|Wish|p2a: Florges
|move|p1a: Donphan|Stealth Rock|p2a: Florges
|-sidestart|p2: Bob the Bro|move: Stealth Rock
|
|turn|38
|
|switch|p2a: Crobat|Crobat, M|244\/311
|-damage|p2a: Crobat|167\/311|[from] Stealth Rock
|move|p1a: Donphan|Roar|p2a: Crobat
|drag|p2a: Heracross|Heracross, M|57\/302
|-damage|p2a: Heracross|20\/302|[from] Stealth Rock
|
|-heal|p2a: Heracross|200\/302|[from] move: Wish|[wisher] Florges
|turn|39
|
|move|p2a: Heracross|Knock Off|p1a: Donphan
|-damage|p1a: Donphan|243\/384
|-enditem|p1a: Donphan|Leftovers|[from] move: Knock Off|[of] p2a: Heracross
|move|p1a: Donphan|Roar|p2a: Heracross
|drag|p2a: Crobat|Crobat, M|167\/311
|-damage|p2a: Crobat|90\/311|[from] Stealth Rock
|
|-heal|p2a: Crobat|109\/311|[from] item: Black Sludge
|turn|40
|
|move|p1a: Donphan|Ice Shard|p2a: Crobat
|-supereffective|p2a: Crobat
|-damage|p2a: Crobat|0 fnt
|faint|p2a: Crobat
|
|
|switch|p2a: Alomomola|Alomomola, F|427\/534 par
|-damage|p2a: Alomomola|361\/534 par|[from] Stealth Rock
|turn|41
|
|switch|p1a: Rotom-Heat|Rotom-Heat|226\/241 tox
|move|p2a: Alomomola|Scald|p1a: Rotom-Heat
|-supereffective|p1a: Rotom-Heat
|-damage|p1a: Rotom-Heat|142\/241 tox
|
|-heal|p1a: Rotom-Heat|157\/241 tox|[from] item: Leftovers
|-damage|p1a: Rotom-Heat|142\/241 tox|[from] psn
|turn|42
|
|switch|p2a: Florges|Florges, F|190\/360
|-damage|p2a: Florges|145\/360|[from] Stealth Rock
|move|p1a: Rotom-Heat|Volt Switch|p2a: Florges
|-damage|p2a: Florges|81\/360
|
|switch|p1a: Donphan|Donphan, F|243\/384
|
|turn|43
|
|switch|p1a: Mo|Jirachi, shiny|404\/404
|move|p2a: Florges|Wish|p2a: Florges
|
|turn|44
|
|switch|p2a: Alomomola|Alomomola, F|534\/534 par
|-damage|p2a: Alomomola|468\/534 par|[from] Stealth Rock
|move|p1a: Mo|Reflect|p1a: Mo
|-sidestart|p1: Mydonut|Reflect
|
|-heal|p2a: Alomomola|534\/534 par|[from] move: Wish|[wisher] Florges
|turn|45
|
|move|p1a: Mo|Wish|p1a: Mo
|move|p2a: Alomomola|Scald|p1a: Mo
|-damage|p1a: Mo|368\/404
|
|-heal|p1a: Mo|393\/404|[from] item: Leftovers
|turn|46
|
|switch|p1a: Rotom-Heat|Rotom-Heat|142\/241 tox
|move|p2a: Alomomola|Wish|p2a: Alomomola
|
|-heal|p1a: Rotom-Heat|241\/241 tox|[from] move: Wish|[wisher] Mo
|-damage|p1a: Rotom-Heat|226\/241 tox|[from] psn
|turn|47
|
|switch|p2a: Aggron|Aggron-Mega, M|323\/344
|-damage|p2a: Aggron|302\/344|[from] Stealth Rock
|move|p1a: Rotom-Heat|Volt Switch|p2a: Aggron
|-damage|p2a: Aggron|211\/344
|
|switch|p1a: Not Callum|Scrafty, M|334\/334
|-ability|p1a: Not Callum|Intimidate|[of] p2a: Aggron
|-unboost|p2a: Aggron|atk|1
|
|-heal|p2a: Aggron|344\/344|[from] move: Wish|[wisher] Alomomola
|turn|48
|
|move|p1a: Not Callum|Power-Up Punch|p2a: Aggron
|-supereffective|p2a: Aggron
|-damage|p2a: Aggron|307\/344
|-boost|p1a: Not Callum|atk|1
|move|p2a: Aggron|Stealth Rock|p1a: Not Callum
|-sidestart|p1: Mydonut|move: Stealth Rock
|
|-sideend|p1: Mydonut|Reflect
|turn|49
|
|move|p1a: Not Callum|Drain Punch|p2a: Aggron
|-supereffective|p2a: Aggron
|-damage|p2a: Aggron|199\/344
|move|p2a: Aggron|Roar|p1a: Not Callum
|drag|p1a: Rotom-Heat|Rotom-Heat|226\/241 tox
|-damage|p1a: Rotom-Heat|166\/241 tox|[from] Stealth Rock
|
|-heal|p1a: Rotom-Heat|181\/241 tox|[from] item: Leftovers
|-damage|p1a: Rotom-Heat|166\/241 tox|[from] psn
|turn|50
|
|switch|p2a: Florges|Florges, F|81\/360
|-damage|p2a: Florges|36\/360|[from] Stealth Rock
|move|p1a: Rotom-Heat|Volt Switch|p2a: Florges
|-damage|p2a: Florges|0 fnt
|faint|p2a: Florges
|
|switch|p1a: Big Boi|Blastoise-Mega, F|295\/362 tox
|-damage|p1a: Big Boi|250\/362 tox|[from] Stealth Rock
|
|-damage|p1a: Big Boi|228\/362 tox|[from] psn
|
|switch|p2a: Heracross|Heracross, M|200\/302
|-damage|p2a: Heracross|163\/302|[from] Stealth Rock
|turn|51
|
|move|p2a: Heracross|Close Combat|p1a: Big Boi
|-damage|p1a: Big Boi|0 fnt
|-unboost|p2a: Heracross|def|1
|-unboost|p2a: Heracross|spd|1
|faint|p1a: Big Boi
|
|
|switch|p1a: Rotom-Heat|Rotom-Heat|166\/241 tox
|-damage|p1a: Rotom-Heat|106\/241 tox|[from] Stealth Rock
|turn|52
|
|switch|p2a: Aggron|Aggron-Mega, M|199\/344
|-damage|p2a: Aggron|178\/344|[from] Stealth Rock
|move|p1a: Rotom-Heat|Volt Switch|p2a: Aggron
|-damage|p2a: Aggron|84\/344
|
|switch|p1a: Donphan|Donphan, F|243\/384
|-damage|p1a: Donphan|219\/384|[from] Stealth Rock
|
|turn|53
|
|switch|p2a: Alomomola|Alomomola, F|534\/534 par
|-damage|p2a: Alomomola|468\/534 par|[from] Stealth Rock
|move|p1a: Donphan|Earthquake|p2a: Alomomola
|-damage|p2a: Alomomola|321\/534 par
|
|turn|54
|
|switch|p1a: Mo|Jirachi, shiny|393\/404
|-damage|p1a: Mo|368\/404|[from] Stealth Rock
|move|p2a: Alomomola|Wish|p2a: Alomomola
|
|-heal|p1a: Mo|393\/404|[from] item: Leftovers
|turn|55
|
|switch|p2a: Aggron|Aggron-Mega, M|84\/344
|-damage|p2a: Aggron|63\/344|[from] Stealth Rock
|move|p1a: Mo|Reflect|p1a: Mo
|-sidestart|p1: Mydonut|Reflect
|
|-heal|p2a: Aggron|330\/344|[from] move: Wish|[wisher] Alomomola
|-heal|p1a: Mo|404\/404|[from] item: Leftovers
|turn|56
|
|move|p1a: Mo|Thunder Wave|p2a: Aggron
|-status|p2a: Aggron|par
|move|p2a: Aggron|Roar|p1a: Mo
|drag|p1a: Not Callum|Scrafty, M|334\/334
|-damage|p1a: Not Callum|314\/334|[from] Stealth Rock
|-ability|p1a: Not Callum|Intimidate|[of] p2a: Aggron
|-unboost|p2a: Aggron|atk|1
|
|turn|57
|
|switch|p2a: Heracross|Heracross, M|163\/302
|-damage|p2a: Heracross|126\/302|[from] Stealth Rock
|move|p1a: Not Callum|Drain Punch|p2a: Heracross
|-crit|p2a: Heracross
|-resisted|p2a: Heracross
|-damage|p2a: Heracross|37\/302
|-heal|p1a: Not Callum|334\/334|[from] drain|[of] p2a: Heracross
|
|turn|58
|
|move|p2a: Heracross|Close Combat|p1a: Not Callum
|-supereffective|p1a: Not Callum
|-damage|p1a: Not Callum|85\/334
|-unboost|p2a: Heracross|def|1
|-unboost|p2a: Heracross|spd|1
|move|p1a: Not Callum|Knock Off|p2a: Heracross
|-resisted|p2a: Heracross
|-damage|p2a: Heracross|0 fnt
|-enditem|p2a: Heracross|Choice Band|[from] move: Knock Off|[of] p1a: Not Callum
|faint|p2a: Heracross
|
|
|switch|p2a: Lucario|Lucario, F|282\/282
|-damage|p2a: Lucario|274\/282|[from] Stealth Rock
|turn|59
|chat|Bob the Bro|hurry up faggot
|
|switch|p1a: Mo|Jirachi, shiny|404\/404
|-damage|p1a: Mo|379\/404|[from] Stealth Rock
|move|p2a: Lucario|Close Combat|p1a: Mo
|-damage|p1a: Mo|254\/404
|-unboost|p2a: Lucario|def|1
|-unboost|p2a: Lucario|spd|1
|-damage|p2a: Lucario|246\/282|[from] item: Life Orb
|
|-heal|p1a: Mo|279\/404|[from] item: Leftovers
|-sideend|p1: Mydonut|Reflect
|turn|60
|
|move|p2a: Lucario|Crunch|p1a: Mo
|-supereffective|p1a: Mo
|-damage|p1a: Mo|58\/404
|-damage|p2a: Lucario|218\/282|[from] item: Life Orb
|move|p1a: Mo|Thunder Wave|p2a: Lucario
|-status|p2a: Lucario|par
|
|-heal|p1a: Mo|83\/404|[from] item: Leftovers
|turn|61
|
|move|p1a: Mo|Wish|p1a: Mo
|move|p2a: Lucario|Close Combat|p1a: Mo
|-damage|p1a: Mo|0 fnt
|-unboost|p2a: Lucario|def|1
|-unboost|p2a: Lucario|spd|1
|-damage|p2a: Lucario|190\/282 par|[from] item: Life Orb
|faint|p1a: Mo
|
|
|switch|p1a: Not Callum|Scrafty, M|85\/334
|-damage|p1a: Not Callum|65\/334|[from] Stealth Rock
|-ability|p1a: Not Callum|Intimidate|[of] p2a: Lucario
|-unboost|p2a: Lucario|atk|1
|turn|62
|
|switch|p1a: Donphan|Donphan, F|219\/384
|-damage|p1a: Donphan|195\/384|[from] Stealth Rock
|move|p2a: Lucario|Extreme Speed|p1a: Donphan
|-damage|p1a: Donphan|131\/384
|-damage|p2a: Lucario|162\/282 par|[from] item: Life Orb
|
|-heal|p1a: Donphan|333\/384|[from] move: Wish|[wisher] Mo
|turn|63
|
|switch|p2a: Alomomola|Alomomola, F|499\/534 par
|-damage|p2a: Alomomola|433\/534 par|[from] Stealth Rock
|move|p1a: Donphan|Earthquake|p2a: Alomomola
|-damage|p2a: Alomomola|271\/534 par
|
|turn|64
|
|move|p1a: Donphan|Earthquake|p2a: Alomomola
|-crit|p2a: Alomomola
|-damage|p2a: Alomomola|37\/534 par
|move|p2a: Alomomola|Wish|p2a: Alomomola
|
|turn|65
|
|switch|p2a: Aggron|Aggron-Mega, M|330\/344 par
|-damage|p2a: Aggron|309\/344 par|[from] Stealth Rock
|move|p1a: Donphan|Earthquake|p2a: Aggron
|-supereffective|p2a: Aggron
|-damage|p2a: Aggron|173\/344 par
|
|-heal|p2a: Aggron|344\/344 par|[from] move: Wish|[wisher] Alomomola
|turn|66
|
|move|p1a: Donphan|Earthquake|p2a: Aggron
|-supereffective|p2a: Aggron
|-damage|p2a: Aggron|203\/344 par
|move|p2a: Aggron|Metal Burst|p1a: Donphan
|-damage|p1a: Donphan|122\/384
|
|turn|67
|
|cant|p2a: Aggron|par
|move|p1a: Donphan|Roar|p2a: Aggron
|drag|p2a: Lucario|Lucario, F|162\/282 par
|-damage|p2a: Lucario|154\/282 par|[from] Stealth Rock
|
|turn|68
|
|move|p2a: Lucario|Extreme Speed|p1a: Donphan
|-damage|p1a: Donphan|19\/384
|-damage|p2a: Lucario|126\/282 par|[from] item: Life Orb
|move|p1a: Donphan|Earthquake|p2a: Lucario
|-supereffective|p2a: Lucario
|-damage|p2a: Lucario|0 fnt
|faint|p2a: Lucario
|
|
|switch|p2a: Aggron|Aggron-Mega, M|203\/344 par
|-damage|p2a: Aggron|182\/344 par|[from] Stealth Rock
|turn|69
|
|move|p1a: Donphan|Earthquake|p2a: Aggron
|-supereffective|p2a: Aggron
|-damage|p2a: Aggron|59\/344 par
|move|p2a: Aggron|Roar|p1a: Donphan
|drag|p1a: Not Callum|Scrafty, M|65\/334
|-damage|p1a: Not Callum|45\/334|[from] Stealth Rock
|-ability|p1a: Not Callum|Intimidate|[of] p2a: Aggron
|-unboost|p2a: Aggron|atk|1
|
|turn|70
|
|switch|p2a: Alomomola|Alomomola, F|215\/534 par
|-damage|p2a: Alomomola|149\/534 par|[from] Stealth Rock
|move|p1a: Not Callum|Drain Punch|p2a: Alomomola
|-damage|p2a: Alomomola|73\/534 par
|-heal|p1a: Not Callum|83\/334|[from] drain|[of] p2a: Alomomola
|-damage|p1a: Not Callum|28\/334|[from] item: Rocky Helmet|[of] p2a: Alomomola
|
|turn|71
|
|move|p1a: Not Callum|Knock Off|p2a: Alomomola
|-damage|p2a: Alomomola|0 fnt
|-damage|p1a: Not Callum|0 fnt|[from] item: Rocky Helmet|[of] p2a: Alomomola
|faint|p2a: Alomomola
|faint|p1a: Not Callum
|
|
|switch|p1a: Rotom-Heat|Rotom-Heat|106\/241 tox
|-damage|p1a: Rotom-Heat|46\/241 tox|[from] Stealth Rock
|switch|p2a: Aggron|Aggron-Mega, M|59\/344 par
|-damage|p2a: Aggron|38\/344 par|[from] Stealth Rock
|turn|72
|
|move|p1a: Rotom-Heat|Volt Switch|p2a: Aggron
|-damage|p2a: Aggron|0 fnt
|faint|p2a: Aggron
|
|win|Mydonut
|raw|Ladder updating...
|raw|Mydonut's rating: 1424 &rarr; <strong>1445<\/strong><br \/>(+21 for winning)
|raw|Bob the Bro's rating: 1442 &rarr; <strong>1421<\/strong><br \/>(-21 for losing)
|leave|Bob the Bro
|player|p2