|join|Mydonut
|join|dad tina
|player|p1|Mydonut|153
|player|p2|dad tina|265
|gametype|singles
|gen|6
|tier|UU
|rated
|rule|Sleep Clause Mod: Limit one foe put to sleep
|rule|Species Clause: Limit one of each PokÃ©mon
|rule|OHKO Clause: OHKO moves are banned
|rule|Moody Clause: Moody is banned
|rule|Evasion Moves Clause: Evasion moves are banned
|rule|Endless Battle Clause: Forcing endless battles is banned
|rule|HP Percentage Mod: HP is shown in percentages
|clearpoke
|poke|p1|Hitmonlee, M
|poke|p1|Darmanitan, F
|poke|p1|Aerodactyl, F
|poke|p1|Alakazam, M
|poke|p1|Rotom-Mow
|poke|p1|Swampert, F
|poke|p2|Froslass, F
|poke|p2|Jirachi
|poke|p2|Starmie
|poke|p2|Ampharos, F
|poke|p2|Hydreigon, M
|poke|p2|Crobat, M
|rule|Swagger Clause: Swagger is banned
|rule|Baton Pass Clause: Limit one PokÃ©mon knowing Baton Pass
|teampreview
|
|start
|switch|p1a: Aerodactyl|Aerodactyl, F|302\/302
|switch|p2a: ophelia|Froslass, F|344\/344
|-ability|p1a: Aerodactyl|Pressure
|turn|1
|
|detailschange|p1a: Aerodactyl|Aerodactyl-Mega, F
|message|Aerodactyl has Mega Evolved into Mega Aerodactyl!
|move|p1a: Aerodactyl|Taunt|p2a: ophelia
|-start|p2a: ophelia|move: Taunt
|cant|p2a: ophelia|move: Taunt|Taunt
|
|turn|2
|
|switch|p2a: polonius|Jirachi|341\/341
|move|p1a: Aerodactyl|Aerial Ace|p2a: polonius
|-resisted|p2a: polonius
|-damage|p2a: polonius|274\/341
|
|turn|3
|
|switch|p1a: Swampert|Swampert, F|404\/404
|move|p2a: polonius|U-turn|p1a: Swampert
|-damage|p1a: Swampert|346\/404
|
|switch|p2a: ophelia|Froslass, F|344\/344
|
|-heal|p1a: Swampert|371\/404|[from] item: Leftovers
|turn|4
|
|move|p2a: ophelia|Taunt|p1a: Swampert
|-start|p1a: Swampert|move: Taunt
|move|p1a: Swampert|Scald|p2a: ophelia
|-damage|p2a: ophelia|236\/344
|-start|p1a: Swampert|Disable|Scald
|
|-heal|p1a: Swampert|396\/404|[from] item: Leftovers
|turn|5
|
|switch|p1a: Rotom-Mow|Rotom-Mow|241\/241
|move|p2a: ophelia|Spikes|p1a: Rotom-Mow
|-sidestart|p1: Mydonut|Spikes
|
|turn|6
|
|move|p1a: Rotom-Mow|Volt Switch|p2a: ophelia
|-damage|p2a: ophelia|86\/344
|
|switch|p1a: Aerodactyl|Aerodactyl-Mega, F|302\/302
|move|p2a: ophelia|Destiny Bond|p2a: ophelia
|-singlemove|p2a: ophelia|Destiny Bond
|
|turn|7
|
|switch|p2a: polonius|Jirachi|274\/341
|move|p1a: Aerodactyl|Taunt|p2a: polonius
|-start|p2a: polonius|move: Taunt
|
|turn|8
|
|switch|p1a: Swampert|Swampert, F|396\/404
|-damage|p1a: Swampert|346\/404|[from] Spikes
|move|p2a: polonius|Iron Head|p1a: Swampert
|-resisted|p1a: Swampert
|-damage|p1a: Swampert|297\/404
|
|-heal|p1a: Swampert|322\/404|[from] item: Leftovers
|turn|9
|
|switch|p2a: hamlet|Hydreigon, M|325\/325
|move|p1a: Swampert|Stealth Rock|p2a: hamlet
|-sidestart|p2: dad tina|move: Stealth Rock
|
|-heal|p1a: Swampert|347\/404|[from] item: Leftovers
|turn|10
|
|switch|p1a: Aerodactyl|Aerodactyl-Mega, F|302\/302
|move|p2a: hamlet|Dark Pulse|p1a: Aerodactyl
|-damage|p1a: Aerodactyl|133\/302
|-damage|p2a: hamlet|293\/325|[from] item: Life Orb
|
|turn|11
|
|move|p1a: Aerodactyl|Stone Edge|p2a: hamlet
|-damage|p2a: hamlet|70\/325
|move|p2a: hamlet|Dark Pulse|p1a: Aerodactyl
|-damage|p1a: Aerodactyl|0 fnt
|-damage|p2a: hamlet|38\/325|[from] item: Life Orb
|faint|p1a: Aerodactyl
|
|
|switch|p1a: Rotom-Mow|Rotom-Mow|241\/241
|turn|12
|
|move|p1a: Rotom-Mow|Volt Switch|p2a: hamlet
|-resisted|p2a: hamlet
|-damage|p2a: hamlet|0 fnt
|faint|p2a: hamlet
|
|switch|p1a: Hitmonlee|Hitmonlee, M|242\/242
|-damage|p1a: Hitmonlee|212\/242|[from] Spikes
|
|
|switch|p2a: laertes|Crobat, M|374\/374
|-damage|p2a: laertes|281\/374|[from] Stealth Rock
|turn|13
|
|move|p1a: Hitmonlee|Fake Out|p2a: laertes
|-enditem|p1a: Hitmonlee|Normal Gem|[from] gem|[move] Fake Out
|-crit|p2a: laertes
|-damage|p2a: laertes|164\/374
|move|p2a: laertes|Brave Bird|p1a: Hitmonlee
|-supereffective|p1a: Hitmonlee
|-damage|p1a: Hitmonlee|0 fnt
|-damage|p2a: laertes|94\/374|[from] recoil|[of] p1a: Hitmonlee
|faint|p1a: Hitmonlee
|
|-heal|p2a: laertes|117\/374|[from] item: Black Sludge
|c|âMydonut|wat?
|
|switch|p1a: Rotom-Mow|Rotom-Mow|241\/241
|turn|14
|c|âdad tina|reading is hard
|c|âdad tina|!data infiltrator
|c|~|\/data-ability Infiltrator

|c|âMydonut|no way
|c|âdad tina|wait
|c|âdad tina|!data inner focus
|c|~|\/data-ability Inner Focus

|c|âdad tina|like i said
|c|âMydonut|who the fuck uses infiltrator?
|c|âdad tina|reading is hard
|c|âdad tina|ME NERD
|c|âMydonut|you use inner focus bitch
|c|âdad tina|right bu tyou meant inner focus
|c|âdad tina|cuz i meant inner focus
|c|âdad tina|we're all on the same page here
|c|âMydonut|and you said you
|
|move|p1a: Rotom-Mow|Volt Switch|p2a: laertes
|-supereffective|p2a: laertes
|-damage|p2a: laertes|0 fnt
|faint|p2a: laertes
|c|âdad tina|aw i'm dumb
|
|switch|p1a: Swampert|Swampert, F|347\/404
|-damage|p1a: Swampert|297\/404|[from] Spikes
|
|-heal|p1a: Swampert|322\/404|[from] item: Leftovers
|c|âdad tina|this is a good game tho
|c|âdad tina|ew
|c|âdad tina|idk
|c|âMydonut|lol
|
|switch|p2a: gertrude|Starmie|324\/324
|-damage|p2a: gertrude|284\/324|[from] Stealth Rock
|turn|15
|
|move|p2a: gertrude|Psyshock|p1a: Swampert
|-damage|p1a: Swampert|247\/404
|move|p1a: Swampert|Earthquake|p2a: gertrude
|-damage|p2a: gertrude|125\/324
|
|-heal|p2a: gertrude|145\/324|[from] item: Leftovers
|-heal|p1a: Swampert|272\/404|[from] item: Leftovers
|turn|16
|c|âdad tina|G_G
|
|switch|p1a: Rotom-Mow|Rotom-Mow|241\/241
|move|p2a: gertrude|Rapid Spin|p1a: Rotom-Mow
|-damage|p1a: Rotom-Mow|230\/241
|-sideend|p2: dad tina|Stealth Rock|[from] move: Rapid Spin|[of] p2a: gertrude
|
|-heal|p2a: gertrude|165\/324|[from] item: Leftovers
|turn|17
|
|switch|p2a: claudius|Ampharos, F|384\/384
|move|p1a: Rotom-Mow|Volt Switch|p2a: claudius
|-resisted|p2a: claudius
|-damage|p2a: claudius|322\/384
|
|switch|p1a: Darmanitan|Darmanitan, F|352\/352
|-damage|p1a: Darmanitan|308\/352|[from] Spikes
|
|turn|18
|
|detailschange|p2a: claudius|Ampharos-Mega, F
|message|Ampharos has Mega Evolved into Mega Ampharos!
|-ability|p2a: claudius|Mold Breaker
|move|p1a: Darmanitan|Flare Blitz|p2a: claudius
|-resisted|p2a: claudius
|-damage|p2a: claudius|131\/384
|-damage|p1a: Darmanitan|245\/352|[from] recoil|[of] p2a: claudius
|move|p2a: claudius|Thunderbolt|p1a: Darmanitan
|-damage|p1a: Darmanitan|0 fnt
|faint|p1a: Darmanitan
|
|
|switch|p1a: Swampert|Swampert, F|272\/404
|-damage|p1a: Swampert|222\/404|[from] Spikes
|turn|19
|
|move|p1a: Swampert|Earthquake|p2a: claudius
|-supereffective|p2a: claudius
|-damage|p2a: claudius|0 fnt
|faint|p2a: claudius
|
|-heal|p1a: Swampert|247\/404|[from] item: Leftovers
|
|switch|p2a: ophelia|Froslass, F|86\/344
|turn|20
|
|move|p2a: ophelia|Destiny Bond|p2a: ophelia
|-singlemove|p2a: ophelia|Destiny Bond
|move|p1a: Swampert|Roar|p2a: ophelia
|drag|p2a: gertrude|Starmie|165\/324
|
|-heal|p2a: gertrude|185\/324|[from] item: Leftovers
|-heal|p1a: Swampert|272\/404|[from] item: Leftovers
|turn|21
|
|switch|p1a: Rotom-Mow|Rotom-Mow|230\/241
|move|p2a: gertrude|Scald|p1a: Rotom-Mow
|-resisted|p1a: Rotom-Mow
|-damage|p1a: Rotom-Mow|182\/241
|-status|p1a: Rotom-Mow|brn
|
|-heal|p2a: gertrude|205\/324|[from] item: Leftovers
|-damage|p1a: Rotom-Mow|152\/241 brn|[from] brn
|turn|22
|
|move|p1a: Rotom-Mow|Volt Switch|p2a: gertrude
|-supereffective|p2a: gertrude
|-damage|p2a: gertrude|0 fnt
|faint|p2a: gertrude
|
|switch|p1a: Alakazam|Alakazam, M|252\/252
|
|c|âdad tina|gg
|
|switch|p2a: polonius|Jirachi|274\/341
|turn|23
|
|switch|p1a: Swampert|Swampert, F|272\/404
|-damage|p1a: Swampert|222\/404|[from] Spikes
|move|p2a: polonius|U-turn|p1a: Swampert
|-damage|p1a: Swampert|170\/404
|
|switch|p2a: ophelia|Froslass, F|86\/344
|
|-heal|p1a: Swampert|195\/404|[from] item: Leftovers
|turn|24
|
|move|p2a: ophelia|Destiny Bond|p2a: ophelia
|-singlemove|p2a: ophelia|Destiny Bond
|move|p1a: Swampert|Scald|p2a: ophelia
|-damage|p2a: ophelia|0 fnt
|faint|p2a: ophelia
|-activate|p2a: ophelia|Destiny Bond
|faint|p1a: Swampert
|
|
|switch|p2a: polonius|Jirachi|274\/341
|switch|p1a: Rotom-Mow|Rotom-Mow|152\/241 brn
|turn|25
|
|move|p2a: polonius|Iron Head|p1a: Rotom-Mow
|-crit|p1a: Rotom-Mow
|-resisted|p1a: Rotom-Mow
|-damage|p1a: Rotom-Mow|69\/241 brn
|move|p1a: Rotom-Mow|Volt Switch|p2a: polonius
|-damage|p2a: polonius|174\/341
|
|switch|p1a: Alakazam|Alakazam, M|252\/252
|
|turn|26
|c|âdad tina|it's not impossible i guess
|c|âMydonut|well gg
|
|move|p2a: polonius|Iron Head|p1a: Alakazam
|-damage|p1a: Alakazam|24\/252
|cant|p1a: Alakazam|flinch
|
|turn|27
|
|move|p2a: polonius|Iron Head|p1a: Alakazam
|-damage|p1a: Alakazam|0 fnt
|faint|p1a: Alakazam
|
|c|âdad tina|orlly
|c|âdad tina|plzplz
|c|âdad tina|i pray often
|c|âMydonut|well if you use pieces of shit like this
|
|switch|p1a: Rotom-Mow|Rotom-Mow|69\/241 brn
|turn|28
|c|âdad tina|dont be mean
|c|âMydonut|you win any way
|
|move|p2a: polonius|Iron Head|p1a: Rotom-Mow
|-resisted|p1a: Rotom-Mow
|-damage|p1a: Rotom-Mow|11\/241 brn
|cant|p1a: Rotom-Mow|flinch
|
|-damage|p1a: Rotom-Mow|0 fnt|[from] brn
|faint|p1a: Rotom-Mow
|
|win|dad tina
|raw|Ladder updating...
|leave|Mydonut
|player|p1
|c|âdad tina|game 2 hard
|raw|Mydonut's rating: 1433 &rarr; <strong>1412<\/strong><br \/>(-21 for losing)
|raw|dad tina's rating: 1421 &rarr; <strong>1442<\/strong><br \/>(+21 for winning)