|join|ThePinkFish
|join|JustNoLadd
|player|p1|ThePinkFish|153
|player|p2|JustNoLadd|217
|gametype|singles
|gen|6
|tier|UU
|rule|Sleep Clause Mod: Limit one foe put to sleep
|rule|Species Clause: Limit one of each PokÃ©mon
|rule|OHKO Clause: OHKO moves are banned
|rule|Moody Clause: Moody is banned
|rule|Evasion Moves Clause: Evasion moves are banned
|rule|Endless Battle Clause: Forcing endless battles is banned
|rule|HP Percentage Mod: HP is shown in percentages
|clearpoke
|poke|p1|Blastoise, M
|poke|p1|Goodra, F
|poke|p1|Machamp, F
|poke|p1|Florges, F
|poke|p1|Rhyperior, F
|poke|p1|Rotom-Mow
|poke|p2|Infernape, M
|poke|p2|Zoroark, M
|poke|p2|Hydreigon, M
|poke|p2|Crobat, F
|poke|p2|Alakazam, F
|poke|p2|Absol, F
|rule|Swagger Clause: Swagger is banned
|rule|Baton Pass Clause: Limit one PokÃ©mon knowing Baton Pass
|teampreview
|
|start
|switch|p1a: Rotom-Mow|Rotom-Mow|241\/241
|switch|p2a: Hydreigon|Hydreigon, M|325\/325
|turn|1
|c|âThePinkFish|gl
|c|âJustNoLadd|gl
|
|switch|p1a: Florges|Florges, F|351\/351
|move|p2a: Hydreigon|Draco Meteor|p1a: Florges
|-immune|p1a: Florges|[msg]
|
|turn|2
|
|switch|p2a: Crobat|Crobat, F|374\/374
|switch|p1a: Rhyperior|Rhyperior, F|434\/434
|
|turn|3
|
|move|p2a: Crobat|U-turn|p1a: Rhyperior
|-crit|p1a: Rhyperior
|-damage|p1a: Rhyperior|390\/434
|
|switch|p2a: Infernape|Infernape, M|293\/293
|move|p1a: Rhyperior|Rock Blast|p2a: Infernape
|-damage|p2a: Infernape|244\/293
|-damage|p2a: Infernape|189\/293
|-damage|p2a: Infernape|135\/293
|-hitcount|p2a: Infernape|3
|
|-heal|p2a: Infernape|153\/293|[from] item: Leftovers
|-heal|p1a: Rhyperior|417\/434|[from] item: Leftovers
|turn|4
|
|switch|p1a: Florges|Florges, F|351\/351
|move|p2a: Infernape|Substitute|p2a: Infernape
|-start|p2a: Infernape|Substitute
|-damage|p2a: Infernape|80\/293
|
|-heal|p2a: Infernape|98\/293|[from] item: Leftovers
|turn|5
|
|move|p2a: Infernape|Gunk Shot|p1a: Florges
|-supereffective|p1a: Florges
|-damage|p1a: Florges|137\/351
|-status|p1a: Florges|psn
|move|p1a: Florges|Moonblast|p2a: Infernape
|-end|p2a: Infernape|Substitute
|
|-heal|p2a: Infernape|116\/293|[from] item: Leftovers
|-heal|p1a: Florges|158\/351 psn|[from] item: Leftovers
|-damage|p1a: Florges|115\/351 psn|[from] psn
|turn|6
|
|move|p2a: Infernape|Gunk Shot|p1a: Florges
|-supereffective|p1a: Florges
|-damage|p1a: Florges|0 fnt
|faint|p1a: Florges
|
|-heal|p2a: Infernape|134\/293|[from] item: Leftovers
|
|switch|p1a: Rotom-Mow|Rotom-Mow|241\/241
|turn|7
|
|move|p1a: Rotom-Mow|Volt Switch|p2a: Infernape
|-damage|p2a: Infernape|0 fnt
|faint|p2a: Infernape
|
|switch|p1a: Blastoise|Blastoise, M|333\/333
|
|
|switch|p2a: Crobat|Crobat, F|261\/261
|turn|8
|c|âJustNoLadd|u_u
|c|âJustNoLadd|First turn i do a miss click xD
|
|detailschange|p1a: Blastoise|Blastoise-Mega, M
|message|Blastoise has Mega Evolved into Mega Blastoise!
|move|p2a: Crobat|Night Daze|p1a: Blastoise
|-damage|p1a: Blastoise|169\/333
|-damage|p2a: Crobat|235\/261|[from] item: Life Orb
|move|p1a: Blastoise|Scald|p2a: Crobat
|replace|p2a: Zoroark|Zoroark, M|235\/261
|-damage|p2a: Zoroark|24\/261
|
|turn|9
|
|switch|p1a: Machamp|Machamp, F|329\/329
|move|p2a: Zoroark|Night Daze|p1a: Machamp
|-resisted|p1a: Machamp
|-damage|p1a: Machamp|274\/329
|-unboost|p1a: Machamp|accuracy|1
|-damage|p2a: Zoroark|0 fnt|[from] item: Life Orb
|faint|p2a: Zoroark
|
|
|switch|p2a: Crobat|Crobat, F|374\/374
|turn|10
|leave|JustNoLadd
|player|p2
|join|JustNoLadd
|player|p2|JustNoLadd|217
|
|switch|p1a: Rhyperior|Rhyperior, F|417\/434
|move|p2a: Crobat|Brave Bird|p1a: Rhyperior
|-resisted|p1a: Rhyperior
|-damage|p1a: Rhyperior|381\/434
|-damage|p2a: Crobat|362\/374|[from] recoil|[of] p1a: Rhyperior
|
|-heal|p2a: Crobat|374\/374|[from] item: Leftovers
|-heal|p1a: Rhyperior|408\/434|[from] item: Leftovers
|turn|11
|
|move|p2a: Crobat|U-turn|p1a: Rhyperior
|-damage|p1a: Rhyperior|374\/434
|
|switch|p2a: Hydreigon|Hydreigon, M|325\/325
|move|p1a: Rhyperior|Rock Blast|p2a: Hydreigon
|-damage|p2a: Hydreigon|280\/325
|-damage|p2a: Hydreigon|238\/325
|-damage|p2a: Hydreigon|195\/325
|-hitcount|p2a: Hydreigon|3
|
|-heal|p1a: Rhyperior|401\/434|[from] item: Leftovers
|turn|12
|
|switch|p1a: Blastoise|Blastoise-Mega, M|169\/333
|move|p2a: Hydreigon|Draco Meteor|p1a: Blastoise
|-damage|p1a: Blastoise|0 fnt
|-unboost|p2a: Hydreigon|spa|2
|faint|p1a: Blastoise
|
|
|switch|p1a: Machamp|Machamp, F|274\/329
|turn|13
|
|switch|p2a: Crobat|Crobat, F|374\/374
|move|p1a: Machamp|Stone Edge|p2a: Crobat
|-supereffective|p2a: Crobat
|-damage|p2a: Crobat|80\/374
|
|-heal|p2a: Crobat|103\/374|[from] item: Leftovers
|turn|14
|
|switch|p1a: Rhyperior|Rhyperior, F|401\/434
|move|p2a: Crobat|Brave Bird|p1a: Rhyperior
|-resisted|p1a: Rhyperior
|-damage|p1a: Rhyperior|361\/434
|-damage|p2a: Crobat|90\/374|[from] recoil|[of] p1a: Rhyperior
|
|-heal|p2a: Crobat|113\/374|[from] item: Leftovers
|-heal|p1a: Rhyperior|388\/434|[from] item: Leftovers
|turn|15
|
|move|p2a: Crobat|Roost|p2a: Crobat
|-heal|p2a: Crobat|300\/374
|move|p1a: Rhyperior|Rock Blast|p2a: Crobat
|-damage|p2a: Crobat|249\/374
|-damage|p2a: Crobat|197\/374
|-damage|p2a: Crobat|146\/374
|-hitcount|p2a: Crobat|3
|
|-heal|p2a: Crobat|169\/374|[from] item: Leftovers
|-heal|p1a: Rhyperior|415\/434|[from] item: Leftovers
|turn|16
|
|move|p2a: Crobat|U-turn|p1a: Rhyperior
|-damage|p1a: Rhyperior|381\/434
|
|switch|p2a: Hydreigon|Hydreigon, M|195\/325
|move|p1a: Rhyperior|Earthquake|p2a: Hydreigon
|-immune|p2a: Hydreigon|[msg]
|
|-heal|p1a: Rhyperior|408\/434|[from] item: Leftovers
|turn|17
|
|switch|p1a: Machamp|Machamp, F|274\/329
|move|p2a: Hydreigon|Draco Meteor|p1a: Machamp
|-damage|p1a: Machamp|139\/329
|-unboost|p2a: Hydreigon|spa|2
|
|turn|18
|
|move|p2a: Hydreigon|Draco Meteor|p1a: Machamp
|-damage|p1a: Machamp|69\/329
|-unboost|p2a: Hydreigon|spa|2
|move|p1a: Machamp|Stone Edge|p2a: Hydreigon
|-damage|p2a: Hydreigon|45\/325
|
|turn|19
|
|switch|p2a: Crobat|Crobat, F|169\/374
|move|p1a: Machamp|Bullet Punch|p2a: Crobat
|-damage|p2a: Crobat|109\/374
|
|-heal|p2a: Crobat|132\/374|[from] item: Leftovers
|turn|20
|
|switch|p1a: Rhyperior|Rhyperior, F|408\/434
|move|p2a: Crobat|U-turn|p1a: Rhyperior
|-damage|p1a: Rhyperior|378\/434
|
|switch|p2a: Hydreigon|Hydreigon, M|45\/325
|
|-heal|p1a: Rhyperior|405\/434|[from] item: Leftovers
|turn|21
|
|switch|p1a: Machamp|Machamp, F|69\/329
|move|p2a: Hydreigon|Focus Blast|p1a: Machamp
|-damage|p1a: Machamp|0 fnt
|faint|p1a: Machamp
|
|
|switch|p1a: Goodra|Goodra, F|321\/321
|turn|22
|
|switch|p2a: Alakazam|Alakazam, F|251\/251
|move|p1a: Goodra|Dragon Tail|p2a: Alakazam
|-damage|p2a: Alakazam|131\/251
|drag|p2a: Absol|Absol, F|271\/271
|
|turn|23
|
|switch|p1a: Rhyperior|Rhyperior, F|405\/434
|detailschange|p2a: Absol|Absol-Mega, F
|message|Absol has Mega Evolved into Mega Absol!
|move|p2a: Absol|Play Rough|p1a: Rhyperior
|-damage|p1a: Rhyperior|330\/434
|
|-heal|p1a: Rhyperior|357\/434|[from] item: Leftovers
|turn|24
|
|switch|p2a: Crobat|Crobat, F|132\/374
|move|p1a: Rhyperior|Rock Blast|p2a: Crobat
|-crit|p2a: Crobat
|-supereffective|p2a: Crobat
|-damage|p2a: Crobat|0 fnt
|-hitcount|p2a: Crobat|1
|faint|p2a: Crobat
|
|-heal|p1a: Rhyperior|384\/434|[from] item: Leftovers
|
|switch|p2a: Hydreigon|Hydreigon, M|45\/325
|turn|25
|
|move|p2a: Hydreigon|Focus Blast|p1a: Rhyperior
|-supereffective|p1a: Rhyperior
|-damage|p1a: Rhyperior|51\/434
|-unboost|p1a: Rhyperior|spd|1
|move|p1a: Rhyperior|Rock Blast|p2a: Hydreigon|[miss]
|-miss|p1a: Rhyperior|p2a: Hydreigon
|
|-heal|p1a: Rhyperior|78\/434|[from] item: Leftovers
|turn|26
|c|âThePinkFish|ofc
|c|âJustNoLadd|sry
|
|switch|p1a: Goodra|Goodra, F|321\/321
|move|p2a: Hydreigon|Focus Blast|p1a: Goodra
|-damage|p1a: Goodra|261\/321
|
|turn|27
|
|switch|p2a: Alakazam|Alakazam, F|131\/251
|move|p1a: Goodra|Sludge Bomb|p2a: Alakazam
|-damage|p2a: Alakazam|31\/251
|
|turn|28
|
|move|p2a: Alakazam|Dazzling Gleam|p1a: Goodra
|-supereffective|p1a: Goodra
|-damage|p1a: Goodra|167\/321
|move|p1a: Goodra|Sludge Bomb|p2a: Alakazam
|-damage|p2a: Alakazam|0 fnt
|faint|p2a: Alakazam
|
|
|switch|p2a: Absol|Absol-Mega, F|271\/271
|turn|29
|
|move|p2a: Absol|Pursuit|p1a: Goodra|[from]Pursuit
|-damage|p1a: Goodra|0 fnt
|faint|p1a: Goodra
|
|
|switch|p1a: Rotom-Mow|Rotom-Mow|241\/241
|turn|30
|
|move|p1a: Rotom-Mow|Volt Switch|p2a: Absol
|-damage|p2a: Absol|85\/271
|
|switch|p1a: Rhyperior|Rhyperior, F|78\/434
|move|p2a: Absol|Play Rough|p1a: Rhyperior
|-damage|p1a: Rhyperior|1\/434
|
|-heal|p1a: Rhyperior|28\/434|[from] item: Leftovers
|turn|31
|
|move|p2a: Absol|Sucker Punch|p1a: Rhyperior
|-damage|p1a: Rhyperior|0 fnt
|faint|p1a: Rhyperior
|
|
|switch|p1a: Rotom-Mow|Rotom-Mow|241\/241
|turn|32
|
|move|p2a: Absol|Sucker Punch|p1a: Rotom-Mow
|-damage|p1a: Rotom-Mow|88\/241
|move|p1a: Rotom-Mow|Volt Switch|p2a: Absol
|-damage|p2a: Absol|0 fnt
|faint|p2a: Absol
|
|
|switch|p2a: Hydreigon|Hydreigon, M|45\/325
|turn|33
|c|âThePinkFish|fuck you
|leave|ThePinkFish
|player|p1
|join|mydonut
|leave|mydonut
|join|mydonut
|leave|mydonut
|-message|Player 1 lost due to inactivity.
|
|win|JustNoLadd