|join|uutestest
|join|Cnorth's Alt
|player|p1|uutestest|184
|player|p2|Cnorth's Alt|167
|gametype|singles
|gen|6
|tier|UU
|rated
|rule|Sleep Clause Mod: Limit one foe put to sleep
|rule|Species Clause: Limit one of each PokÃ©mon
|rule|OHKO Clause: OHKO moves are banned
|rule|Moody Clause: Moody is banned
|rule|Evasion Moves Clause: Evasion moves are banned
|rule|Endless Battle Clause: Forcing endless battles is banned
|rule|HP Percentage Mod: HP is shown in percentages
|clearpoke
|poke|p1|Blastoise, F
|poke|p1|Haxorus, F
|poke|p1|Arcanine, M
|poke|p1|Jirachi
|poke|p1|Rotom-Mow
|poke|p1|Machamp, F
|poke|p2|Medicham, F
|poke|p2|Krookodile, M
|poke|p2|Celebi
|poke|p2|Empoleon, F
|poke|p2|Crobat, F
|poke|p2|Arcanine, M
|rule|Swagger Clause: Swagger is banned
|rule|Baton Pass Clause: Limit one PokÃ©mon knowing Baton Pass
|teampreview
|
|start
|switch|p1a: Rotom-Mow|Rotom-Mow|304\/304
|switch|p2a: Medicham|Medicham, F|261\/261
|turn|1
|
|detailschange|p2a: Medicham|Medicham-Mega, F
|-mega|p2a: Medicham|Medicham|Medichamite
|move|p2a: Medicham|Fake Out|p1a: Rotom-Mow
|-damage|p1a: Rotom-Mow|249\/304
|cant|p1a: Rotom-Mow|flinch
|
|-heal|p1a: Rotom-Mow|268\/304|[from] item: Leftovers
|turn|2
|
|switch|p2a: Arcanine|Arcanine, M|383\/383
|-ability|p2a: Arcanine|Intimidate|[of] p1a: Rotom-Mow
|-unboost|p1a: Rotom-Mow|atk|1
|move|p1a: Rotom-Mow|Volt Switch|p2a: Arcanine
|-damage|p2a: Arcanine|278\/383
|
|switch|p1a: Blastoise|Blastoise, F|361\/361
|
|turn|3
|
|switch|p2a: Empoleon|Empoleon, F|372\/372
|detailschange|p1a: Blastoise|Blastoise-Mega, F
|-mega|p1a: Blastoise|Blastoise|Blastoisinite
|move|p1a: Blastoise|Dragon Pulse|p2a: Empoleon
|-resisted|p2a: Empoleon
|-damage|p2a: Empoleon|310\/372
|
|-heal|p2a: Empoleon|333\/372|[from] item: Leftovers
|turn|4
|
|switch|p1a: Jirachi|Jirachi|404\/404
|move|p2a: Empoleon|Stealth Rock|p1a: Jirachi
|-sidestart|p1: uutestest|move: Stealth Rock
|
|-heal|p2a: Empoleon|356\/372|[from] item: Leftovers
|turn|5
|
|switch|p2a: Krookodile|Krookodile, M|331\/331
|-ability|p2a: Krookodile|Intimidate|[of] p1a: Jirachi
|-unboost|p1a: Jirachi|atk|1
|move|p1a: Jirachi|Stealth Rock|p2a: Krookodile
|-sidestart|p2: Cnorth's Alt|move: Stealth Rock
|
|turn|6
|
|switch|p1a: Blastoise|Blastoise-Mega, F|361\/361
|-damage|p1a: Blastoise|316\/361|[from] Stealth Rock
|move|p2a: Krookodile|Knock Off|p1a: Blastoise
|-damage|p1a: Blastoise|220\/361
|
|turn|7
|
|switch|p2a: Empoleon|Empoleon, F|356\/372
|-damage|p2a: Empoleon|333\/372|[from] Stealth Rock
|move|p1a: Blastoise|Water Pulse|p2a: Empoleon
|-resisted|p2a: Empoleon
|-damage|p2a: Empoleon|264\/372
|
|-heal|p2a: Empoleon|287\/372|[from] item: Leftovers
|turn|8
|
|move|p1a: Blastoise|Dark Pulse|p2a: Empoleon
|-crit|p2a: Empoleon
|-damage|p2a: Empoleon|117\/372
|move|p2a: Empoleon|Scald|p1a: Blastoise
|-resisted|p1a: Blastoise
|-damage|p1a: Blastoise|149\/361
|
|-heal|p2a: Empoleon|140\/372|[from] item: Leftovers
|turn|9
|
|move|p1a: Blastoise|Dark Pulse|p2a: Empoleon
|-damage|p2a: Empoleon|29\/372
|cant|p2a: Empoleon|flinch
|
|-heal|p2a: Empoleon|52\/372|[from] item: Leftovers
|turn|10
|
|move|p1a: Blastoise|Rapid Spin|p2a: Empoleon
|-resisted|p2a: Empoleon
|-damage|p2a: Empoleon|43\/372
|-sideend|p1: uutestest|Stealth Rock|[from] move: Rapid Spin|[of] p1a: Blastoise
|move|p2a: Empoleon|Scald|p1a: Blastoise
|-resisted|p1a: Blastoise
|-damage|p1a: Blastoise|77\/361
|-status|p1a: Blastoise|brn
|
|-heal|p2a: Empoleon|66\/372|[from] item: Leftovers
|-damage|p1a: Blastoise|32\/361 brn|[from] brn
|turn|11
|c|âCnorth's Alt|thanks cancel button
|c|âCnorth's Alt|saving my life
|
|switch|p2a: Krookodile|Krookodile, M|331\/331
|-damage|p2a: Krookodile|311\/331|[from] Stealth Rock
|-ability|p2a: Krookodile|Intimidate|[of] p1a: Blastoise
|-unboost|p1a: Blastoise|atk|1
|move|p1a: Blastoise|Dark Pulse|p2a: Krookodile
|-resisted|p2a: Krookodile
|-damage|p2a: Krookodile|199\/331
|
|-damage|p1a: Blastoise|0 fnt|[from] brn
|faint|p1a: Blastoise
|
|switch|p1a: Machamp|Machamp, F|321\/321
|turn|12
|
|switch|p2a: Empoleon|Empoleon, F|66\/372
|-damage|p2a: Empoleon|43\/372|[from] Stealth Rock
|move|p1a: Machamp|Ice Punch|p2a: Empoleon
|-resisted|p2a: Empoleon
|-damage|p2a: Empoleon|4\/372
|
|-heal|p2a: Empoleon|27\/372|[from] item: Leftovers
|turn|13
|
|move|p1a: Machamp|Ice Punch|p2a: Empoleon
|-resisted|p2a: Empoleon
|-damage|p2a: Empoleon|0 fnt
|faint|p2a: Empoleon
|
|
|switch|p2a: Medicham|Medicham-Mega, F|261\/261
|-damage|p2a: Medicham|245\/261|[from] Stealth Rock
|turn|14
|
|switch|p1a: Arcanine|Arcanine, M|383\/383
|-ability|p1a: Arcanine|Intimidate|[of] p2a: Medicham
|-unboost|p2a: Medicham|atk|1
|move|p2a: Medicham|High Jump Kick|p1a: Arcanine
|-damage|p1a: Arcanine|71\/383
|
|turn|15
|
|switch|p2a: Arcanine|Arcanine, M|278\/383
|-damage|p2a: Arcanine|183\/383|[from] Stealth Rock
|-ability|p2a: Arcanine|Intimidate|[of] p1a: Arcanine
|-unboost|p1a: Arcanine|atk|1
|move|p1a: Arcanine|Extreme Speed|p2a: Arcanine
|-damage|p2a: Arcanine|103\/383
|-damage|p1a: Arcanine|8\/383|[from] item: Rocky Helmet|[of] p2a: Arcanine
|
|turn|16
|
|switch|p1a: Machamp|Machamp, F|321\/321
|move|p2a: Arcanine|Extreme Speed|p1a: Machamp
|-damage|p1a: Machamp|235\/321
|
|turn|17
|
|move|p2a: Arcanine|Will-O-Wisp|p1a: Machamp
|-status|p1a: Machamp|brn
|move|p1a: Machamp|Knock Off|p2a: Arcanine
|-damage|p2a: Arcanine|0 fnt
|-damage|p1a: Machamp|182\/321 brn|[from] item: Rocky Helmet|[of] p2a: Arcanine
|-enditem|p2a: Arcanine|Rocky Helmet|[from] move: Knock Off|[of] p1a: Machamp
|faint|p2a: Arcanine
|
|-damage|p1a: Machamp|142\/321 brn|[from] brn
|
|switch|p2a: Medicham|Medicham-Mega, F|245\/261
|-damage|p2a: Medicham|229\/261|[from] Stealth Rock
|turn|18
|
|switch|p1a: Arcanine|Arcanine, M|8\/383
|-ability|p1a: Arcanine|Intimidate|[of] p2a: Medicham
|-unboost|p2a: Medicham|atk|1
|move|p2a: Medicham|Zen Headbutt|p1a: Arcanine
|-damage|p1a: Arcanine|0 fnt
|faint|p1a: Arcanine
|
|
|switch|p1a: Rotom-Mow|Rotom-Mow|268\/304
|turn|19
|
|switch|p2a: Crobat|Crobat, F|373\/373
|-damage|p2a: Crobat|280\/373|[from] Stealth Rock
|move|p1a: Rotom-Mow|Will-O-Wisp|p2a: Crobat|[miss]
|-miss|p1a: Rotom-Mow|p2a: Crobat
|
|-heal|p2a: Crobat|303\/373|[from] item: Black Sludge
|-heal|p1a: Rotom-Mow|287\/304|[from] item: Leftovers
|turn|20
|
|move|p2a: Crobat|Brave Bird|p1a: Rotom-Mow
|-damage|p1a: Rotom-Mow|200\/304
|-damage|p2a: Crobat|274\/373|[from] recoil|[of] p1a: Rotom-Mow
|move|p1a: Rotom-Mow|Will-O-Wisp|p2a: Crobat
|-status|p2a: Crobat|brn
|
|-heal|p2a: Crobat|297\/373 brn|[from] item: Black Sludge
|-heal|p1a: Rotom-Mow|219\/304|[from] item: Leftovers
|-damage|p2a: Crobat|251\/373 brn|[from] brn
|turn|21
|
|move|p2a: Crobat|Brave Bird|p1a: Rotom-Mow
|-damage|p1a: Rotom-Mow|173\/304
|-damage|p2a: Crobat|236\/373 brn|[from] recoil|[of] p1a: Rotom-Mow
|move|p1a: Rotom-Mow|Volt Switch|p2a: Crobat
|-supereffective|p2a: Crobat
|-damage|p2a: Crobat|14\/373 brn
|
|switch|p1a: Machamp|Machamp, F|142\/321 brn
|
|-heal|p2a: Crobat|37\/373 brn|[from] item: Black Sludge
|-damage|p2a: Crobat|0 fnt|[from] brn
|-damage|p1a: Machamp|102\/321 brn|[from] brn
|faint|p2a: Crobat
|
|switch|p2a: Medicham|Medicham-Mega, F|229\/261
|-damage|p2a: Medicham|213\/261|[from] Stealth Rock
|turn|22
|
|move|p1a: Machamp|Bullet Punch|p2a: Medicham
|-damage|p2a: Medicham|86\/261
|move|p2a: Medicham|High Jump Kick|p1a: Machamp
|-damage|p1a: Machamp|0 fnt
|faint|p1a: Machamp
|
|
|switch|p1a: Jirachi|Jirachi|404\/404
|turn|23
|
|switch|p2a: Krookodile|Krookodile, M|199\/331
|-damage|p2a: Krookodile|179\/331|[from] Stealth Rock
|-ability|p2a: Krookodile|Intimidate|[of] p1a: Jirachi
|-unboost|p1a: Jirachi|atk|1
|move|p1a: Jirachi|U-turn|p2a: Krookodile
|-supereffective|p2a: Krookodile
|-damage|p2a: Krookodile|87\/331
|
|switch|p1a: Rotom-Mow|Rotom-Mow|173\/304
|
|-heal|p1a: Rotom-Mow|192\/304|[from] item: Leftovers
|turn|24
|
|move|p2a: Krookodile|Knock Off|p1a: Rotom-Mow
|-damage|p1a: Rotom-Mow|81\/304
|-enditem|p1a: Rotom-Mow|Leftovers|[from] move: Knock Off|[of] p2a: Krookodile
|move|p1a: Rotom-Mow|Will-O-Wisp|p2a: Krookodile
|-status|p2a: Krookodile|brn
|
|-damage|p2a: Krookodile|46\/331 brn|[from] brn
|turn|25
|
|switch|p1a: Haxorus|Haxorus, F|293\/293
|-ability|p1a: Haxorus|Mold Breaker
|move|p2a: Krookodile|Knock Off|p1a: Haxorus
|-damage|p1a: Haxorus|205\/293
|-enditem|p1a: Haxorus|Lum Berry|[from] move: Knock Off|[of] p2a: Krookodile
|
|-damage|p2a: Krookodile|5\/331 brn|[from] brn
|turn|26
|
|move|p2a: Krookodile|Knock Off|p1a: Haxorus
|-crit|p1a: Haxorus
|-damage|p1a: Haxorus|112\/293
|move|p1a: Haxorus|Dragon Dance|p1a: Haxorus
|-boost|p1a: Haxorus|atk|1
|-boost|p1a: Haxorus|spe|1
|
|-damage|p2a: Krookodile|0 fnt|[from] brn
|faint|p2a: Krookodile
|
|switch|p2a: Medicham|Medicham-Mega, F|86\/261
|-damage|p2a: Medicham|70\/261|[from] Stealth Rock
|turn|27
|
|move|p2a: Medicham|Fake Out|p1a: Haxorus
|-damage|p1a: Haxorus|24\/293
|cant|p1a: Haxorus|flinch
|
|turn|28
|
|move|p2a: Medicham|Bullet Punch|p1a: Haxorus
|-damage|p1a: Haxorus|0 fnt
|faint|p1a: Haxorus
|
|
|switch|p1a: Jirachi|Jirachi|404\/404
|turn|29
|
|switch|p2a: Celebi|Celebi|404\/404
|-damage|p2a: Celebi|354\/404|[from] Stealth Rock
|move|p1a: Jirachi|Iron Head|p2a: Celebi
|-damage|p2a: Celebi|287\/404
|
|turn|30
|
|move|p2a: Celebi|Sucker Punch|p1a: Jirachi
|-supereffective|p1a: Jirachi
|-damage|p1a: Jirachi|288\/404
|move|p1a: Jirachi|Iron Head|p2a: Celebi
|-damage|p2a: Celebi|221\/404
|
|-heal|p1a: Jirachi|313\/404|[from] item: Leftovers
|turn|31
|
|move|p1a: Jirachi|Iron Head|p2a: Celebi
|-damage|p2a: Celebi|148\/404
|cant|p2a: Celebi|flinch
|
|-heal|p1a: Jirachi|338\/404|[from] item: Leftovers
|turn|32
|
|move|p2a: Celebi|Sucker Punch|p1a: Jirachi
|-supereffective|p1a: Jirachi
|-damage|p1a: Jirachi|214\/404
|move|p1a: Jirachi|Iron Head|p2a: Celebi
|-damage|p2a: Celebi|79\/404
|
|-heal|p1a: Jirachi|239\/404|[from] item: Leftovers
|turn|33
|
|move|p2a: Celebi|Sucker Punch|p1a: Jirachi
|-supereffective|p1a: Jirachi
|-damage|p1a: Jirachi|121\/404
|move|p1a: Jirachi|Iron Head|p2a: Celebi
|-damage|p2a: Celebi|15\/404
|
|-heal|p1a: Jirachi|146\/404|[from] item: Leftovers
|turn|34
|
|move|p2a: Celebi|Sucker Punch|p1a: Jirachi
|-fail|p1a: Jirachi
|move|p1a: Jirachi|Healing Wish|p1a: Jirachi
|faint|p1a: Jirachi
|
|
|switch|p1a: Rotom-Mow|Rotom-Mow|81\/304
|-heal|p1a: Rotom-Mow|304\/304|[from] move: Healing Wish
|turn|35
|
|move|p2a: Celebi|Recover|p2a: Celebi
|-heal|p2a: Celebi|217\/404
|move|p1a: Rotom-Mow|Volt Switch|p2a: Celebi
|-resisted|p2a: Celebi
|-damage|p2a: Celebi|175\/404
|
|turn|36
|
|move|p2a: Celebi|Seed Bomb|p1a: Rotom-Mow
|-resisted|p1a: Rotom-Mow
|-damage|p1a: Rotom-Mow|268\/304
|move|p1a: Rotom-Mow|Will-O-Wisp|p2a: Celebi|[miss]
|-miss|p1a: Rotom-Mow|p2a: Celebi
|
|turn|37
|
|move|p2a: Celebi|Seed Bomb|p1a: Rotom-Mow
|-resisted|p1a: Rotom-Mow
|-damage|p1a: Rotom-Mow|232\/304
|move|p1a: Rotom-Mow|Will-O-Wisp|p2a: Celebi
|-status|p2a: Celebi|brn
|
|-damage|p2a: Celebi|125\/404 brn|[from] brn
|turn|38
|c|âCnorth's Alt|looks like hjk decies this game
|c|âuutestest|pretty much
|
|move|p2a: Celebi|Seed Bomb|p1a: Rotom-Mow
|-resisted|p1a: Rotom-Mow
|-damage|p1a: Rotom-Mow|217\/304
|move|p1a: Rotom-Mow|Volt Switch|p2a: Celebi
|-resisted|p2a: Celebi
|-damage|p2a: Celebi|82\/404 brn
|
|-damage|p2a: Celebi|32\/404 brn|[from] brn
|turn|39
|
|move|p2a: Celebi|Seed Bomb|p1a: Rotom-Mow
|-resisted|p1a: Rotom-Mow
|-damage|p1a: Rotom-Mow|202\/304
|move|p1a: Rotom-Mow|Volt Switch|p2a: Celebi
|-resisted|p2a: Celebi
|-damage|p2a: Celebi|0 fnt
|faint|p2a: Celebi
|
|
|switch|p2a: Medicham|Medicham-Mega, F|70\/261
|-damage|p2a: Medicham|54\/261|[from] Stealth Rock
|turn|40
|
|move|p2a: Medicham|High Jump Kick|p1a: Rotom-Mow|[miss]
|-miss|p2a: Medicham|p1a: Rotom-Mow
|-damage|p2a: Medicham|0 fnt|[from] highjumpkick
|faint|p2a: Medicham
|
|win|uutestest
|raw|Ladder updating...
|c|âCnorth's Alt|fuck me
|raw|uutestest's rating: 1428 &rarr; <strong>1458<\/strong><br \/>(+30 for winning)
|raw|Cnorth&apos;s Alt's rating: 1605 &rarr; <strong>1576<\/strong><br \/>(-29 for losing)
|leave|Cnorth's Alt