|join|Cnorth's Alt
|join|cheezitsCOD
|player|p1|Cnorth's Alt|167
|player|p2|cheezitsCOD|101
|gametype|singles
|gen|6
|tier|UU
|rated
|rule|Sleep Clause Mod: Limit one foe put to sleep
|rule|Species Clause: Limit one of each PokÃ©mon
|rule|OHKO Clause: OHKO moves are banned
|rule|Moody Clause: Moody is banned
|rule|Evasion Moves Clause: Evasion moves are banned
|rule|Endless Battle Clause: Forcing endless battles is banned
|rule|HP Percentage Mod: HP is shown in percentages
|clearpoke
|poke|p1|Absol, M
|poke|p1|Jirachi
|poke|p1|Florges, F
|poke|p1|Crobat, F
|poke|p1|Hippowdon, F
|poke|p1|Chandelure, M
|poke|p2|Hydreigon, F
|poke|p2|Beedrill, F
|poke|p2|Tentacruel, M
|poke|p2|Haxorus, M
|poke|p2|Diancie
|poke|p2|Cresselia, F
|rule|Swagger Clause: Swagger is banned
|rule|Baton Pass Clause: Limit one PokÃ©mon knowing Baton Pass
|teampreview
|
|start
|switch|p1a: Crobat|Crobat, F|373\/373
|switch|p2a: Cresselia|Cresselia, F|444\/444
|turn|1
|
|move|p1a: Crobat|U-turn|p2a: Cresselia
|-supereffective|p2a: Cresselia
|-damage|p2a: Cresselia|380\/444
|
|switch|p1a: Chandelure|Chandelure, M|301\/301
|move|p2a: Cresselia|Calm Mind|p2a: Cresselia
|-boost|p2a: Cresselia|spa|1
|-boost|p2a: Cresselia|spd|1
|
|-heal|p2a: Cresselia|407\/444|[from] item: Leftovers
|turn|2
|
|move|p1a: Chandelure|Substitute|p1a: Chandelure
|-start|p1a: Chandelure|Substitute
|-damage|p1a: Chandelure|226\/301
|move|p2a: Cresselia|Calm Mind|p2a: Cresselia
|-boost|p2a: Cresselia|spa|1
|-boost|p2a: Cresselia|spd|1
|
|-heal|p1a: Chandelure|244\/301|[from] item: Leftovers
|-heal|p2a: Cresselia|434\/444|[from] item: Leftovers
|turn|3
|
|move|p1a: Chandelure|Calm Mind|p1a: Chandelure
|-boost|p1a: Chandelure|spa|1
|-boost|p1a: Chandelure|spd|1
|move|p2a: Cresselia|Psyshock|p1a: Chandelure
|-end|p1a: Chandelure|Substitute
|
|-heal|p1a: Chandelure|262\/301|[from] item: Leftovers
|-heal|p2a: Cresselia|444\/444|[from] item: Leftovers
|turn|4
|
|move|p1a: Chandelure|Shadow Ball|p2a: Cresselia
|-supereffective|p2a: Cresselia
|-damage|p2a: Cresselia|274\/444
|move|p2a: Cresselia|Psyshock|p1a: Chandelure
|-damage|p1a: Chandelure|99\/301
|
|-heal|p1a: Chandelure|117\/301|[from] item: Leftovers
|-heal|p2a: Cresselia|301\/444|[from] item: Leftovers
|turn|5
|
|move|p1a: Chandelure|Shadow Ball|p2a: Cresselia
|-supereffective|p2a: Cresselia
|-damage|p2a: Cresselia|119\/444
|move|p2a: Cresselia|Moonlight|p2a: Cresselia
|-heal|p2a: Cresselia|341\/444
|
|-heal|p1a: Chandelure|135\/301|[from] item: Leftovers
|-heal|p2a: Cresselia|368\/444|[from] item: Leftovers
|turn|6
|
|move|p1a: Chandelure|Calm Mind|p1a: Chandelure
|-boost|p1a: Chandelure|spa|1
|-boost|p1a: Chandelure|spd|1
|move|p2a: Cresselia|Psyshock|p1a: Chandelure
|-damage|p1a: Chandelure|0 fnt
|faint|p1a: Chandelure
|
|-heal|p2a: Cresselia|395\/444|[from] item: Leftovers
|
|switch|p1a: Absol|Absol, M|271\/271
|-ability|p1a: Absol|Pressure
|turn|7
|
|detailschange|p1a: Absol|Absol-Mega, M
|-mega|p1a: Absol|Absol|Absolite
|move|p1a: Absol|Knock Off|p2a: Cresselia
|-supereffective|p2a: Cresselia
|-damage|p2a: Cresselia|171\/444
|-enditem|p2a: Cresselia|Leftovers|[from] move: Knock Off|[of] p1a: Absol
|move|p2a: Cresselia|Moonblast|p1a: Absol
|-supereffective|p1a: Absol
|-damage|p1a: Absol|0 fnt
|faint|p1a: Absol
|
|-message|Cnorth's Alt forfeited.
|leave|Cnorth's Alt
|
|win|cheezitsCOD
|raw|Ladder updating...
|player|p1
|raw|Cnorth&apos;s Alt's rating: 1561 &rarr; <strong>1528<\/strong><br \/>(-33 for losing)
|raw|cheezitsCOD's rating: 1281 &rarr; <strong>1323<\/strong><br \/>(+42 for winning)