|join|LionDKaiser1
|join|SpecsPrimeape
|player|p1|LionDKaiser1|274
|player|p2|SpecsPrimeape|184
|gametype|singles
|gen|6
|tier|UU
|rated
|rule|Sleep Clause Mod: Limit one foe put to sleep
|rule|Species Clause: Limit one of each PokÃ©mon
|rule|OHKO Clause: OHKO moves are banned
|rule|Moody Clause: Moody is banned
|rule|Evasion Moves Clause: Evasion moves are banned
|rule|Endless Battle Clause: Forcing endless battles is banned
|rule|HP Percentage Mod: HP is shown in percentages
|clearpoke
|poke|p1|Florges, F
|poke|p1|Chesnaught, M
|poke|p1|Metagross
|poke|p1|Chandelure, F
|poke|p1|Suicune
|poke|p1|Mienshao, M
|poke|p2|Seviper, M
|poke|p2|Banette, F
|poke|p2|Magneton
|poke|p2|Crobat, F
|poke|p2|Swampert, F
|poke|p2|Rhyperior, M
|rule|Swagger Clause: Swagger is banned
|rule|Baton Pass Clause: Limit one PokÃ©mon knowing Baton Pass
|teampreview
|
|start
|switch|p1a: Mienshao|Mienshao, M|271\/271
|switch|p2a: Rhyperior|Rhyperior, M|421\/421
|turn|1
|
|move|p1a: Mienshao|Fake Out|p2a: Rhyperior
|-enditem|p1a: Mienshao|Normal Gem|[from] gem|[move] Fake Out
|-resisted|p2a: Rhyperior
|-damage|p2a: Rhyperior|399\/421
|cant|p2a: Rhyperior|flinch
|
|-heal|p2a: Rhyperior|421\/421|[from] item: Leftovers
|turn|2
|
|move|p1a: Mienshao|High Jump Kick|p2a: Rhyperior
|-crit|p2a: Rhyperior
|-supereffective|p2a: Rhyperior
|-damage|p2a: Rhyperior|33\/421
|move|p2a: Rhyperior|Stealth Rock|p1a: Mienshao
|-sidestart|p1: LionDKaiser1|move: Stealth Rock
|
|-heal|p2a: Rhyperior|59\/421|[from] item: Leftovers
|turn|3
|
|move|p1a: Mienshao|U-turn|p2a: Rhyperior
|-damage|p2a: Rhyperior|0 fnt
|faint|p2a: Rhyperior
|
|switch|p1a: Chesnaught|Chesnaught, M|380\/380
|-damage|p1a: Chesnaught|357\/380|[from] Stealth Rock
|
|-heal|p1a: Chesnaught|380\/380|[from] item: Leftovers
|
|switch|p2a: Seviper|Seviper, M|287\/287
|turn|4
|
|move|p2a: Seviper|Flamethrower|p1a: Chesnaught
|-supereffective|p1a: Chesnaught
|-damage|p1a: Chesnaught|159\/380
|-damage|p2a: Seviper|259\/287|[from] item: Life Orb
|move|p1a: Chesnaught|Leech Seed|p2a: Seviper
|-start|p2a: Seviper|move: Leech Seed
|
|-heal|p1a: Chesnaught|182\/380|[from] item: Leftovers
|-damage|p2a: Seviper|224\/287|[from] Leech Seed|[of] p1a: Chesnaught
|-heal|p1a: Chesnaught|217\/380|[silent]
|turn|5
|
|switch|p2a: Banette|Banette, F|290\/290
|-item|p1a: Chesnaught|Leftovers|[from] ability: Frisk|[of] p2a: Banette|[identify]
|move|p1a: Chesnaught|Spiky Shield|p1a: Chesnaught
|-fail|p1a: Chesnaught
|
|-heal|p1a: Chesnaught|240\/380|[from] item: Leftovers
|turn|6
|
|switch|p1a: Mienshao|Mienshao, M|271\/271
|-damage|p1a: Mienshao|255\/271|[from] Stealth Rock
|detailschange|p2a: Banette|Banette-Mega, F
|message|Banette has Mega Evolved into Mega Banette!
|move|p2a: Banette|Will-O-Wisp|p1a: Mienshao
|-status|p1a: Mienshao|brn
|
|-damage|p1a: Mienshao|222\/271 brn|[from] brn
|turn|7
|
|move|p2a: Banette|Shadow Sneak|p1a: Mienshao
|-damage|p1a: Mienshao|83\/271 brn
|move|p1a: Mienshao|U-turn|p2a: Banette
|-resisted|p2a: Banette
|-damage|p2a: Banette|268\/290
|
|switch|p1a: Chandelure|Chandelure, F|261\/261
|-damage|p1a: Chandelure|196\/261|[from] Stealth Rock
|
|turn|8
|
|move|p2a: Banette|Shadow Sneak|p1a: Chandelure
|-supereffective|p1a: Chandelure
|-damage|p1a: Chandelure|10\/261
|move|p1a: Chandelure|Shadow Ball|p2a: Banette
|-supereffective|p2a: Banette
|-damage|p2a: Banette|0 fnt
|faint|p2a: Banette
|
|
|switch|p2a: Seviper|Seviper, M|224\/287
|turn|9
|c|âLionDKaiser1|gotta love def investment
|
|switch|p1a: Metagross|Metagross|364\/364
|-damage|p1a: Metagross|342\/364|[from] Stealth Rock
|move|p2a: Seviper|Sucker Punch|p1a: Metagross
|-fail|p1a: Metagross
|
|turn|10
|
|move|p2a: Seviper|Flamethrower|p1a: Metagross
|-supereffective|p1a: Metagross
|-damage|p1a: Metagross|147\/364
|-damage|p2a: Seviper|196\/287|[from] item: Life Orb
|move|p1a: Metagross|Stealth Rock|p2a: Seviper
|-sidestart|p2: SpecsPrimeape|move: Stealth Rock
|
|turn|11
|
|switch|p1a: Chandelure|Chandelure, F|10\/261
|-damage|p1a: Chandelure|0 fnt|[from] Stealth Rock
|faint|p1a: Chandelure
|move|p2a: Seviper|Sucker Punch|p1: Chandelure|[notarget]
|-notarget
|
|
|switch|p1a: Chesnaught|Chesnaught, M|240\/380
|-damage|p1a: Chesnaught|217\/380|[from] Stealth Rock
|turn|12
|
|move|p1a: Chesnaught|Spiky Shield|p1a: Chesnaught
|-singleturn|p1a: Chesnaught|move: Protect
|move|p2a: Seviper|Flamethrower|p1a: Chesnaught
|-activate|p1a: Chesnaught|move: Protect
|
|-heal|p1a: Chesnaught|240\/380|[from] item: Leftovers
|turn|13
|
|move|p2a: Seviper|Poison Jab|p1a: Chesnaught
|-supereffective|p1a: Chesnaught
|-damage|p1a: Chesnaught|58\/380
|-damage|p2a: Seviper|168\/287|[from] item: Life Orb
|move|p1a: Chesnaught|Leech Seed|p2a: Seviper
|-start|p2a: Seviper|move: Leech Seed
|
|-heal|p1a: Chesnaught|81\/380|[from] item: Leftovers
|-damage|p2a: Seviper|133\/287|[from] Leech Seed|[of] p1a: Chesnaught
|-heal|p1a: Chesnaught|116\/380|[silent]
|turn|14
|
|switch|p2a: Crobat|Crobat, F|332\/332
|-damage|p2a: Crobat|249\/332|[from] Stealth Rock
|move|p1a: Chesnaught|Spikes|p2a: Crobat
|-sidestart|p2: SpecsPrimeape|Spikes
|
|-heal|p2a: Crobat|269\/332|[from] item: Black Sludge
|-heal|p1a: Chesnaught|139\/380|[from] item: Leftovers
|turn|15
|
|switch|p1a: Florges|Florges, F|357\/357
|-damage|p1a: Florges|313\/357|[from] Stealth Rock
|move|p2a: Crobat|Defog|p1a: Florges
|-unboost|p1a: Florges|evasion|1
|-sideend|p1: LionDKaiser1|Stealth Rock|[from] move: Defog|[of] p1a: Florges
|-sideend|p2: SpecsPrimeape|Spikes|[from] move: Defog|[of] p2a: Crobat
|-sideend|p2: SpecsPrimeape|Stealth Rock|[from] move: Defog|[of] p2a: Crobat
|
|-heal|p2a: Crobat|289\/332|[from] item: Black Sludge
|-heal|p1a: Florges|335\/357|[from] item: Leftovers
|turn|16
|
|move|p2a: Crobat|U-turn|p1a: Florges
|-resisted|p1a: Florges
|-damage|p1a: Florges|289\/357
|
|switch|p2a: Magneton|Magneton|242\/242
|move|p1a: Florges|Moonblast|p2a: Magneton
|-resisted|p2a: Magneton
|-damage|p2a: Magneton|140\/242
|-unboost|p2a: Magneton|spa|1
|
|-heal|p1a: Florges|311\/357|[from] item: Leftovers
|turn|17
|
|move|p2a: Magneton|Volt Switch|p1a: Florges
|-damage|p1a: Florges|226\/357
|
|switch|p2a: Seviper|Seviper, M|133\/287
|move|p1a: Florges|Moonblast|p2a: Seviper
|-resisted|p2a: Seviper
|-damage|p2a: Seviper|0 fnt
|faint|p2a: Seviper
|
|-heal|p1a: Florges|248\/357|[from] item: Leftovers
|
|switch|p2a: Swampert|Swampert, F|392\/392
|turn|18
|
|move|p1a: Florges|Moonblast|p2a: Swampert
|-damage|p2a: Swampert|193\/392
|move|p2a: Swampert|Earthquake|p1a: Florges
|-damage|p1a: Florges|0 fnt
|faint|p1a: Florges
|
|
|switch|p1a: Chesnaught|Chesnaught, M|139\/380
|turn|19
|
|switch|p2a: Crobat|Crobat, F|289\/332
|move|p1a: Chesnaught|Leech Seed|p2a: Crobat
|-start|p2a: Crobat|move: Leech Seed
|
|-heal|p2a: Crobat|309\/332|[from] item: Black Sludge
|-heal|p1a: Chesnaught|162\/380|[from] item: Leftovers
|-damage|p2a: Crobat|268\/332|[from] Leech Seed|[of] p1a: Chesnaught
|-heal|p1a: Chesnaught|203\/380|[silent]
|turn|20
|
|switch|p2a: Magneton|Magneton|140\/242
|move|p1a: Chesnaught|Spiky Shield|p1a: Chesnaught
|-fail|p1a: Chesnaught
|
|-heal|p1a: Chesnaught|226\/380|[from] item: Leftovers
|turn|21
|
|move|p2a: Magneton|Flash Cannon|p1a: Chesnaught
|-damage|p1a: Chesnaught|0 fnt
|faint|p1a: Chesnaught
|
|
|switch|p1a: Mienshao|Mienshao, M|173\/271 brn
|turn|22
|
|switch|p2a: Crobat|Crobat, F|268\/332
|move|p1a: Mienshao|Fake Out|p2a: Crobat
|-damage|p2a: Crobat|242\/332
|
|-heal|p2a: Crobat|262\/332|[from] item: Black Sludge
|-damage|p1a: Mienshao|140\/271 brn|[from] brn
|turn|23
|
|move|p2a: Crobat|U-turn|p1a: Mienshao
|-resisted|p1a: Mienshao
|-damage|p1a: Mienshao|89\/271 brn
|
|switch|p2a: Swampert|Swampert, F|193\/392
|move|p1a: Mienshao|Acrobatics|p2a: Swampert
|-damage|p2a: Swampert|119\/392
|
|-damage|p1a: Mienshao|56\/271 brn|[from] brn
|turn|24
|
|move|p1a: Mienshao|U-turn|p2a: Swampert
|-damage|p2a: Swampert|71\/392
|
|switch|p1a: Metagross|Metagross|147\/364
|move|p2a: Swampert|Earthquake|p1a: Metagross
|-supereffective|p1a: Metagross
|-damage|p1a: Metagross|0 fnt
|faint|p1a: Metagross
|
|
|switch|p1a: Suicune|Suicune|391\/391
|-ability|p1a: Suicune|Pressure
|turn|25
|
|move|p1a: Suicune|Calm Mind|p1a: Suicune
|-boost|p1a: Suicune|spa|1
|-boost|p1a: Suicune|spd|1
|move|p2a: Swampert|Earthquake|p1a: Suicune
|-damage|p1a: Suicune|184\/391
|
|-heal|p1a: Suicune|208\/391|[from] item: Leftovers
|turn|26
|
|move|p1a: Suicune|Scald|p2a: Swampert
|-damage|p2a: Swampert|0 fnt
|faint|p2a: Swampert
|
|-heal|p1a: Suicune|232\/391|[from] item: Leftovers
|
|switch|p2a: Magneton|Magneton|140\/242
|turn|27
|
|move|p2a: Magneton|Thunderbolt|p1a: Suicune
|-supereffective|p1a: Suicune
|-damage|p1a: Suicune|0 fnt
|faint|p1a: Suicune
|
|
|switch|p1a: Mienshao|Mienshao, M|146\/271 brn
|turn|28
|
|switch|p2a: Crobat|Crobat, F|262\/332
|move|p1a: Mienshao|High Jump Kick|p2a: Crobat
|-resisted|p2a: Crobat
|-damage|p2a: Crobat|230\/332
|
|-heal|p2a: Crobat|250\/332|[from] item: Black Sludge
|-damage|p1a: Mienshao|113\/271 brn|[from] brn
|turn|29
|
|move|p2a: Crobat|Brave Bird|p1a: Mienshao
|-supereffective|p1a: Mienshao
|-damage|p1a: Mienshao|0 fnt
|-damage|p2a: Crobat|213\/332|[from] recoil|[of] p1a: Mienshao
|faint|p1a: Mienshao
|
|win|SpecsPrimeape
|raw|Ladder updating...
|raw|LionDKaiser1's rating: 1220 &rarr; <strong>1199<\/strong><br \/>(-21 for losing)
|raw|SpecsPrimeape's rating: 1282 &rarr; <strong>1303<\/strong><br \/>(+21 for winning)
|leave|LionDKaiser1
|player|p1