|join|BidoofGotSwag
|join|LionDKaiser1
|player|p1|BidoofGotSwag|143
|player|p2|LionDKaiser1|274
|gametype|singles
|gen|6
|tier|UU
|rated
|rule|Sleep Clause Mod: Limit one foe put to sleep
|rule|Species Clause: Limit one of each PokÃ©mon
|rule|OHKO Clause: OHKO moves are banned
|rule|Moody Clause: Moody is banned
|rule|Evasion Moves Clause: Evasion moves are banned
|rule|Endless Battle Clause: Forcing endless battles is banned
|rule|HP Percentage Mod: HP is shown in percentages
|clearpoke
|poke|p1|Aerodactyl, M
|poke|p1|Azelf
|poke|p1|Whimsicott, F
|poke|p1|Smeargle, M, shiny
|poke|p1|Espeon, M
|poke|p1|Togekiss, F
|poke|p2|Cloyster, F, shiny
|poke|p2|Rotom-Heat
|poke|p2|Suicune, shiny
|poke|p2|Absol, F
|poke|p2|Metagross, shiny
|poke|p2|Victini, shiny
|rule|Swagger Clause: Swagger is banned
|rule|Baton Pass Clause: Limit one PokÃ©mon knowing Baton Pass
|teampreview
|
|start
|switch|p1a: Aerodactyl|Aerodactyl, M|364\/364
|switch|p2a: Absol|Absol, F|271\/271
|-ability|p1a: Aerodactyl|Unnerve|p2: LionDKaiser1
|-ability|p2a: Absol|Pressure
|turn|1
|
|detailschange|p1a: Aerodactyl|Aerodactyl-Mega, M
|message|Aerodactyl has Mega Evolved into Mega Aerodactyl!
|detailschange|p2a: Absol|Absol-Mega, F
|message|Absol has Mega Evolved into Mega Absol!
|move|p2a: Absol|Sucker Punch|p1a: Aerodactyl
|-fail|p1a: Aerodactyl
|move|p1a: Aerodactyl|Tailwind|p1a: Aerodactyl
|-sidestart|p1: BidoofGotSwag|move: Tailwind
|
|turn|2
|
|switch|p2a: Suicune|Suicune, shiny|404\/404
|-ability|p2a: Suicune|Pressure
|move|p1a: Aerodactyl|Stone Edge|p2a: Suicune
|-damage|p2a: Suicune|295\/404
|
|-heal|p2a: Suicune|320\/404|[from] item: Leftovers
|turn|3
|
|move|p1a: Aerodactyl|Taunt|p2a: Suicune
|-start|p2a: Suicune|move: Taunt
|move|p2a: Suicune|Scald|p1a: Aerodactyl
|-supereffective|p1a: Aerodactyl
|-damage|p1a: Aerodactyl|196\/364
|
|-heal|p2a: Suicune|345\/404|[from] item: Leftovers
|turn|4
|
|move|p1a: Aerodactyl|Stealth Rock|p2a: Suicune
|-sidestart|p2: LionDKaiser1|move: Stealth Rock
|move|p2a: Suicune|Scald|p1a: Aerodactyl
|-supereffective|p1a: Aerodactyl
|-damage|p1a: Aerodactyl|8\/364
|
|-heal|p2a: Suicune|370\/404|[from] item: Leftovers
|-sideend|p1: BidoofGotSwag|move: Tailwind
|turn|5
|
|move|p1a: Aerodactyl|Tailwind|p1a: Aerodactyl
|-sidestart|p1: BidoofGotSwag|move: Tailwind
|move|p2a: Suicune|Scald|p1a: Aerodactyl
|-supereffective|p1a: Aerodactyl
|-damage|p1a: Aerodactyl|0 fnt
|faint|p1a: Aerodactyl
|
|-heal|p2a: Suicune|395\/404|[from] item: Leftovers
|-end|p2a: Suicune|move: Taunt
|
|switch|p1a: God|Azelf|354\/354
|turn|6
|
|move|p1a: God|Light Screen|p1a: God
|-sidestart|p1: BidoofGotSwag|move: Light Screen
|move|p2a: Suicune|Scald|p1a: God
|-damage|p1a: God|299\/354
|
|-heal|p2a: Suicune|404\/404|[from] item: Leftovers
|turn|7
|
|switch|p2a: Metagross|Metagross, shiny|364\/364
|-damage|p2a: Metagross|342\/364|[from] Stealth Rock
|move|p1a: God|Reflect|p1a: God
|-sidestart|p1: BidoofGotSwag|Reflect
|
|-heal|p2a: Metagross|364\/364|[from] item: Leftovers
|turn|8
|
|move|p1a: God|Explosion|p2a: Metagross
|-resisted|p2a: Metagross
|-damage|p2a: Metagross|274\/364
|faint|p1a: God
|move|p2a: Metagross|Stealth Rock|p1: God
|-sidestart|p1: BidoofGotSwag|move: Stealth Rock
|
|-heal|p2a: Metagross|296\/364|[from] item: Leftovers
|-sideend|p1: BidoofGotSwag|move: Tailwind
|
|switch|p1a: christ|Whimsicott, F|324\/324
|-damage|p1a: christ|284\/324|[from] Stealth Rock
|turn|9
|
|move|p1a: christ|Tailwind|p1a: christ
|-sidestart|p1: BidoofGotSwag|move: Tailwind
|move|p2a: Metagross|Bullet Punch|p1a: christ
|-supereffective|p1a: christ
|-damage|p1a: christ|184\/324
|
|-heal|p2a: Metagross|318\/364|[from] item: Leftovers
|turn|10
|
|move|p1a: christ|Memento|p2a: Metagross
|-fail|p2a: Metagross|unboost|[from] ability: Clear Body|[of] p2a: Metagross
|faint|p1a: christ
|move|p2a: Metagross|Hone Claws|p2a: Metagross
|-boost|p2a: Metagross|atk|1
|-boost|p2a: Metagross|accuracy|1
|
|-heal|p2a: Metagross|340\/364|[from] item: Leftovers
|
|switch|p1a: Salt|Smeargle, M, shiny|251\/251
|-damage|p1a: Salt|220\/251|[from] Stealth Rock
|turn|11
|
|move|p2a: Metagross|Bullet Punch|p1a: Salt
|-crit|p1a: Salt
|-damage|p1a: Salt|0 fnt
|faint|p1a: Salt
|
|-heal|p2a: Metagross|362\/364|[from] item: Leftovers
|-message|BidoofGotSwag forfeited.
|
|win|LionDKaiser1
|raw|Ladder updating...
|leave|BidoofGotSwag
|player|p1
|raw|BidoofGotSwag's rating: 1253 &rarr; <strong>1236<\/strong><br \/>(-17 for losing)
|raw|LionDKaiser1's rating: 1368 &rarr; <strong>1382<\/strong><br \/>(+14 for winning)