|join|LionDKaiser1
|join|nessman34
|player|p1|LionDKaiser1|274
|player|p2|nessman34|110
|gametype|singles
|gen|6
|tier|UU
|rated
|rule|Sleep Clause Mod: Limit one foe put to sleep
|rule|Species Clause: Limit one of each PokÃ©mon
|rule|OHKO Clause: OHKO moves are banned
|rule|Moody Clause: Moody is banned
|rule|Evasion Moves Clause: Evasion moves are banned
|rule|Endless Battle Clause: Forcing endless battles is banned
|rule|HP Percentage Mod: HP is shown in percentages
|clearpoke
|poke|p1|Galvantula, M
|poke|p1|Darmanitan, M
|poke|p1|Goodra, F
|poke|p1|Aggron, M
|poke|p1|Honchkrow, F
|poke|p1|Slowking, M
|poke|p2|Metagross
|poke|p2|Florges, F
|poke|p2|Houndoom, F
|poke|p2|Honchkrow, F
|poke|p2|Forretress, F
|poke|p2|Nidoking, M
|rule|Swagger Clause: Swagger is banned
|rule|Baton Pass Clause: Limit one PokÃ©mon knowing Baton Pass
|teampreview
|
|start
|switch|p1a: Darmanitan|Darmanitan, M|351\/351
|switch|p2a: Houndoom|Houndoom, F|291\/291
|turn|1
|
|switch|p2a: Forretress|Forretress, F|354\/354
|move|p1a: Darmanitan|Superpower|p2a: Forretress
|-damage|p2a: Forretress|262\/354
|-unboost|p1a: Darmanitan|atk|1
|-unboost|p1a: Darmanitan|def|1
|
|-heal|p2a: Forretress|284\/354|[from] item: Leftovers
|turn|2
|
|switch|p1a: Goodra|Goodra, F|384\/384
|move|p2a: Forretress|Stealth Rock|p1a: Goodra
|-sidestart|p1: LionDKaiser1|move: Stealth Rock
|
|-heal|p2a: Forretress|306\/354|[from] item: Leftovers
|turn|3
|
|switch|p2a: Florges|Florges, F|360\/360
|move|p1a: Goodra|Fire Blast|p2a: Florges
|-damage|p2a: Florges|295\/360
|
|-heal|p2a: Florges|317\/360|[from] item: Leftovers
|turn|4
|
|switch|p2a: Nidoking|Nidoking, M|304\/304
|move|p1a: Goodra|Sludge Wave|p2a: Nidoking
|-resisted|p2a: Nidoking
|-damage|p2a: Nidoking|272\/304
|
|turn|5
|
|move|p2a: Nidoking|Earth Power|p1a: Goodra
|-damage|p1a: Goodra|314\/384
|move|p1a: Goodra|Draco Meteor|p2a: Nidoking
|-damage|p2a: Nidoking|5\/304
|-unboost|p1a: Goodra|spa|2
|
|turn|6
|
|switch|p2a: Florges|Florges, F|317\/360
|move|p1a: Goodra|Sludge Wave|p2a: Florges
|-supereffective|p2a: Florges
|-damage|p2a: Florges|259\/360
|
|-heal|p2a: Florges|281\/360|[from] item: Leftovers
|turn|7
|
|switch|p1a: Aggron|Aggron, M|344\/344
|-damage|p1a: Aggron|323\/344|[from] Stealth Rock
|move|p2a: Florges|Moonblast|p1a: Aggron
|-resisted|p1a: Aggron
|-damage|p1a: Aggron|250\/344
|-unboost|p1a: Aggron|spa|1
|
|-heal|p2a: Florges|303\/360|[from] item: Leftovers
|turn|8
|
|switch|p2a: Nidoking|Nidoking, M|5\/304
|detailschange|p1a: Aggron|Aggron-Mega, M
|message|Aggron has Mega Evolved into Mega Aggron!
|move|p1a: Aggron|Stealth Rock|p2a: Nidoking
|-sidestart|p2: nessman34|move: Stealth Rock
|
|turn|9
|
|switch|p1a: Goodra|Goodra, F|314\/384
|-damage|p1a: Goodra|266\/384|[from] Stealth Rock
|move|p2a: Nidoking|Ice Beam|p1a: Goodra
|-supereffective|p1a: Goodra
|-damage|p1a: Goodra|174\/384
|
|turn|10
|
|move|p2a: Nidoking|Ice Beam|p1a: Goodra
|-supereffective|p1a: Goodra
|-damage|p1a: Goodra|72\/384
|move|p1a: Goodra|Sludge Wave|p2a: Nidoking
|-resisted|p2a: Nidoking
|-damage|p2a: Nidoking|0 fnt
|faint|p2a: Nidoking
|
|
|switch|p2a: Honchkrow|Honchkrow, F|342\/342
|-damage|p2a: Honchkrow|257\/342|[from] Stealth Rock
|turn|11
|
|switch|p1a: Aggron|Aggron-Mega, M|250\/344
|-damage|p1a: Aggron|229\/344|[from] Stealth Rock
|move|p2a: Honchkrow|Sucker Punch|p1a: Aggron
|-fail|p1a: Aggron
|
|turn|12
|
|switch|p2a: Forretress|Forretress, F|306\/354
|-damage|p2a: Forretress|262\/354|[from] Stealth Rock
|move|p1a: Aggron|Toxic|p2a: Forretress|[miss]
|-miss|p1a: Aggron|p2a: Forretress
|
|-heal|p2a: Forretress|284\/354|[from] item: Leftovers
|turn|13
|
|switch|p1a: Galvantula|Galvantula, M|281\/281
|-damage|p1a: Galvantula|211\/281|[from] Stealth Rock
|move|p2a: Forretress|Toxic Spikes|p1a: Galvantula
|-sidestart|p1: LionDKaiser1|move: Toxic Spikes
|
|-heal|p2a: Forretress|306\/354|[from] item: Leftovers
|turn|14
|
|move|p1a: Galvantula|Thunder|p2a: Forretress
|-crit|p2a: Forretress
|-damage|p2a: Forretress|0 fnt
|faint|p2a: Forretress
|
|
|switch|p2a: Houndoom|Houndoom, F|291\/291
|-damage|p2a: Houndoom|219\/291|[from] Stealth Rock
|turn|15
|
|detailschange|p2a: Houndoom|Houndoom-Mega, F
|message|Houndoom has Mega Evolved into Mega Houndoom!
|move|p1a: Galvantula|Thunder|p2a: Houndoom|[miss]
|-miss|p1a: Galvantula|p2a: Houndoom
|move|p2a: Houndoom|Nasty Plot|p2a: Houndoom
|-boost|p2a: Houndoom|spa|2
|
|turn|16
|
|move|p2a: Houndoom|Flamethrower|p1a: Galvantula
|-supereffective|p1a: Galvantula
|-damage|p1a: Galvantula|0 fnt
|faint|p1a: Galvantula
|
|
|switch|p1a: Darmanitan|Darmanitan, M|351\/351
|-damage|p1a: Darmanitan|264\/351|[from] Stealth Rock
|-status|p1a: Darmanitan|psn
|turn|17
|
|switch|p2a: Metagross|Metagross|340\/340
|-damage|p2a: Metagross|319\/340|[from] Stealth Rock
|move|p1a: Darmanitan|Superpower|p2a: Metagross
|-damage|p2a: Metagross|194\/340
|-unboost|p1a: Darmanitan|atk|1
|-unboost|p1a: Darmanitan|def|1
|
|-damage|p1a: Darmanitan|221\/351 psn|[from] psn
|turn|18
|
|switch|p1a: Goodra|Goodra, F|72\/384
|-status|p1a: Goodra|psn
|-damage|p1a: Goodra|24\/384 psn|[from] Stealth Rock
|switch|p2a: Houndoom|Houndoom-Mega, F|219\/291
|-damage|p2a: Houndoom|147\/291|[from] Stealth Rock
|
|-damage|p1a: Goodra|0 fnt|[from] psn
|faint|p1a: Goodra
|
|switch|p1a: Aggron|Aggron-Mega, M|229\/344
|-damage|p1a: Aggron|208\/344|[from] Stealth Rock
|turn|19
|
|move|p2a: Houndoom|Flamethrower|p1a: Aggron
|-supereffective|p1a: Aggron
|-damage|p1a: Aggron|0 fnt
|faint|p1a: Aggron
|
|
|switch|p1a: Darmanitan|Darmanitan, M|221\/351 psn
|-damage|p1a: Darmanitan|134\/351 psn|[from] Stealth Rock
|turn|20
|
|move|p2a: Houndoom|Sucker Punch|p1a: Darmanitan
|-damage|p1a: Darmanitan|5\/351 psn
|move|p1a: Darmanitan|Superpower|p2a: Houndoom
|-supereffective|p2a: Houndoom
|-damage|p2a: Houndoom|0 fnt
|-unboost|p1a: Darmanitan|atk|1
|-unboost|p1a: Darmanitan|def|1
|faint|p2a: Houndoom
|
|-damage|p1a: Darmanitan|0 fnt|[from] psn
|faint|p1a: Darmanitan
|
|switch|p1a: Honchkrow|Honchkrow, F|341\/341
|-damage|p1a: Honchkrow|256\/341|[from] Stealth Rock
|switch|p2a: Honchkrow|Honchkrow, F|257\/342
|-damage|p2a: Honchkrow|172\/342|[from] Stealth Rock
|turn|21
|
|move|p2a: Honchkrow|Brave Bird|p1a: Honchkrow
|-damage|p1a: Honchkrow|0 fnt
|-damage|p2a: Honchkrow|88\/342|[from] recoil|[of] p1a: Honchkrow
|-damage|p2a: Honchkrow|54\/342|[from] item: Life Orb
|faint|p1a: Honchkrow
|-boost|p2a: Honchkrow|atk|1|[from] ability: Moxie
|
|
|switch|p1a: Slowking|Slowking, M|391\/391
|-damage|p1a: Slowking|343\/391|[from] Stealth Rock
|-status|p1a: Slowking|psn
|turn|22
|
|move|p2a: Honchkrow|Sucker Punch|p1a: Slowking
|-supereffective|p1a: Slowking
|-damage|p1a: Slowking|0 fnt
|-damage|p2a: Honchkrow|20\/342|[from] item: Life Orb
|faint|p1a: Slowking
|-boost|p2a: Honchkrow|atk|1|[from] ability: Moxie
|
|win|nessman34
|raw|Ladder updating...
|raw|LionDKaiser1's rating: 1326 &rarr; <strong>1299<\/strong><br \/>(-27 for losing)
|raw|nessman34's rating: 1199 &rarr; <strong>1233<\/strong><br \/>(+34 for winning)
|c|ânessman34|gg