|join|LionDKaiser1
|join|zShanker
|player|p1|LionDKaiser1|274
|player|p2|zShanker|145
|gametype|singles
|gen|6
|tier|UU
|rule|Sleep Clause Mod: Limit one foe put to sleep
|rule|Species Clause: Limit one of each PokÃ©mon
|rule|OHKO Clause: OHKO moves are banned
|rule|Moody Clause: Moody is banned
|rule|Evasion Moves Clause: Evasion moves are banned
|rule|Endless Battle Clause: Forcing endless battles is banned
|rule|HP Percentage Mod: HP is shown in percentages
|clearpoke
|poke|p1|Cloyster, M, shiny
|poke|p1|Rotom-Heat
|poke|p1|Suicune, shiny
|poke|p1|Absol, F
|poke|p1|Metagross, shiny
|poke|p1|Entei, shiny
|poke|p2|Infernape, F
|poke|p2|Aerodactyl, F
|poke|p2|Tentacruel, F
|poke|p2|Hydreigon, F
|poke|p2|Mienshao, M
|poke|p2|Donphan, M
|rule|Swagger Clause: Swagger is banned
|rule|Baton Pass Clause: Limit one PokÃ©mon knowing Baton Pass
|teampreview
|
|start
|switch|p1a: Cloyster|Cloyster, M, shiny|242\/242
|switch|p2a: InDenOut|Mienshao, M|272\/272
|turn|1
|join|skater44
|
|switch|p1a: Rotom-Heat|Rotom-Heat|241\/241
|move|p2a: InDenOut|Fake Out|p1a: Rotom-Heat
|-damage|p1a: Rotom-Heat|186\/241
|-damage|p2a: InDenOut|245\/272|[from] item: Life Orb
|
|turn|2
|join|drebae
|c| skater44|roomvoice me
|c| skater44|just in case
|
|switch|p2a: Tentaghoul|Tentacruel, F|364\/364
|move|p1a: Rotom-Heat|Trick|p2a: Tentaghoul
|-activate|p1a: Rotom-Heat|move: Trick|[of] p2a: Tentaghoul
|-item|p2a: Tentaghoul|Flame Orb|[from] move: Trick
|-item|p1a: Rotom-Heat|Black Sludge|[from] move: Trick
|
|-damage|p1a: Rotom-Heat|156\/241|[from] item: Black Sludge
|-status|p2a: Tentaghoul|brn|[from] item: Flame Orb
|turn|3
|c|âLionDKaiser1|i will later
|c| skater44|ok
|join|borrador
|c| drebae|no me im better.
|
|move|p2a: Tentaghoul|Toxic Spikes|p1a: Rotom-Heat
|-sidestart|p1: LionDKaiser1|move: Toxic Spikes
|move|p1a: Rotom-Heat|Thunderbolt|p2a: Tentaghoul
|-supereffective|p2a: Tentaghoul
|-damage|p2a: Tentaghoul|166\/364 brn
|
|-damage|p1a: Rotom-Heat|126\/241|[from] item: Black Sludge
|-damage|p2a: Tentaghoul|121\/364 brn|[from] brn
|turn|4
|c| skater44|screw u babe u cheated on me
|c| drebae|i beat skater44 in uu
|join|neilk
|
|move|p2a: Tentaghoul|Toxic Spikes|p1a: Rotom-Heat
|-sidestart|p1: LionDKaiser1|move: Toxic Spikes
|move|p1a: Rotom-Heat|Thunderbolt|p2a: Tentaghoul
|-supereffective|p2a: Tentaghoul
|-damage|p2a: Tentaghoul|0 fnt
|faint|p2a: Tentaghoul
|
|-damage|p1a: Rotom-Heat|96\/241|[from] item: Black Sludge
|join|tseka
|c| tseka|noobs
|leave|borrador
|c| tseka|noobs everywhere
|join|qc2chd
|leave|tseka
|c| skater44|shut the fuck up tseka
|c| drebae|ya
|
|switch|p2a: InDenOut|Mienshao, M|272\/272
|turn|5
|
|switch|p1a: Metagross|Metagross, shiny|364\/364
|move|p2a: InDenOut|Fake Out|p1a: Metagross
|-resisted|p1a: Metagross
|-damage|p1a: Metagross|339\/364
|-damage|p2a: InDenOut|245\/272|[from] item: Life Orb
|
|-heal|p1a: Metagross|361\/364|[from] item: Leftovers
|turn|6
|c| drebae|i challenge you to a uu battle teska
|
|move|p2a: InDenOut|Knock Off|p1a: Metagross
|-supereffective|p1a: Metagross
|-damage|p1a: Metagross|137\/364
|-enditem|p1a: Metagross|Leftovers|[from] move: Knock Off|[of] p2a: InDenOut
|-damage|p2a: InDenOut|218\/272|[from] item: Life Orb
|move|p1a: Metagross|Stealth Rock|p2a: InDenOut
|-sidestart|p2: zShanker|move: Stealth Rock
|
|turn|7
|
|move|p1a: Metagross|Bullet Punch|p2a: InDenOut
|-damage|p2a: InDenOut|94\/272
|move|p2a: InDenOut|Knock Off|p1a: Metagross
|-supereffective|p1a: Metagross
|-damage|p1a: Metagross|0 fnt
|-damage|p2a: InDenOut|67\/272|[from] item: Life Orb
|faint|p1a: Metagross
|
|c| neilk|i would insert michael jackson popcorn meme here right now but i cant
|
|switch|p1a: Entei|Entei, shiny|372\/372
|-status|p1a: Entei|tox
|-ability|p1a: Entei|Pressure
|turn|8
|
|move|p1a: Entei|Extreme Speed|p2a: InDenOut
|-damage|p2a: InDenOut|0 fnt
|faint|p2a: InDenOut
|
|-damage|p1a: Entei|349\/372 tox|[from] psn
|c| neilk|come on shanker, avenge me dammit
|
|switch|p2a: Pumbaa|Donphan, M|384\/384
|-damage|p2a: Pumbaa|360\/384|[from] Stealth Rock
|turn|9
|
|switch|p1a: Rotom-Heat|Rotom-Heat|96\/241
|move|p2a: Pumbaa|Stealth Rock|p1a: Rotom-Heat
|-sidestart|p1: LionDKaiser1|move: Stealth Rock
|
|-damage|p1a: Rotom-Heat|66\/241|[from] item: Black Sludge
|-heal|p2a: Pumbaa|384\/384|[from] item: Leftovers
|turn|10
|
|move|p1a: Rotom-Heat|Trick|p2a: Pumbaa
|-activate|p1a: Rotom-Heat|move: Trick|[of] p2a: Pumbaa
|-item|p2a: Pumbaa|Black Sludge|[from] move: Trick
|-item|p1a: Rotom-Heat|Leftovers|[from] move: Trick
|move|p2a: Pumbaa|Knock Off|p1a: Rotom-Heat
|-damage|p1a: Rotom-Heat|0 fnt
|-enditem|p1a: Rotom-Heat|Leftovers|[from] move: Knock Off|[of] p2a: Pumbaa
|faint|p1a: Rotom-Heat
|
|-damage|p2a: Pumbaa|336\/384|[from] item: Black Sludge
|
|switch|p1a: Cloyster|Cloyster, M, shiny|242\/242
|-status|p1a: Cloyster|tox
|-damage|p1a: Cloyster|182\/242 tox|[from] Stealth Rock
|turn|11
|
|move|p1a: Cloyster|Icicle Spear|p2a: Pumbaa
|-supereffective|p2a: Pumbaa
|-damage|p2a: Pumbaa|264\/384
|-supereffective|p2a: Pumbaa
|-damage|p2a: Pumbaa|192\/384
|-supereffective|p2a: Pumbaa
|-damage|p2a: Pumbaa|120\/384
|-supereffective|p2a: Pumbaa
|-damage|p2a: Pumbaa|54\/384
|-supereffective|p2a: Pumbaa
|-damage|p2a: Pumbaa|0 fnt
|-hitcount|p2a: Pumbaa|5
|faint|p2a: Pumbaa
|
|-damage|p1a: Cloyster|167\/242 tox|[from] psn
|
|switch|p2a: Bananas <3|Infernape, F|294\/294
|-damage|p2a: Bananas <3|258\/294|[from] Stealth Rock
|turn|12
|
|move|p2a: Bananas <3|Close Combat|p1a: Cloyster
|-supereffective|p1a: Cloyster
|-damage|p1a: Cloyster|0 fnt
|-unboost|p2a: Bananas <3|def|1
|-unboost|p2a: Bananas <3|spd|1
|faint|p1a: Cloyster
|
|
|switch|p1a: Suicune|Suicune, shiny|404\/404
|-damage|p1a: Suicune|354\/404|[from] Stealth Rock
|-status|p1a: Suicune|tox
|-ability|p1a: Suicune|Pressure
|turn|13
|c| neilk|GOOO BANANAS!!!
|join|kingenvoy
|
|switch|p2a: AeroToTheD|Aerodactyl, F|302\/302
|-damage|p2a: AeroToTheD|227\/302|[from] Stealth Rock
|move|p1a: Suicune|Rest|p1a: Suicune
|-status|p1a: Suicune|slp
|-heal|p1a: Suicune|404\/404 slp|[silent]
|-status|p1a: Suicune|slp|[from] move: Rest
|
|turn|14
|leave|qc2chd
|
|detailschange|p2a: AeroToTheD|Aerodactyl-Mega, F
|message|Aerodactyl has Mega Evolved into Mega Aerodactyl!
|move|p2a: AeroToTheD|Thunder Fang|p1a: Suicune
|-supereffective|p1a: Suicune
|-damage|p1a: Suicune|246\/404 slp
|cant|p1a: Suicune|slp
|move|p1a: Suicune|Sleep Talk|p1a: Suicune
|move|p1a: Suicune|Rest|p1a: Suicune|[from]Sleep Talk
|-fail|p1a: Suicune
|
|-heal|p1a: Suicune|271\/404 slp|[from] item: Leftovers
|turn|15
|
|move|p2a: AeroToTheD|Thunder Fang|p1a: Suicune
|-supereffective|p1a: Suicune
|-damage|p1a: Suicune|125\/404 slp
|cant|p1a: Suicune|slp
|cant|p1a: Suicune|flinch
|
|-heal|p1a: Suicune|150\/404 slp|[from] item: Leftovers
|turn|16
|
|move|p2a: AeroToTheD|Thunder Fang|p1a: Suicune
|-crit|p1a: Suicune
|-supereffective|p1a: Suicune
|-damage|p1a: Suicune|0 fnt
|faint|p1a: Suicune
|
|
|switch|p1a: Absol|Absol, F|271\/271
|-damage|p1a: Absol|238\/271|[from] Stealth Rock
|-status|p1a: Absol|tox
|-ability|p1a: Absol|Pressure
|turn|17
|
|detailschange|p1a: Absol|Absol-Mega, F
|message|Absol has Mega Evolved into Mega Absol!
|move|p1a: Absol|Sucker Punch|p2a: AeroToTheD
|-damage|p2a: AeroToTheD|32\/302
|move|p2a: AeroToTheD|Stone Edge|p1a: Absol
|-damage|p1a: Absol|0 fnt
|faint|p1a: Absol
|
|
|switch|p1a: Entei|Entei, shiny|349\/372 tox
|-damage|p1a: Entei|256\/372 tox|[from] Stealth Rock
|-ability|p1a: Entei|Pressure
|turn|18
|c|âzShanker|gg
|
|move|p1a: Entei|Extreme Speed|p2a: AeroToTheD
|-resisted|p2a: AeroToTheD
|-damage|p2a: AeroToTheD|0 fnt
|faint|p2a: AeroToTheD
|
|-damage|p1a: Entei|233\/372 tox|[from] psn
|leave|drebae
|join|zznath
|
|switch|p2a: Bananas <3|Infernape, F|258\/294
|-damage|p2a: Bananas <3|222\/294|[from] Stealth Rock
|turn|19
|
|move|p1a: Entei|Extreme Speed|p2a: Bananas <3
|-damage|p2a: Bananas <3|39\/294
|move|p2a: Bananas <3|Earthquake|p1a: Entei
|-supereffective|p1a: Entei
|-damage|p1a: Entei|0 fnt
|faint|p1a: Entei
|
|win|zShanker
|c| neilk|come on bananas!!! get it!
|c| neilk|YEEEEEEEEAAA
|leave|neilk