|join|LionDKaiser1
|join|DeMoNDxx
|player|p1|LionDKaiser1|274
|player|p2|DeMoNDxx|265
|gametype|singles
|gen|6
|tier|UU
|rated
|rule|Sleep Clause Mod: Limit one foe put to sleep
|rule|Species Clause: Limit one of each PokÃ©mon
|rule|OHKO Clause: OHKO moves are banned
|rule|Moody Clause: Moody is banned
|rule|Evasion Moves Clause: Evasion moves are banned
|rule|Endless Battle Clause: Forcing endless battles is banned
|rule|HP Percentage Mod: HP is shown in percentages
|clearpoke
|poke|p1|Haxorus, M
|poke|p1|Darmanitan, M
|poke|p1|Blissey, F
|poke|p1|Aggron, M
|poke|p1|Scrafty, F
|poke|p1|Slowking, M
|poke|p2|Scrafty, M
|poke|p2|Suicune
|poke|p2|Toxicroak, F
|poke|p2|Honchkrow, F
|poke|p2|Noivern, F
|poke|p2|Infernape, M
|rule|Swagger Clause: Swagger is banned
|rule|Baton Pass Clause: Limit one PokÃ©mon knowing Baton Pass
|teampreview
|
|start
|switch|p1a: Slowking|Slowking, M|391\/391
|switch|p2a: Goku The Monkey Ki|Infernape, M|293\/293
|turn|1
|
|move|p2a: Goku The Monkey Ki|U-turn|p1a: Slowking
|-supereffective|p1a: Slowking
|-damage|p1a: Slowking|273\/391
|
|switch|p2a: Crofty|Scrafty, M|334\/334
|move|p1a: Slowking|Psyshock|p2a: Crofty
|-immune|p2a: Crofty|[msg]
|
|-heal|p1a: Slowking|297\/391|[from] item: Leftovers
|turn|2
|
|move|p2a: Crofty|Bulk Up|p2a: Crofty
|-boost|p2a: Crofty|atk|1
|-boost|p2a: Crofty|def|1
|move|p1a: Slowking|Scald|p2a: Crofty
|-crit|p2a: Crofty
|-damage|p2a: Crofty|246\/334
|
|-heal|p2a: Crofty|266\/334|[from] item: Leftovers
|-heal|p1a: Slowking|321\/391|[from] item: Leftovers
|turn|3
|
|switch|p1a: Darmanitan|Darmanitan, M|351\/351
|move|p2a: Crofty|Bulk Up|p2a: Crofty
|-boost|p2a: Crofty|atk|1
|-boost|p2a: Crofty|def|1
|
|-heal|p2a: Crofty|286\/334|[from] item: Leftovers
|turn|4
|
|move|p1a: Darmanitan|Superpower|p2a: Crofty
|-supereffective|p2a: Crofty
|-damage|p2a: Crofty|146\/334
|-unboost|p1a: Darmanitan|atk|1
|-unboost|p1a: Darmanitan|def|1
|move|p2a: Crofty|Bulk Up|p2a: Crofty
|-boost|p2a: Crofty|atk|1
|-boost|p2a: Crofty|def|1
|
|-heal|p2a: Crofty|166\/334|[from] item: Leftovers
|turn|5
|
|switch|p1a: Slowking|Slowking, M|391\/391
|move|p2a: Crofty|Drain Punch|p1a: Slowking
|-resisted|p1a: Slowking
|-damage|p1a: Slowking|313\/391
|-heal|p2a: Crofty|205\/334|[from] drain|[of] p1a: Slowking
|
|-heal|p2a: Crofty|225\/334|[from] item: Leftovers
|-heal|p1a: Slowking|337\/391|[from] item: Leftovers
|turn|6
|
|move|p2a: Crofty|Bulk Up|p2a: Crofty
|-boost|p2a: Crofty|atk|1
|-boost|p2a: Crofty|def|1
|move|p1a: Slowking|Scald|p2a: Crofty
|-damage|p2a: Crofty|165\/334
|-status|p2a: Crofty|brn
|
|-heal|p2a: Crofty|185\/334 brn|[from] item: Leftovers
|-heal|p1a: Slowking|361\/391|[from] item: Leftovers
|-damage|p2a: Crofty|144\/334 brn|[from] brn
|turn|7
|
|move|p2a: Crofty|Rest|p2a: Crofty
|-status|p2a: Crofty|slp
|-heal|p2a: Crofty|334\/334 slp|[silent]
|-status|p2a: Crofty|slp|[from] move: Rest
|move|p1a: Slowking|Calm Mind|p1a: Slowking
|-boost|p1a: Slowking|spa|1
|-boost|p1a: Slowking|spd|1
|
|-heal|p1a: Slowking|385\/391|[from] item: Leftovers
|turn|8
|
|cant|p2a: Crofty|slp
|move|p1a: Slowking|Calm Mind|p1a: Slowking
|-boost|p1a: Slowking|spa|1
|-boost|p1a: Slowking|spd|1
|
|-heal|p1a: Slowking|391\/391|[from] item: Leftovers
|turn|9
|
|cant|p2a: Crofty|slp
|move|p1a: Slowking|Scald|p2a: Crofty
|-damage|p2a: Crofty|219\/334 slp
|
|-activate|p2a: Crofty|ability: Shed Skin
|-curestatus|p2a: Crofty|slp
|-heal|p2a: Crofty|239\/334|[from] item: Leftovers
|turn|10
|
|move|p2a: Crofty|Knock Off|p1a: Slowking
|-supereffective|p1a: Slowking
|-damage|p1a: Slowking|0 fnt
|-enditem|p1a: Slowking|Leftovers|[from] move: Knock Off|[of] p2a: Crofty
|faint|p1a: Slowking
|
|-heal|p2a: Crofty|259\/334|[from] item: Leftovers
|c|âDeMoNDxx|u just got sweep
|c|âDeMoNDxx|xd
|
|switch|p1a: Scrafty|Scrafty, F|334\/334
|turn|11
|
|move|p1a: Scrafty|Knock Off|p2a: Crofty
|-resisted|p2a: Crofty
|-damage|p2a: Crofty|252\/334
|-enditem|p2a: Crofty|Leftovers|[from] move: Knock Off|[of] p1a: Scrafty
|move|p2a: Crofty|Drain Punch|p1a: Scrafty
|-supereffective|p1a: Scrafty
|-damage|p1a: Scrafty|0 fnt
|-heal|p2a: Crofty|334\/334|[from] drain|[of] p1a: Scrafty
|faint|p1a: Scrafty
|
|
|switch|p1a: Blissey|Blissey, F|714\/714
|turn|12
|
|move|p2a: Crofty|Drain Punch|p1a: Blissey
|-supereffective|p1a: Blissey
|-damage|p1a: Blissey|0 fnt
|faint|p1a: Blissey
|
|
|switch|p1a: Darmanitan|Darmanitan, M|351\/351
|turn|13
|
|move|p1a: Darmanitan|Superpower|p2a: Crofty
|-supereffective|p2a: Crofty
|-damage|p2a: Crofty|252\/334
|-unboost|p1a: Darmanitan|atk|1
|-unboost|p1a: Darmanitan|def|1
|move|p2a: Crofty|Drain Punch|p1a: Darmanitan
|-crit|p1a: Darmanitan
|-damage|p1a: Darmanitan|0 fnt
|-heal|p2a: Crofty|334\/334|[from] drain|[of] p1a: Darmanitan
|faint|p1a: Darmanitan
|
|
|switch|p1a: Aggron|Aggron, M|344\/344
|turn|14
|
|detailschange|p1a: Aggron|Aggron-Mega, M
|message|Aggron has Mega Evolved into Mega Aggron!
|move|p2a: Crofty|Drain Punch|p1a: Aggron
|-supereffective|p1a: Aggron
|-damage|p1a: Aggron|178\/344
|move|p1a: Aggron|Toxic|p2a: Crofty
|-status|p2a: Crofty|tox
|
|-damage|p2a: Crofty|314\/334 tox|[from] psn
|turn|15
|
|move|p2a: Crofty|Drain Punch|p1a: Aggron
|-supereffective|p1a: Aggron
|-damage|p1a: Aggron|6\/344
|-heal|p2a: Crofty|334\/334 tox|[from] drain|[of] p1a: Aggron
|move|p1a: Aggron|Heavy Slam|p2a: Crofty
|-damage|p2a: Crofty|279\/334 tox
|
|-activate|p2a: Crofty|ability: Shed Skin
|-curestatus|p2a: Crofty|tox
|turn|16
|
|move|p2a: Crofty|Drain Punch|p1a: Aggron
|-supereffective|p1a: Aggron
|-damage|p1a: Aggron|0 fnt
|-heal|p2a: Crofty|282\/334|[from] drain|[of] p1a: Aggron
|faint|p1a: Aggron
|
|
|switch|p1a: Haxorus|Haxorus, M|294\/294
|-ability|p1a: Haxorus|Mold Breaker
|turn|17
|
|move|p1a: Haxorus|Dragon Dance|p1a: Haxorus
|-boost|p1a: Haxorus|atk|1
|-boost|p1a: Haxorus|spe|1
|move|p2a: Crofty|Drain Punch|p1a: Haxorus
|-damage|p1a: Haxorus|23\/294
|-heal|p2a: Crofty|334\/334|[from] drain|[of] p1a: Haxorus
|
|turn|18
|
|move|p1a: Haxorus|Outrage|p2a: Crofty
|-damage|p2a: Crofty|220\/334
|move|p2a: Crofty|Drain Punch|p1a: Haxorus
|-damage|p1a: Haxorus|0 fnt
|-heal|p2a: Crofty|232\/334|[from] drain|[of] p1a: Haxorus
|faint|p1a: Haxorus
|
|win|DeMoNDxx
|raw|Ladder updating...
|raw|LionDKaiser1's rating: 1325 &rarr; <strong>1301<\/strong><br \/>(-24 for losing)
|raw|DeMoNDxx's rating: 1257 &rarr; <strong>1287<\/strong><br \/>(+30 for winning)
|leave|LionDKaiser1
|player|p1