|join|so long lonesome
|join|Example1925
|player|p1|so long lonesome|244
|player|p2|Example1925|137
|gametype|singles
|gen|6
|tier|OU
|rated
|clearpoke
|poke|p1|Keldeo-Resolute
|poke|p1|Venusaur, F
|poke|p1|Starmie
|poke|p1|Tornadus-Therian, M
|poke|p1|Gliscor, F
|poke|p1|Crawdaunt, M
|poke|p2|Quagsire, M
|poke|p2|Heatran, M
|poke|p2|Venusaur, M
|poke|p2|Latios, M
|poke|p2|Bisharp, F
|poke|p2|Raikou
|rule|Swagger Clause: Swagger is banned
|rule|Baton Pass Clause: Limit one PokÃ©mon knowing Baton Pass
|rule|Sleep Clause Mod: Limit one foe put to sleep
|rule|Species Clause: Limit one of each PokÃ©mon
|rule|OHKO Clause: OHKO moves are banned
|rule|Moody Clause: Moody is banned
|rule|Evasion Moves Clause: Evasion moves are banned
|rule|Endless Battle Clause: Forcing endless battles is banned
|rule|HP Percentage Mod: HP is shown in percentages
|teampreview
|
|start
|switch|p1a: oh boi|Crawdaunt, M|267\/267
|switch|p2a: Raikou|Raikou|321\/321
|-ability|p2a: Raikou|Pressure
|turn|1
|
|switch|p1a: show gratitude|Gliscor, F|353\/353
|move|p2a: Raikou|Volt Switch|p1a: show gratitude
|-immune|p1a: show gratitude|[msg]
|
|-status|p1a: show gratitude|tox|[from] item: Toxic Orb
|turn|2
|
|switch|p2a: Venusaur|Venusaur, M|363\/363
|switch|p1a: just not leaving|Venusaur, F|341\/341
|
|turn|3
|
|detailschange|p1a: just not leaving|Venusaur-Mega, F
|-mega|p1a: just not leaving|Venusaur|Venusaurite
|detailschange|p2a: Venusaur|Venusaur-Mega, M
|-mega|p2a: Venusaur|Venusaur|Venusaurite
|move|p1a: just not leaving|Sludge Bomb|p2a: Venusaur
|-damage|p2a: Venusaur|261\/363
|move|p2a: Venusaur|Sludge Bomb|p1a: just not leaving
|-damage|p1a: just not leaving|226\/341
|
|turn|4
|
|switch|p1a: show gratitude|Gliscor, F|353\/353 tox
|move|p2a: Venusaur|Sludge Bomb|p1a: show gratitude
|-resisted|p1a: show gratitude
|-damage|p1a: show gratitude|289\/353 tox
|
|-heal|p1a: show gratitude|333\/353 tox|[from] ability: Poison Heal
|turn|5
|
|move|p1a: show gratitude|Baton Pass|p1a: show gratitude
|
|switch|p1a: heavens backbone|Tornadus-Therian, M|309\/309
|move|p2a: Venusaur|Giga Drain|p1a: heavens backbone
|-resisted|p1a: heavens backbone
|-damage|p1a: heavens backbone|269\/309
|-heal|p2a: Venusaur|281\/363|[from] drain|[of] p1a: heavens backbone
|
|turn|6
|
|switch|p2a: Raikou|Raikou|321\/321
|-ability|p2a: Raikou|Pressure
|move|p1a: heavens backbone|U-turn|p2a: Raikou
|-damage|p2a: Raikou|259\/321
|
|switch|p1a: just not leaving|Venusaur-Mega, F|226\/341
|
|turn|7
|
|move|p2a: Raikou|Volt Switch|p1a: just not leaving
|-resisted|p1a: just not leaving
|-damage|p1a: just not leaving|156\/341
|
|switch|p2a: Heatran|Heatran, M|386\/386
|move|p1a: just not leaving|Synthesis|p1a: just not leaving
|-heal|p1a: just not leaving|326\/341
|
|turn|8
|
|switch|p1a: krengverein|Starmie|323\/323
|move|p2a: Heatran|Stealth Rock|p1a: krengverein
|-sidestart|p1: so long lonesome|move: Stealth Rock
|
|turn|9
|
|switch|p2a: Raikou|Raikou|259\/321
|-ability|p2a: Raikou|Pressure
|move|p1a: krengverein|Rapid Spin|p2a: Raikou
|-damage|p2a: Raikou|247\/321
|-sideend|p1: so long lonesome|Stealth Rock|[from] move: Rapid Spin|[of] p1a: krengverein
|
|turn|10
|
|switch|p1a: just not leaving|Venusaur-Mega, F|326\/341
|move|p2a: Raikou|Hidden Power|p1a: just not leaving
|-supereffective|p1a: just not leaving
|-damage|p1a: just not leaving|236\/341
|
|turn|11
|
|switch|p2a: Heatran|Heatran, M|386\/386
|switch|p1a: oh boi|Crawdaunt, M|267\/267
|
|turn|12
|
|switch|p2a: Quagsire|Quagsire, M|394\/394
|move|p1a: oh boi|Knock Off|p2a: Quagsire
|-damage|p2a: Quagsire|86\/394
|-enditem|p2a: Quagsire|Leftovers|[from] move: Knock Off|[of] p1a: oh boi
|
|turn|13
|
|switch|p2a: Venusaur|Venusaur-Mega, M|281\/363
|move|p1a: oh boi|Knock Off|p2a: Venusaur
|-damage|p2a: Venusaur|83\/363
|
|turn|14
|
|switch|p1a: heavens backbone|Tornadus-Therian, M|309\/309
|move|p2a: Venusaur|Synthesis|p2a: Venusaur
|-heal|p2a: Venusaur|264\/363
|
|turn|15
|
|switch|p2a: Heatran|Heatran, M|386\/386
|move|p1a: heavens backbone|U-turn|p2a: Heatran
|-resisted|p2a: Heatran
|-damage|p2a: Heatran|375\/386
|
|switch|p1a: oh boi|Crawdaunt, M|267\/267
|
|-heal|p2a: Heatran|386\/386|[from] item: Leftovers
|turn|16
|
|move|p2a: Heatran|Protect|p2a: Heatran
|-singleturn|p2a: Heatran|Protect
|move|p1a: oh boi|Crabhammer|p2a: Heatran
|-activate|p2a: Heatran|Protect
|
|turn|17
|
|switch|p2a: Latios|Latios, M|301\/301
|move|p1a: oh boi|Crabhammer|p2a: Latios
|-resisted|p2a: Latios
|-damage|p2a: Latios|75\/301
|
|turn|18
|
|switch|p1a: heavens backbone|Tornadus-Therian, M|309\/309
|move|p2a: Latios|Draco Meteor|p1a: heavens backbone
|-damage|p1a: heavens backbone|89\/309
|-unboost|p2a: Latios|spa|2
|-damage|p2a: Latios|45\/301|[from] item: Life Orb
|
|turn|19
|
|switch|p2a: Bisharp|Bisharp, F|271\/271
|move|p1a: heavens backbone|U-turn|p2a: Bisharp
|-damage|p2a: Bisharp|221\/271
|
|switch|p1a: show gratitude|Gliscor, F|333\/353 tox
|
|-heal|p1a: show gratitude|353\/353 tox|[from] ability: Poison Heal
|turn|20
|
|switch|p2a: Venusaur|Venusaur-Mega, M|264\/363
|move|p1a: show gratitude|Substitute|p1a: show gratitude
|-start|p1a: show gratitude|Substitute
|-damage|p1a: show gratitude|265\/353 tox
|
|-heal|p1a: show gratitude|309\/353 tox|[from] ability: Poison Heal
|turn|21
|
|move|p1a: show gratitude|Baton Pass|p1a: show gratitude
|
|switch|p1a: heavens backbone|Tornadus-Therian, M|192\/309
|move|p2a: Venusaur|Giga Drain|p1a: heavens backbone
|-resisted|p1a: heavens backbone
|-activate|p1a: heavens backbone|Substitute|[damage]
|-heal|p2a: Venusaur|283\/363|[from] drain|[of] p1a: heavens backbone
|
|turn|22
|
|switch|p2a: Raikou|Raikou|247\/321
|-ability|p2a: Raikou|Pressure
|move|p1a: heavens backbone|Knock Off|p2a: Raikou
|-damage|p2a: Raikou|167\/321
|-enditem|p2a: Raikou|Choice Specs|[from] move: Knock Off|[of] p1a: heavens backbone
|
|turn|23
|
|move|p1a: heavens backbone|U-turn|p2a: Raikou
|-damage|p2a: Raikou|104\/321
|
|switch|p1a: just not leaving|Venusaur-Mega, F|236\/341
|move|p2a: Raikou|Volt Switch|p1a: just not leaving
|-resisted|p1a: just not leaving
|-damage|p1a: just not leaving|182\/341
|
|switch|p2a: Heatran|Heatran, M|386\/386
|
|turn|24
|
|switch|p1a: krengverein|Starmie|323\/323
|move|p2a: Heatran|Stealth Rock|p1a: krengverein
|-sidestart|p1: so long lonesome|move: Stealth Rock
|
|turn|25
|
|move|p1a: krengverein|Rapid Spin|p2a: Heatran
|-resisted|p2a: Heatran
|-damage|p2a: Heatran|381\/386
|-sideend|p1: so long lonesome|Stealth Rock|[from] move: Rapid Spin|[of] p1a: krengverein
|move|p2a: Heatran|Toxic|p1a: krengverein
|-status|p1a: krengverein|tox
|
|-heal|p2a: Heatran|386\/386|[from] item: Leftovers
|-damage|p1a: krengverein|303\/323 tox|[from] psn
|turn|26
|
|switch|p1a: show gratitude|Gliscor, F|309\/353 tox
|move|p2a: Heatran|Stealth Rock|p1a: show gratitude
|-sidestart|p1: so long lonesome|move: Stealth Rock
|
|-heal|p1a: show gratitude|353\/353 tox|[from] ability: Poison Heal
|turn|27
|
|switch|p2a: Venusaur|Venusaur-Mega, M|283\/363
|move|p1a: show gratitude|Substitute|p1a: show gratitude
|-start|p1a: show gratitude|Substitute
|-damage|p1a: show gratitude|265\/353 tox
|
|-heal|p1a: show gratitude|309\/353 tox|[from] ability: Poison Heal
|turn|28
|
|move|p1a: show gratitude|Baton Pass|p1a: show gratitude
|
|switch|p1a: heavens backbone|Tornadus-Therian, M|295\/309
|-damage|p1a: heavens backbone|218\/309|[from] Stealth Rock
|move|p2a: Venusaur|Sludge Bomb|p1a: heavens backbone
|-end|p1a: heavens backbone|Substitute
|
|turn|29
|
|switch|p2a: Heatran|Heatran, M|386\/386
|move|p1a: heavens backbone|Hurricane|p2a: Heatran
|-resisted|p2a: Heatran
|-damage|p2a: Heatran|329\/386
|
|-heal|p2a: Heatran|353\/386|[from] item: Leftovers
|turn|30
|
|move|p1a: heavens backbone|U-turn|p2a: Heatran
|-resisted|p2a: Heatran
|-damage|p2a: Heatran|341\/386
|
|switch|p1a: krengverein|Starmie|303\/323
|-damage|p1a: krengverein|263\/323|[from] Stealth Rock
|move|p2a: Heatran|Toxic|p1a: krengverein
|-status|p1a: krengverein|tox
|
|-heal|p1a: krengverein|283\/323 tox|[from] item: Leftovers
|-heal|p2a: Heatran|365\/386|[from] item: Leftovers
|-damage|p1a: krengverein|263\/323 tox|[from] psn
|turn|31
|
|move|p2a: Heatran|Protect|p2a: Heatran
|-singleturn|p2a: Heatran|Protect
|move|p1a: krengverein|Rapid Spin|p2a: Heatran
|-activate|p2a: Heatran|Protect
|
|-heal|p1a: krengverein|283\/323 tox|[from] item: Leftovers
|-heal|p2a: Heatran|386\/386|[from] item: Leftovers
|-damage|p1a: krengverein|243\/323 tox|[from] psn
|turn|32
|
|move|p1a: krengverein|Scald|p2a: Heatran
|-supereffective|p2a: Heatran
|-damage|p2a: Heatran|240\/386
|move|p2a: Heatran|Stealth Rock|p1a: krengverein
|-fail|p1a: krengverein
|
|-heal|p1a: krengverein|263\/323 tox|[from] item: Leftovers
|-heal|p2a: Heatran|264\/386|[from] item: Leftovers
|-damage|p1a: krengverein|203\/323 tox|[from] psn
|turn|33
|
|switch|p1a: show gratitude|Gliscor, F|309\/353 tox
|-damage|p1a: show gratitude|265\/353 tox|[from] Stealth Rock
|move|p2a: Heatran|Protect|p2a: Heatran
|-fail|p2a: Heatran
|
|-heal|p2a: Heatran|288\/386|[from] item: Leftovers
|-heal|p1a: show gratitude|309\/353 tox|[from] ability: Poison Heal
|turn|34
|
|switch|p2a: Venusaur|Venusaur-Mega, M|283\/363
|move|p1a: show gratitude|Earthquake|p2a: Venusaur
|-damage|p2a: Venusaur|180\/363
|
|-heal|p1a: show gratitude|353\/353 tox|[from] ability: Poison Heal
|turn|35
|
|move|p1a: show gratitude|Taunt|p2a: Venusaur
|-start|p2a: Venusaur|move: Taunt
|move|p2a: Venusaur|Giga Drain|p1a: show gratitude
|-damage|p1a: show gratitude|238\/353 tox
|-heal|p2a: Venusaur|238\/363|[from] drain|[of] p1a: show gratitude
|
|-heal|p1a: show gratitude|282\/353 tox|[from] ability: Poison Heal
|turn|36
|
|move|p1a: show gratitude|Baton Pass|p1a: show gratitude
|
|switch|p1a: heavens backbone|Tornadus-Therian, M|309\/309
|-damage|p1a: heavens backbone|232\/309|[from] Stealth Rock
|move|p2a: Venusaur|Sludge Bomb|p1a: heavens backbone
|-damage|p1a: heavens backbone|144\/309
|-status|p1a: heavens backbone|psn
|
|-damage|p1a: heavens backbone|106\/309 psn|[from] psn
|turn|37
|
|switch|p2a: Heatran|Heatran, M|288\/386
|move|p1a: heavens backbone|Knock Off|p2a: Heatran
|-damage|p2a: Heatran|218\/386
|-enditem|p2a: Heatran|Leftovers|[from] move: Knock Off|[of] p1a: heavens backbone
|
|-damage|p1a: heavens backbone|68\/309 psn|[from] psn
|turn|38
|
|switch|p1a: show gratitude|Gliscor, F|282\/353 tox
|-damage|p1a: show gratitude|238\/353 tox|[from] Stealth Rock
|move|p2a: Heatran|Lava Plume|p1a: show gratitude
|-damage|p1a: show gratitude|120\/353 tox
|
|-heal|p1a: show gratitude|164\/353 tox|[from] ability: Poison Heal
|turn|39
|
|switch|p2a: Latios|Latios, M|45\/301
|move|p1a: show gratitude|Baton Pass|p1a: show gratitude
|
|switch|p1a: heavens backbone|Tornadus-Therian, M|171\/309 psn
|-damage|p1a: heavens backbone|94\/309 psn|[from] Stealth Rock
|
|-damage|p1a: heavens backbone|56\/309 psn|[from] psn
|turn|40
|
|switch|p2a: Venusaur|Venusaur-Mega, M|238\/363
|move|p1a: heavens backbone|U-turn|p2a: Venusaur
|-damage|p2a: Venusaur|199\/363
|
|switch|p1a: show gratitude|Gliscor, F|164\/353 tox
|-damage|p1a: show gratitude|120\/353 tox|[from] Stealth Rock
|
|-heal|p1a: show gratitude|164\/353 tox|[from] ability: Poison Heal
|turn|41
|
|move|p1a: show gratitude|Earthquake|p2a: Venusaur
|-damage|p2a: Venusaur|109\/363
|move|p2a: Venusaur|Giga Drain|p1a: show gratitude
|-damage|p1a: show gratitude|49\/353 tox
|-heal|p2a: Venusaur|167\/363|[from] drain|[of] p1a: show gratitude
|
|-heal|p1a: show gratitude|93\/353 tox|[from] ability: Poison Heal
|turn|42
|
|move|p1a: show gratitude|Earthquake|p2a: Venusaur
|-damage|p2a: Venusaur|74\/363
|move|p2a: Venusaur|Synthesis|p2a: Venusaur
|-heal|p2a: Venusaur|255\/363
|
|-heal|p1a: show gratitude|137\/353 tox|[from] ability: Poison Heal
|turn|43
|
|move|p1a: show gratitude|Earthquake|p2a: Venusaur
|-damage|p2a: Venusaur|165\/363
|move|p2a: Venusaur|Giga Drain|p1a: show gratitude
|-damage|p1a: show gratitude|29\/353 tox
|-heal|p2a: Venusaur|219\/363|[from] drain|[of] p1a: show gratitude
|
|-heal|p1a: show gratitude|73\/353 tox|[from] ability: Poison Heal
|turn|44
|
|switch|p2a: Latios|Latios, M|45\/301
|move|p1a: show gratitude|Earthquake|p2a: Latios
|-immune|p2a: Latios|[msg]
|
|-heal|p1a: show gratitude|117\/353 tox|[from] ability: Poison Heal
|turn|45
|
|move|p2a: Latios|Roost|p2a: Latios
|-heal|p2a: Latios|196\/301
|move|p1a: show gratitude|Baton Pass|p1a: show gratitude
|
|switch|p1a: krengverein|Starmie|203\/323
|-damage|p1a: krengverein|163\/323|[from] Stealth Rock
|
|-heal|p1a: krengverein|183\/323|[from] item: Leftovers
|turn|46
|
|switch|p2a: Bisharp|Bisharp, F|221\/271
|move|p1a: krengverein|Rapid Spin|p2a: Bisharp
|-resisted|p2a: Bisharp
|-damage|p2a: Bisharp|217\/271
|-sideend|p1: so long lonesome|Stealth Rock|[from] move: Rapid Spin|[of] p1a: krengverein
|
|-heal|p1a: krengverein|203\/323|[from] item: Leftovers
|turn|47
|
|switch|p1a: show gratitude|Gliscor, F|117\/353 tox
|move|p2a: Bisharp|Iron Head|p1a: show gratitude
|-damage|p1a: show gratitude|0 fnt
|-damage|p2a: Bisharp|190\/271|[from] item: Life Orb
|faint|p1a: show gratitude
|
|
|switch|p1a: grandma loved me|Keldeo-Resolute|323\/323
|turn|48
|
|switch|p2a: Latios|Latios, M|196\/301
|move|p1a: grandma loved me|Icy Wind|p2a: Latios
|-supereffective|p2a: Latios
|-damage|p2a: Latios|10\/301
|-unboost|p2a: Latios|spe|1
|
|turn|49
|
|switch|p1a: krengverein|Starmie|203\/323
|switch|p2a: Heatran|Heatran, M|218\/386
|
|-heal|p1a: krengverein|223\/323|[from] item: Leftovers
|turn|50
|
|move|p1a: krengverein|Scald|p2a: Heatran
|-supereffective|p2a: Heatran
|-damage|p2a: Heatran|84\/386
|move|p2a: Heatran|Stealth Rock|p1a: krengverein
|-sidestart|p1: so long lonesome|move: Stealth Rock
|
|-heal|p1a: krengverein|243\/323|[from] item: Leftovers
|turn|51
|
|switch|p2a: Bisharp|Bisharp, F|190\/271
|move|p1a: krengverein|Rapid Spin|p2a: Bisharp
|-resisted|p2a: Bisharp
|-damage|p2a: Bisharp|186\/271
|-sideend|p1: so long lonesome|Stealth Rock|[from] move: Rapid Spin|[of] p1a: krengverein
|
|-heal|p1a: krengverein|263\/323|[from] item: Leftovers
|turn|52
|
|switch|p1a: grandma loved me|Keldeo-Resolute|323\/323
|move|p2a: Bisharp|Knock Off|p1a: grandma loved me
|-resisted|p1a: grandma loved me
|-damage|p1a: grandma loved me|209\/323
|-boost|p1a: grandma loved me|atk|1|[from] ability: Justified
|-enditem|p1a: grandma loved me|Choice Specs|[from] move: Knock Off|[of] p2a: Bisharp
|-damage|p2a: Bisharp|159\/271|[from] item: Life Orb
|
|turn|53
|
|switch|p2a: Venusaur|Venusaur-Mega, M|219\/363
|move|p1a: grandma loved me|Secret Sword|p2a: Venusaur
|-resisted|p2a: Venusaur
|-damage|p2a: Venusaur|160\/363
|
|turn|54
|
|switch|p1a: heavens backbone|Tornadus-Therian, M|159\/309 psn
|move|p2a: Venusaur|Sludge Bomb|p1a: heavens backbone
|-damage|p1a: heavens backbone|62\/309 psn
|
|-damage|p1a: heavens backbone|24\/309 psn|[from] psn
|turn|55
|
|move|p1a: heavens backbone|U-turn|p2a: Venusaur
|-damage|p2a: Venusaur|118\/363
|
|switch|p1a: just not leaving|Venusaur-Mega, F|182\/341
|move|p2a: Venusaur|Sludge Bomb|p1a: just not leaving
|-damage|p1a: just not leaving|76\/341
|
|turn|56
|
|move|p1a: just not leaving|Sludge Bomb|p2a: Venusaur
|-damage|p2a: Venusaur|3\/363
|move|p2a: Venusaur|Synthesis|p2a: Venusaur
|-heal|p2a: Venusaur|184\/363
|
|turn|57
|
|move|p1a: just not leaving|Synthesis|p1a: just not leaving
|-heal|p1a: just not leaving|246\/341
|move|p2a: Venusaur|Synthesis|p2a: Venusaur
|-heal|p2a: Venusaur|363\/363
|
|turn|58
|
|switch|p2a: Heatran|Heatran, M|84\/386
|move|p1a: just not leaving|Sludge Bomb|p2a: Heatran
|-immune|p2a: Heatran|[msg]
|
|turn|59
|
|switch|p1a: krengverein|Starmie|263\/323
|move|p2a: Heatran|Stealth Rock|p1a: krengverein
|-sidestart|p1: so long lonesome|move: Stealth Rock
|
|-heal|p1a: krengverein|283\/323|[from] item: Leftovers
|turn|60
|
|switch|p2a: Bisharp|Bisharp, F|159\/271
|move|p1a: krengverein|Rapid Spin|p2a: Bisharp
|-resisted|p2a: Bisharp
|-damage|p2a: Bisharp|154\/271
|-sideend|p1: so long lonesome|Stealth Rock|[from] move: Rapid Spin|[of] p1a: krengverein
|
|-heal|p1a: krengverein|303\/323|[from] item: Leftovers
|turn|61
|
|switch|p1a: grandma loved me|Keldeo-Resolute|209\/323
|move|p2a: Bisharp|Sucker Punch|p1a: grandma loved me
|-fail|p1a: grandma loved me
|
|turn|62
|
|switch|p2a: Venusaur|Venusaur-Mega, M|363\/363
|move|p1a: grandma loved me|Scald|p2a: Venusaur
|-resisted|p2a: Venusaur
|-damage|p2a: Venusaur|319\/363
|
|turn|63
|
|switch|p1a: just not leaving|Venusaur-Mega, F|246\/341
|move|p2a: Venusaur|Sludge Bomb|p1a: just not leaving
|-damage|p1a: just not leaving|146\/341
|
|turn|64
|
|switch|p2a: Heatran|Heatran, M|84\/386
|move|p1a: just not leaving|Synthesis|p1a: just not leaving
|-heal|p1a: just not leaving|316\/341
|
|turn|65
|
|switch|p1a: krengverein|Starmie|303\/323
|switch|p2a: Raikou|Raikou|104\/321
|-ability|p2a: Raikou|Pressure
|
|-heal|p1a: krengverein|323\/323|[from] item: Leftovers
|turn|66
|
|switch|p1a: just not leaving|Venusaur-Mega, F|316\/341
|move|p2a: Raikou|Volt Switch|p1a: just not leaving
|-resisted|p1a: just not leaving
|-damage|p1a: just not leaving|267\/341
|
|switch|p2a: Latios|Latios, M|10\/301
|
|turn|67
|
|switch|p1a: krengverein|Starmie|323\/323
|move|p2a: Latios|Roost|p2a: Latios
|-heal|p2a: Latios|161\/301
|
|turn|68
|
|switch|p2a: Bisharp|Bisharp, F|154\/271
|move|p1a: krengverein|Ice Beam|p2a: Bisharp
|-resisted|p2a: Bisharp
|-damage|p2a: Bisharp|105\/271
|
|turn|69
|
|switch|p1a: grandma loved me|Keldeo-Resolute|209\/323
|move|p2a: Bisharp|Swords Dance|p2a: Bisharp
|-boost|p2a: Bisharp|atk|2
|
|turn|70
|
|move|p2a: Bisharp|Sucker Punch|p1a: grandma loved me
|-resisted|p1a: grandma loved me
|-damage|p1a: grandma loved me|10\/323
|-boost|p1a: grandma loved me|atk|1|[from] ability: Justified
|-damage|p2a: Bisharp|78\/271|[from] item: Life Orb
|move|p1a: grandma loved me|Scald|p2a: Bisharp
|-damage|p2a: Bisharp|0 fnt
|faint|p2a: Bisharp
|
|
|switch|p2a: Latios|Latios, M|161\/301
|turn|71
|
|move|p2a: Latios|Draco Meteor|p1a: grandma loved me
|-damage|p1a: grandma loved me|0 fnt
|-unboost|p2a: Latios|spa|2
|-damage|p2a: Latios|131\/301|[from] item: Life Orb
|faint|p1a: grandma loved me
|
|
|switch|p1a: heavens backbone|Tornadus-Therian, M|127\/309 psn
|turn|72
|
|switch|p2a: Heatran|Heatran, M|84\/386
|move|p1a: heavens backbone|U-turn|p2a: Heatran
|-resisted|p2a: Heatran
|-damage|p2a: Heatran|73\/386
|
|switch|p1a: oh boi|Crawdaunt, M|267\/267
|
|turn|73
|
|move|p2a: Heatran|Protect|p2a: Heatran
|-singleturn|p2a: Heatran|Protect
|move|p1a: oh boi|Crabhammer|p2a: Heatran
|-activate|p2a: Heatran|Protect
|
|turn|74
|
|switch|p2a: Venusaur|Venusaur-Mega, M|319\/363
|move|p1a: oh boi|Crabhammer|p2a: Venusaur
|-resisted|p2a: Venusaur
|-damage|p2a: Venusaur|155\/363
|
|turn|75
|
|switch|p1a: heavens backbone|Tornadus-Therian, M|230\/309 psn
|switch|p2a: Heatran|Heatran, M|73\/386
|
|-damage|p1a: heavens backbone|192\/309 psn|[from] psn
|turn|76
|
|move|p2a: Heatran|Protect|p2a: Heatran
|-singleturn|p2a: Heatran|Protect
|move|p1a: heavens backbone|U-turn|p2a: Heatran
|-activate|p2a: Heatran|Protect
|
|-damage|p1a: heavens backbone|154\/309 psn|[from] psn
|turn|77
|
|move|p1a: heavens backbone|U-turn|p2a: Heatran
|-resisted|p2a: Heatran
|-damage|p2a: Heatran|62\/386
|
|switch|p1a: krengverein|Starmie|323\/323
|move|p2a: Heatran|Stealth Rock|p1a: krengverein
|-sidestart|p1: so long lonesome|move: Stealth Rock
|
|turn|78
|
|switch|p2a: Raikou|Raikou|104\/321
|-ability|p2a: Raikou|Pressure
|move|p1a: krengverein|Rapid Spin|p2a: Raikou
|-damage|p2a: Raikou|92\/321
|-sideend|p1: so long lonesome|Stealth Rock|[from] move: Rapid Spin|[of] p1a: krengverein
|
|turn|79
|
|move|p2a: Raikou|Volt Switch|p1a: krengverein
|-supereffective|p1a: krengverein
|-damage|p1a: krengverein|83\/323
|
|switch|p2a: Quagsire|Quagsire, M|86\/394
|move|p1a: krengverein|Recover|p1a: krengverein
|-heal|p1a: krengverein|245\/323
|
|-heal|p1a: krengverein|265\/323|[from] item: Leftovers
|turn|80
|
|move|p1a: krengverein|Scald|p2a: Quagsire
|-damage|p2a: Quagsire|0 fnt
|faint|p2a: Quagsire
|
|-heal|p1a: krengverein|285\/323|[from] item: Leftovers
|
|switch|p2a: Raikou|Raikou|92\/321
|-ability|p2a: Raikou|Pressure
|turn|81
|
|move|p2a: Raikou|Thunderbolt|p1a: krengverein
|-supereffective|p1a: krengverein
|-damage|p1a: krengverein|0 fnt
|faint|p1a: krengverein
|
|
|switch|p1a: oh boi|Crawdaunt, M|267\/267
|turn|82
|
|move|p1a: oh boi|Aqua Jet|p2a: Raikou
|-damage|p2a: Raikou|0 fnt
|faint|p2a: Raikou
|
|
|switch|p2a: Latios|Latios, M|131\/301
|turn|83
|
|switch|p1a: just not leaving|Venusaur-Mega, F|267\/341
|move|p2a: Latios|Roost|p2a: Latios
|-heal|p2a: Latios|282\/301
|
|turn|84
|
|switch|p1a: oh boi|Crawdaunt, M|267\/267
|move|p2a: Latios|Psyshock|p1a: oh boi
|-immune|p1a: oh boi|[msg]
|
|turn|85
|
|move|p2a: Latios|Draco Meteor|p1a: oh boi
|-damage|p1a: oh boi|0 fnt
|-unboost|p2a: Latios|spa|2
|-damage|p2a: Latios|252\/301|[from] item: Life Orb
|faint|p1a: oh boi
|
|
|switch|p1a: heavens backbone|Tornadus-Therian, M|257\/309 psn
|turn|86
|
|switch|p2a: Heatran|Heatran, M|62\/386
|move|p1a: heavens backbone|Knock Off|p2a: Heatran
|-damage|p2a: Heatran|18\/386
|
|-damage|p1a: heavens backbone|219\/309 psn|[from] psn
|turn|87
|
|move|p2a: Heatran|Protect|p2a: Heatran
|-singleturn|p2a: Heatran|Protect
|move|p1a: heavens backbone|Knock Off|p2a: Heatran
|-activate|p2a: Heatran|Protect
|
|-damage|p1a: heavens backbone|181\/309 psn|[from] psn
|turn|88
|
|move|p1a: heavens backbone|Knock Off|p2a: Heatran
|-damage|p2a: Heatran|0 fnt
|faint|p2a: Heatran
|
|-damage|p1a: heavens backbone|143\/309 psn|[from] psn
|
|switch|p2a: Latios|Latios, M|252\/301
|turn|89
|
|move|p1a: heavens backbone|U-turn|p2a: Latios
|-supereffective|p2a: Latios
|-damage|p2a: Latios|140\/301
|
|switch|p1a: just not leaving|Venusaur-Mega, F|267\/341
|move|p2a: Latios|Psyshock|p1a: just not leaving
|-supereffective|p1a: just not leaving
|-damage|p1a: just not leaving|0 fnt
|-damage|p2a: Latios|110\/301|[from] item: Life Orb
|faint|p1a: just not leaving
|
|
|switch|p1a: heavens backbone|Tornadus-Therian, M|246\/309 psn
|turn|90
|
|switch|p2a: Venusaur|Venusaur-Mega, M|155\/363
|move|p1a: heavens backbone|Knock Off|p2a: Venusaur
|-crit|p2a: Venusaur
|-damage|p2a: Venusaur|101\/363
|
|-damage|p1a: heavens backbone|208\/309 psn|[from] psn
|turn|91
|
|move|p1a: heavens backbone|Hurricane|p2a: Venusaur
|-supereffective|p2a: Venusaur
|-damage|p2a: Venusaur|0 fnt
|faint|p2a: Venusaur
|
|-damage|p1a: heavens backbone|170\/309 psn|[from] psn
|c|âso long lonesome|gg
|
|switch|p2a: Latios|Latios, M|110\/301
|turn|92
|c|âExample1925|gg
|
|move|p1a: heavens backbone|Knock Off|p2a: Latios
|-supereffective|p2a: Latios
|-damage|p2a: Latios|0 fnt
|-enditem|p2a: Latios|Life Orb|[from] move: Knock Off|[of] p1a: heavens backbone
|faint|p2a: Latios
|
|win|so long lonesome
|raw|Ladder updating...