|join|R.E.E.Z.Z
|join|so long lonesome
|c|âR.E.E.Z.Z|gl hf
|player|p1|R.E.E.Z.Z|159
|player|p2|so long lonesome|244
|gametype|singles
|gen|6
|tier|OU
|rated
|clearpoke
|poke|p1|Lopunny, M
|poke|p1|Rotom-Wash
|poke|p1|Mandibuzz, F
|poke|p1|Tyranitar, M
|poke|p1|Latios, M
|poke|p1|Landorus, M
|poke|p2|Terrakion
|poke|p2|Virizion
|poke|p2|Starmie
|poke|p2|Charizard, F
|poke|p2|Tyranitar, F
|poke|p2|Mew
|rule|Swagger Clause: Swagger is banned
|rule|Baton Pass Clause: Limit one PokÃ©mon knowing Baton Pass
|rule|Sleep Clause Mod: Limit one foe put to sleep
|rule|Species Clause: Limit one of each PokÃ©mon
|rule|OHKO Clause: OHKO moves are banned
|rule|Moody Clause: Moody is banned
|rule|Evasion Moves Clause: Evasion moves are banned
|rule|Endless Battle Clause: Forcing endless battles is banned
|rule|HP Percentage Mod: HP is shown in percentages
|teampreview
|c|âso long lonesome|same! (:
|
|start
|switch|p1a: Rotom-Wash|Rotom-Wash|304\/304
|switch|p2a: Mew|Mew|403\/403
|turn|1
|
|switch|p2a: Charizard|Charizard, F|297\/297
|move|p1a: Rotom-Wash|Volt Switch|p2a: Charizard
|-supereffective|p2a: Charizard
|-damage|p2a: Charizard|81\/297
|
|switch|p1a: Lopunny|Lopunny, M|288\/288
|
|turn|2
|
|switch|p2a: Mew|Mew|403\/403
|detailschange|p1a: Lopunny|Lopunny-Mega, M
|-mega|p1a: Lopunny|Lopunny|Lopunnite
|move|p1a: Lopunny|High Jump Kick|p2a: Mew
|-resisted|p2a: Mew
|-damage|p2a: Mew|282\/403
|
|-heal|p2a: Mew|307\/403|[from] item: Leftovers
|turn|3
|
|switch|p1a: Landorus|Landorus, M|319\/319
|move|p2a: Mew|Will-O-Wisp|p1a: Landorus
|-status|p1a: Landorus|brn
|
|-heal|p2a: Mew|332\/403|[from] item: Leftovers
|-damage|p1a: Landorus|280\/319 brn|[from] brn
|turn|4
|
|switch|p2a: Charizard|Charizard, F|81\/297
|move|p1a: Landorus|Stealth Rock|p2a: Charizard
|-sidestart|p2: so long lonesome|move: Stealth Rock
|
|-damage|p1a: Landorus|241\/319 brn|[from] brn
|turn|5
|
|switch|p2a: Starmie|Starmie|323\/323
|-damage|p2a: Starmie|283\/323|[from] Stealth Rock
|move|p1a: Landorus|Psychic|p2a: Starmie
|-resisted|p2a: Starmie
|-damage|p2a: Starmie|191\/323
|
|-heal|p2a: Starmie|211\/323|[from] item: Leftovers
|-damage|p1a: Landorus|202\/319 brn|[from] brn
|turn|6
|
|switch|p1a: Tyranitar|Tyranitar, M|342\/342
|-weather|Sandstorm
|move|p2a: Starmie|Rapid Spin|p1a: Tyranitar
|-resisted|p1a: Tyranitar
|-damage|p1a: Tyranitar|336\/342
|-sideend|p2: so long lonesome|Stealth Rock|[from] move: Rapid Spin|[of] p2a: Starmie
|
|-weather|Sandstorm|[upkeep]
|-damage|p2a: Starmie|191\/323|[from] sandstorm
|-heal|p2a: Starmie|211\/323|[from] item: Leftovers
|turn|7
|
|move|p1a: Tyranitar|Pursuit|p2a: Starmie
|-supereffective|p2a: Starmie
|-damage|p2a: Starmie|53\/323
|move|p2a: Starmie|Recover|p2a: Starmie
|-heal|p2a: Starmie|215\/323
|
|-weather|Sandstorm|[upkeep]
|-damage|p2a: Starmie|195\/323|[from] sandstorm
|-heal|p2a: Starmie|215\/323|[from] item: Leftovers
|turn|8
|
|move|p1a: Tyranitar|Pursuit|p2a: Starmie
|-supereffective|p2a: Starmie
|-damage|p2a: Starmie|35\/323
|move|p2a: Starmie|Recover|p2a: Starmie
|-heal|p2a: Starmie|197\/323
|
|-weather|Sandstorm|[upkeep]
|-damage|p2a: Starmie|177\/323|[from] sandstorm
|-heal|p2a: Starmie|197\/323|[from] item: Leftovers
|turn|9
|
|move|p1a: Tyranitar|Pursuit|p2a: Starmie
|-supereffective|p2a: Starmie
|-damage|p2a: Starmie|21\/323
|move|p2a: Starmie|Recover|p2a: Starmie
|-heal|p2a: Starmie|183\/323
|
|-weather|Sandstorm|[upkeep]
|-damage|p2a: Starmie|163\/323|[from] sandstorm
|-heal|p2a: Starmie|183\/323|[from] item: Leftovers
|turn|10
|
|move|p1a: Tyranitar|Pursuit|p2a: Starmie
|-supereffective|p2a: Starmie
|-damage|p2a: Starmie|7\/323
|move|p2a: Starmie|Recover|p2a: Starmie
|-heal|p2a: Starmie|169\/323
|
|-weather|none
|-heal|p2a: Starmie|189\/323|[from] item: Leftovers
|turn|11
|
|switch|p1a: Lopunny|Lopunny-Mega, M|288\/288
|move|p2a: Starmie|Scald|p1a: Lopunny
|-damage|p1a: Lopunny|195\/288
|-status|p1a: Lopunny|brn
|
|-heal|p2a: Starmie|209\/323|[from] item: Leftovers
|-damage|p1a: Lopunny|159\/288 brn|[from] brn
|turn|12
|
|move|p1a: Lopunny|Return|p2a: Starmie
|-damage|p2a: Starmie|98\/323
|move|p2a: Starmie|Recover|p2a: Starmie
|-heal|p2a: Starmie|260\/323
|
|-heal|p2a: Starmie|280\/323|[from] item: Leftovers
|-damage|p1a: Lopunny|123\/288 brn|[from] brn
|turn|13
|
|switch|p2a: Mew|Mew|332\/403
|move|p1a: Lopunny|Return|p2a: Mew
|-damage|p2a: Mew|245\/403
|
|-heal|p2a: Mew|270\/403|[from] item: Leftovers
|-damage|p1a: Lopunny|87\/288 brn|[from] brn
|turn|14
|
|switch|p2a: Starmie|Starmie|280\/323
|move|p1a: Lopunny|High Jump Kick|p2a: Starmie
|-resisted|p2a: Starmie
|-damage|p2a: Starmie|208\/323
|
|-heal|p2a: Starmie|228\/323|[from] item: Leftovers
|-damage|p1a: Lopunny|51\/288 brn|[from] brn
|turn|15
|
|move|p1a: Lopunny|Return|p2a: Starmie
|-damage|p2a: Starmie|114\/323
|move|p2a: Starmie|Recover|p2a: Starmie
|-heal|p2a: Starmie|276\/323
|
|-heal|p2a: Starmie|296\/323|[from] item: Leftovers
|-damage|p1a: Lopunny|15\/288 brn|[from] brn
|turn|16
|
|move|p1a: Lopunny|Ice Punch|p2a: Starmie
|-resisted|p2a: Starmie
|-damage|p2a: Starmie|271\/323
|move|p2a: Starmie|Recover|p2a: Starmie
|-heal|p2a: Starmie|323\/323
|
|-damage|p1a: Lopunny|0 fnt|[from] brn
|faint|p1a: Lopunny
|
|switch|p1a: Tyranitar|Tyranitar, M|336\/342
|-weather|Sandstorm
|turn|17
|
|switch|p2a: Terrakion|Terrakion|323\/323
|move|p1a: Tyranitar|Crunch|p2a: Terrakion
|-resisted|p2a: Terrakion
|-damage|p2a: Terrakion|247\/323
|-boost|p2a: Terrakion|atk|1|[from] ability: Justified
|-unboost|p2a: Terrakion|def|1
|
|-weather|Sandstorm|[upkeep]
|turn|18
|
|switch|p1a: Latios|Latios, M|301\/301
|move|p2a: Terrakion|Stealth Rock|p1a: Latios
|-sidestart|p1: R.E.E.Z.Z|move: Stealth Rock
|
|-weather|Sandstorm|[upkeep]
|-damage|p1a: Latios|283\/301|[from] sandstorm
|turn|19
|
|switch|p1a: Landorus|Landorus, M|202\/319 brn
|-damage|p1a: Landorus|163\/319 brn|[from] Stealth Rock
|switch|p2a: Tyranitar|Tyranitar, F|341\/341
|
|-weather|Sandstorm|[upkeep]
|-damage|p1a: Landorus|124\/319 brn|[from] brn
|turn|20
|
|move|p2a: Tyranitar|Crunch|p1a: Landorus
|-damage|p1a: Landorus|0 fnt
|faint|p1a: Landorus
|
|-weather|Sandstorm|[upkeep]
|
|switch|p1a: Rotom-Wash|Rotom-Wash|304\/304
|-damage|p1a: Rotom-Wash|266\/304|[from] Stealth Rock
|turn|21
|
|switch|p2a: Virizion|Virizion|323\/323
|move|p1a: Rotom-Wash|Volt Switch|p2a: Virizion
|-resisted|p2a: Virizion
|-damage|p2a: Virizion|287\/323
|
|switch|p1a: Latios|Latios, M|283\/301
|-damage|p1a: Latios|246\/301|[from] Stealth Rock
|
|-weather|none
|turn|22
|
|switch|p2a: Tyranitar|Tyranitar, F|341\/341
|-weather|Sandstorm
|move|p1a: Latios|Draco Meteor|p2a: Tyranitar
|-damage|p2a: Tyranitar|146\/341
|-unboost|p1a: Latios|spa|2
|-damage|p1a: Latios|216\/301|[from] item: Life Orb
|
|-weather|Sandstorm|[upkeep]
|-damage|p1a: Latios|198\/301|[from] sandstorm
|turn|23
|-message|R.E.E.Z.Z forfeited.
|leave|R.E.E.Z.Z
|
|win|so long lonesome
|raw|Ladder updating...
|player|p1
|raw|R.E.E.Z.Z's rating: 1322 &rarr; <strong>1302<\/strong><br \/>(-20 for losing)
|raw|so long lonesome's rating: 1319 &rarr; <strong>1339<\/strong><br \/>(+20 for winning)