|join|so long lonesome
|join|mrsteveblazer
|player|p1|so long lonesome|244
|player|p2|mrsteveblazer|163
|gametype|singles
|gen|6
|tier|OU
|rated
|clearpoke
|poke|p1|Keldeo-Resolute
|poke|p1|Venusaur, F
|poke|p1|Starmie
|poke|p1|Tornadus-Therian, M
|poke|p1|Gliscor, F
|poke|p1|Crawdaunt, M
|poke|p2|Landorus-Therian, M
|poke|p2|Ferrothorn, M
|poke|p2|Rotom-Wash
|poke|p2|Gengar, M
|poke|p2|Weavile, M
|poke|p2|Metagross
|rule|Swagger Clause: Swagger is banned
|rule|Baton Pass Clause: Limit one PokÃ©mon knowing Baton Pass
|rule|Sleep Clause Mod: Limit one foe put to sleep
|rule|Species Clause: Limit one of each PokÃ©mon
|rule|OHKO Clause: OHKO moves are banned
|rule|Moody Clause: Moody is banned
|rule|Evasion Moves Clause: Evasion moves are banned
|rule|Endless Battle Clause: Forcing endless battles is banned
|rule|HP Percentage Mod: HP is shown in percentages
|teampreview
|
|start
|switch|p1a: show gratitude|Gliscor, F|353\/353
|switch|p2a: Rotom-Wash|Rotom-Wash|304\/304
|turn|1
|
|move|p1a: show gratitude|Substitute|p1a: show gratitude
|-start|p1a: show gratitude|Substitute
|-damage|p1a: show gratitude|265\/353
|move|p2a: Rotom-Wash|Will-O-Wisp|p1a: show gratitude
|
|-status|p1a: show gratitude|tox|[from] item: Toxic Orb
|turn|2
|join|Secondary
|
|switch|p2a: Ferrothorn|Ferrothorn, M|352\/352
|move|p1a: show gratitude|Baton Pass|p1a: show gratitude
|
|switch|p1a: oh boi|Crawdaunt, M|267\/267
|
|turn|3
|c|âso long lonesome|what's catching this death?
|
|move|p1a: oh boi|Knock Off|p2a: Ferrothorn
|-damage|p2a: Ferrothorn|120\/352
|-damage|p1a: oh boi|234\/267|[from] ability: Iron Barbs|[of] p2a: Ferrothorn
|-damage|p1a: oh boi|190\/267|[from] item: Rocky Helmet|[of] p2a: Ferrothorn
|-enditem|p2a: Ferrothorn|Rocky Helmet|[from] move: Knock Off|[of] p1a: oh boi
|move|p2a: Ferrothorn|Gyro Ball|p1a: oh boi
|-resisted|p1a: oh boi
|-activate|p1a: oh boi|Substitute|[damage]
|
|turn|4
|
|move|p1a: oh boi|Knock Off|p2a: Ferrothorn
|-damage|p2a: Ferrothorn|0 fnt
|-damage|p1a: oh boi|157\/267|[from] ability: Iron Barbs|[of] p2a: Ferrothorn
|faint|p2a: Ferrothorn
|
|
|switch|p2a: Landorus-Therian|Landorus-Therian, M|330\/330
|-activate|p1a: oh boi|Substitute|ability: Intimidate|[of] p2a: Landorus-Therian
|turn|5
|c|âso long lonesome|hehehehe bwoiii
|
|move|p2a: Landorus-Therian|U-turn|p1a: oh boi
|-supereffective|p1a: oh boi
|-end|p1a: oh boi|Substitute
|
|switch|p2a: Rotom-Wash|Rotom-Wash|304\/304
|move|p1a: oh boi|Knock Off|p2a: Rotom-Wash
|-damage|p2a: Rotom-Wash|0 fnt
|-enditem|p2a: Rotom-Wash|Leftovers|[from] move: Knock Off|[of] p1a: oh boi
|faint|p2a: Rotom-Wash
|
|c|âso long lonesome|more death
|
|switch|p2a: Weavile|Weavile, M|281\/281
|-ability|p2a: Weavile|Pressure
|turn|6
|c|âmrsteveblazer|MORE DEATH
|
|switch|p1a: grandma loved me|Keldeo-Resolute|323\/323
|move|p2a: Weavile|Low Kick|p1a: grandma loved me
|-damage|p1a: grandma loved me|220\/323
|-damage|p2a: Weavile|253\/281|[from] item: Life Orb
|
|turn|7
|
|switch|p2a: Gengar|Gengar, M|261\/261
|move|p1a: grandma loved me|Hydro Pump|p2a: Gengar
|-damage|p2a: Gengar|0 fnt
|faint|p2a: Gengar
|
|
|switch|p2a: Metagross|Metagross|302\/302
|turn|8
|
|detailschange|p2a: Metagross|Metagross-Mega
|-mega|p2a: Metagross|Metagross|Metagrossite
|move|p1a: grandma loved me|Hydro Pump|p2a: Metagross
|-damage|p2a: Metagross|22\/302
|move|p2a: Metagross|Earthquake|p1a: grandma loved me
|-damage|p1a: grandma loved me|86\/323
|
|turn|9
|
|switch|p1a: krengverein|Starmie|323\/323
|move|p2a: Metagross|Earthquake|p1a: krengverein
|-damage|p1a: krengverein|173\/323
|
|-heal|p1a: krengverein|193\/323|[from] item: Leftovers
|turn|10
|
|move|p1a: krengverein|Scald|p2a: Metagross
|-damage|p2a: Metagross|0 fnt
|faint|p2a: Metagross
|
|-heal|p1a: krengverein|213\/323|[from] item: Leftovers
|
|switch|p2a: Landorus-Therian|Landorus-Therian, M|330\/330
|-ability|p2a: Landorus-Therian|Intimidate|[of] p1a: krengverein
|-unboost|p1a: krengverein|atk|1
|turn|11
|c|âmrsteveblazer|the illumanati is here
|
|move|p2a: Landorus-Therian|U-turn|p1a: krengverein
|-supereffective|p1a: krengverein
|-damage|p1a: krengverein|0 fnt
|faint|p1a: krengverein
|
|switch|p2a: Weavile|Weavile, M|253\/281
|-ability|p2a: Weavile|Pressure
|
|
|switch|p1a: just not leaving|Venusaur, F|341\/341
|turn|12
|
|detailschange|p1a: just not leaving|Venusaur-Mega, F
|-mega|p1a: just not leaving|Venusaur|Venusaurite
|move|p2a: Weavile|Ice Punch|p1a: just not leaving
|-supereffective|p1a: just not leaving
|-damage|p1a: just not leaving|206\/341
|-damage|p2a: Weavile|225\/281|[from] item: Life Orb
|move|p1a: just not leaving|Giga Drain|p2a: Weavile
|-damage|p2a: Weavile|68\/281
|-heal|p1a: just not leaving|285\/341|[from] drain|[of] p2a: Weavile
|
|turn|13
|-message|mrsteveblazer forfeited.
|leave|mrsteveblazer
|
|win|so long lonesome
|raw|Ladder updating...
|player|p2
|raw|so long lonesome's rating: 1431 &rarr; <strong>1450<\/strong><br \/>(+19 for winning)
|raw|mrsteveblazer's rating: 1416 &rarr; <strong>1396<\/strong><br \/>(-20 for losing)
|leave|Secondary
|leave|so long lonesome
|player|p1
|join|so long lonesome