|join|so long lonesome
|join|CurtainFall
|player|p1|so long lonesome|244
|player|p2|CurtainFall|25
|gametype|singles
|gen|6
|tier|OU
|rated
|clearpoke
|poke|p1|Starmie
|poke|p1|Venusaur, F
|poke|p1|Crawdaunt, M
|poke|p1|Tornadus-Therian, M
|poke|p1|Gliscor, F
|poke|p1|Garchomp, F
|poke|p2|Sableye, F, shiny
|poke|p2|Mew
|poke|p2|Clefable, F
|poke|p2|Heatran, M
|poke|p2|Landorus-Therian, M
|poke|p2|Amoonguss, M
|rule|Swagger Clause: Swagger is banned
|rule|Baton Pass Clause: Limit one PokÃ©mon knowing Baton Pass
|rule|Sleep Clause Mod: Limit one foe put to sleep
|rule|Species Clause: Limit one of each PokÃ©mon
|rule|OHKO Clause: OHKO moves are banned
|rule|Moody Clause: Moody is banned
|rule|Evasion Moves Clause: Evasion moves are banned
|rule|Endless Battle Clause: Forcing endless battles is banned
|rule|HP Percentage Mod: HP is shown in percentages
|teampreview
|
|start
|switch|p1a: show gratitude|Gliscor, F|353\/353
|switch|p2a: Sableye|Sableye, F, shiny|303\/303
|turn|1
|join|BrickBreak1
|
|switch|p1a: krengverein|Starmie|323\/323
|detailschange|p2a: Sableye|Sableye-Mega, F, shiny
|-mega|p2a: Sableye|Sableye|Sablenite
|move|p2a: Sableye|Calm Mind|p2a: Sableye
|-boost|p2a: Sableye|spa|1
|-boost|p2a: Sableye|spd|1
|
|turn|2
|join|nur testi desu
|
|move|p1a: krengverein|Scald|p2a: Sableye
|-damage|p2a: Sableye|254\/303
|move|p2a: Sableye|Calm Mind|p2a: Sableye
|-boost|p2a: Sableye|spa|1
|-boost|p2a: Sableye|spd|1
|
|turn|3
|join|SexyNackterPatrick
|c|âso long lonesome|wer das wohl ist
|c|âso long lonesome|????
|
|move|p1a: krengverein|Scald|p2a: Sableye
|-damage|p2a: Sableye|218\/303
|move|p2a: Sableye|Shadow Ball|p1a: krengverein
|-supereffective|p1a: krengverein
|-damage|p1a: krengverein|0 fnt
|faint|p1a: krengverein
|
|
|switch|p1a: oh boi|Crawdaunt, M|267\/267
|turn|4
|
|move|p1a: oh boi|Crabhammer|p2a: Sableye
|-damage|p2a: Sableye|0 fnt
|faint|p2a: Sableye
|
|
|switch|p2a: Amoonguss|Amoonguss, M|432\/432
|turn|5
|
|switch|p1a: just not leaving|Venusaur, F|341\/341
|switch|p2a: Heatran|Heatran, M|386\/386
|
|turn|6
|join|pure difference
|c| nur testi desu|desu
|
|switch|p1a: balance|Garchomp, F|419\/419
|move|p2a: Heatran|Taunt|p1a: balance
|-start|p1a: balance|move: Taunt
|
|turn|7
|
|switch|p1a: show gratitude|Gliscor, F|353\/353
|switch|p2a: Clefable|Clefable, F|394\/394
|
|-status|p1a: show gratitude|tox|[from] item: Toxic Orb
|turn|8
|
|move|p1a: show gratitude|Taunt|p2a: Clefable
|-start|p2a: Clefable|move: Taunt
|move|p2a: Clefable|Moonblast|p1a: show gratitude
|-damage|p1a: show gratitude|236\/353 tox
|
|-heal|p1a: show gratitude|280\/353 tox|[from] ability: Poison Heal
|turn|9
|
|move|p1a: show gratitude|Substitute|p1a: show gratitude
|-start|p1a: show gratitude|Substitute
|-damage|p1a: show gratitude|192\/353 tox
|move|p2a: Clefable|Moonblast|p1a: show gratitude
|-end|p1a: show gratitude|Substitute
|
|-heal|p1a: show gratitude|236\/353 tox|[from] ability: Poison Heal
|turn|10
|
|switch|p2a: Amoonguss|Amoonguss, M|432\/432
|move|p1a: show gratitude|Baton Pass|p1a: show gratitude
|
|switch|p1a: heavens backbone|Tornadus-Therian, M|309\/309
|
|turn|11
|
|switch|p2a: Heatran|Heatran, M|386\/386
|move|p1a: heavens backbone|Hurricane|p2a: Heatran
|-resisted|p2a: Heatran
|-damage|p2a: Heatran|323\/386
|
|-heal|p2a: Heatran|347\/386|[from] item: Leftovers
|turn|12
|
|move|p1a: heavens backbone|U-turn|p2a: Heatran
|-resisted|p2a: Heatran
|-damage|p2a: Heatran|335\/386
|
|switch|p1a: balance|Garchomp, F|419\/419
|move|p2a: Heatran|Lava Plume|p1a: balance
|-resisted|p1a: balance
|-damage|p1a: balance|350\/419
|
|-heal|p2a: Heatran|359\/386|[from] item: Leftovers
|turn|13
|
|switch|p2a: Landorus-Therian|Landorus-Therian, M|382\/382
|-ability|p2a: Landorus-Therian|Intimidate|[of] p1a: balance
|-unboost|p1a: balance|atk|1
|move|p1a: balance|Stealth Rock|p2a: Landorus-Therian
|-sidestart|p2: CurtainFall|move: Stealth Rock
|
|turn|14
|
|move|p1a: balance|Swords Dance|p1a: balance
|-boost|p1a: balance|atk|2
|move|p2a: Landorus-Therian|Stealth Rock|p1a: balance
|-sidestart|p1: so long lonesome|move: Stealth Rock
|
|turn|15
|
|switch|p2a: Clefable|Clefable, F|394\/394
|-damage|p2a: Clefable|345\/394|[from] Stealth Rock
|move|p1a: balance|Swords Dance|p1a: balance
|-boost|p1a: balance|atk|2
|
|-heal|p2a: Clefable|369\/394|[from] item: Leftovers
|turn|16
|
|switch|p1a: just not leaving|Venusaur, F|341\/341
|-damage|p1a: just not leaving|299\/341|[from] Stealth Rock
|move|p2a: Clefable|Moonblast|p1a: just not leaving
|-resisted|p1a: just not leaving
|-damage|p1a: just not leaving|244\/341
|-unboost|p1a: just not leaving|spa|1
|
|-heal|p2a: Clefable|393\/394|[from] item: Leftovers
|turn|17
|
|switch|p1a: oh boi|Crawdaunt, M|267\/267
|-damage|p1a: oh boi|234\/267|[from] Stealth Rock
|switch|p2a: Mew|Mew|404\/404
|-damage|p2a: Mew|354\/404|[from] Stealth Rock
|
|-heal|p2a: Mew|379\/404|[from] item: Leftovers
|turn|18
|
|switch|p2a: Amoonguss|Amoonguss, M|432\/432
|-damage|p2a: Amoonguss|378\/432|[from] Stealth Rock
|switch|p1a: show gratitude|Gliscor, F|236\/353 tox
|-damage|p1a: show gratitude|192\/353 tox|[from] Stealth Rock
|
|-heal|p2a: Amoonguss|405\/432|[from] item: Black Sludge
|-heal|p1a: show gratitude|236\/353 tox|[from] ability: Poison Heal
|turn|19
|
|move|p1a: show gratitude|Taunt|p2a: Amoonguss
|-start|p2a: Amoonguss|move: Taunt
|move|p2a: Amoonguss|Giga Drain|p1a: show gratitude
|-damage|p1a: show gratitude|160\/353 tox
|-heal|p2a: Amoonguss|432\/432|[from] drain|[of] p1a: show gratitude
|
|-heal|p1a: show gratitude|204\/353 tox|[from] ability: Poison Heal
|turn|20
|
|switch|p2a: Mew|Mew|379\/404
|-damage|p2a: Mew|329\/404|[from] Stealth Rock
|move|p1a: show gratitude|Substitute|p1a: show gratitude
|-start|p1a: show gratitude|Substitute
|-damage|p1a: show gratitude|116\/353 tox
|
|-heal|p2a: Mew|354\/404|[from] item: Leftovers
|-heal|p1a: show gratitude|160\/353 tox|[from] ability: Poison Heal
|turn|21
|
|move|p1a: show gratitude|Baton Pass|p1a: show gratitude
|
|switch|p1a: oh boi|Crawdaunt, M|234\/267
|-damage|p1a: oh boi|201\/267|[from] Stealth Rock
|move|p2a: Mew|Defog|p1a: oh boi
|-sideend|p1: so long lonesome|Stealth Rock|[from] move: Defog|[of] p1a: oh boi
|-sideend|p2: CurtainFall|Stealth Rock|[from] move: Defog|[of] p2a: Mew
|
|-heal|p2a: Mew|379\/404|[from] item: Leftovers
|turn|22
|c| nur testi desu|oh boi
|
|switch|p2a: Amoonguss|Amoonguss, M|432\/432
|move|p1a: oh boi|Knock Off|p2a: Amoonguss
|-damage|p2a: Amoonguss|40\/432
|-enditem|p2a: Amoonguss|Black Sludge|[from] move: Knock Off|[of] p1a: oh boi
|
|turn|23
|-message|CurtainFall forfeited.
|leave|CurtainFall
|
|win|so long lonesome
|raw|Ladder updating...
|player|p2
|raw|so long lonesome's rating: 1557 &rarr; <strong>1580<\/strong><br \/>(+23 for winning)
|raw|CurtainFall's rating: 1610 &rarr; <strong>1587<\/strong><br \/>(-23 for losing)
|leave|pure difference
|join|pure difference
|leave|pure difference