|join|MegaRango
|join|DMT
|player|p1|MegaRango|101
|player|p2|DMT|184
|gametype|singles
|gen|6
|tier|UU
|rated
|rule|Sleep Clause Mod: Limit one foe put to sleep
|rule|Species Clause: Limit one of each PokÃ©mon
|rule|OHKO Clause: OHKO moves are banned
|rule|Moody Clause: Moody is banned
|rule|Evasion Moves Clause: Evasion moves are banned
|rule|Endless Battle Clause: Forcing endless battles is banned
|rule|HP Percentage Mod: HP is shown in percentages
|clearpoke
|poke|p1|Sceptile, M
|poke|p1|Gligar, M
|poke|p1|Cofagrigus, F
|poke|p1|Umbreon, F
|poke|p1|Quagsire, F
|poke|p1|Chandelure, M, shiny
|poke|p2|Yanmega, M
|poke|p2|Jirachi
|poke|p2|Raikou
|poke|p2|Vaporeon, F
|poke|p2|Sceptile, F, shiny
|poke|p2|Gligar, M
|rule|Swagger Clause: Swagger is banned
|rule|Baton Pass Clause: Limit one PokÃ©mon knowing Baton Pass
|teampreview
|join|sniperaim
|join|YeLlOw...SkArMoRy
|
|start
|switch|p1a: Chandelure 10.6|Chandelure, M, shiny|261\/261
|switch|p2a: Raikou|Raikou|321\/321
|-ability|p2a: Raikou|Pressure
|turn|1
|
|switch|p1a: Gligar 4.58|Gligar, M|334\/334
|move|p2a: Raikou|Volt Switch|p1a: Gligar 4.58
|-immune|p1a: Gligar 4.58|[msg]
|
|turn|2
|c| sniperaim|lol
|
|move|p2a: Raikou|Hidden Power|p1a: Gligar 4.58
|-supereffective|p1a: Gligar 4.58
|-damage|p1a: Gligar 4.58|154\/334
|move|p1a: Gligar 4.58|Stealth Rock|p2a: Raikou
|-sidestart|p2: DMT|move: Stealth Rock
|
|turn|3
|
|switch|p1a: Quagsire 2.92|Quagsire, F|394\/394
|move|p2a: Raikou|Volt Switch|p1a: Quagsire 2.92
|-immune|p1a: Quagsire 2.92|[msg]
|
|turn|4
|join|BenzMafia
|
|switch|p2a: Vaporeon|Vaporeon, F|464\/464
|-damage|p2a: Vaporeon|406\/464|[from] Stealth Rock
|move|p1a: Quagsire 2.92|Earthquake|p2a: Vaporeon
|-crit|p2a: Vaporeon
|-damage|p2a: Vaporeon|261\/464
|
|-heal|p2a: Vaporeon|290\/464|[from] item: Leftovers
|turn|5
|c| YeLlOw...SkArMoRy|>2.92
|c| sniperaim|inb4 water asorb
|
|switch|p1a: Umbreon 6.92|Umbreon, F|394\/394
|move|p2a: Vaporeon|Baton Pass|p2a: Vaporeon
|
|switch|p2a: Gligar|Gligar, M|334\/334
|-damage|p2a: Gligar|293\/334|[from] Stealth Rock
|
|turn|6
|
|move|p2a: Gligar|Defog|p1a: Umbreon 6.92
|-unboost|p1a: Umbreon 6.92|evasion|1
|-sideend|p2: DMT|Stealth Rock|[from] move: Defog|[of] p2a: Gligar
|move|p1a: Umbreon 6.92|Wish|p1a: Umbreon 6.92
|
|turn|7
|c| YeLlOw...SkArMoRy|>6.92
|
|switch|p1a: Chandelure 10.6|Chandelure, M, shiny|261\/261
|move|p2a: Gligar|U-turn|p1a: Chandelure 10.6
|-resisted|p1a: Chandelure 10.6
|-damage|p1a: Chandelure 10.6|250\/261
|
|switch|p2a: Raikou|Raikou|321\/321
|-ability|p2a: Raikou|Pressure
|
|-heal|p1a: Chandelure 10.6|261\/261|[from] move: Wish|[wisher] Umbreon 6.92
|turn|8
|
|move|p1a: Chandelure 10.6|Trick|p2a: Raikou
|-activate|p1a: Chandelure 10.6|move: Trick|[of] p2a: Raikou
|-item|p2a: Raikou|Choice Scarf|[from] move: Trick
|-item|p1a: Chandelure 10.6|Zap Plate|[from] move: Trick
|move|p2a: Raikou|Volt Switch|p1a: Chandelure 10.6
|-damage|p1a: Chandelure 10.6|128\/261
|
|switch|p2a: Sceptile|Sceptile, F, shiny|281\/281
|
|turn|9
|
|switch|p1a: Cofagrigus 0.91|Cofagrigus, F|319\/319
|detailschange|p2a: Sceptile|Sceptile-Mega, F, shiny
|message|Sceptile has Mega Evolved into Mega Sceptile!
|move|p2a: Sceptile|Dragon Claw|p1a: Cofagrigus 0.91
|-damage|p1a: Cofagrigus 0.91|246\/319
|-endability|p2a: Sceptile|lightningrod|[from] Mummy
|-ability|p2a: Sceptile|Mummy|[from] Mummy
|
|-heal|p1a: Cofagrigus 0.91|265\/319|[from] item: Leftovers
|turn|10
|
|switch|p2a: Gligar|Gligar, M|293\/334
|move|p1a: Cofagrigus 0.91|Toxic Spikes|p2a: Gligar
|-sidestart|p2: DMT|move: Toxic Spikes
|
|-heal|p1a: Cofagrigus 0.91|284\/319|[from] item: Leftovers
|turn|11
|c| YeLlOw...SkArMoRy|what's sceptile's name
|c|âDMT|nothing
|c| YeLlOw...SkArMoRy|ooh tspikes cofagrigus
|
|move|p2a: Gligar|Stealth Rock|p1a: Cofagrigus 0.91
|-sidestart|p1: MegaRango|move: Stealth Rock
|move|p1a: Cofagrigus 0.91|Will-O-Wisp|p2a: Gligar
|-status|p2a: Gligar|brn
|
|-heal|p1a: Cofagrigus 0.91|303\/319|[from] item: Leftovers
|-damage|p2a: Gligar|252\/334 brn|[from] brn
|turn|12
|c| YeLlOw...SkArMoRy|the non-mega one right now
|
|move|p2a: Gligar|U-turn|p1a: Cofagrigus 0.91
|-resisted|p1a: Cofagrigus 0.91
|-damage|p1a: Cofagrigus 0.91|297\/319
|-endability|p2a: Gligar|hypercutter|[from] Mummy
|-ability|p2a: Gligar|Mummy|[from] Mummy
|
|switch|p2a: Vaporeon|Vaporeon, F|290\/464
|-status|p2a: Vaporeon|psn
|move|p1a: Cofagrigus 0.91|Toxic Spikes|p2a: Vaporeon
|-sidestart|p2: DMT|move: Toxic Spikes
|
|-heal|p2a: Vaporeon|319\/464 psn|[from] item: Leftovers
|-heal|p1a: Cofagrigus 0.91|316\/319|[from] item: Leftovers
|-damage|p2a: Vaporeon|261\/464 psn|[from] psn
|turn|13
|
|move|p2a: Vaporeon|Wish|p2a: Vaporeon
|move|p1a: Cofagrigus 0.91|Shadow Ball|p2a: Vaporeon
|-damage|p2a: Vaporeon|168\/464 psn
|
|-heal|p2a: Vaporeon|197\/464 psn|[from] item: Leftovers
|-heal|p1a: Cofagrigus 0.91|319\/319|[from] item: Leftovers
|-damage|p2a: Vaporeon|139\/464 psn|[from] psn
|turn|14
|
|move|p2a: Vaporeon|Scald|p1a: Cofagrigus 0.91
|-damage|p1a: Cofagrigus 0.91|219\/319
|move|p1a: Cofagrigus 0.91|Shadow Ball|p2a: Vaporeon
|-damage|p2a: Vaporeon|40\/464 psn
|
|-heal|p2a: Vaporeon|272\/464 psn|[from] move: Wish|[wisher] Vaporeon
|-heal|p2a: Vaporeon|301\/464 psn|[from] item: Leftovers
|-heal|p1a: Cofagrigus 0.91|238\/319|[from] item: Leftovers
|-damage|p2a: Vaporeon|243\/464 psn|[from] psn
|turn|15
|
|move|p2a: Vaporeon|Wish|p2a: Vaporeon
|move|p1a: Cofagrigus 0.91|Shadow Ball|p2a: Vaporeon
|-damage|p2a: Vaporeon|141\/464 psn
|
|-heal|p2a: Vaporeon|170\/464 psn|[from] item: Leftovers
|-heal|p1a: Cofagrigus 0.91|257\/319|[from] item: Leftovers
|-damage|p2a: Vaporeon|112\/464 psn|[from] psn
|turn|16
|
|move|p2a: Vaporeon|Scald|p1a: Cofagrigus 0.91
|-damage|p1a: Cofagrigus 0.91|164\/319
|move|p1a: Cofagrigus 0.91|Shadow Ball|p2a: Vaporeon
|-damage|p2a: Vaporeon|22\/464 psn
|
|-heal|p2a: Vaporeon|254\/464 psn|[from] move: Wish|[wisher] Vaporeon
|-heal|p2a: Vaporeon|283\/464 psn|[from] item: Leftovers
|-heal|p1a: Cofagrigus 0.91|183\/319|[from] item: Leftovers
|-damage|p2a: Vaporeon|225\/464 psn|[from] psn
|turn|17
|
|move|p2a: Vaporeon|Scald|p1a: Cofagrigus 0.91
|-damage|p1a: Cofagrigus 0.91|77\/319
|-status|p1a: Cofagrigus 0.91|brn
|move|p1a: Cofagrigus 0.91|Shadow Ball|p2a: Vaporeon
|-damage|p2a: Vaporeon|135\/464 psn
|
|-heal|p2a: Vaporeon|164\/464 psn|[from] item: Leftovers
|-heal|p1a: Cofagrigus 0.91|96\/319 brn|[from] item: Leftovers
|-damage|p2a: Vaporeon|106\/464 psn|[from] psn
|-damage|p1a: Cofagrigus 0.91|57\/319 brn|[from] brn
|turn|18
|
|move|p2a: Vaporeon|Wish|p2a: Vaporeon
|move|p1a: Cofagrigus 0.91|Shadow Ball|p2a: Vaporeon
|-damage|p2a: Vaporeon|16\/464 psn
|
|-heal|p2a: Vaporeon|45\/464 psn|[from] item: Leftovers
|-heal|p1a: Cofagrigus 0.91|76\/319 brn|[from] item: Leftovers
|-damage|p2a: Vaporeon|0 fnt|[from] psn
|-damage|p1a: Cofagrigus 0.91|37\/319 brn|[from] brn
|faint|p2a: Vaporeon
|
|switch|p2a: Yanmega|Yanmega, M|313\/313
|turn|19
|c| YeLlOw...SkArMoRy|rip
|
|move|p2a: Yanmega|Bug Buzz|p1a: Cofagrigus 0.91
|-resisted|p1a: Cofagrigus 0.91
|-damage|p1a: Cofagrigus 0.91|0 fnt
|-damage|p2a: Yanmega|282\/313|[from] item: Life Orb
|faint|p1a: Cofagrigus 0.91
|
|-heal|p2a: Yanmega|313\/313|[from] move: Wish|[wisher] Vaporeon
|-boost|p2a: Yanmega|spe|1|[from] ability: Speed Boost
|
|switch|p1a: Gligar 4.58|Gligar, M|154\/334
|-damage|p1a: Gligar 4.58|113\/334|[from] Stealth Rock
|turn|20
|
|move|p2a: Yanmega|Air Slash|p1a: Gligar 4.58|[miss]
|-miss|p2a: Yanmega|p1a: Gligar 4.58
|move|p1a: Gligar 4.58|Roost|p1a: Gligar 4.58
|-heal|p1a: Gligar 4.58|280\/334
|
|-boost|p2a: Yanmega|spe|1|[from] ability: Speed Boost
|turn|21
|join|zTPCz
|
|move|p2a: Yanmega|Air Slash|p1a: Gligar 4.58
|-damage|p1a: Gligar 4.58|167\/334
|-damage|p2a: Yanmega|282\/313|[from] item: Life Orb
|move|p1a: Gligar 4.58|Roost|p1a: Gligar 4.58
|-heal|p1a: Gligar 4.58|334\/334
|
|-boost|p2a: Yanmega|spe|1|[from] ability: Speed Boost
|turn|22
|
|move|p2a: Yanmega|Air Slash|p1a: Gligar 4.58
|-crit|p1a: Gligar 4.58
|-damage|p1a: Gligar 4.58|173\/334
|-damage|p2a: Yanmega|251\/313|[from] item: Life Orb
|move|p1a: Gligar 4.58|Stealth Rock|p2a: Yanmega
|-sidestart|p2: DMT|move: Stealth Rock
|
|-boost|p2a: Yanmega|spe|1|[from] ability: Speed Boost
|turn|23
|
|move|p2a: Yanmega|Air Slash|p1a: Gligar 4.58
|-damage|p1a: Gligar 4.58|52\/334
|-damage|p2a: Yanmega|220\/313|[from] item: Life Orb
|move|p1a: Gligar 4.58|Roost|p1a: Gligar 4.58
|-heal|p1a: Gligar 4.58|219\/334
|
|-boost|p2a: Yanmega|spe|1|[from] ability: Speed Boost
|turn|24
|
|move|p2a: Yanmega|Air Slash|p1a: Gligar 4.58|[miss]
|-miss|p2a: Yanmega|p1a: Gligar 4.58
|move|p1a: Gligar 4.58|Roost|p1a: Gligar 4.58
|-heal|p1a: Gligar 4.58|334\/334
|
|-boost|p2a: Yanmega|spe|1|[from] ability: Speed Boost
|turn|25
|-message|DMT forfeited.
|
|win|MegaRango
|raw|Ladder updating...
|leave|DMT
|player|p2
|raw|MegaRango's rating: 1389 &rarr; <strong>1410<\/strong><br \/>(+21 for winning)
|raw|DMT's rating: 1396 &rarr; <strong>1376<\/strong><br \/>(-20 for losing)
|leave|sniperaim
|leave|BenzMafia