|join|porrtal 2
|join|DMT
|player|p1|porrtal 2|1
|player|p2|DMT|184
|gametype|singles
|gen|6
|tier|UU
|rated
|rule|Sleep Clause Mod: Limit one foe put to sleep
|rule|Species Clause: Limit one of each PokÃ©mon
|rule|OHKO Clause: OHKO moves are banned
|rule|Moody Clause: Moody is banned
|rule|Evasion Moves Clause: Evasion moves are banned
|rule|Endless Battle Clause: Forcing endless battles is banned
|rule|HP Percentage Mod: HP is shown in percentages
|clearpoke
|poke|p1|Swampert, M
|poke|p1|Florges, F
|poke|p1|Forretress, M
|poke|p1|Jirachi
|poke|p1|Hydreigon, M
|poke|p1|Gallade, M
|poke|p2|Hydreigon, F
|poke|p2|Tentacruel, M
|poke|p2|Chesnaught, F
|poke|p2|Sceptile, F
|poke|p2|Forretress, F
|poke|p2|Fletchinder, F
|rule|Swagger Clause: Swagger is banned
|rule|Baton Pass Clause: Limit one PokÃ©mon knowing Baton Pass
|teampreview
|c|âDMT|hi
|c|âDMT|i like ur team
|c|âporrtal 2|gl hf
|c|âDMT|you too
|
|start
|switch|p1a: Hydreigon|Hydreigon, M|325\/325
|switch|p2a: Sceptile|Sceptile, F|282\/282
|turn|1
|
|switch|p2a: Forretress|Forretress, F|354\/354
|move|p1a: Hydreigon|U-turn|p2a: Forretress
|-resisted|p2a: Forretress
|-damage|p2a: Forretress|339\/354
|
|switch|p1a: Jirachi|Jirachi|341\/341
|
|-heal|p2a: Forretress|354\/354|[from] item: Leftovers
|turn|2
|
|switch|p2a: Fletchinder|Fletchinder, F|265\/265
|move|p1a: Jirachi|Fire Punch|p2a: Fletchinder
|-resisted|p2a: Fletchinder
|-damage|p2a: Fletchinder|201\/265
|
|turn|3
|
|switch|p1a: Rachi shall not pa|Swampert, M|401\/401
|move|p2a: Fletchinder|Will-O-Wisp|p1a: Rachi shall not pa
|-status|p1a: Rachi shall not pa|brn
|
|-damage|p1a: Rachi shall not pa|351\/401 brn|[from] brn
|turn|4
|
|switch|p2a: Tentacruel|Tentacruel, M|364\/364
|move|p1a: Rachi shall not pa|Toxic|p2a: Tentacruel
|-fail|p2a: Tentacruel
|
|-heal|p1a: Rachi shall not pa|376\/401 brn|[from] item: Leftovers
|-damage|p1a: Rachi shall not pa|326\/401 brn|[from] brn
|turn|5
|
|move|p2a: Tentacruel|Toxic Spikes|p1a: Rachi shall not pa
|-sidestart|p1: porrtal 2|move: Toxic Spikes
|move|p1a: Rachi shall not pa|Earthquake|p2a: Tentacruel
|-supereffective|p2a: Tentacruel
|-damage|p2a: Tentacruel|196\/364
|
|-heal|p2a: Tentacruel|218\/364|[from] item: Black Sludge
|-heal|p1a: Rachi shall not pa|351\/401 brn|[from] item: Leftovers
|-damage|p1a: Rachi shall not pa|301\/401 brn|[from] brn
|turn|6
|
|switch|p2a: Chesnaught|Chesnaught, F|380\/380
|switch|p1a: Forretress|Forretress, M|354\/354
|
|turn|7
|
|switch|p2a: Sceptile|Sceptile, F|282\/282
|move|p1a: Forretress|Stealth Rock|p2a: Sceptile
|-sidestart|p2: DMT|move: Stealth Rock
|
|turn|8
|
|detailschange|p2a: Sceptile|Sceptile-Mega, F
|message|Sceptile has Mega Evolved into Mega Sceptile!
|move|p2a: Sceptile|Focus Blast|p1a: Forretress
|-damage|p1a: Forretress|124\/354
|move|p1a: Forretress|Gyro Ball|p2a: Sceptile
|-crit|p2a: Sceptile
|-damage|p2a: Sceptile|0 fnt
|faint|p2a: Sceptile
|
|-heal|p1a: Forretress|146\/354|[from] item: Leftovers
|
|switch|p2a: Hydreigon|Hydreigon, F|325\/325
|-damage|p2a: Hydreigon|285\/325|[from] Stealth Rock
|turn|9
|join|SadPierr0t
|
|switch|p1a: Florges|Florges, F|360\/360
|-status|p1a: Florges|psn
|move|p2a: Hydreigon|Dark Pulse|p1a: Florges
|-resisted|p1a: Florges
|-damage|p1a: Florges|311\/360 psn
|-damage|p2a: Hydreigon|253\/325|[from] item: Life Orb
|
|-heal|p1a: Florges|333\/360 psn|[from] item: Leftovers
|-damage|p1a: Florges|288\/360 psn|[from] psn
|turn|10
|c| SadPierr0t|I enjoyed the last vid dmt!
|c|âDMT|thanks!
|c|âporrtal 2|oh you are UU room owner
|c|âporrtal 2|youtube link please
|c|âDMT|ya lol
|
|move|p2a: Hydreigon|Iron Tail|p1a: Florges|[miss]
|-miss|p2a: Hydreigon|p1a: Florges
|move|p1a: Florges|Heal Bell|p1a: Florges
|-cureteam|p1a: Florges|[from] move: HealBell
|
|-heal|p1a: Florges|310\/360|[from] item: Leftovers
|turn|11
|c|âDMT|youtube.com\/user\/smogondmt
|
|switch|p2a: Forretress|Forretress, F|354\/354
|-damage|p2a: Forretress|310\/354|[from] Stealth Rock
|move|p1a: Florges|Moonblast|p2a: Forretress
|-resisted|p2a: Forretress
|-damage|p2a: Forretress|214\/354
|
|-heal|p1a: Florges|332\/360|[from] item: Leftovers
|-heal|p2a: Forretress|236\/354|[from] item: Leftovers
|turn|12
|c| SadPierr0t|iron tail always misses
|
|move|p1a: Florges|Protect|p1a: Florges
|-singleturn|p1a: Florges|Protect
|move|p2a: Forretress|Stealth Rock|p1a: Florges
|-sidestart|p1: porrtal 2|move: Stealth Rock
|
|-heal|p1a: Florges|354\/360|[from] item: Leftovers
|-heal|p2a: Forretress|258\/354|[from] item: Leftovers
|turn|13
|
|move|p1a: Florges|Moonblast|p2a: Forretress
|-resisted|p2a: Forretress
|-damage|p2a: Forretress|159\/354
|-unboost|p2a: Forretress|spa|1
|move|p2a: Forretress|Volt Switch|p1a: Florges
|-damage|p1a: Florges|340\/360
|
|switch|p2a: Tentacruel|Tentacruel, M|218\/364
|-damage|p2a: Tentacruel|173\/364|[from] Stealth Rock
|
|-heal|p2a: Tentacruel|195\/364|[from] item: Black Sludge
|-heal|p1a: Florges|360\/360|[from] item: Leftovers
|turn|14
|
|move|p2a: Tentacruel|Knock Off|p1a: Florges
|-resisted|p1a: Florges
|-damage|p1a: Florges|328\/360
|-enditem|p1a: Florges|Leftovers|[from] move: Knock Off|[of] p2a: Tentacruel
|move|p1a: Florges|Wish|p1a: Florges
|
|-heal|p2a: Tentacruel|217\/364|[from] item: Black Sludge
|turn|15
|
|switch|p1a: Forretress|Forretress, M|146\/354
|-damage|p1a: Forretress|102\/354|[from] Stealth Rock
|move|p2a: Tentacruel|Scald|p1a: Forretress
|-damage|p1a: Forretress|0 fnt
|faint|p1a: Forretress
|
|-heal|p2a: Tentacruel|239\/364|[from] item: Black Sludge
|
|switch|p1a: Gallade|Gallade, M|278\/278
|-damage|p1a: Gallade|261\/278|[from] Stealth Rock
|-status|p1a: Gallade|psn
|turn|16
|
|switch|p2a: Forretress|Forretress, F|159\/354
|-damage|p2a: Forretress|115\/354|[from] Stealth Rock
|detailschange|p1a: Gallade|Gallade-Mega, M
|message|Gallade has Mega Evolved into Mega Gallade!
|move|p1a: Gallade|Psycho Cut|p2a: Forretress
|-resisted|p2a: Forretress
|-damage|p2a: Forretress|73\/354
|
|-heal|p2a: Forretress|95\/354|[from] item: Leftovers
|-damage|p1a: Gallade|227\/278 psn|[from] psn
|turn|17
|
|move|p1a: Gallade|Close Combat|p2a: Forretress
|-damage|p2a: Forretress|0 fnt
|-unboost|p1a: Gallade|def|1
|-unboost|p1a: Gallade|spd|1
|faint|p2a: Forretress
|
|-damage|p1a: Gallade|193\/278 psn|[from] psn
|
|switch|p2a: Chesnaught|Chesnaught, F|380\/380
|-damage|p2a: Chesnaught|357\/380|[from] Stealth Rock
|turn|18
|
|switch|p1a: Florges|Florges, F|328\/360
|-damage|p1a: Florges|283\/360|[from] Stealth Rock
|-status|p1a: Florges|psn
|move|p2a: Chesnaught|Drain Punch|p1a: Florges
|-resisted|p1a: Florges
|-damage|p1a: Florges|226\/360 psn
|-heal|p2a: Chesnaught|380\/380|[from] drain|[of] p1a: Florges
|
|-damage|p1a: Florges|181\/360 psn|[from] psn
|turn|19
|join|meowiekins
|
|move|p1a: Florges|Wish|p1a: Florges
|move|p2a: Chesnaught|Leech Seed|p1a: Florges
|-start|p1a: Florges|move: Leech Seed
|
|-damage|p1a: Florges|136\/360 psn|[from] Leech Seed|[of] p2a: Chesnaught
|-damage|p1a: Florges|91\/360 psn|[from] psn
|turn|20
|
|switch|p2a: Tentacruel|Tentacruel, M|239\/364
|-damage|p2a: Tentacruel|194\/364|[from] Stealth Rock
|move|p1a: Florges|Moonblast|p2a: Tentacruel
|-resisted|p2a: Tentacruel
|-damage|p2a: Tentacruel|151\/364
|-unboost|p2a: Tentacruel|spa|1
|
|-heal|p1a: Florges|271\/360 psn|[from] move: Wish|[wisher] Florges
|-heal|p2a: Tentacruel|173\/364|[from] item: Black Sludge
|-damage|p1a: Florges|226\/360 psn|[from] Leech Seed|[of] p2a: Tentacruel
|-heal|p2a: Tentacruel|218\/364|[silent]
|-damage|p1a: Florges|181\/360 psn|[from] psn
|turn|21
|
|switch|p1a: Jirachi|Jirachi|341\/341
|-damage|p1a: Jirachi|320\/341|[from] Stealth Rock
|move|p2a: Tentacruel|Rapid Spin|p1a: Jirachi
|-crit|p1a: Jirachi
|-resisted|p1a: Jirachi
|-damage|p1a: Jirachi|310\/341
|-sideend|p2: DMT|Stealth Rock|[from] move: Rapid Spin|[of] p2a: Tentacruel
|
|-heal|p2a: Tentacruel|240\/364|[from] item: Black Sludge
|turn|22
|
|move|p1a: Jirachi|U-turn|p2a: Tentacruel
|-resisted|p2a: Tentacruel
|-damage|p2a: Tentacruel|193\/364
|
|switch|p1a: Hydreigon|Hydreigon, M|325\/325
|-damage|p1a: Hydreigon|285\/325|[from] Stealth Rock
|move|p2a: Tentacruel|Scald|p1a: Hydreigon
|-resisted|p1a: Hydreigon
|-damage|p1a: Hydreigon|252\/325
|
|-heal|p2a: Tentacruel|215\/364|[from] item: Black Sludge
|turn|23
|
|switch|p2a: Chesnaught|Chesnaught, F|380\/380
|move|p1a: Hydreigon|Draco Meteor|p2a: Chesnaught
|-damage|p2a: Chesnaught|103\/380
|-unboost|p1a: Hydreigon|spa|2
|
|-heal|p2a: Chesnaught|126\/380|[from] item: Leftovers
|turn|24
|
|move|p1a: Hydreigon|Draco Meteor|p2a: Chesnaught
|-damage|p2a: Chesnaught|0 fnt
|-unboost|p1a: Hydreigon|spa|2
|faint|p2a: Chesnaught
|
|
|switch|p2a: Tentacruel|Tentacruel, M|215\/364
|turn|25
|join|DatGuyChuck
|
|switch|p1a: Rachi shall not pa|Swampert, M|301\/401
|-damage|p1a: Rachi shall not pa|276\/401|[from] Stealth Rock
|-status|p1a: Rachi shall not pa|psn
|move|p2a: Tentacruel|Scald|p1a: Rachi shall not pa
|-damage|p1a: Rachi shall not pa|197\/401 psn
|
|-heal|p2a: Tentacruel|237\/364|[from] item: Black Sludge
|-heal|p1a: Rachi shall not pa|222\/401 psn|[from] item: Leftovers
|-damage|p1a: Rachi shall not pa|172\/401 psn|[from] psn
|turn|26
|join|waivfu
|join|So Dynamic
|join|Buuskeri
|
|move|p2a: Tentacruel|Knock Off|p1a: Rachi shall not pa
|-damage|p1a: Rachi shall not pa|129\/401 psn
|-enditem|p1a: Rachi shall not pa|Leftovers|[from] move: Knock Off|[of] p2a: Tentacruel
|move|p1a: Rachi shall not pa|Toxic|p2a: Tentacruel
|-fail|p2a: Tentacruel
|
|-heal|p2a: Tentacruel|259\/364|[from] item: Black Sludge
|-damage|p1a: Rachi shall not pa|79\/401 psn|[from] psn
|turn|27
|
|switch|p2a: Hydreigon|Hydreigon, F|253\/325
|move|p1a: Rachi shall not pa|Earthquake|p2a: Hydreigon
|-immune|p2a: Hydreigon|[msg]
|
|-damage|p1a: Rachi shall not pa|29\/401 psn|[from] psn
|turn|28
|c| DatGuyChuck|oml portall
|
|move|p2a: Hydreigon|Dark Pulse|p1a: Rachi shall not pa
|-damage|p1a: Rachi shall not pa|0 fnt
|-damage|p2a: Hydreigon|221\/325|[from] item: Life Orb
|faint|p1a: Rachi shall not pa
|
|c| SadPierr0t|the plays
|
|switch|p1a: Hydreigon|Hydreigon, M|252\/325
|-damage|p1a: Hydreigon|212\/325|[from] Stealth Rock
|turn|29
|
|move|p1a: Hydreigon|Draco Meteor|p2a: Hydreigon
|-supereffective|p2a: Hydreigon
|-damage|p2a: Hydreigon|0 fnt
|-unboost|p1a: Hydreigon|spa|2
|faint|p2a: Hydreigon
|
|
|switch|p2a: Tentacruel|Tentacruel, M|259\/364
|turn|30
|leave|waivfu
|
|switch|p1a: Florges|Florges, F|181\/360 psn
|-damage|p1a: Florges|136\/360 psn|[from] Stealth Rock
|move|p2a: Tentacruel|Knock Off|p1a: Florges
|-resisted|p1a: Florges
|-damage|p1a: Florges|114\/360 psn
|
|-heal|p2a: Tentacruel|281\/364|[from] item: Black Sludge
|-damage|p1a: Florges|69\/360 psn|[from] psn
|turn|31
|
|switch|p2a: Fletchinder|Fletchinder, F|201\/265
|move|p1a: Florges|Wish|p1a: Florges
|
|-damage|p1a: Florges|24\/360 psn|[from] psn
|turn|32
|
|move|p1a: Florges|Protect|p1a: Florges
|-singleturn|p1a: Florges|Protect
|move|p2a: Fletchinder|Swords Dance|p2a: Fletchinder
|-boost|p2a: Fletchinder|atk|2
|
|-heal|p1a: Florges|204\/360 psn|[from] move: Wish|[wisher] Florges
|-damage|p1a: Florges|159\/360 psn|[from] psn
|turn|33
|c| SadPierr0t|sd again
|
|move|p2a: Fletchinder|Swords Dance|p2a: Fletchinder
|-boost|p2a: Fletchinder|atk|2
|move|p1a: Florges|Moonblast|p2a: Fletchinder
|-resisted|p2a: Fletchinder
|-damage|p2a: Fletchinder|104\/265
|-unboost|p2a: Fletchinder|spa|1
|
|-damage|p1a: Florges|114\/360 psn|[from] psn
|turn|34
|join|Colbrushie
|c|âporrtal 2|gg
|
|move|p2a: Fletchinder|Roost|p2a: Fletchinder
|-heal|p2a: Fletchinder|237\/265
|move|p1a: Florges|Moonblast|p2a: Fletchinder
|-resisted|p2a: Fletchinder
|-damage|p2a: Fletchinder|132\/265
|-unboost|p2a: Fletchinder|spa|1
|
|-damage|p1a: Florges|69\/360 psn|[from] psn
|turn|35
|c|âDMT|looks like it
|
|move|p2a: Fletchinder|Roost|p2a: Fletchinder
|-heal|p2a: Fletchinder|265\/265
|move|p1a: Florges|Moonblast|p2a: Fletchinder
|-crit|p2a: Fletchinder
|-resisted|p2a: Fletchinder
|-damage|p2a: Fletchinder|121\/265
|
|-damage|p1a: Florges|24\/360 psn|[from] psn
|turn|36
|
|move|p2a: Fletchinder|Roost|p2a: Fletchinder
|-heal|p2a: Fletchinder|254\/265
|move|p1a: Florges|Moonblast|p2a: Fletchinder
|-resisted|p2a: Fletchinder
|-damage|p2a: Fletchinder|152\/265
|
|-damage|p1a: Florges|0 fnt|[from] psn
|faint|p1a: Florges
|c|âDMT|depends on rachi set really
|
|switch|p1a: Jirachi|Jirachi|310\/341
|-damage|p1a: Jirachi|289\/341|[from] Stealth Rock
|turn|37
|
|move|p2a: Fletchinder|Acrobatics|p1a: Jirachi
|-resisted|p1a: Jirachi
|-damage|p1a: Jirachi|83\/341
|move|p1a: Jirachi|Iron Head|p2a: Fletchinder
|-resisted|p2a: Fletchinder
|-damage|p2a: Fletchinder|62\/265
|
|turn|38
|c|âDMT|fire punch iron head trick filler
|c|âDMT|trick si the play
|c|âDMT|I think
|c|âDMT|maybe idk
|c|âporrtal 2|no trick
|c|âDMT|ahh
|c| Colbrushie|roost
|
|move|p2a: Fletchinder|Acrobatics|p1a: Jirachi
|-resisted|p1a: Jirachi
|-damage|p1a: Jirachi|0 fnt
|faint|p1a: Jirachi
|
|c| Colbrushie|so you live sneak
|c| Colbrushie|imo
|c| Colbrushie|ok
|c|âDMT|oh
|c|âDMT|right
|c|âDMT|durr
|c|âDMT|welp
|
|switch|p1a: Gallade|Gallade-Mega, M|193\/278 psn
|-damage|p1a: Gallade|176\/278 psn|[from] Stealth Rock
|turn|39
|c| Colbrushie|does he have sneak?
|c|âporrtal 2|no
|c|âDMT|nah
|
|move|p2a: Fletchinder|Acrobatics|p1a: Gallade
|-supereffective|p1a: Gallade
|-damage|p1a: Gallade|0 fnt
|faint|p1a: Gallade
|
|leave|Buuskeri
|c| Colbrushie|rip
|join|DeerayYoDaddy
|
|switch|p1a: Hydreigon|Hydreigon, M|212\/325
|-damage|p1a: Hydreigon|172\/325|[from] Stealth Rock
|turn|40
|c|âDMT|gg
|
|move|p2a: Fletchinder|Acrobatics|p1a: Hydreigon
|-damage|p1a: Hydreigon|0 fnt
|faint|p1a: Hydreigon
|
|win|DMT
|raw|Ladder updating...
|raw|porrtal 2's rating: 1307 &rarr; <strong>1290<\/strong><br \/>(-17 for losing)
|raw|DMT's rating: 1361 &rarr; <strong>1378<\/strong><br \/>(+17 for winning)
|c|âporrtal 2|gg
|leave|DMT
|player|p2
|leave|DeerayYoDaddy
|leave|So Dynamic
|leave|SadPierr0t
|leave|porrtal 2
|player|p1
|leave|DatGuyChuck
|join|porrtal 2