|join|Bob the Bro
|join|DMT
|player|p1|Bob the Bro|23
|player|p2|DMT|184
|gametype|singles
|gen|6
|tier|UU
|rule|Sleep Clause Mod: Limit one foe put to sleep
|rule|Species Clause: Limit one of each PokÃ©mon
|rule|OHKO Clause: OHKO moves are banned
|rule|Moody Clause: Moody is banned
|rule|Evasion Moves Clause: Evasion moves are banned
|rule|Endless Battle Clause: Forcing endless battles is banned
|rule|HP Percentage Mod: HP is shown in percentages
|clearpoke
|poke|p1|Shedinja
|poke|p1|Blissey, F
|poke|p1|Tentacruel, F
|poke|p1|Zygarde
|poke|p1|Aggron, M
|poke|p1|Togetic, F
|poke|p2|Shedinja
|poke|p2|Absol, F
|poke|p2|Xatu, F
|poke|p2|Cobalion
|poke|p2|Archeops, F
|poke|p2|Tentacruel, M
|rule|Swagger Clause: Swagger is banned
|rule|Baton Pass Clause: Limit one PokÃ©mon knowing Baton Pass
|teampreview
|c|âDMT|ok
|c|âBob the Bro|???
|c|âDMT|go
|c|âBob the Bro|o
|c|âBob the Bro|sick
|c|âDMT|ya dog!
|
|start
|switch|p1a: Archilles|Aggron, M|344\/344
|switch|p2a: FairyDark plz|Absol, F|271\/271
|turn|1
|join|DatGuyChuck
|join|waiv
|c|âBob the Bro|fire blast
|join|Lucipurrr
|leave|Lucipurrr
|
|detailschange|p2a: FairyDark plz|Absol-Mega, F
|-mega|p2a: FairyDark plz|Absol|Absolite
|detailschange|p1a: Archilles|Aggron-Mega, M
|-mega|p1a: Archilles|Aggron|Aggronite
|move|p2a: FairyDark plz|Baton Pass|p2a: FairyDark plz
|
|switch|p2a: DOOT DOOT|Xatu, F|334\/334
|move|p1a: Archilles|Heavy Slam|p2a: DOOT DOOT
|-damage|p2a: DOOT DOOT|153\/334
|-damage|p1a: Archilles|287\/344|[from] item: Rocky Helmet|[of] p2a: DOOT DOOT
|
|turn|2
|c|âDMT|oh
|c|âDMT|just realizing
|
|switch|p1a: Serpentine|Zygarde|404\/404
|-ability|p1a: Serpentine|Aura Break
|move|p2a: DOOT DOOT|U-turn|p1a: Serpentine
|-damage|p1a: Serpentine|378\/404
|c|âDMT|ya
|c|âDMT|this thing
|c|âDMT|is bad news!
|
|switch|p2a: FairyDark plz|Absol-Mega, F|271\/271
|
|-heal|p1a: Serpentine|403\/404|[from] item: Leftovers
|turn|3
|
|move|p2a: FairyDark plz|Swords Dance|p2a: FairyDark plz
|-boost|p2a: FairyDark plz|atk|2
|move|p1a: Serpentine|Earthquake|p2a: FairyDark plz
|-damage|p2a: FairyDark plz|81\/271
|
|-heal|p1a: Serpentine|404\/404|[from] item: Leftovers
|turn|4
|
|move|p2a: FairyDark plz|Knock Off|p1a: Serpentine
|-damage|p1a: Serpentine|41\/404
|-enditem|p1a: Serpentine|Leftovers|[from] move: Knock Off|[of] p2a: FairyDark plz
|move|p1a: Serpentine|Dragon Tail|p2a: FairyDark plz|[miss]
|-miss|p1a: Serpentine|p2a: FairyDark plz
|
|turn|5
|join|Lucipurrr
|c|âDMT|huiehuehuehueheuheuheuhe
|c|âBob the Bro|fk
|c|âDMT|ueheuheu
|c|âDMT|ehue
|c|âDMT|ueh
|c|âDMT|ehue
|c|âDMT|heuheuehueh
|c|âDMT|eheuheuehuehueh
|c|âDMT|euheuheue
|c|âDMT|ehueheuheuheue
|c|âDMT|ehuehueheuheuehuehuehe
|c| Lucipurrr|^
|c|âBob the Bro|sick hax
|c| Lucipurrr|^
|
|move|p2a: FairyDark plz|Knock Off|p1a: Serpentine
|-damage|p1a: Serpentine|0 fnt
|faint|p1a: Serpentine
|
|join|sniperaim
|c|âDMT|not hax if called
|c|âDMT|huiehuehueheuheuhe
|
|switch|p1a: Archilles|Aggron-Mega, M|287\/344
|turn|6
|c|âBob the Bro|you didnt even call it
|c|âBob the Bro|nerd
|
|move|p2a: FairyDark plz|Baton Pass|p2a: FairyDark plz
|c| sniperaim|can i ban bob
|
|switch|p2a: Combat Clothes|Cobalion|386\/386
|move|p1a: Archilles|Heavy Slam|p2a: Combat Clothes
|-resisted|p2a: Combat Clothes
|-damage|p2a: Combat Clothes|360\/386
|
|turn|7
|c| sniperaim|pls
|
|move|p2a: Combat Clothes|Volt Switch|p1a: Archilles
|-damage|p1a: Archilles|246\/344
|
|switch|p2a: DOOT DOOT|Xatu, F|153\/334
|move|p1a: Archilles|Stealth Rock|p2a: DOOT DOOT
|move|p2a: DOOT DOOT|Stealth Rock|p1a: Archilles|[from]Magic Bounce
|-sidestart|p1: Bob the Bro|move: Stealth Rock
|
|turn|8
|c|âBob the Bro|oh
|c|âDMT|plz bob
|
|move|p2a: DOOT DOOT|Roost|p2a: DOOT DOOT
|-heal|p2a: DOOT DOOT|320\/334
|move|p1a: Archilles|Heavy Slam|p2a: DOOT DOOT
|-damage|p2a: DOOT DOOT|158\/334
|-damage|p1a: Archilles|189\/344|[from] item: Rocky Helmet|[of] p2a: DOOT DOOT
|
|turn|9
|c| Lucipurrr|OOOOOOOOOOOHHHHHHHHHHHH
|c| Lucipurrr|OOOOOOOOOOOOOOOOOOOOOOOOOOOOOOOOOOOOOOOOOOOOOOHHHHHHHHHHHH
|
|switch|p1a: Kraken|Tentacruel, F|364\/364
|-damage|p1a: Kraken|319\/364|[from] Stealth Rock
|move|p2a: DOOT DOOT|Roost|p2a: DOOT DOOT
|-heal|p2a: DOOT DOOT|325\/334
|
|-heal|p1a: Kraken|341\/364|[from] item: Black Sludge
|turn|10
|
|move|p1a: Kraken|Scald|p2a: DOOT DOOT
|-damage|p2a: DOOT DOOT|217\/334
|move|p2a: DOOT DOOT|U-turn|p1a: Kraken
|-resisted|p1a: Kraken
|-damage|p1a: Kraken|326\/364
|c|âBob the Bro|what am i doing
|
|switch|p2a: FairyDark plz|Absol-Mega, F|81\/271
|
|-heal|p1a: Kraken|348\/364|[from] item: Black Sludge
|turn|11
|join|Colbrushie
|c|âDMT|idklel
|
|move|p2a: FairyDark plz|Knock Off|p1a: Kraken
|-damage|p1a: Kraken|144\/364
|-enditem|p1a: Kraken|Black Sludge|[from] move: Knock Off|[of] p2a: FairyDark plz
|move|p1a: Kraken|Scald|p2a: FairyDark plz
|-damage|p2a: FairyDark plz|0 fnt
|faint|p2a: FairyDark plz
|
|
|switch|p2a: Redneck|Archeops, F|291\/291
|turn|12
|
|switch|p1a: Archilles|Aggron-Mega, M|189\/344
|-damage|p1a: Archilles|168\/344|[from] Stealth Rock
|move|p2a: Redneck|Stone Edge|p1a: Archilles
|-resisted|p1a: Archilles
|-damage|p1a: Archilles|123\/344
|
|turn|13
|c|âDMT|oof dmg
|
|switch|p2a: Ten Tickles|Tentacruel, M|364\/364
|switch|p1a: Venus|Blissey, F|714\/714
|-damage|p1a: Venus|625\/714|[from] Stealth Rock
|
|-heal|p1a: Venus|669\/714|[from] item: Leftovers
|turn|14
|
|switch|p2a: Redneck|Archeops, F|291\/291
|move|p1a: Venus|Wish|p1a: Venus
|
|-heal|p1a: Venus|713\/714|[from] item: Leftovers
|turn|15
|
|switch|p1a: Archilles|Aggron-Mega, M|123\/344
|-damage|p1a: Archilles|102\/344|[from] Stealth Rock
|move|p2a: Redneck|Switcheroo|p1a: Archilles
|-fail|p1a: Archilles
|
|-heal|p1a: Archilles|344\/344|[from] move: Wish|[wisher] Venus
|turn|16
|c|âBob the Bro|i call crit
|
|switch|p2a: DOOT DOOT|Xatu, F|217\/334
|move|p1a: Archilles|Heavy Slam|p2a: DOOT DOOT
|-damage|p2a: DOOT DOOT|48\/334
|-damage|p1a: Archilles|287\/344|[from] item: Rocky Helmet|[of] p2a: DOOT DOOT
|
|turn|17
|c|âDMT|ok
|c|âDMT|easy
|
|move|p2a: DOOT DOOT|Roost|p2a: DOOT DOOT
|-heal|p2a: DOOT DOOT|215\/334
|move|p1a: Archilles|Heavy Slam|p2a: DOOT DOOT
|-damage|p2a: DOOT DOOT|37\/334
|-damage|p1a: Archilles|230\/344|[from] item: Rocky Helmet|[of] p2a: DOOT DOOT
|
|turn|18
|
|move|p2a: DOOT DOOT|Roost|p2a: DOOT DOOT
|-heal|p2a: DOOT DOOT|204\/334
|move|p1a: Archilles|Heavy Slam|p2a: DOOT DOOT
|-crit|p2a: DOOT DOOT
|-damage|p2a: DOOT DOOT|0 fnt
|-damage|p1a: Archilles|173\/344|[from] item: Rocky Helmet|[of] p2a: DOOT DOOT
|faint|p2a: DOOT DOOT
|
|c|âDMT|fucking
|c|âBob the Bro|not hax
|c| waiv|LOL
|c|âDMT|im so done with this shit game
|c|âDMT|im so mad rite now
|c|âBob the Bro|called it
|c|âDMT|no ur gay
|
|switch|p2a: Ten Tickles|Tentacruel, M|364\/364
|turn|19
|c|âBob the Bro|no u
|
|switch|p1a: Venus|Blissey, F|713\/714
|-damage|p1a: Venus|624\/714|[from] Stealth Rock
|move|p2a: Ten Tickles|Scald|p1a: Venus
|-damage|p1a: Venus|560\/714
|
|-heal|p1a: Venus|604\/714|[from] item: Leftovers
|turn|20
|c|âDMT|no you`1
|c|âDMT|burn
|c|âDMT|burn
|c|âDMT|burn
|c|âDMT|wtf
|c|âDMT|this game is toxic
|c|âBob the Bro|ez
|
|move|p2a: Ten Tickles|Scald|p1a: Venus
|-damage|p1a: Venus|547\/714
|move|p1a: Venus|Wish|p1a: Venus
|
|-heal|p1a: Venus|591\/714|[from] item: Leftovers
|turn|21
|
|switch|p2a: Redneck|Archeops, F|291\/291
|switch|p1a: Kraken|Tentacruel, F|144\/364
|-damage|p1a: Kraken|99\/364|[from] Stealth Rock
|
|-heal|p1a: Kraken|364\/364|[from] move: Wish|[wisher] Venus
|turn|22
|
|move|p2a: Redneck|Switcheroo|p1a: Kraken
|-activate|p2a: Redneck|move: Trick|[of] p1a: Kraken
|-item|p1a: Kraken|Choice Scarf|[from] Trick
|move|p1a: Kraken|Scald|p2a: Redneck
|-supereffective|p2a: Redneck
|-damage|p2a: Redneck|63\/291
|-status|p2a: Redneck|brn
|
|-damage|p2a: Redneck|27\/291 brn|[from] brn
|turn|23
|c|âBob the Bro|ez
|c|âDMT|my start
|c|âDMT|strat
|
|move|p1a: Kraken|Scald|p2a: Redneck
|-supereffective|p2a: Redneck
|-damage|p2a: Redneck|0 fnt
|faint|p2a: Redneck
|
|c|âDMT|is to knock off uritem
|c|âDMT|then trick you
|c|âDMT|and ur fast now
|c|âDMT|that's coo
|c|âDMT|l
|c| Lucipurrr|Rock Bird 4 life
|
|switch|p2a: Win Condition|Shedinja|1\/1
|turn|24
|
|switch|p1a: Archilles|Aggron-Mega, M|173\/344
|-damage|p1a: Archilles|152\/344|[from] Stealth Rock
|switch|p2a: Combat Clothes|Cobalion|360\/386
|
|turn|25
|
|switch|p1a: Kraken|Tentacruel, F|364\/364
|-damage|p1a: Kraken|319\/364|[from] Stealth Rock
|move|p2a: Combat Clothes|Close Combat|p1a: Kraken
|-resisted|p1a: Kraken
|-damage|p1a: Kraken|261\/364
|-unboost|p2a: Combat Clothes|def|1
|-unboost|p2a: Combat Clothes|spd|1
|
|turn|26
|c|âBob the Bro|my sheddy vs yours leggo
|c|âDMT|k
|
|move|p1a: Kraken|Toxic Spikes|p2a: Combat Clothes
|-sidestart|p2: DMT|move: Toxic Spikes
|move|p2a: Combat Clothes|Volt Switch|p1a: Kraken
|-supereffective|p1a: Kraken
|-damage|p1a: Kraken|183\/364
|
|switch|p2a: Ten Tickles|Tentacruel, M|364\/364
|-sideend|p2: DMT|move: Toxic Spikes|[of] p2a: Ten Tickles
|
|turn|27
|
|switch|p1a: Venus|Blissey, F|591\/714
|-damage|p1a: Venus|502\/714|[from] Stealth Rock
|move|p2a: Ten Tickles|Toxic Spikes|p1a: Venus
|-sidestart|p1: Bob the Bro|move: Toxic Spikes
|
|-heal|p1a: Venus|546\/714|[from] item: Leftovers
|turn|28
|
|move|p2a: Ten Tickles|Scald|p1a: Venus
|-damage|p1a: Venus|482\/714
|-status|p1a: Venus|brn
|move|p1a: Venus|Wish|p1a: Venus
|
|-heal|p1a: Venus|526\/714 brn|[from] item: Leftovers
|-damage|p1a: Venus|437\/714 brn|[from] brn
|turn|29
|c|âDMT|easy!
|c|âBob the Bro|lemme spin real quick first
|c|âDMT|k
|c|âBob the Bro|then we can duke it
|c|âBob the Bro|with shed
|
|switch|p2a: Combat Clothes|Cobalion|360\/386
|switch|p1a: Kraken|Tentacruel, F|183\/364
|-sideend|p1: Bob the Bro|move: Toxic Spikes|[of] p1a: Kraken
|-damage|p1a: Kraken|138\/364|[from] Stealth Rock
|
|-heal|p1a: Kraken|364\/364|[from] move: Wish|[wisher] Venus
|turn|30
|c|âDMT|whosever shed wins
|
|move|p1a: Kraken|Rapid Spin|p2a: Combat Clothes
|-resisted|p2a: Combat Clothes
|-damage|p2a: Combat Clothes|356\/386
|-sideend|p1: Bob the Bro|Stealth Rock|[from] move: Rapid Spin|[of] p1a: Kraken
|move|p2a: Combat Clothes|Volt Switch|p1a: Kraken
|-supereffective|p1a: Kraken
|-damage|p1a: Kraken|292\/364
|c|âDMT|loser frfeits
|
|switch|p2a: Win Condition|Shedinja|1\/1
|
|turn|31
|c|âDMT|k
|c|âDMT|im
|c|âDMT|sd
|leave|sniperaim
|c|âDMT|ing
|c|âBob the Bro|we have to bring it in at the same time
|c|âBob the Bro|fgt
|c|âDMT|ffs
|c|âDMT|just bring urs in
|c|âDMT|here
|c|âDMT|i'll
|c|âBob the Bro|k dont attack
|c|âDMT|k
|
|switch|p1a: Hades|Shedinja|1\/1
|move|p2a: Win Condition|Swords Dance|p2a: Win Condition
|-boost|p2a: Win Condition|atk|2
|
|turn|32
|c|âDMT|k
|c|âDMT|red-E
|c|âBob the Bro|redy
|
|move|p2a: Win Condition|Shadow Sneak|p1a: Hades
|-supereffective|p1a: Hades
|-enditem|p1a: Hades|Focus Sash
|-damage|p1a: Hades|1\/1
|move|p1a: Hades|Will-O-Wisp|p2a: Win Condition
|-status|p2a: Win Condition|brn
|
|-damage|p2a: Win Condition|0 fnt|[from] brn
|faint|p2a: Win Condition
|c|âDMT|uno
|c|âBob the Bro|ez
|-message|DMT forfeited.
|
|win|Bob the Bro
|leave|DMT
|player|p2
|leave|Colbrushie