|join|Xiluvoz
|join|DMT
|player|p1|Xiluvoz|5
|player|p2|DMT|184
|gametype|singles
|gen|6
|tier|UU
|rated
|rule|Sleep Clause Mod: Limit one foe put to sleep
|rule|Species Clause: Limit one of each PokÃ©mon
|rule|OHKO Clause: OHKO moves are banned
|rule|Moody Clause: Moody is banned
|rule|Evasion Moves Clause: Evasion moves are banned
|rule|Endless Battle Clause: Forcing endless battles is banned
|rule|HP Percentage Mod: HP is shown in percentages
|clearpoke
|poke|p1|Yanmega, M
|poke|p1|Krookodile, M
|poke|p1|Mienshao, M
|poke|p1|Blastoise, M
|poke|p1|Rotom-Heat
|poke|p1|Amoonguss, F
|poke|p2|Infernape, M
|poke|p2|Azelf
|poke|p2|Suicune
|poke|p2|Raikou
|poke|p2|Gallade, M
|poke|p2|Krookodile, M
|rule|Swagger Clause: Swagger is banned
|rule|Baton Pass Clause: Limit one PokÃ©mon knowing Baton Pass
|teampreview
|
|start
|switch|p1a: Libelol|Yanmega, M|313\/313
|switch|p2a: Azelf|Azelf|291\/291
|turn|1
|
|move|p2a: Azelf|Stealth Rock|p1a: Libelol
|-sidestart|p1: Xiluvoz|move: Stealth Rock
|move|p1a: Libelol|Bug Buzz|p2a: Azelf
|-supereffective|p2a: Azelf
|-enditem|p2a: Azelf|Focus Sash
|-damage|p2a: Azelf|1\/291
|-damage|p1a: Libelol|282\/313|[from] item: Life Orb
|
|-boost|p1a: Libelol|spe|1|[from] ability: Speed Boost
|turn|2
|join|LordLeo00
|
|move|p1a: Libelol|Giga Drain|p2a: Azelf
|-damage|p2a: Azelf|0 fnt
|-heal|p1a: Libelol|283\/313|[from] drain|[of] p2a: Azelf
|-damage|p1a: Libelol|252\/313|[from] item: Life Orb
|faint|p2a: Azelf
|
|-boost|p1a: Libelol|spe|1|[from] ability: Speed Boost
|
|switch|p2a: Raikou|Raikou|321\/321
|-ability|p2a: Raikou|Pressure
|turn|3
|
|switch|p1a: Jerry Gaulet|Amoonguss, F|432\/432
|-damage|p1a: Jerry Gaulet|378\/432|[from] Stealth Rock
|move|p2a: Raikou|Calm Mind|p2a: Raikou
|-boost|p2a: Raikou|spa|1
|-boost|p2a: Raikou|spd|1
|
|turn|4
|
|move|p2a: Raikou|Hidden Power|p1a: Jerry Gaulet
|-supereffective|p1a: Jerry Gaulet
|-damage|p1a: Jerry Gaulet|242\/432
|move|p1a: Jerry Gaulet|Sludge Bomb|p2a: Raikou
|-damage|p2a: Raikou|248\/321
|
|-heal|p2a: Raikou|268\/321|[from] item: Leftovers
|turn|5
|
|move|p2a: Raikou|Hidden Power|p1a: Jerry Gaulet
|-supereffective|p1a: Jerry Gaulet
|-damage|p1a: Jerry Gaulet|104\/432
|move|p1a: Jerry Gaulet|Sludge Bomb|p2a: Raikou
|-damage|p2a: Raikou|192\/321
|
|-heal|p2a: Raikou|212\/321|[from] item: Leftovers
|turn|6
|
|switch|p1a: Cromiam|Krookodile, M|331\/331
|-damage|p1a: Cromiam|311\/331|[from] Stealth Rock
|move|p2a: Raikou|Volt Switch|p1a: Cromiam
|-immune|p1a: Cromiam|[msg]
|
|-heal|p2a: Raikou|232\/321|[from] item: Leftovers
|turn|7
|
|switch|p2a: Suicune|Suicune|399\/399
|-ability|p2a: Suicune|Pressure
|move|p1a: Cromiam|Earthquake|p2a: Suicune
|-crit|p2a: Suicune
|-damage|p2a: Suicune|194\/399
|
|-heal|p2a: Suicune|218\/399|[from] item: Leftovers
|turn|8
|
|move|p1a: Cromiam|Earthquake|p2a: Suicune
|-damage|p2a: Suicune|67\/399
|move|p2a: Suicune|Tailwind|p2a: Suicune
|-sidestart|p2: DMT|move: Tailwind
|
|-heal|p2a: Suicune|91\/399|[from] item: Leftovers
|turn|9
|
|move|p1a: Cromiam|Earthquake|p2a: Suicune
|-damage|p2a: Suicune|0 fnt
|faint|p2a: Suicune
|-boost|p1a: Cromiam|atk|1|[from] ability: Moxie
|
|
|switch|p2a: Infernape|Infernape, M|293\/293
|turn|10
|
|switch|p1a: Hot Shaggy|Rotom-Heat|304\/304
|-damage|p1a: Hot Shaggy|228\/304|[from] Stealth Rock
|move|p2a: Infernape|Close Combat|p1a: Hot Shaggy
|-damage|p1a: Hot Shaggy|71\/304
|-unboost|p2a: Infernape|def|1
|-unboost|p2a: Infernape|spd|1
|-damage|p2a: Infernape|264\/293|[from] item: Life Orb
|
|-heal|p1a: Hot Shaggy|90\/304|[from] item: Leftovers
|turn|11
|join|manodelrey
|
|move|p2a: Infernape|Close Combat|p1a: Hot Shaggy
|-damage|p1a: Hot Shaggy|0 fnt
|-unboost|p2a: Infernape|def|1
|-unboost|p2a: Infernape|spd|1
|-damage|p2a: Infernape|235\/293|[from] item: Life Orb
|faint|p1a: Hot Shaggy
|
|-sideend|p2: DMT|move: Tailwind
|
|switch|p1a: Cromiam|Krookodile, M|311\/331
|-damage|p1a: Cromiam|291\/331|[from] Stealth Rock
|turn|12
|
|switch|p2a: Krookodile|Krookodile, M|331\/331
|-ability|p2a: Krookodile|Intimidate|[of] p1a: Cromiam
|-unboost|p1a: Cromiam|atk|1
|move|p1a: Cromiam|Earthquake|p2a: Krookodile
|-damage|p2a: Krookodile|201\/331
|
|turn|13
|
|switch|p1a: 1G|Blastoise, M|362\/362
|-damage|p1a: 1G|317\/362|[from] Stealth Rock
|move|p2a: Krookodile|Knock Off|p1a: 1G
|-damage|p1a: 1G|176\/362
|
|turn|14
|
|detailschange|p1a: 1G|Blastoise-Mega, M
|message|Blastoise has Mega Evolved into Mega Blastoise!
|move|p2a: Krookodile|Earthquake|p1a: 1G
|-damage|p1a: 1G|43\/362
|move|p1a: 1G|Water Pulse|p2a: Krookodile
|-supereffective|p2a: Krookodile
|-damage|p2a: Krookodile|0 fnt
|faint|p2a: Krookodile
|
|
|switch|p2a: Infernape|Infernape, M|235\/293
|turn|15
|
|move|p2a: Infernape|Thunder Punch|p1a: 1G
|-supereffective|p1a: 1G
|-damage|p1a: 1G|0 fnt
|-damage|p2a: Infernape|206\/293|[from] item: Life Orb
|faint|p1a: 1G
|
|
|switch|p1a: Cromiam|Krookodile, M|291\/331
|-damage|p1a: Cromiam|271\/331|[from] Stealth Rock
|turn|16
|
|move|p1a: Cromiam|Earthquake|p2a: Infernape
|-supereffective|p2a: Infernape
|-damage|p2a: Infernape|0 fnt
|faint|p2a: Infernape
|-boost|p1a: Cromiam|atk|1|[from] ability: Moxie
|
|
|switch|p2a: Gallade|Gallade, M|277\/277
|turn|17
|
|detailschange|p2a: Gallade|Gallade-Mega, M
|message|Gallade has Mega Evolved into Mega Gallade!
|move|p1a: Cromiam|Earthquake|p2a: Gallade
|-damage|p2a: Gallade|37\/277
|move|p2a: Gallade|Close Combat|p1a: Cromiam
|-supereffective|p1a: Cromiam
|-damage|p1a: Cromiam|0 fnt
|-unboost|p2a: Gallade|def|1
|-unboost|p2a: Gallade|spd|1
|faint|p1a: Cromiam
|
|
|switch|p1a: L(ife)O(rb)l|Mienshao, M|272\/272
|-damage|p1a: L(ife)O(rb)l|255\/272|[from] Stealth Rock
|turn|18
|
|switch|p2a: Raikou|Raikou|232\/321
|-ability|p2a: Raikou|Pressure
|move|p1a: L(ife)O(rb)l|Fake Out|p2a: Raikou
|-damage|p2a: Raikou|155\/321
|-damage|p1a: L(ife)O(rb)l|228\/272|[from] item: Life Orb
|
|-heal|p2a: Raikou|175\/321|[from] item: Leftovers
|turn|19
|
|switch|p1a: Jerry Gaulet|Amoonguss, F|248\/432
|-damage|p1a: Jerry Gaulet|194\/432|[from] Stealth Rock
|move|p2a: Raikou|Volt Switch|p1a: Jerry Gaulet
|-resisted|p1a: Jerry Gaulet
|-damage|p1a: Jerry Gaulet|158\/432
|
|switch|p2a: Gallade|Gallade-Mega, M|37\/277
|
|turn|20
|
|move|p2a: Gallade|Zen Headbutt|p1a: Jerry Gaulet
|-supereffective|p1a: Jerry Gaulet
|-damage|p1a: Jerry Gaulet|0 fnt
|faint|p1a: Jerry Gaulet
|
|
|switch|p1a: Libelol|Yanmega, M|252\/313
|-damage|p1a: Libelol|96\/313|[from] Stealth Rock
|turn|21
|
|move|p2a: Gallade|Swords Dance|p2a: Gallade
|-boost|p2a: Gallade|atk|2
|move|p1a: Libelol|Giga Drain|p2a: Gallade
|-damage|p2a: Gallade|0 fnt
|-heal|p1a: Libelol|115\/313|[from] drain|[of] p2a: Gallade
|-damage|p1a: Libelol|84\/313|[from] item: Life Orb
|faint|p2a: Gallade
|
|-boost|p1a: Libelol|spe|1|[from] ability: Speed Boost
|
|switch|p2a: Raikou|Raikou|175\/321
|-ability|p2a: Raikou|Pressure
|turn|22
|
|move|p1a: Libelol|Giga Drain|p2a: Raikou
|-damage|p2a: Raikou|49\/321
|-heal|p1a: Libelol|147\/313|[from] drain|[of] p2a: Raikou
|-damage|p1a: Libelol|116\/313|[from] item: Life Orb
|move|p2a: Raikou|Thunderbolt|p1a: Libelol
|-supereffective|p1a: Libelol
|-damage|p1a: Libelol|0 fnt
|faint|p1a: Libelol
|
|-heal|p2a: Raikou|69\/321|[from] item: Leftovers
|
|switch|p1a: L(ife)O(rb)l|Mienshao, M|272\/272
|-damage|p1a: L(ife)O(rb)l|255\/272|[from] Stealth Rock
|turn|23
|
|move|p1a: L(ife)O(rb)l|Fake Out|p2a: Raikou
|-damage|p2a: Raikou|0 fnt
|-damage|p1a: L(ife)O(rb)l|228\/272|[from] item: Life Orb
|faint|p2a: Raikou
|
|win|Xiluvoz
|raw|Ladder updating...
|c|âXiluvoz|gg
|c|âDMT|gg
|join|allstar124
|leave|DMT
|player|p2
|leave|manodelrey
|leave|allstar124
|raw|Xiluvoz's rating: 1216 &rarr; <strong>1250<\/strong><br \/>(+34 for winning)
|raw|DMT's rating: 1346 &rarr; <strong>1319<\/strong><br \/>(-27 for losing)