|join|DMT
|join|DatGuyChuck
|player|p1|DMT|184
|player|p2|DatGuyChuck|145
|gametype|singles
|gen|6
|tier|UU
|rule|Sleep Clause Mod: Limit one foe put to sleep
|rule|Species Clause: Limit one of each PokÃ©mon
|rule|OHKO Clause: OHKO moves are banned
|rule|Moody Clause: Moody is banned
|rule|Evasion Moves Clause: Evasion moves are banned
|rule|Endless Battle Clause: Forcing endless battles is banned
|rule|HP Percentage Mod: HP is shown in percentages
|clearpoke
|poke|p1|Pidgeot, M
|poke|p1|Tentacruel, M
|poke|p1|Zygarde
|poke|p1|Swampert, F
|poke|p1|Reuniclus, M
|poke|p1|Jirachi
|poke|p2|Jirachi, shiny
|poke|p2|Porygon-Z
|poke|p2|Darmanitan, M
|poke|p2|Vaporeon, F
|poke|p2|Forretress, M
|poke|p2|Sceptile, F
|rule|Swagger Clause: Swagger is banned
|rule|Baton Pass Clause: Limit one PokÃ©mon knowing Baton Pass
|teampreview
|c|âDMT|lay bob
|join|beppityboopbop
|join|Yankmeister
|join|BurstStream
|c|âDatGuyChuck|i thot you said
|c|âDatGuyChuck|you would lose
|join|Vic Lagina
|join|Gerald Eugene III
|c|âDMT|was p sure i was gunna
|c|âDMT|:S
|join|Donphantastic
|join|DM35
|join|roast toast
|
|start
|switch|p1a: Swampert|Swampert, F|404\/404
|switch|p2a: Hax For You|Jirachi, shiny|341\/341
|turn|1
|c| BurstStream|Why it seems like
|join|Bob the Bro
|c| BurstStream|you just riped off
|
|move|p2a: Hax For You|U-turn|p1a: Swampert
|-damage|p1a: Swampert|334\/404
|c| BurstStream|my offensive Core
|
|switch|p2a: Sly|Sceptile, F|282\/282
|move|p1a: Swampert|Stealth Rock|p2a: Sly
|-sidestart|p2: DatGuyChuck|move: Stealth Rock
|
|-heal|p1a: Swampert|359\/404|[from] item: Leftovers
|turn|2
|c| BurstStream|and Added a PZ
|c|âDMT|not my team
|c|âDatGuyChuck|me?
|c|âDMT|but ya
|c|âDatGuyChuck|i made my team
|c| BurstStream|yeah
|c|âDatGuyChuck|i made this team from scratch
|join|dodmen
|c|âDatGuyChuck|sorry if it looks the same
|
|detailschange|p2a: Sly|Sceptile-Mega, F
|message|Sceptile has Mega Evolved into Mega Sceptile!
|move|p2a: Sly|Giga Drain|p1a: Swampert
|-supereffective|p1a: Swampert
|-damage|p1a: Swampert|0 fnt
|faint|p1a: Swampert
|
|c| roast toast|it's literally
|c|âDMT|oops!
|c| beppityboopbop|perhaps
|
|switch|p1a: Jirachi|Jirachi|341\/341
|turn|3
|c|+dodmen|xD
|c| beppityboopbop|it doesn't matter
|c| roast toast|standard.team
|c| roast toast|lol
|c| BurstStream|Also  I`m to happy
|
|switch|p2a: TF2|Forretress, M|354\/354
|-damage|p2a: TF2|310\/354|[from] Stealth Rock
|move|p1a: Jirachi|U-turn|p2a: TF2
|-resisted|p2a: TF2
|-damage|p2a: TF2|287\/354
|c| roast toast|vap+forry core
|c| BurstStream|about Bunny and Ladde leaving
|c| roast toast|is super common
|c| BurstStream|Nah I mean my
|
|switch|p1a: Smidgeon Pidge|Pidgeot, M|307\/307
|
|-heal|p2a: TF2|309\/354|[from] item: Leftovers
|turn|4
|c| BurstStream|Offensive core
|join|Eren Swaeger
|
|detailschange|p1a: Smidgeon Pidge|Pidgeot-Mega, M
|message|Pidgeot has Mega Evolved into Mega Pidgeot!
|move|p1a: Smidgeon Pidge|Hurricane|p2a: TF2
|-damage|p2a: TF2|105\/354
|move|p2a: TF2|Rapid Spin|p1a: Smidgeon Pidge
|-damage|p1a: Smidgeon Pidge|288\/307
|-sideend|p2: DatGuyChuck|Stealth Rock|[from] move: Rapid Spin|[of] p2a: TF2
|
|-heal|p2a: TF2|127\/354|[from] item: Leftovers
|turn|5
|c| BurstStream|of Darmanitan+Sceptile
|c|âDMT|that didn't ohko!
|
|switch|p2a: Hax For You|Jirachi, shiny|341\/341
|move|p1a: Smidgeon Pidge|Hurricane|p2a: Hax For You
|-resisted|p2a: Hax For You
|-damage|p2a: Hax For You|247\/341
|
|turn|6
|c| beppityboopbop|Is Florges-MAggron still a thing? I haven't played UU in ages
|c|+dodmen|this guy
|c|+dodmen|this
|c|+dodmen|guy
|c|âDMT|I'm playing really bad
|c| BurstStream|nah Nowdays
|c|âDMT|xP
|c|+dodmen|if only
|c|âDatGuyChuck|i play bad
|c|+dodmen|you had sub
|c|+dodmen|tbh
|c|âDatGuyChuck|everyday
|c|âDatGuyChuck|do
|c|âDMT|true true
|c|âDatGuyChuck|so
|c| BurstStream|its Aroma  Aggron
|
|switch|p1a: Tentacruel|Tentacruel, M|364\/364
|move|p2a: Hax For You|Iron Head|p1a: Tentacruel
|-resisted|p1a: Tentacruel
|-damage|p1a: Tentacruel|307\/364
|
|-heal|p1a: Tentacruel|329\/364|[from] item: Black Sludge
|turn|7
|c| beppityboopbop|Aroma hello?
|c| BurstStream|or Alomo Aggron Blissey
|c| BurstStream|Aromatisse
|
|switch|p2a: Sun Fish II|Vaporeon, F|464\/464
|move|p1a: Tentacruel|Toxic|p2a: Sun Fish II
|-status|p2a: Sun Fish II|tox
|
|-heal|p1a: Tentacruel|351\/364|[from] item: Black Sludge
|-damage|p2a: Sun Fish II|435\/464 tox|[from] psn
|turn|8
|c| beppityboopbop|I know, hello?
|c| BurstStream|for better physical Balk
|
|move|p1a: Tentacruel|Toxic Spikes|p2a: Sun Fish II
|-sidestart|p2: DatGuyChuck|move: Toxic Spikes
|move|p2a: Sun Fish II|Baton Pass|p2a: Sun Fish II
|
|switch|p2a: Hax For You|Jirachi, shiny|247\/341
|
|-heal|p1a: Tentacruel|364\/364|[from] item: Black Sludge
|turn|9
|join|deoxys speed lol
|c| BurstStream|Aroma is actually considered better than Florges on general now
|
|move|p2a: Hax For You|Zen Headbutt|p1a: Tentacruel
|-supereffective|p1a: Tentacruel
|-damage|p1a: Tentacruel|148\/364
|move|p1a: Tentacruel|Scald|p2a: Hax For You
|-damage|p2a: Hax For You|171\/341
|
|-heal|p1a: Tentacruel|170\/364|[from] item: Black Sludge
|turn|10
|c| BurstStream|outside of dealing with Dreigon
|c| beppityboopbop|That's weird
|
|switch|p2a: TF2|Forretress, M|127\/354
|switch|p1a: Reuniclus|Reuniclus, M|424\/424
|
|-heal|p2a: TF2|149\/354|[from] item: Leftovers
|turn|11
|c| BurstStream|nah Aroma Physical Bulk
|
|move|p1a: Reuniclus|Calm Mind|p1a: Reuniclus
|-boost|p1a: Reuniclus|spa|1
|-boost|p1a: Reuniclus|spd|1
|move|p2a: TF2|Rapid Spin|p1a: Reuniclus
|-damage|p1a: Reuniclus|410\/424
|-sideend|p2: DatGuyChuck|Toxic Spikes|[from] move: Rapid Spin|[of] p2a: TF2
|
|-heal|p2a: TF2|171\/354|[from] item: Leftovers
|turn|12
|
|switch|p2a: Nice Resist|Darmanitan, M|351\/351
|move|p1a: Reuniclus|Focus Blast|p2a: Nice Resist
|-damage|p2a: Nice Resist|89\/351
|
|turn|13
|c| BurstStream|and you wanted a Physically bulky
|c| BurstStream|Fairy
|
|move|p2a: Nice Resist|Flare Blitz|p1a: Reuniclus
|-damage|p1a: Reuniclus|4\/424
|-damage|p2a: Nice Resist|0 fnt|[from] recoil|[of] p1a: Reuniclus
|faint|p2a: Nice Resist
|move|p1a: Reuniclus|Recover|p1a: Reuniclus
|-heal|p1a: Reuniclus|216\/424
|
|c| Eren Swaeger|ayy
|c|âDMT|easy
|c| Eren Swaeger|TF2
|c|âDatGuyChuck|IM RESIST
|c|âDatGuyChuck|WTH
|c| beppityboopbop|It's 68 Def vs 72 Def
|c| beppityboopbop|p much no difference
|c|âDatGuyChuck|I CALL BS
|c| BurstStream|Aroma HP
|c| BurstStream|is better
|leave|deoxys speed lol
|
|switch|p2a: Hax For You|Jirachi, shiny|171\/341
|turn|14
|
|switch|p1a: Tentacruel|Tentacruel, M|170\/364
|move|p2a: Hax For You|Iron Head|p1a: Tentacruel
|-resisted|p1a: Tentacruel
|-damage|p1a: Tentacruel|111\/364
|
|-heal|p1a: Tentacruel|133\/364|[from] item: Black Sludge
|turn|15
|c| BurstStream|aka better physical bulk
|c| beppityboopbop|fair enough
|
|switch|p2a: Sun Fish II|Vaporeon, F|435\/464 tox
|move|p1a: Tentacruel|Toxic|p2a: Sun Fish II
|-fail|p2a: Sun Fish II|tox
|
|-heal|p1a: Tentacruel|155\/364|[from] item: Black Sludge
|-heal|p2a: Sun Fish II|464\/464 tox|[from] item: Leftovers
|-damage|p2a: Sun Fish II|435\/464 tox|[from] psn
|turn|16
|c| beppityboopbop|won't claim to know what i'm talking about
|c| beppityboopbop|in uu
|
|move|p1a: Tentacruel|Toxic Spikes|p2a: Sun Fish II
|-sidestart|p2: DatGuyChuck|move: Toxic Spikes
|move|p2a: Sun Fish II|Scald|p1a: Tentacruel
|-resisted|p1a: Tentacruel
|-damage|p1a: Tentacruel|108\/364
|-status|p1a: Tentacruel|brn
|
|-heal|p1a: Tentacruel|130\/364 brn|[from] item: Black Sludge
|-heal|p2a: Sun Fish II|464\/464 tox|[from] item: Leftovers
|-damage|p1a: Tentacruel|85\/364 brn|[from] brn
|-damage|p2a: Sun Fish II|406\/464 tox|[from] psn
|turn|17
|
|switch|p1a: Reuniclus|Reuniclus, M|216\/424
|move|p2a: Sun Fish II|Baton Pass|p2a: Sun Fish II
|c| Bob the Bro|be real and flinch it down
|
|switch|p2a: TF2|Forretress, M|171\/354
|
|-heal|p2a: TF2|193\/354|[from] item: Leftovers
|turn|18
|join|luNUa
|
|move|p1a: Reuniclus|Recover|p1a: Reuniclus
|-heal|p1a: Reuniclus|424\/424
|move|p2a: TF2|Rapid Spin|p1a: Reuniclus
|-damage|p1a: Reuniclus|411\/424
|-sideend|p2: DatGuyChuck|Toxic Spikes|[from] move: Rapid Spin|[of] p2a: TF2
|
|-heal|p2a: TF2|215\/354|[from] item: Leftovers
|turn|19
|
|switch|p2a: Hax For You|Jirachi, shiny|171\/341
|move|p1a: Reuniclus|Focus Blast|p2a: Hax For You|[miss]
|-miss|p1a: Reuniclus|p2a: Hax For You
|
|turn|20
|c| Bob the Bro|luna fgt
|c|âDMT|miss!
|c|âDMT|shucks!
|
|switch|p1a: Tentacruel|Tentacruel, M|85\/364 brn
|move|p2a: Hax For You|Iron Head|p1a: Tentacruel
|-resisted|p1a: Tentacruel
|-damage|p1a: Tentacruel|26\/364 brn
|
|-heal|p1a: Tentacruel|48\/364 brn|[from] item: Black Sludge
|-damage|p1a: Tentacruel|3\/364 brn|[from] brn
|turn|21
|
|switch|p2a: TF2|Forretress, M|215\/354
|move|p1a: Tentacruel|Toxic Spikes|p2a: TF2
|-sidestart|p2: DatGuyChuck|move: Toxic Spikes
|
|-heal|p1a: Tentacruel|25\/364 brn|[from] item: Black Sludge
|-heal|p2a: TF2|237\/354|[from] item: Leftovers
|-damage|p1a: Tentacruel|0 fnt|[from] brn
|faint|p1a: Tentacruel
|
|switch|p1a: Zygarde|Zygarde|357\/357
|-ability|p1a: Zygarde|Aura Break
|turn|22
|
|move|p1a: Zygarde|Dragon Dance|p1a: Zygarde
|-boost|p1a: Zygarde|atk|1
|-boost|p1a: Zygarde|spe|1
|move|p2a: TF2|Rapid Spin|p1a: Zygarde
|-damage|p1a: Zygarde|342\/357
|-sideend|p2: DatGuyChuck|Toxic Spikes|[from] move: Rapid Spin|[of] p2a: TF2
|
|-heal|p2a: TF2|259\/354|[from] item: Leftovers
|turn|23
|
|move|p1a: Zygarde|Dragon Dance|p1a: Zygarde
|-boost|p1a: Zygarde|atk|1
|-boost|p1a: Zygarde|spe|1
|move|p2a: TF2|Gyro Ball|p1a: Zygarde
|-damage|p1a: Zygarde|209\/357
|
|-heal|p2a: TF2|281\/354|[from] item: Leftovers
|turn|24
|c| BurstStream|where
|c| luNUa|hi bob senpt
|c|+dodmen|uhoh
|c| BurstStream|is the HP Ice
|c| beppityboopbop|this man's going for he win
|c| BurstStream|Forretress
|
|move|p1a: Zygarde|Earthquake|p2a: TF2
|-damage|p2a: TF2|0 fnt
|-damage|p1a: Zygarde|174\/357|[from] item: Life Orb
|faint|p2a: TF2
|
|c|âDatGuyChuck|no
|c|âDatGuyChuck|im fine
|c| luNUa|here is gyro
|c| luNUa|*where
|c|âDMT|sash
|c|âDMT|pz
|c|+dodmen|tbh
|c| luNUa|nb
|
|switch|p2a: Sly|Sceptile-Mega, F|282\/282
|turn|25
|
|move|p1a: Zygarde|Outrage|p2a: Sly
|-supereffective|p2a: Sly
|-damage|p2a: Sly|0 fnt
|-damage|p1a: Zygarde|139\/357|[from] item: Life Orb
|faint|p2a: Sly
|
|c| beppityboopbop|nah, sash scept
|
|switch|p2a: Hax For You|Jirachi, shiny|171\/341
|turn|26
|c| beppityboopbop|imo
|c|+dodmen|this
|c|âDMT|I thnik
|
|move|p1a: Zygarde|Outrage|p2a: Hax For You
|-resisted|p2a: Hax For You
|-damage|p2a: Hax For You|0 fnt
|-damage|p1a: Zygarde|104\/357|[from] item: Life Orb
|faint|p2a: Hax For You
|
|c|âDMT|this dies
|c|+dodmen|is dead
|c|âDatGuyChuck|ok
|c|âDMT|plz
|c|âDMT|3turn
|c|âDMT|plz
|c|âDatGuyChuck|im not fine
|c|âDMT|plz
|c|âDMT|plz
|c|+dodmen|pls
|
|switch|p2a: Sun Fish II|Vaporeon, F|406\/464 tox
|turn|27
|c| BurstStream|Pls Zygarde
|c| Donphantastic|zygarde is a fair and balanced mon
|c| BurstStream|is too balanced
|c| BurstStream|you just lacked
|c| BurstStream|HP Ice on forry
|c|âDMT|oof
|c|+dodmen|RIP
|c|âDMT|no ptect
|
|move|p2a: Sun Fish II|Protect|p2a: Sun Fish II
|-singleturn|p2a: Sun Fish II|Protect
|move|p1a: Zygarde|Outrage|p2a: Sun Fish II
|-activate|p2a: Sun Fish II|Protect
|
|-end|p1a: Zygarde|rampage
|-start|p1a: Zygarde|confusion
|-heal|p2a: Sun Fish II|435\/464 tox|[from] item: Leftovers
|-damage|p2a: Sun Fish II|406\/464 tox|[from] psn
|turn|28
|c|+dodmen|.
|c|âDMT|no ptect
|c|+dodmen|.
|c|âDMT|awe
|c|+dodmen|..
|c|+dodmen|.
|c|+dodmen|.
|c|+dodmen|.
|c|+dodmen|.
|c|âDatGuyChuck|now...
|c|+dodmen|double
|c|âDatGuyChuck|hax.
|c|âDMT|break!
|
|-activate|p1a: Zygarde|confusion
|-damage|p1a: Zygarde|4\/357|[from] confusion
|move|p2a: Sun Fish II|Scald|p1a: Zygarde
|-damage|p1a: Zygarde|0 fnt
|faint|p1a: Zygarde
|
|-heal|p2a: Sun Fish II|435\/464 tox|[from] item: Leftovers
|-damage|p2a: Sun Fish II|377\/464 tox|[from] psn
|c|âDMT|60\/30
|c|âDMT|shit
|
|switch|p1a: Reuniclus|Reuniclus, M|411\/424
|turn|29
|c| BurstStream|DMT is confusing
|c| BurstStream|its 0\/100 chacnes
|c| BurstStream|for you
|
|move|p2a: Sun Fish II|Scald|p1a: Reuniclus
|-damage|p1a: Reuniclus|284\/424
|-status|p1a: Reuniclus|brn
|move|p1a: Reuniclus|Calm Mind|p1a: Reuniclus
|-boost|p1a: Reuniclus|spa|1
|-boost|p1a: Reuniclus|spd|1
|
|-heal|p2a: Sun Fish II|406\/464 tox|[from] item: Leftovers
|-damage|p2a: Sun Fish II|319\/464 tox|[from] psn
|turn|30
|c|âDMT|burn wtf!
|
|move|p2a: Sun Fish II|Scald|p1a: Reuniclus
|-damage|p1a: Reuniclus|208\/424 brn
|move|p1a: Reuniclus|Calm Mind|p1a: Reuniclus
|-boost|p1a: Reuniclus|spa|1
|-boost|p1a: Reuniclus|spd|1
|
|-heal|p2a: Sun Fish II|348\/464 tox|[from] item: Leftovers
|-damage|p2a: Sun Fish II|232\/464 tox|[from] psn
|turn|31
|c| beppityboopbop|game-changing burn
|c| Donphantastic|its the principle
|
|move|p2a: Sun Fish II|Scald|p1a: Reuniclus
|-damage|p1a: Reuniclus|145\/424 brn
|move|p1a: Reuniclus|Recover|p1a: Reuniclus
|-heal|p1a: Reuniclus|357\/424 brn
|
|-heal|p2a: Sun Fish II|261\/464 tox|[from] item: Leftovers
|-damage|p2a: Sun Fish II|116\/464 tox|[from] psn
|turn|32
|c| Eren Swaeger|ayyy
|c| beppityboopbop|reveal facade reuniclus
|c| Donphantastic|of it
|
|switch|p2a: Balloon|Porygon-Z|312\/312
|move|p1a: Reuniclus|Calm Mind|p1a: Reuniclus
|-boost|p1a: Reuniclus|spa|1
|-boost|p1a: Reuniclus|spd|1
|
|turn|33
|
|move|p2a: Balloon|Dark Pulse|p1a: Reuniclus
|-supereffective|p1a: Reuniclus
|-enditem|p1a: Reuniclus|Colbur Berry|[eat]
|-damage|p1a: Reuniclus|289\/424 brn
|cant|p1a: Reuniclus|flinch
|
|turn|34
|c| beppityboopbop|hex pz?
|c|âDMT|YUM
|c|âDMT|fuck
|c|+dodmen|CRIT
|c|+dodmen|CRIT
|c|+dodmen|CRIT
|c|+dodmen|CRIT
|
|move|p2a: Balloon|Dark Pulse|p1a: Reuniclus
|-supereffective|p1a: Reuniclus
|-damage|p1a: Reuniclus|157\/424 brn
|move|p1a: Reuniclus|Psyshock|p2a: Balloon
|-damage|p2a: Balloon|0 fnt
|faint|p2a: Balloon
|
|c|+dodmen|CRIT
|c|+dodmen|CRIT
|join|Gay Bear Sex
|c|+dodmen|CRIT
|c|+dodmen|CRIT
|c|âDMT|rip!
|c|âDatGuyChuck|DAMN IT PZ
|c|âDMT|there should be
|c| Donphantastic|colbur berry
|leave|beppityboopbop
|c|âDMT|an anti crit item
|
|switch|p2a: Sun Fish II|Vaporeon, F|116\/464 tox
|turn|35
|
|move|p2a: Sun Fish II|Scald|p1a: Reuniclus
|-damage|p1a: Reuniclus|108\/424 brn
|move|p1a: Reuniclus|Focus Blast|p2a: Sun Fish II
|-damage|p2a: Sun Fish II|0 fnt
|faint|p2a: Sun Fish II
|
|win|DMT
|c|âDMT|gg!
|c| Donphantastic|e-z shell armor
|leave|Eren Swaeger
|c|âDatGuyChuck|gg
|leave|DMT
|player|p1
|leave|Donphantastic
|leave|Vic Lagina
|leave|dodmen
|leave|DatGuyChuck
|player|p2
|leave|Yankmeister
|leave|BurstStream