|join|DMT
|join|sniperaim
|player|p1|DMT|184
|player|p2|sniperaim|220
|gametype|singles
|gen|6
|tier|UU
|rule|Sleep Clause Mod: Limit one foe put to sleep
|rule|Species Clause: Limit one of each PokÃ©mon
|rule|OHKO Clause: OHKO moves are banned
|rule|Moody Clause: Moody is banned
|rule|Evasion Moves Clause: Evasion moves are banned
|rule|Endless Battle Clause: Forcing endless battles is banned
|rule|HP Percentage Mod: HP is shown in percentages
|clearpoke
|poke|p1|Raikou
|poke|p1|Mienshao, M
|poke|p1|Suicune, shiny
|poke|p1|Hippowdon, M
|poke|p1|Abomasnow, F
|poke|p1|Forretress, F
|poke|p2|Zygarde
|poke|p2|Ampharos, F
|poke|p2|Uxie
|poke|p2|Jirachi
|poke|p2|Suicune
|poke|p2|Gligar, M
|rule|Swagger Clause: Swagger is banned
|rule|Baton Pass Clause: Limit one PokÃ©mon knowing Baton Pass
|teampreview
|join|Kushalos
|join|Robert Alfons
|c|âDMT|bl dhf
|join|BenzMafia
|join|SmashBrosBrawl
|
|start
|switch|p1a: Hippowdon|Hippowdon, M|419\/419
|switch|p2a: Uxie|Uxie|354\/354
|-weather|Sandstorm
|turn|1
|
|move|p2a: Uxie|Knock Off|p1a: Hippowdon
|-damage|p1a: Hippowdon|368\/419
|-enditem|p1a: Hippowdon|Leftovers|[from] move: Knock Off|[of] p2a: Uxie
|move|p1a: Hippowdon|Stealth Rock|p2a: Uxie
|-sidestart|p2: sniperaim|move: Stealth Rock
|
|-weather|Sandstorm|[upkeep]
|-damage|p2a: Uxie|332\/354|[from] sandstorm
|-heal|p2a: Uxie|354\/354|[from] item: Leftovers
|turn|2
|
|switch|p1a: Raikou|Raikou|321\/321
|-ability|p1a: Raikou|Pressure
|move|p2a: Uxie|Stealth Rock|p1a: Raikou
|-sidestart|p1: DMT|move: Stealth Rock
|
|-weather|Sandstorm|[upkeep]
|-damage|p1a: Raikou|301\/321|[from] sandstorm
|-damage|p2a: Uxie|332\/354|[from] sandstorm
|-heal|p2a: Uxie|354\/354|[from] item: Leftovers
|turn|3
|
|move|p1a: Raikou|Shadow Ball|p2a: Uxie
|-supereffective|p2a: Uxie
|-damage|p2a: Uxie|208\/354
|move|p2a: Uxie|U-turn|p1a: Raikou
|-damage|p1a: Raikou|255\/321
|c|âDMT|that did nothing
|join|BurstStream
|
|switch|p2a: Ampharos|Ampharos, F|350\/350
|-damage|p2a: Ampharos|307\/350|[from] Stealth Rock
|
|-weather|Sandstorm|[upkeep]
|-damage|p1a: Raikou|235\/321|[from] sandstorm
|-damage|p2a: Ampharos|286\/350|[from] sandstorm
|turn|4
|
|switch|p1a: Hippowdon|Hippowdon, M|368\/419
|-damage|p1a: Hippowdon|342\/419|[from] Stealth Rock
|detailschange|p2a: Ampharos|Ampharos-Mega, F
|message|Ampharos has Mega Evolved into Mega Ampharos!
|-ability|p2a: Ampharos|Mold Breaker
|move|p2a: Ampharos|Dragon Pulse|p1a: Hippowdon
|-damage|p1a: Hippowdon|162\/419
|
|-weather|Sandstorm|[upkeep]
|-damage|p2a: Ampharos|265\/350|[from] sandstorm
|turn|5
|
|move|p2a: Ampharos|Dragon Pulse|p1a: Hippowdon
|-damage|p1a: Hippowdon|0 fnt
|faint|p1a: Hippowdon
|
|-weather|none
|c|âDMT|im bad at pokemon lol
|c|âsniperaim|no ur not
|
|switch|p1a: Mienshao|Mienshao, M|271\/271
|-damage|p1a: Mienshao|255\/271|[from] Stealth Rock
|turn|6
|c|âDMT|fuk u
|c|+SmashBrosBrawl|that doesnt kill
|
|switch|p2a: Gligar|Gligar, M|333\/333
|-damage|p2a: Gligar|292\/333|[from] Stealth Rock
|move|p1a: Mienshao|Knock Off|p2a: Gligar
|-damage|p2a: Gligar|226\/333
|-enditem|p2a: Gligar|Eviolite|[from] move: Knock Off|[of] p1a: Mienshao
|
|turn|7
|
|switch|p1a: Suicune|Suicune, shiny|404\/404
|-damage|p1a: Suicune|354\/404|[from] Stealth Rock
|-ability|p1a: Suicune|Pressure
|move|p2a: Gligar|U-turn|p1a: Suicune
|-damage|p1a: Suicune|325\/404
|
|switch|p2a: Ampharos|Ampharos-Mega, F|265\/350
|-damage|p2a: Ampharos|222\/350|[from] Stealth Rock
|-ability|p2a: Ampharos|Mold Breaker
|
|turn|8
|
|switch|p1a: Raikou|Raikou|235\/321
|-damage|p1a: Raikou|195\/321|[from] Stealth Rock
|-ability|p1a: Raikou|Pressure
|move|p2a: Ampharos|Dragon Pulse|p1a: Raikou
|-damage|p1a: Raikou|5\/321
|
|turn|9
|c|+SmashBrosBrawl|u have 0
|c|+SmashBrosBrawl|for that
|c|âDMT|for megamph?
|c|âDMT|well if I don't switch hippo in I mean
|
|switch|p2a: Uxie|Uxie|208\/354
|-damage|p2a: Uxie|164\/354|[from] Stealth Rock
|move|p1a: Raikou|Shadow Ball|p2a: Uxie
|-crit|p2a: Uxie
|-supereffective|p2a: Uxie
|-damage|p2a: Uxie|0 fnt
|faint|p2a: Uxie
|
|
|switch|p2a: Jirachi|Jirachi|342\/342
|-damage|p2a: Jirachi|321\/342|[from] Stealth Rock
|turn|10
|c| BurstStream|DMT
|c| BurstStream|Hax abuser
|c|âDMT|ya
|c|âDMT|cuz it didn't 2hko
|
|switch|p1a: Mienshao|Mienshao, M|255\/271
|-damage|p1a: Mienshao|239\/271|[from] Stealth Rock
|move|p2a: Jirachi|Iron Head|p1a: Mienshao
|-damage|p1a: Mienshao|49\/271
|
|turn|11
|c|âDMT|needed crit
|c|âDMT|ow
|c| BurstStream|pls
|c| BurstStream|and that
|c| BurstStream|Draco Miss
|
|switch|p2a: Gligar|Gligar, M|226\/333
|-damage|p2a: Gligar|185\/333|[from] Stealth Rock
|move|p1a: Mienshao|U-turn|p2a: Gligar
|-resisted|p2a: Gligar
|-damage|p2a: Gligar|150\/333
|c|âDMT|nah it's cool
|
|switch|p1a: Forretress|Forretress, F|353\/353
|-damage|p1a: Forretress|309\/353|[from] Stealth Rock
|
|-heal|p1a: Forretress|331\/353|[from] item: Leftovers
|turn|12
|
|move|p2a: Gligar|Roost|p2a: Gligar
|-heal|p2a: Gligar|317\/333
|move|p1a: Forretress|Rapid Spin|p2a: Gligar
|-damage|p2a: Gligar|303\/333
|-sideend|p1: DMT|Stealth Rock|[from] move: Rapid Spin|[of] p1a: Forretress
|
|-heal|p1a: Forretress|353\/353|[from] item: Leftovers
|turn|13
|
|switch|p1a: Mienshao|Mienshao, M|49\/271
|move|p2a: Gligar|Defog|p1a: Mienshao
|-unboost|p1a: Mienshao|evasion|1
|-sideend|p2: sniperaim|Stealth Rock|[from] move: Defog|[of] p2a: Gligar
|
|turn|14
|c|+SmashBrosBrawl|.
|c|âDMT|o
|
|move|p1a: Mienshao|U-turn|p2a: Gligar
|-resisted|p2a: Gligar
|-damage|p2a: Gligar|269\/333
|c| BurstStream|go HP Ice
|
|switch|p1a: Suicune|Suicune, shiny|325\/404
|-ability|p1a: Suicune|Pressure
|move|p2a: Gligar|U-turn|p1a: Suicune
|-damage|p1a: Suicune|297\/404
|c| BurstStream|>Not HP Icing
|
|switch|p2a: Ampharos|Ampharos-Mega, F|222\/350
|-ability|p2a: Ampharos|Mold Breaker
|
|turn|15
|c| BurstStream|noooob
|join|SadPierrot
|
|move|p1a: Suicune|Ice Beam|p2a: Ampharos
|-supereffective|p2a: Ampharos
|-damage|p2a: Ampharos|110\/350
|move|p2a: Ampharos|Volt Switch|p1a: Suicune
|-supereffective|p1a: Suicune
|-damage|p1a: Suicune|19\/404
|
|switch|p2a: Jirachi|Jirachi|321\/342
|
|turn|16
|c|+SmashBrosBrawl|weak
|c|âDMT|strong!
|
|switch|p1a: Forretress|Forretress, F|353\/353
|move|p2a: Jirachi|Iron Head|p1a: Forretress
|-resisted|p1a: Forretress
|-damage|p1a: Forretress|306\/353
|
|-heal|p1a: Forretress|328\/353|[from] item: Leftovers
|turn|17
|c| BurstStream|now ]
|c| BurstStream|Fire Punch
|c| BurstStream|Ebelt Rachi
|
|switch|p2a: Zygarde|Zygarde|404\/404
|-ability|p2a: Zygarde|Aura Break
|move|p1a: Forretress|Spikes|p2a: Zygarde
|-sidestart|p2: sniperaim|Spikes
|
|-heal|p1a: Forretress|350\/353|[from] item: Leftovers
|turn|18
|
|switch|p1a: Mienshao|Mienshao, M|49\/271
|move|p2a: Zygarde|Substitute|p2a: Zygarde
|-start|p2a: Zygarde|Substitute
|-damage|p2a: Zygarde|303\/404
|
|-heal|p2a: Zygarde|328\/404|[from] item: Leftovers
|turn|19
|c| BurstStream|now get
|c| BurstStream|swept
|
|switch|p2a: Gligar|Gligar, M|269\/333
|move|p1a: Mienshao|High Jump Kick|p2a: Gligar
|-resisted|p2a: Gligar
|-damage|p2a: Gligar|140\/333
|
|turn|20
|c|âDMT|ya
|
|move|p1a: Mienshao|High Jump Kick|p2a: Gligar
|-resisted|p2a: Gligar
|-damage|p2a: Gligar|14\/333
|move|p2a: Gligar|Defog|p1a: Mienshao
|-unboost|p1a: Mienshao|evasion|1
|-sideend|p2: sniperaim|Spikes|[from] move: Defog|[of] p2a: Gligar
|
|turn|21
|c|âDMT|lol
|
|move|p1a: Mienshao|High Jump Kick|p2a: Gligar
|-resisted|p2a: Gligar
|-damage|p2a: Gligar|0 fnt
|faint|p2a: Gligar
|
|c| BurstStream|those
|c| BurstStream|SÃ­kes
|c| BurstStream|were too broken
|
|switch|p2a: Jirachi|Jirachi|321\/342
|turn|22
|
|switch|p1a: Suicune|Suicune, shiny|19\/404
|-ability|p1a: Suicune|Pressure
|move|p2a: Jirachi|U-turn|p1a: Suicune
|-damage|p1a: Suicune|0 fnt
|faint|p1a: Suicune
|
|switch|p2a: Suicune|Suicune|356\/356
|-ability|p2a: Suicune|Pressure
|
|c|+SmashBrosBrawl|mfw
|c|+SmashBrosBrawl|aboma
|join|Leader Fox
|
|switch|p1a: Raikou|Raikou|5\/321
|-ability|p1a: Raikou|Pressure
|turn|23
|
|move|p1a: Raikou|Volt Switch|p2a: Suicune
|-supereffective|p2a: Suicune
|-damage|p2a: Suicune|42\/356
|
|switch|p1a: Abomasnow|Abomasnow, F|381\/381
|move|p2a: Suicune|Scald|p1a: Abomasnow
|-resisted|p1a: Abomasnow
|-damage|p1a: Abomasnow|314\/381
|
|-heal|p2a: Suicune|64\/356|[from] item: Leftovers
|turn|24
|c| BurstStream|now get swept
|c| BurstStream|SD if real
|
|move|p2a: Suicune|Scald|p1a: Abomasnow
|-resisted|p1a: Abomasnow
|-damage|p1a: Abomasnow|246\/381
|move|p1a: Abomasnow|Earthquake|p2a: Suicune
|-damage|p2a: Suicune|0 fnt
|faint|p2a: Suicune
|
|c| BurstStream|SD if Real
|
|switch|p2a: Jirachi|Jirachi|321\/342
|turn|25
|c|âDMT|didn't wanna risk le burns
|c| BurstStream|Fire Punch
|
|switch|p1a: Raikou|Raikou|5\/321
|-ability|p1a: Raikou|Pressure
|move|p2a: Jirachi|U-turn|p1a: Raikou
|-damage|p1a: Raikou|0 fnt
|faint|p1a: Raikou
|c| Leader Fox|Risk the burn
|c| BurstStream|Fire Punc
|c| Leader Fox|:-;
|c| Leader Fox|._>
|
|switch|p2a: Ampharos|Ampharos-Mega, F|110\/350
|-ability|p2a: Ampharos|Mold Breaker
|
|c|+SmashBrosBrawl|that was
|c|+SmashBrosBrawl|the easiest
|c|+SmashBrosBrawl|sd of ur life
|c| Leader Fox|Have u used mega serperior
|c| Leader Fox|._>
|join|santysas
|
|switch|p1a: Abomasnow|Abomasnow, F|246\/381
|turn|26
|leave|santysas
|leave|Leader Fox
|
|switch|p2a: Jirachi|Jirachi|321\/342
|move|p1a: Abomasnow|Earthquake|p2a: Jirachi
|-supereffective|p2a: Jirachi
|-damage|p2a: Jirachi|111\/342
|
|turn|27
|c|+SmashBrosBrawl|oml
|c|+SmashBrosBrawl|mega
|c|+SmashBrosBrawl|MEGA
|
|detailschange|p1a: Abomasnow|Abomasnow-Mega, F
|message|Abomasnow has Mega Evolved into Mega Abomasnow!
|-weather|Hail
|move|p1a: Abomasnow|Ice Shard|p2a: Jirachi
|-resisted|p2a: Jirachi
|-damage|p2a: Jirachi|73\/342
|move|p2a: Jirachi|U-turn|p1a: Abomasnow
|-supereffective|p1a: Abomasnow
|-damage|p1a: Abomasnow|100\/381
|c|âDMT|no
|c| Robert Alfons|?
|
|switch|p2a: Ampharos|Ampharos-Mega, F|110\/350
|-ability|p2a: Ampharos|Mold Breaker
|
|-weather|Hail|[upkeep]
|-damage|p2a: Ampharos|89\/350|[from] hail
|turn|28
|c| Robert Alfons|oh ic
|
|move|p1a: Abomasnow|Ice Shard|p2a: Ampharos
|-supereffective|p2a: Ampharos
|-damage|p2a: Ampharos|0 fnt
|faint|p2a: Ampharos
|
|-weather|Hail|[upkeep]
|
|switch|p2a: Jirachi|Jirachi|73\/342
|turn|29
|c| BurstStream|DMT with
|c| BurstStream|the Hail stall]
|c|+SmashBrosBrawl|if u had megaed
|c|+SmashBrosBrawl|rachi would be ded
|c| BurstStream|u like
|c| BurstStream|to use
|c| BurstStream|both Rachi and ded
|c| BurstStream|on the same sentence
|c|+SmashBrosBrawl|y
|c|âDMT|idk if I choked or n
|
|switch|p1a: Mienshao|Mienshao, M|49\/271
|move|p2a: Jirachi|U-turn|p1a: Mienshao
|-resisted|p1a: Mienshao
|-damage|p1a: Mienshao|0 fnt
|faint|p1a: Mienshao
|
|switch|p2a: Zygarde|Zygarde|328\/404
|-ability|p2a: Zygarde|Aura Break
|
|-weather|Hail|[upkeep]
|-damage|p2a: Zygarde|303\/404|[from] hail
|-heal|p2a: Zygarde|328\/404|[from] item: Leftovers
|
|switch|p1a: Abomasnow|Abomasnow-Mega, F|100\/381
|turn|30
|
|move|p1a: Abomasnow|Ice Shard|p2a: Zygarde
|-supereffective|p2a: Zygarde
|-damage|p2a: Zygarde|40\/404
|move|p2a: Zygarde|Dragon Tail|p1a: Abomasnow
|-damage|p1a: Abomasnow|34\/381
|drag|p1a: Forretress|Forretress, F|350\/353
|
|-weather|Hail|[upkeep]
|-damage|p2a: Zygarde|15\/404|[from] hail
|-damage|p1a: Forretress|328\/353|[from] hail
|-heal|p2a: Zygarde|40\/404|[from] item: Leftovers
|-heal|p1a: Forretress|350\/353|[from] item: Leftovers
|turn|31
|c| SadPierrot|even if you did, it's not as bad as in your last vid
|c|âDMT|surviv
|c| Robert Alfons|rest
|c| Robert Alfons|rn
|
|switch|p2a: Jirachi|Jirachi|73\/342
|move|p1a: Forretress|Spikes|p2a: Jirachi
|-sidestart|p2: sniperaim|Spikes
|
|-weather|none
|-heal|p1a: Forretress|353\/353|[from] item: Leftovers
|turn|32
|
|move|p2a: Jirachi|Healing Wish|p2a: Jirachi
|faint|p2a: Jirachi
|move|p1a: Forretress|Volt Switch|p2: Jirachi|[notarget]
|-notarget
|
|
|switch|p2a: Zygarde|Zygarde|40\/404
|-heal|p2a: Zygarde|404\/404|[from] move: Healing Wish
|-damage|p2a: Zygarde|354\/404|[from] Spikes
|-ability|p2a: Zygarde|Aura Break
|turn|33
|c|âDMT|fuck
|c|âDMT|fuck
|c| Robert Alfons|oshit
|c|âDMT|fuck
|c| BurstStream|if only
|c|+SmashBrosBrawl|.
|c|âsniperaim|IN
|c|âDMT|fuck
|c|+SmashBrosBrawl|.
|c| BurstStream|you had
|c|âDMT|clutch
|c|+SmashBrosBrawl|.
|c|âDMT|gg
|c|+SmashBrosBrawl|.
|c|+SmashBrosBrawl|.
|c| BurstStream|HP Ice
|
|switch|p1a: Abomasnow|Abomasnow-Mega, F|34\/381
|-weather|Hail
|move|p2a: Zygarde|Substitute|p2a: Zygarde
|-start|p2a: Zygarde|Substitute
|-damage|p2a: Zygarde|253\/404
|
|-weather|Hail|[upkeep]
|-damage|p2a: Zygarde|228\/404|[from] hail
|-heal|p2a: Zygarde|253\/404|[from] item: Leftovers
|turn|34
|c| BurstStream|pls why are you not running
|c| BurstStream|HP ICe Forretress
|
|switch|p1a: Forretress|Forretress, F|353\/353
|move|p2a: Zygarde|Dragon Tail|p1a: Forretress
|-crit|p1a: Forretress
|-resisted|p1a: Forretress
|-damage|p1a: Forretress|314\/353
|drag|p1a: Abomasnow|Abomasnow-Mega, F|34\/381
|
|-weather|Hail|[upkeep]
|-damage|p2a: Zygarde|228\/404|[from] hail
|-heal|p2a: Zygarde|253\/404|[from] item: Leftovers
|turn|35
|c| BurstStream|the most legit set
|c|âDMT|it does
|c|âDMT|30%
|
|move|p1a: Abomasnow|Ice Shard|p2a: Zygarde
|-supereffective|p2a: Zygarde
|-end|p2a: Zygarde|Substitute
|move|p2a: Zygarde|Dragon Tail|p1a: Abomasnow
|-damage|p1a: Abomasnow|0 fnt
|faint|p1a: Abomasnow
|
|-weather|Hail|[upkeep]
|-damage|p2a: Zygarde|228\/404|[from] hail
|-heal|p2a: Zygarde|253\/404|[from] item: Leftovers
|c|âDMT|tht's why
|c| Robert Alfons|shoulda used
|
|switch|p1a: Forretress|Forretress, F|314\/353
|turn|36
|c| Robert Alfons|rest
|c| BurstStream|you would
|
|move|p2a: Zygarde|Substitute|p2a: Zygarde
|-start|p2a: Zygarde|Substitute
|-damage|p2a: Zygarde|152\/404
|move|p1a: Forretress|Gyro Ball|p2a: Zygarde
|-activate|p2a: Zygarde|Substitute|[damage]
|
|-weather|Hail|[upkeep]
|-damage|p2a: Zygarde|127\/404|[from] hail
|-damage|p1a: Forretress|292\/353|[from] hail
|-heal|p2a: Zygarde|152\/404|[from] item: Leftovers
|-heal|p1a: Forretress|314\/353|[from] item: Leftovers
|turn|37
|c| BurstStream|have
|c| Robert Alfons|on aboma
|c| BurstStream|won
|c|âDMT|gggggggggggggg
|
|move|p2a: Zygarde|Coil|p2a: Zygarde
|-boost|p2a: Zygarde|atk|1
|-boost|p2a: Zygarde|def|1
|-boost|p2a: Zygarde|accuracy|1
|move|p1a: Forretress|Gyro Ball|p2a: Zygarde
|-end|p2a: Zygarde|Substitute
|
|-weather|none
|-heal|p2a: Zygarde|177\/404|[from] item: Leftovers
|-heal|p1a: Forretress|336\/353|[from] item: Leftovers
|turn|38
|c|âDMT|gyro crits
|
|move|p2a: Zygarde|Coil|p2a: Zygarde
|-boost|p2a: Zygarde|atk|1
|-boost|p2a: Zygarde|def|1
|-boost|p2a: Zygarde|accuracy|1
|move|p1a: Forretress|Gyro Ball|p2a: Zygarde
|-damage|p2a: Zygarde|141\/404
|
|-heal|p2a: Zygarde|166\/404|[from] item: Leftovers
|-heal|p1a: Forretress|353\/353|[from] item: Leftovers
|turn|39
|c|âDMT|sav.me
|c|+SmashBrosBrawl|0
|c|âDMT|nope
|
|move|p2a: Zygarde|Earthquake|p1a: Forretress
|-damage|p1a: Forretress|164\/353
|move|p1a: Forretress|Gyro Ball|p2a: Zygarde
|-damage|p2a: Zygarde|124\/404
|
|-heal|p2a: Zygarde|149\/404|[from] item: Leftovers
|-heal|p1a: Forretress|186\/353|[from] item: Leftovers
|turn|40
|c|âsniperaim|gg
|
|move|p2a: Zygarde|Earthquake|p1a: Forretress
|-damage|p1a: Forretress|2\/353
|move|p1a: Forretress|Gyro Ball|p2a: Zygarde
|-damage|p2a: Zygarde|110\/404
|
|-heal|p2a: Zygarde|135\/404|[from] item: Leftovers
|-heal|p1a: Forretress|24\/353|[from] item: Leftovers
|turn|41
|c|âDMT|gg
|
|move|p1a: Forretress|Gyro Ball|p2a: Zygarde
|-damage|p2a: Zygarde|98\/404
|move|p2a: Zygarde|Dragon Tail|p1a: Forretress
|-resisted|p1a: Forretress
|-damage|p1a: Forretress|0 fnt
|faint|p1a: Forretress
|
|win|sniperaim
|c| BurstStream|and thats
|c| BurstStream|why
|c| BurstStream|u use
|c| BurstStream|HP Ice
|c| Robert Alfons|ballsy
|c| BurstStream|Forretress
|c| Robert Alfons|to dtail
|c| BurstStream|you noob
|c| Robert Alfons|imo
|c|+SmashBrosBrawl|if u had
|c|+SmashBrosBrawl|megaed
|leave|Robert Alfons
|leave|DMT
|player|p1
|leave|BenzMafia
|leave|SmashBrosBrawl
|leave|BurstStream
|leave|SadPierrot