|join|DMT
|join|Bob the Bro
|player|p1|DMT|184
|player|p2|Bob the Bro|23
|gametype|singles
|gen|6
|tier|UU
|rule|Sleep Clause Mod: Limit one foe put to sleep
|rule|Species Clause: Limit one of each PokÃ©mon
|rule|OHKO Clause: OHKO moves are banned
|rule|Moody Clause: Moody is banned
|rule|Evasion Moves Clause: Evasion moves are banned
|rule|Endless Battle Clause: Forcing endless battles is banned
|rule|HP Percentage Mod: HP is shown in percentages
|clearpoke
|poke|p1|Pidgeot, M
|poke|p1|Tentacruel, F
|poke|p1|Zygarde
|poke|p1|Swampert, M
|poke|p1|Reuniclus, F
|poke|p1|Jirachi
|poke|p2|Shedinja
|poke|p2|Blissey, F
|poke|p2|Tentacruel, M
|poke|p2|Zygarde
|poke|p2|Aggron, F
|poke|p2|Togetic, M
|rule|Swagger Clause: Swagger is banned
|rule|Baton Pass Clause: Limit one PokÃ©mon knowing Baton Pass
|teampreview
|join|dakookie
|join|Frickett
|join|I pee on tp rolls
|join|NotReallyWinning
|join|X4MConspiracY
|join|Franklin98
|join|watfor
|join|STEELIXXX
|join|xlstevo
|join|Martsian
|join|pokemontepigggds
|join|Raphael2711
|join|VOD FOOLY
|join|jordanguitarman
|join|PLOF
|join|Mychael
|join|AJ9730
|join|NotCris
|join|Knopfler Gianmark
|join|Farqas
|join|SilentFlame
|c|âDMT|bl dhf
|join|top alt
|join|Spiderduck
|join|njoiAdrian
|leave|AJ9730
|join|mjmass2223
|c|+xlstevo|Good luck everyone!
|c| njoiAdrian|ayyelmao
|join|HolLow ll
|join|YeLlOw SkArMoRy
|join|sniperaim
|c|âDMT|not good luck to bob
|c| NotReallyWinning|The shedinja
|c|+xlstevo|A lot of people
|c|âBob the Bro|suck on these
|join|Gym Triner Ape
|c| YeLlOw SkArMoRy|**HINALS FYPE!**
|leave|Gym Triner Ape
|join|VividLatias
|c| PLOF|oh the dinja is real
|c| pokemontepigggds|jirachi go jirachi\
|join|eaglehawk
|join|ANGER MANAGEMENT
|c| YeLlOw SkArMoRy|**SHEDINJA**
|join|DerpaniteX
|join|u shit got git
|join|trevor ellis
|c| YeLlOw SkArMoRy|**SHEDINJA**
|join|poonHunter (DD)
|c| SilentFlame|hinals yasss
|c| YeLlOw SkArMoRy|**SHEDINJA**
|c|âDMT|bad luck bob
|join|Ghostfear
|c| pokemontepigggds|GO DMT
|c| VividLatias|LET'S GO DMT
|c| pokemontepigggds|DMT
|join|Jack Dalton
|c| VividLatias|LET'S GO DMT
|c| pokemontepigggds|DMT
|c| poonHunter (DD)|nb
|join|hophipislegit
|c| pokemontepigggds|DMT
|c| VividLatias|DMT
|raw|<div class="broadcast-red"><b>Moderated chat was set to +!<\/b><br \/>Only users of rank + and higher can talk.<\/div>
|join|Lady Ciaran
|join|testing out shit
|join|GooglePlayStore
|join|Divine Rose
|c|âDMT|who are you leading with bob
|join|liua
|join|Calloflochie
|c|+Calloflochie|crisp.
|c|âBob the Bro|sheddy
|c|âDMT|hi calloflochie!
|join|ellser
|c|âDMT|!!!!!!!!!!!!!!!!!!!!!1
|c|+Calloflochie|halo
|c|+Calloflochie|:]
|join|Jadielle
|leave|PLOF
|join|lalaludicolo
|join|ColdResult
|join|Jvasss
|
|start
|switch|p1a: Rentatenta|Tentacruel, F|364\/364
|switch|p2a: Archilles|Aggron, F|344\/344
|turn|1
|c|âDMT|k i picked my lead
|c|âDMT|k
|leave|hophipislegit
|
|switch|p2a: Kraken|Tentacruel, M|364\/364
|move|p1a: Rentatenta|Scald|p2a: Kraken
|-resisted|p2a: Kraken
|-damage|p2a: Kraken|330\/364
|
|-heal|p2a: Kraken|352\/364|[from] item: Black Sludge
|turn|2
|c|âDMT|burn
|c|âDMT|k clicking the x now
|c|âDMT|bye
|
|move|p1a: Rentatenta|Scald|p2a: Kraken
|-resisted|p2a: Kraken
|-damage|p2a: Kraken|319\/364
|move|p2a: Kraken|Scald|p1a: Rentatenta
|-resisted|p1a: Rentatenta
|-damage|p1a: Rentatenta|332\/364
|
|-heal|p1a: Rentatenta|354\/364|[from] item: Black Sludge
|-heal|p2a: Kraken|341\/364|[from] item: Black Sludge
|turn|3
|join|Haunted.Shadow
|join|Immortal10424
|c|âBob the Bro|burn pls
|join|WarioNear
|c|âDMT|no
|c|âDMT|burn
|
|move|p1a: Rentatenta|Scald|p2a: Kraken
|-resisted|p2a: Kraken
|-damage|p2a: Kraken|309\/364
|move|p2a: Kraken|Scald|p1a: Rentatenta
|-resisted|p1a: Rentatenta
|-damage|p1a: Rentatenta|318\/364
|
|-heal|p1a: Rentatenta|340\/364|[from] item: Black Sludge
|-heal|p2a: Kraken|331\/364|[from] item: Black Sludge
|turn|4
|join|BoggleandChivalry
|leave|Jvasss
|c|âDMT|ffs
|
|move|p1a: Rentatenta|Scald|p2a: Kraken
|-resisted|p2a: Kraken
|-damage|p2a: Kraken|300\/364
|-status|p2a: Kraken|brn
|move|p2a: Kraken|Scald|p1a: Rentatenta
|-resisted|p1a: Rentatenta
|-damage|p1a: Rentatenta|307\/364
|-status|p1a: Rentatenta|brn
|
|-heal|p1a: Rentatenta|329\/364 brn|[from] item: Black Sludge
|-heal|p2a: Kraken|322\/364 brn|[from] item: Black Sludge
|-damage|p1a: Rentatenta|284\/364 brn|[from] brn
|-damage|p2a: Kraken|277\/364 brn|[from] brn
|turn|5
|c|âBob the Bro|hax
|join|PLOF
|c|âDMT|eyyyyy
|c|+Calloflochie|:3
|join|KingEnvoy
|
|switch|p2a: Freyja|Togetic, M|314\/314
|move|p1a: Rentatenta|Toxic Spikes|p2a: Freyja
|-sidestart|p2: Bob the Bro|move: Toxic Spikes
|
|-heal|p1a: Rentatenta|306\/364 brn|[from] item: Black Sludge
|-damage|p1a: Rentatenta|261\/364 brn|[from] brn
|turn|6
|join|ScarecrowVGF
|c|âDMT|oh right
|leave|testing out shit
|join|Buuskeri
|
|switch|p1a: Reuniclus|Reuniclus, F|424\/424
|move|p2a: Freyja|Heal Bell|p2a: Freyja
|-cureteam|p2a: Freyja|[from] move: HealBell
|
|turn|7
|
|move|p2a: Freyja|Defog|p1a: Reuniclus
|-unboost|p1a: Reuniclus|evasion|1
|-sideend|p2: Bob the Bro|Toxic Spikes|[from] move: Defog|[of] p2a: Freyja
|move|p1a: Reuniclus|Calm Mind|p1a: Reuniclus
|-boost|p1a: Reuniclus|spa|1
|-boost|p1a: Reuniclus|spd|1
|
|turn|8
|c|âBob the Bro|reveal shadow reuni ct
|join|ehiko-san
|c|âDMT|it's hp dark
|join|jelos
|join|Noshimuri
|c|âDMT|not shadow
|
|switch|p2a: Hades|Shedinja|1\/1
|switch|p1a: Smidgeon Pidge|Pidgeot, M|307\/307
|
|turn|9
|
|switch|p2a: Archilles|Aggron, F|344\/344
|detailschange|p1a: Smidgeon Pidge|Pidgeot-Mega, M
|message|Pidgeot has Mega Evolved into Mega Pidgeot!
|move|p1a: Smidgeon Pidge|U-turn|p2a: Archilles
|-resisted|p2a: Archilles
|-damage|p2a: Archilles|332\/344
|
|switch|p1a: Swampert|Swampert, M|404\/404
|
|turn|10
|c|+Calloflochie|smidgon pidge.
|
|detailschange|p2a: Archilles|Aggron-Mega, F
|message|Aggron has Mega Evolved into Mega Aggron!
|move|p1a: Swampert|Stealth Rock|p2a: Archilles
|-sidestart|p2: Bob the Bro|move: Stealth Rock
|move|p2a: Archilles|Toxic|p1a: Swampert
|-status|p1a: Swampert|tox
|
|-damage|p1a: Swampert|379\/404 tox|[from] psn
|turn|11
|c|âDMT|I got half way through nicknaming stuff
|leave|X4MConspiracY
|c|âDMT|brb checking your aggron set
|c|âBob the Bro|max spdef
|
|move|p1a: Swampert|Scald|p2a: Archilles
|-damage|p2a: Archilles|262\/344
|move|p2a: Archilles|Stealth Rock|p1a: Swampert
|-sidestart|p1: DMT|move: Stealth Rock
|
|-heal|p1a: Swampert|404\/404 tox|[from] item: Leftovers
|-damage|p1a: Swampert|354\/404 tox|[from] psn
|turn|12
|c|âBob the Bro|rox\/slam\/roar\/toxic
|
|switch|p2a: Venus|Blissey, F|714\/714
|-damage|p2a: Venus|625\/714|[from] Stealth Rock
|move|p1a: Swampert|Scald|p2a: Venus
|-damage|p2a: Venus|561\/714
|-status|p2a: Venus|brn
|
|-heal|p2a: Venus|605\/714 brn|[from] item: Leftovers
|-heal|p1a: Swampert|379\/404 tox|[from] item: Leftovers
|-damage|p2a: Venus|516\/714 brn|[from] brn
|-damage|p1a: Swampert|304\/404 tox|[from] psn
|turn|13
|c|âDMT|ya
|c|âBob the Bro|hax
|
|switch|p1a: let me setup plz|Zygarde|357\/357
|-damage|p1a: let me setup plz|335\/357|[from] Stealth Rock
|-ability|p1a: let me setup plz|Aura Break
|move|p2a: Venus|Wish|p2a: Venus
|
|-heal|p2a: Venus|560\/714 brn|[from] item: Leftovers
|-damage|p2a: Venus|471\/714 brn|[from] brn
|turn|14
|
|switch|p1a: Jirachi|Jirachi|341\/341
|-damage|p1a: Jirachi|320\/341|[from] Stealth Rock
|switch|p2a: Freyja|Togetic, M|314\/314
|-damage|p2a: Freyja|236\/314|[from] Stealth Rock
|
|-heal|p2a: Freyja|314\/314|[from] move: Wish|[wisher] Venus
|turn|15
|leave|eaglehawk
|leave|PLOF
|
|move|p1a: Jirachi|Iron Head|p2a: Freyja
|-supereffective|p2a: Freyja
|-damage|p2a: Freyja|188\/314
|cant|p2a: Freyja|flinch
|
|turn|16
|c|+Calloflochie|time to flinch
|c|+Calloflochie|everthing
|c|âDMT|ez
|
|switch|p1a: let me setup plz|Zygarde|335\/357
|-damage|p1a: let me setup plz|313\/357|[from] Stealth Rock
|-ability|p1a: let me setup plz|Aura Break
|switch|p2a: Kraken|Tentacruel, M|277\/364
|-damage|p2a: Kraken|232\/364|[from] Stealth Rock
|
|-heal|p2a: Kraken|254\/364|[from] item: Black Sludge
|turn|17
|c|+Calloflochie|yaaay
|c|+Calloflochie|raise dongers
|
|switch|p2a: Freyja|Togetic, M|188\/314
|-damage|p2a: Freyja|110\/314|[from] Stealth Rock
|move|p1a: let me setup plz|Dragon Dance|p1a: let me setup plz
|-boost|p1a: let me setup plz|atk|1
|-boost|p1a: let me setup plz|spe|1
|
|turn|18
|c|âDMT|greeeedy gobogreed
|join|sidaarth
|c|+Calloflochie|yaaaay
|c|âDMT|plz for the love of crits
|
|move|p1a: let me setup plz|Extreme Speed|p2a: Freyja
|-damage|p2a: Freyja|18\/314
|-damage|p1a: let me setup plz|278\/357|[from] item: Life Orb
|move|p2a: Freyja|Roost|p2a: Freyja
|-heal|p2a: Freyja|175\/314
|
|turn|19
|c|âDMT|fffffffffffffffffffffff
|c|+Calloflochie|yaaaay
|leave|lalaludicolo
|c|âBob the Bro|ez
|
|switch|p1a: Jirachi|Jirachi|320\/341
|-damage|p1a: Jirachi|299\/341|[from] Stealth Rock
|move|p2a: Freyja|Roost|p2a: Freyja
|-heal|p2a: Freyja|314\/314
|
|turn|20
|join|Ezio
|
|switch|p2a: Archilles|Aggron-Mega, F|262\/344
|-damage|p2a: Archilles|241\/344|[from] Stealth Rock
|move|p1a: Jirachi|Fire Punch|p2a: Archilles
|-supereffective|p2a: Archilles
|-damage|p2a: Archilles|189\/344
|
|turn|21
|c|âDMT|burn
|join|mashonem
|c|âDMT|burn
|
|switch|p2a: Freyja|Togetic, M|314\/314
|-damage|p2a: Freyja|236\/314|[from] Stealth Rock
|move|p1a: Jirachi|Fire Punch|p2a: Freyja
|-damage|p2a: Freyja|192\/314
|
|turn|22
|
|move|p1a: Jirachi|Fire Punch|p2a: Freyja
|-damage|p2a: Freyja|148\/314
|move|p2a: Freyja|Roost|p2a: Freyja
|-heal|p2a: Freyja|305\/314
|
|turn|23
|c|âDMT|burn
|c|âDMT|go to tenta
|
|switch|p2a: Kraken|Tentacruel, M|254\/364
|-damage|p2a: Kraken|209\/364|[from] Stealth Rock
|move|p1a: Jirachi|Fire Punch|p2a: Kraken
|-resisted|p2a: Kraken
|-damage|p2a: Kraken|173\/364
|
|-heal|p2a: Kraken|195\/364|[from] item: Black Sludge
|turn|24
|c|âDMT|and let me burn
|c|âDMT|thx
|c|âDMT|.
|
|move|p1a: Jirachi|Fire Punch|p2a: Kraken
|-resisted|p2a: Kraken
|-damage|p2a: Kraken|159\/364
|move|p2a: Kraken|Rapid Spin|p1a: Jirachi
|-resisted|p1a: Jirachi
|-damage|p1a: Jirachi|294\/341
|-sideend|p2: Bob the Bro|Stealth Rock|[from] move: Rapid Spin|[of] p2a: Kraken
|
|-heal|p2a: Kraken|181\/364|[from] item: Black Sludge
|turn|25
|
|switch|p1a: Swampert|Swampert, M|304\/404 tox
|-damage|p1a: Swampert|279\/404 tox|[from] Stealth Rock
|move|p2a: Kraken|Scald|p1a: Swampert
|-damage|p1a: Swampert|222\/404 tox
|
|-heal|p2a: Kraken|203\/364|[from] item: Black Sludge
|-heal|p1a: Swampert|247\/404 tox|[from] item: Leftovers
|-damage|p1a: Swampert|222\/404 tox|[from] psn
|turn|26
|
|switch|p2a: Hades|Shedinja|1\/1
|move|p1a: Swampert|Earthquake|p2a: Hades
|-activate|p2a: Hades|ability: Wonder Guard
|
|-heal|p1a: Swampert|247\/404 tox|[from] item: Leftovers
|-damage|p1a: Swampert|197\/404 tox|[from] psn
|turn|27
|
|move|p2a: Hades|Swords Dance|p2a: Hades
|-boost|p2a: Hades|atk|2
|move|p1a: Swampert|Stealth Rock|p2a: Hades
|-sidestart|p2: Bob the Bro|move: Stealth Rock
|
|-heal|p1a: Swampert|222\/404 tox|[from] item: Leftovers
|-damage|p1a: Swampert|147\/404 tox|[from] psn
|turn|28
|c|+Calloflochie|time to confuse
|c|+Calloflochie|the win con
|c|âBob the Bro|heat wave burn
|c|âBob the Bro|tbh
|c|+Calloflochie|r u rdy
|join|ChilliTacos
|c|âBob the Bro|calcing hard
|
|switch|p1a: Smidgeon Pidge|Pidgeot-Mega, M|307\/307
|-damage|p1a: Smidgeon Pidge|231\/307|[from] Stealth Rock
|move|p2a: Hades|X-Scissor|p1a: Smidgeon Pidge
|-resisted|p1a: Smidgeon Pidge
|-damage|p1a: Smidgeon Pidge|75\/307
|
|turn|29
|leave|sidaarth
|join|The Flight Plan
|join|sidaarth
|leave|mashonem
|
|switch|p2a: Venus|Blissey, F|471\/714
|-damage|p2a: Venus|382\/714|[from] Stealth Rock
|move|p1a: Smidgeon Pidge|Heat Wave|p2a: Venus
|-damage|p2a: Venus|292\/714
|
|-heal|p2a: Venus|336\/714|[from] item: Leftovers
|turn|30
|leave|Immortal10424
|
|move|p1a: Smidgeon Pidge|Roost|p1a: Smidgeon Pidge
|-heal|p1a: Smidgeon Pidge|229\/307
|move|p2a: Venus|Wish|p2a: Venus
|
|-heal|p2a: Venus|380\/714|[from] item: Leftovers
|turn|31
|leave|ColdResult
|join|parivard
|
|move|p1a: Smidgeon Pidge|Hurricane|p2a: Venus
|-damage|p2a: Venus|218\/714
|move|p2a: Venus|Seismic Toss|p1a: Smidgeon Pidge
|-damage|p1a: Smidgeon Pidge|129\/307
|
|-heal|p2a: Venus|575\/714|[from] move: Wish|[wisher] Venus
|-heal|p2a: Venus|619\/714|[from] item: Leftovers
|turn|32
|
|move|p1a: Smidgeon Pidge|Hurricane|p2a: Venus
|-damage|p2a: Venus|460\/714
|move|p2a: Venus|Wish|p2a: Venus
|
|-heal|p2a: Venus|504\/714|[from] item: Leftovers
|turn|33
|c|âDMT|burn aggron
|c|âDMT|plz
|
|move|p1a: Smidgeon Pidge|Heat Wave|p2a: Venus
|-damage|p2a: Venus|420\/714
|move|p2a: Venus|Seismic Toss|p1a: Smidgeon Pidge
|-damage|p1a: Smidgeon Pidge|29\/307
|
|-heal|p2a: Venus|714\/714|[from] move: Wish|[wisher] Venus
|turn|34
|
|move|p1a: Smidgeon Pidge|Roost|p1a: Smidgeon Pidge
|-heal|p1a: Smidgeon Pidge|183\/307
|move|p2a: Venus|Seismic Toss|p1a: Smidgeon Pidge
|-damage|p1a: Smidgeon Pidge|83\/307
|
|turn|35
|
|move|p1a: Smidgeon Pidge|Roost|p1a: Smidgeon Pidge
|-heal|p1a: Smidgeon Pidge|237\/307
|move|p2a: Venus|Seismic Toss|p1a: Smidgeon Pidge
|-damage|p1a: Smidgeon Pidge|137\/307
|
|turn|36
|c|+Calloflochie|stall the tosses
|join|Gym Triner Ape
|c|âDMT|ya
|
|move|p1a: Smidgeon Pidge|Roost|p1a: Smidgeon Pidge
|-heal|p1a: Smidgeon Pidge|291\/307
|move|p2a: Venus|Wish|p2a: Venus
|
|turn|37
|
|move|p1a: Smidgeon Pidge|Heat Wave|p2a: Venus
|-damage|p2a: Venus|619\/714
|move|p2a: Venus|Seismic Toss|p1a: Smidgeon Pidge
|-damage|p1a: Smidgeon Pidge|191\/307
|
|-heal|p2a: Venus|714\/714|[from] move: Wish|[wisher] Venus
|turn|38
|
|move|p1a: Smidgeon Pidge|Roost|p1a: Smidgeon Pidge
|-heal|p1a: Smidgeon Pidge|307\/307
|move|p2a: Venus|Seismic Toss|p1a: Smidgeon Pidge
|-damage|p1a: Smidgeon Pidge|207\/307
|
|turn|39
|
|move|p1a: Smidgeon Pidge|Hurricane|p2a: Venus
|-damage|p2a: Venus|545\/714
|move|p2a: Venus|Seismic Toss|p1a: Smidgeon Pidge
|-damage|p1a: Smidgeon Pidge|107\/307
|
|-heal|p2a: Venus|589\/714|[from] item: Leftovers
|turn|40
|join|hghghfgjfgj
|
|move|p1a: Smidgeon Pidge|Hurricane|p2a: Venus
|-crit|p2a: Venus
|-damage|p2a: Venus|364\/714
|move|p2a: Venus|Seismic Toss|p1a: Smidgeon Pidge
|-damage|p1a: Smidgeon Pidge|7\/307
|
|-heal|p2a: Venus|408\/714|[from] item: Leftovers
|turn|41
|join|jariibo
|join|mu emojwereit
|
|move|p1a: Smidgeon Pidge|Roost|p1a: Smidgeon Pidge
|-heal|p1a: Smidgeon Pidge|161\/307
|move|p2a: Venus|Seismic Toss|p1a: Smidgeon Pidge
|-damage|p1a: Smidgeon Pidge|61\/307
|
|-heal|p2a: Venus|452\/714|[from] item: Leftovers
|turn|42
|leave|Raphael2711
|join|jordanlad
|
|move|p1a: Smidgeon Pidge|Roost|p1a: Smidgeon Pidge
|-heal|p1a: Smidgeon Pidge|215\/307
|move|p2a: Venus|Seismic Toss|p1a: Smidgeon Pidge
|-damage|p1a: Smidgeon Pidge|115\/307
|
|-heal|p2a: Venus|496\/714|[from] item: Leftovers
|turn|43
|
|move|p1a: Smidgeon Pidge|Roost|p1a: Smidgeon Pidge
|-heal|p1a: Smidgeon Pidge|269\/307
|move|p2a: Venus|Wish|p2a: Venus
|
|-heal|p2a: Venus|540\/714|[from] item: Leftovers
|turn|44
|
|move|p1a: Smidgeon Pidge|Heat Wave|p2a: Venus
|-damage|p2a: Venus|454\/714
|move|p2a: Venus|Seismic Toss|p1a: Smidgeon Pidge
|-damage|p1a: Smidgeon Pidge|169\/307
|
|-heal|p2a: Venus|714\/714|[from] move: Wish|[wisher] Venus
|turn|45
|
|move|p1a: Smidgeon Pidge|Heat Wave|p2a: Venus
|-damage|p2a: Venus|624\/714
|move|p2a: Venus|Seismic Toss|p1a: Smidgeon Pidge
|-damage|p1a: Smidgeon Pidge|69\/307
|
|-heal|p2a: Venus|668\/714|[from] item: Leftovers
|turn|46
|
|move|p1a: Smidgeon Pidge|Roost|p1a: Smidgeon Pidge
|-heal|p1a: Smidgeon Pidge|223\/307
|move|p2a: Venus|Seismic Toss|p1a: Smidgeon Pidge
|-damage|p1a: Smidgeon Pidge|123\/307
|
|-heal|p2a: Venus|712\/714|[from] item: Leftovers
|turn|47
|leave|SS12345
|
|move|p1a: Smidgeon Pidge|Roost|p1a: Smidgeon Pidge
|-heal|p1a: Smidgeon Pidge|277\/307
|move|p2a: Venus|Seismic Toss|p1a: Smidgeon Pidge
|-damage|p1a: Smidgeon Pidge|177\/307
|
|-heal|p2a: Venus|714\/714|[from] item: Leftovers
|turn|48
|
|move|p1a: Smidgeon Pidge|Heat Wave|p2a: Venus
|-damage|p2a: Venus|623\/714
|move|p2a: Venus|Seismic Toss|p1a: Smidgeon Pidge
|-damage|p1a: Smidgeon Pidge|77\/307
|
|-heal|p2a: Venus|667\/714|[from] item: Leftovers
|turn|49
|leave|jordanlad
|
|move|p1a: Smidgeon Pidge|Roost|p1a: Smidgeon Pidge
|-heal|p1a: Smidgeon Pidge|231\/307
|move|p2a: Venus|Seismic Toss|p1a: Smidgeon Pidge
|-damage|p1a: Smidgeon Pidge|131\/307
|
|-heal|p2a: Venus|711\/714|[from] item: Leftovers
|turn|50
|leave|Buuskeri
|
|move|p1a: Smidgeon Pidge|Roost|p1a: Smidgeon Pidge
|-heal|p1a: Smidgeon Pidge|285\/307
|move|p2a: Venus|Seismic Toss|p1a: Smidgeon Pidge
|-damage|p1a: Smidgeon Pidge|185\/307
|
|-heal|p2a: Venus|714\/714|[from] item: Leftovers
|turn|51
|join|taco44
|join|chickenator
|
|move|p1a: Smidgeon Pidge|Heat Wave|p2a: Venus
|-damage|p2a: Venus|617\/714
|move|p2a: Venus|Seismic Toss|p1a: Smidgeon Pidge
|-damage|p1a: Smidgeon Pidge|85\/307
|
|-heal|p2a: Venus|661\/714|[from] item: Leftovers
|turn|52
|c|âBob the Bro|was that the last roost
|c|âBob the Bro|?
|c|âDMT|n
|c|âDMT|3 more
|
|move|p1a: Smidgeon Pidge|Roost|p1a: Smidgeon Pidge
|-heal|p1a: Smidgeon Pidge|239\/307
|move|p2a: Venus|Seismic Toss|p1a: Smidgeon Pidge
|-damage|p1a: Smidgeon Pidge|139\/307
|
|-heal|p2a: Venus|705\/714|[from] item: Leftovers
|turn|53
|leave|chickenator
|join|StormTides
|c|âDMT|after this one
|c|âBob the Bro|oh
|c|+Calloflochie|how many more
|c|+Calloflochie|seismic tosses
|c|âBob the Bro|ctrl+f lied
|c|âDMT|20
|c|âDMT|used
|c|âDMT|!dt seismic toss
|c|~|\/data-move Seismic Toss
|raw|<font size="1"><font color=#585858>Priority:<\/font> 0&nbsp;|&ThickSpace;<font color=#585858><font color=black>&#10003; Contact<\/font><\/font>&nbsp;|&ThickSpace;<font color=#585858>Target:<\/font> Adjacent Pokemon<\/font>
|c|âDMT|fuk
|c|+Calloflochie|ez
|c|âDMT|not ez
|leave|StormTides
|c|+Calloflochie|nah is fine
|c|âBob the Bro|ez
|
|move|p1a: Smidgeon Pidge|Heat Wave|p2a: Venus
|-damage|p2a: Venus|622\/714
|move|p2a: Venus|Seismic Toss|p1a: Smidgeon Pidge
|-damage|p1a: Smidgeon Pidge|39\/307
|
|-heal|p2a: Venus|666\/714|[from] item: Leftovers
|turn|54
|
|move|p1a: Smidgeon Pidge|Roost|p1a: Smidgeon Pidge
|-heal|p1a: Smidgeon Pidge|193\/307
|move|p2a: Venus|Seismic Toss|p1a: Smidgeon Pidge
|-damage|p1a: Smidgeon Pidge|93\/307
|
|-heal|p2a: Venus|710\/714|[from] item: Leftovers
|turn|55
|leave|jordanguitarman
|
|move|p1a: Smidgeon Pidge|Roost|p1a: Smidgeon Pidge
|-heal|p1a: Smidgeon Pidge|247\/307
|move|p2a: Venus|Seismic Toss|p1a: Smidgeon Pidge
|-damage|p1a: Smidgeon Pidge|147\/307
|
|-heal|p2a: Venus|714\/714|[from] item: Leftovers
|turn|56
|
|move|p1a: Smidgeon Pidge|Roost|p1a: Smidgeon Pidge
|-heal|p1a: Smidgeon Pidge|301\/307
|move|p2a: Venus|Seismic Toss|p1a: Smidgeon Pidge
|-damage|p1a: Smidgeon Pidge|201\/307
|
|turn|57
|
|move|p1a: Smidgeon Pidge|U-turn|p2a: Venus
|-damage|p2a: Venus|635\/714
|
|switch|p1a: Reuniclus|Reuniclus, F|424\/424
|move|p2a: Venus|Seismic Toss|p1a: Reuniclus
|-damage|p1a: Reuniclus|324\/424
|
|-heal|p2a: Venus|679\/714|[from] item: Leftovers
|turn|58
|join|Thundaaaaa
|
|switch|p2a: Freyja|Togetic, M|305\/314
|-damage|p2a: Freyja|227\/314|[from] Stealth Rock
|move|p1a: Reuniclus|Calm Mind|p1a: Reuniclus
|-boost|p1a: Reuniclus|spa|1
|-boost|p1a: Reuniclus|spd|1
|
|turn|59
|
|move|p2a: Freyja|Defog|p1a: Reuniclus
|-unboost|p1a: Reuniclus|evasion|1
|-sideend|p1: DMT|Stealth Rock|[from] move: Defog|[of] p1a: Reuniclus
|-sideend|p2: Bob the Bro|Stealth Rock|[from] move: Defog|[of] p2a: Freyja
|move|p1a: Reuniclus|Psyshock|p2a: Freyja
|-damage|p2a: Freyja|134\/314
|
|turn|60
|
|move|p2a: Freyja|Roost|p2a: Freyja
|-heal|p2a: Freyja|291\/314
|move|p1a: Reuniclus|Psyshock|p2a: Freyja
|-damage|p2a: Freyja|201\/314
|
|turn|61
|
|switch|p1a: Rentatenta|Tentacruel, F|261\/364 brn
|move|p2a: Freyja|Roost|p2a: Freyja
|-heal|p2a: Freyja|314\/314
|
|-heal|p1a: Rentatenta|283\/364 brn|[from] item: Black Sludge
|-damage|p1a: Rentatenta|238\/364 brn|[from] brn
|turn|62
|
|switch|p1a: Smidgeon Pidge|Pidgeot-Mega, M|201\/307
|switch|p2a: Serpentine|Zygarde|404\/404
|-ability|p2a: Serpentine|Aura Break
|
|turn|63
|leave|BoggleandChivalry
|
|switch|p2a: Venus|Blissey, F|679\/714
|move|p1a: Smidgeon Pidge|Hurricane|p2a: Venus
|-damage|p2a: Venus|516\/714
|
|-heal|p2a: Venus|560\/714|[from] item: Leftovers
|turn|64
|
|move|p1a: Smidgeon Pidge|U-turn|p2a: Venus
|-damage|p2a: Venus|485\/714
|
|switch|p1a: let me setup plz|Zygarde|278\/357
|-ability|p1a: let me setup plz|Aura Break
|move|p2a: Venus|Wish|p2a: Venus
|
|-heal|p2a: Venus|529\/714|[from] item: Leftovers
|turn|65
|leave|taco44
|
|switch|p1a: Jirachi|Jirachi|294\/341
|switch|p2a: Archilles|Aggron-Mega, F|189\/344
|
|-heal|p2a: Archilles|344\/344|[from] move: Wish|[wisher] Venus
|turn|66
|join|chickenator
|
|move|p1a: Jirachi|Fire Punch|p2a: Archilles
|-supereffective|p2a: Archilles
|-damage|p2a: Archilles|292\/344
|move|p2a: Archilles|Stealth Rock|p1a: Jirachi
|-sidestart|p1: DMT|move: Stealth Rock
|
|turn|67
|join|Jared.O
|
|move|p1a: Jirachi|Fire Punch|p2a: Archilles
|-supereffective|p2a: Archilles
|-damage|p2a: Archilles|243\/344
|move|p2a: Archilles|Heavy Slam|p1a: Jirachi
|-resisted|p1a: Jirachi
|-damage|p1a: Jirachi|196\/341
|
|turn|68
|
|move|p1a: Jirachi|Fire Punch|p2a: Archilles
|-supereffective|p2a: Archilles
|-damage|p2a: Archilles|188\/344
|move|p2a: Archilles|Heavy Slam|p1a: Jirachi
|-resisted|p1a: Jirachi
|-damage|p1a: Jirachi|103\/341
|
|turn|69
|join|tallguyg
|
|switch|p1a: let me setup plz|Zygarde|278\/357
|-damage|p1a: let me setup plz|256\/357|[from] Stealth Rock
|-ability|p1a: let me setup plz|Aura Break
|switch|p2a: Serpentine|Zygarde|404\/404
|-ability|p2a: Serpentine|Aura Break
|
|turn|70
|join|Jetpack
|
|switch|p1a: Smidgeon Pidge|Pidgeot-Mega, M|201\/307
|-damage|p1a: Smidgeon Pidge|125\/307|[from] Stealth Rock
|switch|p2a: Hades|Shedinja|1\/1
|
|turn|71
|
|switch|p2a: Venus|Blissey, F|529\/714
|move|p1a: Smidgeon Pidge|U-turn|p2a: Venus
|-damage|p2a: Venus|448\/714
|join|HaqM123
|
|switch|p1a: Rentatenta|Tentacruel, F|238\/364 brn
|-damage|p1a: Rentatenta|193\/364 brn|[from] Stealth Rock
|
|-heal|p1a: Rentatenta|215\/364 brn|[from] item: Black Sludge
|-heal|p2a: Venus|492\/714|[from] item: Leftovers
|-damage|p1a: Rentatenta|170\/364 brn|[from] brn
|turn|72
|leave|Gym Triner Ape
|
|switch|p2a: Serpentine|Zygarde|404\/404
|-ability|p2a: Serpentine|Aura Break
|move|p1a: Rentatenta|Rapid Spin|p2a: Serpentine
|-damage|p2a: Serpentine|400\/404
|-sideend|p1: DMT|Stealth Rock|[from] move: Rapid Spin|[of] p1a: Rentatenta
|
|-heal|p2a: Serpentine|404\/404|[from] item: Leftovers
|-heal|p1a: Rentatenta|192\/364 brn|[from] item: Black Sludge
|-damage|p1a: Rentatenta|147\/364 brn|[from] brn
|turn|73
|join|Gym Triner Ape
|leave|Divine Rose
|c|âDMT|k
|c|âDMT|gg
|
|move|p2a: Serpentine|Substitute|p2a: Serpentine
|-start|p2a: Serpentine|Substitute
|-damage|p2a: Serpentine|303\/404
|move|p1a: Rentatenta|Toxic|p2a: Serpentine
|
|-heal|p2a: Serpentine|328\/404|[from] item: Leftovers
|-heal|p1a: Rentatenta|169\/364 brn|[from] item: Black Sludge
|-damage|p1a: Rentatenta|124\/364 brn|[from] brn
|turn|74
|c|âBob the Bro|rip dmt
|c|+Calloflochie|sigh
|
|move|p2a: Serpentine|Coil|p2a: Serpentine
|-boost|p2a: Serpentine|atk|1
|-boost|p2a: Serpentine|def|1
|-boost|p2a: Serpentine|accuracy|1
|move|p1a: Rentatenta|Toxic Spikes|p2a: Serpentine
|-sidestart|p2: Bob the Bro|move: Toxic Spikes
|
|-heal|p2a: Serpentine|353\/404|[from] item: Leftovers
|-heal|p1a: Rentatenta|146\/364 brn|[from] item: Black Sludge
|-damage|p1a: Rentatenta|101\/364 brn|[from] brn
|turn|75
|c|âDMT|was hoping you'd be bad set
|leave|DerpaniteX
|c|+Calloflochie|if only you had shadow ball reun
|c|âDMT|I surrender my butthole
|
|move|p2a: Serpentine|Coil|p2a: Serpentine
|-boost|p2a: Serpentine|atk|1
|-boost|p2a: Serpentine|def|1
|-boost|p2a: Serpentine|accuracy|1
|move|p1a: Rentatenta|Scald|p2a: Serpentine
|-activate|p2a: Serpentine|Substitute|[damage]
|
|-heal|p2a: Serpentine|378\/404|[from] item: Leftovers
|-heal|p1a: Rentatenta|123\/364 brn|[from] item: Black Sludge
|-damage|p1a: Rentatenta|78\/364 brn|[from] brn
|turn|76
|c|+Calloflochie|woulda been a clean 6-0 from turn 1
|join|X4MConspiracY
|c|âBob the Bro|present it here
|c|âDMT|k
|join|J2a1m1i2e
|
|move|p2a: Serpentine|Coil|p2a: Serpentine
|-boost|p2a: Serpentine|atk|1
|-boost|p2a: Serpentine|def|1
|-boost|p2a: Serpentine|accuracy|1
|move|p1a: Rentatenta|Scald|p2a: Serpentine
|-end|p2a: Serpentine|Substitute
|
|-heal|p2a: Serpentine|403\/404|[from] item: Leftovers
|-heal|p1a: Rentatenta|100\/364 brn|[from] item: Black Sludge
|-damage|p1a: Rentatenta|55\/364 brn|[from] brn
|turn|77
|
|move|p2a: Serpentine|Substitute|p2a: Serpentine
|-start|p2a: Serpentine|Substitute
|-damage|p2a: Serpentine|302\/404
|move|p1a: Rentatenta|Scald|p2a: Serpentine
|-activate|p2a: Serpentine|Substitute|[damage]
|
|-heal|p2a: Serpentine|327\/404|[from] item: Leftovers
|-heal|p1a: Rentatenta|77\/364 brn|[from] item: Black Sludge
|-damage|p1a: Rentatenta|32\/364 brn|[from] brn
|turn|78
|leave|J2a1m1i2e
|
|move|p2a: Serpentine|Earthquake|p1a: Rentatenta
|-supereffective|p1a: Rentatenta
|-damage|p1a: Rentatenta|0 fnt
|faint|p1a: Rentatenta
|
|-heal|p2a: Serpentine|352\/404|[from] item: Leftovers
|leave|NotCris
|
|switch|p1a: Jirachi|Jirachi|103\/341
|turn|79
|
|move|p1a: Jirachi|U-turn|p2a: Serpentine
|-activate|p2a: Serpentine|Substitute|[damage]
|
|switch|p1a: Smidgeon Pidge|Pidgeot-Mega, M|125\/307
|move|p2a: Serpentine|Earthquake|p1a: Smidgeon Pidge
|-immune|p1a: Smidgeon Pidge|[msg]
|
|-heal|p2a: Serpentine|377\/404|[from] item: Leftovers
|turn|80
|join|jayarceus29
|join|SpliffJohnson
|
|move|p1a: Smidgeon Pidge|Hurricane|p2a: Serpentine
|-end|p2a: Serpentine|Substitute
|move|p2a: Serpentine|Dragon Tail|p1a: Smidgeon Pidge
|-damage|p1a: Smidgeon Pidge|0 fnt
|faint|p1a: Smidgeon Pidge
|
|-heal|p2a: Serpentine|402\/404|[from] item: Leftovers
|
|switch|p1a: let me setup plz|Zygarde|256\/357
|-ability|p1a: let me setup plz|Aura Break
|turn|81
|c|âDMT|crit
|
|move|p1a: let me setup plz|Outrage|p2a: Serpentine
|-supereffective|p2a: Serpentine
|-damage|p2a: Serpentine|230\/404
|-damage|p1a: let me setup plz|221\/357|[from] item: Life Orb
|move|p2a: Serpentine|Dragon Tail|p1a: let me setup plz
|-supereffective|p1a: let me setup plz
|-damage|p1a: let me setup plz|0 fnt
|faint|p1a: let me setup plz
|
|-heal|p2a: Serpentine|255\/404|[from] item: Leftovers
|c|âDMT|no crit
|
|switch|p1a: Jirachi|Jirachi|103\/341
|turn|82
|c|âBob the Bro|lemme 6-0 you real quick
|c|âDMT|k
|
|move|p1a: Jirachi|Iron Head|p2a: Serpentine
|-damage|p2a: Serpentine|216\/404
|cant|p2a: Serpentine|flinch
|
|-heal|p2a: Serpentine|241\/404|[from] item: Leftovers
|turn|83
|
|switch|p1a: Reuniclus|Reuniclus, F|324\/424
|move|p2a: Serpentine|Substitute|p2a: Serpentine
|-start|p2a: Serpentine|Substitute
|-damage|p2a: Serpentine|140\/404
|
|-heal|p2a: Serpentine|165\/404|[from] item: Leftovers
|turn|84
|
|move|p2a: Serpentine|Earthquake|p1a: Reuniclus
|-damage|p1a: Reuniclus|72\/424
|move|p1a: Reuniclus|Psyshock|p2a: Serpentine
|-activate|p2a: Serpentine|Substitute|[damage]
|
|-heal|p2a: Serpentine|190\/404|[from] item: Leftovers
|turn|85
sniperaim was promoted to Room Voice by DMT.
|
|move|p2a: Serpentine|Earthquake|p1a: Reuniclus
|-damage|p1a: Reuniclus|0 fnt
|faint|p1a: Reuniclus
|
|-heal|p2a: Serpentine|215\/404|[from] item: Leftovers
|
|switch|p1a: Jirachi|Jirachi|103\/341
|turn|86
|join|J2a1m1i2e
|
|move|p1a: Jirachi|Healing Wish|p1a: Jirachi
|faint|p1a: Jirachi
|move|p2a: Serpentine|Earthquake|p1: Jirachi|[notarget]
|-notarget
|
|-heal|p2a: Serpentine|240\/404|[from] item: Leftovers
|
|switch|p1a: Swampert|Swampert, M|147\/404 tox
|-heal|p1a: Swampert|404\/404|[from] move: Healing Wish
|turn|87
|
|move|p2a: Serpentine|Earthquake|p1a: Swampert
|-damage|p1a: Swampert|76\/404
|move|p1a: Swampert|Ice Beam|p2a: Serpentine
|-supereffective|p2a: Serpentine
|-end|p2a: Serpentine|Substitute
|
|-heal|p2a: Serpentine|265\/404|[from] item: Leftovers
|-heal|p1a: Swampert|101\/404|[from] item: Leftovers
|turn|88
|leave|Haunted.Shadow
|c|âBob the Bro|sick spdef
|c|âDMT|well isn't this different!
|
|move|p2a: Serpentine|Earthquake|p1a: Swampert
|-damage|p1a: Swampert|0 fnt
|faint|p1a: Swampert
|
|win|Bob the Bro
|leave|J2a1m1i2e
|leave|Jetpack
|c|âDMT|for once you 6-0 me!
|leave|Jadielle
|leave|liua
|leave|jayarceus29
|leave|Farqas
|leave|chickenator
|leave|I pee on tp rolls
|leave|ScarecrowVGF
|leave|njoiAdrian
|leave|dakookie
|leave|Gym Triner Ape
|leave|SilentFlame
|leave|Knopfler Gianmark
|c|âDMT|gg
|leave|tallguyg
|leave|Martsian
|leave|DMT
|player|p1
|leave|ellser
|leave|Mychael
|leave|Calloflochie
|leave|Ezio
|leave|NotReallyWinning
|leave|HolLow ll
|leave|jariibo
|leave|Noshimuri
|leave|SpliffJohnson
|leave|Franklin98
|leave|Spiderduck
|leave|Frickett
|leave|xlstevo
|leave|WarioNear
|leave|watfor