|join|dodmen
|join|DMT
|player|p1|dodmen|171
|player|p2|DMT|184
|gametype|singles
|gen|6
|tier|UU
|rated
|rule|Sleep Clause Mod: Limit one foe put to sleep
|rule|Species Clause: Limit one of each PokÃ©mon
|rule|OHKO Clause: OHKO moves are banned
|rule|Moody Clause: Moody is banned
|rule|Evasion Moves Clause: Evasion moves are banned
|rule|Endless Battle Clause: Forcing endless battles is banned
|rule|HP Percentage Mod: HP is shown in percentages
|clearpoke
|poke|p1|Infernape, M
|poke|p1|Azelf
|poke|p1|Suicune
|poke|p1|Raikou
|poke|p1|Gallade, M
|poke|p1|Krookodile, F
|poke|p2|Shedinja
|poke|p2|Aggron, M
|poke|p2|Tentacruel, M
|poke|p2|Aromatisse, F
|poke|p2|Xatu, M
|poke|p2|Snorlax, M
|rule|Swagger Clause: Swagger is banned
|rule|Baton Pass Clause: Limit one PokÃ©mon knowing Baton Pass
|teampreview
|c|âdodmen|awk
|c|âDMT|fuck
|
|start
|switch|p1a: Azelf|Azelf|291\/291
|switch|p2a: Aggron|Aggron, M|344\/344
|turn|1
|
|detailschange|p2a: Aggron|Aggron-Mega, M
|message|Aggron has Mega Evolved into Mega Aggron!
|move|p1a: Azelf|Fire Blast|p2a: Aggron
|-supereffective|p2a: Aggron
|-damage|p2a: Aggron|185\/344
|move|p2a: Aggron|Heavy Slam|p1a: Azelf
|-damage|p1a: Azelf|36\/291
|
|turn|2
|
|move|p1a: Azelf|Psyshock|p2a: Aggron
|-resisted|p2a: Aggron
|-damage|p2a: Aggron|154\/344
|move|p2a: Aggron|Toxic|p1a: Azelf
|-status|p1a: Azelf|tox
|
|-damage|p1a: Azelf|18\/291 tox|[from] psn
|turn|3
|
|switch|p2a: Aromatisse|Aromatisse, F|406\/406
|move|p1a: Azelf|Stealth Rock|p2a: Aromatisse
|-sidestart|p2: DMT|move: Stealth Rock
|
|-damage|p1a: Azelf|0 fnt|[from] psn
|faint|p1a: Azelf
|
|switch|p1a: Raikou|Raikou|321\/321
|-ability|p1a: Raikou|Pressure
|turn|4
|c|âdodmen|watch this innovation
|
|move|p1a: Raikou|Calm Mind|p1a: Raikou
|-boost|p1a: Raikou|spa|1
|-boost|p1a: Raikou|spd|1
|move|p2a: Aromatisse|Moonblast|p1a: Raikou
|-damage|p1a: Raikou|246\/321
|
|-heal|p1a: Raikou|266\/321|[from] item: Leftovers
|turn|5
|
|switch|p2a: Snorlax|Snorlax, M|497\/497
|-damage|p2a: Snorlax|435\/497|[from] Stealth Rock
|move|p1a: Raikou|Volt Switch|p2a: Snorlax
|-damage|p2a: Snorlax|323\/497
|c|âdodmen|epic
|c|âdodmen|imo
|c|âDMT|b8
|
|switch|p1a: Infernape|Infernape, M|293\/293
|
|-heal|p2a: Snorlax|354\/497|[from] item: Leftovers
|turn|6
|
|switch|p2a: Xatu|Xatu, M|333\/333
|-damage|p2a: Xatu|250\/333|[from] Stealth Rock
|move|p1a: Infernape|Swords Dance|p1a: Infernape
|-boost|p1a: Infernape|atk|2
|
|turn|7
|
|move|p1a: Infernape|Flare Blitz|p2a: Xatu
|-damage|p2a: Xatu|0 fnt
|-damage|p1a: Infernape|245\/293|[from] item: Rocky Helmet|[of] p2a: Xatu
|-damage|p1a: Infernape|162\/293|[from] recoil|[of] p2a: Xatu
|-damage|p1a: Infernape|133\/293|[from] item: Life Orb
|faint|p2a: Xatu
|
|
|switch|p2a: Tentacruel|Tentacruel, M|364\/364
|-damage|p2a: Tentacruel|319\/364|[from] Stealth Rock
|turn|8
|
|move|p1a: Infernape|Thunder Punch|p2a: Tentacruel
|-supereffective|p2a: Tentacruel
|-damage|p2a: Tentacruel|0 fnt
|-damage|p1a: Infernape|104\/293|[from] item: Life Orb
|faint|p2a: Tentacruel
|
|c|âdodmen|awkward
|c|âDMT|mfw
|c|âdodmen|i was hoping
|
|switch|p2a: Aromatisse|Aromatisse, F|406\/406
|-damage|p2a: Aromatisse|356\/406|[from] Stealth Rock
|turn|9
|c|âdodmen|to b8
|c|âdodmen|that out
|c|âdodmen|KEK
|
|move|p1a: Infernape|Flare Blitz|p2a: Aromatisse
|-damage|p2a: Aromatisse|0 fnt
|-damage|p1a: Infernape|0 fnt|[from] recoil|[of] p2a: Aromatisse
|faint|p2a: Aromatisse
|faint|p1a: Infernape
|
|join|Mike Hunts
|c|âdodmen|post this
|c|âDMT|of course
|c|âdodmen|on meowiekins
|c|âDMT|this is the intro
|c|âdodmen|rmt
|c|âdodmen|KEK
|c|âdodmen|o
|c|âdodmen|ok
|c|âDMT|to shedinja
|
|switch|p1a: Gallade|Gallade, M|277\/277
|switch|p2a: Aggron|Aggron-Mega, M|154\/344
|-damage|p2a: Aggron|133\/344|[from] Stealth Rock
|turn|10
|c|âDMT|sheshhiofnseionf
|
|detailschange|p1a: Gallade|Gallade-Mega, M
|message|Gallade has Mega Evolved into Mega Gallade!
|move|p1a: Gallade|Close Combat|p2a: Aggron
|-supereffective|p2a: Aggron
|-damage|p2a: Aggron|0 fnt
|-unboost|p1a: Gallade|def|1
|-unboost|p1a: Gallade|spd|1
|faint|p2a: Aggron
|
|
|switch|p2a: Snorlax|Snorlax, M|354\/497
|-damage|p2a: Snorlax|292\/497|[from] Stealth Rock
|turn|11
|
|move|p1a: Gallade|Close Combat|p2a: Snorlax
|-supereffective|p2a: Snorlax
|-damage|p2a: Snorlax|0 fnt
|-unboost|p1a: Gallade|def|1
|-unboost|p1a: Gallade|spd|1
|faint|p2a: Snorlax
|
|c|âdodmen|gg friend
|
|switch|p2a: _(ã)_\/Â¯|Shedinja|1\/1
|-damage|p2a: _(ã)_\/Â¯|0 fnt|[from] Stealth Rock
|faint|p2a: _(ã)_\/Â¯
|
|win|dodmen
|raw|Ladder updating...
|raw|dodmen's rating: 1563 &rarr; <strong>1580<\/strong><br \/>(+17 for winning)
|raw|DMT's rating: 1510 &rarr; <strong>1493<\/strong><br \/>(-17 for losing)
|c|âDMT|gg
|leave|Mike Hunts
|c|âDMT|lel
|c|âdodmen|kek
|leave|DMT
|player|p2