|join|DMT
|join|Dad's Dad
|player|p1|DMT|184
|player|p2|Dad's Dad|108
|gametype|singles
|gen|6
|tier|UU
|rule|Sleep Clause Mod: Limit one foe put to sleep
|rule|Species Clause: Limit one of each PokÃ©mon
|rule|OHKO Clause: OHKO moves are banned
|rule|Moody Clause: Moody is banned
|rule|Evasion Moves Clause: Evasion moves are banned
|rule|Endless Battle Clause: Forcing endless battles is banned
|rule|HP Percentage Mod: HP is shown in percentages
|clearpoke
|poke|p1|Entei, shiny
|poke|p1|Raikou
|poke|p1|Suicune
|poke|p1|Chesnaught, F
|poke|p1|Crobat, M
|poke|p1|Forretress, M
|poke|p2|Hippowdon, M
|poke|p2|Vaporeon, F
|poke|p2|Ampharos, F
|poke|p2|Mienshao, M
|poke|p2|Crobat, M
|poke|p2|Jirachi, shiny
|rule|Swagger Clause: Swagger is banned
|rule|Baton Pass Clause: Limit one PokÃ©mon knowing Baton Pass
|teampreview
|join|Donnavan
|c|âDad's Dad|o no
|c|âDad's Dad|cancer
|c| Donnavan|it could be worse
|c|âDad's Dad|not rlly
|c|âDMT|dmt use bulldoze entei
|c|âDMT|it hits mega amph
|c|âDad's Dad|it looks like he put absolutely no thought into this team lmoa
|c|âDMT|dmt; no noe uses emgapmoh
|c|âDad's Dad|lol
|
|start
|switch|p1a: Chesnaught|Chesnaught, F|380\/380
|switch|p2a: Daenerys Targaryen|Ampharos, F|369\/369
|turn|1
|
|detailschange|p2a: Daenerys Targaryen|Ampharos-Mega, F
|-mega|p2a: Daenerys Targaryen|Ampharos|Ampharosite
|-ability|p2a: Daenerys Targaryen|Mold Breaker
|move|p1a: Chesnaught|Spikes|p2a: Daenerys Targaryen
|-sidestart|p2: Dad's Dad|Spikes
|move|p2a: Daenerys Targaryen|Dragon Pulse|p1a: Chesnaught
|-damage|p1a: Chesnaught|200\/380
|
|-heal|p1a: Chesnaught|223\/380|[from] item: Leftovers
|turn|2
|c|âDMT|I should have
|c|âDad's Dad|nice switch ins fgt boi
|c|âDMT|a ground type
|c|âDMT|tbh gligar works
|
|move|p1a: Chesnaught|Spiky Shield|p1a: Chesnaught
|-singleturn|p1a: Chesnaught|move: Protect
|move|p2a: Daenerys Targaryen|Volt Switch|p1a: Chesnaught
|-activate|p1a: Chesnaught|move: Protect
|
|-heal|p1a: Chesnaught|246\/380|[from] item: Leftovers
|turn|3
|
|move|p1a: Chesnaught|Drain Punch|p2a: Daenerys Targaryen
|-damage|p2a: Daenerys Targaryen|285\/369
|-heal|p1a: Chesnaught|288\/380|[from] drain|[of] p2a: Daenerys Targaryen
|move|p2a: Daenerys Targaryen|Dragon Pulse|p1a: Chesnaught
|-crit|p1a: Chesnaught
|-damage|p1a: Chesnaught|48\/380
|
|-heal|p1a: Chesnaught|71\/380|[from] item: Leftovers
|turn|4
|c|âDMT|dmg!
|c|âDad's Dad|lol
|
|move|p1a: Chesnaught|Leech Seed|p2a: Daenerys Targaryen
|-start|p2a: Daenerys Targaryen|move: Leech Seed
|move|p2a: Daenerys Targaryen|Volt Switch|p1a: Chesnaught
|-resisted|p1a: Chesnaught
|-damage|p1a: Chesnaught|2\/380
|c|âDMT|fuck!
|
|switch|p2a: Lord Varys|Crobat, M|343\/343
|
|-heal|p1a: Chesnaught|25\/380|[from] item: Leftovers
|turn|5
|c|âDad's Dad|lol
|
|switch|p1a: Entei|Entei, shiny|371\/371
|-ability|p1a: Entei|Pressure
|move|p2a: Lord Varys|Defog|p1a: Entei
|-unboost|p1a: Entei|evasion|1
|-sideend|p2: Dad's Dad|Spikes|[from] move: Defog|[of] p2a: Lord Varys
|
|turn|6
|c|âDad's Dad|dmt do u hate black people
|c|âDMT|no
|c|âDMT|!
|c|âDMT|i am black!
|c|âDad's Dad|o we cant be friends
|c|âDMT|partially!
|
|switch|p2a: Catelyn Tully|Vaporeon, F|449\/449
|move|p1a: Entei|Toxic|p2a: Catelyn Tully
|-status|p2a: Catelyn Tully|tox
|
|-damage|p2a: Catelyn Tully|421\/449 tox|[from] psn
|turn|7
|c|âDMT|i listened to kanye west once!
|c|âDad's Dad|lmoa
|c|âDMT|so kind of black myself!
|c|âDad's Dad|ur so fucking cancerous
|c|âDMT|xP
|
|switch|p1a: Chesnaught|Chesnaught, F|25\/380
|move|p2a: Catelyn Tully|Wish|p2a: Catelyn Tully
|
|-heal|p1a: Chesnaught|48\/380|[from] item: Leftovers
|-heal|p2a: Catelyn Tully|449\/449 tox|[from] item: Leftovers
|-damage|p2a: Catelyn Tully|393\/449 tox|[from] psn
|turn|8
|
|switch|p2a: Tyrion Lannister|Jirachi, shiny|341\/341
|move|p1a: Chesnaught|Spikes|p2a: Tyrion Lannister
|-sidestart|p2: Dad's Dad|Spikes
|
|-heal|p1a: Chesnaught|71\/380|[from] item: Leftovers
|turn|9
|join|BenzMafia
|
|switch|p1a: Entei|Entei, shiny|371\/371
|-ability|p1a: Entei|Pressure
|move|p2a: Tyrion Lannister|Psyshock|p1a: Entei
|-damage|p1a: Entei|244\/371
|
|turn|10
|c|âDMT|if I ran like
|c|âDMT|gligar umby maybe
|c|âDMT|as opposed to forre ches
|c|âDad's Dad|gligar umby is stronk
|c|âDMT|and put HP grass on kou maybe
|c|âDMT|spolierse im hp ice
|join|Stoned M&M
|c|âDad's Dad|i saw the pastebin lol
|
|switch|p2a: Catelyn Tully|Vaporeon, F|393\/449 tox
|-damage|p2a: Catelyn Tully|337\/449 tox|[from] Spikes
|move|p1a: Entei|Sacred Fire|p2a: Catelyn Tully
|-resisted|p2a: Catelyn Tully
|-damage|p2a: Catelyn Tully|182\/449 tox
|
|-heal|p2a: Catelyn Tully|210\/449 tox|[from] item: Leftovers
|-damage|p2a: Catelyn Tully|182\/449 tox|[from] psn
|turn|11
|c|âDMT|hi stoned m&m!
|c| Stoned M&M|hello!
|
|switch|p1a: Chesnaught|Chesnaught, F|71\/380
|move|p2a: Catelyn Tully|Wish|p2a: Catelyn Tully
|
|-heal|p1a: Chesnaught|94\/380|[from] item: Leftovers
|-heal|p2a: Catelyn Tully|210\/449 tox|[from] item: Leftovers
|-damage|p2a: Catelyn Tully|154\/449 tox|[from] psn
|turn|12
|
|move|p1a: Chesnaught|Leech Seed|p2a: Catelyn Tully
|-start|p2a: Catelyn Tully|move: Leech Seed
|move|p2a: Catelyn Tully|Scald|p1a: Chesnaught
|-resisted|p1a: Chesnaught
|-damage|p1a: Chesnaught|48\/380
|
|-heal|p2a: Catelyn Tully|378\/449 tox|[from] move: Wish|[wisher] Catelyn Tully
|-heal|p1a: Chesnaught|71\/380|[from] item: Leftovers
|-heal|p2a: Catelyn Tully|406\/449 tox|[from] item: Leftovers
|-damage|p2a: Catelyn Tully|350\/449 tox|[from] Leech Seed|[of] p1a: Chesnaught
|-heal|p1a: Chesnaught|127\/380|[silent]
|-damage|p2a: Catelyn Tully|266\/449 tox|[from] psn
|turn|13
|c|âDad's Dad|nice burn fgt
|c|âDMT|thanks xD
|c|âDMT|wait seeds cant burn
|
|switch|p2a: Lord Varys|Crobat, M|343\/343
|move|p1a: Chesnaught|Leech Seed|p2a: Lord Varys
|-start|p2a: Lord Varys|move: Leech Seed
|
|-heal|p1a: Chesnaught|150\/380|[from] item: Leftovers
|-damage|p2a: Lord Varys|301\/343|[from] Leech Seed|[of] p1a: Chesnaught
|-heal|p1a: Chesnaught|192\/380|[silent]
|turn|14
|
|move|p1a: Chesnaught|Spiky Shield|p1a: Chesnaught
|-singleturn|p1a: Chesnaught|move: Protect
|move|p2a: Lord Varys|Brave Bird|p1a: Chesnaught
|-activate|p1a: Chesnaught|move: Protect
|-damage|p2a: Lord Varys|259\/343|[from] Spiky Shield|[of] p1a: Chesnaught
|
|-heal|p2a: Lord Varys|280\/343|[from] item: Black Sludge
|-heal|p1a: Chesnaught|215\/380|[from] item: Leftovers
|-damage|p2a: Lord Varys|238\/343|[from] Leech Seed|[of] p1a: Chesnaught
|-heal|p1a: Chesnaught|257\/380|[silent]
|turn|15
|
|switch|p1a: Raikou|Raikou|321\/321
|-ability|p1a: Raikou|Pressure
|move|p2a: Lord Varys|Brave Bird|p1a: Raikou
|-resisted|p1a: Raikou
|-damage|p1a: Raikou|227\/321
|-damage|p2a: Lord Varys|207\/343|[from] recoil|[of] p1a: Raikou
|
|-heal|p2a: Lord Varys|228\/343|[from] item: Black Sludge
|-heal|p1a: Raikou|247\/321|[from] item: Leftovers
|-damage|p2a: Lord Varys|186\/343|[from] Leech Seed|[of] p1a: Raikou
|-heal|p1a: Raikou|289\/321|[silent]
|turn|16
|
|switch|p2a: Wyman Manderly|Hippowdon, M|420\/420
|-damage|p2a: Wyman Manderly|368\/420|[from] Spikes
|switch|p1a: Chesnaught|Chesnaught, F|257\/380
|
|-heal|p1a: Chesnaught|280\/380|[from] item: Leftovers
|-heal|p2a: Wyman Manderly|394\/420|[from] item: Leftovers
|turn|17
|c|âDad's Dad|toxic entei the threat
|c|âDMT|ik it's scary!
|
|move|p1a: Chesnaught|Spikes|p2a: Wyman Manderly
|-sidestart|p2: Dad's Dad|Spikes
|move|p2a: Wyman Manderly|Stealth Rock|p1a: Chesnaught
|-sidestart|p1: DMT|move: Stealth Rock
|
|-heal|p1a: Chesnaught|303\/380|[from] item: Leftovers
|-heal|p2a: Wyman Manderly|420\/420|[from] item: Leftovers
|turn|18
|
|switch|p2a: Lord Varys|Crobat, M|186\/343
|move|p1a: Chesnaught|Leech Seed|p2a: Lord Varys
|-start|p2a: Lord Varys|move: Leech Seed
|
|-heal|p2a: Lord Varys|207\/343|[from] item: Black Sludge
|-heal|p1a: Chesnaught|326\/380|[from] item: Leftovers
|-damage|p2a: Lord Varys|165\/343|[from] Leech Seed|[of] p1a: Chesnaught
|-heal|p1a: Chesnaught|368\/380|[silent]
|turn|19
|
|switch|p1a: Raikou|Raikou|289\/321
|-damage|p1a: Raikou|249\/321|[from] Stealth Rock
|-ability|p1a: Raikou|Pressure
|move|p2a: Lord Varys|Roost|p2a: Lord Varys
|-heal|p2a: Lord Varys|337\/343
|
|-heal|p2a: Lord Varys|343\/343|[from] item: Black Sludge
|-heal|p1a: Raikou|269\/321|[from] item: Leftovers
|-damage|p2a: Lord Varys|301\/343|[from] Leech Seed|[of] p1a: Raikou
|-heal|p1a: Raikou|311\/321|[silent]
|turn|20
|
|switch|p1a: Forretress|Forretress, M|354\/354
|-damage|p1a: Forretress|310\/354|[from] Stealth Rock
|move|p2a: Lord Varys|Toxic|p1a: Forretress
|-fail|p1a: Forretress
|
|-heal|p2a: Lord Varys|322\/343|[from] item: Black Sludge
|-heal|p1a: Forretress|332\/354|[from] item: Leftovers
|-damage|p2a: Lord Varys|280\/343|[from] Leech Seed|[of] p1a: Forretress
|-heal|p1a: Forretress|354\/354|[silent]
|turn|21
|c|âDMT|rused!
|c|âDad's Dad|fkn
|c|âDad's Dad|rekt
|c|âDMT|r-e-d red!
|
|move|p2a: Lord Varys|Defog|p1a: Forretress
|-unboost|p1a: Forretress|evasion|1
|-sideend|p1: DMT|Stealth Rock|[from] move: Defog|[of] p1a: Forretress
|-sideend|p2: Dad's Dad|Spikes|[from] move: Defog|[of] p2a: Lord Varys
|move|p1a: Forretress|Gyro Ball|p2a: Lord Varys
|-damage|p2a: Lord Varys|117\/343
|
|-heal|p2a: Lord Varys|138\/343|[from] item: Black Sludge
|-damage|p2a: Lord Varys|96\/343|[from] Leech Seed|[of] p1a: Forretress
|turn|22
|leave|Donnavan
|
|switch|p2a: Daenerys Targaryen|Ampharos-Mega, F|285\/369
|-ability|p2a: Daenerys Targaryen|Mold Breaker
|move|p1a: Forretress|Stealth Rock|p2a: Daenerys Targaryen
|-sidestart|p2: Dad's Dad|move: Stealth Rock
|
|turn|23
|
|move|p2a: Daenerys Targaryen|Heal Bell|p2a: Daenerys Targaryen
|-cureteam|p2a: Daenerys Targaryen|[from] move: HealBell
|move|p1a: Forretress|Volt Switch|p2a: Daenerys Targaryen
|-resisted|p2a: Daenerys Targaryen
|-damage|p2a: Daenerys Targaryen|277\/369
|c|âDMT|o
|c|âDMT|lame!
|c|âDad's Dad|nice 8 damage lol
|c|âDMT|thanks hehehe
|
|switch|p1a: Raikou|Raikou|311\/321
|-ability|p1a: Raikou|Pressure
|
|-heal|p1a: Raikou|321\/321|[from] item: Leftovers
|turn|24
|
|move|p1a: Raikou|Hidden Power|p2a: Daenerys Targaryen
|-supereffective|p2a: Daenerys Targaryen
|-damage|p2a: Daenerys Targaryen|149\/369
|move|p2a: Daenerys Targaryen|Dragon Pulse|p1a: Raikou
|-damage|p1a: Raikou|138\/321
|
|-heal|p1a: Raikou|158\/321|[from] item: Leftovers
|turn|25
|c|âDMT|ow
|
|move|p1a: Raikou|Calm Mind|p1a: Raikou
|-boost|p1a: Raikou|spa|1
|-boost|p1a: Raikou|spd|1
|move|p2a: Daenerys Targaryen|Dragon Pulse|p1a: Raikou
|-crit|p1a: Raikou
|-damage|p1a: Raikou|0 fnt
|faint|p1a: Raikou
|
|c|âDMT|ow
|c|âDad's Dad|lol
|c|âDMT|well played :P
|c| Stoned M&M|rip
|c|âDad's Dad|i trained in the mountains of kenya
|c|âDad's Dad|i crit whenever i want
|c|âDMT|oh fuck!
|
|switch|p1a: Chesnaught|Chesnaught, F|368\/380
|turn|26
|
|move|p1a: Chesnaught|Spikes|p2a: Daenerys Targaryen
|-sidestart|p2: Dad's Dad|Spikes
|move|p2a: Daenerys Targaryen|Volt Switch|p1a: Chesnaught
|-resisted|p1a: Chesnaught
|-damage|p1a: Chesnaught|298\/380
|
|switch|p2a: Lord Varys|Crobat, M|96\/343
|-damage|p2a: Lord Varys|11\/343|[from] Stealth Rock
|
|-heal|p2a: Lord Varys|32\/343|[from] item: Black Sludge
|-heal|p1a: Chesnaught|321\/380|[from] item: Leftovers
|turn|27
|
|move|p2a: Lord Varys|Roost|p2a: Lord Varys
|-heal|p2a: Lord Varys|204\/343
|move|p1a: Chesnaught|Leech Seed|p2a: Lord Varys|[miss]
|-miss|p1a: Chesnaught|p2a: Lord Varys
|
|-heal|p2a: Lord Varys|225\/343|[from] item: Black Sludge
|-heal|p1a: Chesnaught|344\/380|[from] item: Leftovers
|turn|28
|c|âDad's Dad|lol
|c|âDMT|fyckign!
|
|move|p2a: Lord Varys|Defog|p1a: Chesnaught
|-unboost|p1a: Chesnaught|evasion|1
|-sideend|p2: Dad's Dad|Spikes|[from] move: Defog|[of] p2a: Lord Varys
|-sideend|p2: Dad's Dad|Stealth Rock|[from] move: Defog|[of] p2a: Lord Varys
|move|p1a: Chesnaught|Leech Seed|p2a: Lord Varys
|-start|p2a: Lord Varys|move: Leech Seed
|
|-heal|p2a: Lord Varys|246\/343|[from] item: Black Sludge
|-heal|p1a: Chesnaught|367\/380|[from] item: Leftovers
|-damage|p2a: Lord Varys|204\/343|[from] Leech Seed|[of] p1a: Chesnaught
|-heal|p1a: Chesnaught|380\/380|[silent]
|turn|29
|c|âDad's Dad|did you know the largest penis in the world si 13.5 inches?
|
|move|p2a: Lord Varys|Roost|p2a: Lord Varys
|-heal|p2a: Lord Varys|343\/343
|move|p1a: Chesnaught|Spikes|p2a: Lord Varys
|-sidestart|p2: Dad's Dad|Spikes
|
|-damage|p2a: Lord Varys|301\/343|[from] Leech Seed|[of] p1a: Chesnaught
|turn|30
|
|move|p1a: Chesnaught|Spiky Shield|p1a: Chesnaught
|-singleturn|p1a: Chesnaught|move: Protect
|move|p2a: Lord Varys|Defog|p1a: Chesnaught
|-activate|p1a: Chesnaught|move: Protect
|
|-heal|p2a: Lord Varys|322\/343|[from] item: Black Sludge
|-damage|p2a: Lord Varys|280\/343|[from] Leech Seed|[of] p1a: Chesnaught
|turn|31
|
|switch|p1a: Forretress|Forretress, M|354\/354
|move|p2a: Lord Varys|Defog|p1a: Forretress
|-unboost|p1a: Forretress|evasion|1
|-sideend|p2: Dad's Dad|Spikes|[from] move: Defog|[of] p2a: Lord Varys
|
|-heal|p2a: Lord Varys|301\/343|[from] item: Black Sludge
|-damage|p2a: Lord Varys|259\/343|[from] Leech Seed|[of] p1a: Forretress
|turn|32
|
|switch|p2a: Tyrion Lannister|Jirachi, shiny|341\/341
|move|p1a: Forretress|Stealth Rock|p2a: Tyrion Lannister
|-sidestart|p2: Dad's Dad|move: Stealth Rock
|
|turn|33
|
|move|p2a: Tyrion Lannister|Calm Mind|p2a: Tyrion Lannister
|-boost|p2a: Tyrion Lannister|spa|1
|-boost|p2a: Tyrion Lannister|spd|1
|move|p1a: Forretress|Volt Switch|p2a: Tyrion Lannister
|-damage|p2a: Tyrion Lannister|316\/341
|c|âDad's Dad|fk u
|c|âDMT|rip me
|c|âDad's Dad|dont sacred fire
|
|switch|p1a: Entei|Entei, shiny|244\/371
|-ability|p1a: Entei|Pressure
|
|-heal|p2a: Tyrion Lannister|337\/341|[from] item: Leftovers
|turn|34
|c|âDMT|wait are you
|c|âDMT|slow?
|c|âDMT|can you be slow?
|c|âDad's Dad|yeah i have no speed whatsoever
|c|âDMT|oh cool!
|c|âDMT|go to crobat duck that thing
|c| BenzMafia|he's rusing you dmt
|c|âDMT|is he though?!
|c|âDad's Dad|+1 252 SpA Jirachi Psyshock vs. 0 HP \/ 4 Def Entei: 186-220 (50.1 - 100%) -- guaranteed 2HKO
|c|âDad's Dad|i'd switch out imo
|c|âDMT|oh fuck!
|c|âDMT|100%
|
|switch|p2a: Wyman Manderly|Hippowdon, M|420\/420
|-damage|p2a: Wyman Manderly|394\/420|[from] Stealth Rock
|move|p1a: Entei|Sacred Fire|p2a: Wyman Manderly
|-damage|p2a: Wyman Manderly|207\/420
|-status|p2a: Wyman Manderly|brn
|
|-heal|p2a: Wyman Manderly|233\/420 brn|[from] item: Leftovers
|-damage|p2a: Wyman Manderly|181\/420 brn|[from] brn
|turn|35
|c|âDad's Dad|lol
|c|âDMT|bill2daminmax
|
|move|p1a: Entei|Sacred Fire|p2a: Wyman Manderly
|-damage|p2a: Wyman Manderly|0 fnt
|faint|p2a: Wyman Manderly
|
|c|âDMT|eze
|
|switch|p2a: Jaime Lannister|Mienshao, M|271\/271
|-damage|p2a: Jaime Lannister|255\/271|[from] Stealth Rock
|turn|36
|c|âDad's Dad|what are rocks
|c|âDMT|idk wat r rox?
|
|switch|p1a: Crobat|Crobat, M|311\/311
|move|p2a: Jaime Lannister|High Jump Kick|p1a: Crobat
|-resisted|p1a: Crobat
|-damage|p1a: Crobat|226\/311
|
|-heal|p1a: Crobat|245\/311|[from] item: Black Sludge
|turn|37
|
|switch|p2a: Tyrion Lannister|Jirachi, shiny|337\/341
|-damage|p2a: Tyrion Lannister|316\/341|[from] Stealth Rock
|switch|p1a: Chesnaught|Chesnaught, F|380\/380
|
|-heal|p2a: Tyrion Lannister|337\/341|[from] item: Leftovers
|turn|38
|c|âDMT|oops
|c|âDad's Dad|lol nice play fag
|c|âDMT|thanks xP
|
|move|p2a: Tyrion Lannister|Psyshock|p1a: Chesnaught
|-supereffective|p1a: Chesnaught
|-damage|p1a: Chesnaught|170\/380
|move|p1a: Chesnaught|Drain Punch|p2a: Tyrion Lannister
|-damage|p2a: Tyrion Lannister|241\/341
|-heal|p1a: Chesnaught|218\/380|[from] drain|[of] p2a: Tyrion Lannister
|
|-heal|p2a: Tyrion Lannister|262\/341|[from] item: Leftovers
|-heal|p1a: Chesnaught|241\/380|[from] item: Leftovers
|turn|39
|c|âDad's Dad|jk it was a shit play
|c|âDMT|it wasn't a very good one in hindsight!
|
|move|p2a: Tyrion Lannister|Calm Mind|p2a: Tyrion Lannister
|-boost|p2a: Tyrion Lannister|spa|1
|-boost|p2a: Tyrion Lannister|spd|1
|move|p1a: Chesnaught|Leech Seed|p2a: Tyrion Lannister
|-start|p2a: Tyrion Lannister|move: Leech Seed
|
|-heal|p2a: Tyrion Lannister|283\/341|[from] item: Leftovers
|-heal|p1a: Chesnaught|264\/380|[from] item: Leftovers
|-damage|p2a: Tyrion Lannister|241\/341|[from] Leech Seed|[of] p1a: Chesnaught
|-heal|p1a: Chesnaught|306\/380|[silent]
|turn|40
|c|âDMT|haha!
|c|âDMT|gotem!
|c|âDad's Dad|wao u rused me
|c|âDMT|\/me makes plays like master shofu!
|c|âDad's Dad|kek
|
|move|p2a: Tyrion Lannister|Psyshock|p1a: Chesnaught
|-supereffective|p1a: Chesnaught
|-damage|p1a: Chesnaught|0 fnt
|faint|p1a: Chesnaught
|
|-heal|p2a: Tyrion Lannister|262\/341|[from] item: Leftovers
|c|âDad's Dad|the counter
|c|âDMT|o
|c|âDMT|w
|c|âDMT|ow
|
|switch|p1a: Suicune|Suicune|403\/403
|-ability|p1a: Suicune|Pressure
|turn|41
|c|âDad's Dad|just sack ur entei
|c|âDMT|ok
|
|move|p2a: Tyrion Lannister|Calm Mind|p2a: Tyrion Lannister
|-boost|p2a: Tyrion Lannister|spa|1
|-boost|p2a: Tyrion Lannister|spd|1
|move|p1a: Suicune|Calm Mind|p1a: Suicune
|-boost|p1a: Suicune|spa|1
|-boost|p1a: Suicune|spd|1
|
|-heal|p2a: Tyrion Lannister|283\/341|[from] item: Leftovers
|-damage|p2a: Tyrion Lannister|241\/341|[from] Leech Seed|[of] p1a: Suicune
|turn|42
|c|âDad's Dad|plz ty
|
|move|p2a: Tyrion Lannister|Calm Mind|p2a: Tyrion Lannister
|-boost|p2a: Tyrion Lannister|spa|1
|-boost|p2a: Tyrion Lannister|spd|1
|move|p1a: Suicune|Scald|p2a: Tyrion Lannister
|-crit|p2a: Tyrion Lannister
|-damage|p2a: Tyrion Lannister|42\/341
|
|-heal|p2a: Tyrion Lannister|63\/341|[from] item: Leftovers
|-damage|p2a: Tyrion Lannister|21\/341|[from] Leech Seed|[of] p1a: Suicune
|turn|43
|c|âDad's Dad|i win this war lol
|join|C-glehawk
|c|âDMT|oops
|c|âDad's Dad|and also vaporeon
|c|âDMT|missclick
|c|âDad's Dad|o well
|c| Stoned M&M|wheres the burn
|c|âDMT|this thing wasn't doing anything anyway
|
|switch|p2a: Catelyn Tully|Vaporeon, F|266\/449
|-damage|p2a: Catelyn Tully|210\/449|[from] Stealth Rock
|switch|p1a: Forretress|Forretress, M|354\/354
|
|-heal|p2a: Catelyn Tully|238\/449|[from] item: Leftovers
|turn|44
|c|âDMT|and ya really!
|c|âDad's Dad|up ur moms ass
|c| C-glehawk|I flipped a coin, and it said that DMT will lose
|c|âDad's Dad|and around the corner
|
|move|p2a: Catelyn Tully|Wish|p2a: Catelyn Tully
|move|p1a: Forretress|Volt Switch|p2a: Catelyn Tully
|-supereffective|p2a: Catelyn Tully
|-damage|p2a: Catelyn Tully|174\/449
|c| Stoned M&M|o okay
|c|âDMT|hahah xP
|c| C-glehawk|DMT
|c| C-glehawk|did you know
|c|âDMT|what!
|c|âDMT|no!
|
|switch|p1a: Crobat|Crobat, M|245\/311
|
|-heal|p1a: Crobat|264\/311|[from] item: Black Sludge
|-heal|p2a: Catelyn Tully|202\/449|[from] item: Leftovers
|turn|45
|c|âDMT|I didn't!
|join|ampd302
|c| C-glehawk|that 50% of firebot love your porridge DMT
|c|âDMT|i have no idea
|c|âDMT|what you are going on about!
|
|switch|p2a: Daenerys Targaryen|Ampharos-Mega, F|149\/369
|-damage|p2a: Daenerys Targaryen|103\/369|[from] Stealth Rock
|-ability|p2a: Daenerys Targaryen|Mold Breaker
|move|p1a: Crobat|Toxic|p2a: Daenerys Targaryen
|-status|p2a: Daenerys Targaryen|tox
|
|-heal|p2a: Daenerys Targaryen|327\/369 tox|[from] move: Wish|[wisher] Catelyn Tully
|-heal|p1a: Crobat|283\/311|[from] item: Black Sludge
|-damage|p2a: Daenerys Targaryen|304\/369 tox|[from] psn
|turn|46
|c|âDMT|aboot*
|c|âDad's Dad|lmoa
|c|âDad's Dad|rekt
|c|âDad's Dad|ok you have nice switch ins
|c|âDMT|ya i hae
|c|âDMT|hcesntough
|c| C-glehawk|http:\/\/www.smogon.com\/forums\/threads\/how-good-is-this-porridge.3524949\/
|
|switch|p1a: Forretress|Forretress, M|354\/354
|move|p2a: Daenerys Targaryen|Thunderbolt|p1a: Forretress
|-damage|p1a: Forretress|35\/354
|-status|p1a: Forretress|par
|
|-heal|p1a: Forretress|57\/354 par|[from] item: Leftovers
|-damage|p2a: Daenerys Targaryen|258\/369 tox|[from] psn
|turn|47
|c|âDad's Dad|lol
|c| Stoned M&M|rip
|c|âDad's Dad|para here
|c| BenzMafia|and the much needed para
|c|âDad's Dad|>much needed
|c| BenzMafia|damn i'm slow
|c|âDMT|fuckign
|c|âDMT|fwo
|
|move|p2a: Daenerys Targaryen|Heal Bell|p2a: Daenerys Targaryen
|-cureteam|p2a: Daenerys Targaryen|[from] move: HealBell
|cant|p1a: Forretress|par
|
|-heal|p1a: Forretress|79\/354 par|[from] item: Leftovers
|turn|48
|c|âDad's Dad|lmoa
|c|âDMT|nice one!
|c|âDad's Dad|not hax called
|c|âDMT|fucktard!
|
|move|p2a: Daenerys Targaryen|Thunderbolt|p1a: Forretress
|-damage|p1a: Forretress|0 fnt
|faint|p1a: Forretress
|
|c|âDad's Dad|why u mad tho :)
|
|switch|p1a: Entei|Entei, shiny|244\/371
|-ability|p1a: Entei|Pressure
|turn|49
|c|âDMT|cukc you
|c|âDMT|fuck you
|c|âDMT|sorry
|c|âDMT|fuck you
|c|âDad's Dad|lol
|c|âDad's Dad|ur so canadian
|
|move|p1a: Entei|Stone Edge|p2a: Daenerys Targaryen|[miss]
|-miss|p1a: Entei|p2a: Daenerys Targaryen
|move|p2a: Daenerys Targaryen|Thunderbolt|p1a: Entei
|-damage|p1a: Entei|0 fnt
|faint|p1a: Entei
|
|c|âDMT|fucking you raccist shit
|c|âDad's Dad|kek
|
|switch|p1a: Suicune|Suicune|403\/403
|-ability|p1a: Suicune|Pressure
|turn|50
|c|âDMT|this game is worse shit
|
|move|p1a: Suicune|Ice Beam|p2a: Daenerys Targaryen
|-supereffective|p2a: Daenerys Targaryen
|-damage|p2a: Daenerys Targaryen|136\/369
|-status|p2a: Daenerys Targaryen|frz
|cant|p2a: Daenerys Targaryen|frz
|
|turn|51
|c|âDad's Dad|i told u
|c|âDMT|easy
|c|âDad's Dad|i trained in the mountains of kenya
|c|âDMT|sorry what
|c|âDMT|can t hear oyu
|c|âDad's Dad|lol fk
|c|âDMT|over canada ice freeze
|c|âDMT|40 below
|
|move|p1a: Suicune|Calm Mind|p1a: Suicune
|-boost|p1a: Suicune|spa|1
|-boost|p1a: Suicune|spd|1
|cant|p2a: Daenerys Targaryen|frz
|
|turn|52
|c|âDad's Dad|u fk
|
|move|p1a: Suicune|Ice Beam|p2a: Daenerys Targaryen
|-supereffective|p2a: Daenerys Targaryen
|-damage|p2a: Daenerys Targaryen|0 fnt
|faint|p2a: Daenerys Targaryen
|
|
|switch|p2a: Catelyn Tully|Vaporeon, F|202\/449
|-damage|p2a: Catelyn Tully|146\/449|[from] Stealth Rock
|turn|53
|
|move|p1a: Suicune|Calm Mind|p1a: Suicune
|-boost|p1a: Suicune|spa|1
|-boost|p1a: Suicune|spd|1
|move|p2a: Catelyn Tully|Wish|p2a: Catelyn Tully
|
|-heal|p2a: Catelyn Tully|174\/449|[from] item: Leftovers
|turn|54
|c|âDad's Dad|dmt do u like phallus'?
|c|âDMT|ya
|c|âDMT|why
|
|move|p1a: Suicune|Scald|p2a: Catelyn Tully
|-heal|p2a: Catelyn Tully|286\/449|[from] ability: Water Absorb|[of] p1a: Suicune
|move|p2a: Catelyn Tully|Roar|p1a: Suicune
|drag|p1a: Crobat|Crobat, M|283\/311
|
|-heal|p2a: Catelyn Tully|449\/449|[from] move: Wish|[wisher] Catelyn Tully
|-heal|p1a: Crobat|302\/311|[from] item: Black Sludge
|turn|55
|c|âDad's Dad|lol
|c|âDad's Dad|gay af
|c|âDMT|what the fuck
|c|âDMT|are you doing with your time
|
|move|p1a: Crobat|Taunt|p2a: Catelyn Tully
|-start|p2a: Catelyn Tully|move: Taunt
|cant|p2a: Catelyn Tully|move: Taunt|Wish
|
|-heal|p1a: Crobat|311\/311|[from] item: Black Sludge
|turn|56
|c|âDad's Dad|sucking dick
|c|âDMT|ur so gay haha
|c|âDad's Dad|haha
|
|move|p1a: Crobat|Toxic|p2a: Catelyn Tully
|-status|p2a: Catelyn Tully|tox
|move|p2a: Catelyn Tully|Scald|p1a: Crobat
|-crit|p1a: Crobat
|-damage|p1a: Crobat|128\/311
|
|-heal|p1a: Crobat|147\/311|[from] item: Black Sludge
|-damage|p2a: Catelyn Tully|421\/449 tox|[from] psn
|turn|57
|c|âDad's Dad|huehue
|c|âDad's Dad|kekek
|c|âDMT|fuckign
|c|âDMT|stop it please
|c|âDad's Dad|not hax
|c|âDad's Dad|u shit
|c|âDMT|your not hax
|c|âDMT|u fukin ill chank you
|c|âDad's Dad|ik
|
|switch|p1a: Suicune|Suicune|403\/403
|-ability|p1a: Suicune|Pressure
|switch|p2a: Jaime Lannister|Mienshao, M|255\/271
|-damage|p2a: Jaime Lannister|239\/271|[from] Stealth Rock
|
|turn|58
|c|âDMT|i have os many subscribers we'll team up and kill you
|c|âDad's Dad|ur team is so shit dmt lol
|
|switch|p1a: Crobat|Crobat, M|147\/311
|move|p2a: Jaime Lannister|High Jump Kick|p1a: Crobat
|-resisted|p1a: Crobat
|-damage|p1a: Crobat|68\/311
|
|-heal|p1a: Crobat|87\/311|[from] item: Black Sludge
|turn|59
|c|âDMT|ur so bad stfu!
|c|âDad's Dad|lol
|
|move|p2a: Jaime Lannister|High Jump Kick|p1a: Crobat
|-resisted|p1a: Crobat
|-damage|p1a: Crobat|5\/311
|move|p1a: Crobat|Roost|p1a: Crobat
|-heal|p1a: Crobat|161\/311
|
|-heal|p1a: Crobat|180\/311|[from] item: Black Sludge
|turn|60
|c|âDad's Dad|nice crit
|c|âDad's Dad|wtf
|c|âDMT|not even critting
|c|âDMT|smfg!
|c| C-glehawk|I was right.
|c|âDMT|shake my fukcing dog!
|c| C-glehawk|DMT will lose.
|c|âDMT|__DMT will lose__
|
|move|p2a: Jaime Lannister|High Jump Kick|p1a: Crobat
|-resisted|p1a: Crobat
|-damage|p1a: Crobat|93\/311
|move|p1a: Crobat|Brave Bird|p2a: Jaime Lannister
|-supereffective|p2a: Jaime Lannister
|-damage|p2a: Jaime Lannister|0 fnt
|-damage|p1a: Crobat|14\/311|[from] recoil|[of] p2a: Jaime Lannister
|faint|p2a: Jaime Lannister
|
|-heal|p1a: Crobat|33\/311|[from] item: Black Sludge
|c|âDMT|__has a crocune__
|c|âDad's Dad|lol dmt critted my jirachi
|c|âDad's Dad|fkn fuck
|join|bob the feng
|c|âDMT|hahaha u fuk
|
|switch|p2a: Lord Varys|Crobat, M|259\/343
|-damage|p2a: Lord Varys|174\/343|[from] Stealth Rock
|turn|61
|c|âDad's Dad|ur a fuk
|c|âDMT|nice speed tie
|c|âDad's Dad|that hax wins u game
|c| C-glehawk|spoiler: It's NP Crobat with Giga Drain
|c|âDMT|poopyhead
|c|âDad's Dad|w0t speed tie
|c|âDad's Dad|u shit
|
|move|p1a: Crobat|Brave Bird|p2a: Lord Varys
|-damage|p2a: Lord Varys|0 fnt
|-damage|p1a: Crobat|0 fnt|[from] recoil|[of] p2a: Lord Varys
|faint|p2a: Lord Varys
|faint|p1a: Crobat
|
|c|âDMT|hahaha
|c|âDMT|a
|
|switch|p2a: Tyrion Lannister|Jirachi, shiny|21\/341
|switch|p1a: Suicune|Suicune|403\/403
|-damage|p2a: Tyrion Lannister|0 fnt|[from] Stealth Rock
|faint|p2a: Tyrion Lannister
|-ability|p1a: Suicune|Pressure
|c|âDad's Dad|lol u haxing meanie
|c|âDad's Dad|smfg
|c|âDad's Dad|smfh*
|c|âDMT|wtf how did you die
|
|switch|p2a: Catelyn Tully|Vaporeon, F|421\/449 tox
|-damage|p2a: Catelyn Tully|365\/449 tox|[from] Stealth Rock
|turn|62
|c|âDMT|hahahahehehehehhuehuehuehue
|c|âDad's Dad|idk hax
|c|âDMT|brb while upload
|c| C-glehawk|He used splash
|c|âDad's Dad|lmoa
|
|move|p1a: Suicune|Calm Mind|p1a: Suicune
|-boost|p1a: Suicune|spa|1
|-boost|p1a: Suicune|spd|1
|move|p2a: Catelyn Tully|Wish|p2a: Catelyn Tully
|
|-heal|p2a: Catelyn Tully|393\/449 tox|[from] item: Leftovers
|-damage|p2a: Catelyn Tully|365\/449 tox|[from] psn
|turn|63
|leave|ampd302
|c|âDad's Dad|hi utube!!!!!!!!!!!!!!
|c| C-glehawk|Who the fuck is Catelyn tully
|c| C-glehawk|Oh
|c|âDMT|idklol
|
|move|p1a: Suicune|Calm Mind|p1a: Suicune
|-boost|p1a: Suicune|spa|1
|-boost|p1a: Suicune|spd|1
|move|p2a: Catelyn Tully|Scald|p1a: Suicune
|-resisted|p1a: Suicune
|-damage|p1a: Suicune|379\/403
|
|-heal|p2a: Catelyn Tully|449\/449 tox|[from] move: Wish|[wisher] Catelyn Tully
|-damage|p2a: Catelyn Tully|393\/449 tox|[from] psn
|turn|64
|c|âDMT|ahahaha
|c|âDMT|hahahah
|c|âDMT|ahah
|c| C-glehawk|is this youtube?
|c|âDMT|a
|c|âDMT|hh
|c|âDMT|HAHAHA
|c|âDMT|HHAHAHAHAHA
|c|âDMT|AHHAHAHAHA
|c|âDMT|AHAHHAHAHAHAHHA
|c|âDMT|AHAHAHHAHAHAHAHA
|c|âDMT|\/me SHOFU
|c|âDMT|\/me SHOFU
|c|âDMT|\/me SHOFU
|c|âDMT|\/me SHOFU
|c|âDMT|\/me SHOFU
|c|âDMT|\/me dadsdad i love you!
|c| C-glehawk|**HI. THIS IS EAGLEHAWK. LOVE ME FOREVER.**
|c|âDad's Dad|awoiaf.westeros.org\/index.php\/Catelyn_Stark
|
|move|p1a: Suicune|Calm Mind|p1a: Suicune
|-boost|p1a: Suicune|spa|1
|-boost|p1a: Suicune|spd|1
|move|p2a: Catelyn Tully|Roar|p1a: Suicune
|-fail|p1a: Suicune
|
|-heal|p2a: Catelyn Tully|421\/449 tox|[from] item: Leftovers
|-damage|p2a: Catelyn Tully|337\/449 tox|[from] psn
|turn|65
|c|âDad's Dad|lol
|c| C-glehawk|**DMT > BLAMETRUTH**
|
|move|p1a: Suicune|Calm Mind|p1a: Suicune
|-boost|p1a: Suicune|spa|1
|-boost|p1a: Suicune|spd|1
|move|p2a: Catelyn Tully|Roar|p1a: Suicune
|-fail|p1a: Suicune
|
|-heal|p2a: Catelyn Tully|365\/449 tox|[from] item: Leftovers
|-damage|p2a: Catelyn Tully|253\/449 tox|[from] psn
|turn|66
|c| C-glehawk|This is scientifically proven.
|c|âDad's Dad|wtf why is roar not working
|c|âDad's Dad|u fkn haxor
|
|move|p1a: Suicune|Calm Mind|p1a: Suicune
|-boost|p1a: Suicune|spa|1
|-boost|p1a: Suicune|spd|1
|move|p2a: Catelyn Tully|Roar|p1a: Suicune
|-fail|p1a: Suicune
|
|-heal|p2a: Catelyn Tully|281\/449 tox|[from] item: Leftovers
|-damage|p2a: Catelyn Tully|141\/449 tox|[from] psn
|turn|67
|c| C-glehawk|scald him to death
|c| C-glehawk|plz
|
|move|p1a: Suicune|Rest|p1a: Suicune
|-status|p1a: Suicune|slp
|-heal|p1a: Suicune|403\/403 slp|[silent]
|-status|p1a: Suicune|slp|[from] move: Rest
|-enditem|p1a: Suicune|Chesto Berry|[eat]
|-curestatus|p1a: Suicune|slp
|move|p2a: Catelyn Tully|Roar|p1a: Suicune
|-fail|p1a: Suicune
|
|-heal|p2a: Catelyn Tully|169\/449 tox|[from] item: Leftovers
|-damage|p2a: Catelyn Tully|1\/449 tox|[from] psn
|turn|68
|c|âDad's Dad|i have 1 hp
|c|âDad's Dad|rad
|c|âDMT|oof
|
|move|p2a: Catelyn Tully|Protect|p2a: Catelyn Tully
|-singleturn|p2a: Catelyn Tully|Protect
|move|p1a: Suicune|Ice Beam|p2a: Catelyn Tully
|-activate|p2a: Catelyn Tully|Protect
|
|-heal|p2a: Catelyn Tully|29\/449 tox|[from] item: Leftovers
|-damage|p2a: Catelyn Tully|0 fnt|[from] psn
|faint|p2a: Catelyn Tully
|
|win|DMT
|c|âDMT|fuck!
|c|âDad's Dad|lol fk ur shit
|c|âDMT|bl dhf!
|c| C-glehawk|ohhhhhhhhhh
|c|âDad's Dad|lol fuck off
|c|âDMT|gunna stay
|c|âDad's Dad|cunt
|c| C-glehawk|gg
|c|âDMT|in this game
|leave|Stoned M&M
|c|âDad's Dad|ok
|c|âDMT|so everyone can see
|c|âDMT|hhahahahahhah
|c|âDMT|HAHAHAHAHAHHAAHHAHAHA
|c| C-glehawk|I was right.
|c|âDMT|\/me SHOFU
|c| C-glehawk|DMT will lose.
|leave|DMT
|c| C-glehawk|\/me **SHOFU**
|player|p1
|leave|C-glehawk