|join|DMT
|join|TheRealSheaShady
|player|p1|DMT|184
|player|p2|TheRealSheaShady|130
|gametype|singles
|gen|6
|tier|UU
|rated
|rule|Sleep Clause Mod: Limit one foe put to sleep
|rule|Species Clause: Limit one of each PokÃ©mon
|rule|OHKO Clause: OHKO moves are banned
|rule|Moody Clause: Moody is banned
|rule|Evasion Moves Clause: Evasion moves are banned
|rule|Endless Battle Clause: Forcing endless battles is banned
|rule|HP Percentage Mod: HP is shown in percentages
|clearpoke
|poke|p1|Entei, shiny
|poke|p1|Raikou
|poke|p1|Suicune
|poke|p1|Chesnaught, M
|poke|p1|Crobat, F
|poke|p1|Forretress, M
|poke|p2|Haxorus, M
|poke|p2|Darmanitan, M
|poke|p2|Florges, F
|poke|p2|Porygon2
|poke|p2|Starmie
|poke|p2|Absol, M
|rule|Swagger Clause: Swagger is banned
|rule|Baton Pass Clause: Limit one PokÃ©mon knowing Baton Pass
|teampreview
|join|newfren
|join|watfor
|join|PLOF
|join|trevor ellis
|c|âDMT|Â¯\_(ã)_\/Â¯
|c|âDMT|bl dhf
|
|start
|switch|p1a: Chesnaught|Chesnaught, M|380\/380
|switch|p2a: Darmanitan|Darmanitan, M|351\/351
|turn|1
|c|âTheRealSheaShady|<3
|c|âDMT|hardswitch to florges
|c|âDMT|I'm going for the sheild
|
|move|p1a: Chesnaught|Spiky Shield|p1a: Chesnaught
|-singleturn|p1a: Chesnaught|move: Protect
|move|p2a: Darmanitan|U-turn|p1a: Chesnaught
|-activate|p1a: Chesnaught|move: Protect
|-damage|p2a: Darmanitan|308\/351|[from] Spiky Shield|[of] p1a: Chesnaught
|
|turn|2
|
|switch|p1a: Suicune|Suicune|403\/403
|-ability|p1a: Suicune|Pressure
|move|p2a: Darmanitan|U-turn|p1a: Suicune
|-crit|p1a: Suicune
|-damage|p1a: Suicune|311\/403
|join|SadPierrot
|
|switch|p2a: Haxorus|Haxorus, M|293\/293
|-ability|p2a: Haxorus|Mold Breaker
|
|turn|3
|c| newfren|ibeam here dmt
|c|âDMT|lalala
|
|move|p2a: Haxorus|Dragon Dance|p2a: Haxorus
|-boost|p2a: Haxorus|atk|1
|-boost|p2a: Haxorus|spe|1
|move|p1a: Suicune|Ice Beam|p2a: Haxorus
|-supereffective|p2a: Haxorus
|-damage|p2a: Haxorus|117\/293
|-status|p2a: Haxorus|frz
|-enditem|p2a: Haxorus|Lum Berry|[eat]
|-curestatus|p2a: Haxorus|frz
|
|turn|4
|c|âDMT|ik
|c|âDMT|obviously
|c|âDMT|easy
|c| watfor|wow
|
|switch|p1a: Forretress|Forretress, M|354\/354
|move|p2a: Haxorus|Dragon Claw|p1a: Forretress
|-resisted|p1a: Forretress
|-damage|p1a: Forretress|283\/354
|
|-heal|p1a: Forretress|305\/354|[from] item: Leftovers
|turn|5
|c| watfor|skill
|c|âDMT|pwr
|c| newfren|ez freeze
|c|âDMT|ez freezy
|c|âDMT|we're all asshats btw shady
|c|âDMT|jsyk
|
|move|p2a: Haxorus|Earthquake|p1a: Forretress
|-damage|p1a: Forretress|194\/354
|move|p1a: Forretress|Stealth Rock|p2a: Haxorus
|-sidestart|p2: TheRealSheaShady|move: Stealth Rock
|
|-heal|p1a: Forretress|216\/354|[from] item: Leftovers
|turn|6
|c|âDMT|also that's pronounced
|c|âDMT|ass-hats
|c|âTheRealSheaShady|Trust me I know haha
|c|âDMT|oh cool
|
|move|p2a: Haxorus|Earthquake|p1a: Forretress
|-damage|p1a: Forretress|96\/354
|move|p1a: Forretress|Volt Switch|p2a: Haxorus
|-crit|p2a: Haxorus
|-resisted|p2a: Haxorus
|-damage|p2a: Haxorus|79\/293
|leave|watfor
|
|switch|p1a: Entei|Entei, shiny|371\/371
|-ability|p1a: Entei|Pressure
|
|turn|7
|c| newfren|fuck my chat is lagging so badly oml
|
|move|p1a: Entei|Extreme Speed|p2a: Haxorus
|-damage|p2a: Haxorus|0 fnt
|faint|p2a: Haxorus
|
|c|âDMT|lame
|c| newfren|like I can see what I'm typing in slow motion
|c|âDMT|lol
|
|switch|p2a: Porygon2|Porygon2|374\/374
|-damage|p2a: Porygon2|328\/374|[from] Stealth Rock
|-ability|p2a: Porygon2|Pressure|[from] ability: Trace|[of] p1a: Entei
|-ability|p2a: Porygon2|Pressure
|turn|8
|c|âDMT|are you running
|c|âDMT|windows 3
|c| newfren|n
|
|switch|p1a: Forretress|Forretress, M|96\/354
|move|p2a: Porygon2|Toxic|p1a: Forretress
|-fail|p1a: Forretress
|
|-heal|p1a: Forretress|118\/354|[from] item: Leftovers
|turn|9
|
|move|p2a: Porygon2|Tri Attack|p1a: Forretress
|-resisted|p1a: Forretress
|-damage|p1a: Forretress|51\/354
|move|p1a: Forretress|Volt Switch|p2a: Porygon2
|-damage|p2a: Porygon2|300\/374
|
|switch|p1a: Chesnaught|Chesnaught, M|380\/380
|
|turn|10
|join|watfor
|
|move|p1a: Chesnaught|Leech Seed|p2a: Porygon2
|-start|p2a: Porygon2|move: Leech Seed
|move|p2a: Porygon2|Toxic|p1a: Chesnaught|[miss]
|-miss|p2a: Porygon2|p1a: Chesnaught
|
|-damage|p2a: Porygon2|254\/374|[from] Leech Seed|[of] p1a: Chesnaught
|turn|11
|c|âDMT|dodge!
|c| SadPierrot|ez
|
|switch|p1a: Forretress|Forretress, M|51\/354
|move|p2a: Porygon2|Toxic|p1a: Forretress
|-fail|p1a: Forretress
|
|-heal|p1a: Forretress|73\/354|[from] item: Leftovers
|-damage|p2a: Porygon2|208\/374|[from] Leech Seed|[of] p1a: Forretress
|-heal|p1a: Forretress|119\/354|[silent]
|turn|12
|c| newfren|vista
|c| newfren|:[
|
|switch|p2a: Darmanitan|Darmanitan, M|308\/351
|-damage|p2a: Darmanitan|221\/351|[from] Stealth Rock
|move|p1a: Forretress|Volt Switch|p2a: Darmanitan
|-damage|p2a: Darmanitan|159\/351
|c|âDMT|aw
|
|switch|p1a: Entei|Entei, shiny|371\/371
|-ability|p1a: Entei|Pressure
|
|turn|13
|c| newfren|http:\/\/hastebin.com\/ibizujemuy.md
|c| newfren|dmt
|c| newfren|use
|c|âTheRealSheaShady|I really shouldn't be playing pokemon at 5am lol
|
|switch|p2a: Porygon2|Porygon2|208\/374
|-damage|p2a: Porygon2|162\/374|[from] Stealth Rock
|-ability|p2a: Porygon2|Pressure|[from] ability: Trace|[of] p1a: Entei
|-ability|p2a: Porygon2|Pressure
|move|p1a: Entei|Extreme Speed|p2a: Porygon2
|-damage|p2a: Porygon2|92\/374
|
|turn|14
|
|switch|p1a: Chesnaught|Chesnaught, M|380\/380
|move|p2a: Porygon2|Recover|p2a: Porygon2
|-heal|p2a: Porygon2|279\/374
|
|turn|15
|join|Colbrushie
|c| newfren|therealsheashady
|
|move|p1a: Chesnaught|Drain Punch|p2a: Porygon2
|-supereffective|p2a: Porygon2
|-damage|p2a: Porygon2|171\/374
|move|p2a: Porygon2|Tri Attack|p1a: Chesnaught
|-damage|p1a: Chesnaught|301\/380
|
|-heal|p1a: Chesnaught|324\/380|[from] item: Leftovers
|turn|16
|c|âDMT|that did nothing
|c| Colbrushie|no
|
|switch|p1a: Forretress|Forretress, M|119\/354
|move|p2a: Porygon2|Toxic|p1a: Forretress
|-fail|p1a: Forretress
|
|-heal|p1a: Forretress|141\/354|[from] item: Leftovers
|turn|17
|
|move|p2a: Porygon2|Recover|p2a: Porygon2
|-heal|p2a: Porygon2|358\/374
|move|p1a: Forretress|Volt Switch|p2a: Porygon2
|-damage|p2a: Porygon2|332\/374
|c| Colbrushie|i'm pretty sure it laughed a bit
|
|switch|p1a: Crobat|Crobat, F|311\/311
|
|turn|18
|c| Colbrushie|from how much that tickled
|
|move|p1a: Crobat|Toxic|p2a: Porygon2
|-status|p2a: Porygon2|tox
|move|p2a: Porygon2|Thunderbolt|p1a: Crobat
|-crit|p1a: Crobat
|-supereffective|p1a: Crobat
|-damage|p1a: Crobat|67\/311
|-status|p1a: Crobat|par
|
|-heal|p1a: Crobat|86\/311 par|[from] item: Black Sludge
|-damage|p2a: Porygon2|309\/374 tox|[from] psn
|turn|19
|c|âDMT|ow
|c| Colbrushie|easy
|c| Colbrushie|immo
|c| watfor|crit para
|c| watfor|ez
|c| newfren|use
|
|move|p2a: Porygon2|Tri Attack|p1a: Crobat
|-crit|p1a: Crobat
|-damage|p1a: Crobat|0 fnt
|faint|p1a: Crobat
|
|-damage|p2a: Porygon2|263\/374 tox|[from] psn
|c|âDMT|was also best play
|
|switch|p1a: Raikou|Raikou|321\/321
|-ability|p1a: Raikou|Pressure
|turn|20
|c|âTheRealSheaShady|Double crit whoop
|c| SadPierrot|it was
|c|âDMT|was only play to make
|
|switch|p2a: Florges|Florges, F|360\/360
|-damage|p2a: Florges|315\/360|[from] Stealth Rock
|move|p1a: Raikou|Substitute|p1a: Raikou
|-start|p1a: Raikou|Substitute
|-damage|p1a: Raikou|241\/321
|
|-heal|p1a: Raikou|261\/321|[from] item: Leftovers
|-heal|p2a: Florges|337\/360|[from] item: Leftovers
|turn|21
|c|âDMT|in?
|
|move|p1a: Raikou|Calm Mind|p1a: Raikou
|-boost|p1a: Raikou|spa|1
|-boost|p1a: Raikou|spd|1
|move|p2a: Florges|Aromatherapy|p2a: Florges
|-cureteam|p2a: Florges|[from] move: Aromatherapy
|
|-heal|p1a: Raikou|281\/321|[from] item: Leftovers
|-heal|p2a: Florges|359\/360|[from] item: Leftovers
|turn|22
|join|Bob the Bro
|
|move|p1a: Raikou|Calm Mind|p1a: Raikou
|-boost|p1a: Raikou|spa|1
|-boost|p1a: Raikou|spd|1
|move|p2a: Florges|Moonblast|p1a: Raikou
|-activate|p1a: Raikou|Substitute|[damage]
|
|-heal|p1a: Raikou|301\/321|[from] item: Leftovers
|-heal|p2a: Florges|360\/360|[from] item: Leftovers
|turn|23
|c| watfor|unless
|c| watfor|CM
|c| watfor|florg
|c| watfor|imo
|c|âDMT|lel
|
|move|p1a: Raikou|Calm Mind|p1a: Raikou
|-boost|p1a: Raikou|spa|1
|-boost|p1a: Raikou|spd|1
|move|p2a: Florges|Moonblast|p1a: Raikou
|-end|p1a: Raikou|Substitute
|
|-heal|p1a: Raikou|321\/321|[from] item: Leftovers
|turn|24
|c|âTheRealSheaShady|Crokou-n?
|c|âDMT|ya
|c|âTheRealSheaShady|New meta?
|
|move|p1a: Raikou|Substitute|p1a: Raikou
|-start|p1a: Raikou|Substitute
|-damage|p1a: Raikou|241\/321
|move|p2a: Florges|Wish|p2a: Florges
|
|-heal|p1a: Raikou|261\/321|[from] item: Leftovers
|turn|25
|c| Bob the Bro|ya
|c|âDMT|ya
|
|move|p1a: Raikou|Calm Mind|p1a: Raikou
|-boost|p1a: Raikou|spa|1
|-boost|p1a: Raikou|spd|1
|move|p2a: Florges|Moonblast|p1a: Raikou
|-activate|p1a: Raikou|Substitute|[damage]
|
|-heal|p1a: Raikou|281\/321|[from] item: Leftovers
|turn|26
|c|âTheRealSheaShady|Imma get on this train
|
|move|p1a: Raikou|Calm Mind|p1a: Raikou
|-boost|p1a: Raikou|spa|1
|-boost|p1a: Raikou|spd|1
|move|p2a: Florges|Moonblast|p1a: Raikou
|-activate|p1a: Raikou|Substitute|[damage]
|
|-heal|p1a: Raikou|301\/321|[from] item: Leftovers
|turn|27
|c|âDMT|wooooooooooooooooow
|c|âDMT|weeeeeeeeeeew
|c|âDMT|eweweweweweeeeeeew
|
|move|p1a: Raikou|Calm Mind|p1a: Raikou
|-boost|p1a: Raikou|spa|1
|-boost|p1a: Raikou|spd|1
|move|p2a: Florges|Moonblast|p1a: Raikou
|-end|p1a: Raikou|Substitute
|
|-heal|p1a: Raikou|321\/321|[from] item: Leftovers
|turn|28
|c| Bob the Bro|you should probably stop letting it set up
|c| newfren|just imagine my senteences are all coming out one after the other
|c| newfren|really quickly
|c|âDMT|this one time
|c|âTheRealSheaShady|But it's so cute and calm
|c| newfren|so that it makes sense
|c|âDMT|I tried to setup on a burnt mega absol
|c|âDMT|with sceptile
|c|âDMT|and I mega'd
|c| newfren|instead of 1 every 10 turns
|leave|newfren
|c|âDMT|and he ice beamed
|
|move|p1a: Raikou|Substitute|p1a: Raikou
|-start|p1a: Raikou|Substitute
|-damage|p1a: Raikou|241\/321
|move|p2a: Florges|Moonblast|p1a: Raikou
|-activate|p1a: Raikou|Substitute|[damage]
|
|-heal|p1a: Raikou|261\/321|[from] item: Leftovers
|turn|29
|
|move|p1a: Raikou|Thunderbolt|p2a: Florges
|-damage|p2a: Florges|0 fnt
|faint|p2a: Florges
|
|-heal|p1a: Raikou|281\/321|[from] item: Leftovers
|c|âDMT|lol bill ur computer is such shit
|c| Bob the Bro|sick
|c| watfor|oof
|c|âDMT|now what
|c| Bob the Bro|@newfren left
|c|âDMT|ik he's
|c|âDMT|lagging
|c|âDMT|out
|c|âDMT|all the tiem
|join|DatGuyChuck
|c|âTheRealSheaShady|This is when we cry and rethink our life choices
|c| Bob the Bro|wtf does he play ps on a potato or something
|c|âDMT|ya I guess
|c|âDMT|ya
|
|switch|p2a: Absol|Absol, M|271\/271
|-damage|p2a: Absol|238\/271|[from] Stealth Rock
|turn|30
|c|âDMT|www.mypotatocomputer.com
|
|detailschange|p2a: Absol|Absol-Mega, M
|-mega|p2a: Absol|Absol|Absolite
|move|p2a: Absol|Sucker Punch|p1a: Raikou
|-end|p1a: Raikou|Substitute
|move|p1a: Raikou|Thunderbolt|p2a: Absol
|-damage|p2a: Absol|0 fnt
|faint|p2a: Absol
|
|-heal|p1a: Raikou|301\/321|[from] item: Leftovers
|join|newfren
|c| SadPierrot|a potato would be running faster though
|
|switch|p2a: Darmanitan|Darmanitan, M|159\/351
|-damage|p2a: Darmanitan|72\/351|[from] Stealth Rock
|turn|31
|c|âDMT|hi bill!
|c| newfren|hi dmt
|c| newfren|!!!!!!!
|c| newfren|!!!!!!!
|c| newfren|I think
|c| newfren|you might win
|
|switch|p1a: Suicune|Suicune|311\/403
|-ability|p1a: Suicune|Pressure
|move|p2a: Darmanitan|Flare Blitz|p1a: Suicune
|-crit|p1a: Suicune
|-resisted|p1a: Suicune
|-damage|p1a: Suicune|176\/403
|-damage|p2a: Darmanitan|27\/351|[from] recoil|[of] p1a: Suicune
|
|turn|32
|c|âDMT|maybe
|c|âDMT|ow!
|
|move|p2a: Darmanitan|Flare Blitz|p1a: Suicune
|-resisted|p1a: Suicune
|-damage|p1a: Suicune|81\/403
|-damage|p2a: Darmanitan|0 fnt|[from] recoil|[of] p1a: Suicune
|faint|p2a: Darmanitan
|move|p1a: Suicune|Rest|p1a: Suicune
|-status|p1a: Suicune|slp
|-heal|p1a: Suicune|403\/403 slp|[silent]
|-status|p1a: Suicune|slp|[from] move: Rest
|-enditem|p1a: Suicune|Chesto Berry|[eat]
|-curestatus|p1a: Suicune|slp
|
|
|switch|p2a: Porygon2|Porygon2|263\/374
|-damage|p2a: Porygon2|217\/374|[from] Stealth Rock
|-ability|p2a: Porygon2|Pressure|[from] ability: Trace|[of] p1a: Suicune
|-ability|p2a: Porygon2|Pressure
|turn|33
|
|move|p1a: Suicune|Calm Mind|p1a: Suicune
|-boost|p1a: Suicune|spa|1
|-boost|p1a: Suicune|spd|1
|move|p2a: Porygon2|Thunderbolt|p1a: Suicune
|-supereffective|p1a: Suicune
|-damage|p1a: Suicune|309\/403
|
|turn|34
|
|move|p1a: Suicune|Scald|p2a: Porygon2
|-damage|p2a: Porygon2|124\/374
|move|p2a: Porygon2|Tri Attack|p1a: Suicune
|-damage|p1a: Suicune|252\/403
|
|turn|35
|
|move|p1a: Suicune|Scald|p2a: Porygon2
|-damage|p2a: Porygon2|37\/374
|move|p2a: Porygon2|Recover|p2a: Porygon2
|-heal|p2a: Porygon2|224\/374
|
|turn|36
|
|move|p1a: Suicune|Scald|p2a: Porygon2
|-damage|p2a: Porygon2|131\/374
|move|p2a: Porygon2|Toxic|p1a: Suicune
|-status|p1a: Suicune|tox
|
|-damage|p1a: Suicune|227\/403 tox|[from] psn
|turn|37
|c| newfren|too many dogs on the floor dmt
|c|âDMT|not gunna bother burning
|c| newfren|it's getting wild in here
|
|move|p1a: Suicune|Scald|p2a: Porygon2
|-damage|p2a: Porygon2|47\/374
|move|p2a: Porygon2|Recover|p2a: Porygon2
|-heal|p2a: Porygon2|234\/374
|
|-damage|p1a: Suicune|177\/403 tox|[from] psn
|turn|38
|c| Colbrushie|who let the dogs out Â¯\_(Â­ã)_\/Â¯
|c|âDMT|hahahaha
|c|âDMT|ahah
|c|âDMT|hahahahahaha
|c| Bob the Bro|your mum
|c|âDMT|hahahahahha
|c|âDMT|ahahahH
|c|âDMT|AHAHAHAHAH
|c|âDMT|AHHAHAHAHAHAHA
|c| Colbrushie|HAHAHA
|
|move|p1a: Suicune|Rest|p1a: Suicune
|-status|p1a: Suicune|slp
|-heal|p1a: Suicune|403\/403 slp|[silent]
|-status|p1a: Suicune|slp|[from] move: Rest
|move|p2a: Porygon2|Tri Attack|p1a: Suicune
|-damage|p1a: Suicune|342\/403 slp
|
|turn|39
|c| Colbrushie|HEHEHEHE
|c| Colbrushie|HOHOHO
|c|âDMT|please stop
|c| Colbrushie|HUHUHU
|
|cant|p1a: Suicune|slp
|move|p2a: Porygon2|Recover|p2a: Porygon2
|-heal|p2a: Porygon2|374\/374
|
|turn|40
|
|cant|p1a: Suicune|slp
|move|p2a: Porygon2|Thunderbolt|p1a: Suicune
|-supereffective|p1a: Suicune
|-damage|p1a: Suicune|262\/403 slp
|
|turn|41
|
|-curestatus|p1a: Suicune|slp
|move|p1a: Suicune|Calm Mind|p1a: Suicune
|-boost|p1a: Suicune|spa|1
|-boost|p1a: Suicune|spd|1
|move|p2a: Porygon2|Thunderbolt|p1a: Suicune
|-supereffective|p1a: Suicune
|-damage|p1a: Suicune|202\/403
|
|turn|42
|c|âDMT|burn
|c|âTheRealSheaShady|Get ready for this porygon sweep
|
|move|p1a: Suicune|Scald|p2a: Porygon2
|-damage|p2a: Porygon2|263\/374
|-status|p2a: Porygon2|brn
|move|p2a: Porygon2|Toxic|p1a: Suicune
|-status|p1a: Suicune|tox
|
|-damage|p1a: Suicune|177\/403 tox|[from] psn
|-damage|p2a: Porygon2|217\/374 brn|[from] brn
|turn|43
|c|âDMT|byurn!
|
|move|p1a: Suicune|Rest|p1a: Suicune
|-status|p1a: Suicune|slp
|-heal|p1a: Suicune|403\/403 slp|[silent]
|-status|p1a: Suicune|slp|[from] move: Rest
|move|p2a: Porygon2|Thunderbolt|p1a: Suicune
|-supereffective|p1a: Suicune
|-damage|p1a: Suicune|333\/403 slp
|
|-damage|p2a: Porygon2|171\/374 brn|[from] brn
|turn|44
|c|âTheRealSheaShady|Disco inferno
|
|cant|p1a: Suicune|slp
|move|p2a: Porygon2|Recover|p2a: Porygon2
|-heal|p2a: Porygon2|358\/374 brn
|
|-damage|p2a: Porygon2|312\/374 brn|[from] brn
|turn|45
|
|cant|p1a: Suicune|slp
|move|p2a: Porygon2|Thunderbolt|p1a: Suicune
|-supereffective|p1a: Suicune
|-damage|p1a: Suicune|269\/403 slp
|
|-damage|p2a: Porygon2|266\/374 brn|[from] brn
|turn|46
|
|-curestatus|p1a: Suicune|slp
|move|p1a: Suicune|Calm Mind|p1a: Suicune
|-boost|p1a: Suicune|spa|1
|-boost|p1a: Suicune|spd|1
|move|p2a: Porygon2|Toxic|p1a: Suicune
|-status|p1a: Suicune|tox
|
|-damage|p1a: Suicune|244\/403 tox|[from] psn
|-damage|p2a: Porygon2|220\/374 brn|[from] brn
|turn|47
|
|move|p1a: Suicune|Calm Mind|p1a: Suicune
|-boost|p1a: Suicune|spa|1
|-boost|p1a: Suicune|spd|1
|move|p2a: Porygon2|Recover|p2a: Porygon2
|-heal|p2a: Porygon2|374\/374 brn
|
|-damage|p1a: Suicune|194\/403 tox|[from] psn
|-damage|p2a: Porygon2|328\/374 brn|[from] brn
|turn|48
|
|switch|p2a: Starmie|Starmie|324\/324
|-damage|p2a: Starmie|284\/324|[from] Stealth Rock
|move|p1a: Suicune|Rest|p1a: Suicune
|-status|p1a: Suicune|slp
|-heal|p1a: Suicune|403\/403 slp|[silent]
|-status|p1a: Suicune|slp|[from] move: Rest
|
|-heal|p2a: Starmie|304\/324|[from] item: Leftovers
|turn|49
|
|move|p2a: Starmie|Psyshock|p1a: Suicune
|-damage|p1a: Suicune|345\/403 slp
|cant|p1a: Suicune|slp
|
|-heal|p2a: Starmie|324\/324|[from] item: Leftovers
|turn|50
|
|move|p2a: Starmie|Psyshock|p1a: Suicune
|-damage|p1a: Suicune|281\/403 slp
|cant|p1a: Suicune|slp
|
|turn|51
|c|âDMT|too
|c|âTheRealSheaShady|Goddammit Starmie why can't you be good
|c|âDMT|many
|c|âDMT|warnings
|c|âDMT|lol starmie
|
|move|p2a: Starmie|Psyshock|p1a: Suicune
|-damage|p1a: Suicune|215\/403 slp
|-curestatus|p1a: Suicune|slp
|move|p1a: Suicune|Scald|p2a: Starmie
|-resisted|p2a: Starmie
|-damage|p2a: Starmie|177\/324
|
|-heal|p2a: Starmie|197\/324|[from] item: Leftovers
|turn|52
|c|âDMT|I mean specs is fun
|c| newfren|http:\/\/puu.sh\/dIKUJ\/c1a60352d5.png
|c|âDMT|LOL IS THAT
|c|âDMT|ACTUALLY THE FIRST RULE
|c|âDMT|NB
|c|âTheRealSheaShady|Yeah but this is bulky starmie lol
|c| newfren|yes
|
|move|p2a: Starmie|Psyshock|p1a: Suicune
|-damage|p1a: Suicune|158\/403
|move|p1a: Suicune|Scald|p2a: Starmie
|-resisted|p2a: Starmie
|-damage|p2a: Starmie|55\/324
|-status|p2a: Starmie|brn
|
|-heal|p2a: Starmie|75\/324 brn|[from] item: Leftovers
|-damage|p2a: Starmie|35\/324 brn|[from] brn
|turn|53
|
|move|p2a: Starmie|Recover|p2a: Starmie
|-heal|p2a: Starmie|197\/324 brn
|move|p1a: Suicune|Rest|p1a: Suicune
|-status|p1a: Suicune|slp
|-heal|p1a: Suicune|403\/403 slp|[silent]
|-status|p1a: Suicune|slp|[from] move: Rest
|
|-heal|p2a: Starmie|217\/324 brn|[from] item: Leftovers
|-damage|p2a: Starmie|177\/324 brn|[from] brn
|turn|54
|
|move|p2a: Starmie|Recover|p2a: Starmie
|-heal|p2a: Starmie|324\/324 brn
|cant|p1a: Suicune|slp
|
|-damage|p2a: Starmie|284\/324 brn|[from] brn
|turn|55
|
|switch|p2a: Porygon2|Porygon2|328\/374 brn
|-damage|p2a: Porygon2|282\/374 brn|[from] Stealth Rock
|-ability|p2a: Porygon2|Pressure|[from] ability: Trace|[of] p1a: Suicune
|-ability|p2a: Porygon2|Pressure
|cant|p1a: Suicune|slp
|
|-damage|p2a: Porygon2|236\/374 brn|[from] brn
|turn|56
|c| Bob the Bro|why are you making this so painfully slow
|c|âDMT|idk
|
|-curestatus|p1a: Suicune|slp
|move|p1a: Suicune|Ice Beam|p2a: Porygon2
|-damage|p2a: Porygon2|111\/374 brn
|move|p2a: Porygon2|Thunderbolt|p1a: Suicune
|-supereffective|p1a: Suicune
|-damage|p1a: Suicune|359\/403
|
|-damage|p2a: Porygon2|65\/374 brn|[from] brn
|turn|57
|c|âDMT|how do I speed up
|c|âDMT|entei?
|c| Bob the Bro|ofc
|
|switch|p1a: Entei|Entei, shiny|371\/371
|-ability|p1a: Entei|Pressure
|move|p2a: Porygon2|Recover|p2a: Porygon2
|-heal|p2a: Porygon2|252\/374 brn
|
|-damage|p2a: Porygon2|206\/374 brn|[from] brn
|turn|58
|c| Bob the Bro|make it crotei
|c|âDMT|oh
|c| Bob the Bro|tbh
|c|âDMT|that's
|c| watfor|CM
|c|âDMT|good idea
|c| watfor|rest
|c| newfren|flame charge
|c|âDMT|!
|c| newfren|entei
|
|move|p1a: Entei|Sacred Fire|p2a: Porygon2
|-damage|p2a: Porygon2|76\/374 brn
|move|p2a: Porygon2|Tri Attack|p1a: Entei
|-damage|p1a: Entei|254\/371
|
|-damage|p2a: Porygon2|30\/374 brn|[from] brn
|turn|59
|c| watfor|lava plume
|
|move|p1a: Entei|Sacred Fire|p2a: Porygon2
|-damage|p2a: Porygon2|0 fnt
|faint|p2a: Porygon2
|
|c| DatGuyChuck|flare blitz
|c| DatGuyChuck|where
|leave|PLOF
|c|âDMT|Im gunna be so high on the ladder
|c|âDMT|bob will respecet me so much mroe
|c|âTheRealSheaShady|Give it swagger, thunder wave, toxic, and will-o-wisp
|
|switch|p2a: Starmie|Starmie|284\/324
|-damage|p2a: Starmie|244\/324|[from] Stealth Rock
|turn|60
|c|âDMT|!learn entei, swagger, thunder wave, toxic, wow
|raw|<div class="infobox">Entei <span class="message-learn-cannotlearn">can't<\/span> learn these moves<\/div>
|c|âDMT|awe
|c| watfor|swagger is AG move
|
|switch|p1a: Chesnaught|Chesnaught, M|324\/380
|move|p2a: Starmie|Scald|p1a: Chesnaught
|-resisted|p1a: Chesnaught
|-damage|p1a: Chesnaught|282\/380
|
|-heal|p2a: Starmie|264\/324|[from] item: Leftovers
|-heal|p1a: Chesnaught|305\/380|[from] item: Leftovers
|turn|61
|c| watfor|rip
|c|âDMT|also swagger
|c|âDMT|ya
|c| DatGuyChuck|isnt swagger ubers move
|c|âDMT|ya
|c|âTheRealSheaShady|What is the point of life if I can't have hax god entei
|
|switch|p1a: Entei|Entei, shiny|254\/371
|-ability|p1a: Entei|Pressure
|move|p2a: Starmie|Psyshock|p1a: Entei
|-damage|p1a: Entei|143\/371
|
|-heal|p2a: Starmie|284\/324|[from] item: Leftovers
|turn|62
|
|move|p1a: Entei|Extreme Speed|p2a: Starmie
|-damage|p2a: Starmie|121\/324
|move|p2a: Starmie|Scald|p1a: Entei
|-supereffective|p1a: Entei
|-damage|p1a: Entei|0 fnt
|faint|p1a: Entei
|
|-heal|p2a: Starmie|141\/324|[from] item: Leftovers
|
|switch|p1a: Raikou|Raikou|301\/321
|-ability|p1a: Raikou|Pressure
|turn|63
|c|âDMT|ur so weak and bad starmue
|c| watfor|DGC they banned swagger in ubers too
|c| watfor|so
|
|move|p1a: Raikou|Thunderbolt|p2a: Starmie
|-supereffective|p2a: Starmie
|-damage|p2a: Starmie|0 fnt
|faint|p2a: Starmie
|
|win|DMT
|raw|Ladder updating...
|raw|DMT's rating: 1547 &rarr; <strong>1553<\/strong><br \/>(+6 for winning)
|raw|TheRealSheaShady's rating: 1264 &rarr; <strong>1256<\/strong><br \/>(-8 for losing)
|c| watfor|:]
|c|âDMT|gg!
|leave|DMT
|player|p1
|c|âTheRealSheaShady|gg bro
|c|âTheRealSheaShady|or naw