|join|DMT
|join|Typhozzz
|player|p1|DMT|184
|player|p2|Typhozzz|143
|gametype|singles
|gen|6
|tier|UU
|rated
|rule|Sleep Clause Mod: Limit one foe put to sleep
|rule|Species Clause: Limit one of each PokÃ©mon
|rule|OHKO Clause: OHKO moves are banned
|rule|Moody Clause: Moody is banned
|rule|Evasion Moves Clause: Evasion moves are banned
|rule|Endless Battle Clause: Forcing endless battles is banned
|rule|HP Percentage Mod: HP is shown in percentages
|clearpoke
|poke|p1|Entei, shiny
|poke|p1|Raikou
|poke|p1|Suicune
|poke|p1|Chesnaught, F
|poke|p1|Crobat, F
|poke|p1|Forretress, F
|poke|p2|Chesnaught, M
|poke|p2|Empoleon, F
|poke|p2|Pidgeot, M
|poke|p2|Whimsicott, F
|poke|p2|Krookodile, M
|poke|p2|Raikou
|rule|Swagger Clause: Swagger is banned
|rule|Baton Pass Clause: Limit one PokÃ©mon knowing Baton Pass
|teampreview
|c|âTyphozzz|gl hf
|c|âDMT|you too
|
|start
|switch|p1a: Crobat|Crobat, F|311\/311
|switch|p2a: ZAP YO DUM ASS|Raikou|321\/321
|-ability|p2a: ZAP YO DUM ASS|Pressure
|turn|1
|
|switch|p1a: Raikou|Raikou|321\/321
|-ability|p1a: Raikou|Pressure
|move|p2a: ZAP YO DUM ASS|Volt Switch|p1a: Raikou
|-resisted|p1a: Raikou
|-damage|p1a: Raikou|236\/321
|c|âTyphozzz|oh wait i know u
|join|Dix pix
|c|âTyphozzz|ur that uu room mod :]
|c|âTyphozzz|*owner
|c|âTyphozzz|woops
|c|âDMT|:^]
|
|switch|p2a: No Escape|Krookodile, M|331\/331
|-ability|p2a: No Escape|Intimidate|[of] p1a: Raikou
|-unboost|p1a: Raikou|atk|1
|
|-heal|p1a: Raikou|256\/321|[from] item: Leftovers
|turn|2
|
|move|p1a: Raikou|Substitute|p1a: Raikou
|-start|p1a: Raikou|Substitute
|-damage|p1a: Raikou|176\/321
|move|p2a: No Escape|Pursuit|p1a: Raikou
|-end|p1a: Raikou|Substitute
|
|-heal|p1a: Raikou|196\/321|[from] item: Leftovers
|turn|3
|
|move|p1a: Raikou|Hidden Power|p2a: No Escape
|-supereffective|p2a: No Escape
|-damage|p2a: No Escape|141\/331
|move|p2a: No Escape|Pursuit|p1a: Raikou
|-damage|p1a: Raikou|66\/321
|
|-heal|p1a: Raikou|86\/321|[from] item: Leftovers
|turn|4
|c|âTyphozzz|i cri
|c|âDMT|evry tiem
|
|switch|p2a: The Counter|Whimsicott, F|261\/261
|move|p1a: Raikou|Substitute|p1a: Raikou
|-start|p1a: Raikou|Substitute
|-damage|p1a: Raikou|6\/321
|
|-heal|p1a: Raikou|26\/321|[from] item: Leftovers
|turn|5
|
|switch|p1a: Entei|Entei, shiny|371\/371
|-ability|p1a: Entei|Pressure
|move|p2a: The Counter|Moonblast|p1a: Entei
|-resisted|p1a: Entei
|-damage|p1a: Entei|298\/371
|
|turn|6
|
|move|p2a: The Counter|U-turn|p1a: Entei
|-resisted|p1a: Entei
|-damage|p1a: Entei|277\/371
|c|âDMT|rip your checks and counters :S
|c|âTyphozzz|kek
|join|testlum
|
|switch|p2a: No Escape|Krookodile, M|141\/331
|-ability|p2a: No Escape|Intimidate|[of] p1a: Entei
|-unboost|p1a: Entei|atk|1
|move|p1a: Entei|Sacred Fire|p2a: No Escape
|-damage|p2a: No Escape|0 fnt
|faint|p2a: No Escape
|
|
|switch|p2a: ZAP YO DUM ASS|Raikou|321\/321
|-ability|p2a: ZAP YO DUM ASS|Pressure
|turn|7
|c|âTyphozzz|mfw i have nothing for entei
|c|âTyphozzz|ah nichze
|c| Dix pix|wait
|
|switch|p1a: Chesnaught|Chesnaught, F|380\/380
|move|p2a: ZAP YO DUM ASS|Volt Switch|p1a: Chesnaught
|-resisted|p1a: Chesnaught
|-damage|p1a: Chesnaught|303\/380
|c| Dix pix|dmt
|c|âDMT|?
|c| Dix pix|nice triple doge team
|c|âDMT|thanks!
|
|switch|p2a: Birdicane|Pidgeot, M|307\/307
|
|-heal|p1a: Chesnaught|326\/380|[from] item: Leftovers
|turn|8
|c| Dix pix|>implying i didnt start that trend
|c| Dix pix|:\/
|c|âTyphozzz|lol
|c|âDMT|implying I'm just copying the baselord dix pix!
|c|âDMT|xD
|c|âTyphozzz|wtf
|c| Dix pix|kek seriously tho
|c|âTyphozzz|dix pix isnt a baselord
|c|âTyphozzz|wait
|
|detailschange|p2a: Birdicane|Pidgeot-Mega, M
|-mega|p2a: Birdicane|Pidgeot|Pidgeotite
|move|p1a: Chesnaught|Spiky Shield|p1a: Chesnaught
|-singleturn|p1a: Chesnaught|move: Protect
|move|p2a: Birdicane|Hurricane|p1a: Chesnaught
|-activate|p1a: Chesnaught|move: Protect
|
|-heal|p1a: Chesnaught|349\/380|[from] item: Leftovers
|turn|9
|c|âTyphozzz|?_?
|join|Silverstealth3
|c| Dix pix|is that working out for the new meta
|join|Colbrushie
|c| Dix pix|because garde is annoying af
|join|DatGuyChuck
|c|âDMT|he appears to be going
|c|âDMT|for hurricane
|
|switch|p1a: Suicune|Suicune|403\/403
|-ability|p1a: Suicune|Pressure
|move|p2a: Birdicane|Hurricane|p1a: Suicune
|-damage|p1a: Suicune|238\/403
|
|turn|10
|c|âTyphozzz|he
|c|âTyphozzz|kek
|c|âDMT|freeze
|leave|Silverstealth3
|
|move|p2a: Birdicane|Hurricane|p1a: Suicune
|-damage|p1a: Suicune|43\/403
|move|p1a: Suicune|Ice Beam|p2a: Birdicane
|-crit|p2a: Birdicane
|-supereffective|p2a: Birdicane
|-damage|p2a: Birdicane|89\/307
|
|turn|11
|c|âDMT|that'll do
|c|âTyphozzz|,,,,,,
|c| Dix pix|nice and clitical
|
|move|p2a: Birdicane|Roost|p2a: Birdicane
|-heal|p2a: Birdicane|243\/307
|move|p1a: Suicune|Rest|p1a: Suicune
|-status|p1a: Suicune|slp
|-heal|p1a: Suicune|403\/403 slp|[silent]
|-status|p1a: Suicune|slp|[from] move: Rest
|-enditem|p1a: Suicune|Chesto Berry|[eat]
|-curestatus|p1a: Suicune|slp
|
|turn|12
|join|Silverstealth3
|
|move|p2a: Birdicane|Hurricane|p1a: Suicune
|-damage|p1a: Suicune|220\/403
|move|p1a: Suicune|Scald|p2a: Birdicane
|-damage|p2a: Birdicane|137\/307
|
|turn|13
|c|âDMT|burn
|c| DatGuyChuck|mattered
|join|Bob the Bro
|
|move|p2a: Birdicane|Roost|p2a: Birdicane
|-heal|p2a: Birdicane|291\/307
|move|p1a: Suicune|Scald|p2a: Birdicane
|-damage|p2a: Birdicane|192\/307
|
|turn|14
|c|âDMT|nah or don't
|c|âDMT|that's cool too
|
|move|p2a: Birdicane|Hurricane|p1a: Suicune
|-damage|p1a: Suicune|28\/403
|move|p1a: Suicune|Ice Beam|p2a: Birdicane
|-supereffective|p2a: Birdicane
|-damage|p2a: Birdicane|50\/307
|-status|p2a: Birdicane|frz
|
|turn|15
|c| DatGuyChuck|haha
|c|âDMT|there it is!
|c| Colbrushie|there it is
|c|âTyphozzz|right on q
|c| Bob the Bro|sick
|c| DatGuyChuck|not hax
|
|cant|p2a: Birdicane|frz
|move|p1a: Suicune|Scald|p2a: Birdicane
|-damage|p2a: Birdicane|0 fnt
|faint|p2a: Birdicane
|
|c|âTyphozzz|ugh
|c| DatGuyChuck|cos he called a burn
|c|âDMT|here
|c| DatGuyChuck|and burn and freeze
|c|âDMT|to make you feel better
|
|switch|p2a: ZAP YO DUM ASS|Raikou|321\/321
|-ability|p2a: ZAP YO DUM ASS|Pressure
|turn|16
|c|âDMT|have this replay
|c| DatGuyChuck|are p much
|c|âDMT|http:\/\/replay.pokemonshowdown.com\/uu-197952576
|c| DatGuyChuck|the same thing
|
|switch|p1a: Chesnaught|Chesnaught, F|349\/380
|move|p2a: ZAP YO DUM ASS|Volt Switch|p1a: Chesnaught
|-resisted|p1a: Chesnaught
|-damage|p1a: Chesnaught|276\/380
|
|switch|p2a: The Counter|Whimsicott, F|261\/261
|
|-heal|p1a: Chesnaught|299\/380|[from] item: Leftovers
|turn|17
|
|move|p1a: Chesnaught|Spiky Shield|p1a: Chesnaught
|-singleturn|p1a: Chesnaught|move: Protect
|move|p2a: The Counter|Moonblast|p1a: Chesnaught
|-activate|p1a: Chesnaught|move: Protect
|
|-heal|p1a: Chesnaught|322\/380|[from] item: Leftovers
|turn|18
|c|âTyphozzz|kek
|
|switch|p1a: Forretress|Forretress, F|354\/354
|move|p2a: The Counter|Moonblast|p1a: Forretress
|-resisted|p1a: Forretress
|-damage|p1a: Forretress|258\/354
|
|-heal|p1a: Forretress|280\/354|[from] item: Leftovers
|turn|19
|join|thisbemyfault
|c|âDMT|hpfire
|
|move|p2a: The Counter|U-turn|p1a: Forretress
|-resisted|p1a: Forretress
|-damage|p1a: Forretress|271\/354
|c|âTyphozzz|this is why i dont like to ladder
|c|âTyphozzz|:[
|
|switch|p2a: ZAP YO DUM ASS|Raikou|321\/321
|-ability|p2a: ZAP YO DUM ASS|Pressure
|move|p1a: Forretress|Volt Switch|p2a: ZAP YO DUM ASS
|-crit|p2a: ZAP YO DUM ASS
|-resisted|p2a: ZAP YO DUM ASS
|-damage|p2a: ZAP YO DUM ASS|291\/321
|c|âDMT|http:\/\/replay.pokemonshowdown.com\/uu-197952576
|c| thisbemyfault|why is this called the counter lmoa
|c|âDMT|is why
|c|âDMT|I don't like to ladder
|c|âTyphozzz|lol
|c| DatGuyChuck|hp fire
|c| DatGuyChuck|here
|c|âDMT|also why is my team not nicknamed
|
|switch|p1a: Chesnaught|Chesnaught, F|322\/380
|
|-heal|p1a: Chesnaught|345\/380|[from] item: Leftovers
|turn|20
|c|âDMT|HP flying
|c| thisbemyfault|because ur shit
|
|move|p2a: ZAP YO DUM ASS|Extrasensory|p1a: Chesnaught
|-supereffective|p1a: Chesnaught
|-damage|p1a: Chesnaught|99\/380
|move|p1a: Chesnaught|Spikes|p2a: ZAP YO DUM ASS
|-sidestart|p2: Typhozzz|Spikes
|
|-heal|p1a: Chesnaught|122\/380|[from] item: Leftovers
|turn|21
|c|âTyphozzz|same
|leave|testlum
|c| thisbemyfault|mfw
|c| Bob the Bro|dmt name a mon after me
|c| thisbemyfault|didnt spiky hield
|c| Bob the Bro|coz you love me
|
|switch|p2a: Free Hugs|Chesnaught, M|380\/380
|-damage|p2a: Free Hugs|333\/380|[from] Spikes
|switch|p1a: Forretress|Forretress, F|271\/354
|
|-heal|p1a: Forretress|293\/354|[from] item: Leftovers
|turn|22
|
|move|p2a: Free Hugs|Spikes|p1a: Forretress
|-sidestart|p1: DMT|Spikes
|move|p1a: Forretress|Stealth Rock|p2a: Free Hugs
|-sidestart|p2: Typhozzz|move: Stealth Rock
|
|-heal|p1a: Forretress|315\/354|[from] item: Leftovers
|turn|23
|c| thisbemyfault|no name chesnaught after me
|
|move|p2a: Free Hugs|Spikes|p1a: Forretress
|-sidestart|p1: DMT|Spikes
|move|p1a: Forretress|Stealth Rock|p2a: Free Hugs
|-fail|p2a: Free Hugs
|
|-heal|p1a: Forretress|337\/354|[from] item: Leftovers
|turn|24
|c| thisbemyfault|mfw
|c| Bob the Bro|sick
|
|move|p2a: Free Hugs|Leech Seed|p1a: Forretress
|-start|p1a: Forretress|move: Leech Seed
|move|p1a: Forretress|Rapid Spin|p2a: Free Hugs
|-damage|p2a: Free Hugs|322\/380
|-damage|p1a: Forretress|278\/354|[from] item: Rocky Helmet|[of] p2a: Free Hugs
|-end|p1a: Forretress|Leech Seed|[from] move: Rapid Spin|[of] p1a: Forretress
|-sideend|p1: DMT|Spikes|[from] move: Rapid Spin|[of] p1a: Forretress
|
|-heal|p1a: Forretress|300\/354|[from] item: Leftovers
|turn|25
|c|âDMT|want lots of rock layers up
|c|âTyphozzz|kek
|
|switch|p1a: Crobat|Crobat, F|311\/311
|move|p2a: Free Hugs|Drain Punch|p1a: Crobat
|-resisted|p1a: Crobat
|-damage|p1a: Crobat|284\/311
|-heal|p2a: Free Hugs|336\/380|[from] drain|[of] p1a: Crobat
|
|-heal|p1a: Crobat|303\/311|[from] item: Black Sludge
|turn|26
|
|switch|p1a: Entei|Entei, shiny|277\/371
|-ability|p1a: Entei|Pressure
|move|p2a: Free Hugs|Leech Seed|p1a: Entei
|-start|p1a: Entei|move: Leech Seed
|
|-damage|p1a: Entei|231\/371|[from] Leech Seed|[of] p2a: Free Hugs
|-heal|p2a: Free Hugs|380\/380|[silent]
|turn|27
|c|âTyphozzz|souls
|c|âDMT|ow
|c|âDMT|plz
|c|âDMT|stop!
|c|âDMT|your hurting me!
|c|âTyphozzz|ok
|c|âTyphozzz|?_?
|
|move|p1a: Entei|Sacred Fire|p2a: Free Hugs
|-supereffective|p2a: Free Hugs
|-damage|p2a: Free Hugs|44\/380
|-status|p2a: Free Hugs|brn
|move|p2a: Free Hugs|Drain Punch|p1a: Entei
|-damage|p1a: Entei|180\/371
|-heal|p2a: Free Hugs|70\/380 brn|[from] drain|[of] p1a: Entei
|
|-damage|p1a: Entei|134\/371|[from] Leech Seed|[of] p2a: Free Hugs
|-heal|p2a: Free Hugs|116\/380 brn|[silent]
|-damage|p2a: Free Hugs|69\/380 brn|[from] brn
|turn|28
|c|âTyphozzz|wait
|c|âDMT|???
|c|âTyphozzz|whats a
|c|âDMT|not contact
|c|âTyphozzz|survival
|c|âDMT|oh
|join|LessThanThreeMan
|c|âDMT|physdef
|c|âDMT|is power
|c|âDMT|pwower
|c|âTyphozzz|lol
|
|switch|p1a: Forretress|Forretress, F|300\/354
|move|p2a: Free Hugs|Spiky Shield|p2a: Free Hugs
|-fail|p2a: Free Hugs
|
|-heal|p1a: Forretress|322\/354|[from] item: Leftovers
|-damage|p2a: Free Hugs|22\/380 brn|[from] brn
|turn|29
|c|âDMT|__PWOWER__
|
|move|p2a: Free Hugs|Drain Punch|p1a: Forretress
|-damage|p1a: Forretress|297\/354
|-heal|p2a: Free Hugs|35\/380 brn|[from] drain|[of] p1a: Forretress
|move|p1a: Forretress|Rapid Spin|p2a: Free Hugs
|-damage|p2a: Free Hugs|26\/380 brn
|-damage|p1a: Forretress|238\/354|[from] item: Rocky Helmet|[of] p2a: Free Hugs
|
|-heal|p1a: Forretress|260\/354|[from] item: Leftovers
|-damage|p2a: Free Hugs|0 fnt|[from] brn
|faint|p2a: Free Hugs
|
|switch|p2a: Mfw No Roost|Empoleon, F|372\/372
|-damage|p2a: Mfw No Roost|349\/372|[from] Stealth Rock
|-damage|p2a: Mfw No Roost|303\/372|[from] Spikes
|turn|30
|c| thisbemyfault|lmoa
|c| thisbemyfault|nice turn
|c| DatGuyChuck|__**PWOWER**__
|
|move|p2a: Mfw No Roost|Defog|p1a: Forretress
|-unboost|p1a: Forretress|evasion|1
|-sideend|p2: Typhozzz|Spikes|[from] move: Defog|[of] p2a: Mfw No Roost
|-sideend|p2: Typhozzz|Stealth Rock|[from] move: Defog|[of] p2a: Mfw No Roost
|move|p1a: Forretress|Volt Switch|p2a: Mfw No Roost
|-supereffective|p2a: Mfw No Roost
|-damage|p2a: Mfw No Roost|247\/372
|leave|LessThanThreeMan
|
|switch|p1a: Entei|Entei, shiny|134\/371
|-ability|p1a: Entei|Pressure
|
|-heal|p2a: Mfw No Roost|270\/372|[from] item: Leftovers
|turn|31
|c|âDMT|don't miss
|join|f7orges
|c|âDMT|entei
|c|âDMT|or ur off the team
|c| DatGuyChuck|miss
|c|âTyphozzz|lol
|c| DatGuyChuck|jsut like turn 1
|
|move|p1a: Entei|Sacred Fire|p2a: Mfw No Roost|[miss]
|-miss|p1a: Entei|p2a: Mfw No Roost
|move|p2a: Mfw No Roost|Scald|p1a: Entei
|-supereffective|p1a: Entei
|-damage|p1a: Entei|0 fnt
|faint|p1a: Entei
|
|-heal|p2a: Mfw No Roost|293\/372|[from] item: Leftovers
|c| DatGuyChuck|and miss
|c|âTyphozzz|LOL
|c| Bob the Bro|rip
|c| f7orges|LOL
|c| f7orges|KEKEK
|c|âTyphozzz|welp rip entei
|c| DatGuyChuck|see?
|c| f7orges|TOP KEK
|c|âTyphozzz|i guess
|c| thisbemyfault|GUYS
|c| thisbemyfault|DMT IS FACING POKEAIM!
|c|âDMT|Â¯\_(ã)_\/Â¯
|c|âDMT|Â¯\_(ã)_\/Â¯
|c| thisbemyfault|CONFIRMED
|c|âDMT|Â¯\_(ã)_\/Â¯
|c| thisbemyfault|!!!
|c|âTyphozzz|XD
|
|switch|p1a: Raikou|Raikou|26\/321
|-ability|p1a: Raikou|Pressure
|turn|32
|c|âTyphozzz|sorry
|c|âDMT|all good
|
|switch|p2a: The Counter|Whimsicott, F|261\/261
|move|p1a: Raikou|Thunderbolt|p2a: The Counter
|-resisted|p2a: The Counter
|-damage|p2a: The Counter|167\/261
|
|-heal|p2a: The Counter|183\/261|[from] item: Leftovers
|-heal|p1a: Raikou|46\/321|[from] item: Leftovers
|turn|33
|
|move|p2a: The Counter|Moonblast|p1a: Raikou
|-damage|p1a: Raikou|0 fnt
|faint|p1a: Raikou
|
|-heal|p2a: The Counter|199\/261|[from] item: Leftovers
|
|switch|p1a: Crobat|Crobat, F|303\/311
|turn|34
|c|âTyphozzz|preserve the -0
|c| DatGuyChuck|^
|c|âDMT|tf am I doing
|c|âDMT|>!??!?!
|c|âTyphozzz|idk mayne
|
|switch|p2a: Mfw No Roost|Empoleon, F|293\/372
|move|p1a: Crobat|Brave Bird|p2a: Mfw No Roost
|-resisted|p2a: Mfw No Roost
|-damage|p2a: Mfw No Roost|207\/372
|-damage|p1a: Crobat|275\/311|[from] recoil|[of] p2a: Mfw No Roost
|
|-heal|p1a: Crobat|294\/311|[from] item: Black Sludge
|-heal|p2a: Mfw No Roost|230\/372|[from] item: Leftovers
|turn|35
|c|âDMT|idklel
|c|âDMT|Â¯\_(ã)_\/Â¯
|join|DocReunitickles
|c| Bob the Bro|ez raikou sweep
|c| DatGuyChuck|alright
|join|secret kekleon
|c|âTyphozzz|gimme some soulz
|c| DatGuyChuck|dmt stop losing
|
|switch|p1a: Chesnaught|Chesnaught, F|122\/380
|move|p2a: Mfw No Roost|Scald|p1a: Chesnaught
|-resisted|p1a: Chesnaught
|-damage|p1a: Chesnaught|76\/380
|-status|p1a: Chesnaught|brn
|
|-heal|p1a: Chesnaught|99\/380 brn|[from] item: Leftovers
|-heal|p2a: Mfw No Roost|253\/372|[from] item: Leftovers
|-damage|p1a: Chesnaught|52\/380 brn|[from] brn
|turn|36
|c|âTyphozzz|pls
|c|âTyphozzz|?_?
|c| DatGuyChuck|hax
|c|âTyphozzz|YEEEEEEEEEEEEES
|
|move|p1a: Chesnaught|Spikes|p2a: Mfw No Roost
|-sidestart|p2: Typhozzz|Spikes
|move|p2a: Mfw No Roost|Stealth Rock|p1a: Chesnaught
|-sidestart|p1: DMT|move: Stealth Rock
|
|-heal|p1a: Chesnaught|75\/380 brn|[from] item: Leftovers
|-heal|p2a: Mfw No Roost|276\/372|[from] item: Leftovers
|-damage|p1a: Chesnaught|28\/380 brn|[from] brn
|turn|37
|c|âDMT|wait I lose now
|c|âDMT|Â¯\_(ã)_\/Â¯
|c|âTyphozzz|wait
|c|âTyphozzz|its never too late
|
|move|p1a: Chesnaught|Leech Seed|p2a: Mfw No Roost
|-start|p2a: Mfw No Roost|move: Leech Seed
|move|p2a: Mfw No Roost|Scald|p1a: Chesnaught
|-resisted|p1a: Chesnaught
|-damage|p1a: Chesnaught|0 fnt
|faint|p1a: Chesnaught
|
|-heal|p2a: Mfw No Roost|299\/372|[from] item: Leftovers
|c|âDMT|kou sweeps
|join|Yellow Skarmory
|
|switch|p1a: Forretress|Forretress, F|260\/354
|-damage|p1a: Forretress|216\/354|[from] Stealth Rock
|turn|38
|c|âTyphozzz|or does it
|c|âTyphozzz|reveal the
|c| Bob the Bro|reveal physical kou
|c|âTyphozzz|bandedearfquake crobat
|c|âTyphozzz|ez
|c|âDMT|solarbeam
|c|âDMT|charging
|c| thisbemyfault|why are you not wacan berry suicune
|
|move|p2a: Mfw No Roost|Scald|p1a: Forretress
|-damage|p1a: Forretress|51\/354
|-status|p1a: Forretress|brn
|move|p1a: Forretress|Rapid Spin|p2a: Mfw No Roost
|-crit|p2a: Mfw No Roost
|-resisted|p2a: Mfw No Roost
|-damage|p2a: Mfw No Roost|293\/372
|-sideend|p1: DMT|Stealth Rock|[from] move: Rapid Spin|[of] p1a: Forretress
|
|-heal|p2a: Mfw No Roost|316\/372|[from] item: Leftovers
|-heal|p1a: Forretress|73\/354 brn|[from] item: Leftovers
|-damage|p2a: Mfw No Roost|270\/372|[from] Leech Seed|[of] p1a: Forretress
|-heal|p1a: Forretress|119\/354 brn|[silent]
|-damage|p1a: Forretress|75\/354 brn|[from] brn
|turn|39
|c|âDMT|!dt wynaut
|c|~|\/data-pokemon Wynaut
|raw|<font size="1"><font color=#585858>Dex#:<\/font> 360&nbsp;|&ThickSpace;<font color=#585858>Height:<\/font> 0.6 m&nbsp;|&ThickSpace;<font color=#585858>Weight:<\/font> 14 kg <em>(40 BP)<\/em>&nbsp;|&ThickSpace;<font color=#585858>Dex Colour:<\/font> Blue&nbsp;|&ThickSpace;<font color=#585858>Egg Group(s):<\/font> Undiscovered&nbsp;|&ThickSpace;<font color=#585858>Evolution:<\/font> Wobbuffet (15)<\/font>
|c|âTyphozzz|wtf
|c|âTyphozzz|i hit defog
|c|âTyphozzz|dumb lag
|join|2spoopy4u
|
|move|p2a: Mfw No Roost|Defog|p1a: Forretress
|-unboost|p1a: Forretress|evasion|1
|-sideend|p2: Typhozzz|Spikes|[from] move: Defog|[of] p2a: Mfw No Roost
|move|p1a: Forretress|Stealth Rock|p2a: Mfw No Roost
|-sidestart|p2: Typhozzz|move: Stealth Rock
|
|-heal|p2a: Mfw No Roost|293\/372|[from] item: Leftovers
|-heal|p1a: Forretress|97\/354 brn|[from] item: Leftovers
|-damage|p2a: Mfw No Roost|247\/372|[from] Leech Seed|[of] p1a: Forretress
|-heal|p1a: Forretress|143\/354 brn|[silent]
|-damage|p1a: Forretress|99\/354 brn|[from] brn
|turn|40
|c|âDMT|lel
|
|move|p2a: Mfw No Roost|Scald|p1a: Forretress
|-damage|p1a: Forretress|0 fnt
|faint|p1a: Forretress
|
|-heal|p2a: Mfw No Roost|270\/372|[from] item: Leftovers
|c| thisbemyfault|the why did u tell him u were gonna defog
|c|âTyphozzz|i mean
|c|âTyphozzz|its too late now
|c|âTyphozzz|?_?
|
|switch|p1a: Suicune|Suicune|28\/403
|-ability|p1a: Suicune|Pressure
|turn|41
|join|Zekrom24
|
|move|p1a: Suicune|Rest|p1a: Suicune
|-status|p1a: Suicune|slp
|-heal|p1a: Suicune|403\/403 slp|[silent]
|-status|p1a: Suicune|slp|[from] move: Rest
|move|p2a: Mfw No Roost|Stealth Rock|p1a: Suicune
|-sidestart|p1: DMT|move: Stealth Rock
|
|-heal|p2a: Mfw No Roost|293\/372|[from] item: Leftovers
|-damage|p2a: Mfw No Roost|247\/372|[from] Leech Seed|[of] p1a: Suicune
|turn|42
|c|âTyphozzz|wait
|c|âTyphozzz|ok
|c|âTyphozzz|missclick
|c|âTyphozzz|lmao
|
|cant|p1a: Suicune|slp
|move|p2a: Mfw No Roost|Defog|p1a: Suicune
|-unboost|p1a: Suicune|evasion|1
|-sideend|p1: DMT|Stealth Rock|[from] move: Defog|[of] p1a: Suicune
|-sideend|p2: Typhozzz|Stealth Rock|[from] move: Defog|[of] p2a: Mfw No Roost
|
|-heal|p2a: Mfw No Roost|270\/372|[from] item: Leftovers
|-damage|p2a: Mfw No Roost|224\/372|[from] Leech Seed|[of] p1a: Suicune
|turn|43
|c|âDMT|lool
|c| thisbemyfault|mfw
|
|cant|p1a: Suicune|slp
|move|p2a: Mfw No Roost|Stealth Rock|p1a: Suicune
|-sidestart|p1: DMT|move: Stealth Rock
|
|-heal|p2a: Mfw No Roost|247\/372|[from] item: Leftovers
|-damage|p2a: Mfw No Roost|201\/372|[from] Leech Seed|[of] p1a: Suicune
|turn|44
|c|âTyphozzz|k NOOOOW were good
|c| Zekrom24|who winnin
|
|switch|p2a: The Counter|Whimsicott, F|199\/261
|-curestatus|p1a: Suicune|slp
|move|p1a: Suicune|Ice Beam|p2a: The Counter
|-supereffective|p2a: The Counter
|-damage|p2a: The Counter|47\/261
|
|-heal|p2a: The Counter|63\/261|[from] item: Leftovers
|turn|45
|c| thisbemyfault|typhozzz
|c| DatGuyChuck|Typhozz
|c| Yellow Skarmory|no sleep talk?
|c|âTyphozzz|stop
|c| DatGuyChuck|the predict
|
|switch|p1a: Crobat|Crobat, F|294\/311
|-damage|p1a: Crobat|217\/311|[from] Stealth Rock
|move|p2a: The Counter|Giga Drain|p1a: Crobat
|-resisted|p1a: Crobat
|-damage|p1a: Crobat|189\/311
|-heal|p2a: The Counter|77\/261|[from] drain|[of] p1a: Crobat
|
|-heal|p1a: Crobat|208\/311|[from] item: Black Sludge
|-heal|p2a: The Counter|93\/261|[from] item: Leftovers
|turn|46
|c| DatGuyChuck|is real
|c|âTyphozzz|stop
|c| thisbemyfault|didnt uturn
|c| thisbemyfault|zzz
|c|âTyphozzz|its too late sorry
|c|âTyphozzz|?_?
|
|switch|p1a: Suicune|Suicune|403\/403
|-damage|p1a: Suicune|353\/403|[from] Stealth Rock
|-ability|p1a: Suicune|Pressure
|move|p2a: The Counter|Encore|p1a: Suicune
|-fail|p1a: Suicune
|
|-heal|p2a: The Counter|109\/261|[from] item: Leftovers
|turn|47
|c|âDMT|oo
|c|âTyphozzz|same
|c|âTyphozzz|,,,
|join|lelbuttlicker
|c|âDMT|wait what
|c|âDMT|I'm confused
|c|âTyphozzz|?_?
|c| thisbemyfault|WHY DID U ENCORE
|
|move|p2a: The Counter|Giga Drain|p1a: Suicune
|-supereffective|p1a: Suicune
|-damage|p1a: Suicune|171\/403
|-heal|p2a: The Counter|200\/261|[from] drain|[of] p1a: Suicune
|move|p1a: Suicune|Ice Beam|p2a: The Counter
|-supereffective|p2a: The Counter
|-damage|p2a: The Counter|26\/261
|
|-heal|p2a: The Counter|42\/261|[from] item: Leftovers
|turn|48
|c|âTyphozzz|LOL
|c| thisbemyfault|WHAT ARE U DOING
|c|âTyphozzz|encore the giga drain
|c|âDMT|idk
|c|âTyphozzz|smart plays
|c|âTyphozzz|stop
|c|âDMT|i quat
|c| DatGuyChuck|hes choking
|c|âTyphozzz|>hes
|c|âTyphozzz|k
|
|move|p2a: The Counter|Giga Drain|p1a: Suicune
|-supereffective|p1a: Suicune
|-damage|p1a: Suicune|3\/403
|-heal|p2a: The Counter|126\/261|[from] drain|[of] p1a: Suicune
|move|p1a: Suicune|Ice Beam|p2a: The Counter
|-supereffective|p2a: The Counter
|-damage|p2a: The Counter|0 fnt
|faint|p2a: The Counter
|
|c|âDMT|I've been
|c|âDMT|losing
|c|âDMT|all of the games
|
|switch|p2a: ZAP YO DUM ASS|Raikou|291\/321
|-ability|p2a: ZAP YO DUM ASS|Pressure
|turn|49
|c|âDMT|ALL
|c|âDMT|OF
|c|âDMT|THE
|c|âDMT|GAMES
|c| thisbemyfault|ur a femael?
|
|move|p2a: ZAP YO DUM ASS|Thunderbolt|p1a: Suicune
|-supereffective|p1a: Suicune
|-damage|p1a: Suicune|0 fnt
|faint|p1a: Suicune
|
|
|switch|p1a: Crobat|Crobat, F|208\/311
|-damage|p1a: Crobat|131\/311|[from] Stealth Rock
|turn|50
|c|âTyphozzz|welp
|c|âTyphozzz|uh
|c|âDMT|miss
|c|âTyphozzz|sorry for hax
|c|âTyphozzz|...
|c|âDMT|is k
|
|move|p1a: Crobat|Roost|p1a: Crobat
|-heal|p1a: Crobat|287\/311
|move|p2a: ZAP YO DUM ASS|Thunderbolt|p1a: Crobat
|-damage|p1a: Crobat|31\/311
|
|-heal|p1a: Crobat|50\/311|[from] item: Black Sludge
|turn|51
|c|âDMT|i froze you
|c|âDMT|so !
|
|move|p1a: Crobat|Toxic|p2a: ZAP YO DUM ASS
|-status|p2a: ZAP YO DUM ASS|tox
|move|p2a: ZAP YO DUM ASS|Thunderbolt|p1a: Crobat
|-supereffective|p1a: Crobat
|-damage|p1a: Crobat|0 fnt
|faint|p1a: Crobat
|
|win|Typhozzz
|raw|Ladder updating...
|raw|DMT's rating: 1547 &rarr; <strong>1520<\/strong><br \/>(-27 for losing)
|raw|Typhozzz's rating: 1434 &rarr; <strong>1460<\/strong><br \/>(+26 for winning)
|c| thisbemyfault|dommoge
|c|âTyphozzz|yea but
|c|âDMT|all good
|c|âDMT|lol
|c|âDMT|gg
|leave|lelbuttlicker
|leave|2spoopy4u
|c| Zekrom24|gg
|c|âTyphozzz|my hax igot on u mattered more
|c| Bob the Bro|rip
|c|âTyphozzz|:I
|leave|DMT
|player|p1
|c|âTyphozzz|gg