|join|tytryf
|join|DMT
|player|p1|tytryf|293
|player|p2|DMT|184
|gametype|singles
|gen|6
|tier|UU
|rated
|rule|Sleep Clause Mod: Limit one foe put to sleep
|rule|Species Clause: Limit one of each PokÃ©mon
|rule|OHKO Clause: OHKO moves are banned
|rule|Moody Clause: Moody is banned
|rule|Evasion Moves Clause: Evasion moves are banned
|rule|Endless Battle Clause: Forcing endless battles is banned
|rule|HP Percentage Mod: HP is shown in percentages
|clearpoke
|poke|p1|Hippowdon, F
|poke|p1|Steelix, M, shiny
|poke|p1|Rotom-Heat
|poke|p1|Florges, F
|poke|p1|Haxorus, M
|poke|p1|Tentacruel, M
|poke|p2|Shedinja
|poke|p2|Absol, F
|poke|p2|Xatu, F
|poke|p2|Cobalion
|poke|p2|Archeops, M
|poke|p2|Tentacruel, F
|rule|Swagger Clause: Swagger is banned
|rule|Baton Pass Clause: Limit one PokÃ©mon knowing Baton Pass
|teampreview
|join|Dad's Dad
|join|zekaius
|join|ahyueah
|join|Fren's testing
|join|OVERTIME
|c|âDMT|WELP
|c| Fren's testing|Fuck Shedinja
|join|xShiba
|c|âDMT|ROTOM H HAXORUS SAND ELEPHANT
|c|âDMT|THIS MAN DISLIKES SHEDINJA
|c| ahyueah|haha
|c| ahyueah|safety goggles shedninja
|
|start
|switch|p1a: Rotom-Heat|Rotom-Heat|241\/241
|switch|p2a: Redneck|Archeops, M|291\/291
|turn|1
|
|move|p2a: Redneck|Stone Edge|p1a: Rotom-Heat
|-supereffective|p1a: Rotom-Heat
|-damage|p1a: Rotom-Heat|0 fnt
|faint|p1a: Rotom-Heat
|
|c| zekaius|!ranking DMT
|
|switch|p1a: Hippowdon|Hippowdon, F|419\/419
|-weather|Sandstorm
|turn|2
|c| zekaius|!rankingDMT
|c| zekaius|so done
|c| OVERTIME|u shit
|c| ahyueah|so
|c| ahyueah|done
|c| OVERTIME|its
|c| OVERTIME|\/\/rank DMT
|c| ahyueah|haha
|c|âDMT|u cant broadcast
|
|switch|p2a: DOOT DOOT|Xatu, F|334\/334
|switch|p1a: Steelix|Steelix, M, shiny|353\/353
|
|-weather|Sandstorm|[upkeep]
|-damage|p2a: DOOT DOOT|314\/334|[from] sandstorm
|turn|3
|c| OVERTIME|doot
|c| OVERTIME|doot
|
|detailschange|p1a: Steelix|Steelix-Mega, M, shiny
|-mega|p1a: Steelix|Steelix|Steelixite
|move|p2a: DOOT DOOT|Heat Wave|p1a: Steelix
|-supereffective|p1a: Steelix
|-damage|p1a: Steelix|205\/353
|move|p1a: Steelix|Heavy Slam|p2a: DOOT DOOT
|-damage|p2a: DOOT DOOT|40\/334
|-damage|p1a: Steelix|147\/353|[from] item: Rocky Helmet|[of] p2a: DOOT DOOT
|
|-weather|Sandstorm|[upkeep]
|-damage|p2a: DOOT DOOT|20\/334|[from] sandstorm
|turn|4
|c|âDMT|ow
|
|switch|p1a: Florges|Florges, F|360\/360
|move|p2a: DOOT DOOT|U-turn|p1a: Florges
|-resisted|p1a: Florges
|-damage|p1a: Florges|343\/360
|
|switch|p2a: Combat Clothes|Cobalion|386\/386
|
|-weather|Sandstorm|[upkeep]
|-damage|p1a: Florges|321\/360|[from] sandstorm
|-heal|p1a: Florges|343\/360|[from] item: Leftovers
|turn|5
|join|sniperaim
|c| ahyueah|haha elitesniper
|c| sniperaim|DOOT DOOT
|
|move|p2a: Combat Clothes|Iron Head|p1a: Florges
|-supereffective|p1a: Florges
|-damage|p1a: Florges|167\/360
|move|p1a: Florges|Moonblast|p2a: Combat Clothes
|-damage|p2a: Combat Clothes|226\/386
|-unboost|p2a: Combat Clothes|spa|1
|
|-weather|Sandstorm|[upkeep]
|-damage|p1a: Florges|145\/360|[from] sandstorm
|-heal|p1a: Florges|167\/360|[from] item: Leftovers
|turn|6
|leave|Fren's testing
|
|switch|p2a: DOOT DOOT|Xatu, F|20\/334
|switch|p1a: Hippowdon|Hippowdon, F|419\/419
|
|-weather|Sandstorm|[upkeep]
|-damage|p2a: DOOT DOOT|0 fnt|[from] sandstorm
|faint|p2a: DOOT DOOT
|c|âDMT|oh
|c|âDMT|fuck
|c|âDMT|misscalculated
|
|switch|p2a: Redneck|Archeops, M|291\/291
|turn|7
|c| OVERTIME|doot
|c| OVERTIME|doot
|c| OVERTIME|:[
|c|âDMT|rip
|c|âDMT|will not be forgot
|
|move|p2a: Redneck|Switcheroo|p1a: Hippowdon
|-activate|p2a: Redneck|move: Trick|[of] p1a: Hippowdon
|-item|p1a: Hippowdon|Choice Scarf|[from] Trick
|-item|p2a: Redneck|Smooth Rock|[from] Trick
|move|p1a: Hippowdon|Stealth Rock|p2a: Redneck
|-sidestart|p2: DMT|move: Stealth Rock
|
|-weather|Sandstorm|[upkeep]
|turn|8
|c| i wish i had DMT|GO DMT
|c|âDMT|thanks haha!
|
|switch|p1a: Steelix|Steelix-Mega, M, shiny|147\/353
|move|p2a: Redneck|Defog|p1a: Steelix
|-unboost|p1a: Steelix|evasion|1
|-sideend|p2: DMT|Stealth Rock|[from] move: Defog|[of] p2a: Redneck
|
|-weather|Sandstorm|[upkeep]
|turn|9
|
|move|p2a: Redneck|U-turn|p1a: Steelix
|-resisted|p1a: Steelix
|-damage|p1a: Steelix|127\/353
|
|switch|p2a: Win Condition|Shedinja|1\/1
|move|p1a: Steelix|Heavy Slam|p2a: Win Condition
|-activate|p2a: Win Condition|ability: Wonder Guard
|
|-weather|none
|turn|10
|
|switch|p2a: FairyDark plz|Absol, F|271\/271
|move|p1a: Steelix|Toxic|p2a: FairyDark plz|[miss]
|-miss|p1a: Steelix|p2a: FairyDark plz
|
|turn|11
|
|detailschange|p2a: FairyDark plz|Absol-Mega, F
|-mega|p2a: FairyDark plz|Absol|Absolite
|move|p2a: FairyDark plz|Baton Pass|p2a: FairyDark plz
|
|switch|p2a: Ten Tickles|Tentacruel, F|364\/364
|move|p1a: Steelix|Heavy Slam|p2a: Ten Tickles
|-resisted|p2a: Ten Tickles
|-damage|p2a: Ten Tickles|254\/364
|
|-heal|p2a: Ten Tickles|276\/364|[from] item: Black Sludge
|turn|12
|c| i wish i had DMT|dmt <3
|c|âDMT|hi haha
|
|move|p2a: Ten Tickles|Scald|p1a: Steelix
|-supereffective|p1a: Steelix
|-damage|p1a: Steelix|0 fnt
|faint|p1a: Steelix
|
|-heal|p2a: Ten Tickles|298\/364|[from] item: Black Sludge
|
|switch|p1a: Haxorus|Haxorus, M|294\/294
|-ability|p1a: Haxorus|Mold Breaker
|turn|13
|
|switch|p1a: Hippowdon|Hippowdon, F|419\/419
|-weather|Sandstorm
|switch|p2a: Redneck|Archeops, M|291\/291
|
|-weather|Sandstorm|[upkeep]
|turn|14
|c| i wish i had DMT|i wish i had dmt
|c| i wish i had DMT|so bad
|c|âDMT|hqhahaha
|
|move|p2a: Redneck|U-turn|p1a: Hippowdon
|-damage|p1a: Hippowdon|359\/419
|c| i wish i had DMT|WHY IS DOOT DOOT DEAD
|c| i wish i had DMT|SOBS
|
|switch|p2a: FairyDark plz|Absol-Mega, F|271\/271
|move|p1a: Hippowdon|Roar|p2a: FairyDark plz
|move|p2a: FairyDark plz|Roar|p1a: Hippowdon|[from]Magic Bounce
|drag|p1a: Tentacruel|Tentacruel, M|361\/361
|
|-weather|Sandstorm|[upkeep]
|-damage|p2a: FairyDark plz|255\/271|[from] sandstorm
|-damage|p1a: Tentacruel|339\/361|[from] sandstorm
|-heal|p1a: Tentacruel|361\/361|[from] item: Black Sludge
|turn|15
|c|âDMT|cuz I miscalc'd sand
|c| i wish i had DMT|thats like the only name i cant say without laughing
|
|move|p2a: FairyDark plz|Baton Pass|p2a: FairyDark plz
|
|switch|p2a: Ten Tickles|Tentacruel, F|298\/364
|move|p1a: Tentacruel|Scald|p2a: Ten Tickles
|-resisted|p2a: Ten Tickles
|-damage|p2a: Ten Tickles|269\/364
|
|-weather|Sandstorm|[upkeep]
|-damage|p1a: Tentacruel|339\/361|[from] sandstorm
|-damage|p2a: Ten Tickles|247\/364|[from] sandstorm
|-heal|p1a: Tentacruel|361\/361|[from] item: Black Sludge
|-heal|p2a: Ten Tickles|269\/364|[from] item: Black Sludge
|turn|16
|c|âDMT|huehuehuehue
|
|move|p1a: Tentacruel|Knock Off|p2a: Ten Tickles
|-damage|p2a: Ten Tickles|212\/364
|-enditem|p2a: Ten Tickles|Black Sludge|[from] move: Knock Off|[of] p1a: Tentacruel
|move|p2a: Ten Tickles|Toxic Spikes|p1a: Tentacruel
|-sidestart|p1: tytryf|move: Toxic Spikes
|
|-weather|Sandstorm|[upkeep]
|-damage|p1a: Tentacruel|339\/361|[from] sandstorm
|-damage|p2a: Ten Tickles|190\/364|[from] sandstorm
|-heal|p1a: Tentacruel|361\/361|[from] item: Black Sludge
|turn|17
|
|move|p1a: Tentacruel|Acid Spray|p2a: Ten Tickles
|-resisted|p2a: Ten Tickles
|-damage|p2a: Ten Tickles|173\/364
|move|p2a: Ten Tickles|Scald|p1a: Tentacruel
|-resisted|p1a: Tentacruel
|-damage|p1a: Tentacruel|328\/361
|-status|p1a: Tentacruel|brn
|
|-weather|none
|-heal|p1a: Tentacruel|350\/361 brn|[from] item: Black Sludge
|-damage|p1a: Tentacruel|305\/361 brn|[from] brn
|turn|18
|
|move|p1a: Tentacruel|Scald|p2a: Ten Tickles
|-resisted|p2a: Ten Tickles
|-damage|p2a: Ten Tickles|142\/364
|move|p2a: Ten Tickles|Acid Spray|p1a: Tentacruel
|-resisted|p1a: Tentacruel
|-damage|p1a: Tentacruel|287\/361 brn
|-unboost|p1a: Tentacruel|spd|2
|
|-heal|p1a: Tentacruel|309\/361 brn|[from] item: Black Sludge
|-damage|p1a: Tentacruel|264\/361 brn|[from] brn
|turn|19
|
|switch|p2a: Win Condition|Shedinja|1\/1
|move|p1a: Tentacruel|Acid Spray|p2a: Win Condition
|-activate|p2a: Win Condition|ability: Wonder Guard
|
|-heal|p1a: Tentacruel|286\/361 brn|[from] item: Black Sludge
|-damage|p1a: Tentacruel|241\/361 brn|[from] brn
|turn|20
|join|notr0ady
|
|switch|p2a: Redneck|Archeops, M|291\/291
|move|p1a: Tentacruel|Knock Off|p2a: Redneck
|-damage|p2a: Redneck|252\/291
|-enditem|p2a: Redneck|Smooth Rock|[from] move: Knock Off|[of] p1a: Tentacruel
|
|-heal|p1a: Tentacruel|263\/361 brn|[from] item: Black Sludge
|-damage|p1a: Tentacruel|218\/361 brn|[from] brn
|turn|21
|
|move|p2a: Redneck|Stone Edge|p1a: Tentacruel
|-damage|p1a: Tentacruel|50\/361 brn
|move|p1a: Tentacruel|Scald|p2a: Redneck
|-supereffective|p2a: Redneck
|-damage|p2a: Redneck|36\/291
|-status|p2a: Redneck|brn
|
|-heal|p1a: Tentacruel|72\/361 brn|[from] item: Black Sludge
|-damage|p2a: Redneck|0 fnt|[from] brn
|-damage|p1a: Tentacruel|27\/361 brn|[from] brn
|faint|p2a: Redneck
|join|DrReuniclus3
|join|VividLatias
|c| OVERTIME|why do all the good players have to get haxed
|c| OVERTIME|:\/
|
|switch|p2a: FairyDark plz|Absol-Mega, F|255\/271
|turn|22
|c|âDMT|who got haxed
|c|âDMT|who is a good player
|c| notr0ady|lol
|
|switch|p1a: Florges|Florges, F|167\/360
|-status|p1a: Florges|psn
|move|p2a: FairyDark plz|Knock Off|p1a: Florges
|-resisted|p1a: Florges
|-damage|p1a: Florges|51\/360 psn
|-enditem|p1a: Florges|Leftovers|[from] move: Knock Off|[of] p2a: FairyDark plz
|
|-damage|p1a: Florges|6\/360 psn|[from] psn
|turn|23
|c| OVERTIME|u!
|c| i wish i had DMT|DMT is an expert haxor
|c| i wish i had DMT|anyway
|c| i wish i had DMT|so it doesnt atter
|c|âDMT|oh idk i know im great player
|join|r0ady
|c|âDMT|when did I get hax'd
|c| OVERTIME|you have @ in uu room
|c| OVERTIME|all auth are great at this game
|c| r0ady|DMT is bad at pokemon lol
|c| OVERTIME|!!!
|c|âDMT|yeah haha
|
|move|p2a: FairyDark plz|Knock Off|p1a: Florges
|-resisted|p1a: Florges
|-damage|p1a: Florges|0 fnt
|faint|p1a: Florges
|
|c|âDMT|I'm scared of master race scarf haxorus
|
|switch|p1a: Hippowdon|Hippowdon, F|359\/419
|-status|p1a: Hippowdon|psn
|-weather|Sandstorm
|turn|24
|c|âDMT|because that's something that keeps popping up even though it's bad
|join|ANGER MANAGEMENT
|c| i wish i had DMT|U gotta sd
|c| r0ady|do you live eq?
|c| i wish i had DMT|here
|c| i wish i had DMT|lol
|leave|ANGER MANAGEMENT
|
|move|p2a: FairyDark plz|Swords Dance|p2a: FairyDark plz
|-boost|p2a: FairyDark plz|atk|2
|move|p1a: Hippowdon|Earthquake|p2a: FairyDark plz
|-damage|p2a: FairyDark plz|54\/271
|
|-weather|Sandstorm|[upkeep]
|-damage|p2a: FairyDark plz|38\/271|[from] sandstorm
|-damage|p1a: Hippowdon|307\/419 psn|[from] psn
|turn|25
|
|move|p2a: FairyDark plz|Knock Off|p1a: Hippowdon
|-damage|p1a: Hippowdon|30\/419 psn
|-enditem|p1a: Hippowdon|Choice Scarf|[from] move: Knock Off|[of] p2a: FairyDark plz
|move|p1a: Hippowdon|Earthquake|p2a: FairyDark plz
|-damage|p2a: FairyDark plz|0 fnt
|faint|p2a: FairyDark plz
|
|-weather|Sandstorm|[upkeep]
|-damage|p1a: Hippowdon|0 fnt|[from] psn
|faint|p1a: Hippowdon
|c|âDMT|oof
|
|switch|p2a: Combat Clothes|Cobalion|226\/386
|switch|p1a: Tentacruel|Tentacruel, M|27\/361 brn
|-sideend|p1: tytryf|move: Toxic Spikes|[of] p1a: Tentacruel
|turn|26
|c| i wish i had DMT|threat adverted
|c| i wish i had DMT|:^]
|c| r0ady|and mold breaker hax
|
|move|p2a: Combat Clothes|Iron Head|p1a: Tentacruel
|-resisted|p1a: Tentacruel
|-damage|p1a: Tentacruel|0 fnt
|faint|p1a: Tentacruel
|
|-weather|Sandstorm|[upkeep]
|c| i wish i had DMT|stall sand
|c| r0ady|for sheddy
|c|âDMT|no threat averted
|c| i wish i had DMT|nooo
|c|âDMT|hax still sweeps
|join|THEiTodd
|
|switch|p1a: Haxorus|Haxorus, M|294\/294
|-ability|p1a: Haxorus|Mold Breaker
|turn|27
|c| r0ady|iron head flinch
|
|move|p2a: Combat Clothes|Volt Switch|p1a: Haxorus
|-resisted|p1a: Haxorus
|-damage|p1a: Haxorus|263\/294
|c|âDMT|ya tru
|
|switch|p2a: Ten Tickles|Tentacruel, F|142\/364
|move|p1a: Haxorus|Earthquake|p2a: Ten Tickles
|-supereffective|p2a: Ten Tickles
|-damage|p2a: Ten Tickles|0 fnt
|faint|p2a: Ten Tickles
|
|-weather|Sandstorm|[upkeep]
|-damage|p1a: Haxorus|245\/294|[from] sandstorm
|c| i wish i had DMT|is it scarf?
|c| r0ady|i wish i had dmt sand doesnt matter mold breaker
|c| OVERTIME|lum probably
|
|switch|p2a: Combat Clothes|Cobalion|226\/386
|turn|28
|join|Tipsy Russian
|c|âDMT|ok unless band
|c|âDMT|I live
|c| i wish i had DMT|he coulda pulled off a SD
|
|move|p2a: Combat Clothes|Rest|p2a: Combat Clothes
|-status|p2a: Combat Clothes|slp
|-heal|p2a: Combat Clothes|386\/386 slp|[silent]
|-status|p2a: Combat Clothes|slp|[from] move: Rest
|-enditem|p2a: Combat Clothes|Chesto Berry|[eat]
|-curestatus|p2a: Combat Clothes|slp
|move|p1a: Haxorus|Earthquake|p2a: Combat Clothes
|-supereffective|p2a: Combat Clothes
|-damage|p2a: Combat Clothes|182\/386
|
|-weather|none
|turn|29
|c|âDMT|weak af
|c| i wish i had DMT|on tentacruel
|c| i wish i had DMT|so i think it matterd a bit
|c| i wish i had DMT|actually quite a lot
|
|move|p2a: Combat Clothes|Close Combat|p1a: Haxorus
|-damage|p1a: Haxorus|115\/294
|-unboost|p2a: Combat Clothes|def|1
|-unboost|p2a: Combat Clothes|spd|1
|move|p1a: Haxorus|Earthquake|p2a: Combat Clothes
|-supereffective|p2a: Combat Clothes
|-damage|p2a: Combat Clothes|0 fnt
|faint|p2a: Combat Clothes
|
|c|âDMT|checkm8
|c|âDMT|I think
|c| i wish i had DMT|well
|
|switch|p2a: Win Condition|Shedinja|1\/1
|turn|30
|c| i wish i had DMT|u still have sash
|c| i wish i had DMT|right
|c|âDMT|unless toxic
|c| i wish i had DMT|???
|c|âDMT|ya
|c| i wish i had DMT|K!
|c|âDMT|plz reveal toxic
|c|âDMT|rockslide flinch
|
|move|p1a: Haxorus|Dragon Claw|p2a: Win Condition
|-enditem|p2a: Win Condition|Focus Sash
|-damage|p2a: Win Condition|1\/1
|move|p2a: Win Condition|X-Scissor|p1a: Haxorus
|-damage|p1a: Haxorus|0 fnt
|faint|p1a: Haxorus
|
|win|DMT
|raw|Ladder updating...
|c|âDMT|dualchop
|c|âDMT|gg
|raw|tytryf's rating: 1308 &rarr; <strong>1295<\/strong><br \/>(-13 for losing)
|raw|DMT's rating: 1435 &rarr; <strong>1448<\/strong><br \/>(+13 for winning)
|c| i wish i had DMT|GG!
|leave|DMT
|leave|OVERTIME
|player|p2
|c|âtytryf|gg :]
|join|DMT
|leave|i wish i had DMT
|c| THEiTodd|yay!