|join|Sacri'
|join|DMT
|player|p1|Sacri'|265
|player|p2|DMT|184
|gametype|singles
|gen|6
|tier|UU
|rated
|rule|Sleep Clause Mod: Limit one foe put to sleep
|rule|Species Clause: Limit one of each PokÃ©mon
|rule|OHKO Clause: OHKO moves are banned
|rule|Moody Clause: Moody is banned
|rule|Evasion Moves Clause: Evasion moves are banned
|rule|Endless Battle Clause: Forcing endless battles is banned
|rule|HP Percentage Mod: HP is shown in percentages
|clearpoke
|poke|p1|Absol, M
|poke|p1|Nidoqueen, F
|poke|p1|Suicune
|poke|p1|Roserade, M
|poke|p1|Mienshao, F
|poke|p1|Jirachi
|poke|p2|Vaporeon, F
|poke|p2|Sceptile, F
|poke|p2|Donphan, M
|poke|p2|Jirachi
|poke|p2|Chandelure, F
|poke|p2|Nidoqueen, F
|rule|Swagger Clause: Swagger is banned
|rule|Baton Pass Clause: Limit one PokÃ©mon knowing Baton Pass
|teampreview
|join|Coltestes
|c|âDMT|Sorry, 20 seconds
|c|âSacri'|np
|c|âDMT|k
|
|start
|switch|p1a: Absol|Absol, M|271\/271
|switch|p2a: Donphan|Donphan, M|384\/384
|turn|1
|
|switch|p1a: Suicune|Suicune|404\/404
|-ability|p1a: Suicune|Pressure
|move|p2a: Donphan|Earthquake|p1a: Suicune
|-damage|p1a: Suicune|292\/404
|
|-heal|p1a: Suicune|317\/404|[from] item: Leftovers
|turn|2
|
|switch|p2a: Vaporeon|Vaporeon, F|464\/464
|move|p1a: Suicune|Scald|p2a: Vaporeon
|-immune|p2a: Vaporeon|[msg]
|
|-heal|p1a: Suicune|342\/404|[from] item: Leftovers
|turn|3
|
|switch|p1a: Roserade|Roserade, M|262\/262
|move|p2a: Vaporeon|Baton Pass|p2a: Vaporeon
|
|switch|p2a: Jirachi|Jirachi|341\/341
|
|turn|4
|
|switch|p1a: Suicune|Suicune|342\/404
|-ability|p1a: Suicune|Pressure
|move|p2a: Jirachi|Trick|p1a: Suicune
|-activate|p2a: Jirachi|move: Trick|[of] p1a: Suicune
|-item|p1a: Suicune|Choice Scarf|[from] move: Trick
|-item|p2a: Jirachi|Leftovers|[from] move: Trick
|
|turn|5
|
|switch|p1a: Roserade|Roserade, M|262\/262
|move|p2a: Jirachi|U-turn|p1a: Roserade
|-damage|p1a: Roserade|163\/262
|
|switch|p2a: Nidoqueen|Nidoqueen, F|358\/358
|
|turn|6
|
|move|p1a: Roserade|Sleep Powder|p2a: Nidoqueen
|-status|p2a: Nidoqueen|slp
|cant|p2a: Nidoqueen|slp
|
|turn|7
|
|switch|p2a: Jirachi|Jirachi|341\/341
|move|p1a: Roserade|Spikes|p2a: Jirachi
|-sidestart|p2: DMT|Spikes
|
|turn|8
|
|switch|p1a: Suicune|Suicune|342\/404
|-ability|p1a: Suicune|Pressure
|move|p2a: Jirachi|Iron Head|p1a: Suicune
|-resisted|p1a: Suicune
|-damage|p1a: Suicune|303\/404
|
|turn|9
|
|move|p2a: Jirachi|U-turn|p1a: Suicune
|-damage|p1a: Suicune|255\/404
|
|switch|p2a: Vaporeon|Vaporeon, F|464\/464
|-damage|p2a: Vaporeon|406\/464|[from] Spikes
|move|p1a: Suicune|Scald|p2a: Vaporeon
|-heal|p2a: Vaporeon|464\/464|[from] ability: Water Absorb|[of] p1a: Suicune
|
|turn|10
|
|switch|p1a: Roserade|Roserade, M|163\/262
|move|p2a: Vaporeon|Baton Pass|p2a: Vaporeon
|
|switch|p2a: Jirachi|Jirachi|341\/341
|-damage|p2a: Jirachi|299\/341|[from] Spikes
|
|-heal|p2a: Jirachi|320\/341|[from] item: Leftovers
|turn|11
|
|switch|p1a: Suicune|Suicune|255\/404
|-ability|p1a: Suicune|Pressure
|move|p2a: Jirachi|Iron Head|p1a: Suicune
|-resisted|p1a: Suicune
|-damage|p1a: Suicune|216\/404
|
|-heal|p2a: Jirachi|341\/341|[from] item: Leftovers
|turn|12
|
|move|p2a: Jirachi|U-turn|p1a: Suicune
|-damage|p1a: Suicune|173\/404
|
|switch|p2a: Vaporeon|Vaporeon, F|464\/464
|-damage|p2a: Vaporeon|406\/464|[from] Spikes
|move|p1a: Suicune|Scald|p2a: Vaporeon
|-heal|p2a: Vaporeon|464\/464|[from] ability: Water Absorb|[of] p1a: Suicune
|
|turn|13
|
|switch|p1a: Roserade|Roserade, M|163\/262
|move|p2a: Vaporeon|Baton Pass|p2a: Vaporeon
|
|switch|p2a: Jirachi|Jirachi|341\/341
|-damage|p2a: Jirachi|299\/341|[from] Spikes
|
|-heal|p2a: Jirachi|320\/341|[from] item: Leftovers
|turn|14
|
|switch|p1a: Suicune|Suicune|173\/404
|-ability|p1a: Suicune|Pressure
|move|p2a: Jirachi|Iron Head|p1a: Suicune
|-resisted|p1a: Suicune
|-damage|p1a: Suicune|136\/404
|
|-heal|p2a: Jirachi|341\/341|[from] item: Leftovers
|turn|15
|
|move|p2a: Jirachi|U-turn|p1a: Suicune
|-damage|p1a: Suicune|90\/404
|
|switch|p2a: Vaporeon|Vaporeon, F|464\/464
|-damage|p2a: Vaporeon|406\/464|[from] Spikes
|move|p1a: Suicune|Scald|p2a: Vaporeon
|-heal|p2a: Vaporeon|464\/464|[from] ability: Water Absorb|[of] p1a: Suicune
|
|turn|16
|
|move|p1a: Suicune|Scald|p2a: Vaporeon
|-immune|p2a: Vaporeon|[msg]
|move|p2a: Vaporeon|Baton Pass|p2a: Vaporeon
|
|switch|p2a: Sceptile|Sceptile, F|281\/281
|-damage|p2a: Sceptile|246\/281|[from] Spikes
|
|turn|17
|
|detailschange|p2a: Sceptile|Sceptile-Mega, F
|-mega|p2a: Sceptile|Sceptile|Sceptilite
|move|p2a: Sceptile|Substitute|p2a: Sceptile
|-start|p2a: Sceptile|Substitute
|-damage|p2a: Sceptile|176\/281
|move|p1a: Suicune|Scald|p2a: Sceptile
|-resisted|p2a: Sceptile
|-activate|p2a: Sceptile|Substitute|[damage]
|
|turn|18
|
|move|p2a: Sceptile|Giga Drain|p1a: Suicune
|-supereffective|p1a: Suicune
|-damage|p1a: Suicune|0 fnt
|-heal|p2a: Sceptile|221\/281|[from] drain|[of] p1a: Suicune
|faint|p1a: Suicune
|
|
|switch|p1a: Jirachi|Jirachi|341\/341
|turn|19
|
|move|p2a: Sceptile|Dragon Pulse|p1a: Jirachi
|-resisted|p1a: Jirachi
|-damage|p1a: Jirachi|254\/341
|move|p1a: Jirachi|U-turn|p2a: Sceptile
|-supereffective|p2a: Sceptile
|-end|p2a: Sceptile|Substitute
|
|switch|p1a: Mienshao|Mienshao, F|271\/271
|
|turn|20
|
|switch|p2a: Jirachi|Jirachi|341\/341
|-damage|p2a: Jirachi|299\/341|[from] Spikes
|move|p1a: Mienshao|U-turn|p2a: Jirachi
|-damage|p2a: Jirachi|211\/341
|
|switch|p1a: Absol|Absol, M|271\/271
|
|-heal|p2a: Jirachi|232\/341|[from] item: Leftovers
|turn|21
|
|detailschange|p1a: Absol|Absol-Mega, M
|-mega|p1a: Absol|Absol|Absolite
|move|p1a: Absol|Sucker Punch|p2a: Jirachi
|-supereffective|p2a: Jirachi
|-damage|p2a: Jirachi|0 fnt
|faint|p2a: Jirachi
|
|c|âDMT|this thing is such a problem
|
|switch|p2a: Donphan|Donphan, M|384\/384
|-damage|p2a: Donphan|336\/384|[from] Spikes
|turn|22
|
|switch|p1a: Roserade|Roserade, M|163\/262
|move|p2a: Donphan|Earthquake|p1a: Roserade
|-crit|p1a: Roserade
|-damage|p1a: Roserade|0 fnt
|faint|p1a: Roserade
|
|
|switch|p1a: Nidoqueen|Nidoqueen, F|384\/384
|turn|23
|
|move|p1a: Nidoqueen|Ice Beam|p2a: Donphan
|-supereffective|p2a: Donphan
|-damage|p2a: Donphan|45\/384
|move|p2a: Donphan|Earthquake|p1a: Nidoqueen
|-supereffective|p1a: Nidoqueen
|-damage|p1a: Nidoqueen|36\/384
|
|turn|24
|
|switch|p1a: Jirachi|Jirachi|254\/341
|move|p2a: Donphan|Ice Shard|p1a: Jirachi
|-resisted|p1a: Jirachi
|-damage|p1a: Jirachi|233\/341
|
|-heal|p1a: Jirachi|254\/341|[from] item: Leftovers
|turn|25
|
|switch|p2a: Vaporeon|Vaporeon, F|464\/464
|-damage|p2a: Vaporeon|406\/464|[from] Spikes
|move|p1a: Jirachi|Iron Head|p2a: Vaporeon
|-resisted|p2a: Vaporeon
|-damage|p2a: Vaporeon|343\/464
|
|-heal|p1a: Jirachi|275\/341|[from] item: Leftovers
|-heal|p2a: Vaporeon|372\/464|[from] item: Leftovers
|turn|26
|
|move|p1a: Jirachi|Zen Headbutt|p2a: Vaporeon|[miss]
|-miss|p1a: Jirachi|p2a: Vaporeon
|move|p2a: Vaporeon|Scald|p1a: Jirachi
|-damage|p1a: Jirachi|178\/341
|-status|p1a: Jirachi|brn
|
|-heal|p1a: Jirachi|199\/341 brn|[from] item: Leftovers
|-heal|p2a: Vaporeon|401\/464|[from] item: Leftovers
|-damage|p1a: Jirachi|157\/341 brn|[from] brn
|turn|27
|c|âSacri'|I'm lucky imo
|c|âDMT|lol
|c|âDMT|imotbh
|
|move|p1a: Jirachi|Zen Headbutt|p2a: Vaporeon
|-damage|p2a: Vaporeon|341\/464
|cant|p2a: Vaporeon|flinch
|
|-heal|p1a: Jirachi|178\/341 brn|[from] item: Leftovers
|-heal|p2a: Vaporeon|370\/464|[from] item: Leftovers
|-damage|p1a: Jirachi|136\/341 brn|[from] brn
|turn|28
|c|âDMT|wow flinch
|c|âSacri'|omg
|
|move|p1a: Jirachi|Zen Headbutt|p2a: Vaporeon
|-damage|p2a: Vaporeon|310\/464
|move|p2a: Vaporeon|Wish|p2a: Vaporeon
|
|-heal|p1a: Jirachi|157\/341 brn|[from] item: Leftovers
|-heal|p2a: Vaporeon|339\/464|[from] item: Leftovers
|-damage|p1a: Jirachi|115\/341 brn|[from] brn
|turn|29
|c|âDMT|gitgud
|
|move|p1a: Jirachi|Zen Headbutt|p2a: Vaporeon
|-crit|p2a: Vaporeon
|-damage|p2a: Vaporeon|257\/464
|move|p2a: Vaporeon|Baton Pass|p2a: Vaporeon
|
|switch|p2a: Chandelure|Chandelure, F|261\/261
|-damage|p2a: Chandelure|229\/261|[from] Spikes
|
|-heal|p2a: Chandelure|261\/261|[from] move: Wish|[wisher] Vaporeon
|-heal|p1a: Jirachi|136\/341 brn|[from] item: Leftovers
|-damage|p1a: Jirachi|94\/341 brn|[from] brn
|turn|30
|
|move|p1a: Jirachi|Healing Wish|p1a: Jirachi
|faint|p1a: Jirachi
|move|p2a: Chandelure|Substitute|p2a: Chandelure
|-start|p2a: Chandelure|Substitute
|-damage|p2a: Chandelure|196\/261
|
|-heal|p2a: Chandelure|212\/261|[from] item: Leftovers
|
|switch|p1a: Nidoqueen|Nidoqueen, F|36\/384
|-heal|p1a: Nidoqueen|384\/384|[from] move: Healing Wish
|turn|31
|
|move|p2a: Chandelure|Flamethrower|p1a: Nidoqueen
|-damage|p1a: Nidoqueen|176\/384
|move|p1a: Nidoqueen|Earth Power|p2a: Chandelure
|-supereffective|p2a: Chandelure
|-end|p2a: Chandelure|Substitute
|
|-heal|p2a: Chandelure|228\/261|[from] item: Leftovers
|turn|32
|
|move|p2a: Chandelure|Flamethrower|p1a: Nidoqueen
|-damage|p1a: Nidoqueen|0 fnt
|faint|p1a: Nidoqueen
|
|-heal|p2a: Chandelure|244\/261|[from] item: Leftovers
|join|Meowiekins
|
|switch|p1a: Absol|Absol-Mega, M|271\/271
|turn|33
|
|move|p1a: Absol|Knock Off|p2a: Chandelure
|-supereffective|p2a: Chandelure
|-damage|p2a: Chandelure|0 fnt
|-enditem|p2a: Chandelure|Leftovers|[from] move: Knock Off|[of] p1a: Absol
|faint|p2a: Chandelure
|
|
|switch|p2a: Sceptile|Sceptile-Mega, F|221\/281
|-damage|p2a: Sceptile|186\/281|[from] Spikes
|turn|34
|join|Exemption
|c|âDMT|hmm
|
|move|p2a: Sceptile|Substitute|p2a: Sceptile
|-start|p2a: Sceptile|Substitute
|-damage|p2a: Sceptile|116\/281
|move|p1a: Absol|Play Rough|p2a: Sceptile
|-supereffective|p2a: Sceptile
|-end|p2a: Sceptile|Substitute
|
|turn|35
|
|move|p2a: Sceptile|Substitute|p2a: Sceptile
|-start|p2a: Sceptile|Substitute
|-damage|p2a: Sceptile|46\/281
|move|p1a: Absol|Play Rough|p2a: Sceptile
|-crit|p2a: Sceptile
|-supereffective|p2a: Sceptile
|-end|p2a: Sceptile|Substitute
|
|turn|36
|
|move|p1a: Absol|Sucker Punch|p2a: Sceptile
|-fail|p2a: Sceptile
|move|p2a: Sceptile|Substitute|p2a: Sceptile
|-fail|p2a: Sceptile|move: Substitute|[weak]
|
|turn|37
|
|move|p1a: Absol|Sucker Punch|p2a: Sceptile
|-fail|p2a: Sceptile
|move|p2a: Sceptile|Substitute|p2a: Sceptile
|-fail|p2a: Sceptile|move: Substitute|[weak]
|
|turn|38
|c| Meowiekins|lmao
|c|âDMT|only hope
|
|move|p1a: Absol|Sucker Punch|p2a: Sceptile
|-fail|p2a: Sceptile
|move|p2a: Sceptile|Substitute|p2a: Sceptile
|-fail|p2a: Sceptile|move: Substitute|[weak]
|
|turn|39
|
|move|p1a: Absol|Sucker Punch|p2a: Sceptile
|-damage|p2a: Sceptile|0 fnt
|faint|p2a: Sceptile
|
|c|âDMT|ahh
|
|switch|p2a: Vaporeon|Vaporeon, F|257\/464
|-damage|p2a: Vaporeon|199\/464|[from] Spikes
|turn|40
|
|move|p1a: Absol|Knock Off|p2a: Vaporeon
|-damage|p2a: Vaporeon|0 fnt
|-enditem|p2a: Vaporeon|Leftovers|[from] move: Knock Off|[of] p1a: Absol
|faint|p2a: Vaporeon
|
|c|âDMT|gg
|
|switch|p2a: Nidoqueen|Nidoqueen, F|358\/358 slp
|-damage|p2a: Nidoqueen|314\/358 slp|[from] Spikes
|turn|41
|c|âSacri'|gg
|c|âSacri'|That was fun
|
|move|p1a: Absol|Knock Off|p2a: Nidoqueen
|-damage|p2a: Nidoqueen|88\/358 slp
|-enditem|p2a: Nidoqueen|Life Orb|[from] move: Knock Off|[of] p1a: Absol
|-curestatus|p2a: Nidoqueen|slp
|move|p2a: Nidoqueen|Earth Power|p1a: Absol
|-damage|p1a: Absol|33\/271
|
|turn|42
|c|âDMT|oh damn
|c|âDMT|I woke right away
|
|move|p1a: Absol|Knock Off|p2a: Nidoqueen
|-damage|p2a: Nidoqueen|0 fnt
|faint|p2a: Nidoqueen
|
|
|switch|p2a: Donphan|Donphan, M|45\/384
|-damage|p2a: Donphan|0 fnt|[from] Spikes
|faint|p2a: Donphan
|
|win|Sacri'
|raw|Ladder updating...
|leave|DMT
|player|p2
|raw|Sacri&apos;'s rating: 1565 &rarr; <strong>1587<\/strong><br \/>(+22 for winning)
|raw|DMT's rating: 1606 &rarr; <strong>1584<\/strong><br \/>(-22 for losing)