|join|DMT
|join|sn321854
|player|p1|DMT|184
|player|p2|sn321854|105
|gametype|singles
|gen|6
|tier|UU
|rated
|rule|Sleep Clause Mod: Limit one foe put to sleep
|rule|Species Clause: Limit one of each PokÃ©mon
|rule|OHKO Clause: OHKO moves are banned
|rule|Moody Clause: Moody is banned
|rule|Evasion Moves Clause: Evasion moves are banned
|rule|Endless Battle Clause: Forcing endless battles is banned
|rule|HP Percentage Mod: HP is shown in percentages
|clearpoke
|poke|p1|Shedinja
|poke|p1|Absol, M
|poke|p1|Xatu, F
|poke|p1|Cobalion
|poke|p1|Archeops, M
|poke|p1|Tentacruel, M
|poke|p2|Haxorus, M, shiny
|poke|p2|Samurott, M
|poke|p2|Banette, F
|poke|p2|Donphan, M
|poke|p2|Vivillon, F
|poke|p2|Infernape, M
|rule|Swagger Clause: Swagger is banned
|rule|Baton Pass Clause: Limit one PokÃ©mon knowing Baton Pass
|teampreview
|join|DatGuyChuck
|c|âDMT|datguychuck
|c|âDMT|that room
|c|âDMT|is horrible
|c|âDMT|without RO
|c|âDMT|:[
|
|start
|switch|p1a: Redneck|Archeops, M|291\/291
|switch|p2a: Zanzibar|Donphan, M|384\/384
|turn|1
|join|Sexy Grapefruit
|
|move|p1a: Redneck|Switcheroo|p2a: Zanzibar
|-activate|p1a: Redneck|move: Trick|[of] p2a: Zanzibar
|-item|p2a: Zanzibar|Choice Scarf|[from] Trick
|-item|p1a: Redneck|Leftovers|[from] Trick
|move|p2a: Zanzibar|Stealth Rock|p1a: Redneck
|-sidestart|p1: DMT|move: Stealth Rock
|
|turn|2
|
|switch|p2a: Crona|Banette, F|331\/331
|move|p1a: Redneck|Defog|p2a: Crona
|-unboost|p2a: Crona|evasion|1
|-sideend|p1: DMT|Stealth Rock|[from] move: Defog|[of] p1a: Redneck
|
|turn|3
|
|detailschange|p2a: Crona|Banette-Mega, F
|-mega|p2a: Crona|Banette|Banettite
|move|p1a: Redneck|Stone Edge|p2a: Crona
|-damage|p2a: Crona|109\/331
|move|p2a: Crona|Will-O-Wisp|p1a: Redneck|[miss]
|-miss|p2a: Crona|p1a: Redneck
|
|turn|4
|
|move|p2a: Crona|Will-O-Wisp|p1a: Redneck
|-status|p1a: Redneck|brn
|move|p1a: Redneck|Stone Edge|p2a: Crona
|-crit|p2a: Crona
|-damage|p2a: Crona|0 fnt
|faint|p2a: Crona
|
|-damage|p1a: Redneck|255\/291 brn|[from] brn
|
|switch|p2a: Dakeini|Samurott, M|331\/331
|turn|5
|
|switch|p1a: Win Condition|Shedinja|1\/1
|move|p2a: Dakeini|Aqua Jet|p1a: Win Condition
|-activate|p1a: Win Condition|ability: Wonder Guard
|
|turn|6
|join|Duskt70
|c| DatGuyChuck|stone edge
|c| DatGuyChuck|or hp fire
|c|âDMT|datguychuck
|c|âDMT|lemmy tell u
|c|âDMT|a story
|c|âDMT|once uppon a time
|join|Pink Core Is Back
|c|âDMT|I made this team
|c|âDMT|and played with it a lot
|c| DatGuyChuck|i have it
|c|âDMT|and knew that samurott carry knock off
|c| Duskt70|intriguing
|c| DatGuyChuck|i stole it from ur rmt
|c|âDMT|and then continued to b8
|c|âDMT|and then ppl said in chat
|c|âDMT|"go to this mon"
|c|âDMT|and the kicker was
|c|âDMT|that sn321854 could read that too
|c|âDMT|and he predicted my switches
|c|âDMT|and I lost and cried
|c| Duskt70|xD
|c|âDMT|the end
|c| DatGuyChuck|xD
|
|switch|p2a: Zanzibar|Donphan, M|384\/384
|switch|p1a: Combat Clothes|Cobalion|386\/386
|
|turn|7
|c|âDMT|xD
|c| Duskt70|chuck pls
|c| Duskt70|be nice
|c| DatGuyChuck|9\/7
|c| DatGuyChuck|best story
|join|ahyueah
|
|switch|p1a: DOOT DOOT|Xatu, F|334\/334
|move|p2a: Zanzibar|Earthquake|p1a: DOOT DOOT
|-immune|p1a: DOOT DOOT|[msg]
|
|turn|8
|c|âDMT|hi ahyuah!
|
|switch|p2a: Dakeini|Samurott, M|331\/331
|move|p1a: DOOT DOOT|U-turn|p2a: Dakeini
|-damage|p2a: Dakeini|293\/331
|c| ahyueah|hello dee em tea!
|c| DatGuyChuck|DOOT DOOT
|
|switch|p1a: Combat Clothes|Cobalion|386\/386
|
|turn|9
|c| Duskt70|inb4 it was special
|
|move|p1a: Combat Clothes|Close Combat|p2a: Dakeini
|-damage|p2a: Dakeini|158\/331
|-unboost|p1a: Combat Clothes|def|1
|-unboost|p1a: Combat Clothes|spd|1
|move|p2a: Dakeini|Swords Dance|p2a: Dakeini
|-boost|p2a: Dakeini|atk|2
|
|turn|10
|c|âDMT|with water jet ya
|c| Duskt70|oh
|c| Duskt70|well
|c| DatGuyChuck|water jet?
|c|âDMT|o fuk
|
|move|p1a: Combat Clothes|Volt Switch|p2a: Dakeini
|-supereffective|p2a: Dakeini
|-damage|p2a: Dakeini|42\/331
|
|switch|p1a: Win Condition|Shedinja|1\/1
|move|p2a: Dakeini|Waterfall|p1a: Win Condition
|-activate|p1a: Win Condition|ability: Wonder Guard
|
|turn|11
|c| DatGuyChuck|go to sehd
|join|So Dynamic
|c| So Dynamic|solid uu team
|
|switch|p2a: Power of 666|Vivillon, F|301\/301
|move|p1a: Win Condition|Shadow Sneak|p2a: Power of 666
|-damage|p2a: Power of 666|202\/301
|
|turn|12
|join|waiv
|
|switch|p1a: Redneck|Archeops, M|255\/291 brn
|move|p2a: Power of 666|Hurricane|p1a: Redneck
|-resisted|p1a: Redneck
|-damage|p1a: Redneck|130\/291 brn
|
|-heal|p1a: Redneck|148\/291 brn|[from] item: Leftovers
|-damage|p1a: Redneck|112\/291 brn|[from] brn
|turn|13
|
|move|p1a: Redneck|U-turn|p2a: Power of 666
|-resisted|p2a: Power of 666
|-damage|p2a: Power of 666|183\/301
|c| Duskt70|clean 7%
|c|âDMT|was not expecting legit stay in
|
|switch|p1a: Ten Tickles|Tentacruel, M|364\/364
|move|p2a: Power of 666|Hurricane|p1a: Ten Tickles
|-damage|p1a: Ten Tickles|223\/364
|-start|p1a: Ten Tickles|confusion
|
|-heal|p1a: Ten Tickles|245\/364|[from] item: Black Sludge
|turn|14
|join|Icicle Fissh
|
|move|p2a: Power of 666|Sleep Powder|p1a: Ten Tickles
|-status|p1a: Ten Tickles|slp
|cant|p1a: Ten Tickles|slp
|
|-heal|p1a: Ten Tickles|267\/364 slp|[from] item: Black Sludge
|turn|15
|
|move|p2a: Power of 666|Quiver Dance|p2a: Power of 666
|-boost|p2a: Power of 666|spa|1
|-boost|p2a: Power of 666|spd|1
|-boost|p2a: Power of 666|spe|1
|-curestatus|p1a: Ten Tickles|slp
|-activate|p1a: Ten Tickles|confusion
|-damage|p1a: Ten Tickles|249\/364|[from] confusion
|
|-heal|p1a: Ten Tickles|271\/364|[from] item: Black Sludge
|turn|16
|
|switch|p1a: DOOT DOOT|Xatu, F|334\/334
|move|p2a: Power of 666|Sleep Powder|p1a: DOOT DOOT
|move|p1a: DOOT DOOT|Sleep Powder|p2a: Power of 666|[from]Magic Bounce|[miss]
|-miss|p1a: DOOT DOOT|p2a: Power of 666
|
|turn|17
|c| DatGuyChuck|nice and miss
|
|switch|p1a: Redneck|Archeops, M|112\/291 brn
|move|p2a: Power of 666|Hurricane|p1a: Redneck
|-resisted|p1a: Redneck
|-damage|p1a: Redneck|0 fnt
|faint|p1a: Redneck
|
|
|switch|p1a: FairyDark plz|Absol, M|271\/271
|turn|18
|c| DatGuyChuck|play the 50\/50 game with it
|
|detailschange|p1a: FairyDark plz|Absol-Mega, M
|-mega|p1a: FairyDark plz|Absol|Absolite
|move|p1a: FairyDark plz|Sucker Punch|p2a: Power of 666
|-damage|p2a: Power of 666|0 fnt
|faint|p2a: Power of 666
|
|
|switch|p2a: Dakeini|Samurott, M|42\/331
|turn|19
|
|move|p1a: FairyDark plz|Sucker Punch|p2a: Dakeini
|-damage|p2a: Dakeini|0 fnt
|faint|p2a: Dakeini
|
|
|switch|p2a: Iroh|Infernape, M|293\/293
|turn|20
|
|switch|p1a: DOOT DOOT|Xatu, F|334\/334
|move|p2a: Iroh|Focus Blast|p1a: DOOT DOOT|[miss]
|-miss|p2a: Iroh|p1a: DOOT DOOT
|
|turn|21
|join|THEiTodd
|c|âDMT|todd
|c|âDMT|help
|c| THEiTodd|ok
|c| THEiTodd|what you do here
|c| THEiTodd|is be av
|c|âDMT|idk
|c| ahyueah|hello the i todd!!!
|c| THEiTodd|and psyshock
|c| THEiTodd|imo
|c|âDMT|I need psychic on this
|c| THEiTodd|hi ahyueah
|c| DatGuyChuck|tbh
|
|move|p2a: Iroh|Overheat|p1a: DOOT DOOT
|-damage|p1a: DOOT DOOT|82\/334
|-unboost|p2a: Iroh|spa|2
|move|p1a: DOOT DOOT|Night Shade|p2a: Iroh
|-damage|p2a: Iroh|193\/293
|
|turn|22
|c| DatGuyChuck|do i repeat of what happened last time
|c| THEiTodd|ok
|c| DatGuyChuck|(i.e. one of ur removed vids
|
|switch|p1a: Ten Tickles|Tentacruel, M|271\/364
|move|p2a: Iroh|U-turn|p1a: Ten Tickles
|-resisted|p1a: Ten Tickles
|-damage|p1a: Ten Tickles|243\/364
|c| THEiTodd|predict miss here
|c| DatGuyChuck|)
|c| THEiTodd|and roost
|c| THEiTodd|oh
|c|âDMT|I"m so confused
|c|âDMT|as to what is happen
|
|switch|p2a: Zanzibar|Donphan, M|384\/384
|
|-heal|p1a: Ten Tickles|265\/364|[from] item: Black Sludge
|turn|23
|join|Marry Jane
|
|switch|p1a: DOOT DOOT|Xatu, F|82\/334
|move|p2a: Zanzibar|Knock Off|p1a: DOOT DOOT
|-supereffective|p1a: DOOT DOOT
|-damage|p1a: DOOT DOOT|0 fnt
|-damage|p2a: Zanzibar|320\/384|[from] item: Rocky Helmet|[of] p1a: DOOT DOOT
|-enditem|p1a: DOOT DOOT|Rocky Helmet|[from] move: Knock Off|[of] p2a: Zanzibar
|faint|p1a: DOOT DOOT
|
|
|switch|p1a: FairyDark plz|Absol-Mega, M|271\/271
|turn|24
|
|switch|p2a: Blaxorus|Haxorus, M, shiny|293\/293
|-ability|p2a: Blaxorus|Mold Breaker
|move|p1a: FairyDark plz|Swords Dance|p1a: FairyDark plz
|-boost|p1a: FairyDark plz|atk|2
|
|turn|25
|c|âDMT|plz no scarf haxorus
|c| Marry Jane|dmt'
|c| Marry Jane|m
|c| Marry Jane|t
|
|move|p2a: Blaxorus|Outrage|p1a: FairyDark plz
|-damage|p1a: FairyDark plz|0 fnt
|faint|p1a: FairyDark plz
|
|c| Marry Jane|KEK
|c|âDMT|mfw scarf haxorus
|c| Marry Jane|KEK
|c| Marry Jane|EK
|c| Pink Core Is Back|cri
|c| Marry Jane|K
|
|switch|p1a: Combat Clothes|Cobalion|386\/386
|turn|26
|
|move|p2a: Blaxorus|Outrage|p1a: Combat Clothes
|-resisted|p1a: Combat Clothes
|-damage|p1a: Combat Clothes|294\/386
|move|p1a: Combat Clothes|Iron Head|p2a: Blaxorus
|-damage|p2a: Blaxorus|191\/293
|
|turn|27
|c| DatGuyChuck|is that
|c| DatGuyChuck|scarf haxo
|c|âDMT|ya lel
|c| Marry Jane|the c team imo
|
|move|p2a: Blaxorus|Outrage|p1a: Combat Clothes
|-resisted|p1a: Combat Clothes
|-damage|p1a: Combat Clothes|202\/386
|move|p1a: Combat Clothes|Close Combat|p2a: Blaxorus
|-damage|p2a: Blaxorus|41\/293
|-unboost|p1a: Combat Clothes|def|1
|-unboost|p1a: Combat Clothes|spd|1
|
|-end|p2a: Blaxorus|rampage
|-start|p2a: Blaxorus|confusion
|turn|28
|c| DatGuyChuck|hit self
|c| DatGuyChuck|hit self
|c| DatGuyChuck|hit self
|c| DatGuyChuck|hit self
|c| DatGuyChuck|hit self
|c|âDMT|preserve
|
|switch|p2a: Iroh|Infernape, M|193\/293
|move|p1a: Combat Clothes|Close Combat|p2a: Iroh
|-damage|p2a: Iroh|0 fnt
|-unboost|p1a: Combat Clothes|def|1
|-unboost|p1a: Combat Clothes|spd|1
|faint|p2a: Iroh
|
|c| DatGuyChuck|btw im jinxing u
|c|âDMT|yeeeee
|c| DatGuyChuck|k gtg
|c| DatGuyChuck|bye
|
|switch|p2a: Blaxorus|Haxorus, M, shiny|41\/293
|-ability|p2a: Blaxorus|Mold Breaker
|turn|29
|leave|DatGuyChuck
|
|switch|p2a: Zanzibar|Donphan, M|320\/384
|move|p1a: Combat Clothes|Close Combat|p2a: Zanzibar
|-damage|p2a: Zanzibar|217\/384
|-unboost|p1a: Combat Clothes|def|1
|-unboost|p1a: Combat Clothes|spd|1
|
|turn|30
|join|LiberalLucario
|
|switch|p1a: Win Condition|Shedinja|1\/1
|move|p2a: Zanzibar|Knock Off|p1a: Win Condition
|-supereffective|p1a: Win Condition
|-enditem|p1a: Win Condition|Focus Sash
|-damage|p1a: Win Condition|1\/1
|
|turn|31
|
|switch|p1a: Combat Clothes|Cobalion|202\/386
|move|p2a: Zanzibar|Knock Off|p1a: Combat Clothes
|-crit|p1a: Combat Clothes
|-resisted|p1a: Combat Clothes
|-damage|p1a: Combat Clothes|128\/386
|-boost|p1a: Combat Clothes|atk|1|[from] ability: Justified
|-enditem|p1a: Combat Clothes|Chesto Berry|[from] move: Knock Off|[of] p2a: Zanzibar
|
|turn|32
|
|move|p1a: Combat Clothes|Close Combat|p2a: Zanzibar
|-damage|p2a: Zanzibar|49\/384
|-unboost|p1a: Combat Clothes|def|1
|-unboost|p1a: Combat Clothes|spd|1
|move|p2a: Zanzibar|Knock Off|p1a: Combat Clothes
|-resisted|p1a: Combat Clothes
|-damage|p1a: Combat Clothes|78\/386
|-boost|p1a: Combat Clothes|atk|1|[from] ability: Justified
|
|turn|33
|
|move|p1a: Combat Clothes|Iron Head|p2a: Zanzibar
|-damage|p2a: Zanzibar|0 fnt
|faint|p2a: Zanzibar
|
|-message|sn321854 forfeited.
|leave|sn321854
|c| Duskt70|rip
|
|win|DMT
|raw|Ladder updating...
|player|p2
|raw|DMT's rating: 1382 &rarr; <strong>1394<\/strong><br \/>(+12 for winning)
|raw|sn321854's rating: 1248 &rarr; <strong>1232<\/strong><br \/>(-16 for losing)
|leave|Marry Jane
|leave|Duskt70
|leave|ahyueah
|leave|THEiTodd
|leave|Pink Core Is Back
|join|Dad's Dad