|join|DMT
|join|Julie3
|player|p1|DMT|184
|player|p2|Julie3|170
|gametype|singles
|gen|6
|tier|UU
|rated
|rule|Sleep Clause Mod: Limit one foe put to sleep
|rule|Species Clause: Limit one of each PokÃ©mon
|rule|OHKO Clause: OHKO moves are banned
|rule|Moody Clause: Moody is banned
|rule|Evasion Moves Clause: Evasion moves are banned
|rule|Endless Battle Clause: Forcing endless battles is banned
|rule|HP Percentage Mod: HP is shown in percentages
|clearpoke
|poke|p1|Shedinja
|poke|p1|Absol, M
|poke|p1|Xatu, F
|poke|p1|Cobalion
|poke|p1|Archeops, F
|poke|p1|Tentacruel, M
|poke|p2|Milotic, F
|poke|p2|Celebi
|poke|p2|Arcanine, M
|poke|p2|Pidgeot, F
|poke|p2|Cobalion
|poke|p2|Espeon, M
|rule|Swagger Clause: Swagger is banned
|rule|Baton Pass Clause: Limit one PokÃ©mon knowing Baton Pass
|teampreview
|
|start
|switch|p1a: Redneck|Archeops, F|291\/291
|switch|p2a: Milotic|Milotic, F|393\/393
|turn|1
|join|Bob the Wut
|join|SadPierrot
|c| Bob the Wut|last
|c| Bob the Wut|where
|c|âDMT|here
|c|âDMT|ovbiously
|
|move|p1a: Redneck|U-turn|p2a: Milotic
|-damage|p2a: Milotic|299\/393
|join|newfren
|
|switch|p1a: Ten Tickles|Tentacruel, M|364\/364
|move|p2a: Milotic|Scald|p1a: Ten Tickles
|-resisted|p1a: Ten Tickles
|-damage|p1a: Ten Tickles|327\/364
|
|-heal|p1a: Ten Tickles|349\/364|[from] item: Black Sludge
|-heal|p2a: Milotic|323\/393|[from] item: Leftovers
|turn|2
|join|Exemption
|c|âDMT|ok so this is defensive milotic
|c|âDMT|if uturn does 33%
|c|âDMT|it's offensive
|c| newfren|why do you know that calc
|
|move|p1a: Ten Tickles|Scald|p2a: Milotic
|-resisted|p2a: Milotic
|-damage|p2a: Milotic|299\/393
|move|p2a: Milotic|Mud-Slap|p1a: Ten Tickles
|-supereffective|p1a: Ten Tickles
|-damage|p1a: Ten Tickles|321\/364
|
|-heal|p1a: Ten Tickles|343\/364|[from] item: Black Sludge
|-heal|p2a: Milotic|323\/393|[from] item: Leftovers
|turn|3
|join|djkekfb
|c|âDMT|cuz ran into LO max speed
|c|âDMT|FUCK
|c|âDMT|NO
|c|âDMT|oh
|c|âDMT|nb
|leave|djkekfb
|c| newfren|CLEAR BODY
|
|move|p1a: Ten Tickles|Toxic Spikes|p2a: Milotic
|-sidestart|p2: Julie3|move: Toxic Spikes
|move|p2a: Milotic|Scald|p1a: Ten Tickles
|-resisted|p1a: Ten Tickles
|-damage|p1a: Ten Tickles|307\/364
|
|-heal|p1a: Ten Tickles|329\/364|[from] item: Black Sludge
|-heal|p2a: Milotic|347\/393|[from] item: Leftovers
|turn|4
|c| newfren|CLEAR BODY
|join|fsdfads
|
|switch|p1a: Win Condition|Shedinja|1\/1
|switch|p2a: Espeon|Espeon, M|271\/271
|-status|p2a: Espeon|psn
|
|-damage|p2a: Espeon|238\/271 psn|[from] psn
|turn|5
|
|switch|p1a: FairyDark plz|Absol, M|271\/271
|move|p2a: Espeon|Trick|p1a: FairyDark plz
|-fail|p1a: FairyDark plz
|
|-damage|p2a: Espeon|205\/271 psn|[from] psn
|turn|6
|
|switch|p2a: Cobalion|Cobalion|323\/323
|detailschange|p1a: FairyDark plz|Absol-Mega, M
|-mega|p1a: FairyDark plz|Absol|Absolite
|move|p1a: FairyDark plz|Baton Pass|p1a: FairyDark plz
|c| newfren|you probably shouldn't have let him get a tspike up
|c| newfren|idk I'm not you
|
|switch|p1a: DOOT DOOT|Xatu, F|334\/334
|
|turn|7
|
|move|p2a: Cobalion|Stone Edge|p1a: DOOT DOOT
|-supereffective|p1a: DOOT DOOT
|-damage|p1a: DOOT DOOT|156\/334
|move|p1a: DOOT DOOT|Heat Wave|p2a: Cobalion
|-supereffective|p2a: Cobalion
|-damage|p2a: Cobalion|133\/323
|
|-heal|p2a: Cobalion|153\/323|[from] item: Leftovers
|turn|8
|
|switch|p1a: Combat Clothes|Cobalion|386\/386
|move|p2a: Cobalion|Stone Edge|p1a: Combat Clothes
|-resisted|p1a: Combat Clothes
|-damage|p1a: Combat Clothes|367\/386
|
|-heal|p2a: Cobalion|173\/323|[from] item: Leftovers
|turn|9
|
|switch|p1a: DOOT DOOT|Xatu, F|156\/334
|move|p2a: Cobalion|Close Combat|p1a: DOOT DOOT
|-resisted|p1a: DOOT DOOT
|-damage|p1a: DOOT DOOT|120\/334
|-damage|p2a: Cobalion|120\/323|[from] item: Rocky Helmet|[of] p1a: DOOT DOOT
|-unboost|p2a: Cobalion|def|1
|-unboost|p2a: Cobalion|spd|1
|
|-heal|p2a: Cobalion|140\/323|[from] item: Leftovers
|turn|10
|
|switch|p1a: Combat Clothes|Cobalion|367\/386
|move|p2a: Cobalion|Stone Edge|p1a: Combat Clothes|[miss]
|-miss|p2a: Cobalion|p1a: Combat Clothes
|
|-heal|p2a: Cobalion|160\/323|[from] item: Leftovers
|turn|11
|c| newfren|dmt
|
|move|p1a: Combat Clothes|Close Combat|p2a: Cobalion
|-supereffective|p2a: Cobalion
|-damage|p2a: Cobalion|0 fnt
|-unboost|p1a: Combat Clothes|def|1
|-unboost|p1a: Combat Clothes|spd|1
|faint|p2a: Cobalion
|
|c| newfren|dmt what are you doing
|c|âDMT|?
|c|âDMT|?
|c| newfren|why did you
|c| newfren|waste so much time
|
|switch|p2a: Pidgeot|Pidgeot, F|307\/307
|turn|12
|
|detailschange|p2a: Pidgeot|Pidgeot-Mega, F
|-mega|p2a: Pidgeot|Pidgeot|Pidgeotite
|move|p1a: Combat Clothes|Volt Switch|p2a: Pidgeot
|-supereffective|p2a: Pidgeot
|-damage|p2a: Pidgeot|181\/307
|
|switch|p1a: Ten Tickles|Tentacruel, M|329\/364
|move|p2a: Pidgeot|Hurricane|p1a: Ten Tickles
|-damage|p1a: Ten Tickles|173\/364
|-start|p1a: Ten Tickles|confusion
|
|-heal|p1a: Ten Tickles|195\/364|[from] item: Black Sludge
|turn|13
|c| newfren|is this a new coba spread
|c| newfren|it looks like
|c|âDMT|uhh
|
|move|p2a: Pidgeot|Hurricane|p1a: Ten Tickles
|-damage|p1a: Ten Tickles|29\/364
|-activate|p1a: Ten Tickles|confusion
|-damage|p1a: Ten Tickles|9\/364|[from] confusion
|
|-heal|p1a: Ten Tickles|31\/364|[from] item: Black Sludge
|turn|14
|c| newfren|max spe
|c|âDMT|yeah 252+
|c|âDMT|fuckin jelly
|c| newfren|ah ez
|c|âDMT|always
|
|move|p2a: Pidgeot|Hurricane|p1a: Ten Tickles
|-damage|p1a: Ten Tickles|0 fnt
|faint|p1a: Ten Tickles
|
|
|switch|p1a: Redneck|Archeops, F|291\/291
|turn|15
|c| newfren|dmt this is slower
|
|switch|p2a: Espeon|Espeon, M|205\/271 psn
|move|p1a: Redneck|Stone Edge|p2a: Espeon
|-damage|p2a: Espeon|0 fnt
|faint|p2a: Espeon
|
|c| newfren|u scrub
|
|switch|p2a: Milotic|Milotic, F|347\/393
|-status|p2a: Milotic|psn
|turn|16
|
|switch|p1a: Win Condition|Shedinja|1\/1
|switch|p2a: Pidgeot|Pidgeot-Mega, F|181\/307
|
|turn|17
|c|âDMT|fuck!
|c| newfren|dmt
|c| newfren|!!!
|
|switch|p1a: Combat Clothes|Cobalion|367\/386
|move|p2a: Pidgeot|Hurricane|p1a: Combat Clothes
|-damage|p1a: Combat Clothes|109\/386
|
|turn|18
|c| newfren|!!!
|c| newfren|!!!!!!
|c| newfren|!!!!!!!!!!
|
|move|p2a: Pidgeot|Hurricane|p1a: Combat Clothes
|-damage|p1a: Combat Clothes|0 fnt
|faint|p1a: Combat Clothes
|
|c| Exemption|no fly resist
|c| newfren|what are you doing
|
|switch|p1a: Redneck|Archeops, F|291\/291
|turn|19
|
|switch|p2a: Milotic|Milotic, F|347\/393 psn
|move|p1a: Redneck|U-turn|p2a: Milotic
|-damage|p2a: Milotic|278\/393 psn
|c| newfren|no fly resist
|c|âDMT|losing u fuck
|c| newfren|???
|
|switch|p1a: FairyDark plz|Absol-Mega, M|271\/271
|
|-heal|p2a: Milotic|302\/393 psn|[from] item: Leftovers
|-damage|p2a: Milotic|253\/393 psn|[from] psn
|turn|20
|c| newfren|why
|c| newfren|tbh
|c| Exemption|why no fly resist
|
|move|p1a: FairyDark plz|Knock Off|p2a: Milotic
|-damage|p2a: Milotic|109\/393 psn
|-enditem|p2a: Milotic|Leftovers|[from] move: Knock Off|[of] p1a: FairyDark plz
|move|p2a: Milotic|Scald|p1a: FairyDark plz
|-damage|p1a: FairyDark plz|136\/271
|
|-damage|p2a: Milotic|60\/393 psn|[from] psn
|turn|21
|c| Exemption|butn
|
|switch|p2a: Arcanine|Arcanine, M|384\/384
|-status|p2a: Arcanine|psn
|-ability|p2a: Arcanine|Intimidate|[of] p1a: FairyDark plz
|-unboost|p1a: FairyDark plz|atk|1
|move|p1a: FairyDark plz|Knock Off|p2a: Arcanine
|-damage|p2a: Arcanine|237\/384 psn
|-enditem|p2a: Arcanine|Leftovers|[from] move: Knock Off|[of] p1a: FairyDark plz
|
|-damage|p2a: Arcanine|189\/384 psn|[from] psn
|turn|22
|c| newfren|he has a bird resist are you blind
|
|switch|p1a: DOOT DOOT|Xatu, F|120\/334
|move|p2a: Arcanine|Flare Blitz|p1a: DOOT DOOT
|-damage|p1a: DOOT DOOT|0 fnt
|-damage|p2a: Arcanine|125\/384 psn|[from] item: Rocky Helmet|[of] p1a: DOOT DOOT
|-damage|p2a: Arcanine|85\/384 psn|[from] recoil|[of] p1a: DOOT DOOT
|faint|p1a: DOOT DOOT
|
|-damage|p2a: Arcanine|37\/384 psn|[from] psn
|join|secret kekleon
|c| Bob the Wut|didnt even sd
|c| Exemption|burn here
|c| Exemption|oops
|c| Bob the Wut|pussy
|
|switch|p1a: Win Condition|Shedinja|1\/1
|turn|23
|
|move|p1a: Win Condition|Shadow Sneak|p2a: Arcanine
|-damage|p2a: Arcanine|0 fnt
|faint|p2a: Arcanine
|
|
|switch|p2a: Pidgeot|Pidgeot-Mega, F|181\/307
|turn|24
|join|tomi â¥ bello
|c| newfren|dmt mpidge is a problem
|c|âDMT|k wait
|c|âDMT|do I actually need
|c|âDMT|sheddy
|c| newfren|for this early xy team
|c|âDMT|normally it's not
|c| newfren|no
|c|âDMT|cuz umm
|c|âDMT|archeops
|
|move|p2a: Pidgeot|Hurricane|p1a: Win Condition
|-supereffective|p1a: Win Condition
|-enditem|p1a: Win Condition|Focus Sash
|-damage|p1a: Win Condition|1\/1
|move|p1a: Win Condition|X-Scissor|p2a: Pidgeot
|-resisted|p2a: Pidgeot
|-damage|p2a: Pidgeot|103\/307
|
|turn|25
|leave|secret kekleon
|join|secret kekleon
|
|move|p2a: Pidgeot|Hurricane|p1a: Win Condition
|-supereffective|p1a: Win Condition
|-damage|p1a: Win Condition|0 fnt
|faint|p1a: Win Condition
|
|
|switch|p1a: Redneck|Archeops, F|291\/291
|turn|26
|
|move|p1a: Redneck|U-turn|p2a: Pidgeot
|-crit|p2a: Pidgeot
|-resisted|p2a: Pidgeot
|-damage|p2a: Pidgeot|24\/307
|c|âDMT|fuck
|
|switch|p1a: FairyDark plz|Absol-Mega, M|136\/271
|move|p2a: Pidgeot|Hurricane|p1a: FairyDark plz
|-damage|p1a: FairyDark plz|0 fnt
|faint|p1a: FairyDark plz
|
|c| Bob the Wut|rekt
|
|switch|p1a: Redneck|Archeops, F|291\/291
|turn|27
|c| newfren|you can just
|c|âDMT|just
|c|âDMT|crit
|c|âDMT|wait
|c|âDMT|uturn
|c| newfren|u-turn the milotic
|c|âDMT|sweep
|
|move|p2a: Pidgeot|Quick Attack|p1a: Redneck
|-resisted|p1a: Redneck
|-damage|p1a: Redneck|264\/291
|move|p1a: Redneck|Stone Edge|p2a: Pidgeot
|-crit|p2a: Pidgeot
|-supereffective|p2a: Pidgeot
|-damage|p2a: Pidgeot|0 fnt
|faint|p2a: Pidgeot
|
|c| newfren|to deaht
|c| newfren|tbh
|c|âDMT|fuckin
|c|âDMT|thinaks
|c|âDMT|snowdown
|c|âDMT|thanks showdown
|c|âDMT|I love you
|
|switch|p2a: Celebi|Celebi|341\/341
|-status|p2a: Celebi|psn
|turn|28
|c|âDMT|crit
|
|move|p1a: Redneck|Stone Edge|p2a: Celebi
|-damage|p2a: Celebi|148\/341 psn
|move|p2a: Celebi|Seed Bomb|p1a: Redneck
|-damage|p1a: Redneck|2\/291
|
|-damage|p2a: Celebi|106\/341 psn|[from] psn
|turn|29
|c|âDMT|to payback
|c|âDMT|for lag
|join|skysoki
|c|âDMT|where
|c|âDMT|crit
|c| Exemption|u turn
|c|âDMT|to pay back
|c|âDMT|for lag
|c| Bob the Wut|crit
|
|switch|p2a: Milotic|Milotic, F|60\/393 psn
|move|p1a: Redneck|Stone Edge|p2a: Milotic
|-damage|p2a: Milotic|0 fnt
|faint|p2a: Milotic
|
|c| newfren|ignore defeatist
|c| newfren|here
|c| Exemption|why no u turn
|c|âDMT|cuz lag
|c|âDMT|tried to cancel
|c| newfren|he keeps
|c| newfren|lagging
|
|switch|p2a: Celebi|Celebi|106\/341
|-status|p2a: Celebi|psn
|turn|30
|c| newfren|every turn
|c| Bob the Wut|crit
|c| Exemption|oh yea its broken
|c| Bob the Wut|crit
|c| newfren|crit
|c|âJulie3|you people are crazy :p
|c|âDMT|crit
|c| newfren|crit
|c| Bob the Wut|crit
|c|âDMT|crit
|c| newfren|crit
|c| Bob the Wut|crit
|c|âDMT|crit
|c|âDMT|crit
|c| Exemption|u turn
|c| Bob the Wut|crit
|c|âDMT|crit
|c|âDMT|crit
|c| Bob the Wut|crit
|c| Exemption|crit
|c|âDMT|crit
|c| Bob the Wut|crit
|c|âDMT|crit
|c|âJulie3|gg
|c|âDMT|crit
|c| Bob the Wut|crit
|c| Bob the Wut|crit
|c|âDMT|crit
|
|move|p2a: Celebi|Sucker Punch|p1a: Redneck
|-damage|p1a: Redneck|0 fnt
|faint|p1a: Redneck
|
|win|Julie3
|raw|Ladder updating...
|c| newfren|please julie
|c| Bob the Wut|crit
|c|âDMT|crit
|raw|DMT's rating: 1450 &rarr; <strong>1424<\/strong><br \/>(-26 for losing)
|raw|Julie3's rating: 1340 &rarr; <strong>1367<\/strong><br \/>(+27 for winning)
|c|âDMT|ogg
|c| Bob the Wut|rip
|leave|DMT
|player|p1
|c| newfren|that's not
|c| newfren|a crit
|c| newfren|:p
|leave|fsdfads
|c| newfren|:[
|c| skysoki|rip
|leave|secret kekleon
|leave|newfren
|leave|Exemption
|leave|SadPierrot
|leave|Bob the Wut
|leave|tomi â¥ bello
|leave|skysoki