|join|lapraz
|join|Cat Enthusiast
|player|p1|lapraz|157
|player|p2|Cat Enthusiast|184
|gametype|singles
|gen|6
|tier|UU
|rated
|rule|Sleep Clause Mod: Limit one foe put to sleep
|rule|Species Clause: Limit one of each PokÃ©mon
|rule|OHKO Clause: OHKO moves are banned
|rule|Moody Clause: Moody is banned
|rule|Evasion Moves Clause: Evasion moves are banned
|rule|Endless Battle Clause: Forcing endless battles is banned
|rule|HP Percentage Mod: HP is shown in percentages
|clearpoke
|poke|p1|Weezing, F
|poke|p1|Forretress, M
|poke|p1|Suicune
|poke|p1|Celebi
|poke|p1|Blissey, F
|poke|p1|Spiritomb, F
|poke|p2|Suicune
|poke|p2|Yanmega, F, shiny
|poke|p2|Jirachi
|poke|p2|Togetic, F
|poke|p2|Donphan, M
|poke|p2|Diancie, shiny
|rule|Swagger Clause: Swagger is banned
|rule|Baton Pass Clause: Limit one PokÃ©mon knowing Baton Pass
|teampreview
|
|start
|switch|p1a: Lush Life|Celebi|403\/403
|switch|p2a: so pretty|Diancie, shiny|280\/280
|turn|1
|
|switch|p2a: Jirachi|Jirachi|341\/341
|move|p1a: Lush Life|Psychic|p2a: Jirachi
|-resisted|p2a: Jirachi
|-damage|p2a: Jirachi|315\/341
|
|turn|2
|
|switch|p1a: Nardis|Weezing, F|333\/333
|move|p2a: Jirachi|Trick|p1a: Nardis
|-activate|p2a: Jirachi|move: Trick|[of] p1a: Nardis
|-item|p1a: Nardis|Choice Scarf|[from] move: Trick
|-item|p2a: Jirachi|Black Sludge|[from] move: Trick
|
|-damage|p2a: Jirachi|273\/341|[from] item: Black Sludge
|turn|3
|join|jojo le jojo
|
|move|p2a: Jirachi|U-turn|p1a: Nardis
|-resisted|p1a: Nardis
|-damage|p1a: Nardis|311\/333
|
|switch|p2a: Schweinsteiger|Donphan, M|382\/382
|move|p1a: Nardis|Toxic Spikes|p2a: Schweinsteiger
|-sidestart|p2: Cat Enthusiast|move: Toxic Spikes
|
|turn|4
|
|switch|p1a: Bitches Brew|Spiritomb, F|304\/304
|move|p2a: Schweinsteiger|Stealth Rock|p1a: Bitches Brew
|-sidestart|p1: lapraz|move: Stealth Rock
|
|turn|5
|
|switch|p2a: Bravely Default|Togetic, F|313\/313
|move|p1a: Bitches Brew|Will-O-Wisp|p2a: Bravely Default
|-status|p2a: Bravely Default|brn
|
|-damage|p2a: Bravely Default|274\/313 brn|[from] brn
|turn|6
|
|switch|p1a: Body and Soul|Forretress, M|354\/354
|-damage|p1a: Body and Soul|310\/354|[from] Stealth Rock
|move|p2a: Bravely Default|Nasty Plot|p2a: Bravely Default
|-boost|p2a: Bravely Default|spa|2
|
|-heal|p1a: Body and Soul|332\/354|[from] item: Leftovers
|-damage|p2a: Bravely Default|235\/313 brn|[from] brn
|turn|7
|
|switch|p1a: Lush Life|Celebi|403\/403
|-damage|p1a: Lush Life|353\/403|[from] Stealth Rock
|move|p2a: Bravely Default|Baton Pass|p2a: Bravely Default
|join|Colbrushie
|
|switch|p2a: Helicopter|Yanmega, F, shiny|313\/313
|
|-heal|p1a: Lush Life|378\/403|[from] item: Leftovers
|turn|8
|
|switch|p1a: My Foolish Heart|Blissey, F|657\/657
|-damage|p1a: My Foolish Heart|575\/657|[from] Stealth Rock
|move|p2a: Helicopter|Bug Buzz|p1a: My Foolish Heart
|-damage|p1a: My Foolish Heart|277\/657
|-damage|p2a: Helicopter|282\/313|[from] item: Life Orb
|
|-heal|p1a: My Foolish Heart|318\/657|[from] item: Leftovers
|-boost|p2a: Helicopter|spe|1|[from] ability: Speed Boost
|turn|9
|c| Colbrushie|countered
|
|move|p2a: Helicopter|Air Slash|p1a: My Foolish Heart
|-damage|p1a: My Foolish Heart|80\/657
|-damage|p2a: Helicopter|251\/313|[from] item: Life Orb
|move|p1a: My Foolish Heart|Wish|p1a: My Foolish Heart
|
|-heal|p1a: My Foolish Heart|121\/657|[from] item: Leftovers
|-boost|p2a: Helicopter|spe|1|[from] ability: Speed Boost
|turn|10
|
|move|p1a: My Foolish Heart|Protect|p1a: My Foolish Heart
|-singleturn|p1a: My Foolish Heart|Protect
|move|p2a: Helicopter|Bug Buzz|p1a: My Foolish Heart
|-activate|p1a: My Foolish Heart|Protect
|
|-heal|p1a: My Foolish Heart|449\/657|[from] move: Wish|[wisher] My Foolish Heart
|-heal|p1a: My Foolish Heart|490\/657|[from] item: Leftovers
|-boost|p2a: Helicopter|spe|1|[from] ability: Speed Boost
|turn|11
|
|move|p2a: Helicopter|Air Slash|p1a: My Foolish Heart
|-damage|p1a: My Foolish Heart|263\/657
|-damage|p2a: Helicopter|220\/313|[from] item: Life Orb
|move|p1a: My Foolish Heart|Toxic|p2a: Helicopter
|-status|p2a: Helicopter|tox
|
|-heal|p1a: My Foolish Heart|304\/657|[from] item: Leftovers
|-damage|p2a: Helicopter|201\/313 tox|[from] psn
|-boost|p2a: Helicopter|spe|1|[from] ability: Speed Boost
|turn|12
|
|move|p1a: My Foolish Heart|Protect|p1a: My Foolish Heart
|-singleturn|p1a: My Foolish Heart|Protect
|move|p2a: Helicopter|Giga Drain|p1a: My Foolish Heart
|-activate|p1a: My Foolish Heart|Protect
|
|-heal|p1a: My Foolish Heart|345\/657|[from] item: Leftovers
|-damage|p2a: Helicopter|163\/313 tox|[from] psn
|-boost|p2a: Helicopter|spe|1|[from] ability: Speed Boost
|turn|13
|
|move|p2a: Helicopter|Air Slash|p1a: My Foolish Heart
|-damage|p1a: My Foolish Heart|107\/657
|-damage|p2a: Helicopter|132\/313 tox|[from] item: Life Orb
|move|p1a: My Foolish Heart|Wish|p1a: My Foolish Heart
|
|-heal|p1a: My Foolish Heart|148\/657|[from] item: Leftovers
|-damage|p2a: Helicopter|75\/313 tox|[from] psn
|-boost|p2a: Helicopter|spe|1|[from] ability: Speed Boost
|turn|14
|
|switch|p2a: Jirachi|Jirachi|273\/341
|move|p1a: My Foolish Heart|Protect|p1a: My Foolish Heart
|-fail|p1a: My Foolish Heart
|
|-heal|p1a: My Foolish Heart|476\/657|[from] move: Wish|[wisher] My Foolish Heart
|-damage|p2a: Jirachi|231\/341|[from] item: Black Sludge
|-heal|p1a: My Foolish Heart|517\/657|[from] item: Leftovers
|turn|15
|
|switch|p1a: Nardis|Weezing, F|311\/333
|-damage|p1a: Nardis|270\/333|[from] Stealth Rock
|move|p2a: Jirachi|U-turn|p1a: Nardis
|-resisted|p1a: Nardis
|-damage|p1a: Nardis|249\/333
|
|switch|p2a: Schweinsteiger|Donphan, M|382\/382
|-status|p2a: Schweinsteiger|psn
|
|-damage|p2a: Schweinsteiger|335\/382 psn|[from] psn
|turn|16
|
|switch|p1a: Body and Soul|Forretress, M|332\/354
|-damage|p1a: Body and Soul|288\/354|[from] Stealth Rock
|move|p2a: Schweinsteiger|Earthquake|p1a: Body and Soul
|-damage|p1a: Body and Soul|194\/354
|
|-heal|p2a: Schweinsteiger|358\/382 psn|[from] item: Leftovers
|-heal|p1a: Body and Soul|216\/354|[from] item: Leftovers
|-damage|p2a: Schweinsteiger|311\/382 psn|[from] psn
|turn|17
|
|move|p2a: Schweinsteiger|Knock Off|p1a: Body and Soul
|-damage|p1a: Body and Soul|151\/354
|-enditem|p1a: Body and Soul|Leftovers|[from] move: Knock Off|[of] p2a: Schweinsteiger
|move|p1a: Body and Soul|Rapid Spin|p2a: Schweinsteiger
|-damage|p2a: Schweinsteiger|297\/382 psn
|-sideend|p1: lapraz|Stealth Rock|[from] move: Rapid Spin|[of] p1a: Body and Soul
|
|-heal|p2a: Schweinsteiger|320\/382 psn|[from] item: Leftovers
|-damage|p2a: Schweinsteiger|273\/382 psn|[from] psn
|turn|18
|leave|Colbrushie
|
|move|p2a: Schweinsteiger|Rapid Spin|p1a: Body and Soul
|-resisted|p1a: Body and Soul
|-damage|p1a: Body and Soul|145\/354
|-sideend|p2: Cat Enthusiast|Toxic Spikes|[from] move: Rapid Spin|[of] p2a: Schweinsteiger
|move|p1a: Body and Soul|Spikes|p2a: Schweinsteiger
|-sidestart|p2: Cat Enthusiast|Spikes
|
|-heal|p2a: Schweinsteiger|296\/382 psn|[from] item: Leftovers
|-damage|p2a: Schweinsteiger|249\/382 psn|[from] psn
|turn|19
|
|switch|p1a: Blue in Green|Suicune|404\/404
|-ability|p1a: Blue in Green|Pressure
|move|p2a: Schweinsteiger|Earthquake|p1a: Blue in Green
|-damage|p1a: Blue in Green|287\/404
|
|-heal|p1a: Blue in Green|312\/404|[from] item: Leftovers
|-heal|p2a: Schweinsteiger|272\/382 psn|[from] item: Leftovers
|-damage|p2a: Schweinsteiger|225\/382 psn|[from] psn
|turn|20
|
|switch|p2a: Bravely Default|Togetic, F|235\/313 brn
|move|p1a: Blue in Green|Scald|p2a: Bravely Default
|-damage|p2a: Bravely Default|196\/313 brn
|
|-heal|p1a: Blue in Green|337\/404|[from] item: Leftovers
|-damage|p2a: Bravely Default|157\/313 brn|[from] brn
|turn|21
|
|move|p2a: Bravely Default|Baton Pass|p2a: Bravely Default
|
|switch|p2a: Helicopter|Yanmega, F, shiny|75\/313 tox
|move|p1a: Blue in Green|Roar|p2a: Helicopter
|drag|p2a: Bravely Default|Togetic, F|157\/313 brn
|
|-heal|p1a: Blue in Green|362\/404|[from] item: Leftovers
|-damage|p2a: Bravely Default|118\/313 brn|[from] brn
|turn|22
|
|move|p1a: Blue in Green|Scald|p2a: Bravely Default
|-damage|p2a: Bravely Default|75\/313 brn
|move|p2a: Bravely Default|Roost|p2a: Bravely Default
|-heal|p2a: Bravely Default|232\/313 brn
|
|-heal|p1a: Blue in Green|387\/404|[from] item: Leftovers
|-damage|p2a: Bravely Default|193\/313 brn|[from] brn
|turn|23
|join|DatGuyChuck
|
|switch|p1a: Lush Life|Celebi|378\/403
|move|p2a: Bravely Default|Roost|p2a: Bravely Default
|-heal|p2a: Bravely Default|313\/313 brn
|
|-heal|p1a: Lush Life|403\/403|[from] item: Leftovers
|-damage|p2a: Bravely Default|274\/313 brn|[from] brn
|turn|24
|
|move|p1a: Lush Life|Stealth Rock|p2a: Bravely Default
|-sidestart|p2: Cat Enthusiast|move: Stealth Rock
|move|p2a: Bravely Default|Nasty Plot|p2a: Bravely Default
|-boost|p2a: Bravely Default|spa|2
|
|-damage|p2a: Bravely Default|235\/313 brn|[from] brn
|turn|25
|
|move|p1a: Lush Life|Psychic|p2a: Bravely Default
|-crit|p2a: Bravely Default
|-damage|p2a: Bravely Default|153\/313 brn
|move|p2a: Bravely Default|Baton Pass|p2a: Bravely Default
|
|switch|p2a: so pretty|Diancie, shiny|280\/280
|-damage|p2a: so pretty|245\/280|[from] Stealth Rock
|-damage|p2a: so pretty|210\/280|[from] Spikes
|
|turn|26
|
|detailschange|p2a: so pretty|Diancie-Mega, shiny
|-mega|p2a: so pretty|Diancie|Diancite
|move|p1a: Lush Life|Psychic|p2a: so pretty
|-crit|p2a: so pretty
|-damage|p2a: so pretty|74\/280
|move|p2a: so pretty|Moonblast|p1a: Lush Life
|-damage|p1a: Lush Life|100\/403
|
|-heal|p1a: Lush Life|125\/403|[from] item: Leftovers
|turn|27
|
|switch|p1a: My Foolish Heart|Blissey, F|517\/657
|move|p2a: so pretty|Moonblast|p1a: My Foolish Heart
|-damage|p1a: My Foolish Heart|223\/657
|-unboost|p1a: My Foolish Heart|spa|1
|
|-heal|p1a: My Foolish Heart|264\/657|[from] item: Leftovers
|turn|28
|
|move|p1a: My Foolish Heart|Protect|p1a: My Foolish Heart
|-singleturn|p1a: My Foolish Heart|Protect
|move|p2a: so pretty|Moonblast|p1a: My Foolish Heart
|-activate|p1a: My Foolish Heart|Protect
|
|-heal|p1a: My Foolish Heart|305\/657|[from] item: Leftovers
|turn|29
|
|move|p2a: so pretty|Psyshock|p1a: My Foolish Heart
|-damage|p1a: My Foolish Heart|0 fnt
|faint|p1a: My Foolish Heart
|
|
|switch|p1a: Blue in Green|Suicune|387\/404
|-ability|p1a: Blue in Green|Pressure
|turn|30
|
|move|p2a: so pretty|Moonblast|p1a: Blue in Green
|-damage|p1a: Blue in Green|17\/404
|move|p1a: Blue in Green|Scald|p2a: so pretty
|-supereffective|p2a: so pretty
|-damage|p2a: so pretty|0 fnt
|faint|p2a: so pretty
|
|-heal|p1a: Blue in Green|42\/404|[from] item: Leftovers
|
|switch|p2a: Jirachi|Jirachi|231\/341
|-damage|p2a: Jirachi|210\/341|[from] Stealth Rock
|-damage|p2a: Jirachi|168\/341|[from] Spikes
|turn|31
|
|switch|p1a: Nardis|Weezing, F|249\/333
|move|p2a: Jirachi|U-turn|p1a: Nardis
|-resisted|p1a: Nardis
|-damage|p1a: Nardis|227\/333
|
|switch|p2a: Suicune|Suicune|404\/404
|-damage|p2a: Suicune|354\/404|[from] Spikes
|-damage|p2a: Suicune|304\/404|[from] Stealth Rock
|-ability|p2a: Suicune|Pressure
|
|-heal|p2a: Suicune|329\/404|[from] item: Leftovers
|turn|32
|
|switch|p1a: Lush Life|Celebi|125\/403
|move|p2a: Suicune|Calm Mind|p2a: Suicune
|-boost|p2a: Suicune|spa|1
|-boost|p2a: Suicune|spd|1
|
|-heal|p2a: Suicune|354\/404|[from] item: Leftovers
|-heal|p1a: Lush Life|150\/403|[from] item: Leftovers
|turn|33
|
|move|p2a: Suicune|Ice Beam|p1a: Lush Life
|-supereffective|p1a: Lush Life
|-damage|p1a: Lush Life|8\/403
|move|p1a: Lush Life|Perish Song|p1a: Lush Life
|-fieldactivate|move: Perish Song
|
|-start|p2a: Suicune|perish3
|-start|p1a: Lush Life|perish3
|-heal|p2a: Suicune|379\/404|[from] item: Leftovers
|-heal|p1a: Lush Life|33\/403|[from] item: Leftovers
|turn|34
|
|switch|p1a: Bitches Brew|Spiritomb, F|304\/304
|move|p2a: Suicune|Scald|p1a: Bitches Brew
|-damage|p1a: Bitches Brew|210\/304
|
|-start|p2a: Suicune|perish2
|-heal|p2a: Suicune|404\/404|[from] item: Leftovers
|-heal|p1a: Bitches Brew|229\/304|[from] item: Leftovers
|turn|35
|
|switch|p2a: Bravely Default|Togetic, F|153\/313 brn
|-damage|p2a: Bravely Default|75\/313 brn|[from] Stealth Rock
|move|p1a: Bitches Brew|Foul Play|p2a: Bravely Default
|-resisted|p2a: Bravely Default
|-damage|p2a: Bravely Default|60\/313 brn
|
|-heal|p1a: Bitches Brew|248\/304|[from] item: Leftovers
|-damage|p2a: Bravely Default|21\/313 brn|[from] brn
|turn|36
|
|switch|p1a: Blue in Green|Suicune|42\/404
|-ability|p1a: Blue in Green|Pressure
|move|p2a: Bravely Default|Roost|p2a: Bravely Default
|-heal|p2a: Bravely Default|178\/313 brn
|
|-heal|p1a: Blue in Green|67\/404|[from] item: Leftovers
|-damage|p2a: Bravely Default|139\/313 brn|[from] brn
|turn|37
|
|move|p1a: Blue in Green|Rest|p1a: Blue in Green
|-status|p1a: Blue in Green|slp
|-heal|p1a: Blue in Green|404\/404 slp|[silent]
|-status|p1a: Blue in Green|slp|[from] move: Rest
|move|p2a: Bravely Default|Roost|p2a: Bravely Default
|-heal|p2a: Bravely Default|296\/313 brn
|
|-damage|p2a: Bravely Default|257\/313 brn|[from] brn
|turn|38
|
|switch|p1a: Lush Life|Celebi|33\/403
|move|p2a: Bravely Default|Nasty Plot|p2a: Bravely Default
|-boost|p2a: Bravely Default|spa|2
|
|-heal|p1a: Lush Life|58\/403|[from] item: Leftovers
|-damage|p2a: Bravely Default|218\/313 brn|[from] brn
|turn|39
|
|move|p1a: Lush Life|Recover|p1a: Lush Life
|-heal|p1a: Lush Life|260\/403
|move|p2a: Bravely Default|Baton Pass|p2a: Bravely Default
|
|switch|p2a: Suicune|Suicune|404\/404
|-damage|p2a: Suicune|354\/404|[from] Spikes
|-damage|p2a: Suicune|304\/404|[from] Stealth Rock
|-ability|p2a: Suicune|Pressure
|
|-heal|p2a: Suicune|329\/404|[from] item: Leftovers
|-heal|p1a: Lush Life|285\/403|[from] item: Leftovers
|turn|40
|
|switch|p1a: Blue in Green|Suicune|404\/404 slp
|-ability|p1a: Blue in Green|Pressure
|move|p2a: Suicune|Ice Beam|p1a: Blue in Green
|-resisted|p1a: Blue in Green
|-damage|p1a: Blue in Green|350\/404 slp
|
|-heal|p2a: Suicune|354\/404|[from] item: Leftovers
|-heal|p1a: Blue in Green|375\/404 slp|[from] item: Leftovers
|turn|41
|c| DatGuyChuck|whos winning
|c|âCat Enthusiast|not me
|join|waiv
|c| waiv|lul
|c| waiv|oh no oh no
|c| waiv|oh no
|c| DatGuyChuck|oh no oh no
|
|switch|p2a: Schweinsteiger|Donphan, M|225\/382 psn
|-damage|p2a: Schweinsteiger|178\/382 psn|[from] Spikes
|-damage|p2a: Schweinsteiger|155\/382 psn|[from] Stealth Rock
|cant|p1a: Blue in Green|slp
|move|p1a: Blue in Green|Sleep Talk|p1a: Blue in Green
|move|p1a: Blue in Green|Roar|p2a: Schweinsteiger|[from]Sleep Talk
|drag|p2a: Suicune|Suicune|354\/404
|-damage|p2a: Suicune|304\/404|[from] Spikes
|-damage|p2a: Suicune|254\/404|[from] Stealth Rock
|-ability|p2a: Suicune|Pressure
|
|-heal|p2a: Suicune|279\/404|[from] item: Leftovers
|-heal|p1a: Blue in Green|400\/404 slp|[from] item: Leftovers
|turn|42
|c| DatGuyChuck|oh no oh no is winnin
|c|âlapraz|yeah
|c|âCat Enthusiast|ya
|c|âCat Enthusiast|I need shed team
|c|âCat Enthusiast|to break his
|c|âCat Enthusiast|:[
|c| DatGuyChuck|but shed
|
|switch|p2a: Bravely Default|Togetic, F|218\/313 brn
|-damage|p2a: Bravely Default|140\/313 brn|[from] Stealth Rock
|cant|p1a: Blue in Green|slp
|move|p1a: Blue in Green|Sleep Talk|p1a: Blue in Green
|move|p1a: Blue in Green|Rest|p1a: Blue in Green|[from]Sleep Talk
|-fail|p1a: Blue in Green
|
|-heal|p1a: Blue in Green|404\/404 slp|[from] item: Leftovers
|-damage|p2a: Bravely Default|101\/313 brn|[from] brn
|turn|43
|c| DatGuyChuck|is shed
|
|switch|p1a: Body and Soul|Forretress, M|145\/354
|move|p2a: Bravely Default|Roost|p2a: Bravely Default
|-heal|p2a: Bravely Default|258\/313 brn
|
|-damage|p2a: Bravely Default|219\/313 brn|[from] brn
|turn|44
|
|move|p2a: Bravely Default|Magic Coat|p2a: Bravely Default
|-singleturn|p2a: Bravely Default|move: Magic Coat
|move|p1a: Body and Soul|Spikes|p2a: Bravely Default
|move|p2a: Bravely Default|Spikes|p1a: Body and Soul|[from]Magic Coat
|-sidestart|p1: lapraz|Spikes
|
|-damage|p2a: Bravely Default|180\/313 brn|[from] brn
|turn|45
|
|move|p1a: Body and Soul|Rapid Spin|p2a: Bravely Default
|-damage|p2a: Bravely Default|168\/313 brn
|-sideend|p1: lapraz|Spikes|[from] move: Rapid Spin|[of] p1a: Body and Soul
|move|p2a: Bravely Default|Baton Pass|p2a: Bravely Default
|c|âlapraz|sneaky
|
|switch|p2a: Jirachi|Jirachi|168\/341
|-damage|p2a: Jirachi|126\/341|[from] Spikes
|-damage|p2a: Jirachi|105\/341|[from] Stealth Rock
|
|-damage|p2a: Jirachi|63\/341|[from] item: Black Sludge
|turn|46
|c|âCat Enthusiast|forgot it had that
|c|âCat Enthusiast|tbh
|
|switch|p1a: Nardis|Weezing, F|227\/333
|move|p2a: Jirachi|Iron Head|p1a: Nardis
|-damage|p1a: Nardis|152\/333
|
|-damage|p2a: Jirachi|21\/341|[from] item: Black Sludge
|turn|47
|
|move|p2a: Jirachi|Healing Wish|p2a: Jirachi
|faint|p2a: Jirachi
|move|p1a: Nardis|Toxic Spikes|p2: Jirachi
|-sidestart|p2: Cat Enthusiast|move: Toxic Spikes
|
|c| DatGuyChuck|speed buge?
|
|switch|p2a: Helicopter|Yanmega, F, shiny|75\/313 tox
|-heal|p2a: Helicopter|313\/313|[from] move: Healing Wish
|-damage|p2a: Helicopter|157\/313|[from] Stealth Rock
|turn|48
|
|move|p2a: Helicopter|Giga Drain|p1a: Nardis
|-resisted|p1a: Nardis
|-damage|p1a: Nardis|77\/333
|-heal|p2a: Helicopter|195\/313|[from] drain|[of] p1a: Nardis
|-damage|p2a: Helicopter|164\/313|[from] item: Life Orb
|move|p1a: Nardis|Toxic Spikes|p2a: Helicopter
|-sidestart|p2: Cat Enthusiast|move: Toxic Spikes
|
|-boost|p2a: Helicopter|spe|1|[from] ability: Speed Boost
|turn|49
|
|switch|p1a: Bitches Brew|Spiritomb, F|248\/304
|move|p2a: Helicopter|Giga Drain|p1a: Bitches Brew
|-damage|p1a: Bitches Brew|174\/304
|-heal|p2a: Helicopter|201\/313|[from] drain|[of] p1a: Bitches Brew
|-damage|p2a: Helicopter|170\/313|[from] item: Life Orb
|
|-heal|p1a: Bitches Brew|193\/304|[from] item: Leftovers
|-boost|p2a: Helicopter|spe|1|[from] ability: Speed Boost
|turn|50
|
|move|p2a: Helicopter|Air Slash|p1a: Bitches Brew
|-damage|p1a: Bitches Brew|80\/304
|-damage|p2a: Helicopter|139\/313|[from] item: Life Orb
|move|p1a: Bitches Brew|Foul Play|p2a: Helicopter
|-damage|p2a: Helicopter|66\/313
|
|-heal|p1a: Bitches Brew|99\/304|[from] item: Leftovers
|-boost|p2a: Helicopter|spe|1|[from] ability: Speed Boost
|turn|51
|
|move|p2a: Helicopter|Air Slash|p1a: Bitches Brew
|-damage|p1a: Bitches Brew|0 fnt
|-damage|p2a: Helicopter|35\/313|[from] item: Life Orb
|faint|p1a: Bitches Brew
|
|-boost|p2a: Helicopter|spe|1|[from] ability: Speed Boost
|
|switch|p1a: Nardis|Weezing, F|77\/333
|turn|52
|
|move|p2a: Helicopter|Giga Drain|p1a: Nardis
|-resisted|p1a: Nardis
|-damage|p1a: Nardis|4\/333
|-heal|p2a: Helicopter|72\/313|[from] drain|[of] p1a: Nardis
|-damage|p2a: Helicopter|41\/313|[from] item: Life Orb
|move|p1a: Nardis|Fire Blast|p2a: Helicopter|[miss]
|-miss|p1a: Nardis|p2a: Helicopter
|
|-boost|p2a: Helicopter|spe|1|[from] ability: Speed Boost
|turn|53
|c|âCat Enthusiast|minmax
|c|âCat Enthusiast|fuck!
|c|âCat Enthusiast|lel
|c|âlapraz|whyyy
|c| DatGuyChuck|lol
|c|âCat Enthusiast|doesn't matter rly tho
|c| DatGuyChuck|its k tho
|
|move|p2a: Helicopter|Giga Drain|p1a: Nardis
|-resisted|p1a: Nardis
|-damage|p1a: Nardis|0 fnt
|-heal|p2a: Helicopter|43\/313|[from] drain|[of] p1a: Nardis
|-damage|p2a: Helicopter|12\/313|[from] item: Life Orb
|faint|p1a: Nardis
|
|-boost|p2a: Helicopter|spe|1|[from] ability: Speed Boost
|c|âCat Enthusiast|cuz same reslut
|c| DatGuyChuck|actually no
|
|switch|p1a: Body and Soul|Forretress, M|145\/354
|turn|54
|c| DatGuyChuck|if you got the kill
|c| DatGuyChuck|you would have 10% more
|c| DatGuyChuck|which means u couldve air slashed here
|
|move|p2a: Helicopter|Bug Buzz|p1a: Body and Soul
|-resisted|p1a: Body and Soul
|-damage|p1a: Body and Soul|0 fnt
|-damage|p2a: Helicopter|0 fnt|[from] item: Life Orb
|faint|p1a: Body and Soul
|faint|p2a: Helicopter
|
|leave|DatGuyChuck
|
|switch|p1a: Blue in Green|Suicune|404\/404 slp
|switch|p2a: Bravely Default|Togetic, F|168\/313 brn
|-ability|p1a: Blue in Green|Pressure
|-damage|p2a: Bravely Default|90\/313 brn|[from] Stealth Rock
|turn|55
|
|move|p2a: Bravely Default|Roost|p2a: Bravely Default
|-heal|p2a: Bravely Default|247\/313 brn
|-curestatus|p1a: Blue in Green|slp
|move|p1a: Blue in Green|Roar|p2a: Bravely Default
|drag|p2a: Suicune|Suicune|279\/404
|-status|p2a: Suicune|tox
|-damage|p2a: Suicune|229\/404 tox|[from] Spikes
|-damage|p2a: Suicune|179\/404 tox|[from] Stealth Rock
|-ability|p2a: Suicune|Pressure
|
|-heal|p2a: Suicune|204\/404 tox|[from] item: Leftovers
|-damage|p2a: Suicune|179\/404 tox|[from] psn
|turn|56
|c|âCat Enthusiast|gg
|c|âlapraz|gg
|-message|Cat Enthusiast forfeited.
|
|win|lapraz
|raw|Ladder updating...
|raw|lapraz's rating: 1564 &rarr; <strong>1572<\/strong><br \/>(+8 for winning)
|raw|Cat Enthusiast's rating: 1328 &rarr; <strong>1320<\/strong><br \/>(-8 for losing)
|leave|lapraz
|player|p1
|leave|Cat Enthusiast
|player|p2