|join|DMT
|join|jamridel
|player|p1|DMT|184
|player|p2|jamridel|30
|gametype|singles
|gen|6
|tier|UU
|rated
|rule|Sleep Clause Mod: Limit one foe put to sleep
|rule|Species Clause: Limit one of each PokÃ©mon
|rule|OHKO Clause: OHKO moves are banned
|rule|Moody Clause: Moody is banned
|rule|Evasion Moves Clause: Evasion moves are banned
|rule|Endless Battle Clause: Forcing endless battles is banned
|rule|HP Percentage Mod: HP is shown in percentages
|clearpoke
|poke|p1|Vaporeon, M
|poke|p1|Sceptile, F
|poke|p1|Donphan, M
|poke|p1|Jirachi
|poke|p1|Chandelure, M
|poke|p1|Nidoqueen, F
|poke|p2|Medicham, M
|poke|p2|Forretress, F
|poke|p2|Suicune
|poke|p2|Arcanine, F
|poke|p2|Galvantula, M
|poke|p2|Hydreigon, M
|rule|Swagger Clause: Swagger is banned
|rule|Baton Pass Clause: Limit one PokÃ©mon knowing Baton Pass
|teampreview
|
|start
|switch|p1a: Donphan|Donphan, M|384\/384
|switch|p2a: Hydreigon|Hydreigon, M|325\/325
|turn|1
|
|move|p1a: Donphan|Ice Shard|p2a: Hydreigon
|-supereffective|p2a: Hydreigon
|-damage|p2a: Hydreigon|237\/325
|move|p2a: Hydreigon|Dark Pulse|p1a: Donphan
|-damage|p1a: Donphan|237\/384
|
|turn|2
|
|switch|p2a: Suicune|Suicune|404\/404
|-ability|p2a: Suicune|Pressure
|switch|p1a: Vaporeon|Vaporeon, M|464\/464
|
|turn|3
|
|switch|p2a: Galvantula|Galvantula, M|281\/281
|move|p1a: Vaporeon|Baton Pass|p1a: Vaporeon
|
|switch|p1a: Donphan|Donphan, M|237\/384
|
|turn|4
|
|move|p2a: Galvantula|Energy Ball|p1a: Donphan
|-supereffective|p1a: Donphan
|-damage|p1a: Donphan|51\/384
|move|p1a: Donphan|Earthquake|p2a: Galvantula
|-damage|p2a: Galvantula|26\/281
|
|turn|5
|
|move|p1a: Donphan|Ice Shard|p2a: Galvantula
|-damage|p2a: Galvantula|0 fnt
|faint|p2a: Galvantula
|
|
|switch|p2a: Medicham|Medicham, M|265\/265
|turn|6
|
|switch|p1a: Jirachi|Jirachi|341\/341
|detailschange|p2a: Medicham|Medicham-Mega, M
|-mega|p2a: Medicham|Medicham|Medichamite
|move|p2a: Medicham|Fake Out|p1a: Jirachi
|-resisted|p1a: Jirachi
|-damage|p1a: Jirachi|299\/341
|
|turn|7
|
|move|p1a: Jirachi|U-turn|p2a: Medicham
|-damage|p2a: Medicham|190\/265
|
|switch|p1a: Chandelure|Chandelure, M|261\/261
|move|p2a: Medicham|High Jump Kick|p1a: Chandelure
|-immune|p1a: Chandelure|[msg]
|-damage|p2a: Medicham|58\/265|[from] highjumpkick
|
|turn|8
|join|Bob the Wut
|join|Emma Bae â¥
|
|switch|p2a: Arcanine|Arcanine, F|321\/321
|switch|p1a: Jirachi|Jirachi|299\/341
|
|turn|9
|join|Pink Nightmares
|
|move|p1a: Jirachi|U-turn|p2a: Arcanine
|-resisted|p2a: Arcanine
|-damage|p2a: Arcanine|276\/321
|
|switch|p1a: Chandelure|Chandelure, M|261\/261
|move|p2a: Arcanine|Crunch|p1a: Chandelure
|-supereffective|p1a: Chandelure
|-damage|p1a: Chandelure|17\/261
|-damage|p2a: Arcanine|244\/321|[from] item: Life Orb
|
|-heal|p1a: Chandelure|33\/261|[from] item: Leftovers
|turn|10
|c|âDMT|fuck!
|
|switch|p1a: Vaporeon|Vaporeon, M|464\/464
|move|p2a: Arcanine|Crunch|p1a: Vaporeon
|-damage|p1a: Vaporeon|338\/464
|-unboost|p1a: Vaporeon|def|1
|-damage|p2a: Arcanine|212\/321|[from] item: Life Orb
|
|-heal|p1a: Vaporeon|367\/464|[from] item: Leftovers
|turn|11
|c| Emma Bae â¥|jeez getting outplayed dmt
|c| Emma Bae â¥|:p
|c|âDMT|crunch arcanine
|
|switch|p1a: Nidoqueen|Nidoqueen, F|358\/358
|move|p2a: Arcanine|Close Combat|p1a: Nidoqueen
|-resisted|p1a: Nidoqueen
|-damage|p1a: Nidoqueen|250\/358
|-unboost|p2a: Arcanine|def|1
|-unboost|p2a: Arcanine|spd|1
|-damage|p2a: Arcanine|180\/321|[from] item: Life Orb
|
|turn|12
|c|âDMT|is my teams greatest weakness
|
|move|p2a: Arcanine|Flare Blitz|p1a: Nidoqueen
|-damage|p1a: Nidoqueen|0 fnt
|-damage|p2a: Arcanine|97\/321|[from] recoil|[of] p1a: Nidoqueen
|-damage|p2a: Arcanine|65\/321|[from] item: Life Orb
|faint|p1a: Nidoqueen
|
|c|âDMT|like really
|c| Emma Bae â¥|oml swept?
|join|Exemption
|
|switch|p1a: Vaporeon|Vaporeon, M|367\/464
|turn|13
|
|move|p2a: Arcanine|Close Combat|p1a: Vaporeon
|-damage|p1a: Vaporeon|195\/464
|-unboost|p2a: Arcanine|def|1
|-unboost|p2a: Arcanine|spd|1
|-damage|p2a: Arcanine|33\/321|[from] item: Life Orb
|move|p1a: Vaporeon|Wish|p1a: Vaporeon
|
|-heal|p1a: Vaporeon|224\/464|[from] item: Leftovers
|turn|14
|c| Emma Bae â¥|that did 0
|
|switch|p2a: Medicham|Medicham-Mega, M|58\/265
|move|p1a: Vaporeon|Protect|p1a: Vaporeon
|-fail|p1a: Vaporeon
|
|-heal|p1a: Vaporeon|456\/464|[from] move: Wish|[wisher] Vaporeon
|-heal|p1a: Vaporeon|464\/464|[from] item: Leftovers
|turn|15
|c|âDMT|that's the arcanine I know
|
|move|p1a: Vaporeon|Protect|p1a: Vaporeon
|-singleturn|p1a: Vaporeon|Protect
|move|p2a: Medicham|Fake Out|p1a: Vaporeon
|-activate|p1a: Vaporeon|Protect
|
|turn|16
|
|move|p2a: Medicham|Zen Headbutt|p1a: Vaporeon
|-damage|p1a: Vaporeon|229\/464
|move|p1a: Vaporeon|Scald|p2a: Medicham
|-damage|p2a: Medicham|0 fnt
|faint|p2a: Medicham
|
|-heal|p1a: Vaporeon|258\/464|[from] item: Leftovers
|
|switch|p2a: Hydreigon|Hydreigon, M|237\/325
|turn|17
|
|move|p1a: Vaporeon|Protect|p1a: Vaporeon
|-singleturn|p1a: Vaporeon|Protect
|move|p2a: Hydreigon|Dark Pulse|p1a: Vaporeon
|-activate|p1a: Vaporeon|Protect
|
|-heal|p1a: Vaporeon|287\/464|[from] item: Leftovers
|turn|18
|leave|Emma Bae â¥
|join|Emma Bae â¥
|
|move|p2a: Hydreigon|Dark Pulse|p1a: Vaporeon
|-damage|p1a: Vaporeon|130\/464
|move|p1a: Vaporeon|Wish|p1a: Vaporeon
|
|-heal|p1a: Vaporeon|159\/464|[from] item: Leftovers
|turn|19
|
|switch|p2a: Arcanine|Arcanine, F|33\/321
|move|p1a: Vaporeon|Protect|p1a: Vaporeon
|-fail|p1a: Vaporeon
|
|-heal|p1a: Vaporeon|391\/464|[from] move: Wish|[wisher] Vaporeon
|-heal|p1a: Vaporeon|420\/464|[from] item: Leftovers
|turn|20
|c| Emma Bae â¥|why ptect :p
|
|move|p2a: Arcanine|Extreme Speed|p1a: Vaporeon
|-damage|p1a: Vaporeon|294\/464
|-damage|p2a: Arcanine|1\/321|[from] item: Life Orb
|move|p1a: Vaporeon|Wish|p1a: Vaporeon
|
|-heal|p1a: Vaporeon|323\/464|[from] item: Leftovers
|turn|21
|c|âDMT|cuz I'm grape at this game
|c| Emma Bae â¥|haha
|-message|jamridel forfeited.
|
|win|DMT
|raw|Ladder updating...
|leave|jamridel
|player|p2
|raw|DMT's rating: 1596 &rarr; <strong>1606<\/strong><br \/>(+10 for winning)
|raw|jamridel's rating: 1414 &rarr; <strong>1404<\/strong><br \/>(-10 for losing)
|leave|DMT
|player|p1
|leave|Emma Bae â¥