|join|DMT
|join|lapraz
|c|âDMT|hello!
|player|p1|DMT|184
|player|p2|lapraz|157
|gametype|singles
|gen|6
|tier|UU
|rated
|rule|Sleep Clause Mod: Limit one foe put to sleep
|rule|Species Clause: Limit one of each PokÃ©mon
|rule|OHKO Clause: OHKO moves are banned
|rule|Moody Clause: Moody is banned
|rule|Evasion Moves Clause: Evasion moves are banned
|rule|Endless Battle Clause: Forcing endless battles is banned
|rule|HP Percentage Mod: HP is shown in percentages
|clearpoke
|poke|p1|Shedinja
|poke|p1|Absol, F
|poke|p1|Xatu, F
|poke|p1|Cobalion
|poke|p1|Archeops, F
|poke|p1|Tentacruel, M
|poke|p2|Florges, F
|poke|p2|Steelix, F
|poke|p2|Tentacruel, M
|poke|p2|Goodra, F
|poke|p2|Jellicent, M
|poke|p2|Chesnaught, F
|rule|Swagger Clause: Swagger is banned
|rule|Baton Pass Clause: Limit one PokÃ©mon knowing Baton Pass
|teampreview
|c|âlapraz|hey mate
|c|âlapraz|oh dear god
|c|âlapraz|not this team again...
|c|âDMT|ur team is not prepared
|c|âDMT|imo
|c|âDMT|js
|c|âDMT|better hope ur carrying the fire fang steelix
|
|start
|switch|p1a: FairyDark plz|Absol, F|271\/271
|switch|p2a: Steelix|Steelix, F|354\/354
|turn|1
|c|âlapraz|fk
|c|âDMT|lel
|
|detailschange|p1a: FairyDark plz|Absol-Mega, F
|-mega|p1a: FairyDark plz|Absol|Absolite
|detailschange|p2a: Steelix|Steelix-Mega, F
|-mega|p2a: Steelix|Steelix|Steelixite
|move|p1a: FairyDark plz|Baton Pass|p1a: FairyDark plz
|
|switch|p1a: DOOT DOOT|Xatu, F|334\/334
|move|p2a: Steelix|Roar|p1a: DOOT DOOT
|move|p1a: DOOT DOOT|Roar|p2a: Steelix|[from]Magic Bounce
|drag|p2a: Florges|Florges, F|360\/360
|
|turn|2
|
|move|p1a: DOOT DOOT|U-turn|p2a: Florges
|-resisted|p2a: Florges
|-damage|p2a: Florges|343\/360
|
|switch|p1a: Tentei|Tentacruel, M|364\/364
|move|p2a: Florges|Moonblast|p1a: Tentei
|-resisted|p1a: Tentei
|-damage|p1a: Tentei|319\/364
|
|-heal|p1a: Tentei|341\/364|[from] item: Black Sludge
|-heal|p2a: Florges|360\/360|[from] item: Leftovers
|turn|3
|
|switch|p2a: Goodra|Goodra, F|384\/384
|move|p1a: Tentei|Scald|p2a: Goodra
|-resisted|p2a: Goodra
|-damage|p2a: Goodra|354\/384
|
|-heal|p1a: Tentei|363\/364|[from] item: Black Sludge
|-heal|p2a: Goodra|378\/384|[from] item: Leftovers
|turn|4
|
|move|p1a: Tentei|Scald|p2a: Goodra
|-resisted|p2a: Goodra
|-damage|p2a: Goodra|351\/384
|move|p2a: Goodra|Earthquake|p1a: Tentei
|-supereffective|p1a: Tentei
|-damage|p1a: Tentei|203\/364
|
|-heal|p1a: Tentei|225\/364|[from] item: Black Sludge
|-heal|p2a: Goodra|375\/384|[from] item: Leftovers
|turn|5
|
|switch|p1a: DOOT DOOT|Xatu, F|334\/334
|move|p2a: Goodra|Dragon Tail|p1a: DOOT DOOT
|-damage|p1a: DOOT DOOT|276\/334
|-damage|p2a: Goodra|311\/384|[from] item: Rocky Helmet|[of] p1a: DOOT DOOT
|drag|p1a: Redneck|Archeops, F|291\/291
|
|-heal|p2a: Goodra|335\/384|[from] item: Leftovers
|turn|6
|
|switch|p2a: Steelix|Steelix-Mega, F|354\/354
|move|p1a: Redneck|U-turn|p2a: Steelix
|-resisted|p2a: Steelix
|-damage|p2a: Steelix|335\/354
|
|switch|p1a: DOOT DOOT|Xatu, F|276\/334
|
|turn|7
|
|move|p1a: DOOT DOOT|Heat Wave|p2a: Steelix
|-supereffective|p2a: Steelix
|-damage|p2a: Steelix|223\/354
|move|p2a: Steelix|Roar|p1a: DOOT DOOT
|move|p1a: DOOT DOOT|Roar|p2a: Steelix|[from]Magic Bounce
|drag|p2a: Florges|Florges, F|360\/360
|
|turn|8
|
|move|p1a: DOOT DOOT|U-turn|p2a: Florges
|-crit|p2a: Florges
|-resisted|p2a: Florges
|-damage|p2a: Florges|335\/360
|
|switch|p1a: Win Condition|Shedinja|1\/1
|move|p2a: Florges|Moonblast|p1a: Win Condition
|-activate|p1a: Win Condition|ability: Wonder Guard
|
|-heal|p2a: Florges|357\/360|[from] item: Leftovers
|turn|9
|c|âDMT|http:\/\/puu.sh\/exeVN\/6a239d522f.png
|c|âDMT|lol
|c|âlapraz|lol
|
|switch|p2a: Chesnaught|Chesnaught, F|380\/380
|switch|p1a: Tentei|Tentacruel, M|225\/364
|
|-heal|p1a: Tentei|247\/364|[from] item: Black Sludge
|turn|10
|
|switch|p1a: DOOT DOOT|Xatu, F|276\/334
|move|p2a: Chesnaught|Wood Hammer|p1a: DOOT DOOT
|-resisted|p1a: DOOT DOOT
|-damage|p1a: DOOT DOOT|209\/334
|-damage|p2a: Chesnaught|317\/380|[from] item: Rocky Helmet|[of] p1a: DOOT DOOT
|-damage|p2a: Chesnaught|295\/380|[from] recoil|[of] p1a: DOOT DOOT
|
|-heal|p2a: Chesnaught|318\/380|[from] item: Leftovers
|turn|11
|
|switch|p2a: Jellicent|Jellicent, M|404\/404
|move|p1a: DOOT DOOT|Roost|p1a: DOOT DOOT
|-heal|p1a: DOOT DOOT|334\/334
|
|turn|12
|
|move|p1a: DOOT DOOT|Psychic|p2a: Jellicent
|-damage|p2a: Jellicent|304\/404
|move|p2a: Jellicent|Will-O-Wisp|p1a: DOOT DOOT
|move|p1a: DOOT DOOT|Will-O-Wisp|p2a: Jellicent|[from]Magic Bounce
|-status|p2a: Jellicent|brn
|
|-heal|p2a: Jellicent|329\/404 brn|[from] item: Leftovers
|-damage|p2a: Jellicent|279\/404 brn|[from] brn
|turn|13
|
|move|p1a: DOOT DOOT|U-turn|p2a: Jellicent
|-resisted|p2a: Jellicent
|-damage|p2a: Jellicent|263\/404 brn
|
|switch|p1a: Secretly Bidoof|Cobalion|323\/323
|move|p2a: Jellicent|Will-O-Wisp|p1a: Secretly Bidoof
|-status|p1a: Secretly Bidoof|brn
|
|-heal|p2a: Jellicent|288\/404 brn|[from] item: Leftovers
|-damage|p1a: Secretly Bidoof|283\/323 brn|[from] brn
|-damage|p2a: Jellicent|238\/404 brn|[from] brn
|turn|14
|
|move|p1a: Secretly Bidoof|Iron Head|p2a: Jellicent
|-resisted|p2a: Jellicent
|-damage|p2a: Jellicent|211\/404 brn
|move|p2a: Jellicent|Recover|p2a: Jellicent
|-heal|p2a: Jellicent|404\/404 brn
|
|-damage|p1a: Secretly Bidoof|243\/323 brn|[from] brn
|-damage|p2a: Jellicent|354\/404 brn|[from] brn
|turn|15
|
|switch|p2a: Chesnaught|Chesnaught, F|318\/380
|move|p1a: Secretly Bidoof|Rest|p1a: Secretly Bidoof
|-status|p1a: Secretly Bidoof|slp
|-heal|p1a: Secretly Bidoof|323\/323 slp|[silent]
|-status|p1a: Secretly Bidoof|slp|[from] move: Rest
|-enditem|p1a: Secretly Bidoof|Chesto Berry|[eat]
|-curestatus|p1a: Secretly Bidoof|slp
|
|-heal|p2a: Chesnaught|341\/380|[from] item: Leftovers
|turn|16
|
|switch|p2a: Tentacruel|Tentacruel, M|364\/364
|move|p1a: Secretly Bidoof|Volt Switch|p2a: Tentacruel
|-supereffective|p2a: Tentacruel
|-damage|p2a: Tentacruel|280\/364
|
|switch|p1a: FairyDark plz|Absol-Mega, F|271\/271
|
|-heal|p2a: Tentacruel|302\/364|[from] item: Black Sludge
|turn|17
|join|TheCanadianwifier
|c|âDMT|hi richard
|c|âDMT|!
|c| TheCanadianwifier|we're all back
|c| TheCanadianwifier|on normal alts
|c| TheCanadianwifier|we survived
|c| TheCanadianwifier|:]
|join|Cacturnee
|c|âDMT|oh nb
|
|switch|p2a: Steelix|Steelix-Mega, F|223\/354
|move|p1a: FairyDark plz|Knock Off|p2a: Steelix
|-damage|p2a: Steelix|150\/354
|
|turn|18
|leave|Cacturnee
|join|innovamania
|c| TheCanadianwifier|and unbanned
|c| TheCanadianwifier|from everywherre
|c|âDMT|not bod
|c|âDMT|by who?
|c|âDMT|innova?
|c| TheCanadianwifier|uhm
|
|move|p1a: FairyDark plz|Baton Pass|p1a: FairyDark plz
|
|switch|p1a: DOOT DOOT|Xatu, F|334\/334
|move|p2a: Steelix|Earthquake|p1a: DOOT DOOT
|-immune|p1a: DOOT DOOT|[msg]
|
|turn|19
|c| TheCanadianwifier|we got tomibello [random from nu]
|c|âDMT|oh
|c| TheCanadianwifier|to get trapped
|c|âDMT|oh ya
|c| TheCanadianwifier|then when we released him
|c|âDMT|nb
|
|move|p1a: DOOT DOOT|Psychic|p2a: Steelix
|-resisted|p2a: Steelix
|-damage|p2a: Steelix|111\/354
|move|p2a: Steelix|Rest|p2a: Steelix
|-status|p2a: Steelix|slp
|-heal|p2a: Steelix|354\/354 slp|[silent]
|-status|p2a: Steelix|slp|[from] move: Rest
|
|turn|20
|c| TheCanadianwifier|he complained to every tier
|c| TheCanadianwifier|to get unbanned
|c| TheCanadianwifier|and by unbanning him
|c|âDMT|this is going to be a long
|join|tomi â¥ bello
|c|âDMT|long
|c|âDMT|long game
|c| TheCanadianwifier|we got unbanned to :]
|c|âlapraz|yeah
|c|âDMT|nb
|c| TheCanadianwifier|:]
|c| tomi â¥ bello|hey DMT
|c|âDMT|hi hi
|c| tomi â¥ bello|can i get unbanned plz
|
|switch|p2a: Goodra|Goodra, F|335\/384
|move|p1a: DOOT DOOT|U-turn|p2a: Goodra
|-damage|p2a: Goodra|302\/384
|c| tomi â¥ bello|?
|c|âDMT|from UU?
|c| tomi â¥ bello|ye
|c| tomi â¥ bello|ty
|join|dolph the showoff
|
|switch|p1a: FairyDark plz|Absol-Mega, F|271\/271
|
|-heal|p2a: Goodra|326\/384|[from] item: Leftovers
|turn|21
|c|âDMT|yw
|c|âDMT|hi user 6fthax
|c|âDMT|I mean cough cough cough
|c| tomi â¥ bello|hi user elams
|c| tomi â¥ bello|elmas*
|
|move|p1a: FairyDark plz|Swords Dance|p1a: FairyDark plz
|-boost|p1a: FairyDark plz|atk|2
|move|p2a: Goodra|Dragon Tail|p1a: FairyDark plz
|-damage|p1a: FairyDark plz|156\/271
|drag|p1a: Win Condition|Shedinja|1\/1
|
|-heal|p2a: Goodra|350\/384|[from] item: Leftovers
|turn|22
|
|switch|p2a: Tentacruel|Tentacruel, M|302\/364
|switch|p1a: DOOT DOOT|Xatu, F|334\/334
|
|-heal|p2a: Tentacruel|324\/364|[from] item: Black Sludge
|turn|23
|
|move|p2a: Tentacruel|Knock Off|p1a: DOOT DOOT
|-supereffective|p1a: DOOT DOOT
|-damage|p1a: DOOT DOOT|248\/334
|-damage|p2a: Tentacruel|264\/364|[from] item: Rocky Helmet|[of] p1a: DOOT DOOT
|-enditem|p1a: DOOT DOOT|Rocky Helmet|[from] move: Knock Off|[of] p2a: Tentacruel
|move|p1a: DOOT DOOT|Psychic|p2a: Tentacruel
|-supereffective|p2a: Tentacruel
|-damage|p2a: Tentacruel|88\/364
|
|-heal|p2a: Tentacruel|110\/364|[from] item: Black Sludge
|turn|24
|
|switch|p2a: Florges|Florges, F|357\/360
|move|p1a: DOOT DOOT|U-turn|p2a: Florges
|-resisted|p2a: Florges
|-damage|p2a: Florges|341\/360
|
|switch|p1a: Secretly Bidoof|Cobalion|323\/323
|
|-heal|p2a: Florges|360\/360|[from] item: Leftovers
|turn|25
|leave|TheCanadianwifier
|
|switch|p2a: Chesnaught|Chesnaught, F|341\/380
|move|p1a: Secretly Bidoof|Iron Head|p2a: Chesnaught
|-damage|p2a: Chesnaught|274\/380
|
|-heal|p2a: Chesnaught|297\/380|[from] item: Leftovers
|turn|26
|
|move|p1a: Secretly Bidoof|Volt Switch|p2a: Chesnaught
|-resisted|p2a: Chesnaught
|-damage|p2a: Chesnaught|270\/380
|
|switch|p1a: DOOT DOOT|Xatu, F|248\/334
|move|p2a: Chesnaught|Wood Hammer|p1a: DOOT DOOT
|-resisted|p1a: DOOT DOOT
|-damage|p1a: DOOT DOOT|179\/334
|-damage|p2a: Chesnaught|247\/380|[from] recoil|[of] p1a: DOOT DOOT
|
|-heal|p2a: Chesnaught|270\/380|[from] item: Leftovers
|turn|27
|
|switch|p2a: Florges|Florges, F|360\/360
|move|p1a: DOOT DOOT|Roost|p1a: DOOT DOOT
|-heal|p1a: DOOT DOOT|334\/334
|
|turn|28
|
|move|p1a: DOOT DOOT|Psychic|p2a: Florges
|-damage|p2a: Florges|297\/360
|-unboost|p2a: Florges|spd|1
|move|p2a: Florges|Aromatherapy|p2a: Florges
|-cureteam|p2a: Florges|[from] move: Aromatherapy
|
|-heal|p2a: Florges|319\/360|[from] item: Leftovers
|turn|29
|
|move|p1a: DOOT DOOT|Psychic|p2a: Florges
|-damage|p2a: Florges|220\/360
|move|p2a: Florges|Wish|p2a: Florges
|
|-heal|p2a: Florges|242\/360|[from] item: Leftovers
|turn|30
|
|switch|p2a: Jellicent|Jellicent, M|354\/404
|move|p1a: DOOT DOOT|U-turn|p2a: Jellicent
|-resisted|p2a: Jellicent
|-damage|p2a: Jellicent|338\/404
|
|switch|p1a: FairyDark plz|Absol-Mega, F|156\/271
|
|-heal|p2a: Jellicent|404\/404|[from] move: Wish|[wisher] Florges
|turn|31
|
|move|p1a: FairyDark plz|Knock Off|p2a: Jellicent
|-crit|p2a: Jellicent
|-supereffective|p2a: Jellicent
|-damage|p2a: Jellicent|0 fnt
|-enditem|p2a: Jellicent|Leftovers|[from] move: Knock Off|[of] p1a: FairyDark plz
|faint|p2a: Jellicent
|
|c|âDMT|welp
|c|âlapraz|awwwww'
|
|switch|p2a: Chesnaught|Chesnaught, F|270\/380
|turn|32
|
|move|p1a: FairyDark plz|Baton Pass|p1a: FairyDark plz
|
|switch|p1a: DOOT DOOT|Xatu, F|334\/334
|move|p2a: Chesnaught|Wood Hammer|p1a: DOOT DOOT
|-resisted|p1a: DOOT DOOT
|-damage|p1a: DOOT DOOT|262\/334
|-damage|p2a: Chesnaught|246\/380|[from] recoil|[of] p1a: DOOT DOOT
|
|-heal|p2a: Chesnaught|269\/380|[from] item: Leftovers
|turn|33
|
|switch|p2a: Florges|Florges, F|242\/360
|move|p1a: DOOT DOOT|U-turn|p2a: Florges
|-resisted|p2a: Florges
|-damage|p2a: Florges|225\/360
|
|switch|p1a: Secretly Bidoof|Cobalion|323\/323
|
|-heal|p2a: Florges|247\/360|[from] item: Leftovers
|turn|34
|join|LarryBusJr
|
|switch|p2a: Steelix|Steelix-Mega, F|354\/354
|move|p1a: Secretly Bidoof|Close Combat|p2a: Steelix
|-supereffective|p2a: Steelix
|-damage|p2a: Steelix|192\/354
|-unboost|p1a: Secretly Bidoof|def|1
|-unboost|p1a: Secretly Bidoof|spd|1
|
|turn|35
|c|âDMT|o nb
|
|switch|p1a: Redneck|Archeops, F|291\/291
|move|p2a: Steelix|Earthquake|p1a: Redneck
|-immune|p1a: Redneck|[msg]
|
|turn|36
|
|move|p1a: Redneck|U-turn|p2a: Steelix
|-resisted|p2a: Steelix
|-damage|p2a: Steelix|169\/354
|
|switch|p1a: DOOT DOOT|Xatu, F|262\/334
|move|p2a: Steelix|Roar|p1a: DOOT DOOT
|move|p1a: DOOT DOOT|Roar|p2a: Steelix|[from]Magic Bounce
|drag|p2a: Florges|Florges, F|247\/360
|
|-heal|p2a: Florges|269\/360|[from] item: Leftovers
|turn|37
|
|move|p1a: DOOT DOOT|U-turn|p2a: Florges
|-resisted|p2a: Florges
|-damage|p2a: Florges|254\/360
|join|secret kekleon
|
|switch|p1a: Secretly Bidoof|Cobalion|323\/323
|move|p2a: Florges|Moonblast|p1a: Secretly Bidoof
|-crit|p1a: Secretly Bidoof
|-damage|p1a: Secretly Bidoof|71\/323
|
|-heal|p2a: Florges|276\/360|[from] item: Leftovers
|turn|38
|c|âDMT|ow
|join|r0ady
|
|move|p1a: Secretly Bidoof|Iron Head|p2a: Florges
|-supereffective|p2a: Florges
|-damage|p2a: Florges|42\/360
|move|p2a: Florges|Moonblast|p1a: Secretly Bidoof
|-damage|p1a: Secretly Bidoof|0 fnt
|faint|p1a: Secretly Bidoof
|
|-heal|p2a: Florges|64\/360|[from] item: Leftovers
|c|âlapraz|yesss
|c| r0ady|this man
|c|âDMT|oooof
|c| r0ady|has a single mon to touch seddy
|
|switch|p1a: FairyDark plz|Absol-Mega, F|156\/271
|turn|39
|c| secret kekleon|is lapraz ohnoohno
|c|âDMT|ches
|c|âDMT|prob has shield or seed
|c|âDMT|tenta could have knock
|join|DMT is Love
|c| r0ady|thats what i meant, unless hes lame av goodra with fire blast
|c| DMT is Love|\/me DMT is Life
|c| r0ady|and ya tenta could
|c| secret kekleon|band goodra with fire punch
|c|âDMT|it's physical goodra
|c|âDMT|with dragon tail
|c|âDMT|so could have rockslide idek
|
|switch|p2a: Steelix|Steelix-Mega, F|169\/354
|move|p1a: FairyDark plz|Knock Off|p2a: Steelix
|-damage|p2a: Steelix|106\/354
|
|turn|40
|c| secret kekleon|the sprite loop of steelix is wrong
|c|âDMT|?
|join|Snowballin
|
|move|p1a: FairyDark plz|Swords Dance|p1a: FairyDark plz
|-boost|p1a: FairyDark plz|atk|2
|move|p2a: Steelix|Rest|p2a: Steelix
|-status|p2a: Steelix|slp
|-heal|p2a: Steelix|354\/354 slp|[silent]
|-status|p2a: Steelix|slp|[from] move: Rest
|
|turn|41
|c|âDMT|no eq plz
|c|âDMT|don't pull eq plz
|c| r0ady|sd bp seems so useless on this team tbh
|
|switch|p2a: Chesnaught|Chesnaught, F|269\/380
|move|p1a: FairyDark plz|Knock Off|p2a: Chesnaught
|-resisted|p2a: Chesnaught
|-damage|p2a: Chesnaught|128\/380
|-enditem|p2a: Chesnaught|Leftovers|[from] move: Knock Off|[of] p1a: FairyDark plz
|
|turn|42
|c| r0ady|like
|c| r0ady|you cant bp to sheddy
|c|âlapraz|ok
|c| r0ady|because the things itd be in on it can set up it self
|
|move|p1a: FairyDark plz|Baton Pass|p1a: FairyDark plz
|
|switch|p1a: DOOT DOOT|Xatu, F|262\/334
|move|p2a: Chesnaught|Wood Hammer|p1a: DOOT DOOT
|-resisted|p1a: DOOT DOOT
|-damage|p1a: DOOT DOOT|199\/334
|-damage|p2a: Chesnaught|107\/380|[from] recoil|[of] p1a: DOOT DOOT
|
|turn|43
|c| secret kekleon|kek
|c|âDMT|threat
|c|âDMT|I should have suckerpunch on this thing
|c|âlapraz|this u-turn will be a powerful one
|c| r0ady|plus 2 u turn imo
|c| secret kekleon|i run sucker punch knock off bp sd once
|
|switch|p2a: Florges|Florges, F|64\/360
|move|p1a: DOOT DOOT|Psychic|p2a: Florges
|-damage|p2a: Florges|0 fnt
|faint|p2a: Florges
|
|c| secret kekleon|ran
|
|switch|p2a: Goodra|Goodra, F|350\/384
|turn|44
|
|move|p1a: DOOT DOOT|U-turn|p2a: Goodra
|-damage|p2a: Goodra|281\/384
|
|switch|p1a: Tentei|Tentacruel, M|247\/364
|move|p2a: Goodra|Dragon Tail|p1a: Tentei
|-damage|p1a: Tentei|168\/364
|drag|p1a: DOOT DOOT|Xatu, F|199\/334
|
|-heal|p2a: Goodra|305\/384|[from] item: Leftovers
|turn|45
|c| r0ady|damage]
|c|âDMT|ow
|
|move|p1a: DOOT DOOT|Roost|p1a: DOOT DOOT
|-heal|p1a: DOOT DOOT|334\/334
|move|p2a: Goodra|Dragon Tail|p1a: DOOT DOOT
|-damage|p1a: DOOT DOOT|270\/334
|drag|p1a: FairyDark plz|Absol-Mega, F|156\/271
|
|-heal|p2a: Goodra|329\/384|[from] item: Leftovers
|turn|46
|
|move|p1a: FairyDark plz|Baton Pass|p1a: FairyDark plz
|
|switch|p1a: DOOT DOOT|Xatu, F|270\/334
|move|p2a: Goodra|Dragon Tail|p1a: DOOT DOOT
|-damage|p1a: DOOT DOOT|207\/334
|drag|p1a: Tentei|Tentacruel, M|168\/364
|
|-heal|p1a: Tentei|190\/364|[from] item: Black Sludge
|-heal|p2a: Goodra|353\/384|[from] item: Leftovers
|turn|47
|leave|r0ady
|c|âDMT|did my helmet
|c|âDMT|get removed
|c|âlapraz|yeah
|c|âDMT|ah
|
|switch|p1a: Win Condition|Shedinja|1\/1
|move|p2a: Goodra|Earthquake|p1a: Win Condition
|-activate|p1a: Win Condition|ability: Wonder Guard
|
|-heal|p2a: Goodra|377\/384|[from] item: Leftovers
|turn|48
|c| DMT is Love|turn 23
|c|âDMT|ah
|c|âDMT|what had knock off
|c|âDMT|tenta
|c|âDMT|right.
|c| DMT is Love|yep
|
|switch|p2a: Chesnaught|Chesnaught, F|107\/380
|switch|p1a: DOOT DOOT|Xatu, F|207\/334
|
|turn|49
|c| DMT is Love|\/me DMT is Life
|
|move|p2a: Chesnaught|Spiky Shield|p2a: Chesnaught
|-singleturn|p2a: Chesnaught|move: Protect
|move|p1a: DOOT DOOT|Psychic|p2a: Chesnaught
|-activate|p2a: Chesnaught|move: Protect
|
|turn|50
|
|switch|p2a: Goodra|Goodra, F|377\/384
|move|p1a: DOOT DOOT|Psychic|p2a: Goodra
|-damage|p2a: Goodra|304\/384
|
|-heal|p2a: Goodra|328\/384|[from] item: Leftovers
|turn|51
|
|move|p1a: DOOT DOOT|Roost|p1a: DOOT DOOT
|-heal|p1a: DOOT DOOT|334\/334
|move|p2a: Goodra|Dragon Tail|p1a: DOOT DOOT
|-crit|p1a: DOOT DOOT
|-damage|p1a: DOOT DOOT|237\/334
|drag|p1a: Tentei|Tentacruel, M|190\/364
|
|-heal|p1a: Tentei|212\/364|[from] item: Black Sludge
|-heal|p2a: Goodra|352\/384|[from] item: Leftovers
|turn|52
|
|switch|p1a: Win Condition|Shedinja|1\/1
|move|p2a: Goodra|Dragon Tail|p1a: Win Condition
|-activate|p1a: Win Condition|ability: Wonder Guard
|
|-heal|p2a: Goodra|376\/384|[from] item: Leftovers
|turn|53
|join|CaptainBravo
|
|switch|p2a: Tentacruel|Tentacruel, M|110\/364
|move|p1a: Win Condition|X-Scissor|p2a: Tentacruel
|-resisted|p2a: Tentacruel
|-damage|p2a: Tentacruel|53\/364
|
|-heal|p2a: Tentacruel|75\/364|[from] item: Black Sludge
|turn|54
|
|switch|p1a: FairyDark plz|Absol-Mega, F|156\/271
|move|p2a: Tentacruel|Scald|p1a: FairyDark plz
|-damage|p1a: FairyDark plz|38\/271
|
|-heal|p2a: Tentacruel|97\/364|[from] item: Black Sludge
|turn|55
|c|âDMT|ow
|c| secret kekleon|lol
|c|âlapraz|awww i wanted burn...
|c|âDMT|tbh I should have SD'd
|c|âDMT|and swept I think
|join|Colbrushie
|c| secret kekleon|what if he has sth on goodra
|c| secret kekleon|but not revealing
|c| Colbrushie|âlapraz: oh dear god
|c| Colbrushie|âlapraz: not this team again...
|
|switch|p2a: Goodra|Goodra, F|376\/384
|move|p1a: FairyDark plz|Knock Off|p2a: Goodra
|-damage|p2a: Goodra|174\/384
|-enditem|p2a: Goodra|Leftovers|[from] move: Knock Off|[of] p1a: FairyDark plz
|
|turn|56
|c| CaptainBravo|come on man, get your head in the game
|c| secret kekleon|does it run play rough
|c|âDMT|nah
|join|Shit User
|c|âDMT|double dark bp sd
|
|switch|p1a: Win Condition|Shedinja|1\/1
|move|p2a: Goodra|Dragon Tail|p1a: Win Condition
|-activate|p1a: Win Condition|ability: Wonder Guard
|
|turn|57
|c| secret kekleon|rock slide incoming
|
|move|p2a: Goodra|Rest|p2a: Goodra
|-status|p2a: Goodra|slp
|-heal|p2a: Goodra|384\/384 slp|[silent]
|-status|p2a: Goodra|slp|[from] move: Rest
|move|p1a: Win Condition|X-Scissor|p2a: Goodra
|-damage|p2a: Goodra|267\/384 slp
|
|turn|58
|c| CaptainBravo|show him the fire blast
|c| secret kekleon|o
|c| Shit User|go to helmet mon
|c| DMT is Love|dt rest eq sleep talk?
|c|âlapraz|yeah
|c|âDMT|you like
|c|âDMT|resttalkers
|c| DMT is Love|cool set
|
|cant|p2a: Goodra|slp
|move|p2a: Goodra|Sleep Talk|p2a: Goodra
|move|p2a: Goodra|Earthquake|p1a: Win Condition|[from]Sleep Talk
|-activate|p1a: Win Condition|ability: Wonder Guard
|move|p1a: Win Condition|Swords Dance|p1a: Win Condition
|-boost|p1a: Win Condition|atk|2
|
|turn|59
|c|âlapraz|yeah they're fun
|c| secret kekleon|and ez
|c| Shit User|yeah theyre also set up fodder
|
|switch|p2a: Steelix|Steelix-Mega, F|354\/354 slp
|move|p1a: Win Condition|X-Scissor|p2a: Steelix
|-resisted|p2a: Steelix
|-damage|p2a: Steelix|296\/354 slp
|
|turn|60
|c| Shit User|now u lose
|c|âDMT|tru
|c|âDMT|nah this thing
|c|âDMT|still here lol
|
|move|p1a: Win Condition|Swords Dance|p1a: Win Condition
|-boost|p1a: Win Condition|atk|2
|cant|p2a: Steelix|slp
|
|turn|61
|c| Shit User|what set is steelix
|c|âlapraz|lol
|c| secret kekleon|cant see mega sprites
|join|THEiTodd
|
|move|p1a: Win Condition|X-Scissor|p2a: Steelix
|-resisted|p2a: Steelix
|-damage|p2a: Steelix|205\/354 slp
|cant|p2a: Steelix|slp
|
|turn|62
|c| CaptainBravo|no worries, the wall is here
|c| THEiTodd|hi dmt!
|c|âDMT|resttalk
|c|âDMT|eq roar
|c| Shit User|can it tuch u
|c| Shit User|best
|c| Shit User|sleep talk
|c| Shit User|everrrr
|c|âDMT|nah I need like
|c|âDMT|tenta in and to get some rolls
|c|âDMT|or to stall it
|
|move|p1a: Win Condition|X-Scissor|p2a: Steelix
|-resisted|p2a: Steelix
|-damage|p2a: Steelix|124\/354 slp
|-curestatus|p2a: Steelix|slp
|move|p2a: Steelix|Stealth Rock|p1a: Win Condition
|-sidestart|p1: DMT|move: Stealth Rock
|
|turn|63
|c| secret kekleon|n
|c| secret kekleon|i
|c|âDMT|oh fuck
|c| secret kekleon|c
|c| secret kekleon|e
|c| Shit User|o
|c|âDMT|no talk
|
|move|p1a: Win Condition|Shadow Sneak|p2a: Steelix
|-damage|p2a: Steelix|34\/354
|move|p2a: Steelix|Roar|p1a: Win Condition
|drag|p1a: Redneck|Archeops, F|291\/291
|-damage|p1a: Redneck|219\/291|[from] Stealth Rock
|
|turn|64
|c| Shit User|ebin
|c| secret kekleon|kill it
|c|âDMT|plz
|c|âDMT|don't miss archeops
|c| secret kekleon|does stone edge even kill
|c| LarryBusJr|pls
|c| LarryBusJr|do
|c| CaptainBravo|yeah
|c|âDMT|uturn may
|
|move|p1a: Redneck|Defog|p2a: Steelix
|-unboost|p2a: Steelix|evasion|1
|-sideend|p1: DMT|Stealth Rock|[from] move: Defog|[of] p1a: Redneck
|move|p2a: Steelix|Rest|p2a: Steelix
|-status|p2a: Steelix|slp
|-heal|p2a: Steelix|354\/354 slp|[silent]
|-status|p2a: Steelix|slp|[from] move: Rest
|
|turn|65
|c|âDMT|se is x4 resist
|c| Shit User|ebin
|c| CaptainBravo|lol, yay miss the defog
|c| secret kekleon|does xatu hard wall
|
|switch|p1a: DOOT DOOT|Xatu, F|237\/334
|cant|p2a: Steelix|slp
|
|turn|66
|
|switch|p2a: Goodra|Goodra, F|267\/384 slp
|move|p1a: DOOT DOOT|Heat Wave|p2a: Goodra
|-miss|p1a: DOOT DOOT|p2a: Goodra
|
|turn|67
|c|âDMT|now I won't miss heatwave
|c| secret kekleon|LOL
|
|move|p1a: DOOT DOOT|U-turn|p2a: Goodra
|-damage|p2a: Goodra|234\/384 slp
|
|switch|p1a: Win Condition|Shedinja|1\/1
|cant|p2a: Goodra|slp
|move|p2a: Goodra|Sleep Talk|p2a: Goodra
|move|p2a: Goodra|Earthquake|p1a: Win Condition|[from]Sleep Talk
|-activate|p1a: Win Condition|ability: Wonder Guard
|
|turn|68
|
|switch|p2a: Steelix|Steelix-Mega, F|354\/354 slp
|switch|p1a: DOOT DOOT|Xatu, F|237\/334
|
|turn|69
|c| secret kekleon|now
|c| secret kekleon|u wont miss
|
|switch|p2a: Goodra|Goodra, F|234\/384 slp
|move|p1a: DOOT DOOT|U-turn|p2a: Goodra
|-damage|p2a: Goodra|201\/384 slp
|
|switch|p1a: Tentei|Tentacruel, M|212\/364
|
|-heal|p1a: Tentei|234\/364|[from] item: Black Sludge
|turn|70
|
|move|p1a: Tentei|Toxic Spikes|p2a: Goodra
|-sidestart|p2: lapraz|move: Toxic Spikes
|-curestatus|p2a: Goodra|slp
|move|p2a: Goodra|Earthquake|p1a: Tentei
|-supereffective|p1a: Tentei
|-damage|p1a: Tentei|64\/364
|
|-heal|p1a: Tentei|86\/364|[from] item: Black Sludge
|turn|71
|
|switch|p1a: Win Condition|Shedinja|1\/1
|move|p2a: Goodra|Earthquake|p1a: Win Condition
|-activate|p1a: Win Condition|ability: Wonder Guard
|
|turn|72
|leave|Shit User
|leave|innovamania
|
|switch|p2a: Tentacruel|Tentacruel, M|97\/364
|-sideend|p2: lapraz|move: Toxic Spikes|[of] p2a: Tentacruel
|move|p1a: Win Condition|X-Scissor|p2a: Tentacruel
|-resisted|p2a: Tentacruel
|-damage|p2a: Tentacruel|38\/364
|
|-heal|p2a: Tentacruel|60\/364|[from] item: Black Sludge
|turn|73
|
|move|p2a: Tentacruel|Knock Off|p1a: Win Condition
|-supereffective|p1a: Win Condition
|-enditem|p1a: Win Condition|Focus Sash
|-damage|p1a: Win Condition|1\/1
|move|p1a: Win Condition|X-Scissor|p2a: Tentacruel
|-resisted|p2a: Tentacruel
|-damage|p2a: Tentacruel|3\/364
|
|-heal|p2a: Tentacruel|25\/364|[from] item: Black Sludge
|turn|74
|c|âDMT|hnggg
|join|spuun
|join|boltsandbombers
|join|McCann
|c| CaptainBravo|smidgeon
|c| boltsandbombers|GO SHEDDY GO
|c| CaptainBravo|does ss kill?
|
|move|p1a: Win Condition|Shadow Sneak|p2a: Tentacruel
|-damage|p2a: Tentacruel|0 fnt
|faint|p2a: Tentacruel
|
|c| spuun|yes
|
|switch|p2a: Chesnaught|Chesnaught, F|107\/380
|turn|75
|leave|spuun
|c|âDMT|eyyy
|
|switch|p1a: DOOT DOOT|Xatu, F|237\/334
|move|p2a: Chesnaught|Leech Seed|p1a: DOOT DOOT
|move|p1a: DOOT DOOT|Leech Seed|p2a: Chesnaught|[from]Magic Bounce
|-immune|p2a: Chesnaught|[msg]
|
|turn|76
|
|switch|p2a: Goodra|Goodra, F|201\/384
|move|p1a: DOOT DOOT|Heat Wave|p2a: Goodra
|-resisted|p2a: Goodra
|-damage|p2a: Goodra|175\/384
|
|turn|77
|
|move|p1a: DOOT DOOT|U-turn|p2a: Goodra
|-damage|p2a: Goodra|140\/384
|
|switch|p1a: Win Condition|Shedinja|1\/1
|move|p2a: Goodra|Dragon Tail|p1a: Win Condition
|-activate|p1a: Win Condition|ability: Wonder Guard
|
|turn|78
|
|switch|p2a: Steelix|Steelix-Mega, F|354\/354 slp
|move|p1a: Win Condition|Swords Dance|p1a: Win Condition
|-boost|p1a: Win Condition|atk|2
|
|turn|79
|join|Erasthamus
|
|move|p1a: Win Condition|Swords Dance|p1a: Win Condition
|-boost|p1a: Win Condition|atk|2
|cant|p2a: Steelix|slp
|
|turn|80
|c| Erasthamus|YES
|
|switch|p1a: DOOT DOOT|Xatu, F|237\/334
|-curestatus|p2a: Steelix|slp
|move|p2a: Steelix|Earthquake|p1a: DOOT DOOT
|-immune|p1a: DOOT DOOT|[msg]
|
|turn|81
|c|âDMT|it still does like
|c|âDMT|nothing
|c| Erasthamus|THE SHED IS HERE
|c|âDMT|awe
|
|switch|p2a: Goodra|Goodra, F|140\/384
|move|p1a: DOOT DOOT|Roost|p1a: DOOT DOOT
|-heal|p1a: DOOT DOOT|334\/334
|
|turn|82
|
|move|p1a: DOOT DOOT|U-turn|p2a: Goodra
|-damage|p2a: Goodra|109\/384
|
|switch|p1a: Redneck|Archeops, F|219\/291
|move|p2a: Goodra|Rest|p2a: Goodra
|-status|p2a: Goodra|slp
|-heal|p2a: Goodra|384\/384 slp|[silent]
|-status|p2a: Goodra|slp|[from] move: Rest
|
|turn|83
|
|switch|p2a: Chesnaught|Chesnaught, F|107\/380
|move|p1a: Redneck|Switcheroo|p2a: Chesnaught
|-activate|p1a: Redneck|move: Trick|[of] p2a: Chesnaught
|-item|p2a: Chesnaught|Choice Scarf|[from] Trick
|
|turn|84
|
|switch|p1a: DOOT DOOT|Xatu, F|334\/334
|move|p2a: Chesnaught|Leech Seed|p1a: DOOT DOOT
|move|p1a: DOOT DOOT|Leech Seed|p2a: Chesnaught|[from]Magic Bounce
|-immune|p2a: Chesnaught|[msg]
|
|turn|85
|
|switch|p2a: Goodra|Goodra, F|384\/384 slp
|move|p1a: DOOT DOOT|U-turn|p2a: Goodra
|-damage|p2a: Goodra|351\/384 slp
|
|switch|p1a: Tentei|Tentacruel, M|86\/364
|
|-heal|p1a: Tentei|108\/364|[from] item: Black Sludge
|turn|86
|c|âDMT|plz
|c|âDMT|no eq
|
|move|p1a: Tentei|Toxic Spikes|p2a: Goodra
|-sidestart|p2: lapraz|move: Toxic Spikes
|cant|p2a: Goodra|slp
|move|p2a: Goodra|Sleep Talk|p2a: Goodra
|move|p2a: Goodra|Dragon Tail|p1a: Tentei|[from]Sleep Talk
|-damage|p1a: Tentei|30\/364
|drag|p1a: Win Condition|Shedinja|1\/1
|
|turn|87
|c|âDMT|plz no eq
|c|âDMT|plz no eq
|c|âDMT|plz no eq
|c|âDMT|plz no eq
|c|âDMT|whew
|
|switch|p2a: Steelix|Steelix-Mega, F|354\/354
|move|p1a: Win Condition|Swords Dance|p1a: Win Condition
|-boost|p1a: Win Condition|atk|2
|
|turn|88
|join|Lets Team Up
|join|innovamania
|leave|boltsandbombers
|
|switch|p1a: DOOT DOOT|Xatu, F|334\/334
|move|p2a: Steelix|Roar|p1a: DOOT DOOT
|move|p1a: DOOT DOOT|Roar|p2a: Steelix|[from]Magic Bounce
|drag|p2a: Chesnaught|Chesnaught, F|107\/380
|-status|p2a: Chesnaught|psn
|
|-damage|p2a: Chesnaught|60\/380 psn|[from] psn
|turn|89
|join|LessThanThreeMan
|
|move|p2a: Chesnaught|Leech Seed|p1a: DOOT DOOT
|move|p1a: DOOT DOOT|Leech Seed|p2a: Chesnaught|[from]Magic Bounce
|-immune|p2a: Chesnaught|[msg]
|move|p1a: DOOT DOOT|Heat Wave|p2a: Chesnaught
|-supereffective|p2a: Chesnaught
|-damage|p2a: Chesnaught|0 fnt
|faint|p2a: Chesnaught
|
|join|xShiba
|join|Rezium915
|c| THEiTodd|hi dmt!
|
|switch|p2a: Goodra|Goodra, F|351\/384 slp
|turn|90
|c|âDMT|hi!
|join|Frostykewl
|join|LiberalLucario
|
|move|p1a: DOOT DOOT|Psychic|p2a: Goodra
|-damage|p2a: Goodra|285\/384 slp
|-unboost|p2a: Goodra|spd|1
|cant|p2a: Goodra|slp
|move|p2a: Goodra|Sleep Talk|p2a: Goodra
|move|p2a: Goodra|Rest|p2a: Goodra|[from]Sleep Talk
|-fail|p2a: Goodra
|
|turn|91
|c| THEiTodd|you're really good at pokemon!
|c| xShiba|DMT
|c| xShiba|!!!
|c|âDMT|yes hi!
|join|dodmen
|c| LiberalLucario|o i fought this stall team earlier
|
|switch|p2a: Steelix|Steelix-Mega, F|354\/354
|move|p1a: DOOT DOOT|Psychic|p2a: Steelix
|-resisted|p2a: Steelix
|-damage|p2a: Steelix|318\/354
|
|turn|92
|c| Frostykewl|isnt xatu's sp a really low
|join|BlindyMcBlind
|
|switch|p2a: Goodra|Goodra, F|285\/384 slp
|move|p1a: DOOT DOOT|Heat Wave|p2a: Goodra
|-resisted|p2a: Goodra
|-damage|p2a: Goodra|260\/384 slp
|
|turn|93
|c|âDMT|!dt xatu
|c|~|\/data-pokemon Xatu
|raw|<font size="1"><font color=#585858>Dex#:<\/font> 178&nbsp;|&ThickSpace;<font color=#585858>Height:<\/font> 1.5 m&nbsp;|&ThickSpace;<font color=#585858>Weight:<\/font> 15 kg <em>(40 BP)<\/em>&nbsp;|&ThickSpace;<font color=#585858>Dex Colour:<\/font> Green&nbsp;|&ThickSpace;<font color=#585858>Egg Group(s):<\/font> Flying&nbsp;|&ThickSpace;<font color=#585858><font color=#585858>Does Not Evolve<\/font><\/font><\/font>
|c|âDMT|ya
|c| Erasthamus|it's usable
|c| Erasthamus|to some extent
|c| Frostykewl|i use it as a setter
|
|move|p1a: DOOT DOOT|U-turn|p2a: Goodra
|-damage|p2a: Goodra|227\/384 slp
|c|âDMT|it's good in NU
|c|âDMT|that's about it
|c| Erasthamus|^
|
|switch|p1a: Win Condition|Shedinja|1\/1
|-curestatus|p2a: Goodra|slp
|move|p2a: Goodra|Dragon Tail|p1a: Win Condition
|-activate|p1a: Win Condition|ability: Wonder Guard
|
|turn|94
|c| Erasthamus|very good
|
|switch|p2a: Steelix|Steelix-Mega, F|318\/354
|switch|p1a: Tentei|Tentacruel, M|30\/364
|
|-heal|p1a: Tentei|52\/364|[from] item: Black Sludge
|turn|95
|c| Frostykewl|reflect, night shade, roost, and the other reflect
|c|âDMT|light screen
|
|move|p1a: Tentei|Scald|p2a: Steelix
|-supereffective|p2a: Steelix
|-damage|p2a: Steelix|196\/354
|-status|p2a: Steelix|brn
|move|p2a: Steelix|Earthquake|p1a: Tentei
|-supereffective|p1a: Tentei
|-damage|p1a: Tentei|0 fnt
|faint|p1a: Tentei
|
|-damage|p2a: Steelix|152\/354 brn|[from] brn
|c| Frostykewl|ya
|c| Frostykewl|does consistant dmg with sustain and support
|c|+dodmen|how is the steelix beating you
|c|+dodmen|oh rest
|
|switch|p1a: DOOT DOOT|Xatu, F|334\/334
|turn|96
|c|âDMT|ya
|c| Lets Team Up|rest talk lix
|
|move|p1a: DOOT DOOT|Heat Wave|p2a: Steelix
|-supereffective|p2a: Steelix
|-damage|p2a: Steelix|48\/354 brn
|move|p2a: Steelix|Rest|p2a: Steelix
|-status|p2a: Steelix|slp
|-heal|p2a: Steelix|354\/354 slp|[silent]
|-status|p2a: Steelix|slp|[from] move: Rest
|
|turn|97
|c| Lets Team Up|is a god in nu
|c| Rezium915|turn 95 tf
|c| Lets Team Up|its like
|c|+dodmen|welp
|c|âDMT|rest rox eq
|c|@innovamania|dmt have my babies
|c| Lets Team Up|broken good
|c| Rezium915|nice
|c| Lets Team Up|lol
|c|âDMT|ok
|c|âDMT|roar
|c|+dodmen|all you have to do
|
|switch|p2a: Goodra|Goodra, F|227\/384
|-status|p2a: Goodra|psn
|move|p1a: DOOT DOOT|U-turn|p2a: Goodra
|-damage|p2a: Goodra|196\/384 psn
|c|âDMT|rest rox eq roar
|c|âDMT|OK
|c|+dodmen|is sd and crit
|c| Lets Team Up|rest talk EQ Hwavy slam
|c|âDMT|HERE WE GOO
|c|+dodmen|many
|c|+dodmen|times
|c| Lets Team Up|hp \/ spdef
|c| Lets Team Up|doesnt die
|
|switch|p1a: Redneck|Archeops, F|219\/291
|
|-damage|p2a: Goodra|148\/384 psn|[from] psn
|turn|98
|c| Lets Team Up|especially for nustandards
|c| Erasthamus|bring the threat in imo
|c|âDMT|plz archeops
|
|move|p1a: Redneck|Stone Edge|p2a: Goodra
|-damage|p2a: Goodra|0 fnt
|faint|p2a: Goodra
|
|c|âDMT|eyooooooooooo
|
|switch|p2a: Steelix|Steelix-Mega, F|354\/354 slp
|turn|99
|c|+dodmen|now just
|c| Erasthamus|nice nice
|c|+dodmen|sd 32 times
|
|move|p1a: Redneck|Defog|p2a: Steelix
|-unboost|p2a: Steelix|evasion|1
|-sideend|p2: lapraz|Toxic Spikes|[from] move: Defog|[of] p2a: Steelix
|cant|p2a: Steelix|slp
|
|turn|100
|c| LessThanThreeMan|!!
|c|+dodmen|o
|
|move|p1a: Redneck|U-turn|p2a: Steelix
|-resisted|p2a: Steelix
|-damage|p2a: Steelix|333\/354 slp
|
|switch|p1a: DOOT DOOT|Xatu, F|334\/334
|cant|p2a: Steelix|slp
|
|turn|101
|c|âDMT|can't
|c|âDMT|he's got roar
|c| Lets Team Up|dmt
|c| Lets Team Up|u call
|c| Lets Team Up|or
|c|âDMT|?!
|
|move|p1a: DOOT DOOT|U-turn|p2a: Steelix
|-resisted|p2a: Steelix
|-damage|p2a: Steelix|325\/354 slp
|join|Abooose
|c| Lets Team Up|still busy
|c| Lets Team Up|driving bus
|c| Lets Team Up|?
|
|switch|p1a: FairyDark plz|Absol-Mega, F|38\/271
|-curestatus|p2a: Steelix|slp
|move|p2a: Steelix|Roar|p1a: FairyDark plz
|move|p1a: FairyDark plz|Roar|p2a: Steelix|[from]Magic Bounce
|-fail|p2a: Steelix
|
|turn|102
|c|âDMT|ya
|c|âDMT|bounced
|c| Lets Team Up|:[
|c| Lets Team Up|if this stalls you out
|c|âDMT|gunna go get blizzards inabit
|c| Lets Team Up|can I post it in u thread
|c|âDMT|I don't think it can
|
|move|p1a: FairyDark plz|Baton Pass|p1a: FairyDark plz
|c|âDMT|ya
|c| Erasthamus|There's no way
|
|switch|p1a: DOOT DOOT|Xatu, F|334\/334
|move|p2a: Steelix|Stealth Rock|p1a: DOOT DOOT
|move|p1a: DOOT DOOT|Stealth Rock|p2a: Steelix|[from]Magic Bounce
|-sidestart|p2: lapraz|move: Stealth Rock
|
|turn|103
|c| Lets Team Up|for ban proposal?
|c| Lets Team Up|ty
|c| LiberalLucario|lol
|c|âDMT|ya
|c|âDMT|plz
|c|âDMT|actually
|c| Frostykewl|is drapion usable in uu?
|c|âDMT|all I need
|
|move|p1a: DOOT DOOT|Heat Wave|p2a: Steelix
|-supereffective|p2a: Steelix
|-damage|p2a: Steelix|217\/354
|move|p2a: Steelix|Stealth Rock|p1a: DOOT DOOT
|move|p1a: DOOT DOOT|Stealth Rock|p2a: Steelix|[from]Magic Bounce
|-fail|p2a: Steelix
|
|turn|104
|c|âDMT|is to spam psychic
|c| LiberalLucario|o
|c|âDMT|frostykewl there's one good set
|c| Frostykewl|lol
|c| Frostykewl|tell me :D
|c|âDMT|acupressure resttalk knock off
|c| Lets Team Up|dont u set up and win
|c| Lets Team Up|with sheddy?
|c| LiberalLucario|dmt please
|c| Erasthamus|no
|c| Erasthamus|Sheddy isn't strong enough
|c|âDMT|p sure shed can't 3hko at +6 lol
|c| Lets Team Up|oh
|
|move|p1a: DOOT DOOT|Psychic|p2a: Steelix
|-resisted|p2a: Steelix
|-damage|p2a: Steelix|183\/354
|move|p2a: Steelix|Rest|p2a: Steelix
|-status|p2a: Steelix|slp
|-heal|p2a: Steelix|354\/354 slp|[silent]
|-status|p2a: Steelix|slp|[from] move: Rest
|
|turn|105
|c| Lets Team Up|lol
|leave|DMT is Love
|c| Frostykewl|i dont know if i believe u...
|
|move|p1a: DOOT DOOT|Psychic|p2a: Steelix
|-resisted|p2a: Steelix
|-damage|p2a: Steelix|315\/354 slp
|cant|p2a: Steelix|slp
|
|turn|106
|c|âDMT|plz get a spdef drop
|c|âDMT|plz
|c| Erasthamus|This is obv spedef right?
|
|move|p1a: DOOT DOOT|Psychic|p2a: Steelix
|-resisted|p2a: Steelix
|-damage|p2a: Steelix|276\/354 slp
|cant|p2a: Steelix|slp
|
|turn|107
|c|âDMT|yae
|c| Lets Team Up|uhm
|c| Lets Team Up|it might not be
|c|âDMT|coba did like 45% with cc
|c| Lets Team Up|somerun
|c| Lets Team Up|sppeed
|c|âDMT|3 left
|
|move|p1a: DOOT DOOT|Psychic|p2a: Steelix
|-resisted|p2a: Steelix
|-damage|p2a: Steelix|242\/354 slp
|-curestatus|p2a: Steelix|slp
|move|p2a: Steelix|Roar|p1a: DOOT DOOT
|move|p1a: DOOT DOOT|Roar|p2a: Steelix|[from]Magic Bounce
|-fail|p2a: Steelix
|
|turn|108
|c|âDMT|!dt steelix mega
|c|~|\/data-pokemon Steelix-Mega
|raw|<font size="1"><font color=#585858>Dex#:<\/font> 208&nbsp;|&ThickSpace;<font color=#585858>Height:<\/font> 10.5 m&nbsp;|&ThickSpace;<font color=#585858>Weight:<\/font> 740 kg <em>(120 BP)<\/em>&nbsp;|&ThickSpace;<font color=#585858>Dex Colour:<\/font> Gray&nbsp;|&ThickSpace;<font color=#585858>Egg Group(s):<\/font> Mineral&nbsp;|&ThickSpace;<font color=#585858><font color=#585858>Does Not Evolve<\/font><\/font><\/font>
|c| Lets Team Up|some run attack
|c| Lets Team Up|infact
|c| Frostykewl|lol
|c| Lets Team Up|most run adamant
|c|âDMT|plz drop
|c| CaptainBravo|no drops, hax
|c|âDMT|plz
|c| Lets Team Up|its just
|c|âDMT|d
|c|âDMT|r
|c| LarryBusJr|gg
|c|âDMT|o
|leave|tomi â¥ bello
|
|move|p1a: DOOT DOOT|Psychic|p2a: Steelix
|-resisted|p2a: Steelix
|-damage|p2a: Steelix|208\/354
|move|p2a: Steelix|Stealth Rock|p1a: DOOT DOOT
|move|p1a: DOOT DOOT|Stealth Rock|p2a: Steelix|[from]Magic Bounce
|-fail|p2a: Steelix
|
|turn|109
|c|âDMT|p
|c| Lets Team Up|THAT Bulky
|c| LarryBusJr|hit
|c| Lets Team Up|lol
|c| LarryBusJr|that
|c| LiberalLucario|just stall it out of rocks
|c| Lets Team Up|nothing speical
|c|âDMT|plz drop
|c| LiberalLucario|and then bring in sheddy
|c|âDMT|one
|c|âDMT|last
|c|âDMT|try
|c|âDMT|plz drop
|c| Erasthamus|+6 252+ Atk Shedinja Shadow Sneak vs. 252 HP \/ 0 Def Mega Steelix: 106-126 (29.9 - 35.5%) -- 26.4% chance to 3HKO
|c|âDMT|yeah lol
|
|move|p1a: DOOT DOOT|Psychic|p2a: Steelix
|-crit|p2a: Steelix
|-resisted|p2a: Steelix
|-damage|p2a: Steelix|157\/354
|move|p2a: Steelix|Stealth Rock|p1a: DOOT DOOT
|move|p1a: DOOT DOOT|Stealth Rock|p2a: Steelix|[from]Magic Bounce
|-fail|p2a: Steelix
|
|turn|110
|c|âDMT|crit
|c| THEiTodd|dmt is there anyone better at pokemon than you?
|c|âDMT|did not want crit
|c|âDMT|watned drop
|leave|LarryBusJr
|c|âDMT|no
|
|move|p1a: DOOT DOOT|Heat Wave|p2a: Steelix
|-supereffective|p2a: Steelix
|-damage|p2a: Steelix|47\/354
|move|p2a: Steelix|Rest|p2a: Steelix
|-status|p2a: Steelix|slp
|-heal|p2a: Steelix|354\/354 slp|[silent]
|-status|p2a: Steelix|slp|[from] move: Rest
|
|turn|111
|c|âDMT|i dont think so
|c| Lets Team Up|dmt is bad at pokemon lol
|c|âDMT|fuck
|c| Lets Team Up|:]
|c| LessThanThreeMan|taunt would be nice rn
|c|âDMT|oh
|c|âDMT|wait
|c|+dodmen|go for drpos
|join|spuun
|
|move|p1a: DOOT DOOT|Heat Wave|p2a: Steelix
|-supereffective|p2a: Steelix
|-damage|p2a: Steelix|246\/354 slp
|cant|p2a: Steelix|slp
|
|turn|112
|c|+dodmen|more
|c|âDMT|high roll?
|c|âDMT|I"m out
|c|âDMT|of psychics
|c|+dodmen|oh
|c|+dodmen|o
|c|+dodmen|h
|
|move|p1a: DOOT DOOT|U-turn|p2a: Steelix
|-resisted|p2a: Steelix
|-damage|p2a: Steelix|238\/354 slp
|c|âDMT|well tbh
|c|âDMT|idk
|c|âDMT|maybe I fodder team
|c|âDMT|idk
|
|switch|p1a: FairyDark plz|Absol-Mega, F|38\/271
|cant|p2a: Steelix|slp
|
|turn|113
|c| TheCanadianWifier|this is what nu has to deal with
|c| TheCanadianWifier|lol
|c| Erasthamus|^
|c|âDMT|I see
|c| TheCanadianWifier|its cancer
|c|âDMT|does he wake this turn
|c| TheCanadianWifier|rest talk
|c| Erasthamus|When is it going to be rip
|c|âDMT|it's not resttalk
|c| TheCanadianWifier|with heavy slam > rocks
|c| Rezium915|all stall wow
|c| TheCanadianWifier|hits everything
|c| Erasthamus|richard?
|c|âDMT|does he wake
|c|âDMT|this turn
|c|âDMT|does he wake
|c|âDMT|this turn
|c|âDMT|does he wake
|c|âDMT|this turn
|c| spuun|who is richard
|c| TheCanadianWifier|oh erathamus
|c| LiberalLucario|yes.
|c| Erasthamus|ye
|
|move|p1a: FairyDark plz|Baton Pass|p1a: FairyDark plz
|c| TheCanadianWifier|i have a video
|c| LiberalLucario|he does
|c|âDMT|ok
|c|âDMT|thx
|c| TheCanadianWifier|recorded
|
|switch|p1a: Redneck|Archeops, F|219\/291
|-curestatus|p2a: Steelix|slp
|move|p2a: Steelix|Earthquake|p1a: Redneck
|-immune|p1a: Redneck|[msg]
|
|turn|114
|c| Rezium915|why so many nu and ru in uu
|c| TheCanadianWifier|editied
|c| TheCanadianWifier|just not uplaoded
|c| Frostykewl|why is shuckle such a god
|c| TheCanadianWifier|rip
|c| LiberalLucario|predicted.
|c| Erasthamus|Oh nice
|c| Abooose|upload plz
|c| Erasthamus|:)
|
|move|p1a: Redneck|U-turn|p2a: Steelix
|-resisted|p2a: Steelix
|-damage|p2a: Steelix|217\/354
|
|switch|p1a: DOOT DOOT|Xatu, F|334\/334
|move|p2a: Steelix|Stealth Rock|p1a: DOOT DOOT
|move|p1a: DOOT DOOT|Stealth Rock|p2a: Steelix|[from]Magic Bounce
|-fail|p2a: Steelix
|
|turn|115
|c| TheCanadianWifier|dmt
|c| Frostykewl|isnt archeops really bad
|c| TheCanadianWifier|ur so good
|c| TheCanadianWifier|omg
|c| TheCanadianWifier|\/me fans himself
|
|move|p1a: DOOT DOOT|Heat Wave|p2a: Steelix
|-supereffective|p2a: Steelix
|-damage|p2a: Steelix|113\/354
|-status|p2a: Steelix|brn
|move|p2a: Steelix|Stealth Rock|p1a: DOOT DOOT
|move|p1a: DOOT DOOT|Stealth Rock|p2a: Steelix|[from]Magic Bounce
|-fail|p2a: Steelix
|
|-damage|p2a: Steelix|69\/354 brn|[from] brn
|turn|116
|c|âDMT|!ds uturn, defog, switcheroo
|raw|<div class="infobox">Archen, Archeops, Smeargle<\/div>
|c|+dodmen|AYYYYYYYY
|c| TheCanadianWifier|OMG
|c| Erasthamus|Arch is bad outside of NU and low-ladder RU
|c| Abooose|gg
|c|âDMT|REk
|c| TheCanadianWifier|OMG
|c|âDMT|ok
|c|âDMT|don't
|c|+dodmen|hit
|c|âlapraz|ggggg
|c| TheCanadianWifier|MISS
|c|âDMT|miss
|c|âDMT|oh
|c| TheCanadianWifier|MISS
|c|âDMT|OH
|c|âDMT|DEFOG
|c| TheCanadianWifier|MISS
|c| TheCanadianWifier|MISS
|c|âDMT|DEFOG
|c| TheCanadianWifier|MISS
|c|âDMT|NO
|c|âDMT|CAN'T MISS
|c|âDMT|DEFOG
|c| TheCanadianWifier|oh
|c|+dodmen|âDMT: don't
|c|+dodmen|+dodmen: hit
|c| TheCanadianWifier|oh
|c|+dodmen|âDMT: don't
|c|âDMT|DEFOOOOOOOOOOOOOG
|c|+dodmen|+dodmen: hit
|c| TheCanadianWifier|oh
|c|+dodmen|âDMT: don't
|c|+dodmen|+dodmen: hit
|c|+dodmen|âDMT: don't
|c|+dodmen|+dodmen: hit
|c|+dodmen|âDMT: don't
|c|+dodmen|+dodmen: hit
|c|+dodmen|âDMT: don't
|c|âDMT|GG
|c|âlapraz|fffff
|c|+dodmen|+dodmen: hit
|c|âDMT|117 turns
|
|move|p1a: DOOT DOOT|Heat Wave|p2a: Steelix
|-crit|p2a: Steelix
|-supereffective|p2a: Steelix
|-damage|p2a: Steelix|0 fnt
|faint|p2a: Steelix
|
|win|DMT
|raw|Ladder updating...
|raw|DMT's rating: 1610 &rarr; <strong>1627<\/strong><br \/>(+17 for winning)
|raw|lapraz's rating: 1565 &rarr; <strong>1548<\/strong><br \/>(-17 for losing)
|c| Erasthamus|**gg**
|c|+dodmen|>crit
|c| Frostykewl|gg
|c| TheCanadianWifier|gg
|c|âlapraz|gg
|c|âDMT|h4l0 3
|c| Abooose|>crit
|c| LessThanThreeMan|ez
|leave|TheCanadianWifier
|leave|DMT
|leave|lapraz
|c| Erasthamus|GG
|c| McCann|not even bad
|leave|Frostykewl
|player|p1
|player|p2
|c| Rezium915|yayyyyyyyyyyyyyyyyyyyyyyyyyyyyy
|leave|McCann
|leave|xShiba
|leave|LessThanThreeMan
|c| Rezium915|116 turns
|leave|Rezium915
|leave|Erasthamus
|leave|CaptainBravo