|join|DMT
|join|uutestest
|player|p1|DMT|184
|player|p2|uutestest|184
|gametype|singles
|gen|6
|tier|UU
|rated
|rule|Sleep Clause Mod: Limit one foe put to sleep
|rule|Species Clause: Limit one of each PokÃ©mon
|rule|OHKO Clause: OHKO moves are banned
|rule|Moody Clause: Moody is banned
|rule|Evasion Moves Clause: Evasion moves are banned
|rule|Endless Battle Clause: Forcing endless battles is banned
|rule|HP Percentage Mod: HP is shown in percentages
|clearpoke
|poke|p1|Vaporeon, M
|poke|p1|Sceptile, M
|poke|p1|Donphan, M
|poke|p1|Jirachi
|poke|p1|Chandelure, M
|poke|p1|Nidoqueen, F
|poke|p2|Machamp, F
|poke|p2|Blastoise, M
|poke|p2|Cresselia, F
|poke|p2|Snorlax, F
|poke|p2|Nidoqueen, F
|poke|p2|Alakazam, M
|rule|Swagger Clause: Swagger is banned
|rule|Baton Pass Clause: Limit one PokÃ©mon knowing Baton Pass
|teampreview
|join|Bob the Bro
|c| Bob the Bro|alakazam
|c| Bob the Bro|so fat
|c|âDMT|is fat
|c|âDMT|!dt alakazam
|c|~|\/data-pokemon Alakazam
|raw|<font size="1"><font color=#585858>Dex#:<\/font> 65&nbsp;|&ThickSpace;<font color=#585858>Height:<\/font> 1.5 m&nbsp;|&ThickSpace;<font color=#585858>Weight:<\/font> 48 kg <em>(60 BP)<\/em>&nbsp;|&ThickSpace;<font color=#585858>Dex Colour:<\/font> Brown&nbsp;|&ThickSpace;<font color=#585858>Egg Group(s):<\/font> Human-Like&nbsp;|&ThickSpace;<font color=#585858><font color=#585858>Does Not Evolve<\/font><\/font><\/font>
|c|âDMT|95 spdef!
|
|start
|switch|p1a: Jirachi|Jirachi|341\/341
|switch|p2a: Machamp|Machamp, F|322\/322
|turn|1
|join|Exemption
|join|Meowiekins
|c|âDMT|do I fodder or bank on hax
|c| Bob the Bro|av zam gonna slay you
|c|âDMT|ya
|
|move|p1a: Jirachi|U-turn|p2a: Machamp
|-resisted|p2a: Machamp
|-damage|p2a: Machamp|280\/322
|
|switch|p1a: Vaporeon|Vaporeon, M|464\/464
|move|p2a: Machamp|Knock Off|p1a: Vaporeon
|-damage|p1a: Vaporeon|279\/464
|-enditem|p1a: Vaporeon|Leftovers|[from] move: Knock Off|[of] p2a: Machamp
|
|turn|2
|c| Bob the Bro|yummy band
|
|switch|p2a: Blastoise|Blastoise, M|361\/361
|move|p1a: Vaporeon|Wish|p1a: Vaporeon
|
|turn|3
|c| Meowiekins|roarrrrr
|c|âDMT|hp electric
|
|switch|p2a: Machamp|Machamp, F|280\/322
|move|p1a: Vaporeon|Scald|p2a: Machamp
|-damage|p2a: Machamp|166\/322
|
|-heal|p1a: Vaporeon|464\/464|[from] move: Wish|[wisher] Vaporeon
|turn|4
|c| Bob the Bro|electric pulse
|c|âDMT|otherwise gyarados sets up on it
|c|âDMT|oh fuck
|c|âDMT|please
|c|âDMT|ok
|c|âDMT|thanks n_n
|
|move|p2a: Machamp|Close Combat|p1a: Vaporeon
|-damage|p1a: Vaporeon|109\/464
|-unboost|p2a: Machamp|def|1
|-unboost|p2a: Machamp|spd|1
|move|p1a: Vaporeon|Wish|p1a: Vaporeon
|
|turn|5
|c| Meowiekins|dmt pls
|c|âDMT|???
|c| Meowiekins|why not just protect!
|join|S L A V E B O Y S
|
|move|p1a: Vaporeon|Protect|p1a: Vaporeon
|-singleturn|p1a: Vaporeon|Protect
|move|p2a: Machamp|Close Combat|p1a: Vaporeon
|-activate|p1a: Vaporeon|Protect
|
|-heal|p1a: Vaporeon|341\/464|[from] move: Wish|[wisher] Vaporeon
|turn|6
|c|âDMT|cuz he might sub
|c| Meowiekins|b-b-but
|c| Bob the Bro|sub focus punch
|
|switch|p2a: Snorlax|Snorlax, F|461\/461
|switch|p1a: Chandelure|Chandelure, M|261\/261
|
|turn|7
|c| Meowiekins|with close combat
|c|âDMT|it gets no guard focus punch
|
|move|p2a: Snorlax|Pursuit|p1a: Chandelure|[from]Pursuit
|-supereffective|p1a: Chandelure
|-damage|p1a: Chandelure|89\/261
|switch|p1a: Jirachi|Jirachi|341\/341
|
|turn|8
|c|âDMT|please no
|c| Meowiekins|:o
|c|âDMT|fuck
|c| Bob the Bro|pursuit
|c| Bob the Bro|ez
|
|move|p1a: Jirachi|Trick|p2a: Snorlax
|-activate|p1a: Jirachi|move: Trick|[of] p2a: Snorlax
|-item|p2a: Snorlax|Choice Scarf|[from] move: Trick
|-item|p1a: Jirachi|Assault Vest|[from] move: Trick
|move|p2a: Snorlax|Earthquake|p1a: Jirachi
|-supereffective|p1a: Jirachi
|-damage|p1a: Jirachi|111\/341
|
|turn|9
|c|âDMT|go to my flying mon
|c| Bob the Bro|fucking slayed
|c|âDMT|now!!!!!
|c| Meowiekins|now he outspeeds
|c|âDMT|now I live zam shadowball
|c| Meowiekins|totally
|
|switch|p2a: Cresselia|Cresselia, F|443\/443
|move|p1a: Jirachi|U-turn|p2a: Cresselia
|-supereffective|p2a: Cresselia
|-damage|p2a: Cresselia|359\/443
|
|switch|p1a: Vaporeon|Vaporeon, M|341\/464
|
|-heal|p2a: Cresselia|386\/443|[from] item: Leftovers
|turn|10
|c| Bob the Bro|sub cm
|
|move|p2a: Cresselia|Thunder Wave|p1a: Vaporeon
|-status|p1a: Vaporeon|par
|cant|p1a: Vaporeon|par
|
|-heal|p2a: Cresselia|413\/443|[from] item: Leftovers
|turn|11
|c| Bob the Bro|win
|c|âDMT|nope
|c|âDMT|cancer
|c|âDMT|cancer
|c|âDMT|cancer
|
|switch|p2a: Machamp|Machamp, F|166\/322
|move|p1a: Vaporeon|Wish|p1a: Vaporeon
|
|turn|12
|c|âDMT|cancer aleart
|c| S L A V E B O Y S|get predicted dmt
|c| Bob the Bro|para
|c|âDMT|para
|c| Meowiekins|hes ccing
|c|âDMT|cc
|c| Bob the Bro|catch this cc
|c|âDMT|cc on para
|c|âDMT|cc on para
|c|âDMT|cc on para
|c|âDMT|cc on para
|
|move|p1a: Vaporeon|Protect|p1a: Vaporeon
|-singleturn|p1a: Vaporeon|Protect
|move|p2a: Machamp|Close Combat|p1a: Vaporeon
|-activate|p1a: Vaporeon|Protect
|
|-heal|p1a: Vaporeon|464\/464 par|[from] move: Wish|[wisher] Vaporeon
|turn|13
|c| Meowiekins|ez c
|c| Meowiekins|cc
|join|Emma Bae â¥
|
|move|p2a: Machamp|Close Combat|p1a: Vaporeon
|-damage|p1a: Vaporeon|109\/464 par
|-unboost|p2a: Machamp|def|1
|-unboost|p2a: Machamp|spd|1
|cant|p1a: Vaporeon|par
|
|turn|14
|c|âDMT|NICE
|c|âDMT|XD
|c| Bob the Bro|ez
|c| S L A V E B O Y S|ecks dee
|
|move|p2a: Machamp|Close Combat|p1a: Vaporeon
|-damage|p1a: Vaporeon|0 fnt
|-unboost|p2a: Machamp|def|1
|-unboost|p2a: Machamp|spd|1
|faint|p1a: Vaporeon
|
|c| Meowiekins|dmt be proactive
|c| Meowiekins|and mkae some epic plays
|c|âDMT|ok
|
|switch|p1a: Sceptile|Sceptile, M|281\/281
|turn|15
|c| Bob the Bro|just win with sd scep
|c| Emma Bae â¥|btw dmt did u run protect on shedinja in our game
|c| Meowiekins|oh my goodness
|c|âDMT|yes
|c| Meowiekins|how does he do it
|c| Emma Bae â¥|Why didnt u use it haha
|c|âDMT|I just haven't seen a shadowball reuni
|c|âDMT|in soooooo long
|
|detailschange|p1a: Sceptile|Sceptile-Mega, M
|-mega|p1a: Sceptile|Sceptile|Sceptilite
|move|p1a: Sceptile|Dragon Pulse|p2a: Machamp
|-damage|p2a: Machamp|0 fnt
|faint|p2a: Machamp
|
|c| Emma Bae â¥|on the HJK
|c| Emma Bae â¥|why didntu
|c|âDMT|oh I thought
|
|switch|p2a: Nidoqueen|Nidoqueen, F|351\/351
|turn|16
|c|âDMT|you were LO
|c|âDMT|I thought I saw LO like turn 3
|c| Emma Bae â¥|Ah
|c| Emma Bae â¥|Nice
|c| Emma Bae â¥|xD
|
|switch|p1a: Nidoqueen|Nidoqueen, F|358\/358
|move|p2a: Nidoqueen|Ice Punch|p1a: Nidoqueen
|-supereffective|p1a: Nidoqueen
|-damage|p1a: Nidoqueen|56\/358
|
|turn|17
|c| Meowiekins|foresight wouldnt do anything to shedinja right?
|c|âDMT|wo
|c| Bob the Bro|real
|c| Meowiekins|O_O
|c|âDMT|k plz
|c| Emma Bae â¥|lol
|c|âDMT|speedcreep
|c|âDMT|come into play
|c| Meowiekins|dmt is max speed
|
|move|p2a: Nidoqueen|Earthquake|p1a: Nidoqueen
|-supereffective|p1a: Nidoqueen
|-damage|p1a: Nidoqueen|0 fnt
|-damage|p2a: Nidoqueen|316\/351|[from] item: Life Orb
|faint|p1a: Nidoqueen
|
|c| Meowiekins|we all know it
|c|âDMT|nope
|c| S L A V E B O Y S|fucking
|c| S L A V E B O Y S|rekt
|c| Bob the Bro|fukn
|c| Bob the Bro|slayed
|c|âDMT|I can't do it
|c|âDMT|I can't play the pokemans
|
|switch|p1a: Jirachi|Jirachi|111\/341
|turn|18
|c| Meowiekins|but youre the one who ran 244speed blastoise
|c|âDMT|going for flinch
|
|move|p1a: Jirachi|Iron Head|p2a: Nidoqueen
|-damage|p2a: Nidoqueen|192\/351
|move|p2a: Nidoqueen|Earthquake|p1a: Jirachi
|-supereffective|p1a: Jirachi
|-damage|p1a: Jirachi|0 fnt
|-damage|p2a: Nidoqueen|157\/351|[from] item: Life Orb
|faint|p1a: Jirachi
|
|c|âDMT|ya
|c|âDMT|r u
|c|âDMT|fuk
|c| S L A V E B O Y S|this guy counter-teamed you
|c| Bob the Bro|rip
|c| Meowiekins|rip
|c|âDMT|I literally cannot
|c| Bob the Bro|hes inner focus
|
|switch|p1a: Sceptile|Sceptile-Mega, M|281\/281
|turn|19
|
|move|p1a: Sceptile|Dragon Pulse|p2a: Nidoqueen
|-damage|p2a: Nidoqueen|0 fnt
|faint|p2a: Nidoqueen
|
|
|switch|p2a: Alakazam|Alakazam, M|252\/252
|turn|20
|c| Bob the Bro|hp ice
|c| Meowiekins|just hope he chokesand goes fortwave on you
|c| Meowiekins|imo
|c|âuutestest|lmoa
|c| Bob the Bro|lmoa
|c|âDMT|rolf
|c| Meowiekins|lmoa
|c| Bob the Bro|adolf
|c| Bob the Bro|hitlur
|
|move|p1a: Sceptile|Dragon Pulse|p2a: Alakazam
|-damage|p2a: Alakazam|89\/252
|move|p2a: Alakazam|Dazzling Gleam|p1a: Sceptile
|-supereffective|p1a: Sceptile
|-damage|p1a: Sceptile|75\/281
|
|turn|21
|
|switch|p2a: Snorlax|Snorlax, F|461\/461
|move|p1a: Sceptile|Giga Drain|p2a: Snorlax
|-damage|p2a: Snorlax|335\/461
|-heal|p1a: Sceptile|138\/281|[from] drain|[of] p2a: Snorlax
|
|turn|22
|
|move|p1a: Sceptile|Giga Drain|p2a: Snorlax
|-damage|p2a: Snorlax|212\/461
|-heal|p1a: Sceptile|200\/281|[from] drain|[of] p2a: Snorlax
|move|p2a: Snorlax|Crunch|p1a: Sceptile
|-damage|p1a: Sceptile|91\/281
|
|turn|23
|c| Meowiekins|:o
|
|move|p1a: Sceptile|Giga Drain|p2a: Snorlax
|-damage|p2a: Snorlax|79\/461
|-heal|p1a: Sceptile|158\/281|[from] drain|[of] p2a: Snorlax
|move|p2a: Snorlax|Crunch|p1a: Sceptile
|-damage|p1a: Sceptile|60\/281
|
|turn|24
|c| Bob the Bro|ez
|c|âDMT|ty based lax
|
|move|p1a: Sceptile|Giga Drain|p2a: Snorlax
|-damage|p2a: Snorlax|0 fnt
|-heal|p1a: Sceptile|100\/281|[from] drain|[of] p2a: Snorlax
|faint|p2a: Snorlax
|
|
|switch|p2a: Cresselia|Cresselia, F|413\/443
|turn|25
|c| Bob the Bro|does he lose now
|c|âDMT|bob
|c|âDMT|ghost me
|c| Emma Bae â¥|giga drain
|c| Meowiekins|chand is really low
|join|Snowballin
|c|âDMT|sorrE
|c|âDMT|n_n
|
|switch|p1a: Donphan|Donphan, M|343\/343
|move|p2a: Cresselia|Moonblast|p1a: Donphan
|-damage|p1a: Donphan|286\/343
|-unboost|p1a: Donphan|spa|1
|
|-heal|p2a: Cresselia|440\/443|[from] item: Leftovers
|turn|26
|c| Meowiekins|hax
|c| Exemption|rocks
|
|move|p2a: Cresselia|Lunar Dance|p2a: Cresselia
|faint|p2a: Cresselia
|move|p1a: Donphan|Knock Off|p2: Cresselia|[notarget]
|-notarget
|
|
|switch|p2a: Alakazam|Alakazam, M|89\/252
|-heal|p2a: Alakazam|252\/252|[from] move: Lunar Dance
|turn|27
|c| Meowiekins|:o
|
|switch|p2a: Blastoise|Blastoise, M|361\/361
|move|p1a: Donphan|Earthquake|p2a: Blastoise
|-damage|p2a: Blastoise|171\/361
|
|turn|28
|
|switch|p1a: Chandelure|Chandelure, M|89\/261
|detailschange|p2a: Blastoise|Blastoise-Mega, M
|-mega|p2a: Blastoise|Blastoise|Blastoisinite
|move|p2a: Blastoise|Water Pulse|p1a: Chandelure
|-supereffective|p1a: Chandelure
|-damage|p1a: Chandelure|0 fnt
|faint|p1a: Chandelure
|
|
|switch|p1a: Sceptile|Sceptile-Mega, M|100\/281
|turn|29
|c|âDMT|ok you can come back now
|
|move|p1a: Sceptile|Giga Drain|p2a: Blastoise
|-supereffective|p2a: Blastoise
|-damage|p2a: Blastoise|0 fnt
|-heal|p1a: Sceptile|186\/281|[from] drain|[of] p2a: Blastoise
|faint|p2a: Blastoise
|
|
|switch|p2a: Alakazam|Alakazam, M|252\/252
|turn|30
|c| Meowiekins|dmt is 2 epic
|c| Meowiekins|the most epicest
|
|move|p1a: Sceptile|Giga Drain|p2a: Alakazam
|-damage|p2a: Alakazam|92\/252
|-heal|p1a: Sceptile|266\/281|[from] drain|[of] p2a: Alakazam
|move|p2a: Alakazam|Dazzling Gleam|p1a: Sceptile
|-supereffective|p1a: Sceptile
|-damage|p1a: Sceptile|28\/281
|
|turn|31
|c|âDMT|ebin game
|c| Emma Bae â¥|ez
|c|âuutestest|gg dmt
|
|move|p1a: Sceptile|Dragon Pulse|p2a: Alakazam
|-damage|p2a: Alakazam|0 fnt
|faint|p2a: Alakazam
|
|win|DMT
|raw|Ladder updating...
|join|Sacri'
|c|âDMT|gg :]
|raw|DMT's rating: 1614 &rarr; <strong>1625<\/strong><br \/>(+11 for winning)
|raw|uutestest's rating: 1442 &rarr; <strong>1431<\/strong><br \/>(-11 for losing)