|join|lapraz
|join|DMT
|player|p1|lapraz|157
|player|p2|DMT|184
|gametype|singles
|gen|6
|tier|UU
|rated
|rule|Sleep Clause Mod: Limit one foe put to sleep
|rule|Species Clause: Limit one of each PokÃ©mon
|rule|OHKO Clause: OHKO moves are banned
|rule|Moody Clause: Moody is banned
|rule|Evasion Moves Clause: Evasion moves are banned
|rule|Endless Battle Clause: Forcing endless battles is banned
|rule|HP Percentage Mod: HP is shown in percentages
|clearpoke
|poke|p1|Weezing, F
|poke|p1|Forretress, F
|poke|p1|Suicune
|poke|p1|Celebi
|poke|p1|Blissey, F
|poke|p1|Spiritomb, F
|poke|p2|Shedinja
|poke|p2|Absol, F
|poke|p2|Xatu, F
|poke|p2|Cobalion
|poke|p2|Archeops, M
|poke|p2|Tentacruel, M
|rule|Swagger Clause: Swagger is banned
|rule|Baton Pass Clause: Limit one PokÃ©mon knowing Baton Pass
|teampreview
|c|âDMT|WELP
|c|âDMT|I knew it would happen
|c|âlapraz|NOOO
|c|âDMT|as soon as I clicked search
|c|âDMT|lol
|join|waiv
|join|serperiordamvp
|join|Bob the Wut
|join|Celsius
|c| waiv|LOL
|join|secret kekleon
|c| Bob the Wut|rip
|c| waiv|LAPRAZ
|c| waiv|FEEL MY PAIN
|c| serperiordamvp|what happned
|c| waiv|WHEN I GET U IN LADDER
|join|tomibello
|c|âDMT|5 seconds while I get water
|c| waiv|FEEL IT
|c| serperiordamvp|WHAT IS GOING ON WHAT IS THE HYPE ABOUT
|c| Bob the Wut|ur mum's nudes
|c| Bob the Wut|leaked
|join|She's a Maniac
|c| Celsius|i dont even try to play when i meet lapraz
|c| Celsius|.-.
|c| Bob the Wut|just use np luke
|join|tomi â¥ bello
|join|newfren
|
|start
|switch|p1a: Blue in Green|Suicune|404\/404
|switch|p2a: DOOT DOOT|Xatu, F|334\/334
|-ability|p1a: Blue in Green|Pressure
|turn|1
|c|âlapraz|ok
|c| newfren|hahahaha
|join|Kushalos
|c| newfren|lapraz
|
|move|p2a: DOOT DOOT|U-turn|p1a: Blue in Green
|-damage|p1a: Blue in Green|383\/404
|c| newfren|is cm spiritomb
|c| newfren|good
|c| Bob the Wut|no
|c| newfren|:[
|
|switch|p2a: Win Condition|Shedinja|1\/1
|move|p1a: Blue in Green|Scald|p2a: Win Condition
|-activate|p2a: Win Condition|ability: Wonder Guard
|
|-heal|p1a: Blue in Green|404\/404|[from] item: Leftovers
|turn|2
|c|âlapraz|it's ok
|c|âlapraz|it's fun to use
|leave|secret kekleon
|c|âDMT|I mean
|c| Bob the Wut|run willo over protect dmt fgt
|join|secret kekleon
|c|âDMT|It's good low tier
|join|Kyli's Nightmare
|
|switch|p1a: Bitches Brew|Spiritomb, F|304\/304
|switch|p2a: DOOT DOOT|Xatu, F|334\/334
|
|turn|3
|c|âDMT|ptect is good with tspikes tho
|
|move|p2a: DOOT DOOT|U-turn|p1a: Bitches Brew
|-damage|p1a: Bitches Brew|281\/304
|
|switch|p2a: FairyDark plz|Absol, F|271\/271
|move|p1a: Bitches Brew|Calm Mind|p1a: Bitches Brew
|-boost|p1a: Bitches Brew|spa|1
|-boost|p1a: Bitches Brew|spd|1
|
|-heal|p1a: Bitches Brew|300\/304|[from] item: Leftovers
|turn|4
|
|detailschange|p2a: FairyDark plz|Absol-Mega, F
|-mega|p2a: FairyDark plz|Absol|Absolite
|move|p2a: FairyDark plz|Knock Off|p1a: Bitches Brew
|-damage|p1a: Bitches Brew|143\/304
|-enditem|p1a: Bitches Brew|Leftovers|[from] move: Knock Off|[of] p2a: FairyDark plz
|move|p1a: Bitches Brew|Dark Pulse|p2a: FairyDark plz
|-resisted|p2a: FairyDark plz
|-damage|p2a: FairyDark plz|178\/271
|
|turn|5
|join|Abooose
|
|move|p2a: FairyDark plz|Knock Off|p1a: Bitches Brew
|-damage|p1a: Bitches Brew|44\/304
|move|p1a: Bitches Brew|Rest|p1a: Bitches Brew
|-status|p1a: Bitches Brew|slp
|-heal|p1a: Bitches Brew|304\/304 slp|[silent]
|-status|p1a: Bitches Brew|slp|[from] move: Rest
|
|turn|6
|
|move|p2a: FairyDark plz|Swords Dance|p2a: FairyDark plz
|-boost|p2a: FairyDark plz|atk|2
|cant|p1a: Bitches Brew|slp
|move|p1a: Bitches Brew|Sleep Talk|p1a: Bitches Brew
|move|p1a: Bitches Brew|Calm Mind|p1a: Bitches Brew|[from]Sleep Talk
|-boost|p1a: Bitches Brew|spa|1
|-boost|p1a: Bitches Brew|spd|1
|
|turn|7
|
|move|p2a: FairyDark plz|Swords Dance|p2a: FairyDark plz
|-boost|p2a: FairyDark plz|atk|2
|cant|p1a: Bitches Brew|slp
|move|p1a: Bitches Brew|Sleep Talk|p1a: Bitches Brew
|move|p1a: Bitches Brew|Rest|p1a: Bitches Brew|[from]Sleep Talk
|-fail|p1a: Bitches Brew
|
|turn|8
|c| Bob the Wut|ez
|
|move|p2a: FairyDark plz|Knock Off|p1a: Bitches Brew
|-crit|p1a: Bitches Brew
|-damage|p1a: Bitches Brew|0 fnt
|faint|p1a: Bitches Brew
|
|c|âDMT|ermm
|c|âDMT|welp.
|c|âlapraz|ouch
|
|switch|p1a: Body and Soul|Forretress, F|354\/354
|turn|9
|c|âDMT|there's that one I suppose
|c|+Kushalos|couldve ez gone for +6 tbh
|c| Bob the Wut|live this gyro imo
|c| secret kekleon|bp imo
|
|move|p2a: FairyDark plz|Knock Off|p1a: Body and Soul
|-damage|p1a: Body and Soul|14\/354
|-enditem|p1a: Body and Soul|Leftovers|[from] move: Knock Off|[of] p2a: FairyDark plz
|move|p1a: Body and Soul|Gyro Ball|p2a: FairyDark plz
|-damage|p2a: FairyDark plz|6\/271
|
|turn|10
|c|+Kushalos|lol
|c| Bob the Wut|ez
|c|âlapraz|nooo
|c|+Kushalos|it lives
|c|âDMT|wait
|c|âDMT|what calc did I do wrong
|c|+Kushalos|!data forretress
|c|~|\/data-pokemon Forretress

|c| Bob the Wut|thats obv jolly forry
|
|move|p2a: FairyDark plz|Knock Off|p1a: Body and Soul
|-damage|p1a: Body and Soul|0 fnt
|faint|p1a: Body and Soul
|
|c|+Kushalos|!data weezing
|c|~|\/data-pokemon Weezing

|c|âDMT|oh
|c|+Kushalos|so weezing dies
|c|âDMT|miscalc'd IVs
|
|switch|p1a: Nardis|Weezing, F|333\/333
|turn|11
|c|âDMT|didn't do ivs
|
|move|p2a: FairyDark plz|Knock Off|p1a: Nardis
|-damage|p1a: Nardis|0 fnt
|-enditem|p1a: Nardis|Black Sludge|[from] move: Knock Off|[of] p2a: FairyDark plz
|faint|p1a: Nardis
|
|
|switch|p1a: Blue in Green|Suicune|404\/404
|-ability|p1a: Blue in Green|Pressure
|turn|12
|
|move|p2a: FairyDark plz|Knock Off|p1a: Blue in Green
|-damage|p1a: Blue in Green|0 fnt
|-enditem|p1a: Blue in Green|Leftovers|[from] move: Knock Off|[of] p2a: FairyDark plz
|faint|p1a: Blue in Green
|
|c|âDMT|welp
|c|+Kushalos|oml
|c| Bob the Wut|ez
|
|switch|p1a: Lush Life|Celebi|403\/403
|turn|13
|c|âDMT|ban absol
|c|âDMT|kony2012
|
|move|p2a: FairyDark plz|Knock Off|p1a: Lush Life
|-supereffective|p1a: Lush Life
|-damage|p1a: Lush Life|0 fnt
|-enditem|p1a: Lush Life|Leftovers|[from] move: Knock Off|[of] p2a: FairyDark plz
|faint|p1a: Lush Life
|
|
|switch|p1a: My Foolish Heart|Blissey, F|657\/657
|turn|14
|c|âDMT|gg lol
|c|âDMT|I'm done for the night
|c|âlapraz|lol
|c|âlapraz|gg
|c| waiv|miss
|c| waiv|miss
|c| waiv|miss
|c| waiv|miss
|c|âDMT|miss
|c| waiv|miss
|
|move|p2a: FairyDark plz|Knock Off|p1a: My Foolish Heart
|-damage|p1a: My Foolish Heart|0 fnt
|-enditem|p1a: My Foolish Heart|Leftovers|[from] move: Knock Off|[of] p2a: FairyDark plz
|faint|p1a: My Foolish Heart
|
|win|DMT
|raw|Ladder updating...
|c| waiv|miss
|raw|lapraz's rating: 1525 &rarr; <strong>1501<\/strong><br \/>(-24 for losing)
|raw|DMT's rating: 1452 &rarr; <strong>1476<\/strong><br \/>(+24 for winning)
|c| waiv|miss
|c| waiv|miss
|c| waiv|fk
|c| waiv|hacks
|leave|Kushalos
|c| waiv|imo
|leave|lapraz