|join|Count Bleck
|join|DMT
|player|p1|Count Bleck|238
|player|p2|DMT|184
|gametype|singles
|gen|6
|tier|UU
|rated
|rule|Sleep Clause Mod: Limit one foe put to sleep
|rule|Species Clause: Limit one of each PokÃ©mon
|rule|OHKO Clause: OHKO moves are banned
|rule|Moody Clause: Moody is banned
|rule|Evasion Moves Clause: Evasion moves are banned
|rule|Endless Battle Clause: Forcing endless battles is banned
|rule|HP Percentage Mod: HP is shown in percentages
|clearpoke
|poke|p1|Hippowdon, M
|poke|p1|Steelix, M
|poke|p1|Slowking, M
|poke|p1|Reuniclus, F
|poke|p1|Escavalier, M
|poke|p1|Pangoro, F
|poke|p2|Shedinja
|poke|p2|Absol, F
|poke|p2|Xatu, F
|poke|p2|Cobalion
|poke|p2|Archeops, F
|poke|p2|Tentacruel, F
|rule|Swagger Clause: Swagger is banned
|rule|Baton Pass Clause: Limit one PokÃ©mon knowing Baton Pass
|teampreview
|join|waiv
|join|Bob the Wut
|c| waiv|i thought
|c|âCount Bleck|...
|c| waiv|that last one was your last game
|c|âDMT|yeah
|c|âCount Bleck|hmmm
|c|âDMT|this is for real last one
|c|âDMT|can't beat pandasand
|c|âDMT|trickxy pandasand
|c| waiv|he's not trickroom
|c| waiv|dmt he's definitely
|c|âDMT|no obv not
|c| waiv|not
|c| waiv|trickroom
|c|âCount Bleck|I know you're name from UU
|c|âDMT|thx
|c|âDMT|ya
|c|âDMT|I was old RO
|join|SadPierrot
|c|âCount Bleck|I shouldn't underestimate you
|c|âDMT|no underestimate me
|
|start
|switch|p1a: Gumbo|Hippowdon, M|420\/420
|switch|p2a: Redneck|Archeops, F|291\/291
|-weather|Sandstorm
|turn|1
|c|âDMT|pangoro and sand
|c|âDMT|literal
|c|âDMT|shit on this team
|
|switch|p1a: All In|Escavalier, M|327\/327
|move|p2a: Redneck|Switcheroo|p1a: All In
|-activate|p2a: Redneck|move: Trick|[of] p1a: All In
|-item|p1a: All In|Choice Scarf|[from] Trick
|-item|p2a: Redneck|Assault Vest|[from] Trick
|
|-weather|Sandstorm|[upkeep]
|turn|2
|join|newfren
|c|âCount Bleck|oh
|
|move|p2a: Redneck|U-turn|p1a: All In
|-resisted|p1a: All In
|-damage|p1a: All In|288\/327
|c|âCount Bleck|Thats...s new
|
|switch|p2a: Combat Clothes|Cobalion|386\/386
|move|p1a: All In|Iron Head|p2a: Combat Clothes
|-resisted|p2a: Combat Clothes
|-damage|p2a: Combat Clothes|318\/386
|
|-weather|Sandstorm|[upkeep]
|turn|3
|c|âDMT|used to be a mew
|c| newfren|is this a sand team
|
|switch|p2a: Ten Tickles|Tentacruel, F|364\/364
|switch|p1a: Shadow Mitsuo|Reuniclus, F|424\/424
|
|-weather|Sandstorm|[upkeep]
|-damage|p2a: Ten Tickles|342\/364|[from] sandstorm
|-heal|p2a: Ten Tickles|364\/364|[from] item: Black Sludge
|turn|4
|c| SadPierrot|TR sand team imo
|c|âDMT|it's
|c|âDMT|sanda panda
|c| newfren|that's metal
|c| newfren|af
|c|âDMT|the dreaded
|c|âDMT|sandapanda
|
|move|p2a: Ten Tickles|Toxic Spikes|p1a: Shadow Mitsuo
|-sidestart|p1: Count Bleck|move: Toxic Spikes
|move|p1a: Shadow Mitsuo|Trick Room|p1a: Shadow Mitsuo
|-fieldstart|move: Trick Room|[of] p1a: Shadow Mitsuo
|
|-weather|Sandstorm|[upkeep]
|-damage|p2a: Ten Tickles|342\/364|[from] sandstorm
|-heal|p2a: Ten Tickles|364\/364|[from] item: Black Sludge
|turn|5
|c| Bob the Wut|ogre
|
|switch|p1a: X Dirge|Steelix, M|291\/291
|switch|p2a: DOOT DOOT|Xatu, F|334\/334
|
|-weather|Sandstorm|[upkeep]
|-damage|p2a: DOOT DOOT|314\/334|[from] sandstorm
|turn|6
|
|switch|p2a: Combat Clothes|Cobalion|318\/386
|detailschange|p1a: X Dirge|Steelix-Mega, M
|-mega|p1a: X Dirge|Steelix|Steelixite
|move|p1a: X Dirge|Gyro Ball|p2a: Combat Clothes
|-resisted|p2a: Combat Clothes
|-damage|p2a: Combat Clothes|180\/386
|
|-weather|Sandstorm|[upkeep]
|turn|7
|c|âDMT|ow
|c|âDMT|that hurt
|c|âCount Bleck|-plays "Messenger From Behind"-
|c|âDMT|that is literally
|c|âDMT|the gayest song
|c|âDMT|I have heard all night
|c|âDMT|and I've never heard the song
|c| SadPierrot|^
|c| newfren|that name tho
|c|âCount Bleck|pffft
|c|âDMT|just consider the name to be a homosexual innuendo
|c| waiv|LOL
|c|âCount Bleck|Its from Shadow of the Colossus
|c| waiv|MESSENGER FROM BEHIND
|c|âDMT|OH
|c| waiv|MESSENGER FROM BEHIND
|c| waiv|MESSENGER FROM BEHIND
|c| waiv|MESSENGER FROM BEHIND
|c| waiv|MESSENGER FROM BEHIND
|c|âDMT|I saw
|c| waiv|MESSENGER FROM BEHIND
|c| waiv|MESSENGER FROM BEHIND
|c| newfren|is shadow of the colossus
|c| waiv|MESSENGER FROM BEHIND
|c| waiv|MESSENGER FROM BEHIND
|c|âDMT|buddy dunnd eal
|c| waiv|MESSENGER FROM BEHIND
|c|âDMT|play through that
|c| newfren|porn?
|
|switch|p2a: DOOT DOOT|Xatu, F|314\/334
|move|p1a: X Dirge|Earthquake|p2a: DOOT DOOT
|-immune|p2a: DOOT DOOT|[msg]
|
|-weather|Sandstorm|[upkeep]
|-damage|p2a: DOOT DOOT|294\/334|[from] sandstorm
|turn|8
|c|âDMT|n
|c| waiv|MESSENGER FROM BEHIND
|c| waiv|MESSENGER FROM BEHIND
|c| waiv|MESSENGER FROM BEHIND
|c|âDMT|it's some anti meta game
|c|âCount Bleck|ughh
|c|âCount Bleck|the 50\/50s
|c|âDMT|ya
|c| newfren|he's roosting
|c| newfren|tbh
|c| newfren|eq
|
|switch|p1a: Prof. Thomas|Slowking, M|393\/393
|-status|p1a: Prof. Thomas|psn
|move|p2a: DOOT DOOT|Heat Wave|p1a: Prof. Thomas
|-resisted|p1a: Prof. Thomas
|-damage|p1a: Prof. Thomas|360\/393 psn
|
|-weather|none
|-damage|p1a: Prof. Thomas|311\/393 psn|[from] psn
|-fieldend|move: Trick Room
|turn|9
|c|âDMT|easiest roosty
|c|âDMT|of my life!
|c|âDMT|awe
|
|move|p2a: DOOT DOOT|U-turn|p1a: Prof. Thomas
|-supereffective|p1a: Prof. Thomas
|-damage|p1a: Prof. Thomas|225\/393 psn
|c| newfren|hahahaha
|c| newfren|xd
|c|âDMT|naturally
|c|âDMT|this is the game
|c| newfren|he got you!
|c|âDMT|I remove gigadrain
|
|switch|p2a: FairyDark plz|Absol, F|271\/271
|move|p1a: Prof. Thomas|Nasty Plot|p1a: Prof. Thomas
|-boost|p1a: Prof. Thomas|spa|2
|
|-damage|p1a: Prof. Thomas|176\/393 psn|[from] psn
|turn|10
|c| newfren|what did you
|c| newfren|replace it with
|c|âDMT|uhh
|c|âDMT|heatwave
|c|âDMT|psychic
|c|âDMT|insatead of giga nightshade
|
|detailschange|p2a: FairyDark plz|Absol-Mega, F
|-mega|p2a: FairyDark plz|Absol|Absolite
|move|p2a: FairyDark plz|Baton Pass|p2a: FairyDark plz
|c| newfren|o
|c|âDMT|tf
|c|âDMT|you stayed in
|c|âDMT|manly man
|join|Abooose
|c| newfren|I like heatwave
|
|switch|p2a: Win Condition|Shedinja|1\/1
|move|p1a: Prof. Thomas|Trick Room|p1a: Prof. Thomas
|-fieldstart|move: Trick Room|[of] p1a: Prof. Thomas
|
|-damage|p1a: Prof. Thomas|127\/393 psn|[from] psn
|turn|11
|c| newfren|dislike psychic
|c|âDMT|it's for
|c| newfren|fire blast
|c|âDMT|crobat
|c|âDMT|and shao
|c| newfren|o
|c|âDMT|and acid spray tenta
|c| newfren|fair
|
|switch|p1a: Gumbo|Hippowdon, M|420\/420
|-status|p1a: Gumbo|psn
|-weather|Sandstorm
|switch|p2a: DOOT DOOT|Xatu, F|294\/334
|
|-weather|Sandstorm|[upkeep]
|-damage|p2a: DOOT DOOT|274\/334|[from] sandstorm
|-damage|p1a: Gumbo|368\/420 psn|[from] psn
|turn|12
|c| newfren|2ez
|c| newfren|jesus this is a fucking cteam and a half
|c|âDMT|lol
|
|switch|p1a: TAKIN' U PUNKS DWN|Pangoro, F|393\/393
|-status|p1a: TAKIN' U PUNKS DWN|psn
|move|p2a: DOOT DOOT|U-turn|p1a: TAKIN' U PUNKS DWN
|-damage|p1a: TAKIN' U PUNKS DWN|349\/393 psn
|c| waiv|hippo is the ct
|
|switch|p2a: Redneck|Archeops, F|291\/291
|
|-weather|Sandstorm|[upkeep]
|-damage|p1a: TAKIN' U PUNKS DWN|325\/393 psn|[from] sandstorm
|-damage|p1a: TAKIN' U PUNKS DWN|276\/393 psn|[from] psn
|turn|13
|c| waiv|-_-
|join|djkekfb
|c|âDMT|wait why did I do this
|c|âDMT|?
|c| djkekfb|DOOT DOOT
|c| waiv|idk
|c|âDMT|idk lel
|
|move|p1a: TAKIN' U PUNKS DWN|Knock Off|p2a: Redneck
|-damage|p2a: Redneck|51\/291
|-enditem|p2a: Redneck|Assault Vest|[from] move: Knock Off|[of] p1a: TAKIN' U PUNKS DWN
|move|p2a: Redneck|U-turn|p1a: TAKIN' U PUNKS DWN
|-damage|p1a: TAKIN' U PUNKS DWN|225\/393 psn
|c| newfren|hippo and tr cause offensive
|
|switch|p2a: Combat Clothes|Cobalion|180\/386
|
|-weather|Sandstorm|[upkeep]
|-damage|p1a: TAKIN' U PUNKS DWN|201\/393 psn|[from] sandstorm
|-damage|p1a: TAKIN' U PUNKS DWN|152\/393 psn|[from] psn
|turn|14
|c| newfren|where did you get
|c| newfren|that av from
|c|âDMT|uhh
|c|âDMT|umm
|c|âDMT|tricked ummmm
|
|switch|p2a: DOOT DOOT|Xatu, F|274\/334
|move|p1a: TAKIN' U PUNKS DWN|Hammer Arm|p2a: DOOT DOOT
|-crit|p2a: DOOT DOOT
|-resisted|p2a: DOOT DOOT
|-damage|p2a: DOOT DOOT|192\/334
|-damage|p1a: TAKIN' U PUNKS DWN|87\/393 psn|[from] item: Rocky Helmet|[of] p2a: DOOT DOOT
|-unboost|p1a: TAKIN' U PUNKS DWN|spe|1
|
|-weather|Sandstorm|[upkeep]
|-damage|p1a: TAKIN' U PUNKS DWN|63\/393 psn|[from] sandstorm
|-damage|p2a: DOOT DOOT|172\/334|[from] sandstorm
|-damage|p1a: TAKIN' U PUNKS DWN|14\/393 psn|[from] psn
|-fieldend|move: Trick Room
|turn|15
|c|âDMT|escav
|c| newfren|ok
|c| newfren|he's roosting
|c|âDMT|easiest roost of my pokemon career
|c|âCount Bleck|rocky helmet Xatu is a thing? :I
|
|move|p2a: DOOT DOOT|U-turn|p1a: TAKIN' U PUNKS DWN
|-damage|p1a: TAKIN' U PUNKS DWN|0 fnt
|faint|p1a: TAKIN' U PUNKS DWN
|c| Bob the Wut|career
|c|âDMT|half my team
|c|âDMT|are not things
|c|âCount Bleck|Actul new meta :O
|
|switch|p2a: Ten Tickles|Tentacruel, F|364\/364
|
|-weather|Sandstorm|[upkeep]
|-damage|p2a: Ten Tickles|342\/364|[from] sandstorm
|-heal|p2a: Ten Tickles|364\/364|[from] item: Black Sludge
|c| waiv|> new meta
|c|âCount Bleck|I like it
|c| waiv|> old team
|c| waiv|LOL
|c|âDMT|this is real old team lol
|c|âDMT|anti meta yes
|
|switch|p1a: Shadow Mitsuo|Reuniclus, F|424\/424
|-status|p1a: Shadow Mitsuo|psn
|turn|16
|c| waiv|fkn newbies
|
|move|p2a: Ten Tickles|Acid Spray|p1a: Shadow Mitsuo
|-damage|p1a: Shadow Mitsuo|382\/424 psn
|-unboost|p1a: Shadow Mitsuo|spd|2
|move|p1a: Shadow Mitsuo|Trick Room|p1a: Shadow Mitsuo
|-fieldstart|move: Trick Room|[of] p1a: Shadow Mitsuo
|
|-weather|Sandstorm|[upkeep]
|-damage|p2a: Ten Tickles|342\/364|[from] sandstorm
|-heal|p2a: Ten Tickles|364\/364|[from] item: Black Sludge
|turn|17
|
|switch|p2a: Redneck|Archeops, F|51\/291
|move|p1a: Shadow Mitsuo|Psychic|p2a: Redneck
|-damage|p2a: Redneck|0 fnt
|faint|p2a: Redneck
|
|-weather|Sandstorm|[upkeep]
|
|switch|p2a: Win Condition|Shedinja|1\/1
|turn|18
|
|switch|p2a: FairyDark plz|Absol-Mega, F|271\/271
|move|p1a: Shadow Mitsuo|Focus Blast|p2a: FairyDark plz
|-supereffective|p2a: FairyDark plz
|-damage|p2a: FairyDark plz|0 fnt
|faint|p2a: FairyDark plz
|
|-weather|none
|c|âDMT|ow
|c| newfren|haha
|c| Bob the Wut|predicted
|c| newfren|!
|c|âCount Bleck|snipe!
|c|âDMT|that is
|c|âDMT|very unfortunate
|c| newfren|xd
|
|switch|p2a: DOOT DOOT|Xatu, F|172\/334
|turn|19
|c| newfren|does anything on his team
|
|switch|p2a: Ten Tickles|Tentacruel, F|364\/364
|move|p1a: Shadow Mitsuo|Trick Room|p1a: Shadow Mitsuo
|-fieldend|move: Trick Room
|
|turn|20
|c| newfren|lack a move to hit shedyd
|
|move|p2a: Ten Tickles|Scald|p1a: Shadow Mitsuo
|-damage|p1a: Shadow Mitsuo|195\/424 psn
|move|p1a: Shadow Mitsuo|Trick Room|p1a: Shadow Mitsuo
|-fieldstart|move: Trick Room|[of] p1a: Shadow Mitsuo
|
|turn|21
|c| newfren|idk just asking
|c|âDMT|uhh
|c|âDMT|slowking
|c|âDMT|prob
|c|âDMT|plz based tentacruel
|
|move|p1a: Shadow Mitsuo|Psychic|p2a: Ten Tickles
|-crit|p2a: Ten Tickles
|-supereffective|p2a: Ten Tickles
|-damage|p2a: Ten Tickles|3\/364
|move|p2a: Ten Tickles|Scald|p1a: Shadow Mitsuo
|-damage|p1a: Shadow Mitsuo|11\/424 psn
|
|-heal|p2a: Ten Tickles|25\/364|[from] item: Black Sludge
|turn|22
|c|âDMT|fuckin
|c|âDMT|baselord
|c| newfren|what a machine
|c|âDMT|also failed to KO
|
|move|p1a: Shadow Mitsuo|Energy Ball|p2a: Ten Tickles
|-damage|p2a: Ten Tickles|0 fnt
|faint|p2a: Ten Tickles
|
|c|âDMT|oh NrG ball
|c| newfren|it's ok
|
|switch|p2a: DOOT DOOT|Xatu, F|172\/334
|turn|23
|c| newfren|sheddy cleans from here
|
|move|p2a: DOOT DOOT|Roost|p2a: DOOT DOOT
|-heal|p2a: DOOT DOOT|334\/334
|move|p1a: Shadow Mitsuo|Trick Room|p1a: Shadow Mitsuo
|-fieldend|move: Trick Room
|
|turn|24
|c|âDMT|yeah
|c|âDMT|except
|c|âDMT|sand
|c|âDMT|but eh
|
|move|p2a: DOOT DOOT|Psychic|p1a: Shadow Mitsuo
|-resisted|p1a: Shadow Mitsuo
|-damage|p1a: Shadow Mitsuo|0 fnt
|faint|p1a: Shadow Mitsuo
|
|c| newfren|it can ohko hippo
|c|âDMT|easy
|c|âDMT|!
|
|switch|p1a: All In|Escavalier, M|288\/327
|turn|25
|c|âDMT|xatu honestly
|c|âDMT|is inside
|c| newfren|it's true
|
|move|p2a: DOOT DOOT|U-turn|p1a: All In
|-resisted|p1a: All In
|-damage|p1a: All In|275\/327
|c| newfren|wow
|
|switch|p2a: Combat Clothes|Cobalion|180\/386
|move|p1a: All In|Drill Run|p2a: Combat Clothes
|-supereffective|p2a: Combat Clothes
|-damage|p2a: Combat Clothes|22\/386
|
|turn|26
|
|switch|p1a: Gumbo|Hippowdon, M|368\/420 psn
|-weather|Sandstorm
|move|p2a: Combat Clothes|Rest|p2a: Combat Clothes
|-status|p2a: Combat Clothes|slp
|-heal|p2a: Combat Clothes|386\/386 slp|[silent]
|-status|p2a: Combat Clothes|slp|[from] move: Rest
|-enditem|p2a: Combat Clothes|Chesto Berry|[eat]
|-curestatus|p2a: Combat Clothes|slp
|
|-weather|Sandstorm|[upkeep]
|-damage|p1a: Gumbo|316\/420 psn|[from] psn
|turn|27
|c| newfren|bop!
|c| newfren|xd
|c|âDMT|antibop
|c|âCount Bleck|:OOO
|c|âDMT|that's like
|c|âDMT|so satisfying
|c|âDMT|I can't tell you
|
|switch|p2a: DOOT DOOT|Xatu, F|334\/334
|move|p1a: Gumbo|Earthquake|p2a: DOOT DOOT
|-immune|p2a: DOOT DOOT|[msg]
|
|-weather|Sandstorm|[upkeep]
|-damage|p2a: DOOT DOOT|314\/334|[from] sandstorm
|-damage|p1a: Gumbo|264\/420 psn|[from] psn
|turn|28
|
|move|p2a: DOOT DOOT|Psychic|p1a: Gumbo
|-damage|p1a: Gumbo|135\/420 psn
|move|p1a: Gumbo|Earthquake|p2a: DOOT DOOT
|-immune|p2a: DOOT DOOT|[msg]
|
|-weather|Sandstorm|[upkeep]
|-damage|p2a: DOOT DOOT|294\/334|[from] sandstorm
|-damage|p1a: Gumbo|83\/420 psn|[from] psn
|turn|29
|c| newfren|hippo should run a move to hit birds
|
|move|p2a: DOOT DOOT|Psychic|p1a: Gumbo
|-damage|p1a: Gumbo|0 fnt
|faint|p1a: Gumbo
|
|-weather|Sandstorm|[upkeep]
|-damage|p2a: DOOT DOOT|274\/334|[from] sandstorm
|c|âDMT|and hydrei
|c|âDMT|also
|c|âDMT|why did you do that
|
|switch|p1a: Prof. Thomas|Slowking, M|258\/393 psn
|turn|30
|c|âDMT|?!
|c| newfren|it's a fair question
|c| newfren|he still has
|c|âCount Bleck|Purpose fufilled already
|c| newfren|a lot of sand
|c| newfren|left
|
|move|p2a: DOOT DOOT|U-turn|p1a: Prof. Thomas
|-crit|p1a: Prof. Thomas
|-supereffective|p1a: Prof. Thomas
|-damage|p1a: Prof. Thomas|144\/393 psn
|c| djkekfb|DOOT DOOT
|c|âDMT|ok
|
|switch|p2a: Combat Clothes|Cobalion|386\/386
|move|p1a: Prof. Thomas|Trick Room|p1a: Prof. Thomas
|-fieldstart|move: Trick Room|[of] p1a: Prof. Thomas
|
|-weather|Sandstorm|[upkeep]
|-damage|p1a: Prof. Thomas|120\/393 psn|[from] sandstorm
|-damage|p1a: Prof. Thomas|71\/393 psn|[from] psn
|turn|31
|c| newfren|DOOT DOOT
|c| newfren|fire blast here
|
|move|p1a: Prof. Thomas|Scald|p2a: Combat Clothes
|-damage|p2a: Combat Clothes|230\/386
|move|p2a: Combat Clothes|Volt Switch|p1a: Prof. Thomas
|-crit|p1a: Prof. Thomas
|-supereffective|p1a: Prof. Thomas
|-damage|p1a: Prof. Thomas|0 fnt
|faint|p1a: Prof. Thomas
|
|switch|p2a: DOOT DOOT|Xatu, F|274\/334
|
|-weather|Sandstorm|[upkeep]
|-damage|p2a: DOOT DOOT|254\/334|[from] sandstorm
|
|switch|p1a: X Dirge|Steelix-Mega, M|291\/291
|turn|32
|join|Exemption
|c| waiv|o
|c| newfren|heat wave when
|c| waiv|steelix
|c| waiv|sweep
|c| newfren|nah
|c|âDMT|if rockslide
|c|âDMT|or thunderfang
|
|switch|p2a: Combat Clothes|Cobalion|230\/386
|move|p1a: X Dirge|Earthquake|p2a: Combat Clothes
|-supereffective|p2a: Combat Clothes
|-damage|p2a: Combat Clothes|0 fnt
|faint|p2a: Combat Clothes
|
|-weather|Sandstorm|[upkeep]
|c| waiv|if real
|c| waiv|holy plays
|c| newfren|dmt will just
|
|switch|p2a: Win Condition|Shedinja|1\/1
|turn|33
|c| newfren|get predicted
|c| newfren|over and over and over
|c|âDMT|so does
|c|âDMT|it run out
|c| newfren|until he loses
|
|switch|p1a: All In|Escavalier, M|275\/327
|switch|p2a: DOOT DOOT|Xatu, F|254\/334
|
|-weather|none
|turn|34
|c| newfren|no
|c|âDMT|here?
|c|âDMT|oh
|c|âDMT|welp
|c| waiv|oooo
|
|move|p1a: All In|Knock Off|p2a: DOOT DOOT
|-crit|p2a: DOOT DOOT
|-supereffective|p2a: DOOT DOOT
|-damage|p2a: DOOT DOOT|0 fnt
|-damage|p1a: All In|221\/327|[from] item: Rocky Helmet|[of] p2a: DOOT DOOT
|-enditem|p2a: DOOT DOOT|Rocky Helmet|[from] move: Knock Off|[of] p1a: All In
|faint|p2a: DOOT DOOT
|
|-fieldend|move: Trick Room
|c|âDMT|FUCK
|c|âDMT|NNNNNNNNNNNN
|c| newfren|ok now just
|c|âDMT|that's
|c| newfren|kill this
|c|âDMT|unfortunate
|c| newfren|somehow
|c| waiv|:(
|c|âDMT|yeah
|c| newfren|why didn't you
|c|âDMT|needed to not get crit
|c| newfren|save the mon
|c| newfren|with a fire move
|c|âDMT|cuz didn't factor into account
|c|âDMT|the fact I get crit ;o;
|
|switch|p2a: Win Condition|Shedinja|1\/1
|turn|35
|c| newfren|bad plays all day
|c| waiv|crit didn't matter if band
|c|âDMT|ya ik ik ik
|c| newfren|bad times on line
|c|âDMT|it'sscarf
|c|âCount Bleck|Also, just because
|c| waiv|o hhahaha
|c|âDMT|steelix had ???
|c|âCount Bleck|THe reason I left Slowking in on Absol
|c|âCount Bleck|was because Im Colbur berry
|c|âDMT|oh ok
|c|âCount Bleck|#baseddodmen
|c|âDMT|but still weren't you at like
|c| newfren|it's because you knew dmt was a scrub you don't have to explain
|
|move|p2a: Win Condition|Shadow Sneak|p1a: All In
|-damage|p1a: All In|161\/327
|move|p1a: All In|Knock Off|p2a: Win Condition
|-supereffective|p2a: Win Condition
|-enditem|p2a: Win Condition|Focus Sash
|-damage|p2a: Win Condition|1\/1
|
|turn|36
|c|âDMT|30%
|c|âDMT|gg tho
|
|move|p2a: Win Condition|Shadow Sneak|p1a: All In
|-damage|p1a: All In|110\/327
|move|p1a: All In|Knock Off|p2a: Win Condition
|-supereffective|p2a: Win Condition
|-damage|p2a: Win Condition|0 fnt
|faint|p2a: Win Condition
|
|win|Count Bleck
|raw|Ladder updating...
|raw|Count Bleck's rating: 1368 &rarr; <strong>1394<\/strong><br \/>(+26 for winning)
|raw|DMT's rating: 1476 &rarr; <strong>1450<\/strong><br \/>(-26 for losing)
|c| SadPierrot|supercrit
|c|âCount Bleck|GG, really fun game
|leave|newfren
|leave|Bob the Wut
|leave|DMT
|player|p2
|leave|SadPierrot