|join|Snickered
|join|Lafz
|player|p1|Snickered|34
|player|p2|Lafz|247
|gametype|singles
|gen|6
|tier|OU
|clearpoke
|poke|p1|Bisharp, F, shiny
|poke|p1|Keldeo-Resolute
|poke|p1|Landorus-Therian, M
|poke|p1|Thundurus, M
|poke|p1|Gardevoir, F, shiny
|poke|p1|Rotom-Wash
|poke|p2|Venusaur, F
|poke|p2|Tentacruel, F
|poke|p2|Greninja, F
|poke|p2|Magnezone, shiny
|poke|p2|Garchomp, F
|poke|p2|Gyarados, F
|rule|Swagger Clause: Swagger is banned
|rule|Baton Pass Clause: Limit one PokÃ©mon knowing Baton Pass
|rule|Sleep Clause Mod: Limit one foe put to sleep
|rule|Species Clause: Limit one of each PokÃ©mon
|rule|OHKO Clause: OHKO moves are banned
|rule|Moody Clause: Moody is banned
|rule|Evasion Moves Clause: Evasion moves are banned
|rule|Endless Battle Clause: Forcing endless battles is banned
|rule|HP Percentage Mod: HP is shown in percentages
|teampreview
|join|Baldo1
|
|start
|switch|p1a: Thundurus|Thundurus, M|299\/299
|switch|p2a: Tentacruel|Tentacruel, F|322\/322
|turn|1
|join|AlldaAlts
|c|âSnickered|gl have fun.
|join|Amphaross
|c| AlldaAlts|fren?
|join|ForWeLiveToTest
|
|switch|p2a: Magnezone|Magnezone, shiny|344\/344
|-item|p2a: Magnezone|Air Balloon
|move|p1a: Thundurus|Thunderbolt|p2a: Magnezone
|-resisted|p2a: Magnezone
|-damage|p2a: Magnezone|240\/344
|-enditem|p2a: Magnezone|Air Balloon
|-damage|p1a: Thundurus|270\/299|[from] item: Life Orb
|
|turn|2
|c|âLafz|you too man
|leave|Amphaross
|leave|AlldaAlts
|
|move|p1a: Thundurus|Focus Blast|p2a: Magnezone
|-crit|p2a: Magnezone
|-supereffective|p2a: Magnezone
|-damage|p2a: Magnezone|0 fnt
|-damage|p1a: Thundurus|241\/299|[from] item: Life Orb
|faint|p2a: Magnezone
|
|c|âSnickered|crit didnt matter.
|
|switch|p2a: Garchomp|Garchomp, F|358\/358
|turn|3
|
|switch|p1a: Gardevoir|Gardevoir, F, shiny|277\/277
|move|p2a: Garchomp|Outrage|p1a: Gardevoir
|-immune|p1a: Gardevoir|[msg]
|
|turn|4
|
|switch|p2a: Greninja|Greninja, F|286\/286
|detailschange|p1a: Gardevoir|Gardevoir-Mega, F, shiny
|message|Gardevoir has Mega Evolved into Mega Gardevoir!
|move|p1a: Gardevoir|Hyper Voice|p2a: Greninja
|-supereffective|p2a: Greninja
|-damage|p2a: Greninja|0 fnt
|faint|p2a: Greninja
|
|
|switch|p2a: Tentacruel|Tentacruel, F|322\/322
|turn|5
|
|move|p1a: Gardevoir|Psyshock|p2a: Tentacruel
|-supereffective|p2a: Tentacruel
|-damage|p2a: Tentacruel|0 fnt
|faint|p2a: Tentacruel
|
|
|switch|p2a: Venusaur|Venusaur, F|364\/364
|turn|6
|
|detailschange|p2a: Venusaur|Venusaur-Mega, F
|message|Venusaur has Mega Evolved into Mega Venusaur!
|move|p1a: Gardevoir|Psyshock|p2a: Venusaur
|-supereffective|p2a: Venusaur
|-damage|p2a: Venusaur|158\/364
|move|p2a: Venusaur|Leech Seed|p1a: Gardevoir|[miss]
|-miss|p2a: Venusaur|p1a: Gardevoir
|
|turn|7
|c|âSnickered|the fatness
|
|move|p1a: Gardevoir|Psyshock|p2a: Venusaur
|-supereffective|p2a: Venusaur
|-damage|p2a: Venusaur|0 fnt
|faint|p2a: Venusaur
|
|c|âLafz|fuck gardevoir
|c|âLafz|just like the e4
|
|switch|p2a: Gyarados|Gyarados, F|332\/332
|-ability|p2a: Gyarados|Intimidate|[of] p1a: Gardevoir
|-unboost|p1a: Gardevoir|atk|1
|turn|8
|
|move|p1a: Gardevoir|Will-O-Wisp|p2a: Gyarados
|-status|p2a: Gyarados|brn
|move|p2a: Gyarados|Dragon Dance|p2a: Gyarados
|-boost|p2a: Gyarados|atk|1
|-boost|p2a: Gyarados|spe|1
|
|-damage|p2a: Gyarados|291\/332 brn|[from] brn
|turn|9
|
|move|p2a: Gyarados|Dragon Dance|p2a: Gyarados
|-boost|p2a: Gyarados|atk|1
|-boost|p2a: Gyarados|spe|1
|move|p1a: Gardevoir|Hyper Voice|p2a: Gyarados
|-damage|p2a: Gyarados|21\/332 brn
|
|-heal|p2a: Gyarados|41\/332 brn|[from] item: Leftovers
|-damage|p2a: Gyarados|0 fnt|[from] brn
|faint|p2a: Gyarados
|
|switch|p2a: Garchomp|Garchomp, F|358\/358
|turn|10
|
|switch|p1a: Rotom-Wash|Rotom-Wash|250\/250
|move|p2a: Garchomp|Crunch|p1a: Rotom-Wash
|-damage|p1a: Rotom-Wash|178\/250
|-unboost|p1a: Rotom-Wash|def|1
|
|-heal|p1a: Rotom-Wash|193\/250|[from] item: Leftovers
|turn|11
|join|Derpson99
|
|move|p2a: Garchomp|Crunch|p1a: Rotom-Wash
|-damage|p1a: Rotom-Wash|103\/250
|move|p1a: Rotom-Wash|Will-O-Wisp|p2a: Garchomp
|-status|p2a: Garchomp|brn
|
|-heal|p1a: Rotom-Wash|118\/250|[from] item: Leftovers
|-damage|p2a: Garchomp|314\/358 brn|[from] brn
|turn|12
|
|move|p2a: Garchomp|Crunch|p1a: Rotom-Wash
|-damage|p1a: Rotom-Wash|69\/250
|move|p1a: Rotom-Wash|Pain Split|p2a: Garchomp
|-sethp|p2a: Garchomp|191\/358 brn|p1a: Rotom-Wash|191\/250|[from] move: Pain Split
|
|-heal|p1a: Rotom-Wash|206\/250|[from] item: Leftovers
|-damage|p2a: Garchomp|147\/358 brn|[from] brn
|turn|13
|
|switch|p1a: Keldeo-Resolute|Keldeo-Resolute|323\/323
|move|p2a: Garchomp|Crunch|p1a: Keldeo-Resolute
|-resisted|p1a: Keldeo-Resolute
|-damage|p1a: Keldeo-Resolute|298\/323
|-boost|p1a: Keldeo-Resolute|atk|1|[from] ability: Justified
|
|-damage|p2a: Garchomp|103\/358 brn|[from] brn
|turn|14
|c|âSnickered|gg nice and 6-0 
|
|move|p2a: Garchomp|Crunch|p1a: Keldeo-Resolute
|-resisted|p1a: Keldeo-Resolute
|-damage|p1a: Keldeo-Resolute|273\/323
|-boost|p1a: Keldeo-Resolute|atk|1|[from] ability: Justified
|move|p1a: Keldeo-Resolute|Icy Wind|p2a: Garchomp
|-supereffective|p2a: Garchomp
|-damage|p2a: Garchomp|0 fnt
|faint|p2a: Garchomp
|
|win|Snickered
|leave|Derpson99
|c|âLafz|whats a gardo counter