|join|UBERPYRO
|join|snickered
|player|p1|UBERPYRO|151
|player|p2|snickered|34
|gametype|singles
|gen|6
|tier|OU
|clearpoke
|poke|p1|Landorus-Therian, M
|poke|p1|Latias, F
|poke|p1|Bisharp, M
|poke|p1|Talonflame, M
|poke|p1|Greninja, F
|poke|p1|Manectric, F
|poke|p2|Heatran, F
|poke|p2|Azumarill, M, shiny
|poke|p2|Azelf, shiny
|poke|p2|Rotom-Wash
|poke|p2|Garchomp, M
|poke|p2|Gardevoir, F, shiny
|rule|Swagger Clause: Swagger is banned
|rule|Baton Pass Clause: Limit one PokÃ©mon knowing Baton Pass
|rule|Sleep Clause Mod: Limit one foe put to sleep
|rule|Species Clause: Limit one of each PokÃ©mon
|rule|OHKO Clause: OHKO moves are banned
|rule|Moody Clause: Moody is banned
|rule|Evasion Moves Clause: Evasion moves are banned
|rule|Endless Battle Clause: Forcing endless battles is banned
|rule|HP Percentage Mod: HP is shown in percentages
|teampreview
|c|âsnickered|glhf
|
|start
|switch|p1a: Landorus-Therian|Landorus-Therian, M|381\/381
|switch|p2a: Azelf|Azelf, shiny|291\/291
|-ability|p1a: Landorus-Therian|Intimidate|[of] p2a: Azelf
|-unboost|p2a: Azelf|atk|1
|turn|1
|
|move|p2a: Azelf|Taunt|p1a: Landorus-Therian
|-start|p1a: Landorus-Therian|move: Taunt
|move|p1a: Landorus-Therian|U-turn|p2a: Azelf
|-supereffective|p2a: Azelf
|-damage|p2a: Azelf|99\/291
|
|switch|p1a: Greninja|Greninja, F|285\/285
|
|turn|2
|
|switch|p2a: Azumarill|Azumarill, M, shiny|404\/404
|move|p1a: Greninja|Ice Beam|p2a: Azumarill
|-start|p1a: Greninja|typechange|Ice|[from] Protean
|-resisted|p2a: Azumarill
|-damage|p2a: Azumarill|329\/404
|-damage|p1a: Greninja|257\/285|[from] item: Life Orb
|
|turn|3
|
|move|p1a: Greninja|Grass Knot|p2a: Azumarill
|-start|p1a: Greninja|typechange|Grass|[from] Protean
|-supereffective|p2a: Azumarill
|-damage|p2a: Azumarill|147\/404
|-damage|p1a: Greninja|229\/285|[from] item: Life Orb
|move|p2a: Azumarill|Play Rough|p1a: Greninja|[miss]
|-miss|p2a: Azumarill|p1a: Greninja
|
|turn|4
|c|âUBERPYRO|oof
|c|âUBERPYRO|sorry
|c|âsnickered|dang.
|c|âUBERPYRO|yeah that hurts a lot
|c|âsnickered|thats upsetingg
|
|move|p2a: Azumarill|Aqua Jet|p1a: Greninja
|-resisted|p1a: Greninja
|-damage|p1a: Greninja|167\/285
|move|p1a: Greninja|Grass Knot|p2a: Azumarill
|-supereffective|p2a: Azumarill
|-damage|p2a: Azumarill|0 fnt
|-damage|p1a: Greninja|139\/285|[from] item: Life Orb
|faint|p2a: Azumarill
|
|
|switch|p2a: Gardevoir|Gardevoir, F, shiny|278\/278
|turn|5
|
|detailschange|p2a: Gardevoir|Gardevoir-Mega, F, shiny
|message|Gardevoir has Mega Evolved into Mega Gardevoir!
|move|p1a: Greninja|Hydro Pump|p2a: Gardevoir
|-start|p1a: Greninja|typechange|Water|[from] Protean
|-damage|p2a: Gardevoir|117\/278
|-damage|p1a: Greninja|111\/285|[from] item: Life Orb
|move|p2a: Gardevoir|Hyper Voice|p1a: Greninja
|-damage|p1a: Greninja|0 fnt
|faint|p1a: Greninja
|
|
|switch|p1a: Talonflame|Talonflame, M|297\/297
|turn|6
|
|switch|p2a: Heatran|Heatran, F|380\/380
|move|p1a: Talonflame|U-turn|p2a: Heatran
|-resisted|p2a: Heatran
|-damage|p2a: Heatran|355\/380
|
|switch|p1a: Landorus-Therian|Landorus-Therian, M|381\/381
|-ability|p1a: Landorus-Therian|Intimidate|[of] p2a: Heatran
|-unboost|p2a: Heatran|atk|1
|
|-heal|p2a: Heatran|378\/380|[from] item: Leftovers
|turn|7
|
|switch|p2a: Rotom-Wash|Rotom-Wash|304\/304
|move|p1a: Landorus-Therian|Stealth Rock|p2a: Rotom-Wash
|-sidestart|p2: snickered|move: Stealth Rock
|
|turn|8
|
|move|p1a: Landorus-Therian|U-turn|p2a: Rotom-Wash
|-damage|p2a: Rotom-Wash|251\/304
|
|switch|p1a: Manectric|Manectric, F|281\/281
|move|p2a: Rotom-Wash|Hydro Pump|p1a: Manectric
|-damage|p1a: Manectric|88\/281
|
|-heal|p2a: Rotom-Wash|270\/304|[from] item: Leftovers
|turn|9
|
|detailschange|p1a: Manectric|Manectric-Mega, F
|message|Manectric has Mega Evolved into Mega Manectric!
|-ability|p1a: Manectric|Intimidate|[of] p2a: Rotom-Wash
|-unboost|p2a: Rotom-Wash|atk|1
|move|p1a: Manectric|Volt Switch|p2a: Rotom-Wash
|-damage|p2a: Rotom-Wash|150\/304
|
|switch|p1a: Latias|Latias, F|319\/319
|move|p2a: Rotom-Wash|Hydro Pump|p1a: Latias
|-resisted|p1a: Latias
|-damage|p1a: Latias|266\/319
|
|-heal|p2a: Rotom-Wash|169\/304|[from] item: Leftovers
|turn|10
|
|switch|p2a: Heatran|Heatran, F|378\/380
|-damage|p2a: Heatran|331\/380|[from] Stealth Rock
|move|p1a: Latias|Psyshock|p2a: Heatran
|-resisted|p2a: Heatran
|-damage|p2a: Heatran|254\/380
|-damage|p1a: Latias|235\/319|[from] item: Life Orb
|
|-heal|p2a: Heatran|277\/380|[from] item: Leftovers
|turn|11
|
|switch|p1a: Landorus-Therian|Landorus-Therian, M|381\/381
|-ability|p1a: Landorus-Therian|Intimidate|[of] p2a: Heatran
|-unboost|p2a: Heatran|atk|1
|move|p2a: Heatran|Flash Cannon|p1a: Landorus-Therian
|-damage|p1a: Landorus-Therian|222\/381
|
|-heal|p1a: Landorus-Therian|245\/381|[from] item: Leftovers
|-heal|p2a: Heatran|300\/380|[from] item: Leftovers
|turn|12
|
|move|p1a: Landorus-Therian|U-turn|p2a: Heatran
|-resisted|p2a: Heatran
|-damage|p2a: Heatran|281\/380
|
|switch|p1a: Talonflame|Talonflame, M|297\/297
|move|p2a: Heatran|Lava Plume|p1a: Talonflame
|-resisted|p1a: Talonflame
|-damage|p1a: Talonflame|210\/297
|
|-heal|p2a: Heatran|304\/380|[from] item: Leftovers
|turn|13
|
|move|p1a: Talonflame|Brave Bird|p2a: Heatran
|-resisted|p2a: Heatran
|-damage|p2a: Heatran|172\/380
|-damage|p1a: Talonflame|166\/297|[from] recoil|[of] p2a: Heatran
|move|p2a: Heatran|Flash Cannon|p1a: Talonflame
|-resisted|p1a: Talonflame
|-damage|p1a: Talonflame|85\/297
|
|-heal|p2a: Heatran|195\/380|[from] item: Leftovers
|turn|14
|
|move|p1a: Talonflame|Brave Bird|p2a: Heatran
|-resisted|p2a: Heatran
|-damage|p2a: Heatran|75\/380
|-damage|p1a: Talonflame|45\/297|[from] recoil|[of] p2a: Heatran
|move|p2a: Heatran|Toxic|p1a: Talonflame
|-status|p1a: Talonflame|tox
|
|-heal|p2a: Heatran|98\/380|[from] item: Leftovers
|-damage|p1a: Talonflame|27\/297 tox|[from] psn
|turn|15
|
|move|p2a: Heatran|Protect|p2a: Heatran
|-singleturn|p2a: Heatran|Protect
|move|p1a: Talonflame|Brave Bird|p2a: Heatran
|-activate|p2a: Heatran|Protect
|
|-heal|p2a: Heatran|121\/380|[from] item: Leftovers
|-damage|p1a: Talonflame|0 fnt|[from] psn
|faint|p1a: Talonflame
|
|switch|p1a: Landorus-Therian|Landorus-Therian, M|245\/381
|-ability|p1a: Landorus-Therian|Intimidate|[of] p2a: Heatran
|-unboost|p2a: Heatran|atk|1
|turn|16
|
|switch|p2a: Azelf|Azelf, shiny|99\/291
|-damage|p2a: Azelf|63\/291|[from] Stealth Rock
|move|p1a: Landorus-Therian|Earthquake|p2a: Azelf
|-immune|p2a: Azelf|[msg]
|
|-heal|p1a: Landorus-Therian|268\/381|[from] item: Leftovers
|turn|17
|
|move|p2a: Azelf|Stealth Rock|p1a: Landorus-Therian
|-sidestart|p1: UBERPYRO|move: Stealth Rock
|move|p1a: Landorus-Therian|U-turn|p2a: Azelf
|-supereffective|p2a: Azelf
|-damage|p2a: Azelf|0 fnt
|faint|p2a: Azelf
|c|âUBERPYRO|I just
|c|âUBERPYRO|messed up
|c|âUBERPYRO|:\/
|c|âUBERPYRO|I meant to go to bisharp and set up
|
|switch|p1a: Manectric|Manectric-Mega, F|88\/281
|-damage|p1a: Manectric|53\/281|[from] Stealth Rock
|
|
|switch|p2a: Garchomp|Garchomp, M|357\/357
|-damage|p2a: Garchomp|335\/357|[from] Stealth Rock
|turn|18
|c|âsnickered|welp
|
|move|p2a: Garchomp|Iron Head|p1a: Manectric
|-resisted|p1a: Manectric
|-damage|p1a: Manectric|0 fnt
|faint|p1a: Manectric
|
|c|âUBERPYRO|scarf 
|c|âUBERPYRO|yeah I figureed
|
|switch|p1a: Bisharp|Bisharp, M|291\/291
|-damage|p1a: Bisharp|273\/291|[from] Stealth Rock
|turn|19
|
|switch|p2a: Gardevoir|Gardevoir-Mega, F, shiny|117\/278
|-damage|p2a: Gardevoir|83\/278|[from] Stealth Rock
|move|p1a: Bisharp|Swords Dance|p1a: Bisharp
|-boost|p1a: Bisharp|atk|2
|
|turn|20
|
|move|p1a: Bisharp|Sucker Punch|p2a: Gardevoir
|-fail|p2a: Gardevoir
|move|p2a: Gardevoir|Will-O-Wisp|p1a: Bisharp
|-status|p1a: Bisharp|brn
|
|-damage|p1a: Bisharp|237\/291 brn|[from] brn
|turn|21
|c|âsnickered|hush little baby dont say a word.
|
|move|p1a: Bisharp|Sucker Punch|p2a: Gardevoir
|-damage|p2a: Gardevoir|0 fnt
|faint|p2a: Gardevoir
|
|-damage|p1a: Bisharp|201\/291 brn|[from] brn
|
|switch|p2a: Heatran|Heatran, F|121\/380
|-damage|p2a: Heatran|74\/380|[from] Stealth Rock
|turn|22
|
|move|p2a: Heatran|Protect|p2a: Heatran
|-singleturn|p2a: Heatran|Protect
|move|p1a: Bisharp|Knock Off|p2a: Heatran
|-activate|p2a: Heatran|Protect
|
|-heal|p2a: Heatran|97\/380|[from] item: Leftovers
|-damage|p1a: Bisharp|165\/291 brn|[from] brn
|turn|23
|
|move|p1a: Bisharp|Knock Off|p2a: Heatran
|-damage|p2a: Heatran|0 fnt
|-enditem|p2a: Heatran|Leftovers|[from] move: Knock Off|[of] p1a: Bisharp
|faint|p2a: Heatran
|
|-damage|p1a: Bisharp|129\/291 brn|[from] brn
|
|switch|p2a: Rotom-Wash|Rotom-Wash|169\/304
|-damage|p2a: Rotom-Wash|131\/304|[from] Stealth Rock
|turn|24
|
|move|p1a: Bisharp|Knock Off|p2a: Rotom-Wash
|-damage|p2a: Rotom-Wash|0 fnt
|-enditem|p2a: Rotom-Wash|Leftovers|[from] move: Knock Off|[of] p1a: Bisharp
|faint|p2a: Rotom-Wash
|
|-damage|p1a: Bisharp|93\/291 brn|[from] brn
|
|switch|p2a: Garchomp|Garchomp, M|335\/357
|-damage|p2a: Garchomp|313\/357|[from] Stealth Rock
|turn|25
|
|move|p1a: Bisharp|Sucker Punch|p2a: Garchomp
|-damage|p2a: Garchomp|114\/357
|-damage|p1a: Bisharp|57\/291 brn|[from] ability: Rough Skin|[of] p2a: Garchomp
|move|p2a: Garchomp|Outrage|p1a: Bisharp
|-resisted|p1a: Bisharp
|-damage|p1a: Bisharp|0 fnt
|faint|p1a: Bisharp
|
|
|switch|p1a: Landorus-Therian|Landorus-Therian, M|268\/381
|-damage|p1a: Landorus-Therian|221\/381|[from] Stealth Rock
|-ability|p1a: Landorus-Therian|Intimidate|[of] p2a: Garchomp
|-unboost|p2a: Garchomp|atk|1
|turn|26
|c|âUBERPYRO|gg
|c|âsnickered|thats game, I can't kill land
|c|âUBERPYRO|bisharp don care
|
|move|p2a: Garchomp|Outrage|p1a: Landorus-Therian
|-damage|p1a: Landorus-Therian|119\/381
|move|p1a: Landorus-Therian|Earthquake|p2a: Garchomp
|-damage|p2a: Garchomp|0 fnt
|faint|p2a: Garchomp
|
|win|UBERPYRO
|c|âsnickered|I REALLY wish I didnt lost azu
|c|âUBERPYRO|yeah ik