|join|lameon
|join|Snickered
|player|p1|lameon|112
|player|p2|Snickered|34
|gametype|singles
|gen|6
|tier|OU
|clearpoke
|poke|p1|Diancie
|poke|p1|Magnezone
|poke|p1|Landorus-Therian, M
|poke|p1|Latias, F
|poke|p1|Bibarel, M, shiny
|poke|p1|Talonflame, F
|poke|p2|Diancie
|poke|p2|Landorus-Therian, M
|poke|p2|Greninja, F
|poke|p2|Rotom-Wash
|poke|p2|Talonflame, M
|poke|p2|Mamoswine, M
|rule|Swagger Clause: Swagger is banned
|rule|Baton Pass Clause: Limit one PokÃ©mon knowing Baton Pass
|rule|Sleep Clause Mod: Limit one foe put to sleep
|rule|Species Clause: Limit one of each PokÃ©mon
|rule|OHKO Clause: OHKO moves are banned
|rule|Moody Clause: Moody is banned
|rule|Evasion Moves Clause: Evasion moves are banned
|rule|Endless Battle Clause: Forcing endless battles is banned
|rule|HP Percentage Mod: HP is shown in percentages
|teampreview
|join|cynicproject
|join|Grumtastic
|join|UnB0lievable
|join|Lord Ras Al Ghul
|join|G00NY
|join|Lord Qwilfish
|join|Hollands97
|join|Crawdauntite
|join|LoganUnderFire
|join|Specs Fake-Out
|c|âSnickered|I got a blank space baby.
|join|joseph1103
|join|1 year old
|join|Ferocca
|join|King Time Stall
|c|âSnickered|And I'll write your name
|join|pear juice
|c| Grumtastic|ban bibs to strunk
|
|start
|switch|p1a: SUPER FAG|Bibarel, M, shiny|362\/362
|switch|p2a: Mamoswine|Mamoswine, M|361\/361
|turn|1
|join|Frickett
|c| Specs Fake-Out|ayye
|join|jeffrawr
|
|move|p2a: Mamoswine|Stealth Rock|p1a: SUPER FAG
|-sidestart|p1: lameon|move: Stealth Rock
|move|p1a: SUPER FAG|Stealth Rock|p2a: Mamoswine
|-sidestart|p2: Snickered|move: Stealth Rock
|
|turn|2
|c| pear juice|rocks deployed
|
|move|p2a: Mamoswine|Earthquake|p1a: SUPER FAG
|-damage|p1a: SUPER FAG|163\/362
|move|p1a: SUPER FAG|Yawn|p2a: Mamoswine
|-start|p2a: Mamoswine|move: Yawn|[of] p1a: SUPER FAG
|
|-heal|p1a: SUPER FAG|185\/362|[from] item: Leftovers
|turn|3
|join|Nappi Boi
|join|Too much swog
|join|AllJokesAside
|c| Too much swog|why did he make it this far
|c| Too much swog|with a bibarel
|c|âSnickered|dude
|c| pear juice|he's a good player
|c|âSnickered|I'm shitting myself rn
|c| jeffrawr|bc bibarel is good
|join|LadderSoTall
|c|âSnickered|because that THING
|c| Too much swog|but bibarel
|c|âSnickered|is a beast
|c| Grumtastic|if  lameon wins i will give all props to bibs for  backpacking the team
|
|switch|p2a: Rotom-Wash|Rotom-Wash|304\/304
|-damage|p2a: Rotom-Wash|266\/304|[from] Stealth Rock
|move|p1a: SUPER FAG|Yawn|p2a: Rotom-Wash
|-start|p2a: Rotom-Wash|move: Yawn|[of] p1a: SUPER FAG
|
|-heal|p2a: Rotom-Wash|285\/304|[from] item: Leftovers
|-heal|p1a: SUPER FAG|207\/362|[from] item: Leftovers
|turn|4
|
|move|p1a: SUPER FAG|Protect|p1a: SUPER FAG
|-singleturn|p1a: SUPER FAG|Protect
|move|p2a: Rotom-Wash|Volt Switch|p1a: SUPER FAG
|-activate|p1a: SUPER FAG|Protect
|
|-status|p2a: Rotom-Wash|slp
|-heal|p2a: Rotom-Wash|304\/304 slp|[from] item: Leftovers
|-heal|p1a: SUPER FAG|229\/362|[from] item: Leftovers
|turn|5
|join|johnnygrik04289977
|c|âlameon|ayy
|join|Grande VGC
|c|âSnickered|pls
|c|âSnickered|;0;
|c| Grumtastic|lool
|
|switch|p2a: Diancie|Diancie|241\/241
|-damage|p2a: Diancie|211\/241|[from] Stealth Rock
|switch|p1a: Diancie|Diancie|241\/241
|-damage|p1a: Diancie|211\/241|[from] Stealth Rock
|
|turn|6
|join|DeepFreezeIV
|c| Lord Qwilfish|252+ Atk Charizard Dragon Claw vs. 252 HP \/ 252+ Def Bibarel: 71-84 (19.6 - 23.2%) -- possible 5HKO
|c| Grumtastic|bypassing the sleep cluas
|c| pear juice|who invested more speed!?
|c|âSnickered|he did
|join|Schoard
|leave|johnnygrik04289977
|
|switch|p2a: Landorus-Therian|Landorus-Therian, M|320\/320
|-damage|p2a: Landorus-Therian|280\/320|[from] Stealth Rock
|-ability|p2a: Landorus-Therian|Intimidate|[of] p1a: Diancie
|-fail|p1a: Diancie|unboost|[from] ability: Clear Body|[of] p1a: Diancie
|detailschange|p1a: Diancie|Diancie-Mega
|message|Diancie has Mega Evolved into Mega Diancie!
|move|p1a: Diancie|Earth Power|p2a: Landorus-Therian
|-immune|p2a: Landorus-Therian|[msg]
|
|turn|7
|
|move|p1a: Diancie|Protect|p1a: Diancie
|-singleturn|p1a: Diancie|Protect
|move|p2a: Landorus-Therian|U-turn|p1a: Diancie
|-activate|p1a: Diancie|Protect
|
|turn|8
|c|âlameon|uh oh
|c| Hollands97|We all really suck at this
|
|move|p2a: Landorus-Therian|U-turn|p1a: Diancie
|-resisted|p1a: Diancie
|-damage|p1a: Diancie|170\/241
|join|Team 3 star
|c|âlameon|uh oh
|c| Hollands97|Considering he got this far running fucking Bibarel
|c|âSnickered|he's good
|
|switch|p2a: Mamoswine|Mamoswine, M|361\/361
|-damage|p2a: Mamoswine|316\/361|[from] Stealth Rock
|move|p1a: Diancie|Diamond Storm|p2a: Mamoswine
|-damage|p2a: Mamoswine|111\/361
|
|turn|9
|c| Hollands97|Yeah
|c| Grumtastic|nothing wants a  storm honestly
|c| Hollands97|No doubt
|c|âSnickered|sorry buddy
|c|âSnickered|but you need a nap.
|
|move|p2a: Mamoswine|Ice Shard|p1a: Diancie
|-damage|p1a: Diancie|94\/241
|move|p1a: Diancie|Moonblast|p2a: Mamoswine
|-damage|p2a: Mamoswine|0 fnt
|faint|p2a: Mamoswine
|
|join|lukew1697
|join|Jennin
|leave|G00NY
|c| Specs Fake-Out|anyone want my semen?
|
|switch|p2a: Greninja|Greninja, F|285\/285
|-damage|p2a: Greninja|250\/285|[from] Stealth Rock
|turn|10
|c| Hollands97|Yes
|c|âSnickered|not really.
|c| Specs Fake-Out|k
|c| Crawdauntite|someone dies
|c|âlameon|:(
|
|move|p1a: Diancie|Protect|p1a: Diancie
|-singleturn|p1a: Diancie|Protect
|move|p2a: Greninja|Gunk Shot|p1a: Diancie
|-start|p2a: Greninja|typechange|Poison|[from] Protean
|-activate|p1a: Diancie|Protect
|
|turn|11
|c|âSnickered|this 50 50
|c| Grumtastic|reveal low kick
|join|Savage_hr
|
|switch|p1a: Landorus-Therian|Landorus-Therian, M|320\/320
|-damage|p1a: Landorus-Therian|280\/320|[from] Stealth Rock
|-ability|p1a: Landorus-Therian|Intimidate|[of] p2a: Greninja
|-unboost|p2a: Greninja|atk|1
|move|p2a: Greninja|Gunk Shot|p1a: Landorus-Therian
|-resisted|p1a: Landorus-Therian
|-damage|p1a: Landorus-Therian|222\/320
|-damage|p2a: Greninja|222\/285|[from] item: Life Orb
|
|turn|12
|c| pear juice|50\/50 is when the real skill kicks in
|join|StarZabRighT
|c| AllJokesAside|252 SpA Life Orb Gengar Focus Blast vs. 252 HP \/ 252+ SpD Bibarel: 169-200 (44.2 - 52.3%) -- 18% chance to 2HKO
|c|âSnickered|lmao
|c|âSnickered|shit that did 0
|leave|StarZabRighT
|
|switch|p2a: Rotom-Wash|Rotom-Wash|304\/304 slp
|-damage|p2a: Rotom-Wash|266\/304 slp|[from] Stealth Rock
|move|p1a: Landorus-Therian|U-turn|p2a: Rotom-Wash
|-damage|p2a: Rotom-Wash|203\/304 slp
|
|switch|p1a: Diancie|Diancie-Mega|94\/241
|-damage|p1a: Diancie|64\/241|[from] Stealth Rock
|
|-heal|p2a: Rotom-Wash|222\/304 slp|[from] item: Leftovers
|turn|13
|c|âSnickered|psst
|c|âSnickered|wakey wakey
|
|move|p1a: Diancie|Moonblast|p2a: Rotom-Wash
|-damage|p2a: Rotom-Wash|24\/304 slp
|cant|p2a: Rotom-Wash|slp
|
|-heal|p2a: Rotom-Wash|43\/304 slp|[from] item: Leftovers
|turn|14
|c| Specs Fake-Out|lmao
|join|DT miss
|c|âSnickered|;-;
|c| LoganUnderFire|dat powa
|
|move|p1a: Diancie|Moonblast|p2a: Rotom-Wash
|-damage|p2a: Rotom-Wash|0 fnt
|faint|p2a: Rotom-Wash
|
|
|switch|p2a: Talonflame|Talonflame, M|298\/298
|-damage|p2a: Talonflame|149\/298|[from] Stealth Rock
|turn|15
|c|âlameon|pls no run low kick ninja
|
|move|p2a: Talonflame|Tailwind|p2a: Talonflame
|-sidestart|p2: Snickered|move: Tailwind
|move|p1a: Diancie|Diamond Storm|p2a: Talonflame
|-supereffective|p2a: Talonflame
|-damage|p2a: Talonflame|0 fnt
|-boost|p1a: Diancie|def|1
|faint|p2a: Talonflame
|
|
|switch|p2a: Diancie|Diancie|211\/241
|-damage|p2a: Diancie|181\/241|[from] Stealth Rock
|turn|16
|c| Savage_hr|Tw T-Flame new meta
|c| pear juice|ooooh
|
|detailschange|p2a: Diancie|Diancie-Mega
|message|Diancie has Mega Evolved into Mega Diancie!
|move|p1a: Diancie|Protect|p1a: Diancie
|-singleturn|p1a: Diancie|Protect
|move|p2a: Diancie|Moonblast|p1a: Diancie
|-activate|p1a: Diancie|Protect
|
|turn|17
|c| Specs Fake-Out|thats not new meta
|c| jeffrawr|tw tflame has been around for awhile lel
|
|switch|p1a: Magnezone|Magnezone|281\/281
|-damage|p1a: Magnezone|264\/281|[from] Stealth Rock
|move|p2a: Diancie|Rock Polish|p2a: Diancie
|-boost|p2a: Diancie|spe|2
|
|turn|18
|c|âSnickered|its over
|c| Specs Fake-Out|!!
|c|âlameon|gg
|c| AllJokesAside|252+ SpA Choice Specs Turboblaze Kyurem-W Draco Meteor vs. 252 HP \/ 252+ SpD Assault Vest Bibarel: 141-166 (36.7 - 43.2%) -- guaranteed 3HKO
|
|switch|p1a: Landorus-Therian|Landorus-Therian, M|222\/320
|-damage|p1a: Landorus-Therian|182\/320|[from] Stealth Rock
|-ability|p1a: Landorus-Therian|Intimidate|[of] p2a: Diancie
|-unboost|p2a: Diancie|atk|1
|move|p2a: Diancie|Earth Power|p1a: Landorus-Therian
|-immune|p1a: Landorus-Therian|[msg]
|
|-sideend|p2: Snickered|move: Tailwind
|turn|19
|
|switch|p1a: Magnezone|Magnezone|264\/281
|-damage|p1a: Magnezone|247\/281|[from] Stealth Rock
|move|p2a: Diancie|Moonblast|p1a: Magnezone
|-crit|p1a: Magnezone
|-resisted|p1a: Magnezone
|-damage|p1a: Magnezone|64\/281
|
|turn|20
|join|Bristleback
|c| Specs Fake-Out|ez
|
|move|p2a: Diancie|Moonblast|p1a: Magnezone
|-resisted|p1a: Magnezone
|-damage|p1a: Magnezone|0 fnt
|faint|p1a: Magnezone
|
|c| Grumtastic|crit mattered
|c|âSnickered|eh
|c|âSnickered|not really
|c| Hollands97|lol?
|join|irniornc
|c| Grumtastic|its  top kek diancie
|
|switch|p1a: Landorus-Therian|Landorus-Therian, M|182\/320
|-damage|p1a: Landorus-Therian|142\/320|[from] Stealth Rock
|-ability|p1a: Landorus-Therian|Intimidate|[of] p2a: Diancie
|-unboost|p2a: Diancie|atk|1
|turn|21
|join|Kama Sutra
|join|Zezima
|c|âSnickered|diancie destroys
|
|switch|p1a: Diancie|Diancie-Mega|64\/241
|-damage|p1a: Diancie|34\/241|[from] Stealth Rock
|move|p2a: Diancie|Moonblast|p1a: Diancie
|-damage|p1a: Diancie|0 fnt
|faint|p1a: Diancie
|
|
|switch|p1a: Talonflame|Talonflame, F|359\/359
|-damage|p1a: Talonflame|180\/359|[from] Stealth Rock
|turn|22
|c| Grande VGC|Diance sweep
|
|move|p1a: Talonflame|Roost|p1a: Talonflame
|-heal|p1a: Talonflame|359\/359
|move|p2a: Diancie|Diamond Storm|p1a: Talonflame
|-supereffective|p1a: Talonflame
|-damage|p1a: Talonflame|137\/359
|
|-heal|p1a: Talonflame|159\/359|[from] item: Leftovers
|turn|23
|c| Grande VGC|gg
|c|âSnickered|that still does a ton
|
|move|p1a: Talonflame|Roost|p1a: Talonflame
|-heal|p1a: Talonflame|339\/359
|move|p2a: Diancie|Diamond Storm|p1a: Talonflame
|-supereffective|p1a: Talonflame
|-damage|p1a: Talonflame|103\/359
|-boost|p2a: Diancie|def|1
|
|-heal|p1a: Talonflame|125\/359|[from] item: Leftovers
|turn|24
|c| Zezima|why this nigga has a Justin Bieber on his team
|c| pear juice|over
|c| pear juice|so over
|
|move|p1a: Talonflame|Brave Bird|p2a: Diancie
|-crit|p2a: Diancie
|-resisted|p2a: Diancie
|-damage|p2a: Diancie|84\/241
|-damage|p1a: Talonflame|93\/359|[from] recoil|[of] p2a: Diancie
|move|p2a: Diancie|Diamond Storm|p1a: Talonflame
|-supereffective|p1a: Talonflame
|-damage|p1a: Talonflame|0 fnt
|faint|p1a: Talonflame
|
|c| Specs Fake-Out|welp
|c|âSnickered|so over.
|
|switch|p1a: SUPER FAG|Bibarel, M, shiny|229\/362
|-damage|p1a: SUPER FAG|184\/362|[from] Stealth Rock
|turn|25
|c| Lord Ras Al Ghul|lol
|c| Grumtastic|if bibs had an answer
|c| Lord Qwilfish|aqua jet
|leave|Jennin
|c|âlameon|nope
|c| Specs Fake-Out|super fang kos
|c|âlameon|+1 def
|c| Specs Fake-Out|im sure
|c|âlameon|moonblast kills
|c|âSnickered|does this nigga carry aqua get
|
|move|p1a: SUPER FAG|Protect|p1a: SUPER FAG
|-singleturn|p1a: SUPER FAG|Protect
|move|p2a: Diancie|Moonblast|p1a: SUPER FAG
|-activate|p1a: SUPER FAG|Protect
|
|-heal|p1a: SUPER FAG|206\/362|[from] item: Leftovers
|turn|26
|
|move|p2a: Diancie|Moonblast|p1a: SUPER FAG
|-damage|p1a: SUPER FAG|0 fnt
|faint|p1a: SUPER FAG
|
|
|switch|p1a: Latias|Latias, F|302\/302
|-damage|p1a: Latias|265\/302|[from] Stealth Rock
|turn|27
|c|âSnickered|yup
|c|âSnickered|over.
|c|âlameon|gg
|
|move|p2a: Diancie|Moonblast|p1a: Latias
|-supereffective|p1a: Latias
|-damage|p1a: Latias|0 fnt
|faint|p1a: Latias
|
|c| Grumtastic|reveal iron tail
|c| Grande VGC|:[
|
|switch|p1a: Landorus-Therian|Landorus-Therian, M|142\/320
|-damage|p1a: Landorus-Therian|102\/320|[from] Stealth Rock
|-ability|p1a: Landorus-Therian|Intimidate|[of] p2a: Diancie
|-unboost|p2a: Diancie|atk|1
|turn|28
|c| Specs Fake-Out|nah this lives
|c|âSnickered|gg
|c| Grumtastic|nuuuuuuuuuuuh
|join|GoomyWasFrozen
|join|PhantomGaming
|
|move|p2a: Diancie|Moonblast|p1a: Landorus-Therian
|-damage|p1a: Landorus-Therian|0 fnt
|faint|p1a: Landorus-Therian
|
|win|Snickered
|leave|lameon
|player|p1
|c| PhantomGaming|GG
|leave|LadderSoTall
|c| Specs Fake-Out|bop bop bop
|leave|Lord Qwilfish
|leave|Zezima
|leave|Nappi Boi
|leave|irniornc
|leave|cynicproject
|leave|DT miss
|leave|UnB0lievable
|leave|Snickered
|player|p2
|leave|Hollands97
|leave|pear juice
|leave|Grumtastic
|leave|Specs Fake-Out