|join|Only One is Real
|join|Snickered
|player|p1|Only One is Real|165
|player|p2|Snickered|34
|gametype|singles
|gen|6
|tier|OU
|rated
|clearpoke
|poke|p1|Altaria, F
|poke|p1|Metagross
|poke|p1|Swampert, F
|poke|p1|Sceptile, F
|poke|p1|Sableye, F
|poke|p1|Latios, M
|poke|p2|Diancie
|poke|p2|Landorus-Therian, M
|poke|p2|Magnezone
|poke|p2|Greninja, F
|poke|p2|Azelf
|poke|p2|Rotom-Wash
|rule|Swagger Clause: Swagger is banned
|rule|Baton Pass Clause: Limit one PokÃ©mon knowing Baton Pass
|rule|Sleep Clause Mod: Limit one foe put to sleep
|rule|Species Clause: Limit one of each PokÃ©mon
|rule|OHKO Clause: OHKO moves are banned
|rule|Moody Clause: Moody is banned
|rule|Evasion Moves Clause: Evasion moves are banned
|rule|Endless Battle Clause: Forcing endless battles is banned
|rule|HP Percentage Mod: HP is shown in percentages
|teampreview
|c|âOnly One is Real|A diancie
|c|âSnickered|oh wtf dude
|c|âOnly One is Real|Don't see too many of those
|c|âSnickered|why is your whole team possible megas
|c|âSnickered|.-.
|
|start
|switch|p1a: Oladya|Swampert, F|404\/404
|switch|p2a: Azelf|Azelf|291\/291
|turn|1
|c|âOnly One is Real|Because
|c|âOnly One is Real|It's Team Secret Surprise
|
|move|p2a: Azelf|Stealth Rock|p1a: Oladya
|-sidestart|p1: Only One is Real|move: Stealth Rock
|move|p1a: Oladya|Stealth Rock|p2a: Azelf
|-sidestart|p2: Snickered|move: Stealth Rock
|
|turn|2
|c|âSnickered|diancie like shits on this whole team bar metagross
|c|âOnly One is Real|It might appear that way
|
|move|p2a: Azelf|Psyshock|p1a: Oladya
|-damage|p1a: Oladya|248\/404
|move|p1a: Oladya|Scald|p2a: Azelf
|-damage|p2a: Azelf|123\/291
|-status|p2a: Azelf|brn
|
|-heal|p1a: Oladya|273\/404|[from] item: Leftovers
|-damage|p2a: Azelf|87\/291 brn|[from] brn
|turn|3
|c|âSnickered|kk not mega swampy
|
|move|p2a: Azelf|Psyshock|p1a: Oladya
|-damage|p1a: Oladya|120\/404
|move|p1a: Oladya|Scald|p2a: Azelf
|-damage|p2a: Azelf|0 fnt
|faint|p2a: Azelf
|
|-heal|p1a: Oladya|145\/404|[from] item: Leftovers
|c|âOnly One is Real|How can you be sure?
|c|âSnickered|you have lefties?
|c|âSnickered|.-.
|c|âOnly One is Real|oh right lol
|
|switch|p2a: Rotom-Wash|Rotom-Wash|304\/304
|-damage|p2a: Rotom-Wash|266\/304|[from] Stealth Rock
|turn|4
|c|âOnly One is Real|Yeah, no
|c|âOnly One is Real|It's not swampert
|
|move|p2a: Rotom-Wash|Will-O-Wisp|p1a: Oladya
|-status|p1a: Oladya|brn
|move|p1a: Oladya|Sludge Wave|p2a: Rotom-Wash
|-damage|p2a: Rotom-Wash|183\/304
|
|-heal|p2a: Rotom-Wash|202\/304|[from] item: Leftovers
|-heal|p1a: Oladya|170\/404 brn|[from] item: Leftovers
|-damage|p1a: Oladya|120\/404 brn|[from] brn
|turn|5
|
|switch|p1a: Suka|Sableye, F|242\/242
|-damage|p1a: Suka|212\/242|[from] Stealth Rock
|move|p2a: Rotom-Wash|Hydro Pump|p1a: Suka|[miss]
|-miss|p2a: Rotom-Wash|p1a: Suka
|
|-heal|p2a: Rotom-Wash|221\/304|[from] item: Leftovers
|-heal|p1a: Suka|227\/242|[from] item: Leftovers
|turn|6
|
|move|p1a: Suka|Toxic|p2a: Rotom-Wash
|-status|p2a: Rotom-Wash|tox
|move|p2a: Rotom-Wash|Volt Switch|p1a: Suka
|-damage|p1a: Suka|139\/242
|
|switch|p2a: Diancie|Diancie|241\/241
|-damage|p2a: Diancie|211\/241|[from] Stealth Rock
|
|-heal|p1a: Suka|154\/242|[from] item: Leftovers
|turn|7
|
|switch|p1a: Oladya|Swampert, F|120\/404 brn
|-damage|p1a: Oladya|95\/404 brn|[from] Stealth Rock
|detailschange|p2a: Diancie|Diancie-Mega
|message|Diancie has Mega Evolved into Mega Diancie!
|move|p2a: Diancie|Moonblast|p1a: Oladya
|-damage|p1a: Oladya|0 fnt
|faint|p1a: Oladya
|
|c|âOnly One is Real|Oh, it's a mega one too
|c|âOnly One is Real|Never battled one before
|
|switch|p1a: Fyeliks|Metagross|364\/364
|-damage|p1a: Fyeliks|342\/364|[from] Stealth Rock
|turn|8
|c|âSnickered|they're a threat.
|
|switch|p2a: Rotom-Wash|Rotom-Wash|221\/304 tox
|-damage|p2a: Rotom-Wash|183\/304 tox|[from] Stealth Rock
|move|p1a: Fyeliks|Meteor Mash|p2a: Rotom-Wash
|-resisted|p2a: Rotom-Wash
|-damage|p2a: Rotom-Wash|154\/304 tox
|-boost|p1a: Fyeliks|atk|1
|
|-heal|p2a: Rotom-Wash|173\/304 tox|[from] item: Leftovers
|-heal|p1a: Fyeliks|364\/364|[from] item: Leftovers
|-damage|p2a: Rotom-Wash|154\/304 tox|[from] psn
|turn|9
|
|switch|p1a: Suka|Sableye, F|154\/242
|-damage|p1a: Suka|124\/242|[from] Stealth Rock
|move|p2a: Rotom-Wash|Will-O-Wisp|p1a: Suka
|-status|p1a: Suka|brn
|
|-heal|p2a: Rotom-Wash|173\/304 tox|[from] item: Leftovers
|-heal|p1a: Suka|139\/242 brn|[from] item: Leftovers
|-damage|p2a: Rotom-Wash|135\/304 tox|[from] psn
|-damage|p1a: Suka|109\/242 brn|[from] brn
|turn|10
|
|move|p1a: Suka|Recover|p1a: Suka
|-heal|p1a: Suka|230\/242 brn
|move|p2a: Rotom-Wash|Volt Switch|p1a: Suka
|-damage|p1a: Suka|151\/242 brn
|
|switch|p2a: Diancie|Diancie-Mega|211\/241
|-damage|p2a: Diancie|181\/241|[from] Stealth Rock
|
|-heal|p1a: Suka|166\/242 brn|[from] item: Leftovers
|-damage|p1a: Suka|136\/242 brn|[from] brn
|turn|11
|
|switch|p1a: Fyeliks|Metagross|364\/364
|-damage|p1a: Fyeliks|342\/364|[from] Stealth Rock
|move|p2a: Diancie|Moonblast|p1a: Fyeliks
|-resisted|p1a: Fyeliks
|-damage|p1a: Fyeliks|234\/364
|
|-heal|p1a: Fyeliks|256\/364|[from] item: Leftovers
|turn|12
|
|switch|p2a: Magnezone|Magnezone|282\/282
|-damage|p2a: Magnezone|265\/282|[from] Stealth Rock
|switch|p1a: Lyubov|Sceptile, F|281\/281
|-damage|p1a: Lyubov|246\/281|[from] Stealth Rock
|
|turn|13
|
|move|p2a: Magnezone|Hidden Power|p1a: Lyubov
|-supereffective|p1a: Lyubov
|-damage|p1a: Lyubov|94\/281
|-enditem|p1a: Lyubov|Sitrus Berry|[eat]
|-heal|p1a: Lyubov|164\/281|[from] item: Sitrus Berry
|move|p1a: Lyubov|Swords Dance|p1a: Lyubov
|-boost|p1a: Lyubov|atk|2
|
|turn|14
|
|move|p1a: Lyubov|Drain Punch|p2a: Magnezone
|-supereffective|p2a: Magnezone
|-damage|p2a: Magnezone|0 fnt
|-heal|p1a: Lyubov|281\/281|[from] drain|[of] p2a: Magnezone
|faint|p2a: Magnezone
|
|
|switch|p2a: Greninja|Greninja, F|285\/285
|-damage|p2a: Greninja|250\/285|[from] Stealth Rock
|turn|15
|c|âOnly One is Real|I'm rather proud of my sceptile
|
|move|p1a: Lyubov|Leaf Blade|p2a: Greninja
|-crit|p2a: Greninja
|-supereffective|p2a: Greninja
|-damage|p2a: Greninja|0 fnt
|faint|p2a: Greninja
|
|c|âSnickered|oh wtf
|c|âSnickered|why is he so fast
|
|switch|p2a: Landorus-Therian|Landorus-Therian, M|320\/320
|-damage|p2a: Landorus-Therian|280\/320|[from] Stealth Rock
|-ability|p2a: Landorus-Therian|Intimidate|[of] p1a: Lyubov
|-unboost|p1a: Lyubov|atk|1
|turn|16
|c|âOnly One is Real|unburden, my friend ;)
|
|move|p1a: Lyubov|Leaf Blade|p2a: Landorus-Therian
|-damage|p2a: Landorus-Therian|82\/320
|move|p2a: Landorus-Therian|U-turn|p1a: Lyubov
|-supereffective|p1a: Lyubov
|-damage|p1a: Lyubov|15\/281
|c|âSnickered|>.>
|
|switch|p2a: Rotom-Wash|Rotom-Wash|135\/304 tox
|-damage|p2a: Rotom-Wash|97\/304 tox|[from] Stealth Rock
|
|-heal|p2a: Rotom-Wash|116\/304 tox|[from] item: Leftovers
|-damage|p2a: Rotom-Wash|97\/304 tox|[from] psn
|turn|17
|
|move|p1a: Lyubov|Leaf Blade|p2a: Rotom-Wash
|-crit|p2a: Rotom-Wash
|-supereffective|p2a: Rotom-Wash
|-damage|p2a: Rotom-Wash|0 fnt
|faint|p2a: Rotom-Wash
|
|
|switch|p2a: Landorus-Therian|Landorus-Therian, M|82\/320
|-damage|p2a: Landorus-Therian|42\/320|[from] Stealth Rock
|-ability|p2a: Landorus-Therian|Intimidate|[of] p1a: Lyubov
|-unboost|p1a: Lyubov|atk|1
|turn|18
|c|âSnickered|fuck this thing ;-;
|
|move|p1a: Lyubov|Leaf Blade|p2a: Landorus-Therian
|-damage|p2a: Landorus-Therian|0 fnt
|faint|p2a: Landorus-Therian
|
|
|switch|p2a: Diancie|Diancie-Mega|181\/241
|-damage|p2a: Diancie|151\/241|[from] Stealth Rock
|turn|19
|
|move|p1a: Lyubov|Leaf Blade|p2a: Diancie
|-supereffective|p2a: Diancie
|-damage|p2a: Diancie|0 fnt
|faint|p2a: Diancie
|
|win|Only One is Real
|raw|Ladder updating...
|c|âOnly One is Real|gg
|c|âSnickered|gg jesus christ
|c|âOnly One is Real|The real one was Altaria
|c|âSnickered|ah
|c|âSnickered|sceptile is so scurry
|raw|Only One is Real's rating: 1374 &rarr; <strong>1396<\/strong><br \/>(+22 for winning)
|raw|Snickered's rating: 1409 &rarr; <strong>1387<\/strong><br \/>(-22 for losing)
|leave|Snickered
|player|p2