|join|Snickered
|join|XGC x TeMPaH
|player|p1|Snickered|136
|player|p2|XGC x TeMPaH|54
|gametype|singles
|gen|6
|tier|OU
|rated
|clearpoke
|poke|p1|Venusaur, M
|poke|p1|Latios, M
|poke|p1|Infernape, F
|poke|p1|Kyurem-Black
|poke|p1|Landorus-Therian, M
|poke|p1|Hawlucha, F
|poke|p2|Manectric, M
|poke|p2|Gliscor, M
|poke|p2|Breloom, M
|poke|p2|Slowbro, M
|poke|p2|Umbreon, M, shiny
|poke|p2|Skarmory, M
|rule|Swagger Clause: Swagger is banned
|rule|Baton Pass Clause: Limit one PokÃ©mon knowing Baton Pass
|rule|Sleep Clause Mod: Limit one foe put to sleep
|rule|Species Clause: Limit one of each PokÃ©mon
|rule|OHKO Clause: OHKO moves are banned
|rule|Moody Clause: Moody is banned
|rule|Evasion Moves Clause: Evasion moves are banned
|rule|Endless Battle Clause: Forcing endless battles is banned
|rule|HP Percentage Mod: HP is shown in percentages
|teampreview
|
|start
|switch|p1a: Infernape|Infernape, F|293\/293
|switch|p2a: Manectric|Manectric, M|281\/281
|turn|1
|
|detailschange|p2a: Manectric|Manectric-Mega, M
|message|Manectric has Mega Evolved into Mega Manectric!
|-ability|p2a: Manectric|Intimidate|[of] p1a: Infernape
|-unboost|p1a: Infernape|atk|1
|move|p1a: Infernape|Stealth Rock|p2a: Manectric
|-sidestart|p2: XGC x TeMPaH|move: Stealth Rock
|move|p2a: Manectric|Volt Switch|p1a: Infernape
|-damage|p1a: Infernape|109\/293
|
|switch|p2a: Slowbro|Slowbro, M|332\/332
|-damage|p2a: Slowbro|291\/332|[from] Stealth Rock
|
|-heal|p2a: Slowbro|311\/332|[from] item: Leftovers
|turn|2
|
|switch|p1a: Venusaur|Venusaur, M|363\/363
|move|p2a: Slowbro|Thunder Wave|p1a: Venusaur
|-status|p1a: Venusaur|par
|
|-heal|p2a: Slowbro|331\/332|[from] item: Leftovers
|turn|3
|
|switch|p2a: Skarmory|Skarmory, M|334\/334
|-damage|p2a: Skarmory|293\/334|[from] Stealth Rock
|detailschange|p1a: Venusaur|Venusaur-Mega, M
|message|Venusaur has Mega Evolved into Mega Venusaur!
|move|p1a: Venusaur|Giga Drain|p2a: Skarmory
|-resisted|p2a: Skarmory
|-damage|p2a: Skarmory|269\/334
|
|turn|4
|
|switch|p1a: Infernape|Infernape, F|109\/293
|move|p2a: Skarmory|Stealth Rock|p1a: Infernape
|-sidestart|p1: Snickered|move: Stealth Rock
|
|turn|5
|
|switch|p2a: Slowbro|Slowbro, M|332\/332
|-damage|p2a: Slowbro|291\/332|[from] Stealth Rock
|move|p1a: Infernape|Endeavor|p2a: Slowbro
|-damage|p2a: Slowbro|109\/332
|
|-heal|p2a: Slowbro|129\/332|[from] item: Leftovers
|turn|6
|
|switch|p1a: Hawlucha|Hawlucha, F|298\/298
|-damage|p1a: Hawlucha|261\/298|[from] Stealth Rock
|move|p2a: Slowbro|Slack Off|p2a: Slowbro
|-heal|p2a: Slowbro|295\/332
|
|-heal|p2a: Slowbro|315\/332|[from] item: Leftovers
|turn|7
|
|move|p1a: Hawlucha|Sky Attack|p2a: Slowbro|[still]
|-prepare|p1a: Hawlucha|Sky Attack|p2a: Slowbro
|-enditem|p1a: Hawlucha|Power Herb
|-anim|p1a: Hawlucha|Sky Attack|p2a: Slowbro
|-damage|p2a: Slowbro|129\/332
|move|p2a: Slowbro|Scald|p1a: Hawlucha
|-damage|p1a: Hawlucha|131\/298
|
|-heal|p2a: Slowbro|149\/332|[from] item: Leftovers
|turn|8
|
|switch|p2a: Skarmory|Skarmory, M|269\/334
|-damage|p2a: Skarmory|228\/334|[from] Stealth Rock
|move|p1a: Hawlucha|Acrobatics|p2a: Skarmory
|-resisted|p2a: Skarmory
|-damage|p2a: Skarmory|166\/334
|-damage|p1a: Hawlucha|82\/298|[from] item: Rocky Helmet|[of] p2a: Skarmory
|
|turn|9
|
|switch|p2a: Slowbro|Slowbro, M|259\/332
|-damage|p2a: Slowbro|218\/332|[from] Stealth Rock
|move|p1a: Hawlucha|Hone Claws|p1a: Hawlucha
|-boost|p1a: Hawlucha|atk|1
|-boost|p1a: Hawlucha|accuracy|1
|
|-heal|p2a: Slowbro|238\/332|[from] item: Leftovers
|turn|10
|
|move|p1a: Hawlucha|Acrobatics|p2a: Slowbro
|-damage|p2a: Slowbro|42\/332
|move|p2a: Slowbro|Thunder Wave|p1a: Hawlucha
|-status|p1a: Hawlucha|par
|
|-heal|p2a: Slowbro|62\/332|[from] item: Leftovers
|turn|11
|
|cant|p1a: Hawlucha|par
|move|p2a: Slowbro|Slack Off|p2a: Slowbro
|-heal|p2a: Slowbro|228\/332
|
|-heal|p2a: Slowbro|248\/332|[from] item: Leftovers
|turn|12
|
|switch|p2a: Skarmory|Skarmory, M|166\/334
|-damage|p2a: Skarmory|125\/334|[from] Stealth Rock
|cant|p1a: Hawlucha|par
|
|turn|13
|c|âSnickered|omg
|c|âXGC x TeMPaH|sorry about the para
|
|cant|p1a: Hawlucha|par
|move|p2a: Skarmory|Whirlwind|p1a: Hawlucha
|drag|p1a: Landorus-Therian|Landorus-Therian, M|320\/320
|-damage|p1a: Landorus-Therian|280\/320|[from] Stealth Rock
|-ability|p1a: Landorus-Therian|Intimidate|[of] p2a: Skarmory
|-unboost|p2a: Skarmory|atk|1
|
|turn|14
|c|âSnickered|thats suck crap
|
|move|p1a: Landorus-Therian|Rock Slide|p2a: Skarmory
|-miss|p1a: Landorus-Therian|p2a: Skarmory
|move|p2a: Skarmory|Roost|p2a: Skarmory
|-heal|p2a: Skarmory|292\/334
|
|turn|15
|c|âSnickered|-.-
|c|âSnickered|I'm done
|-message|Snickered forfeited.
|leave|Snickered
|
|win|XGC x TeMPaH
|raw|Ladder updating...
|player|p1
|raw|Snickered's rating: 1544 &rarr; <strong>1522<\/strong><br \/>(-22 for losing)
|raw|XGC x TeMPaH's rating: 1506 &rarr; <strong>1528<\/strong><br \/>(+22 for winning)