|join|PokemonIsHomo
|join|Snickered
|player|p1|PokemonIsHomo|76
|player|p2|Snickered|34
|gametype|singles
|gen|6
|tier|OU
|rated
|clearpoke
|poke|p1|Skarmory, M
|poke|p1|Clefable, F
|poke|p1|Charizard, M
|poke|p1|Excadrill, M
|poke|p1|Azumarill, M
|poke|p1|Gengar, F
|poke|p2|Quagsire, M
|poke|p2|Mamoswine, M
|poke|p2|Metagross
|poke|p2|Keldeo-Resolute
|poke|p2|Zapdos
|poke|p2|Gengar, F
|rule|Swagger Clause: Swagger is banned
|rule|Baton Pass Clause: Limit one PokÃ©mon knowing Baton Pass
|rule|Sleep Clause Mod: Limit one foe put to sleep
|rule|Species Clause: Limit one of each PokÃ©mon
|rule|OHKO Clause: OHKO moves are banned
|rule|Moody Clause: Moody is banned
|rule|Evasion Moves Clause: Evasion moves are banned
|rule|Endless Battle Clause: Forcing endless battles is banned
|rule|HP Percentage Mod: HP is shown in percentages
|teampreview
|
|start
|switch|p1a: Gengar|Gengar, F|262\/262
|switch|p2a: Zapdos|Zapdos|322\/322
|-ability|p2a: Zapdos|Pressure
|turn|1
|
|switch|p1a: Clefable|Clefable, F|394\/394
|move|p2a: Zapdos|Thunderbolt|p1a: Clefable
|-damage|p1a: Clefable|282\/394
|
|turn|2
|
|switch|p2a: Mamoswine|Mamoswine, M|361\/361
|move|p1a: Clefable|Moonblast|p2a: Mamoswine
|-damage|p2a: Mamoswine|169\/361
|
|turn|3
|
|switch|p1a: Skarmory|Skarmory, M|334\/334
|move|p2a: Mamoswine|Stealth Rock|p1a: Skarmory
|-sidestart|p1: PokemonIsHomo|move: Stealth Rock
|
|turn|4
|
|switch|p2a: Zapdos|Zapdos|322\/322
|-ability|p2a: Zapdos|Pressure
|move|p1a: Skarmory|Stealth Rock|p2a: Zapdos
|-sidestart|p2: Snickered|move: Stealth Rock
|
|turn|5
|
|switch|p1a: Clefable|Clefable, F|282\/394
|move|p2a: Zapdos|Thunderbolt|p1a: Clefable
|-damage|p1a: Clefable|164\/394
|-status|p1a: Clefable|par
|
|turn|6
|
|move|p2a: Zapdos|Thunderbolt|p1a: Clefable
|-damage|p1a: Clefable|49\/394 par
|move|p1a: Clefable|Soft-Boiled|p1a: Clefable
|-heal|p1a: Clefable|246\/394 par
|
|turn|7
|c|âPokemonIsHomo|::|
|
|move|p2a: Zapdos|Thunderbolt|p1a: Clefable
|-damage|p1a: Clefable|119\/394 par
|cant|p1a: Clefable|par
|
|turn|8
|c|âSnickered|ayy
|
|move|p2a: Zapdos|Thunderbolt|p1a: Clefable
|-damage|p1a: Clefable|0 fnt
|faint|p1a: Clefable
|
|
|switch|p1a: Azumarill|Azumarill, M|404\/404
|-damage|p1a: Azumarill|354\/404|[from] Stealth Rock
|turn|9
|
|move|p2a: Zapdos|Thunderbolt|p1a: Azumarill
|-supereffective|p1a: Azumarill
|-damage|p1a: Azumarill|90\/404
|move|p1a: Azumarill|Ice Punch|p2a: Zapdos
|-supereffective|p2a: Zapdos
|-damage|p2a: Zapdos|66\/322
|
|-heal|p2a: Zapdos|86\/322|[from] item: Leftovers
|turn|10
|
|move|p1a: Azumarill|Aqua Jet|p2a: Zapdos
|-damage|p2a: Zapdos|0 fnt
|faint|p2a: Zapdos
|
|c|âPokemonIsHomo|ayy
|
|switch|p2a: Metagross|Metagross|302\/302
|-damage|p2a: Metagross|284\/302|[from] Stealth Rock
|turn|11
|
|switch|p1a: Skarmory|Skarmory, M|334\/334
|-damage|p1a: Skarmory|293\/334|[from] Stealth Rock
|detailschange|p2a: Metagross|Metagross-Mega
|message|Metagross has Mega Evolved into Mega Metagross!
|move|p2a: Metagross|Meteor Mash|p1a: Skarmory
|-resisted|p1a: Skarmory
|-damage|p1a: Skarmory|222\/334
|-damage|p2a: Metagross|234\/302|[from] item: Rocky Helmet|[of] p1a: Skarmory
|
|turn|12
|c|âPokemonIsHomo|!learn metagross, fire punch
|raw|<div class="infobox">Metagross <span class="message-learn-cannotlearn">can't<\/span> learn Fire Punch<\/div>
|c|âPokemonIsHomo|lol
|
|switch|p2a: Keldeo-Resolute|Keldeo-Resolute|322\/322
|-damage|p2a: Keldeo-Resolute|302\/322|[from] Stealth Rock
|move|p1a: Skarmory|Roost|p1a: Skarmory
|-heal|p1a: Skarmory|334\/334
|
|turn|13
|
|switch|p1a: Azumarill|Azumarill, M|90\/404
|-damage|p1a: Azumarill|40\/404|[from] Stealth Rock
|move|p2a: Keldeo-Resolute|Hydro Pump|p1a: Azumarill
|-resisted|p1a: Azumarill
|-damage|p1a: Azumarill|0 fnt
|faint|p1a: Azumarill
|
|
|switch|p1a: Skarmory|Skarmory, M|334\/334
|-damage|p1a: Skarmory|293\/334|[from] Stealth Rock
|turn|14
|
|move|p2a: Keldeo-Resolute|Hydro Pump|p1a: Skarmory
|-damage|p1a: Skarmory|17\/334
|move|p1a: Skarmory|Brave Bird|p2a: Keldeo-Resolute
|-supereffective|p2a: Keldeo-Resolute
|-damage|p2a: Keldeo-Resolute|38\/322
|-damage|p1a: Skarmory|0 fnt|[from] recoil|[of] p2a: Keldeo-Resolute
|faint|p1a: Skarmory
|
|
|switch|p1a: Excadrill|Excadrill, M|362\/362
|-damage|p1a: Excadrill|351\/362|[from] Stealth Rock
|-ability|p1a: Excadrill|Mold Breaker
|turn|15
|
|move|p2a: Keldeo-Resolute|Hydro Pump|p1a: Excadrill
|-supereffective|p1a: Excadrill
|-damage|p1a: Excadrill|0 fnt
|faint|p1a: Excadrill
|
|
|switch|p1a: Gengar|Gengar, F|262\/262
|-damage|p1a: Gengar|230\/262|[from] Stealth Rock
|turn|16
|
|move|p2a: Keldeo-Resolute|Hydro Pump|p1a: Gengar
|-damage|p1a: Gengar|0 fnt
|faint|p1a: Gengar
|
|
|switch|p1a: Charizard|Charizard, M|359\/359
|-damage|p1a: Charizard|180\/359|[from] Stealth Rock
|turn|17
|
|detailschange|p1a: Charizard|Charizard-Mega-X, M
|message|Charizard has Mega Evolved into Mega Charizard!
|move|p2a: Keldeo-Resolute|Hydro Pump|p1a: Charizard
|-damage|p1a: Charizard|0 fnt
|faint|p1a: Charizard
|
|win|Snickered
|raw|Ladder updating...
|c|âPokemonIsHomo|hit hit hit
|leave|PokemonIsHomo
|player|p1
|raw|PokemonIsHomo's rating: 1332 &rarr; <strong>1312<\/strong><br \/>(-20 for losing)
|raw|Snickered's rating: 1329 &rarr; <strong>1350<\/strong><br \/>(+21 for winning)