|join|obliviatee
|join|Snickered
|player|p1|obliviatee|170
|player|p2|Snickered|34
|gametype|singles
|gen|6
|tier|OU
|rated
|clearpoke
|poke|p1|Conkeldurr, F
|poke|p1|Zapdos
|poke|p1|Quagsire, F
|poke|p1|Scizor, F
|poke|p1|Sylveon, F
|poke|p1|Mew
|poke|p2|Bisharp, M, shiny
|poke|p2|Keldeo-Resolute
|poke|p2|Landorus-Therian, M
|poke|p2|Gardevoir, F, shiny
|poke|p2|Rotom-Wash
|poke|p2|Scizor, M
|rule|Swagger Clause: Swagger is banned
|rule|Baton Pass Clause: Limit one PokÃ©mon knowing Baton Pass
|rule|Sleep Clause Mod: Limit one foe put to sleep
|rule|Species Clause: Limit one of each PokÃ©mon
|rule|OHKO Clause: OHKO moves are banned
|rule|Moody Clause: Moody is banned
|rule|Evasion Moves Clause: Evasion moves are banned
|rule|Endless Battle Clause: Forcing endless battles is banned
|rule|HP Percentage Mod: HP is shown in percentages
|teampreview
|
|start
|switch|p1a: Scizor|Scizor, F|344\/344
|switch|p2a: Scizor|Scizor, M|281\/281
|turn|1
|
|switch|p1a: Zapdos|Zapdos|383\/383
|-ability|p1a: Zapdos|Pressure
|move|p2a: Scizor|U-turn|p1a: Zapdos
|-resisted|p1a: Zapdos
|-damage|p1a: Zapdos|311\/383
|
|switch|p2a: Bisharp|Bisharp, M, shiny|271\/271
|
|-heal|p1a: Zapdos|334\/383|[from] item: Leftovers
|turn|2
|
|switch|p1a: Quagsire|Quagsire, F|394\/394
|move|p2a: Bisharp|Knock Off|p1a: Quagsire
|-damage|p1a: Quagsire|237\/394
|-enditem|p1a: Quagsire|Leftovers|[from] move: Knock Off|[of] p2a: Bisharp
|
|turn|3
|
|switch|p2a: Rotom-Wash|Rotom-Wash|250\/250
|move|p1a: Quagsire|Recover|p1a: Quagsire
|-heal|p1a: Quagsire|394\/394
|
|turn|4
|
|switch|p1a: Conkeldurr|Conkeldurr, F|351\/351
|move|p2a: Rotom-Wash|Will-O-Wisp|p1a: Conkeldurr
|-status|p1a: Conkeldurr|brn
|
|-damage|p1a: Conkeldurr|308\/351 brn|[from] brn
|turn|5
|
|switch|p2a: Landorus-Therian|Landorus-Therian, M|320\/320
|-ability|p2a: Landorus-Therian|Intimidate|[of] p1a: Conkeldurr
|-unboost|p1a: Conkeldurr|atk|1
|move|p1a: Conkeldurr|Ice Punch|p2a: Landorus-Therian
|-supereffective|p2a: Landorus-Therian
|-damage|p2a: Landorus-Therian|0 fnt
|faint|p2a: Landorus-Therian
|
|-damage|p1a: Conkeldurr|265\/351 brn|[from] brn
|
|switch|p2a: Gardevoir|Gardevoir, F, shiny|277\/277
|turn|6
|
|switch|p1a: Sylveon|Sylveon, F|394\/394
|detailschange|p2a: Gardevoir|Gardevoir-Mega, F, shiny
|message|Gardevoir has Mega Evolved into Mega Gardevoir!
|move|p2a: Gardevoir|Psyshock|p1a: Sylveon
|-damage|p1a: Sylveon|166\/394
|
|-heal|p1a: Sylveon|190\/394|[from] item: Leftovers
|turn|7
|
|move|p1a: Sylveon|Protect|p1a: Sylveon
|-singleturn|p1a: Sylveon|Protect
|move|p2a: Gardevoir|Psyshock|p1a: Sylveon
|-activate|p1a: Sylveon|Protect
|
|-heal|p1a: Sylveon|214\/394|[from] item: Leftovers
|turn|8
|
|switch|p1a: Scizor|Scizor, F|344\/344
|move|p2a: Gardevoir|Psyshock|p1a: Scizor
|-resisted|p1a: Scizor
|-damage|p1a: Scizor|271\/344
|
|turn|9
|
|switch|p2a: Scizor|Scizor, M|281\/281
|detailschange|p1a: Scizor|Scizor-Mega, F
|message|Scizor has Mega Evolved into Mega Scizor!
|move|p1a: Scizor|Bullet Punch|p2a: Scizor
|-resisted|p2a: Scizor
|-damage|p2a: Scizor|224\/281
|
|turn|10
|
|move|p2a: Scizor|U-turn|p1a: Scizor
|-resisted|p1a: Scizor
|-damage|p1a: Scizor|212\/344
|
|switch|p2a: Rotom-Wash|Rotom-Wash|250\/250
|move|p1a: Scizor|Roost|p1a: Scizor
|-heal|p1a: Scizor|344\/344
|
|turn|11
|
|switch|p1a: Mew|Mew|404\/404
|move|p2a: Rotom-Wash|Hydro Pump|p1a: Mew
|-damage|p1a: Mew|305\/404
|
|-heal|p1a: Mew|330\/404|[from] item: Leftovers
|turn|12
|
|switch|p2a: Scizor|Scizor, M|224\/281
|move|p1a: Mew|Stealth Rock|p2a: Scizor
|-sidestart|p2: Snickered|move: Stealth Rock
|
|-heal|p1a: Mew|355\/404|[from] item: Leftovers
|turn|13
|
|switch|p1a: Scizor|Scizor-Mega, F|344\/344
|move|p2a: Scizor|U-turn|p1a: Scizor
|-resisted|p1a: Scizor
|-damage|p1a: Scizor|282\/344
|
|switch|p2a: Bisharp|Bisharp, M, shiny|271\/271
|-damage|p2a: Bisharp|255\/271|[from] Stealth Rock
|
|turn|14
|
|move|p2a: Bisharp|Iron Head|p1a: Scizor
|-resisted|p1a: Scizor
|-damage|p1a: Scizor|238\/344
|move|p1a: Scizor|Superpower|p2a: Bisharp
|-supereffective|p2a: Bisharp
|-damage|p2a: Bisharp|0 fnt
|-unboost|p1a: Scizor|atk|1
|-unboost|p1a: Scizor|def|1
|faint|p2a: Bisharp
|
|
|switch|p2a: Rotom-Wash|Rotom-Wash|250\/250
|-damage|p2a: Rotom-Wash|219\/250|[from] Stealth Rock
|turn|15
|
|switch|p1a: Mew|Mew|355\/404
|move|p2a: Rotom-Wash|Hydro Pump|p1a: Mew
|-damage|p1a: Mew|250\/404
|
|-heal|p2a: Rotom-Wash|234\/250|[from] item: Leftovers
|-heal|p1a: Mew|275\/404|[from] item: Leftovers
|turn|16
|
|switch|p2a: Gardevoir|Gardevoir-Mega, F, shiny|277\/277
|-damage|p2a: Gardevoir|243\/277|[from] Stealth Rock
|move|p1a: Mew|Will-O-Wisp|p2a: Gardevoir
|-status|p2a: Gardevoir|brn
|
|-heal|p1a: Mew|300\/404|[from] item: Leftovers
|-damage|p2a: Gardevoir|209\/277 brn|[from] brn
|turn|17
|
|move|p2a: Gardevoir|Shadow Ball|p1a: Mew
|-supereffective|p1a: Mew
|-damage|p1a: Mew|116\/404
|move|p1a: Mew|Roost|p1a: Mew
|-heal|p1a: Mew|318\/404
|
|-heal|p1a: Mew|343\/404|[from] item: Leftovers
|-damage|p2a: Gardevoir|175\/277 brn|[from] brn
|turn|18
|
|move|p2a: Gardevoir|Hyper Voice|p1a: Mew
|-damage|p1a: Mew|133\/404
|move|p1a: Mew|Roost|p1a: Mew
|-heal|p1a: Mew|335\/404
|
|-heal|p1a: Mew|360\/404|[from] item: Leftovers
|-damage|p2a: Gardevoir|141\/277 brn|[from] brn
|turn|19
|
|move|p2a: Gardevoir|Psyshock|p1a: Mew
|-resisted|p1a: Mew
|-damage|p1a: Mew|282\/404
|move|p1a: Mew|Knock Off|p2a: Gardevoir
|-damage|p2a: Gardevoir|67\/277 brn
|
|-heal|p1a: Mew|307\/404|[from] item: Leftovers
|-damage|p2a: Gardevoir|33\/277 brn|[from] brn
|turn|20
|-message|Snickered forfeited.
|
|win|obliviatee
|raw|Ladder updating...
|raw|obliviatee's rating: 1666 &rarr; <strong>1679<\/strong><br \/>(+13 for winning)
|raw|Snickered's rating: 1542 &rarr; <strong>1529<\/strong><br \/>(-13 for losing)
|leave|Snickered
|player|p2