|join|jake5
|join|Snickered
|player|p1|jake5|290
|player|p2|Snickered|34
|gametype|singles
|gen|6
|tier|OU
|clearpoke
|poke|p1|Infernape, M, shiny
|poke|p1|Landorus-Therian, M, shiny
|poke|p1|Greninja, M, shiny
|poke|p1|Scizor, F, shiny
|poke|p1|Gengar, M, shiny
|poke|p1|Latias, F, shiny
|poke|p2|Diancie
|poke|p2|Landorus-Therian, M
|poke|p2|Greninja, M
|poke|p2|Rotom-Wash
|poke|p2|Talonflame, F
|poke|p2|Mamoswine, F
|rule|Swagger Clause: Swagger is banned
|rule|Baton Pass Clause: Limit one PokÃ©mon knowing Baton Pass
|rule|Sleep Clause Mod: Limit one foe put to sleep
|rule|Species Clause: Limit one of each PokÃ©mon
|rule|OHKO Clause: OHKO moves are banned
|rule|Moody Clause: Moody is banned
|rule|Evasion Moves Clause: Evasion moves are banned
|rule|Endless Battle Clause: Forcing endless battles is banned
|rule|HP Percentage Mod: HP is shown in percentages
|teampreview
|join|Rooo
|join|i came from leddit
|join|Endless Abyss
|c| Endless Abyss|the
|c| Endless Abyss|jake
|c| Endless Abyss|5
|c|âjake5|is that an rmt or something
|c|âjake5|eveyrone is spamming that team
|c| i came from leddit|jake
|c| i came from leddit|the boy
|
|start
|switch|p1a: Infernape|Infernape, M, shiny|293\/293
|switch|p2a: Rotom-Wash|Rotom-Wash|304\/304
|turn|1
|join|zZGhosty
|
|move|p1a: Infernape|Stealth Rock|p2a: Rotom-Wash
|-sidestart|p2: Snickered|move: Stealth Rock
|move|p2a: Rotom-Wash|Hydro Pump|p1a: Infernape
|-supereffective|p1a: Infernape
|-enditem|p1a: Infernape|Focus Sash
|-damage|p1a: Infernape|1\/293
|
|turn|2
|c| Endless Abyss|jake5 ur bad
|c| Endless Abyss|u can't say rude stuff
|c| Endless Abyss|like that
|c| Endless Abyss|if ur bad...
|raw|<div class="broadcast-red"><b>Moderated chat was set to +!<\/b><br \/>Only users of rank + and higher can talk.<\/div>
|
|move|p1a: Infernape|Close Combat|p2a: Rotom-Wash
|-damage|p2a: Rotom-Wash|177\/304
|-unboost|p1a: Infernape|def|1
|-unboost|p1a: Infernape|spd|1
|move|p2a: Rotom-Wash|Volt Switch|p1a: Infernape
|-damage|p1a: Infernape|0 fnt
|faint|p1a: Infernape
|join|Flo0ds
|
|switch|p2a: Landorus-Therian|Landorus-Therian, M|320\/320
|-damage|p2a: Landorus-Therian|280\/320|[from] Stealth Rock
|
|
|switch|p1a: Scizor|Scizor, F, shiny|311\/311
|turn|3
|
|detailschange|p1a: Scizor|Scizor-Mega, F, shiny
|message|Scizor has Mega Evolved into Mega Scizor!
|move|p2a: Landorus-Therian|U-turn|p1a: Scizor
|-resisted|p1a: Scizor
|-damage|p1a: Scizor|280\/311
|
|switch|p2a: Rotom-Wash|Rotom-Wash|177\/304
|-damage|p2a: Rotom-Wash|139\/304|[from] Stealth Rock
|move|p1a: Scizor|Swords Dance|p1a: Scizor
|-boost|p1a: Scizor|atk|2
|
|-heal|p2a: Rotom-Wash|158\/304|[from] item: Leftovers
|turn|4
|
|move|p1a: Scizor|Bug Bite|p2a: Rotom-Wash
|-damage|p2a: Rotom-Wash|0 fnt
|faint|p2a: Rotom-Wash
|
|join|Vogas
|join|Fr33dom n_n
|
|switch|p2a: Talonflame|Talonflame, F|298\/298
|-damage|p2a: Talonflame|149\/298|[from] Stealth Rock
|turn|5
|
|move|p1a: Scizor|Bullet Punch|p2a: Talonflame
|-resisted|p2a: Talonflame
|-damage|p2a: Talonflame|0 fnt
|faint|p2a: Talonflame
|
|c|âjake5|lol
|c|âSnickered|oh god
|
|switch|p2a: Mamoswine|Mamoswine, F|361\/361
|-damage|p2a: Mamoswine|316\/361|[from] Stealth Rock
|turn|6
|
|move|p1a: Scizor|Bullet Punch|p2a: Mamoswine
|-supereffective|p2a: Mamoswine
|-damage|p2a: Mamoswine|0 fnt
|faint|p2a: Mamoswine
|
|c|âSnickered|its gg
|c|âSnickered|i die to like everything lol
|
|switch|p2a: Greninja|Greninja, M|285\/285
|-damage|p2a: Greninja|250\/285|[from] Stealth Rock
|turn|7
|c|âjake5|is that an rmt btw?
|
|move|p1a: Scizor|Bullet Punch|p2a: Greninja
|-resisted|p2a: Greninja
|-damage|p2a: Greninja|64\/285
|move|p2a: Greninja|Dark Pulse|p1a: Scizor
|-start|p2a: Greninja|typechange|Dark|[from] Protean
|-damage|p1a: Scizor|120\/311
|-damage|p2a: Greninja|36\/285|[from] item: Life Orb
|
|turn|8
|c|âSnickered|rmt?
|
|switch|p2a: Landorus-Therian|Landorus-Therian, M|280\/320
|-damage|p2a: Landorus-Therian|240\/320|[from] Stealth Rock
|-ability|p2a: Landorus-Therian|Intimidate|[of] p1a: Scizor
|-unboost|p1a: Scizor|atk|1
|move|p1a: Scizor|Bullet Punch|p2a: Landorus-Therian
|-damage|p2a: Landorus-Therian|24\/320
|
|turn|9
|c|âjake5|your team
|leave|Vogas
|c|âSnickered|its rock polish
|
|move|p1a: Scizor|Bullet Punch|p2a: Landorus-Therian
|-damage|p2a: Landorus-Therian|0 fnt
|faint|p2a: Landorus-Therian
|
|
|switch|p2a: Greninja|Greninja, M|36\/285
|-damage|p2a: Greninja|1\/285|[from] Stealth Rock
|turn|10
|c|âjake5|lol i meant did you make that team
|c|âSnickered|mhm
|
|move|p1a: Scizor|Bullet Punch|p2a: Greninja
|-resisted|p2a: Greninja
|-damage|p2a: Greninja|0 fnt
|faint|p2a: Greninja
|
|c|âSnickered|why do you ask?
|
|switch|p2a: Diancie|Diancie|241\/241
|-damage|p2a: Diancie|211\/241|[from] Stealth Rock
|turn|11
|c|âjake5|because i've seen that team a lot
|join|Not A Gym Ldr
|c|âSnickered|oh
|c|âjake5|nayway w\/e gg
|c|âSnickered|weird
|
|detailschange|p2a: Diancie|Diancie-Mega
|message|Diancie has Mega Evolved into Mega Diancie!
|move|p1a: Scizor|Bullet Punch|p2a: Diancie
|-supereffective|p2a: Diancie
|-damage|p2a: Diancie|0 fnt
|faint|p2a: Diancie
|
|win|jake5
|c|âSnickered|its one of my own
|leave|jake5
|player|p1
|c|âSnickered|anyways gg
|leave|Snickered
|player|p2
|leave|Fr33dom n_n
|leave|i came from leddit