|join|Reverb
|join|Snickered
|player|p1|Reverb|#reverb
|player|p2|Snickered|34
|gametype|singles
|gen|6
|tier|OU
|rated
|clearpoke
|poke|p1|Tornadus-Therian, M
|poke|p1|Metagross
|poke|p1|Keldeo
|poke|p1|Landorus-Therian, M
|poke|p1|Rotom-Wash
|poke|p1|Clefable, M
|poke|p2|Gallade, M
|poke|p2|Ferrothorn, M
|poke|p2|Thundurus, M
|poke|p2|Slowbro, M
|poke|p2|Azelf
|poke|p2|Excadrill, F
|rule|Swagger Clause: Swagger is banned
|rule|Baton Pass Clause: Limit one PokÃ©mon knowing Baton Pass
|rule|Sleep Clause Mod: Limit one foe put to sleep
|rule|Species Clause: Limit one of each PokÃ©mon
|rule|OHKO Clause: OHKO moves are banned
|rule|Moody Clause: Moody is banned
|rule|Evasion Moves Clause: Evasion moves are banned
|rule|Endless Battle Clause: Forcing endless battles is banned
|rule|HP Percentage Mod: HP is shown in percentages
|teampreview
|c|âSnickered|glhf
|join|Ox the Box
|join|Squirrelll
|c|âReverb|u2
|
|start
|switch|p1a: Big Bird|Tornadus-Therian, M|299\/299
|switch|p2a: Tails|Azelf|291\/291
|turn|1
|join|Bloodz
|join|Mistaken
|join|Cienight
|
|move|p1a: Big Bird|Knock Off|p2a: Tails
|-supereffective|p2a: Tails
|-enditem|p2a: Tails|Focus Sash
|-damage|p2a: Tails|1\/291
|-damage|p1a: Big Bird|270\/299|[from] item: Life Orb
|move|p2a: Tails|Stealth Rock|p1a: Big Bird
|-sidestart|p1: Reverb|move: Stealth Rock
|
|turn|2
|join|WECAMEASROMANS
|
|switch|p2a: Paul|Slowbro, M|394\/394
|move|p1a: Big Bird|Knock Off|p2a: Paul
|-supereffective|p2a: Paul
|-damage|p2a: Paul|248\/394
|-enditem|p2a: Paul|Leftovers|[from] move: Knock Off|[of] p1a: Big Bird
|-damage|p1a: Big Bird|241\/299|[from] item: Life Orb
|
|turn|3
|
|move|p1a: Big Bird|Hurricane|p2a: Paul
|-damage|p2a: Paul|0 fnt
|-damage|p1a: Big Bird|212\/299|[from] item: Life Orb
|faint|p2a: Paul
|
|
|switch|p2a: The Rock|Thundurus, M|299\/299
|turn|4
|leave|WECAMEASROMANS
|join|CopyPast
|
|switch|p1a: Albert|Clefable, M|394\/394
|move|p2a: The Rock|Thunder Wave|p1a: Albert
|-status|p1a: Albert|par
|
|turn|5
|
|switch|p2a: Kaiba|Gallade, M|277\/277
|move|p1a: Albert|Flamethrower|p2a: Kaiba
|-damage|p2a: Kaiba|220\/277
|
|turn|6
|c|âReverb|kinda risky lel
|c|âSnickered|risk it for the biscuit
|c| Ox the Box|what was risky
|
|detailschange|p2a: Kaiba|Gallade-Mega, M
|-mega|p2a: Kaiba|Gallade|Galladite
|move|p2a: Kaiba|Zen Headbutt|p1a: Albert
|-damage|p1a: Albert|199\/394 par
|cant|p1a: Albert|par
|
|-heal|p1a: Albert|223\/394 par|[from] item: Leftovers
|turn|7
|c|âReverb|people who say that dont get laid tho
|c|âSnickered|or the vine, whatever you prefer.
|c|âSnickered|aha.
|
|switch|p1a: Tony|Landorus-Therian, M|367\/367
|-damage|p1a: Tony|322\/367|[from] Stealth Rock
|-ability|p1a: Tony|Intimidate|[of] p2a: Kaiba
|-unboost|p2a: Kaiba|atk|1
|move|p2a: Kaiba|Zen Headbutt|p1a: Tony
|-crit|p1a: Tony
|-damage|p1a: Tony|120\/367
|
|-heal|p1a: Tony|142\/367|[from] item: Leftovers
|turn|8
|c| Cienight|nice n haxy
|c| Cienight|my favourite
|c|âSnickered|oou
|c| Cienight|one more
|c| Cienight|crit
|
|move|p2a: Kaiba|Zen Headbutt|p1a: Tony
|-damage|p1a: Tony|54\/367
|cant|p1a: Tony|flinch
|
|-heal|p1a: Tony|76\/367|[from] item: Leftovers
|turn|9
|c|âSnickered|or flinch
|c|âReverb|....
|c| Cienight|that works too
|c|âSnickered|lucky and bad.
|
|move|p2a: Kaiba|Zen Headbutt|p1a: Tony
|-damage|p1a: Tony|0 fnt
|faint|p1a: Tony
|
|c| Cienight|this game sucks
|c|âSnickered|like my father
|
|switch|p1a: Big Bird|Tornadus-Therian, M|299\/299
|-damage|p1a: Big Bird|225\/299|[from] Stealth Rock
|turn|10
|
|switch|p2a: Tails|Azelf|1\/291
|move|p1a: Big Bird|Hurricane|p2a: Tails|[miss]
|-miss|p1a: Big Bird|p2a: Tails
|
|turn|11
|join|Jaajerie Absolue
|
|move|p1a: Big Bird|Knock Off|p2a: Tails
|-supereffective|p2a: Tails
|-damage|p2a: Tails|0 fnt
|-damage|p1a: Big Bird|196\/299|[from] item: Life Orb
|faint|p2a: Tails
|
|c|âSnickered|!data wide lends
No Pokemon, item, move, ability or nature named 'wide lends' was found. Showing the data of 'Wide Lens' instead.
|c|~|\/data-item Wide Lens

|c|âSnickered|!wide scope
|c| Ox the Box|snickered that team makes no sense
|c|âSnickered|!dt wide scope
No Pokemon, item, move, ability or nature named 'wide scope' was found. (Check your spelling?)
|c|âSnickered|eh
|c| Ox the Box|why do u have azelf lead with ferro and slowbro
|c|âSnickered|because idk
|c|âSnickered|I got here on the ladder somehow right
|c| Ox the Box|have u peaked #1 recently
|
|switch|p2a: The Rock|Thundurus, M|299\/299
|turn|12
|c|âSnickered|nope
|c|âSnickered|have you
|c| Ox the Box|ye
|c|âSnickered|nice
|c|âSnickered|I'm not good, I won't claim to be tbh lol
|c| Ox the Box|what happened to your mnega scizor + dual genies team
|c|âSnickered|me?
|join|Yuttt.mackerel
|c| Ox the Box|yes
|join|C1one
|
|switch|p1a: Albert|Clefable, M|223\/394 par
|move|p2a: The Rock|Thunderbolt|p1a: Albert
|-damage|p1a: Albert|36\/394 par
|-damage|p2a: The Rock|270\/299|[from] item: Life Orb
|
|-heal|p1a: Albert|60\/394 par|[from] item: Leftovers
|turn|13
|c| Ox the Box|was your main all through xy
|c|âReverb|great now thundy gets to come in for free thanks to that gallade gayness
|c|âSnickered|did you even now me lol?
|c| Ox the Box|yes'
|join|tbh js imo
|join|shermin vermin
|c| Ox the Box|u were teamsnickers
|c| Cienight|do you even now
|c|âSnickered|I think you're thinking of another snicker account tbh
|
|move|p2a: The Rock|Thunderbolt|p1a: Albert
|-crit|p1a: Albert
|-damage|p1a: Albert|0 fnt
|-damage|p2a: The Rock|241\/299|[from] item: Life Orb
|faint|p1a: Albert
|
|c|âSnickered|there's alot of us tbh
|c| Ox the Box|you are teamsnickers right
|c|âSnickered|nope
|c| Ox the Box|oh
|c| Ox the Box|;_;
|c|âSnickered|Ik him tho
|
|switch|p1a: Kyau|Rotom-Wash|303\/303
|-damage|p1a: Kyau|266\/303|[from] Stealth Rock
|turn|14
|c|âSnickered|lol
|leave|Jaajerie Absolue
|
|switch|p2a: Discus Forearm|Ferrothorn, M|352\/352
|move|p1a: Kyau|Hydro Pump|p2a: Discus Forearm
|-resisted|p2a: Discus Forearm
|-damage|p2a: Discus Forearm|289\/352
|
|-heal|p1a: Kyau|284\/303|[from] item: Leftovers
|-heal|p2a: Discus Forearm|311\/352|[from] item: Leftovers
|turn|15
|join|nathaaan
|c| Ox the Box|is he still active
|c|âSnickered|yeah
|c|âSnickered|I faced him yesterday
|
|move|p1a: Kyau|Will-O-Wisp|p2a: Discus Forearm|[miss]
|-miss|p1a: Kyau|p2a: Discus Forearm
|move|p2a: Discus Forearm|Leech Seed|p1a: Kyau
|-start|p1a: Kyau|move: Leech Seed
|
|-heal|p1a: Kyau|302\/303|[from] item: Leftovers
|-heal|p2a: Discus Forearm|333\/352|[from] item: Leftovers
|-damage|p1a: Kyau|265\/303|[from] Leech Seed|[of] p2a: Discus Forearm
|-heal|p2a: Discus Forearm|352\/352|[silent]
|turn|16
|c|âSnickered|I beat him, he's rusty as hell
|c|âReverb|omfg
|c|âSnickered|I'm really sorry reverb \/:
|c|âReverb|its not your fault
|c|âReverb|im really fucking pissed
|c|âSnickered|ik but still
|
|move|p1a: Kyau|Will-O-Wisp|p2a: Discus Forearm|[miss]
|-miss|p1a: Kyau|p2a: Discus Forearm
|move|p2a: Discus Forearm|Power Whip|p1a: Kyau
|-supereffective|p1a: Kyau
|-damage|p1a: Kyau|65\/303
|
|-heal|p1a: Kyau|83\/303|[from] item: Leftovers
|-damage|p1a: Kyau|46\/303|[from] Leech Seed|[of] p2a: Discus Forearm
|turn|17
|c|âReverb|not at you though
|c|âReverb|frfrcf
|c|âReverb|fe
|c|âReverb|vc
|c|âReverb|e
|c|âReverb|fuck this fucking shit
|c|âSnickered|:[
|c|âSnickered|I'd make a ray allen joke
|c|âReverb|dont
|join|such Guest
|c|âSnickered|but at this point it's ridiculous
|
|move|p1a: Kyau|Will-O-Wisp|p2a: Discus Forearm
|-status|p2a: Discus Forearm|brn
|move|p2a: Discus Forearm|Power Whip|p1a: Kyau
|-supereffective|p1a: Kyau
|-damage|p1a: Kyau|0 fnt
|faint|p1a: Kyau
|
|-damage|p2a: Discus Forearm|308\/352 brn|[from] brn
|c|âReverb|i dont watch proletarian sports anyway
|c|âSnickered|aha.
|
|switch|p1a: Paavo|Keldeo|323\/323
|-damage|p1a: Paavo|303\/323|[from] Stealth Rock
|turn|18
|leave|Ox the Box
|
|move|p1a: Paavo|Calm Mind|p1a: Paavo
|-boost|p1a: Paavo|spa|1
|-boost|p1a: Paavo|spd|1
|move|p2a: Discus Forearm|Power Whip|p1a: Paavo
|-supereffective|p1a: Paavo
|-damage|p1a: Paavo|169\/323
|
|-heal|p1a: Paavo|189\/323|[from] item: Leftovers
|-heal|p2a: Discus Forearm|330\/352 brn|[from] item: Leftovers
|-damage|p2a: Discus Forearm|286\/352 brn|[from] brn
|turn|19
|leave|shermin vermin
|
|move|p1a: Paavo|Secret Sword|p2a: Discus Forearm
|-supereffective|p2a: Discus Forearm
|-damage|p2a: Discus Forearm|4\/352 brn
|move|p2a: Discus Forearm|Power Whip|p1a: Paavo
|-supereffective|p1a: Paavo
|-damage|p1a: Paavo|39\/323
|
|-heal|p1a: Paavo|59\/323|[from] item: Leftovers
|-heal|p2a: Discus Forearm|26\/352 brn|[from] item: Leftovers
|-damage|p2a: Discus Forearm|0 fnt|[from] brn
|faint|p2a: Discus Forearm
|c|âReverb|and a minroll
|c|âReverb|nice
|
|switch|p2a: Kaiba|Gallade-Mega, M|220\/277
|turn|20
|c|âSnickered|Ik it's not in my control
|c|âSnickered|But I still pretty bad
|join|Pyrogon
|
|move|p2a: Kaiba|Knock Off|p1a: Paavo
|-resisted|p1a: Paavo
|-damage|p1a: Paavo|0 fnt
|-enditem|p1a: Paavo|Leftovers|[from] move: Knock Off|[of] p2a: Kaiba
|faint|p1a: Paavo
|
|
|switch|p1a: Jono|Metagross|301\/301
|-damage|p1a: Jono|283\/301|[from] Stealth Rock
|turn|21
|join|Ox the Box
|c|âReverb|just dont save the replay
|c|âReverb|~_~
|
|detailschange|p1a: Jono|Metagross-Mega
|-mega|p1a: Jono|Metagross|Metagrossite
|move|p2a: Kaiba|Close Combat|p1a: Jono
|-damage|p1a: Jono|114\/301
|-unboost|p2a: Kaiba|def|1
|-unboost|p2a: Kaiba|spd|1
|move|p1a: Jono|Meteor Mash|p2a: Kaiba
|-damage|p2a: Kaiba|0 fnt
|faint|p2a: Kaiba
|
|c|âSnickered|I don't lol no worries
|c| Bloodz|\/me saves replay
|
|switch|p2a: The Rock|Thundurus, M|241\/299
|turn|22
|c| Ox the Box|^
|
|move|p2a: The Rock|Thunderbolt|p1a: Jono
|-damage|p1a: Jono|0 fnt
|-damage|p2a: The Rock|212\/299|[from] item: Life Orb
|faint|p1a: Jono
|
|c| Ox the Box|crit confuse
|
|switch|p1a: Big Bird|Tornadus-Therian, M|295\/299
|-damage|p1a: Big Bird|221\/299|[from] Stealth Rock
|turn|23
|c|âSnickered|i always forget this things name
|c|âSnickered|i call it flytherian
|c|âReverb|he's gonna twave anyway
|c| Bloodz|Tornanus
|c| Bloodz|ez
|
|move|p2a: The Rock|Thunder Wave|p1a: Big Bird
|-status|p1a: Big Bird|par
|move|p1a: Big Bird|Heat Wave|p2a: The Rock
|-crit|p2a: The Rock
|-damage|p2a: The Rock|0 fnt
|-damage|p1a: Big Bird|192\/299 par|[from] item: Life Orb
|faint|p2a: The Rock
|
|c| Ox the Box|ooooo
|c| Bloodz|heh
|c|âSnickered|demn
|c| Ox the Box|miss rock slide
|c|âSnickered|lmao
|
|switch|p2a: Yeet|Excadrill, F|361\/361
|-ability|p2a: Yeet|Mold Breaker
|turn|24
|c|âSnickered|I mean
|c|âSnickered|I could iron head
|c| Ox the Box|doesn't kill
|c|âReverb|shut up
|c| Bloodz|he's max def bold
|c|âReverb|dont tell him that
|join|Luffy Trillen
|c|âSnickered|lmao
|c|âSnickered|i calced
|
|move|p2a: Yeet|Rock Slide|p1a: Big Bird
|-supereffective|p1a: Big Bird
|-damage|p1a: Big Bird|0 fnt
|faint|p1a: Big Bird
|
|win|Snickered
|raw|Ladder updating...
|c| Ox the Box|yeah
|c| Ox the Box|he calced
|c|âReverb|dont say gg
|c|âSnickered|anyways thanks for being a good sport
|c| Ox the Box|gg buddy
|join|DragonTamer99
|c|âReverb|~_~
|c|âSnickered|sorry for the hax
|c| Bloodz|ox
|c| Ox the Box|mind if i save replay
|c|âReverb|it' k
|c| Bloodz|do it
Ox the Box was banned by Reverb. (try)
|unlink|hide|oxthebox
|leave|Ox the Box
|c|âSnickered|lol ox
|raw|Reverb's rating: 1738 &rarr; <strong>1714<\/strong><br \/>(-24 for losing)
|raw|Snickered's rating: 1664 &rarr; <strong>1688<\/strong><br \/>(+24 for winning)
|c|âSnickered|lmfao
|leave|Bloodz
|join|snickersserperior
|leave|Reverb
|c|âSnickered|her serps
|c|âSnickered|hey*
|leave|such Guest
|c| snickersserperior|snickered
|player|p1
|c| snickersserperior|ayyy
|c|âSnickered|ye?
|leave|Luffy Trillen
|c| snickersserperior|\/me finds blood buddy
|c| snickersserperior|lol
|c| snickersserperior|http:\/\/play.pokemonshowdown.com\/battle-ou-205871453 i  changed da team
|c|âSnickered|msg me in chat
|leave|snickersserperior
|leave|tbh js imo
|leave|CopyPast