|join|Paul Pown
|join|Snickered
|player|p1|Paul Pown|293
|player|p2|Snickered|34
|gametype|singles
|gen|6
|tier|OU
|rated
|clearpoke
|poke|p1|Sylveon, M, shiny
|poke|p1|Charizard, M
|poke|p1|Excadrill, F
|poke|p1|Ferrothorn, M
|poke|p1|Espeon, M
|poke|p1|Tyranitar, M
|poke|p2|Gallade, M
|poke|p2|Ferrothorn, M
|poke|p2|Thundurus, M
|poke|p2|Slowbro, M
|poke|p2|Azelf
|poke|p2|Excadrill, F
|rule|Swagger Clause: Swagger is banned
|rule|Baton Pass Clause: Limit one PokÃ©mon knowing Baton Pass
|rule|Sleep Clause Mod: Limit one foe put to sleep
|rule|Species Clause: Limit one of each PokÃ©mon
|rule|OHKO Clause: OHKO moves are banned
|rule|Moody Clause: Moody is banned
|rule|Evasion Moves Clause: Evasion moves are banned
|rule|Endless Battle Clause: Forcing endless battles is banned
|rule|HP Percentage Mod: HP is shown in percentages
|teampreview
|c|âSnickered|glhf
|c|âPaul Pown|you too
|
|start
|switch|p1a: hug me|Ferrothorn, M|352\/352
|switch|p2a: Azelf|Azelf|291\/291
|turn|1
|
|move|p2a: Azelf|Fire Blast|p1a: hug me
|-supereffective|p1a: hug me
|-damage|p1a: hug me|0 fnt
|faint|p1a: hug me
|
|
|switch|p1a: Tyranitar|Tyranitar, M|404\/404
|-weather|Sandstorm
|turn|2
|
|move|p2a: Azelf|Stealth Rock|p1a: Tyranitar
|-sidestart|p1: Paul Pown|move: Stealth Rock
|move|p1a: Tyranitar|Pursuit|p2a: Azelf
|-crit|p2a: Azelf
|-supereffective|p2a: Azelf
|-damage|p2a: Azelf|45\/291
|
|-weather|Sandstorm|[upkeep]
|-damage|p2a: Azelf|27\/291|[from] sandstorm
|turn|3
|
|move|p2a: Azelf|Fire Blast|p1a: Tyranitar
|-resisted|p1a: Tyranitar
|-damage|p1a: Tyranitar|371\/404
|move|p1a: Tyranitar|Pursuit|p2a: Azelf
|-crit|p2a: Azelf
|-supereffective|p2a: Azelf
|-damage|p2a: Azelf|0 fnt
|faint|p2a: Azelf
|
|-weather|Sandstorm|[upkeep]
|-heal|p1a: Tyranitar|396\/404|[from] item: Leftovers
|
|switch|p2a: Gallade|Gallade, M|277\/277
|turn|4
|
|switch|p1a: Blue Waffle|Sylveon, M, shiny|331\/331
|-damage|p1a: Blue Waffle|290\/331|[from] Stealth Rock
|detailschange|p2a: Gallade|Gallade-Mega, M
|-mega|p2a: Gallade|Gallade|Galladite
|move|p2a: Gallade|Close Combat|p1a: Blue Waffle
|-resisted|p1a: Blue Waffle
|-damage|p1a: Blue Waffle|113\/331
|-unboost|p2a: Gallade|def|1
|-unboost|p2a: Gallade|spd|1
|
|-weather|Sandstorm|[upkeep]
|-damage|p1a: Blue Waffle|93\/331|[from] sandstorm
|-damage|p2a: Gallade|260\/277|[from] sandstorm
|turn|5
|
|move|p1a: Blue Waffle|Hyper Voice|p2a: Gallade
|-supereffective|p2a: Gallade
|-damage|p2a: Gallade|0 fnt
|faint|p2a: Gallade
|
|-weather|Sandstorm|[upkeep]
|-damage|p1a: Blue Waffle|73\/331|[from] sandstorm
|c|âSnickered|scarfed
|c|âPaul Pown|lolololol
|c|âSnickered|I honestly was like
|c|âSnickered|theres no way
|c|âPaul Pown|No one ever sees it coming
|c|âSnickered|Idk why I expected it
|
|switch|p2a: Excadrill|Excadrill, F|361\/361
|-ability|p2a: Excadrill|Mold Breaker
|turn|6
|c|âSnickered|but I knew I should have switched
|c|âPaul Pown|yeah
|
|move|p2a: Excadrill|Iron Head|p1a: Blue Waffle
|-supereffective|p1a: Blue Waffle
|-damage|p1a: Blue Waffle|0 fnt
|faint|p1a: Blue Waffle
|
|-weather|none
|c|âPaul Pown|It outspeeds non-scarfed base 110 mons
|
|switch|p1a: rocks|Charizard, M|297\/297
|-damage|p1a: rocks|149\/297|[from] Stealth Rock
|turn|7
|
|switch|p2a: Slowbro|Slowbro, M|394\/394
|detailschange|p1a: rocks|Charizard-Mega-Y, M
|-mega|p1a: rocks|Charizard|Charizardite Y
|-weather|SunnyDay
|move|p1a: rocks|Flamethrower|p2a: Slowbro
|-resisted|p2a: Slowbro
|-damage|p2a: Slowbro|214\/394
|
|-weather|SunnyDay|[upkeep]
|-heal|p2a: Slowbro|238\/394|[from] item: Leftovers
|turn|8
|
|move|p1a: rocks|Solar Beam|p2a: Slowbro|[still]
|-prepare|p1a: rocks|Solar Beam|p2a: Slowbro
|-anim|p1a: rocks|Solar Beam|p2a: Slowbro
|-supereffective|p2a: Slowbro
|-damage|p2a: Slowbro|0 fnt
|faint|p2a: Slowbro
|
|-weather|SunnyDay|[upkeep]
|c|âPaul Pown|That's actually the first time I ever got to use that sylveon
|c|âSnickered|that's good
|c|âPaul Pown|Made this team in a hurry last night but I had to go to bed right after
|
|switch|p2a: Thundurus|Thundurus, M|299\/299
|turn|9
|
|switch|p2a: Ferrothorn|Ferrothorn, M|352\/352
|switch|p1a: GUACA|Excadrill, F|361\/361
|-damage|p1a: GUACA|350\/361|[from] Stealth Rock
|-ability|p1a: GUACA|Mold Breaker
|
|-weather|SunnyDay|[upkeep]
|turn|10
|
|move|p1a: GUACA|Rapid Spin|p2a: Ferrothorn
|-resisted|p2a: Ferrothorn
|-damage|p2a: Ferrothorn|345\/352
|-damage|p1a: GUACA|305\/361|[from] ability: Iron Barbs|[of] p2a: Ferrothorn
|-sideend|p1: Paul Pown|Stealth Rock|[from] move: Rapid Spin|[of] p1a: GUACA
|move|p2a: Ferrothorn|Leech Seed|p1a: GUACA
|-start|p1a: GUACA|move: Leech Seed
|
|-weather|SunnyDay|[upkeep]
|-heal|p2a: Ferrothorn|352\/352|[from] item: Leftovers
|-damage|p1a: GUACA|260\/361|[from] Leech Seed|[of] p2a: Ferrothorn
|turn|11
|
|switch|p1a: rocks|Charizard-Mega-Y, M|149\/297
|move|p2a: Ferrothorn|Power Whip|p1a: rocks
|-resisted|p1a: rocks
|-damage|p1a: rocks|110\/297
|
|-weather|none
|turn|12
|c|âPaul Pown|Ok something else dies now
|c|âPaul Pown|I love this thing so much
|
|move|p1a: rocks|Flamethrower|p2a: Ferrothorn
|-supereffective|p2a: Ferrothorn
|-damage|p2a: Ferrothorn|0 fnt
|faint|p2a: Ferrothorn
|
|
|switch|p2a: Thundurus|Thundurus, M|299\/299
|turn|13
|
|switch|p1a: GUACA|Excadrill, F|260\/361
|-ability|p1a: GUACA|Mold Breaker
|move|p2a: Thundurus|Thunderbolt|p1a: GUACA
|-immune|p1a: GUACA|[msg]
|
|turn|14
|
|move|p2a: Thundurus|Focus Blast|p1a: GUACA
|-supereffective|p1a: GUACA
|-damage|p1a: GUACA|0 fnt
|-damage|p2a: Thundurus|270\/299|[from] item: Life Orb
|faint|p1a: GUACA
|
|
|switch|p1a: touched mohit|Espeon, M|271\/271
|turn|15
|
|move|p2a: Thundurus|Thunderbolt|p1a: touched mohit
|-damage|p1a: touched mohit|59\/271
|-damage|p2a: Thundurus|241\/299|[from] item: Life Orb
|move|p1a: touched mohit|Psyshock|p2a: Thundurus
|-damage|p2a: Thundurus|0 fnt
|-damage|p1a: touched mohit|32\/271|[from] item: Life Orb
|faint|p2a: Thundurus
|
|c|âPaul Pown|gg bro
|
|switch|p2a: Excadrill|Excadrill, F|361\/361
|-ability|p2a: Excadrill|Mold Breaker
|turn|16
|c|âSnickered|well
|c|âSnickered|I mean
|c|âPaul Pown|unless
|c|âSnickered|If I literally flinch uto death
|c|âSnickered|thats a thing
|c|âSnickered|lol
|c|âPaul Pown|yeah
|c|âPaul Pown|scarfed?
|c|âSnickered|yup.
|
|move|p2a: Excadrill|Iron Head|p1a: touched mohit
|-crit|p1a: touched mohit
|-damage|p1a: touched mohit|0 fnt
|faint|p1a: touched mohit
|
|c|âPaul Pown|i losd
|c|âPaul Pown|lose
|c|âSnickered|well
|c|âSnickered|depends if i can flinch
|c|âPaul Pown|yeah
|
|switch|p1a: Tyranitar|Tyranitar, M|396\/404
|-weather|Sandstorm
|turn|17
|c|âPaul Pown|mohit
|c|âSnickered|Flinch.
|c|âPaul Pown|come on
|
|move|p2a: Excadrill|Iron Head|p1a: Tyranitar
|-supereffective|p1a: Tyranitar
|-damage|p1a: Tyranitar|126\/404
|cant|p1a: Tyranitar|flinch
|
|-weather|Sandstorm|[upkeep]
|-heal|p1a: Tyranitar|151\/404|[from] item: Leftovers
|turn|18
|c|âPaul Pown|fuck you
|c|âSnickered|I'm the hax god
|
|move|p2a: Excadrill|Iron Head|p1a: Tyranitar
|-supereffective|p1a: Tyranitar
|-damage|p1a: Tyranitar|0 fnt
|faint|p1a: Tyranitar
|
|-weather|Sandstorm|[upkeep]
|
|switch|p1a: rocks|Charizard-Mega-Y, M|110\/297
|-weather|SunnyDay
|turn|19
|
|move|p2a: Excadrill|Iron Head|p1a: rocks
|-resisted|p1a: rocks
|-damage|p1a: rocks|23\/297
|cant|p1a: rocks|flinch
|
|-weather|SunnyDay|[upkeep]
|turn|20
|c|âSnickered|flinch?
|c|âSnickered|flinch.
|c|âPaul Pown|V:?:KVH;'ljbtfLHVGVD2NJXBZALKVCNMNSXJMNCNVhkugX
|c|âSnickered|I'm actually really sorry
|c|âSnickered|I've actually flinched a mega gara before to death from full at -1 att
|c|âPaul Pown|Then be a decent person fucking 9%
|c|âSnickered|8 flinches in a row
|
|move|p2a: Excadrill|Iron Head|p1a: rocks
|-resisted|p1a: rocks
|-damage|p1a: rocks|0 fnt
|faint|p1a: rocks
|
|win|Snickered
|raw|Ladder updating...
|raw|Paul Pown's rating: 1421 &rarr; <strong>1400<\/strong><br \/>(-21 for losing)
|raw|Snickered's rating: 1400 &rarr; <strong>1421<\/strong><br \/>(+21 for winning)
|leave|Paul Pown