|join|Snickered
|join|Nightstorm52
|player|p1|Snickered|34
|player|p2|Nightstorm52|1
|gametype|singles
|gen|6
|tier|OU
|rated
|clearpoke
|poke|p1|Gallade, M
|poke|p1|Ferrothorn, M
|poke|p1|Thundurus, M
|poke|p1|Slowbro, M
|poke|p1|Azelf
|poke|p1|Excadrill, M
|poke|p2|Landorus-Therian, M
|poke|p2|Dragonite, M
|poke|p2|Latios, M, shiny
|poke|p2|Clefable, M, shiny
|poke|p2|Sableye, F
|poke|p2|Ferrothorn, M
|rule|Swagger Clause: Swagger is banned
|rule|Baton Pass Clause: Limit one PokÃ©mon knowing Baton Pass
|rule|Sleep Clause Mod: Limit one foe put to sleep
|rule|Species Clause: Limit one of each PokÃ©mon
|rule|OHKO Clause: OHKO moves are banned
|rule|Moody Clause: Moody is banned
|rule|Evasion Moves Clause: Evasion moves are banned
|rule|Endless Battle Clause: Forcing endless battles is banned
|rule|HP Percentage Mod: HP is shown in percentages
|teampreview
|
|start
|switch|p1a: Thundurus|Thundurus, M|299\/299
|switch|p2a: Ghoul|Sableye, F|303\/303
|turn|1
|
|detailschange|p2a: Ghoul|Sableye-Mega, F
|-mega|p2a: Ghoul|Sableye|Sablenite
|move|p1a: Thundurus|Thunderbolt|p2a: Ghoul
|-damage|p2a: Ghoul|157\/303
|-status|p2a: Ghoul|par
|-damage|p1a: Thundurus|270\/299|[from] item: Life Orb
|move|p2a: Ghoul|Toxic|p1a: Thundurus
|-status|p1a: Thundurus|tox
|
|-damage|p1a: Thundurus|252\/299 tox|[from] psn
|turn|2
|
|switch|p2a: I'mPrickly|Ferrothorn, M|352\/352
|move|p1a: Thundurus|Thunderbolt|p2a: I'mPrickly
|-resisted|p2a: I'mPrickly
|-damage|p2a: I'mPrickly|275\/352
|-damage|p1a: Thundurus|223\/299 tox|[from] item: Life Orb
|
|-heal|p2a: I'mPrickly|297\/352|[from] item: Leftovers
|-damage|p1a: Thundurus|187\/299 tox|[from] psn
|turn|3
|
|switch|p1a: Azelf|Azelf|291\/291
|switch|p2a: Officer Tubbs|Clefable, M, shiny|393\/393
|
|turn|4
|
|move|p1a: Azelf|Stealth Rock|p2a: Officer Tubbs
|-sidestart|p2: Nightstorm52|move: Stealth Rock
|move|p2a: Officer Tubbs|Calm Mind|p2a: Officer Tubbs
|-boost|p2a: Officer Tubbs|spa|1
|-boost|p2a: Officer Tubbs|spd|1
|
|turn|5
|
|move|p1a: Azelf|Psyshock|p2a: Officer Tubbs
|-damage|p2a: Officer Tubbs|275\/393
|move|p2a: Officer Tubbs|Flamethrower|p1a: Azelf
|-damage|p1a: Azelf|159\/291
|
|-heal|p2a: Officer Tubbs|299\/393|[from] item: Leftovers
|turn|6
|
|move|p1a: Azelf|Psyshock|p2a: Officer Tubbs
|-damage|p2a: Officer Tubbs|185\/393
|move|p2a: Officer Tubbs|Soft-Boiled|p2a: Officer Tubbs
|-heal|p2a: Officer Tubbs|382\/393
|
|-heal|p2a: Officer Tubbs|393\/393|[from] item: Leftovers
|turn|7
|
|move|p1a: Azelf|Psyshock|p2a: Officer Tubbs
|-damage|p2a: Officer Tubbs|270\/393
|move|p2a: Officer Tubbs|Calm Mind|p2a: Officer Tubbs
|-boost|p2a: Officer Tubbs|spa|1
|-boost|p2a: Officer Tubbs|spd|1
|
|-heal|p2a: Officer Tubbs|294\/393|[from] item: Leftovers
|turn|8
|
|move|p1a: Azelf|Psyshock|p2a: Officer Tubbs
|-damage|p2a: Officer Tubbs|171\/393
|move|p2a: Officer Tubbs|Soft-Boiled|p2a: Officer Tubbs
|-heal|p2a: Officer Tubbs|368\/393
|
|-heal|p2a: Officer Tubbs|392\/393|[from] item: Leftovers
|turn|9
|
|move|p1a: Azelf|Psyshock|p2a: Officer Tubbs
|-damage|p2a: Officer Tubbs|259\/393
|move|p2a: Officer Tubbs|Calm Mind|p2a: Officer Tubbs
|-boost|p2a: Officer Tubbs|spa|1
|-boost|p2a: Officer Tubbs|spd|1
|
|-heal|p2a: Officer Tubbs|283\/393|[from] item: Leftovers
|turn|10
|
|move|p1a: Azelf|Psyshock|p2a: Officer Tubbs
|-damage|p2a: Officer Tubbs|166\/393
|move|p2a: Officer Tubbs|Soft-Boiled|p2a: Officer Tubbs
|-heal|p2a: Officer Tubbs|363\/393
|
|-heal|p2a: Officer Tubbs|387\/393|[from] item: Leftovers
|turn|11
|
|move|p1a: Azelf|Psyshock|p2a: Officer Tubbs
|-damage|p2a: Officer Tubbs|272\/393
|move|p2a: Officer Tubbs|Calm Mind|p2a: Officer Tubbs
|-boost|p2a: Officer Tubbs|spa|1
|-boost|p2a: Officer Tubbs|spd|1
|
|-heal|p2a: Officer Tubbs|296\/393|[from] item: Leftovers
|turn|12
|
|switch|p1a: Excadrill|Excadrill, M|361\/361
|-ability|p1a: Excadrill|Mold Breaker
|move|p2a: Officer Tubbs|Soft-Boiled|p2a: Officer Tubbs
|-heal|p2a: Officer Tubbs|393\/393
|
|turn|13
|
|move|p1a: Excadrill|Iron Head|p2a: Officer Tubbs
|-supereffective|p2a: Officer Tubbs
|-damage|p2a: Officer Tubbs|153\/393
|move|p2a: Officer Tubbs|Flamethrower|p1a: Excadrill
|-supereffective|p1a: Excadrill
|-damage|p1a: Excadrill|0 fnt
|faint|p1a: Excadrill
|
|-heal|p2a: Officer Tubbs|177\/393|[from] item: Leftovers
|c|âSnickered|I think I lost to this
|c|âSnickered|gg
|c|âNightstorm52|gg
|-message|Snickered forfeited.
|leave|Snickered
|
|win|Nightstorm52
|raw|Ladder updating...
|player|p1