|join|Snickered
|join|CleanerThanRotom-W
|join|Alldaalts
|join|WaltrWite
|join|allinu
|join|2spoopy4u
|player|p1|Snickered|34
|player|p2|CleanerThanRotom-W|226
|gametype|singles
|gen|6
|tier|OU (suspect test)
|clearpoke
|poke|p1|Gallade, M
|poke|p1|Ferrothorn, M
|poke|p1|Thundurus, M
|poke|p1|Slowbro, M
|poke|p1|Azelf
|poke|p1|Excadrill, F
|poke|p2|Bisharp, F
|poke|p2|Venusaur, F
|poke|p2|Heatran, M
|poke|p2|Keldeo
|poke|p2|Chansey, F
|poke|p2|Skarmory, F
|rule|Swagger Clause: Swagger is banned
|rule|Baton Pass Clause: Limit one PokÃ©mon knowing Baton Pass
|rule|Sleep Clause Mod: Limit one foe put to sleep
|rule|Species Clause: Limit one of each PokÃ©mon
|rule|OHKO Clause: OHKO moves are banned
|rule|Moody Clause: Moody is banned
|rule|Evasion Moves Clause: Evasion moves are banned
|rule|Endless Battle Clause: Forcing endless battles is banned
|rule|HP Percentage Mod: HP is shown in percentages
|teampreview
|join|SmashBrosBrawl
|join|Supaaa
|c|âSnickered|merp
|join|boom bye yeah
|c|âCleanerThanRotom-W|...
|
|start
|switch|p1a: Azelf|Azelf|291\/291
|switch|p2a: lusty leddit|Bisharp, F|334\/334
|turn|1
|
|move|p1a: Azelf|Fire Blast|p2a: lusty leddit
|-supereffective|p2a: lusty leddit
|-damage|p2a: lusty leddit|0 fnt
|faint|p2a: lusty leddit
|
|c|âSnickered|boop.
|
|switch|p2a: Heatran|Heatran, M|340\/340
|-item|p2a: Heatran|Air Balloon
|turn|2
|leave|WaltrWite
|join|TheObsessed
|
|switch|p1a: Gallade|Gallade, M|277\/277
|move|p2a: Heatran|Fire Blast|p1a: Gallade
|-damage|p1a: Gallade|126\/277
|
|turn|3
|
|switch|p2a: muh hazards|Skarmory, F|334\/334
|detailschange|p1a: Gallade|Gallade-Mega, M
|-mega|p1a: Gallade|Gallade|Galladite
|move|p1a: Gallade|Close Combat|p2a: muh hazards
|-damage|p2a: muh hazards|180\/334
|-damage|p1a: Gallade|80\/277|[from] item: Rocky Helmet|[of] p2a: muh hazards
|-unboost|p1a: Gallade|def|1
|-unboost|p1a: Gallade|spd|1
|
|turn|4
|join|ChameArt
|
|switch|p1a: Azelf|Azelf|291\/291
|move|p2a: muh hazards|Roost|p2a: muh hazards
|-heal|p2a: muh hazards|334\/334
|
|turn|5
|
|switch|p2a: Heatran|Heatran, M|340\/340
|-item|p2a: Heatran|Air Balloon
|move|p1a: Azelf|Stealth Rock|p2a: Heatran
|-sidestart|p2: CleanerThanRotom-W|move: Stealth Rock
|
|turn|6
|
|switch|p1a: Slowbro|Slowbro, M|394\/394
|move|p2a: Heatran|Stealth Rock|p1a: Slowbro
|-sidestart|p1: Snickered|move: Stealth Rock
|
|turn|7
|
|move|p2a: Heatran|Toxic|p1a: Slowbro
|-status|p1a: Slowbro|tox
|move|p1a: Slowbro|Thunder Wave|p2a: Heatran
|-status|p2a: Heatran|par
|
|-damage|p1a: Slowbro|370\/394 tox|[from] psn
|turn|8
|
|switch|p2a: NOT IN MAH HOUSE|Chansey, F|684\/684
|-damage|p2a: NOT IN MAH HOUSE|599\/684|[from] Stealth Rock
|move|p1a: Slowbro|Scald|p2a: NOT IN MAH HOUSE
|-damage|p2a: NOT IN MAH HOUSE|545\/684
|
|-heal|p1a: Slowbro|394\/394 tox|[from] item: Leftovers
|-damage|p1a: Slowbro|346\/394 tox|[from] psn
|turn|9
|
|switch|p1a: Ferrothorn|Ferrothorn, M|352\/352
|-damage|p1a: Ferrothorn|330\/352|[from] Stealth Rock
|move|p2a: NOT IN MAH HOUSE|Aromatherapy|p2a: NOT IN MAH HOUSE
|-cureteam|p2a: NOT IN MAH HOUSE|[from] move: Aromatherapy
|
|-heal|p1a: Ferrothorn|352\/352|[from] item: Leftovers
|turn|10
|join|Myliltony
|
|switch|p2a: muh hazards|Skarmory, F|334\/334
|-damage|p2a: muh hazards|293\/334|[from] Stealth Rock
|move|p1a: Ferrothorn|Leech Seed|p2a: muh hazards
|-start|p2a: muh hazards|move: Leech Seed
|
|-damage|p2a: muh hazards|252\/334|[from] Leech Seed|[of] p1a: Ferrothorn
|turn|11
|
|switch|p1a: Gallade|Gallade-Mega, M|80\/277
|-damage|p1a: Gallade|63\/277|[from] Stealth Rock
|move|p2a: muh hazards|Spikes|p1a: Gallade
|-sidestart|p1: Snickered|Spikes
|
|-damage|p2a: muh hazards|211\/334|[from] Leech Seed|[of] p1a: Gallade
|-heal|p1a: Gallade|104\/277|[silent]
|turn|12
|join|TheUberTherian
|join|Quizzart
|
|move|p1a: Gallade|Skill Swap|p2a: muh hazards
|-activate|p1a: Gallade|move: Skill Swap|Sturdy|Inner Focus|[of] p2a: muh hazards
|move|p2a: muh hazards|Brave Bird|p1a: Gallade
|-supereffective|p1a: Gallade
|-damage|p1a: Gallade|0 fnt
|-damage|p2a: muh hazards|177\/334|[from] recoil|[of] p1a: Gallade
|faint|p1a: Gallade
|
|join|i came from leddit
|c|âSnickered|bruh
|c| i came from leddit|go cleaner!
|c| i came from leddit|nice play snickered
|c|âSnickered|i pressed cancel
|c|âSnickered|w.e
|
|switch|p1a: Excadrill|Excadrill, F|361\/361
|-damage|p1a: Excadrill|350\/361|[from] Stealth Rock
|-damage|p1a: Excadrill|305\/361|[from] Spikes
|-ability|p1a: Excadrill|Mold Breaker
|turn|13
|leave|Myliltony
|
|switch|p2a: My little jake|Keldeo|324\/324
|-damage|p2a: My little jake|304\/324|[from] Stealth Rock
|move|p1a: Excadrill|Rapid Spin|p2a: My little jake
|-damage|p2a: My little jake|279\/324
|-sideend|p1: Snickered|Spikes|[from] move: Rapid Spin|[of] p1a: Excadrill
|-sideend|p1: Snickered|Stealth Rock|[from] move: Rapid Spin|[of] p1a: Excadrill
|
|-heal|p2a: My little jake|299\/324|[from] item: Leftovers
|turn|14
|
|switch|p1a: Slowbro|Slowbro, M|394\/394 tox
|move|p2a: My little jake|Scald|p1a: Slowbro
|-crit|p1a: Slowbro
|-resisted|p1a: Slowbro
|-damage|p1a: Slowbro|269\/394 tox
|
|-heal|p2a: My little jake|319\/324|[from] item: Leftovers
|-heal|p1a: Slowbro|293\/394 tox|[from] item: Leftovers
|-damage|p1a: Slowbro|269\/394 tox|[from] psn
|turn|15
|
|move|p2a: My little jake|Calm Mind|p2a: My little jake
|-boost|p2a: My little jake|spa|1
|-boost|p2a: My little jake|spd|1
|move|p1a: Slowbro|Psyshock|p2a: My little jake
|-supereffective|p2a: My little jake
|-damage|p2a: My little jake|103\/324
|
|-heal|p2a: My little jake|123\/324|[from] item: Leftovers
|-heal|p1a: Slowbro|293\/394 tox|[from] item: Leftovers
|-damage|p1a: Slowbro|245\/394 tox|[from] psn
|turn|16
|
|switch|p2a: Venusaur'ed what e|Venusaur, F|364\/364
|-damage|p2a: Venusaur'ed what e|319\/364|[from] Stealth Rock
|move|p1a: Slowbro|Psyshock|p2a: Venusaur'ed what e
|-supereffective|p2a: Venusaur'ed what e
|-damage|p2a: Venusaur'ed what e|175\/364
|
|-heal|p1a: Slowbro|269\/394 tox|[from] item: Leftovers
|-damage|p1a: Slowbro|197\/394 tox|[from] psn
|turn|17
|join|TheJJay
|leave|TheJJay
|
|switch|p1a: Ferrothorn|Ferrothorn, M|352\/352
|detailschange|p2a: Venusaur'ed what e|Venusaur-Mega, F
|-mega|p2a: Venusaur'ed what e|Venusaur|Venusaurite
|move|p2a: Venusaur'ed what e|Synthesis|p2a: Venusaur'ed what e
|-heal|p2a: Venusaur'ed what e|357\/364
|
|turn|18
|
|move|p2a: Venusaur'ed what e|Hidden Power|p1a: Ferrothorn
|-supereffective|p1a: Ferrothorn
|-damage|p1a: Ferrothorn|168\/352
|move|p1a: Ferrothorn|Gyro Ball|p2a: Venusaur'ed what e
|-damage|p2a: Venusaur'ed what e|278\/364
|
|-heal|p1a: Ferrothorn|190\/352|[from] item: Leftovers
|turn|19
|leave|2spoopy4u
|
|switch|p1a: Azelf|Azelf|291\/291
|move|p2a: Venusaur'ed what e|Hidden Power|p1a: Azelf
|-damage|p1a: Azelf|219\/291
|
|turn|20
|
|switch|p2a: Heatran|Heatran, M|340\/340
|-damage|p2a: Heatran|298\/340|[from] Stealth Rock
|-item|p2a: Heatran|Air Balloon
|move|p1a: Azelf|Psyshock|p2a: Heatran
|-resisted|p2a: Heatran
|-damage|p2a: Heatran|241\/340
|-enditem|p2a: Heatran|Air Balloon
|
|turn|21
|
|switch|p1a: Slowbro|Slowbro, M|328\/394 tox
|move|p2a: Heatran|Stealth Rock|p1a: Slowbro
|-sidestart|p1: Snickered|move: Stealth Rock
|
|-heal|p1a: Slowbro|352\/394 tox|[from] item: Leftovers
|-damage|p1a: Slowbro|328\/394 tox|[from] psn
|turn|22
|
|switch|p2a: NOT IN MAH HOUSE|Chansey, F|545\/684
|-damage|p2a: NOT IN MAH HOUSE|460\/684|[from] Stealth Rock
|move|p1a: Slowbro|Scald|p2a: NOT IN MAH HOUSE
|-damage|p2a: NOT IN MAH HOUSE|403\/684
|
|-heal|p1a: Slowbro|352\/394 tox|[from] item: Leftovers
|-damage|p1a: Slowbro|304\/394 tox|[from] psn
|turn|23
|join|AdvanceShip
|join|smdufgt
|c| TheUberTherian|the stall
|c| TheUberTherian|is real
|
|switch|p2a: Venusaur'ed what e|Venusaur-Mega, F|278\/364
|-damage|p2a: Venusaur'ed what e|233\/364|[from] Stealth Rock
|switch|p1a: Excadrill|Excadrill, F|305\/361
|-damage|p1a: Excadrill|294\/361|[from] Stealth Rock
|-ability|p1a: Excadrill|Mold Breaker
|
|turn|24
|join|Too much swog
|c|âSnickered|im lagging
|
|move|p1a: Excadrill|Earthquake|p2a: Venusaur'ed what e
|-damage|p2a: Venusaur'ed what e|115\/364
|move|p2a: Venusaur'ed what e|Giga Drain|p1a: Excadrill
|-damage|p1a: Excadrill|144\/361
|-heal|p2a: Venusaur'ed what e|190\/364|[from] drain|[of] p1a: Excadrill
|
|turn|25
|c|âSnickered|whys my timer going down i picked a move
|
|move|p1a: Excadrill|Earthquake|p2a: Venusaur'ed what e
|-damage|p2a: Venusaur'ed what e|70\/364
|move|p2a: Venusaur'ed what e|Synthesis|p2a: Venusaur'ed what e
|-heal|p2a: Venusaur'ed what e|252\/364
|
|turn|26
|c| TheUberTherian|its lag
|c|âSnickered|its being stupid
|
|switch|p1a: Azelf|Azelf|219\/291
|-damage|p1a: Azelf|183\/291|[from] Stealth Rock
|move|p2a: Venusaur'ed what e|Giga Drain|p1a: Azelf
|-damage|p1a: Azelf|47\/291
|-heal|p2a: Venusaur'ed what e|320\/364|[from] drain|[of] p1a: Azelf
|
|turn|27
|join|Teremiare
|
|move|p1a: Azelf|Psyshock|p2a: Venusaur'ed what e
|-supereffective|p2a: Venusaur'ed what e
|-damage|p2a: Venusaur'ed what e|134\/364
|move|p2a: Venusaur'ed what e|Giga Drain|p1a: Azelf
|-damage|p1a: Azelf|0 fnt
|-heal|p2a: Venusaur'ed what e|158\/364|[from] drain|[of] p1a: Azelf
|faint|p1a: Azelf
|
|
|switch|p1a: Thundurus|Thundurus, M|299\/299
|-damage|p1a: Thundurus|225\/299|[from] Stealth Rock
|turn|28
|
|move|p1a: Thundurus|Thunder Wave|p2a: Venusaur'ed what e
|-status|p2a: Venusaur'ed what e|par
|move|p2a: Venusaur'ed what e|Synthesis|p2a: Venusaur'ed what e
|-heal|p2a: Venusaur'ed what e|340\/364 par
|
|turn|29
|
|move|p1a: Thundurus|Hidden Power|p2a: Venusaur'ed what e
|-supereffective|p2a: Venusaur'ed what e
|-damage|p2a: Venusaur'ed what e|262\/364 par
|-damage|p1a: Thundurus|196\/299|[from] item: Life Orb
|move|p2a: Venusaur'ed what e|Leech Seed|p1a: Thundurus
|-start|p1a: Thundurus|move: Leech Seed
|
|-damage|p1a: Thundurus|159\/299|[from] Leech Seed|[of] p2a: Venusaur'ed what e
|-heal|p2a: Venusaur'ed what e|299\/364 par|[silent]
|turn|30
|
|switch|p1a: Ferrothorn|Ferrothorn, M|190\/352
|-damage|p1a: Ferrothorn|168\/352|[from] Stealth Rock
|move|p2a: Venusaur'ed what e|Giga Drain|p1a: Ferrothorn
|-resisted|p1a: Ferrothorn
|-damage|p1a: Ferrothorn|144\/352
|-heal|p2a: Venusaur'ed what e|311\/364 par|[from] drain|[of] p1a: Ferrothorn
|
|-heal|p1a: Ferrothorn|166\/352|[from] item: Leftovers
|turn|31
|
|switch|p1a: Excadrill|Excadrill, F|144\/361
|-damage|p1a: Excadrill|133\/361|[from] Stealth Rock
|-ability|p1a: Excadrill|Mold Breaker
|move|p2a: Venusaur'ed what e|Hidden Power|p1a: Excadrill
|-crit|p1a: Excadrill
|-supereffective|p1a: Excadrill
|-damage|p1a: Excadrill|0 fnt
|faint|p1a: Excadrill
|
|c| TheUberTherian|its gg
|c|âSnickered|yeah
|c| TheUberTherian|mega vena stalls
|c|âCleanerThanRotom-W|boop.
|c|âSnickered|If i didnt misplay gallade then maybe i had a chance
|leave|boom bye yeah
|
|switch|p1a: Thundurus|Thundurus, M|159\/299
|-damage|p1a: Thundurus|85\/299|[from] Stealth Rock
|turn|32
|
|move|p1a: Thundurus|Focus Blast|p2a: Venusaur'ed what e
|-resisted|p2a: Venusaur'ed what e
|-damage|p2a: Venusaur'ed what e|238\/364 par
|-damage|p1a: Thundurus|56\/299|[from] item: Life Orb
|cant|p2a: Venusaur'ed what e|par
|
|turn|33
|join|amg
|
|move|p1a: Thundurus|Hidden Power|p2a: Venusaur'ed what e
|-supereffective|p2a: Venusaur'ed what e
|-damage|p2a: Venusaur'ed what e|163\/364 par
|-damage|p1a: Thundurus|27\/299|[from] item: Life Orb
|move|p2a: Venusaur'ed what e|Synthesis|p2a: Venusaur'ed what e
|-heal|p2a: Venusaur'ed what e|345\/364 par
|
|turn|34
|
|move|p1a: Thundurus|Hidden Power|p2a: Venusaur'ed what e
|-supereffective|p2a: Venusaur'ed what e
|-damage|p2a: Venusaur'ed what e|272\/364 par
|-damage|p1a: Thundurus|0 fnt|[from] item: Life Orb
|faint|p1a: Thundurus
|move|p2a: Venusaur'ed what e|Synthesis|p2a: Venusaur'ed what e
|-heal|p2a: Venusaur'ed what e|364\/364 par
|
|join|orei
|leave|Alldaalts
|
|switch|p1a: Ferrothorn|Ferrothorn, M|166\/352
|-damage|p1a: Ferrothorn|144\/352|[from] Stealth Rock
|turn|35
|leave|allinu
|
|move|p2a: Venusaur'ed what e|Hidden Power|p1a: Ferrothorn
|-supereffective|p1a: Ferrothorn
|-damage|p1a: Ferrothorn|0 fnt
|faint|p1a: Ferrothorn
|
|c|âSnickered|that's game. boop
|
|switch|p1a: Slowbro|Slowbro, M|394\/394 tox
|-damage|p1a: Slowbro|345\/394 tox|[from] Stealth Rock
|turn|36
|
|move|p1a: Slowbro|Psyshock|p2a: Venusaur'ed what e
|-supereffective|p2a: Venusaur'ed what e
|-damage|p2a: Venusaur'ed what e|242\/364 par
|cant|p2a: Venusaur'ed what e|par
|
|-heal|p1a: Slowbro|369\/394 tox|[from] item: Leftovers
|-damage|p1a: Slowbro|345\/394 tox|[from] psn
|turn|37
|
|move|p1a: Slowbro|Psyshock|p2a: Venusaur'ed what e
|-supereffective|p2a: Venusaur'ed what e
|-damage|p2a: Venusaur'ed what e|114\/364 par
|move|p2a: Venusaur'ed what e|Giga Drain|p1a: Slowbro
|-supereffective|p1a: Slowbro
|-damage|p1a: Slowbro|91\/394 tox
|-heal|p2a: Venusaur'ed what e|241\/364 par|[from] drain|[of] p1a: Slowbro
|
|-heal|p1a: Slowbro|115\/394 tox|[from] item: Leftovers
|-damage|p1a: Slowbro|67\/394 tox|[from] psn
|turn|38
|
|move|p1a: Slowbro|Psyshock|p2a: Venusaur'ed what e
|-supereffective|p2a: Venusaur'ed what e
|-damage|p2a: Venusaur'ed what e|119\/364 par
|move|p2a: Venusaur'ed what e|Giga Drain|p1a: Slowbro
|-supereffective|p1a: Slowbro
|-damage|p1a: Slowbro|0 fnt
|-heal|p2a: Venusaur'ed what e|153\/364 par|[from] drain|[of] p1a: Slowbro
|faint|p1a: Slowbro
|
|win|CleanerThanRotom-W
|c| i came from leddit|rip
|leave|CleanerThanRotom-W
|leave|i came from leddit
|leave|Snickered
|leave|TheUberTherian