|join|Z23Adster
|join|UrNemesis357
|player|p1|Z23Adster|266
|player|p2|UrNemesis357|144
|gametype|singles
|gen|6
|tier|UU
|rated
|rule|Sleep Clause Mod: Limit one foe put to sleep
|rule|Species Clause: Limit one of each PokÃ©mon
|rule|OHKO Clause: OHKO moves are banned
|rule|Moody Clause: Moody is banned
|rule|Evasion Moves Clause: Evasion moves are banned
|rule|Endless Battle Clause: Forcing endless battles is banned
|rule|HP Percentage Mod: HP is shown in percentages
|clearpoke
|poke|p1|Entei, shiny
|poke|p1|Slowking, M
|poke|p1|Beedrill, M
|poke|p1|Donphan, F
|poke|p1|Hydreigon, F
|poke|p1|Jirachi, shiny
|poke|p2|Alakazam, M
|poke|p2|Gligar, F
|poke|p2|Whimsicott, M
|poke|p2|Chandelure, F
|poke|p2|Hydreigon, F, shiny
|poke|p2|Mienshao, F
|rule|Swagger Clause: Swagger is banned
|rule|Baton Pass Clause: Limit one PokÃ©mon knowing Baton Pass
|teampreview
|
|start
|switch|p1a: Slowking|Slowking, M|394\/394
|switch|p2a: Pirouetta|Mienshao, F|271\/271
|turn|1
|
|switch|p1a: Donphan|Donphan, F|384\/384
|move|p2a: Pirouetta|U-turn|p1a: Donphan
|-damage|p1a: Donphan|330\/384
|
|switch|p2a: Medusa|Hydreigon, F, shiny|325\/325
|
|-heal|p1a: Donphan|354\/384|[from] item: Leftovers
|turn|2
|
|switch|p1a: Slowking|Slowking, M|394\/394
|move|p2a: Medusa|Dark Pulse|p1a: Slowking
|-supereffective|p1a: Slowking
|-damage|p1a: Slowking|183\/394
|-damage|p2a: Medusa|293\/325|[from] item: Life Orb
|
|turn|3
|
|switch|p1a: Entei|Entei, shiny|372\/372
|-ability|p1a: Entei|Pressure
|move|p2a: Medusa|Draco Meteor|p1a: Entei
|-damage|p1a: Entei|4\/372
|-unboost|p2a: Medusa|spa|2
|-damage|p2a: Medusa|261\/325|[from] item: Life Orb
|
|turn|4
|
|switch|p2a: Ride the Wind|Whimsicott, M|261\/261
|switch|p1a: Slowking|Slowking, M|314\/394
|
|turn|5
|
|move|p2a: Ride the Wind|U-turn|p1a: Slowking
|-supereffective|p1a: Slowking
|-damage|p1a: Slowking|224\/394
|
|switch|p2a: Wandering Souls|Chandelure, F|297\/297
|move|p1a: Slowking|Ice Beam|p2a: Wandering Souls
|-resisted|p2a: Wandering Souls
|-damage|p2a: Wandering Souls|246\/297
|
|turn|6
|
|switch|p1a: Hydreigon|Hydreigon, F|325\/325
|move|p2a: Wandering Souls|Shadow Ball|p1a: Hydreigon
|-resisted|p1a: Hydreigon
|-damage|p1a: Hydreigon|182\/325
|
|turn|7
|
|switch|p1a: Beedrill|Beedrill, M|271\/271
|switch|p2a: Gligar|Gligar, F|334\/334
|
|turn|8
|
|detailschange|p1a: Beedrill|Beedrill-Mega, M
|-mega|p1a: Beedrill|Beedrill|Beedrillite
|move|p1a: Beedrill|Knock Off|p2a: Gligar
|-damage|p2a: Gligar|243\/334
|-enditem|p2a: Gligar|Eviolite|[from] move: Knock Off|[of] p1a: Beedrill
|move|p2a: Gligar|Earthquake|p1a: Beedrill
|-damage|p1a: Beedrill|87\/271
|
|turn|9
|
|move|p1a: Beedrill|U-turn|p2a: Gligar
|-resisted|p2a: Gligar
|-damage|p2a: Gligar|154\/334
|
|switch|p1a: Slowking|Slowking, M|355\/394
|move|p2a: Gligar|Stealth Rock|p1a: Slowking
|-sidestart|p1: Z23Adster|move: Stealth Rock
|
|turn|10
|
|move|p2a: Gligar|U-turn|p1a: Slowking
|-supereffective|p1a: Slowking
|-damage|p1a: Slowking|249\/394
|
|switch|p2a: Pirouetta|Mienshao, F|271\/271
|move|p1a: Slowking|Scald|p2a: Pirouetta
|-crit|p2a: Pirouetta
|-damage|p2a: Pirouetta|0 fnt
|faint|p2a: Pirouetta
|
|c|âUrNemesis357|nice
|c|âZ23Adster|O_o
|c|âZ23Adster|soory
|
|switch|p2a: Wandering Souls|Chandelure, F|246\/297
|turn|11
|
|switch|p1a: Entei|Entei, shiny|4\/372
|-damage|p1a: Entei|0 fnt|[from] Stealth Rock
|faint|p1a: Entei
|move|p2a: Wandering Souls|Shadow Ball|p1: Entei|[notarget]
|-notarget
|
|
|switch|p1a: Beedrill|Beedrill-Mega, M|87\/271
|-damage|p1a: Beedrill|20\/271|[from] Stealth Rock
|turn|12
|
|switch|p2a: Gligar|Gligar, F|154\/334
|move|p1a: Beedrill|Knock Off|p2a: Gligar
|-damage|p2a: Gligar|68\/334
|
|turn|13
|
|switch|p2a: Ride the Wind|Whimsicott, M|261\/261
|move|p1a: Beedrill|Knock Off|p2a: Ride the Wind
|-resisted|p2a: Ride the Wind
|-damage|p2a: Ride the Wind|186\/261
|-enditem|p2a: Ride the Wind|Leftovers|[from] move: Knock Off|[of] p1a: Beedrill
|
|turn|14
|
|move|p2a: Ride the Wind|Encore|p1a: Beedrill
|-start|p1a: Beedrill|Encore
|move|p1a: Beedrill|Knock Off|p2a: Ride the Wind
|-resisted|p2a: Ride the Wind
|-damage|p2a: Ride the Wind|131\/261
|
|turn|15
|
|switch|p1a: Jirachi|Jirachi, shiny|341\/341
|-damage|p1a: Jirachi|320\/341|[from] Stealth Rock
|move|p2a: Ride the Wind|U-turn|p1a: Jirachi
|-damage|p1a: Jirachi|283\/341
|
|switch|p2a: Wandering Souls|Chandelure, F|246\/297
|
|-heal|p1a: Jirachi|304\/341|[from] item: Leftovers
|turn|16
|
|move|p1a: Jirachi|Psyshock|p2a: Wandering Souls
|-damage|p2a: Wandering Souls|110\/297
|move|p2a: Wandering Souls|Shadow Ball|p1a: Jirachi
|-crit|p1a: Jirachi
|-supereffective|p1a: Jirachi
|-damage|p1a: Jirachi|0 fnt
|faint|p1a: Jirachi
|
|
|switch|p1a: Hydreigon|Hydreigon, F|182\/325
|-damage|p1a: Hydreigon|142\/325|[from] Stealth Rock
|turn|17
|
|switch|p2a: Gligar|Gligar, F|68\/334
|move|p1a: Hydreigon|Dark Pulse|p2a: Gligar
|-damage|p2a: Gligar|0 fnt
|-damage|p1a: Hydreigon|110\/325|[from] item: Life Orb
|faint|p2a: Gligar
|
|
|switch|p2a: Ride the Wind|Whimsicott, M|131\/261
|turn|18
|
|move|p2a: Ride the Wind|U-turn|p1a: Hydreigon
|-supereffective|p1a: Hydreigon
|-damage|p1a: Hydreigon|38\/325
|
|switch|p2a: Wandering Souls|Chandelure, F|110\/297
|move|p1a: Hydreigon|Iron Tail|p2a: Wandering Souls|[miss]
|-miss|p1a: Hydreigon|p2a: Wandering Souls
|
|turn|19
|
|switch|p2a: Ride the Wind|Whimsicott, M|131\/261
|move|p1a: Hydreigon|Dark Pulse|p2a: Ride the Wind
|-resisted|p2a: Ride the Wind
|-damage|p2a: Ride the Wind|35\/261
|-damage|p1a: Hydreigon|6\/325|[from] item: Life Orb
|
|turn|20
|
|move|p2a: Ride the Wind|Giga Drain|p1a: Hydreigon
|-resisted|p1a: Hydreigon
|-damage|p1a: Hydreigon|0 fnt
|-heal|p2a: Ride the Wind|38\/261|[from] drain|[of] p1a: Hydreigon
|faint|p1a: Hydreigon
|
|
|switch|p1a: Donphan|Donphan, F|354\/384
|-damage|p1a: Donphan|330\/384|[from] Stealth Rock
|turn|21
|
|switch|p2a: Omniscient|Alakazam, M|291\/291
|move|p1a: Donphan|Earthquake|p2a: Omniscient
|-damage|p2a: Omniscient|21\/291
|
|-heal|p1a: Donphan|354\/384|[from] item: Leftovers
|turn|22
|
|switch|p2a: Wandering Souls|Chandelure, F|110\/297
|move|p1a: Donphan|Rapid Spin|p2a: Wandering Souls
|-immune|p2a: Wandering Souls|[msg]
|
|-heal|p1a: Donphan|378\/384|[from] item: Leftovers
|turn|23
|
|switch|p1a: Beedrill|Beedrill-Mega, M|20\/271
|-damage|p1a: Beedrill|0 fnt|[from] Stealth Rock
|faint|p1a: Beedrill
|move|p2a: Wandering Souls|Energy Ball|p1: Beedrill|[notarget]
|-notarget
|
|
|switch|p1a: Slowking|Slowking, M|380\/394
|-damage|p1a: Slowking|331\/394|[from] Stealth Rock
|turn|24
|
|switch|p2a: Ride the Wind|Whimsicott, M|38\/261
|move|p1a: Slowking|Scald|p2a: Ride the Wind
|-resisted|p2a: Ride the Wind
|-damage|p2a: Ride the Wind|0 fnt
|faint|p2a: Ride the Wind
|
|
|switch|p2a: Omniscient|Alakazam, M|21\/291
|turn|25
|
|detailschange|p2a: Omniscient|Alakazam-Mega, M
|-mega|p2a: Omniscient|Alakazam|Alakazite
|-ability|p2a: Omniscient|Regenerator|[from] ability: Trace|[of] p1a: Slowking
|move|p2a: Omniscient|Shadow Ball|p1a: Slowking
|-supereffective|p1a: Slowking
|-damage|p1a: Slowking|173\/394
|move|p1a: Slowking|Scald|p2a: Omniscient
|-damage|p2a: Omniscient|0 fnt
|faint|p2a: Omniscient
|
|
|switch|p2a: Medusa|Hydreigon, F, shiny|261\/325
|turn|26
|
|move|p2a: Medusa|Dark Pulse|p1a: Slowking
|-crit|p1a: Slowking
|-supereffective|p1a: Slowking
|-damage|p1a: Slowking|0 fnt
|-damage|p2a: Medusa|229\/325|[from] item: Life Orb
|faint|p1a: Slowking
|
|
|switch|p1a: Donphan|Donphan, F|378\/384
|-damage|p1a: Donphan|354\/384|[from] Stealth Rock
|turn|27
|
|move|p2a: Medusa|Draco Meteor|p1a: Donphan
|-damage|p1a: Donphan|0 fnt
|-unboost|p2a: Medusa|spa|2
|-damage|p2a: Medusa|197\/325|[from] item: Life Orb
|faint|p1a: Donphan
|
|win|UrNemesis357
|raw|Ladder updating...
|raw|Z23Adster's rating: 1407 &rarr; <strong>1389<\/strong><br \/>(-18 for losing)
|raw|UrNemesis357's rating: 1434 &rarr; <strong>1453<\/strong><br \/>(+19 for winning)
|c|âZ23Adster|gg
|c|âUrNemesis357|gg