|join|UrNemesis357
|join|Mikey C
|player|p1|UrNemesis357|144
|player|p2|Mikey C|12
|gametype|singles
|gen|6
|tier|UU
|rated
|rule|Sleep Clause Mod: Limit one foe put to sleep
|rule|Species Clause: Limit one of each PokÃ©mon
|rule|OHKO Clause: OHKO moves are banned
|rule|Moody Clause: Moody is banned
|rule|Evasion Moves Clause: Evasion moves are banned
|rule|Endless Battle Clause: Forcing endless battles is banned
|rule|HP Percentage Mod: HP is shown in percentages
|clearpoke
|poke|p1|Cresselia, F
|poke|p1|Milotic, M
|poke|p1|Pidgeot, M
|poke|p1|Raikou
|poke|p1|Nidoqueen, F
|poke|p1|Lucario, M
|poke|p2|Crobat, F, shiny
|poke|p2|Darmanitan, F
|poke|p2|Krookodile, F
|poke|p2|Blastoise, F, shiny
|poke|p2|Honchkrow, F
|poke|p2|Jirachi
|rule|Swagger Clause: Swagger is banned
|rule|Baton Pass Clause: Limit one PokÃ©mon knowing Baton Pass
|teampreview
|
|start
|switch|p1a: Pidgeot|Pidgeot, M|307\/307
|switch|p2a: Krookodile|Krookodile, F|394\/394
|-ability|p2a: Krookodile|Intimidate|[of] p1a: Pidgeot
|-unboost|p1a: Pidgeot|atk|1
|turn|1
|
|detailschange|p1a: Pidgeot|Pidgeot-Mega, M
|-mega|p1a: Pidgeot|Pidgeot|Pidgeotite
|move|p1a: Pidgeot|Hurricane|p2a: Krookodile
|-damage|p2a: Krookodile|187\/394
|-start|p2a: Krookodile|confusion
|-activate|p2a: Krookodile|confusion
|-damage|p2a: Krookodile|137\/394|[from] confusion
|
|-heal|p2a: Krookodile|161\/394|[from] item: Leftovers
|turn|2
|
|switch|p2a: Jirachi|Jirachi|342\/342
|move|p1a: Pidgeot|Hurricane|p2a: Jirachi
|-resisted|p2a: Jirachi
|-damage|p2a: Jirachi|237\/342
|
|turn|3
|
|move|p2a: Jirachi|Body Slam|p1a: Pidgeot
|-damage|p1a: Pidgeot|190\/307
|-status|p1a: Pidgeot|par
|move|p1a: Pidgeot|U-turn|p2a: Jirachi
|-damage|p2a: Jirachi|208\/342
|
|switch|p1a: Nidoqueen|Nidoqueen, F|342\/342
|
|turn|4
|
|move|p2a: Jirachi|Body Slam|p1a: Nidoqueen
|-damage|p1a: Nidoqueen|257\/342
|-status|p1a: Nidoqueen|par
|cant|p1a: Nidoqueen|par
|
|-heal|p1a: Nidoqueen|278\/342 par|[from] item: Black Sludge
|turn|5
|c|âUrNemesis357|fuck you
|
|switch|p2a: Blastoise|Blastoise, F, shiny|362\/362
|cant|p1a: Nidoqueen|par
|
|-heal|p1a: Nidoqueen|299\/342 par|[from] item: Black Sludge
|turn|6
|c|âUrNemesis357|fucking perfect
|
|switch|p1a: Milotic|Milotic, M|394\/394
|detailschange|p2a: Blastoise|Blastoise-Mega, F, shiny
|-mega|p2a: Blastoise|Blastoise|Blastoisinite
|move|p2a: Blastoise|Water Pulse|p1a: Milotic
|-crit|p1a: Milotic
|-resisted|p1a: Milotic
|-damage|p1a: Milotic|297\/394
|
|-heal|p1a: Milotic|321\/394|[from] item: Leftovers
|turn|7
|
|switch|p2a: Jirachi|Jirachi|208\/342
|move|p1a: Milotic|Scald|p2a: Jirachi
|-crit|p2a: Jirachi
|-damage|p2a: Jirachi|75\/342
|-status|p2a: Jirachi|brn
|
|-heal|p1a: Milotic|345\/394|[from] item: Leftovers
|-damage|p2a: Jirachi|33\/342 brn|[from] brn
|turn|8
|
|switch|p1a: Nidoqueen|Nidoqueen, F|299\/342 par
|move|p2a: Jirachi|Body Slam|p1a: Nidoqueen
|-damage|p1a: Nidoqueen|261\/342 par
|
|-heal|p1a: Nidoqueen|282\/342 par|[from] item: Black Sludge
|-damage|p2a: Jirachi|0 fnt|[from] brn
|faint|p2a: Jirachi
|
|switch|p2a: Krookodile|Krookodile, F|161\/394
|-ability|p2a: Krookodile|Intimidate|[of] p1a: Nidoqueen
|-unboost|p1a: Nidoqueen|atk|1
|turn|9
|
|move|p2a: Krookodile|Stealth Rock|p1a: Nidoqueen
|-sidestart|p1: UrNemesis357|move: Stealth Rock
|move|p1a: Nidoqueen|Stealth Rock|p2a: Krookodile
|-sidestart|p2: Mikey C|move: Stealth Rock
|
|-heal|p2a: Krookodile|185\/394|[from] item: Leftovers
|-heal|p1a: Nidoqueen|303\/342 par|[from] item: Black Sludge
|turn|10
|
|move|p2a: Krookodile|Knock Off|p1a: Nidoqueen
|-damage|p1a: Nidoqueen|164\/342 par
|-enditem|p1a: Nidoqueen|Black Sludge|[from] move: Knock Off|[of] p2a: Krookodile
|cant|p1a: Nidoqueen|par
|
|-heal|p2a: Krookodile|209\/394|[from] item: Leftovers
|turn|11
|
|move|p2a: Krookodile|Earthquake|p1a: Nidoqueen
|-supereffective|p1a: Nidoqueen
|-damage|p1a: Nidoqueen|0 fnt
|faint|p1a: Nidoqueen
|
|-heal|p2a: Krookodile|233\/394|[from] item: Leftovers
|
|switch|p1a: Lucario|Lucario, M|281\/281
|-damage|p1a: Lucario|273\/281|[from] Stealth Rock
|turn|12
|
|switch|p2a: Crobat|Crobat, F, shiny|312\/312
|-damage|p2a: Crobat|234\/312|[from] Stealth Rock
|move|p1a: Lucario|Close Combat|p2a: Crobat
|-resisted|p2a: Crobat
|-damage|p2a: Crobat|156\/312
|-unboost|p1a: Lucario|def|1
|-unboost|p1a: Lucario|spd|1
|-damage|p1a: Lucario|245\/281|[from] item: Life Orb
|
|turn|13
|
|move|p2a: Crobat|Brave Bird|p1a: Lucario
|-damage|p1a: Lucario|0 fnt
|-damage|p2a: Crobat|75\/312|[from] recoil|[of] p1a: Lucario
|faint|p1a: Lucario
|
|
|switch|p1a: Raikou|Raikou|321\/321
|-damage|p1a: Raikou|281\/321|[from] Stealth Rock
|-ability|p1a: Raikou|Pressure
|turn|14
|
|move|p2a: Crobat|U-turn|p1a: Raikou
|-damage|p1a: Raikou|193\/321
|
|switch|p2a: Krookodile|Krookodile, F|233\/394
|-damage|p2a: Krookodile|209\/394|[from] Stealth Rock
|-ability|p2a: Krookodile|Intimidate|[of] p1a: Raikou
|-unboost|p1a: Raikou|atk|1
|move|p1a: Raikou|Thunderbolt|p2a: Krookodile
|-immune|p2a: Krookodile|[msg]
|
|-heal|p2a: Krookodile|233\/394|[from] item: Leftovers
|turn|15
|
|move|p1a: Raikou|Hidden Power|p2a: Krookodile
|-supereffective|p2a: Krookodile
|-damage|p2a: Krookodile|93\/394
|move|p2a: Krookodile|Knock Off|p1a: Raikou
|-damage|p1a: Raikou|0 fnt
|-enditem|p1a: Raikou|Assault Vest|[from] move: Knock Off|[of] p2a: Krookodile
|faint|p1a: Raikou
|
|-heal|p2a: Krookodile|117\/394|[from] item: Leftovers
|-message|UrNemesis357 forfeited.
|
|win|Mikey C
|raw|Ladder updating...
|leave|UrNemesis357
|player|p1
|raw|UrNemesis357's rating: 1484 &rarr; <strong>1459<\/strong><br \/>(-25 for losing)
|raw|Mikey C's rating: 1393 &rarr; <strong>1418<\/strong><br \/>(+25 for winning)