|join|UrNemesis357
|join|MichaelWeston
|player|p1|UrNemesis357|144
|player|p2|MichaelWeston|260
|gametype|singles
|gen|6
|tier|UU
|rated
|rule|Sleep Clause Mod: Limit one foe put to sleep
|rule|Species Clause: Limit one of each PokÃ©mon
|rule|OHKO Clause: OHKO moves are banned
|rule|Moody Clause: Moody is banned
|rule|Evasion Moves Clause: Evasion moves are banned
|rule|Endless Battle Clause: Forcing endless battles is banned
|rule|HP Percentage Mod: HP is shown in percentages
|clearpoke
|poke|p1|Ampharos, M
|poke|p1|Crobat, M
|poke|p1|Swampert, M
|poke|p1|Chandelure, F
|poke|p1|Florges, F
|poke|p1|Mienshao, F
|poke|p2|Toxicroak, F
|poke|p2|Hydreigon, M
|poke|p2|Azelf
|poke|p2|Krookodile, F
|poke|p2|Banette, F
|poke|p2|Eelektross, M
|rule|Swagger Clause: Swagger is banned
|rule|Baton Pass Clause: Limit one PokÃ©mon knowing Baton Pass
|teampreview
|
|start
|switch|p1a: Ampharos|Ampharos, M|362\/362
|switch|p2a: Azelf|Azelf|291\/291
|turn|1
|
|detailschange|p1a: Ampharos|Ampharos-Mega, M
|-mega|p1a: Ampharos|Ampharos|Ampharosite
|-ability|p1a: Ampharos|Mold Breaker
|move|p2a: Azelf|U-turn|p1a: Ampharos
|-damage|p1a: Ampharos|296\/362
|
|switch|p2a: Eelektross|Eelektross, M|373\/373
|move|p1a: Ampharos|Dragon Pulse|p2a: Eelektross
|-damage|p2a: Eelektross|205\/373
|
|turn|2
|
|switch|p1a: Crobat|Crobat, M|363\/363
|move|p2a: Eelektross|Volt Switch|p1a: Crobat
|-supereffective|p1a: Crobat
|-damage|p1a: Crobat|99\/363
|
|switch|p2a: Banette|Banette, F|332\/332
|-item|p1a: Crobat|Black Sludge|[from] ability: Frisk|[of] p2a: Banette|[identify]
|
|-heal|p1a: Crobat|121\/363|[from] item: Black Sludge
|turn|3
|
|detailschange|p2a: Banette|Banette-Mega, F
|-mega|p2a: Banette|Banette|Banettite
|move|p2a: Banette|Shadow Sneak|p1a: Crobat
|-damage|p1a: Crobat|18\/363
|move|p1a: Crobat|U-turn|p2a: Banette
|-resisted|p2a: Banette
|-damage|p2a: Banette|297\/332
|
|switch|p1a: Chandelure|Chandelure, F|289\/289
|
|turn|4
|
|move|p2a: Banette|Destiny Bond|p2a: Banette
|-singlemove|p2a: Banette|Destiny Bond
|move|p1a: Chandelure|Substitute|p1a: Chandelure
|-start|p1a: Chandelure|Substitute
|-damage|p1a: Chandelure|217\/289
|
|-heal|p1a: Chandelure|235\/289|[from] item: Leftovers
|turn|5
|
|move|p2a: Banette|Taunt|p1a: Chandelure
|-start|p1a: Chandelure|move: Taunt
|move|p1a: Chandelure|Shadow Ball|p2a: Banette
|-supereffective|p2a: Banette
|-damage|p2a: Banette|0 fnt
|faint|p2a: Banette
|
|-heal|p1a: Chandelure|253\/289|[from] item: Leftovers
|
|switch|p2a: Hydreigon|Hydreigon, M|325\/325
|turn|6
|
|move|p2a: Hydreigon|Dark Pulse|p1a: Chandelure
|-supereffective|p1a: Chandelure
|-end|p1a: Chandelure|Substitute
|move|p1a: Chandelure|Flamethrower|p2a: Hydreigon
|-resisted|p2a: Hydreigon
|-damage|p2a: Hydreigon|233\/325
|
|-heal|p1a: Chandelure|271\/289|[from] item: Leftovers
|turn|7
|
|switch|p1a: Florges|Florges, F|360\/360
|move|p2a: Hydreigon|Dark Pulse|p1a: Florges
|-resisted|p1a: Florges
|-damage|p1a: Florges|313\/360
|
|-heal|p1a: Florges|335\/360|[from] item: Leftovers
|turn|8
|
|switch|p2a: Toxicroak|Toxicroak, F|317\/317
|switch|p1a: Crobat|Crobat, M|18\/363
|
|-heal|p1a: Crobat|40\/363|[from] item: Black Sludge
|turn|9
|
|switch|p2a: Eelektross|Eelektross, M|205\/373
|move|p1a: Crobat|Roost|p1a: Crobat
|-heal|p1a: Crobat|222\/363
|
|-heal|p1a: Crobat|244\/363|[from] item: Black Sludge
|turn|10
|
|switch|p1a: Florges|Florges, F|335\/360
|move|p2a: Eelektross|Knock Off|p1a: Florges
|-resisted|p1a: Florges
|-damage|p1a: Florges|293\/360
|-enditem|p1a: Florges|Leftovers|[from] move: Knock Off|[of] p2a: Eelektross
|
|turn|11
|
|move|p1a: Florges|Moonblast|p2a: Eelektross
|-damage|p2a: Eelektross|108\/373
|move|p2a: Eelektross|Volt Switch|p1a: Florges
|-damage|p1a: Florges|214\/360
|
|switch|p2a: Azelf|Azelf|291\/291
|
|turn|12
|
|move|p2a: Azelf|Trick|p1a: Florges
|-activate|p2a: Azelf|move: Trick|[of] p1a: Florges
|-item|p1a: Florges|Choice Scarf|[from] move: Trick
|move|p1a: Florges|Wish|p1a: Florges
|
|turn|13
|
|switch|p1a: Ampharos|Ampharos-Mega, M|296\/362
|-ability|p1a: Ampharos|Mold Breaker
|move|p2a: Azelf|Psychic|p1a: Ampharos
|-damage|p1a: Ampharos|145\/362
|-unboost|p1a: Ampharos|spd|1
|
|-heal|p1a: Ampharos|325\/362|[from] move: Wish|[wisher] Florges
|turn|14
|
|switch|p1a: Crobat|Crobat, M|244\/363
|move|p2a: Azelf|Psychic|p1a: Crobat
|-supereffective|p1a: Crobat
|-damage|p1a: Crobat|0 fnt
|faint|p1a: Crobat
|
|
|switch|p1a: Ampharos|Ampharos-Mega, M|325\/362
|-ability|p1a: Ampharos|Mold Breaker
|turn|15
|
|move|p2a: Azelf|Dazzling Gleam|p1a: Ampharos
|-supereffective|p1a: Ampharos
|-damage|p1a: Ampharos|167\/362
|move|p1a: Ampharos|Dragon Pulse|p2a: Azelf
|-damage|p2a: Azelf|14\/291
|
|turn|16
|
|switch|p1a: Florges|Florges, F|214\/360
|move|p2a: Azelf|Dazzling Gleam|p1a: Florges
|-damage|p1a: Florges|150\/360
|
|turn|17
|
|move|p2a: Azelf|U-turn|p1a: Florges
|-resisted|p1a: Florges
|-damage|p1a: Florges|118\/360
|
|switch|p2a: Toxicroak|Toxicroak, F|317\/317
|move|p1a: Florges|Wish|p1a: Florges
|
|turn|18
|
|switch|p1a: Ampharos|Ampharos-Mega, M|167\/362
|-ability|p1a: Ampharos|Mold Breaker
|move|p2a: Toxicroak|Swords Dance|p2a: Toxicroak
|-boost|p2a: Toxicroak|atk|2
|
|-heal|p1a: Ampharos|347\/362|[from] move: Wish|[wisher] Florges
|turn|19
|
|move|p2a: Toxicroak|Gunk Shot|p1a: Ampharos
|-damage|p1a: Ampharos|0 fnt
|faint|p1a: Ampharos
|
|
|switch|p1a: Chandelure|Chandelure, F|271\/289
|turn|20
|
|move|p1a: Chandelure|Substitute|p1a: Chandelure
|-start|p1a: Chandelure|Substitute
|-damage|p1a: Chandelure|199\/289
|move|p2a: Toxicroak|Gunk Shot|p1a: Chandelure|[miss]
|-miss|p2a: Toxicroak|p1a: Chandelure
|
|-heal|p1a: Chandelure|217\/289|[from] item: Leftovers
|turn|21
|
|move|p2a: Toxicroak|Sucker Punch|p1a: Chandelure
|-supereffective|p1a: Chandelure
|-end|p1a: Chandelure|Substitute
|move|p1a: Chandelure|Flamethrower|p2a: Toxicroak
|-damage|p2a: Toxicroak|98\/317
|
|-heal|p1a: Chandelure|235\/289|[from] item: Leftovers
|-heal|p2a: Toxicroak|117\/317|[from] item: Black Sludge
|turn|22
|
|switch|p2a: Hydreigon|Hydreigon, M|233\/325
|move|p1a: Chandelure|Substitute|p1a: Chandelure
|-start|p1a: Chandelure|Substitute
|-damage|p1a: Chandelure|163\/289
|
|-heal|p1a: Chandelure|181\/289|[from] item: Leftovers
|turn|23
|
|move|p2a: Hydreigon|Dark Pulse|p1a: Chandelure
|-supereffective|p1a: Chandelure
|-end|p1a: Chandelure|Substitute
|move|p1a: Chandelure|Flamethrower|p2a: Hydreigon
|-resisted|p2a: Hydreigon
|-damage|p2a: Hydreigon|144\/325
|
|-heal|p1a: Chandelure|199\/289|[from] item: Leftovers
|turn|24
|
|switch|p2a: Toxicroak|Toxicroak, F|117\/317
|switch|p1a: Florges|Florges, F|118\/360
|
|-heal|p2a: Toxicroak|136\/317|[from] item: Black Sludge
|turn|25
|
|move|p1a: Florges|Moonblast|p2a: Toxicroak
|-damage|p2a: Toxicroak|7\/317
|move|p2a: Toxicroak|Gunk Shot|p1a: Florges
|-supereffective|p1a: Florges
|-damage|p1a: Florges|0 fnt
|faint|p1a: Florges
|
|-heal|p2a: Toxicroak|26\/317|[from] item: Black Sludge
|
|switch|p1a: Swampert|Swampert, M|401\/401
|turn|26
|
|switch|p2a: Krookodile|Krookodile, F|394\/394
|-ability|p2a: Krookodile|Intimidate|[of] p1a: Swampert
|-unboost|p1a: Swampert|atk|1
|move|p1a: Swampert|Stealth Rock|p2a: Krookodile
|-sidestart|p2: MichaelWeston|move: Stealth Rock
|
|turn|27
|
|move|p2a: Krookodile|Stealth Rock|p1a: Swampert
|-sidestart|p1: UrNemesis357|move: Stealth Rock
|move|p1a: Swampert|Scald|p2a: Krookodile
|-supereffective|p2a: Krookodile
|-damage|p2a: Krookodile|160\/394
|
|-heal|p2a: Krookodile|184\/394|[from] item: Leftovers
|turn|28
|
|switch|p2a: Toxicroak|Toxicroak, F|26\/317
|-damage|p2a: Toxicroak|7\/317|[from] Stealth Rock
|move|p1a: Swampert|Scald|p2a: Toxicroak
|-heal|p2a: Toxicroak|86\/317|[from] ability: Dry Skin|[of] p1a: Swampert
|
|-heal|p2a: Toxicroak|105\/317|[from] item: Black Sludge
|turn|29
|
|move|p2a: Toxicroak|Gunk Shot|p1a: Swampert
|-resisted|p1a: Swampert
|-damage|p1a: Swampert|317\/401
|-status|p1a: Swampert|psn
|move|p1a: Swampert|Roar|p2a: Toxicroak
|drag|p2a: Azelf|Azelf|14\/291
|-damage|p2a: Azelf|0 fnt|[from] Stealth Rock
|faint|p2a: Azelf
|
|-heal|p1a: Swampert|342\/401 psn|[from] item: Leftovers
|-damage|p1a: Swampert|292\/401 psn|[from] psn
|
|switch|p2a: Eelektross|Eelektross, M|108\/373
|-damage|p2a: Eelektross|62\/373|[from] Stealth Rock
|turn|30
|
|move|p1a: Swampert|Scald|p2a: Eelektross
|-damage|p2a: Eelektross|0 fnt
|faint|p2a: Eelektross
|
|-heal|p1a: Swampert|317\/401 psn|[from] item: Leftovers
|-damage|p1a: Swampert|267\/401 psn|[from] psn
|
|switch|p2a: Hydreigon|Hydreigon, M|144\/325
|-damage|p2a: Hydreigon|104\/325|[from] Stealth Rock
|turn|31
|
|move|p2a: Hydreigon|Draco Meteor|p1a: Swampert
|-damage|p1a: Swampert|17\/401 psn
|-unboost|p2a: Hydreigon|spa|2
|move|p1a: Swampert|Roar|p2a: Hydreigon
|drag|p2a: Krookodile|Krookodile, F|184\/394
|-damage|p2a: Krookodile|160\/394|[from] Stealth Rock
|-ability|p2a: Krookodile|Intimidate|[of] p1a: Swampert
|-unboost|p1a: Swampert|atk|1
|
|-heal|p2a: Krookodile|184\/394|[from] item: Leftovers
|-heal|p1a: Swampert|42\/401 psn|[from] item: Leftovers
|-damage|p1a: Swampert|0 fnt|[from] psn
|faint|p1a: Swampert
|
|switch|p1a: Mienshao|Mienshao, F|271\/271
|-damage|p1a: Mienshao|255\/271|[from] Stealth Rock
|turn|32
|
|switch|p2a: Toxicroak|Toxicroak, F|105\/317
|-damage|p2a: Toxicroak|86\/317|[from] Stealth Rock
|move|p1a: Mienshao|High Jump Kick|p2a: Toxicroak
|-resisted|p2a: Toxicroak
|-damage|p2a: Toxicroak|0 fnt
|faint|p2a: Toxicroak
|
|
|switch|p2a: Hydreigon|Hydreigon, M|104\/325
|-damage|p2a: Hydreigon|64\/325|[from] Stealth Rock
|turn|33
|
|move|p1a: Mienshao|High Jump Kick|p2a: Hydreigon
|-supereffective|p2a: Hydreigon
|-damage|p2a: Hydreigon|0 fnt
|faint|p2a: Hydreigon
|
|
|switch|p2a: Krookodile|Krookodile, F|184\/394
|-damage|p2a: Krookodile|160\/394|[from] Stealth Rock
|-ability|p2a: Krookodile|Intimidate|[of] p1a: Mienshao
|-unboost|p1a: Mienshao|atk|1
|turn|34
|
|move|p1a: Mienshao|High Jump Kick|p2a: Krookodile|[miss]
|-miss|p1a: Mienshao|p2a: Krookodile
|-damage|p1a: Mienshao|120\/271|[from] highjumpkick
|move|p2a: Krookodile|Earthquake|p1a: Mienshao
|-damage|p1a: Mienshao|0 fnt
|faint|p1a: Mienshao
|
|-heal|p2a: Krookodile|184\/394|[from] item: Leftovers
|
|switch|p1a: Chandelure|Chandelure, F|199\/289
|-damage|p1a: Chandelure|127\/289|[from] Stealth Rock
|turn|35
|
|move|p1a: Chandelure|Flamethrower|p2a: Krookodile
|-crit|p2a: Krookodile
|-damage|p2a: Krookodile|0 fnt
|faint|p2a: Krookodile
|
|win|UrNemesis357
|raw|Ladder updating...
|raw|UrNemesis357's rating: 1481 &rarr; <strong>1495<\/strong><br \/>(+14 for winning)
|raw|MichaelWeston's rating: 1378 &rarr; <strong>1364<\/strong><br \/>(-14 for losing)