|join|UrNemesis357
|join|Deltre
|player|p1|UrNemesis357|144
|player|p2|Deltre|162
|gametype|singles
|gen|6
|tier|UU
|rated
|rule|Sleep Clause Mod: Limit one foe put to sleep
|rule|Species Clause: Limit one of each PokÃ©mon
|rule|OHKO Clause: OHKO moves are banned
|rule|Moody Clause: Moody is banned
|rule|Evasion Moves Clause: Evasion moves are banned
|rule|Endless Battle Clause: Forcing endless battles is banned
|rule|HP Percentage Mod: HP is shown in percentages
|clearpoke
|poke|p1|Cresselia, F
|poke|p1|Milotic, M
|poke|p1|Pidgeot, M
|poke|p1|Raikou
|poke|p1|Nidoqueen, F
|poke|p1|Lucario, F
|poke|p2|Aromatisse, F
|poke|p2|Tentacruel, F
|poke|p2|Abomasnow, M
|poke|p2|Porygon2
|poke|p2|Rhyperior, M
|poke|p2|Slowking, F
|rule|Swagger Clause: Swagger is banned
|rule|Baton Pass Clause: Limit one PokÃ©mon knowing Baton Pass
|teampreview
|
|start
|switch|p1a: Nidoqueen|Nidoqueen, F|342\/342
|switch|p2a: Porygon2|Porygon2|374\/374
|-ability|p2a: Porygon2|Sheer Force|[from] ability: Trace|[of] p1a: Nidoqueen
|turn|1
|
|move|p1a: Nidoqueen|Stealth Rock|p2a: Porygon2
|-sidestart|p2: Deltre|move: Stealth Rock
|move|p2a: Porygon2|Trick Room|p2a: Porygon2
|-fieldstart|move: Trick Room|[of] p2a: Porygon2
|
|turn|2
|
|move|p2a: Porygon2|Ice Beam|p1a: Nidoqueen
|-supereffective|p1a: Nidoqueen
|-damage|p1a: Nidoqueen|164\/342
|move|p1a: Nidoqueen|Earth Power|p2a: Porygon2
|-damage|p2a: Porygon2|316\/374
|
|-heal|p1a: Nidoqueen|185\/342|[from] item: Black Sludge
|turn|3
|
|switch|p1a: Raikou|Raikou|321\/321
|-ability|p1a: Raikou|Pressure
|move|p2a: Porygon2|Toxic|p1a: Raikou
|-status|p1a: Raikou|tox
|
|-damage|p1a: Raikou|301\/321 tox|[from] psn
|turn|4
|
|move|p2a: Porygon2|Ice Beam|p1a: Raikou
|-damage|p1a: Raikou|236\/321 tox
|move|p1a: Raikou|Volt Switch|p2a: Porygon2
|-damage|p2a: Porygon2|264\/374
|
|switch|p1a: Lucario|Lucario, F|281\/281
|
|turn|5
|
|switch|p2a: Slowking|Slowking, F|394\/394
|-damage|p2a: Slowking|345\/394|[from] Stealth Rock
|move|p1a: Lucario|Swords Dance|p1a: Lucario
|-boost|p1a: Lucario|atk|2
|
|-heal|p2a: Slowking|369\/394|[from] item: Leftovers
|-fieldend|move: Trick Room
|turn|6
|
|switch|p1a: Milotic|Milotic, M|394\/394
|move|p2a: Slowking|Fire Blast|p1a: Milotic
|-resisted|p1a: Milotic
|-damage|p1a: Milotic|364\/394
|
|-heal|p1a: Milotic|388\/394|[from] item: Leftovers
|-heal|p2a: Slowking|393\/394|[from] item: Leftovers
|turn|7
|
|switch|p1a: Nidoqueen|Nidoqueen, F|185\/342
|switch|p2a: Tentacruel|Tentacruel, F|364\/364
|-damage|p2a: Tentacruel|319\/364|[from] Stealth Rock
|
|-heal|p2a: Tentacruel|341\/364|[from] item: Black Sludge
|-heal|p1a: Nidoqueen|206\/342|[from] item: Black Sludge
|turn|8
|
|move|p2a: Tentacruel|Scald|p1a: Nidoqueen
|-supereffective|p1a: Nidoqueen
|-damage|p1a: Nidoqueen|48\/342
|move|p1a: Nidoqueen|Earth Power|p2a: Tentacruel
|-supereffective|p2a: Tentacruel
|-damage|p2a: Tentacruel|161\/364
|
|-heal|p2a: Tentacruel|183\/364|[from] item: Black Sludge
|-heal|p1a: Nidoqueen|69\/342|[from] item: Black Sludge
|turn|9
|
|switch|p1a: Cresselia|Cresselia, F|415\/415
|move|p2a: Tentacruel|Rapid Spin|p1a: Cresselia
|-damage|p1a: Cresselia|407\/415
|-sideend|p2: Deltre|Stealth Rock|[from] move: Rapid Spin|[of] p2a: Tentacruel
|
|-heal|p2a: Tentacruel|205\/364|[from] item: Black Sludge
|-heal|p1a: Cresselia|415\/415|[from] item: Leftovers
|turn|10
|
|move|p2a: Tentacruel|Acid Spray|p1a: Cresselia
|-damage|p1a: Cresselia|385\/415
|-unboost|p1a: Cresselia|spd|2
|move|p1a: Cresselia|Substitute|p1a: Cresselia
|-start|p1a: Cresselia|Substitute
|-damage|p1a: Cresselia|282\/415
|
|-heal|p2a: Tentacruel|227\/364|[from] item: Black Sludge
|-heal|p1a: Cresselia|307\/415|[from] item: Leftovers
|turn|11
|
|switch|p1a: Milotic|Milotic, M|388\/394
|move|p2a: Tentacruel|Scald|p1a: Milotic
|-resisted|p1a: Milotic
|-damage|p1a: Milotic|358\/394
|-status|p1a: Milotic|brn
|
|-heal|p2a: Tentacruel|249\/364|[from] item: Black Sludge
|-heal|p1a: Milotic|382\/394 brn|[from] item: Leftovers
|-damage|p1a: Milotic|333\/394 brn|[from] brn
|turn|12
|
|move|p2a: Tentacruel|Acid Spray|p1a: Milotic
|-damage|p1a: Milotic|303\/394 brn
|-unboost|p1a: Milotic|spd|2
|move|p1a: Milotic|Mirror Coat|p2a: Tentacruel
|-damage|p2a: Tentacruel|189\/364
|
|-heal|p2a: Tentacruel|211\/364|[from] item: Black Sludge
|-heal|p1a: Milotic|327\/394 brn|[from] item: Leftovers
|-damage|p1a: Milotic|278\/394 brn|[from] brn
|turn|13
|
|switch|p2a: Abomasnow|Abomasnow, M|383\/383
|move|p1a: Milotic|Toxic|p2a: Abomasnow
|-status|p2a: Abomasnow|tox
|
|-heal|p1a: Milotic|302\/394 brn|[from] item: Leftovers
|-damage|p1a: Milotic|253\/394 brn|[from] brn
|-damage|p2a: Abomasnow|360\/383 tox|[from] psn
|turn|14
|
|switch|p1a: Cresselia|Cresselia, F|307\/415
|detailschange|p2a: Abomasnow|Abomasnow-Mega, M
|-mega|p2a: Abomasnow|Abomasnow|Abomasite
|-weather|Hail
|move|p2a: Abomasnow|Blizzard|p1a: Cresselia
|-damage|p1a: Cresselia|136\/415
|-status|p1a: Cresselia|frz
|
|-weather|Hail|[upkeep]
|-damage|p1a: Cresselia|111\/415 frz|[from] hail
|-heal|p1a: Cresselia|136\/415 frz|[from] item: Leftovers
|-damage|p2a: Abomasnow|314\/383 tox|[from] psn
|turn|15
|c|âUrNemesis357|ack
|c|âDeltre|sorry bro
|
|cant|p1a: Cresselia|frz
|move|p2a: Abomasnow|Blizzard|p1a: Cresselia
|-damage|p1a: Cresselia|0 fnt
|faint|p1a: Cresselia
|
|-weather|Hail|[upkeep]
|-damage|p2a: Abomasnow|245\/383 tox|[from] psn
|
|switch|p1a: Pidgeot|Pidgeot, M|307\/307
|turn|16
|
|switch|p2a: Rhyperior|Rhyperior, M|424\/424
|detailschange|p1a: Pidgeot|Pidgeot-Mega, M
|-mega|p1a: Pidgeot|Pidgeot|Pidgeotite
|move|p1a: Pidgeot|U-turn|p2a: Rhyperior
|-damage|p2a: Rhyperior|395\/424
|
|switch|p1a: Nidoqueen|Nidoqueen, F|69\/342
|
|-weather|Hail|[upkeep]
|-damage|p1a: Nidoqueen|48\/342|[from] hail
|-damage|p2a: Rhyperior|369\/424|[from] hail
|-heal|p1a: Nidoqueen|69\/342|[from] item: Black Sludge
|-heal|p2a: Rhyperior|395\/424|[from] item: Leftovers
|turn|17
|
|switch|p2a: Slowking|Slowking, F|394\/394
|move|p1a: Nidoqueen|Earth Power|p2a: Slowking
|-damage|p2a: Slowking|280\/394
|
|-weather|Hail|[upkeep]
|-damage|p1a: Nidoqueen|48\/342|[from] hail
|-damage|p2a: Slowking|256\/394|[from] hail
|-heal|p1a: Nidoqueen|69\/342|[from] item: Black Sludge
|-heal|p2a: Slowking|280\/394|[from] item: Leftovers
|turn|18
|
|switch|p1a: Milotic|Milotic, M|253\/394 brn
|move|p2a: Slowking|Calm Mind|p2a: Slowking
|-boost|p2a: Slowking|spa|1
|-boost|p2a: Slowking|spd|1
|
|-weather|none
|-heal|p1a: Milotic|277\/394 brn|[from] item: Leftovers
|-heal|p2a: Slowking|304\/394|[from] item: Leftovers
|-damage|p1a: Milotic|228\/394 brn|[from] brn
|turn|19
|
|move|p1a: Milotic|Toxic|p2a: Slowking
|-status|p2a: Slowking|tox
|move|p2a: Slowking|Psyshock|p1a: Milotic
|-damage|p1a: Milotic|143\/394 brn
|
|-heal|p1a: Milotic|167\/394 brn|[from] item: Leftovers
|-heal|p2a: Slowking|328\/394 tox|[from] item: Leftovers
|-damage|p1a: Milotic|118\/394 brn|[from] brn
|-damage|p2a: Slowking|304\/394 tox|[from] psn
|turn|20
|
|switch|p2a: Aromatisse|Aromatisse, F|406\/406
|move|p1a: Milotic|Recover|p1a: Milotic
|-heal|p1a: Milotic|315\/394 brn
|
|-heal|p1a: Milotic|339\/394 brn|[from] item: Leftovers
|-damage|p1a: Milotic|290\/394 brn|[from] brn
|turn|21
|
|switch|p1a: Nidoqueen|Nidoqueen, F|69\/342
|move|p2a: Aromatisse|Trick Room|p2a: Aromatisse
|-fieldstart|move: Trick Room|[of] p2a: Aromatisse
|
|-heal|p1a: Nidoqueen|90\/342|[from] item: Black Sludge
|turn|22
|
|move|p2a: Aromatisse|Aromatherapy|p2a: Aromatisse
|-cureteam|p2a: Aromatisse|[from] move: Aromatherapy
|move|p1a: Nidoqueen|Stealth Rock|p2a: Aromatisse
|-sidestart|p2: Deltre|move: Stealth Rock
|
|-heal|p1a: Nidoqueen|111\/342|[from] item: Black Sludge
|turn|23
|
|switch|p2a: Tentacruel|Tentacruel, F|211\/364
|-damage|p2a: Tentacruel|166\/364|[from] Stealth Rock
|move|p1a: Nidoqueen|Earth Power|p2a: Tentacruel
|-supereffective|p2a: Tentacruel
|-damage|p2a: Tentacruel|0 fnt
|faint|p2a: Tentacruel
|
|-heal|p1a: Nidoqueen|132\/342|[from] item: Black Sludge
|c|âUrNemesis357|cress wouldve helped :(
|
|switch|p2a: Abomasnow|Abomasnow-Mega, M|245\/383
|-damage|p2a: Abomasnow|150\/383|[from] Stealth Rock
|-weather|Hail
|turn|24
|c|âUrNemesis357|idk if i can win here
|
|switch|p1a: Pidgeot|Pidgeot-Mega, M|307\/307
|move|p2a: Abomasnow|Blizzard|p1a: Pidgeot
|-supereffective|p1a: Pidgeot
|-damage|p1a: Pidgeot|0 fnt
|faint|p1a: Pidgeot
|
|-weather|Hail|[upkeep]
|
|switch|p1a: Lucario|Lucario, F|281\/281
|turn|25
|
|move|p1a: Lucario|Bullet Punch|p2a: Abomasnow
|-supereffective|p2a: Abomasnow
|-damage|p2a: Abomasnow|0 fnt
|-damage|p1a: Lucario|253\/281|[from] item: Life Orb
|faint|p2a: Abomasnow
|
|-weather|Hail|[upkeep]
|-damage|p1a: Lucario|236\/281|[from] hail
|-fieldend|move: Trick Room
|
|switch|p2a: Rhyperior|Rhyperior, M|395\/424
|-damage|p2a: Rhyperior|369\/424|[from] Stealth Rock
|turn|26
|
|switch|p1a: Milotic|Milotic, M|290\/394 brn
|move|p2a: Rhyperior|Earthquake|p1a: Milotic
|-damage|p1a: Milotic|181\/394 brn
|
|-weather|Hail|[upkeep]
|-damage|p1a: Milotic|157\/394 brn|[from] hail
|-damage|p2a: Rhyperior|343\/424|[from] hail
|-heal|p1a: Milotic|181\/394 brn|[from] item: Leftovers
|-heal|p2a: Rhyperior|369\/424|[from] item: Leftovers
|-damage|p1a: Milotic|132\/394 brn|[from] brn
|turn|27
|
|switch|p2a: Slowking|Slowking, F|394\/394
|-damage|p2a: Slowking|345\/394|[from] Stealth Rock
|move|p1a: Milotic|Recover|p1a: Milotic
|-heal|p1a: Milotic|329\/394 brn
|
|-weather|Hail|[upkeep]
|-damage|p1a: Milotic|305\/394 brn|[from] hail
|-damage|p2a: Slowking|321\/394|[from] hail
|-heal|p1a: Milotic|329\/394 brn|[from] item: Leftovers
|-heal|p2a: Slowking|345\/394|[from] item: Leftovers
|-damage|p1a: Milotic|280\/394 brn|[from] brn
|turn|28
|
|move|p1a: Milotic|Toxic|p2a: Slowking
|-status|p2a: Slowking|tox
|move|p2a: Slowking|Calm Mind|p2a: Slowking
|-boost|p2a: Slowking|spa|1
|-boost|p2a: Slowking|spd|1
|
|-weather|none
|-heal|p1a: Milotic|304\/394 brn|[from] item: Leftovers
|-heal|p2a: Slowking|369\/394 tox|[from] item: Leftovers
|-damage|p1a: Milotic|255\/394 brn|[from] brn
|-damage|p2a: Slowking|345\/394 tox|[from] psn
|turn|29
|
|move|p1a: Milotic|Recover|p1a: Milotic
|-heal|p1a: Milotic|394\/394 brn
|move|p2a: Slowking|Calm Mind|p2a: Slowking
|-boost|p2a: Slowking|spa|1
|-boost|p2a: Slowking|spd|1
|
|-heal|p2a: Slowking|369\/394 tox|[from] item: Leftovers
|-damage|p1a: Milotic|345\/394 brn|[from] brn
|-damage|p2a: Slowking|321\/394 tox|[from] psn
|turn|30
|
|move|p2a: Slowking|Psyshock|p1a: Milotic
|-damage|p1a: Milotic|221\/394 brn
|move|p1a: Milotic|Mirror Coat|p2a: Slowking
|-damage|p2a: Slowking|73\/394 tox
|
|-heal|p1a: Milotic|245\/394 brn|[from] item: Leftovers
|-heal|p2a: Slowking|97\/394 tox|[from] item: Leftovers
|-damage|p1a: Milotic|196\/394 brn|[from] brn
|-damage|p2a: Slowking|25\/394 tox|[from] psn
|turn|31
|-message|Deltre forfeited.
|leave|Deltre
|
|win|UrNemesis357
|raw|Ladder updating...
|player|p2
|raw|UrNemesis357's rating: 1470 &rarr; <strong>1483<\/strong><br \/>(+13 for winning)
|raw|Deltre's rating: 1332 &rarr; <strong>1320<\/strong><br \/>(-12 for losing)