|join|UrNemesis357
|join|JusticeIsServed
|player|p1|UrNemesis357|144
|player|p2|JusticeIsServed|234
|gametype|singles
|gen|6
|tier|UU
|rated
|rule|Sleep Clause Mod: Limit one foe put to sleep
|rule|Species Clause: Limit one of each PokÃ©mon
|rule|OHKO Clause: OHKO moves are banned
|rule|Moody Clause: Moody is banned
|rule|Evasion Moves Clause: Evasion moves are banned
|rule|Endless Battle Clause: Forcing endless battles is banned
|rule|HP Percentage Mod: HP is shown in percentages
|clearpoke
|poke|p1|Accelgor, M
|poke|p1|Jirachi, shiny
|poke|p1|Alakazam, M
|poke|p1|Lucario, M
|poke|p1|Hydreigon, M
|poke|p1|Crobat, F
|poke|p2|Mienshao, M
|poke|p2|Porygon2
|poke|p2|Aerodactyl, M
|poke|p2|Galvantula, F
|poke|p2|Quagsire, M
|poke|p2|Amoonguss, F
|rule|Swagger Clause: Swagger is banned
|rule|Baton Pass Clause: Limit one PokÃ©mon knowing Baton Pass
|teampreview
|
|start
|switch|p1a: Accelgor|Accelgor, M|364\/364
|switch|p2a: Ewwww|Galvantula, F|281\/281
|turn|1
|
|move|p1a: Accelgor|Spikes|p2a: Ewwww
|-sidestart|p2: JusticeIsServed|Spikes
|move|p2a: Ewwww|Volt Switch|p1a: Accelgor
|-damage|p1a: Accelgor|160\/364
|
|switch|p2a: Kung Fu Hustle|Mienshao, M|271\/271
|-damage|p2a: Kung Fu Hustle|238\/271|[from] Spikes
|
|turn|2
|
|move|p1a: Accelgor|Bug Buzz|p2a: Kung Fu Hustle
|-resisted|p2a: Kung Fu Hustle
|-damage|p2a: Kung Fu Hustle|157\/271
|move|p2a: Kung Fu Hustle|Knock Off|p1a: Accelgor
|-damage|p1a: Accelgor|0 fnt
|-enditem|p1a: Accelgor|Focus Sash|[from] move: Knock Off|[of] p2a: Kung Fu Hustle
|-damage|p2a: Kung Fu Hustle|130\/271|[from] item: Life Orb
|faint|p1a: Accelgor
|
|
|switch|p1a: Crobat|Crobat, F|311\/311
|turn|3
|
|switch|p2a: Porygon2|Porygon2|374\/374
|-damage|p2a: Porygon2|328\/374|[from] Spikes
|-boost|p2a: Porygon2|atk|1|[from] ability: Download
|move|p1a: Crobat|U-turn|p2a: Porygon2
|-damage|p2a: Porygon2|262\/374
|
|switch|p1a: Lucario|Lucario, M|281\/281
|
|turn|4
|
|switch|p1a: Alakazam|Alakazam, M|251\/251
|switch|p2a: Goomba|Amoonguss, F|411\/411
|-damage|p2a: Goomba|360\/411|[from] Spikes
|
|turn|5
|
|detailschange|p1a: Alakazam|Alakazam-Mega, M
|-mega|p1a: Alakazam|Alakazam|Alakazite
|-ability|p1a: Alakazam|Regenerator|[from] ability: Trace|[of] p2a: Goomba
|move|p1a: Alakazam|Psyshock|p2a: Goomba
|-supereffective|p2a: Goomba
|-damage|p2a: Goomba|0 fnt
|faint|p2a: Goomba
|
|
|switch|p2a: Porygon2|Porygon2|262\/374
|-damage|p2a: Porygon2|216\/374|[from] Spikes
|-boost|p2a: Porygon2|atk|1|[from] ability: Download
|turn|6
|
|move|p1a: Alakazam|Focus Blast|p2a: Porygon2|[miss]
|-miss|p1a: Alakazam|p2a: Porygon2
|move|p2a: Porygon2|Recover|p2a: Porygon2
|-heal|p2a: Porygon2|374\/374
|
|turn|7
|
|move|p1a: Alakazam|Psyshock|p2a: Porygon2
|-damage|p2a: Porygon2|244\/374
|move|p2a: Porygon2|Tri Attack|p1a: Alakazam
|-damage|p1a: Alakazam|110\/251
|
|turn|8
|
|switch|p1a: Lucario|Lucario, M|281\/281
|move|p2a: Porygon2|Ice Beam|p1a: Lucario
|-crit|p1a: Lucario
|-resisted|p1a: Lucario
|-damage|p1a: Lucario|181\/281
|
|turn|9
|
|move|p1a: Lucario|Close Combat|p2a: Porygon2
|-supereffective|p2a: Porygon2
|-damage|p2a: Porygon2|0 fnt
|-unboost|p1a: Lucario|def|1
|-unboost|p1a: Lucario|spd|1
|-damage|p1a: Lucario|153\/281|[from] item: Life Orb
|faint|p2a: Porygon2
|
|leave|JusticeIsServed
|
|switch|p2a: Ewwww|Galvantula, F|281\/281
|-damage|p2a: Ewwww|246\/281|[from] Spikes
|turn|10
|join|JusticeIsServed
|player|p2
|player|p2|JusticeIsServed|234
|
|move|p1a: Lucario|Extreme Speed|p2a: Ewwww
|-damage|p2a: Ewwww|64\/281
|-damage|p1a: Lucario|125\/281|[from] item: Life Orb
|move|p2a: Ewwww|Sticky Web|p1a: Lucario
|-sidestart|p1: UrNemesis357|move: Sticky Web
|
|turn|11
|
|move|p1a: Lucario|Extreme Speed|p2a: Ewwww
|-crit|p2a: Ewwww
|-damage|p2a: Ewwww|0 fnt
|-damage|p1a: Lucario|97\/281|[from] item: Life Orb
|faint|p2a: Ewwww
|
|
|switch|p2a: Kung Fu Hustle|Mienshao, M|220\/271
|-damage|p2a: Kung Fu Hustle|187\/271|[from] Spikes
|turn|12
|
|move|p1a: Lucario|Extreme Speed|p2a: Kung Fu Hustle
|-damage|p2a: Kung Fu Hustle|4\/271
|-damage|p1a: Lucario|69\/281|[from] item: Life Orb
|move|p2a: Kung Fu Hustle|Knock Off|p1a: Lucario
|-resisted|p1a: Lucario
|-damage|p1a: Lucario|0 fnt
|-enditem|p1a: Lucario|Life Orb|[from] move: Knock Off|[of] p2a: Kung Fu Hustle
|-damage|p2a: Kung Fu Hustle|0 fnt|[from] item: Life Orb
|faint|p1a: Lucario
|faint|p2a: Kung Fu Hustle
|
|
|switch|p1a: Alakazam|Alakazam-Mega, M|193\/251
|switch|p2a: Black Charizard|Aerodactyl, M|301\/301
|-activate|p1a: Alakazam|move: Sticky Web
|-unboost|p1a: Alakazam|spe|1
|-ability|p1a: Alakazam|Unnerve|[from] ability: Trace|[of] p2a: Black Charizard
|-ability|p1a: Alakazam|Unnerve|p2: JusticeIsServed
|-ability|p2a: Black Charizard|Unnerve|p1: UrNemesis357
|turn|13
|
|detailschange|p2a: Black Charizard|Aerodactyl-Mega, M
|-mega|p2a: Black Charizard|Aerodactyl|Aerodactylite
|move|p2a: Black Charizard|Iron Head|p1a: Alakazam
|-damage|p1a: Alakazam|0 fnt
|faint|p1a: Alakazam
|
|
|switch|p1a: Jirachi|Jirachi, shiny|341\/341
|-activate|p1a: Jirachi|move: Sticky Web
|-unboost|p1a: Jirachi|spe|1
|turn|14
|
|switch|p1a: Crobat|Crobat, F|311\/311
|move|p2a: Black Charizard|Aqua Tail|p1a: Crobat
|-damage|p1a: Crobat|125\/311
|
|turn|15
|
|move|p2a: Black Charizard|Dragon Claw|p1a: Crobat
|-damage|p1a: Crobat|0 fnt
|faint|p1a: Crobat
|
|
|switch|p1a: Hydreigon|Hydreigon, M|325\/325
|turn|16
|
|move|p1a: Hydreigon|Draco Meteor|p2a: Black Charizard
|-damage|p2a: Black Charizard|70\/301
|-unboost|p1a: Hydreigon|spa|2
|move|p2a: Black Charizard|Dragon Claw|p1a: Hydreigon
|-supereffective|p1a: Hydreigon
|-damage|p1a: Hydreigon|3\/325
|
|turn|17
|c|âJusticeIsServed|WTF
|c|âJusticeIsServed|99%
|c|âJusticeIsServed|that's some bull
|
|move|p1a: Hydreigon|Draco Meteor|p2a: Black Charizard|[miss]
|-miss|p1a: Hydreigon|p2a: Black Charizard
|move|p2a: Black Charizard|Aqua Tail|p1a: Hydreigon
|-resisted|p1a: Hydreigon
|-damage|p1a: Hydreigon|0 fnt
|faint|p1a: Hydreigon
|
|c|âJusticeIsServed|oh ok
|c|âJusticeIsServed|we're even
|
|switch|p1a: Jirachi|Jirachi, shiny|341\/341
|-activate|p1a: Jirachi|move: Sticky Web
|-unboost|p1a: Jirachi|spe|1
|turn|18
|
|move|p2a: Black Charizard|Aqua Tail|p1a: Jirachi
|-damage|p1a: Jirachi|169\/341
|move|p1a: Jirachi|Psyshock|p2a: Black Charizard
|-damage|p2a: Black Charizard|0 fnt
|faint|p2a: Black Charizard
|
|
|switch|p2a: Special|Quagsire, M|394\/394
|-damage|p2a: Special|345\/394|[from] Spikes
|turn|19
|c|âJusticeIsServed|Alright. You have one job.
|c|âJusticeIsServed|Do it.
|
|move|p1a: Jirachi|Grass Knot|p2a: Special
|-supereffective|p2a: Special
|-damage|p2a: Special|0 fnt
|faint|p2a: Special
|
|win|UrNemesis357
|raw|Ladder updating...
|raw|UrNemesis357's rating: 1409 &rarr; <strong>1419<\/strong><br \/>(+10 for winning)
|raw|JusticeIsServed's rating: 1223 &rarr; <strong>1210<\/strong><br \/>(-13 for losing)
|c|âJusticeIsServed|OMG
|c|âJusticeIsServed|ONE JOB
|c|âJusticeIsServed|I SWEAR