|join|UrNemesis357
|join|Natsu Slayer
|player|p1|UrNemesis357|144
|player|p2|Natsu Slayer|101
|gametype|singles
|gen|6
|tier|UU
|rated
|rule|Sleep Clause Mod: Limit one foe put to sleep
|rule|Species Clause: Limit one of each PokÃ©mon
|rule|OHKO Clause: OHKO moves are banned
|rule|Moody Clause: Moody is banned
|rule|Evasion Moves Clause: Evasion moves are banned
|rule|Endless Battle Clause: Forcing endless battles is banned
|rule|HP Percentage Mod: HP is shown in percentages
|clearpoke
|poke|p1|Cresselia, F
|poke|p1|Milotic, M
|poke|p1|Pidgeot, M
|poke|p1|Raikou
|poke|p1|Nidoqueen, F
|poke|p1|Lucario, F
|poke|p2|Beedrill, F, shiny
|poke|p2|Crobat, F
|poke|p2|Whimsicott, M, shiny
|poke|p2|Blissey, F
|poke|p2|Chandelure, M, shiny
|poke|p2|Quagsire, F, shiny
|rule|Swagger Clause: Swagger is banned
|rule|Baton Pass Clause: Limit one PokÃ©mon knowing Baton Pass
|teampreview
|join|KingSage
|c| KingSage|bruh you know natsu slayer im just the only one here today
|leave|KingSage
|
|start
|switch|p1a: Pidgeot|Pidgeot, M|307\/307
|switch|p2a: So Hypster|Beedrill, F, shiny|271\/271
|turn|1
|
|detailschange|p1a: Pidgeot|Pidgeot-Mega, M
|-mega|p1a: Pidgeot|Pidgeot|Pidgeotite
|detailschange|p2a: So Hypster|Beedrill-Mega, F, shiny
|-mega|p2a: So Hypster|Beedrill|Beedrillite
|move|p2a: So Hypster|Protect|p2a: So Hypster
|-singleturn|p2a: So Hypster|Protect
|move|p1a: Pidgeot|Hurricane|p2a: So Hypster
|-activate|p2a: So Hypster|Protect
|
|turn|2
|
|move|p2a: So Hypster|U-turn|p1a: Pidgeot
|-crit|p1a: Pidgeot
|-resisted|p1a: Pidgeot
|-damage|p1a: Pidgeot|145\/307
|
|switch|p2a: NotSkarmory|Blissey, F|714\/714
|move|p1a: Pidgeot|U-turn|p2a: NotSkarmory
|-damage|p2a: NotSkarmory|640\/714
|c|âNatsu Slayer|mega pidgeot is so cool ^_^
|
|switch|p1a: Nidoqueen|Nidoqueen, F|342\/342
|
|-heal|p2a: NotSkarmory|684\/714|[from] item: Leftovers
|turn|3
|
|move|p1a: Nidoqueen|Stealth Rock|p2a: NotSkarmory
|-sidestart|p2: Natsu Slayer|move: Stealth Rock
|move|p2a: NotSkarmory|Stealth Rock|p1a: Nidoqueen
|-sidestart|p1: UrNemesis357|move: Stealth Rock
|
|-heal|p2a: NotSkarmory|714\/714|[from] item: Leftovers
|turn|4
|
|switch|p1a: Milotic|Milotic, M|394\/394
|-damage|p1a: Milotic|345\/394|[from] Stealth Rock
|switch|p2a: QuagmireHappy|Quagsire, F, shiny|394\/394
|-damage|p2a: QuagmireHappy|370\/394|[from] Stealth Rock
|
|-heal|p1a: Milotic|369\/394|[from] item: Leftovers
|-heal|p2a: QuagmireHappy|394\/394|[from] item: Leftovers
|turn|5
|
|move|p1a: Milotic|Toxic|p2a: QuagmireHappy
|-status|p2a: QuagmireHappy|tox
|move|p2a: QuagmireHappy|Toxic|p1a: Milotic
|-status|p1a: Milotic|tox
|
|-heal|p1a: Milotic|393\/394 tox|[from] item: Leftovers
|-damage|p1a: Milotic|369\/394 tox|[from] psn
|-damage|p2a: QuagmireHappy|370\/394 tox|[from] psn
|turn|6
|
|switch|p1a: Cresselia|Cresselia, F|415\/415
|-damage|p1a: Cresselia|364\/415|[from] Stealth Rock
|switch|p2a: NotSkarmory|Blissey, F|714\/714
|-damage|p2a: NotSkarmory|625\/714|[from] Stealth Rock
|
|-heal|p1a: Cresselia|389\/415|[from] item: Leftovers
|-heal|p2a: NotSkarmory|669\/714|[from] item: Leftovers
|turn|7
|
|move|p1a: Cresselia|Substitute|p1a: Cresselia
|-start|p1a: Cresselia|Substitute
|-damage|p1a: Cresselia|286\/415
|move|p2a: NotSkarmory|Heal Bell|p2a: NotSkarmory
|-cureteam|p2a: NotSkarmory|[from] move: HealBell
|
|-heal|p1a: Cresselia|311\/415|[from] item: Leftovers
|-heal|p2a: NotSkarmory|713\/714|[from] item: Leftovers
|turn|8
|
|move|p1a: Cresselia|Calm Mind|p1a: Cresselia
|-boost|p1a: Cresselia|spa|1
|-boost|p1a: Cresselia|spd|1
|move|p2a: NotSkarmory|Seismic Toss|p1a: Cresselia
|-activate|p1a: Cresselia|Substitute|[damage]
|
|-heal|p1a: Cresselia|336\/415|[from] item: Leftovers
|-heal|p2a: NotSkarmory|714\/714|[from] item: Leftovers
|turn|9
|
|switch|p2a: Serebii|Whimsicott, M, shiny|261\/261
|-damage|p2a: Serebii|229\/261|[from] Stealth Rock
|move|p1a: Cresselia|Calm Mind|p1a: Cresselia
|-boost|p1a: Cresselia|spa|1
|-boost|p1a: Cresselia|spd|1
|
|-heal|p1a: Cresselia|361\/415|[from] item: Leftovers
|turn|10
|
|switch|p1a: Pidgeot|Pidgeot-Mega, M|145\/307
|-damage|p1a: Pidgeot|69\/307|[from] Stealth Rock
|move|p2a: Serebii|Encore|p1a: Pidgeot
|-fail|p1a: Pidgeot
|
|turn|11
|
|switch|p2a: NotSkarmory|Blissey, F|714\/714
|-damage|p2a: NotSkarmory|625\/714|[from] Stealth Rock
|move|p1a: Pidgeot|Roost|p1a: Pidgeot
|-heal|p1a: Pidgeot|223\/307
|
|-heal|p2a: NotSkarmory|669\/714|[from] item: Leftovers
|turn|12
|
|move|p1a: Pidgeot|Roost|p1a: Pidgeot
|-heal|p1a: Pidgeot|307\/307
|move|p2a: NotSkarmory|Seismic Toss|p1a: Pidgeot
|-damage|p1a: Pidgeot|207\/307
|
|-heal|p2a: NotSkarmory|713\/714|[from] item: Leftovers
|turn|13
|
|move|p1a: Pidgeot|U-turn|p2a: NotSkarmory
|-crit|p2a: NotSkarmory
|-damage|p2a: NotSkarmory|602\/714
|
|switch|p1a: Cresselia|Cresselia, F|361\/415
|-damage|p1a: Cresselia|310\/415|[from] Stealth Rock
|move|p2a: NotSkarmory|Seismic Toss|p1a: Cresselia
|-damage|p1a: Cresselia|210\/415
|
|-heal|p1a: Cresselia|235\/415|[from] item: Leftovers
|-heal|p2a: NotSkarmory|646\/714|[from] item: Leftovers
|turn|14
|
|switch|p2a: So Hypster|Beedrill-Mega, F, shiny|271\/271
|-damage|p2a: So Hypster|204\/271|[from] Stealth Rock
|move|p1a: Cresselia|Psyshock|p2a: So Hypster
|-supereffective|p2a: So Hypster
|-damage|p2a: So Hypster|0 fnt
|faint|p2a: So Hypster
|
|-heal|p1a: Cresselia|260\/415|[from] item: Leftovers
|
|switch|p2a: ChandyCruz|Chandelure, M, shiny|261\/261
|-damage|p2a: ChandyCruz|196\/261|[from] Stealth Rock
|turn|15
|
|switch|p1a: Raikou|Raikou|321\/321
|-damage|p1a: Raikou|281\/321|[from] Stealth Rock
|-ability|p1a: Raikou|Pressure
|move|p2a: ChandyCruz|Fire Blast|p1a: Raikou
|-damage|p1a: Raikou|145\/321
|
|turn|16
|
|switch|p2a: NotSkarmory|Blissey, F|646\/714
|-damage|p2a: NotSkarmory|557\/714|[from] Stealth Rock
|move|p1a: Raikou|Volt Switch|p2a: NotSkarmory
|-damage|p2a: NotSkarmory|461\/714
|
|switch|p1a: Lucario|Lucario, F|281\/281
|-damage|p1a: Lucario|273\/281|[from] Stealth Rock
|
|-heal|p2a: NotSkarmory|505\/714|[from] item: Leftovers
|turn|17
|c|âNatsu Slayer|I might lose
|
|switch|p1a: Nidoqueen|Nidoqueen, F|342\/342
|-damage|p1a: Nidoqueen|321\/342|[from] Stealth Rock
|switch|p2a: ChandyCruz|Chandelure, M, shiny|196\/261
|-damage|p2a: ChandyCruz|131\/261|[from] Stealth Rock
|
|-heal|p1a: Nidoqueen|342\/342|[from] item: Black Sludge
|turn|18
|
|switch|p2a: Acrobat-X|Crobat, F|373\/373
|-damage|p2a: Acrobat-X|280\/373|[from] Stealth Rock
|switch|p1a: Milotic|Milotic, M|369\/394 tox
|-damage|p1a: Milotic|320\/394 tox|[from] Stealth Rock
|
|-heal|p2a: Acrobat-X|303\/373|[from] item: Black Sludge
|-heal|p1a: Milotic|344\/394 tox|[from] item: Leftovers
|-damage|p1a: Milotic|320\/394 tox|[from] psn
|turn|19
|
|move|p2a: Acrobat-X|Defog|p1a: Milotic
|-unboost|p1a: Milotic|evasion|1
|-sideend|p1: UrNemesis357|Stealth Rock|[from] move: Defog|[of] p1a: Milotic
|-sideend|p2: Natsu Slayer|Stealth Rock|[from] move: Defog|[of] p2a: Acrobat-X
|move|p1a: Milotic|Scald|p2a: Acrobat-X
|-damage|p2a: Acrobat-X|192\/373
|
|-heal|p2a: Acrobat-X|215\/373|[from] item: Black Sludge
|-heal|p1a: Milotic|344\/394 tox|[from] item: Leftovers
|-damage|p1a: Milotic|296\/394 tox|[from] psn
|turn|20
|
|move|p2a: Acrobat-X|Roost|p2a: Acrobat-X
|-heal|p2a: Acrobat-X|373\/373
|move|p1a: Milotic|Toxic|p2a: Acrobat-X
|-fail|p2a: Acrobat-X
|
|-heal|p1a: Milotic|320\/394 tox|[from] item: Leftovers
|-damage|p1a: Milotic|248\/394 tox|[from] psn
|turn|21
|
|move|p2a: Acrobat-X|Brave Bird|p1a: Milotic
|-damage|p1a: Milotic|160\/394 tox
|-damage|p2a: Acrobat-X|344\/373|[from] recoil|[of] p1a: Milotic
|move|p1a: Milotic|Recover|p1a: Milotic
|-heal|p1a: Milotic|357\/394 tox
|
|-heal|p2a: Acrobat-X|367\/373|[from] item: Black Sludge
|-heal|p1a: Milotic|381\/394 tox|[from] item: Leftovers
|-damage|p1a: Milotic|285\/394 tox|[from] psn
|turn|22
|
|switch|p1a: Cresselia|Cresselia, F|260\/415
|move|p2a: Acrobat-X|U-turn|p1a: Cresselia
|-supereffective|p1a: Cresselia
|-damage|p1a: Cresselia|188\/415
|
|switch|p2a: ChandyCruz|Chandelure, M, shiny|131\/261
|
|-heal|p1a: Cresselia|213\/415|[from] item: Leftovers
|turn|23
|
|switch|p1a: Raikou|Raikou|145\/321
|-ability|p1a: Raikou|Pressure
|move|p2a: ChandyCruz|Shadow Ball|p1a: Raikou
|-damage|p1a: Raikou|37\/321
|
|turn|24
|
|move|p2a: ChandyCruz|Shadow Ball|p1a: Raikou
|-damage|p1a: Raikou|0 fnt
|faint|p1a: Raikou
|
|
|switch|p1a: Pidgeot|Pidgeot-Mega, M|207\/307
|turn|25
|
|switch|p2a: Acrobat-X|Crobat, F|367\/373
|move|p1a: Pidgeot|U-turn|p2a: Acrobat-X
|-resisted|p2a: Acrobat-X
|-damage|p2a: Acrobat-X|355\/373
|
|switch|p1a: Nidoqueen|Nidoqueen, F|342\/342
|
|-heal|p2a: Acrobat-X|373\/373|[from] item: Black Sludge
|turn|26
|
|move|p2a: Acrobat-X|U-turn|p1a: Nidoqueen
|-resisted|p1a: Nidoqueen
|-damage|p1a: Nidoqueen|318\/342
|
|switch|p2a: NotSkarmory|Blissey, F|505\/714
|move|p1a: Nidoqueen|Stealth Rock|p2a: NotSkarmory
|-sidestart|p2: Natsu Slayer|move: Stealth Rock
|
|-heal|p1a: Nidoqueen|339\/342|[from] item: Black Sludge
|-heal|p2a: NotSkarmory|549\/714|[from] item: Leftovers
|turn|27
|
|switch|p1a: Lucario|Lucario, F|273\/281
|move|p2a: NotSkarmory|Stealth Rock|p1a: Lucario
|-sidestart|p1: UrNemesis357|move: Stealth Rock
|
|-heal|p2a: NotSkarmory|593\/714|[from] item: Leftovers
|turn|28
|
|switch|p2a: Serebii|Whimsicott, M, shiny|229\/261
|-damage|p2a: Serebii|197\/261|[from] Stealth Rock
|move|p1a: Lucario|Swords Dance|p1a: Lucario
|-boost|p1a: Lucario|atk|2
|
|turn|29
|
|switch|p1a: Pidgeot|Pidgeot-Mega, M|207\/307
|-damage|p1a: Pidgeot|131\/307|[from] Stealth Rock
|move|p2a: Serebii|Encore|p1a: Pidgeot
|-fail|p1a: Pidgeot
|
|turn|30
|
|switch|p2a: NotSkarmory|Blissey, F|593\/714
|-damage|p2a: NotSkarmory|504\/714|[from] Stealth Rock
|move|p1a: Pidgeot|Hurricane|p2a: NotSkarmory
|-damage|p2a: NotSkarmory|357\/714
|
|-heal|p2a: NotSkarmory|401\/714|[from] item: Leftovers
|turn|31
|
|move|p1a: Pidgeot|Roost|p1a: Pidgeot
|-heal|p1a: Pidgeot|285\/307
|move|p2a: NotSkarmory|Seismic Toss|p1a: Pidgeot
|-damage|p1a: Pidgeot|185\/307
|
|-heal|p2a: NotSkarmory|445\/714|[from] item: Leftovers
|turn|32
|
|move|p1a: Pidgeot|Hurricane|p2a: NotSkarmory
|-damage|p2a: NotSkarmory|300\/714
|move|p2a: NotSkarmory|Seismic Toss|p1a: Pidgeot
|-damage|p1a: Pidgeot|85\/307
|
|-heal|p2a: NotSkarmory|344\/714|[from] item: Leftovers
|turn|33
|
|move|p1a: Pidgeot|Roost|p1a: Pidgeot
|-heal|p1a: Pidgeot|239\/307
|move|p2a: NotSkarmory|Soft-Boiled|p2a: NotSkarmory
|-heal|p2a: NotSkarmory|701\/714
|
|-heal|p2a: NotSkarmory|714\/714|[from] item: Leftovers
|turn|34
|
|move|p1a: Pidgeot|U-turn|p2a: NotSkarmory
|-damage|p2a: NotSkarmory|641\/714
|
|switch|p1a: Milotic|Milotic, M|285\/394 tox
|-damage|p1a: Milotic|236\/394 tox|[from] Stealth Rock
|move|p2a: NotSkarmory|Seismic Toss|p1a: Milotic
|-damage|p1a: Milotic|136\/394 tox
|
|-heal|p1a: Milotic|160\/394 tox|[from] item: Leftovers
|-heal|p2a: NotSkarmory|685\/714|[from] item: Leftovers
|-damage|p1a: Milotic|136\/394 tox|[from] psn
|turn|35
|
|switch|p2a: Acrobat-X|Crobat, F|373\/373
|-damage|p2a: Acrobat-X|280\/373|[from] Stealth Rock
|move|p1a: Milotic|Recover|p1a: Milotic
|-heal|p1a: Milotic|333\/394 tox
|
|-heal|p2a: Acrobat-X|303\/373|[from] item: Black Sludge
|-heal|p1a: Milotic|357\/394 tox|[from] item: Leftovers
|-damage|p1a: Milotic|309\/394 tox|[from] psn
|turn|36
|
|move|p2a: Acrobat-X|Defog|p1a: Milotic
|-unboost|p1a: Milotic|evasion|1
|-sideend|p1: UrNemesis357|Stealth Rock|[from] move: Defog|[of] p1a: Milotic
|-sideend|p2: Natsu Slayer|Stealth Rock|[from] move: Defog|[of] p2a: Acrobat-X
|move|p1a: Milotic|Scald|p2a: Acrobat-X
|-damage|p2a: Acrobat-X|200\/373
|-status|p2a: Acrobat-X|brn
|
|-heal|p2a: Acrobat-X|223\/373 brn|[from] item: Black Sludge
|-heal|p1a: Milotic|333\/394 tox|[from] item: Leftovers
|-damage|p2a: Acrobat-X|177\/373 brn|[from] brn
|-damage|p1a: Milotic|261\/394 tox|[from] psn
|turn|37
|
|switch|p2a: QuagmireHappy|Quagsire, F, shiny|370\/394
|switch|p1a: Lucario|Lucario, F|273\/281
|
|-heal|p2a: QuagmireHappy|394\/394|[from] item: Leftovers
|turn|38
|
|switch|p1a: Cresselia|Cresselia, F|213\/415
|move|p2a: QuagmireHappy|Scald|p1a: Cresselia
|-damage|p1a: Cresselia|162\/415
|
|-heal|p1a: Cresselia|187\/415|[from] item: Leftovers
|turn|39
|
|switch|p1a: Lucario|Lucario, F|273\/281
|move|p2a: QuagmireHappy|Toxic|p1a: Lucario
|-fail|p1a: Lucario
|
|turn|40
|
|switch|p1a: Milotic|Milotic, M|261\/394 tox
|move|p2a: QuagmireHappy|Earthquake|p1a: Milotic
|-damage|p1a: Milotic|198\/394 tox
|
|-heal|p1a: Milotic|222\/394 tox|[from] item: Leftovers
|-damage|p1a: Milotic|198\/394 tox|[from] psn
|turn|41
|
|switch|p2a: NotSkarmory|Blissey, F|685\/714
|move|p1a: Milotic|Recover|p1a: Milotic
|-heal|p1a: Milotic|394\/394 tox
|
|-heal|p2a: NotSkarmory|714\/714|[from] item: Leftovers
|-damage|p1a: Milotic|346\/394 tox|[from] psn
|turn|42
|
|switch|p1a: Lucario|Lucario, F|273\/281
|move|p2a: NotSkarmory|Heal Bell|p2a: NotSkarmory
|-cureteam|p2a: NotSkarmory|[from] move: HealBell
|
|turn|43
|
|switch|p2a: Serebii|Whimsicott, M, shiny|197\/261
|move|p1a: Lucario|Bullet Punch|p2a: Serebii
|-supereffective|p2a: Serebii
|-damage|p2a: Serebii|0 fnt
|-damage|p1a: Lucario|245\/281|[from] item: Life Orb
|faint|p2a: Serebii
|
|c|âNatsu Slayer|that was good
|
|switch|p2a: ChandyCruz|Chandelure, M, shiny|131\/261
|turn|44
|
|switch|p1a: Milotic|Milotic, M|346\/394 tox
|move|p2a: ChandyCruz|Energy Ball|p1a: Milotic
|-supereffective|p1a: Milotic
|-damage|p1a: Milotic|160\/394 tox
|
|-heal|p1a: Milotic|184\/394 tox|[from] item: Leftovers
|-damage|p1a: Milotic|160\/394 tox|[from] psn
|turn|45
|
|switch|p1a: Pidgeot|Pidgeot-Mega, M|239\/307
|move|p2a: ChandyCruz|Energy Ball|p1a: Pidgeot
|-resisted|p1a: Pidgeot
|-damage|p1a: Pidgeot|168\/307
|
|turn|46
|
|switch|p2a: NotSkarmory|Blissey, F|714\/714
|move|p1a: Pidgeot|U-turn|p2a: NotSkarmory
|-damage|p2a: NotSkarmory|637\/714
|c|âNatsu Slayer|I can't predict everything
|c|âNatsu Slayer|>.<
|
|switch|p1a: Nidoqueen|Nidoqueen, F|339\/342
|
|-heal|p1a: Nidoqueen|342\/342|[from] item: Black Sludge
|-heal|p2a: NotSkarmory|681\/714|[from] item: Leftovers
|turn|47
|
|move|p1a: Nidoqueen|Stealth Rock|p2a: NotSkarmory
|-sidestart|p2: Natsu Slayer|move: Stealth Rock
|move|p2a: NotSkarmory|Seismic Toss|p1a: Nidoqueen
|-damage|p1a: Nidoqueen|242\/342
|
|-heal|p1a: Nidoqueen|263\/342|[from] item: Black Sludge
|-heal|p2a: NotSkarmory|714\/714|[from] item: Leftovers
|turn|48
|
|switch|p1a: Milotic|Milotic, M|160\/394 tox
|switch|p2a: QuagmireHappy|Quagsire, F, shiny|394\/394
|-damage|p2a: QuagmireHappy|370\/394|[from] Stealth Rock
|
|-heal|p1a: Milotic|184\/394 tox|[from] item: Leftovers
|-heal|p2a: QuagmireHappy|394\/394|[from] item: Leftovers
|-damage|p1a: Milotic|160\/394 tox|[from] psn
|turn|49
|c|âUrNemesis357|double into chandy here
|c|âUrNemesis357|not real
|
|switch|p2a: Acrobat-X|Crobat, F|177\/373
|-damage|p2a: Acrobat-X|84\/373|[from] Stealth Rock
|move|p1a: Milotic|Recover|p1a: Milotic
|-heal|p1a: Milotic|357\/394 tox
|
|-heal|p2a: Acrobat-X|107\/373|[from] item: Black Sludge
|-heal|p1a: Milotic|381\/394 tox|[from] item: Leftovers
|-damage|p1a: Milotic|333\/394 tox|[from] psn
|turn|50
|
|move|p2a: Acrobat-X|Roost|p2a: Acrobat-X
|-heal|p2a: Acrobat-X|294\/373
|move|p1a: Milotic|Scald|p2a: Acrobat-X
|-damage|p2a: Acrobat-X|198\/373
|
|-heal|p2a: Acrobat-X|221\/373|[from] item: Black Sludge
|-heal|p1a: Milotic|357\/394 tox|[from] item: Leftovers
|-damage|p1a: Milotic|285\/394 tox|[from] psn
|turn|51
|c|âUrNemesis357|bad play
|
|move|p2a: Acrobat-X|Defog|p1a: Milotic
|-unboost|p1a: Milotic|evasion|1
|-sideend|p2: Natsu Slayer|Stealth Rock|[from] move: Defog|[of] p2a: Acrobat-X
|move|p1a: Milotic|Scald|p2a: Acrobat-X
|-damage|p2a: Acrobat-X|127\/373
|
|-heal|p2a: Acrobat-X|150\/373|[from] item: Black Sludge
|-heal|p1a: Milotic|309\/394 tox|[from] item: Leftovers
|-damage|p1a: Milotic|213\/394 tox|[from] psn
|turn|52
|c|âUrNemesis357|dont ask forthe burn
|
|move|p2a: Acrobat-X|U-turn|p1a: Milotic
|-damage|p1a: Milotic|180\/394 tox
|c|âNatsu Slayer|why milotic doesn't die
|c|âNatsu Slayer|xdd
|c|âUrNemesis357|marvel scale
|c|âNatsu Slayer|I hate it
|
|switch|p2a: NotSkarmory|Blissey, F|714\/714
|move|p1a: Milotic|Toxic|p2a: NotSkarmory
|-status|p2a: NotSkarmory|tox
|
|-heal|p1a: Milotic|204\/394 tox|[from] item: Leftovers
|-damage|p1a: Milotic|84\/394 tox|[from] psn
|-damage|p2a: NotSkarmory|670\/714 tox|[from] psn
|turn|53
|c|âNatsu Slayer|!data marvel scale
|c|~|\/data-ability Marvel Scale

|c|âUrNemesis357|i wish it was burn instead of toxic tho
|
|switch|p1a: Lucario|Lucario, F|245\/281
|move|p2a: NotSkarmory|Heal Bell|p2a: NotSkarmory
|-cureteam|p2a: NotSkarmory|[from] move: HealBell
|
|-heal|p2a: NotSkarmory|714\/714|[from] item: Leftovers
|turn|54
|c|âNatsu Slayer|i'm dead
|
|switch|p2a: ChandyCruz|Chandelure, M, shiny|131\/261
|move|p1a: Lucario|Swords Dance|p1a: Lucario
|-boost|p1a: Lucario|atk|2
|
|turn|55
|c|âNatsu Slayer|oh wait
|c|âUrNemesis357|you're scarf
|c|âUrNemesis357|shit
|
|move|p1a: Lucario|Bullet Punch|p2a: ChandyCruz
|-crit|p2a: ChandyCruz
|-resisted|p2a: ChandyCruz
|-damage|p2a: ChandyCruz|0 fnt
|-damage|p1a: Lucario|217\/281|[from] item: Life Orb
|faint|p2a: ChandyCruz
|
|c|âUrNemesis357|e-speed
|c|âNatsu Slayer|HELLO
|c|âNatsu Slayer|ok np
|c|âNatsu Slayer|like omg
|c|âUrNemesis357|that kills
|
|switch|p2a: QuagmireHappy|Quagsire, F, shiny|394\/394
|turn|56
|c|âUrNemesis357|26*2 = 52
|c|âUrNemesis357|min
|c|âNatsu Slayer|oh
|c|âNatsu Slayer|nvm
|c|âNatsu Slayer|then
|
|switch|p1a: Cresselia|Cresselia, F|187\/415
|move|p2a: QuagmireHappy|Toxic|p1a: Cresselia
|-status|p1a: Cresselia|tox
|
|-heal|p1a: Cresselia|212\/415 tox|[from] item: Leftovers
|-damage|p1a: Cresselia|187\/415 tox|[from] psn
|turn|57
|
|switch|p2a: NotSkarmory|Blissey, F|714\/714
|move|p1a: Cresselia|Psyshock|p2a: NotSkarmory
|-damage|p2a: NotSkarmory|564\/714
|
|-heal|p1a: Cresselia|212\/415 tox|[from] item: Leftovers
|-heal|p2a: NotSkarmory|608\/714|[from] item: Leftovers
|-damage|p1a: Cresselia|162\/415 tox|[from] psn
|turn|58
|
|switch|p1a: Nidoqueen|Nidoqueen, F|263\/342
|switch|p2a: QuagmireHappy|Quagsire, F, shiny|394\/394
|
|-heal|p1a: Nidoqueen|284\/342|[from] item: Black Sludge
|turn|59
|
|move|p1a: Nidoqueen|Earth Power|p2a: QuagmireHappy
|-damage|p2a: QuagmireHappy|234\/394
|move|p2a: QuagmireHappy|Earthquake|p1a: Nidoqueen
|-supereffective|p1a: Nidoqueen
|-damage|p1a: Nidoqueen|98\/342
|
|-heal|p1a: Nidoqueen|119\/342|[from] item: Black Sludge
|-heal|p2a: QuagmireHappy|258\/394|[from] item: Leftovers
|turn|60
|
|move|p1a: Nidoqueen|Stealth Rock|p2a: QuagmireHappy
|-sidestart|p2: Natsu Slayer|move: Stealth Rock
|move|p2a: QuagmireHappy|Recover|p2a: QuagmireHappy
|-heal|p2a: QuagmireHappy|394\/394
|
|-heal|p1a: Nidoqueen|140\/342|[from] item: Black Sludge
|turn|61
|c|âNatsu Slayer|oh you xd
|c|âNatsu Slayer|stop it
|
|switch|p1a: Cresselia|Cresselia, F|162\/415 tox
|move|p2a: QuagmireHappy|Earthquake|p1a: Cresselia
|-immune|p1a: Cresselia|[msg]
|
|-heal|p1a: Cresselia|187\/415 tox|[from] item: Leftovers
|-damage|p1a: Cresselia|162\/415 tox|[from] psn
|turn|62
|c|âNatsu Slayer|meh
|
|switch|p2a: NotSkarmory|Blissey, F|608\/714
|-damage|p2a: NotSkarmory|519\/714|[from] Stealth Rock
|move|p1a: Cresselia|Moonblast|p2a: NotSkarmory
|-damage|p2a: NotSkarmory|467\/714
|-unboost|p2a: NotSkarmory|spa|1
|
|-heal|p1a: Cresselia|187\/415 tox|[from] item: Leftovers
|-heal|p2a: NotSkarmory|511\/714|[from] item: Leftovers
|-damage|p1a: Cresselia|137\/415 tox|[from] psn
|turn|63
|
|switch|p2a: QuagmireHappy|Quagsire, F, shiny|394\/394
|-damage|p2a: QuagmireHappy|370\/394|[from] Stealth Rock
|move|p1a: Cresselia|Psyshock|p2a: QuagmireHappy
|-damage|p2a: QuagmireHappy|307\/394
|
|-heal|p1a: Cresselia|162\/415 tox|[from] item: Leftovers
|-heal|p2a: QuagmireHappy|331\/394|[from] item: Leftovers
|-damage|p1a: Cresselia|87\/415 tox|[from] psn
|turn|64
|
|move|p1a: Cresselia|Moonblast|p2a: QuagmireHappy
|-damage|p2a: QuagmireHappy|240\/394
|move|p2a: QuagmireHappy|Recover|p2a: QuagmireHappy
|-heal|p2a: QuagmireHappy|394\/394
|
|-heal|p1a: Cresselia|112\/415 tox|[from] item: Leftovers
|-damage|p1a: Cresselia|12\/415 tox|[from] psn
|turn|65
|
|switch|p1a: Pidgeot|Pidgeot-Mega, M|168\/307
|switch|p2a: Acrobat-X|Crobat, F|150\/373
|-damage|p2a: Acrobat-X|57\/373|[from] Stealth Rock
|
|-heal|p2a: Acrobat-X|80\/373|[from] item: Black Sludge
|turn|66
|c|âUrNemesis357|toxic here y\/n
|c|âUrNemesis357|no
|c|âNatsu Slayer|I canceled
|c|âNatsu Slayer|nooo
|c|âUrNemesis357|are you nice
|
|switch|p1a: Cresselia|Cresselia, F|12\/415 tox
|move|p2a: Acrobat-X|Defog|p1a: Cresselia
|-unboost|p1a: Cresselia|evasion|1
|-sideend|p2: Natsu Slayer|Stealth Rock|[from] move: Defog|[of] p2a: Acrobat-X
|
|-heal|p2a: Acrobat-X|103\/373|[from] item: Black Sludge
|-heal|p1a: Cresselia|37\/415 tox|[from] item: Leftovers
|-damage|p1a: Cresselia|12\/415 tox|[from] psn
|turn|67
|c|âUrNemesis357|and fast bat
|
|move|p2a: Acrobat-X|U-turn|p1a: Cresselia
|-supereffective|p1a: Cresselia
|-damage|p1a: Cresselia|0 fnt
|faint|p1a: Cresselia
|
|switch|p2a: QuagmireHappy|Quagsire, F, shiny|394\/394
|
|
|switch|p1a: Pidgeot|Pidgeot-Mega, M|168\/307
|turn|68
|c|âUrNemesis357|why'd i do that
|c|âUrNemesis357|i think milotic can win
|
|switch|p2a: Acrobat-X|Crobat, F|103\/373
|move|p1a: Pidgeot|Hurricane|p2a: Acrobat-X
|-damage|p2a: Acrobat-X|0 fnt
|faint|p2a: Acrobat-X
|
|
|switch|p2a: NotSkarmory|Blissey, F|511\/714
|turn|69
|
|move|p1a: Pidgeot|Hurricane|p2a: NotSkarmory
|-damage|p2a: NotSkarmory|366\/714
|-start|p2a: NotSkarmory|confusion
|-activate|p2a: NotSkarmory|confusion
|-damage|p2a: NotSkarmory|354\/714|[from] confusion
|
|-heal|p2a: NotSkarmory|398\/714|[from] item: Leftovers
|turn|70
|c|âUrNemesis357|there it is
|c|âNatsu Slayer|D:
|c|âNatsu Slayer|hell no
|
|move|p1a: Pidgeot|U-turn|p2a: NotSkarmory
|-damage|p2a: NotSkarmory|326\/714
|
|switch|p1a: Nidoqueen|Nidoqueen, F|140\/342
|-end|p2a: NotSkarmory|confusion
|move|p2a: NotSkarmory|Soft-Boiled|p2a: NotSkarmory
|-heal|p2a: NotSkarmory|683\/714
|
|-heal|p1a: Nidoqueen|161\/342|[from] item: Black Sludge
|-heal|p2a: NotSkarmory|714\/714|[from] item: Leftovers
|turn|71
|c|âNatsu Slayer|wow
|c|âUrNemesis357|y?
|
|move|p1a: Nidoqueen|Stealth Rock|p2a: NotSkarmory
|-sidestart|p2: Natsu Slayer|move: Stealth Rock
|move|p2a: NotSkarmory|Seismic Toss|p1a: Nidoqueen
|-damage|p1a: Nidoqueen|61\/342
|
|-heal|p1a: Nidoqueen|82\/342|[from] item: Black Sludge
|turn|72
|c|âNatsu Slayer|bad luck
|
|switch|p1a: Lucario|Lucario, F|217\/281
|move|p2a: NotSkarmory|Seismic Toss|p1a: Lucario
|-damage|p1a: Lucario|117\/281
|
|turn|73
|
|switch|p2a: QuagmireHappy|Quagsire, F, shiny|394\/394
|-damage|p2a: QuagmireHappy|370\/394|[from] Stealth Rock
|move|p1a: Lucario|Close Combat|p2a: QuagmireHappy
|-damage|p2a: QuagmireHappy|162\/394
|-unboost|p1a: Lucario|def|1
|-unboost|p1a: Lucario|spd|1
|-damage|p1a: Lucario|89\/281|[from] item: Life Orb
|
|-heal|p2a: QuagmireHappy|186\/394|[from] item: Leftovers
|turn|74
|c|âUrNemesis357|gg boise
|c|âUrNemesis357|this was long
|c|âUrNemesis357|and crazy
|
|move|p1a: Lucario|Close Combat|p2a: QuagmireHappy
|-crit|p2a: QuagmireHappy
|-damage|p2a: QuagmireHappy|0 fnt
|-unboost|p1a: Lucario|def|1
|-unboost|p1a: Lucario|spd|1
|-damage|p1a: Lucario|61\/281|[from] item: Life Orb
|faint|p2a: QuagmireHappy
|
|c|âNatsu Slayer|gg
|
|switch|p2a: NotSkarmory|Blissey, F|714\/714
|-damage|p2a: NotSkarmory|625\/714|[from] Stealth Rock
|turn|75
|c|âNatsu Slayer|and crobat wasn't faster
|c|âNatsu Slayer|374
|c|âUrNemesis357|ohh run 376
|
|move|p1a: Lucario|Close Combat|p2a: NotSkarmory
|-supereffective|p2a: NotSkarmory
|-damage|p2a: NotSkarmory|0 fnt
|-unboost|p1a: Lucario|def|1
|-unboost|p1a: Lucario|spd|1
|-damage|p1a: Lucario|33\/281|[from] item: Life Orb
|faint|p2a: NotSkarmory
|
|win|UrNemesis357
|raw|Ladder updating...
|c|âNatsu Slayer|not max speed
|raw|UrNemesis357's rating: 1507 &rarr; <strong>1517<\/strong><br \/>(+10 for winning)
|raw|Natsu Slayer's rating: 1331 &rarr; <strong>1320<\/strong><br \/>(-11 for losing)
|c|âUrNemesis357|gg
|c|âUrNemesis357|i'm climbin
|c|âNatsu Slayer|gg man
|c|âNatsu Slayer|yeah
|leave|UrNemesis357
|join|Demxer
|player|p1
|join|Laurens2603
|leave|Laurens2603
|join|Straight Bear Sex
|join|J3k
|join|trevor ellis
|leave|trevor ellis
|leave|J3k
|c|âNatsu Slayer|cool team also
|leave|Demxer
|leave|Straight Bear Sex