|join|UrNemesis357
|join|Arogar
|player|p1|UrNemesis357|144
|player|p2|Arogar|102
|gametype|singles
|gen|6
|tier|UU
|rated
|rule|Sleep Clause Mod: Limit one foe put to sleep
|rule|Species Clause: Limit one of each PokÃ©mon
|rule|OHKO Clause: OHKO moves are banned
|rule|Moody Clause: Moody is banned
|rule|Evasion Moves Clause: Evasion moves are banned
|rule|Endless Battle Clause: Forcing endless battles is banned
|rule|HP Percentage Mod: HP is shown in percentages
|clearpoke
|poke|p1|Yanmega, M
|poke|p1|Blastoise, M
|poke|p1|Infernape, F
|poke|p1|Snorlax, F
|poke|p1|Celebi
|poke|p1|Jirachi
|poke|p2|Chandelure, F
|poke|p2|Chesnaught, M
|poke|p2|Jirachi
|poke|p2|Tentacruel, M
|poke|p2|Azelf
|poke|p2|Florges, F
|rule|Swagger Clause: Swagger is banned
|rule|Baton Pass Clause: Limit one PokÃ©mon knowing Baton Pass
|teampreview
|join|ghaaaraah
|
|start
|switch|p1a: Not hax|Jirachi|341\/341
|switch|p2a: Azelf|Azelf|292\/292
|turn|1
|
|move|p1a: Not hax|Iron Head|p2a: Azelf
|-damage|p2a: Azelf|126\/292
|move|p2a: Azelf|Knock Off|p1a: Not hax
|-supereffective|p1a: Not hax
|-damage|p1a: Not hax|115\/341
|-enditem|p1a: Not hax|Choice Scarf|[from] move: Knock Off|[of] p2a: Azelf
|
|turn|2
|
|switch|p1a: Bentely|Blastoise, M|318\/318
|move|p2a: Azelf|Stealth Rock|p1a: Bentely
|-sidestart|p1: UrNemesis357|move: Stealth Rock
|
|turn|3
|
|detailschange|p1a: Bentely|Blastoise-Mega, M
|-mega|p1a: Bentely|Blastoise|Blastoisinite
|move|p2a: Azelf|Explosion|p1a: Bentely
|-crit|p1a: Bentely
|-damage|p1a: Bentely|0 fnt
|faint|p2a: Azelf
|faint|p1a: Bentely
|
|
|switch|p1a: Bonobo|Infernape, F|293\/293
|switch|p2a: Jirachi|Jirachi|342\/342
|-damage|p1a: Bonobo|257\/293|[from] Stealth Rock
|turn|4
|
|move|p2a: Jirachi|U-turn|p1a: Bonobo
|-resisted|p1a: Bonobo
|-damage|p1a: Bonobo|233\/293
|
|switch|p2a: Florges|Florges, F|360\/360
|move|p1a: Bonobo|Flare Blitz|p2a: Florges
|-damage|p2a: Florges|144\/360
|-damage|p1a: Bonobo|162\/293|[from] recoil|[of] p2a: Florges
|-damage|p1a: Bonobo|133\/293|[from] item: Life Orb
|
|-heal|p2a: Florges|166\/360|[from] item: Leftovers
|turn|5
|
|switch|p1a: Ilookediblepink|Celebi|403\/403
|-damage|p1a: Ilookediblepink|353\/403|[from] Stealth Rock
|move|p2a: Florges|Protect|p2a: Florges
|-fail|p2a: Florges
|
|-heal|p1a: Ilookediblepink|378\/403|[from] item: Leftovers
|-heal|p2a: Florges|188\/360|[from] item: Leftovers
|turn|6
|
|move|p1a: Ilookediblepink|Stealth Rock|p2a: Florges
|-sidestart|p2: Arogar|move: Stealth Rock
|move|p2a: Florges|Wish|p2a: Florges
|
|-heal|p1a: Ilookediblepink|403\/403|[from] item: Leftovers
|-heal|p2a: Florges|210\/360|[from] item: Leftovers
|turn|7
|
|switch|p2a: Tentacruel|Tentacruel, M|364\/364
|-damage|p2a: Tentacruel|319\/364|[from] Stealth Rock
|move|p1a: Ilookediblepink|Giga Drain|p2a: Tentacruel
|-damage|p2a: Tentacruel|249\/364
|-damage|p1a: Ilookediblepink|368\/403|[from] ability: Liquid Ooze|[of] p2a: Tentacruel
|
|-heal|p2a: Tentacruel|364\/364|[from] move: Wish|[wisher] Florges
|-heal|p1a: Ilookediblepink|393\/403|[from] item: Leftovers
|turn|8
|
|move|p1a: Ilookediblepink|Calm Mind|p1a: Ilookediblepink
|-boost|p1a: Ilookediblepink|spa|1
|-boost|p1a: Ilookediblepink|spd|1
|move|p2a: Tentacruel|Knock Off|p1a: Ilookediblepink
|-supereffective|p1a: Ilookediblepink
|-damage|p1a: Ilookediblepink|321\/403
|-enditem|p1a: Ilookediblepink|Leftovers|[from] move: Knock Off|[of] p2a: Tentacruel
|
|turn|9
|
|move|p1a: Ilookediblepink|Calm Mind|p1a: Ilookediblepink
|-boost|p1a: Ilookediblepink|spa|1
|-boost|p1a: Ilookediblepink|spd|1
|move|p2a: Tentacruel|Rapid Spin|p1a: Ilookediblepink
|-damage|p1a: Ilookediblepink|313\/403
|-sideend|p2: Arogar|Stealth Rock|[from] move: Rapid Spin|[of] p2a: Tentacruel
|
|turn|10
|
|switch|p2a: Jirachi|Jirachi|342\/342
|move|p1a: Ilookediblepink|Giga Drain|p2a: Jirachi
|-resisted|p2a: Jirachi
|-damage|p2a: Jirachi|252\/342
|-heal|p1a: Ilookediblepink|358\/403|[from] drain|[of] p2a: Jirachi
|
|turn|11
|
|move|p2a: Jirachi|U-turn|p1a: Ilookediblepink
|-supereffective|p1a: Ilookediblepink
|-damage|p1a: Ilookediblepink|158\/403
|
|switch|p2a: Chandelure|Chandelure, F|262\/262
|move|p1a: Ilookediblepink|Recover|p1a: Ilookediblepink
|-heal|p1a: Ilookediblepink|360\/403
|
|turn|12
|
|switch|p1a: Not hax|Jirachi|115\/341
|-damage|p1a: Not hax|94\/341|[from] Stealth Rock
|move|p2a: Chandelure|Fire Blast|p1a: Not hax
|-crit|p1a: Not hax
|-supereffective|p1a: Not hax
|-damage|p1a: Not hax|0 fnt
|faint|p1a: Not hax
|
|
|switch|p1a: Hugs|Snorlax, F|523\/523
|-damage|p1a: Hugs|458\/523|[from] Stealth Rock
|turn|13
|
|switch|p2a: Chesnaught|Chesnaught, M|380\/380
|move|p1a: Hugs|Curse|p1a: Hugs
|-boost|p1a: Hugs|atk|1
|-boost|p1a: Hugs|def|1
|-unboost|p1a: Hugs|spe|1
|
|-heal|p1a: Hugs|490\/523|[from] item: Leftovers
|turn|14
|
|move|p2a: Chesnaught|Leech Seed|p1a: Hugs
|-start|p1a: Hugs|move: Leech Seed
|move|p1a: Hugs|Curse|p1a: Hugs
|-boost|p1a: Hugs|atk|1
|-boost|p1a: Hugs|def|1
|-unboost|p1a: Hugs|spe|1
|
|-heal|p1a: Hugs|522\/523|[from] item: Leftovers
|-damage|p1a: Hugs|457\/523|[from] Leech Seed|[of] p2a: Chesnaught
|turn|15
|
|switch|p2a: Jirachi|Jirachi|252\/342
|move|p1a: Hugs|Curse|p1a: Hugs
|-boost|p1a: Hugs|atk|1
|-boost|p1a: Hugs|def|1
|-unboost|p1a: Hugs|spe|1
|
|-heal|p1a: Hugs|489\/523|[from] item: Leftovers
|-damage|p1a: Hugs|424\/523|[from] Leech Seed|[of] p2a: Jirachi
|-heal|p2a: Jirachi|317\/342|[silent]
|turn|16
|
|move|p2a: Jirachi|Trick|p1a: Hugs
|-activate|p2a: Jirachi|move: Trick|[of] p1a: Hugs
|-item|p1a: Hugs|Choice Scarf|[from] move: Trick
|-item|p2a: Jirachi|Leftovers|[from] move: Trick
|move|p1a: Hugs|Earthquake|p2a: Jirachi
|-supereffective|p2a: Jirachi
|-damage|p2a: Jirachi|0 fnt
|faint|p2a: Jirachi
|
|
|switch|p2a: Florges|Florges, F|210\/360
|turn|17
|
|move|p2a: Florges|Protect|p2a: Florges
|-singleturn|p2a: Florges|Protect
|move|p1a: Hugs|Earthquake|p2a: Florges
|-activate|p2a: Florges|Protect
|
|-heal|p2a: Florges|232\/360|[from] item: Leftovers
|-damage|p1a: Hugs|359\/523|[from] Leech Seed|[of] p2a: Florges
|-heal|p2a: Florges|297\/360|[silent]
|turn|18
|
|switch|p2a: Chesnaught|Chesnaught, M|380\/380
|move|p1a: Hugs|Earthquake|p2a: Chesnaught
|-resisted|p2a: Chesnaught
|-damage|p2a: Chesnaught|314\/380
|
|-heal|p2a: Chesnaught|337\/380|[from] item: Leftovers
|-damage|p1a: Hugs|294\/523|[from] Leech Seed|[of] p2a: Chesnaught
|-heal|p2a: Chesnaught|380\/380|[silent]
|turn|19
|
|switch|p1a: Ilookediblepink|Celebi|360\/403
|-damage|p1a: Ilookediblepink|310\/403|[from] Stealth Rock
|move|p2a: Chesnaught|Drain Punch|p1a: Ilookediblepink
|-resisted|p1a: Ilookediblepink
|-damage|p1a: Ilookediblepink|278\/403
|
|turn|20
|
|switch|p2a: Tentacruel|Tentacruel, M|364\/364
|move|p1a: Ilookediblepink|Stealth Rock|p2a: Tentacruel
|-sidestart|p2: Arogar|move: Stealth Rock
|
|turn|21
|
|move|p1a: Ilookediblepink|Recover|p1a: Ilookediblepink
|-heal|p1a: Ilookediblepink|403\/403
|move|p2a: Tentacruel|Toxic Spikes|p1a: Ilookediblepink
|-sidestart|p1: UrNemesis357|move: Toxic Spikes
|
|turn|22
|
|move|p1a: Ilookediblepink|Calm Mind|p1a: Ilookediblepink
|-boost|p1a: Ilookediblepink|spa|1
|-boost|p1a: Ilookediblepink|spd|1
|move|p2a: Tentacruel|Toxic Spikes|p1a: Ilookediblepink
|-sidestart|p1: UrNemesis357|move: Toxic Spikes
|
|turn|23
|
|move|p1a: Ilookediblepink|Calm Mind|p1a: Ilookediblepink
|-boost|p1a: Ilookediblepink|spa|1
|-boost|p1a: Ilookediblepink|spd|1
|move|p2a: Tentacruel|Rapid Spin|p1a: Ilookediblepink
|-damage|p1a: Ilookediblepink|394\/403
|-sideend|p2: Arogar|Stealth Rock|[from] move: Rapid Spin|[of] p2a: Tentacruel
|
|turn|24
|
|switch|p2a: Chandelure|Chandelure, F|262\/262
|move|p1a: Ilookediblepink|Calm Mind|p1a: Ilookediblepink
|-boost|p1a: Ilookediblepink|spa|1
|-boost|p1a: Ilookediblepink|spd|1
|
|turn|25
|
|move|p2a: Chandelure|Trick|p1a: Ilookediblepink
|-activate|p2a: Chandelure|move: Trick|[of] p1a: Ilookediblepink
|-item|p1a: Ilookediblepink|Leftovers|[from] move: Trick
|move|p1a: Ilookediblepink|Recover|p1a: Ilookediblepink
|-heal|p1a: Ilookediblepink|403\/403
|
|turn|26
|
|move|p2a: Chandelure|Fire Blast|p1a: Ilookediblepink
|-supereffective|p1a: Ilookediblepink
|-damage|p1a: Ilookediblepink|203\/403
|-status|p1a: Ilookediblepink|brn
|move|p1a: Ilookediblepink|Giga Drain|p2a: Chandelure
|-resisted|p2a: Chandelure
|-damage|p2a: Chandelure|144\/262
|-heal|p1a: Ilookediblepink|262\/403 brn|[from] drain|[of] p2a: Chandelure
|
|-heal|p1a: Ilookediblepink|287\/403 brn|[from] item: Leftovers
|-damage|p1a: Ilookediblepink|237\/403 brn|[from] brn
|turn|27
|c|âUrNemesis357|you haxing cunt
|
|move|p2a: Chandelure|Trick|p1a: Ilookediblepink
|-activate|p2a: Chandelure|move: Trick|[of] p1a: Ilookediblepink
|-item|p2a: Chandelure|Leftovers|[from] move: Trick
|move|p1a: Ilookediblepink|Recover|p1a: Ilookediblepink
|-heal|p1a: Ilookediblepink|403\/403 brn
|
|-heal|p2a: Chandelure|160\/262|[from] item: Leftovers
|-damage|p1a: Ilookediblepink|353\/403 brn|[from] brn
|turn|28
|
|move|p2a: Chandelure|Shadow Ball|p1a: Ilookediblepink
|-supereffective|p1a: Ilookediblepink
|-damage|p1a: Ilookediblepink|221\/403 brn
|move|p1a: Ilookediblepink|Recover|p1a: Ilookediblepink
|-heal|p1a: Ilookediblepink|403\/403 brn
|
|-heal|p2a: Chandelure|176\/262|[from] item: Leftovers
|-damage|p1a: Ilookediblepink|353\/403 brn|[from] brn
|turn|29
|
|move|p2a: Chandelure|Shadow Ball|p1a: Ilookediblepink
|-supereffective|p1a: Ilookediblepink
|-damage|p1a: Ilookediblepink|227\/403 brn
|move|p1a: Ilookediblepink|Giga Drain|p2a: Chandelure
|-resisted|p2a: Chandelure
|-damage|p2a: Chandelure|62\/262
|-heal|p1a: Ilookediblepink|284\/403 brn|[from] drain|[of] p2a: Chandelure
|
|-heal|p2a: Chandelure|78\/262|[from] item: Leftovers
|-damage|p1a: Ilookediblepink|234\/403 brn|[from] brn
|turn|30
|
|move|p2a: Chandelure|Fire Blast|p1a: Ilookediblepink
|-supereffective|p1a: Ilookediblepink
|-damage|p1a: Ilookediblepink|58\/403 brn
|move|p1a: Ilookediblepink|Giga Drain|p2a: Chandelure
|-resisted|p2a: Chandelure
|-damage|p2a: Chandelure|0 fnt
|-heal|p1a: Ilookediblepink|97\/403 brn|[from] drain|[of] p2a: Chandelure
|faint|p2a: Chandelure
|
|-damage|p1a: Ilookediblepink|47\/403 brn|[from] brn
|
|switch|p2a: Florges|Florges, F|297\/360
|turn|31
|
|move|p1a: Ilookediblepink|Recover|p1a: Ilookediblepink
|-heal|p1a: Ilookediblepink|249\/403 brn
|move|p2a: Florges|Moonblast|p1a: Ilookediblepink
|-damage|p1a: Ilookediblepink|197\/403 brn
|
|-heal|p2a: Florges|319\/360|[from] item: Leftovers
|-damage|p1a: Ilookediblepink|147\/403 brn|[from] brn
|turn|32
|
|move|p1a: Ilookediblepink|Recover|p1a: Ilookediblepink
|-heal|p1a: Ilookediblepink|349\/403 brn
|move|p2a: Florges|Moonblast|p1a: Ilookediblepink
|-damage|p1a: Ilookediblepink|294\/403 brn
|
|-heal|p2a: Florges|341\/360|[from] item: Leftovers
|-damage|p1a: Ilookediblepink|244\/403 brn|[from] brn
|turn|33
|
|move|p1a: Ilookediblepink|Calm Mind|p1a: Ilookediblepink
|-boost|p1a: Ilookediblepink|spa|1
|-boost|p1a: Ilookediblepink|spd|1
|move|p2a: Florges|Moonblast|p1a: Ilookediblepink
|-damage|p1a: Ilookediblepink|199\/403 brn
|-unboost|p1a: Ilookediblepink|spa|1
|
|-heal|p2a: Florges|360\/360|[from] item: Leftovers
|-damage|p1a: Ilookediblepink|149\/403 brn|[from] brn
|turn|34
|
|move|p1a: Ilookediblepink|Giga Drain|p2a: Florges
|-damage|p2a: Florges|219\/360
|-heal|p1a: Ilookediblepink|220\/403 brn|[from] drain|[of] p2a: Florges
|move|p2a: Florges|Moonblast|p1a: Ilookediblepink
|-damage|p1a: Ilookediblepink|178\/403 brn
|
|-heal|p2a: Florges|241\/360|[from] item: Leftovers
|-damage|p1a: Ilookediblepink|128\/403 brn|[from] brn
|turn|35
|
|move|p1a: Ilookediblepink|Calm Mind|p1a: Ilookediblepink
|-boost|p1a: Ilookediblepink|spa|1
|-boost|p1a: Ilookediblepink|spd|1
|move|p2a: Florges|Moonblast|p1a: Ilookediblepink
|-damage|p1a: Ilookediblepink|88\/403 brn
|-unboost|p1a: Ilookediblepink|spa|1
|
|-heal|p2a: Florges|263\/360|[from] item: Leftovers
|-damage|p1a: Ilookediblepink|38\/403 brn|[from] brn
|turn|36
|
|move|p1a: Ilookediblepink|Recover|p1a: Ilookediblepink
|-heal|p1a: Ilookediblepink|240\/403 brn
|move|p2a: Florges|Moonblast|p1a: Ilookediblepink
|-damage|p1a: Ilookediblepink|201\/403 brn
|
|-heal|p2a: Florges|285\/360|[from] item: Leftovers
|-damage|p1a: Ilookediblepink|151\/403 brn|[from] brn
|turn|37
|
|move|p1a: Ilookediblepink|Recover|p1a: Ilookediblepink
|-heal|p1a: Ilookediblepink|353\/403 brn
|move|p2a: Florges|Moonblast|p1a: Ilookediblepink
|-damage|p1a: Ilookediblepink|316\/403 brn
|
|-heal|p2a: Florges|307\/360|[from] item: Leftovers
|-damage|p1a: Ilookediblepink|266\/403 brn|[from] brn
|turn|38
|
|move|p1a: Ilookediblepink|Calm Mind|p1a: Ilookediblepink
|-boost|p1a: Ilookediblepink|spa|1
|-boost|p1a: Ilookediblepink|spd|1
|move|p2a: Florges|Moonblast|p1a: Ilookediblepink
|-damage|p1a: Ilookediblepink|238\/403 brn
|-unboost|p1a: Ilookediblepink|spa|1
|
|-heal|p2a: Florges|329\/360|[from] item: Leftovers
|-damage|p1a: Ilookediblepink|188\/403 brn|[from] brn
|turn|39
|
|move|p1a: Ilookediblepink|Calm Mind|p1a: Ilookediblepink
|-boost|p1a: Ilookediblepink|spa|1
|move|p2a: Florges|Moonblast|p1a: Ilookediblepink
|-damage|p1a: Ilookediblepink|160\/403 brn
|-unboost|p1a: Ilookediblepink|spa|1
|
|-heal|p2a: Florges|351\/360|[from] item: Leftovers
|-damage|p1a: Ilookediblepink|110\/403 brn|[from] brn
|turn|40
|
|move|p1a: Ilookediblepink|Recover|p1a: Ilookediblepink
|-heal|p1a: Ilookediblepink|312\/403 brn
|move|p2a: Florges|Moonblast|p1a: Ilookediblepink
|-damage|p1a: Ilookediblepink|279\/403 brn
|
|-heal|p2a: Florges|360\/360|[from] item: Leftovers
|-damage|p1a: Ilookediblepink|229\/403 brn|[from] brn
|turn|41
|
|move|p1a: Ilookediblepink|Calm Mind|p1a: Ilookediblepink
|-boost|p1a: Ilookediblepink|spa|1
|move|p2a: Florges|Moonblast|p1a: Ilookediblepink
|-damage|p1a: Ilookediblepink|196\/403 brn
|-unboost|p1a: Ilookediblepink|spa|1
|
|-damage|p1a: Ilookediblepink|146\/403 brn|[from] brn
|turn|42
|c| ghaaaraah|lel
|
|move|p1a: Ilookediblepink|Giga Drain|p2a: Florges
|-damage|p2a: Florges|215\/360
|-heal|p1a: Ilookediblepink|219\/403 brn|[from] drain|[of] p2a: Florges
|move|p2a: Florges|Moonblast|p1a: Ilookediblepink
|-damage|p1a: Ilookediblepink|191\/403 brn
|
|-heal|p2a: Florges|237\/360|[from] item: Leftovers
|-damage|p1a: Ilookediblepink|141\/403 brn|[from] brn
|turn|43
|
|move|p1a: Ilookediblepink|Calm Mind|p1a: Ilookediblepink
|-boost|p1a: Ilookediblepink|spa|1
|move|p2a: Florges|Wish|p2a: Florges
|
|-heal|p2a: Florges|259\/360|[from] item: Leftovers
|-damage|p1a: Ilookediblepink|91\/403 brn|[from] brn
|turn|44
|
|move|p1a: Ilookediblepink|Giga Drain|p2a: Florges
|-damage|p2a: Florges|85\/360
|-heal|p1a: Ilookediblepink|178\/403 brn|[from] drain|[of] p2a: Florges
|move|p2a: Florges|Moonblast|p1a: Ilookediblepink
|-damage|p1a: Ilookediblepink|148\/403 brn
|
|-heal|p2a: Florges|265\/360|[from] move: Wish|[wisher] Florges
|-heal|p2a: Florges|287\/360|[from] item: Leftovers
|-damage|p1a: Ilookediblepink|98\/403 brn|[from] brn
|turn|45
|
|move|p1a: Ilookediblepink|Recover|p1a: Ilookediblepink
|-heal|p1a: Ilookediblepink|300\/403 brn
|move|p2a: Florges|Wish|p2a: Florges
|
|-heal|p2a: Florges|309\/360|[from] item: Leftovers
|-damage|p1a: Ilookediblepink|250\/403 brn|[from] brn
|turn|46
|c| ghaaaraah|calm here
|
|move|p1a: Ilookediblepink|Calm Mind|p1a: Ilookediblepink
|-boost|p1a: Ilookediblepink|spa|1
|move|p2a: Florges|Moonblast|p1a: Ilookediblepink
|-damage|p1a: Ilookediblepink|219\/403 brn
|
|-heal|p2a: Florges|360\/360|[from] move: Wish|[wisher] Florges
|-damage|p1a: Ilookediblepink|169\/403 brn|[from] brn
|turn|47
|
|move|p1a: Ilookediblepink|Giga Drain|p2a: Florges
|-crit|p2a: Florges
|-damage|p2a: Florges|63\/360
|-heal|p1a: Ilookediblepink|318\/403 brn|[from] drain|[of] p2a: Florges
|move|p2a: Florges|Moonblast|p1a: Ilookediblepink
|-damage|p1a: Ilookediblepink|285\/403 brn
|
|-heal|p2a: Florges|85\/360|[from] item: Leftovers
|-damage|p1a: Ilookediblepink|235\/403 brn|[from] brn
|turn|48
|
|move|p2a: Florges|Protect|p2a: Florges
|-singleturn|p2a: Florges|Protect
|move|p1a: Ilookediblepink|Giga Drain|p2a: Florges
|-activate|p2a: Florges|Protect
|
|-heal|p2a: Florges|107\/360|[from] item: Leftovers
|-damage|p1a: Ilookediblepink|185\/403 brn|[from] brn
|turn|49
|c|âUrNemesis357|switch to tenta here
|c|âUrNemesis357|that burn sucks
|
|switch|p2a: Chesnaught|Chesnaught, M|380\/380
|move|p1a: Ilookediblepink|Giga Drain|p2a: Chesnaught
|-resisted|p2a: Chesnaught
|-damage|p2a: Chesnaught|202\/380
|-heal|p1a: Ilookediblepink|274\/403 brn|[from] drain|[of] p2a: Chesnaught
|
|-heal|p2a: Chesnaught|225\/380|[from] item: Leftovers
|-damage|p1a: Ilookediblepink|224\/403 brn|[from] brn
|turn|50
|
|move|p2a: Chesnaught|Spiky Shield|p2a: Chesnaught
|-singleturn|p2a: Chesnaught|move: Protect
|move|p1a: Ilookediblepink|Stealth Rock|p2a: Chesnaught
|-sidestart|p2: Arogar|move: Stealth Rock
|
|-heal|p2a: Chesnaught|248\/380|[from] item: Leftovers
|-damage|p1a: Ilookediblepink|174\/403 brn|[from] brn
|turn|51
|
|switch|p2a: Tentacruel|Tentacruel, M|364\/364
|-damage|p2a: Tentacruel|319\/364|[from] Stealth Rock
|move|p1a: Ilookediblepink|Giga Drain|p2a: Tentacruel
|-damage|p2a: Tentacruel|57\/364
|-damage|p1a: Ilookediblepink|43\/403 brn|[from] ability: Liquid Ooze|[of] p2a: Tentacruel
|
|-heal|p2a: Tentacruel|79\/364|[from] item: Black Sludge
|-damage|p1a: Ilookediblepink|0 fnt|[from] brn
|faint|p1a: Ilookediblepink
|
|switch|p1a: GOD|Yanmega, M|314\/314
|-damage|p1a: GOD|157\/314|[from] Stealth Rock
|turn|52
|
|move|p1a: GOD|Air Slash|p2a: Tentacruel
|-damage|p2a: Tentacruel|0 fnt
|-damage|p1a: GOD|126\/314|[from] item: Life Orb
|faint|p2a: Tentacruel
|
|-boost|p1a: GOD|spe|1|[from] ability: Speed Boost
|
|switch|p2a: Florges|Florges, F|107\/360
|-damage|p2a: Florges|62\/360|[from] Stealth Rock
|turn|53
|
|move|p2a: Florges|Protect|p2a: Florges
|-singleturn|p2a: Florges|Protect
|move|p1a: GOD|Air Slash|p2a: Florges
|-activate|p2a: Florges|Protect
|
|-heal|p2a: Florges|84\/360|[from] item: Leftovers
|-boost|p1a: GOD|spe|1|[from] ability: Speed Boost
|turn|54
|c|âUrNemesis357|no miss
|c|âUrNemesis357|please
|c|âUrNemesis357|hax lord
|
|move|p1a: GOD|Air Slash|p2a: Florges
|-damage|p2a: Florges|0 fnt
|-damage|p1a: GOD|95\/314|[from] item: Life Orb
|faint|p2a: Florges
|
|-boost|p1a: GOD|spe|1|[from] ability: Speed Boost
|c|âUrNemesis357|yes
|c|âUrNemesis357|gg
|c|âUrNemesis357|man
|c|âUrNemesis357|you haxor
|
|switch|p2a: Chesnaught|Chesnaught, M|248\/380
|-damage|p2a: Chesnaught|225\/380|[from] Stealth Rock
|turn|55
|c|âUrNemesis357|but still
|
|move|p1a: GOD|Air Slash|p2a: Chesnaught
|-supereffective|p2a: Chesnaught
|-damage|p2a: Chesnaught|0 fnt
|-damage|p1a: GOD|64\/314|[from] item: Life Orb
|faint|p2a: Chesnaught
|
|win|UrNemesis357
|raw|Ladder updating...
|raw|UrNemesis357's rating: 1441 &rarr; <strong>1464<\/strong><br \/>(+23 for winning)
|raw|Arogar's rating: 1498 &rarr; <strong>1474<\/strong><br \/>(-24 for losing)
|leave|Arogar
|player|p2