|join|UrNemesis357
|join|DerpaniteX
|player|p1|UrNemesis357|144
|player|p2|DerpaniteX|122
|gametype|singles
|gen|6
|tier|UU
|rated
|rule|Sleep Clause Mod: Limit one foe put to sleep
|rule|Species Clause: Limit one of each PokÃ©mon
|rule|OHKO Clause: OHKO moves are banned
|rule|Moody Clause: Moody is banned
|rule|Evasion Moves Clause: Evasion moves are banned
|rule|Endless Battle Clause: Forcing endless battles is banned
|rule|HP Percentage Mod: HP is shown in percentages
|clearpoke
|poke|p1|Yanmega, M
|poke|p1|Blastoise, M
|poke|p1|Infernape, F
|poke|p1|Snorlax, M
|poke|p1|Celebi
|poke|p1|Jirachi
|poke|p2|Nidoking, M
|poke|p2|Fletchinder, F
|poke|p2|Sceptile, F
|poke|p2|Mienshao, F, shiny
|poke|p2|Vaporeon, F
|poke|p2|Forretress, M, shiny
|rule|Swagger Clause: Swagger is banned
|rule|Baton Pass Clause: Limit one PokÃ©mon knowing Baton Pass
|teampreview
|
|start
|switch|p1a: Ilookediblepink|Celebi|403\/403
|switch|p2a: Forretress|Forretress, M, shiny|354\/354
|turn|1
|
|move|p1a: Ilookediblepink|Stealth Rock|p2a: Forretress
|-sidestart|p2: DerpaniteX|move: Stealth Rock
|move|p2a: Forretress|Stealth Rock|p1a: Ilookediblepink
|-sidestart|p1: UrNemesis357|move: Stealth Rock
|
|turn|2
|
|switch|p1a: Bentely|Blastoise, M|318\/318
|-damage|p1a: Bentely|279\/318|[from] Stealth Rock
|move|p2a: Forretress|Toxic|p1a: Bentely
|-status|p1a: Bentely|tox
|
|-damage|p1a: Bentely|260\/318 tox|[from] psn
|turn|3
|
|detailschange|p1a: Bentely|Blastoise-Mega, M
|-mega|p1a: Bentely|Blastoise|Blastoisinite
|move|p1a: Bentely|Dark Pulse|p2a: Forretress
|-damage|p2a: Forretress|91\/354
|move|p2a: Forretress|Rapid Spin|p1a: Bentely
|-damage|p1a: Bentely|247\/318 tox
|-sideend|p2: DerpaniteX|Stealth Rock|[from] move: Rapid Spin|[of] p2a: Forretress
|
|-heal|p2a: Forretress|113\/354|[from] item: Leftovers
|-damage|p1a: Bentely|209\/318 tox|[from] psn
|turn|4
|
|switch|p2a: Vaporeon|Vaporeon, F|448\/448
|move|p1a: Bentely|Rapid Spin|p2a: Vaporeon
|-damage|p2a: Vaporeon|429\/448
|-sideend|p1: UrNemesis357|Stealth Rock|[from] move: Rapid Spin|[of] p1a: Bentely
|
|-heal|p2a: Vaporeon|448\/448|[from] item: Leftovers
|-damage|p1a: Bentely|152\/318 tox|[from] psn
|turn|5
|
|switch|p1a: Bonobo|Infernape, F|293\/293
|move|p2a: Vaporeon|Baton Pass|p2a: Vaporeon
|
|switch|p2a: Fletchinder|Fletchinder, F|291\/291
|
|turn|6
|
|switch|p1a: Not hax|Jirachi|341\/341
|move|p2a: Fletchinder|Acrobatics|p1a: Not hax
|-resisted|p1a: Not hax
|-damage|p1a: Not hax|266\/341
|
|turn|7
|
|move|p1a: Not hax|U-turn|p2a: Fletchinder
|-resisted|p2a: Fletchinder
|-damage|p2a: Fletchinder|262\/291
|
|switch|p1a: Bentely|Blastoise-Mega, M|152\/318 tox
|move|p2a: Fletchinder|Will-O-Wisp|p1a: Bentely
|-fail|p1a: Bentely
|
|-damage|p1a: Bentely|133\/318 tox|[from] psn
|turn|8
|
|switch|p2a: Vaporeon|Vaporeon, F|448\/448
|switch|p1a: Ilookediblepink|Celebi|403\/403
|
|turn|9
|
|move|p1a: Ilookediblepink|Stealth Rock|p2a: Vaporeon
|-sidestart|p2: DerpaniteX|move: Stealth Rock
|move|p2a: Vaporeon|Baton Pass|p2a: Vaporeon
|
|switch|p2a: Mienshao|Mienshao, F, shiny|271\/271
|-damage|p2a: Mienshao|255\/271|[from] Stealth Rock
|
|turn|10
|
|switch|p1a: Bonobo|Infernape, F|293\/293
|move|p2a: Mienshao|U-turn|p1a: Bonobo
|-resisted|p1a: Bonobo
|-damage|p1a: Bonobo|262\/293
|
|switch|p2a: Vaporeon|Vaporeon, F|448\/448
|-damage|p2a: Vaporeon|392\/448|[from] Stealth Rock
|
|-heal|p2a: Vaporeon|420\/448|[from] item: Leftovers
|turn|11
|
|switch|p1a: Ilookediblepink|Celebi|403\/403
|move|p2a: Vaporeon|Wish|p2a: Vaporeon
|
|-heal|p2a: Vaporeon|448\/448|[from] item: Leftovers
|turn|12
|
|move|p1a: Ilookediblepink|Recover|p1a: Ilookediblepink
|-fail|p1a: Ilookediblepink
|move|p2a: Vaporeon|Baton Pass|p2a: Vaporeon
|
|switch|p2a: Forretress|Forretress, M, shiny|113\/354
|-damage|p2a: Forretress|69\/354|[from] Stealth Rock
|
|-heal|p2a: Forretress|293\/354|[from] move: Wish|[wisher] Vaporeon
|-heal|p2a: Forretress|315\/354|[from] item: Leftovers
|turn|13
|c|âUrNemesis357|misclick :(
|
|move|p1a: Ilookediblepink|Giga Drain|p2a: Forretress
|-resisted|p2a: Forretress
|-damage|p2a: Forretress|283\/354
|move|p2a: Forretress|Stealth Rock|p1a: Ilookediblepink
|-sidestart|p1: UrNemesis357|move: Stealth Rock
|
|-heal|p2a: Forretress|305\/354|[from] item: Leftovers
|turn|14
|c|âDerpaniteX|derp
|c|âDerpaniteX|it happens
|
|move|p1a: Ilookediblepink|Calm Mind|p1a: Ilookediblepink
|-boost|p1a: Ilookediblepink|spa|1
|-boost|p1a: Ilookediblepink|spd|1
|move|p2a: Forretress|Rapid Spin|p1a: Ilookediblepink
|-damage|p1a: Ilookediblepink|391\/403
|-sideend|p2: DerpaniteX|Stealth Rock|[from] move: Rapid Spin|[of] p2a: Forretress
|
|-heal|p1a: Ilookediblepink|403\/403|[from] item: Leftovers
|-heal|p2a: Forretress|327\/354|[from] item: Leftovers
|turn|15
|
|move|p1a: Ilookediblepink|Stealth Rock|p2a: Forretress
|-sidestart|p2: DerpaniteX|move: Stealth Rock
|move|p2a: Forretress|Toxic|p1a: Ilookediblepink
|-status|p1a: Ilookediblepink|tox
|
|-heal|p2a: Forretress|349\/354|[from] item: Leftovers
|-damage|p1a: Ilookediblepink|378\/403 tox|[from] psn
|turn|16
|
|switch|p1a: Not hax|Jirachi|266\/341
|-damage|p1a: Not hax|245\/341|[from] Stealth Rock
|move|p2a: Forretress|Rapid Spin|p1a: Not hax
|-resisted|p1a: Not hax
|-damage|p1a: Not hax|238\/341
|-sideend|p2: DerpaniteX|Stealth Rock|[from] move: Rapid Spin|[of] p2a: Forretress
|
|-heal|p2a: Forretress|354\/354|[from] item: Leftovers
|turn|17
|
|switch|p2a: Sceptile|Sceptile, F|300\/300
|move|p1a: Not hax|U-turn|p2a: Sceptile
|-supereffective|p2a: Sceptile
|-damage|p2a: Sceptile|110\/300
|c|âDerpaniteX|i cannot read u at all
|c|âDerpaniteX|LOL
|
|switch|p1a: Bonobo|Infernape, F|262\/293
|-damage|p1a: Bonobo|226\/293|[from] Stealth Rock
|
|turn|18
|c|âDerpaniteX|r u lagging
|c|âDerpaniteX|?
|
|detailschange|p2a: Sceptile|Sceptile-Mega, F
|-mega|p2a: Sceptile|Sceptile|Sceptilite
|move|p2a: Sceptile|Detect|p2a: Sceptile
|-singleturn|p2a: Sceptile|Protect
|move|p1a: Bonobo|Close Combat|p2a: Sceptile
|-activate|p2a: Sceptile|Protect
|
|turn|19
|
|switch|p2a: Forretress|Forretress, M, shiny|354\/354
|move|p1a: Bonobo|Mach Punch|p2a: Forretress
|-damage|p2a: Forretress|298\/354
|-damage|p1a: Bonobo|197\/293|[from] item: Life Orb
|
|-heal|p2a: Forretress|320\/354|[from] item: Leftovers
|turn|20
|
|switch|p2a: Vaporeon|Vaporeon, F|448\/448
|move|p1a: Bonobo|Close Combat|p2a: Vaporeon
|-damage|p2a: Vaporeon|183\/448
|-unboost|p1a: Bonobo|def|1
|-unboost|p1a: Bonobo|spd|1
|-damage|p1a: Bonobo|168\/293|[from] item: Life Orb
|
|-heal|p2a: Vaporeon|211\/448|[from] item: Leftovers
|turn|21
|
|move|p2a: Vaporeon|Protect|p2a: Vaporeon
|-singleturn|p2a: Vaporeon|Protect
|move|p1a: Bonobo|Close Combat|p2a: Vaporeon
|-activate|p2a: Vaporeon|Protect
|
|-heal|p2a: Vaporeon|239\/448|[from] item: Leftovers
|turn|22
|
|switch|p2a: Sceptile|Sceptile-Mega, F|110\/300
|move|p1a: Bonobo|Flare Blitz|p2a: Sceptile
|-damage|p2a: Sceptile|0 fnt
|-damage|p1a: Bonobo|132\/293|[from] recoil|[of] p2a: Sceptile
|-damage|p1a: Bonobo|103\/293|[from] item: Life Orb
|faint|p2a: Sceptile
|
|
|switch|p2a: Fletchinder|Fletchinder, F|262\/291
|turn|23
|
|switch|p1a: Hugs|Snorlax, M|523\/523
|-damage|p1a: Hugs|458\/523|[from] Stealth Rock
|move|p2a: Fletchinder|Acrobatics|p1a: Hugs
|-damage|p1a: Hugs|244\/523
|
|-heal|p1a: Hugs|276\/523|[from] item: Leftovers
|turn|24
|
|move|p2a: Fletchinder|Will-O-Wisp|p1a: Hugs
|-status|p1a: Hugs|brn
|move|p1a: Hugs|Rest|p1a: Hugs
|-status|p1a: Hugs|slp
|-heal|p1a: Hugs|523\/523 slp|[silent]
|-status|p1a: Hugs|slp|[from] move: Rest
|
|turn|25
|
|switch|p1a: Not hax|Jirachi|238\/341
|-damage|p1a: Not hax|217\/341|[from] Stealth Rock
|move|p2a: Fletchinder|Swords Dance|p2a: Fletchinder
|-boost|p2a: Fletchinder|atk|2
|
|turn|26
|
|move|p2a: Fletchinder|Acrobatics|p1a: Not hax
|-resisted|p1a: Not hax
|-damage|p1a: Not hax|77\/341
|move|p1a: Not hax|Trick|p2a: Fletchinder
|-activate|p1a: Not hax|move: Trick|[of] p2a: Fletchinder
|-item|p2a: Fletchinder|Choice Scarf|[from] move: Trick
|
|turn|27
|c|âDerpaniteX|sweet
|c|âDerpaniteX|im faster than mach punch now
|c|âUrNemesis357|yes
|c|âUrNemesis357|but also you cant
|c|âUrNemesis357|sd
|c|âUrNemesis357|because acro does half
|c|âDerpaniteX|ur teams kinda dead
|c|âDerpaniteX|OH
|c|âDerpaniteX|shit
|
|switch|p1a: Hugs|Snorlax, M|523\/523 slp
|-damage|p1a: Hugs|458\/523 slp|[from] Stealth Rock
|move|p2a: Fletchinder|Acrobatics|p1a: Hugs
|-damage|p1a: Hugs|232\/523 slp
|
|-heal|p1a: Hugs|264\/523 slp|[from] item: Leftovers
|turn|28
|
|move|p2a: Fletchinder|Acrobatics|p1a: Hugs
|-damage|p1a: Hugs|57\/523 slp
|cant|p1a: Hugs|slp
|
|-heal|p1a: Hugs|89\/523 slp|[from] item: Leftovers
|turn|29
|
|move|p2a: Fletchinder|Acrobatics|p1a: Hugs
|-damage|p1a: Hugs|0 fnt
|faint|p1a: Hugs
|
|
|switch|p1a: Bentely|Blastoise-Mega, M|133\/318 tox
|-damage|p1a: Bentely|94\/318 tox|[from] Stealth Rock
|turn|30
|
|move|p2a: Fletchinder|Acrobatics|p1a: Bentely
|-damage|p1a: Bentely|0 fnt
|faint|p1a: Bentely
|
|
|switch|p1a: Ilookediblepink|Celebi|378\/403
|-damage|p1a: Ilookediblepink|328\/403|[from] Stealth Rock
|turn|31
|
|move|p2a: Fletchinder|Acrobatics|p1a: Ilookediblepink
|-supereffective|p1a: Ilookediblepink
|-damage|p1a: Ilookediblepink|124\/403
|move|p1a: Ilookediblepink|Giga Drain|p2a: Fletchinder
|-resisted|p2a: Fletchinder
|-damage|p2a: Fletchinder|225\/291
|-heal|p1a: Ilookediblepink|143\/403|[from] drain|[of] p2a: Fletchinder
|
|-heal|p1a: Ilookediblepink|168\/403|[from] item: Leftovers
|turn|32
|c|âUrNemesis357|hmm gg
|-message|UrNemesis357 forfeited.
|
|win|DerpaniteX
|raw|Ladder updating...
|raw|UrNemesis357's rating: 1486 &rarr; <strong>1470<\/strong><br \/>(-16 for losing)
|raw|DerpaniteX's rating: 1547 &rarr; <strong>1564<\/strong><br \/>(+17 for winning)
|leave|UrNemesis357
|player|p1