|join|UrNemesis357
|join|Beach Gal
|player|p1|UrNemesis357|2
|player|p2|Beach Gal|44
|gametype|singles
|gen|6
|tier|UU
|rated
|rule|Sleep Clause Mod: Limit one foe put to sleep
|rule|Species Clause: Limit one of each PokÃ©mon
|rule|OHKO Clause: OHKO moves are banned
|rule|Moody Clause: Moody is banned
|rule|Evasion Moves Clause: Evasion moves are banned
|rule|Endless Battle Clause: Forcing endless battles is banned
|rule|HP Percentage Mod: HP is shown in percentages
|clearpoke
|poke|p1|Crobat, M
|poke|p1|Jirachi
|poke|p1|Snorlax, M
|poke|p1|Krookodile, F
|poke|p1|Starmie
|poke|p1|Pidgeot, M
|poke|p2|Toxicroak, M
|poke|p2|Celebi
|poke|p2|Empoleon, F
|poke|p2|Swampert, F
|poke|p2|Kingdra, M
|poke|p2|Raikou
|rule|Swagger Clause: Swagger is banned
|rule|Baton Pass Clause: Limit one PokÃ©mon knowing Baton Pass
|teampreview
|
|start
|switch|p1a: Snorlax|Snorlax, M|513\/513
|switch|p2a: Empoleon|Empoleon, F|372\/372
|turn|1
|
|move|p2a: Empoleon|Stealth Rock|p1a: Snorlax
|-sidestart|p1: UrNemesis357|move: Stealth Rock
|move|p1a: Snorlax|Curse|p1a: Snorlax
|-boost|p1a: Snorlax|atk|1
|-boost|p1a: Snorlax|def|1
|-unboost|p1a: Snorlax|spe|1
|
|turn|2
|
|move|p2a: Empoleon|Scald|p1a: Snorlax
|-damage|p1a: Snorlax|441\/513
|move|p1a: Snorlax|Body Slam|p2a: Empoleon
|-resisted|p2a: Empoleon
|-damage|p2a: Empoleon|282\/372
|
|-heal|p1a: Snorlax|473\/513|[from] item: Leftovers
|turn|3
|
|move|p2a: Empoleon|Scald|p1a: Snorlax
|-damage|p1a: Snorlax|406\/513
|move|p1a: Snorlax|Curse|p1a: Snorlax
|-boost|p1a: Snorlax|atk|1
|-boost|p1a: Snorlax|def|1
|-unboost|p1a: Snorlax|spe|1
|
|-heal|p1a: Snorlax|438\/513|[from] item: Leftovers
|turn|4
|
|move|p2a: Empoleon|Scald|p1a: Snorlax
|-damage|p1a: Snorlax|360\/513
|-status|p1a: Snorlax|brn
|move|p1a: Snorlax|Body Slam|p2a: Empoleon
|-resisted|p2a: Empoleon
|-damage|p2a: Empoleon|225\/372
|
|-heal|p1a: Snorlax|392\/513 brn|[from] item: Leftovers
|-damage|p1a: Snorlax|328\/513 brn|[from] brn
|turn|5
|
|move|p2a: Empoleon|Rain Dance|p2a: Empoleon
|-weather|RainDance
|move|p1a: Snorlax|Curse|p1a: Snorlax
|-boost|p1a: Snorlax|atk|1
|-boost|p1a: Snorlax|def|1
|-unboost|p1a: Snorlax|spe|1
|
|-weather|RainDance|[upkeep]
|-heal|p1a: Snorlax|360\/513 brn|[from] item: Leftovers
|-damage|p1a: Snorlax|296\/513 brn|[from] brn
|turn|6
|
|switch|p2a: Swampert|Swampert, F|341\/341
|move|p1a: Snorlax|Rest|p1a: Snorlax
|-status|p1a: Snorlax|slp
|-heal|p1a: Snorlax|513\/513 slp|[silent]
|-status|p1a: Snorlax|slp|[from] move: Rest
|
|-weather|RainDance|[upkeep]
|turn|7
|
|detailschange|p2a: Swampert|Swampert-Mega, F
|-mega|p2a: Swampert|Swampert|Swampertite
|move|p2a: Swampert|Power-Up Punch|p1a: Snorlax
|-supereffective|p1a: Snorlax
|-damage|p1a: Snorlax|461\/513 slp
|-boost|p2a: Swampert|atk|1
|cant|p1a: Snorlax|slp
|move|p1a: Snorlax|Sleep Talk|p1a: Snorlax
|move|p1a: Snorlax|Curse|p1a: Snorlax|[from]Sleep Talk
|-boost|p1a: Snorlax|atk|1
|-boost|p1a: Snorlax|def|1
|-unboost|p1a: Snorlax|spe|1
|
|-weather|RainDance|[upkeep]
|-heal|p1a: Snorlax|493\/513 slp|[from] item: Leftovers
|turn|8
|
|move|p2a: Swampert|Power-Up Punch|p1a: Snorlax
|-supereffective|p1a: Snorlax
|-damage|p1a: Snorlax|421\/513 slp
|-boost|p2a: Swampert|atk|1
|cant|p1a: Snorlax|slp
|move|p1a: Snorlax|Sleep Talk|p1a: Snorlax
|move|p1a: Snorlax|Curse|p1a: Snorlax|[from]Sleep Talk
|-boost|p1a: Snorlax|atk|1
|-boost|p1a: Snorlax|def|1
|-unboost|p1a: Snorlax|spe|1
|
|-weather|RainDance|[upkeep]
|-heal|p1a: Snorlax|453\/513 slp|[from] item: Leftovers
|turn|9
|
|move|p2a: Swampert|Waterfall|p1a: Snorlax
|-damage|p1a: Snorlax|287\/513 slp
|-curestatus|p1a: Snorlax|slp
|cant|p1a: Snorlax|flinch
|
|-weather|RainDance|[upkeep]
|-heal|p1a: Snorlax|319\/513|[from] item: Leftovers
|turn|10
|c|âUrNemesis357|ofc
|c|âUrNemesis357|sigh
|
|move|p2a: Swampert|Earthquake|p1a: Snorlax
|-damage|p1a: Snorlax|157\/513
|move|p1a: Snorlax|Body Slam|p2a: Swampert
|-damage|p2a: Swampert|19\/341
|-status|p2a: Swampert|par
|
|-weather|RainDance|[upkeep]
|-heal|p1a: Snorlax|189\/513|[from] item: Leftovers
|turn|11
|
|move|p2a: Swampert|Waterfall|p1a: Snorlax
|-damage|p1a: Snorlax|3\/513
|move|p1a: Snorlax|Rest|p1a: Snorlax
|-status|p1a: Snorlax|slp
|-heal|p1a: Snorlax|513\/513 slp|[silent]
|-status|p1a: Snorlax|slp|[from] move: Rest
|
|-weather|RainDance|[upkeep]
|turn|12
|
|move|p2a: Swampert|Power-Up Punch|p1a: Snorlax
|-supereffective|p1a: Snorlax
|-damage|p1a: Snorlax|431\/513 slp
|-boost|p2a: Swampert|atk|1
|cant|p1a: Snorlax|slp
|move|p1a: Snorlax|Sleep Talk|p1a: Snorlax
|move|p1a: Snorlax|Rest|p1a: Snorlax|[from]Sleep Talk
|-fail|p1a: Snorlax
|
|-weather|none
|-heal|p1a: Snorlax|463\/513 slp|[from] item: Leftovers
|turn|13
|
|move|p2a: Swampert|Power-Up Punch|p1a: Snorlax
|-supereffective|p1a: Snorlax
|-damage|p1a: Snorlax|357\/513 slp
|-boost|p2a: Swampert|atk|1
|cant|p1a: Snorlax|slp
|move|p1a: Snorlax|Sleep Talk|p1a: Snorlax
|move|p1a: Snorlax|Body Slam|p2a: Swampert|[from]Sleep Talk
|-damage|p2a: Swampert|0 fnt
|faint|p2a: Swampert
|
|-heal|p1a: Snorlax|389\/513 slp|[from] item: Leftovers
|
|switch|p2a: Toxicroak|Toxicroak, M|308\/308
|turn|14
|
|move|p2a: Toxicroak|Drain Punch|p1a: Snorlax
|-supereffective|p1a: Snorlax
|-damage|p1a: Snorlax|280\/513 slp
|-damage|p2a: Toxicroak|278\/308|[from] item: Life Orb
|-curestatus|p1a: Snorlax|slp
|move|p1a: Snorlax|Body Slam|p2a: Toxicroak
|-damage|p2a: Toxicroak|0 fnt
|faint|p2a: Toxicroak
|
|-heal|p1a: Snorlax|312\/513|[from] item: Leftovers
|-message|Beach Gal forfeited.
|
|win|UrNemesis357
|raw|Ladder updating...
|leave|Beach Gal
|raw|UrNemesis357's rating: 1397 &rarr; <strong>1411<\/strong><br \/>(+14 for winning)
|raw|Beach Gal's rating: 1302 &rarr; <strong>1287<\/strong><br \/>(-15 for losing)
|player|p2