|join|UrNemesis357
|join|Imy
|player|p1|UrNemesis357|265
|player|p2|Imy|103
|gametype|singles
|gen|6
|tier|UU
|rated
|rule|Sleep Clause Mod: Limit one foe put to sleep
|rule|Species Clause: Limit one of each PokÃ©mon
|rule|OHKO Clause: OHKO moves are banned
|rule|Moody Clause: Moody is banned
|rule|Evasion Moves Clause: Evasion moves are banned
|rule|Endless Battle Clause: Forcing endless battles is banned
|rule|HP Percentage Mod: HP is shown in percentages
|clearpoke
|poke|p1|Medicham, M
|poke|p1|Cresselia, F
|poke|p1|Crobat, M
|poke|p1|Krookodile, M
|poke|p1|Snorlax, F
|poke|p1|Hydreigon, F
|poke|p2|Hydreigon, F
|poke|p2|Jirachi
|poke|p2|Blastoise, F
|poke|p2|Crobat, F
|poke|p2|Shaymin
|poke|p2|Azelf
|rule|Swagger Clause: Swagger is banned
|rule|Baton Pass Clause: Limit one PokÃ©mon knowing Baton Pass
|teampreview
|
|start
|switch|p1a: Medicham|Medicham, M|261\/261
|switch|p2a: Jirachi|Jirachi|342\/342
|turn|1
|
|detailschange|p1a: Medicham|Medicham-Mega, M
|-mega|p1a: Medicham|Medicham|Medichamite
|move|p1a: Medicham|Fake Out|p2a: Jirachi
|-resisted|p2a: Jirachi
|-damage|p2a: Jirachi|303\/342
|cant|p2a: Jirachi|flinch
|
|turn|2
|c|âImy|WOAH WHAT
|c|âImy|i thought medicham mega was banned in UU
|c|âUrNemesis357|re-testing
|c|âImy|oh
|c|âImy|ugh
|
|switch|p1a: Krookodile|Krookodile, M|331\/331
|-ability|p1a: Krookodile|Intimidate|[of] p2a: Jirachi
|-unboost|p2a: Jirachi|atk|1
|move|p2a: Jirachi|U-turn|p1a: Krookodile
|-supereffective|p1a: Krookodile
|-damage|p1a: Krookodile|217\/331
|c|âImy|lol
|
|switch|p2a: Hydreigon|Hydreigon, F|325\/325
|
|turn|3
|
|switch|p1a: Snorlax|Snorlax, F|513\/513
|move|p2a: Hydreigon|Draco Meteor|p1a: Snorlax
|-damage|p1a: Snorlax|350\/513
|-unboost|p2a: Hydreigon|spa|2
|
|-heal|p1a: Snorlax|382\/513|[from] item: Leftovers
|turn|4
|
|switch|p2a: Azelf|Azelf|291\/291
|switch|p1a: Krookodile|Krookodile, M|217\/331
|-ability|p1a: Krookodile|Intimidate|[of] p2a: Azelf
|-unboost|p2a: Azelf|atk|1
|
|turn|5
|
|move|p2a: Azelf|Stealth Rock|p1a: Krookodile
|-sidestart|p1: UrNemesis357|move: Stealth Rock
|move|p1a: Krookodile|Knock Off|p2a: Azelf
|-supereffective|p2a: Azelf
|-enditem|p2a: Azelf|Focus Sash
|-damage|p2a: Azelf|1\/291
|
|turn|6
|
|switch|p1a: Cresselia|Cresselia, F|443\/443
|-damage|p1a: Cresselia|388\/443|[from] Stealth Rock
|move|p2a: Azelf|Explosion|p1a: Cresselia
|-damage|p1a: Cresselia|285\/443
|faint|p2a: Azelf
|
|-heal|p1a: Cresselia|312\/443|[from] item: Leftovers
|
|switch|p2a: Shaymin|Shaymin|341\/341
|turn|7
|
|move|p2a: Shaymin|Substitute|p2a: Shaymin
|-start|p2a: Shaymin|Substitute
|-damage|p2a: Shaymin|256\/341
|move|p1a: Cresselia|Psyshock|p2a: Shaymin
|-activate|p2a: Shaymin|Substitute|[damage]
|
|-heal|p2a: Shaymin|277\/341|[from] item: Leftovers
|-heal|p1a: Cresselia|339\/443|[from] item: Leftovers
|turn|8
|
|switch|p1a: Crobat|Crobat, M|373\/373
|-damage|p1a: Crobat|280\/373|[from] Stealth Rock
|move|p2a: Shaymin|Leech Seed|p1a: Crobat
|-start|p1a: Crobat|move: Leech Seed
|
|-heal|p2a: Shaymin|298\/341|[from] item: Leftovers
|-damage|p1a: Crobat|234\/373|[from] Leech Seed|[of] p2a: Shaymin
|-heal|p2a: Shaymin|341\/341|[silent]
|turn|9
|
|switch|p2a: Jirachi|Jirachi|303\/342
|move|p1a: Crobat|Defog|p2a: Jirachi
|-unboost|p2a: Jirachi|evasion|1
|-sideend|p1: UrNemesis357|Stealth Rock|[from] move: Defog|[of] p1a: Crobat
|
|-damage|p1a: Crobat|188\/373|[from] Leech Seed|[of] p2a: Jirachi
|-heal|p2a: Jirachi|342\/342|[silent]
|turn|10
|
|move|p2a: Jirachi|Iron Head|p1a: Crobat
|-damage|p1a: Crobat|40\/373
|cant|p1a: Crobat|flinch
|
|-damage|p1a: Crobat|0 fnt|[from] Leech Seed|[of] p2a: Jirachi
|faint|p1a: Crobat
|
|switch|p1a: Krookodile|Krookodile, M|217\/331
|-ability|p1a: Krookodile|Intimidate|[of] p2a: Jirachi
|-unboost|p2a: Jirachi|atk|1
|turn|11
|
|switch|p2a: Crobat|Crobat, F|312\/312
|move|p1a: Krookodile|Knock Off|p2a: Crobat
|-damage|p2a: Crobat|71\/312
|-enditem|p2a: Crobat|Choice Band|[from] move: Knock Off|[of] p1a: Krookodile
|
|turn|12
|
|move|p2a: Crobat|U-turn|p1a: Krookodile
|-supereffective|p1a: Krookodile
|-damage|p1a: Krookodile|55\/331
|
|switch|p2a: Shaymin|Shaymin|341\/341
|move|p1a: Krookodile|Earthquake|p2a: Shaymin
|-resisted|p2a: Shaymin
|-damage|p2a: Shaymin|257\/341
|
|-heal|p2a: Shaymin|278\/341|[from] item: Leftovers
|turn|13
|
|move|p2a: Shaymin|Substitute|p2a: Shaymin
|-start|p2a: Shaymin|Substitute
|-damage|p2a: Shaymin|193\/341
|move|p1a: Krookodile|Knock Off|p2a: Shaymin
|-end|p2a: Shaymin|Substitute
|
|-heal|p2a: Shaymin|214\/341|[from] item: Leftovers
|turn|14
|
|move|p2a: Shaymin|Air Slash|p1a: Krookodile
|-crit|p1a: Krookodile
|-damage|p1a: Krookodile|0 fnt
|faint|p1a: Krookodile
|
|-heal|p2a: Shaymin|235\/341|[from] item: Leftovers
|
|switch|p1a: Hydreigon|Hydreigon, F|325\/325
|turn|15
|
|switch|p2a: Blastoise|Blastoise, F|313\/313
|move|p1a: Hydreigon|Draco Meteor|p2a: Blastoise
|-damage|p2a: Blastoise|111\/313
|-unboost|p1a: Hydreigon|spa|2
|
|turn|16
|
|switch|p1a: Snorlax|Snorlax, F|382\/513
|detailschange|p2a: Blastoise|Blastoise-Mega, F
|-mega|p2a: Blastoise|Blastoise|Blastoisinite
|move|p2a: Blastoise|Aura Sphere|p1a: Snorlax
|-supereffective|p1a: Snorlax
|-damage|p1a: Snorlax|156\/513
|
|-heal|p1a: Snorlax|188\/513|[from] item: Leftovers
|turn|17
|
|switch|p1a: Cresselia|Cresselia, F|339\/443
|move|p2a: Blastoise|Aura Sphere|p1a: Cresselia
|-crit|p1a: Cresselia
|-resisted|p1a: Cresselia
|-damage|p1a: Cresselia|246\/443
|
|-heal|p1a: Cresselia|273\/443|[from] item: Leftovers
|turn|18
|
|move|p2a: Blastoise|Scald|p1a: Cresselia
|-damage|p1a: Cresselia|156\/443
|move|p1a: Cresselia|Psyshock|p2a: Blastoise
|-damage|p2a: Blastoise|48\/313
|
|-heal|p1a: Cresselia|183\/443|[from] item: Leftovers
|turn|19
|
|switch|p2a: Hydreigon|Hydreigon, F|325\/325
|move|p1a: Cresselia|Moonlight|p1a: Cresselia
|-heal|p1a: Cresselia|404\/443
|
|-heal|p1a: Cresselia|431\/443|[from] item: Leftovers
|turn|20
|
|move|p2a: Hydreigon|U-turn|p1a: Cresselia
|-supereffective|p1a: Cresselia
|-damage|p1a: Cresselia|359\/443
|
|switch|p2a: Blastoise|Blastoise-Mega, F|48\/313
|move|p1a: Cresselia|Thunder Wave|p2a: Blastoise
|-status|p2a: Blastoise|par
|
|-heal|p1a: Cresselia|386\/443|[from] item: Leftovers
|turn|21
|
|move|p1a: Cresselia|Psyshock|p2a: Blastoise
|-damage|p2a: Blastoise|0 fnt
|faint|p2a: Blastoise
|
|-heal|p1a: Cresselia|413\/443|[from] item: Leftovers
|
|switch|p2a: Shaymin|Shaymin|235\/341
|turn|22
|
|switch|p1a: Hydreigon|Hydreigon, F|325\/325
|move|p2a: Shaymin|Substitute|p2a: Shaymin
|-start|p2a: Shaymin|Substitute
|-damage|p2a: Shaymin|150\/341
|
|-heal|p2a: Shaymin|171\/341|[from] item: Leftovers
|turn|23
|
|move|p1a: Hydreigon|Dark Pulse|p2a: Shaymin
|-end|p2a: Shaymin|Substitute
|move|p2a: Shaymin|Seed Flare|p1a: Hydreigon
|-resisted|p1a: Hydreigon
|-damage|p1a: Hydreigon|232\/325
|
|-heal|p2a: Shaymin|192\/341|[from] item: Leftovers
|turn|24
|c|âImy|misclick
|
|switch|p1a: Cresselia|Cresselia, F|413\/443
|switch|p2a: Hydreigon|Hydreigon, F|325\/325
|
|-heal|p1a: Cresselia|440\/443|[from] item: Leftovers
|turn|25
|
|move|p2a: Hydreigon|Dark Pulse|p1a: Cresselia
|-supereffective|p1a: Cresselia
|-damage|p1a: Cresselia|216\/443
|move|p1a: Cresselia|Thunder Wave|p2a: Hydreigon
|-status|p2a: Hydreigon|par
|
|-heal|p1a: Cresselia|243\/443|[from] item: Leftovers
|turn|26
|
|move|p1a: Cresselia|Moonblast|p2a: Hydreigon
|-supereffective|p2a: Hydreigon
|-damage|p2a: Hydreigon|45\/325 par
|cant|p2a: Hydreigon|par
|
|-heal|p1a: Cresselia|270\/443|[from] item: Leftovers
|turn|27
|c|âImy|ah that's game
|c|âImy|the para there
|
|move|p1a: Cresselia|Moonlight|p1a: Cresselia
|-heal|p1a: Cresselia|443\/443
|move|p2a: Hydreigon|Dark Pulse|p1a: Cresselia
|-supereffective|p1a: Cresselia
|-damage|p1a: Cresselia|219\/443
|
|-heal|p1a: Cresselia|246\/443|[from] item: Leftovers
|turn|28
|c|âImy|after cresselia, i can just take out everything else with jirachi
|
|move|p1a: Cresselia|Moonblast|p2a: Hydreigon
|-supereffective|p2a: Hydreigon
|-damage|p2a: Hydreigon|0 fnt
|faint|p2a: Hydreigon
|
|-heal|p1a: Cresselia|273\/443|[from] item: Leftovers
|
|switch|p2a: Shaymin|Shaymin|192\/341
|turn|29
|
|switch|p1a: Hydreigon|Hydreigon, F|232\/325
|move|p2a: Shaymin|Substitute|p2a: Shaymin
|-start|p2a: Shaymin|Substitute
|-damage|p2a: Shaymin|107\/341
|
|-heal|p2a: Shaymin|128\/341|[from] item: Leftovers
|turn|30
|
|move|p1a: Hydreigon|Dark Pulse|p2a: Shaymin
|-end|p2a: Shaymin|Substitute
|move|p2a: Shaymin|Leech Seed|p1a: Hydreigon
|-start|p1a: Hydreigon|move: Leech Seed
|
|-heal|p2a: Shaymin|149\/341|[from] item: Leftovers
|-damage|p1a: Hydreigon|192\/325|[from] Leech Seed|[of] p2a: Shaymin
|-heal|p2a: Shaymin|189\/341|[silent]
|turn|31
|
|move|p1a: Hydreigon|Dark Pulse|p2a: Shaymin
|-damage|p2a: Shaymin|53\/341
|move|p2a: Shaymin|Air Slash|p1a: Hydreigon
|-damage|p1a: Hydreigon|107\/325
|
|-heal|p2a: Shaymin|74\/341|[from] item: Leftovers
|-damage|p1a: Hydreigon|67\/325|[from] Leech Seed|[of] p2a: Shaymin
|-heal|p2a: Shaymin|114\/341|[silent]
|turn|32
|
|switch|p2a: Crobat|Crobat, F|71\/312
|move|p1a: Hydreigon|Dark Pulse|p2a: Crobat
|-damage|p2a: Crobat|0 fnt
|faint|p2a: Crobat
|
|
|switch|p2a: Jirachi|Jirachi|342\/342
|turn|33
|
|switch|p1a: Snorlax|Snorlax, F|188\/513
|move|p2a: Jirachi|Iron Head|p1a: Snorlax
|-damage|p1a: Snorlax|35\/513
|
|-heal|p1a: Snorlax|67\/513|[from] item: Leftovers
|turn|34
|
|move|p2a: Jirachi|Iron Head|p1a: Snorlax
|-damage|p1a: Snorlax|0 fnt
|faint|p1a: Snorlax
|
|
|switch|p1a: Medicham|Medicham-Mega, M|261\/261
|turn|35
|
|move|p2a: Jirachi|Iron Head|p1a: Medicham
|-damage|p1a: Medicham|119\/261
|cant|p1a: Medicham|flinch
|
|turn|36
|
|move|p2a: Jirachi|Iron Head|p1a: Medicham
|-damage|p1a: Medicham|0 fnt
|faint|p1a: Medicham
|
|
|switch|p1a: Cresselia|Cresselia, F|273\/443
|turn|37
|
|switch|p2a: Shaymin|Shaymin|114\/341
|move|p1a: Cresselia|Thunder Wave|p2a: Shaymin
|-status|p2a: Shaymin|par
|
|-heal|p1a: Cresselia|300\/443|[from] item: Leftovers
|-heal|p2a: Shaymin|135\/341 par|[from] item: Leftovers
|turn|38
|
|switch|p2a: Jirachi|Jirachi|342\/342
|move|p1a: Cresselia|Thunder Wave|p2a: Jirachi
|-status|p2a: Jirachi|par
|
|-heal|p1a: Cresselia|327\/443|[from] item: Leftovers
|turn|39
|
|switch|p2a: Shaymin|Shaymin|135\/341
|move|p1a: Cresselia|Moonblast|p2a: Shaymin
|-damage|p2a: Shaymin|74\/341
|
|-heal|p2a: Shaymin|95\/341|[from] item: Leftovers
|-heal|p1a: Cresselia|354\/443|[from] item: Leftovers
|turn|40
|
|move|p2a: Shaymin|Substitute|p2a: Shaymin
|-start|p2a: Shaymin|Substitute
|-damage|p2a: Shaymin|10\/341
|move|p1a: Cresselia|Psyshock|p2a: Shaymin
|-activate|p2a: Shaymin|Substitute|[damage]
|
|-heal|p2a: Shaymin|31\/341|[from] item: Leftovers
|-heal|p1a: Cresselia|381\/443|[from] item: Leftovers
|turn|41
|
|move|p2a: Shaymin|Leech Seed|p1a: Cresselia
|-start|p1a: Cresselia|move: Leech Seed
|move|p1a: Cresselia|Psyshock|p2a: Shaymin
|-crit|p2a: Shaymin
|-end|p2a: Shaymin|Substitute
|
|-heal|p2a: Shaymin|52\/341|[from] item: Leftovers
|-heal|p1a: Cresselia|408\/443|[from] item: Leftovers
|-damage|p1a: Cresselia|353\/443|[from] Leech Seed|[of] p2a: Shaymin
|-heal|p2a: Shaymin|107\/341|[silent]
|turn|42
|c|âUrNemesis357|ahh this is annoying
|
|move|p2a: Shaymin|Substitute|p2a: Shaymin
|-start|p2a: Shaymin|Substitute
|-damage|p2a: Shaymin|22\/341
|move|p1a: Cresselia|Psyshock|p2a: Shaymin
|-activate|p2a: Shaymin|Substitute|[damage]
|
|-heal|p2a: Shaymin|43\/341|[from] item: Leftovers
|-heal|p1a: Cresselia|380\/443|[from] item: Leftovers
|-damage|p1a: Cresselia|325\/443|[from] Leech Seed|[of] p2a: Shaymin
|-heal|p2a: Shaymin|98\/341|[silent]
|turn|43
|
|move|p2a: Shaymin|Air Slash|p1a: Cresselia
|-damage|p1a: Cresselia|270\/443
|move|p1a: Cresselia|Psyshock|p2a: Shaymin
|-end|p2a: Shaymin|Substitute
|
|-heal|p2a: Shaymin|119\/341|[from] item: Leftovers
|-heal|p1a: Cresselia|297\/443|[from] item: Leftovers
|-damage|p1a: Cresselia|242\/443|[from] Leech Seed|[of] p2a: Shaymin
|-heal|p2a: Shaymin|174\/341|[silent]
|turn|44
|
|move|p2a: Shaymin|Substitute|p2a: Shaymin
|-start|p2a: Shaymin|Substitute
|-damage|p2a: Shaymin|89\/341
|move|p1a: Cresselia|Psyshock|p2a: Shaymin
|-activate|p2a: Shaymin|Substitute|[damage]
|
|-heal|p2a: Shaymin|110\/341|[from] item: Leftovers
|-heal|p1a: Cresselia|269\/443|[from] item: Leftovers
|-damage|p1a: Cresselia|214\/443|[from] Leech Seed|[of] p2a: Shaymin
|-heal|p2a: Shaymin|165\/341|[silent]
|turn|45
|
|move|p2a: Shaymin|Air Slash|p1a: Cresselia
|-damage|p1a: Cresselia|157\/443
|cant|p1a: Cresselia|flinch
|
|-heal|p2a: Shaymin|186\/341|[from] item: Leftovers
|-heal|p1a: Cresselia|184\/443|[from] item: Leftovers
|-damage|p1a: Cresselia|129\/443|[from] Leech Seed|[of] p2a: Shaymin
|-heal|p2a: Shaymin|241\/341|[silent]
|turn|46
|
|move|p2a: Shaymin|Air Slash|p1a: Cresselia
|-damage|p1a: Cresselia|74\/443
|cant|p1a: Cresselia|flinch
|
|-heal|p2a: Shaymin|262\/341|[from] item: Leftovers
|-heal|p1a: Cresselia|101\/443|[from] item: Leftovers
|-damage|p1a: Cresselia|46\/443|[from] Leech Seed|[of] p2a: Shaymin
|-heal|p2a: Shaymin|317\/341|[silent]
|turn|47
|c|âImy|wow shaymin absolutely killin' it here
|
|move|p2a: Shaymin|Air Slash|p1a: Cresselia
|-damage|p1a: Cresselia|0 fnt
|faint|p1a: Cresselia
|
|-heal|p2a: Shaymin|338\/341|[from] item: Leftovers
|
|switch|p1a: Hydreigon|Hydreigon, F|67\/325
|turn|48
|
|move|p1a: Hydreigon|Dark Pulse|p2a: Shaymin
|-end|p2a: Shaymin|Substitute
|move|p2a: Shaymin|Leech Seed|p1a: Hydreigon|[miss]
|-miss|p2a: Shaymin|p1a: Hydreigon
|
|-heal|p2a: Shaymin|341\/341|[from] item: Leftovers
|turn|49
|
|move|p1a: Hydreigon|Dark Pulse|p2a: Shaymin
|-damage|p2a: Shaymin|202\/341
|move|p2a: Shaymin|Leech Seed|p1a: Hydreigon
|-start|p1a: Hydreigon|move: Leech Seed
|
|-heal|p2a: Shaymin|223\/341|[from] item: Leftovers
|-damage|p1a: Hydreigon|27\/325|[from] Leech Seed|[of] p2a: Shaymin
|-heal|p2a: Shaymin|263\/341|[silent]
|turn|50
|
|move|p1a: Hydreigon|Dark Pulse|p2a: Shaymin
|-damage|p2a: Shaymin|121\/341
|move|p2a: Shaymin|Air Slash|p1a: Hydreigon
|-damage|p1a: Hydreigon|0 fnt
|faint|p1a: Hydreigon
|
|win|Imy
|raw|Ladder updating...
|raw|UrNemesis357's rating: 1391 &rarr; <strong>1364<\/strong><br \/>(-27 for losing)
|raw|Imy's rating: 1271 &rarr; <strong>1305<\/strong><br \/>(+34 for winning)
|c|âImy|gg
|c|âImy|:D
|leave|UrNemesis357
|player|p1