|join|Pheonixmaster
|join|UrNemesis357
|player|p1|Pheonixmaster|167
|player|p2|UrNemesis357|213
|gametype|singles
|gen|6
|tier|UU
|rated
|rule|Sleep Clause Mod: Limit one foe put to sleep
|rule|Species Clause: Limit one of each PokÃ©mon
|rule|OHKO Clause: OHKO moves are banned
|rule|Moody Clause: Moody is banned
|rule|Evasion Moves Clause: Evasion moves are banned
|rule|Endless Battle Clause: Forcing endless battles is banned
|rule|HP Percentage Mod: HP is shown in percentages
|clearpoke
|poke|p1|Medicham, M
|poke|p1|Krookodile, F
|poke|p1|Hydreigon, M
|poke|p1|Crobat, M
|poke|p1|Celebi
|poke|p1|Raikou
|poke|p2|Krookodile, M
|poke|p2|Jirachi
|poke|p2|Tentacruel, M
|poke|p2|Kyurem
|poke|p2|Mienshao, M
|poke|p2|Pidgeot, F
|rule|Swagger Clause: Swagger is banned
|rule|Baton Pass Clause: Limit one PokÃ©mon knowing Baton Pass
|teampreview
|
|start
|switch|p1a: Rem|Crobat, M|373\/373
|switch|p2a: Kyurem|Kyurem|391\/391
|-ability|p2a: Kyurem|Pressure
|turn|1
|
|move|p1a: Rem|U-turn|p2a: Kyurem
|-damage|p2a: Kyurem|339\/391
|
|switch|p1a: Misa|Celebi|404\/404
|move|p2a: Kyurem|Draco Meteor|p1a: Misa
|-damage|p1a: Misa|13\/404
|-unboost|p2a: Kyurem|spa|2
|
|-heal|p1a: Misa|38\/404|[from] item: Leftovers
|turn|2
|
|move|p2a: Kyurem|Draco Meteor|p1a: Misa
|-damage|p1a: Misa|0 fnt
|-unboost|p2a: Kyurem|spa|2
|faint|p1a: Misa
|
|
|switch|p1a: Ryuzaki|Medicham, M|261\/261
|turn|3
|
|switch|p2a: Tentacruel|Tentacruel, M|359\/359
|detailschange|p1a: Ryuzaki|Medicham-Mega, M
|-mega|p1a: Ryuzaki|Medicham|Medichamite
|move|p1a: Ryuzaki|Substitute|p1a: Ryuzaki
|-start|p1a: Ryuzaki|Substitute
|-damage|p1a: Ryuzaki|196\/261
|
|turn|4
|join|Sacripan'
|
|switch|p2a: Krookodile|Krookodile, M|331\/331
|-activate|p1a: Ryuzaki|Substitute|ability: Intimidate|[of] p2a: Krookodile
|move|p1a: Ryuzaki|Zen Headbutt|p2a: Krookodile
|-immune|p2a: Krookodile|[msg]
|
|turn|5
|
|move|p1a: Ryuzaki|High Jump Kick|p2a: Krookodile
|-supereffective|p2a: Krookodile
|-damage|p2a: Krookodile|0 fnt
|faint|p2a: Krookodile
|
|c|âUrNemesis357|this pokemon
|
|switch|p2a: Jirachi|Jirachi|404\/404
|turn|6
|
|move|p1a: Ryuzaki|High Jump Kick|p2a: Jirachi
|-damage|p2a: Jirachi|22\/404
|move|p2a: Jirachi|Iron Head|p1a: Ryuzaki
|-end|p1a: Ryuzaki|Substitute
|
|-heal|p2a: Jirachi|47\/404|[from] item: Leftovers
|turn|7
|
|move|p1a: Ryuzaki|Ice Punch|p2a: Jirachi
|-resisted|p2a: Jirachi
|-damage|p2a: Jirachi|0 fnt
|faint|p2a: Jirachi
|
|
|switch|p2a: Pidgeot|Pidgeot, F|307\/307
|turn|8
|
|switch|p2a: Mienshao|Mienshao, M|271\/271
|switch|p1a: Aizawa|Raikou|321\/321
|-ability|p1a: Aizawa|Pressure
|
|turn|9
|
|move|p2a: Mienshao|U-turn|p1a: Aizawa
|-damage|p1a: Aizawa|217\/321
|
|switch|p2a: Kyurem|Kyurem|339\/391
|-ability|p2a: Kyurem|Pressure
|move|p1a: Aizawa|Volt Switch|p2a: Kyurem
|-resisted|p2a: Kyurem
|-damage|p2a: Kyurem|253\/391
|
|switch|p1a: Ryuzaki|Medicham-Mega, M|196\/261
|
|turn|10
|
|move|p1a: Ryuzaki|High Jump Kick|p2a: Kyurem
|-supereffective|p2a: Kyurem
|-damage|p2a: Kyurem|0 fnt
|faint|p2a: Kyurem
|
|
|switch|p2a: Pidgeot|Pidgeot, F|307\/307
|turn|11
|
|switch|p2a: Mienshao|Mienshao, M|271\/271
|switch|p1a: Ryuk|Hydreigon, M|325\/325
|
|turn|12
|
|switch|p1a: Rem|Crobat, M|373\/373
|move|p2a: Mienshao|U-turn|p1a: Rem
|-resisted|p1a: Rem
|-damage|p1a: Rem|350\/373
|
|switch|p2a: Pidgeot|Pidgeot, F|307\/307
|
|turn|13
|
|detailschange|p2a: Pidgeot|Pidgeot-Mega, F
|-mega|p2a: Pidgeot|Pidgeot|Pidgeotite
|move|p1a: Rem|U-turn|p2a: Pidgeot
|-resisted|p2a: Pidgeot
|-damage|p2a: Pidgeot|279\/307
|
|switch|p1a: Ryuk|Hydreigon, M|325\/325
|move|p2a: Pidgeot|Hurricane|p1a: Ryuk
|-damage|p1a: Ryuk|121\/325
|-start|p1a: Ryuk|confusion
|
|turn|14
|
|switch|p2a: Tentacruel|Tentacruel, M|359\/359
|-activate|p1a: Ryuk|confusion
|-damage|p1a: Ryuk|88\/325|[from] confusion
|
|turn|15
|
|switch|p1a: Ryuzaki|Medicham-Mega, M|196\/261
|switch|p2a: Mienshao|Mienshao, M|271\/271
|
|turn|16
|
|move|p2a: Mienshao|Stone Edge|p1a: Ryuzaki
|-resisted|p1a: Ryuzaki
|-damage|p1a: Ryuzaki|127\/261
|move|p1a: Ryuzaki|Zen Headbutt|p2a: Mienshao
|-supereffective|p2a: Mienshao
|-damage|p2a: Mienshao|0 fnt
|faint|p2a: Mienshao
|
|
|switch|p2a: Pidgeot|Pidgeot-Mega, F|279\/307
|turn|17
|
|move|p2a: Pidgeot|Work Up|p2a: Pidgeot
|-boost|p2a: Pidgeot|atk|1
|-boost|p2a: Pidgeot|spa|1
|move|p1a: Ryuzaki|Zen Headbutt|p2a: Pidgeot
|-damage|p2a: Pidgeot|0 fnt
|faint|p2a: Pidgeot
|
|
|switch|p2a: Tentacruel|Tentacruel, M|359\/359
|turn|18
|
|move|p1a: Ryuzaki|Zen Headbutt|p2a: Tentacruel
|-supereffective|p2a: Tentacruel
|-damage|p2a: Tentacruel|0 fnt
|faint|p2a: Tentacruel
|
|win|Pheonixmaster
|raw|Ladder updating...
|raw|Pheonixmaster's rating: 1544 &rarr; <strong>1561<\/strong><br \/>(+17 for winning)
|raw|UrNemesis357's rating: 1493 &rarr; <strong>1476<\/strong><br \/>(-17 for losing)