|join|UrNemesis357
|join|Volbeatdown
|player|p1|UrNemesis357|213
|player|p2|Volbeatdown|126
|gametype|singles
|gen|6
|tier|UU
|rated
|rule|Sleep Clause Mod: Limit one foe put to sleep
|rule|Species Clause: Limit one of each PokÃ©mon
|rule|OHKO Clause: OHKO moves are banned
|rule|Moody Clause: Moody is banned
|rule|Evasion Moves Clause: Evasion moves are banned
|rule|Endless Battle Clause: Forcing endless battles is banned
|rule|HP Percentage Mod: HP is shown in percentages
|clearpoke
|poke|p1|Entei, shiny
|poke|p1|Toxicroak, F
|poke|p1|Cresselia, F
|poke|p1|Aromatisse, M
|poke|p1|Donphan, M
|poke|p1|Diancie
|poke|p2|Serperior, M
|poke|p2|Krookodile, M
|poke|p2|Crobat, M
|poke|p2|Swampert, F
|poke|p2|Entei, shiny
|poke|p2|Raikou
|rule|Swagger Clause: Swagger is banned
|rule|Baton Pass Clause: Limit one PokÃ©mon knowing Baton Pass
|teampreview
|join|Thisbemyaltaria
|
|start
|switch|p1a: Cresselia|Cresselia, F|404\/404
|switch|p2a: Cheeky Boyo|Swampert, F|404\/404
|turn|1
|
|move|p1a: Cresselia|Moonblast|p2a: Cheeky Boyo
|-damage|p2a: Cheeky Boyo|331\/404
|move|p2a: Cheeky Boyo|Stealth Rock|p1a: Cresselia
|-sidestart|p1: UrNemesis357|move: Stealth Rock
|
|-heal|p2a: Cheeky Boyo|356\/404|[from] item: Leftovers
|turn|2
|
|move|p1a: Cresselia|Substitute|p1a: Cresselia
|-start|p1a: Cresselia|Substitute
|-damage|p1a: Cresselia|303\/404
|move|p2a: Cheeky Boyo|Scald|p1a: Cresselia
|-activate|p1a: Cresselia|Substitute|[damage]
|
|-heal|p1a: Cresselia|328\/404|[from] item: Leftovers
|-heal|p2a: Cheeky Boyo|381\/404|[from] item: Leftovers
|turn|3
|
|move|p1a: Cresselia|Moonblast|p2a: Cheeky Boyo
|-damage|p2a: Cheeky Boyo|309\/404
|move|p2a: Cheeky Boyo|Roar|p1a: Cresselia
|drag|p1a: Diancie|Diancie|241\/241
|-damage|p1a: Diancie|211\/241|[from] Stealth Rock
|
|-heal|p2a: Cheeky Boyo|334\/404|[from] item: Leftovers
|turn|4
|
|detailschange|p1a: Diancie|Diancie-Mega
|-mega|p1a: Diancie|Diancie|Diancite
|move|p1a: Diancie|Moonblast|p2a: Cheeky Boyo
|-damage|p2a: Cheeky Boyo|112\/404
|move|p2a: Cheeky Boyo|Earthquake|p1a: Diancie
|-supereffective|p1a: Diancie
|-damage|p1a: Diancie|0 fnt
|faint|p1a: Diancie
|
|-heal|p2a: Cheeky Boyo|137\/404|[from] item: Leftovers
|
|switch|p1a: Cresselia|Cresselia, F|328\/404
|-damage|p1a: Cresselia|278\/404|[from] Stealth Rock
|turn|5
|
|move|p1a: Cresselia|Moonblast|p2a: Cheeky Boyo
|-damage|p2a: Cheeky Boyo|66\/404
|move|p2a: Cheeky Boyo|Roar|p1a: Cresselia
|drag|p1a: Aromatisse|Aromatisse, M|406\/406
|-damage|p1a: Aromatisse|356\/406|[from] Stealth Rock
|
|-heal|p2a: Cheeky Boyo|91\/404|[from] item: Leftovers
|-heal|p1a: Aromatisse|381\/406|[from] item: Leftovers
|turn|6
|
|switch|p1a: Donphan|Donphan, M|384\/384
|-damage|p1a: Donphan|360\/384|[from] Stealth Rock
|move|p2a: Cheeky Boyo|Scald|p1a: Donphan
|-supereffective|p1a: Donphan
|-damage|p1a: Donphan|16\/384
|
|-heal|p2a: Cheeky Boyo|116\/404|[from] item: Leftovers
|-heal|p1a: Donphan|40\/384|[from] item: Leftovers
|turn|7
|join|liberallucario
|
|move|p2a: Cheeky Boyo|Scald|p1a: Donphan
|-supereffective|p1a: Donphan
|-damage|p1a: Donphan|0 fnt
|faint|p1a: Donphan
|
|-heal|p2a: Cheeky Boyo|141\/404|[from] item: Leftovers
|-message|UrNemesis357 forfeited.
|
|win|Volbeatdown
|raw|Ladder updating...
|leave|UrNemesis357
|player|p1
|raw|UrNemesis357's rating: 1498 &rarr; <strong>1473<\/strong><br \/>(-25 for losing)
|raw|Volbeatdown's rating: 1409 &rarr; <strong>1434<\/strong><br \/>(+25 for winning)