|join|MarkiSparki
|join|UrNemesis357
|player|p1|MarkiSparki|281
|player|p2|UrNemesis357|213
|gametype|singles
|gen|6
|tier|UU
|rated
|rule|Sleep Clause Mod: Limit one foe put to sleep
|rule|Species Clause: Limit one of each PokÃ©mon
|rule|OHKO Clause: OHKO moves are banned
|rule|Moody Clause: Moody is banned
|rule|Evasion Moves Clause: Evasion moves are banned
|rule|Endless Battle Clause: Forcing endless battles is banned
|rule|HP Percentage Mod: HP is shown in percentages
|clearpoke
|poke|p1|Beedrill, F
|poke|p1|Blissey, F
|poke|p1|Reuniclus, M
|poke|p1|Crobat, F
|poke|p1|Nidoqueen, F
|poke|p1|Krookodile, M
|poke|p2|Whimsicott, M
|poke|p2|Jirachi
|poke|p2|Tentacruel, M
|poke|p2|Hydreigon, M
|poke|p2|Dugtrio, F
|poke|p2|Chandelure, M
|rule|Swagger Clause: Swagger is banned
|rule|Baton Pass Clause: Limit one PokÃ©mon knowing Baton Pass
|teampreview
|
|start
|switch|p1a: Krookodile|Krookodile, M|331\/331
|switch|p2a: Whimsicott|Whimsicott, M|262\/262
|-ability|p1a: Krookodile|Intimidate|[of] p2a: Whimsicott
|-unboost|p2a: Whimsicott|atk|1
|turn|1
|
|switch|p1a: Reuniclus|Reuniclus, M|424\/424
|move|p2a: Whimsicott|Psychic|p1a: Reuniclus
|-resisted|p1a: Reuniclus
|-damage|p1a: Reuniclus|354\/424
|
|turn|2
|
|switch|p2a: Hydreigon|Hydreigon, M|325\/325
|move|p1a: Reuniclus|Psychic|p2a: Hydreigon
|-immune|p2a: Hydreigon|[msg]
|
|turn|3
|
|switch|p1a: Blissey|Blissey, F|714\/714
|move|p2a: Hydreigon|U-turn|p1a: Blissey
|-damage|p1a: Blissey|623\/714
|
|switch|p2a: Chandelure|Chandelure, M|289\/289
|
|-heal|p1a: Blissey|667\/714|[from] item: Leftovers
|turn|4
|
|switch|p1a: Crobat|Crobat, F|374\/374
|move|p2a: Chandelure|Substitute|p2a: Chandelure
|-start|p2a: Chandelure|Substitute
|-damage|p2a: Chandelure|217\/289
|
|-heal|p2a: Chandelure|235\/289|[from] item: Leftovers
|turn|5
|
|switch|p2a: Jirachi|Jirachi|371\/371
|move|p1a: Crobat|Brave Bird|p2a: Jirachi
|-resisted|p2a: Jirachi
|-damage|p2a: Jirachi|311\/371
|-damage|p1a: Crobat|354\/374|[from] recoil|[of] p2a: Jirachi
|
|-heal|p2a: Jirachi|334\/371|[from] item: Leftovers
|-heal|p1a: Crobat|374\/374|[from] item: Black Sludge
|turn|6
|
|switch|p1a: Nidoqueen|Nidoqueen, F|365\/365
|move|p2a: Jirachi|Stealth Rock|p1a: Nidoqueen
|-sidestart|p1: MarkiSparki|move: Stealth Rock
|
|-heal|p2a: Jirachi|357\/371|[from] item: Leftovers
|turn|7
|
|move|p2a: Jirachi|U-turn|p1a: Nidoqueen
|-resisted|p1a: Nidoqueen
|-damage|p1a: Nidoqueen|328\/365
|
|switch|p2a: Hydreigon|Hydreigon, M|325\/325
|move|p1a: Nidoqueen|Earth Power|p2a: Hydreigon
|-immune|p2a: Hydreigon|[msg]
|
|turn|8
|
|move|p2a: Hydreigon|U-turn|p1a: Nidoqueen
|-resisted|p1a: Nidoqueen
|-damage|p1a: Nidoqueen|301\/365
|
|switch|p2a: Jirachi|Jirachi|357\/371
|move|p1a: Nidoqueen|Ice Beam|p2a: Jirachi
|-resisted|p2a: Jirachi
|-damage|p2a: Jirachi|286\/371
|
|-heal|p2a: Jirachi|309\/371|[from] item: Leftovers
|turn|9
|
|move|p2a: Jirachi|Iron Head|p1a: Nidoqueen
|-damage|p1a: Nidoqueen|177\/365
|cant|p1a: Nidoqueen|flinch
|
|-heal|p2a: Jirachi|332\/371|[from] item: Leftovers
|turn|10
|
|move|p2a: Jirachi|U-turn|p1a: Nidoqueen
|-resisted|p1a: Nidoqueen
|-damage|p1a: Nidoqueen|142\/365
|
|switch|p2a: Hydreigon|Hydreigon, M|325\/325
|move|p1a: Nidoqueen|Earth Power|p2a: Hydreigon
|-immune|p2a: Hydreigon|[msg]
|
|turn|11
|
|move|p2a: Hydreigon|U-turn|p1a: Nidoqueen
|-resisted|p1a: Nidoqueen
|-damage|p1a: Nidoqueen|114\/365
|
|switch|p2a: Whimsicott|Whimsicott, M|262\/262
|move|p1a: Nidoqueen|Earth Power|p2a: Whimsicott
|-resisted|p2a: Whimsicott
|-damage|p2a: Whimsicott|123\/262
|
|turn|12
|
|move|p2a: Whimsicott|Energy Ball|p1a: Nidoqueen
|-damage|p1a: Nidoqueen|0 fnt
|faint|p1a: Nidoqueen
|
|
|switch|p1a: Reuniclus|Reuniclus, M|354\/424
|turn|13
|
|switch|p2a: Chandelure|Chandelure, M|235\/289
|move|p1a: Reuniclus|Focus Blast|p2a: Chandelure
|-immune|p2a: Chandelure|[msg]
|
|-heal|p2a: Chandelure|253\/289|[from] item: Leftovers
|turn|14
|c|âMarkiSparki|omg that predictions
|
|move|p2a: Chandelure|Shadow Ball|p1a: Reuniclus
|-supereffective|p1a: Reuniclus
|-damage|p1a: Reuniclus|46\/424
|move|p1a: Reuniclus|Psychic|p2a: Chandelure
|-damage|p2a: Chandelure|18\/289
|
|-heal|p2a: Chandelure|36\/289|[from] item: Leftovers
|turn|15
|
|move|p2a: Chandelure|Flamethrower|p1a: Reuniclus
|-damage|p1a: Reuniclus|0 fnt
|faint|p1a: Reuniclus
|
|-heal|p2a: Chandelure|54\/289|[from] item: Leftovers
|c|âUrNemesis357|:]
|
|switch|p1a: Krookodile|Krookodile, M|331\/331
|-damage|p1a: Krookodile|311\/331|[from] Stealth Rock
|-ability|p1a: Krookodile|Intimidate|[of] p2a: Chandelure
|-unboost|p2a: Chandelure|atk|1
|turn|16
|
|move|p1a: Krookodile|Knock Off|p2a: Chandelure
|-supereffective|p2a: Chandelure
|-damage|p2a: Chandelure|0 fnt
|-enditem|p2a: Chandelure|Leftovers|[from] move: Knock Off|[of] p1a: Krookodile
|-damage|p1a: Krookodile|278\/331|[from] item: Life Orb
|faint|p2a: Chandelure
|
|
|switch|p2a: Whimsicott|Whimsicott, M|123\/262
|turn|17
|
|move|p2a: Whimsicott|Switcheroo|p1a: Krookodile
|-activate|p2a: Whimsicott|move: Trick|[of] p1a: Krookodile
|-item|p1a: Krookodile|Choice Specs|[from] Trick
|-item|p2a: Whimsicott|Life Orb|[from] Trick
|move|p1a: Krookodile|Knock Off|p2a: Whimsicott
|-resisted|p2a: Whimsicott
|-damage|p2a: Whimsicott|30\/262
|-enditem|p2a: Whimsicott|Life Orb|[from] move: Knock Off|[of] p1a: Krookodile
|
|turn|18
|c|âMarkiSparki|nice life orb you got there :D
|
|switch|p1a: Blissey|Blissey, F|667\/714
|-damage|p1a: Blissey|578\/714|[from] Stealth Rock
|move|p2a: Whimsicott|Moonblast|p1a: Blissey
|-crit|p1a: Blissey
|-damage|p1a: Blissey|437\/714
|-unboost|p1a: Blissey|spa|1
|
|-heal|p1a: Blissey|481\/714|[from] item: Leftovers
|turn|19
|
|switch|p2a: Tentacruel|Tentacruel, M|361\/361
|move|p1a: Blissey|Stealth Rock|p2a: Tentacruel
|-sidestart|p2: UrNemesis357|move: Stealth Rock
|
|-heal|p1a: Blissey|525\/714|[from] item: Leftovers
|turn|20
|
|move|p2a: Tentacruel|Rapid Spin|p1a: Blissey
|-damage|p1a: Blissey|506\/714
|-sideend|p2: UrNemesis357|Stealth Rock|[from] move: Rapid Spin|[of] p2a: Tentacruel
|move|p1a: Blissey|Seismic Toss|p2a: Tentacruel
|-damage|p2a: Tentacruel|261\/361
|
|-heal|p2a: Tentacruel|283\/361|[from] item: Black Sludge
|-heal|p1a: Blissey|550\/714|[from] item: Leftovers
|turn|21
|
|move|p2a: Tentacruel|Knock Off|p1a: Blissey
|-damage|p1a: Blissey|458\/714
|-enditem|p1a: Blissey|Leftovers|[from] move: Knock Off|[of] p2a: Tentacruel
|move|p1a: Blissey|Stealth Rock|p2a: Tentacruel
|-sidestart|p2: UrNemesis357|move: Stealth Rock
|
|-heal|p2a: Tentacruel|305\/361|[from] item: Black Sludge
|turn|22
|
|move|p2a: Tentacruel|Toxic Spikes|p1a: Blissey
|-sidestart|p1: MarkiSparki|move: Toxic Spikes
|move|p1a: Blissey|Thunder Wave|p2a: Tentacruel
|-status|p2a: Tentacruel|par
|
|-heal|p2a: Tentacruel|327\/361 par|[from] item: Black Sludge
|turn|23
|
|move|p1a: Blissey|Seismic Toss|p2a: Tentacruel
|-damage|p2a: Tentacruel|227\/361 par
|move|p2a: Tentacruel|Rapid Spin|p1a: Blissey
|-damage|p1a: Blissey|439\/714
|-sideend|p2: UrNemesis357|Stealth Rock|[from] move: Rapid Spin|[of] p2a: Tentacruel
|
|-heal|p2a: Tentacruel|249\/361 par|[from] item: Black Sludge
|turn|24
|
|move|p1a: Blissey|Seismic Toss|p2a: Tentacruel
|-damage|p2a: Tentacruel|149\/361 par
|cant|p2a: Tentacruel|par
|
|-heal|p2a: Tentacruel|171\/361 par|[from] item: Black Sludge
|turn|25
|
|switch|p2a: Dugtrio|Dugtrio, F|211\/211
|move|p1a: Blissey|Stealth Rock|p2a: Dugtrio
|-sidestart|p2: UrNemesis357|move: Stealth Rock
|
|turn|26
|
|move|p2a: Dugtrio|Earthquake|p1a: Blissey
|-damage|p1a: Blissey|100\/714
|move|p1a: Blissey|Seismic Toss|p2a: Dugtrio
|-damage|p2a: Dugtrio|111\/211
|
|turn|27
|
|move|p2a: Dugtrio|Earthquake|p1a: Blissey
|-damage|p1a: Blissey|0 fnt
|faint|p1a: Blissey
|
|
|switch|p1a: Beedrill|Beedrill, F|271\/271
|-damage|p1a: Beedrill|204\/271|[from] Stealth Rock
|-sideend|p1: MarkiSparki|move: Toxic Spikes|[of] p1a: Beedrill
|turn|28
|
|switch|p2a: Whimsicott|Whimsicott, M|30\/262
|-damage|p2a: Whimsicott|0 fnt|[from] Stealth Rock
|faint|p2a: Whimsicott
|detailschange|p1a: Beedrill|Beedrill-Mega, F
|-mega|p1a: Beedrill|Beedrill|Beedrillite
|move|p1a: Beedrill|U-turn|p2: Whimsicott|[notarget]
|-notarget
|
|
|switch|p2a: Hydreigon|Hydreigon, M|325\/325
|-damage|p2a: Hydreigon|285\/325|[from] Stealth Rock
|turn|29
|
|move|p1a: Beedrill|Protect|p1a: Beedrill
|-singleturn|p1a: Beedrill|Protect
|move|p2a: Hydreigon|Draco Meteor|p1a: Beedrill
|-activate|p1a: Beedrill|Protect
|
|turn|30
|
|switch|p1a: Krookodile|Krookodile, M|278\/331
|-damage|p1a: Krookodile|258\/331|[from] Stealth Rock
|-ability|p1a: Krookodile|Intimidate|[of] p2a: Hydreigon
|-unboost|p2a: Hydreigon|atk|1
|move|p2a: Hydreigon|Draco Meteor|p1a: Krookodile
|-damage|p1a: Krookodile|0 fnt
|-unboost|p2a: Hydreigon|spa|2
|faint|p1a: Krookodile
|
|
|switch|p1a: Crobat|Crobat, F|374\/374
|-damage|p1a: Crobat|281\/374|[from] Stealth Rock
|turn|31
|
|switch|p2a: Tentacruel|Tentacruel, M|171\/361 par
|-damage|p2a: Tentacruel|126\/361 par|[from] Stealth Rock
|move|p1a: Crobat|U-turn|p2a: Tentacruel
|-resisted|p2a: Tentacruel
|-damage|p2a: Tentacruel|104\/361 par
|
|switch|p1a: Beedrill|Beedrill-Mega, F|204\/271
|-damage|p1a: Beedrill|137\/271|[from] Stealth Rock
|
|-heal|p2a: Tentacruel|126\/361 par|[from] item: Black Sludge
|turn|32
|
|move|p1a: Beedrill|Knock Off|p2a: Tentacruel
|-damage|p2a: Tentacruel|12\/361 par
|-enditem|p2a: Tentacruel|Black Sludge|[from] move: Knock Off|[of] p1a: Beedrill
|cant|p2a: Tentacruel|par
|
|turn|33
|
|move|p1a: Beedrill|U-turn|p2a: Tentacruel
|-crit|p2a: Tentacruel
|-resisted|p2a: Tentacruel
|-damage|p2a: Tentacruel|0 fnt
|faint|p2a: Tentacruel
|
|switch|p1a: Crobat|Crobat, F|281\/374
|-damage|p1a: Crobat|188\/374|[from] Stealth Rock
|
|-heal|p1a: Crobat|211\/374|[from] item: Black Sludge
|
|switch|p2a: Hydreigon|Hydreigon, M|285\/325
|-damage|p2a: Hydreigon|245\/325|[from] Stealth Rock
|turn|34
|
|move|p2a: Hydreigon|Draco Meteor|p1a: Crobat
|-damage|p1a: Crobat|0 fnt
|-unboost|p2a: Hydreigon|spa|2
|faint|p1a: Crobat
|
|
|switch|p1a: Beedrill|Beedrill-Mega, F|137\/271
|-damage|p1a: Beedrill|70\/271|[from] Stealth Rock
|turn|35
|c|âMarkiSparki|gg
|
|switch|p2a: Jirachi|Jirachi|332\/371
|-damage|p2a: Jirachi|309\/371|[from] Stealth Rock
|move|p1a: Beedrill|Poison Jab|p2a: Jirachi
|-immune|p2a: Jirachi|[msg]
|
|-heal|p2a: Jirachi|332\/371|[from] item: Leftovers
|turn|36
|c|âUrNemesis357|gg
|c|âUrNemesis357|the predictions were fun
|c|âUrNemesis357|:]
|
|move|p1a: Beedrill|Poison Jab|p2a: Jirachi
|-immune|p2a: Jirachi|[msg]
|move|p2a: Jirachi|Fire Punch|p1a: Beedrill
|-supereffective|p1a: Beedrill
|-damage|p1a: Beedrill|0 fnt
|faint|p1a: Beedrill
|
|win|UrNemesis357
|raw|Ladder updating...
|c|âMarkiSparki|indeed :D
|raw|MarkiSparki's rating: 1467 &rarr; <strong>1447<\/strong><br \/>(-20 for losing)
|raw|UrNemesis357's rating: 1467 &rarr; <strong>1487<\/strong><br \/>(+20 for winning)
|leave|MarkiSparki
|leave|UrNemesis357
|player|p1
|player|p2
|join|UrNemesis357