|join|UrNemesis357
|join|westo1234
|player|p1|UrNemesis357|213
|player|p2|westo1234|101
|gametype|singles
|gen|6
|tier|UU
|rated
|rule|Sleep Clause Mod: Limit one foe put to sleep
|rule|Species Clause: Limit one of each PokÃ©mon
|rule|OHKO Clause: OHKO moves are banned
|rule|Moody Clause: Moody is banned
|rule|Evasion Moves Clause: Evasion moves are banned
|rule|Endless Battle Clause: Forcing endless battles is banned
|rule|HP Percentage Mod: HP is shown in percentages
|clearpoke
|poke|p1|Whimsicott, F
|poke|p1|Jirachi
|poke|p1|Tentacruel, F
|poke|p1|Hydreigon, M
|poke|p1|Dugtrio, M
|poke|p1|Chandelure, M
|poke|p2|Beedrill, M
|poke|p2|Porygon2, shiny
|poke|p2|Typhlosion, M
|poke|p2|Donphan, M
|poke|p2|Forretress, M
|poke|p2|Empoleon, M
|rule|Swagger Clause: Swagger is banned
|rule|Baton Pass Clause: Limit one PokÃ©mon knowing Baton Pass
|teampreview
|
|start
|switch|p1a: Jirachi|Jirachi|371\/371
|switch|p2a: Forretress|Forretress, M|354\/354
|turn|1
|
|move|p1a: Jirachi|Stealth Rock|p2a: Forretress
|-sidestart|p2: westo1234|move: Stealth Rock
|move|p2a: Forretress|Stealth Rock|p1a: Jirachi
|-sidestart|p1: UrNemesis357|move: Stealth Rock
|
|turn|2
|
|move|p1a: Jirachi|U-turn|p2a: Forretress
|-resisted|p2a: Forretress
|-damage|p2a: Forretress|337\/354
|-damage|p1a: Jirachi|310\/371|[from] item: Rocky Helmet|[of] p2a: Forretress
|
|switch|p1a: Chandelure|Chandelure, M|289\/289
|-damage|p1a: Chandelure|217\/289|[from] Stealth Rock
|move|p2a: Forretress|Spikes|p1a: Chandelure
|-sidestart|p1: UrNemesis357|Spikes
|
|-heal|p1a: Chandelure|235\/289|[from] item: Leftovers
|turn|3
|
|switch|p2a: Porygon2|Porygon2, shiny|374\/374
|-damage|p2a: Porygon2|328\/374|[from] Stealth Rock
|-ability|p2a: Porygon2|Flash Fire|[from] ability: Trace|[of] p1a: Chandelure
|move|p1a: Chandelure|Substitute|p1a: Chandelure
|-start|p1a: Chandelure|Substitute
|-damage|p1a: Chandelure|163\/289
|
|-heal|p1a: Chandelure|181\/289|[from] item: Leftovers
|turn|4
|
|move|p1a: Chandelure|Calm Mind|p1a: Chandelure
|-boost|p1a: Chandelure|spa|1
|-boost|p1a: Chandelure|spd|1
|move|p2a: Porygon2|Ice Beam|p1a: Chandelure
|-resisted|p1a: Chandelure
|-activate|p1a: Chandelure|Substitute|[damage]
|
|-heal|p1a: Chandelure|199\/289|[from] item: Leftovers
|turn|5
|
|move|p1a: Chandelure|Calm Mind|p1a: Chandelure
|-boost|p1a: Chandelure|spa|1
|-boost|p1a: Chandelure|spd|1
|move|p2a: Porygon2|Thunderbolt|p1a: Chandelure
|-end|p1a: Chandelure|Substitute
|
|-heal|p1a: Chandelure|217\/289|[from] item: Leftovers
|turn|6
|
|move|p1a: Chandelure|Substitute|p1a: Chandelure
|-start|p1a: Chandelure|Substitute
|-damage|p1a: Chandelure|145\/289
|move|p2a: Porygon2|Thunderbolt|p1a: Chandelure
|-activate|p1a: Chandelure|Substitute|[damage]
|
|-heal|p1a: Chandelure|163\/289|[from] item: Leftovers
|turn|7
|
|move|p1a: Chandelure|Flamethrower|p2a: Porygon2
|-start|p2a: Porygon2|ability: Flash Fire
|move|p2a: Porygon2|Thunderbolt|p1a: Chandelure
|-crit|p1a: Chandelure
|-end|p1a: Chandelure|Substitute
|
|-heal|p1a: Chandelure|181\/289|[from] item: Leftovers
|turn|8
|
|switch|p1a: Tentacruel|Tentacruel, F|361\/361
|-damage|p1a: Tentacruel|316\/361|[from] Stealth Rock
|-damage|p1a: Tentacruel|271\/361|[from] Spikes
|move|p2a: Porygon2|Ice Beam|p1a: Tentacruel
|-resisted|p1a: Tentacruel
|-damage|p1a: Tentacruel|237\/361
|
|-heal|p1a: Tentacruel|259\/361|[from] item: Black Sludge
|turn|9
|
|move|p1a: Tentacruel|Knock Off|p2a: Porygon2
|-damage|p2a: Porygon2|290\/374
|-enditem|p2a: Porygon2|Eviolite|[from] move: Knock Off|[of] p1a: Tentacruel
|move|p2a: Porygon2|Thunderbolt|p1a: Tentacruel
|-supereffective|p1a: Tentacruel
|-damage|p1a: Tentacruel|135\/361
|
|-heal|p1a: Tentacruel|157\/361|[from] item: Black Sludge
|turn|10
|
|move|p1a: Tentacruel|Rapid Spin|p2a: Porygon2
|-damage|p2a: Porygon2|277\/374
|-sideend|p1: UrNemesis357|Spikes|[from] move: Rapid Spin|[of] p1a: Tentacruel
|-sideend|p1: UrNemesis357|Stealth Rock|[from] move: Rapid Spin|[of] p1a: Tentacruel
|move|p2a: Porygon2|Thunderbolt|p1a: Tentacruel
|-supereffective|p1a: Tentacruel
|-damage|p1a: Tentacruel|37\/361
|
|-heal|p1a: Tentacruel|59\/361|[from] item: Black Sludge
|turn|11
|
|move|p1a: Tentacruel|Toxic Spikes|p2a: Porygon2
|-sidestart|p2: westo1234|move: Toxic Spikes
|move|p2a: Porygon2|Thunderbolt|p1a: Tentacruel
|-supereffective|p1a: Tentacruel
|-damage|p1a: Tentacruel|0 fnt
|faint|p1a: Tentacruel
|
|
|switch|p1a: Jirachi|Jirachi|310\/371
|turn|12
|
|move|p1a: Jirachi|U-turn|p2a: Porygon2
|-damage|p2a: Porygon2|209\/374
|
|switch|p1a: Dugtrio|Dugtrio, M|211\/211
|move|p2a: Porygon2|Thunderbolt|p1a: Dugtrio
|-immune|p1a: Dugtrio|[msg]
|
|turn|13
|
|switch|p1a: Jirachi|Jirachi|310\/371
|move|p2a: Porygon2|Ice Beam|p1a: Jirachi
|-resisted|p1a: Jirachi
|-damage|p1a: Jirachi|271\/371
|
|-heal|p1a: Jirachi|294\/371|[from] item: Leftovers
|turn|14
|
|move|p1a: Jirachi|Iron Head|p2a: Porygon2
|-damage|p2a: Porygon2|91\/374
|cant|p2a: Porygon2|flinch
|
|-heal|p1a: Jirachi|317\/371|[from] item: Leftovers
|turn|15
|
|switch|p2a: Forretress|Forretress, M|337\/354
|-damage|p2a: Forretress|293\/354|[from] Stealth Rock
|move|p1a: Jirachi|Iron Head|p2a: Forretress
|-crit|p2a: Forretress
|-resisted|p2a: Forretress
|-damage|p2a: Forretress|246\/354
|-damage|p1a: Jirachi|256\/371|[from] item: Rocky Helmet|[of] p2a: Forretress
|
|-heal|p1a: Jirachi|279\/371|[from] item: Leftovers
|turn|16
|
|switch|p1a: Chandelure|Chandelure, M|181\/289
|move|p2a: Forretress|Gyro Ball|p1a: Chandelure
|-resisted|p1a: Chandelure
|-damage|p1a: Chandelure|147\/289
|
|-heal|p1a: Chandelure|165\/289|[from] item: Leftovers
|turn|17
|
|switch|p1a: Jirachi|Jirachi|279\/371
|switch|p2a: Porygon2|Porygon2, shiny|91\/374
|-status|p2a: Porygon2|psn
|-damage|p2a: Porygon2|45\/374 psn|[from] Stealth Rock
|-ability|p2a: Porygon2|Serene Grace|[from] ability: Trace|[of] p1a: Jirachi
|
|-heal|p1a: Jirachi|302\/371|[from] item: Leftovers
|-damage|p2a: Porygon2|0 fnt|[from] psn
|faint|p2a: Porygon2
|
|switch|p2a: Forretress|Forretress, M|246\/354
|-damage|p2a: Forretress|202\/354|[from] Stealth Rock
|turn|18
|
|move|p1a: Jirachi|U-turn|p2a: Forretress
|-resisted|p2a: Forretress
|-damage|p2a: Forretress|183\/354
|-damage|p1a: Jirachi|241\/371|[from] item: Rocky Helmet|[of] p2a: Forretress
|
|switch|p1a: Chandelure|Chandelure, M|165\/289
|move|p2a: Forretress|Stealth Rock|p1a: Chandelure
|-sidestart|p1: UrNemesis357|move: Stealth Rock
|
|-heal|p1a: Chandelure|183\/289|[from] item: Leftovers
|turn|19
|
|switch|p2a: Donphan|Donphan, M|384\/384
|-status|p2a: Donphan|psn
|-damage|p2a: Donphan|360\/384 psn|[from] Stealth Rock
|move|p1a: Chandelure|Substitute|p1a: Chandelure
|-start|p1a: Chandelure|Substitute
|-damage|p1a: Chandelure|111\/289
|
|-heal|p1a: Chandelure|129\/289|[from] item: Leftovers
|-heal|p2a: Donphan|384\/384 psn|[from] item: Leftovers
|-damage|p2a: Donphan|336\/384 psn|[from] psn
|turn|20
|
|move|p1a: Chandelure|Flamethrower|p2a: Donphan
|-damage|p2a: Donphan|84\/384 psn
|move|p2a: Donphan|Earthquake|p1a: Chandelure
|-supereffective|p1a: Chandelure
|-end|p1a: Chandelure|Substitute
|
|-heal|p1a: Chandelure|147\/289|[from] item: Leftovers
|-heal|p2a: Donphan|108\/384 psn|[from] item: Leftovers
|-damage|p2a: Donphan|60\/384 psn|[from] psn
|turn|21
|
|move|p1a: Chandelure|Flamethrower|p2a: Donphan
|-damage|p2a: Donphan|0 fnt
|faint|p2a: Donphan
|
|-heal|p1a: Chandelure|165\/289|[from] item: Leftovers
|
|switch|p2a: Empoleon|Empoleon, M|310\/310
|-damage|p2a: Empoleon|291\/310|[from] Stealth Rock
|turn|22
|
|switch|p1a: Whimsicott|Whimsicott, F|262\/262
|-damage|p1a: Whimsicott|230\/262|[from] Stealth Rock
|move|p2a: Empoleon|Scald|p1a: Whimsicott
|-resisted|p1a: Whimsicott
|-damage|p1a: Whimsicott|169\/262
|-status|p1a: Whimsicott|brn
|
|-damage|p1a: Whimsicott|137\/262 brn|[from] brn
|turn|23
|
|move|p1a: Whimsicott|Switcheroo|p2a: Empoleon
|-activate|p1a: Whimsicott|move: Trick|[of] p2a: Empoleon
|-item|p2a: Empoleon|Choice Specs|[from] Trick
|-item|p1a: Whimsicott|Expert Belt|[from] Trick
|move|p2a: Empoleon|Flash Cannon|p1a: Whimsicott
|-supereffective|p1a: Whimsicott
|-damage|p1a: Whimsicott|0 fnt
|faint|p1a: Whimsicott
|
|
|switch|p1a: Jirachi|Jirachi|241\/371
|-damage|p1a: Jirachi|218\/371|[from] Stealth Rock
|turn|24
|
|switch|p2a: Typhlosion|Typhlosion, M|297\/297
|-status|p2a: Typhlosion|psn
|-damage|p2a: Typhlosion|223\/297 psn|[from] Stealth Rock
|move|p1a: Jirachi|Fire Punch|p2a: Typhlosion
|-crit|p2a: Typhlosion
|-resisted|p2a: Typhlosion
|-damage|p2a: Typhlosion|161\/297 psn
|
|-heal|p1a: Jirachi|241\/371|[from] item: Leftovers
|-damage|p2a: Typhlosion|124\/297 psn|[from] psn
|turn|25
|
|switch|p2a: Empoleon|Empoleon, M|291\/310
|-damage|p2a: Empoleon|272\/310|[from] Stealth Rock
|switch|p1a: Hydreigon|Hydreigon, M|325\/325
|-damage|p1a: Hydreigon|285\/325|[from] Stealth Rock
|
|turn|26
|
|move|p1a: Hydreigon|U-turn|p2a: Empoleon
|-resisted|p2a: Empoleon
|-damage|p2a: Empoleon|250\/310
|
|switch|p1a: Jirachi|Jirachi|241\/371
|-damage|p1a: Jirachi|218\/371|[from] Stealth Rock
|move|p2a: Empoleon|Ice Beam|p1a: Jirachi
|-resisted|p1a: Jirachi
|-damage|p1a: Jirachi|163\/371
|
|-heal|p1a: Jirachi|186\/371|[from] item: Leftovers
|turn|27
|
|switch|p2a: Forretress|Forretress, M|183\/354
|-damage|p2a: Forretress|139\/354|[from] Stealth Rock
|move|p1a: Jirachi|U-turn|p2a: Forretress
|-resisted|p2a: Forretress
|-damage|p2a: Forretress|119\/354
|-damage|p1a: Jirachi|125\/371|[from] item: Rocky Helmet|[of] p2a: Forretress
|
|switch|p1a: Chandelure|Chandelure, M|165\/289
|-damage|p1a: Chandelure|93\/289|[from] Stealth Rock
|
|-heal|p1a: Chandelure|111\/289|[from] item: Leftovers
|turn|28
|
|move|p1a: Chandelure|Flamethrower|p2a: Forretress
|-supereffective|p2a: Forretress
|-damage|p2a: Forretress|0 fnt
|faint|p2a: Forretress
|
|-heal|p1a: Chandelure|129\/289|[from] item: Leftovers
|
|switch|p2a: Empoleon|Empoleon, M|250\/310
|-damage|p2a: Empoleon|231\/310|[from] Stealth Rock
|turn|29
|
|move|p1a: Chandelure|Flamethrower|p2a: Empoleon
|-damage|p2a: Empoleon|65\/310
|move|p2a: Empoleon|Scald|p1a: Chandelure
|-supereffective|p1a: Chandelure
|-damage|p1a: Chandelure|0 fnt
|faint|p1a: Chandelure
|
|
|switch|p1a: Dugtrio|Dugtrio, M|211\/211
|-damage|p1a: Dugtrio|198\/211|[from] Stealth Rock
|turn|30
|
|move|p1a: Dugtrio|Earthquake|p2a: Empoleon
|-supereffective|p2a: Empoleon
|-damage|p2a: Empoleon|0 fnt
|faint|p2a: Empoleon
|
|
|switch|p2a: Beedrill|Beedrill, M|271\/271
|-sideend|p2: westo1234|move: Toxic Spikes|[of] p2a: Beedrill
|-damage|p2a: Beedrill|204\/271|[from] Stealth Rock
|turn|31
|
|switch|p1a: Jirachi|Jirachi|125\/371
|-damage|p1a: Jirachi|102\/371|[from] Stealth Rock
|detailschange|p2a: Beedrill|Beedrill-Mega, M
|-mega|p2a: Beedrill|Beedrill|Beedrillite
|move|p2a: Beedrill|Knock Off|p1a: Jirachi
|-supereffective|p1a: Jirachi
|-damage|p1a: Jirachi|0 fnt
|-enditem|p1a: Jirachi|Leftovers|[from] move: Knock Off|[of] p2a: Beedrill
|faint|p1a: Jirachi
|
|
|switch|p1a: Hydreigon|Hydreigon, M|285\/325
|-damage|p1a: Hydreigon|245\/325|[from] Stealth Rock
|turn|32
|
|move|p1a: Hydreigon|Dark Pulse|p2a: Beedrill
|-damage|p2a: Beedrill|39\/271
|move|p2a: Beedrill|U-turn|p1a: Hydreigon
|-supereffective|p1a: Hydreigon
|-damage|p1a: Hydreigon|0 fnt
|faint|p1a: Hydreigon
|
|switch|p2a: Typhlosion|Typhlosion, M|124\/297 psn
|-damage|p2a: Typhlosion|50\/297 psn|[from] Stealth Rock
|
|-damage|p2a: Typhlosion|13\/297 psn|[from] psn
|c|âUrNemesis357|gg
|
|switch|p1a: Dugtrio|Dugtrio, M|198\/211
|-damage|p1a: Dugtrio|185\/211|[from] Stealth Rock
|turn|33
|
|move|p1a: Dugtrio|Sucker Punch|p2a: Typhlosion
|-damage|p2a: Typhlosion|0 fnt
|faint|p2a: Typhlosion
|
|c|âwesto1234|gg
|
|switch|p2a: Beedrill|Beedrill-Mega, M|39\/271
|-damage|p2a: Beedrill|0 fnt|[from] Stealth Rock
|faint|p2a: Beedrill
|
|win|UrNemesis357
|raw|Ladder updating...
|raw|UrNemesis357's rating: 1496 &rarr; <strong>1504<\/strong><br \/>(+8 for winning)
|raw|westo1234's rating: 1256 &rarr; <strong>1246<\/strong><br \/>(-10 for losing)
|leave|westo1234
|player|p2