|join|jacksonjack
|join|rnd900
|player|p1|jacksonjack|170
|player|p2|rnd900|101
|gametype|singles
|gen|6
|tier|OU
|rated
|clearpoke
|poke|p1|Metagross
|poke|p1|Talonflame, M
|poke|p1|Latios, M
|poke|p1|Gliscor, M
|poke|p1|Ferrothorn, M
|poke|p1|Clefable, F
|poke|p2|Lopunny, M
|poke|p2|Gliscor, F
|poke|p2|Heatran, F
|poke|p2|Latias, F
|poke|p2|Dragonite, F
|poke|p2|Azumarill, M
|rule|Swagger Clause: Swagger is banned
|rule|Baton Pass Clause: Limit one PokÃ©mon knowing Baton Pass
|rule|Sleep Clause Mod: Limit one foe put to sleep
|rule|Species Clause: Limit one of each PokÃ©mon
|rule|OHKO Clause: OHKO moves are banned
|rule|Moody Clause: Moody is banned
|rule|Evasion Moves Clause: Evasion moves are banned
|rule|Endless Battle Clause: Forcing endless battles is banned
|rule|HP Percentage Mod: HP is shown in percentages
|teampreview
|
|start
|switch|p1a: Metagross|Metagross|301\/301
|switch|p2a: Heatran|Heatran, F|324\/324
|-item|p2a: Heatran|Air Balloon
|turn|1
|
|switch|p1a: Gliscor|Gliscor, M|352\/352
|move|p2a: Heatran|Lava Plume|p1a: Gliscor
|-damage|p1a: Gliscor|211\/352
|
|-status|p1a: Gliscor|tox|[from] item: Toxic Orb
|turn|2
|
|move|p2a: Heatran|Stealth Rock|p1a: Gliscor
|-sidestart|p1: jacksonjack|move: Stealth Rock
|move|p1a: Gliscor|Knock Off|p2a: Heatran
|-damage|p2a: Heatran|251\/324
|-enditem|p2a: Heatran|Air Balloon
|
|-heal|p1a: Gliscor|255\/352 tox|[from] ability: Poison Heal
|turn|3
|
|switch|p2a: Lopunny|Lopunny, M|272\/272
|move|p1a: Gliscor|Roost|p1a: Gliscor
|-heal|p1a: Gliscor|352\/352 tox
|
|turn|4
|
|switch|p1a: Ferrothorn|Ferrothorn, M|352\/352
|-damage|p1a: Ferrothorn|330\/352|[from] Stealth Rock
|detailschange|p2a: Lopunny|Lopunny-Mega, M
|-mega|p2a: Lopunny|Lopunny|Lopunnite
|move|p2a: Lopunny|Return|p1a: Ferrothorn
|-resisted|p1a: Ferrothorn
|-damage|p1a: Ferrothorn|257\/352
|-damage|p2a: Lopunny|238\/272|[from] ability: Iron Barbs|[of] p1a: Ferrothorn
|
|-heal|p1a: Ferrothorn|279\/352|[from] item: Leftovers
|turn|5
|
|move|p2a: Lopunny|Drain Punch|p1a: Ferrothorn
|-supereffective|p1a: Ferrothorn
|-damage|p1a: Ferrothorn|87\/352
|-heal|p2a: Lopunny|272\/272|[from] drain|[of] p1a: Ferrothorn
|-damage|p2a: Lopunny|238\/272|[from] ability: Iron Barbs|[of] p1a: Ferrothorn
|move|p1a: Ferrothorn|Leech Seed|p2a: Lopunny
|-start|p2a: Lopunny|move: Leech Seed
|
|-heal|p1a: Ferrothorn|109\/352|[from] item: Leftovers
|-damage|p2a: Lopunny|204\/272|[from] Leech Seed|[of] p1a: Ferrothorn
|-heal|p1a: Ferrothorn|143\/352|[silent]
|turn|6
|
|switch|p1a: Clefable|Clefable, F|394\/394
|move|p2a: Lopunny|Drain Punch|p1a: Clefable
|-resisted|p1a: Clefable
|-damage|p1a: Clefable|330\/394
|-heal|p2a: Lopunny|236\/272|[from] drain|[of] p1a: Clefable
|
|-heal|p1a: Clefable|354\/394|[from] item: Leftovers
|-damage|p2a: Lopunny|202\/272|[from] Leech Seed|[of] p1a: Clefable
|-heal|p1a: Clefable|388\/394|[silent]
|turn|7
|
|switch|p2a: Gliscor|Gliscor, F|352\/352
|switch|p1a: Gliscor|Gliscor, M|352\/352 tox
|-damage|p1a: Gliscor|308\/352 tox|[from] Stealth Rock
|
|-heal|p1a: Gliscor|352\/352 tox|[from] ability: Poison Heal
|-status|p2a: Gliscor|tox|[from] item: Toxic Orb
|turn|8
|
|move|p2a: Gliscor|Swords Dance|p2a: Gliscor
|-boost|p2a: Gliscor|atk|2
|move|p1a: Gliscor|Swords Dance|p1a: Gliscor
|-boost|p1a: Gliscor|atk|2
|
|turn|9
|
|move|p2a: Gliscor|Swords Dance|p2a: Gliscor
|-boost|p2a: Gliscor|atk|2
|move|p1a: Gliscor|Swords Dance|p1a: Gliscor
|-boost|p1a: Gliscor|atk|2
|
|turn|10
|
|move|p2a: Gliscor|Baton Pass|p2a: Gliscor
|
|switch|p2a: Lopunny|Lopunny-Mega, M|202\/272
|move|p1a: Gliscor|Knock Off|p2a: Lopunny
|-resisted|p2a: Lopunny
|-damage|p2a: Lopunny|132\/272
|
|turn|11
|
|switch|p1a: Ferrothorn|Ferrothorn, M|143\/352
|-damage|p1a: Ferrothorn|121\/352|[from] Stealth Rock
|move|p2a: Lopunny|Return|p1a: Ferrothorn
|-resisted|p1a: Ferrothorn
|-damage|p1a: Ferrothorn|0 fnt
|-damage|p2a: Lopunny|98\/272|[from] ability: Iron Barbs|[of] p1a: Ferrothorn
|faint|p1a: Ferrothorn
|
|
|switch|p1a: Talonflame|Talonflame, M|319\/319
|-damage|p1a: Talonflame|160\/319|[from] Stealth Rock
|turn|12
|
|move|p2a: Lopunny|Quick Attack|p1a: Talonflame
|-damage|p1a: Talonflame|0 fnt
|faint|p1a: Talonflame
|
|
|switch|p1a: Metagross|Metagross|301\/301
|-damage|p1a: Metagross|283\/301|[from] Stealth Rock
|turn|13
|
|detailschange|p1a: Metagross|Metagross-Mega
|-mega|p1a: Metagross|Metagross|Metagrossite
|move|p2a: Lopunny|High Jump Kick|p1a: Metagross
|-damage|p1a: Metagross|0 fnt
|faint|p1a: Metagross
|
|
|switch|p1a: Gliscor|Gliscor, M|352\/352 tox
|-damage|p1a: Gliscor|308\/352 tox|[from] Stealth Rock
|turn|14
|
|move|p2a: Lopunny|Return|p1a: Gliscor
|-damage|p1a: Gliscor|0 fnt
|faint|p1a: Gliscor
|
|-message|jacksonjack forfeited.
|leave|jacksonjack
|
|win|rnd900
|raw|Ladder updating...
|player|p1
|raw|jacksonjack's rating: 1664 &rarr; <strong>1648<\/strong><br \/>(-16 for losing)
|raw|rnd900's rating: 1738 &rarr; <strong>1754<\/strong><br \/>(+16 for winning)