|join|rnd900
|join|Haytunes
|player|p1|rnd900|169
|player|p2|Haytunes|213
|gametype|singles
|gen|6
|tier|OU
|rated
|clearpoke
|poke|p1|Lickilicky, F
|poke|p1|Skarmory, M
|poke|p1|Blissey, F
|poke|p1|Thundurus, M
|poke|p1|Torkoal, M
|poke|p1|Chesnaught, M
|poke|p2|Azumarill, M
|poke|p2|Scizor, M
|poke|p2|Gengar, F
|poke|p2|Landorus-Therian, M
|poke|p2|Celebi
|poke|p2|Heatran, M
|rule|Swagger Clause: Swagger is banned
|rule|Baton Pass Clause: Limit one PokÃ©mon knowing Baton Pass
|rule|Sleep Clause Mod: Limit one foe put to sleep
|rule|Species Clause: Limit one of each PokÃ©mon
|rule|OHKO Clause: OHKO moves are banned
|rule|Moody Clause: Moody is banned
|rule|Evasion Moves Clause: Evasion moves are banned
|rule|Endless Battle Clause: Forcing endless battles is banned
|rule|HP Percentage Mod: HP is shown in percentages
|teampreview
|
|start
|switch|p1a: Skarmory|Skarmory, M|272\/272
|switch|p2a: Landorus-Therian|Landorus-Therian, M|382\/382
|-ability|p2a: Landorus-Therian|Intimidate|[of] p1a: Skarmory
|-unboost|p1a: Skarmory|atk|1
|turn|1
|
|switch|p2a: Gengar|Gengar, F|268\/268
|move|p1a: Skarmory|Stealth Rock|p2a: Gengar
|-sidestart|p2: Haytunes|move: Stealth Rock
|
|turn|2
|
|switch|p1a: Blissey|Blissey, F|651\/651
|move|p2a: Gengar|Will-O-Wisp|p1a: Blissey
|-status|p1a: Blissey|brn
|
|-damage|p1a: Blissey|570\/651 brn|[from] brn
|turn|3
|
|move|p2a: Gengar|Substitute|p2a: Gengar
|-start|p2a: Gengar|Substitute
|-damage|p2a: Gengar|201\/268
|move|p1a: Blissey|Fire Blast|p2a: Gengar
|-end|p2a: Gengar|Substitute
|
|-heal|p2a: Gengar|217\/268|[from] item: Black Sludge
|-damage|p1a: Blissey|489\/651 brn|[from] brn
|turn|4
|
|switch|p2a: Azumarill|Azumarill, M|401\/401
|-damage|p2a: Azumarill|351\/401|[from] Stealth Rock
|switch|p1a: Lickilicky|Lickilicky, F|423\/423
|
|turn|5
|
|move|p1a: Lickilicky|Explosion|p2a: Azumarill
|-damage|p2a: Azumarill|0 fnt
|faint|p1a: Lickilicky
|faint|p2a: Azumarill
|
|
|switch|p1a: Skarmory|Skarmory, M|272\/272
|switch|p2a: Landorus-Therian|Landorus-Therian, M|382\/382
|-damage|p2a: Landorus-Therian|335\/382|[from] Stealth Rock
|-ability|p2a: Landorus-Therian|Intimidate|[of] p1a: Skarmory
|-unboost|p1a: Skarmory|atk|1
|turn|6
|
|move|p1a: Skarmory|Swords Dance|p1a: Skarmory
|-boost|p1a: Skarmory|atk|2
|move|p2a: Landorus-Therian|Stealth Rock|p1a: Skarmory
|-sidestart|p1: rnd900|move: Stealth Rock
|
|-heal|p2a: Landorus-Therian|358\/382|[from] item: Leftovers
|turn|7
|
|switch|p2a: Heatran|Heatran, M|385\/385
|-damage|p2a: Heatran|337\/385|[from] Stealth Rock
|move|p1a: Skarmory|Iron Head|p2a: Heatran
|-resisted|p2a: Heatran
|-damage|p2a: Heatran|281\/385
|-damage|p1a: Skarmory|245\/272|[from] item: Life Orb
|
|-heal|p2a: Heatran|305\/385|[from] item: Leftovers
|turn|8
|
|move|p1a: Skarmory|Brave Bird|p2a: Heatran
|-resisted|p2a: Heatran
|-damage|p2a: Heatran|141\/385
|-damage|p1a: Skarmory|191\/272|[from] recoil|[of] p2a: Heatran
|-damage|p1a: Skarmory|164\/272|[from] item: Life Orb
|move|p2a: Heatran|Lava Plume|p1a: Skarmory
|-supereffective|p1a: Skarmory
|-damage|p1a: Skarmory|0 fnt
|faint|p1a: Skarmory
|
|-heal|p2a: Heatran|165\/385|[from] item: Leftovers
|
|switch|p1a: Chesnaught|Chesnaught, M|320\/320
|-damage|p1a: Chesnaught|300\/320|[from] Stealth Rock
|turn|9
|
|switch|p2a: Gengar|Gengar, F|217\/268
|-damage|p2a: Gengar|184\/268|[from] Stealth Rock
|move|p1a: Chesnaught|Drain Punch|p2a: Gengar
|-immune|p2a: Gengar|[msg]
|
|-heal|p2a: Gengar|200\/268|[from] item: Black Sludge
|turn|10
|
|switch|p1a: Blissey|Blissey, F|489\/651 brn
|-damage|p1a: Blissey|408\/651 brn|[from] Stealth Rock
|move|p2a: Gengar|Substitute|p2a: Gengar
|-start|p2a: Gengar|Substitute
|-damage|p2a: Gengar|133\/268
|
|-heal|p2a: Gengar|149\/268|[from] item: Black Sludge
|-damage|p1a: Blissey|327\/651 brn|[from] brn
|turn|11
|
|move|p2a: Gengar|Sludge Wave|p1a: Blissey
|-damage|p1a: Blissey|197\/651 brn
|move|p1a: Blissey|Fire Blast|p2a: Gengar
|-end|p2a: Gengar|Substitute
|
|-heal|p2a: Gengar|165\/268|[from] item: Black Sludge
|-damage|p1a: Blissey|116\/651 brn|[from] brn
|turn|12
|
|move|p2a: Gengar|Sludge Wave|p1a: Blissey
|-damage|p1a: Blissey|0 fnt
|faint|p1a: Blissey
|
|-heal|p2a: Gengar|181\/268|[from] item: Black Sludge
|
|switch|p1a: Torkoal|Torkoal, M|281\/281
|-damage|p1a: Torkoal|211\/281|[from] Stealth Rock
|turn|13
|
|switch|p2a: Landorus-Therian|Landorus-Therian, M|358\/382
|-damage|p2a: Landorus-Therian|311\/382|[from] Stealth Rock
|-ability|p2a: Landorus-Therian|Intimidate|[of] p1a: Torkoal
|-fail|p1a: Torkoal|unboost|[from] ability: White Smoke|[of] p1a: Torkoal
|move|p1a: Torkoal|Shell Smash|p1a: Torkoal
|-boost|p1a: Torkoal|atk|2
|-boost|p1a: Torkoal|spa|2
|-boost|p1a: Torkoal|spe|2
|-unboost|p1a: Torkoal|def|1
|-unboost|p1a: Torkoal|spd|1
|
|-heal|p2a: Landorus-Therian|334\/382|[from] item: Leftovers
|turn|14
|
|move|p1a: Torkoal|Fire Blast|p2a: Landorus-Therian
|-damage|p2a: Landorus-Therian|0 fnt
|faint|p2a: Landorus-Therian
|
|
|switch|p2a: Heatran|Heatran, M|165\/385
|-damage|p2a: Heatran|117\/385|[from] Stealth Rock
|turn|15
|
|move|p1a: Torkoal|Superpower|p2a: Heatran
|-supereffective|p2a: Heatran
|-damage|p2a: Heatran|0 fnt
|-unboost|p1a: Torkoal|atk|1
|-unboost|p1a: Torkoal|def|1
|faint|p2a: Heatran
|
|
|switch|p2a: Celebi|Celebi|404\/404
|-damage|p2a: Celebi|354\/404|[from] Stealth Rock
|turn|16
|
|move|p1a: Torkoal|Fire Blast|p2a: Celebi
|-supereffective|p2a: Celebi
|-damage|p2a: Celebi|0 fnt
|faint|p2a: Celebi
|
|-message|Haytunes forfeited.
|
|win|rnd900
|raw|Ladder updating...
|leave|Haytunes
|player|p2
|raw|rnd900's rating: 1456 &rarr; <strong>1480<\/strong><br \/>(+24 for winning)
|raw|Haytunes's rating: 1513 &rarr; <strong>1490<\/strong><br \/>(-23 for losing)