|join|Sasha Ankov
|join|rnd900
|player|p1|Sasha Ankov|289
|player|p2|rnd900|265
|gametype|singles
|gen|6
|tier|OU
|rated
|clearpoke
|poke|p1|Slowbro, F
|poke|p1|Heatran, F
|poke|p1|Goodra, M
|poke|p1|Conkeldurr, M
|poke|p1|Scizor, M
|poke|p1|Landorus, M
|poke|p2|Lopunny, M
|poke|p2|Clefable, F
|poke|p2|Gliscor, M
|poke|p2|Heatran, F
|poke|p2|Latias, F
|poke|p2|Dragonite, F
|rule|Swagger Clause: Swagger is banned
|rule|Baton Pass Clause: Limit one PokÃ©mon knowing Baton Pass
|rule|Sleep Clause Mod: Limit one foe put to sleep
|rule|Species Clause: Limit one of each PokÃ©mon
|rule|OHKO Clause: OHKO moves are banned
|rule|Moody Clause: Moody is banned
|rule|Evasion Moves Clause: Evasion moves are banned
|rule|Endless Battle Clause: Forcing endless battles is banned
|rule|HP Percentage Mod: HP is shown in percentages
|teampreview
|
|start
|switch|p1a: Landorus|Landorus, M|319\/319
|switch|p2a: Heatran|Heatran, F|324\/324
|-item|p2a: Heatran|Air Balloon
|turn|1
|
|switch|p2a: Latias|Latias, F|302\/302
|move|p1a: Landorus|Psychic|p2a: Latias
|-resisted|p2a: Latias
|-damage|p2a: Latias|225\/302
|
|turn|2
|
|switch|p2a: Heatran|Heatran, F|324\/324
|-item|p2a: Heatran|Air Balloon
|switch|p1a: Scizor|Scizor, M|343\/343
|
|turn|3
|
|switch|p1a: Slowbro|Slowbro, F|393\/393
|move|p2a: Heatran|Stealth Rock|p1a: Slowbro
|-sidestart|p1: Sasha Ankov|move: Stealth Rock
|
|turn|4
|
|detailschange|p1a: Slowbro|Slowbro-Mega, F
|-mega|p1a: Slowbro|Slowbro|Slowbronite
|move|p2a: Heatran|Will-O-Wisp|p1a: Slowbro
|-status|p1a: Slowbro|brn
|move|p1a: Slowbro|Scald|p2a: Heatran
|-supereffective|p2a: Heatran
|-damage|p2a: Heatran|114\/324
|-enditem|p2a: Heatran|Air Balloon
|
|-damage|p1a: Slowbro|344\/393 brn|[from] brn
|turn|5
|
|move|p2a: Heatran|Lava Plume|p1a: Slowbro
|-resisted|p1a: Slowbro
|-damage|p1a: Slowbro|263\/393 brn
|move|p1a: Slowbro|Scald|p2a: Heatran
|-supereffective|p2a: Heatran
|-damage|p2a: Heatran|0 fnt
|faint|p2a: Heatran
|
|-damage|p1a: Slowbro|214\/393 brn|[from] brn
|
|switch|p2a: Latias|Latias, F|225\/302
|turn|6
|
|switch|p1a: Heatran|Heatran, F|386\/386
|-damage|p1a: Heatran|338\/386|[from] Stealth Rock
|-item|p1a: Heatran|Air Balloon
|move|p2a: Latias|Draco Meteor|p1a: Heatran
|-resisted|p1a: Heatran
|-damage|p1a: Heatran|251\/386
|-enditem|p1a: Heatran|Air Balloon
|-unboost|p2a: Latias|spa|2
|-damage|p2a: Latias|195\/302|[from] item: Life Orb
|
|turn|7
|
|switch|p2a: Gliscor|Gliscor, M|352\/352
|move|p1a: Heatran|Lava Plume|p2a: Gliscor
|-damage|p2a: Gliscor|244\/352
|-status|p2a: Gliscor|brn
|
|-damage|p2a: Gliscor|200\/352 brn|[from] brn
|turn|8
|
|move|p2a: Gliscor|Swords Dance|p2a: Gliscor
|-boost|p2a: Gliscor|atk|2
|move|p1a: Heatran|Lava Plume|p2a: Gliscor
|-damage|p2a: Gliscor|92\/352 brn
|
|-damage|p2a: Gliscor|48\/352 brn|[from] brn
|turn|9
|
|switch|p1a: Landorus|Landorus, M|319\/319
|-damage|p1a: Landorus|280\/319|[from] Stealth Rock
|move|p2a: Gliscor|Baton Pass|p2a: Gliscor
|
|switch|p2a: Lopunny|Lopunny, M|272\/272
|
|turn|10
|
|switch|p1a: Goodra|Goodra, M|379\/379
|-damage|p1a: Goodra|332\/379|[from] Stealth Rock
|detailschange|p2a: Lopunny|Lopunny-Mega, M
|-mega|p2a: Lopunny|Lopunny|Lopunnite
|move|p2a: Lopunny|Return|p1a: Goodra
|-damage|p1a: Goodra|0 fnt
|-unboost|p2a: Lopunny|spe|1
|faint|p1a: Goodra
|
|
|switch|p1a: Landorus|Landorus, M|280\/319
|-damage|p1a: Landorus|241\/319|[from] Stealth Rock
|turn|11
|
|switch|p2a: Latias|Latias, F|195\/302
|move|p1a: Landorus|Psychic|p2a: Latias
|-resisted|p2a: Latias
|-damage|p2a: Latias|124\/302
|
|turn|12
|
|switch|p1a: Scizor|Scizor, M|343\/343
|-damage|p1a: Scizor|301\/343|[from] Stealth Rock
|move|p2a: Latias|Healing Wish|p2a: Latias
|faint|p2a: Latias
|
|
|switch|p2a: Gliscor|Gliscor, M|48\/352 brn
|-heal|p2a: Gliscor|352\/352|[from] move: Healing Wish
|turn|13
|
|switch|p1a: Slowbro|Slowbro-Mega, F|214\/393 brn
|-damage|p1a: Slowbro|165\/393 brn|[from] Stealth Rock
|move|p2a: Gliscor|Swords Dance|p2a: Gliscor
|-boost|p2a: Gliscor|atk|2
|
|-damage|p1a: Slowbro|116\/393 brn|[from] brn
|-status|p2a: Gliscor|tox|[from] item: Toxic Orb
|turn|14
|
|move|p2a: Gliscor|Earthquake|p1a: Slowbro
|-damage|p1a: Slowbro|19\/393 brn
|move|p1a: Slowbro|Slack Off|p1a: Slowbro
|-heal|p1a: Slowbro|216\/393 brn
|
|-damage|p1a: Slowbro|167\/393 brn|[from] brn
|turn|15
|
|move|p2a: Gliscor|Swords Dance|p2a: Gliscor
|-boost|p2a: Gliscor|atk|2
|move|p1a: Slowbro|Slack Off|p1a: Slowbro
|-heal|p1a: Slowbro|364\/393 brn
|
|-damage|p1a: Slowbro|315\/393 brn|[from] brn
|turn|16
|
|move|p2a: Gliscor|Earthquake|p1a: Slowbro
|-damage|p1a: Slowbro|164\/393 brn
|move|p1a: Slowbro|Scald|p2a: Gliscor
|-supereffective|p2a: Gliscor
|-damage|p2a: Gliscor|136\/352 tox
|
|-heal|p2a: Gliscor|180\/352 tox|[from] ability: Poison Heal
|-damage|p1a: Slowbro|115\/393 brn|[from] brn
|turn|17
|
|switch|p1a: Landorus|Landorus, M|241\/319
|-damage|p1a: Landorus|202\/319|[from] Stealth Rock
|move|p2a: Gliscor|Earthquake|p1a: Landorus
|-immune|p1a: Landorus|[msg]
|
|-heal|p2a: Gliscor|224\/352 tox|[from] ability: Poison Heal
|turn|18
|
|move|p1a: Landorus|Psychic|p2a: Gliscor
|-damage|p2a: Gliscor|56\/352 tox
|move|p2a: Gliscor|Roost|p2a: Gliscor
|-heal|p2a: Gliscor|232\/352 tox
|
|-heal|p2a: Gliscor|276\/352 tox|[from] ability: Poison Heal
|turn|19
|
|move|p1a: Landorus|Psychic|p2a: Gliscor
|-damage|p2a: Gliscor|121\/352 tox
|move|p2a: Gliscor|Baton Pass|p2a: Gliscor
|
|switch|p2a: Lopunny|Lopunny-Mega, M|272\/272
|
|turn|20
|
|switch|p1a: Slowbro|Slowbro-Mega, F|115\/393 brn
|-damage|p1a: Slowbro|66\/393 brn|[from] Stealth Rock
|move|p2a: Lopunny|Return|p1a: Slowbro
|-damage|p1a: Slowbro|0 fnt
|faint|p1a: Slowbro
|
|
|switch|p1a: Conkeldurr|Conkeldurr, M|413\/413
|-damage|p1a: Conkeldurr|388\/413|[from] Stealth Rock
|turn|21
|leave|Sasha Ankov
|
|move|p1a: Conkeldurr|Mach Punch|p2a: Lopunny
|-supereffective|p2a: Lopunny
|-damage|p2a: Lopunny|96\/272
|move|p2a: Lopunny|Drain Punch|p1a: Conkeldurr
|-damage|p1a: Conkeldurr|0 fnt
|-heal|p2a: Lopunny|272\/272|[from] drain|[of] p1a: Conkeldurr
|faint|p1a: Conkeldurr
|
|player|p1
|-message|sashaankov lost due to inactivity.
|
|win|rnd900
|raw|Ladder updating...
|raw|Sasha Ankov's rating: 1391 &rarr; <strong>1374<\/strong><br \/>(-17 for losing)
|raw|rnd900's rating: 1440 &rarr; <strong>1458<\/strong><br \/>(+18 for winning)