|join|rnd900
|join|Sharpteeth
|player|p1|rnd900|102
|player|p2|Sharpteeth|1
|gametype|singles
|gen|6
|tier|OU
|rated
|clearpoke
|poke|p1|Lopunny, F
|poke|p1|Gliscor, F
|poke|p1|Heatran, F
|poke|p1|Latias, F
|poke|p1|Dragonite, M
|poke|p1|Azumarill, F
|poke|p2|Weavile, F
|poke|p2|Diancie
|poke|p2|Skarmory, M
|poke|p2|Latias, F
|poke|p2|Magnezone
|poke|p2|Garchomp, M
|rule|Swagger Clause: Swagger is banned
|rule|Baton Pass Clause: Limit one PokÃ©mon knowing Baton Pass
|rule|Sleep Clause Mod: Limit one foe put to sleep
|rule|Species Clause: Limit one of each PokÃ©mon
|rule|OHKO Clause: OHKO moves are banned
|rule|Moody Clause: Moody is banned
|rule|Evasion Moves Clause: Evasion moves are banned
|rule|Endless Battle Clause: Forcing endless battles is banned
|rule|HP Percentage Mod: HP is shown in percentages
|teampreview
|
|start
|switch|p1a: Heatran|Heatran, F|324\/324
|switch|p2a: Panic Button|Skarmory, M|334\/334
|-item|p1a: Heatran|Air Balloon
|turn|1
|
|move|p1a: Heatran|Taunt|p2a: Panic Button
|-start|p2a: Panic Button|move: Taunt
|cant|p2a: Panic Button|move: Taunt|Stealth Rock
|
|turn|2
|
|switch|p2a: Rubber Duck|Latias, F|344\/344
|move|p1a: Heatran|Stealth Rock|p2a: Rubber Duck
|-sidestart|p2: Sharpteeth|move: Stealth Rock
|
|turn|3
|
|move|p2a: Rubber Duck|Defog|p1a: Heatran
|-unboost|p1a: Heatran|evasion|1
|-sideend|p2: Sharpteeth|Stealth Rock|[from] move: Defog|[of] p2a: Rubber Duck
|move|p1a: Heatran|Taunt|p2a: Rubber Duck
|-start|p2a: Rubber Duck|move: Taunt
|
|turn|4
|
|move|p2a: Rubber Duck|Psyshock|p1a: Heatran
|-resisted|p1a: Heatran
|-damage|p1a: Heatran|275\/324
|-enditem|p1a: Heatran|Air Balloon
|move|p1a: Heatran|Stealth Rock|p2a: Rubber Duck
|-sidestart|p2: Sharpteeth|move: Stealth Rock
|
|turn|5
|
|move|p2a: Rubber Duck|Psyshock|p1a: Heatran
|-resisted|p1a: Heatran
|-damage|p1a: Heatran|219\/324
|move|p1a: Heatran|Will-O-Wisp|p2a: Rubber Duck
|-status|p2a: Rubber Duck|brn
|
|-damage|p2a: Rubber Duck|301\/344 brn|[from] brn
|turn|6
|
|move|p2a: Rubber Duck|Draco Meteor|p1a: Heatran
|-resisted|p1a: Heatran
|-damage|p1a: Heatran|137\/324
|-unboost|p2a: Rubber Duck|spa|2
|move|p1a: Heatran|Lava Plume|p2a: Rubber Duck
|-resisted|p2a: Rubber Duck
|-damage|p2a: Rubber Duck|242\/344 brn
|
|-heal|p2a: Rubber Duck|263\/344 brn|[from] item: Leftovers
|-damage|p2a: Rubber Duck|220\/344 brn|[from] brn
|-end|p2a: Rubber Duck|move: Taunt
|turn|7
|
|move|p2a: Rubber Duck|Defog|p1a: Heatran
|-unboost|p1a: Heatran|evasion|1
|-sideend|p2: Sharpteeth|Stealth Rock|[from] move: Defog|[of] p2a: Rubber Duck
|move|p1a: Heatran|Lava Plume|p2a: Rubber Duck
|-resisted|p2a: Rubber Duck
|-damage|p2a: Rubber Duck|166\/344 brn
|
|-heal|p2a: Rubber Duck|187\/344 brn|[from] item: Leftovers
|-damage|p2a: Rubber Duck|144\/344 brn|[from] brn
|turn|8
|
|move|p2a: Rubber Duck|Draco Meteor|p1a: Heatran
|-crit|p1a: Heatran
|-resisted|p1a: Heatran
|-damage|p1a: Heatran|2\/324
|-unboost|p2a: Rubber Duck|spa|2
|move|p1a: Heatran|Stealth Rock|p2a: Rubber Duck
|-sidestart|p2: Sharpteeth|move: Stealth Rock
|
|-heal|p2a: Rubber Duck|165\/344 brn|[from] item: Leftovers
|-damage|p2a: Rubber Duck|122\/344 brn|[from] brn
|turn|9
|
|move|p2a: Rubber Duck|Psyshock|p1a: Heatran
|-resisted|p1a: Heatran
|-damage|p1a: Heatran|0 fnt
|faint|p1a: Heatran
|
|-heal|p2a: Rubber Duck|143\/344 brn|[from] item: Leftovers
|-damage|p2a: Rubber Duck|100\/344 brn|[from] brn
|
|switch|p1a: Lopunny|Lopunny, F|272\/272
|turn|10
|
|switch|p2a: Hot Stove|Garchomp, M|420\/420
|-damage|p2a: Hot Stove|394\/420|[from] Stealth Rock
|detailschange|p1a: Lopunny|Lopunny-Mega, F
|-mega|p1a: Lopunny|Lopunny|Lopunnite
|move|p1a: Lopunny|High Jump Kick|p2a: Hot Stove
|-damage|p2a: Hot Stove|210\/420
|-damage|p1a: Lopunny|238\/272|[from] ability: Rough Skin|[of] p2a: Hot Stove
|-damage|p1a: Lopunny|193\/272|[from] item: Rocky Helmet|[of] p2a: Hot Stove
|
|turn|11
|
|switch|p1a: Latias|Latias, F|302\/302
|move|p2a: Hot Stove|Earthquake|p1a: Latias
|-immune|p1a: Latias|[msg]
|
|turn|12
|
|switch|p2a: Tinfoil Hat|Magnezone|319\/319
|-damage|p2a: Tinfoil Hat|300\/319|[from] Stealth Rock
|move|p1a: Latias|Draco Meteor|p2a: Tinfoil Hat
|-crit|p2a: Tinfoil Hat
|-resisted|p2a: Tinfoil Hat
|-damage|p2a: Tinfoil Hat|99\/319
|-unboost|p1a: Latias|spa|2
|-damage|p1a: Latias|272\/302|[from] item: Life Orb
|
|turn|13
|join|I so Shy xoxoxoxo
|
|switch|p1a: Gliscor|Gliscor, F|352\/352
|move|p2a: Tinfoil Hat|Flash Cannon|p1a: Gliscor
|-damage|p1a: Gliscor|139\/352
|-unboost|p1a: Gliscor|spd|1
|
|-status|p1a: Gliscor|tox|[from] item: Toxic Orb
|turn|14
|
|switch|p2a: Rubber Duck|Latias, F|100\/344 brn
|-damage|p2a: Rubber Duck|57\/344 brn|[from] Stealth Rock
|move|p1a: Gliscor|Baton Pass|p1a: Gliscor
|join|ryzed
|
|switch|p1a: Latias|Latias, F|272\/302
|
|-heal|p2a: Rubber Duck|78\/344 brn|[from] item: Leftovers
|-damage|p2a: Rubber Duck|35\/344 brn|[from] brn
|turn|15
|leave|ryzed
|
|move|p2a: Rubber Duck|Defog|p1a: Latias
|-unboost|p1a: Latias|evasion|1
|-sideend|p2: Sharpteeth|Stealth Rock|[from] move: Defog|[of] p2a: Rubber Duck
|move|p1a: Latias|Psyshock|p2a: Rubber Duck
|-resisted|p2a: Rubber Duck
|-damage|p2a: Rubber Duck|0 fnt
|-damage|p1a: Latias|242\/302|[from] item: Life Orb
|faint|p2a: Rubber Duck
|
|
|switch|p2a: Panic Button|Skarmory, M|334\/334
|turn|16
|
|move|p1a: Latias|Draco Meteor|p2a: Panic Button
|-resisted|p2a: Panic Button
|-damage|p2a: Panic Button|147\/334
|-unboost|p1a: Latias|spa|2
|-enditem|p2a: Panic Button|Red Card|[of] p1a: Latias
|drag|p1a: Lopunny|Lopunny-Mega, F|193\/272
|move|p2a: Panic Button|Stealth Rock|p1a: Lopunny
|-sidestart|p1: rnd900|move: Stealth Rock
|
|turn|17
|
|switch|p1a: Latias|Latias, F|242\/302
|-damage|p1a: Latias|205\/302|[from] Stealth Rock
|switch|p2a: Hot Stove|Garchomp, M|210\/420
|
|turn|18
|
|move|p1a: Latias|Draco Meteor|p2a: Hot Stove
|-supereffective|p2a: Hot Stove
|-damage|p2a: Hot Stove|0 fnt
|-unboost|p1a: Latias|spa|2
|-damage|p1a: Latias|175\/302|[from] item: Life Orb
|faint|p2a: Hot Stove
|
|
|switch|p2a: Broom Head|Weavile, F|282\/282
|-ability|p2a: Broom Head|Pressure
|turn|19
|
|move|p2a: Broom Head|Knock Off|p1a: Latias
|-supereffective|p1a: Latias
|-damage|p1a: Latias|0 fnt
|-enditem|p1a: Latias|Life Orb|[from] move: Knock Off|[of] p2a: Broom Head
|-damage|p2a: Broom Head|254\/282|[from] item: Life Orb
|faint|p1a: Latias
|
|
|switch|p1a: Lopunny|Lopunny-Mega, F|193\/272
|-damage|p1a: Lopunny|176\/272|[from] Stealth Rock
|turn|20
|
|switch|p2a: Panic Button|Skarmory, M|147\/334
|move|p1a: Lopunny|Drain Punch|p2a: Panic Button
|-damage|p2a: Panic Button|41\/334
|-heal|p1a: Lopunny|229\/272|[from] drain|[of] p2a: Panic Button
|
|turn|21
|
|move|p1a: Lopunny|Drain Punch|p2a: Panic Button
|-damage|p2a: Panic Button|0 fnt
|-heal|p1a: Lopunny|250\/272|[from] drain|[of] p2a: Panic Button
|faint|p2a: Panic Button
|
|
|switch|p2a: Garden Gnome|Diancie|241\/241
|turn|22
|
|switch|p1a: Gliscor|Gliscor, F|139\/352 tox
|-damage|p1a: Gliscor|95\/352 tox|[from] Stealth Rock
|detailschange|p2a: Garden Gnome|Diancie-Mega
|-mega|p2a: Garden Gnome|Diancie|Diancite
|move|p2a: Garden Gnome|Moonblast|p1a: Gliscor
|-damage|p1a: Gliscor|0 fnt
|faint|p1a: Gliscor
|
|
|switch|p1a: Azumarill|Azumarill, F|401\/401
|-damage|p1a: Azumarill|351\/401|[from] Stealth Rock
|turn|23
|
|move|p1a: Azumarill|Aqua Jet|p2a: Garden Gnome
|-crit|p2a: Garden Gnome
|-supereffective|p2a: Garden Gnome
|-damage|p2a: Garden Gnome|0 fnt
|faint|p2a: Garden Gnome
|
|
|switch|p2a: Tinfoil Hat|Magnezone|99\/319
|turn|24
|c|âSharpteeth|gg
|
|move|p2a: Tinfoil Hat|Volt Switch|p1a: Azumarill
|-supereffective|p1a: Azumarill
|-damage|p1a: Azumarill|9\/401
|c|ârnd900|gg
|leave|I so Shy xoxoxoxo
|-message|Sharpteeth forfeited.
|leave|Sharpteeth
|
|switch|p2a: Broom Head|Weavile, F|254\/282
|-ability|p2a: Broom Head|Pressure
|move|p1a: Azumarill|Waterfall|p2a: Broom Head
|-damage|p2a: Broom Head|0 fnt
|faint|p2a: Broom Head
|
|
|win|rnd900
|raw|Ladder updating...
|player|p2
|raw|rnd900's rating: 1756 &rarr; <strong>1775<\/strong><br \/>(+19 for winning)
|raw|Sharpteeth's rating: 1739 &rarr; <strong>1720<\/strong><br \/>(-19 for losing)