|join|MFDoomDesires
|join|rnd900
|player|p1|MFDoomDesires|1
|player|p2|rnd900|102
|gametype|singles
|gen|6
|tier|OU (suspect test)
|rated
|clearpoke
|poke|p1|Galvantula, F
|poke|p1|Hydreigon, M
|poke|p1|Empoleon, M
|poke|p1|Vileplume, M
|poke|p1|Infernape, M
|poke|p1|Aerodactyl, M
|poke|p2|Lickilicky, F
|poke|p2|Skarmory, M
|poke|p2|Blissey, F
|poke|p2|Thundurus, M
|poke|p2|Torkoal, F
|poke|p2|Chesnaught, M
|rule|Swagger Clause: Swagger is banned
|rule|Baton Pass Clause: Limit one PokÃ©mon knowing Baton Pass
|rule|Sleep Clause Mod: Limit one foe put to sleep
|rule|Species Clause: Limit one of each PokÃ©mon
|rule|OHKO Clause: OHKO moves are banned
|rule|Moody Clause: Moody is banned
|rule|Evasion Moves Clause: Evasion moves are banned
|rule|Endless Battle Clause: Forcing endless battles is banned
|rule|HP Percentage Mod: HP is shown in percentages
|teampreview
|
|start
|switch|p1a: Galvantula|Galvantula, F|282\/282
|switch|p2a: Skarmory|Skarmory, M|272\/272
|turn|1
|
|move|p1a: Galvantula|Sticky Web|p2a: Skarmory
|-sidestart|p2: rnd900|move: Sticky Web
|move|p2a: Skarmory|Stealth Rock|p1a: Galvantula
|-sidestart|p1: MFDoomDesires|move: Stealth Rock
|
|turn|2
|
|move|p1a: Galvantula|Volt Switch|p2a: Skarmory
|-supereffective|p2a: Skarmory
|-damage|p2a: Skarmory|18\/272
|
|switch|p1a: Empoleon|Empoleon, M|372\/372
|-damage|p1a: Empoleon|349\/372|[from] Stealth Rock
|move|p2a: Skarmory|Brave Bird|p1a: Empoleon
|-resisted|p1a: Empoleon
|-damage|p1a: Empoleon|220\/372
|-damage|p2a: Skarmory|0 fnt|[from] recoil|[of] p1a: Empoleon
|faint|p2a: Skarmory
|
|-heal|p1a: Empoleon|243\/372|[from] item: Leftovers
|
|switch|p2a: Lickilicky|Lickilicky, F|424\/424
|-activate|p2a: Lickilicky|move: Sticky Web
|-unboost|p2a: Lickilicky|spe|1
|turn|3
|
|switch|p1a: Vileplume|Vileplume, M|354\/354
|-damage|p1a: Vileplume|310\/354|[from] Stealth Rock
|move|p2a: Lickilicky|Belly Drum|p2a: Lickilicky
|-damage|p2a: Lickilicky|212\/424
|-setboost|p2a: Lickilicky|atk|6|[from] move: Belly Drum
|
|-heal|p1a: Vileplume|332\/354|[from] item: Black Sludge
|turn|4
|
|move|p1a: Vileplume|Sludge Bomb|p2a: Lickilicky
|-damage|p2a: Lickilicky|34\/424
|move|p2a: Lickilicky|Smelling Salts|p1a: Vileplume
|-damage|p1a: Vileplume|0 fnt
|-damage|p2a: Lickilicky|0 fnt|[from] item: Life Orb
|faint|p1a: Vileplume
|faint|p2a: Lickilicky
|
|
|switch|p1a: Infernape|Infernape, M|294\/294
|switch|p2a: Blissey|Blissey, F|652\/652
|-damage|p1a: Infernape|258\/294|[from] Stealth Rock
|-item|p1a: Infernape|Air Balloon
|-activate|p2a: Blissey|move: Sticky Web
|-unboost|p2a: Blissey|spe|1
|turn|5
|
|move|p1a: Infernape|Nasty Plot|p1a: Infernape
|-boost|p1a: Infernape|spa|2
|move|p2a: Blissey|Hyper Beam|p1a: Infernape
|-damage|p1a: Infernape|0 fnt
|-enditem|p1a: Infernape|Air Balloon
|faint|p1a: Infernape
|
|c|âMFDoomDesires|I was not expecting that in the slightest hahaha holy shit
|
|switch|p1a: Hydreigon|Hydreigon, M|326\/326
|-damage|p1a: Hydreigon|286\/326|[from] Stealth Rock
|turn|6
|
|move|p1a: Hydreigon|U-turn|p2a: Blissey
|-crit|p2a: Blissey
|-damage|p2a: Blissey|442\/652
|
|switch|p1a: Empoleon|Empoleon, M|243\/372
|-damage|p1a: Empoleon|220\/372|[from] Stealth Rock
|cant|p2a: Blissey|recharge
|
|-heal|p1a: Empoleon|243\/372|[from] item: Leftovers
|turn|7
|
|move|p2a: Blissey|Hyper Beam|p1a: Empoleon
|-resisted|p1a: Empoleon
|-damage|p1a: Empoleon|105\/372
|move|p1a: Empoleon|Roar|p2a: Blissey
|drag|p2a: Torkoal|Torkoal, F|281\/281
|-activate|p2a: Torkoal|move: Sticky Web
|-fail|p2a: Torkoal|unboost|[from] ability: White Smoke|[of] p2a: Torkoal
|
|-heal|p1a: Empoleon|128\/372|[from] item: Leftovers
|turn|8
|
|move|p1a: Empoleon|Scald|p2a: Torkoal
|-supereffective|p2a: Torkoal
|-damage|p2a: Torkoal|0 fnt
|faint|p2a: Torkoal
|
|-heal|p1a: Empoleon|151\/372|[from] item: Leftovers
|
|switch|p2a: Blissey|Blissey, F|442\/652
|-activate|p2a: Blissey|move: Sticky Web
|-unboost|p2a: Blissey|spe|1
|turn|9
|
|move|p1a: Empoleon|Scald|p2a: Blissey
|-damage|p2a: Blissey|325\/652
|-status|p2a: Blissey|brn
|move|p2a: Blissey|Thunder|p1a: Empoleon
|-supereffective|p1a: Empoleon
|-damage|p1a: Empoleon|0 fnt
|faint|p1a: Empoleon
|
|-damage|p2a: Blissey|244\/652 brn|[from] brn
|c|ârnd900|the new greninja imo
|
|switch|p1a: Hydreigon|Hydreigon, M|286\/326
|-damage|p1a: Hydreigon|246\/326|[from] Stealth Rock
|turn|10
|c|âMFDoomDesires|blissey?
|c|ârnd900|yeah
|c|ârnd900|lel
|c|âMFDoomDesires|I can see it what''s its spa?
|c|ârnd900|75
|
|move|p1a: Hydreigon|Draco Meteor|p2a: Blissey
|-damage|p2a: Blissey|114\/652 brn
|-unboost|p1a: Hydreigon|spa|2
|move|p2a: Blissey|Thunder|p1a: Hydreigon
|-resisted|p1a: Hydreigon
|-damage|p1a: Hydreigon|187\/326
|-status|p1a: Hydreigon|par
|
|-damage|p2a: Blissey|33\/652 brn|[from] brn
|turn|11
|
|move|p2a: Blissey|Thunder|p1a: Hydreigon
|-resisted|p1a: Hydreigon
|-damage|p1a: Hydreigon|137\/326 par
|move|p1a: Hydreigon|U-turn|p2a: Blissey
|-damage|p2a: Blissey|0 fnt
|faint|p2a: Blissey
|
|switch|p1a: Aerodactyl|Aerodactyl, M|302\/302
|-damage|p1a: Aerodactyl|227\/302|[from] Stealth Rock
|-ability|p1a: Aerodactyl|Unnerve|p2: rnd900
|
|c|âMFDoomDesires|I miss greninja though :'\/
|
|switch|p2a: Thundurus|Thundurus, M|362\/362
|turn|12
|c|ârnd900|yeah, me too
|
|detailschange|p1a: Aerodactyl|Aerodactyl-Mega, M
|-mega|p1a: Aerodactyl|Aerodactyl|Aerodactylite
|move|p2a: Thundurus|Bulk Up|p2a: Thundurus
|-boost|p2a: Thundurus|atk|1
|-boost|p2a: Thundurus|def|1
|move|p1a: Aerodactyl|Stone Edge|p2a: Thundurus
|-supereffective|p2a: Thundurus
|-damage|p2a: Thundurus|14\/362
|
|-heal|p2a: Thundurus|36\/362|[from] item: Leftovers
|turn|13
|c|ârnd900|tanked
|
|move|p2a: Thundurus|Rest|p2a: Thundurus
|-status|p2a: Thundurus|slp
|-heal|p2a: Thundurus|362\/362 slp|[silent]
|-status|p2a: Thundurus|slp|[from] move: Rest
|move|p1a: Aerodactyl|Stone Edge|p2a: Thundurus
|-supereffective|p2a: Thundurus
|-damage|p2a: Thundurus|18\/362 slp
|
|-heal|p2a: Thundurus|40\/362 slp|[from] item: Leftovers
|turn|14
|
|cant|p2a: Thundurus|slp
|move|p2a: Thundurus|Sleep Talk|p2a: Thundurus
|move|p2a: Thundurus|Bulk Up|p2a: Thundurus|[from]Sleep Talk
|-boost|p2a: Thundurus|atk|1
|-boost|p2a: Thundurus|def|1
|move|p1a: Aerodactyl|Stone Edge|p2a: Thundurus|[miss]
|-miss|p1a: Aerodactyl|p2a: Thundurus
|
|-heal|p2a: Thundurus|62\/362 slp|[from] item: Leftovers
|turn|15
|c|âMFDoomDesires|yikes
|c|âMFDoomDesires|nooo
|c|ârnd900|now
|c|ârnd900|wild charge
|
|cant|p2a: Thundurus|slp
|move|p2a: Thundurus|Sleep Talk|p2a: Thundurus
|move|p2a: Thundurus|Wild Charge|p1a: Aerodactyl|[from]Sleep Talk
|-supereffective|p1a: Aerodactyl
|-damage|p1a: Aerodactyl|0 fnt
|-damage|p2a: Thundurus|5\/362 slp|[from] recoil|[of] p1a: Aerodactyl
|faint|p1a: Aerodactyl
|
|-heal|p2a: Thundurus|27\/362 slp|[from] item: Leftovers
|c|âMFDoomDesires|that would be terrible
|c|âMFDoomDesires|no wayyyyyyyyy
|c|ârnd900|LOL
|c|âMFDoomDesires|That was so cool though, I'm not even mad.
|c|ârnd900|thundurus - #1 mega aero counter
|
|switch|p1a: Galvantula|Galvantula, F|282\/282
|-damage|p1a: Galvantula|212\/282|[from] Stealth Rock
|turn|16
|
|-curestatus|p2a: Thundurus|slp
|move|p2a: Thundurus|Rest|p2a: Thundurus
|-status|p2a: Thundurus|slp
|-heal|p2a: Thundurus|362\/362 slp|[silent]
|-status|p2a: Thundurus|slp|[from] move: Rest
|move|p1a: Galvantula|Bug Buzz|p2a: Thundurus
|-resisted|p2a: Thundurus
|-damage|p2a: Thundurus|312\/362 slp
|-unboost|p2a: Thundurus|spd|1
|
|-heal|p2a: Thundurus|334\/362 slp|[from] item: Leftovers
|turn|17
|c|âMFDoomDesires|yeah he stuffed me
|c|ârnd900|nooo
|
|cant|p2a: Thundurus|slp
|move|p2a: Thundurus|Sleep Talk|p2a: Thundurus
|move|p2a: Thundurus|Bulk Up|p2a: Thundurus|[from]Sleep Talk
|-boost|p2a: Thundurus|atk|1
|-boost|p2a: Thundurus|def|1
|move|p1a: Galvantula|Bug Buzz|p2a: Thundurus
|-resisted|p2a: Thundurus
|-damage|p2a: Thundurus|256\/362 slp
|
|-heal|p2a: Thundurus|278\/362 slp|[from] item: Leftovers
|turn|18
|
|cant|p2a: Thundurus|slp
|move|p2a: Thundurus|Sleep Talk|p2a: Thundurus
|move|p2a: Thundurus|Rest|p2a: Thundurus|[from]Sleep Talk
|-fail|p2a: Thundurus
|move|p1a: Galvantula|Volt Switch|p2a: Thundurus
|-damage|p2a: Thundurus|145\/362 slp
|
|switch|p1a: Hydreigon|Hydreigon, M|137\/326 par
|-damage|p1a: Hydreigon|97\/326 par|[from] Stealth Rock
|
|-heal|p2a: Thundurus|167\/362 slp|[from] item: Leftovers
|turn|19
|c|âMFDoomDesires|wild charge would ruin me id be so sad
|
|-curestatus|p2a: Thundurus|slp
|move|p2a: Thundurus|Wild Charge|p1a: Hydreigon
|-resisted|p1a: Hydreigon
|-damage|p1a: Hydreigon|0 fnt
|-damage|p2a: Thundurus|143\/362|[from] recoil|[of] p1a: Hydreigon
|faint|p1a: Hydreigon
|
|-heal|p2a: Thundurus|165\/362|[from] item: Leftovers
|c|âMFDoomDesires|wow
|
|switch|p1a: Galvantula|Galvantula, F|212\/282
|-damage|p1a: Galvantula|142\/282|[from] Stealth Rock
|turn|20
|
|move|p2a: Thundurus|Rest|p2a: Thundurus
|-status|p2a: Thundurus|slp
|-heal|p2a: Thundurus|362\/362 slp|[silent]
|-status|p2a: Thundurus|slp|[from] move: Rest
|move|p1a: Galvantula|Volt Switch|p2a: Thundurus
|-damage|p2a: Thundurus|233\/362 slp
|
|-heal|p2a: Thundurus|255\/362 slp|[from] item: Leftovers
|turn|21
|
|cant|p2a: Thundurus|slp
|move|p2a: Thundurus|Sleep Talk|p2a: Thundurus
|move|p2a: Thundurus|Rest|p2a: Thundurus|[from]Sleep Talk
|-fail|p2a: Thundurus
|move|p1a: Galvantula|Volt Switch|p2a: Thundurus
|-damage|p2a: Thundurus|135\/362 slp
|
|-heal|p2a: Thundurus|157\/362 slp|[from] item: Leftovers
|turn|22
|
|cant|p2a: Thundurus|slp
|move|p2a: Thundurus|Sleep Talk|p2a: Thundurus
|move|p2a: Thundurus|Bulk Up|p2a: Thundurus|[from]Sleep Talk
|-boost|p2a: Thundurus|atk|1
|-boost|p2a: Thundurus|def|1
|move|p1a: Galvantula|Volt Switch|p2a: Thundurus
|-damage|p2a: Thundurus|19\/362 slp
|
|-heal|p2a: Thundurus|41\/362 slp|[from] item: Leftovers
|turn|23
|c|ârnd900|:(
|
|-curestatus|p2a: Thundurus|slp
|move|p2a: Thundurus|Rest|p2a: Thundurus
|-status|p2a: Thundurus|slp
|-heal|p2a: Thundurus|362\/362 slp|[silent]
|-status|p2a: Thundurus|slp|[from] move: Rest
|move|p1a: Galvantula|Bug Buzz|p2a: Thundurus
|-resisted|p2a: Thundurus
|-damage|p2a: Thundurus|282\/362 slp
|
|-heal|p2a: Thundurus|304\/362 slp|[from] item: Leftovers
|turn|24
|c|âMFDoomDesires|omg
|
|cant|p2a: Thundurus|slp
|move|p2a: Thundurus|Sleep Talk|p2a: Thundurus
|move|p2a: Thundurus|Rest|p2a: Thundurus|[from]Sleep Talk
|-fail|p2a: Thundurus
|move|p1a: Galvantula|Volt Switch|p2a: Thundurus
|-damage|p2a: Thundurus|166\/362 slp
|
|-heal|p2a: Thundurus|188\/362 slp|[from] item: Leftovers
|turn|25
|c|ârnd900|where's the wild charge?
|
|cant|p2a: Thundurus|slp
|move|p2a: Thundurus|Sleep Talk|p2a: Thundurus
|move|p2a: Thundurus|Bulk Up|p2a: Thundurus|[from]Sleep Talk
|-boost|p2a: Thundurus|atk|1
|-boost|p2a: Thundurus|def|1
|move|p1a: Galvantula|Volt Switch|p2a: Thundurus
|-damage|p2a: Thundurus|56\/362 slp
|
|-heal|p2a: Thundurus|78\/362 slp|[from] item: Leftovers
|turn|26
|
|-curestatus|p2a: Thundurus|slp
|move|p2a: Thundurus|Rest|p2a: Thundurus
|-status|p2a: Thundurus|slp
|-heal|p2a: Thundurus|362\/362 slp|[silent]
|-status|p2a: Thundurus|slp|[from] move: Rest
|move|p1a: Galvantula|Volt Switch|p2a: Thundurus
|-damage|p2a: Thundurus|238\/362 slp
|
|-heal|p2a: Thundurus|260\/362 slp|[from] item: Leftovers
|turn|27
|c|âMFDoomDesires|That is a next level strat
|
|cant|p2a: Thundurus|slp
|move|p2a: Thundurus|Sleep Talk|p2a: Thundurus
|move|p2a: Thundurus|Bulk Up|p2a: Thundurus|[from]Sleep Talk
|-boost|p2a: Thundurus|atk|1
|-boost|p2a: Thundurus|def|1
|move|p1a: Galvantula|Bug Buzz|p2a: Thundurus
|-resisted|p2a: Thundurus
|-damage|p2a: Thundurus|177\/362 slp
|
|-heal|p2a: Thundurus|199\/362 slp|[from] item: Leftovers
|turn|28
|c|ârnd900|it's pretty bad, but depending on the team, it can actually work lol
|
|cant|p2a: Thundurus|slp
|move|p2a: Thundurus|Sleep Talk|p2a: Thundurus
|move|p2a: Thundurus|Rest|p2a: Thundurus|[from]Sleep Talk
|-fail|p2a: Thundurus
|move|p1a: Galvantula|Volt Switch|p2a: Thundurus
|-damage|p2a: Thundurus|66\/362 slp
|
|-heal|p2a: Thundurus|88\/362 slp|[from] item: Leftovers
|turn|29
|c|âMFDoomDesires|YEAH MY EXACT TEAM
|
|-curestatus|p2a: Thundurus|slp
|move|p2a: Thundurus|Rest|p2a: Thundurus
|-status|p2a: Thundurus|slp
|-heal|p2a: Thundurus|362\/362 slp|[silent]
|-status|p2a: Thundurus|slp|[from] move: Rest
|move|p1a: Galvantula|Volt Switch|p2a: Thundurus
|-damage|p2a: Thundurus|226\/362 slp
|
|-heal|p2a: Thundurus|248\/362 slp|[from] item: Leftovers
|turn|30
|
|cant|p2a: Thundurus|slp
|move|p2a: Thundurus|Sleep Talk|p2a: Thundurus
|move|p2a: Thundurus|Bulk Up|p2a: Thundurus|[from]Sleep Talk
|-fail|p2a: Thundurus
|move|p1a: Galvantula|Volt Switch|p2a: Thundurus
|-damage|p2a: Thundurus|122\/362 slp
|
|-heal|p2a: Thundurus|144\/362 slp|[from] item: Leftovers
|turn|31
|c|ârnd900|wow
|c|âMFDoomDesires|haha
|
|cant|p2a: Thundurus|slp
|move|p2a: Thundurus|Sleep Talk|p2a: Thundurus
|move|p2a: Thundurus|Rest|p2a: Thundurus|[from]Sleep Talk
|-fail|p2a: Thundurus
|move|p1a: Galvantula|Volt Switch|p2a: Thundurus
|-damage|p2a: Thundurus|6\/362 slp
|
|-heal|p2a: Thundurus|28\/362 slp|[from] item: Leftovers
|turn|32
|c|ârnd900|O.o
|c|âMFDoomDesires|oh my god
|
|-curestatus|p2a: Thundurus|slp
|move|p2a: Thundurus|Rest|p2a: Thundurus
|-status|p2a: Thundurus|slp
|-heal|p2a: Thundurus|362\/362 slp|[silent]
|-status|p2a: Thundurus|slp|[from] move: Rest
|move|p1a: Galvantula|Bug Buzz|p2a: Thundurus
|-crit|p2a: Thundurus
|-resisted|p2a: Thundurus
|-damage|p2a: Thundurus|245\/362 slp
|
|-heal|p2a: Thundurus|267\/362 slp|[from] item: Leftovers
|turn|33
|
|cant|p2a: Thundurus|slp
|move|p2a: Thundurus|Sleep Talk|p2a: Thundurus
|move|p2a: Thundurus|Rest|p2a: Thundurus|[from]Sleep Talk
|-fail|p2a: Thundurus
|move|p1a: Galvantula|Volt Switch|p2a: Thundurus
|-damage|p2a: Thundurus|128\/362 slp
|
|-heal|p2a: Thundurus|150\/362 slp|[from] item: Leftovers
|turn|34
|c|ârnd900|jesus
|c|âMFDoomDesires|CRITTTTTTT
|
|cant|p2a: Thundurus|slp
|move|p2a: Thundurus|Sleep Talk|p2a: Thundurus
|move|p2a: Thundurus|Wild Charge|p1a: Galvantula|[from]Sleep Talk
|-resisted|p1a: Galvantula
|-damage|p1a: Galvantula|0 fnt
|-damage|p2a: Thundurus|114\/362 slp|[from] recoil|[of] p1a: Galvantula
|faint|p1a: Galvantula
|
|win|rnd900
|raw|Ladder updating...
|raw|MFDoomDesires's rating: 1121 &rarr; <strong>1101<\/strong><br \/>(-20 for losing)
|raw|rnd900's rating: 1198 &rarr; <strong>1218<\/strong><br \/>(+20 for winning)
|c|ârnd900|finally
|c|âMFDoomDesires|Good game mate!
|c|ârnd900|gg
|leave|MFDoomDesires
|player|p1