|join|rnd900
|join|um yeah so whatevs
|player|p1|rnd900|101
|player|p2|um yeah so whatevs|102
|gametype|singles
|gen|6
|tier|OU (suspect test)
|rated
|clearpoke
|poke|p1|Shedinja
|poke|p1|Lickilicky, M
|poke|p1|Skarmory, F
|poke|p1|Blissey, F
|poke|p1|Thundurus, M
|poke|p1|Torkoal, M
|poke|p2|Lopunny, F
|poke|p2|Mew
|poke|p2|Azumarill, F
|poke|p2|Magnezone
|poke|p2|Excadrill, M
|poke|p2|Landorus-Therian, M
|rule|Swagger Clause: Swagger is banned
|rule|Baton Pass Clause: Limit one PokÃ©mon knowing Baton Pass
|rule|Sleep Clause Mod: Limit one foe put to sleep
|rule|Species Clause: Limit one of each PokÃ©mon
|rule|OHKO Clause: OHKO moves are banned
|rule|Moody Clause: Moody is banned
|rule|Evasion Moves Clause: Evasion moves are banned
|rule|Endless Battle Clause: Forcing endless battles is banned
|rule|HP Percentage Mod: HP is shown in percentages
|teampreview
|
|start
|switch|p1a: Shedinja|Shedinja|1\/1
|switch|p2a: Mew|Mew|404\/404
|turn|1
|
|move|p1a: Shedinja|Shadow Sneak|p2a: Mew
|-supereffective|p2a: Mew
|-damage|p2a: Mew|256\/404
|-damage|p1a: Shedinja|0 fnt|[from] item: Life Orb
|faint|p1a: Shedinja
|move|p2a: Mew|Will-O-Wisp|p1: Shedinja|[notarget]
|-notarget
|
|-heal|p2a: Mew|281\/404|[from] item: Leftovers
|c|âum yeah so whatevs|?????????
|c|âum yeah so whatevs|LOL
|c|ârnd900|lmao
|c|âum yeah so whatevs|why not use a focus sash omg
|
|switch|p1a: Thundurus|Thundurus, M|362\/362
|turn|2
|c|ârnd900|life orb = power
|c|ârnd900|lel
|
|move|p1a: Thundurus|Bulk Up|p1a: Thundurus
|-boost|p1a: Thundurus|atk|1
|-boost|p1a: Thundurus|def|1
|move|p2a: Mew|Knock Off|p1a: Thundurus
|-damage|p1a: Thundurus|293\/362
|-enditem|p1a: Thundurus|Leftovers|[from] move: Knock Off|[of] p2a: Mew
|
|-heal|p2a: Mew|306\/404|[from] item: Leftovers
|turn|3
|c|âum yeah so whatevs|rofl but a stab life orb thing did only
|c|âum yeah so whatevs|46%
|c|âum yeah so whatevs|36%*
|
|move|p1a: Thundurus|Bulk Up|p1a: Thundurus
|-boost|p1a: Thundurus|atk|1
|-boost|p1a: Thundurus|def|1
|move|p2a: Mew|Will-O-Wisp|p1a: Thundurus
|-status|p1a: Thundurus|brn
|
|-heal|p2a: Mew|331\/404|[from] item: Leftovers
|-damage|p1a: Thundurus|248\/362 brn|[from] brn
|turn|4
|
|move|p1a: Thundurus|Bulk Up|p1a: Thundurus
|-boost|p1a: Thundurus|atk|1
|-boost|p1a: Thundurus|def|1
|move|p2a: Mew|Knock Off|p1a: Thundurus
|-damage|p1a: Thundurus|218\/362 brn
|
|-heal|p2a: Mew|356\/404|[from] item: Leftovers
|-damage|p1a: Thundurus|173\/362 brn|[from] brn
|turn|5
|
|move|p1a: Thundurus|Bulk Up|p1a: Thundurus
|-boost|p1a: Thundurus|atk|1
|-boost|p1a: Thundurus|def|1
|move|p2a: Mew|Roost|p2a: Mew
|-heal|p2a: Mew|404\/404
|
|-damage|p1a: Thundurus|128\/362 brn|[from] brn
|turn|6
|
|move|p1a: Thundurus|Rest|p1a: Thundurus
|-status|p1a: Thundurus|slp
|-heal|p1a: Thundurus|362\/362 slp|[silent]
|-status|p1a: Thundurus|slp|[from] move: Rest
|move|p2a: Mew|Taunt|p1a: Thundurus
|-start|p1a: Thundurus|move: Taunt
|
|turn|7
|
|switch|p2a: Magnezone|Magnezone|323\/323
|cant|p1a: Thundurus|slp
|
|turn|8
|
|cant|p1a: Thundurus|slp
|move|p2a: Magnezone|Thunderbolt|p1a: Thundurus
|-damage|p1a: Thundurus|157\/362 slp
|
|turn|9
|
|-curestatus|p1a: Thundurus|slp
|move|p1a: Thundurus|Fly|p2a: Magnezone|[still]
|-prepare|p1a: Thundurus|Fly|p2a: Magnezone
|move|p2a: Magnezone|Thunderbolt|p1a: Thundurus|[miss]
|-miss|p2a: Magnezone|p1a: Thundurus
|
|-end|p1a: Thundurus|move: Taunt
|turn|10
|c|âum yeah so whatevs|omfg
|c|âum yeah so whatevs|i love u
|
|move|p1a: Thundurus|Fly|p2a: Magnezone
|-resisted|p2a: Magnezone
|-damage|p2a: Magnezone|242\/323
|move|p2a: Magnezone|Thunderbolt|p1a: Thundurus
|-damage|p1a: Thundurus|0 fnt
|faint|p1a: Thundurus
|
|c|âum yeah so whatevs|like what is even going on
|c|ârnd900|:)
|
|switch|p1a: Blissey|Blissey, F|652\/652
|turn|11
|
|switch|p2a: Mew|Mew|404\/404
|move|p1a: Blissey|Hyper Beam|p2a: Mew
|-damage|p2a: Mew|190\/404
|
|-heal|p2a: Mew|215\/404|[from] item: Leftovers
|turn|12
|c|âum yeah so whatevs|holy fuck
|c|ârnd900|clean 2hko
|
|move|p2a: Mew|Knock Off|p1a: Blissey
|-damage|p1a: Blissey|505\/652
|-enditem|p1a: Blissey|Choice Specs|[from] move: Knock Off|[of] p2a: Mew
|cant|p1a: Blissey|recharge
|
|-heal|p2a: Mew|240\/404|[from] item: Leftovers
|turn|13
|
|move|p2a: Mew|Roost|p2a: Mew
|-heal|p2a: Mew|404\/404
|move|p1a: Blissey|Thunder|p2a: Mew
|-damage|p2a: Mew|335\/404
|
|-heal|p2a: Mew|360\/404|[from] item: Leftovers
|turn|14
|
|switch|p2a: Excadrill|Excadrill, M|392\/392
|-ability|p2a: Excadrill|Mold Breaker
|move|p1a: Blissey|Blizzard|p2a: Excadrill
|-damage|p2a: Excadrill|249\/392
|
|-heal|p2a: Excadrill|273\/392|[from] item: Leftovers
|turn|15
|c|âum yeah so whatevs|if u fire blast im gonna cry
|c|ârnd900|i almost did
|c|ârnd900|:(
|
|move|p2a: Excadrill|Earthquake|p1a: Blissey
|-damage|p1a: Blissey|97\/652
|move|p1a: Blissey|Fire Blast|p2a: Excadrill
|-supereffective|p2a: Excadrill
|-damage|p2a: Excadrill|13\/392
|
|-heal|p2a: Excadrill|37\/392|[from] item: Leftovers
|turn|16
|c|âum yeah so whatevs|this is like a classic gen 1 blissey
|c|âum yeah so whatevs|well
|c|âum yeah so whatevs|chansey
|
|move|p2a: Excadrill|Iron Head|p1a: Blissey
|-damage|p1a: Blissey|0 fnt
|faint|p1a: Blissey
|
|-heal|p2a: Excadrill|61\/392|[from] item: Leftovers
|c|ârnd900|give blissey's movepool to greninja imo
|c|âum yeah so whatevs|lmfao
|
|switch|p1a: Skarmory|Skarmory, F|272\/272
|turn|17
|
|move|p2a: Excadrill|Stealth Rock|p1a: Skarmory
|-sidestart|p1: rnd900|move: Stealth Rock
|move|p1a: Skarmory|Swords Dance|p1a: Skarmory
|-boost|p1a: Skarmory|atk|2
|
|-heal|p2a: Excadrill|85\/392|[from] item: Leftovers
|turn|18
|
|move|p2a: Excadrill|Iron Head|p1a: Skarmory
|-resisted|p1a: Skarmory
|-damage|p1a: Skarmory|212\/272
|cant|p1a: Skarmory|flinch
|
|-heal|p2a: Excadrill|109\/392|[from] item: Leftovers
|turn|19
|c|ârnd900|shit
|
|move|p2a: Excadrill|Iron Head|p1a: Skarmory
|-resisted|p1a: Skarmory
|-damage|p1a: Skarmory|155\/272
|move|p1a: Skarmory|Iron Head|p2a: Excadrill
|-resisted|p2a: Excadrill
|-damage|p2a: Excadrill|0 fnt
|-damage|p1a: Skarmory|128\/272|[from] item: Life Orb
|faint|p2a: Excadrill
|
|c|âum yeah so whatevs|probably should have seen SD coming
|c|âum yeah so whatevs|but i also kinda wanted it to be specs
|
|switch|p2a: Lopunny|Lopunny, F|271\/271
|turn|20
|c|ârnd900|specs hp ground to kill magnezone lol
|c|âum yeah so whatevs|rofl
|
|detailschange|p2a: Lopunny|Lopunny-Mega, F
|-mega|p2a: Lopunny|Lopunny|Lopunnite
|move|p2a: Lopunny|Fake Out|p1a: Skarmory
|-crit|p1a: Skarmory
|-resisted|p1a: Skarmory
|-damage|p1a: Skarmory|86\/272
|cant|p1a: Skarmory|flinch
|
|turn|21
|
|move|p2a: Lopunny|High Jump Kick|p1a: Skarmory
|-damage|p1a: Skarmory|0 fnt
|faint|p1a: Skarmory
|
|
|switch|p1a: Torkoal|Torkoal, M|281\/281
|-damage|p1a: Torkoal|211\/281|[from] Stealth Rock
|turn|22
|c|ârnd900|252+ SpA Choice Specs Skarmory Hidden Power Ground vs. 0 HP \/ 0 SpD Magnezone: 236-280 (83.9 - 99.6%) -- 37.5% chance to OHKO after Stealth Rock
|c|ârnd900|not bad
|c|âum yeah so whatevs|LMAO
|
|move|p2a: Lopunny|High Jump Kick|p1a: Torkoal
|-damage|p1a: Torkoal|33\/281
|move|p1a: Torkoal|Superpower|p2a: Lopunny
|-supereffective|p2a: Lopunny
|-damage|p2a: Lopunny|85\/271
|-unboost|p1a: Torkoal|atk|1
|-unboost|p1a: Torkoal|def|1
|
|turn|23
|
|move|p2a: Lopunny|Frustration|p1a: Torkoal
|-damage|p1a: Torkoal|0 fnt
|faint|p1a: Torkoal
|
|c|âum yeah so whatevs|im gonna make a team like urs now
|
|switch|p1a: Lickilicky|Lickilicky, M|424\/424
|-damage|p1a: Lickilicky|371\/424|[from] Stealth Rock
|turn|24
|c|âum yeah so whatevs|that looks more fun than smogon reqs
|c|ârnd900|i actually beat some guy with this
|c|ârnd900|he was 17-3
|c|ârnd900|lol
|c|âum yeah so whatevs|what the LMAO
|c|ârnd900|http:\/\/replay.pokemonshowdown.com\/oususpecttest-199557115
|c|ârnd900|do \/ranking
|c|âum yeah so whatevs|yessss
|c|ârnd900|on this guy
|c|ârnd900|lol
|c|âum yeah so whatevs|oh my god
|c|âum yeah so whatevs|18-5
|
|move|p2a: Lopunny|High Jump Kick|p1a: Lickilicky
|-supereffective|p1a: Lickilicky
|-damage|p1a: Lickilicky|0 fnt
|faint|p1a: Lickilicky
|
|win|um yeah so whatevs
|raw|Ladder updating...
|raw|rnd900's rating: 1389 &rarr; <strong>1365<\/strong><br \/>(-24 for losing)
|raw|um yeah so whatevs's rating: 1311 &rarr; <strong>1335<\/strong><br \/>(+24 for winning)
|c|ârnd900|gg lol
|c|âum yeah so whatevs|ROFL
|c|âum yeah so whatevs|THE
|c|âum yeah so whatevs|POWER HERB
|c|âum yeah so whatevs|SOLARBEAM
|c|ârnd900|lmao
|c|âum yeah so whatevs|I CANT EVEN
|c|âum yeah so whatevs|SAVING THIS REPLAY FOREVER
|c|âum yeah so whatevs|THAT(
|c|âum yeah so whatevs|THAT*
|c|ârnd900|i can only imagine what he was thinking
|c|ârnd900|"wtf is going on???"
|c|âum yeah so whatevs|lmao the switching
|c|âum yeah so whatevs|and you missing
|c|âum yeah so whatevs|but he still forfeit
|c|ârnd900|that replay is gold
|c|âum yeah so whatevs|that deserves to go
|c|âum yeah so whatevs|in a replay hall of fame
|c|ârnd900|lmao
|leave|um yeah so whatevs
|player|p2