|join|JeromeSeiko
|join|rnd900
|player|p1|JeromeSeiko|49
|player|p2|rnd900|1
|gametype|singles
|gen|6
|tier|OU (suspect test)
|rated
|clearpoke
|poke|p1|Metagross
|poke|p1|Keldeo-Resolute
|poke|p1|Thundurus, M
|poke|p1|Ferrothorn, M
|poke|p1|Gengar, F
|poke|p1|Sylveon, F
|poke|p2|Lopunny, F
|poke|p2|Clefable, F
|poke|p2|Gliscor, F
|poke|p2|Manaphy
|poke|p2|Heatran, M
|poke|p2|Tyranitar, M
|rule|Swagger Clause: Swagger is banned
|rule|Baton Pass Clause: Limit one PokÃ©mon knowing Baton Pass
|rule|Sleep Clause Mod: Limit one foe put to sleep
|rule|Species Clause: Limit one of each PokÃ©mon
|rule|OHKO Clause: OHKO moves are banned
|rule|Moody Clause: Moody is banned
|rule|Evasion Moves Clause: Evasion moves are banned
|rule|Endless Battle Clause: Forcing endless battles is banned
|rule|HP Percentage Mod: HP is shown in percentages
|teampreview
|
|start
|switch|p1a: MyLittlePony|Keldeo-Resolute|322\/322
|switch|p2a: Clefable|Clefable, F|394\/394
|turn|1
|
|switch|p1a: Yamete Oni Chan|Ferrothorn, M|352\/352
|move|p2a: Clefable|Moonblast|p1a: Yamete Oni Chan
|-resisted|p1a: Yamete Oni Chan
|-damage|p1a: Yamete Oni Chan|316\/352
|
|-heal|p1a: Yamete Oni Chan|338\/352|[from] item: Leftovers
|turn|2
|
|switch|p2a: Heatran|Heatran, M|324\/324
|-item|p2a: Heatran|Air Balloon
|move|p1a: Yamete Oni Chan|Stealth Rock|p2a: Heatran
|-sidestart|p2: rnd900|move: Stealth Rock
|
|-heal|p1a: Yamete Oni Chan|352\/352|[from] item: Leftovers
|turn|3
|
|switch|p1a: MyLittlePony|Keldeo-Resolute|322\/322
|move|p2a: Heatran|Stealth Rock|p1a: MyLittlePony
|-sidestart|p1: JeromeSeiko|move: Stealth Rock
|
|turn|4
|
|switch|p2a: Manaphy|Manaphy|342\/342
|-damage|p2a: Manaphy|300\/342|[from] Stealth Rock
|move|p1a: MyLittlePony|Scald|p2a: Manaphy
|-resisted|p2a: Manaphy
|-damage|p2a: Manaphy|224\/342
|
|-heal|p2a: Manaphy|245\/342|[from] item: Leftovers
|turn|5
|
|switch|p1a: Zeus|Thundurus, M|299\/299
|-damage|p1a: Zeus|225\/299|[from] Stealth Rock
|move|p2a: Manaphy|Scald|p1a: Zeus
|-damage|p1a: Zeus|74\/299
|-status|p1a: Zeus|brn
|
|-heal|p1a: Zeus|92\/299 brn|[from] item: Leftovers
|-heal|p2a: Manaphy|266\/342|[from] item: Leftovers
|-damage|p1a: Zeus|55\/299 brn|[from] brn
|turn|6
|
|switch|p2a: Tyranitar|Tyranitar, M|342\/342
|-damage|p2a: Tyranitar|300\/342|[from] Stealth Rock
|-weather|Sandstorm
|move|p1a: Zeus|Hidden Power|p2a: Tyranitar
|-damage|p2a: Tyranitar|256\/342
|
|-weather|Sandstorm|[upkeep]
|-damage|p1a: Zeus|37\/299 brn|[from] sandstorm
|-heal|p1a: Zeus|55\/299 brn|[from] item: Leftovers
|-damage|p1a: Zeus|18\/299 brn|[from] brn
|turn|7
|
|switch|p2a: Heatran|Heatran, M|324\/324
|-damage|p2a: Heatran|284\/324|[from] Stealth Rock
|-item|p2a: Heatran|Air Balloon
|move|p1a: Zeus|Thunder Wave|p2a: Heatran
|-status|p2a: Heatran|par
|
|-weather|Sandstorm|[upkeep]
|-damage|p1a: Zeus|0 fnt|[from] sandstorm
|faint|p1a: Zeus
|
|switch|p1a: Metagross quoi|Metagross|301\/301
|-damage|p1a: Metagross quoi|283\/301|[from] Stealth Rock
|turn|8
|
|detailschange|p1a: Metagross quoi|Metagross-Mega
|-mega|p1a: Metagross quoi|Metagross|Metagrossite
|move|p1a: Metagross quoi|Hammer Arm|p2a: Heatran
|-supereffective|p2a: Heatran
|-damage|p2a: Heatran|0 fnt
|-enditem|p2a: Heatran|Air Balloon
|-unboost|p1a: Metagross quoi|spe|1
|faint|p2a: Heatran
|
|-weather|Sandstorm|[upkeep]
|
|switch|p2a: Manaphy|Manaphy|266\/342
|-damage|p2a: Manaphy|224\/342|[from] Stealth Rock
|turn|9
|
|switch|p1a: Yamete Oni Chan|Ferrothorn, M|352\/352
|-damage|p1a: Yamete Oni Chan|330\/352|[from] Stealth Rock
|move|p2a: Manaphy|Tail Glow|p2a: Manaphy
|-boost|p2a: Manaphy|spa|3
|
|-weather|Sandstorm|[upkeep]
|-damage|p2a: Manaphy|203\/342|[from] sandstorm
|-heal|p2a: Manaphy|224\/342|[from] item: Leftovers
|-heal|p1a: Yamete Oni Chan|352\/352|[from] item: Leftovers
|turn|10
|
|move|p2a: Manaphy|Scald|p1a: Yamete Oni Chan
|-resisted|p1a: Yamete Oni Chan
|-damage|p1a: Yamete Oni Chan|241\/352
|move|p1a: Yamete Oni Chan|Leech Seed|p2a: Manaphy
|-start|p2a: Manaphy|move: Leech Seed
|
|-weather|none
|-heal|p2a: Manaphy|245\/342|[from] item: Leftovers
|-heal|p1a: Yamete Oni Chan|263\/352|[from] item: Leftovers
|-damage|p2a: Manaphy|203\/342|[from] Leech Seed|[of] p1a: Yamete Oni Chan
|-heal|p1a: Yamete Oni Chan|305\/352|[silent]
|turn|11
|
|move|p2a: Manaphy|Scald|p1a: Yamete Oni Chan
|-resisted|p1a: Yamete Oni Chan
|-damage|p1a: Yamete Oni Chan|194\/352
|move|p1a: Yamete Oni Chan|Gyro Ball|p2a: Manaphy
|-resisted|p2a: Manaphy
|-damage|p2a: Manaphy|125\/342
|
|-heal|p2a: Manaphy|146\/342|[from] item: Leftovers
|-heal|p1a: Yamete Oni Chan|216\/352|[from] item: Leftovers
|-damage|p2a: Manaphy|104\/342|[from] Leech Seed|[of] p1a: Yamete Oni Chan
|-heal|p1a: Yamete Oni Chan|258\/352|[silent]
|turn|12
|
|move|p1a: Yamete Oni Chan|Protect|p1a: Yamete Oni Chan
|-singleturn|p1a: Yamete Oni Chan|Protect
|move|p2a: Manaphy|Rain Dance|p2a: Manaphy
|-weather|RainDance
|
|-weather|RainDance|[upkeep]
|-heal|p2a: Manaphy|125\/342|[from] item: Leftovers
|-heal|p1a: Yamete Oni Chan|280\/352|[from] item: Leftovers
|-damage|p2a: Manaphy|83\/342|[from] Leech Seed|[of] p1a: Yamete Oni Chan
|-heal|p1a: Yamete Oni Chan|322\/352|[silent]
|turn|13
|
|switch|p1a: Melodead|Gengar, F|262\/262
|-damage|p1a: Melodead|230\/262|[from] Stealth Rock
|move|p2a: Manaphy|Rest|p2a: Manaphy
|-status|p2a: Manaphy|slp
|-heal|p2a: Manaphy|342\/342 slp|[silent]
|-status|p2a: Manaphy|slp|[from] move: Rest
|
|-weather|RainDance|[upkeep]
|-curestatus|p2a: Manaphy|slp
|-damage|p2a: Manaphy|300\/342|[from] Leech Seed|[of] p1a: Melodead
|-heal|p1a: Melodead|262\/262|[silent]
|turn|14
|
|move|p1a: Melodead|Energy Ball|p2a: Manaphy
|-supereffective|p2a: Manaphy
|-damage|p2a: Manaphy|30\/342
|-unboost|p2a: Manaphy|spd|1
|-damage|p1a: Melodead|236\/262|[from] item: Life Orb
|move|p2a: Manaphy|Scald|p1a: Melodead
|-damage|p1a: Melodead|0 fnt
|faint|p1a: Melodead
|
|-weather|RainDance|[upkeep]
|-heal|p2a: Manaphy|51\/342|[from] item: Leftovers
|
|switch|p1a: MyLittlePony|Keldeo-Resolute|322\/322
|-damage|p1a: MyLittlePony|302\/322|[from] Stealth Rock
|turn|15
|
|move|p1a: MyLittlePony|Scald|p2a: Manaphy
|-resisted|p2a: Manaphy
|-damage|p2a: Manaphy|0 fnt
|faint|p2a: Manaphy
|
|-weather|RainDance|[upkeep]
|
|switch|p2a: Clefable|Clefable, F|394\/394
|turn|16
|
|switch|p1a: Yamete Oni Chan|Ferrothorn, M|322\/352
|-damage|p1a: Yamete Oni Chan|300\/352|[from] Stealth Rock
|move|p2a: Clefable|Moonblast|p1a: Yamete Oni Chan
|-resisted|p1a: Yamete Oni Chan
|-damage|p1a: Yamete Oni Chan|263\/352
|
|-weather|none
|-heal|p1a: Yamete Oni Chan|285\/352|[from] item: Leftovers
|turn|17
|
|move|p2a: Clefable|Calm Mind|p2a: Clefable
|-boost|p2a: Clefable|spa|1
|-boost|p2a: Clefable|spd|1
|move|p1a: Yamete Oni Chan|Leech Seed|p2a: Clefable
|-start|p2a: Clefable|move: Leech Seed
|
|-heal|p1a: Yamete Oni Chan|307\/352|[from] item: Leftovers
|turn|18
|
|move|p2a: Clefable|Focus Blast|p1a: Yamete Oni Chan
|-supereffective|p1a: Yamete Oni Chan
|-damage|p1a: Yamete Oni Chan|119\/352
|move|p1a: Yamete Oni Chan|Gyro Ball|p2a: Clefable
|-supereffective|p2a: Clefable
|-damage|p2a: Clefable|196\/394
|
|-heal|p2a: Clefable|220\/394|[from] item: Leftovers
|-heal|p1a: Yamete Oni Chan|141\/352|[from] item: Leftovers
|turn|19
|
|move|p1a: Yamete Oni Chan|Protect|p1a: Yamete Oni Chan
|-singleturn|p1a: Yamete Oni Chan|Protect
|move|p2a: Clefable|Focus Blast|p1a: Yamete Oni Chan
|-activate|p1a: Yamete Oni Chan|Protect
|
|-heal|p2a: Clefable|244\/394|[from] item: Leftovers
|-heal|p1a: Yamete Oni Chan|163\/352|[from] item: Leftovers
|turn|20
|
|switch|p1a: Metagross quoi|Metagross-Mega|283\/301
|-damage|p1a: Metagross quoi|265\/301|[from] Stealth Rock
|move|p2a: Clefable|Focus Blast|p1a: Metagross quoi
|-damage|p1a: Metagross quoi|136\/301
|
|-heal|p2a: Clefable|268\/394|[from] item: Leftovers
|turn|21
|
|move|p1a: Metagross quoi|Meteor Mash|p2a: Clefable
|-supereffective|p2a: Clefable
|-damage|p2a: Clefable|0 fnt
|faint|p2a: Clefable
|
|
|switch|p2a: Gliscor|Gliscor, F|352\/352
|-damage|p2a: Gliscor|308\/352|[from] Stealth Rock
|turn|22
|
|switch|p1a: Yamete Oni Chan|Ferrothorn, M|163\/352
|-damage|p1a: Yamete Oni Chan|141\/352|[from] Stealth Rock
|move|p2a: Gliscor|Earthquake|p1a: Yamete Oni Chan
|-damage|p1a: Yamete Oni Chan|71\/352
|
|-heal|p1a: Yamete Oni Chan|93\/352|[from] item: Leftovers
|-status|p2a: Gliscor|tox|[from] item: Toxic Orb
|turn|23
|
|move|p2a: Gliscor|Swords Dance|p2a: Gliscor
|-boost|p2a: Gliscor|atk|2
|move|p1a: Yamete Oni Chan|Leech Seed|p2a: Gliscor
|-start|p2a: Gliscor|move: Leech Seed
|
|-heal|p1a: Yamete Oni Chan|115\/352|[from] item: Leftovers
|-damage|p2a: Gliscor|264\/352 tox|[from] Leech Seed|[of] p1a: Yamete Oni Chan
|-heal|p1a: Yamete Oni Chan|159\/352|[silent]
|-heal|p2a: Gliscor|308\/352 tox|[from] ability: Poison Heal
|turn|24
|
|move|p1a: Yamete Oni Chan|Protect|p1a: Yamete Oni Chan
|-singleturn|p1a: Yamete Oni Chan|Protect
|move|p2a: Gliscor|Baton Pass|p2a: Gliscor
|
|switch|p2a: Lopunny|Lopunny, F|272\/272
|-damage|p2a: Lopunny|238\/272|[from] Stealth Rock
|
|-heal|p1a: Yamete Oni Chan|181\/352|[from] item: Leftovers
|-damage|p2a: Lopunny|204\/272|[from] Leech Seed|[of] p1a: Yamete Oni Chan
|-heal|p1a: Yamete Oni Chan|215\/352|[silent]
|turn|25
|
|detailschange|p2a: Lopunny|Lopunny-Mega, F
|-mega|p2a: Lopunny|Lopunny|Lopunnite
|move|p2a: Lopunny|Drain Punch|p1a: Yamete Oni Chan
|-supereffective|p1a: Yamete Oni Chan
|-damage|p1a: Yamete Oni Chan|0 fnt
|-heal|p2a: Lopunny|272\/272|[from] drain|[of] p1a: Yamete Oni Chan
|-damage|p2a: Lopunny|238\/272|[from] ability: Iron Barbs|[of] p1a: Yamete Oni Chan
|faint|p1a: Yamete Oni Chan
|
|c|âJeromeSeiko|booster lopunny, i think it gonna hurt me ..
|c|ârnd900|yeah lol
|
|switch|p1a: MyLittlePony|Keldeo-Resolute|302\/322
|-damage|p1a: MyLittlePony|282\/322|[from] Stealth Rock
|turn|26
|c|ârnd900|unless you're scarf
|
|move|p1a: MyLittlePony|Secret Sword|p2a: Lopunny
|-supereffective|p2a: Lopunny
|-damage|p2a: Lopunny|0 fnt
|faint|p2a: Lopunny
|
|
|switch|p2a: Gliscor|Gliscor, F|308\/352 tox
|-damage|p2a: Gliscor|264\/352 tox|[from] Stealth Rock
|turn|27
|
|switch|p1a: Hoshi|Sylveon, F|394\/394
|-damage|p1a: Hoshi|345\/394|[from] Stealth Rock
|move|p2a: Gliscor|Swords Dance|p2a: Gliscor
|-boost|p2a: Gliscor|atk|2
|
|-heal|p1a: Hoshi|369\/394|[from] item: Leftovers
|-heal|p2a: Gliscor|308\/352 tox|[from] ability: Poison Heal
|turn|28
|
|move|p2a: Gliscor|Earthquake|p1a: Hoshi
|-damage|p1a: Hoshi|35\/394
|move|p1a: Hoshi|Wish|p1a: Hoshi
|
|-heal|p1a: Hoshi|59\/394|[from] item: Leftovers
|-heal|p2a: Gliscor|352\/352 tox|[from] ability: Poison Heal
|turn|29
|
|move|p2a: Gliscor|Swords Dance|p2a: Gliscor
|-boost|p2a: Gliscor|atk|2
|move|p1a: Hoshi|Hyper Voice|p2a: Gliscor
|-damage|p2a: Gliscor|201\/352 tox
|
|-heal|p1a: Hoshi|256\/394|[from] move: Wish|[wisher] Hoshi
|-heal|p1a: Hoshi|280\/394|[from] item: Leftovers
|-heal|p2a: Gliscor|245\/352 tox|[from] ability: Poison Heal
|turn|30
|
|move|p2a: Gliscor|Roost|p2a: Gliscor
|-heal|p2a: Gliscor|352\/352 tox
|move|p1a: Hoshi|Wish|p1a: Hoshi
|
|-heal|p1a: Hoshi|304\/394|[from] item: Leftovers
|turn|31
|
|move|p2a: Gliscor|Earthquake|p1a: Hoshi
|-damage|p1a: Hoshi|0 fnt
|faint|p1a: Hoshi
|
|
|switch|p1a: MyLittlePony|Keldeo-Resolute|282\/322
|-damage|p1a: MyLittlePony|262\/322|[from] Stealth Rock
|turn|32
|
|move|p1a: MyLittlePony|Scald|p2a: Gliscor
|-supereffective|p2a: Gliscor
|-damage|p2a: Gliscor|80\/352 tox
|move|p2a: Gliscor|Earthquake|p1a: MyLittlePony
|-damage|p1a: MyLittlePony|0 fnt
|faint|p1a: MyLittlePony
|
|-heal|p2a: Gliscor|124\/352 tox|[from] ability: Poison Heal
|
|switch|p1a: Metagross quoi|Metagross-Mega|136\/301
|-damage|p1a: Metagross quoi|118\/301|[from] Stealth Rock
|turn|33
|
|move|p1a: Metagross quoi|Zen Headbutt|p2a: Gliscor
|-damage|p2a: Gliscor|0 fnt
|faint|p2a: Gliscor
|
|
|switch|p2a: Tyranitar|Tyranitar, M|256\/342
|-damage|p2a: Tyranitar|214\/342|[from] Stealth Rock
|-weather|Sandstorm
|turn|34
|
|move|p2a: Tyranitar|Crunch|p1a: Metagross quoi
|-supereffective|p1a: Metagross quoi
|-damage|p1a: Metagross quoi|0 fnt
|faint|p1a: Metagross quoi
|
|win|rnd900
|raw|Ladder updating...
|c|âJeromeSeiko|gg ;)
|c|ârnd900|gg
|raw|JeromeSeiko's rating: 1338 &rarr; <strong>1316<\/strong><br \/>(-22 for losing)
|raw|rnd900's rating: 1301 &rarr; <strong>1323<\/strong><br \/>(+22 for winning)