|join|TRAITORSMUSTBEDEAD
|join|rnd900
|player|p1|TRAITORSMUSTBEDEAD|167
|player|p2|rnd900|101
|gametype|singles
|gen|6
|tier|OU (suspect test)
|rated
|clearpoke
|poke|p1|Gallade, M
|poke|p1|Heatran, M
|poke|p1|Landorus, M
|poke|p1|Kyurem-Black
|poke|p1|Slowbro, F
|poke|p1|Zapdos
|poke|p2|Shedinja
|poke|p2|Lickilicky, F
|poke|p2|Skarmory, M
|poke|p2|Sawk, M
|poke|p2|Blissey, F
|poke|p2|Thundurus, M
|rule|Swagger Clause: Swagger is banned
|rule|Baton Pass Clause: Limit one PokÃ©mon knowing Baton Pass
|rule|Sleep Clause Mod: Limit one foe put to sleep
|rule|Species Clause: Limit one of each PokÃ©mon
|rule|OHKO Clause: OHKO moves are banned
|rule|Moody Clause: Moody is banned
|rule|Evasion Moves Clause: Evasion moves are banned
|rule|Endless Battle Clause: Forcing endless battles is banned
|rule|HP Percentage Mod: HP is shown in percentages
|teampreview
|join|Staaaaaark
|join|Folagor 4-0 misi
|c| Staaaaaark|noooooooooooooooooooooob
|
|start
|switch|p1a: LavaDog|Heatran, M|385\/385
|switch|p2a: Sawk|Sawk, M|292\/292
|turn|1
|
|move|p2a: Sawk|Grass Knot|p1a: LavaDog
|-resisted|p1a: LavaDog
|-damage|p1a: LavaDog|372\/385
|move|p1a: LavaDog|Stealth Rock|p2a: Sawk
|-sidestart|p2: rnd900|move: Stealth Rock
|
|-heal|p1a: LavaDog|385\/385|[from] item: Leftovers
|turn|2
|c| Staaaaaark|proplayah
|
|move|p2a: Sawk|Grass Knot|p1a: LavaDog
|-resisted|p1a: LavaDog
|-damage|p1a: LavaDog|372\/385
|move|p1a: LavaDog|Toxic|p2a: Sawk
|-status|p2a: Sawk|tox
|
|-heal|p1a: LavaDog|385\/385|[from] item: Leftovers
|-damage|p2a: Sawk|274\/292 tox|[from] psn
|turn|3
|
|move|p2a: Sawk|Round|p1a: LavaDog
|-resisted|p1a: LavaDog
|-damage|p1a: LavaDog|372\/385
|move|p1a: LavaDog|Lava Plume|p2a: Sawk
|-damage|p2a: Sawk|138\/292 tox
|
|-heal|p2a: Sawk|156\/292 tox|[from] item: Leftovers
|-heal|p1a: LavaDog|385\/385|[from] item: Leftovers
|-damage|p2a: Sawk|120\/292 tox|[from] psn
|turn|4
|
|move|p2a: Sawk|Hidden Power|p1a: LavaDog
|-start|p1a: LavaDog|ability: Flash Fire
|move|p1a: LavaDog|Lava Plume|p2a: Sawk
|-crit|p2a: Sawk
|-damage|p2a: Sawk|0 fnt
|faint|p2a: Sawk
|
|
|switch|p2a: Thundurus|Thundurus, M|362\/362
|-damage|p2a: Thundurus|272\/362|[from] Stealth Rock
|turn|5
|
|move|p2a: Thundurus|Bulk Up|p2a: Thundurus
|-boost|p2a: Thundurus|atk|1
|-boost|p2a: Thundurus|def|1
|move|p1a: LavaDog|Lava Plume|p2a: Thundurus
|-damage|p2a: Thundurus|130\/362
|
|-heal|p2a: Thundurus|152\/362|[from] item: Leftovers
|turn|6
|
|switch|p1a: The last Thunder|Zapdos|379\/379
|-ability|p1a: The last Thunder|Pressure
|move|p2a: Thundurus|Rest|p2a: Thundurus
|-status|p2a: Thundurus|slp
|-heal|p2a: Thundurus|362\/362 slp|[silent]
|-status|p2a: Thundurus|slp|[from] move: Rest
|
|turn|7
|
|cant|p2a: Thundurus|slp
|move|p2a: Thundurus|Sleep Talk|p2a: Thundurus
|move|p2a: Thundurus|Rest|p2a: Thundurus|[from]Sleep Talk
|-fail|p2a: Thundurus
|move|p1a: The last Thunder|Volt Switch|p2a: Thundurus
|-damage|p2a: Thundurus|271\/362 slp
|
|switch|p1a: Black Dragon|Kyurem-Black|391\/391
|-ability|p1a: Black Dragon|Teravolt
|
|-heal|p2a: Thundurus|293\/362 slp|[from] item: Leftovers
|turn|8
|
|cant|p2a: Thundurus|slp
|move|p2a: Thundurus|Sleep Talk|p2a: Thundurus
|move|p2a: Thundurus|Rest|p2a: Thundurus|[from]Sleep Talk
|-fail|p2a: Thundurus
|move|p1a: Black Dragon|Ice Beam|p2a: Thundurus
|-supereffective|p2a: Thundurus
|-damage|p2a: Thundurus|63\/362 slp
|
|-heal|p2a: Thundurus|85\/362 slp|[from] item: Leftovers
|turn|9
|c| Folagor 4-0 misi|omg hax
|
|move|p1a: Black Dragon|Ice Beam|p2a: Thundurus
|-supereffective|p2a: Thundurus
|-damage|p2a: Thundurus|0 fnt
|faint|p2a: Thundurus
|
|
|switch|p2a: Blissey|Blissey, F|652\/652
|-damage|p2a: Blissey|571\/652|[from] Stealth Rock
|turn|10
|
|switch|p1a: Duel-Master|Gallade, M|277\/277
|move|p2a: Blissey|Hyper Beam|p1a: Duel-Master
|-damage|p1a: Duel-Master|12\/277
|
|turn|11
|
|detailschange|p1a: Duel-Master|Gallade-Mega, M
|-mega|p1a: Duel-Master|Gallade|Galladite
|move|p1a: Duel-Master|Close Combat|p2a: Blissey
|-supereffective|p2a: Blissey
|-damage|p2a: Blissey|0 fnt
|-unboost|p1a: Duel-Master|def|1
|-unboost|p1a: Duel-Master|spd|1
|faint|p2a: Blissey
|
|
|switch|p2a: Shedinja|Shedinja|1\/1
|-damage|p2a: Shedinja|0 fnt|[from] Stealth Rock
|faint|p2a: Shedinja
|
|switch|p2a: Skarmory|Skarmory, M|272\/272
|-damage|p2a: Skarmory|238\/272|[from] Stealth Rock
|turn|12
|
|switch|p1a: LavaDog|Heatran, M|385\/385
|move|p2a: Skarmory|Swords Dance|p2a: Skarmory
|-boost|p2a: Skarmory|atk|2
|
|turn|13
|
|move|p2a: Skarmory|Brave Bird|p1a: LavaDog
|-resisted|p1a: LavaDog
|-damage|p1a: LavaDog|169\/385
|-damage|p2a: Skarmory|167\/272|[from] recoil|[of] p1a: LavaDog
|-damage|p2a: Skarmory|140\/272|[from] item: Life Orb
|move|p1a: LavaDog|Lava Plume|p2a: Skarmory
|-supereffective|p2a: Skarmory
|-damage|p2a: Skarmory|0 fnt
|faint|p2a: Skarmory
|
|-heal|p1a: LavaDog|193\/385|[from] item: Leftovers
|
|switch|p2a: Lickilicky|Lickilicky, F|424\/424
|-damage|p2a: Lickilicky|371\/424|[from] Stealth Rock
|turn|14
|
|move|p1a: LavaDog|Toxic|p2a: Lickilicky
|-status|p2a: Lickilicky|tox
|move|p2a: Lickilicky|Explosion|p1a: LavaDog
|-resisted|p1a: LavaDog
|-damage|p1a: LavaDog|0 fnt
|faint|p2a: Lickilicky
|faint|p1a: LavaDog
|
|win|TRAITORSMUSTBEDEAD
|raw|Ladder updating...
|raw|TRAITORSMUSTBEDEAD's rating: 1482 &rarr; <strong>1502<\/strong><br \/>(+20 for winning)
|raw|rnd900's rating: 1485 &rarr; <strong>1465<\/strong><br \/>(-20 for losing)
|c| Folagor 4-0 misi|puto amo
|c| Folagor 4-0 misi|tienes mis respetos