|join|rnd900
|join|SeventyFive
|player|p1|rnd900|101
|player|p2|SeventyFive|1
|gametype|singles
|gen|6
|tier|OU (suspect test)
|rated
|clearpoke
|poke|p1|Shedinja
|poke|p1|Lickilicky, M
|poke|p1|Skarmory, M
|poke|p1|Blissey, F
|poke|p1|Thundurus, M
|poke|p1|Torkoal, M
|poke|p2|Jirachi
|poke|p2|Chesnaught, M
|poke|p2|Heatran, F
|poke|p2|Beedrill, F
|poke|p2|Thundurus, M
|poke|p2|Starmie
|rule|Swagger Clause: Swagger is banned
|rule|Baton Pass Clause: Limit one PokÃ©mon knowing Baton Pass
|rule|Sleep Clause Mod: Limit one foe put to sleep
|rule|Species Clause: Limit one of each PokÃ©mon
|rule|OHKO Clause: OHKO moves are banned
|rule|Moody Clause: Moody is banned
|rule|Evasion Moves Clause: Evasion moves are banned
|rule|Endless Battle Clause: Forcing endless battles is banned
|rule|HP Percentage Mod: HP is shown in percentages
|teampreview
|
|start
|switch|p1a: Shedinja|Shedinja|1\/1
|switch|p2a: Heatran|Heatran, F|334\/334
|-item|p2a: Heatran|Air Balloon
|turn|1
|
|move|p1a: Shedinja|Shadow Sneak|p2a: Heatran
|-damage|p2a: Heatran|255\/334
|-enditem|p2a: Heatran|Air Balloon
|-damage|p1a: Shedinja|0 fnt|[from] item: Life Orb
|faint|p1a: Shedinja
|move|p2a: Heatran|Stealth Rock|p1: Shedinja
|-sidestart|p1: rnd900|move: Stealth Rock
|
|join|bungus mgee
|c| bungus mgee|hi
|
|switch|p1a: Torkoal|Torkoal, M|281\/281
|-damage|p1a: Torkoal|211\/281|[from] Stealth Rock
|turn|2
|
|move|p2a: Heatran|Earth Power|p1a: Torkoal
|-supereffective|p1a: Torkoal
|-damage|p1a: Torkoal|0 fnt
|faint|p1a: Torkoal
|
|
|switch|p1a: Thundurus|Thundurus, M|362\/362
|-damage|p1a: Thundurus|272\/362|[from] Stealth Rock
|turn|3
|
|move|p1a: Thundurus|Bulk Up|p1a: Thundurus
|-boost|p1a: Thundurus|atk|1
|-boost|p1a: Thundurus|def|1
|move|p2a: Heatran|Fire Blast|p1a: Thundurus
|-damage|p1a: Thundurus|119\/362
|
|-heal|p1a: Thundurus|141\/362|[from] item: Leftovers
|turn|4
|c|âSeventyFive|lol
|c|ârnd900|:)
|
|move|p1a: Thundurus|Rest|p1a: Thundurus
|-status|p1a: Thundurus|slp
|-heal|p1a: Thundurus|362\/362 slp|[silent]
|-status|p1a: Thundurus|slp|[from] move: Rest
|move|p2a: Heatran|Fire Blast|p1a: Thundurus
|-damage|p1a: Thundurus|188\/362 slp
|
|-heal|p1a: Thundurus|210\/362 slp|[from] item: Leftovers
|turn|5
|c|âSeventyFive|u r
|c|âSeventyFive|a lord sir
|
|cant|p1a: Thundurus|slp
|move|p1a: Thundurus|Sleep Talk|p1a: Thundurus
|move|p1a: Thundurus|Bulk Up|p1a: Thundurus|[from]Sleep Talk
|-boost|p1a: Thundurus|atk|1
|-boost|p1a: Thundurus|def|1
|move|p2a: Heatran|Fire Blast|p1a: Thundurus|[miss]
|-miss|p2a: Heatran|p1a: Thundurus
|
|-heal|p1a: Thundurus|232\/362 slp|[from] item: Leftovers
|turn|6
|c|ârnd900|http:\/\/replay.pokemonshowdown.com\/oususpecttest-199557115
|c|ârnd900|i actually beat someone
|c|ârnd900|with this team
|c|ârnd900|and he was 17-3
|c|ârnd900|lol
|c|âSeventyFive|LOL
|c|âSeventyFive|thats a great replay
|
|cant|p1a: Thundurus|slp
|move|p1a: Thundurus|Sleep Talk|p1a: Thundurus
|move|p1a: Thundurus|Bulk Up|p1a: Thundurus|[from]Sleep Talk
|-boost|p1a: Thundurus|atk|1
|-boost|p1a: Thundurus|def|1
|move|p2a: Heatran|Fire Blast|p1a: Thundurus
|-crit|p1a: Thundurus
|-damage|p1a: Thundurus|0 fnt
|faint|p1a: Thundurus
|
|c|âSeventyFive|sry :[
|
|switch|p1a: Lickilicky|Lickilicky, M|424\/424
|-damage|p1a: Lickilicky|371\/424|[from] Stealth Rock
|turn|7
|c|ârnd900|:(
|c|âSeventyFive|i dont trust this thing
|c|âSeventyFive|at all
|
|move|p2a: Heatran|Taunt|p1a: Lickilicky
|-start|p1a: Lickilicky|move: Taunt
|move|p1a: Lickilicky|Explosion|p2a: Heatran
|-resisted|p2a: Heatran
|-damage|p2a: Heatran|24\/334
|faint|p1a: Lickilicky
|
|c|âSeventyFive|oh
|c|ârnd900|close
|c|âSeventyFive|ok
|
|switch|p1a: Blissey|Blissey, F|652\/652
|-damage|p1a: Blissey|571\/652|[from] Stealth Rock
|turn|8
|
|move|p2a: Heatran|Taunt|p1a: Blissey
|-start|p1a: Blissey|move: Taunt
|move|p1a: Blissey|Hyper Beam|p2a: Heatran|[miss]
|-miss|p1a: Blissey|p2a: Heatran
|
|turn|9
|join|asdfCookie
|
|move|p2a: Heatran|Stealth Rock|p1a: Blissey
|-fail|p1a: Blissey
|move|p1a: Blissey|Hyper Beam|p2a: Heatran
|-resisted|p2a: Heatran
|-damage|p2a: Heatran|0 fnt
|faint|p2a: Heatran
|
|c|âSeventyFive|ima
|
|switch|p2a: Chesnaught|Chesnaught, M|320\/320
|turn|10
|c|âSeventyFive|make a play
|c|ârnd900|let's see
|c|ârnd900|lol
|join|Demandred
|
|move|p2a: Chesnaught|Belly Drum|p2a: Chesnaught
|-damage|p2a: Chesnaught|160\/320
|-setboost|p2a: Chesnaught|atk|6|[from] move: Belly Drum
|cant|p1a: Blissey|recharge
|
|-end|p1a: Blissey|move: Taunt
|turn|11
|c|ârnd900|wow
|c|ârnd900|nice
|
|move|p2a: Chesnaught|Substitute|p2a: Chesnaught
|-start|p2a: Chesnaught|Substitute
|-damage|p2a: Chesnaught|80\/320
|-enditem|p2a: Chesnaught|Salac Berry|[eat]
|-boost|p2a: Chesnaught|spe|1|[from] item: Salac Berry
|move|p1a: Blissey|Hyper Beam|p2a: Chesnaught
|-end|p2a: Chesnaught|Substitute
|
|turn|12
|c|âSeventyFive|ur not the only one with garbage mons !
|
|move|p2a: Chesnaught|Drain Punch|p1a: Blissey
|-supereffective|p1a: Blissey
|-damage|p1a: Blissey|0 fnt
|-heal|p2a: Chesnaught|320\/320|[from] drain|[of] p1a: Blissey
|faint|p1a: Blissey
|
|
|switch|p1a: Skarmory|Skarmory, M|272\/272
|-damage|p1a: Skarmory|238\/272|[from] Stealth Rock
|turn|13
|c|ârnd900|nice set
|c|âSeventyFive|thanks
|
|move|p2a: Chesnaught|Drain Punch|p1a: Skarmory
|-damage|p1a: Skarmory|0 fnt
|faint|p1a: Skarmory
|
|win|SeventyFive
|raw|Ladder updating...
|raw|rnd900's rating: 1414 &rarr; <strong>1389<\/strong><br \/>(-25 for losing)
|raw|SeventyFive's rating: 1321 &rarr; <strong>1346<\/strong><br \/>(+25 for winning)