|inactive|Battle timer is ON: inactive players will automatically lose when time's up.
|J|blunderr
|J|rnd900
|player|p1|blunderr|170
|player|p2|rnd900|170
|gametype|singles
|gen|6
|tier|OU
|clearpoke
|poke|p1|Landorus-Therian, M
|poke|p1|Mew
|poke|p1|Venusaur, M
|poke|p1|Raikou
|poke|p1|Heatran, F
|poke|p1|Greninja, M
|poke|p2|Weavile, F
|poke|p2|Talonflame, M
|poke|p2|Starmie
|poke|p2|Rotom-Wash
|poke|p2|Heatran, F
|poke|p2|Metagross
|rule|Swagger Clause: Swagger is banned
|rule|Baton Pass Clause: Limit one PokÃ©mon knowing Baton Pass
|rule|Sleep Clause Mod: Limit one foe put to sleep
|rule|Species Clause: Limit one of each PokÃ©mon
|rule|OHKO Clause: OHKO moves are banned
|rule|Moody Clause: Moody is banned
|rule|Evasion Moves Clause: Evasion moves are banned
|rule|Endless Battle Clause: Forcing endless battles is banned
|rule|HP Percentage Mod: HP is shown in percentages
|teampreview
|c|ârnd900|good luck
|c|âblunderr|u2
|J|MTVJam
|J|suspact
|c| suspact|sec
|c| MTVJam|whts this 4
|c| suspact|rnd do you mind if i record
|c|ârnd900|no
|c| suspact|excellent
|c| MTVJam|its cool dnt answer my question
|c| MTVJam|shits.
|c|âblunderr|oras release
|
|start
|switch|p1a: Raikou|Raikou|320\/320
|switch|p2a: Heatran|Heatran, F|324\/324
|-ability|p1a: Raikou|Pressure
|-item|p2a: Heatran|Air Balloon
|turn|1
|
|move|p1a: Raikou|Thunderbolt|p2a: Heatran
|-damage|p2a: Heatran|96\/324
|-enditem|p2a: Heatran|Air Balloon
|move|p2a: Heatran|Stealth Rock|p1a: Raikou
|-sidestart|p1: blunderr|move: Stealth Rock
|
|turn|2
|J|Omfuga
|
|move|p1a: Raikou|Thunderbolt|p2a: Heatran
|-damage|p2a: Heatran|0 fnt
|faint|p2a: Heatran
|
|
|switch|p2a: Rotom-Wash|Rotom-Wash|304\/304
|turn|3
|J|AceV
|
|move|p1a: Raikou|Thunderbolt|p2a: Rotom-Wash
|-damage|p2a: Rotom-Wash|106\/304
|move|p2a: Rotom-Wash|Hydro Pump|p1a: Raikou
|-damage|p1a: Raikou|53\/320
|
|turn|4
|
|move|p1a: Raikou|Thunderbolt|p2a: Rotom-Wash
|-damage|p2a: Rotom-Wash|0 fnt
|faint|p2a: Rotom-Wash
|
|J|BKC
|
|switch|p2a: Weavile|Weavile, F|281\/281
|-ability|p2a: Weavile|Pressure
|turn|5
|
|move|p2a: Weavile|Knock Off|p1a: Raikou
|-damage|p1a: Raikou|0 fnt
|-enditem|p1a: Raikou|Choice Specs|[from] move: Knock Off|[of] p2a: Weavile
|-damage|p2a: Weavile|253\/281|[from] item: Life Orb
|faint|p1a: Raikou
|
|c| suspact|2 kills haha xd
|
|switch|p1a: Venusaur|Venusaur, M|349\/349
|-damage|p1a: Venusaur|306\/349|[from] Stealth Rock
|turn|6
|
|switch|p2a: Metagross|Metagross|302\/302
|detailschange|p1a: Venusaur|Venusaur-Mega, M
|-mega|p1a: Venusaur|Venusaur|Venusaurite
|move|p1a: Venusaur|Hidden Power|p2a: Metagross
|-supereffective|p2a: Metagross
|-damage|p2a: Metagross|124\/302
|
|turn|7
|
|switch|p1a: Heatran|Heatran, F|385\/385
|-damage|p1a: Heatran|337\/385|[from] Stealth Rock
|detailschange|p2a: Metagross|Metagross-Mega
|-mega|p2a: Metagross|Metagross|Metagrossite
|move|p2a: Metagross|Zen Headbutt|p1a: Heatran
|-resisted|p1a: Heatran
|-damage|p1a: Heatran|248\/385
|
|-heal|p1a: Heatran|272\/385|[from] item: Leftovers
|turn|8
|
|switch|p2a: Starmie|Starmie|324\/324
|switch|p1a: Landorus-Therian|Landorus-Therian, M|375\/375
|-damage|p1a: Landorus-Therian|329\/375|[from] Stealth Rock
|-ability|p1a: Landorus-Therian|Intimidate|[of] p2a: Starmie
|-unboost|p2a: Starmie|atk|1
|
|-heal|p1a: Landorus-Therian|352\/375|[from] item: Leftovers
|turn|9
|
|switch|p1a: Mew|Mew|403\/403
|-damage|p1a: Mew|353\/403|[from] Stealth Rock
|move|p2a: Starmie|Scald|p1a: Mew
|-damage|p1a: Mew|271\/403
|
|-heal|p1a: Mew|296\/403|[from] item: Leftovers
|turn|10
|J|MoxieInfinite
|
|move|p2a: Starmie|Scald|p1a: Mew
|-damage|p1a: Mew|224\/403
|move|p1a: Mew|Knock Off|p2a: Starmie
|-supereffective|p2a: Starmie
|-damage|p2a: Starmie|170\/324
|-enditem|p2a: Starmie|Leftovers|[from] move: Knock Off|[of] p1a: Mew
|
|-heal|p1a: Mew|249\/403|[from] item: Leftovers
|turn|11
|
|move|p2a: Starmie|Scald|p1a: Mew
|-damage|p1a: Mew|179\/403
|-status|p1a: Mew|brn
|-status|p2a: Starmie|brn
|move|p1a: Mew|Roost|p1a: Mew
|-heal|p1a: Mew|381\/403 brn
|
|-heal|p1a: Mew|403\/403 brn|[from] item: Leftovers
|-damage|p2a: Starmie|130\/324 brn|[from] brn
|-damage|p1a: Mew|353\/403 brn|[from] brn
|turn|12
|
|switch|p2a: Talonflame|Talonflame, M|319\/319
|move|p1a: Mew|Knock Off|p2a: Talonflame
|-damage|p2a: Talonflame|273\/319
|-enditem|p2a: Talonflame|Sharp Beak|[from] move: Knock Off|[of] p1a: Mew
|
|-heal|p1a: Mew|378\/403 brn|[from] item: Leftovers
|-damage|p1a: Mew|328\/403 brn|[from] brn
|turn|13
|
|switch|p2a: Starmie|Starmie|130\/324
|switch|p1a: Landorus-Therian|Landorus-Therian, M|352\/375
|-damage|p1a: Landorus-Therian|306\/375|[from] Stealth Rock
|-ability|p1a: Landorus-Therian|Intimidate|[of] p2a: Starmie
|-unboost|p2a: Starmie|atk|1
|
|-heal|p1a: Landorus-Therian|329\/375|[from] item: Leftovers
|turn|14
|
|switch|p1a: Mew|Mew|328\/403 brn
|-damage|p1a: Mew|278\/403 brn|[from] Stealth Rock
|move|p2a: Starmie|Scald|p1a: Mew
|-damage|p1a: Mew|202\/403 brn
|
|-heal|p1a: Mew|227\/403 brn|[from] item: Leftovers
|-damage|p1a: Mew|177\/403 brn|[from] brn
|turn|15
|
|switch|p2a: Talonflame|Talonflame, M|273\/319
|move|p1a: Mew|Will-O-Wisp|p2a: Talonflame|[miss]
|-miss|p1a: Mew|p2a: Talonflame
|
|-heal|p1a: Mew|202\/403 brn|[from] item: Leftovers
|-damage|p1a: Mew|152\/403 brn|[from] brn
|turn|16
|
|switch|p2a: Starmie|Starmie|130\/324
|switch|p1a: Landorus-Therian|Landorus-Therian, M|329\/375
|-damage|p1a: Landorus-Therian|283\/375|[from] Stealth Rock
|-ability|p1a: Landorus-Therian|Intimidate|[of] p2a: Starmie
|-unboost|p2a: Starmie|atk|1
|
|-heal|p1a: Landorus-Therian|306\/375|[from] item: Leftovers
|turn|17
|
|switch|p1a: Greninja|Greninja, M|285\/285
|-damage|p1a: Greninja|250\/285|[from] Stealth Rock
|move|p2a: Starmie|Scald|p1a: Greninja
|-resisted|p1a: Greninja
|-damage|p1a: Greninja|190\/285
|
|turn|18
|
|move|p1a: Greninja|Dark Pulse|p2a: Starmie
|-supereffective|p2a: Starmie
|-damage|p2a: Starmie|0 fnt
|-damage|p1a: Greninja|162\/285|[from] item: Life Orb
|faint|p2a: Starmie
|
|L|AceV
|c|ârnd900|torrent?
|c| MTVJam|y
|c| MTVJam|best set
|c| MTVJam|haha
|c|âblunderr|o im torrent
|c|âblunderr|lol fun
|c|âblunderr|dont think it matters tho
|
|switch|p2a: Weavile|Weavile, F|253\/281
|-ability|p2a: Weavile|Pressure
|turn|19
|c| MTVJam|i doesnt
|c| MTVJam|not this game
|c|âblunderr|quiet
|
|switch|p2a: Metagross|Metagross-Mega|124\/302
|switch|p1a: Mew|Mew|152\/403 brn
|-damage|p1a: Mew|102\/403 brn|[from] Stealth Rock
|
|-heal|p1a: Mew|127\/403 brn|[from] item: Leftovers
|-damage|p1a: Mew|77\/403 brn|[from] brn
|turn|20
|c| MTVJam|odd
|
|move|p2a: Metagross|Meteor Mash|p1a: Mew
|-damage|p1a: Mew|0 fnt
|faint|p1a: Mew
|
|
|switch|p1a: Greninja|Greninja, M|162\/285
|-damage|p1a: Greninja|127\/285|[from] Stealth Rock
|turn|21
|
|move|p2a: Metagross|Bullet Punch|p1a: Greninja
|-resisted|p1a: Greninja
|-damage|p1a: Greninja|55\/285
|move|p1a: Greninja|Hydro Pump|p2a: Metagross
|-damage|p2a: Metagross|0 fnt
|-damage|p1a: Greninja|27\/285|[from] item: Life Orb
|faint|p2a: Metagross
|
|
|switch|p2a: Weavile|Weavile, F|253\/281
|-ability|p2a: Weavile|Pressure
|turn|22
|
|move|p2a: Weavile|Knock Off|p1a: Greninja
|-resisted|p1a: Greninja
|-damage|p1a: Greninja|0 fnt
|-enditem|p1a: Greninja|Life Orb|[from] move: Knock Off|[of] p2a: Weavile
|-damage|p2a: Weavile|225\/281|[from] item: Life Orb
|faint|p1a: Greninja
|
|
|switch|p1a: Venusaur|Venusaur-Mega, M|306\/349
|-damage|p1a: Venusaur|263\/349|[from] Stealth Rock
|turn|23
|
|switch|p2a: Talonflame|Talonflame, M|273\/319
|move|p1a: Venusaur|Sludge Bomb|p2a: Talonflame
|-damage|p2a: Talonflame|59\/319
|
|turn|24
|
|switch|p1a: Landorus-Therian|Landorus-Therian, M|306\/375
|-damage|p1a: Landorus-Therian|260\/375|[from] Stealth Rock
|-ability|p1a: Landorus-Therian|Intimidate|[of] p2a: Talonflame
|-unboost|p2a: Talonflame|atk|1
|move|p2a: Talonflame|Brave Bird|p1a: Landorus-Therian
|-damage|p1a: Landorus-Therian|178\/375
|-damage|p2a: Talonflame|32\/319|[from] recoil|[of] p1a: Landorus-Therian
|
|-heal|p1a: Landorus-Therian|201\/375|[from] item: Leftovers
|turn|25
|
|move|p2a: Talonflame|Swords Dance|p2a: Talonflame
|-boost|p2a: Talonflame|atk|2
|move|p1a: Landorus-Therian|Stone Edge|p2a: Talonflame
|-supereffective|p2a: Talonflame
|-damage|p2a: Talonflame|0 fnt
|faint|p2a: Talonflame
|
|-heal|p1a: Landorus-Therian|224\/375|[from] item: Leftovers
|
|switch|p2a: Weavile|Weavile, F|225\/281
|-ability|p2a: Weavile|Pressure
|turn|26
|
|move|p2a: Weavile|Icicle Crash|p1a: Landorus-Therian
|-supereffective|p1a: Landorus-Therian
|-damage|p1a: Landorus-Therian|0 fnt
|-damage|p2a: Weavile|197\/281|[from] item: Life Orb
|faint|p1a: Landorus-Therian
|
|
|switch|p1a: Venusaur|Venusaur-Mega, M|263\/349
|-damage|p1a: Venusaur|220\/349|[from] Stealth Rock
|turn|27
|
|move|p2a: Weavile|Icicle Crash|p1a: Venusaur
|-supereffective|p1a: Venusaur
|-damage|p1a: Venusaur|72\/349
|-damage|p2a: Weavile|169\/281|[from] item: Life Orb
|move|p1a: Venusaur|Sludge Bomb|p2a: Weavile
|-damage|p2a: Weavile|0 fnt
|faint|p2a: Weavile
|
|win|blunderr
|c|âblunderr|gg