|join|FelixE
|join|Kazema
|player|p1|FelixE|28
|player|p2|Kazema|101
|gametype|singles
|gen|6
|tier|OU
|rated
|clearpoke
|poke|p1|Scizor, M
|poke|p1|Deoxys-Defense
|poke|p1|Rotom-Wash
|poke|p1|Heatran, F
|poke|p1|Clefable, F
|poke|p1|Landorus-Therian, M
|poke|p2|Tyranitar, F
|poke|p2|Gliscor, M
|poke|p2|Roserade, M
|poke|p2|Slowking, M
|poke|p2|Rotom-Wash
|poke|p2|Dragonite, F
|rule|Sleep Clause Mod: Limit one foe put to sleep
|rule|Species Clause: Limit one of each Pokemon
|rule|OHKO Clause: OHKO moves are banned
|rule|Moody Clause: Moody is banned
|rule|Evasion Moves Clause: Evasion moves are banned
|rule|Endless Battle Clause: Forcing endless battles is banned.
|rule|HP Percentage Mod: HP is reported as percentages
|teampreview
|
|start
|switch|p1a: Landorus-Therian|Landorus-Therian, M|320\/320
|switch|p2a: Gliscor|Gliscor, M|354\/354
|-ability|p1a: Landorus-Therian|Intimidate|[of] p2a: Gliscor
|-unboost|p2a: Gliscor|atk|1
|turn|1
|
|move|p2a: Gliscor|Protect|p2a: Gliscor
|-singleturn|p2a: Gliscor|Protect
|move|p1a: Landorus-Therian|Knock Off|p2a: Gliscor
|-activate|p2a: Gliscor|Protect
|
|-status|p2a: Gliscor|tox|[from] item: Toxic Orb
|turn|2
|
|switch|p1a: Scizor|Scizor, M|344\/344
|move|p2a: Gliscor|Knock Off|p1a: Scizor
|-damage|p1a: Scizor|310\/344
|
|turn|3
|
|switch|p2a: Slowking|Slowking, M|394\/394
|detailschange|p1a: Scizor|Scizor-Mega, M
|message|Scizor has Mega Evolved into Mega Scizor!
|move|p1a: Scizor|Substitute|p1a: Scizor
|-start|p1a: Scizor|Substitute
|-damage|p1a: Scizor|224\/344
|
|turn|4
|
|move|p1a: Scizor|Swords Dance|p1a: Scizor
|-boost|p1a: Scizor|atk|2
|move|p2a: Slowking|Flamethrower|p1a: Scizor
|-supereffective|p1a: Scizor
|-end|p1a: Scizor|Substitute
|
|turn|5
|
|switch|p2a: Dragonite|Dragonite, F|324\/324
|move|p1a: Scizor|U-turn|p2a: Dragonite
|-resisted|p2a: Dragonite
|-damage|p2a: Dragonite|244\/324
|
|switch|p1a: Deoxys-Defense|Deoxys-Defense|304\/304
|-ability|p1a: Deoxys-Defense|Pressure
|
|-heal|p2a: Dragonite|264\/324|[from] item: Leftovers
|turn|6
|
|move|p2a: Dragonite|Dragon Claw|p1a: Deoxys-Defense
|-damage|p1a: Deoxys-Defense|228\/304
|move|p1a: Deoxys-Defense|Spikes|p2a: Dragonite
|-sidestart|p2: Kazema|Spikes
|
|-heal|p2a: Dragonite|284\/324|[from] item: Leftovers
|-heal|p1a: Deoxys-Defense|247\/304|[from] item: Leftovers
|turn|7
|
|switch|p2a: Gliscor|Gliscor, M|354\/354 tox
|move|p1a: Deoxys-Defense|Spikes|p2a: Gliscor
|-sidestart|p2: Kazema|Spikes
|
|-heal|p1a: Deoxys-Defense|266\/304|[from] item: Leftovers
|turn|8
|
|switch|p1a: Scizor|Scizor-Mega, M|224\/344
|move|p2a: Gliscor|Knock Off|p1a: Scizor
|-damage|p1a: Scizor|186\/344
|
|turn|9
|
|move|p2a: Gliscor|Earthquake|p1a: Scizor
|-damage|p1a: Scizor|101\/344
|move|p1a: Scizor|Swords Dance|p1a: Scizor
|-boost|p1a: Scizor|atk|2
|
|turn|10
|
|move|p1a: Scizor|Bullet Punch|p2a: Gliscor
|-damage|p2a: Gliscor|200\/354 tox
|move|p2a: Gliscor|Earthquake|p1a: Scizor
|-damage|p1a: Scizor|22\/344
|
|-heal|p2a: Gliscor|244\/354 tox|[from] ability: Poison Heal
|turn|11
|
|move|p2a: Gliscor|Protect|p2a: Gliscor
|-singleturn|p2a: Gliscor|Protect
|move|p1a: Scizor|Bullet Punch|p2a: Gliscor
|-activate|p2a: Gliscor|Protect
|
|-heal|p2a: Gliscor|288\/354 tox|[from] ability: Poison Heal
|turn|12
|
|switch|p1a: Rotom-Wash|Rotom-Wash|304\/304
|move|p2a: Gliscor|Knock Off|p1a: Rotom-Wash
|-damage|p1a: Rotom-Wash|238\/304
|-enditem|p1a: Rotom-Wash|Chesto Berry|[from] move: Knock Off|[of] p2a: Gliscor
|
|-heal|p2a: Gliscor|332\/354 tox|[from] ability: Poison Heal
|turn|13
|
|switch|p2a: Roserade|Roserade, M|262\/262
|-damage|p2a: Roserade|219\/262|[from] Spikes
|move|p1a: Rotom-Wash|Will-O-Wisp|p2a: Roserade
|-status|p2a: Roserade|brn
|
|-heal|p2a: Roserade|235\/262 brn|[from] item: Black Sludge
|-damage|p2a: Roserade|203\/262 brn|[from] brn
|turn|14
|
|switch|p1a: Scizor|Scizor-Mega, M|22\/344
|move|p2a: Roserade|Toxic Spikes|p1a: Scizor
|-sidestart|p1: FelixE|move: Toxic Spikes
|
|-heal|p2a: Roserade|219\/262 brn|[from] item: Black Sludge
|-damage|p2a: Roserade|187\/262 brn|[from] brn
|turn|15
|
|move|p1a: Scizor|Bullet Punch|p2a: Roserade
|-damage|p2a: Roserade|6\/262 brn
|move|p2a: Roserade|Leaf Storm|p1a: Scizor
|-resisted|p1a: Scizor
|-damage|p1a: Scizor|0 fnt
|-unboost|p2a: Roserade|spa|2
|faint|p1a: Scizor
|
|-heal|p2a: Roserade|22\/262 brn|[from] item: Black Sludge
|-damage|p2a: Roserade|0 fnt|[from] brn
|faint|p2a: Roserade
|
|switch|p1a: Landorus-Therian|Landorus-Therian, M|320\/320
|switch|p2a: Rotom-Wash|Rotom-Wash|303\/303
|-ability|p1a: Landorus-Therian|Intimidate|[of] p2a: Rotom-Wash
|-unboost|p2a: Rotom-Wash|atk|1
|turn|16
|
|move|p1a: Landorus-Therian|U-turn|p2a: Rotom-Wash
|-damage|p2a: Rotom-Wash|221\/303
|
|switch|p1a: Clefable|Clefable, F|394\/394
|-status|p1a: Clefable|psn
|move|p2a: Rotom-Wash|Will-O-Wisp|p1a: Clefable
|-fail|p1a: Clefable
|
|-heal|p2a: Rotom-Wash|239\/303|[from] item: Leftovers
|turn|17
|
|move|p2a: Rotom-Wash|Hydro Pump|p1a: Clefable
|-damage|p1a: Clefable|286\/394 psn
|move|p1a: Clefable|Moonblast|p2a: Rotom-Wash
|-damage|p2a: Rotom-Wash|170\/303
|
|-heal|p2a: Rotom-Wash|188\/303|[from] item: Leftovers
|-heal|p1a: Clefable|310\/394 psn|[from] item: Leftovers
|turn|18
|
|move|p2a: Rotom-Wash|Charge Beam|p1a: Clefable
|-damage|p1a: Clefable|261\/394 psn
|-boost|p2a: Rotom-Wash|spa|1
|move|p1a: Clefable|Encore|p2a: Rotom-Wash
|-start|p2a: Rotom-Wash|Encore
|
|-heal|p2a: Rotom-Wash|206\/303|[from] item: Leftovers
|-heal|p1a: Clefable|285\/394 psn|[from] item: Leftovers
|turn|19
|
|switch|p2a: Gliscor|Gliscor, M|332\/354 tox
|switch|p1a: Landorus-Therian|Landorus-Therian, M|320\/320
|-ability|p1a: Landorus-Therian|Intimidate|[of] p2a: Gliscor
|-unboost|p2a: Gliscor|atk|1
|
|-heal|p2a: Gliscor|354\/354 tox|[from] ability: Poison Heal
|turn|20
|
|move|p1a: Landorus-Therian|U-turn|p2a: Gliscor
|-resisted|p2a: Gliscor
|-damage|p2a: Gliscor|326\/354 tox
|
|switch|p1a: Rotom-Wash|Rotom-Wash|238\/304
|move|p2a: Gliscor|Swords Dance|p2a: Gliscor
|-boost|p2a: Gliscor|atk|2
|
|-heal|p2a: Gliscor|354\/354 tox|[from] ability: Poison Heal
|turn|21
|
|move|p2a: Gliscor|Knock Off|p1a: Rotom-Wash
|-damage|p1a: Rotom-Wash|165\/304
|move|p1a: Rotom-Wash|Hydro Pump|p2a: Gliscor
|-supereffective|p2a: Gliscor
|-damage|p2a: Gliscor|12\/354 tox
|
|-heal|p2a: Gliscor|56\/354 tox|[from] ability: Poison Heal
|turn|22
|
|move|p2a: Gliscor|Protect|p2a: Gliscor
|-singleturn|p2a: Gliscor|Protect
|move|p1a: Rotom-Wash|Hydro Pump|p2a: Gliscor
|-activate|p2a: Gliscor|Protect
|
|-heal|p2a: Gliscor|100\/354 tox|[from] ability: Poison Heal
|turn|23
|
|switch|p2a: Rotom-Wash|Rotom-Wash|206\/303
|move|p1a: Rotom-Wash|Volt Switch|p2a: Rotom-Wash
|-damage|p2a: Rotom-Wash|143\/303
|
|switch|p1a: Deoxys-Defense|Deoxys-Defense|266\/304
|-status|p1a: Deoxys-Defense|psn
|-ability|p1a: Deoxys-Defense|Pressure
|
|-heal|p1a: Deoxys-Defense|285\/304 psn|[from] item: Leftovers
|-heal|p2a: Rotom-Wash|161\/303|[from] item: Leftovers
|-damage|p1a: Deoxys-Defense|247\/304 psn|[from] psn
|turn|24
|
|switch|p2a: Gliscor|Gliscor, M|100\/354 tox
|move|p1a: Deoxys-Defense|Toxic|p2a: Gliscor
|-fail|p2a: Gliscor|tox
|
|-heal|p1a: Deoxys-Defense|266\/304 psn|[from] item: Leftovers
|-heal|p2a: Gliscor|144\/354 tox|[from] ability: Poison Heal
|-damage|p1a: Deoxys-Defense|228\/304 psn|[from] psn
|turn|25
|
|move|p2a: Gliscor|Swords Dance|p2a: Gliscor
|-boost|p2a: Gliscor|atk|2
|move|p1a: Deoxys-Defense|Spikes|p2a: Gliscor
|-sidestart|p2: Kazema|Spikes
|
|-heal|p1a: Deoxys-Defense|247\/304 psn|[from] item: Leftovers
|-heal|p2a: Gliscor|188\/354 tox|[from] ability: Poison Heal
|-damage|p1a: Deoxys-Defense|209\/304 psn|[from] psn
|turn|26
|
|switch|p1a: Rotom-Wash|Rotom-Wash|165\/304
|move|p2a: Gliscor|Knock Off|p1a: Rotom-Wash
|-damage|p1a: Rotom-Wash|67\/304
|
|-heal|p2a: Gliscor|232\/354 tox|[from] ability: Poison Heal
|turn|27
|
|move|p2a: Gliscor|Protect|p2a: Gliscor
|-singleturn|p2a: Gliscor|Protect
|move|p1a: Rotom-Wash|Rest|p1a: Rotom-Wash
|-status|p1a: Rotom-Wash|slp
|-heal|p1a: Rotom-Wash|304\/304 slp|[silent]
|-status|p1a: Rotom-Wash|slp|[from] move: Rest
|
|-heal|p2a: Gliscor|276\/354 tox|[from] ability: Poison Heal
|turn|28
|
|switch|p1a: Clefable|Clefable, F|285\/394 psn
|move|p2a: Gliscor|Swords Dance|p2a: Gliscor
|-boost|p2a: Gliscor|atk|2
|
|-heal|p1a: Clefable|309\/394 psn|[from] item: Leftovers
|-heal|p2a: Gliscor|320\/354 tox|[from] ability: Poison Heal
|turn|29
|
|move|p2a: Gliscor|Earthquake|p1a: Clefable
|-damage|p1a: Clefable|0 fnt
|faint|p1a: Clefable
|
|-heal|p2a: Gliscor|354\/354 tox|[from] ability: Poison Heal
|
|switch|p1a: Deoxys-Defense|Deoxys-Defense|209\/304 psn
|-ability|p1a: Deoxys-Defense|Pressure
|turn|30
|
|move|p2a: Gliscor|Earthquake|p1a: Deoxys-Defense
|-damage|p1a: Deoxys-Defense|43\/304 psn
|move|p1a: Deoxys-Defense|Ice Beam|p2a: Gliscor
|-supereffective|p2a: Gliscor
|-damage|p2a: Gliscor|74\/354 tox
|
|-heal|p1a: Deoxys-Defense|62\/304 psn|[from] item: Leftovers
|-heal|p2a: Gliscor|118\/354 tox|[from] ability: Poison Heal
|-damage|p1a: Deoxys-Defense|24\/304 psn|[from] psn
|turn|31
|
|switch|p1a: Landorus-Therian|Landorus-Therian, M|320\/320
|-ability|p1a: Landorus-Therian|Intimidate|[of] p2a: Gliscor
|-unboost|p2a: Gliscor|atk|1
|move|p2a: Gliscor|Knock Off|p1a: Landorus-Therian
|-damage|p1a: Landorus-Therian|105\/320
|-enditem|p1a: Landorus-Therian|Choice Scarf|[from] move: Knock Off|[of] p2a: Gliscor
|
|-heal|p2a: Gliscor|162\/354 tox|[from] ability: Poison Heal
|turn|32
|
|move|p2a: Gliscor|Protect|p2a: Gliscor
|-singleturn|p2a: Gliscor|Protect
|move|p1a: Landorus-Therian|U-turn|p2a: Gliscor
|-activate|p2a: Gliscor|Protect
|
|-heal|p2a: Gliscor|206\/354 tox|[from] ability: Poison Heal
|turn|33
|
|move|p1a: Landorus-Therian|U-turn|p2a: Gliscor
|-resisted|p2a: Gliscor
|-damage|p2a: Gliscor|175\/354 tox
|
|switch|p1a: Deoxys-Defense|Deoxys-Defense|24\/304 psn
|-ability|p1a: Deoxys-Defense|Pressure
|move|p2a: Gliscor|Swords Dance|p2a: Gliscor
|-boost|p2a: Gliscor|atk|2
|
|-heal|p1a: Deoxys-Defense|43\/304 psn|[from] item: Leftovers
|-heal|p2a: Gliscor|219\/354 tox|[from] ability: Poison Heal
|-damage|p1a: Deoxys-Defense|5\/304 psn|[from] psn
|turn|34
|
|move|p2a: Gliscor|Protect|p2a: Gliscor
|-singleturn|p2a: Gliscor|Protect
|move|p1a: Deoxys-Defense|Ice Beam|p2a: Gliscor
|-activate|p2a: Gliscor|Protect
|
|-heal|p1a: Deoxys-Defense|24\/304 psn|[from] item: Leftovers
|-heal|p2a: Gliscor|263\/354 tox|[from] ability: Poison Heal
|-damage|p1a: Deoxys-Defense|0 fnt|[from] psn
|faint|p1a: Deoxys-Defense
|-message|FelixE forfeited.
|
|win|Kazema
|raw|Ladder updating...
|leave|FelixE
|player|p1
|raw|FelixE's rating: 1402 &rarr; <strong>1384<\/strong><br \/>(-18 for losing)
|raw|Kazema's rating: 1438 &rarr; <strong>1456<\/strong><br \/>(+18 for winning)