|join|FelixE
|join|Wender53
|player|p1|FelixE|3
|player|p2|Wender53|124
|gametype|singles
|gen|6
|tier|OU
|rated
|clearpoke
|poke|p1|Chansey, F
|poke|p1|Skarmory, M
|poke|p1|Excadrill, M
|poke|p1|Ferrothorn, M
|poke|p1|Jellicent, F
|poke|p1|Tyranitar, M
|poke|p2|Charizard, F
|poke|p2|Clefable, M
|poke|p2|Blissey, F
|poke|p2|Aegislash, M
|poke|p2|Rotom-Wash
|poke|p2|Skarmory, F
|rule|Sleep Clause Mod: Limit one foe put to sleep
|rule|Species Clause: Limit one of each Pokemon
|rule|OHKO Clause: OHKO moves are banned
|rule|Moody Clause: Moody is banned
|rule|Evasion Moves Clause: Evasion moves are banned
|rule|Endless Battle Clause: Forcing endless battles is banned.
|rule|HP Percentage Mod: HP is reported as percentages
|teampreview
|
|start
|switch|p1a: Ferrothorn|Ferrothorn, M|352\/352
|switch|p2a: Rotom-Wash|Rotom-Wash|241\/241
|turn|1
|
|move|p2a: Rotom-Wash|Volt Switch|p1a: Ferrothorn
|-resisted|p1a: Ferrothorn
|-damage|p1a: Ferrothorn|304\/352
|
|switch|p2a: Charizard|Charizard, F|298\/298
|move|p1a: Ferrothorn|Leech Seed|p2a: Charizard
|-start|p2a: Charizard|move: Leech Seed
|
|-heal|p1a: Ferrothorn|326\/352|[from] item: Leftovers
|-damage|p2a: Charizard|261\/298|[from] Leech Seed|[of] p1a: Ferrothorn
|-heal|p1a: Ferrothorn|352\/352|[silent]
|turn|2
|
|switch|p1a: Chansey|Chansey, F|704\/704
|detailschange|p2a: Charizard|Charizard-Mega-X, F
|message|Charizard has Mega Evolved into Mega Charizard!
|move|p2a: Charizard|Dragon Dance|p2a: Charizard
|-boost|p2a: Charizard|atk|1
|-boost|p2a: Charizard|spe|1
|
|-damage|p2a: Charizard|224\/298|[from] Leech Seed|[of] p1a: Chansey
|turn|3
|
|move|p2a: Charizard|Dragon Dance|p2a: Charizard
|-boost|p2a: Charizard|atk|1
|-boost|p2a: Charizard|spe|1
|move|p1a: Chansey|Soft-Boiled|p1a: Chansey
|-fail|p1a: Chansey
|
|-damage|p2a: Charizard|187\/298|[from] Leech Seed|[of] p1a: Chansey
|turn|4
|
|switch|p1a: Tyranitar|Tyranitar, M|342\/342
|-weather|Sandstorm
|move|p2a: Charizard|Dragon Dance|p2a: Charizard
|-boost|p2a: Charizard|atk|1
|-boost|p2a: Charizard|spe|1
|
|-weather|Sandstorm|[upkeep]
|-damage|p2a: Charizard|169\/298|[from] sandstorm
|-damage|p2a: Charizard|132\/298|[from] Leech Seed|[of] p1a: Tyranitar
|turn|5
|
|switch|p1a: Ferrothorn|Ferrothorn, M|352\/352
|move|p2a: Charizard|Dragon Claw|p1a: Ferrothorn
|-resisted|p1a: Ferrothorn
|-damage|p1a: Ferrothorn|201\/352
|-damage|p2a: Charizard|95\/298|[from] ability: Iron Barbs|[of] p1a: Ferrothorn
|
|-weather|Sandstorm|[upkeep]
|-damage|p2a: Charizard|77\/298|[from] sandstorm
|-heal|p1a: Ferrothorn|223\/352|[from] item: Leftovers
|-damage|p2a: Charizard|40\/298|[from] Leech Seed|[of] p1a: Ferrothorn
|-heal|p1a: Ferrothorn|260\/352|[silent]
|turn|6
|
|move|p1a: Ferrothorn|Protect|p1a: Ferrothorn
|-singleturn|p1a: Ferrothorn|Protect
|move|p2a: Charizard|Roost|p2a: Charizard
|-heal|p2a: Charizard|189\/298
|
|-weather|Sandstorm|[upkeep]
|-damage|p2a: Charizard|171\/298|[from] sandstorm
|-heal|p1a: Ferrothorn|282\/352|[from] item: Leftovers
|-damage|p2a: Charizard|134\/298|[from] Leech Seed|[of] p1a: Ferrothorn
|-heal|p1a: Ferrothorn|319\/352|[silent]
|turn|7
|
|switch|p1a: Tyranitar|Tyranitar, M|342\/342
|move|p2a: Charizard|Roost|p2a: Charizard
|-heal|p2a: Charizard|283\/298
|
|-weather|Sandstorm|[upkeep]
|-damage|p2a: Charizard|265\/298|[from] sandstorm
|-damage|p2a: Charizard|228\/298|[from] Leech Seed|[of] p1a: Tyranitar
|turn|8
|
|detailschange|p1a: Tyranitar|Tyranitar-Mega, M
|message|Tyranitar has Mega Evolved into Mega Tyranitar!
|move|p2a: Charizard|Dragon Claw|p1a: Tyranitar
|-damage|p1a: Tyranitar|0 fnt
|faint|p1a: Tyranitar
|
|-weather|none
|
|switch|p1a: Ferrothorn|Ferrothorn, M|319\/352
|turn|9
|
|move|p1a: Ferrothorn|Protect|p1a: Ferrothorn
|-singleturn|p1a: Ferrothorn|Protect
|move|p2a: Charizard|Flare Blitz|p1a: Ferrothorn
|-activate|p1a: Ferrothorn|Protect
|
|-heal|p1a: Ferrothorn|341\/352|[from] item: Leftovers
|-damage|p2a: Charizard|191\/298|[from] Leech Seed|[of] p1a: Ferrothorn
|-heal|p1a: Ferrothorn|352\/352|[silent]
|turn|10
|
|move|p2a: Charizard|Dragon Dance|p2a: Charizard
|-boost|p2a: Charizard|atk|1
|-boost|p2a: Charizard|spe|1
|move|p1a: Ferrothorn|Gyro Ball|p2a: Charizard
|-resisted|p2a: Charizard
|-damage|p2a: Charizard|119\/298
|
|-damage|p2a: Charizard|82\/298|[from] Leech Seed|[of] p1a: Ferrothorn
|turn|11
|
|switch|p1a: Jellicent|Jellicent, F|404\/404
|move|p2a: Charizard|Roost|p2a: Charizard
|-heal|p2a: Charizard|231\/298
|
|-damage|p2a: Charizard|194\/298|[from] Leech Seed|[of] p1a: Jellicent
|turn|12
|
|move|p2a: Charizard|Dragon Claw|p1a: Jellicent
|-damage|p1a: Jellicent|0 fnt
|faint|p1a: Jellicent
|
|-message|FelixE forfeited.
|
|win|Wender53
|raw|Ladder updating...
|raw|FelixE's rating: 1465 &rarr; <strong>1447<\/strong><br \/>(-18 for losing)
|raw|Wender53's rating: 1496 &rarr; <strong>1514<\/strong><br \/>(+18 for winning)
|leave|FelixE
|player|p1