|join|FelixE
|join|RiCKRAFF
|player|p1|FelixE|28
|player|p2|RiCKRAFF|170
|gametype|singles
|gen|6
|tier|OU
|rated
|clearpoke
|poke|p1|Cresselia, F
|poke|p1|Blissey, F
|poke|p1|Landorus-Therian, M
|poke|p1|Garchomp, M
|poke|p1|Rotom-Wash
|poke|p1|Heatran, F
|poke|p2|Landorus-Therian, M
|poke|p2|Gyarados, F, shiny
|poke|p2|Aegislash, M, shiny
|poke|p2|Latios, M, shiny
|poke|p2|Talonflame, F
|poke|p2|Kyurem-Black, shiny
|rule|Sleep Clause Mod: Limit one foe put to sleep
|rule|Species Clause: Limit one of each Pokemon
|rule|OHKO Clause: OHKO moves are banned
|rule|Moody Clause: Moody is banned
|rule|Evasion Moves Clause: Evasion moves are banned
|rule|Endless Battle Clause: Forcing endless battles is banned.
|rule|HP Percentage Mod: HP is reported as percentages
|teampreview
|
|start
|switch|p1a: Gamma|Cresselia, F|444\/444
|switch|p2a: Latios|Latios, M, shiny|302\/302
|turn|1
|join|deerlings
|
|switch|p2a: Aegislash|Aegislash, M, shiny|324\/324
|move|p1a: Gamma|Ice Beam|p2a: Aegislash
|-resisted|p2a: Aegislash
|-damage|p2a: Aegislash|301\/324
|-status|p2a: Aegislash|frz
|
|-heal|p2a: Aegislash|321\/324 frz|[from] item: Leftovers
|turn|2
|
|switch|p1a: Bulbapedia|Garchomp, M|357\/357
|-formechange|p2a: Aegislash|Aegislash-Blade
|cant|p2a: Aegislash|frz
|
|-heal|p2a: Aegislash|324\/324 frz|[from] item: Leftovers
|turn|3
|
|switch|p2a: Landorus-Therian|Landorus-Therian, M|382\/382
|-ability|p2a: Landorus-Therian|Intimidate|[of] p1a: Bulbapedia
|-unboost|p1a: Bulbapedia|atk|1
|-formechange|p1a: Bulbapedia|Garchomp-Mega
|message|Garchomp has Mega Evolved into Mega Garchomp!
|move|p1a: Bulbapedia|Stealth Rock|p2a: Landorus-Therian
|-sidestart|p2: RiCKRAFF|move: Stealth Rock
|
|turn|4
|
|switch|p1a: Gamma|Cresselia, F|444\/444
|move|p2a: Landorus-Therian|Earthquake|p1a: Gamma
|-immune|p1a: Gamma|[msg]
|
|turn|5
|
|move|p2a: Landorus-Therian|Knock Off|p1a: Gamma
|-supereffective|p1a: Gamma
|-damage|p1a: Gamma|298\/444
|-enditem|p1a: Gamma|Leftovers|[from] move: Knock Off|[of] p2a: Landorus-Therian
|move|p1a: Gamma|Ice Beam|p2a: Landorus-Therian
|-supereffective|p2a: Landorus-Therian
|-damage|p2a: Landorus-Therian|78\/382
|
|-heal|p2a: Landorus-Therian|101\/382|[from] item: Leftovers
|turn|6
|
|move|p2a: Landorus-Therian|U-turn|p1a: Gamma
|-supereffective|p1a: Gamma
|-damage|p1a: Gamma|186\/444
|
|switch|p2a: Aegislash|Aegislash, M, shiny|324\/324 frz
|-damage|p2a: Aegislash|304\/324 frz|[from] Stealth Rock
|move|p1a: Gamma|Ice Beam|p2a: Aegislash
|-resisted|p2a: Aegislash
|-damage|p2a: Aegislash|281\/324 frz
|
|-heal|p2a: Aegislash|301\/324 frz|[from] item: Leftovers
|turn|7
|
|switch|p1a: Onyx|Heatran, F|386\/386
|-item|p1a: Onyx|Air Balloon
|-formechange|p2a: Aegislash|Aegislash-Blade
|cant|p2a: Aegislash|frz
|
|-heal|p2a: Aegislash|321\/324 frz|[from] item: Leftovers
|turn|8
|
|switch|p2a: Latios|Latios, M, shiny|302\/302
|-damage|p2a: Latios|265\/302|[from] Stealth Rock
|move|p1a: Onyx|Flamethrower|p2a: Latios
|-resisted|p2a: Latios
|-damage|p2a: Latios|190\/302
|
|turn|9
|
|switch|p1a: Queen B|Blissey, F|714\/714
|move|p2a: Latios|Defog|p1a: Queen B
|-unboost|p1a: Queen B|evasion|1
|-sideend|p2: RiCKRAFF|Stealth Rock|[from] move: Defog|[of] p2a: Latios
|
|turn|10
|
|move|p2a: Latios|Psyshock|p1a: Queen B
|-damage|p1a: Queen B|366\/714
|-damage|p2a: Latios|160\/302|[from] item: Life Orb
|move|p1a: Queen B|Toxic|p2a: Latios
|-status|p2a: Latios|tox
|
|-heal|p1a: Queen B|410\/714|[from] item: Leftovers
|-damage|p2a: Latios|142\/302 tox|[from] psn
|turn|11
|
|switch|p2a: Aegislash|Aegislash, M, shiny|321\/324 frz
|move|p1a: Queen B|Wish|p1a: Queen B
|
|-heal|p2a: Aegislash|324\/324 frz|[from] item: Leftovers
|-heal|p1a: Queen B|454\/714|[from] item: Leftovers
|turn|12
|leave|deerlings
|
|switch|p1a: Onyx|Heatran, F|386\/386
|-item|p1a: Onyx|Air Balloon
|-formechange|p2a: Aegislash|Aegislash-Blade
|-curestatus|p2a: Aegislash|frz
|move|p2a: Aegislash|Sacred Sword|p1a: Onyx
|-supereffective|p1a: Onyx
|-damage|p1a: Onyx|230\/386
|-enditem|p1a: Onyx|Air Balloon
|
|-heal|p1a: Onyx|386\/386|[from] move: Wish|[wisher] Queen B
|turn|13
|
|switch|p2a: Gyarados|Gyarados, F, shiny|332\/332
|move|p1a: Onyx|Flamethrower|p2a: Gyarados
|-resisted|p2a: Gyarados
|-damage|p2a: Gyarados|249\/332
|
|turn|14
|
|switch|p1a: Dynamo|Rotom-Wash|304\/304
|-formechange|p2a: Gyarados|Gyarados-Mega
|message|Gyarados has Mega Evolved into Mega Gyarados!
|-ability|p2a: Gyarados|Mold Breaker
|move|p2a: Gyarados|Dragon Dance|p2a: Gyarados
|-boost|p2a: Gyarados|atk|1
|-boost|p2a: Gyarados|spe|1
|
|turn|15
|
|switch|p2a: Kyurem-Black|Kyurem-Black, shiny|391\/391
|-ability|p2a: Kyurem-Black|Teravolt
|move|p1a: Dynamo|Thunderbolt|p2a: Kyurem-Black
|-resisted|p2a: Kyurem-Black
|-damage|p2a: Kyurem-Black|271\/391
|-status|p2a: Kyurem-Black|par
|
|-heal|p2a: Kyurem-Black|295\/391 par|[from] item: Leftovers
|turn|16
|chat|RiCKRAFF|wtf
|
|switch|p1a: Gamma|Cresselia, F|186\/444
|move|p2a: Kyurem-Black|Substitute|p2a: Kyurem-Black
|-start|p2a: Kyurem-Black|Substitute
|-damage|p2a: Kyurem-Black|198\/391 par
|
|-heal|p2a: Kyurem-Black|222\/391 par|[from] item: Leftovers
|turn|17
|
|move|p1a: Gamma|Moonlight|p1a: Gamma
|-heal|p1a: Gamma|408\/444
|move|p2a: Kyurem-Black|Ice Beam|p1a: Gamma
|-damage|p1a: Gamma|272\/444
|-status|p1a: Gamma|frz
|
|-heal|p2a: Kyurem-Black|246\/391 par|[from] item: Leftovers
|turn|18
|
|switch|p1a: Onyx|Heatran, F|386\/386
|switch|p2a: Aegislash|Aegislash, M, shiny|324\/324
|
|turn|19
|
|switch|p2a: Gyarados|Gyarados, F, shiny|249\/332
|-formechange|p2a: Gyarados|Gyarados-Mega
|-ability|p2a: Gyarados|Mold Breaker
|move|p1a: Onyx|Will-O-Wisp|p2a: Gyarados|[miss]
|-miss|p1a: Onyx|p2a: Gyarados
|
|turn|20
|
|switch|p1a: Dynamo|Rotom-Wash|304\/304
|move|p2a: Gyarados|Earthquake|p1a: Dynamo
|-crit|p1a: Dynamo
|-supereffective|p1a: Dynamo
|-damage|p1a: Dynamo|0 fnt
|faint|p1a: Dynamo
|
|
|switch|p1a: Kong|Landorus-Therian, M|320\/320
|-ability|p1a: Kong|Intimidate|[of] p2a: Gyarados
|-unboost|p2a: Gyarados|atk|1
|turn|21
|
|switch|p2a: Landorus-Therian|Landorus-Therian, M|101\/382
|-ability|p2a: Landorus-Therian|Intimidate|[of] p1a: Kong
|-unboost|p1a: Kong|atk|1
|move|p1a: Kong|U-turn|p2a: Landorus-Therian
|-resisted|p2a: Landorus-Therian
|-damage|p2a: Landorus-Therian|77\/382
|
|switch|p1a: Queen B|Blissey, F|454\/714
|
|-heal|p2a: Landorus-Therian|100\/382|[from] item: Leftovers
|-heal|p1a: Queen B|498\/714|[from] item: Leftovers
|turn|22
|
|move|p1a: Queen B|Protect|p1a: Queen B
|-singleturn|p1a: Queen B|Protect
|move|p2a: Landorus-Therian|Knock Off|p1a: Queen B
|-activate|p1a: Queen B|Protect
|
|-heal|p2a: Landorus-Therian|123\/382|[from] item: Leftovers
|-heal|p1a: Queen B|542\/714|[from] item: Leftovers
|turn|23
|
|switch|p1a: Bulbapedia|Garchomp, M|357\/357
|-formechange|p1a: Bulbapedia|Garchomp-Mega
|move|p2a: Landorus-Therian|Knock Off|p1a: Bulbapedia
|-damage|p1a: Bulbapedia|297\/357
|
|-heal|p2a: Landorus-Therian|146\/382|[from] item: Leftovers
|turn|24
|
|move|p2a: Landorus-Therian|U-turn|p1a: Bulbapedia
|-damage|p1a: Bulbapedia|225\/357
|
|switch|p2a: Aegislash|Aegislash, M, shiny|324\/324
|move|p1a: Bulbapedia|Dragon Claw|p2a: Aegislash
|-resisted|p2a: Aegislash
|-damage|p2a: Aegislash|255\/324
|
|-heal|p2a: Aegislash|275\/324|[from] item: Leftovers
|turn|25
|
|switch|p2a: Landorus-Therian|Landorus-Therian, M|146\/382
|-ability|p2a: Landorus-Therian|Intimidate|[of] p1a: Bulbapedia
|-unboost|p1a: Bulbapedia|atk|1
|move|p1a: Bulbapedia|Earthquake|p2a: Landorus-Therian
|-immune|p2a: Landorus-Therian|[msg]
|
|-heal|p2a: Landorus-Therian|169\/382|[from] item: Leftovers
|turn|26
|
|move|p2a: Landorus-Therian|U-turn|p1a: Bulbapedia
|-crit|p1a: Bulbapedia
|-damage|p1a: Bulbapedia|127\/357
|
|switch|p2a: Aegislash|Aegislash, M, shiny|275\/324
|move|p1a: Bulbapedia|Stealth Rock|p2a: Aegislash
|-sidestart|p2: RiCKRAFF|move: Stealth Rock
|
|-heal|p2a: Aegislash|295\/324|[from] item: Leftovers
|turn|27
|
|switch|p2a: Landorus-Therian|Landorus-Therian, M|169\/382
|-damage|p2a: Landorus-Therian|122\/382|[from] Stealth Rock
|-ability|p2a: Landorus-Therian|Intimidate|[of] p1a: Bulbapedia
|-unboost|p1a: Bulbapedia|atk|1
|move|p1a: Bulbapedia|Flamethrower|p2a: Landorus-Therian
|-damage|p2a: Landorus-Therian|26\/382
|
|-heal|p2a: Landorus-Therian|49\/382|[from] item: Leftovers
|turn|28
|
|switch|p1a: Kong|Landorus-Therian, M|320\/320
|-ability|p1a: Kong|Intimidate|[of] p2a: Landorus-Therian
|-unboost|p2a: Landorus-Therian|atk|1
|move|p2a: Landorus-Therian|Earthquake|p1a: Kong
|-immune|p1a: Kong|[msg]
|
|-heal|p2a: Landorus-Therian|72\/382|[from] item: Leftovers
|turn|29
|
|move|p1a: Kong|Knock Off|p2a: Landorus-Therian
|-damage|p2a: Landorus-Therian|0 fnt
|faint|p2a: Landorus-Therian
|
|
|switch|p2a: Latios|Latios, M, shiny|142\/302 tox
|-damage|p2a: Latios|105\/302 tox|[from] Stealth Rock
|turn|30
|
|move|p1a: Kong|Knock Off|p2a: Latios
|-supereffective|p2a: Latios
|-damage|p2a: Latios|0 fnt
|faint|p2a: Latios
|
|
|switch|p2a: Gyarados|Gyarados, F, shiny|249\/332
|-formechange|p2a: Gyarados|Gyarados-Mega
|-damage|p2a: Gyarados|208\/332|[from] Stealth Rock
|-ability|p2a: Gyarados|Mold Breaker
|turn|31
|
|switch|p1a: Gamma|Cresselia, F|272\/444 frz
|move|p2a: Gyarados|Dragon Dance|p2a: Gyarados
|-boost|p2a: Gyarados|atk|1
|-boost|p2a: Gyarados|spe|1
|
|turn|32
|
|switch|p1a: Kong|Landorus-Therian, M|320\/320
|-ability|p1a: Kong|Intimidate|[of] p2a: Gyarados
|-unboost|p2a: Gyarados|atk|1
|move|p2a: Gyarados|Dragon Dance|p2a: Gyarados
|-boost|p2a: Gyarados|atk|1
|-boost|p2a: Gyarados|spe|1
|
|turn|33
|
|move|p2a: Gyarados|Waterfall|p1a: Kong
|-supereffective|p1a: Kong
|-damage|p1a: Kong|0 fnt
|faint|p1a: Kong
|
|
|switch|p1a: Queen B|Blissey, F|542\/714
|turn|34
|
|move|p2a: Gyarados|Waterfall|p1a: Queen B
|-damage|p1a: Queen B|88\/714
|move|p1a: Queen B|Toxic|p2a: Gyarados|[miss]
|-miss|p1a: Queen B|p2a: Gyarados
|
|-heal|p1a: Queen B|132\/714|[from] item: Leftovers
|turn|35
|
|move|p1a: Queen B|Protect|p1a: Queen B
|-singleturn|p1a: Queen B|Protect
|move|p2a: Gyarados|Waterfall|p1a: Queen B
|-activate|p1a: Queen B|Protect
|
|-heal|p1a: Queen B|176\/714|[from] item: Leftovers
|turn|36
|
|move|p2a: Gyarados|Waterfall|p1a: Queen B
|-damage|p1a: Queen B|0 fnt
|faint|p1a: Queen B
|
|
|switch|p1a: Gamma|Cresselia, F|272\/444 frz
|turn|37
|
|move|p2a: Gyarados|Waterfall|p1a: Gamma
|-damage|p1a: Gamma|80\/444 frz
|cant|p1a: Gamma|frz
|
|turn|38
|
|move|p2a: Gyarados|Waterfall|p1a: Gamma
|-crit|p1a: Gamma
|-damage|p1a: Gamma|0 fnt
|faint|p1a: Gamma
|
|
|switch|p1a: Bulbapedia|Garchomp, M|127\/357
|-formechange|p1a: Bulbapedia|Garchomp-Mega
|turn|39
|
|move|p2a: Gyarados|Ice Fang|p1a: Bulbapedia
|-supereffective|p1a: Bulbapedia
|-damage|p1a: Bulbapedia|0 fnt
|faint|p1a: Bulbapedia
|
|
|switch|p1a: Onyx|Heatran, F|386\/386
|turn|40
|
|move|p2a: Gyarados|Earthquake|p1a: Onyx
|-supereffective|p1a: Onyx
|-damage|p1a: Onyx|0 fnt
|faint|p1a: Onyx
|
|win|RiCKRAFF
|raw|Ladder updating...
|leave|FelixE
|player|p1
|chat|RiCKRAFF|gg
|raw|Ladder (probably) updated, but score could not be retrieved (timeout).
|raw|Ladder (probably) updated, but score could not be retrieved (Error: socket hang up).