|join|FelixE
|join|I Love Forfeiting
|player|p1|FelixE|28
|player|p2|I Love Forfeiting|288
|gametype|singles
|gen|6
|tier|OU
|rated
|clearpoke
|poke|p1|Clefable, F
|poke|p1|Charizard, M
|poke|p1|Heatran, F
|poke|p1|Ditto
|poke|p1|Ferrothorn, M
|poke|p1|Landorus, M
|poke|p2|Cottonee, M
|poke|p2|Azelf
|poke|p2|Whimsicott, F
|poke|p2|Smeargle, M, shiny
|poke|p2|Espeon, M
|poke|p2|Gothitelle, F
|rule|Swagger Clause: Swagger is banned
|rule|Baton Pass Clause: Limit one PokÃ©mon knowing Baton Pass
|rule|Sleep Clause Mod: Limit one foe put to sleep
|rule|Species Clause: Limit one of each PokÃ©mon
|rule|OHKO Clause: OHKO moves are banned
|rule|Moody Clause: Moody is banned
|rule|Evasion Moves Clause: Evasion moves are banned
|rule|Endless Battle Clause: Forcing endless battles is banned
|rule|HP Percentage Mod: HP is shown in percentages
|teampreview
|
|start
|switch|p1a: Ditto|Ditto|299\/299
|switch|p2a: Holy Wars|Cottonee, M|284\/284
|-transform|p1a: Ditto|p2a: Holy Wars
|turn|1
|
|switch|p2a: Lucretia|Gothitelle, F|344\/344
|move|p1a: Ditto|Taunt|p2a: Lucretia
|-start|p2a: Lucretia|move: Taunt
|
|turn|2
|
|move|p1a: Ditto|Taunt|p2a: Lucretia
|-fail|p2a: Lucretia
|move|p2a: Lucretia|Psyshock|p1a: Ditto
|-damage|p1a: Ditto|11\/299
|
|turn|3
|
|move|p1a: Ditto|Taunt|p2a: Lucretia
|-fail|p2a: Lucretia
|move|p2a: Lucretia|Psyshock|p1a: Ditto
|-damage|p1a: Ditto|0 fnt
|faint|p1a: Ditto
|
|
|switch|p1a: Landorus|Landorus, M|320\/320
|turn|4
|
|move|p1a: Landorus|Rock Polish|p1a: Landorus
|-boost|p1a: Landorus|spe|2
|move|p2a: Lucretia|Psyshock|p1a: Landorus
|-damage|p1a: Landorus|100\/320
|
|-end|p2a: Lucretia|move: Taunt
|turn|5
|
|move|p1a: Landorus|Earthquake|p2a: Lucretia
|-damage|p2a: Lucretia|131\/344
|move|p2a: Lucretia|Psyshock|p1a: Landorus
|-damage|p1a: Landorus|0 fnt
|faint|p1a: Landorus
|
|
|switch|p1a: Ferrothorn|Ferrothorn, M|352\/352
|turn|6
|
|switch|p2a: Holy Wars|Cottonee, M|284\/284
|move|p1a: Ferrothorn|Stealth Rock|p2a: Holy Wars
|-sidestart|p2: I Love Forfeiting|move: Stealth Rock
|
|turn|7
|
|switch|p1a: Charizard|Charizard, M|349\/349
|move|p2a: Holy Wars|Taunt|p1a: Charizard
|-start|p1a: Charizard|move: Taunt
|
|turn|8
|
|detailschange|p1a: Charizard|Charizard-Mega-X, M
|message|Charizard has Mega Evolved into Mega Charizard!
|move|p2a: Holy Wars|Stun Spore|p1a: Charizard
|-status|p1a: Charizard|par
|move|p1a: Charizard|Dragon Claw|p2a: Holy Wars
|-immune|p2a: Holy Wars|[msg]
|
|turn|9
|
|move|p2a: Holy Wars|Memento|p1a: Charizard
|-unboost|p1a: Charizard|atk|2
|-unboost|p1a: Charizard|spa|2
|faint|p2a: Holy Wars
|cant|p1a: Charizard|par
|
|
|switch|p2a: Hangar 18|Azelf|354\/354
|-damage|p2a: Hangar 18|310\/354|[from] Stealth Rock
|turn|10
|
|switch|p1a: Clefable|Clefable, F|394\/394
|move|p2a: Hangar 18|Reflect|p2a: Hangar 18
|-sidestart|p2: I Love Forfeiting|Reflect
|
|turn|11
|
|move|p2a: Hangar 18|Taunt|p1a: Clefable
|-start|p1a: Clefable|move: Taunt
|cant|p1a: Clefable|move: Taunt|Calm Mind
|
|turn|12
|
|switch|p1a: Ferrothorn|Ferrothorn, M|352\/352
|move|p2a: Hangar 18|Light Screen|p2a: Hangar 18
|-sidestart|p2: I Love Forfeiting|move: Light Screen
|
|turn|13
|
|move|p2a: Hangar 18|Explosion|p1a: Ferrothorn
|-resisted|p1a: Ferrothorn
|-damage|p1a: Ferrothorn|285\/352
|faint|p2a: Hangar 18
|move|p1a: Ferrothorn|Leech Seed|p2: Hangar 18|[notarget]
|-notarget
|
|-heal|p1a: Ferrothorn|307\/352|[from] item: Leftovers
|
|switch|p2a: Tornado of Souls|Smeargle, M, shiny|251\/251
|-damage|p2a: Tornado of Souls|220\/251|[from] Stealth Rock
|turn|14
|
|move|p2a: Tornado of Souls|Taunt|p1a: Ferrothorn
|-start|p1a: Ferrothorn|move: Taunt
|cant|p1a: Ferrothorn|move: Taunt|Leech Seed
|
|-heal|p1a: Ferrothorn|329\/352|[from] item: Leftovers
|turn|15
|
|switch|p1a: Heatran|Heatran, F|386\/386
|-item|p1a: Heatran|Air Balloon
|move|p2a: Tornado of Souls|Geomancy|p2a: Tornado of Souls|[still]
|-prepare|p2a: Tornado of Souls|Geomancy|p2a: Tornado of Souls
|-enditem|p2a: Tornado of Souls|Power Herb
|-anim|p2a: Tornado of Souls|Geomancy|p2a: Tornado of Souls
|-boost|p2a: Tornado of Souls|spa|2
|-boost|p2a: Tornado of Souls|spd|2
|-boost|p2a: Tornado of Souls|spe|2
|
|turn|16
|
|move|p2a: Tornado of Souls|Taunt|p1a: Heatran
|-start|p1a: Heatran|move: Taunt
|move|p1a: Heatran|Lava Plume|p2a: Tornado of Souls
|-damage|p2a: Tornado of Souls|163\/251
|
|turn|17
|
|switch|p1a: Ferrothorn|Ferrothorn, M|329\/352
|move|p2a: Tornado of Souls|Cotton Guard|p2a: Tornado of Souls
|-boost|p2a: Tornado of Souls|def|3
|
|-heal|p1a: Ferrothorn|351\/352|[from] item: Leftovers
|-sideend|p2: I Love Forfeiting|Reflect
|turn|18
|
|move|p2a: Tornado of Souls|Baton Pass|p2a: Tornado of Souls
|
|switch|p2a: Polaris|Espeon, M|321\/321
|-damage|p2a: Polaris|281\/321|[from] Stealth Rock
|move|p1a: Ferrothorn|Gyro Ball|p2a: Polaris
|-damage|p2a: Polaris|211\/321
|
|-heal|p2a: Polaris|231\/321|[from] item: Leftovers
|-heal|p1a: Ferrothorn|352\/352|[from] item: Leftovers
|turn|19
|
|move|p2a: Polaris|Substitute|p2a: Polaris
|-start|p2a: Polaris|Substitute
|-damage|p2a: Polaris|151\/321
|move|p1a: Ferrothorn|Leech Seed|p2a: Polaris
|move|p2a: Polaris|Leech Seed|p1a: Ferrothorn|[from]Magic Bounce
|-immune|p1a: Ferrothorn|[msg]
|
|-heal|p2a: Polaris|171\/321|[from] item: Leftovers
|-sideend|p2: I Love Forfeiting|move: Light Screen
|turn|20
|
|move|p2a: Polaris|Morning Sun|p2a: Polaris
|-heal|p2a: Polaris|321\/321
|move|p1a: Ferrothorn|Gyro Ball|p2a: Polaris
|-crit|p2a: Polaris
|-end|p2a: Polaris|Substitute
|
|turn|21
|
|move|p2a: Polaris|Substitute|p2a: Polaris
|-start|p2a: Polaris|Substitute
|-damage|p2a: Polaris|241\/321
|move|p1a: Ferrothorn|Gyro Ball|p2a: Polaris
|-activate|p2a: Polaris|Substitute|[damage]
|
|-heal|p2a: Polaris|261\/321|[from] item: Leftovers
|turn|22
|
|switch|p1a: Clefable|Clefable, F|394\/394
|move|p2a: Polaris|Stored Power|p1a: Clefable
|-damage|p1a: Clefable|0 fnt
|faint|p1a: Clefable
|
|-heal|p2a: Polaris|281\/321|[from] item: Leftovers
|-message|FelixE forfeited.
|
|win|I Love Forfeiting
|raw|Ladder updating...
|leave|FelixE
|player|p1
|raw|FelixE's rating: 1522 &rarr; <strong>1496<\/strong><br \/>(-26 for losing)
|raw|I Love Forfeiting's rating: 1426 &rarr; <strong>1451<\/strong><br \/>(+25 for winning)