|join|FelixE
|join|IIlllIIIlllII
|player|p1|FelixE|28
|player|p2|IIlllIIIlllII|161
|gametype|singles
|gen|6
|tier|OU
|rated
|clearpoke
|poke|p1|Garchomp, F
|poke|p1|Cresselia, F
|poke|p1|Rotom-Wash
|poke|p1|Landorus-Therian, M
|poke|p1|Heatran, F
|poke|p1|Blissey, F
|poke|p2|Deoxys-Defense
|poke|p2|Bisharp, M
|poke|p2|Gardevoir, F, shiny
|poke|p2|Thundurus, M
|poke|p2|Skarmory, F
|poke|p2|Aegislash, M
|rule|Sleep Clause Mod: Limit one foe put to sleep
|rule|Species Clause: Limit one of each Pokemon
|rule|OHKO Clause: OHKO moves are banned
|rule|Moody Clause: Moody is banned
|rule|Evasion Moves Clause: Evasion moves are banned
|rule|Endless Battle Clause: Forcing endless battles is banned.
|rule|HP Percentage Mod: HP is reported as percentages
|teampreview
|
|start
|switch|p1a: Rotom-Wash|Rotom-Wash|304\/304
|switch|p2a: Deoxys-Defense|Deoxys-Defense|304\/304
|-ability|p2a: Deoxys-Defense|Pressure
|turn|1
|
|move|p2a: Deoxys-Defense|Stealth Rock|p1a: Rotom-Wash
|-sidestart|p1: FelixE|move: Stealth Rock
|move|p1a: Rotom-Wash|Signal Beam|p2a: Deoxys-Defense
|-supereffective|p2a: Deoxys-Defense
|-damage|p2a: Deoxys-Defense|172\/304
|-enditem|p2a: Deoxys-Defense|Red Card|[of] p1a: Rotom-Wash
|drag|p1a: Landorus-Therian|Landorus-Therian, M|320\/320
|-damage|p1a: Landorus-Therian|280\/320|[from] Stealth Rock
|-ability|p1a: Landorus-Therian|Intimidate|[of] p2a: Deoxys-Defense
|-unboost|p2a: Deoxys-Defense|atk|1
|
|turn|2
|
|move|p1a: Landorus-Therian|Knock Off|p2a: Deoxys-Defense
|-supereffective|p2a: Deoxys-Defense
|-damage|p2a: Deoxys-Defense|60\/304
|move|p2a: Deoxys-Defense|Spikes|p1a: Landorus-Therian
|-sidestart|p1: FelixE|Spikes
|
|turn|3
|
|move|p1a: Landorus-Therian|Knock Off|p2a: Deoxys-Defense
|-supereffective|p2a: Deoxys-Defense
|-damage|p2a: Deoxys-Defense|0 fnt
|faint|p2a: Deoxys-Defense
|
|
|switch|p2a: Skarmory|Skarmory, F|334\/334
|turn|4
|
|move|p1a: Landorus-Therian|Knock Off|p2a: Skarmory
|-damage|p2a: Skarmory|261\/334
|-enditem|p2a: Skarmory|Leftovers|[from] move: Knock Off|[of] p1a: Landorus-Therian
|move|p2a: Skarmory|Whirlwind|p1a: Landorus-Therian
|drag|p1a: Blissey|Blissey, F|714\/714
|-damage|p1a: Blissey|625\/714|[from] Spikes
|-damage|p1a: Blissey|536\/714|[from] Stealth Rock
|
|-heal|p1a: Blissey|580\/714|[from] item: Leftovers
|turn|5
|
|move|p2a: Skarmory|Brave Bird|p1a: Blissey
|-damage|p1a: Blissey|366\/714
|-damage|p2a: Skarmory|190\/334|[from] recoil|[of] p1a: Blissey
|move|p1a: Blissey|Wish|p1a: Blissey
|
|-heal|p1a: Blissey|410\/714|[from] item: Leftovers
|turn|6
|
|switch|p1a: Garchomp|Garchomp, F|368\/368
|-damage|p1a: Garchomp|345\/368|[from] Stealth Rock
|-damage|p1a: Garchomp|299\/368|[from] Spikes
|move|p2a: Skarmory|Whirlwind|p1a: Garchomp
|drag|p1a: Blissey|Blissey, F|410\/714
|-damage|p1a: Blissey|321\/714|[from] Stealth Rock
|-damage|p1a: Blissey|232\/714|[from] Spikes
|
|-heal|p1a: Blissey|589\/714|[from] move: Wish|[wisher] Blissey
|-heal|p1a: Blissey|633\/714|[from] item: Leftovers
|turn|7
|
|switch|p2a: Bisharp|Bisharp, M|272\/272
|move|p1a: Blissey|Wish|p1a: Blissey
|
|-heal|p1a: Blissey|677\/714|[from] item: Leftovers
|turn|8
|
|switch|p1a: Heatran|Heatran, F|386\/386
|-damage|p1a: Heatran|338\/386|[from] Stealth Rock
|-item|p1a: Heatran|Air Balloon
|move|p2a: Bisharp|Knock Off|p1a: Heatran
|-damage|p1a: Heatran|88\/386
|-enditem|p1a: Heatran|Air Balloon
|-damage|p2a: Bisharp|245\/272|[from] item: Life Orb
|
|-heal|p1a: Heatran|386\/386|[from] move: Wish|[wisher] Blissey
|turn|9
|
|switch|p2a: Thundurus|Thundurus, M|300\/300
|move|p1a: Heatran|Will-O-Wisp|p2a: Thundurus
|-status|p2a: Thundurus|brn
|
|-damage|p2a: Thundurus|263\/300 brn|[from] brn
|turn|10
|
|switch|p1a: Cresselia|Cresselia, F|444\/444
|-damage|p1a: Cresselia|389\/444|[from] Stealth Rock
|move|p2a: Thundurus|Thunder Wave|p1a: Cresselia
|-status|p1a: Cresselia|par
|
|-heal|p1a: Cresselia|416\/444 par|[from] item: Leftovers
|-damage|p2a: Thundurus|226\/300 brn|[from] brn
|turn|11
|
|switch|p2a: Skarmory|Skarmory, F|190\/334
|move|p1a: Cresselia|Thunder Wave|p2a: Skarmory
|-status|p2a: Skarmory|par
|
|-heal|p1a: Cresselia|443\/444 par|[from] item: Leftovers
|turn|12
|
|cant|p1a: Cresselia|par
|move|p2a: Skarmory|Roost|p2a: Skarmory
|-heal|p2a: Skarmory|334\/334 par
|
|-heal|p1a: Cresselia|444\/444 par|[from] item: Leftovers
|turn|13
|
|move|p1a: Cresselia|Ice Beam|p2a: Skarmory
|-damage|p2a: Skarmory|258\/334 par
|move|p2a: Skarmory|Whirlwind|p1a: Cresselia
|drag|p1a: Landorus-Therian|Landorus-Therian, M|280\/320
|-damage|p1a: Landorus-Therian|240\/320|[from] Stealth Rock
|-ability|p1a: Landorus-Therian|Intimidate|[of] p2a: Skarmory
|-unboost|p2a: Skarmory|atk|1
|
|turn|14
|
|move|p1a: Landorus-Therian|U-turn|p2a: Skarmory
|-resisted|p2a: Skarmory
|-damage|p2a: Skarmory|246\/334 par
|
|switch|p1a: Rotom-Wash|Rotom-Wash|304\/304
|-damage|p1a: Rotom-Wash|266\/304|[from] Stealth Rock
|move|p2a: Skarmory|Whirlwind|p1a: Rotom-Wash
|drag|p1a: Garchomp|Garchomp, F|299\/368
|-damage|p1a: Garchomp|276\/368|[from] Stealth Rock
|-damage|p1a: Garchomp|230\/368|[from] Spikes
|
|turn|15
|
|-formechange|p1a: Garchomp|Garchomp-Mega
|message|Garchomp has Mega Evolved into Mega Garchomp!
|move|p1a: Garchomp|Stealth Rock|p2a: Skarmory
|-sidestart|p2: IIlllIIIlllII|move: Stealth Rock
|cant|p2a: Skarmory|par
|
|turn|16
|
|move|p1a: Garchomp|Flamethrower|p2a: Skarmory
|-supereffective|p2a: Skarmory
|-damage|p2a: Skarmory|18\/334 par
|cant|p2a: Skarmory|par
|
|turn|17
|
|move|p1a: Garchomp|Flamethrower|p2a: Skarmory
|-supereffective|p2a: Skarmory
|-damage|p2a: Skarmory|0 fnt
|faint|p2a: Skarmory
|
|
|switch|p2a: Thundurus|Thundurus, M|226\/300 brn
|-damage|p2a: Thundurus|151\/300 brn|[from] Stealth Rock
|turn|18
|
|switch|p1a: Blissey|Blissey, F|677\/714
|-damage|p1a: Blissey|588\/714|[from] Spikes
|-damage|p1a: Blissey|499\/714|[from] Stealth Rock
|move|p2a: Thundurus|Hidden Power|p1a: Blissey
|-damage|p1a: Blissey|449\/714
|
|-heal|p1a: Blissey|493\/714|[from] item: Leftovers
|-damage|p2a: Thundurus|114\/300 brn|[from] brn
|turn|19
|
|switch|p2a: Bisharp|Bisharp, M|245\/272
|-damage|p2a: Bisharp|228\/272|[from] Stealth Rock
|move|p1a: Blissey|Wish|p1a: Blissey
|
|-heal|p1a: Blissey|537\/714|[from] item: Leftovers
|turn|20
|
|switch|p1a: Heatran|Heatran, F|386\/386
|-damage|p1a: Heatran|338\/386|[from] Spikes
|-damage|p1a: Heatran|290\/386|[from] Stealth Rock
|move|p2a: Bisharp|Swords Dance|p2a: Bisharp
|-boost|p2a: Bisharp|atk|2
|
|-heal|p1a: Heatran|386\/386|[from] move: Wish|[wisher] Blissey
|turn|21
|
|move|p2a: Bisharp|Knock Off|p1a: Heatran
|-damage|p1a: Heatran|58\/386
|-damage|p2a: Bisharp|201\/272|[from] item: Life Orb
|move|p1a: Heatran|Flamethrower|p2a: Bisharp
|-supereffective|p2a: Bisharp
|-damage|p2a: Bisharp|0 fnt
|faint|p2a: Bisharp
|
|
|switch|p2a: Gardevoir|Gardevoir, F, shiny|277\/277
|-damage|p2a: Gardevoir|243\/277|[from] Stealth Rock
|-ability|p2a: Gardevoir|Flash Fire|[from] ability: Trace|[of] p1a: Heatran
|turn|22
|
|-formechange|p2a: Gardevoir|Gardevoir-Mega
|message|Gardevoir has Mega Evolved into Mega Gardevoir!
|move|p2a: Gardevoir|Focus Blast|p1a: Heatran
|-supereffective|p1a: Heatran
|-damage|p1a: Heatran|0 fnt
|faint|p1a: Heatran
|
|
|switch|p1a: Landorus-Therian|Landorus-Therian, M|240\/320
|-damage|p1a: Landorus-Therian|200\/320|[from] Stealth Rock
|-ability|p1a: Landorus-Therian|Intimidate|[of] p2a: Gardevoir
|-unboost|p2a: Gardevoir|atk|1
|turn|23
|
|move|p1a: Landorus-Therian|U-turn|p2a: Gardevoir
|-damage|p2a: Gardevoir|118\/277
|
|switch|p1a: Cresselia|Cresselia, F|444\/444 par
|-damage|p1a: Cresselia|389\/444 par|[from] Stealth Rock
|move|p2a: Gardevoir|Hyper Voice|p1a: Cresselia
|-damage|p1a: Cresselia|191\/444 par
|
|-heal|p1a: Cresselia|218\/444 par|[from] item: Leftovers
|turn|24
|
|switch|p2a: Thundurus|Thundurus, M|114\/300 brn
|-damage|p2a: Thundurus|39\/300 brn|[from] Stealth Rock
|switch|p1a: Rotom-Wash|Rotom-Wash|266\/304
|-damage|p1a: Rotom-Wash|228\/304|[from] Stealth Rock
|
|-damage|p2a: Thundurus|2\/300 brn|[from] brn
|turn|25
|
|switch|p1a: Blissey|Blissey, F|537\/714
|-damage|p1a: Blissey|448\/714|[from] Spikes
|-damage|p1a: Blissey|359\/714|[from] Stealth Rock
|move|p2a: Thundurus|Grass Knot|p1a: Blissey
|-damage|p1a: Blissey|303\/714
|
|-heal|p1a: Blissey|347\/714|[from] item: Leftovers
|-damage|p2a: Thundurus|0 fnt|[from] brn
|faint|p2a: Thundurus
|
|switch|p2a: Gardevoir|Gardevoir, F, shiny|118\/277
|-formechange|p2a: Gardevoir|Gardevoir-Mega
|-damage|p2a: Gardevoir|84\/277|[from] Stealth Rock
|turn|26
|
|switch|p1a: Landorus-Therian|Landorus-Therian, M|200\/320
|-damage|p1a: Landorus-Therian|160\/320|[from] Stealth Rock
|-ability|p1a: Landorus-Therian|Intimidate|[of] p2a: Gardevoir
|-unboost|p2a: Gardevoir|atk|1
|move|p2a: Gardevoir|Psyshock|p1a: Landorus-Therian
|-crit|p1a: Landorus-Therian
|-damage|p1a: Landorus-Therian|0 fnt
|faint|p1a: Landorus-Therian
|
|
|switch|p1a: Rotom-Wash|Rotom-Wash|228\/304
|-damage|p1a: Rotom-Wash|190\/304|[from] Stealth Rock
|turn|27
|
|move|p2a: Gardevoir|Hyper Voice|p1a: Rotom-Wash
|-crit|p1a: Rotom-Wash
|-damage|p1a: Rotom-Wash|0 fnt
|faint|p1a: Rotom-Wash
|
|
|switch|p1a: Cresselia|Cresselia, F|218\/444 par
|-damage|p1a: Cresselia|163\/444 par|[from] Stealth Rock
|turn|28
|
|move|p2a: Gardevoir|Hyper Voice|p1a: Cresselia
|-damage|p1a: Cresselia|0 fnt
|faint|p1a: Cresselia
|
|
|switch|p1a: Blissey|Blissey, F|347\/714
|-damage|p1a: Blissey|258\/714|[from] Spikes
|-damage|p1a: Blissey|169\/714|[from] Stealth Rock
|turn|29
|
|move|p1a: Blissey|Protect|p1a: Blissey
|-singleturn|p1a: Blissey|Protect
|move|p2a: Gardevoir|Psyshock|p1a: Blissey
|-activate|p1a: Blissey|Protect
|
|-heal|p1a: Blissey|213\/714|[from] item: Leftovers
|turn|30
|
|move|p2a: Gardevoir|Psyshock|p1a: Blissey
|-damage|p1a: Blissey|0 fnt
|faint|p1a: Blissey
|
|
|switch|p1a: Garchomp|Garchomp, F|230\/368
|-formechange|p1a: Garchomp|Garchomp-Mega
|-damage|p1a: Garchomp|207\/368|[from] Stealth Rock
|-damage|p1a: Garchomp|161\/368|[from] Spikes
|turn|31
|chat|IIlllIIIlllII|gg
|
|move|p2a: Gardevoir|Hyper Voice|p1a: Garchomp
|-supereffective|p1a: Garchomp
|-damage|p1a: Garchomp|0 fnt
|faint|p1a: Garchomp
|
|win|IIlllIIIlllII
|raw|Ladder updating...
|chat|FelixE|wtf
|chat|FelixE|gg
|chat|IIlllIIIlllII|muh waifu o3o
|chat|IIlllIIIlllII|this thing is scary lol
|raw|Ladder (probably) updated, but score could not be retrieved (timeout).
|raw|Ladder (probably) updated, but score could not be retrieved (Error: socket hang up).
|leave|FelixE
|player|p1