|join|FelixE
|join|Republican Obama
|player|p1|FelixE|28
|player|p2|Republican Obama|33
|gametype|singles
|gen|6
|tier|OU
|rated
|clearpoke
|poke|p1|Cresselia, F
|poke|p1|Blissey, F
|poke|p1|Landorus-Therian, M
|poke|p1|Venusaur, F
|poke|p1|Rotom-Wash
|poke|p1|Heatran, F
|poke|p2|Charizard, F, shiny
|poke|p2|Deoxys-Speed
|poke|p2|Skarmory, M
|poke|p2|Mandibuzz, F, shiny
|poke|p2|Terrakion, shiny
|poke|p2|Blissey, F, shiny
|rule|Sleep Clause Mod: Limit one foe put to sleep
|rule|Species Clause: Limit one of each Pokemon
|rule|OHKO Clause: OHKO moves are banned
|rule|Moody Clause: Moody is banned
|rule|Evasion Moves Clause: Evasion moves are banned
|rule|Endless Battle Clause: Forcing endless battles is banned.
|rule|HP Percentage Mod: HP is reported as percentages
|teampreview
|
|start
|switch|p1a: Dynamo|Rotom-Wash|262\/262
|switch|p2a: Charizard|Charizard, F, shiny|307\/307
|turn|1
|
|-formechange|p2a: Charizard|Charizard-Mega-X
|message|Charizard has Mega Evolved into Mega Charizard!
|move|p2a: Charizard|Dragon Claw|p1a: Dynamo
|-crit|p1a: Dynamo
|-damage|p1a: Dynamo|12\/262
|move|p1a: Dynamo|Hydro Pump|p2a: Charizard
|-damage|p2a: Charizard|39\/307
|
|turn|2
|
|switch|p1a: Gamma|Cresselia, F|432\/432
|move|p2a: Charizard|Dragon Claw|p1a: Gamma
|-damage|p1a: Gamma|306\/432
|
|-heal|p1a: Gamma|333\/432|[from] item: Leftovers
|turn|3
|
|switch|p2a: Mandibuzz|Mandibuzz, F, shiny|379\/379
|move|p1a: Gamma|Ice Beam|p2a: Mandibuzz
|-supereffective|p2a: Mandibuzz
|-damage|p2a: Mandibuzz|237\/379
|
|-heal|p2a: Mandibuzz|260\/379|[from] item: Leftovers
|-heal|p1a: Gamma|360\/432|[from] item: Leftovers
|turn|4
|
|switch|p1a: Queen B|Blissey, F|714\/714
|move|p2a: Mandibuzz|Taunt|p1a: Queen B
|-start|p1a: Queen B|move: Taunt
|
|-heal|p2a: Mandibuzz|283\/379|[from] item: Leftovers
|turn|5
|
|move|p2a: Mandibuzz|Toxic|p1a: Queen B
|-status|p1a: Queen B|tox
|move|p1a: Queen B|Seismic Toss|p2a: Mandibuzz
|-damage|p2a: Mandibuzz|183\/379
|
|-heal|p2a: Mandibuzz|206\/379|[from] item: Leftovers
|-damage|p1a: Queen B|670\/714 tox|[from] psn
|turn|6
|
|switch|p2a: Skarmory|Skarmory, M|271\/271
|switch|p1a: Bulbapedia|Venusaur, F|364\/364
|
|turn|7
|
|-formechange|p1a: Bulbapedia|Venusaur-Mega
|message|Venusaur has Mega Evolved into Mega Venusaur!
|move|p2a: Skarmory|Stealth Rock|p1a: Bulbapedia
|-sidestart|p1: FelixE|move: Stealth Rock
|move|p1a: Bulbapedia|Leech Seed|p2a: Skarmory
|-start|p2a: Skarmory|move: Leech Seed
|
|-damage|p2a: Skarmory|238\/271|[from] Leech Seed|[of] p1a: Bulbapedia
|turn|8
|
|switch|p2a: Deoxys-Speed|Deoxys-Speed|241\/241
|-ability|p2a: Deoxys-Speed|Pressure
|switch|p1a: Onyx|Heatran, F|386\/386
|-damage|p1a: Onyx|338\/386|[from] Stealth Rock
|-item|p1a: Onyx|Air Balloon
|
|turn|9
|
|switch|p2a: Blissey|Blissey, F, shiny|652\/652
|move|p1a: Onyx|Flamethrower|p2a: Blissey
|-damage|p2a: Blissey|537\/652
|
|-heal|p2a: Blissey|577\/652|[from] item: Leftovers
|turn|10
|
|move|p1a: Onyx|Stealth Rock|p2a: Blissey
|-sidestart|p2: Republican Obama|move: Stealth Rock
|move|p2a: Blissey|Seismic Toss|p1a: Onyx
|-damage|p1a: Onyx|238\/386
|-enditem|p1a: Onyx|Air Balloon
|
|-heal|p2a: Blissey|617\/652|[from] item: Leftovers
|turn|11
|
|switch|p1a: Queen B|Blissey, F|670\/714
|-damage|p1a: Queen B|581\/714|[from] Stealth Rock
|move|p2a: Blissey|Wish|p2a: Blissey
|
|-heal|p2a: Blissey|652\/652|[from] item: Leftovers
|-heal|p1a: Queen B|625\/714|[from] item: Leftovers
|turn|12
|
|switch|p2a: Skarmory|Skarmory, M|238\/271
|-damage|p2a: Skarmory|205\/271|[from] Stealth Rock
|move|p1a: Queen B|Toxic|p2a: Skarmory
|-fail|p2a: Skarmory
|
|-heal|p2a: Skarmory|271\/271|[from] move: Wish|[wisher] Blissey
|-heal|p1a: Queen B|669\/714|[from] item: Leftovers
|turn|13
|
|switch|p1a: Onyx|Heatran, F|238\/386
|-damage|p1a: Onyx|190\/386|[from] Stealth Rock
|move|p2a: Skarmory|Defog|p1a: Onyx
|-unboost|p1a: Onyx|evasion|1
|-sideend|p1: FelixE|Stealth Rock|[from] move: Defog|[of] p1a: Onyx
|-sideend|p2: Republican Obama|Stealth Rock|[from] move: Defog|[of] p2a: Skarmory
|
|turn|14
|
|switch|p2a: Charizard|Charizard, F, shiny|39\/307
|-formechange|p2a: Charizard|Charizard-Mega-X
|move|p1a: Onyx|Stealth Rock|p2a: Charizard
|-sidestart|p2: Republican Obama|move: Stealth Rock
|
|turn|15
|
|move|p2a: Charizard|Roost|p2a: Charizard
|-heal|p2a: Charizard|193\/307
|move|p1a: Onyx|Dragon Pulse|p2a: Charizard
|-supereffective|p2a: Charizard
|-damage|p2a: Charizard|0 fnt
|faint|p2a: Charizard
|
|chat|Republican Obama|the playssss
|chat|Republican Obama|what???!?!!!
|chat|FelixE|what plays?
|chat|Republican Obama|nobody
|chat|Republican Obama|runs
|chat|Republican Obama|dragon 
|chat|Republican Obama|pulse
|chat|Republican Obama|heatran
|
|switch|p2a: Deoxys-Speed|Deoxys-Speed|241\/241
|-damage|p2a: Deoxys-Speed|211\/241|[from] Stealth Rock
|-ability|p2a: Deoxys-Speed|Pressure
|turn|16
|chat|FelixE|i 
|chat|FelixE|do
|
|move|p2a: Deoxys-Speed|Superpower|p1a: Onyx
|-supereffective|p1a: Onyx
|-damage|p1a: Onyx|0 fnt
|-unboost|p2a: Deoxys-Speed|atk|1
|-unboost|p2a: Deoxys-Speed|def|1
|-damage|p2a: Deoxys-Speed|187\/241|[from] item: Life Orb
|faint|p1a: Onyx
|
|
|switch|p1a: Shady|Landorus-Therian, M|382\/382
|-ability|p1a: Shady|Intimidate|[of] p2a: Deoxys-Speed
|-unboost|p2a: Deoxys-Speed|atk|1
|turn|17
|
|move|p2a: Deoxys-Speed|Ice Beam|p1a: Shady
|-supereffective|p1a: Shady
|-damage|p1a: Shady|117\/382
|-damage|p2a: Deoxys-Speed|163\/241|[from] item: Life Orb
|move|p1a: Shady|Knock Off|p2a: Deoxys-Speed
|-supereffective|p2a: Deoxys-Speed
|-damage|p2a: Deoxys-Speed|0 fnt
|faint|p2a: Deoxys-Speed
|
|
|switch|p2a: Terrakion|Terrakion, shiny|323\/323
|-damage|p2a: Terrakion|303\/323|[from] Stealth Rock
|turn|18
|
|switch|p1a: Gamma|Cresselia, F|360\/432
|move|p2a: Terrakion|Stone Edge|p1a: Gamma|[miss]
|-miss|p2a: Terrakion|p1a: Gamma
|
|-heal|p1a: Gamma|387\/432|[from] item: Leftovers
|turn|19
|chat|Republican Obama|nooooi
|
|switch|p2a: Mandibuzz|Mandibuzz, F, shiny|206\/379
|-damage|p2a: Mandibuzz|112\/379|[from] Stealth Rock
|move|p1a: Gamma|Thunder Wave|p2a: Mandibuzz
|-status|p2a: Mandibuzz|par
|
|-heal|p1a: Gamma|414\/432|[from] item: Leftovers
|-heal|p2a: Mandibuzz|135\/379 par|[from] item: Leftovers
|turn|20
|
|switch|p1a: Dynamo|Rotom-Wash|12\/262
|switch|p2a: Skarmory|Skarmory, M|271\/271
|-damage|p2a: Skarmory|238\/271|[from] Stealth Rock
|
|-heal|p2a: Skarmory|254\/271|[from] item: Leftovers
|turn|21
|
|switch|p2a: Blissey|Blissey, F, shiny|652\/652
|-damage|p2a: Blissey|571\/652|[from] Stealth Rock
|move|p1a: Dynamo|Volt Switch|p2a: Blissey
|-damage|p2a: Blissey|477\/652
|
|switch|p1a: Gamma|Cresselia, F|414\/432
|
|-heal|p1a: Gamma|432\/432|[from] item: Leftovers
|-heal|p2a: Blissey|517\/652|[from] item: Leftovers
|turn|22
|
|switch|p1a: Bulbapedia|Venusaur, F|364\/364
|-formechange|p1a: Bulbapedia|Venusaur-Mega
|move|p2a: Blissey|Heal Bell|p2a: Blissey
|-cureteam|p2a: Blissey|[from] move: HealBell
|
|-heal|p2a: Blissey|557\/652|[from] item: Leftovers
|turn|23
|
|switch|p2a: Skarmory|Skarmory, M|254\/271
|-damage|p2a: Skarmory|221\/271|[from] Stealth Rock
|move|p1a: Bulbapedia|Leech Seed|p2a: Skarmory
|-start|p2a: Skarmory|move: Leech Seed
|
|-heal|p2a: Skarmory|237\/271|[from] item: Leftovers
|-damage|p2a: Skarmory|204\/271|[from] Leech Seed|[of] p1a: Bulbapedia
|turn|24
|
|move|p2a: Skarmory|Defog|p1a: Bulbapedia
|-unboost|p1a: Bulbapedia|evasion|1
|-sideend|p2: Republican Obama|Stealth Rock|[from] move: Defog|[of] p2a: Skarmory
|move|p1a: Bulbapedia|Giga Drain|p2a: Skarmory
|-resisted|p2a: Skarmory
|-damage|p2a: Skarmory|172\/271
|
|-heal|p2a: Skarmory|188\/271|[from] item: Leftovers
|-damage|p2a: Skarmory|155\/271|[from] Leech Seed|[of] p1a: Bulbapedia
|turn|25
|
|move|p2a: Skarmory|Roost|p2a: Skarmory
|-heal|p2a: Skarmory|271\/271
|move|p1a: Bulbapedia|Giga Drain|p2a: Skarmory
|-resisted|p2a: Skarmory
|-damage|p2a: Skarmory|198\/271
|
|-heal|p2a: Skarmory|214\/271|[from] item: Leftovers
|-damage|p2a: Skarmory|181\/271|[from] Leech Seed|[of] p1a: Bulbapedia
|turn|26
|
|move|p2a: Skarmory|Stealth Rock|p1a: Bulbapedia
|-sidestart|p1: FelixE|move: Stealth Rock
|move|p1a: Bulbapedia|Giga Drain|p2a: Skarmory
|-resisted|p2a: Skarmory
|-damage|p2a: Skarmory|149\/271
|
|-heal|p2a: Skarmory|165\/271|[from] item: Leftovers
|-damage|p2a: Skarmory|132\/271|[from] Leech Seed|[of] p1a: Bulbapedia
|turn|27
|
|switch|p1a: Dynamo|Rotom-Wash|12\/262
|-damage|p1a: Dynamo|0 fnt|[from] Stealth Rock
|faint|p1a: Dynamo
|move|p2a: Skarmory|Brave Bird|p1: Dynamo|[notarget]
|-notarget
|
|-heal|p2a: Skarmory|148\/271|[from] item: Leftovers
|
|switch|p1a: Gamma|Cresselia, F|432\/432
|-damage|p1a: Gamma|378\/432|[from] Stealth Rock
|turn|28
|
|switch|p2a: Blissey|Blissey, F, shiny|557\/652
|move|p1a: Gamma|Thunder Wave|p2a: Blissey
|-status|p2a: Blissey|par
|
|-heal|p1a: Gamma|405\/432|[from] item: Leftovers
|-heal|p2a: Blissey|597\/652 par|[from] item: Leftovers
|turn|29
|chat|Republican Obama|twave cress
|chat|Republican Obama|dragon pulse heatran
|chat|Republican Obama|I've seen it all
|
|move|p1a: Gamma|Psyshock|p2a: Blissey
|-crit|p2a: Blissey
|-damage|p2a: Blissey|345\/652 par
|move|p2a: Blissey|Wish|p2a: Blissey
|
|-heal|p1a: Gamma|432\/432|[from] item: Leftovers
|-heal|p2a: Blissey|385\/652 par|[from] item: Leftovers
|turn|30
|
|switch|p1a: Shady|Landorus-Therian, M|117\/382
|-damage|p1a: Shady|70\/382|[from] Stealth Rock
|-ability|p1a: Shady|Intimidate|[of] p2a: Blissey
|-unboost|p2a: Blissey|atk|1
|switch|p2a: Mandibuzz|Mandibuzz, F, shiny|135\/379
|
|-heal|p2a: Mandibuzz|379\/379|[from] move: Wish|[wisher] Blissey
|turn|31
|
|move|p2a: Mandibuzz|Foul Play|p1a: Shady
|-damage|p1a: Shady|0 fnt
|faint|p1a: Shady
|
|
|switch|p1a: Queen B|Blissey, F|669\/714
|-damage|p1a: Queen B|580\/714|[from] Stealth Rock
|turn|32
|
|move|p2a: Mandibuzz|Taunt|p1a: Queen B
|-start|p1a: Queen B|move: Taunt
|cant|p1a: Queen B|move: Taunt|Toxic
|
|-heal|p1a: Queen B|624\/714|[from] item: Leftovers
|turn|33
|
|switch|p1a: Bulbapedia|Venusaur, F|364\/364
|-formechange|p1a: Bulbapedia|Venusaur-Mega
|-damage|p1a: Bulbapedia|319\/364|[from] Stealth Rock
|move|p2a: Mandibuzz|Toxic|p1a: Bulbapedia
|-fail|p1a: Bulbapedia
|
|turn|34
|
|move|p2a: Mandibuzz|Taunt|p1a: Bulbapedia
|-start|p1a: Bulbapedia|move: Taunt
|move|p1a: Bulbapedia|Giga Drain|p2a: Mandibuzz
|-resisted|p2a: Mandibuzz
|-damage|p2a: Mandibuzz|325\/379
|-heal|p1a: Bulbapedia|346\/364|[from] drain|[of] p2a: Mandibuzz
|
|-heal|p2a: Mandibuzz|348\/379|[from] item: Leftovers
|turn|35
|
|move|p2a: Mandibuzz|Foul Play|p1a: Bulbapedia
|-damage|p1a: Bulbapedia|213\/364
|move|p1a: Bulbapedia|Sludge Bomb|p2a: Mandibuzz
|-damage|p2a: Mandibuzz|215\/379
|
|-heal|p2a: Mandibuzz|238\/379|[from] item: Leftovers
|turn|36
|
|switch|p1a: Queen B|Blissey, F|624\/714
|-damage|p1a: Queen B|535\/714|[from] Stealth Rock
|move|p2a: Mandibuzz|Foul Play|p1a: Queen B
|-damage|p1a: Queen B|495\/714
|
|-heal|p2a: Mandibuzz|261\/379|[from] item: Leftovers
|-heal|p1a: Queen B|539\/714|[from] item: Leftovers
|turn|37
|
|move|p2a: Mandibuzz|Taunt|p1a: Queen B
|-start|p1a: Queen B|move: Taunt
|move|p1a: Queen B|Seismic Toss|p2a: Mandibuzz
|-damage|p2a: Mandibuzz|161\/379
|
|-heal|p2a: Mandibuzz|184\/379|[from] item: Leftovers
|-heal|p1a: Queen B|583\/714|[from] item: Leftovers
|turn|38
|
|move|p2a: Mandibuzz|Taunt|p1a: Queen B
|-fail|p1a: Queen B
|move|p1a: Queen B|Seismic Toss|p2a: Mandibuzz
|-damage|p2a: Mandibuzz|84\/379
|
|-heal|p2a: Mandibuzz|107\/379|[from] item: Leftovers
|-heal|p1a: Queen B|627\/714|[from] item: Leftovers
|turn|39
|
|switch|p1a: Gamma|Cresselia, F|432\/432
|-damage|p1a: Gamma|378\/432|[from] Stealth Rock
|move|p2a: Mandibuzz|Roost|p2a: Mandibuzz
|-heal|p2a: Mandibuzz|297\/379
|
|-heal|p2a: Mandibuzz|320\/379|[from] item: Leftovers
|-heal|p1a: Gamma|405\/432|[from] item: Leftovers
|turn|40
|
|move|p2a: Mandibuzz|Taunt|p1a: Gamma
|-start|p1a: Gamma|move: Taunt
|cant|p1a: Gamma|move: Taunt|Thunder Wave
|
|-heal|p2a: Mandibuzz|343\/379|[from] item: Leftovers
|-heal|p1a: Gamma|432\/432|[from] item: Leftovers
|turn|41
|
|move|p2a: Mandibuzz|Foul Play|p1a: Gamma
|-crit|p1a: Gamma
|-supereffective|p1a: Gamma
|-damage|p1a: Gamma|268\/432
|move|p1a: Gamma|Ice Beam|p2a: Mandibuzz
|-supereffective|p2a: Mandibuzz
|-damage|p2a: Mandibuzz|209\/379
|-status|p2a: Mandibuzz|frz
|
|-heal|p2a: Mandibuzz|232\/379 frz|[from] item: Leftovers
|-heal|p1a: Gamma|295\/432|[from] item: Leftovers
|turn|42
|chat|Republican Obama|OMFG
|
|switch|p2a: Blissey|Blissey, F, shiny|385\/652
|move|p1a: Gamma|Ice Beam|p2a: Blissey
|-crit|p2a: Blissey
|-damage|p2a: Blissey|313\/652
|
|-heal|p1a: Gamma|322\/432|[from] item: Leftovers
|-heal|p2a: Blissey|353\/652|[from] item: Leftovers
|-end|p1a: Gamma|move: Taunt
|turn|43
|chat|Republican Obama|i shut down ur team
|
|move|p1a: Gamma|Psyshock|p2a: Blissey
|-damage|p2a: Blissey|175\/652
|move|p2a: Blissey|Heal Bell|p2a: Blissey
|-cureteam|p2a: Blissey|[from] move: HealBell
|
|-heal|p1a: Gamma|349\/432|[from] item: Leftovers
|-heal|p2a: Blissey|215\/652|[from] item: Leftovers
|turn|44
|
|move|p2a: Blissey|Protect|p2a: Blissey
|-singleturn|p2a: Blissey|Protect
|move|p1a: Gamma|Thunder Wave|p2a: Blissey
|-activate|p2a: Blissey|Protect
|
|-heal|p1a: Gamma|376\/432|[from] item: Leftovers
|-heal|p2a: Blissey|255\/652|[from] item: Leftovers
|turn|45
|
|move|p1a: Gamma|Thunder Wave|p2a: Blissey
|-status|p2a: Blissey|par
|cant|p2a: Blissey|par
|
|-heal|p1a: Gamma|403\/432|[from] item: Leftovers
|-heal|p2a: Blissey|295\/652 par|[from] item: Leftovers
|turn|46
|
|move|p1a: Gamma|Psyshock|p2a: Blissey
|-damage|p2a: Blissey|118\/652 par
|move|p2a: Blissey|Wish|p2a: Blissey
|
|-heal|p1a: Gamma|430\/432|[from] item: Leftovers
|-heal|p2a: Blissey|158\/652 par|[from] item: Leftovers
|turn|47
|
|switch|p2a: Mandibuzz|Mandibuzz, F, shiny|232\/379
|move|p1a: Gamma|Psyshock|p2a: Mandibuzz
|-immune|p2a: Mandibuzz|[msg]
|
|-heal|p2a: Mandibuzz|379\/379|[from] move: Wish|[wisher] Blissey
|-heal|p1a: Gamma|432\/432|[from] item: Leftovers
|turn|48
|
|move|p2a: Mandibuzz|Toxic|p1a: Gamma
|-status|p1a: Gamma|tox
|move|p1a: Gamma|Ice Beam|p2a: Mandibuzz
|-supereffective|p2a: Mandibuzz
|-damage|p2a: Mandibuzz|241\/379
|
|-heal|p2a: Mandibuzz|264\/379|[from] item: Leftovers
|-damage|p1a: Gamma|405\/432 tox|[from] psn
|turn|49
|
|switch|p1a: Queen B|Blissey, F|627\/714
|-damage|p1a: Queen B|538\/714|[from] Stealth Rock
|move|p2a: Mandibuzz|Foul Play|p1a: Queen B
|-damage|p1a: Queen B|496\/714
|
|-heal|p2a: Mandibuzz|287\/379|[from] item: Leftovers
|-heal|p1a: Queen B|540\/714|[from] item: Leftovers
|turn|50
|
|move|p2a: Mandibuzz|Taunt|p1a: Queen B
|-start|p1a: Queen B|move: Taunt
|move|p1a: Queen B|Seismic Toss|p2a: Mandibuzz
|-damage|p2a: Mandibuzz|187\/379
|
|-heal|p2a: Mandibuzz|210\/379|[from] item: Leftovers
|-heal|p1a: Queen B|584\/714|[from] item: Leftovers
|turn|51
|
|move|p2a: Mandibuzz|Toxic|p1a: Queen B
|-status|p1a: Queen B|tox
|move|p1a: Queen B|Seismic Toss|p2a: Mandibuzz
|-damage|p2a: Mandibuzz|110\/379
|
|-heal|p2a: Mandibuzz|133\/379|[from] item: Leftovers
|-heal|p1a: Queen B|628\/714 tox|[from] item: Leftovers
|-damage|p1a: Queen B|584\/714 tox|[from] psn
|turn|52
|
|move|p2a: Mandibuzz|Roost|p2a: Mandibuzz
|-heal|p2a: Mandibuzz|323\/379
|move|p1a: Queen B|Seismic Toss|p2a: Mandibuzz
|-damage|p2a: Mandibuzz|223\/379
|
|-heal|p2a: Mandibuzz|246\/379|[from] item: Leftovers
|-heal|p1a: Queen B|628\/714 tox|[from] item: Leftovers
|-damage|p1a: Queen B|540\/714 tox|[from] psn
|-end|p1a: Queen B|move: Taunt
|turn|53
|
|move|p2a: Mandibuzz|Taunt|p1a: Queen B
|-start|p1a: Queen B|move: Taunt
|cant|p1a: Queen B|move: Taunt|Wish
|
|-heal|p2a: Mandibuzz|269\/379|[from] item: Leftovers
|-heal|p1a: Queen B|584\/714 tox|[from] item: Leftovers
|-damage|p1a: Queen B|452\/714 tox|[from] psn
|turn|54
|join|Minh Hieu
|
|switch|p1a: Bulbapedia|Venusaur, F|213\/364
|-formechange|p1a: Bulbapedia|Venusaur-Mega
|-damage|p1a: Bulbapedia|168\/364|[from] Stealth Rock
|move|p2a: Mandibuzz|Foul Play|p1a: Bulbapedia
|-damage|p1a: Bulbapedia|33\/364
|
|-heal|p2a: Mandibuzz|292\/379|[from] item: Leftovers
|turn|55
|join|TheDarknessKid
|
|move|p2a: Mandibuzz|Foul Play|p1a: Bulbapedia
|-crit|p1a: Bulbapedia
|-damage|p1a: Bulbapedia|0 fnt
|faint|p1a: Bulbapedia
|
|-heal|p2a: Mandibuzz|315\/379|[from] item: Leftovers
|-message|FelixE forfeited.
|
|win|Republican Obama
|raw|Ladder updating...
|raw|FelixE's rating: 1458 &rarr; <strong>1441<\/strong><br \/>(-17 for losing)
|raw|Republican Obama's rating: 1503 &rarr; <strong>1521<\/strong><br \/>(+18 for winning)
|chat|TheDarknessKid|shiny mandibuzz
|chat|TheDarknessKid|?
|chat|Republican Obama|lol
|chat|Republican Obama|yes
|leave|Minh Hieu
|chat|TheDarknessKid|xD
|chat|Republican Obama|looks like an ugly hooker