|join|teo13
|join|FelixE
|player|p1|teo13|102
|player|p2|FelixE|1
|gametype|singles
|gen|6
|tier|OU
|rated
|clearpoke
|poke|p1|Thundurus, M
|poke|p1|Landorus-Therian, M
|poke|p1|Bisharp, F
|poke|p1|Venusaur, F
|poke|p1|Conkeldurr, M
|poke|p1|Kyurem-Black
|poke|p2|Garchomp, F
|poke|p2|Blissey, F
|poke|p2|Gengar, M
|poke|p2|Ferrothorn, F
|poke|p2|Rotom-Wash
|poke|p2|Heatran, F
|rule|Sleep Clause Mod: Limit one foe put to sleep
|rule|Species Clause: Limit one of each Pokemon
|rule|OHKO Clause: OHKO moves are banned
|rule|Moody Clause: Moody is banned
|rule|Evasion Moves Clause: Evasion moves are banned
|rule|Endless Battle Clause: Forcing endless battles is banned.
|rule|HP Percentage Mod: HP is reported as percentages
|teampreview
|
|start
|switch|p1a: Conkeldurr|Conkeldurr, M|414\/414
|switch|p2a: Rotom-Wash|Rotom-Wash|262\/262
|turn|1
|
|move|p2a: Rotom-Wash|Trick|p1a: Conkeldurr
|-activate|p2a: Rotom-Wash|move: Trick|[of] p1a: Conkeldurr
|-item|p1a: Conkeldurr|Choice Scarf|[from] move: Trick
|-item|p2a: Rotom-Wash|Assault Vest|[from] move: Trick
|move|p1a: Conkeldurr|Drain Punch|p2a: Rotom-Wash
|-damage|p2a: Rotom-Wash|124\/262
|
|turn|2
|
|switch|p2a: Gengar|Gengar, M|262\/262
|switch|p1a: Bisharp|Bisharp, F|272\/272
|
|turn|3
|
|switch|p2a: Garchomp|Garchomp, F|420\/420
|move|p1a: Bisharp|Knock Off|p2a: Garchomp
|-damage|p2a: Garchomp|260\/420
|-damage|p1a: Bisharp|245\/272|[from] item: Life Orb
|
|turn|4
|
|switch|p1a: Landorus-Therian|Landorus-Therian, M|382\/382
|-ability|p1a: Landorus-Therian|Intimidate|[of] p2a: Garchomp
|-unboost|p2a: Garchomp|atk|1
|-formechange|p2a: Garchomp|Garchomp-Mega
|message|Garchomp has Mega Evolved into Mega Garchomp!
|move|p2a: Garchomp|Earthquake|p1a: Landorus-Therian
|-immune|p1a: Landorus-Therian|[msg]
|
|turn|5
|
|switch|p2a: Ferrothorn|Ferrothorn, F|352\/352
|move|p1a: Landorus-Therian|Stealth Rock|p2a: Ferrothorn
|-sidestart|p2: FelixE|move: Stealth Rock
|
|turn|6
|
|switch|p1a: Bisharp|Bisharp, F|245\/272
|move|p2a: Ferrothorn|Stealth Rock|p1a: Bisharp
|-sidestart|p1: teo13|move: Stealth Rock
|
|turn|7
|
|move|p1a: Bisharp|Swords Dance|p1a: Bisharp
|-boost|p1a: Bisharp|atk|2
|move|p2a: Ferrothorn|Leech Seed|p1a: Bisharp
|-start|p1a: Bisharp|move: Leech Seed
|
|-damage|p1a: Bisharp|211\/272|[from] Leech Seed|[of] p2a: Ferrothorn
|turn|8
|
|move|p1a: Bisharp|Swords Dance|p1a: Bisharp
|-boost|p1a: Bisharp|atk|2
|move|p2a: Ferrothorn|Gyro Ball|p1a: Bisharp
|-resisted|p1a: Bisharp
|-damage|p1a: Bisharp|123\/272
|
|-damage|p1a: Bisharp|89\/272|[from] Leech Seed|[of] p2a: Ferrothorn
|turn|9
|
|move|p2a: Ferrothorn|Protect|p2a: Ferrothorn
|-singleturn|p2a: Ferrothorn|Protect
|move|p1a: Bisharp|Knock Off|p2a: Ferrothorn
|-activate|p2a: Ferrothorn|Protect
|
|-damage|p1a: Bisharp|55\/272|[from] Leech Seed|[of] p2a: Ferrothorn
|turn|10
|
|move|p2a: Ferrothorn|Protect|p2a: Ferrothorn
|-fail|p2a: Ferrothorn
|move|p1a: Bisharp|Knock Off|p2a: Ferrothorn
|-damage|p2a: Ferrothorn|0 fnt
|-damage|p1a: Bisharp|21\/272|[from] ability: Iron Barbs|[of] p2a: Ferrothorn
|-damage|p1a: Bisharp|0 fnt|[from] item: Life Orb
|faint|p2a: Ferrothorn
|faint|p1a: Bisharp
|
|
|switch|p1a: Thundurus|Thundurus, M|300\/300
|-damage|p1a: Thundurus|225\/300|[from] Stealth Rock
|switch|p2a: Garchomp|Garchomp, F|260\/420
|-formechange|p2a: Garchomp|Garchomp-Mega
|-damage|p2a: Garchomp|234\/420|[from] Stealth Rock
|turn|11
|
|switch|p2a: Blissey|Blissey, F|714\/714
|-damage|p2a: Blissey|625\/714|[from] Stealth Rock
|move|p1a: Thundurus|Hidden Power|p2a: Blissey
|-damage|p2a: Blissey|560\/714
|-damage|p1a: Thundurus|195\/300|[from] item: Life Orb
|
|-heal|p2a: Blissey|604\/714|[from] item: Leftovers
|turn|12
|
|move|p1a: Thundurus|Taunt|p2a: Blissey
|-start|p2a: Blissey|move: Taunt
|cant|p2a: Blissey|move: Taunt|Wish
|
|-heal|p2a: Blissey|648\/714|[from] item: Leftovers
|turn|13
|
|switch|p1a: Conkeldurr|Conkeldurr, M|414\/414
|-damage|p1a: Conkeldurr|389\/414|[from] Stealth Rock
|move|p2a: Blissey|Seismic Toss|p1a: Conkeldurr
|-damage|p1a: Conkeldurr|289\/414
|
|-heal|p2a: Blissey|692\/714|[from] item: Leftovers
|turn|14
|
|switch|p2a: Garchomp|Garchomp, F|234\/420
|-formechange|p2a: Garchomp|Garchomp-Mega
|-damage|p2a: Garchomp|208\/420|[from] Stealth Rock
|move|p1a: Conkeldurr|Fire Punch|p2a: Garchomp
|-resisted|p2a: Garchomp
|-damage|p2a: Garchomp|165\/420
|
|turn|15
|
|switch|p1a: Landorus-Therian|Landorus-Therian, M|382\/382
|-damage|p1a: Landorus-Therian|335\/382|[from] Stealth Rock
|-ability|p1a: Landorus-Therian|Intimidate|[of] p2a: Garchomp
|-unboost|p2a: Garchomp|atk|1
|move|p2a: Garchomp|Dragon Claw|p1a: Landorus-Therian
|-damage|p1a: Landorus-Therian|187\/382
|
|-heal|p1a: Landorus-Therian|210\/382|[from] item: Leftovers
|turn|16
|
|switch|p2a: Gengar|Gengar, M|262\/262
|-damage|p2a: Gengar|230\/262|[from] Stealth Rock
|move|p1a: Landorus-Therian|Earthquake|p2a: Gengar
|-immune|p2a: Gengar|[msg]
|
|-heal|p1a: Landorus-Therian|233\/382|[from] item: Leftovers
|turn|17
|
|move|p2a: Gengar|Shadow Ball|p1a: Landorus-Therian
|-damage|p1a: Landorus-Therian|61\/382
|move|p1a: Landorus-Therian|Stone Edge|p2a: Gengar|[miss]
|-miss|p1a: Landorus-Therian|p2a: Gengar
|
|-heal|p1a: Landorus-Therian|84\/382|[from] item: Leftovers
|turn|18
|
|move|p2a: Gengar|Shadow Ball|p1a: Landorus-Therian
|-damage|p1a: Landorus-Therian|0 fnt
|faint|p1a: Landorus-Therian
|
|
|switch|p1a: Venusaur|Venusaur, F|364\/364
|-damage|p1a: Venusaur|319\/364|[from] Stealth Rock
|turn|19
|
|switch|p2a: Heatran|Heatran, F|344\/344
|-damage|p2a: Heatran|301\/344|[from] Stealth Rock
|-item|p2a: Heatran|Air Balloon
|-formechange|p1a: Venusaur|Venusaur-Mega
|message|Venusaur has Mega Evolved into Mega Venusaur!
|move|p1a: Venusaur|Leech Seed|p2a: Heatran
|-start|p2a: Heatran|move: Leech Seed
|
|-damage|p2a: Heatran|258\/344|[from] Leech Seed|[of] p1a: Venusaur
|-heal|p1a: Venusaur|362\/364|[silent]
|turn|20
|
|move|p1a: Venusaur|Giga Drain|p2a: Heatran
|-resisted|p2a: Heatran
|-damage|p2a: Heatran|236\/344
|-heal|p1a: Venusaur|364\/364|[from] drain|[of] p2a: Heatran
|-enditem|p2a: Heatran|Air Balloon
|move|p2a: Heatran|Eruption|p1a: Venusaur
|-supereffective|p1a: Venusaur
|-damage|p1a: Venusaur|256\/364
|
|-damage|p2a: Heatran|193\/344|[from] Leech Seed|[of] p1a: Venusaur
|-heal|p1a: Venusaur|299\/364|[silent]
|turn|21
|
|switch|p2a: Blissey|Blissey, F|692\/714
|-damage|p2a: Blissey|603\/714|[from] Stealth Rock
|move|p1a: Venusaur|Giga Drain|p2a: Blissey
|-damage|p2a: Blissey|525\/714
|-heal|p1a: Venusaur|338\/364|[from] drain|[of] p2a: Blissey
|
|-heal|p2a: Blissey|569\/714|[from] item: Leftovers
|turn|22
|
|move|p1a: Venusaur|Leech Seed|p2a: Blissey|[miss]
|-miss|p1a: Venusaur|p2a: Blissey
|move|p2a: Blissey|Wish|p2a: Blissey
|
|-heal|p2a: Blissey|613\/714|[from] item: Leftovers
|turn|23
|
|switch|p2a: Rotom-Wash|Rotom-Wash|124\/262
|-damage|p2a: Rotom-Wash|92\/262|[from] Stealth Rock
|move|p1a: Venusaur|Giga Drain|p2a: Rotom-Wash
|-supereffective|p2a: Rotom-Wash
|-damage|p2a: Rotom-Wash|0 fnt
|-heal|p1a: Venusaur|364\/364|[from] drain|[of] p2a: Rotom-Wash
|faint|p2a: Rotom-Wash
|
|
|switch|p2a: Garchomp|Garchomp, F|165\/420
|-formechange|p2a: Garchomp|Garchomp-Mega
|-damage|p2a: Garchomp|139\/420|[from] Stealth Rock
|turn|24
|
|move|p2a: Garchomp|Fire Fang|p1a: Venusaur
|-supereffective|p1a: Venusaur
|-damage|p1a: Venusaur|280\/364
|move|p1a: Venusaur|Leech Seed|p2a: Garchomp
|-start|p2a: Garchomp|move: Leech Seed
|
|-damage|p2a: Garchomp|87\/420|[from] Leech Seed|[of] p1a: Venusaur
|-heal|p1a: Venusaur|332\/364|[silent]
|turn|25
|
|switch|p2a: Gengar|Gengar, M|230\/262
|-damage|p2a: Gengar|198\/262|[from] Stealth Rock
|move|p1a: Venusaur|Giga Drain|p2a: Gengar
|-crit|p2a: Gengar
|-resisted|p2a: Gengar
|-damage|p2a: Gengar|100\/262
|-heal|p1a: Venusaur|364\/364|[from] drain|[of] p2a: Gengar
|
|turn|26
|
|move|p2a: Gengar|Destiny Bond|p2a: Gengar
|-singlemove|p2a: Gengar|Destiny Bond
|move|p1a: Venusaur|Leech Seed|p2a: Gengar
|-start|p2a: Gengar|move: Leech Seed
|
|-damage|p2a: Gengar|68\/262|[from] Leech Seed|[of] p1a: Venusaur
|turn|27
|
|move|p2a: Gengar|Shadow Ball|p1a: Venusaur
|-damage|p1a: Venusaur|274\/364
|move|p1a: Venusaur|Synthesis|p1a: Venusaur
|-heal|p1a: Venusaur|364\/364
|
|-damage|p2a: Gengar|36\/262|[from] Leech Seed|[of] p1a: Venusaur
|turn|28
|
|switch|p2a: Blissey|Blissey, F|613\/714
|-damage|p2a: Blissey|524\/714|[from] Stealth Rock
|move|p1a: Venusaur|Leech Seed|p2a: Blissey
|-start|p2a: Blissey|move: Leech Seed
|
|-heal|p2a: Blissey|568\/714|[from] item: Leftovers
|-damage|p2a: Blissey|479\/714|[from] Leech Seed|[of] p1a: Venusaur
|turn|29
|
|move|p1a: Venusaur|Sludge Bomb|p2a: Blissey
|-damage|p2a: Blissey|380\/714
|move|p2a: Blissey|Wish|p2a: Blissey
|
|-heal|p2a: Blissey|424\/714|[from] item: Leftovers
|-damage|p2a: Blissey|335\/714|[from] Leech Seed|[of] p1a: Venusaur
|turn|30
|
|move|p2a: Blissey|Protect|p2a: Blissey
|-singleturn|p2a: Blissey|Protect
|move|p1a: Venusaur|Giga Drain|p2a: Blissey
|-activate|p2a: Blissey|Protect
|
|-heal|p2a: Blissey|692\/714|[from] move: Wish|[wisher] Blissey
|-heal|p2a: Blissey|714\/714|[from] item: Leftovers
|-damage|p2a: Blissey|625\/714|[from] Leech Seed|[of] p1a: Venusaur
|turn|31
|
|move|p1a: Venusaur|Sludge Bomb|p2a: Blissey
|-damage|p2a: Blissey|528\/714
|-status|p2a: Blissey|psn
|move|p2a: Blissey|Wish|p2a: Blissey
|
|-heal|p2a: Blissey|572\/714 psn|[from] item: Leftovers
|-damage|p2a: Blissey|483\/714 psn|[from] Leech Seed|[of] p1a: Venusaur
|-damage|p2a: Blissey|394\/714 psn|[from] psn
|turn|32
|
|switch|p2a: Garchomp|Garchomp, F|87\/420
|-formechange|p2a: Garchomp|Garchomp-Mega
|-damage|p2a: Garchomp|61\/420|[from] Stealth Rock
|move|p1a: Venusaur|Giga Drain|p2a: Garchomp
|-damage|p2a: Garchomp|0 fnt
|faint|p2a: Garchomp
|
|
|switch|p2a: Heatran|Heatran, F|193\/344
|-damage|p2a: Heatran|150\/344|[from] Stealth Rock
|turn|33
|
|move|p1a: Venusaur|Leech Seed|p2a: Heatran
|-start|p2a: Heatran|move: Leech Seed
|move|p2a: Heatran|Roar|p1a: Venusaur
|drag|p1a: Thundurus|Thundurus, M|195\/300
|-damage|p1a: Thundurus|120\/300|[from] Stealth Rock
|
|-damage|p2a: Heatran|107\/344|[from] Leech Seed|[of] p1a: Thundurus
|-heal|p1a: Thundurus|163\/300|[silent]
|turn|34
|
|switch|p2a: Blissey|Blissey, F|394\/714
|-damage|p2a: Blissey|305\/714|[from] Stealth Rock
|move|p1a: Thundurus|Thunderbolt|p2a: Blissey
|-damage|p2a: Blissey|161\/714
|-damage|p1a: Thundurus|133\/300|[from] item: Life Orb
|
|-heal|p2a: Blissey|205\/714|[from] item: Leftovers
|turn|35
|
|move|p1a: Thundurus|Taunt|p2a: Blissey
|-start|p2a: Blissey|move: Taunt
|cant|p2a: Blissey|move: Taunt|Wish
|
|-heal|p2a: Blissey|249\/714|[from] item: Leftovers
|turn|36
|
|move|p1a: Thundurus|Thunderbolt|p2a: Blissey
|-damage|p2a: Blissey|97\/714
|-damage|p1a: Thundurus|103\/300|[from] item: Life Orb
|move|p2a: Blissey|Seismic Toss|p1a: Thundurus
|-damage|p1a: Thundurus|3\/300
|
|-heal|p2a: Blissey|141\/714|[from] item: Leftovers
|turn|37
|
|switch|p2a: Heatran|Heatran, F|107\/344
|-damage|p2a: Heatran|64\/344|[from] Stealth Rock
|move|p1a: Thundurus|Thunderbolt|p2a: Heatran
|-damage|p2a: Heatran|0 fnt
|-damage|p1a: Thundurus|0 fnt|[from] item: Life Orb
|faint|p2a: Heatran
|faint|p1a: Thundurus
|
|
|switch|p1a: Venusaur|Venusaur, F|364\/364
|-formechange|p1a: Venusaur|Venusaur-Mega
|-damage|p1a: Venusaur|319\/364|[from] Stealth Rock
|switch|p2a: Blissey|Blissey, F|141\/714
|-damage|p2a: Blissey|52\/714|[from] Stealth Rock
|turn|38
|
|move|p2a: Blissey|Protect|p2a: Blissey
|-singleturn|p2a: Blissey|Protect
|move|p1a: Venusaur|Giga Drain|p2a: Blissey
|-activate|p2a: Blissey|Protect
|
|-heal|p2a: Blissey|96\/714|[from] item: Leftovers
|turn|39
|
|move|p1a: Venusaur|Sludge Bomb|p2a: Blissey
|-damage|p2a: Blissey|0 fnt
|faint|p2a: Blissey
|
|
|switch|p2a: Gengar|Gengar, M|36\/262
|-damage|p2a: Gengar|4\/262|[from] Stealth Rock
|turn|40
|
|move|p2a: Gengar|Shadow Ball|p1a: Venusaur
|-damage|p1a: Venusaur|235\/364
|move|p1a: Venusaur|Giga Drain|p2a: Gengar
|-resisted|p2a: Gengar
|-damage|p2a: Gengar|0 fnt
|-heal|p1a: Venusaur|237\/364|[from] drain|[of] p2a: Gengar
|faint|p2a: Gengar
|
|win|teo13
|raw|Ladder updating...
|raw|teo13's rating: 1508 &rarr; <strong>1524<\/strong><br \/>(+16 for winning)
|raw|FelixE's rating: 1439 &rarr; <strong>1423<\/strong><br \/>(-16 for losing)
|leave|FelixE
|player|p2
|leave|teo13
|player|p1
|join|teo13