|join|kazty
|join|FelixE
|player|p1|kazty|170
|player|p2|FelixE|3
|gametype|singles
|gen|6
|tier|OU
|rated
|clearpoke
|poke|p1|Aegislash, M, shiny
|poke|p1|Greninja, M, shiny
|poke|p1|Talonflame, M
|poke|p1|Hydreigon, M
|poke|p1|Zapdos, shiny
|poke|p1|Charizard, M
|poke|p2|Garchomp, M
|poke|p2|Manaphy
|poke|p2|Scolipede, F
|poke|p2|Mandibuzz, F
|poke|p2|Chansey, F
|poke|p2|Heatran, F, shiny
|rule|Sleep Clause Mod: Limit one foe put to sleep
|rule|Species Clause: Limit one of each Pokemon
|rule|OHKO Clause: OHKO moves are banned
|rule|Moody Clause: Moody is banned
|rule|Evasion Moves Clause: Evasion moves are banned
|rule|Endless Battle Clause: Forcing endless battles is banned.
|rule|HP Percentage Mod: HP is reported as percentages
|teampreview
|
|start
|switch|p1a: greni :D|Greninja, M, shiny|286\/286
|switch|p2a: Chansey|Chansey, F|704\/704
|turn|1
|
|-start|p1a: greni :D|typechange|Fighting|[from] Protean
|move|p1a: greni :D|Power-Up Punch|p2a: Chansey
|-supereffective|p2a: Chansey
|-damage|p2a: Chansey|517\/704
|-boost|p1a: greni :D|atk|1
|-damage|p1a: greni :D|258\/286|[from] item: Life Orb
|move|p2a: Chansey|Seismic Toss|p1a: greni :D
|-damage|p1a: greni :D|158\/286
|
|turn|2
|
|move|p1a: greni :D|Power-Up Punch|p2a: Chansey
|-supereffective|p2a: Chansey
|-damage|p2a: Chansey|197\/704
|-boost|p1a: greni :D|atk|1
|-damage|p1a: greni :D|130\/286|[from] item: Life Orb
|move|p2a: Chansey|Soft-Boiled|p2a: Chansey
|-heal|p2a: Chansey|549\/704
|
|turn|3
|
|switch|p2a: Scolipede|Scolipede, F|324\/324
|move|p1a: greni :D|Power-Up Punch|p2a: Scolipede
|-resisted|p2a: Scolipede
|-damage|p2a: Scolipede|292\/324
|-boost|p1a: greni :D|atk|1
|-damage|p1a: greni :D|102\/286|[from] item: Life Orb
|
|-heal|p2a: Scolipede|312\/324|[from] item: Leftovers
|turn|4
|
|-start|p1a: greni :D|typechange|Rock|[from] Protean
|move|p1a: greni :D|Rock Slide|p2a: Scolipede
|-supereffective|p2a: Scolipede
|-damage|p2a: Scolipede|0 fnt
|-damage|p1a: greni :D|74\/286|[from] item: Life Orb
|faint|p2a: Scolipede
|
|
|switch|p2a: Mandibuzz|Mandibuzz, F|424\/424
|turn|5
|
|move|p1a: greni :D|Rock Slide|p2a: Mandibuzz
|-supereffective|p2a: Mandibuzz
|-damage|p2a: Mandibuzz|0 fnt
|-damage|p1a: greni :D|46\/286|[from] item: Life Orb
|faint|p2a: Mandibuzz
|
|-message|FelixE forfeited.
|
|win|kazty
|raw|Ladder updating...
|raw|kazty's rating: 1391 &rarr; <strong>1409<\/strong><br \/>(+18 for winning)
|raw|FelixE's rating: 1359 &rarr; <strong>1341<\/strong><br \/>(-18 for losing)
|leave|FelixE
|player|p2