|join|h1ghpuzzle
|join|FelixE
|player|p1|h1ghpuzzle|169
|player|p2|FelixE|25
|gametype|singles
|gen|6
|tier|OU
|rated
|clearpoke
|poke|p1|Gliscor, M
|poke|p1|Chansey, F
|poke|p1|Slowbro, M
|poke|p1|Quagsire, M
|poke|p1|Magnezone
|poke|p1|Amoonguss, M
|poke|p2|Clefable, M
|poke|p2|Charizard, M
|poke|p2|Ferrothorn, M
|poke|p2|Rotom-Wash
|poke|p2|Heatran, F
|poke|p2|Ditto
|rule|Swagger Clause: Swagger is banned
|rule|Baton Pass Clause: Limit one PokÃ©mon knowing Baton Pass
|rule|Sleep Clause Mod: Limit one foe put to sleep
|rule|Species Clause: Limit one of each PokÃ©mon
|rule|OHKO Clause: OHKO moves are banned
|rule|Moody Clause: Moody is banned
|rule|Evasion Moves Clause: Evasion moves are banned
|rule|Endless Battle Clause: Forcing endless battles is banned
|rule|HP Percentage Mod: HP is shown in percentages
|teampreview
|
|start
|switch|p1a: Gliscor|Gliscor, M|352\/352
|switch|p2a: Ditto|Ditto|299\/299
|-transform|p2a: Ditto|p1a: Gliscor
|turn|1
|
|switch|p2a: Clefable|Clefable, M|394\/394
|move|p1a: Gliscor|Toxic|p2a: Clefable
|-status|p2a: Clefable|tox
|
|-status|p1a: Gliscor|tox|[from] item: Toxic Orb
|turn|2
|
|switch|p1a: Magnezone|Magnezone|282\/282
|move|p2a: Clefable|Calm Mind|p2a: Clefable
|-boost|p2a: Clefable|spa|1
|-boost|p2a: Clefable|spd|1
|
|turn|3
|
|switch|p2a: Charizard|Charizard, M|360\/360
|move|p1a: Magnezone|Flash Cannon|p2a: Charizard
|-resisted|p2a: Charizard
|-damage|p2a: Charizard|280\/360
|
|turn|4
|
|switch|p1a: Slowbro|Slowbro, M|390\/390
|detailschange|p2a: Charizard|Charizard-Mega-X, M
|message|Charizard has Mega Evolved into Mega Charizard!
|move|p2a: Charizard|Flare Blitz|p1a: Slowbro
|-resisted|p1a: Slowbro
|-damage|p1a: Slowbro|291\/390
|-damage|p2a: Charizard|247\/360|[from] recoil|[of] p1a: Slowbro
|
|-heal|p1a: Slowbro|315\/390|[from] item: Leftovers
|turn|5
|
|move|p2a: Charizard|Dragon Dance|p2a: Charizard
|-boost|p2a: Charizard|atk|1
|-boost|p2a: Charizard|spe|1
|move|p1a: Slowbro|Scald|p2a: Charizard
|-damage|p2a: Charizard|133\/360
|
|-heal|p1a: Slowbro|339\/390|[from] item: Leftovers
|turn|6
|
|switch|p1a: Quagsire|Quagsire, M|394\/394
|move|p2a: Charizard|Roost|p2a: Charizard
|-heal|p2a: Charizard|313\/360
|
|turn|7
|
|move|p2a: Charizard|Dragon Claw|p1a: Quagsire
|-damage|p1a: Quagsire|238\/394
|move|p1a: Quagsire|Toxic|p2a: Charizard|[miss]
|-miss|p1a: Quagsire|p2a: Charizard
|
|-heal|p1a: Quagsire|262\/394|[from] item: Leftovers
|turn|8
|
|move|p2a: Charizard|Dragon Claw|p1a: Quagsire
|-damage|p1a: Quagsire|106\/394
|move|p1a: Quagsire|Recover|p1a: Quagsire
|-heal|p1a: Quagsire|303\/394
|
|-heal|p1a: Quagsire|327\/394|[from] item: Leftovers
|turn|9
|
|switch|p2a: Ferrothorn|Ferrothorn, M|352\/352
|move|p1a: Quagsire|Toxic|p2a: Ferrothorn
|-fail|p2a: Ferrothorn
|
|-heal|p1a: Quagsire|351\/394|[from] item: Leftovers
|turn|10
|
|switch|p1a: Magnezone|Magnezone|282\/282
|move|p2a: Ferrothorn|Stealth Rock|p1a: Magnezone
|-sidestart|p1: h1ghpuzzle|move: Stealth Rock
|
|turn|11
|
|move|p1a: Magnezone|Hidden Power|p2a: Ferrothorn
|-supereffective|p2a: Ferrothorn
|-damage|p2a: Ferrothorn|96\/352
|move|p2a: Ferrothorn|Leech Seed|p1a: Magnezone
|-start|p1a: Magnezone|move: Leech Seed
|
|-heal|p2a: Ferrothorn|118\/352|[from] item: Leftovers
|-damage|p1a: Magnezone|247\/282|[from] Leech Seed|[of] p2a: Ferrothorn
|-heal|p2a: Ferrothorn|153\/352|[silent]
|turn|12
|
|move|p2a: Ferrothorn|Protect|p2a: Ferrothorn
|-singleturn|p2a: Ferrothorn|Protect
|move|p1a: Magnezone|Hidden Power|p2a: Ferrothorn
|-activate|p2a: Ferrothorn|Protect
|
|-heal|p2a: Ferrothorn|175\/352|[from] item: Leftovers
|-damage|p1a: Magnezone|212\/282|[from] Leech Seed|[of] p2a: Ferrothorn
|-heal|p2a: Ferrothorn|210\/352|[silent]
|turn|13
|
|move|p2a: Ferrothorn|Protect|p2a: Ferrothorn
|-fail|p2a: Ferrothorn
|move|p1a: Magnezone|Hidden Power|p2a: Ferrothorn
|-supereffective|p2a: Ferrothorn
|-damage|p2a: Ferrothorn|0 fnt
|faint|p2a: Ferrothorn
|
|
|switch|p2a: Charizard|Charizard-Mega-X, M|313\/360
|turn|14
|
|switch|p1a: Slowbro|Slowbro, M|390\/390
|-damage|p1a: Slowbro|342\/390|[from] Stealth Rock
|move|p2a: Charizard|Dragon Claw|p1a: Slowbro
|-damage|p1a: Slowbro|210\/390
|
|-heal|p1a: Slowbro|234\/390|[from] item: Leftovers
|turn|15
|
|move|p2a: Charizard|Dragon Claw|p1a: Slowbro
|-damage|p1a: Slowbro|99\/390
|move|p1a: Slowbro|Toxic|p2a: Charizard
|-status|p2a: Charizard|tox
|
|-heal|p1a: Slowbro|123\/390|[from] item: Leftovers
|-damage|p2a: Charizard|291\/360 tox|[from] psn
|turn|16
|
|switch|p1a: Gliscor|Gliscor, M|352\/352 tox
|-damage|p1a: Gliscor|308\/352 tox|[from] Stealth Rock
|move|p2a: Charizard|Dragon Claw|p1a: Gliscor
|-damage|p1a: Gliscor|199\/352 tox
|
|-damage|p2a: Charizard|247\/360 tox|[from] psn
|-heal|p1a: Gliscor|243\/352 tox|[from] ability: Poison Heal
|turn|17
|
|switch|p2a: Heatran|Heatran, F|386\/386
|-item|p2a: Heatran|Air Balloon
|move|p1a: Gliscor|Earthquake|p2a: Heatran
|-immune|p2a: Heatran|[msg]
|
|-heal|p1a: Gliscor|287\/352 tox|[from] ability: Poison Heal
|turn|18
|
|move|p1a: Gliscor|Protect|p1a: Gliscor
|-singleturn|p1a: Gliscor|Protect
|move|p2a: Heatran|Roar|p1a: Gliscor
|drag|p1a: Amoonguss|Amoonguss, M|430\/430
|-damage|p1a: Amoonguss|377\/430|[from] Stealth Rock
|
|-heal|p1a: Amoonguss|403\/430|[from] item: Black Sludge
|turn|19
|
|move|p2a: Heatran|Lava Plume|p1a: Amoonguss
|-supereffective|p1a: Amoonguss
|-damage|p1a: Amoonguss|107\/430
|-status|p1a: Amoonguss|brn
|move|p1a: Amoonguss|Spore|p2a: Heatran
|-status|p2a: Heatran|slp
|
|-heal|p1a: Amoonguss|133\/430 brn|[from] item: Black Sludge
|-damage|p1a: Amoonguss|80\/430 brn|[from] brn
|turn|20
|
|switch|p2a: Ditto|Ditto|299\/299
|-transform|p2a: Ditto|p1a: Amoonguss
|switch|p1a: Magnezone|Magnezone|212\/282
|-damage|p1a: Magnezone|195\/282|[from] Stealth Rock
|
|turn|21
|
|move|p1a: Magnezone|Volt Switch|p2a: Ditto
|-resisted|p2a: Ditto
|-damage|p2a: Ditto|224\/299
|
|switch|p1a: Amoonguss|Amoonguss, M|223\/430 brn
|-damage|p1a: Amoonguss|170\/430 brn|[from] Stealth Rock
|move|p2a: Ditto|Spore|p1a: Amoonguss
|-fail|p1a: Amoonguss
|
|-heal|p1a: Amoonguss|196\/430 brn|[from] item: Black Sludge
|-damage|p1a: Amoonguss|143\/430 brn|[from] brn
|turn|22
|
|switch|p2a: Rotom-Wash|Rotom-Wash|302\/302
|switch|p1a: Chansey|Chansey, F|704\/704
|-damage|p1a: Chansey|616\/704|[from] Stealth Rock
|
|turn|23
|
|switch|p2a: Ditto|Ditto|299\/299
|-transform|p2a: Ditto|p1a: Chansey
|move|p1a: Chansey|Stealth Rock|p2a: Ditto
|-sidestart|p2: FelixE|move: Stealth Rock
|
|turn|24
|
|switch|p1a: Gliscor|Gliscor, M|287\/352 tox
|-damage|p1a: Gliscor|243\/352 tox|[from] Stealth Rock
|move|p2a: Ditto|Seismic Toss|p1a: Gliscor
|-damage|p1a: Gliscor|143\/352 tox
|
|-heal|p1a: Gliscor|187\/352 tox|[from] ability: Poison Heal
|turn|25
|
|switch|p2a: Heatran|Heatran, F|386\/386 slp
|-damage|p2a: Heatran|338\/386 slp|[from] Stealth Rock
|-item|p2a: Heatran|Air Balloon
|move|p1a: Gliscor|Toxic|p2a: Heatran
|-fail|p2a: Heatran
|
|-heal|p1a: Gliscor|231\/352 tox|[from] ability: Poison Heal
|turn|26
|
|switch|p1a: Magnezone|Magnezone|195\/282
|-damage|p1a: Magnezone|178\/282|[from] Stealth Rock
|cant|p2a: Heatran|slp
|
|turn|27
|
|move|p1a: Magnezone|Volt Switch|p2a: Heatran
|-damage|p2a: Heatran|256\/386 slp
|-enditem|p2a: Heatran|Air Balloon
|
|switch|p1a: Quagsire|Quagsire, M|351\/394
|-damage|p1a: Quagsire|327\/394|[from] Stealth Rock
|cant|p2a: Heatran|slp
|
|-heal|p1a: Quagsire|351\/394|[from] item: Leftovers
|turn|28
|
|switch|p2a: Rotom-Wash|Rotom-Wash|302\/302
|-damage|p2a: Rotom-Wash|265\/302|[from] Stealth Rock
|move|p1a: Quagsire|Earthquake|p2a: Rotom-Wash
|-immune|p2a: Rotom-Wash|[msg]
|
|-heal|p2a: Rotom-Wash|283\/302|[from] item: Leftovers
|-heal|p1a: Quagsire|375\/394|[from] item: Leftovers
|turn|29
|
|move|p2a: Rotom-Wash|Hydro Pump|p1a: Quagsire
|-damage|p1a: Quagsire|197\/394
|move|p1a: Quagsire|Toxic|p2a: Rotom-Wash
|-status|p2a: Rotom-Wash|tox
|
|-heal|p2a: Rotom-Wash|301\/302 tox|[from] item: Leftovers
|-heal|p1a: Quagsire|221\/394|[from] item: Leftovers
|-damage|p2a: Rotom-Wash|283\/302 tox|[from] psn
|turn|30
|
|move|p2a: Rotom-Wash|Hydro Pump|p1a: Quagsire|[miss]
|-miss|p2a: Rotom-Wash|p1a: Quagsire
|move|p1a: Quagsire|Recover|p1a: Quagsire
|-heal|p1a: Quagsire|394\/394
|
|-heal|p2a: Rotom-Wash|301\/302 tox|[from] item: Leftovers
|-damage|p2a: Rotom-Wash|265\/302 tox|[from] psn
|turn|31
|leave|FelixE
|player|p2
|-message|felixe lost due to inactivity.
|
|win|h1ghpuzzle
|raw|Ladder updating...
|raw|h1ghpuzzle's rating: 1713 &rarr; <strong>1728<\/strong><br \/>(+15 for winning)
|raw|FelixE's rating: 1609 &rarr; <strong>1595<\/strong><br \/>(-14 for losing)