|join|DarioVS
|join|FelixE
|player|p1|DarioVS|164
|player|p2|FelixE|25
|gametype|singles
|gen|6
|tier|OU
|rated
|clearpoke
|poke|p1|Greninja, M
|poke|p1|Kyurem-Black
|poke|p1|Smeargle, M
|poke|p1|Latios, M
|poke|p1|Thundurus, M
|poke|p1|Venomoth, F
|poke|p2|Scizor, M
|poke|p2|Azumarill, M
|poke|p2|Mamoswine, M
|poke|p2|Salamence, M
|poke|p2|Gengar, F
|poke|p2|Clefable, F
|rule|Swagger Clause: Swagger is banned
|rule|Baton Pass Clause: Limit one PokÃ©mon knowing Baton Pass
|rule|Sleep Clause Mod: Limit one foe put to sleep
|rule|Species Clause: Limit one of each PokÃ©mon
|rule|OHKO Clause: OHKO moves are banned
|rule|Moody Clause: Moody is banned
|rule|Evasion Moves Clause: Evasion moves are banned
|rule|Endless Battle Clause: Forcing endless battles is banned
|rule|HP Percentage Mod: HP is reported as percentages
|teampreview
|
|start
|switch|p1a: Jeff The Killer|Smeargle, M|314\/314
|switch|p2a: Mamoswine|Mamoswine, M|361\/361
|turn|1
|
|move|p2a: Mamoswine|Ice Shard|p1a: Jeff The Killer
|-damage|p1a: Jeff The Killer|118\/314
|-damage|p2a: Mamoswine|325\/361|[from] item: Life Orb
|move|p1a: Jeff The Killer|Spore|p2a: Mamoswine
|-status|p2a: Mamoswine|slp
|
|turn|2
|
|switch|p2a: Scizor|Scizor, M|339\/339
|move|p1a: Jeff The Killer|Stealth Rock|p2a: Scizor
|-sidestart|p2: FelixE|move: Stealth Rock
|
|turn|3
|
|detailschange|p2a: Scizor|Scizor-Mega, M
|message|Scizor has Mega Evolved into Mega Scizor!
|move|p1a: Jeff The Killer|Memento|p2a: Scizor
|-unboost|p2a: Scizor|atk|2
|-unboost|p2a: Scizor|spa|2
|faint|p1a: Jeff The Killer
|move|p2a: Scizor|Swords Dance|p2a: Scizor
|-boost|p2a: Scizor|atk|2
|
|
|switch|p1a: Jane The Killer|Venomoth, F|282\/282
|turn|4
|
|move|p1a: Jane The Killer|Quiver Dance|p1a: Jane The Killer
|-boost|p1a: Jane The Killer|spa|1
|-boost|p1a: Jane The Killer|spd|1
|-boost|p1a: Jane The Killer|spe|1
|move|p2a: Scizor|U-turn|p1a: Jane The Killer
|-resisted|p1a: Jane The Killer
|-damage|p1a: Jane The Killer|200\/282
|
|switch|p2a: Azumarill|Azumarill, M|395\/395
|-damage|p2a: Azumarill|346\/395|[from] Stealth Rock
|
|turn|5
|
|move|p1a: Jane The Killer|Sludge Bomb|p2a: Azumarill
|-supereffective|p2a: Azumarill
|-damage|p2a: Azumarill|20\/395
|-status|p2a: Azumarill|psn
|move|p2a: Azumarill|Waterfall|p1a: Jane The Killer
|-damage|p1a: Jane The Killer|0 fnt
|faint|p1a: Jane The Killer
|
|-damage|p2a: Azumarill|0 fnt|[from] psn
|faint|p2a: Azumarill
|join|Cheaser
|
|switch|p1a: The Rake|Greninja, M|286\/286
|switch|p2a: Gengar|Gengar, F|261\/261
|-damage|p2a: Gengar|229\/261|[from] Stealth Rock
|turn|6
|
|switch|p2a: Scizor|Scizor-Mega, M|339\/339
|-damage|p2a: Scizor|297\/339|[from] Stealth Rock
|move|p1a: The Rake|Shadow Sneak|p2a: Scizor
|-start|p1a: The Rake|typechange|Ghost|[from] Protean
|-damage|p2a: Scizor|249\/339
|-damage|p1a: The Rake|258\/286|[from] item: Life Orb
|
|turn|7
|
|move|p1a: The Rake|Power-Up Punch|p2a: Scizor
|-start|p1a: The Rake|typechange|Fighting|[from] Protean
|-damage|p2a: Scizor|202\/339
|-boost|p1a: The Rake|atk|1
|-damage|p1a: The Rake|230\/286|[from] item: Life Orb
|move|p2a: Scizor|Swords Dance|p2a: Scizor
|-boost|p2a: Scizor|atk|2
|
|turn|8
|
|move|p2a: Scizor|Bullet Punch|p1a: The Rake
|-damage|p1a: The Rake|0 fnt
|faint|p1a: The Rake
|
|chat|Cheaser|scemo
|
|switch|p1a: ZapZap|Thundurus, M|299\/299
|turn|9
|chat|DarioVS|Volevo usare WS
|chat|Cheaser|dovevi fare water shurike
|chat|DarioVS|MA ho missclickato
|
|move|p2a: Scizor|Bullet Punch|p1a: ZapZap
|-resisted|p1a: ZapZap
|-damage|p1a: ZapZap|143\/299
|move|p1a: ZapZap|Thunderbolt|p2a: Scizor
|-damage|p2a: Scizor|41\/339
|-damage|p1a: ZapZap|114\/299|[from] item: Life Orb
|
|turn|10
|chat|Cheaser|ah
|
|move|p2a: Scizor|Bullet Punch|p1a: ZapZap
|-resisted|p1a: ZapZap
|-damage|p1a: ZapZap|0 fnt
|faint|p1a: ZapZap
|
|
|switch|p1a: Slenderman|Latios, M|302\/302
|turn|11
|chat|Cheaser|oh cazzo
|
|move|p2a: Scizor|Bullet Punch|p1a: Slenderman
|-damage|p1a: Slenderman|58\/302
|move|p1a: Slenderman|Earthquake|p2a: Scizor
|-damage|p2a: Scizor|0 fnt
|-damage|p1a: Slenderman|28\/302|[from] item: Life Orb
|faint|p2a: Scizor
|
|chat|DarioVS|VabbÃ¨ ho perso
|chat|Cheaser|il miss click t'Ã¨ costata la lotta
|
|switch|p2a: Clefable|Clefable, F|387\/387
|turn|12
|join|Fran17
|
|move|p1a: Slenderman|Zen Headbutt|p2a: Clefable
|-damage|p2a: Clefable|238\/387
|-damage|p1a: Slenderman|0 fnt|[from] item: Life Orb
|faint|p1a: Slenderman
|cant|p2a: Clefable|flinch
|
|-heal|p2a: Clefable|262\/387|[from] item: Leftovers
|
|switch|p1a: Magic|Kyurem-Black|454\/454
|-ability|p1a: Magic|Teravolt
|turn|13
|chat|FelixE|gg
|
|move|p1a: Magic|Ice Beam|p2a: Clefable
|-damage|p2a: Clefable|0 fnt
|faint|p2a: Clefable
|
|
|switch|p2a: Gengar|Gengar, F|229\/261
|-damage|p2a: Gengar|197\/261|[from] Stealth Rock
|turn|14
|chat|Cheaser|quanta fretta il ragazzo
|
|move|p2a: Gengar|Focus Blast|p1a: Magic|[miss]
|-miss|p2a: Gengar|p1a: Magic
|move|p1a: Magic|Ice Beam|p2a: Gengar
|-damage|p2a: Gengar|0 fnt
|faint|p2a: Gengar
|
|
|switch|p2a: Mamoswine|Mamoswine, M|325\/361 slp
|-damage|p2a: Mamoswine|280\/361 slp|[from] Stealth Rock
|turn|15
|chat|DarioVS|La faccia
|
|cant|p2a: Mamoswine|slp
|move|p1a: Magic|Ice Beam|p2a: Mamoswine
|-damage|p2a: Mamoswine|0 fnt
|faint|p2a: Mamoswine
|
|
|switch|p2a: Salamence|Salamence, M|356\/356
|-damage|p2a: Salamence|267\/356|[from] Stealth Rock
|-ability|p2a: Salamence|Intimidate|[of] p1a: Magic
|-unboost|p1a: Magic|atk|1
|turn|16
|
|move|p2a: Salamence|Draco Meteor|p1a: Magic
|-supereffective|p1a: Magic
|-damage|p1a: Magic|4\/454
|-unboost|p2a: Salamence|spa|2
|move|p1a: Magic|Ice Beam|p2a: Salamence
|-supereffective|p2a: Salamence
|-damage|p2a: Salamence|0 fnt
|faint|p2a: Salamence
|
|win|DarioVS
|raw|Ladder updating...
|chat|Cheaser|Ahii
|chat|Cheaser|Ahi*
|chat|DarioVS|Dannato Salamence
|raw|DarioVS's rating: 1365 &rarr; <strong>1386<\/strong><br \/>(+21 for winning)
|raw|FelixE's rating: 1380 &rarr; <strong>1359<\/strong><br \/>(-21 for losing)
|leave|FelixE
|player|p2
|chat|DarioVS|La mia faccia
|chat|Cheaser|O
|chat|Cheaser|OH
|chat|Cheaser|CAZZO
|chat|DarioVS|KYUREM-B FTW
|chat|DarioVS|QUESTA ME LA SALVO