|join|thatgoon24
|join|FelixE
|player|p1|thatgoon24|266
|player|p2|FelixE|28
|gametype|singles
|gen|6
|tier|OU
|rated
|clearpoke
|poke|p1|Victini
|poke|p1|Heatran, M
|poke|p1|Slowbro, M
|poke|p1|Landorus-Therian, M
|poke|p1|Skarmory, F
|poke|p1|Kyurem-Black
|poke|p2|Azumarill, M
|poke|p2|Magnezone
|poke|p2|Landorus-Therian, M
|poke|p2|Conkeldurr, M
|poke|p2|Pinsir, M
|poke|p2|Empoleon, M
|rule|Swagger Clause: Swagger is banned
|rule|Baton Pass Clause: Limit one PokÃ©mon knowing Baton Pass
|rule|Sleep Clause Mod: Limit one foe put to sleep
|rule|Species Clause: Limit one of each PokÃ©mon
|rule|OHKO Clause: OHKO moves are banned
|rule|Moody Clause: Moody is banned
|rule|Evasion Moves Clause: Evasion moves are banned
|rule|Endless Battle Clause: Forcing endless battles is banned
|rule|HP Percentage Mod: HP is shown in percentages
|teampreview
|c|âthatgoon24|ter
|
|start
|switch|p1a: Landorus-Therian|Landorus-Therian, M|381\/381
|switch|p2a: Conkeldurr|Conkeldurr, M|365\/365
|-ability|p1a: Landorus-Therian|Intimidate|[of] p2a: Conkeldurr
|-unboost|p2a: Conkeldurr|atk|1
|turn|1
|
|switch|p2a: Landorus-Therian|Landorus-Therian, M|325\/325
|-ability|p2a: Landorus-Therian|Intimidate|[of] p1a: Landorus-Therian
|-unboost|p1a: Landorus-Therian|atk|1
|move|p1a: Landorus-Therian|U-turn|p2a: Landorus-Therian
|-resisted|p2a: Landorus-Therian
|-damage|p2a: Landorus-Therian|298\/325
|
|switch|p1a: Slowbro|Slowbro, M|394\/394
|
|turn|2
|
|move|p2a: Landorus-Therian|U-turn|p1a: Slowbro
|-supereffective|p1a: Slowbro
|-damage|p1a: Slowbro|232\/394
|
|switch|p2a: Empoleon|Empoleon, M|371\/371
|move|p1a: Slowbro|Scald|p2a: Empoleon
|-resisted|p2a: Empoleon
|-damage|p2a: Empoleon|310\/371
|
|-heal|p2a: Empoleon|333\/371|[from] item: Leftovers
|turn|3
|
|move|p2a: Empoleon|Stealth Rock|p1a: Slowbro
|-sidestart|p1: thatgoon24|move: Stealth Rock
|move|p1a: Slowbro|Scald|p2a: Empoleon
|-resisted|p2a: Empoleon
|-damage|p2a: Empoleon|269\/371
|-status|p2a: Empoleon|brn
|
|-heal|p2a: Empoleon|292\/371 brn|[from] item: Leftovers
|-damage|p2a: Empoleon|246\/371 brn|[from] brn
|turn|4
|
|switch|p2a: Magnezone|Magnezone|299\/299
|move|p1a: Slowbro|Scald|p2a: Magnezone
|-damage|p2a: Magnezone|170\/299
|
|turn|5
|
|switch|p2a: Azumarill|Azumarill, M|349\/349
|switch|p1a: Kyurem-Black|Kyurem-Black|454\/454
|-damage|p1a: Kyurem-Black|341\/454|[from] Stealth Rock
|-ability|p1a: Kyurem-Black|Teravolt
|
|turn|6
|
|switch|p2a: Conkeldurr|Conkeldurr, M|365\/365
|move|p1a: Kyurem-Black|Fusion Bolt|p2a: Conkeldurr
|-crit|p2a: Conkeldurr
|-damage|p2a: Conkeldurr|157\/365
|
|turn|7
|
|switch|p1a: Skarmory|Skarmory, F|334\/334
|-damage|p1a: Skarmory|293\/334|[from] Stealth Rock
|switch|p2a: Landorus-Therian|Landorus-Therian, M|298\/325
|-ability|p2a: Landorus-Therian|Intimidate|[of] p1a: Skarmory
|-unboost|p1a: Skarmory|atk|1
|
|-heal|p1a: Skarmory|313\/334|[from] item: Leftovers
|turn|8
|
|move|p2a: Landorus-Therian|U-turn|p1a: Skarmory
|-resisted|p1a: Skarmory
|-damage|p1a: Skarmory|301\/334
|
|switch|p2a: Magnezone|Magnezone|170\/299
|move|p1a: Skarmory|Defog|p2a: Magnezone
|-unboost|p2a: Magnezone|evasion|1
|-sideend|p1: thatgoon24|Stealth Rock|[from] move: Defog|[of] p1a: Skarmory
|
|-heal|p1a: Skarmory|321\/334|[from] item: Leftovers
|turn|9
|
|move|p2a: Magnezone|Thunderbolt|p1a: Skarmory
|-supereffective|p1a: Skarmory
|-damage|p1a: Skarmory|0 fnt
|faint|p1a: Skarmory
|
|
|switch|p1a: Heatran|Heatran, M|386\/386
|turn|10
|
|switch|p2a: Landorus-Therian|Landorus-Therian, M|298\/325
|-ability|p2a: Landorus-Therian|Intimidate|[of] p1a: Heatran
|-unboost|p1a: Heatran|atk|1
|move|p1a: Heatran|Magma Storm|p2a: Landorus-Therian
|-damage|p2a: Landorus-Therian|91\/325
|-activate|p2a: Landorus-Therian|move: Magma Storm|[of] p1a: Heatran
|
|-damage|p2a: Landorus-Therian|51\/325|[from] move: Magma Storm|[partiallytrapped]
|turn|11
|
|move|p1a: Heatran|Protect|p1a: Heatran
|-singleturn|p1a: Heatran|Protect
|move|p2a: Landorus-Therian|Explosion|p1a: Heatran
|-activate|p1a: Heatran|Protect
|faint|p2a: Landorus-Therian
|
|
|switch|p2a: Azumarill|Azumarill, M|349\/349
|turn|12
|
|move|p1a: Heatran|Magma Storm|p2a: Azumarill
|-resisted|p2a: Azumarill
|-damage|p2a: Azumarill|272\/349
|-activate|p2a: Azumarill|move: Magma Storm|[of] p1a: Heatran
|move|p2a: Azumarill|Waterfall|p1a: Heatran
|-crit|p1a: Heatran
|-supereffective|p1a: Heatran
|-damage|p1a: Heatran|0 fnt
|faint|p1a: Heatran
|
|-end|p2a: Azumarill|Magma Storm|[partiallytrapped]
|
|switch|p1a: Victini|Victini|341\/341
|turn|13
|
|switch|p1a: Kyurem-Black|Kyurem-Black|341\/454
|-ability|p1a: Kyurem-Black|Teravolt
|switch|p2a: Magnezone|Magnezone|170\/299
|
|turn|14
|
|move|p2a: Magnezone|Flash Cannon|p1a: Kyurem-Black
|-supereffective|p1a: Kyurem-Black
|-damage|p1a: Kyurem-Black|129\/454
|move|p1a: Kyurem-Black|Earth Power|p2a: Magnezone
|-supereffective|p2a: Magnezone
|-damage|p2a: Magnezone|0 fnt
|faint|p2a: Magnezone
|
|
|switch|p2a: Conkeldurr|Conkeldurr, M|157\/365
|turn|15
|
|switch|p1a: Landorus-Therian|Landorus-Therian, M|381\/381
|-ability|p1a: Landorus-Therian|Intimidate|[of] p2a: Conkeldurr
|-unboost|p2a: Conkeldurr|atk|1
|move|p2a: Conkeldurr|Mach Punch|p1a: Landorus-Therian
|-resisted|p1a: Landorus-Therian
|-damage|p1a: Landorus-Therian|357\/381
|
|-heal|p1a: Landorus-Therian|380\/381|[from] item: Leftovers
|turn|16
|
|switch|p2a: Azumarill|Azumarill, M|272\/349
|move|p1a: Landorus-Therian|Stealth Rock|p2a: Azumarill
|-sidestart|p2: FelixE|move: Stealth Rock
|
|-heal|p1a: Landorus-Therian|381\/381|[from] item: Leftovers
|turn|17
|
|move|p1a: Landorus-Therian|Earthquake|p2a: Azumarill
|-damage|p2a: Azumarill|85\/349
|move|p2a: Azumarill|Waterfall|p1a: Landorus-Therian
|-supereffective|p1a: Landorus-Therian
|-damage|p1a: Landorus-Therian|0 fnt
|faint|p1a: Landorus-Therian
|
|
|switch|p1a: Kyurem-Black|Kyurem-Black|129\/454
|-ability|p1a: Kyurem-Black|Teravolt
|turn|18
|
|switch|p2a: Empoleon|Empoleon, M|246\/371 brn
|-damage|p2a: Empoleon|223\/371 brn|[from] Stealth Rock
|move|p1a: Kyurem-Black|Fusion Bolt|p2a: Empoleon
|-supereffective|p2a: Empoleon
|-damage|p2a: Empoleon|29\/371 brn
|
|-heal|p2a: Empoleon|52\/371 brn|[from] item: Leftovers
|-damage|p2a: Empoleon|6\/371 brn|[from] brn
|turn|19
|
|move|p1a: Kyurem-Black|Fusion Bolt|p2a: Empoleon
|-supereffective|p2a: Empoleon
|-damage|p2a: Empoleon|0 fnt
|faint|p2a: Empoleon
|
|
|switch|p2a: Conkeldurr|Conkeldurr, M|157\/365
|-damage|p2a: Conkeldurr|135\/365|[from] Stealth Rock
|turn|20
|
|switch|p1a: Slowbro|Slowbro, M|363\/394
|move|p2a: Conkeldurr|Mach Punch|p1a: Slowbro
|-resisted|p1a: Slowbro
|-damage|p1a: Slowbro|326\/394
|
|turn|21
|
|move|p2a: Conkeldurr|Knock Off|p1a: Slowbro
|-supereffective|p1a: Slowbro
|-damage|p1a: Slowbro|86\/394
|-enditem|p1a: Slowbro|Assault Vest|[from] move: Knock Off|[of] p2a: Conkeldurr
|move|p1a: Slowbro|Psychic|p2a: Conkeldurr
|-supereffective|p2a: Conkeldurr
|-damage|p2a: Conkeldurr|0 fnt
|faint|p2a: Conkeldurr
|
|
|switch|p2a: Pinsir|Pinsir, M|274\/274
|-damage|p2a: Pinsir|206\/274|[from] Stealth Rock
|turn|22
|
|detailschange|p2a: Pinsir|Pinsir-Mega, M
|message|Pinsir has Mega Evolved into Mega Pinsir!
|move|p2a: Pinsir|Substitute|p2a: Pinsir
|-start|p2a: Pinsir|Substitute
|-damage|p2a: Pinsir|138\/274
|move|p1a: Slowbro|Fire Blast|p2a: Pinsir
|-supereffective|p2a: Pinsir
|-end|p2a: Pinsir|Substitute
|
|turn|23
|
|move|p2a: Pinsir|Return|p1a: Slowbro
|-damage|p1a: Slowbro|0 fnt
|faint|p1a: Slowbro
|
|
|switch|p1a: Victini|Victini|341\/341
|turn|24
|
|move|p2a: Pinsir|Quick Attack|p1a: Victini
|-damage|p1a: Victini|244\/341
|move|p1a: Victini|Bolt Strike|p2a: Pinsir
|-supereffective|p2a: Pinsir
|-damage|p2a: Pinsir|0 fnt
|faint|p2a: Pinsir
|
|
|switch|p2a: Azumarill|Azumarill, M|85\/349
|-damage|p2a: Azumarill|42\/349|[from] Stealth Rock
|turn|25
|
|move|p2a: Azumarill|Aqua Jet|p1a: Victini
|-supereffective|p1a: Victini
|-damage|p1a: Victini|0 fnt
|faint|p1a: Victini
|
|
|switch|p1a: Kyurem-Black|Kyurem-Black|129\/454
|-ability|p1a: Kyurem-Black|Teravolt
|turn|26
|
|move|p2a: Azumarill|Aqua Jet|p1a: Kyurem-Black
|-resisted|p1a: Kyurem-Black
|-damage|p1a: Kyurem-Black|66\/454
|move|p1a: Kyurem-Black|Fusion Bolt|p2a: Azumarill
|-supereffective|p2a: Azumarill
|-damage|p2a: Azumarill|0 fnt
|faint|p2a: Azumarill
|
|win|thatgoon24
|raw|Ladder updating...
|raw|thatgoon24's rating: 1377 &rarr; <strong>1394<\/strong><br \/>(+17 for winning)
|raw|FelixE's rating: 1334 &rarr; <strong>1317<\/strong><br \/>(-17 for losing)
|c|âthatgoon24|gg
|c|âFelixE|gg
|leave|FelixE
|player|p2