|join|FelixE
|join|Udin
|player|p1|FelixE|28
|player|p2|Udin|16
|gametype|singles
|gen|6
|tier|OU
|rated
|clearpoke
|poke|p1|Cresselia, F
|poke|p1|Blissey, F
|poke|p1|Landorus-Therian, M
|poke|p1|Garchomp, M
|poke|p1|Suicune
|poke|p1|Heatran, F
|poke|p2|Mandibuzz, F
|poke|p2|Venusaur, F
|poke|p2|Skarmory, M
|poke|p2|Chansey, F
|poke|p2|Aegislash, F
|poke|p2|Suicune
|rule|Sleep Clause Mod: Limit one foe put to sleep
|rule|Species Clause: Limit one of each Pokemon
|rule|OHKO Clause: OHKO moves are banned
|rule|Moody Clause: Moody is banned
|rule|Evasion Moves Clause: Evasion moves are banned
|rule|Endless Battle Clause: Forcing endless battles is banned.
|rule|HP Percentage Mod: HP is reported as percentages
|teampreview
|
|start
|switch|p1a: Jota|Landorus-Therian, M|320\/320
|switch|p2a: Venusaur|Venusaur, F|364\/364
|-ability|p1a: Jota|Intimidate|[of] p2a: Venusaur
|-unboost|p2a: Venusaur|atk|1
|turn|1
|
|-formechange|p2a: Venusaur|Venusaur-Mega
|message|Venusaur has Mega Evolved into Mega Venusaur!
|move|p1a: Jota|Earthquake|p2a: Venusaur
|-damage|p2a: Venusaur|238\/364
|move|p2a: Venusaur|Leech Seed|p1a: Jota|[miss]
|-miss|p2a: Venusaur|p1a: Jota
|
|turn|2
|
|move|p1a: Jota|Earthquake|p2a: Venusaur
|-damage|p2a: Venusaur|121\/364
|move|p2a: Venusaur|Synthesis|p2a: Venusaur
|-heal|p2a: Venusaur|303\/364
|
|turn|3
|
|switch|p1a: Beta|Blissey, F|714\/714
|switch|p2a: Skarmory|Skarmory, M|334\/334
|
|turn|4
|
|switch|p1a: Sigma|Heatran, F|386\/386
|-item|p1a: Sigma|Air Balloon
|move|p2a: Skarmory|Stealth Rock|p1a: Sigma
|-sidestart|p1: FelixE|move: Stealth Rock
|
|turn|5
|
|switch|p2a: Chansey|Chansey, F|704\/704
|move|p1a: Sigma|Lava Plume|p2a: Chansey
|-damage|p2a: Chansey|617\/704
|-status|p2a: Chansey|brn
|
|-damage|p2a: Chansey|529\/704 brn|[from] brn
|turn|6
|
|switch|p1a: Omega|Garchomp, M|357\/357
|-damage|p1a: Omega|335\/357|[from] Stealth Rock
|move|p2a: Chansey|Heal Bell|p2a: Chansey
|-cureteam|p2a: Chansey|[from] move: HealBell
|
|turn|7
|
|switch|p2a: Skarmory|Skarmory, M|334\/334
|-formechange|p1a: Omega|Garchomp-Mega
|message|Garchomp has Mega Evolved into Mega Garchomp!
|move|p1a: Omega|Stealth Rock|p2a: Skarmory
|-sidestart|p2: Udin|move: Stealth Rock
|
|turn|8
|
|move|p1a: Omega|Flamethrower|p2a: Skarmory
|-supereffective|p2a: Skarmory
|-damage|p2a: Skarmory|116\/334
|move|p2a: Skarmory|Whirlwind|p1a: Omega
|drag|p1a: Sigma|Heatran, F|386\/386
|-damage|p1a: Sigma|338\/386|[from] Stealth Rock
|-item|p1a: Sigma|Air Balloon
|
|turn|9
|
|switch|p2a: Suicune|Suicune|404\/404
|-damage|p2a: Suicune|354\/404|[from] Stealth Rock
|-ability|p2a: Suicune|Pressure
|move|p1a: Sigma|Lava Plume|p2a: Suicune
|-resisted|p2a: Suicune
|-damage|p2a: Suicune|290\/404
|
|-heal|p2a: Suicune|315\/404|[from] item: Leftovers
|turn|10
|
|switch|p1a: Omega|Garchomp, M|335\/357
|-formechange|p1a: Omega|Garchomp-Mega
|-damage|p1a: Omega|313\/357|[from] Stealth Rock
|move|p2a: Suicune|Calm Mind|p2a: Suicune
|-boost|p2a: Suicune|spa|1
|-boost|p2a: Suicune|spd|1
|
|-heal|p2a: Suicune|340\/404|[from] item: Leftovers
|turn|11
|
|move|p2a: Suicune|Scald|p1a: Omega
|-damage|p1a: Omega|204\/357
|move|p1a: Omega|Earthquake|p2a: Suicune
|-damage|p2a: Suicune|175\/404
|
|-heal|p2a: Suicune|200\/404|[from] item: Leftovers
|turn|12
|
|move|p2a: Suicune|Scald|p1a: Omega
|-damage|p1a: Omega|89\/357
|move|p1a: Omega|Dragon Claw|p2a: Suicune
|-damage|p2a: Suicune|77\/404
|
|-heal|p2a: Suicune|102\/404|[from] item: Leftovers
|turn|13
|
|switch|p1a: Gamma|Cresselia, F|444\/444
|-damage|p1a: Gamma|389\/444|[from] Stealth Rock
|move|p2a: Suicune|Scald|p1a: Gamma
|-damage|p1a: Gamma|292\/444
|
|-heal|p2a: Suicune|127\/404|[from] item: Leftovers
|-heal|p1a: Gamma|319\/444|[from] item: Leftovers
|turn|14
|
|move|p2a: Suicune|Rest|p2a: Suicune
|-status|p2a: Suicune|slp
|-heal|p2a: Suicune|404\/404 slp|[silent]
|-status|p2a: Suicune|slp|[from] move: Rest
|move|p1a: Gamma|Psychic|p2a: Suicune
|-damage|p2a: Suicune|343\/404 slp
|
|-heal|p1a: Gamma|346\/444|[from] item: Leftovers
|-heal|p2a: Suicune|368\/404 slp|[from] item: Leftovers
|turn|15
|
|switch|p1a: Delta|Suicune|370\/370
|-damage|p1a: Delta|324\/370|[from] Stealth Rock
|-ability|p1a: Delta|Pressure
|cant|p2a: Suicune|slp
|move|p2a: Suicune|Sleep Talk|p2a: Suicune
|move|p2a: Suicune|Rest|p2a: Suicune|[from]Sleep Talk
|-fail|p2a: Suicune
|
|-heal|p2a: Suicune|393\/404 slp|[from] item: Leftovers
|-heal|p1a: Delta|347\/370|[from] item: Leftovers
|turn|16
|
|cant|p2a: Suicune|slp
|move|p2a: Suicune|Sleep Talk|p2a: Suicune
|move|p2a: Suicune|Scald|p1a: Delta|[from]Sleep Talk
|-resisted|p1a: Delta
|-damage|p1a: Delta|293\/370
|move|p1a: Delta|Roar|p2a: Suicune
|drag|p2a: Mandibuzz|Mandibuzz, F|423\/423
|-damage|p2a: Mandibuzz|318\/423|[from] Stealth Rock
|
|-heal|p1a: Delta|316\/370|[from] item: Leftovers
|-heal|p2a: Mandibuzz|344\/423|[from] item: Leftovers
|turn|17
|
|move|p1a: Delta|Scald|p2a: Mandibuzz
|-damage|p2a: Mandibuzz|250\/423
|move|p2a: Mandibuzz|Defog|p1a: Delta
|-unboost|p1a: Delta|evasion|1
|-sideend|p1: FelixE|Stealth Rock|[from] move: Defog|[of] p1a: Delta
|-sideend|p2: Udin|Stealth Rock|[from] move: Defog|[of] p2a: Mandibuzz
|
|-heal|p1a: Delta|339\/370|[from] item: Leftovers
|-heal|p2a: Mandibuzz|276\/423|[from] item: Leftovers
|turn|18
|
|switch|p2a: Venusaur|Venusaur, F|303\/364
|-formechange|p2a: Venusaur|Venusaur-Mega
|move|p1a: Delta|Scald|p2a: Venusaur
|-resisted|p2a: Venusaur
|-damage|p2a: Venusaur|263\/364
|
|-heal|p1a: Delta|362\/370|[from] item: Leftovers
|turn|19
|
|switch|p1a: Beta|Blissey, F|714\/714
|move|p2a: Venusaur|Leech Seed|p1a: Beta
|-start|p1a: Beta|move: Leech Seed
|
|-damage|p1a: Beta|625\/714|[from] Leech Seed|[of] p2a: Venusaur
|-heal|p2a: Venusaur|352\/364|[silent]
|turn|20
|
|switch|p2a: Skarmory|Skarmory, M|116\/334
|move|p1a: Beta|Wish|p1a: Beta
|
|-heal|p1a: Beta|669\/714|[from] item: Leftovers
|-damage|p1a: Beta|580\/714|[from] Leech Seed|[of] p2a: Skarmory
|-heal|p2a: Skarmory|205\/334|[silent]
|turn|21
|
|switch|p1a: Omega|Garchomp, M|89\/357
|-formechange|p1a: Omega|Garchomp-Mega
|move|p2a: Skarmory|Whirlwind|p1a: Omega
|drag|p1a: Jota|Landorus-Therian, M|320\/320
|-ability|p1a: Jota|Intimidate|[of] p2a: Skarmory
|-unboost|p2a: Skarmory|atk|1
|
|turn|22
|
|move|p1a: Jota|Knock Off|p2a: Skarmory
|-damage|p2a: Skarmory|128\/334
|-damage|p1a: Jota|267\/320|[from] item: Rocky Helmet|[of] p2a: Skarmory
|-enditem|p2a: Skarmory|Rocky Helmet|[from] move: Knock Off|[of] p1a: Jota
|move|p2a: Skarmory|Roost|p2a: Skarmory
|-heal|p2a: Skarmory|295\/334
|
|turn|23
|
|switch|p1a: Delta|Suicune|362\/370
|-ability|p1a: Delta|Pressure
|move|p2a: Skarmory|Stealth Rock|p1a: Delta
|-sidestart|p1: FelixE|move: Stealth Rock
|
|-heal|p1a: Delta|370\/370|[from] item: Leftovers
|turn|24
|
|switch|p2a: Venusaur|Venusaur, F|352\/364
|-formechange|p2a: Venusaur|Venusaur-Mega
|move|p1a: Delta|Scald|p2a: Venusaur
|-resisted|p2a: Venusaur
|-damage|p2a: Venusaur|316\/364
|-status|p2a: Venusaur|brn
|
|-damage|p2a: Venusaur|271\/364 brn|[from] brn
|turn|25
|
|switch|p1a: Jota|Landorus-Therian, M|267\/320
|-damage|p1a: Jota|227\/320|[from] Stealth Rock
|-ability|p1a: Jota|Intimidate|[of] p2a: Venusaur
|-unboost|p2a: Venusaur|atk|1
|move|p2a: Venusaur|Leech Seed|p1a: Jota
|-start|p1a: Jota|move: Leech Seed
|
|-damage|p1a: Jota|187\/320|[from] Leech Seed|[of] p2a: Venusaur
|-heal|p2a: Venusaur|311\/364 brn|[silent]
|-damage|p2a: Venusaur|266\/364 brn|[from] brn
|turn|26
|
|switch|p2a: Skarmory|Skarmory, M|295\/334
|move|p1a: Jota|U-turn|p2a: Skarmory
|-resisted|p2a: Skarmory
|-damage|p2a: Skarmory|283\/334
|
|switch|p1a: Delta|Suicune|370\/370
|-damage|p1a: Delta|324\/370|[from] Stealth Rock
|-ability|p1a: Delta|Pressure
|
|-heal|p1a: Delta|347\/370|[from] item: Leftovers
|turn|27
|
|switch|p2a: Chansey|Chansey, F|529\/704
|move|p1a: Delta|Scald|p2a: Chansey
|-damage|p2a: Chansey|481\/704
|-status|p2a: Chansey|brn
|
|-heal|p1a: Delta|370\/370|[from] item: Leftovers
|-damage|p2a: Chansey|393\/704 brn|[from] brn
|turn|28
|
|move|p2a: Chansey|Soft-Boiled|p2a: Chansey
|-heal|p2a: Chansey|704\/704 brn
|move|p1a: Delta|Roar|p2a: Chansey
|drag|p2a: Venusaur|Venusaur, F|266\/364 brn
|-formechange|p2a: Venusaur|Venusaur-Mega
|
|-damage|p2a: Venusaur|221\/364 brn|[from] brn
|turn|29
|
|switch|p1a: Omega|Garchomp, M|89\/357
|-formechange|p1a: Omega|Garchomp-Mega
|-damage|p1a: Omega|67\/357|[from] Stealth Rock
|move|p2a: Venusaur|Leech Seed|p1a: Omega
|-start|p1a: Omega|move: Leech Seed
|
|-damage|p1a: Omega|23\/357|[from] Leech Seed|[of] p2a: Venusaur
|-heal|p2a: Venusaur|265\/364 brn|[silent]
|-damage|p2a: Venusaur|220\/364 brn|[from] brn
|turn|30
|
|switch|p2a: Suicune|Suicune|393\/404 slp
|-ability|p2a: Suicune|Pressure
|move|p1a: Omega|Earthquake|p2a: Suicune
|-damage|p2a: Suicune|245\/404 slp
|
|-heal|p2a: Suicune|270\/404 slp|[from] item: Leftovers
|-damage|p1a: Omega|0 fnt|[from] Leech Seed|[of] p2a: Suicune
|-heal|p2a: Suicune|293\/404 slp|[silent]
|faint|p1a: Omega
|
|switch|p1a: Jota|Landorus-Therian, M|187\/320
|-damage|p1a: Jota|147\/320|[from] Stealth Rock
|-ability|p1a: Jota|Intimidate|[of] p2a: Suicune
|-unboost|p2a: Suicune|atk|1
|turn|31
|
|switch|p2a: Skarmory|Skarmory, M|283\/334
|move|p1a: Jota|U-turn|p2a: Skarmory
|-resisted|p2a: Skarmory
|-damage|p2a: Skarmory|271\/334
|
|switch|p1a: Sigma|Heatran, F|338\/386
|-damage|p1a: Sigma|290\/386|[from] Stealth Rock
|-item|p1a: Sigma|Air Balloon
|
|turn|32
|
|switch|p2a: Suicune|Suicune|293\/404 slp
|-ability|p2a: Suicune|Pressure
|move|p1a: Sigma|Lava Plume|p2a: Suicune
|-resisted|p2a: Suicune
|-damage|p2a: Suicune|224\/404 slp
|
|-heal|p2a: Suicune|249\/404 slp|[from] item: Leftovers
|turn|33
|
|switch|p1a: Gamma|Cresselia, F|346\/444
|-damage|p1a: Gamma|291\/444|[from] Stealth Rock
|-curestatus|p2a: Suicune|slp
|move|p2a: Suicune|Sleep Talk|p2a: Suicune
|-fail|p2a: Suicune
|
|-heal|p1a: Gamma|318\/444|[from] item: Leftovers
|-heal|p2a: Suicune|274\/404|[from] item: Leftovers
|turn|34
|
|move|p1a: Gamma|Thunder Wave|p2a: Suicune
|-status|p2a: Suicune|par
|move|p2a: Suicune|Calm Mind|p2a: Suicune
|-boost|p2a: Suicune|spa|1
|-boost|p2a: Suicune|spd|1
|
|-heal|p1a: Gamma|345\/444|[from] item: Leftovers
|-heal|p2a: Suicune|299\/404 par|[from] item: Leftovers
|turn|35
|
|move|p1a: Gamma|Psychic|p2a: Suicune
|-damage|p2a: Suicune|241\/404 par
|move|p2a: Suicune|Calm Mind|p2a: Suicune
|-boost|p2a: Suicune|spa|1
|-boost|p2a: Suicune|spd|1
|
|-heal|p1a: Gamma|372\/444|[from] item: Leftovers
|-heal|p2a: Suicune|266\/404 par|[from] item: Leftovers
|turn|36
|
|switch|p1a: Delta|Suicune|370\/370
|-damage|p1a: Delta|324\/370|[from] Stealth Rock
|-ability|p1a: Delta|Pressure
|move|p2a: Suicune|Scald|p1a: Delta
|-crit|p1a: Delta
|-resisted|p1a: Delta
|-damage|p1a: Delta|217\/370
|
|-heal|p1a: Delta|240\/370|[from] item: Leftovers
|-heal|p2a: Suicune|291\/404 par|[from] item: Leftovers
|turn|37
|
|cant|p2a: Suicune|par
|move|p1a: Delta|Roar|p2a: Suicune
|drag|p2a: Venusaur|Venusaur, F|220\/364 brn
|-formechange|p2a: Venusaur|Venusaur-Mega
|
|-heal|p1a: Delta|263\/370|[from] item: Leftovers
|-damage|p2a: Venusaur|175\/364 brn|[from] brn
|turn|38
|
|switch|p1a: Sigma|Heatran, F|290\/386
|-damage|p1a: Sigma|242\/386|[from] Stealth Rock
|-item|p1a: Sigma|Air Balloon
|move|p2a: Venusaur|Synthesis|p2a: Venusaur
|-heal|p2a: Venusaur|357\/364 brn
|
|-damage|p2a: Venusaur|312\/364 brn|[from] brn
|turn|39
|
|switch|p2a: Chansey|Chansey, F|704\/704
|move|p1a: Sigma|Earth Power|p2a: Chansey
|-damage|p2a: Chansey|635\/704
|
|turn|40
|
|move|p1a: Sigma|Will-O-Wisp|p2a: Chansey
|-status|p2a: Chansey|brn
|move|p2a: Chansey|Heal Bell|p2a: Chansey
|-cureteam|p2a: Chansey|[from] move: HealBell
|
|turn|41
|
|switch|p1a: Delta|Suicune|263\/370
|-damage|p1a: Delta|217\/370|[from] Stealth Rock
|-ability|p1a: Delta|Pressure
|move|p2a: Chansey|Seismic Toss|p1a: Delta
|-damage|p1a: Delta|117\/370
|
|-heal|p1a: Delta|140\/370|[from] item: Leftovers
|turn|42
|-message|FelixE forfeited.
|
|win|Udin
|raw|Ladder updating...
|leave|FelixE
|player|p1
|raw|FelixE's rating: 1743 &rarr; <strong>1714<\/strong><br \/>(-29 for losing)
|raw|Udin's rating: 1588 &rarr; <strong>1617<\/strong><br \/>(+29 for winning)