|join|Hiruma19
|join|FelixE
|player|p1|Hiruma19|154
|player|p2|FelixE|288
|gametype|singles
|gen|6
|tier|OU
|rated
|clearpoke
|poke|p1|Azumarill, M
|poke|p1|Heatran, M
|poke|p1|Chesnaught, M
|poke|p1|Weavile, F
|poke|p1|Goodra, M
|poke|p1|Gengar, F
|poke|p2|Thundurus, M
|poke|p2|Rotom-Wash
|poke|p2|Mamoswine, M
|poke|p2|Charizard, F
|poke|p2|Gengar, F
|poke|p2|Clefable, F
|rule|Swagger Clause: Swagger is banned
|rule|Baton Pass Clause: Limit one PokÃ©mon knowing Baton Pass
|rule|Sleep Clause Mod: Limit one foe put to sleep
|rule|Species Clause: Limit one of each PokÃ©mon
|rule|OHKO Clause: OHKO moves are banned
|rule|Moody Clause: Moody is banned
|rule|Evasion Moves Clause: Evasion moves are banned
|rule|Endless Battle Clause: Forcing endless battles is banned
|rule|HP Percentage Mod: HP is reported as percentages
|teampreview
|
|start
|switch|p1a: Silver Chariot|Heatran, M|386\/386
|switch|p2a: Rotom-Wash|Rotom-Wash|301\/301
|-item|p1a: Silver Chariot|Air Balloon
|turn|1
|
|switch|p1a: Foo Fighters|Goodra, M|374\/374
|move|p2a: Rotom-Wash|Hydro Pump|p1a: Foo Fighters
|-resisted|p1a: Foo Fighters
|-damage|p1a: Foo Fighters|332\/374
|
|-heal|p1a: Foo Fighters|355\/374|[from] item: Leftovers
|turn|2
|
|move|p2a: Rotom-Wash|Volt Switch|p1a: Foo Fighters
|-resisted|p1a: Foo Fighters
|-damage|p1a: Foo Fighters|328\/374
|
|switch|p2a: Clefable|Clefable, F|375\/375
|move|p1a: Foo Fighters|Thunderbolt|p2a: Clefable
|-damage|p2a: Clefable|276\/375
|
|-heal|p1a: Foo Fighters|351\/374|[from] item: Leftovers
|-heal|p2a: Clefable|299\/375|[from] item: Leftovers
|turn|3
|
|switch|p1a: Strenght|Azumarill, M|404\/404
|move|p2a: Clefable|Calm Mind|p2a: Clefable
|-boost|p2a: Clefable|spa|1
|-boost|p2a: Clefable|spd|1
|
|-heal|p2a: Clefable|322\/375|[from] item: Leftovers
|turn|4
|
|move|p2a: Clefable|Moonblast|p1a: Strenght
|-damage|p1a: Strenght|182\/404
|-enditem|p1a: Strenght|Sitrus Berry|[eat]
|-heal|p1a: Strenght|283\/404|[from] item: Sitrus Berry
|move|p1a: Strenght|Belly Drum|p1a: Strenght
|-damage|p1a: Strenght|81\/404
|-setboost|p1a: Strenght|atk|6|[from] move: Belly Drum
|
|-heal|p2a: Clefable|345\/375|[from] item: Leftovers
|turn|5
|
|move|p1a: Strenght|Aqua Jet|p2a: Clefable
|-damage|p2a: Clefable|32\/375
|move|p2a: Clefable|Moonblast|p1a: Strenght
|-damage|p1a: Strenght|0 fnt
|faint|p1a: Strenght
|
|-heal|p2a: Clefable|55\/375|[from] item: Leftovers
|
|switch|p1a: Death Thirteen|Gengar, F|262\/262
|turn|6
|
|move|p1a: Death Thirteen|Substitute|p1a: Death Thirteen
|-start|p1a: Death Thirteen|Substitute
|-damage|p1a: Death Thirteen|197\/262
|move|p2a: Clefable|Soft-Boiled|p2a: Clefable
|-heal|p2a: Clefable|243\/375
|
|-heal|p1a: Death Thirteen|213\/262|[from] item: Black Sludge
|-heal|p2a: Clefable|266\/375|[from] item: Leftovers
|turn|7
|
|switch|p2a: Gengar|Gengar, F|262\/262
|move|p1a: Death Thirteen|Sludge Bomb|p2a: Gengar
|-resisted|p2a: Gengar
|-damage|p2a: Gengar|207\/262
|
|-heal|p1a: Death Thirteen|229\/262|[from] item: Black Sludge
|turn|8
|
|switch|p2a: Rotom-Wash|Rotom-Wash|301\/301
|move|p1a: Death Thirteen|Shadow Ball|p2a: Rotom-Wash
|-damage|p2a: Rotom-Wash|195\/301
|
|-heal|p1a: Death Thirteen|245\/262|[from] item: Black Sludge
|-heal|p2a: Rotom-Wash|213\/301|[from] item: Leftovers
|turn|9
|
|move|p1a: Death Thirteen|Sludge Bomb|p2a: Rotom-Wash
|-damage|p2a: Rotom-Wash|72\/301
|-status|p2a: Rotom-Wash|psn
|move|p2a: Rotom-Wash|Pain Split|p1a: Death Thirteen
|
|-heal|p1a: Death Thirteen|261\/262|[from] item: Black Sludge
|-heal|p2a: Rotom-Wash|90\/301 psn|[from] item: Leftovers
|-damage|p2a: Rotom-Wash|53\/301 psn|[from] psn
|turn|10
|
|move|p1a: Death Thirteen|Shadow Ball|p2a: Rotom-Wash
|-damage|p2a: Rotom-Wash|0 fnt
|faint|p2a: Rotom-Wash
|
|-heal|p1a: Death Thirteen|262\/262|[from] item: Black Sludge
|
|switch|p2a: Thundurus|Thundurus, M|300\/300
|turn|11
|
|move|p2a: Thundurus|Thunderbolt|p1a: Death Thirteen
|-end|p1a: Death Thirteen|Substitute
|move|p1a: Death Thirteen|Sludge Bomb|p2a: Thundurus
|-damage|p2a: Thundurus|99\/300
|
|turn|12
|
|switch|p1a: Foo Fighters|Goodra, M|351\/374
|move|p2a: Thundurus|Thunder Wave|p1a: Foo Fighters
|-status|p1a: Foo Fighters|par
|
|-heal|p1a: Foo Fighters|374\/374 par|[from] item: Leftovers
|turn|13
|
|switch|p2a: Clefable|Clefable, F|266\/375
|move|p1a: Foo Fighters|Flamethrower|p2a: Clefable
|-damage|p2a: Clefable|175\/375
|
|-heal|p2a: Clefable|198\/375|[from] item: Leftovers
|turn|14
|
|switch|p1a: Death Thirteen|Gengar, F|262\/262
|move|p2a: Clefable|Moonblast|p1a: Death Thirteen
|-crit|p1a: Death Thirteen
|-resisted|p1a: Death Thirteen
|-damage|p1a: Death Thirteen|145\/262
|
|-heal|p1a: Death Thirteen|161\/262|[from] item: Black Sludge
|-heal|p2a: Clefable|221\/375|[from] item: Leftovers
|turn|15
|
|switch|p2a: Charizard|Charizard, F|343\/343
|move|p1a: Death Thirteen|Sludge Bomb|p2a: Charizard
|-damage|p2a: Charizard|162\/343
|-status|p2a: Charizard|psn
|
|-heal|p1a: Death Thirteen|177\/262|[from] item: Black Sludge
|-damage|p2a: Charizard|120\/343 psn|[from] psn
|turn|16
|
|detailschange|p2a: Charizard|Charizard-Mega-X, F
|message|Charizard has Mega Evolved into Mega Charizard!
|move|p1a: Death Thirteen|Shadow Ball|p2a: Charizard
|-damage|p2a: Charizard|0 fnt
|faint|p2a: Charizard
|
|-heal|p1a: Death Thirteen|193\/262|[from] item: Black Sludge
|
|switch|p2a: Mamoswine|Mamoswine, M|424\/424
|turn|17
|
|move|p2a: Mamoswine|Ice Shard|p1a: Death Thirteen
|-damage|p1a: Death Thirteen|21\/262
|move|p1a: Death Thirteen|Substitute|p1a: Death Thirteen
|-fail|p1a: Death Thirteen|move: Substitute|[weak]
|
|-heal|p1a: Death Thirteen|37\/262|[from] item: Black Sludge
|turn|18
|
|switch|p1a: Higway Star|Weavile, F|282\/282
|-ability|p1a: Higway Star|Pressure
|switch|p2a: Gengar|Gengar, F|207\/262
|
|turn|19
|
|move|p1a: Higway Star|Knock Off|p2a: Gengar
|-supereffective|p2a: Gengar
|-damage|p2a: Gengar|0 fnt
|-enditem|p2a: Gengar|Choice Specs|[from] move: Knock Off|[of] p1a: Higway Star
|-damage|p1a: Higway Star|254\/282|[from] item: Life Orb
|faint|p2a: Gengar
|
|
|switch|p2a: Clefable|Clefable, F|221\/375
|turn|20
|
|move|p1a: Higway Star|Ice Punch|p2a: Clefable
|-damage|p2a: Clefable|57\/375
|-damage|p1a: Higway Star|226\/282|[from] item: Life Orb
|move|p2a: Clefable|Soft-Boiled|p2a: Clefable
|-heal|p2a: Clefable|245\/375
|
|-heal|p2a: Clefable|268\/375|[from] item: Leftovers
|turn|21
|
|switch|p1a: Silver Chariot|Heatran, M|386\/386
|-item|p1a: Silver Chariot|Air Balloon
|move|p2a: Clefable|Soft-Boiled|p2a: Clefable
|-heal|p2a: Clefable|375\/375
|
|turn|22
|
|switch|p2a: Thundurus|Thundurus, M|99\/300
|move|p1a: Silver Chariot|Taunt|p2a: Thundurus
|-start|p2a: Thundurus|move: Taunt
|
|turn|23
|
|move|p2a: Thundurus|Thunderbolt|p1a: Silver Chariot
|-damage|p1a: Silver Chariot|232\/386
|-enditem|p1a: Silver Chariot|Air Balloon
|move|p1a: Silver Chariot|Lava Plume|p2a: Thundurus
|-damage|p2a: Thundurus|0 fnt
|faint|p2a: Thundurus
|
|
|switch|p2a: Mamoswine|Mamoswine, M|424\/424
|turn|24
|
|switch|p1a: Crazy D|Chesnaught, M|380\/380
|move|p2a: Mamoswine|Earthquake|p1a: Crazy D
|-resisted|p1a: Crazy D
|-damage|p1a: Crazy D|298\/380
|
|-heal|p1a: Crazy D|321\/380|[from] item: Leftovers
|turn|25
|
|switch|p2a: Clefable|Clefable, F|375\/375
|move|p1a: Crazy D|Leech Seed|p2a: Clefable
|-start|p2a: Clefable|move: Leech Seed
|
|-heal|p1a: Crazy D|344\/380|[from] item: Leftovers
|turn|26
|
|switch|p1a: Silver Chariot|Heatran, M|232\/386
|move|p2a: Clefable|Calm Mind|p2a: Clefable
|-boost|p2a: Clefable|spa|1
|-boost|p2a: Clefable|spd|1
|
|turn|27
|
|move|p1a: Silver Chariot|Taunt|p2a: Clefable
|-start|p2a: Clefable|move: Taunt
|cant|p2a: Clefable|move: Taunt|Calm Mind
|
|turn|28
|
|move|p1a: Silver Chariot|Lava Plume|p2a: Clefable
|-damage|p2a: Clefable|293\/375
|move|p2a: Clefable|Moonblast|p1a: Silver Chariot
|-crit|p1a: Silver Chariot
|-resisted|p1a: Silver Chariot
|-damage|p1a: Silver Chariot|170\/386
|
|-heal|p2a: Clefable|316\/375|[from] item: Leftovers
|turn|29
|
|move|p1a: Silver Chariot|Lava Plume|p2a: Clefable
|-damage|p2a: Clefable|234\/375
|-status|p2a: Clefable|brn
|move|p2a: Clefable|Moonblast|p1a: Silver Chariot
|-resisted|p1a: Silver Chariot
|-damage|p1a: Silver Chariot|130\/386
|-unboost|p1a: Silver Chariot|spa|1
|
|-heal|p2a: Clefable|257\/375 brn|[from] item: Leftovers
|-end|p2a: Clefable|move: Taunt
|turn|30
|
|move|p1a: Silver Chariot|Taunt|p2a: Clefable
|-start|p2a: Clefable|move: Taunt
|move|p2a: Clefable|Moonblast|p1a: Silver Chariot
|-resisted|p1a: Silver Chariot
|-damage|p1a: Silver Chariot|86\/386
|
|-heal|p2a: Clefable|280\/375 brn|[from] item: Leftovers
|turn|31
|
|move|p1a: Silver Chariot|Lava Plume|p2a: Clefable
|-damage|p2a: Clefable|229\/375 brn
|move|p2a: Clefable|Moonblast|p1a: Silver Chariot
|-resisted|p1a: Silver Chariot
|-damage|p1a: Silver Chariot|47\/386
|
|-heal|p2a: Clefable|252\/375 brn|[from] item: Leftovers
|turn|32
|
|move|p1a: Silver Chariot|Lava Plume|p2a: Clefable
|-damage|p2a: Clefable|197\/375 brn
|move|p2a: Clefable|Moonblast|p1a: Silver Chariot
|-resisted|p1a: Silver Chariot
|-damage|p1a: Silver Chariot|5\/386
|
|-heal|p2a: Clefable|220\/375 brn|[from] item: Leftovers
|-end|p2a: Clefable|move: Taunt
|turn|33
|
|move|p1a: Silver Chariot|Taunt|p2a: Clefable
|-start|p2a: Clefable|move: Taunt
|cant|p2a: Clefable|move: Taunt|Soft-Boiled
|
|-heal|p2a: Clefable|243\/375 brn|[from] item: Leftovers
|turn|34
|
|move|p1a: Silver Chariot|Lava Plume|p2a: Clefable
|-damage|p2a: Clefable|192\/375 brn
|move|p2a: Clefable|Moonblast|p1a: Silver Chariot
|-resisted|p1a: Silver Chariot
|-damage|p1a: Silver Chariot|0 fnt
|faint|p1a: Silver Chariot
|
|-heal|p2a: Clefable|215\/375 brn|[from] item: Leftovers
|
|switch|p1a: Death Thirteen|Gengar, F|37\/262
|turn|35
|
|switch|p2a: Mamoswine|Mamoswine, M|424\/424
|move|p1a: Death Thirteen|Sludge Bomb|p2a: Mamoswine
|-resisted|p2a: Mamoswine
|-damage|p2a: Mamoswine|311\/424
|-status|p2a: Mamoswine|psn
|
|-heal|p1a: Death Thirteen|53\/262|[from] item: Black Sludge
|-damage|p2a: Mamoswine|258\/424 psn|[from] psn
|turn|36
|
|switch|p1a: Foo Fighters|Goodra, M|374\/374 par
|move|p2a: Mamoswine|Ice Shard|p1a: Foo Fighters
|-supereffective|p1a: Foo Fighters
|-damage|p1a: Foo Fighters|84\/374 par
|
|-heal|p1a: Foo Fighters|107\/374 par|[from] item: Leftovers
|-damage|p2a: Mamoswine|205\/424 psn|[from] psn
|turn|37
|
|switch|p1a: Higway Star|Weavile, F|226\/282
|-ability|p1a: Higway Star|Pressure
|move|p2a: Mamoswine|Ice Shard|p1a: Higway Star
|-resisted|p1a: Higway Star
|-damage|p1a: Higway Star|141\/282
|
|-damage|p2a: Mamoswine|152\/424 psn|[from] psn
|turn|38
|
|switch|p2a: Clefable|Clefable, F|215\/375 brn
|move|p1a: Higway Star|Knock Off|p2a: Clefable
|-resisted|p2a: Clefable
|-damage|p2a: Clefable|120\/375 brn
|-enditem|p2a: Clefable|Leftovers|[from] move: Knock Off|[of] p1a: Higway Star
|-damage|p1a: Higway Star|113\/282|[from] item: Life Orb
|
|turn|39
|
|move|p1a: Higway Star|Ice Punch|p2a: Clefable
|-damage|p2a: Clefable|0 fnt
|-damage|p1a: Higway Star|85\/282|[from] item: Life Orb
|faint|p2a: Clefable
|
|
|switch|p2a: Mamoswine|Mamoswine, M|152\/424 psn
|turn|40
|
|move|p2a: Mamoswine|Ice Shard|p1a: Higway Star
|-resisted|p1a: Higway Star
|-damage|p1a: Higway Star|9\/282
|move|p1a: Higway Star|Low Kick|p2a: Mamoswine
|-supereffective|p2a: Mamoswine
|-damage|p2a: Mamoswine|0 fnt
|-damage|p1a: Higway Star|0 fnt|[from] item: Life Orb
|faint|p2a: Mamoswine
|faint|p1a: Higway Star
|
|win|Hiruma19
|raw|Ladder updating...
|raw|Hiruma19's rating: 1429 &rarr; <strong>1450<\/strong><br \/>(+21 for winning)
|raw|FelixE's rating: 1441 &rarr; <strong>1420<\/strong><br \/>(-21 for losing)
|leave|FelixE
|player|p2