|join|FelixE
|join|Helio-Sun TEST
|player|p1|FelixE|3
|player|p2|Helio-Sun TEST|282
|gametype|singles
|gen|6
|tier|OU
|rated
|clearpoke
|poke|p1|Landorus, M
|poke|p1|Clefable, F
|poke|p1|Amoonguss, F, shiny
|poke|p1|Slowbro, F, shiny
|poke|p1|Conkeldurr, F
|poke|p1|Skarmory, M
|poke|p2|Gliscor, M
|poke|p2|Klefki, F
|poke|p2|Sharpedo, F
|poke|p2|Zapdos
|poke|p2|Excadrill, M
|poke|p2|Gyarados, M
|rule|Swagger Clause: Swagger is banned
|rule|Baton Pass Clause: Limit one PokÃ©mon knowing Baton Pass
|rule|Sleep Clause Mod: Limit one foe put to sleep
|rule|Species Clause: Limit one of each PokÃ©mon
|rule|OHKO Clause: OHKO moves are banned
|rule|Moody Clause: Moody is banned
|rule|Evasion Moves Clause: Evasion moves are banned
|rule|Endless Battle Clause: Forcing endless battles is banned
|rule|HP Percentage Mod: HP is shown in percentages
|teampreview
|c|âFelixE|glhf
|
|start
|switch|p1a: Landorus|Landorus, M|319\/319
|switch|p2a: Perhaps I...|Gliscor, M|352\/352
|turn|1
|
|switch|p2a: Dragonforce|Gyarados, M|353\/353
|-ability|p2a: Dragonforce|Intimidate|[of] p1a: Landorus
|-unboost|p1a: Landorus|atk|1
|move|p1a: Landorus|Sludge Wave|p2a: Dragonforce
|-damage|p2a: Dragonforce|185\/353
|
|-heal|p2a: Dragonforce|207\/353|[from] item: Leftovers
|turn|2
|
|switch|p1a: Clefable|Clefable, F|393\/393
|move|p2a: Dragonforce|Waterfall|p1a: Clefable
|-damage|p1a: Clefable|261\/393
|
|-heal|p2a: Dragonforce|229\/353|[from] item: Leftovers
|-heal|p1a: Clefable|285\/393|[from] item: Leftovers
|turn|3
|
|move|p2a: Dragonforce|Taunt|p1a: Clefable
|-start|p1a: Clefable|move: Taunt
|move|p1a: Clefable|Charge Beam|p2a: Dragonforce
|-supereffective|p2a: Dragonforce
|-damage|p2a: Dragonforce|65\/353
|-boost|p1a: Clefable|spa|1
|
|-heal|p2a: Dragonforce|87\/353|[from] item: Leftovers
|-heal|p1a: Clefable|309\/393|[from] item: Leftovers
|turn|4
|
|switch|p2a: Ren la taupe|Excadrill, M|361\/361
|-ability|p2a: Ren la taupe|Mold Breaker
|-item|p2a: Ren la taupe|Air Balloon
|move|p1a: Clefable|Stored Power|p2a: Ren la taupe
|-resisted|p2a: Ren la taupe
|-damage|p2a: Ren la taupe|326\/361
|-enditem|p2a: Ren la taupe|Air Balloon
|
|-heal|p1a: Clefable|333\/393|[from] item: Leftovers
|turn|5
|
|switch|p1a: Skarmory|Skarmory, M|334\/334
|move|p2a: Ren la taupe|Stealth Rock|p1a: Skarmory
|-sidestart|p1: FelixE|move: Stealth Rock
|
|turn|6
|
|switch|p2a: Thunder Bird|Zapdos|384\/384
|-ability|p2a: Thunder Bird|Pressure
|move|p1a: Skarmory|Defog|p2a: Thunder Bird
|-unboost|p2a: Thunder Bird|evasion|1
|-sideend|p1: FelixE|Stealth Rock|[from] move: Defog|[of] p1a: Skarmory
|
|turn|7
|
|switch|p1a: Amoonguss|Amoonguss, F, shiny|432\/432
|move|p2a: Thunder Bird|Heat Wave|p1a: Amoonguss
|-supereffective|p1a: Amoonguss
|-damage|p1a: Amoonguss|286\/432
|
|-heal|p1a: Amoonguss|313\/432|[from] item: Black Sludge
|turn|8
|
|switch|p2a: Dragonforce|Gyarados, M|87\/353
|-ability|p2a: Dragonforce|Intimidate|[of] p1a: Amoonguss
|-unboost|p1a: Amoonguss|atk|1
|move|p1a: Amoonguss|Spore|p2a: Dragonforce
|-status|p2a: Dragonforce|slp
|
|-heal|p2a: Dragonforce|109\/353 slp|[from] item: Leftovers
|-heal|p1a: Amoonguss|340\/432|[from] item: Black Sludge
|turn|9
|
|switch|p2a: Key of Victory|Klefki, F|317\/317
|move|p1a: Amoonguss|Giga Drain|p2a: Key of Victory
|-resisted|p2a: Key of Victory
|-damage|p2a: Key of Victory|286\/317
|-heal|p1a: Amoonguss|356\/432|[from] drain|[of] p2a: Key of Victory
|
|-heal|p1a: Amoonguss|383\/432|[from] item: Black Sludge
|turn|10
|
|move|p2a: Key of Victory|Light Screen|p2a: Key of Victory
|-sidestart|p2: Helio-Sun TEST|move: Light Screen
|move|p1a: Amoonguss|Hidden Power|p2a: Key of Victory
|-supereffective|p2a: Key of Victory
|-damage|p2a: Key of Victory|250\/317
|
|-heal|p1a: Amoonguss|410\/432|[from] item: Black Sludge
|turn|11
|
|switch|p1a: Clefable|Clefable, F|333\/393
|move|p2a: Key of Victory|Reflect|p2a: Key of Victory
|-sidestart|p2: Helio-Sun TEST|Reflect
|
|-heal|p1a: Clefable|357\/393|[from] item: Leftovers
|turn|12
|
|switch|p2a: Ren la taupe|Excadrill, M|326\/361
|-ability|p2a: Ren la taupe|Mold Breaker
|move|p1a: Clefable|Cosmic Power|p1a: Clefable
|-boost|p1a: Clefable|def|1
|-boost|p1a: Clefable|spd|1
|
|-heal|p1a: Clefable|381\/393|[from] item: Leftovers
|turn|13
|
|move|p2a: Ren la taupe|Iron Head|p1a: Clefable
|-supereffective|p1a: Clefable
|-damage|p1a: Clefable|205\/393
|cant|p1a: Clefable|flinch
|
|-heal|p1a: Clefable|229\/393|[from] item: Leftovers
|turn|14
|
|move|p2a: Ren la taupe|Iron Head|p1a: Clefable
|-supereffective|p1a: Clefable
|-damage|p1a: Clefable|59\/393
|cant|p1a: Clefable|flinch
|
|-heal|p1a: Clefable|83\/393|[from] item: Leftovers
|turn|15
|
|switch|p1a: Skarmory|Skarmory, M|334\/334
|move|p2a: Ren la taupe|Iron Head|p1a: Skarmory
|-resisted|p1a: Skarmory
|-damage|p1a: Skarmory|295\/334
|
|-heal|p1a: Skarmory|315\/334|[from] item: Leftovers
|turn|16
|
|switch|p2a: Thunder Bird|Zapdos|384\/384
|-ability|p2a: Thunder Bird|Pressure
|move|p1a: Skarmory|Stealth Rock|p2a: Thunder Bird
|-sidestart|p2: Helio-Sun TEST|move: Stealth Rock
|
|-heal|p1a: Skarmory|334\/334|[from] item: Leftovers
|turn|17
|
|switch|p1a: Conkeldurr|Conkeldurr, F|413\/413
|move|p2a: Thunder Bird|Thunderbolt|p1a: Conkeldurr
|-damage|p1a: Conkeldurr|287\/413
|
|-sideend|p2: Helio-Sun TEST|move: Light Screen
|turn|18
|
|move|p2a: Thunder Bird|Thunderbolt|p1a: Conkeldurr
|-damage|p1a: Conkeldurr|166\/413
|move|p1a: Conkeldurr|Knock Off|p2a: Thunder Bird
|-damage|p2a: Thunder Bird|314\/384
|-enditem|p2a: Thunder Bird|Leftovers|[from] move: Knock Off|[of] p1a: Conkeldurr
|
|-sideend|p2: Helio-Sun TEST|Reflect
|turn|19
|
|switch|p2a: Key of Victory|Klefki, F|250\/317
|-damage|p2a: Key of Victory|231\/317|[from] Stealth Rock
|move|p1a: Conkeldurr|Ice Punch|p2a: Key of Victory
|-resisted|p2a: Key of Victory
|-damage|p2a: Key of Victory|174\/317
|
|turn|20
|
|switch|p1a: Clefable|Clefable, F|83\/393
|move|p2a: Key of Victory|Reflect|p2a: Key of Victory
|-sidestart|p2: Helio-Sun TEST|Reflect
|
|-heal|p1a: Clefable|107\/393|[from] item: Leftovers
|turn|21
|
|switch|p2a: Archie|Sharpedo, F|281\/281
|-damage|p2a: Archie|246\/281|[from] Stealth Rock
|move|p1a: Clefable|Moonlight|p1a: Clefable
|-heal|p1a: Clefable|303\/393
|
|-heal|p1a: Clefable|327\/393|[from] item: Leftovers
|turn|22
|
|detailschange|p2a: Archie|Sharpedo-Mega, F
|-mega|p2a: Archie|Sharpedo|Sharpedonite
|move|p2a: Archie|Waterfall|p1a: Clefable
|-crit|p1a: Clefable
|-damage|p1a: Clefable|101\/393
|move|p1a: Clefable|Cosmic Power|p1a: Clefable
|-boost|p1a: Clefable|def|1
|-boost|p1a: Clefable|spd|1
|
|-heal|p1a: Clefable|125\/393|[from] item: Leftovers
|turn|23
|
|move|p2a: Archie|Waterfall|p1a: Clefable
|-damage|p1a: Clefable|26\/393
|move|p1a: Clefable|Moonlight|p1a: Clefable
|-heal|p1a: Clefable|222\/393
|
|-heal|p1a: Clefable|246\/393|[from] item: Leftovers
|turn|24
|
|switch|p2a: Ren la taupe|Excadrill, M|326\/361
|-damage|p2a: Ren la taupe|315\/361|[from] Stealth Rock
|-ability|p2a: Ren la taupe|Mold Breaker
|move|p1a: Clefable|Cosmic Power|p1a: Clefable
|-boost|p1a: Clefable|def|1
|-boost|p1a: Clefable|spd|1
|
|-heal|p1a: Clefable|270\/393|[from] item: Leftovers
|turn|25
|
|move|p2a: Ren la taupe|Iron Head|p1a: Clefable
|-supereffective|p1a: Clefable
|-damage|p1a: Clefable|136\/393
|cant|p1a: Clefable|flinch
|
|-heal|p1a: Clefable|160\/393|[from] item: Leftovers
|turn|26
|
|move|p2a: Ren la taupe|Iron Head|p1a: Clefable
|-supereffective|p1a: Clefable
|-damage|p1a: Clefable|20\/393
|move|p1a: Clefable|Moonlight|p1a: Clefable
|-heal|p1a: Clefable|216\/393
|
|-heal|p1a: Clefable|240\/393|[from] item: Leftovers
|turn|27
|c|âFelixE|!data iron head
|c|~|\/data-move Iron Head

|
|move|p2a: Ren la taupe|Iron Head|p1a: Clefable
|-supereffective|p1a: Clefable
|-damage|p1a: Clefable|108\/393
|move|p1a: Clefable|Cosmic Power|p1a: Clefable
|-boost|p1a: Clefable|def|1
|-boost|p1a: Clefable|spd|1
|
|-heal|p1a: Clefable|132\/393|[from] item: Leftovers
|-sideend|p2: Helio-Sun TEST|Reflect
|turn|28
|
|move|p2a: Ren la taupe|Iron Head|p1a: Clefable
|-supereffective|p1a: Clefable
|-damage|p1a: Clefable|22\/393
|move|p1a: Clefable|Stored Power|p2a: Ren la taupe
|-resisted|p2a: Ren la taupe
|-damage|p2a: Ren la taupe|247\/361
|
|-heal|p1a: Clefable|46\/393|[from] item: Leftovers
|turn|29
|
|switch|p1a: Skarmory|Skarmory, M|334\/334
|move|p2a: Ren la taupe|Iron Head|p1a: Skarmory
|-resisted|p1a: Skarmory
|-damage|p1a: Skarmory|295\/334
|
|-heal|p1a: Skarmory|315\/334|[from] item: Leftovers
|turn|30
|
|move|p2a: Ren la taupe|Stealth Rock|p1a: Skarmory
|-sidestart|p1: FelixE|move: Stealth Rock
|move|p1a: Skarmory|Drill Peck|p2a: Ren la taupe
|-resisted|p2a: Ren la taupe
|-damage|p2a: Ren la taupe|186\/361
|
|-heal|p1a: Skarmory|334\/334|[from] item: Leftovers
|turn|31
|
|switch|p2a: Perhaps I...|Gliscor, M|352\/352
|-damage|p2a: Perhaps I...|308\/352|[from] Stealth Rock
|move|p1a: Skarmory|Drill Peck|p2a: Perhaps I...
|-damage|p2a: Perhaps I...|254\/352
|
|-status|p2a: Perhaps I...|tox|[from] item: Toxic Orb
|turn|32
|
|move|p2a: Perhaps I...|Substitute|p2a: Perhaps I...
|-start|p2a: Perhaps I...|Substitute
|-damage|p2a: Perhaps I...|166\/352 tox
|move|p1a: Skarmory|Defog|p2a: Perhaps I...
|-sideend|p2: Helio-Sun TEST|Stealth Rock|[from] move: Defog|[of] p2a: Perhaps I...
|-sideend|p1: FelixE|Stealth Rock|[from] move: Defog|[of] p1a: Skarmory
|
|-heal|p2a: Perhaps I...|210\/352 tox|[from] ability: Poison Heal
|turn|33
|
|move|p2a: Perhaps I...|Swords Dance|p2a: Perhaps I...
|-boost|p2a: Perhaps I...|atk|2
|move|p1a: Skarmory|Stealth Rock|p2a: Perhaps I...
|-sidestart|p2: Helio-Sun TEST|move: Stealth Rock
|
|-heal|p2a: Perhaps I...|254\/352 tox|[from] ability: Poison Heal
|turn|34
|
|move|p2a: Perhaps I...|Baton Pass|p2a: Perhaps I...
|
|switch|p2a: Archie|Sharpedo-Mega, F|246\/281
|-damage|p2a: Archie|211\/281|[from] Stealth Rock
|move|p1a: Skarmory|Drill Peck|p2a: Archie
|-end|p2a: Archie|Substitute
|
|turn|35
|
|move|p2a: Archie|Waterfall|p1a: Skarmory
|-damage|p1a: Skarmory|151\/334
|move|p1a: Skarmory|Drill Peck|p2a: Archie
|-damage|p2a: Archie|100\/281
|
|-heal|p1a: Skarmory|171\/334|[from] item: Leftovers
|turn|36
|
|switch|p1a: Slowbro|Slowbro, F, shiny|394\/394
|move|p2a: Archie|Waterfall|p1a: Slowbro
|-resisted|p1a: Slowbro
|-damage|p1a: Slowbro|291\/394
|
|turn|37
|
|detailschange|p1a: Slowbro|Slowbro-Mega, F, shiny
|-mega|p1a: Slowbro|Slowbro|Slowbronite
|move|p2a: Archie|Crunch|p1a: Slowbro
|-supereffective|p1a: Slowbro
|-damage|p1a: Slowbro|0 fnt
|faint|p1a: Slowbro
|
|
|switch|p1a: Skarmory|Skarmory, M|171\/334
|turn|38
|
|switch|p1a: Clefable|Clefable, F|46\/393
|move|p2a: Archie|Crunch|p1a: Clefable
|-resisted|p1a: Clefable
|-damage|p1a: Clefable|0 fnt
|faint|p1a: Clefable
|
|
|switch|p1a: Conkeldurr|Conkeldurr, F|166\/413
|turn|39
|
|move|p2a: Archie|Aqua Jet|p1a: Conkeldurr
|-damage|p1a: Conkeldurr|0 fnt
|faint|p1a: Conkeldurr
|
|c|âHelio-Sun TEST|gg
|
|switch|p1a: Amoonguss|Amoonguss, F, shiny|432\/432
|turn|40
|
|move|p2a: Archie|Crunch|p1a: Amoonguss
|-damage|p1a: Amoonguss|0 fnt
|faint|p1a: Amoonguss
|
|c|âFelixE|gg
|
|switch|p1a: Landorus|Landorus, M|319\/319
|turn|41
|
|move|p2a: Archie|Aqua Jet|p1a: Landorus
|-supereffective|p1a: Landorus
|-damage|p1a: Landorus|0 fnt
|faint|p1a: Landorus
|
|
|switch|p1a: Skarmory|Skarmory, M|171\/334
|turn|42
|
|move|p2a: Archie|Crunch|p1a: Skarmory
|-damage|p1a: Skarmory|0 fnt
|faint|p1a: Skarmory
|
|win|Helio-Sun TEST
|raw|Ladder updating...
|raw|FelixE's rating: 1510 &rarr; <strong>1487<\/strong><br \/>(-23 for losing)
|raw|Helio-Sun TEST's rating: 1463 &rarr; <strong>1486<\/strong><br \/>(+23 for winning)
|c|âHelio-Sun TEST|Wanna join our group in FB?
|c|âFelixE|maybe later ok thanx
|leave|FelixE
|player|p1