|join|chainchomping
|join|FelixE
|player|p1|chainchomping|101
|player|p2|FelixE|110
|gametype|singles
|gen|6
|tier|OU
|rated
|clearpoke
|poke|p1|Heatran, M
|poke|p1|Celebi
|poke|p1|Rotom-Wash
|poke|p1|Donphan, F
|poke|p1|Gyarados, F
|poke|p1|Conkeldurr, F
|poke|p2|Rotom-Wash
|poke|p2|Talonflame, F, shiny
|poke|p2|Manectric, M
|poke|p2|Clefable, F
|poke|p2|Claydol, shiny
|poke|p2|Ferrothorn, M
|rule|Sleep Clause Mod: Limit one foe put to sleep
|rule|Species Clause: Limit one of each Pokemon
|rule|OHKO Clause: OHKO moves are banned
|rule|Moody Clause: Moody is banned
|rule|Evasion Moves Clause: Evasion moves are banned
|rule|Endless Battle Clause: Forcing endless battles is banned.
|rule|HP Percentage Mod: HP is reported as percentages
|teampreview
|
|start
|switch|p1a: Rotom-Wash|Rotom-Wash|304\/304
|switch|p2a: Claydol|Claydol, shiny|324\/324
|turn|1
|
|switch|p2a: Ferrothorn|Ferrothorn, M|352\/352
|move|p1a: Rotom-Wash|Hydro Pump|p2a: Ferrothorn
|-resisted|p2a: Ferrothorn
|-damage|p2a: Ferrothorn|289\/352
|
|-heal|p2a: Ferrothorn|311\/352|[from] item: Leftovers
|turn|2
|
|move|p1a: Rotom-Wash|Will-O-Wisp|p2a: Ferrothorn
|-status|p2a: Ferrothorn|brn
|move|p2a: Ferrothorn|Stealth Rock|p1a: Rotom-Wash
|-sidestart|p1: chainchomping|move: Stealth Rock
|
|-heal|p2a: Ferrothorn|333\/352 brn|[from] item: Leftovers
|-damage|p2a: Ferrothorn|289\/352 brn|[from] brn
|turn|3
|
|move|p1a: Rotom-Wash|Volt Switch|p2a: Ferrothorn
|-resisted|p2a: Ferrothorn
|-damage|p2a: Ferrothorn|250\/352 brn
|
|switch|p1a: Heatran|Heatran, M|385\/385
|-damage|p1a: Heatran|337\/385|[from] Stealth Rock
|move|p2a: Ferrothorn|Knock Off|p1a: Heatran
|-damage|p1a: Heatran|304\/385
|-enditem|p1a: Heatran|Leftovers|[from] move: Knock Off|[of] p2a: Ferrothorn
|
|-heal|p2a: Ferrothorn|272\/352 brn|[from] item: Leftovers
|-damage|p2a: Ferrothorn|228\/352 brn|[from] brn
|turn|4
|
|switch|p2a: Claydol|Claydol, shiny|324\/324
|move|p1a: Heatran|Stealth Rock|p2a: Claydol
|-sidestart|p2: FelixE|move: Stealth Rock
|
|turn|5
|
|switch|p1a: Donphan|Donphan, F|384\/384
|-damage|p1a: Donphan|360\/384|[from] Stealth Rock
|move|p2a: Claydol|Reflect|p2a: Claydol
|-sidestart|p2: FelixE|Reflect
|
|-heal|p1a: Donphan|384\/384|[from] item: Leftovers
|turn|6
|
|move|p2a: Claydol|Light Screen|p2a: Claydol
|-sidestart|p2: FelixE|move: Light Screen
|move|p1a: Donphan|Rapid Spin|p2a: Claydol
|-damage|p2a: Claydol|317\/324
|-sideend|p1: chainchomping|Stealth Rock|[from] move: Rapid Spin|[of] p1a: Donphan
|
|turn|7
|
|switch|p1a: Rotom-Wash|Rotom-Wash|304\/304
|move|p2a: Claydol|Rapid Spin|p1a: Rotom-Wash
|-damage|p1a: Rotom-Wash|293\/304
|-sideend|p2: FelixE|Stealth Rock|[from] move: Rapid Spin|[of] p2a: Claydol
|
|-heal|p1a: Rotom-Wash|304\/304|[from] item: Leftovers
|turn|8
|
|switch|p2a: Ferrothorn|Ferrothorn, M|228\/352 brn
|move|p1a: Rotom-Wash|Will-O-Wisp|p2a: Ferrothorn
|-fail|p2a: Ferrothorn|brn
|
|-heal|p2a: Ferrothorn|250\/352 brn|[from] item: Leftovers
|-damage|p2a: Ferrothorn|206\/352 brn|[from] brn
|turn|9
|
|switch|p2a: Manectric|Manectric, M|282\/282
|move|p1a: Rotom-Wash|Volt Switch|p2a: Manectric
|-boost|p2a: Manectric|spa|1|[from] ability: Lightningrod
|
|turn|10
|
|-formechange|p2a: Manectric|Manectric-Mega
|message|Manectric has Mega Evolved into Mega Manectric!
|-ability|p2a: Manectric|Intimidate|[of] p1a: Rotom-Wash
|-unboost|p1a: Rotom-Wash|atk|1
|move|p2a: Manectric|Flamethrower|p1a: Rotom-Wash
|-resisted|p1a: Rotom-Wash
|-damage|p1a: Rotom-Wash|234\/304
|move|p1a: Rotom-Wash|Will-O-Wisp|p2a: Manectric
|-status|p2a: Manectric|brn
|
|-heal|p1a: Rotom-Wash|253\/304|[from] item: Leftovers
|-damage|p2a: Manectric|247\/282 brn|[from] brn
|turn|11
|
|move|p2a: Manectric|Thunderbolt|p1a: Rotom-Wash
|-damage|p1a: Rotom-Wash|40\/304
|move|p1a: Rotom-Wash|Pain Split|p2a: Manectric
|-sethp|p2a: Manectric|143\/282 brn|p1a: Rotom-Wash|143\/304|[from] move: Pain Split
|
|-heal|p1a: Rotom-Wash|162\/304|[from] item: Leftovers
|-damage|p2a: Manectric|108\/282 brn|[from] brn
|turn|12
|
|switch|p1a: Donphan|Donphan, F|384\/384
|move|p2a: Manectric|Thunderbolt|p1a: Donphan
|-immune|p1a: Donphan|[msg]
|
|-damage|p2a: Manectric|73\/282 brn|[from] brn
|-sideend|p2: FelixE|Reflect
|turn|13
|
|switch|p2a: Clefable|Clefable, F|394\/394
|move|p1a: Donphan|Ice Shard|p2a: Clefable
|-damage|p2a: Clefable|357\/394
|
|-heal|p2a: Clefable|381\/394|[from] item: Leftovers
|-sideend|p2: FelixE|move: Light Screen
|turn|14
|
|switch|p1a: Heatran|Heatran, M|304\/385
|move|p2a: Clefable|Cosmic Power|p2a: Clefable
|-boost|p2a: Clefable|def|1
|-boost|p2a: Clefable|spd|1
|
|-heal|p2a: Clefable|394\/394|[from] item: Leftovers
|turn|15
|
|move|p1a: Heatran|Stealth Rock|p2a: Clefable
|-sidestart|p2: FelixE|move: Stealth Rock
|move|p2a: Clefable|Stored Power|p1a: Heatran
|-resisted|p1a: Heatran
|-damage|p1a: Heatran|287\/385
|
|turn|16
|
|move|p1a: Heatran|Lava Plume|p2a: Clefable
|-damage|p2a: Clefable|319\/394
|move|p2a: Clefable|Cosmic Power|p2a: Clefable
|-boost|p2a: Clefable|def|1
|-boost|p2a: Clefable|spd|1
|
|-heal|p2a: Clefable|343\/394|[from] item: Leftovers
|turn|17
|
|move|p2a: Clefable|Cosmic Power|p2a: Clefable
|-boost|p2a: Clefable|def|1
|-boost|p2a: Clefable|spd|1
|move|p1a: Heatran|Roar|p2a: Clefable
|drag|p2a: Claydol|Claydol, shiny|317\/324
|-damage|p2a: Claydol|297\/324|[from] Stealth Rock
|
|turn|18
|
|switch|p1a: Donphan|Donphan, F|384\/384
|move|p2a: Claydol|Rapid Spin|p1a: Donphan
|-damage|p1a: Donphan|376\/384
|-sideend|p2: FelixE|Stealth Rock|[from] move: Rapid Spin|[of] p2a: Claydol
|
|-heal|p1a: Donphan|384\/384|[from] item: Leftovers
|turn|19
|
|switch|p2a: Rotom-Wash|Rotom-Wash|241\/241
|move|p1a: Donphan|Stealth Rock|p2a: Rotom-Wash
|-sidestart|p2: FelixE|move: Stealth Rock
|
|turn|20
|
|switch|p1a: Celebi|Celebi|404\/404
|move|p2a: Rotom-Wash|Trick|p1a: Celebi
|-activate|p2a: Rotom-Wash|move: Trick|[of] p1a: Celebi
|-item|p1a: Celebi|Choice Scarf|[from] move: Trick
|-item|p2a: Rotom-Wash|Leftovers|[from] move: Trick
|
|turn|21
|
|switch|p2a: Clefable|Clefable, F|343\/394
|move|p1a: Celebi|U-turn|p2a: Clefable
|-resisted|p2a: Clefable
|-damage|p2a: Clefable|319\/394
|
|switch|p1a: Gyarados|Gyarados, F|345\/345
|-ability|p1a: Gyarados|Intimidate|[of] p2a: Clefable
|-unboost|p2a: Clefable|atk|1
|
|-heal|p2a: Clefable|343\/394|[from] item: Leftovers
|turn|22
|
|switch|p2a: Rotom-Wash|Rotom-Wash|241\/241
|-damage|p2a: Rotom-Wash|211\/241|[from] Stealth Rock
|move|p1a: Gyarados|Dragon Dance|p1a: Gyarados
|-boost|p1a: Gyarados|atk|1
|-boost|p1a: Gyarados|spe|1
|
|-heal|p2a: Rotom-Wash|226\/241|[from] item: Leftovers
|turn|23
|
|-formechange|p1a: Gyarados|Gyarados-Mega
|message|Gyarados has Mega Evolved into Mega Gyarados!
|-ability|p1a: Gyarados|Mold Breaker
|move|p1a: Gyarados|Earthquake|p2a: Rotom-Wash
|-supereffective|p2a: Rotom-Wash
|-damage|p2a: Rotom-Wash|0 fnt
|faint|p2a: Rotom-Wash
|
|-message|FelixE forfeited.
|
|win|chainchomping
|raw|Ladder updating...
|raw|chainchomping's rating: 1343 &rarr; <strong>1371<\/strong><br \/>(+28 for winning)
|raw|FelixE's rating: 1384 &rarr; <strong>1356<\/strong><br \/>(-28 for losing)