|join|FelixE
|join|Kyubeypoketrainer
|player|p1|FelixE|234
|player|p2|Kyubeypoketrainer|239
|gametype|singles
|gen|6
|tier|OU
|rated
|clearpoke
|poke|p1|Celebi
|poke|p1|Salamence, M
|poke|p1|Togekiss, F
|poke|p1|Excadrill, M
|poke|p1|Rotom-Wash
|poke|p1|Gardevoir, M
|poke|p2|Mawile, F
|poke|p2|Sylveon, M, shiny
|poke|p2|Tyrantrum, M
|poke|p2|Talonflame, F
|poke|p2|Murkrow, M
|poke|p2|Umbreon, M, shiny
|rule|Sleep Clause Mod: Limit one foe put to sleep
|rule|Species Clause: Limit one of each Pokemon
|rule|OHKO Clause: OHKO moves are banned
|rule|Moody Clause: Moody is banned
|rule|Evasion Moves Clause: Evasion moves are banned
|rule|Endless Battle Clause: Forcing endless battles is banned.
|rule|HP Percentage Mod: HP is reported as percentages
|teampreview
|
|start
|switch|p1a: Rotom-Wash|Rotom-Wash|241\/241
|switch|p2a: Blazzer|Tyrantrum, M|306\/306
|turn|1
|
|move|p1a: Rotom-Wash|Hydro Pump|p2a: Blazzer
|-damage|p2a: Blazzer|60\/306
|move|p2a: Blazzer|Dragon Dance|p2a: Blazzer
|-boost|p2a: Blazzer|atk|1
|-boost|p2a: Blazzer|spe|1
|
|-heal|p2a: Blazzer|79\/306|[from] item: Leftovers
|turn|2
|
|move|p1a: Rotom-Wash|Hydro Pump|p2a: Blazzer
|-damage|p2a: Blazzer|0 fnt
|faint|p2a: Blazzer
|
|
|switch|p2a: Zhibu|Mawile, F|304\/304
|-ability|p2a: Zhibu|Intimidate|[of] p1a: Rotom-Wash
|-unboost|p1a: Rotom-Wash|atk|1
|turn|3
|
|switch|p1a: Gardevoir|Gardevoir, M|277\/277
|-formechange|p2a: Zhibu|Mawile-Mega
|message|Mawile has Mega Evolved into Mega Mawile!
|move|p2a: Zhibu|Taunt|p1a: Gardevoir
|-start|p1a: Gardevoir|move: Taunt
|
|turn|4
|
|-formechange|p1a: Gardevoir|Gardevoir-Mega
|message|Gardevoir has Mega Evolved into Mega Gardevoir!
|move|p1a: Gardevoir|Focus Blast|p2a: Zhibu
|-damage|p2a: Zhibu|126\/304
|move|p2a: Zhibu|Swords Dance|p2a: Zhibu
|-boost|p2a: Zhibu|atk|2
|
|turn|5
|
|move|p2a: Zhibu|Sucker Punch|p1a: Gardevoir
|-damage|p1a: Gardevoir|0 fnt
|faint|p1a: Gardevoir
|
|
|switch|p1a: Celebi|Celebi|396\/396
|turn|6
|
|move|p1a: Celebi|Nasty Plot|p1a: Celebi
|-boost|p1a: Celebi|spa|2
|move|p2a: Zhibu|Taunt|p1a: Celebi
|-start|p1a: Celebi|move: Taunt
|
|turn|7
|
|move|p2a: Zhibu|Sucker Punch|p1a: Celebi
|-supereffective|p1a: Celebi
|-damage|p1a: Celebi|0 fnt
|faint|p1a: Celebi
|
|-message|FelixE forfeited.
|
|win|Kyubeypoketrainer
|raw|Ladder updating...
|leave|FelixE
|player|p1
|raw|FelixE's rating: 1148 &rarr; <strong>1121<\/strong><br \/>(-27 for losing)
|raw|Kyubeypoketrainer's rating: 1116 &rarr; <strong>1143<\/strong><br \/>(+27 for winning)