|join|Malleon
|join|FelixE
|player|p1|Malleon|1
|player|p2|FelixE|162
|gametype|singles
|gen|6
|tier|OU
|rated
|clearpoke
|poke|p1|Manaphy
|poke|p1|Terrakion
|poke|p1|Celebi
|poke|p1|Tornadus-Therian, M
|poke|p1|Scizor, M
|poke|p1|Thundurus, M
|poke|p2|Gengar, M
|poke|p2|Blissey, F
|poke|p2|Ferrothorn, M
|poke|p2|Garchomp, M
|poke|p2|Rotom-Wash
|poke|p2|Heatran, F
|rule|Sleep Clause Mod: Limit one foe put to sleep
|rule|Species Clause: Limit one of each Pokemon
|rule|OHKO Clause: OHKO moves are banned
|rule|Moody Clause: Moody is banned
|rule|Evasion Moves Clause: Evasion moves are banned
|rule|Endless Battle Clause: Forcing endless battles is banned.
|rule|HP Percentage Mod: HP is reported as percentages
|teampreview
|chat|Malleon|gl
|
|start
|switch|p1a: Bird Jesus-Therian|Tornadus-Therian, M|299\/299
|switch|p2a: Ferrothorn|Ferrothorn, M|352\/352
|turn|1
|chat|FelixE|glhf
|
|move|p1a: Bird Jesus-Therian|Heat Wave|p2a: Ferrothorn
|-supereffective|p2a: Ferrothorn
|-damage|p2a: Ferrothorn|0 fnt
|-damage|p1a: Bird Jesus-Therian|270\/299|[from] item: Life Orb
|faint|p2a: Ferrothorn
|
|
|switch|p2a: Heatran|Heatran, F|386\/386
|-item|p2a: Heatran|Air Balloon
|turn|2
|
|move|p1a: Bird Jesus-Therian|U-turn|p2a: Heatran
|-resisted|p2a: Heatran
|-damage|p2a: Heatran|368\/386
|-enditem|p2a: Heatran|Air Balloon
|-damage|p1a: Bird Jesus-Therian|241\/299|[from] item: Life Orb
|
|switch|p1a: Sprite of the Bush|Celebi|356\/356
|move|p2a: Heatran|Eruption|p1a: Sprite of the Bush
|-supereffective|p1a: Sprite of the Bush
|-damage|p1a: Sprite of the Bush|0 fnt
|faint|p1a: Sprite of the Bush
|
|
|switch|p1a: Bird Jesus-Therian|Tornadus-Therian, M|299\/299
|turn|3
|
|move|p1a: Bird Jesus-Therian|U-turn|p2a: Heatran
|-resisted|p2a: Heatran
|-damage|p2a: Heatran|351\/386
|-damage|p1a: Bird Jesus-Therian|270\/299|[from] item: Life Orb
|
|switch|p1a: Hunter of the Fals|Terrakion|323\/323
|move|p2a: Heatran|Eruption|p1a: Hunter of the Fals
|-resisted|p1a: Hunter of the Fals
|-damage|p1a: Hunter of the Fals|174\/323
|
|turn|4
|
|switch|p2a: Gengar|Gengar, M|261\/261
|move|p1a: Hunter of the Fals|Stone Edge|p2a: Gengar|[miss]
|-miss|p1a: Hunter of the Fals|p2a: Gengar
|
|turn|5
|
|switch|p1a: Bird Jesus-Therian|Tornadus-Therian, M|299\/299
|move|p2a: Gengar|Psychic|p1a: Bird Jesus-Therian
|-crit|p1a: Bird Jesus-Therian
|-damage|p1a: Bird Jesus-Therian|136\/299
|
|turn|6
|
|move|p1a: Bird Jesus-Therian|Knock Off|p2a: Gengar
|-supereffective|p2a: Gengar
|-enditem|p2a: Gengar|Focus Sash
|-damage|p2a: Gengar|1\/261
|-damage|p1a: Bird Jesus-Therian|107\/299|[from] item: Life Orb
|move|p2a: Gengar|Thunderbolt|p1a: Bird Jesus-Therian
|-supereffective|p1a: Bird Jesus-Therian
|-damage|p1a: Bird Jesus-Therian|0 fnt
|faint|p1a: Bird Jesus-Therian
|
|
|switch|p1a: Slayer of The Ledg|Scizor, M|344\/344
|turn|7
|
|switch|p2a: Heatran|Heatran, F|351\/386
|-formechange|p1a: Slayer of The Ledg|Scizor-Mega
|message|Scizor has Mega Evolved into Mega Scizor!
|move|p1a: Slayer of The Ledg|U-turn|p2a: Heatran
|-resisted|p2a: Heatran
|-damage|p2a: Heatran|321\/386
|
|switch|p1a: Hunter of the Fals|Terrakion|174\/323
|
|turn|8
|
|switch|p2a: Garchomp|Garchomp, M|420\/420
|move|p1a: Hunter of the Fals|Close Combat|p2a: Garchomp
|-crit|p2a: Garchomp
|-damage|p2a: Garchomp|96\/420
|-unboost|p1a: Hunter of the Fals|def|1
|-unboost|p1a: Hunter of the Fals|spd|1
|
|turn|9
|
|-formechange|p2a: Garchomp|Garchomp-Mega
|message|Garchomp has Mega Evolved into Mega Garchomp!
|move|p1a: Hunter of the Fals|Close Combat|p2a: Garchomp
|-damage|p2a: Garchomp|0 fnt
|-unboost|p1a: Hunter of the Fals|def|1
|-unboost|p1a: Hunter of the Fals|spd|1
|faint|p2a: Garchomp
|
|
|switch|p2a: Gengar|Gengar, M|1\/261
|turn|10
|
|switch|p1a: Slayer of The Ledg|Scizor, M|344\/344
|-formechange|p1a: Slayer of The Ledg|Scizor-Mega
|move|p2a: Gengar|Psychic|p1a: Slayer of The Ledg
|-resisted|p1a: Slayer of The Ledg
|-damage|p1a: Slayer of The Ledg|303\/344
|
|turn|11
|
|switch|p2a: Heatran|Heatran, F|321\/386
|move|p1a: Slayer of The Ledg|U-turn|p2a: Heatran
|-resisted|p2a: Heatran
|-damage|p2a: Heatran|288\/386
|
|switch|p1a: Hunter of the Fals|Terrakion|174\/323
|
|turn|12
|
|switch|p2a: Gengar|Gengar, M|1\/261
|move|p1a: Hunter of the Fals|Stone Edge|p2a: Gengar
|-damage|p2a: Gengar|0 fnt
|faint|p2a: Gengar
|
|
|switch|p2a: Rotom-Wash|Rotom-Wash|241\/241
|turn|13
|
|switch|p1a: Saint Northus of H|Manaphy|342\/342
|move|p2a: Rotom-Wash|Hydro Pump|p1a: Saint Northus of H
|-resisted|p1a: Saint Northus of H
|-damage|p1a: Saint Northus of H|262\/342
|
|turn|14
|
|switch|p2a: Blissey|Blissey, F|714\/714
|move|p1a: Saint Northus of H|Tail Glow|p1a: Saint Northus of H
|-boost|p1a: Saint Northus of H|spa|3
|
|turn|15
|leave|FelixE
|player|p2
|-message|felixe lost due to inactivity.
|
|win|Malleon
|raw|Ladder updating...
|raw|Malleon's rating: 1190 &rarr; <strong>1217<\/strong><br \/>(+27 for winning)
|raw|FelixE's rating: 1214 &rarr; <strong>1187<\/strong><br \/>(-27 for losing)
|leave|Malleon
|player|p1
|join|Malleon