|join|FelixE
|join|wegxcbs
|player|p1|FelixE|162
|player|p2|wegxcbs|238
|gametype|singles
|gen|6
|tier|OU
|rated
|clearpoke
|poke|p1|Gengar, F
|poke|p1|Blissey, F
|poke|p1|Ferrothorn, F
|poke|p1|Garchomp, M
|poke|p1|Rotom-Wash
|poke|p1|Heatran, M
|poke|p2|Absol, F
|poke|p2|Azumarill, F
|poke|p2|Hydreigon, M
|poke|p2|Skarmory, F
|poke|p2|Florges, F
|poke|p2|Conkeldurr, F
|rule|Sleep Clause Mod: Limit one foe put to sleep
|rule|Species Clause: Limit one of each Pokemon
|rule|OHKO Clause: OHKO moves are banned
|rule|Moody Clause: Moody is banned
|rule|Evasion Moves Clause: Evasion moves are banned
|rule|Endless Battle Clause: Forcing endless battles is banned.
|rule|HP Percentage Mod: HP is reported as percentages
|teampreview
|
|start
|switch|p1a: Rotom-Wash|Rotom-Wash|241\/241
|switch|p2a: Absol|Absol, F|271\/271
|turn|1
|
|-formechange|p2a: Absol|Absol-Mega
|message|Absol has Mega Evolved into Mega Absol!
|move|p1a: Rotom-Wash|Thunder Wave|p2a: Absol
|move|p2a: Absol|Thunder Wave|p1a: Rotom-Wash|[from]Magic Bounce
|-fail|p1a: Rotom-Wash
|move|p2a: Absol|Knock Off|p1a: Rotom-Wash
|-damage|p1a: Rotom-Wash|48\/241
|-enditem|p1a: Rotom-Wash|Choice Scarf|[from] move: Knock Off|[of] p2a: Absol
|
|turn|2
|
|switch|p1a: Heatran|Heatran, M|386\/386
|-item|p1a: Heatran|Air Balloon
|move|p2a: Absol|Knock Off|p1a: Heatran
|-damage|p1a: Heatran|208\/386
|-enditem|p1a: Heatran|Air Balloon
|
|turn|3
|
|move|p2a: Absol|Superpower|p1a: Heatran
|-crit|p1a: Heatran
|-supereffective|p1a: Heatran
|-damage|p1a: Heatran|0 fnt
|-unboost|p2a: Absol|atk|1
|-unboost|p2a: Absol|def|1
|faint|p1a: Heatran
|
|
|switch|p1a: Garchomp|Garchomp, M|420\/420
|turn|4
|
|switch|p2a: Azumarill|Azumarill, F|394\/394
|-formechange|p1a: Garchomp|Garchomp-Mega
|message|Garchomp has Mega Evolved into Mega Garchomp!
|move|p1a: Garchomp|Swords Dance|p1a: Garchomp
|-boost|p1a: Garchomp|atk|2
|
|turn|5
|
|move|p1a: Garchomp|Earthquake|p2a: Azumarill
|-damage|p2a: Azumarill|0 fnt
|faint|p2a: Azumarill
|
|
|switch|p2a: Skarmory|Skarmory, F|333\/333
|turn|6
|
|move|p1a: Garchomp|Fire Fang|p2a: Skarmory
|-supereffective|p2a: Skarmory
|-damage|p2a: Skarmory|113\/333
|-damage|p1a: Garchomp|350\/420|[from] item: Rocky Helmet|[of] p2a: Skarmory
|move|p2a: Skarmory|Whirlwind|p1a: Garchomp
|drag|p1a: Ferrothorn|Ferrothorn, F|352\/352
|
|turn|7
|
|move|p2a: Skarmory|Roost|p2a: Skarmory
|-heal|p2a: Skarmory|280\/333
|move|p1a: Ferrothorn|Stealth Rock|p2a: Skarmory
|-sidestart|p2: wegxcbs|move: Stealth Rock
|
|turn|8
|
|move|p2a: Skarmory|Stealth Rock|p1a: Ferrothorn
|-sidestart|p1: FelixE|move: Stealth Rock
|move|p1a: Ferrothorn|Leech Seed|p2a: Skarmory
|-start|p2a: Skarmory|move: Leech Seed
|
|-damage|p2a: Skarmory|239\/333|[from] Leech Seed|[of] p1a: Ferrothorn
|turn|9
|
|switch|p2a: Absol|Absol, F|271\/271
|-formechange|p2a: Absol|Absol-Mega
|-damage|p2a: Absol|238\/271|[from] Stealth Rock
|switch|p1a: Gengar|Gengar, F|261\/261
|-damage|p1a: Gengar|229\/261|[from] Stealth Rock
|
|turn|10
|
|move|p2a: Absol|Knock Off|p1a: Gengar
|-supereffective|p1a: Gengar
|-damage|p1a: Gengar|0 fnt
|faint|p1a: Gengar
|
|
|switch|p1a: Garchomp|Garchomp, M|350\/420
|-formechange|p1a: Garchomp|Garchomp-Mega
|-damage|p1a: Garchomp|324\/420|[from] Stealth Rock
|turn|11
|
|move|p2a: Absol|Superpower|p1a: Garchomp
|-damage|p1a: Garchomp|193\/420
|-unboost|p2a: Absol|atk|1
|-unboost|p2a: Absol|def|1
|move|p1a: Garchomp|Swords Dance|p1a: Garchomp
|-boost|p1a: Garchomp|atk|2
|
|turn|12
|
|switch|p2a: Skarmory|Skarmory, F|239\/333
|-damage|p2a: Skarmory|198\/333|[from] Stealth Rock
|move|p1a: Garchomp|Dragon Claw|p2a: Skarmory
|-resisted|p2a: Skarmory
|-damage|p2a: Skarmory|96\/333
|-damage|p1a: Garchomp|123\/420|[from] item: Rocky Helmet|[of] p2a: Skarmory
|
|turn|13
|
|move|p1a: Garchomp|Fire Fang|p2a: Skarmory
|-supereffective|p2a: Skarmory
|-damage|p2a: Skarmory|0 fnt
|-damage|p1a: Garchomp|53\/420|[from] item: Rocky Helmet|[of] p2a: Skarmory
|faint|p2a: Skarmory
|
|
|switch|p2a: Conkeldurr|Conkeldurr, F|351\/351
|-damage|p2a: Conkeldurr|330\/351|[from] Stealth Rock
|turn|14
|
|move|p2a: Conkeldurr|Mach Punch|p1a: Garchomp
|-damage|p1a: Garchomp|0 fnt
|faint|p1a: Garchomp
|
|
|switch|p1a: Ferrothorn|Ferrothorn, F|352\/352
|-damage|p1a: Ferrothorn|330\/352|[from] Stealth Rock
|turn|15
|
|move|p2a: Conkeldurr|Knock Off|p1a: Ferrothorn
|-crit|p1a: Ferrothorn
|-damage|p1a: Ferrothorn|214\/352
|-damage|p2a: Conkeldurr|287\/351|[from] ability: Iron Barbs|[of] p1a: Ferrothorn
|-enditem|p1a: Ferrothorn|Leftovers|[from] move: Knock Off|[of] p2a: Conkeldurr
|move|p1a: Ferrothorn|Leech Seed|p2a: Conkeldurr
|-start|p2a: Conkeldurr|move: Leech Seed
|
|-damage|p2a: Conkeldurr|244\/351|[from] Leech Seed|[of] p1a: Ferrothorn
|-heal|p1a: Ferrothorn|257\/352|[silent]
|turn|16
|
|switch|p2a: Absol|Absol, F|238\/271
|-formechange|p2a: Absol|Absol-Mega
|-damage|p2a: Absol|205\/271|[from] Stealth Rock
|move|p1a: Ferrothorn|Gyro Ball|p2a: Absol
|-damage|p2a: Absol|0 fnt
|faint|p2a: Absol
|
|
|switch|p2a: Hydreigon|Hydreigon, M|325\/325
|-damage|p2a: Hydreigon|285\/325|[from] Stealth Rock
|turn|17
|
|switch|p1a: Blissey|Blissey, F|714\/714
|-damage|p1a: Blissey|625\/714|[from] Stealth Rock
|move|p2a: Hydreigon|Fire Blast|p1a: Blissey
|-damage|p1a: Blissey|492\/714
|-damage|p2a: Hydreigon|253\/325|[from] item: Life Orb
|
|-heal|p1a: Blissey|536\/714|[from] item: Leftovers
|turn|18
|
|move|p2a: Hydreigon|Iron Tail|p1a: Blissey
|-damage|p1a: Blissey|319\/714
|-damage|p2a: Hydreigon|221\/325|[from] item: Life Orb
|move|p1a: Blissey|Toxic|p2a: Hydreigon
|-status|p2a: Hydreigon|tox
|
|-heal|p1a: Blissey|363\/714|[from] item: Leftovers
|-damage|p2a: Hydreigon|201\/325 tox|[from] psn
|turn|19
|
|switch|p2a: Conkeldurr|Conkeldurr, F|244\/351
|-damage|p2a: Conkeldurr|223\/351|[from] Stealth Rock
|move|p1a: Blissey|Wish|p1a: Blissey
|
|-heal|p1a: Blissey|407\/714|[from] item: Leftovers
|turn|20
|
|move|p1a: Blissey|Protect|p1a: Blissey
|-singleturn|p1a: Blissey|Protect
|move|p2a: Conkeldurr|Drain Punch|p1a: Blissey
|-activate|p1a: Blissey|Protect
|
|-heal|p1a: Blissey|714\/714|[from] move: Wish|[wisher] Blissey
|turn|21
|
|move|p1a: Blissey|Toxic|p2a: Conkeldurr
|-status|p2a: Conkeldurr|tox
|move|p2a: Conkeldurr|Drain Punch|p1a: Blissey
|-supereffective|p1a: Blissey
|-damage|p1a: Blissey|10\/714
|-heal|p2a: Conkeldurr|351\/351 tox|[from] drain|[of] p1a: Blissey
|
|-heal|p1a: Blissey|54\/714|[from] item: Leftovers
|-damage|p2a: Conkeldurr|330\/351 tox|[from] psn
|turn|22
|
|move|p1a: Blissey|Wish|p1a: Blissey
|move|p2a: Conkeldurr|Knock Off|p1a: Blissey
|-damage|p1a: Blissey|0 fnt
|faint|p1a: Blissey
|
|-damage|p2a: Conkeldurr|288\/351 tox|[from] psn
|
|switch|p1a: Ferrothorn|Ferrothorn, F|257\/352
|-damage|p1a: Ferrothorn|235\/352|[from] Stealth Rock
|turn|23
|leave|FelixE
|player|p1
|join|FelixE
|player|p1|FelixE|162
|
|move|p2a: Conkeldurr|Drain Punch|p1a: Ferrothorn
|-supereffective|p1a: Ferrothorn
|-damage|p1a: Ferrothorn|0 fnt
|-heal|p2a: Conkeldurr|351\/351 tox|[from] drain|[of] p1a: Ferrothorn
|-damage|p2a: Conkeldurr|308\/351 tox|[from] ability: Iron Barbs|[of] p1a: Ferrothorn
|faint|p1a: Ferrothorn
|
|-damage|p2a: Conkeldurr|245\/351 tox|[from] psn
|
|switch|p1a: Rotom-Wash|Rotom-Wash|48\/241
|-damage|p1a: Rotom-Wash|18\/241|[from] Stealth Rock
|turn|24
|
|move|p2a: Conkeldurr|Mach Punch|p1a: Rotom-Wash
|-damage|p1a: Rotom-Wash|0 fnt
|faint|p1a: Rotom-Wash
|
|win|wegxcbs
|raw|Ladder updating...
|raw|FelixE's rating: 1243 &rarr; <strong>1214<\/strong><br \/>(-29 for losing)
|raw|wegxcbs's rating: 1191 &rarr; <strong>1219<\/strong><br \/>(+28 for winning)
|leave|FelixE
|player|p1
|chat|wegxcbs|gg