|join|Test77
|join|FelixE
|player|p1|Test77|150
|player|p2|FelixE|144
|gametype|singles
|tier|OU (current)
|rated
|rule|Evasion Abilities Clause: Evasion abilities are banned
|clearpoke
|poke|p1|Gorebyss, M, shiny
|poke|p1|Smeargle, F
|poke|p1|Gallade, M
|poke|p1|Uxie
|poke|p1|Salamence, F
|poke|p1|Scizor, F
|poke|p2|Politoed, F, shiny
|poke|p2|Toxicroak, M
|poke|p2|Latios, M
|poke|p2|Gengar, M
|poke|p2|Dragonite, F
|poke|p2|Jirachi, shiny
|rule|Sleep Clause Mod: Limit one foe put to sleep
|rule|Species Clause: Limit one of each Pokemon
|rule|OHKO Clause: OHKO moves are banned
|rule|Moody Clause: Moody is banned
|rule|Evasion Moves Clause: Evasion moves are banned
|rule|HP Percentage Mod: HP is reported as percentages
|teampreview
|callback|decision
|
|start
|switch|p1a: Smeargle|Smeargle, F|314\/314
|switch|p2a: Bailarbailar|Politoed, F, shiny|384\/384
|-weather|RainDance|[from] ability: Drizzle|[of] p2a: Bailarbailar
|turn|1
|callback|decision
|
|switch|p2a: Croky-chips|Toxicroak, M|370\/370
|move|p1a: Smeargle|Spore|p2a: Croky-chips
|-status|p2a: Croky-chips|slp
|
|-weather|RainDance|[upkeep]
|turn|2
|callback|decision
|
|switch|p2a: GraraDraco|Latios, M|302\/302
|move|p1a: Smeargle|Shell Smash|p1a: Smeargle
|-boost|p1a: Smeargle|atk|2
|-boost|p1a: Smeargle|spa|2
|-boost|p1a: Smeargle|spe|2
|-unboost|p1a: Smeargle|def|1
|-unboost|p1a: Smeargle|spd|1
|
|-weather|RainDance|[upkeep]
|turn|3
|callback|decision
|
|move|p1a: Smeargle|Baton Pass|p1a: Smeargle
|callback|decision
|
|switch|p1a: Gallade|Gallade, M|277\/277
|-enditem|p1a: Gallade|White Herb
|-restoreboost|p1a: Gallade|[silent]
|move|p2a: GraraDraco|Dragon Pulse|p1a: Gallade
|-damage|p1a: Gallade|132\/277
|
|-weather|RainDance|[upkeep]
|turn|4
|callback|decision
|
|switch|p2a: Bailarbailar|Politoed, F, shiny|384\/384
|move|p1a: Gallade|Night Slash|p2a: Bailarbailar
|-crit|p2a: Bailarbailar
|-damage|p2a: Bailarbailar|76\/384
|
|-weather|RainDance|[upkeep]
|-heal|p2a: Bailarbailar|100\/384|[from] item: Leftovers
|turn|5
|callback|decision
|
|move|p1a: Gallade|Drain Punch|p2a: Bailarbailar
|-damage|p2a: Bailarbailar|0 fnt
|-heal|p1a: Gallade|182\/277|[from] drain|[of] p2a: Bailarbailar
|faint|p2a: Bailarbailar
|
|-weather|RainDance|[upkeep]
|callback|decision
|
|switch|p2a: KB|Dragonite, F|363\/363
|turn|6
|callback|decision
|
|move|p2a: KB|ExtremeSpeed|p1a: Gallade
|-damage|p1a: Gallade|90\/277
|move|p1a: Gallade|Ice Punch|p2a: KB
|-crit|p2a: KB
|-supereffective|p2a: KB
|-damage|p2a: KB|0 fnt
|faint|p2a: KB
|
|-weather|RainDance|[upkeep]
|callback|decision
|
|switch|p2a: SlimShady|Gengar, M|261\/261
|turn|7
|callback|decision
|
|move|p1a: Gallade|Night Slash|p2a: SlimShady
|-supereffective|p2a: SlimShady
|-enditem|p2a: SlimShady|Focus Sash
|-damage|p2a: SlimShady|1\/261
|move|p2a: SlimShady|Shadow Ball|p1a: Gallade
|-supereffective|p1a: Gallade
|-damage|p1a: Gallade|0 fnt
|faint|p1a: Gallade
|
|-weather|RainDance|[upkeep]
|callback|decision
|
|switch|p1a: Gorebyss|Gorebyss, M, shiny|314\/314
|turn|8
|callback|decision
|
|move|p1a: Gorebyss|Shell Smash|p1a: Gorebyss
|-boost|p1a: Gorebyss|atk|2
|-boost|p1a: Gorebyss|spa|2
|-boost|p1a: Gorebyss|spe|2
|-unboost|p1a: Gorebyss|def|1
|-unboost|p1a: Gorebyss|spd|1
|-enditem|p1a: Gorebyss|White Herb
|-restoreboost|p1a: Gorebyss|[silent]
|move|p2a: SlimShady|Shadow Ball|p1a: Gorebyss
|-crit|p1a: Gorebyss
|-damage|p1a: Gorebyss|0 fnt
|faint|p1a: Gorebyss
|
|-weather|RainDance|[upkeep]
|callback|decision
|
|switch|p1a: Scizor|Scizor, F|281\/281
|turn|9
|callback|decision
|
|move|p1a: Scizor|Bullet Punch|p2a: SlimShady
|-damage|p2a: SlimShady|0 fnt
|faint|p2a: SlimShady
|
|-weather|RainDance|[upkeep]
|callback|decision
|
|switch|p2a: Croky-chips|Toxicroak, M|370\/370 slp
|turn|10
|callback|decision
|
|cant|p2a: Croky-chips|slp
|move|p1a: Scizor|Swords Dance|p1a: Scizor
|-boost|p1a: Scizor|atk|2
|
|-weather|RainDance|[upkeep]
|turn|11
|callback|decision
|
|cant|p2a: Croky-chips|slp
|move|p1a: Scizor|Swords Dance|p1a: Scizor
|-boost|p1a: Scizor|atk|2
|
|-weather|RainDance|[upkeep]
|turn|12
|callback|decision
|
|move|p1a: Scizor|Quick Attack|p2a: Croky-chips
|-damage|p2a: Croky-chips|54\/370 slp
|cant|p2a: Croky-chips|slp
|
|-weather|RainDance|[upkeep]
|-heal|p2a: Croky-chips|100\/370 slp|[from] ability: Dry Skin
|-heal|p2a: Croky-chips|123\/370 slp|[from] item: Black Sludge
|turn|13
|callback|decision
|
|move|p1a: Scizor|Quick Attack|p2a: Croky-chips
|-damage|p2a: Croky-chips|0 fnt
|faint|p2a: Croky-chips
|
|-weather|RainDance|[upkeep]
|callback|decision
|
|switch|p2a: King|Jirachi, shiny|404\/404
|turn|14
|callback|decision
|
|move|p2a: King|Thunder|p1a: Scizor
|-damage|p1a: Scizor|193\/281
|-status|p1a: Scizor|par
|move|p1a: Scizor|Bug Bite|p2a: King
|-damage|p2a: King|0 fnt
|-heal|p1a: Scizor|243\/281 par|[from] item: Shell Bell|[of] p2a: King
|faint|p2a: King
|
|-weather|RainDance|[upkeep]
|callback|decision
|
|switch|p2a: GraraDraco|Latios, M|302\/302
|turn|15
|callback|decision
|
|move|p1a: Scizor|Bullet Punch|p2a: GraraDraco
|-damage|p2a: GraraDraco|0 fnt
|-heal|p1a: Scizor|280\/281 par|[from] item: Shell Bell|[of] p2a: GraraDraco
|faint|p2a: GraraDraco
|
|win|Test77
|raw|Ladder updating...
|raw|Test77's rating: 1369 &rarr; <strong>1440<\/strong><br \/>(+71 for winning)
|raw|FelixE's rating: 1590 &rarr; <strong>1586<\/strong><br \/>(-4 for losing)
|leave|FelixE
|player|p2