|join|FelixE
|join|Kecleon352
|player|p1|FelixE|144
|player|p2|Kecleon352|141
|gametype|singles
|tier|OU Monotype
|rated
|rule|Same Type Clause: Pokemon in a team must share a type
|rule|Evasion Abilities Clause: Evasion abilities are banned
|clearpoke
|poke|p1|Gengar, F
|poke|p1|Froslass, F
|poke|p1|Sableye, M
|poke|p1|Chandelure, F
|poke|p1|Jellicent, M
|poke|p1|Golurk
|poke|p2|Dragonite, F
|poke|p2|Staraptor, M
|poke|p2|Gyarados, F, shiny
|poke|p2|Gliscor, F, shiny
|poke|p2|Skarmory, M, shiny
|poke|p2|Thundurus-Therian, M, shiny
|rule|Sleep Clause Mod: Limit one foe put to sleep
|rule|Species Clause: Limit one of each Pokemon
|rule|OHKO Clause: OHKO moves are banned
|rule|Moody Clause: Moody is banned
|rule|Evasion Moves Clause: Evasion moves are banned
|rule|HP Percentage Mod: HP is reported as percentages
|teampreview
|callback|decision
|chat|FelixE|gl hf
|chat|Kecleon352|U2
|
|start
|switch|p1a: Froslass|Froslass, F|343\/343
|switch|p2a: Dragonite|Dragonite, F|324\/324
|turn|1
|callback|decision
|join|killerpikachu71
|
|move|p1a: Froslass|Ice Beam|p2a: Dragonite
|-supereffective|p2a: Dragonite
|-damage|p2a: Dragonite|120\/324
|move|p2a: Dragonite|Fire Punch|p1a: Froslass
|-supereffective|p1a: Froslass
|-damage|p1a: Froslass|0 fnt
|faint|p1a: Froslass
|
|callback|decision
|
|switch|p1a: Chandelure|Chandelure, F|261\/261
|turn|2
|callback|decision
|chat|Kecleon352|Hi killer!
|chat|killerpikachu71|hi
|chat|Kecleon352|Just battling.
|
|switch|p2a: Gyarados|Gyarados, F, shiny|332\/332
|move|p1a: Chandelure|Hidden Power|p2a: Gyarados
|-supereffective|p2a: Gyarados
|-damage|p2a: Gyarados|0 fnt
|faint|p2a: Gyarados
|
|callback|decision
|chat|killerpikachu71|good luck to both of you
|chat|Kecleon352|My main team.
|
|switch|p2a: Thundurus-Therian|Thundurus-Therian, M, shiny|299\/299
|turn|3
|callback|decision
|chat|FelixE|ou monotype team 
|chat|Kecleon352|Yup!
|
|switch|p1a: Golurk|Golurk|382\/382
|move|p2a: Thundurus-Therian|Thunderbolt|p1a: Golurk
|-immune|p1a: Golurk|[msg]
|
|turn|4
|callback|decision
|chat|Kecleon352|But sometimes...
|chat|Kecleon352|...I use it for standard OU battles!
|chat|FelixE|hm nice 
|chat|FelixE|it is a disatvantage in ou battles though
|chat|Kecleon352|It can hold it's own nicely!
|
|move|p2a: Thundurus-Therian|Hidden Power|p1a: Golurk
|-supereffective|p1a: Golurk
|-damage|p1a: Golurk|130\/382
|move|p1a: Golurk|Shadow Punch|p2a: Thundurus-Therian
|-damage|p2a: Thundurus-Therian|125\/299
|
|-heal|p1a: Golurk|153\/382|[from] item: Leftovers
|turn|5
|callback|decision
|
|switch|p1a: Chandelure|Chandelure, F|261\/261
|move|p2a: Thundurus-Therian|Hidden Power|p1a: Chandelure
|-resisted|p1a: Chandelure
|-damage|p1a: Chandelure|213\/261
|
|turn|6
|callback|decision
|
|move|p1a: Chandelure|Shadow Ball|p2a: Thundurus-Therian
|-damage|p2a: Thundurus-Therian|0 fnt
|faint|p2a: Thundurus-Therian
|
|callback|decision
|
|switch|p2a: Gliscor|Gliscor, F, shiny|354\/354
|turn|7
|callback|decision
|
|move|p1a: Chandelure|Shadow Ball|p2a: Gliscor
|-damage|p2a: Gliscor|155\/354
|-unboost|p2a: Gliscor|spd|1
|move|p2a: Gliscor|Substitute|p2a: Gliscor
|-start|p2a: Gliscor|Substitute
|-damage|p2a: Gliscor|67\/354
|
|-activate|p2a: Gliscor|item: Toxic Orb
|-status|p2a: Gliscor|tox
|turn|8
|callback|decision
|
|move|p2a: Gliscor|Protect|p2a: Gliscor
|-singleturn|p2a: Gliscor|Protect
|move|p1a: Chandelure|Shadow Ball|p2a: Gliscor
|-activate|p2a: Gliscor|Protect
|
|-heal|p2a: Gliscor|111\/354 tox|[from] ability: Poison Heal
|turn|9
|callback|decision
|
|move|p1a: Chandelure|Shadow Ball|p2a: Gliscor
|-end|p2a: Gliscor|Substitute
|move|p2a: Gliscor|Earthquake|p1a: Chandelure
|-supereffective|p1a: Chandelure
|-damage|p1a: Chandelure|0 fnt
|faint|p1a: Chandelure
|
|-heal|p2a: Gliscor|155\/354 tox|[from] ability: Poison Heal
|callback|decision
|
|switch|p1a: Gengar|Gengar, F|262\/262
|turn|10
|callback|decision
|
|move|p2a: Gliscor|Protect|p2a: Gliscor
|-singleturn|p2a: Gliscor|Protect
|move|p1a: Gengar|Shadow Ball|p2a: Gliscor
|-activate|p2a: Gliscor|Protect
|
|-heal|p2a: Gliscor|199\/354 tox|[from] ability: Poison Heal
|turn|11
|callback|decision
|
|switch|p2a: Staraptor|Staraptor, M|311\/311
|-ability|p2a: Staraptor|Intimidate|[of] p1a: Gengar
|-unboost|p1a: Gengar|atk|1
|move|p1a: Gengar|Shadow Ball|p2a: Staraptor
|-immune|p2a: Staraptor|[msg]
|
|turn|12
|callback|decision
|chat|Kecleon352|lol
|
|switch|p1a: Jellicent|Jellicent, M|403\/403
|move|p2a: Staraptor|U-turn|p1a: Jellicent
|-resisted|p1a: Jellicent
|-damage|p1a: Jellicent|362\/403
|callback|decision
|
|switch|p2a: Dragonite|Dragonite, F|120\/324
|
|-heal|p1a: Jellicent|387\/403|[from] item: Leftovers
|turn|13
|callback|decision
|
|move|p2a: Dragonite|Outrage|p1a: Jellicent
|-damage|p1a: Jellicent|57\/403
|move|p1a: Jellicent|Toxic|p2a: Dragonite|[miss]
|-miss|p1a: Jellicent|p2a: Dragonite
|
|-heal|p1a: Jellicent|82\/403|[from] item: Leftovers
|turn|14
|callback|decision
|chat|Kecleon352|PBBT!
|
|move|p2a: Dragonite|Outrage|p1a: Jellicent
|-damage|p1a: Jellicent|0 fnt
|faint|p1a: Jellicent
|
|callback|decision
|
|switch|p1a: Gengar|Gengar, F|262\/262
|turn|15
|callback|decision
|
|move|p1a: Gengar|Thunderbolt|p2a: Dragonite
|-damage|p2a: Dragonite|0 fnt
|-damage|p1a: Gengar|236\/262|[from] item: Life Orb
|faint|p2a: Dragonite
|
|callback|decision
|
|switch|p2a: Skarmory|Skarmory, M, shiny|271\/271
|turn|16
|callback|decision
|
|switch|p1a: Sableye|Sableye, M|304\/304
|move|p2a: Skarmory|Stealth Rock|p1a: Sableye
|-sidestart|p1: FelixE|move: Stealth Rock
|
|turn|17
|callback|decision
|
|move|p1a: Sableye|Will-O-Wisp|p2a: Skarmory
|-status|p2a: Skarmory|brn
|move|p2a: Skarmory|Taunt|p1a: Sableye
|-start|p1a: Sableye|move: Taunt
|
|-damage|p2a: Skarmory|238\/271 brn|[from] brn
|turn|18
|callback|decision
|chat|Kecleon352|Dang!
|
|move|p2a: Skarmory|Spikes|p1a: Sableye
|-sidestart|p1: FelixE|Spikes
|move|p1a: Sableye|Seismic Toss|p2a: Skarmory
|-damage|p2a: Skarmory|138\/271 brn
|
|-damage|p2a: Skarmory|105\/271 brn|[from] brn
|turn|19
|callback|decision
|
|move|p2a: Skarmory|Spikes|p1a: Sableye
|-sidestart|p1: FelixE|Spikes
|move|p1a: Sableye|Seismic Toss|p2a: Skarmory
|-damage|p2a: Skarmory|5\/271 brn
|
|-damage|p2a: Skarmory|0 fnt|[from] brn
|faint|p2a: Skarmory
|callback|decision
|leave|killerpikachu71
|
|switch|p2a: Staraptor|Staraptor, M|311\/311
|-ability|p2a: Staraptor|Intimidate|[of] p1a: Sableye
|-unboost|p1a: Sableye|atk|1
|turn|20
|callback|decision
|
|switch|p1a: Golurk|Golurk|153\/382
|-damage|p1a: Golurk|130\/382|[from] Stealth Rock
|-damage|p1a: Golurk|67\/382|[from] Spikes
|move|p2a: Staraptor|U-turn|p1a: Golurk
|-resisted|p1a: Golurk
|-damage|p1a: Golurk|12\/382
|callback|decision
|
|switch|p2a: Gliscor|Gliscor, F, shiny|199\/354 tox
|
|-heal|p1a: Golurk|35\/382|[from] item: Leftovers
|-heal|p2a: Gliscor|243\/354 tox|[from] ability: Poison Heal
|turn|21
|callback|decision
|
|move|p2a: Gliscor|Earthquake|p1a: Golurk
|-damage|p1a: Golurk|0 fnt
|faint|p1a: Golurk
|
|-heal|p2a: Gliscor|287\/354 tox|[from] ability: Poison Heal
|callback|decision
|
|switch|p1a: Gengar|Gengar, F|236\/262
|-damage|p1a: Gengar|204\/262|[from] Stealth Rock
|turn|22
|callback|decision
|
|move|p1a: Gengar|Focus Blast|p2a: Gliscor
|-resisted|p2a: Gliscor
|-damage|p2a: Gliscor|169\/354 tox
|-damage|p1a: Gengar|178\/262|[from] item: Life Orb
|move|p2a: Gliscor|Substitute|p2a: Gliscor
|-start|p2a: Gliscor|Substitute
|-damage|p2a: Gliscor|81\/354 tox
|
|-heal|p2a: Gliscor|125\/354 tox|[from] ability: Poison Heal
|turn|23
|callback|decision
|
|move|p2a: Gliscor|Protect|p2a: Gliscor
|-singleturn|p2a: Gliscor|Protect
|move|p1a: Gengar|Shadow Ball|p2a: Gliscor
|-activate|p2a: Gliscor|Protect
|
|-heal|p2a: Gliscor|169\/354 tox|[from] ability: Poison Heal
|turn|24
|callback|decision
|
|switch|p2a: Staraptor|Staraptor, M|311\/311
|-ability|p2a: Staraptor|Intimidate|[of] p1a: Gengar
|-unboost|p1a: Gengar|atk|1
|move|p1a: Gengar|Shadow Ball|p2a: Staraptor
|-immune|p2a: Staraptor|[msg]
|
|turn|25
|callback|decision
|chat|Kecleon352|lol again
|chat|FelixE|safe switch
|
|move|p2a: Staraptor|U-turn|p1a: Gengar
|-resisted|p1a: Gengar
|-damage|p1a: Gengar|144\/262
|callback|decision
|
|switch|p2a: Gliscor|Gliscor, F, shiny|169\/354 tox
|move|p1a: Gengar|Focus Blast|p2a: Gliscor
|-resisted|p2a: Gliscor
|-damage|p2a: Gliscor|56\/354 tox
|-damage|p1a: Gengar|118\/262|[from] item: Life Orb
|
|-heal|p2a: Gliscor|100\/354 tox|[from] ability: Poison Heal
|turn|26
|callback|decision
|
|move|p2a: Gliscor|Protect|p2a: Gliscor
|-singleturn|p2a: Gliscor|Protect
|move|p1a: Gengar|Pain Split|p2a: Gliscor
|-activate|p2a: Gliscor|Protect
|
|-heal|p2a: Gliscor|144\/354 tox|[from] ability: Poison Heal
|turn|27
|callback|decision
|chat|Kecleon352|lolololol
|
|move|p1a: Gengar|Focus Blast|p2a: Gliscor
|-resisted|p2a: Gliscor
|-damage|p2a: Gliscor|35\/354 tox
|-damage|p1a: Gengar|92\/262|[from] item: Life Orb
|move|p2a: Gliscor|Substitute|p2a: Gliscor
|-fail|p2a: Gliscor|move: Substitute|[weak]
|
|-heal|p2a: Gliscor|79\/354 tox|[from] ability: Poison Heal
|turn|28
|callback|decision
|
|switch|p1a: Sableye|Sableye, M|304\/304
|-damage|p1a: Sableye|254\/304|[from] Spikes
|-damage|p1a: Sableye|216\/304|[from] Stealth Rock
|move|p2a: Gliscor|Protect|p2a: Gliscor
|-fail|p2a: Gliscor
|
|-heal|p1a: Sableye|235\/304|[from] item: Leftovers
|-heal|p2a: Gliscor|123\/354 tox|[from] ability: Poison Heal
|turn|29
|callback|decision
|chat|Kecleon352|Oh, you son of a gun.
|
|move|p2a: Gliscor|Earthquake|p1a: Sableye
|-damage|p1a: Sableye|121\/304
|move|p1a: Sableye|Seismic Toss|p2a: Gliscor
|-damage|p2a: Gliscor|23\/354 tox
|
|-heal|p1a: Sableye|140\/304|[from] item: Leftovers
|-heal|p2a: Gliscor|67\/354 tox|[from] ability: Poison Heal
|turn|30
|callback|decision
|
|move|p1a: Sableye|Recover|p1a: Sableye
|-heal|p1a: Sableye|292\/304
|move|p2a: Gliscor|Earthquake|p1a: Sableye
|-damage|p1a: Sableye|159\/304
|
|-heal|p1a: Sableye|178\/304|[from] item: Leftovers
|-heal|p2a: Gliscor|111\/354 tox|[from] ability: Poison Heal
|turn|31
|callback|decision
|
|move|p2a: Gliscor|Toxic|p1a: Sableye
|-status|p1a: Sableye|tox
|move|p1a: Sableye|Seismic Toss|p2a: Gliscor
|-damage|p2a: Gliscor|11\/354 tox
|
|-heal|p1a: Sableye|197\/304 tox|[from] item: Leftovers
|-heal|p2a: Gliscor|55\/354 tox|[from] ability: Poison Heal
|-damage|p1a: Sableye|178\/304 tox|[from] psn
|turn|32
|callback|decision
|
|move|p2a: Gliscor|Protect|p2a: Gliscor
|-singleturn|p2a: Gliscor|Protect
|move|p1a: Sableye|Seismic Toss|p2a: Gliscor
|-activate|p2a: Gliscor|Protect
|
|-heal|p1a: Sableye|197\/304 tox|[from] item: Leftovers
|-heal|p2a: Gliscor|99\/354 tox|[from] ability: Poison Heal
|-damage|p1a: Sableye|159\/304 tox|[from] psn
|turn|33
|callback|decision
|
|move|p2a: Gliscor|Substitute|p2a: Gliscor
|-start|p2a: Gliscor|Substitute
|-damage|p2a: Gliscor|11\/354 tox
|move|p1a: Sableye|Seismic Toss|p2a: Gliscor
|-end|p2a: Gliscor|Substitute
|
|-heal|p1a: Sableye|178\/304 tox|[from] item: Leftovers
|-heal|p2a: Gliscor|55\/354 tox|[from] ability: Poison Heal
|-damage|p1a: Sableye|121\/304 tox|[from] psn
|turn|34
|callback|decision
|
|move|p2a: Gliscor|Protect|p2a: Gliscor
|-singleturn|p2a: Gliscor|Protect
|move|p1a: Sableye|Recover|p1a: Sableye
|-heal|p1a: Sableye|273\/304 tox
|
|-heal|p1a: Sableye|292\/304 tox|[from] item: Leftovers
|-heal|p2a: Gliscor|99\/354 tox|[from] ability: Poison Heal
|-damage|p1a: Sableye|216\/304 tox|[from] psn
|turn|35
|callback|decision
|
|move|p2a: Gliscor|Substitute|p2a: Gliscor
|-start|p2a: Gliscor|Substitute
|-damage|p2a: Gliscor|11\/354 tox
|move|p1a: Sableye|Seismic Toss|p2a: Gliscor
|-end|p2a: Gliscor|Substitute
|
|-heal|p1a: Sableye|235\/304 tox|[from] item: Leftovers
|-heal|p2a: Gliscor|55\/354 tox|[from] ability: Poison Heal
|-damage|p1a: Sableye|140\/304 tox|[from] psn
|turn|36
|callback|decision
|
|switch|p1a: Gengar|Gengar, F|92\/262
|-damage|p1a: Gengar|60\/262|[from] Stealth Rock
|move|p2a: Gliscor|Earthquake|p1a: Gengar
|-immune|p1a: Gengar|[msg]
|
|-heal|p2a: Gliscor|99\/354 tox|[from] ability: Poison Heal
|turn|37
|callback|decision
|
|move|p2a: Gliscor|Protect|p2a: Gliscor
|-singleturn|p2a: Gliscor|Protect
|move|p1a: Gengar|Focus Blast|p2a: Gliscor
|-activate|p2a: Gliscor|Protect
|
|-heal|p2a: Gliscor|143\/354 tox|[from] ability: Poison Heal
|turn|38
|callback|decision
|
|move|p1a: Gengar|Shadow Ball|p2a: Gliscor
|-damage|p2a: Gliscor|0 fnt
|-damage|p1a: Gengar|34\/262|[from] item: Life Orb
|faint|p2a: Gliscor
|
|callback|decision
|
|switch|p2a: Staraptor|Staraptor, M|311\/311
|-ability|p2a: Staraptor|Intimidate|[of] p1a: Gengar
|-unboost|p1a: Gengar|atk|1
|turn|39
|callback|decision
|
|move|p2a: Staraptor|Brave Bird|p1a: Gengar
|-damage|p1a: Gengar|0 fnt
|-damage|p2a: Staraptor|300\/311|[from] recoil|[of] p1a: Gengar
|faint|p1a: Gengar
|
|callback|decision
|
|switch|p1a: Sableye|Sableye, M|140\/304 tox
|-damage|p1a: Sableye|90\/304 tox|[from] Spikes
|-damage|p1a: Sableye|52\/304 tox|[from] Stealth Rock
|turn|40
|callback|decision
|
|move|p1a: Sableye|Recover|p1a: Sableye
|-heal|p1a: Sableye|204\/304 tox
|move|p2a: Staraptor|Brave Bird|p1a: Sableye
|-damage|p1a: Sableye|0 fnt
|-damage|p2a: Staraptor|233\/311|[from] recoil|[of] p1a: Sableye
|faint|p1a: Sableye
|
|win|Kecleon352
|raw|Ladder updating...
|raw|FelixE's rating: 1493 &rarr; <strong>1487<\/strong><br \/>(-6 for losing)
|raw|Kecleon352's rating: 1439 &rarr; <strong>1477<\/strong><br \/>(+38 for winning)
|chat|Kecleon352|gg
|chat|FelixE|gg
|leave|FelixE
|player|p1
|chat|Kecleon352|Wow