|join|SoldierGomez
|join|FelixE
|player|p1|SoldierGomez|101
|player|p2|FelixE|69
|gametype|singles
|gen|6
|tier|OU (suspect test)
|rated
|clearpoke
|poke|p1|Dusknoir, M
|poke|p1|Charizard, M
|poke|p1|Gengar, F
|poke|p1|Malamar, M
|poke|p1|Lilligant, F
|poke|p1|Medicham, F
|poke|p2|Azumarill, M
|poke|p2|Magnezone
|poke|p2|Landorus-Therian, M
|poke|p2|Victini
|poke|p2|Slowbro, F
|poke|p2|Zapdos
|rule|Swagger Clause: Swagger is banned
|rule|Baton Pass Clause: Limit one PokÃ©mon knowing Baton Pass
|rule|Sleep Clause Mod: Limit one foe put to sleep
|rule|Species Clause: Limit one of each PokÃ©mon
|rule|OHKO Clause: OHKO moves are banned
|rule|Moody Clause: Moody is banned
|rule|Evasion Moves Clause: Evasion moves are banned
|rule|Endless Battle Clause: Forcing endless battles is banned
|rule|HP Percentage Mod: HP is shown in percentages
|teampreview
|
|start
|switch|p1a: Gengar|Gengar, F|261\/261
|switch|p2a: Slowbro|Slowbro, F|393\/393
|turn|1
|
|switch|p2a: Magnezone|Magnezone|303\/303
|move|p1a: Gengar|Shadow Ball|p2a: Magnezone
|-damage|p2a: Magnezone|173\/303
|-unboost|p2a: Magnezone|spd|1
|
|turn|2
|
|move|p1a: Gengar|Shadow Ball|p2a: Magnezone
|-damage|p2a: Magnezone|0 fnt
|faint|p2a: Magnezone
|
|
|switch|p2a: Azumarill|Azumarill, M|349\/349
|turn|3
|
|move|p1a: Gengar|Sludge Bomb|p2a: Azumarill
|-supereffective|p2a: Azumarill
|-damage|p2a: Azumarill|0 fnt
|faint|p2a: Azumarill
|
|
|switch|p2a: Victini|Victini|341\/341
|turn|4
|
|move|p1a: Gengar|Shadow Ball|p2a: Victini
|-supereffective|p2a: Victini
|-damage|p2a: Victini|39\/341
|move|p2a: Victini|V-create|p1a: Gengar
|-damage|p1a: Gengar|0 fnt
|-unboost|p2a: Victini|def|1
|-unboost|p2a: Victini|spd|1
|-unboost|p2a: Victini|spe|1
|faint|p1a: Gengar
|
|
|switch|p1a: Malamar|Malamar, M|344\/344
|turn|5
|
|switch|p2a: Landorus-Therian|Landorus-Therian, M|325\/325
|-ability|p2a: Landorus-Therian|Intimidate|[of] p1a: Malamar
|-boost|p1a: Malamar|atk|1
|move|p1a: Malamar|Night Slash|p2a: Landorus-Therian
|-damage|p2a: Landorus-Therian|136\/325
|
|turn|6
|
|move|p2a: Landorus-Therian|U-turn|p1a: Malamar
|-supereffective|p1a: Malamar
|-damage|p1a: Malamar|0 fnt
|faint|p1a: Malamar
|
|switch|p2a: Zapdos|Zapdos|378\/378
|-ability|p2a: Zapdos|Pressure
|
|
|switch|p1a: Dusknoir|Dusknoir, M|263\/263
|-ability|p1a: Dusknoir|Pressure
|turn|7
|
|move|p2a: Zapdos|Volt Switch|p1a: Dusknoir
|-damage|p1a: Dusknoir|188\/263
|
|switch|p2a: Landorus-Therian|Landorus-Therian, M|136\/325
|-ability|p2a: Landorus-Therian|Intimidate|[of] p1a: Dusknoir
|-unboost|p1a: Dusknoir|atk|1
|move|p1a: Dusknoir|Confuse Ray|p2a: Landorus-Therian
|-start|p2a: Landorus-Therian|confusion
|
|-heal|p1a: Dusknoir|204\/263|[from] item: Leftovers
|turn|8
|
|-activate|p2a: Landorus-Therian|confusion
|-damage|p2a: Landorus-Therian|74\/325|[from] confusion
|move|p1a: Dusknoir|Seismic Toss|p2a: Landorus-Therian
|-damage|p2a: Landorus-Therian|0 fnt
|faint|p2a: Landorus-Therian
|
|-heal|p1a: Dusknoir|220\/263|[from] item: Leftovers
|
|switch|p2a: Victini|Victini|39\/341
|turn|9
|
|move|p2a: Victini|Zen Headbutt|p1a: Dusknoir
|-damage|p1a: Dusknoir|87\/263
|move|p1a: Dusknoir|Seismic Toss|p2a: Victini
|-damage|p2a: Victini|0 fnt
|faint|p2a: Victini
|
|-heal|p1a: Dusknoir|103\/263|[from] item: Leftovers
|
|switch|p2a: Slowbro|Slowbro, F|393\/393
|turn|10
|
|detailschange|p2a: Slowbro|Slowbro-Mega, F
|-mega|p2a: Slowbro|Slowbro|Slowbronite
|move|p1a: Dusknoir|Confuse Ray|p2a: Slowbro
|-start|p2a: Slowbro|confusion
|-activate|p2a: Slowbro|confusion
|move|p2a: Slowbro|Calm Mind|p2a: Slowbro
|-boost|p2a: Slowbro|spa|1
|-boost|p2a: Slowbro|spd|1
|
|-heal|p1a: Dusknoir|119\/263|[from] item: Leftovers
|turn|11
|
|move|p1a: Dusknoir|Will-O-Wisp|p2a: Slowbro|[miss]
|-miss|p1a: Dusknoir|p2a: Slowbro
|-activate|p2a: Slowbro|confusion
|move|p2a: Slowbro|Calm Mind|p2a: Slowbro
|-boost|p2a: Slowbro|spa|1
|-boost|p2a: Slowbro|spd|1
|
|-heal|p1a: Dusknoir|135\/263|[from] item: Leftovers
|turn|12
|
|move|p1a: Dusknoir|Will-O-Wisp|p2a: Slowbro
|-status|p2a: Slowbro|brn
|-activate|p2a: Slowbro|confusion
|move|p2a: Slowbro|Scald|p1a: Dusknoir
|-damage|p1a: Dusknoir|0 fnt
|faint|p1a: Dusknoir
|
|-damage|p2a: Slowbro|344\/393 brn|[from] brn
|
|switch|p1a: Lilligant|Lilligant, F|281\/281
|turn|13
|
|move|p1a: Lilligant|Leech Seed|p2a: Slowbro
|-start|p2a: Slowbro|move: Leech Seed
|-end|p2a: Slowbro|confusion
|move|p2a: Slowbro|Scald|p1a: Lilligant
|-resisted|p1a: Lilligant
|-damage|p1a: Lilligant|129\/281
|
|-damage|p2a: Slowbro|295\/393 brn|[from] Leech Seed|[of] p1a: Lilligant
|-heal|p1a: Lilligant|193\/281|[silent]
|-damage|p2a: Slowbro|246\/393 brn|[from] brn
|turn|14
|
|switch|p2a: Zapdos|Zapdos|378\/378
|-ability|p2a: Zapdos|Pressure
|move|p1a: Lilligant|Quiver Dance|p1a: Lilligant
|-boost|p1a: Lilligant|spa|1
|-boost|p1a: Lilligant|spd|1
|-boost|p1a: Lilligant|spe|1
|
|turn|15
|
|move|p1a: Lilligant|Sleep Powder|p2a: Zapdos
|-status|p2a: Zapdos|slp
|cant|p2a: Zapdos|slp
|
|turn|16
|
|switch|p2a: Slowbro|Slowbro-Mega, F|246\/393 brn
|move|p1a: Lilligant|Quiver Dance|p1a: Lilligant
|-boost|p1a: Lilligant|spa|1
|-boost|p1a: Lilligant|spd|1
|-boost|p1a: Lilligant|spe|1
|
|-damage|p2a: Slowbro|197\/393 brn|[from] brn
|turn|17
|
|move|p1a: Lilligant|Petal Dance|p2a: Slowbro
|-supereffective|p2a: Slowbro
|-damage|p2a: Slowbro|0 fnt
|faint|p2a: Slowbro
|
|-message|FelixE forfeited.
|leave|FelixE
|
|win|SoldierGomez
|raw|Ladder updating...
|player|p2
|raw|SoldierGomez's rating: 1094 &rarr; <strong>1125<\/strong><br \/>(+31 for winning)
|raw|FelixE's rating: 1170 &rarr; <strong>1139<\/strong><br \/>(-31 for losing)