|join|fearful prisoner
|join|Haunted.Shadow
|player|p1|fearful prisoner|266
|player|p2|Haunted.Shadow|81
|gametype|singles
|gen|6
|tier|UU
|rated
|rule|Sleep Clause Mod: Limit one foe put to sleep
|rule|Species Clause: Limit one of each PokÃ©mon
|rule|OHKO Clause: OHKO moves are banned
|rule|Moody Clause: Moody is banned
|rule|Evasion Moves Clause: Evasion moves are banned
|rule|Endless Battle Clause: Forcing endless battles is banned
|rule|HP Percentage Mod: HP is shown in percentages
|clearpoke
|poke|p1|Donphan, M
|poke|p1|Chesnaught, F
|poke|p1|Umbreon, F
|poke|p1|Tentacruel, F
|poke|p1|Alakazam, M
|poke|p1|Darmanitan, F
|poke|p2|Machamp, M
|poke|p2|Roserade, M
|poke|p2|Jirachi
|poke|p2|Blastoise, F
|poke|p2|Entei, shiny
|poke|p2|Diancie
|rule|Swagger Clause: Swagger is banned
|rule|Baton Pass Clause: Limit one PokÃ©mon knowing Baton Pass
|teampreview
|
|start
|switch|p1a: Donphan|Donphan, M|384\/384
|switch|p2a: Blastoise|Blastoise, F|357\/357
|turn|1
|
|switch|p1a: Tentacruel|Tentacruel, F|364\/364
|detailschange|p2a: Blastoise|Blastoise-Mega, F
|message|Blastoise has Mega Evolved into Mega Blastoise!
|move|p2a: Blastoise|Aura Sphere|p1a: Tentacruel
|-resisted|p1a: Tentacruel
|-damage|p1a: Tentacruel|290\/364
|
|-heal|p1a: Tentacruel|312\/364|[from] item: Black Sludge
|turn|2
|
|switch|p2a: Roserade|Roserade, M|262\/262
|move|p1a: Tentacruel|Scald|p2a: Roserade
|-resisted|p2a: Roserade
|-damage|p2a: Roserade|228\/262
|
|-heal|p2a: Roserade|244\/262|[from] item: Black Sludge
|-heal|p1a: Tentacruel|334\/364|[from] item: Black Sludge
|turn|3
|
|move|p2a: Roserade|Giga Drain|p1a: Tentacruel
|-damage|p1a: Tentacruel|216\/364
|-damage|p2a: Roserade|185\/262|[from] ability: Liquid Ooze|[of] p1a: Tentacruel
|move|p1a: Tentacruel|Scald|p2a: Roserade
|-resisted|p2a: Roserade
|-damage|p2a: Roserade|149\/262
|
|-heal|p2a: Roserade|165\/262|[from] item: Black Sludge
|-heal|p1a: Tentacruel|238\/364|[from] item: Black Sludge
|turn|4
|
|move|p2a: Roserade|Giga Drain|p1a: Tentacruel
|-damage|p1a: Tentacruel|126\/364
|-damage|p2a: Roserade|109\/262|[from] ability: Liquid Ooze|[of] p1a: Tentacruel
|move|p1a: Tentacruel|Scald|p2a: Roserade
|-resisted|p2a: Roserade
|-damage|p2a: Roserade|74\/262
|
|-heal|p2a: Roserade|90\/262|[from] item: Black Sludge
|-heal|p1a: Tentacruel|148\/364|[from] item: Black Sludge
|turn|5
|
|switch|p1a: Umbreon|Umbreon, F|394\/394
|move|p2a: Roserade|Synthesis|p2a: Roserade
|-heal|p2a: Roserade|221\/262
|
|-heal|p2a: Roserade|237\/262|[from] item: Black Sludge
|turn|6
|
|move|p2a: Roserade|Spikes|p1a: Umbreon
|-sidestart|p1: fearful prisoner|Spikes
|move|p1a: Umbreon|Wish|p1a: Umbreon
|
|-heal|p2a: Roserade|253\/262|[from] item: Black Sludge
|turn|7
|
|switch|p1a: Tentacruel|Tentacruel, F|148\/364
|-damage|p1a: Tentacruel|103\/364|[from] Spikes
|move|p2a: Roserade|Giga Drain|p1a: Tentacruel
|-damage|p1a: Tentacruel|0 fnt
|-damage|p2a: Roserade|201\/262|[from] ability: Liquid Ooze|[of] p1a: Tentacruel
|faint|p1a: Tentacruel
|
|-heal|p2a: Roserade|217\/262|[from] item: Black Sludge
|
|switch|p1a: Darmanitan|Darmanitan, F|351\/351
|-damage|p1a: Darmanitan|308\/351|[from] Spikes
|turn|8
|
|switch|p2a: Diancie|Diancie|303\/303
|move|p1a: Darmanitan|U-turn|p2a: Diancie
|-resisted|p2a: Diancie
|-damage|p2a: Diancie|278\/303
|
|switch|p1a: Donphan|Donphan, M|384\/384
|-damage|p1a: Donphan|336\/384|[from] Spikes
|
|-heal|p1a: Donphan|360\/384|[from] item: Leftovers
|-heal|p2a: Diancie|296\/303|[from] item: Leftovers
|turn|9
|
|switch|p2a: Blastoise|Blastoise-Mega, F|357\/357
|move|p1a: Donphan|Earthquake|p2a: Blastoise
|-damage|p2a: Blastoise|245\/357
|
|-heal|p1a: Donphan|384\/384|[from] item: Leftovers
|turn|10
|join|EARTH
|
|switch|p1a: Umbreon|Umbreon, F|394\/394
|-damage|p1a: Umbreon|345\/394|[from] Spikes
|move|p2a: Blastoise|Scald|p1a: Umbreon
|-damage|p1a: Umbreon|254\/394
|
|-heal|p1a: Umbreon|278\/394|[from] item: Leftovers
|turn|11
|
|move|p2a: Blastoise|Aura Sphere|p1a: Umbreon
|-supereffective|p1a: Umbreon
|-damage|p1a: Umbreon|68\/394
|move|p1a: Umbreon|Wish|p1a: Umbreon
|
|-heal|p1a: Umbreon|92\/394|[from] item: Leftovers
|turn|12
|
|move|p1a: Umbreon|Protect|p1a: Umbreon
|-singleturn|p1a: Umbreon|Protect
|move|p2a: Blastoise|Aura Sphere|p1a: Umbreon
|-activate|p1a: Umbreon|Protect
|
|-heal|p1a: Umbreon|289\/394|[from] move: Wish|[wisher] Umbreon
|-heal|p1a: Umbreon|313\/394|[from] item: Leftovers
|turn|13
|
|move|p2a: Blastoise|Aura Sphere|p1a: Umbreon
|-supereffective|p1a: Umbreon
|-damage|p1a: Umbreon|127\/394
|move|p1a: Umbreon|Wish|p1a: Umbreon
|
|-heal|p1a: Umbreon|151\/394|[from] item: Leftovers
|turn|14
|
|move|p1a: Umbreon|Protect|p1a: Umbreon
|-singleturn|p1a: Umbreon|Protect
|move|p2a: Blastoise|Aura Sphere|p1a: Umbreon
|-activate|p1a: Umbreon|Protect
|
|-heal|p1a: Umbreon|348\/394|[from] move: Wish|[wisher] Umbreon
|-heal|p1a: Umbreon|372\/394|[from] item: Leftovers
|turn|15
|
|move|p2a: Blastoise|Aura Sphere|p1a: Umbreon
|-supereffective|p1a: Umbreon
|-damage|p1a: Umbreon|168\/394
|move|p1a: Umbreon|Wish|p1a: Umbreon
|
|-heal|p1a: Umbreon|192\/394|[from] item: Leftovers
|turn|16
|
|switch|p2a: Entei|Entei, shiny|371\/371
|-ability|p2a: Entei|Pressure
|move|p1a: Umbreon|Protect|p1a: Umbreon
|-fail|p1a: Umbreon
|
|-heal|p1a: Umbreon|389\/394|[from] move: Wish|[wisher] Umbreon
|-heal|p1a: Umbreon|394\/394|[from] item: Leftovers
|turn|17
|
|move|p1a: Umbreon|Protect|p1a: Umbreon
|-singleturn|p1a: Umbreon|Protect
|move|p2a: Entei|Sacred Fire|p1a: Umbreon
|-activate|p1a: Umbreon|Protect
|
|turn|18
|
|switch|p1a: Donphan|Donphan, M|384\/384
|-damage|p1a: Donphan|336\/384|[from] Spikes
|move|p2a: Entei|Sacred Fire|p1a: Donphan
|-damage|p1a: Donphan|173\/384
|
|-heal|p1a: Donphan|197\/384|[from] item: Leftovers
|turn|19
|
|move|p2a: Entei|Sacred Fire|p1a: Donphan
|-damage|p1a: Donphan|26\/384
|-status|p1a: Donphan|brn
|move|p1a: Donphan|Stealth Rock|p2a: Entei
|-sidestart|p2: Haunted.Shadow|move: Stealth Rock
|
|-heal|p1a: Donphan|50\/384 brn|[from] item: Leftovers
|-damage|p1a: Donphan|2\/384 brn|[from] brn
|turn|20
|
|move|p2a: Entei|Sacred Fire|p1a: Donphan
|-damage|p1a: Donphan|0 fnt
|faint|p1a: Donphan
|
|
|switch|p1a: Darmanitan|Darmanitan, F|308\/351
|-damage|p1a: Darmanitan|265\/351|[from] Spikes
|turn|21
|leave|EARTH
|
|move|p1a: Darmanitan|Earthquake|p2a: Entei
|-supereffective|p2a: Entei
|-damage|p2a: Entei|81\/371
|move|p2a: Entei|Sacred Fire|p1a: Darmanitan
|-resisted|p1a: Darmanitan
|-damage|p1a: Darmanitan|37\/351
|
|turn|22
|
|move|p1a: Darmanitan|Earthquake|p2a: Entei
|-supereffective|p2a: Entei
|-damage|p2a: Entei|0 fnt
|faint|p2a: Entei
|
|
|switch|p2a: Machamp|Machamp, M|353\/353
|-damage|p2a: Machamp|331\/353|[from] Stealth Rock
|turn|23
|
|switch|p1a: Chesnaught|Chesnaught, F|380\/380
|-damage|p1a: Chesnaught|333\/380|[from] Spikes
|move|p2a: Machamp|Bullet Punch|p1a: Chesnaught
|-damage|p1a: Chesnaught|296\/380
|
|-heal|p1a: Chesnaught|319\/380|[from] item: Leftovers
|turn|24
|
|move|p1a: Chesnaught|Spikes|p2a: Machamp
|-sidestart|p2: Haunted.Shadow|Spikes
|move|p2a: Machamp|Dynamic Punch|p1a: Chesnaught
|-damage|p1a: Chesnaught|193\/380
|-start|p1a: Chesnaught|confusion
|
|-heal|p1a: Chesnaught|216\/380|[from] item: Leftovers
|turn|25
|
|-activate|p1a: Chesnaught|confusion
|move|p1a: Chesnaught|Leech Seed|p2a: Machamp
|-start|p2a: Machamp|move: Leech Seed
|move|p2a: Machamp|Dynamic Punch|p1a: Chesnaught
|-damage|p1a: Chesnaught|96\/380
|
|-heal|p1a: Chesnaught|119\/380|[from] item: Leftovers
|-damage|p2a: Machamp|287\/353|[from] Leech Seed|[of] p1a: Chesnaught
|-heal|p1a: Chesnaught|163\/380|[silent]
|turn|26
|
|switch|p2a: Diancie|Diancie|296\/303
|-damage|p2a: Diancie|259\/303|[from] Spikes
|-damage|p2a: Diancie|222\/303|[from] Stealth Rock
|-activate|p1a: Chesnaught|confusion
|move|p1a: Chesnaught|Spikes|p2a: Diancie
|-sidestart|p2: Haunted.Shadow|Spikes
|
|-heal|p1a: Chesnaught|186\/380|[from] item: Leftovers
|-heal|p2a: Diancie|240\/303|[from] item: Leftovers
|turn|27
|
|-end|p1a: Chesnaught|confusion
|move|p1a: Chesnaught|Spiky Shield|p1a: Chesnaught
|-singleturn|p1a: Chesnaught|move: Protect
|move|p2a: Diancie|Moonblast|p1a: Chesnaught
|-activate|p1a: Chesnaught|move: Protect
|
|-heal|p1a: Chesnaught|209\/380|[from] item: Leftovers
|-heal|p2a: Diancie|258\/303|[from] item: Leftovers
|turn|28
|
|switch|p1a: Umbreon|Umbreon, F|394\/394
|-damage|p1a: Umbreon|345\/394|[from] Spikes
|move|p2a: Diancie|Stealth Rock|p1a: Umbreon
|-sidestart|p1: fearful prisoner|move: Stealth Rock
|
|-heal|p1a: Umbreon|369\/394|[from] item: Leftovers
|-heal|p2a: Diancie|276\/303|[from] item: Leftovers
|turn|29
|
|switch|p2a: Blastoise|Blastoise-Mega, F|245\/357
|-damage|p2a: Blastoise|186\/357|[from] Spikes
|-damage|p2a: Blastoise|142\/357|[from] Stealth Rock
|move|p1a: Umbreon|Wish|p1a: Umbreon
|
|-heal|p1a: Umbreon|393\/394|[from] item: Leftovers
|turn|30
|
|move|p2a: Blastoise|Rapid Spin|p1a: Umbreon
|-damage|p1a: Umbreon|378\/394
|-sideend|p2: Haunted.Shadow|Spikes|[from] move: Rapid Spin|[of] p2a: Blastoise
|-sideend|p2: Haunted.Shadow|Stealth Rock|[from] move: Rapid Spin|[of] p2a: Blastoise
|move|p1a: Umbreon|Foul Play|p2a: Blastoise
|-crit|p2a: Blastoise
|-damage|p2a: Blastoise|15\/357
|
|-heal|p1a: Umbreon|394\/394|[from] move: Wish|[wisher] Umbreon
|turn|31
|
|switch|p2a: Machamp|Machamp, M|287\/353
|move|p1a: Umbreon|Foul Play|p2a: Machamp
|-resisted|p2a: Machamp
|-damage|p2a: Machamp|171\/353
|
|turn|32
|
|switch|p1a: Chesnaught|Chesnaught, F|209\/380
|-damage|p1a: Chesnaught|186\/380|[from] Stealth Rock
|-damage|p1a: Chesnaught|139\/380|[from] Spikes
|move|p2a: Machamp|Dynamic Punch|p1a: Chesnaught
|-damage|p1a: Chesnaught|7\/380
|-start|p1a: Chesnaught|confusion
|
|-heal|p1a: Chesnaught|30\/380|[from] item: Leftovers
|turn|33
|
|switch|p2a: Roserade|Roserade, M|217\/262
|-activate|p1a: Chesnaught|confusion
|-damage|p1a: Chesnaught|8\/380|[from] confusion
|
|-heal|p2a: Roserade|233\/262|[from] item: Black Sludge
|-heal|p1a: Chesnaught|31\/380|[from] item: Leftovers
|turn|34
|
|move|p2a: Roserade|Giga Drain|p1a: Chesnaught
|-resisted|p1a: Chesnaught
|-damage|p1a: Chesnaught|0 fnt
|-heal|p2a: Roserade|249\/262|[from] drain|[of] p1a: Chesnaught
|faint|p1a: Chesnaught
|
|-heal|p2a: Roserade|262\/262|[from] item: Black Sludge
|
|switch|p1a: Alakazam|Alakazam, M|252\/252
|turn|35
|
|switch|p2a: Jirachi|Jirachi|341\/341
|detailschange|p1a: Alakazam|Alakazam-Mega, M
|message|Alakazam has Mega Evolved into Mega Alakazam!
|-ability|p1a: Alakazam|Serene Grace|[from] ability: Trace|[of] p2a: Jirachi
|move|p1a: Alakazam|Psyshock|p2a: Jirachi
|-resisted|p2a: Jirachi
|-damage|p2a: Jirachi|298\/341
|
|turn|36
|
|move|p2a: Jirachi|U-turn|p1a: Alakazam
|-supereffective|p1a: Alakazam
|-damage|p1a: Alakazam|54\/252
|
|switch|p2a: Diancie|Diancie|276\/303
|move|p1a: Alakazam|Shadow Ball|p2a: Diancie
|-damage|p2a: Diancie|196\/303
|
|-heal|p2a: Diancie|214\/303|[from] item: Leftovers
|turn|37
|
|move|p1a: Alakazam|Energy Ball|p2a: Diancie
|-supereffective|p2a: Diancie
|-damage|p2a: Diancie|18\/303
|move|p2a: Diancie|Moonblast|p1a: Alakazam
|-damage|p1a: Alakazam|0 fnt
|faint|p1a: Alakazam
|
|-heal|p2a: Diancie|36\/303|[from] item: Leftovers
|-message|fearful prisoner forfeited.
|
|win|Haunted.Shadow
|raw|Ladder updating...
|leave|fearful prisoner
|player|p1
|raw|fearful prisoner's rating: 1501 &rarr; <strong>1475<\/strong><br \/>(-26 for losing)
|raw|Haunted.Shadow's rating: 1395 &rarr; <strong>1421<\/strong><br \/>(+26 for winning)