|join|Adri989898
|join|Haunted.Shadow
|player|p1|Adri989898|99
|player|p2|Haunted.Shadow|81
|gametype|singles
|gen|6
|tier|UU
|rated
|rule|Sleep Clause Mod: Limit one foe put to sleep
|rule|Species Clause: Limit one of each PokÃ©mon
|rule|OHKO Clause: OHKO moves are banned
|rule|Moody Clause: Moody is banned
|rule|Evasion Moves Clause: Evasion moves are banned
|rule|Endless Battle Clause: Forcing endless battles is banned
|rule|HP Percentage Mod: HP is shown in percentages
|clearpoke
|poke|p1|Pidgeot, F
|poke|p1|Entei
|poke|p1|Chesnaught, F
|poke|p1|Empoleon, F
|poke|p1|Rotom-Heat
|poke|p1|Zygarde
|poke|p2|Hippowdon, M
|poke|p2|Blissey, F
|poke|p2|Forretress, F
|poke|p2|Vaporeon, M
|poke|p2|Alakazam, M
|poke|p2|Chandelure, M
|rule|Swagger Clause: Swagger is banned
|rule|Baton Pass Clause: Limit one PokÃ©mon knowing Baton Pass
|teampreview
|
|start
|switch|p1a: Rotom-Heat|Rotom-Heat|304\/304
|switch|p2a: Alakazam|Alakazam, M|252\/252
|turn|1
|
|detailschange|p2a: Alakazam|Alakazam-Mega, M
|message|Alakazam has Mega Evolved into Mega Alakazam!
|-ability|p2a: Alakazam|Levitate|[from] ability: Trace|[of] p1a: Rotom-Heat
|move|p2a: Alakazam|Psychic|p1a: Rotom-Heat
|-damage|p1a: Rotom-Heat|93\/304
|move|p1a: Rotom-Heat|Volt Switch|p2a: Alakazam
|-damage|p2a: Alakazam|167\/252
|
|switch|p1a: Entei|Entei|372\/372
|-ability|p1a: Entei|Pressure
|
|turn|2
|
|switch|p2a: Chandelure|Chandelure, M|261\/261
|move|p1a: Entei|Stone Edge|p2a: Chandelure
|-supereffective|p2a: Chandelure
|-damage|p2a: Chandelure|0 fnt
|faint|p2a: Chandelure
|
|
|switch|p2a: Hippowdon|Hippowdon, M|420\/420
|turn|3
|
|switch|p1a: Chesnaught|Chesnaught, F|380\/380
|move|p2a: Hippowdon|Stealth Rock|p1a: Chesnaught
|-sidestart|p1: Adri989898|move: Stealth Rock
|
|turn|4
|
|switch|p2a: Forretress|Forretress, F|353\/353
|move|p1a: Chesnaught|Leech Seed|p2a: Forretress
|-start|p2a: Forretress|move: Leech Seed
|
|-damage|p2a: Forretress|309\/353|[from] Leech Seed|[of] p1a: Chesnaught
|turn|5
|
|switch|p1a: Empoleon|Empoleon, F|372\/372
|-damage|p1a: Empoleon|349\/372|[from] Stealth Rock
|move|p2a: Forretress|Volt Switch|p1a: Empoleon
|-supereffective|p1a: Empoleon
|-damage|p1a: Empoleon|291\/372
|
|switch|p2a: Hippowdon|Hippowdon, M|420\/420
|
|-heal|p1a: Empoleon|314\/372|[from] item: Leftovers
|turn|6
|
|move|p1a: Empoleon|Scald|p2a: Hippowdon
|-supereffective|p2a: Hippowdon
|-damage|p2a: Hippowdon|160\/420
|-status|p2a: Hippowdon|brn
|move|p2a: Hippowdon|Earthquake|p1a: Empoleon
|-supereffective|p1a: Empoleon
|-damage|p1a: Empoleon|164\/372
|
|-heal|p1a: Empoleon|187\/372|[from] item: Leftovers
|-heal|p2a: Hippowdon|186\/420 brn|[from] item: Leftovers
|-damage|p2a: Hippowdon|134\/420 brn|[from] brn
|turn|7
|
|move|p1a: Empoleon|Defog|p2a: Hippowdon
|-unboost|p2a: Hippowdon|evasion|1
|-sideend|p1: Adri989898|Stealth Rock|[from] move: Defog|[of] p1a: Empoleon
|move|p2a: Hippowdon|Earthquake|p1a: Empoleon
|-supereffective|p1a: Empoleon
|-damage|p1a: Empoleon|37\/372
|
|-heal|p1a: Empoleon|60\/372|[from] item: Leftovers
|-heal|p2a: Hippowdon|160\/420 brn|[from] item: Leftovers
|-damage|p2a: Hippowdon|108\/420 brn|[from] brn
|turn|8
|
|switch|p2a: Blissey|Blissey, F|652\/652
|move|p1a: Empoleon|Scald|p2a: Blissey
|-damage|p2a: Blissey|562\/652
|
|-heal|p1a: Empoleon|83\/372|[from] item: Leftovers
|-heal|p2a: Blissey|602\/652|[from] item: Leftovers
|turn|9
|
|move|p1a: Empoleon|Stealth Rock|p2a: Blissey
|-sidestart|p2: Haunted.Shadow|move: Stealth Rock
|move|p2a: Blissey|Heal Bell|p2a: Blissey
|-cureteam|p2a: Blissey|[from] move: HealBell
|
|-heal|p1a: Empoleon|106\/372|[from] item: Leftovers
|-heal|p2a: Blissey|642\/652|[from] item: Leftovers
|turn|10
|
|switch|p1a: Entei|Entei|372\/372
|-ability|p1a: Entei|Pressure
|move|p2a: Blissey|Seismic Toss|p1a: Entei
|-damage|p1a: Entei|272\/372
|
|-heal|p2a: Blissey|652\/652|[from] item: Leftovers
|turn|11
|
|switch|p2a: Vaporeon|Vaporeon, M|463\/463
|-damage|p2a: Vaporeon|406\/463|[from] Stealth Rock
|move|p1a: Entei|Sacred Fire|p2a: Vaporeon
|-resisted|p2a: Vaporeon
|-damage|p2a: Vaporeon|295\/463
|-status|p2a: Vaporeon|brn
|
|-heal|p2a: Vaporeon|323\/463 brn|[from] item: Leftovers
|-damage|p2a: Vaporeon|266\/463 brn|[from] brn
|turn|12
|
|switch|p1a: Empoleon|Empoleon, F|106\/372
|move|p2a: Vaporeon|Scald|p1a: Empoleon
|-resisted|p1a: Empoleon
|-damage|p1a: Empoleon|70\/372
|
|-heal|p2a: Vaporeon|294\/463 brn|[from] item: Leftovers
|-heal|p1a: Empoleon|93\/372|[from] item: Leftovers
|-damage|p2a: Vaporeon|237\/463 brn|[from] brn
|turn|13
|
|move|p2a: Vaporeon|Wish|p2a: Vaporeon
|move|p1a: Empoleon|Roar|p2a: Vaporeon
|drag|p2a: Blissey|Blissey, F|652\/652
|-damage|p2a: Blissey|571\/652|[from] Stealth Rock
|
|-heal|p1a: Empoleon|116\/372|[from] item: Leftovers
|-heal|p2a: Blissey|611\/652|[from] item: Leftovers
|turn|14
|
|move|p1a: Empoleon|Scald|p2a: Blissey
|-damage|p2a: Blissey|523\/652
|move|p2a: Blissey|Heal Bell|p2a: Blissey
|-cureteam|p2a: Blissey|[from] move: HealBell
|
|-heal|p2a: Blissey|652\/652|[from] move: Wish|[wisher] Vaporeon
|-heal|p1a: Empoleon|139\/372|[from] item: Leftovers
|turn|15
|
|switch|p1a: Entei|Entei|272\/372
|-ability|p1a: Entei|Pressure
|switch|p2a: Vaporeon|Vaporeon, M|237\/463
|-damage|p2a: Vaporeon|180\/463|[from] Stealth Rock
|
|-heal|p2a: Vaporeon|208\/463|[from] item: Leftovers
|turn|16
|
|move|p1a: Entei|Stone Edge|p2a: Vaporeon
|-damage|p2a: Vaporeon|54\/463
|move|p2a: Vaporeon|Scald|p1a: Entei
|-supereffective|p1a: Entei
|-damage|p1a: Entei|0 fnt
|faint|p1a: Entei
|
|-heal|p2a: Vaporeon|82\/463|[from] item: Leftovers
|
|switch|p1a: Pidgeot|Pidgeot, F|307\/307
|turn|17
|
|detailschange|p1a: Pidgeot|Pidgeot-Mega, F
|message|Pidgeot has Mega Evolved into Mega Pidgeot!
|move|p1a: Pidgeot|Hurricane|p2a: Vaporeon
|-damage|p2a: Vaporeon|0 fnt
|faint|p2a: Vaporeon
|
|
|switch|p2a: Blissey|Blissey, F|652\/652
|-damage|p2a: Blissey|571\/652|[from] Stealth Rock
|turn|18
|
|move|p1a: Pidgeot|U-turn|p2a: Blissey
|-damage|p2a: Blissey|476\/652
|
|switch|p1a: Chesnaught|Chesnaught, F|380\/380
|move|p2a: Blissey|Seismic Toss|p1a: Chesnaught
|-damage|p1a: Chesnaught|280\/380
|
|-heal|p1a: Chesnaught|303\/380|[from] item: Leftovers
|-heal|p2a: Blissey|516\/652|[from] item: Leftovers
|turn|19
|
|move|p1a: Chesnaught|Leech Seed|p2a: Blissey
|-start|p2a: Blissey|move: Leech Seed
|move|p2a: Blissey|Toxic|p1a: Chesnaught
|-status|p1a: Chesnaught|tox
|
|-heal|p1a: Chesnaught|326\/380 tox|[from] item: Leftovers
|-heal|p2a: Blissey|556\/652|[from] item: Leftovers
|-damage|p2a: Blissey|475\/652|[from] Leech Seed|[of] p1a: Chesnaught
|-heal|p1a: Chesnaught|380\/380 tox|[silent]
|-damage|p1a: Chesnaught|357\/380 tox|[from] psn
|turn|20
|
|switch|p2a: Forretress|Forretress, F|309\/353
|-damage|p2a: Forretress|265\/353|[from] Stealth Rock
|move|p1a: Chesnaught|Drain Punch|p2a: Forretress
|-damage|p2a: Forretress|204\/353
|-heal|p1a: Chesnaught|380\/380 tox|[from] drain|[of] p2a: Forretress
|
|-heal|p2a: Forretress|226\/353|[from] item: Leftovers
|-damage|p1a: Chesnaught|334\/380 tox|[from] psn
|turn|21
|
|switch|p1a: Rotom-Heat|Rotom-Heat|93\/304
|move|p2a: Forretress|Spikes|p1a: Rotom-Heat
|-sidestart|p1: Adri989898|Spikes
|
|-heal|p1a: Rotom-Heat|112\/304|[from] item: Leftovers
|-heal|p2a: Forretress|248\/353|[from] item: Leftovers
|turn|22
|
|switch|p2a: Blissey|Blissey, F|475\/652
|-damage|p2a: Blissey|394\/652|[from] Stealth Rock
|move|p1a: Rotom-Heat|Volt Switch|p2a: Blissey
|-damage|p2a: Blissey|342\/652
|
|switch|p1a: Zygarde|Zygarde|358\/358
|-damage|p1a: Zygarde|314\/358|[from] Spikes
|-ability|p1a: Zygarde|Aura Break
|
|-heal|p2a: Blissey|382\/652|[from] item: Leftovers
|turn|23
|
|switch|p2a: Forretress|Forretress, F|248\/353
|-damage|p2a: Forretress|204\/353|[from] Stealth Rock
|move|p1a: Zygarde|Dragon Dance|p1a: Zygarde
|-boost|p1a: Zygarde|atk|1
|-boost|p1a: Zygarde|spe|1
|
|-heal|p2a: Forretress|226\/353|[from] item: Leftovers
|turn|24
|
|move|p1a: Zygarde|Earthquake|p2a: Forretress
|-damage|p2a: Forretress|93\/353
|move|p2a: Forretress|Hidden Power|p1a: Zygarde
|-supereffective|p1a: Zygarde
|-damage|p1a: Zygarde|178\/358
|
|-heal|p2a: Forretress|115\/353|[from] item: Leftovers
|turn|25
|
|move|p1a: Zygarde|Earthquake|p2a: Forretress
|-damage|p2a: Forretress|0 fnt
|faint|p2a: Forretress
|
|
|switch|p2a: Alakazam|Alakazam-Mega, M|167\/252
|-damage|p2a: Alakazam|136\/252|[from] Stealth Rock
|-ability|p2a: Alakazam|Aura Break|[from] ability: Trace|[of] p1a: Zygarde
|-ability|p2a: Alakazam|Aura Break
|turn|26
|
|move|p1a: Zygarde|Extreme Speed|p2a: Alakazam
|-damage|p2a: Alakazam|0 fnt
|faint|p2a: Alakazam
|
|c|âAdri989898|gg
|-message|Haunted.Shadow forfeited.
|
|win|Adri989898
|raw|Ladder updating...
|leave|Haunted.Shadow
|player|p2
|raw|Adri989898's rating: 1387 &rarr; <strong>1412<\/strong><br \/>(+25 for winning)
|raw|Haunted.Shadow's rating: 1468 &rarr; <strong>1443<\/strong><br \/>(-25 for losing)