|join|dont know why
|join|Haunted.Shadow
|player|p1|dont know why|167
|player|p2|Haunted.Shadow|81
|gametype|singles
|gen|6
|tier|UU
|rated
|rule|Sleep Clause Mod: Limit one foe put to sleep
|rule|Species Clause: Limit one of each PokÃ©mon
|rule|OHKO Clause: OHKO moves are banned
|rule|Moody Clause: Moody is banned
|rule|Evasion Moves Clause: Evasion moves are banned
|rule|Endless Battle Clause: Forcing endless battles is banned
|rule|HP Percentage Mod: HP is shown in percentages
|clearpoke
|poke|p1|Beedrill, F
|poke|p1|Zygarde
|poke|p1|Jirachi
|poke|p1|Starmie
|poke|p1|Infernape, F
|poke|p1|Shaymin
|poke|p2|Krookodile, F
|poke|p2|Jirachi
|poke|p2|Alakazam, M
|poke|p2|Gligar, F
|poke|p2|Blissey, F
|poke|p2|Vaporeon, F
|rule|Swagger Clause: Swagger is banned
|rule|Baton Pass Clause: Limit one PokÃ©mon knowing Baton Pass
|teampreview
|
|start
|switch|p1a: Infernape|Infernape, F|293\/293
|switch|p2a: Alakazam|Alakazam, M|252\/252
|turn|1
|
|detailschange|p2a: Alakazam|Alakazam-Mega, M
|-mega|p2a: Alakazam|Alakazam|Alakazite
|-ability|p2a: Alakazam|Blaze|[from] ability: Trace|[of] p1a: Infernape
|move|p1a: Infernape|Stealth Rock|p2a: Alakazam
|-sidestart|p2: Haunted.Shadow|move: Stealth Rock
|move|p2a: Alakazam|Psyshock|p1a: Infernape
|-supereffective|p1a: Infernape
|-enditem|p1a: Infernape|Focus Sash
|-damage|p1a: Infernape|1\/293
|
|turn|2
|
|switch|p1a: Jirachi|Jirachi|341\/341
|move|p2a: Alakazam|Shadow Ball|p1a: Jirachi
|-supereffective|p1a: Jirachi
|-damage|p1a: Jirachi|73\/341
|
|turn|3
|
|move|p2a: Alakazam|Psychic|p1a: Jirachi
|-resisted|p1a: Jirachi
|-damage|p1a: Jirachi|16\/341
|move|p1a: Jirachi|U-turn|p2a: Alakazam
|-supereffective|p2a: Alakazam
|-damage|p2a: Alakazam|46\/252
|c|âHaunted.Shadow|crap
|
|switch|p1a: Beedrill|Beedrill, F|272\/272
|
|turn|4
|
|switch|p2a: Gligar|Gligar, F|334\/334
|-damage|p2a: Gligar|293\/334|[from] Stealth Rock
|detailschange|p1a: Beedrill|Beedrill-Mega, F
|-mega|p1a: Beedrill|Beedrill|Beedrillite
|move|p1a: Beedrill|Protect|p1a: Beedrill
|-fail|p1a: Beedrill
|
|turn|5
|
|move|p1a: Beedrill|Knock Off|p2a: Gligar
|-damage|p2a: Gligar|227\/334
|-enditem|p2a: Gligar|Eviolite|[from] move: Knock Off|[of] p1a: Beedrill
|move|p2a: Gligar|Defog|p1a: Beedrill
|-unboost|p1a: Beedrill|evasion|1
|-sideend|p2: Haunted.Shadow|Stealth Rock|[from] move: Defog|[of] p2a: Gligar
|
|turn|6
|
|move|p1a: Beedrill|U-turn|p2a: Gligar
|-resisted|p2a: Gligar
|-damage|p2a: Gligar|161\/334
|
|switch|p1a: Jirachi|Jirachi|16\/341
|move|p2a: Gligar|Earthquake|p1a: Jirachi
|-supereffective|p1a: Jirachi
|-damage|p1a: Jirachi|0 fnt
|faint|p1a: Jirachi
|
|
|switch|p1a: Starmie|Starmie|261\/261
|turn|7
|
|switch|p1a: Infernape|Infernape, F|1\/293
|switch|p2a: Blissey|Blissey, F|652\/652
|
|turn|8
|
|switch|p2a: Gligar|Gligar, F|161\/334
|move|p1a: Infernape|Endeavor|p2a: Gligar
|-damage|p2a: Gligar|1\/334
|
|turn|9
|
|move|p1a: Infernape|Fire Blast|p2a: Gligar
|-damage|p2a: Gligar|0 fnt
|faint|p2a: Gligar
|
|
|switch|p2a: Alakazam|Alakazam-Mega, M|46\/252
|-ability|p2a: Alakazam|Blaze|[from] ability: Trace|[of] p1a: Infernape
|turn|10
|
|switch|p1a: Zygarde|Zygarde|357\/357
|-ability|p1a: Zygarde|Aura Break
|move|p2a: Alakazam|Psychic|p1a: Zygarde
|-damage|p1a: Zygarde|114\/357
|
|turn|11
|
|switch|p2a: Jirachi|Jirachi|341\/341
|move|p1a: Zygarde|Extreme Speed|p2a: Jirachi
|-crit|p2a: Jirachi
|-resisted|p2a: Jirachi
|-damage|p2a: Jirachi|278\/341
|
|turn|12
|
|switch|p1a: Starmie|Starmie|261\/261
|move|p2a: Jirachi|Iron Head|p1a: Starmie
|-crit|p1a: Starmie
|-resisted|p1a: Starmie
|-damage|p1a: Starmie|161\/261
|
|turn|13
|
|move|p2a: Jirachi|Iron Head|p1a: Starmie
|-resisted|p1a: Starmie
|-damage|p1a: Starmie|94\/261
|cant|p1a: Starmie|flinch
|
|turn|14
|
|move|p2a: Jirachi|Iron Head|p1a: Starmie
|-resisted|p1a: Starmie
|-damage|p1a: Starmie|29\/261
|move|p1a: Starmie|Hydro Pump|p2a: Jirachi|[miss]
|-miss|p1a: Starmie|p2a: Jirachi
|
|turn|15
|c|âHaunted.Shadow|sorry
|
|move|p2a: Jirachi|Iron Head|p1a: Starmie
|-resisted|p1a: Starmie
|-damage|p1a: Starmie|0 fnt
|faint|p1a: Starmie
|
|c|âHaunted.Shadow|but it probably didnt matter much
|
|switch|p1a: Beedrill|Beedrill-Mega, F|272\/272
|turn|16
|c|âdont know why|u dont know that
|c|âHaunted.Shadow|thats why i said probably
|
|move|p2a: Jirachi|Iron Head|p1a: Beedrill
|-damage|p1a: Beedrill|29\/272
|move|p1a: Beedrill|Knock Off|p2a: Jirachi
|-supereffective|p2a: Jirachi
|-damage|p2a: Jirachi|38\/341
|-enditem|p2a: Jirachi|Choice Scarf|[from] move: Knock Off|[of] p1a: Beedrill
|
|turn|17
|
|move|p1a: Beedrill|Knock Off|p2a: Jirachi
|-supereffective|p2a: Jirachi
|-damage|p2a: Jirachi|0 fnt
|faint|p2a: Jirachi
|
|
|switch|p2a: Vaporeon|Vaporeon, F|464\/464
|turn|18
|
|move|p1a: Beedrill|U-turn|p2a: Vaporeon
|-damage|p2a: Vaporeon|282\/464
|
|switch|p1a: Shaymin|Shaymin|341\/341
|move|p2a: Vaporeon|Scald|p1a: Shaymin
|-resisted|p1a: Shaymin
|-damage|p1a: Shaymin|292\/341
|
|-heal|p2a: Vaporeon|311\/464|[from] item: Leftovers
|turn|19
|
|move|p2a: Vaporeon|Protect|p2a: Vaporeon
|-singleturn|p2a: Vaporeon|Protect
|move|p1a: Shaymin|Seed Flare|p2a: Vaporeon
|-activate|p2a: Vaporeon|Protect
|
|-heal|p2a: Vaporeon|340\/464|[from] item: Leftovers
|turn|20
|
|switch|p1a: Infernape|Infernape, F|1\/293
|switch|p2a: Blissey|Blissey, F|652\/652
|
|turn|21
|
|move|p1a: Infernape|Endeavor|p2a: Blissey
|-damage|p2a: Blissey|1\/652
|move|p2a: Blissey|Stealth Rock|p1a: Infernape
|-sidestart|p1: dont know why|move: Stealth Rock
|
|-heal|p2a: Blissey|41\/652|[from] item: Leftovers
|turn|22
|
|move|p1a: Infernape|Fire Blast|p2a: Blissey
|-damage|p2a: Blissey|0 fnt
|faint|p2a: Blissey
|
|
|switch|p2a: Alakazam|Alakazam-Mega, M|46\/252
|-ability|p2a: Alakazam|Blaze|[from] ability: Trace|[of] p1a: Infernape
|turn|23
|
|move|p2a: Alakazam|Psyshock|p1a: Infernape
|-supereffective|p1a: Infernape
|-damage|p1a: Infernape|0 fnt
|faint|p1a: Infernape
|
|
|switch|p1a: Shaymin|Shaymin|292\/341
|-damage|p1a: Shaymin|250\/341|[from] Stealth Rock
|turn|24
|
|move|p1a: Shaymin|Seed Flare|p2a: Alakazam
|-damage|p2a: Alakazam|0 fnt
|faint|p2a: Alakazam
|
|
|switch|p2a: Vaporeon|Vaporeon, F|340\/464
|turn|25
|
|move|p2a: Vaporeon|Protect|p2a: Vaporeon
|-singleturn|p2a: Vaporeon|Protect
|move|p1a: Shaymin|Seed Flare|p2a: Vaporeon
|-activate|p2a: Vaporeon|Protect
|
|-heal|p2a: Vaporeon|369\/464|[from] item: Leftovers
|turn|26
|-message|Haunted.Shadow forfeited.
|leave|Haunted.Shadow
|
|win|dont know why
|raw|Ladder updating...
|player|p2
|raw|dont know why's rating: 1507 &rarr; <strong>1528<\/strong><br \/>(+21 for winning)
|raw|Haunted.Shadow's rating: 1531 &rarr; <strong>1510<\/strong><br \/>(-21 for losing)