|join|Haunted.Shadow
|join|Uncooltrainer Kek
|player|p1|Haunted.Shadow|81
|player|p2|Uncooltrainer Kek|266
|gametype|singles
|gen|6
|tier|UU
|rated
|rule|Sleep Clause Mod: Limit one foe put to sleep
|rule|Species Clause: Limit one of each PokÃ©mon
|rule|OHKO Clause: OHKO moves are banned
|rule|Moody Clause: Moody is banned
|rule|Evasion Moves Clause: Evasion moves are banned
|rule|Endless Battle Clause: Forcing endless battles is banned
|rule|HP Percentage Mod: HP is shown in percentages
|clearpoke
|poke|p1|Suicune
|poke|p1|Roserade, F
|poke|p1|Zygarde
|poke|p1|Jirachi
|poke|p1|Gallade, M
|poke|p1|Hydreigon, M
|poke|p2|Empoleon, F
|poke|p2|Celebi
|poke|p2|Hydreigon, F
|poke|p2|Swampert, M
|poke|p2|Lopunny, F
|poke|p2|Tentacruel, M
|rule|Swagger Clause: Swagger is banned
|rule|Baton Pass Clause: Limit one PokÃ©mon knowing Baton Pass
|teampreview
|
|start
|switch|p1a: Gallade|Gallade, M|278\/278
|switch|p2a: Tentacruel|Tentacruel, M|361\/361
|turn|1
|
|detailschange|p1a: Gallade|Gallade-Mega, M
|message|Gallade has Mega Evolved into Mega Gallade!
|move|p1a: Gallade|Zen Headbutt|p2a: Tentacruel
|-supereffective|p2a: Tentacruel
|-damage|p2a: Tentacruel|49\/361
|move|p2a: Tentacruel|Scald|p1a: Gallade
|-damage|p1a: Gallade|208\/278
|-status|p1a: Gallade|brn
|
|-heal|p2a: Tentacruel|71\/361|[from] item: Black Sludge
|-damage|p1a: Gallade|174\/278 brn|[from] brn
|turn|2
|
|switch|p2a: Swampert|Swampert, M|404\/404
|move|p1a: Gallade|Knock Off|p2a: Swampert
|-damage|p2a: Swampert|350\/404
|-enditem|p2a: Swampert|Leftovers|[from] move: Knock Off|[of] p1a: Gallade
|
|-damage|p1a: Gallade|140\/278 brn|[from] brn
|turn|3
|
|move|p1a: Gallade|Swords Dance|p1a: Gallade
|-boost|p1a: Gallade|atk|2
|move|p2a: Swampert|Stealth Rock|p1a: Gallade
|-sidestart|p1: Haunted.Shadow|move: Stealth Rock
|
|-damage|p1a: Gallade|106\/278 brn|[from] brn
|turn|4
|
|switch|p2a: Celebi|Celebi|403\/403
|move|p1a: Gallade|Close Combat|p2a: Celebi
|-resisted|p2a: Celebi
|-damage|p2a: Celebi|274\/403
|-unboost|p1a: Gallade|def|1
|-unboost|p1a: Gallade|spd|1
|
|-heal|p2a: Celebi|299\/403|[from] item: Leftovers
|-damage|p1a: Gallade|72\/278 brn|[from] brn
|turn|5
|
|switch|p2a: Tentacruel|Tentacruel, M|71\/361
|move|p1a: Gallade|Knock Off|p2a: Tentacruel
|-damage|p2a: Tentacruel|0 fnt
|-enditem|p2a: Tentacruel|Black Sludge|[from] move: Knock Off|[of] p1a: Gallade
|faint|p2a: Tentacruel
|
|-damage|p1a: Gallade|38\/278 brn|[from] brn
|
|switch|p2a: Lopunny|Lopunny, F|272\/272
|turn|6
|
|detailschange|p2a: Lopunny|Lopunny-Mega, F
|message|Lopunny has Mega Evolved into Mega Lopunny!
|move|p2a: Lopunny|Fake Out|p1a: Gallade
|-damage|p1a: Gallade|0 fnt
|faint|p1a: Gallade
|
|
|switch|p1a: Suicune|Suicune|403\/403
|-damage|p1a: Suicune|353\/403|[from] Stealth Rock
|-ability|p1a: Suicune|Pressure
|turn|7
|
|switch|p2a: Celebi|Celebi|299\/403
|move|p1a: Suicune|Scald|p2a: Celebi
|-resisted|p2a: Celebi
|-damage|p2a: Celebi|269\/403
|
|-heal|p2a: Celebi|294\/403|[from] item: Leftovers
|-heal|p1a: Suicune|378\/403|[from] item: Leftovers
|turn|8
|
|switch|p1a: Jirachi|Jirachi|403\/403
|-damage|p1a: Jirachi|378\/403|[from] Stealth Rock
|move|p2a: Celebi|U-turn|p1a: Jirachi
|-damage|p1a: Jirachi|332\/403
|
|switch|p2a: Hydreigon|Hydreigon, F|325\/325
|
|-heal|p1a: Jirachi|357\/403|[from] item: Leftovers
|turn|9
|
|switch|p1a: Zygarde|Zygarde|419\/419
|-damage|p1a: Zygarde|393\/419|[from] Stealth Rock
|-ability|p1a: Zygarde|Aura Break
|move|p2a: Hydreigon|Dark Pulse|p1a: Zygarde
|-damage|p1a: Zygarde|259\/419
|-damage|p2a: Hydreigon|293\/325|[from] item: Life Orb
|
|-heal|p1a: Zygarde|285\/419|[from] item: Leftovers
|turn|10
|
|switch|p1a: Jirachi|Jirachi|357\/403
|-damage|p1a: Jirachi|332\/403|[from] Stealth Rock
|move|p2a: Hydreigon|Draco Meteor|p1a: Jirachi
|-crit|p1a: Jirachi
|-resisted|p1a: Jirachi
|-damage|p1a: Jirachi|120\/403
|-unboost|p2a: Hydreigon|spa|2
|-damage|p2a: Hydreigon|261\/325|[from] item: Life Orb
|
|-heal|p1a: Jirachi|145\/403|[from] item: Leftovers
|turn|11
|
|switch|p2a: Swampert|Swampert, M|350\/404
|move|p1a: Jirachi|Iron Head|p2a: Swampert
|-resisted|p2a: Swampert
|-damage|p2a: Swampert|313\/404
|
|-heal|p1a: Jirachi|170\/403|[from] item: Leftovers
|turn|12
|
|move|p1a: Jirachi|Stealth Rock|p2a: Swampert
|-sidestart|p2: Uncooltrainer Kek|move: Stealth Rock
|move|p2a: Swampert|Scald|p1a: Jirachi
|-damage|p1a: Jirachi|89\/403
|-status|p1a: Jirachi|brn
|
|-heal|p1a: Jirachi|114\/403 brn|[from] item: Leftovers
|-damage|p1a: Jirachi|64\/403 brn|[from] brn
|turn|13
|c|âHaunted.Shadow|really
|
|move|p1a: Jirachi|Toxic|p2a: Swampert
|-status|p2a: Swampert|tox
|move|p2a: Swampert|Earthquake|p1a: Jirachi
|-supereffective|p1a: Jirachi
|-damage|p1a: Jirachi|0 fnt
|faint|p1a: Jirachi
|
|-damage|p2a: Swampert|288\/404 tox|[from] psn
|
|switch|p1a: Roserade|Roserade, F|262\/262
|-damage|p1a: Roserade|230\/262|[from] Stealth Rock
|turn|14
|
|switch|p2a: Empoleon|Empoleon, F|372\/372
|-damage|p2a: Empoleon|349\/372|[from] Stealth Rock
|move|p1a: Roserade|Leaf Storm|p2a: Empoleon
|-damage|p2a: Empoleon|137\/372
|-unboost|p1a: Roserade|spa|2
|-damage|p1a: Roserade|204\/262|[from] item: Life Orb
|
|-heal|p2a: Empoleon|160\/372|[from] item: Leftovers
|turn|15
|
|move|p1a: Roserade|Sleep Powder|p2a: Empoleon
|-status|p2a: Empoleon|slp
|cant|p2a: Empoleon|slp
|
|-heal|p2a: Empoleon|183\/372 slp|[from] item: Leftovers
|turn|16
|
|switch|p1a: Zygarde|Zygarde|285\/419
|-damage|p1a: Zygarde|259\/419|[from] Stealth Rock
|-ability|p1a: Zygarde|Aura Break
|cant|p2a: Empoleon|slp
|
|-heal|p1a: Zygarde|285\/419|[from] item: Leftovers
|-heal|p2a: Empoleon|206\/372 slp|[from] item: Leftovers
|turn|17
|
|move|p1a: Zygarde|Substitute|p1a: Zygarde
|-start|p1a: Zygarde|Substitute
|-damage|p1a: Zygarde|181\/419
|-curestatus|p2a: Empoleon|slp
|move|p2a: Empoleon|Ice Beam|p1a: Zygarde
|-supereffective|p1a: Zygarde
|-end|p1a: Zygarde|Substitute
|
|-heal|p1a: Zygarde|207\/419|[from] item: Leftovers
|-heal|p2a: Empoleon|229\/372|[from] item: Leftovers
|turn|18
|
|move|p1a: Zygarde|Substitute|p1a: Zygarde
|-start|p1a: Zygarde|Substitute
|-damage|p1a: Zygarde|103\/419
|move|p2a: Empoleon|Ice Beam|p1a: Zygarde
|-supereffective|p1a: Zygarde
|-end|p1a: Zygarde|Substitute
|
|-heal|p1a: Zygarde|129\/419|[from] item: Leftovers
|-heal|p2a: Empoleon|252\/372|[from] item: Leftovers
|turn|19
|
|move|p1a: Zygarde|Earthquake|p2a: Empoleon
|-supereffective|p2a: Empoleon
|-damage|p2a: Empoleon|0 fnt
|faint|p2a: Empoleon
|
|-heal|p1a: Zygarde|155\/419|[from] item: Leftovers
|
|switch|p2a: Hydreigon|Hydreigon, F|261\/325
|-damage|p2a: Hydreigon|221\/325|[from] Stealth Rock
|turn|20
|
|move|p2a: Hydreigon|Draco Meteor|p1a: Zygarde
|-supereffective|p1a: Zygarde
|-damage|p1a: Zygarde|0 fnt
|-unboost|p2a: Hydreigon|spa|2
|-damage|p2a: Hydreigon|189\/325|[from] item: Life Orb
|faint|p1a: Zygarde
|
|
|switch|p1a: Suicune|Suicune|378\/403
|-damage|p1a: Suicune|328\/403|[from] Stealth Rock
|-ability|p1a: Suicune|Pressure
|turn|21
|
|switch|p2a: Celebi|Celebi|294\/403
|-damage|p2a: Celebi|244\/403|[from] Stealth Rock
|move|p1a: Suicune|Calm Mind|p1a: Suicune
|-boost|p1a: Suicune|spa|1
|-boost|p1a: Suicune|spd|1
|
|-heal|p2a: Celebi|269\/403|[from] item: Leftovers
|-heal|p1a: Suicune|353\/403|[from] item: Leftovers
|turn|22
|
|move|p2a: Celebi|Perish Song|p2a: Celebi
|-fieldactivate|move: Perish Song
|move|p1a: Suicune|Calm Mind|p1a: Suicune
|-boost|p1a: Suicune|spa|1
|-boost|p1a: Suicune|spd|1
|
|-start|p2a: Celebi|perish3
|-start|p1a: Suicune|perish3
|-heal|p2a: Celebi|294\/403|[from] item: Leftovers
|-heal|p1a: Suicune|378\/403|[from] item: Leftovers
|turn|23
|
|move|p2a: Celebi|U-turn|p1a: Suicune
|-damage|p1a: Suicune|346\/403
|
|switch|p2a: Swampert|Swampert, M|288\/404 tox
|-damage|p2a: Swampert|263\/404 tox|[from] Stealth Rock
|move|p1a: Suicune|Scald|p2a: Swampert
|-damage|p2a: Swampert|89\/404 tox
|
|-start|p1a: Suicune|perish2
|-heal|p1a: Suicune|371\/403|[from] item: Leftovers
|-damage|p2a: Swampert|64\/404 tox|[from] psn
|turn|24
|
|move|p1a: Suicune|Scald|p2a: Swampert
|-damage|p2a: Swampert|0 fnt
|faint|p2a: Swampert
|
|-start|p1a: Suicune|perish1
|-heal|p1a: Suicune|396\/403|[from] item: Leftovers
|
|switch|p2a: Celebi|Celebi|294\/403
|-damage|p2a: Celebi|244\/403|[from] Stealth Rock
|turn|25
|
|switch|p1a: Roserade|Roserade, F|204\/262
|-damage|p1a: Roserade|172\/262|[from] Stealth Rock
|move|p2a: Celebi|U-turn|p1a: Roserade
|-damage|p1a: Roserade|102\/262
|
|switch|p2a: Lopunny|Lopunny-Mega, F|272\/272
|-damage|p2a: Lopunny|255\/272|[from] Stealth Rock
|
|turn|26
|
|switch|p1a: Suicune|Suicune|396\/403
|-damage|p1a: Suicune|346\/403|[from] Stealth Rock
|-ability|p1a: Suicune|Pressure
|move|p2a: Lopunny|Return|p1a: Suicune
|-damage|p1a: Suicune|217\/403
|
|-heal|p1a: Suicune|242\/403|[from] item: Leftovers
|turn|27
|
|move|p2a: Lopunny|High Jump Kick|p1a: Suicune
|-damage|p1a: Suicune|95\/403
|move|p1a: Suicune|Scald|p2a: Lopunny
|-damage|p2a: Lopunny|161\/272
|-status|p2a: Lopunny|brn
|
|-heal|p1a: Suicune|120\/403|[from] item: Leftovers
|-damage|p2a: Lopunny|127\/272 brn|[from] brn
|turn|28
|
|move|p2a: Lopunny|Power-Up Punch|p1a: Suicune
|-damage|p1a: Suicune|95\/403
|-boost|p2a: Lopunny|atk|1
|move|p1a: Suicune|Rest|p1a: Suicune
|-status|p1a: Suicune|slp
|-heal|p1a: Suicune|403\/403 slp|[silent]
|-status|p1a: Suicune|slp|[from] move: Rest
|
|-damage|p2a: Lopunny|93\/272 brn|[from] brn
|turn|29
|
|move|p2a: Lopunny|Power-Up Punch|p1a: Suicune
|-damage|p1a: Suicune|369\/403 slp
|-boost|p2a: Lopunny|atk|1
|cant|p1a: Suicune|slp
|move|p1a: Suicune|Sleep Talk|p1a: Suicune
|move|p1a: Suicune|Rest|p1a: Suicune|[from]Sleep Talk
|-fail|p1a: Suicune
|
|-heal|p1a: Suicune|394\/403 slp|[from] item: Leftovers
|-damage|p2a: Lopunny|59\/272 brn|[from] brn
|turn|30
|
|move|p2a: Lopunny|High Jump Kick|p1a: Suicune
|-damage|p1a: Suicune|243\/403 slp
|cant|p1a: Suicune|slp
|move|p1a: Suicune|Sleep Talk|p1a: Suicune
|move|p1a: Suicune|Calm Mind|p1a: Suicune|[from]Sleep Talk
|-boost|p1a: Suicune|spa|1
|-boost|p1a: Suicune|spd|1
|
|-heal|p1a: Suicune|268\/403 slp|[from] item: Leftovers
|-damage|p2a: Lopunny|25\/272 brn|[from] brn
|turn|31
|
|move|p2a: Lopunny|High Jump Kick|p1a: Suicune
|-damage|p1a: Suicune|103\/403 slp
|-curestatus|p1a: Suicune|slp
|move|p1a: Suicune|Scald|p2a: Lopunny
|-damage|p2a: Lopunny|0 fnt
|faint|p2a: Lopunny
|
|-heal|p1a: Suicune|128\/403|[from] item: Leftovers
|
|switch|p2a: Hydreigon|Hydreigon, F|189\/325
|-damage|p2a: Hydreigon|149\/325|[from] Stealth Rock
|turn|32
|
|move|p2a: Hydreigon|Draco Meteor|p1a: Suicune
|-damage|p1a: Suicune|0 fnt
|-unboost|p2a: Hydreigon|spa|2
|-damage|p2a: Hydreigon|117\/325|[from] item: Life Orb
|faint|p1a: Suicune
|
|
|switch|p1a: Hydreigon|Hydreigon, M|326\/326
|-damage|p1a: Hydreigon|286\/326|[from] Stealth Rock
|turn|33
|
|switch|p2a: Celebi|Celebi|244\/403
|-damage|p2a: Celebi|194\/403|[from] Stealth Rock
|move|p1a: Hydreigon|U-turn|p2a: Celebi
|-supereffective|p2a: Celebi
|-damage|p2a: Celebi|0 fnt
|faint|p2a: Celebi
|
|switch|p1a: Roserade|Roserade, F|102\/262
|-damage|p1a: Roserade|70\/262|[from] Stealth Rock
|
|c|âHaunted.Shadow|gg
|c|âUncooltrainer Kek|gg
|-message|Uncooltrainer Kek forfeited.
|
|win|Haunted.Shadow
|raw|Ladder updating...
|leave|Uncooltrainer Kek
|player|p2
|raw|Haunted.Shadow's rating: 1297 &rarr; <strong>1322<\/strong><br \/>(+25 for winning)
|raw|Uncooltrainer Kek's rating: 1292 &rarr; <strong>1267<\/strong><br \/>(-25 for losing)