|join|Haunted.Shadow
|join|Catniss Everdeen
|player|p1|Haunted.Shadow|197
|player|p2|Catniss Everdeen|55
|gametype|singles
|gen|6
|tier|UU
|rule|Sleep Clause Mod: Limit one foe put to sleep
|rule|Species Clause: Limit one of each PokÃ©mon
|rule|OHKO Clause: OHKO moves are banned
|rule|Moody Clause: Moody is banned
|rule|Evasion Moves Clause: Evasion moves are banned
|rule|Endless Battle Clause: Forcing endless battles is banned
|rule|HP Percentage Mod: HP is shown in percentages
|clearpoke
|poke|p1|Jellicent, F
|poke|p1|Blissey, F
|poke|p1|Gligar, M
|poke|p1|Vaporeon, F
|poke|p1|Chesnaught, M
|poke|p1|Tentacruel, F
|poke|p2|Infernape, M
|poke|p2|Noivern, F
|poke|p2|Machamp, F, shiny
|poke|p2|Jirachi, shiny
|poke|p2|Sharpedo, F
|poke|p2|Vaporeon, F
|rule|Swagger Clause: Swagger is banned
|rule|Baton Pass Clause: Limit one PokÃ©mon knowing Baton Pass
|teampreview
|c|âCatniss Everdeen|gl friend
|c|âHaunted.Shadow|u 2
|
|start
|switch|p1a: Tentacruel|Tentacruel, F|363\/363
|switch|p2a: Feanor|Infernape, M|293\/293
|turn|1
|
|move|p2a: Feanor|Stealth Rock|p1a: Tentacruel
|-sidestart|p1: Haunted.Shadow|move: Stealth Rock
|move|p1a: Tentacruel|Toxic Spikes|p2a: Feanor
|-sidestart|p2: Catniss Everdeen|move: Toxic Spikes
|
|turn|2
|
|move|p2a: Feanor|Taunt|p1a: Tentacruel
|-start|p1a: Tentacruel|move: Taunt
|move|p1a: Tentacruel|Rapid Spin|p2a: Feanor
|-damage|p2a: Feanor|281\/293
|-sideend|p1: Haunted.Shadow|Stealth Rock|[from] move: Rapid Spin|[of] p1a: Tentacruel
|
|turn|3
|
|switch|p2a: Seastone|Vaporeon, F|464\/464
|-status|p2a: Seastone|psn
|move|p1a: Tentacruel|Rapid Spin|p2a: Seastone
|-damage|p2a: Seastone|454\/464 psn
|
|-heal|p2a: Seastone|464\/464 psn|[from] item: Leftovers
|-damage|p2a: Seastone|406\/464 psn|[from] psn
|turn|4
|
|switch|p1a: Chesnaught|Chesnaught, M|380\/380
|move|p2a: Seastone|Wish|p2a: Seastone
|
|-heal|p2a: Seastone|435\/464 psn|[from] item: Leftovers
|-damage|p2a: Seastone|377\/464 psn|[from] psn
|turn|5
|
|switch|p2a: Wishmaster|Jirachi, shiny|341\/341
|move|p1a: Chesnaught|Spikes|p2a: Wishmaster
|-sidestart|p2: Catniss Everdeen|Spikes
|
|turn|6
|
|switch|p1a: Tentacruel|Tentacruel, F|363\/363
|move|p2a: Wishmaster|Trick|p1a: Tentacruel
|-activate|p2a: Wishmaster|move: Trick|[of] p1a: Tentacruel
|-item|p1a: Tentacruel|Choice Scarf|[from] move: Trick
|-item|p2a: Wishmaster|Black Sludge|[from] move: Trick
|
|-damage|p2a: Wishmaster|299\/341|[from] item: Black Sludge
|turn|7
|c|âCatniss Everdeen|ow
|c|âCatniss Everdeen|why
|
|move|p1a: Tentacruel|Toxic Spikes|p2a: Wishmaster
|-sidestart|p2: Catniss Everdeen|move: Toxic Spikes
|move|p2a: Wishmaster|Zen Headbutt|p1a: Tentacruel
|-supereffective|p1a: Tentacruel
|-damage|p1a: Tentacruel|145\/363
|
|-damage|p2a: Wishmaster|257\/341|[from] item: Black Sludge
|turn|8
|c|âCatniss Everdeen|why cant we be friends black sludge
|c|âHaunted.Shadow|i canceled D:
|c|âHaunted.Shadow|DD:
|
|switch|p1a: Gligar|Gligar, M|333\/333
|move|p2a: Wishmaster|Zen Headbutt|p1a: Gligar|[miss]
|-miss|p2a: Wishmaster|p1a: Gligar
|
|-damage|p2a: Wishmaster|215\/341|[from] item: Black Sludge
|turn|9
|
|move|p2a: Wishmaster|Trick|p1a: Gligar
|-activate|p2a: Wishmaster|move: Trick|[of] p1a: Gligar
|-item|p1a: Gligar|Black Sludge|[from] move: Trick
|-item|p2a: Wishmaster|Eviolite|[from] move: Trick
|move|p1a: Gligar|Stealth Rock|p2a: Wishmaster
|-sidestart|p2: Catniss Everdeen|move: Stealth Rock
|
|-damage|p1a: Gligar|292\/333|[from] item: Black Sludge
|turn|10
|c|âCatniss Everdeen|go away sludge
|c|âHaunted.Shadow|pls
|
|move|p2a: Wishmaster|Iron Head|p1a: Gligar
|-damage|p1a: Gligar|201\/333
|cant|p1a: Gligar|flinch
|
|-damage|p1a: Gligar|160\/333|[from] item: Black Sludge
|turn|11
|
|move|p2a: Wishmaster|Iron Head|p1a: Gligar
|-damage|p1a: Gligar|66\/333
|move|p1a: Gligar|Earthquake|p2a: Wishmaster
|-supereffective|p2a: Wishmaster
|-damage|p2a: Wishmaster|35\/341
|
|-damage|p1a: Gligar|25\/333|[from] item: Black Sludge
|turn|12
|
|move|p2a: Wishmaster|Iron Head|p1a: Gligar
|-crit|p1a: Gligar
|-damage|p1a: Gligar|0 fnt
|faint|p1a: Gligar
|
|
|switch|p1a: Tentacruel|Tentacruel, F|145\/363
|turn|13
|
|move|p1a: Tentacruel|Scald|p2a: Wishmaster
|-damage|p2a: Wishmaster|0 fnt
|faint|p2a: Wishmaster
|
|join|kektus
|
|switch|p2a: Kisame|Sharpedo, F|281\/281
|-status|p2a: Kisame|tox
|-damage|p2a: Kisame|246\/281 tox|[from] Stealth Rock
|-damage|p2a: Kisame|211\/281 tox|[from] Spikes
|turn|14
|
|switch|p1a: Chesnaught|Chesnaught, M|380\/380
|detailschange|p2a: Kisame|Sharpedo-Mega, F
|-mega|p2a: Kisame|Sharpedo|Sharpedonite
|move|p2a: Kisame|Crunch|p1a: Chesnaught
|-resisted|p1a: Chesnaught
|-damage|p1a: Chesnaught|298\/380
|-damage|p2a: Kisame|165\/281 tox|[from] item: Rocky Helmet|[of] p1a: Chesnaught
|
|-damage|p2a: Kisame|148\/281 tox|[from] psn
|turn|15
|
|move|p2a: Kisame|Ice Fang|p1a: Chesnaught
|-supereffective|p1a: Chesnaught
|-damage|p1a: Chesnaught|134\/380
|-damage|p2a: Kisame|102\/281 tox|[from] item: Rocky Helmet|[of] p1a: Chesnaught
|move|p1a: Chesnaught|Leech Seed|p2a: Kisame
|-start|p2a: Kisame|move: Leech Seed
|
|-damage|p2a: Kisame|67\/281 tox|[from] Leech Seed|[of] p1a: Chesnaught
|-heal|p1a: Chesnaught|169\/380|[silent]
|-damage|p2a: Kisame|33\/281 tox|[from] psn
|turn|16
|
|move|p2a: Kisame|Ice Fang|p1a: Chesnaught
|-supereffective|p1a: Chesnaught
|-damage|p1a: Chesnaught|0 fnt
|-damage|p2a: Kisame|0 fnt|[from] item: Rocky Helmet|[of] p1a: Chesnaught
|faint|p2a: Kisame
|faint|p1a: Chesnaught
|
|leave|kektus
|
|switch|p1a: Tentacruel|Tentacruel, F|145\/363
|switch|p2a: He's Angry|Machamp, F, shiny|383\/383
|-status|p2a: He's Angry|tox
|-damage|p2a: He's Angry|336\/383 tox|[from] Spikes
|-damage|p2a: He's Angry|313\/383 tox|[from] Stealth Rock
|turn|17
|join|tazzie
|join|CelebiGoneWild
|
|switch|p1a: Vaporeon|Vaporeon, F|432\/432
|move|p2a: He's Angry|Dynamic Punch|p1a: Vaporeon
|-crit|p1a: Vaporeon
|-damage|p1a: Vaporeon|81\/432
|-start|p1a: Vaporeon|confusion
|-damage|p2a: He's Angry|275\/383 tox|[from] item: Life Orb
|
|-heal|p1a: Vaporeon|108\/432|[from] item: Leftovers
|-damage|p2a: He's Angry|252\/383 tox|[from] psn
|turn|18
|leave|tazzie
|
|-activate|p1a: Vaporeon|confusion
|move|p1a: Vaporeon|Protect|p1a: Vaporeon
|-singleturn|p1a: Vaporeon|Protect
|move|p2a: He's Angry|Knock Off|p1a: Vaporeon
|-activate|p1a: Vaporeon|Protect
|
|-heal|p1a: Vaporeon|135\/432|[from] item: Leftovers
|-damage|p2a: He's Angry|206\/383 tox|[from] psn
|turn|19
|
|-activate|p1a: Vaporeon|confusion
|move|p1a: Vaporeon|Scald|p2a: He's Angry
|-damage|p2a: He's Angry|85\/383 tox
|move|p2a: He's Angry|Dynamic Punch|p1a: Vaporeon
|-damage|p1a: Vaporeon|0 fnt
|-damage|p2a: He's Angry|47\/383 tox|[from] item: Life Orb
|faint|p1a: Vaporeon
|
|-damage|p2a: He's Angry|0 fnt|[from] psn
|faint|p2a: He's Angry
|
|switch|p2a: Weezer|Noivern, F|311\/311
|switch|p1a: Tentacruel|Tentacruel, F|145\/363
|-damage|p2a: Weezer|234\/311|[from] Stealth Rock
|turn|20
|
|switch|p1a: Blissey|Blissey, F|713\/713
|move|p2a: Weezer|Air Slash|p1a: Blissey
|-damage|p1a: Blissey|600\/713
|-damage|p2a: Weezer|203\/311|[from] item: Life Orb
|
|-heal|p1a: Blissey|644\/713|[from] item: Leftovers
|turn|21
|
|move|p2a: Weezer|Taunt|p1a: Blissey
|-start|p1a: Blissey|move: Taunt
|move|p1a: Blissey|Seismic Toss|p2a: Weezer
|-damage|p2a: Weezer|103\/311
|
|-heal|p1a: Blissey|688\/713|[from] item: Leftovers
|turn|22
|
|move|p2a: Weezer|Roost|p2a: Weezer
|-heal|p2a: Weezer|259\/311
|move|p1a: Blissey|Seismic Toss|p2a: Weezer
|-damage|p2a: Weezer|159\/311
|
|-heal|p1a: Blissey|713\/713|[from] item: Leftovers
|turn|23
|
|move|p2a: Weezer|Roost|p2a: Weezer
|-heal|p2a: Weezer|311\/311
|move|p1a: Blissey|Seismic Toss|p2a: Weezer
|-damage|p2a: Weezer|211\/311
|
|-end|p1a: Blissey|move: Taunt
|turn|24
|
|switch|p1a: Jellicent|Jellicent, F|403\/403
|move|p2a: Weezer|Air Slash|p1a: Jellicent
|-damage|p1a: Jellicent|263\/403
|-damage|p2a: Weezer|180\/311|[from] item: Life Orb
|
|-heal|p1a: Jellicent|288\/403|[from] item: Leftovers
|turn|25
|
|switch|p1a: Blissey|Blissey, F|713\/713
|move|p2a: Weezer|Air Slash|p1a: Blissey
|-damage|p1a: Blissey|600\/713
|-damage|p2a: Weezer|149\/311|[from] item: Life Orb
|
|-heal|p1a: Blissey|644\/713|[from] item: Leftovers
|turn|26
|c|âCatniss Everdeen|so
|c|âCatniss Everdeen|im hungry, gg
|-message|Catniss Everdeen forfeited.
|c|âHaunted.Shadow|gg
|c|âCatniss Everdeen|i woulda lost aqnyways
|
|win|Haunted.Shadow
|c|âHaunted.Shadow|probs
|leave|Haunted.Shadow
|leave|Catniss Everdeen
|player|p1
|player|p2