|join|Bellicose
|join|Tehy
|player|p1|Bellicose|1
|player|p2|Tehy|235
|gametype|singles
|gen|6
|tier|OU
|rated
|clearpoke
|poke|p1|Landorus-Therian, M
|poke|p1|Chesnaught, F
|poke|p1|Heatran, F
|poke|p1|Mew
|poke|p1|Manectric, F
|poke|p1|Suicune
|poke|p2|Celebi
|poke|p2|Jirachi
|poke|p2|Togekiss, M
|poke|p2|Ampharos, F
|poke|p2|Mew
|poke|p2|Gliscor, F
|rule|Swagger Clause: Swagger is banned
|rule|Baton Pass Clause: Limit one PokÃ©mon knowing Baton Pass
|rule|Sleep Clause Mod: Limit one foe put to sleep
|rule|Species Clause: Limit one of each PokÃ©mon
|rule|OHKO Clause: OHKO moves are banned
|rule|Moody Clause: Moody is banned
|rule|Evasion Moves Clause: Evasion moves are banned
|rule|Endless Battle Clause: Forcing endless battles is banned
|rule|HP Percentage Mod: HP is shown in percentages
|teampreview
|join|breeloom
|
|start
|switch|p1a: The Machine|Manectric, F|281\/281
|switch|p2a: Ampharos|Ampharos, F|384\/384
|turn|1
|
|detailschange|p1a: The Machine|Manectric-Mega, F
|message|Manectric has Mega Evolved into Mega Manectric!
|-ability|p1a: The Machine|Intimidate|[of] p2a: Ampharos
|-unboost|p2a: Ampharos|atk|1
|detailschange|p2a: Ampharos|Ampharos-Mega, F
|message|Ampharos has Mega Evolved into Mega Ampharos!
|-ability|p2a: Ampharos|Mold Breaker
|move|p1a: The Machine|Volt Switch|p2a: Ampharos
|-resisted|p2a: Ampharos
|-damage|p2a: Ampharos|362\/384
|
|switch|p1a: Meow :3|Mew|404\/404
|move|p2a: Ampharos|Dragon Pulse|p1a: Meow :3
|-damage|p1a: Meow :3|295\/404
|
|-heal|p1a: Meow :3|320\/404|[from] item: Leftovers
|turn|2
|
|move|p1a: Meow :3|Will-O-Wisp|p2a: Ampharos
|-status|p2a: Ampharos|brn
|move|p2a: Ampharos|Discharge|p1a: Meow :3
|-damage|p1a: Meow :3|221\/404
|
|-heal|p1a: Meow :3|246\/404|[from] item: Leftovers
|-damage|p2a: Ampharos|314\/384 brn|[from] brn
|turn|3
|
|move|p1a: Meow :3|Taunt|p2a: Ampharos
|-start|p2a: Ampharos|move: Taunt
|move|p2a: Ampharos|Discharge|p1a: Meow :3
|-damage|p1a: Meow :3|141\/404
|-status|p1a: Meow :3|par
|
|-heal|p1a: Meow :3|166\/404 par|[from] item: Leftovers
|-damage|p2a: Ampharos|266\/384 brn|[from] brn
|turn|4
|
|move|p2a: Ampharos|Dragon Pulse|p1a: Meow :3
|-damage|p1a: Meow :3|48\/404 par
|move|p1a: Meow :3|Roost|p1a: Meow :3
|-heal|p1a: Meow :3|250\/404 par
|
|-heal|p1a: Meow :3|275\/404 par|[from] item: Leftovers
|-damage|p2a: Ampharos|218\/384 brn|[from] brn
|turn|5
|
|move|p2a: Ampharos|Dragon Pulse|p1a: Meow :3
|-damage|p1a: Meow :3|167\/404 par
|move|p1a: Meow :3|Knock Off|p2a: Ampharos
|-damage|p2a: Ampharos|176\/384 brn
|
|-heal|p1a: Meow :3|192\/404 par|[from] item: Leftovers
|-damage|p2a: Ampharos|128\/384 brn|[from] brn
|-end|p2a: Ampharos|move: Taunt
|turn|6
|
|move|p2a: Ampharos|Rest|p2a: Ampharos
|-status|p2a: Ampharos|slp
|-heal|p2a: Ampharos|384\/384 slp|[silent]
|-status|p2a: Ampharos|slp|[from] move: Rest
|move|p1a: Meow :3|Roost|p1a: Meow :3
|-heal|p1a: Meow :3|394\/404 par
|
|-heal|p1a: Meow :3|404\/404 par|[from] item: Leftovers
|turn|7
|
|switch|p1a: Magma Head !|Heatran, F|386\/386
|cant|p2a: Ampharos|slp
|move|p2a: Ampharos|Sleep Talk|p2a: Ampharos
|move|p2a: Ampharos|Dragon Pulse|p1a: Magma Head !|[from]Sleep Talk
|-resisted|p1a: Magma Head !
|-damage|p1a: Magma Head !|329\/386
|
|-heal|p1a: Magma Head !|353\/386|[from] item: Leftovers
|turn|8
|
|switch|p2a: Gliscor|Gliscor, F|354\/354
|move|p1a: Magma Head !|Stealth Rock|p2a: Gliscor
|-sidestart|p2: Tehy|move: Stealth Rock
|
|-heal|p1a: Magma Head !|377\/386|[from] item: Leftovers
|-status|p2a: Gliscor|tox|[from] item: Toxic Orb
|turn|9
|
|switch|p2a: Togekiss|Togekiss, M|374\/374
|-damage|p2a: Togekiss|281\/374|[from] Stealth Rock
|switch|p1a: Scald Jesus xD|Suicune|403\/403
|-ability|p1a: Scald Jesus xD|Pressure
|
|-heal|p2a: Togekiss|304\/374|[from] item: Leftovers
|turn|10
|
|move|p2a: Togekiss|Defog|p1a: Scald Jesus xD
|-unboost|p1a: Scald Jesus xD|evasion|1
|-sideend|p2: Tehy|Stealth Rock|[from] move: Defog|[of] p2a: Togekiss
|move|p1a: Scald Jesus xD|Scald|p2a: Togekiss
|-damage|p2a: Togekiss|235\/374
|-status|p2a: Togekiss|brn
|
|-heal|p2a: Togekiss|258\/374 brn|[from] item: Leftovers
|-damage|p2a: Togekiss|212\/374 brn|[from] brn
|turn|11
|
|switch|p2a: Celebi|Celebi|404\/404
|switch|p1a: Magma Head !|Heatran, F|377\/386
|
|-heal|p1a: Magma Head !|386\/386|[from] item: Leftovers
|turn|12
|
|move|p2a: Celebi|Baton Pass|p2a: Celebi
|
|switch|p2a: Mew|Mew|404\/404
|move|p1a: Magma Head !|Stealth Rock|p2a: Mew
|-sidestart|p2: Tehy|move: Stealth Rock
|
|turn|13
|c|âTehy|run from quake mew
|c|âTehy|or somethin
|c|âTehy|idk
|
|move|p2a: Mew|Knock Off|p1a: Magma Head !
|-damage|p1a: Magma Head !|325\/386
|-enditem|p1a: Magma Head !|Leftovers|[from] move: Knock Off|[of] p2a: Mew
|move|p1a: Magma Head !|Will-O-Wisp|p2a: Mew|[miss]
|-miss|p1a: Magma Head !|p2a: Mew
|
|turn|14
|
|switch|p2a: Gliscor|Gliscor, F|354\/354 tox
|-damage|p2a: Gliscor|310\/354 tox|[from] Stealth Rock
|move|p1a: Magma Head !|Lava Plume|p2a: Gliscor
|-damage|p2a: Gliscor|157\/354 tox
|
|-heal|p2a: Gliscor|201\/354 tox|[from] ability: Poison Heal
|turn|15
|
|switch|p1a: Scald Jesus xD|Suicune|403\/403
|-ability|p1a: Scald Jesus xD|Pressure
|move|p2a: Gliscor|Roost|p2a: Gliscor
|-heal|p2a: Gliscor|354\/354 tox
|
|turn|16
|
|switch|p2a: Celebi|Celebi|404\/404
|-damage|p2a: Celebi|354\/404|[from] Stealth Rock
|switch|p1a: Meow :3|Mew|404\/404 par
|
|-heal|p2a: Celebi|379\/404|[from] item: Leftovers
|turn|17
|
|move|p2a: Celebi|Baton Pass|p2a: Celebi
|
|switch|p2a: Ampharos|Ampharos-Mega, F|384\/384 slp
|-damage|p2a: Ampharos|336\/384 slp|[from] Stealth Rock
|-ability|p2a: Ampharos|Mold Breaker
|move|p1a: Meow :3|Knock Off|p2a: Ampharos
|-damage|p2a: Ampharos|292\/384 slp
|
|turn|18
|
|switch|p1a: Big Guy|Landorus-Therian, M|322\/322
|-ability|p1a: Big Guy|Intimidate|[of] p2a: Ampharos
|-unboost|p2a: Ampharos|atk|1
|cant|p2a: Ampharos|slp
|
|turn|19
|
|switch|p2a: Gliscor|Gliscor, F|354\/354 tox
|-damage|p2a: Gliscor|310\/354 tox|[from] Stealth Rock
|move|p1a: Big Guy|U-turn|p2a: Gliscor
|-resisted|p2a: Gliscor
|-damage|p2a: Gliscor|279\/354 tox
|
|switch|p1a: The Machine|Manectric-Mega, F|281\/281
|-ability|p1a: The Machine|Intimidate|[of] p2a: Gliscor
|-unboost|p2a: Gliscor|atk|1
|
|-heal|p2a: Gliscor|323\/354 tox|[from] ability: Poison Heal
|turn|20
|
|switch|p2a: Mew|Mew|404\/404
|-damage|p2a: Mew|354\/404|[from] Stealth Rock
|move|p1a: The Machine|Hidden Power|p2a: Mew
|-damage|p2a: Mew|285\/404
|
|-heal|p2a: Mew|310\/404|[from] item: Leftovers
|turn|21
|
|move|p1a: The Machine|Volt Switch|p2a: Mew
|-damage|p2a: Mew|171\/404
|
|switch|p1a: Magma Head !|Heatran, F|325\/386
|move|p2a: Mew|Soft-Boiled|p2a: Mew
|-heal|p2a: Mew|373\/404
|
|-heal|p2a: Mew|398\/404|[from] item: Leftovers
|turn|22
|
|switch|p2a: Gliscor|Gliscor, F|323\/354 tox
|-damage|p2a: Gliscor|279\/354 tox|[from] Stealth Rock
|move|p1a: Magma Head !|Lava Plume|p2a: Gliscor
|-damage|p2a: Gliscor|123\/354 tox
|
|-heal|p2a: Gliscor|167\/354 tox|[from] ability: Poison Heal
|turn|23
|
|switch|p1a: The Machine|Manectric-Mega, F|281\/281
|-ability|p1a: The Machine|Intimidate|[of] p2a: Gliscor
|-unboost|p2a: Gliscor|atk|1
|move|p2a: Gliscor|Roost|p2a: Gliscor
|-heal|p2a: Gliscor|344\/354 tox
|
|-heal|p2a: Gliscor|354\/354 tox|[from] ability: Poison Heal
|turn|24
|
|switch|p2a: Jirachi|Jirachi|404\/404
|-damage|p2a: Jirachi|379\/404|[from] Stealth Rock
|move|p1a: The Machine|Hidden Power|p2a: Jirachi
|-resisted|p2a: Jirachi
|-damage|p2a: Jirachi|354\/404
|
|-heal|p2a: Jirachi|379\/404|[from] item: Leftovers
|turn|25
|
|move|p1a: The Machine|Overheat|p2a: Jirachi|[miss]
|-miss|p1a: The Machine|p2a: Jirachi
|move|p2a: Jirachi|Stealth Rock|p1a: The Machine
|-sidestart|p1: Bellicose|move: Stealth Rock
|
|-heal|p2a: Jirachi|404\/404|[from] item: Leftovers
|turn|26
|
|move|p1a: The Machine|Volt Switch|p2a: Jirachi
|-damage|p2a: Jirachi|308\/404
|
|switch|p1a: Le Chesnut|Chesnaught, F|379\/379
|-damage|p1a: Le Chesnut|356\/379|[from] Stealth Rock
|move|p2a: Jirachi|Wish|p2a: Jirachi
|
|-heal|p2a: Jirachi|333\/404|[from] item: Leftovers
|-heal|p1a: Le Chesnut|379\/379|[from] item: Leftovers
|turn|27
|
|move|p2a: Jirachi|Iron Head|p1a: Le Chesnut
|-damage|p1a: Le Chesnut|321\/379
|move|p1a: Le Chesnut|Roar|p2a: Jirachi
|drag|p2a: Gliscor|Gliscor, F|354\/354 tox
|-damage|p2a: Gliscor|310\/354 tox|[from] Stealth Rock
|
|-heal|p2a: Gliscor|354\/354 tox|[from] move: Wish|[wisher] Jirachi
|-heal|p1a: Le Chesnut|344\/379|[from] item: Leftovers
|turn|28
|
|switch|p1a: Scald Jesus xD|Suicune|403\/403
|-damage|p1a: Scald Jesus xD|353\/403|[from] Stealth Rock
|-ability|p1a: Scald Jesus xD|Pressure
|move|p2a: Gliscor|Acrobatics|p1a: Scald Jesus xD
|-damage|p1a: Scald Jesus xD|313\/403
|
|-heal|p1a: Scald Jesus xD|338\/403|[from] item: Leftovers
|turn|29
|
|switch|p2a: Celebi|Celebi|379\/404
|-damage|p2a: Celebi|329\/404|[from] Stealth Rock
|move|p1a: Scald Jesus xD|Scald|p2a: Celebi
|-resisted|p2a: Celebi
|-damage|p2a: Celebi|295\/404
|
|-heal|p2a: Celebi|320\/404|[from] item: Leftovers
|-heal|p1a: Scald Jesus xD|363\/403|[from] item: Leftovers
|turn|30
|
|move|p2a: Celebi|Giga Drain|p1a: Scald Jesus xD
|-supereffective|p1a: Scald Jesus xD
|-damage|p1a: Scald Jesus xD|195\/403
|-heal|p2a: Celebi|404\/404|[from] drain|[of] p1a: Scald Jesus xD
|move|p1a: Scald Jesus xD|Scald|p2a: Celebi
|-resisted|p2a: Celebi
|-damage|p2a: Celebi|370\/404
|-status|p2a: Celebi|brn
|
|-heal|p2a: Celebi|395\/404 brn|[from] item: Leftovers
|-heal|p1a: Scald Jesus xD|220\/403|[from] item: Leftovers
|-damage|p2a: Celebi|345\/404 brn|[from] brn
|turn|31
|
|move|p2a: Celebi|Baton Pass|p2a: Celebi
|
|switch|p2a: Ampharos|Ampharos-Mega, F|292\/384 slp
|-damage|p2a: Ampharos|244\/384 slp|[from] Stealth Rock
|-ability|p2a: Ampharos|Mold Breaker
|move|p1a: Scald Jesus xD|Rest|p1a: Scald Jesus xD
|-status|p1a: Scald Jesus xD|slp
|-heal|p1a: Scald Jesus xD|403\/403 slp|[silent]
|-status|p1a: Scald Jesus xD|slp|[from] move: Rest
|
|turn|32
|
|switch|p1a: Meow :3|Mew|404\/404 par
|-damage|p1a: Meow :3|354\/404 par|[from] Stealth Rock
|-curestatus|p2a: Ampharos|slp
|move|p2a: Ampharos|Sleep Talk|p2a: Ampharos
|-fail|p2a: Ampharos
|
|-heal|p1a: Meow :3|379\/404 par|[from] item: Leftovers
|turn|33
|
|move|p2a: Ampharos|Rest|p2a: Ampharos
|-status|p2a: Ampharos|slp
|-heal|p2a: Ampharos|384\/384 slp|[silent]
|-status|p2a: Ampharos|slp|[from] move: Rest
|move|p1a: Meow :3|Roost|p1a: Meow :3
|-heal|p1a: Meow :3|404\/404 par
|
|turn|34
|
|cant|p2a: Ampharos|slp
|move|p2a: Ampharos|Sleep Talk|p2a: Ampharos
|move|p2a: Ampharos|Dragon Pulse|p1a: Meow :3|[from]Sleep Talk
|-damage|p1a: Meow :3|293\/404 par
|cant|p1a: Meow :3|par
|
|-heal|p1a: Meow :3|318\/404 par|[from] item: Leftovers
|turn|35
|
|cant|p2a: Ampharos|slp
|move|p2a: Ampharos|Sleep Talk|p2a: Ampharos
|move|p2a: Ampharos|Dragon Pulse|p1a: Meow :3|[from]Sleep Talk
|-crit|p1a: Meow :3
|-damage|p1a: Meow :3|158\/404 par
|move|p1a: Meow :3|Taunt|p2a: Ampharos
|-start|p2a: Ampharos|move: Taunt
|
|-heal|p1a: Meow :3|183\/404 par|[from] item: Leftovers
|turn|36
|
|-curestatus|p2a: Ampharos|slp
|move|p2a: Ampharos|Dragon Pulse|p1a: Meow :3
|-crit|p1a: Meow :3
|-damage|p1a: Meow :3|20\/404 par
|move|p1a: Meow :3|Roost|p1a: Meow :3
|-heal|p1a: Meow :3|222\/404 par
|
|-heal|p1a: Meow :3|247\/404 par|[from] item: Leftovers
|turn|37
|
|switch|p2a: Gliscor|Gliscor, F|354\/354 tox
|-damage|p2a: Gliscor|310\/354 tox|[from] Stealth Rock
|move|p1a: Meow :3|Roost|p1a: Meow :3
|-heal|p1a: Meow :3|404\/404 par
|
|-heal|p2a: Gliscor|354\/354 tox|[from] ability: Poison Heal
|turn|38
|
|switch|p1a: Scald Jesus xD|Suicune|403\/403 slp
|-damage|p1a: Scald Jesus xD|353\/403 slp|[from] Stealth Rock
|-ability|p1a: Scald Jesus xD|Pressure
|move|p2a: Gliscor|Earthquake|p1a: Scald Jesus xD
|-damage|p1a: Scald Jesus xD|275\/403 slp
|
|-heal|p1a: Scald Jesus xD|300\/403 slp|[from] item: Leftovers
|turn|39
|
|switch|p2a: Ampharos|Ampharos-Mega, F|384\/384
|-damage|p2a: Ampharos|336\/384|[from] Stealth Rock
|-ability|p2a: Ampharos|Mold Breaker
|switch|p1a: Le Chesnut|Chesnaught, F|344\/379
|-damage|p1a: Le Chesnut|321\/379|[from] Stealth Rock
|
|-heal|p1a: Le Chesnut|344\/379|[from] item: Leftovers
|turn|40
|
|move|p1a: Le Chesnut|Spikes|p2a: Ampharos
|-sidestart|p2: Tehy|Spikes
|move|p2a: Ampharos|Dragon Pulse|p1a: Le Chesnut
|-damage|p1a: Le Chesnut|146\/379
|
|-heal|p1a: Le Chesnut|169\/379|[from] item: Leftovers
|turn|41
|
|move|p1a: Le Chesnut|Synthesis|p1a: Le Chesnut
|-heal|p1a: Le Chesnut|358\/379
|move|p2a: Ampharos|Dragon Pulse|p1a: Le Chesnut
|-damage|p1a: Le Chesnut|183\/379
|
|-heal|p1a: Le Chesnut|206\/379|[from] item: Leftovers
|turn|42
|
|move|p1a: Le Chesnut|Spikes|p2a: Ampharos
|-sidestart|p2: Tehy|Spikes
|move|p2a: Ampharos|Discharge|p1a: Le Chesnut
|-resisted|p1a: Le Chesnut
|-damage|p1a: Le Chesnut|120\/379
|-status|p1a: Le Chesnut|par
|
|-heal|p1a: Le Chesnut|143\/379 par|[from] item: Leftovers
|turn|43
|
|move|p2a: Ampharos|Dragon Pulse|p1a: Le Chesnut
|-damage|p1a: Le Chesnut|0 fnt
|faint|p1a: Le Chesnut
|
|
|switch|p1a: Big Guy|Landorus-Therian, M|322\/322
|-damage|p1a: Big Guy|282\/322|[from] Stealth Rock
|-ability|p1a: Big Guy|Intimidate|[of] p2a: Ampharos
|-unboost|p2a: Ampharos|atk|1
|turn|44
|
|switch|p2a: Gliscor|Gliscor, F|354\/354 tox
|-damage|p2a: Gliscor|310\/354 tox|[from] Stealth Rock
|move|p1a: Big Guy|U-turn|p2a: Gliscor
|-resisted|p2a: Gliscor
|-damage|p2a: Gliscor|277\/354 tox
|
|switch|p1a: The Machine|Manectric-Mega, F|281\/281
|-damage|p1a: The Machine|246\/281|[from] Stealth Rock
|-ability|p1a: The Machine|Intimidate|[of] p2a: Gliscor
|-unboost|p2a: Gliscor|atk|1
|
|-heal|p2a: Gliscor|321\/354 tox|[from] ability: Poison Heal
|turn|45
|join|Druides
|
|switch|p2a: Mew|Mew|398\/404
|-damage|p2a: Mew|331\/404|[from] Spikes
|-damage|p2a: Mew|281\/404|[from] Stealth Rock
|move|p1a: The Machine|Hidden Power|p2a: Mew
|-damage|p2a: Mew|202\/404
|
|-heal|p2a: Mew|227\/404|[from] item: Leftovers
|turn|46
|
|move|p1a: The Machine|Thunderbolt|p2a: Mew
|-crit|p2a: Mew
|-damage|p2a: Mew|0 fnt
|faint|p2a: Mew
|
|c|âTehy|nice 1
|
|switch|p2a: Celebi|Celebi|345\/404
|-damage|p2a: Celebi|295\/404|[from] Stealth Rock
|-damage|p2a: Celebi|228\/404|[from] Spikes
|turn|47
|
|move|p1a: The Machine|Overheat|p2a: Celebi
|-supereffective|p2a: Celebi
|-damage|p2a: Celebi|14\/404
|-unboost|p1a: The Machine|spa|2
|move|p2a: Celebi|Recover|p2a: Celebi
|-heal|p2a: Celebi|216\/404
|
|-heal|p2a: Celebi|241\/404|[from] item: Leftovers
|turn|48
|
|move|p1a: The Machine|Volt Switch|p2a: Celebi
|-resisted|p2a: Celebi
|-damage|p2a: Celebi|218\/404
|
|switch|p1a: Big Guy|Landorus-Therian, M|282\/322
|-damage|p1a: Big Guy|242\/322|[from] Stealth Rock
|-ability|p1a: Big Guy|Intimidate|[of] p2a: Celebi
|-unboost|p2a: Celebi|atk|1
|move|p2a: Celebi|Recover|p2a: Celebi
|-heal|p2a: Celebi|404\/404
|
|turn|49
|
|switch|p2a: Gliscor|Gliscor, F|321\/354 tox
|-damage|p2a: Gliscor|277\/354 tox|[from] Stealth Rock
|move|p1a: Big Guy|U-turn|p2a: Gliscor
|-resisted|p2a: Gliscor
|-damage|p2a: Gliscor|245\/354 tox
|
|switch|p1a: The Machine|Manectric-Mega, F|246\/281
|-damage|p1a: The Machine|211\/281|[from] Stealth Rock
|-ability|p1a: The Machine|Intimidate|[of] p2a: Gliscor
|-unboost|p2a: Gliscor|atk|1
|
|-heal|p2a: Gliscor|289\/354 tox|[from] ability: Poison Heal
|turn|50
|
|move|p1a: The Machine|Hidden Power|p2a: Gliscor
|-supereffective|p2a: Gliscor
|-damage|p2a: Gliscor|0 fnt
|faint|p2a: Gliscor
|
|
|switch|p2a: Celebi|Celebi|404\/404
|-damage|p2a: Celebi|354\/404|[from] Stealth Rock
|-damage|p2a: Celebi|287\/404|[from] Spikes
|turn|51
|leave|breeloom
|
|move|p1a: The Machine|Volt Switch|p2a: Celebi
|-resisted|p2a: Celebi
|-damage|p2a: Celebi|240\/404
|
|switch|p1a: Magma Head !|Heatran, F|325\/386
|-damage|p1a: Magma Head !|277\/386|[from] Stealth Rock
|move|p2a: Celebi|Giga Drain|p1a: Magma Head !
|-resisted|p1a: Magma Head !
|-damage|p1a: Magma Head !|262\/386
|-heal|p2a: Celebi|248\/404|[from] drain|[of] p1a: Magma Head !
|
|-heal|p2a: Celebi|273\/404|[from] item: Leftovers
|turn|52
|c|âTehy|yep, should've just not done that
|
|move|p2a: Celebi|Calm Mind|p2a: Celebi
|-boost|p2a: Celebi|spa|1
|-boost|p2a: Celebi|spd|1
|move|p1a: Magma Head !|Lava Plume|p2a: Celebi
|-supereffective|p2a: Celebi
|-damage|p2a: Celebi|153\/404
|
|-heal|p2a: Celebi|178\/404|[from] item: Leftovers
|turn|53
|
|move|p2a: Celebi|Calm Mind|p2a: Celebi
|-boost|p2a: Celebi|spa|1
|-boost|p2a: Celebi|spd|1
|move|p1a: Magma Head !|Roar|p2a: Celebi
|drag|p2a: Togekiss|Togekiss, M|212\/374 brn
|-damage|p2a: Togekiss|119\/374 brn|[from] Stealth Rock
|
|-heal|p2a: Togekiss|142\/374 brn|[from] item: Leftovers
|-damage|p2a: Togekiss|96\/374 brn|[from] brn
|turn|54
|
|switch|p1a: The Machine|Manectric-Mega, F|211\/281
|-damage|p1a: The Machine|176\/281|[from] Stealth Rock
|-ability|p1a: The Machine|Intimidate|[of] p2a: Togekiss
|-unboost|p2a: Togekiss|atk|1
|move|p2a: Togekiss|Defog|p1a: The Machine
|-unboost|p1a: The Machine|evasion|1
|-sideend|p1: Bellicose|Stealth Rock|[from] move: Defog|[of] p1a: The Machine
|-sideend|p2: Tehy|Spikes|[from] move: Defog|[of] p2a: Togekiss
|-sideend|p2: Tehy|Stealth Rock|[from] move: Defog|[of] p2a: Togekiss
|
|-heal|p2a: Togekiss|119\/374 brn|[from] item: Leftovers
|-damage|p2a: Togekiss|73\/374 brn|[from] brn
|turn|55
|
|switch|p2a: Ampharos|Ampharos-Mega, F|336\/384
|-ability|p2a: Ampharos|Mold Breaker
|move|p1a: The Machine|Thunderbolt|p2a: Ampharos
|-resisted|p2a: Ampharos
|-damage|p2a: Ampharos|306\/384
|
|turn|56
|
|move|p1a: The Machine|Volt Switch|p2a: Ampharos
|-resisted|p2a: Ampharos
|-damage|p2a: Ampharos|283\/384
|
|switch|p1a: Magma Head !|Heatran, F|262\/386
|move|p2a: Ampharos|Dragon Pulse|p1a: Magma Head !
|-resisted|p1a: Magma Head !
|-damage|p1a: Magma Head !|211\/386
|
|turn|57
|
|switch|p2a: Togekiss|Togekiss, M|73\/374 brn
|move|p1a: Magma Head !|Stealth Rock|p2a: Togekiss
|-sidestart|p2: Tehy|move: Stealth Rock
|
|-heal|p2a: Togekiss|96\/374 brn|[from] item: Leftovers
|-damage|p2a: Togekiss|50\/374 brn|[from] brn
|turn|58
|
|move|p2a: Togekiss|Roost|p2a: Togekiss
|-heal|p2a: Togekiss|237\/374 brn
|move|p1a: Magma Head !|Lava Plume|p2a: Togekiss
|-damage|p2a: Togekiss|152\/374 brn
|
|-heal|p2a: Togekiss|175\/374 brn|[from] item: Leftovers
|-damage|p2a: Togekiss|129\/374 brn|[from] brn
|turn|59
|
|switch|p1a: The Machine|Manectric-Mega, F|176\/281
|-ability|p1a: The Machine|Intimidate|[of] p2a: Togekiss
|-unboost|p2a: Togekiss|atk|1
|move|p2a: Togekiss|Roost|p2a: Togekiss
|-heal|p2a: Togekiss|316\/374 brn
|
|-heal|p2a: Togekiss|339\/374 brn|[from] item: Leftovers
|-damage|p2a: Togekiss|293\/374 brn|[from] brn
|turn|60
|
|move|p1a: The Machine|Thunderbolt|p2a: Togekiss
|-supereffective|p2a: Togekiss
|-damage|p2a: Togekiss|35\/374 brn
|move|p2a: Togekiss|Roost|p2a: Togekiss
|-heal|p2a: Togekiss|222\/374 brn
|
|-heal|p2a: Togekiss|245\/374 brn|[from] item: Leftovers
|-damage|p2a: Togekiss|199\/374 brn|[from] brn
|turn|61
|
|move|p1a: The Machine|Volt Switch|p2a: Togekiss
|-crit|p2a: Togekiss
|-supereffective|p2a: Togekiss
|-damage|p2a: Togekiss|0 fnt
|faint|p2a: Togekiss
|join|dedic
|
|switch|p1a: Big Guy|Landorus-Therian, M|242\/322
|
|-message|Tehy forfeited.
|
|win|Bellicose
|raw|Ladder updating...
|leave|Tehy
|player|p2
|raw|Ladder (probably) updated, but score could not be retrieved (timeout).
|raw|Ladder (probably) updated, but score could not be retrieved (Error: socket hang up).