|join|bellicose
|join|Reverb
|player|p1|bellicose|266
|player|p2|Reverb|#reverb
|gametype|singles
|gen|6
|tier|OU
|clearpoke
|poke|p1|Skarmory, M
|poke|p1|Landorus, M
|poke|p1|Hydreigon, M
|poke|p1|Talonflame, F
|poke|p1|Conkeldurr, M
|poke|p1|Diancie
|poke|p2|Scizor, M
|poke|p2|Diggersby, F, shiny
|poke|p2|Raikou, shiny
|poke|p2|Azelf
|poke|p2|Greninja, F
|poke|p2|Latios, M, shiny
|rule|Swagger Clause: Swagger is banned
|rule|Baton Pass Clause: Limit one PokÃ©mon knowing Baton Pass
|rule|Sleep Clause Mod: Limit one foe put to sleep
|rule|Species Clause: Limit one of each PokÃ©mon
|rule|OHKO Clause: OHKO moves are banned
|rule|Moody Clause: Moody is banned
|rule|Evasion Moves Clause: Evasion moves are banned
|rule|Endless Battle Clause: Forcing endless battles is banned
|rule|HP Percentage Mod: HP is shown in percentages
|teampreview
bellicose made this room private.
|
|start
|switch|p1a: Diancie|Diancie|281\/281
|switch|p2a: Azelf|Azelf|291\/291
|turn|1
|
|detailschange|p1a: Diancie|Diancie-Mega
|message|Diancie has Mega Evolved into Mega Diancie!
|move|p2a: Azelf|Skill Swap|p1a: Diancie
|-activate|p2a: Azelf|move: Skill Swap|Magic Bounce|Levitate|[of] p1a: Diancie
|move|p1a: Diancie|Moonblast|p2a: Azelf
|-damage|p2a: Azelf|59\/291
|
|turn|2
|
|move|p2a: Azelf|Stealth Rock|p1a: Diancie
|-sidestart|p1: bellicose|move: Stealth Rock
|move|p1a: Diancie|Calm Mind|p1a: Diancie
|-boost|p1a: Diancie|spa|1
|-boost|p1a: Diancie|spd|1
|
|turn|3
|
|move|p2a: Azelf|Explosion|p1a: Diancie
|-resisted|p1a: Diancie
|-damage|p1a: Diancie|167\/281
|faint|p2a: Azelf
|move|p1a: Diancie|Moonblast|p2: Azelf|[notarget]
|-notarget
|
|
|switch|p2a: Scizor|Scizor, M|307\/307
|turn|4
|
|switch|p1a: Skarmory|Skarmory, M|334\/334
|-damage|p1a: Skarmory|293\/334|[from] Stealth Rock
|detailschange|p2a: Scizor|Scizor-Mega, M
|message|Scizor has Mega Evolved into Mega Scizor!
|move|p2a: Scizor|Bullet Punch|p1a: Skarmory
|-resisted|p1a: Skarmory
|-damage|p1a: Skarmory|252\/334
|-damage|p2a: Scizor|256\/307|[from] item: Rocky Helmet|[of] p1a: Skarmory
|
|turn|5
|
|move|p2a: Scizor|Swords Dance|p2a: Scizor
|-boost|p2a: Scizor|atk|2
|move|p1a: Skarmory|Defog|p2a: Scizor
|-unboost|p2a: Scizor|evasion|1
|-sideend|p1: bellicose|Stealth Rock|[from] move: Defog|[of] p1a: Skarmory
|
|turn|6
|
|move|p2a: Scizor|Superpower|p1a: Skarmory
|-damage|p1a: Skarmory|52\/334
|-damage|p2a: Scizor|205\/307|[from] item: Rocky Helmet|[of] p1a: Skarmory
|-unboost|p2a: Scizor|atk|1
|-unboost|p2a: Scizor|def|1
|move|p1a: Skarmory|Stealth Rock|p2a: Scizor
|-sidestart|p2: Reverb|move: Stealth Rock
|
|turn|7
|
|move|p2a: Scizor|Superpower|p1a: Skarmory
|-damage|p1a: Skarmory|0 fnt
|-damage|p2a: Scizor|154\/307|[from] item: Rocky Helmet|[of] p1a: Skarmory
|-unboost|p2a: Scizor|atk|1
|-unboost|p2a: Scizor|def|1
|faint|p1a: Skarmory
|
|
|switch|p1a: Talonflame|Talonflame, F|297\/297
|turn|8
|
|switch|p2a: Latios|Latios, M, shiny|301\/301
|-damage|p2a: Latios|264\/301|[from] Stealth Rock
|move|p1a: Talonflame|Bulk Up|p1a: Talonflame
|-boost|p1a: Talonflame|atk|1
|-boost|p1a: Talonflame|def|1
|
|turn|9
|
|move|p1a: Talonflame|Brave Bird|p2a: Latios
|-damage|p2a: Latios|0 fnt
|-damage|p1a: Talonflame|210\/297|[from] recoil|[of] p2a: Latios
|faint|p2a: Latios
|
|-heal|p1a: Talonflame|228\/297|[from] item: Leftovers
|c|âReverb|tsk
|c|âReverb|4th times a charm
|-message|Reverb forfeited.
|
|win|bellicose
|c|âReverb|if yo usave replay
|c|âbellicose|Kek
|c|âReverb|i ban you