|join|Bellicose
|join|jake5
|player|p1|Bellicose|1
|player|p2|jake5|290
|gametype|singles
|gen|6
|tier|OU
|rated
|clearpoke
|poke|p1|Raikou
|poke|p1|Charizard, M
|poke|p1|Latios, M
|poke|p1|Ferrothorn, F
|poke|p1|Landorus-Therian, M
|poke|p1|Slowbro, M
|poke|p2|Azelf, shiny
|poke|p2|Greninja, F, shiny
|poke|p2|Charizard, F, shiny
|poke|p2|Landorus, M, shiny
|poke|p2|Azumarill, F, shiny
|poke|p2|Gengar, F, shiny
|rule|Swagger Clause: Swagger is banned
|rule|Baton Pass Clause: Limit one PokÃ©mon knowing Baton Pass
|rule|Sleep Clause Mod: Limit one foe put to sleep
|rule|Species Clause: Limit one of each PokÃ©mon
|rule|OHKO Clause: OHKO moves are banned
|rule|Moody Clause: Moody is banned
|rule|Evasion Moves Clause: Evasion moves are banned
|rule|Endless Battle Clause: Forcing endless battles is banned
|rule|HP Percentage Mod: HP is shown in percentages
|teampreview
|
|start
|switch|p1a: Charizard|Charizard, M|333\/333
|switch|p2a: Azelf|Azelf, shiny|291\/291
|turn|1
|
|detailschange|p1a: Charizard|Charizard-Mega-X, M
|message|Charizard has Mega Evolved into Mega Charizard!
|move|p2a: Azelf|Taunt|p1a: Charizard
|-start|p1a: Charizard|move: Taunt
|move|p1a: Charizard|Dragon Claw|p2a: Azelf
|-damage|p2a: Azelf|15\/291
|
|turn|2
|
|move|p2a: Azelf|Stealth Rock|p1a: Charizard
|-sidestart|p1: Bellicose|move: Stealth Rock
|move|p1a: Charizard|Dragon Claw|p2a: Azelf
|-damage|p2a: Azelf|0 fnt
|faint|p2a: Azelf
|
|
|switch|p2a: Landorus|Landorus, M, shiny|339\/339
|turn|3
|
|move|p2a: Landorus|Knock Off|p1a: Charizard
|-crit|p1a: Charizard
|-damage|p1a: Charizard|226\/333
|-damage|p2a: Landorus|306\/339|[from] item: Life Orb
|move|p1a: Charizard|Flare Blitz|p2a: Landorus
|-damage|p2a: Landorus|0 fnt
|-damage|p1a: Charizard|125\/333|[from] recoil|[of] p2a: Landorus
|faint|p2a: Landorus
|
|-end|p1a: Charizard|move: Taunt
|join|Nazi that coming
|
|switch|p2a: Gengar|Gengar, F, shiny|261\/261
|turn|4
|
|move|p2a: Gengar|Shadow Ball|p1a: Charizard
|-damage|p1a: Charizard|0 fnt
|-damage|p2a: Gengar|235\/261|[from] item: Life Orb
|faint|p1a: Charizard
|
|
|switch|p1a: Raikou|Raikou|322\/322
|-damage|p1a: Raikou|282\/322|[from] Stealth Rock
|-ability|p1a: Raikou|Pressure
|turn|5
|
|switch|p2a: Azumarill|Azumarill, F, shiny|403\/403
|move|p1a: Raikou|Thunderbolt|p2a: Azumarill
|-supereffective|p2a: Azumarill
|-damage|p2a: Azumarill|167\/403
|
|turn|6
|
|switch|p1a: Ferrothorn|Ferrothorn, F|352\/352
|-damage|p1a: Ferrothorn|330\/352|[from] Stealth Rock
|move|p2a: Azumarill|Aqua Jet|p1a: Ferrothorn
|-resisted|p1a: Ferrothorn
|-damage|p1a: Ferrothorn|302\/352
|-damage|p2a: Azumarill|117\/403|[from] ability: Iron Barbs|[of] p1a: Ferrothorn
|
|-heal|p1a: Ferrothorn|324\/352|[from] item: Leftovers
|turn|7
|c| Nazi that coming|rekt
|raw|<div class="broadcast-red"><b>Moderated chat was set to +!<\/b><br \/>Only users of rank + and higher can talk.<\/div>
|
|switch|p2a: Charizard|Charizard, F, shiny|297\/297
|move|p1a: Ferrothorn|Stealth Rock|p2a: Charizard
|-sidestart|p2: jake5|move: Stealth Rock
|
|-heal|p1a: Ferrothorn|346\/352|[from] item: Leftovers
|turn|8
|
|switch|p1a: Slowbro|Slowbro, M|394\/394
|-damage|p1a: Slowbro|345\/394|[from] Stealth Rock
|detailschange|p2a: Charizard|Charizard-Mega-X, F, shiny
|message|Charizard has Mega Evolved into Mega Charizard!
|move|p2a: Charizard|Outrage|p1a: Slowbro
|-damage|p1a: Slowbro|152\/394
|
|-heal|p1a: Slowbro|176\/394|[from] item: Leftovers
|turn|9
|
|switch|p1a: Ferrothorn|Ferrothorn, F|346\/352
|-damage|p1a: Ferrothorn|324\/352|[from] Stealth Rock
|move|p2a: Charizard|Outrage|p1a: Ferrothorn
|-resisted|p1a: Ferrothorn
|-damage|p1a: Ferrothorn|222\/352
|-damage|p2a: Charizard|260\/297|[from] ability: Iron Barbs|[of] p1a: Ferrothorn
|
|-heal|p1a: Ferrothorn|244\/352|[from] item: Leftovers
|turn|10
|
|move|p2a: Charizard|Outrage|p1a: Ferrothorn
|-resisted|p1a: Ferrothorn
|-damage|p1a: Ferrothorn|154\/352
|-damage|p2a: Charizard|223\/297|[from] ability: Iron Barbs|[of] p1a: Ferrothorn
|move|p1a: Ferrothorn|Leech Seed|p2a: Charizard
|-start|p2a: Charizard|move: Leech Seed
|
|-end|p2a: Charizard|rampage
|-start|p2a: Charizard|confusion
|-heal|p1a: Ferrothorn|176\/352|[from] item: Leftovers
|-damage|p2a: Charizard|186\/297|[from] Leech Seed|[of] p1a: Ferrothorn
|-heal|p1a: Ferrothorn|213\/352|[silent]
|turn|11
|
|switch|p1a: Slowbro|Slowbro, M|307\/394
|-damage|p1a: Slowbro|258\/394|[from] Stealth Rock
|-activate|p2a: Charizard|confusion
|move|p2a: Charizard|Flare Blitz|p1a: Slowbro
|-resisted|p1a: Slowbro
|-damage|p1a: Slowbro|159\/394
|-damage|p2a: Charizard|153\/297|[from] recoil|[of] p1a: Slowbro
|
|-heal|p1a: Slowbro|183\/394|[from] item: Leftovers
|-damage|p2a: Charizard|116\/297|[from] Leech Seed|[of] p1a: Slowbro
|-heal|p1a: Slowbro|220\/394|[silent]
|turn|12
|
|-activate|p2a: Charizard|confusion
|-damage|p2a: Charizard|68\/297|[from] confusion
|move|p1a: Slowbro|Thunder Wave|p2a: Charizard
|-status|p2a: Charizard|par
|
|-heal|p1a: Slowbro|244\/394|[from] item: Leftovers
|-damage|p2a: Charizard|31\/297 par|[from] Leech Seed|[of] p1a: Slowbro
|-heal|p1a: Slowbro|281\/394|[silent]
|turn|13
|
|move|p1a: Slowbro|Slack Off|p1a: Slowbro
|-heal|p1a: Slowbro|394\/394
|-end|p2a: Charizard|confusion
|move|p2a: Charizard|Outrage|p1a: Slowbro
|-damage|p1a: Slowbro|201\/394
|
|-heal|p1a: Slowbro|225\/394|[from] item: Leftovers
|-damage|p2a: Charizard|0 fnt|[from] Leech Seed|[of] p1a: Slowbro
|-heal|p1a: Slowbro|256\/394|[silent]
|faint|p2a: Charizard
|
|switch|p2a: Greninja|Greninja, F, shiny|285\/285
|-damage|p2a: Greninja|250\/285|[from] Stealth Rock
|turn|14
|
|move|p2a: Greninja|Dark Pulse|p1a: Slowbro
|-start|p2a: Greninja|typechange|Dark|[from] Protean
|-supereffective|p1a: Slowbro
|-damage|p1a: Slowbro|0 fnt
|-damage|p2a: Greninja|222\/285|[from] item: Life Orb
|faint|p1a: Slowbro
|
|
|switch|p1a: Landorus-Therian|Landorus-Therian, M|325\/325
|-damage|p1a: Landorus-Therian|285\/325|[from] Stealth Rock
|-ability|p1a: Landorus-Therian|Intimidate|[of] p2a: Greninja
|-unboost|p2a: Greninja|atk|1
|turn|15
|
|switch|p2a: Azumarill|Azumarill, F, shiny|117\/403
|-damage|p2a: Azumarill|67\/403|[from] Stealth Rock
|move|p1a: Landorus-Therian|U-turn|p2a: Azumarill
|-resisted|p2a: Azumarill
|-damage|p2a: Azumarill|11\/403
|join|I'm Rick Astley
|
|switch|p1a: Latios|Latios, M|302\/302
|-damage|p1a: Latios|265\/302|[from] Stealth Rock
|
|turn|16
|
|move|p1a: Latios|Psyshock|p2a: Azumarill
|-damage|p2a: Azumarill|0 fnt
|-damage|p1a: Latios|235\/302|[from] item: Life Orb
|faint|p2a: Azumarill
|
|
|switch|p2a: Greninja|Greninja, F, shiny|222\/285
|-damage|p2a: Greninja|187\/285|[from] Stealth Rock
|turn|17
|
|move|p2a: Greninja|Ice Beam|p1a: Latios
|-start|p2a: Greninja|typechange|Ice|[from] Protean
|-supereffective|p1a: Latios
|-damage|p1a: Latios|0 fnt
|-damage|p2a: Greninja|159\/285|[from] item: Life Orb
|faint|p1a: Latios
|
|
|switch|p1a: Raikou|Raikou|282\/322
|-damage|p1a: Raikou|242\/322|[from] Stealth Rock
|-ability|p1a: Raikou|Pressure
|turn|18
|
|move|p2a: Greninja|Hydro Pump|p1a: Raikou
|-start|p2a: Greninja|typechange|Water|[from] Protean
|-damage|p1a: Raikou|90\/322
|-damage|p2a: Greninja|131\/285|[from] item: Life Orb
|move|p1a: Raikou|Thunderbolt|p2a: Greninja
|-supereffective|p2a: Greninja
|-damage|p2a: Greninja|0 fnt
|faint|p2a: Greninja
|
|
|switch|p2a: Gengar|Gengar, F, shiny|235\/261
|-damage|p2a: Gengar|203\/261|[from] Stealth Rock
|turn|19
|
|move|p1a: Raikou|Extrasensory|p2a: Gengar
|-supereffective|p2a: Gengar
|-damage|p2a: Gengar|0 fnt
|faint|p2a: Gengar
|
|win|Bellicose
|raw|Ladder updating...