|join|c0mp
|join|bellicose
|player|p1|c0mp|68
|player|p2|bellicose|#cpgtan
|gametype|singles
|gen|6
|tier|OU
|clearpoke
|poke|p1|Gallade, M
|poke|p1|Landorus-Therian, M
|poke|p1|Heatran, M
|poke|p1|Breloom, M
|poke|p1|Talonflame, F
|poke|p1|Latias, F
|poke|p2|Skarmory, M
|poke|p2|Landorus, M
|poke|p2|Talonflame, M
|poke|p2|Conkeldurr, F
|poke|p2|Diancie
|poke|p2|Chansey, F
|rule|Swagger Clause: Swagger is banned
|rule|Baton Pass Clause: Limit one PokÃ©mon knowing Baton Pass
|rule|Sleep Clause Mod: Limit one foe put to sleep
|rule|Species Clause: Limit one of each PokÃ©mon
|rule|OHKO Clause: OHKO moves are banned
|rule|Moody Clause: Moody is banned
|rule|Evasion Moves Clause: Evasion moves are banned
|rule|Endless Battle Clause: Forcing endless battles is banned
|rule|HP Percentage Mod: HP is shown in percentages
|teampreview
|
|start
|switch|p1a: Breloom|Breloom, M|261\/261
|switch|p2a: Landorus|Landorus, M|320\/320
|turn|1
|
|switch|p2a: Skarmory|Skarmory, M|334\/334
|switch|p1a: Latias|Latias, F|301\/301
|
|turn|2
|
|switch|p1a: Heatran|Heatran, M|385\/385
|move|p2a: Skarmory|Stealth Rock|p1a: Heatran
|-sidestart|p1: c0mp|move: Stealth Rock
|
|turn|3
|
|switch|p2a: Conkeldurr|Conkeldurr, F|414\/414
|move|p1a: Heatran|Stealth Rock|p2a: Conkeldurr
|-sidestart|p2: bellicose|move: Stealth Rock
|
|turn|4
|
|switch|p1a: Gallade|Gallade, M|277\/277
|-damage|p1a: Gallade|260\/277|[from] Stealth Rock
|move|p2a: Conkeldurr|Knock Off|p1a: Gallade
|-damage|p1a: Gallade|122\/277
|-boost|p1a: Gallade|atk|1|[from] ability: Justified
|
|turn|5
|
|detailschange|p1a: Gallade|Gallade-Mega, M
|message|Gallade has Mega Evolved into Mega Gallade!
|move|p1a: Gallade|Close Combat|p2a: Conkeldurr
|-damage|p2a: Conkeldurr|18\/414
|-unboost|p1a: Gallade|def|1
|-unboost|p1a: Gallade|spd|1
|move|p2a: Conkeldurr|Ice Punch|p1a: Gallade
|-damage|p1a: Gallade|0 fnt
|faint|p1a: Gallade
|
|c|âbellicose|Donked
|
|switch|p1a: Landorus-Therian|Landorus-Therian, M|325\/325
|-damage|p1a: Landorus-Therian|285\/325|[from] Stealth Rock
|-ability|p1a: Landorus-Therian|Intimidate|[of] p2a: Conkeldurr
|-unboost|p2a: Conkeldurr|atk|1
|turn|6
|
|switch|p2a: Skarmory|Skarmory, M|334\/334
|-damage|p2a: Skarmory|293\/334|[from] Stealth Rock
|move|p1a: Landorus-Therian|U-turn|p2a: Skarmory
|-resisted|p2a: Skarmory
|-damage|p2a: Skarmory|280\/334
|-damage|p1a: Landorus-Therian|231\/325|[from] item: Rocky Helmet|[of] p2a: Skarmory
|c|âc0mp|i made all my buttons purple
|join|Breeloom
|c|âc0mp|they look so ugly
|
|switch|p1a: Heatran|Heatran, M|385\/385
|-damage|p1a: Heatran|337\/385|[from] Stealth Rock
|
|-heal|p1a: Heatran|361\/385|[from] item: Leftovers
|turn|7
|
|switch|p2a: Conkeldurr|Conkeldurr, F|18\/414
|-damage|p2a: Conkeldurr|0 fnt|[from] Stealth Rock
|faint|p2a: Conkeldurr
|move|p1a: Heatran|Lava Plume|p2: Conkeldurr|[notarget]
|-notarget
|
|-heal|p1a: Heatran|385\/385|[from] item: Leftovers
|
|switch|p2a: Landorus|Landorus, M|320\/320
|-damage|p2a: Landorus|280\/320|[from] Stealth Rock
|turn|8
|
|move|p2a: Landorus|Calm Mind|p2a: Landorus
|-boost|p2a: Landorus|spa|1
|-boost|p2a: Landorus|spd|1
|move|p1a: Heatran|Lava Plume|p2a: Landorus
|-damage|p2a: Landorus|192\/320
|
|turn|9
|
|switch|p1a: Latias|Latias, F|301\/301
|-damage|p1a: Latias|264\/301|[from] Stealth Rock
|move|p2a: Landorus|Calm Mind|p2a: Landorus
|-boost|p2a: Landorus|spa|1
|-boost|p2a: Landorus|spd|1
|
|turn|10
|
|move|p1a: Latias|Psyshock|p2a: Landorus
|-damage|p2a: Landorus|4\/320
|-damage|p1a: Latias|234\/301|[from] item: Life Orb
|move|p2a: Landorus|Sludge Wave|p1a: Latias
|-crit|p1a: Latias
|-damage|p1a: Latias|0 fnt
|faint|p1a: Latias
|
|
|switch|p1a: Landorus-Therian|Landorus-Therian, M|231\/325
|-damage|p1a: Landorus-Therian|191\/325|[from] Stealth Rock
|-ability|p1a: Landorus-Therian|Intimidate|[of] p2a: Landorus
|-unboost|p2a: Landorus|atk|1
|turn|11
|c| Breeloom|rip
|
|switch|p2a: Skarmory|Skarmory, M|280\/334
|-damage|p2a: Skarmory|239\/334|[from] Stealth Rock
|move|p1a: Landorus-Therian|U-turn|p2a: Skarmory
|-resisted|p2a: Skarmory
|-damage|p2a: Skarmory|225\/334
|-damage|p1a: Landorus-Therian|137\/325|[from] item: Rocky Helmet|[of] p2a: Skarmory
|
|switch|p1a: Heatran|Heatran, M|385\/385
|-damage|p1a: Heatran|337\/385|[from] Stealth Rock
|
|-heal|p1a: Heatran|361\/385|[from] item: Leftovers
|turn|12
|
|switch|p2a: Chansey|Chansey, F|641\/641
|-damage|p2a: Chansey|561\/641|[from] Stealth Rock
|move|p1a: Heatran|Lava Plume|p2a: Chansey
|-damage|p2a: Chansey|501\/641
|-status|p2a: Chansey|brn
|
|-heal|p1a: Heatran|385\/385|[from] item: Leftovers
|-damage|p2a: Chansey|421\/641 brn|[from] brn
|turn|13
|
|move|p1a: Heatran|Taunt|p2a: Chansey
|-start|p2a: Chansey|move: Taunt
|move|p2a: Chansey|Seismic Toss|p1a: Heatran
|-damage|p1a: Heatran|285\/385
|
|-heal|p1a: Heatran|309\/385|[from] item: Leftovers
|-damage|p2a: Chansey|341\/641 brn|[from] brn
|turn|14
|
|switch|p1a: Breloom|Breloom, M|261\/261
|-damage|p1a: Breloom|245\/261|[from] Stealth Rock
|move|p2a: Chansey|Seismic Toss|p1a: Breloom
|-damage|p1a: Breloom|145\/261
|
|-damage|p2a: Chansey|261\/641 brn|[from] brn
|-status|p1a: Breloom|tox|[from] item: Toxic Orb
|turn|15
|
|move|p1a: Breloom|Swords Dance|p1a: Breloom
|-boost|p1a: Breloom|atk|2
|move|p2a: Chansey|Seismic Toss|p1a: Breloom
|-damage|p1a: Breloom|45\/261 tox
|
|-heal|p1a: Breloom|77\/261 tox|[from] ability: Poison Heal
|-damage|p2a: Chansey|181\/641 brn|[from] brn
|-end|p2a: Chansey|move: Taunt
|turn|16
|
|move|p1a: Breloom|Facade|p2a: Chansey
|-damage|p2a: Chansey|0 fnt
|faint|p2a: Chansey
|
|-heal|p1a: Breloom|109\/261 tox|[from] ability: Poison Heal
|c|âc0mp|i will sweep You
|c|âc0mp|Ok
|
|switch|p2a: Talonflame|Talonflame, M|298\/298
|-damage|p2a: Talonflame|149\/298|[from] Stealth Rock
|turn|17
|c| Breeloom|haha im a good mon :)
|c| Breeloom|altho srsly whats the purpose of faÃ§ade..
|c|âc0mp|>faÃ§ade
|c|âc0mp|lel
|
|switch|p1a: Heatran|Heatran, M|309\/385
|-damage|p1a: Heatran|261\/385|[from] Stealth Rock
|move|p2a: Talonflame|Brave Bird|p1a: Heatran
|-resisted|p1a: Heatran
|-damage|p1a: Heatran|186\/385
|-damage|p2a: Talonflame|124\/298|[from] recoil|[of] p1a: Heatran
|
|-heal|p2a: Talonflame|142\/298|[from] item: Leftovers
|-heal|p1a: Heatran|210\/385|[from] item: Leftovers
|turn|18
|
|move|p2a: Talonflame|Roost|p2a: Talonflame
|-heal|p2a: Talonflame|291\/298
|move|p1a: Heatran|Lava Plume|p2a: Talonflame
|-resisted|p2a: Talonflame
|-damage|p2a: Talonflame|216\/298
|
|-heal|p2a: Talonflame|234\/298|[from] item: Leftovers
|-heal|p1a: Heatran|234\/385|[from] item: Leftovers
|turn|19
|
|move|p2a: Talonflame|Bulk Up|p2a: Talonflame
|-boost|p2a: Talonflame|atk|1
|-boost|p2a: Talonflame|def|1
|move|p1a: Heatran|Taunt|p2a: Talonflame
|-start|p2a: Talonflame|move: Taunt
|
|-heal|p2a: Talonflame|252\/298|[from] item: Leftovers
|-heal|p1a: Heatran|258\/385|[from] item: Leftovers
|turn|20
|c|âc0mp|this is a cteam set
|
|move|p2a: Talonflame|Brave Bird|p1a: Heatran
|-resisted|p1a: Heatran
|-damage|p1a: Heatran|156\/385
|-damage|p2a: Talonflame|218\/298|[from] recoil|[of] p1a: Heatran
|move|p1a: Heatran|Lava Plume|p2a: Talonflame
|-resisted|p2a: Talonflame
|-damage|p2a: Talonflame|140\/298
|
|-heal|p2a: Talonflame|158\/298|[from] item: Leftovers
|-heal|p1a: Heatran|180\/385|[from] item: Leftovers
|turn|21
|c|âc0mp|noob
|
|switch|p2a: Landorus|Landorus, M|4\/320
|-damage|p2a: Landorus|0 fnt|[from] Stealth Rock
|faint|p2a: Landorus
|move|p1a: Heatran|Lava Plume|p2: Landorus|[notarget]
|-notarget
|
|-heal|p1a: Heatran|204\/385|[from] item: Leftovers
|
|switch|p2a: Diancie|Diancie|281\/281
|-damage|p2a: Diancie|246\/281|[from] Stealth Rock
|turn|22
|
|switch|p1a: Landorus-Therian|Landorus-Therian, M|137\/325
|-damage|p1a: Landorus-Therian|97\/325|[from] Stealth Rock
|-ability|p1a: Landorus-Therian|Intimidate|[of] p2a: Diancie
|-fail|p2a: Diancie|unboost|[from] ability: Clear Body|[of] p2a: Diancie
|detailschange|p2a: Diancie|Diancie-Mega
|message|Diancie has Mega Evolved into Mega Diancie!
|move|p2a: Diancie|Earth Power|p1a: Landorus-Therian
|-immune|p1a: Landorus-Therian|[msg]
|
|turn|23
|
|switch|p2a: Skarmory|Skarmory, M|225\/334
|-damage|p2a: Skarmory|184\/334|[from] Stealth Rock
|move|p1a: Landorus-Therian|Earthquake|p2a: Skarmory
|-immune|p2a: Skarmory|[msg]
|
|turn|24
|
|switch|p1a: Heatran|Heatran, M|204\/385
|-damage|p1a: Heatran|156\/385|[from] Stealth Rock
|move|p2a: Skarmory|Roost|p2a: Skarmory
|-heal|p2a: Skarmory|334\/334
|
|-heal|p1a: Heatran|180\/385|[from] item: Leftovers
|turn|25
|
|move|p1a: Heatran|Lava Plume|p2a: Skarmory
|-supereffective|p2a: Skarmory
|-damage|p2a: Skarmory|44\/334
|move|p2a: Skarmory|Defog|p1a: Heatran
|-unboost|p1a: Heatran|evasion|1
|-sideend|p1: c0mp|Stealth Rock|[from] move: Defog|[of] p1a: Heatran
|-sideend|p2: bellicose|Stealth Rock|[from] move: Defog|[of] p2a: Skarmory
|
|-heal|p1a: Heatran|204\/385|[from] item: Leftovers
|turn|26
|
|switch|p2a: Diancie|Diancie-Mega|246\/281
|move|p1a: Heatran|Taunt|p2a: Diancie
|move|p2a: Diancie|Taunt|p1a: Heatran|[from]Magic Bounce
|-start|p1a: Heatran|move: Taunt
|
|-heal|p1a: Heatran|228\/385|[from] item: Leftovers
|turn|27
|c|âbellicose|Donked!
|
|move|p2a: Diancie|Earth Power|p1a: Heatran
|-supereffective|p1a: Heatran
|-damage|p1a: Heatran|0 fnt
|faint|p1a: Heatran
|
|
|switch|p1a: Landorus-Therian|Landorus-Therian, M|97\/325
|-ability|p1a: Landorus-Therian|Intimidate|[of] p2a: Diancie
|-unboost|p2a: Diancie|atk|1
|turn|28
|c|âc0mp|Okay
|
|switch|p1a: Breloom|Breloom, M|109\/261 tox
|switch|p2a: Talonflame|Talonflame, M|158\/298
|
|-heal|p2a: Talonflame|176\/298|[from] item: Leftovers
|-heal|p1a: Breloom|141\/261 tox|[from] ability: Poison Heal
|turn|29
|c|âc0mp|owned
|
|move|p2a: Talonflame|Brave Bird|p1a: Breloom
|-supereffective|p1a: Breloom
|-damage|p1a: Breloom|0 fnt
|-damage|p2a: Talonflame|129\/298|[from] recoil|[of] p1a: Breloom
|faint|p1a: Breloom
|
|-heal|p2a: Talonflame|147\/298|[from] item: Leftovers
|
|switch|p1a: Talonflame|Talonflame, F|319\/319
|turn|30
|
|switch|p2a: Skarmory|Skarmory, M|44\/334
|move|p1a: Talonflame|Swords Dance|p1a: Talonflame
|-boost|p1a: Talonflame|atk|2
|
|turn|31
|c|âc0mp|iwillwin!
|
|move|p1a: Talonflame|Swords Dance|p1a: Talonflame
|-boost|p1a: Talonflame|atk|2
|move|p2a: Skarmory|Drill Peck|p1a: Talonflame
|-damage|p1a: Talonflame|219\/319
|
|turn|32
|
|move|p1a: Talonflame|Brave Bird|p2a: Skarmory
|-resisted|p2a: Skarmory
|-damage|p2a: Skarmory|0 fnt
|-damage|p1a: Talonflame|166\/319|[from] item: Rocky Helmet|[of] p2a: Skarmory
|-damage|p1a: Talonflame|151\/319|[from] recoil|[of] p2a: Skarmory
|faint|p2a: Skarmory
|
|
|switch|p2a: Talonflame|Talonflame, M|147\/298
|turn|33
|c|âbellicose|Im scarf
|
|move|p2a: Talonflame|Brave Bird|p1a: Talonflame
|-damage|p1a: Talonflame|0 fnt
|-damage|p2a: Talonflame|97\/298|[from] recoil|[of] p1a: Talonflame
|faint|p1a: Talonflame
|
|-heal|p2a: Talonflame|115\/298|[from] item: Leftovers
|c|âc0mp|>
|c|âc0mp|what the fuck
|c|âc0mp|>MAX SPEED BULK UP
|c|âbellicose|Owned!
|c|âc0mp|LMAO!
|c|âbellicose|xd
|c|âc0mp|what a bad kid
|c|âbellicose|owned!
|leave|c0mp
|player|p1
|c|âbellicose|owned!
|c|âbellicose|=D
|join|Ary
|leave|Ary
|join|nidvikie
|leave|nidvikie
|-message|Player 1 lost due to inactivity.
|
|win|bellicose
|leave|Breeloom