|join|bellicose
|join|Harumonia Natura
|player|p1|bellicose|266
|player|p2|Harumonia Natura|#cpgtan
|gametype|singles
|gen|6
|tier|OU
|rated
|clearpoke
|poke|p1|Skarmory, F
|poke|p1|Landorus, M
|poke|p1|Amoonguss, F
|poke|p1|Talonflame, F
|poke|p1|Conkeldurr, F
|poke|p1|Diancie
|poke|p2|Greninja, M
|poke|p2|Gardevoir, M
|poke|p2|Bisharp, F
|poke|p2|Landorus-Therian, M
|poke|p2|Ferrothorn, M
|poke|p2|Slowbro, M
|rule|Swagger Clause: Swagger is banned
|rule|Baton Pass Clause: Limit one PokÃ©mon knowing Baton Pass
|rule|Sleep Clause Mod: Limit one foe put to sleep
|rule|Species Clause: Limit one of each PokÃ©mon
|rule|OHKO Clause: OHKO moves are banned
|rule|Moody Clause: Moody is banned
|rule|Evasion Moves Clause: Evasion moves are banned
|rule|Endless Battle Clause: Forcing endless battles is banned
|rule|HP Percentage Mod: HP is shown in percentages
|teampreview
|c|âHarumonia Natura|WHAT
|c|âbellicose|Ah the kid
|join|z0mOG
|c|âbellicose|himself
|c| z0mOG|winner gets elo
|c|âHarumonia Natura|literally time to get fucked
|join|SteelEdges
|
|start
|switch|p1a: Conkeldurr|Conkeldurr, F|414\/414
|switch|p2a: bree sux not i|Gardevoir, M|277\/277
|-ability|p2a: bree sux not i|Guts|[from] ability: Trace|[of] p1a: Conkeldurr
|turn|1
|c|@SteelEdges|shit going down
|
|switch|p1a: Skarmory|Skarmory, F|334\/334
|detailschange|p2a: bree sux not i|Gardevoir-Mega, M
|message|Gardevoir has Mega Evolved into Mega Gardevoir!
|move|p2a: bree sux not i|Hyper Voice|p1a: Skarmory
|-resisted|p1a: Skarmory
|-damage|p1a: Skarmory|167\/334
|
|turn|2
|
|move|p2a: bree sux not i|Taunt|p1a: Skarmory
|-start|p1a: Skarmory|move: Taunt
|cant|p1a: Skarmory|move: Taunt|Stealth Rock
|
|turn|3
|c|âbellicose|Literal counterlead
|
|move|p2a: bree sux not i|Hyper Voice|p1a: Skarmory
|-resisted|p1a: Skarmory
|-damage|p1a: Skarmory|0 fnt
|faint|p1a: Skarmory
|
|
|switch|p1a: Amoonguss|Amoonguss, F|432\/432
|turn|4
|c|âHarumonia Natura|maybe im the one who sniped you
|
|switch|p2a: bree sux|Ferrothorn, M|352\/352
|move|p1a: Amoonguss|Spore|p2a: bree sux
|-fail|p2a: bree sux
|
|turn|5
|
|switch|p1a: Conkeldurr|Conkeldurr, F|414\/414
|move|p2a: bree sux|Stealth Rock|p1a: Conkeldurr
|-sidestart|p1: bellicose|move: Stealth Rock
|
|turn|6
|
|move|p1a: Conkeldurr|Knock Off|p2a: bree sux
|-damage|p2a: bree sux|251\/352
|-damage|p1a: Conkeldurr|363\/414|[from] ability: Iron Barbs|[of] p2a: bree sux
|-enditem|p2a: bree sux|Leftovers|[from] move: Knock Off|[of] p1a: Conkeldurr
|move|p2a: bree sux|Leech Seed|p1a: Conkeldurr
|-start|p1a: Conkeldurr|move: Leech Seed
|
|-damage|p1a: Conkeldurr|312\/414|[from] Leech Seed|[of] p2a: bree sux
|-heal|p2a: bree sux|302\/352|[silent]
|turn|7
|
|switch|p1a: Landorus|Landorus, M|320\/320
|-damage|p1a: Landorus|280\/320|[from] Stealth Rock
|move|p2a: bree sux|Knock Off|p1a: Landorus
|-crit|p1a: Landorus
|-damage|p1a: Landorus|154\/320
|-enditem|p1a: Landorus|Life Orb|[from] move: Knock Off|[of] p2a: bree sux
|
|turn|8
|
|switch|p2a: bree sux|Landorus-Therian, M|327\/327
|-ability|p2a: bree sux|Intimidate|[of] p1a: Landorus
|-unboost|p1a: Landorus|atk|1
|move|p1a: Landorus|Calm Mind|p1a: Landorus
|-boost|p1a: Landorus|spa|1
|-boost|p1a: Landorus|spd|1
|
|turn|9
|
|move|p2a: bree sux|Stone Edge|p1a: Landorus
|-crit|p1a: Landorus
|-damage|p1a: Landorus|0 fnt
|faint|p1a: Landorus
|
|c|âHarumonia Natura|did that matter?
|c|âbellicose|Crit mattered
|c|âHarumonia Natura|sorry
|c|âbellicose|y
|c|âbellicose|o well
|
|switch|p1a: Diancie|Diancie|281\/281
|-damage|p1a: Diancie|246\/281|[from] Stealth Rock
|turn|10
|
|detailschange|p1a: Diancie|Diancie-Mega
|message|Diancie has Mega Evolved into Mega Diancie!
|move|p2a: bree sux|Stone Edge|p1a: Diancie
|-damage|p1a: Diancie|121\/281
|move|p1a: Diancie|Calm Mind|p1a: Diancie
|-boost|p1a: Diancie|spa|1
|-boost|p1a: Diancie|spd|1
|
|turn|11
|
|move|p2a: bree sux|Stone Edge|p1a: Diancie
|-damage|p1a: Diancie|0 fnt
|faint|p1a: Diancie
|
|c|âbellicose|Is that like
|c|âbellicose|Adamant
|
|switch|p1a: Amoonguss|Amoonguss, F|432\/432
|-damage|p1a: Amoonguss|378\/432|[from] Stealth Rock
|turn|12
|c|âHarumonia Natura|no dude
|
|switch|p2a: bree sux|Ferrothorn, M|302\/352
|switch|p1a: Talonflame|Talonflame, F|298\/298
|-damage|p1a: Talonflame|149\/298|[from] Stealth Rock
|
|-heal|p1a: Talonflame|167\/298|[from] item: Leftovers
|turn|13
|join|Breeloom
|
|move|p1a: Talonflame|Bulk Up|p1a: Talonflame
|-boost|p1a: Talonflame|atk|1
|-boost|p1a: Talonflame|def|1
|move|p2a: bree sux|Leech Seed|p1a: Talonflame
|-start|p1a: Talonflame|move: Leech Seed
|
|-heal|p1a: Talonflame|185\/298|[from] item: Leftovers
|-damage|p1a: Talonflame|148\/298|[from] Leech Seed|[of] p2a: bree sux
|-heal|p2a: bree sux|339\/352|[silent]
|turn|14
|
|switch|p2a: bree sux|Landorus-Therian, M|327\/327
|-ability|p2a: bree sux|Intimidate|[of] p1a: Talonflame
|-unboost|p1a: Talonflame|atk|1
|move|p1a: Talonflame|Roost|p1a: Talonflame
|-heal|p1a: Talonflame|297\/298
|
|-heal|p1a: Talonflame|298\/298|[from] item: Leftovers
|-damage|p1a: Talonflame|261\/298|[from] Leech Seed|[of] p2a: bree sux
|turn|15
|
|move|p1a: Talonflame|Brave Bird|p2a: bree sux
|-damage|p2a: bree sux|170\/327
|-damage|p1a: Talonflame|209\/298|[from] recoil|[of] p2a: bree sux
|move|p2a: bree sux|U-turn|p1a: Talonflame
|-resisted|p1a: Talonflame
|-damage|p1a: Talonflame|189\/298
|
|switch|p2a: bree sux what els|Slowbro, M|393\/393
|
|-heal|p1a: Talonflame|207\/298|[from] item: Leftovers
|-damage|p1a: Talonflame|170\/298|[from] Leech Seed|[of] p2a: bree sux what els
|turn|16
|
|move|p1a: Talonflame|Roost|p1a: Talonflame
|-heal|p1a: Talonflame|298\/298
|move|p2a: bree sux what els|Scald|p1a: Talonflame
|-supereffective|p1a: Talonflame
|-damage|p1a: Talonflame|20\/298
|
|-heal|p1a: Talonflame|38\/298|[from] item: Leftovers
|-damage|p1a: Talonflame|1\/298|[from] Leech Seed|[of] p2a: bree sux what els
|turn|17
|
|move|p1a: Talonflame|Brave Bird|p2a: bree sux what els
|-damage|p2a: bree sux what els|288\/393
|-damage|p1a: Talonflame|0 fnt|[from] item: Rocky Helmet|[of] p2a: bree sux what els
|faint|p1a: Talonflame
|move|p2a: bree sux what els|Slack Off|p2a: bree sux what els
|-heal|p2a: bree sux what els|393\/393
|
|c|âbellicose|kid
|c| Breeloom|what els..
|-message|bellicose forfeited.
|
|win|Harumonia Natura
|raw|Ladder updating...
|c|âbellicose|g..g.
|c|âHarumonia Natura|gg
|raw|bellicose's rating: 1339 &rarr; <strong>1318<\/strong><br \/>(-21 for losing)
|raw|Harumonia Natura's rating: 1321 &rarr; <strong>1342<\/strong><br \/>(+21 for winning)
|leave|Breeloom
|leave|bellicose
|player|p1