|join|Ranbu
|join|bellicose
|player|p1|Ranbu|99
|player|p2|bellicose|266
|gametype|singles
|gen|6
|tier|OU
|clearpoke
|poke|p1|Lopunny, F
|poke|p1|Rotom-Wash
|poke|p1|Weavile, M
|poke|p1|Amoonguss, M
|poke|p1|Klefki, M
|poke|p1|Darmanitan, M
|poke|p2|Smeargle, M
|poke|p2|Diggersby, M
|poke|p2|Dragonite, F
|poke|p2|Scizor, M
|poke|p2|Chandelure, F
|poke|p2|Kabutops, M
|rule|Swagger Clause: Swagger is banned
|rule|Baton Pass Clause: Limit one PokÃ©mon knowing Baton Pass
|rule|Sleep Clause Mod: Limit one foe put to sleep
|rule|Species Clause: Limit one of each PokÃ©mon
|rule|OHKO Clause: OHKO moves are banned
|rule|Moody Clause: Moody is banned
|rule|Evasion Moves Clause: Evasion moves are banned
|rule|Endless Battle Clause: Forcing endless battles is banned
|rule|HP Percentage Mod: HP is shown in percentages
|teampreview
|c|âRanbu|are you in 2 battle right now
|join|l213
|join|MushMunkey
|
|start
|switch|p1a: Weavile|Weavile, M|281\/281
|switch|p2a: Smeargle|Smeargle, M|314\/314
|turn|1
|c| MushMunkey|wait, wait
|c| MushMunkey|l213
|c| MushMunkey|I remember that name
|c| MushMunkey|I don't remember where though
|
|move|p2a: Smeargle|King's Shield|p2a: Smeargle
|-singleturn|p2a: Smeargle|Protect
|move|p1a: Weavile|Fake Out|p2a: Smeargle
|-activate|p2a: Smeargle|Protect
|-unboost|p1a: Weavile|atk|2
|
|turn|2
|
|move|p1a: Weavile|Swords Dance|p1a: Weavile
|-boost|p1a: Weavile|atk|2
|move|p2a: Smeargle|Spore|p1a: Weavile
|-status|p1a: Weavile|slp
|
|turn|3
|c| l213|mush monkey
|c| l213|my other account is l123 lol
|
|switch|p1a: Lopunny|Lopunny, F|271\/271
|move|p2a: Smeargle|Sticky Web|p1a: Lopunny
|-sidestart|p1: Ranbu|move: Sticky Web
|
|turn|4
|c| MushMunkey|still doesn't help me
|c| MushMunkey|:\/
|c| l213|hmmm
|leave|MushMunkey
|c| l213|lol
|
|detailschange|p1a: Lopunny|Lopunny-Mega, F
|-mega|p1a: Lopunny|Lopunny|Lopunnite
|move|p2a: Smeargle|King's Shield|p2a: Smeargle
|-singleturn|p2a: Smeargle|Protect
|move|p1a: Lopunny|High Jump Kick|p2a: Smeargle
|-activate|p2a: Smeargle|Protect
|-unboost|p1a: Lopunny|atk|2
|-damage|p1a: Lopunny|136\/271|[from] highjumpkick
|
|turn|5
|
|switch|p1a: Rotom-Wash|Rotom-Wash|304\/304
|move|p2a: Smeargle|Stealth Rock|p1a: Rotom-Wash
|-sidestart|p1: Ranbu|move: Stealth Rock
|
|turn|6
|
|switch|p2a: Dragonite|Dragonite, F|386\/386
|move|p1a: Rotom-Wash|Will-O-Wisp|p2a: Dragonite
|-status|p2a: Dragonite|brn
|
|-damage|p2a: Dragonite|338\/386 brn|[from] brn
|turn|7
|
|move|p1a: Rotom-Wash|Volt Switch|p2a: Dragonite
|-damage|p2a: Dragonite|254\/386 brn
|c|âbellicose|Go klefki
|c|âbellicose|i didnt eq
|
|switch|p1a: Darmanitan|Darmanitan, M|352\/352
|-damage|p1a: Darmanitan|264\/352|[from] Stealth Rock
|-activate|p1a: Darmanitan|move: Sticky Web
|-unboost|p1a: Darmanitan|spe|1
|move|p2a: Dragonite|Outrage|p1a: Darmanitan
|-damage|p1a: Darmanitan|0 fnt
|faint|p1a: Darmanitan
|
|-damage|p2a: Dragonite|206\/386 brn|[from] brn
|
|switch|p1a: Klefki|Klefki, M|317\/317
|-damage|p1a: Klefki|298\/317|[from] Stealth Rock
|-activate|p1a: Klefki|move: Sticky Web
|-unboost|p1a: Klefki|spe|1
|turn|8
|
|move|p1a: Klefki|Reflect|p1a: Klefki
|-sidestart|p1: Ranbu|Reflect
|move|p2a: Dragonite|Outrage|p1a: Klefki
|-immune|p1a: Klefki|[msg]
|
|-end|p2a: Dragonite|rampage
|-start|p2a: Dragonite|confusion
|-damage|p2a: Dragonite|158\/386 brn|[from] brn
|turn|9
|
|switch|p2a: Diggersby|Diggersby, M|311\/311
|move|p1a: Klefki|Draining Kiss|p2a: Diggersby
|-damage|p2a: Diggersby|250\/311
|-heal|p1a: Klefki|317\/317|[from] drain|[of] p2a: Diggersby
|
|turn|10
|
|move|p1a: Klefki|Spikes|p2a: Diggersby
|-sidestart|p2: bellicose|Spikes
|move|p2a: Diggersby|Swords Dance|p2a: Diggersby
|-boost|p2a: Diggersby|atk|2
|
|turn|11
|
|move|p2a: Diggersby|Earthquake|p1a: Klefki
|-supereffective|p1a: Klefki
|-damage|p1a: Klefki|0 fnt
|-damage|p2a: Diggersby|219\/311|[from] item: Life Orb
|faint|p1a: Klefki
|
|
|switch|p1a: Lopunny|Lopunny-Mega, F|136\/271
|-activate|p1a: Lopunny|move: Sticky Web
|-unboost|p1a: Lopunny|spe|1
|-damage|p1a: Lopunny|120\/271|[from] Stealth Rock
|turn|12
|
|move|p1a: Lopunny|Fake Out|p2a: Diggersby
|-damage|p2a: Diggersby|135\/311
|cant|p2a: Diggersby|flinch
|
|turn|13
|
|move|p2a: Diggersby|Earthquake|p1a: Lopunny
|-damage|p1a: Lopunny|0 fnt
|-damage|p2a: Diggersby|104\/311|[from] item: Life Orb
|faint|p1a: Lopunny
|
|
|switch|p1a: Weavile|Weavile, M|281\/281 slp
|-damage|p1a: Weavile|211\/281 slp|[from] Stealth Rock
|-activate|p1a: Weavile|move: Sticky Web
|-unboost|p1a: Weavile|spe|1
|turn|14
|join|kenforthewin
|leave|l213
|leave|Ranbu
|join|Ranbu
|leave|Ranbu
|join|Ranbu
|leave|Ranbu
|player|p1
|join|Ranbu
|player|p1|Ranbu|99
|
|cant|p1a: Weavile|slp
|move|p2a: Diggersby|Swords Dance|p2a: Diggersby
|-boost|p2a: Diggersby|atk|2
|
|turn|15
|
|move|p2a: Diggersby|Quick Attack|p1a: Weavile
|-damage|p1a: Weavile|0 fnt
|-damage|p2a: Diggersby|73\/311|[from] item: Life Orb
|faint|p1a: Weavile
|
|-sideend|p1: Ranbu|Reflect
|
|switch|p1a: Amoonguss|Amoonguss, M|432\/432
|-activate|p1a: Amoonguss|move: Sticky Web
|-unboost|p1a: Amoonguss|spe|1
|-damage|p1a: Amoonguss|378\/432|[from] Stealth Rock
|turn|16
|
|move|p2a: Diggersby|Earthquake|p1a: Amoonguss
|-damage|p1a: Amoonguss|0 fnt
|-damage|p2a: Diggersby|42\/311|[from] item: Life Orb
|faint|p1a: Amoonguss
|
|c|âbellicose|Do you get 6-0d often
|c|âRanbu|no
|c|âRanbu|But this is my new team so I kind of expected that
|c| kenforthewin|dont give up!!
|c| kenforthewin|i believe
|
|switch|p1a: Rotom-Wash|Rotom-Wash|304\/304
|-damage|p1a: Rotom-Wash|266\/304|[from] Stealth Rock
|turn|17
|
|move|p2a: Diggersby|Knock Off|p1a: Rotom-Wash
|-damage|p1a: Rotom-Wash|0 fnt
|-enditem|p1a: Rotom-Wash|Leftovers|[from] move: Knock Off|[of] p2a: Diggersby
|-damage|p2a: Diggersby|11\/311|[from] item: Life Orb
|faint|p1a: Rotom-Wash
|
|win|bellicose
|c| kenforthewin|nope
|leave|kenforthewin
|c|âRanbu|good game
|leave|Ranbu
|c|âbellicose|Gg
|player|p1