|join|bellicose
|join|Martsian
|player|p1|bellicose|265
|player|p2|Martsian|169
|gametype|singles
|gen|6
|tier|OU
|rated
|clearpoke
|poke|p1|Slowbro, M
|poke|p1|Gengar, F
|poke|p1|Lopunny, M
|poke|p1|Azumarill, F
|poke|p1|Ferrothorn, F
|poke|p1|Heatran, M
|poke|p2|Garchomp, M
|poke|p2|Scizor, F
|poke|p2|Heatran, M
|poke|p2|Latios, M
|poke|p2|Kyurem-Black
|poke|p2|Goodra, F
|rule|Swagger Clause: Swagger is banned
|rule|Baton Pass Clause: Limit one PokÃ©mon knowing Baton Pass
|rule|Sleep Clause Mod: Limit one foe put to sleep
|rule|Species Clause: Limit one of each PokÃ©mon
|rule|OHKO Clause: OHKO moves are banned
|rule|Moody Clause: Moody is banned
|rule|Evasion Moves Clause: Evasion moves are banned
|rule|Endless Battle Clause: Forcing endless battles is banned
|rule|HP Percentage Mod: HP is shown in percentages
|teampreview
|
|start
|switch|p1a: Azumarill|Azumarill, F|403\/403
|switch|p2a: Garchomp|Garchomp, M|420\/420
|turn|1
|
|move|p2a: Garchomp|Earthquake|p1a: Azumarill
|-damage|p1a: Azumarill|234\/403
|move|p1a: Azumarill|Play Rough|p2a: Garchomp
|-supereffective|p2a: Garchomp
|-damage|p2a: Garchomp|0 fnt
|-damage|p1a: Azumarill|184\/403|[from] ability: Rough Skin|[of] p2a: Garchomp
|-damage|p1a: Azumarill|117\/403|[from] item: Rocky Helmet|[of] p2a: Garchomp
|faint|p2a: Garchomp
|
|
|switch|p2a: Latios|Latios, M|301\/301
|turn|2
|c|âMartsian|CB i guess
|
|switch|p1a: Ferrothorn|Ferrothorn, F|352\/352
|move|p2a: Latios|Psyshock|p1a: Ferrothorn
|-resisted|p1a: Ferrothorn
|-damage|p1a: Ferrothorn|291\/352
|-damage|p2a: Latios|271\/301|[from] item: Life Orb
|
|-heal|p1a: Ferrothorn|313\/352|[from] item: Leftovers
|turn|3
|c|âMartsian|all right
|
|switch|p2a: Heatran|Heatran, M|386\/386
|move|p1a: Ferrothorn|Spikes|p2a: Heatran
|-sidestart|p2: Martsian|Spikes
|
|-heal|p1a: Ferrothorn|335\/352|[from] item: Leftovers
|turn|4
|
|switch|p1a: Slowbro|Slowbro, M|394\/394
|move|p2a: Heatran|Lava Plume|p1a: Slowbro
|-resisted|p1a: Slowbro
|-damage|p1a: Slowbro|325\/394
|
|-heal|p1a: Slowbro|349\/394|[from] item: Leftovers
|turn|5
|
|move|p2a: Heatran|Will-O-Wisp|p1a: Slowbro
|-status|p1a: Slowbro|brn
|move|p1a: Slowbro|Thunder Wave|p2a: Heatran
|-status|p2a: Heatran|par
|
|-heal|p1a: Slowbro|373\/394 brn|[from] item: Leftovers
|-damage|p1a: Slowbro|324\/394 brn|[from] brn
|turn|6
|
|switch|p1a: Heatran|Heatran, M|386\/386
|switch|p2a: Latios|Latios, M|271\/301
|
|turn|7
|
|switch|p1a: Ferrothorn|Ferrothorn, F|335\/352
|move|p2a: Latios|Defog|p1a: Ferrothorn
|-unboost|p1a: Ferrothorn|evasion|1
|-sideend|p2: Martsian|Spikes|[from] move: Defog|[of] p2a: Latios
|
|-heal|p1a: Ferrothorn|352\/352|[from] item: Leftovers
|turn|8
|
|switch|p2a: Goodra|Goodra, F|360\/360
|move|p1a: Ferrothorn|Spikes|p2a: Goodra
|-sidestart|p2: Martsian|Spikes
|
|turn|9
|
|switch|p1a: Heatran|Heatran, M|386\/386
|move|p2a: Goodra|Fire Blast|p1a: Heatran
|-start|p1a: Heatran|ability: Flash Fire
|
|turn|10
|
|move|p2a: Goodra|Thunderbolt|p1a: Heatran
|-damage|p1a: Heatran|311\/386
|move|p1a: Heatran|Stealth Rock|p2a: Goodra
|-sidestart|p2: Martsian|move: Stealth Rock
|
|-heal|p1a: Heatran|335\/386|[from] item: Leftovers
|turn|11
|
|move|p2a: Goodra|Earthquake|p1a: Heatran
|-supereffective|p1a: Heatran
|-damage|p1a: Heatran|59\/386
|move|p1a: Heatran|Will-O-Wisp|p2a: Goodra|[miss]
|-miss|p1a: Heatran|p2a: Goodra
|
|-heal|p1a: Heatran|83\/386|[from] item: Leftovers
|turn|12
|c|âbellicose|ok?
|c|âbellicose|You must be good
|c|âMartsian|why?
|c|âbellicose|You can hack
|
|switch|p1a: Slowbro|Slowbro, M|394\/394 brn
|move|p2a: Goodra|Earthquake|p1a: Slowbro
|-damage|p1a: Slowbro|337\/394 brn
|
|-heal|p1a: Slowbro|361\/394 brn|[from] item: Leftovers
|-damage|p1a: Slowbro|312\/394 brn|[from] brn
|turn|13
|
|move|p2a: Goodra|Thunderbolt|p1a: Slowbro
|-supereffective|p1a: Slowbro
|-damage|p1a: Slowbro|80\/394 brn
|move|p1a: Slowbro|Thunder Wave|p2a: Goodra
|-status|p2a: Goodra|par
|
|-heal|p1a: Slowbro|104\/394 brn|[from] item: Leftovers
|-damage|p1a: Slowbro|55\/394 brn|[from] brn
|turn|14
|
|switch|p1a: Lopunny|Lopunny, M|271\/271
|cant|p2a: Goodra|par
|
|turn|15
|
|switch|p2a: Scizor|Scizor, F|343\/343
|-damage|p2a: Scizor|301\/343|[from] Spikes
|-damage|p2a: Scizor|259\/343|[from] Stealth Rock
|detailschange|p1a: Lopunny|Lopunny-Mega, M
|-mega|p1a: Lopunny|Lopunny|Lopunnite
|move|p1a: Lopunny|Fake Out|p2a: Scizor
|-resisted|p2a: Scizor
|-damage|p2a: Scizor|229\/343
|
|turn|16
|
|move|p1a: Lopunny|High Jump Kick|p2a: Scizor
|-damage|p2a: Scizor|27\/343
|move|p2a: Scizor|Roost|p2a: Scizor
|-heal|p2a: Scizor|199\/343
|
|turn|17
|
|detailschange|p2a: Scizor|Scizor-Mega, F
|-mega|p2a: Scizor|Scizor|Scizorite
|move|p1a: Lopunny|High Jump Kick|p2a: Scizor
|-damage|p2a: Scizor|39\/343
|move|p2a: Scizor|Roost|p2a: Scizor
|-heal|p2a: Scizor|211\/343
|
|turn|18
|
|switch|p1a: Heatran|Heatran, M|83\/386
|move|p2a: Scizor|Roost|p2a: Scizor
|-heal|p2a: Scizor|343\/343
|
|-heal|p1a: Heatran|107\/386|[from] item: Leftovers
|turn|19
|
|switch|p2a: Latios|Latios, M|271\/301
|-damage|p2a: Latios|234\/301|[from] Stealth Rock
|move|p1a: Heatran|Lava Plume|p2a: Latios
|-resisted|p2a: Latios
|-damage|p2a: Latios|184\/301
|
|-heal|p1a: Heatran|131\/386|[from] item: Leftovers
|turn|20
|
|move|p2a: Latios|Defog|p1a: Heatran
|-unboost|p1a: Heatran|evasion|1
|-sideend|p2: Martsian|Spikes|[from] move: Defog|[of] p2a: Latios
|-sideend|p2: Martsian|Stealth Rock|[from] move: Defog|[of] p2a: Latios
|move|p1a: Heatran|Will-O-Wisp|p2a: Latios
|-status|p2a: Latios|brn
|
|-heal|p1a: Heatran|155\/386|[from] item: Leftovers
|-damage|p2a: Latios|147\/301 brn|[from] brn
|turn|21
|
|move|p2a: Latios|Psyshock|p1a: Heatran
|-resisted|p1a: Heatran
|-damage|p1a: Heatran|59\/386
|-damage|p2a: Latios|117\/301 brn|[from] item: Life Orb
|move|p1a: Heatran|Stealth Rock|p2a: Latios
|-sidestart|p2: Martsian|move: Stealth Rock
|
|-heal|p1a: Heatran|83\/386|[from] item: Leftovers
|-damage|p2a: Latios|80\/301 brn|[from] brn
|turn|22
|
|switch|p1a: Ferrothorn|Ferrothorn, F|352\/352
|move|p2a: Latios|Roost|p2a: Latios
|-heal|p2a: Latios|231\/301 brn
|
|-damage|p2a: Latios|194\/301 brn|[from] brn
|turn|23
|
|move|p2a: Latios|Defog|p1a: Ferrothorn
|-unboost|p1a: Ferrothorn|evasion|1
|-sideend|p2: Martsian|Stealth Rock|[from] move: Defog|[of] p2a: Latios
|move|p1a: Ferrothorn|Gyro Ball|p2a: Latios
|-damage|p2a: Latios|0 fnt
|faint|p2a: Latios
|
|
|switch|p2a: Goodra|Goodra, F|360\/360 par
|turn|24
|
|cant|p2a: Goodra|par
|move|p1a: Ferrothorn|Spikes|p2a: Goodra
|-sidestart|p2: Martsian|Spikes
|
|turn|25
|
|switch|p1a: Heatran|Heatran, M|83\/386
|move|p2a: Goodra|Fire Blast|p1a: Heatran
|-start|p1a: Heatran|ability: Flash Fire
|
|-heal|p1a: Heatran|107\/386|[from] item: Leftovers
|turn|26
|
|move|p1a: Heatran|Stealth Rock|p2a: Goodra
|-sidestart|p2: Martsian|move: Stealth Rock
|move|p2a: Goodra|Earthquake|p1a: Heatran
|-supereffective|p1a: Heatran
|-damage|p1a: Heatran|0 fnt
|faint|p1a: Heatran
|
|
|switch|p1a: Azumarill|Azumarill, F|117\/403
|turn|27
|
|switch|p2a: Scizor|Scizor-Mega, F|343\/343
|-damage|p2a: Scizor|301\/343|[from] Spikes
|-damage|p2a: Scizor|259\/343|[from] Stealth Rock
|move|p1a: Azumarill|Play Rough|p2a: Scizor
|-resisted|p2a: Scizor
|-damage|p2a: Scizor|168\/343
|
|turn|28
|
|switch|p1a: Slowbro|Slowbro, M|186\/394 brn
|move|p2a: Scizor|Swords Dance|p2a: Scizor
|-boost|p2a: Scizor|atk|2
|
|-heal|p1a: Slowbro|210\/394 brn|[from] item: Leftovers
|-damage|p1a: Slowbro|161\/394 brn|[from] brn
|turn|29
|
|move|p2a: Scizor|Knock Off|p1a: Slowbro
|-crit|p1a: Slowbro
|-supereffective|p1a: Slowbro
|-damage|p1a: Slowbro|0 fnt
|-enditem|p1a: Slowbro|Leftovers|[from] move: Knock Off|[of] p2a: Scizor
|faint|p1a: Slowbro
|
|
|switch|p1a: Lopunny|Lopunny-Mega, M|271\/271
|turn|30
|
|move|p1a: Lopunny|Fake Out|p2a: Scizor
|-resisted|p2a: Scizor
|-damage|p2a: Scizor|144\/343
|cant|p2a: Scizor|flinch
|
|turn|31
|join|yuy
|c|âMartsian|faster
|c|âMartsian|come on
|join|dedic
|
|move|p2a: Scizor|Bullet Punch|p1a: Lopunny
|-damage|p1a: Lopunny|34\/271
|move|p1a: Lopunny|High Jump Kick|p2a: Scizor|[miss]
|-miss|p1a: Lopunny|p2a: Scizor
|-damage|p1a: Lopunny|0 fnt|[from] highjumpkick
|faint|p1a: Lopunny
|
|c|âMartsian|nice
|c|âbellicose|fuck you
|c|âbellicose|poopyhead ass fucking hacker shit fuck
|c|âbellicose|piece of shit
|c|âMartsian|congrats
|c|âbellicose|no good fucker
|c|âbellicose|your team is absolute shit
|-message|bellicose forfeited.
|
|win|Martsian
|raw|Ladder updating...
|c|âMartsian|yes but you forfeit
|leave|dedic
|raw|bellicose's rating: 1566 &rarr; <strong>1545<\/strong><br \/>(-21 for losing)
|raw|Martsian's rating: 1543 &rarr; <strong>1564<\/strong><br \/>(+21 for winning)
|leave|bellicose
|leave|Martsian
|player|p1
|player|p2
|join|bellicose