|join|subzeromkx
|join|bellicose
|player|p1|subzeromkx|20
|player|p2|bellicose|266
|gametype|singles
|gen|6
|tier|OU (suspect test)
|rated
|clearpoke
|poke|p1|Garchomp, F
|poke|p1|Landorus, M
|poke|p1|Gardevoir, F
|poke|p1|Breloom, M
|poke|p1|Bisharp, M
|poke|p1|Latios, M
|poke|p2|Altaria, M
|poke|p2|Ferrothorn, M
|poke|p2|Landorus-Therian, M
|poke|p2|Raikou
|poke|p2|Keldeo
|poke|p2|Mew
|rule|Swagger Clause: Swagger is banned
|rule|Baton Pass Clause: Limit one PokÃ©mon knowing Baton Pass
|rule|Sleep Clause Mod: Limit one foe put to sleep
|rule|Species Clause: Limit one of each PokÃ©mon
|rule|OHKO Clause: OHKO moves are banned
|rule|Moody Clause: Moody is banned
|rule|Evasion Moves Clause: Evasion moves are banned
|rule|Endless Battle Clause: Forcing endless battles is banned
|rule|HP Percentage Mod: HP is shown in percentages
|teampreview
|join|Altilt
|join|kektus
|join|mouse de frank
|join|CM96
|join|Reud
|c| kektus|g o t  t a g o f a s t
|
|start
|switch|p1a: Hilda|Gardevoir, F|314\/314
|switch|p2a: Mew|Mew|404\/404
|-ability|p1a: Hilda|Synchronize|[from] ability: Trace|[of] p2a: Mew
|turn|1
|join|KillJayKill
|
|detailschange|p1a: Hilda|Gardevoir-Mega, F
|-mega|p1a: Hilda|Gardevoir|Gardevoirite
|move|p2a: Mew|Explosion|p1a: Hilda
|-damage|p1a: Hilda|53\/314
|faint|p2a: Mew
|move|p1a: Hilda|Hyper Voice|p2: Mew|[notarget]
|-notarget
|
|c|âsubzeromkx|who are all these people
|
|switch|p2a: Landorus-Therian|Landorus-Therian, M|320\/320
|-ability|p2a: Landorus-Therian|Intimidate|[of] p1a: Hilda
|-unboost|p1a: Hilda|atk|1
|turn|2
|
|switch|p1a: Kisame|Garchomp, F|419\/419
|move|p2a: Landorus-Therian|U-turn|p1a: Kisame
|-damage|p1a: Kisame|346\/419
|-damage|p2a: Landorus-Therian|280\/320|[from] ability: Rough Skin|[of] p1a: Kisame
|-damage|p2a: Landorus-Therian|227\/320|[from] item: Rocky Helmet|[of] p1a: Kisame
|c| CM96|friends from church
|
|switch|p2a: Keldeo|Keldeo|323\/323
|
|turn|3
|c| KillJayKill|Praise Helix
|join|HxH Hisoka
|
|switch|p1a: Hilda|Gardevoir-Mega, F|53\/314
|move|p2a: Keldeo|Icy Wind|p1a: Hilda
|-damage|p1a: Hilda|0 fnt
|faint|p1a: Hilda
|
|
|switch|p1a: Uryu|Latios, M|301\/301
|turn|4
|
|switch|p1a: Ugo|Landorus, M|319\/319
|switch|p2a: Ferrothorn|Ferrothorn, M|352\/352
|
|turn|5
|
|move|p1a: Ugo|Focus Blast|p2a: Ferrothorn
|-supereffective|p2a: Ferrothorn
|-damage|p2a: Ferrothorn|0 fnt
|faint|p2a: Ferrothorn
|
|c| HxH Hisoka|plays
|
|switch|p2a: Keldeo|Keldeo|323\/323
|turn|6
|c| CM96|jesus christ
|join|Muk
|c| HxH Hisoka|is my savior
|c| HxH Hisoka|;]
|
|switch|p1a: Kisame|Garchomp, F|346\/419
|move|p2a: Keldeo|Scald|p1a: Kisame
|-damage|p1a: Kisame|55\/419
|
|turn|7
|
|move|p2a: Keldeo|Scald|p1a: Kisame
|-crit|p1a: Kisame
|-damage|p1a: Kisame|0 fnt
|faint|p1a: Kisame
|
|
|switch|p1a: Uryu|Latios, M|301\/301
|turn|8
|
|switch|p2a: Raikou|Raikou|321\/321
|-ability|p2a: Raikou|Pressure
|move|p1a: Uryu|Psyshock|p2a: Raikou
|-damage|p2a: Raikou|105\/321
|-damage|p1a: Uryu|271\/301|[from] item: Life Orb
|
|turn|9
|
|move|p2a: Raikou|Volt Switch|p1a: Uryu
|-resisted|p1a: Uryu
|-damage|p1a: Uryu|214\/301
|
|switch|p2a: Landorus-Therian|Landorus-Therian, M|227\/320
|-ability|p2a: Landorus-Therian|Intimidate|[of] p1a: Uryu
|-unboost|p1a: Uryu|atk|1
|move|p1a: Uryu|Psyshock|p2a: Landorus-Therian
|-damage|p2a: Landorus-Therian|13\/320
|-damage|p1a: Uryu|184\/301|[from] item: Life Orb
|
|turn|10
|
|switch|p1a: Ugo|Landorus, M|319\/319
|move|p2a: Landorus-Therian|U-turn|p1a: Ugo
|-resisted|p1a: Ugo
|-damage|p1a: Ugo|270\/319
|
|switch|p2a: Keldeo|Keldeo|323\/323
|
|turn|11
|
|switch|p1a: Madara|Bisharp, M|290\/290
|move|p2a: Keldeo|Scald|p1a: Madara
|-damage|p1a: Madara|0 fnt
|faint|p1a: Madara
|
|
|switch|p1a: Kensei|Breloom, M|262\/262
|turn|12
|
|switch|p2a: Raikou|Raikou|105\/321
|-ability|p2a: Raikou|Pressure
|move|p1a: Kensei|Spore|p2a: Raikou
|-status|p2a: Raikou|slp
|
|turn|13
|
|switch|p2a: Landorus-Therian|Landorus-Therian, M|13\/320
|-ability|p2a: Landorus-Therian|Intimidate|[of] p1a: Kensei
|-unboost|p1a: Kensei|atk|1
|switch|p1a: Ugo|Landorus, M|270\/319
|
|turn|14
|leave|Muk
|
|move|p2a: Landorus-Therian|U-turn|p1a: Ugo
|-resisted|p1a: Ugo
|-damage|p1a: Ugo|219\/319
|
|switch|p2a: Altaria|Altaria, M|311\/311
|move|p1a: Ugo|Sludge Wave|p2a: Altaria
|-damage|p2a: Altaria|121\/311
|
|turn|15
|
|switch|p2a: Keldeo|Keldeo|323\/323
|move|p1a: Ugo|Sludge Wave|p2a: Keldeo
|-damage|p2a: Keldeo|122\/323
|
|turn|16
|join|Muk
|join|Semenspire
|join|Outrageous Fortune
|
|move|p2a: Keldeo|Icy Wind|p1a: Ugo
|-supereffective|p1a: Ugo
|-damage|p1a: Ugo|0 fnt
|faint|p1a: Ugo
|
|
|switch|p1a: Kensei|Breloom, M|262\/262
|turn|17
|
|move|p2a: Keldeo|Icy Wind|p1a: Kensei
|-supereffective|p1a: Kensei
|-damage|p1a: Kensei|0 fnt
|faint|p1a: Kensei
|
|c|âsubzeromkx|k gg
|-message|subzeromkx forfeited.
|
|win|bellicose
|raw|Ladder updating...
|raw|subzeromkx's rating: 1701 &rarr; <strong>1668<\/strong><br \/>(-33 for losing)
|raw|bellicose's rating: 1440 &rarr; <strong>1473<\/strong><br \/>(+33 for winning)
|leave|subzeromkx
|player|p1
|c|âbellicose|gg
|leave|mouse de frank
|leave|KillJayKill
|leave|Semenspire
|c|âbellicose|free elo
|join|y4
|leave|CM96
|leave|y4
|leave|Muk
|leave|Outrageous Fortune
|leave|Reud
|leave|Altilt