|join|bellicose
|join|wh0sy0urpapa
|join|Reud
|join|TOTEMO OMOSHIROII
|player|p1|bellicose|101
|player|p2|wh0sy0urpapa|148
|gametype|singles
|gen|6
|tier|OU (suspect test)
|clearpoke
|poke|p1|Azumarill, F
|poke|p1|Chesnaught, F
|poke|p1|Slowbro, F
|poke|p1|Heatran, M
|poke|p1|Sylveon, M
|poke|p1|Scizor, M
|poke|p2|Slowbro, M
|poke|p2|Altaria, F
|poke|p2|Ferrothorn, F
|poke|p2|Gliscor, F
|poke|p2|Raikou
|poke|p2|Latios, M
|rule|Swagger Clause: Swagger is banned
|rule|Baton Pass Clause: Limit one PokÃ©mon knowing Baton Pass
|rule|Sleep Clause Mod: Limit one foe put to sleep
|rule|Species Clause: Limit one of each PokÃ©mon
|rule|OHKO Clause: OHKO moves are banned
|rule|Moody Clause: Moody is banned
|rule|Evasion Moves Clause: Evasion moves are banned
|rule|Endless Battle Clause: Forcing endless battles is banned
|rule|HP Percentage Mod: HP is shown in percentages
|teampreview
|join|z0m OGKI dirl
|c|âwh0sy0urpapa|We got spectators already?
|c| TOTEMO OMOSHIROII|fans*
|join|Updated Kanto
|c|âbellicose|Good luck
|join|Apathos
|c|âwh0sy0urpapa|Water Drone vs his mentee. I didn't know it would get this much hype...
|
|start
|switch|p1a: Heatran|Heatran, M|386\/386
|switch|p2a: Slowbro|Slowbro, M|393\/393
|turn|1
|
|move|p1a: Heatran|Stealth Rock|p2a: Slowbro
|-sidestart|p2: wh0sy0urpapa|move: Stealth Rock
|move|p2a: Slowbro|Scald|p1a: Heatran
|-supereffective|p1a: Heatran
|-damage|p1a: Heatran|212\/386
|
|-heal|p1a: Heatran|236\/386|[from] item: Leftovers
|turn|2
|join|Cumspire
|join|flyingsweater
|
|switch|p1a: Sylveon|Sylveon, M|394\/394
|move|p2a: Slowbro|Scald|p1a: Sylveon
|-damage|p1a: Sylveon|316\/394
|-status|p1a: Sylveon|brn
|
|-heal|p1a: Sylveon|340\/394 brn|[from] item: Leftovers
|-damage|p1a: Sylveon|291\/394 brn|[from] brn
|turn|3
|c| Cumspire|el water drone
|
|switch|p1a: Heatran|Heatran, M|236\/386
|switch|p2a: Ferrothorn|Ferrothorn, F|352\/352
|-damage|p2a: Ferrothorn|330\/352|[from] Stealth Rock
|
|-heal|p1a: Heatran|260\/386|[from] item: Leftovers
|turn|4
|
|switch|p2a: Slowbro|Slowbro, M|393\/393
|-damage|p2a: Slowbro|344\/393|[from] Stealth Rock
|move|p1a: Heatran|Will-O-Wisp|p2a: Slowbro
|-status|p2a: Slowbro|brn
|
|-heal|p1a: Heatran|284\/386|[from] item: Leftovers
|-heal|p2a: Slowbro|368\/393 brn|[from] item: Leftovers
|-damage|p2a: Slowbro|319\/393 brn|[from] brn
|turn|5
|
|switch|p1a: Sylveon|Sylveon, M|291\/394 brn
|move|p2a: Slowbro|Scald|p1a: Sylveon
|-damage|p1a: Sylveon|209\/394 brn
|
|-heal|p1a: Sylveon|233\/394 brn|[from] item: Leftovers
|-heal|p2a: Slowbro|343\/393 brn|[from] item: Leftovers
|-damage|p1a: Sylveon|184\/394 brn|[from] brn
|-damage|p2a: Slowbro|294\/393 brn|[from] brn
|turn|6
|
|move|p1a: Sylveon|Heal Bell|p1a: Sylveon
|-cureteam|p1a: Sylveon|[from] move: HealBell
|move|p2a: Slowbro|Slack Off|p2a: Slowbro
|-heal|p2a: Slowbro|393\/393 brn
|
|-heal|p1a: Sylveon|208\/394|[from] item: Leftovers
|-damage|p2a: Slowbro|344\/393 brn|[from] brn
|turn|7
|
|move|p1a: Sylveon|Wish|p1a: Sylveon
|move|p2a: Slowbro|Toxic|p1a: Sylveon
|-status|p1a: Sylveon|tox
|
|-heal|p1a: Sylveon|232\/394 tox|[from] item: Leftovers
|-heal|p2a: Slowbro|368\/393 brn|[from] item: Leftovers
|-damage|p1a: Sylveon|208\/394 tox|[from] psn
|-damage|p2a: Slowbro|319\/393 brn|[from] brn
|turn|8
|
|switch|p2a: Ferrothorn|Ferrothorn, F|330\/352
|-damage|p2a: Ferrothorn|308\/352|[from] Stealth Rock
|move|p1a: Sylveon|Heal Bell|p1a: Sylveon
|-cureteam|p1a: Sylveon|[from] move: HealBell
|
|-heal|p1a: Sylveon|394\/394|[from] move: Wish|[wisher] Sylveon
|turn|9
|
|switch|p1a: Heatran|Heatran, M|284\/386
|move|p2a: Ferrothorn|Leech Seed|p1a: Heatran
|-start|p1a: Heatran|move: Leech Seed
|
|-heal|p1a: Heatran|308\/386|[from] item: Leftovers
|-damage|p1a: Heatran|260\/386|[from] Leech Seed|[of] p2a: Ferrothorn
|-heal|p2a: Ferrothorn|352\/352|[silent]
|turn|10
|
|switch|p1a: Scizor|Scizor, M|330\/330
|switch|p2a: Raikou|Raikou|329\/329
|-damage|p2a: Raikou|288\/329|[from] Stealth Rock
|-ability|p2a: Raikou|Pressure
|
|turn|11
|
|detailschange|p1a: Scizor|Scizor-Mega, M
|-mega|p1a: Scizor|Scizor|Scizorite
|move|p2a: Raikou|Volt Switch|p1a: Scizor
|-damage|p1a: Scizor|213\/330
|leave|Reud
|
|switch|p2a: Gliscor|Gliscor, F|352\/352
|-damage|p2a: Gliscor|308\/352|[from] Stealth Rock
|move|p1a: Scizor|Roost|p1a: Scizor
|-heal|p1a: Scizor|330\/330
|
|-status|p2a: Gliscor|tox|[from] item: Toxic Orb
|turn|12
|
|move|p2a: Gliscor|Taunt|p1a: Scizor
|-start|p1a: Scizor|move: Taunt
|cant|p1a: Scizor|move: Taunt|Swords Dance
|
|-heal|p2a: Gliscor|352\/352 tox|[from] ability: Poison Heal
|turn|13
|
|switch|p1a: Azumarill|Azumarill, F|404\/404
|move|p2a: Gliscor|Earthquake|p1a: Azumarill
|-damage|p1a: Azumarill|277\/404
|
|turn|14
|
|switch|p2a: Ferrothorn|Ferrothorn, F|352\/352
|-damage|p2a: Ferrothorn|330\/352|[from] Stealth Rock
|move|p1a: Azumarill|Knock Off|p2a: Ferrothorn
|-damage|p2a: Ferrothorn|240\/352
|-damage|p1a: Azumarill|227\/404|[from] ability: Iron Barbs|[of] p2a: Ferrothorn
|-enditem|p2a: Ferrothorn|Shed Shell|[from] move: Knock Off|[of] p1a: Azumarill
|
|turn|15
|
|switch|p1a: Heatran|Heatran, M|260\/386
|switch|p2a: Latios|Latios, M|301\/301
|-damage|p2a: Latios|264\/301|[from] Stealth Rock
|
|-heal|p1a: Heatran|284\/386|[from] item: Leftovers
|turn|16
|
|move|p2a: Latios|Earthquake|p1a: Heatran
|-supereffective|p1a: Heatran
|-damage|p1a: Heatran|0 fnt
|-damage|p2a: Latios|234\/301|[from] item: Life Orb
|faint|p1a: Heatran
|
|c|âbellicose|lol
|c|âbellicose|Nice
|c|âwh0sy0urpapa|Thanks
|leave|flyingsweater
|
|switch|p1a: Sylveon|Sylveon, M|394\/394
|turn|17
|join|Reud
|c|âwh0sy0urpapa|Ben gay helped me build this team, and I questioned the presence of EQ. But it works
|join|Omegasization
|join|MeaninglessTripfag
|join|Ary
|c|âbellicose|Yeah ben is good
|c| Ary|yeah lo eq exists solely to donk tran
|c| Ary|it's actually standard
|c|âwh0sy0urpapa|Ok where is this battle being advertised
|c| Apathos|Pornhub
|c| Reud|^
|join|Mysticpotato
|
|move|p2a: Latios|Defog|p1a: Sylveon
|-unboost|p1a: Sylveon|evasion|1
|-sideend|p2: wh0sy0urpapa|Stealth Rock|[from] move: Defog|[of] p2a: Latios
|move|p1a: Sylveon|Hyper Voice|p2a: Latios
|-supereffective|p2a: Latios
|-damage|p2a: Latios|0 fnt
|faint|p2a: Latios
|
|leave|Mysticpotato
|
|switch|p2a: Ferrothorn|Ferrothorn, F|240\/352
|turn|18
|c| MeaninglessTripfag|we all came from the Lobby room
|c| MeaninglessTripfag|some guy is saying you stole his team
|c| MeaninglessTripfag|and told us to join
|
|switch|p1a: Chesnaught|Chesnaught, F|380\/380
|move|p2a: Ferrothorn|Stealth Rock|p1a: Chesnaught
|-sidestart|p1: bellicose|move: Stealth Rock
|
|turn|19
|c|âbellicose|Who are all these wierdos :\/
|
|switch|p2a: Altaria|Altaria, F|353\/353
|-ability|p2a: Altaria|Cloud Nine
|move|p1a: Chesnaught|Spikes|p2a: Altaria
|-sidestart|p2: wh0sy0urpapa|Spikes
|
|turn|20
|c|âwh0sy0urpapa|I wondered that too
|join|Dog And Lobster
|
|switch|p1a: Slowbro|Slowbro, F|394\/394
|-damage|p1a: Slowbro|345\/394|[from] Stealth Rock
|detailschange|p2a: Altaria|Altaria-Mega, F
|-mega|p2a: Altaria|Altaria|Altarianite
|move|p2a: Altaria|Substitute|p2a: Altaria
|-start|p2a: Altaria|Substitute
|-damage|p2a: Altaria|265\/353
|
|-heal|p1a: Slowbro|369\/394|[from] item: Leftovers
|turn|21
|c| Omegasization|bruh
|
|move|p2a: Altaria|Dragon Dance|p2a: Altaria
|-boost|p2a: Altaria|atk|1
|-boost|p2a: Altaria|spe|1
|move|p1a: Slowbro|Psyshock|p2a: Altaria
|-activate|p2a: Altaria|Substitute|[damage]
|
|-heal|p1a: Slowbro|393\/394|[from] item: Leftovers
|turn|22
|join|tst100
|c| Omegasization|what is damage
|c| Omegasization|TST
|c| Omegasization|UR BAK
|c| tst100|yo
|c| Omegasization|!
|c| tst100|i'll be gone after today :(
|join|flyingsweater
|c| Omegasization|NOOOO
|c| tst100|;_;
|c| Omegasization|;-;
|
|move|p2a: Altaria|Dragon Dance|p2a: Altaria
|-boost|p2a: Altaria|atk|1
|-boost|p2a: Altaria|spe|1
|move|p1a: Slowbro|Psyshock|p2a: Altaria
|-end|p2a: Altaria|Substitute
|
|-heal|p1a: Slowbro|394\/394|[from] item: Leftovers
|turn|23
|
|move|p2a: Altaria|Substitute|p2a: Altaria
|-start|p2a: Altaria|Substitute
|-damage|p2a: Altaria|177\/353
|move|p1a: Slowbro|Psyshock|p2a: Altaria
|-activate|p2a: Altaria|Substitute|[damage]
|
|turn|24
|c| MeaninglessTripfag|it's over
|c| MeaninglessTripfag|RIP @bellicose
|c|âwh0sy0urpapa|Not if Scizor is bulky enough
|c|âbellicose|Does that have roost
|
|move|p2a: Altaria|Roost|p2a: Altaria
|-heal|p2a: Altaria|353\/353
|move|p1a: Slowbro|Psyshock|p2a: Altaria
|-end|p2a: Altaria|Substitute
|
|turn|25
|c|âwh0sy0urpapa|What's your scizor's spread
|
|switch|p1a: Scizor|Scizor-Mega, M|330\/330
|-damage|p1a: Scizor|289\/330|[from] Stealth Rock
|move|p2a: Altaria|Frustration|p1a: Scizor
|-resisted|p1a: Scizor
|-damage|p1a: Scizor|169\/330
|
|turn|26
|c| flyingsweater|where was the sub
|leave|tst100
|
|move|p2a: Altaria|Substitute|p2a: Altaria
|-start|p2a: Altaria|Substitute
|-damage|p2a: Altaria|265\/353
|move|p1a: Scizor|Roost|p1a: Scizor
|-heal|p1a: Scizor|330\/330
|
|turn|27
|join|Updated Kanto
|c| flyingsweater|too late to sub
|join|it hurts so good
|
|move|p1a: Scizor|Bullet Punch|p2a: Altaria
|-supereffective|p2a: Altaria
|-end|p2a: Altaria|Substitute
|move|p2a: Altaria|Frustration|p1a: Scizor
|-resisted|p1a: Scizor
|-damage|p1a: Scizor|210\/330
|
|turn|28
|
|switch|p2a: Ferrothorn|Ferrothorn, F|240\/352
|-damage|p2a: Ferrothorn|196\/352|[from] Spikes
|move|p1a: Scizor|Roost|p1a: Scizor
|-heal|p1a: Scizor|330\/330
|
|turn|29
|
|switch|p2a: Raikou|Raikou|288\/329
|-damage|p2a: Raikou|247\/329|[from] Spikes
|-ability|p2a: Raikou|Pressure
|move|p1a: Scizor|Superpower|p2a: Raikou
|-damage|p2a: Raikou|19\/329
|-unboost|p1a: Scizor|atk|1
|-unboost|p1a: Scizor|def|1
|
|turn|30
|c| flyingsweater|what was the point of that
|c|âwh0sy0urpapa|Overprediction
|c|âbellicose|He was predicting
|c| flyingsweater|more like plain bad
|c|âbellicose|Um
|c| Cumspire|he predicted the uhh
|c|âwh0sy0urpapa|Somehow I thought he was gonna go to Chesnaught
|c| Cumspire|uhhhhhh
|c|âbellicose|flyingsweater please be courteous
|c| Ary|why would umm
|c| Ary|raikou
|c| Ary|be a good way
|c| flyingsweater|he doesn't give a fuck about seeds
|c| Ary|to switch into ches
|c| flyingsweater|glis would have been better
|c|âwh0sy0urpapa|B\/c gliscor can't do shit to ches
|
|switch|p2a: Gliscor|Gliscor, F|352\/352 tox
|move|p1a: Scizor|Bullet Punch|p2a: Gliscor
|-damage|p2a: Gliscor|294\/352 tox
|
|-heal|p2a: Gliscor|338\/352 tox|[from] ability: Poison Heal
|turn|31
|c|âbellicose|aerial ace gliscor is good btw
|
|switch|p1a: Chesnaught|Chesnaught, F|380\/380
|-damage|p1a: Chesnaught|357\/380|[from] Stealth Rock
|move|p2a: Gliscor|Earthquake|p1a: Chesnaught
|-crit|p1a: Chesnaught
|-resisted|p1a: Chesnaught
|-damage|p1a: Chesnaught|307\/380
|
|-heal|p1a: Chesnaught|330\/380|[from] item: Leftovers
|-heal|p2a: Gliscor|352\/352 tox|[from] ability: Poison Heal
|turn|32
|join|Clefairy
|
|switch|p1a: Azumarill|Azumarill, F|227\/404
|-damage|p1a: Azumarill|177\/404|[from] Stealth Rock
|move|p2a: Gliscor|Taunt|p1a: Azumarill
|-start|p1a: Azumarill|move: Taunt
|
|turn|33
|join|ReformaAgravada
|
|switch|p2a: Ferrothorn|Ferrothorn, F|196\/352
|-damage|p2a: Ferrothorn|152\/352|[from] Spikes
|move|p1a: Azumarill|Knock Off|p2a: Ferrothorn
|-damage|p2a: Ferrothorn|88\/352
|-damage|p1a: Azumarill|127\/404|[from] ability: Iron Barbs|[of] p2a: Ferrothorn
|
|turn|34
|
|switch|p2a: Gliscor|Gliscor, F|352\/352 tox
|move|p1a: Azumarill|Knock Off|p2a: Gliscor
|-damage|p2a: Gliscor|263\/352 tox
|-enditem|p2a: Gliscor|Toxic Orb|[from] move: Knock Off|[of] p1a: Azumarill
|
|-heal|p2a: Gliscor|307\/352 tox|[from] ability: Poison Heal
|turn|35
|leave|Omegasization
|
|switch|p1a: Chesnaught|Chesnaught, F|330\/380
|-damage|p1a: Chesnaught|307\/380|[from] Stealth Rock
|move|p2a: Gliscor|Knock Off|p1a: Chesnaught
|-resisted|p1a: Chesnaught
|-damage|p1a: Chesnaught|285\/380
|-enditem|p1a: Chesnaught|Leftovers|[from] move: Knock Off|[of] p2a: Gliscor
|
|-heal|p2a: Gliscor|351\/352 tox|[from] ability: Poison Heal
|turn|36
|
|switch|p1a: Slowbro|Slowbro, F|394\/394
|-damage|p1a: Slowbro|345\/394|[from] Stealth Rock
|move|p2a: Gliscor|Taunt|p1a: Slowbro
|-start|p1a: Slowbro|move: Taunt
|
|-heal|p1a: Slowbro|369\/394|[from] item: Leftovers
|-heal|p2a: Gliscor|352\/352 tox|[from] ability: Poison Heal
|turn|37
|
|move|p2a: Gliscor|Knock Off|p1a: Slowbro
|-supereffective|p1a: Slowbro
|-damage|p1a: Slowbro|277\/394
|-enditem|p1a: Slowbro|Leftovers|[from] move: Knock Off|[of] p2a: Gliscor
|move|p1a: Slowbro|Scald|p2a: Gliscor
|-supereffective|p2a: Gliscor
|-damage|p2a: Gliscor|122\/352 tox
|
|-heal|p2a: Gliscor|166\/352 tox|[from] ability: Poison Heal
|turn|38
|leave|flyingsweater
|
|switch|p2a: Slowbro|Slowbro, M|393\/393 brn
|-damage|p2a: Slowbro|344\/393 brn|[from] Spikes
|move|p1a: Slowbro|Scald|p2a: Slowbro
|-resisted|p2a: Slowbro
|-damage|p2a: Slowbro|290\/393 brn
|
|-heal|p2a: Slowbro|314\/393 brn|[from] item: Leftovers
|-damage|p2a: Slowbro|265\/393 brn|[from] brn
|turn|39
|
|switch|p1a: Chesnaught|Chesnaught, F|285\/380
|-damage|p1a: Chesnaught|262\/380|[from] Stealth Rock
|move|p2a: Slowbro|Toxic|p1a: Chesnaught
|-status|p1a: Chesnaught|tox
|
|-heal|p2a: Slowbro|289\/393 brn|[from] item: Leftovers
|-damage|p1a: Chesnaught|239\/380 tox|[from] psn
|-damage|p2a: Slowbro|240\/393 brn|[from] brn
|turn|40
|
|move|p1a: Chesnaught|Spikes|p2a: Slowbro
|-sidestart|p2: wh0sy0urpapa|Spikes
|move|p2a: Slowbro|Slack Off|p2a: Slowbro
|-heal|p2a: Slowbro|393\/393 brn
|
|-damage|p1a: Chesnaught|193\/380 tox|[from] psn
|-damage|p2a: Slowbro|344\/393 brn|[from] brn
|turn|41
|leave|ReformaAgravada
|join|Bre el loom
|join|slowbro'd wat els
|
|switch|p2a: Ferrothorn|Ferrothorn, F|88\/352
|-damage|p2a: Ferrothorn|30\/352|[from] Spikes
|move|p1a: Chesnaught|Spikes|p2a: Ferrothorn
|-sidestart|p2: wh0sy0urpapa|Spikes
|
|-damage|p1a: Chesnaught|124\/380 tox|[from] psn
|turn|42
|leave|slowbro'd wat els
|
|move|p2a: Ferrothorn|Protect|p2a: Ferrothorn
|-singleturn|p2a: Ferrothorn|Protect
|move|p1a: Chesnaught|Spikes|p2a: Ferrothorn
|-fail|p2a: Ferrothorn
|
|-damage|p1a: Chesnaught|32\/380 tox|[from] psn
|turn|43
|c|âbellicose|Good misclick
|
|move|p1a: Chesnaught|Drain Punch|p2a: Ferrothorn
|-supereffective|p2a: Ferrothorn
|-damage|p2a: Ferrothorn|0 fnt
|-heal|p1a: Chesnaught|47\/380 tox|[from] drain|[of] p2a: Ferrothorn
|-damage|p1a: Chesnaught|0 fnt|[from] ability: Iron Barbs|[of] p2a: Ferrothorn
|faint|p1a: Chesnaught
|faint|p2a: Ferrothorn
|
|c|âbellicose|Im lagging pretty hard
|c|âwh0sy0urpapa|When aren't we lagging
|c| Apathos|Zarel does it again
|
|switch|p2a: Raikou|Raikou|19\/329
|switch|p1a: Sylveon|Sylveon, M|394\/394
|-damage|p2a: Raikou|0 fnt|[from] Spikes
|faint|p2a: Raikou
|-damage|p1a: Sylveon|345\/394|[from] Stealth Rock
|
|switch|p2a: Slowbro|Slowbro, M|393\/393 brn
|-damage|p2a: Slowbro|295\/393 brn|[from] Spikes
|turn|44
|
|move|p1a: Sylveon|Wish|p1a: Sylveon
|move|p2a: Slowbro|Scald|p1a: Sylveon
|-damage|p1a: Sylveon|267\/394
|
|-heal|p1a: Sylveon|291\/394|[from] item: Leftovers
|-heal|p2a: Slowbro|319\/393 brn|[from] item: Leftovers
|-damage|p2a: Slowbro|270\/393 brn|[from] brn
|turn|45
|
|move|p1a: Sylveon|Hyper Voice|p2a: Slowbro
|-damage|p2a: Slowbro|105\/393 brn
|move|p2a: Slowbro|Toxic|p1a: Sylveon
|-status|p1a: Sylveon|tox
|
|-heal|p1a: Sylveon|394\/394 tox|[from] move: Wish|[wisher] Sylveon
|-heal|p2a: Slowbro|129\/393 brn|[from] item: Leftovers
|-damage|p1a: Sylveon|370\/394 tox|[from] psn
|-damage|p2a: Slowbro|80\/393 brn|[from] brn
|turn|46
|leave|Cumspire
|
|move|p1a: Sylveon|Heal Bell|p1a: Sylveon
|-cureteam|p1a: Sylveon|[from] move: HealBell
|move|p2a: Slowbro|Slack Off|p2a: Slowbro
|-heal|p2a: Slowbro|277\/393 brn
|
|-heal|p1a: Sylveon|394\/394|[from] item: Leftovers
|-heal|p2a: Slowbro|301\/393 brn|[from] item: Leftovers
|-damage|p2a: Slowbro|252\/393 brn|[from] brn
|turn|47
|
|move|p1a: Sylveon|Hyper Voice|p2a: Slowbro
|-damage|p2a: Slowbro|89\/393 brn
|move|p2a: Slowbro|Scald|p1a: Sylveon
|-damage|p1a: Sylveon|321\/394
|
|-heal|p1a: Sylveon|345\/394|[from] item: Leftovers
|-heal|p2a: Slowbro|113\/393 brn|[from] item: Leftovers
|-damage|p2a: Slowbro|64\/393 brn|[from] brn
|turn|48
|
|move|p1a: Sylveon|Hyper Voice|p2a: Slowbro
|-damage|p2a: Slowbro|0 fnt
|faint|p2a: Slowbro
|
|-heal|p1a: Sylveon|369\/394|[from] item: Leftovers
|
|switch|p2a: Gliscor|Gliscor, F|166\/352 tox
|turn|49
|
|move|p2a: Gliscor|Earthquake|p1a: Sylveon
|-damage|p1a: Sylveon|257\/394
|move|p1a: Sylveon|Hyper Voice|p2a: Gliscor
|-damage|p2a: Gliscor|0 fnt
|faint|p2a: Gliscor
|
|-heal|p1a: Sylveon|281\/394|[from] item: Leftovers
|
|switch|p2a: Altaria|Altaria-Mega, F|265\/353
|-damage|p2a: Altaria|177\/353|[from] Spikes
|turn|50
|c|âbellicose|gg man
|c|âwh0sy0urpapa|gg
|c|âbellicose|I can give you some tips and advice in pms
|c|âbellicose|Afterwards
|c|âwh0sy0urpapa|I'd appreciate that a lot
|
|move|p2a: Altaria|Frustration|p1a: Sylveon
|-damage|p1a: Sylveon|130\/394
|move|p1a: Sylveon|Hyper Voice|p2a: Altaria
|-crit|p2a: Altaria
|-supereffective|p2a: Altaria
|-damage|p2a: Altaria|0 fnt
|faint|p2a: Altaria
|
|win|bellicose
|join|ary light