|join|Reverb
|join|bellicose
|player|p1|Reverb|#reverbxmas
|player|p2|bellicose|266
|gametype|singles
|gen|6
|tier|OU (suspect test)
|clearpoke
|poke|p1|Lopunny, M
|poke|p1|Celebi
|poke|p1|Tyranitar, F
|poke|p1|Keldeo
|poke|p1|Landorus-Therian, M
|poke|p1|Empoleon, M
|poke|p2|Altaria, M
|poke|p2|Ferrothorn, M
|poke|p2|Landorus-Therian, M
|poke|p2|Raikou
|poke|p2|Keldeo
|poke|p2|Mew
|rule|Swagger Clause: Swagger is banned
|rule|Baton Pass Clause: Limit one PokÃ©mon knowing Baton Pass
|rule|Sleep Clause Mod: Limit one foe put to sleep
|rule|Species Clause: Limit one of each PokÃ©mon
|rule|OHKO Clause: OHKO moves are banned
|rule|Moody Clause: Moody is banned
|rule|Evasion Moves Clause: Evasion moves are banned
|rule|Endless Battle Clause: Forcing endless battles is banned
|rule|HP Percentage Mod: HP is shown in percentages
|teampreview
|join|jake5
|join|y4
|join|Apathos
|
|start
|switch|p1a: Landorus-Therian|Landorus-Therian, M|327\/327
|switch|p2a: Landorus-Therian|Landorus-Therian, M|320\/320
|-ability|p2a: Landorus-Therian|Intimidate|[of] p1a: Landorus-Therian
|-unboost|p1a: Landorus-Therian|atk|1
|-ability|p1a: Landorus-Therian|Intimidate|[of] p2a: Landorus-Therian
|-unboost|p2a: Landorus-Therian|atk|1
|turn|1
|
|move|p2a: Landorus-Therian|Knock Off|p1a: Landorus-Therian
|-damage|p1a: Landorus-Therian|230\/327
|-enditem|p1a: Landorus-Therian|Choice Scarf|[from] move: Knock Off|[of] p2a: Landorus-Therian
|move|p1a: Landorus-Therian|U-turn|p2a: Landorus-Therian
|-crit|p2a: Landorus-Therian
|-resisted|p2a: Landorus-Therian
|-damage|p2a: Landorus-Therian|247\/320
|
|switch|p1a: Empoleon|Empoleon, M|371\/371
|
|turn|2
|
|switch|p2a: Ferrothorn|Ferrothorn, M|352\/352
|move|p1a: Empoleon|Stealth Rock|p2a: Ferrothorn
|-sidestart|p2: bellicose|move: Stealth Rock
|
|turn|3
|
|switch|p1a: Lopunny|Lopunny, M|271\/271
|move|p2a: Ferrothorn|Stealth Rock|p1a: Lopunny
|-sidestart|p1: Reverb|move: Stealth Rock
|
|turn|4
|
|detailschange|p1a: Lopunny|Lopunny-Mega, M
|-mega|p1a: Lopunny|Lopunny|Lopunnite
|move|p1a: Lopunny|Fake Out|p2a: Ferrothorn
|-resisted|p2a: Ferrothorn
|-damage|p2a: Ferrothorn|328\/352
|-damage|p1a: Lopunny|238\/271|[from] ability: Iron Barbs|[of] p2a: Ferrothorn
|cant|p2a: Ferrothorn|flinch
|
|-heal|p2a: Ferrothorn|350\/352|[from] item: Leftovers
|turn|5
|
|move|p2a: Ferrothorn|Protect|p2a: Ferrothorn
|-singleturn|p2a: Ferrothorn|Protect
|move|p1a: Lopunny|High Jump Kick|p2a: Ferrothorn
|-activate|p2a: Ferrothorn|Protect
|-damage|p1a: Lopunny|103\/271|[from] highjumpkick
|
|-heal|p2a: Ferrothorn|352\/352|[from] item: Leftovers
|turn|6
|c|âReverb|fgt
|
|move|p1a: Lopunny|High Jump Kick|p2a: Ferrothorn
|-supereffective|p2a: Ferrothorn
|-damage|p2a: Ferrothorn|10\/352
|-damage|p1a: Lopunny|70\/271|[from] ability: Iron Barbs|[of] p2a: Ferrothorn
|move|p2a: Ferrothorn|Leech Seed|p1a: Lopunny
|-start|p1a: Lopunny|move: Leech Seed
|
|-heal|p2a: Ferrothorn|32\/352|[from] item: Leftovers
|-damage|p1a: Lopunny|37\/271|[from] Leech Seed|[of] p2a: Ferrothorn
|-heal|p2a: Ferrothorn|65\/352|[silent]
|turn|7
|
|switch|p1a: Tyranitar|Tyranitar, F|383\/383
|-damage|p1a: Tyranitar|336\/383|[from] Stealth Rock
|-weather|Sandstorm
|move|p2a: Ferrothorn|Leech Seed|p1a: Tyranitar
|-start|p1a: Tyranitar|move: Leech Seed
|
|-weather|Sandstorm|[upkeep]
|-heal|p2a: Ferrothorn|87\/352|[from] item: Leftovers
|-damage|p1a: Tyranitar|289\/383|[from] Leech Seed|[of] p2a: Ferrothorn
|-heal|p2a: Ferrothorn|134\/352|[silent]
|turn|8
|
|switch|p1a: Keldeo|Keldeo|323\/323
|-damage|p1a: Keldeo|303\/323|[from] Stealth Rock
|move|p2a: Ferrothorn|Protect|p2a: Ferrothorn
|-fail|p2a: Ferrothorn
|
|-weather|Sandstorm|[upkeep]
|-damage|p1a: Keldeo|283\/323|[from] sandstorm
|-heal|p2a: Ferrothorn|156\/352|[from] item: Leftovers
|turn|9
|
|move|p2a: Ferrothorn|Protect|p2a: Ferrothorn
|-singleturn|p2a: Ferrothorn|Protect
|move|p1a: Keldeo|Secret Sword|p2a: Ferrothorn
|-activate|p2a: Ferrothorn|Protect
|
|-weather|Sandstorm|[upkeep]
|-damage|p1a: Keldeo|263\/323|[from] sandstorm
|-heal|p2a: Ferrothorn|178\/352|[from] item: Leftovers
|turn|10
|
|switch|p2a: Landorus-Therian|Landorus-Therian, M|247\/320
|-damage|p2a: Landorus-Therian|207\/320|[from] Stealth Rock
|-ability|p2a: Landorus-Therian|Intimidate|[of] p1a: Keldeo
|-unboost|p1a: Keldeo|atk|1
|move|p1a: Keldeo|Secret Sword|p2a: Landorus-Therian
|-resisted|p2a: Landorus-Therian
|-damage|p2a: Landorus-Therian|94\/320
|
|-weather|Sandstorm|[upkeep]
|-damage|p1a: Keldeo|243\/323|[from] sandstorm
|turn|11
|
|switch|p1a: Landorus-Therian|Landorus-Therian, M|230\/327
|-damage|p1a: Landorus-Therian|190\/327|[from] Stealth Rock
|-ability|p1a: Landorus-Therian|Intimidate|[of] p2a: Landorus-Therian
|-unboost|p2a: Landorus-Therian|atk|1
|move|p2a: Landorus-Therian|Earthquake|p1a: Landorus-Therian
|-immune|p1a: Landorus-Therian|[msg]
|
|-weather|none
|turn|12
|
|switch|p2a: Ferrothorn|Ferrothorn, M|178\/352
|-damage|p2a: Ferrothorn|156\/352|[from] Stealth Rock
|move|p1a: Landorus-Therian|U-turn|p2a: Ferrothorn
|-damage|p2a: Ferrothorn|93\/352
|-damage|p1a: Landorus-Therian|150\/327|[from] ability: Iron Barbs|[of] p2a: Ferrothorn
|
|switch|p1a: Tyranitar|Tyranitar, F|289\/383
|-damage|p1a: Tyranitar|242\/383|[from] Stealth Rock
|-weather|Sandstorm
|
|-weather|Sandstorm|[upkeep]
|-heal|p2a: Ferrothorn|115\/352|[from] item: Leftovers
|turn|13
|join|Cienight
|
|move|p1a: Tyranitar|Crunch|p2a: Ferrothorn
|-damage|p2a: Ferrothorn|0 fnt
|-damage|p1a: Tyranitar|195\/383|[from] ability: Iron Barbs|[of] p2a: Ferrothorn
|faint|p2a: Ferrothorn
|
|-weather|Sandstorm|[upkeep]
|
|switch|p2a: Keldeo|Keldeo|323\/323
|-damage|p2a: Keldeo|303\/323|[from] Stealth Rock
|turn|14
|
|switch|p1a: Celebi|Celebi|404\/404
|-damage|p1a: Celebi|354\/404|[from] Stealth Rock
|move|p2a: Keldeo|Scald|p1a: Celebi
|-resisted|p1a: Celebi
|-damage|p1a: Celebi|272\/404
|
|-weather|Sandstorm|[upkeep]
|-damage|p2a: Keldeo|283\/323|[from] sandstorm
|-damage|p1a: Celebi|247\/404|[from] sandstorm
|-heal|p1a: Celebi|272\/404|[from] item: Leftovers
|turn|15
|
|switch|p2a: Mew|Mew|404\/404
|-damage|p2a: Mew|354\/404|[from] Stealth Rock
|move|p1a: Celebi|Baton Pass|p1a: Celebi
|
|switch|p1a: Tyranitar|Tyranitar, F|195\/383
|-damage|p1a: Tyranitar|148\/383|[from] Stealth Rock
|
|-weather|Sandstorm|[upkeep]
|-damage|p2a: Mew|329\/404|[from] sandstorm
|-heal|p2a: Mew|354\/404|[from] item: Leftovers
|turn|16
|
|move|p2a: Mew|Will-O-Wisp|p1a: Tyranitar
|-status|p1a: Tyranitar|brn
|move|p1a: Tyranitar|Crunch|p2a: Mew
|-supereffective|p2a: Mew
|-damage|p2a: Mew|114\/404
|
|-weather|none
|-heal|p2a: Mew|139\/404|[from] item: Leftovers
|-damage|p1a: Tyranitar|101\/383 brn|[from] brn
|turn|17
|join|Reverend
|
|move|p2a: Mew|Roost|p2a: Mew
|-heal|p2a: Mew|341\/404
|move|p1a: Tyranitar|Crunch|p2a: Mew
|-supereffective|p2a: Mew
|-damage|p2a: Mew|83\/404
|
|-heal|p2a: Mew|108\/404|[from] item: Leftovers
|-damage|p1a: Tyranitar|54\/383 brn|[from] brn
|turn|18
|c|âbellicose|nice gay bandtar
|
|move|p2a: Mew|Roost|p2a: Mew
|-heal|p2a: Mew|310\/404
|move|p1a: Tyranitar|Crunch|p2a: Mew
|-supereffective|p2a: Mew
|-damage|p2a: Mew|92\/404
|
|-heal|p2a: Mew|117\/404|[from] item: Leftovers
|-damage|p1a: Tyranitar|7\/383 brn|[from] brn
|turn|19
|
|move|p2a: Mew|Roost|p2a: Mew
|-heal|p2a: Mew|319\/404
|move|p1a: Tyranitar|Crunch|p2a: Mew
|-supereffective|p2a: Mew
|-damage|p2a: Mew|83\/404
|-unboost|p2a: Mew|def|1
|
|-heal|p2a: Mew|108\/404|[from] item: Leftovers
|-damage|p1a: Tyranitar|0 fnt|[from] brn
|faint|p1a: Tyranitar
|
|switch|p1a: Landorus-Therian|Landorus-Therian, M|150\/327
|-damage|p1a: Landorus-Therian|110\/327|[from] Stealth Rock
|-ability|p1a: Landorus-Therian|Intimidate|[of] p2a: Mew
|-unboost|p2a: Mew|atk|1
|turn|20
|
|move|p1a: Landorus-Therian|U-turn|p2a: Mew
|-supereffective|p2a: Mew
|-damage|p2a: Mew|0 fnt
|faint|p2a: Mew
|join|MyWaySleeping
|join|Altilt
|
|switch|p1a: Celebi|Celebi|272\/404
|-damage|p1a: Celebi|222\/404|[from] Stealth Rock
|
|-heal|p1a: Celebi|247\/404|[from] item: Leftovers
|
|switch|p2a: Landorus-Therian|Landorus-Therian, M|94\/320
|-damage|p2a: Landorus-Therian|54\/320|[from] Stealth Rock
|-ability|p2a: Landorus-Therian|Intimidate|[of] p1a: Celebi
|-unboost|p1a: Celebi|atk|1
|turn|21
|
|switch|p1a: Landorus-Therian|Landorus-Therian, M|110\/327
|-damage|p1a: Landorus-Therian|70\/327|[from] Stealth Rock
|-ability|p1a: Landorus-Therian|Intimidate|[of] p2a: Landorus-Therian
|-unboost|p2a: Landorus-Therian|atk|1
|move|p2a: Landorus-Therian|U-turn|p1a: Landorus-Therian
|-resisted|p1a: Landorus-Therian
|-damage|p1a: Landorus-Therian|37\/327
|
|switch|p2a: Altaria|Altaria, M|311\/311
|-damage|p2a: Altaria|234\/311|[from] Stealth Rock
|
|turn|22
|
|detailschange|p2a: Altaria|Altaria-Mega, M
|-mega|p2a: Altaria|Altaria|Altarianite
|move|p1a: Landorus-Therian|Explosion|p2a: Altaria
|-crit|p2a: Altaria
|-damage|p2a: Altaria|0 fnt
|faint|p1a: Landorus-Therian
|faint|p2a: Altaria
|
|c| Reverend|owned
|c|âbellicose|Damn crits!
|c| MyWaySleeping|,
|c|âReverb|lel
|c| Apathos|Welp
|
|switch|p1a: Lopunny|Lopunny-Mega, M|37\/271
|switch|p2a: Raikou|Raikou|321\/321
|-damage|p1a: Lopunny|21\/271|[from] Stealth Rock
|-damage|p2a: Raikou|281\/321|[from] Stealth Rock
|-ability|p2a: Raikou|Pressure
|turn|23
|
|switch|p2a: Keldeo|Keldeo|283\/323
|-damage|p2a: Keldeo|263\/323|[from] Stealth Rock
|move|p1a: Lopunny|Fake Out|p2a: Keldeo
|-damage|p2a: Keldeo|178\/323
|
|turn|24
|
|move|p1a: Lopunny|Return|p2a: Keldeo
|-damage|p2a: Keldeo|0 fnt
|faint|p2a: Keldeo
|
|
|switch|p2a: Landorus-Therian|Landorus-Therian, M|54\/320
|-damage|p2a: Landorus-Therian|14\/320|[from] Stealth Rock
|-ability|p2a: Landorus-Therian|Intimidate|[of] p1a: Lopunny
|-unboost|p1a: Lopunny|atk|1
|turn|25
|
|switch|p1a: Keldeo|Keldeo|243\/323
|-damage|p1a: Keldeo|223\/323|[from] Stealth Rock
|move|p2a: Landorus-Therian|Knock Off|p1a: Keldeo
|-resisted|p1a: Keldeo
|-damage|p1a: Keldeo|159\/323
|-boost|p1a: Keldeo|atk|1|[from] ability: Justified
|-enditem|p1a: Keldeo|Choice Specs|[from] move: Knock Off|[of] p2a: Landorus-Therian
|
|turn|26
|join|blitzbanmagarin
|
|move|p2a: Landorus-Therian|Knock Off|p1a: Keldeo
|-resisted|p1a: Keldeo
|-damage|p1a: Keldeo|117\/323
|-boost|p1a: Keldeo|atk|1|[from] ability: Justified
|move|p1a: Keldeo|Secret Sword|p2a: Landorus-Therian
|-resisted|p2a: Landorus-Therian
|-damage|p2a: Landorus-Therian|0 fnt
|faint|p2a: Landorus-Therian
|
|
|switch|p2a: Raikou|Raikou|281\/321
|-damage|p2a: Raikou|241\/321|[from] Stealth Rock
|-ability|p2a: Raikou|Pressure
|turn|27
|c|âbellicose|ur a hacker
|
|move|p2a: Raikou|Thunderbolt|p1a: Keldeo
|-supereffective|p1a: Keldeo
|-damage|p1a: Keldeo|0 fnt
|faint|p1a: Keldeo
|
|join|gay af
|c| jake5|no ur just bad
|
|switch|p1a: Lopunny|Lopunny-Mega, M|21\/271
|-damage|p1a: Lopunny|5\/271|[from] Stealth Rock
|turn|28
|c|âbellicose|shut the fuck up jake5
|c|âReverb|n im jus good
|c| gay af|;o
|c|âReverb|also
|c| jake5|2-0 and telling me lol
|c|âbellicose|when was the last time you won a match kid
|c| blitzbanmagarin|too powerful
|c| blitzbanmagarin|reverb cant be stopped
|c|âReverb|>the sexual tension between jake5 and bellicose
|c| gay af|ye jake
|c|âReverb|oml
|c|âbellicose|fucking trashtalking garbage
|c| Reverend|lol this kid is quite mad about pokemon
|c| gay af|wen was the last time u won a match
|c| gay af|nerd
|c|âbellicose|that cant play
|c| jake5|you just got rekt brah
|
|move|p1a: Lopunny|Fake Out|p2a: Raikou
|-damage|p2a: Raikou|138\/321
|cant|p2a: Raikou|flinch
|
|turn|29
|c| jake5|and telling me
|c| PikachuCandy|ayy
|c|âbellicose|rek me yourself then shittalk
|c|âbellicose|fag
|
|move|p1a: Lopunny|Return|p2a: Raikou
|-damage|p2a: Raikou|0 fnt
|faint|p2a: Raikou
|
|win|Reverb
|c| Reverend|more homophobia please
|c|âReverb|gg
|leave|y4
|c| jake5|lol these salty and bad players
|c|âbellicose|Fag
|c| gay af|jake v belli
|c| PikachuCandy|it's just Reverb is good
|leave|jake5
|leave|Cienight
|leave|blitzbanmagarin
|leave|bellicose
|player|p2