|join|st123
|join|uu prodigy
|player|p1|st123|265
|player|p2|uu prodigy|233
|gametype|singles
|gen|6
|tier|UU
|rated
|rule|Sleep Clause Mod: Limit one foe put to sleep
|rule|Species Clause: Limit one of each PokÃ©mon
|rule|OHKO Clause: OHKO moves are banned
|rule|Moody Clause: Moody is banned
|rule|Evasion Moves Clause: Evasion moves are banned
|rule|Endless Battle Clause: Forcing endless battles is banned
|rule|HP Percentage Mod: HP is reported as percentages
|clearpoke
|poke|p1|Froslass, F
|poke|p1|Sableye, F
|poke|p1|Lucario, F
|poke|p1|Swampert, F
|poke|p1|Roserade, F
|poke|p1|Noivern, F
|poke|p2|Shuckle, M
|poke|p2|Sableye, F
|poke|p2|Jellicent, M
|poke|p2|Braviary, M
|poke|p2|Victini
|poke|p2|Lucario, F
|rule|Swagger Clause: Swagger is banned
|rule|Baton Pass Clause: Limit three PokÃ©mon knowing Baton Pass
|teampreview
|chat|uu prodigy|gl
|chat|st123|u2
|
|start
|switch|p1a: Froslass|Froslass, F|301\/301
|switch|p2a: OH GOD|Sableye, F|304\/304
|turn|1
|
|switch|p1a: Roserade|Roserade, F|261\/261
|move|p2a: OH GOD|Taunt|p1a: Roserade
|-start|p1a: Roserade|move: Taunt
|
|turn|2
|
|switch|p2a: pancho|Lucario, F|281\/281
|move|p1a: Roserade|Giga Drain|p2a: pancho
|-resisted|p2a: pancho
|-damage|p2a: pancho|163\/281
|-damage|p1a: Roserade|235\/261|[from] item: Life Orb
|
|turn|3
|
|switch|p1a: Swampert|Swampert, F|404\/404
|move|p2a: pancho|Close Combat|p1a: Swampert
|-damage|p1a: Swampert|200\/404
|-unboost|p2a: pancho|def|1
|-unboost|p2a: pancho|spd|1
|-damage|p2a: pancho|135\/281|[from] item: Life Orb
|
|-heal|p1a: Swampert|225\/404|[from] item: Leftovers
|turn|4
|
|switch|p2a: OH GOD|Sableye, F|304\/304
|move|p1a: Swampert|Stealth Rock|p2a: OH GOD
|-sidestart|p2: uu prodigy|move: Stealth Rock
|
|-heal|p1a: Swampert|250\/404|[from] item: Leftovers
|turn|5
|
|switch|p1a: Roserade|Roserade, F|235\/261
|move|p2a: OH GOD|Will-O-Wisp|p1a: Roserade
|-status|p1a: Roserade|brn
|
|-damage|p1a: Roserade|203\/261 brn|[from] brn
|turn|6
|
|move|p2a: OH GOD|Taunt|p1a: Roserade
|-start|p1a: Roserade|move: Taunt
|cant|p1a: Roserade|move: Taunt|Toxic Spikes
|
|-damage|p1a: Roserade|171\/261 brn|[from] brn
|turn|7
|
|switch|p2a: SW Prince|Shuckle, M|244\/244
|-damage|p2a: SW Prince|183\/244|[from] Stealth Rock
|move|p1a: Roserade|Giga Drain|p2a: SW Prince
|-damage|p2a: SW Prince|123\/244
|-heal|p1a: Roserade|201\/261 brn|[from] drain|[of] p2a: SW Prince
|-damage|p1a: Roserade|175\/261 brn|[from] item: Life Orb
|
|-damage|p1a: Roserade|143\/261 brn|[from] brn
|turn|8
|
|switch|p1a: Lucario|Lucario, F|315\/315
|move|p2a: SW Prince|Sticky Web|p1a: Lucario
|-sidestart|p1: st123|move: Sticky Web
|
|turn|9
|
|move|p1a: Lucario|Swords Dance|p1a: Lucario
|-boost|p1a: Lucario|atk|2
|move|p2a: SW Prince|Encore|p1a: Lucario
|-start|p1a: Lucario|Encore
|
|turn|10
|
|switch|p1a: Froslass|Froslass, F|301\/301
|-activate|p1a: Froslass|move: Sticky Web
|-unboost|p1a: Froslass|spe|1
|switch|p2a: pancho|Lucario, F|135\/281
|-damage|p2a: pancho|127\/281|[from] Stealth Rock
|
|turn|11
|
|move|p2a: pancho|Iron Tail|p1a: Froslass
|-supereffective|p1a: Froslass
|-enditem|p1a: Froslass|Focus Sash
|-damage|p1a: Froslass|1\/301
|-damage|p2a: pancho|99\/281|[from] item: Life Orb
|move|p1a: Froslass|Spikes|p2a: pancho
|-sidestart|p2: uu prodigy|Spikes
|
|turn|12
|
|move|p1a: Froslass|Ice Shard|p2a: pancho
|-resisted|p2a: pancho
|-damage|p2a: pancho|64\/281
|move|p2a: pancho|Iron Tail|p1a: Froslass
|-supereffective|p1a: Froslass
|-damage|p1a: Froslass|0 fnt
|-damage|p2a: pancho|36\/281|[from] item: Life Orb
|faint|p1a: Froslass
|
|
|switch|p1a: Sableye|Sableye, F|303\/303
|-activate|p1a: Sableye|move: Sticky Web
|-unboost|p1a: Sableye|spe|1
|turn|13
|
|move|p1a: Sableye|Will-O-Wisp|p2a: pancho
|-status|p2a: pancho|brn
|move|p2a: pancho|Iron Tail|p1a: Sableye|[miss]
|-miss|p2a: pancho|p1a: Sableye
|
|-damage|p2a: pancho|1\/281 brn|[from] brn
|turn|14
|
|switch|p1a: Swampert|Swampert, F|250\/404
|-activate|p1a: Swampert|move: Sticky Web
|-unboost|p1a: Swampert|spe|1
|move|p2a: pancho|Close Combat|p1a: Swampert
|-damage|p1a: Swampert|147\/404
|-unboost|p2a: pancho|def|1
|-unboost|p2a: pancho|spd|1
|-damage|p2a: pancho|0 fnt|[from] item: Life Orb
|faint|p2a: pancho
|
|-heal|p1a: Swampert|172\/404|[from] item: Leftovers
|
|switch|p2a: POWAH|Victini|341\/341
|-damage|p2a: POWAH|256\/341|[from] Stealth Rock
|-damage|p2a: POWAH|214\/341|[from] Spikes
|turn|15
|chat|uu prodigy|fuq
|chat|uu prodigy|dumb lag
|
|move|p2a: POWAH|Grass Knot|p1a: Swampert
|-supereffective|p1a: Swampert
|-damage|p1a: Swampert|0 fnt
|faint|p1a: Swampert
|
|
|switch|p1a: Noivern|Noivern, F|311\/311
|turn|16
|
|switch|p2a: SW Prince|Shuckle, M|123\/244
|-damage|p2a: SW Prince|62\/244|[from] Stealth Rock
|-damage|p2a: SW Prince|32\/244|[from] Spikes
|move|p1a: Noivern|Draco Meteor|p2a: SW Prince
|-damage|p2a: SW Prince|0 fnt
|-unboost|p1a: Noivern|spa|2
|-damage|p1a: Noivern|280\/311|[from] item: Life Orb
|faint|p2a: SW Prince
|
|
|switch|p2a: US EAST IS GAY|Braviary, M|341\/341
|-damage|p2a: US EAST IS GAY|256\/341|[from] Stealth Rock
|turn|17
|
|move|p1a: Noivern|Taunt|p2a: US EAST IS GAY
|-start|p2a: US EAST IS GAY|move: Taunt
|move|p2a: US EAST IS GAY|Brave Bird|p1a: Noivern
|-damage|p1a: Noivern|31\/311
|-damage|p2a: US EAST IS GAY|174\/341|[from] recoil|[of] p1a: Noivern
|
|-heal|p2a: US EAST IS GAY|195\/341|[from] item: Leftovers
|turn|18
|
|move|p1a: Noivern|Draco Meteor|p2a: US EAST IS GAY|[miss]
|-miss|p1a: Noivern|p2a: US EAST IS GAY
|move|p2a: US EAST IS GAY|Brave Bird|p1a: Noivern
|-damage|p1a: Noivern|0 fnt
|-damage|p2a: US EAST IS GAY|185\/341|[from] recoil|[of] p1a: Noivern
|faint|p1a: Noivern
|
|-heal|p2a: US EAST IS GAY|206\/341|[from] item: Leftovers
|chat|uu prodigy|yay
|
|switch|p1a: Sableye|Sableye, F|303\/303
|-activate|p1a: Sableye|move: Sticky Web
|-unboost|p1a: Sableye|spe|1
|turn|19
|
|switch|p2a: POWAH|Victini|214\/341
|-damage|p2a: POWAH|172\/341|[from] Spikes
|-damage|p2a: POWAH|87\/341|[from] Stealth Rock
|move|p1a: Sableye|Foul Play|p2a: POWAH
|-supereffective|p2a: POWAH
|-damage|p2a: POWAH|0 fnt
|faint|p2a: POWAH
|
|chat|uu prodigy|FUQ
|chat|uu prodigy|NOOO
|chat|uu prodigy|THE PLAYS
|
|switch|p2a: OH GOD|Sableye, F|304\/304
|-damage|p2a: OH GOD|266\/304|[from] Stealth Rock
|-damage|p2a: OH GOD|228\/304|[from] Spikes
|turn|20
|chat|uu prodigy|that was a bad play on my part
|
|move|p2a: OH GOD|Taunt|p1a: Sableye
|-start|p1a: Sableye|move: Taunt
|cant|p1a: Sableye|move: Taunt|Will-O-Wisp
|
|-heal|p2a: OH GOD|247\/304|[from] item: Leftovers
|turn|21
|
|switch|p1a: Lucario|Lucario, F|315\/315
|-activate|p1a: Lucario|move: Sticky Web
|-unboost|p1a: Lucario|spe|1
|move|p2a: OH GOD|Knock Off|p1a: Lucario
|-resisted|p1a: Lucario
|-damage|p1a: Lucario|250\/315
|-boost|p1a: Lucario|atk|1|[from] ability: Justified
|-enditem|p1a: Lucario|Life Orb|[from] move: Knock Off|[of] p2a: OH GOD
|
|-heal|p2a: OH GOD|266\/304|[from] item: Leftovers
|turn|22
|
|move|p2a: OH GOD|Will-O-Wisp|p1a: Lucario
|-status|p1a: Lucario|brn
|move|p1a: Lucario|Swords Dance|p1a: Lucario
|-boost|p1a: Lucario|atk|2
|
|-heal|p2a: OH GOD|285\/304|[from] item: Leftovers
|-damage|p1a: Lucario|211\/315 brn|[from] brn
|turn|23
|
|move|p2a: OH GOD|Taunt|p1a: Lucario
|-start|p1a: Lucario|move: Taunt
|move|p1a: Lucario|Crunch|p2a: OH GOD
|-damage|p2a: OH GOD|180\/304
|
|-heal|p2a: OH GOD|199\/304|[from] item: Leftovers
|-damage|p1a: Lucario|172\/315 brn|[from] brn
|turn|24
|
|move|p2a: OH GOD|Recover|p2a: OH GOD
|-heal|p2a: OH GOD|304\/304
|move|p1a: Lucario|Crunch|p2a: OH GOD
|-damage|p2a: OH GOD|198\/304
|
|-heal|p2a: OH GOD|217\/304|[from] item: Leftovers
|-damage|p1a: Lucario|133\/315 brn|[from] brn
|turn|25
|
|move|p1a: Lucario|Crunch|p2a: OH GOD
|-damage|p2a: OH GOD|122\/304
|move|p2a: OH GOD|Knock Off|p1a: Lucario
|-resisted|p1a: Lucario
|-damage|p1a: Lucario|94\/315 brn
|-boost|p1a: Lucario|atk|1|[from] ability: Justified
|
|-heal|p2a: OH GOD|141\/304|[from] item: Leftovers
|-damage|p1a: Lucario|55\/315 brn|[from] brn
|-end|p1a: Lucario|move: Taunt
|turn|26
|chat|uu prodigy|oops
|
|move|p2a: OH GOD|Recover|p2a: OH GOD
|-heal|p2a: OH GOD|293\/304
|move|p1a: Lucario|Swords Dance|p1a: Lucario
|-boost|p1a: Lucario|atk|2
|
|-heal|p2a: OH GOD|304\/304|[from] item: Leftovers
|-damage|p1a: Lucario|16\/315 brn|[from] brn
|turn|27
|chat|uu prodigy|that was a bad play
|chat|uu prodigy|dang
|chat|uu prodigy|that was a nice play
|chat|st123|thanks
|chat|uu prodigy|np
|chat|uu prodigy|hmm
|
|switch|p2a: Kimzagoon|Jellicent, M|404\/404
|-damage|p2a: Kimzagoon|354\/404|[from] Spikes
|-damage|p2a: Kimzagoon|304\/404|[from] Stealth Rock
|move|p1a: Lucario|Crunch|p2a: Kimzagoon
|-supereffective|p2a: Kimzagoon
|-damage|p2a: Kimzagoon|0 fnt
|faint|p2a: Kimzagoon
|
|-damage|p1a: Lucario|0 fnt|[from] brn
|faint|p1a: Lucario
|
|switch|p1a: Sableye|Sableye, F|303\/303
|-activate|p1a: Sableye|move: Sticky Web
|-unboost|p1a: Sableye|spe|1
|switch|p2a: OH GOD|Sableye, F|304\/304
|-damage|p2a: OH GOD|266\/304|[from] Stealth Rock
|-damage|p2a: OH GOD|228\/304|[from] Spikes
|turn|28
|chat|uu prodigy|YES STICKY WEB
|
|switch|p1a: Roserade|Roserade, F|143\/261
|-activate|p1a: Roserade|move: Sticky Web
|-unboost|p1a: Roserade|spe|1
|move|p2a: OH GOD|Taunt|p1a: Roserade
|-start|p1a: Roserade|move: Taunt
|
|-heal|p2a: OH GOD|247\/304|[from] item: Leftovers
|turn|29
|
|switch|p2a: US EAST IS GAY|Braviary, M|206\/341
|-damage|p2a: US EAST IS GAY|121\/341|[from] Stealth Rock
|move|p1a: Roserade|Giga Drain|p2a: US EAST IS GAY
|-resisted|p2a: US EAST IS GAY
|-damage|p2a: US EAST IS GAY|8\/341
|-heal|p1a: Roserade|200\/261|[from] drain|[of] p2a: US EAST IS GAY
|-damage|p1a: Roserade|174\/261|[from] item: Life Orb
|
|-heal|p2a: US EAST IS GAY|29\/341|[from] item: Leftovers
|turn|30
|chat|uu prodigy|YES
|
|switch|p1a: Sableye|Sableye, F|303\/303
|-activate|p1a: Sableye|move: Sticky Web
|-unboost|p1a: Sableye|spe|1
|move|p2a: US EAST IS GAY|Roost|p2a: US EAST IS GAY
|-heal|p2a: US EAST IS GAY|200\/341
|
|-heal|p2a: US EAST IS GAY|221\/341|[from] item: Leftovers
|turn|31
|chat|uu prodigy|dang this is close
|
|switch|p2a: OH GOD|Sableye, F|247\/304
|-damage|p2a: OH GOD|209\/304|[from] Spikes
|-damage|p2a: OH GOD|171\/304|[from] Stealth Rock
|move|p1a: Sableye|Will-O-Wisp|p2a: OH GOD
|-status|p2a: OH GOD|brn
|
|-heal|p2a: OH GOD|190\/304 brn|[from] item: Leftovers
|-damage|p2a: OH GOD|152\/304 brn|[from] brn
|turn|32
|
|move|p2a: OH GOD|Knock Off|p1a: Sableye
|-damage|p1a: Sableye|243\/303
|-enditem|p1a: Sableye|Leftovers|[from] move: Knock Off|[of] p2a: OH GOD
|move|p1a: Sableye|Foul Play|p2a: OH GOD
|-damage|p2a: OH GOD|77\/304 brn
|
|-heal|p2a: OH GOD|96\/304 brn|[from] item: Leftovers
|-damage|p2a: OH GOD|58\/304 brn|[from] brn
|turn|33
|
|switch|p1a: Roserade|Roserade, F|174\/261
|-activate|p1a: Roserade|move: Sticky Web
|-unboost|p1a: Roserade|spe|1
|move|p2a: OH GOD|Recover|p2a: OH GOD
|-heal|p2a: OH GOD|210\/304 brn
|
|-heal|p2a: OH GOD|229\/304 brn|[from] item: Leftovers
|-damage|p2a: OH GOD|191\/304 brn|[from] brn
|turn|34
|
|move|p2a: OH GOD|Recover|p2a: OH GOD
|-heal|p2a: OH GOD|304\/304 brn
|move|p1a: Roserade|Giga Drain|p2a: OH GOD
|-damage|p2a: OH GOD|61\/304 brn
|-heal|p1a: Roserade|261\/261|[from] drain|[of] p2a: OH GOD
|-damage|p1a: Roserade|235\/261|[from] item: Life Orb
|
|-heal|p2a: OH GOD|80\/304 brn|[from] item: Leftovers
|-damage|p2a: OH GOD|42\/304 brn|[from] brn
|turn|35
|chat|uu prodigy|fuq that did alot
|
|move|p2a: OH GOD|Recover|p2a: OH GOD
|-heal|p2a: OH GOD|194\/304 brn
|move|p1a: Roserade|Sludge Bomb|p2a: OH GOD
|-resisted|p2a: OH GOD
|-damage|p2a: OH GOD|55\/304 brn
|-damage|p1a: Roserade|209\/261|[from] item: Life Orb
|
|-heal|p2a: OH GOD|74\/304 brn|[from] item: Leftovers
|-damage|p2a: OH GOD|36\/304 brn|[from] brn
|turn|36
|
|move|p2a: OH GOD|Recover|p2a: OH GOD
|-heal|p2a: OH GOD|188\/304 brn
|move|p1a: Roserade|Giga Drain|p2a: OH GOD
|-damage|p2a: OH GOD|0 fnt
|-heal|p1a: Roserade|261\/261|[from] drain|[of] p2a: OH GOD
|-damage|p1a: Roserade|235\/261|[from] item: Life Orb
|faint|p2a: OH GOD
|
|chat|uu prodigy|Was predicting you to sludge bomb :3
|
|switch|p2a: US EAST IS GAY|Braviary, M|221\/341
|-damage|p2a: US EAST IS GAY|136\/341|[from] Stealth Rock
|turn|37
|
|move|p2a: US EAST IS GAY|Brave Bird|p1a: Roserade
|-supereffective|p1a: Roserade
|-damage|p1a: Roserade|0 fnt
|-damage|p2a: US EAST IS GAY|58\/341|[from] recoil|[of] p1a: Roserade
|faint|p1a: Roserade
|
|-heal|p2a: US EAST IS GAY|79\/341|[from] item: Leftovers
|chat|uu prodigy|gg
|
|switch|p1a: Sableye|Sableye, F|243\/303
|-activate|p1a: Sableye|move: Sticky Web
|-unboost|p1a: Sableye|spe|1
|turn|38
|
|move|p1a: Sableye|Will-O-Wisp|p2a: US EAST IS GAY
|-status|p2a: US EAST IS GAY|brn
|move|p2a: US EAST IS GAY|Brave Bird|p1a: Sableye
|-damage|p1a: Sableye|93\/303
|-damage|p2a: US EAST IS GAY|29\/341 brn|[from] recoil|[of] p1a: Sableye
|
|-heal|p2a: US EAST IS GAY|50\/341 brn|[from] item: Leftovers
|-damage|p2a: US EAST IS GAY|8\/341 brn|[from] brn
|turn|39
|
|move|p1a: Sableye|Recover|p1a: Sableye
|-heal|p1a: Sableye|245\/303
|move|p2a: US EAST IS GAY|Roost|p2a: US EAST IS GAY
|-heal|p2a: US EAST IS GAY|179\/341 brn
|
|-heal|p2a: US EAST IS GAY|200\/341 brn|[from] item: Leftovers
|-damage|p2a: US EAST IS GAY|158\/341 brn|[from] brn
|turn|40
|
|move|p1a: Sableye|Taunt|p2a: US EAST IS GAY
|-start|p2a: US EAST IS GAY|move: Taunt
|cant|p2a: US EAST IS GAY|move: Taunt|Roost
|
|-heal|p2a: US EAST IS GAY|179\/341 brn|[from] item: Leftovers
|-damage|p2a: US EAST IS GAY|137\/341 brn|[from] brn
|turn|41
|
|move|p2a: US EAST IS GAY|Brave Bird|p1a: Sableye
|-damage|p1a: Sableye|101\/303
|-damage|p2a: US EAST IS GAY|89\/341 brn|[from] recoil|[of] p1a: Sableye
|move|p1a: Sableye|Foul Play|p2a: US EAST IS GAY
|-damage|p2a: US EAST IS GAY|0 fnt
|faint|p2a: US EAST IS GAY
|
|win|st123
|raw|Ladder updating...
|raw|st123's rating: 1682 &rarr; <strong>1688<\/strong><br \/>(+6 for winning)
|raw|uu prodigy's rating: 1395 &rarr; <strong>1388<\/strong><br \/>(-7 for losing)
|chat|st123|gg
|leave|st123