|join|So#Fabolous
|join|st123
|player|p1|So#Fabolous|291
|player|p2|st123|153
|gametype|singles
|gen|6
|tier|UU
|rated
|rule|Sleep Clause Mod: Limit one foe put to sleep
|rule|Species Clause: Limit one of each PokÃ©mon
|rule|OHKO Clause: OHKO moves are banned
|rule|Moody Clause: Moody is banned
|rule|Evasion Moves Clause: Evasion moves are banned
|rule|Endless Battle Clause: Forcing endless battles is banned
|rule|HP Percentage Mod: HP is shown in percentages
|clearpoke
|poke|p1|Roserade, F
|poke|p1|Krookodile, F
|poke|p1|Milotic, F
|poke|p1|Aggron, M
|poke|p1|Infernape, M
|poke|p1|Alakazam, M
|poke|p2|Jirachi
|poke|p2|Hydreigon, M
|poke|p2|Togekiss, M
|poke|p2|Swampert, F
|poke|p2|Ampharos, F
|poke|p2|Victini
|rule|Swagger Clause: Swagger is banned
|rule|Baton Pass Clause: Limit one PokÃ©mon knowing Baton Pass
|teampreview
|
|start
|switch|p1a: Krookodile|Krookodile, F|331\/331
|switch|p2a: Victini|Victini|341\/341
|-ability|p1a: Krookodile|Intimidate|[of] p2a: Victini
|-unboost|p2a: Victini|atk|1
|turn|1
|
|move|p2a: Victini|U-turn|p1a: Krookodile
|-supereffective|p1a: Krookodile
|-damage|p1a: Krookodile|171\/331
|
|move|p1a: Krookodile|Pursuit|p2a: Victini|[from]Pursuit
|-crit|p2a: Victini
|-supereffective|p2a: Victini
|-damage|p2a: Victini|0 fnt
|faint|p2a: Victini
|
|
|switch|p2a: Ampharos|Ampharos, F|352\/352
|turn|2
|
|detailschange|p2a: Ampharos|Ampharos-Mega, F
|message|Ampharos has Mega Evolved into Mega Ampharos!
|-ability|p2a: Ampharos|Mold Breaker
|move|p1a: Krookodile|Pursuit|p2a: Ampharos
|-damage|p2a: Ampharos|258\/352
|move|p2a: Ampharos|Volt Switch|p1a: Krookodile
|-immune|p1a: Krookodile|[msg]
|
|turn|3
|
|switch|p1a: Roserade|Roserade, F|324\/324
|move|p2a: Ampharos|Dragon Pulse|p1a: Roserade
|-damage|p1a: Roserade|177\/324
|
|-heal|p1a: Roserade|197\/324|[from] item: Black Sludge
|turn|4
|
|move|p1a: Roserade|Spikes|p2a: Ampharos
|-sidestart|p2: st123|Spikes
|move|p2a: Ampharos|Volt Switch|p1a: Roserade
|-resisted|p1a: Roserade
|-damage|p1a: Roserade|139\/324
|
|switch|p2a: Hydreigon|Hydreigon, M|325\/325
|
|-heal|p1a: Roserade|159\/324|[from] item: Black Sludge
|turn|5
|join|EyanZ
|join|Undercover Donut
|-message|So#Fabolous lost due to inactivity.
|
|win|st123
|raw|Ladder updating...
|raw|So#Fabolous's rating: 1472 &rarr; <strong>1458<\/strong><br \/>(-14 for losing)
|raw|st123's rating: 1581 &rarr; <strong>1595<\/strong><br \/>(+14 for winning)