|join|st123
|join|TheRogerRabbit
|player|p1|st123|153
|player|p2|TheRogerRabbit|130
|gametype|singles
|gen|6
|tier|UU
|rated
|rule|Sleep Clause Mod: Limit one foe put to sleep
|rule|Species Clause: Limit one of each PokÃ©mon
|rule|OHKO Clause: OHKO moves are banned
|rule|Moody Clause: Moody is banned
|rule|Evasion Moves Clause: Evasion moves are banned
|rule|Endless Battle Clause: Forcing endless battles is banned
|rule|HP Percentage Mod: HP is shown in percentages
|clearpoke
|poke|p1|Jirachi
|poke|p1|Hydreigon, M
|poke|p1|Togekiss, F
|poke|p1|Swampert, F
|poke|p1|Ampharos, F
|poke|p1|Victini
|poke|p2|Cofagrigus, F
|poke|p2|Amoonguss, F
|poke|p2|Bronzong
|poke|p2|Florges, F
|poke|p2|Suicune
|poke|p2|Machamp, M
|rule|Swagger Clause: Swagger is banned
|rule|Baton Pass Clause: Limit one PokÃ©mon knowing Baton Pass
|teampreview
|
|start
|switch|p1a: Victini|Victini|341\/341
|switch|p2a: Amoonguss|Amoonguss, F|432\/432
|turn|1
|
|switch|p2a: Suicune|Suicune|404\/404
|-ability|p2a: Suicune|Pressure
|move|p1a: Victini|Trick|p2a: Suicune
|-activate|p1a: Victini|move: Trick|[of] p2a: Suicune
|-item|p2a: Suicune|Choice Band|[from] move: Trick
|-item|p1a: Victini|Leftovers|[from] move: Trick
|
|turn|2
|
|move|p1a: Victini|U-turn|p2a: Suicune
|-damage|p2a: Suicune|360\/404
|
|switch|p1a: Ampharos|Ampharos, F|352\/352
|move|p2a: Suicune|Scald|p1a: Ampharos
|-damage|p1a: Ampharos|262\/352
|
|turn|3
|
|switch|p2a: Amoonguss|Amoonguss, F|432\/432
|detailschange|p1a: Ampharos|Ampharos-Mega, F
|message|Ampharos has Mega Evolved into Mega Ampharos!
|-ability|p1a: Ampharos|Mold Breaker
|move|p1a: Ampharos|Volt Switch|p2a: Amoonguss
|-resisted|p2a: Amoonguss
|-damage|p2a: Amoonguss|362\/432
|
|switch|p1a: Victini|Victini|341\/341
|
|-heal|p2a: Amoonguss|389\/432|[from] item: Black Sludge
|turn|4
|
|switch|p2a: Suicune|Suicune|360\/404
|-ability|p2a: Suicune|Pressure
|move|p1a: Victini|V-create|p2a: Suicune
|-resisted|p2a: Suicune
|-damage|p2a: Suicune|278\/404
|-unboost|p1a: Victini|def|1
|-unboost|p1a: Victini|spd|1
|-unboost|p1a: Victini|spe|1
|
|turn|5
|
|move|p1a: Victini|U-turn|p2a: Suicune
|-damage|p2a: Suicune|234\/404
|
|switch|p1a: Ampharos|Ampharos-Mega, F|262\/352
|-ability|p1a: Ampharos|Mold Breaker
|move|p2a: Suicune|Scald|p1a: Ampharos
|-resisted|p1a: Ampharos
|-damage|p1a: Ampharos|223\/352
|
|turn|6
|
|switch|p2a: Amoonguss|Amoonguss, F|432\/432
|move|p1a: Ampharos|Volt Switch|p2a: Amoonguss
|-resisted|p2a: Amoonguss
|-damage|p2a: Amoonguss|360\/432
|
|switch|p1a: Victini|Victini|341\/341
|
|-heal|p2a: Amoonguss|387\/432|[from] item: Black Sludge
|turn|7
|join|EyanZ
|
|move|p1a: Victini|V-create|p2a: Amoonguss
|-supereffective|p2a: Amoonguss
|-damage|p2a: Amoonguss|0 fnt
|-unboost|p1a: Victini|def|1
|-unboost|p1a: Victini|spd|1
|-unboost|p1a: Victini|spe|1
|faint|p2a: Amoonguss
|
|
|switch|p2a: Cofagrigus|Cofagrigus, F|320\/320
|turn|8
|
|move|p1a: Victini|U-turn|p2a: Cofagrigus
|-resisted|p2a: Cofagrigus
|-damage|p2a: Cofagrigus|300\/320
|-endability|p1a: Victini|victorystar|[from] Mummy
|-ability|p1a: Victini|Mummy|[from] Mummy
|
|switch|p1a: Hydreigon|Hydreigon, M|325\/325
|move|p2a: Cofagrigus|Toxic Spikes|p1a: Hydreigon
|-sidestart|p1: st123|move: Toxic Spikes
|
|-heal|p2a: Cofagrigus|320\/320|[from] item: Leftovers
|turn|9
|
|switch|p2a: Florges|Florges, F|360\/360
|move|p1a: Hydreigon|Dark Pulse|p2a: Florges
|-resisted|p2a: Florges
|-damage|p2a: Florges|302\/360
|-damage|p1a: Hydreigon|293\/325|[from] item: Life Orb
|
|-heal|p2a: Florges|324\/360|[from] item: Leftovers
|turn|10
|
|switch|p1a: Togekiss|Togekiss, F|374\/374
|move|p2a: Florges|Moonblast|p1a: Togekiss
|-damage|p1a: Togekiss|293\/374
|
|-heal|p1a: Togekiss|316\/374|[from] item: Leftovers
|-heal|p2a: Florges|346\/360|[from] item: Leftovers
|turn|11
|
|switch|p2a: Bronzong|Bronzong|338\/338
|move|p1a: Togekiss|Defog|p2a: Bronzong
|-unboost|p2a: Bronzong|evasion|1
|-sideend|p1: st123|Toxic Spikes|[from] move: Defog|[of] p1a: Togekiss
|
|-heal|p1a: Togekiss|339\/374|[from] item: Leftovers
|turn|12
|
|switch|p1a: Victini|Victini|341\/341
|move|p2a: Bronzong|Gyro Ball|p1a: Victini
|-resisted|p1a: Victini
|-damage|p1a: Victini|278\/341
|
|-heal|p1a: Victini|299\/341|[from] item: Leftovers
|turn|13
|
|move|p1a: Victini|V-create|p2a: Bronzong
|-supereffective|p2a: Bronzong
|-damage|p2a: Bronzong|0 fnt
|-unboost|p1a: Victini|def|1
|-unboost|p1a: Victini|spd|1
|-unboost|p1a: Victini|spe|1
|faint|p2a: Bronzong
|
|-heal|p1a: Victini|320\/341|[from] item: Leftovers
|-message|TheRogerRabbit forfeited.
|
|win|st123
|raw|Ladder updating...
|leave|TheRogerRabbit
|player|p2
|raw|st123's rating: 1600 &rarr; <strong>1608<\/strong><br \/>(+8 for winning)
|raw|TheRogerRabbit's rating: 1367 &rarr; <strong>1359<\/strong><br \/>(-8 for losing)
|leave|st123
|player|p1