|join|The UUser
|join|st123
|player|p1|The UUser|2
|player|p2|st123|153
|gametype|singles
|gen|6
|tier|UU
|rule|Sleep Clause Mod: Limit one foe put to sleep
|rule|Species Clause: Limit one of each PokÃ©mon
|rule|OHKO Clause: OHKO moves are banned
|rule|Moody Clause: Moody is banned
|rule|Evasion Moves Clause: Evasion moves are banned
|rule|Endless Battle Clause: Forcing endless battles is banned
|rule|HP Percentage Mod: HP is shown in percentages
|clearpoke
|poke|p1|Tentacruel, M
|poke|p1|Gligar, F
|poke|p1|Hydreigon, F
|poke|p1|Lucario, M
|poke|p1|Alakazam, F
|poke|p1|Florges, F
|poke|p2|Cresselia, F, shiny
|poke|p2|Dugtrio, M
|poke|p2|Umbreon, F
|poke|p2|Vaporeon, M
|poke|p2|Nidoqueen, F
|poke|p2|Crobat, F
|rule|Swagger Clause: Swagger is banned
|rule|Baton Pass Clause: Limit one PokÃ©mon knowing Baton Pass
|teampreview
|join|chiefpoptart
|join|kyla-kylls
|join|Kejaun
|join|SkywardSword596
|join|try me 101
|join|snowy1213
|c|âThe UUser|glhf
|join|TheMegaDonphan
|join|Pinkin Lark
|join|Frickett
|c|âst123|u2
|join|UUST Munkin
|c| Kejaun|yeah
|c| chiefpoptart|st
|c| snowy1213|so many threatening threats
|leave|snowy1213
|join|so dynamic
|c| SkywardSword596|gl both
|join|Dagon Tests
|join|LiberalLucario
|join|ClaudioFerreira
|c| UUST Munkin|hype hype hype
|c| TheMegaDonphan|This is it!!!!! the final Tournamnet....... BATTLE!!!!!!
|c| Kejaun|this is gonna be crazy ?.?
|
|start
|switch|p1a: Alakazam|Alakazam, F|252\/252
|switch|p2a: Crobat|Crobat, F|373\/373
|turn|1
|c| chiefpoptart|no
|c| TheMegaDonphan|So make some Noise!!!!!!
|c| chiefpoptart|not really
|c| Pinkin Lark|its going to be cressy
|
|switch|p1a: Gligar|Gligar, F|334\/334
|move|p2a: Crobat|U-turn|p1a: Gligar
|-resisted|p1a: Gligar
|-damage|p1a: Gligar|317\/334
|join|gobosox
|
|switch|p2a: Vaporeon|Vaporeon, M|450\/450
|
|turn|2
|
|switch|p1a: Florges|Florges, F|360\/360
|move|p2a: Vaporeon|Scald|p1a: Florges
|-damage|p1a: Florges|300\/360
|-status|p1a: Florges|brn
|
|-heal|p1a: Florges|322\/360 brn|[from] item: Leftovers
|-damage|p1a: Florges|277\/360 brn|[from] brn
|turn|3
|
|move|p1a: Florges|Wish|p1a: Florges
|move|p2a: Vaporeon|Baton Pass|p2a: Vaporeon
|c| TheMegaDonphan|the burn hax
|
|switch|p2a: Body Time|Cresselia, F, shiny|433\/433
|
|-heal|p1a: Florges|299\/360 brn|[from] item: Leftovers
|-damage|p1a: Florges|254\/360 brn|[from] brn
|turn|4
|c| Kejaun|_?.?_
|join|Nayuki
|c|âThe UUser|too strong
|
|switch|p1a: Alakazam|Alakazam, F|252\/252
|move|p2a: Body Time|Substitute|p2a: Body Time
|-start|p2a: Body Time|Substitute
|-damage|p2a: Body Time|325\/433
|
|-heal|p2a: Body Time|352\/433|[from] item: Leftovers
|turn|5
|
|move|p1a: Alakazam|Shadow Ball|p2a: Body Time
|-supereffective|p2a: Body Time
|-end|p2a: Body Time|Substitute
|move|p2a: Body Time|Moonblast|p1a: Alakazam
|-damage|p1a: Alakazam|173\/252
|-unboost|p1a: Alakazam|spa|1
|
|-heal|p2a: Body Time|379\/433|[from] item: Leftovers
|turn|6
|c| so dynamic|encore plz
|c| TheMegaDonphan|the sub is up
|c| Kejaun|I miss read his name & thought it said Usher
|leave|Nayuki
|c| TheMegaDonphan|lol
|
|switch|p2a: Crobat|Crobat, F|373\/373
|move|p1a: Alakazam|Shadow Ball|p2a: Crobat
|-damage|p2a: Crobat|294\/373
|
|-heal|p2a: Crobat|317\/373|[from] item: Black Sludge
|turn|7
|c| try me 101|wow
|c| try me 101|crobat ate that up
|c| Pinkin Lark|that -1
|c| TheMegaDonphan|ya
|
|switch|p1a: Tentacruel|Tentacruel, M|363\/363
|move|p2a: Crobat|U-turn|p1a: Tentacruel
|-resisted|p1a: Tentacruel
|-damage|p1a: Tentacruel|339\/363
|c|âst123|zam is weak af
|c| SkywardSword596|cress droppin the stats
|
|switch|p2a: Dugtrio|Dugtrio, M|211\/211
|
|-heal|p1a: Tentacruel|361\/363|[from] item: Leftovers
|turn|8
|c| so dynamic|well its a non stab
|c| so dynamic|prolly sash zam
|c| TheMegaDonphan|the -1 really hurts 
|
|move|p2a: Dugtrio|Earthquake|p1a: Tentacruel
|-supereffective|p1a: Tentacruel
|-damage|p1a: Tentacruel|0 fnt
|faint|p1a: Tentacruel
|
|c| LiberalLucario|ouch
|c| LiberalLucario|ded
|c| TheMegaDonphan|down goes Tentacruel
|
|switch|p1a: Gligar|Gligar, F|317\/334
|turn|9
|c| SkywardSword596|guess those hazards aren't going away
|c|âst123|i thought thatd let me do tspikes
|c|âst123|but then the only thing it works on is florges
|
|switch|p2a: Crobat|Crobat, F|317\/373
|move|p1a: Gligar|Stealth Rock|p2a: Crobat
|-sidestart|p2: st123|move: Stealth Rock
|
|-heal|p2a: Crobat|340\/373|[from] item: Black Sludge
|turn|10
|join|bananagram
|
|move|p2a: Crobat|Defog|p1a: Gligar
|-unboost|p1a: Gligar|evasion|1
|-sideend|p2: st123|Stealth Rock|[from] move: Defog|[of] p2a: Crobat
|move|p1a: Gligar|U-turn|p2a: Crobat
|-resisted|p2a: Crobat
|-damage|p2a: Crobat|328\/373
|c| Pinkin Lark|yeah, so hazards werent a big threat anyways
|
|switch|p1a: Hydreigon|Hydreigon, F|326\/326
|
|-heal|p2a: Crobat|351\/373|[from] item: Black Sludge
|turn|11
|
|move|p1a: Hydreigon|Dark Pulse|p2a: Crobat
|-damage|p2a: Crobat|183\/373
|move|p2a: Crobat|U-turn|p1a: Hydreigon
|-supereffective|p1a: Hydreigon
|-damage|p1a: Hydreigon|200\/326
|c| so dynamic|trapping abilities in general
|c| so dynamic|are p ridiculous
|
|switch|p2a: Umbreon|Umbreon, F|394\/394
|
|turn|12
|c|âst123|yea true
|c| TheMegaDonphan|lol
|c| TheMegaDonphan|ya
|
|switch|p1a: Gligar|Gligar, F|317\/334
|move|p2a: Umbreon|Foul Play|p1a: Gligar
|-crit|p1a: Gligar
|-damage|p1a: Gligar|238\/334
|
|turn|13
|c| Pinkin Lark|that just made me think... Run Away should let you escape trap moves
|c|âThe UUser|the crit XD
|join|TeamRocket4Ever
|
|switch|p2a: Vaporeon|Vaporeon, M|450\/450
|move|p1a: Gligar|Stealth Rock|p2a: Vaporeon
|-sidestart|p2: st123|move: Stealth Rock
|
|turn|14
|c| TheMegaDonphan|lol that crit did like 18 percent
|
|switch|p1a: Florges|Florges, F|254\/360 brn
|move|p2a: Vaporeon|Wish|p2a: Vaporeon
|
|-heal|p1a: Florges|276\/360 brn|[from] item: Leftovers
|-damage|p1a: Florges|231\/360 brn|[from] brn
|turn|15
|
|move|p1a: Florges|Wish|p1a: Florges
|move|p2a: Vaporeon|Baton Pass|p2a: Vaporeon
|
|switch|p2a: Body Time|Cresselia, F, shiny|379\/433
|-damage|p2a: Body Time|325\/433|[from] Stealth Rock
|
|-heal|p2a: Body Time|433\/433|[from] move: Wish|[wisher] Vaporeon
|-heal|p1a: Florges|253\/360 brn|[from] item: Leftovers
|-damage|p1a: Florges|208\/360 brn|[from] brn
|turn|16
|
|switch|p1a: Alakazam|Alakazam, F|173\/252
|move|p2a: Body Time|Calm Mind|p2a: Body Time
|-boost|p2a: Body Time|spa|1
|-boost|p2a: Body Time|spd|1
|
|-heal|p1a: Alakazam|252\/252|[from] move: Wish|[wisher] Florges
|turn|17
|c| TheMegaDonphan|uh oh
|
|move|p1a: Alakazam|Shadow Ball|p2a: Body Time
|-supereffective|p2a: Body Time
|-damage|p2a: Body Time|325\/433
|move|p2a: Body Time|Calm Mind|p2a: Body Time
|-boost|p2a: Body Time|spa|1
|-boost|p2a: Body Time|spd|1
|
|-heal|p2a: Body Time|352\/433|[from] item: Leftovers
|turn|18
|c| LiberalLucario|jesus
|c| SkywardSword596|no shadow ball drop
|c| Pinkin Lark|cress gives no fucks
|c|âThe UUser|the bulk
|c| TheMegaDonphan|oh darn
|c| so dynamic|sash zam
|join|YoungLegend
|c| so dynamic|power
|join|manat
|
|move|p1a: Alakazam|Dazzling Gleam|p2a: Body Time
|-damage|p2a: Body Time|314\/433
|move|p2a: Body Time|Substitute|p2a: Body Time
|-start|p2a: Body Time|Substitute
|-damage|p2a: Body Time|206\/433
|
|-heal|p2a: Body Time|233\/433|[from] item: Leftovers
|turn|19
|c| try me 101|this is why u need haze vaporeon
|c| LiberalLucario|??
|c| try me 101|lol
|c|âThe UUser|woops
|c| LiberalLucario|why did you dazzle
|c| LiberalLucario|lol
|c| Pinkin Lark|nah, gotta get that psych up
|c|âThe UUser|misclick
|c| SkywardSword596|its over now
|c| TheMegaDonphan|this is going to be bad
|c| SkywardSword596|reveal the encore
|c| so dynamic|this is why u run encore zam
|c| Pinkin Lark|yeah, think it  might be over
|
|move|p1a: Alakazam|Shadow Ball|p2a: Body Time
|-supereffective|p2a: Body Time
|-activate|p2a: Body Time|Substitute|[damage]
|move|p2a: Body Time|Calm Mind|p2a: Body Time
|-boost|p2a: Body Time|spa|1
|-boost|p2a: Body Time|spd|1
|
|-heal|p2a: Body Time|260\/433|[from] item: Leftovers
|turn|20
|c| TheMegaDonphan|hes going to eat up everything
|
|move|p1a: Alakazam|Shadow Ball|p2a: Body Time
|-supereffective|p2a: Body Time
|-end|p2a: Body Time|Substitute
|move|p2a: Body Time|Calm Mind|p2a: Body Time
|-boost|p2a: Body Time|spa|1
|-boost|p2a: Body Time|spd|1
|
|-heal|p2a: Body Time|287\/433|[from] item: Leftovers
|turn|21
|c| TheMegaDonphan|now a 3rd calm mind
|c| SkywardSword596|cress is female lel
|c| so dynamic|gobo greeding
|
|move|p1a: Alakazam|Shadow Ball|p2a: Body Time
|-supereffective|p2a: Body Time
|-damage|p2a: Body Time|233\/433
|move|p2a: Body Time|Substitute|p2a: Body Time
|-start|p2a: Body Time|Substitute
|-damage|p2a: Body Time|125\/433
|
|-heal|p2a: Body Time|152\/433|[from] item: Leftovers
|turn|22
|c| SkywardSword596|and why are you commentating what we can all read
|c| try me 101|isn't hydreigon better for this?
|c| TheMegaDonphan|13% 
|join|daniel larsson
|c| Pinkin Lark|hydregion breaks the sub
|c| Pinkin Lark|then eats a blast
|
|move|p1a: Alakazam|Shadow Ball|p2a: Body Time
|-supereffective|p2a: Body Time
|-activate|p2a: Body Time|Substitute|[damage]
|move|p2a: Body Time|Moonblast|p1a: Alakazam
|-damage|p1a: Alakazam|33\/252
|-unboost|p1a: Alakazam|spa|1
|
|-heal|p2a: Body Time|179\/433|[from] item: Leftovers
|turn|23
|c| LiberalLucario|>eats a blast
|c| LiberalLucario|kek
|leave|YoungLegend
|c| TheMegaDonphan|super effective Shadow ball does 13%
|c| SkywardSword596|wow not even koed
|
|move|p1a: Alakazam|Shadow Ball|p2a: Body Time
|-supereffective|p2a: Body Time
|-activate|p2a: Body Time|Substitute|[damage]
|move|p2a: Body Time|Moonblast|p1a: Alakazam
|-damage|p1a: Alakazam|0 fnt
|faint|p1a: Alakazam
|
|-heal|p2a: Body Time|206\/433|[from] item: Leftovers
|c| LiberalLucario|this might not break the sub now
|c| LiberalLucario|damn
|c| SkywardSword596|that +10 spdef this gen
|
|switch|p1a: Hydreigon|Hydreigon, F|200\/326
|turn|24
|
|move|p1a: Hydreigon|U-turn|p2a: Body Time
|-supereffective|p2a: Body Time
|-end|p2a: Body Time|Substitute
|c| TheMegaDonphan|this is bad
|c| LiberalLucario|sack something else now
|join|Seth Krogan
|c| try me 101|really bad
|
|switch|p1a: Gligar|Gligar, F|238\/334
|move|p2a: Body Time|Moonblast|p1a: Gligar
|-damage|p1a: Gligar|99\/334
|
|-heal|p2a: Body Time|233\/433|[from] item: Leftovers
|turn|25
|join|YoungLegend
|c| try me 101|HAZE VAPOREON
|
|move|p2a: Body Time|Moonblast|p1a: Gligar
|-damage|p1a: Gligar|0 fnt
|faint|p1a: Gligar
|
|-heal|p2a: Body Time|260\/433|[from] item: Leftovers
|c| TheMegaDonphan|oh my gosh 
|c| LiberalLucario|see the problem is
|c| LiberalLucario|stuff just dies
|c| Pinkin Lark|and cress doesnt
|c| LiberalLucario|and nothing can kill him from here
|c| LiberalLucario|not even close
|c| LiberalLucario|esp if that's scarfed hydreigon
|c| LiberalLucario|it'll do like 20%
|c| SkywardSword596|haze would be so nice
|c|âThe UUser|too strong XD
|c| Pinkin Lark|needs some flinch hax with dreigon
|c| try me 101|i still cant believe cress is uu
|c| LiberalLucario|i bet he had haze on tenta
|
|switch|p1a: Hydreigon|Hydreigon, F|200\/326
|turn|26
|c| Pinkin Lark|cress is RU
|c| LiberalLucario|*ru
|c| TheMegaDonphan|ya The UUser is in a terrible Situation
|c| gobosox|cress is so cheap man
|c| Seth Krogan|cress is ru even
|c| TeamRocket4Ever|its not uu its ru lol
|c| try me 101|still
|
|move|p1a: Hydreigon|Dark Pulse|p2a: Body Time
|-supereffective|p2a: Body Time
|-damage|p2a: Body Time|186\/433
|move|p2a: Body Time|Moonblast|p1a: Hydreigon
|-crit|p1a: Hydreigon
|-supereffective|p1a: Hydreigon
|-damage|p1a: Hydreigon|0 fnt
|faint|p1a: Hydreigon
|
|-heal|p2a: Body Time|213\/433|[from] item: Leftovers
|c| Pinkin Lark|even worse in RU
|c| LiberalLucario|crit mattered tbh
|c| SkywardSword596|not even the flinches
|c| so dynamic|the wrong mon got the crit
|
|switch|p1a: Lucario|Lucario, M|282\/282
|turn|27
|c| SkywardSword596|imo should use durant 
|c| Pinkin Lark|crit totally mattered
|c| LiberalLucario|hydreigon could have taken that
|c|âst123|cress has to deal with escav in ru eww
|
|move|p1a: Lucario|Extreme Speed|p2a: Body Time
|-damage|p2a: Body Time|134\/433
|-damage|p1a: Lucario|254\/282|[from] item: Life Orb
|move|p2a: Body Time|Psyshock|p1a: Lucario
|-damage|p1a: Lucario|0 fnt
|faint|p1a: Lucario
|
|-heal|p2a: Body Time|161\/433|[from] item: Leftovers
|
|switch|p1a: Florges|Florges, F|208\/360 brn
|turn|28
|c| LiberalLucario|that's why you run specs hp fire duggy in RU
|c| Pinkin Lark|i used to run SD Knock Off Leafeon
|c|âst123|minimal physical bulk there too
|leave|Seth Krogan
|c|âThe UUser|Didn't play around cress very well
|c| TheMegaDonphan|well thats uhhhhh nice and 6-0 right...
|c| bananagram|like most of hi matches in this tourney
|
|move|p2a: Body Time|Psyshock|p1a: Florges
|-damage|p1a: Florges|0 fnt
|faint|p1a: Florges
|
|win|st123
|leave|kyla-kylls
|c|âThe UUser|gg
|c|âst123|gg
|c| TheMegaDonphan|yep GG
|leave|so dynamic
|c| Pinkin Lark|gg
|leave|TeamRocket4Ever
|leave|st123
|player|p2
|c| chiefpoptart|ggg
|leave|ClaudioFerreira
|leave|Pinkin Lark
|leave|chiefpoptart
|leave|bananagram