|join|st123
|join|asgdfgetscritted
|player|p1|st123|153
|player|p2|asgdfgetscritted|218
|gametype|singles
|gen|6
|tier|UU
|rated
|rule|Sleep Clause Mod: Limit one foe put to sleep
|rule|Species Clause: Limit one of each Pokemon
|rule|OHKO Clause: OHKO moves are banned
|rule|Moody Clause: Moody is banned
|rule|Evasion Moves Clause: Evasion moves are banned
|rule|Endless Battle Clause: Forcing endless battles is banned.
|rule|HP Percentage Mod: HP is reported as percentages
|clearpoke
|poke|p1|Froslass, F
|poke|p1|Lucario, F
|poke|p1|Aerodactyl, F
|poke|p1|Heracross, F
|poke|p1|Roserade, M
|poke|p1|Swampert, F
|poke|p2|Fletchinder, F
|poke|p2|Mew
|poke|p2|Blissey, F
|poke|p2|Empoleon, M
|poke|p2|Volcarona, M
|poke|p2|Heracross, F
|teampreview
|
|start
|switch|p1a: Froslass|Froslass, F|344\/344
|switch|p2a: RELENTLESS|Fletchinder, F|327\/327
|turn|1
|
|switch|p1a: Aerodactyl|Aerodactyl, F|331\/331
|-ability|p1a: Aerodactyl|Pressure
|move|p2a: RELENTLESS|Acrobatics|p1a: Aerodactyl
|-resisted|p1a: Aerodactyl
|-damage|p1a: Aerodactyl|226\/331
|
|turn|2
|
|switch|p2a: Mew|Mew|404\/404
|detailschange|p1a: Aerodactyl|Aerodactyl-Mega, F
|message|Aerodactyl has Mega Evolved into Mega Aerodactyl!
|move|p1a: Aerodactyl|Taunt|p2a: Mew
|-start|p2a: Mew|move: Taunt
|
|turn|3
|
|move|p1a: Aerodactyl|Stone Edge|p2a: Mew
|-damage|p2a: Mew|266\/404
|move|p2a: Mew|Knock Off|p1a: Aerodactyl
|-damage|p1a: Aerodactyl|165\/331
|
|-heal|p2a: Mew|291\/404|[from] item: Leftovers
|turn|4
|
|switch|p1a: Lucario|Lucario, F|281\/281
|switch|p2a: Empoleon|Empoleon, M|372\/372
|
|turn|5
|
|switch|p2a: Volcarona|Volcarona, M|373\/373
|move|p1a: Lucario|Close Combat|p2a: Volcarona
|-resisted|p2a: Volcarona
|-damage|p2a: Volcarona|218\/373
|-status|p1a: Lucario|brn
|-unboost|p1a: Lucario|def|1
|-unboost|p1a: Lucario|spd|1
|-damage|p1a: Lucario|253\/281 brn|[from] item: Life Orb
|
|-damage|p1a: Lucario|218\/281 brn|[from] brn
|turn|6
|
|switch|p1a: Aerodactyl|Aerodactyl-Mega, F|165\/331
|switch|p2a: Empoleon|Empoleon, M|372\/372
|
|turn|7
|
|switch|p1a: Swampert|Swampert, F|404\/404
|move|p2a: Empoleon|Scald|p1a: Swampert
|-damage|p1a: Swampert|283\/404
|
|-heal|p1a: Swampert|308\/404|[from] item: Leftovers
|turn|8
|
|switch|p2a: Mew|Mew|291\/404
|move|p1a: Swampert|Stealth Rock|p2a: Mew
|-sidestart|p2: asgdfgetscritted|move: Stealth Rock
|
|-heal|p2a: Mew|316\/404|[from] item: Leftovers
|-heal|p1a: Swampert|333\/404|[from] item: Leftovers
|turn|9
|
|switch|p1a: Froslass|Froslass, F|344\/344
|move|p2a: Mew|Will-O-Wisp|p1a: Froslass
|-status|p1a: Froslass|brn
|
|-heal|p2a: Mew|341\/404|[from] item: Leftovers
|-damage|p1a: Froslass|301\/344 brn|[from] brn
|turn|10
|
|move|p1a: Froslass|Spikes|p2a: Mew
|-sidestart|p2: asgdfgetscritted|Spikes
|move|p2a: Mew|Knock Off|p1a: Froslass
|-supereffective|p1a: Froslass
|-damage|p1a: Froslass|91\/344 brn
|-start|p2a: Mew|Disable|Knock Off
|-enditem|p1a: Froslass|Focus Sash|[from] move: Knock Off|[of] p2a: Mew
|
|-heal|p2a: Mew|366\/404|[from] item: Leftovers
|-damage|p1a: Froslass|48\/344 brn|[from] brn
|turn|11
|
|move|p1a: Froslass|Spikes|p2a: Mew
|-sidestart|p2: asgdfgetscritted|Spikes
|move|p2a: Mew|Taunt|p1a: Froslass
|-start|p1a: Froslass|move: Taunt
|
|-heal|p2a: Mew|391\/404|[from] item: Leftovers
|-damage|p1a: Froslass|5\/344 brn|[from] brn
|turn|12
|
|switch|p1a: Lucario|Lucario, F|218\/281 brn
|move|p2a: Mew|Will-O-Wisp|p1a: Lucario|[miss]
|-miss|p2a: Mew|p1a: Lucario
|
|-heal|p2a: Mew|404\/404|[from] item: Leftovers
|-damage|p1a: Lucario|183\/281 brn|[from] brn
|turn|13
|
|move|p1a: Lucario|Swords Dance|p1a: Lucario
|-boost|p1a: Lucario|atk|2
|move|p2a: Mew|Taunt|p1a: Lucario
|-start|p1a: Lucario|move: Taunt
|
|-damage|p1a: Lucario|148\/281 brn|[from] brn
|turn|14
|
|move|p1a: Lucario|Crunch|p2a: Mew
|-supereffective|p2a: Mew
|-damage|p2a: Mew|243\/404
|-damage|p1a: Lucario|120\/281 brn|[from] item: Life Orb
|move|p2a: Mew|Roost|p2a: Mew
|-heal|p2a: Mew|404\/404
|
|-damage|p1a: Lucario|85\/281 brn|[from] brn
|-end|p2a: Mew|Disable
|turn|15
|
|move|p1a: Lucario|Crunch|p2a: Mew
|-supereffective|p2a: Mew
|-damage|p2a: Mew|227\/404
|-unboost|p2a: Mew|def|1
|-damage|p1a: Lucario|57\/281 brn|[from] item: Life Orb
|move|p2a: Mew|Roost|p2a: Mew
|-heal|p2a: Mew|404\/404
|
|-damage|p1a: Lucario|22\/281 brn|[from] brn
|turn|16
|
|move|p1a: Lucario|Crunch|p2a: Mew
|-supereffective|p2a: Mew
|-damage|p2a: Mew|154\/404
|-damage|p1a: Lucario|0 fnt|[from] item: Life Orb
|faint|p1a: Lucario
|move|p2a: Mew|Roost|p2a: Mew
|-heal|p2a: Mew|356\/404
|
|-heal|p2a: Mew|381\/404|[from] item: Leftovers
|
|switch|p1a: Froslass|Froslass, F|5\/344 brn
|turn|17
|
|move|p1a: Froslass|Spikes|p2a: Mew
|-sidestart|p2: asgdfgetscritted|Spikes
|move|p2a: Mew|Taunt|p1a: Froslass
|-start|p1a: Froslass|move: Taunt
|
|-heal|p2a: Mew|404\/404|[from] item: Leftovers
|-damage|p1a: Froslass|0 fnt|[from] brn
|faint|p1a: Froslass
|
|switch|p1a: Aerodactyl|Aerodactyl-Mega, F|165\/331
|turn|18
|
|switch|p2a: Heracross|Heracross, F|328\/328
|-damage|p2a: Heracross|246\/328|[from] Spikes
|-damage|p2a: Heracross|205\/328|[from] Stealth Rock
|move|p1a: Aerodactyl|Taunt|p2a: Heracross
|-start|p2a: Heracross|move: Taunt
|
|turn|19
|
|switch|p1a: Heracross|Heracross, F|302\/302
|move|p2a: Heracross|Close Combat|p1a: Heracross
|-resisted|p1a: Heracross
|-damage|p1a: Heracross|146\/302
|-unboost|p2a: Heracross|def|1
|-unboost|p2a: Heracross|spd|1
|
|turn|20
|
|move|p1a: Heracross|Close Combat|p2a: Heracross
|-resisted|p2a: Heracross
|-damage|p2a: Heracross|0 fnt
|-unboost|p1a: Heracross|def|1
|-unboost|p1a: Heracross|spd|1
|faint|p2a: Heracross
|-boost|p1a: Heracross|atk|1|[from] ability: Moxie
|
|
|switch|p2a: RELENTLESS|Fletchinder, F|327\/327
|-damage|p2a: RELENTLESS|164\/327|[from] Stealth Rock
|turn|21
|
|switch|p1a: Swampert|Swampert, F|333\/404
|move|p2a: RELENTLESS|Will-O-Wisp|p1a: Swampert
|-status|p1a: Swampert|brn
|
|-heal|p1a: Swampert|358\/404 brn|[from] item: Leftovers
|-damage|p1a: Swampert|308\/404 brn|[from] brn
|turn|22
|
|switch|p2a: Empoleon|Empoleon, M|372\/372
|-damage|p2a: Empoleon|349\/372|[from] Stealth Rock
|-damage|p2a: Empoleon|256\/372|[from] Spikes
|move|p1a: Swampert|Scald|p2a: Empoleon
|-resisted|p2a: Empoleon
|-damage|p2a: Empoleon|229\/372
|
|-heal|p2a: Empoleon|252\/372|[from] item: Leftovers
|-heal|p1a: Swampert|333\/404 brn|[from] item: Leftovers
|-damage|p1a: Swampert|283\/404 brn|[from] brn
|turn|23
|
|switch|p1a: Heracross|Heracross, F|146\/302
|move|p2a: Empoleon|Defog|p1a: Heracross
|-unboost|p1a: Heracross|evasion|1
|-sideend|p2: asgdfgetscritted|Spikes|[from] move: Defog|[of] p2a: Empoleon
|-sideend|p2: asgdfgetscritted|Stealth Rock|[from] move: Defog|[of] p2a: Empoleon
|
|-heal|p2a: Empoleon|275\/372|[from] item: Leftovers
|turn|24
|join|WeiMin
|
|switch|p2a: Mew|Mew|404\/404
|move|p1a: Heracross|Knock Off|p2a: Mew
|-supereffective|p2a: Mew
|-damage|p2a: Mew|230\/404
|-enditem|p2a: Mew|Leftovers|[from] move: Knock Off|[of] p1a: Heracross
|
|turn|25
|
|switch|p1a: Swampert|Swampert, F|283\/404 brn
|move|p2a: Mew|Will-O-Wisp|p1a: Swampert
|-fail|p1a: Swampert|brn
|
|-heal|p1a: Swampert|308\/404 brn|[from] item: Leftovers
|-damage|p1a: Swampert|258\/404 brn|[from] brn
|turn|26
|
|move|p2a: Mew|Taunt|p1a: Swampert
|-start|p1a: Swampert|move: Taunt
|cant|p1a: Swampert|move: Taunt|Stealth Rock
|
|-heal|p1a: Swampert|283\/404 brn|[from] item: Leftovers
|-damage|p1a: Swampert|233\/404 brn|[from] brn
|turn|27
|
|switch|p1a: Roserade|Roserade, M|262\/262
|move|p2a: Mew|Knock Off|p1a: Roserade
|-damage|p1a: Roserade|150\/262
|-enditem|p1a: Roserade|Life Orb|[from] move: Knock Off|[of] p2a: Mew
|
|turn|28
|
|move|p1a: Roserade|Sleep Powder|p2a: Mew|[miss]
|-miss|p1a: Roserade|p2a: Mew
|move|p2a: Mew|Roost|p2a: Mew
|-heal|p2a: Mew|404\/404
|
|turn|29
|
|move|p1a: Roserade|Sleep Powder|p2a: Mew|[miss]
|-miss|p1a: Roserade|p2a: Mew
|move|p2a: Mew|Knock Off|p1a: Roserade
|-damage|p1a: Roserade|79\/262
|
|turn|30
|
|move|p1a: Roserade|Sleep Powder|p2a: Mew
|-status|p2a: Mew|slp
|cant|p2a: Mew|slp
|
|turn|31
|
|switch|p1a: Aerodactyl|Aerodactyl-Mega, F|165\/331
|switch|p2a: Empoleon|Empoleon, M|275\/372
|
|-heal|p2a: Empoleon|298\/372|[from] item: Leftovers
|turn|32
|
|switch|p1a: Roserade|Roserade, M|79\/262
|move|p2a: Empoleon|Scald|p1a: Roserade
|-resisted|p1a: Roserade
|-damage|p1a: Roserade|27\/262
|
|-heal|p2a: Empoleon|321\/372|[from] item: Leftovers
|turn|33
|
|move|p1a: Roserade|Leaf Storm|p2a: Empoleon
|-damage|p2a: Empoleon|171\/372
|-unboost|p1a: Roserade|spa|2
|move|p2a: Empoleon|Scald|p1a: Roserade
|-resisted|p1a: Roserade
|-damage|p1a: Roserade|0 fnt
|faint|p1a: Roserade
|
|-heal|p2a: Empoleon|194\/372|[from] item: Leftovers
|
|switch|p1a: Swampert|Swampert, F|233\/404 brn
|turn|34
|
|move|p2a: Empoleon|Scald|p1a: Swampert
|-damage|p1a: Swampert|119\/404 brn
|move|p1a: Swampert|Earthquake|p2a: Empoleon
|-supereffective|p2a: Empoleon
|-damage|p2a: Empoleon|50\/372
|
|-heal|p2a: Empoleon|73\/372|[from] item: Leftovers
|-heal|p1a: Swampert|144\/404 brn|[from] item: Leftovers
|-damage|p1a: Swampert|94\/404 brn|[from] brn
|turn|35
|
|move|p2a: Empoleon|Scald|p1a: Swampert
|-damage|p1a: Swampert|0 fnt
|faint|p1a: Swampert
|
|-heal|p2a: Empoleon|96\/372|[from] item: Leftovers
|
|switch|p1a: Heracross|Heracross, F|146\/302
|turn|36
|
|move|p1a: Heracross|Stone Edge|p2a: Empoleon
|-resisted|p2a: Empoleon
|-damage|p2a: Empoleon|27\/372
|move|p2a: Empoleon|Stealth Rock|p1a: Heracross
|-sidestart|p1: st123|move: Stealth Rock
|
|-heal|p2a: Empoleon|50\/372|[from] item: Leftovers
|turn|37
|
|move|p1a: Heracross|Stone Edge|p2a: Empoleon|[miss]
|-miss|p1a: Heracross|p2a: Empoleon
|move|p2a: Empoleon|Scald|p1a: Heracross
|-damage|p1a: Heracross|0 fnt
|faint|p1a: Heracross
|
|-heal|p2a: Empoleon|73\/372|[from] item: Leftovers
|
|switch|p1a: Aerodactyl|Aerodactyl-Mega, F|165\/331
|-damage|p1a: Aerodactyl|83\/331|[from] Stealth Rock
|turn|38
|
|move|p1a: Aerodactyl|Stone Edge|p2a: Empoleon
|-resisted|p2a: Empoleon
|-damage|p2a: Empoleon|0 fnt
|faint|p2a: Empoleon
|
|
|switch|p2a: Blissey|Blissey, F|714\/714
|turn|39
|
|move|p1a: Aerodactyl|Roost|p1a: Aerodactyl
|-heal|p1a: Aerodactyl|249\/331
|move|p2a: Blissey|Seismic Toss|p1a: Aerodactyl
|-damage|p1a: Aerodactyl|149\/331
|
|turn|40
|
|move|p1a: Aerodactyl|Taunt|p2a: Blissey
|-start|p2a: Blissey|move: Taunt
|cant|p2a: Blissey|move: Taunt|Toxic
|
|turn|41
|
|switch|p2a: Mew|Mew|404\/404 slp
|move|p1a: Aerodactyl|Stone Edge|p2a: Mew
|-damage|p2a: Mew|271\/404 slp
|
|turn|42
|
|move|p1a: Aerodactyl|Taunt|p2a: Mew
|-start|p2a: Mew|move: Taunt
|cant|p2a: Mew|slp
|
|turn|43
|
|switch|p2a: Blissey|Blissey, F|714\/714
|move|p1a: Aerodactyl|Roost|p1a: Aerodactyl
|-heal|p1a: Aerodactyl|315\/331
|
|turn|44
|
|move|p1a: Aerodactyl|Taunt|p2a: Blissey
|-start|p2a: Blissey|move: Taunt
|move|p2a: Blissey|Seismic Toss|p1a: Aerodactyl
|-damage|p1a: Aerodactyl|215\/331
|
|turn|45
|
|move|p1a: Aerodactyl|Stone Edge|p2a: Blissey
|-damage|p2a: Blissey|372\/714
|move|p2a: Blissey|Seismic Toss|p1a: Aerodactyl
|-damage|p1a: Aerodactyl|115\/331
|
|-heal|p2a: Blissey|416\/714|[from] item: Leftovers
|turn|46
|
|move|p1a: Aerodactyl|Roost|p1a: Aerodactyl
|-heal|p1a: Aerodactyl|281\/331
|move|p2a: Blissey|Seismic Toss|p1a: Aerodactyl
|-damage|p1a: Aerodactyl|181\/331
|
|-heal|p2a: Blissey|460\/714|[from] item: Leftovers
|-end|p2a: Blissey|move: Taunt
|turn|47
|
|move|p1a: Aerodactyl|Taunt|p2a: Blissey
|-start|p2a: Blissey|move: Taunt
|move|p2a: Blissey|Seismic Toss|p1a: Aerodactyl
|-damage|p1a: Aerodactyl|81\/331
|
|-heal|p2a: Blissey|504\/714|[from] item: Leftovers
|turn|48
|
|move|p1a: Aerodactyl|Roost|p1a: Aerodactyl
|-heal|p1a: Aerodactyl|247\/331
|move|p2a: Blissey|Seismic Toss|p1a: Aerodactyl
|-damage|p1a: Aerodactyl|147\/331
|
|-heal|p2a: Blissey|548\/714|[from] item: Leftovers
|turn|49
|
|switch|p2a: Volcarona|Volcarona, M|218\/373
|move|p1a: Aerodactyl|Roost|p1a: Aerodactyl
|-heal|p1a: Aerodactyl|313\/331
|
|turn|50
|
|move|p1a: Aerodactyl|Stone Edge|p2a: Volcarona
|-supereffective|p2a: Volcarona
|-damage|p2a: Volcarona|0 fnt
|faint|p2a: Volcarona
|
|
|switch|p2a: Blissey|Blissey, F|548\/714
|turn|51
|
|move|p1a: Aerodactyl|Taunt|p2a: Blissey
|-start|p2a: Blissey|move: Taunt
|move|p2a: Blissey|Seismic Toss|p1a: Aerodactyl
|-damage|p1a: Aerodactyl|213\/331
|
|-heal|p2a: Blissey|592\/714|[from] item: Leftovers
|turn|52
|
|switch|p2a: Mew|Mew|271\/404 slp
|move|p1a: Aerodactyl|Aqua Tail|p2a: Mew
|-damage|p2a: Mew|172\/404 slp
|
|turn|53
|
|move|p1a: Aerodactyl|Taunt|p2a: Mew
|-start|p2a: Mew|move: Taunt
|cant|p2a: Mew|slp
|
|turn|54
|
|move|p1a: Aerodactyl|Roost|p1a: Aerodactyl
|-heal|p1a: Aerodactyl|331\/331
|-curestatus|p2a: Mew|slp
|move|p2a: Mew|Knock Off|p1a: Aerodactyl
|-damage|p1a: Aerodactyl|275\/331
|
|turn|55
|
|move|p1a: Aerodactyl|Stone Edge|p2a: Mew
|-damage|p2a: Mew|48\/404
|move|p2a: Mew|Knock Off|p1a: Aerodactyl
|-damage|p1a: Aerodactyl|215\/331
|
|-end|p2a: Mew|move: Taunt
|turn|56
|
|move|p1a: Aerodactyl|Aqua Tail|p2a: Mew
|-damage|p2a: Mew|0 fnt
|faint|p2a: Mew
|
|
|switch|p2a: Blissey|Blissey, F|592\/714
|turn|57
|
|switch|p2a: RELENTLESS|Fletchinder, F|164\/327
|move|p1a: Aerodactyl|Taunt|p2a: RELENTLESS
|-start|p2a: RELENTLESS|move: Taunt
|
|turn|58
|join|TOTEMO
|
|switch|p2a: Blissey|Blissey, F|592\/714
|move|p1a: Aerodactyl|Roost|p1a: Aerodactyl
|-heal|p1a: Aerodactyl|331\/331
|
|-heal|p2a: Blissey|636\/714|[from] item: Leftovers
|turn|59
|
|move|p1a: Aerodactyl|Taunt|p2a: Blissey
|-start|p2a: Blissey|move: Taunt
|move|p2a: Blissey|Seismic Toss|p1a: Aerodactyl
|-damage|p1a: Aerodactyl|231\/331
|
|-heal|p2a: Blissey|680\/714|[from] item: Leftovers
|turn|60
|
|move|p1a: Aerodactyl|Stone Edge|p2a: Blissey
|-crit|p2a: Blissey
|-damage|p2a: Blissey|163\/714
|move|p2a: Blissey|Seismic Toss|p1a: Aerodactyl
|-damage|p1a: Aerodactyl|131\/331
|
|-heal|p2a: Blissey|207\/714|[from] item: Leftovers
|turn|61
|chat|asgdfgetscritted|ugh of course
|
|move|p1a: Aerodactyl|Roost|p1a: Aerodactyl
|-heal|p1a: Aerodactyl|297\/331
|move|p2a: Blissey|Seismic Toss|p1a: Aerodactyl
|-damage|p1a: Aerodactyl|197\/331
|
|-heal|p2a: Blissey|251\/714|[from] item: Leftovers
|-end|p2a: Blissey|move: Taunt
|turn|62
|
|move|p1a: Aerodactyl|Stone Edge|p2a: Blissey|[miss]
|-miss|p1a: Aerodactyl|p2a: Blissey
|move|p2a: Blissey|Seismic Toss|p1a: Aerodactyl
|-damage|p1a: Aerodactyl|97\/331
|
|-heal|p2a: Blissey|295\/714|[from] item: Leftovers
|turn|63
|
|move|p1a: Aerodactyl|Roost|p1a: Aerodactyl
|-heal|p1a: Aerodactyl|263\/331
|move|p2a: Blissey|Toxic|p1a: Aerodactyl|[miss]
|-miss|p2a: Blissey|p1a: Aerodactyl
|
|-heal|p2a: Blissey|339\/714|[from] item: Leftovers
|turn|64
|chat|asgdfgetscritted|.
|chat|TOTEMO|:>
|chat|asgdfgetscritted|Totem pls stop hacking into the numbers ok
|chat|TOTEMO|sry
|chat|TOTEMO|can't help it
|
|move|p1a: Aerodactyl|Taunt|p2a: Blissey
|-start|p2a: Blissey|move: Taunt
|move|p2a: Blissey|Seismic Toss|p1a: Aerodactyl
|-damage|p1a: Aerodactyl|163\/331
|
|-heal|p2a: Blissey|383\/714|[from] item: Leftovers
|turn|65
|
|move|p1a: Aerodactyl|Aqua Tail|p2a: Blissey
|-damage|p2a: Blissey|139\/714
|move|p2a: Blissey|Seismic Toss|p1a: Aerodactyl
|-damage|p1a: Aerodactyl|63\/331
|
|-heal|p2a: Blissey|183\/714|[from] item: Leftovers
|turn|66
|
|move|p1a: Aerodactyl|Roost|p1a: Aerodactyl
|-heal|p1a: Aerodactyl|229\/331
|move|p2a: Blissey|Seismic Toss|p1a: Aerodactyl
|-damage|p1a: Aerodactyl|129\/331
|
|-heal|p2a: Blissey|227\/714|[from] item: Leftovers
|-end|p2a: Blissey|move: Taunt
|turn|67
|
|move|p1a: Aerodactyl|Aqua Tail|p2a: Blissey
|-damage|p2a: Blissey|0 fnt
|faint|p2a: Blissey
|
|
|switch|p2a: RELENTLESS|Fletchinder, F|164\/327
|turn|68
|chat|asgdfgetscritted|okay crit please
|chat|asgdfgetscritted|or miss or whatever
|chat|asgdfgetscritted|252+ Atk Fletchinder Acrobatics (110 BP) vs. 220 HP \/ 0 Def Mega Aerodactyl on a critical hit: 116-137 (32.5 - 38.4%) -- 98.6% chance to 3HKO
|chat|asgdfgetscritted|>
|chat|asgdfgetscritted|thanks diatom
|
|move|p1a: Aerodactyl|Aqua Tail|p2a: RELENTLESS
|-supereffective|p2a: RELENTLESS
|-damage|p2a: RELENTLESS|0 fnt
|faint|p2a: RELENTLESS
|
|win|st123
|raw|Ladder updating...
|raw|st123's rating: 1617 &rarr; <strong>1628<\/strong><br \/>(+11 for winning)
|raw|asgdfgetscritted's rating: 1445 &rarr; <strong>1435<\/strong><br \/>(-10 for losing)
|chat|asgdfgetscritted|and of course no miss