|join|st123
|join|yan56
|player|p1|st123|153
|player|p2|yan56|161
|gametype|singles
|gen|6
|tier|UU
|rated
|rule|Sleep Clause Mod: Limit one foe put to sleep
|rule|Species Clause: Limit one of each PokÃ©mon
|rule|OHKO Clause: OHKO moves are banned
|rule|Moody Clause: Moody is banned
|rule|Evasion Moves Clause: Evasion moves are banned
|rule|Endless Battle Clause: Forcing endless battles is banned
|rule|HP Percentage Mod: HP is shown in percentages
|clearpoke
|poke|p1|Smeargle, F
|poke|p1|Espeon, F
|poke|p1|Cottonee, F
|poke|p1|Whimsicott, M
|poke|p1|Azelf
|poke|p1|Ambipom, F
|poke|p2|Aerodactyl, F
|poke|p2|Smeargle, M
|poke|p2|Crobat, M
|poke|p2|Shaymin
|poke|p2|Lucario, F
|poke|p2|Krookodile, M
|rule|Swagger Clause: Swagger is banned
|rule|Baton Pass Clause: Limit one PokÃ©mon knowing Baton Pass
|teampreview
|c|âyan56|oh no
|c|âyan56|not this
|c|âyan56|T_T
|c|âst123|=p
|c|âyan56|this strat is too broken D:
|
|start
|switch|p1a: Ambipom|Ambipom, F|292\/292
|switch|p2a: Aerodactyl|Aerodactyl, F|302\/302
|-ability|p2a: Aerodactyl|Unnerve|p1: st123
|turn|1
|
|detailschange|p2a: Aerodactyl|Aerodactyl-Mega, F
|message|Aerodactyl has Mega Evolved into Mega Aerodactyl!
|move|p1a: Ambipom|Fake Out|p2a: Aerodactyl
|-resisted|p2a: Aerodactyl
|-damage|p2a: Aerodactyl|246\/302
|cant|p2a: Aerodactyl|flinch
|
|turn|2
|
|move|p2a: Aerodactyl|Hone Claws|p2a: Aerodactyl
|-boost|p2a: Aerodactyl|atk|1
|-boost|p2a: Aerodactyl|accuracy|1
|move|p1a: Ambipom|Counter|p2a: Aerodactyl
|-fail|p2a: Aerodactyl
|
|turn|3
|
|move|p2a: Aerodactyl|Stone Edge|p1a: Ambipom
|-enditem|p1a: Ambipom|Focus Sash
|-damage|p1a: Ambipom|1\/292
|move|p1a: Ambipom|Counter|p2a: Aerodactyl
|-damage|p2a: Aerodactyl|0 fnt
|faint|p2a: Aerodactyl
|
|
|switch|p2a: Crobat|Crobat, M|311\/311
|turn|4
|
|move|p1a: Ambipom|Knock Off|p2a: Crobat
|-damage|p2a: Crobat|201\/311
|-enditem|p2a: Crobat|Sky Plate|[from] move: Knock Off|[of] p1a: Ambipom
|move|p2a: Crobat|Brave Bird|p1a: Ambipom
|-damage|p1a: Ambipom|0 fnt
|-damage|p2a: Crobat|200\/311|[from] recoil|[of] p1a: Ambipom
|faint|p1a: Ambipom
|
|
|switch|p1a: Cottonee|Cottonee, F|284\/284
|turn|5
|
|move|p1a: Cottonee|Tailwind|p1a: Cottonee
|-sidestart|p1: st123|move: Tailwind
|move|p2a: Crobat|Brave Bird|p1a: Cottonee
|-supereffective|p1a: Cottonee
|-enditem|p1a: Cottonee|Focus Sash
|-damage|p1a: Cottonee|1\/284
|-damage|p2a: Crobat|107\/311|[from] recoil|[of] p1a: Cottonee
|
|turn|6
|
|switch|p2a: Krookodile|Krookodile, M|331\/331
|-ability|p2a: Krookodile|Intimidate|[of] p1a: Cottonee
|-unboost|p1a: Cottonee|atk|1
|move|p1a: Cottonee|Memento|p2a: Krookodile
|-unboost|p2a: Krookodile|atk|2
|-unboost|p2a: Krookodile|spa|2
|faint|p1a: Cottonee
|
|
|switch|p1a: Azelf|Azelf|354\/354
|turn|7
|
|move|p1a: Azelf|Reflect|p1a: Azelf
|-sidestart|p1: st123|Reflect
|move|p2a: Krookodile|Knock Off|p1a: Azelf
|-supereffective|p1a: Azelf
|-damage|p1a: Azelf|198\/354
|-enditem|p1a: Azelf|Light Clay|[from] move: Knock Off|[of] p2a: Krookodile
|-damage|p2a: Krookodile|298\/331|[from] item: Life Orb
|
|turn|8
|
|switch|p2a: Smeargle|Smeargle, M|314\/314
|move|p1a: Azelf|Light Screen|p1a: Azelf
|-sidestart|p1: st123|move: Light Screen
|
|-sideend|p1: st123|move: Tailwind
|turn|9
|
|switch|p2a: Crobat|Crobat, M|107\/311
|move|p1a: Azelf|Explosion|p2a: Crobat
|-damage|p2a: Crobat|0 fnt
|faint|p1a: Azelf
|faint|p2a: Crobat
|
|c|âyan56|ugh
|
|switch|p1a: Whimsicott|Whimsicott, M|324\/324
|switch|p2a: Smeargle|Smeargle, M|314\/314
|turn|10
|
|switch|p2a: Shaymin|Shaymin|341\/341
|move|p1a: Whimsicott|Taunt|p2a: Shaymin
|-start|p2a: Shaymin|move: Taunt
|
|turn|11
|
|switch|p2a: Lucario|Lucario, F|281\/281
|move|p1a: Whimsicott|Tailwind|p1a: Whimsicott
|-sidestart|p1: st123|move: Tailwind
|
|turn|12
|
|switch|p2a: Smeargle|Smeargle, M|314\/314
|move|p1a: Whimsicott|Memento|p2a: Smeargle
|-unboost|p2a: Smeargle|atk|2
|-unboost|p2a: Smeargle|spa|2
|faint|p1a: Whimsicott
|
|-sideend|p1: st123|move: Light Screen
|
|switch|p1a: Smeargle|Smeargle, F|275\/275
|turn|13
|
|switch|p2a: Lucario|Lucario, F|281\/281
|move|p1a: Smeargle|Spore|p2a: Lucario
|-status|p2a: Lucario|slp
|
|turn|14
|
|switch|p2a: Krookodile|Krookodile, M|298\/331
|-ability|p2a: Krookodile|Intimidate|[of] p1a: Smeargle
|-unboost|p1a: Smeargle|atk|1
|move|p1a: Smeargle|Quiver Dance|p1a: Smeargle
|-boost|p1a: Smeargle|spa|1
|-boost|p1a: Smeargle|spd|1
|-boost|p1a: Smeargle|spe|1
|
|-sideend|p1: st123|Reflect
|-sideend|p1: st123|move: Tailwind
|turn|15
|
|move|p1a: Smeargle|Cotton Guard|p1a: Smeargle
|-boost|p1a: Smeargle|def|3
|move|p2a: Krookodile|Knock Off|p1a: Smeargle
|-damage|p1a: Smeargle|106\/275
|-enditem|p1a: Smeargle|Sitrus Berry|[from] move: Knock Off|[of] p2a: Krookodile
|-damage|p2a: Krookodile|265\/331|[from] item: Life Orb
|
|turn|16
|
|switch|p2a: Smeargle|Smeargle, M|314\/314
|move|p1a: Smeargle|Baton Pass|p1a: Smeargle
|
|switch|p1a: Espeon|Espeon, F|271\/271
|
|turn|17
|
|move|p1a: Espeon|Stored Power|p2a: Smeargle
|-enditem|p2a: Smeargle|Focus Sash
|-damage|p2a: Smeargle|1\/314
|move|p2a: Smeargle|Endeavor|p1a: Espeon
|-damage|p1a: Espeon|1\/271
|
|-heal|p1a: Espeon|17\/271|[from] item: Leftovers
|turn|18
|
|move|p1a: Espeon|Morning Sun|p1a: Espeon
|-heal|p1a: Espeon|152\/271
|move|p2a: Smeargle|Endeavor|p1a: Espeon
|-damage|p1a: Espeon|1\/271
|
|-heal|p1a: Espeon|17\/271|[from] item: Leftovers
|turn|19
|
|move|p1a: Espeon|Morning Sun|p1a: Espeon
|-heal|p1a: Espeon|152\/271
|move|p2a: Smeargle|Endeavor|p1a: Espeon
|-damage|p1a: Espeon|1\/271
|
|-heal|p1a: Espeon|17\/271|[from] item: Leftovers
|turn|20
|
|move|p1a: Espeon|Morning Sun|p1a: Espeon
|-heal|p1a: Espeon|152\/271
|move|p2a: Smeargle|Endeavor|p1a: Espeon
|-damage|p1a: Espeon|1\/271
|
|-heal|p1a: Espeon|17\/271|[from] item: Leftovers
|turn|21
|
|move|p1a: Espeon|Morning Sun|p1a: Espeon
|-heal|p1a: Espeon|152\/271
|move|p2a: Smeargle|Endeavor|p1a: Espeon
|-damage|p1a: Espeon|1\/271
|
|-heal|p1a: Espeon|17\/271|[from] item: Leftovers
|turn|22
|
|move|p1a: Espeon|Morning Sun|p1a: Espeon
|-heal|p1a: Espeon|152\/271
|move|p2a: Smeargle|Endeavor|p1a: Espeon
|-damage|p1a: Espeon|1\/271
|
|-heal|p1a: Espeon|17\/271|[from] item: Leftovers
|turn|23
|
|move|p1a: Espeon|Morning Sun|p1a: Espeon
|-heal|p1a: Espeon|152\/271
|move|p2a: Smeargle|Endeavor|p1a: Espeon
|-damage|p1a: Espeon|1\/271
|
|-heal|p1a: Espeon|17\/271|[from] item: Leftovers
|turn|24
|
|move|p1a: Espeon|Morning Sun|p1a: Espeon
|-heal|p1a: Espeon|152\/271
|move|p2a: Smeargle|Endeavor|p1a: Espeon
|-damage|p1a: Espeon|1\/271
|
|-heal|p1a: Espeon|17\/271|[from] item: Leftovers
|turn|25
|
|switch|p2a: Krookodile|Krookodile, M|265\/331
|-ability|p2a: Krookodile|Intimidate|[of] p1a: Espeon
|-unboost|p1a: Espeon|atk|1
|move|p1a: Espeon|Morning Sun|p1a: Espeon
|-heal|p1a: Espeon|152\/271
|
|-heal|p1a: Espeon|168\/271|[from] item: Leftovers
|turn|26
|
|move|p1a: Espeon|Dazzling Gleam|p2a: Krookodile
|-supereffective|p2a: Krookodile
|-damage|p2a: Krookodile|0 fnt
|faint|p2a: Krookodile
|
|-heal|p1a: Espeon|184\/271|[from] item: Leftovers
|
|switch|p2a: Shaymin|Shaymin|341\/341
|turn|27
|
|move|p1a: Espeon|Stored Power|p2a: Shaymin
|-damage|p2a: Shaymin|1\/341
|move|p2a: Shaymin|Seed Flare|p1a: Espeon|[miss]
|-miss|p2a: Shaymin|p1a: Espeon
|
|-heal|p1a: Espeon|200\/271|[from] item: Leftovers
|turn|28
|
|move|p1a: Espeon|Stored Power|p2a: Shaymin
|-damage|p2a: Shaymin|0 fnt
|faint|p2a: Shaymin
|
|-heal|p1a: Espeon|216\/271|[from] item: Leftovers
|
|switch|p2a: Smeargle|Smeargle, M|1\/314
|turn|29
|
|move|p1a: Espeon|Stored Power|p2a: Smeargle
|-damage|p2a: Smeargle|0 fnt
|faint|p2a: Smeargle
|
|-heal|p1a: Espeon|232\/271|[from] item: Leftovers
|
|switch|p2a: Lucario|Lucario, F|281\/281 slp
|turn|30
|
|move|p1a: Espeon|Stored Power|p2a: Lucario
|-damage|p2a: Lucario|0 fnt
|faint|p2a: Lucario
|
|win|st123
|raw|Ladder updating...
|raw|st123's rating: 1473 &rarr; <strong>1489<\/strong><br \/>(+16 for winning)
|raw|yan56's rating: 1404 &rarr; <strong>1388<\/strong><br \/>(-16 for losing)
|leave|yan56
|player|p2