|join|st123
|join|Wot2Do
|player|p1|st123|153
|player|p2|Wot2Do|170
|gametype|singles
|gen|6
|tier|UU
|rated
|rule|Sleep Clause Mod: Limit one foe put to sleep
|rule|Species Clause: Limit one of each PokÃ©mon
|rule|OHKO Clause: OHKO moves are banned
|rule|Moody Clause: Moody is banned
|rule|Evasion Moves Clause: Evasion moves are banned
|rule|Endless Battle Clause: Forcing endless battles is banned
|rule|HP Percentage Mod: HP is shown in percentages
|clearpoke
|poke|p1|Smeargle, M
|poke|p1|Espeon, F
|poke|p1|Cottonee, M
|poke|p1|Whimsicott, F
|poke|p1|Azelf
|poke|p1|Alakazam, F
|poke|p2|Blastoise, F, shiny
|poke|p2|Trevenant, M
|poke|p2|Hippowdon, F, shiny
|poke|p2|Darmanitan, M, shiny
|poke|p2|Florges, F, shiny
|poke|p2|Honchkrow, F, shiny
|rule|Swagger Clause: Swagger is banned
|rule|Baton Pass Clause: Limit one PokÃ©mon knowing Baton Pass
|teampreview
|
|start
|switch|p1a: Cottonee|Cottonee, M|284\/284
|switch|p2a: Darmanitan|Darmanitan, M, shiny|351\/351
|turn|1
|
|switch|p2a: Trevenant|Trevenant, M|374\/374
|move|p1a: Cottonee|Tailwind|p1a: Cottonee
|-sidestart|p1: st123|move: Tailwind
|
|turn|2
|
|move|p1a: Cottonee|Taunt|p2a: Trevenant
|-start|p2a: Trevenant|move: Taunt
|move|p2a: Trevenant|Shadow Claw|p1a: Cottonee
|-damage|p1a: Cottonee|143\/284
|
|turn|3
|
|move|p1a: Cottonee|Memento|p2a: Trevenant
|-unboost|p2a: Trevenant|atk|2
|-unboost|p2a: Trevenant|spa|2
|faint|p1a: Cottonee
|move|p2a: Trevenant|Shadow Claw|p1: Cottonee|[notarget]
|-notarget
|
|
|switch|p1a: Azelf|Azelf|354\/354
|turn|4
|
|switch|p2a: Hippowdon|Hippowdon, F, shiny|357\/357
|-weather|Sandstorm
|move|p1a: Azelf|Reflect|p1a: Azelf
|-sidestart|p1: st123|Reflect
|
|-weather|Sandstorm|[upkeep]
|-damage|p1a: Azelf|332\/354|[from] sandstorm
|-sideend|p1: st123|move: Tailwind
|turn|5
|
|move|p1a: Azelf|Taunt|p2a: Hippowdon
|-start|p2a: Hippowdon|move: Taunt
|cant|p2a: Hippowdon|move: Taunt|Toxic
|
|-weather|Sandstorm|[upkeep]
|-damage|p1a: Azelf|310\/354|[from] sandstorm
|turn|6
|join|goat 2 be
|
|switch|p2a: Trevenant|Trevenant, M|374\/374
|move|p1a: Azelf|Light Screen|p1a: Azelf
|-sidestart|p1: st123|move: Light Screen
|
|-weather|Sandstorm|[upkeep]
|-damage|p1a: Azelf|288\/354|[from] sandstorm
|-damage|p2a: Trevenant|351\/374|[from] sandstorm
|turn|7
|
|move|p1a: Azelf|Taunt|p2a: Trevenant
|-start|p2a: Trevenant|move: Taunt
|move|p2a: Trevenant|Shadow Claw|p1a: Azelf
|-supereffective|p1a: Azelf
|-damage|p1a: Azelf|177\/354
|
|-weather|Sandstorm|[upkeep]
|-damage|p1a: Azelf|155\/354|[from] sandstorm
|-damage|p2a: Trevenant|328\/374|[from] sandstorm
|turn|8
|
|move|p1a: Azelf|Explosion|p2a: Trevenant
|-immune|p2a: Trevenant|[msg]
|faint|p1a: Azelf
|move|p2a: Trevenant|Shadow Claw|p1: Azelf|[notarget]
|-notarget
|
|-weather|none
|leave|goat 2 be
|
|switch|p1a: Whimsicott|Whimsicott, F|324\/324
|turn|9
|
|move|p1a: Whimsicott|Tailwind|p1a: Whimsicott
|-sidestart|p1: st123|move: Tailwind
|move|p2a: Trevenant|Shadow Claw|p1a: Whimsicott
|-damage|p1a: Whimsicott|277\/324
|
|-end|p2a: Trevenant|move: Taunt
|turn|10
|
|move|p1a: Whimsicott|Taunt|p2a: Trevenant
|-start|p2a: Trevenant|move: Taunt
|move|p2a: Trevenant|Shadow Claw|p1a: Whimsicott
|-damage|p1a: Whimsicott|226\/324
|
|turn|11
|
|move|p1a: Whimsicott|Memento|p2a: Trevenant
|-unboost|p2a: Trevenant|atk|2
|-unboost|p2a: Trevenant|spa|2
|faint|p1a: Whimsicott
|move|p2a: Trevenant|Shadow Claw|p1: Whimsicott|[notarget]
|-notarget
|
|-sideend|p1: st123|Reflect
|
|switch|p1a: Smeargle|Smeargle, M|275\/275
|turn|12
|c|âWot2Do|lol y u sah bad
|
|move|p1a: Smeargle|Cotton Guard|p1a: Smeargle
|-boost|p1a: Smeargle|def|3
|move|p2a: Trevenant|Shadow Claw|p1a: Smeargle
|-immune|p1a: Smeargle|[msg]
|
|-end|p2a: Trevenant|move: Taunt
|-sideend|p1: st123|move: Tailwind
|turn|13
|
|move|p1a: Smeargle|Quiver Dance|p1a: Smeargle
|-boost|p1a: Smeargle|spa|1
|-boost|p1a: Smeargle|spd|1
|-boost|p1a: Smeargle|spe|1
|move|p2a: Trevenant|Leech Seed|p1a: Smeargle
|-start|p1a: Smeargle|move: Leech Seed
|
|-damage|p1a: Smeargle|241\/275|[from] Leech Seed|[of] p2a: Trevenant
|-heal|p2a: Trevenant|362\/374|[silent]
|-sideend|p1: st123|move: Light Screen
|turn|14
|
|switch|p2a: Darmanitan|Darmanitan, M, shiny|351\/351
|move|p1a: Smeargle|Quiver Dance|p1a: Smeargle
|-boost|p1a: Smeargle|spa|1
|-boost|p1a: Smeargle|spd|1
|-boost|p1a: Smeargle|spe|1
|
|-damage|p1a: Smeargle|207\/275|[from] Leech Seed|[of] p2a: Darmanitan
|turn|15
|
|move|p1a: Smeargle|Spore|p2a: Darmanitan
|-status|p2a: Darmanitan|slp
|cant|p2a: Darmanitan|slp
|
|-damage|p1a: Smeargle|173\/275|[from] Leech Seed|[of] p2a: Darmanitan
|turn|16
|
|switch|p2a: Honchkrow|Honchkrow, F, shiny|341\/341
|move|p1a: Smeargle|Baton Pass|p1a: Smeargle
|c|âWot2Do|fak
|
|switch|p1a: Espeon|Espeon, F|321\/321
|
|-damage|p1a: Espeon|281\/321|[from] Leech Seed|[of] p2a: Honchkrow
|turn|17
|c|âWot2Do|BP users are the biggest noobs. :P
|
|move|p2a: Honchkrow|Sucker Punch|p1a: Espeon
|-fail|p1a: Espeon
|move|p1a: Espeon|Substitute|p1a: Espeon
|-start|p1a: Espeon|Substitute
|-damage|p1a: Espeon|201\/321
|
|-heal|p1a: Espeon|221\/321|[from] item: Leftovers
|-damage|p1a: Espeon|181\/321|[from] Leech Seed|[of] p2a: Honchkrow
|turn|18
|c|âst123|sorry trying to see if its broken
|c|âWot2Do|lol trying to see my ass
|
|switch|p2a: Trevenant|Trevenant, M|362\/374
|move|p1a: Espeon|Dazzling Gleam|p2a: Trevenant
|-damage|p2a: Trevenant|223\/374
|
|-heal|p1a: Espeon|201\/321|[from] item: Leftovers
|-damage|p1a: Espeon|161\/321|[from] Leech Seed|[of] p2a: Trevenant
|-heal|p2a: Trevenant|263\/374|[silent]
|turn|19
|
|move|p1a: Espeon|Stored Power|p2a: Trevenant
|-crit|p2a: Trevenant
|-damage|p2a: Trevenant|0 fnt
|faint|p2a: Trevenant
|
|-heal|p1a: Espeon|181\/321|[from] item: Leftovers
|
|switch|p2a: Florges|Florges, F, shiny|360\/360
|turn|20
|
|move|p1a: Espeon|Stored Power|p2a: Florges
|-damage|p2a: Florges|65\/360
|move|p2a: Florges|Moonblast|p1a: Espeon
|-activate|p1a: Espeon|Substitute|[damage]
|
|-heal|p1a: Espeon|201\/321|[from] item: Leftovers
|-heal|p2a: Florges|87\/360|[from] item: Leftovers
|-damage|p1a: Espeon|161\/321|[from] Leech Seed|[of] p2a: Florges
|-heal|p2a: Florges|127\/360|[silent]
|turn|21
|
|move|p2a: Florges|Protect|p2a: Florges
|-singleturn|p2a: Florges|Protect
|move|p1a: Espeon|Morning Sun|p1a: Espeon
|-heal|p1a: Espeon|321\/321
|
|-heal|p2a: Florges|149\/360|[from] item: Leftovers
|-damage|p1a: Espeon|281\/321|[from] Leech Seed|[of] p2a: Florges
|-heal|p2a: Florges|189\/360|[silent]
|turn|22
|
|move|p1a: Espeon|Stored Power|p2a: Florges
|-damage|p2a: Florges|0 fnt
|faint|p2a: Florges
|
|-heal|p1a: Espeon|301\/321|[from] item: Leftovers
|
|switch|p2a: Hippowdon|Hippowdon, F, shiny|357\/357
|-weather|Sandstorm
|turn|23
|
|move|p1a: Espeon|Stored Power|p2a: Hippowdon
|-damage|p2a: Hippowdon|0 fnt
|faint|p2a: Hippowdon
|
|-weather|Sandstorm|[upkeep]
|-damage|p1a: Espeon|281\/321|[from] sandstorm
|-heal|p1a: Espeon|301\/321|[from] item: Leftovers
|
|switch|p2a: Blastoise|Blastoise, F, shiny|362\/362
|turn|24
|
|detailschange|p2a: Blastoise|Blastoise-Mega, F, shiny
|message|Blastoise has Mega Evolved into Mega Blastoise!
|move|p1a: Espeon|Stored Power|p2a: Blastoise
|-damage|p2a: Blastoise|0 fnt
|faint|p2a: Blastoise
|
|-weather|Sandstorm|[upkeep]
|-damage|p1a: Espeon|281\/321|[from] sandstorm
|-heal|p1a: Espeon|301\/321|[from] item: Leftovers
|
|switch|p2a: Honchkrow|Honchkrow, F, shiny|341\/341
|turn|25
|
|move|p2a: Honchkrow|Sucker Punch|p1a: Espeon
|-supereffective|p1a: Espeon
|-end|p1a: Espeon|Substitute
|-damage|p2a: Honchkrow|307\/341|[from] item: Life Orb
|move|p1a: Espeon|Dazzling Gleam|p2a: Honchkrow
|-supereffective|p2a: Honchkrow
|-damage|p2a: Honchkrow|0 fnt
|faint|p2a: Honchkrow
|
|-weather|Sandstorm|[upkeep]
|-damage|p1a: Espeon|281\/321|[from] sandstorm
|-heal|p1a: Espeon|301\/321|[from] item: Leftovers
|c|âWot2Do|idk why i dont have roar
|c|âWot2Do|ahahah
|c|âWot2Do|bp are fags man, congrats
|c|âst123|thanks 
|-message|Wot2Do forfeited.
|c|âst123|i want it gone too
|leave|Wot2Do
|
|win|st123
|raw|Ladder updating...
|player|p2
|raw|st123's rating: 1523 &rarr; <strong>1540<\/strong><br \/>(+17 for winning)
|raw|Wot2Do's rating: 1475 &rarr; <strong>1458<\/strong><br \/>(-17 for losing)