|join|st123
|join|DockerAD
|player|p1|st123|153
|player|p2|DockerAD|2
|gametype|singles
|gen|6
|tier|UU
|rated
|rule|Sleep Clause Mod: Limit one foe put to sleep
|rule|Species Clause: Limit one of each Pokemon
|rule|OHKO Clause: OHKO moves are banned
|rule|Moody Clause: Moody is banned
|rule|Evasion Moves Clause: Evasion moves are banned
|rule|Endless Battle Clause: Forcing endless battles is banned.
|rule|HP Percentage Mod: HP is reported as percentages
|clearpoke
|poke|p1|Froslass, F
|poke|p1|Lucario, F
|poke|p1|Aerodactyl, M
|poke|p1|Heracross, M
|poke|p1|Roserade, M
|poke|p1|Swampert, F
|poke|p2|Lucario, M
|poke|p2|Rotom-Heat
|poke|p2|Hydreigon, F
|poke|p2|Porygon-Z
|poke|p2|Swampert, M
|poke|p2|Crobat, M
|teampreview
|
|start
|switch|p1a: Froslass|Froslass, F|344\/344
|switch|p2a: Crobat|Crobat, M|373\/373
|turn|1
|join|dany881dkv
|
|switch|p1a: Aerodactyl|Aerodactyl, M|331\/331
|-ability|p1a: Aerodactyl|Pressure
|move|p2a: Crobat|Taunt|p1a: Aerodactyl
|-start|p1a: Aerodactyl|move: Taunt
|
|turn|2
|
|switch|p2a: Swampert|Swampert, M|404\/404
|detailschange|p1a: Aerodactyl|Aerodactyl-Mega, M
|message|Aerodactyl has Mega Evolved into Mega Aerodactyl!
|move|p1a: Aerodactyl|Stone Edge|p2a: Swampert|[miss]
|-miss|p1a: Aerodactyl|p2a: Swampert
|
|turn|3
|
|switch|p1a: Froslass|Froslass, F|344\/344
|move|p2a: Swampert|Stealth Rock|p1a: Froslass
|-sidestart|p1: st123|move: Stealth Rock
|
|turn|4
|
|move|p1a: Froslass|Spikes|p2a: Swampert
|-sidestart|p2: DockerAD|Spikes
|move|p2a: Swampert|Earthquake|p1a: Froslass
|-damage|p1a: Froslass|178\/344
|
|turn|5
|
|switch|p2a: Crobat|Crobat, M|373\/373
|move|p1a: Froslass|Spikes|p2a: Crobat
|-sidestart|p2: DockerAD|Spikes
|
|turn|6
|
|switch|p1a: Aerodactyl|Aerodactyl-Mega, M|331\/331
|-damage|p1a: Aerodactyl|249\/331|[from] Stealth Rock
|move|p2a: Crobat|Brave Bird|p1a: Aerodactyl
|-resisted|p1a: Aerodactyl
|-damage|p1a: Aerodactyl|167\/331
|-damage|p2a: Crobat|346\/373|[from] recoil|[of] p1a: Aerodactyl
|
|-heal|p2a: Crobat|369\/373|[from] item: Black Sludge
|turn|7
|
|switch|p2a: Swampert|Swampert, M|404\/404
|-damage|p2a: Swampert|337\/404|[from] Spikes
|move|p1a: Aerodactyl|Stone Edge|p2a: Swampert
|-resisted|p2a: Swampert
|-damage|p2a: Swampert|266\/404
|
|-heal|p2a: Swampert|291\/404|[from] item: Leftovers
|turn|8
|
|switch|p1a: Roserade|Roserade, M|262\/262
|-damage|p1a: Roserade|230\/262|[from] Stealth Rock
|move|p2a: Swampert|Earthquake|p1a: Roserade
|-damage|p1a: Roserade|41\/262
|
|-heal|p2a: Swampert|316\/404|[from] item: Leftovers
|turn|9
|
|switch|p2a: Crobat|Crobat, M|369\/373
|move|p1a: Roserade|Sleep Powder|p2a: Crobat|[miss]
|-miss|p1a: Roserade|p2a: Crobat
|
|-heal|p2a: Crobat|373\/373|[from] item: Black Sludge
|turn|10
|leave|dany881dkv
|
|move|p2a: Crobat|Brave Bird|p1a: Roserade
|-supereffective|p1a: Roserade
|-damage|p1a: Roserade|0 fnt
|-damage|p2a: Crobat|359\/373|[from] recoil|[of] p1a: Roserade
|faint|p1a: Roserade
|
|-heal|p2a: Crobat|373\/373|[from] item: Black Sludge
|
|switch|p1a: Aerodactyl|Aerodactyl-Mega, M|167\/331
|-damage|p1a: Aerodactyl|85\/331|[from] Stealth Rock
|turn|11
|
|switch|p2a: Swampert|Swampert, M|316\/404
|-damage|p2a: Swampert|249\/404|[from] Spikes
|move|p1a: Aerodactyl|Roost|p1a: Aerodactyl
|-heal|p1a: Aerodactyl|251\/331
|
|-heal|p2a: Swampert|274\/404|[from] item: Leftovers
|turn|12
|
|switch|p1a: Froslass|Froslass, F|178\/344
|-damage|p1a: Froslass|92\/344|[from] Stealth Rock
|move|p2a: Swampert|Scald|p1a: Froslass
|-damage|p1a: Froslass|0 fnt
|-start|p2a: Swampert|Disable|Scald
|faint|p1a: Froslass
|
|-heal|p2a: Swampert|299\/404|[from] item: Leftovers
|
|switch|p1a: Aerodactyl|Aerodactyl-Mega, M|251\/331
|-damage|p1a: Aerodactyl|169\/331|[from] Stealth Rock
|turn|13
|
|move|p1a: Aerodactyl|Aqua Tail|p2a: Swampert
|-damage|p2a: Swampert|194\/404
|move|p2a: Swampert|Toxic|p1a: Aerodactyl
|-status|p1a: Aerodactyl|tox
|
|-heal|p2a: Swampert|219\/404|[from] item: Leftovers
|-damage|p1a: Aerodactyl|149\/331 tox|[from] psn
|turn|14
|
|move|p1a: Aerodactyl|Aqua Tail|p2a: Swampert
|-damage|p2a: Swampert|96\/404
|move|p2a: Swampert|Earthquake|p1a: Aerodactyl
|-immune|p1a: Aerodactyl|[msg]
|
|-heal|p2a: Swampert|121\/404|[from] item: Leftovers
|-damage|p1a: Aerodactyl|109\/331 tox|[from] psn
|turn|15
|
|move|p1a: Aerodactyl|Aqua Tail|p2a: Swampert
|-damage|p2a: Swampert|7\/404
|move|p2a: Swampert|Earthquake|p1a: Aerodactyl
|-immune|p1a: Aerodactyl|[msg]
|
|-heal|p2a: Swampert|32\/404|[from] item: Leftovers
|-damage|p1a: Aerodactyl|49\/331 tox|[from] psn
|turn|16
|
|move|p1a: Aerodactyl|Aqua Tail|p2a: Swampert
|-damage|p2a: Swampert|0 fnt
|faint|p2a: Swampert
|
|-damage|p1a: Aerodactyl|0 fnt|[from] psn
|faint|p1a: Aerodactyl
|
|switch|p2a: Crobat|Crobat, M|373\/373
|switch|p1a: Swampert|Swampert, F|404\/404
|-damage|p1a: Swampert|379\/404|[from] Stealth Rock
|turn|17
|join|WeiMin
|
|move|p2a: Crobat|Taunt|p1a: Swampert
|-start|p1a: Swampert|move: Taunt
|cant|p1a: Swampert|move: Taunt|Stealth Rock
|
|-heal|p1a: Swampert|404\/404|[from] item: Leftovers
|turn|18
|
|move|p2a: Crobat|U-turn|p1a: Swampert
|-damage|p1a: Swampert|361\/404
|
|switch|p2a: Hydreigon|Hydreigon, F|325\/325
|move|p1a: Swampert|Scald|p2a: Hydreigon
|-resisted|p2a: Hydreigon
|-damage|p2a: Hydreigon|276\/325
|
|-heal|p1a: Swampert|386\/404|[from] item: Leftovers
|turn|19
|
|switch|p1a: Lucario|Lucario, F|281\/281
|-damage|p1a: Lucario|273\/281|[from] Stealth Rock
|move|p2a: Hydreigon|Draco Meteor|p1a: Lucario|[miss]
|-miss|p2a: Hydreigon|p1a: Lucario
|
|turn|20
|
|switch|p2a: Crobat|Crobat, M|373\/373
|move|p1a: Lucario|Close Combat|p2a: Crobat
|-resisted|p2a: Crobat
|-damage|p2a: Crobat|294\/373
|-unboost|p1a: Lucario|def|1
|-unboost|p1a: Lucario|spd|1
|-damage|p1a: Lucario|245\/281|[from] item: Life Orb
|
|-heal|p2a: Crobat|317\/373|[from] item: Black Sludge
|turn|21
|
|switch|p1a: Swampert|Swampert, F|386\/404
|-damage|p1a: Swampert|361\/404|[from] Stealth Rock
|move|p2a: Crobat|U-turn|p1a: Swampert
|-damage|p1a: Swampert|321\/404
|
|switch|p2a: Hydreigon|Hydreigon, F|276\/325
|
|-heal|p1a: Swampert|346\/404|[from] item: Leftovers
|turn|22
|
|switch|p1a: Lucario|Lucario, F|245\/281
|-damage|p1a: Lucario|237\/281|[from] Stealth Rock
|move|p2a: Hydreigon|Draco Meteor|p1a: Lucario|[miss]
|-miss|p2a: Hydreigon|p1a: Lucario
|
|turn|23
|
|switch|p2a: Lucario|Lucario, M|281\/281
|-damage|p2a: Lucario|235\/281|[from] Spikes
|move|p1a: Lucario|Swords Dance|p1a: Lucario
|-boost|p1a: Lucario|atk|2
|
|turn|24
|
|move|p2a: Lucario|Close Combat|p1a: Lucario
|-supereffective|p1a: Lucario
|-damage|p1a: Lucario|0 fnt
|-unboost|p2a: Lucario|def|1
|-unboost|p2a: Lucario|spd|1
|-damage|p2a: Lucario|207\/281|[from] item: Life Orb
|faint|p1a: Lucario
|
|
|switch|p1a: Swampert|Swampert, F|346\/404
|-damage|p1a: Swampert|321\/404|[from] Stealth Rock
|turn|25
|
|move|p2a: Lucario|Close Combat|p1a: Swampert
|-damage|p1a: Swampert|118\/404
|-unboost|p2a: Lucario|def|1
|-unboost|p2a: Lucario|spd|1
|-damage|p2a: Lucario|179\/281|[from] item: Life Orb
|move|p1a: Swampert|Scald|p2a: Lucario
|-damage|p2a: Lucario|0 fnt
|faint|p2a: Lucario
|
|-heal|p1a: Swampert|143\/404|[from] item: Leftovers
|
|switch|p2a: Porygon-Z|Porygon-Z|312\/312
|-damage|p2a: Porygon-Z|260\/312|[from] Spikes
|turn|26
|
|move|p2a: Porygon-Z|Tri Attack|p1a: Swampert
|-damage|p1a: Swampert|0 fnt
|faint|p1a: Swampert
|
|
|switch|p1a: Heracross|Heracross, M|302\/302
|-damage|p1a: Heracross|265\/302|[from] Stealth Rock
|turn|27
|
|move|p2a: Porygon-Z|Tri Attack|p1a: Heracross
|-damage|p1a: Heracross|73\/302
|move|p1a: Heracross|Stone Edge|p2a: Porygon-Z
|-damage|p2a: Porygon-Z|104\/312
|
|turn|28
|
|move|p2a: Porygon-Z|Tri Attack|p1a: Heracross
|-damage|p1a: Heracross|0 fnt
|faint|p1a: Heracross
|
|win|DockerAD
|raw|Ladder updating...
|raw|st123's rating: 1653 &rarr; <strong>1621<\/strong><br \/>(-32 for losing)
|raw|DockerAD's rating: 1402 &rarr; <strong>1434<\/strong><br \/>(+32 for winning)
|leave|st123
|player|p1