|join|st123
|join|pokeaim
|player|p1|st123|153
|player|p2|pokeaim|143
|gametype|singles
|gen|6
|tier|UU
|rated
|rule|Sleep Clause Mod: Limit one foe put to sleep
|rule|Species Clause: Limit one of each PokÃ©mon
|rule|OHKO Clause: OHKO moves are banned
|rule|Moody Clause: Moody is banned
|rule|Evasion Moves Clause: Evasion moves are banned
|rule|Endless Battle Clause: Forcing endless battles is banned
|rule|HP Percentage Mod: HP is shown in percentages
|clearpoke
|poke|p1|Jirachi
|poke|p1|Hydreigon, M
|poke|p1|Togekiss, F
|poke|p1|Swampert, M
|poke|p1|Ampharos, F
|poke|p1|Victini
|poke|p2|Haxorus, F
|poke|p2|Slurpuff, M
|poke|p2|Dugtrio, F
|poke|p2|Jirachi
|poke|p2|Hydreigon, F
|poke|p2|Blastoise, F
|rule|Swagger Clause: Swagger is banned
|rule|Baton Pass Clause: Limit one PokÃ©mon knowing Baton Pass
|teampreview
|
|start
|switch|p1a: Jirachi|Jirachi|341\/341
|switch|p2a: Blastoise|Blastoise, F|351\/351
|turn|1
|
|detailschange|p2a: Blastoise|Blastoise-Mega, F
|message|Blastoise has Mega Evolved into Mega Blastoise!
|move|p1a: Jirachi|U-turn|p2a: Blastoise
|-damage|p2a: Blastoise|290\/351
|
|switch|p1a: Togekiss|Togekiss, F|374\/374
|move|p2a: Blastoise|Dark Pulse|p1a: Togekiss
|-resisted|p1a: Togekiss
|-damage|p1a: Togekiss|326\/374
|
|-heal|p1a: Togekiss|349\/374|[from] item: Leftovers
|turn|2
|
|switch|p2a: Jirachi|Jirachi|403\/403
|move|p1a: Togekiss|Wish|p1a: Togekiss
|
|-heal|p1a: Togekiss|372\/374|[from] item: Leftovers
|turn|3
|
|switch|p1a: Victini|Victini|341\/341
|move|p2a: Jirachi|Stealth Rock|p1a: Victini
|-sidestart|p1: st123|move: Stealth Rock
|
|turn|4
|
|move|p1a: Victini|V-create|p2a: Jirachi
|-supereffective|p2a: Jirachi
|-damage|p2a: Jirachi|0 fnt
|-unboost|p1a: Victini|def|1
|-unboost|p1a: Victini|spd|1
|-unboost|p1a: Victini|spe|1
|faint|p2a: Jirachi
|
|
|switch|p2a: Dugtrio|Dugtrio, F|211\/211
|turn|5
|
|move|p2a: Dugtrio|Earthquake|p1a: Victini
|-supereffective|p1a: Victini
|-damage|p1a: Victini|0 fnt
|faint|p1a: Victini
|
|join|EyanZ
|
|switch|p1a: Togekiss|Togekiss, F|372\/374
|-damage|p1a: Togekiss|279\/374|[from] Stealth Rock
|turn|6
|
|switch|p2a: Blastoise|Blastoise-Mega, F|290\/351
|move|p1a: Togekiss|Defog|p2a: Blastoise
|-unboost|p2a: Blastoise|evasion|1
|-sideend|p1: st123|Stealth Rock|[from] move: Defog|[of] p1a: Togekiss
|
|-heal|p1a: Togekiss|302\/374|[from] item: Leftovers
|turn|7
|
|move|p2a: Blastoise|Water Pulse|p1a: Togekiss
|-damage|p1a: Togekiss|190\/374
|-start|p1a: Togekiss|confusion
|-activate|p1a: Togekiss|confusion
|-damage|p1a: Togekiss|171\/374|[from] confusion
|
|-heal|p1a: Togekiss|194\/374|[from] item: Leftovers
|turn|8
|
|switch|p1a: Ampharos|Ampharos, F|352\/352
|move|p2a: Blastoise|Dragon Pulse|p1a: Ampharos
|-damage|p1a: Ampharos|179\/352
|
|turn|9
|join|Undercover Donut
|
|move|p2a: Blastoise|Water Pulse|p1a: Ampharos
|-damage|p1a: Ampharos|0 fnt
|faint|p1a: Ampharos
|
|
|switch|p1a: Togekiss|Togekiss, F|194\/374
|turn|10
|
|move|p2a: Blastoise|Water Pulse|p1a: Togekiss
|-damage|p1a: Togekiss|80\/374
|-start|p1a: Togekiss|confusion
|-activate|p1a: Togekiss|confusion
|-damage|p1a: Togekiss|62\/374|[from] confusion
|
|-heal|p1a: Togekiss|85\/374|[from] item: Leftovers
|turn|11
|c|âst123|wow
|c|âst123|that sucks
|
|switch|p1a: Hydreigon|Hydreigon, M|325\/325
|move|p2a: Blastoise|Water Pulse|p1a: Hydreigon
|-resisted|p1a: Hydreigon
|-damage|p1a: Hydreigon|224\/325
|
|turn|12
|
|switch|p2a: Slurpuff|Slurpuff, M|326\/326
|move|p1a: Hydreigon|Draco Meteor|p2a: Slurpuff
|-immune|p2a: Slurpuff|[msg]
|
|turn|13
|
|move|p1a: Hydreigon|Flash Cannon|p2a: Slurpuff
|-supereffective|p2a: Slurpuff
|-damage|p2a: Slurpuff|22\/326
|-damage|p1a: Hydreigon|192\/325|[from] item: Life Orb
|-enditem|p2a: Slurpuff|Sitrus Berry|[eat]
|-heal|p2a: Slurpuff|103\/326|[from] item: Sitrus Berry
|move|p2a: Slurpuff|Return|p1a: Hydreigon
|-damage|p1a: Hydreigon|103\/325
|
|turn|14
|
|switch|p1a: Jirachi|Jirachi|341\/341
|move|p2a: Slurpuff|Play Rough|p1a: Jirachi
|-resisted|p1a: Jirachi
|-damage|p1a: Jirachi|285\/341
|
|turn|15
|
|move|p1a: Jirachi|Iron Head|p2a: Slurpuff
|-supereffective|p2a: Slurpuff
|-damage|p2a: Slurpuff|0 fnt
|faint|p2a: Slurpuff
|
|
|switch|p2a: Blastoise|Blastoise-Mega, F|290\/351
|turn|16
|
|move|p1a: Jirachi|Iron Head|p2a: Blastoise
|-resisted|p2a: Blastoise
|-damage|p2a: Blastoise|242\/351
|move|p2a: Blastoise|Water Pulse|p1a: Jirachi
|-damage|p1a: Jirachi|105\/341
|
|turn|17
|
|move|p1a: Jirachi|Iron Head|p2a: Blastoise
|-resisted|p2a: Blastoise
|-damage|p2a: Blastoise|188\/351
|cant|p2a: Blastoise|flinch
|
|turn|18
|
|move|p1a: Jirachi|Iron Head|p2a: Blastoise
|-resisted|p2a: Blastoise
|-damage|p2a: Blastoise|138\/351
|move|p2a: Blastoise|Water Pulse|p1a: Jirachi
|-damage|p1a: Jirachi|0 fnt
|faint|p1a: Jirachi
|
|
|switch|p1a: Hydreigon|Hydreigon, M|103\/325
|turn|19
|
|switch|p2a: Haxorus|Haxorus, F|293\/293
|-ability|p2a: Haxorus|Mold Breaker
|move|p1a: Hydreigon|Dark Pulse|p2a: Haxorus
|-damage|p2a: Haxorus|62\/293
|-damage|p1a: Hydreigon|71\/325|[from] item: Life Orb
|
|turn|20
|
|switch|p2a: Hydreigon|Hydreigon, F|325\/325
|move|p1a: Hydreigon|Dark Pulse|p2a: Hydreigon
|-resisted|p2a: Hydreigon
|-damage|p2a: Hydreigon|221\/325
|-damage|p1a: Hydreigon|39\/325|[from] item: Life Orb
|
|turn|21
|
|switch|p1a: Swampert|Swampert, M|401\/401
|move|p2a: Hydreigon|U-turn|p1a: Swampert
|-damage|p1a: Swampert|361\/401
|
|switch|p2a: Blastoise|Blastoise-Mega, F|138\/351
|
|-heal|p1a: Swampert|386\/401|[from] item: Leftovers
|turn|22
|
|move|p2a: Blastoise|Water Pulse|p1a: Swampert
|-damage|p1a: Swampert|203\/401
|move|p1a: Swampert|Earthquake|p2a: Blastoise
|-damage|p2a: Blastoise|20\/351
|
|-heal|p1a: Swampert|228\/401|[from] item: Leftovers
|turn|23
|
|move|p2a: Blastoise|Water Pulse|p1a: Swampert
|-damage|p1a: Swampert|47\/401
|-start|p1a: Swampert|confusion
|-activate|p1a: Swampert|confusion
|-damage|p1a: Swampert|19\/401|[from] confusion
|
|-heal|p1a: Swampert|44\/401|[from] item: Leftovers
|turn|24
|c|âst123|like ud have lost if it wasnt for that happeneing 3 times
|
|move|p2a: Blastoise|Water Pulse|p1a: Swampert
|-damage|p1a: Swampert|0 fnt
|faint|p1a: Swampert
|
|
|switch|p1a: Hydreigon|Hydreigon, M|39\/325
|turn|25
|
|switch|p2a: Haxorus|Haxorus, F|62\/293
|-ability|p2a: Haxorus|Mold Breaker
|move|p1a: Hydreigon|Dark Pulse|p2a: Haxorus
|-damage|p2a: Haxorus|0 fnt
|-damage|p1a: Hydreigon|7\/325|[from] item: Life Orb
|faint|p2a: Haxorus
|
|
|switch|p2a: Hydreigon|Hydreigon, F|221\/325
|turn|26
|
|switch|p1a: Togekiss|Togekiss, F|85\/374
|move|p2a: Hydreigon|U-turn|p1a: Togekiss
|-resisted|p1a: Togekiss
|-damage|p1a: Togekiss|73\/374
|
|switch|p2a: Blastoise|Blastoise-Mega, F|20\/351
|
|-heal|p1a: Togekiss|96\/374|[from] item: Leftovers
|turn|27
|
|move|p2a: Blastoise|Water Pulse|p1a: Togekiss
|-damage|p1a: Togekiss|0 fnt
|faint|p1a: Togekiss
|
|
|switch|p1a: Hydreigon|Hydreigon, M|7\/325
|turn|28
|
|move|p1a: Hydreigon|Dark Pulse|p2a: Blastoise
|-crit|p2a: Blastoise
|-damage|p2a: Blastoise|0 fnt
|-damage|p1a: Hydreigon|0 fnt|[from] item: Life Orb
|faint|p2a: Blastoise
|faint|p1a: Hydreigon
|
|win|pokeaim
|raw|Ladder updating...
|raw|st123's rating: 1608 &rarr; <strong>1585<\/strong><br \/>(-23 for losing)
|raw|pokeaim's rating: 1557 &rarr; <strong>1580<\/strong><br \/>(+23 for winning)
|c|âst123|bgbg
|leave|pokeaim
|player|p2
|leave|st123
|player|p1
|leave|Undercover Donut