|join|st123
|join|fahad90
|player|p1|st123|153
|player|p2|fahad90|1
|gametype|singles
|gen|6
|tier|UU
|rated
|rule|Sleep Clause Mod: Limit one foe put to sleep
|rule|Species Clause: Limit one of each Pokemon
|rule|OHKO Clause: OHKO moves are banned
|rule|Moody Clause: Moody is banned
|rule|Evasion Moves Clause: Evasion moves are banned
|rule|Endless Battle Clause: Forcing endless battles is banned.
|rule|HP Percentage Mod: HP is reported as percentages
|clearpoke
|poke|p1|Absol, M
|poke|p1|Empoleon, F
|poke|p1|Noivern, M
|poke|p1|Krookodile, F
|poke|p1|Rotom-Heat
|poke|p1|Chandelure, M
|poke|p2|Florges, F
|poke|p2|Toxicroak, F
|poke|p2|Donphan, M
|poke|p2|Hydreigon, M
|poke|p2|Cloyster, F
|poke|p2|Metagross
|teampreview
|
|start
|switch|p1a: Rotom-Heat|Rotom-Heat|303\/303
|switch|p2a: Donphan|Donphan, M|384\/384
|turn|1
|
|move|p1a: Rotom-Heat|Will-O-Wisp|p2a: Donphan
|-status|p2a: Donphan|brn
|move|p2a: Donphan|Earthquake|p1a: Rotom-Heat
|-immune|p1a: Rotom-Heat|[msg]
|
|-damage|p2a: Donphan|336\/384 brn|[from] brn
|turn|2
|
|move|p1a: Rotom-Heat|Overheat|p2a: Donphan
|-damage|p2a: Donphan|80\/384 brn
|-unboost|p1a: Rotom-Heat|spa|2
|move|p2a: Donphan|Stealth Rock|p1a: Rotom-Heat
|-sidestart|p1: st123|move: Stealth Rock
|
|-heal|p2a: Donphan|104\/384 brn|[from] item: Leftovers
|-damage|p2a: Donphan|56\/384 brn|[from] brn
|turn|3
|
|switch|p2a: Hydreigon|Hydreigon, M|325\/325
|move|p1a: Rotom-Heat|Overheat|p2a: Hydreigon
|-resisted|p2a: Hydreigon
|-damage|p2a: Hydreigon|283\/325
|-unboost|p1a: Rotom-Heat|spa|2
|
|turn|4
|
|move|p2a: Hydreigon|U-turn|p1a: Rotom-Heat
|-resisted|p1a: Rotom-Heat
|-damage|p1a: Rotom-Heat|284\/303
|
|switch|p2a: Florges|Florges, F|360\/360
|move|p1a: Rotom-Heat|Pain Split|p2a: Florges
|-sethp|p2a: Florges|322\/360|p1a: Rotom-Heat|303\/303|[from] move: Pain Split
|
|-heal|p2a: Florges|344\/360|[from] item: Leftovers
|turn|5
|
|move|p1a: Rotom-Heat|Volt Switch|p2a: Florges
|-damage|p2a: Florges|326\/360
|
|switch|p1a: Empoleon|Empoleon, F|372\/372
|-damage|p1a: Empoleon|349\/372|[from] Stealth Rock
|move|p2a: Florges|Wish|p2a: Florges
|
|-heal|p2a: Florges|348\/360|[from] item: Leftovers
|-heal|p1a: Empoleon|372\/372|[from] item: Leftovers
|turn|6
|
|switch|p2a: Toxicroak|Toxicroak, F|307\/307
|move|p1a: Empoleon|Defog|p2a: Toxicroak
|-unboost|p2a: Toxicroak|evasion|1
|-sideend|p1: st123|Stealth Rock|[from] move: Defog|[of] p1a: Empoleon
|
|turn|7
|
|switch|p1a: Noivern|Noivern, M|317\/317
|move|p2a: Toxicroak|Drain Punch|p1a: Noivern
|-resisted|p1a: Noivern
|-damage|p1a: Noivern|220\/317
|-damage|p2a: Toxicroak|277\/307|[from] item: Life Orb
|
|turn|8
|
|switch|p2a: Metagross|Metagross|364\/364
|move|p1a: Noivern|Flamethrower|p2a: Metagross
|-supereffective|p2a: Metagross
|-damage|p2a: Metagross|195\/364
|-damage|p1a: Noivern|189\/317|[from] item: Life Orb
|
|turn|9
|
|switch|p1a: Rotom-Heat|Rotom-Heat|303\/303
|move|p2a: Metagross|Bullet Punch|p1a: Rotom-Heat
|-resisted|p1a: Rotom-Heat
|-damage|p1a: Rotom-Heat|290\/303
|
|-heal|p1a: Rotom-Heat|303\/303|[from] item: Leftovers
|turn|10
|
|switch|p2a: Florges|Florges, F|348\/360
|move|p1a: Rotom-Heat|Volt Switch|p2a: Florges
|-damage|p2a: Florges|303\/360
|
|switch|p1a: Chandelure|Chandelure, M|305\/305
|
|-heal|p2a: Florges|325\/360|[from] item: Leftovers
|turn|11
|
|move|p1a: Chandelure|Substitute|p1a: Chandelure
|-start|p1a: Chandelure|Substitute
|-damage|p1a: Chandelure|229\/305
|move|p2a: Florges|Wish|p2a: Florges
|
|-heal|p1a: Chandelure|248\/305|[from] item: Leftovers
|-heal|p2a: Florges|347\/360|[from] item: Leftovers
|turn|12
|join|SMG Legend
|
|switch|p2a: Hydreigon|Hydreigon, M|283\/325
|move|p1a: Chandelure|Calm Mind|p1a: Chandelure
|-boost|p1a: Chandelure|spa|1
|-boost|p1a: Chandelure|spd|1
|
|-heal|p2a: Hydreigon|325\/325|[from] move: Wish|[wisher] Florges
|-heal|p1a: Chandelure|267\/305|[from] item: Leftovers
|turn|13
|
|move|p2a: Hydreigon|Dark Pulse|p1a: Chandelure
|-supereffective|p1a: Chandelure
|-end|p1a: Chandelure|Substitute
|move|p1a: Chandelure|Flamethrower|p2a: Hydreigon
|-resisted|p2a: Hydreigon
|-damage|p2a: Hydreigon|193\/325
|
|-heal|p1a: Chandelure|286\/305|[from] item: Leftovers
|turn|14
|
|switch|p1a: Absol|Absol, M|271\/271
|move|p2a: Hydreigon|Dark Pulse|p1a: Absol
|-resisted|p1a: Absol
|-damage|p1a: Absol|166\/271
|-boost|p1a: Absol|atk|1|[from] ability: Justified
|
|turn|15
|
|switch|p2a: Donphan|Donphan, M|56\/384 brn
|detailschange|p1a: Absol|Absol-Mega, M
|message|Absol has Mega Evolved into Mega Absol!
|move|p1a: Absol|Swords Dance|p1a: Absol
|-boost|p1a: Absol|atk|2
|
|-heal|p2a: Donphan|80\/384 brn|[from] item: Leftovers
|-damage|p2a: Donphan|32\/384 brn|[from] brn
|turn|16
|
|move|p1a: Absol|Swords Dance|p1a: Absol
|-boost|p1a: Absol|atk|2
|move|p2a: Donphan|Earthquake|p1a: Absol
|-damage|p1a: Absol|52\/271
|
|-heal|p2a: Donphan|56\/384 brn|[from] item: Leftovers
|-damage|p2a: Donphan|8\/384 brn|[from] brn
|turn|17
|
|move|p1a: Absol|Sucker Punch|p2a: Donphan
|-damage|p2a: Donphan|0 fnt
|faint|p2a: Donphan
|
|
|switch|p2a: Toxicroak|Toxicroak, F|277\/307
|turn|18
|
|move|p1a: Absol|Sucker Punch|p2a: Toxicroak
|-resisted|p2a: Toxicroak
|-damage|p2a: Toxicroak|0 fnt
|faint|p2a: Toxicroak
|
|
|switch|p2a: Cloyster|Cloyster, F|242\/242
|turn|19
|
|move|p1a: Absol|Knock Off|p2a: Cloyster
|-enditem|p2a: Cloyster|Focus Sash
|-damage|p2a: Cloyster|1\/242
|move|p2a: Cloyster|Shell Smash|p2a: Cloyster
|-boost|p2a: Cloyster|atk|2
|-boost|p2a: Cloyster|spa|2
|-boost|p2a: Cloyster|spe|2
|-unboost|p2a: Cloyster|def|1
|-unboost|p2a: Cloyster|spd|1
|
|turn|20
|
|switch|p1a: Empoleon|Empoleon, F|372\/372
|move|p2a: Cloyster|Ice Shard|p1a: Empoleon
|-resisted|p1a: Empoleon
|-damage|p1a: Empoleon|336\/372
|
|-heal|p1a: Empoleon|359\/372|[from] item: Leftovers
|turn|21
|-message|fahad90 forfeited.
|
|win|st123
|raw|Ladder updating...
|raw|st123's rating: 1634 &rarr; <strong>1648<\/strong><br \/>(+14 for winning)
|raw|fahad90's rating: 1524 &rarr; <strong>1510<\/strong><br \/>(-14 for losing)
|leave|fahad90
|player|p2
|leave|st123
|player|p1