|join|st123
|join|Stingbeanz
|player|p1|st123|153
|player|p2|Stingbeanz|114
|gametype|singles
|gen|6
|tier|UU
|rated
|rule|Sleep Clause Mod: Limit one foe put to sleep
|rule|Species Clause: Limit one of each PokÃ©mon
|rule|OHKO Clause: OHKO moves are banned
|rule|Moody Clause: Moody is banned
|rule|Evasion Moves Clause: Evasion moves are banned
|rule|Endless Battle Clause: Forcing endless battles is banned
|rule|HP Percentage Mod: HP is shown in percentages
|clearpoke
|poke|p1|Smeargle, F
|poke|p1|Espeon, F
|poke|p1|Cottonee, F
|poke|p1|Whimsicott, F
|poke|p1|Azelf
|poke|p1|Alakazam, M
|poke|p2|Reuniclus, M
|poke|p2|Umbreon, M
|poke|p2|Cofagrigus, M
|poke|p2|Machamp, M
|poke|p2|Zangoose, M
|poke|p2|Ampharos, M
|rule|Swagger Clause: Swagger is banned
|rule|Baton Pass Clause: Limit one PokÃ©mon knowing Baton Pass
|teampreview
|
|start
|switch|p1a: Cottonee|Cottonee, F|284\/284
|switch|p2a: Sgt.D|Machamp, M|384\/384
|turn|1
|
|move|p1a: Cottonee|Tailwind|p1a: Cottonee
|-sidestart|p1: st123|move: Tailwind
|move|p2a: Sgt.D|Bullet Punch|p1a: Cottonee
|-supereffective|p1a: Cottonee
|-damage|p1a: Cottonee|128\/284
|
|turn|2
|
|move|p1a: Cottonee|Memento|p2a: Sgt.D
|-unboost|p2a: Sgt.D|atk|2
|-unboost|p2a: Sgt.D|spa|2
|faint|p1a: Cottonee
|move|p2a: Sgt.D|Bullet Punch|p1: Cottonee|[notarget]
|-notarget
|
|
|switch|p1a: Azelf|Azelf|354\/354
|turn|3
|
|switch|p2a: Bruce|Zangoose, M|287\/287
|move|p1a: Azelf|Reflect|p1a: Azelf
|-sidestart|p1: st123|Reflect
|
|-status|p2a: Bruce|tox|[from] item: Toxic Orb
|turn|4
|
|move|p1a: Azelf|Light Screen|p1a: Azelf
|-sidestart|p1: st123|move: Light Screen
|move|p2a: Bruce|Night Slash|p1a: Azelf
|-supereffective|p1a: Azelf
|-damage|p1a: Azelf|206\/354
|
|-damage|p2a: Bruce|270\/287 tox|[from] psn
|-sideend|p1: st123|move: Tailwind
|turn|5
|
|move|p1a: Azelf|Explosion|p2a: Bruce
|-damage|p2a: Bruce|0 fnt
|faint|p1a: Azelf
|faint|p2a: Bruce
|
|
|switch|p1a: Whimsicott|Whimsicott, F|324\/324
|switch|p2a: Aaron|Umbreon, M|394\/394
|turn|6
|
|move|p1a: Whimsicott|Tailwind|p1a: Whimsicott
|-sidestart|p1: st123|move: Tailwind
|move|p2a: Aaron|Yawn|p1a: Whimsicott
|-start|p1a: Whimsicott|move: Yawn|[of] p2a: Aaron
|
|turn|7
|
|switch|p2a: Cofagrigus|Cofagrigus, M|320\/320
|move|p1a: Whimsicott|Memento|p2a: Cofagrigus
|-unboost|p2a: Cofagrigus|atk|2
|-unboost|p2a: Cofagrigus|spa|2
|faint|p1a: Whimsicott
|
|
|switch|p1a: Smeargle|Smeargle, F|275\/275
|turn|8
|
|move|p1a: Smeargle|Quiver Dance|p1a: Smeargle
|-boost|p1a: Smeargle|spa|1
|-boost|p1a: Smeargle|spd|1
|-boost|p1a: Smeargle|spe|1
|move|p2a: Cofagrigus|Knock Off|p1a: Smeargle
|-damage|p1a: Smeargle|256\/275
|-enditem|p1a: Smeargle|Focus Sash|[from] move: Knock Off|[of] p2a: Cofagrigus
|
|turn|9
|
|move|p1a: Smeargle|Cotton Guard|p1a: Smeargle
|-boost|p1a: Smeargle|def|3
|move|p2a: Cofagrigus|Will-O-Wisp|p1a: Smeargle
|-status|p1a: Smeargle|brn
|
|-damage|p1a: Smeargle|222\/275 brn|[from] brn
|-sideend|p1: st123|move: Tailwind
|turn|10
|join|King UU
|
|switch|p2a: Aaron|Umbreon, M|394\/394
|move|p1a: Smeargle|Quiver Dance|p1a: Smeargle
|-boost|p1a: Smeargle|spa|1
|-boost|p1a: Smeargle|spd|1
|-boost|p1a: Smeargle|spe|1
|
|-damage|p1a: Smeargle|188\/275 brn|[from] brn
|-sideend|p1: st123|Reflect
|turn|11
|join|Swagbacca
|
|move|p1a: Smeargle|Spore|p2a: Aaron
|-status|p2a: Aaron|slp
|cant|p2a: Aaron|slp
|
|-damage|p1a: Smeargle|154\/275 brn|[from] brn
|-sideend|p1: st123|move: Light Screen
|turn|12
|
|switch|p2a: Sgt.D|Machamp, M|384\/384
|move|p1a: Smeargle|Baton Pass|p1a: Smeargle
|
|switch|p1a: Espeon|Espeon, F|321\/321
|
|turn|13
|
|move|p2a: Sgt.D|Bullet Punch|p1a: Espeon
|-damage|p1a: Espeon|300\/321
|move|p1a: Espeon|Stored Power|p2a: Sgt.D
|-supereffective|p2a: Sgt.D
|-damage|p2a: Sgt.D|0 fnt
|faint|p2a: Sgt.D
|
|-heal|p1a: Espeon|320\/321|[from] item: Leftovers
|
|switch|p2a: Aaron|Umbreon, M|394\/394 slp
|turn|14
|
|move|p1a: Espeon|Substitute|p1a: Espeon
|-start|p1a: Espeon|Substitute
|-damage|p1a: Espeon|240\/321
|cant|p2a: Aaron|slp
|
|-heal|p1a: Espeon|260\/321|[from] item: Leftovers
|turn|15
|
|move|p1a: Espeon|Dazzling Gleam|p2a: Aaron
|-supereffective|p2a: Aaron
|-damage|p2a: Aaron|200\/394 slp
|-curestatus|p2a: Aaron|slp
|move|p2a: Aaron|Yawn|p1a: Espeon
|move|p1a: Espeon|Yawn|p2a: Aaron|[from]Magic Bounce
|-start|p2a: Aaron|move: Yawn|[of] p1a: Espeon
|
|-heal|p1a: Espeon|280\/321|[from] item: Leftovers
|-heal|p2a: Aaron|224\/394|[from] item: Leftovers
|turn|16
|-message|Stingbeanz forfeited.
|
|win|st123
|raw|Ladder updating...
|leave|Stingbeanz
|player|p2
|raw|st123's rating: 1540 &rarr; <strong>1553<\/strong><br \/>(+13 for winning)
|raw|Stingbeanz's rating: 1417 &rarr; <strong>1404<\/strong><br \/>(-13 for losing)