|join|Hack
|join|st123
|player|p1|Hack|10
|player|p2|st123|170
|gametype|singles
|gen|6
|tier|UU
|rule|Sleep Clause Mod: Limit one foe put to sleep
|rule|Species Clause: Limit one of each PokÃ©mon
|rule|OHKO Clause: OHKO moves are banned
|rule|Moody Clause: Moody is banned
|rule|Evasion Moves Clause: Evasion moves are banned
|rule|Endless Battle Clause: Forcing endless battles is banned
|rule|HP Percentage Mod: HP is reported as percentages
|clearpoke
|poke|p1|Azelf
|poke|p1|Hydreigon, F
|poke|p1|Aerodactyl, F
|poke|p1|Suicune
|poke|p1|Lucario, F
|poke|p1|Chandelure, M
|poke|p2|Froslass, F
|poke|p2|Sableye, F
|poke|p2|Lucario, F, shiny
|poke|p2|Swampert, M
|poke|p2|Roserade, F
|poke|p2|Noivern, F
|rule|Swagger Clause: Swagger is banned
|rule|Baton Pass Clause: Limit one PokÃ©mon knowing Baton Pass
|teampreview
|chat|Hack|glhl
|chat|Hack|hf
|chat|st123|u2
|chat|Hack|and give me once second
|chat|st123|yup np
|join|urskog
|join|el poeta
|join|Kushalos
|chat|el poeta|is for uu open?
|chat|el poeta|.trl
|join|Isa RC
|leave|urskog
|chat|Hack|n
|chat|Hack|just some tour
|chat|el poeta|oh, gl hack rap
|chat|el poeta|o_o
|join|Imanalt
|chat|Hack|rap game hack
|
|start
|switch|p1a: muh rocks|Azelf|291\/291
|switch|p2a: Sableye|Sableye, F|303\/303
|turn|1
|join|Joy Dance
|
|move|p2a: Sableye|Taunt|p1a: muh rocks
|-start|p1a: muh rocks|move: Taunt
|cant|p1a: muh rocks|move: Taunt|Stealth Rock
|
|turn|2
|join|Nog
|
|switch|p1a: Suicune|Suicune|404\/404
|-ability|p1a: Suicune|Pressure
|move|p2a: Sableye|Knock Off|p1a: Suicune
|-damage|p1a: Suicune|346\/404
|-enditem|p1a: Suicune|Leftovers|[from] move: Knock Off|[of] p2a: Sableye
|
|turn|3
|
|switch|p1a: muh rocks|Azelf|291\/291
|switch|p2a: Roserade|Roserade, F|261\/261
|
|turn|4
|chat|el poeta|.predict
|
|move|p1a: muh rocks|Stealth Rock|p2a: Roserade
|-sidestart|p2: st123|move: Stealth Rock
|move|p2a: Roserade|Sleep Powder|p1a: muh rocks
|-status|p1a: muh rocks|slp
|
|turn|5
|chat|Hack|no fear
|
|switch|p1a: Doge check|Chandelure, M|261\/261
|move|p2a: Roserade|Giga Drain|p1a: Doge check
|-resisted|p1a: Doge check
|-damage|p1a: Doge check|164\/261
|-damage|p2a: Roserade|235\/261|[from] item: Life Orb
|
|turn|6
|join|Astounded
|
|switch|p1a: BWAHAHAHAHA|Hydreigon, F|325\/325
|switch|p2a: Swampert|Swampert, M|404\/404
|-damage|p2a: Swampert|379\/404|[from] Stealth Rock
|
|-heal|p2a: Swampert|404\/404|[from] item: Leftovers
|turn|7
|
|move|p1a: BWAHAHAHAHA|Draco Meteor|p2a: Swampert
|-damage|p2a: Swampert|118\/404
|-unboost|p1a: BWAHAHAHAHA|spa|2
|-damage|p1a: BWAHAHAHAHA|293\/325|[from] item: Life Orb
|move|p2a: Swampert|Stealth Rock|p1a: BWAHAHAHAHA
|-sidestart|p1: Hack|move: Stealth Rock
|
|-heal|p2a: Swampert|143\/404|[from] item: Leftovers
|turn|8
|
|switch|p2a: Sableye|Sableye, F|303\/303
|-damage|p2a: Sableye|266\/303|[from] Stealth Rock
|move|p1a: BWAHAHAHAHA|Draco Meteor|p2a: Sableye|[miss]
|-miss|p1a: BWAHAHAHAHA|p2a: Sableye
|
|-heal|p2a: Sableye|284\/303|[from] item: Leftovers
|turn|9
|
|switch|p1a: Suicune|Suicune|346\/404
|-damage|p1a: Suicune|296\/404|[from] Stealth Rock
|-ability|p1a: Suicune|Pressure
|move|p2a: Sableye|Will-O-Wisp|p1a: Suicune
|-status|p1a: Suicune|brn
|
|-heal|p2a: Sableye|302\/303|[from] item: Leftovers
|-damage|p1a: Suicune|246\/404 brn|[from] brn
|turn|10
|
|switch|p2a: Froslass|Froslass, F|281\/281
|-damage|p2a: Froslass|211\/281|[from] Stealth Rock
|move|p1a: Suicune|Scald|p2a: Froslass
|-damage|p2a: Froslass|94\/281
|-start|p1a: Suicune|Disable|Scald
|
|-damage|p1a: Suicune|196\/404 brn|[from] brn
|turn|11
|
|move|p2a: Froslass|Taunt|p1a: Suicune
|-start|p1a: Suicune|move: Taunt
|cant|p1a: Suicune|move: Taunt|Roar
|
|-damage|p1a: Suicune|146\/404 brn|[from] brn
|turn|12
|
|switch|p1a: Doge check|Chandelure, M|164\/261
|-damage|p1a: Doge check|99\/261|[from] Stealth Rock
|move|p2a: Froslass|Spikes|p1a: Doge check
|-sidestart|p1: Hack|Spikes
|
|turn|13
|
|move|p1a: Doge check|Shadow Ball|p2a: Froslass
|-supereffective|p2a: Froslass
|-damage|p2a: Froslass|0 fnt
|-start|p1a: Doge check|Disable|Shadow Ball
|faint|p2a: Froslass
|
|
|switch|p2a: Sableye|Sableye, F|302\/303
|-damage|p2a: Sableye|265\/303|[from] Stealth Rock
|turn|14
|chat|Hack|man
|chat|Hack|your body
|chat|Hack|op
|
|switch|p1a: Suicune|Suicune|146\/404 brn
|-damage|p1a: Suicune|96\/404 brn|[from] Stealth Rock
|-damage|p1a: Suicune|46\/404 brn|[from] Spikes
|-ability|p1a: Suicune|Pressure
|move|p2a: Sableye|Knock Off|p1a: Suicune
|-damage|p1a: Suicune|6\/404 brn
|
|-heal|p2a: Sableye|283\/303|[from] item: Leftovers
|-damage|p1a: Suicune|0 fnt|[from] brn
|faint|p1a: Suicune
|chat|Isa RC|let the bodies hit the floor
|chat|Astounded|0.0
|
|switch|p1a: BWAHAHAHAHA|Hydreigon, F|293\/325
|-damage|p1a: BWAHAHAHAHA|253\/325|[from] Stealth Rock
|turn|15
|
|move|p2a: Sableye|Will-O-Wisp|p1a: BWAHAHAHAHA
|-status|p1a: BWAHAHAHAHA|brn
|move|p1a: BWAHAHAHAHA|Dark Pulse|p2a: Sableye
|-damage|p2a: Sableye|102\/303
|-damage|p1a: BWAHAHAHAHA|221\/325 brn|[from] item: Life Orb
|
|-heal|p2a: Sableye|120\/303|[from] item: Leftovers
|-damage|p1a: BWAHAHAHAHA|181\/325 brn|[from] brn
|turn|16
|
|switch|p2a: Swampert|Swampert, M|143\/404
|-damage|p2a: Swampert|118\/404|[from] Stealth Rock
|move|p1a: BWAHAHAHAHA|Draco Meteor|p2a: Swampert
|-damage|p2a: Swampert|0 fnt
|-unboost|p1a: BWAHAHAHAHA|spa|2
|-damage|p1a: BWAHAHAHAHA|149\/325 brn|[from] item: Life Orb
|faint|p2a: Swampert
|
|-damage|p1a: BWAHAHAHAHA|109\/325 brn|[from] brn
|join|kloshitteroladelo
|
|switch|p2a: Sableye|Sableye, F|120\/303
|-damage|p2a: Sableye|83\/303|[from] Stealth Rock
|turn|17
|
|switch|p1a: Doge check|Chandelure, M|99\/261
|-damage|p1a: Doge check|34\/261|[from] Stealth Rock
|-damage|p1a: Doge check|2\/261|[from] Spikes
|move|p2a: Sableye|Recover|p2a: Sableye
|-heal|p2a: Sableye|235\/303
|
|-heal|p2a: Sableye|253\/303|[from] item: Leftovers
|turn|18
|leave|kloshitteroladelo
|
|move|p1a: Doge check|Fire Blast|p2a: Sableye
|-damage|p2a: Sableye|36\/303
|-status|p2a: Sableye|brn
|move|p2a: Sableye|Knock Off|p1a: Doge check
|-supereffective|p1a: Doge check
|-damage|p1a: Doge check|0 fnt
|-enditem|p1a: Doge check|Choice Scarf|[from] move: Knock Off|[of] p2a: Sableye
|faint|p1a: Doge check
|
|-heal|p2a: Sableye|54\/303 brn|[from] item: Leftovers
|-damage|p2a: Sableye|17\/303 brn|[from] brn
|
|switch|p1a: BWAHAHAHAHA|Hydreigon, F|109\/325 brn
|-damage|p1a: BWAHAHAHAHA|69\/325 brn|[from] Stealth Rock
|turn|19
|
|move|p2a: Sableye|Recover|p2a: Sableye
|-heal|p2a: Sableye|169\/303 brn
|move|p1a: BWAHAHAHAHA|Dark Pulse|p2a: Sableye
|-damage|p2a: Sableye|1\/303 brn
|-damage|p1a: BWAHAHAHAHA|37\/325 brn|[from] item: Life Orb
|
|-heal|p2a: Sableye|19\/303 brn|[from] item: Leftovers
|-damage|p1a: BWAHAHAHAHA|0 fnt|[from] brn
|-damage|p2a: Sableye|0 fnt|[from] brn
|faint|p1a: BWAHAHAHAHA
|faint|p2a: Sableye
|
|switch|p2a: Noivern|Noivern, F|311\/311
|-damage|p2a: Noivern|234\/311|[from] Stealth Rock
|switch|p1a: Doge|Lucario, F|281\/281
|-damage|p1a: Doge|246\/281|[from] Spikes
|-damage|p1a: Doge|238\/281|[from] Stealth Rock
|turn|20
|
|move|p1a: Doge|Extreme Speed|p2a: Noivern
|-damage|p2a: Noivern|99\/311
|-damage|p1a: Doge|210\/281|[from] item: Life Orb
|move|p2a: Noivern|Flamethrower|p1a: Doge
|-supereffective|p1a: Doge
|-damage|p1a: Doge|0 fnt
|faint|p1a: Doge
|
|
|switch|p1a: Doge Check #2|Aerodactyl, F|331\/331
|-damage|p1a: Doge Check #2|249\/331|[from] Stealth Rock
|turn|21
|
|detailschange|p1a: Doge Check #2|Aerodactyl-Mega, F
|message|Aerodactyl has Mega Evolved into Mega Aerodactyl!
|move|p2a: Noivern|Draco Meteor|p1a: Doge Check #2
|-damage|p1a: Doge Check #2|29\/331
|-unboost|p2a: Noivern|spa|2
|move|p1a: Doge Check #2|Crunch|p2a: Noivern
|-damage|p2a: Noivern|0 fnt
|faint|p2a: Noivern
|
|
|switch|p2a: Lucario|Lucario, F, shiny|281\/281
|-damage|p2a: Lucario|273\/281|[from] Stealth Rock
|turn|22
|chat|Kushalos|wow wut
|
|move|p2a: Lucario|Extreme Speed|p1a: Doge Check #2
|-resisted|p1a: Doge Check #2
|-damage|p1a: Doge Check #2|0 fnt
|-damage|p2a: Lucario|245\/281|[from] item: Life Orb
|faint|p1a: Doge Check #2
|
|chat|Kushalos|no choiced
|chat|Hack|damn gg
|
|switch|p1a: muh rocks|Azelf|291\/291 slp
|-damage|p1a: muh rocks|255\/291 slp|[from] Stealth Rock
|turn|23
|leave|el poeta
|
|move|p2a: Lucario|Extreme Speed|p1a: muh rocks
|-crit|p1a: muh rocks
|-damage|p1a: muh rocks|4\/291 slp
|-damage|p2a: Lucario|217\/281|[from] item: Life Orb
|cant|p1a: muh rocks|slp
|
|turn|24
|chat|st123|gg
|
|move|p2a: Lucario|Extreme Speed|p1a: muh rocks
|-damage|p1a: muh rocks|0 fnt
|-damage|p2a: Lucario|189\/281|[from] item: Life Orb
|faint|p1a: muh rocks
|
|win|st123
|leave|Isa RC
|leave|Hack
|player|p1