|join|Bud Hertz
|join|st123
|player|p1|Bud Hertz|45
|player|p2|st123|153
|gametype|singles
|gen|6
|tier|UU
|rated
|rule|Sleep Clause Mod: Limit one foe put to sleep
|rule|Species Clause: Limit one of each PokÃ©mon
|rule|OHKO Clause: OHKO moves are banned
|rule|Moody Clause: Moody is banned
|rule|Evasion Moves Clause: Evasion moves are banned
|rule|Endless Battle Clause: Forcing endless battles is banned
|rule|HP Percentage Mod: HP is shown in percentages
|clearpoke
|poke|p1|Lucario, M
|poke|p1|Aerodactyl, M
|poke|p1|Granbull, F
|poke|p1|Nidoqueen, F
|poke|p1|Celebi
|poke|p1|Infernape, F
|poke|p2|Alakazam, M
|poke|p2|Mienshao, F
|poke|p2|Magneton
|poke|p2|Hydreigon, M
|poke|p2|Gligar, F
|poke|p2|Vaporeon, M
|rule|Swagger Clause: Swagger is banned
|rule|Baton Pass Clause: Limit one PokÃ©mon knowing Baton Pass
|teampreview
|
|start
|switch|p1a: Nidoqueen|Nidoqueen, F|329\/329
|switch|p2a: Mienshao|Mienshao, F|271\/271
|turn|1
|join|asdlkf
|
|move|p2a: Mienshao|U-turn|p1a: Nidoqueen
|-resisted|p1a: Nidoqueen
|-damage|p1a: Nidoqueen|285\/329
|
|switch|p2a: Vaporeon|Vaporeon, M|449\/449
|move|p1a: Nidoqueen|Stealth Rock|p2a: Vaporeon
|-sidestart|p2: st123|move: Stealth Rock
|
|turn|2
|
|switch|p1a: Celebi|Celebi|341\/341
|move|p2a: Vaporeon|Scald|p1a: Celebi
|-resisted|p1a: Celebi
|-damage|p1a: Celebi|293\/341
|
|-heal|p1a: Celebi|314\/341|[from] item: Leftovers
|turn|3
|
|switch|p2a: Gligar|Gligar, F|333\/333
|-damage|p2a: Gligar|292\/333|[from] Stealth Rock
|move|p1a: Celebi|Swords Dance|p1a: Celebi
|-boost|p1a: Celebi|atk|2
|
|-heal|p1a: Celebi|335\/341|[from] item: Leftovers
|turn|4
|
|move|p1a: Celebi|Seed Bomb|p2a: Gligar
|-damage|p2a: Gligar|130\/333
|move|p2a: Gligar|U-turn|p1a: Celebi
|-supereffective|p1a: Celebi
|-damage|p1a: Celebi|159\/341
|
|switch|p2a: Mienshao|Mienshao, F|271\/271
|-damage|p2a: Mienshao|255\/271|[from] Stealth Rock
|
|-heal|p1a: Celebi|180\/341|[from] item: Leftovers
|turn|5
|
|switch|p1a: Infernape|Infernape, F|293\/293
|move|p2a: Mienshao|U-turn|p1a: Infernape
|-resisted|p1a: Infernape
|-damage|p1a: Infernape|265\/293
|
|switch|p2a: Vaporeon|Vaporeon, M|449\/449
|-damage|p2a: Vaporeon|393\/449|[from] Stealth Rock
|
|-heal|p2a: Vaporeon|421\/449|[from] item: Leftovers
|turn|6
|
|move|p1a: Infernape|U-turn|p2a: Vaporeon
|-damage|p2a: Vaporeon|348\/449
|
|switch|p1a: Celebi|Celebi|180\/341
|move|p2a: Vaporeon|Wish|p2a: Vaporeon
|
|-heal|p1a: Celebi|201\/341|[from] item: Leftovers
|-heal|p2a: Vaporeon|376\/449|[from] item: Leftovers
|turn|7
|
|switch|p2a: Gligar|Gligar, F|130\/333
|-damage|p2a: Gligar|89\/333|[from] Stealth Rock
|move|p1a: Celebi|Baton Pass|p1a: Celebi
|
|switch|p1a: Nidoqueen|Nidoqueen, F|285\/329
|
|-heal|p2a: Gligar|313\/333|[from] move: Wish|[wisher] Vaporeon
|turn|8
|
|switch|p2a: Vaporeon|Vaporeon, M|376\/449
|-damage|p2a: Vaporeon|320\/449|[from] Stealth Rock
|move|p1a: Nidoqueen|Earth Power|p2a: Vaporeon
|-damage|p2a: Vaporeon|124\/449
|
|-heal|p2a: Vaporeon|152\/449|[from] item: Leftovers
|turn|9
|
|move|p2a: Vaporeon|Protect|p2a: Vaporeon
|-singleturn|p2a: Vaporeon|Protect
|move|p1a: Nidoqueen|Ice Beam|p2a: Vaporeon
|-activate|p2a: Vaporeon|Protect
|
|-heal|p2a: Vaporeon|180\/449|[from] item: Leftovers
|turn|10
|
|switch|p2a: Hydreigon|Hydreigon, M|325\/325
|-damage|p2a: Hydreigon|285\/325|[from] Stealth Rock
|move|p1a: Nidoqueen|Sludge Wave|p2a: Hydreigon
|-damage|p2a: Hydreigon|38\/325
|
|turn|11
|
|switch|p1a: Granbull|Granbull, F|351\/351
|-ability|p1a: Granbull|Intimidate|[of] p2a: Hydreigon
|-unboost|p2a: Hydreigon|atk|1
|move|p2a: Hydreigon|Dark Pulse|p1a: Granbull
|-resisted|p1a: Granbull
|-damage|p1a: Granbull|213\/351
|-damage|p2a: Hydreigon|6\/325|[from] item: Life Orb
|
|-heal|p1a: Granbull|234\/351|[from] item: Leftovers
|turn|12
|c|âBud Hertz|ugh
|c|âBud Hertz|that still does
|c|âBud Hertz|too much
|
|move|p2a: Hydreigon|Dark Pulse|p1a: Granbull
|-resisted|p1a: Granbull
|-damage|p1a: Granbull|105\/351
|-damage|p2a: Hydreigon|0 fnt|[from] item: Life Orb
|faint|p2a: Hydreigon
|move|p1a: Granbull|Thunder Wave|p2: Hydreigon|[notarget]
|-notarget
|
|-heal|p1a: Granbull|126\/351|[from] item: Leftovers
|
|switch|p2a: Alakazam|Alakazam, M|252\/252
|turn|13
|
|move|p2a: Alakazam|Shadow Ball|p1a: Granbull
|-damage|p1a: Granbull|0 fnt
|faint|p1a: Granbull
|
|
|switch|p1a: Infernape|Infernape, F|265\/293
|turn|14
|
|switch|p2a: Gligar|Gligar, F|313\/333
|-damage|p2a: Gligar|272\/333|[from] Stealth Rock
|move|p1a: Infernape|U-turn|p2a: Gligar
|-resisted|p2a: Gligar
|-damage|p2a: Gligar|250\/333
|
|switch|p1a: Nidoqueen|Nidoqueen, F|285\/329
|
|turn|15
|
|switch|p2a: Vaporeon|Vaporeon, M|180\/449
|-damage|p2a: Vaporeon|124\/449|[from] Stealth Rock
|move|p1a: Nidoqueen|Ice Beam|p2a: Vaporeon
|-resisted|p2a: Vaporeon
|-damage|p2a: Vaporeon|63\/449
|
|-heal|p2a: Vaporeon|91\/449|[from] item: Leftovers
|turn|16
|
|move|p1a: Nidoqueen|Earth Power|p2a: Vaporeon
|-damage|p2a: Vaporeon|0 fnt
|faint|p2a: Vaporeon
|
|
|switch|p2a: Alakazam|Alakazam, M|252\/252
|turn|17
|
|switch|p1a: Celebi|Celebi|201\/341
|move|p2a: Alakazam|Psyshock|p1a: Celebi
|-resisted|p1a: Celebi
|-damage|p1a: Celebi|114\/341
|
|-heal|p1a: Celebi|135\/341|[from] item: Leftovers
|turn|18
|
|move|p2a: Alakazam|Shadow Ball|p1a: Celebi
|-supereffective|p1a: Celebi
|-damage|p1a: Celebi|0 fnt
|faint|p1a: Celebi
|
|
|switch|p1a: Aerodactyl|Aerodactyl, M|302\/302
|-ability|p1a: Aerodactyl|Pressure
|turn|19
|
|detailschange|p1a: Aerodactyl|Aerodactyl-Mega, M
|message|Aerodactyl has Mega Evolved into Mega Aerodactyl!
|move|p2a: Alakazam|Psyshock|p1a: Aerodactyl
|-damage|p1a: Aerodactyl|84\/302
|move|p1a: Aerodactyl|Pursuit|p2a: Alakazam
|-supereffective|p2a: Alakazam
|-damage|p2a: Alakazam|0 fnt
|faint|p2a: Alakazam
|
|c|âBud Hertz|oh
|
|switch|p2a: Mienshao|Mienshao, F|255\/271
|-damage|p2a: Mienshao|239\/271|[from] Stealth Rock
|turn|20
|
|switch|p1a: Nidoqueen|Nidoqueen, F|285\/329
|move|p2a: Mienshao|High Jump Kick|p1a: Nidoqueen
|-resisted|p1a: Nidoqueen
|-damage|p1a: Nidoqueen|128\/329
|
|turn|21
|
|switch|p1a: Aerodactyl|Aerodactyl-Mega, M|84\/302
|move|p2a: Mienshao|High Jump Kick|p1a: Aerodactyl
|-damage|p1a: Aerodactyl|0 fnt
|faint|p1a: Aerodactyl
|
|
|switch|p1a: Infernape|Infernape, F|265\/293
|turn|22
|
|move|p1a: Infernape|U-turn|p2a: Mienshao
|-resisted|p2a: Mienshao
|-damage|p2a: Mienshao|188\/271
|c| asdlkf|lol
|c|âBud Hertz|welp
|c|âBud Hertz|thats it
|c|âBud Hertz|unless miss pl0x
|
|switch|p1a: Lucario|Lucario, M|281\/281
|move|p2a: Mienshao|High Jump Kick|p1a: Lucario
|-supereffective|p1a: Lucario
|-damage|p1a: Lucario|0 fnt
|faint|p1a: Lucario
|
|c|âst123|why not just spam blitz
|
|switch|p1a: Infernape|Infernape, F|265\/293
|turn|23
|
|move|p1a: Infernape|Flare Blitz|p2a: Mienshao
|-damage|p2a: Mienshao|0 fnt
|-damage|p1a: Infernape|203\/293|[from] recoil|[of] p2a: Mienshao
|faint|p2a: Mienshao
|
|c|âBud Hertz|idk
|c|âBud Hertz|gligar
|
|switch|p2a: Gligar|Gligar, F|250\/333
|-damage|p2a: Gligar|209\/333|[from] Stealth Rock
|turn|24
|c|âBud Hertz|i guess
|
|move|p1a: Infernape|Flare Blitz|p2a: Gligar
|-damage|p2a: Gligar|89\/333
|-damage|p1a: Infernape|163\/293|[from] recoil|[of] p2a: Gligar
|move|p2a: Gligar|Earthquake|p1a: Infernape
|-supereffective|p1a: Infernape
|-damage|p1a: Infernape|0 fnt
|faint|p1a: Infernape
|
|c|âBud Hertz|didn't realize
|c|âBud Hertz|i 2hko
|c|âBud Hertz|lol
|
|switch|p1a: Nidoqueen|Nidoqueen, F|128\/329
|turn|25
|c|âst123|its spdef
|
|move|p1a: Nidoqueen|Ice Beam|p2a: Gligar
|-supereffective|p2a: Gligar
|-damage|p2a: Gligar|0 fnt
|faint|p2a: Gligar
|
|
|switch|p2a: Magneton|Magneton|259\/259
|-damage|p2a: Magneton|243\/259|[from] Stealth Rock
|turn|26
|c|âst123|dont be fast
|c|âBud Hertz|timid queen
|c|âBud Hertz|imo
|
|move|p1a: Nidoqueen|Earth Power|p2a: Magneton
|-supereffective|p2a: Magneton
|-damage|p2a: Magneton|0 fnt
|faint|p2a: Magneton
|
|win|Bud Hertz
|raw|Ladder updating...
|raw|Bud Hertz's rating: 1538 &rarr; <strong>1561<\/strong><br \/>(+23 for winning)
|raw|st123's rating: 1596 &rarr; <strong>1573<\/strong><br \/>(-23 for losing)
|c|âBud Hertz|gg man
|c|âst123|fu
|c|âBud Hertz|lol
|c|âst123|gg
|leave|Bud Hertz
|player|p1
|leave|st123
|player|p2