|join|st123
|join|assonellamanica
|player|p1|st123|153
|player|p2|assonellamanica|102
|gametype|singles
|gen|6
|tier|UU
|rated
|rule|Sleep Clause Mod: Limit one foe put to sleep
|rule|Species Clause: Limit one of each PokÃ©mon
|rule|OHKO Clause: OHKO moves are banned
|rule|Moody Clause: Moody is banned
|rule|Evasion Moves Clause: Evasion moves are banned
|rule|Endless Battle Clause: Forcing endless battles is banned
|rule|HP Percentage Mod: HP is shown in percentages
|clearpoke
|poke|p1|Jirachi
|poke|p1|Hydreigon, F
|poke|p1|Togekiss, M
|poke|p1|Swampert, M
|poke|p1|Ampharos, F
|poke|p1|Victini
|poke|p2|Eelektross, M
|poke|p2|Whimsicott, F
|poke|p2|Liepard, M
|poke|p2|Druddigon, F
|poke|p2|Hitmontop, M
|poke|p2|Aromatisse, M
|rule|Swagger Clause: Swagger is banned
|rule|Baton Pass Clause: Limit one PokÃ©mon knowing Baton Pass
|teampreview
|
|start
|switch|p1a: Ampharos|Ampharos, F|352\/352
|switch|p2a: Druddigon|Druddigon, F|357\/357
|turn|1
|
|detailschange|p1a: Ampharos|Ampharos-Mega, F
|message|Ampharos has Mega Evolved into Mega Ampharos!
|-ability|p1a: Ampharos|Mold Breaker
|move|p1a: Ampharos|Dragon Pulse|p2a: Druddigon
|-supereffective|p2a: Druddigon
|-damage|p2a: Druddigon|0 fnt
|faint|p2a: Druddigon
|
|
|switch|p2a: Hitmontop|Hitmontop, M|303\/303
|-ability|p2a: Hitmontop|Intimidate|[of] p1a: Ampharos
|-unboost|p1a: Ampharos|atk|1
|turn|2
|join|EyanZ
|
|move|p2a: Hitmontop|High Jump Kick|p1a: Ampharos
|-damage|p1a: Ampharos|172\/352
|move|p1a: Ampharos|Volt Switch|p2a: Hitmontop
|-damage|p2a: Hitmontop|198\/303
|
|switch|p1a: Victini|Victini|341\/341
|
|turn|3
|
|switch|p2a: Whimsicott|Whimsicott, F|323\/323
|move|p1a: Victini|V-create|p2a: Whimsicott
|-supereffective|p2a: Whimsicott
|-damage|p2a: Whimsicott|0 fnt
|-unboost|p1a: Victini|def|1
|-unboost|p1a: Victini|spd|1
|-unboost|p1a: Victini|spe|1
|faint|p2a: Whimsicott
|
|c|âassonellamanica|nah 
|c|âassonellamanica|don't work
|
|switch|p2a: Hitmontop|Hitmontop, M|198\/303
|-ability|p2a: Hitmontop|Intimidate|[of] p1a: Victini
|-unboost|p1a: Victini|atk|1
|turn|4
|
|switch|p1a: Togekiss|Togekiss, M|374\/374
|move|p2a: Hitmontop|Stone Edge|p1a: Togekiss
|-supereffective|p1a: Togekiss
|-damage|p1a: Togekiss|140\/374
|
|-heal|p1a: Togekiss|163\/374|[from] item: Leftovers
|turn|5
|
|switch|p1a: Swampert|Swampert, M|401\/401
|move|p2a: Hitmontop|Stone Edge|p1a: Swampert
|-resisted|p1a: Swampert
|-damage|p1a: Swampert|360\/401
|
|-heal|p1a: Swampert|385\/401|[from] item: Leftovers
|turn|6
|
|move|p2a: Hitmontop|High Jump Kick|p1a: Swampert
|-damage|p1a: Swampert|223\/401
|move|p1a: Swampert|Scald|p2a: Hitmontop
|-damage|p2a: Hitmontop|155\/303
|-status|p2a: Hitmontop|brn
|
|-heal|p1a: Swampert|248\/401|[from] item: Leftovers
|-damage|p2a: Hitmontop|118\/303 brn|[from] brn
|turn|7
|
|move|p2a: Hitmontop|High Jump Kick|p1a: Swampert
|-damage|p1a: Swampert|167\/401
|move|p1a: Swampert|Earthquake|p2a: Hitmontop
|-damage|p2a: Hitmontop|0 fnt
|faint|p2a: Hitmontop
|
|-heal|p1a: Swampert|192\/401|[from] item: Leftovers
|
|switch|p2a: Liepard|Liepard, M|269\/269
|turn|8
|
|move|p2a: Liepard|Dark Pulse|p1a: Swampert
|-damage|p1a: Swampert|56\/401
|move|p1a: Swampert|Stealth Rock|p2a: Liepard
|-sidestart|p2: assonellamanica|move: Stealth Rock
|
|-heal|p1a: Swampert|81\/401|[from] item: Leftovers
|turn|9
|join|Undercover Donut
|
|switch|p1a: Togekiss|Togekiss, M|163\/374
|move|p2a: Liepard|Echoed Voice|p1a: Togekiss
|-damage|p1a: Togekiss|133\/374
|
|-heal|p1a: Togekiss|156\/374|[from] item: Leftovers
|turn|10
|
|move|p2a: Liepard|Echoed Voice|p1a: Togekiss
|-damage|p1a: Togekiss|92\/374
|move|p1a: Togekiss|Soft-Boiled|p1a: Togekiss
|-heal|p1a: Togekiss|279\/374
|
|-heal|p1a: Togekiss|302\/374|[from] item: Leftovers
|turn|11
|
|move|p2a: Liepard|Echoed Voice|p1a: Togekiss
|-damage|p1a: Togekiss|187\/374
|move|p1a: Togekiss|Air Slash|p2a: Liepard
|-damage|p2a: Liepard|82\/269
|
|-heal|p1a: Togekiss|210\/374|[from] item: Leftovers
|turn|12
|
|move|p2a: Liepard|Echoed Voice|p1a: Togekiss
|-damage|p1a: Togekiss|44\/374
|move|p1a: Togekiss|Air Slash|p2a: Liepard
|-damage|p2a: Liepard|0 fnt
|faint|p2a: Liepard
|
|-heal|p1a: Togekiss|67\/374|[from] item: Leftovers
|
|switch|p2a: Eelektross|Eelektross, M|373\/373
|-damage|p2a: Eelektross|327\/373|[from] Stealth Rock
|turn|13
|
|switch|p1a: Victini|Victini|341\/341
|move|p2a: Eelektross|Power-Up Punch|p1a: Victini
|-resisted|p1a: Victini
|-damage|p1a: Victini|322\/341
|-boost|p2a: Eelektross|atk|1
|
|turn|14
|
|move|p1a: Victini|V-create|p2a: Eelektross
|-damage|p2a: Eelektross|0 fnt
|-unboost|p1a: Victini|def|1
|-unboost|p1a: Victini|spd|1
|-unboost|p1a: Victini|spe|1
|faint|p2a: Eelektross
|
|c|âassonellamanica|gg
|-message|assonellamanica forfeited.
|
|win|st123
|raw|Ladder updating...
|leave|assonellamanica
|player|p2
|c|âst123|gg
|raw|st123's rating: 1585 &rarr; <strong>1594<\/strong><br \/>(+9 for winning)
|raw|assonellamanica's rating: 1374 &rarr; <strong>1365<\/strong><br \/>(-9 for losing)
|leave|st123
|player|p1