|join|st123
|join|omgguesswhat
|player|p1|st123|170
|player|p2|omgguesswhat|175
|gametype|singles
|gen|6
|tier|UU
|rated
|rule|Sleep Clause Mod: Limit one foe put to sleep
|rule|Species Clause: Limit one of each PokÃ©mon
|rule|OHKO Clause: OHKO moves are banned
|rule|Moody Clause: Moody is banned
|rule|Evasion Moves Clause: Evasion moves are banned
|rule|Endless Battle Clause: Forcing endless battles is banned
|rule|HP Percentage Mod: HP is reported as percentages
|clearpoke
|poke|p1|Haxorus, F
|poke|p1|Roserade, F
|poke|p1|Jirachi
|poke|p1|Hydreigon, M
|poke|p1|Suicune
|poke|p1|Crobat, F
|poke|p2|Nidoqueen, F
|poke|p2|Doublade, M
|poke|p2|Mienshao, F
|poke|p2|Porygon-Z
|poke|p2|Ampharos, M
|poke|p2|Krookodile, F
|rule|Swagger Clause: Swagger is banned
|rule|Baton Pass Clause: Limit one PokÃ©mon knowing Baton Pass
|teampreview
|
|start
|switch|p1a: Crobat|Crobat, F|331\/331
|switch|p2a: moooooooo|Ampharos, M|384\/384
|turn|1
|
|detailschange|p2a: moooooooo|Ampharos-Mega, M
|message|Ampharos has Mega Evolved into Mega Ampharos!
|-ability|p2a: moooooooo|Mold Breaker
|move|p1a: Crobat|U-turn|p2a: moooooooo
|-damage|p2a: moooooooo|334\/384
|
|switch|p1a: Roserade|Roserade, F|324\/324
|move|p2a: moooooooo|Volt Switch|p1a: Roserade
|-resisted|p1a: Roserade
|-damage|p1a: Roserade|279\/324
|
|switch|p2a: chickenbutt|Doublade, M|259\/259
|
|-heal|p1a: Roserade|299\/324|[from] item: Black Sludge
|turn|2
|
|move|p1a: Roserade|Leech Seed|p2a: chickenbutt
|-start|p2a: chickenbutt|move: Leech Seed
|move|p2a: chickenbutt|Iron Head|p1a: Roserade
|-damage|p1a: Roserade|107\/324
|
|-heal|p1a: Roserade|127\/324|[from] item: Black Sludge
|-damage|p2a: chickenbutt|227\/259|[from] Leech Seed|[of] p1a: Roserade
|-heal|p1a: Roserade|159\/324|[silent]
|turn|3
|
|switch|p1a: Suicune|Suicune|404\/404
|-ability|p1a: Suicune|Pressure
|switch|p2a: moooooooo|Ampharos-Mega, M|334\/384
|-ability|p2a: moooooooo|Mold Breaker
|
|turn|4
|
|switch|p1a: Roserade|Roserade, F|159\/324
|move|p2a: moooooooo|Volt Switch|p1a: Roserade
|-resisted|p1a: Roserade
|-damage|p1a: Roserade|111\/324
|
|switch|p2a: click tri attack|Porygon-Z|311\/311
|
|-heal|p1a: Roserade|131\/324|[from] item: Black Sludge
|turn|5
|
|move|p2a: click tri attack|Tri Attack|p1a: Roserade
|-damage|p1a: Roserade|0 fnt
|faint|p1a: Roserade
|
|
|switch|p1a: Jirachi|Jirachi|404\/404
|turn|6
|
|switch|p2a: steve|Krookodile, F|393\/393
|-ability|p2a: steve|Intimidate|[of] p1a: Jirachi
|-unboost|p1a: Jirachi|atk|1
|move|p1a: Jirachi|Substitute|p1a: Jirachi
|-start|p1a: Jirachi|Substitute
|-damage|p1a: Jirachi|303\/404
|
|-heal|p1a: Jirachi|328\/404|[from] item: Leftovers
|turn|7
|
|move|p1a: Jirachi|Toxic|p2a: steve
|-status|p2a: steve|tox
|move|p2a: steve|Earthquake|p1a: Jirachi
|-supereffective|p1a: Jirachi
|-end|p1a: Jirachi|Substitute
|
|-heal|p1a: Jirachi|353\/404|[from] item: Leftovers
|-damage|p2a: steve|369\/393 tox|[from] psn
|turn|8
|join|King UU
|
|move|p1a: Jirachi|Substitute|p1a: Jirachi
|-start|p1a: Jirachi|Substitute
|-damage|p1a: Jirachi|252\/404
|move|p2a: steve|Knock Off|p1a: Jirachi
|-supereffective|p1a: Jirachi
|-end|p1a: Jirachi|Substitute
|
|-heal|p1a: Jirachi|277\/404|[from] item: Leftovers
|-heal|p2a: steve|393\/393 tox|[from] item: Leftovers
|-damage|p2a: steve|345\/393 tox|[from] psn
|turn|9
|
|move|p1a: Jirachi|Substitute|p1a: Jirachi
|-start|p1a: Jirachi|Substitute
|-damage|p1a: Jirachi|176\/404
|move|p2a: steve|Taunt|p1a: Jirachi
|-start|p1a: Jirachi|move: Taunt
|
|-heal|p1a: Jirachi|201\/404|[from] item: Leftovers
|-heal|p2a: steve|369\/393 tox|[from] item: Leftovers
|-damage|p2a: steve|297\/393 tox|[from] psn
|turn|10
|
|move|p1a: Jirachi|Iron Head|p2a: steve
|-damage|p2a: steve|246\/393 tox
|move|p2a: steve|Earthquake|p1a: Jirachi
|-supereffective|p1a: Jirachi
|-end|p1a: Jirachi|Substitute
|
|-heal|p1a: Jirachi|226\/404|[from] item: Leftovers
|-heal|p2a: steve|270\/393 tox|[from] item: Leftovers
|-damage|p2a: steve|174\/393 tox|[from] psn
|turn|11
|
|move|p1a: Jirachi|Iron Head|p2a: steve
|-damage|p2a: steve|123\/393 tox
|move|p2a: steve|Knock Off|p1a: Jirachi
|-supereffective|p1a: Jirachi
|-damage|p1a: Jirachi|0 fnt
|-enditem|p1a: Jirachi|Leftovers|[from] move: Knock Off|[of] p2a: steve
|faint|p1a: Jirachi
|
|-heal|p2a: steve|147\/393 tox|[from] item: Leftovers
|-damage|p2a: steve|27\/393 tox|[from] psn
|
|switch|p1a: Haxorus|Haxorus, F|307\/307
|-ability|p1a: Haxorus|Mold Breaker
|turn|12
|
|move|p1a: Haxorus|Earthquake|p2a: steve
|-damage|p2a: steve|0 fnt
|faint|p2a: steve
|
|
|switch|p2a: moooooooo|Ampharos-Mega, M|334\/384
|-ability|p2a: moooooooo|Mold Breaker
|turn|13
|
|switch|p1a: Suicune|Suicune|404\/404
|-ability|p1a: Suicune|Pressure
|move|p2a: moooooooo|Dragon Pulse|p1a: Suicune
|-damage|p1a: Suicune|283\/404
|
|-heal|p1a: Suicune|308\/404|[from] item: Leftovers
|turn|14
|
|move|p1a: Suicune|Calm Mind|p1a: Suicune
|-boost|p1a: Suicune|spa|1
|-boost|p1a: Suicune|spd|1
|move|p2a: moooooooo|Volt Switch|p1a: Suicune
|-supereffective|p1a: Suicune
|-damage|p1a: Suicune|170\/404
|
|switch|p2a: click tri attack|Porygon-Z|311\/311
|
|-heal|p1a: Suicune|195\/404|[from] item: Leftovers
|turn|15
|
|switch|p1a: Hydreigon|Hydreigon, M|325\/325
|move|p2a: click tri attack|Tri Attack|p1a: Hydreigon
|-damage|p1a: Hydreigon|0 fnt
|faint|p1a: Hydreigon
|
|
|switch|p1a: Haxorus|Haxorus, F|307\/307
|-ability|p1a: Haxorus|Mold Breaker
|turn|16
|
|switch|p2a: chickenbutt|Doublade, M|227\/259
|move|p1a: Haxorus|Outrage|p2a: chickenbutt
|-resisted|p2a: chickenbutt
|-damage|p2a: chickenbutt|159\/259
|
|turn|17
|
|move|p1a: Haxorus|Outrage|p2a: chickenbutt
|-resisted|p2a: chickenbutt
|-damage|p2a: chickenbutt|91\/259
|move|p2a: chickenbutt|Iron Head|p1a: Haxorus
|-damage|p1a: Haxorus|154\/307
|
|turn|18
|
|move|p1a: Haxorus|Outrage|p2a: chickenbutt
|-resisted|p2a: chickenbutt
|-damage|p2a: chickenbutt|26\/259
|move|p2a: chickenbutt|Iron Head|p1a: Haxorus
|-damage|p1a: Haxorus|0 fnt
|faint|p1a: Haxorus
|
|
|switch|p1a: Suicune|Suicune|195\/404
|-ability|p1a: Suicune|Pressure
|turn|19
|
|switch|p2a: click tri attack|Porygon-Z|311\/311
|move|p1a: Suicune|Calm Mind|p1a: Suicune
|-boost|p1a: Suicune|spa|1
|-boost|p1a: Suicune|spd|1
|
|-heal|p1a: Suicune|220\/404|[from] item: Leftovers
|turn|20
|
|move|p2a: click tri attack|Tri Attack|p1a: Suicune
|-damage|p1a: Suicune|48\/404
|move|p1a: Suicune|Rest|p1a: Suicune
|-status|p1a: Suicune|slp
|-heal|p1a: Suicune|404\/404 slp|[silent]
|-status|p1a: Suicune|slp|[from] move: Rest
|
|turn|21
|
|move|p2a: click tri attack|Tri Attack|p1a: Suicune
|-damage|p1a: Suicune|250\/404 slp
|cant|p1a: Suicune|slp
|move|p1a: Suicune|Sleep Talk|p1a: Suicune
|move|p1a: Suicune|Rest|p1a: Suicune|[from]Sleep Talk
|-fail|p1a: Suicune
|
|-heal|p1a: Suicune|275\/404 slp|[from] item: Leftovers
|turn|22
|
|move|p2a: click tri attack|Tri Attack|p1a: Suicune
|-damage|p1a: Suicune|113\/404 slp
|cant|p1a: Suicune|slp
|move|p1a: Suicune|Sleep Talk|p1a: Suicune
|move|p1a: Suicune|Rest|p1a: Suicune|[from]Sleep Talk
|-fail|p1a: Suicune
|
|-heal|p1a: Suicune|138\/404 slp|[from] item: Leftovers
|turn|23
|
|move|p2a: click tri attack|Tri Attack|p1a: Suicune
|-damage|p1a: Suicune|0 fnt
|faint|p1a: Suicune
|
|-message|st123 forfeited.
|
|win|omgguesswhat
|raw|Ladder updating...
|leave|st123
|player|p1
|raw|st123's rating: 1644 &rarr; <strong>1620<\/strong><br \/>(-24 for losing)
|raw|omgguesswhat's rating: 1576 &rarr; <strong>1600<\/strong><br \/>(+24 for winning)
|leave|King UU