|join|st123
|join|sevel
|player|p1|st123|153
|player|p2|sevel|92
|gametype|singles
|gen|6
|tier|UU
|rated
|rule|Sleep Clause Mod: Limit one foe put to sleep
|rule|Species Clause: Limit one of each Pokemon
|rule|OHKO Clause: OHKO moves are banned
|rule|Moody Clause: Moody is banned
|rule|Evasion Moves Clause: Evasion moves are banned
|rule|Endless Battle Clause: Forcing endless battles is banned
|rule|HP Percentage Mod: HP is reported as percentages
|clearpoke
|poke|p1|Froslass, F
|poke|p1|Lucario, M
|poke|p1|Sableye, F
|poke|p1|Swampert, F
|poke|p1|Roserade, M
|poke|p1|Noivern, M
|poke|p2|Darmanitan, F
|poke|p2|Heracross, F
|poke|p2|Goodra, F
|poke|p2|Umbreon, F
|poke|p2|Nidoqueen, F
|poke|p2|Blastoise, M
|rule|Baton Pass Clause: Limit 3 pokemon knowing Baton Pass
|teampreview
|
|start
|switch|p1a: Froslass|Froslass, F|301\/301
|switch|p2a: Darmanitan|Darmanitan, F|351\/351
|turn|1
|
|move|p2a: Darmanitan|U-turn|p1a: Froslass
|-crit|p1a: Froslass
|-resisted|p1a: Froslass
|-damage|p1a: Froslass|215\/301
|-start|p2a: Darmanitan|Disable|U-turn
|
|switch|p2a: Heracross|Heracross, F|302\/302
|move|p1a: Froslass|Spikes|p2a: Heracross
|-sidestart|p2: sevel|Spikes
|
|turn|2
|
|switch|p1a: Sableye|Sableye, F|304\/304
|move|p2a: Heracross|Knock Off|p1a: Sableye
|-damage|p1a: Sableye|137\/304
|-enditem|p1a: Sableye|Leftovers|[from] move: Knock Off|[of] p2a: Heracross
|
|turn|3
|
|switch|p2a: Umbreon|Umbreon, F|394\/394
|-damage|p2a: Umbreon|345\/394|[from] Spikes
|move|p1a: Sableye|Recover|p1a: Sableye
|-heal|p1a: Sableye|289\/304
|
|-heal|p2a: Umbreon|369\/394|[from] item: Leftovers
|turn|4
|
|switch|p1a: Swampert|Swampert, F|404\/404
|move|p2a: Umbreon|Wish|p2a: Umbreon
|
|-heal|p2a: Umbreon|393\/394|[from] item: Leftovers
|turn|5
|
|switch|p2a: Blastoise|Blastoise, M|361\/361
|-damage|p2a: Blastoise|316\/361|[from] Spikes
|move|p1a: Swampert|Stealth Rock|p2a: Blastoise
|-sidestart|p2: sevel|move: Stealth Rock
|
|-heal|p2a: Blastoise|361\/361|[from] move: Wish|[wisher] Umbreon
|turn|6
|
|switch|p1a: Sableye|Sableye, F|289\/304
|detailschange|p2a: Blastoise|Blastoise-Mega, M
|message|Blastoise has Mega Evolved into Mega Blastoise!
|move|p2a: Blastoise|Scald|p1a: Sableye
|-damage|p1a: Sableye|175\/304
|-status|p1a: Sableye|brn
|
|-damage|p1a: Sableye|137\/304 brn|[from] brn
|turn|7
|
|move|p1a: Sableye|Will-O-Wisp|p2a: Blastoise
|-status|p2a: Blastoise|brn
|move|p2a: Blastoise|Dark Pulse|p1a: Sableye
|-damage|p1a: Sableye|21\/304 brn
|
|-damage|p2a: Blastoise|316\/361 brn|[from] brn
|-damage|p1a: Sableye|0 fnt|[from] brn
|faint|p1a: Sableye
|
|switch|p1a: Froslass|Froslass, F|215\/301
|turn|8
|
|switch|p2a: Umbreon|Umbreon, F|393\/394
|-damage|p2a: Umbreon|344\/394|[from] Spikes
|-damage|p2a: Umbreon|295\/394|[from] Stealth Rock
|move|p1a: Froslass|Spikes|p2a: Umbreon
|-sidestart|p2: sevel|Spikes
|
|-heal|p2a: Umbreon|319\/394|[from] item: Leftovers
|turn|9
|
|move|p1a: Froslass|Spikes|p2a: Umbreon
|-sidestart|p2: sevel|Spikes
|move|p2a: Umbreon|Foul Play|p1a: Froslass
|-supereffective|p1a: Froslass
|-damage|p1a: Froslass|0 fnt
|-start|p2a: Umbreon|Disable|Foul Play
|faint|p1a: Froslass
|
|-heal|p2a: Umbreon|343\/394|[from] item: Leftovers
|
|switch|p1a: Lucario|Lucario, M|281\/281
|turn|10
|
|switch|p2a: Goodra|Goodra, F|383\/383
|-damage|p2a: Goodra|336\/383|[from] Stealth Rock
|-damage|p2a: Goodra|241\/383|[from] Spikes
|move|p1a: Lucario|Swords Dance|p1a: Lucario
|-boost|p1a: Lucario|atk|2
|
|turn|11
|
|move|p1a: Lucario|Close Combat|p2a: Goodra
|-damage|p2a: Goodra|0 fnt
|-unboost|p1a: Lucario|def|1
|-unboost|p1a: Lucario|spd|1
|-damage|p1a: Lucario|253\/281|[from] item: Life Orb
|faint|p2a: Goodra
|
|
|switch|p2a: Heracross|Heracross, F|302\/302
|-damage|p2a: Heracross|265\/302|[from] Stealth Rock
|-damage|p2a: Heracross|190\/302|[from] Spikes
|turn|12
|
|move|p1a: Lucario|Extreme Speed|p2a: Heracross
|-damage|p2a: Heracross|0 fnt
|-damage|p1a: Lucario|225\/281|[from] item: Life Orb
|faint|p2a: Heracross
|
|
|switch|p2a: Blastoise|Blastoise-Mega, M|316\/361 brn
|-damage|p2a: Blastoise|271\/361 brn|[from] Stealth Rock
|-damage|p2a: Blastoise|181\/361 brn|[from] Spikes
|turn|13
|
|move|p1a: Lucario|Close Combat|p2a: Blastoise
|-damage|p2a: Blastoise|0 fnt
|-unboost|p1a: Lucario|def|1
|-unboost|p1a: Lucario|spd|1
|-damage|p1a: Lucario|197\/281|[from] item: Life Orb
|faint|p2a: Blastoise
|
|-message|sevel forfeited.
|
|win|st123
|raw|Ladder updating...
|leave|sevel
|player|p2
|raw|st123's rating: 1715 &rarr; <strong>1725<\/strong><br \/>(+10 for winning)
|raw|sevel's rating: 1534 &rarr; <strong>1523<\/strong><br \/>(-11 for losing)