|join|st123
|join|Naruto(sage)
|player|p1|st123|153
|player|p2|Naruto(sage)|101
|gametype|singles
|gen|6
|tier|UU
|rated
|rule|Sleep Clause Mod: Limit one foe put to sleep
|rule|Species Clause: Limit one of each PokÃ©mon
|rule|OHKO Clause: OHKO moves are banned
|rule|Moody Clause: Moody is banned
|rule|Evasion Moves Clause: Evasion moves are banned
|rule|Endless Battle Clause: Forcing endless battles is banned
|rule|HP Percentage Mod: HP is shown in percentages
|clearpoke
|poke|p1|Cresselia, F
|poke|p1|Dugtrio, F
|poke|p1|Florges, F
|poke|p1|Suicune
|poke|p1|Jirachi
|poke|p1|Crobat, M
|poke|p2|Tangrowth, F
|poke|p2|Swampert, F
|poke|p2|Mienshao, M
|poke|p2|Crobat, M
|poke|p2|Roserade, F
|poke|p2|Hippowdon, M
|rule|Swagger Clause: Swagger is banned
|rule|Baton Pass Clause: Limit one PokÃ©mon knowing Baton Pass
|teampreview
|
|start
|switch|p1a: Suicune|Suicune|404\/404
|switch|p2a: Hippowdon|Hippowdon, M|400\/400
|-ability|p1a: Suicune|Pressure
|-weather|Sandstorm
|turn|1
|
|move|p1a: Suicune|Scald|p2a: Hippowdon
|-supereffective|p2a: Hippowdon
|-damage|p2a: Hippowdon|232\/400
|move|p2a: Hippowdon|Stealth Rock|p1a: Suicune
|-sidestart|p1: st123|move: Stealth Rock
|
|-weather|Sandstorm|[upkeep]
|-damage|p1a: Suicune|379\/404|[from] sandstorm
|-heal|p1a: Suicune|404\/404|[from] item: Leftovers
|-heal|p2a: Hippowdon|257\/400|[from] item: Leftovers
|turn|2
|
|switch|p2a: Roserade|Roserade, F|261\/261
|move|p1a: Suicune|Scald|p2a: Roserade
|-resisted|p2a: Roserade
|-damage|p2a: Roserade|225\/261
|
|-weather|Sandstorm|[upkeep]
|-damage|p2a: Roserade|209\/261|[from] sandstorm
|-damage|p1a: Suicune|379\/404|[from] sandstorm
|-heal|p2a: Roserade|225\/261|[from] item: Black Sludge
|-heal|p1a: Suicune|404\/404|[from] item: Leftovers
|turn|3
|
|switch|p1a: Jirachi|Jirachi|361\/361
|-damage|p1a: Jirachi|339\/361|[from] Stealth Rock
|move|p2a: Roserade|Toxic Spikes|p1a: Jirachi
|-sidestart|p1: st123|move: Toxic Spikes
|
|-weather|Sandstorm|[upkeep]
|-damage|p2a: Roserade|209\/261|[from] sandstorm
|-heal|p1a: Jirachi|361\/361|[from] item: Leftovers
|-heal|p2a: Roserade|225\/261|[from] item: Black Sludge
|turn|4
|
|switch|p2a: Hippowdon|Hippowdon, M|257\/400
|move|p1a: Jirachi|Stealth Rock|p2a: Hippowdon
|-sidestart|p2: Naruto(sage)|move: Stealth Rock
|
|-weather|Sandstorm|[upkeep]
|-heal|p2a: Hippowdon|282\/400|[from] item: Leftovers
|turn|5
|
|move|p1a: Jirachi|U-turn|p2a: Hippowdon
|-damage|p2a: Hippowdon|230\/400
|
|switch|p1a: ACrobat|Crobat, M|325\/325
|-damage|p1a: ACrobat|244\/325|[from] Stealth Rock
|move|p2a: Hippowdon|Earthquake|p1a: ACrobat
|-immune|p1a: ACrobat|[msg]
|
|-weather|none
|-heal|p2a: Hippowdon|255\/400|[from] item: Leftovers
|turn|6
|
|move|p1a: ACrobat|Defog|p2a: Hippowdon
|-unboost|p2a: Hippowdon|evasion|1
|-sideend|p2: Naruto(sage)|Stealth Rock|[from] move: Defog|[of] p2a: Hippowdon
|-sideend|p1: st123|Toxic Spikes|[from] move: Defog|[of] p1a: ACrobat
|-sideend|p1: st123|Stealth Rock|[from] move: Defog|[of] p1a: ACrobat
|move|p2a: Hippowdon|Slack Off|p2a: Hippowdon
|-heal|p2a: Hippowdon|400\/400
|
|turn|7
|
|move|p1a: ACrobat|U-turn|p2a: Hippowdon
|-damage|p2a: Hippowdon|349\/400
|
|switch|p1a: Suicune|Suicune|404\/404
|-ability|p1a: Suicune|Pressure
|move|p2a: Hippowdon|Stealth Rock|p1a: Suicune
|-sidestart|p1: st123|move: Stealth Rock
|
|-heal|p2a: Hippowdon|374\/400|[from] item: Leftovers
|turn|8
|
|switch|p1a: Dugtrio|Dugtrio, F|212\/212
|-damage|p1a: Dugtrio|199\/212|[from] Stealth Rock
|switch|p2a: Mienshao|Mienshao, M|272\/272
|
|turn|9
|
|switch|p1a: ACrobat|Crobat, M|244\/325
|-damage|p1a: ACrobat|163\/325|[from] Stealth Rock
|move|p2a: Mienshao|Fake Out|p1a: ACrobat
|-damage|p1a: ACrobat|110\/325
|
|turn|10
|
|move|p1a: ACrobat|Roost|p1a: ACrobat
|-heal|p1a: ACrobat|273\/325
|move|p2a: Mienshao|Knock Off|p1a: ACrobat
|-damage|p1a: ACrobat|179\/325
|
|turn|11
|
|switch|p2a: Hippowdon|Hippowdon, M|374\/400
|-weather|Sandstorm
|move|p1a: ACrobat|Acrobatics|p2a: Hippowdon
|-damage|p2a: Hippowdon|266\/400
|
|-weather|Sandstorm|[upkeep]
|-damage|p1a: ACrobat|159\/325|[from] sandstorm
|-heal|p2a: Hippowdon|291\/400|[from] item: Leftovers
|turn|12
|
|move|p1a: ACrobat|U-turn|p2a: Hippowdon
|-damage|p2a: Hippowdon|246\/400
|
|switch|p1a: Suicune|Suicune|404\/404
|-damage|p1a: Suicune|354\/404|[from] Stealth Rock
|-ability|p1a: Suicune|Pressure
|move|p2a: Hippowdon|Stealth Rock|p1a: Suicune
|-fail|p1a: Suicune
|
|-weather|Sandstorm|[upkeep]
|-damage|p1a: Suicune|329\/404|[from] sandstorm
|-heal|p1a: Suicune|354\/404|[from] item: Leftovers
|-heal|p2a: Hippowdon|271\/400|[from] item: Leftovers
|turn|13
|
|switch|p2a: Tangrowth|Tangrowth, F|404\/404
|move|p1a: Suicune|Scald|p2a: Tangrowth
|-resisted|p2a: Tangrowth
|-damage|p2a: Tangrowth|356\/404
|
|-weather|Sandstorm|[upkeep]
|-damage|p1a: Suicune|329\/404|[from] sandstorm
|-damage|p2a: Tangrowth|331\/404|[from] sandstorm
|-heal|p1a: Suicune|354\/404|[from] item: Leftovers
|turn|14
|
|switch|p1a: Jirachi|Jirachi|361\/361
|-damage|p1a: Jirachi|339\/361|[from] Stealth Rock
|move|p2a: Tangrowth|Ancient Power|p1a: Jirachi
|-resisted|p1a: Jirachi
|-damage|p1a: Jirachi|304\/361
|
|-weather|Sandstorm|[upkeep]
|-damage|p2a: Tangrowth|306\/404|[from] sandstorm
|-heal|p1a: Jirachi|326\/361|[from] item: Leftovers
|turn|15
|
|move|p1a: Jirachi|Stealth Rock|p2a: Tangrowth
|-sidestart|p2: Naruto(sage)|move: Stealth Rock
|move|p2a: Tangrowth|Focus Blast|p1a: Jirachi|[miss]
|-miss|p2a: Tangrowth|p1a: Jirachi
|
|-weather|none
|-heal|p1a: Jirachi|348\/361|[from] item: Leftovers
|turn|16
|
|move|p1a: Jirachi|Fire Punch|p2a: Tangrowth
|-crit|p2a: Tangrowth
|-supereffective|p2a: Tangrowth
|-damage|p2a: Tangrowth|136\/404
|move|p2a: Tangrowth|Sludge Bomb|p1a: Jirachi
|-immune|p1a: Jirachi|[msg]
|
|-heal|p1a: Jirachi|361\/361|[from] item: Leftovers
|turn|17
|
|switch|p2a: Hippowdon|Hippowdon, M|271\/400
|-damage|p2a: Hippowdon|246\/400|[from] Stealth Rock
|-weather|Sandstorm
|move|p1a: Jirachi|Fire Punch|p2a: Hippowdon
|-damage|p2a: Hippowdon|191\/400
|
|-weather|Sandstorm|[upkeep]
|-heal|p2a: Hippowdon|216\/400|[from] item: Leftovers
|turn|18
|
|move|p1a: Jirachi|U-turn|p2a: Hippowdon
|-crit|p2a: Hippowdon
|-damage|p2a: Hippowdon|137\/400
|
|switch|p1a: Suicune|Suicune|354\/404
|-damage|p1a: Suicune|304\/404|[from] Stealth Rock
|-ability|p1a: Suicune|Pressure
|move|p2a: Hippowdon|Slack Off|p2a: Hippowdon
|-heal|p2a: Hippowdon|337\/400
|
|-weather|Sandstorm|[upkeep]
|-damage|p1a: Suicune|279\/404|[from] sandstorm
|-heal|p1a: Suicune|304\/404|[from] item: Leftovers
|-heal|p2a: Hippowdon|362\/400|[from] item: Leftovers
|turn|19
|
|switch|p2a: Tangrowth|Tangrowth, F|270\/404
|-damage|p2a: Tangrowth|220\/404|[from] Stealth Rock
|move|p1a: Suicune|Scald|p2a: Tangrowth
|-resisted|p2a: Tangrowth
|-damage|p2a: Tangrowth|174\/404
|
|-weather|Sandstorm|[upkeep]
|-damage|p1a: Suicune|279\/404|[from] sandstorm
|-damage|p2a: Tangrowth|149\/404|[from] sandstorm
|-heal|p1a: Suicune|304\/404|[from] item: Leftovers
|turn|20
|
|switch|p1a: Jirachi|Jirachi|361\/361
|-damage|p1a: Jirachi|339\/361|[from] Stealth Rock
|move|p2a: Tangrowth|Giga Drain|p1a: Jirachi
|-resisted|p1a: Jirachi
|-damage|p1a: Jirachi|277\/361
|-heal|p2a: Tangrowth|180\/404|[from] drain|[of] p1a: Jirachi
|
|-weather|Sandstorm|[upkeep]
|-damage|p2a: Tangrowth|155\/404|[from] sandstorm
|-heal|p1a: Jirachi|299\/361|[from] item: Leftovers
|turn|21
|
|switch|p2a: Hippowdon|Hippowdon, M|362\/400
|-damage|p2a: Hippowdon|337\/400|[from] Stealth Rock
|move|p1a: Jirachi|Fire Punch|p2a: Hippowdon
|-damage|p2a: Hippowdon|284\/400
|
|-weather|none
|-heal|p1a: Jirachi|321\/361|[from] item: Leftovers
|-heal|p2a: Hippowdon|309\/400|[from] item: Leftovers
|turn|22
|
|move|p1a: Jirachi|U-turn|p2a: Hippowdon
|-damage|p2a: Hippowdon|251\/400
|
|switch|p1a: Suicune|Suicune|304\/404
|-damage|p1a: Suicune|254\/404|[from] Stealth Rock
|-ability|p1a: Suicune|Pressure
|move|p2a: Hippowdon|Earthquake|p1a: Suicune
|-damage|p1a: Suicune|157\/404
|
|-heal|p1a: Suicune|182\/404|[from] item: Leftovers
|-heal|p2a: Hippowdon|276\/400|[from] item: Leftovers
|turn|23
|
|switch|p2a: Tangrowth|Tangrowth, F|289\/404
|-damage|p2a: Tangrowth|239\/404|[from] Stealth Rock
|move|p1a: Suicune|Scald|p2a: Tangrowth
|-resisted|p2a: Tangrowth
|-damage|p2a: Tangrowth|188\/404
|-status|p2a: Tangrowth|brn
|
|-heal|p1a: Suicune|207\/404|[from] item: Leftovers
|-damage|p2a: Tangrowth|138\/404 brn|[from] brn
|turn|24
|
|switch|p1a: Jirachi|Jirachi|321\/361
|-damage|p1a: Jirachi|299\/361|[from] Stealth Rock
|switch|p2a: Roserade|Roserade, F|225\/261
|-damage|p2a: Roserade|193\/261|[from] Stealth Rock
|
|-heal|p1a: Jirachi|321\/361|[from] item: Leftovers
|-heal|p2a: Roserade|209\/261|[from] item: Black Sludge
|turn|25
|
|switch|p2a: Hippowdon|Hippowdon, M|276\/400
|-damage|p2a: Hippowdon|251\/400|[from] Stealth Rock
|-weather|Sandstorm
|move|p1a: Jirachi|U-turn|p2a: Hippowdon
|-damage|p2a: Hippowdon|202\/400
|
|switch|p1a: Suicune|Suicune|207\/404
|-damage|p1a: Suicune|157\/404|[from] Stealth Rock
|-ability|p1a: Suicune|Pressure
|
|-weather|Sandstorm|[upkeep]
|-damage|p1a: Suicune|132\/404|[from] sandstorm
|-heal|p1a: Suicune|157\/404|[from] item: Leftovers
|-heal|p2a: Hippowdon|227\/400|[from] item: Leftovers
|turn|26
|
|move|p1a: Suicune|Rest|p1a: Suicune
|-status|p1a: Suicune|slp
|-heal|p1a: Suicune|404\/404 slp|[silent]
|-status|p1a: Suicune|slp|[from] move: Rest
|move|p2a: Hippowdon|Slack Off|p2a: Hippowdon
|-heal|p2a: Hippowdon|400\/400
|
|-weather|Sandstorm|[upkeep]
|-damage|p1a: Suicune|379\/404 slp|[from] sandstorm
|-heal|p1a: Suicune|404\/404 slp|[from] item: Leftovers
|turn|27
|
|cant|p1a: Suicune|slp
|move|p2a: Hippowdon|Roar|p1a: Suicune
|drag|p1a: ACrobat|Crobat, M|159\/325
|-damage|p1a: ACrobat|78\/325|[from] Stealth Rock
|
|-weather|Sandstorm|[upkeep]
|-damage|p1a: ACrobat|58\/325|[from] sandstorm
|turn|28
|
|move|p1a: ACrobat|Defog|p2a: Hippowdon
|-unboost|p2a: Hippowdon|evasion|1
|-sideend|p2: Naruto(sage)|Stealth Rock|[from] move: Defog|[of] p2a: Hippowdon
|-sideend|p1: st123|Stealth Rock|[from] move: Defog|[of] p1a: ACrobat
|move|p2a: Hippowdon|Earthquake|p1a: ACrobat
|-immune|p1a: ACrobat|[msg]
|
|-weather|Sandstorm|[upkeep]
|-damage|p1a: ACrobat|38\/325|[from] sandstorm
|turn|29
|
|move|p1a: ACrobat|Roost|p1a: ACrobat
|-heal|p1a: ACrobat|201\/325
|move|p2a: Hippowdon|Earthquake|p1a: ACrobat
|-supereffective|p1a: ACrobat
|-damage|p1a: ACrobat|0 fnt
|faint|p1a: ACrobat
|
|-weather|none
|
|switch|p1a: Suicune|Suicune|404\/404 slp
|-ability|p1a: Suicune|Pressure
|turn|30
|
|cant|p1a: Suicune|slp
|move|p2a: Hippowdon|Stealth Rock|p1a: Suicune
|-sidestart|p1: st123|move: Stealth Rock
|
|turn|31
|
|switch|p2a: Roserade|Roserade, F|209\/261
|-curestatus|p1a: Suicune|slp
|move|p1a: Suicune|Scald|p2a: Roserade
|-resisted|p2a: Roserade
|-damage|p2a: Roserade|170\/261
|
|-heal|p2a: Roserade|186\/261|[from] item: Black Sludge
|turn|32
|
|switch|p2a: Hippowdon|Hippowdon, M|400\/400
|-weather|Sandstorm
|switch|p1a: Dugtrio|Dugtrio, F|199\/212
|-damage|p1a: Dugtrio|186\/212|[from] Stealth Rock
|
|-weather|Sandstorm|[upkeep]
|turn|33
|
|switch|p1a: Suicune|Suicune|404\/404
|-damage|p1a: Suicune|354\/404|[from] Stealth Rock
|-ability|p1a: Suicune|Pressure
|move|p2a: Hippowdon|Earthquake|p1a: Suicune
|-damage|p1a: Suicune|267\/404
|
|-weather|Sandstorm|[upkeep]
|-damage|p1a: Suicune|242\/404|[from] sandstorm
|-heal|p1a: Suicune|267\/404|[from] item: Leftovers
|turn|34
|
|switch|p2a: Tangrowth|Tangrowth, F|272\/404 brn
|move|p1a: Suicune|Scald|p2a: Tangrowth
|-resisted|p2a: Tangrowth
|-damage|p2a: Tangrowth|221\/404 brn
|
|-weather|Sandstorm|[upkeep]
|-damage|p1a: Suicune|242\/404|[from] sandstorm
|-damage|p2a: Tangrowth|196\/404 brn|[from] sandstorm
|-heal|p1a: Suicune|267\/404|[from] item: Leftovers
|-damage|p2a: Tangrowth|146\/404 brn|[from] brn
|turn|35
|
|switch|p2a: Roserade|Roserade, F|186\/261
|move|p1a: Suicune|Calm Mind|p1a: Suicune
|-boost|p1a: Suicune|spa|1
|-boost|p1a: Suicune|spd|1
|
|-weather|Sandstorm|[upkeep]
|-damage|p2a: Roserade|170\/261|[from] sandstorm
|-damage|p1a: Suicune|242\/404|[from] sandstorm
|-heal|p2a: Roserade|186\/261|[from] item: Black Sludge
|-heal|p1a: Suicune|267\/404|[from] item: Leftovers
|turn|36
|
|switch|p1a: Jirachi|Jirachi|321\/361
|-damage|p1a: Jirachi|299\/361|[from] Stealth Rock
|move|p2a: Roserade|Giga Drain|p1a: Jirachi
|-resisted|p1a: Jirachi
|-damage|p1a: Jirachi|229\/361
|-heal|p2a: Roserade|221\/261|[from] drain|[of] p1a: Jirachi
|
|-weather|none
|-heal|p1a: Jirachi|251\/361|[from] item: Leftovers
|-heal|p2a: Roserade|237\/261|[from] item: Black Sludge
|turn|37
|
|move|p1a: Jirachi|Stealth Rock|p2a: Roserade
|-sidestart|p2: Naruto(sage)|move: Stealth Rock
|move|p2a: Roserade|Toxic Spikes|p1a: Jirachi
|-sidestart|p1: st123|move: Toxic Spikes
|
|-heal|p1a: Jirachi|273\/361|[from] item: Leftovers
|-heal|p2a: Roserade|253\/261|[from] item: Black Sludge
|turn|38
|
|switch|p2a: Hippowdon|Hippowdon, M|400\/400
|-damage|p2a: Hippowdon|375\/400|[from] Stealth Rock
|-weather|Sandstorm
|move|p1a: Jirachi|Fire Punch|p2a: Hippowdon
|-crit|p2a: Hippowdon
|-damage|p2a: Hippowdon|288\/400
|
|-weather|Sandstorm|[upkeep]
|-heal|p1a: Jirachi|295\/361|[from] item: Leftovers
|-heal|p2a: Hippowdon|313\/400|[from] item: Leftovers
|turn|39
|
|move|p1a: Jirachi|U-turn|p2a: Hippowdon
|-damage|p2a: Hippowdon|257\/400
|
|switch|p1a: Suicune|Suicune|267\/404
|-damage|p1a: Suicune|217\/404|[from] Stealth Rock
|-status|p1a: Suicune|psn
|-ability|p1a: Suicune|Pressure
|move|p2a: Hippowdon|Roar|p1a: Suicune
|drag|p1a: Cresselia|Cresselia, F|433\/433
|-damage|p1a: Cresselia|379\/433|[from] Stealth Rock
|
|-weather|Sandstorm|[upkeep]
|-damage|p1a: Cresselia|352\/433|[from] sandstorm
|-heal|p1a: Cresselia|379\/433|[from] item: Leftovers
|-heal|p2a: Hippowdon|282\/400|[from] item: Leftovers
|turn|40
|
|move|p1a: Cresselia|Moonblast|p2a: Hippowdon
|-crit|p2a: Hippowdon
|-damage|p2a: Hippowdon|183\/400
|move|p2a: Hippowdon|Roar|p1a: Cresselia
|drag|p1a: Jirachi|Jirachi|295\/361
|-damage|p1a: Jirachi|273\/361|[from] Stealth Rock
|
|-weather|Sandstorm|[upkeep]
|-heal|p1a: Jirachi|295\/361|[from] item: Leftovers
|-heal|p2a: Hippowdon|208\/400|[from] item: Leftovers
|turn|41
|join|Etika Fan
|
|move|p1a: Jirachi|Iron Head|p2a: Hippowdon
|-damage|p2a: Hippowdon|111\/400
|cant|p2a: Hippowdon|flinch
|
|-weather|Sandstorm|[upkeep]
|-heal|p1a: Jirachi|317\/361|[from] item: Leftovers
|-heal|p2a: Hippowdon|136\/400|[from] item: Leftovers
|turn|42
|
|move|p1a: Jirachi|Iron Head|p2a: Hippowdon
|-damage|p2a: Hippowdon|40\/400
|move|p2a: Hippowdon|Slack Off|p2a: Hippowdon
|-heal|p2a: Hippowdon|240\/400
|
|-weather|none
|-heal|p1a: Jirachi|339\/361|[from] item: Leftovers
|-heal|p2a: Hippowdon|265\/400|[from] item: Leftovers
|turn|43
|
|move|p1a: Jirachi|U-turn|p2a: Hippowdon
|-crit|p2a: Hippowdon
|-damage|p2a: Hippowdon|185\/400
|
|switch|p1a: Suicune|Suicune|217\/404 psn
|-damage|p1a: Suicune|167\/404 psn|[from] Stealth Rock
|-ability|p1a: Suicune|Pressure
|move|p2a: Hippowdon|Earthquake|p1a: Suicune
|-damage|p1a: Suicune|74\/404 psn
|
|-heal|p1a: Suicune|99\/404 psn|[from] item: Leftovers
|-heal|p2a: Hippowdon|210\/400|[from] item: Leftovers
|-damage|p1a: Suicune|49\/404 psn|[from] psn
|turn|44
|
|switch|p2a: Roserade|Roserade, F|253\/261
|-damage|p2a: Roserade|221\/261|[from] Stealth Rock
|move|p1a: Suicune|Rest|p1a: Suicune
|-status|p1a: Suicune|slp
|-heal|p1a: Suicune|404\/404 slp|[silent]
|-status|p1a: Suicune|slp|[from] move: Rest
|
|-heal|p2a: Roserade|237\/261|[from] item: Black Sludge
|turn|45
|
|switch|p1a: Jirachi|Jirachi|339\/361
|-damage|p1a: Jirachi|317\/361|[from] Stealth Rock
|move|p2a: Roserade|Toxic Spikes|p1a: Jirachi
|-sidestart|p1: st123|move: Toxic Spikes
|
|-heal|p1a: Jirachi|339\/361|[from] item: Leftovers
|-heal|p2a: Roserade|253\/261|[from] item: Black Sludge
|turn|46
|leave|Etika Fan
|
|switch|p2a: Hippowdon|Hippowdon, M|210\/400
|-damage|p2a: Hippowdon|185\/400|[from] Stealth Rock
|-weather|Sandstorm
|move|p1a: Jirachi|Fire Punch|p2a: Hippowdon
|-damage|p2a: Hippowdon|130\/400
|
|-weather|Sandstorm|[upkeep]
|-heal|p1a: Jirachi|361\/361|[from] item: Leftovers
|-heal|p2a: Hippowdon|155\/400|[from] item: Leftovers
|turn|47
|
|move|p1a: Jirachi|Iron Head|p2a: Hippowdon
|-damage|p2a: Hippowdon|64\/400
|cant|p2a: Hippowdon|flinch
|
|-weather|Sandstorm|[upkeep]
|-heal|p2a: Hippowdon|89\/400|[from] item: Leftovers
|turn|48
|
|move|p1a: Jirachi|Iron Head|p2a: Hippowdon
|-damage|p2a: Hippowdon|1\/400
|move|p2a: Hippowdon|Slack Off|p2a: Hippowdon
|-heal|p2a: Hippowdon|201\/400
|
|-weather|Sandstorm|[upkeep]
|-heal|p2a: Hippowdon|226\/400|[from] item: Leftovers
|turn|49
|
|move|p1a: Jirachi|U-turn|p2a: Hippowdon
|-damage|p2a: Hippowdon|171\/400
|
|switch|p1a: Suicune|Suicune|404\/404 slp
|-damage|p1a: Suicune|354\/404 slp|[from] Stealth Rock
|-ability|p1a: Suicune|Pressure
|move|p2a: Hippowdon|Roar|p1a: Suicune
|drag|p1a: Cresselia|Cresselia, F|379\/433
|-damage|p1a: Cresselia|325\/433|[from] Stealth Rock
|
|-weather|Sandstorm|[upkeep]
|-damage|p1a: Cresselia|298\/433|[from] sandstorm
|-heal|p1a: Cresselia|325\/433|[from] item: Leftovers
|-heal|p2a: Hippowdon|196\/400|[from] item: Leftovers
|turn|50
|
|move|p1a: Cresselia|Calm Mind|p1a: Cresselia
|-boost|p1a: Cresselia|spa|1
|-boost|p1a: Cresselia|spd|1
|move|p2a: Hippowdon|Slack Off|p2a: Hippowdon
|-heal|p2a: Hippowdon|396\/400
|
|-weather|none
|-heal|p1a: Cresselia|352\/433|[from] item: Leftovers
|-heal|p2a: Hippowdon|400\/400|[from] item: Leftovers
|turn|51
|
|move|p1a: Cresselia|Moonblast|p2a: Hippowdon
|-damage|p2a: Hippowdon|293\/400
|move|p2a: Hippowdon|Roar|p1a: Cresselia
|drag|p1a: Dugtrio|Dugtrio, F|186\/212
|-damage|p1a: Dugtrio|173\/212|[from] Stealth Rock
|-status|p1a: Dugtrio|tox
|
|-heal|p2a: Hippowdon|318\/400|[from] item: Leftovers
|-damage|p1a: Dugtrio|160\/212 tox|[from] psn
|turn|52
|
|switch|p1a: Suicune|Suicune|354\/404 slp
|-damage|p1a: Suicune|304\/404 slp|[from] Stealth Rock
|-ability|p1a: Suicune|Pressure
|move|p2a: Hippowdon|Earthquake|p1a: Suicune
|-damage|p1a: Suicune|219\/404 slp
|
|-heal|p1a: Suicune|244\/404 slp|[from] item: Leftovers
|-heal|p2a: Hippowdon|343\/400|[from] item: Leftovers
|turn|53
|
|switch|p2a: Tangrowth|Tangrowth, F|280\/404 brn
|-damage|p2a: Tangrowth|230\/404 brn|[from] Stealth Rock
|cant|p1a: Suicune|slp
|
|-heal|p1a: Suicune|269\/404 slp|[from] item: Leftovers
|-damage|p2a: Tangrowth|180\/404 brn|[from] brn
|turn|54
|
|switch|p1a: Jirachi|Jirachi|361\/361
|-damage|p1a: Jirachi|339\/361|[from] Stealth Rock
|switch|p2a: Mienshao|Mienshao, M|272\/272
|-damage|p2a: Mienshao|255\/272|[from] Stealth Rock
|
|-heal|p1a: Jirachi|361\/361|[from] item: Leftovers
|turn|55
|
|switch|p1a: Florges|Florges, F|360\/360
|-status|p1a: Florges|tox
|-damage|p1a: Florges|315\/360 tox|[from] Stealth Rock
|move|p2a: Mienshao|Knock Off|p1a: Florges
|-resisted|p1a: Florges
|-damage|p1a: Florges|262\/360 tox
|-enditem|p1a: Florges|Leftovers|[from] move: Knock Off|[of] p2a: Mienshao
|
|-damage|p1a: Florges|240\/360 tox|[from] psn
|turn|56
|
|move|p2a: Mienshao|U-turn|p1a: Florges
|-resisted|p1a: Florges
|-damage|p1a: Florges|200\/360 tox
|
|switch|p2a: Hippowdon|Hippowdon, M|343\/400
|-damage|p2a: Hippowdon|318\/400|[from] Stealth Rock
|-weather|Sandstorm
|move|p1a: Florges|Wish|p1a: Florges
|
|-weather|Sandstorm|[upkeep]
|-damage|p1a: Florges|178\/360 tox|[from] sandstorm
|-heal|p2a: Hippowdon|343\/400|[from] item: Leftovers
|-damage|p1a: Florges|134\/360 tox|[from] psn
|turn|57
|
|move|p1a: Florges|Aromatherapy|p1a: Florges
|-cureteam|p1a: Florges|[from] move: Aromatherapy
|move|p2a: Hippowdon|Roar|p1a: Florges
|drag|p1a: Cresselia|Cresselia, F|352\/433
|-damage|p1a: Cresselia|298\/433|[from] Stealth Rock
|
|-weather|Sandstorm|[upkeep]
|-damage|p1a: Cresselia|271\/433|[from] sandstorm
|-heal|p1a: Cresselia|433\/433|[from] move: Wish|[wisher] Florges
|-heal|p2a: Hippowdon|368\/400|[from] item: Leftovers
|turn|58
|
|move|p1a: Cresselia|Moonblast|p2a: Hippowdon
|-damage|p2a: Hippowdon|296\/400
|move|p2a: Hippowdon|Roar|p1a: Cresselia
|drag|p1a: Suicune|Suicune|269\/404
|-damage|p1a: Suicune|219\/404|[from] Stealth Rock
|-status|p1a: Suicune|tox
|-ability|p1a: Suicune|Pressure
|
|-weather|Sandstorm|[upkeep]
|-damage|p1a: Suicune|194\/404 tox|[from] sandstorm
|-heal|p1a: Suicune|219\/404 tox|[from] item: Leftovers
|-heal|p2a: Hippowdon|321\/400|[from] item: Leftovers
|-damage|p1a: Suicune|194\/404 tox|[from] psn
|turn|59
|
|switch|p1a: Dugtrio|Dugtrio, F|160\/212
|-status|p1a: Dugtrio|tox
|-damage|p1a: Dugtrio|147\/212 tox|[from] Stealth Rock
|switch|p2a: Mienshao|Mienshao, M|272\/272
|-damage|p2a: Mienshao|255\/272|[from] Stealth Rock
|
|-weather|Sandstorm|[upkeep]
|-damage|p2a: Mienshao|238\/272|[from] sandstorm
|-damage|p1a: Dugtrio|134\/212 tox|[from] psn
|turn|60
|
|move|p2a: Mienshao|Fake Out|p1a: Dugtrio
|-damage|p1a: Dugtrio|54\/212 tox
|cant|p1a: Dugtrio|flinch
|
|-weather|none
|-damage|p1a: Dugtrio|28\/212 tox|[from] psn
|turn|61
|
|move|p1a: Dugtrio|Earthquake|p2a: Mienshao
|-damage|p2a: Mienshao|0 fnt
|faint|p2a: Mienshao
|
|-damage|p1a: Dugtrio|0 fnt|[from] psn
|faint|p1a: Dugtrio
|
|switch|p2a: Roserade|Roserade, F|253\/261
|-damage|p2a: Roserade|221\/261|[from] Stealth Rock
|switch|p1a: Suicune|Suicune|194\/404 tox
|-damage|p1a: Suicune|144\/404 tox|[from] Stealth Rock
|-ability|p1a: Suicune|Pressure
|turn|62
|
|switch|p1a: Jirachi|Jirachi|361\/361
|-damage|p1a: Jirachi|339\/361|[from] Stealth Rock
|move|p2a: Roserade|Giga Drain|p1a: Jirachi
|-resisted|p1a: Jirachi
|-damage|p1a: Jirachi|272\/361
|-heal|p2a: Roserade|255\/261|[from] drain|[of] p1a: Jirachi
|
|-heal|p1a: Jirachi|294\/361|[from] item: Leftovers
|-heal|p2a: Roserade|261\/261|[from] item: Black Sludge
|turn|63
|
|switch|p2a: Hippowdon|Hippowdon, M|321\/400
|-damage|p2a: Hippowdon|296\/400|[from] Stealth Rock
|-weather|Sandstorm
|move|p1a: Jirachi|Fire Punch|p2a: Hippowdon
|-damage|p2a: Hippowdon|243\/400
|
|-weather|Sandstorm|[upkeep]
|-heal|p1a: Jirachi|316\/361|[from] item: Leftovers
|-heal|p2a: Hippowdon|268\/400|[from] item: Leftovers
|turn|64
|
|move|p1a: Jirachi|Fire Punch|p2a: Hippowdon
|-damage|p2a: Hippowdon|208\/400
|move|p2a: Hippowdon|Roar|p1a: Jirachi
|drag|p1a: Suicune|Suicune|144\/404 tox
|-damage|p1a: Suicune|94\/404 tox|[from] Stealth Rock
|-ability|p1a: Suicune|Pressure
|
|-weather|Sandstorm|[upkeep]
|-damage|p1a: Suicune|69\/404 tox|[from] sandstorm
|-heal|p1a: Suicune|94\/404 tox|[from] item: Leftovers
|-heal|p2a: Hippowdon|233\/400|[from] item: Leftovers
|-damage|p1a: Suicune|69\/404 tox|[from] psn
|turn|65
|
|switch|p2a: Swampert|Swampert, F|342\/342
|-damage|p2a: Swampert|321\/342|[from] Stealth Rock
|move|p1a: Suicune|Rest|p1a: Suicune
|-status|p1a: Suicune|slp
|-heal|p1a: Suicune|404\/404 slp|[silent]
|-status|p1a: Suicune|slp|[from] move: Rest
|
|-weather|Sandstorm|[upkeep]
|-damage|p1a: Suicune|379\/404 slp|[from] sandstorm
|-heal|p1a: Suicune|404\/404 slp|[from] item: Leftovers
|turn|66
|
|switch|p1a: Cresselia|Cresselia, F|433\/433
|-damage|p1a: Cresselia|379\/433|[from] Stealth Rock
|move|p2a: Swampert|Earthquake|p1a: Cresselia
|-immune|p1a: Cresselia|[msg]
|
|-weather|Sandstorm|[upkeep]
|-damage|p1a: Cresselia|352\/433|[from] sandstorm
|-heal|p1a: Cresselia|379\/433|[from] item: Leftovers
|turn|67
|
|move|p1a: Cresselia|Calm Mind|p1a: Cresselia
|-boost|p1a: Cresselia|spa|1
|-boost|p1a: Cresselia|spd|1
|move|p2a: Swampert|Waterfall|p1a: Cresselia
|-damage|p1a: Cresselia|276\/433
|
|-weather|none
|-heal|p1a: Cresselia|303\/433|[from] item: Leftovers
|turn|68
|
|switch|p2a: Hippowdon|Hippowdon, M|233\/400
|-damage|p2a: Hippowdon|208\/400|[from] Stealth Rock
|-weather|Sandstorm
|move|p1a: Cresselia|Psyshock|p2a: Hippowdon
|-damage|p2a: Hippowdon|112\/400
|
|-weather|Sandstorm|[upkeep]
|-damage|p1a: Cresselia|276\/433|[from] sandstorm
|-heal|p1a: Cresselia|303\/433|[from] item: Leftovers
|-heal|p2a: Hippowdon|137\/400|[from] item: Leftovers
|turn|69
|
|move|p1a: Cresselia|Moonblast|p2a: Hippowdon
|-damage|p2a: Hippowdon|29\/400
|-unboost|p2a: Hippowdon|spa|1
|move|p2a: Hippowdon|Slack Off|p2a: Hippowdon
|-heal|p2a: Hippowdon|229\/400
|
|-weather|Sandstorm|[upkeep]
|-damage|p1a: Cresselia|276\/433|[from] sandstorm
|-heal|p1a: Cresselia|303\/433|[from] item: Leftovers
|-heal|p2a: Hippowdon|254\/400|[from] item: Leftovers
|turn|70
|
|switch|p1a: Suicune|Suicune|404\/404 slp
|-damage|p1a: Suicune|354\/404 slp|[from] Stealth Rock
|-ability|p1a: Suicune|Pressure
|move|p2a: Hippowdon|Roar|p1a: Suicune
|drag|p1a: Cresselia|Cresselia, F|303\/433
|-damage|p1a: Cresselia|249\/433|[from] Stealth Rock
|
|-weather|Sandstorm|[upkeep]
|-damage|p1a: Cresselia|222\/433|[from] sandstorm
|-heal|p1a: Cresselia|249\/433|[from] item: Leftovers
|-heal|p2a: Hippowdon|279\/400|[from] item: Leftovers
|turn|71
|join|jagruti soni
|
|move|p1a: Cresselia|Moonblast|p2a: Hippowdon
|-damage|p2a: Hippowdon|215\/400
|move|p2a: Hippowdon|Roar|p1a: Cresselia
|drag|p1a: Suicune|Suicune|354\/404 slp
|-damage|p1a: Suicune|304\/404 slp|[from] Stealth Rock
|-ability|p1a: Suicune|Pressure
|
|-weather|Sandstorm|[upkeep]
|-damage|p1a: Suicune|279\/404 slp|[from] sandstorm
|-heal|p1a: Suicune|304\/404 slp|[from] item: Leftovers
|-heal|p2a: Hippowdon|240\/400|[from] item: Leftovers
|turn|72
|
|switch|p2a: Roserade|Roserade, F|261\/261
|-damage|p2a: Roserade|229\/261|[from] Stealth Rock
|cant|p1a: Suicune|slp
|
|-weather|none
|-heal|p2a: Roserade|245\/261|[from] item: Black Sludge
|-heal|p1a: Suicune|329\/404 slp|[from] item: Leftovers
|turn|73
|
|switch|p2a: Hippowdon|Hippowdon, M|240\/400
|-damage|p2a: Hippowdon|215\/400|[from] Stealth Rock
|-weather|Sandstorm
|switch|p1a: Jirachi|Jirachi|316\/361
|-damage|p1a: Jirachi|294\/361|[from] Stealth Rock
|
|-weather|Sandstorm|[upkeep]
|-heal|p1a: Jirachi|316\/361|[from] item: Leftovers
|-heal|p2a: Hippowdon|240\/400|[from] item: Leftovers
|turn|74
|
|move|p1a: Jirachi|Iron Head|p2a: Hippowdon
|-damage|p2a: Hippowdon|153\/400
|cant|p2a: Hippowdon|flinch
|
|-weather|Sandstorm|[upkeep]
|-heal|p1a: Jirachi|338\/361|[from] item: Leftovers
|-heal|p2a: Hippowdon|178\/400|[from] item: Leftovers
|turn|75
|
|move|p1a: Jirachi|Iron Head|p2a: Hippowdon
|-damage|p2a: Hippowdon|94\/400
|cant|p2a: Hippowdon|flinch
|
|-weather|Sandstorm|[upkeep]
|-heal|p1a: Jirachi|360\/361|[from] item: Leftovers
|-heal|p2a: Hippowdon|119\/400|[from] item: Leftovers
|turn|76
|
|move|p1a: Jirachi|Iron Head|p2a: Hippowdon
|-damage|p2a: Hippowdon|25\/400
|move|p2a: Hippowdon|Slack Off|p2a: Hippowdon
|-heal|p2a: Hippowdon|225\/400
|
|-weather|Sandstorm|[upkeep]
|-heal|p1a: Jirachi|361\/361|[from] item: Leftovers
|-heal|p2a: Hippowdon|250\/400|[from] item: Leftovers
|turn|77
|
|move|p1a: Jirachi|U-turn|p2a: Hippowdon
|-damage|p2a: Hippowdon|194\/400
|
|switch|p1a: Suicune|Suicune|329\/404 slp
|-damage|p1a: Suicune|279\/404 slp|[from] Stealth Rock
|-ability|p1a: Suicune|Pressure
|move|p2a: Hippowdon|Earthquake|p1a: Suicune
|-damage|p1a: Suicune|195\/404 slp
|
|-weather|none
|-heal|p1a: Suicune|220\/404 slp|[from] item: Leftovers
|-heal|p2a: Hippowdon|219\/400|[from] item: Leftovers
|turn|78
|
|cant|p1a: Suicune|slp
|move|p2a: Hippowdon|Slack Off|p2a: Hippowdon
|-heal|p2a: Hippowdon|400\/400
|
|-heal|p1a: Suicune|245\/404 slp|[from] item: Leftovers
|turn|79
|
|switch|p2a: Roserade|Roserade, F|245\/261
|-damage|p2a: Roserade|213\/261|[from] Stealth Rock
|-curestatus|p1a: Suicune|slp
|move|p1a: Suicune|Roar|p2a: Roserade
|drag|p2a: Swampert|Swampert, F|321\/342
|-damage|p2a: Swampert|300\/342|[from] Stealth Rock
|
|-heal|p1a: Suicune|270\/404|[from] item: Leftovers
|turn|80
|
|switch|p2a: Tangrowth|Tangrowth, F|314\/404 brn
|-damage|p2a: Tangrowth|264\/404 brn|[from] Stealth Rock
|move|p1a: Suicune|Scald|p2a: Tangrowth
|-resisted|p2a: Tangrowth
|-damage|p2a: Tangrowth|216\/404 brn
|
|-heal|p1a: Suicune|295\/404|[from] item: Leftovers
|-damage|p2a: Tangrowth|166\/404 brn|[from] brn
|turn|81
|join|Skare
|
|move|p1a: Suicune|Calm Mind|p1a: Suicune
|-boost|p1a: Suicune|spa|1
|-boost|p1a: Suicune|spd|1
|move|p2a: Tangrowth|Giga Drain|p1a: Suicune
|-supereffective|p1a: Suicune
|-damage|p1a: Suicune|155\/404
|-heal|p2a: Tangrowth|236\/404 brn|[from] drain|[of] p1a: Suicune
|
|-heal|p1a: Suicune|180\/404|[from] item: Leftovers
|-damage|p2a: Tangrowth|186\/404 brn|[from] brn
|turn|82
|
|switch|p2a: Hippowdon|Hippowdon, M|400\/400
|-damage|p2a: Hippowdon|375\/400|[from] Stealth Rock
|-weather|Sandstorm
|move|p1a: Suicune|Calm Mind|p1a: Suicune
|-boost|p1a: Suicune|spa|1
|-boost|p1a: Suicune|spd|1
|
|-weather|Sandstorm|[upkeep]
|-damage|p1a: Suicune|155\/404|[from] sandstorm
|-heal|p1a: Suicune|180\/404|[from] item: Leftovers
|-heal|p2a: Hippowdon|400\/400|[from] item: Leftovers
|turn|83
|
|move|p1a: Suicune|Roar|p2a: Hippowdon
|drag|p2a: Roserade|Roserade, F|213\/261
|-damage|p2a: Roserade|181\/261|[from] Stealth Rock
|
|-weather|Sandstorm|[upkeep]
|-damage|p2a: Roserade|165\/261|[from] sandstorm
|-damage|p1a: Suicune|155\/404|[from] sandstorm
|-heal|p2a: Roserade|181\/261|[from] item: Black Sludge
|-heal|p1a: Suicune|180\/404|[from] item: Leftovers
|turn|84
|
|switch|p1a: Jirachi|Jirachi|361\/361
|-damage|p1a: Jirachi|339\/361|[from] Stealth Rock
|move|p2a: Roserade|Giga Drain|p1a: Jirachi
|-resisted|p1a: Jirachi
|-damage|p1a: Jirachi|278\/361
|-heal|p2a: Roserade|212\/261|[from] drain|[of] p1a: Jirachi
|
|-weather|Sandstorm|[upkeep]
|-damage|p2a: Roserade|196\/261|[from] sandstorm
|-heal|p1a: Jirachi|300\/361|[from] item: Leftovers
|-heal|p2a: Roserade|212\/261|[from] item: Black Sludge
|turn|85
|
|move|p1a: Jirachi|Fire Punch|p2a: Roserade
|-supereffective|p2a: Roserade
|-damage|p2a: Roserade|0 fnt
|faint|p2a: Roserade
|
|-weather|Sandstorm|[upkeep]
|-heal|p1a: Jirachi|322\/361|[from] item: Leftovers
|
|switch|p2a: Swampert|Swampert, F|300\/342
|-damage|p2a: Swampert|279\/342|[from] Stealth Rock
|turn|86
|
|move|p1a: Jirachi|U-turn|p2a: Swampert
|-crit|p2a: Swampert
|-damage|p2a: Swampert|195\/342
|
|switch|p1a: Cresselia|Cresselia, F|249\/433
|-damage|p1a: Cresselia|195\/433|[from] Stealth Rock
|move|p2a: Swampert|Waterfall|p1a: Cresselia
|-damage|p1a: Cresselia|104\/433
|
|-weather|none
|-heal|p1a: Cresselia|131\/433|[from] item: Leftovers
|turn|87
|
|switch|p2a: Crobat|Crobat, M|312\/312
|-damage|p2a: Crobat|234\/312|[from] Stealth Rock
|move|p1a: Cresselia|Moonblast|p2a: Crobat
|-resisted|p2a: Crobat
|-damage|p2a: Crobat|192\/312
|
|-heal|p2a: Crobat|211\/312|[from] item: Black Sludge
|-heal|p1a: Cresselia|158\/433|[from] item: Leftovers
|turn|88
|
|move|p2a: Crobat|Defog|p1a: Cresselia
|-unboost|p1a: Cresselia|evasion|1
|-sideend|p1: st123|Toxic Spikes|[from] move: Defog|[of] p1a: Cresselia
|-sideend|p1: st123|Stealth Rock|[from] move: Defog|[of] p1a: Cresselia
|-sideend|p2: Naruto(sage)|Stealth Rock|[from] move: Defog|[of] p2a: Crobat
|move|p1a: Cresselia|Psyshock|p2a: Crobat
|-supereffective|p2a: Crobat
|-damage|p2a: Crobat|0 fnt
|faint|p2a: Crobat
|
|-heal|p1a: Cresselia|185\/433|[from] item: Leftovers
|
|switch|p2a: Tangrowth|Tangrowth, F|320\/404 brn
|turn|89
|
|move|p1a: Cresselia|Substitute|p1a: Cresselia
|-start|p1a: Cresselia|Substitute
|-damage|p1a: Cresselia|77\/433
|move|p2a: Tangrowth|Focus Blast|p1a: Cresselia
|-resisted|p1a: Cresselia
|-activate|p1a: Cresselia|Substitute|[damage]
|
|-heal|p1a: Cresselia|104\/433|[from] item: Leftovers
|-damage|p2a: Tangrowth|270\/404 brn|[from] brn
|turn|90
|
|switch|p2a: Hippowdon|Hippowdon, M|400\/400
|-weather|Sandstorm
|move|p1a: Cresselia|Calm Mind|p1a: Cresselia
|-boost|p1a: Cresselia|spa|1
|-boost|p1a: Cresselia|spd|1
|
|-weather|Sandstorm|[upkeep]
|-damage|p1a: Cresselia|77\/433|[from] sandstorm
|-heal|p1a: Cresselia|104\/433|[from] item: Leftovers
|turn|91
|
|move|p1a: Cresselia|Moonblast|p2a: Hippowdon
|-damage|p2a: Hippowdon|294\/400
|-unboost|p2a: Hippowdon|spa|1
|move|p2a: Hippowdon|Roar|p1a: Cresselia
|drag|p1a: Florges|Florges, F|134\/360
|
|-weather|Sandstorm|[upkeep]
|-damage|p1a: Florges|112\/360|[from] sandstorm
|-heal|p2a: Hippowdon|319\/400|[from] item: Leftovers
|turn|92
|
|move|p1a: Florges|Wish|p1a: Florges
|move|p2a: Hippowdon|Earthquake|p1a: Florges
|-crit|p1a: Florges
|-damage|p1a: Florges|0 fnt
|faint|p1a: Florges
|
|-weather|Sandstorm|[upkeep]
|-heal|p2a: Hippowdon|344\/400|[from] item: Leftovers
|join|rat81
|
|switch|p1a: Suicune|Suicune|180\/404
|-ability|p1a: Suicune|Pressure
|turn|93
|
|move|p2a: Hippowdon|Stealth Rock|p1a: Suicune
|-sidestart|p1: st123|move: Stealth Rock
|move|p1a: Suicune|Roar|p2a: Hippowdon
|drag|p2a: Tangrowth|Tangrowth, F|404\/404 brn
|
|-weather|Sandstorm|[upkeep]
|-damage|p1a: Suicune|155\/404|[from] sandstorm
|-damage|p2a: Tangrowth|379\/404 brn|[from] sandstorm
|-heal|p1a: Suicune|335\/404|[from] move: Wish|[wisher] Florges
|-heal|p1a: Suicune|360\/404|[from] item: Leftovers
|-damage|p2a: Tangrowth|329\/404 brn|[from] brn
|turn|94
|
|switch|p2a: Hippowdon|Hippowdon, M|344\/400
|move|p1a: Suicune|Calm Mind|p1a: Suicune
|-boost|p1a: Suicune|spa|1
|-boost|p1a: Suicune|spd|1
|
|-weather|none
|-heal|p1a: Suicune|385\/404|[from] item: Leftovers
|-heal|p2a: Hippowdon|369\/400|[from] item: Leftovers
|turn|95
|
|switch|p2a: Tangrowth|Tangrowth, F|404\/404 brn
|move|p1a: Suicune|Roar|p2a: Tangrowth
|drag|p2a: Hippowdon|Hippowdon, M|369\/400
|-weather|Sandstorm
|
|-weather|Sandstorm|[upkeep]
|-damage|p1a: Suicune|360\/404|[from] sandstorm
|-heal|p1a: Suicune|385\/404|[from] item: Leftovers
|-heal|p2a: Hippowdon|394\/400|[from] item: Leftovers
|turn|96
|join|Yoshi Lighthouse
|
|move|p1a: Suicune|Scald|p2a: Hippowdon
|-supereffective|p2a: Hippowdon
|-damage|p2a: Hippowdon|136\/400
|move|p2a: Hippowdon|Roar|p1a: Suicune
|drag|p1a: Jirachi|Jirachi|322\/361
|-damage|p1a: Jirachi|300\/361|[from] Stealth Rock
|
|-weather|Sandstorm|[upkeep]
|-heal|p1a: Jirachi|322\/361|[from] item: Leftovers
|-heal|p2a: Hippowdon|161\/400|[from] item: Leftovers
|turn|97
|join|Jotaro-chan
|join|Forfunbattle
|leave|Yoshi Lighthouse
|
|move|p1a: Jirachi|Iron Head|p2a: Hippowdon
|-damage|p2a: Hippowdon|64\/400
|cant|p2a: Hippowdon|flinch
|
|-weather|Sandstorm|[upkeep]
|-heal|p1a: Jirachi|344\/361|[from] item: Leftovers
|-heal|p2a: Hippowdon|89\/400|[from] item: Leftovers
|turn|98
|
|move|p1a: Jirachi|Iron Head|p2a: Hippowdon
|-damage|p2a: Hippowdon|0 fnt
|faint|p2a: Hippowdon
|
|-weather|Sandstorm|[upkeep]
|-heal|p1a: Jirachi|361\/361|[from] item: Leftovers
|
|switch|p2a: Swampert|Swampert, F|195\/342
|turn|99
|
|move|p1a: Jirachi|U-turn|p2a: Swampert
|-crit|p2a: Swampert
|-damage|p2a: Swampert|113\/342
|
|switch|p1a: Cresselia|Cresselia, F|104\/433
|-damage|p1a: Cresselia|50\/433|[from] Stealth Rock
|move|p2a: Swampert|Waterfall|p1a: Cresselia
|-damage|p1a: Cresselia|0 fnt
|faint|p1a: Cresselia
|
|-weather|none
|
|switch|p1a: Suicune|Suicune|385\/404
|-damage|p1a: Suicune|335\/404|[from] Stealth Rock
|-ability|p1a: Suicune|Pressure
|turn|100
|
|move|p1a: Suicune|Calm Mind|p1a: Suicune
|-boost|p1a: Suicune|spa|1
|-boost|p1a: Suicune|spd|1
|move|p2a: Swampert|Earthquake|p1a: Suicune
|-damage|p1a: Suicune|235\/404
|
|-heal|p1a: Suicune|260\/404|[from] item: Leftovers
|turn|101
|
|move|p1a: Suicune|Calm Mind|p1a: Suicune
|-boost|p1a: Suicune|spa|1
|-boost|p1a: Suicune|spd|1
|move|p2a: Swampert|Earthquake|p1a: Suicune
|-damage|p1a: Suicune|160\/404
|
|-heal|p1a: Suicune|185\/404|[from] item: Leftovers
|turn|102
|
|move|p1a: Suicune|Scald|p2a: Swampert
|-damage|p2a: Swampert|0 fnt
|faint|p2a: Swampert
|
|-heal|p1a: Suicune|210\/404|[from] item: Leftovers
|
|switch|p2a: Tangrowth|Tangrowth, F|404\/404 brn
|turn|103
|
|move|p1a: Suicune|Rest|p1a: Suicune
|-status|p1a: Suicune|slp
|-heal|p1a: Suicune|404\/404 slp|[silent]
|-status|p1a: Suicune|slp|[from] move: Rest
|move|p2a: Tangrowth|Giga Drain|p1a: Suicune
|-supereffective|p1a: Suicune
|-damage|p1a: Suicune|306\/404 slp
|
|-heal|p1a: Suicune|331\/404 slp|[from] item: Leftovers
|-damage|p2a: Tangrowth|354\/404 brn|[from] brn
|turn|104
|join|a1v22222
|
|cant|p1a: Suicune|slp
|move|p2a: Tangrowth|Giga Drain|p1a: Suicune
|-supereffective|p1a: Suicune
|-damage|p1a: Suicune|233\/404 slp
|-heal|p2a: Tangrowth|403\/404 brn|[from] drain|[of] p1a: Suicune
|
|-heal|p1a: Suicune|258\/404 slp|[from] item: Leftovers
|-damage|p2a: Tangrowth|353\/404 brn|[from] brn
|turn|105
|
|cant|p1a: Suicune|slp
|move|p2a: Tangrowth|Giga Drain|p1a: Suicune
|-supereffective|p1a: Suicune
|-damage|p1a: Suicune|148\/404 slp
|-heal|p2a: Tangrowth|404\/404 brn|[from] drain|[of] p1a: Suicune
|
|-heal|p1a: Suicune|173\/404 slp|[from] item: Leftovers
|-damage|p2a: Tangrowth|354\/404 brn|[from] brn
|turn|106
|
|-curestatus|p1a: Suicune|slp
|move|p1a: Suicune|Calm Mind|p1a: Suicune
|-boost|p1a: Suicune|spa|1
|-boost|p1a: Suicune|spd|1
|move|p2a: Tangrowth|Giga Drain|p1a: Suicune
|-supereffective|p1a: Suicune
|-damage|p1a: Suicune|89\/404
|-heal|p2a: Tangrowth|396\/404 brn|[from] drain|[of] p1a: Suicune
|
|-heal|p1a: Suicune|114\/404|[from] item: Leftovers
|-damage|p2a: Tangrowth|346\/404 brn|[from] brn
|turn|107
|
|move|p1a: Suicune|Calm Mind|p1a: Suicune
|-boost|p1a: Suicune|spa|1
|-boost|p1a: Suicune|spd|1
|move|p2a: Tangrowth|Giga Drain|p1a: Suicune
|-supereffective|p1a: Suicune
|-damage|p1a: Suicune|42\/404
|-heal|p2a: Tangrowth|382\/404 brn|[from] drain|[of] p1a: Suicune
|
|-heal|p1a: Suicune|67\/404|[from] item: Leftovers
|-damage|p2a: Tangrowth|332\/404 brn|[from] brn
|turn|108
|
|move|p1a: Suicune|Rest|p1a: Suicune
|-status|p1a: Suicune|slp
|-heal|p1a: Suicune|404\/404 slp|[silent]
|-status|p1a: Suicune|slp|[from] move: Rest
|move|p2a: Tangrowth|Giga Drain|p1a: Suicune
|-supereffective|p1a: Suicune
|-damage|p1a: Suicune|336\/404 slp
|-heal|p2a: Tangrowth|366\/404 brn|[from] drain|[of] p1a: Suicune
|
|-heal|p1a: Suicune|361\/404 slp|[from] item: Leftovers
|-damage|p2a: Tangrowth|316\/404 brn|[from] brn
|turn|109
|join|sdasdsd
|
|cant|p1a: Suicune|slp
|move|p2a: Tangrowth|Sludge Bomb|p1a: Suicune
|-damage|p1a: Suicune|331\/404 slp
|
|-heal|p1a: Suicune|356\/404 slp|[from] item: Leftovers
|-damage|p2a: Tangrowth|266\/404 brn|[from] brn
|turn|110
|
|cant|p1a: Suicune|slp
|move|p2a: Tangrowth|Sludge Bomb|p1a: Suicune
|-damage|p1a: Suicune|324\/404 slp
|
|-heal|p1a: Suicune|349\/404 slp|[from] item: Leftovers
|-damage|p2a: Tangrowth|216\/404 brn|[from] brn
|turn|111
|c| sdasdsd|GOO
|
|-curestatus|p1a: Suicune|slp
|move|p1a: Suicune|Scald|p2a: Tangrowth
|-resisted|p2a: Tangrowth
|-damage|p2a: Tangrowth|72\/404 brn
|move|p2a: Tangrowth|Sludge Bomb|p1a: Suicune
|-damage|p1a: Suicune|319\/404
|
|-heal|p1a: Suicune|344\/404|[from] item: Leftovers
|-damage|p2a: Tangrowth|22\/404 brn|[from] brn
|turn|112
|c|âNaruto(sage)|gg
|join|GeoZ
|c|âst123|gg
|
|move|p1a: Suicune|Scald|p2a: Tangrowth
|-resisted|p2a: Tangrowth
|-damage|p2a: Tangrowth|0 fnt
|faint|p2a: Tangrowth
|
|win|st123
|raw|Ladder updating...
|raw|st123's rating: 1573 &rarr; <strong>1584<\/strong><br \/>(+11 for winning)
|raw|Naruto(sage)'s rating: 1411 &rarr; <strong>1400<\/strong><br \/>(-11 for losing)
|leave|sdasdsd