|join|Emma Bae
|join|st123
|player|p1|Emma Bae|190
|player|p2|st123|153
|gametype|singles
|gen|6
|tier|UU
|rated
|rule|Sleep Clause Mod: Limit one foe put to sleep
|rule|Species Clause: Limit one of each PokÃ©mon
|rule|OHKO Clause: OHKO moves are banned
|rule|Moody Clause: Moody is banned
|rule|Evasion Moves Clause: Evasion moves are banned
|rule|Endless Battle Clause: Forcing endless battles is banned
|rule|HP Percentage Mod: HP is shown in percentages
|clearpoke
|poke|p1|Raikou
|poke|p1|Blastoise, M
|poke|p1|Crobat, M
|poke|p1|Hydreigon, F
|poke|p1|Lucario, M
|poke|p1|Azelf
|poke|p2|Alakazam, M
|poke|p2|Mienshao, M
|poke|p2|Magneton
|poke|p2|Hydreigon, F
|poke|p2|Gligar, F
|poke|p2|Vaporeon, M
|rule|Swagger Clause: Swagger is banned
|rule|Baton Pass Clause: Limit one PokÃ©mon knowing Baton Pass
|teampreview
|c|âEmma Bae|omg
|c|âEmma Bae|just battled anger management
|c|âEmma Bae|now yo
|c|âst123|=p
|c|âEmma Bae|ffs
|
|start
|switch|p1a: Lucario|Lucario, M|281\/281
|switch|p2a: Magneton|Magneton|242\/242
|turn|1
|
|switch|p2a: Gligar|Gligar, F|333\/333
|move|p1a: Lucario|Close Combat|p2a: Gligar
|-crit|p2a: Gligar
|-resisted|p2a: Gligar
|-damage|p2a: Gligar|208\/333
|-unboost|p1a: Lucario|def|1
|-unboost|p1a: Lucario|spd|1
|-damage|p1a: Lucario|253\/281|[from] item: Life Orb
|
|turn|2
|
|move|p1a: Lucario|Ice Punch|p2a: Gligar
|-supereffective|p2a: Gligar
|-damage|p2a: Gligar|0 fnt
|-damage|p1a: Lucario|225\/281|[from] item: Life Orb
|faint|p2a: Gligar
|
|c|âst123|wow 2nd ice punch luc in two games
|join|so dynamic
|
|switch|p2a: Alakazam|Alakazam, M|252\/252
|turn|3
|c| so dynamic|hey marth
|c|âEmma Bae|it's common now adays
|
|detailschange|p2a: Alakazam|Alakazam-Mega, M
|message|Alakazam has Mega Evolved into Mega Alakazam!
|-ability|p2a: Alakazam|Justified|[from] ability: Trace|[of] p1a: Lucario
|move|p1a: Lucario|Extreme Speed|p2a: Alakazam
|-damage|p2a: Alakazam|70\/252
|-damage|p1a: Lucario|197\/281|[from] item: Life Orb
|move|p2a: Alakazam|Psyshock|p1a: Lucario
|-damage|p1a: Lucario|0 fnt
|faint|p1a: Lucario
|
|c|âEmma Bae|What? mega zam?
|c|âst123|hi
|c| so dynamic|o ye alakazite is here
|
|switch|p1a: Hydreigon|Hydreigon, F|325\/325
|turn|4
|c| so dynamic|good thing is
|c| so dynamic|no sash though
|
|switch|p2a: Vaporeon|Vaporeon, M|449\/449
|move|p1a: Hydreigon|U-turn|p2a: Vaporeon
|-damage|p2a: Vaporeon|395\/449
|
|switch|p1a: Raikou|Raikou|322\/322
|-ability|p1a: Raikou|Pressure
|
|-heal|p2a: Vaporeon|423\/449|[from] item: Leftovers
|turn|5
|c|âst123|it used to be lo zam on this team anyway
|
|switch|p2a: Magneton|Magneton|242\/242
|move|p1a: Raikou|Thunderbolt|p2a: Magneton
|-resisted|p2a: Magneton
|-damage|p2a: Magneton|91\/242
|
|turn|6
|c|âEmma Bae|not a big fan of mega zam
|
|switch|p2a: Hydreigon|Hydreigon, F|325\/325
|move|p1a: Raikou|Thunderbolt|p2a: Hydreigon
|-resisted|p2a: Hydreigon
|-damage|p2a: Hydreigon|199\/325
|
|turn|7
|
|move|p1a: Raikou|Thunderbolt|p2a: Hydreigon
|-resisted|p2a: Hydreigon
|-damage|p2a: Hydreigon|89\/325
|move|p2a: Hydreigon|Draco Meteor|p1a: Raikou
|-damage|p1a: Raikou|32\/322
|-unboost|p2a: Hydreigon|spa|2
|-damage|p2a: Hydreigon|57\/325|[from] item: Life Orb
|
|turn|8
|c| so dynamic|specs kou
|c| so dynamic|the man
|c|âEmma Bae|LO draco from dreigon
|c|âEmma Bae|doesnt kill
|c|âEmma Bae|what a champ raikou <3
|
|move|p1a: Raikou|Thunderbolt|p2a: Hydreigon
|-resisted|p2a: Hydreigon
|-damage|p2a: Hydreigon|0 fnt
|faint|p2a: Hydreigon
|
|
|switch|p2a: Alakazam|Alakazam-Mega, M|70\/252
|-ability|p2a: Alakazam|Pressure|[from] ability: Trace|[of] p1a: Raikou
|-ability|p2a: Alakazam|Pressure
|turn|9
|c| so dynamic|nice sp def
|c|âEmma Bae|0 spdef
|
|move|p2a: Alakazam|Dazzling Gleam|p1a: Raikou
|-crit|p1a: Raikou
|-damage|p1a: Raikou|0 fnt
|faint|p1a: Raikou
|
|c| so dynamic|no
|c| so dynamic|i mean
|
|switch|p1a: Hydreigon|Hydreigon, F|325\/325
|turn|10
|c| so dynamic|nice natural sp def
|c|âEmma Bae|Ah
|c|âEmma Bae|lol
|c|âEmma Bae|im dum
|
|switch|p2a: Vaporeon|Vaporeon, M|423\/449
|move|p1a: Hydreigon|U-turn|p2a: Vaporeon
|-damage|p2a: Vaporeon|367\/449
|c|âEmma Bae|Oh
|c|âEmma Bae|i didnt even see vap
|c| so dynamic|u have 0 answers for this now
|c|âEmma Bae|yup
|c|âEmma Bae|think he won
|
|switch|p1a: Crobat|Crobat, M|323\/323
|
|-heal|p2a: Vaporeon|395\/449|[from] item: Leftovers
|turn|11
|
|move|p1a: Crobat|Brave Bird|p2a: Vaporeon
|-damage|p2a: Vaporeon|130\/449
|-damage|p1a: Crobat|236\/323|[from] recoil|[of] p2a: Vaporeon
|move|p2a: Vaporeon|Scald|p1a: Crobat
|-damage|p1a: Crobat|104\/323
|
|-heal|p2a: Vaporeon|158\/449|[from] item: Leftovers
|turn|12
|c| so dynamic|welp
|c|âEmma Bae|wth
|c| so dynamic|nvm
|c|âEmma Bae|why
|
|switch|p2a: Magneton|Magneton|91\/242
|move|p1a: Crobat|Brave Bird|p2a: Magneton
|-resisted|p2a: Magneton
|-damage|p2a: Magneton|28\/242
|-damage|p1a: Crobat|83\/323|[from] recoil|[of] p2a: Magneton
|
|turn|13
|c| so dynamic|is that banded
|c| so dynamic|or sky pl8
|c|âEmma Bae|yes
|c|âst123|wasnt thinking band bat
|c|âEmma Bae|Ah
|c|âEmma Bae|damn
|
|move|p1a: Crobat|Brave Bird|p2a: Magneton
|-resisted|p2a: Magneton
|-damage|p2a: Magneton|0 fnt
|-damage|p1a: Crobat|74\/323|[from] recoil|[of] p2a: Magneton
|faint|p2a: Magneton
|
|c|âEmma Bae|that mighta won me the game lol
|
|switch|p2a: Alakazam|Alakazam-Mega, M|70\/252
|-ability|p2a: Alakazam|Infiltrator|[from] ability: Trace|[of] p1a: Crobat
|turn|14
|
|move|p2a: Alakazam|Shadow Ball|p1a: Crobat
|-damage|p1a: Crobat|0 fnt
|faint|p1a: Crobat
|
|
|switch|p1a: Hydreigon|Hydreigon, F|325\/325
|turn|15
|
|switch|p2a: Mienshao|Mienshao, M|271\/271
|move|p1a: Hydreigon|U-turn|p2a: Mienshao
|-crit|p2a: Mienshao
|-resisted|p2a: Mienshao
|-damage|p2a: Mienshao|212\/271
|
|switch|p1a: Azelf|Azelf|291\/291
|
|turn|16
|
|move|p2a: Mienshao|U-turn|p1a: Azelf
|-supereffective|p1a: Azelf
|-damage|p1a: Azelf|33\/291
|
|switch|p2a: Alakazam|Alakazam-Mega, M|70\/252
|-ability|p2a: Alakazam|Levitate|[from] ability: Trace|[of] p1a: Azelf
|move|p1a: Azelf|Explosion|p2a: Alakazam
|-damage|p2a: Alakazam|0 fnt
|faint|p1a: Azelf
|faint|p2a: Alakazam
|
|
|switch|p2a: Mienshao|Mienshao, M|212\/271
|switch|p1a: Blastoise|Blastoise, M|326\/326
|turn|17
|c| so dynamic|is that sp def vape
|c|âst123|261 spdef
|
|detailschange|p1a: Blastoise|Blastoise-Mega, M
|message|Blastoise has Mega Evolved into Mega Blastoise!
|move|p2a: Mienshao|U-turn|p1a: Blastoise
|-damage|p1a: Blastoise|254\/326
|
|switch|p2a: Vaporeon|Vaporeon, M|158\/449
|move|p1a: Blastoise|Dragon Pulse|p2a: Vaporeon
|-damage|p2a: Vaporeon|17\/449
|
|-heal|p2a: Vaporeon|45\/449|[from] item: Leftovers
|turn|18
|c| so dynamic|shouldve
|
|move|p1a: Blastoise|Dragon Pulse|p2a: Vaporeon
|-crit|p2a: Vaporeon
|-damage|p2a: Vaporeon|0 fnt
|faint|p2a: Vaporeon
|
|c| so dynamic|sacd shao imo
|
|switch|p2a: Mienshao|Mienshao, M|212\/271
|turn|19
|
|move|p2a: Mienshao|High Jump Kick|p1a: Blastoise
|-damage|p1a: Blastoise|17\/326
|move|p1a: Blastoise|Water Pulse|p2a: Mienshao
|-damage|p2a: Mienshao|0 fnt
|faint|p2a: Mienshao
|
|win|Emma Bae
|raw|Ladder updating...
|raw|Emma Bae's rating: 1567 &rarr; <strong>1591<\/strong><br \/>(+24 for winning)
|raw|st123's rating: 1633 &rarr; <strong>1609<\/strong><br \/>(-24 for losing)
|c|âEmma Bae|gg
|c|âst123|oh shit
|c|âEmma Bae|holy shit that was close
|c|âst123|that totally was ko
|c|âEmma Bae|really?
|c|âEmma Bae|lol
|join|illestt
|c|âst123|idk didnt calc
|c|âst123|gg
|c|âEmma Bae|lol
|c|âEmma Bae|gg marth
|leave|st123
|player|p2
|c| illestt|yo
|leave|so dynamic
|leave|illestt
|join|illestt