|join|Sowwy
|join|st123
|player|p1|Sowwy|161
|player|p2|st123|153
|gametype|singles
|gen|6
|tier|UU
|rule|Sleep Clause Mod: Limit one foe put to sleep
|rule|Species Clause: Limit one of each PokÃ©mon
|rule|OHKO Clause: OHKO moves are banned
|rule|Moody Clause: Moody is banned
|rule|Evasion Moves Clause: Evasion moves are banned
|rule|Endless Battle Clause: Forcing endless battles is banned
|rule|HP Percentage Mod: HP is shown in percentages
|clearpoke
|poke|p1|Gallade, M
|poke|p1|Raikou
|poke|p1|Empoleon, M
|poke|p1|Darmanitan, M
|poke|p1|Celebi
|poke|p1|Hippowdon, F
|poke|p2|Zygarde
|poke|p2|Lopunny, M
|poke|p2|Hydreigon, M
|poke|p2|Tentacruel, M
|poke|p2|Bronzong
|poke|p2|Florges, F
|rule|Swagger Clause: Swagger is banned
|rule|Baton Pass Clause: Limit one PokÃ©mon knowing Baton Pass
|teampreview
|join|numbuh 274
|join|bicycle repairman
|join|Laurens2603
|join|LessThanThreeMan
|join|GoldDiggersby
|join|YeLlOw SkArMoRy
|join|So Dynamic
|join|Vaporeon for Ubers
|join|Tipsy Russian
|join|PiggK
|c| YeLlOw SkArMoRy|**HINALS FYPE**
|join|roast toast
|join|Count Bleck
|leave|Count Bleck
|join|Mike Hunts
|
|start
|switch|p1a: Darmanitan|Darmanitan, M|351\/351
|switch|p2a: Hydreigon|Hydreigon, M|325\/325
|turn|1
|
|switch|p1a: Empoleon|Empoleon, M|371\/371
|move|p2a: Hydreigon|Draco Meteor|p1a: Empoleon
|-crit|p1a: Empoleon
|-resisted|p1a: Empoleon
|-damage|p1a: Empoleon|243\/371
|-unboost|p2a: Hydreigon|spa|2
|
|-heal|p1a: Empoleon|266\/371|[from] item: Leftovers
|turn|2
|
|switch|p2a: Lopunny|Lopunny, M|271\/271
|move|p1a: Empoleon|Stealth Rock|p2a: Lopunny
|-sidestart|p2: st123|move: Stealth Rock
|
|-heal|p1a: Empoleon|289\/371|[from] item: Leftovers
|turn|3
|
|switch|p1a: Hippowdon|Hippowdon, F|419\/419
|detailschange|p2a: Lopunny|Lopunny-Mega, M
|message|Lopunny has Mega Evolved into Mega Lopunny!
|move|p2a: Lopunny|Drain Punch|p1a: Hippowdon
|-damage|p1a: Hippowdon|328\/419
|
|-heal|p1a: Hippowdon|354\/419|[from] item: Leftovers
|turn|4
|
|switch|p2a: Bronzong|Bronzong|338\/338
|-damage|p2a: Bronzong|317\/338|[from] Stealth Rock
|move|p1a: Hippowdon|Toxic|p2a: Bronzong
|-fail|p2a: Bronzong
|
|-heal|p1a: Hippowdon|380\/419|[from] item: Leftovers
|-heal|p2a: Bronzong|338\/338|[from] item: Leftovers
|turn|5
|
|switch|p1a: Celebi|Celebi|341\/341
|move|p2a: Bronzong|Stealth Rock|p1a: Celebi
|-sidestart|p1: Sowwy|move: Stealth Rock
|
|turn|6
|join|AveragePower
|
|switch|p2a: Lopunny|Lopunny-Mega, M|271\/271
|-damage|p2a: Lopunny|255\/271|[from] Stealth Rock
|move|p1a: Celebi|Nasty Plot|p1a: Celebi
|-boost|p1a: Celebi|spa|2
|
|turn|7
|join|QKIC
|
|switch|p1a: Hippowdon|Hippowdon, F|380\/419
|-damage|p1a: Hippowdon|354\/419|[from] Stealth Rock
|move|p2a: Lopunny|Encore|p1a: Hippowdon
|-fail|p1a: Hippowdon
|
|-heal|p1a: Hippowdon|380\/419|[from] item: Leftovers
|turn|8
|c| Vaporeon for Ubers|encore lop
|c| Vaporeon for Ubers|ahh
|join|hurrrdurrrr
|
|switch|p2a: Bronzong|Bronzong|338\/338
|-damage|p2a: Bronzong|317\/338|[from] Stealth Rock
|switch|p1a: Raikou|Raikou|322\/322
|-damage|p1a: Raikou|282\/322|[from] Stealth Rock
|-ability|p1a: Raikou|Pressure
|
|-heal|p2a: Bronzong|338\/338|[from] item: Leftovers
|turn|9
|
|move|p1a: Raikou|Shadow Ball|p2a: Bronzong
|-supereffective|p2a: Bronzong
|-damage|p2a: Bronzong|200\/338
|move|p2a: Bronzong|Earthquake|p1a: Raikou
|-supereffective|p1a: Raikou
|-damage|p1a: Raikou|104\/322
|
|-heal|p2a: Bronzong|221\/338|[from] item: Leftovers
|turn|10
|
|switch|p2a: Hydreigon|Hydreigon, M|325\/325
|-damage|p2a: Hydreigon|285\/325|[from] Stealth Rock
|move|p1a: Raikou|Volt Switch|p2a: Hydreigon
|-resisted|p2a: Hydreigon
|-damage|p2a: Hydreigon|227\/325
|
|switch|p1a: Empoleon|Empoleon, M|289\/371
|-damage|p1a: Empoleon|266\/371|[from] Stealth Rock
|
|-heal|p1a: Empoleon|289\/371|[from] item: Leftovers
|turn|11
|
|move|p2a: Hydreigon|U-turn|p1a: Empoleon
|-resisted|p1a: Empoleon
|-damage|p1a: Empoleon|261\/371
|join|baenail
|
|switch|p2a: Lopunny|Lopunny-Mega, M|255\/271
|-damage|p2a: Lopunny|239\/271|[from] Stealth Rock
|move|p1a: Empoleon|Defog|p2a: Lopunny
|-unboost|p2a: Lopunny|evasion|1
|-sideend|p2: st123|Stealth Rock|[from] move: Defog|[of] p2a: Lopunny
|-sideend|p1: Sowwy|Stealth Rock|[from] move: Defog|[of] p1a: Empoleon
|
|-heal|p1a: Empoleon|284\/371|[from] item: Leftovers
|turn|12
|join|Eyan
|join|dodostain101
|
|switch|p2a: Bronzong|Bronzong|221\/338
|switch|p1a: Hippowdon|Hippowdon, F|380\/419
|
|-heal|p1a: Hippowdon|406\/419|[from] item: Leftovers
|-heal|p2a: Bronzong|242\/338|[from] item: Leftovers
|turn|13
|
|switch|p1a: Darmanitan|Darmanitan, M|351\/351
|move|p2a: Bronzong|Stealth Rock|p1a: Darmanitan
|-sidestart|p1: Sowwy|move: Stealth Rock
|
|-heal|p2a: Bronzong|263\/338|[from] item: Leftovers
|turn|14
|
|switch|p2a: Tentacruel|Tentacruel, M|364\/364
|move|p1a: Darmanitan|U-turn|p2a: Tentacruel
|-resisted|p2a: Tentacruel
|-damage|p2a: Tentacruel|323\/364
|join|Truth In Lies
|
|switch|p1a: Gallade|Gallade, M|277\/277
|-damage|p1a: Gallade|260\/277|[from] Stealth Rock
|
|-heal|p2a: Tentacruel|345\/364|[from] item: Black Sludge
|turn|15
|
|switch|p2a: Florges|Florges, F|360\/360
|detailschange|p1a: Gallade|Gallade-Mega, M
|message|Gallade has Mega Evolved into Mega Gallade!
|move|p1a: Gallade|Close Combat|p2a: Florges
|-resisted|p2a: Florges
|-damage|p2a: Florges|242\/360
|-unboost|p1a: Gallade|def|1
|-unboost|p1a: Gallade|spd|1
|
|-heal|p2a: Florges|264\/360|[from] item: Leftovers
|turn|16
|
|switch|p1a: Empoleon|Empoleon, M|284\/371
|-damage|p1a: Empoleon|261\/371|[from] Stealth Rock
|move|p2a: Florges|Wish|p2a: Florges
|
|-heal|p2a: Florges|286\/360|[from] item: Leftovers
|-heal|p1a: Empoleon|284\/371|[from] item: Leftovers
|turn|17
|
|switch|p2a: Zygarde|Zygarde|405\/405
|-ability|p2a: Zygarde|Aura Break
|move|p1a: Empoleon|Defog|p2a: Zygarde
|-unboost|p2a: Zygarde|evasion|1
|-sideend|p1: Sowwy|Stealth Rock|[from] move: Defog|[of] p1a: Empoleon
|
|-heal|p1a: Empoleon|307\/371|[from] item: Leftovers
|turn|18
|
|move|p2a: Zygarde|Substitute|p2a: Zygarde
|-start|p2a: Zygarde|Substitute
|-damage|p2a: Zygarde|304\/405
|move|p1a: Empoleon|Defog|p2a: Zygarde
|
|-heal|p2a: Zygarde|329\/405|[from] item: Leftovers
|-heal|p1a: Empoleon|330\/371|[from] item: Leftovers
|turn|19
|c|âSowwy|oml
|c|âSowwy|ofc i misclick
|c| GoldDiggersby|ahh nb
|c|âSowwy|gdi
|
|move|p2a: Zygarde|Earthquake|p1a: Empoleon
|-supereffective|p1a: Empoleon
|-damage|p1a: Empoleon|72\/371
|move|p1a: Empoleon|Roar|p2a: Zygarde
|drag|p2a: Tentacruel|Tentacruel, M|345\/364
|
|-heal|p2a: Tentacruel|364\/364|[from] item: Black Sludge
|-heal|p1a: Empoleon|95\/371|[from] item: Leftovers
|turn|20
|join|Lord Moxiekrow
|
|move|p2a: Tentacruel|Toxic Spikes|p1a: Empoleon
|-sidestart|p1: Sowwy|move: Toxic Spikes
|move|p1a: Empoleon|Stealth Rock|p2a: Tentacruel
|-sidestart|p2: st123|move: Stealth Rock
|
|-heal|p1a: Empoleon|118\/371|[from] item: Leftovers
|turn|21
|
|switch|p2a: Lopunny|Lopunny-Mega, M|239\/271
|-damage|p2a: Lopunny|223\/271|[from] Stealth Rock
|move|p1a: Empoleon|Defog|p2a: Lopunny
|-unboost|p2a: Lopunny|evasion|1
|-sideend|p2: st123|Stealth Rock|[from] move: Defog|[of] p2a: Lopunny
|-sideend|p1: Sowwy|Toxic Spikes|[from] move: Defog|[of] p1a: Empoleon
|
|-heal|p1a: Empoleon|141\/371|[from] item: Leftovers
|turn|22
|c|âSowwy|holy shit
|c|âSowwy|i hate my mouse
|c|âSowwy|so much
|
|switch|p1a: Hippowdon|Hippowdon, F|406\/419
|move|p2a: Lopunny|Drain Punch|p1a: Hippowdon
|-damage|p1a: Hippowdon|309\/419
|-heal|p2a: Lopunny|271\/271|[from] drain|[of] p1a: Hippowdon
|
|-heal|p1a: Hippowdon|335\/419|[from] item: Leftovers
|turn|23
|
|switch|p1a: Darmanitan|Darmanitan, M|351\/351
|move|p2a: Lopunny|Substitute|p2a: Lopunny
|-start|p2a: Lopunny|Substitute
|-damage|p2a: Lopunny|204\/271
|
|turn|24
|join|Count Bleck
|
|move|p1a: Darmanitan|U-turn|p2a: Lopunny
|-resisted|p2a: Lopunny
|-activate|p2a: Lopunny|Substitute|[damage]
|
|switch|p1a: Hippowdon|Hippowdon, F|335\/419
|move|p2a: Lopunny|Drain Punch|p1a: Hippowdon
|-damage|p1a: Hippowdon|244\/419
|-heal|p2a: Lopunny|250\/271|[from] drain|[of] p1a: Hippowdon
|
|-heal|p1a: Hippowdon|270\/419|[from] item: Leftovers
|turn|25
|
|move|p2a: Lopunny|Frustration|p1a: Hippowdon
|-crit|p1a: Hippowdon
|-damage|p1a: Hippowdon|93\/419
|move|p1a: Hippowdon|Slack Off|p1a: Hippowdon
|-heal|p1a: Hippowdon|303\/419
|
|-heal|p1a: Hippowdon|329\/419|[from] item: Leftovers
|turn|26
|
|move|p2a: Lopunny|Encore|p1a: Hippowdon
|-start|p1a: Hippowdon|Encore
|move|p1a: Hippowdon|Slack Off|p1a: Hippowdon
|-heal|p1a: Hippowdon|419\/419
|
|turn|27
|c| roast toast|does drain punch 2hko rachi ?
|
|move|p2a: Lopunny|Frustration|p1a: Hippowdon
|-crit|p1a: Hippowdon
|-damage|p1a: Hippowdon|221\/419
|move|p1a: Hippowdon|Slack Off|p1a: Hippowdon
|-heal|p1a: Hippowdon|419\/419
|
|turn|28
|c|âst123|idk
|
|switch|p1a: Empoleon|Empoleon, M|141\/371
|move|p2a: Lopunny|Drain Punch|p1a: Empoleon
|-supereffective|p1a: Empoleon
|-damage|p1a: Empoleon|0 fnt
|-heal|p2a: Lopunny|271\/271|[from] drain|[of] p1a: Empoleon
|faint|p1a: Empoleon
|
|join|TMitch
|
|switch|p1a: Darmanitan|Darmanitan, M|351\/351
|turn|29
|join|DrummerVim
|c|âst123|scarf rachi think
|
|move|p1a: Darmanitan|U-turn|p2a: Lopunny
|-resisted|p2a: Lopunny
|-end|p2a: Lopunny|Substitute
|leave|DrummerVim
|
|switch|p1a: Hippowdon|Hippowdon, F|419\/419
|move|p2a: Lopunny|Frustration|p1a: Hippowdon
|-damage|p1a: Hippowdon|287\/419
|
|-heal|p1a: Hippowdon|313\/419|[from] item: Leftovers
|turn|30
|leave|TMitch
|
|switch|p2a: Bronzong|Bronzong|263\/338
|move|p1a: Hippowdon|Earthquake|p2a: Bronzong
|-immune|p2a: Bronzong|[msg]
|
|-heal|p1a: Hippowdon|339\/419|[from] item: Leftovers
|-heal|p2a: Bronzong|284\/338|[from] item: Leftovers
|turn|31
|
|switch|p1a: Celebi|Celebi|341\/341
|move|p2a: Bronzong|Stealth Rock|p1a: Celebi
|-sidestart|p1: Sowwy|move: Stealth Rock
|
|-heal|p2a: Bronzong|305\/338|[from] item: Leftovers
|turn|32
|
|switch|p2a: Hydreigon|Hydreigon, M|227\/325
|move|p1a: Celebi|Baton Pass|p1a: Celebi
|
|switch|p1a: Hippowdon|Hippowdon, F|339\/419
|-damage|p1a: Hippowdon|313\/419|[from] Stealth Rock
|
|-heal|p1a: Hippowdon|339\/419|[from] item: Leftovers
|turn|33
|leave|Lord Moxiekrow
|c| Tipsy Russian|marth, your team doesnt look like fun to play against
|c| Tipsy Russian|didi you peak 1 yet
|
|move|p2a: Hydreigon|U-turn|p1a: Hippowdon
|-damage|p1a: Hippowdon|304\/419
|c| roast toast|252 Atk Mega Lopunny Drain Punch vs. 0 HP \/ 0 Def Jirachi: 127-151 (37.2 - 44.2%) -- guaranteed 3HKO
|c|âst123|yea bob passed me while sleep
|
|switch|p2a: Tentacruel|Tentacruel, M|364\/364
|move|p1a: Hippowdon|Toxic|p2a: Tentacruel
|-fail|p2a: Tentacruel
|
|-heal|p1a: Hippowdon|330\/419|[from] item: Leftovers
|turn|34
|
|move|p2a: Tentacruel|Toxic Spikes|p1a: Hippowdon
|-sidestart|p1: Sowwy|move: Toxic Spikes
|move|p1a: Hippowdon|Earthquake|p2a: Tentacruel
|-supereffective|p2a: Tentacruel
|-damage|p2a: Tentacruel|104\/364
|
|-heal|p2a: Tentacruel|126\/364|[from] item: Black Sludge
|-heal|p1a: Hippowdon|356\/419|[from] item: Leftovers
|turn|35
|
|switch|p2a: Bronzong|Bronzong|305\/338
|move|p1a: Hippowdon|Earthquake|p2a: Bronzong
|-immune|p2a: Bronzong|[msg]
|
|-heal|p1a: Hippowdon|382\/419|[from] item: Leftovers
|-heal|p2a: Bronzong|326\/338|[from] item: Leftovers
|turn|36
|leave|So Dynamic
|
|switch|p1a: Celebi|Celebi|341\/341
|-status|p1a: Celebi|psn
|-damage|p1a: Celebi|299\/341 psn|[from] Stealth Rock
|move|p2a: Bronzong|Toxic|p1a: Celebi|[miss]
|-miss|p2a: Bronzong|p1a: Celebi
|
|-heal|p2a: Bronzong|338\/338|[from] item: Leftovers
|-damage|p1a: Celebi|257\/341 psn|[from] psn
|turn|37
|leave|hurrrdurrrr
|
|switch|p2a: Hydreigon|Hydreigon, M|227\/325
|move|p1a: Celebi|Nasty Plot|p1a: Celebi
|-boost|p1a: Celebi|spa|2
|
|-damage|p1a: Celebi|215\/341 psn|[from] psn
|turn|38
|c|âSowwy|ye i cant break dis
|-message|Sowwy forfeited.
|
|win|st123
|c|âSowwy|gee gee
|c|âst123|gg
|leave|Tipsy Russian
|leave|Sowwy
|player|p1
|leave|YeLlOw SkArMoRy
|leave|st123
|player|p2
|leave|roast toast
|leave|Mike Hunts
|leave|LessThanThreeMan
|leave|QKIC
|leave|Count Bleck
|leave|Truth In Lies
|join|Truth In Lies
|leave|Truth In Lies
|leave|baenail
|leave|dodostain101