|join|st123
|join|Cerealman
|player|p1|st123|153
|player|p2|Cerealman|254
|gametype|singles
|gen|6
|tier|UU
|rated
|rule|Sleep Clause Mod: Limit one foe put to sleep
|rule|Species Clause: Limit one of each PokÃ©mon
|rule|OHKO Clause: OHKO moves are banned
|rule|Moody Clause: Moody is banned
|rule|Evasion Moves Clause: Evasion moves are banned
|rule|Endless Battle Clause: Forcing endless battles is banned
|rule|HP Percentage Mod: HP is shown in percentages
|clearpoke
|poke|p1|Smeargle, M
|poke|p1|Espeon, F
|poke|p1|Cottonee, F
|poke|p1|Whimsicott, F
|poke|p1|Azelf
|poke|p1|Aerodactyl, M
|poke|p2|Entei, shiny
|poke|p2|Bouffalant, M
|poke|p2|Blastoise, M
|poke|p2|Kyurem
|poke|p2|Nidoking, M
|poke|p2|Honchkrow, M
|rule|Swagger Clause: Swagger is banned
|rule|Baton Pass Clause: Limit one PokÃ©mon knowing Baton Pass
|teampreview
|
|start
|switch|p1a: Aerodactyl|Aerodactyl, M|301\/301
|switch|p2a: Entei|Entei, shiny|372\/372
|-ability|p1a: Aerodactyl|Pressure
|-ability|p2a: Entei|Pressure
|turn|1
|
|move|p1a: Aerodactyl|Stealth Rock|p2a: Entei
|-sidestart|p2: Cerealman|move: Stealth Rock
|move|p2a: Entei|Iron Head|p1a: Aerodactyl
|-supereffective|p1a: Aerodactyl
|-enditem|p1a: Aerodactyl|Focus Sash
|-damage|p1a: Aerodactyl|1\/301
|
|turn|2
|
|move|p1a: Aerodactyl|Double-Edge|p2a: Entei
|-damage|p2a: Entei|219\/372
|-damage|p1a: Aerodactyl|0 fnt|[from] recoil|[of] p2a: Entei
|faint|p1a: Aerodactyl
|move|p2a: Entei|Iron Head|p1: Aerodactyl|[notarget]
|-notarget
|
|
|switch|p1a: Cottonee|Cottonee, F|284\/284
|turn|3
|
|move|p1a: Cottonee|Tailwind|p1a: Cottonee
|-sidestart|p1: st123|move: Tailwind
|move|p2a: Entei|Iron Head|p1a: Cottonee
|-supereffective|p1a: Cottonee
|-enditem|p1a: Cottonee|Focus Sash
|-damage|p1a: Cottonee|1\/284
|
|turn|4
|
|move|p1a: Cottonee|Memento|p2a: Entei
|-unboost|p2a: Entei|atk|2
|-unboost|p2a: Entei|spa|2
|faint|p1a: Cottonee
|move|p2a: Entei|Iron Head|p1: Cottonee|[notarget]
|-notarget
|
|
|switch|p1a: Azelf|Azelf|354\/354
|turn|5
|
|switch|p2a: Blastoise|Blastoise, M|362\/362
|-damage|p2a: Blastoise|317\/362|[from] Stealth Rock
|move|p1a: Azelf|Reflect|p1a: Azelf
|-sidestart|p1: st123|Reflect
|
|turn|6
|
|detailschange|p2a: Blastoise|Blastoise-Mega, M
|message|Blastoise has Mega Evolved into Mega Blastoise!
|move|p1a: Azelf|Light Screen|p1a: Azelf
|-sidestart|p1: st123|move: Light Screen
|move|p2a: Blastoise|Dark Pulse|p1a: Azelf
|-crit|p1a: Azelf
|-supereffective|p1a: Azelf
|-damage|p1a: Azelf|0 fnt
|faint|p1a: Azelf
|
|-sideend|p1: st123|move: Tailwind
|
|switch|p1a: Whimsicott|Whimsicott, F|324\/324
|turn|7
|
|move|p1a: Whimsicott|Tailwind|p1a: Whimsicott
|-sidestart|p1: st123|move: Tailwind
|move|p2a: Blastoise|Rapid Spin|p1a: Whimsicott
|-damage|p1a: Whimsicott|315\/324
|-sideend|p2: Cerealman|Stealth Rock|[from] move: Rapid Spin|[of] p2a: Blastoise
|
|turn|8
|
|switch|p2a: Entei|Entei, shiny|219\/372
|-ability|p2a: Entei|Pressure
|move|p1a: Whimsicott|Memento|p2a: Entei
|-unboost|p2a: Entei|atk|2
|-unboost|p2a: Entei|spa|2
|faint|p1a: Whimsicott
|
|
|switch|p1a: Smeargle|Smeargle, M|275\/275
|turn|9
|
|move|p1a: Smeargle|Cotton Guard|p1a: Smeargle
|-boost|p1a: Smeargle|def|3
|move|p2a: Entei|Sacred Fire|p1a: Smeargle
|-damage|p1a: Smeargle|233\/275
|
|turn|10
|
|move|p1a: Smeargle|Quiver Dance|p1a: Smeargle
|-boost|p1a: Smeargle|spa|1
|-boost|p1a: Smeargle|spd|1
|-boost|p1a: Smeargle|spe|1
|move|p2a: Entei|Sacred Fire|p1a: Smeargle
|-damage|p1a: Smeargle|188\/275
|-status|p1a: Smeargle|brn
|
|-damage|p1a: Smeargle|154\/275 brn|[from] brn
|-sideend|p1: st123|move: Tailwind
|turn|11
|
|switch|p2a: Honchkrow|Honchkrow, M|404\/404
|move|p1a: Smeargle|Quiver Dance|p1a: Smeargle
|-boost|p1a: Smeargle|spa|1
|-boost|p1a: Smeargle|spd|1
|-boost|p1a: Smeargle|spe|1
|
|-damage|p1a: Smeargle|120\/275 brn|[from] brn
|-enditem|p1a: Smeargle|Sitrus Berry|[eat]
|-heal|p1a: Smeargle|188\/275 brn|[from] item: Sitrus Berry
|turn|12
|
|move|p1a: Smeargle|Dark Void|p2a: Honchkrow
|-status|p2a: Honchkrow|slp
|cant|p2a: Honchkrow|slp
|
|-damage|p1a: Smeargle|154\/275 brn|[from] brn
|-sideend|p1: st123|Reflect
|turn|13
|
|switch|p2a: Kyurem|Kyurem|454\/454
|-ability|p2a: Kyurem|Pressure
|move|p1a: Smeargle|Baton Pass|p1a: Smeargle
|
|switch|p1a: Espeon|Espeon, F|271\/271
|
|-sideend|p1: st123|move: Light Screen
|turn|14
|
|move|p1a: Espeon|Dazzling Gleam|p2a: Kyurem
|-supereffective|p2a: Kyurem
|-damage|p2a: Kyurem|34\/454
|move|p2a: Kyurem|Ice Beam|p1a: Espeon
|-damage|p1a: Espeon|135\/271
|
|-heal|p1a: Espeon|151\/271|[from] item: Leftovers
|turn|15
|
|move|p1a: Espeon|Dazzling Gleam|p2a: Kyurem
|-supereffective|p2a: Kyurem
|-damage|p2a: Kyurem|0 fnt
|faint|p2a: Kyurem
|
|-heal|p1a: Espeon|167\/271|[from] item: Leftovers
|
|switch|p2a: Bouffalant|Bouffalant, M|394\/394
|turn|16
|
|move|p1a: Espeon|Stored Power|p2a: Bouffalant
|-damage|p2a: Bouffalant|0 fnt
|faint|p2a: Bouffalant
|
|-heal|p1a: Espeon|183\/271|[from] item: Leftovers
|
|switch|p2a: Nidoking|Nidoking, M|304\/304
|turn|17
|
|move|p1a: Espeon|Stored Power|p2a: Nidoking
|-supereffective|p2a: Nidoking
|-damage|p2a: Nidoking|0 fnt
|faint|p2a: Nidoking
|
|-heal|p1a: Espeon|199\/271|[from] item: Leftovers
|
|switch|p2a: Blastoise|Blastoise-Mega, M|317\/362
|turn|18
|
|move|p1a: Espeon|Stored Power|p2a: Blastoise
|-damage|p2a: Blastoise|0 fnt
|faint|p2a: Blastoise
|
|-heal|p1a: Espeon|215\/271|[from] item: Leftovers
|
|switch|p2a: Honchkrow|Honchkrow, M|404\/404 slp
|turn|19
|c|âst123|salty
|c|âCerealman|Nah, I was busy
|
|cant|p2a: Honchkrow|slp
|move|p1a: Espeon|Dazzling Gleam|p2a: Honchkrow
|-supereffective|p2a: Honchkrow
|-damage|p2a: Honchkrow|0 fnt
|faint|p2a: Honchkrow
|
|-heal|p1a: Espeon|231\/271|[from] item: Leftovers
|
|switch|p2a: Entei|Entei, shiny|219\/372
|-ability|p2a: Entei|Pressure
|turn|20
|
|move|p1a: Espeon|Stored Power|p2a: Entei
|-damage|p2a: Entei|0 fnt
|faint|p2a: Entei
|
|win|st123
|raw|Ladder updating...
|raw|st123's rating: 1462 &rarr; <strong>1483<\/strong><br \/>(+21 for winning)
|raw|Cerealman's rating: 1478 &rarr; <strong>1457<\/strong><br \/>(-21 for losing)