|join|st123
|join|kurtsuckswilly
|player|p1|st123|153
|player|p2|kurtsuckswilly|162
|gametype|singles
|gen|6
|tier|UU
|rated
|rule|Sleep Clause Mod: Limit one foe put to sleep
|rule|Species Clause: Limit one of each Pokemon
|rule|OHKO Clause: OHKO moves are banned
|rule|Moody Clause: Moody is banned
|rule|Evasion Moves Clause: Evasion moves are banned
|rule|Endless Battle Clause: Forcing endless battles is banned.
|rule|HP Percentage Mod: HP is reported as percentages
|clearpoke
|poke|p1|Absol, M
|poke|p1|Empoleon, F
|poke|p1|Noivern, F
|poke|p1|Krookodile, M
|poke|p1|Rotom-Heat
|poke|p1|Chandelure, F
|poke|p2|Umbreon, F, shiny
|poke|p2|Infernape, F
|poke|p2|Amoonguss, F, shiny
|poke|p2|Swampert, F
|poke|p2|Blastoise, F
|poke|p2|Honchkrow, F
|teampreview
|
|start
|switch|p1a: Noivern|Noivern, F|317\/317
|switch|p2a: This is Bananas|Infernape, F|293\/293
|turn|1
|
|move|p2a: This is Bananas|Stone Edge|p1a: Noivern
|-supereffective|p1a: Noivern
|-damage|p1a: Noivern|63\/317
|move|p1a: Noivern|Draco Meteor|p2a: This is Bananas|[miss]
|-miss|p1a: Noivern|p2a: This is Bananas
|
|turn|2
|chat|kurtsuckswilly|no way you lived a stone edge tho
|
|switch|p2a: Fuck iTunes|Umbreon, F, shiny|394\/394
|switch|p1a: Empoleon|Empoleon, F|372\/372
|
|turn|3
|chat|st123|infernape really only has average att
|
|switch|p2a: Unicorns|Amoonguss, F, shiny|432\/432
|move|p1a: Empoleon|Stealth Rock|p2a: Unicorns
|-sidestart|p2: kurtsuckswilly|move: Stealth Rock
|
|turn|4
|
|switch|p1a: Noivern|Noivern, F|63\/317
|move|p2a: Unicorns|Spore|p1a: Noivern
|-status|p1a: Noivern|slp
|
|turn|5
|
|switch|p1a: Rotom-Heat|Rotom-Heat|303\/303
|switch|p2a: mfw no sap sipper|Swampert, F|401\/401
|-damage|p2a: mfw no sap sipper|376\/401|[from] Stealth Rock
|
|-heal|p2a: mfw no sap sipper|401\/401|[from] item: Leftovers
|turn|6
|
|move|p1a: Rotom-Heat|Will-O-Wisp|p2a: mfw no sap sipper
|-status|p2a: mfw no sap sipper|brn
|move|p2a: mfw no sap sipper|Stealth Rock|p1a: Rotom-Heat
|-sidestart|p1: st123|move: Stealth Rock
|
|-damage|p2a: mfw no sap sipper|351\/401 brn|[from] brn
|turn|7
|
|switch|p1a: Empoleon|Empoleon, F|372\/372
|-damage|p1a: Empoleon|349\/372|[from] Stealth Rock
|move|p2a: mfw no sap sipper|Toxic|p1a: Empoleon
|-fail|p1a: Empoleon
|
|-heal|p1a: Empoleon|372\/372|[from] item: Leftovers
|-heal|p2a: mfw no sap sipper|376\/401 brn|[from] item: Leftovers
|-damage|p2a: mfw no sap sipper|326\/401 brn|[from] brn
|turn|8
|
|move|p1a: Empoleon|Defog|p2a: mfw no sap sipper
|-unboost|p2a: mfw no sap sipper|evasion|1
|-sideend|p2: kurtsuckswilly|Stealth Rock|[from] move: Defog|[of] p2a: mfw no sap sipper
|-sideend|p1: st123|Stealth Rock|[from] move: Defog|[of] p1a: Empoleon
|move|p2a: mfw no sap sipper|Scald|p1a: Empoleon
|-resisted|p1a: Empoleon
|-damage|p1a: Empoleon|343\/372
|-status|p1a: Empoleon|brn
|
|-heal|p1a: Empoleon|366\/372 brn|[from] item: Leftovers
|-heal|p2a: mfw no sap sipper|351\/401 brn|[from] item: Leftovers
|-damage|p1a: Empoleon|320\/372 brn|[from] brn
|-damage|p2a: mfw no sap sipper|301\/401 brn|[from] brn
|turn|9
|
|move|p1a: Empoleon|Scald|p2a: mfw no sap sipper
|-damage|p2a: mfw no sap sipper|189\/401 brn
|move|p2a: mfw no sap sipper|Stealth Rock|p1a: Empoleon
|-sidestart|p1: st123|move: Stealth Rock
|
|-heal|p1a: Empoleon|343\/372 brn|[from] item: Leftovers
|-heal|p2a: mfw no sap sipper|214\/401 brn|[from] item: Leftovers
|-damage|p1a: Empoleon|297\/372 brn|[from] brn
|-damage|p2a: mfw no sap sipper|164\/401 brn|[from] brn
|turn|10
|
|switch|p2a: This is Bananas|Infernape, F|293\/293
|move|p1a: Empoleon|Defog|p2a: This is Bananas
|-unboost|p2a: This is Bananas|evasion|1
|-sideend|p1: st123|Stealth Rock|[from] move: Defog|[of] p1a: Empoleon
|
|-heal|p1a: Empoleon|320\/372 brn|[from] item: Leftovers
|-damage|p1a: Empoleon|274\/372 brn|[from] brn
|turn|11
|
|switch|p1a: Rotom-Heat|Rotom-Heat|303\/303
|move|p2a: This is Bananas|U-turn|p1a: Rotom-Heat
|-crit|p1a: Rotom-Heat
|-resisted|p1a: Rotom-Heat
|-damage|p1a: Rotom-Heat|263\/303
|
|switch|p2a: Fuck iTunes|Umbreon, F, shiny|394\/394
|
|-heal|p1a: Rotom-Heat|281\/303|[from] item: Leftovers
|turn|12
|
|move|p1a: Rotom-Heat|Volt Switch|p2a: Fuck iTunes
|-damage|p2a: Fuck iTunes|336\/394
|
|switch|p1a: Absol|Absol, M|271\/271
|move|p2a: Fuck iTunes|Heal Bell|p2a: Fuck iTunes
|-cureteam|p2a: Fuck iTunes|[from] move: HealBell
|
|-heal|p2a: Fuck iTunes|360\/394|[from] item: Leftovers
|turn|13
|
|detailschange|p1a: Absol|Absol-Mega, M
|message|Absol has Mega Evolved into Mega Absol!
|move|p1a: Absol|Superpower|p2a: Fuck iTunes
|-supereffective|p2a: Fuck iTunes
|-damage|p2a: Fuck iTunes|68\/394
|-unboost|p1a: Absol|atk|1
|-unboost|p1a: Absol|def|1
|move|p2a: Fuck iTunes|Foul Play|p1a: Absol
|-resisted|p1a: Absol
|-damage|p1a: Absol|140\/271
|
|-heal|p2a: Fuck iTunes|92\/394|[from] item: Leftovers
|turn|14
|
|switch|p2a: Unicorns|Amoonguss, F, shiny|432\/432
|move|p1a: Absol|Superpower|p2a: Unicorns
|-resisted|p2a: Unicorns
|-damage|p2a: Unicorns|382\/432
|-unboost|p1a: Absol|atk|1
|-unboost|p1a: Absol|def|1
|
|-heal|p2a: Unicorns|409\/432|[from] item: Leftovers
|turn|15
|join|SMG Legend
|
|switch|p1a: Rotom-Heat|Rotom-Heat|281\/303
|move|p2a: Unicorns|Sludge Bomb|p1a: Rotom-Heat
|-damage|p1a: Rotom-Heat|191\/303
|-status|p1a: Rotom-Heat|psn
|
|-heal|p1a: Rotom-Heat|209\/303 psn|[from] item: Leftovers
|-heal|p2a: Unicorns|432\/432|[from] item: Leftovers
|-damage|p1a: Rotom-Heat|172\/303 psn|[from] psn
|turn|16
|
|switch|p2a: mfw no sap sipper|Swampert, F|164\/401
|move|p1a: Rotom-Heat|Will-O-Wisp|p2a: mfw no sap sipper
|-status|p2a: mfw no sap sipper|brn
|
|-heal|p1a: Rotom-Heat|190\/303 psn|[from] item: Leftovers
|-heal|p2a: mfw no sap sipper|189\/401 brn|[from] item: Leftovers
|-damage|p1a: Rotom-Heat|153\/303 psn|[from] psn
|-damage|p2a: mfw no sap sipper|139\/401 brn|[from] brn
|turn|17
|
|switch|p1a: Absol|Absol-Mega, M|140\/271
|move|p2a: mfw no sap sipper|Stealth Rock|p1a: Absol
|move|p1a: Absol|Stealth Rock|p2a: mfw no sap sipper|[from]Magic Bounce
|-sidestart|p2: kurtsuckswilly|move: Stealth Rock
|
|-heal|p2a: mfw no sap sipper|164\/401 brn|[from] item: Leftovers
|-damage|p2a: mfw no sap sipper|114\/401 brn|[from] brn
|turn|18
|chat|kurtsuckswilly|aww no haha derp
|
|move|p1a: Absol|Knock Off|p2a: mfw no sap sipper
|-crit|p2a: mfw no sap sipper
|-damage|p2a: mfw no sap sipper|0 fnt
|faint|p2a: mfw no sap sipper
|
|
|switch|p2a: Punchin' Holes|Blastoise, F|362\/362
|-damage|p2a: Punchin' Holes|317\/362|[from] Stealth Rock
|turn|19
|
|detailschange|p2a: Punchin' Holes|Blastoise-Mega, F
|message|Blastoise has Mega Evolved into Mega Blastoise!
|move|p1a: Absol|Sucker Punch|p2a: Punchin' Holes
|-damage|p2a: Punchin' Holes|172\/362
|move|p2a: Punchin' Holes|Dark Pulse|p1a: Absol
|-resisted|p1a: Absol
|-damage|p1a: Absol|17\/271
|
|turn|20
|
|switch|p2a: Unicorns|Amoonguss, F, shiny|432\/432
|-damage|p2a: Unicorns|378\/432|[from] Stealth Rock
|move|p1a: Absol|Superpower|p2a: Unicorns
|-resisted|p2a: Unicorns
|-damage|p2a: Unicorns|311\/432
|-unboost|p1a: Absol|atk|1
|-unboost|p1a: Absol|def|1
|
|-heal|p2a: Unicorns|338\/432|[from] item: Leftovers
|turn|21
|
|move|p1a: Absol|Knock Off|p2a: Unicorns
|-damage|p2a: Unicorns|217\/432
|-enditem|p2a: Unicorns|Leftovers|[from] move: Knock Off|[of] p1a: Absol
|move|p2a: Unicorns|Sludge Bomb|p1a: Absol
|-damage|p1a: Absol|0 fnt
|faint|p1a: Absol
|
|
|switch|p1a: Chandelure|Chandelure, F|305\/305
|turn|22
|
|switch|p2a: Fuck iTunes|Umbreon, F, shiny|92\/394
|-damage|p2a: Fuck iTunes|43\/394|[from] Stealth Rock
|move|p1a: Chandelure|Substitute|p1a: Chandelure
|-start|p1a: Chandelure|Substitute
|-damage|p1a: Chandelure|229\/305
|
|-heal|p1a: Chandelure|248\/305|[from] item: Leftovers
|-heal|p2a: Fuck iTunes|67\/394|[from] item: Leftovers
|turn|23
|
|move|p1a: Chandelure|Flamethrower|p2a: Fuck iTunes
|-damage|p2a: Fuck iTunes|0 fnt
|faint|p2a: Fuck iTunes
|
|-heal|p1a: Chandelure|267\/305|[from] item: Leftovers
|
|switch|p2a: Punchin' Holes|Blastoise-Mega, F|172\/362
|-damage|p2a: Punchin' Holes|127\/362|[from] Stealth Rock
|turn|24
|
|move|p1a: Chandelure|Shadow Ball|p2a: Punchin' Holes
|-damage|p2a: Punchin' Holes|0 fnt
|faint|p2a: Punchin' Holes
|
|-heal|p1a: Chandelure|286\/305|[from] item: Leftovers
|
|switch|p2a: This is Bananas|Infernape, F|293\/293
|-damage|p2a: This is Bananas|257\/293|[from] Stealth Rock
|turn|25
|
|move|p2a: This is Bananas|U-turn|p1a: Chandelure
|-resisted|p1a: Chandelure
|-activate|p1a: Chandelure|Substitute|[damage]
|
|switch|p2a: Unicorns|Amoonguss, F, shiny|361\/432
|-damage|p2a: Unicorns|307\/432|[from] Stealth Rock
|move|p1a: Chandelure|Shadow Ball|p2a: Unicorns
|-damage|p2a: Unicorns|138\/432
|
|-heal|p1a: Chandelure|305\/305|[from] item: Leftovers
|turn|26
|chat|kurtsuckswilly|gg
|
|move|p1a: Chandelure|Flamethrower|p2a: Unicorns
|-supereffective|p2a: Unicorns
|-damage|p2a: Unicorns|0 fnt
|faint|p2a: Unicorns
|
|chat|st123|gg
|
|switch|p2a: Gordo|Honchkrow, F|341\/341
|-damage|p2a: Gordo|256\/341|[from] Stealth Rock
|turn|27
|
|move|p2a: Gordo|Sucker Punch|p1a: Chandelure
|-supereffective|p1a: Chandelure
|-end|p1a: Chandelure|Substitute
|-damage|p2a: Gordo|222\/341|[from] item: Life Orb
|move|p1a: Chandelure|Flamethrower|p2a: Gordo
|-damage|p2a: Gordo|0 fnt
|faint|p2a: Gordo
|
|
|switch|p2a: This is Bananas|Infernape, F|257\/293
|-damage|p2a: This is Bananas|221\/293|[from] Stealth Rock
|turn|28
|
|move|p2a: This is Bananas|Stone Edge|p1a: Chandelure
|-supereffective|p1a: Chandelure
|-damage|p1a: Chandelure|63\/305
|move|p1a: Chandelure|Shadow Ball|p2a: This is Bananas
|-damage|p2a: This is Bananas|29\/293
|
|-heal|p1a: Chandelure|82\/305|[from] item: Leftovers
|turn|29
|chat|kurtsuckswilly|srsli stone edge
|chat|kurtsuckswilly|srsli
|chat|kurtsuckswilly|not even an 1hko
|
|move|p2a: This is Bananas|Stone Edge|p1a: Chandelure
|-crit|p1a: Chandelure
|-supereffective|p1a: Chandelure
|-damage|p1a: Chandelure|0 fnt
|faint|p1a: Chandelure
|
|chat|st123|176 hp evs
|
|switch|p1a: Krookodile|Krookodile, M|335\/335
|turn|30
|chat|kurtsuckswilly|ah k
|
|move|p2a: This is Bananas|Stone Edge|p1a: Krookodile
|-resisted|p1a: Krookodile
|-damage|p1a: Krookodile|273\/335
|move|p1a: Krookodile|Earthquake|p2a: This is Bananas
|-supereffective|p2a: This is Bananas
|-damage|p2a: This is Bananas|0 fnt
|faint|p2a: This is Bananas
|-boost|p1a: Krookodile|atk|1|[from] ability: Moxie
|
|win|st123
|raw|Ladder updating...
|raw|st123's rating: 1621 &rarr; <strong>1634<\/strong><br \/>(+13 for winning)
|raw|kurtsuckswilly's rating: 1503 &rarr; <strong>1490<\/strong><br \/>(-13 for losing)
|chat|kurtsuckswilly|gg
|chat|st123|gg
|leave|st123
|player|p1
|leave|kurtsuckswilly
|player|p2