|join|st123
|join|DaRealDeal
|player|p1|st123|153
|player|p2|DaRealDeal|1
|gametype|singles
|gen|6
|tier|UU
|rated
|rule|Sleep Clause Mod: Limit one foe put to sleep
|rule|Species Clause: Limit one of each Pokemon
|rule|OHKO Clause: OHKO moves are banned
|rule|Moody Clause: Moody is banned
|rule|Evasion Moves Clause: Evasion moves are banned
|rule|Endless Battle Clause: Forcing endless battles is banned.
|rule|HP Percentage Mod: HP is reported as percentages
|clearpoke
|poke|p1|Froslass, F
|poke|p1|Lucario, M
|poke|p1|Aerodactyl, F
|poke|p1|Heracross, M
|poke|p1|Roserade, M
|poke|p1|Swampert, F
|poke|p2|Darmanitan, M
|poke|p2|Tornadus, M
|poke|p2|Aerodactyl, F
|poke|p2|Lucario, M
|poke|p2|Hydreigon, M
|poke|p2|Jirachi
|teampreview
|
|start
|switch|p1a: Froslass|Froslass, F|344\/344
|switch|p2a: Jirachi|Jirachi|397\/397
|turn|1
|
|move|p1a: Froslass|Taunt|p2a: Jirachi
|-start|p2a: Jirachi|move: Taunt
|cant|p2a: Jirachi|move: Taunt|Thunder Wave
|
|turn|2
|
|move|p1a: Froslass|Spikes|p2a: Jirachi
|-sidestart|p2: DaRealDeal|Spikes
|move|p2a: Jirachi|Iron Head|p1a: Froslass
|-supereffective|p1a: Froslass
|-enditem|p1a: Froslass|Focus Sash
|-damage|p1a: Froslass|1\/344
|
|turn|3
|
|move|p1a: Froslass|Destiny Bond|p1a: Froslass
|-singlemove|p1a: Froslass|Destiny Bond
|move|p2a: Jirachi|Dynamic Punch|p1a: Froslass
|-immune|p1a: Froslass|[msg]
|
|-end|p2a: Jirachi|move: Taunt
|turn|4
|
|move|p1a: Froslass|Spikes|p2a: Jirachi
|-sidestart|p2: DaRealDeal|Spikes
|move|p2a: Jirachi|Iron Head|p1a: Froslass
|-supereffective|p1a: Froslass
|-damage|p1a: Froslass|0 fnt
|faint|p1a: Froslass
|
|
|switch|p1a: Swampert|Swampert, F|404\/404
|turn|5
|
|move|p2a: Jirachi|Stealth Rock|p1a: Swampert
|-sidestart|p1: st123|move: Stealth Rock
|move|p1a: Swampert|Stealth Rock|p2a: Jirachi
|-sidestart|p2: DaRealDeal|move: Stealth Rock
|
|turn|6
|
|move|p2a: Jirachi|Dynamic Punch|p1a: Swampert|[miss]
|-miss|p2a: Jirachi|p1a: Swampert
|move|p1a: Swampert|Scald|p2a: Jirachi
|-damage|p2a: Jirachi|315\/397
|
|-heal|p2a: Jirachi|339\/397|[from] item: Leftovers
|turn|7
|
|move|p2a: Jirachi|Dynamic Punch|p1a: Swampert|[miss]
|-miss|p2a: Jirachi|p1a: Swampert
|move|p1a: Swampert|Earthquake|p2a: Jirachi
|-supereffective|p2a: Jirachi
|-damage|p2a: Jirachi|93\/397
|
|-heal|p2a: Jirachi|117\/397|[from] item: Leftovers
|turn|8
|chat|DaRealDeal|hit for once god dammit
|
|move|p2a: Jirachi|Dynamic Punch|p1a: Swampert|[miss]
|-miss|p2a: Jirachi|p1a: Swampert
|move|p1a: Swampert|Earthquake|p2a: Jirachi
|-supereffective|p2a: Jirachi
|-damage|p2a: Jirachi|0 fnt
|faint|p2a: Jirachi
|
|
|switch|p2a: Hydreigon|Hydreigon, M|325\/325
|-damage|p2a: Hydreigon|285\/325|[from] Stealth Rock
|turn|9
|
|move|p2a: Hydreigon|Dark Pulse|p1a: Swampert
|-damage|p1a: Swampert|193\/404
|cant|p1a: Swampert|flinch
|
|-heal|p1a: Swampert|218\/404|[from] item: Leftovers
|turn|10
|
|move|p2a: Hydreigon|Dark Pulse|p1a: Swampert
|-damage|p1a: Swampert|0 fnt
|faint|p1a: Swampert
|
|
|switch|p1a: Heracross|Heracross, M|302\/302
|-damage|p1a: Heracross|265\/302|[from] Stealth Rock
|turn|11
|
|switch|p2a: Tornadus|Tornadus, M|300\/300
|-damage|p2a: Tornadus|225\/300|[from] Stealth Rock
|move|p1a: Heracross|Close Combat|p2a: Tornadus
|-resisted|p2a: Tornadus
|-damage|p2a: Tornadus|83\/300
|-unboost|p1a: Heracross|def|1
|-unboost|p1a: Heracross|spd|1
|
|turn|12
|
|move|p2a: Tornadus|Tailwind|p2a: Tornadus
|-sidestart|p2: DaRealDeal|move: Tailwind
|move|p1a: Heracross|Close Combat|p2a: Tornadus
|-resisted|p2a: Tornadus
|-damage|p2a: Tornadus|0 fnt
|-unboost|p1a: Heracross|def|1
|-unboost|p1a: Heracross|spd|1
|faint|p2a: Tornadus
|-boost|p1a: Heracross|atk|1|[from] ability: Moxie
|
|
|switch|p2a: Hydreigon|Hydreigon, M|285\/325
|-damage|p2a: Hydreigon|245\/325|[from] Stealth Rock
|turn|13
|join|WeiMin
|
|switch|p1a: Roserade|Roserade, M|262\/262
|-damage|p1a: Roserade|230\/262|[from] Stealth Rock
|move|p2a: Hydreigon|Fire Blast|p1a: Roserade
|-supereffective|p1a: Roserade
|-damage|p1a: Roserade|0 fnt
|faint|p1a: Roserade
|
|
|switch|p1a: Aerodactyl|Aerodactyl, F|331\/331
|-damage|p1a: Aerodactyl|249\/331|[from] Stealth Rock
|-ability|p1a: Aerodactyl|Pressure
|turn|14
|
|detailschange|p1a: Aerodactyl|Aerodactyl-Mega, F
|message|Aerodactyl has Mega Evolved into Mega Aerodactyl!
|move|p2a: Hydreigon|Fire Blast|p1a: Aerodactyl
|-crit|p1a: Aerodactyl
|-resisted|p1a: Aerodactyl
|-damage|p1a: Aerodactyl|109\/331
|move|p1a: Aerodactyl|Stone Edge|p2a: Hydreigon
|-damage|p2a: Hydreigon|17\/325
|
|turn|15
|
|move|p2a: Hydreigon|Fire Blast|p1a: Aerodactyl
|-resisted|p1a: Aerodactyl
|-damage|p1a: Aerodactyl|8\/331
|-status|p1a: Aerodactyl|brn
|move|p1a: Aerodactyl|Roost|p1a: Aerodactyl
|-heal|p1a: Aerodactyl|174\/331 brn
|
|-damage|p1a: Aerodactyl|133\/331 brn|[from] brn
|-sideend|p2: DaRealDeal|move: Tailwind
|turn|16
|
|move|p1a: Aerodactyl|Roost|p1a: Aerodactyl
|-heal|p1a: Aerodactyl|299\/331 brn
|move|p2a: Hydreigon|Fire Blast|p1a: Aerodactyl
|-resisted|p1a: Aerodactyl
|-damage|p1a: Aerodactyl|192\/331 brn
|
|-damage|p1a: Aerodactyl|151\/331 brn|[from] brn
|turn|17
|
|move|p1a: Aerodactyl|Aqua Tail|p2a: Hydreigon
|-resisted|p2a: Hydreigon
|-damage|p2a: Hydreigon|0 fnt
|faint|p2a: Hydreigon
|
|-damage|p1a: Aerodactyl|110\/331 brn|[from] brn
|
|switch|p2a: Darmanitan|Darmanitan, M|352\/352
|-damage|p2a: Darmanitan|264\/352|[from] Stealth Rock
|-damage|p2a: Darmanitan|206\/352|[from] Spikes
|turn|18
|
|move|p1a: Aerodactyl|Roost|p1a: Aerodactyl
|-heal|p1a: Aerodactyl|276\/331 brn
|move|p2a: Darmanitan|Flare Blitz|p1a: Aerodactyl
|-resisted|p1a: Aerodactyl
|-damage|p1a: Aerodactyl|73\/331 brn
|-damage|p2a: Darmanitan|139\/352|[from] recoil|[of] p1a: Aerodactyl
|
|-damage|p1a: Aerodactyl|32\/331 brn|[from] brn
|turn|19
|
|move|p1a: Aerodactyl|Aqua Tail|p2a: Darmanitan|[miss]
|-miss|p1a: Aerodactyl|p2a: Darmanitan
|move|p2a: Darmanitan|Flare Blitz|p1a: Aerodactyl
|-resisted|p1a: Aerodactyl
|-damage|p1a: Aerodactyl|0 fnt
|-damage|p2a: Darmanitan|128\/352|[from] recoil|[of] p1a: Aerodactyl
|faint|p1a: Aerodactyl
|
|chat|DaRealDeal|sorry
|
|switch|p1a: Lucario|Lucario, M|281\/281
|-damage|p1a: Lucario|273\/281|[from] Stealth Rock
|turn|20
|
|move|p1a: Lucario|Extreme Speed|p2a: Darmanitan
|-damage|p2a: Darmanitan|0 fnt
|-damage|p1a: Lucario|245\/281|[from] item: Life Orb
|faint|p2a: Darmanitan
|
|
|switch|p2a: Lucario|Lucario, M|281\/281
|-damage|p2a: Lucario|235\/281|[from] Spikes
|-damage|p2a: Lucario|227\/281|[from] Stealth Rock
|turn|21
|
|move|p2a: Lucario|Close Combat|p1a: Lucario
|-supereffective|p1a: Lucario
|-damage|p1a: Lucario|0 fnt
|-unboost|p2a: Lucario|def|1
|-unboost|p2a: Lucario|spd|1
|-damage|p2a: Lucario|199\/281|[from] item: Life Orb
|faint|p1a: Lucario
|
|
|switch|p1a: Heracross|Heracross, M|265\/302
|-damage|p1a: Heracross|228\/302|[from] Stealth Rock
|turn|22
|
|move|p2a: Lucario|Extreme Speed|p1a: Heracross
|-crit|p1a: Heracross
|-damage|p1a: Heracross|33\/302
|-damage|p2a: Lucario|171\/281|[from] item: Life Orb
|move|p1a: Heracross|Close Combat|p2a: Lucario
|-supereffective|p2a: Lucario
|-damage|p2a: Lucario|0 fnt
|-unboost|p1a: Heracross|def|1
|-unboost|p1a: Heracross|spd|1
|faint|p2a: Lucario
|-boost|p1a: Heracross|atk|1|[from] ability: Moxie
|
|
|switch|p2a: Aerodactyl|Aerodactyl, F|302\/302
|-damage|p2a: Aerodactyl|227\/302|[from] Stealth Rock
|turn|23
|
|detailschange|p2a: Aerodactyl|Aerodactyl-Mega, F
|message|Aerodactyl has Mega Evolved into Mega Aerodactyl!
|move|p1a: Heracross|Close Combat|p2a: Aerodactyl
|-damage|p2a: Aerodactyl|0 fnt
|-unboost|p1a: Heracross|def|1
|-unboost|p1a: Heracross|spd|1
|faint|p2a: Aerodactyl
|-boost|p1a: Heracross|atk|1|[from] ability: Moxie
|
|win|st123
|raw|Ladder updating...
|raw|st123's rating: 1642 &rarr; <strong>1653<\/strong><br \/>(+11 for winning)
|raw|DaRealDeal's rating: 1479 &rarr; <strong>1468<\/strong><br \/>(-11 for losing)
|chat|st123|gg
|leave|DaRealDeal
|player|p2
|leave|st123
|player|p1