|join|purrl
|join|st123
|player|p1|purrl|8
|player|p2|st123|153
|gametype|singles
|gen|6
|tier|UU
|rated
|rule|Sleep Clause Mod: Limit one foe put to sleep
|rule|Species Clause: Limit one of each PokÃ©mon
|rule|OHKO Clause: OHKO moves are banned
|rule|Moody Clause: Moody is banned
|rule|Evasion Moves Clause: Evasion moves are banned
|rule|Endless Battle Clause: Forcing endless battles is banned
|rule|HP Percentage Mod: HP is shown in percentages
|clearpoke
|poke|p1|Absol, M
|poke|p1|Jirachi
|poke|p1|Chandelure, F
|poke|p1|Gligar, F
|poke|p1|Whimsicott, M, shiny
|poke|p1|Machamp, M
|poke|p2|Zygarde
|poke|p2|Lopunny, M
|poke|p2|Hydreigon, M
|poke|p2|Tentacruel, F
|poke|p2|Bronzong
|poke|p2|Florges, F
|rule|Swagger Clause: Swagger is banned
|rule|Baton Pass Clause: Limit one PokÃ©mon knowing Baton Pass
|teampreview
|join|Dudeman130498
|
|start
|switch|p1a: Chandelure|Chandelure, F|261\/261
|switch|p2a: Tentacruel|Tentacruel, F|364\/364
|turn|1
|
|move|p1a: Chandelure|Trick|p2a: Tentacruel
|-activate|p1a: Chandelure|move: Trick|[of] p2a: Tentacruel
|-item|p2a: Tentacruel|Choice Specs|[from] move: Trick
|-item|p1a: Chandelure|Black Sludge|[from] move: Trick
|move|p2a: Tentacruel|Toxic Spikes|p1a: Chandelure
|-sidestart|p1: purrl|move: Toxic Spikes
|
|-damage|p1a: Chandelure|229\/261|[from] item: Black Sludge
|turn|2
|
|move|p1a: Chandelure|Shadow Ball|p2a: Tentacruel
|-damage|p2a: Tentacruel|228\/364
|move|p2a: Tentacruel|Toxic Spikes|p1a: Chandelure
|-sidestart|p1: purrl|move: Toxic Spikes
|
|-damage|p1a: Chandelure|197\/261|[from] item: Black Sludge
|turn|3
|
|switch|p2a: Hydreigon|Hydreigon, M|325\/325
|move|p1a: Chandelure|Fire Blast|p2a: Hydreigon
|-resisted|p2a: Hydreigon
|-damage|p2a: Hydreigon|198\/325
|
|-damage|p1a: Chandelure|165\/261|[from] item: Black Sludge
|turn|4
|
|switch|p1a: Machamp|Machamp, M|364\/364
|-status|p1a: Machamp|tox
|move|p2a: Hydreigon|U-turn|p1a: Machamp
|-resisted|p1a: Machamp
|-damage|p1a: Machamp|335\/364 tox
|
|switch|p2a: Lopunny|Lopunny, M|271\/271
|
|-damage|p1a: Machamp|313\/364 tox|[from] psn
|turn|5
|
|switch|p1a: Gligar|Gligar, F|333\/333
|detailschange|p2a: Lopunny|Lopunny-Mega, M
|message|Lopunny has Mega Evolved into Mega Lopunny!
|move|p2a: Lopunny|High Jump Kick|p1a: Gligar
|-resisted|p1a: Gligar
|-damage|p1a: Gligar|276\/333
|
|turn|6
|
|move|p2a: Lopunny|Substitute|p2a: Lopunny
|-start|p2a: Lopunny|Substitute
|-damage|p2a: Lopunny|204\/271
|move|p1a: Gligar|Stealth Rock|p2a: Lopunny
|-sidestart|p2: st123|move: Stealth Rock
|
|turn|7
|c| Dudeman130498|rip
|
|move|p2a: Lopunny|Encore|p1a: Gligar
|-start|p1a: Gligar|Encore
|move|p1a: Gligar|Stealth Rock|p2a: Lopunny
|-fail|p2a: Lopunny
|
|turn|8
|
|switch|p1a: Jirachi|Jirachi|341\/341
|move|p2a: Lopunny|High Jump Kick|p1a: Jirachi
|-damage|p1a: Jirachi|112\/341
|
|turn|9
|
|move|p1a: Jirachi|U-turn|p2a: Lopunny
|-resisted|p2a: Lopunny
|-activate|p2a: Lopunny|Substitute|[damage]
|
|switch|p1a: Gligar|Gligar, F|276\/333
|move|p2a: Lopunny|High Jump Kick|p1a: Gligar
|-resisted|p1a: Gligar
|-damage|p1a: Gligar|219\/333
|
|turn|10
|
|move|p2a: Lopunny|Frustration|p1a: Gligar
|-damage|p1a: Gligar|135\/333
|move|p1a: Gligar|Earthquake|p2a: Lopunny
|-end|p2a: Lopunny|Substitute
|
|turn|11
|
|move|p2a: Lopunny|Frustration|p1a: Gligar
|-damage|p1a: Gligar|51\/333
|move|p1a: Gligar|Earthquake|p2a: Lopunny
|-damage|p2a: Lopunny|113\/271
|
|turn|12
|
|move|p2a: Lopunny|Frustration|p1a: Gligar
|-damage|p1a: Gligar|0 fnt
|faint|p1a: Gligar
|
|
|switch|p1a: Jirachi|Jirachi|112\/341
|turn|13
|
|switch|p2a: Bronzong|Bronzong|338\/338
|-damage|p2a: Bronzong|317\/338|[from] Stealth Rock
|move|p1a: Jirachi|Iron Head|p2a: Bronzong
|-resisted|p2a: Bronzong
|-damage|p2a: Bronzong|275\/338
|
|-heal|p2a: Bronzong|296\/338|[from] item: Leftovers
|turn|14
|
|switch|p1a: Chandelure|Chandelure, F|165\/261
|-status|p1a: Chandelure|tox
|move|p2a: Bronzong|Stealth Rock|p1a: Chandelure
|-sidestart|p1: purrl|move: Stealth Rock
|
|-damage|p1a: Chandelure|133\/261 tox|[from] item: Black Sludge
|-heal|p2a: Bronzong|317\/338|[from] item: Leftovers
|-damage|p1a: Chandelure|117\/261 tox|[from] psn
|turn|15
|
|switch|p2a: Tentacruel|Tentacruel, F|228\/364
|-damage|p2a: Tentacruel|183\/364|[from] Stealth Rock
|move|p1a: Chandelure|Fire Blast|p2a: Tentacruel
|-resisted|p2a: Tentacruel
|-damage|p2a: Tentacruel|84\/364
|
|-damage|p1a: Chandelure|85\/261 tox|[from] item: Black Sludge
|-damage|p1a: Chandelure|53\/261 tox|[from] psn
|turn|16
|
|move|p1a: Chandelure|Fire Blast|p2a: Tentacruel
|-resisted|p2a: Tentacruel
|-damage|p2a: Tentacruel|0 fnt
|faint|p2a: Tentacruel
|
|-damage|p1a: Chandelure|21\/261 tox|[from] item: Black Sludge
|-damage|p1a: Chandelure|0 fnt|[from] psn
|faint|p1a: Chandelure
|
|switch|p2a: Lopunny|Lopunny-Mega, M|113\/271
|switch|p1a: Machamp|Machamp, M|313\/364 tox
|-damage|p2a: Lopunny|97\/271|[from] Stealth Rock
|-damage|p1a: Machamp|291\/364 tox|[from] Stealth Rock
|turn|17
|
|move|p2a: Lopunny|High Jump Kick|p1a: Machamp
|-damage|p1a: Machamp|11\/364 tox
|move|p1a: Machamp|Dynamic Punch|p2a: Lopunny
|-supereffective|p2a: Lopunny
|-damage|p2a: Lopunny|0 fnt
|faint|p2a: Lopunny
|
|-damage|p1a: Machamp|0 fnt|[from] psn
|faint|p1a: Machamp
|join|Meruu
|
|switch|p2a: Hydreigon|Hydreigon, M|198\/325
|switch|p1a: Absol|Absol, M|271\/271
|-damage|p2a: Hydreigon|158\/325|[from] Stealth Rock
|-status|p1a: Absol|tox
|-damage|p1a: Absol|238\/271 tox|[from] Stealth Rock
|turn|18
|
|switch|p1a: Whimsicott|Whimsicott, M, shiny|261\/261
|-status|p1a: Whimsicott|tox
|-damage|p1a: Whimsicott|229\/261 tox|[from] Stealth Rock
|move|p2a: Hydreigon|Fire Blast|p1a: Whimsicott
|-supereffective|p1a: Whimsicott
|-damage|p1a: Whimsicott|0 fnt
|faint|p1a: Whimsicott
|
|join|waiv
|join|Tipsy Russian
|
|switch|p1a: Jirachi|Jirachi|112\/341
|-damage|p1a: Jirachi|91\/341|[from] Stealth Rock
|turn|19
|
|switch|p2a: Bronzong|Bronzong|317\/338
|-damage|p2a: Bronzong|296\/338|[from] Stealth Rock
|move|p1a: Jirachi|U-turn|p2a: Bronzong
|-damage|p2a: Bronzong|244\/338
|
|switch|p1a: Absol|Absol, M|238\/271 tox
|-damage|p1a: Absol|205\/271 tox|[from] Stealth Rock
|
|-heal|p2a: Bronzong|265\/338|[from] item: Leftovers
|-damage|p1a: Absol|189\/271 tox|[from] psn
|turn|20
|
|detailschange|p1a: Absol|Absol-Mega, M
|message|Absol has Mega Evolved into Mega Absol!
|move|p1a: Absol|Knock Off|p2a: Bronzong
|-supereffective|p2a: Bronzong
|-damage|p2a: Bronzong|0 fnt
|-enditem|p2a: Bronzong|Leftovers|[from] move: Knock Off|[of] p1a: Absol
|faint|p2a: Bronzong
|
|-damage|p1a: Absol|157\/271 tox|[from] psn
|c| Meruu|gonna run
|c| Meruu|flamethrower nidoqueen
|c| Meruu|just to bop you
|
|switch|p2a: Hydreigon|Hydreigon, M|158\/325
|-damage|p2a: Hydreigon|118\/325|[from] Stealth Rock
|turn|21
|
|move|p1a: Absol|Sucker Punch|p2a: Hydreigon
|-resisted|p2a: Hydreigon
|-damage|p2a: Hydreigon|31\/325
|move|p2a: Hydreigon|U-turn|p1a: Absol
|-supereffective|p1a: Absol
|-damage|p1a: Absol|0 fnt
|faint|p1a: Absol
|c| Tipsy Russian|flamethrower is weak
|c| Dudeman130498|that team is fukn brutal
|c| Tipsy Russian|use fire blast
|c| Tipsy Russian|nerd
|
|switch|p2a: Zygarde|Zygarde|405\/405
|-damage|p2a: Zygarde|380\/405|[from] Stealth Rock
|-ability|p2a: Zygarde|Aura Break
|
|-heal|p2a: Zygarde|405\/405|[from] item: Leftovers
|
|switch|p1a: Jirachi|Jirachi|91\/341
|-damage|p1a: Jirachi|70\/341|[from] Stealth Rock
|turn|22
|
|move|p1a: Jirachi|Iron Head|p2a: Zygarde
|-damage|p2a: Zygarde|308\/405
|cant|p2a: Zygarde|flinch
|
|-heal|p2a: Zygarde|333\/405|[from] item: Leftovers
|turn|23
|c| Meruu|will ice punch achieve
|c|âpurrl|no
|c| Meruu|mfw no ice punch
|c|âpurrl|ill flinch my way through
|
|move|p1a: Jirachi|Iron Head|p2a: Zygarde
|-damage|p2a: Zygarde|230\/405
|move|p2a: Zygarde|Earthquake|p1a: Jirachi
|-supereffective|p1a: Jirachi
|-damage|p1a: Jirachi|0 fnt
|faint|p1a: Jirachi
|
|win|st123
|raw|Ladder updating...
|c|âpurrl|gg
|raw|purrl's rating: 1588 &rarr; <strong>1558<\/strong><br \/>(-30 for losing)
|raw|st123's rating: 1408 &rarr; <strong>1438<\/strong><br \/>(+30 for winning)
|c|âst123|gg
|leave|purrl
|player|p1
|leave|Tipsy Russian
|leave|st123
|player|p2
|leave|Meruu
|leave|waiv
|leave|Dudeman130498
|join|st123