|join|King UU
|join|st123
|player|p1|King UU|29
|player|p2|st123|153
|gametype|singles
|gen|6
|tier|UU
|rated
|rule|Sleep Clause Mod: Limit one foe put to sleep
|rule|Species Clause: Limit one of each PokÃ©mon
|rule|OHKO Clause: OHKO moves are banned
|rule|Moody Clause: Moody is banned
|rule|Evasion Moves Clause: Evasion moves are banned
|rule|Endless Battle Clause: Forcing endless battles is banned
|rule|HP Percentage Mod: HP is shown in percentages
|clearpoke
|poke|p1|Crobat, M
|poke|p1|Krookodile, F
|poke|p1|Chesnaught, M
|poke|p1|Entei, shiny
|poke|p1|Forretress, M
|poke|p1|Vaporeon, M
|poke|p2|Aggron, F
|poke|p2|Florges, F
|poke|p2|Gastrodon, F
|poke|p2|Crobat, M
|poke|p2|Chandelure, M
|poke|p2|Hydreigon, F
|rule|Swagger Clause: Swagger is banned
|rule|Baton Pass Clause: Limit one PokÃ©mon knowing Baton Pass
|teampreview
|c|âst123|ah awesome for test team
|
|start
|switch|p1a: Chesnaught|Chesnaught, M|380\/380
|switch|p2a: Hydreigon|Hydreigon, F|325\/325
|turn|1
|
|switch|p2a: Crobat|Crobat, M|337\/337
|move|p1a: Chesnaught|Hammer Arm|p2a: Crobat
|-resisted|p2a: Crobat
|-damage|p2a: Crobat|298\/337
|-unboost|p1a: Chesnaught|spe|1
|
|-heal|p2a: Crobat|319\/337|[from] item: Black Sludge
|turn|2
|join|ANGER MANAGEMENT
|
|move|p1a: Chesnaught|Spiky Shield|p1a: Chesnaught
|-singleturn|p1a: Chesnaught|move: Protect
|move|p2a: Crobat|Brave Bird|p1a: Chesnaught
|-activate|p1a: Chesnaught|move: Protect
|-damage|p2a: Crobat|277\/337|[from] Spiky Shield|[of] p1a: Chesnaught
|
|-heal|p2a: Crobat|298\/337|[from] item: Black Sludge
|turn|3
|
|move|p2a: Crobat|U-turn|p1a: Chesnaught
|-damage|p1a: Chesnaught|333\/380
|
|switch|p2a: Chandelure|Chandelure, M|289\/289
|move|p1a: Chesnaught|Leech Seed|p2a: Chandelure
|-start|p2a: Chandelure|move: Leech Seed
|
|-heal|p1a: Chesnaught|356\/380|[from] item: Leftovers
|-damage|p2a: Chandelure|253\/289|[from] Leech Seed|[of] p1a: Chesnaught
|-heal|p1a: Chesnaught|380\/380|[silent]
|turn|4
|
|switch|p2a: Aggron|Aggron, F|344\/344
|move|p1a: Chesnaught|Spiky Shield|p1a: Chesnaught
|-fail|p1a: Chesnaught
|
|turn|5
|
|detailschange|p2a: Aggron|Aggron-Mega, F
|message|Aggron has Mega Evolved into Mega Aggron!
|move|p2a: Aggron|Stealth Rock|p1a: Chesnaught
|-sidestart|p1: King UU|move: Stealth Rock
|move|p1a: Chesnaught|Spikes|p2a: Aggron
|-sidestart|p2: st123|Spikes
|
|turn|6
|
|switch|p2a: Crobat|Crobat, M|298\/337
|move|p1a: Chesnaught|Leech Seed|p2a: Crobat
|-start|p2a: Crobat|move: Leech Seed
|
|-heal|p2a: Crobat|319\/337|[from] item: Black Sludge
|-damage|p2a: Crobat|277\/337|[from] Leech Seed|[of] p1a: Chesnaught
|turn|7
|
|move|p1a: Chesnaught|Spiky Shield|p1a: Chesnaught
|-singleturn|p1a: Chesnaught|move: Protect
|move|p2a: Crobat|Brave Bird|p1a: Chesnaught
|-activate|p1a: Chesnaught|move: Protect
|-damage|p2a: Crobat|235\/337|[from] Spiky Shield|[of] p1a: Chesnaught
|
|-heal|p2a: Crobat|256\/337|[from] item: Black Sludge
|-damage|p2a: Crobat|214\/337|[from] Leech Seed|[of] p1a: Chesnaught
|turn|8
|
|switch|p1a: Krookodile|Krookodile, F|393\/393
|-damage|p1a: Krookodile|369\/393|[from] Stealth Rock
|-ability|p1a: Krookodile|Intimidate|[of] p2a: Crobat
|-unboost|p2a: Crobat|atk|1
|move|p2a: Crobat|U-turn|p1a: Krookodile
|-supereffective|p1a: Krookodile
|-damage|p1a: Krookodile|281\/393
|
|switch|p2a: Hydreigon|Hydreigon, F|325\/325
|
|-heal|p1a: Krookodile|305\/393|[from] item: Leftovers
|turn|9
|
|switch|p1a: Vaporeon|Vaporeon, M|454\/454
|-damage|p1a: Vaporeon|398\/454|[from] Stealth Rock
|move|p2a: Hydreigon|Draco Meteor|p1a: Vaporeon
|-damage|p1a: Vaporeon|145\/454
|-unboost|p2a: Hydreigon|spa|2
|-damage|p2a: Hydreigon|293\/325|[from] item: Life Orb
|
|-heal|p1a: Vaporeon|173\/454|[from] item: Leftovers
|turn|10
|
|move|p2a: Hydreigon|Superpower|p1a: Vaporeon
|-damage|p1a: Vaporeon|27\/454
|-unboost|p2a: Hydreigon|atk|1
|-unboost|p2a: Hydreigon|def|1
|-damage|p2a: Hydreigon|261\/325|[from] item: Life Orb
|move|p1a: Vaporeon|Wish|p1a: Vaporeon
|
|-heal|p1a: Vaporeon|55\/454|[from] item: Leftovers
|turn|11
|
|switch|p2a: Gastrodon|Gastrodon, F|417\/417
|-damage|p2a: Gastrodon|365\/417|[from] Spikes
|move|p1a: Vaporeon|Protect|p1a: Vaporeon
|-fail|p1a: Vaporeon
|
|-heal|p1a: Vaporeon|282\/454|[from] move: Wish|[wisher] Vaporeon
|-heal|p1a: Vaporeon|310\/454|[from] item: Leftovers
|turn|12
|
|move|p1a: Vaporeon|Wish|p1a: Vaporeon
|move|p2a: Gastrodon|Toxic|p1a: Vaporeon
|-status|p1a: Vaporeon|tox
|
|-heal|p1a: Vaporeon|338\/454 tox|[from] item: Leftovers
|-damage|p1a: Vaporeon|310\/454 tox|[from] psn
|turn|13
|
|move|p1a: Vaporeon|Baton Pass|p1a: Vaporeon
|
|switch|p1a: Forretress|Forretress, M|354\/354
|-damage|p1a: Forretress|310\/354|[from] Stealth Rock
|move|p2a: Gastrodon|Earthquake|p1a: Forretress
|-crit|p1a: Forretress
|-damage|p1a: Forretress|211\/354
|
|-heal|p1a: Forretress|354\/354|[from] move: Wish|[wisher] Vaporeon
|turn|14
|
|move|p2a: Gastrodon|Scald|p1a: Forretress
|-damage|p1a: Forretress|228\/354
|move|p1a: Forretress|Stealth Rock|p2a: Gastrodon
|-sidestart|p2: st123|move: Stealth Rock
|
|-heal|p1a: Forretress|250\/354|[from] item: Leftovers
|turn|15
|
|move|p2a: Gastrodon|Scald|p1a: Forretress
|-damage|p1a: Forretress|127\/354
|move|p1a: Forretress|Rapid Spin|p2a: Gastrodon
|-damage|p2a: Gastrodon|349\/417
|-damage|p1a: Forretress|68\/354|[from] item: Rocky Helmet|[of] p2a: Gastrodon
|-sideend|p1: King UU|Stealth Rock|[from] move: Rapid Spin|[of] p1a: Forretress
|
|-heal|p1a: Forretress|90\/354|[from] item: Leftovers
|turn|16
|
|switch|p1a: Vaporeon|Vaporeon, M|310\/454 tox
|move|p2a: Gastrodon|Earthquake|p1a: Vaporeon
|-damage|p1a: Vaporeon|184\/454 tox
|
|-heal|p1a: Vaporeon|212\/454 tox|[from] item: Leftovers
|-damage|p1a: Vaporeon|184\/454 tox|[from] psn
|turn|17
|
|switch|p2a: Hydreigon|Hydreigon, F|261\/325
|-damage|p2a: Hydreigon|221\/325|[from] Stealth Rock
|move|p1a: Vaporeon|Wish|p1a: Vaporeon
|
|-heal|p1a: Vaporeon|212\/454 tox|[from] item: Leftovers
|-damage|p1a: Vaporeon|156\/454 tox|[from] psn
|turn|18
|
|move|p1a: Vaporeon|Protect|p1a: Vaporeon
|-singleturn|p1a: Vaporeon|Protect
|move|p2a: Hydreigon|Roost|p2a: Hydreigon
|-heal|p2a: Hydreigon|325\/325
|
|-heal|p1a: Vaporeon|383\/454 tox|[from] move: Wish|[wisher] Vaporeon
|-heal|p1a: Vaporeon|411\/454 tox|[from] item: Leftovers
|-damage|p1a: Vaporeon|327\/454 tox|[from] psn
|turn|19
|
|move|p2a: Hydreigon|Draco Meteor|p1a: Vaporeon
|-damage|p1a: Vaporeon|88\/454 tox
|-unboost|p2a: Hydreigon|spa|2
|-damage|p2a: Hydreigon|293\/325|[from] item: Life Orb
|move|p1a: Vaporeon|Baton Pass|p1a: Vaporeon
|
|switch|p1a: Entei|Entei, shiny|371\/371
|-ability|p1a: Entei|Pressure
|
|turn|20
|
|move|p2a: Hydreigon|Draco Meteor|p1a: Entei
|-damage|p1a: Entei|186\/371
|-unboost|p2a: Hydreigon|spa|2
|-damage|p2a: Hydreigon|261\/325|[from] item: Life Orb
|move|p1a: Entei|Sacred Fire|p2a: Hydreigon|[miss]
|-miss|p1a: Entei|p2a: Hydreigon
|
|turn|21
|
|switch|p2a: Chandelure|Chandelure, M|253\/289
|-damage|p2a: Chandelure|217\/289|[from] Spikes
|-damage|p2a: Chandelure|145\/289|[from] Stealth Rock
|switch|p1a: Crobat|Crobat, M|341\/341
|
|-heal|p2a: Chandelure|163\/289|[from] item: Leftovers
|turn|22
|
|switch|p2a: Gastrodon|Gastrodon, F|349\/417
|-damage|p2a: Gastrodon|297\/417|[from] Spikes
|-damage|p2a: Gastrodon|271\/417|[from] Stealth Rock
|move|p1a: Crobat|Brave Bird|p2a: Gastrodon
|-damage|p2a: Gastrodon|117\/417
|-damage|p1a: Crobat|285\/341|[from] item: Rocky Helmet|[of] p2a: Gastrodon
|-damage|p1a: Crobat|234\/341|[from] recoil|[of] p2a: Gastrodon
|
|-heal|p1a: Crobat|255\/341|[from] item: Black Sludge
|turn|23
|
|switch|p2a: Aggron|Aggron-Mega, F|344\/344
|-damage|p2a: Aggron|323\/344|[from] Stealth Rock
|-damage|p2a: Aggron|280\/344|[from] Spikes
|move|p1a: Crobat|Brave Bird|p2a: Aggron
|-resisted|p2a: Aggron
|-damage|p2a: Aggron|244\/344
|-damage|p1a: Crobat|243\/341|[from] recoil|[of] p2a: Aggron
|
|-heal|p1a: Crobat|264\/341|[from] item: Black Sludge
|turn|24
|join|Bob the Bro
|join|Tolstoy
|
|move|p1a: Crobat|Taunt|p2a: Aggron
|-start|p2a: Aggron|move: Taunt
|cant|p2a: Aggron|move: Taunt|Stealth Rock
|
|-heal|p1a: Crobat|285\/341|[from] item: Black Sludge
|turn|25
|
|move|p1a: Crobat|U-turn|p2a: Aggron
|-resisted|p2a: Aggron
|-damage|p2a: Aggron|229\/344
|
|switch|p1a: Krookodile|Krookodile, F|305\/393
|-ability|p1a: Krookodile|Intimidate|[of] p2a: Aggron
|-unboost|p2a: Aggron|atk|1
|move|p2a: Aggron|Heavy Slam|p1a: Krookodile
|-damage|p1a: Krookodile|190\/393
|
|-heal|p1a: Krookodile|214\/393|[from] item: Leftovers
|turn|26
|join|BenzMafia
|
|switch|p2a: Hydreigon|Hydreigon, F|261\/325
|-damage|p2a: Hydreigon|221\/325|[from] Stealth Rock
|move|p1a: Krookodile|Knock Off|p2a: Hydreigon
|-resisted|p2a: Hydreigon
|-damage|p2a: Hydreigon|122\/325
|-enditem|p2a: Hydreigon|Life Orb|[from] move: Knock Off|[of] p1a: Krookodile
|
|-heal|p1a: Krookodile|238\/393|[from] item: Leftovers
|turn|27
|
|switch|p1a: Forretress|Forretress, M|90\/354
|move|p2a: Hydreigon|Roost|p2a: Hydreigon
|-heal|p2a: Hydreigon|285\/325
|
|-heal|p1a: Forretress|112\/354|[from] item: Leftovers
|turn|28
|
|switch|p1a: Chesnaught|Chesnaught, M|380\/380
|move|p2a: Hydreigon|Dark Pulse|p1a: Chesnaught
|-resisted|p1a: Chesnaught
|-damage|p1a: Chesnaught|312\/380
|
|-heal|p1a: Chesnaught|335\/380|[from] item: Leftovers
|turn|29
|
|switch|p2a: Crobat|Crobat, M|214\/337
|-damage|p2a: Crobat|130\/337|[from] Stealth Rock
|move|p1a: Chesnaught|Spiky Shield|p1a: Chesnaught
|-fail|p1a: Chesnaught
|
|-heal|p2a: Crobat|151\/337|[from] item: Black Sludge
|-heal|p1a: Chesnaught|358\/380|[from] item: Leftovers
|turn|30
|
|move|p2a: Crobat|Defog|p1a: Chesnaught
|-unboost|p1a: Chesnaught|evasion|1
|-sideend|p2: st123|Spikes|[from] move: Defog|[of] p2a: Crobat
|-sideend|p2: st123|Stealth Rock|[from] move: Defog|[of] p2a: Crobat
|move|p1a: Chesnaught|Leech Seed|p2a: Crobat
|-start|p2a: Crobat|move: Leech Seed
|
|-heal|p2a: Crobat|172\/337|[from] item: Black Sludge
|-heal|p1a: Chesnaught|380\/380|[from] item: Leftovers
|-damage|p2a: Crobat|130\/337|[from] Leech Seed|[of] p1a: Chesnaught
|turn|31
|
|switch|p2a: Chandelure|Chandelure, M|163\/289
|switch|p1a: Entei|Entei, shiny|186\/371
|-ability|p1a: Entei|Pressure
|
|-heal|p2a: Chandelure|181\/289|[from] item: Leftovers
|turn|32
|
|switch|p2a: Gastrodon|Gastrodon, F|117\/417
|move|p1a: Entei|Stone Edge|p2a: Gastrodon
|-resisted|p2a: Gastrodon
|-damage|p2a: Gastrodon|25\/417
|
|turn|33
|
|switch|p2a: Aggron|Aggron-Mega, F|229\/344
|move|p1a: Entei|Stone Edge|p2a: Aggron
|-resisted|p2a: Aggron
|-damage|p2a: Aggron|192\/344
|
|turn|34
|
|switch|p1a: Forretress|Forretress, M|112\/354
|move|p2a: Aggron|Stealth Rock|p1a: Forretress
|-sidestart|p1: King UU|move: Stealth Rock
|
|-heal|p1a: Forretress|134\/354|[from] item: Leftovers
|turn|35
|
|move|p2a: Aggron|Earthquake|p1a: Forretress
|-damage|p1a: Forretress|65\/354
|move|p1a: Forretress|Stealth Rock|p2a: Aggron
|-sidestart|p2: st123|move: Stealth Rock
|
|-heal|p1a: Forretress|87\/354|[from] item: Leftovers
|turn|36
|
|move|p2a: Aggron|Earthquake|p1a: Forretress
|-damage|p1a: Forretress|26\/354
|move|p1a: Forretress|Rapid Spin|p2a: Aggron
|-resisted|p2a: Aggron
|-damage|p2a: Aggron|189\/344
|-sideend|p1: King UU|Stealth Rock|[from] move: Rapid Spin|[of] p1a: Forretress
|
|-heal|p1a: Forretress|48\/354|[from] item: Leftovers
|turn|37
|
|move|p2a: Aggron|Earthquake|p1a: Forretress
|-damage|p1a: Forretress|0 fnt
|faint|p1a: Forretress
|
|
|switch|p1a: Entei|Entei, shiny|186\/371
|-ability|p1a: Entei|Pressure
|turn|38
|
|switch|p2a: Gastrodon|Gastrodon, F|25\/417
|-damage|p2a: Gastrodon|0 fnt|[from] Stealth Rock
|faint|p2a: Gastrodon
|move|p1a: Entei|Sacred Fire|p2: Gastrodon|[notarget]
|-notarget
|
|
|switch|p2a: Chandelure|Chandelure, M|181\/289
|-damage|p2a: Chandelure|109\/289|[from] Stealth Rock
|turn|39
|
|switch|p1a: Vaporeon|Vaporeon, M|88\/454 tox
|move|p2a: Chandelure|Shadow Ball|p1a: Vaporeon
|-damage|p1a: Vaporeon|0 fnt
|faint|p1a: Vaporeon
|
|-heal|p2a: Chandelure|127\/289|[from] item: Leftovers
|
|switch|p1a: Crobat|Crobat, M|285\/341
|turn|40
|
|switch|p2a: Florges|Florges, F|360\/360
|-damage|p2a: Florges|315\/360|[from] Stealth Rock
|move|p1a: Crobat|Brave Bird|p2a: Florges
|-damage|p2a: Florges|149\/360
|-damage|p1a: Crobat|230\/341|[from] recoil|[of] p2a: Florges
|
|-heal|p1a: Crobat|251\/341|[from] item: Black Sludge
|-heal|p2a: Florges|171\/360|[from] item: Leftovers
|turn|41
|
|move|p2a: Florges|Protect|p2a: Florges
|-singleturn|p2a: Florges|Protect
|move|p1a: Crobat|Taunt|p2a: Florges
|-activate|p2a: Florges|Protect
|
|-heal|p1a: Crobat|272\/341|[from] item: Black Sludge
|-heal|p2a: Florges|193\/360|[from] item: Leftovers
|turn|42
|c| Bob the Bro|not even pursuit krook
|c| Bob the Bro|im dissapointed
|
|move|p1a: Crobat|Brave Bird|p2a: Florges
|-damage|p2a: Florges|18\/360
|-damage|p1a: Crobat|214\/341|[from] recoil|[of] p2a: Florges
|move|p2a: Florges|Wish|p2a: Florges
|
|-heal|p1a: Crobat|235\/341|[from] item: Black Sludge
|-heal|p2a: Florges|40\/360|[from] item: Leftovers
|turn|43
|
|switch|p2a: Aggron|Aggron-Mega, F|189\/344
|-damage|p2a: Aggron|168\/344|[from] Stealth Rock
|move|p1a: Crobat|U-turn|p2a: Aggron
|-resisted|p2a: Aggron
|-damage|p2a: Aggron|156\/344
|
|switch|p1a: Krookodile|Krookodile, F|238\/393
|-ability|p1a: Krookodile|Intimidate|[of] p2a: Aggron
|-unboost|p2a: Aggron|atk|1
|
|-heal|p2a: Aggron|336\/344|[from] move: Wish|[wisher] Florges
|-heal|p1a: Krookodile|262\/393|[from] item: Leftovers
|turn|44
|
|switch|p2a: Florges|Florges, F|40\/360
|-damage|p2a: Florges|0 fnt|[from] Stealth Rock
|faint|p2a: Florges
|move|p1a: Krookodile|Taunt|p2: Florges|[notarget]
|-notarget
|
|-heal|p1a: Krookodile|286\/393|[from] item: Leftovers
|
|switch|p2a: Crobat|Crobat, M|130\/337
|-damage|p2a: Crobat|46\/337|[from] Stealth Rock
|turn|45
|
|move|p2a: Crobat|Defog|p1a: Krookodile
|-unboost|p1a: Krookodile|evasion|1
|-sideend|p2: st123|Stealth Rock|[from] move: Defog|[of] p2a: Crobat
|move|p1a: Krookodile|Knock Off|p2a: Crobat
|-damage|p2a: Crobat|0 fnt
|-enditem|p2a: Crobat|Black Sludge|[from] move: Knock Off|[of] p1a: Krookodile
|faint|p2a: Crobat
|
|-heal|p1a: Krookodile|310\/393|[from] item: Leftovers
|
|switch|p2a: Hydreigon|Hydreigon, F|285\/325
|turn|46
|
|switch|p1a: Chesnaught|Chesnaught, M|380\/380
|move|p2a: Hydreigon|Draco Meteor|p1a: Chesnaught
|-crit|p1a: Chesnaught
|-damage|p1a: Chesnaught|0 fnt
|-unboost|p2a: Hydreigon|spa|2
|faint|p1a: Chesnaught
|
|
|switch|p1a: Crobat|Crobat, M|235\/341
|turn|47
|
|move|p1a: Crobat|U-turn|p2a: Hydreigon
|-supereffective|p2a: Hydreigon
|-damage|p2a: Hydreigon|143\/325
|
|switch|p1a: Krookodile|Krookodile, F|310\/393
|-ability|p1a: Krookodile|Intimidate|[of] p2a: Hydreigon
|-unboost|p2a: Hydreigon|atk|1
|move|p2a: Hydreigon|Roost|p2a: Hydreigon
|-heal|p2a: Hydreigon|306\/325
|
|-heal|p1a: Krookodile|334\/393|[from] item: Leftovers
|turn|48
|
|move|p2a: Hydreigon|Draco Meteor|p1a: Krookodile
|-damage|p1a: Krookodile|183\/393
|-unboost|p2a: Hydreigon|spa|2
|move|p1a: Krookodile|Bulk Up|p1a: Krookodile
|-boost|p1a: Krookodile|atk|1
|-boost|p1a: Krookodile|def|1
|
|-heal|p1a: Krookodile|207\/393|[from] item: Leftovers
|turn|49
|
|switch|p2a: Chandelure|Chandelure, M|127\/289
|move|p1a: Krookodile|Knock Off|p2a: Chandelure
|-supereffective|p2a: Chandelure
|-damage|p2a: Chandelure|0 fnt
|-enditem|p2a: Chandelure|Leftovers|[from] move: Knock Off|[of] p1a: Krookodile
|faint|p2a: Chandelure
|
|-heal|p1a: Krookodile|231\/393|[from] item: Leftovers
|
|switch|p2a: Hydreigon|Hydreigon, F|306\/325
|turn|50
|
|move|p2a: Hydreigon|Dark Pulse|p1a: Krookodile
|-resisted|p1a: Krookodile
|-damage|p1a: Krookodile|130\/393
|move|p1a: Krookodile|Knock Off|p2a: Hydreigon
|-resisted|p2a: Hydreigon
|-damage|p2a: Hydreigon|210\/325
|
|-heal|p1a: Krookodile|154\/393|[from] item: Leftovers
|turn|51
|
|move|p2a: Hydreigon|Draco Meteor|p1a: Krookodile
|-damage|p1a: Krookodile|0 fnt
|-unboost|p2a: Hydreigon|spa|2
|faint|p1a: Krookodile
|
|
|switch|p1a: Crobat|Crobat, M|235\/341
|turn|52
|
|move|p1a: Crobat|U-turn|p2a: Hydreigon
|-supereffective|p2a: Hydreigon
|-damage|p2a: Hydreigon|70\/325
|
|switch|p1a: Entei|Entei, shiny|186\/371
|-ability|p1a: Entei|Pressure
|move|p2a: Hydreigon|Roost|p2a: Hydreigon
|-heal|p2a: Hydreigon|233\/325
|
|turn|53
|
|switch|p1a: Crobat|Crobat, M|235\/341
|move|p2a: Hydreigon|Dark Pulse|p1a: Crobat
|-damage|p1a: Crobat|151\/341
|
|-heal|p1a: Crobat|172\/341|[from] item: Black Sludge
|turn|54
|join|blitzfiend
|
|switch|p2a: Aggron|Aggron-Mega, F|336\/344
|move|p1a: Crobat|Taunt|p2a: Aggron
|-start|p2a: Aggron|move: Taunt
|
|-heal|p1a: Crobat|193\/341|[from] item: Black Sludge
|turn|55
|
|move|p1a: Crobat|Roost|p1a: Crobat
|-heal|p1a: Crobat|341\/341
|move|p2a: Aggron|Heavy Slam|p1a: Crobat
|-crit|p1a: Crobat
|-damage|p1a: Crobat|14\/341
|
|-heal|p1a: Crobat|35\/341|[from] item: Black Sludge
|turn|56
|
|move|p1a: Crobat|U-turn|p2a: Aggron
|-resisted|p2a: Aggron
|-damage|p2a: Aggron|323\/344
|
|switch|p1a: Entei|Entei, shiny|186\/371
|-ability|p1a: Entei|Pressure
|move|p2a: Aggron|Heavy Slam|p1a: Entei
|-resisted|p1a: Entei
|-damage|p1a: Entei|148\/371
|
|turn|57
|
|move|p1a: Entei|Sacred Fire|p2a: Aggron
|-supereffective|p2a: Aggron
|-damage|p2a: Aggron|139\/344
|-status|p2a: Aggron|brn
|move|p2a: Aggron|Earthquake|p1a: Entei
|-supereffective|p1a: Entei
|-damage|p1a: Entei|36\/371
|
|-damage|p2a: Aggron|96\/344 brn|[from] brn
|-end|p2a: Aggron|move: Taunt
|turn|58
|join|Dudeman130498
|
|move|p1a: Entei|Sacred Fire|p2a: Aggron
|-supereffective|p2a: Aggron
|-damage|p2a: Aggron|0 fnt
|faint|p2a: Aggron
|
|
|switch|p2a: Hydreigon|Hydreigon, F|233\/325
|turn|59
|
|move|p2a: Hydreigon|Dark Pulse|p1a: Entei
|-crit|p1a: Entei
|-damage|p1a: Entei|0 fnt
|faint|p1a: Entei
|
|
|switch|p1a: Crobat|Crobat, M|35\/341
|turn|60
|
|move|p1a: Crobat|Roost|p1a: Crobat
|-heal|p1a: Crobat|206\/341
|move|p2a: Hydreigon|Dark Pulse|p1a: Crobat
|-damage|p1a: Crobat|32\/341
|
|-heal|p1a: Crobat|53\/341|[from] item: Black Sludge
|turn|61
|
|move|p1a: Crobat|Roost|p1a: Crobat
|-heal|p1a: Crobat|224\/341
|move|p2a: Hydreigon|Draco Meteor|p1a: Crobat
|-damage|p1a: Crobat|0 fnt
|-unboost|p2a: Hydreigon|spa|2
|faint|p1a: Crobat
|
|win|st123
|raw|Ladder updating...
|raw|King UU's rating: 1623 &rarr; <strong>1606<\/strong><br \/>(-17 for losing)
|raw|st123's rating: 1674 &rarr; <strong>1691<\/strong><br \/>(+17 for winning)
|c|âKing UU|gg
|leave|ANGER MANAGEMENT
|c|âst123|gg
|c|âKing UU|you can
|leave|blitzfiend
|c|âst123|last draco lol
|c|âKing UU|reply this if you want
|c|âKing UU|replay*
|leave|Bob the Bro
|c|âst123|yea it was pretty good one
|c|âKing UU|go ahead ;)
|leave|King UU
|player|p1
|c|âst123|ill do it sure =