|join|st123
|join|Nightmare Vampire
|player|p1|st123|153
|player|p2|Nightmare Vampire|7
|gametype|singles
|gen|6
|tier|UU
|rated
|rule|Sleep Clause Mod: Limit one foe put to sleep
|rule|Species Clause: Limit one of each Pokemon
|rule|OHKO Clause: OHKO moves are banned
|rule|Moody Clause: Moody is banned
|rule|Evasion Moves Clause: Evasion moves are banned
|rule|Endless Battle Clause: Forcing endless battles is banned.
|rule|HP Percentage Mod: HP is reported as percentages
|clearpoke
|poke|p1|Froslass, F
|poke|p1|Lucario, F
|poke|p1|Aerodactyl, M
|poke|p1|Heracross, M
|poke|p1|Roserade, F
|poke|p1|Swampert, M
|poke|p2|Goodra, M, shiny
|poke|p2|Blissey, F
|poke|p2|Ampharos, M
|poke|p2|Tentacruel, M
|poke|p2|Chesnaught, F
|poke|p2|Sableye, F
|teampreview
|join|shadow222
|
|start
|switch|p1a: Froslass|Froslass, F|344\/344
|switch|p2a: Engagement|Sableye, F|303\/303
|turn|1
|
|switch|p1a: Roserade|Roserade, F|262\/262
|move|p2a: Engagement|Taunt|p1a: Roserade
|-start|p1a: Roserade|move: Taunt
|
|turn|2
|
|move|p1a: Roserade|Leaf Storm|p2a: Engagement
|-damage|p2a: Engagement|30\/303
|-unboost|p1a: Roserade|spa|2
|-damage|p1a: Roserade|236\/262|[from] item: Life Orb
|move|p2a: Engagement|Knock Off|p1a: Roserade
|-damage|p1a: Roserade|103\/262
|-enditem|p1a: Roserade|Life Orb|[from] move: Knock Off|[of] p2a: Engagement
|
|-heal|p2a: Engagement|48\/303|[from] item: Leftovers
|turn|3
|
|move|p2a: Engagement|Recover|p2a: Engagement
|-heal|p2a: Engagement|200\/303
|move|p1a: Roserade|Leaf Storm|p2a: Engagement
|-damage|p2a: Engagement|100\/303
|-unboost|p1a: Roserade|spa|2
|
|-heal|p2a: Engagement|118\/303|[from] item: Leftovers
|turn|4
|
|switch|p1a: Swampert|Swampert, M|404\/404
|move|p2a: Engagement|Recover|p2a: Engagement
|-heal|p2a: Engagement|270\/303
|
|-heal|p2a: Engagement|288\/303|[from] item: Leftovers
|turn|5
|
|move|p2a: Engagement|Taunt|p1a: Swampert
|-start|p1a: Swampert|move: Taunt
|cant|p1a: Swampert|move: Taunt|Stealth Rock
|
|-heal|p2a: Engagement|303\/303|[from] item: Leftovers
|turn|6
|
|move|p2a: Engagement|Will-O-Wisp|p1a: Swampert
|-status|p1a: Swampert|brn
|move|p1a: Swampert|Scald|p2a: Engagement
|-damage|p2a: Engagement|227\/303
|
|-heal|p2a: Engagement|245\/303|[from] item: Leftovers
|-damage|p1a: Swampert|354\/404 brn|[from] brn
|turn|7
|
|switch|p2a: Scrambled|Blissey, F|713\/713
|move|p1a: Swampert|Scald|p2a: Scrambled
|-damage|p2a: Scrambled|647\/713
|
|-heal|p2a: Scrambled|691\/713|[from] item: Leftovers
|-heal|p1a: Swampert|379\/404 brn|[from] item: Leftovers
|-damage|p1a: Swampert|329\/404 brn|[from] brn
|-end|p1a: Swampert|move: Taunt
|turn|8
|
|switch|p1a: Froslass|Froslass, F|344\/344
|move|p2a: Scrambled|Stealth Rock|p1a: Froslass
|-sidestart|p1: st123|move: Stealth Rock
|
|-heal|p2a: Scrambled|713\/713|[from] item: Leftovers
|turn|9
|
|switch|p2a: Engagement|Sableye, F|245\/303
|move|p1a: Froslass|Taunt|p2a: Engagement
|-start|p2a: Engagement|move: Taunt
|
|-heal|p2a: Engagement|263\/303|[from] item: Leftovers
|turn|10
|leave|shadow222
|
|move|p1a: Froslass|Spikes|p2a: Engagement
|-sidestart|p2: Nightmare Vampire|Spikes
|move|p2a: Engagement|Knock Off|p1a: Froslass
|-supereffective|p1a: Froslass
|-damage|p1a: Froslass|104\/344
|-enditem|p1a: Froslass|Focus Sash|[from] move: Knock Off|[of] p2a: Engagement
|
|-heal|p2a: Engagement|281\/303|[from] item: Leftovers
|turn|11
|
|switch|p2a: Release Da Kraken!|Tentacruel, M|363\/363
|-damage|p2a: Release Da Kraken!|318\/363|[from] Spikes
|move|p1a: Froslass|Destiny Bond|p1a: Froslass
|-singlemove|p1a: Froslass|Destiny Bond
|
|-heal|p2a: Release Da Kraken!|340\/363|[from] item: Black Sludge
|turn|12
|
|move|p1a: Froslass|Destiny Bond|p1a: Froslass
|-singlemove|p1a: Froslass|Destiny Bond
|move|p2a: Release Da Kraken!|Rapid Spin|p1a: Froslass
|-immune|p1a: Froslass|[msg]
|
|-heal|p2a: Release Da Kraken!|362\/363|[from] item: Black Sludge
|turn|13
|
|move|p1a: Froslass|Taunt|p2a: Release Da Kraken!
|-start|p2a: Release Da Kraken!|move: Taunt
|move|p2a: Release Da Kraken!|Rapid Spin|p1a: Froslass
|-immune|p1a: Froslass|[msg]
|
|-heal|p2a: Release Da Kraken!|363\/363|[from] item: Black Sludge
|turn|14
|
|move|p1a: Froslass|Destiny Bond|p1a: Froslass
|-singlemove|p1a: Froslass|Destiny Bond
|move|p2a: Release Da Kraken!|Rapid Spin|p1a: Froslass
|-immune|p1a: Froslass|[msg]
|
|turn|15
|
|move|p1a: Froslass|Spikes|p2a: Release Da Kraken!
|-sidestart|p2: Nightmare Vampire|Spikes
|move|p2a: Release Da Kraken!|Rapid Spin|p1a: Froslass
|-immune|p1a: Froslass|[msg]
|
|-end|p2a: Release Da Kraken!|move: Taunt
|turn|16
|
|move|p1a: Froslass|Destiny Bond|p1a: Froslass
|-singlemove|p1a: Froslass|Destiny Bond
|move|p2a: Release Da Kraken!|Knock Off|p1a: Froslass
|-supereffective|p1a: Froslass
|-damage|p1a: Froslass|14\/344
|
|turn|17
|join|WeiMin
|
|move|p1a: Froslass|Thunder Wave|p2a: Release Da Kraken!
|-status|p2a: Release Da Kraken!|par
|cant|p2a: Release Da Kraken!|par
|
|turn|18
|
|move|p1a: Froslass|Spikes|p2a: Release Da Kraken!
|-sidestart|p2: Nightmare Vampire|Spikes
|cant|p2a: Release Da Kraken!|par
|
|turn|19
|
|move|p1a: Froslass|Destiny Bond|p1a: Froslass
|-singlemove|p1a: Froslass|Destiny Bond
|move|p2a: Release Da Kraken!|Scald|p1a: Froslass
|-damage|p1a: Froslass|0 fnt
|faint|p1a: Froslass
|-activate|p1a: Froslass|Destiny Bond
|faint|p2a: Release Da Kraken!
|
|
|switch|p2a: Locks o' Love|Ampharos, M|383\/383
|-damage|p2a: Locks o' Love|288\/383|[from] Spikes
|switch|p1a: Swampert|Swampert, M|329\/404 brn
|-damage|p1a: Swampert|304\/404 brn|[from] Stealth Rock
|turn|20
|
|detailschange|p2a: Locks o' Love|Ampharos-Mega, M
|message|Ampharos has Mega Evolved into Mega Ampharos!
|-ability|p2a: Locks o' Love|Mold Breaker
|move|p2a: Locks o' Love|Dragon Pulse|p1a: Swampert
|-damage|p1a: Swampert|138\/404 brn
|move|p1a: Swampert|Stealth Rock|p2a: Locks o' Love
|-sidestart|p2: Nightmare Vampire|move: Stealth Rock
|
|-heal|p1a: Swampert|163\/404 brn|[from] item: Leftovers
|-damage|p1a: Swampert|113\/404 brn|[from] brn
|turn|21
|
|move|p1a: Swampert|Earthquake|p2a: Locks o' Love
|-supereffective|p2a: Locks o' Love
|-damage|p2a: Locks o' Love|198\/383
|move|p2a: Locks o' Love|Dragon Pulse|p1a: Swampert
|-damage|p1a: Swampert|0 fnt
|faint|p1a: Swampert
|
|
|switch|p1a: Roserade|Roserade, F|103\/262
|-damage|p1a: Roserade|71\/262|[from] Stealth Rock
|turn|22
|
|move|p1a: Roserade|Sleep Powder|p2a: Locks o' Love
|-status|p2a: Locks o' Love|slp
|cant|p2a: Locks o' Love|slp
|
|turn|23
|
|move|p1a: Roserade|Sludge Bomb|p2a: Locks o' Love
|-damage|p2a: Locks o' Love|47\/383 slp
|cant|p2a: Locks o' Love|slp
|move|p2a: Locks o' Love|Sleep Talk|p2a: Locks o' Love
|move|p2a: Locks o' Love|Volt Switch|p1a: Roserade|[from]Sleep Talk
|-resisted|p1a: Roserade
|-damage|p1a: Roserade|5\/262
|
|switch|p2a: Scrambled|Blissey, F|713\/713
|-damage|p2a: Scrambled|535\/713|[from] Spikes
|-damage|p2a: Scrambled|446\/713|[from] Stealth Rock
|
|-heal|p2a: Scrambled|490\/713|[from] item: Leftovers
|turn|24
|
|move|p1a: Roserade|Sludge Bomb|p2a: Scrambled
|-damage|p2a: Scrambled|381\/713
|-status|p2a: Scrambled|psn
|move|p2a: Scrambled|Wish|p2a: Scrambled
|
|-heal|p2a: Scrambled|425\/713 psn|[from] item: Leftovers
|-damage|p2a: Scrambled|336\/713 psn|[from] psn
|turn|25
|
|move|p1a: Roserade|Sludge Bomb|p2a: Scrambled
|-damage|p2a: Scrambled|218\/713 psn
|move|p2a: Scrambled|Seismic Toss|p1a: Roserade
|-damage|p1a: Roserade|0 fnt
|faint|p1a: Roserade
|
|-heal|p2a: Scrambled|574\/713 psn|[from] move: Wish|[wisher] Scrambled
|-heal|p2a: Scrambled|618\/713 psn|[from] item: Leftovers
|-damage|p2a: Scrambled|529\/713 psn|[from] psn
|
|switch|p1a: Lucario|Lucario, F|281\/281
|-damage|p1a: Lucario|273\/281|[from] Stealth Rock
|turn|26
|
|switch|p2a: Engagement|Sableye, F|281\/303
|-damage|p2a: Engagement|244\/303|[from] Stealth Rock
|-damage|p2a: Engagement|169\/303|[from] Spikes
|move|p1a: Lucario|Crunch|p2a: Engagement
|-damage|p2a: Engagement|25\/303
|-damage|p1a: Lucario|245\/281|[from] item: Life Orb
|
|-heal|p2a: Engagement|43\/303|[from] item: Leftovers
|turn|27
|
|move|p2a: Engagement|Will-O-Wisp|p1a: Lucario|[miss]
|-miss|p2a: Engagement|p1a: Lucario
|move|p1a: Lucario|Crunch|p2a: Engagement
|-damage|p2a: Engagement|0 fnt
|-damage|p1a: Lucario|217\/281|[from] item: Life Orb
|faint|p2a: Engagement
|
|chat|Nightmare Vampire|Fuck
|chat|Nightmare Vampire|Gg
|
|switch|p2a: Chesticles|Chesnaught, F|379\/379
|-damage|p2a: Chesticles|356\/379|[from] Stealth Rock
|-damage|p2a: Chesticles|262\/379|[from] Spikes
|turn|28
|
|switch|p1a: Heracross|Heracross, M|302\/302
|-damage|p1a: Heracross|265\/302|[from] Stealth Rock
|move|p2a: Chesticles|Leech Seed|p1a: Heracross
|-start|p1a: Heracross|move: Leech Seed
|
|-heal|p2a: Chesticles|285\/379|[from] item: Leftovers
|-damage|p1a: Heracross|228\/302|[from] Leech Seed|[of] p2a: Chesticles
|-heal|p2a: Chesticles|322\/379|[silent]
|turn|29
|
|move|p2a: Chesticles|Spiky Shield|p2a: Chesticles
|-singleturn|p2a: Chesticles|move: Protect
|move|p1a: Heracross|Close Combat|p2a: Chesticles
|-activate|p2a: Chesticles|move: Protect
|-damage|p1a: Heracross|191\/302|[from] Spiky Shield|[of] p2a: Chesticles
|
|-heal|p2a: Chesticles|345\/379|[from] item: Leftovers
|-damage|p1a: Heracross|154\/302|[from] Leech Seed|[of] p2a: Chesticles
|-heal|p2a: Chesticles|379\/379|[silent]
|turn|30
|
|move|p1a: Heracross|Close Combat|p2a: Chesticles
|-damage|p2a: Chesticles|237\/379
|-unboost|p1a: Heracross|def|1
|-unboost|p1a: Heracross|spd|1
|move|p2a: Chesticles|Spikes|p1a: Heracross
|-sidestart|p1: st123|Spikes
|
|-heal|p2a: Chesticles|260\/379|[from] item: Leftovers
|-damage|p1a: Heracross|117\/302|[from] Leech Seed|[of] p2a: Chesticles
|-heal|p2a: Chesticles|297\/379|[silent]
|turn|31
|
|switch|p1a: Aerodactyl|Aerodactyl, M|331\/331
|-damage|p1a: Aerodactyl|249\/331|[from] Stealth Rock
|-ability|p1a: Aerodactyl|Pressure
|move|p2a: Chesticles|Hammer Arm|p1a: Aerodactyl
|-damage|p1a: Aerodactyl|59\/331
|-unboost|p2a: Chesticles|spe|1
|
|-heal|p2a: Chesticles|320\/379|[from] item: Leftovers
|turn|32
|
|detailschange|p1a: Aerodactyl|Aerodactyl-Mega, M
|message|Aerodactyl has Mega Evolved into Mega Aerodactyl!
|move|p2a: Chesticles|Spiky Shield|p2a: Chesticles
|-singleturn|p2a: Chesticles|move: Protect
|move|p1a: Aerodactyl|Taunt|p2a: Chesticles
|-activate|p2a: Chesticles|move: Protect
|
|-heal|p2a: Chesticles|343\/379|[from] item: Leftovers
|turn|33
|
|move|p1a: Aerodactyl|Taunt|p2a: Chesticles
|-start|p2a: Chesticles|move: Taunt
|move|p2a: Chesticles|Hammer Arm|p1a: Aerodactyl
|-damage|p1a: Aerodactyl|0 fnt
|-unboost|p2a: Chesticles|spe|1
|faint|p1a: Aerodactyl
|
|-heal|p2a: Chesticles|366\/379|[from] item: Leftovers
|
|switch|p1a: Heracross|Heracross, M|117\/302
|-damage|p1a: Heracross|80\/302|[from] Stealth Rock
|-damage|p1a: Heracross|43\/302|[from] Spikes
|turn|34
|
|switch|p2a: Locks o' Love|Ampharos-Mega, M|47\/383 slp
|-damage|p2a: Locks o' Love|0 fnt|[from] Stealth Rock
|faint|p2a: Locks o' Love
|move|p1a: Heracross|Megahorn|p2: Locks o' Love|[notarget]
|-notarget
|
|
|switch|p2a: Chesticles|Chesnaught, F|366\/379
|-damage|p2a: Chesticles|343\/379|[from] Stealth Rock
|-damage|p2a: Chesticles|249\/379|[from] Spikes
|turn|35
|
|move|p1a: Heracross|Megahorn|p2a: Chesticles|[miss]
|-miss|p1a: Heracross|p2a: Chesticles
|move|p2a: Chesticles|Leech Seed|p1a: Heracross
|-start|p1a: Heracross|move: Leech Seed
|
|-heal|p2a: Chesticles|272\/379|[from] item: Leftovers
|-damage|p1a: Heracross|6\/302|[from] Leech Seed|[of] p2a: Chesticles
|-heal|p2a: Chesticles|309\/379|[silent]
|turn|36
|chat|Nightmare Vampire|Hax4Hax, xD
|chat|Nightmare Vampire|I miss Wisp
|chat|Nightmare Vampire|You miss Megahorn
|
|move|p1a: Heracross|Megahorn|p2a: Chesticles
|-damage|p2a: Chesticles|167\/379
|move|p2a: Chesticles|Spikes|p1a: Heracross
|-sidestart|p1: st123|Spikes
|
|-heal|p2a: Chesticles|190\/379|[from] item: Leftovers
|-damage|p1a: Heracross|0 fnt|[from] Leech Seed|[of] p2a: Chesticles
|-heal|p2a: Chesticles|196\/379|[silent]
|faint|p1a: Heracross
|chat|st123|yea i dont think i was breaking ches anyway
|
|switch|p1a: Lucario|Lucario, F|217\/281
|-damage|p1a: Lucario|171\/281|[from] Spikes
|-damage|p1a: Lucario|163\/281|[from] Stealth Rock
|turn|37
|chat|Nightmare Vampire|Yea
|chat|Nightmare Vampire|I underestimated CHest in all but Crawdaunt meta
|chat|Nightmare Vampire|But he is a formidable force
|chat|Nightmare Vampire|Granted one dimensional
|chat|Nightmare Vampire|But still formidable nonetheless
|chat|st123|yea if only aero had aa lol
|
|move|p2a: Chesticles|Spiky Shield|p2a: Chesticles
|-singleturn|p2a: Chesticles|move: Protect
|move|p1a: Lucario|Swords Dance|p1a: Lucario
|-boost|p1a: Lucario|atk|2
|
|-heal|p2a: Chesticles|219\/379|[from] item: Leftovers
|turn|38
|chat|Nightmare Vampire|FUCK
|chat|Nightmare Vampire|Gg
|
|switch|p2a: Molasses|Goodra, M, shiny|383\/383
|-damage|p2a: Molasses|288\/383|[from] Spikes
|-damage|p2a: Molasses|241\/383|[from] Stealth Rock
|move|p1a: Lucario|Close Combat|p2a: Molasses
|-damage|p2a: Molasses|0 fnt
|-unboost|p1a: Lucario|spe|1
|-unboost|p1a: Lucario|def|1
|-unboost|p1a: Lucario|spd|1
|-damage|p1a: Lucario|135\/281|[from] item: Life Orb
|faint|p2a: Molasses
|
|chat|st123|gg
|
|switch|p2a: Scrambled|Blissey, F|529\/713
|-damage|p2a: Scrambled|351\/713|[from] Spikes
|-damage|p2a: Scrambled|262\/713|[from] Stealth Rock
|turn|39
|
|move|p1a: Lucario|Close Combat|p2a: Scrambled
|-supereffective|p2a: Scrambled
|-damage|p2a: Scrambled|0 fnt
|-unboost|p1a: Lucario|def|1
|-unboost|p1a: Lucario|spd|1
|-damage|p1a: Lucario|107\/281|[from] item: Life Orb
|faint|p2a: Scrambled
|
|
|switch|p2a: Chesticles|Chesnaught, F|219\/379
|-damage|p2a: Chesticles|196\/379|[from] Stealth Rock
|-damage|p2a: Chesticles|102\/379|[from] Spikes
|turn|40
|
|move|p2a: Chesticles|Spiky Shield|p2a: Chesticles
|-singleturn|p2a: Chesticles|move: Protect
|move|p1a: Lucario|Close Combat|p2a: Chesticles
|-activate|p2a: Chesticles|move: Protect
|-damage|p1a: Lucario|72\/281|[from] Spiky Shield|[of] p2a: Chesticles
|
|-heal|p2a: Chesticles|125\/379|[from] item: Leftovers
|turn|41
|chat|Nightmare Vampire|Here's to hoping I outspeed (probably not though)
|
|move|p1a: Lucario|Close Combat|p2a: Chesticles
|-damage|p2a: Chesticles|0 fnt
|-unboost|p1a: Lucario|def|1
|-unboost|p1a: Lucario|spd|1
|-damage|p1a: Lucario|44\/281|[from] item: Life Orb
|faint|p2a: Chesticles
|
|win|st123
|raw|Ladder updating...
|raw|st123's rating: 1628 &rarr; <strong>1642<\/strong><br \/>(+14 for winning)
|raw|Nightmare Vampire's rating: 1506 &rarr; <strong>1493<\/strong><br \/>(-13 for losing)
|chat|Nightmare Vampire|Gg
|chat|st123|gg
|chat|Nightmare Vampire|So close
|chat|Nightmare Vampire|Dx