|join|st123
|join|chiefpoptart
|player|p1|st123|153
|player|p2|chiefpoptart|43
|gametype|singles
|gen|6
|tier|UU
|rule|Sleep Clause Mod: Limit one foe put to sleep
|rule|Species Clause: Limit one of each PokÃ©mon
|rule|OHKO Clause: OHKO moves are banned
|rule|Moody Clause: Moody is banned
|rule|Evasion Moves Clause: Evasion moves are banned
|rule|Endless Battle Clause: Forcing endless battles is banned
|rule|HP Percentage Mod: HP is shown in percentages
|clearpoke
|poke|p1|Cresselia, F, shiny
|poke|p1|Dugtrio, F
|poke|p1|Umbreon, F
|poke|p1|Vaporeon, F
|poke|p1|Nidoqueen, F
|poke|p1|Crobat, F
|poke|p2|Trevenant, M
|poke|p2|Espeon, M
|poke|p2|Arcanine, M
|poke|p2|Noivern, F
|poke|p2|Forretress, F
|poke|p2|Suicune
|rule|Swagger Clause: Swagger is banned
|rule|Baton Pass Clause: Limit one PokÃ©mon knowing Baton Pass
|teampreview
|
|start
|switch|p1a: Nidoqueen|Nidoqueen, F|384\/384
|switch|p2a: Trevenant|Trevenant, M|374\/374
|turn|1
|
|switch|p2a: Espeon|Espeon, M|292\/292
|move|p1a: Nidoqueen|Ice Beam|p2a: Espeon
|-damage|p2a: Espeon|219\/292
|
|turn|2
|
|switch|p1a: Umbreon|Umbreon, F|394\/394
|move|p2a: Espeon|Calm Mind|p2a: Espeon
|-boost|p2a: Espeon|spa|1
|-boost|p2a: Espeon|spd|1
|
|turn|3
|
|switch|p2a: Forretress|Forretress, F|354\/354
|switch|p1a: Crobat|Crobat, F|373\/373
|
|turn|4
|join|SkywardSword596
|join|bananagram
|join|so dynamic
|
|move|p1a: Crobat|U-turn|p2a: Forretress
|-crit|p2a: Forretress
|-resisted|p2a: Forretress
|-damage|p2a: Forretress|330\/354
|
|switch|p1a: Nidoqueen|Nidoqueen, F|384\/384
|move|p2a: Forretress|Stealth Rock|p1a: Nidoqueen
|-sidestart|p1: st123|move: Stealth Rock
|
|-heal|p2a: Forretress|352\/354|[from] item: Leftovers
|turn|5
|
|switch|p2a: Suicune|Suicune|404\/404
|-ability|p2a: Suicune|Pressure
|move|p1a: Nidoqueen|Earth Power|p2a: Suicune
|-damage|p2a: Suicune|307\/404
|
|-heal|p2a: Suicune|332\/404|[from] item: Leftovers
|turn|6
|
|move|p2a: Suicune|Calm Mind|p2a: Suicune
|-boost|p2a: Suicune|spa|1
|-boost|p2a: Suicune|spd|1
|move|p1a: Nidoqueen|Toxic Spikes|p2a: Suicune
|-sidestart|p2: chiefpoptart|move: Toxic Spikes
|
|-heal|p2a: Suicune|357\/404|[from] item: Leftovers
|turn|7
|
|switch|p1a: Vaporeon|Vaporeon, F|450\/450
|-damage|p1a: Vaporeon|394\/450|[from] Stealth Rock
|move|p2a: Suicune|Calm Mind|p2a: Suicune
|-boost|p2a: Suicune|spa|1
|-boost|p2a: Suicune|spd|1
|
|-heal|p2a: Suicune|382\/404|[from] item: Leftovers
|-heal|p1a: Vaporeon|422\/450|[from] item: Leftovers
|turn|8
|
|move|p2a: Suicune|Calm Mind|p2a: Suicune
|-boost|p2a: Suicune|spa|1
|-boost|p2a: Suicune|spd|1
|move|p1a: Vaporeon|Baton Pass|p1a: Vaporeon
|
|switch|p1a: Crobat|Crobat, F|373\/373
|-damage|p1a: Crobat|280\/373|[from] Stealth Rock
|
|-heal|p1a: Crobat|303\/373|[from] item: Black Sludge
|-heal|p2a: Suicune|404\/404|[from] item: Leftovers
|turn|9
|
|move|p1a: Crobat|U-turn|p2a: Suicune
|-damage|p2a: Suicune|371\/404
|
|switch|p1a: Vaporeon|Vaporeon, F|422\/450
|-damage|p1a: Vaporeon|366\/450|[from] Stealth Rock
|move|p2a: Suicune|Scald|p1a: Vaporeon
|-heal|p1a: Vaporeon|450\/450|[from] ability: Water Absorb|[of] p2a: Suicune
|
|-heal|p2a: Suicune|396\/404|[from] item: Leftovers
|turn|10
|c| so dynamic|have u considered
|
|move|p2a: Suicune|Calm Mind|p2a: Suicune
|-boost|p2a: Suicune|spa|1
|-boost|p2a: Suicune|spd|1
|move|p1a: Vaporeon|Scald|p2a: Suicune
|-resisted|p2a: Suicune
|-damage|p2a: Suicune|381\/404
|
|-heal|p2a: Suicune|404\/404|[from] item: Leftovers
|turn|11
|c| so dynamic|roar vape
|c|âchiefpoptart|lol
|c|âst123|yea i like bp tho
|c|âst123|vap still wins pp stall
|c|âchiefpoptart|very true
|c|âst123|63\/64 bp left
|
|move|p2a: Suicune|Calm Mind|p2a: Suicune
|-boost|p2a: Suicune|spa|1
|-boost|p2a: Suicune|spd|1
|move|p1a: Vaporeon|Wish|p1a: Vaporeon
|
|turn|12
|c| so dynamic|plz have hp electric
|c|âchiefpoptart|"switching in style"
|join|Frickett
|
|move|p2a: Suicune|Scald|p1a: Vaporeon
|-immune|p1a: Vaporeon|[msg]
|move|p1a: Vaporeon|Baton Pass|p1a: Vaporeon
|
|switch|p1a: Crobat|Crobat, F|303\/373
|-damage|p1a: Crobat|210\/373|[from] Stealth Rock
|
|-heal|p1a: Crobat|373\/373|[from] move: Wish|[wisher] Vaporeon
|turn|13
|c| so dynamic|its good for momentum
|
|move|p1a: Crobat|U-turn|p2a: Suicune
|-damage|p2a: Suicune|367\/404
|
|switch|p1a: Vaporeon|Vaporeon, F|450\/450
|-damage|p1a: Vaporeon|394\/450|[from] Stealth Rock
|move|p2a: Suicune|Calm Mind|p2a: Suicune
|-boost|p2a: Suicune|spa|1
|-boost|p2a: Suicune|spd|1
|
|-heal|p2a: Suicune|392\/404|[from] item: Leftovers
|-heal|p1a: Vaporeon|422\/450|[from] item: Leftovers
|turn|14
|c|âchiefpoptart|pp stall
|
|move|p2a: Suicune|Calm Mind|p2a: Suicune
|-fail|p2a: Suicune
|move|p1a: Vaporeon|Baton Pass|p1a: Vaporeon
|c|âst123|prolly shoulda went into cress and hope for no burn hmm
|
|switch|p1a: Crobat|Crobat, F|373\/373
|-damage|p1a: Crobat|280\/373|[from] Stealth Rock
|
|-heal|p1a: Crobat|303\/373|[from] item: Black Sludge
|-heal|p2a: Suicune|404\/404|[from] item: Leftovers
|turn|15
|
|move|p1a: Crobat|U-turn|p2a: Suicune
|-damage|p2a: Suicune|369\/404
|
|switch|p1a: Vaporeon|Vaporeon, F|422\/450
|-damage|p1a: Vaporeon|366\/450|[from] Stealth Rock
|move|p2a: Suicune|Sleep Talk|p2a: Suicune
|-fail|p2a: Suicune
|
|-heal|p2a: Suicune|394\/404|[from] item: Leftovers
|-heal|p1a: Vaporeon|394\/450|[from] item: Leftovers
|turn|16
|c| bananagram|ima take a shower
|c|âchiefpoptart|its gonna be a while
|
|move|p1a: Vaporeon|Protect|p1a: Vaporeon
|-singleturn|p1a: Vaporeon|Protect
|move|p2a: Suicune|Sleep Talk|p2a: Suicune
|-fail|p2a: Suicune
|
|-heal|p2a: Suicune|404\/404|[from] item: Leftovers
|-heal|p1a: Vaporeon|422\/450|[from] item: Leftovers
|turn|17
|join|Pinkin Lark
|
|switch|p2a: Forretress|Forretress, F|352\/354
|move|p1a: Vaporeon|Baton Pass|p1a: Vaporeon
|join|Yellow Skarmory
|
|switch|p1a: Body Time|Cresselia, F, shiny|433\/433
|-damage|p1a: Body Time|379\/433|[from] Stealth Rock
|
|-heal|p1a: Body Time|406\/433|[from] item: Leftovers
|-heal|p2a: Forretress|354\/354|[from] item: Leftovers
|turn|18
|c| bananagram|or not >.>
|join|Kejaun
|join|kyla-kylls
|c|âchiefpoptart|no
|c|âst123|it was a losing pp war
|
|move|p1a: Body Time|Substitute|p1a: Body Time
|-start|p1a: Body Time|Substitute
|-damage|p1a: Body Time|298\/433
|move|p2a: Forretress|Spikes|p1a: Body Time
|-sidestart|p1: st123|Spikes
|
|-heal|p1a: Body Time|325\/433|[from] item: Leftovers
|turn|19
|c| Yellow Skarmory|why baton pass?
|c| so dynamic|cress is so scary
|
|switch|p2a: Noivern|Noivern, F|374\/374
|move|p1a: Body Time|Calm Mind|p1a: Body Time
|-boost|p1a: Body Time|spa|1
|-boost|p1a: Body Time|spd|1
|
|-heal|p1a: Body Time|352\/433|[from] item: Leftovers
|turn|20
|c| so dynamic|and BP is for momentum
|c| Pinkin Lark|baton pass gives him a slow switch
|
|switch|p1a: Crobat|Crobat, F|303\/373
|-damage|p1a: Crobat|210\/373|[from] Stealth Rock
|move|p2a: Noivern|Draco Meteor|p1a: Crobat
|-damage|p1a: Crobat|0 fnt
|-unboost|p2a: Noivern|spa|2
|faint|p1a: Crobat
|-enditem|p2a: Noivern|White Herb
|-restoreboost|p2a: Noivern|[silent]
|
|join|LiberalLucario
|c| bananagram|welcome to a former pp stall
|c| so dynamic|what
|c| SkywardSword596|white herb
|c| SkywardSword596|oml
|c|âst123|huh
|join|ClaudioFerreira
|c| so dynamic|why did u switch
|c| so dynamic|i mean
|
|switch|p1a: Vaporeon|Vaporeon, F|422\/450
|-damage|p1a: Vaporeon|366\/450|[from] Stealth Rock
|-damage|p1a: Vaporeon|310\/450|[from] Spikes
|turn|21
|c| Pinkin Lark|inb4 the 252atk\/252spa with acro
|c| so dynamic|ik it has infiltrator
|c|âst123|specs infil switcheroo
|c| so dynamic|but ure a cress
|c| Pinkin Lark|^
|
|move|p2a: Noivern|U-turn|p1a: Vaporeon
|-damage|p1a: Vaporeon|261\/450
|c| so dynamic|o i didnt know switcheroo infil worked
|
|switch|p2a: Forretress|Forretress, F|354\/354
|move|p1a: Vaporeon|Wish|p1a: Vaporeon
|
|-heal|p1a: Vaporeon|289\/450|[from] item: Leftovers
|turn|22
|
|move|p1a: Vaporeon|Baton Pass|p1a: Vaporeon
|
|switch|p1a: Body Time|Cresselia, F, shiny|352\/433
|-damage|p1a: Body Time|298\/433|[from] Stealth Rock
|move|p2a: Forretress|Spikes|p1a: Body Time
|-sidestart|p1: st123|Spikes
|
|-heal|p1a: Body Time|433\/433|[from] move: Wish|[wisher] Vaporeon
|turn|23
|join|Dagon Tests
|
|switch|p2a: Noivern|Noivern, F|374\/374
|move|p1a: Body Time|Substitute|p1a: Body Time
|-start|p1a: Body Time|Substitute
|-damage|p1a: Body Time|325\/433
|
|-heal|p1a: Body Time|352\/433|[from] item: Leftovers
|turn|24
|c| LiberalLucario|lol wow marth actually nicknamed a pokemon
|
|move|p2a: Noivern|Draco Meteor|p1a: Body Time|[miss]
|-miss|p2a: Noivern|p1a: Body Time
|move|p1a: Body Time|Calm Mind|p1a: Body Time
|-boost|p1a: Body Time|spa|1
|-boost|p1a: Body Time|spd|1
|
|-heal|p1a: Body Time|379\/433|[from] item: Leftovers
|turn|25
|c| SkywardSword596|infiltrator can't prevent 90 acc
|
|move|p2a: Noivern|Draco Meteor|p1a: Body Time
|-damage|p1a: Body Time|262\/433
|-unboost|p2a: Noivern|spa|2
|move|p1a: Body Time|Calm Mind|p1a: Body Time
|-boost|p1a: Body Time|spa|1
|-boost|p1a: Body Time|spd|1
|
|-heal|p1a: Body Time|289\/433|[from] item: Leftovers
|turn|26
|
|move|p2a: Noivern|U-turn|p1a: Body Time
|-supereffective|p1a: Body Time
|-damage|p1a: Body Time|227\/433
|
|switch|p2a: Arcanine|Arcanine, M|384\/384
|-status|p2a: Arcanine|psn
|move|p1a: Body Time|Moonblast|p2a: Arcanine
|-crit|p2a: Arcanine
|-resisted|p2a: Arcanine
|-damage|p2a: Arcanine|268\/384 psn
|
|-heal|p1a: Body Time|254\/433|[from] item: Leftovers
|-damage|p2a: Arcanine|220\/384 psn|[from] psn
|turn|27
|c| so dynamic|do u know for sure if switcheroo infiltrator workes?
|c| SkywardSword596|i think it does work
|c|âst123|yes pretty sure
|
|move|p1a: Body Time|Psyshock|p2a: Arcanine
|-damage|p2a: Arcanine|0 fnt
|faint|p2a: Arcanine
|
|-heal|p1a: Body Time|281\/433|[from] item: Leftovers
|c| bananagram|why wouldn't it?
|c| Pinkin Lark|pretty sure infiltrator lets anything work thorough sub
|c| so dynamic|idk
|
|switch|p2a: Suicune|Suicune|404\/404
|-status|p2a: Suicune|psn
|-ability|p2a: Suicune|Pressure
|turn|28
|join|Emma Bae â¥
|
|move|p1a: Body Time|Calm Mind|p1a: Body Time
|-boost|p1a: Body Time|spa|1
|-boost|p1a: Body Time|spd|1
|move|p2a: Suicune|Calm Mind|p2a: Suicune
|-boost|p2a: Suicune|spa|1
|-boost|p2a: Suicune|spd|1
|
|-heal|p1a: Body Time|308\/433|[from] item: Leftovers
|-damage|p2a: Suicune|354\/404 psn|[from] psn
|turn|29
|join|The UUser
|c| LiberalLucario|lol cress wins this battle
|
|move|p1a: Body Time|Calm Mind|p1a: Body Time
|-boost|p1a: Body Time|spa|1
|-boost|p1a: Body Time|spd|1
|move|p2a: Suicune|Calm Mind|p2a: Suicune
|-boost|p2a: Suicune|spa|1
|-boost|p2a: Suicune|spd|1
|
|-heal|p1a: Body Time|335\/433|[from] item: Leftovers
|-heal|p2a: Suicune|379\/404 psn|[from] item: Leftovers
|-damage|p2a: Suicune|329\/404 psn|[from] psn
|turn|30
|c| LiberalLucario|psyshock
|c| LiberalLucario|and stuff
|c|âst123|what else can he do
|c| so dynamic|its not like he has an answer for this
|
|move|p1a: Body Time|Calm Mind|p1a: Body Time
|-boost|p1a: Body Time|spa|1
|-boost|p1a: Body Time|spd|1
|move|p2a: Suicune|Calm Mind|p2a: Suicune
|-boost|p2a: Suicune|spa|1
|-boost|p2a: Suicune|spd|1
|
|-heal|p1a: Body Time|362\/433|[from] item: Leftovers
|-heal|p2a: Suicune|354\/404 psn|[from] item: Leftovers
|-damage|p2a: Suicune|304\/404 psn|[from] psn
|turn|31
|c| LiberalLucario|yeah he rly doesn't
|c|âchiefpoptart|im quiet
|c| SkywardSword596|bug buzz on something would've been nice
|
|move|p1a: Body Time|Calm Mind|p1a: Body Time
|-boost|p1a: Body Time|spa|1
|-boost|p1a: Body Time|spd|1
|move|p2a: Suicune|Calm Mind|p2a: Suicune
|-boost|p2a: Suicune|spa|1
|-boost|p2a: Suicune|spd|1
|
|-heal|p1a: Body Time|389\/433|[from] item: Leftovers
|-heal|p2a: Suicune|329\/404 psn|[from] item: Leftovers
|-damage|p2a: Suicune|279\/404 psn|[from] psn
|turn|32
|c| SkywardSword596|well not now anyways
|c| Emma Bae â¥|crocress vs crocune
|c| LiberalLucario|literally the only thing in the tier that gets bug buzz is galvantula
|c|âst123|specs galv bug buzz does 50% to +1
|c| The UUser|haha
|
|move|p1a: Body Time|Psyshock|p2a: Suicune
|-damage|p2a: Suicune|56\/404 psn
|move|p2a: Suicune|Rest|p2a: Suicune
|-status|p2a: Suicune|slp
|-heal|p2a: Suicune|404\/404 slp|[silent]
|-status|p2a: Suicune|slp|[from] move: Rest
|
|-heal|p1a: Body Time|416\/433|[from] item: Leftovers
|turn|33
|c| so dynamic|what about specs yan
|c| Dagon Tests|specs yanmega imo
|c|âchiefpoptart|im gonna stick to ou
|c| LiberalLucario|>crocress
|
|move|p1a: Body Time|Psyshock|p2a: Suicune
|-damage|p2a: Suicune|166\/404 slp
|cant|p2a: Suicune|slp
|move|p2a: Suicune|Sleep Talk|p2a: Suicune
|move|p2a: Suicune|Scald|p1a: Body Time|[from]Sleep Talk
|-crit|p1a: Body Time
|-end|p1a: Body Time|Substitute
|
|-heal|p1a: Body Time|433\/433|[from] item: Leftovers
|-heal|p2a: Suicune|191\/404 slp|[from] item: Leftovers
|turn|34
|c| Emma Bae â¥|lol
|c| LiberalLucario|k now you sleeptalk roar
|c| Pinkin Lark|actually.. this cress has no recovery outside of lefties
|
|move|p1a: Body Time|Substitute|p1a: Body Time
|-start|p1a: Body Time|Substitute
|-damage|p1a: Body Time|325\/433
|cant|p2a: Suicune|slp
|move|p2a: Suicune|Sleep Talk|p2a: Suicune
|move|p2a: Suicune|Scald|p1a: Body Time|[from]Sleep Talk
|-activate|p1a: Body Time|Substitute|[damage]
|
|-heal|p1a: Body Time|352\/433|[from] item: Leftovers
|-heal|p2a: Suicune|216\/404 slp|[from] item: Leftovers
|turn|35
|c| bananagram|this is holding up the tourney
|c| LiberalLucario|nope
|c| SkywardSword596|nice crit
|c|âst123|it needs the coverage
|c| LiberalLucario|but psyshock + moonblast > recovery
|c| so dynamic|its ending soon
|c| Pinkin Lark|yeah
|c|âst123|and i run minimal bulk
|
|move|p1a: Body Time|Psyshock|p2a: Suicune
|-damage|p2a: Suicune|0 fnt
|faint|p2a: Suicune
|
|-heal|p1a: Body Time|379\/433|[from] item: Leftovers
|c|âst123|so recovery isnt that great
|c| SkywardSword596|not for  much longer bananagram
|
|switch|p2a: Noivern|Noivern, F|374\/374
|turn|36
|
|move|p2a: Noivern|Air Slash|p1a: Body Time
|-damage|p1a: Body Time|354\/433
|cant|p1a: Body Time|flinch
|
|-heal|p1a: Body Time|381\/433|[from] item: Leftovers
|turn|37
|c| Emma Bae â¥|lol
|c| bananagram|ooh
|
|move|p2a: Noivern|Air Slash|p1a: Body Time
|-damage|p1a: Body Time|356\/433
|move|p1a: Body Time|Moonblast|p2a: Noivern
|-supereffective|p2a: Noivern
|-damage|p2a: Noivern|0 fnt
|faint|p2a: Noivern
|
|-heal|p1a: Body Time|383\/433|[from] item: Leftovers
|c| Pinkin Lark|lol
|c| LiberalLucario|now you
|c|âchiefpoptart|lol
|c| LiberalLucario|flinch him to death
|c| LiberalLucario|k
|c| LiberalLucario|aww
|c| SkywardSword596|imo king's rock
|c| SkywardSword596|nope
|c|âchiefpoptart|fuck
|c| bananagram|aw
|c| Pinkin Lark|the futile flinches
|c| so dynamic|how do u manage haxorus
|
|switch|p2a: Espeon|Espeon, M|219\/292
|-status|p2a: Espeon|psn
|turn|38
|c|âst123|idk this is new teammates
|
|move|p2a: Espeon|Calm Mind|p2a: Espeon
|-boost|p2a: Espeon|spa|1
|-boost|p2a: Espeon|spd|1
|move|p1a: Body Time|Moonblast|p2a: Espeon
|-damage|p2a: Espeon|34\/292 psn
|
|-heal|p1a: Body Time|410\/433|[from] item: Leftovers
|-damage|p2a: Espeon|0 fnt|[from] psn
|faint|p2a: Espeon
|c|âchiefpoptart|well gg
|c|âchiefpoptart|m8
|c|âst123|gg
|
|switch|p2a: Trevenant|Trevenant, M|374\/374
|-status|p2a: Trevenant|psn
|turn|39
|join|snowy1213
|
|move|p1a: Body Time|Psyshock|p2a: Trevenant
|-crit|p2a: Trevenant
|-damage|p2a: Trevenant|0 fnt
|faint|p2a: Trevenant
|
|-heal|p1a: Body Time|433\/433|[from] item: Leftovers
|c| Pinkin Lark|phantom force
|c| Pinkin Lark|should ignore sub
|c| Kejaun|daag
|
|switch|p2a: Forretress|Forretress, F|354\/354
|turn|40
|c|âst123|hax cant ohko cress tho
|
|move|p1a: Body Time|Psyshock|p2a: Forretress
|-resisted|p2a: Forretress
|-damage|p2a: Forretress|259\/354
|move|p2a: Forretress|Bug Bite|p1a: Body Time
|-supereffective|p1a: Body Time
|-end|p1a: Body Time|Substitute
|
|-heal|p2a: Forretress|281\/354|[from] item: Leftovers
|turn|41
|c| Pinkin Lark|guys, its k
|c| SkywardSword596|bug bite
|c| Pinkin Lark|incoming forretress sweep
|
|move|p1a: Body Time|Moonblast|p2a: Forretress
|-resisted|p2a: Forretress
|-damage|p2a: Forretress|54\/354
|move|p2a: Forretress|Bug Bite|p1a: Body Time
|-supereffective|p1a: Body Time
|-damage|p1a: Body Time|331\/433
|
|-heal|p1a: Body Time|358\/433|[from] item: Leftovers
|-heal|p2a: Forretress|76\/354|[from] item: Leftovers
|turn|42
|c| so dynamic|u had this the whole time
|
|move|p1a: Body Time|Moonblast|p2a: Forretress
|-resisted|p2a: Forretress
|-damage|p2a: Forretress|0 fnt
|faint|p2a: Forretress
|
|win|st123
|c| so dynamic|and sent out forree last
|leave|st123
|player|p1
|leave|kyla-kylls
|leave|SkywardSword596
|leave|The UUser
|c| snowy1213|Cresselia doe
|c|âchiefpoptart|what was it bonn do
|leave|snowy1213
|c|âchiefpoptart|gonna
|c| so dynamic|not die to it
|leave|Kejaun