|join|st123
|join|ShowdownTom
|player|p1|st123|153
|player|p2|ShowdownTom|269
|gametype|singles
|gen|6
|tier|UU
|rated
|rule|Sleep Clause Mod: Limit one foe put to sleep
|rule|Species Clause: Limit one of each PokÃ©mon
|rule|OHKO Clause: OHKO moves are banned
|rule|Moody Clause: Moody is banned
|rule|Evasion Moves Clause: Evasion moves are banned
|rule|Endless Battle Clause: Forcing endless battles is banned
|rule|HP Percentage Mod: HP is shown in percentages
|clearpoke
|poke|p1|Smeargle, F
|poke|p1|Espeon, F
|poke|p1|Cottonee, F
|poke|p1|Whimsicott, M
|poke|p1|Azelf
|poke|p1|Aerodactyl, F
|poke|p2|Toxicroak, F
|poke|p2|Suicune
|poke|p2|Florges, F
|poke|p2|Mienshao, M
|poke|p2|Absol, M
|poke|p2|Crobat, F
|rule|Swagger Clause: Swagger is banned
|rule|Baton Pass Clause: Limit one PokÃ©mon knowing Baton Pass
|teampreview
|
|start
|switch|p1a: Aerodactyl|Aerodactyl, F|301\/301
|switch|p2a: Absol|Absol, M|272\/272
|-ability|p1a: Aerodactyl|Pressure
|turn|1
|
|switch|p2a: Suicune|Suicune|404\/404
|-ability|p2a: Suicune|Pressure
|move|p1a: Aerodactyl|Double-Edge|p2a: Suicune
|-damage|p2a: Suicune|323\/404
|-damage|p1a: Aerodactyl|274\/301|[from] recoil|[of] p2a: Suicune
|
|-heal|p2a: Suicune|348\/404|[from] item: Leftovers
|turn|2
|
|move|p1a: Aerodactyl|Stealth Rock|p2a: Suicune
|-sidestart|p2: ShowdownTom|move: Stealth Rock
|move|p2a: Suicune|Scald|p1a: Aerodactyl
|-supereffective|p1a: Aerodactyl
|-damage|p1a: Aerodactyl|52\/301
|-status|p1a: Aerodactyl|brn
|
|-heal|p2a: Suicune|373\/404|[from] item: Leftovers
|-damage|p1a: Aerodactyl|15\/301 brn|[from] brn
|turn|3
|
|move|p1a: Aerodactyl|Taunt|p2a: Suicune
|-start|p2a: Suicune|move: Taunt
|move|p2a: Suicune|Scald|p1a: Aerodactyl
|-supereffective|p1a: Aerodactyl
|-damage|p1a: Aerodactyl|0 fnt
|faint|p1a: Aerodactyl
|
|-heal|p2a: Suicune|398\/404|[from] item: Leftovers
|
|switch|p1a: Cottonee|Cottonee, F|284\/284
|turn|4
|
|switch|p2a: Crobat|Crobat, F|336\/336
|-damage|p2a: Crobat|252\/336|[from] Stealth Rock
|move|p1a: Cottonee|Tailwind|p1a: Cottonee
|-sidestart|p1: st123|move: Tailwind
|
|-heal|p2a: Crobat|273\/336|[from] item: Black Sludge
|turn|5
|
|move|p1a: Cottonee|Memento|p2a: Crobat
|-unboost|p2a: Crobat|atk|2
|-unboost|p2a: Crobat|spa|2
|faint|p1a: Cottonee
|move|p2a: Crobat|Defog|p1: Cottonee|[notarget]
|-notarget
|
|-heal|p2a: Crobat|294\/336|[from] item: Black Sludge
|
|switch|p1a: Azelf|Azelf|354\/354
|turn|6
|
|move|p1a: Azelf|Taunt|p2a: Crobat
|-start|p2a: Crobat|move: Taunt
|cant|p2a: Crobat|move: Taunt|Defog
|
|-heal|p2a: Crobat|315\/336|[from] item: Black Sludge
|turn|7
|
|switch|p2a: Suicune|Suicune|398\/404
|-damage|p2a: Suicune|348\/404|[from] Stealth Rock
|-ability|p2a: Suicune|Pressure
|move|p1a: Azelf|Reflect|p1a: Azelf
|-sidestart|p1: st123|Reflect
|
|-heal|p2a: Suicune|373\/404|[from] item: Leftovers
|-sideend|p1: st123|move: Tailwind
|turn|8
|
|move|p1a: Azelf|Light Screen|p1a: Azelf
|-sidestart|p1: st123|move: Light Screen
|move|p2a: Suicune|Scald|p1a: Azelf
|-damage|p1a: Azelf|292\/354
|
|-heal|p2a: Suicune|398\/404|[from] item: Leftovers
|turn|9
|
|move|p1a: Azelf|Explosion|p2a: Suicune
|-damage|p2a: Suicune|210\/404
|faint|p1a: Azelf
|move|p2a: Suicune|Calm Mind|p2a: Suicune
|-boost|p2a: Suicune|spa|1
|-boost|p2a: Suicune|spd|1
|
|-heal|p2a: Suicune|235\/404|[from] item: Leftovers
|
|switch|p1a: Whimsicott|Whimsicott, M|324\/324
|turn|10
|
|move|p1a: Whimsicott|Tailwind|p1a: Whimsicott
|-sidestart|p1: st123|move: Tailwind
|move|p2a: Suicune|Scald|p1a: Whimsicott
|-crit|p1a: Whimsicott
|-resisted|p1a: Whimsicott
|-damage|p1a: Whimsicott|208\/324
|
|-heal|p2a: Suicune|260\/404|[from] item: Leftovers
|turn|11
|
|switch|p2a: Crobat|Crobat, F|315\/336
|-damage|p2a: Crobat|231\/336|[from] Stealth Rock
|move|p1a: Whimsicott|Memento|p2a: Crobat
|-unboost|p2a: Crobat|atk|2
|-unboost|p2a: Crobat|spa|2
|faint|p1a: Whimsicott
|
|-heal|p2a: Crobat|252\/336|[from] item: Black Sludge
|
|switch|p1a: Smeargle|Smeargle, F|275\/275
|turn|12
|
|move|p1a: Smeargle|Quiver Dance|p1a: Smeargle
|-boost|p1a: Smeargle|spa|1
|-boost|p1a: Smeargle|spd|1
|-boost|p1a: Smeargle|spe|1
|move|p2a: Crobat|Defog|p1a: Smeargle
|-unboost|p1a: Smeargle|evasion|1
|-sideend|p1: st123|Reflect
|-sideend|p1: st123|Reflect|[from] move: Defog|[of] p1a: Smeargle
|-sideend|p1: st123|move: Light Screen
|-sideend|p1: st123|Light Screen|[from] move: Defog|[of] p1a: Smeargle
|-sideend|p2: ShowdownTom|Stealth Rock|[from] move: Defog|[of] p2a: Crobat
|
|-heal|p2a: Crobat|273\/336|[from] item: Black Sludge
|turn|13
|
|move|p1a: Smeargle|Cotton Guard|p1a: Smeargle
|-boost|p1a: Smeargle|def|3
|move|p2a: Crobat|Brave Bird|p1a: Smeargle
|-damage|p1a: Smeargle|218\/275
|-damage|p2a: Crobat|254\/336|[from] recoil|[of] p1a: Smeargle
|
|-heal|p2a: Crobat|275\/336|[from] item: Black Sludge
|-sideend|p1: st123|move: Tailwind
|turn|14
|
|move|p1a: Smeargle|Quiver Dance|p1a: Smeargle
|-boost|p1a: Smeargle|spa|1
|-boost|p1a: Smeargle|spd|1
|-boost|p1a: Smeargle|spe|1
|move|p2a: Crobat|Super Fang|p1a: Smeargle
|-damage|p1a: Smeargle|109\/275
|-enditem|p1a: Smeargle|Sitrus Berry|[eat]
|-heal|p1a: Smeargle|177\/275|[from] item: Sitrus Berry
|
|-heal|p2a: Crobat|296\/336|[from] item: Black Sludge
|turn|15
|
|switch|p2a: Mienshao|Mienshao, M|271\/271
|move|p1a: Smeargle|Dark Void|p2a: Mienshao
|-status|p2a: Mienshao|slp
|
|turn|16
|
|switch|p2a: Absol|Absol, M|272\/272
|move|p1a: Smeargle|Baton Pass|p1a: Smeargle
|
|switch|p1a: Espeon|Espeon, F|271\/271
|
|turn|17
|
|detailschange|p2a: Absol|Absol-Mega, M
|message|Absol has Mega Evolved into Mega Absol!
|move|p2a: Absol|Sucker Punch|p1a: Espeon
|-supereffective|p1a: Espeon
|-damage|p1a: Espeon|67\/271
|move|p1a: Espeon|Dazzling Gleam|p2a: Absol
|-supereffective|p2a: Absol
|-damage|p2a: Absol|0 fnt
|faint|p2a: Absol
|
|-heal|p1a: Espeon|83\/271|[from] item: Leftovers
|
|switch|p2a: Toxicroak|Toxicroak, F|370\/370
|turn|18
|
|move|p2a: Toxicroak|Sucker Punch|p1a: Espeon
|-fail|p1a: Espeon
|move|p1a: Espeon|Morning Sun|p1a: Espeon
|-heal|p1a: Espeon|218\/271
|
|-heal|p1a: Espeon|234\/271|[from] item: Leftovers
|turn|19
|
|move|p2a: Toxicroak|Sucker Punch|p1a: Espeon
|-supereffective|p1a: Espeon
|-damage|p1a: Espeon|101\/271
|-damage|p2a: Toxicroak|333\/370|[from] item: Life Orb
|move|p1a: Espeon|Stored Power|p2a: Toxicroak
|-supereffective|p2a: Toxicroak
|-damage|p2a: Toxicroak|0 fnt
|faint|p2a: Toxicroak
|
|-heal|p1a: Espeon|117\/271|[from] item: Leftovers
|
|switch|p2a: Florges|Florges, F|360\/360
|turn|20
|
|move|p1a: Espeon|Stored Power|p2a: Florges
|-damage|p2a: Florges|0 fnt
|faint|p2a: Florges
|
|-heal|p1a: Espeon|133\/271|[from] item: Leftovers
|-message|ShowdownTom forfeited.
|
|win|st123
|raw|Ladder updating...
|leave|ShowdownTom
|player|p2
|raw|st123's rating: 1483 &rarr; <strong>1497<\/strong><br \/>(+14 for winning)
|raw|ShowdownTom's rating: 1375 &rarr; <strong>1361<\/strong><br \/>(-14 for losing)