|join|Meruu
|join|st123
|player|p1|Meruu|184
|player|p2|st123|153
|gametype|singles
|gen|6
|tier|UU
|rated
|rule|Sleep Clause Mod: Limit one foe put to sleep
|rule|Species Clause: Limit one of each Pokemon
|rule|OHKO Clause: OHKO moves are banned
|rule|Moody Clause: Moody is banned
|rule|Evasion Moves Clause: Evasion moves are banned
|rule|Endless Battle Clause: Forcing endless battles is banned.
|rule|HP Percentage Mod: HP is reported as percentages
|clearpoke
|poke|p1|Hippowdon, M
|poke|p1|Stoutland, F
|poke|p1|Goodra, M
|poke|p1|Infernape, M
|poke|p1|Aerodactyl, M
|poke|p1|Doublade, F
|poke|p2|Froslass, F
|poke|p2|Lucario, F
|poke|p2|Aerodactyl, F
|poke|p2|Heracross, M
|poke|p2|Roserade, F
|poke|p2|Swampert, F
|teampreview
|chat|Meruu|;o
|join|sliick47
|chat|Meruu|hai
|chat|st123|hi
|
|start
|switch|p1a: Infernape|Infernape, M|293\/293
|switch|p2a: Froslass|Froslass, F|344\/344
|turn|1
|
|move|p2a: Froslass|Spikes|p1a: Infernape
|-sidestart|p1: Meruu|Spikes
|move|p1a: Infernape|U-turn|p2a: Froslass
|-resisted|p2a: Froslass
|-damage|p2a: Froslass|274\/344
|-start|p1a: Infernape|Disable|U-turn
|
|switch|p1a: Aerodactyl|Aerodactyl, M|339\/339
|-ability|p1a: Aerodactyl|Pressure
|
|turn|2
|
|switch|p2a: Swampert|Swampert, F|404\/404
|detailschange|p1a: Aerodactyl|Aerodactyl-Mega, M
|message|Aerodactyl has Mega Evolved into Mega Aerodactyl!
|move|p1a: Aerodactyl|Earthquake|p2a: Swampert
|-damage|p2a: Swampert|306\/404
|
|-heal|p2a: Swampert|331\/404|[from] item: Leftovers
|turn|3
|
|switch|p1a: Goodra|Goodra, M|384\/384
|-damage|p1a: Goodra|336\/384|[from] Spikes
|move|p2a: Swampert|Stealth Rock|p1a: Goodra
|-sidestart|p1: Meruu|move: Stealth Rock
|
|-heal|p2a: Swampert|356\/404|[from] item: Leftovers
|turn|4
|
|switch|p2a: Lucario|Lucario, F|281\/281
|move|p1a: Goodra|Draco Meteor|p2a: Lucario
|-resisted|p2a: Lucario
|-damage|p2a: Lucario|132\/281
|-unboost|p1a: Goodra|spa|2
|
|turn|5
|
|move|p2a: Lucario|Swords Dance|p2a: Lucario
|-boost|p2a: Lucario|atk|2
|move|p1a: Goodra|Fire Blast|p2a: Lucario
|-supereffective|p2a: Lucario
|-damage|p2a: Lucario|0 fnt
|faint|p2a: Lucario
|
|
|switch|p2a: Aerodactyl|Aerodactyl, F|331\/331
|-ability|p2a: Aerodactyl|Pressure
|turn|6
|
|switch|p1a: Hippowdon|Hippowdon, M|420\/420
|-damage|p1a: Hippowdon|368\/420|[from] Spikes
|-damage|p1a: Hippowdon|342\/420|[from] Stealth Rock
|-weather|Sandstorm
|detailschange|p2a: Aerodactyl|Aerodactyl-Mega, F
|message|Aerodactyl has Mega Evolved into Mega Aerodactyl!
|move|p2a: Aerodactyl|Stone Edge|p1a: Hippowdon
|-crit|p1a: Hippowdon
|-resisted|p1a: Hippowdon
|-damage|p1a: Hippowdon|233\/420
|
|-weather|Sandstorm|[upkeep]
|turn|7
|
|switch|p1a: Doublade|Doublade, F|322\/322
|-damage|p1a: Doublade|282\/322|[from] Spikes
|-damage|p1a: Doublade|262\/322|[from] Stealth Rock
|move|p2a: Aerodactyl|Taunt|p1a: Doublade
|-start|p1a: Doublade|move: Taunt
|
|-weather|Sandstorm|[upkeep]
|turn|8
|
|switch|p2a: Swampert|Swampert, F|356\/404
|move|p1a: Doublade|Shadow Claw|p2a: Swampert
|-damage|p2a: Swampert|262\/404
|
|-weather|Sandstorm|[upkeep]
|-heal|p2a: Swampert|287\/404|[from] item: Leftovers
|turn|9
|chat|Meruu|jeez pert is gay without a grass type
|
|switch|p1a: Goodra|Goodra, M|336\/384
|-damage|p1a: Goodra|288\/384|[from] Stealth Rock
|-damage|p1a: Goodra|240\/384|[from] Spikes
|move|p2a: Swampert|Earthquake|p1a: Goodra
|-damage|p1a: Goodra|66\/384
|
|-weather|Sandstorm|[upkeep]
|-damage|p1a: Goodra|42\/384|[from] sandstorm
|-heal|p2a: Swampert|312\/404|[from] item: Leftovers
|turn|10
|chat|st123|lol just run power whip goodra duh
|
|switch|p2a: Aerodactyl|Aerodactyl-Mega, F|331\/331
|move|p1a: Goodra|Draco Meteor|p2a: Aerodactyl
|-damage|p2a: Aerodactyl|168\/331
|-unboost|p1a: Goodra|spa|2
|
|-weather|Sandstorm|[upkeep]
|-damage|p1a: Goodra|18\/384|[from] sandstorm
|turn|11
|chat|Meruu|o ya i could
|chat|Meruu|;o
|
|move|p2a: Aerodactyl|Roost|p2a: Aerodactyl
|-heal|p2a: Aerodactyl|331\/331
|move|p1a: Goodra|Focus Blast|p2a: Aerodactyl
|-crit|p2a: Aerodactyl
|-supereffective|p2a: Aerodactyl
|-damage|p2a: Aerodactyl|45\/331
|
|-weather|Sandstorm|[upkeep]
|-damage|p1a: Goodra|0 fnt|[from] sandstorm
|faint|p1a: Goodra
|
|switch|p1a: Stoutland|Stoutland, F|311\/311
|-damage|p1a: Stoutland|273\/311|[from] Stealth Rock
|-damage|p1a: Stoutland|235\/311|[from] Spikes
|turn|12
|
|move|p1a: Stoutland|Crunch|p2a: Aerodactyl
|-damage|p2a: Aerodactyl|0 fnt
|faint|p2a: Aerodactyl
|
|-weather|Sandstorm|[upkeep]
|
|switch|p2a: Heracross|Heracross, M|302\/302
|turn|13
|
|switch|p1a: Aerodactyl|Aerodactyl-Mega, M|339\/339
|-damage|p1a: Aerodactyl|255\/339|[from] Stealth Rock
|move|p2a: Heracross|Knock Off|p1a: Aerodactyl
|-damage|p1a: Aerodactyl|164\/339
|
|-weather|none
|turn|14
|chat|Meruu|still not reliable enough tho
|chat|Meruu|maybe ebelt ape
|chat|Meruu|hm
|
|switch|p2a: Swampert|Swampert, F|312\/404
|move|p1a: Aerodactyl|Earthquake|p2a: Swampert
|-crit|p2a: Swampert
|-damage|p2a: Swampert|149\/404
|
|-heal|p2a: Swampert|174\/404|[from] item: Leftovers
|turn|15
|
|move|p1a: Aerodactyl|Aqua Tail|p2a: Swampert
|-damage|p2a: Swampert|50\/404
|move|p2a: Swampert|Scald|p1a: Aerodactyl
|-crit|p1a: Aerodactyl
|-supereffective|p1a: Aerodactyl
|-damage|p1a: Aerodactyl|0 fnt
|faint|p1a: Aerodactyl
|
|-heal|p2a: Swampert|75\/404|[from] item: Leftovers
|
|switch|p1a: Infernape|Infernape, M|293\/293
|-damage|p1a: Infernape|257\/293|[from] Spikes
|-damage|p1a: Infernape|221\/293|[from] Stealth Rock
|turn|16
|
|move|p1a: Infernape|U-turn|p2a: Swampert
|-damage|p2a: Swampert|0 fnt
|faint|p2a: Swampert
|
|switch|p1a: Hippowdon|Hippowdon, M|233\/420
|-damage|p1a: Hippowdon|207\/420|[from] Stealth Rock
|-damage|p1a: Hippowdon|155\/420|[from] Spikes
|-weather|Sandstorm
|
|-weather|Sandstorm|[upkeep]
|
|switch|p2a: Roserade|Roserade, F|262\/262
|turn|17
|
|move|p2a: Roserade|Sleep Powder|p1a: Hippowdon|[miss]
|-miss|p2a: Roserade|p1a: Hippowdon
|move|p1a: Hippowdon|Stealth Rock|p2a: Roserade
|-sidestart|p2: st123|move: Stealth Rock
|
|-weather|Sandstorm|[upkeep]
|-damage|p2a: Roserade|246\/262|[from] sandstorm
|turn|18
|
|move|p2a: Roserade|Sleep Powder|p1a: Hippowdon
|-status|p1a: Hippowdon|slp
|cant|p1a: Hippowdon|slp
|
|-weather|Sandstorm|[upkeep]
|-damage|p2a: Roserade|230\/262|[from] sandstorm
|turn|19
|
|move|p2a: Roserade|Sludge Bomb|p1a: Hippowdon
|-resisted|p1a: Hippowdon
|-damage|p1a: Hippowdon|63\/420 slp
|-damage|p2a: Roserade|204\/262|[from] item: Life Orb
|cant|p1a: Hippowdon|slp
|
|-weather|Sandstorm|[upkeep]
|-damage|p2a: Roserade|188\/262|[from] sandstorm
|turn|20
|
|move|p2a: Roserade|Sludge Bomb|p1a: Hippowdon
|-resisted|p1a: Hippowdon
|-damage|p1a: Hippowdon|0 fnt
|-damage|p2a: Roserade|162\/262|[from] item: Life Orb
|faint|p1a: Hippowdon
|
|-weather|Sandstorm|[upkeep]
|-damage|p2a: Roserade|146\/262|[from] sandstorm
|
|switch|p1a: Stoutland|Stoutland, F|235\/311
|-damage|p1a: Stoutland|197\/311|[from] Stealth Rock
|-damage|p1a: Stoutland|159\/311|[from] Spikes
|turn|21
|
|switch|p2a: Froslass|Froslass, F|274\/344
|-damage|p2a: Froslass|188\/344|[from] Stealth Rock
|move|p1a: Stoutland|Crunch|p2a: Froslass
|-supereffective|p2a: Froslass
|-damage|p2a: Froslass|0 fnt
|-start|p1a: Stoutland|Disable|Crunch
|faint|p2a: Froslass
|
|-weather|Sandstorm|[upkeep]
|
|switch|p2a: Roserade|Roserade, F|146\/262
|-damage|p2a: Roserade|114\/262|[from] Stealth Rock
|turn|22
|chat|Meruu|smfh
|chat|Meruu|i hate that shit
|
|-activate|p1a: Stoutland|move: Struggle
|move|p1a: Stoutland|Struggle|p2a: Roserade
|-damage|p2a: Roserade|0 fnt
|-damage|p1a: Stoutland|82\/311
|faint|p2a: Roserade
|
|-weather|Sandstorm|[upkeep]
|chat|Meruu|kek
|
|switch|p2a: Heracross|Heracross, M|302\/302
|-damage|p2a: Heracross|265\/302|[from] Stealth Rock
|turn|23
|
|-activate|p1a: Stoutland|move: Struggle
|move|p1a: Stoutland|Struggle|p2a: Heracross
|-damage|p2a: Heracross|156\/302
|-damage|p1a: Stoutland|5\/311
|move|p2a: Heracross|Knock Off|p1a: Stoutland
|-damage|p1a: Stoutland|0 fnt
|faint|p1a: Stoutland
|
|-weather|none
|
|switch|p1a: Infernape|Infernape, M|221\/293
|-damage|p1a: Infernape|185\/293|[from] Stealth Rock
|-damage|p1a: Infernape|149\/293|[from] Spikes
|turn|24
|
|move|p2a: Heracross|Knock Off|p1a: Infernape
|-resisted|p1a: Infernape
|-damage|p1a: Infernape|73\/293
|-enditem|p1a: Infernape|Choice Band|[from] move: Knock Off|[of] p2a: Heracross
|move|p1a: Infernape|Flare Blitz|p2a: Heracross
|-supereffective|p2a: Heracross
|-damage|p2a: Heracross|0 fnt
|-damage|p1a: Infernape|22\/293|[from] recoil|[of] p2a: Heracross
|faint|p2a: Heracross
|
|win|Meruu
|raw|Ladder updating...
|raw|Meruu's rating: 1684 &rarr; <strong>1703<\/strong><br \/>(+19 for winning)
|raw|st123's rating: 1674 &rarr; <strong>1655<\/strong><br \/>(-19 for losing)
|chat|st123|gg
|leave|sliick47
|chat|st123|so this means you move on then right?
|leave|st123
|player|p2
|join|Billtodamax
|leave|Billtodamax
|join|Nysyr
|leave|Nysyr
|join|who even plays ru
|chat|who even plays ru|wt..
|chat|who even plays ru|WOW U WERE ON MERUU 
|chat|who even plays ru|HOW COME I COULDNT FIND U