|join|Jefazo
|join|st123
|player|p1|Jefazo|281
|player|p2|st123|153
|gametype|singles
|gen|6
|tier|UU
|rated
|rule|Sleep Clause Mod: Limit one foe put to sleep
|rule|Species Clause: Limit one of each Pokemon
|rule|OHKO Clause: OHKO moves are banned
|rule|Moody Clause: Moody is banned
|rule|Evasion Moves Clause: Evasion moves are banned
|rule|Endless Battle Clause: Forcing endless battles is banned.
|rule|HP Percentage Mod: HP is reported as percentages
|clearpoke
|poke|p1|Infernape, F
|poke|p1|Tentacruel, M
|poke|p1|Hydreigon, F
|poke|p1|Aerodactyl, M
|poke|p1|Mew
|poke|p1|Rotom-Mow
|poke|p2|Froslass, F
|poke|p2|Lucario, M
|poke|p2|Aerodactyl, F
|poke|p2|Tornadus, M
|poke|p2|Roserade, M
|poke|p2|Swampert, M
|teampreview
|
|start
|switch|p1a: Rotom-Mow|Rotom-Mow|241\/241
|switch|p2a: Froslass|Froslass, F|344\/344
|turn|1
|
|move|p1a: Rotom-Mow|Volt Switch|p2a: Froslass
|-damage|p2a: Froslass|199\/344
|
|switch|p1a: Tentacruel|Tentacruel, M|361\/361
|move|p2a: Froslass|Spikes|p1a: Tentacruel
|-sidestart|p1: Jefazo|Spikes
|
|turn|2
|
|move|p2a: Froslass|Spikes|p1a: Tentacruel
|-sidestart|p1: Jefazo|Spikes
|move|p1a: Tentacruel|Knock Off|p2a: Froslass
|-supereffective|p2a: Froslass
|-damage|p2a: Froslass|63\/344
|-start|p1a: Tentacruel|Disable|Knock Off
|-enditem|p2a: Froslass|Focus Sash|[from] move: Knock Off|[of] p1a: Tentacruel
|
|turn|3
|
|move|p2a: Froslass|Destiny Bond|p2a: Froslass
|-singlemove|p2a: Froslass|Destiny Bond
|move|p1a: Tentacruel|Toxic Spikes|p2a: Froslass
|-sidestart|p2: st123|move: Toxic Spikes
|
|turn|4
|
|move|p2a: Froslass|Destiny Bond|p2a: Froslass
|-singlemove|p2a: Froslass|Destiny Bond
|move|p1a: Tentacruel|Toxic Spikes|p2a: Froslass
|-sidestart|p2: st123|move: Toxic Spikes
|
|turn|5
|
|switch|p1a: Mew|Mew|404\/404
|-damage|p1a: Mew|337\/404|[from] Spikes
|move|p2a: Froslass|Destiny Bond|p2a: Froslass
|-singlemove|p2a: Froslass|Destiny Bond
|
|-heal|p1a: Mew|362\/404|[from] item: Leftovers
|turn|6
|join|WeiMin
|
|move|p2a: Froslass|Spikes|p1a: Mew
|-sidestart|p1: Jefazo|Spikes
|move|p1a: Mew|Stealth Rock|p2a: Froslass
|-sidestart|p2: st123|move: Stealth Rock
|
|-heal|p1a: Mew|387\/404|[from] item: Leftovers
|turn|7
|
|move|p2a: Froslass|Destiny Bond|p2a: Froslass
|-singlemove|p2a: Froslass|Destiny Bond
|move|p1a: Mew|Will-O-Wisp|p2a: Froslass
|-status|p2a: Froslass|brn
|
|-heal|p1a: Mew|404\/404|[from] item: Leftovers
|-damage|p2a: Froslass|20\/344 brn|[from] brn
|turn|8
|
|switch|p1a: Tentacruel|Tentacruel, M|361\/361
|-damage|p1a: Tentacruel|271\/361|[from] Spikes
|move|p2a: Froslass|Thunder Wave|p1a: Tentacruel
|-status|p1a: Tentacruel|par
|
|-heal|p1a: Tentacruel|293\/361 par|[from] item: Black Sludge
|-damage|p2a: Froslass|0 fnt|[from] brn
|faint|p2a: Froslass
|
|switch|p2a: Swampert|Swampert, M|404\/404
|-damage|p2a: Swampert|379\/404|[from] Stealth Rock
|-status|p2a: Swampert|tox
|turn|9
|
|switch|p1a: Rotom-Mow|Rotom-Mow|241\/241
|move|p2a: Swampert|Earthquake|p1a: Rotom-Mow
|-immune|p1a: Rotom-Mow|[msg]
|
|-heal|p2a: Swampert|404\/404 tox|[from] item: Leftovers
|-damage|p2a: Swampert|379\/404 tox|[from] psn
|turn|10
|
|switch|p2a: Roserade|Roserade, M|262\/262
|-damage|p2a: Roserade|230\/262|[from] Stealth Rock
|-sideend|p2: st123|move: Toxic Spikes|[of] p2a: Roserade
|move|p1a: Rotom-Mow|Leaf Storm|p2a: Roserade
|-resisted|p2a: Roserade
|-damage|p2a: Roserade|185\/262
|-unboost|p1a: Rotom-Mow|spa|2
|
|turn|11
|
|switch|p1a: Tentacruel|Tentacruel, M|293\/361 par
|-damage|p1a: Tentacruel|203\/361 par|[from] Spikes
|move|p2a: Roserade|Sludge Bomb|p1a: Tentacruel
|-resisted|p1a: Tentacruel
|-damage|p1a: Tentacruel|109\/361 par
|-damage|p2a: Roserade|159\/262|[from] item: Life Orb
|
|-heal|p1a: Tentacruel|131\/361 par|[from] item: Black Sludge
|turn|12
|
|move|p2a: Roserade|Leaf Storm|p1a: Tentacruel|[miss]
|-miss|p2a: Roserade|p1a: Tentacruel
|cant|p1a: Tentacruel|par
|
|-heal|p1a: Tentacruel|153\/361 par|[from] item: Black Sludge
|turn|13
|
|move|p2a: Roserade|Leaf Storm|p1a: Tentacruel
|-damage|p1a: Tentacruel|0 fnt
|-unboost|p2a: Roserade|spa|2
|-damage|p2a: Roserade|133\/262|[from] item: Life Orb
|faint|p1a: Tentacruel
|
|
|switch|p1a: Aerodactyl|Aerodactyl, M|301\/301
|-ability|p1a: Aerodactyl|Pressure
|turn|14
|
|switch|p2a: Swampert|Swampert, M|379\/404 tox
|-damage|p2a: Swampert|354\/404 tox|[from] Stealth Rock
|detailschange|p1a: Aerodactyl|Aerodactyl-Mega, M
|message|Aerodactyl has Mega Evolved into Mega Aerodactyl!
|move|p1a: Aerodactyl|Aerial Ace|p2a: Swampert
|-damage|p2a: Swampert|237\/404 tox
|
|-heal|p2a: Swampert|262\/404 tox|[from] item: Leftovers
|-damage|p2a: Swampert|237\/404 tox|[from] psn
|turn|15
|
|move|p1a: Aerodactyl|Aerial Ace|p2a: Swampert
|-damage|p2a: Swampert|117\/404 tox
|move|p2a: Swampert|Stealth Rock|p1a: Aerodactyl
|-sidestart|p1: Jefazo|move: Stealth Rock
|
|-heal|p2a: Swampert|142\/404 tox|[from] item: Leftovers
|-damage|p2a: Swampert|92\/404 tox|[from] psn
|turn|16
|
|move|p1a: Aerodactyl|Aerial Ace|p2a: Swampert
|-damage|p2a: Swampert|0 fnt
|faint|p2a: Swampert
|
|
|switch|p2a: Tornadus|Tornadus, M|300\/300
|-damage|p2a: Tornadus|225\/300|[from] Stealth Rock
|turn|17
|
|move|p2a: Tornadus|Tailwind|p2a: Tornadus
|-sidestart|p2: st123|move: Tailwind
|move|p1a: Aerodactyl|Stone Edge|p2a: Tornadus
|-crit|p2a: Tornadus
|-supereffective|p2a: Tornadus
|-damage|p2a: Tornadus|0 fnt
|faint|p2a: Tornadus
|
|
|switch|p2a: Aerodactyl|Aerodactyl, F|331\/331
|-damage|p2a: Aerodactyl|249\/331|[from] Stealth Rock
|-ability|p2a: Aerodactyl|Pressure
|turn|18
|
|switch|p1a: Hydreigon|Hydreigon, F|325\/325
|-damage|p1a: Hydreigon|285\/325|[from] Stealth Rock
|detailschange|p2a: Aerodactyl|Aerodactyl-Mega, F
|message|Aerodactyl has Mega Evolved into Mega Aerodactyl!
|move|p2a: Aerodactyl|Stone Edge|p1a: Hydreigon|[miss]
|-miss|p2a: Aerodactyl|p1a: Hydreigon
|
|turn|19
|
|move|p2a: Aerodactyl|Stone Edge|p1a: Hydreigon
|-damage|p1a: Hydreigon|62\/325
|move|p1a: Hydreigon|Superpower|p2a: Aerodactyl
|-damage|p2a: Aerodactyl|115\/331
|-unboost|p1a: Hydreigon|atk|1
|-unboost|p1a: Hydreigon|def|1
|-damage|p1a: Hydreigon|30\/325|[from] item: Life Orb
|
|turn|20
|
|move|p2a: Aerodactyl|Aqua Tail|p1a: Hydreigon
|-resisted|p1a: Hydreigon
|-damage|p1a: Hydreigon|0 fnt
|faint|p1a: Hydreigon
|
|-sideend|p2: st123|move: Tailwind
|
|switch|p1a: Rotom-Mow|Rotom-Mow|241\/241
|-damage|p1a: Rotom-Mow|211\/241|[from] Stealth Rock
|turn|21
|
|switch|p2a: Roserade|Roserade, M|133\/262
|-damage|p2a: Roserade|101\/262|[from] Stealth Rock
|move|p1a: Rotom-Mow|Volt Switch|p2a: Roserade
|-resisted|p2a: Roserade
|-damage|p2a: Roserade|53\/262
|
|switch|p1a: Aerodactyl|Aerodactyl-Mega, M|301\/301
|-damage|p1a: Aerodactyl|226\/301|[from] Stealth Rock
|
|turn|22
|
|move|p1a: Aerodactyl|Aerial Ace|p2a: Roserade
|-supereffective|p2a: Roserade
|-damage|p2a: Roserade|0 fnt
|faint|p2a: Roserade
|
|
|switch|p2a: Aerodactyl|Aerodactyl-Mega, F|115\/331
|-damage|p2a: Aerodactyl|33\/331|[from] Stealth Rock
|turn|23
|
|switch|p1a: Rotom-Mow|Rotom-Mow|211\/241
|-damage|p1a: Rotom-Mow|181\/241|[from] Stealth Rock
|move|p2a: Aerodactyl|Stone Edge|p1a: Rotom-Mow
|-damage|p1a: Rotom-Mow|19\/241
|
|turn|24
|
|move|p1a: Rotom-Mow|Volt Switch|p2a: Aerodactyl
|-supereffective|p2a: Aerodactyl
|-damage|p2a: Aerodactyl|0 fnt
|faint|p2a: Aerodactyl
|
|switch|p1a: Mew|Mew|404\/404
|-damage|p1a: Mew|354\/404|[from] Stealth Rock
|-damage|p1a: Mew|253\/404|[from] Spikes
|
|-heal|p1a: Mew|278\/404|[from] item: Leftovers
|
|switch|p2a: Lucario|Lucario, M|281\/281
|-damage|p2a: Lucario|273\/281|[from] Stealth Rock
|turn|25
|
|move|p2a: Lucario|Crunch|p1a: Mew
|-crit|p1a: Mew
|-supereffective|p1a: Mew
|-damage|p1a: Mew|28\/404
|-unboost|p1a: Mew|def|1
|-damage|p2a: Lucario|245\/281|[from] item: Life Orb
|move|p1a: Mew|Will-O-Wisp|p2a: Lucario
|-status|p2a: Lucario|brn
|
|-heal|p1a: Mew|53\/404|[from] item: Leftovers
|-damage|p2a: Lucario|210\/281 brn|[from] brn
|turn|26
|
|move|p2a: Lucario|Close Combat|p1a: Mew
|-crit|p1a: Mew
|-resisted|p1a: Mew
|-damage|p1a: Mew|0 fnt
|-unboost|p2a: Lucario|def|1
|-unboost|p2a: Lucario|spd|1
|-damage|p2a: Lucario|182\/281 brn|[from] item: Life Orb
|faint|p1a: Mew
|
|-damage|p2a: Lucario|147\/281 brn|[from] brn
|
|switch|p1a: Aerodactyl|Aerodactyl-Mega, M|226\/301
|-damage|p1a: Aerodactyl|151\/301|[from] Stealth Rock
|turn|27
|
|move|p2a: Lucario|Extreme Speed|p1a: Aerodactyl
|-resisted|p1a: Aerodactyl
|-damage|p1a: Aerodactyl|115\/301
|-damage|p2a: Lucario|119\/281 brn|[from] item: Life Orb
|move|p1a: Aerodactyl|Aerial Ace|p2a: Lucario
|-damage|p2a: Lucario|0 fnt
|faint|p2a: Lucario
|
|win|Jefazo
|raw|Ladder updating...
|raw|Jefazo's rating: 1497 &rarr; <strong>1523<\/strong><br \/>(+26 for winning)
|raw|st123's rating: 1607 &rarr; <strong>1581<\/strong><br \/>(-26 for losing)
|leave|st123
|player|p2
|leave|Jefazo
|player|p1