|join|st123
|join|Pheonixmaster
|player|p1|st123|153
|player|p2|Pheonixmaster|248
|gametype|singles
|gen|6
|tier|UU
|rated
|rule|Sleep Clause Mod: Limit one foe put to sleep
|rule|Species Clause: Limit one of each PokÃ©mon
|rule|OHKO Clause: OHKO moves are banned
|rule|Moody Clause: Moody is banned
|rule|Evasion Moves Clause: Evasion moves are banned
|rule|Endless Battle Clause: Forcing endless battles is banned
|rule|HP Percentage Mod: HP is shown in percentages
|clearpoke
|poke|p1|Metagross
|poke|p1|Hydreigon, F
|poke|p1|Togekiss, M
|poke|p1|Swampert, F
|poke|p1|Ampharos, F
|poke|p1|Victini
|poke|p2|Azelf
|poke|p2|Hydreigon, M
|poke|p2|Victini
|poke|p2|Lucario, F
|poke|p2|Blastoise, M
|poke|p2|Jirachi
|rule|Swagger Clause: Swagger is banned
|rule|Baton Pass Clause: Limit one PokÃ©mon knowing Baton Pass
|teampreview
|
|start
|switch|p1a: Ampharos|Ampharos, F|352\/352
|switch|p2a: Azelf|Azelf|291\/291
|turn|1
|join|Faze Origins
|
|detailschange|p1a: Ampharos|Ampharos-Mega, F
|message|Ampharos has Mega Evolved into Mega Ampharos!
|-ability|p1a: Ampharos|Mold Breaker
|move|p2a: Azelf|Stealth Rock|p1a: Ampharos
|-sidestart|p1: st123|move: Stealth Rock
|move|p1a: Ampharos|Thunderbolt|p2a: Azelf
|-damage|p2a: Azelf|8\/291
|-status|p2a: Azelf|par
|
|turn|2
|
|move|p1a: Ampharos|Volt Switch|p2a: Azelf
|-damage|p2a: Azelf|0 fnt
|faint|p2a: Azelf
|
|switch|p1a: Swampert|Swampert, F|401\/401
|-damage|p1a: Swampert|376\/401|[from] Stealth Rock
|
|-heal|p1a: Swampert|401\/401|[from] item: Leftovers
|
|switch|p2a: Hydreigon|Hydreigon, M|325\/325
|turn|3
|
|move|p2a: Hydreigon|Dark Pulse|p1a: Swampert
|-damage|p1a: Swampert|213\/401
|-damage|p2a: Hydreigon|293\/325|[from] item: Life Orb
|move|p1a: Swampert|Stealth Rock|p2a: Hydreigon
|-sidestart|p2: Pheonixmaster|move: Stealth Rock
|
|-heal|p1a: Swampert|238\/401|[from] item: Leftovers
|turn|4
|
|switch|p1a: Togekiss|Togekiss, M|374\/374
|-damage|p1a: Togekiss|281\/374|[from] Stealth Rock
|move|p2a: Hydreigon|Iron Tail|p1a: Togekiss
|-crit|p1a: Togekiss
|-supereffective|p1a: Togekiss
|-damage|p1a: Togekiss|0 fnt
|-damage|p2a: Hydreigon|261\/325|[from] item: Life Orb
|faint|p1a: Togekiss
|
|
|switch|p1a: Victini|Victini|341\/341
|-damage|p1a: Victini|256\/341|[from] Stealth Rock
|turn|5
|
|move|p1a: Victini|U-turn|p2a: Hydreigon
|-supereffective|p2a: Hydreigon
|-damage|p2a: Hydreigon|39\/325
|
|switch|p1a: Hydreigon|Hydreigon, F|325\/325
|-damage|p1a: Hydreigon|285\/325|[from] Stealth Rock
|move|p2a: Hydreigon|Draco Meteor|p1a: Hydreigon
|-supereffective|p1a: Hydreigon
|-damage|p1a: Hydreigon|0 fnt
|-unboost|p2a: Hydreigon|spa|2
|-damage|p2a: Hydreigon|7\/325|[from] item: Life Orb
|faint|p1a: Hydreigon
|
|
|switch|p1a: Victini|Victini|256\/341
|-damage|p1a: Victini|171\/341|[from] Stealth Rock
|turn|6
|
|move|p1a: Victini|U-turn|p2a: Hydreigon
|-supereffective|p2a: Hydreigon
|-damage|p2a: Hydreigon|0 fnt
|faint|p2a: Hydreigon
|
|switch|p1a: Ampharos|Ampharos-Mega, F|352\/352
|-damage|p1a: Ampharos|308\/352|[from] Stealth Rock
|-ability|p1a: Ampharos|Mold Breaker
|
|
|switch|p2a: Victini|Victini|341\/341
|-damage|p2a: Victini|256\/341|[from] Stealth Rock
|turn|7
|
|move|p2a: Victini|V-create|p1a: Ampharos
|-resisted|p1a: Ampharos
|-damage|p1a: Ampharos|103\/352
|-unboost|p2a: Victini|def|1
|-unboost|p2a: Victini|spd|1
|-unboost|p2a: Victini|spe|1
|move|p1a: Ampharos|Thunderbolt|p2a: Victini
|-damage|p2a: Victini|0 fnt
|faint|p2a: Victini
|
|
|switch|p2a: Blastoise|Blastoise, M|329\/329
|-damage|p2a: Blastoise|288\/329|[from] Stealth Rock
|turn|8
|
|detailschange|p2a: Blastoise|Blastoise-Mega, M
|message|Blastoise has Mega Evolved into Mega Blastoise!
|move|p2a: Blastoise|Ice Beam|p1a: Ampharos
|-supereffective|p1a: Ampharos
|-damage|p1a: Ampharos|0 fnt
|faint|p1a: Ampharos
|
|
|switch|p1a: Victini|Victini|171\/341
|-damage|p1a: Victini|86\/341|[from] Stealth Rock
|turn|9
|
|switch|p2a: Jirachi|Jirachi|341\/341
|-damage|p2a: Jirachi|320\/341|[from] Stealth Rock
|move|p1a: Victini|Bolt Strike|p2a: Jirachi
|-damage|p2a: Jirachi|114\/341
|
|turn|10
|
|move|p2a: Jirachi|U-turn|p1a: Victini
|-damage|p1a: Victini|19\/341
|
|switch|p2a: Lucario|Lucario, F|281\/281
|-damage|p2a: Lucario|273\/281|[from] Stealth Rock
|move|p1a: Victini|Bolt Strike|p2a: Lucario
|-damage|p2a: Lucario|17\/281
|
|turn|11
|
|move|p2a: Lucario|Extreme Speed|p1a: Victini
|-crit|p1a: Victini
|-damage|p1a: Victini|0 fnt
|-damage|p2a: Lucario|0 fnt|[from] item: Life Orb
|faint|p1a: Victini
|faint|p2a: Lucario
|
|
|switch|p2a: Blastoise|Blastoise-Mega, M|288\/329
|-damage|p2a: Blastoise|247\/329|[from] Stealth Rock
|switch|p1a: Swampert|Swampert, F|238\/401
|-damage|p1a: Swampert|213\/401|[from] Stealth Rock
|turn|12
|
|move|p2a: Blastoise|Water Pulse|p1a: Swampert
|-damage|p1a: Swampert|6\/401
|-start|p1a: Swampert|confusion
|-activate|p1a: Swampert|confusion
|-damage|p1a: Swampert|0 fnt|[from] confusion
|faint|p1a: Swampert
|
|
|switch|p1a: Unholy Asskicker|Metagross|301\/301
|-damage|p1a: Unholy Asskicker|283\/301|[from] Stealth Rock
|turn|13
|c|âst123|well shit
|
|move|p1a: Unholy Asskicker|Earthquake|p2a: Blastoise
|-damage|p2a: Blastoise|117\/329
|-damage|p1a: Unholy Asskicker|253\/301|[from] item: Life Orb
|move|p2a: Blastoise|Dark Pulse|p1a: Unholy Asskicker
|-supereffective|p1a: Unholy Asskicker
|-damage|p1a: Unholy Asskicker|0 fnt
|faint|p1a: Unholy Asskicker
|
|win|Pheonixmaster
|raw|Ladder updating...
|raw|st123's rating: 1604 &rarr; <strong>1578<\/strong><br \/>(-26 for losing)
|raw|Pheonixmaster's rating: 1498 &rarr; <strong>1524<\/strong><br \/>(+26 for winning)
|c|âPheonixmaster|gg