|join|pokemonisfun
|join|st123
|player|p1|pokemonisfun|184
|player|p2|st123|265
|gametype|singles
|gen|6
|tier|UU
|rule|Sleep Clause Mod: Limit one foe put to sleep
|rule|Species Clause: Limit one of each PokÃ©mon
|rule|OHKO Clause: OHKO moves are banned
|rule|Moody Clause: Moody is banned
|rule|Evasion Moves Clause: Evasion moves are banned
|rule|Endless Battle Clause: Forcing endless battles is banned
|rule|HP Percentage Mod: HP is reported as percentages
|clearpoke
|poke|p1|Blissey, F
|poke|p1|Sableye, M
|poke|p1|Hippowdon, M
|poke|p1|Blastoise, M
|poke|p1|Mew
|poke|p1|Roserade, F
|poke|p2|Froslass, F
|poke|p2|Sableye, F
|poke|p2|Lucario, M
|poke|p2|Swampert, F
|poke|p2|Roserade, M
|poke|p2|Noivern, F
|rule|Swagger Clause: Swagger is banned
|rule|Baton Pass Clause: Limit three PokÃ©mon knowing Baton Pass
|teampreview
|
|start
|switch|p1a: Sableye|Sableye, M|291\/291
|switch|p2a: Froslass|Froslass, F|301\/301
|turn|1
|
|switch|p2a: Noivern|Noivern, F|311\/311
|move|p1a: Sableye|Foul Play|p2a: Noivern
|-damage|p2a: Noivern|227\/311
|
|turn|2
|
|move|p1a: Sableye|Will-O-Wisp|p2a: Noivern
|-status|p2a: Noivern|brn
|move|p2a: Noivern|Draco Meteor|p1a: Sableye|[miss]
|-miss|p2a: Noivern|p1a: Sableye
|
|-damage|p2a: Noivern|189\/311 brn|[from] brn
|turn|3
|
|switch|p2a: Roserade|Roserade, M|261\/261
|switch|p1a: Mew|Mew|395\/395
|
|turn|4
|
|move|p2a: Roserade|Toxic Spikes|p1a: Mew
|-sidestart|p1: pokemonisfun|move: Toxic Spikes
|move|p1a: Mew|Will-O-Wisp|p2a: Roserade
|-status|p2a: Roserade|brn
|
|-damage|p2a: Roserade|229\/261 brn|[from] brn
|turn|5
|
|move|p2a: Roserade|Toxic Spikes|p1a: Mew
|-sidestart|p1: pokemonisfun|move: Toxic Spikes
|move|p1a: Mew|Psyshock|p2a: Roserade
|-supereffective|p2a: Roserade
|-damage|p2a: Roserade|0 fnt
|faint|p2a: Roserade
|
|
|switch|p2a: Froslass|Froslass, F|301\/301
|turn|6
|
|move|p2a: Froslass|Spikes|p1a: Mew
|-sidestart|p1: pokemonisfun|Spikes
|move|p1a: Mew|Psyshock|p2a: Froslass
|-damage|p2a: Froslass|166\/301
|
|turn|7
|
|move|p2a: Froslass|Spikes|p1a: Mew
|-sidestart|p1: pokemonisfun|Spikes
|move|p1a: Mew|Psyshock|p2a: Froslass
|-damage|p2a: Froslass|48\/301
|
|turn|8
|
|move|p2a: Froslass|Destiny Bond|p2a: Froslass
|-singlemove|p2a: Froslass|Destiny Bond
|move|p1a: Mew|Defog|p2a: Froslass
|-unboost|p2a: Froslass|evasion|1
|-sideend|p1: pokemonisfun|Spikes|[from] move: Defog|[of] p1a: Mew
|-sideend|p1: pokemonisfun|Toxic Spikes|[from] move: Defog|[of] p1a: Mew
|
|turn|9
|chat|st123|damn thought toise was spinner
|
|move|p2a: Froslass|Spikes|p1a: Mew
|-sidestart|p1: pokemonisfun|Spikes
|move|p1a: Mew|Will-O-Wisp|p2a: Froslass
|-status|p2a: Froslass|brn
|
|-damage|p2a: Froslass|11\/301 brn|[from] brn
|turn|10
|
|move|p2a: Froslass|Taunt|p1a: Mew
|-start|p1a: Mew|move: Taunt
|cant|p1a: Mew|move: Taunt|Defog
|
|-damage|p2a: Froslass|0 fnt|[from] brn
|faint|p2a: Froslass
|
|switch|p2a: Swampert|Swampert, F|404\/404
|turn|11
|chat|pokemonisfun|yeah that would be reasonable to think i guess
|
|switch|p1a: Roserade|Roserade, F|323\/323
|-damage|p1a: Roserade|283\/323|[from] Spikes
|move|p2a: Swampert|Stealth Rock|p1a: Roserade
|-sidestart|p1: pokemonisfun|move: Stealth Rock
|
|-heal|p1a: Roserade|303\/323|[from] item: Black Sludge
|turn|12
|chat|pokemonisfun|i thought you played my team before though
|
|switch|p2a: Sableye|Sableye, F|303\/303
|move|p1a: Roserade|Toxic Spikes|p2a: Sableye
|-sidestart|p2: st123|move: Toxic Spikes
|
|-heal|p1a: Roserade|323\/323|[from] item: Black Sludge
|turn|13
|
|move|p2a: Sableye|Taunt|p1a: Roserade
|-start|p1a: Roserade|move: Taunt
|move|p1a: Roserade|Giga Drain|p2a: Sableye
|-damage|p2a: Sableye|198\/303
|
|-heal|p2a: Sableye|216\/303|[from] item: Leftovers
|turn|14
|
|move|p2a: Sableye|Will-O-Wisp|p1a: Roserade
|-status|p1a: Roserade|brn
|move|p1a: Roserade|Giga Drain|p2a: Sableye
|-damage|p2a: Sableye|116\/303
|
|-heal|p2a: Sableye|134\/303|[from] item: Leftovers
|-damage|p1a: Roserade|283\/323 brn|[from] brn
|turn|15
|chat|st123|yea i think i did haha
|chat|st123|guess i forgot
|
|switch|p1a: Sableye|Sableye, M|291\/291
|-damage|p1a: Sableye|255\/291|[from] Stealth Rock
|-damage|p1a: Sableye|219\/291|[from] Spikes
|move|p2a: Sableye|Foul Play|p1a: Sableye
|-damage|p1a: Sableye|111\/291
|
|-heal|p1a: Sableye|129\/291|[from] item: Leftovers
|-heal|p2a: Sableye|152\/303|[from] item: Leftovers
|turn|16
|chat|pokemonisfun|maybe i just didn use defog before
|
|move|p1a: Sableye|Taunt|p2a: Sableye
|-start|p2a: Sableye|move: Taunt
|cant|p2a: Sableye|move: Taunt|Taunt
|
|-heal|p1a: Sableye|147\/291|[from] item: Leftovers
|-heal|p2a: Sableye|170\/303|[from] item: Leftovers
|turn|17
|
|switch|p2a: Swampert|Swampert, F|404\/404
|-status|p2a: Swampert|psn
|move|p1a: Sableye|Will-O-Wisp|p2a: Swampert
|-fail|p2a: Swampert
|
|-heal|p1a: Sableye|165\/291|[from] item: Leftovers
|-damage|p2a: Swampert|354\/404 psn|[from] psn
|turn|18
|
|switch|p1a: Mew|Mew|395\/395
|-damage|p1a: Mew|346\/395|[from] Stealth Rock
|-damage|p1a: Mew|297\/395|[from] Spikes
|move|p2a: Swampert|Scald|p1a: Mew
|-damage|p1a: Mew|243\/395
|-status|p1a: Mew|brn
|
|-heal|p1a: Mew|267\/395 brn|[from] item: Leftovers
|-heal|p2a: Swampert|379\/404 psn|[from] item: Leftovers
|-damage|p1a: Mew|218\/395 brn|[from] brn
|-damage|p2a: Swampert|329\/404 psn|[from] psn
|turn|19
|
|move|p1a: Mew|Defog|p2a: Swampert
|-unboost|p2a: Swampert|evasion|1
|-sideend|p2: st123|Toxic Spikes|[from] move: Defog|[of] p2a: Swampert
|-sideend|p1: pokemonisfun|Spikes|[from] move: Defog|[of] p1a: Mew
|-sideend|p1: pokemonisfun|Stealth Rock|[from] move: Defog|[of] p1a: Mew
|move|p2a: Swampert|Roar|p1a: Mew
|drag|p1a: Blastoise|Blastoise, M|361\/361
|
|-heal|p2a: Swampert|354\/404 psn|[from] item: Leftovers
|-damage|p2a: Swampert|304\/404 psn|[from] psn
|turn|20
|
|switch|p2a: Noivern|Noivern, F|189\/311 brn
|detailschange|p1a: Blastoise|Blastoise-Mega, M
|message|Blastoise has Mega Evolved into Mega Blastoise!
|move|p1a: Blastoise|Scald|p2a: Noivern
|-resisted|p2a: Noivern
|-damage|p2a: Noivern|114\/311 brn
|
|-damage|p2a: Noivern|76\/311 brn|[from] brn
|turn|21
|
|switch|p1a: Blissey|Blissey, F|651\/651
|move|p2a: Noivern|Draco Meteor|p1a: Blissey
|-damage|p1a: Blissey|498\/651
|-unboost|p2a: Noivern|spa|2
|-damage|p2a: Noivern|45\/311 brn|[from] item: Life Orb
|
|-heal|p1a: Blissey|538\/651|[from] item: Leftovers
|-damage|p2a: Noivern|7\/311 brn|[from] brn
|turn|22
|
|switch|p2a: Swampert|Swampert, F|304\/404 psn
|move|p1a: Blissey|Heal Bell|p1a: Blissey
|-cureteam|p1a: Blissey|[from] move: HealBell
|
|-heal|p2a: Swampert|329\/404 psn|[from] item: Leftovers
|-heal|p1a: Blissey|578\/651|[from] item: Leftovers
|-damage|p2a: Swampert|279\/404 psn|[from] psn
|turn|23
|
|switch|p1a: Mew|Mew|218\/395
|move|p2a: Swampert|Stealth Rock|p1a: Mew
|-sidestart|p1: pokemonisfun|move: Stealth Rock
|
|-heal|p1a: Mew|242\/395|[from] item: Leftovers
|-heal|p2a: Swampert|304\/404 psn|[from] item: Leftovers
|-damage|p2a: Swampert|254\/404 psn|[from] psn
|turn|24
|
|switch|p2a: Sableye|Sableye, F|170\/303
|move|p1a: Mew|Defog|p2a: Sableye
|-unboost|p2a: Sableye|evasion|1
|-sideend|p1: pokemonisfun|Stealth Rock|[from] move: Defog|[of] p1a: Mew
|
|-heal|p1a: Mew|266\/395|[from] item: Leftovers
|-heal|p2a: Sableye|188\/303|[from] item: Leftovers
|turn|25
|
|switch|p1a: Blastoise|Blastoise-Mega, M|361\/361
|move|p2a: Sableye|Taunt|p1a: Blastoise
|-start|p1a: Blastoise|move: Taunt
|
|-heal|p2a: Sableye|206\/303|[from] item: Leftovers
|turn|26
|
|move|p1a: Blastoise|Scald|p2a: Sableye
|-damage|p2a: Sableye|86\/303
|move|p2a: Sableye|Foul Play|p1a: Blastoise
|-damage|p1a: Blastoise|300\/361
|
|-heal|p2a: Sableye|104\/303|[from] item: Leftovers
|turn|27
|
|move|p2a: Sableye|Recover|p2a: Sableye
|-heal|p2a: Sableye|256\/303
|move|p1a: Blastoise|Scald|p2a: Sableye
|-damage|p2a: Sableye|150\/303
|
|-heal|p2a: Sableye|168\/303|[from] item: Leftovers
|turn|28
|
|move|p2a: Sableye|Will-O-Wisp|p1a: Blastoise
|-status|p1a: Blastoise|brn
|move|p1a: Blastoise|Scald|p2a: Sableye
|-crit|p2a: Sableye
|-damage|p2a: Sableye|2\/303
|
|-heal|p2a: Sableye|20\/303|[from] item: Leftovers
|-damage|p1a: Blastoise|255\/361 brn|[from] brn
|-end|p1a: Blastoise|move: Taunt
|turn|29
|
|move|p2a: Sableye|Recover|p2a: Sableye
|-heal|p2a: Sableye|172\/303
|move|p1a: Blastoise|Scald|p2a: Sableye
|-damage|p2a: Sableye|66\/303
|
|-heal|p2a: Sableye|84\/303|[from] item: Leftovers
|-damage|p1a: Blastoise|210\/361 brn|[from] brn
|turn|30
|
|move|p2a: Sableye|Recover|p2a: Sableye
|-heal|p2a: Sableye|236\/303
|move|p1a: Blastoise|Scald|p2a: Sableye
|-damage|p2a: Sableye|119\/303
|-status|p2a: Sableye|brn
|
|-heal|p2a: Sableye|137\/303 brn|[from] item: Leftovers
|-damage|p1a: Blastoise|165\/361 brn|[from] brn
|-damage|p2a: Sableye|100\/303 brn|[from] brn
|turn|31
|
|switch|p1a: Blissey|Blissey, F|578\/651
|move|p2a: Sableye|Recover|p2a: Sableye
|-heal|p2a: Sableye|252\/303 brn
|
|-heal|p1a: Blissey|618\/651|[from] item: Leftovers
|-heal|p2a: Sableye|270\/303 brn|[from] item: Leftovers
|-damage|p2a: Sableye|233\/303 brn|[from] brn
|turn|32
|
|switch|p1a: Roserade|Roserade, F|283\/323
|move|p2a: Sableye|Taunt|p1a: Roserade
|-start|p1a: Roserade|move: Taunt
|
|-heal|p1a: Roserade|303\/323|[from] item: Black Sludge
|-heal|p2a: Sableye|251\/303 brn|[from] item: Leftovers
|-damage|p2a: Sableye|214\/303 brn|[from] brn
|turn|33
|
|move|p2a: Sableye|Will-O-Wisp|p1a: Roserade
|-status|p1a: Roserade|brn
|move|p1a: Roserade|Giga Drain|p2a: Sableye
|-damage|p2a: Sableye|118\/303 brn
|-heal|p1a: Roserade|323\/323 brn|[from] drain|[of] p2a: Sableye
|
|-heal|p2a: Sableye|136\/303 brn|[from] item: Leftovers
|-damage|p1a: Roserade|283\/323 brn|[from] brn
|-damage|p2a: Sableye|99\/303 brn|[from] brn
|turn|34
|
|switch|p2a: Noivern|Noivern, F|7\/311 brn
|move|p1a: Roserade|Giga Drain|p2a: Noivern
|-resisted|p2a: Noivern
|-damage|p2a: Noivern|0 fnt
|-heal|p1a: Roserade|287\/323 brn|[from] drain|[of] p2a: Noivern
|faint|p2a: Noivern
|
|-heal|p1a: Roserade|307\/323 brn|[from] item: Black Sludge
|-damage|p1a: Roserade|267\/323 brn|[from] brn
|
|switch|p2a: Lucario|Lucario, M|315\/315
|turn|35
|
|switch|p2a: Swampert|Swampert, F|254\/404 psn
|switch|p1a: Hippowdon|Hippowdon, M|420\/420
|-weather|Sandstorm
|
|-weather|Sandstorm|[upkeep]
|-heal|p2a: Swampert|279\/404 psn|[from] item: Leftovers
|-damage|p2a: Swampert|229\/404 psn|[from] psn
|turn|36
|
|switch|p1a: Roserade|Roserade, F|267\/323
|move|p2a: Swampert|Scald|p1a: Roserade
|-resisted|p1a: Roserade
|-damage|p1a: Roserade|243\/323
|
|-weather|Sandstorm|[upkeep]
|-damage|p1a: Roserade|223\/323|[from] sandstorm
|-heal|p1a: Roserade|243\/323|[from] item: Black Sludge
|-heal|p2a: Swampert|254\/404 psn|[from] item: Leftovers
|-damage|p2a: Swampert|204\/404 psn|[from] psn
|turn|37
|
|switch|p2a: Lucario|Lucario, M|315\/315
|move|p1a: Roserade|Giga Drain|p2a: Lucario
|-resisted|p2a: Lucario
|-damage|p2a: Lucario|249\/315
|-heal|p1a: Roserade|276\/323|[from] drain|[of] p2a: Lucario
|
|-weather|Sandstorm|[upkeep]
|-damage|p1a: Roserade|256\/323|[from] sandstorm
|-heal|p1a: Roserade|276\/323|[from] item: Black Sludge
|turn|38
|
|switch|p1a: Hippowdon|Hippowdon, M|420\/420
|move|p2a: Lucario|Crunch|p1a: Hippowdon
|-damage|p1a: Hippowdon|346\/420
|-damage|p2a: Lucario|218\/315|[from] item: Life Orb
|
|-weather|Sandstorm|[upkeep]
|-heal|p1a: Hippowdon|372\/420|[from] item: Leftovers
|turn|39
|
|switch|p2a: Swampert|Swampert, F|204\/404 psn
|move|p1a: Hippowdon|Stealth Rock|p2a: Swampert
|-sidestart|p2: st123|move: Stealth Rock
|
|-weather|none
|-heal|p2a: Swampert|229\/404 psn|[from] item: Leftovers
|-heal|p1a: Hippowdon|398\/420|[from] item: Leftovers
|-damage|p2a: Swampert|179\/404 psn|[from] psn
|turn|40
|
|switch|p1a: Roserade|Roserade, F|276\/323
|move|p2a: Swampert|Stealth Rock|p1a: Roserade
|-sidestart|p1: pokemonisfun|move: Stealth Rock
|
|-heal|p1a: Roserade|296\/323|[from] item: Black Sludge
|-heal|p2a: Swampert|204\/404 psn|[from] item: Leftovers
|-damage|p2a: Swampert|154\/404 psn|[from] psn
|turn|41
|
|switch|p2a: Sableye|Sableye, F|99\/303 brn
|-damage|p2a: Sableye|62\/303 brn|[from] Stealth Rock
|move|p1a: Roserade|Spikes|p2a: Sableye
|-sidestart|p2: st123|Spikes
|
|-heal|p1a: Roserade|316\/323|[from] item: Black Sludge
|-heal|p2a: Sableye|80\/303 brn|[from] item: Leftovers
|-damage|p2a: Sableye|43\/303 brn|[from] brn
|turn|42
|
|move|p2a: Sableye|Taunt|p1a: Roserade
|-start|p1a: Roserade|move: Taunt
|move|p1a: Roserade|Giga Drain|p2a: Sableye
|-damage|p2a: Sableye|0 fnt
|-heal|p1a: Roserade|323\/323|[from] drain|[of] p2a: Sableye
|faint|p2a: Sableye
|
|
|switch|p2a: Lucario|Lucario, M|218\/315
|-damage|p2a: Lucario|179\/315|[from] Spikes
|-damage|p2a: Lucario|170\/315|[from] Stealth Rock
|turn|43
|
|move|p2a: Lucario|Swords Dance|p2a: Lucario
|-boost|p2a: Lucario|atk|2
|move|p1a: Roserade|Giga Drain|p2a: Lucario
|-resisted|p2a: Lucario
|-damage|p2a: Lucario|95\/315
|
|turn|44
|
|move|p2a: Lucario|Crunch|p1a: Roserade
|-damage|p1a: Roserade|0 fnt
|-damage|p2a: Lucario|64\/315|[from] item: Life Orb
|faint|p1a: Roserade
|
|
|switch|p1a: Blastoise|Blastoise-Mega, M|165\/361 brn
|-damage|p1a: Blastoise|120\/361 brn|[from] Stealth Rock
|turn|45
|
|move|p2a: Lucario|Crunch|p1a: Blastoise
|-damage|p1a: Blastoise|0 fnt
|-damage|p2a: Lucario|33\/315|[from] item: Life Orb
|faint|p1a: Blastoise
|
|
|switch|p1a: Hippowdon|Hippowdon, M|398\/420
|-damage|p1a: Hippowdon|372\/420|[from] Stealth Rock
|-weather|Sandstorm
|turn|46
|
|move|p2a: Lucario|Close Combat|p1a: Hippowdon
|-damage|p1a: Hippowdon|20\/420
|-unboost|p2a: Lucario|def|1
|-unboost|p2a: Lucario|spd|1
|-damage|p2a: Lucario|2\/315|[from] item: Life Orb
|move|p1a: Hippowdon|Earthquake|p2a: Lucario
|-supereffective|p2a: Lucario
|-damage|p2a: Lucario|0 fnt
|faint|p2a: Lucario
|
|-weather|Sandstorm|[upkeep]
|-heal|p1a: Hippowdon|46\/420|[from] item: Leftovers
|
|switch|p2a: Swampert|Swampert, F|154\/404 psn
|-damage|p2a: Swampert|104\/404 psn|[from] Spikes
|-damage|p2a: Swampert|79\/404 psn|[from] Stealth Rock
|turn|47
|
|move|p2a: Swampert|Scald|p1a: Hippowdon
|-supereffective|p1a: Hippowdon
|-damage|p1a: Hippowdon|0 fnt
|faint|p1a: Hippowdon
|
|-weather|Sandstorm|[upkeep]
|-heal|p2a: Swampert|104\/404 psn|[from] item: Leftovers
|-damage|p2a: Swampert|54\/404 psn|[from] psn
|
|switch|p1a: Mew|Mew|266\/395
|-damage|p1a: Mew|217\/395|[from] Stealth Rock
|turn|48
|
|move|p1a: Mew|Psyshock|p2a: Swampert
|-damage|p2a: Swampert|0 fnt
|faint|p2a: Swampert
|
|win|pokemonisfun
|chat|st123|gg