|join|Sweep
|join|st123
|player|p1|Sweep|1
|player|p2|st123|153
|gametype|singles
|gen|6
|tier|UU
|rated
|rule|Sleep Clause Mod: Limit one foe put to sleep
|rule|Species Clause: Limit one of each PokÃ©mon
|rule|OHKO Clause: OHKO moves are banned
|rule|Moody Clause: Moody is banned
|rule|Evasion Moves Clause: Evasion moves are banned
|rule|Endless Battle Clause: Forcing endless battles is banned
|rule|HP Percentage Mod: HP is shown in percentages
|clearpoke
|poke|p1|Yanmega, M
|poke|p1|Krookodile, M
|poke|p1|Blastoise, M
|poke|p1|Azelf
|poke|p1|Metagross
|poke|p1|Entei, shiny
|poke|p2|Zygarde
|poke|p2|Forretress, F
|poke|p2|Umbreon, M
|poke|p2|Jellicent, F
|poke|p2|Jirachi
|poke|p2|Crobat, M
|rule|Swagger Clause: Swagger is banned
|rule|Baton Pass Clause: Limit one PokÃ©mon knowing Baton Pass
|teampreview
|
|start
|switch|p1a: Azelf|Azelf|291\/291
|switch|p2a: Crobat|Crobat, M|331\/331
|turn|1
|
|move|p2a: Crobat|U-turn|p1a: Azelf
|-crit|p1a: Azelf
|-supereffective|p1a: Azelf
|-damage|p1a: Azelf|47\/291
|
|switch|p2a: Jirachi|Jirachi|341\/341
|move|p1a: Azelf|Stealth Rock|p2a: Jirachi
|-sidestart|p2: st123|move: Stealth Rock
|
|turn|2
|
|switch|p1a: Entei|Entei, shiny|371\/371
|-ability|p1a: Entei|Pressure
|move|p2a: Jirachi|U-turn|p1a: Entei
|-resisted|p1a: Entei
|-damage|p1a: Entei|330\/371
|
|switch|p2a: Jellicent|Jellicent, F|404\/404
|-damage|p2a: Jellicent|354\/404|[from] Stealth Rock
|
|-heal|p2a: Jellicent|379\/404|[from] item: Leftovers
|turn|3
|
|switch|p1a: Blastoise|Blastoise, M|331\/331
|move|p2a: Jellicent|Scald|p1a: Blastoise
|-resisted|p1a: Blastoise
|-damage|p1a: Blastoise|289\/331
|
|-heal|p2a: Jellicent|404\/404|[from] item: Leftovers
|turn|4
|
|detailschange|p1a: Blastoise|Blastoise-Mega, M
|message|Blastoise has Mega Evolved into Mega Blastoise!
|move|p1a: Blastoise|Dragon Pulse|p2a: Jellicent
|-damage|p2a: Jellicent|229\/404
|move|p2a: Jellicent|Will-O-Wisp|p1a: Blastoise
|-status|p1a: Blastoise|brn
|
|-heal|p2a: Jellicent|254\/404|[from] item: Leftovers
|-damage|p1a: Blastoise|248\/331 brn|[from] brn
|turn|5
|
|switch|p1a: Krookodile|Krookodile, M|331\/331
|-ability|p1a: Krookodile|Intimidate|[of] p2a: Jellicent
|-unboost|p2a: Jellicent|atk|1
|switch|p2a: Umbreon|Umbreon, M|394\/394
|-damage|p2a: Umbreon|345\/394|[from] Stealth Rock
|
|-heal|p2a: Umbreon|369\/394|[from] item: Leftovers
|turn|6
|
|move|p2a: Umbreon|Protect|p2a: Umbreon
|-singleturn|p2a: Umbreon|Protect
|move|p1a: Krookodile|Knock Off|p2a: Umbreon
|-activate|p2a: Umbreon|Protect
|
|-heal|p2a: Umbreon|393\/394|[from] item: Leftovers
|turn|7
|join|Eyan
|
|move|p1a: Krookodile|Knock Off|p2a: Umbreon
|-resisted|p2a: Umbreon
|-damage|p2a: Umbreon|283\/394
|-enditem|p2a: Umbreon|Leftovers|[from] move: Knock Off|[of] p1a: Krookodile
|move|p2a: Umbreon|Wish|p2a: Umbreon
|
|turn|8
|
|switch|p1a: Azelf|Azelf|47\/291
|move|p2a: Umbreon|Foul Play|p1a: Azelf
|-supereffective|p1a: Azelf
|-damage|p1a: Azelf|0 fnt
|faint|p1a: Azelf
|
|-heal|p2a: Umbreon|394\/394|[from] move: Wish|[wisher] Umbreon
|
|switch|p1a: Entei|Entei, shiny|330\/371
|-ability|p1a: Entei|Pressure
|turn|9
|
|move|p2a: Umbreon|Protect|p2a: Umbreon
|-singleturn|p2a: Umbreon|Protect
|move|p1a: Entei|Sacred Fire|p2a: Umbreon
|-activate|p2a: Umbreon|Protect
|
|turn|10
|
|move|p1a: Entei|Sacred Fire|p2a: Umbreon
|-damage|p2a: Umbreon|198\/394
|-status|p2a: Umbreon|brn
|move|p2a: Umbreon|Foul Play|p1a: Entei
|-damage|p1a: Entei|227\/371
|
|-damage|p2a: Umbreon|149\/394 brn|[from] brn
|turn|11
|
|move|p1a: Entei|Substitute|p1a: Entei
|-start|p1a: Entei|Substitute
|-damage|p1a: Entei|135\/371
|move|p2a: Umbreon|Foul Play|p1a: Entei
|-activate|p1a: Entei|Substitute|[damage]
|
|-damage|p2a: Umbreon|100\/394 brn|[from] brn
|turn|12
|
|move|p1a: Entei|Sacred Fire|p2a: Umbreon
|-damage|p2a: Umbreon|0 fnt
|faint|p2a: Umbreon
|
|
|switch|p2a: Crobat|Crobat, M|331\/331
|-damage|p2a: Crobat|249\/331|[from] Stealth Rock
|turn|13
|
|move|p2a: Crobat|Brave Bird|p1a: Entei
|-damage|p1a: Entei|0 fnt
|-damage|p2a: Crobat|204\/331|[from] recoil|[of] p1a: Entei
|faint|p1a: Entei
|
|-heal|p2a: Crobat|224\/331|[from] item: Black Sludge
|
|switch|p1a: Krookodile|Krookodile, M|331\/331
|-ability|p1a: Krookodile|Intimidate|[of] p2a: Crobat
|-unboost|p2a: Crobat|atk|1
|turn|14
|
|move|p2a: Crobat|U-turn|p1a: Krookodile
|-supereffective|p1a: Krookodile
|-damage|p1a: Krookodile|235\/331
|
|switch|p2a: Forretress|Forretress, F|354\/354
|-damage|p2a: Forretress|310\/354|[from] Stealth Rock
|move|p1a: Krookodile|Knock Off|p2a: Forretress
|-damage|p2a: Forretress|181\/354
|-enditem|p2a: Forretress|Leftovers|[from] move: Knock Off|[of] p1a: Krookodile
|
|turn|15
|
|switch|p1a: Yanmega|Yanmega, M|313\/313
|move|p2a: Forretress|Rapid Spin|p1a: Yanmega
|-damage|p1a: Yanmega|300\/313
|-sideend|p2: st123|Stealth Rock|[from] move: Rapid Spin|[of] p2a: Forretress
|
|turn|16
|
|move|p1a: Yanmega|Air Slash|p2a: Forretress
|-damage|p2a: Forretress|0 fnt
|-damage|p1a: Yanmega|269\/313|[from] item: Life Orb
|faint|p2a: Forretress
|
|-boost|p1a: Yanmega|spe|1|[from] ability: Speed Boost
|
|switch|p2a: Jirachi|Jirachi|341\/341
|turn|17
|
|move|p1a: Yanmega|Protect|p1a: Yanmega
|-singleturn|p1a: Yanmega|Protect
|move|p2a: Jirachi|Trick|p1a: Yanmega
|-activate|p1a: Yanmega|Protect
|
|-boost|p1a: Yanmega|spe|1|[from] ability: Speed Boost
|turn|18
|
|switch|p1a: Blastoise|Blastoise-Mega, M|248\/331 brn
|switch|p2a: Crobat|Crobat, M|224\/331
|
|-heal|p2a: Crobat|244\/331|[from] item: Black Sludge
|-damage|p1a: Blastoise|207\/331 brn|[from] brn
|turn|19
|
|move|p2a: Crobat|U-turn|p1a: Blastoise
|-damage|p1a: Blastoise|149\/331 brn
|
|switch|p2a: Jirachi|Jirachi|341\/341
|move|p1a: Blastoise|Ice Beam|p2a: Jirachi
|-resisted|p2a: Jirachi
|-damage|p2a: Jirachi|286\/341
|
|-damage|p1a: Blastoise|108\/331 brn|[from] brn
|turn|20
|
|move|p2a: Jirachi|U-turn|p1a: Blastoise
|-damage|p1a: Blastoise|43\/331 brn
|
|switch|p2a: Jellicent|Jellicent, F|254\/404
|move|p1a: Blastoise|Dragon Pulse|p2a: Jellicent
|-damage|p2a: Jellicent|88\/404
|
|-heal|p2a: Jellicent|113\/404|[from] item: Leftovers
|-damage|p1a: Blastoise|2\/331 brn|[from] brn
|turn|21
|
|move|p1a: Blastoise|Dragon Pulse|p2a: Jellicent
|-damage|p2a: Jellicent|0 fnt
|faint|p2a: Jellicent
|
|-damage|p1a: Blastoise|0 fnt|[from] brn
|faint|p1a: Blastoise
|
|switch|p1a: Krookodile|Krookodile, M|235\/331
|switch|p2a: Zygarde|Zygarde|405\/405
|-ability|p1a: Krookodile|Intimidate|[of] p2a: Zygarde
|-unboost|p2a: Zygarde|atk|1
|-ability|p2a: Zygarde|Aura Break
|turn|22
|
|move|p1a: Krookodile|Knock Off|p2a: Zygarde
|-damage|p2a: Zygarde|191\/405
|-enditem|p2a: Zygarde|Leftovers|[from] move: Knock Off|[of] p1a: Krookodile
|move|p2a: Zygarde|Earthquake|p1a: Krookodile
|-damage|p1a: Krookodile|144\/331
|
|turn|23
|
|move|p1a: Krookodile|Knock Off|p2a: Zygarde
|-damage|p2a: Zygarde|50\/405
|move|p2a: Zygarde|Dragon Tail|p1a: Krookodile
|-damage|p1a: Krookodile|90\/331
|drag|p1a: Yanmega|Yanmega, M|269\/313
|
|turn|24
|
|move|p1a: Yanmega|Giga Drain|p2a: Zygarde
|-damage|p2a: Zygarde|0 fnt
|-heal|p1a: Yanmega|294\/313|[from] drain|[of] p2a: Zygarde
|-damage|p1a: Yanmega|263\/313|[from] item: Life Orb
|faint|p2a: Zygarde
|
|-boost|p1a: Yanmega|spe|1|[from] ability: Speed Boost
|
|switch|p2a: Jirachi|Jirachi|286\/341
|turn|25
|
|move|p1a: Yanmega|Protect|p1a: Yanmega
|-singleturn|p1a: Yanmega|Protect
|move|p2a: Jirachi|Fire Punch|p1a: Yanmega
|-activate|p1a: Yanmega|Protect
|
|-boost|p1a: Yanmega|spe|1|[from] ability: Speed Boost
|turn|26
|
|move|p1a: Yanmega|Bug Buzz|p2a: Jirachi
|-damage|p2a: Jirachi|60\/341
|-damage|p1a: Yanmega|232\/313|[from] item: Life Orb
|move|p2a: Jirachi|Fire Punch|p1a: Yanmega
|-crit|p1a: Yanmega
|-supereffective|p1a: Yanmega
|-damage|p1a: Yanmega|0 fnt
|faint|p1a: Yanmega
|
|
|switch|p1a: Krookodile|Krookodile, M|90\/331
|-ability|p1a: Krookodile|Intimidate|[of] p2a: Jirachi
|-unboost|p2a: Jirachi|atk|1
|turn|27
|
|move|p1a: Krookodile|Pursuit|p2a: Jirachi|[from]Pursuit
|-supereffective|p2a: Jirachi
|-damage|p2a: Jirachi|0 fnt
|faint|p2a: Jirachi
|
|
|switch|p2a: Crobat|Crobat, M|244\/331
|turn|28
|
|move|p2a: Crobat|Brave Bird|p1a: Krookodile
|-damage|p1a: Krookodile|0 fnt
|-damage|p2a: Crobat|214\/331|[from] recoil|[of] p1a: Krookodile
|faint|p1a: Krookodile
|
|-heal|p2a: Crobat|234\/331|[from] item: Black Sludge
|
|switch|p1a: Metagross|Metagross|301\/301
|turn|29
|
|move|p2a: Crobat|Brave Bird|p1a: Metagross
|-crit|p1a: Metagross
|-resisted|p1a: Metagross
|-damage|p1a: Metagross|198\/301
|-damage|p2a: Crobat|200\/331|[from] recoil|[of] p1a: Metagross
|move|p1a: Metagross|Zen Headbutt|p2a: Crobat
|-supereffective|p2a: Crobat
|-damage|p2a: Crobat|0 fnt
|faint|p2a: Crobat
|
|win|Sweep
|raw|Ladder updating...
|raw|Sweep's rating: 1672 &rarr; <strong>1691<\/strong><br \/>(+19 for winning)
|raw|st123's rating: 1655 &rarr; <strong>1636<\/strong><br \/>(-19 for losing)