|join|st123
|join|alienlanes
|player|p1|st123|153
|player|p2|alienlanes|290
|gametype|singles
|gen|6
|tier|UU
|rated
|rule|Sleep Clause Mod: Limit one foe put to sleep
|rule|Species Clause: Limit one of each PokÃ©mon
|rule|OHKO Clause: OHKO moves are banned
|rule|Moody Clause: Moody is banned
|rule|Evasion Moves Clause: Evasion moves are banned
|rule|Endless Battle Clause: Forcing endless battles is banned
|rule|HP Percentage Mod: HP is shown in percentages
|clearpoke
|poke|p1|Jirachi
|poke|p1|Hydreigon, M
|poke|p1|Togekiss, F
|poke|p1|Swampert, F
|poke|p1|Ampharos, M
|poke|p1|Victini
|poke|p2|Smeargle, F
|poke|p2|Lucario, M
|poke|p2|Absol, M
|poke|p2|Jirachi
|poke|p2|Chandelure, M
|poke|p2|Celebi
|rule|Swagger Clause: Swagger is banned
|rule|Baton Pass Clause: Limit one PokÃ©mon knowing Baton Pass
|teampreview
|
|start
|switch|p1a: Jirachi|Jirachi|341\/341
|switch|p2a: Jirachi|Jirachi|341\/341
|turn|1
|c|âalienlanes|sup marth
|c|âst123|hi
|
|move|p2a: Jirachi|U-turn|p1a: Jirachi
|-damage|p1a: Jirachi|277\/341
|join|EyanZ
|
|switch|p2a: Chandelure|Chandelure, M|262\/262
|move|p1a: Jirachi|U-turn|p2a: Chandelure
|-resisted|p2a: Chandelure
|-damage|p2a: Chandelure|243\/262
|
|switch|p1a: Hydreigon|Hydreigon, M|325\/325
|
|turn|2
|
|move|p1a: Hydreigon|Dark Pulse|p2a: Chandelure
|-supereffective|p2a: Chandelure
|-damage|p2a: Chandelure|0 fnt
|-damage|p1a: Hydreigon|293\/325|[from] item: Life Orb
|faint|p2a: Chandelure
|
|
|switch|p2a: Smeargle|Smeargle, F|314\/314
|turn|3
|
|move|p1a: Hydreigon|Dark Pulse|p2a: Smeargle
|-enditem|p2a: Smeargle|Focus Sash
|-damage|p2a: Smeargle|1\/314
|-damage|p1a: Hydreigon|261\/325|[from] item: Life Orb
|move|p2a: Smeargle|Dark Void|p1a: Hydreigon
|-status|p1a: Hydreigon|slp
|
|turn|4
|
|switch|p1a: Jirachi|Jirachi|277\/341
|move|p2a: Smeargle|Stealth Rock|p1a: Jirachi
|-sidestart|p1: st123|move: Stealth Rock
|
|turn|5
|
|move|p1a: Jirachi|Fire Punch|p2a: Smeargle
|-damage|p2a: Smeargle|0 fnt
|faint|p2a: Smeargle
|
|
|switch|p2a: Absol|Absol, M|271\/271
|turn|6
|
|switch|p1a: Togekiss|Togekiss, F|374\/374
|-damage|p1a: Togekiss|281\/374|[from] Stealth Rock
|detailschange|p2a: Absol|Absol-Mega, M
|message|Absol has Mega Evolved into Mega Absol!
|move|p2a: Absol|Swords Dance|p2a: Absol
|-boost|p2a: Absol|atk|2
|
|-heal|p1a: Togekiss|304\/374|[from] item: Leftovers
|turn|7
|
|move|p2a: Absol|Baton Pass|p2a: Absol
|
|switch|p2a: Celebi|Celebi|342\/342
|move|p1a: Togekiss|Air Slash|p2a: Celebi|[miss]
|-miss|p1a: Togekiss|p2a: Celebi
|
|-heal|p1a: Togekiss|327\/374|[from] item: Leftovers
|turn|8
|
|move|p2a: Celebi|Zen Headbutt|p1a: Togekiss
|-damage|p1a: Togekiss|84\/374
|cant|p1a: Togekiss|flinch
|
|-heal|p1a: Togekiss|107\/374|[from] item: Leftovers
|turn|9
|c|âalienlanes|:S sorry
|
|move|p2a: Celebi|Zen Headbutt|p1a: Togekiss
|-damage|p1a: Togekiss|0 fnt
|faint|p1a: Togekiss
|
|
|switch|p1a: Jirachi|Jirachi|277\/341
|-damage|p1a: Jirachi|256\/341|[from] Stealth Rock
|turn|10
|
|move|p2a: Celebi|Sucker Punch|p1a: Jirachi
|-fail|p1a: Jirachi
|move|p1a: Jirachi|Trick|p2a: Celebi
|-activate|p1a: Jirachi|move: Trick|[of] p2a: Celebi
|-item|p2a: Celebi|Choice Scarf|[from] move: Trick
|-item|p1a: Jirachi|Leftovers|[from] move: Trick
|
|-heal|p1a: Jirachi|277\/341|[from] item: Leftovers
|turn|11
|
|switch|p1a: Hydreigon|Hydreigon, M|261\/325 slp
|-damage|p1a: Hydreigon|221\/325 slp|[from] Stealth Rock
|move|p2a: Celebi|Seed Bomb|p1a: Hydreigon
|-resisted|p1a: Hydreigon
|-damage|p1a: Hydreigon|86\/325 slp
|
|turn|12
|
|move|p2a: Celebi|Seed Bomb|p1a: Hydreigon
|-resisted|p1a: Hydreigon
|-damage|p1a: Hydreigon|0 fnt
|faint|p1a: Hydreigon
|
|
|switch|p1a: Victini|Victini|341\/341
|-damage|p1a: Victini|256\/341|[from] Stealth Rock
|turn|13
|
|move|p2a: Celebi|Seed Bomb|p1a: Victini
|-resisted|p1a: Victini
|-damage|p1a: Victini|147\/341
|move|p1a: Victini|V-create|p2a: Celebi
|-supereffective|p2a: Celebi
|-damage|p2a: Celebi|0 fnt
|-unboost|p1a: Victini|def|1
|-unboost|p1a: Victini|spd|1
|-unboost|p1a: Victini|spe|1
|faint|p2a: Celebi
|
|join|Undercover Donut
|
|switch|p2a: Lucario|Lucario, M|281\/281
|turn|14
|
|move|p2a: Lucario|Nasty Plot|p2a: Lucario
|-boost|p2a: Lucario|spa|2
|move|p1a: Victini|V-create|p2a: Lucario
|-supereffective|p2a: Lucario
|-damage|p2a: Lucario|0 fnt
|-unboost|p1a: Victini|def|1
|-unboost|p1a: Victini|spd|1
|-unboost|p1a: Victini|spe|1
|faint|p2a: Lucario
|
|c|âalienlanes|heh
|
|switch|p2a: Absol|Absol-Mega, M|271\/271
|turn|15
|
|move|p2a: Absol|Sucker Punch|p1a: Victini
|-supereffective|p1a: Victini
|-damage|p1a: Victini|0 fnt
|faint|p1a: Victini
|
|
|switch|p1a: Ampharos|Ampharos, M|352\/352
|-damage|p1a: Ampharos|308\/352|[from] Stealth Rock
|turn|16
|
|detailschange|p1a: Ampharos|Ampharos-Mega, M
|message|Ampharos has Mega Evolved into Mega Ampharos!
|-ability|p1a: Ampharos|Mold Breaker
|move|p2a: Absol|Swords Dance|p2a: Absol
|-boost|p2a: Absol|atk|2
|move|p1a: Ampharos|Thunderbolt|p2a: Absol
|-damage|p2a: Absol|0 fnt
|faint|p2a: Absol
|
|
|switch|p2a: Jirachi|Jirachi|341\/341
|turn|17
|
|move|p2a: Jirachi|Iron Head|p1a: Ampharos
|-resisted|p1a: Ampharos
|-damage|p1a: Ampharos|252\/352
|cant|p1a: Ampharos|flinch
|
|turn|18
|
|move|p2a: Jirachi|Iron Head|p1a: Ampharos
|-resisted|p1a: Ampharos
|-damage|p1a: Ampharos|195\/352
|cant|p1a: Ampharos|flinch
|
|turn|19
|
|move|p2a: Jirachi|Iron Head|p1a: Ampharos
|-resisted|p1a: Ampharos
|-damage|p1a: Ampharos|141\/352
|move|p1a: Ampharos|Thunderbolt|p2a: Jirachi
|-damage|p2a: Jirachi|139\/341
|
|turn|20
|
|move|p2a: Jirachi|Iron Head|p1a: Ampharos
|-resisted|p1a: Ampharos
|-damage|p1a: Ampharos|85\/352
|move|p1a: Ampharos|Thunderbolt|p2a: Jirachi
|-damage|p2a: Jirachi|0 fnt
|faint|p2a: Jirachi
|
|win|st123
|raw|Ladder updating...
|c|âalienlanes|geeg