|join|Lol1z da Fuccboi
|join|haxfuckery
|player|p1|Lol1z da Fuccboi|2
|player|p2|haxfuckery|209
|gametype|singles
|gen|6
|tier|UU
|rated
|rule|Sleep Clause Mod: Limit one foe put to sleep
|rule|Species Clause: Limit one of each PokÃ©mon
|rule|OHKO Clause: OHKO moves are banned
|rule|Moody Clause: Moody is banned
|rule|Evasion Moves Clause: Evasion moves are banned
|rule|Endless Battle Clause: Forcing endless battles is banned
|rule|HP Percentage Mod: HP is shown in percentages
|clearpoke
|poke|p1|Swampert, M
|poke|p1|Celebi
|poke|p1|Entei, shiny
|poke|p1|Forretress, F
|poke|p1|Mienshao, F
|poke|p1|Hydreigon, F
|poke|p2|Swampert, M
|poke|p2|Suicune, shiny
|poke|p2|Crobat, M
|poke|p2|Alakazam, M
|poke|p2|Jirachi
|poke|p2|Zygarde
|rule|Swagger Clause: Swagger is banned
|rule|Baton Pass Clause: Limit one PokÃ©mon knowing Baton Pass
|teampreview
|
|start
|switch|p1a: Swampert|Swampert, M|404\/404
|switch|p2a: Bert|Swampert, M|404\/404
|turn|1
|
|move|p2a: Bert|Stealth Rock|p1a: Swampert
|-sidestart|p1: Lol1z da Fuccboi|move: Stealth Rock
|move|p1a: Swampert|Stealth Rock|p2a: Bert
|-sidestart|p2: haxfuckery|move: Stealth Rock
|
|turn|2
|
|switch|p1a: Celebi|Celebi|404\/404
|-damage|p1a: Celebi|354\/404|[from] Stealth Rock
|move|p2a: Bert|Roar|p1a: Celebi
|drag|p1a: Swampert|Swampert, M|404\/404
|-damage|p1a: Swampert|379\/404|[from] Stealth Rock
|
|-heal|p1a: Swampert|404\/404|[from] item: Leftovers
|turn|3
|
|switch|p1a: Celebi|Celebi|354\/404
|-damage|p1a: Celebi|304\/404|[from] Stealth Rock
|move|p2a: Bert|Scald|p1a: Celebi
|-resisted|p1a: Celebi
|-damage|p1a: Celebi|272\/404
|
|-heal|p1a: Celebi|297\/404|[from] item: Leftovers
|turn|4
|
|switch|p2a: Cunt|Jirachi|341\/341
|-damage|p2a: Cunt|320\/341|[from] Stealth Rock
|move|p1a: Celebi|U-turn|p2a: Cunt
|-damage|p2a: Cunt|267\/341
|
|switch|p1a: Forretress|Forretress, F|354\/354
|-damage|p1a: Forretress|310\/354|[from] Stealth Rock
|
|-heal|p1a: Forretress|332\/354|[from] item: Leftovers
|turn|5
|
|move|p2a: Cunt|U-turn|p1a: Forretress
|-resisted|p1a: Forretress
|-damage|p1a: Forretress|313\/354
|
|switch|p2a: Bert|Swampert, M|404\/404
|-damage|p2a: Bert|379\/404|[from] Stealth Rock
|move|p1a: Forretress|Spikes|p2a: Bert
|-sidestart|p2: haxfuckery|Spikes
|
|-heal|p2a: Bert|404\/404|[from] item: Leftovers
|-heal|p1a: Forretress|335\/354|[from] item: Leftovers
|turn|6
|
|switch|p1a: Celebi|Celebi|297\/404
|-damage|p1a: Celebi|247\/404|[from] Stealth Rock
|move|p2a: Bert|Scald|p1a: Celebi
|-resisted|p1a: Celebi
|-damage|p1a: Celebi|220\/404
|
|-heal|p1a: Celebi|245\/404|[from] item: Leftovers
|turn|7
|
|switch|p2a: Brobat|Crobat, M|311\/311
|-damage|p2a: Brobat|234\/311|[from] Stealth Rock
|move|p1a: Celebi|Psychic|p2a: Brobat
|-supereffective|p2a: Brobat
|-damage|p2a: Brobat|0 fnt
|faint|p2a: Brobat
|
|-heal|p1a: Celebi|270\/404|[from] item: Leftovers
|
|switch|p2a: Enucius|Suicune, shiny|404\/404
|-damage|p2a: Enucius|354\/404|[from] Stealth Rock
|-damage|p2a: Enucius|304\/404|[from] Spikes
|-ability|p2a: Enucius|Pressure
|turn|8
|
|move|p1a: Celebi|Giga Drain|p2a: Enucius
|-supereffective|p2a: Enucius
|-damage|p2a: Enucius|140\/404
|-heal|p1a: Celebi|352\/404|[from] drain|[of] p2a: Enucius
|move|p2a: Enucius|Calm Mind|p2a: Enucius
|-boost|p2a: Enucius|spa|1
|-boost|p2a: Enucius|spd|1
|
|-heal|p1a: Celebi|377\/404|[from] item: Leftovers
|-heal|p2a: Enucius|165\/404|[from] item: Leftovers
|turn|9
|
|move|p1a: Celebi|Nasty Plot|p1a: Celebi
|-boost|p1a: Celebi|spa|2
|move|p2a: Enucius|Rest|p2a: Enucius
|-status|p2a: Enucius|slp
|-heal|p2a: Enucius|404\/404 slp|[silent]
|-status|p2a: Enucius|slp|[from] move: Rest
|
|-heal|p1a: Celebi|402\/404|[from] item: Leftovers
|turn|10
|
|move|p1a: Celebi|Giga Drain|p2a: Enucius
|-supereffective|p2a: Enucius
|-damage|p2a: Enucius|200\/404 slp
|-heal|p1a: Celebi|404\/404|[from] drain|[of] p2a: Enucius
|cant|p2a: Enucius|slp
|move|p2a: Enucius|Sleep Talk|p2a: Enucius
|move|p2a: Enucius|Rest|p2a: Enucius|[from]Sleep Talk
|-fail|p2a: Enucius
|
|-heal|p2a: Enucius|225\/404 slp|[from] item: Leftovers
|turn|11
|
|move|p1a: Celebi|Giga Drain|p2a: Enucius
|-supereffective|p2a: Enucius
|-damage|p2a: Enucius|3\/404 slp
|cant|p2a: Enucius|slp
|move|p2a: Enucius|Sleep Talk|p2a: Enucius
|move|p2a: Enucius|Calm Mind|p2a: Enucius|[from]Sleep Talk
|-boost|p2a: Enucius|spa|1
|-boost|p2a: Enucius|spd|1
|
|-heal|p2a: Enucius|28\/404 slp|[from] item: Leftovers
|turn|12
|-message|haxfuckery forfeited.
|leave|haxfuckery
|
|win|Lol1z da Fuccboi
|raw|Ladder updating...
|player|p2
|raw|Lol1z da Fuccboi's rating: 1650 &rarr; <strong>1659<\/strong><br \/>(+9 for winning)
|raw|haxfuckery's rating: 1435 &rarr; <strong>1426<\/strong><br \/>(-9 for losing)