|join|TewMew
|join|Lol1z da Fuccboi
|player|p1|TewMew|43
|player|p2|Lol1z da Fuccboi|266
|gametype|singles
|gen|6
|tier|UU
|rated
|rule|Sleep Clause Mod: Limit one foe put to sleep
|rule|Species Clause: Limit one of each PokÃ©mon
|rule|OHKO Clause: OHKO moves are banned
|rule|Moody Clause: Moody is banned
|rule|Evasion Moves Clause: Evasion moves are banned
|rule|Endless Battle Clause: Forcing endless battles is banned
|rule|HP Percentage Mod: HP is shown in percentages
|clearpoke
|poke|p1|Cobalion
|poke|p1|Snorlax, M
|poke|p1|Alomomola, M
|poke|p1|Torterra, M
|poke|p1|Crobat, F
|poke|p1|Ampharos, F
|poke|p2|Swampert, F
|poke|p2|Celebi
|poke|p2|Entei, shiny
|poke|p2|Forretress, F
|poke|p2|Mienshao, M
|poke|p2|Hydreigon, F
|rule|Swagger Clause: Swagger is banned
|rule|Baton Pass Clause: Limit one PokÃ©mon knowing Baton Pass
|teampreview
|
|start
|switch|p1a: Ampharos|Ampharos, F|383\/383
|switch|p2a: Swampert|Swampert, F|404\/404
|turn|1
|
|switch|p1a: Torterra|Torterra, M|394\/394
|move|p2a: Swampert|Stealth Rock|p1a: Torterra
|-sidestart|p1: TewMew|move: Stealth Rock
|
|turn|2
|
|switch|p2a: Forretress|Forretress, F|354\/354
|move|p1a: Torterra|Stealth Rock|p2a: Forretress
|-sidestart|p2: Lol1z da Fuccboi|move: Stealth Rock
|
|turn|3
|
|move|p1a: Torterra|Earthquake|p2a: Forretress
|-damage|p2a: Forretress|281\/354
|move|p2a: Forretress|Spikes|p1a: Torterra
|-sidestart|p1: TewMew|Spikes
|
|-heal|p2a: Forretress|303\/354|[from] item: Leftovers
|turn|4
|
|move|p1a: Torterra|Earthquake|p2a: Forretress
|-damage|p2a: Forretress|228\/354
|move|p2a: Forretress|Volt Switch|p1a: Torterra
|-immune|p1a: Torterra|[msg]
|
|-heal|p2a: Forretress|250\/354|[from] item: Leftovers
|turn|5
|
|move|p1a: Torterra|Earthquake|p2a: Forretress
|-damage|p2a: Forretress|171\/354
|move|p2a: Forretress|Rapid Spin|p1a: Torterra
|-damage|p1a: Torterra|378\/394
|-sideend|p2: Lol1z da Fuccboi|Stealth Rock|[from] move: Rapid Spin|[of] p2a: Forretress
|
|-heal|p1a: Torterra|394\/394|[from] item: Leftovers
|-heal|p2a: Forretress|193\/354|[from] item: Leftovers
|turn|6
|join|dr. waiv
|
|switch|p2a: Celebi|Celebi|404\/404
|move|p1a: Torterra|Stealth Rock|p2a: Celebi
|-sidestart|p2: Lol1z da Fuccboi|move: Stealth Rock
|
|turn|7
|
|move|p2a: Celebi|U-turn|p1a: Torterra
|-supereffective|p1a: Torterra
|-damage|p1a: Torterra|284\/394
|join|Celsius UU
|
|switch|p2a: Hydreigon|Hydreigon, F|325\/325
|-damage|p2a: Hydreigon|285\/325|[from] Stealth Rock
|move|p1a: Torterra|Roar|p2a: Hydreigon
|drag|p2a: Swampert|Swampert, F|404\/404
|-damage|p2a: Swampert|379\/404|[from] Stealth Rock
|
|-heal|p1a: Torterra|308\/394|[from] item: Leftovers
|-heal|p2a: Swampert|404\/404|[from] item: Leftovers
|turn|8
|
|switch|p2a: Hydreigon|Hydreigon, F|285\/325
|-damage|p2a: Hydreigon|245\/325|[from] Stealth Rock
|move|p1a: Torterra|Earthquake|p2a: Hydreigon
|-immune|p2a: Hydreigon|[msg]
|
|-heal|p1a: Torterra|332\/394|[from] item: Leftovers
|turn|9
|
|move|p2a: Hydreigon|U-turn|p1a: Torterra
|-supereffective|p1a: Torterra
|-damage|p1a: Torterra|220\/394
|
|switch|p2a: Celebi|Celebi|404\/404
|-damage|p2a: Celebi|354\/404|[from] Stealth Rock
|move|p1a: Torterra|Synthesis|p1a: Torterra
|-heal|p1a: Torterra|394\/394
|
|-heal|p2a: Celebi|379\/404|[from] item: Leftovers
|turn|10
|
|move|p2a: Celebi|Psychic|p1a: Torterra
|-damage|p1a: Torterra|307\/394
|move|p1a: Torterra|Roar|p2a: Celebi
|drag|p2a: Forretress|Forretress, F|193\/354
|-damage|p2a: Forretress|149\/354|[from] Stealth Rock
|
|-heal|p1a: Torterra|331\/394|[from] item: Leftovers
|-heal|p2a: Forretress|171\/354|[from] item: Leftovers
|turn|11
|
|move|p1a: Torterra|Earthquake|p2a: Forretress
|-damage|p2a: Forretress|104\/354
|move|p2a: Forretress|Spikes|p1a: Torterra
|-sidestart|p1: TewMew|Spikes
|
|-heal|p1a: Torterra|355\/394|[from] item: Leftovers
|-heal|p2a: Forretress|126\/354|[from] item: Leftovers
|turn|12
|
|move|p1a: Torterra|Earthquake|p2a: Forretress
|-damage|p2a: Forretress|48\/354
|move|p2a: Forretress|Rapid Spin|p1a: Torterra
|-damage|p1a: Torterra|339\/394
|-sideend|p2: Lol1z da Fuccboi|Stealth Rock|[from] move: Rapid Spin|[of] p2a: Forretress
|
|-heal|p1a: Torterra|363\/394|[from] item: Leftovers
|-heal|p2a: Forretress|70\/354|[from] item: Leftovers
|turn|13
|
|switch|p2a: Mienshao|Mienshao, M|271\/271
|move|p1a: Torterra|Earthquake|p2a: Mienshao
|-damage|p2a: Mienshao|81\/271
|
|-heal|p1a: Torterra|387\/394|[from] item: Leftovers
|turn|14
|
|move|p2a: Mienshao|U-turn|p1a: Torterra
|-supereffective|p1a: Torterra
|-damage|p1a: Torterra|176\/394
|-damage|p2a: Mienshao|54\/271|[from] item: Life Orb
|
|switch|p2a: Hydreigon|Hydreigon, F|245\/325
|move|p1a: Torterra|Earthquake|p2a: Hydreigon
|-immune|p2a: Hydreigon|[msg]
|
|-heal|p1a: Torterra|200\/394|[from] item: Leftovers
|turn|15
|
|move|p2a: Hydreigon|U-turn|p1a: Torterra
|-supereffective|p1a: Torterra
|-damage|p1a: Torterra|92\/394
|
|switch|p2a: Entei|Entei, shiny|373\/373
|-ability|p2a: Entei|Pressure
|move|p1a: Torterra|Synthesis|p1a: Torterra
|-heal|p1a: Torterra|289\/394
|
|-heal|p1a: Torterra|313\/394|[from] item: Leftovers
|turn|16
|
|switch|p1a: Snorlax|Snorlax, M|493\/493
|-damage|p1a: Snorlax|432\/493|[from] Stealth Rock
|-damage|p1a: Snorlax|350\/493|[from] Spikes
|move|p2a: Entei|Sacred Fire|p1a: Snorlax
|-damage|p1a: Snorlax|181\/493
|-status|p1a: Snorlax|brn
|
|-heal|p1a: Snorlax|211\/493 brn|[from] item: Leftovers
|-damage|p1a: Snorlax|150\/493 brn|[from] brn
|turn|17
|
|move|p2a: Entei|Sacred Fire|p1a: Snorlax
|-damage|p1a: Snorlax|0 fnt
|faint|p1a: Snorlax
|
|
|switch|p1a: Alomomola|Alomomola, M|533\/533
|-damage|p1a: Alomomola|467\/533|[from] Stealth Rock
|-damage|p1a: Alomomola|379\/533|[from] Spikes
|turn|18
|
|move|p2a: Entei|Sacred Fire|p1a: Alomomola
|-resisted|p1a: Alomomola
|-damage|p1a: Alomomola|274\/533
|-status|p1a: Alomomola|brn
|move|p1a: Alomomola|Toxic|p2a: Entei
|-status|p2a: Entei|tox
|
|-damage|p2a: Entei|350\/373 tox|[from] psn
|-damage|p1a: Alomomola|208\/533 brn|[from] brn
|turn|19
|
|switch|p2a: Celebi|Celebi|379\/404
|move|p1a: Alomomola|Wish|p1a: Alomomola
|
|-heal|p2a: Celebi|404\/404|[from] item: Leftovers
|-damage|p1a: Alomomola|142\/533 brn|[from] brn
|turn|20
|
|switch|p1a: Crobat|Crobat, F|373\/373
|-damage|p1a: Crobat|280\/373|[from] Stealth Rock
|move|p2a: Celebi|U-turn|p1a: Crobat
|-resisted|p1a: Crobat
|-damage|p1a: Crobat|265\/373
|
|switch|p2a: Entei|Entei, shiny|350\/373 tox
|-ability|p2a: Entei|Pressure
|
|-heal|p1a: Crobat|373\/373|[from] move: Wish|[wisher] Alomomola
|-damage|p2a: Entei|327\/373 tox|[from] psn
|turn|21
|
|move|p1a: Crobat|Defog|p2a: Entei
|-unboost|p2a: Entei|evasion|1
|-sideend|p1: TewMew|Spikes|[from] move: Defog|[of] p1a: Crobat
|-sideend|p1: TewMew|Stealth Rock|[from] move: Defog|[of] p1a: Crobat
|move|p2a: Entei|Sacred Fire|p1a: Crobat
|-damage|p1a: Crobat|55\/373
|-status|p1a: Crobat|brn
|
|-heal|p1a: Crobat|78\/373 brn|[from] item: Black Sludge
|-damage|p1a: Crobat|32\/373 brn|[from] brn
|-damage|p2a: Entei|281\/373 tox|[from] psn
|turn|22
|
|switch|p2a: Hydreigon|Hydreigon, F|245\/325
|move|p1a: Crobat|U-turn|p2a: Hydreigon
|-supereffective|p2a: Hydreigon
|-damage|p2a: Hydreigon|181\/325
|
|switch|p1a: Torterra|Torterra, M|313\/394
|
|-heal|p1a: Torterra|337\/394|[from] item: Leftovers
|turn|23
|
|move|p2a: Hydreigon|U-turn|p1a: Torterra
|-supereffective|p1a: Torterra
|-damage|p1a: Torterra|233\/394
|
|switch|p2a: Celebi|Celebi|404\/404
|move|p1a: Torterra|Stealth Rock|p2a: Celebi
|-sidestart|p2: Lol1z da Fuccboi|move: Stealth Rock
|
|-heal|p1a: Torterra|257\/394|[from] item: Leftovers
|turn|24
|
|move|p2a: Celebi|Nasty Plot|p2a: Celebi
|-boost|p2a: Celebi|spa|2
|move|p1a: Torterra|Roar|p2a: Celebi
|drag|p2a: Hydreigon|Hydreigon, F|181\/325
|-damage|p2a: Hydreigon|141\/325|[from] Stealth Rock
|
|-heal|p1a: Torterra|281\/394|[from] item: Leftovers
|turn|25
|
|move|p2a: Hydreigon|Draco Meteor|p1a: Torterra
|-damage|p1a: Torterra|103\/394
|-unboost|p2a: Hydreigon|spa|2
|move|p1a: Torterra|Roar|p2a: Hydreigon
|drag|p2a: Forretress|Forretress, F|70\/354
|-damage|p2a: Forretress|26\/354|[from] Stealth Rock
|
|-heal|p1a: Torterra|127\/394|[from] item: Leftovers
|-heal|p2a: Forretress|48\/354|[from] item: Leftovers
|turn|26
|
|switch|p2a: Hydreigon|Hydreigon, F|141\/325
|-damage|p2a: Hydreigon|101\/325|[from] Stealth Rock
|move|p1a: Torterra|Earthquake|p2a: Hydreigon
|-immune|p2a: Hydreigon|[msg]
|
|-heal|p1a: Torterra|151\/394|[from] item: Leftovers
|turn|27
|
|move|p2a: Hydreigon|Draco Meteor|p1a: Torterra|[miss]
|-miss|p2a: Hydreigon|p1a: Torterra
|move|p1a: Torterra|Synthesis|p1a: Torterra
|-heal|p1a: Torterra|348\/394
|
|-heal|p1a: Torterra|372\/394|[from] item: Leftovers
|turn|28
|
|switch|p2a: Swampert|Swampert, F|404\/404
|-damage|p2a: Swampert|379\/404|[from] Stealth Rock
|move|p1a: Torterra|Roar|p2a: Swampert
|drag|p2a: Mienshao|Mienshao, M|144\/271
|-damage|p2a: Mienshao|128\/271|[from] Stealth Rock
|
|-heal|p1a: Torterra|394\/394|[from] item: Leftovers
|turn|29
|
|move|p2a: Mienshao|U-turn|p1a: Torterra
|-supereffective|p1a: Torterra
|-damage|p1a: Torterra|191\/394
|-damage|p2a: Mienshao|101\/271|[from] item: Life Orb
|
|switch|p2a: Celebi|Celebi|404\/404
|-damage|p2a: Celebi|354\/404|[from] Stealth Rock
|move|p1a: Torterra|Earthquake|p2a: Celebi
|-resisted|p2a: Celebi
|-damage|p2a: Celebi|286\/404
|
|-heal|p2a: Celebi|311\/404|[from] item: Leftovers
|-heal|p1a: Torterra|215\/394|[from] item: Leftovers
|turn|30
|
|move|p2a: Celebi|Nasty Plot|p2a: Celebi
|-boost|p2a: Celebi|spa|2
|move|p1a: Torterra|Synthesis|p1a: Torterra
|-heal|p1a: Torterra|394\/394
|
|-heal|p2a: Celebi|336\/404|[from] item: Leftovers
|turn|31
|
|move|p2a: Celebi|Psychic|p1a: Torterra
|-damage|p1a: Torterra|232\/394
|move|p1a: Torterra|Roar|p2a: Celebi
|drag|p2a: Swampert|Swampert, F|379\/404
|-damage|p2a: Swampert|354\/404|[from] Stealth Rock
|
|-heal|p1a: Torterra|256\/394|[from] item: Leftovers
|-heal|p2a: Swampert|379\/404|[from] item: Leftovers
|turn|32
|
|move|p1a: Torterra|Earthquake|p2a: Swampert
|-damage|p2a: Swampert|243\/404
|move|p2a: Swampert|Stealth Rock|p1a: Torterra
|-sidestart|p1: TewMew|move: Stealth Rock
|
|-heal|p1a: Torterra|280\/394|[from] item: Leftovers
|-heal|p2a: Swampert|268\/404|[from] item: Leftovers
|turn|33
|
|move|p1a: Torterra|Earthquake|p2a: Swampert
|-damage|p2a: Swampert|130\/404
|move|p2a: Swampert|Roar|p1a: Torterra
|drag|p1a: Ampharos|Ampharos, F|383\/383
|-damage|p1a: Ampharos|336\/383|[from] Stealth Rock
|
|-heal|p2a: Swampert|155\/404|[from] item: Leftovers
|turn|34
|
|switch|p1a: Torterra|Torterra, M|280\/394
|-damage|p1a: Torterra|256\/394|[from] Stealth Rock
|move|p2a: Swampert|Earthquake|p1a: Torterra
|-resisted|p1a: Torterra
|-damage|p1a: Torterra|199\/394
|
|-heal|p1a: Torterra|223\/394|[from] item: Leftovers
|-heal|p2a: Swampert|180\/404|[from] item: Leftovers
|turn|35
|
|move|p1a: Torterra|Earthquake|p2a: Swampert
|-damage|p2a: Swampert|45\/404
|move|p2a: Swampert|Roar|p1a: Torterra
|drag|p1a: Crobat|Crobat, F|32\/373 brn
|-damage|p1a: Crobat|0 fnt|[from] Stealth Rock
|faint|p1a: Crobat
|
|-heal|p2a: Swampert|70\/404|[from] item: Leftovers
|
|switch|p1a: Cobalion|Cobalion|323\/323
|-damage|p1a: Cobalion|313\/323|[from] Stealth Rock
|turn|36
|
|move|p1a: Cobalion|Close Combat|p2a: Swampert
|-damage|p2a: Swampert|0 fnt
|-unboost|p1a: Cobalion|def|1
|-unboost|p1a: Cobalion|spd|1
|faint|p2a: Swampert
|
|-heal|p1a: Cobalion|323\/323|[from] item: Leftovers
|
|switch|p2a: Celebi|Celebi|336\/404
|-damage|p2a: Celebi|286\/404|[from] Stealth Rock
|turn|37
|join|catastroph cat
|
|switch|p1a: Torterra|Torterra, M|223\/394
|-damage|p1a: Torterra|199\/394|[from] Stealth Rock
|move|p2a: Celebi|Psychic|p1a: Torterra
|-damage|p1a: Torterra|114\/394
|
|-heal|p2a: Celebi|311\/404|[from] item: Leftovers
|-heal|p1a: Torterra|138\/394|[from] item: Leftovers
|turn|38
|
|move|p2a: Celebi|Nasty Plot|p2a: Celebi
|-boost|p2a: Celebi|spa|2
|move|p1a: Torterra|Synthesis|p1a: Torterra
|-heal|p1a: Torterra|335\/394
|
|-heal|p2a: Celebi|336\/404|[from] item: Leftovers
|-heal|p1a: Torterra|359\/394|[from] item: Leftovers
|turn|39
|
|move|p2a: Celebi|Psychic|p1a: Torterra
|-damage|p1a: Torterra|197\/394
|move|p1a: Torterra|Roar|p2a: Celebi
|drag|p2a: Mienshao|Mienshao, M|191\/271
|-damage|p2a: Mienshao|175\/271|[from] Stealth Rock
|
|-heal|p1a: Torterra|221\/394|[from] item: Leftovers
|turn|40
|
|switch|p1a: Ampharos|Ampharos, F|336\/383
|-damage|p1a: Ampharos|289\/383|[from] Stealth Rock
|move|p2a: Mienshao|High Jump Kick|p1a: Ampharos
|-damage|p1a: Ampharos|0 fnt
|-status|p2a: Mienshao|par
|-damage|p2a: Mienshao|148\/271 par|[from] item: Life Orb
|faint|p1a: Ampharos
|
|c|âLol1z da Fuccboi|oh no kidding
|
|switch|p1a: Cobalion|Cobalion|323\/323
|-damage|p1a: Cobalion|313\/323|[from] Stealth Rock
|turn|41
|
|move|p1a: Cobalion|Iron Head|p2a: Mienshao
|-damage|p2a: Mienshao|0 fnt
|faint|p2a: Mienshao
|
|-heal|p1a: Cobalion|323\/323|[from] item: Leftovers
|
|switch|p2a: Entei|Entei, shiny|281\/373 tox
|-damage|p2a: Entei|188\/373 tox|[from] Stealth Rock
|-ability|p2a: Entei|Pressure
|turn|42
|join|Pseudo-Yoik
|leave|Pseudo-Yoik
|
|switch|p1a: Alomomola|Alomomola, M|319\/533 brn
|-damage|p1a: Alomomola|253\/533 brn|[from] Stealth Rock
|switch|p2a: Celebi|Celebi|336\/404
|-damage|p2a: Celebi|286\/404|[from] Stealth Rock
|
|-heal|p2a: Celebi|311\/404|[from] item: Leftovers
|-damage|p1a: Alomomola|187\/533 brn|[from] brn
|turn|43
|
|move|p2a: Celebi|Nasty Plot|p2a: Celebi
|-boost|p2a: Celebi|spa|2
|move|p1a: Alomomola|Toxic|p2a: Celebi
|-status|p2a: Celebi|tox
|
|-heal|p2a: Celebi|336\/404 tox|[from] item: Leftovers
|-damage|p2a: Celebi|311\/404 tox|[from] psn
|-damage|p1a: Alomomola|121\/533 brn|[from] brn
|turn|44
|
|move|p1a: Alomomola|Protect|p1a: Alomomola
|-singleturn|p1a: Alomomola|Protect
|move|p2a: Celebi|Psychic|p1a: Alomomola
|-activate|p1a: Alomomola|Protect
|
|-heal|p2a: Celebi|336\/404 tox|[from] item: Leftovers
|-damage|p2a: Celebi|286\/404 tox|[from] psn
|-damage|p1a: Alomomola|55\/533 brn|[from] brn
|turn|45
|
|move|p2a: Celebi|U-turn|p1a: Alomomola
|-damage|p1a: Alomomola|5\/533 brn
|-damage|p2a: Celebi|219\/404 tox|[from] item: Rocky Helmet|[of] p1a: Alomomola
|
|switch|p2a: Hydreigon|Hydreigon, F|101\/325
|-damage|p2a: Hydreigon|61\/325|[from] Stealth Rock
|move|p1a: Alomomola|Wish|p1a: Alomomola
|
|-damage|p1a: Alomomola|0 fnt|[from] brn
|faint|p1a: Alomomola
|c| dr. waiv|lol1z with the most uu team ever
|
|switch|p1a: Cobalion|Cobalion|323\/323
|-damage|p1a: Cobalion|313\/323|[from] Stealth Rock
|turn|46
|
|move|p2a: Hydreigon|U-turn|p1a: Cobalion
|-resisted|p1a: Cobalion
|-damage|p1a: Cobalion|302\/323
|
|switch|p2a: Forretress|Forretress, F|48\/354
|-damage|p2a: Forretress|4\/354|[from] Stealth Rock
|move|p1a: Cobalion|Iron Head|p2a: Forretress
|-resisted|p2a: Forretress
|-damage|p2a: Forretress|0 fnt
|faint|p2a: Forretress
|
|-heal|p1a: Cobalion|323\/323|[from] move: Wish|[wisher] Alomomola
|
|switch|p2a: Hydreigon|Hydreigon, F|61\/325
|-damage|p2a: Hydreigon|21\/325|[from] Stealth Rock
|turn|47
|
|move|p2a: Hydreigon|Fire Blast|p1a: Cobalion
|-supereffective|p1a: Cobalion
|-damage|p1a: Cobalion|11\/323
|move|p1a: Cobalion|Iron Head|p2a: Hydreigon
|-crit|p2a: Hydreigon
|-damage|p2a: Hydreigon|0 fnt
|faint|p2a: Hydreigon
|
|-heal|p1a: Cobalion|31\/323|[from] item: Leftovers
|
|switch|p2a: Entei|Entei, shiny|188\/373 tox
|-damage|p2a: Entei|95\/373 tox|[from] Stealth Rock
|-ability|p2a: Entei|Pressure
|turn|48
|
|switch|p1a: Torterra|Torterra, M|221\/394
|-damage|p1a: Torterra|197\/394|[from] Stealth Rock
|move|p2a: Entei|Extreme Speed|p1a: Torterra
|-damage|p1a: Torterra|51\/394
|
|-heal|p1a: Torterra|75\/394|[from] item: Leftovers
|-damage|p2a: Entei|72\/373 tox|[from] psn
|turn|49
|join|Lucipurrr
|
|move|p2a: Entei|Extreme Speed|p1a: Torterra
|-damage|p1a: Torterra|0 fnt
|faint|p1a: Torterra
|
|-damage|p2a: Entei|26\/373 tox|[from] psn
|
|switch|p1a: Cobalion|Cobalion|31\/323
|-damage|p1a: Cobalion|21\/323|[from] Stealth Rock
|turn|50
|c|âLol1z da Fuccboi|gg
|
|move|p2a: Entei|Extreme Speed|p1a: Cobalion
|-resisted|p1a: Cobalion
|-damage|p1a: Cobalion|0 fnt
|faint|p1a: Cobalion
|
|win|Lol1z da Fuccboi
|raw|Ladder updating...
|raw|TewMew's rating: 1772 &rarr; <strong>1746<\/strong><br \/>(-26 for losing)
|raw|Lol1z da Fuccboi's rating: 1649 &rarr; <strong>1676<\/strong><br \/>(+27 for winning)
|leave|TewMew
|player|p1
|c| dr. waiv|fkn lol1z still got it