|join|Lol1z da Fuccboi
|join|swmas
|player|p1|Lol1z da Fuccboi|1
|player|p2|swmas|2
|gametype|singles
|gen|6
|tier|UU
|rated
|rule|Sleep Clause Mod: Limit one foe put to sleep
|rule|Species Clause: Limit one of each PokÃ©mon
|rule|OHKO Clause: OHKO moves are banned
|rule|Moody Clause: Moody is banned
|rule|Evasion Moves Clause: Evasion moves are banned
|rule|Endless Battle Clause: Forcing endless battles is banned
|rule|HP Percentage Mod: HP is shown in percentages
|clearpoke
|poke|p1|Swampert, M
|poke|p1|Celebi
|poke|p1|Entei, shiny
|poke|p1|Forretress, F
|poke|p1|Mienshao, M
|poke|p1|Hydreigon, M
|poke|p2|Jirachi
|poke|p2|Lucario, F
|poke|p2|Hydreigon, M
|poke|p2|Arcanine, F
|poke|p2|Porygon-Z
|poke|p2|Meloetta
|rule|Swagger Clause: Swagger is banned
|rule|Baton Pass Clause: Limit one PokÃ©mon knowing Baton Pass
|teampreview
|
|start
|switch|p1a: Swampert|Swampert, M|404\/404
|switch|p2a: Arcanine|Arcanine, F|321\/321
|-ability|p2a: Arcanine|Intimidate|[of] p1a: Swampert
|-unboost|p1a: Swampert|atk|1
|turn|1
|join|Tolstoy
|c| Tolstoy|yea
|c| Tolstoy|this is the guy
|c| Tolstoy|watch out
|c| Tolstoy|he crits you here
|
|move|p2a: Arcanine|Close Combat|p1a: Swampert
|-damage|p1a: Swampert|211\/404
|-unboost|p2a: Arcanine|def|1
|-unboost|p2a: Arcanine|spd|1
|move|p1a: Swampert|Stealth Rock|p2a: Arcanine
|-sidestart|p2: swmas|move: Stealth Rock
|
|-heal|p1a: Swampert|236\/404|[from] item: Leftovers
|turn|2
|c|âswmas|you following me?
|c|+DMT|nah tbh
|c|+DMT|was following lol1z guy here
|
|switch|p2a: Hydreigon|Hydreigon, M|388\/388
|-damage|p2a: Hydreigon|340\/388|[from] Stealth Rock
|move|p1a: Swampert|Scald|p2a: Hydreigon
|-resisted|p2a: Hydreigon
|-damage|p2a: Hydreigon|294\/388
|
|-heal|p1a: Swampert|261\/404|[from] item: Leftovers
|turn|3
|join|hophipislegit
|
|move|p2a: Hydreigon|Draco Meteor|p1a: Swampert
|-damage|p1a: Swampert|120\/404
|-unboost|p2a: Hydreigon|spa|2
|move|p1a: Swampert|Scald|p2a: Hydreigon
|-resisted|p2a: Hydreigon
|-damage|p2a: Hydreigon|215\/388
|
|-heal|p1a: Swampert|145\/404|[from] item: Leftovers
|turn|4
|
|move|p2a: Hydreigon|Focus Energy|p2a: Hydreigon
|-start|p2a: Hydreigon|move: Focus Energy
|move|p1a: Swampert|Scald|p2a: Hydreigon
|-resisted|p2a: Hydreigon
|-damage|p2a: Hydreigon|167\/388
|
|-heal|p1a: Swampert|170\/404|[from] item: Leftovers
|turn|5
|
|move|p2a: Hydreigon|Draco Meteor|p1a: Swampert
|-crit|p1a: Swampert
|-damage|p1a: Swampert|0 fnt
|-unboost|p2a: Hydreigon|spa|2
|faint|p1a: Swampert
|
|
|switch|p1a: Mienshao|Mienshao, M|271\/271
|turn|6
|
|move|p1a: Mienshao|High Jump Kick|p2a: Hydreigon
|-supereffective|p2a: Hydreigon
|-damage|p2a: Hydreigon|0 fnt
|-damage|p1a: Mienshao|244\/271|[from] item: Life Orb
|faint|p2a: Hydreigon
|
|
|switch|p2a: Arcanine|Arcanine, F|321\/321
|-damage|p2a: Arcanine|241\/321|[from] Stealth Rock
|-ability|p2a: Arcanine|Intimidate|[of] p1a: Mienshao
|-unboost|p1a: Mienshao|atk|1
|turn|7
|
|move|p1a: Mienshao|U-turn|p2a: Arcanine
|-resisted|p2a: Arcanine
|-damage|p2a: Arcanine|198\/321
|-damage|p1a: Mienshao|217\/271|[from] item: Life Orb
|
|switch|p1a: Entei|Entei, shiny|373\/373
|-ability|p1a: Entei|Pressure
|move|p2a: Arcanine|Close Combat|p1a: Entei
|-damage|p1a: Entei|167\/373
|-unboost|p2a: Arcanine|def|1
|-unboost|p2a: Arcanine|spd|1
|
|turn|8
|
|move|p2a: Arcanine|Close Combat|p1a: Entei
|-damage|p1a: Entei|0 fnt
|-unboost|p2a: Arcanine|def|1
|-unboost|p2a: Arcanine|spd|1
|faint|p1a: Entei
|
|
|switch|p1a: Mienshao|Mienshao, M|271\/271
|turn|9
|
|switch|p2a: Jirachi|Jirachi|342\/342
|-damage|p2a: Jirachi|321\/342|[from] Stealth Rock
|move|p1a: Mienshao|High Jump Kick|p2a: Jirachi
|-damage|p2a: Jirachi|43\/342
|-damage|p1a: Mienshao|244\/271|[from] item: Life Orb
|
|-heal|p2a: Jirachi|64\/342|[from] item: Leftovers
|turn|10
|
|move|p1a: Mienshao|Knock Off|p2a: Jirachi
|-supereffective|p2a: Jirachi
|-damage|p2a: Jirachi|0 fnt
|-enditem|p2a: Jirachi|Leftovers|[from] move: Knock Off|[of] p1a: Mienshao
|-damage|p1a: Mienshao|217\/271|[from] item: Life Orb
|faint|p2a: Jirachi
|
|
|switch|p2a: Arcanine|Arcanine, F|198\/321
|-damage|p2a: Arcanine|118\/321|[from] Stealth Rock
|-ability|p2a: Arcanine|Intimidate|[of] p1a: Mienshao
|-unboost|p1a: Mienshao|atk|1
|turn|11
|
|move|p2a: Arcanine|Extreme Speed|p1a: Mienshao
|-damage|p1a: Mienshao|33\/271
|move|p1a: Mienshao|High Jump Kick|p2a: Arcanine
|-damage|p2a: Arcanine|0 fnt
|-damage|p1a: Mienshao|6\/271|[from] item: Life Orb
|faint|p2a: Arcanine
|
|
|switch|p2a: Lucario|Lucario, F|282\/282
|-damage|p2a: Lucario|274\/282|[from] Stealth Rock
|turn|12
|
|switch|p1a: Forretress|Forretress, F|354\/354
|move|p2a: Lucario|Swords Dance|p2a: Lucario
|-boost|p2a: Lucario|atk|2
|
|turn|13
|
|move|p2a: Lucario|Swords Dance|p2a: Lucario
|-boost|p2a: Lucario|atk|2
|move|p1a: Forretress|Volt Switch|p2a: Lucario
|-damage|p2a: Lucario|222\/282
|
|switch|p1a: Mienshao|Mienshao, M|96\/271
|
|turn|14
|
|move|p1a: Mienshao|Fake Out|p2a: Lucario
|-resisted|p2a: Lucario
|-damage|p2a: Lucario|183\/282
|-damage|p1a: Mienshao|69\/271|[from] item: Life Orb
|cant|p2a: Lucario|flinch
|
|turn|15
|
|switch|p1a: Forretress|Forretress, F|354\/354
|move|p2a: Lucario|Drain Punch|p1a: Forretress
|-damage|p1a: Forretress|81\/354
|-heal|p2a: Lucario|282\/282|[from] drain|[of] p1a: Forretress
|-damage|p2a: Lucario|254\/282|[from] item: Life Orb
|
|-heal|p1a: Forretress|103\/354|[from] item: Leftovers
|turn|16
|c|âLol1z da Fuccboi|drain punch
|c|âLol1z da Fuccboi|wut
|c| hophipislegit|rip
|
|move|p2a: Lucario|Swords Dance|p2a: Lucario
|-boost|p2a: Lucario|atk|2
|move|p1a: Forretress|Volt Switch|p2a: Lucario
|-damage|p2a: Lucario|203\/282
|
|switch|p1a: Hydreigon|Hydreigon, M|325\/325
|
|turn|17
|
|move|p2a: Lucario|Extreme Speed|p1a: Hydreigon
|-damage|p1a: Hydreigon|0 fnt
|-damage|p2a: Lucario|175\/282|[from] item: Life Orb
|faint|p1a: Hydreigon
|
|
|switch|p1a: Celebi|Celebi|404\/404
|turn|18
|
|move|p2a: Lucario|Extreme Speed|p1a: Celebi
|-damage|p1a: Celebi|0 fnt
|-damage|p2a: Lucario|147\/282|[from] item: Life Orb
|faint|p1a: Celebi
|
|
|switch|p1a: Mienshao|Mienshao, M|159\/271
|turn|19
|
|move|p1a: Mienshao|Fake Out|p2a: Lucario
|-resisted|p2a: Lucario
|-damage|p2a: Lucario|108\/282
|-damage|p1a: Mienshao|132\/271|[from] item: Life Orb
|cant|p2a: Lucario|flinch
|
|turn|20
|
|switch|p1a: Forretress|Forretress, F|103\/354
|move|p2a: Lucario|Extreme Speed|p1a: Forretress
|-resisted|p1a: Forretress
|-damage|p1a: Forretress|0 fnt
|-damage|p2a: Lucario|80\/282|[from] item: Life Orb
|faint|p1a: Forretress
|
|
|switch|p1a: Mienshao|Mienshao, M|222\/271
|turn|21
|
|move|p1a: Mienshao|Fake Out|p2a: Lucario
|-resisted|p2a: Lucario
|-damage|p2a: Lucario|37\/282
|-damage|p1a: Mienshao|195\/271|[from] item: Life Orb
|cant|p2a: Lucario|flinch
|
|turn|22
|c|âLol1z da Fuccboi|gg
|-message|Lol1z da Fuccboi forfeited.
|
|win|swmas
|raw|Ladder updating...
|c|âswmas|gg
|leave|Lol1z da Fuccboi
|raw|Lol1z da Fuccboi's rating: 1598 &rarr; <strong>1566<\/strong><br \/>(-32 for losing)
|raw|swmas's rating: 1361 &rarr; <strong>1393<\/strong><br \/>(+32 for winning)
|player|p1
|leave|hophipislegit