|join|Lol1z da Fuccboi
|join|Bob the Wut
|player|p1|Lol1z da Fuccboi|2
|player|p2|Bob the Wut|23
|gametype|singles
|gen|6
|tier|UU
|rated
|rule|Sleep Clause Mod: Limit one foe put to sleep
|rule|Species Clause: Limit one of each PokÃ©mon
|rule|OHKO Clause: OHKO moves are banned
|rule|Moody Clause: Moody is banned
|rule|Evasion Moves Clause: Evasion moves are banned
|rule|Endless Battle Clause: Forcing endless battles is banned
|rule|HP Percentage Mod: HP is shown in percentages
|clearpoke
|poke|p1|Swampert, M
|poke|p1|Celebi
|poke|p1|Entei, shiny
|poke|p1|Forretress, F
|poke|p1|Mienshao, F
|poke|p1|Hydreigon, M
|poke|p2|Swampert, F
|poke|p2|Crobat, F
|poke|p2|Jirachi
|poke|p2|Suicune
|poke|p2|Lucario, M
|poke|p2|Machamp, F
|rule|Swagger Clause: Swagger is banned
|rule|Baton Pass Clause: Limit one PokÃ©mon knowing Baton Pass
|teampreview
|
|start
|switch|p1a: Swampert|Swampert, M|404\/404
|switch|p2a: Crobat|Crobat, F|325\/325
|turn|1
|join|Pink Core Is Back
|
|move|p2a: Crobat|Toxic|p1a: Swampert
|-status|p1a: Swampert|tox
|move|p1a: Swampert|Scald|p2a: Crobat
|-damage|p2a: Crobat|231\/325
|-status|p2a: Crobat|brn
|
|-heal|p2a: Crobat|251\/325 brn|[from] item: Black Sludge
|-damage|p2a: Crobat|211\/325 brn|[from] brn
|-damage|p1a: Swampert|379\/404 tox|[from] psn
|turn|2
|
|switch|p2a: Machamp|Machamp, F|321\/321
|move|p1a: Swampert|Stealth Rock|p2a: Machamp
|-sidestart|p2: Bob the Wut|move: Stealth Rock
|
|-heal|p1a: Swampert|404\/404 tox|[from] item: Leftovers
|-damage|p1a: Swampert|354\/404 tox|[from] psn
|turn|3
|
|switch|p1a: Forretress|Forretress, F|354\/354
|move|p2a: Machamp|Close Combat|p1a: Forretress
|-damage|p1a: Forretress|153\/354
|-unboost|p2a: Machamp|def|1
|-unboost|p2a: Machamp|spd|1
|
|-heal|p1a: Forretress|175\/354|[from] item: Leftovers
|turn|4
|
|switch|p1a: Celebi|Celebi|404\/404
|move|p2a: Machamp|Close Combat|p1a: Celebi
|-crit|p1a: Celebi
|-resisted|p1a: Celebi
|-damage|p1a: Celebi|93\/404
|-unboost|p2a: Machamp|def|1
|-unboost|p2a: Machamp|spd|1
|
|-heal|p1a: Celebi|118\/404|[from] item: Leftovers
|turn|5
|
|switch|p2a: Jirachi|Jirachi|341\/341
|-damage|p2a: Jirachi|320\/341|[from] Stealth Rock
|move|p1a: Celebi|U-turn|p2a: Jirachi
|-damage|p2a: Jirachi|259\/341
|
|switch|p1a: Forretress|Forretress, F|175\/354
|
|-heal|p1a: Forretress|197\/354|[from] item: Leftovers
|turn|6
|
|switch|p1a: Entei|Entei, shiny|373\/373
|-ability|p1a: Entei|Pressure
|move|p2a: Jirachi|U-turn|p1a: Entei
|-resisted|p1a: Entei
|-damage|p1a: Entei|333\/373
|
|switch|p2a: Swampert|Swampert, F|404\/404
|-damage|p2a: Swampert|379\/404|[from] Stealth Rock
|
|-heal|p2a: Swampert|404\/404|[from] item: Leftovers
|turn|7
|
|switch|p1a: Celebi|Celebi|118\/404
|move|p2a: Swampert|Stealth Rock|p1a: Celebi
|-sidestart|p1: Lol1z da Fuccboi|move: Stealth Rock
|
|-heal|p1a: Celebi|143\/404|[from] item: Leftovers
|turn|8
|
|switch|p2a: Lucario|Lucario, M|281\/281
|-damage|p2a: Lucario|273\/281|[from] Stealth Rock
|move|p1a: Celebi|U-turn|p2a: Lucario
|-resisted|p2a: Lucario
|-damage|p2a: Lucario|254\/281
|
|switch|p1a: Mienshao|Mienshao, F|271\/271
|-damage|p1a: Mienshao|255\/271|[from] Stealth Rock
|
|turn|9
|
|switch|p2a: Crobat|Crobat, F|211\/325 brn
|-damage|p2a: Crobat|130\/325 brn|[from] Stealth Rock
|move|p1a: Mienshao|High Jump Kick|p2a: Crobat
|-crit|p2a: Crobat
|-resisted|p2a: Crobat
|-damage|p2a: Crobat|1\/325 brn
|-damage|p1a: Mienshao|228\/271|[from] item: Life Orb
|
|-heal|p2a: Crobat|21\/325 brn|[from] item: Black Sludge
|-damage|p2a: Crobat|0 fnt|[from] brn
|faint|p2a: Crobat
|
|switch|p2a: Suicune|Suicune|400\/400
|-damage|p2a: Suicune|350\/400|[from] Stealth Rock
|-ability|p2a: Suicune|Pressure
|turn|10
|join|PaulK618
|
|move|p1a: Mienshao|High Jump Kick|p2a: Suicune
|-damage|p2a: Suicune|171\/400
|-damage|p1a: Mienshao|201\/271|[from] item: Life Orb
|move|p2a: Suicune|Scald|p1a: Mienshao
|-damage|p1a: Mienshao|75\/271
|
|-heal|p2a: Suicune|196\/400|[from] item: Leftovers
|turn|11
|
|move|p1a: Mienshao|U-turn|p2a: Suicune
|-damage|p2a: Suicune|127\/400
|-damage|p1a: Mienshao|48\/271|[from] item: Life Orb
|
|switch|p1a: Celebi|Celebi|143\/404
|-damage|p1a: Celebi|93\/404|[from] Stealth Rock
|move|p2a: Suicune|Scald|p1a: Celebi
|-resisted|p1a: Celebi
|-damage|p1a: Celebi|59\/404
|-status|p1a: Celebi|brn
|
|-heal|p1a: Celebi|84\/404 brn|[from] item: Leftovers
|-heal|p2a: Suicune|152\/400|[from] item: Leftovers
|-damage|p1a: Celebi|34\/404 brn|[from] brn
|turn|12
|
|move|p1a: Celebi|U-turn|p2a: Suicune
|-damage|p2a: Suicune|132\/400
|
|switch|p1a: Forretress|Forretress, F|197\/354
|-damage|p1a: Forretress|153\/354|[from] Stealth Rock
|move|p2a: Suicune|Rest|p2a: Suicune
|-status|p2a: Suicune|slp
|-heal|p2a: Suicune|400\/400 slp|[silent]
|-status|p2a: Suicune|slp|[from] move: Rest
|
|-heal|p1a: Forretress|175\/354|[from] item: Leftovers
|turn|13
|
|cant|p2a: Suicune|slp
|move|p2a: Suicune|Sleep Talk|p2a: Suicune
|move|p2a: Suicune|Calm Mind|p2a: Suicune|[from]Sleep Talk
|-boost|p2a: Suicune|spa|1
|-boost|p2a: Suicune|spd|1
|move|p1a: Forretress|Rapid Spin|p2a: Suicune
|-damage|p2a: Suicune|390\/400 slp
|-sideend|p1: Lol1z da Fuccboi|Stealth Rock|[from] move: Rapid Spin|[of] p1a: Forretress
|
|-heal|p2a: Suicune|400\/400 slp|[from] item: Leftovers
|-heal|p1a: Forretress|197\/354|[from] item: Leftovers
|turn|14
|
|cant|p2a: Suicune|slp
|move|p2a: Suicune|Sleep Talk|p2a: Suicune
|move|p2a: Suicune|Rest|p2a: Suicune|[from]Sleep Talk
|-fail|p2a: Suicune
|move|p1a: Forretress|Spikes|p2a: Suicune
|-sidestart|p2: Bob the Wut|Spikes
|
|-heal|p1a: Forretress|219\/354|[from] item: Leftovers
|turn|15
|
|-curestatus|p2a: Suicune|slp
|move|p2a: Suicune|Calm Mind|p2a: Suicune
|-boost|p2a: Suicune|spa|1
|-boost|p2a: Suicune|spd|1
|move|p1a: Forretress|Spikes|p2a: Suicune
|-sidestart|p2: Bob the Wut|Spikes
|
|-heal|p1a: Forretress|241\/354|[from] item: Leftovers
|turn|16
|
|move|p2a: Suicune|Scald|p1a: Forretress
|-damage|p1a: Forretress|0 fnt
|faint|p1a: Forretress
|
|
|switch|p1a: Swampert|Swampert, M|354\/404 tox
|turn|17
|
|move|p2a: Suicune|Scald|p1a: Swampert
|-damage|p1a: Swampert|233\/404 tox
|move|p1a: Swampert|Roar|p2a: Suicune
|drag|p2a: Machamp|Machamp, F|321\/321
|-damage|p2a: Machamp|301\/321|[from] Stealth Rock
|-damage|p2a: Machamp|248\/321|[from] Spikes
|
|-heal|p1a: Swampert|258\/404 tox|[from] item: Leftovers
|-damage|p1a: Swampert|233\/404 tox|[from] psn
|turn|18
|
|move|p2a: Machamp|Close Combat|p1a: Swampert
|-damage|p1a: Swampert|0 fnt
|-unboost|p2a: Machamp|def|1
|-unboost|p2a: Machamp|spd|1
|faint|p1a: Swampert
|
|
|switch|p1a: Mienshao|Mienshao, F|138\/271
|turn|19
|
|move|p1a: Mienshao|High Jump Kick|p2a: Machamp
|-damage|p2a: Machamp|0 fnt
|-damage|p1a: Mienshao|111\/271|[from] item: Life Orb
|faint|p2a: Machamp
|
|
|switch|p2a: Swampert|Swampert, F|404\/404
|-damage|p2a: Swampert|337\/404|[from] Spikes
|-damage|p2a: Swampert|312\/404|[from] Stealth Rock
|turn|20
|
|move|p1a: Mienshao|U-turn|p2a: Swampert
|-damage|p2a: Swampert|230\/404
|-damage|p1a: Mienshao|84\/271|[from] item: Life Orb
|
|switch|p1a: Celebi|Celebi|34\/404
|move|p2a: Swampert|Scald|p1a: Celebi
|-resisted|p1a: Celebi
|-damage|p1a: Celebi|5\/404
|-status|p1a: Celebi|brn
|
|-heal|p1a: Celebi|30\/404 brn|[from] item: Leftovers
|-heal|p2a: Swampert|255\/404|[from] item: Leftovers
|-damage|p1a: Celebi|0 fnt|[from] brn
|faint|p1a: Celebi
|
|switch|p1a: Mienshao|Mienshao, F|174\/271
|turn|21
|
|move|p1a: Mienshao|Fake Out|p2a: Swampert
|-damage|p2a: Swampert|203\/404
|-damage|p1a: Mienshao|147\/271|[from] item: Life Orb
|cant|p2a: Swampert|flinch
|
|-heal|p2a: Swampert|228\/404|[from] item: Leftovers
|turn|22
|
|move|p1a: Mienshao|High Jump Kick|p2a: Swampert|[miss]
|-miss|p1a: Mienshao|p2a: Swampert
|-damage|p1a: Mienshao|12\/271|[from] highjumpkick
|move|p2a: Swampert|Stealth Rock|p1a: Mienshao
|-sidestart|p1: Lol1z da Fuccboi|move: Stealth Rock
|
|-heal|p2a: Swampert|253\/404|[from] item: Leftovers
|turn|23
|c|âLol1z da Fuccboi|gg
|c|âBob the Wut|i cancelled and went for eq
|c|âBob the Wut|...
|c|âLol1z da Fuccboi|who cares
|join|Snowballin
|c|âLol1z da Fuccboi|the miss meant gg anyways
|
|move|p1a: Mienshao|High Jump Kick|p2a: Swampert
|-damage|p2a: Swampert|41\/404
|-damage|p1a: Mienshao|0 fnt|[from] item: Life Orb
|faint|p1a: Mienshao
|move|p2a: Swampert|Scald|p1: Mienshao|[notarget]
|-notarget
|
|-heal|p2a: Swampert|66\/404|[from] item: Leftovers
|
|switch|p1a: Entei|Entei, shiny|333\/373
|-damage|p1a: Entei|240\/373|[from] Stealth Rock
|-ability|p1a: Entei|Pressure
|turn|24
|
|move|p1a: Entei|Sacred Fire|p2a: Swampert
|-resisted|p2a: Swampert
|-damage|p2a: Swampert|0 fnt
|faint|p2a: Swampert
|
|
|switch|p2a: Suicune|Suicune|400\/400
|-damage|p2a: Suicune|334\/400|[from] Spikes
|-damage|p2a: Suicune|284\/400|[from] Stealth Rock
|-ability|p2a: Suicune|Pressure
|turn|25
|
|move|p1a: Entei|Sacred Fire|p2a: Suicune
|-resisted|p2a: Suicune
|-damage|p2a: Suicune|191\/400
|-status|p2a: Suicune|brn
|move|p2a: Suicune|Calm Mind|p2a: Suicune
|-boost|p2a: Suicune|spa|1
|-boost|p2a: Suicune|spd|1
|
|-heal|p2a: Suicune|216\/400 brn|[from] item: Leftovers
|-damage|p2a: Suicune|166\/400 brn|[from] brn
|turn|26
|c|âLol1z da Fuccboi|no use wasting time
|c|âLol1z da Fuccboi|pce
|-message|Lol1z da Fuccboi forfeited.
|leave|Lol1z da Fuccboi
|
|win|Bob the Wut
|raw|Ladder updating...
|player|p1
|raw|Lol1z da Fuccboi's rating: 1644 &rarr; <strong>1621<\/strong><br \/>(-23 for losing)
|raw|Bob the Wut's rating: 1599 &rarr; <strong>1621<\/strong><br \/>(+22 for winning)