|join|Lol1z da Fuccboi
|join|DaWeezingDuckDH
|player|p1|Lol1z da Fuccboi|101
|player|p2|DaWeezingDuckDH|101
|gametype|singles
|gen|6
|tier|UU
|rated
|rule|Sleep Clause Mod: Limit one foe put to sleep
|rule|Species Clause: Limit one of each PokÃ©mon
|rule|OHKO Clause: OHKO moves are banned
|rule|Moody Clause: Moody is banned
|rule|Evasion Moves Clause: Evasion moves are banned
|rule|Endless Battle Clause: Forcing endless battles is banned
|rule|HP Percentage Mod: HP is shown in percentages
|clearpoke
|poke|p1|Swampert, F
|poke|p1|Celebi
|poke|p1|Entei, shiny
|poke|p1|Forretress, M
|poke|p1|Mienshao, F
|poke|p1|Hydreigon, M
|poke|p2|Cresselia, F
|poke|p2|Weezing, F
|poke|p2|Absol, F
|poke|p2|Vaporeon, M
|poke|p2|Serperior, M
|poke|p2|Crobat, M
|rule|Swagger Clause: Swagger is banned
|rule|Baton Pass Clause: Limit one PokÃ©mon knowing Baton Pass
|teampreview
|
|start
|switch|p1a: Entei|Entei, shiny|373\/373
|switch|p2a: Serperior 0.04|Serperior, M|291\/291
|-ability|p1a: Entei|Pressure
|turn|1
|
|switch|p2a: Vaporeon 8.99|Vaporeon, M|463\/463
|move|p1a: Entei|Sacred Fire|p2a: Vaporeon 8.99
|-resisted|p2a: Vaporeon 8.99
|-damage|p2a: Vaporeon 8.99|342\/463
|
|-heal|p2a: Vaporeon 8.99|370\/463|[from] item: Leftovers
|turn|2
|
|switch|p1a: Celebi|Celebi|404\/404
|move|p2a: Vaporeon 8.99|Wish|p2a: Vaporeon 8.99
|
|-heal|p2a: Vaporeon 8.99|398\/463|[from] item: Leftovers
|turn|3
|
|switch|p2a: Absol 4.57|Absol, F|271\/271
|move|p1a: Celebi|U-turn|p2a: Absol 4.57
|-supereffective|p2a: Absol 4.57
|-damage|p2a: Absol 4.57|101\/271
|
|switch|p1a: Hydreigon|Hydreigon, M|325\/325
|
|-heal|p2a: Absol 4.57|271\/271|[from] move: Wish|[wisher] Vaporeon 8.99
|turn|4
|
|switch|p2a: Crobat 16.15|Crobat, M|373\/373
|move|p1a: Hydreigon|U-turn|p2a: Crobat 16.15
|-crit|p2a: Crobat 16.15
|-resisted|p2a: Crobat 16.15
|-damage|p2a: Crobat 16.15|349\/373
|
|switch|p1a: Entei|Entei, shiny|373\/373
|-ability|p1a: Entei|Pressure
|
|-heal|p2a: Crobat 16.15|372\/373|[from] item: Black Sludge
|turn|5
|
|move|p2a: Crobat 16.15|Toxic|p1a: Entei
|-status|p1a: Entei|tox
|move|p1a: Entei|Sacred Fire|p2a: Crobat 16.15
|-crit|p2a: Crobat 16.15
|-damage|p2a: Crobat 16.15|0 fnt
|faint|p2a: Crobat 16.15
|
|-damage|p1a: Entei|350\/373 tox|[from] psn
|
|switch|p2a: Weezing 1.07|Weezing, F|334\/334
|turn|6
|
|switch|p1a: Swampert|Swampert, F|404\/404
|move|p2a: Weezing 1.07|Toxic Spikes|p1a: Swampert
|-sidestart|p1: Lol1z da Fuccboi|move: Toxic Spikes
|
|turn|7
|
|move|p2a: Weezing 1.07|Will-O-Wisp|p1a: Swampert
|-status|p1a: Swampert|brn
|move|p1a: Swampert|Stealth Rock|p2a: Weezing 1.07
|-sidestart|p2: DaWeezingDuckDH|move: Stealth Rock
|
|-damage|p1a: Swampert|354\/404 brn|[from] brn
|turn|8
|
|switch|p1a: Forretress|Forretress, M|354\/354
|move|p2a: Weezing 1.07|Toxic Spikes|p1a: Forretress
|-sidestart|p1: Lol1z da Fuccboi|move: Toxic Spikes
|
|turn|9
|
|move|p2a: Weezing 1.07|Will-O-Wisp|p1a: Forretress
|-status|p1a: Forretress|brn
|move|p1a: Forretress|Spikes|p2a: Weezing 1.07
|-sidestart|p2: DaWeezingDuckDH|Spikes
|
|-damage|p1a: Forretress|310\/354 brn|[from] brn
|turn|10
|
|move|p2a: Weezing 1.07|Flamethrower|p1a: Forretress
|-supereffective|p1a: Forretress
|-damage|p1a: Forretress|0 fnt
|faint|p1a: Forretress
|
|
|switch|p1a: Entei|Entei, shiny|350\/373 tox
|-ability|p1a: Entei|Pressure
|turn|11
|
|move|p1a: Entei|Sacred Fire|p2a: Weezing 1.07
|-damage|p2a: Weezing 1.07|171\/334
|-status|p2a: Weezing 1.07|brn
|move|p2a: Weezing 1.07|Sludge Bomb|p1a: Entei
|-damage|p1a: Entei|232\/373 tox
|
|-heal|p2a: Weezing 1.07|191\/334 brn|[from] item: Black Sludge
|-damage|p1a: Entei|209\/373 tox|[from] psn
|-damage|p2a: Weezing 1.07|150\/334 brn|[from] brn
|turn|12
|
|move|p1a: Entei|Sacred Fire|p2a: Weezing 1.07
|-crit|p2a: Weezing 1.07
|-damage|p2a: Weezing 1.07|0 fnt
|faint|p2a: Weezing 1.07
|
|-damage|p1a: Entei|163\/373 tox|[from] psn
|
|switch|p2a: Vaporeon 8.99|Vaporeon, M|398\/463
|-damage|p2a: Vaporeon 8.99|341\/463|[from] Stealth Rock
|-damage|p2a: Vaporeon 8.99|284\/463|[from] Spikes
|turn|13
|
|switch|p1a: Celebi|Celebi|404\/404
|-status|p1a: Celebi|tox
|move|p2a: Vaporeon 8.99|Protect|p2a: Vaporeon 8.99
|-fail|p2a: Vaporeon 8.99
|
|-heal|p2a: Vaporeon 8.99|312\/463|[from] item: Leftovers
|-damage|p1a: Celebi|379\/404 tox|[from] psn
|turn|14
|
|move|p1a: Celebi|Nasty Plot|p1a: Celebi
|-boost|p1a: Celebi|spa|2
|move|p2a: Vaporeon 8.99|Wish|p2a: Vaporeon 8.99
|
|-heal|p1a: Celebi|404\/404 tox|[from] item: Leftovers
|-heal|p2a: Vaporeon 8.99|340\/463|[from] item: Leftovers
|-damage|p1a: Celebi|354\/404 tox|[from] psn
|turn|15
|
|switch|p2a: Cresselia 2.19|Cresselia, F|443\/443
|-damage|p2a: Cresselia 2.19|388\/443|[from] Stealth Rock
|move|p1a: Celebi|Giga Drain|p2a: Cresselia 2.19
|-damage|p2a: Cresselia 2.19|258\/443
|-heal|p1a: Celebi|404\/404 tox|[from] drain|[of] p2a: Cresselia 2.19
|
|-heal|p2a: Cresselia 2.19|443\/443|[from] move: Wish|[wisher] Vaporeon 8.99
|-damage|p1a: Celebi|329\/404 tox|[from] psn
|turn|16
|
|move|p1a: Celebi|U-turn|p2a: Cresselia 2.19
|-supereffective|p2a: Cresselia 2.19
|-damage|p2a: Cresselia 2.19|373\/443
|
|switch|p1a: Hydreigon|Hydreigon, M|325\/325
|move|p2a: Cresselia 2.19|Calm Mind|p2a: Cresselia 2.19
|-boost|p2a: Cresselia 2.19|spa|1
|-boost|p2a: Cresselia 2.19|spd|1
|
|-heal|p2a: Cresselia 2.19|400\/443|[from] item: Leftovers
|turn|17
|
|move|p1a: Hydreigon|Dark Pulse|p2a: Cresselia 2.19
|-supereffective|p2a: Cresselia 2.19
|-damage|p2a: Cresselia 2.19|260\/443
|move|p2a: Cresselia 2.19|Moonblast|p1a: Hydreigon
|-supereffective|p1a: Hydreigon
|-damage|p1a: Hydreigon|0 fnt
|faint|p1a: Hydreigon
|
|-heal|p2a: Cresselia 2.19|287\/443|[from] item: Leftovers
|
|switch|p1a: Entei|Entei, shiny|163\/373 tox
|-ability|p1a: Entei|Pressure
|turn|18
|
|move|p1a: Entei|Sacred Fire|p2a: Cresselia 2.19
|-damage|p2a: Cresselia 2.19|118\/443
|move|p2a: Cresselia 2.19|Psyshock|p1a: Entei
|-damage|p1a: Entei|40\/373 tox
|
|-heal|p2a: Cresselia 2.19|145\/443|[from] item: Leftovers
|-damage|p1a: Entei|17\/373 tox|[from] psn
|turn|19
|
|switch|p2a: Vaporeon 8.99|Vaporeon, M|340\/463
|-damage|p2a: Vaporeon 8.99|283\/463|[from] Spikes
|-damage|p2a: Vaporeon 8.99|226\/463|[from] Stealth Rock
|move|p1a: Entei|Sacred Fire|p2a: Vaporeon 8.99
|-resisted|p2a: Vaporeon 8.99
|-damage|p2a: Vaporeon 8.99|91\/463
|
|-heal|p2a: Vaporeon 8.99|119\/463|[from] item: Leftovers
|-damage|p1a: Entei|0 fnt|[from] psn
|faint|p1a: Entei
|
|switch|p1a: Mienshao|Mienshao, F|271\/271
|-status|p1a: Mienshao|tox
|turn|20
|
|move|p2a: Vaporeon 8.99|Protect|p2a: Vaporeon 8.99
|-singleturn|p2a: Vaporeon 8.99|Protect
|move|p1a: Mienshao|Knock Off|p2a: Vaporeon 8.99
|-activate|p2a: Vaporeon 8.99|Protect
|
|-heal|p2a: Vaporeon 8.99|147\/463|[from] item: Leftovers
|-damage|p1a: Mienshao|255\/271 tox|[from] psn
|turn|21
|
|move|p1a: Mienshao|High Jump Kick|p2a: Vaporeon 8.99
|-damage|p2a: Vaporeon 8.99|0 fnt
|-damage|p1a: Mienshao|228\/271 tox|[from] item: Life Orb
|faint|p2a: Vaporeon 8.99
|
|-damage|p1a: Mienshao|196\/271 tox|[from] psn
|
|switch|p2a: Serperior 0.04|Serperior, M|291\/291
|-damage|p2a: Serperior 0.04|255\/291|[from] Stealth Rock
|-damage|p2a: Serperior 0.04|219\/291|[from] Spikes
|turn|22
|
|switch|p1a: Celebi|Celebi|329\/404
|-status|p1a: Celebi|tox
|move|p2a: Serperior 0.04|Leaf Storm|p1a: Celebi
|-resisted|p1a: Celebi
|-damage|p1a: Celebi|269\/404 tox
|-boost|p2a: Serperior 0.04|spa|2
|
|-heal|p2a: Serperior 0.04|237\/291|[from] item: Leftovers
|-heal|p1a: Celebi|294\/404 tox|[from] item: Leftovers
|-damage|p1a: Celebi|269\/404 tox|[from] psn
|turn|23
|
|move|p2a: Serperior 0.04|Hidden Power|p1a: Celebi
|-supereffective|p1a: Celebi
|-damage|p1a: Celebi|131\/404 tox
|move|p1a: Celebi|U-turn|p2a: Serperior 0.04
|-supereffective|p2a: Serperior 0.04
|-damage|p2a: Serperior 0.04|121\/291
|
|switch|p1a: Mienshao|Mienshao, F|271\/271 tox
|
|-heal|p2a: Serperior 0.04|139\/291|[from] item: Leftovers
|-damage|p1a: Mienshao|255\/271 tox|[from] psn
|turn|24
|
|move|p2a: Serperior 0.04|Leaf Storm|p1a: Mienshao
|-damage|p1a: Mienshao|0 fnt
|-boost|p2a: Serperior 0.04|spa|2
|faint|p1a: Mienshao
|
|-heal|p2a: Serperior 0.04|157\/291|[from] item: Leftovers
|-message|Lol1z da Fuccboi forfeited.
|leave|Lol1z da Fuccboi
|
|win|DaWeezingDuckDH
|raw|Ladder updating...
|player|p1
|raw|Lol1z da Fuccboi's rating: 1629 &rarr; <strong>1599<\/strong><br \/>(-30 for losing)
|raw|DaWeezingDuckDH's rating: 1432 &rarr; <strong>1462<\/strong><br \/>(+30 for winning)