|join|Mark Suckerberg
|join|Meroz
|player|p1|Mark Suckerberg|253
|player|p2|Meroz|163
|gametype|singles
|gen|6
|tier|OU
|rated
|clearpoke
|poke|p1|Blissey, F
|poke|p1|Skarmory, F
|poke|p1|Tyranitar, M
|poke|p1|Breloom, F
|poke|p1|Manectric, F
|poke|p1|Gengar, F
|poke|p2|Florges, F
|poke|p2|Mandibuzz, F
|poke|p2|Dusclops, M
|poke|p2|Latios, M
|poke|p2|Charizard, F
|poke|p2|Conkeldurr, M
|rule|Sleep Clause Mod: Limit one foe put to sleep
|rule|Species Clause: Limit one of each Pokemon
|rule|OHKO Clause: OHKO moves are banned
|rule|Moody Clause: Moody is banned
|rule|Evasion Moves Clause: Evasion moves are banned
|rule|Endless Battle Clause: Forcing endless battles is banned.
|rule|HP Percentage Mod: HP is reported as percentages
|teampreview
|join|I Crit My Panties
|chat|I Crit My Panties|gg
|chat|Meroz|how come?
|chat|I Crit My Panties|Oh I am talking to Mark Suckerberg
|chat|Mark Suckerberg|gg lol
|
|start
|switch|p1a: Manectric|Manectric, F|282\/282
|switch|p2a: Dusclops|Dusclops, M|284\/284
|-item|p1a: Manectric|Manectite|[from] ability: Frisk|[of] p2a: Dusclops|[identify]
|turn|1
|
|-formechange|p1a: Manectric|Manectric-Mega
|message|Manectric has Mega Evolved into Mega Manectric!
|-ability|p1a: Manectric|Intimidate|[of] p2a: Dusclops
|-unboost|p2a: Dusclops|atk|1
|move|p1a: Manectric|Volt Switch|p2a: Dusclops
|-damage|p2a: Dusclops|224\/284
|
|switch|p1a: Breloom|Breloom, F|264\/264
|move|p2a: Dusclops|Will-O-Wisp|p1a: Breloom
|-status|p1a: Breloom|brn
|
|-damage|p1a: Breloom|231\/264 brn|[from] brn
|turn|2
|
|switch|p1a: Blissey|Blissey, F|714\/714
|move|p2a: Dusclops|Night Shade|p1a: Blissey
|-immune|p1a: Blissey|[msg]
|
|turn|3
|leave|I Crit My Panties
|
|switch|p2a: Conkeldurr|Conkeldurr, M|414\/414
|move|p1a: Blissey|Heal Bell|p1a: Blissey
|-cureteam|p1a: Blissey|[from] move: HealBell
|
|turn|4
|
|switch|p1a: Skarmory|Skarmory, F|334\/334
|move|p2a: Conkeldurr|Knock Off|p1a: Skarmory
|-damage|p1a: Skarmory|256\/334
|-damage|p2a: Conkeldurr|345\/414|[from] item: Rocky Helmet|[of] p1a: Skarmory
|-enditem|p1a: Skarmory|Rocky Helmet|[from] move: Knock Off|[of] p2a: Conkeldurr
|
|turn|5
|
|switch|p2a: Charizard|Charizard, F|297\/297
|move|p1a: Skarmory|Stealth Rock|p2a: Charizard
|-sidestart|p2: Meroz|move: Stealth Rock
|
|turn|6
|
|switch|p1a: Tyranitar|Tyranitar, M|404\/404
|-weather|Sandstorm
|-formechange|p2a: Charizard|Charizard-Mega-X
|message|Charizard has Mega Evolved into Mega Charizard!
|move|p2a: Charizard|Flare Blitz|p1a: Tyranitar
|-resisted|p1a: Tyranitar
|-damage|p1a: Tyranitar|281\/404
|-damage|p2a: Charizard|256\/297|[from] recoil|[of] p1a: Tyranitar
|
|-weather|Sandstorm|[upkeep]
|-damage|p2a: Charizard|238\/297|[from] sandstorm
|turn|7
|
|move|p1a: Tyranitar|Pursuit|p2a: Charizard|[from]Pursuit
|-damage|p2a: Charizard|90\/297
|switch|p2a: Mandibuzz|Mandibuzz, F|424\/424
|-damage|p2a: Mandibuzz|318\/424|[from] Stealth Rock
|
|-weather|Sandstorm|[upkeep]
|turn|8
|
|switch|p1a: Skarmory|Skarmory, F|256\/334
|move|p2a: Mandibuzz|Defog|p1a: Skarmory
|-unboost|p1a: Skarmory|evasion|1
|-sideend|p2: Meroz|Stealth Rock|[from] move: Defog|[of] p2a: Mandibuzz
|
|-weather|Sandstorm|[upkeep]
|turn|9
|
|switch|p2a: Latios|Latios, M|302\/302
|move|p1a: Skarmory|Stealth Rock|p2a: Latios
|-sidestart|p2: Meroz|move: Stealth Rock
|
|-weather|Sandstorm|[upkeep]
|-damage|p2a: Latios|284\/302|[from] sandstorm
|turn|10
|
|switch|p2a: Mandibuzz|Mandibuzz, F|318\/424
|-damage|p2a: Mandibuzz|212\/424|[from] Stealth Rock
|move|p1a: Skarmory|Whirlwind|p2a: Mandibuzz
|drag|p2a: Florges|Florges, F|360\/360
|-damage|p2a: Florges|315\/360|[from] Stealth Rock
|
|-weather|none
|turn|11
|
|move|p2a: Florges|Hidden Power|p1a: Skarmory
|-supereffective|p1a: Skarmory
|-damage|p1a: Skarmory|0 fnt
|faint|p1a: Skarmory
|
|
|switch|p1a: Manectric|Manectric, F|282\/282
|-formechange|p1a: Manectric|Manectric-Mega
|-ability|p1a: Manectric|Intimidate|[of] p2a: Florges
|-unboost|p2a: Florges|atk|1
|turn|12
|
|switch|p2a: Dusclops|Dusclops, M|224\/284
|-damage|p2a: Dusclops|189\/284|[from] Stealth Rock
|-item|p1a: Manectric|Manectite|[from] ability: Frisk|[of] p2a: Dusclops|[identify]
|move|p1a: Manectric|Volt Switch|p2a: Dusclops
|-damage|p2a: Dusclops|134\/284
|
|switch|p1a: Tyranitar|Tyranitar, M|281\/404
|-weather|Sandstorm
|
|-weather|Sandstorm|[upkeep]
|-damage|p2a: Dusclops|117\/284|[from] sandstorm
|turn|13
|
|move|p1a: Tyranitar|Pursuit|p2a: Dusclops
|-supereffective|p2a: Dusclops
|-damage|p2a: Dusclops|27\/284
|move|p2a: Dusclops|Will-O-Wisp|p1a: Tyranitar
|-status|p1a: Tyranitar|brn
|
|-weather|Sandstorm|[upkeep]
|-damage|p2a: Dusclops|10\/284|[from] sandstorm
|-damage|p1a: Tyranitar|231\/404 brn|[from] brn
|turn|14
|
|move|p1a: Tyranitar|Pursuit|p2a: Dusclops
|-supereffective|p2a: Dusclops
|-damage|p2a: Dusclops|0 fnt
|faint|p2a: Dusclops
|
|-weather|Sandstorm|[upkeep]
|-damage|p1a: Tyranitar|181\/404 brn|[from] brn
|
|switch|p2a: Mandibuzz|Mandibuzz, F|212\/424
|-damage|p2a: Mandibuzz|106\/424|[from] Stealth Rock
|turn|15
|
|move|p2a: Mandibuzz|Defog|p1a: Tyranitar
|-unboost|p1a: Tyranitar|evasion|1
|-sideend|p2: Meroz|Stealth Rock|[from] move: Defog|[of] p2a: Mandibuzz
|move|p1a: Tyranitar|Stone Edge|p2a: Mandibuzz
|-crit|p2a: Mandibuzz
|-supereffective|p2a: Mandibuzz
|-damage|p2a: Mandibuzz|0 fnt
|faint|p2a: Mandibuzz
|
|-weather|Sandstorm|[upkeep]
|-damage|p1a: Tyranitar|131\/404 brn|[from] brn
|
|switch|p2a: Conkeldurr|Conkeldurr, M|345\/414
|turn|16
|
|move|p1a: Tyranitar|Crunch|p2a: Conkeldurr
|-resisted|p2a: Conkeldurr
|-damage|p2a: Conkeldurr|306\/414
|move|p2a: Conkeldurr|Knock Off|p1a: Tyranitar
|-resisted|p1a: Tyranitar
|-damage|p1a: Tyranitar|67\/404 brn
|-enditem|p1a: Tyranitar|Assault Vest|[from] move: Knock Off|[of] p2a: Conkeldurr
|
|-weather|none
|-damage|p1a: Tyranitar|17\/404 brn|[from] brn
|turn|17
|
|move|p2a: Conkeldurr|Mach Punch|p1a: Tyranitar
|-supereffective|p1a: Tyranitar
|-damage|p1a: Tyranitar|0 fnt
|faint|p1a: Tyranitar
|
|
|switch|p1a: Breloom|Breloom, F|231\/264
|turn|18
|
|switch|p2a: Florges|Florges, F|315\/360
|move|p1a: Breloom|Spore|p2a: Florges
|-status|p2a: Florges|slp
|
|-status|p1a: Breloom|tox|[from] item: Toxic Orb
|turn|19
|
|move|p1a: Breloom|Substitute|p1a: Breloom
|-start|p1a: Breloom|Substitute
|-damage|p1a: Breloom|165\/264 tox
|cant|p2a: Florges|slp
|
|-heal|p1a: Breloom|198\/264 tox|[from] ability: Poison Heal
|turn|20
|
|move|p1a: Breloom|Seed Bomb|p2a: Florges
|-damage|p2a: Florges|114\/360 slp
|cant|p2a: Florges|slp
|
|-heal|p1a: Breloom|231\/264 tox|[from] ability: Poison Heal
|turn|21
|
|switch|p2a: Conkeldurr|Conkeldurr, M|306\/414
|move|p1a: Breloom|Seed Bomb|p2a: Conkeldurr
|-damage|p2a: Conkeldurr|149\/414
|
|-heal|p1a: Breloom|264\/264 tox|[from] ability: Poison Heal
|turn|22
|
|move|p2a: Conkeldurr|Mach Punch|p1a: Breloom
|-crit|p1a: Breloom
|-end|p1a: Breloom|Substitute
|move|p1a: Breloom|Seed Bomb|p2a: Conkeldurr
|-damage|p2a: Conkeldurr|0 fnt
|faint|p2a: Conkeldurr
|
|
|switch|p2a: Latios|Latios, M|284\/302
|turn|23
|
|switch|p1a: Blissey|Blissey, F|714\/714
|move|p2a: Latios|Psyshock|p1a: Blissey
|-damage|p1a: Blissey|443\/714
|
|-heal|p1a: Blissey|487\/714|[from] item: Leftovers
|turn|24
|
|switch|p2a: Florges|Florges, F|114\/360 slp
|move|p1a: Blissey|Wish|p1a: Blissey
|
|-heal|p1a: Blissey|531\/714|[from] item: Leftovers
|turn|25
|
|-curestatus|p2a: Florges|slp
|move|p2a: Florges|Moonblast|p1a: Blissey
|-damage|p1a: Blissey|353\/714
|-unboost|p1a: Blissey|spa|1
|move|p1a: Blissey|Toxic|p2a: Florges
|-status|p2a: Florges|tox
|
|-heal|p1a: Blissey|710\/714|[from] move: Wish|[wisher] Blissey
|-heal|p1a: Blissey|714\/714|[from] item: Leftovers
|-damage|p2a: Florges|92\/360 tox|[from] psn
|turn|26
|
|move|p2a: Florges|Moonblast|p1a: Blissey
|-damage|p1a: Blissey|522\/714
|move|p1a: Blissey|Toxic|p2a: Florges
|-fail|p2a: Florges|tox
|
|-heal|p1a: Blissey|566\/714|[from] item: Leftovers
|-damage|p2a: Florges|48\/360 tox|[from] psn
|turn|27
|
|move|p2a: Florges|Moonblast|p1a: Blissey
|-damage|p1a: Blissey|359\/714
|-unboost|p1a: Blissey|spa|1
|move|p1a: Blissey|Wish|p1a: Blissey
|
|-heal|p1a: Blissey|403\/714|[from] item: Leftovers
|-damage|p2a: Florges|0 fnt|[from] psn
|faint|p2a: Florges
|
|switch|p2a: Latios|Latios, M|284\/302
|turn|28
|
|move|p2a: Latios|Psyshock|p1a: Blissey
|-damage|p1a: Blissey|154\/714
|move|p1a: Blissey|Toxic|p2a: Latios
|-status|p2a: Latios|tox
|
|-heal|p1a: Blissey|511\/714|[from] move: Wish|[wisher] Blissey
|-heal|p1a: Blissey|555\/714|[from] item: Leftovers
|-damage|p2a: Latios|266\/302 tox|[from] psn
|turn|29
|
|switch|p2a: Charizard|Charizard, F|90\/297
|-formechange|p2a: Charizard|Charizard-Mega-X
|move|p1a: Blissey|Protect|p1a: Blissey
|-fail|p1a: Blissey
|
|-heal|p1a: Blissey|599\/714|[from] item: Leftovers
|turn|30
|
|move|p2a: Charizard|Dragon Dance|p2a: Charizard
|-boost|p2a: Charizard|atk|1
|-boost|p2a: Charizard|spe|1
|move|p1a: Blissey|Toxic|p2a: Charizard
|-status|p2a: Charizard|tox
|
|-heal|p1a: Blissey|643\/714|[from] item: Leftovers
|-damage|p2a: Charizard|72\/297 tox|[from] psn
|turn|31
|
|move|p1a: Blissey|Protect|p1a: Blissey
|-singleturn|p1a: Blissey|Protect
|move|p2a: Charizard|Flare Blitz|p1a: Blissey
|-activate|p1a: Blissey|Protect
|
|-heal|p1a: Blissey|687\/714|[from] item: Leftovers
|-damage|p2a: Charizard|36\/297 tox|[from] psn
|turn|32
|
|move|p2a: Charizard|Flare Blitz|p1a: Blissey
|-damage|p1a: Blissey|0 fnt
|-damage|p2a: Charizard|0 fnt|[from] recoil|[of] p1a: Blissey
|faint|p1a: Blissey
|faint|p2a: Charizard
|
|
|switch|p2a: Latios|Latios, M|266\/302 tox
|switch|p1a: Manectric|Manectric, F|282\/282
|-formechange|p1a: Manectric|Manectric-Mega
|-ability|p1a: Manectric|Intimidate|[of] p2a: Latios
|-unboost|p2a: Latios|atk|1
|turn|33
|
|move|p2a: Latios|Psyshock|p1a: Manectric
|-damage|p1a: Manectric|107\/282
|move|p1a: Manectric|Hidden Power|p2a: Latios
|-supereffective|p2a: Latios
|-damage|p2a: Latios|124\/302 tox
|
|-damage|p2a: Latios|106\/302 tox|[from] psn
|turn|34
|
|move|p2a: Latios|Psyshock|p1a: Manectric
|-damage|p1a: Manectric|0 fnt
|faint|p1a: Manectric
|
|-damage|p2a: Latios|70\/302 tox|[from] psn
|
|switch|p1a: Breloom|Breloom, F|264\/264 tox
|turn|35
|
|move|p2a: Latios|Psyshock|p1a: Breloom
|-supereffective|p1a: Breloom
|-damage|p1a: Breloom|0 fnt
|faint|p1a: Breloom
|
|-damage|p2a: Latios|16\/302 tox|[from] psn
|
|switch|p1a: Gengar|Gengar, F|262\/262
|turn|36
|
|move|p2a: Latios|Psyshock|p1a: Gengar
|-supereffective|p1a: Gengar
|-damage|p1a: Gengar|0 fnt
|faint|p1a: Gengar
|
|win|Meroz
|raw|Ladder updating...
|raw|Mark Suckerberg's rating: 1600 &rarr; <strong>1575<\/strong><br \/>(-25 for losing)
|raw|Meroz's rating: 1522 &rarr; <strong>1546<\/strong><br \/>(+24 for winning)
|chat|Meroz|gg
|chat|Mark Suckerberg|gg
|leave|Meroz
|player|p2
|join|Meroz