|join|BACONtators
|join|Meroz
|player|p1|BACONtators|153
|player|p2|Meroz|92
|gametype|singles
|gen|6
|tier|OU
|rated
|clearpoke
|poke|p1|Heracross, M
|poke|p1|Crobat, F
|poke|p1|Weavile, F
|poke|p1|Rotom-Wash
|poke|p1|Heatran, F
|poke|p1|Garchomp, F
|poke|p2|Azumarill, F
|poke|p2|Landorus, M
|poke|p2|Heatran, F
|poke|p2|Keldeo-Resolute
|poke|p2|Venusaur, F
|poke|p2|Mandibuzz, F
|rule|Swagger Clause: Swagger is banned
|rule|Baton Pass Clause: Limit one PokÃ©mon knowing Baton Pass
|rule|Sleep Clause Mod: Limit one foe put to sleep
|rule|Species Clause: Limit one of each PokÃ©mon
|rule|OHKO Clause: OHKO moves are banned
|rule|Moody Clause: Moody is banned
|rule|Evasion Moves Clause: Evasion moves are banned
|rule|Endless Battle Clause: Forcing endless battles is banned
|rule|HP Percentage Mod: HP is shown in percentages
|teampreview
|
|start
|switch|p1a: Rotom-Wash|Rotom-Wash|304\/304
|switch|p2a: Venusaur|Venusaur, F|349\/349
|turn|1
|
|detailschange|p2a: Venusaur|Venusaur-Mega, F
|message|Venusaur has Mega Evolved into Mega Venusaur!
|move|p2a: Venusaur|Giga Drain|p1a: Rotom-Wash
|-supereffective|p1a: Rotom-Wash
|-damage|p1a: Rotom-Wash|38\/304
|move|p1a: Rotom-Wash|Volt Switch|p2a: Venusaur
|-crit|p2a: Venusaur
|-resisted|p2a: Venusaur
|-damage|p2a: Venusaur|277\/349
|
|switch|p1a: Crobat|Crobat, F|374\/374
|
|turn|2
|
|switch|p1a: Heatran|Heatran, F|379\/379
|-item|p1a: Heatran|Air Balloon
|switch|p2a: Landorus|Landorus, M|319\/319
|
|turn|3
|
|move|p2a: Landorus|Focus Blast|p1a: Heatran|[miss]
|-miss|p2a: Landorus|p1a: Heatran
|move|p1a: Heatran|Lava Plume|p2a: Landorus
|-damage|p2a: Landorus|138\/319
|-status|p2a: Landorus|brn
|
|-damage|p2a: Landorus|99\/319 brn|[from] brn
|turn|4
|
|switch|p1a: Crobat|Crobat, F|374\/374
|move|p2a: Landorus|Stealth Rock|p1a: Crobat
|-sidestart|p1: BACONtators|move: Stealth Rock
|
|-damage|p2a: Landorus|60\/319 brn|[from] brn
|turn|5
|
|move|p1a: Crobat|Brave Bird|p2a: Landorus
|-damage|p2a: Landorus|0 fnt
|-damage|p1a: Crobat|354\/374|[from] recoil|[of] p2a: Landorus
|faint|p2a: Landorus
|
|-heal|p1a: Crobat|374\/374|[from] item: Black Sludge
|
|switch|p2a: Heatran|Heatran, F|323\/323
|turn|6
|
|move|p1a: Crobat|Defog|p2a: Heatran
|-unboost|p2a: Heatran|evasion|1
|-sideend|p1: BACONtators|Stealth Rock|[from] move: Defog|[of] p1a: Crobat
|move|p2a: Heatran|Stone Edge|p1a: Crobat|[miss]
|-miss|p2a: Heatran|p1a: Crobat
|
|turn|7
|
|switch|p1a: Rotom-Wash|Rotom-Wash|38\/304
|switch|p2a: Azumarill|Azumarill, F|361\/361
|
|-heal|p1a: Rotom-Wash|57\/304|[from] item: Leftovers
|turn|8
|
|switch|p2a: Heatran|Heatran, F|323\/323
|move|p1a: Rotom-Wash|Volt Switch|p2a: Heatran
|-damage|p2a: Heatran|205\/323
|
|switch|p1a: Heatran|Heatran, F|379\/379
|-item|p1a: Heatran|Air Balloon
|
|turn|9
|
|switch|p2a: Keldeo-Resolute|Keldeo-Resolute|323\/323
|move|p1a: Heatran|Earth Power|p2a: Keldeo-Resolute
|-damage|p2a: Keldeo-Resolute|200\/323
|
|turn|10
|
|switch|p1a: Heracross|Heracross, M|309\/309
|move|p2a: Keldeo-Resolute|Hydro Pump|p1a: Heracross
|-damage|p1a: Heracross|3\/309
|
|turn|11
|
|switch|p2a: Venusaur|Venusaur-Mega, F|277\/349
|move|p1a: Heracross|Pin Missile|p2a: Venusaur
|-damage|p2a: Venusaur|232\/349
|-damage|p2a: Venusaur|192\/349
|-damage|p2a: Venusaur|152\/349
|-damage|p2a: Venusaur|110\/349
|-hitcount|p2a: Venusaur|4
|
|turn|12
|
|detailschange|p1a: Heracross|Heracross-Mega, M
|message|Heracross has Mega Evolved into Mega Heracross!
|move|p1a: Heracross|Pin Missile|p2a: Venusaur
|-damage|p2a: Venusaur|53\/349
|-damage|p2a: Venusaur|0 fnt
|-hitcount|p2a: Venusaur|2
|faint|p2a: Venusaur
|
|
|switch|p2a: Keldeo-Resolute|Keldeo-Resolute|200\/323
|turn|13
|
|move|p2a: Keldeo-Resolute|Scald|p1a: Heracross
|-damage|p1a: Heracross|0 fnt
|faint|p1a: Heracross
|
|
|switch|p1a: Crobat|Crobat, F|374\/374
|turn|14
|
|switch|p2a: Azumarill|Azumarill, F|361\/361
|move|p1a: Crobat|Brave Bird|p2a: Azumarill
|-damage|p2a: Azumarill|217\/361
|-damage|p1a: Crobat|326\/374|[from] recoil|[of] p2a: Azumarill
|
|-heal|p1a: Crobat|349\/374|[from] item: Black Sludge
|turn|15
|
|switch|p1a: Rotom-Wash|Rotom-Wash|57\/304
|move|p2a: Azumarill|Waterfall|p1a: Rotom-Wash
|-resisted|p1a: Rotom-Wash
|-damage|p1a: Rotom-Wash|0 fnt
|faint|p1a: Rotom-Wash
|
|
|switch|p1a: Garchomp|Garchomp, F|358\/358
|turn|16
|
|move|p1a: Garchomp|Earthquake|p2a: Azumarill
|-damage|p2a: Azumarill|0 fnt
|faint|p2a: Azumarill
|
|
|switch|p2a: Mandibuzz|Mandibuzz, F|423\/423
|turn|17
|
|switch|p1a: Heatran|Heatran, F|379\/379
|-item|p1a: Heatran|Air Balloon
|move|p2a: Mandibuzz|Foul Play|p1a: Heatran
|-damage|p1a: Heatran|297\/379
|-enditem|p1a: Heatran|Air Balloon
|
|turn|18
|
|switch|p2a: Heatran|Heatran, F|205\/323
|move|p1a: Heatran|Lava Plume|p2a: Heatran
|-start|p2a: Heatran|ability: Flash Fire
|
|turn|19
|
|switch|p1a: Crobat|Crobat, F|349\/374
|move|p2a: Heatran|Overheat|p1a: Crobat
|-damage|p1a: Crobat|0 fnt
|-unboost|p2a: Heatran|spa|2
|faint|p1a: Crobat
|
|
|switch|p1a: Garchomp|Garchomp, F|358\/358
|turn|20
|
|move|p2a: Heatran|Overheat|p1a: Garchomp|[miss]
|-miss|p2a: Heatran|p1a: Garchomp
|move|p1a: Garchomp|Outrage|p2a: Heatran
|-resisted|p2a: Heatran
|-damage|p2a: Heatran|46\/323
|
|turn|21
|
|move|p2a: Heatran|Overheat|p1a: Garchomp
|-resisted|p1a: Garchomp
|-damage|p1a: Garchomp|258\/358
|-unboost|p2a: Heatran|spa|2
|move|p1a: Garchomp|Outrage|p2a: Heatran
|-resisted|p2a: Heatran
|-damage|p2a: Heatran|0 fnt
|faint|p2a: Heatran
|
|-end|p1a: Garchomp|rampage
|-start|p1a: Garchomp|confusion
|
|switch|p2a: Keldeo-Resolute|Keldeo-Resolute|200\/323
|turn|22
|
|move|p2a: Keldeo-Resolute|Hydro Pump|p1a: Garchomp
|-damage|p1a: Garchomp|0 fnt
|faint|p1a: Garchomp
|
|
|switch|p1a: Heatran|Heatran, F|297\/379
|turn|23
|
|move|p2a: Keldeo-Resolute|Hydro Pump|p1a: Heatran|[miss]
|-miss|p2a: Keldeo-Resolute|p1a: Heatran
|move|p1a: Heatran|Lava Plume|p2a: Keldeo-Resolute
|-crit|p2a: Keldeo-Resolute
|-resisted|p2a: Keldeo-Resolute
|-damage|p2a: Keldeo-Resolute|80\/323
|-status|p2a: Keldeo-Resolute|brn
|
|-damage|p2a: Keldeo-Resolute|40\/323 brn|[from] brn
|turn|24
|
|switch|p1a: Weavile|Weavile, F|281\/281
|move|p2a: Keldeo-Resolute|Hydro Pump|p1a: Weavile
|-enditem|p1a: Weavile|Focus Sash
|-damage|p1a: Weavile|1\/281
|
|-damage|p2a: Keldeo-Resolute|0 fnt|[from] brn
|faint|p2a: Keldeo-Resolute
|
|switch|p2a: Mandibuzz|Mandibuzz, F|423\/423
|turn|25
|
|move|p1a: Weavile|Ice Punch|p2a: Mandibuzz
|-supereffective|p2a: Mandibuzz
|-damage|p2a: Mandibuzz|235\/423
|move|p2a: Mandibuzz|Foul Play|p1a: Weavile
|-resisted|p1a: Weavile
|-damage|p1a: Weavile|0 fnt
|faint|p1a: Weavile
|
|-heal|p2a: Mandibuzz|261\/423|[from] item: Leftovers
|
|switch|p1a: Heatran|Heatran, F|297\/379
|turn|26
|
|move|p2a: Mandibuzz|Foul Play|p1a: Heatran
|-damage|p1a: Heatran|204\/379
|move|p1a: Heatran|Lava Plume|p2a: Mandibuzz
|-damage|p2a: Mandibuzz|120\/423
|
|-heal|p2a: Mandibuzz|146\/423|[from] item: Leftovers
|turn|27
|
|move|p2a: Mandibuzz|Roost|p2a: Mandibuzz
|-heal|p2a: Mandibuzz|358\/423
|move|p1a: Heatran|Lava Plume|p2a: Mandibuzz
|-damage|p2a: Mandibuzz|223\/423
|
|-heal|p2a: Mandibuzz|249\/423|[from] item: Leftovers
|turn|28
|
|move|p2a: Mandibuzz|Foul Play|p1a: Heatran
|-damage|p1a: Heatran|117\/379
|move|p1a: Heatran|Lava Plume|p2a: Mandibuzz
|-damage|p2a: Mandibuzz|93\/423
|
|-heal|p2a: Mandibuzz|119\/423|[from] item: Leftovers
|turn|29
|
|move|p2a: Mandibuzz|Roost|p2a: Mandibuzz
|-heal|p2a: Mandibuzz|331\/423
|move|p1a: Heatran|Lava Plume|p2a: Mandibuzz
|-damage|p2a: Mandibuzz|195\/423
|-status|p2a: Mandibuzz|brn
|
|-heal|p2a: Mandibuzz|221\/423 brn|[from] item: Leftovers
|-damage|p2a: Mandibuzz|169\/423 brn|[from] brn
|turn|30
|
|move|p2a: Mandibuzz|Roost|p2a: Mandibuzz
|-heal|p2a: Mandibuzz|381\/423 brn
|move|p1a: Heatran|Flash Cannon|p2a: Mandibuzz
|-damage|p2a: Mandibuzz|243\/423 brn
|
|-heal|p2a: Mandibuzz|269\/423 brn|[from] item: Leftovers
|-damage|p2a: Mandibuzz|217\/423 brn|[from] brn
|turn|31
|
|move|p2a: Mandibuzz|Foul Play|p1a: Heatran
|-damage|p1a: Heatran|71\/379
|move|p1a: Heatran|Flash Cannon|p2a: Mandibuzz
|-damage|p2a: Mandibuzz|64\/423 brn
|
|-heal|p2a: Mandibuzz|90\/423 brn|[from] item: Leftovers
|-damage|p2a: Mandibuzz|38\/423 brn|[from] brn
|turn|32
|
|move|p2a: Mandibuzz|Roost|p2a: Mandibuzz
|-heal|p2a: Mandibuzz|250\/423 brn
|move|p1a: Heatran|Flash Cannon|p2a: Mandibuzz
|-damage|p2a: Mandibuzz|115\/423 brn
|-unboost|p2a: Mandibuzz|spd|1
|
|-heal|p2a: Mandibuzz|141\/423 brn|[from] item: Leftovers
|-damage|p2a: Mandibuzz|89\/423 brn|[from] brn
|turn|33
|c|âMeroz|lucky guy
|-message|Meroz forfeited.
|
|win|BACONtators
|raw|Ladder updating...
|raw|BACONtators's rating: 1501 &rarr; <strong>1523<\/strong><br \/>(+22 for winning)
|raw|Meroz's rating: 1524 &rarr; <strong>1503<\/strong><br \/>(-21 for losing)
|leave|Meroz
|player|p2