|join|Meroz
|join|Lonely Parrot
|player|p1|Meroz|102
|player|p2|Lonely Parrot|169
|gametype|singles
|gen|6
|tier|OU
|clearpoke
|poke|p1|Excadrill, F
|poke|p1|Terrakion
|poke|p1|Azumarill, M
|poke|p1|Thundurus, M
|poke|p1|Charizard, M
|poke|p1|Latios, M
|poke|p2|Tangela, F
|poke|p2|Milotic, F
|poke|p2|Charizard, M
|poke|p2|Scizor, F
|poke|p2|Jolteon, M
|poke|p2|Dragonite, M
|rule|Sleep Clause Mod: Limit one foe put to sleep
|rule|Species Clause: Limit one of each Pokemon
|rule|OHKO Clause: OHKO moves are banned
|rule|Moody Clause: Moody is banned
|rule|Evasion Moves Clause: Evasion moves are banned
|rule|Endless Battle Clause: Forcing endless battles is banned.
|rule|HP Percentage Mod: HP is reported as percentages
|teampreview
|chat|Meroz|gl hf
|chat|Lonely Parrot|Good Luck :D
|
|start
|switch|p1a: Terrakion|Terrakion|323\/323
|switch|p2a: Scizor|Scizor, F|344\/344
|turn|1
|
|move|p1a: Terrakion|Stealth Rock|p2a: Scizor
|-sidestart|p2: Lonely Parrot|move: Stealth Rock
|move|p2a: Scizor|Superpower|p1a: Terrakion
|-supereffective|p1a: Terrakion
|-enditem|p1a: Terrakion|Focus Sash
|-damage|p1a: Terrakion|1\/323
|-unboost|p2a: Scizor|atk|1
|-unboost|p2a: Scizor|def|1
|
|turn|2
|
|move|p1a: Terrakion|Close Combat|p2a: Scizor
|-damage|p2a: Scizor|13\/344
|-unboost|p1a: Terrakion|def|1
|-unboost|p1a: Terrakion|spd|1
|move|p2a: Scizor|Superpower|p1a: Terrakion
|-supereffective|p1a: Terrakion
|-damage|p1a: Terrakion|0 fnt
|-unboost|p2a: Scizor|atk|1
|-unboost|p2a: Scizor|def|1
|faint|p1a: Terrakion
|
|
|switch|p1a: Charizard|Charizard, M|298\/298
|turn|3
|
|detailschange|p1a: Charizard|Charizard-Mega-X, M
|message|Charizard has Mega Evolved into Mega Charizard!
|move|p1a: Charizard|Dragon Claw|p2a: Scizor
|-resisted|p2a: Scizor
|-damage|p2a: Scizor|0 fnt
|faint|p2a: Scizor
|
|
|switch|p2a: Milotic|Milotic, F|394\/394
|-damage|p2a: Milotic|345\/394|[from] Stealth Rock
|turn|4
|
|move|p1a: Charizard|Swords Dance|p1a: Charizard
|-boost|p1a: Charizard|atk|2
|move|p2a: Milotic|Scald|p1a: Charizard
|-damage|p1a: Charizard|193\/298
|
|-heal|p2a: Milotic|369\/394|[from] item: Leftovers
|turn|5
|
|move|p1a: Charizard|Tailwind|p1a: Charizard
|-sidestart|p1: Meroz|move: Tailwind
|move|p2a: Milotic|Dragon Tail|p1a: Charizard
|-supereffective|p1a: Charizard
|-damage|p1a: Charizard|135\/298
|drag|p1a: Excadrill|Excadrill, F|362\/362
|-ability|p1a: Excadrill|Mold Breaker
|
|-heal|p2a: Milotic|393\/394|[from] item: Leftovers
|turn|6
|
|move|p1a: Excadrill|Earthquake|p2a: Milotic
|-damage|p2a: Milotic|251\/394
|move|p2a: Milotic|Scald|p1a: Excadrill
|-supereffective|p1a: Excadrill
|-damage|p1a: Excadrill|86\/362
|
|-heal|p2a: Milotic|275\/394|[from] item: Leftovers
|turn|7
|
|switch|p1a: Thundurus|Thundurus, M|300\/300
|move|p2a: Milotic|Scald|p1a: Thundurus
|-damage|p1a: Thundurus|197\/300
|
|-heal|p1a: Thundurus|215\/300|[from] item: Leftovers
|-heal|p2a: Milotic|299\/394|[from] item: Leftovers
|turn|8
|
|move|p1a: Thundurus|Thunderbolt|p2a: Milotic
|-supereffective|p2a: Milotic
|-damage|p2a: Milotic|41\/394
|move|p2a: Milotic|Ice Beam|p1a: Thundurus
|-crit|p1a: Thundurus
|-supereffective|p1a: Thundurus
|-damage|p1a: Thundurus|0 fnt
|faint|p1a: Thundurus
|
|-heal|p2a: Milotic|65\/394|[from] item: Leftovers
|-sideend|p1: Meroz|move: Tailwind
|
|switch|p1a: Azumarill|Azumarill, M|404\/404
|turn|9
|
|move|p2a: Milotic|Recover|p2a: Milotic
|-heal|p2a: Milotic|262\/394
|move|p1a: Azumarill|Play Rough|p2a: Milotic
|-damage|p2a: Milotic|109\/394
|
|-heal|p2a: Milotic|133\/394|[from] item: Leftovers
|turn|10
|
|move|p2a: Milotic|Recover|p2a: Milotic
|-heal|p2a: Milotic|330\/394
|move|p1a: Azumarill|Belly Drum|p1a: Azumarill
|-damage|p1a: Azumarill|202\/404
|-setboost|p1a: Azumarill|atk|6|[from] move: Belly Drum
|-enditem|p1a: Azumarill|Sitrus Berry|[eat]
|-heal|p1a: Azumarill|303\/404|[from] item: Sitrus Berry
|
|-heal|p2a: Milotic|354\/394|[from] item: Leftovers
|turn|11
|
|move|p2a: Milotic|Scald|p1a: Azumarill
|-resisted|p1a: Azumarill
|-damage|p1a: Azumarill|244\/404
|move|p1a: Azumarill|Play Rough|p2a: Milotic
|-damage|p2a: Milotic|0 fnt
|faint|p2a: Milotic
|
|
|switch|p2a: Tangela|Tangela, F|334\/334
|-damage|p2a: Tangela|293\/334|[from] Stealth Rock
|turn|12
|
|move|p1a: Azumarill|Aqua Jet|p2a: Tangela
|-resisted|p2a: Tangela
|-damage|p2a: Tangela|218\/334
|move|p2a: Tangela|Sleep Powder|p1a: Azumarill
|-status|p1a: Azumarill|slp
|
|turn|13
|
|move|p2a: Tangela|Giga Drain|p1a: Azumarill
|-supereffective|p1a: Azumarill
|-damage|p1a: Azumarill|20\/404 slp
|-heal|p2a: Tangela|330\/334|[from] drain|[of] p1a: Azumarill
|cant|p1a: Azumarill|slp
|
|turn|14
|
|cant|p1a: Azumarill|slp
|move|p2a: Tangela|Giga Drain|p1a: Azumarill
|-supereffective|p1a: Azumarill
|-damage|p1a: Azumarill|0 fnt
|-heal|p2a: Tangela|334\/334|[from] drain|[of] p1a: Azumarill
|faint|p1a: Azumarill
|
|
|switch|p1a: Charizard|Charizard-Mega-X, M|135\/298
|turn|15
|
|move|p1a: Charizard|Flare Blitz|p2a: Tangela
|-supereffective|p2a: Tangela
|-damage|p2a: Tangela|70\/334
|-damage|p1a: Charizard|48\/298|[from] recoil|[of] p2a: Tangela
|move|p2a: Tangela|Sleep Powder|p1a: Charizard
|-status|p1a: Charizard|slp
|
|turn|16
|
|switch|p1a: Latios|Latios, M|302\/302
|move|p2a: Tangela|Leech Seed|p1a: Latios
|-start|p1a: Latios|move: Leech Seed
|
|-damage|p1a: Latios|265\/302|[from] Leech Seed|[of] p2a: Tangela
|-heal|p2a: Tangela|107\/334|[silent]
|turn|17
|
|move|p1a: Latios|Psyshock|p2a: Tangela
|-damage|p2a: Tangela|21\/334
|-damage|p1a: Latios|235\/302|[from] item: Life Orb
|move|p2a: Tangela|Hidden Power|p1a: Latios
|-supereffective|p1a: Latios
|-damage|p1a: Latios|147\/302
|
|-damage|p1a: Latios|110\/302|[from] Leech Seed|[of] p2a: Tangela
|-heal|p2a: Tangela|58\/334|[silent]
|turn|18
|
|move|p1a: Latios|Draco Meteor|p2a: Tangela
|-damage|p2a: Tangela|0 fnt
|-unboost|p1a: Latios|spa|2
|-damage|p1a: Latios|80\/302|[from] item: Life Orb
|faint|p2a: Tangela
|
|chat|Lonely Parrot|I think my Tangela gave you problems :D
|
|switch|p2a: Jolteon|Jolteon, M|272\/272
|-damage|p2a: Jolteon|238\/272|[from] Stealth Rock
|turn|19
|chat|Meroz|u cud say that
|
|switch|p1a: Charizard|Charizard-Mega-X, M|48\/298 slp
|move|p2a: Jolteon|Hidden Power|p1a: Charizard
|-damage|p1a: Charizard|0 fnt
|-damage|p2a: Jolteon|211\/272|[from] item: Life Orb
|faint|p1a: Charizard
|
|
|switch|p1a: Excadrill|Excadrill, F|86\/362
|-ability|p1a: Excadrill|Mold Breaker
|turn|20
|
|move|p1a: Excadrill|Rock Slide|p2a: Jolteon
|-miss|p1a: Excadrill|p2a: Jolteon
|move|p2a: Jolteon|Shadow Ball|p1a: Excadrill
|-damage|p1a: Excadrill|0 fnt
|-damage|p2a: Jolteon|184\/272|[from] item: Life Orb
|faint|p1a: Excadrill
|
|
|switch|p1a: Latios|Latios, M|80\/302
|turn|21
|chat|Lonely Parrot|lol the miss!
|
|move|p2a: Jolteon|Shadow Ball|p1a: Latios
|-supereffective|p1a: Latios
|-damage|p1a: Latios|0 fnt
|-damage|p2a: Jolteon|157\/272|[from] item: Life Orb
|faint|p1a: Latios
|
|win|Lonely Parrot
|chat|Meroz|gg
|chat|Lonely Parrot|gg