|join|Giant Steps
|join|Meroz
|player|p1|Giant Steps|76
|player|p2|Meroz|92
|gametype|singles
|gen|6
|tier|OU
|rated
|clearpoke
|poke|p1|Porygon2
|poke|p1|Sylveon, F
|poke|p1|Chesnaught, F
|poke|p1|Tyranitar, M
|poke|p1|Greninja, M
|poke|p1|Mandibuzz, F
|poke|p2|Greninja, F
|poke|p2|Zapdos
|poke|p2|Ferrothorn, F
|poke|p2|Pinsir, F
|poke|p2|Conkeldurr, M
|poke|p2|Mandibuzz, F
|rule|Sleep Clause Mod: Limit one foe put to sleep
|rule|Species Clause: Limit one of each Pokemon
|rule|OHKO Clause: OHKO moves are banned
|rule|Moody Clause: Moody is banned
|rule|Evasion Moves Clause: Evasion moves are banned
|rule|Endless Battle Clause: Forcing endless battles is banned.
|rule|HP Percentage Mod: HP is reported as percentages
|teampreview
|
|start
|switch|p1a: Porygon2|Porygon2|374\/374
|switch|p2a: Ferrothorn|Ferrothorn, F|352\/352
|-ability|p1a: Porygon2|Iron Barbs|[from] ability: Trace|[of] p2a: Ferrothorn
|turn|1
|
|switch|p1a: Mandibuzz|Mandibuzz, F|424\/424
|move|p2a: Ferrothorn|Stealth Rock|p1a: Mandibuzz
|-sidestart|p1: Giant Steps|move: Stealth Rock
|
|turn|2
|
|switch|p2a: Greninja|Greninja, F|286\/286
|move|p1a: Mandibuzz|Taunt|p2a: Greninja
|-start|p2a: Greninja|move: Taunt
|
|turn|3
|
|switch|p1a: Sylveon|Sylveon, F|394\/394
|-damage|p1a: Sylveon|345\/394|[from] Stealth Rock
|-start|p2a: Greninja|typechange|Ice|[from] Protean
|move|p2a: Greninja|Ice Beam|p1a: Sylveon
|-damage|p1a: Sylveon|267\/394
|
|-heal|p1a: Sylveon|291\/394|[from] item: Leftovers
|turn|4
|
|switch|p2a: Pinsir|Pinsir, F|271\/271
|move|p1a: Sylveon|Hyper Voice|p2a: Pinsir
|-crit|p2a: Pinsir
|-damage|p2a: Pinsir|0 fnt
|faint|p2a: Pinsir
|
|-heal|p1a: Sylveon|315\/394|[from] item: Leftovers
|
|switch|p2a: Ferrothorn|Ferrothorn, F|352\/352
|turn|5
|
|switch|p1a: Mandibuzz|Mandibuzz, F|424\/424
|-damage|p1a: Mandibuzz|318\/424|[from] Stealth Rock
|move|p2a: Ferrothorn|Gyro Ball|p1a: Mandibuzz
|-damage|p1a: Mandibuzz|222\/424
|-damage|p2a: Ferrothorn|294\/352|[from] item: Rocky Helmet|[of] p1a: Mandibuzz
|
|-heal|p2a: Ferrothorn|316\/352|[from] item: Leftovers
|turn|6
|
|move|p1a: Mandibuzz|Defog|p2a: Ferrothorn
|-unboost|p2a: Ferrothorn|evasion|1
|-sideend|p1: Giant Steps|Stealth Rock|[from] move: Defog|[of] p1a: Mandibuzz
|move|p2a: Ferrothorn|Leech Seed|p1a: Mandibuzz
|-start|p1a: Mandibuzz|move: Leech Seed
|
|-heal|p2a: Ferrothorn|338\/352|[from] item: Leftovers
|-damage|p1a: Mandibuzz|169\/424|[from] Leech Seed|[of] p2a: Ferrothorn
|-heal|p2a: Ferrothorn|352\/352|[silent]
|turn|7
|
|move|p1a: Mandibuzz|Taunt|p2a: Ferrothorn
|-start|p2a: Ferrothorn|move: Taunt
|cant|p2a: Ferrothorn|move: Taunt|Stealth Rock
|
|-damage|p1a: Mandibuzz|116\/424|[from] Leech Seed|[of] p2a: Ferrothorn
|turn|8
|
|move|p1a: Mandibuzz|Roost|p1a: Mandibuzz
|-heal|p1a: Mandibuzz|328\/424
|move|p2a: Ferrothorn|Gyro Ball|p1a: Mandibuzz
|-damage|p1a: Mandibuzz|226\/424
|-damage|p2a: Ferrothorn|294\/352|[from] item: Rocky Helmet|[of] p1a: Mandibuzz
|
|-heal|p2a: Ferrothorn|316\/352|[from] item: Leftovers
|-damage|p1a: Mandibuzz|173\/424|[from] Leech Seed|[of] p2a: Ferrothorn
|-heal|p2a: Ferrothorn|352\/352|[silent]
|turn|9
|
|move|p1a: Mandibuzz|Roost|p1a: Mandibuzz
|-heal|p1a: Mandibuzz|385\/424
|move|p2a: Ferrothorn|Power Whip|p1a: Mandibuzz|[miss]
|-miss|p2a: Ferrothorn|p1a: Mandibuzz
|
|-damage|p1a: Mandibuzz|332\/424|[from] Leech Seed|[of] p2a: Ferrothorn
|-end|p2a: Ferrothorn|move: Taunt
|turn|10
|
|switch|p2a: Greninja|Greninja, F|286\/286
|move|p1a: Mandibuzz|Taunt|p2a: Greninja
|-start|p2a: Greninja|move: Taunt
|
|-damage|p1a: Mandibuzz|279\/424|[from] Leech Seed|[of] p2a: Greninja
|turn|11
|
|switch|p2a: Ferrothorn|Ferrothorn, F|352\/352
|switch|p1a: Sylveon|Sylveon, F|315\/394
|
|-heal|p1a: Sylveon|339\/394|[from] item: Leftovers
|turn|12
|
|switch|p1a: Greninja|Greninja, M|286\/286
|move|p2a: Ferrothorn|Stealth Rock|p1a: Greninja
|-sidestart|p1: Giant Steps|move: Stealth Rock
|
|turn|13
|
|switch|p2a: Greninja|Greninja, F|286\/286
|-start|p1a: Greninja|typechange|Fire|[from] Protean
|move|p1a: Greninja|Hidden Power|p2a: Greninja
|-resisted|p2a: Greninja
|-damage|p2a: Greninja|212\/286
|-damage|p1a: Greninja|258\/286|[from] item: Life Orb
|
|turn|14
|
|switch|p1a: Sylveon|Sylveon, F|339\/394
|-damage|p1a: Sylveon|290\/394|[from] Stealth Rock
|-start|p2a: Greninja|typechange|Water|[from] Protean
|move|p2a: Greninja|Surf|p1a: Sylveon
|-damage|p1a: Sylveon|212\/394
|
|-heal|p1a: Sylveon|236\/394|[from] item: Leftovers
|turn|15
|
|switch|p2a: Zapdos|Zapdos|384\/384
|-ability|p2a: Zapdos|Pressure
|move|p1a: Sylveon|Wish|p1a: Sylveon
|
|-heal|p1a: Sylveon|260\/394|[from] item: Leftovers
|turn|16
|
|move|p2a: Zapdos|Thunderbolt|p1a: Sylveon
|-damage|p1a: Sylveon|164\/394
|move|p1a: Sylveon|Hyper Voice|p2a: Zapdos
|-damage|p2a: Zapdos|222\/384
|
|-heal|p1a: Sylveon|361\/394|[from] move: Wish|[wisher] Sylveon
|-heal|p2a: Zapdos|246\/384|[from] item: Leftovers
|-heal|p1a: Sylveon|385\/394|[from] item: Leftovers
|turn|17
|
|switch|p2a: Ferrothorn|Ferrothorn, F|352\/352
|move|p1a: Sylveon|Wish|p1a: Sylveon
|
|-heal|p1a: Sylveon|394\/394|[from] item: Leftovers
|turn|18
|
|switch|p1a: Mandibuzz|Mandibuzz, F|279\/424
|-damage|p1a: Mandibuzz|173\/424|[from] Stealth Rock
|move|p2a: Ferrothorn|Leech Seed|p1a: Mandibuzz
|-start|p1a: Mandibuzz|move: Leech Seed
|
|-heal|p1a: Mandibuzz|370\/424|[from] move: Wish|[wisher] Sylveon
|-damage|p1a: Mandibuzz|317\/424|[from] Leech Seed|[of] p2a: Ferrothorn
|turn|19
|
|switch|p2a: Zapdos|Zapdos|246\/384
|-ability|p2a: Zapdos|Pressure
|move|p1a: Mandibuzz|Defog|p2a: Zapdos
|-unboost|p2a: Zapdos|evasion|1
|-sideend|p1: Giant Steps|Stealth Rock|[from] move: Defog|[of] p1a: Mandibuzz
|
|-heal|p2a: Zapdos|270\/384|[from] item: Leftovers
|-damage|p1a: Mandibuzz|264\/424|[from] Leech Seed|[of] p2a: Zapdos
|-heal|p2a: Zapdos|323\/384|[silent]
|turn|20
|
|switch|p1a: Porygon2|Porygon2|374\/374
|-ability|p1a: Porygon2|Pressure|[from] ability: Trace|[of] p2a: Zapdos
|-ability|p1a: Porygon2|Pressure
|move|p2a: Zapdos|Thunderbolt|p1a: Porygon2
|-damage|p1a: Porygon2|269\/374
|
|-heal|p2a: Zapdos|347\/384|[from] item: Leftovers
|turn|21
|
|switch|p2a: Conkeldurr|Conkeldurr, M|414\/414
|move|p1a: Porygon2|Toxic|p2a: Conkeldurr
|-status|p2a: Conkeldurr|tox
|
|-damage|p2a: Conkeldurr|389\/414 tox|[from] psn
|turn|22
|
|switch|p1a: Chesnaught|Chesnaught, F|380\/380
|move|p2a: Conkeldurr|Knock Off|p1a: Chesnaught
|-resisted|p1a: Chesnaught
|-damage|p1a: Chesnaught|312\/380
|-enditem|p1a: Chesnaught|Leftovers|[from] move: Knock Off|[of] p2a: Conkeldurr
|
|-damage|p2a: Conkeldurr|339\/414 tox|[from] psn
|turn|23
|
|move|p1a: Chesnaught|Spiky Shield|p1a: Chesnaught
|-singleturn|p1a: Chesnaught|move: Protect
|move|p2a: Conkeldurr|Drain Punch|p1a: Chesnaught
|-activate|p1a: Chesnaught|move: Protect
|-damage|p2a: Conkeldurr|288\/414 tox|[from] Spiky Shield|[of] p1a: Chesnaught
|
|-damage|p2a: Conkeldurr|213\/414 tox|[from] psn
|turn|24
|
|move|p1a: Chesnaught|Leech Seed|p2a: Conkeldurr|[miss]
|-miss|p1a: Chesnaught|p2a: Conkeldurr
|move|p2a: Conkeldurr|Drain Punch|p1a: Chesnaught
|-damage|p1a: Chesnaught|177\/380
|-heal|p2a: Conkeldurr|281\/414 tox|[from] drain|[of] p1a: Chesnaught
|
|-damage|p2a: Conkeldurr|181\/414 tox|[from] psn
|turn|25
|
|switch|p2a: Ferrothorn|Ferrothorn, F|352\/352
|move|p1a: Chesnaught|Leech Seed|p2a: Ferrothorn
|-immune|p2a: Ferrothorn|[msg]
|
|turn|26
|
|switch|p1a: Mandibuzz|Mandibuzz, F|264\/424
|move|p2a: Ferrothorn|Stealth Rock|p1a: Mandibuzz
|-sidestart|p1: Giant Steps|move: Stealth Rock
|
|turn|27
|
|switch|p2a: Greninja|Greninja, F|212\/286
|move|p1a: Mandibuzz|Taunt|p2a: Greninja
|-start|p2a: Greninja|move: Taunt
|
|turn|28
|
|switch|p1a: Sylveon|Sylveon, F|394\/394
|-damage|p1a: Sylveon|345\/394|[from] Stealth Rock
|-start|p2a: Greninja|typechange|Ice|[from] Protean
|move|p2a: Greninja|Ice Beam|p1a: Sylveon
|-damage|p1a: Sylveon|260\/394
|
|-heal|p1a: Sylveon|284\/394|[from] item: Leftovers
|turn|29
|
|switch|p2a: Ferrothorn|Ferrothorn, F|352\/352
|move|p1a: Sylveon|Wish|p1a: Sylveon
|
|-heal|p1a: Sylveon|308\/394|[from] item: Leftovers
|turn|30
|
|switch|p1a: Chesnaught|Chesnaught, F|177\/380
|-damage|p1a: Chesnaught|154\/380|[from] Stealth Rock
|switch|p2a: Greninja|Greninja, F|212\/286
|
|-heal|p1a: Chesnaught|351\/380|[from] move: Wish|[wisher] Sylveon
|turn|31
|
|switch|p1a: Sylveon|Sylveon, F|308\/394
|-damage|p1a: Sylveon|259\/394|[from] Stealth Rock
|-start|p2a: Greninja|typechange|Ice|[from] Protean
|move|p2a: Greninja|Ice Beam|p1a: Sylveon
|-damage|p1a: Sylveon|180\/394
|
|-heal|p1a: Sylveon|204\/394|[from] item: Leftovers
|turn|32
|
|switch|p2a: Ferrothorn|Ferrothorn, F|352\/352
|move|p1a: Sylveon|Wish|p1a: Sylveon
|
|-heal|p1a: Sylveon|228\/394|[from] item: Leftovers
|turn|33
|
|move|p1a: Sylveon|Protect|p1a: Sylveon
|-singleturn|p1a: Sylveon|Protect
|move|p2a: Ferrothorn|Leech Seed|p1a: Sylveon
|-activate|p1a: Sylveon|Protect
|
|-heal|p1a: Sylveon|394\/394|[from] move: Wish|[wisher] Sylveon
|turn|34
|
|move|p1a: Sylveon|Wish|p1a: Sylveon
|move|p2a: Ferrothorn|Gyro Ball|p1a: Sylveon
|-crit|p1a: Sylveon
|-supereffective|p1a: Sylveon
|-damage|p1a: Sylveon|0 fnt
|faint|p1a: Sylveon
|
|
|switch|p1a: Mandibuzz|Mandibuzz, F|264\/424
|-damage|p1a: Mandibuzz|158\/424|[from] Stealth Rock
|turn|35
|
|switch|p2a: Greninja|Greninja, F|212\/286
|move|p1a: Mandibuzz|Defog|p2a: Greninja
|-unboost|p2a: Greninja|evasion|1
|-sideend|p1: Giant Steps|Stealth Rock|[from] move: Defog|[of] p1a: Mandibuzz
|
|-heal|p1a: Mandibuzz|355\/424|[from] move: Wish|[wisher] Sylveon
|turn|36
|
|switch|p2a: Conkeldurr|Conkeldurr, M|181\/414 tox
|switch|p1a: Tyranitar|Tyranitar, M|404\/404
|-weather|Sandstorm
|
|-weather|Sandstorm|[upkeep]
|-damage|p2a: Conkeldurr|156\/414 tox|[from] sandstorm
|-damage|p2a: Conkeldurr|131\/414 tox|[from] psn
|turn|37
|
|switch|p1a: Chesnaught|Chesnaught, F|351\/380
|move|p2a: Conkeldurr|Drain Punch|p1a: Chesnaught
|-damage|p1a: Chesnaught|206\/380
|-heal|p2a: Conkeldurr|204\/414 tox|[from] drain|[of] p1a: Chesnaught
|
|-weather|Sandstorm|[upkeep]
|-damage|p1a: Chesnaught|183\/380|[from] sandstorm
|-damage|p2a: Conkeldurr|179\/414 tox|[from] sandstorm
|-damage|p2a: Conkeldurr|129\/414 tox|[from] psn
|turn|38
|
|switch|p2a: Ferrothorn|Ferrothorn, F|352\/352
|move|p1a: Chesnaught|Hammer Arm|p2a: Ferrothorn
|-supereffective|p2a: Ferrothorn
|-damage|p2a: Ferrothorn|160\/352
|-damage|p1a: Chesnaught|136\/380|[from] ability: Iron Barbs|[of] p2a: Ferrothorn
|-unboost|p1a: Chesnaught|spe|1
|
|-weather|Sandstorm|[upkeep]
|-damage|p1a: Chesnaught|113\/380|[from] sandstorm
|-heal|p2a: Ferrothorn|182\/352|[from] item: Leftovers
|turn|39
|
|move|p1a: Chesnaught|Hammer Arm|p2a: Ferrothorn
|-supereffective|p2a: Ferrothorn
|-damage|p2a: Ferrothorn|0 fnt
|-damage|p1a: Chesnaught|66\/380|[from] ability: Iron Barbs|[of] p2a: Ferrothorn
|-unboost|p1a: Chesnaught|spe|1
|faint|p2a: Ferrothorn
|
|-weather|Sandstorm|[upkeep]
|-damage|p1a: Chesnaught|43\/380|[from] sandstorm
|
|switch|p2a: Greninja|Greninja, F|212\/286
|turn|40
|
|-start|p2a: Greninja|typechange|Ice|[from] Protean
|move|p2a: Greninja|Ice Beam|p1a: Chesnaught
|-supereffective|p1a: Chesnaught
|-damage|p1a: Chesnaught|0 fnt
|faint|p1a: Chesnaught
|
|-weather|none
|
|switch|p1a: Porygon2|Porygon2|269\/374
|-ability|p1a: Porygon2|Protean|[from] ability: Trace|[of] p2a: Greninja
|turn|41
|
|switch|p2a: Zapdos|Zapdos|347\/384
|-ability|p2a: Zapdos|Pressure
|move|p1a: Porygon2|Recover|p1a: Porygon2
|-heal|p1a: Porygon2|374\/374
|
|-heal|p2a: Zapdos|371\/384|[from] item: Leftovers
|turn|42
|
|move|p2a: Zapdos|Thunderbolt|p1a: Porygon2
|-damage|p1a: Porygon2|262\/374
|-start|p1a: Porygon2|typechange|Ice|[from] Protean
|move|p1a: Porygon2|Ice Beam|p2a: Zapdos
|-supereffective|p2a: Zapdos
|-damage|p2a: Zapdos|141\/384
|
|-heal|p2a: Zapdos|165\/384|[from] item: Leftovers
|turn|43
|
|move|p2a: Zapdos|Roost|p2a: Zapdos
|-heal|p2a: Zapdos|357\/384
|-start|p1a: Porygon2|typechange|Electric|[from] Protean
|move|p1a: Porygon2|Discharge|p2a: Zapdos
|-resisted|p2a: Zapdos
|-damage|p2a: Zapdos|305\/384
|
|-heal|p2a: Zapdos|329\/384|[from] item: Leftovers
|turn|44
|
|move|p2a: Zapdos|Thunderbolt|p1a: Porygon2
|-resisted|p1a: Porygon2
|-damage|p1a: Porygon2|203\/374
|-start|p1a: Porygon2|typechange|Ice|[from] Protean
|move|p1a: Porygon2|Ice Beam|p2a: Zapdos
|-supereffective|p2a: Zapdos
|-damage|p2a: Zapdos|89\/384
|
|-heal|p2a: Zapdos|113\/384|[from] item: Leftovers
|turn|45
|
|move|p2a: Zapdos|Roost|p2a: Zapdos
|-heal|p2a: Zapdos|305\/384
|-start|p1a: Porygon2|typechange|Normal|[from] Protean
|move|p1a: Porygon2|Recover|p1a: Porygon2
|-heal|p1a: Porygon2|374\/374
|
|-heal|p2a: Zapdos|329\/384|[from] item: Leftovers
|turn|46
|
|move|p2a: Zapdos|Thunderbolt|p1a: Porygon2
|-damage|p1a: Porygon2|259\/374
|-status|p1a: Porygon2|par
|-start|p1a: Porygon2|typechange|Ice|[from] Protean
|move|p1a: Porygon2|Ice Beam|p2a: Zapdos
|-supereffective|p2a: Zapdos
|-damage|p2a: Zapdos|101\/384
|
|-heal|p2a: Zapdos|125\/384|[from] item: Leftovers
|turn|47
|
|move|p2a: Zapdos|Thunderbolt|p1a: Porygon2
|-damage|p1a: Porygon2|156\/374 par
|cant|p1a: Porygon2|par
|
|-heal|p2a: Zapdos|149\/384|[from] item: Leftovers
|turn|48
|
|move|p2a: Zapdos|Heat Wave|p1a: Porygon2
|-supereffective|p1a: Porygon2
|-damage|p1a: Porygon2|10\/374 par
|-start|p1a: Porygon2|typechange|Normal|[from] Protean
|move|p1a: Porygon2|Recover|p1a: Porygon2
|-heal|p1a: Porygon2|197\/374 par
|
|-heal|p2a: Zapdos|173\/384|[from] item: Leftovers
|turn|49
|
|switch|p1a: Tyranitar|Tyranitar, M|404\/404
|-weather|Sandstorm
|move|p2a: Zapdos|Thunderbolt|p1a: Tyranitar
|-damage|p1a: Tyranitar|307\/404
|
|-weather|Sandstorm|[upkeep]
|-damage|p2a: Zapdos|149\/384|[from] sandstorm
|-heal|p2a: Zapdos|173\/384|[from] item: Leftovers
|turn|50
|
|move|p1a: Tyranitar|Pursuit|p2a: Zapdos|[from]Pursuit
|-damage|p2a: Zapdos|0 fnt
|faint|p2a: Zapdos
|
|-weather|Sandstorm|[upkeep]
|
|switch|p2a: Conkeldurr|Conkeldurr, M|129\/414 tox
|turn|51
|
|switch|p1a: Mandibuzz|Mandibuzz, F|355\/424
|move|p2a: Conkeldurr|Drain Punch|p1a: Mandibuzz
|-damage|p1a: Mandibuzz|190\/424
|-heal|p2a: Conkeldurr|212\/414 tox|[from] drain|[of] p1a: Mandibuzz
|-damage|p2a: Conkeldurr|143\/414 tox|[from] item: Rocky Helmet|[of] p1a: Mandibuzz
|
|-weather|Sandstorm|[upkeep]
|-damage|p2a: Conkeldurr|118\/414 tox|[from] sandstorm
|-damage|p2a: Conkeldurr|93\/414 tox|[from] psn
|turn|52
|
|switch|p2a: Greninja|Greninja, F|212\/286
|move|p1a: Mandibuzz|Foul Play|p2a: Greninja
|-resisted|p2a: Greninja
|-damage|p2a: Greninja|151\/286
|
|-weather|Sandstorm|[upkeep]
|-damage|p2a: Greninja|134\/286|[from] sandstorm
|turn|53
|
|switch|p1a: Tyranitar|Tyranitar, M|307\/404
|-start|p2a: Greninja|typechange|Ice|[from] Protean
|move|p2a: Greninja|Ice Beam|p1a: Tyranitar
|-damage|p1a: Tyranitar|211\/404
|
|-weather|none
|turn|54
|
|switch|p1a: Greninja|Greninja, M|258\/286
|-start|p2a: Greninja|typechange|Water|[from] Protean
|move|p2a: Greninja|Surf|p1a: Greninja
|-resisted|p1a: Greninja
|-damage|p1a: Greninja|160\/286
|
|turn|55
|
|-start|p2a: Greninja|typechange|Dark|[from] Protean
|move|p2a: Greninja|Dark Pulse|p1a: Greninja
|-resisted|p1a: Greninja
|-damage|p1a: Greninja|76\/286
|-start|p1a: Greninja|typechange|Psychic|[from] Protean
|move|p1a: Greninja|Extrasensory|p2a: Greninja
|-immune|p2a: Greninja|[msg]
|
|turn|56
|
|switch|p1a: Porygon2|Porygon2|197\/374 par
|-ability|p1a: Porygon2|Protean|[from] ability: Trace|[of] p2a: Greninja
|move|p2a: Greninja|Dark Pulse|p1a: Porygon2
|-damage|p1a: Porygon2|104\/374 par
|
|turn|57
|
|-start|p2a: Greninja|typechange|Ice|[from] Protean
|move|p2a: Greninja|Ice Beam|p1a: Porygon2
|-damage|p1a: Porygon2|5\/374 par
|move|p1a: Porygon2|Recover|p1a: Porygon2
|-heal|p1a: Porygon2|192\/374 par
|
|turn|58
|
|-start|p2a: Greninja|typechange|Dark|[from] Protean
|move|p2a: Greninja|Dark Pulse|p1a: Porygon2
|-crit|p1a: Porygon2
|-damage|p1a: Porygon2|66\/374 par
|cant|p1a: Porygon2|par
|
|turn|59
|
|switch|p1a: Tyranitar|Tyranitar, M|211\/404
|-weather|Sandstorm
|-start|p2a: Greninja|typechange|Water|[from] Protean
|move|p2a: Greninja|Surf|p1a: Tyranitar
|-supereffective|p1a: Tyranitar
|-damage|p1a: Tyranitar|0 fnt
|faint|p1a: Tyranitar
|
|-weather|Sandstorm|[upkeep]
|-damage|p2a: Greninja|117\/286|[from] sandstorm
|
|switch|p1a: Greninja|Greninja, M|76\/286
|turn|60
|
|switch|p2a: Mandibuzz|Mandibuzz, F|424\/424
|-start|p1a: Greninja|typechange|Water|[from] Protean
|move|p1a: Greninja|Hydro Pump|p2a: Mandibuzz
|-damage|p2a: Mandibuzz|198\/424
|-damage|p1a: Greninja|48\/286|[from] item: Life Orb
|
|-weather|Sandstorm|[upkeep]
|-damage|p1a: Greninja|31\/286|[from] sandstorm
|-heal|p2a: Mandibuzz|224\/424|[from] item: Leftovers
|turn|61
|
|switch|p1a: Mandibuzz|Mandibuzz, F|190\/424
|move|p2a: Mandibuzz|Foul Play|p1a: Mandibuzz
|-resisted|p1a: Mandibuzz
|-damage|p1a: Mandibuzz|171\/424
|-damage|p2a: Mandibuzz|154\/424|[from] item: Rocky Helmet|[of] p1a: Mandibuzz
|
|-weather|Sandstorm|[upkeep]
|-heal|p2a: Mandibuzz|180\/424|[from] item: Leftovers
|turn|62
|
|move|p1a: Mandibuzz|Roost|p1a: Mandibuzz
|-heal|p1a: Mandibuzz|383\/424
|move|p2a: Mandibuzz|Foul Play|p1a: Mandibuzz
|-resisted|p1a: Mandibuzz
|-damage|p1a: Mandibuzz|361\/424
|-damage|p2a: Mandibuzz|110\/424|[from] item: Rocky Helmet|[of] p1a: Mandibuzz
|
|-weather|Sandstorm|[upkeep]
|-heal|p2a: Mandibuzz|136\/424|[from] item: Leftovers
|turn|63
|
|move|p1a: Mandibuzz|Taunt|p2a: Mandibuzz
|-start|p2a: Mandibuzz|move: Taunt
|move|p2a: Mandibuzz|Foul Play|p1a: Mandibuzz
|-resisted|p1a: Mandibuzz
|-damage|p1a: Mandibuzz|341\/424
|-damage|p2a: Mandibuzz|66\/424|[from] item: Rocky Helmet|[of] p1a: Mandibuzz
|
|-weather|none
|-heal|p2a: Mandibuzz|92\/424|[from] item: Leftovers
|turn|64
|
|move|p1a: Mandibuzz|Foul Play|p2a: Mandibuzz
|-resisted|p2a: Mandibuzz
|-damage|p2a: Mandibuzz|68\/424
|move|p2a: Mandibuzz|Foul Play|p1a: Mandibuzz
|-resisted|p1a: Mandibuzz
|-damage|p1a: Mandibuzz|320\/424
|-damage|p2a: Mandibuzz|0 fnt|[from] item: Rocky Helmet|[of] p1a: Mandibuzz
|faint|p2a: Mandibuzz
|
|
|switch|p2a: Greninja|Greninja, F|117\/286
|turn|65
|
|-start|p2a: Greninja|typechange|Ice|[from] Protean
|move|p2a: Greninja|Ice Beam|p1a: Mandibuzz
|-supereffective|p1a: Mandibuzz
|-damage|p1a: Mandibuzz|0 fnt
|faint|p1a: Mandibuzz
|
|
|switch|p1a: Greninja|Greninja, M|31\/286
|turn|66
|
|-start|p1a: Greninja|typechange|Water|[from] Protean
|move|p1a: Greninja|Hydro Pump|p2a: Greninja
|-damage|p2a: Greninja|0 fnt
|-damage|p1a: Greninja|3\/286|[from] item: Life Orb
|faint|p2a: Greninja
|
|
|switch|p2a: Conkeldurr|Conkeldurr, M|93\/414 tox
|turn|67
|
|switch|p1a: Porygon2|Porygon2|66\/374 par
|-ability|p1a: Porygon2|Guts|[from] ability: Trace|[of] p2a: Conkeldurr
|move|p2a: Conkeldurr|Mach Punch|p1a: Porygon2
|-supereffective|p1a: Porygon2
|-damage|p1a: Porygon2|0 fnt
|faint|p1a: Porygon2
|
|-damage|p2a: Conkeldurr|68\/414 tox|[from] psn
|
|switch|p1a: Greninja|Greninja, M|3\/286
|turn|68
|
|move|p2a: Conkeldurr|Mach Punch|p1a: Greninja
|-supereffective|p1a: Greninja
|-damage|p1a: Greninja|0 fnt
|faint|p1a: Greninja
|
|win|Meroz
|raw|Ladder updating...
|chat|Meroz|gg
|chat|Giant Steps|gg
|chat|Meroz|u wer
|chat|Meroz|the better player
|chat|Meroz|i got lucky
|raw|Ladder (probably) updated, but score could not be retrieved (timeout).
|raw|Ladder (probably) updated, but score could not be retrieved (Error: socket hang up).
|chat|Giant Steps|nah we both had a lucky crit 
|chat|Meroz|guesso
|chat|Meroz|still, very close
|chat|Giant Steps|yep, very fun game ^^
|chat|Meroz|nice to hav a gg bfore exams
|chat|Giant Steps|yea, school almost over haha
|chat|Giant Steps|:) 
|chat|Meroz|gonna start 2morrow for me
|chat|Meroz|:(
|chat|Giant Steps|well, good luck!
|chat|Meroz|thnx
|chat|Meroz|gonna need it
|leave|Giant Steps
|player|p1