|join|Meroz
|join|Bropoke
|player|p1|Meroz|163
|player|p2|Bropoke|154
|gametype|singles
|gen|6
|tier|OU
|rated
|clearpoke
|poke|p1|Thundurus, M
|poke|p1|Crawdaunt, M
|poke|p1|Mandibuzz, F
|poke|p1|Garchomp, M
|poke|p1|Greninja, M
|poke|p1|Talonflame, F
|poke|p2|Infernape, M
|poke|p2|Thundurus-Therian, M
|poke|p2|Rotom-Wash
|poke|p2|Skarmory, F
|poke|p2|Garchomp, M
|poke|p2|Pinsir, M
|rule|Sleep Clause Mod: Limit one foe put to sleep
|rule|Species Clause: Limit one of each Pokemon
|rule|OHKO Clause: OHKO moves are banned
|rule|Moody Clause: Moody is banned
|rule|Evasion Moves Clause: Evasion moves are banned
|rule|Endless Battle Clause: Forcing endless battles is banned.
|rule|HP Percentage Mod: HP is reported as percentages
|teampreview
|
|start
|switch|p1a: Thundurus|Thundurus, M|300\/300
|switch|p2a: Count Zapula|Thundurus-Therian, M|300\/300
|turn|1
|
|move|p2a: Count Zapula|Volt Switch|p1a: Thundurus
|-damage|p1a: Thundurus|128\/300
|
|switch|p2a: Scrotom|Rotom-Wash|304\/304
|move|p1a: Thundurus|Hidden Power|p2a: Scrotom
|-resisted|p2a: Scrotom
|-damage|p2a: Scrotom|281\/304
|
|-heal|p1a: Thundurus|146\/300|[from] item: Leftovers
|turn|2
|
|switch|p1a: Garchomp|Garchomp, M|358\/358
|move|p2a: Scrotom|Will-O-Wisp|p1a: Garchomp
|-status|p1a: Garchomp|brn
|
|-damage|p1a: Garchomp|314\/358 brn|[from] brn
|turn|3
|
|move|p1a: Garchomp|Outrage|p2a: Scrotom
|-damage|p2a: Scrotom|178\/304
|move|p2a: Scrotom|Hydro Pump|p1a: Garchomp
|-damage|p1a: Garchomp|154\/358 brn
|
|-damage|p1a: Garchomp|110\/358 brn|[from] brn
|turn|4
|
|switch|p2a: Silverwing|Skarmory, F|334\/334
|move|p1a: Garchomp|Outrage|p2a: Silverwing
|-resisted|p2a: Silverwing
|-damage|p2a: Silverwing|304\/334
|
|-heal|p2a: Silverwing|324\/334|[from] item: Leftovers
|-damage|p1a: Garchomp|66\/358 brn|[from] brn
|turn|5
|
|move|p1a: Garchomp|Outrage|p2a: Silverwing
|-resisted|p2a: Silverwing
|-damage|p2a: Silverwing|294\/334
|move|p2a: Silverwing|Stealth Rock|p1a: Garchomp
|-sidestart|p1: Meroz|move: Stealth Rock
|
|-end|p1a: Garchomp|rampage
|-start|p1a: Garchomp|confusion
|-heal|p2a: Silverwing|314\/334|[from] item: Leftovers
|-damage|p1a: Garchomp|22\/358 brn|[from] brn
|turn|6
|
|-activate|p1a: Garchomp|confusion
|move|p1a: Garchomp|Outrage|p2a: Silverwing
|-resisted|p2a: Silverwing
|-damage|p2a: Silverwing|284\/334
|move|p2a: Silverwing|Whirlwind|p1a: Garchomp
|drag|p1a: Thundurus|Thundurus, M|146\/300
|-damage|p1a: Thundurus|71\/300|[from] Stealth Rock
|
|-heal|p1a: Thundurus|89\/300|[from] item: Leftovers
|-heal|p2a: Silverwing|304\/334|[from] item: Leftovers
|turn|7
|
|switch|p2a: Scrotom|Rotom-Wash|178\/304
|move|p1a: Thundurus|Thunderbolt|p2a: Scrotom
|-damage|p2a: Scrotom|61\/304
|
|-heal|p1a: Thundurus|107\/300|[from] item: Leftovers
|turn|8
|
|switch|p2a: Count Zapula|Thundurus-Therian, M|300\/300
|move|p1a: Thundurus|Thunderbolt|p2a: Count Zapula
|-immune|p2a: Count Zapula|[msg]
|
|-heal|p1a: Thundurus|125\/300|[from] item: Leftovers
|turn|9
|
|switch|p1a: Garchomp|Garchomp, M|22\/358 brn
|-damage|p1a: Garchomp|0 fnt|[from] Stealth Rock
|faint|p1a: Garchomp
|move|p2a: Count Zapula|Volt Switch|p1: Garchomp|[notarget]
|-notarget
|
|
|switch|p1a: Mandibuzz|Mandibuzz, F|424\/424
|-damage|p1a: Mandibuzz|318\/424|[from] Stealth Rock
|turn|10
|
|move|p2a: Count Zapula|Volt Switch|p1a: Mandibuzz
|-supereffective|p1a: Mandibuzz
|-damage|p1a: Mandibuzz|30\/424
|
|switch|p2a: Pinsir|Pinsir, M|271\/271
|move|p1a: Mandibuzz|Defog|p2a: Pinsir
|-unboost|p2a: Pinsir|evasion|1
|-sideend|p1: Meroz|Stealth Rock|[from] move: Defog|[of] p1a: Mandibuzz
|
|-heal|p1a: Mandibuzz|56\/424|[from] item: Leftovers
|turn|11
|
|move|p2a: Pinsir|Swords Dance|p2a: Pinsir
|-boost|p2a: Pinsir|atk|2
|move|p1a: Mandibuzz|Foul Play|p2a: Pinsir
|-damage|p2a: Pinsir|0 fnt
|faint|p2a: Pinsir
|
|-heal|p1a: Mandibuzz|82\/424|[from] item: Leftovers
|
|switch|p2a: Count Zapula|Thundurus-Therian, M|300\/300
|turn|12
|
|move|p2a: Count Zapula|Volt Switch|p1a: Mandibuzz
|-supereffective|p1a: Mandibuzz
|-damage|p1a: Mandibuzz|0 fnt
|faint|p1a: Mandibuzz
|
|switch|p2a: Silverwing|Skarmory, F|304\/334
|
|-heal|p2a: Silverwing|324\/334|[from] item: Leftovers
|
|switch|p1a: Crawdaunt|Crawdaunt, M|268\/268
|turn|13
|
|move|p1a: Crawdaunt|Knock Off|p2a: Silverwing
|-damage|p2a: Silverwing|152\/334
|-enditem|p2a: Silverwing|Leftovers|[from] move: Knock Off|[of] p1a: Crawdaunt
|-damage|p1a: Crawdaunt|242\/268|[from] item: Life Orb
|move|p2a: Silverwing|Stealth Rock|p1a: Crawdaunt
|-sidestart|p1: Meroz|move: Stealth Rock
|
|turn|14
|
|move|p1a: Crawdaunt|Crabhammer|p2a: Silverwing
|-damage|p2a: Silverwing|0 fnt
|-damage|p1a: Crawdaunt|216\/268|[from] item: Life Orb
|faint|p2a: Silverwing
|
|
|switch|p2a: Count Zapula|Thundurus-Therian, M|300\/300
|turn|15
|
|move|p1a: Crawdaunt|Aqua Jet|p2a: Count Zapula
|-damage|p2a: Count Zapula|118\/300
|-damage|p1a: Crawdaunt|190\/268|[from] item: Life Orb
|move|p2a: Count Zapula|Volt Switch|p1a: Crawdaunt
|-supereffective|p1a: Crawdaunt
|-damage|p1a: Crawdaunt|0 fnt
|faint|p1a: Crawdaunt
|
|switch|p2a: Ripjaws|Garchomp, M|358\/358
|
|
|switch|p1a: Thundurus|Thundurus, M|125\/300
|-damage|p1a: Thundurus|50\/300|[from] Stealth Rock
|turn|16
|
|switch|p2a: Scrotom|Rotom-Wash|61\/304
|move|p1a: Thundurus|Hidden Power|p2a: Scrotom
|-resisted|p2a: Scrotom
|-damage|p2a: Scrotom|36\/304
|
|-heal|p1a: Thundurus|68\/300|[from] item: Leftovers
|turn|17
|
|move|p1a: Thundurus|Thunderbolt|p2a: Scrotom
|-damage|p2a: Scrotom|0 fnt
|faint|p2a: Scrotom
|
|-heal|p1a: Thundurus|86\/300|[from] item: Leftovers
|
|switch|p2a: Count Zapula|Thundurus-Therian, M|118\/300
|turn|18
|
|move|p2a: Count Zapula|Volt Switch|p1a: Thundurus
|-damage|p1a: Thundurus|0 fnt
|faint|p1a: Thundurus
|
|switch|p2a: Mojo|Infernape, M|293\/293
|
|
|switch|p1a: Talonflame|Talonflame, F|298\/298
|-damage|p1a: Talonflame|149\/298|[from] Stealth Rock
|turn|19
|
|move|p1a: Talonflame|Brave Bird|p2a: Mojo
|-crit|p2a: Mojo
|-supereffective|p2a: Mojo
|-damage|p2a: Mojo|0 fnt
|-damage|p1a: Talonflame|52\/298|[from] recoil|[of] p2a: Mojo
|faint|p2a: Mojo
|
|
|switch|p2a: Ripjaws|Garchomp, M|358\/358
|turn|20
|
|move|p1a: Talonflame|Brave Bird|p2a: Ripjaws
|-damage|p2a: Ripjaws|120\/358
|-damage|p1a: Talonflame|0 fnt|[from] recoil|[of] p2a: Ripjaws
|faint|p1a: Talonflame
|move|p2a: Ripjaws|Rock Slide|p1: Talonflame|[notarget]
|-notarget
|
|
|switch|p1a: Greninja|Greninja, M|286\/286
|-damage|p1a: Greninja|251\/286|[from] Stealth Rock
|turn|21
|
|-start|p1a: Greninja|typechange|Ice|[from] Protean
|move|p1a: Greninja|Ice Beam|p2a: Ripjaws
|-supereffective|p2a: Ripjaws
|-enditem|p2a: Ripjaws|Yache Berry|[eat]
|-damage|p2a: Ripjaws|0 fnt
|-damage|p1a: Greninja|223\/286|[from] item: Life Orb
|faint|p2a: Ripjaws
|
|
|switch|p2a: Count Zapula|Thundurus-Therian, M|118\/300
|turn|22
|
|move|p2a: Count Zapula|Thunderbolt|p1a: Greninja
|-damage|p1a: Greninja|0 fnt
|faint|p1a: Greninja
|
|win|Bropoke
|raw|Ladder updating...
|raw|Meroz's rating: 1452 &rarr; <strong>1431<\/strong><br \/>(-21 for losing)
|raw|Bropoke's rating: 1449 &rarr; <strong>1469<\/strong><br \/>(+20 for winning)
|leave|Meroz
|player|p1