|join|Meroz
|join|LadySovereign
|player|p1|Meroz|92
|player|p2|LadySovereign|211
|gametype|singles
|gen|6
|tier|OU
|rated
|clearpoke
|poke|p1|Beedrill, M, shiny
|poke|p1|Magnezone
|poke|p1|Latias, F, shiny
|poke|p1|Rotom-Wash
|poke|p1|Heatran, M
|poke|p1|Keldeo-Resolute
|poke|p2|Gyarados, F
|poke|p2|Celebi
|poke|p2|Zapdos
|poke|p2|Scizor, M
|poke|p2|Alakazam, F
|poke|p2|Mamoswine, M
|rule|Swagger Clause: Swagger is banned
|rule|Baton Pass Clause: Limit one PokÃ©mon knowing Baton Pass
|rule|Sleep Clause Mod: Limit one foe put to sleep
|rule|Species Clause: Limit one of each PokÃ©mon
|rule|OHKO Clause: OHKO moves are banned
|rule|Moody Clause: Moody is banned
|rule|Evasion Moves Clause: Evasion moves are banned
|rule|Endless Battle Clause: Forcing endless battles is banned
|rule|HP Percentage Mod: HP is shown in percentages
|teampreview
|
|start
|switch|p1a: B-drill|Beedrill, M, shiny|271\/271
|switch|p2a: Zapdos|Zapdos|383\/383
|-ability|p2a: Zapdos|Pressure
|turn|1
|
|detailschange|p1a: B-drill|Beedrill-Mega, M, shiny
|-mega|p1a: B-drill|Beedrill|Beedrillite
|move|p1a: B-drill|Protect|p1a: B-drill
|-singleturn|p1a: B-drill|Protect
|move|p2a: Zapdos|Extrasensory|p1a: B-drill
|-activate|p1a: B-drill|Protect
|
|turn|2
|
|move|p1a: B-drill|U-turn|p2a: Zapdos
|-resisted|p2a: Zapdos
|-damage|p2a: Zapdos|281\/383
|
|switch|p1a: Heatran|Heatran, M|386\/386
|move|p2a: Zapdos|Roost|p2a: Zapdos
|-heal|p2a: Zapdos|383\/383
|
|turn|3
|
|switch|p2a: Gyarados|Gyarados, F|393\/393
|-ability|p2a: Gyarados|Intimidate|[of] p1a: Heatran
|-unboost|p1a: Heatran|atk|1
|move|p1a: Heatran|Stealth Rock|p2a: Gyarados
|-sidestart|p2: LadySovereign|move: Stealth Rock
|
|turn|4
|
|switch|p1a: RainbowDash|Keldeo-Resolute|323\/323
|detailschange|p2a: Gyarados|Gyarados-Mega, F
|-mega|p2a: Gyarados|Gyarados|Gyaradosite
|-ability|p2a: Gyarados|Mold Breaker
|move|p2a: Gyarados|Waterfall|p1a: RainbowDash
|-resisted|p1a: RainbowDash
|-damage|p1a: RainbowDash|244\/323
|
|turn|5
|
|switch|p1a: B-drill|Beedrill-Mega, M, shiny|271\/271
|switch|p2a: Celebi|Celebi|403\/403
|-damage|p2a: Celebi|353\/403|[from] Stealth Rock
|
|turn|6
|
|switch|p2a: Zapdos|Zapdos|383\/383
|-damage|p2a: Zapdos|288\/383|[from] Stealth Rock
|-ability|p2a: Zapdos|Pressure
|move|p1a: B-drill|U-turn|p2a: Zapdos
|-resisted|p2a: Zapdos
|-damage|p2a: Zapdos|190\/383
|
|switch|p1a: Heatran|Heatran, M|386\/386
|
|-heal|p2a: Zapdos|213\/383|[from] item: Leftovers
|turn|7
|
|move|p2a: Zapdos|Roost|p2a: Zapdos
|-heal|p2a: Zapdos|383\/383
|move|p1a: Heatran|Toxic|p2a: Zapdos
|-status|p2a: Zapdos|tox
|
|-damage|p2a: Zapdos|360\/383 tox|[from] psn
|turn|8
|
|switch|p2a: Gyarados|Gyarados-Mega, F|393\/393
|-damage|p2a: Gyarados|344\/393|[from] Stealth Rock
|-ability|p2a: Gyarados|Mold Breaker
|move|p1a: Heatran|Stealth Rock|p2a: Gyarados
|-fail|p2a: Gyarados
|
|turn|9
|
|switch|p1a: Bosch|Rotom-Wash|303\/303
|move|p2a: Gyarados|Waterfall|p1a: Bosch
|-resisted|p1a: Bosch
|-damage|p1a: Bosch|260\/303
|
|-heal|p1a: Bosch|278\/303|[from] item: Leftovers
|turn|10
|
|move|p1a: Bosch|Volt Switch|p2a: Gyarados
|-supereffective|p2a: Gyarados
|-damage|p2a: Gyarados|210\/393
|
|switch|p1a: RainbowDash|Keldeo-Resolute|244\/323
|move|p2a: Gyarados|Crunch|p1a: RainbowDash
|-resisted|p1a: RainbowDash
|-damage|p1a: RainbowDash|164\/323
|-boost|p1a: RainbowDash|atk|1|[from] ability: Justified
|
|turn|11
|
|switch|p2a: Celebi|Celebi|353\/403
|-damage|p2a: Celebi|303\/403|[from] Stealth Rock
|move|p1a: RainbowDash|Secret Sword|p2a: Celebi
|-resisted|p2a: Celebi
|-damage|p2a: Celebi|234\/403
|
|turn|12
|
|switch|p1a: Heatran|Heatran, M|386\/386
|move|p2a: Celebi|Psychic|p1a: Heatran
|-resisted|p1a: Heatran
|-damage|p1a: Heatran|335\/386
|-damage|p2a: Celebi|194\/403|[from] item: Life Orb
|
|-heal|p1a: Heatran|359\/386|[from] item: Leftovers
|turn|13
|
|switch|p2a: Gyarados|Gyarados-Mega, F|210\/393
|-damage|p2a: Gyarados|161\/393|[from] Stealth Rock
|-ability|p2a: Gyarados|Mold Breaker
|move|p1a: Heatran|Lava Plume|p2a: Gyarados
|-resisted|p2a: Gyarados
|-damage|p2a: Gyarados|122\/393
|
|-heal|p1a: Heatran|383\/386|[from] item: Leftovers
|turn|14
|
|switch|p1a: Bosch|Rotom-Wash|278\/303
|move|p2a: Gyarados|Rest|p2a: Gyarados
|-status|p2a: Gyarados|slp
|-heal|p2a: Gyarados|393\/393 slp|[silent]
|-status|p2a: Gyarados|slp|[from] move: Rest
|
|-heal|p1a: Bosch|296\/303|[from] item: Leftovers
|turn|15
|
|move|p1a: Bosch|Volt Switch|p2a: Gyarados
|-supereffective|p2a: Gyarados
|-damage|p2a: Gyarados|277\/393 slp
|
|switch|p1a: RainbowDash|Keldeo-Resolute|164\/323
|cant|p2a: Gyarados|slp
|move|p2a: Gyarados|Sleep Talk|p2a: Gyarados
|move|p2a: Gyarados|Waterfall|p1a: RainbowDash|[from]Sleep Talk
|-resisted|p1a: RainbowDash
|-damage|p1a: RainbowDash|94\/323
|
|turn|16
|
|switch|p2a: Celebi|Celebi|194\/403
|-damage|p2a: Celebi|144\/403|[from] Stealth Rock
|move|p1a: RainbowDash|Secret Sword|p2a: Celebi
|-resisted|p2a: Celebi
|-damage|p2a: Celebi|78\/403
|
|turn|17
|
|switch|p1a: Heatran|Heatran, M|383\/386
|move|p2a: Celebi|Recover|p2a: Celebi
|-heal|p2a: Celebi|280\/403
|
|-heal|p1a: Heatran|386\/386|[from] item: Leftovers
|turn|18
|
|switch|p2a: Zapdos|Zapdos|360\/383 tox
|-damage|p2a: Zapdos|265\/383 tox|[from] Stealth Rock
|-ability|p2a: Zapdos|Pressure
|move|p1a: Heatran|Roar|p2a: Zapdos
|drag|p2a: Alakazam|Alakazam, F|251\/251
|
|turn|19
|
|switch|p2a: Zapdos|Zapdos|265\/383 tox
|-damage|p2a: Zapdos|170\/383 tox|[from] Stealth Rock
|-ability|p2a: Zapdos|Pressure
|move|p1a: Heatran|Lava Plume|p2a: Zapdos
|-crit|p2a: Zapdos
|-damage|p2a: Zapdos|0 fnt
|faint|p2a: Zapdos
|
|c|âLadySovereign|you have a well built team
|c|âMeroz|not mine
|c|âMeroz|check out B-drilled rmt
|c|âLadySovereign|ill check it out
|c|âLadySovereign|i made this team but zapdos used to be gliscor
|
|switch|p2a: Gyarados|Gyarados-Mega, F|277\/393 slp
|-damage|p2a: Gyarados|228\/393 slp|[from] Stealth Rock
|-ability|p2a: Gyarados|Mold Breaker
|turn|20
|
|switch|p1a: Bosch|Rotom-Wash|296\/303
|cant|p2a: Gyarados|slp
|move|p2a: Gyarados|Sleep Talk|p2a: Gyarados
|move|p2a: Gyarados|Rest|p2a: Gyarados|[from]Sleep Talk
|-fail|p2a: Gyarados
|
|-heal|p1a: Bosch|303\/303|[from] item: Leftovers
|turn|21
|
|move|p1a: Bosch|Volt Switch|p2a: Gyarados
|-supereffective|p2a: Gyarados
|-damage|p2a: Gyarados|112\/393 slp
|
|switch|p1a: Magneto|Magnezone|324\/324
|-curestatus|p2a: Gyarados|slp
|move|p2a: Gyarados|Rest|p2a: Gyarados
|-status|p2a: Gyarados|slp
|-heal|p2a: Gyarados|393\/393 slp|[silent]
|-status|p2a: Gyarados|slp|[from] move: Rest
|
|turn|22
|
|switch|p2a: Celebi|Celebi|280\/403
|-damage|p2a: Celebi|230\/403|[from] Stealth Rock
|move|p1a: Magneto|Thunderbolt|p2a: Celebi
|-resisted|p2a: Celebi
|-damage|p2a: Celebi|117\/403
|
|turn|23
|
|switch|p1a: Heatran|Heatran, M|386\/386
|move|p2a: Celebi|Stealth Rock|p1a: Heatran
|-sidestart|p1: Meroz|move: Stealth Rock
|
|turn|24
|
|switch|p2a: Gyarados|Gyarados-Mega, F|393\/393 slp
|-damage|p2a: Gyarados|344\/393 slp|[from] Stealth Rock
|-ability|p2a: Gyarados|Mold Breaker
|switch|p1a: B-drill|Beedrill-Mega, M, shiny|271\/271
|-damage|p1a: B-drill|204\/271|[from] Stealth Rock
|
|turn|25
|
|switch|p2a: Scizor|Scizor, M|281\/281
|-damage|p2a: Scizor|246\/281|[from] Stealth Rock
|move|p1a: B-drill|U-turn|p2a: Scizor
|-resisted|p2a: Scizor
|-damage|p2a: Scizor|161\/281
|
|switch|p1a: Magneto|Magnezone|324\/324
|-damage|p1a: Magneto|304\/324|[from] Stealth Rock
|
|turn|26
|
|move|p2a: Scizor|U-turn|p1a: Magneto
|-resisted|p1a: Magneto
|-damage|p1a: Magneto|246\/324
|
|switch|p2a: Mamoswine|Mamoswine, M|361\/361
|-damage|p2a: Mamoswine|316\/361|[from] Stealth Rock
|move|p1a: Magneto|Hidden Power|p2a: Mamoswine
|-supereffective|p2a: Mamoswine
|-damage|p2a: Mamoswine|140\/361
|
|turn|27
|
|switch|p1a: Bosch|Rotom-Wash|303\/303
|-damage|p1a: Bosch|266\/303|[from] Stealth Rock
|move|p2a: Mamoswine|Knock Off|p1a: Bosch
|-damage|p1a: Bosch|182\/303
|-enditem|p1a: Bosch|Leftovers|[from] move: Knock Off|[of] p2a: Mamoswine
|
|turn|28
|
|switch|p2a: Celebi|Celebi|117\/403
|-damage|p2a: Celebi|67\/403|[from] Stealth Rock
|move|p1a: Bosch|Volt Switch|p2a: Celebi
|-crit|p2a: Celebi
|-resisted|p2a: Celebi
|-damage|p2a: Celebi|13\/403
|
|switch|p1a: B-drill|Beedrill-Mega, M, shiny|204\/271
|-damage|p1a: B-drill|137\/271|[from] Stealth Rock
|
|turn|29
|
|move|p1a: B-drill|U-turn|p2a: Celebi
|-supereffective|p2a: Celebi
|-damage|p2a: Celebi|0 fnt
|faint|p2a: Celebi
|
|switch|p1a: Bosch|Rotom-Wash|182\/303
|-damage|p1a: Bosch|145\/303|[from] Stealth Rock
|
|
|switch|p2a: Alakazam|Alakazam, F|251\/251
|turn|30
|
|switch|p1a: Latias|Latias, F, shiny|363\/363
|-damage|p1a: Latias|318\/363|[from] Stealth Rock
|move|p2a: Alakazam|Psyshock|p1a: Latias
|-resisted|p1a: Latias
|-damage|p1a: Latias|240\/363
|
|-heal|p1a: Latias|262\/363|[from] item: Leftovers
|turn|31
|
|switch|p2a: Gyarados|Gyarados-Mega, F|344\/393 slp
|-damage|p2a: Gyarados|295\/393 slp|[from] Stealth Rock
|-ability|p2a: Gyarados|Mold Breaker
|move|p1a: Latias|Defog|p2a: Gyarados
|-unboost|p2a: Gyarados|evasion|1
|-sideend|p2: LadySovereign|Stealth Rock|[from] move: Defog|[of] p2a: Gyarados
|-sideend|p1: Meroz|Stealth Rock|[from] move: Defog|[of] p1a: Latias
|
|-heal|p1a: Latias|284\/363|[from] item: Leftovers
|turn|32
|
|move|p1a: Latias|Dragon Pulse|p2a: Gyarados
|-damage|p2a: Gyarados|216\/393 slp
|cant|p2a: Gyarados|slp
|move|p2a: Gyarados|Sleep Talk|p2a: Gyarados
|move|p2a: Gyarados|Waterfall|p1a: Latias|[from]Sleep Talk
|-resisted|p1a: Latias
|-damage|p1a: Latias|206\/363
|
|-heal|p1a: Latias|228\/363|[from] item: Leftovers
|turn|33
|
|move|p1a: Latias|Dragon Pulse|p2a: Gyarados
|-damage|p2a: Gyarados|137\/393 slp
|cant|p2a: Gyarados|slp
|move|p2a: Gyarados|Sleep Talk|p2a: Gyarados
|move|p2a: Gyarados|Waterfall|p1a: Latias|[from]Sleep Talk
|-resisted|p1a: Latias
|-damage|p1a: Latias|156\/363
|
|-heal|p1a: Latias|178\/363|[from] item: Leftovers
|turn|34
|
|move|p1a: Latias|Dragon Pulse|p2a: Gyarados
|-damage|p2a: Gyarados|53\/393 slp
|-curestatus|p2a: Gyarados|slp
|move|p2a: Gyarados|Rest|p2a: Gyarados
|-status|p2a: Gyarados|slp
|-heal|p2a: Gyarados|393\/393 slp|[silent]
|-status|p2a: Gyarados|slp|[from] move: Rest
|
|-heal|p1a: Latias|200\/363|[from] item: Leftovers
|turn|35
|
|move|p1a: Latias|Dragon Pulse|p2a: Gyarados
|-damage|p2a: Gyarados|314\/393 slp
|cant|p2a: Gyarados|slp
|move|p2a: Gyarados|Sleep Talk|p2a: Gyarados
|move|p2a: Gyarados|Waterfall|p1a: Latias|[from]Sleep Talk
|-resisted|p1a: Latias
|-damage|p1a: Latias|131\/363
|
|-heal|p1a: Latias|153\/363|[from] item: Leftovers
|turn|36
|
|move|p1a: Latias|Roost|p1a: Latias
|-heal|p1a: Latias|335\/363
|cant|p2a: Gyarados|slp
|move|p2a: Gyarados|Sleep Talk|p2a: Gyarados
|move|p2a: Gyarados|Rest|p2a: Gyarados|[from]Sleep Talk
|-fail|p2a: Gyarados
|
|-heal|p1a: Latias|357\/363|[from] item: Leftovers
|turn|37
|
|move|p1a: Latias|Dragon Pulse|p2a: Gyarados
|-damage|p2a: Gyarados|241\/393 slp
|-curestatus|p2a: Gyarados|slp
|move|p2a: Gyarados|Crunch|p1a: Latias
|-supereffective|p1a: Latias
|-damage|p1a: Latias|67\/363
|
|-heal|p1a: Latias|89\/363|[from] item: Leftovers
|turn|38
|
|move|p1a: Latias|Dragon Pulse|p2a: Gyarados
|-damage|p2a: Gyarados|165\/393
|move|p2a: Gyarados|Waterfall|p1a: Latias
|-resisted|p1a: Latias
|-damage|p1a: Latias|17\/363
|
|-heal|p1a: Latias|39\/363|[from] item: Leftovers
|turn|39
|
|move|p1a: Latias|Roost|p1a: Latias
|-heal|p1a: Latias|221\/363
|move|p2a: Gyarados|Rest|p2a: Gyarados
|-status|p2a: Gyarados|slp
|-heal|p2a: Gyarados|393\/393 slp|[silent]
|-status|p2a: Gyarados|slp|[from] move: Rest
|
|-heal|p1a: Latias|243\/363|[from] item: Leftovers
|turn|40
|
|move|p1a: Latias|Dragon Pulse|p2a: Gyarados
|-damage|p2a: Gyarados|320\/393 slp
|cant|p2a: Gyarados|slp
|move|p2a: Gyarados|Sleep Talk|p2a: Gyarados
|move|p2a: Gyarados|Rest|p2a: Gyarados|[from]Sleep Talk
|-fail|p2a: Gyarados
|
|-heal|p1a: Latias|265\/363|[from] item: Leftovers
|turn|41
|
|move|p1a: Latias|Dragon Pulse|p2a: Gyarados
|-damage|p2a: Gyarados|238\/393 slp
|cant|p2a: Gyarados|slp
|move|p2a: Gyarados|Sleep Talk|p2a: Gyarados
|move|p2a: Gyarados|Waterfall|p1a: Latias|[from]Sleep Talk
|-crit|p1a: Latias
|-resisted|p1a: Latias
|-damage|p1a: Latias|149\/363
|
|-heal|p1a: Latias|171\/363|[from] item: Leftovers
|turn|42
|c|âMeroz|unlucky man
|c|âLadySovereign|i know i just want him to hit crunch while at decent HP
|c|âLadySovereign|hes a dick head
|
|move|p1a: Latias|Dragon Pulse|p2a: Gyarados
|-damage|p2a: Gyarados|162\/393 slp
|-curestatus|p2a: Gyarados|slp
|move|p2a: Gyarados|Rest|p2a: Gyarados
|-status|p2a: Gyarados|slp
|-heal|p2a: Gyarados|393\/393 slp|[silent]
|-status|p2a: Gyarados|slp|[from] move: Rest
|
|-heal|p1a: Latias|193\/363|[from] item: Leftovers
|turn|43
|
|move|p1a: Latias|Dragon Pulse|p2a: Gyarados
|-damage|p2a: Gyarados|317\/393 slp
|cant|p2a: Gyarados|slp
|move|p2a: Gyarados|Sleep Talk|p2a: Gyarados
|move|p2a: Gyarados|Crunch|p1a: Latias|[from]Sleep Talk
|-supereffective|p1a: Latias
|-damage|p1a: Latias|0 fnt
|faint|p1a: Latias
|
|
|switch|p1a: B-drill|Beedrill-Mega, M, shiny|137\/271
|turn|44
|c|âLadySovereign|thank you
|c|âMeroz|that took too long
|
|switch|p2a: Scizor|Scizor, M|161\/281
|move|p1a: B-drill|U-turn|p2a: Scizor
|-resisted|p2a: Scizor
|-damage|p2a: Scizor|76\/281
|c|âLadySovereign|right
|
|switch|p1a: RainbowDash|Keldeo-Resolute|94\/323
|
|turn|45
|c|âLadySovereign|could have been done like 5 turns ago
|
|move|p1a: RainbowDash|Secret Sword|p2a: Scizor
|-damage|p2a: Scizor|0 fnt
|faint|p2a: Scizor
|
|
|switch|p2a: Alakazam|Alakazam, F|251\/251
|turn|46
|c|âLadySovereign|its gg
|
|switch|p1a: Magneto|Magnezone|246\/324
|move|p2a: Alakazam|Psyshock|p1a: Magneto
|-resisted|p1a: Magneto
|-damage|p1a: Magneto|181\/324
|
|turn|47
|c|âMeroz|maybe
|c|âLadySovereign|if this keldeo wasnt scarfed i would have had a chance
|c|âMeroz|how do you know its scarfed?
|c|âLadySovereign|my scizor is scarfed
|
|move|p2a: Alakazam|Focus Blast|p1a: Magneto
|-supereffective|p1a: Magneto
|-damage|p1a: Magneto|0 fnt
|faint|p1a: Magneto
|
|c|âMeroz|scarf scizor?
|c|âMeroz|that is cool
|c|âLadySovereign|yeah
|
|switch|p1a: B-drill|Beedrill-Mega, M, shiny|137\/271
|turn|48
|c|âLadySovereign|hes unexpected
|c|âLadySovereign|still powerful too
|c|âMeroz|thats why it outsped my magnezone
|
|move|p1a: B-drill|U-turn|p2a: Alakazam
|-supereffective|p2a: Alakazam
|-enditem|p2a: Alakazam|Focus Sash
|-damage|p2a: Alakazam|1\/251
|c|âLadySovereign|yeah lol
|
|switch|p1a: Heatran|Heatran, M|386\/386
|move|p2a: Alakazam|Focus Blast|p1a: Heatran
|-supereffective|p1a: Heatran
|-damage|p1a: Heatran|200\/386
|
|-heal|p1a: Heatran|224\/386|[from] item: Leftovers
|turn|49
|
|switch|p2a: Gyarados|Gyarados-Mega, F|317\/393 slp
|-ability|p2a: Gyarados|Mold Breaker
|switch|p1a: Bosch|Rotom-Wash|145\/303
|
|turn|50
|
|move|p1a: Bosch|Pain Split|p2a: Gyarados
|-sethp|p2a: Gyarados|231\/393 slp|p1a: Bosch|231\/303|[from] move: Pain Split
|cant|p2a: Gyarados|slp
|move|p2a: Gyarados|Sleep Talk|p2a: Gyarados
|move|p2a: Gyarados|Waterfall|p1a: Bosch|[from]Sleep Talk
|-crit|p1a: Bosch
|-resisted|p1a: Bosch
|-damage|p1a: Bosch|156\/303
|
|turn|51
|c|âMeroz|i thought you ran absolute max
|
|move|p1a: Bosch|Pain Split|p2a: Gyarados
|-sethp|p2a: Gyarados|193\/393 slp|p1a: Bosch|193\/303|[from] move: Pain Split
|-curestatus|p2a: Gyarados|slp
|move|p2a: Gyarados|Waterfall|p1a: Bosch
|-resisted|p1a: Bosch
|-damage|p1a: Bosch|148\/303
|
|turn|52
|c|âMeroz|as in jolly 252
|
|move|p1a: Bosch|Volt Switch|p2a: Gyarados
|-supereffective|p2a: Gyarados
|-damage|p2a: Gyarados|71\/393
|c|âLadySovereign|yeah
|
|switch|p1a: B-drill|Beedrill-Mega, M, shiny|137\/271
|move|p2a: Gyarados|Waterfall|p1a: B-drill
|-damage|p1a: B-drill|0 fnt
|faint|p1a: B-drill
|
|
|switch|p1a: RainbowDash|Keldeo-Resolute|94\/323
|turn|53
|c|âMeroz|didnt expect a scarf
|c|âLadySovereign|gg fer sure
|c|âMeroz|gg
|
|move|p1a: RainbowDash|Secret Sword|p2a: Gyarados
|-supereffective|p2a: Gyarados
|-damage|p2a: Gyarados|0 fnt
|faint|p2a: Gyarados
|
|
|switch|p2a: Mamoswine|Mamoswine, M|140\/361
|turn|54
|c|âLadySovereign|this mamoswine is also scarfed
|
|move|p1a: RainbowDash|Secret Sword|p2a: Mamoswine
|-supereffective|p2a: Mamoswine
|-damage|p2a: Mamoswine|0 fnt
|faint|p2a: Mamoswine
|
|c|âMeroz|lol
|c|âLadySovereign|lol
|
|switch|p2a: Alakazam|Alakazam, F|1\/251
|turn|55
|c|âMeroz|run scarf gyara with moxie
|c|âMeroz|im sure it might work
|
|move|p1a: RainbowDash|Secret Sword|p2a: Alakazam
|-resisted|p2a: Alakazam
|-damage|p2a: Alakazam|0 fnt
|faint|p2a: Alakazam
|
|win|Meroz
|raw|Ladder updating...
|c|âMeroz|gg
|raw|Meroz's rating: 1456 &rarr; <strong>1473<\/strong><br \/>(+17 for winning)
|raw|LadySovereign's rating: 1398 &rarr; <strong>1382<\/strong><br \/>(-16 for losing)
|c|âLadySovereign|yeah i think i have to abandon
|c|âLadySovereign|him
|c|âLadySovereign|gg though
|leave|LadySovereign
|player|p2
|leave|Meroz
|player|p1
|join|Meroz