|join|Meroz
|join|.07 lead
|player|p1|Meroz|163
|player|p2|.07 lead|238
|gametype|singles
|gen|6
|tier|OU
|rated
|clearpoke
|poke|p1|Sharpedo, M
|poke|p1|Keldeo
|poke|p1|Pinsir, M
|poke|p1|Heatran, M
|poke|p1|Excadrill, F
|poke|p1|Talonflame, F
|poke|p2|Banette, M
|poke|p2|Aegislash, M
|poke|p2|Forretress, F
|poke|p2|Hydreigon, M
|poke|p2|Moltres
|poke|p2|Gliscor, F
|rule|Sleep Clause Mod: Limit one foe put to sleep
|rule|Species Clause: Limit one of each Pokemon
|rule|OHKO Clause: OHKO moves are banned
|rule|Moody Clause: Moody is banned
|rule|Evasion Moves Clause: Evasion moves are banned
|rule|Endless Battle Clause: Forcing endless battles is banned.
|rule|HP Percentage Mod: HP is reported as percentages
|teampreview
|
|start
|switch|p1a: Talonflame|Talonflame, F|298\/298
|switch|p2a: Hydreigon|Hydreigon, M|325\/325
|turn|1
|
|switch|p2a: Gliscor|Gliscor, F|354\/354
|move|p1a: Talonflame|U-turn|p2a: Gliscor
|-resisted|p2a: Gliscor
|-damage|p2a: Gliscor|334\/354
|
|switch|p1a: Keldeo|Keldeo|323\/323
|
|-status|p2a: Gliscor|tox|[from] item: Toxic Orb
|turn|2
|
|switch|p2a: Forretress|Forretress, F|354\/354
|move|p1a: Keldeo|Hydro Pump|p2a: Forretress
|-activate|p2a: Forretress|Sturdy
|-damage|p2a: Forretress|1\/354
|-enditem|p2a: Forretress|Red Card|[of] p1a: Keldeo
|drag|p1a: Pinsir|Pinsir, M|271\/271
|
|turn|3
|
|-formechange|p1a: Pinsir|Pinsir-Mega
|message|Pinsir has Mega Evolved into Mega Pinsir!
|move|p1a: Pinsir|Swords Dance|p1a: Pinsir
|-boost|p1a: Pinsir|atk|2
|move|p2a: Forretress|Stealth Rock|p1a: Pinsir
|-sidestart|p1: Meroz|move: Stealth Rock
|
|turn|4
|
|move|p1a: Pinsir|Swords Dance|p1a: Pinsir
|-boost|p1a: Pinsir|atk|2
|move|p2a: Forretress|Volt Switch|p1a: Pinsir
|-supereffective|p1a: Pinsir
|-damage|p1a: Pinsir|193\/271
|
|switch|p2a: Moltres|Moltres|322\/322
|-ability|p2a: Moltres|Pressure
|
|turn|5
|
|move|p2a: Moltres|Fire Blast|p1a: Pinsir
|-supereffective|p1a: Pinsir
|-damage|p1a: Pinsir|0 fnt
|faint|p1a: Pinsir
|
|chat|.07 lead|:]
|
|switch|p1a: Sharpedo|Sharpedo, M|281\/281
|-damage|p1a: Sharpedo|246\/281|[from] Stealth Rock
|turn|6
|
|move|p2a: Moltres|Fire Blast|p1a: Sharpedo|[miss]
|-miss|p2a: Moltres|p1a: Sharpedo
|move|p1a: Sharpedo|Waterfall|p2a: Moltres
|-supereffective|p2a: Moltres
|-damage|p2a: Moltres|0 fnt
|-damage|p1a: Sharpedo|218\/281|[from] item: Life Orb
|faint|p2a: Moltres
|
|-boost|p1a: Sharpedo|spe|1|[from] ability: Speed Boost
|chat|.07 lead|uh oh
|
|switch|p2a: Hydreigon|Hydreigon, M|325\/325
|turn|7
|
|switch|p1a: Heatran|Heatran, M|386\/386
|-damage|p1a: Heatran|338\/386|[from] Stealth Rock
|move|p2a: Hydreigon|Superpower|p1a: Heatran
|-supereffective|p1a: Heatran
|-damage|p1a: Heatran|88\/386
|-unboost|p2a: Hydreigon|atk|1
|-unboost|p2a: Hydreigon|def|1
|-damage|p2a: Hydreigon|293\/325|[from] item: Life Orb
|
|-heal|p1a: Heatran|112\/386|[from] item: Leftovers
|turn|8
|
|move|p2a: Hydreigon|Dark Pulse|p1a: Heatran
|-damage|p1a: Heatran|0 fnt
|-damage|p2a: Hydreigon|261\/325|[from] item: Life Orb
|faint|p1a: Heatran
|
|
|switch|p1a: Keldeo|Keldeo|323\/323
|-damage|p1a: Keldeo|303\/323|[from] Stealth Rock
|turn|9
|
|switch|p2a: Forretress|Forretress, F|1\/354
|move|p1a: Keldeo|Hydro Pump|p2a: Forretress
|-damage|p2a: Forretress|0 fnt
|faint|p2a: Forretress
|
|
|switch|p2a: Hydreigon|Hydreigon, M|261\/325
|turn|10
|
|switch|p1a: Excadrill|Excadrill, F|361\/361
|-damage|p1a: Excadrill|350\/361|[from] Stealth Rock
|-ability|p1a: Excadrill|Mold Breaker
|-item|p1a: Excadrill|Air Balloon
|move|p2a: Hydreigon|Draco Meteor|p1a: Excadrill
|-resisted|p1a: Excadrill
|-damage|p1a: Excadrill|124\/361
|-enditem|p1a: Excadrill|Air Balloon
|-unboost|p2a: Hydreigon|spa|2
|-damage|p2a: Hydreigon|229\/325|[from] item: Life Orb
|
|turn|11
|
|move|p2a: Hydreigon|Superpower|p1a: Excadrill
|-supereffective|p1a: Excadrill
|-damage|p1a: Excadrill|0 fnt
|-unboost|p2a: Hydreigon|atk|1
|-unboost|p2a: Hydreigon|def|1
|-damage|p2a: Hydreigon|197\/325|[from] item: Life Orb
|faint|p1a: Excadrill
|
|
|switch|p1a: Talonflame|Talonflame, F|298\/298
|-damage|p1a: Talonflame|149\/298|[from] Stealth Rock
|turn|12
|
|switch|p2a: Gliscor|Gliscor, F|334\/354 tox
|move|p1a: Talonflame|Roost|p1a: Talonflame
|-heal|p1a: Talonflame|298\/298
|
|-heal|p2a: Gliscor|354\/354 tox|[from] ability: Poison Heal
|turn|13
|
|move|p1a: Talonflame|U-turn|p2a: Gliscor
|-resisted|p2a: Gliscor
|-damage|p2a: Gliscor|333\/354 tox
|
|switch|p1a: Keldeo|Keldeo|303\/323
|-damage|p1a: Keldeo|283\/323|[from] Stealth Rock
|move|p2a: Gliscor|Toxic|p1a: Keldeo
|-status|p1a: Keldeo|tox
|
|-damage|p1a: Keldeo|263\/323 tox|[from] psn
|-heal|p2a: Gliscor|354\/354 tox|[from] ability: Poison Heal
|turn|14
|
|move|p2a: Gliscor|Protect|p2a: Gliscor
|-singleturn|p2a: Gliscor|Protect
|move|p1a: Keldeo|Hydro Pump|p2a: Gliscor
|-activate|p2a: Gliscor|Protect
|
|-damage|p1a: Keldeo|223\/323 tox|[from] psn
|turn|15
|
|switch|p2a: Banette|Banette, M|332\/332
|move|p1a: Keldeo|Hydro Pump|p2a: Banette
|-damage|p2a: Banette|0 fnt
|faint|p2a: Banette
|
|-damage|p1a: Keldeo|163\/323 tox|[from] psn
|
|switch|p2a: Hydreigon|Hydreigon, M|197\/325
|turn|16
|
|switch|p1a: Talonflame|Talonflame, F|298\/298
|-damage|p1a: Talonflame|149\/298|[from] Stealth Rock
|move|p2a: Hydreigon|Roost|p2a: Hydreigon
|-heal|p2a: Hydreigon|325\/325
|
|turn|17
|
|switch|p2a: Gliscor|Gliscor, F|354\/354 tox
|move|p1a: Talonflame|Brave Bird|p2a: Gliscor
|-damage|p2a: Gliscor|254\/354 tox
|-damage|p1a: Talonflame|116\/298|[from] recoil|[of] p2a: Gliscor
|-heal|p1a: Talonflame|128\/298|[from] item: Shell Bell|[of] p2a: Gliscor
|
|-heal|p2a: Gliscor|298\/354 tox|[from] ability: Poison Heal
|turn|18
|
|move|p1a: Talonflame|Flare Blitz|p2a: Gliscor
|-damage|p2a: Gliscor|192\/354 tox
|-damage|p1a: Talonflame|93\/298|[from] recoil|[of] p2a: Gliscor
|-heal|p1a: Talonflame|106\/298|[from] item: Shell Bell|[of] p2a: Gliscor
|move|p2a: Gliscor|Toxic|p1a: Talonflame
|-status|p1a: Talonflame|tox
|
|-damage|p1a: Talonflame|88\/298 tox|[from] psn
|-heal|p2a: Gliscor|236\/354 tox|[from] ability: Poison Heal
|turn|19
|
|move|p2a: Gliscor|Protect|p2a: Gliscor
|-singleturn|p2a: Gliscor|Protect
|move|p1a: Talonflame|Roost|p1a: Talonflame
|-heal|p1a: Talonflame|237\/298 tox
|
|-damage|p1a: Talonflame|201\/298 tox|[from] psn
|-heal|p2a: Gliscor|280\/354 tox|[from] ability: Poison Heal
|turn|20
|
|move|p1a: Talonflame|U-turn|p2a: Gliscor
|-resisted|p2a: Gliscor
|-damage|p2a: Gliscor|261\/354 tox
|-heal|p1a: Talonflame|203\/298 tox|[from] item: Shell Bell|[of] p2a: Gliscor
|
|switch|p1a: Sharpedo|Sharpedo, M|218\/281
|-damage|p1a: Sharpedo|183\/281|[from] Stealth Rock
|move|p2a: Gliscor|Knock Off|p1a: Sharpedo
|-resisted|p1a: Sharpedo
|-damage|p1a: Sharpedo|103\/281
|-enditem|p1a: Sharpedo|Life Orb|[from] move: Knock Off|[of] p2a: Gliscor
|
|-heal|p2a: Gliscor|305\/354 tox|[from] ability: Poison Heal
|turn|21
|
|switch|p2a: Aegislash|Aegislash, M|324\/324
|move|p1a: Sharpedo|Waterfall|p2a: Aegislash
|-damage|p2a: Aegislash|227\/324
|
|-boost|p1a: Sharpedo|spe|1|[from] ability: Speed Boost
|turn|22
|
|move|p2a: Aegislash|King's Shield|p2a: Aegislash
|-singleturn|p2a: Aegislash|Protect
|move|p1a: Sharpedo|Earthquake|p2a: Aegislash
|-activate|p2a: Aegislash|Protect
|
|-boost|p1a: Sharpedo|spe|1|[from] ability: Speed Boost
|turn|23
|
|move|p1a: Sharpedo|Crunch|p2a: Aegislash
|-supereffective|p2a: Aegislash
|-damage|p2a: Aegislash|0 fnt
|faint|p2a: Aegislash
|
|-boost|p1a: Sharpedo|spe|1|[from] ability: Speed Boost
|
|switch|p2a: Hydreigon|Hydreigon, M|325\/325
|turn|24
|
|move|p1a: Sharpedo|Waterfall|p2a: Hydreigon
|-crit|p2a: Hydreigon
|-resisted|p2a: Hydreigon
|-damage|p2a: Hydreigon|197\/325
|move|p2a: Hydreigon|Dark Pulse|p1a: Sharpedo
|-resisted|p1a: Sharpedo
|-damage|p1a: Sharpedo|0 fnt
|-damage|p2a: Hydreigon|165\/325|[from] item: Life Orb
|faint|p1a: Sharpedo
|
|
|switch|p1a: Keldeo|Keldeo|163\/323 tox
|-damage|p1a: Keldeo|143\/323 tox|[from] Stealth Rock
|turn|25
|
|move|p1a: Keldeo|Icy Wind|p2a: Hydreigon
|-supereffective|p2a: Hydreigon
|-damage|p2a: Hydreigon|0 fnt
|faint|p2a: Hydreigon
|
|-damage|p1a: Keldeo|123\/323 tox|[from] psn
|
|switch|p2a: Gliscor|Gliscor, F|305\/354 tox
|turn|26
|chat|.07 lead|LOL
|chat|.07 lead|gg
|chat|Meroz|gg
|
|move|p2a: Gliscor|Protect|p2a: Gliscor
|-singleturn|p2a: Gliscor|Protect
|move|p1a: Keldeo|Icy Wind|p2a: Gliscor
|-activate|p2a: Gliscor|Protect
|
|-damage|p1a: Keldeo|83\/323 tox|[from] psn
|-heal|p2a: Gliscor|349\/354 tox|[from] ability: Poison Heal
|turn|27
|
|move|p1a: Keldeo|Icy Wind|p2a: Gliscor
|-supereffective|p2a: Gliscor
|-damage|p2a: Gliscor|0 fnt
|faint|p2a: Gliscor
|
|win|Meroz
|raw|Ladder updating...
|raw|Meroz's rating: 1600 &rarr; <strong>1617<\/strong><br \/>(+17 for winning)
|raw|.07 lead's rating: 1548 &rarr; <strong>1531<\/strong><br \/>(-17 for losing)
|leave|.07 lead
|player|p2