|join|Kaz777
|join|Meroz
|player|p1|Kaz777|170
|player|p2|Meroz|163
|gametype|singles
|gen|6
|tier|OU
|rated
|clearpoke
|poke|p1|Chansey, F
|poke|p1|Skarmory, M
|poke|p1|Gliscor, M
|poke|p1|Bisharp, M
|poke|p1|Thundurus, M
|poke|p1|Scizor, M
|poke|p2|Tyranitar, M
|poke|p2|Zapdos
|poke|p2|Mandibuzz, F
|poke|p2|Gengar, M
|poke|p2|Pinsir, M
|poke|p2|Landorus-Therian, M
|rule|Sleep Clause Mod: Limit one foe put to sleep
|rule|Species Clause: Limit one of each Pokemon
|rule|OHKO Clause: OHKO moves are banned
|rule|Moody Clause: Moody is banned
|rule|Evasion Moves Clause: Evasion moves are banned
|rule|Endless Battle Clause: Forcing endless battles is banned.
|rule|HP Percentage Mod: HP is reported as percentages
|teampreview
|
|start
|switch|p1a: Scorvol|Gliscor, M|354\/354
|switch|p2a: Zapdos|Zapdos|384\/384
|-ability|p2a: Zapdos|Pressure
|turn|1
|
|move|p2a: Zapdos|Hidden Power|p1a: Scorvol
|-supereffective|p1a: Scorvol
|-damage|p1a: Scorvol|0 fnt
|faint|p1a: Scorvol
|
|
|switch|p1a: Leveinard|Chansey, F|642\/642
|turn|2
|
|switch|p2a: Landorus-Therian|Landorus-Therian, M|319\/319
|-ability|p2a: Landorus-Therian|Intimidate|[of] p1a: Leveinard
|-unboost|p1a: Leveinard|atk|1
|move|p1a: Leveinard|Stealth Rock|p2a: Landorus-Therian
|-sidestart|p2: Meroz|move: Stealth Rock
|
|turn|3
|
|switch|p1a: Airmure|Skarmory, M|334\/334
|move|p2a: Landorus-Therian|Knock Off|p1a: Airmure
|-damage|p1a: Airmure|260\/334
|-damage|p2a: Landorus-Therian|266\/319|[from] item: Rocky Helmet|[of] p1a: Airmure
|-enditem|p1a: Airmure|Rocky Helmet|[from] move: Knock Off|[of] p2a: Landorus-Therian
|
|turn|4
|
|move|p2a: Landorus-Therian|Stealth Rock|p1a: Airmure
|-sidestart|p1: Kaz777|move: Stealth Rock
|move|p1a: Airmure|Toxic|p2a: Landorus-Therian
|-status|p2a: Landorus-Therian|tox
|
|-damage|p2a: Landorus-Therian|247\/319 tox|[from] psn
|turn|5
|
|move|p2a: Landorus-Therian|Stone Edge|p1a: Airmure|[miss]
|-miss|p2a: Landorus-Therian|p1a: Airmure
|move|p1a: Airmure|Brave Bird|p2a: Landorus-Therian
|-damage|p2a: Landorus-Therian|123\/319 tox
|-damage|p1a: Airmure|219\/334|[from] recoil|[of] p2a: Landorus-Therian
|
|-damage|p2a: Landorus-Therian|85\/319 tox|[from] psn
|turn|6
|
|move|p2a: Landorus-Therian|Stone Edge|p1a: Airmure
|-damage|p1a: Airmure|147\/334
|move|p1a: Airmure|Brave Bird|p2a: Landorus-Therian
|-damage|p2a: Landorus-Therian|0 fnt
|-damage|p1a: Airmure|119\/334|[from] recoil|[of] p2a: Landorus-Therian
|faint|p2a: Landorus-Therian
|
|
|switch|p2a: Tyranitar|Tyranitar, M|342\/342
|-damage|p2a: Tyranitar|300\/342|[from] Stealth Rock
|-weather|Sandstorm
|turn|7
|
|move|p2a: Tyranitar|Stone Edge|p1a: Airmure
|-damage|p1a: Airmure|0 fnt
|faint|p1a: Airmure
|
|-weather|Sandstorm|[upkeep]
|-heal|p2a: Tyranitar|321\/342|[from] item: Leftovers
|join|kullhadd hekk
|
|switch|p1a: Leveinard|Chansey, F|642\/642
|-damage|p1a: Leveinard|562\/642|[from] Stealth Rock
|turn|8
|
|move|p2a: Tyranitar|Dragon Dance|p2a: Tyranitar
|-boost|p2a: Tyranitar|atk|1
|-boost|p2a: Tyranitar|spe|1
|move|p1a: Leveinard|Thunder Wave|p2a: Tyranitar
|-status|p2a: Tyranitar|par
|
|-weather|Sandstorm|[upkeep]
|-damage|p1a: Leveinard|522\/642|[from] sandstorm
|-heal|p2a: Tyranitar|342\/342 par|[from] item: Leftovers
|turn|9
|
|move|p1a: Leveinard|Seismic Toss|p2a: Tyranitar
|-damage|p2a: Tyranitar|242\/342 par
|move|p2a: Tyranitar|Stone Edge|p1a: Leveinard
|-damage|p1a: Leveinard|149\/642
|
|-weather|Sandstorm|[upkeep]
|-damage|p1a: Leveinard|109\/642|[from] sandstorm
|-heal|p2a: Tyranitar|263\/342 par|[from] item: Leftovers
|turn|10
|
|move|p1a: Leveinard|Seismic Toss|p2a: Tyranitar
|-damage|p2a: Tyranitar|163\/342 par
|move|p2a: Tyranitar|Stone Edge|p1a: Leveinard
|-damage|p1a: Leveinard|0 fnt
|faint|p1a: Leveinard
|
|-weather|Sandstorm|[upkeep]
|-heal|p2a: Tyranitar|184\/342 par|[from] item: Leftovers
|
|switch|p1a: Scalproie|Bisharp, M|272\/272
|-damage|p1a: Scalproie|255\/272|[from] Stealth Rock
|turn|11
|
|move|p1a: Scalproie|Iron Head|p2a: Tyranitar
|-supereffective|p2a: Tyranitar
|-damage|p2a: Tyranitar|0 fnt
|faint|p2a: Tyranitar
|
|-weather|none
|
|switch|p2a: Zapdos|Zapdos|384\/384
|-damage|p2a: Zapdos|288\/384|[from] Stealth Rock
|-ability|p2a: Zapdos|Pressure
|turn|12
|
|move|p1a: Scalproie|Sucker Punch|p2a: Zapdos
|-damage|p2a: Zapdos|63\/384
|move|p2a: Zapdos|Heat Wave|p1a: Scalproie
|-supereffective|p1a: Scalproie
|-damage|p1a: Scalproie|0 fnt
|faint|p1a: Scalproie
|
|-heal|p2a: Zapdos|87\/384|[from] item: Leftovers
|
|switch|p1a: Fulguris|Thundurus, M|300\/300
|-damage|p1a: Fulguris|225\/300|[from] Stealth Rock
|turn|13
|
|move|p1a: Fulguris|Thunderbolt|p2a: Zapdos
|-damage|p2a: Zapdos|0 fnt
|faint|p2a: Zapdos
|
|-heal|p1a: Fulguris|243\/300|[from] item: Leftovers
|
|switch|p2a: Gengar|Gengar, M|262\/262
|-damage|p2a: Gengar|230\/262|[from] Stealth Rock
|turn|14
|
|move|p1a: Fulguris|Thunderbolt|p2a: Gengar
|-damage|p2a: Gengar|35\/262
|move|p2a: Gengar|Shadow Ball|p1a: Fulguris
|-damage|p1a: Fulguris|0 fnt
|-damage|p2a: Gengar|9\/262|[from] item: Life Orb
|faint|p1a: Fulguris
|
|
|switch|p1a: Cizayox|Scizor, M|344\/344
|-damage|p1a: Cizayox|301\/344|[from] Stealth Rock
|turn|15
|
|-formechange|p1a: Cizayox|Scizor-Mega
|message|Scizor has Mega Evolved into Mega Scizor!
|move|p1a: Cizayox|Bullet Punch|p2a: Gengar
|-damage|p2a: Gengar|0 fnt
|faint|p2a: Gengar
|
|
|switch|p2a: Mandibuzz|Mandibuzz, F|424\/424
|-damage|p2a: Mandibuzz|318\/424|[from] Stealth Rock
|turn|16
|
|move|p2a: Mandibuzz|Foul Play|p1a: Cizayox
|-damage|p1a: Cizayox|156\/344
|move|p1a: Cizayox|Bug Bite|p2a: Mandibuzz
|-damage|p2a: Mandibuzz|179\/424
|
|-heal|p2a: Mandibuzz|205\/424|[from] item: Leftovers
|turn|17
|
|move|p2a: Mandibuzz|Roost|p2a: Mandibuzz
|-heal|p2a: Mandibuzz|417\/424
|move|p1a: Cizayox|Roost|p1a: Cizayox
|-heal|p1a: Cizayox|328\/344
|
|-heal|p2a: Mandibuzz|424\/424|[from] item: Leftovers
|turn|18
|
|move|p2a: Mandibuzz|Foul Play|p1a: Cizayox
|-damage|p1a: Cizayox|172\/344
|move|p1a: Cizayox|Bug Bite|p2a: Mandibuzz
|-damage|p2a: Mandibuzz|295\/424
|
|-heal|p2a: Mandibuzz|321\/424|[from] item: Leftovers
|turn|19
|
|move|p2a: Mandibuzz|Foul Play|p1a: Cizayox
|-damage|p1a: Cizayox|12\/344
|move|p1a: Cizayox|Roost|p1a: Cizayox
|-heal|p1a: Cizayox|184\/344
|
|-heal|p2a: Mandibuzz|347\/424|[from] item: Leftovers
|turn|20
|
|move|p2a: Mandibuzz|Foul Play|p1a: Cizayox
|-damage|p1a: Cizayox|22\/344
|move|p1a: Cizayox|Roost|p1a: Cizayox
|-heal|p1a: Cizayox|194\/344
|
|-heal|p2a: Mandibuzz|373\/424|[from] item: Leftovers
|turn|21
|
|move|p2a: Mandibuzz|Foul Play|p1a: Cizayox
|-damage|p1a: Cizayox|44\/344
|move|p1a: Cizayox|Roost|p1a: Cizayox
|-heal|p1a: Cizayox|216\/344
|
|-heal|p2a: Mandibuzz|399\/424|[from] item: Leftovers
|turn|22
|
|move|p2a: Mandibuzz|Foul Play|p1a: Cizayox
|-damage|p1a: Cizayox|68\/344
|move|p1a: Cizayox|Roost|p1a: Cizayox
|-heal|p1a: Cizayox|240\/344
|
|-heal|p2a: Mandibuzz|424\/424|[from] item: Leftovers
|turn|23
|
|move|p2a: Mandibuzz|Foul Play|p1a: Cizayox
|-damage|p1a: Cizayox|77\/344
|move|p1a: Cizayox|Roost|p1a: Cizayox
|-heal|p1a: Cizayox|249\/344
|
|turn|24
|
|move|p2a: Mandibuzz|Foul Play|p1a: Cizayox
|-damage|p1a: Cizayox|86\/344
|move|p1a: Cizayox|Roost|p1a: Cizayox
|-heal|p1a: Cizayox|258\/344
|
|turn|25
|
|move|p2a: Mandibuzz|Foul Play|p1a: Cizayox
|-damage|p1a: Cizayox|90\/344
|move|p1a: Cizayox|Roost|p1a: Cizayox
|-heal|p1a: Cizayox|262\/344
|
|turn|26
|
|move|p2a: Mandibuzz|Foul Play|p1a: Cizayox
|-damage|p1a: Cizayox|112\/344
|move|p1a: Cizayox|Roost|p1a: Cizayox
|-heal|p1a: Cizayox|284\/344
|
|turn|27
|
|move|p2a: Mandibuzz|Foul Play|p1a: Cizayox
|-damage|p1a: Cizayox|119\/344
|move|p1a: Cizayox|Roost|p1a: Cizayox
|-heal|p1a: Cizayox|291\/344
|
|turn|28
|
|move|p2a: Mandibuzz|Foul Play|p1a: Cizayox
|-damage|p1a: Cizayox|126\/344
|move|p1a: Cizayox|Roost|p1a: Cizayox
|-heal|p1a: Cizayox|298\/344
|
|turn|29
|
|move|p2a: Mandibuzz|Foul Play|p1a: Cizayox
|-damage|p1a: Cizayox|144\/344
|move|p1a: Cizayox|Roost|p1a: Cizayox
|-heal|p1a: Cizayox|316\/344
|
|turn|30
|
|move|p2a: Mandibuzz|Foul Play|p1a: Cizayox
|-damage|p1a: Cizayox|162\/344
|move|p1a: Cizayox|Roost|p1a: Cizayox
|-heal|p1a: Cizayox|334\/344
|
|turn|31
|-message|Kaz777 lost due to inactivity.
|
|win|Meroz
|raw|Ladder updating...
|raw|Kaz777's rating: 1916 &rarr; <strong>1883<\/strong><br \/>(-33 for losing)
|raw|Meroz's rating: 1656 &rarr; <strong>1689<\/strong><br \/>(+33 for winning)