|join|Meroz
|join|Redolent
|player|p1|Meroz|163
|player|p2|Redolent|49
|gametype|singles
|gen|6
|tier|OU
|rated
|clearpoke
|poke|p1|Latios, M
|poke|p1|Zapdos
|poke|p1|Mandibuzz, F
|poke|p1|Gengar, M
|poke|p1|Pinsir, F
|poke|p1|Landorus-Therian, M
|poke|p2|Landorus, M
|poke|p2|Keldeo-Resolute, shiny
|poke|p2|Tyranitar, F
|poke|p2|Pinsir, F, shiny
|poke|p2|Excadrill, M
|poke|p2|Talonflame, F
|rule|Sleep Clause Mod: Limit one foe put to sleep
|rule|Species Clause: Limit one of each Pokemon
|rule|OHKO Clause: OHKO moves are banned
|rule|Moody Clause: Moody is banned
|rule|Evasion Moves Clause: Evasion moves are banned
|rule|Endless Battle Clause: Forcing endless battles is banned.
|rule|HP Percentage Mod: HP is reported as percentages
|teampreview
|
|start
|switch|p1a: Landorus-Therian|Landorus-Therian, M|319\/319
|switch|p2a: Tyranitar|Tyranitar, F|404\/404
|-ability|p1a: Landorus-Therian|Intimidate|[of] p2a: Tyranitar
|-unboost|p2a: Tyranitar|atk|1
|-weather|Sandstorm
|turn|1
|
|move|p1a: Landorus-Therian|Earthquake|p2a: Tyranitar
|-supereffective|p2a: Tyranitar
|-damage|p2a: Tyranitar|56\/404
|move|p2a: Tyranitar|Ice Beam|p1a: Landorus-Therian
|-supereffective|p1a: Landorus-Therian
|-enditem|p1a: Landorus-Therian|Focus Sash
|-damage|p1a: Landorus-Therian|1\/319
|
|-weather|Sandstorm|[upkeep]
|turn|2
|
|move|p1a: Landorus-Therian|Stealth Rock|p2a: Tyranitar
|-sidestart|p2: Redolent|move: Stealth Rock
|move|p2a: Tyranitar|Stealth Rock|p1a: Landorus-Therian
|-sidestart|p1: Meroz|move: Stealth Rock
|
|-weather|Sandstorm|[upkeep]
|turn|3
|
|move|p1a: Landorus-Therian|Knock Off|p2a: Tyranitar
|-resisted|p2a: Tyranitar
|-damage|p2a: Tyranitar|0 fnt
|faint|p2a: Tyranitar
|
|-weather|Sandstorm|[upkeep]
|
|switch|p2a: Excadrill|Excadrill, M|361\/361
|-damage|p2a: Excadrill|350\/361|[from] Stealth Rock
|turn|4
|
|switch|p1a: Mandibuzz|Mandibuzz, F|424\/424
|-damage|p1a: Mandibuzz|318\/424|[from] Stealth Rock
|move|p2a: Excadrill|Rapid Spin|p1a: Mandibuzz
|-crit|p1a: Mandibuzz
|-damage|p1a: Mandibuzz|282\/424
|-sideend|p2: Redolent|Stealth Rock|[from] move: Rapid Spin|[of] p2a: Excadrill
|-damage|p2a: Excadrill|314\/361|[from] item: Life Orb
|
|-weather|Sandstorm|[upkeep]
|-heal|p1a: Mandibuzz|308\/424|[from] item: Leftovers
|turn|5
|
|switch|p2a: Keldeo-Resolute|Keldeo-Resolute, shiny|323\/323
|move|p1a: Mandibuzz|Defog|p2a: Keldeo-Resolute
|-unboost|p2a: Keldeo-Resolute|evasion|1
|-sideend|p1: Meroz|Stealth Rock|[from] move: Defog|[of] p1a: Mandibuzz
|
|-weather|Sandstorm|[upkeep]
|-damage|p2a: Keldeo-Resolute|303\/323|[from] sandstorm
|-heal|p1a: Mandibuzz|334\/424|[from] item: Leftovers
|turn|6
|
|move|p2a: Keldeo-Resolute|Icy Wind|p1a: Mandibuzz
|-supereffective|p1a: Mandibuzz
|-damage|p1a: Mandibuzz|126\/424
|-unboost|p1a: Mandibuzz|spe|1
|move|p1a: Mandibuzz|Toxic|p2a: Keldeo-Resolute
|-status|p2a: Keldeo-Resolute|tox
|
|-weather|Sandstorm|[upkeep]
|-damage|p2a: Keldeo-Resolute|283\/323 tox|[from] sandstorm
|-heal|p1a: Mandibuzz|152\/424|[from] item: Leftovers
|-damage|p2a: Keldeo-Resolute|263\/323 tox|[from] psn
|turn|7
|
|move|p2a: Keldeo-Resolute|Icy Wind|p1a: Mandibuzz
|-supereffective|p1a: Mandibuzz
|-damage|p1a: Mandibuzz|0 fnt
|faint|p1a: Mandibuzz
|
|-weather|Sandstorm|[upkeep]
|-damage|p2a: Keldeo-Resolute|243\/323 tox|[from] sandstorm
|-damage|p2a: Keldeo-Resolute|203\/323 tox|[from] psn
|
|switch|p1a: Pinsir|Pinsir, F|272\/272
|turn|8
|
|-formechange|p1a: Pinsir|Pinsir-Mega
|message|Pinsir has Mega Evolved into Mega Pinsir!
|move|p1a: Pinsir|Quick Attack|p2a: Keldeo-Resolute
|-supereffective|p2a: Keldeo-Resolute
|-damage|p2a: Keldeo-Resolute|0 fnt
|faint|p2a: Keldeo-Resolute
|
|-weather|none
|
|switch|p2a: Talonflame|Talonflame, F|297\/297
|turn|9
|
|move|p2a: Talonflame|Brave Bird|p1a: Pinsir
|-supereffective|p1a: Pinsir
|-damage|p1a: Pinsir|0 fnt
|-damage|p2a: Talonflame|207\/297|[from] recoil|[of] p1a: Pinsir
|faint|p1a: Pinsir
|
|
|switch|p1a: Zapdos|Zapdos|384\/384
|-ability|p1a: Zapdos|Pressure
|turn|10
|
|switch|p2a: Excadrill|Excadrill, M|314\/361
|move|p1a: Zapdos|Hidden Power|p2a: Excadrill
|-damage|p2a: Excadrill|206\/361
|
|turn|11
|
|move|p2a: Excadrill|Iron Head|p1a: Zapdos
|-crit|p1a: Zapdos
|-resisted|p1a: Zapdos
|-damage|p1a: Zapdos|207\/384
|-damage|p2a: Excadrill|170\/361|[from] item: Life Orb
|move|p1a: Zapdos|Heat Wave|p2a: Excadrill
|-supereffective|p2a: Excadrill
|-damage|p2a: Excadrill|0 fnt
|faint|p2a: Excadrill
|
|-heal|p1a: Zapdos|231\/384|[from] item: Leftovers
|
|switch|p2a: Landorus|Landorus, M|319\/319
|turn|12
|
|switch|p1a: Landorus-Therian|Landorus-Therian, M|1\/319
|-ability|p1a: Landorus-Therian|Intimidate|[of] p2a: Landorus
|-unboost|p2a: Landorus|atk|1
|move|p2a: Landorus|Gravity|p2a: Landorus
|-fieldstart|move: Gravity
|
|turn|13
|
|move|p2a: Landorus|Knock Off|p1a: Landorus-Therian
|-damage|p1a: Landorus-Therian|0 fnt
|-damage|p2a: Landorus|288\/319|[from] item: Life Orb
|faint|p1a: Landorus-Therian
|
|
|switch|p1a: Zapdos|Zapdos|231\/384
|-ability|p1a: Zapdos|Pressure
|turn|14
|
|move|p2a: Landorus|Earth Power|p1a: Zapdos
|-supereffective|p1a: Zapdos
|-damage|p1a: Zapdos|0 fnt
|faint|p1a: Zapdos
|
|
|switch|p1a: Latios|Latios, M|302\/302
|turn|15
|
|move|p2a: Landorus|Knock Off|p1a: Latios
|-supereffective|p1a: Latios
|-damage|p1a: Latios|110\/302
|-enditem|p1a: Latios|Life Orb|[from] move: Knock Off|[of] p2a: Landorus
|-damage|p2a: Landorus|257\/319|[from] item: Life Orb
|move|p1a: Latios|Dragon Dance|p1a: Latios
|-boost|p1a: Latios|atk|1
|-boost|p1a: Latios|spe|1
|
|turn|16
|
|move|p1a: Latios|Dragon Claw|p2a: Landorus
|-damage|p2a: Landorus|64\/319
|move|p2a: Landorus|Earth Power|p1a: Latios
|-damage|p1a: Latios|0 fnt
|faint|p1a: Latios
|
|-fieldend|move: Gravity
|
|switch|p1a: Gengar|Gengar, M|262\/262
|turn|17
|
|move|p1a: Gengar|Shadow Ball|p2a: Landorus
|-damage|p2a: Landorus|0 fnt
|-damage|p1a: Gengar|236\/262|[from] item: Life Orb
|faint|p2a: Landorus
|
|
|switch|p2a: Talonflame|Talonflame, F|207\/297
|turn|18
|
|move|p2a: Talonflame|Brave Bird|p1a: Gengar
|-crit|p1a: Gengar
|-damage|p1a: Gengar|0 fnt
|-damage|p2a: Talonflame|129\/297|[from] recoil|[of] p1a: Gengar
|faint|p1a: Gengar
|
|win|Redolent
|raw|Ladder updating...
|raw|Meroz's rating: 1658 &rarr; <strong>1641<\/strong><br \/>(-17 for losing)
|raw|Redolent's rating: 1697 &rarr; <strong>1715<\/strong><br \/>(+18 for winning)
|chat|Redolent|gg
|chat|Meroz|gg
|leave|Meroz
|player|p1