|join|Cherubael
|join|Meroz
|player|p1|Cherubael|99
|player|p2|Meroz|163
|gametype|singles
|gen|6
|tier|OU
|rated
|clearpoke
|poke|p1|Gliscor, F
|poke|p1|Manectric, F
|poke|p1|Talonflame, F
|poke|p1|Rotom-Wash
|poke|p1|Landorus-Therian, M
|poke|p1|Togekiss, M
|poke|p2|Volcarona, F
|poke|p2|Mandibuzz, F
|poke|p2|Gourgeist-*, M
|poke|p2|Tyranitar, F
|poke|p2|Charizard, M
|poke|p2|Landorus-Therian, M
|rule|Sleep Clause Mod: Limit one foe put to sleep
|rule|Species Clause: Limit one of each Pokemon
|rule|OHKO Clause: OHKO moves are banned
|rule|Moody Clause: Moody is banned
|rule|Evasion Moves Clause: Evasion moves are banned
|rule|Endless Battle Clause: Forcing endless battles is banned.
|rule|HP Percentage Mod: HP is reported as percentages
|teampreview
|
|start
|switch|p1a: Manectric|Manectric, F|281\/281
|switch|p2a: Tyranitar|Tyranitar, F|342\/342
|-weather|Sandstorm
|turn|1
|
|-formechange|p1a: Manectric|Manectric-Mega
|message|Manectric has Mega Evolved into Mega Manectric!
|-ability|p1a: Manectric|Intimidate|[of] p2a: Tyranitar
|-unboost|p2a: Tyranitar|atk|1
|move|p2a: Tyranitar|Dark Pulse|p1a: Manectric
|-damage|p1a: Manectric|151\/281
|move|p1a: Manectric|Volt Switch|p2a: Tyranitar
|-damage|p2a: Tyranitar|261\/342
|join|hduekky
|
|switch|p1a: Gliscor|Gliscor, F|353\/353
|
|-weather|Sandstorm|[upkeep]
|-status|p1a: Gliscor|tox|[from] item: Toxic Orb
|turn|2
|
|switch|p2a: Landorus-Therian|Landorus-Therian, M|320\/320
|-ability|p2a: Landorus-Therian|Intimidate|[of] p1a: Gliscor
|-unboost|p1a: Gliscor|atk|1
|move|p1a: Gliscor|Earthquake|p2a: Landorus-Therian
|-immune|p2a: Landorus-Therian|[msg]
|
|-weather|Sandstorm|[upkeep]
|turn|3
|
|move|p2a: Landorus-Therian|U-turn|p1a: Gliscor
|-crit|p1a: Gliscor
|-resisted|p1a: Gliscor
|-damage|p1a: Gliscor|301\/353 tox
|
|switch|p2a: Tyranitar|Tyranitar, F|261\/342
|move|p1a: Gliscor|Toxic|p2a: Tyranitar
|-status|p2a: Tyranitar|tox
|
|-weather|Sandstorm|[upkeep]
|-damage|p2a: Tyranitar|240\/342 tox|[from] psn
|-heal|p1a: Gliscor|345\/353 tox|[from] ability: Poison Heal
|turn|4
|
|switch|p1a: Rotom-Wash|Rotom-Wash|241\/241
|move|p2a: Tyranitar|Ice Beam|p1a: Rotom-Wash
|-resisted|p1a: Rotom-Wash
|-damage|p1a: Rotom-Wash|204\/241
|
|-weather|Sandstorm|[upkeep]
|-damage|p1a: Rotom-Wash|189\/241|[from] sandstorm
|-damage|p2a: Tyranitar|198\/342 tox|[from] psn
|turn|5
|
|switch|p2a: Gourgeist-Large|Gourgeist-Large, M|354\/354
|-item|p1a: Rotom-Wash|Choice Scarf|[from] ability: Frisk|[of] p2a: Gourgeist-Large|[identify]
|move|p1a: Rotom-Wash|Volt Switch|p2a: Gourgeist-Large
|-crit|p2a: Gourgeist-Large
|-resisted|p2a: Gourgeist-Large
|-damage|p2a: Gourgeist-Large|273\/354
|
|switch|p1a: Gliscor|Gliscor, F|345\/353 tox
|
|-weather|none
|-heal|p2a: Gourgeist-Large|295\/354|[from] item: Leftovers
|-heal|p1a: Gliscor|353\/353 tox|[from] ability: Poison Heal
|turn|6
|
|move|p1a: Gliscor|Taunt|p2a: Gourgeist-Large
|-start|p2a: Gourgeist-Large|move: Taunt
|move|p2a: Gourgeist-Large|Seed Bomb|p1a: Gliscor
|-damage|p1a: Gliscor|287\/353 tox
|
|-heal|p2a: Gourgeist-Large|317\/354|[from] item: Leftovers
|-heal|p1a: Gliscor|331\/353 tox|[from] ability: Poison Heal
|turn|7
|
|switch|p2a: Tyranitar|Tyranitar, F|198\/342 tox
|-weather|Sandstorm
|move|p1a: Gliscor|Substitute|p1a: Gliscor
|-start|p1a: Gliscor|Substitute
|-damage|p1a: Gliscor|243\/353 tox
|
|-weather|Sandstorm|[upkeep]
|-damage|p2a: Tyranitar|177\/342 tox|[from] psn
|-heal|p1a: Gliscor|287\/353 tox|[from] ability: Poison Heal
|turn|8
|
|move|p2a: Tyranitar|Dark Pulse|p1a: Gliscor
|-end|p1a: Gliscor|Substitute
|move|p1a: Gliscor|Earthquake|p2a: Tyranitar
|-supereffective|p2a: Tyranitar
|-damage|p2a: Tyranitar|0 fnt
|faint|p2a: Tyranitar
|
|-weather|Sandstorm|[upkeep]
|-heal|p1a: Gliscor|331\/353 tox|[from] ability: Poison Heal
|-message|Meroz forfeited.
|
|win|Cherubael
|raw|Ladder updating...
|leave|Meroz
|player|p2
|raw|Cherubael's rating: 1538 &rarr; <strong>1558<\/strong><br \/>(+20 for winning)
|raw|Meroz's rating: 1539 &rarr; <strong>1519<\/strong><br \/>(-20 for losing)
|leave|Cherubael
|player|p1