|join|ekanen
|join|King0fKnights
|player|p1|ekanen|175
|player|p2|King0fKnights|249
|gametype|singles
|gen|6
|tier|OU
|rated
|clearpoke
|poke|p1|Talonflame, F
|poke|p1|Heracross, F
|poke|p1|Diggersby, F
|poke|p1|Garchomp, F
|poke|p1|Thundurus, M
|poke|p1|Kyurem-Black
|poke|p2|Bisharp, F
|poke|p2|Scizor, F
|poke|p2|Rotom-Wash
|poke|p2|Sylveon, M
|poke|p2|Chesnaught, M
|poke|p2|Gallade, M
|rule|Swagger Clause: Swagger is banned
|rule|Baton Pass Clause: Limit one PokÃ©mon knowing Baton Pass
|rule|Sleep Clause Mod: Limit one foe put to sleep
|rule|Species Clause: Limit one of each PokÃ©mon
|rule|OHKO Clause: OHKO moves are banned
|rule|Moody Clause: Moody is banned
|rule|Evasion Moves Clause: Evasion moves are banned
|rule|Endless Battle Clause: Forcing endless battles is banned
|rule|HP Percentage Mod: HP is shown in percentages
|teampreview
|
|start
|switch|p1a: Garchomp|Garchomp, F|358\/358
|switch|p2a: Rotom-Wash|Rotom-Wash|304\/304
|turn|1
|
|move|p1a: Garchomp|Stealth Rock|p2a: Rotom-Wash
|-sidestart|p2: King0fKnights|move: Stealth Rock
|move|p2a: Rotom-Wash|Hydro Pump|p1a: Garchomp
|-crit|p1a: Garchomp
|-damage|p1a: Garchomp|115\/358
|
|turn|2
|
|move|p1a: Garchomp|Outrage|p2a: Rotom-Wash
|-damage|p2a: Rotom-Wash|150\/304
|move|p2a: Rotom-Wash|Hydro Pump|p1a: Garchomp
|-damage|p1a: Garchomp|0 fnt
|faint|p1a: Garchomp
|
|
|switch|p1a: Thundurus|Thundurus, M|299\/299
|turn|3
|
|switch|p2a: Sylvy|Sylveon, M|394\/394
|-damage|p2a: Sylvy|345\/394|[from] Stealth Rock
|move|p1a: Thundurus|Thunderbolt|p2a: Sylvy
|-damage|p2a: Sylvy|231\/394
|-damage|p1a: Thundurus|270\/299|[from] item: Life Orb
|
|-heal|p2a: Sylvy|255\/394|[from] item: Leftovers
|turn|4
|
|move|p1a: Thundurus|Taunt|p2a: Sylvy
|-start|p2a: Sylvy|move: Taunt
|move|p2a: Sylvy|Hyper Voice|p1a: Thundurus
|-damage|p1a: Thundurus|75\/299
|
|-heal|p2a: Sylvy|279\/394|[from] item: Leftovers
|turn|5
|
|move|p1a: Thundurus|Thunderbolt|p2a: Sylvy
|-damage|p2a: Sylvy|154\/394
|-damage|p1a: Thundurus|46\/299|[from] item: Life Orb
|move|p2a: Sylvy|Hyper Voice|p1a: Thundurus
|-damage|p1a: Thundurus|0 fnt
|faint|p1a: Thundurus
|
|-heal|p2a: Sylvy|178\/394|[from] item: Leftovers
|
|switch|p1a: Talonflame|Talonflame, F|307\/307
|turn|6
|
|switch|p2a: Scizor|Scizor, F|344\/344
|-damage|p2a: Scizor|301\/344|[from] Stealth Rock
|move|p1a: Talonflame|Flare Blitz|p2a: Scizor
|-supereffective|p2a: Scizor
|-damage|p2a: Scizor|0 fnt
|-damage|p1a: Talonflame|208\/307|[from] recoil|[of] p2a: Scizor
|faint|p2a: Scizor
|
|
|switch|p2a: Shin|Bisharp, F|272\/272
|-damage|p2a: Shin|255\/272|[from] Stealth Rock
|turn|7
|
|move|p1a: Talonflame|Flare Blitz|p2a: Shin
|-supereffective|p2a: Shin
|-damage|p2a: Shin|0 fnt
|-damage|p1a: Talonflame|124\/307|[from] recoil|[of] p2a: Shin
|faint|p2a: Shin
|
|
|switch|p2a: Rotom-Wash|Rotom-Wash|150\/304
|-damage|p2a: Rotom-Wash|112\/304|[from] Stealth Rock
|turn|8
|
|move|p1a: Talonflame|Flare Blitz|p2a: Rotom-Wash
|-resisted|p2a: Rotom-Wash
|-damage|p2a: Rotom-Wash|22\/304
|-damage|p1a: Talonflame|94\/307|[from] recoil|[of] p2a: Rotom-Wash
|move|p2a: Rotom-Wash|Hydro Pump|p1a: Talonflame
|-supereffective|p1a: Talonflame
|-damage|p1a: Talonflame|0 fnt
|faint|p1a: Talonflame
|
|
|switch|p1a: Kyurem-Black|Kyurem-Black|391\/391
|-ability|p1a: Kyurem-Black|Teravolt
|turn|9
|
|move|p1a: Kyurem-Black|Dragon Claw|p2a: Rotom-Wash
|-damage|p2a: Rotom-Wash|0 fnt
|-damage|p1a: Kyurem-Black|352\/391|[from] item: Life Orb
|faint|p2a: Rotom-Wash
|
|
|switch|p2a: Kintoki|Gallade, M|277\/277
|-damage|p2a: Kintoki|260\/277|[from] Stealth Rock
|turn|10
|
|detailschange|p2a: Kintoki|Gallade-Mega, M
|message|Gallade has Mega Evolved into Mega Gallade!
|move|p2a: Kintoki|Drain Punch|p1a: Kyurem-Black
|-supereffective|p1a: Kyurem-Black
|-damage|p1a: Kyurem-Black|0 fnt
|-heal|p2a: Kintoki|277\/277|[from] drain|[of] p1a: Kyurem-Black
|faint|p1a: Kyurem-Black
|
|
|switch|p1a: Heracross|Heracross, F|311\/311
|turn|11
|
|switch|p2a: Hibito|Chesnaught, M|380\/380
|-damage|p2a: Hibito|357\/380|[from] Stealth Rock
|detailschange|p1a: Heracross|Heracross-Mega, F
|message|Heracross has Mega Evolved into Mega Heracross!
|move|p1a: Heracross|Pin Missile|p2a: Hibito
|-damage|p2a: Hibito|314\/380
|-damage|p2a: Hibito|269\/380
|-damage|p2a: Hibito|230\/380
|-damage|p2a: Hibito|188\/380
|-damage|p2a: Hibito|146\/380
|-hitcount|p2a: Hibito|5
|
|turn|12
|
|move|p1a: Heracross|Pin Missile|p2a: Hibito
|-damage|p2a: Hibito|109\/380
|-damage|p2a: Hibito|66\/380
|-damage|p2a: Hibito|26\/380
|-damage|p2a: Hibito|0 fnt
|-hitcount|p2a: Hibito|4
|faint|p2a: Hibito
|
|
|switch|p2a: Sylvy|Sylveon, M|178\/394
|-damage|p2a: Sylvy|129\/394|[from] Stealth Rock
|turn|13
|
|move|p1a: Heracross|Rock Blast|p2a: Sylvy
|-damage|p2a: Sylvy|64\/394
|-crit|p2a: Sylvy
|-damage|p2a: Sylvy|0 fnt
|-hitcount|p2a: Sylvy|2
|faint|p2a: Sylvy
|
|c|âKing0fKnights|so many misplays
|
|switch|p2a: Kintoki|Gallade-Mega, M|277\/277
|-damage|p2a: Kintoki|260\/277|[from] Stealth Rock
|turn|14
|
|move|p2a: Kintoki|Psycho Cut|p1a: Heracross
|-supereffective|p1a: Heracross
|-damage|p1a: Heracross|23\/311
|move|p1a: Heracross|Pin Missile|p2a: Kintoki|[miss]
|-miss|p1a: Heracross|p2a: Kintoki
|
|turn|15
|
|move|p2a: Kintoki|Psycho Cut|p1a: Heracross
|-supereffective|p1a: Heracross
|-damage|p1a: Heracross|0 fnt
|faint|p1a: Heracross
|
|
|switch|p1a: Diggersby|Diggersby, F|311\/311
|turn|16
|
|move|p2a: Kintoki|Drain Punch|p1a: Diggersby
|-supereffective|p1a: Diggersby
|-damage|p1a: Diggersby|0 fnt
|-heal|p2a: Kintoki|277\/277|[from] drain|[of] p1a: Diggersby
|faint|p1a: Diggersby
|
|win|King0fKnights
|raw|Ladder updating...
|raw|ekanen's rating: 1557 &rarr; <strong>1534<\/strong><br \/>(-23 for losing)
|raw|King0fKnights's rating: 1500 &rarr; <strong>1523<\/strong><br \/>(+23 for winning)
|leave|ekanen
|player|p1