|join|wish killer
|join|ekanen
|player|p1|wish killer|68
|player|p2|ekanen|46
|gametype|singles
|gen|6
|tier|OU
|rated
|clearpoke
|poke|p1|Bisharp, M
|poke|p1|Venusaur, M
|poke|p1|Heatran, M
|poke|p1|Keldeo
|poke|p1|Chansey, F
|poke|p1|Skarmory, M
|poke|p2|Venusaur, M
|poke|p2|Bisharp, M
|poke|p2|Rotom-Wash
|poke|p2|Landorus-Therian, M
|poke|p2|Keldeo
|poke|p2|Latias, F
|rule|Swagger Clause: Swagger is banned
|rule|Baton Pass Clause: Limit one PokÃ©mon knowing Baton Pass
|rule|Sleep Clause Mod: Limit one foe put to sleep
|rule|Species Clause: Limit one of each PokÃ©mon
|rule|OHKO Clause: OHKO moves are banned
|rule|Moody Clause: Moody is banned
|rule|Evasion Moves Clause: Evasion moves are banned
|rule|Endless Battle Clause: Forcing endless battles is banned
|rule|HP Percentage Mod: HP is shown in percentages
|teampreview
|join|Zenzoh
|join|Prince Rdan
|join|misc all day
|c| Zenzoh|HOTY
|join|Alldaalts
|c| Prince Rdan|Oh hey. I played both of you today.
|
|start
|switch|p1a: Nice try hacker|Venusaur, M|364\/364
|switch|p2a: Rotom-Wash|Rotom-Wash|303\/303
|turn|1
|join|jhkgkjgh
|
|detailschange|p1a: Nice try hacker|Venusaur-Mega, M
|-mega|p1a: Nice try hacker|Venusaur|Venusaurite
|move|p2a: Rotom-Wash|Volt Switch|p1a: Nice try hacker
|-resisted|p1a: Nice try hacker
|-damage|p1a: Nice try hacker|325\/364
|
|switch|p2a: Venusaur|Venusaur, M|339\/339
|move|p1a: Nice try hacker|Giga Drain|p2a: Venusaur
|-resisted|p2a: Venusaur
|-damage|p2a: Venusaur|313\/339
|-heal|p1a: Nice try hacker|338\/364|[from] drain|[of] p2a: Venusaur
|
|turn|2
|
|switch|p2a: Landorus-Therian|Landorus-Therian, M|359\/359
|-ability|p2a: Landorus-Therian|Intimidate|[of] p1a: Nice try hacker
|-unboost|p1a: Nice try hacker|atk|1
|switch|p1a: Nice try hacker|Heatran, M|340\/340
|-item|p1a: Nice try hacker|Air Balloon
|
|turn|3
|
|move|p1a: Nice try hacker|Toxic|p2a: Landorus-Therian
|-status|p2a: Landorus-Therian|tox
|move|p2a: Landorus-Therian|U-turn|p1a: Nice try hacker
|-resisted|p1a: Nice try hacker
|-damage|p1a: Nice try hacker|320\/340
|-enditem|p1a: Nice try hacker|Air Balloon
|
|switch|p2a: Rotom-Wash|Rotom-Wash|303\/303
|
|turn|4
|
|move|p1a: Nice try hacker|Toxic|p2a: Rotom-Wash
|-status|p2a: Rotom-Wash|tox
|move|p2a: Rotom-Wash|Hydro Pump|p1a: Nice try hacker
|-supereffective|p1a: Nice try hacker
|-damage|p1a: Nice try hacker|84\/340
|
|-damage|p2a: Rotom-Wash|285\/303 tox|[from] psn
|turn|5
|
|move|p1a: Nice try hacker|Stealth Rock|p2a: Rotom-Wash
|-sidestart|p2: ekanen|move: Stealth Rock
|move|p2a: Rotom-Wash|Volt Switch|p1a: Nice try hacker
|-damage|p1a: Nice try hacker|0 fnt
|faint|p1a: Nice try hacker
|
|switch|p2a: Venusaur|Venusaur, M|313\/339
|-damage|p2a: Venusaur|271\/339|[from] Stealth Rock
|
|
|switch|p1a: Nice try hacker|Chansey, F|684\/684
|turn|6
|
|switch|p2a: Landorus-Therian|Landorus-Therian, M|359\/359 tox
|-damage|p2a: Landorus-Therian|315\/359 tox|[from] Stealth Rock
|-ability|p2a: Landorus-Therian|Intimidate|[of] p1a: Nice try hacker
|-unboost|p1a: Nice try hacker|atk|1
|move|p1a: Nice try hacker|Seismic Toss|p2a: Landorus-Therian
|-damage|p2a: Landorus-Therian|215\/359 tox
|
|-damage|p2a: Landorus-Therian|193\/359 tox|[from] psn
|turn|7
|
|switch|p1a: Nice try hacker|Skarmory, M|334\/334
|move|p2a: Landorus-Therian|U-turn|p1a: Nice try hacker
|-resisted|p1a: Nice try hacker
|-damage|p1a: Nice try hacker|319\/334
|-damage|p2a: Landorus-Therian|134\/359 tox|[from] item: Rocky Helmet|[of] p1a: Nice try hacker
|
|switch|p2a: Rotom-Wash|Rotom-Wash|285\/303 tox
|-damage|p2a: Rotom-Wash|248\/303 tox|[from] Stealth Rock
|
|-heal|p2a: Rotom-Wash|266\/303 tox|[from] item: Leftovers
|-damage|p2a: Rotom-Wash|248\/303 tox|[from] psn
|turn|8
|
|switch|p1a: Nice try hacker|Chansey, F|684\/684
|move|p2a: Rotom-Wash|Volt Switch|p1a: Nice try hacker
|-damage|p1a: Nice try hacker|632\/684
|
|switch|p2a: Bisharp|Bisharp, M|271\/271
|-damage|p2a: Bisharp|255\/271|[from] Stealth Rock
|
|turn|9
|
|switch|p1a: Nice try hacker|Keldeo|323\/323
|move|p2a: Bisharp|Knock Off|p1a: Nice try hacker
|-resisted|p1a: Nice try hacker
|-damage|p1a: Nice try hacker|198\/323
|-boost|p1a: Nice try hacker|atk|1|[from] ability: Justified
|-enditem|p1a: Nice try hacker|Leftovers|[from] move: Knock Off|[of] p2a: Bisharp
|-damage|p2a: Bisharp|228\/271|[from] item: Life Orb
|
|turn|10
|
|switch|p2a: Latias|Latias, F|301\/301
|-damage|p2a: Latias|264\/301|[from] Stealth Rock
|move|p1a: Nice try hacker|Scald|p2a: Latias
|-resisted|p2a: Latias
|-damage|p2a: Latias|203\/301
|
|turn|11
|
|switch|p2a: Keldeo|Keldeo|323\/323
|-damage|p2a: Keldeo|303\/323|[from] Stealth Rock
|switch|p1a: Nice try hacker|Bisharp, M|334\/334
|
|-heal|p2a: Keldeo|323\/323|[from] item: Leftovers
|turn|12
|
|switch|p1a: Nice try hacker|Venusaur-Mega, M|338\/364
|move|p2a: Keldeo|Scald|p1a: Nice try hacker
|-resisted|p1a: Nice try hacker
|-damage|p1a: Nice try hacker|278\/364
|
|turn|13
|
|switch|p2a: Latias|Latias, F|203\/301
|-damage|p2a: Latias|166\/301|[from] Stealth Rock
|move|p1a: Nice try hacker|Giga Drain|p2a: Latias
|-resisted|p2a: Latias
|-damage|p2a: Latias|124\/301
|-heal|p1a: Nice try hacker|299\/364|[from] drain|[of] p2a: Latias
|
|turn|14
|
|switch|p1a: Nice try hacker|Bisharp, M|334\/334
|move|p2a: Latias|Defog|p1a: Nice try hacker
|-unboost|p1a: Nice try hacker|evasion|1
|-boost|p1a: Nice try hacker|atk|2|[from] ability: Defiant
|-sideend|p2: ekanen|Stealth Rock|[from] move: Defog|[of] p2a: Latias
|
|turn|15
|
|switch|p2a: Keldeo|Keldeo|323\/323
|move|p1a: Nice try hacker|Knock Off|p2a: Keldeo
|-resisted|p2a: Keldeo
|-damage|p2a: Keldeo|110\/323
|-boost|p2a: Keldeo|atk|1|[from] ability: Justified
|-enditem|p2a: Keldeo|Leftovers|[from] move: Knock Off|[of] p1a: Nice try hacker
|
|turn|16
|
|switch|p1a: Nice try hacker|Venusaur-Mega, M|299\/364
|move|p2a: Keldeo|Secret Sword|p1a: Nice try hacker
|-resisted|p1a: Nice try hacker
|-damage|p1a: Nice try hacker|248\/364
|
|turn|17
|join|Mistaken
|c| Mistaken|Bloody wasn't meh
|
|move|p2a: Keldeo|Scald|p1a: Nice try hacker
|-resisted|p1a: Nice try hacker
|-damage|p1a: Nice try hacker|191\/364
|-status|p1a: Nice try hacker|brn
|move|p1a: Nice try hacker|Leech Seed|p2a: Keldeo
|-start|p2a: Keldeo|move: Leech Seed
|
|-damage|p2a: Keldeo|70\/323|[from] Leech Seed|[of] p1a: Nice try hacker
|-heal|p1a: Nice try hacker|231\/364 brn|[silent]
|-damage|p1a: Nice try hacker|186\/364 brn|[from] brn
|turn|18
|join|JohnxYiu
|
|switch|p2a: Latias|Latias, F|124\/301
|move|p1a: Nice try hacker|Synthesis|p1a: Nice try hacker
|-heal|p1a: Nice try hacker|364\/364 brn
|
|-damage|p1a: Nice try hacker|319\/364 brn|[from] brn
|turn|19
|c| Zenzoh|it wasn't you?
|
|switch|p2a: Keldeo|Keldeo|70\/323
|switch|p1a: Nice try hacker|Chansey, F|632\/684
|
|turn|20
|c| Mistaken|I deny everything
|
|switch|p1a: Nice try hacker|Venusaur-Mega, M|319\/364 brn
|move|p2a: Keldeo|Secret Sword|p1a: Nice try hacker
|-resisted|p1a: Nice try hacker
|-damage|p1a: Nice try hacker|269\/364 brn
|
|-damage|p1a: Nice try hacker|224\/364 brn|[from] brn
|turn|21
|
|switch|p2a: Venusaur|Venusaur, M|271\/339
|move|p1a: Nice try hacker|Synthesis|p1a: Nice try hacker
|-heal|p1a: Nice try hacker|364\/364 brn
|
|-damage|p1a: Nice try hacker|319\/364 brn|[from] brn
|turn|22
|
|switch|p1a: Nice try hacker|Skarmory, M|319\/334
|detailschange|p2a: Venusaur|Venusaur-Mega, M
|-mega|p2a: Venusaur|Venusaur|Venusaurite
|move|p2a: Venusaur|Sludge Bomb|p1a: Nice try hacker
|-immune|p1a: Nice try hacker|[msg]
|
|turn|23
|
|switch|p1a: Nice try hacker|Chansey, F|632\/684
|move|p2a: Venusaur|Hidden Power|p1a: Nice try hacker
|-damage|p1a: Nice try hacker|590\/684
|
|turn|24
|
|switch|p2a: Keldeo|Keldeo|70\/323
|move|p1a: Nice try hacker|Seismic Toss|p2a: Keldeo
|-damage|p2a: Keldeo|0 fnt
|faint|p2a: Keldeo
|
|join|oml it's too ez
|
|switch|p2a: Bisharp|Bisharp, M|228\/271
|turn|25
|
|move|p2a: Bisharp|Pursuit|p1a: Nice try hacker|[from]Pursuit
|-damage|p1a: Nice try hacker|324\/684
|-damage|p2a: Bisharp|201\/271|[from] item: Life Orb
|switch|p1a: Nice try hacker|Skarmory, M|319\/334
|
|turn|26
|
|move|p2a: Bisharp|Knock Off|p1a: Nice try hacker
|-damage|p1a: Nice try hacker|173\/334
|-damage|p2a: Bisharp|156\/271|[from] item: Rocky Helmet|[of] p1a: Nice try hacker
|-enditem|p1a: Nice try hacker|Rocky Helmet|[from] move: Knock Off|[of] p2a: Bisharp
|-damage|p2a: Bisharp|129\/271|[from] item: Life Orb
|move|p1a: Nice try hacker|Spikes|p2a: Bisharp
|-sidestart|p2: ekanen|Spikes
|
|turn|27
|
|switch|p2a: Latias|Latias, F|124\/301
|move|p1a: Nice try hacker|Roost|p1a: Nice try hacker
|-heal|p1a: Nice try hacker|334\/334
|
|turn|28
|
|move|p2a: Latias|Draco Meteor|p1a: Nice try hacker|[miss]
|-miss|p2a: Latias|p1a: Nice try hacker
|move|p1a: Nice try hacker|Brave Bird|p2a: Latias
|-damage|p2a: Latias|0 fnt
|-damage|p1a: Nice try hacker|293\/334|[from] recoil|[of] p2a: Latias
|faint|p2a: Latias
|
|
|switch|p2a: Rotom-Wash|Rotom-Wash|248\/303 tox
|turn|29
|join|Biz
|
|switch|p1a: Nice try hacker|Chansey, F|324\/684
|move|p2a: Rotom-Wash|Volt Switch|p1a: Nice try hacker
|-damage|p1a: Nice try hacker|267\/684
|leave|Biz
|c| Mistaken|Nice try hacker, come back!
|
|switch|p2a: Bisharp|Bisharp, M|129\/271
|-damage|p2a: Bisharp|96\/271|[from] Spikes
|
|turn|30
|join|Padapos the retard
|
|switch|p1a: Nice try hacker|Skarmory, M|293\/334
|move|p2a: Bisharp|Knock Off|p1a: Nice try hacker
|-damage|p1a: Nice try hacker|190\/334
|-damage|p2a: Bisharp|69\/271|[from] item: Life Orb
|
|turn|31
|c| Mistaken|those names
|-message|ekanen forfeited.
|
|win|wish killer
|raw|Ladder updating...
|leave|ekanen
|player|p2
|raw|wish killer's rating: 1764 &rarr; <strong>1777<\/strong><br \/>(+13 for winning)
|raw|ekanen's rating: 1635 &rarr; <strong>1622<\/strong><br \/>(-13 for losing)