|join|ekanen
|join|Reverb
|player|p1|ekanen|46
|player|p2|Reverb|#reverbxmas
|gametype|singles
|gen|6
|tier|OU
|rated
|clearpoke
|poke|p1|Venusaur, F
|poke|p1|Bisharp, F
|poke|p1|Rotom-Wash
|poke|p1|Landorus-Therian, M
|poke|p1|Keldeo
|poke|p1|Scizor, M
|poke|p2|Landorus, M
|poke|p2|Celebi
|poke|p2|Talonflame, F
|poke|p2|Empoleon, M
|poke|p2|Azumarill, M
|poke|p2|Metagross
|rule|Swagger Clause: Swagger is banned
|rule|Baton Pass Clause: Limit one PokÃ©mon knowing Baton Pass
|rule|Sleep Clause Mod: Limit one foe put to sleep
|rule|Species Clause: Limit one of each PokÃ©mon
|rule|OHKO Clause: OHKO moves are banned
|rule|Moody Clause: Moody is banned
|rule|Evasion Moves Clause: Evasion moves are banned
|rule|Endless Battle Clause: Forcing endless battles is banned
|rule|HP Percentage Mod: HP is shown in percentages
|teampreview
|join|Alkov
|
|start
|switch|p1a: Rotom-Wash|Rotom-Wash|303\/303
|switch|p2a: Empoleon|Empoleon, M|371\/371
|turn|1
|
|move|p1a: Rotom-Wash|Volt Switch|p2a: Empoleon
|-supereffective|p2a: Empoleon
|-damage|p2a: Empoleon|207\/371
|
|switch|p1a: Keldeo|Keldeo|323\/323
|move|p2a: Empoleon|Stealth Rock|p1a: Keldeo
|-sidestart|p1: ekanen|move: Stealth Rock
|
|-heal|p2a: Empoleon|230\/371|[from] item: Leftovers
|turn|2
|
|switch|p1a: Bisharp|Bisharp, F|271\/271
|-damage|p1a: Bisharp|255\/271|[from] Stealth Rock
|switch|p2a: Azumarill|Azumarill, M|372\/372
|
|turn|3
|
|switch|p1a: Venusaur|Venusaur, F|339\/339
|-damage|p1a: Venusaur|297\/339|[from] Stealth Rock
|move|p2a: Azumarill|Superpower|p1a: Venusaur
|-resisted|p1a: Venusaur
|-damage|p1a: Venusaur|201\/339
|-unboost|p2a: Azumarill|atk|1
|-unboost|p2a: Azumarill|def|1
|
|turn|4
|
|switch|p2a: Landorus|Landorus, M|319\/319
|detailschange|p1a: Venusaur|Venusaur-Mega, F
|-mega|p1a: Venusaur|Venusaur|Venusaurite
|move|p1a: Venusaur|Hidden Power|p2a: Landorus
|-damage|p2a: Landorus|221\/319
|
|turn|5
|
|switch|p1a: Scizor|Scizor, M|343\/343
|-damage|p1a: Scizor|301\/343|[from] Stealth Rock
|move|p2a: Landorus|Earth Power|p1a: Scizor
|-damage|p1a: Scizor|3\/343
|
|-heal|p1a: Scizor|24\/343|[from] item: Leftovers
|turn|6
|
|move|p1a: Scizor|Bullet Punch|p2a: Landorus
|-damage|p2a: Landorus|98\/319
|move|p2a: Landorus|Psychic|p1a: Scizor
|-resisted|p1a: Scizor
|-damage|p1a: Scizor|0 fnt
|faint|p1a: Scizor
|
|
|switch|p1a: Keldeo|Keldeo|323\/323
|-damage|p1a: Keldeo|303\/323|[from] Stealth Rock
|turn|7
|join|CleanerThanRotom-W
|
|switch|p2a: Azumarill|Azumarill, M|372\/372
|move|p1a: Keldeo|Scald|p2a: Azumarill
|-resisted|p2a: Azumarill
|-damage|p2a: Azumarill|317\/372
|-status|p2a: Azumarill|brn
|
|-heal|p1a: Keldeo|323\/323|[from] item: Leftovers
|-damage|p2a: Azumarill|271\/372 brn|[from] brn
|turn|8
|c| CleanerThanRotom-W|sup
|c|âReverb|nm
|c|âReverb|you?
|
|move|p1a: Keldeo|Substitute|p1a: Keldeo
|-start|p1a: Keldeo|Substitute
|-damage|p1a: Keldeo|243\/323
|move|p2a: Azumarill|Play Rough|p1a: Keldeo
|-supereffective|p1a: Keldeo
|-end|p1a: Keldeo|Substitute
|
|-heal|p1a: Keldeo|263\/323|[from] item: Leftovers
|-damage|p2a: Azumarill|225\/372 brn|[from] brn
|turn|9
|c| CleanerThanRotom-W|nm either
|
|switch|p1a: Landorus-Therian|Landorus-Therian, M|359\/359
|-damage|p1a: Landorus-Therian|315\/359|[from] Stealth Rock
|-ability|p1a: Landorus-Therian|Intimidate|[of] p2a: Azumarill
|-unboost|p2a: Azumarill|atk|1
|move|p2a: Azumarill|Play Rough|p1a: Landorus-Therian
|-damage|p1a: Landorus-Therian|246\/359
|
|-damage|p2a: Azumarill|179\/372 brn|[from] brn
|turn|10
|
|switch|p2a: Metagross|Metagross|301\/301
|move|p1a: Landorus-Therian|Stealth Rock|p2a: Metagross
|-sidestart|p2: Reverb|move: Stealth Rock
|
|turn|11
|
|detailschange|p2a: Metagross|Metagross-Mega
|-mega|p2a: Metagross|Metagross|Metagrossite
|move|p2a: Metagross|Ice Punch|p1a: Landorus-Therian
|-supereffective|p1a: Landorus-Therian
|-damage|p1a: Landorus-Therian|0 fnt
|faint|p1a: Landorus-Therian
|
|
|switch|p1a: Rotom-Wash|Rotom-Wash|303\/303
|-damage|p1a: Rotom-Wash|266\/303|[from] Stealth Rock
|turn|12
|
|switch|p2a: Azumarill|Azumarill, M|179\/372 brn
|-damage|p2a: Azumarill|133\/372 brn|[from] Stealth Rock
|move|p1a: Rotom-Wash|Volt Switch|p2a: Azumarill
|-supereffective|p2a: Azumarill
|-damage|p2a: Azumarill|0 fnt
|faint|p2a: Azumarill
|
|switch|p1a: Bisharp|Bisharp, F|255\/271
|-damage|p1a: Bisharp|239\/271|[from] Stealth Rock
|
|
|switch|p2a: Empoleon|Empoleon, M|230\/371
|-damage|p2a: Empoleon|207\/371|[from] Stealth Rock
|turn|13
|
|move|p1a: Bisharp|Knock Off|p2a: Empoleon
|-damage|p2a: Empoleon|19\/371
|-enditem|p2a: Empoleon|Leftovers|[from] move: Knock Off|[of] p1a: Bisharp
|-damage|p1a: Bisharp|212\/271|[from] item: Life Orb
|move|p2a: Empoleon|Scald|p1a: Bisharp
|-damage|p1a: Bisharp|4\/271
|
|turn|14
|join|Marshmallon
|
|move|p1a: Bisharp|Knock Off|p2a: Empoleon
|-damage|p2a: Empoleon|0 fnt
|-damage|p1a: Bisharp|0 fnt|[from] item: Life Orb
|faint|p2a: Empoleon
|faint|p1a: Bisharp
|
|
|switch|p1a: Keldeo|Keldeo|263\/323
|switch|p2a: Celebi|Celebi|404\/404
|-damage|p1a: Keldeo|243\/323|[from] Stealth Rock
|-damage|p2a: Celebi|354\/404|[from] Stealth Rock
|turn|15
|
|switch|p1a: Venusaur|Venusaur-Mega, F|201\/339
|-damage|p1a: Venusaur|159\/339|[from] Stealth Rock
|move|p2a: Celebi|Substitute|p2a: Celebi
|-start|p2a: Celebi|Substitute
|-damage|p2a: Celebi|253\/404
|
|-heal|p2a: Celebi|278\/404|[from] item: Leftovers
|turn|16
|join|Tom Bus
|
|move|p2a: Celebi|Baton Pass|p2a: Celebi
|c| CleanerThanRotom-W|how was that vgc team going
|
|switch|p2a: Landorus|Landorus, M|98\/319
|-damage|p2a: Landorus|59\/319|[from] Stealth Rock
|move|p1a: Venusaur|Hidden Power|p2a: Landorus
|-end|p2a: Landorus|Substitute
|
|turn|17
|
|switch|p1a: Rotom-Wash|Rotom-Wash|266\/303
|-damage|p1a: Rotom-Wash|229\/303|[from] Stealth Rock
|move|p2a: Landorus|Psychic|p1a: Rotom-Wash
|-damage|p1a: Rotom-Wash|70\/303
|
|-heal|p1a: Rotom-Wash|88\/303|[from] item: Leftovers
|turn|18
|c|âReverb|p well
|
|move|p2a: Landorus|Psychic|p1a: Rotom-Wash
|-damage|p1a: Rotom-Wash|0 fnt
|faint|p1a: Rotom-Wash
|
|c| CleanerThanRotom-W|cool
|
|switch|p1a: Keldeo|Keldeo|243\/323
|-damage|p1a: Keldeo|223\/323|[from] Stealth Rock
|turn|19
|
|move|p1a: Keldeo|Substitute|p1a: Keldeo
|-start|p1a: Keldeo|Substitute
|-damage|p1a: Keldeo|143\/323
|move|p2a: Landorus|Psychic|p1a: Keldeo
|-supereffective|p1a: Keldeo
|-end|p1a: Keldeo|Substitute
|
|-heal|p1a: Keldeo|163\/323|[from] item: Leftovers
|turn|20
|
|move|p1a: Keldeo|Scald|p2a: Landorus
|-supereffective|p2a: Landorus
|-damage|p2a: Landorus|0 fnt
|faint|p2a: Landorus
|
|-heal|p1a: Keldeo|183\/323|[from] item: Leftovers
|
|switch|p2a: Talonflame|Talonflame, F|297\/297
|-damage|p2a: Talonflame|149\/297|[from] Stealth Rock
|turn|21
|
|move|p2a: Talonflame|Brave Bird|p1a: Keldeo
|-supereffective|p1a: Keldeo
|-damage|p1a: Keldeo|0 fnt
|-damage|p2a: Talonflame|89\/297|[from] recoil|[of] p1a: Keldeo
|faint|p1a: Keldeo
|
|c|âReverb|gg
|-message|ekanen forfeited.
|
|win|Reverb
|raw|Ladder updating...
|leave|ekanen
|player|p1
|raw|ekanen's rating: 1625 &rarr; <strong>1610<\/strong><br \/>(-15 for losing)
|raw|Reverb's rating: 1707 &rarr; <strong>1722<\/strong><br \/>(+15 for winning)