|join|ekanen
|join|passingthetime
|player|p1|ekanen|46
|player|p2|passingthetime|101
|gametype|singles
|gen|6
|tier|OU (suspect test)
|rated
|clearpoke
|poke|p1|Altaria, F
|poke|p1|Bisharp, M
|poke|p1|Keldeo
|poke|p1|Landorus-Therian, M
|poke|p1|Heatran, M
|poke|p1|Latias, F
|poke|p2|Tornadus-Therian, M
|poke|p2|Metagross
|poke|p2|Keldeo
|poke|p2|Landorus-Therian, M
|poke|p2|Rotom-Wash
|poke|p2|Clefable, F
|rule|Swagger Clause: Swagger is banned
|rule|Baton Pass Clause: Limit one PokÃ©mon knowing Baton Pass
|rule|Sleep Clause Mod: Limit one foe put to sleep
|rule|Species Clause: Limit one of each PokÃ©mon
|rule|OHKO Clause: OHKO moves are banned
|rule|Moody Clause: Moody is banned
|rule|Evasion Moves Clause: Evasion moves are banned
|rule|Endless Battle Clause: Forcing endless battles is banned
|rule|HP Percentage Mod: HP is shown in percentages
|teampreview
|
|start
|switch|p1a: Altaria|Altaria, F|311\/311
|switch|p2a: Big Bird|Tornadus-Therian, M|299\/299
|turn|1
|
|detailschange|p1a: Altaria|Altaria-Mega, F
|-mega|p1a: Altaria|Altaria|Altarianite
|move|p2a: Big Bird|Hurricane|p1a: Altaria|[miss]
|-miss|p2a: Big Bird|p1a: Altaria
|move|p1a: Altaria|Frustration|p2a: Big Bird
|-damage|p2a: Big Bird|44\/299
|
|turn|2
|
|switch|p2a: Jono|Metagross|301\/301
|move|p1a: Altaria|Frustration|p2a: Jono
|-resisted|p2a: Jono
|-damage|p2a: Jono|209\/301
|
|turn|3
|
|switch|p1a: Heatran|Heatran, M|385\/385
|detailschange|p2a: Jono|Metagross-Mega
|-mega|p2a: Jono|Metagross|Metagrossite
|move|p2a: Jono|Meteor Mash|p1a: Heatran
|-resisted|p1a: Heatran
|-damage|p1a: Heatran|329\/385
|
|-heal|p1a: Heatran|353\/385|[from] item: Leftovers
|turn|4
|
|switch|p2a: Paavo|Keldeo|323\/323
|switch|p1a: Landorus-Therian|Landorus-Therian, M|381\/381
|-ability|p1a: Landorus-Therian|Intimidate|[of] p2a: Paavo
|-unboost|p2a: Paavo|atk|1
|
|turn|5
|
|switch|p1a: Latias|Latias, F|321\/321
|move|p2a: Paavo|Scald|p1a: Latias
|-resisted|p1a: Latias
|-damage|p1a: Latias|260\/321
|-status|p1a: Latias|brn
|
|-damage|p1a: Latias|220\/321 brn|[from] brn
|turn|6
|
|switch|p2a: Jono|Metagross-Mega|209\/301
|move|p1a: Latias|Draco Meteor|p2a: Jono
|-resisted|p2a: Jono
|-damage|p2a: Jono|91\/301
|-unboost|p1a: Latias|spa|2
|-damage|p1a: Latias|188\/321 brn|[from] item: Life Orb
|
|-damage|p1a: Latias|148\/321 brn|[from] brn
|turn|7
|
|switch|p2a: Albert|Clefable, F|394\/394
|switch|p1a: Landorus-Therian|Landorus-Therian, M|381\/381
|-ability|p1a: Landorus-Therian|Intimidate|[of] p2a: Albert
|-unboost|p2a: Albert|atk|1
|
|turn|8
|
|move|p1a: Landorus-Therian|Stealth Rock|p2a: Albert
|-sidestart|p2: passingthetime|move: Stealth Rock
|move|p2a: Albert|Moonblast|p1a: Landorus-Therian
|-damage|p1a: Landorus-Therian|248\/381
|
|-heal|p1a: Landorus-Therian|271\/381|[from] item: Leftovers
|turn|9
|
|move|p1a: Landorus-Therian|U-turn|p2a: Albert
|-resisted|p2a: Albert
|-damage|p2a: Albert|354\/394
|
|switch|p1a: Heatran|Heatran, M|353\/385
|move|p2a: Albert|Moonblast|p1a: Heatran
|-resisted|p1a: Heatran
|-damage|p1a: Heatran|334\/385
|
|-heal|p1a: Heatran|358\/385|[from] item: Leftovers
|-heal|p2a: Albert|378\/394|[from] item: Leftovers
|turn|10
|
|switch|p2a: Paavo|Keldeo|323\/323
|-damage|p2a: Paavo|303\/323|[from] Stealth Rock
|move|p1a: Heatran|Taunt|p2a: Paavo
|-start|p2a: Paavo|move: Taunt
|
|-heal|p2a: Paavo|323\/323|[from] item: Leftovers
|-heal|p1a: Heatran|382\/385|[from] item: Leftovers
|turn|11
|
|switch|p1a: Latias|Latias, F|148\/321 brn
|move|p2a: Paavo|Scald|p1a: Latias
|-resisted|p1a: Latias
|-damage|p1a: Latias|90\/321 brn
|
|-damage|p1a: Latias|50\/321 brn|[from] brn
|turn|12
|
|switch|p2a: Albert|Clefable, F|378\/394
|move|p1a: Latias|Roost|p1a: Latias
|-heal|p1a: Latias|211\/321 brn
|
|-heal|p2a: Albert|394\/394|[from] item: Leftovers
|-damage|p1a: Latias|171\/321 brn|[from] brn
|turn|13
|
|switch|p1a: Heatran|Heatran, M|382\/385
|switch|p2a: Paavo|Keldeo|323\/323
|-damage|p2a: Paavo|303\/323|[from] Stealth Rock
|
|-heal|p2a: Paavo|323\/323|[from] item: Leftovers
|-heal|p1a: Heatran|385\/385|[from] item: Leftovers
|turn|14
|
|switch|p1a: Latias|Latias, F|171\/321 brn
|move|p2a: Paavo|Substitute|p2a: Paavo
|-start|p2a: Paavo|Substitute
|-damage|p2a: Paavo|243\/323
|
|-heal|p2a: Paavo|263\/323|[from] item: Leftovers
|-damage|p1a: Latias|131\/321 brn|[from] brn
|turn|15
|
|move|p1a: Latias|Roost|p1a: Latias
|-heal|p1a: Latias|292\/321 brn
|move|p2a: Paavo|Calm Mind|p2a: Paavo
|-boost|p2a: Paavo|spa|1
|-boost|p2a: Paavo|spd|1
|
|-heal|p2a: Paavo|283\/323|[from] item: Leftovers
|-damage|p1a: Latias|252\/321 brn|[from] brn
|turn|16
|
|move|p1a: Latias|Psyshock|p2a: Paavo
|-supereffective|p2a: Paavo
|-end|p2a: Paavo|Substitute
|-damage|p1a: Latias|220\/321 brn|[from] item: Life Orb
|move|p2a: Paavo|Secret Sword|p1a: Latias
|-resisted|p1a: Latias
|-damage|p1a: Latias|97\/321 brn
|
|-heal|p2a: Paavo|303\/323|[from] item: Leftovers
|-damage|p1a: Latias|57\/321 brn|[from] brn
|turn|17
|
|move|p1a: Latias|Roost|p1a: Latias
|-heal|p1a: Latias|218\/321 brn
|move|p2a: Paavo|Secret Sword|p1a: Latias
|-resisted|p1a: Latias
|-damage|p1a: Latias|85\/321 brn
|
|-heal|p2a: Paavo|323\/323|[from] item: Leftovers
|-damage|p1a: Latias|45\/321 brn|[from] brn
|turn|18
|
|move|p1a: Latias|Psyshock|p2a: Paavo
|-supereffective|p2a: Paavo
|-damage|p2a: Paavo|0 fnt
|-damage|p1a: Latias|13\/321 brn|[from] item: Life Orb
|faint|p2a: Paavo
|
|-damage|p1a: Latias|0 fnt|[from] brn
|faint|p1a: Latias
|
|switch|p2a: Big Bird|Tornadus-Therian, M|143\/299
|switch|p1a: Keldeo|Keldeo|323\/323
|-damage|p2a: Big Bird|69\/299|[from] Stealth Rock
|turn|19
|
|switch|p1a: Heatran|Heatran, M|385\/385
|move|p2a: Big Bird|Hurricane|p1a: Heatran
|-resisted|p1a: Heatran
|-damage|p1a: Heatran|291\/385
|-damage|p2a: Big Bird|40\/299|[from] item: Life Orb
|
|-heal|p1a: Heatran|315\/385|[from] item: Leftovers
|turn|20
|
|switch|p2a: Kyau|Rotom-Wash|304\/304
|-damage|p2a: Kyau|266\/304|[from] Stealth Rock
|switch|p1a: Landorus-Therian|Landorus-Therian, M|271\/381
|-ability|p1a: Landorus-Therian|Intimidate|[of] p2a: Kyau
|-unboost|p2a: Kyau|atk|1
|
|-heal|p1a: Landorus-Therian|294\/381|[from] item: Leftovers
|-heal|p2a: Kyau|285\/304|[from] item: Leftovers
|turn|21
|
|move|p1a: Landorus-Therian|U-turn|p2a: Kyau
|-damage|p2a: Kyau|231\/304
|
|switch|p1a: Altaria|Altaria-Mega, F|311\/311
|move|p2a: Kyau|Will-O-Wisp|p1a: Altaria|[miss]
|-miss|p2a: Kyau|p1a: Altaria
|
|-heal|p2a: Kyau|250\/304|[from] item: Leftovers
|turn|22
|
|move|p1a: Altaria|Dragon Dance|p1a: Altaria
|-boost|p1a: Altaria|atk|1
|-boost|p1a: Altaria|spe|1
|move|p2a: Kyau|Will-O-Wisp|p1a: Altaria|[miss]
|-miss|p2a: Kyau|p1a: Altaria
|
|-heal|p2a: Kyau|269\/304|[from] item: Leftovers
|turn|23
|c|âpassingthetime|lol
|
|move|p1a: Altaria|Dragon Dance|p1a: Altaria
|-boost|p1a: Altaria|atk|1
|-boost|p1a: Altaria|spe|1
|move|p2a: Kyau|Will-O-Wisp|p1a: Altaria|[miss]
|-miss|p2a: Kyau|p1a: Altaria
|
|-heal|p2a: Kyau|288\/304|[from] item: Leftovers
|turn|24
|c|âpassingthetime|wow
|c|âpassingthetime|holy shit
|
|move|p1a: Altaria|Frustration|p2a: Kyau
|-damage|p2a: Kyau|0 fnt
|faint|p2a: Kyau
|
|
|switch|p2a: Jono|Metagross-Mega|91\/301
|-damage|p2a: Jono|73\/301|[from] Stealth Rock
|turn|25
|
|move|p2a: Jono|Bullet Punch|p1a: Altaria
|-supereffective|p1a: Altaria
|-damage|p1a: Altaria|113\/311
|move|p1a: Altaria|Frustration|p2a: Jono
|-resisted|p2a: Jono
|-damage|p2a: Jono|0 fnt
|faint|p2a: Jono
|
|
|switch|p2a: Tony|Landorus-Therian, M|367\/367
|-damage|p2a: Tony|322\/367|[from] Stealth Rock
|-ability|p2a: Tony|Intimidate|[of] p1a: Altaria
|-unboost|p1a: Altaria|atk|1
|turn|26
|
|switch|p2a: Albert|Clefable, F|394\/394
|move|p1a: Altaria|Frustration|p2a: Albert
|-damage|p2a: Albert|48\/394
|
|-heal|p2a: Albert|72\/394|[from] item: Leftovers
|turn|27
|
|move|p1a: Altaria|Frustration|p2a: Albert
|-damage|p2a: Albert|0 fnt
|faint|p2a: Albert
|
|
|switch|p2a: Tony|Landorus-Therian, M|322\/367
|-damage|p2a: Tony|277\/367|[from] Stealth Rock
|-ability|p2a: Tony|Intimidate|[of] p1a: Altaria
|-unboost|p1a: Altaria|atk|1
|turn|28
|c|âpassingthetime|3 wow dodges
|
|move|p1a: Altaria|Roost|p1a: Altaria
|-heal|p1a: Altaria|269\/311
|move|p2a: Tony|Earthquake|p1a: Altaria
|-damage|p1a: Altaria|118\/311
|
|-heal|p2a: Tony|299\/367|[from] item: Leftovers
|turn|29
|
|move|p1a: Altaria|Frustration|p2a: Tony
|-damage|p2a: Tony|112\/367
|move|p2a: Tony|Earthquake|p1a: Altaria
|-damage|p1a: Altaria|0 fnt
|faint|p1a: Altaria
|
|-heal|p2a: Tony|134\/367|[from] item: Leftovers
|
|switch|p1a: Keldeo|Keldeo|323\/323
|turn|30
|
|move|p1a: Keldeo|Scald|p2a: Tony
|-supereffective|p2a: Tony
|-damage|p2a: Tony|0 fnt
|faint|p2a: Tony
|
|
|switch|p2a: Big Bird|Tornadus-Therian, M|139\/299
|-damage|p2a: Big Bird|65\/299|[from] Stealth Rock
|turn|31
|
|move|p2a: Big Bird|Hurricane|p1a: Keldeo
|-supereffective|p1a: Keldeo
|-damage|p1a: Keldeo|0 fnt
|-damage|p2a: Big Bird|36\/299|[from] item: Life Orb
|faint|p1a: Keldeo
|
|
|switch|p1a: Bisharp|Bisharp, M|271\/271
|turn|32
|
|move|p1a: Bisharp|Sucker Punch|p2a: Big Bird
|-damage|p2a: Big Bird|0 fnt
|-damage|p1a: Bisharp|244\/271|[from] item: Life Orb
|faint|p2a: Big Bird
|
|win|ekanen
|raw|Ladder updating...
|raw|ekanen's rating: 1458 &rarr; <strong>1475<\/strong><br \/>(+17 for winning)
|raw|passingthetime's rating: 1412 &rarr; <strong>1394<\/strong><br \/>(-18 for losing)
|leave|ekanen
|player|p1