|join|DarkCelebi59
|join|naneek
|player|p1|DarkCelebi59|1
|player|p2|naneek|175
|gametype|singles
|gen|6
|tier|OU
|rated
|clearpoke
|poke|p1|Azumarill, F
|poke|p1|Victini
|poke|p1|Gengar, M
|poke|p1|Empoleon, M
|poke|p1|Terrakion
|poke|p1|Venusaur, M
|poke|p2|Metagross
|poke|p2|Thundurus, M
|poke|p2|Landorus-Therian, M
|poke|p2|Keldeo-Resolute
|poke|p2|Latios, M
|poke|p2|Rotom-Wash
|rule|Swagger Clause: Swagger is banned
|rule|Baton Pass Clause: Limit one PokÃ©mon knowing Baton Pass
|rule|Sleep Clause Mod: Limit one foe put to sleep
|rule|Species Clause: Limit one of each PokÃ©mon
|rule|OHKO Clause: OHKO moves are banned
|rule|Moody Clause: Moody is banned
|rule|Evasion Moves Clause: Evasion moves are banned
|rule|Endless Battle Clause: Forcing endless battles is banned
|rule|HP Percentage Mod: HP is shown in percentages
|teampreview
|
|start
|switch|p1a: Venusaur|Venusaur, M|301\/301
|switch|p2a: Rotom-Wash|Rotom-Wash|303\/303
|turn|1
|
|detailschange|p1a: Venusaur|Venusaur-Mega, M
|message|Venusaur has Mega Evolved into Mega Venusaur!
|move|p2a: Rotom-Wash|Volt Switch|p1a: Venusaur
|-resisted|p1a: Venusaur
|-damage|p1a: Venusaur|265\/301
|
|switch|p2a: Latios|Latios, M|301\/301
|move|p1a: Venusaur|Giga Drain|p2a: Latios
|-resisted|p2a: Latios
|-damage|p2a: Latios|253\/301
|-heal|p1a: Venusaur|289\/301|[from] drain|[of] p2a: Latios
|
|turn|2
|
|switch|p2a: Landorus-Therian|Landorus-Therian, M|381\/381
|-ability|p2a: Landorus-Therian|Intimidate|[of] p1a: Venusaur
|-unboost|p1a: Venusaur|atk|1
|switch|p1a: Empoleon|Empoleon, M|372\/372
|
|turn|3
|
|move|p2a: Landorus-Therian|Knock Off|p1a: Empoleon
|-damage|p1a: Empoleon|247\/372
|-enditem|p1a: Empoleon|Leftovers|[from] move: Knock Off|[of] p2a: Landorus-Therian
|move|p1a: Empoleon|Scald|p2a: Landorus-Therian
|-crit|p2a: Landorus-Therian
|-supereffective|p2a: Landorus-Therian
|-damage|p2a: Landorus-Therian|0 fnt
|faint|p2a: Landorus-Therian
|
|
|switch|p2a: Keldeo-Resolute|Keldeo-Resolute|323\/323
|turn|4
|
|move|p2a: Keldeo-Resolute|Substitute|p2a: Keldeo-Resolute
|-start|p2a: Keldeo-Resolute|Substitute
|-damage|p2a: Keldeo-Resolute|243\/323
|move|p1a: Empoleon|Stealth Rock|p2a: Keldeo-Resolute
|-sidestart|p2: naneek|move: Stealth Rock
|
|-heal|p2a: Keldeo-Resolute|263\/323|[from] item: Leftovers
|turn|5
|
|switch|p1a: Venusaur|Venusaur-Mega, M|289\/301
|move|p2a: Keldeo-Resolute|Scald|p1a: Venusaur
|-resisted|p1a: Venusaur
|-damage|p1a: Venusaur|229\/301
|
|-heal|p2a: Keldeo-Resolute|283\/323|[from] item: Leftovers
|turn|6
|
|move|p2a: Keldeo-Resolute|Scald|p1a: Venusaur
|-crit|p1a: Venusaur
|-resisted|p1a: Venusaur
|-damage|p1a: Venusaur|144\/301
|-status|p1a: Venusaur|brn
|move|p1a: Venusaur|Giga Drain|p2a: Keldeo-Resolute
|-supereffective|p2a: Keldeo-Resolute
|-end|p2a: Keldeo-Resolute|Substitute
|-heal|p1a: Venusaur|184\/301 brn|[from] drain|[of] p2a: Keldeo-Resolute
|
|-heal|p2a: Keldeo-Resolute|303\/323|[from] item: Leftovers
|-damage|p1a: Venusaur|147\/301 brn|[from] brn
|turn|7
|
|switch|p2a: Latios|Latios, M|253\/301
|-damage|p2a: Latios|216\/301|[from] Stealth Rock
|move|p1a: Venusaur|Synthesis|p1a: Venusaur
|-heal|p1a: Venusaur|297\/301 brn
|
|-damage|p1a: Venusaur|260\/301 brn|[from] brn
|turn|8
|
|switch|p1a: Empoleon|Empoleon, M|247\/372
|move|p2a: Latios|Psyshock|p1a: Empoleon
|-resisted|p1a: Empoleon
|-damage|p1a: Empoleon|142\/372
|-damage|p2a: Latios|186\/301|[from] item: Life Orb
|
|turn|9
|
|move|p2a: Latios|Psyshock|p1a: Empoleon
|-resisted|p1a: Empoleon
|-damage|p1a: Empoleon|47\/372
|-damage|p2a: Latios|156\/301|[from] item: Life Orb
|move|p1a: Empoleon|Scald|p2a: Latios
|-resisted|p2a: Latios
|-damage|p2a: Latios|86\/301
|
|turn|10
|
|switch|p1a: Victini|Victini|341\/341
|move|p2a: Latios|Defog|p1a: Victini
|-unboost|p1a: Victini|evasion|1
|-sideend|p2: naneek|Stealth Rock|[from] move: Defog|[of] p2a: Latios
|
|turn|11
|
|switch|p2a: Rotom-Wash|Rotom-Wash|303\/303
|move|p1a: Victini|U-turn|p2a: Rotom-Wash
|-damage|p2a: Rotom-Wash|240\/303
|
|switch|p1a: Venusaur|Venusaur-Mega, M|260\/301 brn
|
|-damage|p1a: Venusaur|223\/301 brn|[from] brn
|turn|12
|
|move|p2a: Rotom-Wash|Volt Switch|p1a: Venusaur
|-resisted|p1a: Venusaur
|-damage|p1a: Venusaur|187\/301 brn
|
|switch|p2a: Metagross|Metagross|301\/301
|move|p1a: Venusaur|Giga Drain|p2a: Metagross
|-resisted|p2a: Metagross
|-damage|p2a: Metagross|249\/301
|-heal|p1a: Venusaur|213\/301 brn|[from] drain|[of] p2a: Metagross
|
|-damage|p1a: Venusaur|176\/301 brn|[from] brn
|turn|13
|
|switch|p1a: Victini|Victini|341\/341
|detailschange|p2a: Metagross|Metagross-Mega
|message|Metagross has Mega Evolved into Mega Metagross!
|move|p2a: Metagross|Zen Headbutt|p1a: Victini
|-resisted|p1a: Victini
|-damage|p1a: Victini|239\/341
|
|turn|14
|
|switch|p2a: Rotom-Wash|Rotom-Wash|240\/303
|move|p1a: Victini|U-turn|p2a: Rotom-Wash
|-damage|p2a: Rotom-Wash|176\/303
|
|switch|p1a: Venusaur|Venusaur-Mega, M|176\/301 brn
|
|-damage|p1a: Venusaur|139\/301 brn|[from] brn
|turn|15
|
|move|p2a: Rotom-Wash|Volt Switch|p1a: Venusaur
|-resisted|p1a: Venusaur
|-damage|p1a: Venusaur|103\/301 brn
|
|switch|p2a: Latios|Latios, M|86\/301
|move|p1a: Venusaur|Synthesis|p1a: Venusaur
|-heal|p1a: Venusaur|253\/301 brn
|
|-damage|p1a: Venusaur|216\/301 brn|[from] brn
|turn|16
|
|switch|p1a: Empoleon|Empoleon, M|47\/372
|move|p2a: Latios|Psyshock|p1a: Empoleon
|-resisted|p1a: Empoleon
|-damage|p1a: Empoleon|0 fnt
|-damage|p2a: Latios|56\/301|[from] item: Life Orb
|faint|p1a: Empoleon
|
|
|switch|p1a: Victini|Victini|239\/341
|turn|17
|
|switch|p2a: Rotom-Wash|Rotom-Wash|176\/303
|move|p1a: Victini|V-create|p2a: Rotom-Wash
|-resisted|p2a: Rotom-Wash
|-damage|p2a: Rotom-Wash|64\/303
|-unboost|p1a: Victini|def|1
|-unboost|p1a: Victini|spd|1
|-unboost|p1a: Victini|spe|1
|
|turn|18
|
|switch|p1a: Venusaur|Venusaur-Mega, M|216\/301 brn
|move|p2a: Rotom-Wash|Volt Switch|p1a: Venusaur
|-resisted|p1a: Venusaur
|-damage|p1a: Venusaur|179\/301 brn
|
|switch|p2a: Latios|Latios, M|56\/301
|
|-damage|p1a: Venusaur|142\/301 brn|[from] brn
|turn|19
|
|switch|p1a: Azumarill|Azumarill, F|342\/342
|move|p2a: Latios|Psyshock|p1a: Azumarill
|-damage|p1a: Azumarill|108\/342
|-damage|p2a: Latios|26\/301|[from] item: Life Orb
|-enditem|p1a: Azumarill|Sitrus Berry|[eat]
|-heal|p1a: Azumarill|193\/342|[from] item: Sitrus Berry
|
|turn|20
|
|switch|p2a: Rotom-Wash|Rotom-Wash|64\/303
|move|p1a: Azumarill|Aqua Jet|p2a: Rotom-Wash
|-crit|p2a: Rotom-Wash
|-resisted|p2a: Rotom-Wash
|-damage|p2a: Rotom-Wash|5\/303
|
|turn|21
|
|move|p1a: Azumarill|Aqua Jet|p2a: Rotom-Wash
|-resisted|p2a: Rotom-Wash
|-damage|p2a: Rotom-Wash|0 fnt
|faint|p2a: Rotom-Wash
|
|
|switch|p2a: Thundurus|Thundurus, M|299\/299
|turn|22
|
|move|p1a: Azumarill|Aqua Jet|p2a: Thundurus
|-damage|p2a: Thundurus|184\/299
|move|p2a: Thundurus|Thunderbolt|p1a: Azumarill
|-supereffective|p1a: Azumarill
|-damage|p1a: Azumarill|0 fnt
|-damage|p2a: Thundurus|155\/299|[from] item: Life Orb
|faint|p1a: Azumarill
|
|
|switch|p1a: Venusaur|Venusaur-Mega, M|142\/301 brn
|turn|23
|
|move|p2a: Thundurus|Taunt|p1a: Venusaur
|-start|p1a: Venusaur|move: Taunt
|cant|p1a: Venusaur|move: Taunt|Synthesis
|
|-damage|p1a: Venusaur|105\/301 brn|[from] brn
|turn|24
|
|switch|p2a: Metagross|Metagross-Mega|249\/301
|move|p1a: Venusaur|Sludge Bomb|p2a: Metagross
|-immune|p2a: Metagross|[msg]
|
|-damage|p1a: Venusaur|68\/301 brn|[from] brn
|turn|25
|
|move|p2a: Metagross|Earthquake|p1a: Venusaur
|-damage|p1a: Venusaur|0 fnt
|faint|p1a: Venusaur
|
|
|switch|p1a: Victini|Victini|239\/341
|turn|26
|
|switch|p2a: Latios|Latios, M|26\/301
|move|p1a: Victini|U-turn|p2a: Latios
|-supereffective|p2a: Latios
|-damage|p2a: Latios|0 fnt
|faint|p2a: Latios
|
|switch|p1a: Gengar|Gengar, M|262\/262
|
|
|switch|p2a: Keldeo-Resolute|Keldeo-Resolute|303\/323
|turn|27
|
|move|p1a: Gengar|Sludge Wave|p2a: Keldeo-Resolute
|-damage|p2a: Keldeo-Resolute|69\/323
|-damage|p1a: Gengar|236\/262|[from] item: Life Orb
|move|p2a: Keldeo-Resolute|Scald|p1a: Gengar
|-damage|p1a: Gengar|70\/262
|-status|p1a: Gengar|brn
|
|-heal|p2a: Keldeo-Resolute|89\/323|[from] item: Leftovers
|-damage|p1a: Gengar|38\/262 brn|[from] brn
|turn|28
|
|move|p1a: Gengar|Shadow Ball|p2a: Keldeo-Resolute
|-damage|p2a: Keldeo-Resolute|0 fnt
|-damage|p1a: Gengar|12\/262 brn|[from] item: Life Orb
|faint|p2a: Keldeo-Resolute
|
|-damage|p1a: Gengar|0 fnt|[from] brn
|faint|p1a: Gengar
|
|switch|p2a: Thundurus|Thundurus, M|155\/299
|switch|p1a: Terrakion|Terrakion|323\/323
|-item|p1a: Terrakion|Air Balloon
|turn|29
|
|switch|p2a: Metagross|Metagross-Mega|249\/301
|move|p1a: Terrakion|Close Combat|p2a: Metagross
|-damage|p2a: Metagross|96\/301
|-unboost|p1a: Terrakion|def|1
|-unboost|p1a: Terrakion|spd|1
|
|turn|30
|
|switch|p1a: Victini|Victini|239\/341
|move|p2a: Metagross|Meteor Mash|p1a: Victini
|-resisted|p1a: Victini
|-damage|p1a: Victini|116\/341
|
|turn|31
|
|switch|p2a: Thundurus|Thundurus, M|155\/299
|move|p1a: Victini|V-create|p2a: Thundurus
|-damage|p2a: Thundurus|0 fnt
|-unboost|p1a: Victini|def|1
|-unboost|p1a: Victini|spd|1
|-unboost|p1a: Victini|spe|1
|faint|p2a: Thundurus
|
|
|switch|p2a: Metagross|Metagross-Mega|96\/301
|turn|32
|
|switch|p1a: Terrakion|Terrakion|323\/323
|-item|p1a: Terrakion|Air Balloon
|move|p2a: Metagross|Meteor Mash|p1a: Terrakion
|-supereffective|p1a: Terrakion
|-damage|p1a: Terrakion|0 fnt
|-enditem|p1a: Terrakion|Air Balloon
|-boost|p2a: Metagross|atk|1
|faint|p1a: Terrakion
|
|
|switch|p1a: Victini|Victini|116\/341
|turn|33
|
|move|p2a: Metagross|Bullet Punch|p1a: Victini
|-resisted|p1a: Victini
|-damage|p1a: Victini|43\/341
|move|p1a: Victini|V-create|p2a: Metagross
|-supereffective|p2a: Metagross
|-damage|p2a: Metagross|0 fnt
|-unboost|p1a: Victini|def|1
|-unboost|p1a: Victini|spd|1
|-unboost|p1a: Victini|spe|1
|faint|p2a: Metagross
|
|win|DarkCelebi59
|raw|Ladder updating...
|raw|DarkCelebi59's rating: 1742 &rarr; <strong>1761<\/strong><br \/>(+19 for winning)
|raw|naneek's rating: 1733 &rarr; <strong>1714<\/strong><br \/>(-19 for losing)
|c|âDarkCelebi59|gg
|leave|naneek
|player|p2