|join|naneek
|join|qamel
|player|p1|naneek|175
|player|p2|qamel|160
|gametype|singles
|gen|6
|tier|OU
|rated
|clearpoke
|poke|p1|Metagross
|poke|p1|Sylveon, F
|poke|p1|Landorus, M
|poke|p1|Ferrothorn, M
|poke|p1|Rotom-Wash
|poke|p1|Latios, M
|poke|p2|Celebi
|poke|p2|Camerupt, F, shiny
|poke|p2|Zapdos, shiny
|poke|p2|Slowbro, M
|poke|p2|Conkeldurr, F, shiny
|poke|p2|Bisharp, F
|rule|Swagger Clause: Swagger is banned
|rule|Baton Pass Clause: Limit one PokÃ©mon knowing Baton Pass
|rule|Sleep Clause Mod: Limit one foe put to sleep
|rule|Species Clause: Limit one of each PokÃ©mon
|rule|OHKO Clause: OHKO moves are banned
|rule|Moody Clause: Moody is banned
|rule|Evasion Moves Clause: Evasion moves are banned
|rule|Endless Battle Clause: Forcing endless battles is banned
|rule|HP Percentage Mod: HP is shown in percentages
|teampreview
|c|âqamel|nice team
|
|start
|switch|p1a: Landorus|Landorus, M|319\/319
|switch|p2a: Conkeldurr|Conkeldurr, F, shiny|413\/413
|turn|1
|
|switch|p1a: Rotom-Wash|Rotom-Wash|303\/303
|move|p2a: Conkeldurr|Knock Off|p1a: Rotom-Wash
|-damage|p1a: Rotom-Wash|213\/303
|-enditem|p1a: Rotom-Wash|Leftovers|[from] move: Knock Off|[of] p2a: Conkeldurr
|
|turn|2
|
|move|p1a: Rotom-Wash|Volt Switch|p2a: Conkeldurr
|-damage|p2a: Conkeldurr|344\/413
|
|switch|p1a: Metagross|Metagross|301\/301
|move|p2a: Conkeldurr|Drain Punch|p1a: Metagross
|-damage|p1a: Metagross|189\/301
|-heal|p2a: Conkeldurr|400\/413|[from] drain|[of] p1a: Metagross
|
|turn|3
|
|switch|p2a: Slowbro|Slowbro, M|393\/393
|detailschange|p1a: Metagross|Metagross-Mega
|message|Metagross has Mega Evolved into Mega Metagross!
|move|p1a: Metagross|Zen Headbutt|p2a: Slowbro
|-resisted|p2a: Slowbro
|-damage|p2a: Slowbro|318\/393
|
|-heal|p2a: Slowbro|342\/393|[from] item: Leftovers
|turn|4
|
|switch|p1a: Sylveon|Sylveon, F|392\/392
|move|p2a: Slowbro|Trick Room|p2a: Slowbro
|-fieldstart|move: Trick Room|[of] p2a: Slowbro
|
|-heal|p2a: Slowbro|366\/393|[from] item: Leftovers
|turn|5
|
|switch|p2a: Camerupt|Camerupt, F, shiny|343\/343
|move|p1a: Sylveon|Hyper Voice|p2a: Camerupt
|-resisted|p2a: Camerupt
|-damage|p2a: Camerupt|158\/343
|
|turn|6
|
|switch|p2a: Celebi|Celebi|404\/404
|move|p1a: Sylveon|Hyper Voice|p2a: Celebi
|-damage|p2a: Celebi|167\/404
|
|-heal|p2a: Celebi|192\/404|[from] item: Leftovers
|turn|7
|
|move|p1a: Sylveon|Hyper Voice|p2a: Celebi
|-damage|p2a: Celebi|0 fnt
|faint|p2a: Celebi
|
|
|switch|p2a: Bisharp|Bisharp, F|333\/333
|turn|8
|
|move|p2a: Bisharp|Iron Head|p1a: Sylveon
|-supereffective|p1a: Sylveon
|-damage|p1a: Sylveon|0 fnt
|-damage|p2a: Bisharp|300\/333|[from] item: Life Orb
|faint|p1a: Sylveon
|
|-fieldend|move: Trick Room
|
|switch|p1a: Landorus|Landorus, M|319\/319
|turn|9
|
|switch|p2a: Zapdos|Zapdos, shiny|383\/383
|-ability|p2a: Zapdos|Pressure
|move|p1a: Landorus|Stealth Rock|p2a: Zapdos
|-sidestart|p2: qamel|move: Stealth Rock
|
|turn|10
|
|switch|p1a: Latios|Latios, M|301\/301
|move|p2a: Zapdos|Defog|p1a: Latios
|-unboost|p1a: Latios|evasion|1
|-sideend|p2: qamel|Stealth Rock|[from] move: Defog|[of] p2a: Zapdos
|
|turn|11
|
|switch|p2a: Bisharp|Bisharp, F|300\/333
|move|p1a: Latios|Trick|p2a: Bisharp
|-activate|p1a: Latios|move: Trick|[of] p2a: Bisharp
|-item|p2a: Bisharp|Choice Scarf|[from] move: Trick
|-item|p1a: Latios|Life Orb|[from] move: Trick
|
|turn|12
|
|switch|p1a: Ferrothorn|Ferrothorn, M|351\/351
|move|p2a: Bisharp|Low Kick|p1a: Ferrothorn
|-supereffective|p1a: Ferrothorn
|-damage|p1a: Ferrothorn|165\/351
|-damage|p2a: Bisharp|259\/333|[from] ability: Iron Barbs|[of] p1a: Ferrothorn
|
|-heal|p1a: Ferrothorn|186\/351|[from] item: Leftovers
|turn|13
|
|switch|p2a: Zapdos|Zapdos, shiny|383\/383
|-ability|p2a: Zapdos|Pressure
|switch|p1a: Rotom-Wash|Rotom-Wash|213\/303
|
|turn|14
|
|move|p2a: Zapdos|Thunderbolt|p1a: Rotom-Wash
|-damage|p1a: Rotom-Wash|96\/303
|move|p1a: Rotom-Wash|Will-O-Wisp|p2a: Zapdos
|-status|p2a: Zapdos|brn
|
|-damage|p2a: Zapdos|336\/383 brn|[from] brn
|turn|15
|
|switch|p2a: Conkeldurr|Conkeldurr, F, shiny|400\/413
|switch|p1a: Latios|Latios, M|301\/301
|
|turn|16
|
|switch|p2a: Bisharp|Bisharp, F|259\/333
|move|p1a: Latios|Psyshock|p2a: Bisharp
|-immune|p2a: Bisharp|[msg]
|
|turn|17
|
|switch|p1a: Landorus|Landorus, M|319\/319
|move|p2a: Bisharp|Knock Off|p1a: Landorus
|-damage|p1a: Landorus|112\/319
|-enditem|p1a: Landorus|Life Orb|[from] move: Knock Off|[of] p2a: Bisharp
|
|turn|18
|
|switch|p1a: Ferrothorn|Ferrothorn, M|186\/351
|switch|p2a: Zapdos|Zapdos, shiny|336\/383 brn
|-ability|p2a: Zapdos|Pressure
|
|-heal|p2a: Zapdos|359\/383 brn|[from] item: Leftovers
|-heal|p1a: Ferrothorn|207\/351|[from] item: Leftovers
|-damage|p2a: Zapdos|312\/383 brn|[from] brn
|turn|19
|
|move|p1a: Ferrothorn|Protect|p1a: Ferrothorn
|-singleturn|p1a: Ferrothorn|Protect
|move|p2a: Zapdos|Thunderbolt|p1a: Ferrothorn
|-activate|p1a: Ferrothorn|Protect
|
|-heal|p2a: Zapdos|335\/383 brn|[from] item: Leftovers
|-heal|p1a: Ferrothorn|228\/351|[from] item: Leftovers
|-damage|p2a: Zapdos|288\/383 brn|[from] brn
|turn|20
|
|switch|p2a: Conkeldurr|Conkeldurr, F, shiny|400\/413
|switch|p1a: Latios|Latios, M|301\/301
|
|turn|21
|
|move|p1a: Latios|Draco Meteor|p2a: Conkeldurr|[miss]
|-miss|p1a: Latios|p2a: Conkeldurr
|move|p2a: Conkeldurr|Knock Off|p1a: Latios
|-supereffective|p1a: Latios
|-damage|p1a: Latios|0 fnt
|-enditem|p1a: Latios|Life Orb|[from] move: Knock Off|[of] p2a: Conkeldurr
|faint|p1a: Latios
|
|
|switch|p1a: Metagross|Metagross-Mega|189\/301
|turn|22
|c|âqamel|:[
|
|switch|p1a: Rotom-Wash|Rotom-Wash|96\/303
|switch|p2a: Slowbro|Slowbro, M|393\/393
|
|turn|23
|
|switch|p2a: Conkeldurr|Conkeldurr, F, shiny|400\/413
|move|p1a: Rotom-Wash|Pain Split|p2a: Conkeldurr
|-sethp|p2a: Conkeldurr|248\/413|p1a: Rotom-Wash|248\/303|[from] move: Pain Split
|
|turn|24
|
|move|p1a: Rotom-Wash|Volt Switch|p2a: Conkeldurr
|-damage|p2a: Conkeldurr|178\/413
|
|switch|p1a: Landorus|Landorus, M|112\/319
|move|p2a: Conkeldurr|Knock Off|p1a: Landorus
|-damage|p1a: Landorus|30\/319
|
|turn|25
|
|switch|p1a: Metagross|Metagross-Mega|189\/301
|move|p2a: Conkeldurr|Mach Punch|p1a: Metagross
|-damage|p1a: Metagross|132\/301
|
|turn|26
|
|switch|p1a: Rotom-Wash|Rotom-Wash|248\/303
|switch|p2a: Zapdos|Zapdos, shiny|288\/383 brn
|-ability|p2a: Zapdos|Pressure
|
|-heal|p2a: Zapdos|311\/383 brn|[from] item: Leftovers
|-damage|p2a: Zapdos|264\/383 brn|[from] brn
|turn|27
|
|move|p2a: Zapdos|Thunderbolt|p1a: Rotom-Wash
|-damage|p1a: Rotom-Wash|116\/303
|move|p1a: Rotom-Wash|Volt Switch|p2a: Zapdos
|-damage|p2a: Zapdos|167\/383 brn
|
|switch|p1a: Metagross|Metagross-Mega|132\/301
|
|-heal|p2a: Zapdos|190\/383 brn|[from] item: Leftovers
|-damage|p2a: Zapdos|143\/383 brn|[from] brn
|turn|28
|
|switch|p1a: Rotom-Wash|Rotom-Wash|116\/303
|switch|p2a: Bisharp|Bisharp, F|259\/333
|
|turn|29
|
|move|p1a: Rotom-Wash|Pain Split|p2a: Bisharp
|-sethp|p2a: Bisharp|187\/333|p1a: Rotom-Wash|187\/303|[from] move: Pain Split
|move|p2a: Bisharp|Knock Off|p1a: Rotom-Wash
|-damage|p1a: Rotom-Wash|85\/303
|
|turn|30
|
|switch|p2a: Conkeldurr|Conkeldurr, F, shiny|178\/413
|move|p1a: Rotom-Wash|Will-O-Wisp|p2a: Conkeldurr
|-status|p2a: Conkeldurr|brn
|
|-damage|p2a: Conkeldurr|127\/413 brn|[from] brn
|turn|31
|
|switch|p1a: Landorus|Landorus, M|30\/319
|move|p2a: Conkeldurr|Drain Punch|p1a: Landorus
|-resisted|p1a: Landorus
|-damage|p1a: Landorus|0 fnt
|-heal|p2a: Conkeldurr|142\/413 brn|[from] drain|[of] p1a: Landorus
|faint|p1a: Landorus
|
|-damage|p2a: Conkeldurr|91\/413 brn|[from] brn
|
|switch|p1a: Metagross|Metagross-Mega|132\/301
|turn|32
|
|switch|p2a: Bisharp|Bisharp, F|187\/333
|move|p1a: Metagross|Bullet Punch|p2a: Bisharp
|-resisted|p2a: Bisharp
|-damage|p2a: Bisharp|134\/333
|
|turn|33
|
|switch|p1a: Rotom-Wash|Rotom-Wash|85\/303
|move|p2a: Bisharp|Sucker Punch|p1a: Rotom-Wash
|-fail|p1a: Rotom-Wash
|
|turn|34
|
|switch|p1a: Metagross|Metagross-Mega|132\/301
|switch|p2a: Zapdos|Zapdos, shiny|143\/383 brn
|-ability|p2a: Zapdos|Pressure
|
|-heal|p2a: Zapdos|166\/383 brn|[from] item: Leftovers
|-damage|p2a: Zapdos|119\/383 brn|[from] brn
|turn|35
|
|move|p1a: Metagross|Zen Headbutt|p2a: Zapdos
|-damage|p2a: Zapdos|0 fnt
|faint|p2a: Zapdos
|
|
|switch|p2a: Slowbro|Slowbro, M|393\/393
|turn|36
|
|switch|p1a: Rotom-Wash|Rotom-Wash|85\/303
|move|p2a: Slowbro|Trick Room|p2a: Slowbro
|-fieldstart|move: Trick Room|[of] p2a: Slowbro
|
|turn|37
|
|move|p2a: Slowbro|Psyshock|p1a: Rotom-Wash
|-damage|p1a: Rotom-Wash|16\/303
|move|p1a: Rotom-Wash|Pain Split|p2a: Slowbro
|-sethp|p2a: Slowbro|204\/393|p1a: Rotom-Wash|204\/303|[from] move: Pain Split
|
|-heal|p2a: Slowbro|228\/393|[from] item: Leftovers
|turn|38
|
|switch|p2a: Bisharp|Bisharp, F|134\/333
|move|p1a: Rotom-Wash|Volt Switch|p2a: Bisharp
|-damage|p2a: Bisharp|17\/333
|
|switch|p1a: Ferrothorn|Ferrothorn, M|228\/351
|
|-heal|p1a: Ferrothorn|249\/351|[from] item: Leftovers
|turn|39
|
|move|p2a: Bisharp|Sucker Punch|p1a: Ferrothorn
|-damage|p1a: Ferrothorn|141\/351
|-damage|p2a: Bisharp|0 fnt|[from] ability: Iron Barbs|[of] p1a: Ferrothorn
|faint|p2a: Bisharp
|move|p1a: Ferrothorn|Gyro Ball|p2: Bisharp|[notarget]
|-notarget
|
|-heal|p1a: Ferrothorn|162\/351|[from] item: Leftovers
|
|switch|p2a: Conkeldurr|Conkeldurr, F, shiny|91\/413 brn
|turn|40
|
|move|p1a: Ferrothorn|Protect|p1a: Ferrothorn
|-singleturn|p1a: Ferrothorn|Protect
|move|p2a: Conkeldurr|Mach Punch|p1a: Ferrothorn
|-activate|p1a: Ferrothorn|Protect
|
|-heal|p1a: Ferrothorn|183\/351|[from] item: Leftovers
|-damage|p2a: Conkeldurr|40\/413 brn|[from] brn
|-fieldend|move: Trick Room
|turn|41
|
|move|p1a: Ferrothorn|Protect|p1a: Ferrothorn
|-fail|p1a: Ferrothorn
|move|p2a: Conkeldurr|Drain Punch|p1a: Ferrothorn
|-supereffective|p1a: Ferrothorn
|-damage|p1a: Ferrothorn|0 fnt
|-heal|p2a: Conkeldurr|132\/413 brn|[from] drain|[of] p1a: Ferrothorn
|-damage|p2a: Conkeldurr|81\/413 brn|[from] ability: Iron Barbs|[of] p1a: Ferrothorn
|faint|p1a: Ferrothorn
|
|-damage|p2a: Conkeldurr|30\/413 brn|[from] brn
|
|switch|p1a: Metagross|Metagross-Mega|132\/301
|turn|42
|
|move|p1a: Metagross|Bullet Punch|p2a: Conkeldurr
|-damage|p2a: Conkeldurr|0 fnt
|faint|p2a: Conkeldurr
|
|
|switch|p2a: Slowbro|Slowbro, M|359\/393
|turn|43
|
|switch|p1a: Rotom-Wash|Rotom-Wash|204\/303
|move|p2a: Slowbro|Psyshock|p1a: Rotom-Wash
|-damage|p1a: Rotom-Wash|131\/303
|
|-heal|p2a: Slowbro|383\/393|[from] item: Leftovers
|turn|44
|
|move|p1a: Rotom-Wash|Hydro Pump|p2a: Slowbro
|-resisted|p2a: Slowbro
|-damage|p2a: Slowbro|299\/393
|move|p2a: Slowbro|Trick Room|p2a: Slowbro
|-fieldstart|move: Trick Room|[of] p2a: Slowbro
|
|-heal|p2a: Slowbro|323\/393|[from] item: Leftovers
|turn|45
|
|switch|p2a: Camerupt|Camerupt, F, shiny|158\/343
|move|p1a: Rotom-Wash|Pain Split|p2a: Camerupt
|-sethp|p2a: Camerupt|144\/343|p1a: Rotom-Wash|144\/303|[from] move: Pain Split
|
|turn|46
|
|switch|p2a: Slowbro|Slowbro, M|393\/393
|switch|p1a: Metagross|Metagross-Mega|132\/301
|
|turn|47
|
|switch|p1a: Rotom-Wash|Rotom-Wash|144\/303
|move|p2a: Slowbro|Psyshock|p1a: Rotom-Wash
|-crit|p1a: Rotom-Wash
|-damage|p1a: Rotom-Wash|38\/303
|
|turn|48
|
|switch|p1a: Metagross|Metagross-Mega|132\/301
|move|p2a: Slowbro|Psyshock|p1a: Metagross
|-resisted|p1a: Metagross
|-damage|p1a: Metagross|117\/301
|
|-fieldend|move: Trick Room
|turn|49
|
|move|p1a: Metagross|Earthquake|p2a: Slowbro
|-damage|p2a: Slowbro|287\/393
|move|p2a: Slowbro|Trick Room|p2a: Slowbro
|-fieldstart|move: Trick Room|[of] p2a: Slowbro
|
|-heal|p2a: Slowbro|311\/393|[from] item: Leftovers
|turn|50
|
|move|p2a: Slowbro|Scald|p1a: Metagross
|-damage|p1a: Metagross|21\/301
|move|p1a: Metagross|Meteor Mash|p2a: Slowbro
|-resisted|p2a: Slowbro
|-damage|p2a: Slowbro|215\/393
|
|-heal|p2a: Slowbro|239\/393|[from] item: Leftovers
|turn|51
|
|move|p2a: Slowbro|Scald|p1a: Metagross
|-damage|p1a: Metagross|0 fnt
|faint|p1a: Metagross
|
|-heal|p2a: Slowbro|263\/393|[from] item: Leftovers
|
|switch|p1a: Rotom-Wash|Rotom-Wash|38\/303
|turn|52
|
|move|p2a: Slowbro|Psyshock|p1a: Rotom-Wash
|-damage|p1a: Rotom-Wash|0 fnt
|faint|p1a: Rotom-Wash
|
|win|qamel
|raw|Ladder updating...
|raw|naneek's rating: 1586 &rarr; <strong>1563<\/strong><br \/>(-23 for losing)
|raw|qamel's rating: 1522 &rarr; <strong>1545<\/strong><br \/>(+23 for winning)
|c|âqamel|gg
|leave|naneek
|player|p1