|join|naneek
|join|Kirbles
|player|p1|naneek|175
|player|p2|Kirbles|89
|gametype|singles
|gen|6
|tier|OU
|rated
|clearpoke
|poke|p1|Metagross
|poke|p1|Thundurus, M
|poke|p1|Landorus-Therian, M
|poke|p1|Keldeo-Resolute
|poke|p1|Latios, M
|poke|p1|Rotom-Wash
|poke|p2|Slowbro, F
|poke|p2|Celebi
|poke|p2|Sableye, F
|poke|p2|Heatran, F
|poke|p2|Porygon2
|poke|p2|Forretress, F
|rule|Swagger Clause: Swagger is banned
|rule|Baton Pass Clause: Limit one PokÃ©mon knowing Baton Pass
|rule|Sleep Clause Mod: Limit one foe put to sleep
|rule|Species Clause: Limit one of each PokÃ©mon
|rule|OHKO Clause: OHKO moves are banned
|rule|Moody Clause: Moody is banned
|rule|Evasion Moves Clause: Evasion moves are banned
|rule|Endless Battle Clause: Forcing endless battles is banned
|rule|HP Percentage Mod: HP is shown in percentages
|teampreview
|
|start
|switch|p1a: Keldeo-Resolute|Keldeo-Resolute|323\/323
|switch|p2a: Celebi|Celebi|404\/404
|turn|1
|
|switch|p1a: Latios|Latios, M|301\/301
|move|p2a: Celebi|Stealth Rock|p1a: Latios
|-sidestart|p1: naneek|move: Stealth Rock
|
|turn|2
|
|switch|p2a: Heatran|Heatran, F|386\/386
|move|p1a: Latios|Defog|p2a: Heatran
|-unboost|p2a: Heatran|evasion|1
|-sideend|p1: naneek|Stealth Rock|[from] move: Defog|[of] p1a: Latios
|
|turn|3
|
|switch|p1a: Rotom-Wash|Rotom-Wash|303\/303
|move|p2a: Heatran|Lava Plume|p1a: Rotom-Wash
|-resisted|p1a: Rotom-Wash
|-damage|p1a: Rotom-Wash|249\/303
|
|turn|4
|
|switch|p2a: Celebi|Celebi|404\/404
|move|p1a: Rotom-Wash|Trick|p2a: Celebi
|-activate|p1a: Rotom-Wash|move: Trick|[of] p2a: Celebi
|-item|p2a: Celebi|Choice Scarf|[from] move: Trick
|-item|p1a: Rotom-Wash|Leftovers|[from] move: Trick
|
|-heal|p1a: Rotom-Wash|267\/303|[from] item: Leftovers
|turn|5
|
|move|p2a: Celebi|Stealth Rock|p1a: Rotom-Wash
|-sidestart|p1: naneek|move: Stealth Rock
|move|p1a: Rotom-Wash|Volt Switch|p2a: Celebi
|-resisted|p2a: Celebi
|-damage|p2a: Celebi|374\/404
|
|switch|p1a: Keldeo-Resolute|Keldeo-Resolute|323\/323
|-damage|p1a: Keldeo-Resolute|303\/323|[from] Stealth Rock
|
|turn|6
|
|switch|p2a: Slowbro|Slowbro, F|394\/394
|move|p1a: Keldeo-Resolute|Scald|p2a: Slowbro
|-resisted|p2a: Slowbro
|-damage|p2a: Slowbro|270\/394
|-status|p2a: Slowbro|brn
|
|-damage|p2a: Slowbro|221\/394 brn|[from] brn
|turn|7
|
|switch|p2a: Porygon2|Porygon2|374\/374
|-ability|p2a: Porygon2|Justified|[from] ability: Trace|[of] p1a: Keldeo-Resolute
|move|p1a: Keldeo-Resolute|Scald|p2a: Porygon2
|-damage|p2a: Porygon2|271\/374
|
|turn|8
|
|move|p1a: Keldeo-Resolute|Scald|p2a: Porygon2
|-damage|p2a: Porygon2|174\/374
|-status|p2a: Porygon2|brn
|move|p2a: Porygon2|Thunderbolt|p1a: Keldeo-Resolute
|-supereffective|p1a: Keldeo-Resolute
|-damage|p1a: Keldeo-Resolute|141\/323
|
|-damage|p2a: Porygon2|128\/374 brn|[from] brn
|turn|9
|
|switch|p1a: Latios|Latios, M|301\/301
|-damage|p1a: Latios|264\/301|[from] Stealth Rock
|move|p2a: Porygon2|Recover|p2a: Porygon2
|-heal|p2a: Porygon2|315\/374 brn
|
|-damage|p2a: Porygon2|269\/374 brn|[from] brn
|turn|10
|
|switch|p2a: Celebi|Celebi|374\/404
|move|p1a: Latios|Defog|p2a: Celebi
|-unboost|p2a: Celebi|evasion|1
|-sideend|p1: naneek|Stealth Rock|[from] move: Defog|[of] p1a: Latios
|
|turn|11
|
|move|p2a: Celebi|Heal Bell|p2a: Celebi
|-cureteam|p2a: Celebi|[from] move: HealBell
|move|p1a: Latios|Hidden Power|p2a: Celebi
|-crit|p2a: Celebi
|-supereffective|p2a: Celebi
|-damage|p2a: Celebi|161\/404
|-damage|p1a: Latios|234\/301|[from] item: Life Orb
|
|turn|12
|
|switch|p2a: Heatran|Heatran, F|386\/386
|switch|p1a: Landorus-Therian|Landorus-Therian, M|381\/381
|-ability|p1a: Landorus-Therian|Intimidate|[of] p2a: Heatran
|-unboost|p2a: Heatran|atk|1
|
|turn|13
|
|switch|p2a: Forretress|Forretress, F|354\/354
|move|p1a: Landorus-Therian|Knock Off|p2a: Forretress
|-damage|p2a: Forretress|292\/354
|-enditem|p2a: Forretress|Leftovers|[from] move: Knock Off|[of] p1a: Landorus-Therian
|
|turn|14
|
|move|p1a: Landorus-Therian|U-turn|p2a: Forretress
|-resisted|p2a: Forretress
|-damage|p2a: Forretress|269\/354
|
|switch|p1a: Latios|Latios, M|234\/301
|move|p2a: Forretress|Spikes|p1a: Latios
|-sidestart|p1: naneek|Spikes
|
|turn|15
|
|move|p2a: Forretress|Protect|p2a: Forretress
|-singleturn|p2a: Forretress|Protect
|move|p1a: Latios|Defog|p2a: Forretress
|-activate|p2a: Forretress|Protect
|
|turn|16
|
|move|p1a: Latios|Defog|p2a: Forretress
|-unboost|p2a: Forretress|evasion|1
|-sideend|p1: naneek|Spikes|[from] move: Defog|[of] p1a: Latios
|move|p2a: Forretress|Spikes|p1a: Latios
|-sidestart|p1: naneek|Spikes
|
|turn|17
|
|move|p1a: Latios|Defog|p2a: Forretress
|-unboost|p2a: Forretress|evasion|1
|-sideend|p1: naneek|Spikes|[from] move: Defog|[of] p1a: Latios
|move|p2a: Forretress|Toxic|p1a: Latios
|-status|p1a: Latios|tox
|
|-damage|p1a: Latios|216\/301 tox|[from] psn
|turn|18
|
|switch|p1a: Keldeo-Resolute|Keldeo-Resolute|141\/323
|move|p2a: Forretress|Protect|p2a: Forretress
|-fail|p2a: Forretress
|
|turn|19
|
|move|p2a: Forretress|Protect|p2a: Forretress
|-singleturn|p2a: Forretress|Protect
|move|p1a: Keldeo-Resolute|Scald|p2a: Forretress
|-activate|p2a: Forretress|Protect
|
|turn|20
|
|switch|p2a: Celebi|Celebi|161\/404
|move|p1a: Keldeo-Resolute|Scald|p2a: Celebi
|-resisted|p2a: Celebi
|-damage|p2a: Celebi|81\/404
|
|turn|21
|
|switch|p1a: Metagross|Metagross|301\/301
|move|p2a: Celebi|Recover|p2a: Celebi
|-heal|p2a: Celebi|283\/404
|
|turn|22
|
|switch|p2a: Slowbro|Slowbro, F|352\/394
|switch|p1a: Thundurus|Thundurus, M|299\/299
|
|turn|23
|
|switch|p2a: Porygon2|Porygon2|269\/374
|-ability|p2a: Porygon2|Prankster|[from] ability: Trace|[of] p1a: Thundurus
|move|p1a: Thundurus|Taunt|p2a: Porygon2
|-start|p2a: Porygon2|move: Taunt
|
|turn|24
|
|switch|p1a: Rotom-Wash|Rotom-Wash|267\/303
|move|p2a: Porygon2|Tri Attack|p1a: Rotom-Wash
|-damage|p1a: Rotom-Wash|176\/303
|
|-heal|p1a: Rotom-Wash|194\/303|[from] item: Leftovers
|turn|25
|
|move|p1a: Rotom-Wash|Volt Switch|p2a: Porygon2
|-damage|p2a: Porygon2|229\/374
|
|switch|p1a: Metagross|Metagross|301\/301
|move|p2a: Porygon2|Tri Attack|p1a: Metagross
|-resisted|p1a: Metagross
|-damage|p1a: Metagross|250\/301
|
|turn|26
|
|switch|p2a: Slowbro|Slowbro, F|394\/394
|detailschange|p1a: Metagross|Metagross-Mega
|message|Metagross has Mega Evolved into Mega Metagross!
|move|p1a: Metagross|Meteor Mash|p2a: Slowbro
|-crit|p2a: Slowbro
|-resisted|p2a: Slowbro
|-damage|p2a: Slowbro|286\/394
|
|turn|27
|
|switch|p1a: Rotom-Wash|Rotom-Wash|194\/303
|detailschange|p2a: Slowbro|Slowbro-Mega, F
|message|Slowbro has Mega Evolved into Mega Slowbro!
|move|p2a: Slowbro|Scald|p1a: Rotom-Wash
|-resisted|p1a: Rotom-Wash
|-damage|p1a: Rotom-Wash|137\/303
|
|-heal|p1a: Rotom-Wash|155\/303|[from] item: Leftovers
|turn|28
|
|switch|p2a: Celebi|Celebi|283\/404
|move|p1a: Rotom-Wash|Volt Switch|p2a: Celebi
|-resisted|p2a: Celebi
|-damage|p2a: Celebi|250\/404
|
|switch|p1a: Landorus-Therian|Landorus-Therian, M|381\/381
|-ability|p1a: Landorus-Therian|Intimidate|[of] p2a: Celebi
|-unboost|p2a: Celebi|atk|1
|
|turn|29
|
|switch|p2a: Forretress|Forretress, F|269\/354
|move|p1a: Landorus-Therian|U-turn|p2a: Forretress
|-resisted|p2a: Forretress
|-damage|p2a: Forretress|247\/354
|
|switch|p1a: Keldeo-Resolute|Keldeo-Resolute|141\/323
|
|turn|30
|
|switch|p2a: Porygon2|Porygon2|229\/374
|-ability|p2a: Porygon2|Justified|[from] ability: Trace|[of] p1a: Keldeo-Resolute
|move|p1a: Keldeo-Resolute|Scald|p2a: Porygon2
|-damage|p2a: Porygon2|123\/374
|
|turn|31
|
|switch|p1a: Metagross|Metagross-Mega|250\/301
|move|p2a: Porygon2|Recover|p2a: Porygon2
|-heal|p2a: Porygon2|310\/374
|
|turn|32
|
|switch|p2a: Slowbro|Slowbro-Mega, F|286\/394
|move|p1a: Metagross|Meteor Mash|p2a: Slowbro
|-resisted|p2a: Slowbro
|-damage|p2a: Slowbro|228\/394
|
|turn|33
|
|switch|p1a: Rotom-Wash|Rotom-Wash|155\/303
|move|p2a: Slowbro|Scald|p1a: Rotom-Wash
|-resisted|p1a: Rotom-Wash
|-damage|p1a: Rotom-Wash|101\/303
|
|-heal|p1a: Rotom-Wash|119\/303|[from] item: Leftovers
|turn|34
|
|switch|p2a: Porygon2|Porygon2|310\/374
|-ability|p2a: Porygon2|Levitate|[from] ability: Trace|[of] p1a: Rotom-Wash
|move|p1a: Rotom-Wash|Volt Switch|p2a: Porygon2
|-damage|p2a: Porygon2|265\/374
|
|switch|p1a: Keldeo-Resolute|Keldeo-Resolute|141\/323
|
|turn|35
|
|move|p1a: Keldeo-Resolute|Scald|p2a: Porygon2
|-damage|p2a: Porygon2|151\/374
|move|p2a: Porygon2|Thunderbolt|p1a: Keldeo-Resolute
|-supereffective|p1a: Keldeo-Resolute
|-damage|p1a: Keldeo-Resolute|0 fnt
|faint|p1a: Keldeo-Resolute
|
|-message|naneek forfeited.
|
|win|Kirbles
|raw|Ladder updating...
|leave|naneek
|player|p1
|raw|naneek's rating: 1568 &rarr; <strong>1546<\/strong><br \/>(-22 for losing)
|raw|Kirbles's rating: 1536 &rarr; <strong>1558<\/strong><br \/>(+22 for winning)