|join|naneek
|join|UnArabeDansLaVille
|player|p1|naneek|175
|player|p2|UnArabeDansLaVille|268
|gametype|singles
|gen|6
|tier|OU
|rated
|clearpoke
|poke|p1|Metagross
|poke|p1|Sylveon, F
|poke|p1|Landorus, M
|poke|p1|Ferrothorn, M
|poke|p1|Rotom-Wash
|poke|p1|Latios, M
|poke|p2|Greninja, M
|poke|p2|Metagross
|poke|p2|Breloom, F
|poke|p2|Landorus-Therian, M
|poke|p2|Latios, M
|poke|p2|Heatran, F
|rule|Swagger Clause: Swagger is banned
|rule|Baton Pass Clause: Limit one PokÃ©mon knowing Baton Pass
|rule|Sleep Clause Mod: Limit one foe put to sleep
|rule|Species Clause: Limit one of each PokÃ©mon
|rule|OHKO Clause: OHKO moves are banned
|rule|Moody Clause: Moody is banned
|rule|Evasion Moves Clause: Evasion moves are banned
|rule|Endless Battle Clause: Forcing endless battles is banned
|rule|HP Percentage Mod: HP is shown in percentages
|teampreview
|
|start
|switch|p1a: Landorus|Landorus, M|319\/319
|switch|p2a: CRAPTOAD|Heatran, F|385\/385
|turn|1
|
|switch|p2a: HUBERT|Latios, M|309\/309
|move|p1a: Landorus|Knock Off|p2a: HUBERT
|-supereffective|p2a: HUBERT
|-damage|p2a: HUBERT|23\/309
|-enditem|p2a: HUBERT|Life Orb|[from] move: Knock Off|[of] p1a: Landorus
|-damage|p1a: Landorus|288\/319|[from] item: Life Orb
|
|turn|2
|
|switch|p2a: VLADIMIR POUTINE|Landorus-Therian, M|325\/325
|-ability|p2a: VLADIMIR POUTINE|Intimidate|[of] p1a: Landorus
|-unboost|p1a: Landorus|atk|1
|switch|p1a: Sylveon|Sylveon, F|392\/392
|
|turn|3
|
|move|p2a: VLADIMIR POUTINE|Earthquake|p1a: Sylveon
|-damage|p1a: Sylveon|137\/392
|move|p1a: Sylveon|Hyper Voice|p2a: VLADIMIR POUTINE
|-damage|p2a: VLADIMIR POUTINE|0 fnt
|faint|p2a: VLADIMIR POUTINE
|
|
|switch|p2a: CRAPTOAD|Heatran, F|385\/385
|turn|4
|
|switch|p1a: Landorus|Landorus, M|288\/319
|move|p2a: CRAPTOAD|Stealth Rock|p1a: Landorus
|-sidestart|p1: naneek|move: Stealth Rock
|
|turn|5
|
|switch|p2a: HUBERT|Latios, M|23\/309
|move|p1a: Landorus|Stealth Rock|p2a: HUBERT
|-sidestart|p2: UnArabeDansLaVille|move: Stealth Rock
|
|turn|6
|
|switch|p1a: Ferrothorn|Ferrothorn, M|351\/351
|-damage|p1a: Ferrothorn|330\/351|[from] Stealth Rock
|move|p2a: HUBERT|Roost|p2a: HUBERT
|-heal|p2a: HUBERT|178\/309
|
|-heal|p1a: Ferrothorn|351\/351|[from] item: Leftovers
|turn|7
|
|switch|p2a: CRAPTOAD|Heatran, F|385\/385
|-damage|p2a: CRAPTOAD|337\/385|[from] Stealth Rock
|move|p1a: Ferrothorn|Gyro Ball|p2a: CRAPTOAD
|-resisted|p2a: CRAPTOAD
|-damage|p2a: CRAPTOAD|296\/385
|
|-heal|p2a: CRAPTOAD|320\/385|[from] item: Leftovers
|turn|8
|
|switch|p1a: Rotom-Wash|Rotom-Wash|303\/303
|-damage|p1a: Rotom-Wash|266\/303|[from] Stealth Rock
|move|p2a: CRAPTOAD|Will-O-Wisp|p1a: Rotom-Wash
|-status|p1a: Rotom-Wash|brn
|
|-heal|p2a: CRAPTOAD|344\/385|[from] item: Leftovers
|-heal|p1a: Rotom-Wash|284\/303 brn|[from] item: Leftovers
|-damage|p1a: Rotom-Wash|247\/303 brn|[from] brn
|turn|9
|
|move|p2a: CRAPTOAD|Protect|p2a: CRAPTOAD
|-singleturn|p2a: CRAPTOAD|Protect
|move|p1a: Rotom-Wash|Hydro Pump|p2a: CRAPTOAD
|-activate|p2a: CRAPTOAD|Protect
|
|-heal|p2a: CRAPTOAD|368\/385|[from] item: Leftovers
|-heal|p1a: Rotom-Wash|265\/303 brn|[from] item: Leftovers
|-damage|p1a: Rotom-Wash|228\/303 brn|[from] brn
|turn|10
|
|move|p2a: CRAPTOAD|Lava Plume|p1a: Rotom-Wash
|-resisted|p1a: Rotom-Wash
|-damage|p1a: Rotom-Wash|175\/303 brn
|move|p1a: Rotom-Wash|Hydro Pump|p2a: CRAPTOAD
|-supereffective|p2a: CRAPTOAD
|-damage|p2a: CRAPTOAD|110\/385
|
|-heal|p2a: CRAPTOAD|134\/385|[from] item: Leftovers
|-heal|p1a: Rotom-Wash|193\/303 brn|[from] item: Leftovers
|-damage|p1a: Rotom-Wash|156\/303 brn|[from] brn
|turn|11
|
|switch|p1a: Landorus|Landorus, M|288\/319
|-damage|p1a: Landorus|249\/319|[from] Stealth Rock
|move|p2a: CRAPTOAD|Protect|p2a: CRAPTOAD
|-fail|p2a: CRAPTOAD
|
|-heal|p2a: CRAPTOAD|158\/385|[from] item: Leftovers
|turn|12
|
|move|p2a: CRAPTOAD|Protect|p2a: CRAPTOAD
|-singleturn|p2a: CRAPTOAD|Protect
|move|p1a: Landorus|Knock Off|p2a: CRAPTOAD
|-activate|p2a: CRAPTOAD|Protect
|
|-heal|p2a: CRAPTOAD|182\/385|[from] item: Leftovers
|turn|13
|
|switch|p2a: HUBERT|Latios, M|178\/309
|-damage|p2a: HUBERT|140\/309|[from] Stealth Rock
|move|p1a: Landorus|Earth Power|p2a: HUBERT
|-immune|p2a: HUBERT|[msg]
|
|turn|14
|
|move|p2a: HUBERT|Roost|p2a: HUBERT
|-heal|p2a: HUBERT|295\/309
|move|p1a: Landorus|Knock Off|p2a: HUBERT
|-supereffective|p2a: HUBERT
|-damage|p2a: HUBERT|113\/309
|-damage|p1a: Landorus|218\/319|[from] item: Life Orb
|
|turn|15
|
|switch|p1a: Metagross|Metagross|301\/301
|-damage|p1a: Metagross|283\/301|[from] Stealth Rock
|move|p2a: HUBERT|Roost|p2a: HUBERT
|-heal|p2a: HUBERT|268\/309
|
|turn|16
|
|detailschange|p1a: Metagross|Metagross-Mega
|message|Metagross has Mega Evolved into Mega Metagross!
|move|p2a: HUBERT|Memento|p1a: Metagross
|-unboost|p1a: Metagross|atk|2
|-unboost|p1a: Metagross|spa|2
|faint|p2a: HUBERT
|move|p1a: Metagross|Meteor Mash|p2: HUBERT|[notarget]
|-notarget
|
|
|switch|p2a: OH OUI BABY|Metagross|357\/357
|-damage|p2a: OH OUI BABY|335\/357|[from] Stealth Rock
|turn|17
|
|switch|p1a: Ferrothorn|Ferrothorn, M|351\/351
|-damage|p1a: Ferrothorn|330\/351|[from] Stealth Rock
|detailschange|p2a: OH OUI BABY|Metagross-Mega
|message|Metagross has Mega Evolved into Mega Metagross!
|move|p2a: OH OUI BABY|Earthquake|p1a: Ferrothorn
|-damage|p1a: Ferrothorn|224\/351
|
|-heal|p1a: Ferrothorn|245\/351|[from] item: Leftovers
|turn|18
|
|switch|p2a: BB LISS|Breloom, F|262\/262
|-damage|p2a: BB LISS|246\/262|[from] Stealth Rock
|move|p1a: Ferrothorn|Leech Seed|p2a: BB LISS
|-immune|p2a: BB LISS|[msg]
|
|-heal|p1a: Ferrothorn|266\/351|[from] item: Leftovers
|turn|19
|
|switch|p1a: Sylveon|Sylveon, F|137\/392
|-damage|p1a: Sylveon|88\/392|[from] Stealth Rock
|move|p2a: BB LISS|Mach Punch|p1a: Sylveon
|-resisted|p1a: Sylveon
|-damage|p1a: Sylveon|3\/392
|
|turn|20
|
|move|p2a: BB LISS|Mach Punch|p1a: Sylveon
|-resisted|p1a: Sylveon
|-damage|p1a: Sylveon|0 fnt
|faint|p1a: Sylveon
|
|
|switch|p1a: Latios|Latios, M|301\/301
|-damage|p1a: Latios|264\/301|[from] Stealth Rock
|turn|21
|
|switch|p2a: CRAPTOAD|Heatran, F|182\/385
|-damage|p2a: CRAPTOAD|134\/385|[from] Stealth Rock
|move|p1a: Latios|Trick|p2a: CRAPTOAD
|-activate|p1a: Latios|move: Trick|[of] p2a: CRAPTOAD
|-item|p2a: CRAPTOAD|Choice Scarf|[from] move: Trick
|-item|p1a: Latios|Leftovers|[from] move: Trick
|
|-heal|p1a: Latios|282\/301|[from] item: Leftovers
|turn|22
|
|move|p2a: CRAPTOAD|Lava Plume|p1a: Latios
|-resisted|p1a: Latios
|-damage|p1a: Latios|232\/301
|-status|p1a: Latios|brn
|move|p1a: Latios|Defog|p2a: CRAPTOAD
|-unboost|p2a: CRAPTOAD|evasion|1
|-sideend|p2: UnArabeDansLaVille|Stealth Rock|[from] move: Defog|[of] p2a: CRAPTOAD
|-sideend|p1: naneek|Stealth Rock|[from] move: Defog|[of] p1a: Latios
|
|-heal|p1a: Latios|250\/301 brn|[from] item: Leftovers
|-damage|p1a: Latios|213\/301 brn|[from] brn
|turn|23
|
|switch|p2a: OH OUI BABY|Metagross-Mega|335\/357
|switch|p1a: Rotom-Wash|Rotom-Wash|156\/303 brn
|
|-heal|p1a: Rotom-Wash|174\/303 brn|[from] item: Leftovers
|-damage|p1a: Rotom-Wash|137\/303 brn|[from] brn
|turn|24
|
|move|p2a: OH OUI BABY|Zen Headbutt|p1a: Rotom-Wash
|-damage|p1a: Rotom-Wash|0 fnt
|faint|p1a: Rotom-Wash
|
|
|switch|p1a: Ferrothorn|Ferrothorn, M|266\/351
|turn|25
|
|switch|p2a: BB LISS|Breloom, F|246\/262
|switch|p1a: Landorus|Landorus, M|218\/319
|
|turn|26
|
|switch|p2a: CRAPTOAD|Heatran, F|134\/385
|move|p1a: Landorus|Stealth Rock|p2a: CRAPTOAD
|-sidestart|p2: UnArabeDansLaVille|move: Stealth Rock
|
|turn|27
|
|move|p2a: CRAPTOAD|Lava Plume|p1a: Landorus
|-damage|p1a: Landorus|62\/319
|-status|p1a: Landorus|brn
|move|p1a: Landorus|Earth Power|p2a: CRAPTOAD
|-supereffective|p2a: CRAPTOAD
|-damage|p2a: CRAPTOAD|0 fnt
|faint|p2a: CRAPTOAD
|
|-damage|p1a: Landorus|23\/319 brn|[from] brn
|
|switch|p2a: NAIN JA|Greninja, M|289\/289
|-damage|p2a: NAIN JA|253\/289|[from] Stealth Rock
|turn|28
|
|move|p2a: NAIN JA|Dark Pulse|p1a: Landorus
|-start|p2a: NAIN JA|typechange|Dark|[from] Protean
|-damage|p1a: Landorus|0 fnt
|-damage|p2a: NAIN JA|225\/289|[from] item: Life Orb
|faint|p1a: Landorus
|
|
|switch|p1a: Ferrothorn|Ferrothorn, M|266\/351
|turn|29
|
|move|p2a: NAIN JA|Hidden Power|p1a: Ferrothorn
|-start|p2a: NAIN JA|typechange|Fire|[from] Protean
|-supereffective|p1a: Ferrothorn
|-damage|p1a: Ferrothorn|0 fnt
|-damage|p2a: NAIN JA|197\/289|[from] item: Life Orb
|faint|p1a: Ferrothorn
|
|
|switch|p1a: Latios|Latios, M|213\/301 brn
|turn|30
|
|move|p2a: NAIN JA|Dark Pulse|p1a: Latios
|-start|p2a: NAIN JA|typechange|Dark|[from] Protean
|-crit|p1a: Latios
|-supereffective|p1a: Latios
|-damage|p1a: Latios|0 fnt
|-damage|p2a: NAIN JA|169\/289|[from] item: Life Orb
|faint|p1a: Latios
|
|
|switch|p1a: Metagross|Metagross-Mega|283\/301
|turn|31
|
|move|p2a: NAIN JA|Dark Pulse|p1a: Metagross
|-supereffective|p1a: Metagross
|-damage|p1a: Metagross|26\/301
|-damage|p2a: NAIN JA|141\/289|[from] item: Life Orb
|cant|p1a: Metagross|flinch
|
|turn|32
|-message|naneek forfeited.
|
|win|UnArabeDansLaVille
|raw|Ladder updating...
|leave|naneek
|player|p1
|raw|naneek's rating: 1602 &rarr; <strong>1575<\/strong><br \/>(-27 for losing)
|raw|UnArabeDansLaVille's rating: 1478 &rarr; <strong>1504<\/strong><br \/>(+26 for winning)