|join|naneek
|join|Reverb
|player|p1|naneek|175
|player|p2|Reverb|#reverb
|gametype|singles
|gen|6
|tier|OU
|rated
|clearpoke
|poke|p1|Altaria, M
|poke|p1|Tyranitar, F
|poke|p1|Excadrill, M
|poke|p1|Gengar, F
|poke|p1|Azumarill, F
|poke|p1|Ferrothorn, F
|poke|p2|Lucario, F
|poke|p2|Diancie
|poke|p2|Rotom-Wash
|poke|p2|Heatran, M
|poke|p2|Landorus-Therian, M
|poke|p2|Greninja, F
|rule|Swagger Clause: Swagger is banned
|rule|Baton Pass Clause: Limit one PokÃ©mon knowing Baton Pass
|rule|Sleep Clause Mod: Limit one foe put to sleep
|rule|Species Clause: Limit one of each PokÃ©mon
|rule|OHKO Clause: OHKO moves are banned
|rule|Moody Clause: Moody is banned
|rule|Evasion Moves Clause: Evasion moves are banned
|rule|Endless Battle Clause: Forcing endless battles is banned
|rule|HP Percentage Mod: HP is shown in percentages
|teampreview
|join|Futher Maths
|join|CleanerThanRotom-W
|
|start
|switch|p1a: Gengar|Gengar, F|261\/261
|switch|p2a: Diancie|Diancie|241\/241
|turn|1
|
|detailschange|p2a: Diancie|Diancie-Mega
|message|Diancie has Mega Evolved into Mega Diancie!
|move|p1a: Gengar|Shadow Ball|p2a: Diancie
|-damage|p2a: Diancie|53\/241
|-unboost|p2a: Diancie|spd|1
|-damage|p1a: Gengar|235\/261|[from] item: Life Orb
|move|p2a: Diancie|Diamond Storm|p1a: Gengar
|-damage|p1a: Gengar|0 fnt
|-boost|p2a: Diancie|def|1
|faint|p1a: Gengar
|
|
|switch|p1a: Azumarill|Azumarill, F|381\/381
|turn|2
|
|switch|p2a: Rotom-Wash|Rotom-Wash|303\/303
|move|p1a: Azumarill|Aqua Jet|p2a: Rotom-Wash
|-resisted|p2a: Rotom-Wash
|-damage|p2a: Rotom-Wash|273\/303
|
|-heal|p2a: Rotom-Wash|291\/303|[from] item: Leftovers
|turn|3
|join|Laby'
|
|switch|p1a: Altaria|Altaria, M|353\/353
|move|p2a: Rotom-Wash|Volt Switch|p1a: Altaria
|-crit|p1a: Altaria
|-damage|p1a: Altaria|227\/353
|
|switch|p2a: Diancie|Diancie-Mega|53\/241
|
|turn|4
|
|switch|p2a: Heatran|Heatran, M|386\/386
|switch|p1a: Ferrothorn|Ferrothorn, F|351\/351
|
|turn|5
|
|switch|p1a: Tyranitar|Tyranitar, F|403\/403
|-weather|Sandstorm
|move|p2a: Heatran|Lava Plume|p1a: Tyranitar
|-resisted|p1a: Tyranitar
|-damage|p1a: Tyranitar|362\/403
|-status|p1a: Tyranitar|brn
|
|-weather|Sandstorm|[upkeep]
|-heal|p1a: Tyranitar|387\/403 brn|[from] item: Leftovers
|-damage|p1a: Tyranitar|337\/403 brn|[from] brn
|turn|6
|
|move|p2a: Heatran|Taunt|p1a: Tyranitar
|-start|p1a: Tyranitar|move: Taunt
|move|p1a: Tyranitar|Ice Beam|p2a: Heatran
|-resisted|p2a: Heatran
|-damage|p2a: Heatran|372\/386
|-status|p2a: Heatran|frz
|
|-weather|Sandstorm|[upkeep]
|-heal|p2a: Heatran|386\/386 frz|[from] item: Leftovers
|-heal|p1a: Tyranitar|362\/403 brn|[from] item: Leftovers
|-damage|p1a: Tyranitar|312\/403 brn|[from] brn
|turn|7
|
|switch|p1a: Azumarill|Azumarill, F|381\/381
|-curestatus|p2a: Heatran|frz
|move|p2a: Heatran|Lava Plume|p1a: Azumarill
|-resisted|p1a: Azumarill
|-damage|p1a: Azumarill|333\/381
|
|-weather|Sandstorm|[upkeep]
|-damage|p1a: Azumarill|310\/381|[from] sandstorm
|turn|8
|
|move|p2a: Heatran|Will-O-Wisp|p1a: Azumarill
|-status|p1a: Azumarill|brn
|move|p1a: Azumarill|Knock Off|p2a: Heatran
|-damage|p2a: Heatran|315\/386
|-enditem|p2a: Heatran|Leftovers|[from] move: Knock Off|[of] p1a: Azumarill
|
|-weather|Sandstorm|[upkeep]
|-damage|p1a: Azumarill|287\/381 brn|[from] sandstorm
|-damage|p1a: Azumarill|240\/381 brn|[from] brn
|turn|9
|join|haunter
|
|move|p2a: Heatran|Stealth Rock|p1a: Azumarill
|-sidestart|p1: naneek|move: Stealth Rock
|move|p1a: Azumarill|Knock Off|p2a: Heatran
|-crit|p2a: Heatran
|-damage|p2a: Heatran|244\/386
|
|-weather|none
|-damage|p1a: Azumarill|193\/381 brn|[from] brn
|turn|10
|-message|naneek forfeited.
|
|win|Reverb
|raw|Ladder updating...
|leave|naneek
|player|p1