|join|Admin Amir
|join|naneek
|player|p1|Admin Amir|141
|player|p2|naneek|101
|gametype|singles
|gen|6
|tier|OU
|rated
|clearpoke
|poke|p1|Politoed, M
|poke|p1|Kabutops, F
|poke|p1|Kingdra, M, shiny
|poke|p1|Deoxys-Speed
|poke|p1|Tornadus, M, shiny
|poke|p1|Manectric, M, shiny
|poke|p2|Aegislash, M
|poke|p2|Landorus, M
|poke|p2|Tyranitar, F
|poke|p2|Rotom-Wash
|poke|p2|Conkeldurr, M
|poke|p2|Scizor, F
|rule|Sleep Clause Mod: Limit one foe put to sleep
|rule|Species Clause: Limit one of each Pokemon
|rule|OHKO Clause: OHKO moves are banned
|rule|Moody Clause: Moody is banned
|rule|Evasion Moves Clause: Evasion moves are banned
|rule|Endless Battle Clause: Forcing endless battles is banned.
|rule|HP Percentage Mod: HP is reported as percentages
|teampreview
|
|start
|switch|p1a: Sanic|Deoxys-Speed|241\/241
|switch|p2a: Rotom-Wash|Rotom-Wash|303\/303
|-ability|p1a: Sanic|Pressure
|turn|1
|
|move|p1a: Sanic|Psycho Boost|p2a: Rotom-Wash
|-damage|p2a: Rotom-Wash|144\/303
|-unboost|p1a: Sanic|spa|2
|move|p2a: Rotom-Wash|Volt Switch|p1a: Sanic
|-damage|p1a: Sanic|139\/241
|
|switch|p2a: Aegislash|Aegislash, M|321\/321
|
|turn|2
|
|move|p1a: Sanic|Stealth Rock|p2a: Aegislash
|-sidestart|p2: naneek|move: Stealth Rock
|-formechange|p2a: Aegislash|Aegislash-Blade
|move|p2a: Aegislash|Shadow Ball|p1a: Sanic
|-supereffective|p1a: Sanic
|-damage|p1a: Sanic|0 fnt
|faint|p1a: Sanic
|
|
|switch|p1a: Snoop dogg|Politoed, M|341\/341
|-weather|RainDance
|turn|3
|
|switch|p2a: Rotom-Wash|Rotom-Wash|144\/303
|-damage|p2a: Rotom-Wash|107\/303|[from] Stealth Rock
|move|p1a: Snoop dogg|Hydro Pump|p2a: Rotom-Wash
|-resisted|p2a: Rotom-Wash
|-damage|p2a: Rotom-Wash|4\/303
|
|-weather|RainDance|[upkeep]
|-heal|p2a: Rotom-Wash|22\/303|[from] item: Leftovers
|turn|4
|
|move|p1a: Snoop dogg|Scald|p2a: Rotom-Wash
|-resisted|p2a: Rotom-Wash
|-damage|p2a: Rotom-Wash|0 fnt
|faint|p2a: Rotom-Wash
|
|-weather|RainDance|[upkeep]
|
|switch|p2a: Conkeldurr|Conkeldurr, M|385\/385
|-damage|p2a: Conkeldurr|361\/385|[from] Stealth Rock
|turn|5
|
|move|p1a: Snoop dogg|Hypnosis|p2a: Conkeldurr
|-status|p2a: Conkeldurr|slp
|cant|p2a: Conkeldurr|slp
|
|-weather|RainDance|[upkeep]
|turn|6
|
|switch|p1a: Grandpa|Tornadus, M, shiny|299\/299
|cant|p2a: Conkeldurr|slp
|
|-weather|RainDance|[upkeep]
|turn|7
|
|switch|p2a: Tyranitar|Tyranitar, F|342\/342
|-damage|p2a: Tyranitar|300\/342|[from] Stealth Rock
|-weather|Sandstorm
|move|p1a: Grandpa|Hurricane|p2a: Tyranitar|[miss]
|-miss|p1a: Grandpa|p2a: Tyranitar
|
|-weather|Sandstorm|[upkeep]
|-damage|p1a: Grandpa|281\/299|[from] sandstorm
|turn|8
|
|move|p2a: Tyranitar|Crunch|p1a: Grandpa
|-damage|p1a: Grandpa|83\/299
|move|p1a: Grandpa|Focus Blast|p2a: Tyranitar|[miss]
|-miss|p1a: Grandpa|p2a: Tyranitar
|
|-weather|Sandstorm|[upkeep]
|-damage|p1a: Grandpa|65\/299|[from] sandstorm
|turn|9
|
|move|p1a: Grandpa|Rain Dance|p1a: Grandpa
|-weather|RainDance
|move|p2a: Tyranitar|Crunch|p1a: Grandpa
|-damage|p1a: Grandpa|0 fnt
|faint|p1a: Grandpa
|
|-weather|RainDance|[upkeep]
|
|switch|p1a: Rain Sytha|Kabutops, F|262\/262
|turn|10
|
|switch|p2a: Aegislash|Aegislash, M|321\/321
|-damage|p2a: Aegislash|301\/321|[from] Stealth Rock
|move|p1a: Rain Sytha|Swords Dance|p1a: Rain Sytha
|-boost|p1a: Rain Sytha|atk|2
|
|-weather|RainDance|[upkeep]
|-heal|p2a: Aegislash|321\/321|[from] item: Leftovers
|turn|11
|
|move|p2a: Aegislash|King's Shield|p2a: Aegislash
|-singleturn|p2a: Aegislash|Protect
|move|p1a: Rain Sytha|Swords Dance|p1a: Rain Sytha
|-boost|p1a: Rain Sytha|atk|2
|
|-weather|RainDance|[upkeep]
|turn|12
|
|-formechange|p2a: Aegislash|Aegislash-Blade
|move|p2a: Aegislash|Shadow Sneak|p1a: Rain Sytha
|-damage|p1a: Rain Sytha|198\/262
|move|p1a: Rain Sytha|Waterfall|p2a: Aegislash
|-damage|p2a: Aegislash|0 fnt
|-damage|p1a: Rain Sytha|172\/262|[from] item: Life Orb
|faint|p2a: Aegislash
|
|-weather|RainDance|[upkeep]
|
|switch|p2a: Conkeldurr|Conkeldurr, M|361\/385 slp
|-damage|p2a: Conkeldurr|337\/385 slp|[from] Stealth Rock
|turn|13
|
|move|p1a: Rain Sytha|Aqua Jet|p2a: Conkeldurr
|-damage|p2a: Conkeldurr|0 fnt
|-damage|p1a: Rain Sytha|146\/262|[from] item: Life Orb
|faint|p2a: Conkeldurr
|
|-weather|RainDance|[upkeep]
|
|switch|p2a: Scizor|Scizor, F|343\/343
|-damage|p2a: Scizor|301\/343|[from] Stealth Rock
|turn|14
|
|detailschange|p2a: Scizor|Scizor-Mega, F
|message|Scizor has Mega Evolved into Mega Scizor!
|move|p1a: Rain Sytha|Aqua Jet|p2a: Scizor
|-damage|p2a: Scizor|0 fnt
|-damage|p1a: Rain Sytha|120\/262|[from] item: Life Orb
|faint|p2a: Scizor
|
|-weather|RainDance|[upkeep]
|chat|Admin Amir|gg man :]
|-message|naneek forfeited.
|
|win|Admin Amir
|raw|Ladder updating...
|leave|naneek
|player|p2
|raw|Admin Amir's rating: 1495 &rarr; <strong>1516<\/strong><br \/>(+21 for winning)
|raw|naneek's rating: 1503 &rarr; <strong>1483<\/strong><br \/>(-20 for losing)