|join|naneek
|join|Lord Bird
|player|p1|naneek|175
|player|p2|Lord Bird|167
|gametype|singles
|gen|6
|tier|OU
|rated
|clearpoke
|poke|p1|Metagross
|poke|p1|Thundurus, M
|poke|p1|Landorus-Therian, M
|poke|p1|Keldeo-Resolute
|poke|p1|Latios, M
|poke|p1|Rotom-Wash
|poke|p2|Abomasnow, M
|poke|p2|Doublade, F
|poke|p2|Vaporeon, M
|poke|p2|Empoleon, M
|poke|p2|Rotom-Heat
|poke|p2|Landorus-Therian, M
|rule|Swagger Clause: Swagger is banned
|rule|Baton Pass Clause: Limit one PokÃ©mon knowing Baton Pass
|rule|Sleep Clause Mod: Limit one foe put to sleep
|rule|Species Clause: Limit one of each PokÃ©mon
|rule|OHKO Clause: OHKO moves are banned
|rule|Moody Clause: Moody is banned
|rule|Evasion Moves Clause: Evasion moves are banned
|rule|Endless Battle Clause: Forcing endless battles is banned
|rule|HP Percentage Mod: HP is shown in percentages
|teampreview
|
|start
|switch|p1a: Rotom-Wash|Rotom-Wash|303\/303
|switch|p2a: Landorus-Therian|Landorus-Therian, M|375\/375
|-ability|p2a: Landorus-Therian|Intimidate|[of] p1a: Rotom-Wash
|-unboost|p1a: Rotom-Wash|atk|1
|turn|1
|
|move|p1a: Rotom-Wash|Trick|p2a: Landorus-Therian
|-activate|p1a: Rotom-Wash|move: Trick|[of] p2a: Landorus-Therian
|-item|p2a: Landorus-Therian|Choice Scarf|[from] move: Trick
|-item|p1a: Rotom-Wash|Assault Vest|[from] move: Trick
|move|p2a: Landorus-Therian|U-turn|p1a: Rotom-Wash
|-damage|p1a: Rotom-Wash|226\/303
|
|switch|p2a: Abomasnow|Abomasnow, M|371\/371
|-weather|Hail
|
|-weather|Hail|[upkeep]
|-damage|p1a: Rotom-Wash|208\/303|[from] hail
|turn|2
|
|switch|p2a: Landorus-Therian|Landorus-Therian, M|375\/375
|-ability|p2a: Landorus-Therian|Intimidate|[of] p1a: Rotom-Wash
|-unboost|p1a: Rotom-Wash|atk|1
|move|p1a: Rotom-Wash|Volt Switch|p2a: Landorus-Therian
|-immune|p2a: Landorus-Therian|[msg]
|
|-weather|Hail|[upkeep]
|-damage|p2a: Landorus-Therian|352\/375|[from] hail
|-damage|p1a: Rotom-Wash|190\/303|[from] hail
|turn|3
|
|move|p2a: Landorus-Therian|U-turn|p1a: Rotom-Wash
|-damage|p1a: Rotom-Wash|113\/303
|
|switch|p2a: Rotom-Heat|Rotom-Heat|304\/304
|move|p1a: Rotom-Wash|Volt Switch|p2a: Rotom-Heat
|-resisted|p2a: Rotom-Heat
|-damage|p2a: Rotom-Heat|262\/304
|
|switch|p1a: Keldeo-Resolute|Keldeo-Resolute|323\/323
|
|-weather|Hail|[upkeep]
|-damage|p1a: Keldeo-Resolute|303\/323|[from] hail
|-damage|p2a: Rotom-Heat|243\/304|[from] hail
|-heal|p2a: Rotom-Heat|262\/304|[from] item: Leftovers
|turn|4
|
|move|p1a: Keldeo-Resolute|Secret Sword|p2a: Rotom-Heat
|-damage|p2a: Rotom-Heat|115\/304
|move|p2a: Rotom-Heat|Volt Switch|p1a: Keldeo-Resolute
|-supereffective|p1a: Keldeo-Resolute
|-damage|p1a: Keldeo-Resolute|123\/323
|
|switch|p2a: Doublade|Doublade, F|322\/322
|
|-weather|Hail|[upkeep]
|-damage|p1a: Keldeo-Resolute|103\/323|[from] hail
|-damage|p2a: Doublade|302\/322|[from] hail
|turn|5
|
|switch|p1a: Rotom-Wash|Rotom-Wash|113\/303
|switch|p2a: Vaporeon|Vaporeon, M|464\/464
|
|-weather|none
|turn|6
|
|move|p1a: Rotom-Wash|Volt Switch|p2a: Vaporeon
|-supereffective|p2a: Vaporeon
|-damage|p2a: Vaporeon|294\/464
|
|switch|p1a: Thundurus|Thundurus, M|299\/299
|move|p2a: Vaporeon|Wish|p2a: Vaporeon
|
|-heal|p2a: Vaporeon|323\/464|[from] item: Leftovers
|turn|7
|
|switch|p2a: Rotom-Heat|Rotom-Heat|115\/304
|move|p1a: Thundurus|Thunderbolt|p2a: Rotom-Heat
|-resisted|p2a: Rotom-Heat
|-damage|p2a: Rotom-Heat|18\/304
|-damage|p1a: Thundurus|270\/299|[from] item: Life Orb
|
|-heal|p2a: Rotom-Heat|250\/304|[from] move: Wish|[wisher] Vaporeon
|-heal|p2a: Rotom-Heat|269\/304|[from] item: Leftovers
|turn|8
|
|switch|p1a: Latios|Latios, M|301\/301
|switch|p2a: Landorus-Therian|Landorus-Therian, M|352\/375
|-ability|p2a: Landorus-Therian|Intimidate|[of] p1a: Latios
|-unboost|p1a: Latios|atk|1
|
|turn|9
|
|switch|p1a: Landorus-Therian|Landorus-Therian, M|381\/381
|-ability|p1a: Landorus-Therian|Intimidate|[of] p2a: Landorus-Therian
|-unboost|p2a: Landorus-Therian|atk|1
|move|p2a: Landorus-Therian|U-turn|p1a: Landorus-Therian
|-resisted|p1a: Landorus-Therian
|-damage|p1a: Landorus-Therian|358\/381
|
|switch|p2a: Vaporeon|Vaporeon, M|323\/464
|
|-heal|p1a: Landorus-Therian|381\/381|[from] item: Leftovers
|-heal|p2a: Vaporeon|352\/464|[from] item: Leftovers
|turn|10
|
|move|p1a: Landorus-Therian|Stealth Rock|p2a: Vaporeon
|-sidestart|p2: Lord Bird|move: Stealth Rock
|move|p2a: Vaporeon|Scald|p1a: Landorus-Therian
|-supereffective|p1a: Landorus-Therian
|-damage|p1a: Landorus-Therian|145\/381
|
|-heal|p1a: Landorus-Therian|168\/381|[from] item: Leftovers
|-heal|p2a: Vaporeon|381\/464|[from] item: Leftovers
|turn|11
|
|move|p1a: Landorus-Therian|U-turn|p2a: Vaporeon
|-damage|p2a: Vaporeon|304\/464
|
|switch|p1a: Rotom-Wash|Rotom-Wash|113\/303
|move|p2a: Vaporeon|Scald|p1a: Rotom-Wash
|-resisted|p1a: Rotom-Wash
|-damage|p1a: Rotom-Wash|82\/303
|-status|p1a: Rotom-Wash|brn
|
|-heal|p2a: Vaporeon|333\/464|[from] item: Leftovers
|-damage|p1a: Rotom-Wash|45\/303 brn|[from] brn
|turn|12
|
|move|p2a: Vaporeon|Protect|p2a: Vaporeon
|-singleturn|p2a: Vaporeon|Protect
|move|p1a: Rotom-Wash|Volt Switch|p2a: Vaporeon
|-activate|p2a: Vaporeon|Protect
|
|-heal|p2a: Vaporeon|362\/464|[from] item: Leftovers
|-damage|p1a: Rotom-Wash|8\/303 brn|[from] brn
|turn|13
|
|move|p1a: Rotom-Wash|Hydro Pump|p2a: Vaporeon
|-heal|p2a: Vaporeon|464\/464|[from] ability: Water Absorb|[of] p1a: Rotom-Wash
|move|p2a: Vaporeon|Wish|p2a: Vaporeon
|
|-damage|p1a: Rotom-Wash|0 fnt|[from] brn
|faint|p1a: Rotom-Wash
|
|switch|p1a: Thundurus|Thundurus, M|270\/299
|turn|14
|
|switch|p2a: Abomasnow|Abomasnow, M|371\/371
|-damage|p2a: Abomasnow|279\/371|[from] Stealth Rock
|-weather|Hail
|move|p1a: Thundurus|Thunderbolt|p2a: Abomasnow
|-resisted|p2a: Abomasnow
|-damage|p2a: Abomasnow|159\/371
|-damage|p1a: Thundurus|241\/299|[from] item: Life Orb
|
|-weather|Hail|[upkeep]
|-damage|p1a: Thundurus|223\/299|[from] hail
|-heal|p2a: Abomasnow|371\/371|[from] move: Wish|[wisher] Vaporeon
|turn|15
|
|switch|p1a: Metagross|Metagross|301\/301
|detailschange|p2a: Abomasnow|Abomasnow-Mega, M
|message|Abomasnow has Mega Evolved into Mega Abomasnow!
|move|p2a: Abomasnow|Ice Shard|p1a: Metagross
|-resisted|p1a: Metagross
|-damage|p1a: Metagross|277\/301
|
|-weather|Hail|[upkeep]
|-damage|p1a: Metagross|259\/301|[from] hail
|turn|16
|
|switch|p2a: Rotom-Heat|Rotom-Heat|269\/304
|-damage|p2a: Rotom-Heat|193\/304|[from] Stealth Rock
|detailschange|p1a: Metagross|Metagross-Mega
|message|Metagross has Mega Evolved into Mega Metagross!
|move|p1a: Metagross|Zen Headbutt|p2a: Rotom-Heat
|-damage|p2a: Rotom-Heat|54\/304
|
|-weather|Hail|[upkeep]
|-damage|p1a: Metagross|241\/301|[from] hail
|-damage|p2a: Rotom-Heat|35\/304|[from] hail
|-heal|p2a: Rotom-Heat|54\/304|[from] item: Leftovers
|turn|17
|
|move|p1a: Metagross|Zen Headbutt|p2a: Rotom-Heat
|-damage|p2a: Rotom-Heat|0 fnt
|faint|p2a: Rotom-Heat
|
|-weather|Hail|[upkeep]
|-damage|p1a: Metagross|223\/301|[from] hail
|
|switch|p2a: Landorus-Therian|Landorus-Therian, M|352\/375
|-damage|p2a: Landorus-Therian|306\/375|[from] Stealth Rock
|-ability|p2a: Landorus-Therian|Intimidate|[of] p1a: Metagross
|-unboost|p1a: Metagross|atk|1
|turn|18
|
|switch|p1a: Landorus-Therian|Landorus-Therian, M|168\/381
|-ability|p1a: Landorus-Therian|Intimidate|[of] p2a: Landorus-Therian
|-unboost|p2a: Landorus-Therian|atk|1
|move|p2a: Landorus-Therian|Knock Off|p1a: Landorus-Therian
|-damage|p1a: Landorus-Therian|101\/381
|-enditem|p1a: Landorus-Therian|Leftovers|[from] move: Knock Off|[of] p2a: Landorus-Therian
|
|-weather|none
|turn|19
|
|switch|p2a: Empoleon|Empoleon, M|372\/372
|-damage|p2a: Empoleon|349\/372|[from] Stealth Rock
|move|p1a: Landorus-Therian|U-turn|p2a: Empoleon
|-resisted|p2a: Empoleon
|-damage|p2a: Empoleon|309\/372
|
|switch|p1a: Thundurus|Thundurus, M|223\/299
|
|-heal|p2a: Empoleon|332\/372|[from] item: Leftovers
|turn|20
|
|move|p1a: Thundurus|Thunderbolt|p2a: Empoleon
|-supereffective|p2a: Empoleon
|-damage|p2a: Empoleon|51\/372
|-damage|p1a: Thundurus|194\/299|[from] item: Life Orb
|move|p2a: Empoleon|Stealth Rock|p1a: Thundurus
|-sidestart|p1: naneek|move: Stealth Rock
|
|-heal|p2a: Empoleon|74\/372|[from] item: Leftovers
|turn|21
|
|move|p1a: Thundurus|Thunderbolt|p2a: Empoleon
|-supereffective|p2a: Empoleon
|-damage|p2a: Empoleon|0 fnt
|-damage|p1a: Thundurus|165\/299|[from] item: Life Orb
|faint|p2a: Empoleon
|
|
|switch|p2a: Landorus-Therian|Landorus-Therian, M|306\/375
|-damage|p2a: Landorus-Therian|260\/375|[from] Stealth Rock
|-ability|p2a: Landorus-Therian|Intimidate|[of] p1a: Thundurus
|-unboost|p1a: Thundurus|atk|1
|turn|22
|
|switch|p1a: Latios|Latios, M|301\/301
|-damage|p1a: Latios|264\/301|[from] Stealth Rock
|move|p2a: Landorus-Therian|Stone Edge|p1a: Latios
|-damage|p1a: Latios|114\/301
|
|turn|23
|
|switch|p2a: Doublade|Doublade, F|302\/322
|-damage|p2a: Doublade|282\/322|[from] Stealth Rock
|move|p1a: Latios|Draco Meteor|p2a: Doublade
|-resisted|p2a: Doublade
|-damage|p2a: Doublade|172\/322
|-unboost|p1a: Latios|spa|2
|-damage|p1a: Latios|84\/301|[from] item: Life Orb
|
|turn|24
|
|move|p1a: Latios|Hidden Power|p2a: Doublade
|-supereffective|p2a: Doublade
|-damage|p2a: Doublade|99\/322
|-damage|p1a: Latios|54\/301|[from] item: Life Orb
|move|p2a: Doublade|Gyro Ball|p1a: Latios
|-damage|p1a: Latios|0 fnt
|faint|p1a: Latios
|
|
|switch|p1a: Thundurus|Thundurus, M|165\/299
|-damage|p1a: Thundurus|91\/299|[from] Stealth Rock
|turn|25
|
|move|p1a: Thundurus|Thunderbolt|p2a: Doublade
|-damage|p2a: Doublade|0 fnt
|-damage|p1a: Thundurus|62\/299|[from] item: Life Orb
|faint|p2a: Doublade
|
|
|switch|p2a: Abomasnow|Abomasnow-Mega, M|371\/371
|-damage|p2a: Abomasnow|279\/371|[from] Stealth Rock
|-weather|Hail
|turn|26
|
|-singleturn|p2a: Abomasnow|move: Focus Punch
|move|p1a: Thundurus|Thunder Wave|p2a: Abomasnow
|-status|p2a: Abomasnow|par
|cant|p2a: Abomasnow|par
|
|-weather|Hail|[upkeep]
|-damage|p1a: Thundurus|44\/299|[from] hail
|turn|27
|
|cant|p2a: Abomasnow|par
|move|p1a: Thundurus|Thunderbolt|p2a: Abomasnow
|-resisted|p2a: Abomasnow
|-damage|p2a: Abomasnow|189\/371 par
|-damage|p1a: Thundurus|15\/299|[from] item: Life Orb
|
|-weather|Hail|[upkeep]
|-damage|p1a: Thundurus|0 fnt|[from] hail
|faint|p1a: Thundurus
|
|switch|p1a: Metagross|Metagross-Mega|223\/301
|-damage|p1a: Metagross|205\/301|[from] Stealth Rock
|turn|28
|
|move|p1a: Metagross|Zen Headbutt|p2a: Abomasnow|[miss]
|-miss|p1a: Metagross|p2a: Abomasnow
|cant|p2a: Abomasnow|par
|
|-weather|Hail|[upkeep]
|-damage|p1a: Metagross|187\/301|[from] hail
|turn|29
|
|switch|p2a: Vaporeon|Vaporeon, M|464\/464
|-damage|p2a: Vaporeon|406\/464|[from] Stealth Rock
|move|p1a: Metagross|Meteor Mash|p2a: Vaporeon|[miss]
|-miss|p1a: Metagross|p2a: Vaporeon
|
|-weather|Hail|[upkeep]
|-damage|p1a: Metagross|169\/301|[from] hail
|-damage|p2a: Vaporeon|377\/464|[from] hail
|-heal|p2a: Vaporeon|406\/464|[from] item: Leftovers
|turn|30
|
|move|p1a: Metagross|Zen Headbutt|p2a: Vaporeon|[miss]
|-miss|p1a: Metagross|p2a: Vaporeon
|move|p2a: Vaporeon|Wish|p2a: Vaporeon
|
|-weather|none
|-heal|p2a: Vaporeon|435\/464|[from] item: Leftovers
|turn|31
|
|move|p1a: Metagross|Zen Headbutt|p2a: Vaporeon
|-damage|p2a: Vaporeon|243\/464
|cant|p2a: Vaporeon|flinch
|
|-heal|p2a: Vaporeon|464\/464|[from] move: Wish|[wisher] Vaporeon
|turn|32
|
|move|p1a: Metagross|Zen Headbutt|p2a: Vaporeon
|-damage|p2a: Vaporeon|263\/464
|move|p2a: Vaporeon|Wish|p2a: Vaporeon
|
|-heal|p2a: Vaporeon|292\/464|[from] item: Leftovers
|turn|33
|
|move|p1a: Metagross|Zen Headbutt|p2a: Vaporeon
|-damage|p2a: Vaporeon|76\/464
|move|p2a: Vaporeon|Scald|p1a: Metagross
|-damage|p1a: Metagross|70\/301
|-status|p1a: Metagross|brn
|
|-heal|p2a: Vaporeon|308\/464|[from] move: Wish|[wisher] Vaporeon
|-heal|p2a: Vaporeon|337\/464|[from] item: Leftovers
|-damage|p1a: Metagross|33\/301 brn|[from] brn
|turn|34
|-message|naneek forfeited.
|
|win|Lord Bird
|raw|Ladder updating...
|leave|naneek
|player|p1
|raw|naneek's rating: 1635 &rarr; <strong>1612<\/strong><br \/>(-23 for losing)
|raw|Lord Bird's rating: 1574 &rarr; <strong>1598<\/strong><br \/>(+24 for winning)