|join|naneek
|join|Grolgoth
|player|p1|naneek|46
|player|p2|Grolgoth|127
|gametype|singles
|gen|6
|tier|OU
|rated
|clearpoke
|poke|p1|Raikou
|poke|p1|Scizor, F
|poke|p1|Landorus-Therian, M
|poke|p1|Latias, F
|poke|p1|Keldeo
|poke|p1|Bisharp, F
|poke|p2|Gyarados, F
|poke|p2|Scizor, F
|poke|p2|Manectric, F
|poke|p2|Starmie
|poke|p2|Landorus-Therian, M
|poke|p2|Gengar, F
|rule|Swagger Clause: Swagger is banned
|rule|Baton Pass Clause: Limit one PokÃ©mon knowing Baton Pass
|rule|Sleep Clause Mod: Limit one foe put to sleep
|rule|Species Clause: Limit one of each PokÃ©mon
|rule|OHKO Clause: OHKO moves are banned
|rule|Moody Clause: Moody is banned
|rule|Evasion Moves Clause: Evasion moves are banned
|rule|Endless Battle Clause: Forcing endless battles is banned
|rule|HP Percentage Mod: HP is shown in percentages
|teampreview
|
|start
|switch|p1a: Raikou|Raikou|321\/321
|switch|p2a: Manectric|Manectric, F|281\/281
|-ability|p1a: Raikou|Pressure
|turn|1
|
|detailschange|p2a: Manectric|Manectric-Mega, F
|-mega|p2a: Manectric|Manectric|Manectite
|-ability|p2a: Manectric|Intimidate|[of] p1a: Raikou
|-unboost|p1a: Raikou|atk|1
|move|p1a: Raikou|Shadow Ball|p2a: Manectric
|-damage|p2a: Manectric|171\/281
|move|p2a: Manectric|Overheat|p1a: Raikou
|-damage|p1a: Raikou|211\/321
|-unboost|p2a: Manectric|spa|2
|
|turn|2
|
|move|p2a: Manectric|Volt Switch|p1a: Raikou
|-resisted|p1a: Raikou
|-damage|p1a: Raikou|190\/321
|
|switch|p2a: Scizor|Scizor, F|343\/343
|move|p1a: Raikou|Shadow Ball|p2a: Scizor
|-damage|p2a: Scizor|240\/343
|
|turn|3
|
|move|p1a: Raikou|Volt Switch|p2a: Scizor
|-damage|p2a: Scizor|92\/343
|
|switch|p1a: Landorus-Therian|Landorus-Therian, M|381\/381
|-ability|p1a: Landorus-Therian|Intimidate|[of] p2a: Scizor
|-unboost|p2a: Scizor|atk|1
|move|p2a: Scizor|Bug Bite|p1a: Landorus-Therian
|-resisted|p1a: Landorus-Therian
|-damage|p1a: Landorus-Therian|308\/381
|
|-heal|p1a: Landorus-Therian|331\/381|[from] item: Leftovers
|turn|4
|
|switch|p2a: Landorus-Therian|Landorus-Therian, M|382\/382
|-ability|p2a: Landorus-Therian|Intimidate|[of] p1a: Landorus-Therian
|-unboost|p1a: Landorus-Therian|atk|1
|move|p1a: Landorus-Therian|U-turn|p2a: Landorus-Therian
|-resisted|p2a: Landorus-Therian
|-damage|p2a: Landorus-Therian|355\/382
|
|switch|p1a: Keldeo|Keldeo|323\/323
|
|-heal|p2a: Landorus-Therian|378\/382|[from] item: Leftovers
|turn|5
|
|switch|p2a: Starmie|Starmie|261\/261
|move|p1a: Keldeo|Scald|p2a: Starmie
|-resisted|p2a: Starmie
|-damage|p2a: Starmie|209\/261
|
|turn|6
|
|switch|p1a: Bisharp|Bisharp, F|271\/271
|move|p2a: Starmie|Scald|p1a: Bisharp
|-damage|p1a: Bisharp|27\/271
|-status|p1a: Bisharp|brn
|
|-damage|p1a: Bisharp|0 fnt|[from] brn
|faint|p1a: Bisharp
|
|switch|p1a: Latias|Latias, F|321\/321
|turn|7
|
|move|p1a: Latias|Draco Meteor|p2a: Starmie
|-damage|p2a: Starmie|17\/261
|-unboost|p1a: Latias|spa|2
|-damage|p1a: Latias|289\/321|[from] item: Life Orb
|move|p2a: Starmie|Ice Beam|p1a: Latias
|-supereffective|p1a: Latias
|-damage|p1a: Latias|99\/321
|
|turn|8
|
|switch|p2a: Scizor|Scizor, F|92\/343
|move|p1a: Latias|Psyshock|p2a: Scizor
|-resisted|p2a: Scizor
|-damage|p2a: Scizor|52\/343
|-damage|p1a: Latias|67\/321|[from] item: Life Orb
|
|turn|9
|
|switch|p1a: Landorus-Therian|Landorus-Therian, M|331\/381
|-ability|p1a: Landorus-Therian|Intimidate|[of] p2a: Scizor
|-unboost|p2a: Scizor|atk|1
|move|p2a: Scizor|Bullet Punch|p1a: Landorus-Therian
|-damage|p1a: Landorus-Therian|241\/381
|
|-heal|p1a: Landorus-Therian|264\/381|[from] item: Leftovers
|turn|10
|
|switch|p2a: Landorus-Therian|Landorus-Therian, M|378\/382
|-ability|p2a: Landorus-Therian|Intimidate|[of] p1a: Landorus-Therian
|-unboost|p1a: Landorus-Therian|atk|1
|move|p1a: Landorus-Therian|Stealth Rock|p2a: Landorus-Therian
|-sidestart|p2: Grolgoth|move: Stealth Rock
|
|-heal|p1a: Landorus-Therian|287\/381|[from] item: Leftovers
|-heal|p2a: Landorus-Therian|382\/382|[from] item: Leftovers
|turn|11
|
|move|p1a: Landorus-Therian|U-turn|p2a: Landorus-Therian
|-resisted|p2a: Landorus-Therian
|-damage|p2a: Landorus-Therian|353\/382
|
|switch|p1a: Keldeo|Keldeo|323\/323
|move|p2a: Landorus-Therian|Stealth Rock|p1a: Keldeo
|-sidestart|p1: naneek|move: Stealth Rock
|
|-heal|p2a: Landorus-Therian|376\/382|[from] item: Leftovers
|turn|12
|
|switch|p2a: Starmie|Starmie|17\/261
|-damage|p2a: Starmie|0 fnt|[from] Stealth Rock
|faint|p2a: Starmie
|move|p1a: Keldeo|Scald|p2: Starmie|[notarget]
|-notarget
|
|
|switch|p2a: Gengar|Gengar, F|261\/261
|-damage|p2a: Gengar|229\/261|[from] Stealth Rock
|turn|13
|
|switch|p1a: Latias|Latias, F|67\/321
|-damage|p1a: Latias|27\/321|[from] Stealth Rock
|move|p2a: Gengar|Shadow Ball|p1a: Latias
|-supereffective|p1a: Latias
|-damage|p1a: Latias|0 fnt
|faint|p1a: Latias
|
|-heal|p2a: Gengar|245\/261|[from] item: Leftovers
|
|switch|p1a: Landorus-Therian|Landorus-Therian, M|287\/381
|-damage|p1a: Landorus-Therian|240\/381|[from] Stealth Rock
|-ability|p1a: Landorus-Therian|Intimidate|[of] p2a: Gengar
|-unboost|p2a: Gengar|atk|1
|turn|14
|
|switch|p2a: Manectric|Manectric-Mega, F|171\/281
|-damage|p2a: Manectric|136\/281|[from] Stealth Rock
|-ability|p2a: Manectric|Intimidate|[of] p1a: Landorus-Therian
|-unboost|p1a: Landorus-Therian|atk|1
|move|p1a: Landorus-Therian|Smack Down|p2a: Manectric
|-damage|p2a: Manectric|93\/281
|
|-heal|p1a: Landorus-Therian|263\/381|[from] item: Leftovers
|turn|15
|
|switch|p1a: Scizor|Scizor, F|281\/281
|-damage|p1a: Scizor|246\/281|[from] Stealth Rock
|move|p2a: Manectric|Hidden Power|p1a: Scizor
|-resisted|p1a: Scizor
|-damage|p1a: Scizor|205\/281
|
|turn|16
|
|switch|p1a: Keldeo|Keldeo|323\/323
|-damage|p1a: Keldeo|303\/323|[from] Stealth Rock
|move|p2a: Manectric|Volt Switch|p1a: Keldeo
|-supereffective|p1a: Keldeo
|-damage|p1a: Keldeo|43\/323
|
|switch|p2a: Gengar|Gengar, F|245\/261
|-damage|p2a: Gengar|213\/261|[from] Stealth Rock
|
|-heal|p2a: Gengar|229\/261|[from] item: Leftovers
|-heal|p1a: Keldeo|63\/323|[from] item: Leftovers
|turn|17
|
|switch|p1a: Landorus-Therian|Landorus-Therian, M|263\/381
|-damage|p1a: Landorus-Therian|216\/381|[from] Stealth Rock
|-ability|p1a: Landorus-Therian|Intimidate|[of] p2a: Gengar
|-unboost|p2a: Gengar|atk|1
|move|p2a: Gengar|Shadow Ball|p1a: Landorus-Therian
|-crit|p1a: Landorus-Therian
|-damage|p1a: Landorus-Therian|0 fnt
|faint|p1a: Landorus-Therian
|
|-heal|p2a: Gengar|245\/261|[from] item: Leftovers
|
|switch|p1a: Scizor|Scizor, F|205\/281
|-damage|p1a: Scizor|170\/281|[from] Stealth Rock
|turn|18
|
|detailschange|p1a: Scizor|Scizor-Mega, F
|-mega|p1a: Scizor|Scizor|Scizorite
|move|p2a: Gengar|Shadow Ball|p1a: Scizor
|-damage|p1a: Scizor|32\/281
|move|p1a: Scizor|Swords Dance|p1a: Scizor
|-boost|p1a: Scizor|atk|2
|
|-heal|p2a: Gengar|261\/261|[from] item: Leftovers
|turn|19
|
|move|p1a: Scizor|Bullet Punch|p2a: Gengar
|-damage|p2a: Gengar|0 fnt
|faint|p2a: Gengar
|
|
|switch|p2a: Gyarados|Gyarados, F|331\/331
|-damage|p2a: Gyarados|249\/331|[from] Stealth Rock
|turn|20
|
|move|p2a: Gyarados|Earthquake|p1a: Scizor
|-damage|p1a: Scizor|0 fnt
|faint|p1a: Scizor
|-boost|p2a: Gyarados|atk|1|[from] ability: Moxie
|
|-heal|p2a: Gyarados|269\/331|[from] item: Leftovers
|
|switch|p1a: Raikou|Raikou|190\/321
|-damage|p1a: Raikou|150\/321|[from] Stealth Rock
|-ability|p1a: Raikou|Pressure
|turn|21
|
|move|p1a: Raikou|Thunderbolt|p2a: Gyarados
|-supereffective|p2a: Gyarados
|-damage|p2a: Gyarados|0 fnt
|faint|p2a: Gyarados
|
|
|switch|p2a: Manectric|Manectric-Mega, F|93\/281
|-damage|p2a: Manectric|58\/281|[from] Stealth Rock
|-ability|p2a: Manectric|Intimidate|[of] p1a: Raikou
|-unboost|p1a: Raikou|atk|1
|turn|22
|
|move|p2a: Manectric|Volt Switch|p1a: Raikou
|-resisted|p1a: Raikou
|-damage|p1a: Raikou|111\/321
|
|switch|p2a: Landorus-Therian|Landorus-Therian, M|376\/382
|-damage|p2a: Landorus-Therian|329\/382|[from] Stealth Rock
|-ability|p2a: Landorus-Therian|Intimidate|[of] p1a: Raikou
|-unboost|p1a: Raikou|atk|1
|move|p1a: Raikou|Thunderbolt|p2a: Landorus-Therian
|-immune|p2a: Landorus-Therian|[msg]
|
|-heal|p2a: Landorus-Therian|352\/382|[from] item: Leftovers
|turn|23
|
|move|p1a: Raikou|Hidden Power|p2a: Landorus-Therian
|-supereffective|p2a: Landorus-Therian
|-damage|p2a: Landorus-Therian|12\/382
|move|p2a: Landorus-Therian|Earthquake|p1a: Raikou
|-supereffective|p1a: Raikou
|-damage|p1a: Raikou|0 fnt
|faint|p1a: Raikou
|
|-heal|p2a: Landorus-Therian|35\/382|[from] item: Leftovers
|-message|naneek forfeited.
|leave|naneek
|
|win|Grolgoth
|raw|Ladder updating...
|player|p1
|raw|naneek's rating: 1738 &rarr; <strong>1707<\/strong><br \/>(-31 for losing)
|raw|Grolgoth's rating: 1530 &rarr; <strong>1560<\/strong><br \/>(+30 for winning)