|join|naneek
|join|ThatFriendlyGuy
|player|p1|naneek|46
|player|p2|ThatFriendlyGuy|292
|gametype|singles
|gen|6
|tier|OU
|rated
|clearpoke
|poke|p1|Raikou
|poke|p1|Scizor, F
|poke|p1|Landorus-Therian, M
|poke|p1|Latias, F
|poke|p1|Keldeo
|poke|p1|Bisharp, F
|poke|p2|Latias, F
|poke|p2|Bisharp, F
|poke|p2|Excadrill, F
|poke|p2|Talonflame, M
|poke|p2|Scizor, M
|poke|p2|Infernape, M
|rule|Swagger Clause: Swagger is banned
|rule|Baton Pass Clause: Limit one PokÃ©mon knowing Baton Pass
|rule|Sleep Clause Mod: Limit one foe put to sleep
|rule|Species Clause: Limit one of each PokÃ©mon
|rule|OHKO Clause: OHKO moves are banned
|rule|Moody Clause: Moody is banned
|rule|Evasion Moves Clause: Evasion moves are banned
|rule|Endless Battle Clause: Forcing endless battles is banned
|rule|HP Percentage Mod: HP is shown in percentages
|teampreview
|
|start
|switch|p1a: Raikou|Raikou|321\/321
|switch|p2a: ScoutingScarfLando|Infernape, M|293\/293
|-ability|p1a: Raikou|Pressure
|turn|1
|
|move|p1a: Raikou|Shadow Ball|p2a: ScoutingScarfLando
|-damage|p2a: ScoutingScarfLando|181\/293
|-unboost|p2a: ScoutingScarfLando|spd|1
|move|p2a: ScoutingScarfLando|Stealth Rock|p1a: Raikou
|-sidestart|p1: naneek|move: Stealth Rock
|
|turn|2
|
|move|p1a: Raikou|Volt Switch|p2a: ScoutingScarfLando
|-damage|p2a: ScoutingScarfLando|0 fnt
|faint|p2a: ScoutingScarfLando
|
|switch|p1a: Landorus-Therian|Landorus-Therian, M|381\/381
|-damage|p1a: Landorus-Therian|334\/381|[from] Stealth Rock
|
|-heal|p1a: Landorus-Therian|357\/381|[from] item: Leftovers
|
|switch|p2a: TakeNotesGenesect|Scizor, M|323\/323
|turn|3
|
|detailschange|p2a: TakeNotesGenesect|Scizor-Mega, M
|-mega|p2a: TakeNotesGenesect|Scizor|Scizorite
|move|p1a: Landorus-Therian|Stealth Rock|p2a: TakeNotesGenesect
|-sidestart|p2: ThatFriendlyGuy|move: Stealth Rock
|move|p2a: TakeNotesGenesect|Swords Dance|p2a: TakeNotesGenesect
|-boost|p2a: TakeNotesGenesect|atk|2
|
|-heal|p1a: Landorus-Therian|380\/381|[from] item: Leftovers
|turn|4
|
|move|p1a: Landorus-Therian|Earthquake|p2a: TakeNotesGenesect
|-damage|p2a: TakeNotesGenesect|200\/323
|move|p2a: TakeNotesGenesect|Swords Dance|p2a: TakeNotesGenesect
|-boost|p2a: TakeNotesGenesect|atk|2
|
|-heal|p1a: Landorus-Therian|381\/381|[from] item: Leftovers
|turn|5
|
|move|p2a: TakeNotesGenesect|Bullet Punch|p1a: Landorus-Therian
|-damage|p1a: Landorus-Therian|54\/381
|move|p1a: Landorus-Therian|U-turn|p2a: TakeNotesGenesect
|-resisted|p2a: TakeNotesGenesect
|-damage|p2a: TakeNotesGenesect|171\/323
|
|switch|p1a: Raikou|Raikou|321\/321
|-damage|p1a: Raikou|281\/321|[from] Stealth Rock
|-ability|p1a: Raikou|Pressure
|
|turn|6
|
|move|p2a: TakeNotesGenesect|Bullet Punch|p1a: Raikou
|-resisted|p1a: Raikou
|-damage|p1a: Raikou|29\/321
|move|p1a: Raikou|Thunderbolt|p2a: TakeNotesGenesect
|-damage|p2a: TakeNotesGenesect|18\/323
|
|turn|7
|
|move|p2a: TakeNotesGenesect|Bullet Punch|p1a: Raikou
|-resisted|p1a: Raikou
|-damage|p1a: Raikou|0 fnt
|faint|p1a: Raikou
|
|
|switch|p1a: Scizor|Scizor, F|281\/281
|-damage|p1a: Scizor|246\/281|[from] Stealth Rock
|turn|8
|
|detailschange|p1a: Scizor|Scizor-Mega, F
|-mega|p1a: Scizor|Scizor|Scizorite
|move|p1a: Scizor|Bullet Punch|p2a: TakeNotesGenesect
|-resisted|p2a: TakeNotesGenesect
|-damage|p2a: TakeNotesGenesect|0 fnt
|faint|p2a: TakeNotesGenesect
|
|
|switch|p2a: GoAwayRotom|Excadrill, F|362\/362
|-damage|p2a: GoAwayRotom|351\/362|[from] Stealth Rock
|-ability|p2a: GoAwayRotom|Mold Breaker
|-item|p2a: GoAwayRotom|Air Balloon
|turn|9
|c|âThatFriendlyGuy|can I ask what speed you run on that mega scizor
|
|switch|p1a: Latias|Latias, F|321\/321
|-damage|p1a: Latias|281\/321|[from] Stealth Rock
|move|p2a: GoAwayRotom|Rapid Spin|p1a: Latias
|-damage|p1a: Latias|253\/321
|-sideend|p2: ThatFriendlyGuy|Stealth Rock|[from] move: Rapid Spin|[of] p2a: GoAwayRotom
|
|turn|10
|c|âThatFriendlyGuy|and does it outspeed rotom
|
|move|p1a: Latias|Defog|p2a: GoAwayRotom
|-unboost|p2a: GoAwayRotom|evasion|1
|-sideend|p1: naneek|Stealth Rock|[from] move: Defog|[of] p1a: Latias
|move|p2a: GoAwayRotom|Earthquake|p1a: Latias
|-damage|p1a: Latias|54\/321
|
|turn|11
|c|ânaneek|max adamant
|c|âThatFriendlyGuy|ok
|c|âThatFriendlyGuy|max speed or hp?
|
|move|p1a: Latias|Draco Meteor|p2a: GoAwayRotom
|-resisted|p2a: GoAwayRotom
|-damage|p2a: GoAwayRotom|177\/362
|-enditem|p2a: GoAwayRotom|Air Balloon
|-unboost|p1a: Latias|spa|2
|-damage|p1a: Latias|22\/321|[from] item: Life Orb
|move|p2a: GoAwayRotom|Iron Head|p1a: Latias
|-damage|p1a: Latias|0 fnt
|faint|p1a: Latias
|
|c|ânaneek|speed
|
|switch|p1a: Keldeo|Keldeo|323\/323
|turn|12
|
|move|p1a: Keldeo|Scald|p2a: GoAwayRotom
|-supereffective|p2a: GoAwayRotom
|-damage|p2a: GoAwayRotom|0 fnt
|faint|p2a: GoAwayRotom
|
|
|switch|p2a: Skill whats that|Talonflame, M|360\/360
|turn|13
|
|switch|p1a: Landorus-Therian|Landorus-Therian, M|54\/381
|-ability|p1a: Landorus-Therian|Intimidate|[of] p2a: Skill whats that
|-unboost|p2a: Skill whats that|atk|1
|move|p2a: Skill whats that|Brave Bird|p1a: Landorus-Therian
|-damage|p1a: Landorus-Therian|0 fnt
|-damage|p2a: Skill whats that|342\/360|[from] recoil|[of] p1a: Landorus-Therian
|faint|p1a: Landorus-Therian
|
|-heal|p2a: Skill whats that|360\/360|[from] item: Leftovers
|
|switch|p1a: Keldeo|Keldeo|323\/323
|turn|14
|
|switch|p2a: Lati-no-ass|Latias, F|301\/301
|move|p1a: Keldeo|Scald|p2a: Lati-no-ass
|-resisted|p2a: Lati-no-ass
|-damage|p2a: Lati-no-ass|242\/301
|
|turn|15
|
|switch|p2a: Skill whats that|Talonflame, M|360\/360
|switch|p1a: Bisharp|Bisharp, F|271\/271
|
|turn|16
|
|move|p2a: Skill whats that|Bulk Up|p2a: Skill whats that
|-boost|p2a: Skill whats that|atk|1
|-boost|p2a: Skill whats that|def|1
|move|p1a: Bisharp|Knock Off|p2a: Skill whats that
|-damage|p2a: Skill whats that|161\/360
|-enditem|p2a: Skill whats that|Leftovers|[from] move: Knock Off|[of] p1a: Bisharp
|-damage|p1a: Bisharp|244\/271|[from] item: Life Orb
|
|turn|17
|
|move|p2a: Skill whats that|Taunt|p1a: Bisharp
|-start|p1a: Bisharp|move: Taunt
|move|p1a: Bisharp|Knock Off|p2a: Skill whats that
|-damage|p2a: Skill whats that|13\/360
|-damage|p1a: Bisharp|217\/271|[from] item: Life Orb
|
|turn|18
|
|switch|p1a: Keldeo|Keldeo|323\/323
|move|p2a: Skill whats that|Roost|p2a: Skill whats that
|-heal|p2a: Skill whats that|193\/360
|
|turn|19
|
|move|p2a: Skill whats that|Brave Bird|p1a: Keldeo
|-crit|p1a: Keldeo
|-supereffective|p1a: Keldeo
|-damage|p1a: Keldeo|0 fnt
|-damage|p2a: Skill whats that|86\/360|[from] recoil|[of] p1a: Keldeo
|faint|p1a: Keldeo
|
|
|switch|p1a: Scizor|Scizor-Mega, F|246\/281
|turn|20
|
|move|p2a: Skill whats that|Brave Bird|p1a: Scizor
|-damage|p1a: Scizor|102\/281
|-damage|p2a: Skill whats that|38\/360|[from] recoil|[of] p1a: Scizor
|move|p1a: Scizor|Superpower|p2a: Skill whats that
|-resisted|p2a: Skill whats that
|-damage|p2a: Skill whats that|0 fnt
|-unboost|p1a: Scizor|atk|1
|-unboost|p1a: Scizor|def|1
|faint|p2a: Skill whats that
|
|
|switch|p2a: Lati-no-ass|Latias, F|242\/301
|turn|21
|
|switch|p1a: Bisharp|Bisharp, F|217\/271
|move|p2a: Lati-no-ass|Draco Meteor|p1a: Bisharp
|-resisted|p1a: Bisharp
|-damage|p1a: Bisharp|36\/271
|-unboost|p2a: Lati-no-ass|spa|2
|-damage|p2a: Lati-no-ass|212\/301|[from] item: Life Orb
|
|turn|22
|
|move|p2a: Lati-no-ass|Healing Wish|p2a: Lati-no-ass
|faint|p2a: Lati-no-ass
|move|p1a: Bisharp|Pursuit|p2: Lati-no-ass|[notarget]
|-notarget
|
|
|switch|p2a: ProstateExaminer|Bisharp, F|271\/271
|-heal|p2a: ProstateExaminer|271\/271|[from] move: Healing Wish
|turn|23
|
|move|p2a: ProstateExaminer|Swords Dance|p2a: ProstateExaminer
|-boost|p2a: ProstateExaminer|atk|2
|move|p1a: Bisharp|Knock Off|p2a: ProstateExaminer
|-resisted|p2a: ProstateExaminer
|-damage|p2a: ProstateExaminer|159\/271
|-enditem|p2a: ProstateExaminer|Black Glasses|[from] move: Knock Off|[of] p1a: Bisharp
|-damage|p1a: Bisharp|9\/271|[from] item: Life Orb
|
|turn|24
|
|move|p2a: ProstateExaminer|Sucker Punch|p1a: Bisharp
|-resisted|p1a: Bisharp
|-damage|p1a: Bisharp|0 fnt
|faint|p1a: Bisharp
|
|
|switch|p1a: Scizor|Scizor-Mega, F|102\/281
|turn|25
|
|move|p2a: ProstateExaminer|Sucker Punch|p1a: Scizor
|-fail|p1a: Scizor
|move|p1a: Scizor|Swords Dance|p1a: Scizor
|-boost|p1a: Scizor|atk|2
|
|turn|26
|c|âThatFriendlyGuy|gg
|c|âThatFriendlyGuy|50\/50 here
|
|move|p2a: ProstateExaminer|Knock Off|p1a: Scizor
|-damage|p1a: Scizor|0 fnt
|faint|p1a: Scizor
|
|win|ThatFriendlyGuy
|raw|Ladder updating...
|raw|naneek's rating: 1749 &rarr; <strong>1716<\/strong><br \/>(-33 for losing)
|raw|ThatFriendlyGuy's rating: 1477 &rarr; <strong>1510<\/strong><br \/>(+33 for winning)
|c|ânaneek|you outsped anyway
|c|ânaneek|gg
|c|âThatFriendlyGuy|thought u were max speed?
|c|ânaneek|adamant
|c|âThatFriendlyGuy|ah ok
|leave|naneek
|c|âThatFriendlyGuy|gg
|player|p1