|join|naneek
|join|justwin bieber
|player|p1|naneek|46
|player|p2|justwin bieber|169
|gametype|singles
|gen|6
|tier|OU (suspect test)
|rated
|clearpoke
|poke|p1|Swampert, F
|poke|p1|Politoed, M
|poke|p1|Gothitelle, F
|poke|p1|Ferrothorn, M
|poke|p1|Kingdra, M
|poke|p1|Tornadus-Therian, M
|poke|p2|Raikou
|poke|p2|Landorus-Therian, M
|poke|p2|Keldeo-Resolute
|poke|p2|Latios, M
|poke|p2|Metagross
|poke|p2|Azumarill, M
|rule|Swagger Clause: Swagger is banned
|rule|Baton Pass Clause: Limit one PokÃ©mon knowing Baton Pass
|rule|Sleep Clause Mod: Limit one foe put to sleep
|rule|Species Clause: Limit one of each PokÃ©mon
|rule|OHKO Clause: OHKO moves are banned
|rule|Moody Clause: Moody is banned
|rule|Evasion Moves Clause: Evasion moves are banned
|rule|Endless Battle Clause: Forcing endless battles is banned
|rule|HP Percentage Mod: HP is shown in percentages
|teampreview
|
|start
|switch|p1a: Tornadus-Therian|Tornadus-Therian, M|299\/299
|switch|p2a: Landorus-Therian|Landorus-Therian, M|329\/329
|-ability|p2a: Landorus-Therian|Intimidate|[of] p1a: Tornadus-Therian
|-unboost|p1a: Tornadus-Therian|atk|1
|turn|1
|
|move|p1a: Tornadus-Therian|Hurricane|p2a: Landorus-Therian
|-damage|p2a: Landorus-Therian|48\/329
|-damage|p1a: Tornadus-Therian|270\/299|[from] item: Life Orb
|move|p2a: Landorus-Therian|Stealth Rock|p1a: Tornadus-Therian
|-sidestart|p1: naneek|move: Stealth Rock
|
|turn|2
|
|switch|p2a: Raikou|Raikou|328\/328
|-ability|p2a: Raikou|Pressure
|move|p1a: Tornadus-Therian|Knock Off|p2a: Raikou
|-damage|p2a: Raikou|247\/328
|-enditem|p2a: Raikou|Assault Vest|[from] move: Knock Off|[of] p1a: Tornadus-Therian
|-damage|p1a: Tornadus-Therian|241\/299|[from] item: Life Orb
|
|turn|3
|
|move|p1a: Tornadus-Therian|U-turn|p2a: Raikou
|-damage|p2a: Raikou|190\/328
|-damage|p1a: Tornadus-Therian|212\/299|[from] item: Life Orb
|
|switch|p1a: Swampert|Swampert, F|348\/348
|-damage|p1a: Swampert|327\/348|[from] Stealth Rock
|move|p2a: Raikou|Shadow Ball|p1a: Swampert
|-damage|p1a: Swampert|226\/348
|
|turn|4
|
|switch|p2a: Landorus-Therian|Landorus-Therian, M|48\/329
|-ability|p2a: Landorus-Therian|Intimidate|[of] p1a: Swampert
|-unboost|p1a: Swampert|atk|1
|detailschange|p1a: Swampert|Swampert-Mega, F
|-mega|p1a: Swampert|Swampert|Swampertite
|move|p1a: Swampert|Waterfall|p2a: Landorus-Therian
|-supereffective|p2a: Landorus-Therian
|-damage|p2a: Landorus-Therian|0 fnt
|faint|p2a: Landorus-Therian
|
|
|switch|p2a: Keldeo-Resolute|Keldeo-Resolute|323\/323
|turn|5
|
|switch|p1a: Politoed|Politoed, M|384\/384
|-damage|p1a: Politoed|336\/384|[from] Stealth Rock
|-weather|RainDance
|move|p2a: Keldeo-Resolute|Substitute|p2a: Keldeo-Resolute
|-start|p2a: Keldeo-Resolute|Substitute
|-damage|p2a: Keldeo-Resolute|243\/323
|
|-weather|RainDance|[upkeep]
|-heal|p2a: Keldeo-Resolute|263\/323|[from] item: Leftovers
|turn|6
|
|move|p2a: Keldeo-Resolute|Secret Sword|p1a: Politoed
|-damage|p1a: Politoed|203\/384
|move|p1a: Politoed|Encore|p2a: Keldeo-Resolute
|-start|p2a: Keldeo-Resolute|Encore
|
|-weather|RainDance|[upkeep]
|-heal|p2a: Keldeo-Resolute|283\/323|[from] item: Leftovers
|turn|7
|
|switch|p1a: Gothitelle|Gothitelle, F|281\/281
|-damage|p1a: Gothitelle|246\/281|[from] Stealth Rock
|move|p2a: Keldeo-Resolute|Secret Sword|p1a: Gothitelle
|-resisted|p1a: Gothitelle
|-damage|p1a: Gothitelle|166\/281
|
|-weather|RainDance|[upkeep]
|-heal|p2a: Keldeo-Resolute|303\/323|[from] item: Leftovers
|turn|8
|
|move|p2a: Keldeo-Resolute|Secret Sword|p1a: Gothitelle
|-resisted|p1a: Gothitelle
|-damage|p1a: Gothitelle|93\/281
|move|p1a: Gothitelle|Psychic|p2a: Keldeo-Resolute
|-supereffective|p2a: Keldeo-Resolute
|-end|p2a: Keldeo-Resolute|Substitute
|
|-weather|RainDance|[upkeep]
|-heal|p2a: Keldeo-Resolute|323\/323|[from] item: Leftovers
|turn|9
|
|move|p2a: Keldeo-Resolute|Secret Sword|p1a: Gothitelle
|-resisted|p1a: Gothitelle
|-damage|p1a: Gothitelle|12\/281
|move|p1a: Gothitelle|Psychic|p2a: Keldeo-Resolute
|-supereffective|p2a: Keldeo-Resolute
|-damage|p2a: Keldeo-Resolute|11\/323
|
|-weather|RainDance|[upkeep]
|-heal|p2a: Keldeo-Resolute|31\/323|[from] item: Leftovers
|-end|p2a: Keldeo-Resolute|Encore
|turn|10
|
|move|p2a: Keldeo-Resolute|Scald|p1a: Gothitelle
|-damage|p1a: Gothitelle|0 fnt
|faint|p1a: Gothitelle
|
|-weather|RainDance|[upkeep]
|-heal|p2a: Keldeo-Resolute|51\/323|[from] item: Leftovers
|
|switch|p1a: Kingdra|Kingdra, M|307\/307
|-damage|p1a: Kingdra|269\/307|[from] Stealth Rock
|turn|11
|
|switch|p2a: Latios|Latios, M|301\/301
|move|p1a: Kingdra|Surf|p2a: Latios
|-resisted|p2a: Latios
|-damage|p2a: Latios|151\/301
|
|-weather|RainDance|[upkeep]
|turn|12
|
|switch|p1a: Ferrothorn|Ferrothorn, M|352\/352
|-damage|p1a: Ferrothorn|330\/352|[from] Stealth Rock
|move|p2a: Latios|Draco Meteor|p1a: Ferrothorn
|-resisted|p1a: Ferrothorn
|-damage|p1a: Ferrothorn|226\/352
|-unboost|p2a: Latios|spa|2
|-damage|p2a: Latios|121\/301|[from] item: Life Orb
|
|-weather|none
|-heal|p1a: Ferrothorn|248\/352|[from] item: Leftovers
|turn|13
|
|switch|p2a: Keldeo-Resolute|Keldeo-Resolute|51\/323
|move|p1a: Ferrothorn|Stealth Rock|p2a: Keldeo-Resolute
|-sidestart|p2: justwin bieber|move: Stealth Rock
|
|-heal|p2a: Keldeo-Resolute|71\/323|[from] item: Leftovers
|-heal|p1a: Ferrothorn|270\/352|[from] item: Leftovers
|turn|14
|
|move|p2a: Keldeo-Resolute|Secret Sword|p1a: Ferrothorn
|-supereffective|p1a: Ferrothorn
|-damage|p1a: Ferrothorn|48\/352
|move|p1a: Ferrothorn|Gyro Ball|p2a: Keldeo-Resolute
|-resisted|p2a: Keldeo-Resolute
|-damage|p2a: Keldeo-Resolute|0 fnt
|faint|p2a: Keldeo-Resolute
|
|-heal|p1a: Ferrothorn|70\/352|[from] item: Leftovers
|
|switch|p2a: Metagross|Metagross|358\/358
|-damage|p2a: Metagross|336\/358|[from] Stealth Rock
|turn|15
|
|detailschange|p2a: Metagross|Metagross-Mega
|-mega|p2a: Metagross|Metagross|Metagrossite
|move|p2a: Metagross|Agility|p2a: Metagross
|-boost|p2a: Metagross|spe|2
|move|p1a: Ferrothorn|Leech Seed|p2a: Metagross
|-start|p2a: Metagross|move: Leech Seed
|
|-heal|p1a: Ferrothorn|92\/352|[from] item: Leftovers
|-damage|p2a: Metagross|292\/358|[from] Leech Seed|[of] p1a: Ferrothorn
|-heal|p1a: Ferrothorn|136\/352|[silent]
|turn|16
|
|move|p2a: Metagross|Earthquake|p1a: Ferrothorn
|-damage|p1a: Ferrothorn|38\/352
|move|p1a: Ferrothorn|Gyro Ball|p2a: Metagross
|-resisted|p2a: Metagross
|-damage|p2a: Metagross|232\/358
|
|-heal|p1a: Ferrothorn|60\/352|[from] item: Leftovers
|-damage|p2a: Metagross|188\/358|[from] Leech Seed|[of] p1a: Ferrothorn
|-heal|p1a: Ferrothorn|104\/352|[silent]
|turn|17
|
|move|p2a: Metagross|Earthquake|p1a: Ferrothorn
|-damage|p1a: Ferrothorn|0 fnt
|faint|p1a: Ferrothorn
|
|
|switch|p1a: Politoed|Politoed, M|203\/384
|-damage|p1a: Politoed|155\/384|[from] Stealth Rock
|-weather|RainDance
|turn|18
|
|move|p2a: Metagross|Zen Headbutt|p1a: Politoed
|-damage|p1a: Politoed|0 fnt
|faint|p1a: Politoed
|
|-weather|RainDance|[upkeep]
|
|switch|p1a: Swampert|Swampert-Mega, F|226\/348
|-damage|p1a: Swampert|205\/348|[from] Stealth Rock
|turn|19
|
|move|p2a: Metagross|Zen Headbutt|p1a: Swampert
|-damage|p1a: Swampert|7\/348
|cant|p1a: Swampert|flinch
|
|-weather|RainDance|[upkeep]
|-damage|p2a: Metagross|144\/358|[from] Leech Seed|[of] p1a: Swampert
|-heal|p1a: Swampert|51\/348|[silent]
|turn|20
|
|switch|p1a: Tornadus-Therian|Tornadus-Therian, M|299\/299
|-damage|p1a: Tornadus-Therian|225\/299|[from] Stealth Rock
|move|p2a: Metagross|Zen Headbutt|p1a: Tornadus-Therian
|-damage|p1a: Tornadus-Therian|0 fnt
|faint|p1a: Tornadus-Therian
|
|-weather|RainDance|[upkeep]
|-message|naneek forfeited.
|leave|naneek
|
|win|justwin bieber
|raw|Ladder updating...
|player|p1
|raw|naneek's rating: 1489 &rarr; <strong>1460<\/strong><br \/>(-29 for losing)
|raw|justwin bieber's rating: 1329 &rarr; <strong>1357<\/strong><br \/>(+28 for winning)