|join|naneek
|join|Friytrr
|player|p1|naneek|46
|player|p2|Friytrr|221
|gametype|singles
|gen|6
|tier|OU (suspect test)
|rated
|clearpoke
|poke|p1|Swampert, F
|poke|p1|Politoed, F
|poke|p1|Gothitelle, F
|poke|p1|Ferrothorn, F
|poke|p1|Kingdra, F
|poke|p1|Tornadus-Therian, M
|poke|p2|Keldeo-Resolute
|poke|p2|Kyurem-Black
|poke|p2|Thundurus, M
|poke|p2|Talonflame, F
|poke|p2|Latias, F
|poke|p2|Garchomp, F
|rule|Swagger Clause: Swagger is banned
|rule|Baton Pass Clause: Limit one PokÃ©mon knowing Baton Pass
|rule|Sleep Clause Mod: Limit one foe put to sleep
|rule|Species Clause: Limit one of each PokÃ©mon
|rule|OHKO Clause: OHKO moves are banned
|rule|Moody Clause: Moody is banned
|rule|Evasion Moves Clause: Evasion moves are banned
|rule|Endless Battle Clause: Forcing endless battles is banned
|rule|HP Percentage Mod: HP is shown in percentages
|teampreview
|
|start
|switch|p1a: Politoed|Politoed, F|384\/384
|switch|p2a: Thundurus|Thundurus, M|299\/299
|-weather|RainDance
|turn|1
|
|switch|p1a: Swampert|Swampert, F|348\/348
|move|p2a: Thundurus|Grass Knot|p1a: Swampert
|-supereffective|p1a: Swampert
|-damage|p1a: Swampert|0 fnt
|-damage|p2a: Thundurus|270\/299|[from] item: Life Orb
|faint|p1a: Swampert
|
|-weather|RainDance|[upkeep]
|
|switch|p1a: Kingdra|Kingdra, F|307\/307
|turn|2
|
|move|p2a: Thundurus|Thunder Wave|p1a: Kingdra
|-status|p1a: Kingdra|par
|move|p1a: Kingdra|Surf|p2a: Thundurus
|-damage|p2a: Thundurus|0 fnt
|faint|p2a: Thundurus
|
|-weather|RainDance|[upkeep]
|
|switch|p2a: Garchomp|Garchomp, F|357\/357
|turn|3
|
|move|p2a: Garchomp|Stealth Rock|p1a: Kingdra
|-sidestart|p1: naneek|move: Stealth Rock
|move|p1a: Kingdra|Surf|p2a: Garchomp
|-enditem|p2a: Garchomp|Focus Sash
|-damage|p2a: Garchomp|1\/357
|
|-weather|RainDance|[upkeep]
|turn|4
|
|switch|p1a: Ferrothorn|Ferrothorn, F|352\/352
|-damage|p1a: Ferrothorn|330\/352|[from] Stealth Rock
|move|p2a: Garchomp|Dragon Claw|p1a: Ferrothorn
|-resisted|p1a: Ferrothorn
|-damage|p1a: Ferrothorn|285\/352
|-damage|p2a: Garchomp|0 fnt|[from] ability: Iron Barbs|[of] p1a: Ferrothorn
|faint|p2a: Garchomp
|
|-weather|RainDance|[upkeep]
|-heal|p1a: Ferrothorn|307\/352|[from] item: Leftovers
|
|switch|p2a: Keldeo-Resolute|Keldeo-Resolute|322\/322
|turn|5
|
|switch|p1a: Politoed|Politoed, F|384\/384
|-damage|p1a: Politoed|336\/384|[from] Stealth Rock
|move|p2a: Keldeo-Resolute|Hydro Pump|p1a: Politoed
|-resisted|p1a: Politoed
|-damage|p1a: Politoed|134\/384
|
|-weather|RainDance|[upkeep]
|turn|6
|
|switch|p1a: Kingdra|Kingdra, F|307\/307 par
|-damage|p1a: Kingdra|269\/307 par|[from] Stealth Rock
|move|p2a: Keldeo-Resolute|Hydro Pump|p1a: Kingdra
|-resisted|p1a: Kingdra
|-damage|p1a: Kingdra|164\/307 par
|
|-weather|RainDance|[upkeep]
|turn|7
|
|switch|p2a: Latias|Latias, F|301\/301
|move|p1a: Kingdra|Draco Meteor|p2a: Latias
|-supereffective|p2a: Latias
|-damage|p2a: Latias|0 fnt
|-unboost|p1a: Kingdra|spa|2
|faint|p2a: Latias
|
|-weather|RainDance|[upkeep]
|
|switch|p2a: Talonflame|Talonflame, F|297\/297
|turn|8
|
|move|p2a: Talonflame|Brave Bird|p1a: Kingdra
|-damage|p1a: Kingdra|0 fnt
|-damage|p2a: Talonflame|243\/297|[from] recoil|[of] p1a: Kingdra
|faint|p1a: Kingdra
|
|-weather|none
|
|switch|p1a: Ferrothorn|Ferrothorn, F|307\/352
|-damage|p1a: Ferrothorn|285\/352|[from] Stealth Rock
|turn|9
|
|switch|p2a: Keldeo-Resolute|Keldeo-Resolute|322\/322
|move|p1a: Ferrothorn|Stealth Rock|p2a: Keldeo-Resolute
|-sidestart|p2: Friytrr|move: Stealth Rock
|
|-heal|p1a: Ferrothorn|307\/352|[from] item: Leftovers
|turn|10
|
|move|p2a: Keldeo-Resolute|Secret Sword|p1a: Ferrothorn
|-supereffective|p1a: Ferrothorn
|-damage|p1a: Ferrothorn|0 fnt
|faint|p1a: Ferrothorn
|
|
|switch|p1a: Gothitelle|Gothitelle, F|281\/281
|-damage|p1a: Gothitelle|246\/281|[from] Stealth Rock
|turn|11
|
|move|p1a: Gothitelle|Psychic|p2a: Keldeo-Resolute
|-supereffective|p2a: Keldeo-Resolute
|-damage|p2a: Keldeo-Resolute|58\/322
|move|p2a: Keldeo-Resolute|Secret Sword|p1a: Gothitelle
|-resisted|p1a: Gothitelle
|-damage|p1a: Gothitelle|128\/281
|
|turn|12
|
|move|p1a: Gothitelle|Psychic|p2a: Keldeo-Resolute
|-supereffective|p2a: Keldeo-Resolute
|-damage|p2a: Keldeo-Resolute|0 fnt
|faint|p2a: Keldeo-Resolute
|
|
|switch|p2a: Talonflame|Talonflame, F|243\/297
|-damage|p2a: Talonflame|95\/297|[from] Stealth Rock
|turn|13
|
|move|p2a: Talonflame|Brave Bird|p1a: Gothitelle
|-damage|p1a: Gothitelle|0 fnt
|-damage|p2a: Talonflame|53\/297|[from] recoil|[of] p1a: Gothitelle
|faint|p1a: Gothitelle
|
|
|switch|p1a: Politoed|Politoed, F|134\/384
|-damage|p1a: Politoed|86\/384|[from] Stealth Rock
|-weather|RainDance
|turn|14
|
|move|p2a: Talonflame|Brave Bird|p1a: Politoed
|-damage|p1a: Politoed|0 fnt
|-damage|p2a: Talonflame|25\/297|[from] recoil|[of] p1a: Politoed
|faint|p1a: Politoed
|
|-weather|RainDance|[upkeep]
|
|switch|p1a: Tornadus-Therian|Tornadus-Therian, M|299\/299
|-damage|p1a: Tornadus-Therian|225\/299|[from] Stealth Rock
|turn|15
|
|move|p2a: Talonflame|Brave Bird|p1a: Tornadus-Therian
|-damage|p1a: Tornadus-Therian|0 fnt
|-damage|p2a: Talonflame|0 fnt|[from] recoil|[of] p1a: Tornadus-Therian
|faint|p1a: Tornadus-Therian
|faint|p2a: Talonflame
|
|win|Friytrr
|raw|Ladder updating...
|raw|naneek's rating: 1487 &rarr; <strong>1459<\/strong><br \/>(-28 for losing)
|raw|Friytrr's rating: 1326 &rarr; <strong>1354<\/strong><br \/>(+28 for winning)
|leave|naneek
|player|p1
|c|âFriytrr|gg