|join|Tipsy Russian
|join|santysas
|player|p1|Tipsy Russian|47
|player|p2|santysas|25
|gametype|singles
|gen|6
|tier|UU
|rated
|rule|Sleep Clause Mod: Limit one foe put to sleep
|rule|Species Clause: Limit one of each PokÃ©mon
|rule|OHKO Clause: OHKO moves are banned
|rule|Moody Clause: Moody is banned
|rule|Evasion Moves Clause: Evasion moves are banned
|rule|Endless Battle Clause: Forcing endless battles is banned
|rule|HP Percentage Mod: HP is shown in percentages
|clearpoke
|poke|p1|Cobalion, shiny
|poke|p1|Rotom-Heat
|poke|p1|Swampert, M
|poke|p1|Shaymin
|poke|p1|Spiritomb, F
|poke|p1|Tentacruel, M
|poke|p2|Smeargle, F
|poke|p2|Houndoom, M
|poke|p2|Cofagrigus, M
|poke|p2|Leafeon, M
|poke|p2|Hitmonchan, M
|poke|p2|Eelektross, M
|rule|Swagger Clause: Swagger is banned
|rule|Baton Pass Clause: Limit one PokÃ©mon knowing Baton Pass
|teampreview
|c|âsantysas|gl hf
|
|start
|switch|p1a: Shaymin|Shaymin|341\/341
|switch|p2a: Smeargle|Smeargle, F|251\/251
|turn|1
|c|âTipsy Russian|u2
|
|move|p1a: Shaymin|Dazzling Gleam|p2a: Smeargle
|-damage|p2a: Smeargle|27\/251
|move|p2a: Smeargle|Geomancy|p2a: Smeargle|[still]
|-prepare|p2a: Smeargle|Geomancy|p2a: Smeargle
|-enditem|p2a: Smeargle|Power Herb
|-anim|p2a: Smeargle|Geomancy|p2a: Smeargle
|-boost|p2a: Smeargle|spa|2
|-boost|p2a: Smeargle|spd|2
|-boost|p2a: Smeargle|spe|2
|
|turn|2
|
|move|p2a: Smeargle|Baton Pass|p2a: Smeargle
|
|switch|p2a: Houndoom|Houndoom, M|291\/291
|move|p1a: Shaymin|Dazzling Gleam|p2a: Houndoom
|-damage|p2a: Houndoom|230\/291
|
|turn|3
|
|switch|p1a: Spiritomb|Spiritomb, F|304\/304
|detailschange|p2a: Houndoom|Houndoom-Mega, M
|message|Houndoom has Mega Evolved into Mega Houndoom!
|move|p2a: Houndoom|Sunny Day|p2a: Houndoom
|-weather|SunnyDay
|
|-weather|SunnyDay|[upkeep]
|-damage|p2a: Houndoom|194\/291|[from] ability: Solar Power
|turn|4
|
|move|p1a: Spiritomb|Shadow Sneak|p2a: Houndoom
|-resisted|p2a: Houndoom
|-damage|p2a: Houndoom|169\/291
|move|p2a: Houndoom|Fire Blast|p1a: Spiritomb
|-damage|p1a: Spiritomb|0 fnt
|faint|p1a: Spiritomb
|
|-weather|SunnyDay|[upkeep]
|-damage|p2a: Houndoom|133\/291|[from] ability: Solar Power
|
|switch|p1a: Rotom-Heat|Rotom-Heat|304\/304
|turn|5
|
|move|p2a: Houndoom|Dark Pulse|p1a: Rotom-Heat
|-damage|p1a: Rotom-Heat|13\/304
|move|p1a: Rotom-Heat|Overheat|p2a: Houndoom
|-resisted|p2a: Houndoom
|-damage|p2a: Houndoom|80\/291
|-unboost|p1a: Rotom-Heat|spa|2
|
|-weather|SunnyDay|[upkeep]
|-damage|p2a: Houndoom|44\/291|[from] ability: Solar Power
|-heal|p1a: Rotom-Heat|32\/304|[from] item: Leftovers
|turn|6
|
|move|p2a: Houndoom|Dark Pulse|p1a: Rotom-Heat
|-crit|p1a: Rotom-Heat
|-damage|p1a: Rotom-Heat|0 fnt
|faint|p1a: Rotom-Heat
|
|-weather|SunnyDay|[upkeep]
|-damage|p2a: Houndoom|8\/291|[from] ability: Solar Power
|
|switch|p1a: Tentacruel|Tentacruel, M|364\/364
|turn|7
|
|move|p2a: Houndoom|Solar Beam|p1a: Tentacruel|[still]
|-prepare|p2a: Houndoom|Solar Beam|p1a: Tentacruel
|-anim|p2a: Houndoom|Solar Beam|p1a: Tentacruel
|-damage|p1a: Tentacruel|0 fnt
|faint|p1a: Tentacruel
|
|-weather|none
|
|switch|p1a: Swampert|Swampert, M|404\/404
|turn|8
|
|move|p2a: Houndoom|Dark Pulse|p1a: Swampert
|-crit|p1a: Swampert
|-damage|p1a: Swampert|0 fnt
|faint|p1a: Swampert
|
|
|switch|p1a: Shaymin|Shaymin|341\/341
|turn|9
|-message|Tipsy Russian forfeited.
|
|win|santysas
|raw|Ladder updating...
|leave|Tipsy Russian
|player|p1
|raw|Tipsy Russian's rating: 1371 &rarr; <strong>1344<\/strong><br \/>(-27 for losing)
|raw|santysas's rating: 1242 &rarr; <strong>1276<\/strong><br \/>(+34 for winning)