|join|Tipsy Russian
|join|Riku5
|player|p1|Tipsy Russian|23
|player|p2|Riku5|161
|gametype|singles
|gen|6
|tier|UU
|rated
|rule|Sleep Clause Mod: Limit one foe put to sleep
|rule|Species Clause: Limit one of each Pokemon
|rule|OHKO Clause: OHKO moves are banned
|rule|Moody Clause: Moody is banned
|rule|Swagger Clause: Swagger is banned
|rule|Evasion Moves Clause: Evasion moves are banned
|rule|Endless Battle Clause: Forcing endless battles is banned
|rule|HP Percentage Mod: HP is reported as percentages
|clearpoke
|poke|p1|Infernape, M
|poke|p1|Arcanine, M
|poke|p1|Bronzong
|poke|p1|Gallade, M
|poke|p1|Blastoise, M
|poke|p1|Hydreigon, M
|poke|p2|Alakazam, F
|poke|p2|Blastoise, F
|poke|p2|Pidgeot, F
|poke|p2|Rhyperior, F
|poke|p2|Arcanine, M
|poke|p2|Exeggutor, M
|rule|Baton Pass Clause: Limit 3 pokemon knowing Baton Pass
|teampreview
|chat|Riku5|gl hf
|chat|Tipsy Russian|u2
|
|start
|switch|p1a: Infernape|Infernape, M|293\/293
|switch|p2a: Pidgeot|Pidgeot, F|308\/308
|turn|1
|
|move|p1a: Infernape|U-turn|p2a: Pidgeot
|-resisted|p2a: Pidgeot
|-damage|p2a: Pidgeot|260\/308
|
|switch|p1a: Arcanine|Arcanine, M|384\/384
|-ability|p1a: Arcanine|Intimidate|[of] p2a: Pidgeot
|-unboost|p2a: Pidgeot|atk|1
|move|p2a: Pidgeot|Brave Bird|p1a: Arcanine
|-damage|p1a: Arcanine|285\/384
|-damage|p2a: Pidgeot|227\/308|[from] recoil|[of] p1a: Arcanine
|
|-heal|p1a: Arcanine|309\/384|[from] item: Leftovers
|turn|2
|chat|Tipsy Russian|hmm
|chat|Tipsy Russian|original
|
|switch|p2a: Rhyperior|Rhyperior, F|434\/434
|move|p1a: Arcanine|Will-O-Wisp|p2a: Rhyperior
|-status|p2a: Rhyperior|brn
|
|-heal|p1a: Arcanine|333\/384|[from] item: Leftovers
|-damage|p2a: Rhyperior|380\/434 brn|[from] brn
|turn|3
|
|switch|p1a: Bronzong|Bronzong|338\/338
|move|p2a: Rhyperior|Stealth Rock|p1a: Bronzong
|-sidestart|p1: Tipsy Russian|move: Stealth Rock
|
|-heal|p2a: Rhyperior|407\/434 brn|[from] item: Leftovers
|-damage|p2a: Rhyperior|353\/434 brn|[from] brn
|turn|4
|
|move|p1a: Bronzong|Gyro Ball|p2a: Rhyperior
|-supereffective|p2a: Rhyperior
|-damage|p2a: Rhyperior|311\/434 brn
|move|p2a: Rhyperior|Dragon Tail|p1a: Bronzong
|-resisted|p1a: Bronzong
|-damage|p1a: Bronzong|323\/338
|drag|p1a: Infernape|Infernape, M|293\/293
|-damage|p1a: Infernape|257\/293|[from] Stealth Rock
|
|-heal|p2a: Rhyperior|338\/434 brn|[from] item: Leftovers
|-damage|p2a: Rhyperior|284\/434 brn|[from] brn
|turn|5
|
|move|p1a: Infernape|Close Combat|p2a: Rhyperior
|-supereffective|p2a: Rhyperior
|-damage|p2a: Rhyperior|122\/434 brn
|-unboost|p1a: Infernape|def|1
|-unboost|p1a: Infernape|spd|1
|move|p2a: Rhyperior|Earthquake|p1a: Infernape
|-supereffective|p1a: Infernape
|-damage|p1a: Infernape|0 fnt
|faint|p1a: Infernape
|
|-heal|p2a: Rhyperior|149\/434 brn|[from] item: Leftovers
|-damage|p2a: Rhyperior|95\/434 brn|[from] brn
|
|switch|p1a: Blastoise|Blastoise, M|362\/362
|-damage|p1a: Blastoise|317\/362|[from] Stealth Rock
|turn|6
|
|detailschange|p1a: Blastoise|Blastoise-Mega, M
|message|Blastoise has Mega Evolved into Mega Blastoise!
|move|p1a: Blastoise|Water Pulse|p2a: Rhyperior
|-supereffective|p2a: Rhyperior
|-damage|p2a: Rhyperior|0 fnt
|faint|p2a: Rhyperior
|
|
|switch|p2a: Pidgeot|Pidgeot, F|227\/308
|turn|7
|
|move|p2a: Pidgeot|U-turn|p1a: Blastoise
|-damage|p1a: Blastoise|260\/362
|
|switch|p2a: Blastoise|Blastoise, F|362\/362
|move|p1a: Blastoise|Water Pulse|p2a: Blastoise
|-resisted|p2a: Blastoise
|-damage|p2a: Blastoise|282\/362
|
|turn|8
|
|switch|p1a: Gallade|Gallade, M|340\/340
|-damage|p1a: Gallade|319\/340|[from] Stealth Rock
|detailschange|p2a: Blastoise|Blastoise-Mega, F
|message|Blastoise has Mega Evolved into Mega Blastoise!
|move|p2a: Blastoise|Dark Pulse|p1a: Gallade
|-damage|p1a: Gallade|227\/340
|-boost|p1a: Gallade|atk|1|[from] ability: Justified
|
|turn|9
|
|switch|p2a: Arcanine|Arcanine, M|321\/321
|move|p1a: Gallade|Leaf Blade|p2a: Arcanine
|-resisted|p2a: Arcanine
|-damage|p2a: Arcanine|217\/321
|
|turn|10
|
|switch|p2a: Exeggutor|Exeggutor, M|381\/381
|switch|p1a: Arcanine|Arcanine, M|333\/384
|-damage|p1a: Arcanine|237\/384|[from] Stealth Rock
|-ability|p1a: Arcanine|Intimidate|[of] p2a: Exeggutor
|-unboost|p2a: Exeggutor|atk|1
|
|-heal|p1a: Arcanine|261\/384|[from] item: Leftovers
|turn|11
|
|switch|p2a: Arcanine|Arcanine, M|217\/321
|move|p1a: Arcanine|Crunch|p2a: Arcanine
|-damage|p2a: Arcanine|136\/321
|-boost|p2a: Arcanine|atk|1|[from] ability: Justified
|
|-heal|p1a: Arcanine|285\/384|[from] item: Leftovers
|turn|12
|
|switch|p1a: Blastoise|Blastoise-Mega, M|260\/362
|-damage|p1a: Blastoise|215\/362|[from] Stealth Rock
|move|p2a: Arcanine|Morning Sun|p2a: Arcanine
|-heal|p2a: Arcanine|296\/321
|
|turn|13
|
|move|p2a: Arcanine|Wild Charge|p1a: Blastoise
|-supereffective|p1a: Blastoise
|-damage|p1a: Blastoise|0 fnt
|-damage|p2a: Arcanine|242\/321|[from] recoil|[of] p1a: Blastoise
|-damage|p2a: Arcanine|210\/321|[from] item: Life Orb
|faint|p1a: Blastoise
|
|
|switch|p1a: Hydreigon|Hydreigon, M|325\/325
|-damage|p1a: Hydreigon|285\/325|[from] Stealth Rock
|turn|14
|
|move|p1a: Hydreigon|Earth Power|p2a: Arcanine
|-supereffective|p2a: Arcanine
|-damage|p2a: Arcanine|0 fnt
|faint|p2a: Arcanine
|
|
|switch|p2a: Pidgeot|Pidgeot, F|227\/308
|turn|15
|
|switch|p1a: Arcanine|Arcanine, M|285\/384
|-damage|p1a: Arcanine|189\/384|[from] Stealth Rock
|-ability|p1a: Arcanine|Intimidate|[of] p2a: Pidgeot
|-unboost|p2a: Pidgeot|atk|1
|move|p2a: Pidgeot|U-turn|p1a: Arcanine
|-resisted|p1a: Arcanine
|-damage|p1a: Arcanine|171\/384
|
|switch|p2a: Blastoise|Blastoise-Mega, F|282\/362
|
|-heal|p1a: Arcanine|195\/384|[from] item: Leftovers
|turn|16
|
|switch|p1a: Gallade|Gallade, M|227\/340
|-damage|p1a: Gallade|206\/340|[from] Stealth Rock
|move|p2a: Blastoise|Water Pulse|p1a: Gallade
|-damage|p1a: Gallade|94\/340
|
|turn|17
|
|switch|p2a: Exeggutor|Exeggutor, M|381\/381
|move|p1a: Gallade|Leaf Blade|p2a: Exeggutor
|-resisted|p2a: Exeggutor
|-damage|p2a: Exeggutor|319\/381
|
|turn|18
|
|move|p1a: Gallade|Ice Punch|p2a: Exeggutor
|-supereffective|p2a: Exeggutor
|-damage|p2a: Exeggutor|89\/381
|move|p2a: Exeggutor|Giga Drain|p1a: Gallade
|-damage|p1a: Gallade|31\/340
|-heal|p2a: Exeggutor|121\/381|[from] drain|[of] p1a: Gallade
|
|turn|19
|
|move|p1a: Gallade|Ice Punch|p2a: Exeggutor
|-supereffective|p2a: Exeggutor
|-damage|p2a: Exeggutor|0 fnt
|faint|p2a: Exeggutor
|
|
|switch|p2a: Pidgeot|Pidgeot, F|227\/308
|turn|20
|
|move|p2a: Pidgeot|U-turn|p1a: Gallade
|-damage|p1a: Gallade|0 fnt
|faint|p1a: Gallade
|
|switch|p2a: Blastoise|Blastoise-Mega, F|282\/362
|
|
|switch|p1a: Bronzong|Bronzong|323\/338
|-damage|p1a: Bronzong|302\/338|[from] Stealth Rock
|turn|21
|
|move|p2a: Blastoise|Dark Pulse|p1a: Bronzong
|-supereffective|p1a: Bronzong
|-damage|p1a: Bronzong|74\/338
|move|p1a: Bronzong|Stealth Rock|p2a: Blastoise
|-sidestart|p2: Riku5|move: Stealth Rock
|
|-heal|p1a: Bronzong|95\/338|[from] item: Leftovers
|turn|22
|
|move|p2a: Blastoise|Dark Pulse|p1a: Bronzong
|-supereffective|p1a: Bronzong
|-damage|p1a: Bronzong|0 fnt
|faint|p1a: Bronzong
|
|
|switch|p1a: Hydreigon|Hydreigon, M|285\/325
|-damage|p1a: Hydreigon|245\/325|[from] Stealth Rock
|turn|23
|
|move|p1a: Hydreigon|Draco Meteor|p2a: Blastoise
|-damage|p2a: Blastoise|66\/362
|-unboost|p1a: Hydreigon|spa|2
|move|p2a: Blastoise|Ice Beam|p1a: Hydreigon
|-supereffective|p1a: Hydreigon
|-damage|p1a: Hydreigon|0 fnt
|faint|p1a: Hydreigon
|
|
|switch|p1a: Arcanine|Arcanine, M|195\/384
|-damage|p1a: Arcanine|99\/384|[from] Stealth Rock
|-ability|p1a: Arcanine|Intimidate|[of] p2a: Blastoise
|-unboost|p2a: Blastoise|atk|1
|turn|24
|
|move|p1a: Arcanine|Crunch|p2a: Blastoise
|-damage|p2a: Blastoise|10\/362
|move|p2a: Blastoise|Water Pulse|p1a: Arcanine
|-supereffective|p1a: Arcanine
|-damage|p1a: Arcanine|0 fnt
|faint|p1a: Arcanine
|
|win|Riku5
|raw|Ladder updating...
|raw|Tipsy Russian's rating: 1308 &rarr; <strong>1285<\/strong><br \/>(-23 for losing)
|raw|Riku5's rating: 1248 &rarr; <strong>1278<\/strong><br \/>(+30 for winning)
|leave|Tipsy Russian
|player|p1
|chat|Riku5|gg