|join|KanapÂ£sh
|join|Tipsy Russian
|player|p1|KanapÂ£sh|94
|player|p2|Tipsy Russian|47
|gametype|singles
|gen|6
|tier|UU
|rated
|rule|Sleep Clause Mod: Limit one foe put to sleep
|rule|Species Clause: Limit one of each PokÃ©mon
|rule|OHKO Clause: OHKO moves are banned
|rule|Moody Clause: Moody is banned
|rule|Evasion Moves Clause: Evasion moves are banned
|rule|Endless Battle Clause: Forcing endless battles is banned
|rule|HP Percentage Mod: HP is shown in percentages
|clearpoke
|poke|p1|Meloetta, shiny
|poke|p1|Blastoise, M
|poke|p1|Hydreigon, M, shiny
|poke|p1|Crobat, F
|poke|p1|Machamp, F
|poke|p1|Diancie
|poke|p2|Tentacruel, F
|poke|p2|Krookodile, M
|poke|p2|Jellicent, M
|poke|p2|Rotom-Heat
|poke|p2|Dugtrio, M
|poke|p2|Escavalier, F
|rule|Swagger Clause: Swagger is banned
|rule|Baton Pass Clause: Limit one PokÃ©mon knowing Baton Pass
|teampreview
|
|start
|switch|p1a: KV-1S|Blastoise, M|333\/333
|switch|p2a: Rotom-Heat|Rotom-Heat|241\/241
|turn|1
|
|switch|p1a: Sazandora|Hydreigon, M, shiny|325\/325
|move|p2a: Rotom-Heat|Volt Switch|p1a: Sazandora
|-resisted|p1a: Sazandora
|-damage|p1a: Sazandora|264\/325
|
|switch|p2a: Jellicent|Jellicent, M|404\/404
|
|turn|2
|c|âKanapÂ£sh|Wtf
|
|move|p1a: Sazandora|U-turn|p2a: Jellicent
|-resisted|p2a: Jellicent
|-damage|p2a: Jellicent|371\/404
|
|switch|p1a: Accuracy pls|Machamp, F|324\/324
|move|p2a: Jellicent|Will-O-Wisp|p1a: Accuracy pls
|-status|p1a: Accuracy pls|brn
|
|-heal|p2a: Jellicent|396\/404|[from] item: Leftovers
|-damage|p1a: Accuracy pls|284\/324 brn|[from] brn
|turn|3
|
|switch|p2a: Tentacruel|Tentacruel, F|357\/357
|move|p1a: Accuracy pls|Knock Off|p2a: Tentacruel
|-damage|p2a: Tentacruel|71\/357
|-enditem|p2a: Tentacruel|Black Sludge|[from] move: Knock Off|[of] p1a: Accuracy pls
|
|-damage|p1a: Accuracy pls|244\/324 brn|[from] brn
|turn|4
|c|âTipsy Russian|hmm
|c|âTipsy Russian|that sucks
|
|switch|p1a: Crobatgirl|Crobat, F|323\/323
|move|p2a: Tentacruel|Toxic Spikes|p1a: Crobatgirl
|-sidestart|p1: KanapÂ£sh|move: Toxic Spikes
|
|turn|5
|
|move|p1a: Crobatgirl|Acrobatics|p2a: Tentacruel
|-damage|p2a: Tentacruel|0 fnt
|faint|p2a: Tentacruel
|
|
|switch|p2a: Krookodile|Krookodile, M|367\/367
|-ability|p2a: Krookodile|Intimidate|[of] p1a: Crobatgirl
|-unboost|p1a: Crobatgirl|atk|1
|turn|6
|
|move|p1a: Crobatgirl|Taunt|p2a: Krookodile
|-start|p2a: Krookodile|move: Taunt
|cant|p2a: Krookodile|move: Taunt|Stealth Rock
|
|turn|7
|
|move|p1a: Crobatgirl|Acrobatics|p2a: Krookodile
|-damage|p2a: Krookodile|282\/367
|move|p2a: Krookodile|Knock Off|p1a: Crobatgirl
|-damage|p1a: Crobatgirl|224\/323
|
|-heal|p2a: Krookodile|304\/367|[from] item: Leftovers
|turn|8
|
|switch|p2a: Rotom-Heat|Rotom-Heat|241\/241
|move|p1a: Crobatgirl|U-turn|p2a: Rotom-Heat
|-resisted|p2a: Rotom-Heat
|-damage|p2a: Rotom-Heat|219\/241
|
|switch|p1a: â Nocturnal â|Diancie|303\/303
|-status|p1a: â Nocturnal â|psn
|
|-damage|p1a: â Nocturnal â|266\/303 psn|[from] psn
|turn|9
|
|move|p2a: Rotom-Heat|Volt Switch|p1a: â Nocturnal â
|-damage|p1a: â Nocturnal â|184\/303 psn
|
|switch|p2a: Escavalier|Escavalier, F|344\/344
|move|p1a: â Nocturnal â|Stealth Rock|p2a: Escavalier
|-sidestart|p2: Tipsy Russian|move: Stealth Rock
|
|-heal|p1a: â Nocturnal â|202\/303 psn|[from] item: Leftovers
|-damage|p1a: â Nocturnal â|165\/303 psn|[from] psn
|turn|10
|
|move|p1a: â Nocturnal â|Diamond Storm|p2a: Escavalier
|-damage|p2a: Escavalier|185\/344
|move|p2a: Escavalier|Drill Run|p1a: â Nocturnal â
|-supereffective|p1a: â Nocturnal â
|-damage|p1a: â Nocturnal â|19\/303 psn
|
|-heal|p1a: â Nocturnal â|37\/303 psn|[from] item: Leftovers
|-damage|p1a: â Nocturnal â|0 fnt|[from] psn
|faint|p1a: â Nocturnal â
|
|switch|p1a: Accuracy pls|Machamp, F|244\/324 brn
|turn|11
|
|switch|p2a: Jellicent|Jellicent, M|396\/404
|-damage|p2a: Jellicent|346\/404|[from] Stealth Rock
|move|p1a: Accuracy pls|Knock Off|p2a: Jellicent
|-supereffective|p2a: Jellicent
|-damage|p2a: Jellicent|0 fnt
|-enditem|p2a: Jellicent|Leftovers|[from] move: Knock Off|[of] p1a: Accuracy pls
|faint|p2a: Jellicent
|
|-damage|p1a: Accuracy pls|204\/324 brn|[from] brn
|
|switch|p2a: Rotom-Heat|Rotom-Heat|219\/241
|-damage|p2a: Rotom-Heat|159\/241|[from] Stealth Rock
|turn|12
|
|move|p2a: Rotom-Heat|Overheat|p1a: Accuracy pls
|-damage|p1a: Accuracy pls|0 fnt
|-unboost|p2a: Rotom-Heat|spa|2
|faint|p1a: Accuracy pls
|
|
|switch|p1a: KV-1S|Blastoise, M|333\/333
|-status|p1a: KV-1S|psn
|turn|13
|
|switch|p2a: Escavalier|Escavalier, F|185\/344
|-damage|p2a: Escavalier|142\/344|[from] Stealth Rock
|detailschange|p1a: KV-1S|Blastoise-Mega, M
|message|Blastoise has Mega Evolved into Mega Blastoise!
|move|p1a: KV-1S|Rapid Spin|p2a: Escavalier
|-resisted|p2a: Escavalier
|-damage|p2a: Escavalier|135\/344
|-sideend|p1: KanapÂ£sh|Toxic Spikes|[from] move: Rapid Spin|[of] p1a: KV-1S
|
|-damage|p1a: KV-1S|292\/333 psn|[from] psn
|turn|14
|
|move|p1a: KV-1S|Hydro Pump|p2a: Escavalier
|-damage|p2a: Escavalier|0 fnt
|faint|p2a: Escavalier
|
|-damage|p1a: KV-1S|251\/333 psn|[from] psn
|
|switch|p2a: Rotom-Heat|Rotom-Heat|159\/241
|-damage|p2a: Rotom-Heat|99\/241|[from] Stealth Rock
|turn|15
|
|switch|p1a: Sazandora|Hydreigon, M, shiny|264\/325
|move|p2a: Rotom-Heat|Volt Switch|p1a: Sazandora
|-resisted|p1a: Sazandora
|-damage|p1a: Sazandora|203\/325
|
|switch|p2a: Krookodile|Krookodile, M|304\/367
|-damage|p2a: Krookodile|282\/367|[from] Stealth Rock
|-ability|p2a: Krookodile|Intimidate|[of] p1a: Sazandora
|-unboost|p1a: Sazandora|atk|1
|
|-heal|p2a: Krookodile|304\/367|[from] item: Leftovers
|turn|16
|
|move|p1a: Sazandora|U-turn|p2a: Krookodile
|-supereffective|p2a: Krookodile
|-damage|p2a: Krookodile|242\/367
|
|switch|p1a: KV-1S|Blastoise-Mega, M|251\/333 psn
|move|p2a: Krookodile|Knock Off|p1a: KV-1S
|-damage|p1a: KV-1S|173\/333 psn
|
|-heal|p2a: Krookodile|264\/367|[from] item: Leftovers
|-damage|p1a: KV-1S|132\/333 psn|[from] psn
|turn|17
|
|move|p2a: Krookodile|Earthquake|p1a: KV-1S
|-damage|p1a: KV-1S|24\/333 psn
|move|p1a: KV-1S|Hydro Pump|p2a: Krookodile
|-supereffective|p2a: Krookodile
|-damage|p2a: Krookodile|0 fnt
|faint|p2a: Krookodile
|
|-damage|p1a: KV-1S|0 fnt|[from] psn
|faint|p1a: KV-1S
|
|switch|p1a: Sazandora|Hydreigon, M, shiny|203\/325
|switch|p2a: Dugtrio|Dugtrio, M|212\/212
|-damage|p2a: Dugtrio|199\/212|[from] Stealth Rock
|turn|18
|
|move|p1a: Sazandora|Draco Meteor|p2a: Dugtrio
|-damage|p2a: Dugtrio|0 fnt
|-unboost|p1a: Sazandora|spa|2
|faint|p2a: Dugtrio
|
|-message|Tipsy Russian forfeited.
|
|win|KanapÂ£sh
|raw|Ladder updating...
|leave|Tipsy Russian
|player|p2
|raw|KanapÂ£sh's rating: 1438 &rarr; <strong>1453<\/strong><br \/>(+15 for winning)
|raw|Tipsy Russian's rating: 1345 &rarr; <strong>1330<\/strong><br \/>(-15 for losing)