|join|Tipsy Russian
|join|King UU
|player|p1|Tipsy Russian|47
|player|p2|King UU|29
|gametype|singles
|gen|6
|tier|UU
|rule|Sleep Clause Mod: Limit one foe put to sleep
|rule|Species Clause: Limit one of each PokÃ©mon
|rule|OHKO Clause: OHKO moves are banned
|rule|Moody Clause: Moody is banned
|rule|Evasion Moves Clause: Evasion moves are banned
|rule|Endless Battle Clause: Forcing endless battles is banned
|rule|HP Percentage Mod: HP is shown in percentages
|clearpoke
|poke|p1|Hippowdon, F
|poke|p1|Stoutland, M
|poke|p1|Cradily, M
|poke|p1|Sandslash, F
|poke|p1|Chesnaught, F
|poke|p1|Audino, M
|poke|p2|Miltank, F
|poke|p2|Jolteon, F
|poke|p2|Articuno
|poke|p2|Seismitoad, F
|poke|p2|Xatu, M
|poke|p2|Registeel
|rule|Swagger Clause: Swagger is banned
|rule|Baton Pass Clause: Limit one PokÃ©mon knowing Baton Pass
|teampreview
|c|âTipsy Russian|good thing i changed something
|c|âTipsy Russian|phew
|
|start
|switch|p1a: Cradily|Cradily, M|376\/376
|switch|p2a: Seismitoad|Seismitoad, F|414\/414
|turn|1
|
|switch|p2a: Xatu|Xatu, M|271\/271
|move|p1a: Cradily|Giga Drain|p2a: Xatu
|-resisted|p2a: Xatu
|-damage|p2a: Xatu|223\/271
|
|turn|2
|
|switch|p1a: Audino|Audino, M|410\/410
|move|p2a: Xatu|Psyshock|p1a: Audino
|-damage|p1a: Audino|235\/410
|-damage|p2a: Xatu|196\/271|[from] item: Life Orb
|
|-heal|p1a: Audino|260\/410|[from] item: Leftovers
|turn|3
|
|switch|p2a: Seismitoad|Seismitoad, F|414\/414
|move|p1a: Audino|Wish|p1a: Audino
|
|-heal|p1a: Audino|285\/410|[from] item: Leftovers
|turn|4
|
|switch|p1a: Hippowdon|Hippowdon, F|420\/420
|-weather|Sandstorm
|move|p2a: Seismitoad|Stealth Rock|p1a: Hippowdon
|-sidestart|p1: Tipsy Russian|move: Stealth Rock
|
|-weather|Sandstorm|[upkeep]
|turn|5
|
|switch|p1a: Cradily|Cradily, M|376\/376
|-damage|p1a: Cradily|329\/376|[from] Stealth Rock
|move|p2a: Seismitoad|Knock Off|p1a: Cradily
|-damage|p1a: Cradily|257\/376
|-enditem|p1a: Cradily|Leftovers|[from] move: Knock Off|[of] p2a: Seismitoad
|
|-weather|Sandstorm|[upkeep]
|turn|6
|c|âTipsy Russian|what did you want from my list?
|join|BenzMafia
|c|âKing UU|ummm
|c|âKing UU|probably duggy
|
|switch|p2a: Registeel|Registeel|363\/363
|move|p1a: Cradily|Stealth Rock|p2a: Registeel
|-sidestart|p2: King UU|move: Stealth Rock
|
|-weather|Sandstorm|[upkeep]
|turn|7
|
|switch|p1a: Chesnaught|Chesnaught, F|380\/380
|-damage|p1a: Chesnaught|357\/380|[from] Stealth Rock
|move|p2a: Registeel|Iron Head|p1a: Chesnaught
|-crit|p1a: Chesnaught
|-damage|p1a: Chesnaught|273\/380
|
|-weather|Sandstorm|[upkeep]
|-damage|p1a: Chesnaught|250\/380|[from] sandstorm
|-heal|p1a: Chesnaught|273\/380|[from] item: Leftovers
|turn|8
|
|move|p1a: Chesnaught|Leech Seed|p2a: Registeel
|-start|p2a: Registeel|move: Leech Seed
|move|p2a: Registeel|Toxic|p1a: Chesnaught
|-status|p1a: Chesnaught|tox
|
|-weather|Sandstorm|[upkeep]
|-damage|p1a: Chesnaught|250\/380 tox|[from] sandstorm
|-heal|p1a: Chesnaught|273\/380 tox|[from] item: Leftovers
|-damage|p2a: Registeel|318\/363|[from] Leech Seed|[of] p1a: Chesnaught
|-heal|p1a: Chesnaught|318\/380 tox|[silent]
|-damage|p1a: Chesnaught|295\/380 tox|[from] psn
|turn|9
|
|switch|p1a: Audino|Audino, M|410\/410
|-damage|p1a: Audino|359\/410|[from] Stealth Rock
|switch|p2a: Xatu|Xatu, M|196\/271
|-damage|p2a: Xatu|129\/271|[from] Stealth Rock
|
|-weather|Sandstorm|[upkeep]
|-damage|p2a: Xatu|113\/271|[from] sandstorm
|-damage|p1a: Audino|334\/410|[from] sandstorm
|-heal|p1a: Audino|359\/410|[from] item: Leftovers
|turn|10
|
|move|p2a: Xatu|Roost|p2a: Xatu
|-heal|p2a: Xatu|249\/271
|move|p1a: Audino|Knock Off|p2a: Xatu
|-supereffective|p2a: Xatu
|-damage|p2a: Xatu|101\/271
|-enditem|p2a: Xatu|Life Orb|[from] move: Knock Off|[of] p1a: Audino
|
|-weather|Sandstorm|[upkeep]
|-damage|p2a: Xatu|85\/271|[from] sandstorm
|-damage|p1a: Audino|334\/410|[from] sandstorm
|-heal|p1a: Audino|359\/410|[from] item: Leftovers
|turn|11
|leave|BenzMafia
|
|move|p2a: Xatu|Roost|p2a: Xatu
|-heal|p2a: Xatu|221\/271
|move|p1a: Audino|Wish|p1a: Audino
|
|-weather|none
|-heal|p1a: Audino|384\/410|[from] item: Leftovers
|turn|12
|
|move|p2a: Xatu|Giga Drain|p1a: Audino
|-damage|p1a: Audino|322\/410
|-heal|p2a: Xatu|252\/271|[from] drain|[of] p1a: Audino
|move|p1a: Audino|Knock Off|p2a: Xatu
|-supereffective|p2a: Xatu
|-damage|p2a: Xatu|166\/271
|
|-heal|p1a: Audino|410\/410|[from] move: Wish|[wisher] Audino
|turn|13
|join|watfor
|
|move|p2a: Xatu|Roost|p2a: Xatu
|-heal|p2a: Xatu|271\/271
|move|p1a: Audino|Knock Off|p2a: Xatu
|-supereffective|p2a: Xatu
|-damage|p2a: Xatu|179\/271
|
|turn|14
|
|move|p2a: Xatu|Psyshock|p1a: Audino
|-crit|p1a: Audino
|-damage|p1a: Audino|217\/410
|move|p1a: Audino|Heal Bell|p1a: Audino
|-cureteam|p1a: Audino|[from] move: HealBell
|
|-heal|p1a: Audino|242\/410|[from] item: Leftovers
|turn|15
|
|move|p2a: Xatu|Psyshock|p1a: Audino
|-damage|p1a: Audino|121\/410
|move|p1a: Audino|Wish|p1a: Audino
|
|-heal|p1a: Audino|146\/410|[from] item: Leftovers
|turn|16
|
|switch|p2a: Seismitoad|Seismitoad, F|414\/414
|-damage|p2a: Seismitoad|389\/414|[from] Stealth Rock
|move|p1a: Audino|Knock Off|p2a: Seismitoad
|-damage|p2a: Seismitoad|342\/414
|-enditem|p2a: Seismitoad|Leftovers|[from] move: Knock Off|[of] p1a: Audino
|
|-heal|p1a: Audino|351\/410|[from] move: Wish|[wisher] Audino
|-heal|p1a: Audino|376\/410|[from] item: Leftovers
|turn|17
|
|switch|p1a: Cradily|Cradily, M|257\/376
|-damage|p1a: Cradily|210\/376|[from] Stealth Rock
|move|p2a: Seismitoad|Knock Off|p1a: Cradily
|-damage|p1a: Cradily|159\/376
|
|turn|18
|
|move|p2a: Seismitoad|Toxic|p1a: Cradily
|-status|p1a: Cradily|tox
|move|p1a: Cradily|Recover|p1a: Cradily
|-heal|p1a: Cradily|347\/376 tox
|
|-damage|p1a: Cradily|324\/376 tox|[from] psn
|turn|19
|
|switch|p2a: Articuno|Articuno|321\/321
|-damage|p2a: Articuno|161\/321|[from] Stealth Rock
|-ability|p2a: Articuno|Pressure
|move|p1a: Cradily|Toxic|p2a: Articuno
|-status|p2a: Articuno|tox
|
|-damage|p2a: Articuno|141\/321 tox|[from] psn
|-damage|p1a: Cradily|278\/376 tox|[from] psn
|turn|20
|c|âTipsy Russian|!learn cradily, earth power
|raw|<div class="infobox">Cradily <span class="message-learn-canlearn">can<\/span> learn Earth Power only when obtained from:<ul class="message-learn-list"><li>any generation before 6<\/ul><\/div>
|
|switch|p1a: Audino|Audino, M|410\/410
|-damage|p1a: Audino|359\/410|[from] Stealth Rock
|move|p2a: Articuno|Hurricane|p1a: Audino|[miss]
|-miss|p2a: Articuno|p1a: Audino
|
|-heal|p1a: Audino|384\/410|[from] item: Leftovers
|-damage|p2a: Articuno|101\/321 tox|[from] psn
|turn|21
|
|move|p2a: Articuno|Defog|p1a: Audino
|-unboost|p1a: Audino|evasion|1
|-sideend|p1: Tipsy Russian|Stealth Rock|[from] move: Defog|[of] p1a: Audino
|-sideend|p2: King UU|Stealth Rock|[from] move: Defog|[of] p2a: Articuno
|move|p1a: Audino|Heal Bell|p1a: Audino
|-cureteam|p1a: Audino|[from] move: HealBell
|
|-heal|p1a: Audino|409\/410|[from] item: Leftovers
|-damage|p2a: Articuno|41\/321 tox|[from] psn
|turn|22
|
|move|p2a: Articuno|Roost|p2a: Articuno
|-heal|p2a: Articuno|202\/321 tox
|move|p1a: Audino|Wish|p1a: Audino
|
|-heal|p1a: Audino|410\/410|[from] item: Leftovers
|-damage|p2a: Articuno|122\/321 tox|[from] psn
|turn|23
|c|âTipsy Russian|im shocked audino isnt on the viability thread
|
|switch|p2a: Xatu|Xatu, M|179\/271
|move|p1a: Audino|Knock Off|p2a: Xatu
|-supereffective|p2a: Xatu
|-damage|p2a: Xatu|89\/271
|
|turn|24
|
|switch|p1a: Hippowdon|Hippowdon, F|420\/420
|-weather|Sandstorm
|move|p2a: Xatu|Roost|p2a: Xatu
|-heal|p2a: Xatu|225\/271
|
|-weather|Sandstorm|[upkeep]
|-damage|p2a: Xatu|209\/271|[from] sandstorm
|turn|25
|c|âKing UU|It's not bulky enough
|
|switch|p1a: Stoutland|Stoutland, M|311\/311
|move|p2a: Xatu|Giga Drain|p1a: Stoutland
|-damage|p1a: Stoutland|238\/311
|-heal|p2a: Xatu|246\/271|[from] drain|[of] p1a: Stoutland
|
|-weather|Sandstorm|[upkeep]
|-damage|p2a: Xatu|230\/271|[from] sandstorm
|turn|26
|c|âTipsy Russian|but we are overly generous
|
|switch|p2a: Registeel|Registeel|318\/363
|move|p1a: Stoutland|Crunch|p2a: Registeel
|-damage|p2a: Registeel|239\/363
|-damage|p1a: Stoutland|207\/311|[from] item: Life Orb
|
|-weather|Sandstorm|[upkeep]
|-heal|p2a: Registeel|261\/363|[from] item: Leftovers
|turn|27
|c|âKing UU|there's a ton of stuff
|c|âKing UU|That deserves to be on c-rank
|
|switch|p1a: Sandslash|Sandslash, F|292\/292
|move|p2a: Registeel|Toxic|p1a: Sandslash
|-status|p1a: Sandslash|tox
|
|-weather|Sandstorm|[upkeep]
|-heal|p2a: Registeel|283\/363|[from] item: Leftovers
|-damage|p1a: Sandslash|274\/292 tox|[from] psn
|turn|28
|
|switch|p2a: Xatu|Xatu, M|230\/271
|move|p1a: Sandslash|Knock Off|p2a: Xatu
|-supereffective|p2a: Xatu
|-damage|p2a: Xatu|0 fnt
|-damage|p1a: Sandslash|245\/292 tox|[from] item: Life Orb
|faint|p2a: Xatu
|
|-weather|Sandstorm|[upkeep]
|-damage|p1a: Sandslash|209\/292 tox|[from] psn
|
|switch|p2a: Articuno|Articuno|122\/321 tox
|-ability|p2a: Articuno|Pressure
|turn|29
|
|move|p1a: Sandslash|Stone Edge|p2a: Articuno
|-supereffective|p2a: Articuno
|-damage|p2a: Articuno|0 fnt
|-damage|p1a: Sandslash|180\/292 tox|[from] item: Life Orb
|faint|p2a: Articuno
|
|-weather|Sandstorm|[upkeep]
|-damage|p1a: Sandslash|126\/292 tox|[from] psn
|c|âKing UU|oh
|c|âKing UU|OH
|c|âKing UU|Speeeedy
|
|switch|p2a: Miltank|Miltank, F|394\/394
|turn|30
|c|âKing UU|Slow the fuck down
|
|switch|p1a: Chesnaught|Chesnaught, F|295\/380
|move|p2a: Miltank|Rock Tomb|p1a: Chesnaught
|-resisted|p1a: Chesnaught
|-damage|p1a: Chesnaught|281\/380
|-unboost|p1a: Chesnaught|spe|1
|
|-weather|Sandstorm|[upkeep]
|-damage|p2a: Miltank|370\/394|[from] sandstorm
|-damage|p1a: Chesnaught|258\/380|[from] sandstorm
|-heal|p2a: Miltank|394\/394|[from] item: Leftovers
|-heal|p1a: Chesnaught|281\/380|[from] item: Leftovers
|turn|31
|
|move|p2a: Miltank|Body Slam|p1a: Chesnaught
|-crit|p1a: Chesnaught
|-damage|p1a: Chesnaught|203\/380
|move|p1a: Chesnaught|Spikes|p2a: Miltank
|-sidestart|p2: King UU|Spikes
|
|-weather|none
|-heal|p1a: Chesnaught|226\/380|[from] item: Leftovers
|turn|32
|
|move|p2a: Miltank|Body Slam|p1a: Chesnaught
|-damage|p1a: Chesnaught|172\/380
|move|p1a: Chesnaught|Spikes|p2a: Miltank
|-sidestart|p2: King UU|Spikes
|
|-heal|p1a: Chesnaught|195\/380|[from] item: Leftovers
|turn|33
|
|move|p2a: Miltank|Body Slam|p1a: Chesnaught
|-damage|p1a: Chesnaught|141\/380
|move|p1a: Chesnaught|Hammer Arm|p2a: Miltank
|-supereffective|p2a: Miltank
|-damage|p2a: Miltank|176\/394
|-unboost|p1a: Chesnaught|spe|1
|
|-heal|p2a: Miltank|200\/394|[from] item: Leftovers
|-heal|p1a: Chesnaught|164\/380|[from] item: Leftovers
|turn|34
|c|âTipsy Russian|theres no way your not sap sipper
|
|switch|p2a: Seismitoad|Seismitoad, F|342\/414
|-damage|p2a: Seismitoad|273\/414|[from] Spikes
|move|p1a: Chesnaught|Spikes|p2a: Seismitoad
|-sidestart|p2: King UU|Spikes
|
|-heal|p1a: Chesnaught|187\/380|[from] item: Leftovers
|turn|35
|c|âTipsy Russian|if you have been bluffing the whole time
|c|âTipsy Russian|imma be pissed
|c|âKing UU|lol
|
|move|p2a: Seismitoad|Toxic|p1a: Chesnaught
|-status|p1a: Chesnaught|tox
|move|p1a: Chesnaught|Leech Seed|p2a: Seismitoad|[miss]
|-miss|p1a: Chesnaught|p2a: Seismitoad
|
|-heal|p1a: Chesnaught|210\/380 tox|[from] item: Leftovers
|-damage|p1a: Chesnaught|187\/380 tox|[from] psn
|turn|36
|c|âTipsy Russian|that hurricane miss is coming back to bite me
|c|âKing UU|your team is SOLID
|
|switch|p1a: Cradily|Cradily, M|278\/376
|move|p2a: Seismitoad|Stealth Rock|p1a: Cradily
|-sidestart|p1: Tipsy Russian|move: Stealth Rock
|
|turn|37
|c|âTipsy Russian|ty
|
|switch|p2a: Registeel|Registeel|283\/363
|-damage|p2a: Registeel|193\/363|[from] Spikes
|move|p1a: Cradily|Stealth Rock|p2a: Registeel
|-sidestart|p2: King UU|move: Stealth Rock
|
|-heal|p2a: Registeel|215\/363|[from] item: Leftovers
|turn|38
|
|switch|p1a: Hippowdon|Hippowdon, F|420\/420
|-damage|p1a: Hippowdon|394\/420|[from] Stealth Rock
|-weather|Sandstorm
|move|p2a: Registeel|Iron Head|p1a: Hippowdon
|-damage|p1a: Hippowdon|334\/420
|
|-weather|Sandstorm|[upkeep]
|-heal|p2a: Registeel|237\/363|[from] item: Leftovers
|turn|39
|
|move|p2a: Registeel|Iron Head|p1a: Hippowdon
|-damage|p1a: Hippowdon|280\/420
|move|p1a: Hippowdon|Earthquake|p2a: Registeel
|-supereffective|p2a: Registeel
|-damage|p2a: Registeel|73\/363
|
|-weather|Sandstorm|[upkeep]
|-heal|p2a: Registeel|95\/363|[from] item: Leftovers
|turn|40
|c|âKing UU|I needed zangoose on this team
|c|âKing UU|fuuuuck
|
|move|p2a: Registeel|Toxic|p1a: Hippowdon
|-status|p1a: Hippowdon|tox
|move|p1a: Hippowdon|Earthquake|p2a: Registeel
|-supereffective|p2a: Registeel
|-damage|p2a: Registeel|0 fnt
|faint|p2a: Registeel
|
|-weather|Sandstorm|[upkeep]
|-damage|p1a: Hippowdon|254\/420 tox|[from] psn
|c|âKing UU|Why did I chaaaange
|
|switch|p2a: Miltank|Miltank, F|200\/394
|-damage|p2a: Miltank|102\/394|[from] Spikes
|-damage|p2a: Miltank|53\/394|[from] Stealth Rock
|turn|41
|
|switch|p1a: Chesnaught|Chesnaught, F|187\/380 tox
|-damage|p1a: Chesnaught|164\/380 tox|[from] Stealth Rock
|move|p2a: Miltank|Milk Drink|p2a: Miltank
|-heal|p2a: Miltank|250\/394
|
|-weather|Sandstorm|[upkeep]
|-damage|p2a: Miltank|226\/394|[from] sandstorm
|-damage|p1a: Chesnaught|141\/380 tox|[from] sandstorm
|-heal|p2a: Miltank|250\/394|[from] item: Leftovers
|-heal|p1a: Chesnaught|164\/380 tox|[from] item: Leftovers
|-damage|p1a: Chesnaught|141\/380 tox|[from] psn
|turn|42
|
|switch|p1a: Audino|Audino, M|410\/410
|-damage|p1a: Audino|359\/410|[from] Stealth Rock
|move|p2a: Miltank|Body Slam|p1a: Audino
|-damage|p1a: Audino|263\/410
|
|-weather|Sandstorm|[upkeep]
|-damage|p2a: Miltank|226\/394|[from] sandstorm
|-damage|p1a: Audino|238\/410|[from] sandstorm
|-heal|p2a: Miltank|250\/394|[from] item: Leftovers
|-heal|p1a: Audino|263\/410|[from] item: Leftovers
|turn|43
|c|âTipsy Russian|!data zangoose
|c|~|\/data-pokemon Zangoose

|
|move|p2a: Miltank|Body Slam|p1a: Audino
|-damage|p1a: Audino|167\/410
|-status|p1a: Audino|par
|cant|p1a: Audino|par
|
|-weather|Sandstorm|[upkeep]
|-damage|p2a: Miltank|226\/394|[from] sandstorm
|-damage|p1a: Audino|142\/410 par|[from] sandstorm
|-heal|p2a: Miltank|250\/394|[from] item: Leftovers
|-heal|p1a: Audino|167\/410 par|[from] item: Leftovers
|turn|44
|c|âTipsy Russian|oh no
|c|âKing UU|UNO MASS
|c|âKing UU|UNO MASSSSSS
|
|move|p2a: Miltank|Body Slam|p1a: Audino
|-damage|p1a: Audino|74\/410 par
|move|p1a: Audino|Wish|p1a: Audino
|
|-weather|Sandstorm|[upkeep]
|-damage|p2a: Miltank|226\/394|[from] sandstorm
|-damage|p1a: Audino|49\/410 par|[from] sandstorm
|-heal|p2a: Miltank|250\/394|[from] item: Leftovers
|-heal|p1a: Audino|74\/410 par|[from] item: Leftovers
|turn|45
|c|âKing UU|NUO
|c|âKing UU|NJUOOOO
|c|âTipsy Russian|audino dont be a shit
|
|cant|p1a: Audino|par
|move|p2a: Miltank|Body Slam|p1a: Audino
|-damage|p1a: Audino|0 fnt
|faint|p1a: Audino
|
|-weather|none
|-heal|p2a: Miltank|274\/394|[from] item: Leftovers
|c|âKing UU|UNO
|c|âKing UU|MAS
|c|âTipsy Russian|fuck
|c|âKing UU|hue hue hue
|
|switch|p1a: Chesnaught|Chesnaught, F|141\/380 tox
|-damage|p1a: Chesnaught|118\/380 tox|[from] Stealth Rock
|turn|46
|
|move|p2a: Miltank|Body Slam|p1a: Chesnaught
|-damage|p1a: Chesnaught|63\/380 tox
|move|p1a: Chesnaught|Hammer Arm|p2a: Miltank
|-supereffective|p2a: Miltank
|-damage|p2a: Miltank|64\/394
|-unboost|p1a: Chesnaught|spe|1
|
|-heal|p2a: Miltank|88\/394|[from] item: Leftovers
|-heal|p1a: Chesnaught|86\/380 tox|[from] item: Leftovers
|-damage|p1a: Chesnaught|63\/380 tox|[from] psn
|turn|47
|
|move|p2a: Miltank|Milk Drink|p2a: Miltank
|-heal|p2a: Miltank|285\/394
|move|p1a: Chesnaught|Hammer Arm|p2a: Miltank
|-supereffective|p2a: Miltank
|-damage|p2a: Miltank|85\/394
|-unboost|p1a: Chesnaught|spe|1
|
|-heal|p2a: Miltank|109\/394|[from] item: Leftovers
|-heal|p1a: Chesnaught|86\/380 tox|[from] item: Leftovers
|-damage|p1a: Chesnaught|40\/380 tox|[from] psn
|turn|48
|
|move|p1a: Chesnaught|Spiky Shield|p1a: Chesnaught
|-singleturn|p1a: Chesnaught|move: Protect
|move|p2a: Miltank|Body Slam|p1a: Chesnaught
|-activate|p1a: Chesnaught|move: Protect
|-damage|p2a: Miltank|60\/394|[from] Spiky Shield|[of] p1a: Chesnaught
|
|-heal|p2a: Miltank|84\/394|[from] item: Leftovers
|-heal|p1a: Chesnaught|63\/380 tox|[from] item: Leftovers
|-damage|p1a: Chesnaught|0 fnt|[from] psn
|faint|p1a: Chesnaught
|c|âKing UU|oww
|
|switch|p1a: Stoutland|Stoutland, M|207\/311
|-damage|p1a: Stoutland|169\/311|[from] Stealth Rock
|turn|49
|c|âKing UU|dammit dammit dammit
|c|âKing UU|please be slow
|
|move|p1a: Stoutland|Return|p2a: Miltank
|-damage|p2a: Miltank|0 fnt
|-damage|p1a: Stoutland|138\/311|[from] item: Life Orb
|faint|p2a: Miltank
|
|c|âKing UU|DAMMIt
|
|switch|p2a: Jolteon|Jolteon, F|272\/272
|-damage|p2a: Jolteon|204\/272|[from] Spikes
|-damage|p2a: Jolteon|170\/272|[from] Stealth Rock
|turn|50
|c|âTipsy Russian|what is your speed?
|c|âKing UU|243
|c|âTipsy Russian|259
|c|âTipsy Russian|:)
|
|move|p2a: Jolteon|Thunderbolt|p1a: Stoutland
|-damage|p1a: Stoutland|0 fnt
|faint|p1a: Stoutland
|
|
|switch|p1a: Cradily|Cradily, M|278\/376
|-damage|p1a: Cradily|231\/376|[from] Stealth Rock
|turn|51
|join|low&high
|c|âTipsy Russian|i know your ebelt
|c|âKing UU|:\
|c|âTipsy Russian|:)
|c|âKing UU|how could you possibly know that
|c|âTipsy Russian|a hunch
|c|âTipsy Russian|lol
|
|move|p2a: Jolteon|Shadow Ball|p1a: Cradily
|-damage|p1a: Cradily|177\/376
|move|p1a: Cradily|Recover|p1a: Cradily
|-heal|p1a: Cradily|365\/376
|
|turn|52
|c|âKing UU|how does it feel to eliminate king UU
|c|âTipsy Russian|grand
|c|âTipsy Russian|beating marth, then king
|c|âKing UU|Oh wow
|c|âTipsy Russian|probs the only time
|c|âKing UU|Not even bad
|
|move|p2a: Jolteon|Shadow Ball|p1a: Cradily
|-damage|p1a: Cradily|309\/376
|-unboost|p1a: Cradily|spd|1
|move|p1a: Cradily|Giga Drain|p2a: Jolteon
|-damage|p2a: Jolteon|89\/272
|-heal|p1a: Cradily|350\/376|[from] drain|[of] p2a: Jolteon
|
|turn|53
|c|âTipsy Russian|stop
|c|âTipsy Russian|with the hax
|c|âKing UU|UNO MAS
|c|âTipsy Russian|pls
|c|âKing UU|UNO MASSS
|
|move|p2a: Jolteon|Shadow Ball|p1a: Cradily
|-damage|p1a: Cradily|270\/376
|move|p1a: Cradily|Giga Drain|p2a: Jolteon
|-damage|p2a: Jolteon|13\/272
|-heal|p1a: Cradily|308\/376|[from] drain|[of] p2a: Jolteon
|
|turn|54
|
|move|p2a: Jolteon|Thunderbolt|p1a: Cradily
|-resisted|p1a: Cradily
|-damage|p1a: Cradily|233\/376
|move|p1a: Cradily|Giga Drain|p2a: Jolteon
|-damage|p2a: Jolteon|0 fnt
|-heal|p1a: Cradily|240\/376|[from] drain|[of] p2a: Jolteon
|faint|p2a: Jolteon
|
|c|âKing UU|no thunder para
|c|âKing UU|lame
|
|switch|p2a: Seismitoad|Seismitoad, F|273\/414
|-damage|p2a: Seismitoad|170\/414|[from] Spikes
|-damage|p2a: Seismitoad|145\/414|[from] Stealth Rock
|turn|55
|
|move|p2a: Seismitoad|Toxic|p1a: Cradily
|-status|p1a: Cradily|tox
|move|p1a: Cradily|Giga Drain|p2a: Seismitoad
|-supereffective|p2a: Seismitoad
|-damage|p2a: Seismitoad|0 fnt
|-heal|p1a: Cradily|313\/376 tox|[from] drain|[of] p2a: Seismitoad
|faint|p2a: Seismitoad
|
|win|Tipsy Russian
|c|âTipsy Russian|gg
|leave|low&high
|c|âKing UU|gg seÃ±or