|join|Coolyo350
|join|Tipsy Russian
|player|p1|Coolyo350|283
|player|p2|Tipsy Russian|47
|gametype|singles
|gen|6
|tier|UU
|rule|Sleep Clause Mod: Limit one foe put to sleep
|rule|Species Clause: Limit one of each PokÃ©mon
|rule|OHKO Clause: OHKO moves are banned
|rule|Moody Clause: Moody is banned
|rule|Evasion Moves Clause: Evasion moves are banned
|rule|Endless Battle Clause: Forcing endless battles is banned
|rule|HP Percentage Mod: HP is shown in percentages
|clearpoke
|poke|p1|Krookodile, F
|poke|p1|Nidoqueen, F
|poke|p1|Forretress, M
|poke|p1|Milotic, F
|poke|p1|Noivern, M
|poke|p1|Jirachi
|poke|p2|Fletchinder, M
|poke|p2|Dugtrio, F
|poke|p2|Shaymin
|poke|p2|Vaporeon, F
|poke|p2|Gligar, F
|poke|p2|Cobalion
|rule|Swagger Clause: Swagger is banned
|rule|Baton Pass Clause: Limit one PokÃ©mon knowing Baton Pass
|teampreview
|join|Heated Rocks
|join|Testlum
|join|LessThanThreeMan
|
|start
|switch|p1a: Forretress|Forretress, M|354\/354
|switch|p2a: Shaymin|Shaymin|341\/341
|turn|1
|
|switch|p1a: Noivern|Noivern, M|311\/311
|move|p2a: Shaymin|Earth Power|p1a: Noivern
|-immune|p1a: Noivern|[msg]
|
|turn|2
|
|switch|p2a: Vaporeon|Vaporeon, F|464\/464
|move|p1a: Noivern|Switcheroo|p2a: Vaporeon
|-activate|p1a: Noivern|move: Trick|[of] p2a: Vaporeon
|-item|p2a: Vaporeon|Choice Specs|[from] Trick
|-item|p1a: Noivern|Leftovers|[from] Trick
|
|turn|3
|join|Living Proof
|
|switch|p1a: Milotic|Milotic, F|394\/394
|move|p2a: Vaporeon|Baton Pass|p2a: Vaporeon
|
|switch|p2a: Shaymin|Shaymin|341\/341
|
|turn|4
|
|move|p2a: Shaymin|Seed Flare|p1a: Milotic|[miss]
|-miss|p2a: Shaymin|p1a: Milotic
|move|p1a: Milotic|Mirror Coat|p2a: Shaymin
|-fail|p2a: Shaymin
|
|turn|5
|c|âCoolyo350|the one time i want it to hit
|
|switch|p2a: Vaporeon|Vaporeon, F|464\/464
|move|p1a: Milotic|Scald|p2a: Vaporeon
|-immune|p2a: Vaporeon|[msg]
|
|turn|6
|join|Treozucic
|
|move|p1a: Milotic|Ice Beam|p2a: Vaporeon
|-resisted|p2a: Vaporeon
|-damage|p2a: Vaporeon|436\/464
|move|p2a: Vaporeon|Scald|p1a: Milotic
|-resisted|p1a: Milotic
|-damage|p1a: Milotic|348\/394
|
|-heal|p1a: Milotic|372\/394|[from] item: Leftovers
|turn|7
|
|move|p1a: Milotic|Ice Beam|p2a: Vaporeon
|-crit|p2a: Vaporeon
|-resisted|p2a: Vaporeon
|-damage|p2a: Vaporeon|397\/464
|move|p2a: Vaporeon|Scald|p1a: Milotic
|-resisted|p1a: Milotic
|-damage|p1a: Milotic|322\/394
|
|-heal|p1a: Milotic|346\/394|[from] item: Leftovers
|turn|8
|
|move|p1a: Milotic|Ice Beam|p2a: Vaporeon
|-crit|p2a: Vaporeon
|-resisted|p2a: Vaporeon
|-damage|p2a: Vaporeon|358\/464
|-status|p2a: Vaporeon|frz
|-curestatus|p2a: Vaporeon|frz
|move|p2a: Vaporeon|Scald|p1a: Milotic
|-resisted|p1a: Milotic
|-damage|p1a: Milotic|298\/394
|-status|p1a: Milotic|brn
|
|-heal|p1a: Milotic|322\/394 brn|[from] item: Leftovers
|-damage|p1a: Milotic|273\/394 brn|[from] brn
|turn|9
|c|âTipsy Russian|phew
|c| LessThanThreeMan|:^]
|c| LessThanThreeMan|those heart attacks though
|c| Living Proof|scald always thaws you
|
|move|p1a: Milotic|Ice Beam|p2a: Vaporeon
|-crit|p2a: Vaporeon
|-resisted|p2a: Vaporeon
|-damage|p2a: Vaporeon|318\/464
|-status|p2a: Vaporeon|frz
|-curestatus|p2a: Vaporeon|frz
|move|p2a: Vaporeon|Scald|p1a: Milotic
|-resisted|p1a: Milotic
|-damage|p1a: Milotic|229\/394 brn
|
|-heal|p1a: Milotic|253\/394 brn|[from] item: Leftovers
|-damage|p1a: Milotic|204\/394 brn|[from] brn
|turn|10
|join|wowie7450
|c|âCoolyo350|WTF
|c|âTipsy Russian|not even bad
|c| Treozucic|scald thaws
|
|move|p1a: Milotic|Recover|p1a: Milotic
|-heal|p1a: Milotic|394\/394 brn
|move|p2a: Vaporeon|Scald|p1a: Milotic
|-resisted|p1a: Milotic
|-damage|p1a: Milotic|343\/394 brn
|
|-heal|p1a: Milotic|367\/394 brn|[from] item: Leftovers
|-damage|p1a: Milotic|318\/394 brn|[from] brn
|turn|11
|c| LessThanThreeMan|Living Proof: scald always thaws you
|c|âCoolyo350|lol i got three crits in a row plus two freezes
|
|move|p1a: Milotic|Ice Beam|p2a: Vaporeon
|-resisted|p2a: Vaporeon
|-damage|p2a: Vaporeon|294\/464
|move|p2a: Vaporeon|Scald|p1a: Milotic
|-crit|p1a: Milotic
|-resisted|p1a: Milotic
|-damage|p1a: Milotic|247\/394 brn
|
|-heal|p1a: Milotic|271\/394 brn|[from] item: Leftovers
|-damage|p1a: Milotic|222\/394 brn|[from] brn
|turn|12
|
|switch|p2a: Cobalion|Cobalion|342\/342
|move|p1a: Milotic|Recover|p1a: Milotic
|-heal|p1a: Milotic|394\/394 brn
|
|-damage|p1a: Milotic|345\/394 brn|[from] brn
|turn|13
|c| Living Proof|Milo needs toxic
|c| Living Proof|Like yesterday
|
|switch|p1a: Forretress|Forretress, M|354\/354
|move|p2a: Cobalion|Taunt|p1a: Forretress
|-start|p1a: Forretress|move: Taunt
|
|turn|14
|join|ah yueah
|c| LessThanThreeMan|milo needs to be ru imo
|join|Fat Crusty Cat
|leave|ah yueah
|
|switch|p2a: Shaymin|Shaymin|341\/341
|move|p1a: Forretress|Volt Switch|p2a: Shaymin
|-resisted|p2a: Shaymin
|-damage|p2a: Shaymin|324\/341
|
|switch|p1a: Noivern|Noivern, M|311\/311
|
|turn|15
|
|switch|p2a: Vaporeon|Vaporeon, F|294\/464
|move|p1a: Noivern|Air Slash|p2a: Vaporeon
|-damage|p2a: Vaporeon|209\/464
|
|turn|16
|
|switch|p1a: Krookodile|Krookodile, F|332\/332
|-ability|p1a: Krookodile|Intimidate|[of] p2a: Vaporeon
|-unboost|p2a: Vaporeon|atk|1
|move|p2a: Vaporeon|Wish|p2a: Vaporeon
|
|turn|17
|join|DrReuniclus6
|
|switch|p2a: Gligar|Gligar, F|334\/334
|move|p1a: Krookodile|Knock Off|p2a: Gligar
|-damage|p2a: Gligar|210\/334
|-enditem|p2a: Gligar|Eviolite|[from] move: Knock Off|[of] p1a: Krookodile
|
|-heal|p2a: Gligar|334\/334|[from] move: Wish|[wisher] Vaporeon
|turn|18
|join|kidd timelapse
|
|switch|p1a: Forretress|Forretress, M|354\/354
|move|p2a: Gligar|U-turn|p1a: Forretress
|-resisted|p1a: Forretress
|-damage|p1a: Forretress|341\/354
|join|CoolWeezing64
|join|zFinalist
|
|switch|p2a: Fletchinder|Fletchinder, M|291\/291
|
|-heal|p1a: Forretress|354\/354|[from] item: Leftovers
|turn|19
|join|OG_Wanka
|
|move|p2a: Fletchinder|Will-O-Wisp|p1a: Forretress
|-status|p1a: Forretress|brn
|move|p1a: Forretress|Toxic|p2a: Fletchinder
|-status|p2a: Fletchinder|tox
|
|-damage|p2a: Fletchinder|273\/291 tox|[from] psn
|-damage|p1a: Forretress|310\/354 brn|[from] brn
|turn|20
|c| DrReuniclus6|IN
|c| DrReuniclus6|o
|
|switch|p2a: Shaymin|Shaymin|324\/341
|move|p1a: Forretress|Toxic Spikes|p2a: Shaymin
|-sidestart|p2: Tipsy Russian|move: Toxic Spikes
|
|-heal|p1a: Forretress|332\/354 brn|[from] item: Leftovers
|-damage|p1a: Forretress|288\/354 brn|[from] brn
|turn|21
|
|switch|p1a: Noivern|Noivern, M|311\/311
|move|p2a: Shaymin|Seed Flare|p1a: Noivern|[miss]
|-miss|p2a: Shaymin|p1a: Noivern
|
|turn|22
|join|Bud Hertz
|c|âTipsy Russian|cmon
|c|âCoolyo350|sorry
|
|switch|p2a: Vaporeon|Vaporeon, F|209\/464
|-status|p2a: Vaporeon|psn
|move|p1a: Noivern|Air Slash|p2a: Vaporeon
|-damage|p2a: Vaporeon|127\/464 psn
|
|-damage|p2a: Vaporeon|69\/464 psn|[from] psn
|turn|23
|
|move|p1a: Noivern|Air Slash|p2a: Vaporeon
|-damage|p2a: Vaporeon|0 fnt
|faint|p2a: Vaporeon
|
|join|ah yueah
|
|switch|p2a: Cobalion|Cobalion|342\/342
|turn|24
|c|âTipsy Russian|i guess cancel doesnt work
|leave|ah yueah
|
|switch|p1a: Forretress|Forretress, M|288\/354 brn
|move|p2a: Cobalion|Stealth Rock|p1a: Forretress
|-sidestart|p1: Coolyo350|move: Stealth Rock
|
|-heal|p1a: Forretress|310\/354 brn|[from] item: Leftovers
|-damage|p1a: Forretress|266\/354 brn|[from] brn
|turn|25
|c| Treozucic|Not with lag
|c| wowie7450|cancel and then use a move really quick
|
|switch|p2a: Shaymin|Shaymin|324\/341
|-status|p2a: Shaymin|psn
|move|p1a: Forretress|Volt Switch|p2a: Shaymin
|-resisted|p2a: Shaymin
|-damage|p2a: Shaymin|307\/341 psn
|
|switch|p1a: Noivern|Noivern, M|311\/311
|-damage|p1a: Noivern|234\/311|[from] Stealth Rock
|
|-heal|p1a: Noivern|253\/311|[from] item: Leftovers
|-damage|p2a: Shaymin|265\/341 psn|[from] psn
|turn|26
|
|move|p1a: Noivern|Air Slash|p2a: Shaymin
|-supereffective|p2a: Shaymin
|-damage|p2a: Shaymin|41\/341 psn
|move|p2a: Shaymin|Dazzling Gleam|p1a: Noivern
|-supereffective|p1a: Noivern
|-damage|p1a: Noivern|0 fnt
|faint|p1a: Noivern
|
|-damage|p2a: Shaymin|0 fnt|[from] psn
|faint|p2a: Shaymin
|
|switch|p1a: Jirachi|Jirachi|341\/341
|-damage|p1a: Jirachi|320\/341|[from] Stealth Rock
|switch|p2a: Cobalion|Cobalion|342\/342
|turn|27
|
|move|p1a: Jirachi|Fire Punch|p2a: Cobalion
|-supereffective|p2a: Cobalion
|-damage|p2a: Cobalion|264\/342
|move|p2a: Cobalion|Taunt|p1a: Jirachi
|-start|p1a: Jirachi|move: Taunt
|
|-heal|p2a: Cobalion|285\/342|[from] item: Leftovers
|turn|28
|
|switch|p1a: Nidoqueen|Nidoqueen, F|346\/346
|-damage|p1a: Nidoqueen|325\/346|[from] Stealth Rock
|switch|p2a: Gligar|Gligar, F|334\/334
|
|turn|29
|
|switch|p2a: Fletchinder|Fletchinder, M|273\/291 tox
|move|p1a: Nidoqueen|Stealth Rock|p2a: Fletchinder
|-sidestart|p2: Tipsy Russian|move: Stealth Rock
|
|-damage|p2a: Fletchinder|255\/291 tox|[from] psn
|turn|30
|
|move|p2a: Fletchinder|Acrobatics|p1a: Nidoqueen
|-damage|p1a: Nidoqueen|148\/346
|move|p1a: Nidoqueen|Sludge Wave|p2a: Fletchinder
|-crit|p2a: Fletchinder
|-damage|p2a: Fletchinder|0 fnt
|faint|p2a: Fletchinder
|
|
|switch|p2a: Dugtrio|Dugtrio, F|201\/201
|-status|p2a: Dugtrio|psn
|-damage|p2a: Dugtrio|189\/201 psn|[from] Stealth Rock
|turn|31
|
|move|p2a: Dugtrio|Earthquake|p1a: Nidoqueen
|-supereffective|p1a: Nidoqueen
|-damage|p1a: Nidoqueen|0 fnt
|-damage|p2a: Dugtrio|169\/201 psn|[from] item: Life Orb
|faint|p1a: Nidoqueen
|
|-damage|p2a: Dugtrio|144\/201 psn|[from] psn
|join|Munkin
|
|switch|p1a: Jirachi|Jirachi|320\/341
|-damage|p1a: Jirachi|299\/341|[from] Stealth Rock
|turn|32
|join|bananagram
|c| Treozucic|Defensive coba?
|
|move|p1a: Jirachi|Zen Headbutt|p2a: Dugtrio|[miss]
|-miss|p1a: Jirachi|p2a: Dugtrio
|move|p2a: Dugtrio|Earthquake|p1a: Jirachi
|-supereffective|p1a: Jirachi
|-damage|p1a: Jirachi|0 fnt
|-damage|p2a: Dugtrio|124\/201 psn|[from] item: Life Orb
|faint|p1a: Jirachi
|
|-damage|p2a: Dugtrio|99\/201 psn|[from] psn
|c|âCoolyo350|erw
|
|switch|p1a: Forretress|Forretress, M|266\/354 brn
|-damage|p1a: Forretress|222\/354 brn|[from] Stealth Rock
|turn|33
|leave|Munkin
|
|move|p2a: Dugtrio|Earthquake|p1a: Forretress
|-damage|p1a: Forretress|132\/354 brn
|-damage|p2a: Dugtrio|79\/201 psn|[from] item: Life Orb
|move|p1a: Forretress|Rapid Spin|p2a: Dugtrio
|-damage|p2a: Dugtrio|67\/201 psn
|-sideend|p1: Coolyo350|Stealth Rock|[from] move: Rapid Spin|[of] p1a: Forretress
|
|-heal|p1a: Forretress|154\/354 brn|[from] item: Leftovers
|-damage|p2a: Dugtrio|42\/201 psn|[from] psn
|-damage|p1a: Forretress|110\/354 brn|[from] brn
|turn|34
|leave|bananagram
|
|move|p2a: Dugtrio|Earthquake|p1a: Forretress
|-crit|p1a: Forretress
|-damage|p1a: Forretress|0 fnt
|-damage|p2a: Dugtrio|22\/201 psn|[from] item: Life Orb
|faint|p1a: Forretress
|
|-damage|p2a: Dugtrio|0 fnt|[from] psn
|faint|p2a: Dugtrio
|
|switch|p2a: Gligar|Gligar, F|334\/334
|-damage|p2a: Gligar|293\/334|[from] Stealth Rock
|switch|p1a: Milotic|Milotic, F|345\/394 brn
|turn|35
|
|move|p2a: Gligar|Earthquake|p1a: Milotic
|-damage|p1a: Milotic|270\/394 brn
|move|p1a: Milotic|Scald|p2a: Gligar
|-supereffective|p2a: Gligar
|-damage|p2a: Gligar|3\/334
|-status|p2a: Gligar|brn
|
|-heal|p1a: Milotic|294\/394 brn|[from] item: Leftovers
|-damage|p2a: Gligar|0 fnt|[from] brn
|-damage|p1a: Milotic|245\/394 brn|[from] brn
|faint|p2a: Gligar
|c|âTipsy Russian|gg
|
|switch|p2a: Cobalion|Cobalion|285\/342
|-damage|p2a: Cobalion|275\/342|[from] Stealth Rock
|turn|36
|leave|Testlum
|c|âCoolyo350|gg
|
|move|p2a: Cobalion|Taunt|p1a: Milotic
|-start|p1a: Milotic|move: Taunt
|move|p1a: Milotic|Scald|p2a: Cobalion
|-damage|p2a: Cobalion|151\/342
|
|-heal|p2a: Cobalion|172\/342|[from] item: Leftovers
|-heal|p1a: Milotic|269\/394 brn|[from] item: Leftovers
|-damage|p1a: Milotic|220\/394 brn|[from] brn
|turn|37
|leave|CoolWeezing64
|
|move|p2a: Cobalion|Iron Head|p1a: Milotic
|-resisted|p1a: Milotic
|-damage|p1a: Milotic|182\/394 brn
|move|p1a: Milotic|Scald|p2a: Cobalion
|-damage|p2a: Cobalion|55\/342
|
|-heal|p2a: Cobalion|76\/342|[from] item: Leftovers
|-heal|p1a: Milotic|206\/394 brn|[from] item: Leftovers
|-damage|p1a: Milotic|157\/394 brn|[from] brn
|turn|38
|
|move|p2a: Cobalion|Iron Head|p1a: Milotic
|-resisted|p1a: Milotic
|-damage|p1a: Milotic|121\/394 brn
|move|p1a: Milotic|Scald|p2a: Cobalion
|-damage|p2a: Cobalion|0 fnt
|faint|p2a: Cobalion
|
|win|Coolyo350
|leave|Tipsy Russian
|player|p2
|leave|Living Proof
|leave|LessThanThreeMan
|leave|Bud Hertz