|join|Tipsy Russian
|join|Triability
|player|p1|Tipsy Russian|47
|player|p2|Triability|101
|gametype|singles
|gen|6
|tier|UU
|rated
|rule|Sleep Clause Mod: Limit one foe put to sleep
|rule|Species Clause: Limit one of each PokÃ©mon
|rule|OHKO Clause: OHKO moves are banned
|rule|Moody Clause: Moody is banned
|rule|Evasion Moves Clause: Evasion moves are banned
|rule|Endless Battle Clause: Forcing endless battles is banned
|rule|HP Percentage Mod: HP is shown in percentages
|clearpoke
|poke|p1|Magneton
|poke|p1|Fletchinder, F
|poke|p1|Dugtrio, F
|poke|p1|Swampert, F
|poke|p1|Florges, F
|poke|p1|Blastoise, F
|poke|p2|Rhyperior, M
|poke|p2|Zoroark, M
|poke|p2|Shaymin, shiny
|poke|p2|Nidoqueen, F
|poke|p2|Darmanitan, F
|poke|p2|Froslass, F, shiny
|rule|Swagger Clause: Swagger is banned
|rule|Baton Pass Clause: Limit one PokÃ©mon knowing Baton Pass
|teampreview
|
|start
|switch|p1a: Dugtrio|Dugtrio, F|201\/201
|switch|p2a: Froslass|Froslass, F, shiny|281\/281
|turn|1
|
|move|p1a: Dugtrio|Stone Edge|p2a: Froslass
|-supereffective|p2a: Froslass
|-enditem|p2a: Froslass|Focus Sash
|-damage|p2a: Froslass|1\/281
|-start|p1a: Dugtrio|Disable|Stone Edge
|-damage|p1a: Dugtrio|181\/201|[from] item: Life Orb
|move|p2a: Froslass|Icy Wind|p1a: Dugtrio
|-supereffective|p1a: Dugtrio
|-damage|p1a: Dugtrio|0 fnt
|faint|p1a: Dugtrio
|
|
|switch|p1a: Fletchinder|Fletchinder, F|291\/291
|turn|2
|
|switch|p2a: Rhyperior|Rhyperior, M|433\/433
|move|p1a: Fletchinder|Acrobatics|p2a: Rhyperior
|-resisted|p2a: Rhyperior
|-damage|p2a: Rhyperior|379\/433
|
|-heal|p2a: Rhyperior|406\/433|[from] item: Leftovers
|turn|3
|
|switch|p1a: Swampert|Swampert, F|404\/404
|move|p2a: Rhyperior|Rock Blast|p1a: Swampert
|-resisted|p1a: Swampert
|-damage|p1a: Swampert|387\/404
|-resisted|p1a: Swampert
|-damage|p1a: Swampert|369\/404
|-resisted|p1a: Swampert
|-damage|p1a: Swampert|351\/404
|-resisted|p1a: Swampert
|-damage|p1a: Swampert|334\/404
|-hitcount|p1a: Swampert|4
|
|-heal|p1a: Swampert|359\/404|[from] item: Leftovers
|-heal|p2a: Rhyperior|433\/433|[from] item: Leftovers
|turn|4
|
|switch|p2a: Shaymin|Shaymin, shiny|341\/341
|move|p1a: Swampert|Stealth Rock|p2a: Shaymin
|-sidestart|p2: Triability|move: Stealth Rock
|
|-heal|p1a: Swampert|384\/404|[from] item: Leftovers
|turn|5
|
|switch|p1a: Magneton|Magneton|259\/259
|move|p2a: Shaymin|Seed Flare|p1a: Magneton
|-resisted|p1a: Magneton
|-damage|p1a: Magneton|99\/259
|-unboost|p1a: Magneton|spd|2
|-damage|p2a: Shaymin|307\/341|[from] item: Life Orb
|
|turn|6
|
|switch|p1a: Florges|Florges, F|337\/337
|move|p2a: Shaymin|Seed Flare|p1a: Florges
|-damage|p1a: Florges|211\/337
|-unboost|p1a: Florges|spd|2
|-damage|p2a: Shaymin|273\/341|[from] item: Life Orb
|
|-heal|p1a: Florges|232\/337|[from] item: Leftovers
|turn|7
|
|move|p1a: Florges|Protect|p1a: Florges
|-singleturn|p1a: Florges|Protect
|move|p2a: Shaymin|Seed Flare|p1a: Florges
|-activate|p1a: Florges|Protect
|
|-heal|p1a: Florges|253\/337|[from] item: Leftovers
|turn|8
|
|switch|p1a: Fletchinder|Fletchinder, F|291\/291
|move|p2a: Shaymin|Seed Flare|p1a: Fletchinder
|-resisted|p1a: Fletchinder
|-damage|p1a: Fletchinder|190\/291
|-damage|p2a: Shaymin|239\/341|[from] item: Life Orb
|
|turn|9
|
|switch|p2a: Rhyperior|Rhyperior, M|433\/433
|-damage|p2a: Rhyperior|406\/433|[from] Stealth Rock
|move|p1a: Fletchinder|Will-O-Wisp|p2a: Rhyperior
|-status|p2a: Rhyperior|brn
|
|-heal|p2a: Rhyperior|433\/433 brn|[from] item: Leftovers
|-damage|p2a: Rhyperior|379\/433 brn|[from] brn
|turn|10
|
|switch|p1a: Swampert|Swampert, F|384\/404
|move|p2a: Rhyperior|Stealth Rock|p1a: Swampert
|-sidestart|p1: Tipsy Russian|move: Stealth Rock
|
|-heal|p1a: Swampert|404\/404|[from] item: Leftovers
|-heal|p2a: Rhyperior|406\/433 brn|[from] item: Leftovers
|-damage|p2a: Rhyperior|352\/433 brn|[from] brn
|turn|11
|
|switch|p2a: Shaymin|Shaymin, shiny|239\/341
|-damage|p2a: Shaymin|197\/341|[from] Stealth Rock
|move|p1a: Swampert|Roar|p2a: Shaymin
|drag|p2a: Nidoqueen|Nidoqueen, F|321\/321
|-damage|p2a: Nidoqueen|301\/321|[from] Stealth Rock
|
|turn|12
|
|switch|p2a: Shaymin|Shaymin, shiny|197\/341
|-damage|p2a: Shaymin|155\/341|[from] Stealth Rock
|move|p1a: Swampert|Scald|p2a: Shaymin
|-resisted|p2a: Shaymin
|-damage|p2a: Shaymin|116\/341
|-status|p2a: Shaymin|brn
|
|-damage|p2a: Shaymin|74\/341 brn|[from] brn
|turn|13
|
|switch|p1a: Florges|Florges, F|253\/337
|-damage|p1a: Florges|211\/337|[from] Stealth Rock
|move|p2a: Shaymin|Rest|p2a: Shaymin
|-status|p2a: Shaymin|slp
|-heal|p2a: Shaymin|341\/341 slp|[silent]
|-status|p2a: Shaymin|slp|[from] move: Rest
|
|-heal|p1a: Florges|232\/337|[from] item: Leftovers
|turn|14
|
|switch|p1a: Blastoise|Blastoise, F|362\/362
|-damage|p1a: Blastoise|317\/362|[from] Stealth Rock
|cant|p2a: Shaymin|slp
|
|turn|15
|
|switch|p2a: Froslass|Froslass, F, shiny|1\/281
|-damage|p2a: Froslass|0 fnt|[from] Stealth Rock
|faint|p2a: Froslass
|move|p1a: Blastoise|Rapid Spin|p2: Froslass|[notarget]
|-notarget
|
|
|switch|p2a: Shaymin|Shaymin, shiny|341\/341
|-damage|p2a: Shaymin|299\/341|[from] Stealth Rock
|turn|16
|
|switch|p1a: Florges|Florges, F|232\/337
|-damage|p1a: Florges|190\/337|[from] Stealth Rock
|move|p2a: Shaymin|Seed Flare|p1a: Florges
|-damage|p1a: Florges|48\/337
|-unboost|p1a: Florges|spd|2
|-damage|p2a: Shaymin|265\/341|[from] item: Life Orb
|
|-heal|p1a: Florges|69\/337|[from] item: Leftovers
|turn|17
|
|move|p1a: Florges|Protect|p1a: Florges
|-singleturn|p1a: Florges|Protect
|move|p2a: Shaymin|Seed Flare|p1a: Florges
|-activate|p1a: Florges|Protect
|
|-heal|p1a: Florges|90\/337|[from] item: Leftovers
|turn|18
|
|move|p1a: Florges|Protect|p1a: Florges
|-fail|p1a: Florges
|move|p2a: Shaymin|Psychic|p1a: Florges
|-damage|p1a: Florges|0 fnt
|-damage|p2a: Shaymin|231\/341|[from] item: Life Orb
|faint|p1a: Florges
|
|
|switch|p1a: Fletchinder|Fletchinder, F|190\/291
|-damage|p1a: Fletchinder|45\/291|[from] Stealth Rock
|turn|19
|
|switch|p2a: Rhyperior|Rhyperior, M|352\/433 brn
|-damage|p2a: Rhyperior|325\/433 brn|[from] Stealth Rock
|move|p1a: Fletchinder|Roost|p1a: Fletchinder
|-heal|p1a: Fletchinder|191\/291
|
|-heal|p2a: Rhyperior|352\/433 brn|[from] item: Leftovers
|-damage|p2a: Rhyperior|298\/433 brn|[from] brn
|turn|20
|
|switch|p1a: Blastoise|Blastoise, F|317\/362
|-damage|p1a: Blastoise|272\/362|[from] Stealth Rock
|move|p2a: Rhyperior|Roar|p1a: Blastoise
|drag|p1a: Fletchinder|Fletchinder, F|191\/291
|-damage|p1a: Fletchinder|46\/291|[from] Stealth Rock
|
|-heal|p2a: Rhyperior|325\/433 brn|[from] item: Leftovers
|-damage|p2a: Rhyperior|271\/433 brn|[from] brn
|turn|21
|
|switch|p1a: Blastoise|Blastoise, F|272\/362
|-damage|p1a: Blastoise|227\/362|[from] Stealth Rock
|move|p2a: Rhyperior|Earthquake|p1a: Blastoise
|-damage|p1a: Blastoise|140\/362
|
|-heal|p2a: Rhyperior|298\/433 brn|[from] item: Leftovers
|-damage|p2a: Rhyperior|244\/433 brn|[from] brn
|turn|22
|
|switch|p2a: Shaymin|Shaymin, shiny|231\/341
|-damage|p2a: Shaymin|189\/341|[from] Stealth Rock
|detailschange|p1a: Blastoise|Blastoise-Mega, F
|message|Blastoise has Mega Evolved into Mega Blastoise!
|move|p1a: Blastoise|Rapid Spin|p2a: Shaymin
|-damage|p2a: Shaymin|174\/341
|-sideend|p1: Tipsy Russian|Stealth Rock|[from] move: Rapid Spin|[of] p1a: Blastoise
|
|turn|23
|
|switch|p1a: Magneton|Magneton|99\/259
|move|p2a: Shaymin|Seed Flare|p1a: Magneton
|-resisted|p1a: Magneton
|-damage|p1a: Magneton|0 fnt
|-damage|p2a: Shaymin|140\/341|[from] item: Life Orb
|faint|p1a: Magneton
|
|
|switch|p1a: Fletchinder|Fletchinder, F|46\/291
|turn|24
|
|switch|p2a: Rhyperior|Rhyperior, M|244\/433 brn
|-damage|p2a: Rhyperior|217\/433 brn|[from] Stealth Rock
|move|p1a: Fletchinder|Roost|p1a: Fletchinder
|-heal|p1a: Fletchinder|192\/291
|
|-heal|p2a: Rhyperior|244\/433 brn|[from] item: Leftovers
|-damage|p2a: Rhyperior|190\/433 brn|[from] brn
|turn|25
|
|switch|p1a: Blastoise|Blastoise-Mega, F|140\/362
|move|p2a: Rhyperior|Stealth Rock|p1a: Blastoise
|-sidestart|p1: Tipsy Russian|move: Stealth Rock
|
|-heal|p2a: Rhyperior|217\/433 brn|[from] item: Leftovers
|-damage|p2a: Rhyperior|163\/433 brn|[from] brn
|turn|26
|
|move|p1a: Blastoise|Rapid Spin|p2a: Rhyperior
|-resisted|p2a: Rhyperior
|-damage|p2a: Rhyperior|157\/433 brn
|-sideend|p1: Tipsy Russian|Stealth Rock|[from] move: Rapid Spin|[of] p1a: Blastoise
|move|p2a: Rhyperior|Earthquake|p1a: Blastoise
|-damage|p1a: Blastoise|70\/362
|
|-heal|p2a: Rhyperior|184\/433 brn|[from] item: Leftovers
|-damage|p2a: Rhyperior|130\/433 brn|[from] brn
|turn|27
|
|move|p1a: Blastoise|Ice Beam|p2a: Rhyperior
|-supereffective|p2a: Rhyperior
|-damage|p2a: Rhyperior|0 fnt
|faint|p2a: Rhyperior
|
|
|switch|p2a: Darmanitan|Darmanitan, F|351\/351
|-damage|p2a: Darmanitan|264\/351|[from] Stealth Rock
|turn|28
|
|move|p2a: Darmanitan|U-turn|p1a: Blastoise
|-damage|p1a: Blastoise|0 fnt
|faint|p1a: Blastoise
|
|switch|p2a: Nidoqueen|Nidoqueen, F|261\/261
|-damage|p2a: Nidoqueen|229\/261|[from] Stealth Rock
|
|
|switch|p1a: Swampert|Swampert, F|404\/404
|turn|29
|
|move|p2a: Nidoqueen|Swords Dance|p2a: Nidoqueen
|-boost|p2a: Nidoqueen|atk|2
|move|p1a: Swampert|Roar|p2a: Nidoqueen
|drag|p2a: Darmanitan|Darmanitan, F|264\/351
|-damage|p2a: Darmanitan|177\/351|[from] Stealth Rock
|
|turn|30
|
|move|p2a: Darmanitan|Earthquake|p1a: Swampert
|-damage|p1a: Swampert|309\/404
|move|p1a: Swampert|Roar|p2a: Darmanitan
|drag|p2a: Shaymin|Shaymin, shiny|140\/341
|-damage|p2a: Shaymin|98\/341|[from] Stealth Rock
|
|-heal|p1a: Swampert|334\/404|[from] item: Leftovers
|turn|31
|join|Volbeatdown
|
|switch|p1a: Fletchinder|Fletchinder, F|192\/291
|move|p2a: Shaymin|Seed Flare|p1a: Fletchinder
|-resisted|p1a: Fletchinder
|-damage|p1a: Fletchinder|92\/291
|-unboost|p1a: Fletchinder|spd|2
|-damage|p2a: Shaymin|64\/341|[from] item: Life Orb
|
|turn|32
|
|switch|p2a: Nidoqueen|Nidoqueen, F|229\/261
|-damage|p2a: Nidoqueen|197\/261|[from] Stealth Rock
|move|p1a: Fletchinder|Acrobatics|p2a: Nidoqueen
|replace|p2a: Zoroark|Zoroark, M|197\/261
|-damage|p2a: Zoroark|0 fnt
|faint|p2a: Zoroark
|
|
|switch|p2a: Nidoqueen|Nidoqueen, F|301\/321
|-damage|p2a: Nidoqueen|281\/321|[from] Stealth Rock
|turn|33
|
|switch|p1a: Swampert|Swampert, F|334\/404
|move|p2a: Nidoqueen|Stealth Rock|p1a: Swampert
|-sidestart|p1: Tipsy Russian|move: Stealth Rock
|
|-heal|p1a: Swampert|359\/404|[from] item: Leftovers
|turn|34
|c|âTriability|:)
|c|âTipsy Russian|nice double rocks
|
|move|p2a: Nidoqueen|Earth Power|p1a: Swampert
|-damage|p1a: Swampert|135\/404
|move|p1a: Swampert|Scald|p2a: Nidoqueen
|-supereffective|p2a: Nidoqueen
|-damage|p2a: Nidoqueen|93\/321
|
|-heal|p1a: Swampert|160\/404|[from] item: Leftovers
|turn|35
|c|âTriability|gg
|
|move|p2a: Nidoqueen|Earth Power|p1a: Swampert
|-damage|p1a: Swampert|0 fnt
|faint|p1a: Swampert
|
|-message|Tipsy Russian forfeited.
|
|win|Triability
|raw|Ladder updating...
|leave|Tipsy Russian
|player|p1
|raw|Tipsy Russian's rating: 1328 &rarr; <strong>1308<\/strong><br \/>(-20 for losing)
|raw|Triability's rating: 1330 &rarr; <strong>1350<\/strong><br \/>(+20 for winning)
|leave|Volbeatdown