|join|GOOGOG
|join|Tipsy Russian
|player|p1|GOOGOG|16
|player|p2|Tipsy Russian|23
|gametype|singles
|gen|6
|tier|UU
|rated
|rule|Sleep Clause Mod: Limit one foe put to sleep
|rule|Species Clause: Limit one of each Pokemon
|rule|OHKO Clause: OHKO moves are banned
|rule|Moody Clause: Moody is banned
|rule|Evasion Moves Clause: Evasion moves are banned
|rule|Endless Battle Clause: Forcing endless battles is banned
|rule|HP Percentage Mod: HP is reported as percentages
|clearpoke
|poke|p1|Hydreigon, M
|poke|p1|Arcanine, M
|poke|p1|Mew
|poke|p1|Aerodactyl, M
|poke|p1|Florges, F
|poke|p1|Slowbro, M
|poke|p2|Hippowdon, M
|poke|p2|Alakazam, F
|poke|p2|Gastrodon, M
|poke|p2|Donphan, M
|poke|p2|Empoleon, M
|poke|p2|Krookodile, F
|rule|Baton Pass Clause: Limit 3 pokemon knowing Baton Pass
|teampreview
|
|start
|switch|p1a: æµç°ãã|Mew|401\/401
|switch|p2a: Hippowdon|Hippowdon, M|420\/420
|-weather|Sandstorm
|turn|1
|
|move|p1a: æµç°ãã|Will-O-Wisp|p2a: Hippowdon
|-status|p2a: Hippowdon|brn
|move|p2a: Hippowdon|Stealth Rock|p1a: æµç°ãã
|-sidestart|p1: GOOGOG|move: Stealth Rock
|
|-weather|Sandstorm|[upkeep]
|-damage|p1a: æµç°ãã|376\/401|[from] sandstorm
|-heal|p1a: æµç°ãã|401\/401|[from] item: Leftovers
|-damage|p2a: Hippowdon|368\/420 brn|[from] brn
|turn|2
|
|move|p1a: æµç°ãã|Knock Off|p2a: Hippowdon
|-crit|p2a: Hippowdon
|-damage|p2a: Hippowdon|296\/420 brn
|-enditem|p2a: Hippowdon|Leftovers|[from] move: Knock Off|[of] p1a: æµç°ãã
|move|p2a: Hippowdon|Toxic|p1a: æµç°ãã|[miss]
|-miss|p2a: Hippowdon|p1a: æµç°ãã
|
|-weather|Sandstorm|[upkeep]
|-damage|p1a: æµç°ãã|376\/401|[from] sandstorm
|-heal|p1a: æµç°ãã|401\/401|[from] item: Leftovers
|-damage|p2a: Hippowdon|244\/420 brn|[from] brn
|turn|3
|
|switch|p1a: ç§ã®ä¼ç¤¾å¡|Hydreigon, M|380\/380
|-damage|p1a: ç§ã®ä¼ç¤¾å¡|333\/380|[from] Stealth Rock
|move|p2a: Hippowdon|Toxic|p1a: ç§ã®ä¼ç¤¾å¡
|-status|p1a: ç§ã®ä¼ç¤¾å¡|tox
|
|-weather|Sandstorm|[upkeep]
|-damage|p1a: ç§ã®ä¼ç¤¾å¡|310\/380 tox|[from] sandstorm
|-heal|p1a: ç§ã®ä¼ç¤¾å¡|333\/380 tox|[from] item: Leftovers
|-damage|p1a: ç§ã®ä¼ç¤¾å¡|310\/380 tox|[from] psn
|-damage|p2a: Hippowdon|192\/420 brn|[from] brn
|turn|4
|
|switch|p2a: Gastrodon|Gastrodon, M|426\/426
|move|p1a: ç§ã®ä¼ç¤¾å¡|Draco Meteor|p2a: Gastrodon
|-damage|p2a: Gastrodon|207\/426
|-unboost|p1a: ç§ã®ä¼ç¤¾å¡|spa|2
|
|-weather|Sandstorm|[upkeep]
|-damage|p1a: ç§ã®ä¼ç¤¾å¡|287\/380 tox|[from] sandstorm
|-heal|p1a: ç§ã®ä¼ç¤¾å¡|310\/380 tox|[from] item: Leftovers
|-heal|p2a: Gastrodon|233\/426|[from] item: Leftovers
|-damage|p1a: ç§ã®ä¼ç¤¾å¡|264\/380 tox|[from] psn
|turn|5
|
|move|p1a: ç§ã®ä¼ç¤¾å¡|U-turn|p2a: Gastrodon
|-damage|p2a: Gastrodon|163\/426
|
|switch|p1a: æµç°ãã|Mew|401\/401
|-damage|p1a: æµç°ãã|351\/401|[from] Stealth Rock
|move|p2a: Gastrodon|Toxic|p1a: æµç°ãã
|-status|p1a: æµç°ãã|tox
|-status|p2a: Gastrodon|tox
|
|-weather|none
|-heal|p1a: æµç°ãã|376\/401 tox|[from] item: Leftovers
|-heal|p2a: Gastrodon|189\/426 tox|[from] item: Leftovers
|-damage|p1a: æµç°ãã|351\/401 tox|[from] psn
|-damage|p2a: Gastrodon|163\/426 tox|[from] psn
|turn|6
|
|move|p1a: æµç°ãã|Knock Off|p2a: Gastrodon
|-damage|p2a: Gastrodon|65\/426 tox
|-enditem|p2a: Gastrodon|Leftovers|[from] move: Knock Off|[of] p1a: æµç°ãã
|move|p2a: Gastrodon|Recover|p2a: Gastrodon
|-heal|p2a: Gastrodon|278\/426 tox
|
|-heal|p1a: æµç°ãã|376\/401 tox|[from] item: Leftovers
|-damage|p1a: æµç°ãã|326\/401 tox|[from] psn
|-damage|p2a: Gastrodon|226\/426 tox|[from] psn
|turn|7
|
|switch|p2a: Hippowdon|Hippowdon, M|192\/420 brn
|-weather|Sandstorm
|move|p1a: æµç°ãã|Defog|p2a: Hippowdon
|-unboost|p2a: Hippowdon|evasion|1
|-sideend|p1: GOOGOG|Stealth Rock|[from] move: Defog|[of] p1a: æµç°ãã
|
|-weather|Sandstorm|[upkeep]
|-damage|p1a: æµç°ãã|301\/401 tox|[from] sandstorm
|-heal|p1a: æµç°ãã|326\/401 tox|[from] item: Leftovers
|-damage|p1a: æµç°ãã|251\/401 tox|[from] psn
|-damage|p2a: Hippowdon|140\/420 brn|[from] brn
|turn|8
|
|switch|p1a: å±±æ¬ãã|Florges, F|360\/360
|move|p2a: Hippowdon|Slack Off|p2a: Hippowdon
|-heal|p2a: Hippowdon|350\/420 brn
|
|-weather|Sandstorm|[upkeep]
|-damage|p1a: å±±æ¬ãã|338\/360|[from] sandstorm
|-heal|p1a: å±±æ¬ãã|360\/360|[from] item: Leftovers
|-damage|p2a: Hippowdon|298\/420 brn|[from] brn
|turn|9
|
|switch|p2a: Gastrodon|Gastrodon, M|226\/426 tox
|move|p1a: å±±æ¬ãã|Moonblast|p2a: Gastrodon
|-damage|p2a: Gastrodon|133\/426 tox
|-unboost|p2a: Gastrodon|spa|1
|
|-weather|Sandstorm|[upkeep]
|-damage|p1a: å±±æ¬ãã|338\/360|[from] sandstorm
|-heal|p1a: å±±æ¬ãã|360\/360|[from] item: Leftovers
|-damage|p2a: Gastrodon|107\/426 tox|[from] psn
|turn|10
|
|move|p1a: å±±æ¬ãã|Moonblast|p2a: Gastrodon
|-damage|p2a: Gastrodon|14\/426 tox
|-unboost|p2a: Gastrodon|spa|1
|move|p2a: Gastrodon|Toxic|p1a: å±±æ¬ãã
|-status|p1a: å±±æ¬ãã|tox
|
|-weather|Sandstorm|[upkeep]
|-damage|p1a: å±±æ¬ãã|338\/360 tox|[from] sandstorm
|-heal|p1a: å±±æ¬ãã|360\/360 tox|[from] item: Leftovers
|-damage|p1a: å±±æ¬ãã|338\/360 tox|[from] psn
|-damage|p2a: Gastrodon|0 fnt|[from] psn
|faint|p2a: Gastrodon
|
|switch|p2a: Alakazam|Alakazam, F|252\/252
|turn|11
|
|move|p2a: Alakazam|Psyshock|p1a: å±±æ¬ãã
|-damage|p1a: å±±æ¬ãã|182\/360 tox
|move|p1a: å±±æ¬ãã|Aromatherapy|p1a: å±±æ¬ãã
|-cureteam|p1a: å±±æ¬ãã|[from] move: Aromatherapy
|
|-weather|none
|-heal|p1a: å±±æ¬ãã|204\/360|[from] item: Leftovers
|turn|12
|
|move|p1a: å±±æ¬ãã|Protect|p1a: å±±æ¬ãã
|-singleturn|p1a: å±±æ¬ãã|Protect
|move|p2a: Alakazam|Dazzling Gleam|p1a: å±±æ¬ãã
|-activate|p1a: å±±æ¬ãã|Protect
|
|-heal|p1a: å±±æ¬ãã|226\/360|[from] item: Leftovers
|turn|13
|
|switch|p2a: Krookodile|Krookodile, F|352\/352
|move|p1a: å±±æ¬ãã|Wish|p1a: å±±æ¬ãã
|
|-heal|p1a: å±±æ¬ãã|248\/360|[from] item: Leftovers
|turn|14
|
|switch|p1a: ç§ã®ä¼ç¤¾å¡|Hydreigon, M|264\/380
|move|p2a: Krookodile|Stone Edge|p1a: ç§ã®ä¼ç¤¾å¡
|-damage|p1a: ç§ã®ä¼ç¤¾å¡|162\/380
|
|-heal|p1a: ç§ã®ä¼ç¤¾å¡|342\/380|[from] move: Wish|[wisher] å±±æ¬ãã
|-heal|p1a: ç§ã®ä¼ç¤¾å¡|365\/380|[from] item: Leftovers
|turn|15
|
|switch|p2a: Empoleon|Empoleon, M|372\/372
|move|p1a: ç§ã®ä¼ç¤¾å¡|Dark Pulse|p2a: Empoleon
|-damage|p2a: Empoleon|224\/372
|
|-heal|p1a: ç§ã®ä¼ç¤¾å¡|380\/380|[from] item: Leftovers
|turn|16
|
|move|p1a: ç§ã®ä¼ç¤¾å¡|Dark Pulse|p2a: Empoleon
|-damage|p2a: Empoleon|82\/372
|move|p2a: Empoleon|Flash Cannon|p1a: ç§ã®ä¼ç¤¾å¡
|-damage|p1a: ç§ã®ä¼ç¤¾å¡|169\/380
|
|-heal|p1a: ç§ã®ä¼ç¤¾å¡|192\/380|[from] item: Leftovers
|turn|17
|
|move|p1a: ç§ã®ä¼ç¤¾å¡|Dark Pulse|p2a: Empoleon
|-damage|p2a: Empoleon|0 fnt
|faint|p2a: Empoleon
|
|-heal|p1a: ç§ã®ä¼ç¤¾å¡|215\/380|[from] item: Leftovers
|-message|Tipsy Russian forfeited.
|leave|Tipsy Russian
|
|win|GOOGOG
|raw|Ladder updating...
|player|p2
|raw|GOOGOG's rating: 1307 &rarr; <strong>1329<\/strong><br \/>(+22 for winning)
|raw|Tipsy Russian's rating: 1345 &rarr; <strong>1323<\/strong><br \/>(-22 for losing)