|join|Luna is tired
|join|Tipsy Russian
|player|p1|Luna is tired|280
|player|p2|Tipsy Russian|47
|gametype|singles
|gen|6
|tier|UU
|rule|Sleep Clause Mod: Limit one foe put to sleep
|rule|Species Clause: Limit one of each PokÃ©mon
|rule|OHKO Clause: OHKO moves are banned
|rule|Moody Clause: Moody is banned
|rule|Evasion Moves Clause: Evasion moves are banned
|rule|Endless Battle Clause: Forcing endless battles is banned
|rule|HP Percentage Mod: HP is shown in percentages
|clearpoke
|poke|p1|Blissey, F, shiny
|poke|p1|Aromatisse, F
|poke|p1|Forretress, M
|poke|p1|Suicune
|poke|p1|Sableye, M
|poke|p1|Nidoqueen, F
|poke|p2|Fletchinder, F
|poke|p2|Dugtrio, F
|poke|p2|Shaymin
|poke|p2|Vaporeon, M
|poke|p2|Gligar, M
|poke|p2|Cobalion
|rule|Swagger Clause: Swagger is banned
|rule|Baton Pass Clause: Limit one PokÃ©mon knowing Baton Pass
|teampreview
|c|âTipsy Russian|gees
|c|âTipsy Russian|i dont want to face sall
|c|âLuna is tired|o
|c|âTipsy Russian|:(
|c|âLuna is tired|quit?
|c|âTipsy Russian|nah
|c|âLuna is tired|lel
|c|âTipsy Russian|ill play for a few turns
|c|âLuna is tired|k
|
|start
|switch|p1a: Nidoqueen|Nidoqueen, F|366\/366
|switch|p2a: Cobalion|Cobalion|342\/342
|turn|1
|
|move|p2a: Cobalion|Taunt|p1a: Nidoqueen
|-start|p1a: Nidoqueen|move: Taunt
|move|p1a: Nidoqueen|Earth Power|p2a: Cobalion
|-supereffective|p2a: Cobalion
|-damage|p2a: Cobalion|0 fnt
|faint|p2a: Cobalion
|
|c|âTipsy Russian|who is luna
|c|âTipsy Russian|which poke
|c|âTipsy Russian|oh dear
|
|switch|p2a: Dugtrio|Dugtrio, F|201\/201
|turn|2
|c|âLuna is tired|who is luna?
|c|âLuna is tired|I am luna
|c|âLuna is tired|ofc
|
|move|p2a: Dugtrio|Earthquake|p1a: Nidoqueen
|-supereffective|p1a: Nidoqueen
|-damage|p1a: Nidoqueen|7\/366
|-damage|p2a: Dugtrio|181\/201|[from] item: Life Orb
|move|p1a: Nidoqueen|Ice Beam|p2a: Dugtrio
|-supereffective|p2a: Dugtrio
|-damage|p2a: Dugtrio|0 fnt
|faint|p2a: Dugtrio
|
|c|âTipsy Russian|>.>
|c|âLuna is tired|oml
|c|âTipsy Russian|not even bad
|c|âLuna is tired|nb nido
|
|switch|p2a: Fletchinder|Fletchinder, F|291\/291
|turn|3
|join|Bedschibaer
|
|switch|p1a: rip fish|Suicune|404\/404
|-ability|p1a: rip fish|Pressure
|move|p2a: Fletchinder|Acrobatics|p1a: rip fish
|-damage|p1a: rip fish|310\/404
|
|-heal|p1a: rip fish|335\/404|[from] item: Leftovers
|turn|4
|
|switch|p2a: Shaymin|Shaymin|341\/341
|move|p1a: rip fish|Scald|p2a: Shaymin
|-resisted|p2a: Shaymin
|-damage|p2a: Shaymin|301\/341
|-status|p2a: Shaymin|brn
|
|-heal|p1a: rip fish|360\/404|[from] item: Leftovers
|-damage|p2a: Shaymin|259\/341 brn|[from] brn
|turn|5
|c|âTipsy Russian|i should have used speed dino
|
|switch|p1a: > not luna|Blissey, F, shiny|652\/652
|move|p2a: Shaymin|Seed Flare|p1a: > not luna|[miss]
|-miss|p2a: Shaymin|p1a: > not luna
|
|-damage|p2a: Shaymin|217\/341 brn|[from] brn
|turn|6
|c|âLuna is tired|tru
|leave|Bedschibaer
|c|âLuna is tired|oml
|c|âLuna is tired|the hex
|c|âTipsy Russian|oh bummer
|
|switch|p2a: Fletchinder|Fletchinder, F|291\/291
|move|p1a: > not luna|Seismic Toss|p2a: Fletchinder
|-damage|p2a: Fletchinder|191\/291
|
|turn|7
|
|switch|p1a: rip fish|Suicune|360\/404
|-ability|p1a: rip fish|Pressure
|move|p2a: Fletchinder|Swords Dance|p2a: Fletchinder
|-boost|p2a: Fletchinder|atk|2
|
|-heal|p1a: rip fish|385\/404|[from] item: Leftovers
|turn|8
|
|move|p2a: Fletchinder|Acrobatics|p1a: rip fish
|-damage|p1a: rip fish|202\/404
|move|p1a: rip fish|Scald|p2a: Fletchinder
|-supereffective|p2a: Fletchinder
|-damage|p2a: Fletchinder|0 fnt
|faint|p2a: Fletchinder
|
|-heal|p1a: rip fish|227\/404|[from] item: Leftovers
|c|âTipsy Russian|oh bummer
|c|âTipsy Russian|hoping for crit
|
|switch|p2a: Shaymin|Shaymin|217\/341
|turn|9
|c|âLuna is tired|not bulk fletch :\/
|
|switch|p1a: > not luna|Blissey, F, shiny|652\/652
|move|p2a: Shaymin|Seed Flare|p1a: > not luna
|-damage|p1a: > not luna|492\/652
|
|-heal|p1a: > not luna|532\/652|[from] item: Leftovers
|turn|10
|
|move|p2a: Shaymin|Seed Flare|p1a: > not luna
|-damage|p1a: > not luna|354\/652
|move|p1a: > not luna|Seismic Toss|p2a: Shaymin
|-damage|p2a: Shaymin|117\/341
|
|-heal|p1a: > not luna|394\/652|[from] item: Leftovers
|turn|11
|
|move|p2a: Shaymin|Seed Flare|p1a: > not luna
|-damage|p1a: > not luna|214\/652
|move|p1a: > not luna|Wish|p1a: > not luna
|
|-heal|p1a: > not luna|254\/652|[from] item: Leftovers
|turn|12
|c|âTipsy Russian|i g2g
|c|âLuna is tired|k
|c|âTipsy Russian|buh bai
|c|âLuna is tired|bai
|c|âLuna is tired|:)
|c|âTipsy Russian|gl with tourn
|c|âLuna is tired|gg
|c|âLuna is tired|thanks :I
|c|âTipsy Russian|lol
|c|âTipsy Russian|it wasnt a gg
|c|âLuna is tired|ik xD
|c|âTipsy Russian|i play bad
|-message|Tipsy Russian forfeited.
|
|win|Luna is tired
|leave|Tipsy Russian
|player|p2