|join|Kink Horse
|join|Tipsy Russian
|player|p1|Kink Horse|29
|player|p2|Tipsy Russian|47
|gametype|singles
|gen|6
|tier|UU
|rated
|rule|Sleep Clause Mod: Limit one foe put to sleep
|rule|Species Clause: Limit one of each PokÃ©mon
|rule|OHKO Clause: OHKO moves are banned
|rule|Moody Clause: Moody is banned
|rule|Evasion Moves Clause: Evasion moves are banned
|rule|Endless Battle Clause: Forcing endless battles is banned
|rule|HP Percentage Mod: HP is shown in percentages
|clearpoke
|poke|p1|Snorlax, M
|poke|p1|Alomomola, M
|poke|p1|Dugtrio, F
|poke|p1|Ampharos, M
|poke|p1|Chesnaught, F
|poke|p1|Tornadus, M
|poke|p2|Fletchinder, F
|poke|p2|Dugtrio, M
|poke|p2|Shaymin
|poke|p2|Aerodactyl, F
|poke|p2|Cobalion, shiny
|poke|p2|Vaporeon, F
|rule|Swagger Clause: Swagger is banned
|rule|Baton Pass Clause: Limit one PokÃ©mon knowing Baton Pass
|teampreview
|c|âKink Horse|ohai :)
|join|anger management
|c|âKink Horse|<-- King UU
|c|âKink Horse|dark horse
|c|âTipsy Russian|hai
|c|âTipsy Russian|kinda figured
|join|Thisbemyalt
|
|start
|switch|p1a: Ampharos|Ampharos, M|369\/369
|switch|p2a: Shaymin|Shaymin|341\/341
|turn|1
|join|EyanZ
|
|detailschange|p1a: Ampharos|Ampharos-Mega, M
|message|Ampharos has Mega Evolved into Mega Ampharos!
|-ability|p1a: Ampharos|Mold Breaker
|move|p2a: Shaymin|Dazzling Gleam|p1a: Ampharos
|-supereffective|p1a: Ampharos
|-damage|p1a: Ampharos|135\/369
|move|p1a: Ampharos|Dragon Pulse|p2a: Shaymin
|-damage|p2a: Shaymin|149\/341
|
|turn|2
|join|Lixx
|
|switch|p1a: Tornadus|Tornadus, M|299\/299
|move|p2a: Shaymin|Dazzling Gleam|p1a: Tornadus
|-damage|p1a: Tornadus|158\/299
|
|turn|3
|
|switch|p2a: Cobalion|Cobalion, shiny|359\/359
|move|p1a: Tornadus|U-turn|p2a: Cobalion
|-resisted|p2a: Cobalion
|-damage|p2a: Cobalion|346\/359
|-damage|p1a: Tornadus|129\/299|[from] item: Life Orb
|
|switch|p1a: Dugtrio|Dugtrio, F|212\/212
|
|-heal|p2a: Cobalion|359\/359|[from] item: Leftovers
|turn|4
|c|+anger management|doesn't kill ;[
|
|move|p1a: Dugtrio|Earthquake|p2a: Cobalion
|-supereffective|p2a: Cobalion
|-damage|p2a: Cobalion|93\/359
|move|p2a: Cobalion|Close Combat|p1a: Dugtrio
|-crit|p1a: Dugtrio
|-damage|p1a: Dugtrio|0 fnt
|-unboost|p2a: Cobalion|def|1
|-unboost|p2a: Cobalion|spd|1
|faint|p1a: Dugtrio
|
|-heal|p2a: Cobalion|115\/359|[from] item: Leftovers
|
|switch|p1a: Tornadus|Tornadus, M|129\/299
|turn|5
|
|move|p1a: Tornadus|Air Slash|p2a: Cobalion
|-damage|p2a: Cobalion|0 fnt
|-damage|p1a: Tornadus|100\/299|[from] item: Life Orb
|faint|p2a: Cobalion
|
|c|âKink Horse|needed it gone
|c|âKink Horse|for curselax
|c|âKink Horse|:o
|
|switch|p2a: Fletchinder|Fletchinder, F|291\/291
|turn|6
|
|switch|p1a: Alomomola|Alomomola, M|529\/529
|move|p2a: Fletchinder|Acrobatics|p1a: Alomomola
|-damage|p1a: Alomomola|402\/529
|-damage|p2a: Fletchinder|243\/291|[from] item: Rocky Helmet|[of] p1a: Alomomola
|
|turn|7
|
|switch|p2a: Vaporeon|Vaporeon, F|464\/464
|move|p1a: Alomomola|Toxic|p2a: Vaporeon
|-status|p2a: Vaporeon|tox
|
|-damage|p2a: Vaporeon|435\/464 tox|[from] psn
|turn|8
|
|switch|p1a: Ampharos|Ampharos-Mega, M|135\/369
|-ability|p1a: Ampharos|Mold Breaker
|move|p2a: Vaporeon|Wish|p2a: Vaporeon
|
|-heal|p2a: Vaporeon|464\/464 tox|[from] item: Leftovers
|-damage|p2a: Vaporeon|406\/464 tox|[from] psn
|turn|9
|c|âTipsy Russian|seems making a few changes on my team opened up a very big one
|c|âKink Horse|mm
|
|switch|p2a: Dugtrio|Dugtrio, M|201\/201
|move|p1a: Ampharos|Dragon Pulse|p2a: Dugtrio
|-damage|p2a: Dugtrio|0 fnt
|faint|p2a: Dugtrio
|
|
|switch|p2a: Shaymin|Shaymin|149\/341
|turn|10
|
|switch|p1a: Snorlax|Snorlax, M|497\/497
|move|p2a: Shaymin|Dazzling Gleam|p1a: Snorlax
|-damage|p1a: Snorlax|412\/497
|
|-heal|p1a: Snorlax|443\/497|[from] item: Leftovers
|turn|11
|
|switch|p2a: Aerodactyl|Aerodactyl, F|331\/331
|move|p1a: Snorlax|Curse|p1a: Snorlax
|-boost|p1a: Snorlax|atk|1
|-boost|p1a: Snorlax|def|1
|-unboost|p1a: Snorlax|spe|1
|
|-heal|p1a: Snorlax|474\/497|[from] item: Leftovers
|turn|12
|
|switch|p2a: Vaporeon|Vaporeon, F|406\/464 tox
|move|p1a: Snorlax|Curse|p1a: Snorlax
|-boost|p1a: Snorlax|atk|1
|-boost|p1a: Snorlax|def|1
|-unboost|p1a: Snorlax|spe|1
|
|-heal|p2a: Vaporeon|435\/464 tox|[from] item: Leftovers
|-heal|p1a: Snorlax|497\/497|[from] item: Leftovers
|-damage|p2a: Vaporeon|406\/464 tox|[from] psn
|turn|13
|c|âTipsy Russian|yeh, i got nothing
|c|âKink Horse|geegee
|
|move|p2a: Vaporeon|Scald|p1a: Snorlax
|-damage|p1a: Snorlax|419\/497
|move|p1a: Snorlax|Return|p2a: Vaporeon
|-damage|p2a: Vaporeon|153\/464 tox
|
|-heal|p2a: Vaporeon|182\/464 tox|[from] item: Leftovers
|-heal|p1a: Snorlax|450\/497|[from] item: Leftovers
|-damage|p2a: Vaporeon|124\/464 tox|[from] psn
|turn|14
|
|move|p2a: Vaporeon|Scald|p1a: Snorlax
|-damage|p1a: Snorlax|372\/497
|move|p1a: Snorlax|Curse|p1a: Snorlax
|-boost|p1a: Snorlax|atk|1
|-boost|p1a: Snorlax|def|1
|-unboost|p1a: Snorlax|spe|1
|
|-heal|p2a: Vaporeon|153\/464 tox|[from] item: Leftovers
|-heal|p1a: Snorlax|403\/497|[from] item: Leftovers
|-damage|p2a: Vaporeon|66\/464 tox|[from] psn
|turn|15
|c|+anger management|gobogreed
|
|move|p2a: Vaporeon|Scald|p1a: Snorlax
|-damage|p1a: Snorlax|334\/497
|move|p1a: Snorlax|Curse|p1a: Snorlax
|-boost|p1a: Snorlax|atk|1
|-boost|p1a: Snorlax|def|1
|-unboost|p1a: Snorlax|spe|1
|
|-heal|p2a: Vaporeon|95\/464 tox|[from] item: Leftovers
|-heal|p1a: Snorlax|365\/497|[from] item: Leftovers
|-damage|p2a: Vaporeon|0 fnt|[from] psn
|faint|p2a: Vaporeon
|
|switch|p2a: Shaymin|Shaymin|149\/341
|turn|16
|
|move|p2a: Shaymin|Seed Flare|p1a: Snorlax
|-damage|p1a: Snorlax|166\/497
|-unboost|p1a: Snorlax|spd|2
|move|p1a: Snorlax|Return|p2a: Shaymin
|-damage|p2a: Shaymin|0 fnt
|faint|p2a: Shaymin
|
|-heal|p1a: Snorlax|197\/497|[from] item: Leftovers
|
|switch|p2a: Fletchinder|Fletchinder, F|243\/291
|turn|17
|
|move|p2a: Fletchinder|Acrobatics|p1a: Snorlax
|-damage|p1a: Snorlax|140\/497
|move|p1a: Snorlax|Return|p2a: Fletchinder
|-damage|p2a: Fletchinder|0 fnt
|faint|p2a: Fletchinder
|
|-heal|p1a: Snorlax|171\/497|[from] item: Leftovers
|
|switch|p2a: Aerodactyl|Aerodactyl, F|331\/331
|turn|18
|
|detailschange|p2a: Aerodactyl|Aerodactyl-Mega, F
|message|Aerodactyl has Mega Evolved into Mega Aerodactyl!
|move|p2a: Aerodactyl|Stone Edge|p1a: Snorlax
|-damage|p1a: Snorlax|105\/497
|move|p1a: Snorlax|Return|p2a: Aerodactyl
|-crit|p2a: Aerodactyl
|-resisted|p2a: Aerodactyl
|-damage|p2a: Aerodactyl|0 fnt
|faint|p2a: Aerodactyl
|
|win|Kink Horse
|raw|Ladder updating...
|raw|Kink Horse's rating: 1613 &rarr; <strong>1624<\/strong><br \/>(+11 for winning)
|raw|Tipsy Russian's rating: 1457 &rarr; <strong>1446<\/strong><br \/>(-11 for losing)
|c|âTipsy Russian|gg
|leave|Kink Horse
|player|p1
|leave|anger management
|leave|Tipsy Russian
|player|p2
|leave|Thisbemyalt