|join|Tipsy Russian
|join|Ser Brautigan
|player|p1|Tipsy Russian|47
|player|p2|Ser Brautigan|141
|gametype|singles
|gen|6
|tier|UU
|rated
|rule|Sleep Clause Mod: Limit one foe put to sleep
|rule|Species Clause: Limit one of each PokÃ©mon
|rule|OHKO Clause: OHKO moves are banned
|rule|Moody Clause: Moody is banned
|rule|Evasion Moves Clause: Evasion moves are banned
|rule|Endless Battle Clause: Forcing endless battles is banned
|rule|HP Percentage Mod: HP is shown in percentages
|clearpoke
|poke|p1|Dugtrio, F
|poke|p1|Roserade, F, shiny
|poke|p1|Qwilfish, F
|poke|p1|Noivern, F
|poke|p1|Spiritomb, F
|poke|p1|Aerodactyl, M
|poke|p2|Pidgeot, M
|poke|p2|Crobat, M
|poke|p2|Aerodactyl, F
|poke|p2|Honchkrow, M
|poke|p2|Xatu, F
|poke|p2|Swellow, M
|rule|Swagger Clause: Swagger is banned
|rule|Baton Pass Clause: Limit one PokÃ©mon knowing Baton Pass
|teampreview
|
|start
|switch|p1a: Spiritomb|Spiritomb, F|304\/304
|switch|p2a: Pidgeot|Pidgeot, M|307\/307
|-ability|p1a: Spiritomb|Pressure
|turn|1
|
|move|p2a: Pidgeot|Brave Bird|p1a: Spiritomb
|-crit|p1a: Spiritomb
|-damage|p1a: Spiritomb|8\/304
|-damage|p2a: Pidgeot|209\/307|[from] recoil|[of] p1a: Spiritomb
|-damage|p2a: Pidgeot|179\/307|[from] item: Life Orb
|move|p1a: Spiritomb|Will-O-Wisp|p2a: Pidgeot
|-status|p2a: Pidgeot|brn
|
|-heal|p1a: Spiritomb|27\/304|[from] item: Leftovers
|-damage|p2a: Pidgeot|141\/307 brn|[from] brn
|turn|2
|c|âTipsy Russian|starting off nice and solid
|join|Technosis
|
|switch|p1a: Aerodactyl|Aerodactyl, M|301\/301
|move|p2a: Pidgeot|Air Slash|p1a: Aerodactyl
|-resisted|p1a: Aerodactyl
|-damage|p1a: Aerodactyl|245\/301
|-damage|p2a: Pidgeot|111\/307 brn|[from] item: Life Orb
|
|-damage|p2a: Pidgeot|73\/307 brn|[from] brn
|turn|3
|c| Technosis|this team doe
|
|detailschange|p1a: Aerodactyl|Aerodactyl-Mega, M
|message|Aerodactyl has Mega Evolved into Mega Aerodactyl!
|move|p1a: Aerodactyl|Stealth Rock|p2a: Pidgeot
|-sidestart|p2: Ser Brautigan|move: Stealth Rock
|move|p2a: Pidgeot|Brave Bird|p1a: Aerodactyl
|-resisted|p1a: Aerodactyl
|-damage|p1a: Aerodactyl|192\/301
|-damage|p2a: Pidgeot|56\/307 brn|[from] recoil|[of] p1a: Aerodactyl
|-damage|p2a: Pidgeot|26\/307 brn|[from] item: Life Orb
|
|-damage|p2a: Pidgeot|0 fnt|[from] brn
|faint|p2a: Pidgeot
|c| Technosis|dat pidgeot doe
|c|âTipsy Russian|mine or his
|c|âTipsy Russian|cuz i just threw random stuff together
|
|switch|p2a: Honchkrow|Honchkrow, M|341\/341
|-damage|p2a: Honchkrow|256\/341|[from] Stealth Rock
|turn|4
|
|move|p1a: Aerodactyl|Stone Edge|p2a: Honchkrow
|-supereffective|p2a: Honchkrow
|-damage|p2a: Honchkrow|0 fnt
|faint|p2a: Honchkrow
|
|c|âSer Brautigan|lol
|c|âSer Brautigan|even choice scarfed it's slower xD
|
|switch|p2a: Aerodactyl|Aerodactyl, F|302\/302
|-damage|p2a: Aerodactyl|227\/302|[from] Stealth Rock
|-ability|p2a: Aerodactyl|Pressure
|turn|5
|
|detailschange|p2a: Aerodactyl|Aerodactyl-Mega, F
|message|Aerodactyl has Mega Evolved into Mega Aerodactyl!
|move|p2a: Aerodactyl|Protect|p2a: Aerodactyl
|-singleturn|p2a: Aerodactyl|Protect
|move|p1a: Aerodactyl|Stone Edge|p2a: Aerodactyl
|-activate|p2a: Aerodactyl|Protect
|
|turn|6
|
|move|p2a: Aerodactyl|Rock Slide|p1a: Aerodactyl
|-supereffective|p1a: Aerodactyl
|-damage|p1a: Aerodactyl|0 fnt
|faint|p1a: Aerodactyl
|
|
|switch|p1a: Qwilfish|Qwilfish, F|334\/334
|-ability|p1a: Qwilfish|Intimidate|[of] p2a: Aerodactyl
|-unboost|p2a: Aerodactyl|atk|1
|turn|7
|
|switch|p2a: Xatu|Xatu, F|334\/334
|-damage|p2a: Xatu|251\/334|[from] Stealth Rock
|move|p1a: Qwilfish|Waterfall|p2a: Xatu
|-damage|p2a: Xatu|175\/334
|
|-heal|p2a: Xatu|195\/334|[from] item: Leftovers
|turn|8
|
|switch|p1a: Spiritomb|Spiritomb, F|27\/304
|-ability|p1a: Spiritomb|Pressure
|move|p2a: Xatu|Roost|p2a: Xatu
|-heal|p2a: Xatu|334\/334
|
|-heal|p1a: Spiritomb|46\/304|[from] item: Leftovers
|turn|9
|
|move|p1a: Spiritomb|Pursuit|p2a: Xatu|[from]Pursuit
|-supereffective|p2a: Xatu
|-damage|p2a: Xatu|98\/334
|switch|p2a: Swellow|Swellow, M|262\/262
|-damage|p2a: Swellow|197\/262|[from] Stealth Rock
|
|-heal|p1a: Spiritomb|65\/304|[from] item: Leftovers
|-status|p2a: Swellow|brn|[from] item: Flame Orb
|turn|10
|
|move|p1a: Spiritomb|Sucker Punch|p2a: Swellow
|-damage|p2a: Swellow|22\/262 brn
|move|p2a: Swellow|Aerial Ace|p1a: Spiritomb
|-damage|p1a: Spiritomb|0 fnt
|faint|p1a: Spiritomb
|
|-damage|p2a: Swellow|0 fnt|[from] brn
|faint|p2a: Swellow
|
|switch|p2a: Crobat|Crobat, M|311\/311
|-damage|p2a: Crobat|234\/311|[from] Stealth Rock
|switch|p1a: Qwilfish|Qwilfish, F|334\/334
|-ability|p1a: Qwilfish|Intimidate|[of] p2a: Crobat
|-unboost|p2a: Crobat|atk|1
|turn|11
|
|move|p2a: Crobat|Taunt|p1a: Qwilfish
|-start|p1a: Qwilfish|move: Taunt
|move|p1a: Qwilfish|Waterfall|p2a: Crobat
|-damage|p2a: Crobat|125\/311
|-enditem|p2a: Crobat|Red Card|[of] p1a: Qwilfish
|drag|p1a: Noivern|Noivern, F|311\/311
|
|turn|12
|
|move|p2a: Crobat|Acrobatics|p1a: Noivern
|-damage|p1a: Noivern|178\/311
|move|p1a: Noivern|Boomburst|p2a: Crobat
|-damage|p2a: Crobat|0 fnt
|faint|p2a: Crobat
|
|
|switch|p2a: Aerodactyl|Aerodactyl-Mega, F|227\/302
|-damage|p2a: Aerodactyl|152\/302|[from] Stealth Rock
|turn|13
|
|switch|p1a: Dugtrio|Dugtrio, F|212\/212
|move|p2a: Aerodactyl|Protect|p2a: Aerodactyl
|-fail|p2a: Aerodactyl
|
|turn|14
|
|move|p1a: Dugtrio|Sucker Punch|p2a: Aerodactyl
|-damage|p2a: Aerodactyl|27\/302
|move|p2a: Aerodactyl|Ice Fang|p1a: Dugtrio
|-supereffective|p1a: Dugtrio
|-damage|p1a: Dugtrio|0 fnt
|faint|p1a: Dugtrio
|
|
|switch|p1a: Qwilfish|Qwilfish, F|334\/334
|-ability|p1a: Qwilfish|Intimidate|[of] p2a: Aerodactyl
|-unboost|p2a: Aerodactyl|atk|1
|turn|15
|
|move|p2a: Aerodactyl|Earthquake|p1a: Qwilfish
|-supereffective|p1a: Qwilfish
|-damage|p1a: Qwilfish|190\/334
|move|p1a: Qwilfish|Waterfall|p2a: Aerodactyl
|-supereffective|p2a: Aerodactyl
|-damage|p2a: Aerodactyl|0 fnt
|faint|p2a: Aerodactyl
|
|-heal|p1a: Qwilfish|210\/334|[from] item: Black Sludge
|
|switch|p2a: Xatu|Xatu, F|98\/334
|-damage|p2a: Xatu|15\/334|[from] Stealth Rock
|turn|16
|
|move|p2a: Xatu|Roost|p2a: Xatu
|-heal|p2a: Xatu|182\/334
|move|p1a: Qwilfish|Waterfall|p2a: Xatu
|-damage|p2a: Xatu|101\/334
|
|-heal|p2a: Xatu|121\/334|[from] item: Leftovers
|-heal|p1a: Qwilfish|230\/334|[from] item: Black Sludge
|turn|17
|
|move|p2a: Xatu|Roost|p2a: Xatu
|-heal|p2a: Xatu|288\/334
|move|p1a: Qwilfish|Waterfall|p2a: Xatu
|-crit|p2a: Xatu
|-damage|p2a: Xatu|168\/334
|
|-heal|p2a: Xatu|188\/334|[from] item: Leftovers
|-heal|p1a: Qwilfish|250\/334|[from] item: Black Sludge
|turn|18
|join|ULT Agent Dinozzo
|
|move|p2a: Xatu|Calm Mind|p2a: Xatu
|-boost|p2a: Xatu|spa|1
|-boost|p2a: Xatu|spd|1
|move|p1a: Qwilfish|Waterfall|p2a: Xatu
|-damage|p2a: Xatu|104\/334
|
|-heal|p2a: Xatu|124\/334|[from] item: Leftovers
|-heal|p1a: Qwilfish|270\/334|[from] item: Black Sludge
|turn|19
|c| ULT Agent Dinozzo|wait is this the residence of the red card crobat
|
|switch|p1a: Noivern|Noivern, F|178\/311
|move|p2a: Xatu|Roost|p2a: Xatu
|-heal|p2a: Xatu|291\/334
|
|-heal|p2a: Xatu|311\/334|[from] item: Leftovers
|turn|20
|c|âTipsy Russian|yessir
|join|dingbat
|
|move|p1a: Noivern|Switcheroo|p2a: Xatu
|-activate|p1a: Noivern|move: Trick|[of] p2a: Xatu
|-item|p2a: Xatu|Choice Specs|[from] Trick
|-item|p1a: Noivern|Leftovers|[from] Trick
|move|p2a: Xatu|Psyshock|p1a: Noivern
|-crit|p1a: Noivern
|-damage|p1a: Noivern|0 fnt
|faint|p1a: Noivern
|
|c| dingbat|omg
|c| ULT Agent Dinozzo|I heard it's the most OP shit ever
|c| dingbat|if he wins
|c| ULT Agent Dinozzo|what the fuck
|c|âTipsy Russian|and i fricken lost
|c|âTipsy Russian|random mons is bad
|c|âTipsy Russian|real bad
|c| ULT Agent Dinozzo|gg you got swept
|join|Donphantastic
|c| dingbat|lmrqo
|c| dingbat|lmfao
|
|switch|p1a: Qwilfish|Qwilfish, F|270\/334
|-ability|p1a: Qwilfish|Intimidate|[of] p2a: Xatu
|-unboost|p2a: Xatu|atk|1
|turn|21
|
|move|p2a: Xatu|Psyshock|p1a: Qwilfish
|-supereffective|p1a: Qwilfish
|-damage|p1a: Qwilfish|0 fnt
|faint|p1a: Qwilfish
|
|c|âTipsy Russian|fuck off game
|-message|Tipsy Russian forfeited.
|
|win|Ser Brautigan
|raw|Ladder updating...
|c| ULT Agent Dinozzo|omfg
|raw|Tipsy Russian's rating: 1367 &rarr; <strong>1341<\/strong><br \/>(-26 for losing)
|raw|Ser Brautigan's rating: 1262 &rarr; <strong>1294<\/strong><br \/>(+32 for winning)
|c|âSer Brautigan|:D
|leave|Donphantastic
|c| ULT Agent Dinozzo|lmao
|leave|Tipsy Russian
|player|p1
|leave|dingbat