|join|Tipsy Russian
|join|The Newest Meta
|player|p1|Tipsy Russian|47
|player|p2|The Newest Meta|107
|gametype|singles
|gen|6
|tier|UU
|rated
|rule|Sleep Clause Mod: Limit one foe put to sleep
|rule|Species Clause: Limit one of each PokÃ©mon
|rule|OHKO Clause: OHKO moves are banned
|rule|Moody Clause: Moody is banned
|rule|Evasion Moves Clause: Evasion moves are banned
|rule|Endless Battle Clause: Forcing endless battles is banned
|rule|HP Percentage Mod: HP is shown in percentages
|clearpoke
|poke|p1|Raikou
|poke|p1|Meloetta
|poke|p1|Metagross
|poke|p1|Umbreon, M
|poke|p1|Hippowdon, M
|poke|p1|Mew
|poke|p2|Alakazam, M
|poke|p2|Crobat, M
|poke|p2|Empoleon, M
|poke|p2|Florges, F
|poke|p2|Infernape, M
|poke|p2|Swampert, M
|rule|Swagger Clause: Swagger is banned
|rule|Baton Pass Clause: Limit one PokÃ©mon knowing Baton Pass
|teampreview
|
|start
|switch|p1a: Raikou|Raikou|321\/321
|switch|p2a: Brobat|Crobat, M|311\/311
|-ability|p1a: Raikou|Pressure
|turn|1
|
|move|p2a: Brobat|U-turn|p1a: Raikou
|-damage|p1a: Raikou|222\/321
|-damage|p2a: Brobat|280\/311|[from] item: Life Orb
|
|switch|p2a: Sup|Swampert, M|404\/404
|move|p1a: Raikou|Volt Switch|p2a: Sup
|-immune|p2a: Sup|[msg]
|
|turn|2
|
|switch|p1a: Mew|Mew|341\/341
|move|p2a: Sup|Waterfall|p1a: Mew
|-damage|p1a: Mew|202\/341
|
|-heal|p1a: Mew|223\/341|[from] item: Leftovers
|turn|3
|
|switch|p1a: Hippowdon|Hippowdon, M|420\/420
|switch|p2a: Joe|Infernape, M|293\/293
|
|turn|4
|
|move|p2a: Joe|U-turn|p1a: Hippowdon
|-damage|p1a: Hippowdon|377\/420
|
|switch|p2a: Sup|Swampert, M|404\/404
|move|p1a: Hippowdon|Toxic|p2a: Sup
|-status|p2a: Sup|tox
|
|-heal|p1a: Hippowdon|403\/420|[from] item: Leftovers
|-damage|p2a: Sup|379\/404 tox|[from] psn
|turn|5
|
|move|p2a: Sup|Waterfall|p1a: Hippowdon
|-supereffective|p1a: Hippowdon
|-damage|p1a: Hippowdon|233\/420
|move|p1a: Hippowdon|Stealth Rock|p2a: Sup
|-sidestart|p2: The Newest Meta|move: Stealth Rock
|
|-heal|p1a: Hippowdon|259\/420|[from] item: Leftovers
|-damage|p2a: Sup|329\/404 tox|[from] psn
|turn|6
|
|switch|p2a: Whorges|Florges, F|360\/360
|-damage|p2a: Whorges|315\/360|[from] Stealth Rock
|move|p1a: Hippowdon|Slack Off|p1a: Hippowdon
|-heal|p1a: Hippowdon|420\/420
|
|-heal|p2a: Whorges|337\/360|[from] item: Leftovers
|turn|7
|
|switch|p2a: Joe|Infernape, M|293\/293
|-damage|p2a: Joe|257\/293|[from] Stealth Rock
|switch|p1a: Metagross|Metagross|364\/364
|
|turn|8
|
|switch|p1a: Hippowdon|Hippowdon, M|420\/420
|move|p2a: Joe|Flare Blitz|p1a: Hippowdon
|-damage|p1a: Hippowdon|302\/420
|-damage|p2a: Joe|218\/293|[from] recoil|[of] p1a: Hippowdon
|
|-heal|p1a: Hippowdon|328\/420|[from] item: Leftovers
|turn|9
|
|switch|p2a: Whorges|Florges, F|337\/360
|-damage|p2a: Whorges|292\/360|[from] Stealth Rock
|move|p1a: Hippowdon|Toxic|p2a: Whorges
|-status|p2a: Whorges|tox
|
|-heal|p2a: Whorges|314\/360 tox|[from] item: Leftovers
|-heal|p1a: Hippowdon|354\/420|[from] item: Leftovers
|-damage|p2a: Whorges|292\/360 tox|[from] psn
|turn|10
|
|move|p2a: Whorges|Aromatherapy|p2a: Whorges
|-cureteam|p2a: Whorges|[from] move: Aromatherapy
|move|p1a: Hippowdon|Earthquake|p2a: Whorges
|-damage|p2a: Whorges|177\/360
|
|-heal|p2a: Whorges|199\/360|[from] item: Leftovers
|-heal|p1a: Hippowdon|380\/420|[from] item: Leftovers
|turn|11
|
|move|p2a: Whorges|Moonblast|p1a: Hippowdon
|-damage|p1a: Hippowdon|205\/420
|move|p1a: Hippowdon|Earthquake|p2a: Whorges
|-damage|p2a: Whorges|75\/360
|
|-heal|p2a: Whorges|97\/360|[from] item: Leftovers
|-heal|p1a: Hippowdon|231\/420|[from] item: Leftovers
|turn|12
|
|switch|p2a: Joe|Infernape, M|218\/293
|-damage|p2a: Joe|182\/293|[from] Stealth Rock
|switch|p1a: Raikou|Raikou|222\/321
|-ability|p1a: Raikou|Pressure
|
|turn|13
|
|move|p2a: Joe|Flare Blitz|p1a: Raikou
|-damage|p1a: Raikou|0 fnt
|-damage|p2a: Joe|109\/293|[from] recoil|[of] p1a: Raikou
|faint|p1a: Raikou
|
|
|switch|p1a: Hippowdon|Hippowdon, M|231\/420
|turn|14
|
|switch|p2a: Brobat|Crobat, M|280\/311
|-damage|p2a: Brobat|203\/311|[from] Stealth Rock
|move|p1a: Hippowdon|Slack Off|p1a: Hippowdon
|-heal|p1a: Hippowdon|420\/420
|
|turn|15
|
|switch|p1a: Metagross|Metagross|364\/364
|move|p2a: Brobat|Brave Bird|p1a: Metagross
|-resisted|p1a: Metagross
|-damage|p1a: Metagross|274\/364
|-damage|p2a: Brobat|173\/311|[from] recoil|[of] p1a: Metagross
|-damage|p2a: Brobat|142\/311|[from] item: Life Orb
|
|turn|16
|
|move|p2a: Brobat|U-turn|p1a: Metagross
|-crit|p1a: Metagross
|-damage|p1a: Metagross|177\/364
|-damage|p2a: Brobat|111\/311|[from] item: Life Orb
|
|switch|p2a: Happy Feet|Empoleon, M|372\/372
|-damage|p2a: Happy Feet|349\/372|[from] Stealth Rock
|move|p1a: Metagross|Zen Headbutt|p2a: Happy Feet
|-resisted|p2a: Happy Feet
|-damage|p2a: Happy Feet|252\/372
|
|-heal|p2a: Happy Feet|275\/372|[from] item: Leftovers
|turn|17
|
|switch|p1a: Umbreon|Umbreon, M|394\/394
|move|p2a: Happy Feet|Scald|p1a: Umbreon
|-damage|p1a: Umbreon|330\/394
|
|-heal|p1a: Umbreon|354\/394|[from] item: Leftovers
|-heal|p2a: Happy Feet|298\/372|[from] item: Leftovers
|turn|18
|
|move|p1a: Umbreon|Wish|p1a: Umbreon
|move|p2a: Happy Feet|Defog|p1a: Umbreon
|-unboost|p1a: Umbreon|evasion|1
|-sideend|p2: The Newest Meta|Stealth Rock|[from] move: Defog|[of] p2a: Happy Feet
|
|-heal|p1a: Umbreon|378\/394|[from] item: Leftovers
|-heal|p2a: Happy Feet|321\/372|[from] item: Leftovers
|turn|19
|
|move|p1a: Umbreon|Foul Play|p2a: Happy Feet
|-damage|p2a: Happy Feet|263\/372
|move|p2a: Happy Feet|Scald|p1a: Umbreon
|-damage|p1a: Umbreon|315\/394
|-status|p1a: Umbreon|brn
|-status|p2a: Happy Feet|brn
|
|-heal|p1a: Umbreon|394\/394 brn|[from] move: Wish|[wisher] Umbreon
|-heal|p2a: Happy Feet|286\/372 brn|[from] item: Leftovers
|-damage|p1a: Umbreon|345\/394 brn|[from] brn
|-damage|p2a: Happy Feet|240\/372 brn|[from] brn
|turn|20
|
|switch|p2a: Whorges|Florges, F|97\/360
|move|p1a: Umbreon|Foul Play|p2a: Whorges
|-resisted|p2a: Whorges
|-damage|p2a: Whorges|83\/360
|
|-heal|p2a: Whorges|105\/360|[from] item: Leftovers
|-heal|p1a: Umbreon|369\/394 brn|[from] item: Leftovers
|-damage|p1a: Umbreon|320\/394 brn|[from] brn
|turn|21
|
|switch|p1a: Metagross|Metagross|177\/364
|move|p2a: Whorges|Wish|p2a: Whorges
|
|-heal|p2a: Whorges|127\/360|[from] item: Leftovers
|turn|22
|
|move|p2a: Whorges|Protect|p2a: Whorges
|-singleturn|p2a: Whorges|Protect
|move|p1a: Metagross|Meteor Mash|p2a: Whorges
|-activate|p2a: Whorges|Protect
|
|-heal|p2a: Whorges|307\/360|[from] move: Wish|[wisher] Whorges
|-heal|p2a: Whorges|329\/360|[from] item: Leftovers
|turn|23
|
|switch|p2a: Happy Feet|Empoleon, M|240\/372 brn
|move|p1a: Metagross|Meteor Mash|p2a: Happy Feet
|-resisted|p2a: Happy Feet
|-damage|p2a: Happy Feet|188\/372 brn
|
|-heal|p2a: Happy Feet|211\/372 brn|[from] item: Leftovers
|-damage|p2a: Happy Feet|165\/372 brn|[from] brn
|turn|24
|
|switch|p1a: Umbreon|Umbreon, M|320\/394 brn
|move|p2a: Happy Feet|Scald|p1a: Umbreon
|-damage|p1a: Umbreon|254\/394 brn
|
|-heal|p1a: Umbreon|278\/394 brn|[from] item: Leftovers
|-heal|p2a: Happy Feet|188\/372 brn|[from] item: Leftovers
|-damage|p1a: Umbreon|229\/394 brn|[from] brn
|-damage|p2a: Happy Feet|142\/372 brn|[from] brn
|turn|25
|
|switch|p2a: Whorges|Florges, F|329\/360
|move|p1a: Umbreon|Heal Bell|p1a: Umbreon
|-cureteam|p1a: Umbreon|[from] move: HealBell
|
|-heal|p2a: Whorges|351\/360|[from] item: Leftovers
|-heal|p1a: Umbreon|253\/394|[from] item: Leftovers
|turn|26
|
|switch|p1a: Meloetta|Meloetta|341\/341
|move|p2a: Whorges|Wish|p2a: Whorges
|
|-heal|p2a: Whorges|360\/360|[from] item: Leftovers
|turn|27
|
|move|p1a: Meloetta|Relic Song|p2a: Whorges
|-damage|p2a: Whorges|265\/360
|-damage|p1a: Meloetta|307\/341|[from] item: Life Orb
|-formechange|p1a: Meloetta|Meloetta-Pirouette
|move|p2a: Whorges|Moonblast|p1a: Meloetta
|-supereffective|p1a: Meloetta
|-damage|p1a: Meloetta|0 fnt
|faint|p1a: Meloetta
|
|-heal|p2a: Whorges|360\/360|[from] move: Wish|[wisher] Whorges
|
|switch|p1a: Metagross|Metagross|177\/364
|turn|28
|
|switch|p2a: Brobat|Crobat, M|111\/311
|move|p1a: Metagross|Meteor Mash|p2a: Brobat
|-damage|p2a: Brobat|0 fnt
|faint|p2a: Brobat
|
|
|switch|p2a: Joe|Infernape, M|109\/293
|turn|29
|
|switch|p1a: Hippowdon|Hippowdon, M|420\/420
|move|p2a: Joe|U-turn|p1a: Hippowdon
|-damage|p1a: Hippowdon|369\/420
|
|switch|p2a: Happy Feet|Empoleon, M|142\/372 brn
|
|-heal|p2a: Happy Feet|165\/372 brn|[from] item: Leftovers
|-heal|p1a: Hippowdon|395\/420|[from] item: Leftovers
|-damage|p2a: Happy Feet|119\/372 brn|[from] brn
|turn|30
|
|switch|p1a: Umbreon|Umbreon, M|253\/394
|move|p2a: Happy Feet|Scald|p1a: Umbreon
|-damage|p1a: Umbreon|162\/394
|
|-heal|p1a: Umbreon|186\/394|[from] item: Leftovers
|-heal|p2a: Happy Feet|142\/372 brn|[from] item: Leftovers
|-damage|p2a: Happy Feet|96\/372 brn|[from] brn
|turn|31
|
|switch|p2a: Whorges|Florges, F|360\/360
|move|p1a: Umbreon|Wish|p1a: Umbreon
|
|-heal|p1a: Umbreon|210\/394|[from] item: Leftovers
|turn|32
|
|switch|p1a: Metagross|Metagross|177\/364
|move|p2a: Whorges|Wish|p2a: Whorges
|
|-heal|p1a: Metagross|364\/364|[from] move: Wish|[wisher] Umbreon
|turn|33
|
|switch|p2a: Joe|Infernape, M|109\/293
|move|p1a: Metagross|Meteor Mash|p2a: Joe
|-resisted|p2a: Joe
|-damage|p2a: Joe|0 fnt
|faint|p2a: Joe
|
|
|switch|p2a: Sup|Swampert, M|329\/404
|turn|34
|
|switch|p1a: Hippowdon|Hippowdon, M|395\/420
|move|p2a: Sup|Waterfall|p1a: Hippowdon
|-supereffective|p1a: Hippowdon
|-damage|p1a: Hippowdon|227\/420
|
|-heal|p1a: Hippowdon|253\/420|[from] item: Leftovers
|turn|35
|
|move|p2a: Sup|Waterfall|p1a: Hippowdon
|-crit|p1a: Hippowdon
|-supereffective|p1a: Hippowdon
|-damage|p1a: Hippowdon|7\/420
|move|p1a: Hippowdon|Toxic|p2a: Sup
|-status|p2a: Sup|tox
|
|-heal|p1a: Hippowdon|33\/420|[from] item: Leftovers
|-damage|p2a: Sup|304\/404 tox|[from] psn
|turn|36
|
|move|p2a: Sup|Earthquake|p1a: Hippowdon
|-damage|p1a: Hippowdon|0 fnt
|faint|p1a: Hippowdon
|
|-damage|p2a: Sup|254\/404 tox|[from] psn
|
|switch|p1a: Umbreon|Umbreon, M|210\/394
|turn|37
|
|move|p1a: Umbreon|Wish|p1a: Umbreon
|move|p2a: Sup|Superpower|p1a: Umbreon
|-supereffective|p1a: Umbreon
|-damage|p1a: Umbreon|0 fnt
|-unboost|p2a: Sup|atk|1
|-unboost|p2a: Sup|def|1
|faint|p1a: Umbreon
|
|-damage|p2a: Sup|179\/404 tox|[from] psn
|
|switch|p1a: Metagross|Metagross|364\/364
|turn|38
|
|switch|p2a: Happy Feet|Empoleon, M|96\/372 brn
|move|p1a: Metagross|Earthquake|p2a: Happy Feet
|-supereffective|p2a: Happy Feet
|-damage|p2a: Happy Feet|0 fnt
|faint|p2a: Happy Feet
|
|
|switch|p2a: Whorges|Florges, F|360\/360
|turn|39
|
|move|p2a: Whorges|Wish|p2a: Whorges
|move|p1a: Metagross|Earthquake|p2a: Whorges
|-damage|p2a: Whorges|177\/360
|
|-heal|p2a: Whorges|199\/360|[from] item: Leftovers
|turn|40
|
|switch|p2a: Sup|Swampert, M|179\/404 tox
|switch|p1a: Mew|Mew|223\/341
|
|-heal|p2a: Sup|359\/404 tox|[from] move: Wish|[wisher] Whorges
|-heal|p1a: Mew|244\/341|[from] item: Leftovers
|-damage|p2a: Sup|334\/404 tox|[from] psn
|turn|41
|
|switch|p2a: Whorges|Florges, F|199\/360
|move|p1a: Mew|Psyshock|p2a: Whorges
|-damage|p2a: Whorges|88\/360
|
|-heal|p1a: Mew|265\/341|[from] item: Leftovers
|-heal|p2a: Whorges|110\/360|[from] item: Leftovers
|turn|42
|
|move|p1a: Mew|Taunt|p2a: Whorges
|-start|p2a: Whorges|move: Taunt
|cant|p2a: Whorges|move: Taunt|Aromatherapy
|
|-heal|p1a: Mew|286\/341|[from] item: Leftovers
|-heal|p2a: Whorges|132\/360|[from] item: Leftovers
|turn|43
|
|move|p1a: Mew|Psyshock|p2a: Whorges
|-damage|p2a: Whorges|30\/360
|move|p2a: Whorges|Moonblast|p1a: Mew
|-damage|p1a: Mew|166\/341
|
|-heal|p1a: Mew|187\/341|[from] item: Leftovers
|-heal|p2a: Whorges|52\/360|[from] item: Leftovers
|turn|44
|
|move|p1a: Mew|Psyshock|p2a: Whorges
|-damage|p2a: Whorges|0 fnt
|faint|p2a: Whorges
|
|-heal|p1a: Mew|208\/341|[from] item: Leftovers
|
|switch|p2a: Spoon Me|Alakazam, M|252\/252
|turn|45
|
|move|p2a: Spoon Me|Shadow Ball|p1a: Mew
|-crit|p1a: Mew
|-supereffective|p1a: Mew
|-damage|p1a: Mew|0 fnt
|faint|p1a: Mew
|
|
|switch|p1a: Metagross|Metagross|364\/364
|turn|46
|
|move|p1a: Metagross|Bullet Punch|p2a: Spoon Me
|-damage|p2a: Spoon Me|14\/252
|move|p2a: Spoon Me|Shadow Ball|p1a: Metagross
|-supereffective|p1a: Metagross
|-damage|p1a: Metagross|136\/364
|
|turn|47
|
|move|p1a: Metagross|Bullet Punch|p2a: Spoon Me
|-damage|p2a: Spoon Me|0 fnt
|faint|p2a: Spoon Me
|
|
|switch|p2a: Sup|Swampert, M|334\/404 tox
|turn|48
|
|move|p1a: Metagross|Bullet Punch|p2a: Sup
|-resisted|p2a: Sup
|-damage|p2a: Sup|263\/404 tox
|move|p2a: Sup|Earthquake|p1a: Metagross
|-supereffective|p1a: Metagross
|-damage|p1a: Metagross|0 fnt
|faint|p1a: Metagross
|
|win|The Newest Meta
|raw|Ladder updating...
|chat|The Newest Meta|gg
|raw|Tipsy Russian's rating: 1388 &rarr; <strong>1365<\/strong><br \/>(-23 for losing)
|raw|The Newest Meta's rating: 1333 &rarr; <strong>1356<\/strong><br \/>(+23 for winning)
|chat|The Newest Meta|well played
|leave|Tipsy Russian
|player|p1