|join|EmblemZero
|join|Tipsy Russian
|player|p1|EmblemZero|138
|player|p2|Tipsy Russian|47
|gametype|singles
|gen|6
|tier|UU
|rated
|rule|Sleep Clause Mod: Limit one foe put to sleep
|rule|Species Clause: Limit one of each PokÃ©mon
|rule|OHKO Clause: OHKO moves are banned
|rule|Moody Clause: Moody is banned
|rule|Evasion Moves Clause: Evasion moves are banned
|rule|Endless Battle Clause: Forcing endless battles is banned
|rule|HP Percentage Mod: HP is shown in percentages
|clearpoke
|poke|p1|Togekiss, F
|poke|p1|Swampert, M
|poke|p1|Nidoking, M
|poke|p1|Crobat, M
|poke|p1|Chandelure, M
|poke|p1|Celebi
|poke|p2|Diancie, shiny
|poke|p2|Magneton, shiny
|poke|p2|Florges, F
|poke|p2|Spiritomb, M
|poke|p2|Aerodactyl, F
|poke|p2|Jirachi
|rule|Swagger Clause: Swagger is banned
|rule|Baton Pass Clause: Limit one PokÃ©mon knowing Baton Pass
|teampreview
|
|start
|switch|p1a: Bertha|Swampert, M|404\/404
|switch|p2a: Spiritomb|Spiritomb, M|304\/304
|turn|1
|
|move|p1a: Bertha|Stealth Rock|p2a: Spiritomb
|-sidestart|p2: Tipsy Russian|move: Stealth Rock
|move|p2a: Spiritomb|Will-O-Wisp|p1a: Bertha
|-status|p1a: Bertha|brn
|
|-damage|p1a: Bertha|354\/404 brn|[from] brn
|turn|2
|
|switch|p1a: Cordelia|Togekiss, F|311\/311
|switch|p2a: Diancie|Diancie, shiny|304\/304
|-damage|p2a: Diancie|266\/304|[from] Stealth Rock
|
|turn|3
|
|switch|p1a: Slater|Nidoking, M|304\/304
|move|p2a: Diancie|Calm Mind|p2a: Diancie
|-boost|p2a: Diancie|spa|1
|-boost|p2a: Diancie|spd|1
|
|turn|4
|
|move|p1a: Slater|Earthquake|p2a: Diancie
|-supereffective|p2a: Diancie
|-damage|p2a: Diancie|45\/304
|-damage|p1a: Slater|274\/304|[from] item: Life Orb
|move|p2a: Diancie|Calm Mind|p2a: Diancie
|-boost|p2a: Diancie|spa|1
|-boost|p2a: Diancie|spd|1
|
|turn|5
|
|switch|p2a: Aerodactyl|Aerodactyl, F|321\/321
|-damage|p2a: Aerodactyl|241\/321|[from] Stealth Rock
|move|p1a: Slater|Ice Punch|p2a: Aerodactyl
|-supereffective|p2a: Aerodactyl
|-damage|p2a: Aerodactyl|0 fnt
|faint|p2a: Aerodactyl
|
|
|switch|p2a: Spiritomb|Spiritomb, M|304\/304
|-damage|p2a: Spiritomb|266\/304|[from] Stealth Rock
|turn|6
|
|switch|p1a: Cordelia|Togekiss, F|311\/311
|move|p2a: Spiritomb|Will-O-Wisp|p1a: Cordelia
|-status|p1a: Cordelia|brn
|
|-heal|p2a: Spiritomb|285\/304|[from] item: Leftovers
|-damage|p1a: Cordelia|273\/311 brn|[from] brn
|turn|7
|
|switch|p2a: Jirachi|Jirachi|397\/397
|-damage|p2a: Jirachi|373\/397|[from] Stealth Rock
|move|p1a: Cordelia|Flamethrower|p2a: Jirachi
|-supereffective|p2a: Jirachi
|-damage|p2a: Jirachi|65\/397
|
|-heal|p2a: Jirachi|89\/397|[from] item: Leftovers
|-damage|p1a: Cordelia|235\/311 brn|[from] brn
|turn|8
|
|move|p1a: Cordelia|Flamethrower|p2a: Jirachi
|-supereffective|p2a: Jirachi
|-damage|p2a: Jirachi|0 fnt
|faint|p2a: Jirachi
|
|-damage|p1a: Cordelia|197\/311 brn|[from] brn
|
|switch|p2a: Diancie|Diancie, shiny|45\/304
|-damage|p2a: Diancie|7\/304|[from] Stealth Rock
|turn|9
|
|move|p1a: Cordelia|Flamethrower|p2a: Diancie
|-resisted|p2a: Diancie
|-damage|p2a: Diancie|0 fnt
|faint|p2a: Diancie
|
|-damage|p1a: Cordelia|159\/311 brn|[from] brn
|
|switch|p2a: Florges|Florges, F|337\/337
|-damage|p2a: Florges|295\/337|[from] Stealth Rock
|turn|10
|
|switch|p1a: Slater|Nidoking, M|274\/304
|move|p2a: Florges|Moonblast|p1a: Slater
|-resisted|p1a: Slater
|-damage|p1a: Slater|191\/304
|
|-heal|p2a: Florges|316\/337|[from] item: Leftovers
|turn|11
|
|switch|p2a: Magneton|Magneton, shiny|242\/242
|-damage|p2a: Magneton|227\/242|[from] Stealth Rock
|move|p1a: Slater|Poison Jab|p2a: Magneton
|-immune|p2a: Magneton|[msg]
|
|turn|12
|
|move|p1a: Slater|Earthquake|p2a: Magneton
|-supereffective|p2a: Magneton
|-damage|p2a: Magneton|0 fnt
|-damage|p1a: Slater|161\/304|[from] item: Life Orb
|faint|p2a: Magneton
|
|-message|Tipsy Russian forfeited.
|
|win|EmblemZero
|raw|Ladder updating...
|leave|Tipsy Russian
|player|p2
|raw|EmblemZero's rating: 1392 &rarr; <strong>1409<\/strong><br \/>(+17 for winning)
|raw|Tipsy Russian's rating: 1350 &rarr; <strong>1332<\/strong><br \/>(-18 for losing)