|join|Tipsy Russian
|join|Bob8The8Builder
|player|p1|Tipsy Russian|47
|player|p2|Bob8The8Builder|107
|gametype|singles
|gen|6
|tier|UU
|rated
|rule|Sleep Clause Mod: Limit one foe put to sleep
|rule|Species Clause: Limit one of each PokÃ©mon
|rule|OHKO Clause: OHKO moves are banned
|rule|Moody Clause: Moody is banned
|rule|Evasion Moves Clause: Evasion moves are banned
|rule|Endless Battle Clause: Forcing endless battles is banned
|rule|HP Percentage Mod: HP is shown in percentages
|clearpoke
|poke|p1|Roserade, F
|poke|p1|Vaporeon, M
|poke|p1|Yanmega, M
|poke|p1|Cobalion
|poke|p1|Swampert, M
|poke|p1|Pidgeot, F
|poke|p2|Forretress, M
|poke|p2|Vaporeon, M
|poke|p2|Honchkrow, M
|poke|p2|Beedrill, M
|poke|p2|Mienshao, M
|poke|p2|Crobat, M
|rule|Swagger Clause: Swagger is banned
|rule|Baton Pass Clause: Limit one PokÃ©mon knowing Baton Pass
|teampreview
|
|start
|switch|p1a: Swampert|Swampert, M|404\/404
|switch|p2a: Vaporeon|Vaporeon, M|402\/402
|turn|1
|join|Pinkin Lark
|
|move|p2a: Vaporeon|Synchronoise|p1a: Swampert
|-damage|p1a: Swampert|241\/404
|move|p1a: Swampert|Stealth Rock|p2a: Vaporeon
|-sidestart|p2: Bob8The8Builder|move: Stealth Rock
|
|-heal|p1a: Swampert|266\/404|[from] item: Leftovers
|turn|2
|c|âTipsy Russian|wot
|c| Pinkin Lark|wut
|c| Pinkin Lark|get counterplayed tipsy
|
|switch|p1a: Pidgeot|Pidgeot, F|307\/307
|move|p2a: Vaporeon|Synchronoise|p1a: Pidgeot
|-fail|p1a: Pidgeot
|
|turn|3
|join|Yellow Skarmory
|join|meowiekins
|
|detailschange|p1a: Pidgeot|Pidgeot-Mega, F
|message|Pidgeot has Mega Evolved into Mega Pidgeot!
|move|p1a: Pidgeot|Hurricane|p2a: Vaporeon
|-damage|p2a: Vaporeon|299\/402
|-start|p2a: Vaporeon|confusion
|-activate|p2a: Vaporeon|confusion
|-damage|p2a: Vaporeon|268\/402|[from] confusion
|
|turn|4
|c|âTipsy Russian|max spdef vape
|c| Pinkin Lark|not even lefties
|
|move|p1a: Pidgeot|Toxic|p2a: Vaporeon
|-status|p2a: Vaporeon|tox
|-end|p2a: Vaporeon|confusion
|move|p2a: Vaporeon|Ice Beam|p1a: Pidgeot
|-supereffective|p1a: Pidgeot
|-damage|p1a: Pidgeot|59\/307
|
|-damage|p2a: Vaporeon|243\/402 tox|[from] psn
|turn|5
|c|âBob8The8Builder|ass vest
|c|âTipsy Russian|what item is this
|
|switch|p1a: Cobalion|Cobalion|323\/323
|move|p2a: Vaporeon|Ice Beam|p1a: Cobalion
|-resisted|p1a: Cobalion
|-damage|p1a: Cobalion|260\/323
|
|-heal|p1a: Cobalion|280\/323|[from] item: Leftovers
|-damage|p2a: Vaporeon|193\/402 tox|[from] psn
|turn|6
|c|âTipsy Russian|l0l
|c| Pinkin Lark|kek
|c| Yellow Skarmory|av
|c| Yellow Skarmory|such av much av
|join|roast toast
|c|âTipsy Russian|are you bt
|c|âBob8The8Builder|ull be surprised with the rest of my team
|c| Pinkin Lark|^
|c| Pinkin Lark|obvious BT team
|c| Yellow Skarmory|inb4 av bee
|
|switch|p2a: Forretress|Forretress, M|354\/354
|-damage|p2a: Forretress|310\/354|[from] Stealth Rock
|move|p1a: Cobalion|Substitute|p1a: Cobalion
|-start|p1a: Cobalion|Substitute
|-damage|p1a: Cobalion|200\/323
|
|-heal|p1a: Cobalion|220\/323|[from] item: Leftovers
|-heal|p2a: Forretress|332\/354|[from] item: Leftovers
|turn|7
|c| Yellow Skarmory|inb4 av forretress
|
|move|p1a: Cobalion|Swords Dance|p1a: Cobalion
|-boost|p1a: Cobalion|atk|2
|move|p2a: Forretress|Rapid Spin|p1a: Cobalion
|-resisted|p1a: Cobalion
|-activate|p1a: Cobalion|Substitute|[damage]
|-sideend|p2: Bob8The8Builder|Stealth Rock|[from] move: Rapid Spin|[of] p2a: Forretress
|
|-heal|p1a: Cobalion|240\/323|[from] item: Leftovers
|-heal|p2a: Forretress|354\/354|[from] item: Leftovers
|turn|8
|c|âTipsy Russian|do i get the gobo greed
|
|move|p1a: Cobalion|Swords Dance|p1a: Cobalion
|-boost|p1a: Cobalion|atk|2
|move|p2a: Forretress|Stealth Rock|p1a: Cobalion
|-sidestart|p1: Tipsy Russian|move: Stealth Rock
|
|-heal|p1a: Cobalion|260\/323|[from] item: Leftovers
|turn|9
|c| Pinkin Lark|always gobo greed
|c| Yellow Skarmory|if you sweep
|
|move|p1a: Cobalion|Swords Dance|p1a: Cobalion
|-boost|p1a: Cobalion|atk|2
|move|p2a: Forretress|Gyro Ball|p1a: Cobalion
|-resisted|p1a: Cobalion
|-activate|p1a: Cobalion|Substitute|[damage]
|
|-heal|p1a: Cobalion|280\/323|[from] item: Leftovers
|turn|10
|c|âTipsy Russian|rip
|c| Pinkin Lark|kek
|
|move|p1a: Cobalion|Iron Head|p2a: Forretress
|-resisted|p2a: Forretress
|-damage|p2a: Forretress|218\/354
|move|p2a: Forretress|Spikes|p1a: Cobalion
|-sidestart|p1: Tipsy Russian|Spikes
|
|-heal|p1a: Cobalion|300\/323|[from] item: Leftovers
|-heal|p2a: Forretress|240\/354|[from] item: Leftovers
|turn|11
|
|move|p1a: Cobalion|Iron Head|p2a: Forretress
|-resisted|p2a: Forretress
|-damage|p2a: Forretress|111\/354
|move|p2a: Forretress|Spikes|p1a: Cobalion
|-sidestart|p1: Tipsy Russian|Spikes
|
|-heal|p1a: Cobalion|320\/323|[from] item: Leftovers
|-heal|p2a: Forretress|133\/354|[from] item: Leftovers
|turn|12
|join|bbaba
|
|move|p1a: Cobalion|Iron Head|p2a: Forretress
|-resisted|p2a: Forretress
|-damage|p2a: Forretress|10\/354
|move|p2a: Forretress|Spikes|p1a: Cobalion
|-sidestart|p1: Tipsy Russian|Spikes
|
|-heal|p1a: Cobalion|323\/323|[from] item: Leftovers
|-heal|p2a: Forretress|32\/354|[from] item: Leftovers
|turn|13
|
|move|p1a: Cobalion|Iron Head|p2a: Forretress
|-resisted|p2a: Forretress
|-damage|p2a: Forretress|0 fnt
|faint|p2a: Forretress
|
|join|numbuh 274
|c|âTipsy Russian|what other moves does vape get besides scald ice beam
|c| Pinkin Lark|synchronoise :P
|c|âTipsy Russian|o
|c| roast toast|shadow ball
|c|âTipsy Russian|true
|c| roast toast|obv
|c|âTipsy Russian|hydro
|c| Yellow Skarmory|signal beam
|c|âTipsy Russian|i guess
|c| Yellow Skarmory|hidden power
|
|switch|p2a: Beedrill|Beedrill, M|271\/271
|turn|14
|
|detailschange|p2a: Beedrill|Beedrill-Mega, M
|message|Beedrill has Mega Evolved into Mega Beedrill!
|move|p2a: Beedrill|Protect|p2a: Beedrill
|-singleturn|p2a: Beedrill|Protect
|move|p1a: Cobalion|Iron Head|p2a: Beedrill
|-activate|p2a: Beedrill|Protect
|
|turn|15
|c| roast toast|sub
|c| Pinkin Lark|free sub turn
|
|move|p2a: Beedrill|Drill Run|p1a: Cobalion
|-supereffective|p1a: Cobalion
|-end|p1a: Cobalion|Substitute
|move|p1a: Cobalion|Substitute|p1a: Cobalion
|-start|p1a: Cobalion|Substitute
|-damage|p1a: Cobalion|243\/323
|
|-heal|p1a: Cobalion|263\/323|[from] item: Leftovers
|turn|16
|c|âTipsy Russian|do i predict miss
|
|move|p2a: Beedrill|Drill Run|p1a: Cobalion
|-supereffective|p1a: Cobalion
|-end|p1a: Cobalion|Substitute
|move|p1a: Cobalion|Iron Head|p2a: Beedrill
|-damage|p2a: Beedrill|0 fnt
|faint|p2a: Beedrill
|
|-heal|p1a: Cobalion|283\/323|[from] item: Leftovers
|
|switch|p2a: Mienshao|Mienshao, M|271\/271
|turn|17
|join|Emma Bae
|c|âTipsy Russian|probs not scarfed
|c| Pinkin Lark|predict the miss?
|c|âTipsy Russian|hmm
|c| roast toast|live ez
|c|âTipsy Russian|what use does cobal have
|c|âBob8The8Builder|lol
|c| bbaba|sub
|c| Pinkin Lark|obviously click protect
|
|move|p2a: Mienshao|High Jump Kick|p1a: Cobalion
|-supereffective|p1a: Cobalion
|-damage|p1a: Cobalion|0 fnt
|faint|p1a: Cobalion
|
|c|âTipsy Russian|rip
|c| bbaba|Rerp
|c| roast toast|defoggg
|
|switch|p1a: Vaporeon|Vaporeon, M|463\/463
|-damage|p1a: Vaporeon|406\/463|[from] Stealth Rock
|-damage|p1a: Vaporeon|291\/463|[from] Spikes
|turn|18
|
|switch|p2a: Vaporeon|Vaporeon, M|193\/402 tox
|move|p1a: Vaporeon|Wish|p1a: Vaporeon
|
|-heal|p1a: Vaporeon|319\/463|[from] item: Leftovers
|-damage|p2a: Vaporeon|168\/402 tox|[from] psn
|turn|19
|
|switch|p2a: Crobat|Crobat, M|374\/374
|move|p1a: Vaporeon|Baton Pass|p1a: Vaporeon
|
|switch|p1a: Yanmega|Yanmega, M|314\/314
|-damage|p1a: Yanmega|157\/314|[from] Stealth Rock
|
|-heal|p1a: Yanmega|314\/314|[from] move: Wish|[wisher] Vaporeon
|turn|20
|
|move|p1a: Yanmega|Protect|p1a: Yanmega
|-singleturn|p1a: Yanmega|Protect
|move|p2a: Crobat|Nasty Plot|p2a: Crobat
|-boost|p2a: Crobat|spa|2
|
|-boost|p1a: Yanmega|spe|1|[from] ability: Speed Boost
|turn|21
|c| Pinkin Lark|nice and pass
|c| bbaba|oooh
|c| roast toast|ummm
|c|âTipsy Russian|rip
|c| Pinkin Lark|played
|c|âBob8The8Builder|nice and sweep
|
|move|p1a: Yanmega|Air Slash|p2a: Crobat
|-damage|p2a: Crobat|170\/374
|-damage|p1a: Yanmega|283\/314|[from] item: Life Orb
|cant|p2a: Crobat|flinch
|
|-heal|p2a: Crobat|193\/374|[from] item: Leftovers
|-boost|p1a: Yanmega|spe|1|[from] ability: Speed Boost
|turn|22
|c| Emma Bae|Lol
|c|âTipsy Russian|nah
|c| bbaba|why wouldnt he
|c| Yellow Skarmory|miss herw
|c|âBob8The8Builder|wtfhsdkdskjNVcd;
|c| Yellow Skarmory|here*
|c| Pinkin Lark|rekt
|c| bbaba|wzex]i
|c|âTipsy Russian|predicted flinch
|c| bbaba|op[jfixu]xc
|c| roast toast|ancient power
|c| Yellow Skarmory|miss!
|c| roast toast|where
|c| Yellow Skarmory|miss!
|c| Yellow Skarmory|miss!
|c| bbaba|ms
|c| Yellow Skarmory|miss here
|c|âBob8The8Builder|wooooooow
|c| bbaba|mrs?
|c| Emma Bae|^
|c| Yellow Skarmory|miss here
|c| Yellow Skarmory|miss here
|
|switch|p2a: Vaporeon|Vaporeon, M|168\/402 tox
|move|p1a: Yanmega|Air Slash|p2a: Vaporeon
|-crit|p2a: Vaporeon
|-damage|p2a: Vaporeon|24\/402 tox
|-damage|p1a: Yanmega|252\/314|[from] item: Life Orb
|
|-damage|p2a: Vaporeon|0 fnt|[from] psn
|-boost|p1a: Yanmega|spe|1|[from] ability: Speed Boost
|faint|p2a: Vaporeon
|c|âTipsy Russian|the av stronk
|c| Pinkin Lark|bop
|
|switch|p2a: Honchkrow|Honchkrow, M|404\/404
|turn|23
|
|move|p1a: Yanmega|Bug Buzz|p2a: Honchkrow
|-damage|p2a: Honchkrow|48\/404
|-damage|p1a: Yanmega|221\/314|[from] item: Life Orb
|move|p2a: Honchkrow|Brave Bird|p1a: Yanmega
|-crit|p1a: Yanmega
|-supereffective|p1a: Yanmega
|-damage|p1a: Yanmega|0 fnt
|-damage|p2a: Honchkrow|0 fnt|[from] recoil|[of] p1a: Yanmega
|faint|p1a: Yanmega
|faint|p2a: Honchkrow
|
|c| Yellow Skarmory|rip synchronoise vap
|c| Yellow Skarmory|rip honchkrow
|c| Emma Bae|why didnt u air slash
|c| Emma Bae|nub
|c|âTipsy Russian|cuz idk
|
|switch|p2a: Crobat|Crobat, M|193\/374
|switch|p1a: Swampert|Swampert, M|266\/404
|-damage|p1a: Swampert|165\/404|[from] Spikes
|-damage|p1a: Swampert|140\/404|[from] Stealth Rock
|turn|24
|c| Pinkin Lark|he knew it wouldnt flinch
|c| Pinkin Lark|instincts
|c| bbaba|AV  - now that's what I call scrubs
|c| bbaba|*AV yanmega
|c| roast toast|eq
|c| roast toast|eq
|
|move|p2a: Crobat|Giga Drain|p1a: Swampert
|-supereffective|p1a: Swampert
|-damage|p1a: Swampert|0 fnt
|-heal|p2a: Crobat|263\/374|[from] drain|[of] p1a: Swampert
|faint|p1a: Swampert
|
|-heal|p2a: Crobat|286\/374|[from] item: Leftovers
|c| Emma Bae|Yanmega lost some of its HP!
|c|âBob8The8Builder|catch this giga eyyyyyy boi
|c| Yellow Skarmory|eq if real
|c| Yellow Skarmory|RIP
|c| Yellow Skarmory|RIP
|c| Yellow Skarmory|RIP
|c| Emma Bae|wtf is this
|
|switch|p1a: Vaporeon|Vaporeon, M|319\/463
|-damage|p1a: Vaporeon|204\/463|[from] Spikes
|-damage|p1a: Vaporeon|147\/463|[from] Stealth Rock
|turn|25
|c| Pinkin Lark|the NP bat
|
|move|p2a: Crobat|Giga Drain|p1a: Vaporeon
|-supereffective|p1a: Vaporeon
|-damage|p1a: Vaporeon|23\/463
|-heal|p2a: Crobat|348\/374|[from] drain|[of] p1a: Vaporeon
|move|p1a: Vaporeon|Scald|p2a: Crobat
|-crit|p2a: Crobat
|-damage|p2a: Crobat|159\/374
|
|-heal|p2a: Crobat|182\/374|[from] item: Leftovers
|-heal|p1a: Vaporeon|51\/463|[from] item: Leftovers
|turn|26
|c| Pinkin Lark|where the fuck is your defog tipsy
|c| Emma Bae|HAX
|c| Yellow Skarmory|that's a av vap
|c| Yellow Skarmory|100%
|
|move|p2a: Crobat|Giga Drain|p1a: Vaporeon
|-supereffective|p1a: Vaporeon
|-damage|p1a: Vaporeon|0 fnt
|-heal|p2a: Crobat|208\/374|[from] drain|[of] p1a: Vaporeon
|faint|p1a: Vaporeon
|
|-heal|p2a: Crobat|231\/374|[from] item: Leftovers
|c| Emma Bae|lol you lost to NP crobat tipsy
|c|âTipsy Russian|emma
|c| Emma Bae|how do u feel
|c| Pinkin Lark|^
|c| roast toast|misplayed the forry imo
|c| Emma Bae|after haxing him to death
|c|âTipsy Russian|did you tilt in both ou and uu
|c| roast toast|shoulda just cc
|c| Emma Bae|yeah rip
|c|âBob8The8Builder|haha why are there so many people????????
|c| Emma Bae|xD
|c|âTipsy Russian|i'm bt
|
|switch|p1a: Roserade|Roserade, F|261\/261
|-damage|p1a: Roserade|196\/261|[from] Spikes
|-damage|p1a: Roserade|164\/261|[from] Stealth Rock
|turn|27
|c| Pinkin Lark|but wheres the spin\/defog for yanmega
|c| Pinkin Lark|hes lying
|
|move|p1a: Roserade|Sludge Bomb|p2a: Crobat
|-resisted|p2a: Crobat
|-damage|p2a: Crobat|108\/374
|-damage|p1a: Roserade|138\/261|[from] item: Life Orb
|move|p2a: Crobat|Air Slash|p1a: Roserade
|-supereffective|p1a: Roserade
|-damage|p1a: Roserade|0 fnt
|faint|p1a: Roserade
|
|-heal|p2a: Crobat|131\/374|[from] item: Leftovers
|c|âTipsy Russian|pidgeot
|c| Pinkin Lark|hes shofu
|c|âTipsy Russian|why was i faster
|c| roast toast|wat
|c|âBob8The8Builder|gg no waaaay
|c| Emma Bae|i need to save dis replay
|c| Pinkin Lark|dats bulky NP bat
|c|âBob8The8Builder|i beat shofuuuu
|c| Pinkin Lark|lol
|c| Emma Bae|and give it to CSB
|c| Emma Bae|lol
|leave|roast toast
|c| bbaba|GGGGGGGGGGG
|-message|Tipsy Russian forfeited.
|
|win|Bob8The8Builder
|raw|Ladder updating...
|leave|Tipsy Russian
|player|p1
|c| Pinkin Lark|dude, your famous now
|c| Emma Bae|lol
|raw|Tipsy Russian's rating: 1425 &rarr; <strong>1395<\/strong><br \/>(-30 for losing)
|raw|Bob8The8Builder's rating: 1232 &rarr; <strong>1269<\/strong><br \/>(+37 for winning)
|c| Pinkin Lark|youre gonna be in shofu video
|c| Emma Bae|he gun upload
|c|âBob8The8Builder|haha rely ???
|c| Pinkin Lark|so jelly