|join|Tipsy Russian
|join|zTerribadTastic
|player|p1|Tipsy Russian|47
|player|p2|zTerribadTastic|217
|gametype|singles
|gen|6
|tier|UU
|rule|Sleep Clause Mod: Limit one foe put to sleep
|rule|Species Clause: Limit one of each PokÃ©mon
|rule|OHKO Clause: OHKO moves are banned
|rule|Moody Clause: Moody is banned
|rule|Evasion Moves Clause: Evasion moves are banned
|rule|Endless Battle Clause: Forcing endless battles is banned
|rule|HP Percentage Mod: HP is shown in percentages
|clearpoke
|poke|p1|Fletchinder, F
|poke|p1|Dugtrio, M
|poke|p1|Shaymin
|poke|p1|Vaporeon, F
|poke|p1|Gligar, F
|poke|p1|Cobalion
|poke|p2|Florges, F
|poke|p2|Dugtrio, F
|poke|p2|Hydreigon, F
|poke|p2|Rhyperior, M
|poke|p2|Crobat, F, shiny
|poke|p2|Suicune
|rule|Swagger Clause: Swagger is banned
|rule|Baton Pass Clause: Limit one PokÃ©mon knowing Baton Pass
|teampreview
|join|bananagram
|c| bananagram|aw, that's a cute team
|
|start
|switch|p1a: Vaporeon|Vaporeon, F|464\/464
|switch|p2a: BEGONE!|Hydreigon, F|325\/325
|turn|1
|join|bugthegamer
|
|move|p1a: Vaporeon|Protect|p1a: Vaporeon
|-singleturn|p1a: Vaporeon|Protect
|move|p2a: BEGONE!|U-turn|p1a: Vaporeon
|-activate|p1a: Vaporeon|Protect
|
|turn|2
|
|move|p2a: BEGONE!|U-turn|p1a: Vaporeon
|-damage|p1a: Vaporeon|401\/464
|join|ZvZ
|
|switch|p2a: Suicune|Suicune|404\/404
|-ability|p2a: Suicune|Pressure
|move|p1a: Vaporeon|Baton Pass|p1a: Vaporeon
|join|Hot Wobblebuns
|
|switch|p1a: Shaymin|Shaymin|341\/341
|
|turn|3
|c| Hot Wobblebuns|That team is so fletch.
|c| bananagram|give it a choice scarf
|join|watfor
|
|switch|p2a: BEGONE!|Hydreigon, F|325\/325
|move|p1a: Shaymin|Seed Flare|p2a: BEGONE!
|-resisted|p2a: BEGONE!
|-damage|p2a: BEGONE!|175\/325
|-unboost|p2a: BEGONE!|spd|2
|
|turn|4
|join|Vinmaster001
|leave|Vinmaster001
|
|switch|p1a: Vaporeon|Vaporeon, F|401\/464
|switch|p2a: Fabulooouus|Crobat, F, shiny|363\/363
|
|-heal|p1a: Vaporeon|430\/464|[from] item: Leftovers
|turn|5
|
|switch|p2a: CuntFacedWhore|Florges, F|359\/359
|move|p1a: Vaporeon|Scald|p2a: CuntFacedWhore
|-damage|p2a: CuntFacedWhore|292\/359
|
|-heal|p2a: CuntFacedWhore|314\/359|[from] item: Leftovers
|-heal|p1a: Vaporeon|459\/464|[from] item: Leftovers
|turn|6
|
|switch|p1a: Fletchinder|Fletchinder, F|291\/291
|move|p2a: CuntFacedWhore|Wish|p2a: CuntFacedWhore
|
|-heal|p2a: CuntFacedWhore|336\/359|[from] item: Leftovers
|turn|7
|leave|bugthegamer
|
|switch|p2a: MudKipsABitch|Rhyperior, M|433\/433
|move|p1a: Fletchinder|Acrobatics|p2a: MudKipsABitch
|-resisted|p2a: MudKipsABitch
|-damage|p2a: MudKipsABitch|373\/433
|
|-heal|p2a: MudKipsABitch|433\/433|[from] move: Wish|[wisher] CuntFacedWhore
|turn|8
|
|switch|p1a: Gligar|Gligar, F|334\/334
|switch|p2a: BEGONE!|Hydreigon, F|175\/325
|
|turn|9
|
|switch|p1a: Vaporeon|Vaporeon, F|459\/464
|move|p2a: BEGONE!|Draco Meteor|p1a: Vaporeon
|-damage|p1a: Vaporeon|200\/464
|-unboost|p2a: BEGONE!|spa|2
|
|-heal|p1a: Vaporeon|229\/464|[from] item: Leftovers
|turn|10
|
|switch|p2a: CuntFacedWhore|Florges, F|336\/359
|move|p1a: Vaporeon|Wish|p1a: Vaporeon
|
|-heal|p2a: CuntFacedWhore|358\/359|[from] item: Leftovers
|-heal|p1a: Vaporeon|258\/464|[from] item: Leftovers
|turn|11
|
|move|p2a: CuntFacedWhore|Wish|p2a: CuntFacedWhore
|move|p1a: Vaporeon|Baton Pass|p1a: Vaporeon
|
|switch|p1a: Cobalion|Cobalion|359\/359
|
|-heal|p2a: CuntFacedWhore|359\/359|[from] item: Leftovers
|turn|12
|
|switch|p2a: MudKipsABitch|Rhyperior, M|433\/433
|move|p1a: Cobalion|Iron Head|p2a: MudKipsABitch
|-supereffective|p2a: MudKipsABitch
|-damage|p2a: MudKipsABitch|333\/433
|
|-heal|p2a: MudKipsABitch|433\/433|[from] move: Wish|[wisher] CuntFacedWhore
|turn|13
|
|switch|p1a: Gligar|Gligar, F|334\/334
|switch|p2a: Suicune|Suicune|404\/404
|-ability|p2a: Suicune|Pressure
|
|turn|14
|c| bananagram|this'll take a while
|
|switch|p1a: Shaymin|Shaymin|341\/341
|move|p2a: Suicune|Scald|p1a: Shaymin
|-resisted|p1a: Shaymin
|-damage|p1a: Shaymin|297\/341
|
|turn|15
|
|switch|p2a: Fabulooouus|Crobat, F, shiny|363\/363
|move|p1a: Shaymin|Seed Flare|p2a: Fabulooouus
|-resisted|p2a: Fabulooouus
|-damage|p2a: Fabulooouus|285\/363
|-unboost|p2a: Fabulooouus|spd|2
|
|-heal|p2a: Fabulooouus|307\/363|[from] item: Black Sludge
|turn|16
|
|switch|p1a: Cobalion|Cobalion|359\/359
|move|p2a: Fabulooouus|U-turn|p1a: Cobalion
|-resisted|p1a: Cobalion
|-damage|p1a: Cobalion|350\/359
|leave|bananagram
|
|switch|p2a: Suicune|Suicune|404\/404
|-ability|p2a: Suicune|Pressure
|
|-heal|p1a: Cobalion|359\/359|[from] item: Leftovers
|turn|17
|
|switch|p1a: Vaporeon|Vaporeon, F|258\/464
|move|p2a: Suicune|Calm Mind|p2a: Suicune
|-boost|p2a: Suicune|spa|1
|-boost|p2a: Suicune|spd|1
|
|-heal|p1a: Vaporeon|287\/464|[from] item: Leftovers
|turn|18
|
|move|p2a: Suicune|Calm Mind|p2a: Suicune
|-boost|p2a: Suicune|spa|1
|-boost|p2a: Suicune|spd|1
|move|p1a: Vaporeon|Baton Pass|p1a: Vaporeon
|
|switch|p1a: Shaymin|Shaymin|297\/341
|
|turn|19
|
|switch|p2a: Fabulooouus|Crobat, F, shiny|307\/363
|move|p1a: Shaymin|Seed Flare|p2a: Fabulooouus
|-resisted|p2a: Fabulooouus
|-damage|p2a: Fabulooouus|232\/363
|
|-heal|p2a: Fabulooouus|254\/363|[from] item: Black Sludge
|turn|20
|
|switch|p1a: Gligar|Gligar, F|334\/334
|move|p2a: Fabulooouus|U-turn|p1a: Gligar
|-resisted|p1a: Gligar
|-damage|p1a: Gligar|319\/334
|
|switch|p2a: BEGONE!|Hydreigon, F|175\/325
|
|turn|21
|
|move|p2a: BEGONE!|Draco Meteor|p1a: Gligar
|-damage|p1a: Gligar|0 fnt
|-unboost|p2a: BEGONE!|spa|2
|faint|p1a: Gligar
|
|
|switch|p1a: Fletchinder|Fletchinder, F|291\/291
|turn|22
|c|âTipsy Russian|hmm
|
|move|p2a: BEGONE!|Draco Meteor|p1a: Fletchinder
|-damage|p1a: Fletchinder|0 fnt
|-unboost|p2a: BEGONE!|spa|2
|faint|p1a: Fletchinder
|
|c|âzTerribadTastic|ncie fletch
|join|The LTTM
|c|âTipsy Russian|modest specs nb
|
|switch|p1a: Shaymin|Shaymin|297\/341
|turn|23
|join|kyla-kylls
|
|switch|p2a: CuntFacedWhore|Florges, F|359\/359
|move|p1a: Shaymin|Psychic|p2a: CuntFacedWhore
|-damage|p2a: CuntFacedWhore|272\/359
|
|-heal|p2a: CuntFacedWhore|294\/359|[from] item: Leftovers
|turn|24
|
|switch|p1a: Cobalion|Cobalion|359\/359
|move|p2a: CuntFacedWhore|Wish|p2a: CuntFacedWhore
|
|-heal|p2a: CuntFacedWhore|316\/359|[from] item: Leftovers
|turn|25
|
|switch|p2a: MudKipsABitch|Rhyperior, M|433\/433
|move|p1a: Cobalion|Stealth Rock|p2a: MudKipsABitch
|-sidestart|p2: zTerribadTastic|move: Stealth Rock
|
|turn|26
|c| ZvZ|hes gunna use eq!!!
|join|Living Proof
|c|âzTerribadTastic|I have
|c|âzTerribadTastic|so much death fodder right now lol
|
|switch|p1a: Dugtrio|Dugtrio, M|201\/201
|move|p2a: MudKipsABitch|Stealth Rock|p1a: Dugtrio
|-sidestart|p1: Tipsy Russian|move: Stealth Rock
|
|turn|27
|
|move|p1a: Dugtrio|Earthquake|p2a: MudKipsABitch
|-supereffective|p2a: MudKipsABitch
|-damage|p2a: MudKipsABitch|228\/433
|-damage|p1a: Dugtrio|181\/201|[from] item: Life Orb
|move|p2a: MudKipsABitch|Earthquake|p1a: Dugtrio
|-damage|p1a: Dugtrio|0 fnt
|faint|p1a: Dugtrio
|
|-heal|p2a: MudKipsABitch|255\/433|[from] item: Leftovers
|
|switch|p1a: Shaymin|Shaymin|297\/341
|-damage|p1a: Shaymin|255\/341|[from] Stealth Rock
|turn|28
|
|move|p1a: Shaymin|Seed Flare|p2a: MudKipsABitch
|-supereffective|p2a: MudKipsABitch
|-damage|p2a: MudKipsABitch|0 fnt
|faint|p2a: MudKipsABitch
|
|
|switch|p2a: Fabulooouus|Crobat, F, shiny|254\/363
|-damage|p2a: Fabulooouus|164\/363|[from] Stealth Rock
|turn|29
|
|switch|p1a: Cobalion|Cobalion|359\/359
|-damage|p1a: Cobalion|348\/359|[from] Stealth Rock
|move|p2a: Fabulooouus|Roost|p2a: Fabulooouus
|-heal|p2a: Fabulooouus|346\/363
|
|-heal|p2a: Fabulooouus|363\/363|[from] item: Black Sludge
|-heal|p1a: Cobalion|359\/359|[from] item: Leftovers
|turn|30
|
|move|p2a: Fabulooouus|Brave Bird|p1a: Cobalion
|-damage|p1a: Cobalion|268\/359
|-damage|p2a: Fabulooouus|333\/363|[from] recoil|[of] p1a: Cobalion
|move|p1a: Cobalion|Iron Head|p2a: Fabulooouus
|-crit|p2a: Fabulooouus
|-damage|p2a: Fabulooouus|189\/363
|
|-heal|p2a: Fabulooouus|211\/363|[from] item: Black Sludge
|-heal|p1a: Cobalion|290\/359|[from] item: Leftovers
|turn|31
|
|move|p2a: Fabulooouus|Brave Bird|p1a: Cobalion
|-damage|p1a: Cobalion|194\/359
|-damage|p2a: Fabulooouus|179\/363|[from] recoil|[of] p1a: Cobalion
|move|p1a: Cobalion|Thunder Wave|p2a: Fabulooouus
|-status|p2a: Fabulooouus|par
|
|-heal|p1a: Cobalion|216\/359|[from] item: Leftovers
|-heal|p2a: Fabulooouus|201\/363 par|[from] item: Black Sludge
|turn|32
|
|switch|p2a: Suicune|Suicune|404\/404
|-damage|p2a: Suicune|354\/404|[from] Stealth Rock
|-ability|p2a: Suicune|Pressure
|move|p1a: Cobalion|Iron Head|p2a: Suicune
|-resisted|p2a: Suicune
|-damage|p2a: Suicune|327\/404
|
|-heal|p1a: Cobalion|238\/359|[from] item: Leftovers
|-heal|p2a: Suicune|352\/404|[from] item: Leftovers
|turn|33
|
|switch|p1a: Shaymin|Shaymin|255\/341
|-damage|p1a: Shaymin|213\/341|[from] Stealth Rock
|move|p2a: Suicune|Scald|p1a: Shaymin
|-resisted|p1a: Shaymin
|-damage|p1a: Shaymin|171\/341
|
|-heal|p2a: Suicune|377\/404|[from] item: Leftovers
|turn|34
|
|switch|p2a: Fabulooouus|Crobat, F, shiny|201\/363 par
|-damage|p2a: Fabulooouus|111\/363 par|[from] Stealth Rock
|move|p1a: Shaymin|Dazzling Gleam|p2a: Fabulooouus
|-resisted|p2a: Fabulooouus
|-damage|p2a: Fabulooouus|39\/363 par
|
|-heal|p2a: Fabulooouus|61\/363 par|[from] item: Black Sludge
|turn|35
|
|move|p1a: Shaymin|Dazzling Gleam|p2a: Fabulooouus
|-resisted|p2a: Fabulooouus
|-damage|p2a: Fabulooouus|0 fnt
|faint|p2a: Fabulooouus
|
|
|switch|p2a: Suicune|Suicune|377\/404
|-damage|p2a: Suicune|327\/404|[from] Stealth Rock
|-ability|p2a: Suicune|Pressure
|turn|36
|
|switch|p1a: Vaporeon|Vaporeon, F|287\/464
|-damage|p1a: Vaporeon|229\/464|[from] Stealth Rock
|move|p2a: Suicune|Calm Mind|p2a: Suicune
|-boost|p2a: Suicune|spa|1
|-boost|p2a: Suicune|spd|1
|
|-heal|p2a: Suicune|352\/404|[from] item: Leftovers
|-heal|p1a: Vaporeon|258\/464|[from] item: Leftovers
|turn|37
|
|move|p2a: Suicune|Calm Mind|p2a: Suicune
|-boost|p2a: Suicune|spa|1
|-boost|p2a: Suicune|spd|1
|move|p1a: Vaporeon|Baton Pass|p1a: Vaporeon
|
|switch|p1a: Shaymin|Shaymin|171\/341
|-damage|p1a: Shaymin|129\/341|[from] Stealth Rock
|
|-heal|p2a: Suicune|377\/404|[from] item: Leftovers
|turn|38
|
|switch|p2a: CuntFacedWhore|Florges, F|316\/359
|-damage|p2a: CuntFacedWhore|272\/359|[from] Stealth Rock
|move|p1a: Shaymin|Seed Flare|p2a: CuntFacedWhore
|-damage|p2a: CuntFacedWhore|94\/359
|-unboost|p2a: CuntFacedWhore|spd|2
|
|-heal|p2a: CuntFacedWhore|116\/359|[from] item: Leftovers
|turn|39
|
|move|p2a: CuntFacedWhore|Protect|p2a: CuntFacedWhore
|-singleturn|p2a: CuntFacedWhore|Protect
|move|p1a: Shaymin|Seed Flare|p2a: CuntFacedWhore
|-activate|p2a: CuntFacedWhore|Protect
|
|-heal|p2a: CuntFacedWhore|138\/359|[from] item: Leftovers
|turn|40
|
|move|p1a: Shaymin|Seed Flare|p2a: CuntFacedWhore
|-damage|p2a: CuntFacedWhore|0 fnt
|faint|p2a: CuntFacedWhore
|
|
|switch|p2a: IN SON!|Dugtrio, F|211\/211
|-damage|p2a: IN SON!|198\/211|[from] Stealth Rock
|turn|41
|
|move|p2a: IN SON!|Aerial Ace|p1a: Shaymin
|-supereffective|p1a: Shaymin
|-damage|p1a: Shaymin|0 fnt
|faint|p1a: Shaymin
|
|join|GeathDrips
|c|âzTerribadTastic|gg
|
|switch|p1a: Vaporeon|Vaporeon, F|258\/464
|-damage|p1a: Vaporeon|200\/464|[from] Stealth Rock
|turn|42
|
|switch|p2a: Suicune|Suicune|377\/404
|-damage|p2a: Suicune|327\/404|[from] Stealth Rock
|-ability|p2a: Suicune|Pressure
|move|p1a: Vaporeon|Scald|p2a: Suicune
|-resisted|p2a: Suicune
|-damage|p2a: Suicune|281\/404
|
|-heal|p2a: Suicune|306\/404|[from] item: Leftovers
|-heal|p1a: Vaporeon|229\/464|[from] item: Leftovers
|turn|43
|
|move|p2a: Suicune|Calm Mind|p2a: Suicune
|-boost|p2a: Suicune|spa|1
|-boost|p2a: Suicune|spd|1
|move|p1a: Vaporeon|Baton Pass|p1a: Vaporeon
|c| GeathDrips|sub cm
|c| GeathDrips|plz
|
|switch|p1a: Cobalion|Cobalion|238\/359
|-damage|p1a: Cobalion|227\/359|[from] Stealth Rock
|
|-heal|p1a: Cobalion|249\/359|[from] item: Leftovers
|-heal|p2a: Suicune|331\/404|[from] item: Leftovers
|turn|44
|join|King UU
|c|âTipsy Russian|idk, baton pass has 64 pp
|c| ZvZ|ogre
|c|âTipsy Russian|this could take awhile
|
|move|p1a: Cobalion|Thunder Wave|p2a: Suicune
|-status|p2a: Suicune|par
|move|p2a: Suicune|Scald|p1a: Cobalion
|-damage|p1a: Cobalion|92\/359
|
|-heal|p1a: Cobalion|114\/359|[from] item: Leftovers
|-heal|p2a: Suicune|356\/404 par|[from] item: Leftovers
|turn|45
|
|move|p1a: Cobalion|Iron Head|p2a: Suicune
|-resisted|p2a: Suicune
|-damage|p2a: Suicune|329\/404 par
|move|p2a: Suicune|Rest|p2a: Suicune
|-status|p2a: Suicune|slp
|-heal|p2a: Suicune|404\/404 slp|[silent]
|-status|p2a: Suicune|slp|[from] move: Rest
|
|-heal|p1a: Cobalion|136\/359|[from] item: Leftovers
|turn|46
|c| watfor|paraing that suicune might not help your case
|join|xMarth
|c| watfor|as it can pp stall your vape
|c| watfor|easier
|c|âzTerribadTastic|I dotn need PP stall
|c| watfor|tru
|c| watfor|you have HP Grass?
|
|switch|p1a: Vaporeon|Vaporeon, F|229\/464
|-damage|p1a: Vaporeon|171\/464|[from] Stealth Rock
|cant|p2a: Suicune|slp
|
|-heal|p1a: Vaporeon|200\/464|[from] item: Leftovers
|turn|47
|c| watfor|o nvm u are extrasens
|c| watfor|i forgot
|c| watfor|:[
|c|âzTerribadTastic|yup
|
|cant|p2a: Suicune|slp
|move|p1a: Vaporeon|Wish|p1a: Vaporeon
|
|-heal|p1a: Vaporeon|229\/464|[from] item: Leftovers
|turn|48
|c|âTipsy Russian|im not gonna be an ass and pp stall
|c|âTipsy Russian|gg
|c| xMarth|use air slash over sensory
|c|âzTerribadTastic|gg
|-message|Tipsy Russian forfeited.
|
|win|zTerribadTastic
|leave|zTerribadTastic
|player|p2
|leave|Tipsy Russian
|player|p1
|leave|xMarth
|leave|The LTTM
|leave|Living Proof
|leave|watfor
|leave|Hot Wobblebuns
|leave|ZvZ
|leave|kyla-kylls
|leave|King UU