|join|xMarth
|join|Tipsy Russian
|player|p1|xMarth|153
|player|p2|Tipsy Russian|47
|gametype|singles
|gen|6
|tier|UU
|rule|Sleep Clause Mod: Limit one foe put to sleep
|rule|Species Clause: Limit one of each PokÃ©mon
|rule|OHKO Clause: OHKO moves are banned
|rule|Moody Clause: Moody is banned
|rule|Evasion Moves Clause: Evasion moves are banned
|rule|Endless Battle Clause: Forcing endless battles is banned
|rule|HP Percentage Mod: HP is shown in percentages
|clearpoke
|poke|p1|Dugtrio, M
|poke|p1|Shedinja, shiny
|poke|p1|Xatu, M
|poke|p1|Archeops, M
|poke|p1|Skuntank, M
|poke|p1|Lanturn, M, shiny
|poke|p2|Sandslash, M
|poke|p2|Hippowdon, M
|poke|p2|Stoutland, M
|poke|p2|Cradily, M
|poke|p2|Slowking, F
|poke|p2|Granbull, M
|rule|Swagger Clause: Swagger is banned
|rule|Baton Pass Clause: Limit one PokÃ©mon knowing Baton Pass
|teampreview
|join|LessThanThreeMan
|join|8===Dtator
|c|âTipsy Russian|i want duggy
|join|blitzfiend
|c|âxMarth|k
|join|Emma Bae â¥
|c| LessThanThreeMan|which of these are conquest mons?
|c|âxMarth|oo that means i get to go more dmt
|c| LessThanThreeMan|if you don't mind me asking
|c|âTipsy Russian|hippo king and granbull
|c|âxMarth|im using shed\/dug
|c| LessThanThreeMan|ah ok
|join|DrReuniclus3
|c| Emma Bae â¥|shed is literally op
|
|start
|switch|p1a: Archeops|Archeops, M|291\/291
|switch|p2a: Cradily|Cradily, M|376\/376
|turn|1
|join|UWotM8ILLRekUXxX
|c| UWotM8ILLRekUXxX|kewl
|c|âxMarth|ill want chesnaught if i win
|c| LessThanThreeMan|was wondering if xMarth was gonna steal that strong looking cradily :p
|c| UWotM8ILLRekUXxX|why lanturn and skunk tho
|
|move|p1a: Archeops|Switcheroo|p2a: Cradily
|-activate|p1a: Archeops|move: Trick|[of] p2a: Cradily
|-item|p2a: Cradily|Choice Scarf|[from] Trick
|-item|p1a: Archeops|Leftovers|[from] Trick
|move|p2a: Cradily|Giga Drain|p1a: Archeops
|-damage|p1a: Archeops|179\/291
|
|-heal|p1a: Archeops|197\/291|[from] item: Leftovers
|turn|2
|c| UWotM8ILLRekUXxX|and why uu
|join|Colbrushie
|c| Colbrushie|ah
|c| Colbrushie|nice n dmt
|
|switch|p2a: big hippo|Hippowdon, M|420\/420
|-weather|Sandstorm
|move|p1a: Archeops|U-turn|p2a: big hippo
|-damage|p2a: big hippo|358\/420
|c| Colbrushie|eam
|c| Colbrushie|what happened to mabsol?
|
|switch|p1a: Lanturn|Lanturn, M, shiny|401\/401
|
|-weather|Sandstorm|[upkeep]
|-damage|p1a: Lanturn|376\/401|[from] sandstorm
|-heal|p1a: Lanturn|401\/401|[from] item: Leftovers
|turn|3
|c|âTipsy Russian|i hope your safety goggles
|c|âxMarth|uh didnt make team with it in
|
|switch|p2a: Cradily|Cradily, M|376\/376
|move|p1a: Lanturn|Toxic|p2a: Cradily
|-status|p2a: Cradily|tox
|
|-weather|Sandstorm|[upkeep]
|-damage|p1a: Lanturn|376\/401|[from] sandstorm
|-heal|p1a: Lanturn|401\/401|[from] item: Leftovers
|-damage|p2a: Cradily|353\/376 tox|[from] psn
|turn|4
|c| Colbrushie|i thought you got it off of
|c| Colbrushie|uh
|c| Colbrushie|whoever had it
|c| Emma Bae â¥|why u no eq
|c|âxMarth|yea i got it off kink
|
|switch|p2a: sand doge|Stoutland, M|311\/311
|switch|p1a: Xatu|Xatu, M|333\/333
|
|-weather|Sandstorm|[upkeep]
|-damage|p1a: Xatu|313\/333|[from] sandstorm
|turn|5
|
|move|p2a: sand doge|Crunch|p1a: Xatu
|-supereffective|p1a: Xatu
|-damage|p1a: Xatu|95\/333
|-damage|p2a: sand doge|260\/311|[from] item: Rocky Helmet|[of] p1a: Xatu
|-unboost|p1a: Xatu|def|1
|-damage|p2a: sand doge|229\/311|[from] item: Life Orb
|move|p1a: Xatu|Psyshock|p2a: sand doge
|-damage|p2a: sand doge|133\/311
|
|-weather|Sandstorm|[upkeep]
|-damage|p1a: Xatu|75\/333|[from] sandstorm
|turn|6
|c|âTipsy Russian|bulk
|c|âTipsy Russian|dear lord
|
|move|p2a: sand doge|Frustration|p1a: Xatu
|-damage|p1a: Xatu|0 fnt
|-damage|p2a: sand doge|82\/311|[from] item: Rocky Helmet|[of] p1a: Xatu
|-damage|p2a: sand doge|51\/311|[from] item: Life Orb
|faint|p1a: Xatu
|
|-weather|Sandstorm|[upkeep]
|
|switch|p1a: Skuntank|Skuntank, M|349\/349
|turn|7
|c|âTipsy Russian|i hate 50\/50s
|
|move|p2a: sand doge|Frustration|p1a: Skuntank
|-damage|p1a: Skuntank|20\/349
|-damage|p2a: sand doge|20\/311|[from] item: Life Orb
|move|p1a: Skuntank|Pursuit|p2a: sand doge
|-damage|p2a: sand doge|0 fnt
|faint|p2a: sand doge
|
|-weather|Sandstorm|[upkeep]
|-damage|p1a: Skuntank|0 fnt|[from] sandstorm
|faint|p1a: Skuntank
|
|switch|p1a: Archeops|Archeops, M|197\/291
|switch|p2a: Sandslash|Sandslash, M|292\/292
|turn|8
|join|I<3Magikarp
|
|switch|p1a: Lanturn|Lanturn, M, shiny|401\/401
|move|p2a: Sandslash|Stone Edge|p1a: Lanturn
|-damage|p1a: Lanturn|268\/401
|-damage|p2a: Sandslash|263\/292|[from] item: Life Orb
|
|-weather|Sandstorm|[upkeep]
|-damage|p1a: Lanturn|243\/401|[from] sandstorm
|-heal|p1a: Lanturn|268\/401|[from] item: Leftovers
|turn|9
|
|switch|p2a: Cradily|Cradily, M|353\/376 tox
|move|p1a: Lanturn|Scald|p2a: Cradily
|-boost|p2a: Cradily|spa|1|[from] ability: Storm Drain
|
|-weather|none
|-heal|p1a: Lanturn|293\/401|[from] item: Leftovers
|-damage|p2a: Cradily|330\/376 tox|[from] psn
|turn|10
|c| Emma Bae â¥|scarf +1 sp atack
|
|move|p2a: Cradily|Toxic|p1a: Lanturn
|-status|p1a: Lanturn|tox
|move|p1a: Lanturn|Volt Switch|p2a: Cradily
|-resisted|p2a: Cradily
|-damage|p2a: Cradily|305\/376 tox
|c| Emma Bae â¥|sweep material
|
|switch|p1a: Voltbeatdown|Dugtrio, M|211\/211
|
|-damage|p2a: Cradily|259\/376 tox|[from] psn
|turn|11
|
|move|p1a: Voltbeatdown|Stealth Rock|p2a: Cradily
|-sidestart|p2: Tipsy Russian|move: Stealth Rock
|move|p2a: Cradily|Toxic|p1a: Voltbeatdown|[miss]
|-miss|p2a: Cradily|p1a: Voltbeatdown
|
|-damage|p2a: Cradily|190\/376 tox|[from] psn
|turn|12
|
|switch|p1a: Lanturn|Lanturn, M, shiny|293\/401 tox
|move|p2a: Cradily|Toxic|p1a: Lanturn
|-fail|p1a: Lanturn|tox
|
|-heal|p1a: Lanturn|318\/401 tox|[from] item: Leftovers
|-damage|p2a: Cradily|98\/376 tox|[from] psn
|-damage|p1a: Lanturn|293\/401 tox|[from] psn
|turn|13
|
|switch|p2a: Slowking|Slowking, F|394\/394
|-damage|p2a: Slowking|345\/394|[from] Stealth Rock
|move|p1a: Lanturn|Heal Bell|p1a: Lanturn
|-cureteam|p1a: Lanturn|[from] move: HealBell
|
|-heal|p1a: Lanturn|318\/401|[from] item: Leftovers
|-heal|p2a: Slowking|369\/394|[from] item: Leftovers
|turn|14
|c|âTipsy Russian|i still dont know how this get fire blast
|
|move|p1a: Lanturn|Toxic|p2a: Slowking
|-status|p2a: Slowking|tox
|move|p2a: Slowking|Psyshock|p1a: Lanturn
|-damage|p1a: Lanturn|215\/401
|
|-heal|p1a: Lanturn|240\/401|[from] item: Leftovers
|-heal|p2a: Slowking|393\/394 tox|[from] item: Leftovers
|-damage|p2a: Slowking|369\/394 tox|[from] psn
|turn|15
|c| LessThanThreeMan|slowking just has a god movepool tbh
|
|switch|p2a: Granbull|Granbull, M|384\/384
|-damage|p2a: Granbull|336\/384|[from] Stealth Rock
|-ability|p2a: Granbull|Intimidate|[of] p1a: Lanturn
|-unboost|p1a: Lanturn|atk|1
|move|p1a: Lanturn|Volt Switch|p2a: Granbull
|-damage|p2a: Granbull|233\/384
|
|switch|p1a: DMT|Shedinja, shiny|1\/1
|
|-heal|p2a: Granbull|257\/384|[from] item: Leftovers
|turn|16
|
|switch|p1a: Lanturn|Lanturn, M, shiny|240\/401
|switch|p2a: big hippo|Hippowdon, M|358\/420
|-damage|p2a: big hippo|332\/420|[from] Stealth Rock
|-weather|Sandstorm
|
|-weather|Sandstorm|[upkeep]
|-damage|p1a: Lanturn|215\/401|[from] sandstorm
|-heal|p1a: Lanturn|240\/401|[from] item: Leftovers
|turn|17
|
|switch|p2a: Cradily|Cradily, M|98\/376 tox
|-damage|p2a: Cradily|51\/376 tox|[from] Stealth Rock
|move|p1a: Lanturn|Scald|p2a: Cradily
|-boost|p2a: Cradily|spa|1|[from] ability: Storm Drain
|
|-weather|Sandstorm|[upkeep]
|-damage|p1a: Lanturn|215\/401|[from] sandstorm
|-heal|p1a: Lanturn|240\/401|[from] item: Leftovers
|-damage|p2a: Cradily|28\/376 tox|[from] psn
|turn|18
|
|switch|p1a: Archeops|Archeops, M|197\/291
|move|p2a: Cradily|Toxic|p1a: Archeops
|-status|p1a: Archeops|tox
|
|-weather|Sandstorm|[upkeep]
|-heal|p1a: Archeops|215\/291 tox|[from] item: Leftovers
|-damage|p1a: Archeops|197\/291 tox|[from] psn
|-damage|p2a: Cradily|0 fnt|[from] psn
|faint|p2a: Cradily
|
|switch|p2a: Sandslash|Sandslash, M|263\/292
|-damage|p2a: Sandslash|245\/292|[from] Stealth Rock
|turn|19
|
|move|p2a: Sandslash|Stone Edge|p1a: Archeops|[miss]
|-miss|p2a: Sandslash|p1a: Archeops
|move|p1a: Archeops|U-turn|p2a: Sandslash
|-damage|p2a: Sandslash|170\/292
|
|switch|p1a: Voltbeatdown|Dugtrio, M|211\/211
|
|-weather|Sandstorm|[upkeep]
|turn|20
|c|âTipsy Russian|niiiiiiiiice
|c| Emma Bae â¥|:(
|
|move|p2a: Sandslash|Rapid Spin|p1a: Voltbeatdown
|-crit|p1a: Voltbeatdown
|-damage|p1a: Voltbeatdown|140\/211
|-sideend|p2: Tipsy Russian|Stealth Rock|[from] move: Rapid Spin|[of] p2a: Sandslash
|-damage|p2a: Sandslash|141\/292|[from] item: Life Orb
|move|p1a: Voltbeatdown|Earthquake|p2a: Sandslash
|-crit|p2a: Sandslash
|-damage|p2a: Sandslash|0 fnt
|faint|p2a: Sandslash
|
|-weather|Sandstorm|[upkeep]
|c|âTipsy Russian|...
|c| Emma Bae â¥|haxhaxhaxhax
|c| LessThanThreeMan|reveal sand veil next imo
|
|switch|p2a: Slowking|Slowking, F|394\/394 tox
|turn|21
|c| LessThanThreeMan|:^]
|
|switch|p1a: Lanturn|Lanturn, M, shiny|240\/401
|move|p2a: Slowking|Psyshock|p1a: Lanturn
|-damage|p1a: Lanturn|143\/401
|
|-weather|Sandstorm|[upkeep]
|-damage|p1a: Lanturn|118\/401|[from] sandstorm
|-damage|p2a: Slowking|370\/394 tox|[from] sandstorm
|-heal|p1a: Lanturn|143\/401|[from] item: Leftovers
|-heal|p2a: Slowking|394\/394 tox|[from] item: Leftovers
|-damage|p2a: Slowking|370\/394 tox|[from] psn
|turn|22
|
|move|p1a: Lanturn|Volt Switch|p2a: Slowking
|-supereffective|p2a: Slowking
|-damage|p2a: Slowking|250\/394 tox
|
|switch|p1a: Archeops|Archeops, M|197\/291 tox
|move|p2a: Slowking|Psyshock|p1a: Archeops
|-damage|p1a: Archeops|53\/291 tox
|
|-weather|Sandstorm|[upkeep]
|-damage|p2a: Slowking|226\/394 tox|[from] sandstorm
|-heal|p1a: Archeops|71\/291 tox|[from] item: Leftovers
|-heal|p2a: Slowking|250\/394 tox|[from] item: Leftovers
|-damage|p1a: Archeops|53\/291 tox|[from] psn
|-damage|p2a: Slowking|202\/394 tox|[from] psn
|turn|23
|
|switch|p2a: Granbull|Granbull, M|257\/384
|-ability|p2a: Granbull|Intimidate|[of] p1a: Archeops
|-unboost|p1a: Archeops|atk|1
|move|p1a: Archeops|U-turn|p2a: Granbull
|-resisted|p2a: Granbull
|-damage|p2a: Granbull|244\/384
|c|âTipsy Russian|my only hope is that you arent safety gogges for some reason
|c|âxMarth|did not think to use safety goggles lmao
|
|switch|p1a: Voltbeatdown|Dugtrio, M|140\/211
|
|-weather|none
|-heal|p2a: Granbull|268\/384|[from] item: Leftovers
|turn|24
|join|WishingJirachi7
|
|move|p1a: Voltbeatdown|Earthquake|p2a: Granbull
|-damage|p2a: Granbull|160\/384
|move|p2a: Granbull|Rest|p2a: Granbull
|-status|p2a: Granbull|slp
|-heal|p2a: Granbull|384\/384 slp|[silent]
|-status|p2a: Granbull|slp|[from] move: Rest
|
|turn|25
|
|move|p1a: Voltbeatdown|Stealth Rock|p2a: Granbull
|-sidestart|p2: Tipsy Russian|move: Stealth Rock
|cant|p2a: Granbull|slp
|move|p2a: Granbull|Sleep Talk|p2a: Granbull
|move|p2a: Granbull|Rest|p2a: Granbull|[from]Sleep Talk
|-fail|p2a: Granbull
|
|turn|26
|c| Emma Bae â¥|whats dat tipsy
|c|âTipsy Russian|i was expecting more
|c| Emma Bae â¥|lol fair enough
|c|âxMarth|well its just sash
|c|âTipsy Russian|sash dug is weak
|c|âTipsy Russian|lol
|
|switch|p1a: Lanturn|Lanturn, M, shiny|143\/401
|cant|p2a: Granbull|slp
|move|p2a: Granbull|Sleep Talk|p2a: Granbull
|move|p2a: Granbull|Rest|p2a: Granbull|[from]Sleep Talk
|-fail|p2a: Granbull
|
|-heal|p1a: Lanturn|168\/401|[from] item: Leftovers
|turn|27
|c| Emma Bae â¥|lol
|c|âTipsy Russian|i am getting so unlucky
|
|move|p1a: Lanturn|Volt Switch|p2a: Granbull
|-crit|p2a: Granbull
|-damage|p2a: Granbull|227\/384 slp
|
|switch|p1a: Archeops|Archeops, M|53\/291 tox
|-curestatus|p2a: Granbull|slp
|move|p2a: Granbull|Play Rough|p1a: Archeops
|-damage|p1a: Archeops|0 fnt
|faint|p1a: Archeops
|
|-heal|p2a: Granbull|251\/384|[from] item: Leftovers
|c| Emma Bae â¥|lol another crit :']
|
|switch|p1a: DMT|Shedinja, shiny|1\/1
|turn|28
|
|switch|p2a: Slowking|Slowking, F|333\/394 tox
|-damage|p2a: Slowking|284\/394 tox|[from] Stealth Rock
|move|p1a: DMT|X-Scissor|p2a: Slowking
|-supereffective|p2a: Slowking
|-damage|p2a: Slowking|78\/394 tox
|
|-heal|p2a: Slowking|102\/394 tox|[from] item: Leftovers
|-damage|p2a: Slowking|78\/394 tox|[from] psn
|turn|29
|
|switch|p1a: Lanturn|Lanturn, M, shiny|168\/401
|move|p2a: Slowking|Psyshock|p1a: Lanturn
|-damage|p1a: Lanturn|68\/401
|
|-heal|p1a: Lanturn|93\/401|[from] item: Leftovers
|-heal|p2a: Slowking|102\/394 tox|[from] item: Leftovers
|-damage|p2a: Slowking|54\/394 tox|[from] psn
|turn|30
|leave|WishingJirachi7
|
|move|p1a: Lanturn|Volt Switch|p2a: Slowking
|-supereffective|p2a: Slowking
|-damage|p2a: Slowking|0 fnt
|faint|p2a: Slowking
|
|switch|p1a: DMT|Shedinja, shiny|1\/1
|
|
|switch|p2a: big hippo|Hippowdon, M|332\/420
|-damage|p2a: big hippo|306\/420|[from] Stealth Rock
|-weather|Sandstorm
|turn|31
|
|switch|p1a: Voltbeatdown|Dugtrio, M|140\/211
|move|p2a: big hippo|Whirlwind|p1a: Voltbeatdown
|drag|p1a: Lanturn|Lanturn, M, shiny|93\/401
|
|-weather|Sandstorm|[upkeep]
|-damage|p1a: Lanturn|68\/401|[from] sandstorm
|-heal|p1a: Lanturn|93\/401|[from] item: Leftovers
|turn|32
|c|âTipsy Russian|bummer
|c| Colbrushie|rip
|c|âxMarth|critburn
|c| Emma Bae â¥|lol
|c| Emma Bae â¥|stealth rocks
|c| Emma Bae â¥|here
|c|âTipsy Russian|dont say critburn
|c| Colbrushie|burncrit
|c|âTipsy Russian|its gonna happen
|c| Colbrushie|then
|c|âxMarth|critburn is best scald
|c| LessThanThreeMan|britcurn
|c| Emma Bae â¥|lol
|c| LessThanThreeMan|britcurn is play here
|
|move|p1a: Lanturn|Scald|p2a: big hippo
|-supereffective|p2a: big hippo
|-damage|p2a: big hippo|102\/420
|move|p2a: big hippo|Earthquake|p1a: Lanturn
|-supereffective|p1a: Lanturn
|-damage|p1a: Lanturn|0 fnt
|faint|p1a: Lanturn
|
|-weather|Sandstorm|[upkeep]
|c| Colbrushie|d: none of the above
|
|switch|p1a: Voltbeatdown|Dugtrio, M|140\/211
|turn|33
|
|move|p1a: Voltbeatdown|Earthquake|p2a: big hippo
|-damage|p2a: big hippo|21\/420
|move|p2a: big hippo|Slack Off|p2a: big hippo
|-heal|p2a: big hippo|231\/420
|
|-weather|Sandstorm|[upkeep]
|turn|34
|c| Emma Bae â¥|tipsy u hav nothing for shedi now
|c|âTipsy Russian|sandstorm
|c| Colbrushie|except a hippowdon
|c| Emma Bae â¥|ohhh ofc
|c|âxMarth|except he has hippo
|c|âTipsy Russian|and stone edge
|c| Emma Bae â¥|lol
|c|âxMarth|cause duggy a shit
|
|move|p1a: Voltbeatdown|Earthquake|p2a: big hippo
|-damage|p2a: big hippo|143\/420
|move|p2a: big hippo|Slack Off|p2a: big hippo
|-heal|p2a: big hippo|353\/420
|
|-weather|Sandstorm|[upkeep]
|turn|35
|
|move|p1a: Voltbeatdown|Earthquake|p2a: big hippo
|-damage|p2a: big hippo|271\/420
|move|p2a: big hippo|Earthquake|p1a: Voltbeatdown
|-damage|p1a: Voltbeatdown|0 fnt
|faint|p1a: Voltbeatdown
|
|-weather|Sandstorm|[upkeep]
|c| Emma Bae â¥|i cant see how marth can win this :\/
|c| LessThanThreeMan|where is your band?
|
|switch|p1a: DMT|Shedinja, shiny|1\/1
|turn|36
|c| LessThanThreeMan|:[
|
|move|p1a: DMT|X-Scissor|p2a: big hippo
|-damage|p2a: big hippo|187\/420
|move|p2a: big hippo|Slack Off|p2a: big hippo
|-heal|p2a: big hippo|397\/420
|
|-weather|Sandstorm|[upkeep]
|-damage|p1a: DMT|0 fnt|[from] sandstorm
|faint|p1a: DMT
|
|win|Tipsy Russian
|c|âTipsy Russian|gg
|c|âxMarth|forgot saftey goggs gg
|leave|blitzfiend
|c|âxMarth|take dugs