|join|chinchou33
|join|Tipsy Russian
|player|p1|chinchou33|124
|player|p2|Tipsy Russian|47
|gametype|singles
|gen|6
|tier|UU
|rated
|rule|Sleep Clause Mod: Limit one foe put to sleep
|rule|Species Clause: Limit one of each PokÃ©mon
|rule|OHKO Clause: OHKO moves are banned
|rule|Moody Clause: Moody is banned
|rule|Evasion Moves Clause: Evasion moves are banned
|rule|Endless Battle Clause: Forcing endless battles is banned
|rule|HP Percentage Mod: HP is shown in percentages
|clearpoke
|poke|p1|Galvantula, M
|poke|p1|Porygon-Z
|poke|p1|Celebi
|poke|p1|Jirachi
|poke|p1|Starmie
|poke|p1|Honchkrow, F
|poke|p2|Celebi
|poke|p2|Nidoqueen, F
|poke|p2|Vaporeon, M
|poke|p2|Spiritomb, F
|poke|p2|Infernape, F
|poke|p2|Aerodactyl, F
|rule|Swagger Clause: Swagger is banned
|rule|Baton Pass Clause: Limit one PokÃ©mon knowing Baton Pass
|teampreview
|
|start
|switch|p1a: Galvantula|Galvantula, M|281\/281
|switch|p2a: Nidoqueen|Nidoqueen, F|383\/383
|turn|1
|
|move|p1a: Galvantula|Sticky Web|p2a: Nidoqueen
|-sidestart|p2: Tipsy Russian|move: Sticky Web
|move|p2a: Nidoqueen|Sludge Wave|p1a: Galvantula
|-damage|p1a: Galvantula|98\/281
|
|turn|2
|
|move|p1a: Galvantula|Giga Drain|p2a: Nidoqueen
|-damage|p2a: Nidoqueen|298\/383
|-heal|p1a: Galvantula|141\/281|[from] drain|[of] p2a: Nidoqueen
|move|p2a: Nidoqueen|Earth Power|p1a: Galvantula
|-damage|p1a: Galvantula|0 fnt
|faint|p1a: Galvantula
|
|-heal|p2a: Nidoqueen|321\/383|[from] item: Black Sludge
|
|switch|p1a: Starmie|Starmie|261\/261
|turn|3
|
|switch|p2a: Vaporeon|Vaporeon, M|463\/463
|-activate|p2a: Vaporeon|move: Sticky Web
|-unboost|p2a: Vaporeon|spe|1
|move|p1a: Starmie|Scald|p2a: Vaporeon
|-immune|p2a: Vaporeon|[msg]
|
|turn|4
|
|move|p1a: Starmie|Thunderbolt|p2a: Vaporeon
|-supereffective|p2a: Vaporeon
|-damage|p2a: Vaporeon|271\/463
|-damage|p1a: Starmie|235\/261|[from] item: Life Orb
|move|p2a: Vaporeon|Toxic|p1a: Starmie
|-status|p1a: Starmie|tox
|
|-heal|p2a: Vaporeon|299\/463|[from] item: Leftovers
|-damage|p1a: Starmie|219\/261 tox|[from] psn
|turn|5
|
|switch|p1a: Celebi|Celebi|341\/341
|move|p2a: Vaporeon|Wish|p2a: Vaporeon
|
|-heal|p2a: Vaporeon|327\/463|[from] item: Leftovers
|turn|6
|
|switch|p2a: Aerodactyl|Aerodactyl, F|363\/363
|-ability|p2a: Aerodactyl|Pressure
|move|p1a: Celebi|Swords Dance|p1a: Celebi
|-boost|p1a: Celebi|atk|2
|
|turn|7
|
|detailschange|p2a: Aerodactyl|Aerodactyl-Mega, F
|message|Aerodactyl has Mega Evolved into Mega Aerodactyl!
|move|p2a: Aerodactyl|Defog|p1a: Celebi
|-unboost|p1a: Celebi|evasion|1
|-sideend|p2: Tipsy Russian|Sticky Web|[from] move: Defog|[of] p2a: Aerodactyl
|move|p1a: Celebi|Seed Bomb|p2a: Aerodactyl
|-damage|p2a: Aerodactyl|77\/363
|
|turn|8
|
|move|p1a: Celebi|Sucker Punch|p2a: Aerodactyl
|-damage|p2a: Aerodactyl|0 fnt
|faint|p2a: Aerodactyl
|
|
|switch|p2a: Nidoqueen|Nidoqueen, F|321\/383
|turn|9
|
|move|p1a: Celebi|Zen Headbutt|p2a: Nidoqueen
|-supereffective|p2a: Nidoqueen
|-damage|p2a: Nidoqueen|0 fnt
|faint|p2a: Nidoqueen
|
|
|switch|p2a: Spiritomb|Spiritomb, F|304\/304
|turn|10
|
|move|p1a: Celebi|Sucker Punch|p2a: Spiritomb
|-damage|p2a: Spiritomb|191\/304
|move|p2a: Spiritomb|Foul Play|p1a: Celebi
|-supereffective|p1a: Celebi
|-damage|p1a: Celebi|0 fnt
|faint|p1a: Celebi
|
|-heal|p2a: Spiritomb|210\/304|[from] item: Leftovers
|
|switch|p1a: Honchkrow|Honchkrow, F|377\/377
|turn|11
|
|move|p1a: Honchkrow|Brave Bird|p2a: Spiritomb
|-damage|p2a: Spiritomb|6\/304
|-damage|p1a: Honchkrow|310\/377|[from] recoil|[of] p2a: Spiritomb
|-damage|p1a: Honchkrow|273\/377|[from] item: Life Orb
|move|p2a: Spiritomb|Will-O-Wisp|p1a: Honchkrow
|-status|p1a: Honchkrow|brn
|
|-heal|p2a: Spiritomb|25\/304|[from] item: Leftovers
|-damage|p1a: Honchkrow|226\/377 brn|[from] brn
|turn|12
|
|move|p1a: Honchkrow|Brave Bird|p2a: Spiritomb
|-damage|p2a: Spiritomb|0 fnt
|-damage|p1a: Honchkrow|218\/377 brn|[from] recoil|[of] p2a: Spiritomb
|-damage|p1a: Honchkrow|181\/377 brn|[from] item: Life Orb
|faint|p2a: Spiritomb
|-boost|p1a: Honchkrow|atk|1|[from] ability: Moxie
|
|-damage|p1a: Honchkrow|134\/377 brn|[from] brn
|
|switch|p2a: Infernape|Infernape, F|293\/293
|turn|13
|
|move|p1a: Honchkrow|Sucker Punch|p2a: Infernape
|-resisted|p2a: Infernape
|-damage|p2a: Infernape|190\/293
|-damage|p1a: Honchkrow|97\/377 brn|[from] item: Life Orb
|move|p2a: Infernape|Close Combat|p1a: Honchkrow
|-damage|p1a: Honchkrow|0 fnt
|-unboost|p2a: Infernape|def|1
|-unboost|p2a: Infernape|spd|1
|-damage|p2a: Infernape|161\/293|[from] item: Life Orb
|faint|p1a: Honchkrow
|
|
|switch|p1a: Starmie|Starmie|219\/261 tox
|turn|14
|
|switch|p1a: Porygon-Z|Porygon-Z|312\/312
|-boost|p1a: Porygon-Z|atk|1|[from] ability: Download
|move|p2a: Infernape|Grass Knot|p1a: Porygon-Z
|-damage|p1a: Porygon-Z|226\/312
|-damage|p2a: Infernape|132\/293|[from] item: Life Orb
|
|turn|15
|
|switch|p1a: Jirachi|Jirachi|404\/404
|move|p2a: Infernape|Close Combat|p1a: Jirachi
|-damage|p1a: Jirachi|177\/404
|-unboost|p2a: Infernape|def|1
|-unboost|p2a: Infernape|spd|1
|-damage|p2a: Infernape|103\/293|[from] item: Life Orb
|
|-heal|p1a: Jirachi|202\/404|[from] item: Leftovers
|turn|16
|
|move|p2a: Infernape|Close Combat|p1a: Jirachi
|-damage|p1a: Jirachi|0 fnt
|-unboost|p2a: Infernape|def|1
|-unboost|p2a: Infernape|spd|1
|-damage|p2a: Infernape|74\/293|[from] item: Life Orb
|faint|p1a: Jirachi
|
|
|switch|p1a: Starmie|Starmie|219\/261 tox
|turn|17
|
|move|p1a: Starmie|Thunderbolt|p2a: Infernape
|-damage|p2a: Infernape|0 fnt
|-damage|p1a: Starmie|193\/261 tox|[from] item: Life Orb
|faint|p2a: Infernape
|
|-damage|p1a: Starmie|177\/261 tox|[from] psn
|
|switch|p2a: Celebi|Celebi|341\/341
|turn|18
|
|move|p1a: Starmie|Scald|p2a: Celebi
|-resisted|p2a: Celebi
|-damage|p2a: Celebi|271\/341
|-status|p2a: Celebi|brn
|-damage|p1a: Starmie|151\/261 tox|[from] item: Life Orb
|move|p2a: Celebi|Swords Dance|p2a: Celebi
|-boost|p2a: Celebi|atk|2
|
|-heal|p2a: Celebi|292\/341 brn|[from] item: Leftovers
|-damage|p1a: Starmie|119\/261 tox|[from] psn
|-damage|p2a: Celebi|250\/341 brn|[from] brn
|turn|19
|
|move|p1a: Starmie|Scald|p2a: Celebi
|-resisted|p2a: Celebi
|-damage|p2a: Celebi|179\/341 brn
|-damage|p1a: Starmie|93\/261 tox|[from] item: Life Orb
|move|p2a: Celebi|Seed Bomb|p1a: Starmie
|-supereffective|p1a: Starmie
|-damage|p1a: Starmie|0 fnt
|faint|p1a: Starmie
|
|-heal|p2a: Celebi|200\/341 brn|[from] item: Leftovers
|-damage|p2a: Celebi|158\/341 brn|[from] brn
|
|switch|p1a: Porygon-Z|Porygon-Z|226\/312
|-boost|p1a: Porygon-Z|atk|1|[from] ability: Download
|turn|20
|
|move|p2a: Celebi|Sucker Punch|p1a: Porygon-Z
|-damage|p1a: Porygon-Z|110\/312
|move|p1a: Porygon-Z|Ice Beam|p2a: Celebi
|-supereffective|p2a: Celebi
|-damage|p2a: Celebi|0 fnt
|-damage|p1a: Porygon-Z|79\/312|[from] item: Life Orb
|faint|p2a: Celebi
|
|
|switch|p2a: Vaporeon|Vaporeon, M|327\/463
|turn|21
|
|move|p1a: Porygon-Z|Thunderbolt|p2a: Vaporeon
|-supereffective|p2a: Vaporeon
|-damage|p2a: Vaporeon|49\/463
|-status|p2a: Vaporeon|par
|-damage|p1a: Porygon-Z|48\/312|[from] item: Life Orb
|move|p2a: Vaporeon|Wish|p2a: Vaporeon
|
|-heal|p2a: Vaporeon|77\/463 par|[from] item: Leftovers
|turn|22
|
|move|p2a: Vaporeon|Protect|p2a: Vaporeon
|-singleturn|p2a: Vaporeon|Protect
|move|p1a: Porygon-Z|Nasty Plot|p1a: Porygon-Z
|-boost|p1a: Porygon-Z|spa|2
|
|-heal|p2a: Vaporeon|308\/463 par|[from] move: Wish|[wisher] Vaporeon
|-heal|p2a: Vaporeon|336\/463 par|[from] item: Leftovers
|turn|23
|
|move|p1a: Porygon-Z|Thunderbolt|p2a: Vaporeon
|-supereffective|p2a: Vaporeon
|-damage|p2a: Vaporeon|0 fnt
|-damage|p1a: Porygon-Z|17\/312|[from] item: Life Orb
|faint|p2a: Vaporeon
|
|win|chinchou33
|raw|Ladder updating...
|c|âchinchou33|gg
|raw|chinchou33's rating: 1399 &rarr; <strong>1421<\/strong><br \/>(+22 for winning)
|raw|Tipsy Russian's rating: 1436 &rarr; <strong>1414<\/strong><br \/>(-22 for losing)
|leave|Tipsy Russian
|player|p2