|join|Tipsy Russian
|join|dodmen
|player|p1|Tipsy Russian|47
|player|p2|dodmen|171
|gametype|singles
|gen|6
|tier|UU
|rule|Sleep Clause Mod: Limit one foe put to sleep
|rule|Species Clause: Limit one of each PokÃ©mon
|rule|OHKO Clause: OHKO moves are banned
|rule|Moody Clause: Moody is banned
|rule|Evasion Moves Clause: Evasion moves are banned
|rule|Endless Battle Clause: Forcing endless battles is banned
|rule|HP Percentage Mod: HP is shown in percentages
|clearpoke
|poke|p1|Hippowdon, M
|poke|p1|Stoutland, M
|poke|p1|Goodra, F
|poke|p1|Serperior, M
|poke|p1|Roserade, F
|poke|p1|Vaporeon, F
|poke|p2|Serperior, F
|poke|p2|Aggron, M
|poke|p2|Slowking, F
|poke|p2|Krookodile, M
|poke|p2|Florges, F
|poke|p2|Mienshao, M
|rule|Swagger Clause: Swagger is banned
|rule|Baton Pass Clause: Limit one PokÃ©mon knowing Baton Pass
|teampreview
|join|Snowballin
|c| Snowballin|reserve spectating rights
|c| Snowballin|lel
|c|âTipsy Russian|my shao checks
|c|âdodmen|ok serp + rose
|c|âdodmen|gg
|c|âTipsy Russian|are unbelievably high
|
|start
|switch|p1a: Vaporeon|Vaporeon, F|451\/451
|switch|p2a: Krookodile|Krookodile, M|331\/331
|-ability|p2a: Krookodile|Intimidate|[of] p1a: Vaporeon
|-unboost|p1a: Vaporeon|atk|1
|turn|1
|
|switch|p2a: Slowking|Slowking, F|391\/391
|move|p1a: Vaporeon|Scald|p2a: Slowking
|-resisted|p2a: Slowking
|-damage|p2a: Slowking|346\/391
|
|-heal|p2a: Slowking|370\/391|[from] item: Leftovers
|turn|2
|
|switch|p1a: Goodra|Goodra, F|346\/346
|move|p2a: Slowking|Psyshock|p1a: Goodra
|-damage|p1a: Goodra|211\/346
|
|-heal|p2a: Slowking|391\/391|[from] item: Leftovers
|turn|3
|join|Gogoplata
|
|switch|p2a: Florges|Florges, F|359\/359
|move|p1a: Goodra|Power Whip|p2a: Florges
|-damage|p2a: Florges|175\/359
|
|-heal|p2a: Florges|197\/359|[from] item: Leftovers
|turn|4
|c|âdodmen|ok
|c| Snowballin|focus punch where
|c| Snowballin|:
|c| Snowballin|[
|c|âdodmen|that's a bit OP
|
|switch|p1a: Hippowdon|Hippowdon, M|419\/419
|-weather|Sandstorm
|move|p2a: Florges|Wish|p2a: Florges
|
|-weather|Sandstorm|[upkeep]
|-damage|p2a: Florges|175\/359|[from] sandstorm
|-heal|p2a: Florges|197\/359|[from] item: Leftovers
|turn|5
|c| Snowballin|switch on the whirlwind and come back in
|c| Snowballin|LOL
|
|switch|p1a: Roserade|Roserade, F|261\/261
|move|p2a: Florges|Moonblast|p1a: Roserade
|-resisted|p1a: Roserade
|-damage|p1a: Roserade|205\/261
|
|-weather|Sandstorm|[upkeep]
|-damage|p1a: Roserade|189\/261|[from] sandstorm
|-damage|p2a: Florges|175\/359|[from] sandstorm
|-heal|p2a: Florges|354\/359|[from] move: Wish|[wisher] Florges
|-heal|p2a: Florges|359\/359|[from] item: Leftovers
|turn|6
|c|âTipsy Russian|o
|
|switch|p2a: Krookodile|Krookodile, M|331\/331
|-ability|p2a: Krookodile|Intimidate|[of] p1a: Roserade
|-unboost|p1a: Roserade|atk|1
|move|p1a: Roserade|Giga Drain|p2a: Krookodile
|-supereffective|p2a: Krookodile
|-damage|p2a: Krookodile|0 fnt
|-heal|p1a: Roserade|261\/261|[from] drain|[of] p2a: Krookodile
|-damage|p1a: Roserade|235\/261|[from] item: Life Orb
|faint|p2a: Krookodile
|
|-weather|Sandstorm|[upkeep]
|-damage|p1a: Roserade|219\/261|[from] sandstorm
|c|âdodmen|rip
|c|âdodmen|my ground type
|c|âdodmen|was my only roserade check
|
|switch|p2a: Aggron|Aggron, M|344\/344
|turn|7
|c|âTipsy Russian|o
|c|âTipsy Russian|!learn roserade, focus blast
|raw|<div class="infobox">Roserade <span class="message-learn-cannotlearn">can't<\/span> learn Focus Blast<\/div>
|
|detailschange|p2a: Aggron|Aggron-Mega, M
|-mega|p2a: Aggron|Aggron|Aggronite
|move|p1a: Roserade|Weather Ball|p2a: Aggron
|-resisted|p2a: Aggron
|-damage|p2a: Aggron|275\/344
|-damage|p1a: Roserade|193\/261|[from] item: Life Orb
|move|p2a: Aggron|Stealth Rock|p1a: Roserade
|-sidestart|p1: Tipsy Russian|move: Stealth Rock
|
|-weather|Sandstorm|[upkeep]
|-damage|p1a: Roserade|177\/261|[from] sandstorm
|turn|8
|c|âTipsy Russian|wot
|c|âTipsy Russian|is it not ground
|c|âdodmen|it's rock
|c|âTipsy Russian|o
|c|âdodmen|that's why it's a bat lure
|c|âTipsy Russian|thats brilliant
|c|âTipsy Russian|then why i am running esensory
|c|âTipsy Russian|oof
|
|switch|p1a: Vaporeon|Vaporeon, F|451\/451
|-damage|p1a: Vaporeon|395\/451|[from] Stealth Rock
|move|p2a: Aggron|Roar|p1a: Vaporeon
|drag|p1a: Stoutland|Stoutland, M|311\/311
|-damage|p1a: Stoutland|273\/311|[from] Stealth Rock
|
|-weather|Sandstorm|[upkeep]
|turn|9
|c| Gogoplata|for other roserades
|c|âTipsy Russian|and chesnaught i guess
|c|âTipsy Russian|could run dgleam for hydra
|c|âTipsy Russian|hm
|
|switch|p1a: Vaporeon|Vaporeon, F|395\/451
|-damage|p1a: Vaporeon|339\/451|[from] Stealth Rock
|move|p2a: Aggron|Heavy Slam|p1a: Vaporeon
|-resisted|p1a: Vaporeon
|-damage|p1a: Vaporeon|238\/451
|
|-weather|Sandstorm|[upkeep]
|-damage|p1a: Vaporeon|210\/451|[from] sandstorm
|-heal|p1a: Vaporeon|238\/451|[from] item: Leftovers
|turn|10
|
|move|p1a: Vaporeon|Wish|p1a: Vaporeon
|move|p2a: Aggron|Earthquake|p1a: Vaporeon
|-damage|p1a: Vaporeon|118\/451
|
|-weather|Sandstorm|[upkeep]
|-damage|p1a: Vaporeon|90\/451|[from] sandstorm
|-heal|p1a: Vaporeon|118\/451|[from] item: Leftovers
|turn|11
|leave|Gogoplata
|
|move|p1a: Vaporeon|Scald|p2a: Aggron
|-damage|p2a: Aggron|182\/344
|move|p2a: Aggron|Roar|p1a: Vaporeon
|drag|p1a: Stoutland|Stoutland, M|273\/311
|-damage|p1a: Stoutland|235\/311|[from] Stealth Rock
|
|-weather|none
|-heal|p1a: Stoutland|311\/311|[from] move: Wish|[wisher] Vaporeon
|turn|12
|c|âdodmen|clean af
|
|move|p1a: Stoutland|Fire Fang|p2a: Aggron
|-supereffective|p2a: Aggron
|-damage|p2a: Aggron|101\/344
|cant|p2a: Aggron|flinch
|
|turn|13
|c|âTipsy Russian|i wonder how stronk doge is
|c|âTipsy Russian|not stronk
|c|âTipsy Russian|o
|c|âdodmen|!
|c|âTipsy Russian|flinch and burn
|c|âTipsy Russian|and crit
|c|âTipsy Russian|noooooooooooot bad
|c|âTipsy Russian|triple hax chances
|c|âTipsy Russian|l0l
|
|switch|p1a: Serperior|Serperior, M|291\/291
|-damage|p1a: Serperior|255\/291|[from] Stealth Rock
|switch|p2a: Florges|Florges, F|359\/359
|
|-heal|p1a: Serperior|273\/291|[from] item: Leftovers
|turn|14
|join|Prof Varrick
|
|move|p1a: Serperior|Leaf Storm|p2a: Florges
|-damage|p2a: Florges|253\/359
|-boost|p1a: Serperior|spa|2
|move|p2a: Florges|Moonblast|p1a: Serperior
|-damage|p1a: Serperior|141\/291
|-boost|p1a: Serperior|spa|1
|
|-heal|p1a: Serperior|159\/291|[from] item: Leftovers
|-heal|p2a: Florges|275\/359|[from] item: Leftovers
|turn|15
|c|âdodmen|RIP
|c|âTipsy Russian|yeshhhhhhhhh
|c| Prof Varrick|lol
|
|switch|p2a: Slowking|Slowking, F|391\/391
|move|p1a: Serperior|Leaf Storm|p2a: Slowking
|-supereffective|p2a: Slowking
|-damage|p2a: Slowking|0 fnt
|-boost|p1a: Serperior|spa|2
|faint|p2a: Slowking
|
|-heal|p1a: Serperior|177\/291|[from] item: Leftovers
|c|âTipsy Russian|countered!!!
|
|switch|p2a: Mienshao|Mienshao, M|271\/271
|turn|16
|c|âTipsy Russian|this is a problem
|c|âTipsy Russian|tbh
|
|move|p2a: Mienshao|High Jump Kick|p1a: Serperior
|-damage|p1a: Serperior|0 fnt
|faint|p1a: Serperior
|
|c|âTipsy Russian|does roserade live hm
|c|âTipsy Russian|i hope so
|
|switch|p1a: Roserade|Roserade, F|177\/261
|-damage|p1a: Roserade|145\/261|[from] Stealth Rock
|turn|17
|
|move|p2a: Mienshao|High Jump Kick|p1a: Roserade
|-resisted|p1a: Roserade
|-damage|p1a: Roserade|0 fnt
|faint|p1a: Roserade
|
|c|âTipsy Russian|it does not
|c|âdodmen|67 max i believe
|c|âdodmen|min
|c|âdodmen|*
|c|âTipsy Russian|this is bad
|c|âTipsy Russian|real bad
|
|switch|p1a: Hippowdon|Hippowdon, M|419\/419
|-damage|p1a: Hippowdon|393\/419|[from] Stealth Rock
|-weather|Sandstorm
|turn|18
|
|switch|p2a: Florges|Florges, F|275\/359
|move|p1a: Hippowdon|Earthquake|p2a: Florges
|-damage|p2a: Florges|149\/359
|
|-weather|Sandstorm|[upkeep]
|-damage|p2a: Florges|127\/359|[from] sandstorm
|-heal|p2a: Florges|149\/359|[from] item: Leftovers
|turn|19
|c|âdodmen|why did that do so much
|c|âTipsy Russian|!!!
|join|BenzMafia
|
|switch|p1a: Stoutland|Stoutland, M|311\/311
|-damage|p1a: Stoutland|273\/311|[from] Stealth Rock
|move|p2a: Florges|Wish|p2a: Florges
|
|-weather|Sandstorm|[upkeep]
|-damage|p2a: Florges|127\/359|[from] sandstorm
|-heal|p2a: Florges|149\/359|[from] item: Leftovers
|turn|20
|
|switch|p2a: Aggron|Aggron-Mega, M|101\/344
|move|p1a: Stoutland|Frustration|p2a: Aggron
|-resisted|p2a: Aggron
|-damage|p2a: Aggron|46\/344
|
|-weather|Sandstorm|[upkeep]
|-heal|p2a: Aggron|225\/344|[from] move: Wish|[wisher] Florges
|turn|21
|c| Prof Varrick|Why switch out tipsy
|c|âTipsy Russian|idk
|c| Prof Varrick|lol
|c|âTipsy Russian|i cant break aggron
|c|âTipsy Russian|i dont think
|
|switch|p1a: Vaporeon|Vaporeon, F|118\/451
|-damage|p1a: Vaporeon|62\/451|[from] Stealth Rock
|switch|p2a: Florges|Florges, F|149\/359
|
|-weather|Sandstorm|[upkeep]
|-damage|p2a: Florges|127\/359|[from] sandstorm
|-damage|p1a: Vaporeon|34\/451|[from] sandstorm
|-heal|p2a: Florges|149\/359|[from] item: Leftovers
|-heal|p1a: Vaporeon|62\/451|[from] item: Leftovers
|turn|22
|
|move|p2a: Florges|Moonblast|p1a: Vaporeon
|-crit|p1a: Vaporeon
|-damage|p1a: Vaporeon|0 fnt
|faint|p1a: Vaporeon
|
|-weather|Sandstorm|[upkeep]
|-damage|p2a: Florges|127\/359|[from] sandstorm
|-heal|p2a: Florges|149\/359|[from] item: Leftovers
|
|switch|p1a: Goodra|Goodra, F|211\/346
|-damage|p1a: Goodra|168\/346|[from] Stealth Rock
|turn|23
|c|âdodmen|i don't think that mattered
|c|âdodmen|especially after sand
|c|âTipsy Russian|it didnt change anything
|c|âTipsy Russian|i sacked it regardless
|c|âdodmen|oh k
|
|move|p2a: Florges|Protect|p2a: Florges
|-singleturn|p2a: Florges|Protect
|move|p1a: Goodra|Earthquake|p2a: Florges
|-activate|p2a: Florges|Protect
|
|-weather|Sandstorm|[upkeep]
|-damage|p1a: Goodra|147\/346|[from] sandstorm
|-damage|p2a: Florges|127\/359|[from] sandstorm
|-heal|p2a: Florges|149\/359|[from] item: Leftovers
|turn|24
|
|switch|p2a: Serperior|Serperior, F|291\/291
|move|p1a: Goodra|Earthquake|p2a: Serperior
|-resisted|p2a: Serperior
|-damage|p2a: Serperior|212\/291
|
|-weather|Sandstorm|[upkeep]
|-damage|p2a: Serperior|194\/291|[from] sandstorm
|-damage|p1a: Goodra|126\/346|[from] sandstorm
|turn|25
|
|move|p2a: Serperior|Hidden Power|p1a: Goodra
|-resisted|p1a: Goodra
|-damage|p1a: Goodra|107\/346
|move|p1a: Goodra|Earthquake|p2a: Serperior
|-resisted|p2a: Serperior
|-damage|p2a: Serperior|115\/291
|
|-weather|none
|turn|26
|c|âdodmen|the chip damage
|c|âdodmen|is real
|c|âTipsy Russian|lol
|
|move|p2a: Serperior|Synthesis|p2a: Serperior
|-heal|p2a: Serperior|260\/291
|move|p1a: Goodra|Earthquake|p2a: Serperior
|-resisted|p2a: Serperior
|-damage|p2a: Serperior|173\/291
|
|turn|27
|c|âTipsy Russian|thats lovely
|
|move|p2a: Serperior|Hidden Power|p1a: Goodra
|-resisted|p1a: Goodra
|-damage|p1a: Goodra|89\/346
|move|p1a: Goodra|Earthquake|p2a: Serperior
|-resisted|p2a: Serperior
|-damage|p2a: Serperior|86\/291
|
|turn|28
|c|âTipsy Russian|cb goodra is nb
|
|move|p2a: Serperior|Synthesis|p2a: Serperior
|-heal|p2a: Serperior|231\/291
|move|p1a: Goodra|Earthquake|p2a: Serperior
|-resisted|p2a: Serperior
|-damage|p2a: Serperior|140\/291
|
|turn|29
|
|move|p2a: Serperior|Hidden Power|p1a: Goodra
|-resisted|p1a: Goodra
|-damage|p1a: Goodra|71\/346
|move|p1a: Goodra|Earthquake|p2a: Serperior
|-resisted|p2a: Serperior
|-damage|p2a: Serperior|49\/291
|
|turn|30
|
|move|p2a: Serperior|Synthesis|p2a: Serperior
|-heal|p2a: Serperior|194\/291
|move|p1a: Goodra|Earthquake|p2a: Serperior
|-resisted|p2a: Serperior
|-damage|p2a: Serperior|105\/291
|
|turn|31
|c|âdodmen|ok
|
|move|p2a: Serperior|Synthesis|p2a: Serperior
|-heal|p2a: Serperior|250\/291
|move|p1a: Goodra|Earthquake|p2a: Serperior
|-resisted|p2a: Serperior
|-damage|p2a: Serperior|167\/291
|
|turn|32
|c|âdodmen|these are all max rolls
|c|âTipsy Russian|really?
|
|move|p2a: Serperior|Hidden Power|p1a: Goodra
|-resisted|p1a: Goodra
|-damage|p1a: Goodra|54\/346
|move|p1a: Goodra|Earthquake|p2a: Serperior
|-resisted|p2a: Serperior
|-damage|p2a: Serperior|79\/291
|
|turn|33
|c|âTipsy Russian|goodra stronk
|
|move|p2a: Serperior|Synthesis|p2a: Serperior
|-heal|p2a: Serperior|224\/291
|move|p1a: Goodra|Earthquake|p2a: Serperior
|-resisted|p2a: Serperior
|-damage|p2a: Serperior|140\/291
|
|turn|34
|c|âTipsy Russian|how many sythesis are left
|c|âTipsy Russian|4?
|c|âdodmen|now 3
|
|switch|p2a: Florges|Florges, F|149\/359
|move|p1a: Goodra|Earthquake|p2a: Florges
|-damage|p2a: Florges|10\/359
|
|-heal|p2a: Florges|32\/359|[from] item: Leftovers
|turn|35
|c|âdodmen|that was min
|c|âdodmen|lol
|c|âTipsy Russian|noice
|
|move|p1a: Goodra|Earthquake|p2a: Florges
|-damage|p2a: Florges|0 fnt
|faint|p2a: Florges
|
|
|switch|p2a: Mienshao|Mienshao, M|271\/271
|turn|36
|c|âTipsy Russian|this is where i reveal gooey
|c|âdodmen|lol
|c|âdodmen|i'd be mad
|c|âTipsy Russian|the ruse!!!
|
|move|p2a: Mienshao|U-turn|p1a: Goodra
|-damage|p1a: Goodra|0 fnt
|faint|p1a: Goodra
|
|switch|p2a: Serperior|Serperior, F|140\/291
|
|
|switch|p1a: Hippowdon|Hippowdon, M|393\/419
|-damage|p1a: Hippowdon|367\/419|[from] Stealth Rock
|-weather|Sandstorm
|turn|37
|c| Snowballin|send in hippowdown
|c| Snowballin|and bleve in dog
|c|âTipsy Russian|hes gonna taunt stall
|c|âTipsy Russian|i believe
|
|move|p2a: Serperior|Leaf Storm|p1a: Hippowdon
|-supereffective|p1a: Hippowdon
|-damage|p1a: Hippowdon|0 fnt
|-boost|p2a: Serperior|spa|2
|faint|p1a: Hippowdon
|
|-weather|Sandstorm|[upkeep]
|-damage|p2a: Serperior|122\/291|[from] sandstorm
|c|âTipsy Russian|o
|c|âdodmen|nope
|c|âTipsy Russian|nevermind
|c|âdodmen|lol
|
|switch|p1a: Stoutland|Stoutland, M|273\/311
|-damage|p1a: Stoutland|235\/311|[from] Stealth Rock
|turn|38
|c|âTipsy Russian|i bleve in the 10% flinch and burn rate
|
|move|p1a: Stoutland|Fire Fang|p2a: Serperior
|-supereffective|p2a: Serperior
|-damage|p2a: Serperior|0 fnt
|faint|p2a: Serperior
|
|-weather|Sandstorm|[upkeep]
|c|âdodmen|i should have
|c|âdodmen|stalled a bit
|c|âdodmen|o.o
|c|âTipsy Russian|yes
|
|switch|p2a: Aggron|Aggron-Mega, M|225\/344
|turn|39
|c|âdodmen|i just didn't want you to go straight to dog
|c|âTipsy Russian|oh
|
|move|p1a: Stoutland|Fire Fang|p2a: Aggron
|-supereffective|p2a: Aggron
|-damage|p2a: Aggron|153\/344
|move|p2a: Aggron|Heavy Slam|p1a: Stoutland
|-damage|p1a: Stoutland|39\/311
|
|-weather|Sandstorm|[upkeep]
|turn|40
|c|âTipsy Russian|o
|c|âTipsy Russian|cmon doge
|c|âdodmen|it's not over
|c| Snowballin|just need 3 flinchs
|c|âdodmen|tbh
|
|move|p1a: Stoutland|Fire Fang|p2a: Aggron
|-supereffective|p2a: Aggron
|-damage|p2a: Aggron|84\/344
|move|p2a: Aggron|Heavy Slam|p1a: Stoutland
|-damage|p1a: Stoutland|0 fnt
|faint|p1a: Stoutland
|
|win|dodmen
|c|âdodmen|gg
|c|âTipsy Russian|its ogre
|c| Prof Varrick|Rip
|c|âTipsy Russian|ty
|leave|Snowballin
|c|âdodmen|np
|leave|dodmen
|leave|Prof Varrick
|c|âTipsy Russian|vape did jack all
|player|p2
|leave|Tipsy Russian
|leave|BenzMafia
|player|p1