|join|Janine 2.0
|join|sdarbzzz
|player|p1|Janine 2.0|158
|player|p2|sdarbzzz|163
|gametype|singles
|gen|6
|tier|UU
|rated
|rule|Sleep Clause Mod: Limit one foe put to sleep
|rule|Species Clause: Limit one of each PokÃ©mon
|rule|OHKO Clause: OHKO moves are banned
|rule|Moody Clause: Moody is banned
|rule|Evasion Moves Clause: Evasion moves are banned
|rule|Endless Battle Clause: Forcing endless battles is banned
|rule|HP Percentage Mod: HP is shown in percentages
|clearpoke
|poke|p1|Crobat, M
|poke|p1|Nidoking, M
|poke|p1|Toxicroak, F
|poke|p1|Ariados, M
|poke|p1|Beedrill, M
|poke|p1|Roserade, M
|poke|p2|Flygon, M
|poke|p2|Tentacruel, M
|poke|p2|Slurpuff, M
|poke|p2|Trevenant, F
|poke|p2|Aggron, M
|poke|p2|Galvantula, M
|rule|Swagger Clause: Swagger is banned
|rule|Baton Pass Clause: Limit one PokÃ©mon knowing Baton Pass
|teampreview
|
|start
|switch|p1a: Ariados|Ariados, M|281\/281
|switch|p2a: Sparx|Flygon, M|312\/312
|turn|1
|
|move|p2a: Sparx|Fire Blast|p1a: Ariados|[miss]
|-miss|p2a: Sparx|p1a: Ariados
|move|p1a: Ariados|Sticky Web|p2a: Sparx
|-sidestart|p2: sdarbzzz|move: Sticky Web
|
|turn|2
|
|move|p2a: Sparx|Fire Blast|p1a: Ariados
|-supereffective|p1a: Ariados
|-damage|p1a: Ariados|121\/281
|move|p1a: Ariados|Toxic Spikes|p2a: Sparx
|-sidestart|p2: sdarbzzz|move: Toxic Spikes
|
|turn|3
|
|switch|p2a: Phlegm|Tentacruel, M|344\/344
|-activate|p2a: Phlegm|move: Sticky Web
|-unboost|p2a: Phlegm|spe|1
|-sideend|p2: sdarbzzz|move: Toxic Spikes|[of] p2a: Phlegm
|move|p1a: Ariados|Sucker Punch|p2a: Phlegm
|-fail|p2a: Phlegm
|
|turn|4
|
|move|p2a: Phlegm|Substitute|p2a: Phlegm
|-start|p2a: Phlegm|Substitute
|-damage|p2a: Phlegm|258\/344
|move|p1a: Ariados|Toxic Spikes|p2a: Phlegm
|-sidestart|p2: sdarbzzz|move: Toxic Spikes
|
|-heal|p2a: Phlegm|279\/344|[from] item: Black Sludge
|turn|5
|
|move|p2a: Phlegm|Rapid Spin|p1a: Ariados
|-damage|p1a: Ariados|110\/281
|-sideend|p2: sdarbzzz|Toxic Spikes|[from] move: Rapid Spin|[of] p2a: Phlegm
|-sideend|p2: sdarbzzz|Sticky Web|[from] move: Rapid Spin|[of] p2a: Phlegm
|move|p1a: Ariados|Megahorn|p2a: Phlegm
|-resisted|p2a: Phlegm
|-activate|p2a: Phlegm|Substitute|[damage]
|
|-heal|p2a: Phlegm|300\/344|[from] item: Black Sludge
|turn|6
|
|move|p2a: Phlegm|Scald|p1a: Ariados
|-damage|p1a: Ariados|26\/281
|move|p1a: Ariados|Sticky Web|p2a: Phlegm
|-sidestart|p2: sdarbzzz|move: Sticky Web
|
|-heal|p2a: Phlegm|321\/344|[from] item: Black Sludge
|turn|7
|
|move|p1a: Ariados|Sucker Punch|p2a: Phlegm
|-end|p2a: Phlegm|Substitute
|move|p2a: Phlegm|Rapid Spin|p1a: Ariados
|-crit|p1a: Ariados
|-damage|p1a: Ariados|8\/281
|-sideend|p2: sdarbzzz|Sticky Web|[from] move: Rapid Spin|[of] p2a: Phlegm
|
|-heal|p2a: Phlegm|342\/344|[from] item: Black Sludge
|turn|8
|
|move|p2a: Phlegm|Rapid Spin|p1a: Ariados
|-damage|p1a: Ariados|0 fnt
|faint|p1a: Ariados
|
|-heal|p2a: Phlegm|344\/344|[from] item: Black Sludge
|
|switch|p1a: Roserade|Roserade, M|261\/261
|turn|9
|
|move|p1a: Roserade|Extrasensory|p2a: Phlegm
|-supereffective|p2a: Phlegm
|-damage|p2a: Phlegm|114\/344
|move|p2a: Phlegm|Substitute|p2a: Phlegm
|-start|p2a: Phlegm|Substitute
|-damage|p2a: Phlegm|28\/344
|
|-heal|p2a: Phlegm|49\/344|[from] item: Black Sludge
|turn|10
|
|move|p1a: Roserade|Extrasensory|p2a: Phlegm
|-supereffective|p2a: Phlegm
|-end|p2a: Phlegm|Substitute
|move|p2a: Phlegm|Sludge Bomb|p1a: Roserade
|-damage|p1a: Roserade|174\/261
|
|-heal|p2a: Phlegm|70\/344|[from] item: Black Sludge
|turn|11
|
|switch|p2a: Juggernaut|Aggron, M|344\/344
|move|p1a: Roserade|Extrasensory|p2a: Juggernaut
|-resisted|p2a: Juggernaut
|-damage|p2a: Juggernaut|230\/344
|
|turn|12
|
|switch|p1a: Nidoking|Nidoking, M|303\/303
|detailschange|p2a: Juggernaut|Aggron-Mega, M
|message|Aggron has Mega Evolved into Mega Aggron!
|move|p2a: Juggernaut|Thunder Wave|p1a: Nidoking
|-immune|p1a: Nidoking|[msg]
|
|turn|13
|
|switch|p2a: Sparx|Flygon, M|312\/312
|move|p1a: Nidoking|Earth Power|p2a: Sparx
|-immune|p2a: Sparx|[msg]
|
|turn|14
|
|move|p2a: Sparx|Earthquake|p1a: Nidoking
|-supereffective|p1a: Nidoking
|-damage|p1a: Nidoking|0 fnt
|faint|p1a: Nidoking
|
|
|switch|p1a: Crobat|Crobat, M|311\/311
|turn|15
|
|switch|p2a: Juggernaut|Aggron-Mega, M|230\/344
|move|p1a: Crobat|U-turn|p2a: Juggernaut
|-resisted|p2a: Juggernaut
|-damage|p2a: Juggernaut|205\/344
|
|switch|p1a: Toxicroak|Toxicroak, F|307\/307
|
|turn|16
|
|move|p1a: Toxicroak|Swords Dance|p1a: Toxicroak
|-boost|p1a: Toxicroak|atk|2
|move|p2a: Juggernaut|Stealth Rock|p1a: Toxicroak
|-sidestart|p1: Janine 2.0|move: Stealth Rock
|
|turn|17
|
|move|p1a: Toxicroak|Drain Punch|p2a: Juggernaut
|-supereffective|p2a: Juggernaut
|-damage|p2a: Juggernaut|0 fnt
|-damage|p1a: Toxicroak|277\/307|[from] item: Life Orb
|faint|p2a: Juggernaut
|
|
|switch|p2a: Sparx|Flygon, M|312\/312
|turn|18
|
|move|p1a: Toxicroak|Sucker Punch|p2a: Sparx
|-damage|p2a: Sparx|0 fnt
|-damage|p1a: Toxicroak|247\/307|[from] item: Life Orb
|faint|p2a: Sparx
|
|
|switch|p2a: Samuel|Trevenant, F|344\/344
|turn|19
|
|move|p1a: Toxicroak|Sucker Punch|p2a: Samuel
|-fail|p2a: Samuel
|move|p2a: Samuel|Will-O-Wisp|p1a: Toxicroak
|-status|p1a: Toxicroak|brn
|
|-damage|p1a: Toxicroak|209\/307 brn|[from] brn
|turn|20
|
|switch|p2a: Phlegm|Tentacruel, M|70\/344
|move|p1a: Toxicroak|Sucker Punch|p2a: Phlegm
|-fail|p2a: Phlegm
|
|-heal|p2a: Phlegm|91\/344|[from] item: Black Sludge
|-damage|p1a: Toxicroak|171\/307 brn|[from] brn
|turn|21
|
|move|p1a: Toxicroak|Earthquake|p2a: Phlegm
|-supereffective|p2a: Phlegm
|-damage|p2a: Phlegm|0 fnt
|-damage|p1a: Toxicroak|141\/307 brn|[from] item: Life Orb
|faint|p2a: Phlegm
|
|-damage|p1a: Toxicroak|103\/307 brn|[from] brn
|
|switch|p2a: Aragog|Galvantula, M|281\/281
|turn|22
|
|move|p1a: Toxicroak|Sucker Punch|p2a: Aragog
|-fail|p2a: Aragog
|move|p2a: Aragog|Sticky Web|p1a: Toxicroak
|-sidestart|p1: Janine 2.0|move: Sticky Web
|
|-damage|p1a: Toxicroak|65\/307 brn|[from] brn
|turn|23
|
|move|p1a: Toxicroak|Sucker Punch|p2a: Aragog
|-fail|p2a: Aragog
|move|p2a: Aragog|Sticky Web|p1a: Toxicroak
|-fail|p1a: Toxicroak
|
|-damage|p1a: Toxicroak|27\/307 brn|[from] brn
|turn|24
|
|switch|p2a: Samuel|Trevenant, F|344\/344
|move|p1a: Toxicroak|Earthquake|p2a: Samuel
|-crit|p2a: Samuel
|-resisted|p2a: Samuel
|-damage|p2a: Samuel|206\/344
|-damage|p1a: Toxicroak|0 fnt|[from] item: Life Orb
|faint|p1a: Toxicroak
|
|
|switch|p1a: Roserade|Roserade, M|174\/261
|-activate|p1a: Roserade|move: Sticky Web
|-unboost|p1a: Roserade|spe|1
|-damage|p1a: Roserade|142\/261|[from] Stealth Rock
|turn|25
|
|move|p1a: Roserade|Sludge Bomb|p2a: Samuel
|-damage|p2a: Samuel|0 fnt
|faint|p2a: Samuel
|
|
|switch|p2a: Aragog|Galvantula, M|281\/281
|turn|26
|
|move|p2a: Aragog|Hidden Power|p1a: Roserade
|-supereffective|p1a: Roserade
|-damage|p1a: Roserade|4\/261
|-damage|p2a: Aragog|253\/281|[from] item: Life Orb
|move|p1a: Roserade|Sludge Bomb|p2a: Aragog
|-crit|p2a: Aragog
|-damage|p2a: Aragog|0 fnt
|faint|p2a: Aragog
|
|
|switch|p2a: Eton Mess|Slurpuff, M|306\/306
|turn|27
|
|move|p2a: Eton Mess|Drain Punch|p1a: Roserade
|-resisted|p1a: Roserade
|-damage|p1a: Roserade|0 fnt
|faint|p1a: Roserade
|
|
|switch|p1a: Beedrill|Beedrill, M|271\/271
|-activate|p1a: Beedrill|move: Sticky Web
|-unboost|p1a: Beedrill|spe|1
|-damage|p1a: Beedrill|204\/271|[from] Stealth Rock
|turn|28
|
|detailschange|p1a: Beedrill|Beedrill-Mega, M
|message|Beedrill has Mega Evolved into Mega Beedrill!
|move|p2a: Eton Mess|Belly Drum|p2a: Eton Mess
|-damage|p2a: Eton Mess|153\/306
|-setboost|p2a: Eton Mess|atk|6|[from] move: Belly Drum
|-enditem|p2a: Eton Mess|Sitrus Berry|[eat]
|-heal|p2a: Eton Mess|229\/306|[from] item: Sitrus Berry
|move|p1a: Beedrill|Poison Jab|p2a: Eton Mess
|-supereffective|p2a: Eton Mess
|-damage|p2a: Eton Mess|0 fnt
|faint|p2a: Eton Mess
|
|win|Janine 2.0
|raw|Ladder updating...
|c|âsdarbzzz|gg
|raw|Janine 2.0's rating: 1209 &rarr; <strong>1231<\/strong><br \/>(+22 for winning)
|raw|sdarbzzz's rating: 1167 &rarr; <strong>1145<\/strong><br \/>(-22 for losing)
|c|âJanine 2.0|g
|c|âJanine 2.0|g
|leave|sdarbzzz
|player|p2