|join|SuperSaiyanBlade
|join|sdarbzzz
|player|p1|SuperSaiyanBlade|290
|player|p2|sdarbzzz|163
|gametype|singles
|gen|6
|tier|UU
|rated
|rule|Sleep Clause Mod: Limit one foe put to sleep
|rule|Species Clause: Limit one of each PokÃ©mon
|rule|OHKO Clause: OHKO moves are banned
|rule|Moody Clause: Moody is banned
|rule|Evasion Moves Clause: Evasion moves are banned
|rule|Endless Battle Clause: Forcing endless battles is banned
|rule|HP Percentage Mod: HP is shown in percentages
|clearpoke
|poke|p1|Shuckle, M, shiny
|poke|p1|Sceptile, F, shiny
|poke|p1|Machamp, M, shiny
|poke|p1|Nidoking, M, shiny
|poke|p1|Cloyster, M, shiny
|poke|p1|Chandelure, M, shiny
|poke|p2|Chandelure, M
|poke|p2|Crobat, F
|poke|p2|Chesnaught, F
|poke|p2|Forretress, F
|poke|p2|Empoleon, M
|poke|p2|Hydreigon, F
|rule|Swagger Clause: Swagger is banned
|rule|Baton Pass Clause: Limit one PokÃ©mon knowing Baton Pass
|teampreview
|
|start
|switch|p1a: Shuckle|Shuckle, M, shiny|244\/244
|switch|p2a: Crobat|Crobat, F|312\/312
|turn|1
|
|move|p2a: Crobat|U-turn|p1a: Shuckle
|-crit|p1a: Shuckle
|-damage|p1a: Shuckle|205\/244
|
|switch|p2a: Forretress|Forretress, F|353\/353
|move|p1a: Shuckle|Stealth Rock|p2a: Forretress
|-sidestart|p2: sdarbzzz|move: Stealth Rock
|
|turn|2
|
|move|p2a: Forretress|Spikes|p1a: Shuckle
|-sidestart|p1: SuperSaiyanBlade|Spikes
|move|p1a: Shuckle|Sticky Web|p2a: Forretress
|-sidestart|p2: sdarbzzz|move: Sticky Web
|
|turn|3
|
|switch|p1a: Chandelure|Chandelure, M, shiny|262\/262
|-damage|p1a: Chandelure|230\/262|[from] Spikes
|move|p2a: Forretress|Rapid Spin|p1a: Chandelure
|-immune|p1a: Chandelure|[msg]
|
|turn|4
|
|switch|p2a: Hydreigon|Hydreigon, F|325\/325
|-damage|p2a: Hydreigon|285\/325|[from] Stealth Rock
|move|p1a: Chandelure|Flamethrower|p2a: Hydreigon
|-resisted|p2a: Hydreigon
|-damage|p2a: Hydreigon|195\/325
|
|turn|5
|
|switch|p1a: Shuckle|Shuckle, M, shiny|205\/244
|-damage|p1a: Shuckle|175\/244|[from] Spikes
|move|p2a: Hydreigon|U-turn|p1a: Shuckle
|-damage|p1a: Shuckle|153\/244
|
|switch|p2a: Chesnaught|Chesnaught, F|379\/379
|-damage|p2a: Chesnaught|356\/379|[from] Stealth Rock
|-activate|p2a: Chesnaught|move: Sticky Web
|-unboost|p2a: Chesnaught|spe|1
|
|-heal|p2a: Chesnaught|379\/379|[from] item: Leftovers
|turn|6
|
|move|p2a: Chesnaught|Substitute|p2a: Chesnaught
|-start|p2a: Chesnaught|Substitute
|-damage|p2a: Chesnaught|285\/379
|move|p1a: Shuckle|Infestation|p2a: Chesnaught
|-activate|p2a: Chesnaught|Substitute|[damage]
|
|-heal|p2a: Chesnaught|308\/379|[from] item: Leftovers
|turn|7
|
|move|p2a: Chesnaught|Leech Seed|p1a: Shuckle|[miss]
|-miss|p2a: Chesnaught|p1a: Shuckle
|move|p1a: Shuckle|Infestation|p2a: Chesnaught
|-activate|p2a: Chesnaught|Substitute|[damage]
|
|-heal|p2a: Chesnaught|331\/379|[from] item: Leftovers
|turn|8
|
|switch|p1a: Nidoking|Nidoking, M, shiny|303\/303
|-damage|p1a: Nidoking|266\/303|[from] Spikes
|move|p2a: Chesnaught|Leech Seed|p1a: Nidoking
|-start|p1a: Nidoking|move: Leech Seed
|
|-heal|p2a: Chesnaught|354\/379|[from] item: Leftovers
|-damage|p1a: Nidoking|229\/303|[from] Leech Seed|[of] p2a: Chesnaught
|-heal|p2a: Chesnaught|379\/379|[silent]
|turn|9
|
|move|p2a: Chesnaught|Spiky Shield|p2a: Chesnaught
|-singleturn|p2a: Chesnaught|move: Protect
|move|p1a: Nidoking|Poison Jab|p2a: Chesnaught
|-activate|p2a: Chesnaught|move: Protect
|-damage|p1a: Nidoking|192\/303|[from] Spiky Shield|[of] p2a: Chesnaught
|
|-damage|p1a: Nidoking|155\/303|[from] Leech Seed|[of] p2a: Chesnaught
|turn|10
|
|move|p1a: Nidoking|Poison Jab|p2a: Chesnaught
|-supereffective|p2a: Chesnaught
|-end|p2a: Chesnaught|Substitute
|move|p2a: Chesnaught|Drain Punch|p1a: Nidoking
|-resisted|p1a: Nidoking
|-damage|p1a: Nidoking|101\/303
|
|-damage|p1a: Nidoking|64\/303|[from] Leech Seed|[of] p2a: Chesnaught
|turn|11
|
|switch|p1a: Chandelure|Chandelure, M, shiny|230\/262
|-damage|p1a: Chandelure|198\/262|[from] Spikes
|move|p2a: Chesnaught|Spiky Shield|p2a: Chesnaught
|-fail|p2a: Chesnaught
|
|turn|12
|
|move|p2a: Chesnaught|Spiky Shield|p2a: Chesnaught
|-singleturn|p2a: Chesnaught|move: Protect
|move|p1a: Chandelure|Flamethrower|p2a: Chesnaught
|-activate|p2a: Chesnaught|move: Protect
|
|turn|13
|
|switch|p2a: Chandelure|Chandelure, M|261\/261
|-activate|p2a: Chandelure|move: Sticky Web
|-unboost|p2a: Chandelure|spe|1
|-damage|p2a: Chandelure|196\/261|[from] Stealth Rock
|move|p1a: Chandelure|Flamethrower|p2a: Chandelure
|-start|p2a: Chandelure|ability: Flash Fire
|
|turn|14
|
|switch|p1a: Nidoking|Nidoking, M, shiny|64\/303
|-damage|p1a: Nidoking|27\/303|[from] Spikes
|move|p2a: Chandelure|Shadow Ball|p1a: Nidoking
|-damage|p1a: Nidoking|0 fnt
|-damage|p2a: Chandelure|170\/261|[from] item: Life Orb
|faint|p1a: Nidoking
|
|
|switch|p1a: Chandelure|Chandelure, M, shiny|198\/262
|-damage|p1a: Chandelure|166\/262|[from] Spikes
|turn|15
|
|switch|p2a: Chesnaught|Chesnaught, F|379\/379
|-activate|p2a: Chesnaught|move: Sticky Web
|-unboost|p2a: Chesnaught|spe|1
|-damage|p2a: Chesnaught|356\/379|[from] Stealth Rock
|move|p1a: Chandelure|Shadow Ball|p2a: Chesnaught
|-immune|p2a: Chesnaught|[msg]|[from] Bulletproof
|
|-heal|p2a: Chesnaught|379\/379|[from] item: Leftovers
|turn|16
|
|switch|p1a: Cloyster|Cloyster, M, shiny|242\/242
|-damage|p1a: Cloyster|212\/242|[from] Spikes
|move|p2a: Chesnaught|Substitute|p2a: Chesnaught
|-start|p2a: Chesnaught|Substitute
|-damage|p2a: Chesnaught|285\/379
|
|-heal|p2a: Chesnaught|308\/379|[from] item: Leftovers
|turn|17
|
|move|p1a: Cloyster|Shell Smash|p1a: Cloyster
|-boost|p1a: Cloyster|atk|2
|-boost|p1a: Cloyster|spa|2
|-boost|p1a: Cloyster|spe|2
|-unboost|p1a: Cloyster|def|1
|-unboost|p1a: Cloyster|spd|1
|move|p2a: Chesnaught|Drain Punch|p1a: Cloyster
|-supereffective|p1a: Cloyster
|-damage|p1a: Cloyster|26\/242
|-heal|p2a: Chesnaught|379\/379|[from] drain|[of] p1a: Cloyster
|
|turn|18
|
|move|p1a: Cloyster|Icicle Spear|p2a: Chesnaught
|-supereffective|p2a: Chesnaught
|-end|p2a: Chesnaught|Substitute
|-supereffective|p2a: Chesnaught
|-damage|p2a: Chesnaught|283\/379
|-supereffective|p2a: Chesnaught
|-damage|p2a: Chesnaught|187\/379
|-supereffective|p2a: Chesnaught
|-damage|p2a: Chesnaught|83\/379
|-supereffective|p2a: Chesnaught
|-damage|p2a: Chesnaught|0 fnt
|-hitcount|p2a: Chesnaught|5
|faint|p2a: Chesnaught
|
|
|switch|p2a: Forretress|Forretress, F|353\/353
|-damage|p2a: Forretress|309\/353|[from] Stealth Rock
|-activate|p2a: Forretress|move: Sticky Web
|-unboost|p2a: Forretress|spe|1
|turn|19
|
|move|p1a: Cloyster|Razor Shell|p2a: Forretress
|-damage|p2a: Forretress|182\/353
|-damage|p1a: Cloyster|0 fnt|[from] item: Rocky Helmet|[of] p2a: Forretress
|faint|p1a: Cloyster
|-unboost|p2a: Forretress|def|1
|move|p2a: Forretress|Stealth Rock|p1: Cloyster
|-sidestart|p1: SuperSaiyanBlade|move: Stealth Rock
|
|
|switch|p1a: Machamp|Machamp, M, shiny|384\/384
|-damage|p1a: Machamp|336\/384|[from] Spikes
|-damage|p1a: Machamp|312\/384|[from] Stealth Rock
|turn|20
|
|move|p1a: Machamp|Dynamic Punch|p2a: Forretress
|-damage|p2a: Forretress|17\/353
|-damage|p1a: Machamp|248\/384|[from] item: Rocky Helmet|[of] p2a: Forretress
|-start|p2a: Forretress|confusion
|-activate|p2a: Forretress|confusion
|move|p2a: Forretress|Rapid Spin|p1a: Machamp
|-damage|p1a: Machamp|228\/384
|-sideend|p2: sdarbzzz|Stealth Rock|[from] move: Rapid Spin|[of] p2a: Forretress
|-sideend|p2: sdarbzzz|Sticky Web|[from] move: Rapid Spin|[of] p2a: Forretress
|
|-heal|p1a: Machamp|252\/384|[from] item: Leftovers
|turn|21
|
|switch|p2a: Crobat|Crobat, F|312\/312
|move|p1a: Machamp|Bullet Punch|p2a: Crobat
|-damage|p2a: Crobat|251\/312
|
|-heal|p2a: Crobat|270\/312|[from] item: Black Sludge
|-heal|p1a: Machamp|276\/384|[from] item: Leftovers
|turn|22
|
|move|p2a: Crobat|Brave Bird|p1a: Machamp
|-crit|p1a: Machamp
|-supereffective|p1a: Machamp
|-damage|p1a: Machamp|0 fnt
|-damage|p2a: Crobat|179\/312|[from] recoil|[of] p1a: Machamp
|faint|p1a: Machamp
|
|-heal|p2a: Crobat|198\/312|[from] item: Black Sludge
|-message|SuperSaiyanBlade forfeited.
|leave|SuperSaiyanBlade
|
|win|sdarbzzz
|raw|Ladder updating...
|player|p1
|raw|SuperSaiyanBlade's rating: 1239 &rarr; <strong>1216<\/strong><br \/>(-23 for losing)
|raw|sdarbzzz's rating: 1259 &rarr; <strong>1282<\/strong><br \/>(+23 for winning)