|join|PhoHoa
|join|sdarbzzz
|player|p1|PhoHoa|158
|player|p2|sdarbzzz|2
|gametype|singles
|gen|6
|tier|UU
|rated
|rule|Sleep Clause Mod: Limit one foe put to sleep
|rule|Species Clause: Limit one of each PokÃ©mon
|rule|OHKO Clause: OHKO moves are banned
|rule|Moody Clause: Moody is banned
|rule|Evasion Moves Clause: Evasion moves are banned
|rule|Endless Battle Clause: Forcing endless battles is banned
|rule|HP Percentage Mod: HP is shown in percentages
|clearpoke
|poke|p1|Forretress, M, shiny
|poke|p1|Galvantula, M, shiny
|poke|p1|Darmanitan, F, shiny
|poke|p1|Blissey, F
|poke|p1|Serperior, F
|poke|p1|Swampert, M
|poke|p2|Chandelure, F
|poke|p2|Crobat, M
|poke|p2|Chesnaught, M
|poke|p2|Forretress, F
|poke|p2|Empoleon, M
|poke|p2|Hydreigon, M
|rule|Swagger Clause: Swagger is banned
|rule|Baton Pass Clause: Limit one PokÃ©mon knowing Baton Pass
|teampreview
|
|start
|switch|p1a: Parker|Galvantula, M, shiny|281\/281
|switch|p2a: Fluffy|Hydreigon, M|325\/325
|-ability|p1a: Parker|Unnerve|p2: sdarbzzz
|turn|1
|
|move|p2a: Fluffy|U-turn|p1a: Parker
|-damage|p1a: Parker|195\/281
|
|switch|p2a: Trevelyan|Crobat, M|312\/312
|move|p1a: Parker|Thunder Wave|p2a: Trevelyan
|-status|p2a: Trevelyan|par
|
|turn|2
|
|move|p1a: Parker|Volt Switch|p2a: Trevelyan
|-supereffective|p2a: Trevelyan
|-damage|p2a: Trevelyan|84\/312 par
|
|switch|p1a: hey|Forretress, M, shiny|354\/354
|move|p2a: Trevelyan|Brave Bird|p1a: hey
|-damage|p1a: hey|222\/354
|-damage|p2a: Trevelyan|40\/312 par|[from] recoil|[of] p1a: hey
|
|-heal|p1a: hey|244\/354|[from] item: Leftovers
|turn|3
|
|switch|p2a: Lumos|Chandelure, F|261\/261
|move|p1a: hey|Stealth Rock|p2a: Lumos
|-sidestart|p2: sdarbzzz|move: Stealth Rock
|
|-heal|p1a: hey|266\/354|[from] item: Leftovers
|turn|4
|
|switch|p1a: Swampert|Swampert, M|403\/403
|move|p2a: Lumos|Fire Blast|p1a: Swampert
|-resisted|p1a: Swampert
|-damage|p1a: Swampert|254\/403
|-status|p1a: Swampert|brn
|-damage|p2a: Lumos|235\/261|[from] item: Life Orb
|
|-damage|p1a: Swampert|204\/403 brn|[from] brn
|turn|5
|c|âPhoHoa|sigh
|
|detailschange|p1a: Swampert|Swampert-Mega, M
|-mega|p1a: Swampert|Swampert|Swampertite
|move|p2a: Lumos|Energy Ball|p1a: Swampert
|-supereffective|p1a: Swampert
|-damage|p1a: Swampert|0 fnt
|-damage|p2a: Lumos|209\/261|[from] item: Life Orb
|faint|p1a: Swampert
|
|c|âsdarbzzz|didnt matter
|
|switch|p1a: Wukong|Darmanitan, F, shiny|351\/351
|turn|6
|
|switch|p2a: Eternity|Forretress, F|344\/344
|-damage|p2a: Eternity|301\/344|[from] Stealth Rock
|move|p1a: Wukong|Rock Slide|p2a: Eternity
|-damage|p2a: Eternity|235\/344
|
|turn|7
|
|switch|p1a: hey|Forretress, M, shiny|266\/354
|move|p2a: Eternity|Stealth Rock|p1a: hey
|-sidestart|p1: PhoHoa|move: Stealth Rock
|
|-heal|p1a: hey|288\/354|[from] item: Leftovers
|turn|8
|
|switch|p2a: Lumos|Chandelure, F|209\/261
|-damage|p2a: Lumos|144\/261|[from] Stealth Rock
|move|p1a: hey|Rapid Spin|p2a: Lumos
|-immune|p2a: Lumos|[msg]
|
|-heal|p1a: hey|310\/354|[from] item: Leftovers
|turn|9
|
|switch|p1a: Blissey|Blissey, F|714\/714
|-damage|p1a: Blissey|625\/714|[from] Stealth Rock
|move|p2a: Lumos|Pain Split|p1a: Blissey
|-sethp|p1a: Blissey|384\/714|p2a: Lumos|261\/261|[from] move: Pain Split
|
|-heal|p1a: Blissey|428\/714|[from] item: Leftovers
|turn|10
|
|switch|p2a: Eternity|Forretress, F|235\/344
|-damage|p2a: Eternity|192\/344|[from] Stealth Rock
|move|p1a: Blissey|Soft-Boiled|p1a: Blissey
|-heal|p1a: Blissey|714\/714
|
|turn|11
|
|move|p1a: Blissey|Seismic Toss|p2a: Eternity
|-damage|p2a: Eternity|92\/344
|-damage|p1a: Blissey|595\/714|[from] item: Rocky Helmet|[of] p2a: Eternity
|move|p2a: Eternity|Rapid Spin|p1a: Blissey
|-damage|p1a: Blissey|565\/714
|-sideend|p2: sdarbzzz|Stealth Rock|[from] move: Rapid Spin|[of] p2a: Eternity
|
|-heal|p1a: Blissey|609\/714|[from] item: Leftovers
|turn|12
|
|switch|p1a: Wukong|Darmanitan, F, shiny|351\/351
|-damage|p1a: Wukong|264\/351|[from] Stealth Rock
|switch|p2a: Trevelyan|Crobat, M|40\/312 par
|
|turn|13
|
|move|p1a: Wukong|Rock Slide|p2a: Trevelyan
|-miss|p1a: Wukong|p2a: Trevelyan
|move|p2a: Trevelyan|Brave Bird|p1a: Wukong
|-crit|p1a: Wukong
|-damage|p1a: Wukong|0 fnt
|-damage|p2a: Trevelyan|0 fnt|[from] recoil|[of] p1a: Wukong
|faint|p1a: Wukong
|faint|p2a: Trevelyan
|
|c|âPhoHoa|wtf
|c|âPhoHoa|why so lucky --
|c|âsdarbzzz|dno
|c|âsdarbzzz|just pokemon sometimes
|
|switch|p1a: Parker|Galvantula, M, shiny|195\/281
|switch|p2a: Lumos|Chandelure, F|261\/261
|-damage|p1a: Parker|125\/281|[from] Stealth Rock
|-ability|p1a: Parker|Unnerve|p2: sdarbzzz
|turn|14
|
|switch|p2a: Bonaparte|Empoleon, M|344\/344
|move|p1a: Parker|Volt Switch|p2a: Bonaparte
|-supereffective|p2a: Bonaparte
|-damage|p2a: Bonaparte|212\/344
|c|âPhoHoa|thats all the time for me --
|
|switch|p1a: Serperior|Serperior, F|291\/291
|-damage|p1a: Serperior|255\/291|[from] Stealth Rock
|
|turn|15
|
|move|p1a: Serperior|Leaf Storm|p2a: Bonaparte
|-damage|p2a: Bonaparte|115\/344
|-boost|p1a: Serperior|spa|2
|-heal|p1a: Serperior|267\/291|[from] item: Shell Bell|[of] p2a: Bonaparte
|move|p2a: Bonaparte|Ice Beam|p1a: Serperior
|-crit|p1a: Serperior
|-supereffective|p1a: Serperior
|-damage|p1a: Serperior|0 fnt
|faint|p1a: Serperior
|
|c|âPhoHoa|...
|c|âsdarbzzz|oh yeh
|c|âsdarbzzz|sorry
|c|âPhoHoa|gg
|c|âsdarbzzz|gg
|-message|PhoHoa forfeited.
|
|win|sdarbzzz
|raw|Ladder updating...
|leave|PhoHoa
|player|p1
|raw|PhoHoa's rating: 1387 &rarr; <strong>1373<\/strong><br \/>(-14 for losing)
|raw|sdarbzzz's rating: 1497 &rarr; <strong>1511<\/strong><br \/>(+14 for winning)