|join|sdarbzzz
|join|Stoner Edge
|player|p1|sdarbzzz|1
|player|p2|Stoner Edge|168
|gametype|singles
|gen|6
|tier|UU
|rated
|rule|Sleep Clause Mod: Limit one foe put to sleep
|rule|Species Clause: Limit one of each PokÃ©mon
|rule|OHKO Clause: OHKO moves are banned
|rule|Moody Clause: Moody is banned
|rule|Evasion Moves Clause: Evasion moves are banned
|rule|Endless Battle Clause: Forcing endless battles is banned
|rule|HP Percentage Mod: HP is shown in percentages
|clearpoke
|poke|p1|Chandelure, M
|poke|p1|Crobat, F
|poke|p1|Chesnaught, F
|poke|p1|Forretress, M
|poke|p1|Empoleon, F
|poke|p1|Hydreigon, M
|poke|p2|Aerodactyl, M
|poke|p2|Azelf
|poke|p2|Haxorus, F
|poke|p2|Mienshao, M
|poke|p2|Raikou
|poke|p2|Bronzong
|rule|Swagger Clause: Swagger is banned
|rule|Baton Pass Clause: Limit one PokÃ©mon knowing Baton Pass
|teampreview
|
|start
|switch|p1a: Hydreigon|Hydreigon, M|325\/325
|switch|p2a: Bronzong|Bronzong|337\/337
|turn|1
|
|move|p1a: Hydreigon|Dark Pulse|p2a: Bronzong
|-supereffective|p2a: Bronzong
|-damage|p2a: Bronzong|139\/337
|move|p2a: Bronzong|Light Screen|p2a: Bronzong
|-sidestart|p2: Stoner Edge|move: Light Screen
|
|turn|2
|
|move|p1a: Hydreigon|Dark Pulse|p2a: Bronzong
|-crit|p2a: Bronzong
|-supereffective|p2a: Bronzong
|-damage|p2a: Bronzong|0 fnt
|faint|p2a: Bronzong
|
|
|switch|p2a: Haxorus|Haxorus, F|293\/293
|-ability|p2a: Haxorus|Mold Breaker
|turn|3
|
|switch|p1a: Forretress|Forretress, M|344\/344
|move|p2a: Haxorus|Dragon Dance|p2a: Haxorus
|-boost|p2a: Haxorus|atk|1
|-boost|p2a: Haxorus|spe|1
|
|turn|4
|
|move|p2a: Haxorus|Dragon Dance|p2a: Haxorus
|-boost|p2a: Haxorus|atk|1
|-boost|p2a: Haxorus|spe|1
|move|p1a: Forretress|Gyro Ball|p2a: Haxorus
|-damage|p2a: Haxorus|112\/293
|
|turn|5
|
|move|p2a: Haxorus|Earthquake|p1a: Forretress
|-damage|p1a: Forretress|193\/344
|move|p1a: Forretress|Gyro Ball|p2a: Haxorus
|-damage|p2a: Haxorus|0 fnt
|faint|p2a: Haxorus
|
|
|switch|p2a: Raikou|Raikou|321\/321
|-ability|p2a: Raikou|Pressure
|turn|6
|
|switch|p1a: Hydreigon|Hydreigon, M|325\/325
|move|p2a: Raikou|Volt Switch|p1a: Hydreigon
|-resisted|p1a: Hydreigon
|-damage|p1a: Hydreigon|232\/325
|
|switch|p2a: Mienshao|Mienshao, M|271\/271
|
|turn|7
|
|switch|p1a: Forretress|Forretress, M|193\/344
|move|p2a: Mienshao|U-turn|p1a: Forretress
|-resisted|p1a: Forretress
|-damage|p1a: Forretress|169\/344
|-damage|p2a: Mienshao|226\/271|[from] item: Rocky Helmet|[of] p1a: Forretress
|
|switch|p2a: Raikou|Raikou|321\/321
|-ability|p2a: Raikou|Pressure
|
|turn|8
|
|move|p2a: Raikou|Volt Switch|p1a: Forretress
|-damage|p1a: Forretress|0 fnt
|faint|p1a: Forretress
|
|switch|p2a: Mienshao|Mienshao, M|226\/271
|
|-sideend|p2: Stoner Edge|move: Light Screen
|
|switch|p1a: Chesnaught|Chesnaught, F|376\/376
|turn|9
|
|move|p1a: Chesnaught|Spiky Shield|p1a: Chesnaught
|-singleturn|p1a: Chesnaught|move: Protect
|move|p2a: Mienshao|U-turn|p1a: Chesnaught
|-activate|p1a: Chesnaught|move: Protect
|-damage|p2a: Mienshao|193\/271|[from] Spiky Shield|[of] p1a: Chesnaught
|
|turn|10
|
|move|p2a: Mienshao|U-turn|p1a: Chesnaught
|-damage|p1a: Chesnaught|323\/376
|
|switch|p2a: Azelf|Azelf|291\/291
|move|p1a: Chesnaught|Substitute|p1a: Chesnaught
|-start|p1a: Chesnaught|Substitute
|-damage|p1a: Chesnaught|229\/376
|
|-heal|p1a: Chesnaught|252\/376|[from] item: Leftovers
|turn|11
|
|move|p2a: Azelf|U-turn|p1a: Chesnaught
|-activate|p1a: Chesnaught|Substitute|[damage]
|
|switch|p2a: Mienshao|Mienshao, M|193\/271
|move|p1a: Chesnaught|Leech Seed|p2a: Mienshao|[miss]
|-miss|p1a: Chesnaught|p2a: Mienshao
|
|-heal|p1a: Chesnaught|275\/376|[from] item: Leftovers
|turn|12
|
|move|p1a: Chesnaught|Spiky Shield|p1a: Chesnaught
|-singleturn|p1a: Chesnaught|move: Protect
|move|p2a: Mienshao|U-turn|p1a: Chesnaught
|-activate|p1a: Chesnaught|move: Protect
|-damage|p2a: Mienshao|160\/271|[from] Spiky Shield|[of] p1a: Chesnaught
|
|-heal|p1a: Chesnaught|298\/376|[from] item: Leftovers
|turn|13
|
|move|p2a: Mienshao|U-turn|p1a: Chesnaught
|-end|p1a: Chesnaught|Substitute
|
|switch|p2a: Raikou|Raikou|321\/321
|-ability|p2a: Raikou|Pressure
|move|p1a: Chesnaught|Leech Seed|p2a: Raikou
|-start|p2a: Raikou|move: Leech Seed
|
|-heal|p1a: Chesnaught|321\/376|[from] item: Leftovers
|-damage|p2a: Raikou|281\/321|[from] Leech Seed|[of] p1a: Chesnaught
|-heal|p1a: Chesnaught|361\/376|[silent]
|turn|14
|
|move|p1a: Chesnaught|Spiky Shield|p1a: Chesnaught
|-singleturn|p1a: Chesnaught|move: Protect
|move|p2a: Raikou|Hidden Power|p1a: Chesnaught
|-activate|p1a: Chesnaught|move: Protect
|
|-heal|p1a: Chesnaught|376\/376|[from] item: Leftovers
|-damage|p2a: Raikou|241\/321|[from] Leech Seed|[of] p1a: Chesnaught
|turn|15
|
|switch|p1a: Chandelure|Chandelure, M|261\/261
|move|p2a: Raikou|Hidden Power|p1a: Chandelure
|-resisted|p1a: Chandelure
|-damage|p1a: Chandelure|209\/261
|
|-damage|p2a: Raikou|201\/321|[from] Leech Seed|[of] p1a: Chandelure
|-heal|p1a: Chandelure|249\/261|[silent]
|turn|16
|
|switch|p2a: Azelf|Azelf|291\/291
|move|p1a: Chandelure|Shadow Ball|p2a: Azelf
|-supereffective|p2a: Azelf
|-damage|p2a: Azelf|0 fnt
|-damage|p1a: Chandelure|223\/261|[from] item: Life Orb
|faint|p2a: Azelf
|
|
|switch|p2a: Mienshao|Mienshao, M|160\/271
|turn|17
|
|switch|p1a: Empoleon|Empoleon, F|344\/344
|move|p2a: Mienshao|Knock Off|p1a: Empoleon
|-damage|p1a: Empoleon|232\/344
|-enditem|p1a: Empoleon|Assault Vest|[from] move: Knock Off|[of] p2a: Mienshao
|
|turn|18
|
|switch|p2a: Raikou|Raikou|201\/321
|-ability|p2a: Raikou|Pressure
|move|p1a: Empoleon|Scald|p2a: Raikou
|-damage|p2a: Raikou|53\/321
|-status|p2a: Raikou|brn
|
|-damage|p2a: Raikou|13\/321 brn|[from] brn
|turn|19
|
|move|p2a: Raikou|Thunderbolt|p1a: Empoleon
|-supereffective|p1a: Empoleon
|-damage|p1a: Empoleon|0 fnt
|faint|p1a: Empoleon
|
|-damage|p2a: Raikou|0 fnt|[from] brn
|faint|p2a: Raikou
|
|switch|p2a: Mienshao|Mienshao, M|160\/271
|switch|p1a: Chesnaught|Chesnaught, F|376\/376
|turn|20
|
|switch|p2a: Aerodactyl|Aerodactyl, M|301\/301
|move|p1a: Chesnaught|Spiky Shield|p1a: Chesnaught
|-fail|p1a: Chesnaught
|
|turn|21
|
|detailschange|p2a: Aerodactyl|Aerodactyl-Mega, M
|-mega|p2a: Aerodactyl|Aerodactyl|Aerodactylite
|move|p2a: Aerodactyl|Hone Claws|p2a: Aerodactyl
|-boost|p2a: Aerodactyl|atk|1
|-boost|p2a: Aerodactyl|accuracy|1
|move|p1a: Chesnaught|Leech Seed|p2a: Aerodactyl
|-start|p2a: Aerodactyl|move: Leech Seed
|
|-damage|p2a: Aerodactyl|264\/301|[from] Leech Seed|[of] p1a: Chesnaught
|turn|22
|
|move|p2a: Aerodactyl|Hone Claws|p2a: Aerodactyl
|-boost|p2a: Aerodactyl|atk|1
|-boost|p2a: Aerodactyl|accuracy|1
|move|p1a: Chesnaught|Substitute|p1a: Chesnaught
|-start|p1a: Chesnaught|Substitute
|-damage|p1a: Chesnaught|282\/376
|
|-heal|p1a: Chesnaught|305\/376|[from] item: Leftovers
|-damage|p2a: Aerodactyl|227\/301|[from] Leech Seed|[of] p1a: Chesnaught
|-heal|p1a: Chesnaught|342\/376|[silent]
|turn|23
|
|move|p1a: Chesnaught|Spiky Shield|p1a: Chesnaught
|-singleturn|p1a: Chesnaught|move: Protect
|move|p2a: Aerodactyl|Stone Edge|p1a: Chesnaught
|-activate|p1a: Chesnaught|move: Protect
|
|-heal|p1a: Chesnaught|365\/376|[from] item: Leftovers
|-damage|p2a: Aerodactyl|190\/301|[from] Leech Seed|[of] p1a: Chesnaught
|-heal|p1a: Chesnaught|376\/376|[silent]
|turn|24
|-message|Stoner Edge forfeited.
|leave|Stoner Edge
|
|win|sdarbzzz
|raw|Ladder updating...
|player|p2
|raw|sdarbzzz's rating: 1481 &rarr; <strong>1496<\/strong><br \/>(+15 for winning)
|raw|Stoner Edge's rating: 1385 &rarr; <strong>1370<\/strong><br \/>(-15 for losing)