|join|Aqua Mann
|join|sdarbzzz
|player|p1|Aqua Mann|226
|player|p2|sdarbzzz|2
|gametype|singles
|gen|6
|tier|UU
|rated
|rule|Sleep Clause Mod: Limit one foe put to sleep
|rule|Species Clause: Limit one of each PokÃ©mon
|rule|OHKO Clause: OHKO moves are banned
|rule|Moody Clause: Moody is banned
|rule|Evasion Moves Clause: Evasion moves are banned
|rule|Endless Battle Clause: Forcing endless battles is banned
|rule|HP Percentage Mod: HP is shown in percentages
|clearpoke
|poke|p1|Sharpedo, F
|poke|p1|Machamp, M
|poke|p1|Reuniclus, M, shiny
|poke|p1|Froslass, F
|poke|p1|Swampert, F
|poke|p1|Spiritomb, M, shiny
|poke|p2|Chandelure, M
|poke|p2|Crobat, F
|poke|p2|Chesnaught, M
|poke|p2|Forretress, M
|poke|p2|Empoleon, M
|poke|p2|Hydreigon, M
|rule|Swagger Clause: Swagger is banned
|rule|Baton Pass Clause: Limit one PokÃ©mon knowing Baton Pass
|teampreview
|
|start
|switch|p1a: Froslass|Froslass, F|344\/344
|switch|p2a: Hydreigon|Hydreigon, M|325\/325
|turn|1
|
|move|p2a: Hydreigon|U-turn|p1a: Froslass
|-resisted|p1a: Froslass
|-damage|p1a: Froslass|303\/344
|
|switch|p2a: Empoleon|Empoleon, M|344\/344
|move|p1a: Froslass|Icy Wind|p2a: Empoleon
|-resisted|p2a: Empoleon
|-damage|p2a: Empoleon|336\/344
|-unboost|p2a: Empoleon|spe|1
|
|turn|2
|
|move|p1a: Froslass|Taunt|p2a: Empoleon
|-start|p2a: Empoleon|move: Taunt
|move|p2a: Empoleon|Scald|p1a: Froslass
|-crit|p1a: Froslass
|-damage|p1a: Froslass|8\/344
|
|turn|3
|
|switch|p2a: Chesnaught|Chesnaught, M|376\/376
|move|p1a: Froslass|Destiny Bond|p1a: Froslass
|-singlemove|p1a: Froslass|Destiny Bond
|
|turn|4
|
|move|p1a: Froslass|Destiny Bond|p1a: Froslass
|-singlemove|p1a: Froslass|Destiny Bond
|move|p2a: Chesnaught|Leech Seed|p1a: Froslass
|-start|p1a: Froslass|move: Leech Seed
|
|-damage|p1a: Froslass|0 fnt|[from] Leech Seed|[of] p2a: Chesnaught
|faint|p1a: Froslass
|
|switch|p1a: Reuniclus|Reuniclus, M, shiny|409\/409
|turn|5
|
|switch|p2a: Hydreigon|Hydreigon, M|325\/325
|move|p1a: Reuniclus|Focus Blast|p2a: Hydreigon
|-supereffective|p2a: Hydreigon
|-damage|p2a: Hydreigon|0 fnt
|faint|p2a: Hydreigon
|
|
|switch|p2a: Chandelure|Chandelure, M|261\/261
|turn|6
|
|switch|p1a: Machamp|Machamp, M|364\/364
|move|p2a: Chandelure|Shadow Ball|p1a: Machamp
|-damage|p1a: Machamp|220\/364
|-damage|p2a: Chandelure|235\/261|[from] item: Life Orb
|
|turn|7
|
|switch|p2a: Forretress|Forretress, M|344\/344
|move|p1a: Machamp|Knock Off|p2a: Forretress
|-damage|p2a: Forretress|274\/344
|-damage|p1a: Machamp|160\/364|[from] item: Rocky Helmet|[of] p2a: Forretress
|-enditem|p2a: Forretress|Rocky Helmet|[from] move: Knock Off|[of] p1a: Machamp
|
|turn|8
|
|switch|p1a: Spiritomb|Spiritomb, M, shiny|294\/294
|move|p2a: Forretress|Stealth Rock|p1a: Spiritomb
|-sidestart|p1: Aqua Mann|move: Stealth Rock
|
|turn|9
|
|move|p1a: Spiritomb|Taunt|p2a: Forretress
|-start|p2a: Forretress|move: Taunt
|cant|p2a: Forretress|move: Taunt|Spikes
|
|turn|10
|
|switch|p2a: Crobat|Crobat, F|312\/312
|move|p1a: Spiritomb|Will-O-Wisp|p2a: Crobat|[miss]
|-miss|p1a: Spiritomb|p2a: Crobat
|
|turn|11
|
|move|p2a: Crobat|U-turn|p1a: Spiritomb
|-damage|p1a: Spiritomb|206\/294
|
|switch|p2a: Chandelure|Chandelure, M|235\/261
|move|p1a: Spiritomb|Will-O-Wisp|p2a: Chandelure
|-start|p2a: Chandelure|ability: Flash Fire
|
|turn|12
|
|move|p1a: Spiritomb|Sucker Punch|p2a: Chandelure
|-supereffective|p2a: Chandelure
|-damage|p2a: Chandelure|0 fnt
|faint|p2a: Chandelure
|
|
|switch|p2a: Empoleon|Empoleon, M|336\/344
|turn|13
|
|move|p2a: Empoleon|Scald|p1a: Spiritomb
|-damage|p1a: Spiritomb|74\/294
|move|p1a: Spiritomb|Will-O-Wisp|p2a: Empoleon
|-status|p2a: Empoleon|brn
|
|-damage|p2a: Empoleon|293\/344 brn|[from] brn
|turn|14
|
|switch|p1a: Swampert|Swampert, F|403\/403
|-damage|p1a: Swampert|378\/403|[from] Stealth Rock
|move|p2a: Empoleon|Scald|p1a: Swampert
|-damage|p1a: Swampert|212\/403
|
|-heal|p1a: Swampert|237\/403|[from] item: Leftovers
|-damage|p2a: Empoleon|250\/344 brn|[from] brn
|turn|15
|
|move|p2a: Empoleon|Grass Knot|p1a: Swampert
|-supereffective|p1a: Swampert
|-damage|p1a: Swampert|0 fnt
|faint|p1a: Swampert
|
|-damage|p2a: Empoleon|207\/344 brn|[from] brn
|
|switch|p1a: Reuniclus|Reuniclus, M, shiny|409\/409
|turn|16
|
|move|p2a: Empoleon|Flash Cannon|p1a: Reuniclus
|-damage|p1a: Reuniclus|246\/409
|move|p1a: Reuniclus|Trick Room|p1a: Reuniclus
|-fieldstart|move: Trick Room|[of] p1a: Reuniclus
|
|-damage|p2a: Empoleon|164\/344 brn|[from] brn
|turn|17
|
|move|p1a: Reuniclus|Focus Blast|p2a: Empoleon|[miss]
|-miss|p1a: Reuniclus|p2a: Empoleon
|move|p2a: Empoleon|Flash Cannon|p1a: Reuniclus
|-damage|p1a: Reuniclus|86\/409
|
|-damage|p2a: Empoleon|121\/344 brn|[from] brn
|turn|18
|
|move|p1a: Reuniclus|Psyshock|p2a: Empoleon
|-resisted|p2a: Empoleon
|-damage|p2a: Empoleon|12\/344 brn
|move|p2a: Empoleon|Scald|p1a: Reuniclus
|-crit|p1a: Reuniclus
|-damage|p1a: Reuniclus|0 fnt
|faint|p1a: Reuniclus
|
|-damage|p2a: Empoleon|0 fnt|[from] brn
|faint|p2a: Empoleon
|
|switch|p2a: Chesnaught|Chesnaught, M|376\/376
|switch|p1a: Machamp|Machamp, M|160\/364
|-damage|p1a: Machamp|138\/364|[from] Stealth Rock
|turn|19
|
|move|p2a: Chesnaught|Spiky Shield|p2a: Chesnaught
|-singleturn|p2a: Chesnaught|move: Protect
|move|p1a: Machamp|Close Combat|p2a: Chesnaught
|-activate|p2a: Chesnaught|move: Protect
|-damage|p1a: Machamp|93\/364|[from] Spiky Shield|[of] p2a: Chesnaught
|
|turn|20
|
|move|p1a: Machamp|Close Combat|p2a: Chesnaught
|-damage|p2a: Chesnaught|237\/376
|-unboost|p1a: Machamp|def|1
|-unboost|p1a: Machamp|spd|1
|move|p2a: Chesnaught|Substitute|p2a: Chesnaught
|-start|p2a: Chesnaught|Substitute
|-damage|p2a: Chesnaught|143\/376
|
|-heal|p2a: Chesnaught|166\/376|[from] item: Leftovers
|-fieldend|move: Trick Room
|turn|21
|
|move|p1a: Machamp|Close Combat|p2a: Chesnaught
|-end|p2a: Chesnaught|Substitute
|-unboost|p1a: Machamp|def|1
|-unboost|p1a: Machamp|spd|1
|move|p2a: Chesnaught|Drain Punch|p1a: Machamp
|-damage|p1a: Machamp|0 fnt
|-heal|p2a: Chesnaught|213\/376|[from] drain|[of] p1a: Machamp
|faint|p1a: Machamp
|
|-heal|p2a: Chesnaught|236\/376|[from] item: Leftovers
|
|switch|p1a: Sharpedo|Sharpedo, F|281\/281
|-damage|p1a: Sharpedo|246\/281|[from] Stealth Rock
|turn|22
|
|move|p1a: Sharpedo|Protect|p1a: Sharpedo
|-singleturn|p1a: Sharpedo|Protect
|move|p2a: Chesnaught|Substitute|p2a: Chesnaught
|-start|p2a: Chesnaught|Substitute
|-damage|p2a: Chesnaught|142\/376
|
|-heal|p2a: Chesnaught|165\/376|[from] item: Leftovers
|-boost|p1a: Sharpedo|spe|1|[from] ability: Speed Boost
|turn|23
|
|detailschange|p1a: Sharpedo|Sharpedo-Mega, F
|-mega|p1a: Sharpedo|Sharpedo|Sharpedonite
|move|p1a: Sharpedo|Ice Fang|p2a: Chesnaught
|-supereffective|p2a: Chesnaught
|-end|p2a: Chesnaught|Substitute
|move|p2a: Chesnaught|Drain Punch|p1a: Sharpedo
|-supereffective|p1a: Sharpedo
|-damage|p1a: Sharpedo|0 fnt
|-heal|p2a: Chesnaught|288\/376|[from] drain|[of] p1a: Sharpedo
|faint|p1a: Sharpedo
|
|-heal|p2a: Chesnaught|311\/376|[from] item: Leftovers
|-message|Aqua Mann forfeited.
|
|win|sdarbzzz
|raw|Ladder updating...
|leave|Aqua Mann
|player|p1
|raw|Aqua Mann's rating: 1376 &rarr; <strong>1363<\/strong><br \/>(-13 for losing)
|raw|sdarbzzz's rating: 1508 &rarr; <strong>1521<\/strong><br \/>(+13 for winning)