|join|TristanX11
|join|sdarbzzz
|player|p1|TristanX11|290
|player|p2|sdarbzzz|163
|gametype|singles
|gen|6
|tier|UU
|rated
|rule|Sleep Clause Mod: Limit one foe put to sleep
|rule|Species Clause: Limit one of each PokÃ©mon
|rule|OHKO Clause: OHKO moves are banned
|rule|Moody Clause: Moody is banned
|rule|Evasion Moves Clause: Evasion moves are banned
|rule|Endless Battle Clause: Forcing endless battles is banned
|rule|HP Percentage Mod: HP is shown in percentages
|clearpoke
|poke|p1|Slowking, M
|poke|p1|Mienshao, M
|poke|p1|Aggron, M, shiny
|poke|p1|Haxorus, M, shiny
|poke|p1|Florges, F, shiny
|poke|p1|Crobat, M
|poke|p2|Chandelure, F
|poke|p2|Crobat, F
|poke|p2|Chesnaught, F
|poke|p2|Forretress, F
|poke|p2|Empoleon, F
|poke|p2|Hydreigon, M
|rule|Swagger Clause: Swagger is banned
|rule|Baton Pass Clause: Limit one PokÃ©mon knowing Baton Pass
|teampreview
|
|start
|switch|p1a: Fighting Furret|Mienshao, M|271\/271
|switch|p2a: Crobat|Crobat, F|312\/312
|turn|1
|
|switch|p1a: Nerfitar|Aggron, M, shiny|344\/344
|move|p2a: Crobat|Brave Bird|p1a: Nerfitar
|-resisted|p1a: Nerfitar
|-damage|p1a: Nerfitar|307\/344
|-damage|p2a: Crobat|300\/312|[from] recoil|[of] p1a: Nerfitar
|
|turn|2
|
|switch|p2a: Forretress|Forretress, F|344\/344
|detailschange|p1a: Nerfitar|Aggron-Mega, M, shiny
|-mega|p1a: Nerfitar|Aggron|Aggronite
|move|p1a: Nerfitar|Roar|p2a: Forretress
|drag|p2a: Hydreigon|Hydreigon, M|325\/325
|
|turn|3
|
|switch|p1a: Blissey is Cheap|Florges, F, shiny|360\/360
|move|p2a: Hydreigon|U-turn|p1a: Blissey is Cheap
|-resisted|p1a: Blissey is Cheap
|-damage|p1a: Blissey is Cheap|322\/360
|
|switch|p2a: Chandelure|Chandelure, F|261\/261
|
|-heal|p1a: Blissey is Cheap|344\/360|[from] item: Leftovers
|turn|4
|
|switch|p1a: David|Slowking, M|394\/394
|move|p2a: Chandelure|Shadow Ball|p1a: David
|-supereffective|p1a: David
|-damage|p1a: David|90\/394
|-damage|p2a: Chandelure|235\/261|[from] item: Life Orb
|
|-heal|p1a: David|114\/394|[from] item: Leftovers
|turn|5
|
|switch|p1a: Because Chesnaught|Crobat, M|311\/311
|move|p2a: Chandelure|Shadow Ball|p1a: Because Chesnaught
|-damage|p1a: Because Chesnaught|73\/311
|-damage|p2a: Chandelure|209\/261|[from] item: Life Orb
|
|-heal|p1a: Because Chesnaught|92\/311|[from] item: Black Sludge
|turn|6
|
|switch|p2a: Forretress|Forretress, F|344\/344
|move|p1a: Because Chesnaught|Brave Bird|p2a: Forretress
|-damage|p2a: Forretress|248\/344
|-damage|p1a: Because Chesnaught|41\/311|[from] item: Rocky Helmet|[of] p2a: Forretress
|-damage|p1a: Because Chesnaught|9\/311|[from] recoil|[of] p2a: Forretress
|
|-heal|p1a: Because Chesnaught|28\/311|[from] item: Black Sludge
|turn|7
|
|switch|p1a: Nerfitar|Aggron-Mega, M, shiny|307\/344
|move|p2a: Forretress|Stealth Rock|p1a: Nerfitar
|-sidestart|p1: TristanX11|move: Stealth Rock
|
|turn|8
|
|move|p1a: Nerfitar|Iron Defense|p1a: Nerfitar
|-boost|p1a: Nerfitar|def|2
|move|p2a: Forretress|Spikes|p1a: Nerfitar
|-sidestart|p1: TristanX11|Spikes
|
|turn|9
|
|move|p1a: Nerfitar|Earthquake|p2a: Forretress
|-damage|p2a: Forretress|175\/344
|move|p2a: Forretress|Spikes|p1a: Nerfitar
|-sidestart|p1: TristanX11|Spikes
|
|turn|10
|
|move|p1a: Nerfitar|Earthquake|p2a: Forretress
|-damage|p2a: Forretress|102\/344
|move|p2a: Forretress|Spikes|p1a: Nerfitar
|-sidestart|p1: TristanX11|Spikes
|
|turn|11
|
|switch|p2a: Crobat|Crobat, F|300\/312
|move|p1a: Nerfitar|Iron Defense|p1a: Nerfitar
|-boost|p1a: Nerfitar|def|2
|
|turn|12
|
|switch|p2a: Chesnaught|Chesnaught, F|376\/376
|move|p1a: Nerfitar|Heavy Slam|p2a: Chesnaught
|-damage|p2a: Chesnaught|246\/376
|
|-heal|p2a: Chesnaught|269\/376|[from] item: Leftovers
|turn|13
|
|move|p2a: Chesnaught|Leech Seed|p1a: Nerfitar
|-start|p1a: Nerfitar|move: Leech Seed
|move|p1a: Nerfitar|Roar|p2a: Chesnaught
|drag|p2a: Empoleon|Empoleon, F|344\/344
|
|-damage|p1a: Nerfitar|264\/344|[from] Leech Seed|[of] p2a: Empoleon
|turn|14
|
|move|p2a: Empoleon|Scald|p1a: Nerfitar
|-damage|p1a: Nerfitar|99\/344
|-status|p1a: Nerfitar|brn
|move|p1a: Nerfitar|Earthquake|p2a: Empoleon
|-supereffective|p2a: Empoleon
|-damage|p2a: Empoleon|186\/344
|
|-damage|p1a: Nerfitar|56\/344 brn|[from] Leech Seed|[of] p2a: Empoleon
|-heal|p2a: Empoleon|229\/344|[silent]
|-damage|p1a: Nerfitar|13\/344 brn|[from] brn
|turn|15
|
|move|p2a: Empoleon|Scald|p1a: Nerfitar
|-damage|p1a: Nerfitar|0 fnt
|faint|p1a: Nerfitar
|
|
|switch|p1a: Fighting Furret|Mienshao, M|271\/271
|-damage|p1a: Fighting Furret|255\/271|[from] Stealth Rock
|-damage|p1a: Fighting Furret|188\/271|[from] Spikes
|turn|16
|
|switch|p2a: Forretress|Forretress, F|102\/344
|move|p1a: Fighting Furret|Knock Off|p2a: Forretress
|-damage|p2a: Forretress|14\/344
|-damage|p1a: Fighting Furret|143\/271|[from] item: Rocky Helmet|[of] p2a: Forretress
|-enditem|p2a: Forretress|Rocky Helmet|[from] move: Knock Off|[of] p1a: Fighting Furret
|-damage|p1a: Fighting Furret|116\/271|[from] item: Life Orb
|
|turn|17
|
|move|p1a: Fighting Furret|U-turn|p2a: Forretress
|-resisted|p2a: Forretress
|-damage|p2a: Forretress|0 fnt
|-damage|p1a: Fighting Furret|89\/271|[from] item: Life Orb
|faint|p2a: Forretress
|
|switch|p1a: Scruffy|Haxorus, M, shiny|293\/293
|-damage|p1a: Scruffy|220\/293|[from] Spikes
|-damage|p1a: Scruffy|184\/293|[from] Stealth Rock
|-ability|p1a: Scruffy|Mold Breaker
|
|
|switch|p2a: Hydreigon|Hydreigon, M|325\/325
|turn|18
|
|move|p2a: Hydreigon|Dark Pulse|p1a: Scruffy
|-damage|p1a: Scruffy|0 fnt
|faint|p1a: Scruffy
|
|
|switch|p1a: Fighting Furret|Mienshao, M|179\/271
|-damage|p1a: Fighting Furret|163\/271|[from] Stealth Rock
|-damage|p1a: Fighting Furret|96\/271|[from] Spikes
|turn|19
|
|switch|p2a: Crobat|Crobat, F|300\/312
|move|p1a: Fighting Furret|Drain Punch|p2a: Crobat
|-resisted|p2a: Crobat
|-damage|p2a: Crobat|252\/312
|-heal|p1a: Fighting Furret|120\/271|[from] drain|[of] p2a: Crobat
|-damage|p1a: Fighting Furret|93\/271|[from] item: Life Orb
|
|turn|20
|
|switch|p1a: Because Chesnaught|Crobat, M|28\/311
|-damage|p1a: Because Chesnaught|0 fnt|[from] Stealth Rock
|faint|p1a: Because Chesnaught
|move|p2a: Crobat|Brave Bird|p1: Because Chesnaught|[notarget]
|-notarget
|
|
|switch|p1a: Blissey is Cheap|Florges, F, shiny|344\/360
|-damage|p1a: Blissey is Cheap|254\/360|[from] Spikes
|-damage|p1a: Blissey is Cheap|209\/360|[from] Stealth Rock
|turn|21
|
|move|p2a: Crobat|Brave Bird|p1a: Blissey is Cheap
|-damage|p1a: Blissey is Cheap|0 fnt
|-damage|p2a: Crobat|183\/312|[from] recoil|[of] p1a: Blissey is Cheap
|faint|p1a: Blissey is Cheap
|
|
|switch|p1a: David|Slowking, M|245\/394
|-damage|p1a: David|147\/394|[from] Spikes
|-damage|p1a: David|98\/394|[from] Stealth Rock
|turn|22
|
|move|p2a: Crobat|Brave Bird|p1a: David
|-damage|p1a: David|0 fnt
|-damage|p2a: Crobat|151\/312|[from] recoil|[of] p1a: David
|faint|p1a: David
|
|c|âTristanX11|gg
|c|âsdarbzzz|gg
|
|switch|p1a: Fighting Furret|Mienshao, M|183\/271
|-damage|p1a: Fighting Furret|116\/271|[from] Spikes
|-damage|p1a: Fighting Furret|100\/271|[from] Stealth Rock
|turn|23
|
|move|p2a: Crobat|Brave Bird|p1a: Fighting Furret
|-supereffective|p1a: Fighting Furret
|-damage|p1a: Fighting Furret|0 fnt
|-damage|p2a: Crobat|118\/312|[from] recoil|[of] p1a: Fighting Furret
|faint|p1a: Fighting Furret
|
|win|sdarbzzz
|raw|Ladder updating...
|raw|TristanX11's rating: 1250 &rarr; <strong>1226<\/strong><br \/>(-24 for losing)
|raw|sdarbzzz's rating: 1261 &rarr; <strong>1285<\/strong><br \/>(+24 for winning)
|leave|TristanX11
|player|p1