|join|sdarbzzz
|join|Jar of Flies
|player|p1|sdarbzzz|2
|player|p2|Jar of Flies|1
|gametype|singles
|gen|6
|tier|UU
|rated
|rule|Sleep Clause Mod: Limit one foe put to sleep
|rule|Species Clause: Limit one of each PokÃ©mon
|rule|OHKO Clause: OHKO moves are banned
|rule|Moody Clause: Moody is banned
|rule|Evasion Moves Clause: Evasion moves are banned
|rule|Endless Battle Clause: Forcing endless battles is banned
|rule|HP Percentage Mod: HP is shown in percentages
|clearpoke
|poke|p1|Chandelure, M
|poke|p1|Crobat, F
|poke|p1|Chesnaught, M
|poke|p1|Forretress, M
|poke|p1|Empoleon, M
|poke|p1|Hydreigon, F
|poke|p2|Doublade, F
|poke|p2|Blissey, F
|poke|p2|Alakazam, M
|poke|p2|Forretress, F
|poke|p2|Scrafty, F
|poke|p2|Beedrill, F
|rule|Swagger Clause: Swagger is banned
|rule|Baton Pass Clause: Limit one PokÃ©mon knowing Baton Pass
|teampreview
|
|start
|switch|p1a: Hydreigon|Hydreigon, F|325\/325
|switch|p2a: Scrafty|Scrafty, F|321\/321
|turn|1
|
|move|p1a: Hydreigon|U-turn|p2a: Scrafty
|-damage|p2a: Scrafty|282\/321
|
|switch|p1a: Crobat|Crobat, F|312\/312
|move|p2a: Scrafty|Bulk Up|p2a: Scrafty
|-boost|p2a: Scrafty|atk|1
|-boost|p2a: Scrafty|def|1
|
|-heal|p2a: Scrafty|302\/321|[from] item: Leftovers
|turn|2
|
|move|p1a: Crobat|Brave Bird|p2a: Scrafty
|-supereffective|p2a: Scrafty
|-damage|p2a: Scrafty|98\/321
|-damage|p1a: Crobat|245\/312|[from] recoil|[of] p2a: Scrafty
|move|p2a: Scrafty|Bulk Up|p2a: Scrafty
|-boost|p2a: Scrafty|atk|1
|-boost|p2a: Scrafty|def|1
|
|-heal|p2a: Scrafty|118\/321|[from] item: Leftovers
|turn|3
|
|switch|p2a: Forretress|Forretress, F|354\/354
|move|p1a: Crobat|Brave Bird|p2a: Forretress
|-damage|p2a: Forretress|224\/354
|-damage|p1a: Crobat|193\/312|[from] item: Rocky Helmet|[of] p2a: Forretress
|-damage|p1a: Crobat|150\/312|[from] recoil|[of] p2a: Forretress
|
|turn|4
|
|switch|p1a: Chandelure|Chandelure, M|261\/261
|move|p2a: Forretress|Stealth Rock|p1a: Chandelure
|-sidestart|p1: sdarbzzz|move: Stealth Rock
|
|turn|5
|
|switch|p2a: Blissey|Blissey, F|714\/714
|move|p1a: Chandelure|Pain Split|p2a: Blissey
|-sethp|p2a: Blissey|487\/714|p1a: Chandelure|261\/261|[from] move: Pain Split
|
|-heal|p2a: Blissey|531\/714|[from] item: Leftovers
|turn|6
|
|switch|p1a: Forretress|Forretress, M|344\/344
|-damage|p1a: Forretress|301\/344|[from] Stealth Rock
|move|p2a: Blissey|Wish|p2a: Blissey
|
|-heal|p2a: Blissey|575\/714|[from] item: Leftovers
|turn|7
|
|switch|p2a: Scrafty|Scrafty, F|118\/321
|move|p1a: Forretress|Stealth Rock|p2a: Scrafty
|-sidestart|p2: Jar of Flies|move: Stealth Rock
|
|-heal|p2a: Scrafty|321\/321|[from] move: Wish|[wisher] Blissey
|turn|8
|
|switch|p1a: Chesnaught|Chesnaught, M|376\/376
|-damage|p1a: Chesnaught|353\/376|[from] Stealth Rock
|move|p2a: Scrafty|Bulk Up|p2a: Scrafty
|-boost|p2a: Scrafty|atk|1
|-boost|p2a: Scrafty|def|1
|
|-heal|p1a: Chesnaught|376\/376|[from] item: Leftovers
|turn|9
|
|move|p1a: Chesnaught|Leech Seed|p2a: Scrafty
|-start|p2a: Scrafty|move: Leech Seed
|move|p2a: Scrafty|Taunt|p1a: Chesnaught
|-start|p1a: Chesnaught|move: Taunt
|
|-damage|p2a: Scrafty|281\/321|[from] Leech Seed|[of] p1a: Chesnaught
|turn|10
|
|move|p1a: Chesnaught|Drain Punch|p2a: Scrafty
|-supereffective|p2a: Scrafty
|-damage|p2a: Scrafty|201\/321
|move|p2a: Scrafty|Bulk Up|p2a: Scrafty
|-boost|p2a: Scrafty|atk|1
|-boost|p2a: Scrafty|def|1
|
|-heal|p2a: Scrafty|221\/321|[from] item: Leftovers
|-damage|p2a: Scrafty|181\/321|[from] Leech Seed|[of] p1a: Chesnaught
|turn|11
|
|switch|p1a: Hydreigon|Hydreigon, F|325\/325
|-damage|p1a: Hydreigon|285\/325|[from] Stealth Rock
|move|p2a: Scrafty|Bulk Up|p2a: Scrafty
|-boost|p2a: Scrafty|atk|1
|-boost|p2a: Scrafty|def|1
|
|-heal|p2a: Scrafty|201\/321|[from] item: Leftovers
|-damage|p2a: Scrafty|161\/321|[from] Leech Seed|[of] p1a: Hydreigon
|-heal|p1a: Hydreigon|325\/325|[silent]
|turn|12
|
|move|p1a: Hydreigon|Draco Meteor|p2a: Scrafty
|-damage|p2a: Scrafty|0 fnt
|-unboost|p1a: Hydreigon|spa|2
|faint|p2a: Scrafty
|
|
|switch|p2a: Alakazam|Alakazam, M|252\/252
|turn|13
|
|move|p2a: Alakazam|Dazzling Gleam|p1a: Hydreigon
|-crit|p1a: Hydreigon
|-supereffective|p1a: Hydreigon
|-damage|p1a: Hydreigon|0 fnt
|faint|p1a: Hydreigon
|
|
|switch|p1a: Forretress|Forretress, M|301\/344
|-damage|p1a: Forretress|258\/344|[from] Stealth Rock
|turn|14
|
|switch|p2a: Forretress|Forretress, F|224\/354
|-damage|p2a: Forretress|180\/354|[from] Stealth Rock
|move|p1a: Forretress|Spikes|p2a: Forretress
|-sidestart|p2: Jar of Flies|Spikes
|
|turn|15
|
|switch|p1a: Chandelure|Chandelure, M|261\/261
|-damage|p1a: Chandelure|196\/261|[from] Stealth Rock
|move|p2a: Forretress|Rest|p2a: Forretress
|-status|p2a: Forretress|slp
|-heal|p2a: Forretress|354\/354 slp|[silent]
|-status|p2a: Forretress|slp|[from] move: Rest
|
|turn|16
|
|switch|p2a: Blissey|Blissey, F|575\/714
|-damage|p2a: Blissey|486\/714|[from] Stealth Rock
|-damage|p2a: Blissey|397\/714|[from] Spikes
|move|p1a: Chandelure|Fire Blast|p2a: Blissey
|-damage|p2a: Blissey|228\/714
|-damage|p1a: Chandelure|170\/261|[from] item: Life Orb
|
|-heal|p2a: Blissey|272\/714|[from] item: Leftovers
|turn|17
|
|switch|p1a: Forretress|Forretress, M|258\/344
|-damage|p1a: Forretress|215\/344|[from] Stealth Rock
|move|p2a: Blissey|Wish|p2a: Blissey
|
|-heal|p2a: Blissey|316\/714|[from] item: Leftovers
|turn|18
|
|move|p2a: Blissey|Seismic Toss|p1a: Forretress
|-damage|p1a: Forretress|115\/344
|-damage|p2a: Blissey|197\/714|[from] item: Rocky Helmet|[of] p1a: Forretress
|move|p1a: Forretress|Rapid Spin|p2a: Blissey
|-damage|p2a: Blissey|139\/714
|-sideend|p1: sdarbzzz|Stealth Rock|[from] move: Rapid Spin|[of] p1a: Forretress
|
|-heal|p2a: Blissey|496\/714|[from] move: Wish|[wisher] Blissey
|-heal|p2a: Blissey|540\/714|[from] item: Leftovers
|turn|19
|
|move|p2a: Blissey|Wish|p2a: Blissey
|move|p1a: Forretress|Spikes|p2a: Blissey
|-sidestart|p2: Jar of Flies|Spikes
|
|-heal|p2a: Blissey|584\/714|[from] item: Leftovers
|turn|20
|
|switch|p1a: Chandelure|Chandelure, M|170\/261
|move|p2a: Blissey|Seismic Toss|p1a: Chandelure
|-immune|p1a: Chandelure|[msg]
|
|-heal|p2a: Blissey|714\/714|[from] move: Wish|[wisher] Blissey
|turn|21
|
|move|p1a: Chandelure|Pain Split|p2a: Blissey
|-sethp|p2a: Blissey|442\/714|p1a: Chandelure|261\/261|[from] move: Pain Split
|move|p2a: Blissey|Heal Bell|p2a: Blissey
|-cureteam|p2a: Blissey|[from] move: HealBell
|
|-heal|p2a: Blissey|486\/714|[from] item: Leftovers
|turn|22
|
|switch|p1a: Chesnaught|Chesnaught, M|376\/376
|move|p2a: Blissey|Wish|p2a: Blissey
|
|-heal|p2a: Blissey|530\/714|[from] item: Leftovers
|turn|23
|
|switch|p2a: Forretress|Forretress, F|354\/354
|-damage|p2a: Forretress|310\/354|[from] Stealth Rock
|-damage|p2a: Forretress|251\/354|[from] Spikes
|move|p1a: Chesnaught|Substitute|p1a: Chesnaught
|-start|p1a: Chesnaught|Substitute
|-damage|p1a: Chesnaught|282\/376
|
|-heal|p2a: Forretress|354\/354|[from] move: Wish|[wisher] Blissey
|-heal|p1a: Chesnaught|305\/376|[from] item: Leftovers
|turn|24
|
|move|p1a: Chesnaught|Leech Seed|p2a: Forretress
|-start|p2a: Forretress|move: Leech Seed
|move|p2a: Forretress|Rapid Spin|p1a: Chesnaught
|-crit|p1a: Chesnaught
|-activate|p1a: Chesnaught|Substitute|[damage]
|-end|p2a: Forretress|Leech Seed|[from] move: Rapid Spin|[of] p2a: Forretress
|-sideend|p2: Jar of Flies|Spikes|[from] move: Rapid Spin|[of] p2a: Forretress
|-sideend|p2: Jar of Flies|Stealth Rock|[from] move: Rapid Spin|[of] p2a: Forretress
|
|-heal|p1a: Chesnaught|328\/376|[from] item: Leftovers
|turn|25
|
|switch|p1a: Chandelure|Chandelure, M|261\/261
|move|p2a: Forretress|Stealth Rock|p1a: Chandelure
|-sidestart|p1: sdarbzzz|move: Stealth Rock
|
|turn|26
|
|switch|p2a: Blissey|Blissey, F|530\/714
|move|p1a: Chandelure|Fire Blast|p2a: Blissey
|-damage|p2a: Blissey|365\/714
|-status|p2a: Blissey|brn
|-damage|p1a: Chandelure|235\/261|[from] item: Life Orb
|
|-heal|p2a: Blissey|409\/714 brn|[from] item: Leftovers
|-damage|p2a: Blissey|320\/714 brn|[from] brn
|turn|27
|
|move|p1a: Chandelure|Fire Blast|p2a: Blissey
|-damage|p2a: Blissey|160\/714 brn
|-damage|p1a: Chandelure|209\/261|[from] item: Life Orb
|move|p2a: Blissey|Wish|p2a: Blissey
|
|-heal|p2a: Blissey|204\/714 brn|[from] item: Leftovers
|-damage|p2a: Blissey|115\/714 brn|[from] brn
|turn|28
|
|move|p2a: Blissey|Protect|p2a: Blissey
|-singleturn|p2a: Blissey|Protect
|move|p1a: Chandelure|Fire Blast|p2a: Blissey
|-activate|p2a: Blissey|Protect
|
|-heal|p2a: Blissey|472\/714 brn|[from] move: Wish|[wisher] Blissey
|-heal|p2a: Blissey|516\/714 brn|[from] item: Leftovers
|-damage|p2a: Blissey|427\/714 brn|[from] brn
|turn|29
|
|move|p1a: Chandelure|Fire Blast|p2a: Blissey|[miss]
|-miss|p1a: Chandelure|p2a: Blissey
|move|p2a: Blissey|Wish|p2a: Blissey
|
|-heal|p2a: Blissey|471\/714 brn|[from] item: Leftovers
|-damage|p2a: Blissey|382\/714 brn|[from] brn
|turn|30
|
|switch|p2a: Alakazam|Alakazam, M|252\/252
|move|p1a: Chandelure|Energy Ball|p2a: Alakazam
|-damage|p2a: Alakazam|90\/252
|-damage|p1a: Chandelure|183\/261|[from] item: Life Orb
|
|-heal|p2a: Alakazam|252\/252|[from] move: Wish|[wisher] Blissey
|turn|31
|
|switch|p1a: Empoleon|Empoleon, M|344\/344
|-damage|p1a: Empoleon|323\/344|[from] Stealth Rock
|move|p2a: Alakazam|Shadow Ball|p1a: Empoleon
|-damage|p1a: Empoleon|251\/344
|
|turn|32
|
|switch|p2a: Blissey|Blissey, F|382\/714
|move|p1a: Empoleon|Scald|p2a: Blissey
|-damage|p2a: Blissey|304\/714
|
|-heal|p2a: Blissey|348\/714|[from] item: Leftovers
|turn|33
|
|move|p1a: Empoleon|Scald|p2a: Blissey
|-damage|p2a: Blissey|266\/714
|-status|p2a: Blissey|brn
|move|p2a: Blissey|Wish|p2a: Blissey
|
|-heal|p2a: Blissey|310\/714 brn|[from] item: Leftovers
|-damage|p2a: Blissey|221\/714 brn|[from] brn
|turn|34
|
|move|p1a: Empoleon|Flash Cannon|p2a: Blissey
|-damage|p2a: Blissey|137\/714 brn
|move|p2a: Blissey|Seismic Toss|p1a: Empoleon
|-damage|p1a: Empoleon|151\/344
|
|-heal|p2a: Blissey|494\/714 brn|[from] move: Wish|[wisher] Blissey
|-heal|p2a: Blissey|538\/714 brn|[from] item: Leftovers
|-damage|p2a: Blissey|449\/714 brn|[from] brn
|turn|35
|
|switch|p2a: Alakazam|Alakazam, M|252\/252
|move|p1a: Empoleon|Flash Cannon|p2a: Alakazam
|-damage|p2a: Alakazam|96\/252
|-unboost|p2a: Alakazam|spd|1
|
|turn|36
|
|move|p2a: Alakazam|Energy Ball|p1a: Empoleon
|-crit|p1a: Empoleon
|-damage|p1a: Empoleon|26\/344
|move|p1a: Empoleon|Scald|p2a: Alakazam
|-damage|p2a: Alakazam|0 fnt
|faint|p2a: Alakazam
|
|
|switch|p2a: Beedrill|Beedrill, F|272\/272
|turn|37
|
|detailschange|p2a: Beedrill|Beedrill-Mega, F
|-mega|p2a: Beedrill|Beedrill|Beedrillite
|move|p2a: Beedrill|U-turn|p1a: Empoleon
|-resisted|p1a: Empoleon
|-damage|p1a: Empoleon|0 fnt
|faint|p1a: Empoleon
|
|switch|p2a: Doublade|Doublade, F|259\/259
|
|
|switch|p1a: Chandelure|Chandelure, M|183\/261
|-damage|p1a: Chandelure|118\/261|[from] Stealth Rock
|turn|38
|
|switch|p2a: Blissey|Blissey, F|449\/714
|move|p1a: Chandelure|Fire Blast|p2a: Blissey
|-damage|p2a: Blissey|289\/714
|-status|p2a: Blissey|brn
|-damage|p1a: Chandelure|92\/261|[from] item: Life Orb
|
|-heal|p2a: Blissey|333\/714 brn|[from] item: Leftovers
|-damage|p2a: Blissey|244\/714 brn|[from] brn
|turn|39
|
|move|p1a: Chandelure|Energy Ball|p2a: Blissey
|-damage|p2a: Blissey|150\/714 brn
|-damage|p1a: Chandelure|66\/261|[from] item: Life Orb
|move|p2a: Blissey|Wish|p2a: Blissey
|
|-heal|p2a: Blissey|194\/714 brn|[from] item: Leftovers
|-damage|p2a: Blissey|105\/714 brn|[from] brn
|turn|40
|
|move|p2a: Blissey|Protect|p2a: Blissey
|-singleturn|p2a: Blissey|Protect
|move|p1a: Chandelure|Fire Blast|p2a: Blissey
|-activate|p2a: Blissey|Protect
|
|-heal|p2a: Blissey|462\/714 brn|[from] move: Wish|[wisher] Blissey
|-heal|p2a: Blissey|506\/714 brn|[from] item: Leftovers
|-damage|p2a: Blissey|417\/714 brn|[from] brn
|turn|41
|
|move|p1a: Chandelure|Pain Split|p2a: Blissey
|-sethp|p2a: Blissey|241\/714 brn|p1a: Chandelure|241\/261|[from] move: Pain Split
|move|p2a: Blissey|Wish|p2a: Blissey
|
|-heal|p2a: Blissey|285\/714 brn|[from] item: Leftovers
|-damage|p2a: Blissey|196\/714 brn|[from] brn
|turn|42
|
|move|p2a: Blissey|Protect|p2a: Blissey
|-singleturn|p2a: Blissey|Protect
|move|p1a: Chandelure|Energy Ball|p2a: Blissey
|-activate|p2a: Blissey|Protect
|
|-heal|p2a: Blissey|553\/714 brn|[from] move: Wish|[wisher] Blissey
|-heal|p2a: Blissey|597\/714 brn|[from] item: Leftovers
|-damage|p2a: Blissey|508\/714 brn|[from] brn
|turn|43
|
|move|p1a: Chandelure|Energy Ball|p2a: Blissey
|-damage|p2a: Blissey|416\/714 brn
|-damage|p1a: Chandelure|215\/261|[from] item: Life Orb
|move|p2a: Blissey|Wish|p2a: Blissey
|
|-heal|p2a: Blissey|460\/714 brn|[from] item: Leftovers
|-damage|p2a: Blissey|371\/714 brn|[from] brn
|turn|44
|
|switch|p2a: Doublade|Doublade, F|259\/259
|move|p1a: Chandelure|Shadow Ball|p2a: Doublade
|-supereffective|p2a: Doublade
|-damage|p2a: Doublade|0 fnt
|-damage|p1a: Chandelure|189\/261|[from] item: Life Orb
|faint|p2a: Doublade
|
|
|switch|p2a: Beedrill|Beedrill-Mega, F|272\/272
|turn|45
|
|switch|p1a: Crobat|Crobat, F|150\/312
|-damage|p1a: Crobat|72\/312|[from] Stealth Rock
|move|p2a: Beedrill|Knock Off|p1a: Crobat
|-damage|p1a: Crobat|0 fnt
|-enditem|p1a: Crobat|Choice Band|[from] move: Knock Off|[of] p2a: Beedrill
|faint|p1a: Crobat
|
|
|switch|p1a: Chesnaught|Chesnaught, M|328\/376
|-damage|p1a: Chesnaught|305\/376|[from] Stealth Rock
|turn|46
|
|move|p2a: Beedrill|Protect|p2a: Beedrill
|-singleturn|p2a: Beedrill|Protect
|move|p1a: Chesnaught|Spiky Shield|p1a: Chesnaught
|-fail|p1a: Chesnaught
|
|-heal|p1a: Chesnaught|328\/376|[from] item: Leftovers
|turn|47
|
|move|p1a: Chesnaught|Spiky Shield|p1a: Chesnaught
|-singleturn|p1a: Chesnaught|move: Protect
|move|p2a: Beedrill|Poison Jab|p1a: Chesnaught
|-activate|p1a: Chesnaught|move: Protect
|-damage|p2a: Beedrill|238\/272|[from] Spiky Shield|[of] p1a: Chesnaught
|
|-heal|p1a: Chesnaught|351\/376|[from] item: Leftovers
|turn|48
|
|move|p2a: Beedrill|Poison Jab|p1a: Chesnaught
|-supereffective|p1a: Chesnaught
|-damage|p1a: Chesnaught|83\/376
|-status|p1a: Chesnaught|psn
|move|p1a: Chesnaught|Substitute|p1a: Chesnaught
|-fail|p1a: Chesnaught|move: Substitute|[weak]
|
|-heal|p1a: Chesnaught|106\/376 psn|[from] item: Leftovers
|-damage|p1a: Chesnaught|59\/376 psn|[from] psn
|turn|49
|
|move|p2a: Beedrill|Knock Off|p1a: Chesnaught
|-resisted|p1a: Chesnaught
|-damage|p1a: Chesnaught|16\/376 psn
|-enditem|p1a: Chesnaught|Leftovers|[from] move: Knock Off|[of] p2a: Beedrill
|move|p1a: Chesnaught|Leech Seed|p2a: Beedrill
|-start|p2a: Beedrill|move: Leech Seed
|
|-damage|p2a: Beedrill|204\/272|[from] Leech Seed|[of] p1a: Chesnaught
|-heal|p1a: Chesnaught|50\/376 psn|[silent]
|-damage|p1a: Chesnaught|3\/376 psn|[from] psn
|turn|50
|
|move|p2a: Beedrill|U-turn|p1a: Chesnaught
|-damage|p1a: Chesnaught|0 fnt
|faint|p1a: Chesnaught
|
|switch|p2a: Blissey|Blissey, F|371\/714
|
|-heal|p2a: Blissey|415\/714|[from] item: Leftovers
|
|switch|p1a: Chandelure|Chandelure, M|189\/261
|-damage|p1a: Chandelure|124\/261|[from] Stealth Rock
|turn|51
|
|move|p1a: Chandelure|Energy Ball|p2a: Blissey
|-damage|p2a: Blissey|323\/714
|-damage|p1a: Chandelure|98\/261|[from] item: Life Orb
|move|p2a: Blissey|Wish|p2a: Blissey
|
|-heal|p2a: Blissey|367\/714|[from] item: Leftovers
|turn|52
|
|switch|p2a: Beedrill|Beedrill-Mega, F|204\/272
|move|p1a: Chandelure|Shadow Ball|p2a: Beedrill
|-damage|p2a: Beedrill|0 fnt
|-damage|p1a: Chandelure|72\/261|[from] item: Life Orb
|faint|p2a: Beedrill
|
|-message|Jar of Flies forfeited.
|
|win|sdarbzzz
|raw|Ladder updating...
|leave|Jar of Flies
|player|p2
|raw|sdarbzzz's rating: 1496 &rarr; <strong>1508<\/strong><br \/>(+12 for winning)
|raw|Jar of Flies's rating: 1357 &rarr; <strong>1345<\/strong><br \/>(-12 for losing)