|join|sdarbzzz
|join|Duralumin
|player|p1|sdarbzzz|1
|player|p2|Duralumin|145
|gametype|singles
|gen|6
|tier|UU
|rated
|rule|Sleep Clause Mod: Limit one foe put to sleep
|rule|Species Clause: Limit one of each PokÃ©mon
|rule|OHKO Clause: OHKO moves are banned
|rule|Moody Clause: Moody is banned
|rule|Evasion Moves Clause: Evasion moves are banned
|rule|Endless Battle Clause: Forcing endless battles is banned
|rule|HP Percentage Mod: HP is shown in percentages
|clearpoke
|poke|p1|Chandelure, F
|poke|p1|Crobat, F
|poke|p1|Chesnaught, M
|poke|p1|Forretress, M
|poke|p1|Empoleon, M
|poke|p1|Hydreigon, F
|poke|p2|Beedrill, F
|poke|p2|Jirachi
|poke|p2|Mienshao, F
|poke|p2|Crobat, F
|poke|p2|Alakazam, M
|poke|p2|Swampert, F
|rule|Swagger Clause: Swagger is banned
|rule|Baton Pass Clause: Limit one PokÃ©mon knowing Baton Pass
|teampreview
|
|start
|switch|p1a: Hydreigon|Hydreigon, F|325\/325
|switch|p2a: Mienshao|Mienshao, F|271\/271
|turn|1
|
|switch|p1a: Forretress|Forretress, M|344\/344
|move|p2a: Mienshao|Fake Out|p1a: Forretress
|-resisted|p1a: Forretress
|-damage|p1a: Forretress|328\/344
|-damage|p2a: Mienshao|226\/271|[from] item: Rocky Helmet|[of] p1a: Forretress
|-damage|p2a: Mienshao|199\/271|[from] item: Life Orb
|
|turn|2
|
|move|p2a: Mienshao|High Jump Kick|p1a: Forretress|[miss]
|-miss|p2a: Mienshao|p1a: Forretress
|-damage|p2a: Mienshao|64\/271|[from] highjumpkick
|move|p1a: Forretress|Stealth Rock|p2a: Mienshao
|-sidestart|p2: Duralumin|move: Stealth Rock
|
|turn|3
|
|move|p2a: Mienshao|U-turn|p1a: Forretress
|-resisted|p1a: Forretress
|-damage|p1a: Forretress|299\/344
|-damage|p2a: Mienshao|19\/271|[from] item: Rocky Helmet|[of] p1a: Forretress
|-damage|p2a: Mienshao|0 fnt|[from] item: Life Orb
|faint|p2a: Mienshao
|move|p1a: Forretress|Spikes|p2: Mienshao
|-sidestart|p2: Duralumin|Spikes
|
|
|switch|p2a: Alakazam|Alakazam, M|251\/251
|turn|4
|
|move|p2a: Alakazam|Focus Blast|p1a: Forretress
|-damage|p1a: Forretress|79\/344
|move|p1a: Forretress|Gyro Ball|p2a: Alakazam
|-damage|p2a: Alakazam|7\/251
|
|turn|5
|
|switch|p1a: Chandelure|Chandelure, F|261\/261
|move|p2a: Alakazam|Shadow Ball|p1a: Chandelure
|-crit|p1a: Chandelure
|-supereffective|p1a: Chandelure
|-damage|p1a: Chandelure|0 fnt
|faint|p1a: Chandelure
|
|
|switch|p1a: Hydreigon|Hydreigon, F|325\/325
|turn|6
|
|move|p1a: Hydreigon|U-turn|p2a: Alakazam
|-supereffective|p2a: Alakazam
|-damage|p2a: Alakazam|0 fnt
|faint|p2a: Alakazam
|
|switch|p1a: Crobat|Crobat, F|312\/312
|
|
|switch|p2a: Swampert|Swampert, F|404\/404
|-damage|p2a: Swampert|354\/404|[from] Spikes
|-damage|p2a: Swampert|329\/404|[from] Stealth Rock
|turn|7
|
|move|p1a: Crobat|Brave Bird|p2a: Swampert
|-damage|p2a: Swampert|151\/404
|-damage|p1a: Crobat|253\/312|[from] recoil|[of] p2a: Swampert
|move|p2a: Swampert|Stealth Rock|p1a: Crobat
|-sidestart|p1: sdarbzzz|move: Stealth Rock
|
|-heal|p2a: Swampert|176\/404|[from] item: Leftovers
|turn|8
|
|move|p1a: Crobat|Brave Bird|p2a: Swampert
|-damage|p2a: Swampert|0 fnt
|-damage|p1a: Crobat|195\/312|[from] recoil|[of] p2a: Swampert
|faint|p2a: Swampert
|
|
|switch|p2a: Crobat|Crobat, F|311\/311
|-damage|p2a: Crobat|234\/311|[from] Stealth Rock
|turn|9
|
|move|p2a: Crobat|Brave Bird|p1a: Crobat
|-damage|p1a: Crobat|0 fnt
|-damage|p2a: Crobat|170\/311|[from] recoil|[of] p1a: Crobat
|faint|p1a: Crobat
|
|-heal|p2a: Crobat|189\/311|[from] item: Black Sludge
|
|switch|p1a: Hydreigon|Hydreigon, F|325\/325
|-damage|p1a: Hydreigon|285\/325|[from] Stealth Rock
|turn|10
|
|move|p1a: Hydreigon|Dark Pulse|p2a: Crobat
|-damage|p2a: Crobat|9\/311
|move|p2a: Crobat|Brave Bird|p1a: Hydreigon
|-damage|p1a: Hydreigon|99\/325
|-damage|p2a: Crobat|0 fnt|[from] recoil|[of] p1a: Hydreigon
|faint|p2a: Crobat
|
|
|switch|p2a: Jirachi|Jirachi|341\/341
|-damage|p2a: Jirachi|320\/341|[from] Stealth Rock
|-damage|p2a: Jirachi|278\/341|[from] Spikes
|turn|11
|
|move|p2a: Jirachi|Iron Head|p1a: Hydreigon
|-damage|p1a: Hydreigon|0 fnt
|faint|p1a: Hydreigon
|
|
|switch|p1a: Empoleon|Empoleon, M|344\/344
|-damage|p1a: Empoleon|323\/344|[from] Stealth Rock
|turn|12
|
|switch|p2a: Beedrill|Beedrill, F|271\/271
|-damage|p2a: Beedrill|238\/271|[from] Spikes
|-damage|p2a: Beedrill|171\/271|[from] Stealth Rock
|move|p1a: Empoleon|Scald|p2a: Beedrill
|-damage|p2a: Beedrill|12\/271
|
|turn|13
|
|switch|p1a: Forretress|Forretress, M|79\/344
|-damage|p1a: Forretress|36\/344|[from] Stealth Rock
|detailschange|p2a: Beedrill|Beedrill-Mega, F
|-mega|p2a: Beedrill|Beedrill|Beedrillite
|move|p2a: Beedrill|Drill Run|p1a: Forretress
|-damage|p1a: Forretress|0 fnt
|-damage|p2a: Beedrill|0 fnt|[from] item: Rocky Helmet|[of] p1a: Forretress
|faint|p2a: Beedrill
|faint|p1a: Forretress
|
|
|switch|p2a: Jirachi|Jirachi|278\/341
|switch|p1a: Chesnaught|Chesnaught, M|376\/376
|-damage|p2a: Jirachi|257\/341|[from] Stealth Rock
|-damage|p2a: Jirachi|215\/341|[from] Spikes
|-damage|p1a: Chesnaught|353\/376|[from] Stealth Rock
|turn|14
|
|move|p1a: Chesnaught|Spiky Shield|p1a: Chesnaught
|-singleturn|p1a: Chesnaught|move: Protect
|move|p2a: Jirachi|Zen Headbutt|p1a: Chesnaught
|-activate|p1a: Chesnaught|move: Protect
|-damage|p2a: Jirachi|173\/341|[from] Spiky Shield|[of] p1a: Chesnaught
|
|-heal|p1a: Chesnaught|376\/376|[from] item: Leftovers
|turn|15
|
|move|p2a: Jirachi|Zen Headbutt|p1a: Chesnaught
|-supereffective|p1a: Chesnaught
|-damage|p1a: Chesnaught|224\/376
|move|p1a: Chesnaught|Leech Seed|p2a: Jirachi
|-start|p2a: Jirachi|move: Leech Seed
|
|-heal|p1a: Chesnaught|247\/376|[from] item: Leftovers
|-damage|p2a: Jirachi|131\/341|[from] Leech Seed|[of] p1a: Chesnaught
|-heal|p1a: Chesnaught|289\/376|[silent]
|turn|16
|-message|Duralumin forfeited.
|leave|Duralumin
|
|win|sdarbzzz
|raw|Ladder updating...
|player|p2
|raw|sdarbzzz's rating: 1433 &rarr; <strong>1446<\/strong><br \/>(+13 for winning)
|raw|Duralumin's rating: 1291 &rarr; <strong>1276<\/strong><br \/>(-15 for losing)