|join|lllleeeecccc
|join|sdarbzzz
|player|p1|lllleeeecccc|84
|player|p2|sdarbzzz|163
|gametype|singles
|gen|6
|tier|UU
|rated
|rule|Sleep Clause Mod: Limit one foe put to sleep
|rule|Species Clause: Limit one of each PokÃ©mon
|rule|OHKO Clause: OHKO moves are banned
|rule|Moody Clause: Moody is banned
|rule|Evasion Moves Clause: Evasion moves are banned
|rule|Endless Battle Clause: Forcing endless battles is banned
|rule|HP Percentage Mod: HP is shown in percentages
|clearpoke
|poke|p1|Diancie
|poke|p1|Crobat, F
|poke|p1|Alakazam, F
|poke|p1|Kingdra, M
|poke|p1|Blissey, F, shiny
|poke|p1|Lucario, F
|poke|p2|Chandelure, F
|poke|p2|Crobat, M
|poke|p2|Chesnaught, F
|poke|p2|Forretress, M
|poke|p2|Empoleon, F
|poke|p2|Hydreigon, M
|rule|Swagger Clause: Swagger is banned
|rule|Baton Pass Clause: Limit one PokÃ©mon knowing Baton Pass
|teampreview
|
|start
|switch|p1a: The Villain|Crobat, F|320\/320
|switch|p2a: Crobat|Crobat, M|312\/312
|turn|1
|
|switch|p1a: The Maid|Blissey, F, shiny|714\/714
|move|p2a: Crobat|U-turn|p1a: The Maid
|-damage|p1a: The Maid|533\/714
|
|switch|p2a: Chesnaught|Chesnaught, F|376\/376
|
|-heal|p1a: The Maid|577\/714|[from] item: Leftovers
|turn|2
|
|switch|p1a: The Villain|Crobat, F|320\/320
|move|p2a: Chesnaught|Substitute|p2a: Chesnaught
|-start|p2a: Chesnaught|Substitute
|-damage|p2a: Chesnaught|282\/376
|
|-heal|p2a: Chesnaught|305\/376|[from] item: Leftovers
|turn|3
|
|move|p2a: Chesnaught|Spiky Shield|p2a: Chesnaught
|-singleturn|p2a: Chesnaught|move: Protect
|move|p1a: The Villain|Brave Bird|p2a: Chesnaught
|-activate|p2a: Chesnaught|move: Protect
|-damage|p1a: The Villain|280\/320|[from] Spiky Shield|[of] p2a: Chesnaught
|
|-heal|p1a: The Villain|300\/320|[from] item: Black Sludge
|-heal|p2a: Chesnaught|328\/376|[from] item: Leftovers
|turn|4
|
|switch|p2a: Forretress|Forretress, M|344\/344
|move|p1a: The Villain|Brave Bird|p2a: Forretress
|-damage|p2a: Forretress|245\/344
|-damage|p1a: The Villain|247\/320|[from] item: Rocky Helmet|[of] p2a: Forretress
|-damage|p1a: The Villain|214\/320|[from] recoil|[of] p2a: Forretress
|
|-heal|p1a: The Villain|234\/320|[from] item: Black Sludge
|turn|5
|
|move|p1a: The Villain|Brave Bird|p2a: Forretress
|-damage|p2a: Forretress|146\/344
|-damage|p1a: The Villain|181\/320|[from] item: Rocky Helmet|[of] p2a: Forretress
|-damage|p1a: The Villain|148\/320|[from] recoil|[of] p2a: Forretress
|move|p2a: Forretress|Stealth Rock|p1a: The Villain
|-sidestart|p1: lllleeeecccc|move: Stealth Rock
|
|-heal|p1a: The Villain|168\/320|[from] item: Black Sludge
|turn|6
|
|move|p1a: The Villain|Defog|p2a: Forretress
|-unboost|p2a: Forretress|evasion|1
|-sideend|p1: lllleeeecccc|Stealth Rock|[from] move: Defog|[of] p1a: The Villain
|move|p2a: Forretress|Gyro Ball|p1a: The Villain
|-damage|p1a: The Villain|18\/320
|
|-heal|p1a: The Villain|38\/320|[from] item: Black Sludge
|turn|7
|
|move|p1a: The Villain|Roost|p1a: The Villain
|-heal|p1a: The Villain|198\/320
|move|p2a: Forretress|Gyro Ball|p1a: The Villain
|-crit|p1a: The Villain
|-damage|p1a: The Villain|0 fnt
|faint|p1a: The Villain
|
|
|switch|p1a: The Horse|Kingdra, M|354\/354
|turn|8
|
|move|p1a: The Horse|Focus Energy|p1a: The Horse
|-start|p1a: The Horse|move: Focus Energy
|move|p2a: Forretress|Stealth Rock|p1a: The Horse
|-sidestart|p1: lllleeeecccc|move: Stealth Rock
|
|turn|9
|
|move|p1a: The Horse|Agility|p1a: The Horse
|-boost|p1a: The Horse|spe|2
|move|p2a: Forretress|Spikes|p1a: The Horse
|-sidestart|p1: lllleeeecccc|Spikes
|
|turn|10
|
|move|p1a: The Horse|Scald|p2a: Forretress
|-crit|p2a: Forretress
|-damage|p2a: Forretress|0 fnt
|faint|p2a: Forretress
|
|
|switch|p2a: Empoleon|Empoleon, F|344\/344
|turn|11
|
|move|p1a: The Horse|Draco Meteor|p2a: Empoleon
|-crit|p2a: Empoleon
|-resisted|p2a: Empoleon
|-damage|p2a: Empoleon|191\/344
|-unboost|p1a: The Horse|spa|2
|move|p2a: Empoleon|Ice Beam|p1a: The Horse
|-damage|p1a: The Horse|240\/354
|
|turn|12
|
|move|p1a: The Horse|Draco Meteor|p2a: Empoleon|[miss]
|-miss|p1a: The Horse|p2a: Empoleon
|move|p2a: Empoleon|Ice Beam|p1a: The Horse
|-damage|p1a: The Horse|122\/354
|
|turn|13
|
|move|p1a: The Horse|Draco Meteor|p2a: Empoleon
|-crit|p2a: Empoleon
|-resisted|p2a: Empoleon
|-damage|p2a: Empoleon|44\/344
|-unboost|p1a: The Horse|spa|2
|move|p2a: Empoleon|Ice Beam|p1a: The Horse
|-damage|p1a: The Horse|13\/354
|
|turn|14
|
|move|p1a: The Horse|Draco Meteor|p2a: Empoleon
|-crit|p2a: Empoleon
|-resisted|p2a: Empoleon
|-damage|p2a: Empoleon|0 fnt
|-unboost|p1a: The Horse|spa|2
|faint|p2a: Empoleon
|
|
|switch|p2a: Chesnaught|Chesnaught, F|328\/376
|turn|15
|
|move|p1a: The Horse|Draco Meteor|p2a: Chesnaught
|-crit|p2a: Chesnaught
|-damage|p2a: Chesnaught|0 fnt
|faint|p2a: Chesnaught
|
|
|switch|p2a: Chandelure|Chandelure, F|261\/261
|turn|16
|
|move|p1a: The Horse|Draco Meteor|p2a: Chandelure
|-crit|p2a: Chandelure
|-damage|p2a: Chandelure|0 fnt
|faint|p2a: Chandelure
|
|
|switch|p2a: Crobat|Crobat, M|312\/312
|turn|17
|
|move|p1a: The Horse|Draco Meteor|p2a: Crobat
|-crit|p2a: Crobat
|-damage|p2a: Crobat|0 fnt
|faint|p2a: Crobat
|
|
|switch|p2a: Hydreigon|Hydreigon, M|325\/325
|turn|18
|
|move|p2a: Hydreigon|Earth Power|p1a: The Horse
|-damage|p1a: The Horse|0 fnt
|faint|p1a: The Horse
|
|c|âsdarbzzz|really
|c|âsdarbzzz|fml
|
|switch|p1a: The Maid|Blissey, F, shiny|577\/714
|-damage|p1a: The Maid|488\/714|[from] Spikes
|-damage|p1a: The Maid|399\/714|[from] Stealth Rock
|turn|19
|-message|sdarbzzz forfeited.
|leave|sdarbzzz
|
|win|lllleeeecccc
|raw|Ladder updating...
|player|p2