|join|Majestic Ludicolo
|join|sdarbzzz
|player|p1|Majestic Ludicolo|269
|player|p2|sdarbzzz|1
|gametype|singles
|gen|6
|tier|UU
|rated
|rule|Sleep Clause Mod: Limit one foe put to sleep
|rule|Species Clause: Limit one of each PokÃ©mon
|rule|OHKO Clause: OHKO moves are banned
|rule|Moody Clause: Moody is banned
|rule|Evasion Moves Clause: Evasion moves are banned
|rule|Endless Battle Clause: Forcing endless battles is banned
|rule|HP Percentage Mod: HP is shown in percentages
|clearpoke
|poke|p1|Jirachi
|poke|p1|Diancie
|poke|p1|Celebi
|poke|p1|Entei, shiny
|poke|p1|Raikou
|poke|p1|Suicune
|poke|p2|Chandelure, F
|poke|p2|Crobat, F
|poke|p2|Chesnaught, F
|poke|p2|Forretress, M
|poke|p2|Empoleon, M
|poke|p2|Hydreigon, F
|rule|Swagger Clause: Swagger is banned
|rule|Baton Pass Clause: Limit one PokÃ©mon knowing Baton Pass
|teampreview
|
|start
|switch|p1a: Diancie|Diancie|300\/300
|switch|p2a: Hydreigon|Hydreigon, F|325\/325
|turn|1
|
|detailschange|p1a: Diancie|Diancie-Mega
|-mega|p1a: Diancie|Diancie|Diancite
|move|p2a: Hydreigon|U-turn|p1a: Diancie
|-resisted|p1a: Diancie
|-damage|p1a: Diancie|272\/300
|
|switch|p2a: Forretress|Forretress, M|344\/344
|move|p1a: Diancie|Calm Mind|p1a: Diancie
|-boost|p1a: Diancie|spa|1
|-boost|p1a: Diancie|spd|1
|
|turn|2
|
|move|p1a: Diancie|Diamond Storm|p2a: Forretress
|-damage|p2a: Forretress|256\/344
|move|p2a: Forretress|Gyro Ball|p1a: Diancie
|-supereffective|p1a: Diancie
|-damage|p1a: Diancie|0 fnt
|faint|p1a: Diancie
|
|
|switch|p1a: Entei|Entei, shiny|372\/372
|-ability|p1a: Entei|Pressure
|turn|3
|
|switch|p2a: Chandelure|Chandelure, F|261\/261
|move|p1a: Entei|Sacred Fire|p2a: Chandelure
|-start|p2a: Chandelure|ability: Flash Fire
|
|turn|4
|
|switch|p1a: Suicune|Suicune|403\/403
|-ability|p1a: Suicune|Pressure
|move|p2a: Chandelure|Shadow Ball|p1a: Suicune
|-damage|p1a: Suicune|230\/403
|-unboost|p1a: Suicune|spd|1
|-damage|p2a: Chandelure|235\/261|[from] item: Life Orb
|
|-heal|p1a: Suicune|255\/403|[from] item: Leftovers
|turn|5
|
|move|p2a: Chandelure|Shadow Ball|p1a: Suicune
|-damage|p1a: Suicune|31\/403
|-unboost|p1a: Suicune|spd|1
|-damage|p2a: Chandelure|209\/261|[from] item: Life Orb
|move|p1a: Suicune|Scald|p2a: Chandelure
|-supereffective|p2a: Chandelure
|-damage|p2a: Chandelure|21\/261
|
|-heal|p1a: Suicune|56\/403|[from] item: Leftovers
|turn|6
|
|switch|p1a: Raikou|Raikou|321\/321
|-ability|p1a: Raikou|Pressure
|move|p2a: Chandelure|Pain Split|p1a: Raikou
|-sethp|p1a: Raikou|171\/321|p2a: Chandelure|171\/261|[from] move: Pain Split
|
|turn|7
|
|switch|p2a: Hydreigon|Hydreigon, F|325\/325
|move|p1a: Raikou|Shadow Ball|p2a: Hydreigon
|-resisted|p2a: Hydreigon
|-damage|p2a: Hydreigon|281\/325
|
|turn|8
|
|move|p2a: Hydreigon|Draco Meteor|p1a: Raikou
|-damage|p1a: Raikou|24\/321
|-unboost|p2a: Hydreigon|spa|2
|move|p1a: Raikou|Hidden Power|p2a: Hydreigon
|-supereffective|p2a: Hydreigon
|-damage|p2a: Hydreigon|139\/325
|
|turn|9
|
|move|p2a: Hydreigon|Draco Meteor|p1a: Raikou
|-damage|p1a: Raikou|0 fnt
|-unboost|p2a: Hydreigon|spa|2
|faint|p1a: Raikou
|
|
|switch|p1a: Celebi|Celebi|391\/391
|turn|10
|
|switch|p2a: Crobat|Crobat, F|312\/312
|move|p1a: Celebi|Nasty Plot|p1a: Celebi
|-boost|p1a: Celebi|spa|2
|
|turn|11
|
|move|p2a: Crobat|U-turn|p1a: Celebi
|-crit|p1a: Celebi
|-supereffective|p1a: Celebi
|-damage|p1a: Celebi|0 fnt
|faint|p1a: Celebi
|-message|Majestic Ludicolo forfeited.
|leave|Majestic Ludicolo
|
|win|sdarbzzz
|raw|Ladder updating...
|player|p1
|raw|Majestic Ludicolo's rating: 1274 &rarr; <strong>1245<\/strong><br \/>(-29 for losing)
|raw|sdarbzzz's rating: 1214 &rarr; <strong>1244<\/strong><br \/>(+30 for winning)