|join|Mcnoodlenose
|join|VespiquenSlave
|player|p1|Mcnoodlenose|2
|player|p2|VespiquenSlave|241
|gametype|singles
|gen|6
|tier|OU
|rated
|clearpoke
|poke|p1|Keldeo
|poke|p1|Latios, M
|poke|p1|Bisharp, M, shiny
|poke|p1|Scizor, F
|poke|p1|Garchomp, M, shiny
|poke|p1|Thundurus, M
|poke|p2|Aerodactyl, F, shiny
|poke|p2|Blissey, F
|poke|p2|Mandibuzz, F
|poke|p2|Venusaur, M
|poke|p2|Rhyperior, M, shiny
|poke|p2|Conkeldurr, M, shiny
|rule|Swagger Clause: Swagger is banned
|rule|Baton Pass Clause: Limit one PokÃ©mon knowing Baton Pass
|rule|Sleep Clause Mod: Limit one foe put to sleep
|rule|Species Clause: Limit one of each PokÃ©mon
|rule|OHKO Clause: OHKO moves are banned
|rule|Moody Clause: Moody is banned
|rule|Evasion Moves Clause: Evasion moves are banned
|rule|Endless Battle Clause: Forcing endless battles is banned
|rule|HP Percentage Mod: HP is shown in percentages
|teampreview
|
|start
|switch|p1a: Garchomp|Garchomp, M, shiny|358\/358
|switch|p2a: Aerodactyl|Aerodactyl, F, shiny|302\/302
|-ability|p2a: Aerodactyl|Unnerve|p1: Mcnoodlenose
|turn|1
|
|move|p2a: Aerodactyl|Taunt|p1a: Garchomp
|-start|p1a: Garchomp|move: Taunt
|cant|p1a: Garchomp|move: Taunt|Stealth Rock
|
|turn|2
|
|move|p2a: Aerodactyl|Stealth Rock|p1a: Garchomp
|-sidestart|p1: Mcnoodlenose|move: Stealth Rock
|move|p1a: Garchomp|Outrage|p2a: Aerodactyl
|-enditem|p2a: Aerodactyl|Focus Sash
|-damage|p2a: Aerodactyl|1\/302
|
|turn|3
|
|move|p2a: Aerodactyl|Earthquake|p1a: Garchomp
|-damage|p1a: Garchomp|260\/358
|move|p1a: Garchomp|Outrage|p2a: Aerodactyl
|-damage|p2a: Aerodactyl|0 fnt
|faint|p2a: Aerodactyl
|
|-end|p1a: Garchomp|move: Taunt
|
|switch|p2a: Conkeldurr|Conkeldurr, M, shiny|414\/414
|turn|4
|
|move|p1a: Garchomp|Outrage|p2a: Conkeldurr
|-damage|p2a: Conkeldurr|194\/414
|move|p2a: Conkeldurr|Ice Punch|p1a: Garchomp
|-supereffective|p1a: Garchomp
|-damage|p1a: Garchomp|0 fnt
|-damage|p2a: Conkeldurr|143\/414|[from] ability: Rough Skin|[of] p1a: Garchomp
|faint|p1a: Garchomp
|
|
|switch|p1a: Latios|Latios, M|302\/302
|-damage|p1a: Latios|265\/302|[from] Stealth Rock
|turn|5
|
|move|p1a: Latios|Psyshock|p2a: Conkeldurr
|-supereffective|p2a: Conkeldurr
|-damage|p2a: Conkeldurr|0 fnt
|-damage|p1a: Latios|235\/302|[from] item: Life Orb
|faint|p2a: Conkeldurr
|
|
|switch|p2a: Mandibuzz|Mandibuzz, F|424\/424
|turn|6
|
|switch|p1a: Keldeo|Keldeo|323\/323
|-damage|p1a: Keldeo|303\/323|[from] Stealth Rock
|move|p2a: Mandibuzz|Foul Play|p1a: Keldeo
|-resisted|p1a: Keldeo
|-damage|p1a: Keldeo|258\/323
|-boost|p1a: Keldeo|atk|1|[from] ability: Justified
|
|turn|7
|
|switch|p2a: Blissey|Blissey, F|714\/714
|move|p1a: Keldeo|Scald|p2a: Blissey
|-damage|p2a: Blissey|552\/714
|
|-heal|p2a: Blissey|596\/714|[from] item: Leftovers
|turn|8
|
|switch|p1a: Latios|Latios, M|235\/302
|-damage|p1a: Latios|198\/302|[from] Stealth Rock
|switch|p2a: Venusaur|Venusaur, M|364\/364
|
|turn|9
|
|switch|p2a: Mandibuzz|Mandibuzz, F|424\/424
|move|p1a: Latios|Defog|p2a: Mandibuzz
|-unboost|p2a: Mandibuzz|evasion|1
|-sideend|p1: Mcnoodlenose|Stealth Rock|[from] move: Defog|[of] p1a: Latios
|
|turn|10
|
|move|p1a: Latios|Draco Meteor|p2a: Mandibuzz
|-damage|p2a: Mandibuzz|124\/424
|-unboost|p1a: Latios|spa|2
|-damage|p1a: Latios|168\/302|[from] item: Life Orb
|move|p2a: Mandibuzz|Roost|p2a: Mandibuzz
|-heal|p2a: Mandibuzz|336\/424
|
|turn|11
|
|switch|p1a: Keldeo|Keldeo|258\/323
|switch|p2a: Venusaur|Venusaur, M|364\/364
|
|turn|12
|
|switch|p1a: Bisharp|Bisharp, M, shiny|272\/272
|detailschange|p2a: Venusaur|Venusaur-Mega, M
|message|Venusaur has Mega Evolved into Mega Venusaur!
|move|p2a: Venusaur|Leech Seed|p1a: Bisharp
|-start|p1a: Bisharp|move: Leech Seed
|
|-damage|p1a: Bisharp|238\/272|[from] Leech Seed|[of] p2a: Venusaur
|turn|13
|
|switch|p2a: Mandibuzz|Mandibuzz, F|336\/424
|move|p1a: Bisharp|Iron Head|p2a: Mandibuzz
|-damage|p2a: Mandibuzz|184\/424
|-damage|p1a: Bisharp|193\/272|[from] item: Rocky Helmet|[of] p2a: Mandibuzz
|-damage|p1a: Bisharp|166\/272|[from] item: Life Orb
|
|-damage|p1a: Bisharp|132\/272|[from] Leech Seed|[of] p2a: Mandibuzz
|-heal|p2a: Mandibuzz|218\/424|[silent]
|turn|14
|
|switch|p1a: Thundurus|Thundurus, M|300\/300
|move|p2a: Mandibuzz|Roost|p2a: Mandibuzz
|-heal|p2a: Mandibuzz|424\/424
|
|turn|15
|
|switch|p1a: Keldeo|Keldeo|258\/323
|switch|p2a: Blissey|Blissey, F|596\/714
|
|-heal|p2a: Blissey|640\/714|[from] item: Leftovers
|turn|16
|
|switch|p2a: Venusaur|Venusaur-Mega, M|364\/364
|move|p1a: Keldeo|Secret Sword|p2a: Venusaur
|-resisted|p2a: Venusaur
|-damage|p2a: Venusaur|275\/364
|
|turn|17
|
|switch|p1a: Latios|Latios, M|168\/302
|move|p2a: Venusaur|Sludge Bomb|p1a: Latios
|-damage|p1a: Latios|20\/302
|-status|p1a: Latios|psn
|
|-damage|p1a: Latios|0 fnt|[from] psn
|faint|p1a: Latios
|
|switch|p1a: Scizor|Scizor, F|318\/318
|turn|18
|
|detailschange|p1a: Scizor|Scizor-Mega, F
|message|Scizor has Mega Evolved into Mega Scizor!
|move|p2a: Venusaur|Hidden Power|p1a: Scizor
|-supereffective|p1a: Scizor
|-damage|p1a: Scizor|46\/318
|move|p1a: Scizor|Swords Dance|p1a: Scizor
|-boost|p1a: Scizor|atk|2
|
|turn|19
|
|switch|p2a: Mandibuzz|Mandibuzz, F|424\/424
|move|p1a: Scizor|Bullet Punch|p2a: Mandibuzz
|-damage|p2a: Mandibuzz|232\/424
|-damage|p1a: Scizor|0 fnt|[from] item: Rocky Helmet|[of] p2a: Mandibuzz
|faint|p1a: Scizor
|
|
|switch|p1a: Thundurus|Thundurus, M|300\/300
|turn|20
|
|switch|p1a: Keldeo|Keldeo|258\/323
|switch|p2a: Blissey|Blissey, F|640\/714
|
|-heal|p2a: Blissey|684\/714|[from] item: Leftovers
|turn|21
|
|move|p1a: Keldeo|Icy Wind|p2a: Blissey
|-damage|p2a: Blissey|612\/714
|-unboost|p2a: Blissey|spe|1
|move|p2a: Blissey|Wish|p2a: Blissey
|
|-heal|p2a: Blissey|656\/714|[from] item: Leftovers
|turn|22
|leave|Mcnoodlenose
|player|p1
|-message|mcnoodlenose lost due to inactivity.
|
|win|VespiquenSlave
|raw|Ladder updating...
|raw|Mcnoodlenose's rating: 1710 &rarr; <strong>1681<\/strong><br \/>(-29 for losing)
|raw|VespiquenSlave's rating: 1534 &rarr; <strong>1563<\/strong><br \/>(+29 for winning)
|join|Drowzap