|join|silent on rampage
|join|Ryuzenpaku
|player|p1|silent on rampage|158
|player|p2|Ryuzenpaku|151
|gametype|singles
|gen|6
|tier|UU
|rated
|rule|Sleep Clause Mod: Limit one foe put to sleep
|rule|Species Clause: Limit one of each Pokemon
|rule|OHKO Clause: OHKO moves are banned
|rule|Moody Clause: Moody is banned
|rule|Evasion Moves Clause: Evasion moves are banned
|rule|Endless Battle Clause: Forcing endless battles is banned.
|rule|HP Percentage Mod: HP is reported as percentages
|clearpoke
|poke|p1|Porygon-Z
|poke|p1|Chandelure, F
|poke|p1|Toxicroak, M
|poke|p1|Flygon, M
|poke|p1|Swampert, M
|poke|p1|Florges, F
|poke|p2|Weavile, F
|poke|p2|Victini
|poke|p2|Mienshao, F
|poke|p2|Manectric, M
|poke|p2|Nidoqueen, F
|poke|p2|Flygon, F
|teampreview
|
|start
|switch|p1a: Swampert|Swampert, M|401\/401
|switch|p2a: Weavile|Weavile, F|281\/281
|-ability|p2a: Weavile|Pressure
|turn|1
|
|move|p2a: Weavile|Knock Off|p1a: Swampert
|-damage|p1a: Swampert|236\/401
|-enditem|p1a: Swampert|Leftovers|[from] move: Knock Off|[of] p2a: Weavile
|-damage|p2a: Weavile|253\/281|[from] item: Life Orb
|move|p1a: Swampert|Stealth Rock|p2a: Weavile
|-sidestart|p2: Ryuzenpaku|move: Stealth Rock
|
|turn|2
|
|switch|p1a: Florges|Florges, F|360\/360
|move|p2a: Weavile|Ice Punch|p1a: Florges
|-damage|p1a: Florges|199\/360
|-damage|p2a: Weavile|225\/281|[from] item: Life Orb
|
|-heal|p1a: Florges|221\/360|[from] item: Leftovers
|turn|3
|
|move|p2a: Weavile|Iron Tail|p1a: Florges
|-supereffective|p1a: Florges
|-damage|p1a: Florges|0 fnt
|-damage|p2a: Weavile|197\/281|[from] item: Life Orb
|faint|p1a: Florges
|
|
|switch|p1a: Toxicroak|Toxicroak, M|333\/333
|turn|4
|
|move|p2a: Weavile|Knock Off|p1a: Toxicroak
|-resisted|p1a: Toxicroak
|-damage|p1a: Toxicroak|173\/333
|-enditem|p1a: Toxicroak|Life Orb|[from] move: Knock Off|[of] p2a: Weavile
|-damage|p2a: Weavile|169\/281|[from] item: Life Orb
|move|p1a: Toxicroak|Swords Dance|p1a: Toxicroak
|-boost|p1a: Toxicroak|atk|2
|
|turn|5
|
|move|p2a: Weavile|Ice Punch|p1a: Toxicroak
|-damage|p1a: Toxicroak|0 fnt
|-damage|p2a: Weavile|141\/281|[from] item: Life Orb
|faint|p1a: Toxicroak
|
|
|switch|p1a: Swampert|Swampert, M|236\/401
|turn|6
|
|move|p2a: Weavile|Ice Punch|p1a: Swampert
|-damage|p1a: Swampert|110\/401
|-damage|p2a: Weavile|113\/281|[from] item: Life Orb
|move|p1a: Swampert|Scald|p2a: Weavile
|-damage|p2a: Weavile|0 fnt
|faint|p2a: Weavile
|
|
|switch|p2a: Nidoqueen|Nidoqueen, F|363\/363
|-damage|p2a: Nidoqueen|341\/363|[from] Stealth Rock
|turn|7
|
|move|p2a: Nidoqueen|Stealth Rock|p1a: Swampert
|-sidestart|p1: silent on rampage|move: Stealth Rock
|move|p1a: Swampert|Scald|p2a: Nidoqueen
|-supereffective|p2a: Nidoqueen
|-damage|p2a: Nidoqueen|35\/363
|-status|p2a: Nidoqueen|brn
|
|-damage|p2a: Nidoqueen|0 fnt|[from] brn
|faint|p2a: Nidoqueen
|
|switch|p2a: Victini|Victini|341\/341
|-damage|p2a: Victini|256\/341|[from] Stealth Rock
|turn|8
|
|move|p2a: Victini|Grass Knot|p1a: Swampert
|-supereffective|p1a: Swampert
|-damage|p1a: Swampert|0 fnt
|-damage|p2a: Victini|222\/341|[from] item: Life Orb
|faint|p1a: Swampert
|
|
|switch|p1a: Flygon|Flygon, M|301\/301
|-damage|p1a: Flygon|283\/301|[from] Stealth Rock
|turn|9
|
|move|p1a: Flygon|Outrage|p2a: Victini
|-damage|p2a: Victini|20\/341
|move|p2a: Victini|Glaciate|p1a: Flygon
|-supereffective|p1a: Flygon
|-damage|p1a: Flygon|0 fnt
|-damage|p2a: Victini|0 fnt|[from] item: Life Orb
|faint|p1a: Flygon
|faint|p2a: Victini
|
|
|switch|p2a: Flygon|Flygon, F|301\/301
|-damage|p2a: Flygon|283\/301|[from] Stealth Rock
|switch|p1a: Porygon-Z|Porygon-Z|336\/336
|-damage|p1a: Porygon-Z|294\/336|[from] Stealth Rock
|turn|10
|
|move|p2a: Flygon|U-turn|p1a: Porygon-Z
|-damage|p1a: Porygon-Z|204\/336
|
|switch|p2a: Manectric|Manectric, M|281\/281
|-damage|p2a: Manectric|246\/281|[from] Stealth Rock
|move|p1a: Porygon-Z|Agility|p1a: Porygon-Z
|-boost|p1a: Porygon-Z|spe|2
|
|turn|11
|
|-formechange|p2a: Manectric|Manectric-Mega
|message|Manectric has Mega Evolved into Mega Manectric!
|-ability|p2a: Manectric|Intimidate|[of] p1a: Porygon-Z
|-unboost|p1a: Porygon-Z|atk|1
|move|p1a: Porygon-Z|Tri Attack|p2a: Manectric
|-damage|p2a: Manectric|0 fnt
|faint|p2a: Manectric
|
|
|switch|p2a: Mienshao|Mienshao, F|271\/271
|-damage|p2a: Mienshao|255\/271|[from] Stealth Rock
|turn|12
|
|move|p1a: Porygon-Z|Tri Attack|p2a: Mienshao
|-crit|p2a: Mienshao
|-damage|p2a: Mienshao|0 fnt
|faint|p2a: Mienshao
|
|
|switch|p2a: Flygon|Flygon, F|283\/301
|-damage|p2a: Flygon|265\/301|[from] Stealth Rock
|turn|13
|
|move|p1a: Porygon-Z|Tri Attack|p2a: Flygon
|-damage|p2a: Flygon|25\/301
|move|p2a: Flygon|Earthquake|p1a: Porygon-Z
|-damage|p1a: Porygon-Z|20\/336
|
|turn|14
|
|move|p1a: Porygon-Z|Tri Attack|p2a: Flygon
|-damage|p2a: Flygon|0 fnt
|faint|p2a: Flygon
|
|win|silent on rampage
|raw|Ladder updating...
|raw|silent on rampage's rating: 1581 &rarr; <strong>1590<\/strong><br \/>(+9 for winning)
|raw|Ryuzenpaku's rating: 1371 &rarr; <strong>1362<\/strong><br \/>(-9 for losing)
|leave|silent on rampage
|player|p1
|leave|Ryuzenpaku
|player|p2
|join|silent on rampage