|join|silent on rampage
|join|uulandonius
|player|p1|silent on rampage|158
|player|p2|uulandonius|54
|gametype|singles
|gen|6
|tier|UU
|rated
|rule|Sleep Clause Mod: Limit one foe put to sleep
|rule|Species Clause: Limit one of each Pokemon
|rule|OHKO Clause: OHKO moves are banned
|rule|Moody Clause: Moody is banned
|rule|Evasion Moves Clause: Evasion moves are banned
|rule|Endless Battle Clause: Forcing endless battles is banned.
|rule|HP Percentage Mod: HP is reported as percentages
|clearpoke
|poke|p1|Porygon-Z
|poke|p1|Chandelure, M
|poke|p1|Toxicroak, F
|poke|p1|Flygon, M
|poke|p1|Swampert, M
|poke|p1|Florges, F
|poke|p2|Venomoth, M, shiny
|poke|p2|Nidoking, M, shiny
|poke|p2|Meowstic, M, shiny
|poke|p2|Gorebyss, M, shiny
|poke|p2|Xatu, M, shiny
|poke|p2|Exploud, F, shiny
|teampreview
|
|start
|switch|p1a: Porygon-Z|Porygon-Z|336\/336
|switch|p2a: Meowstic|Meowstic, M, shiny|352\/352
|turn|1
|
|move|p2a: Meowstic|Light Screen|p2a: Meowstic
|-sidestart|p2: uulandonius|move: Light Screen
|move|p1a: Porygon-Z|Shadow Ball|p2a: Meowstic
|-supereffective|p2a: Meowstic
|-damage|p2a: Meowstic|220\/352
|
|turn|2
|
|switch|p1a: Flygon|Flygon, M|301\/301
|move|p2a: Meowstic|Thunder Wave|p1a: Flygon
|-immune|p1a: Flygon|[msg]
|
|turn|3
|
|move|p2a: Meowstic|Reflect|p2a: Meowstic
|-sidestart|p2: uulandonius|Reflect
|move|p1a: Flygon|U-turn|p2a: Meowstic
|-supereffective|p2a: Meowstic
|-damage|p2a: Meowstic|135\/352
|
|switch|p1a: Chandelure|Chandelure, M|277\/277
|
|turn|4
|
|switch|p1a: Flygon|Flygon, M|301\/301
|move|p2a: Meowstic|Thunder Wave|p1a: Flygon
|-immune|p1a: Flygon|[msg]
|
|turn|5
|
|switch|p2a: Venomoth|Venomoth, M, shiny|344\/344
|move|p1a: Flygon|Defog|p2a: Venomoth
|-unboost|p2a: Venomoth|evasion|1
|-sideend|p2: uulandonius|Reflect
|-sideend|p2: uulandonius|Reflect|[from] move: Defog|[of] p2a: Venomoth
|-sideend|p2: uulandonius|move: Light Screen
|-sideend|p2: uulandonius|Light Screen|[from] move: Defog|[of] p2a: Venomoth
|
|turn|6
|
|switch|p1a: Toxicroak|Toxicroak, F|333\/333
|move|p2a: Venomoth|Quiver Dance|p2a: Venomoth
|-boost|p2a: Venomoth|spa|1
|-boost|p2a: Venomoth|spd|1
|-boost|p2a: Venomoth|spe|1
|
|turn|7
|
|move|p2a: Venomoth|Quiver Dance|p2a: Venomoth
|-boost|p2a: Venomoth|spa|1
|-boost|p2a: Venomoth|spd|1
|-boost|p2a: Venomoth|spe|1
|move|p1a: Toxicroak|Poison Jab|p2a: Venomoth
|-resisted|p2a: Venomoth
|-damage|p2a: Venomoth|219\/344
|-damage|p1a: Toxicroak|300\/333|[from] item: Life Orb
|
|-heal|p2a: Venomoth|240\/344|[from] item: Black Sludge
|turn|8
|
|move|p2a: Venomoth|Sleep Powder|p1a: Toxicroak
|-status|p1a: Toxicroak|slp
|cant|p1a: Toxicroak|slp
|
|-heal|p2a: Venomoth|261\/344|[from] item: Black Sludge
|turn|9
|
|switch|p1a: Flygon|Flygon, M|301\/301
|move|p2a: Venomoth|Baton Pass|p2a: Venomoth
|-message|silent on rampage forfeited.
|
|win|uulandonius
|raw|Ladder updating...
|leave|silent on rampage
|player|p1
|raw|silent on rampage's rating: 1638 &rarr; <strong>1609<\/strong><br \/>(-29 for losing)
|raw|uulandonius's rating: 1477 &rarr; <strong>1506<\/strong><br \/>(+29 for winning)