|join|silent on rampage
|join|uutestest
|player|p1|silent on rampage|158
|player|p2|uutestest|3
|gametype|singles
|gen|6
|tier|UU
|rated
|rule|Sleep Clause Mod: Limit one foe put to sleep
|rule|Species Clause: Limit one of each PokÃ©mon
|rule|OHKO Clause: OHKO moves are banned
|rule|Moody Clause: Moody is banned
|rule|Evasion Moves Clause: Evasion moves are banned
|rule|Endless Battle Clause: Forcing endless battles is banned
|rule|HP Percentage Mod: HP is shown in percentages
|clearpoke
|poke|p1|Cacturne, M
|poke|p1|Cloyster, F
|poke|p1|Infernape, M
|poke|p1|Fletchinder, F
|poke|p1|Azelf, shiny
|poke|p1|Blastoise, M
|poke|p2|Diancie
|poke|p2|Blastoise, M
|poke|p2|Arcanine, F
|poke|p2|Umbreon, M
|poke|p2|Flygon, M
|poke|p2|Toxicroak, F
|rule|Swagger Clause: Swagger is banned
|rule|Baton Pass Clause: Limit one PokÃ©mon knowing Baton Pass
|teampreview
|
|start
|switch|p1a: Blastoise|Blastoise, M|362\/362
|switch|p2a: Arcanine|Arcanine, F|383\/383
|-ability|p2a: Arcanine|Intimidate|[of] p1a: Blastoise
|-unboost|p1a: Blastoise|atk|1
|turn|1
|
|switch|p2a: Toxicroak|Toxicroak, F|370\/370
|detailschange|p1a: Blastoise|Blastoise-Mega, M
|message|Blastoise has Mega Evolved into Mega Blastoise!
|move|p1a: Blastoise|Dragon Pulse|p2a: Toxicroak
|-damage|p2a: Toxicroak|232\/370
|
|turn|2
|
|switch|p1a: Azelf|Azelf, shiny|291\/291
|move|p2a: Toxicroak|Drain Punch|p1a: Azelf
|-resisted|p1a: Azelf
|-damage|p1a: Azelf|198\/291
|-heal|p2a: Toxicroak|279\/370|[from] drain|[of] p1a: Azelf
|
|turn|3
|
|switch|p2a: Diancie|Diancie|304\/304
|move|p1a: Azelf|Stealth Rock|p2a: Diancie
|-sidestart|p2: uutestest|move: Stealth Rock
|
|turn|4
|
|move|p1a: Azelf|Taunt|p2a: Diancie
|-start|p2a: Diancie|move: Taunt
|move|p2a: Diancie|Moonblast|p1a: Azelf
|-damage|p1a: Azelf|0 fnt
|faint|p1a: Azelf
|
|
|switch|p1a: Blastoise|Blastoise-Mega, M|362\/362
|turn|5
|
|switch|p2a: Blastoise|Blastoise, M|362\/362
|-damage|p2a: Blastoise|317\/362|[from] Stealth Rock
|move|p1a: Blastoise|Aura Sphere|p2a: Blastoise
|-damage|p2a: Blastoise|162\/362
|
|turn|6
|
|detailschange|p2a: Blastoise|Blastoise-Mega, M
|message|Blastoise has Mega Evolved into Mega Blastoise!
|move|p1a: Blastoise|Dragon Pulse|p2a: Blastoise
|-damage|p2a: Blastoise|34\/362
|move|p2a: Blastoise|Rapid Spin|p1a: Blastoise
|-damage|p1a: Blastoise|351\/362
|-sideend|p2: uutestest|Stealth Rock|[from] move: Rapid Spin|[of] p2a: Blastoise
|
|turn|7
|
|move|p1a: Blastoise|Dragon Pulse|p2a: Blastoise
|-damage|p2a: Blastoise|0 fnt
|faint|p2a: Blastoise
|
|
|switch|p2a: Toxicroak|Toxicroak, F|279\/370
|turn|8
|
|move|p1a: Blastoise|Dragon Pulse|p2a: Toxicroak
|-damage|p2a: Toxicroak|133\/370
|move|p2a: Toxicroak|Drain Punch|p1a: Blastoise
|-damage|p1a: Blastoise|237\/362
|-heal|p2a: Toxicroak|190\/370|[from] drain|[of] p1a: Blastoise
|
|turn|9
|c|âuutestest|I <3 your blastoise set
|
|move|p1a: Blastoise|Dragon Pulse|p2a: Toxicroak
|-damage|p2a: Toxicroak|41\/370
|move|p2a: Toxicroak|Drain Punch|p1a: Blastoise
|-damage|p1a: Blastoise|126\/362
|-heal|p2a: Toxicroak|97\/370|[from] drain|[of] p1a: Blastoise
|
|turn|10
|
|switch|p2a: Umbreon|Umbreon, M|394\/394
|move|p1a: Blastoise|Dragon Pulse|p2a: Umbreon
|-damage|p2a: Umbreon|268\/394
|
|-heal|p2a: Umbreon|292\/394|[from] item: Leftovers
|turn|11
|
|move|p2a: Umbreon|Protect|p2a: Umbreon
|-singleturn|p2a: Umbreon|Protect
|move|p1a: Blastoise|Aura Sphere|p2a: Umbreon
|-activate|p2a: Umbreon|Protect
|
|-heal|p2a: Umbreon|316\/394|[from] item: Leftovers
|turn|12
|
|switch|p2a: Toxicroak|Toxicroak, F|97\/370
|move|p1a: Blastoise|Aura Sphere|p2a: Toxicroak
|-resisted|p2a: Toxicroak
|-damage|p2a: Toxicroak|21\/370
|
|turn|13
|
|move|p2a: Toxicroak|Sucker Punch|p1a: Blastoise
|-damage|p1a: Blastoise|42\/362
|move|p1a: Blastoise|Aura Sphere|p2a: Toxicroak
|-resisted|p2a: Toxicroak
|-damage|p2a: Toxicroak|0 fnt
|faint|p2a: Toxicroak
|
|
|switch|p2a: Flygon|Flygon, M|301\/301
|turn|14
|
|move|p2a: Flygon|Dragon Claw|p1a: Blastoise
|-damage|p1a: Blastoise|0 fnt
|faint|p1a: Blastoise
|
|
|switch|p1a: Cloyster|Cloyster, F|241\/241
|turn|15
|
|move|p2a: Flygon|Dragon Claw|p1a: Cloyster
|-damage|p1a: Cloyster|130\/241
|move|p1a: Cloyster|Shell Smash|p1a: Cloyster
|-boost|p1a: Cloyster|atk|2
|-boost|p1a: Cloyster|spa|2
|-boost|p1a: Cloyster|spe|2
|-unboost|p1a: Cloyster|def|1
|-unboost|p1a: Cloyster|spd|1
|
|turn|16
|
|switch|p2a: Arcanine|Arcanine, F|383\/383
|-ability|p2a: Arcanine|Intimidate|[of] p1a: Cloyster
|-unboost|p1a: Cloyster|atk|1
|move|p1a: Cloyster|Icicle Spear|p2a: Arcanine
|-resisted|p2a: Arcanine
|-damage|p2a: Arcanine|352\/383
|-resisted|p2a: Arcanine
|-damage|p2a: Arcanine|322\/383
|-resisted|p2a: Arcanine
|-damage|p2a: Arcanine|289\/383
|-resisted|p2a: Arcanine
|-damage|p2a: Arcanine|253\/383
|-resisted|p2a: Arcanine
|-damage|p2a: Arcanine|221\/383
|-hitcount|p2a: Arcanine|5
|
|turn|17
|
|switch|p2a: Umbreon|Umbreon, M|316\/394
|move|p1a: Cloyster|Rock Blast|p2a: Umbreon
|-damage|p2a: Umbreon|291\/394
|-damage|p2a: Umbreon|267\/394
|-damage|p2a: Umbreon|243\/394
|-damage|p2a: Umbreon|216\/394
|-damage|p2a: Umbreon|191\/394
|-hitcount|p2a: Umbreon|5
|
|-heal|p2a: Umbreon|215\/394|[from] item: Leftovers
|turn|18
|
|move|p1a: Cloyster|Icicle Spear|p2a: Umbreon
|-damage|p2a: Umbreon|182\/394
|-damage|p2a: Umbreon|146\/394
|-damage|p2a: Umbreon|112\/394
|-damage|p2a: Umbreon|78\/394
|-crit|p2a: Umbreon
|-damage|p2a: Umbreon|18\/394
|-hitcount|p2a: Umbreon|5
|move|p2a: Umbreon|Foul Play|p1a: Cloyster
|-damage|p1a: Cloyster|0 fnt
|faint|p1a: Cloyster
|
|-heal|p2a: Umbreon|42\/394|[from] item: Leftovers
|
|switch|p1a: Infernape|Infernape, M|293\/293
|turn|19
|
|move|p1a: Infernape|U-turn|p2a: Umbreon
|-supereffective|p2a: Umbreon
|-damage|p2a: Umbreon|0 fnt
|faint|p2a: Umbreon
|
|switch|p1a: Cacturne|Cacturne, M|281\/281
|
|
|switch|p2a: Diancie|Diancie|304\/304
|turn|20
|
|move|p1a: Cacturne|Seed Bomb|p2a: Diancie
|-supereffective|p2a: Diancie
|-damage|p2a: Diancie|62\/304
|-damage|p1a: Cacturne|253\/281|[from] item: Life Orb
|move|p2a: Diancie|Moonblast|p1a: Cacturne
|-supereffective|p1a: Cacturne
|-damage|p1a: Cacturne|0 fnt
|faint|p1a: Cacturne
|
|-heal|p2a: Diancie|81\/304|[from] item: Leftovers
|
|switch|p1a: Infernape|Infernape, M|293\/293
|turn|21
|
|move|p1a: Infernape|Close Combat|p2a: Diancie
|-damage|p2a: Diancie|0 fnt
|-unboost|p1a: Infernape|def|1
|-unboost|p1a: Infernape|spd|1
|faint|p2a: Diancie
|
|
|switch|p2a: Flygon|Flygon, M|301\/301
|turn|22
|
|move|p1a: Infernape|Close Combat|p2a: Flygon
|-damage|p2a: Flygon|93\/301
|-unboost|p1a: Infernape|def|1
|-unboost|p1a: Infernape|spd|1
|move|p2a: Flygon|Outrage|p1a: Infernape
|-damage|p1a: Infernape|0 fnt
|faint|p1a: Infernape
|
|
|switch|p1a: Fletchinder|Fletchinder, F|291\/291
|turn|23
|
|move|p1a: Fletchinder|Acrobatics|p2a: Flygon
|-damage|p2a: Flygon|0 fnt
|faint|p2a: Flygon
|
|
|switch|p2a: Arcanine|Arcanine, F|221\/383
|-ability|p2a: Arcanine|Intimidate|[of] p1a: Fletchinder
|-unboost|p1a: Fletchinder|atk|1
|turn|24
|
|move|p2a: Arcanine|Extreme Speed|p1a: Fletchinder
|-damage|p1a: Fletchinder|78\/291
|move|p1a: Fletchinder|Swords Dance|p1a: Fletchinder
|-boost|p1a: Fletchinder|atk|2
|
|turn|25
|-message|silent on rampage forfeited.
|
|win|uutestest
|raw|Ladder updating...
|leave|silent on rampage
|player|p1
|raw|silent on rampage's rating: 1619 &rarr; <strong>1590<\/strong><br \/>(-29 for losing)
|raw|uutestest's rating: 1452 &rarr; <strong>1481<\/strong><br \/>(+29 for winning)