|join|silent on rampage
|join|kallster
|player|p1|silent on rampage|158
|player|p2|kallster|80
|gametype|singles
|gen|6
|tier|UU
|rated
|rule|Sleep Clause Mod: Limit one foe put to sleep
|rule|Species Clause: Limit one of each PokÃ©mon
|rule|OHKO Clause: OHKO moves are banned
|rule|Moody Clause: Moody is banned
|rule|Evasion Moves Clause: Evasion moves are banned
|rule|Endless Battle Clause: Forcing endless battles is banned
|rule|HP Percentage Mod: HP is shown in percentages
|clearpoke
|poke|p1|Lucario, M
|poke|p1|Florges, F
|poke|p1|Crobat, M
|poke|p1|Serperior, F
|poke|p1|Swampert, F
|poke|p1|Slowking, F
|poke|p2|Absol, M
|poke|p2|Hippowdon, F
|poke|p2|Florges, F
|poke|p2|Roserade, M
|poke|p2|Darmanitan, F
|poke|p2|Crobat, F
|rule|Swagger Clause: Swagger is banned
|rule|Baton Pass Clause: Limit one PokÃ©mon knowing Baton Pass
|teampreview
|
|start
|switch|p1a: Crobat|Crobat, M|373\/373
|switch|p2a: Roserade|Roserade, M|261\/261
|turn|1
|
|switch|p2a: Hippowdon|Hippowdon, F|419\/419
|-weather|Sandstorm
|move|p1a: Crobat|Brave Bird|p2a: Hippowdon
|-damage|p2a: Hippowdon|335\/419
|-damage|p1a: Crobat|345\/373|[from] recoil|[of] p2a: Hippowdon
|
|-weather|Sandstorm|[upkeep]
|-damage|p1a: Crobat|322\/373|[from] sandstorm
|-heal|p1a: Crobat|345\/373|[from] item: Black Sludge
|-heal|p2a: Hippowdon|361\/419|[from] item: Leftovers
|turn|2
|
|move|p1a: Crobat|Taunt|p2a: Hippowdon
|-start|p2a: Hippowdon|move: Taunt
|cant|p2a: Hippowdon|move: Taunt|Stealth Rock
|
|-weather|Sandstorm|[upkeep]
|-damage|p1a: Crobat|322\/373|[from] sandstorm
|-heal|p1a: Crobat|345\/373|[from] item: Black Sludge
|-heal|p2a: Hippowdon|387\/419|[from] item: Leftovers
|turn|3
|
|switch|p2a: Crobat|Crobat, F|345\/345
|move|p1a: Crobat|Brave Bird|p2a: Crobat
|-damage|p2a: Crobat|191\/345
|-damage|p1a: Crobat|294\/373|[from] recoil|[of] p2a: Crobat
|
|-weather|Sandstorm|[upkeep]
|-damage|p2a: Crobat|170\/345|[from] sandstorm
|-damage|p1a: Crobat|271\/373|[from] sandstorm
|-heal|p1a: Crobat|294\/373|[from] item: Black Sludge
|turn|4
|
|move|p2a: Crobat|U-turn|p1a: Crobat
|-resisted|p1a: Crobat
|-damage|p1a: Crobat|276\/373
|
|switch|p2a: Hippowdon|Hippowdon, F|387\/419
|move|p1a: Crobat|Brave Bird|p2a: Hippowdon
|-damage|p2a: Hippowdon|291\/419
|-damage|p1a: Crobat|244\/373|[from] recoil|[of] p2a: Hippowdon
|
|-weather|Sandstorm|[upkeep]
|-damage|p1a: Crobat|221\/373|[from] sandstorm
|-heal|p1a: Crobat|244\/373|[from] item: Black Sludge
|-heal|p2a: Hippowdon|317\/419|[from] item: Leftovers
|turn|5
|
|switch|p2a: Darmanitan|Darmanitan, F|351\/351
|move|p1a: Crobat|Taunt|p2a: Darmanitan
|-start|p2a: Darmanitan|move: Taunt
|
|-weather|none
|-heal|p1a: Crobat|267\/373|[from] item: Black Sludge
|turn|6
|
|switch|p1a: Swampert|Swampert, F|403\/403
|move|p2a: Darmanitan|Flare Blitz|p1a: Swampert
|-resisted|p1a: Swampert
|-damage|p1a: Swampert|285\/403
|-damage|p2a: Darmanitan|312\/351|[from] recoil|[of] p1a: Swampert
|
|turn|7
|
|switch|p2a: Roserade|Roserade, M|261\/261
|detailschange|p1a: Swampert|Swampert-Mega, F
|-mega|p1a: Swampert|Swampert|Swampertite
|move|p1a: Swampert|Stealth Rock|p2a: Roserade
|-sidestart|p2: kallster|move: Stealth Rock
|
|turn|8
|
|switch|p1a: Crobat|Crobat, M|267\/373
|move|p2a: Roserade|Sleep Powder|p1a: Crobat|[miss]
|-miss|p2a: Roserade|p1a: Crobat
|
|-heal|p1a: Crobat|290\/373|[from] item: Black Sludge
|turn|9
|
|switch|p2a: Hippowdon|Hippowdon, F|317\/419
|-damage|p2a: Hippowdon|291\/419|[from] Stealth Rock
|-weather|Sandstorm
|move|p1a: Crobat|Brave Bird|p2a: Hippowdon
|-damage|p2a: Hippowdon|209\/419
|-damage|p1a: Crobat|263\/373|[from] recoil|[of] p2a: Hippowdon
|
|-weather|Sandstorm|[upkeep]
|-damage|p1a: Crobat|240\/373|[from] sandstorm
|-heal|p1a: Crobat|263\/373|[from] item: Black Sludge
|-heal|p2a: Hippowdon|235\/419|[from] item: Leftovers
|turn|10
|
|switch|p2a: Darmanitan|Darmanitan, F|312\/351
|-damage|p2a: Darmanitan|225\/351|[from] Stealth Rock
|move|p1a: Crobat|Taunt|p2a: Darmanitan
|-start|p2a: Darmanitan|move: Taunt
|
|-weather|Sandstorm|[upkeep]
|-damage|p2a: Darmanitan|204\/351|[from] sandstorm
|-damage|p1a: Crobat|240\/373|[from] sandstorm
|-heal|p1a: Crobat|263\/373|[from] item: Black Sludge
|turn|11
|
|switch|p1a: Slowking|Slowking, F|394\/394
|move|p2a: Darmanitan|Flare Blitz|p1a: Slowking
|-resisted|p1a: Slowking
|-damage|p1a: Slowking|221\/394
|-damage|p2a: Darmanitan|147\/351|[from] recoil|[of] p1a: Slowking
|
|-weather|Sandstorm|[upkeep]
|-damage|p2a: Darmanitan|126\/351|[from] sandstorm
|-damage|p1a: Slowking|197\/394|[from] sandstorm
|-heal|p1a: Slowking|221\/394|[from] item: Leftovers
|turn|12
|
|switch|p2a: Florges|Florges, F|360\/360
|-damage|p2a: Florges|315\/360|[from] Stealth Rock
|move|p1a: Slowking|Psyshock|p2a: Florges
|-damage|p2a: Florges|140\/360
|
|-weather|Sandstorm|[upkeep]
|-damage|p2a: Florges|118\/360|[from] sandstorm
|-damage|p1a: Slowking|197\/394|[from] sandstorm
|-heal|p2a: Florges|140\/360|[from] item: Leftovers
|-heal|p1a: Slowking|221\/394|[from] item: Leftovers
|turn|13
|
|move|p2a: Florges|Protect|p2a: Florges
|-singleturn|p2a: Florges|Protect
|move|p1a: Slowking|Scald|p2a: Florges
|-activate|p2a: Florges|Protect
|
|-weather|none
|-heal|p2a: Florges|162\/360|[from] item: Leftovers
|-heal|p1a: Slowking|245\/394|[from] item: Leftovers
|turn|14
|
|switch|p2a: Absol|Absol, M|271\/271
|-damage|p2a: Absol|238\/271|[from] Stealth Rock
|-ability|p2a: Absol|Pressure
|move|p1a: Slowking|Trick Room|p1a: Slowking
|-fieldstart|move: Trick Room|[of] p1a: Slowking
|
|-heal|p1a: Slowking|269\/394|[from] item: Leftovers
|turn|15
|
|switch|p1a: Swampert|Swampert-Mega, F|285\/403
|detailschange|p2a: Absol|Absol-Mega, M
|-mega|p2a: Absol|Absol|Absolite
|move|p2a: Absol|Knock Off|p1a: Swampert
|-damage|p1a: Swampert|198\/403
|
|turn|16
|
|switch|p2a: Florges|Florges, F|162\/360
|-damage|p2a: Florges|117\/360|[from] Stealth Rock
|move|p1a: Swampert|Earthquake|p2a: Florges
|-damage|p2a: Florges|0 fnt
|faint|p2a: Florges
|
|
|switch|p2a: Roserade|Roserade, M|261\/261
|-damage|p2a: Roserade|229\/261|[from] Stealth Rock
|turn|17
|
|move|p1a: Swampert|Earthquake|p2a: Roserade
|-damage|p2a: Roserade|0 fnt
|faint|p2a: Roserade
|
|
|switch|p2a: Crobat|Crobat, F|170\/345
|-damage|p2a: Crobat|84\/345|[from] Stealth Rock
|turn|18
|
|move|p1a: Swampert|Scald|p2a: Crobat
|-damage|p2a: Crobat|0 fnt
|faint|p2a: Crobat
|
|-fieldend|move: Trick Room
|-message|kallster forfeited.
|
|win|silent on rampage
|raw|Ladder updating...
|raw|silent on rampage's rating: 1393 &rarr; <strong>1404<\/strong><br \/>(+11 for winning)
|raw|kallster's rating: 1219 &rarr; <strong>1206<\/strong><br \/>(-13 for losing)
|leave|kallster
|player|p2