|join|silent on rampage
|join|Kiull
|player|p1|silent on rampage|158
|player|p2|Kiull|33
|gametype|singles
|gen|6
|tier|UU
|rated
|rule|Sleep Clause Mod: Limit one foe put to sleep
|rule|Species Clause: Limit one of each PokÃ©mon
|rule|OHKO Clause: OHKO moves are banned
|rule|Moody Clause: Moody is banned
|rule|Evasion Moves Clause: Evasion moves are banned
|rule|Endless Battle Clause: Forcing endless battles is banned
|rule|HP Percentage Mod: HP is shown in percentages
|clearpoke
|poke|p1|Lucario, M
|poke|p1|Florges, F
|poke|p1|Crobat, M
|poke|p1|Serperior, F
|poke|p1|Swampert, F
|poke|p1|Slowking, M
|poke|p2|Jirachi, shiny
|poke|p2|Krookodile, F
|poke|p2|Ampharos, F
|poke|p2|Alakazam, F, shiny
|poke|p2|Nidoqueen, F
|poke|p2|Hydreigon, F
|rule|Swagger Clause: Swagger is banned
|rule|Baton Pass Clause: Limit one PokÃ©mon knowing Baton Pass
|teampreview
|
|start
|switch|p1a: Swampert|Swampert, F|403\/403
|switch|p2a: Jirachi|Jirachi, shiny|341\/341
|turn|1
|join|Taskmasteer
|join|dfasdfg
|
|detailschange|p1a: Swampert|Swampert-Mega, F
|-mega|p1a: Swampert|Swampert|Swampertite
|move|p2a: Jirachi|Trick|p1a: Swampert
|-fail|p1a: Swampert
|move|p1a: Swampert|Earthquake|p2a: Jirachi
|-supereffective|p2a: Jirachi
|-damage|p2a: Jirachi|0 fnt
|faint|p2a: Jirachi
|
|
|switch|p2a: Hydreigon|Hydreigon, F|325\/325
|turn|2
|
|switch|p1a: Florges|Florges, F|360\/360
|move|p2a: Hydreigon|Draco Meteor|p1a: Florges
|-immune|p1a: Florges|[msg]
|
|turn|3
|
|switch|p2a: Nidoqueen|Nidoqueen, F|330\/330
|switch|p1a: Slowking|Slowking, M|394\/394
|
|turn|4
|
|move|p2a: Nidoqueen|Stealth Rock|p1a: Slowking
|-sidestart|p1: silent on rampage|move: Stealth Rock
|move|p1a: Slowking|Trick Room|p1a: Slowking
|-fieldstart|move: Trick Room|[of] p1a: Slowking
|
|turn|5
|
|switch|p2a: Ampharos|Ampharos, F|373\/373
|move|p1a: Slowking|Scald|p2a: Ampharos
|-damage|p2a: Ampharos|228\/373
|
|turn|6
|
|switch|p1a: Swampert|Swampert-Mega, F|403\/403
|-damage|p1a: Swampert|378\/403|[from] Stealth Rock
|detailschange|p2a: Ampharos|Ampharos-Mega, F
|-mega|p2a: Ampharos|Ampharos|Ampharosite
|-ability|p2a: Ampharos|Mold Breaker
|move|p2a: Ampharos|Thunderbolt|p1a: Swampert
|-immune|p1a: Swampert|[msg]
|
|turn|7
|
|move|p2a: Ampharos|Dragon Pulse|p1a: Swampert
|-damage|p1a: Swampert|194\/403
|move|p1a: Swampert|Stealth Rock|p2a: Ampharos
|-sidestart|p2: Kiull|move: Stealth Rock
|
|turn|8
|
|move|p2a: Ampharos|Dragon Pulse|p1a: Swampert
|-damage|p1a: Swampert|22\/403
|move|p1a: Swampert|Earthquake|p2a: Ampharos
|-supereffective|p2a: Ampharos
|-damage|p2a: Ampharos|0 fnt
|faint|p2a: Ampharos
|
|-fieldend|move: Trick Room
|
|switch|p2a: Krookodile|Krookodile, F|331\/331
|-damage|p2a: Krookodile|311\/331|[from] Stealth Rock
|-ability|p2a: Krookodile|Intimidate|[of] p1a: Swampert
|-unboost|p1a: Swampert|atk|1
|turn|9
|
|move|p2a: Krookodile|Knock Off|p1a: Swampert
|-damage|p1a: Swampert|0 fnt
|faint|p1a: Swampert
|
|
|switch|p1a: Serperior|Serperior, F|295\/295
|-damage|p1a: Serperior|259\/295|[from] Stealth Rock
|turn|10
|
|move|p1a: Serperior|Leaf Storm|p2a: Krookodile
|-supereffective|p2a: Krookodile
|-damage|p2a: Krookodile|0 fnt
|-boost|p1a: Serperior|spa|2
|faint|p2a: Krookodile
|
|
|switch|p2a: Alakazam|Alakazam, F, shiny|251\/251
|turn|11
|
|move|p2a: Alakazam|Psyshock|p1a: Serperior
|-damage|p1a: Serperior|106\/295
|move|p1a: Serperior|Leaf Storm|p2a: Alakazam|[miss]
|-miss|p1a: Serperior|p2a: Alakazam
|
|turn|12
|
|move|p2a: Alakazam|Psyshock|p1a: Serperior
|-damage|p1a: Serperior|0 fnt
|faint|p1a: Serperior
|
|
|switch|p1a: Crobat|Crobat, M|373\/373
|-damage|p1a: Crobat|280\/373|[from] Stealth Rock
|turn|13
|
|move|p1a: Crobat|Brave Bird|p2a: Alakazam
|-damage|p2a: Alakazam|7\/251
|-damage|p1a: Crobat|199\/373|[from] recoil|[of] p2a: Alakazam
|move|p2a: Alakazam|Psyshock|p1a: Crobat
|-supereffective|p1a: Crobat
|-damage|p1a: Crobat|0 fnt
|faint|p1a: Crobat
|
|
|switch|p1a: Lucario|Lucario, M|281\/281
|-damage|p1a: Lucario|273\/281|[from] Stealth Rock
|turn|14
|
|move|p1a: Lucario|Extreme Speed|p2a: Alakazam
|-damage|p2a: Alakazam|0 fnt
|-damage|p1a: Lucario|245\/281|[from] item: Life Orb
|faint|p2a: Alakazam
|
|
|switch|p2a: Nidoqueen|Nidoqueen, F|330\/330
|-damage|p2a: Nidoqueen|310\/330|[from] Stealth Rock
|turn|15
|
|switch|p2a: Hydreigon|Hydreigon, F|325\/325
|-damage|p2a: Hydreigon|285\/325|[from] Stealth Rock
|move|p1a: Lucario|Close Combat|p2a: Hydreigon
|-crit|p2a: Hydreigon
|-supereffective|p2a: Hydreigon
|-damage|p2a: Hydreigon|0 fnt
|-unboost|p1a: Lucario|def|1
|-unboost|p1a: Lucario|spd|1
|-damage|p1a: Lucario|217\/281|[from] item: Life Orb
|faint|p2a: Hydreigon
|
|
|switch|p2a: Nidoqueen|Nidoqueen, F|310\/330
|-damage|p2a: Nidoqueen|290\/330|[from] Stealth Rock
|turn|16
|
|move|p1a: Lucario|Close Combat|p2a: Nidoqueen
|-resisted|p2a: Nidoqueen
|-damage|p2a: Nidoqueen|148\/330
|-unboost|p1a: Lucario|def|1
|-unboost|p1a: Lucario|spd|1
|-damage|p1a: Lucario|189\/281|[from] item: Life Orb
|move|p2a: Nidoqueen|Earth Power|p1a: Lucario
|-supereffective|p1a: Lucario
|-damage|p1a: Lucario|0 fnt
|faint|p1a: Lucario
|
|
|switch|p1a: Slowking|Slowking, M|394\/394
|-damage|p1a: Slowking|345\/394|[from] Stealth Rock
|turn|17
|
|move|p2a: Nidoqueen|Ice Beam|p1a: Slowking
|-resisted|p1a: Slowking
|-damage|p1a: Slowking|281\/394
|move|p1a: Slowking|Scald|p2a: Nidoqueen
|-supereffective|p2a: Nidoqueen
|-damage|p2a: Nidoqueen|0 fnt
|faint|p2a: Nidoqueen
|
|win|silent on rampage
|raw|Ladder updating...
|raw|silent on rampage's rating: 1449 &rarr; <strong>1464<\/strong><br \/>(+15 for winning)
|raw|Kiull's rating: 1366 &rarr; <strong>1351<\/strong><br \/>(-15 for losing)