|join|Tf2Hunter
|join|silent on rampage
|player|p1|Tf2Hunter|221
|player|p2|silent on rampage|158
|gametype|singles
|gen|6
|tier|UU
|rated
|rule|Sleep Clause Mod: Limit one foe put to sleep
|rule|Species Clause: Limit one of each PokÃ©mon
|rule|OHKO Clause: OHKO moves are banned
|rule|Moody Clause: Moody is banned
|rule|Evasion Moves Clause: Evasion moves are banned
|rule|Endless Battle Clause: Forcing endless battles is banned
|rule|HP Percentage Mod: HP is shown in percentages
|clearpoke
|poke|p1|Crobat, F
|poke|p1|Dugtrio, F
|poke|p1|Medicham, F
|poke|p1|Jirachi
|poke|p1|Vaporeon, F
|poke|p1|Infernape, F
|poke|p2|Lucario, M
|poke|p2|Florges, F
|poke|p2|Crobat, F
|poke|p2|Serperior, F
|poke|p2|Swampert, F
|poke|p2|Slowking, M
|rule|Swagger Clause: Swagger is banned
|rule|Baton Pass Clause: Limit one PokÃ©mon knowing Baton Pass
|teampreview
|
|start
|switch|p1a: Infernape|Infernape, F|293\/293
|switch|p2a: Slowking|Slowking, M|394\/394
|turn|1
|
|switch|p1a: Jirachi|Jirachi|341\/341
|move|p2a: Slowking|Trick Room|p2a: Slowking
|-fieldstart|move: Trick Room|[of] p2a: Slowking
|
|turn|2
|
|switch|p2a: Swampert|Swampert, F|403\/403
|move|p1a: Jirachi|U-turn|p2a: Swampert
|-damage|p2a: Swampert|349\/403
|
|switch|p1a: Infernape|Infernape, F|293\/293
|
|turn|3
|
|detailschange|p2a: Swampert|Swampert-Mega, F
|-mega|p2a: Swampert|Swampert|Swampertite
|move|p2a: Swampert|Earthquake|p1a: Infernape
|-supereffective|p1a: Infernape
|-enditem|p1a: Infernape|Focus Sash
|-damage|p1a: Infernape|1\/293
|move|p1a: Infernape|Grass Knot|p2a: Swampert
|-supereffective|p2a: Swampert
|-damage|p2a: Swampert|0 fnt
|faint|p2a: Swampert
|
|
|switch|p2a: Slowking|Slowking, M|394\/394
|turn|4
|c|âTf2Hunter|rip
|
|move|p2a: Slowking|Nasty Plot|p2a: Slowking
|-boost|p2a: Slowking|spa|2
|move|p1a: Infernape|Stealth Rock|p2a: Slowking
|-sidestart|p2: silent on rampage|move: Stealth Rock
|
|turn|5
|
|move|p2a: Slowking|Scald|p1a: Infernape
|-supereffective|p1a: Infernape
|-damage|p1a: Infernape|0 fnt
|faint|p1a: Infernape
|
|-fieldend|move: Trick Room
|
|switch|p1a: Crobat|Crobat, F|311\/311
|turn|6
|
|move|p1a: Crobat|U-turn|p2a: Slowking
|-supereffective|p2a: Slowking
|-damage|p2a: Slowking|189\/394
|-damage|p1a: Crobat|280\/311|[from] item: Life Orb
|
|switch|p1a: Jirachi|Jirachi|341\/341
|move|p2a: Slowking|Psyshock|p1a: Jirachi
|-resisted|p1a: Jirachi
|-damage|p1a: Jirachi|276\/341
|
|-heal|p2a: Slowking|213\/394|[from] item: Leftovers
|turn|7
|
|switch|p2a: Florges|Florges, F|360\/360
|-damage|p2a: Florges|315\/360|[from] Stealth Rock
|move|p1a: Jirachi|U-turn|p2a: Florges
|-resisted|p2a: Florges
|-damage|p2a: Florges|277\/360
|
|switch|p1a: Medicham|Medicham, F|261\/261
|
|-heal|p2a: Florges|299\/360|[from] item: Leftovers
|turn|8
|
|detailschange|p1a: Medicham|Medicham-Mega, F
|-mega|p1a: Medicham|Medicham|Medichamite
|move|p2a: Florges|Protect|p2a: Florges
|-singleturn|p2a: Florges|Protect
|move|p1a: Medicham|Fake Out|p2a: Florges
|-activate|p2a: Florges|Protect
|
|-heal|p2a: Florges|321\/360|[from] item: Leftovers
|turn|9
|
|switch|p1a: Jirachi|Jirachi|276\/341
|move|p2a: Florges|Moonblast|p1a: Jirachi
|-resisted|p1a: Jirachi
|-damage|p1a: Jirachi|218\/341
|
|-heal|p2a: Florges|343\/360|[from] item: Leftovers
|turn|10
|
|move|p2a: Florges|Protect|p2a: Florges
|-singleturn|p2a: Florges|Protect
|move|p1a: Jirachi|Iron Head|p2a: Florges
|-activate|p2a: Florges|Protect
|
|-heal|p2a: Florges|360\/360|[from] item: Leftovers
|turn|11
|
|switch|p1a: Dugtrio|Dugtrio, F|211\/211
|switch|p2a: Slowking|Slowking, M|344\/394
|-damage|p2a: Slowking|295\/394|[from] Stealth Rock
|
|-heal|p2a: Slowking|319\/394|[from] item: Leftovers
|turn|12
|
|switch|p1a: Vaporeon|Vaporeon, F|464\/464
|move|p2a: Slowking|Trick Room|p2a: Slowking
|-fieldstart|move: Trick Room|[of] p2a: Slowking
|
|-heal|p2a: Slowking|343\/394|[from] item: Leftovers
|turn|13
|
|move|p2a: Slowking|Nasty Plot|p2a: Slowking
|-boost|p2a: Slowking|spa|2
|move|p1a: Vaporeon|Wish|p1a: Vaporeon
|
|-heal|p2a: Slowking|367\/394|[from] item: Leftovers
|turn|14
|
|move|p2a: Slowking|Nasty Plot|p2a: Slowking
|-boost|p2a: Slowking|spa|2
|move|p1a: Vaporeon|Scald|p2a: Slowking
|-resisted|p2a: Slowking
|-damage|p2a: Slowking|322\/394
|
|-heal|p2a: Slowking|346\/394|[from] item: Leftovers
|turn|15
|
|move|p2a: Slowking|Psyshock|p1a: Vaporeon
|-damage|p1a: Vaporeon|19\/464
|move|p1a: Vaporeon|Scald|p2a: Slowking
|-resisted|p2a: Slowking
|-damage|p2a: Slowking|301\/394
|
|-heal|p2a: Slowking|325\/394|[from] item: Leftovers
|-heal|p1a: Vaporeon|48\/464|[from] item: Leftovers
|turn|16
|
|move|p1a: Vaporeon|Protect|p1a: Vaporeon
|-singleturn|p1a: Vaporeon|Protect
|move|p2a: Slowking|Psyshock|p1a: Vaporeon
|-activate|p1a: Vaporeon|Protect
|
|-heal|p2a: Slowking|349\/394|[from] item: Leftovers
|-heal|p1a: Vaporeon|77\/464|[from] item: Leftovers
|-fieldend|move: Trick Room
|turn|17
|
|move|p1a: Vaporeon|Scald|p2a: Slowking
|-resisted|p2a: Slowking
|-damage|p2a: Slowking|299\/394
|move|p2a: Slowking|Trick Room|p2a: Slowking
|-fieldstart|move: Trick Room|[of] p2a: Slowking
|
|-heal|p2a: Slowking|323\/394|[from] item: Leftovers
|-heal|p1a: Vaporeon|106\/464|[from] item: Leftovers
|turn|18
|
|move|p1a: Vaporeon|Protect|p1a: Vaporeon
|-singleturn|p1a: Vaporeon|Protect
|move|p2a: Slowking|Psyshock|p1a: Vaporeon
|-activate|p1a: Vaporeon|Protect
|
|-heal|p2a: Slowking|347\/394|[from] item: Leftovers
|-heal|p1a: Vaporeon|135\/464|[from] item: Leftovers
|turn|19
|
|move|p1a: Vaporeon|Protect|p1a: Vaporeon
|-singleturn|p1a: Vaporeon|Protect
|move|p2a: Slowking|Scald|p1a: Vaporeon
|-activate|p1a: Vaporeon|Protect
|
|-heal|p2a: Slowking|371\/394|[from] item: Leftovers
|-heal|p1a: Vaporeon|164\/464|[from] item: Leftovers
|turn|20
|
|move|p2a: Slowking|Psyshock|p1a: Vaporeon
|-damage|p1a: Vaporeon|0 fnt
|faint|p1a: Vaporeon
|
|-heal|p2a: Slowking|394\/394|[from] item: Leftovers
|
|switch|p1a: Medicham|Medicham-Mega, F|261\/261
|turn|21
|
|switch|p2a: Crobat|Crobat, F|373\/373
|-damage|p2a: Crobat|280\/373|[from] Stealth Rock
|move|p1a: Medicham|Fake Out|p2a: Crobat
|-damage|p2a: Crobat|183\/373
|
|-heal|p2a: Crobat|206\/373|[from] item: Black Sludge
|-fieldend|move: Trick Room
|turn|22
|
|switch|p1a: Jirachi|Jirachi|218\/341
|move|p2a: Crobat|Brave Bird|p1a: Jirachi
|-resisted|p1a: Jirachi
|-damage|p1a: Jirachi|146\/341
|-damage|p2a: Crobat|182\/373|[from] recoil|[of] p1a: Jirachi
|
|-heal|p2a: Crobat|205\/373|[from] item: Black Sludge
|turn|23
|
|move|p1a: Jirachi|Zen Headbutt|p2a: Crobat|[miss]
|-miss|p1a: Jirachi|p2a: Crobat
|move|p2a: Crobat|Defog|p1a: Jirachi
|-unboost|p1a: Jirachi|evasion|1
|-sideend|p2: silent on rampage|Stealth Rock|[from] move: Defog|[of] p2a: Crobat
|
|-heal|p2a: Crobat|228\/373|[from] item: Black Sludge
|turn|24
|
|switch|p2a: Slowking|Slowking, M|394\/394
|move|p1a: Jirachi|Zen Headbutt|p2a: Slowking
|-resisted|p2a: Slowking
|-damage|p2a: Slowking|320\/394
|
|-heal|p2a: Slowking|344\/394|[from] item: Leftovers
|turn|25
|
|switch|p1a: Medicham|Medicham-Mega, F|261\/261
|move|p2a: Slowking|Trick Room|p2a: Slowking
|-fieldstart|move: Trick Room|[of] p2a: Slowking
|
|-heal|p2a: Slowking|368\/394|[from] item: Leftovers
|turn|26
|
|switch|p2a: Florges|Florges, F|360\/360
|move|p1a: Medicham|Fake Out|p2a: Florges
|-damage|p2a: Florges|276\/360
|
|-heal|p2a: Florges|298\/360|[from] item: Leftovers
|turn|27
|
|switch|p1a: Crobat|Crobat, F|280\/311
|move|p2a: Florges|Moonblast|p1a: Crobat
|-resisted|p1a: Crobat
|-damage|p1a: Crobat|205\/311
|
|-heal|p2a: Florges|320\/360|[from] item: Leftovers
|turn|28
|
|move|p2a: Florges|Wish|p2a: Florges
|move|p1a: Crobat|Roost|p1a: Crobat
|-heal|p1a: Crobat|311\/311
|
|-heal|p2a: Florges|342\/360|[from] item: Leftovers
|turn|29
|
|switch|p2a: Slowking|Slowking, M|394\/394
|move|p1a: Crobat|Brave Bird|p2a: Slowking
|-damage|p2a: Slowking|151\/394
|-damage|p1a: Crobat|231\/311|[from] recoil|[of] p2a: Slowking
|-damage|p1a: Crobat|200\/311|[from] item: Life Orb
|
|-heal|p2a: Slowking|331\/394|[from] move: Wish|[wisher] Florges
|-heal|p2a: Slowking|355\/394|[from] item: Leftovers
|-fieldend|move: Trick Room
|turn|30
|
|switch|p1a: Jirachi|Jirachi|146\/341
|move|p2a: Slowking|Scald|p1a: Jirachi
|-damage|p1a: Jirachi|8\/341
|
|-heal|p2a: Slowking|379\/394|[from] item: Leftovers
|turn|31
|
|switch|p2a: Serperior|Serperior, F|295\/295
|move|p1a: Jirachi|Trick|p2a: Serperior
|-activate|p1a: Jirachi|move: Trick|[of] p2a: Serperior
|-item|p2a: Serperior|Choice Scarf|[from] move: Trick
|-item|p1a: Jirachi|Meadow Plate|[from] move: Trick
|
|turn|32
|
|move|p2a: Serperior|Hidden Power|p1a: Jirachi
|-supereffective|p1a: Jirachi
|-damage|p1a: Jirachi|0 fnt
|faint|p1a: Jirachi
|
|
|switch|p1a: Crobat|Crobat, F|200\/311
|turn|33
|
|switch|p2a: Crobat|Crobat, F|228\/373
|move|p1a: Crobat|Roost|p1a: Crobat
|-heal|p1a: Crobat|311\/311
|
|-heal|p2a: Crobat|251\/373|[from] item: Black Sludge
|turn|34
|
|move|p1a: Crobat|Brave Bird|p2a: Crobat
|-damage|p2a: Crobat|9\/373
|-damage|p1a: Crobat|231\/311|[from] recoil|[of] p2a: Crobat
|-damage|p1a: Crobat|200\/311|[from] item: Life Orb
|move|p2a: Crobat|Brave Bird|p1a: Crobat
|-damage|p1a: Crobat|23\/311
|-damage|p2a: Crobat|0 fnt|[from] recoil|[of] p1a: Crobat
|faint|p2a: Crobat
|
|
|switch|p2a: Serperior|Serperior, F|295\/295
|turn|35
|
|move|p2a: Serperior|Leaf Storm|p1a: Crobat
|-resisted|p1a: Crobat
|-damage|p1a: Crobat|0 fnt
|-boost|p2a: Serperior|spa|2
|faint|p1a: Crobat
|
|c|âsilent on rampage|rip ur life
|
|switch|p1a: Dugtrio|Dugtrio, F|211\/211
|turn|36
|c|âTf2Hunter|:(
|
|move|p2a: Serperior|Leaf Storm|p1a: Dugtrio
|-supereffective|p1a: Dugtrio
|-damage|p1a: Dugtrio|0 fnt
|-boost|p2a: Serperior|spa|2
|faint|p1a: Dugtrio
|
|
|switch|p1a: Medicham|Medicham-Mega, F|261\/261
|turn|37
|
|move|p1a: Medicham|Fake Out|p2a: Serperior
|-damage|p2a: Serperior|206\/295
|cant|p2a: Serperior|flinch
|
|turn|38
|c|âTf2Hunter|miss
|
|move|p2a: Serperior|Leaf Storm|p1a: Medicham
|-damage|p1a: Medicham|0 fnt
|-boost|p2a: Serperior|spa|2
|faint|p1a: Medicham
|
|win|silent on rampage
|raw|Ladder updating...
|raw|Tf2Hunter's rating: 1334 &rarr; <strong>1316<\/strong><br \/>(-18 for losing)
|raw|silent on rampage's rating: 1376 &rarr; <strong>1393<\/strong><br \/>(+17 for winning)
|c|âTf2Hunter|or not
|c|âsilent on rampage|nop
|c|âTf2Hunter|gg