|join|silent on rampage
|join|reia
|player|p1|silent on rampage|158
|player|p2|reia|266
|gametype|singles
|gen|6
|tier|UU
|rated
|rule|Sleep Clause Mod: Limit one foe put to sleep
|rule|Species Clause: Limit one of each PokÃ©mon
|rule|OHKO Clause: OHKO moves are banned
|rule|Moody Clause: Moody is banned
|rule|Evasion Moves Clause: Evasion moves are banned
|rule|Endless Battle Clause: Forcing endless battles is banned
|rule|HP Percentage Mod: HP is shown in percentages
|clearpoke
|poke|p1|Pangoro, M, shiny
|poke|p1|Florges, F
|poke|p1|Crobat, F
|poke|p1|Doublade, M
|poke|p1|Swampert, M
|poke|p1|Slowking, M
|poke|p2|Absol, F
|poke|p2|Machamp, M
|poke|p2|Sharpedo, F
|poke|p2|Jirachi
|poke|p2|Noivern, M
|poke|p2|Nidoqueen, F
|rule|Swagger Clause: Swagger is banned
|rule|Baton Pass Clause: Limit one PokÃ©mon knowing Baton Pass
|teampreview
|
|start
|switch|p1a: Crobat|Crobat, F|373\/373
|switch|p2a: Noivern|Noivern, M|311\/311
|turn|1
|
|switch|p1a: Slowking|Slowking, M|394\/394
|move|p2a: Noivern|Switcheroo|p1a: Slowking
|-activate|p2a: Noivern|move: Trick|[of] p1a: Slowking
|-item|p1a: Slowking|Choice Specs|[from] Trick
|-item|p2a: Noivern|Leftovers|[from] Trick
|
|turn|2
|
|switch|p2a: Machamp|Machamp, M|364\/364
|move|p1a: Slowking|Scald|p2a: Machamp
|-damage|p2a: Machamp|220\/364
|
|turn|3
|
|move|p2a: Machamp|Knock Off|p1a: Slowking
|-supereffective|p1a: Slowking
|-damage|p1a: Slowking|76\/394
|-enditem|p1a: Slowking|Choice Specs|[from] move: Knock Off|[of] p2a: Machamp
|move|p1a: Slowking|Scald|p2a: Machamp
|-damage|p2a: Machamp|112\/364
|
|turn|4
|
|switch|p1a: Crobat|Crobat, F|373\/373
|move|p2a: Machamp|Dynamic Punch|p1a: Crobat
|-resisted|p1a: Crobat
|-damage|p1a: Crobat|318\/373
|-start|p1a: Crobat|confusion
|
|-heal|p1a: Crobat|341\/373|[from] item: Black Sludge
|turn|5
|
|switch|p1a: Swampert|Swampert, M|403\/403
|move|p2a: Machamp|Stone Edge|p1a: Swampert
|-resisted|p1a: Swampert
|-damage|p1a: Swampert|349\/403
|
|turn|6
|
|switch|p2a: Noivern|Noivern, M|311\/311
|switch|p1a: Doublade|Doublade, M|322\/322
|
|turn|7
|
|switch|p2a: Sharpedo|Sharpedo, F|281\/281
|switch|p1a: Slowking|Slowking, M|207\/394
|
|turn|8
|
|switch|p1a: Pangoro|Pangoro, M, shiny|331\/331
|move|p2a: Sharpedo|Waterfall|p1a: Pangoro
|-damage|p1a: Pangoro|163\/331
|
|-boost|p2a: Sharpedo|spe|1|[from] ability: Speed Boost
|turn|9
|
|move|p2a: Sharpedo|Protect|p2a: Sharpedo
|-singleturn|p2a: Sharpedo|Protect
|move|p1a: Pangoro|Drain Punch|p2a: Sharpedo
|-activate|p2a: Sharpedo|Protect
|
|-boost|p2a: Sharpedo|spe|1|[from] ability: Speed Boost
|turn|10
|
|detailschange|p2a: Sharpedo|Sharpedo-Mega, F
|-mega|p2a: Sharpedo|Sharpedo|Sharpedonite
|move|p2a: Sharpedo|Waterfall|p1a: Pangoro
|-damage|p1a: Pangoro|0 fnt
|faint|p1a: Pangoro
|
|
|switch|p1a: Florges|Florges, F|360\/360
|turn|11
|
|move|p2a: Sharpedo|Ice Fang|p1a: Florges
|-damage|p1a: Florges|220\/360
|cant|p1a: Florges|flinch
|
|-heal|p1a: Florges|242\/360|[from] item: Leftovers
|turn|12
|
|switch|p2a: Nidoqueen|Nidoqueen, F|353\/353
|move|p1a: Florges|Protect|p1a: Florges
|-fail|p1a: Florges
|
|-heal|p1a: Florges|264\/360|[from] item: Leftovers
|turn|13
|
|move|p2a: Nidoqueen|Stealth Rock|p1a: Florges
|-sidestart|p1: silent on rampage|move: Stealth Rock
|move|p1a: Florges|Wish|p1a: Florges
|
|-heal|p1a: Florges|286\/360|[from] item: Leftovers
|turn|14
|
|switch|p2a: Sharpedo|Sharpedo-Mega, F|281\/281
|switch|p1a: Slowking|Slowking, M|338\/394
|-damage|p1a: Slowking|289\/394|[from] Stealth Rock
|
|-heal|p1a: Slowking|394\/394|[from] move: Wish|[wisher] Florges
|turn|15
|
|switch|p1a: Florges|Florges, F|286\/360
|-damage|p1a: Florges|241\/360|[from] Stealth Rock
|move|p2a: Sharpedo|Crunch|p1a: Florges
|-resisted|p1a: Florges
|-damage|p1a: Florges|119\/360
|
|-heal|p1a: Florges|141\/360|[from] item: Leftovers
|turn|16
|
|switch|p2a: Nidoqueen|Nidoqueen, F|353\/353
|move|p1a: Florges|Protect|p1a: Florges
|-fail|p1a: Florges
|
|-heal|p1a: Florges|163\/360|[from] item: Leftovers
|turn|17
|
|move|p1a: Florges|Protect|p1a: Florges
|-singleturn|p1a: Florges|Protect
|move|p2a: Nidoqueen|Sludge Wave|p1a: Florges
|-activate|p1a: Florges|Protect
|
|-heal|p1a: Florges|185\/360|[from] item: Leftovers
|turn|18
|
|move|p2a: Nidoqueen|Earth Power|p1a: Florges
|-damage|p1a: Florges|47\/360
|move|p1a: Florges|Wish|p1a: Florges
|
|-heal|p1a: Florges|69\/360|[from] item: Leftovers
|turn|19
|
|move|p1a: Florges|Protect|p1a: Florges
|-singleturn|p1a: Florges|Protect
|move|p2a: Nidoqueen|Sludge Wave|p1a: Florges
|-activate|p1a: Florges|Protect
|
|-heal|p1a: Florges|249\/360|[from] move: Wish|[wisher] Florges
|-heal|p1a: Florges|271\/360|[from] item: Leftovers
|turn|20
|
|switch|p1a: Crobat|Crobat, F|341\/373
|-damage|p1a: Crobat|248\/373|[from] Stealth Rock
|move|p2a: Nidoqueen|Sludge Wave|p1a: Crobat
|-resisted|p1a: Crobat
|-damage|p1a: Crobat|123\/373
|
|-heal|p1a: Crobat|146\/373|[from] item: Black Sludge
|turn|21
|
|move|p1a: Crobat|Roost|p1a: Crobat
|-heal|p1a: Crobat|333\/373
|move|p2a: Nidoqueen|Ice Beam|p1a: Crobat
|-damage|p1a: Crobat|169\/373
|
|-heal|p1a: Crobat|192\/373|[from] item: Black Sludge
|turn|22
|
|move|p1a: Crobat|Brave Bird|p2a: Nidoqueen
|-damage|p2a: Nidoqueen|197\/353
|-damage|p1a: Crobat|141\/373|[from] recoil|[of] p2a: Nidoqueen
|move|p2a: Nidoqueen|Ice Beam|p1a: Crobat
|-supereffective|p1a: Crobat
|-damage|p1a: Crobat|0 fnt
|faint|p1a: Crobat
|
|
|switch|p1a: Slowking|Slowking, M|394\/394
|-damage|p1a: Slowking|345\/394|[from] Stealth Rock
|turn|23
|
|switch|p2a: Noivern|Noivern, M|311\/311
|move|p1a: Slowking|Trick Room|p1a: Slowking
|-fieldstart|move: Trick Room|[of] p1a: Slowking
|
|turn|24
|
|switch|p2a: Nidoqueen|Nidoqueen, F|197\/353
|move|p1a: Slowking|Nasty Plot|p1a: Slowking
|-boost|p1a: Slowking|spa|2
|
|turn|25
|
|switch|p2a: Noivern|Noivern, M|311\/311
|move|p1a: Slowking|Scald|p2a: Noivern
|-resisted|p2a: Noivern
|-damage|p2a: Noivern|158\/311
|
|-heal|p2a: Noivern|177\/311|[from] item: Leftovers
|turn|26
|
|move|p1a: Slowking|Scald|p2a: Noivern
|-resisted|p2a: Noivern
|-damage|p2a: Noivern|21\/311
|move|p2a: Noivern|Hurricane|p1a: Slowking
|-damage|p1a: Slowking|192\/394
|
|-heal|p2a: Noivern|40\/311|[from] item: Leftovers
|turn|27
|
|switch|p1a: Doublade|Doublade, M|322\/322
|-damage|p1a: Doublade|302\/322|[from] Stealth Rock
|move|p2a: Noivern|Draco Meteor|p1a: Doublade
|-resisted|p1a: Doublade
|-damage|p1a: Doublade|194\/322
|-unboost|p2a: Noivern|spa|2
|
|-heal|p2a: Noivern|59\/311|[from] item: Leftovers
|-fieldend|move: Trick Room
|turn|28
|
|switch|p2a: Absol|Absol, F|271\/271
|switch|p1a: Swampert|Swampert, M|349\/403
|-damage|p1a: Swampert|324\/403|[from] Stealth Rock
|
|turn|29
|
|detailschange|p1a: Swampert|Swampert-Mega, M
|-mega|p1a: Swampert|Swampert|Swampertite
|move|p2a: Absol|Knock Off|p1a: Swampert
|-damage|p1a: Swampert|240\/403
|move|p1a: Swampert|Earthquake|p2a: Absol
|-damage|p2a: Absol|13\/271
|
|turn|30
|
|move|p2a: Absol|Sucker Punch|p1a: Swampert
|-fail|p1a: Swampert
|move|p1a: Swampert|Stealth Rock|p2a: Absol
|-sidestart|p2: reia|move: Stealth Rock
|
|turn|31
|
|move|p2a: Absol|Sucker Punch|p1a: Swampert
|-fail|p1a: Swampert
|move|p1a: Swampert|Roar|p2a: Absol
|drag|p2a: Jirachi|Jirachi|404\/404
|-damage|p2a: Jirachi|379\/404|[from] Stealth Rock
|
|-heal|p2a: Jirachi|404\/404|[from] item: Leftovers
|turn|32
|
|switch|p2a: Noivern|Noivern, M|59\/311
|-damage|p2a: Noivern|0 fnt|[from] Stealth Rock
|faint|p2a: Noivern
|move|p1a: Swampert|Earthquake|p2: Noivern|[notarget]
|-notarget
|
|
|switch|p2a: Jirachi|Jirachi|404\/404
|-damage|p2a: Jirachi|379\/404|[from] Stealth Rock
|turn|33
|
|move|p2a: Jirachi|Psyshock|p1a: Swampert
|-damage|p1a: Swampert|171\/403
|move|p1a: Swampert|Earthquake|p2a: Jirachi
|-supereffective|p2a: Jirachi
|-damage|p2a: Jirachi|149\/404
|
|-heal|p2a: Jirachi|174\/404|[from] item: Leftovers
|turn|34
|
|move|p2a: Jirachi|Wish|p2a: Jirachi
|move|p1a: Swampert|Earthquake|p2a: Jirachi
|-supereffective|p2a: Jirachi
|-damage|p2a: Jirachi|0 fnt
|faint|p2a: Jirachi
|
|
|switch|p2a: Sharpedo|Sharpedo-Mega, F|281\/281
|-damage|p2a: Sharpedo|246\/281|[from] Stealth Rock
|turn|35
|
|move|p2a: Sharpedo|Crunch|p1a: Swampert
|-damage|p1a: Swampert|0 fnt
|faint|p1a: Swampert
|
|-heal|p2a: Sharpedo|281\/281|[from] move: Wish|[wisher] Jirachi
|
|switch|p1a: Florges|Florges, F|271\/360
|-damage|p1a: Florges|226\/360|[from] Stealth Rock
|turn|36
|
|switch|p2a: Nidoqueen|Nidoqueen, F|197\/353
|-damage|p2a: Nidoqueen|175\/353|[from] Stealth Rock
|move|p1a: Florges|Moonblast|p2a: Nidoqueen
|-resisted|p2a: Nidoqueen
|-damage|p2a: Nidoqueen|109\/353
|
|-heal|p1a: Florges|248\/360|[from] item: Leftovers
|turn|37
|
|move|p1a: Florges|Protect|p1a: Florges
|-singleturn|p1a: Florges|Protect
|move|p2a: Nidoqueen|Sludge Wave|p1a: Florges
|-activate|p1a: Florges|Protect
|
|-heal|p1a: Florges|270\/360|[from] item: Leftovers
|turn|38
|
|switch|p1a: Doublade|Doublade, M|194\/322
|-damage|p1a: Doublade|174\/322|[from] Stealth Rock
|move|p2a: Nidoqueen|Sludge Wave|p1a: Doublade
|-immune|p1a: Doublade|[msg]
|
|turn|39
|
|move|p1a: Doublade|Shadow Sneak|p2a: Nidoqueen
|-damage|p2a: Nidoqueen|27\/353
|move|p2a: Nidoqueen|Earth Power|p1a: Doublade
|-supereffective|p1a: Doublade
|-damage|p1a: Doublade|0 fnt
|faint|p1a: Doublade
|
|
|switch|p1a: Slowking|Slowking, M|323\/394
|-damage|p1a: Slowking|274\/394|[from] Stealth Rock
|turn|40
|
|switch|p2a: Absol|Absol, F|13\/271
|-damage|p2a: Absol|0 fnt|[from] Stealth Rock
|faint|p2a: Absol
|move|p1a: Slowking|Trick Room|p1a: Slowking
|-fieldstart|move: Trick Room|[of] p1a: Slowking
|
|
|switch|p2a: Sharpedo|Sharpedo-Mega, F|281\/281
|-damage|p2a: Sharpedo|246\/281|[from] Stealth Rock
|turn|41
|
|switch|p1a: Florges|Florges, F|270\/360
|-damage|p1a: Florges|225\/360|[from] Stealth Rock
|move|p2a: Sharpedo|Protect|p2a: Sharpedo
|-fail|p2a: Sharpedo
|
|-heal|p1a: Florges|247\/360|[from] item: Leftovers
|turn|42
|
|move|p2a: Sharpedo|Protect|p2a: Sharpedo
|-singleturn|p2a: Sharpedo|Protect
|move|p1a: Florges|Moonblast|p2a: Sharpedo
|-activate|p2a: Sharpedo|Protect
|
|-heal|p1a: Florges|269\/360|[from] item: Leftovers
|turn|43
|
|move|p1a: Florges|Moonblast|p2a: Sharpedo
|-supereffective|p2a: Sharpedo
|-damage|p2a: Sharpedo|0 fnt
|faint|p2a: Sharpedo
|
|-heal|p1a: Florges|291\/360|[from] item: Leftovers
|
|switch|p2a: Nidoqueen|Nidoqueen, F|27\/353
|-damage|p2a: Nidoqueen|5\/353|[from] Stealth Rock
|turn|44
|
|move|p1a: Florges|Moonblast|p2a: Nidoqueen
|-resisted|p2a: Nidoqueen
|-damage|p2a: Nidoqueen|0 fnt
|faint|p2a: Nidoqueen
|
|-heal|p1a: Florges|313\/360|[from] item: Leftovers
|-fieldend|move: Trick Room
|
|switch|p2a: Machamp|Machamp, M|112\/364
|-damage|p2a: Machamp|90\/364|[from] Stealth Rock
|turn|45
|
|move|p1a: Florges|Moonblast|p2a: Machamp
|-supereffective|p2a: Machamp
|-damage|p2a: Machamp|0 fnt
|faint|p2a: Machamp
|
|win|silent on rampage
|raw|Ladder updating...
|raw|silent on rampage's rating: 1580 &rarr; <strong>1589<\/strong><br \/>(+9 for winning)
|raw|reia's rating: 1372 &rarr; <strong>1362<\/strong><br \/>(-10 for losing)