|join|silent on rampage
|join|Hynan
|player|p1|silent on rampage|232
|player|p2|Hynan|288
|gametype|singles
|tier|UU
|rated
|rule|Sleep Clause Mod: Limit one foe put to sleep
|rule|Species Clause: Limit one of each Pokemon
|rule|OHKO Clause: OHKO moves are banned
|rule|Moody Clause: Moody is banned
|rule|Evasion Moves Clause: Evasion moves are banned
|rule|HP Percentage Mod: HP is reported as percentages
|rule|Evasion Abilities Clause: Evasion abilities are banned
|clearpoke
|poke|p1|Heracross, M
|poke|p1|Cofagrigus, M
|poke|p1|Shaymin
|poke|p1|Rhyperior, M
|poke|p1|Froslass, F, shiny
|poke|p1|Sharpedo, M
|poke|p2|Heracross, M
|poke|p2|Cofagrigus, M
|poke|p2|Shaymin
|poke|p2|Rhyperior, M
|poke|p2|Froslass, F
|poke|p2|Sharpedo, M
|teampreview
|callback|decision
|chat|Hynan|that's funny
|chat|silent on rampage|lol
|
|start
|switch|p1a: Froslass|Froslass, F, shiny|281\/281
|switch|p2a: Rhyperior|Rhyperior, M|409\/409
|turn|1
|callback|decision
|
|move|p1a: Froslass|Spikes|p2a: Rhyperior
|-sidestart|p2: Hynan|Spikes
|move|p2a: Rhyperior|Rock Blast|p1a: Froslass|[miss]
|-miss|p2a: Rhyperior|p1a: Froslass
|
|turn|2
|callback|decision
|
|move|p1a: Froslass|Spikes|p2a: Rhyperior
|-sidestart|p2: Hynan|Spikes
|move|p2a: Rhyperior|Rock Blast|p1a: Froslass
|-supereffective|p1a: Froslass
|-damage|p1a: Froslass|143\/281
|-supereffective|p1a: Froslass
|-damage|p1a: Froslass|23\/281
|-supereffective|p1a: Froslass
|-damage|p1a: Froslass|0 fnt
|-start|p2a: Rhyperior|Disable|Rock Blast
|-hitcount|p1a: Froslass|3
|faint|p1a: Froslass
|
|callback|decision
|
|switch|p1a: Shaymin|Shaymin|341\/341
|turn|3
|callback|decision
|
|switch|p2a: Shaymin|Shaymin|341\/341
|-damage|p2a: Shaymin|285\/341|[from] Spikes
|move|p1a: Shaymin|Seed Flare|p2a: Shaymin
|-resisted|p2a: Shaymin
|-damage|p2a: Shaymin|156\/341
|-damage|p1a: Shaymin|307\/341|[from] item: Life Orb
|
|turn|4
|callback|decision
|
|move|p2a: Shaymin|Synthesis|p2a: Shaymin
|-heal|p2a: Shaymin|327\/341
|move|p1a: Shaymin|Hidden Power|p2a: Shaymin
|-supereffective|p2a: Shaymin
|-damage|p2a: Shaymin|121\/341
|-damage|p1a: Shaymin|273\/341|[from] item: Life Orb
|
|turn|5
|callback|decision
|
|move|p1a: Shaymin|Hidden Power|p2a: Shaymin
|-supereffective|p2a: Shaymin
|-damage|p2a: Shaymin|0 fnt
|-damage|p1a: Shaymin|239\/341|[from] item: Life Orb
|faint|p2a: Shaymin
|
|callback|decision
|
|switch|p2a: Heracross|Heracross, M|302\/302
|-damage|p2a: Heracross|252\/302|[from] Spikes
|turn|6
|callback|decision
|
|switch|p2a: Froslass|Froslass, F|281\/281
|-damage|p2a: Froslass|235\/281|[from] Spikes
|switch|p1a: Cofagrigus|Cofagrigus, M|320\/320
|
|turn|7
|callback|decision
|
|move|p2a: Froslass|Destiny Bond|p2a: Froslass
|-singlemove|p2a: Froslass|Destiny Bond
|move|p1a: Cofagrigus|Shadow Ball|p2a: Froslass
|-supereffective|p2a: Froslass
|-damage|p2a: Froslass|0 fnt
|faint|p2a: Froslass
|-activate|p2a: Froslass|Destiny Bond
|faint|p1a: Cofagrigus
|
|callback|decision
|
|switch|p2a: Heracross|Heracross, M|252\/302
|-damage|p2a: Heracross|202\/302|[from] Spikes
|switch|p1a: Rhyperior|Rhyperior, M|409\/409
|turn|8
|callback|decision
|
|move|p2a: Heracross|Close Combat|p1a: Rhyperior
|-supereffective|p1a: Rhyperior
|-damage|p1a: Rhyperior|155\/409
|-unboost|p2a: Heracross|def|1
|-unboost|p2a: Heracross|spd|1
|move|p1a: Rhyperior|Stealth Rock|p2a: Heracross
|-sidestart|p2: Hynan|move: Stealth Rock
|
|-heal|p1a: Rhyperior|180\/409|[from] item: Leftovers
|turn|9
|callback|decision
|
|switch|p1a: Heracross|Heracross, M|301\/301
|move|p2a: Heracross|Close Combat|p1a: Heracross
|-crit|p1a: Heracross
|-resisted|p1a: Heracross
|-damage|p1a: Heracross|29\/301
|-unboost|p2a: Heracross|def|1
|-unboost|p2a: Heracross|spd|1
|
|turn|10
|callback|decision
|
|switch|p2a: Cofagrigus|Cofagrigus, M|320\/320
|-damage|p2a: Cofagrigus|280\/320|[from] Stealth Rock
|-damage|p2a: Cofagrigus|227\/320|[from] Spikes
|move|p1a: Heracross|Aerial Ace|p2a: Cofagrigus
|-damage|p2a: Cofagrigus|172\/320
|-ability|p1a: Heracross|Mummy|[from] Mummy
|
|-heal|p2a: Cofagrigus|192\/320|[from] item: Leftovers
|turn|11
|callback|decision
|
|switch|p1a: Rhyperior|Rhyperior, M|180\/409
|move|p2a: Cofagrigus|Trick Room|p2a: Cofagrigus
|-fieldstart|move: Trick Room|[of] p2a: Cofagrigus
|
|-heal|p2a: Cofagrigus|212\/320|[from] item: Leftovers
|-heal|p1a: Rhyperior|205\/409|[from] item: Leftovers
|turn|12
|callback|decision
|
|move|p2a: Cofagrigus|Shadow Ball|p1a: Rhyperior
|-damage|p1a: Rhyperior|55\/409
|move|p1a: Rhyperior|Dragon Tail|p2a: Cofagrigus|[miss]
|-miss|p1a: Rhyperior|p2a: Cofagrigus
|
|-heal|p2a: Cofagrigus|232\/320|[from] item: Leftovers
|-heal|p1a: Rhyperior|80\/409|[from] item: Leftovers
|turn|13
|callback|decision
|
|move|p2a: Cofagrigus|Shadow Ball|p1a: Rhyperior
|-damage|p1a: Rhyperior|0 fnt
|faint|p1a: Rhyperior
|
|-heal|p2a: Cofagrigus|252\/320|[from] item: Leftovers
|callback|decision
|
|switch|p1a: Shaymin|Shaymin|239\/341
|turn|14
|callback|decision
|
|move|p2a: Cofagrigus|Nasty Plot|p2a: Cofagrigus
|-boost|p2a: Cofagrigus|spa|2
|move|p1a: Shaymin|Seed Flare|p2a: Cofagrigus
|-damage|p2a: Cofagrigus|18\/320
|-damage|p1a: Shaymin|205\/341|[from] item: Life Orb
|
|-heal|p2a: Cofagrigus|38\/320|[from] item: Leftovers
|turn|15
|callback|decision
|
|switch|p1a: Heracross|Heracross, M|29\/301
|move|p2a: Cofagrigus|Shadow Ball|p1a: Heracross
|-damage|p1a: Heracross|0 fnt
|faint|p1a: Heracross
|
|-heal|p2a: Cofagrigus|58\/320|[from] item: Leftovers
|-fieldend|move: Trick Room
|callback|decision
|
|switch|p1a: Sharpedo|Sharpedo, M|281\/281
|turn|16
|callback|decision
|
|move|p1a: Sharpedo|Earthquake|p2a: Cofagrigus
|-damage|p2a: Cofagrigus|0 fnt
|-damage|p1a: Sharpedo|253\/281|[from] item: Life Orb
|faint|p2a: Cofagrigus
|
|-boost|p1a: Sharpedo|spe|1|[from] ability: Speed Boost
|callback|decision
|
|switch|p2a: Rhyperior|Rhyperior, M|409\/409
|-damage|p2a: Rhyperior|384\/409|[from] Stealth Rock
|-damage|p2a: Rhyperior|316\/409|[from] Spikes
|turn|17
|callback|decision
|
|move|p1a: Sharpedo|Waterfall|p2a: Rhyperior
|-supereffective|p2a: Rhyperior
|-damage|p2a: Rhyperior|0 fnt
|-damage|p1a: Sharpedo|225\/281|[from] item: Life Orb
|faint|p2a: Rhyperior
|
|-boost|p1a: Sharpedo|spe|1|[from] ability: Speed Boost
|callback|decision
|
|switch|p2a: Heracross|Heracross, M|202\/302
|-damage|p2a: Heracross|152\/302|[from] Spikes
|-damage|p2a: Heracross|115\/302|[from] Stealth Rock
|turn|18
|callback|decision
|
|move|p1a: Sharpedo|Waterfall|p2a: Heracross
|-damage|p2a: Heracross|0 fnt
|-damage|p1a: Sharpedo|197\/281|[from] item: Life Orb
|faint|p2a: Heracross
|
|-boost|p1a: Sharpedo|spe|1|[from] ability: Speed Boost
|callback|decision
|
|switch|p2a: Sharpedo|Sharpedo, M|281\/281
|-damage|p2a: Sharpedo|235\/281|[from] Spikes
|-damage|p2a: Sharpedo|200\/281|[from] Stealth Rock
|turn|19
|callback|decision
|chat|Hynan|damn
|chat|Hynan|the thing that you failed the dragon tail
|chat|Hynan|was perfect
|chat|Hynan|for you
|
|move|p2a: Sharpedo|Protect|p2a: Sharpedo
|-singleturn|p2a: Sharpedo|Protect
|move|p1a: Sharpedo|Earthquake|p2a: Sharpedo
|-activate|p2a: Sharpedo|Protect
|
|-boost|p1a: Sharpedo|spe|1|[from] ability: Speed Boost
|-boost|p2a: Sharpedo|spe|1|[from] ability: Speed Boost
|turn|20
|callback|decision
|chat|silent on rampage|yeah looking back it was
|
|move|p1a: Sharpedo|Earthquake|p2a: Sharpedo
|-damage|p2a: Sharpedo|0 fnt
|-damage|p1a: Sharpedo|169\/281|[from] item: Life Orb
|faint|p2a: Sharpedo
|
|win|silent on rampage
|raw|Ladder updating...
|leave|silent on rampage
|raw|silent on rampage's rating: 1908 &rarr; <strong>1958<\/strong><br \/>(+50 for winning)
|raw|Hynan's rating: 1829 &rarr; <strong>1827<\/strong><br \/>(-2 for losing)
|player|p1
|leave|Hynan
|player|p2
|join|silent on rampage