|join|iambeetoe
|join|1800Rekt
|player|p1|iambeetoe|23
|player|p2|1800Rekt|270
|gametype|singles
|gen|6
|tier|OU
|rated
|clearpoke
|poke|p1|Sableye, F, shiny
|poke|p1|Chansey, F
|poke|p1|Cresselia, F, shiny
|poke|p1|Skarmory, M, shiny
|poke|p1|Quagsire, F
|poke|p1|Keldeo
|poke|p2|Gallade, M, shiny
|poke|p2|Chansey, F, shiny
|poke|p2|Greninja, F, shiny
|poke|p2|Azumarill, M
|poke|p2|Latios, M
|poke|p2|Celebi
|rule|Swagger Clause: Swagger is banned
|rule|Baton Pass Clause: Limit one PokÃ©mon knowing Baton Pass
|rule|Sleep Clause Mod: Limit one foe put to sleep
|rule|Species Clause: Limit one of each PokÃ©mon
|rule|OHKO Clause: OHKO moves are banned
|rule|Moody Clause: Moody is banned
|rule|Evasion Moves Clause: Evasion moves are banned
|rule|Endless Battle Clause: Forcing endless battles is banned
|rule|HP Percentage Mod: HP is shown in percentages
|teampreview
|
|start
|switch|p1a: Sableye|Sableye, F, shiny|304\/304
|switch|p2a: Celebi|Celebi|404\/404
|turn|1
|
|detailschange|p1a: Sableye|Sableye-Mega, F, shiny
|message|Sableye has Mega Evolved into Mega Sableye!
|move|p2a: Celebi|Substitute|p2a: Celebi
|-start|p2a: Celebi|Substitute
|-damage|p2a: Celebi|303\/404
|move|p1a: Sableye|Knock Off|p2a: Celebi
|-supereffective|p2a: Celebi
|-end|p2a: Celebi|Substitute
|
|-heal|p2a: Celebi|328\/404|[from] item: Leftovers
|turn|2
|
|move|p2a: Celebi|Substitute|p2a: Celebi
|-start|p2a: Celebi|Substitute
|-damage|p2a: Celebi|227\/404
|move|p1a: Sableye|Knock Off|p2a: Celebi
|-supereffective|p2a: Celebi
|-end|p2a: Celebi|Substitute
|
|-heal|p2a: Celebi|252\/404|[from] item: Leftovers
|turn|3
|
|move|p2a: Celebi|Recover|p2a: Celebi
|-heal|p2a: Celebi|404\/404
|move|p1a: Sableye|Knock Off|p2a: Celebi
|-supereffective|p2a: Celebi
|-damage|p2a: Celebi|210\/404
|-enditem|p2a: Celebi|Leftovers|[from] move: Knock Off|[of] p1a: Sableye
|
|turn|4
|
|move|p2a: Celebi|Substitute|p2a: Celebi
|-start|p2a: Celebi|Substitute
|-damage|p2a: Celebi|109\/404
|move|p1a: Sableye|Knock Off|p2a: Celebi
|-supereffective|p2a: Celebi
|-end|p2a: Celebi|Substitute
|
|turn|5
|
|move|p2a: Celebi|Recover|p2a: Celebi
|-heal|p2a: Celebi|311\/404
|move|p1a: Sableye|Will-O-Wisp|p2a: Celebi
|-status|p2a: Celebi|brn
|
|-damage|p2a: Celebi|261\/404 brn|[from] brn
|turn|6
|
|move|p2a: Celebi|Recover|p2a: Celebi
|-heal|p2a: Celebi|404\/404 brn
|move|p1a: Sableye|Knock Off|p2a: Celebi
|-supereffective|p2a: Celebi
|-damage|p2a: Celebi|284\/404 brn
|
|-damage|p2a: Celebi|234\/404 brn|[from] brn
|turn|7
|
|move|p2a: Celebi|Substitute|p2a: Celebi
|-start|p2a: Celebi|Substitute
|-damage|p2a: Celebi|133\/404 brn
|move|p1a: Sableye|Taunt|p2a: Celebi
|-start|p2a: Celebi|move: Taunt
|
|-damage|p2a: Celebi|83\/404 brn|[from] brn
|turn|8
|
|move|p2a: Celebi|Giga Drain|p1a: Sableye
|-damage|p1a: Sableye|244\/304
|-heal|p2a: Celebi|113\/404 brn|[from] drain|[of] p1a: Sableye
|move|p1a: Sableye|Knock Off|p2a: Celebi
|-supereffective|p2a: Celebi
|-end|p2a: Celebi|Substitute
|
|-damage|p2a: Celebi|63\/404 brn|[from] brn
|turn|9
|
|switch|p2a: Azumarill|Azumarill, M|384\/384
|move|p1a: Sableye|Will-O-Wisp|p2a: Azumarill
|-status|p2a: Azumarill|brn
|
|-damage|p2a: Azumarill|336\/384 brn|[from] brn
|turn|10
|-message|1800Rekt forfeited.
|
|win|iambeetoe
|raw|Ladder updating...
|leave|1800Rekt
|player|p2
|raw|iambeetoe's rating: 1474 &rarr; <strong>1494<\/strong><br \/>(+20 for winning)
|raw|1800Rekt's rating: 1467 &rarr; <strong>1448<\/strong><br \/>(-19 for losing)