|join|1800Rekt
|join|Lizardons
|player|p1|1800Rekt|270
|player|p2|Lizardons|260
|gametype|singles
|gen|6
|tier|OU
|rated
|clearpoke
|poke|p1|Zapdos
|poke|p1|Chansey, F, shiny
|poke|p1|Greninja, F, shiny
|poke|p1|Diancie
|poke|p1|Conkeldurr, F
|poke|p1|Victini
|poke|p2|Charizard, M
|poke|p2|Clefable, F, shiny
|poke|p2|Chansey, F
|poke|p2|Gliscor, M
|poke|p2|Slowbro, M
|poke|p2|Skarmory, F
|rule|Swagger Clause: Swagger is banned
|rule|Baton Pass Clause: Limit one PokÃ©mon knowing Baton Pass
|rule|Sleep Clause Mod: Limit one foe put to sleep
|rule|Species Clause: Limit one of each PokÃ©mon
|rule|OHKO Clause: OHKO moves are banned
|rule|Moody Clause: Moody is banned
|rule|Evasion Moves Clause: Evasion moves are banned
|rule|Endless Battle Clause: Forcing endless battles is banned
|rule|HP Percentage Mod: HP is shown in percentages
|teampreview
|c|âLizardons|gl
|
|start
|switch|p1a: Chansey|Chansey, F, shiny|704\/704
|switch|p2a: Lizardon|Charizard, M|333\/333
|turn|1
|
|switch|p2a: Freddy|Gliscor, M|352\/352
|move|p1a: Chansey|Thunder Wave|p2a: Freddy
|-immune|p2a: Freddy|[msg]
|
|-status|p2a: Freddy|tox|[from] item: Toxic Orb
|turn|2
|
|move|p2a: Freddy|Knock Off|p1a: Chansey
|-damage|p1a: Chansey|610\/704
|-enditem|p1a: Chansey|Eviolite|[from] move: Knock Off|[of] p2a: Freddy
|move|p1a: Chansey|Stealth Rock|p2a: Freddy
|-sidestart|p2: Lizardons|move: Stealth Rock
|
|turn|3
|join|MSnakey
|leave|MSnakey
|
|switch|p1a: Conkeldurr|Conkeldurr, F|400\/400
|move|p2a: Freddy|Toxic|p1a: Conkeldurr
|-status|p1a: Conkeldurr|tox
|
|-damage|p1a: Conkeldurr|375\/400 tox|[from] psn
|turn|4
|
|move|p2a: Freddy|Protect|p2a: Freddy
|-singleturn|p2a: Freddy|Protect
|move|p1a: Conkeldurr|Ice Punch|p2a: Freddy
|-activate|p2a: Freddy|Protect
|
|-damage|p1a: Conkeldurr|325\/400 tox|[from] psn
|turn|5
|
|switch|p2a: Wayno|Slowbro, M|394\/394
|-damage|p2a: Wayno|345\/394|[from] Stealth Rock
|switch|p1a: Greninja|Greninja, F, shiny|285\/285
|
|-heal|p2a: Wayno|369\/394|[from] item: Leftovers
|turn|6
|
|switch|p1a: Victini|Victini|355\/355
|switch|p2a: FatTony|Chansey, F|704\/704
|-damage|p2a: FatTony|616\/704|[from] Stealth Rock
|
|turn|7
|
|switch|p2a: Wayno|Slowbro, M|394\/394
|-damage|p2a: Wayno|345\/394|[from] Stealth Rock
|move|p1a: Victini|V-create|p2a: Wayno
|-resisted|p2a: Wayno
|-damage|p2a: Wayno|185\/394
|-unboost|p1a: Victini|def|1
|-unboost|p1a: Victini|spd|1
|-unboost|p1a: Victini|spe|1
|
|-heal|p2a: Wayno|209\/394|[from] item: Leftovers
|turn|8
|
|switch|p1a: Greninja|Greninja, F, shiny|285\/285
|move|p2a: Wayno|Toxic|p1a: Greninja|[miss]
|-miss|p2a: Wayno|p1a: Greninja
|
|-heal|p2a: Wayno|233\/394|[from] item: Leftovers
|turn|9
|
|switch|p2a: FatTony|Chansey, F|616\/704
|-damage|p2a: FatTony|528\/704|[from] Stealth Rock
|move|p1a: Greninja|Gunk Shot|p2a: FatTony
|-start|p1a: Greninja|typechange|Poison|[from] Protean
|-damage|p2a: FatTony|304\/704
|-status|p2a: FatTony|psn
|-damage|p1a: Greninja|257\/285|[from] item: Life Orb
|
|-damage|p2a: FatTony|216\/704 psn|[from] psn
|turn|10
|
|move|p1a: Greninja|Low Kick|p2a: FatTony
|-start|p1a: Greninja|typechange|Fighting|[from] Protean
|-supereffective|p2a: FatTony
|-damage|p2a: FatTony|0 fnt
|-damage|p1a: Greninja|229\/285|[from] item: Life Orb
|faint|p2a: FatTony
|
|
|switch|p2a: Avocado|Clefable, F, shiny|394\/394
|turn|11
|
|switch|p1a: Victini|Victini|355\/355
|switch|p2a: Freddy|Gliscor, M|352\/352 tox
|-damage|p2a: Freddy|308\/352 tox|[from] Stealth Rock
|
|-heal|p2a: Freddy|352\/352 tox|[from] ability: Poison Heal
|turn|12
|
|move|p1a: Victini|U-turn|p2a: Freddy
|-resisted|p2a: Freddy
|-damage|p2a: Freddy|318\/352 tox
|
|switch|p1a: Conkeldurr|Conkeldurr, F|325\/400 tox
|move|p2a: Freddy|Toxic|p1a: Conkeldurr
|-fail|p1a: Conkeldurr|tox
|
|-heal|p2a: Freddy|352\/352 tox|[from] ability: Poison Heal
|-damage|p1a: Conkeldurr|300\/400 tox|[from] psn
|turn|13
|
|move|p2a: Freddy|Protect|p2a: Freddy
|-singleturn|p2a: Freddy|Protect
|move|p1a: Conkeldurr|Ice Punch|p2a: Freddy
|-activate|p2a: Freddy|Protect
|
|-damage|p1a: Conkeldurr|250\/400 tox|[from] psn
|turn|14
|
|move|p2a: Freddy|Earthquake|p1a: Conkeldurr
|-damage|p1a: Conkeldurr|138\/400 tox
|move|p1a: Conkeldurr|Ice Punch|p2a: Freddy
|-supereffective|p2a: Freddy
|-damage|p2a: Freddy|0 fnt
|faint|p2a: Freddy
|
|-damage|p1a: Conkeldurr|63\/400 tox|[from] psn
|-message|Lizardons forfeited.
|
|win|1800Rekt
|raw|Ladder updating...
|leave|Lizardons
|player|p2
|raw|1800Rekt's rating: 1641 &rarr; <strong>1666<\/strong><br \/>(+25 for winning)
|raw|Lizardons's rating: 1722 &rarr; <strong>1698<\/strong><br \/>(-24 for losing)