|join|1800Rekt
|join|StevenMilfhunter
|player|p1|1800Rekt|270
|player|p2|StevenMilfhunter|102
|gametype|singles
|gen|6
|tier|OU
|rated
|clearpoke
|poke|p1|Zapdos
|poke|p1|Chansey, F, shiny
|poke|p1|Greninja, M, shiny
|poke|p1|Diancie
|poke|p1|Conkeldurr, M
|poke|p1|Victini
|poke|p2|Sableye, F
|poke|p2|Quagsire, F
|poke|p2|Keldeo
|poke|p2|Cresselia, F
|poke|p2|Chansey, F
|poke|p2|Skarmory, F
|rule|Swagger Clause: Swagger is banned
|rule|Baton Pass Clause: Limit one PokÃ©mon knowing Baton Pass
|rule|Sleep Clause Mod: Limit one foe put to sleep
|rule|Species Clause: Limit one of each PokÃ©mon
|rule|OHKO Clause: OHKO moves are banned
|rule|Moody Clause: Moody is banned
|rule|Evasion Moves Clause: Evasion moves are banned
|rule|Endless Battle Clause: Forcing endless battles is banned
|rule|HP Percentage Mod: HP is shown in percentages
|teampreview
|
|start
|switch|p1a: Victini|Victini|355\/355
|switch|p2a: Quagsire|Quagsire, F|393\/393
|turn|1
|
|move|p1a: Victini|Energy Ball|p2a: Quagsire
|-crit|p2a: Quagsire
|-supereffective|p2a: Quagsire
|-damage|p2a: Quagsire|0 fnt
|faint|p2a: Quagsire
|
|
|switch|p2a: Sableye|Sableye, F|303\/303
|turn|2
|
|switch|p1a: Diancie|Diancie|241\/241
|detailschange|p2a: Sableye|Sableye-Mega, F
|message|Sableye has Mega Evolved into Mega Sableye!
|move|p2a: Sableye|Knock Off|p1a: Diancie
|-resisted|p1a: Diancie
|-damage|p1a: Diancie|215\/241
|
|turn|3
|
|switch|p2a: Chansey|Chansey, F|703\/703
|detailschange|p1a: Diancie|Diancie-Mega
|message|Diancie has Mega Evolved into Mega Diancie!
|move|p1a: Diancie|Diamond Storm|p2a: Chansey
|-damage|p2a: Chansey|462\/703
|-boost|p1a: Diancie|def|1
|
|turn|4
|
|move|p1a: Diancie|Diamond Storm|p2a: Chansey
|-damage|p2a: Chansey|195\/703
|-boost|p1a: Diancie|def|1
|move|p2a: Chansey|Soft-Boiled|p2a: Chansey
|-heal|p2a: Chansey|547\/703
|
|turn|5
|
|switch|p1a: Victini|Victini|355\/355
|move|p2a: Chansey|Seismic Toss|p1a: Victini
|-damage|p1a: Victini|255\/355
|
|turn|6
|
|move|p1a: Victini|V-create|p2a: Chansey
|-damage|p2a: Chansey|0 fnt
|-unboost|p1a: Victini|def|1
|-unboost|p1a: Victini|spd|1
|-unboost|p1a: Victini|spe|1
|faint|p2a: Chansey
|
|
|switch|p2a: Keldeo|Keldeo|353\/353
|turn|7
|
|switch|p1a: Zapdos|Zapdos|384\/384
|-ability|p1a: Zapdos|Pressure
|move|p2a: Keldeo|Calm Mind|p2a: Keldeo
|-boost|p2a: Keldeo|spa|1
|-boost|p2a: Keldeo|spd|1
|
|turn|8
|
|move|p2a: Keldeo|Scald|p1a: Zapdos
|-damage|p1a: Zapdos|167\/384
|-status|p1a: Zapdos|brn
|move|p1a: Zapdos|Discharge|p2a: Keldeo
|-supereffective|p2a: Keldeo
|-damage|p2a: Keldeo|161\/353
|
|-heal|p2a: Keldeo|183\/353|[from] item: Leftovers
|-heal|p1a: Zapdos|191\/384 brn|[from] item: Leftovers
|-damage|p1a: Zapdos|143\/384 brn|[from] brn
|turn|9
|
|move|p2a: Keldeo|Scald|p1a: Zapdos
|-damage|p1a: Zapdos|0 fnt
|faint|p1a: Zapdos
|
|-heal|p2a: Keldeo|205\/353|[from] item: Leftovers
|
|switch|p1a: Diancie|Diancie-Mega|215\/241
|turn|10
|
|switch|p2a: Cresselia|Cresselia, F|443\/443
|move|p1a: Diancie|Moonblast|p2a: Cresselia
|-damage|p2a: Cresselia|319\/443
|
|-heal|p2a: Cresselia|346\/443|[from] item: Leftovers
|turn|11
|
|switch|p1a: Greninja|Greninja, M, shiny|285\/285
|move|p2a: Cresselia|Skill Swap|p1a: Greninja
|-activate|p2a: Cresselia|move: Skill Swap|Protean|Levitate|[of] p1a: Greninja
|
|-heal|p2a: Cresselia|373\/443|[from] item: Leftovers
|turn|12
|
|move|p1a: Greninja|Dark Pulse|p2a: Cresselia
|-supereffective|p2a: Cresselia
|-damage|p2a: Cresselia|191\/443
|-damage|p1a: Greninja|257\/285|[from] item: Life Orb
|move|p2a: Cresselia|Toxic|p1a: Greninja
|-start|p2a: Cresselia|typechange|Poison|[from] Protean
|-status|p1a: Greninja|tox
|
|-heal|p2a: Cresselia|218\/443|[from] item: Leftovers
|-damage|p1a: Greninja|240\/285 tox|[from] psn
|turn|13
|
|switch|p1a: Victini|Victini|255\/355
|move|p2a: Cresselia|Moonlight|p2a: Cresselia
|-start|p2a: Cresselia|typechange|Fairy|[from] Protean
|-heal|p2a: Cresselia|439\/443
|
|-heal|p2a: Cresselia|443\/443|[from] item: Leftovers
|turn|14
|
|move|p1a: Victini|U-turn|p2a: Cresselia
|-resisted|p2a: Cresselia
|-damage|p2a: Cresselia|394\/443
|
|switch|p1a: Greninja|Greninja, M, shiny|240\/285 tox
|move|p2a: Cresselia|Moonlight|p2a: Cresselia
|-heal|p2a: Cresselia|443\/443
|
|-damage|p1a: Greninja|223\/285 tox|[from] psn
|turn|15
|
|move|p1a: Greninja|Gunk Shot|p2a: Cresselia
|-start|p1a: Greninja|typechange|Poison|[from] Protean
|-supereffective|p2a: Cresselia
|-damage|p2a: Cresselia|162\/443
|-damage|p1a: Greninja|195\/285 tox|[from] item: Life Orb
|move|p2a: Cresselia|Moonlight|p2a: Cresselia
|-heal|p2a: Cresselia|383\/443
|
|-heal|p2a: Cresselia|410\/443|[from] item: Leftovers
|-damage|p1a: Greninja|161\/285 tox|[from] psn
|turn|16
|
|move|p1a: Greninja|Gunk Shot|p2a: Cresselia
|-supereffective|p2a: Cresselia
|-damage|p2a: Cresselia|129\/443
|-damage|p1a: Greninja|133\/285 tox|[from] item: Life Orb
|move|p2a: Cresselia|Moonlight|p2a: Cresselia
|-heal|p2a: Cresselia|350\/443
|
|-heal|p2a: Cresselia|377\/443|[from] item: Leftovers
|-damage|p1a: Greninja|82\/285 tox|[from] psn
|turn|17
|
|move|p1a: Greninja|Gunk Shot|p2a: Cresselia
|-supereffective|p2a: Cresselia
|-damage|p2a: Cresselia|81\/443
|-status|p2a: Cresselia|psn
|-damage|p1a: Greninja|54\/285 tox|[from] item: Life Orb
|move|p2a: Cresselia|Moonlight|p2a: Cresselia
|-heal|p2a: Cresselia|302\/443 psn
|
|-heal|p2a: Cresselia|329\/443 psn|[from] item: Leftovers
|-damage|p1a: Greninja|0 fnt|[from] psn
|-damage|p2a: Cresselia|274\/443 psn|[from] psn
|faint|p1a: Greninja
|
|switch|p1a: Victini|Victini|255\/355
|turn|18
|
|move|p1a: Victini|V-create|p2a: Cresselia
|-damage|p2a: Cresselia|0 fnt
|-unboost|p1a: Victini|def|1
|-unboost|p1a: Victini|spd|1
|-unboost|p1a: Victini|spe|1
|faint|p2a: Cresselia
|
|
|switch|p2a: Keldeo|Keldeo|205\/353
|turn|19
|
|switch|p1a: Conkeldurr|Conkeldurr, M|400\/400
|move|p2a: Keldeo|Scald|p1a: Conkeldurr
|-damage|p1a: Conkeldurr|285\/400
|-status|p1a: Conkeldurr|brn
|
|-heal|p2a: Keldeo|227\/353|[from] item: Leftovers
|-damage|p1a: Conkeldurr|235\/400 brn|[from] brn
|turn|20
|
|switch|p2a: Sableye|Sableye-Mega, F|303\/303
|move|p1a: Conkeldurr|Drain Punch|p2a: Sableye
|-immune|p2a: Sableye|[msg]
|
|-damage|p1a: Conkeldurr|185\/400 brn|[from] brn
|turn|21
|
|switch|p1a: Diancie|Diancie-Mega|215\/241
|switch|p2a: Skarmory|Skarmory, F|333\/333
|
|turn|22
|
|move|p1a: Diancie|Hidden Power|p2a: Skarmory
|-supereffective|p2a: Skarmory
|-damage|p2a: Skarmory|127\/333
|move|p2a: Skarmory|Brave Bird|p1a: Diancie
|-crit|p1a: Diancie
|-resisted|p1a: Diancie
|-damage|p1a: Diancie|134\/241
|-damage|p2a: Skarmory|100\/333|[from] recoil|[of] p1a: Diancie
|
|turn|23
|
|move|p1a: Diancie|Hidden Power|p2a: Skarmory
|-supereffective|p2a: Skarmory
|-damage|p2a: Skarmory|0 fnt
|faint|p2a: Skarmory
|
|
|switch|p2a: Keldeo|Keldeo|227\/353
|turn|24
|
|move|p1a: Diancie|Moonblast|p2a: Keldeo
|-supereffective|p2a: Keldeo
|-damage|p2a: Keldeo|0 fnt
|faint|p2a: Keldeo
|
|-message|StevenMilfhunter forfeited.
|
|win|1800Rekt
|raw|Ladder updating...
|leave|StevenMilfhunter
|player|p2
|raw|1800Rekt's rating: 1580 &rarr; <strong>1596<\/strong><br \/>(+16 for winning)
|raw|StevenMilfhunter's rating: 1500 &rarr; <strong>1484<\/strong><br \/>(-16 for losing)