|join|1800Rekt
|join|icoter
|player|p1|1800Rekt|270
|player|p2|icoter|169
|gametype|singles
|gen|6
|tier|OU
|rated
|clearpoke
|poke|p1|Beedrill, M, shiny
|poke|p1|Tentacruel, M
|poke|p1|Chesnaught, M
|poke|p1|Heatran, M
|poke|p1|Manaphy
|poke|p1|Hydreigon, M
|poke|p2|Venusaur, M
|poke|p2|Rotom-Wash
|poke|p2|Conkeldurr, F
|poke|p2|Skarmory, F
|poke|p2|Heatran, F
|poke|p2|Scizor, F
|rule|Swagger Clause: Swagger is banned
|rule|Baton Pass Clause: Limit one PokÃ©mon knowing Baton Pass
|rule|Sleep Clause Mod: Limit one foe put to sleep
|rule|Species Clause: Limit one of each PokÃ©mon
|rule|OHKO Clause: OHKO moves are banned
|rule|Moody Clause: Moody is banned
|rule|Evasion Moves Clause: Evasion moves are banned
|rule|Endless Battle Clause: Forcing endless battles is banned
|rule|HP Percentage Mod: HP is shown in percentages
|teampreview
|
|start
|switch|p1a: Beedrill|Beedrill, M, shiny|272\/272
|switch|p2a: Conkeldurr|Conkeldurr, F|351\/351
|turn|1
|
|switch|p2a: Scizor|Scizor, F|344\/344
|detailschange|p1a: Beedrill|Beedrill-Mega, M, shiny
|message|Beedrill has Mega Evolved into Mega Beedrill!
|move|p1a: Beedrill|U-turn|p2a: Scizor
|-resisted|p2a: Scizor
|-damage|p2a: Scizor|249\/344
|
|switch|p1a: Chesnaught|Chesnaught, M|380\/380
|
|turn|2
|
|move|p2a: Scizor|U-turn|p1a: Chesnaught
|-damage|p1a: Chesnaught|248\/380
|
|switch|p2a: Skarmory|Skarmory, F|334\/334
|move|p1a: Chesnaught|Spikes|p2a: Skarmory
|-sidestart|p2: icoter|Spikes
|
|-heal|p1a: Chesnaught|271\/380|[from] item: Leftovers
|turn|3
|
|switch|p1a: Heatran|Heatran, M|384\/384
|move|p2a: Skarmory|Stealth Rock|p1a: Heatran
|-sidestart|p1: 1800Rekt|move: Stealth Rock
|
|turn|4
|
|switch|p2a: Rotom-Wash|Rotom-Wash|304\/304
|move|p1a: Heatran|Stealth Rock|p2a: Rotom-Wash
|-sidestart|p2: icoter|move: Stealth Rock
|
|turn|5
|
|move|p2a: Rotom-Wash|Volt Switch|p1a: Heatran
|-damage|p1a: Heatran|326\/384
|
|switch|p2a: Heatran|Heatran, F|323\/323
|-damage|p2a: Heatran|283\/323|[from] Stealth Rock
|-damage|p2a: Heatran|243\/323|[from] Spikes
|move|p1a: Heatran|Toxic|p2a: Heatran
|-fail|p2a: Heatran
|
|-heal|p1a: Heatran|350\/384|[from] item: Leftovers
|turn|6
|
|switch|p1a: Tentacruel|Tentacruel, M|361\/361
|-damage|p1a: Tentacruel|316\/361|[from] Stealth Rock
|move|p2a: Heatran|Earth Power|p1a: Tentacruel
|-supereffective|p1a: Tentacruel
|-damage|p1a: Tentacruel|156\/361
|
|-heal|p1a: Tentacruel|178\/361|[from] item: Black Sludge
|turn|7
|
|move|p2a: Heatran|Earth Power|p1a: Tentacruel
|-supereffective|p1a: Tentacruel
|-damage|p1a: Tentacruel|20\/361
|move|p1a: Tentacruel|Rapid Spin|p2a: Heatran
|-resisted|p2a: Heatran
|-damage|p2a: Heatran|238\/323
|-sideend|p1: 1800Rekt|Stealth Rock|[from] move: Rapid Spin|[of] p1a: Tentacruel
|
|-heal|p1a: Tentacruel|42\/361|[from] item: Black Sludge
|turn|8
|
|switch|p2a: Conkeldurr|Conkeldurr, F|351\/351
|-damage|p2a: Conkeldurr|330\/351|[from] Stealth Rock
|-damage|p2a: Conkeldurr|287\/351|[from] Spikes
|switch|p1a: Hydreigon|Hydreigon, M|325\/325
|
|turn|9
|
|switch|p1a: Chesnaught|Chesnaught, M|271\/380
|move|p2a: Conkeldurr|Drain Punch|p1a: Chesnaught
|-damage|p1a: Chesnaught|175\/380
|-heal|p2a: Conkeldurr|335\/351|[from] drain|[of] p1a: Chesnaught
|
|-heal|p1a: Chesnaught|198\/380|[from] item: Leftovers
|turn|10
|
|switch|p1a: Manaphy|Manaphy|364\/364
|switch|p2a: Skarmory|Skarmory, F|334\/334
|-damage|p2a: Skarmory|293\/334|[from] Stealth Rock
|
|turn|11
|
|move|p1a: Manaphy|Tail Glow|p1a: Manaphy
|-boost|p1a: Manaphy|spa|3
|move|p2a: Skarmory|Whirlwind|p1a: Manaphy
|drag|p1a: Heatran|Heatran, M|350\/384
|
|-heal|p1a: Heatran|374\/384|[from] item: Leftovers
|turn|12
|
|move|p2a: Skarmory|Stealth Rock|p1a: Heatran
|-sidestart|p1: 1800Rekt|move: Stealth Rock
|move|p1a: Heatran|Roar|p2a: Skarmory
|drag|p2a: Venusaur|Venusaur, M|364\/364
|-damage|p2a: Venusaur|319\/364|[from] Spikes
|-damage|p2a: Venusaur|274\/364|[from] Stealth Rock
|
|-heal|p1a: Heatran|384\/384|[from] item: Leftovers
|turn|13
|
|detailschange|p2a: Venusaur|Venusaur-Mega, M
|message|Venusaur has Mega Evolved into Mega Venusaur!
|move|p2a: Venusaur|Synthesis|p2a: Venusaur
|-heal|p2a: Venusaur|364\/364
|move|p1a: Heatran|Lava Plume|p2a: Venusaur
|-supereffective|p2a: Venusaur
|-damage|p2a: Venusaur|260\/364
|
|turn|14
|
|switch|p2a: Conkeldurr|Conkeldurr, F|335\/351
|-damage|p2a: Conkeldurr|292\/351|[from] Spikes
|-damage|p2a: Conkeldurr|271\/351|[from] Stealth Rock
|move|p1a: Heatran|Lava Plume|p2a: Conkeldurr
|-damage|p2a: Conkeldurr|187\/351
|-status|p2a: Conkeldurr|brn
|
|-damage|p2a: Conkeldurr|144\/351 brn|[from] brn
|turn|15
|
|switch|p1a: Chesnaught|Chesnaught, M|198\/380
|-damage|p1a: Chesnaught|175\/380|[from] Stealth Rock
|move|p2a: Conkeldurr|Drain Punch|p1a: Chesnaught
|-damage|p1a: Chesnaught|21\/380
|-heal|p2a: Conkeldurr|221\/351 brn|[from] drain|[of] p1a: Chesnaught
|
|-heal|p1a: Chesnaught|44\/380|[from] item: Leftovers
|-damage|p2a: Conkeldurr|178\/351 brn|[from] brn
|turn|16
|
|move|p1a: Chesnaught|Spiky Shield|p1a: Chesnaught
|-singleturn|p1a: Chesnaught|move: Protect
|move|p2a: Conkeldurr|Mach Punch|p1a: Chesnaught
|-activate|p1a: Chesnaught|move: Protect
|-damage|p2a: Conkeldurr|135\/351 brn|[from] Spiky Shield|[of] p1a: Chesnaught
|
|-heal|p1a: Chesnaught|67\/380|[from] item: Leftovers
|-damage|p2a: Conkeldurr|92\/351 brn|[from] brn
|turn|17
|
|move|p1a: Chesnaught|Drain Punch|p2a: Conkeldurr
|-damage|p2a: Conkeldurr|2\/351 brn
|-heal|p1a: Chesnaught|112\/380|[from] drain|[of] p2a: Conkeldurr
|move|p2a: Conkeldurr|Drain Punch|p1a: Chesnaught
|-damage|p1a: Chesnaught|0 fnt
|-heal|p2a: Conkeldurr|58\/351 brn|[from] drain|[of] p1a: Chesnaught
|faint|p1a: Chesnaught
|
|-damage|p2a: Conkeldurr|15\/351 brn|[from] brn
|
|switch|p1a: Beedrill|Beedrill-Mega, M, shiny|272\/272
|-damage|p1a: Beedrill|204\/272|[from] Stealth Rock
|turn|18
|
|move|p1a: Beedrill|Protect|p1a: Beedrill
|-singleturn|p1a: Beedrill|Protect
|move|p2a: Conkeldurr|Mach Punch|p1a: Beedrill
|-activate|p1a: Beedrill|Protect
|
|-damage|p2a: Conkeldurr|0 fnt|[from] brn
|faint|p2a: Conkeldurr
|
|switch|p2a: Skarmory|Skarmory, F|293\/334
|-damage|p2a: Skarmory|252\/334|[from] Stealth Rock
|turn|19
|
|move|p1a: Beedrill|U-turn|p2a: Skarmory
|-resisted|p2a: Skarmory
|-damage|p2a: Skarmory|226\/334
|-damage|p1a: Beedrill|159\/272|[from] item: Rocky Helmet|[of] p2a: Skarmory
|
|switch|p1a: Tentacruel|Tentacruel, M|42\/361
|-damage|p1a: Tentacruel|0 fnt|[from] Stealth Rock
|faint|p1a: Tentacruel
|move|p2a: Skarmory|Whirlwind|p1: Tentacruel|[notarget]
|-notarget
|
|
|switch|p1a: Manaphy|Manaphy|364\/364
|-damage|p1a: Manaphy|319\/364|[from] Stealth Rock
|turn|20
|
|move|p1a: Manaphy|Scald|p2a: Skarmory
|-damage|p2a: Skarmory|54\/334
|move|p2a: Skarmory|Roost|p2a: Skarmory
|-heal|p2a: Skarmory|221\/334
|
|-heal|p1a: Manaphy|341\/364|[from] item: Leftovers
|turn|21
|
|switch|p2a: Rotom-Wash|Rotom-Wash|304\/304
|-damage|p2a: Rotom-Wash|266\/304|[from] Stealth Rock
|move|p1a: Manaphy|Scald|p2a: Rotom-Wash
|-resisted|p2a: Rotom-Wash
|-damage|p2a: Rotom-Wash|222\/304
|
|-heal|p1a: Manaphy|363\/364|[from] item: Leftovers
|-heal|p2a: Rotom-Wash|241\/304|[from] item: Leftovers
|turn|22
|
|move|p1a: Manaphy|Tail Glow|p1a: Manaphy
|-boost|p1a: Manaphy|spa|3
|move|p2a: Rotom-Wash|Volt Switch|p1a: Manaphy
|-supereffective|p1a: Manaphy
|-damage|p1a: Manaphy|175\/364
|
|switch|p2a: Venusaur|Venusaur-Mega, M|260\/364
|-damage|p2a: Venusaur|215\/364|[from] Stealth Rock
|-damage|p2a: Venusaur|170\/364|[from] Spikes
|
|-heal|p1a: Manaphy|197\/364|[from] item: Leftovers
|turn|23
|
|move|p1a: Manaphy|Scald|p2a: Venusaur
|-resisted|p2a: Venusaur
|-damage|p2a: Venusaur|25\/364
|move|p2a: Venusaur|Giga Drain|p1a: Manaphy
|-crit|p1a: Manaphy
|-supereffective|p1a: Manaphy
|-damage|p1a: Manaphy|0 fnt
|-heal|p2a: Venusaur|124\/364|[from] drain|[of] p1a: Manaphy
|faint|p1a: Manaphy
|
|
|switch|p1a: Hydreigon|Hydreigon, M|325\/325
|-damage|p1a: Hydreigon|285\/325|[from] Stealth Rock
|turn|24
|
|move|p1a: Hydreigon|Draco Meteor|p2a: Venusaur
|-damage|p2a: Venusaur|0 fnt
|-unboost|p1a: Hydreigon|spa|2
|-damage|p1a: Hydreigon|253\/325|[from] item: Life Orb
|faint|p2a: Venusaur
|
|
|switch|p2a: Rotom-Wash|Rotom-Wash|241\/304
|-damage|p2a: Rotom-Wash|203\/304|[from] Stealth Rock
|turn|25
|
|move|p1a: Hydreigon|Superpower|p2a: Rotom-Wash
|-damage|p2a: Rotom-Wash|57\/304
|-unboost|p1a: Hydreigon|atk|1
|-unboost|p1a: Hydreigon|def|1
|-damage|p1a: Hydreigon|221\/325|[from] item: Life Orb
|move|p2a: Rotom-Wash|Volt Switch|p1a: Hydreigon
|-resisted|p1a: Hydreigon
|-damage|p1a: Hydreigon|170\/325
|
|switch|p2a: Scizor|Scizor, F|249\/344
|-damage|p2a: Scizor|206\/344|[from] Stealth Rock
|-damage|p2a: Scizor|163\/344|[from] Spikes
|
|turn|26
|
|switch|p1a: Heatran|Heatran, M|384\/384
|-damage|p1a: Heatran|336\/384|[from] Stealth Rock
|move|p2a: Scizor|Superpower|p1a: Heatran
|-supereffective|p1a: Heatran
|-damage|p1a: Heatran|0 fnt
|-unboost|p2a: Scizor|atk|1
|-unboost|p2a: Scizor|def|1
|faint|p1a: Heatran
|
|
|switch|p1a: Hydreigon|Hydreigon, M|170\/325
|-damage|p1a: Hydreigon|130\/325|[from] Stealth Rock
|turn|27
|
|switch|p2a: Rotom-Wash|Rotom-Wash|57\/304
|-damage|p2a: Rotom-Wash|19\/304|[from] Stealth Rock
|move|p1a: Hydreigon|Dark Pulse|p2a: Rotom-Wash
|-damage|p2a: Rotom-Wash|0 fnt
|-damage|p1a: Hydreigon|98\/325|[from] item: Life Orb
|faint|p2a: Rotom-Wash
|
|
|switch|p2a: Scizor|Scizor, F|163\/344
|-damage|p2a: Scizor|120\/344|[from] Spikes
|-damage|p2a: Scizor|77\/344|[from] Stealth Rock
|turn|28
|-message|1800Rekt forfeited.
|
|win|icoter
|raw|Ladder updating...
|leave|1800Rekt
|player|p1