|join|1800Rekt
|join|OnurbX
|player|p1|1800Rekt|270
|player|p2|OnurbX|290
|gametype|singles
|gen|6
|tier|OU
|rated
|clearpoke
|poke|p1|Sceptile, M, shiny
|poke|p1|Rotom-Wash, shiny
|poke|p1|Landorus-Therian, M, shiny
|poke|p1|Empoleon, F, shiny
|poke|p1|Conkeldurr, F
|poke|p1|Victini
|poke|p2|Skarmory, M
|poke|p2|Chansey, F
|poke|p2|Sableye, F
|poke|p2|Quagsire, M
|poke|p2|Gothitelle, M
|poke|p2|Cresselia, F
|rule|Swagger Clause: Swagger is banned
|rule|Baton Pass Clause: Limit one PokÃ©mon knowing Baton Pass
|rule|Sleep Clause Mod: Limit one foe put to sleep
|rule|Species Clause: Limit one of each PokÃ©mon
|rule|OHKO Clause: OHKO moves are banned
|rule|Moody Clause: Moody is banned
|rule|Evasion Moves Clause: Evasion moves are banned
|rule|Endless Battle Clause: Forcing endless battles is banned
|rule|HP Percentage Mod: HP is shown in percentages
|teampreview
|
|start
|switch|p1a: Victini|Victini|355\/355
|switch|p2a: Sableye|Sableye, F|304\/304
|turn|1
|
|switch|p2a: Quagsire|Quagsire, M|394\/394
|move|p1a: Victini|Energy Ball|p2a: Quagsire
|-supereffective|p2a: Quagsire
|-damage|p2a: Quagsire|18\/394
|
|-heal|p2a: Quagsire|42\/394|[from] item: Leftovers
|turn|2
|
|switch|p1a: Empoleon|Empoleon, F, shiny|372\/372
|switch|p2a: Chansey|Chansey, F|642\/642
|
|turn|3
|
|move|p1a: Empoleon|Stealth Rock|p2a: Chansey
|-sidestart|p2: OnurbX|move: Stealth Rock
|move|p2a: Chansey|Stealth Rock|p1a: Empoleon
|-sidestart|p1: 1800Rekt|move: Stealth Rock
|
|turn|4
|
|switch|p1a: Conkeldurr|Conkeldurr, F|400\/400
|-damage|p1a: Conkeldurr|375\/400|[from] Stealth Rock
|move|p2a: Chansey|Thunder Wave|p1a: Conkeldurr
|-status|p1a: Conkeldurr|par
|
|turn|5
|
|switch|p2a: Skarmory|Skarmory, M|334\/334
|-damage|p2a: Skarmory|293\/334|[from] Stealth Rock
|switch|p1a: Empoleon|Empoleon, F, shiny|372\/372
|-damage|p1a: Empoleon|349\/372|[from] Stealth Rock
|
|-heal|p1a: Empoleon|372\/372|[from] item: Leftovers
|turn|6
|
|move|p2a: Skarmory|Spikes|p1a: Empoleon
|-sidestart|p1: 1800Rekt|Spikes
|move|p1a: Empoleon|Scald|p2a: Skarmory
|-damage|p2a: Skarmory|146\/334
|
|turn|7
|
|move|p2a: Skarmory|Roost|p2a: Skarmory
|-heal|p2a: Skarmory|313\/334
|move|p1a: Empoleon|Defog|p2a: Skarmory
|-unboost|p2a: Skarmory|evasion|1
|-sideend|p2: OnurbX|Stealth Rock|[from] move: Defog|[of] p2a: Skarmory
|-sideend|p1: 1800Rekt|Spikes|[from] move: Defog|[of] p1a: Empoleon
|-sideend|p1: 1800Rekt|Stealth Rock|[from] move: Defog|[of] p1a: Empoleon
|
|turn|8
|
|switch|p2a: Gothitelle|Gothitelle, M|344\/344
|move|p1a: Empoleon|Scald|p2a: Gothitelle
|-damage|p2a: Gothitelle|245\/344
|
|turn|9
|
|move|p2a: Gothitelle|Trick|p1a: Empoleon
|-activate|p2a: Gothitelle|move: Trick|[of] p1a: Empoleon
|-item|p1a: Empoleon|Choice Scarf|[from] move: Trick
|-item|p2a: Gothitelle|Leftovers|[from] move: Trick
|move|p1a: Empoleon|Roar|p2a: Gothitelle
|drag|p2a: Skarmory|Skarmory, M|313\/334
|
|turn|10
|
|switch|p1a: Victini|Victini|355\/355
|move|p2a: Skarmory|Spikes|p1a: Victini
|-sidestart|p1: 1800Rekt|Spikes
|
|turn|11
|
|switch|p2a: Chansey|Chansey, F|642\/642
|move|p1a: Victini|V-create|p2a: Chansey
|-damage|p2a: Chansey|33\/642
|-unboost|p1a: Victini|def|1
|-unboost|p1a: Victini|spd|1
|-unboost|p1a: Victini|spe|1
|
|turn|12
|
|switch|p2a: Cresselia|Cresselia, F|444\/444
|move|p1a: Victini|V-create|p2a: Cresselia
|-damage|p2a: Cresselia|143\/444
|-unboost|p1a: Victini|def|1
|-unboost|p1a: Victini|spd|1
|-unboost|p1a: Victini|spe|1
|
|-heal|p2a: Cresselia|170\/444|[from] item: Leftovers
|turn|13
|-message|OnurbX forfeited.
|
|win|1800Rekt
|raw|Ladder updating...
|leave|OnurbX
|player|p2
|raw|1800Rekt's rating: 1441 &rarr; <strong>1465<\/strong><br \/>(+24 for winning)
|raw|OnurbX's rating: 1502 &rarr; <strong>1479<\/strong><br \/>(-23 for losing)