|join|1800Rekt
|join|much professional
|player|p1|1800Rekt|270
|player|p2|much professional|265
|gametype|singles
|gen|6
|tier|OU
|rated
|clearpoke
|poke|p1|Sceptile, M, shiny
|poke|p1|Rotom-Wash, shiny
|poke|p1|Landorus-Therian, M, shiny
|poke|p1|Empoleon, F, shiny
|poke|p1|Conkeldurr, F
|poke|p1|Victini
|poke|p2|Manaphy
|poke|p2|Clefable, F
|poke|p2|Breloom, M
|poke|p2|Espeon, F
|poke|p2|Gardevoir, M
|poke|p2|Scolipede, F
|rule|Swagger Clause: Swagger is banned
|rule|Baton Pass Clause: Limit one PokÃ©mon knowing Baton Pass
|rule|Sleep Clause Mod: Limit one foe put to sleep
|rule|Species Clause: Limit one of each PokÃ©mon
|rule|OHKO Clause: OHKO moves are banned
|rule|Moody Clause: Moody is banned
|rule|Evasion Moves Clause: Evasion moves are banned
|rule|Endless Battle Clause: Forcing endless battles is banned
|rule|HP Percentage Mod: HP is shown in percentages
|teampreview
|
|start
|switch|p1a: Empoleon|Empoleon, F, shiny|372\/372
|switch|p2a: Scolipede|Scolipede, F|323\/323
|turn|1
|
|move|p2a: Scolipede|Iron Defense|p2a: Scolipede
|-boost|p2a: Scolipede|def|2
|move|p1a: Empoleon|Stealth Rock|p2a: Scolipede
|-sidestart|p2: much professional|move: Stealth Rock
|
|-boost|p2a: Scolipede|spe|1|[from] ability: Speed Boost
|turn|2
|
|move|p2a: Scolipede|Baton Pass|p2a: Scolipede
|
|switch|p2a: Espeon|Espeon, F|334\/334
|-damage|p2a: Espeon|293\/334|[from] Stealth Rock
|move|p1a: Empoleon|Roar|p2a: Espeon
|move|p2a: Espeon|Roar|p1a: Empoleon|[from]Magic Bounce
|drag|p1a: Sceptile|Sceptile, M, shiny|285\/285
|
|-heal|p2a: Espeon|313\/334|[from] item: Leftovers
|turn|3
|
|switch|p1a: Victini|Victini|355\/355
|move|p2a: Espeon|Calm Mind|p2a: Espeon
|-boost|p2a: Espeon|spa|1
|-boost|p2a: Espeon|spd|1
|
|-heal|p2a: Espeon|333\/334|[from] item: Leftovers
|turn|4
|
|move|p2a: Espeon|Calm Mind|p2a: Espeon
|-boost|p2a: Espeon|spa|1
|-boost|p2a: Espeon|spd|1
|move|p1a: Victini|V-create|p2a: Espeon
|-damage|p2a: Espeon|62\/334
|-unboost|p1a: Victini|def|1
|-unboost|p1a: Victini|spd|1
|-unboost|p1a: Victini|spe|1
|
|-heal|p2a: Espeon|82\/334|[from] item: Leftovers
|turn|5
|
|move|p2a: Espeon|Stored Power|p1a: Victini
|-resisted|p1a: Victini
|-damage|p1a: Victini|0 fnt
|faint|p1a: Victini
|
|-heal|p2a: Espeon|102\/334|[from] item: Leftovers
|c|âmuch professional|you should have switched out
|
|switch|p1a: Landorus-Therian|Landorus-Therian, M, shiny|327\/327
|-ability|p1a: Landorus-Therian|Intimidate|[of] p2a: Espeon
|-unboost|p2a: Espeon|atk|1
|turn|6
|c|âmuch professional|nevermind
|
|move|p1a: Landorus-Therian|U-turn|p2a: Espeon
|-supereffective|p2a: Espeon
|-damage|p2a: Espeon|0 fnt
|faint|p2a: Espeon
|
|switch|p1a: Empoleon|Empoleon, F, shiny|372\/372
|
|
|switch|p2a: Breloom|Breloom, M|324\/324
|-damage|p2a: Breloom|304\/324|[from] Stealth Rock
|turn|7
|
|move|p2a: Breloom|Swords Dance|p2a: Breloom
|-boost|p2a: Breloom|atk|2
|move|p1a: Empoleon|Scald|p2a: Breloom
|-resisted|p2a: Breloom
|-damage|p2a: Breloom|232\/324
|
|-status|p2a: Breloom|tox|[from] item: Toxic Orb
|turn|8
|
|move|p2a: Breloom|Spore|p1a: Empoleon
|-status|p1a: Empoleon|slp
|cant|p1a: Empoleon|slp
|
|-heal|p2a: Breloom|272\/324 tox|[from] ability: Poison Heal
|turn|9
|
|switch|p1a: Landorus-Therian|Landorus-Therian, M, shiny|327\/327
|-ability|p1a: Landorus-Therian|Intimidate|[of] p2a: Breloom
|-unboost|p2a: Breloom|atk|1
|move|p2a: Breloom|Seed Bomb|p1a: Landorus-Therian
|-damage|p1a: Landorus-Therian|53\/327
|
|-heal|p2a: Breloom|312\/324 tox|[from] ability: Poison Heal
|turn|10
|
|move|p1a: Landorus-Therian|Explosion|p2a: Breloom
|-damage|p2a: Breloom|0 fnt
|faint|p1a: Landorus-Therian
|faint|p2a: Breloom
|
|
|switch|p2a: Scolipede|Scolipede, F|323\/323
|switch|p1a: Conkeldurr|Conkeldurr, F|394\/394
|-damage|p2a: Scolipede|243\/323|[from] Stealth Rock
|turn|11
|
|move|p2a: Scolipede|Iron Defense|p2a: Scolipede
|-boost|p2a: Scolipede|def|2
|move|p1a: Conkeldurr|Ice Punch|p2a: Scolipede
|-damage|p2a: Scolipede|189\/323
|-status|p2a: Scolipede|frz
|
|-boost|p2a: Scolipede|spe|1|[from] ability: Speed Boost
|turn|12
|
|switch|p1a: Sceptile|Sceptile, M, shiny|285\/285
|cant|p2a: Scolipede|frz
|
|-boost|p2a: Scolipede|spe|1|[from] ability: Speed Boost
|turn|13
|
|detailschange|p1a: Sceptile|Sceptile-Mega, M, shiny
|message|Sceptile has Mega Evolved into Mega Sceptile!
|cant|p2a: Scolipede|frz
|move|p1a: Sceptile|Hidden Power|p2a: Scolipede
|-supereffective|p2a: Scolipede
|-damage|p2a: Scolipede|0 fnt
|faint|p2a: Scolipede
|
|
|switch|p2a: Gardevoir|Gardevoir, M|340\/340
|-damage|p2a: Gardevoir|298\/340|[from] Stealth Rock
|-ability|p2a: Gardevoir|Lightning Rod|[from] ability: Trace|[of] p1a: Sceptile
|turn|14
|
|switch|p1a: Empoleon|Empoleon, F, shiny|372\/372 slp
|detailschange|p2a: Gardevoir|Gardevoir-Mega, M
|message|Gardevoir has Mega Evolved into Mega Gardevoir!
|move|p2a: Gardevoir|Draining Kiss|p1a: Empoleon
|-resisted|p1a: Empoleon
|-damage|p1a: Empoleon|335\/372 slp
|-heal|p2a: Gardevoir|326\/340|[from] drain|[of] p1a: Empoleon
|
|-heal|p1a: Empoleon|358\/372 slp|[from] item: Leftovers
|turn|15
|
|move|p2a: Gardevoir|Draining Kiss|p1a: Empoleon
|-resisted|p1a: Empoleon
|-damage|p1a: Empoleon|316\/372 slp
|-heal|p2a: Gardevoir|340\/340|[from] drain|[of] p1a: Empoleon
|cant|p1a: Empoleon|slp
|
|-heal|p1a: Empoleon|339\/372 slp|[from] item: Leftovers
|turn|16
|
|move|p2a: Gardevoir|Calm Mind|p2a: Gardevoir
|-boost|p2a: Gardevoir|spa|1
|-boost|p2a: Gardevoir|spd|1
|-curestatus|p1a: Empoleon|slp
|move|p1a: Empoleon|Scald|p2a: Gardevoir
|-damage|p2a: Gardevoir|285\/340
|
|-heal|p1a: Empoleon|362\/372|[from] item: Leftovers
|turn|17
|
|move|p2a: Gardevoir|Draining Kiss|p1a: Empoleon
|-resisted|p1a: Empoleon
|-damage|p1a: Empoleon|303\/372
|-heal|p2a: Gardevoir|330\/340|[from] drain|[of] p1a: Empoleon
|move|p1a: Empoleon|Roar|p2a: Gardevoir
|drag|p2a: Clefable|Clefable, F|394\/394
|-damage|p2a: Clefable|345\/394|[from] Stealth Rock
|
|-heal|p1a: Empoleon|326\/372|[from] item: Leftovers
|-heal|p2a: Clefable|369\/394|[from] item: Leftovers
|turn|18
|
|move|p1a: Empoleon|Scald|p2a: Clefable
|-damage|p2a: Clefable|261\/394
|-status|p2a: Clefable|brn
|move|p2a: Clefable|Calm Mind|p2a: Clefable
|-boost|p2a: Clefable|spa|1
|-boost|p2a: Clefable|spd|1
|
|-heal|p1a: Empoleon|349\/372|[from] item: Leftovers
|-heal|p2a: Clefable|285\/394 brn|[from] item: Leftovers
|-damage|p2a: Clefable|236\/394 brn|[from] brn
|turn|19
|
|move|p1a: Empoleon|Scald|p2a: Clefable
|-damage|p2a: Clefable|166\/394 brn
|move|p2a: Clefable|Moonblast|p1a: Empoleon
|-resisted|p1a: Empoleon
|-damage|p1a: Empoleon|286\/372
|
|-heal|p1a: Empoleon|309\/372|[from] item: Leftovers
|-heal|p2a: Clefable|190\/394 brn|[from] item: Leftovers
|-damage|p2a: Clefable|141\/394 brn|[from] brn
|turn|20
|
|move|p2a: Clefable|Moonblast|p1a: Empoleon
|-crit|p1a: Empoleon
|-resisted|p1a: Empoleon
|-damage|p1a: Empoleon|218\/372
|move|p1a: Empoleon|Roar|p2a: Clefable
|drag|p2a: Gardevoir|Gardevoir-Mega, M|330\/340
|-damage|p2a: Gardevoir|288\/340|[from] Stealth Rock
|
|-heal|p1a: Empoleon|241\/372|[from] item: Leftovers
|turn|21
|
|move|p2a: Gardevoir|Calm Mind|p2a: Gardevoir
|-boost|p2a: Gardevoir|spa|1
|-boost|p2a: Gardevoir|spd|1
|move|p1a: Empoleon|Scald|p2a: Gardevoir
|-damage|p2a: Gardevoir|230\/340
|-status|p2a: Gardevoir|brn
|
|-heal|p1a: Empoleon|264\/372|[from] item: Leftovers
|-damage|p2a: Gardevoir|188\/340 brn|[from] brn
|turn|22
|
|move|p2a: Gardevoir|Draining Kiss|p1a: Empoleon
|-resisted|p1a: Empoleon
|-damage|p1a: Empoleon|200\/372
|-heal|p2a: Gardevoir|236\/340 brn|[from] drain|[of] p1a: Empoleon
|move|p1a: Empoleon|Roar|p2a: Gardevoir
|drag|p2a: Manaphy|Manaphy|404\/404
|-damage|p2a: Manaphy|354\/404|[from] Stealth Rock
|
|-heal|p2a: Manaphy|379\/404|[from] item: Leftovers
|-heal|p1a: Empoleon|223\/372|[from] item: Leftovers
|turn|23
|
|move|p2a: Manaphy|Scald|p1a: Empoleon
|-resisted|p1a: Empoleon
|-damage|p1a: Empoleon|188\/372
|move|p1a: Empoleon|Roar|p2a: Manaphy
|drag|p2a: Clefable|Clefable, F|141\/394 brn
|-damage|p2a: Clefable|92\/394 brn|[from] Stealth Rock
|
|-heal|p1a: Empoleon|211\/372|[from] item: Leftovers
|-heal|p2a: Clefable|116\/394 brn|[from] item: Leftovers
|-damage|p2a: Clefable|67\/394 brn|[from] brn
|turn|24
|
|move|p1a: Empoleon|Scald|p2a: Clefable
|-damage|p2a: Clefable|0 fnt
|faint|p2a: Clefable
|
|-heal|p1a: Empoleon|234\/372|[from] item: Leftovers
|
|switch|p2a: Gardevoir|Gardevoir-Mega, M|236\/340 brn
|-damage|p2a: Gardevoir|194\/340 brn|[from] Stealth Rock
|turn|25
|
|move|p2a: Gardevoir|Draining Kiss|p1a: Empoleon
|-resisted|p1a: Empoleon
|-damage|p1a: Empoleon|196\/372
|-heal|p2a: Gardevoir|223\/340 brn|[from] drain|[of] p1a: Empoleon
|move|p1a: Empoleon|Scald|p2a: Gardevoir
|-damage|p2a: Gardevoir|150\/340 brn
|
|-heal|p1a: Empoleon|219\/372|[from] item: Leftovers
|-damage|p2a: Gardevoir|108\/340 brn|[from] brn
|turn|26
|
|move|p2a: Gardevoir|Draining Kiss|p1a: Empoleon
|-resisted|p1a: Empoleon
|-damage|p1a: Empoleon|176\/372
|-heal|p2a: Gardevoir|141\/340 brn|[from] drain|[of] p1a: Empoleon
|move|p1a: Empoleon|Scald|p2a: Gardevoir
|-damage|p2a: Gardevoir|54\/340 brn
|
|-heal|p1a: Empoleon|199\/372|[from] item: Leftovers
|-damage|p2a: Gardevoir|12\/340 brn|[from] brn
|turn|27
|
|move|p2a: Gardevoir|Rest|p2a: Gardevoir
|-status|p2a: Gardevoir|slp
|-heal|p2a: Gardevoir|340\/340 slp|[silent]
|-status|p2a: Gardevoir|slp|[from] move: Rest
|move|p1a: Empoleon|Roar|p2a: Gardevoir
|drag|p2a: Manaphy|Manaphy|379\/404
|-damage|p2a: Manaphy|329\/404|[from] Stealth Rock
|
|-heal|p2a: Manaphy|354\/404|[from] item: Leftovers
|-heal|p1a: Empoleon|222\/372|[from] item: Leftovers
|turn|28
|
|move|p2a: Manaphy|Scald|p1a: Empoleon
|-resisted|p1a: Empoleon
|-damage|p1a: Empoleon|186\/372
|move|p1a: Empoleon|Roar|p2a: Manaphy
|drag|p2a: Gardevoir|Gardevoir-Mega, M|340\/340 slp
|-damage|p2a: Gardevoir|298\/340 slp|[from] Stealth Rock
|
|-heal|p1a: Empoleon|209\/372|[from] item: Leftovers
|turn|29
|
|switch|p1a: Conkeldurr|Conkeldurr, F|394\/394
|cant|p2a: Gardevoir|slp
|move|p2a: Gardevoir|Sleep Talk|p2a: Gardevoir
|move|p2a: Gardevoir|Rest|p2a: Gardevoir|[from]Sleep Talk
|-fail|p2a: Gardevoir
|
|turn|30
|
|cant|p2a: Gardevoir|slp
|move|p2a: Gardevoir|Sleep Talk|p2a: Gardevoir
|move|p2a: Gardevoir|Draining Kiss|p1a: Conkeldurr|[from]Sleep Talk
|-supereffective|p1a: Conkeldurr
|-damage|p1a: Conkeldurr|160\/394
|-heal|p2a: Gardevoir|340\/340 slp|[from] drain|[of] p1a: Conkeldurr
|move|p1a: Conkeldurr|Poison Jab|p2a: Gardevoir
|-crit|p2a: Gardevoir
|-supereffective|p2a: Gardevoir
|-damage|p2a: Gardevoir|0 fnt
|faint|p2a: Gardevoir
|
|
|switch|p2a: Manaphy|Manaphy|354\/404
|-damage|p2a: Manaphy|304\/404|[from] Stealth Rock
|turn|31
|
|move|p2a: Manaphy|Calm Mind|p2a: Manaphy
|-boost|p2a: Manaphy|spa|1
|-boost|p2a: Manaphy|spd|1
|move|p1a: Conkeldurr|Drain Punch|p2a: Manaphy
|-damage|p2a: Manaphy|183\/404
|-heal|p1a: Conkeldurr|221\/394|[from] drain|[of] p2a: Manaphy
|
|-heal|p2a: Manaphy|208\/404|[from] item: Leftovers
|turn|32
|
|switch|p1a: Sceptile|Sceptile-Mega, M, shiny|285\/285
|move|p2a: Manaphy|Rain Dance|p2a: Manaphy
|-weather|RainDance
|
|-weather|RainDance|[upkeep]
|-heal|p2a: Manaphy|233\/404|[from] item: Leftovers
|turn|33
|
|move|p1a: Sceptile|Giga Drain|p2a: Manaphy
|-crit|p2a: Manaphy
|-supereffective|p2a: Manaphy
|-damage|p2a: Manaphy|0 fnt
|faint|p2a: Manaphy
|
|win|1800Rekt
|raw|Ladder updating...
|leave|much professional
|player|p2
|raw|1800Rekt's rating: 1657 &rarr; <strong>1682<\/strong><br \/>(+25 for winning)
|raw|much professional's rating: 1740 &rarr; <strong>1716<\/strong><br \/>(-24 for losing)