|join|Reverb
|join|1800Rekt
|player|p1|Reverb|#reverb
|player|p2|1800Rekt|270
|gametype|singles
|gen|6
|tier|OU
|rated
|clearpoke
|poke|p1|Empoleon, M
|poke|p1|Tyranitar, M
|poke|p1|Charizard, M
|poke|p1|Keldeo
|poke|p1|Kyurem-Black
|poke|p1|Landorus-Therian, M
|poke|p2|Zapdos
|poke|p2|Chansey, F, shiny
|poke|p2|Greninja, M, shiny
|poke|p2|Diancie
|poke|p2|Conkeldurr, M
|poke|p2|Victini
|rule|Swagger Clause: Swagger is banned
|rule|Baton Pass Clause: Limit one PokÃ©mon knowing Baton Pass
|rule|Sleep Clause Mod: Limit one foe put to sleep
|rule|Species Clause: Limit one of each PokÃ©mon
|rule|OHKO Clause: OHKO moves are banned
|rule|Moody Clause: Moody is banned
|rule|Evasion Moves Clause: Evasion moves are banned
|rule|Endless Battle Clause: Forcing endless battles is banned
|rule|HP Percentage Mod: HP is shown in percentages
|teampreview
|join|Chillingtilnoon
|
|start
|switch|p1a: Keldeo|Keldeo|323\/323
|switch|p2a: Chansey|Chansey, F, shiny|704\/704
|turn|1
|
|move|p1a: Keldeo|Hydro Pump|p2a: Chansey
|-damage|p2a: Chansey|533\/704
|move|p2a: Chansey|Thunder Wave|p1a: Keldeo
|-status|p1a: Keldeo|par
|
|turn|2
|c|âReverb|risky lel
|join|squirrelll
|
|switch|p1a: Empoleon|Empoleon, M|372\/372
|move|p2a: Chansey|Stealth Rock|p1a: Empoleon
|-sidestart|p1: Reverb|move: Stealth Rock
|
|turn|3
|
|move|p1a: Empoleon|Defog|p2a: Chansey
|-unboost|p2a: Chansey|evasion|1
|-sideend|p1: Reverb|Stealth Rock|[from] move: Defog|[of] p1a: Empoleon
|move|p2a: Chansey|Thunder Wave|p1a: Empoleon
|-status|p1a: Empoleon|par
|
|turn|4
|
|move|p2a: Chansey|Stealth Rock|p1a: Empoleon
|-sidestart|p1: Reverb|move: Stealth Rock
|cant|p1a: Empoleon|par
|
|turn|5
|
|move|p2a: Chansey|Seismic Toss|p1a: Empoleon
|-damage|p1a: Empoleon|272\/372 par
|move|p1a: Empoleon|Stealth Rock|p2a: Chansey
|-sidestart|p2: 1800Rekt|move: Stealth Rock
|
|-heal|p1a: Empoleon|295\/372 par|[from] item: Leftovers
|turn|6
|
|switch|p1a: Tyranitar|Tyranitar, M|383\/383
|-damage|p1a: Tyranitar|336\/383|[from] Stealth Rock
|-weather|Sandstorm
|move|p2a: Chansey|Seismic Toss|p1a: Tyranitar
|-damage|p1a: Tyranitar|236\/383
|
|-weather|Sandstorm|[upkeep]
|-damage|p2a: Chansey|489\/704|[from] sandstorm
|turn|7
|
|switch|p2a: Zapdos|Zapdos|384\/384
|-damage|p2a: Zapdos|288\/384|[from] Stealth Rock
|-ability|p2a: Zapdos|Pressure
|move|p1a: Tyranitar|Superpower|p2a: Zapdos
|-resisted|p2a: Zapdos
|-damage|p2a: Zapdos|180\/384
|-unboost|p1a: Tyranitar|atk|1
|-unboost|p1a: Tyranitar|def|1
|
|-weather|Sandstorm|[upkeep]
|-damage|p2a: Zapdos|156\/384|[from] sandstorm
|-heal|p2a: Zapdos|180\/384|[from] item: Leftovers
|turn|8
|
|switch|p1a: Landorus-Therian|Landorus-Therian, M|327\/327
|-damage|p1a: Landorus-Therian|287\/327|[from] Stealth Rock
|-ability|p1a: Landorus-Therian|Intimidate|[of] p2a: Zapdos
|-unboost|p2a: Zapdos|atk|1
|move|p2a: Zapdos|Heat Wave|p1a: Landorus-Therian
|-damage|p1a: Landorus-Therian|174\/327
|
|-weather|Sandstorm|[upkeep]
|-damage|p2a: Zapdos|156\/384|[from] sandstorm
|-heal|p2a: Zapdos|180\/384|[from] item: Leftovers
|turn|9
|
|move|p1a: Landorus-Therian|Stone Edge|p2a: Zapdos
|-crit|p2a: Zapdos
|-supereffective|p2a: Zapdos
|-damage|p2a: Zapdos|0 fnt
|faint|p2a: Zapdos
|
|-weather|Sandstorm|[upkeep]
|
|switch|p2a: Conkeldurr|Conkeldurr, M|400\/400
|-damage|p2a: Conkeldurr|375\/400|[from] Stealth Rock
|turn|10
|
|switch|p1a: Keldeo|Keldeo|323\/323 par
|-damage|p1a: Keldeo|303\/323 par|[from] Stealth Rock
|move|p2a: Conkeldurr|Ice Punch|p1a: Keldeo
|-resisted|p1a: Keldeo
|-damage|p1a: Keldeo|249\/323 par
|
|-weather|none
|turn|11
|
|switch|p2a: Chansey|Chansey, F, shiny|489\/704
|-damage|p2a: Chansey|401\/704|[from] Stealth Rock
|move|p1a: Keldeo|Secret Sword|p2a: Chansey
|-supereffective|p2a: Chansey
|-damage|p2a: Chansey|0 fnt
|faint|p2a: Chansey
|
|
|switch|p2a: Diancie|Diancie|241\/241
|-damage|p2a: Diancie|211\/241|[from] Stealth Rock
|turn|12
|
|detailschange|p2a: Diancie|Diancie-Mega
|message|Diancie has Mega Evolved into Mega Diancie!
|move|p2a: Diancie|Moonblast|p1a: Keldeo
|-supereffective|p1a: Keldeo
|-damage|p1a: Keldeo|0 fnt
|faint|p1a: Keldeo
|
|
|switch|p1a: Landorus-Therian|Landorus-Therian, M|174\/327
|-damage|p1a: Landorus-Therian|134\/327|[from] Stealth Rock
|-ability|p1a: Landorus-Therian|Intimidate|[of] p2a: Diancie
|-unboost|p2a: Diancie|atk|1
|turn|13
|
|switch|p2a: Victini|Victini|355\/355
|-damage|p2a: Victini|267\/355|[from] Stealth Rock
|move|p1a: Landorus-Therian|Earthquake|p2a: Victini
|-supereffective|p2a: Victini
|-damage|p2a: Victini|0 fnt
|faint|p2a: Victini
|
|
|switch|p2a: Conkeldurr|Conkeldurr, M|375\/400
|-damage|p2a: Conkeldurr|350\/400|[from] Stealth Rock
|turn|14
|join|Mistaken
|
|switch|p1a: Tyranitar|Tyranitar, M|236\/383
|-damage|p1a: Tyranitar|189\/383|[from] Stealth Rock
|-weather|Sandstorm
|move|p2a: Conkeldurr|Ice Punch|p1a: Tyranitar
|-damage|p1a: Tyranitar|88\/383
|
|-weather|Sandstorm|[upkeep]
|-damage|p2a: Conkeldurr|325\/400|[from] sandstorm
|turn|15
|
|move|p2a: Conkeldurr|Mach Punch|p1a: Tyranitar
|-supereffective|p1a: Tyranitar
|-damage|p1a: Tyranitar|0 fnt
|faint|p1a: Tyranitar
|
|-weather|Sandstorm|[upkeep]
|-damage|p2a: Conkeldurr|300\/400|[from] sandstorm
|
|switch|p1a: Charizard|Charizard, M|297\/297
|-damage|p1a: Charizard|149\/297|[from] Stealth Rock
|turn|16
|
|switch|p2a: Greninja|Greninja, M, shiny|285\/285
|-damage|p2a: Greninja|250\/285|[from] Stealth Rock
|detailschange|p1a: Charizard|Charizard-Mega-Y, M
|message|Charizard has Mega Evolved into Mega Charizard!
|-weather|SunnyDay
|move|p1a: Charizard|Fire Blast|p2a: Greninja
|-resisted|p2a: Greninja
|-damage|p2a: Greninja|0 fnt
|faint|p2a: Greninja
|
|-weather|SunnyDay|[upkeep]
|
|switch|p2a: Diancie|Diancie-Mega|211\/241
|-damage|p2a: Diancie|181\/241|[from] Stealth Rock
|turn|17
|
|move|p2a: Diancie|Diamond Storm|p1a: Charizard
|-supereffective|p1a: Charizard
|-damage|p1a: Charizard|0 fnt
|faint|p1a: Charizard
|
|-weather|SunnyDay|[upkeep]
|
|switch|p1a: Landorus-Therian|Landorus-Therian, M|134\/327
|-damage|p1a: Landorus-Therian|94\/327|[from] Stealth Rock
|-ability|p1a: Landorus-Therian|Intimidate|[of] p2a: Diancie
|-unboost|p2a: Diancie|atk|1
|turn|18
|leave|Mistaken
|
|move|p1a: Landorus-Therian|Earthquake|p2a: Diancie
|-crit|p2a: Diancie
|-supereffective|p2a: Diancie
|-damage|p2a: Diancie|0 fnt
|faint|p2a: Diancie
|
|-weather|SunnyDay|[upkeep]
|
|switch|p2a: Conkeldurr|Conkeldurr, M|300\/400
|-damage|p2a: Conkeldurr|275\/400|[from] Stealth Rock
|turn|19
|
|move|p1a: Landorus-Therian|Earthquake|p2a: Conkeldurr
|-damage|p2a: Conkeldurr|61\/400
|move|p2a: Conkeldurr|Drain Punch|p1a: Landorus-Therian
|-crit|p1a: Landorus-Therian
|-resisted|p1a: Landorus-Therian
|-damage|p1a: Landorus-Therian|0 fnt
|-heal|p2a: Conkeldurr|108\/400|[from] drain|[of] p1a: Landorus-Therian
|faint|p1a: Landorus-Therian
|
|-weather|SunnyDay|[upkeep]
|
|switch|p1a: Kyurem-Black|Kyurem-Black|391\/391
|-damage|p1a: Kyurem-Black|294\/391|[from] Stealth Rock
|-ability|p1a: Kyurem-Black|Teravolt
|turn|20
|
|move|p2a: Conkeldurr|Mach Punch|p1a: Kyurem-Black
|-supereffective|p1a: Kyurem-Black
|-damage|p1a: Kyurem-Black|142\/391
|move|p1a: Kyurem-Black|Outrage|p2a: Conkeldurr
|-damage|p2a: Conkeldurr|0 fnt
|faint|p2a: Conkeldurr
|
|win|Reverb
|raw|Ladder updating...
|c|âReverb|gg
|c|â1800Rekt|Gg
|raw|Reverb's rating: 1731 &rarr; <strong>1741<\/strong><br \/>(+10 for winning)
|raw|1800Rekt's rating: 1549 &rarr; <strong>1539<\/strong><br \/>(-10 for losing)
|leave|squirrelll