|join|1800Rekt
|join|Hyper Meam
|player|p1|1800Rekt|270
|player|p2|Hyper Meam|210
|gametype|singles
|gen|6
|tier|OU
|rated
|clearpoke
|poke|p1|Porygon2, shiny
|poke|p1|Skarmory, F
|poke|p1|Landorus, M, shiny
|poke|p1|Victini
|poke|p1|Greninja, M, shiny
|poke|p1|Altaria, M
|poke|p2|Gardevoir, F, shiny
|poke|p2|Bisharp, F
|poke|p2|Landorus-Therian, M
|poke|p2|Magnezone
|poke|p2|Latios, M
|poke|p2|Talonflame, F
|rule|Swagger Clause: Swagger is banned
|rule|Baton Pass Clause: Limit one PokÃ©mon knowing Baton Pass
|rule|Sleep Clause Mod: Limit one foe put to sleep
|rule|Species Clause: Limit one of each PokÃ©mon
|rule|OHKO Clause: OHKO moves are banned
|rule|Moody Clause: Moody is banned
|rule|Evasion Moves Clause: Evasion moves are banned
|rule|Endless Battle Clause: Forcing endless battles is banned
|rule|HP Percentage Mod: HP is shown in percentages
|teampreview
|join|Big the Hedgehog
|c| Big the Hedgehog|tanto perdi
|leave|Big the Hedgehog
|join|BASED GOD KILLER
|join|SkNyy
|c|âHyper Meam|anche secondo me
|c|âHyper Meam|stavolta
|
|start
|switch|p1a: Skarmory|Skarmory, F|334\/334
|switch|p2a: Landorus-Therian|Landorus-Therian, M|382\/382
|-ability|p2a: Landorus-Therian|Intimidate|[of] p1a: Skarmory
|-unboost|p1a: Skarmory|atk|1
|turn|1
|c| BASED GOD KILLER|1800rekt sei Snow?
|
|switch|p2a: Magnezone|Magnezone|344\/344
|move|p1a: Skarmory|Stealth Rock|p2a: Magnezone
|-sidestart|p2: Hyper Meam|move: Stealth Rock
|
|turn|2
|c|âHyper Meam|? perche dovrebbe esse snow
|leave|SkNyy
|
|switch|p1a: Landorus|Landorus, M, shiny|345\/345
|move|p2a: Magnezone|Thunderbolt|p1a: Landorus
|-immune|p1a: Landorus|[msg]
|
|turn|3
|c|âHyper Meam|ah beh
|c| BASED GOD KILLER|Era un Elite dell'SL?
|c|âHyper Meam|ma
|c|âHyper Meam|Ã¨ in ladder
|c|âHyper Meam|questo
|c| BASED GOD KILLER|lol
|
|switch|p2a: Landorus-Therian|Landorus-Therian, M|382\/382
|-damage|p2a: Landorus-Therian|335\/382|[from] Stealth Rock
|-ability|p2a: Landorus-Therian|Intimidate|[of] p1a: Landorus
|-unboost|p1a: Landorus|atk|1
|move|p1a: Landorus|Sludge Wave|p2a: Landorus-Therian
|-resisted|p2a: Landorus-Therian
|-damage|p2a: Landorus-Therian|217\/382
|
|turn|4
|c| BASED GOD KILLER|Non era il test mi dici...
|c|âHyper Meam|non Ã¨ il test
|c|âHyper Meam|que
|c|âHyper Meam|il test lo fo
|c|âHyper Meam|contro tricking
|
|switch|p1a: Porygon2|Porygon2, shiny|374\/374
|-ability|p1a: Porygon2|Intimidate|[from] ability: Trace|[of] p2a: Landorus-Therian
|-ability|p1a: Porygon2|Intimidate|[of] p2a: Landorus-Therian
|-unboost|p2a: Landorus-Therian|atk|1
|move|p2a: Landorus-Therian|Stealth Rock|p1a: Porygon2
|-sidestart|p1: 1800Rekt|move: Stealth Rock
|
|turn|5
|
|move|p2a: Landorus-Therian|Toxic|p1a: Porygon2
|-status|p1a: Porygon2|tox
|move|p1a: Porygon2|Hidden Power|p2a: Landorus-Therian
|-damage|p2a: Landorus-Therian|162\/382
|
|-damage|p1a: Porygon2|351\/374 tox|[from] psn
|turn|6
|
|switch|p2a: Magnezone|Magnezone|344\/344
|-damage|p2a: Magnezone|323\/344|[from] Stealth Rock
|move|p1a: Porygon2|Ice Beam|p2a: Magnezone
|-resisted|p2a: Magnezone
|-damage|p2a: Magnezone|283\/344
|
|-damage|p1a: Porygon2|305\/374 tox|[from] psn
|turn|7
|
|move|p1a: Porygon2|Ice Beam|p2a: Magnezone
|-resisted|p2a: Magnezone
|-damage|p2a: Magnezone|245\/344
|move|p2a: Magnezone|Flash Cannon|p1a: Porygon2
|-damage|p1a: Porygon2|142\/374 tox
|
|-damage|p1a: Porygon2|73\/374 tox|[from] psn
|turn|8
|
|switch|p1a: Skarmory|Skarmory, F|334\/334
|-damage|p1a: Skarmory|293\/334|[from] Stealth Rock
|move|p2a: Magnezone|Flash Cannon|p1a: Skarmory
|-resisted|p1a: Skarmory
|-damage|p1a: Skarmory|130\/334
|
|turn|9
|
|move|p1a: Skarmory|Roost|p1a: Skarmory
|-heal|p1a: Skarmory|297\/334
|move|p2a: Magnezone|Flash Cannon|p1a: Skarmory
|-resisted|p1a: Skarmory
|-damage|p1a: Skarmory|151\/334
|
|turn|10
|
|move|p1a: Skarmory|Roost|p1a: Skarmory
|-heal|p1a: Skarmory|318\/334
|move|p2a: Magnezone|Flash Cannon|p1a: Skarmory
|-resisted|p1a: Skarmory
|-damage|p1a: Skarmory|174\/334
|
|turn|11
|c|âHyper Meam|e non diminuisce
|c|âHyper Meam|la difesa speciale
|c|âHyper Meam|che palle porcodio
|
|move|p1a: Skarmory|Defog|p2a: Magnezone
|-unboost|p2a: Magnezone|evasion|1
|-sideend|p2: Hyper Meam|Stealth Rock|[from] move: Defog|[of] p2a: Magnezone
|-sideend|p1: 1800Rekt|Stealth Rock|[from] move: Defog|[of] p1a: Skarmory
|move|p2a: Magnezone|Flash Cannon|p1a: Skarmory
|-resisted|p1a: Skarmory
|-damage|p1a: Skarmory|15\/334
|
|turn|12
|
|move|p1a: Skarmory|Stealth Rock|p2a: Magnezone
|-sidestart|p2: Hyper Meam|move: Stealth Rock
|move|p2a: Magnezone|Flash Cannon|p1a: Skarmory
|-resisted|p1a: Skarmory
|-damage|p1a: Skarmory|0 fnt
|faint|p1a: Skarmory
|
|
|switch|p1a: Greninja|Greninja, M, shiny|285\/285
|turn|13
|
|move|p1a: Greninja|Low Kick|p2a: Magnezone
|-start|p1a: Greninja|typechange|Fighting|[from] Protean
|-supereffective|p2a: Magnezone
|-damage|p2a: Magnezone|0 fnt
|-damage|p1a: Greninja|257\/285|[from] item: Life Orb
|faint|p2a: Magnezone
|
|c|âHyper Meam|lol
|
|switch|p2a: Talonflame|Talonflame, F|317\/317
|-damage|p2a: Talonflame|159\/317|[from] Stealth Rock
|turn|14
|
|switch|p1a: Porygon2|Porygon2, shiny|73\/374 tox
|-ability|p1a: Porygon2|Gale Wings|[from] ability: Trace|[of] p2a: Talonflame
|move|p2a: Talonflame|Brave Bird|p1a: Porygon2
|-crit|p1a: Porygon2
|-damage|p1a: Porygon2|0 fnt
|-damage|p2a: Talonflame|135\/317|[from] recoil|[of] p1a: Porygon2
|faint|p1a: Porygon2
|
|
|switch|p1a: Altaria|Altaria, M|354\/354
|turn|15
|
|detailschange|p1a: Altaria|Altaria-Mega, M
|message|Altaria has Mega Evolved into Mega Altaria!
|move|p2a: Talonflame|Brave Bird|p1a: Altaria
|-crit|p1a: Altaria
|-damage|p1a: Altaria|96\/354
|-damage|p2a: Talonflame|50\/317|[from] recoil|[of] p1a: Altaria
|move|p1a: Altaria|Dragon Dance|p1a: Altaria
|-boost|p1a: Altaria|atk|1
|-boost|p1a: Altaria|spe|1
|
|turn|16
|c|âHyper Meam|yup
|
|move|p2a: Talonflame|Brave Bird|p1a: Altaria
|-damage|p1a: Altaria|0 fnt
|-damage|p2a: Talonflame|18\/317|[from] recoil|[of] p1a: Altaria
|faint|p1a: Altaria
|
|c|âHyper Meam|finally crits for me
|
|switch|p1a: Victini|Victini|355\/355
|turn|17
|
|move|p2a: Talonflame|Brave Bird|p1a: Victini
|-crit|p1a: Victini
|-damage|p1a: Victini|0 fnt
|-damage|p2a: Talonflame|0 fnt|[from] recoil|[of] p1a: Victini
|faint|p1a: Victini
|faint|p2a: Talonflame
|
|c|âHyper Meam|meh
|c|âHyper Meam|sorry
|
|switch|p1a: Greninja|Greninja, M, shiny|257\/285
|switch|p2a: Bisharp|Bisharp, F|272\/272
|-damage|p2a: Bisharp|255\/272|[from] Stealth Rock
|turn|18
|
|move|p2a: Bisharp|Sucker Punch|p1a: Greninja
|-resisted|p1a: Greninja
|-damage|p1a: Greninja|118\/285
|-damage|p2a: Bisharp|228\/272|[from] item: Life Orb
|move|p1a: Greninja|Low Kick|p2a: Bisharp
|-start|p1a: Greninja|typechange|Fighting|[from] Protean
|-supereffective|p2a: Bisharp
|-damage|p2a: Bisharp|0 fnt
|-damage|p1a: Greninja|90\/285|[from] item: Life Orb
|faint|p2a: Bisharp
|
|
|switch|p2a: Landorus-Therian|Landorus-Therian, M|162\/382
|-damage|p2a: Landorus-Therian|115\/382|[from] Stealth Rock
|-ability|p2a: Landorus-Therian|Intimidate|[of] p1a: Greninja
|-unboost|p1a: Greninja|atk|1
|turn|19
|
|move|p1a: Greninja|Ice Beam|p2a: Landorus-Therian
|-start|p1a: Greninja|typechange|Ice|[from] Protean
|-supereffective|p2a: Landorus-Therian
|-damage|p2a: Landorus-Therian|0 fnt
|-damage|p1a: Greninja|62\/285|[from] item: Life Orb
|faint|p2a: Landorus-Therian
|
|
|switch|p2a: Gardevoir|Gardevoir, F, shiny|277\/277
|-damage|p2a: Gardevoir|243\/277|[from] Stealth Rock
|-ability|p2a: Gardevoir|Protean|[from] ability: Trace|[of] p1a: Greninja
|turn|20
|
|detailschange|p2a: Gardevoir|Gardevoir-Mega, F, shiny
|message|Gardevoir has Mega Evolved into Mega Gardevoir!
|move|p1a: Greninja|Gunk Shot|p2a: Gardevoir
|-start|p1a: Greninja|typechange|Poison|[from] Protean
|-supereffective|p2a: Gardevoir
|-damage|p2a: Gardevoir|0 fnt
|-damage|p1a: Greninja|34\/285|[from] item: Life Orb
|faint|p2a: Gardevoir
|
|c|âHyper Meam|che set di merda
|c|âHyper Meam|porcodio
|
|switch|p2a: Latios|Latios, M|301\/301
|-damage|p2a: Latios|264\/301|[from] Stealth Rock
|turn|21
|
|move|p1a: Greninja|Ice Beam|p2a: Latios
|-start|p1a: Greninja|typechange|Ice|[from] Protean
|-supereffective|p2a: Latios
|-damage|p2a: Latios|0 fnt
|-damage|p1a: Greninja|6\/285|[from] item: Life Orb
|faint|p2a: Latios
|
|win|1800Rekt
|raw|Ladder updating...
|raw|1800Rekt's rating: 1471 &rarr; <strong>1487<\/strong><br \/>(+16 for winning)
|raw|Hyper Meam's rating: 1408 &rarr; <strong>1392<\/strong><br \/>(-16 for losing)
|leave|Hyper Meam
|player|p2
|c|â1800Rekt|Lol