|join|goodnewsbears
|join|1800Rekt
|player|p1|goodnewsbears|1
|player|p2|1800Rekt|270
|gametype|singles
|gen|6
|tier|OU
|rated
|clearpoke
|poke|p1|Medicham, F
|poke|p1|Heatran, M
|poke|p1|Ferrothorn, M
|poke|p1|Landorus-Therian, M
|poke|p1|Keldeo
|poke|p1|Latios, M
|poke|p2|Victini
|poke|p2|Diancie
|poke|p2|Rotom-Wash, shiny
|poke|p2|Keldeo-Resolute, shiny
|poke|p2|Latios, M
|poke|p2|Empoleon, M, shiny
|rule|Swagger Clause: Swagger is banned
|rule|Baton Pass Clause: Limit one PokÃ©mon knowing Baton Pass
|rule|Sleep Clause Mod: Limit one foe put to sleep
|rule|Species Clause: Limit one of each PokÃ©mon
|rule|OHKO Clause: OHKO moves are banned
|rule|Moody Clause: Moody is banned
|rule|Evasion Moves Clause: Evasion moves are banned
|rule|Endless Battle Clause: Forcing endless battles is banned
|rule|HP Percentage Mod: HP is shown in percentages
|teampreview
|
|start
|switch|p1a: Landorus-Therian|Landorus-Therian, M|319\/319
|switch|p2a: Latios|Latios, M|302\/302
|-ability|p1a: Landorus-Therian|Intimidate|[of] p2a: Latios
|-unboost|p2a: Latios|atk|1
|turn|1
|
|move|p2a: Latios|Ice Beam|p1a: Landorus-Therian
|-supereffective|p1a: Landorus-Therian
|-damage|p1a: Landorus-Therian|0 fnt
|faint|p1a: Landorus-Therian
|
|
|switch|p1a: Medicham|Medicham, F|261\/261
|turn|2
|
|switch|p2a: Diancie|Diancie|244\/244
|detailschange|p1a: Medicham|Medicham-Mega, F
|-mega|p1a: Medicham|Medicham|Medichamite
|move|p1a: Medicham|Drain Punch|p2a: Diancie
|-crit|p2a: Diancie
|-damage|p2a: Diancie|0 fnt
|faint|p2a: Diancie
|
|
|switch|p2a: Keldeo-Resolute|Keldeo-Resolute, shiny|324\/324
|turn|3
|
|switch|p1a: Ferrothorn|Ferrothorn, M|341\/341
|move|p2a: Keldeo-Resolute|Scald|p1a: Ferrothorn
|-resisted|p1a: Ferrothorn
|-damage|p1a: Ferrothorn|282\/341
|-status|p1a: Ferrothorn|brn
|
|-heal|p1a: Ferrothorn|303\/341 brn|[from] item: Leftovers
|-damage|p1a: Ferrothorn|261\/341 brn|[from] brn
|turn|4
|
|move|p2a: Keldeo-Resolute|Secret Sword|p1a: Ferrothorn
|-supereffective|p1a: Ferrothorn
|-damage|p1a: Ferrothorn|38\/341 brn
|move|p1a: Ferrothorn|Stealth Rock|p2a: Keldeo-Resolute
|-sidestart|p2: 1800Rekt|move: Stealth Rock
|
|-heal|p1a: Ferrothorn|59\/341 brn|[from] item: Leftovers
|-damage|p1a: Ferrothorn|17\/341 brn|[from] brn
|turn|5
|
|move|p2a: Keldeo-Resolute|Icy Wind|p1a: Ferrothorn
|-damage|p1a: Ferrothorn|0 fnt
|faint|p1a: Ferrothorn
|
|
|switch|p1a: Latios|Latios, M|301\/301
|turn|6
|
|switch|p2a: Empoleon|Empoleon, M, shiny|372\/372
|-damage|p2a: Empoleon|349\/372|[from] Stealth Rock
|move|p1a: Latios|Psyshock|p2a: Empoleon
|-crit|p2a: Empoleon
|-resisted|p2a: Empoleon
|-damage|p2a: Empoleon|220\/372
|-damage|p1a: Latios|271\/301|[from] item: Life Orb
|
|-heal|p2a: Empoleon|243\/372|[from] item: Leftovers
|turn|7
|
|move|p1a: Latios|Earthquake|p2a: Empoleon
|-supereffective|p2a: Empoleon
|-damage|p2a: Empoleon|58\/372
|-damage|p1a: Latios|241\/301|[from] item: Life Orb
|move|p2a: Empoleon|Scald|p1a: Latios
|-resisted|p1a: Latios
|-damage|p1a: Latios|175\/301
|
|-heal|p2a: Empoleon|81\/372|[from] item: Leftovers
|turn|8
|
|switch|p2a: Rotom-Wash|Rotom-Wash, shiny|304\/304
|-damage|p2a: Rotom-Wash|266\/304|[from] Stealth Rock
|move|p1a: Latios|Draco Meteor|p2a: Rotom-Wash
|-damage|p2a: Rotom-Wash|0 fnt
|-unboost|p1a: Latios|spa|2
|-damage|p1a: Latios|145\/301|[from] item: Life Orb
|faint|p2a: Rotom-Wash
|
|
|switch|p2a: Victini|Victini|355\/355
|-damage|p2a: Victini|267\/355|[from] Stealth Rock
|turn|9
|
|switch|p1a: Heatran|Heatran, M|330\/330
|move|p2a: Victini|Bolt Strike|p1a: Heatran
|-damage|p1a: Heatran|155\/330
|
|-heal|p1a: Heatran|175\/330|[from] item: Leftovers
|turn|10
|
|move|p1a: Heatran|Protect|p1a: Heatran
|-singleturn|p1a: Heatran|Protect
|move|p2a: Victini|Bolt Strike|p1a: Heatran
|-activate|p1a: Heatran|Protect
|
|-heal|p1a: Heatran|195\/330|[from] item: Leftovers
|turn|11
|
|move|p2a: Victini|Bolt Strike|p1a: Heatran
|-damage|p1a: Heatran|16\/330
|move|p1a: Heatran|Toxic|p2a: Victini|[miss]
|-miss|p1a: Heatran|p2a: Victini
|
|-heal|p1a: Heatran|36\/330|[from] item: Leftovers
|turn|12
|
|move|p2a: Victini|Bolt Strike|p1a: Heatran
|-damage|p1a: Heatran|0 fnt
|faint|p1a: Heatran
|
|
|switch|p1a: Latios|Latios, M|145\/301
|turn|13
|
|move|p1a: Latios|Draco Meteor|p2a: Victini|[miss]
|-miss|p1a: Latios|p2a: Victini
|move|p2a: Victini|Bolt Strike|p1a: Latios
|-resisted|p1a: Latios
|-damage|p1a: Latios|12\/301
|
|turn|14
|
|switch|p2a: Empoleon|Empoleon, M, shiny|81\/372
|-damage|p2a: Empoleon|58\/372|[from] Stealth Rock
|move|p1a: Latios|Draco Meteor|p2a: Empoleon
|-resisted|p2a: Empoleon
|-damage|p2a: Empoleon|0 fnt
|-unboost|p1a: Latios|spa|2
|-damage|p1a: Latios|0 fnt|[from] item: Life Orb
|faint|p2a: Empoleon
|faint|p1a: Latios
|
|
|switch|p1a: Keldeo|Keldeo|323\/323
|switch|p2a: Keldeo-Resolute|Keldeo-Resolute, shiny|324\/324
|-damage|p2a: Keldeo-Resolute|304\/324|[from] Stealth Rock
|turn|15
|
|move|p2a: Keldeo-Resolute|Secret Sword|p1a: Keldeo
|-damage|p1a: Keldeo|161\/323
|move|p1a: Keldeo|Calm Mind|p1a: Keldeo
|-boost|p1a: Keldeo|spa|1
|-boost|p1a: Keldeo|spd|1
|
|-heal|p1a: Keldeo|181\/323|[from] item: Leftovers
|turn|16
|
|move|p1a: Keldeo|Hidden Power|p2a: Keldeo-Resolute
|-supereffective|p2a: Keldeo-Resolute
|-damage|p2a: Keldeo-Resolute|76\/324
|move|p2a: Keldeo-Resolute|Secret Sword|p1a: Keldeo
|-damage|p1a: Keldeo|6\/323
|
|-heal|p1a: Keldeo|26\/323|[from] item: Leftovers
|turn|17
|
|move|p1a: Keldeo|Hidden Power|p2a: Keldeo-Resolute
|-supereffective|p2a: Keldeo-Resolute
|-damage|p2a: Keldeo-Resolute|0 fnt
|faint|p2a: Keldeo-Resolute
|
|-heal|p1a: Keldeo|46\/323|[from] item: Leftovers
|
|switch|p2a: Latios|Latios, M|302\/302
|-damage|p2a: Latios|265\/302|[from] Stealth Rock
|turn|18
|
|move|p2a: Latios|Psyshock|p1a: Keldeo
|-supereffective|p1a: Keldeo
|-damage|p1a: Keldeo|0 fnt
|faint|p1a: Keldeo
|
|
|switch|p1a: Medicham|Medicham-Mega, F|261\/261
|turn|19
|
|switch|p2a: Victini|Victini|267\/355
|-damage|p2a: Victini|179\/355|[from] Stealth Rock
|move|p1a: Medicham|Drain Punch|p2a: Victini
|-resisted|p2a: Victini
|-damage|p2a: Victini|60\/355
|
|turn|20
|
|move|p1a: Medicham|Drain Punch|p2a: Victini
|-resisted|p2a: Victini
|-damage|p2a: Victini|0 fnt
|faint|p2a: Victini
|
|
|switch|p2a: Latios|Latios, M|265\/302
|-damage|p2a: Latios|228\/302|[from] Stealth Rock
|turn|21
|
|move|p2a: Latios|Draco Meteor|p1a: Medicham
|-damage|p1a: Medicham|9\/261
|-unboost|p2a: Latios|spa|2
|move|p1a: Medicham|Drain Punch|p2a: Latios
|-resisted|p2a: Latios
|-damage|p2a: Latios|99\/302
|-heal|p1a: Medicham|74\/261|[from] drain|[of] p2a: Latios
|
|turn|22
|
|move|p1a: Medicham|Bullet Punch|p2a: Latios
|-damage|p2a: Latios|0 fnt
|faint|p2a: Latios
|
|win|goodnewsbears
|raw|Ladder updating...
|join|ImGonnaWinThis
|raw|goodnewsbears's rating: 1601 &rarr; <strong>1623<\/strong><br \/>(+22 for winning)
|raw|1800Rekt's rating: 1632 &rarr; <strong>1610<\/strong><br \/>(-22 for losing)