|join|lil manaphy
|join|1800Rekt
|player|p1|lil manaphy|272
|player|p2|1800Rekt|270
|gametype|singles
|gen|6
|tier|OU
|rated
|clearpoke
|poke|p1|Lopunny, F
|poke|p1|Manaphy
|poke|p1|Scizor, F
|poke|p1|Celebi
|poke|p1|Heatran, F
|poke|p1|Mandibuzz, F
|poke|p2|Serperior, M, shiny
|poke|p2|Dugtrio, F, shiny
|poke|p2|Jirachi
|poke|p2|Altaria, F, shiny
|poke|p2|Zapdos
|poke|p2|Tornadus-Therian, M, shiny
|rule|Swagger Clause: Swagger is banned
|rule|Baton Pass Clause: Limit one PokÃ©mon knowing Baton Pass
|rule|Sleep Clause Mod: Limit one foe put to sleep
|rule|Species Clause: Limit one of each PokÃ©mon
|rule|OHKO Clause: OHKO moves are banned
|rule|Moody Clause: Moody is banned
|rule|Evasion Moves Clause: Evasion moves are banned
|rule|Endless Battle Clause: Forcing endless battles is banned
|rule|HP Percentage Mod: HP is shown in percentages
|teampreview
|
|start
|switch|p1a: Couture|Lopunny, F|271\/271
|switch|p2a: Zapdos|Zapdos|384\/384
|-ability|p2a: Zapdos|Pressure
|turn|1
|
|detailschange|p1a: Couture|Lopunny-Mega, F
|-mega|p1a: Couture|Lopunny|Lopunnite
|move|p1a: Couture|Fake Out|p2a: Zapdos
|-damage|p2a: Zapdos|317\/384
|cant|p2a: Zapdos|flinch
|
|-heal|p2a: Zapdos|341\/384|[from] item: Leftovers
|turn|2
|
|switch|p1a: just my onion|Celebi|404\/404
|move|p2a: Zapdos|Volt Switch|p1a: just my onion
|-resisted|p1a: just my onion
|-damage|p1a: just my onion|368\/404
|
|switch|p2a: Tornadus-Therian|Tornadus-Therian, M, shiny|327\/327
|
|-heal|p1a: just my onion|393\/404|[from] item: Leftovers
|turn|3
|
|switch|p1a: business|Scizor, F|343\/343
|move|p2a: Tornadus-Therian|U-turn|p1a: business
|-resisted|p1a: business
|-damage|p1a: business|315\/343
|
|switch|p2a: Zapdos|Zapdos|341\/384
|-ability|p2a: Zapdos|Pressure
|
|-heal|p2a: Zapdos|365\/384|[from] item: Leftovers
|turn|4
|join|Aka DH
|
|switch|p1a: just my onion|Celebi|393\/404
|move|p2a: Zapdos|Volt Switch|p1a: just my onion
|-resisted|p1a: just my onion
|-damage|p1a: just my onion|355\/404
|
|switch|p2a: Tornadus-Therian|Tornadus-Therian, M, shiny|327\/327
|
|-heal|p1a: just my onion|380\/404|[from] item: Leftovers
|turn|5
|
|switch|p1a: im walling everyth|Mandibuzz, F|423\/423
|move|p2a: Tornadus-Therian|Knock Off|p1a: im walling everyth
|-resisted|p1a: im walling everyth
|-damage|p1a: im walling everyth|398\/423
|-damage|p2a: Tornadus-Therian|273\/327|[from] item: Rocky Helmet|[of] p1a: im walling everyth
|-enditem|p1a: im walling everyth|Rocky Helmet|[from] move: Knock Off|[of] p2a: Tornadus-Therian
|
|turn|6
|
|move|p2a: Tornadus-Therian|U-turn|p1a: im walling everyth
|-damage|p1a: im walling everyth|357\/423
|join|UrsaReign
|
|switch|p2a: Zapdos|Zapdos|365\/384
|-ability|p2a: Zapdos|Pressure
|move|p1a: im walling everyth|Foul Play|p2a: Zapdos
|-damage|p2a: Zapdos|290\/384
|
|-heal|p2a: Zapdos|314\/384|[from] item: Leftovers
|turn|7
|
|switch|p1a: just my onion|Celebi|380\/404
|move|p2a: Zapdos|Volt Switch|p1a: just my onion
|-resisted|p1a: just my onion
|-damage|p1a: just my onion|338\/404
|c| UrsaReign|manaphy will lose this 1
|
|switch|p2a: Tornadus-Therian|Tornadus-Therian, M, shiny|327\/327
|
|-heal|p1a: just my onion|363\/404|[from] item: Leftovers
|turn|8
|c| Aka DH|manaphy can't lose
|
|switch|p1a: im walling everyth|Mandibuzz, F|357\/423
|move|p2a: Tornadus-Therian|Hurricane|p1a: im walling everyth
|-damage|p1a: im walling everyth|200\/423
|
|turn|9
|c| Aka DH|she's the best
|c| UrsaReign|she will
|c| UrsaReign|i bet a dollar
|
|move|p2a: Tornadus-Therian|U-turn|p1a: im walling everyth
|-damage|p1a: im walling everyth|159\/423
|
|switch|p2a: Zapdos|Zapdos|314\/384
|-ability|p2a: Zapdos|Pressure
|move|p1a: im walling everyth|Roost|p1a: im walling everyth
|-heal|p1a: im walling everyth|371\/423
|
|-heal|p2a: Zapdos|338\/384|[from] item: Leftovers
|turn|10
|
|move|p2a: Zapdos|Volt Switch|p1a: im walling everyth
|-supereffective|p1a: im walling everyth
|-damage|p1a: im walling everyth|159\/423
|
|switch|p2a: Altaria|Altaria, F, shiny|354\/354
|move|p1a: im walling everyth|Roost|p1a: im walling everyth
|-heal|p1a: im walling everyth|371\/423
|
|turn|11
|
|switch|p1a: business|Scizor, F|315\/343
|detailschange|p2a: Altaria|Altaria-Mega, F, shiny
|-mega|p2a: Altaria|Altaria|Altarianite
|move|p2a: Altaria|Frustration|p1a: business
|-resisted|p1a: business
|-damage|p1a: business|235\/343
|
|turn|12
|
|switch|p2a: Zapdos|Zapdos|338\/384
|-ability|p2a: Zapdos|Pressure
|move|p1a: business|U-turn|p2a: Zapdos
|-resisted|p2a: Zapdos
|-damage|p2a: Zapdos|247\/384
|
|switch|p1a: Couture|Lopunny-Mega, F|271\/271
|
|-heal|p2a: Zapdos|271\/384|[from] item: Leftovers
|turn|13
|c|â1800Rekt|Fuck 1% ipad
|join|jake5
|c|â1800Rekt|not charging probably
|
|switch|p2a: Jirachi|Jirachi|404\/404
|move|p1a: Couture|Fake Out|p2a: Jirachi
|-resisted|p2a: Jirachi
|-damage|p2a: Jirachi|369\/404
|
|-heal|p2a: Jirachi|394\/404|[from] item: Leftovers
|turn|14
|c| UrsaReign|ipad sucks
|c| UrsaReign|fk apple products imo
|
|move|p1a: Couture|Power-Up Punch|p2a: Jirachi
|-damage|p2a: Jirachi|313\/404
|-boost|p1a: Couture|atk|1
|move|p2a: Jirachi|Body Slam|p1a: Couture
|-damage|p1a: Couture|195\/271
|-status|p1a: Couture|par
|
|-heal|p2a: Jirachi|338\/404|[from] item: Leftovers
|turn|15
|c| UrsaReign|gg
|c|âlil manaphy|dang
|c|â1800Rekt|Stall out ipad
|
|switch|p1a: bean curd puff|Heatran, F|386\/386
|move|p2a: Jirachi|Iron Head|p1a: bean curd puff
|-resisted|p1a: bean curd puff
|-damage|p1a: bean curd puff|363\/386
|
|-heal|p2a: Jirachi|363\/404|[from] item: Leftovers
|-heal|p1a: bean curd puff|386\/386|[from] item: Leftovers
|turn|16
|
|move|p2a: Jirachi|U-turn|p1a: bean curd puff
|-resisted|p1a: bean curd puff
|-damage|p1a: bean curd puff|374\/386
|
|switch|p2a: Dugtrio|Dugtrio, F, shiny|211\/211
|move|p1a: bean curd puff|Lava Plume|p2a: Dugtrio
|-damage|p2a: Dugtrio|43\/211
|-status|p2a: Dugtrio|brn
|
|-heal|p1a: bean curd puff|386\/386|[from] item: Leftovers
|-damage|p2a: Dugtrio|17\/211 brn|[from] brn
|turn|17
|c| UrsaReign|psshhh
|c| UrsaReign|hax evened
|
|move|p2a: Dugtrio|Earthquake|p1a: bean curd puff
|-crit|p1a: bean curd puff
|-supereffective|p1a: bean curd puff
|-damage|p1a: bean curd puff|26\/386
|move|p1a: bean curd puff|Stealth Rock|p2a: Dugtrio
|-sidestart|p2: 1800Rekt|move: Stealth Rock
|
|-heal|p1a: bean curd puff|50\/386|[from] item: Leftovers
|-damage|p2a: Dugtrio|0 fnt|[from] brn
|faint|p2a: Dugtrio
|
|switch|p2a: Tornadus-Therian|Tornadus-Therian, M, shiny|327\/327
|-damage|p2a: Tornadus-Therian|246\/327|[from] Stealth Rock
|turn|18
|
|move|p2a: Tornadus-Therian|Knock Off|p1a: bean curd puff
|-damage|p1a: bean curd puff|0 fnt
|-enditem|p1a: bean curd puff|Leftovers|[from] move: Knock Off|[of] p2a: Tornadus-Therian
|faint|p1a: bean curd puff
|
|
|switch|p1a: business|Scizor, F|235\/343
|turn|19
|
|move|p2a: Tornadus-Therian|Heat Wave|p1a: business
|-supereffective|p1a: business
|-damage|p1a: business|0 fnt
|faint|p1a: business
|
|
|switch|p1a: still bigger than|Manaphy|341\/341
|turn|20
|
|move|p2a: Tornadus-Therian|Knock Off|p1a: still bigger than
|-damage|p1a: still bigger than|265\/341
|-enditem|p1a: still bigger than|Leftovers|[from] move: Knock Off|[of] p2a: Tornadus-Therian
|move|p1a: still bigger than|Scald|p2a: Tornadus-Therian
|-damage|p2a: Tornadus-Therian|147\/327
|
|turn|21
|
|move|p2a: Tornadus-Therian|U-turn|p1a: still bigger than
|-damage|p1a: still bigger than|214\/341
|
|switch|p2a: Zapdos|Zapdos|271\/384
|-damage|p2a: Zapdos|175\/384|[from] Stealth Rock
|-ability|p2a: Zapdos|Pressure
|move|p1a: still bigger than|Scald|p2a: Zapdos
|-damage|p2a: Zapdos|24\/384
|
|-heal|p2a: Zapdos|48\/384|[from] item: Leftovers
|turn|22
|
|move|p1a: still bigger than|Scald|p2a: Zapdos
|-damage|p2a: Zapdos|0 fnt
|faint|p2a: Zapdos
|
|
|switch|p2a: Serperior|Serperior, M, shiny|291\/291
|-damage|p2a: Serperior|255\/291|[from] Stealth Rock
|turn|23
|
|switch|p1a: just my onion|Celebi|363\/404
|move|p2a: Serperior|Leaf Storm|p1a: just my onion
|-resisted|p1a: just my onion
|-damage|p1a: just my onion|284\/404
|-boost|p2a: Serperior|spa|2
|-damage|p2a: Serperior|226\/291|[from] item: Life Orb
|
|-heal|p1a: just my onion|309\/404|[from] item: Leftovers
|turn|24
|
|move|p2a: Serperior|Taunt|p1a: just my onion
|-start|p1a: just my onion|move: Taunt
|cant|p1a: just my onion|move: Taunt|Baton Pass
|
|-heal|p1a: just my onion|334\/404|[from] item: Leftovers
|turn|25
|c| UrsaReign|i think i said she'd lose aka dh
|
|move|p2a: Serperior|Leaf Storm|p1a: just my onion
|-resisted|p1a: just my onion
|-damage|p1a: just my onion|168\/404
|-boost|p2a: Serperior|spa|2
|-damage|p2a: Serperior|197\/291|[from] item: Life Orb
|move|p1a: just my onion|Giga Drain|p2a: Serperior
|-resisted|p2a: Serperior
|-damage|p2a: Serperior|153\/291
|-heal|p1a: just my onion|190\/404|[from] drain|[of] p2a: Serperior
|
|-heal|p1a: just my onion|215\/404|[from] item: Leftovers
|turn|26
|
|move|p2a: Serperior|Giga Drain|p1a: just my onion
|-crit|p1a: just my onion
|-resisted|p1a: just my onion
|-damage|p1a: just my onion|8\/404
|-heal|p2a: Serperior|257\/291|[from] drain|[of] p1a: just my onion
|-damage|p2a: Serperior|228\/291|[from] item: Life Orb
|move|p1a: just my onion|Giga Drain|p2a: Serperior
|-resisted|p2a: Serperior
|-damage|p2a: Serperior|182\/291
|-heal|p1a: just my onion|31\/404|[from] drain|[of] p2a: Serperior
|
|-heal|p1a: just my onion|56\/404|[from] item: Leftovers
|-end|p1a: just my onion|move: Taunt
|turn|27
|
|move|p2a: Serperior|Leaf Storm|p1a: just my onion
|-resisted|p1a: just my onion
|-damage|p1a: just my onion|0 fnt
|-boost|p2a: Serperior|spa|2
|-damage|p2a: Serperior|153\/291|[from] item: Life Orb
|faint|p1a: just my onion
|
|
|switch|p1a: Couture|Lopunny-Mega, F|195\/271 par
|turn|28
|
|move|p1a: Couture|Fake Out|p2a: Serperior
|-damage|p2a: Serperior|69\/291
|cant|p2a: Serperior|flinch
|
|turn|29
|
|switch|p1a: im walling everyth|Mandibuzz, F|371\/423
|move|p2a: Serperior|Giga Drain|p1a: im walling everyth
|-resisted|p1a: im walling everyth
|-damage|p1a: im walling everyth|110\/423
|-heal|p2a: Serperior|200\/291|[from] drain|[of] p1a: im walling everyth
|-damage|p2a: Serperior|171\/291|[from] item: Life Orb
|
|turn|30
|c| Aka DH|gg lil
|join|Aaron Pinkman
|join|regular joe
|c| Aka DH|lil manaphy: why are you so ugly hearted and rude (:
|c|âlil manaphy|thats me
|c|â1800Rekt|Please hurry this iPad might not last
|c| Aka DH|lil manaphy: i mean to be fair you're probably outwardly ugly too but, thats not an excuse
|c| regular joe|shup up hoe
|c|âlil manaphy|im trying lol im getting like, 10 se elay
|c|âlil manaphy|delay*
|
|move|p2a: Serperior|Giga Drain|p1a: im walling everyth
|-resisted|p1a: im walling everyth
|-damage|p1a: im walling everyth|0 fnt
|-heal|p2a: Serperior|226\/291|[from] drain|[of] p1a: im walling everyth
|-damage|p2a: Serperior|197\/291|[from] item: Life Orb
|faint|p1a: im walling everyth
|
|leave|1800Rekt
|player|p2
|c| regular joe|rofl
|join|mkangg
|c| Aka DH|pathetic win manaphy
|-message|1800rekt lost due to inactivity.
|
|win|lil manaphy
|raw|Ladder updating...
|c|âlil manaphy|ill surr
|c| UrsaReign|pssssh
|raw|lil manaphy's rating: 1828 &rarr; <strong>1840<\/strong><br \/>(+12 for winning)
|raw|1800Rekt's rating: 1684 &rarr; <strong>1671<\/strong><br \/>(-13 for losing)
|c|âlil manaphy|next time for ya
|c|âlil manaphy|rekt
|leave|Aaron Pinkman
|c| Aka DH|you lost the dolar ursa
|leave|lil manaphy
|player|p1
|c| UrsaReign|nahhh
|leave|Aka DH
|leave|UrsaReign
|leave|jake5
|join|1800Rekt