|join|1800Rekt
|join|ReimannZ
|player|p1|1800Rekt|270
|player|p2|ReimannZ|102
|gametype|singles
|gen|6
|tier|OU
|rated
|clearpoke
|poke|p1|Victini
|poke|p1|Diancie
|poke|p1|Rotom-Wash, shiny
|poke|p1|Keldeo-Resolute, shiny
|poke|p1|Latios, M
|poke|p1|Empoleon, F, shiny
|poke|p2|Heatran, F
|poke|p2|Alomomola, M
|poke|p2|Sableye, M
|poke|p2|Gourgeist-*, F
|poke|p2|Quagsire, M
|poke|p2|Clefable, M
|rule|Swagger Clause: Swagger is banned
|rule|Baton Pass Clause: Limit one PokÃ©mon knowing Baton Pass
|rule|Sleep Clause Mod: Limit one foe put to sleep
|rule|Species Clause: Limit one of each PokÃ©mon
|rule|OHKO Clause: OHKO moves are banned
|rule|Moody Clause: Moody is banned
|rule|Evasion Moves Clause: Evasion moves are banned
|rule|Endless Battle Clause: Forcing endless battles is banned
|rule|HP Percentage Mod: HP is shown in percentages
|teampreview
|
|start
|switch|p1a: Diancie|Diancie|244\/244
|switch|p2a: Heatran|Heatran, F|385\/385
|turn|1
|
|detailschange|p1a: Diancie|Diancie-Mega
|-mega|p1a: Diancie|Diancie|Diancite
|move|p1a: Diancie|Earth Power|p2a: Heatran
|-supereffective|p2a: Heatran
|-damage|p2a: Heatran|49\/385
|move|p2a: Heatran|Lava Plume|p1a: Diancie
|-resisted|p1a: Diancie
|-damage|p1a: Diancie|186\/244
|
|-heal|p2a: Heatran|73\/385|[from] item: Leftovers
|turn|2
|
|move|p2a: Heatran|Protect|p2a: Heatran
|-singleturn|p2a: Heatran|Protect
|move|p1a: Diancie|Ancient Power|p2a: Heatran
|-activate|p2a: Heatran|Protect
|
|-heal|p2a: Heatran|97\/385|[from] item: Leftovers
|turn|3
|
|switch|p2a: Gourgeist-Super|Gourgeist-Super, F|374\/374
|-item|p1a: Diancie|Diancite|[from] ability: Frisk|[of] p2a: Gourgeist-Super|[identify]
|move|p1a: Diancie|Earth Power|p2a: Gourgeist-Super
|-resisted|p2a: Gourgeist-Super
|-damage|p2a: Gourgeist-Super|325\/374
|
|turn|4
|
|move|p1a: Diancie|Moonblast|p2a: Gourgeist-Super
|-damage|p2a: Gourgeist-Super|159\/374
|move|p2a: Gourgeist-Super|Seed Bomb|p1a: Diancie
|-supereffective|p1a: Diancie
|-damage|p1a: Diancie|6\/244
|
|turn|5
|
|switch|p2a: Heatran|Heatran, F|97\/385
|move|p1a: Diancie|Moonblast|p2a: Heatran
|-crit|p2a: Heatran
|-resisted|p2a: Heatran
|-damage|p2a: Heatran|42\/385
|
|-heal|p2a: Heatran|66\/385|[from] item: Leftovers
|turn|6
|
|move|p1a: Diancie|Ancient Power|p2a: Heatran
|-damage|p2a: Heatran|0 fnt
|faint|p2a: Heatran
|
|
|switch|p2a: Clefable|Clefable, M|394\/394
|turn|7
|
|switch|p1a: Victini|Victini|355\/355
|move|p2a: Clefable|Moonblast|p1a: Victini
|-resisted|p1a: Victini
|-damage|p1a: Victini|299\/355
|
|turn|8
|
|switch|p2a: Quagsire|Quagsire, M|394\/394
|move|p1a: Victini|Energy Ball|p2a: Quagsire
|-supereffective|p2a: Quagsire
|-damage|p2a: Quagsire|0 fnt
|faint|p2a: Quagsire
|
|-message|ReimannZ forfeited.
|
|win|1800Rekt
|raw|Ladder updating...
|leave|ReimannZ
|player|p2
|raw|1800Rekt's rating: 1651 &rarr; <strong>1662<\/strong><br \/>(+11 for winning)
|raw|ReimannZ's rating: 1481 &rarr; <strong>1470<\/strong><br \/>(-11 for losing)