|join|1800rekt
|join|trythroughwalls
|player|p1|1800rekt|270
|player|p2|trythroughwalls|169
|gametype|singles
|gen|6
|tier|OU
|rated
|clearpoke
|poke|p1|Heatran, F, shiny
|poke|p1|Serperior, F, shiny
|poke|p1|Altaria, M, shiny
|poke|p1|Zapdos
|poke|p1|Tornadus-Therian, M, shiny
|poke|p1|Rotom-Wash, shiny
|poke|p2|Starmie
|poke|p2|Quagsire, F
|poke|p2|Amoonguss, M
|poke|p2|Skarmory, M
|poke|p2|Sableye, M
|poke|p2|Chansey, F
|rule|Swagger Clause: Swagger is banned
|rule|Baton Pass Clause: Limit one PokÃ©mon knowing Baton Pass
|rule|Sleep Clause Mod: Limit one foe put to sleep
|rule|Species Clause: Limit one of each PokÃ©mon
|rule|OHKO Clause: OHKO moves are banned
|rule|Moody Clause: Moody is banned
|rule|Evasion Moves Clause: Evasion moves are banned
|rule|Endless Battle Clause: Forcing endless battles is banned
|rule|HP Percentage Mod: HP is shown in percentages
|teampreview
|
|start
|switch|p1a: Heatran|Heatran, F, shiny|386\/386
|switch|p2a: Sableye|Sableye, M|304\/304
|turn|1
|
|detailschange|p2a: Sableye|Sableye-Mega, M
|-mega|p2a: Sableye|Sableye|Sablenite
|move|p1a: Heatran|Lava Plume|p2a: Sableye
|-damage|p2a: Sableye|207\/304
|-status|p2a: Sableye|brn
|move|p2a: Sableye|Knock Off|p1a: Heatran
|-damage|p1a: Heatran|343\/386
|-enditem|p1a: Heatran|Leftovers|[from] move: Knock Off|[of] p2a: Sableye
|
|-damage|p2a: Sableye|169\/304 brn|[from] brn
|turn|2
|
|switch|p1a: Tornadus-Therian|Tornadus-Therian, M, shiny|327\/327
|move|p2a: Sableye|Recover|p2a: Sableye
|-heal|p2a: Sableye|304\/304 brn
|
|-damage|p2a: Sableye|266\/304 brn|[from] brn
|turn|3
|
|move|p1a: Tornadus-Therian|Hurricane|p2a: Sableye
|-damage|p2a: Sableye|137\/304 brn
|move|p2a: Sableye|Toxic|p1a: Tornadus-Therian
|-status|p1a: Tornadus-Therian|tox
|
|-damage|p1a: Tornadus-Therian|307\/327 tox|[from] psn
|-damage|p2a: Sableye|99\/304 brn|[from] brn
|turn|4
|
|move|p1a: Tornadus-Therian|Knock Off|p2a: Sableye
|-damage|p2a: Sableye|59\/304 brn
|move|p2a: Sableye|Recover|p2a: Sableye
|-heal|p2a: Sableye|211\/304 brn
|
|-damage|p1a: Tornadus-Therian|267\/327 tox|[from] psn
|-damage|p2a: Sableye|173\/304 brn|[from] brn
|turn|5
|
|switch|p2a: Starmie|Starmie|324\/324
|move|p1a: Tornadus-Therian|U-turn|p2a: Starmie
|-supereffective|p2a: Starmie
|-damage|p2a: Starmie|192\/324
|
|switch|p1a: Zapdos|Zapdos|384\/384
|-ability|p1a: Zapdos|Pressure
|
|turn|6
|
|switch|p2a: Quagsire|Quagsire, F|394\/394
|move|p1a: Zapdos|Volt Switch|p2a: Quagsire
|-immune|p2a: Quagsire|[msg]
|
|turn|7
|
|switch|p1a: Altaria|Altaria, M, shiny|354\/354
|switch|p2a: Starmie|Starmie|192\/324
|
|turn|8
|
|switch|p2a: Chansey|Chansey, F|703\/703
|detailschange|p1a: Altaria|Altaria-Mega, M, shiny
|-mega|p1a: Altaria|Altaria|Altarianite
|move|p1a: Altaria|Heal Bell|p1a: Altaria
|-cureteam|p1a: Altaria|[from] move: HealBell
|
|turn|9
|
|switch|p1a: Tornadus-Therian|Tornadus-Therian, M, shiny|327\/327
|move|p2a: Chansey|Stealth Rock|p1a: Tornadus-Therian
|-sidestart|p1: 1800rekt|move: Stealth Rock
|
|turn|10
|
|switch|p2a: Skarmory|Skarmory, M|333\/333
|move|p1a: Tornadus-Therian|Hurricane|p2a: Skarmory|[miss]
|-miss|p1a: Tornadus-Therian|p2a: Skarmory
|
|turn|11
|
|move|p1a: Tornadus-Therian|Knock Off|p2a: Skarmory
|-damage|p2a: Skarmory|281\/333
|-enditem|p2a: Skarmory|Shed Shell|[from] move: Knock Off|[of] p1a: Tornadus-Therian
|move|p2a: Skarmory|Whirlwind|p1a: Tornadus-Therian
|drag|p1a: Serperior|Serperior, F, shiny|291\/291
|-damage|p1a: Serperior|255\/291|[from] Stealth Rock
|
|turn|12
|
|switch|p2a: Amoonguss|Amoonguss, M|432\/432
|move|p1a: Serperior|Taunt|p2a: Amoonguss
|-start|p2a: Amoonguss|move: Taunt
|
|turn|13
|
|switch|p1a: Zapdos|Zapdos|384\/384
|-damage|p1a: Zapdos|288\/384|[from] Stealth Rock
|-ability|p1a: Zapdos|Pressure
|move|p2a: Amoonguss|Clear Smog|p1a: Zapdos
|-damage|p1a: Zapdos|228\/384
|-clearboost|p1a: Zapdos
|
|-heal|p1a: Zapdos|252\/384|[from] item: Leftovers
|turn|14
|
|switch|p2a: Chansey|Chansey, F|703\/703
|move|p1a: Zapdos|Defog|p2a: Chansey
|-unboost|p2a: Chansey|evasion|1
|-sideend|p1: 1800rekt|Stealth Rock|[from] move: Defog|[of] p1a: Zapdos
|
|-heal|p1a: Zapdos|276\/384|[from] item: Leftovers
|turn|15
|
|move|p1a: Zapdos|Volt Switch|p2a: Chansey
|-damage|p2a: Chansey|628\/703
|
|switch|p1a: Tornadus-Therian|Tornadus-Therian, M, shiny|327\/327
|move|p2a: Chansey|Heal Bell|p2a: Chansey
|-cureteam|p2a: Chansey|[from] move: HealBell
|
|turn|16
|
|switch|p2a: Skarmory|Skarmory, M|281\/333
|move|p1a: Tornadus-Therian|Knock Off|p2a: Skarmory
|-damage|p2a: Skarmory|245\/333
|
|turn|17
|
|move|p1a: Tornadus-Therian|Heat Wave|p2a: Skarmory
|-supereffective|p2a: Skarmory
|-damage|p2a: Skarmory|47\/333
|move|p2a: Skarmory|Roost|p2a: Skarmory
|-heal|p2a: Skarmory|214\/333
|
|turn|18
|
|switch|p2a: Starmie|Starmie|192\/324
|move|p1a: Tornadus-Therian|Heat Wave|p2a: Starmie
|-resisted|p2a: Starmie
|-damage|p2a: Starmie|138\/324
|
|turn|19
|
|move|p2a: Starmie|Trick|p1a: Tornadus-Therian
|-activate|p2a: Starmie|move: Trick|[of] p1a: Tornadus-Therian
|-item|p1a: Tornadus-Therian|Choice Scarf|[from] move: Trick
|-item|p2a: Starmie|Assault Vest|[from] move: Trick
|move|p1a: Tornadus-Therian|Knock Off|p2a: Starmie
|-supereffective|p2a: Starmie
|-damage|p2a: Starmie|0 fnt
|-enditem|p2a: Starmie|Assault Vest|[from] move: Knock Off|[of] p1a: Tornadus-Therian
|faint|p2a: Starmie
|
|
|switch|p2a: Sableye|Sableye-Mega, M|173\/304
|turn|20
|
|switch|p1a: Heatran|Heatran, F, shiny|343\/386
|move|p2a: Sableye|Recover|p2a: Sableye
|-heal|p2a: Sableye|304\/304
|
|turn|21
|
|switch|p2a: Chansey|Chansey, F|628\/703
|move|p1a: Heatran|Stealth Rock|p2a: Chansey
|-sidestart|p2: trythroughwalls|move: Stealth Rock
|
|turn|22
|
|move|p1a: Heatran|Lava Plume|p2a: Chansey
|-damage|p2a: Chansey|556\/703
|move|p2a: Chansey|Stealth Rock|p1a: Heatran
|-sidestart|p1: 1800rekt|move: Stealth Rock
|
|turn|23
|
|move|p1a: Heatran|Lava Plume|p2a: Chansey
|-damage|p2a: Chansey|480\/703
|move|p2a: Chansey|Soft-Boiled|p2a: Chansey
|-heal|p2a: Chansey|703\/703
|
|turn|24
|
|switch|p1a: Tornadus-Therian|Tornadus-Therian, M, shiny|327\/327
|-damage|p1a: Tornadus-Therian|246\/327|[from] Stealth Rock
|move|p2a: Chansey|Seismic Toss|p1a: Tornadus-Therian
|-damage|p1a: Tornadus-Therian|146\/327
|
|turn|25
|
|switch|p2a: Amoonguss|Amoonguss, M|432\/432
|-damage|p2a: Amoonguss|378\/432|[from] Stealth Rock
|move|p1a: Tornadus-Therian|U-turn|p2a: Amoonguss
|-damage|p2a: Amoonguss|318\/432
|
|switch|p1a: Zapdos|Zapdos|276\/384
|-damage|p1a: Zapdos|180\/384|[from] Stealth Rock
|-ability|p1a: Zapdos|Pressure
|
|-heal|p1a: Zapdos|204\/384|[from] item: Leftovers
|-heal|p2a: Amoonguss|345\/432|[from] item: Black Sludge
|turn|26
|
|move|p1a: Zapdos|Heat Wave|p2a: Amoonguss
|-crit|p2a: Amoonguss
|-supereffective|p2a: Amoonguss
|-damage|p2a: Amoonguss|35\/432
|move|p2a: Amoonguss|Spore|p1a: Zapdos
|-status|p1a: Zapdos|slp
|
|-heal|p1a: Zapdos|228\/384 slp|[from] item: Leftovers
|-heal|p2a: Amoonguss|62\/432|[from] item: Black Sludge
|turn|27
|
|switch|p1a: Serperior|Serperior, F, shiny|255\/291
|-damage|p1a: Serperior|219\/291|[from] Stealth Rock
|switch|p2a: Quagsire|Quagsire, F|394\/394
|-damage|p2a: Quagsire|370\/394|[from] Stealth Rock
|
|-heal|p2a: Quagsire|394\/394|[from] item: Leftovers
|turn|28
|
|switch|p2a: Amoonguss|Amoonguss, M|206\/432
|-damage|p2a: Amoonguss|152\/432|[from] Stealth Rock
|move|p1a: Serperior|Leaf Storm|p2a: Amoonguss
|-resisted|p2a: Amoonguss
|-damage|p2a: Amoonguss|96\/432
|-boost|p1a: Serperior|spa|2
|-damage|p1a: Serperior|190\/291|[from] item: Life Orb
|
|-heal|p2a: Amoonguss|123\/432|[from] item: Black Sludge
|turn|29
|
|switch|p2a: Chansey|Chansey, F|703\/703
|-damage|p2a: Chansey|616\/703|[from] Stealth Rock
|move|p1a: Serperior|Leaf Storm|p2a: Chansey
|-damage|p2a: Chansey|374\/703
|-boost|p1a: Serperior|spa|2
|-damage|p1a: Serperior|161\/291|[from] item: Life Orb
|
|turn|30
|
|move|p1a: Serperior|Leaf Storm|p2a: Chansey
|-damage|p2a: Chansey|2\/703
|-boost|p1a: Serperior|spa|2
|-damage|p1a: Serperior|132\/291|[from] item: Life Orb
|move|p2a: Chansey|Soft-Boiled|p2a: Chansey
|-heal|p2a: Chansey|354\/703
|
|turn|31
|
|switch|p2a: Skarmory|Skarmory, M|214\/333
|-damage|p2a: Skarmory|173\/333|[from] Stealth Rock
|move|p1a: Serperior|Giga Drain|p2a: Skarmory
|-resisted|p2a: Skarmory
|-damage|p2a: Skarmory|55\/333
|-heal|p1a: Serperior|191\/291|[from] drain|[of] p2a: Skarmory
|-damage|p1a: Serperior|162\/291|[from] item: Life Orb
|
|turn|32
|
|switch|p2a: Amoonguss|Amoonguss, M|267\/432
|-damage|p2a: Amoonguss|213\/432|[from] Stealth Rock
|move|p1a: Serperior|Giga Drain|p2a: Amoonguss
|-resisted|p2a: Amoonguss
|-damage|p2a: Amoonguss|83\/432
|-heal|p1a: Serperior|227\/291|[from] drain|[of] p2a: Amoonguss
|-damage|p1a: Serperior|198\/291|[from] item: Life Orb
|
|-heal|p2a: Amoonguss|110\/432|[from] item: Black Sludge
|turn|33
|
|switch|p2a: Skarmory|Skarmory, M|55\/333
|-damage|p2a: Skarmory|14\/333|[from] Stealth Rock
|move|p1a: Serperior|Giga Drain|p2a: Skarmory
|-resisted|p2a: Skarmory
|-damage|p2a: Skarmory|0 fnt
|-heal|p1a: Serperior|205\/291|[from] drain|[of] p2a: Skarmory
|-damage|p1a: Serperior|176\/291|[from] item: Life Orb
|faint|p2a: Skarmory
|
|
|switch|p2a: Amoonguss|Amoonguss, M|254\/432
|-damage|p2a: Amoonguss|200\/432|[from] Stealth Rock
|turn|34
|
|move|p1a: Serperior|Leaf Storm|p2a: Amoonguss
|-resisted|p2a: Amoonguss
|-damage|p2a: Amoonguss|0 fnt
|-damage|p1a: Serperior|147\/291|[from] item: Life Orb
|faint|p2a: Amoonguss
|
|-message|trythroughwalls forfeited.
|
|win|1800rekt
|raw|Ladder updating...
|leave|trythroughwalls
|player|p2
|raw|1800rekt's rating: 1645 &rarr; <strong>1669<\/strong><br \/>(+24 for winning)
|raw|trythroughwalls's rating: 1710 &rarr; <strong>1687<\/strong><br \/>(-23 for losing)