|join|1800Rekt
|join|TheMundane
|player|p1|1800Rekt|270
|player|p2|TheMundane|222
|gametype|singles
|gen|6
|tier|OU
|rated
|clearpoke
|poke|p1|Metagross, shiny
|poke|p1|Rotom-Wash, shiny
|poke|p1|Landorus-Therian, M, shiny
|poke|p1|Victini
|poke|p1|Mandibuzz, F
|poke|p1|Heatran, M
|poke|p2|Gyarados, M
|poke|p2|Gengar, F
|poke|p2|Landorus-Therian, M
|poke|p2|Latias, F
|poke|p2|Raikou
|poke|p2|Breloom, M
|rule|Swagger Clause: Swagger is banned
|rule|Baton Pass Clause: Limit one PokÃ©mon knowing Baton Pass
|rule|Sleep Clause Mod: Limit one foe put to sleep
|rule|Species Clause: Limit one of each PokÃ©mon
|rule|OHKO Clause: OHKO moves are banned
|rule|Moody Clause: Moody is banned
|rule|Evasion Moves Clause: Evasion moves are banned
|rule|Endless Battle Clause: Forcing endless battles is banned
|rule|HP Percentage Mod: HP is shown in percentages
|teampreview
|
|start
|switch|p1a: Landorus-Therian|Landorus-Therian, M, shiny|327\/327
|switch|p2a: Gengar|Gengar, F|261\/261
|-ability|p1a: Landorus-Therian|Intimidate|[of] p2a: Gengar
|-unboost|p2a: Gengar|atk|1
|turn|1
|
|switch|p2a: Gyarados|Gyarados, M|333\/333
|-ability|p2a: Gyarados|Intimidate|[of] p1a: Landorus-Therian
|-unboost|p1a: Landorus-Therian|atk|1
|move|p1a: Landorus-Therian|U-turn|p2a: Gyarados
|-resisted|p2a: Gyarados
|-damage|p2a: Gyarados|295\/333
|
|switch|p1a: Mandibuzz|Mandibuzz, F|423\/423
|
|turn|2
|
|detailschange|p2a: Gyarados|Gyarados-Mega, M
|-mega|p2a: Gyarados|Gyarados|Gyaradosite
|-ability|p2a: Gyarados|Mold Breaker
|move|p2a: Gyarados|Substitute|p2a: Gyarados
|-start|p2a: Gyarados|Substitute
|-damage|p2a: Gyarados|212\/333
|move|p1a: Mandibuzz|Toxic|p2a: Gyarados
|
|turn|3
|
|move|p2a: Gyarados|Dragon Dance|p2a: Gyarados
|-boost|p2a: Gyarados|atk|1
|-boost|p2a: Gyarados|spe|1
|move|p1a: Mandibuzz|Foul Play|p2a: Gyarados
|-resisted|p2a: Gyarados
|-end|p2a: Gyarados|Substitute
|
|turn|4
|
|move|p2a: Gyarados|Dragon Dance|p2a: Gyarados
|-boost|p2a: Gyarados|atk|1
|-boost|p2a: Gyarados|spe|1
|move|p1a: Mandibuzz|Foul Play|p2a: Gyarados
|-resisted|p2a: Gyarados
|-damage|p2a: Gyarados|35\/333
|
|turn|5
|
|move|p2a: Gyarados|Waterfall|p1a: Mandibuzz
|-damage|p1a: Mandibuzz|165\/423
|move|p1a: Mandibuzz|Foul Play|p2a: Gyarados
|-resisted|p2a: Gyarados
|-damage|p2a: Gyarados|0 fnt
|faint|p2a: Gyarados
|
|-heal|p1a: Mandibuzz|191\/423|[from] item: Leftovers
|
|switch|p2a: Gengar|Gengar, F|261\/261
|turn|6
|
|switch|p1a: Heatran|Heatran, M|386\/386
|move|p2a: Gengar|Sludge Wave|p1a: Heatran
|-immune|p1a: Heatran|[msg]
|
|turn|7
|
|move|p2a: Gengar|Focus Blast|p1a: Heatran
|-supereffective|p1a: Heatran
|-damage|p1a: Heatran|123\/386
|-damage|p2a: Gengar|235\/261|[from] item: Life Orb
|move|p1a: Heatran|Lava Plume|p2a: Gengar
|-damage|p2a: Gengar|85\/261
|
|-heal|p1a: Heatran|147\/386|[from] item: Leftovers
|turn|8
|
|move|p1a: Heatran|Protect|p1a: Heatran
|-singleturn|p1a: Heatran|Protect
|move|p2a: Gengar|Focus Blast|p1a: Heatran
|-activate|p1a: Heatran|Protect
|
|-heal|p1a: Heatran|171\/386|[from] item: Leftovers
|turn|9
|
|move|p2a: Gengar|Focus Blast|p1a: Heatran
|-supereffective|p1a: Heatran
|-damage|p1a: Heatran|0 fnt
|-damage|p2a: Gengar|59\/261|[from] item: Life Orb
|faint|p1a: Heatran
|
|
|switch|p1a: Landorus-Therian|Landorus-Therian, M, shiny|327\/327
|-ability|p1a: Landorus-Therian|Intimidate|[of] p2a: Gengar
|-unboost|p2a: Gengar|atk|1
|turn|10
|
|switch|p2a: Landorus-Therian|Landorus-Therian, M|379\/379
|-ability|p2a: Landorus-Therian|Intimidate|[of] p1a: Landorus-Therian
|-unboost|p1a: Landorus-Therian|atk|1
|move|p1a: Landorus-Therian|U-turn|p2a: Landorus-Therian
|-resisted|p2a: Landorus-Therian
|-damage|p2a: Landorus-Therian|355\/379
|
|switch|p1a: Mandibuzz|Mandibuzz, F|191\/423
|
|-heal|p2a: Landorus-Therian|378\/379|[from] item: Leftovers
|-heal|p1a: Mandibuzz|217\/423|[from] item: Leftovers
|turn|11
|
|switch|p2a: Raikou|Raikou|327\/327
|-ability|p2a: Raikou|Pressure
|move|p1a: Mandibuzz|Roost|p1a: Mandibuzz
|-heal|p1a: Mandibuzz|423\/423
|
|turn|12
|
|switch|p1a: Rotom-Wash|Rotom-Wash, shiny|304\/304
|move|p2a: Raikou|Thunderbolt|p1a: Rotom-Wash
|-damage|p1a: Rotom-Wash|163\/304
|
|-heal|p1a: Rotom-Wash|182\/304|[from] item: Leftovers
|turn|13
|
|move|p2a: Raikou|Thunderbolt|p1a: Rotom-Wash
|-damage|p1a: Rotom-Wash|53\/304
|move|p1a: Rotom-Wash|Will-O-Wisp|p2a: Raikou
|-status|p2a: Raikou|brn
|
|-heal|p1a: Rotom-Wash|72\/304|[from] item: Leftovers
|-damage|p2a: Raikou|287\/327 brn|[from] brn
|turn|14
|
|switch|p1a: Landorus-Therian|Landorus-Therian, M, shiny|327\/327
|-ability|p1a: Landorus-Therian|Intimidate|[of] p2a: Raikou
|-unboost|p2a: Raikou|atk|1
|move|p2a: Raikou|Shadow Ball|p1a: Landorus-Therian
|-damage|p1a: Landorus-Therian|217\/327
|
|-damage|p2a: Raikou|247\/327 brn|[from] brn
|turn|15
|
|move|p1a: Landorus-Therian|U-turn|p2a: Raikou
|-damage|p2a: Raikou|134\/327 brn
|
|switch|p1a: Rotom-Wash|Rotom-Wash, shiny|72\/304
|move|p2a: Raikou|Thunderbolt|p1a: Rotom-Wash
|-crit|p1a: Rotom-Wash
|-damage|p1a: Rotom-Wash|0 fnt
|faint|p1a: Rotom-Wash
|
|-damage|p2a: Raikou|94\/327 brn|[from] brn
|
|switch|p1a: Landorus-Therian|Landorus-Therian, M, shiny|217\/327
|-ability|p1a: Landorus-Therian|Intimidate|[of] p2a: Raikou
|-unboost|p2a: Raikou|atk|1
|turn|16
|
|switch|p2a: Landorus-Therian|Landorus-Therian, M|378\/379
|-ability|p2a: Landorus-Therian|Intimidate|[of] p1a: Landorus-Therian
|-unboost|p1a: Landorus-Therian|atk|1
|move|p1a: Landorus-Therian|U-turn|p2a: Landorus-Therian
|-resisted|p2a: Landorus-Therian
|-damage|p2a: Landorus-Therian|354\/379
|
|switch|p1a: Mandibuzz|Mandibuzz, F|423\/423
|
|-heal|p2a: Landorus-Therian|377\/379|[from] item: Leftovers
|turn|17
|
|switch|p2a: Latias|Latias, F|319\/319
|move|p1a: Mandibuzz|Toxic|p2a: Latias
|-status|p2a: Latias|tox
|
|-damage|p2a: Latias|300\/319 tox|[from] psn
|turn|18
|
|move|p2a: Latias|Healing Wish|p2a: Latias
|faint|p2a: Latias
|move|p1a: Mandibuzz|Roost|p1a: Mandibuzz
|-fail|p1a: Mandibuzz
|
|
|switch|p2a: Raikou|Raikou|94\/327 brn
|-heal|p2a: Raikou|327\/327|[from] move: Healing Wish
|-ability|p2a: Raikou|Pressure
|turn|19
|
|move|p2a: Raikou|Thunderbolt|p1a: Mandibuzz
|-supereffective|p1a: Mandibuzz
|-damage|p1a: Mandibuzz|153\/423
|move|p1a: Mandibuzz|Toxic|p2a: Raikou|[miss]
|-miss|p1a: Mandibuzz|p2a: Raikou
|
|-heal|p1a: Mandibuzz|179\/423|[from] item: Leftovers
|turn|20
|
|switch|p1a: Landorus-Therian|Landorus-Therian, M, shiny|217\/327
|-ability|p1a: Landorus-Therian|Intimidate|[of] p2a: Raikou
|-unboost|p2a: Raikou|atk|1
|move|p2a: Raikou|Hidden Power|p1a: Landorus-Therian
|-supereffective|p1a: Landorus-Therian
|-damage|p1a: Landorus-Therian|0 fnt
|faint|p1a: Landorus-Therian
|
|
|switch|p1a: Victini|Victini|355\/355
|turn|21
|
|move|p2a: Raikou|Volt Switch|p1a: Victini
|-damage|p1a: Victini|250\/355
|
|switch|p2a: Landorus-Therian|Landorus-Therian, M|377\/379
|-ability|p2a: Landorus-Therian|Intimidate|[of] p1a: Victini
|-unboost|p1a: Victini|atk|1
|move|p1a: Victini|V-create|p2a: Landorus-Therian
|-damage|p2a: Landorus-Therian|170\/379
|-unboost|p1a: Victini|def|1
|-unboost|p1a: Victini|spd|1
|-unboost|p1a: Victini|spe|1
|
|-heal|p2a: Landorus-Therian|193\/379|[from] item: Leftovers
|turn|22
|
|move|p2a: Landorus-Therian|U-turn|p1a: Victini
|-damage|p1a: Victini|131\/355
|
|switch|p2a: Breloom|Breloom, M|261\/261
|move|p1a: Victini|V-create|p2a: Breloom
|-supereffective|p2a: Breloom
|-enditem|p2a: Breloom|Focus Sash
|-damage|p2a: Breloom|1\/261
|-unboost|p1a: Victini|def|1
|-unboost|p1a: Victini|spd|1
|-unboost|p1a: Victini|spe|1
|
|turn|23
|
|switch|p1a: Mandibuzz|Mandibuzz, F|179\/423
|move|p2a: Breloom|Spore|p1a: Mandibuzz
|-fail|p1a: Mandibuzz
|
|-heal|p1a: Mandibuzz|205\/423|[from] item: Leftovers
|turn|24
|
|switch|p2a: Gengar|Gengar, F|59\/261
|move|p1a: Mandibuzz|Roost|p1a: Mandibuzz
|-heal|p1a: Mandibuzz|417\/423
|
|-heal|p1a: Mandibuzz|423\/423|[from] item: Leftovers
|turn|25
|
|move|p2a: Gengar|Sludge Wave|p1a: Mandibuzz
|-damage|p1a: Mandibuzz|224\/423
|-damage|p2a: Gengar|33\/261|[from] item: Life Orb
|move|p1a: Mandibuzz|Foul Play|p2a: Gengar
|-supereffective|p2a: Gengar
|-damage|p2a: Gengar|0 fnt
|faint|p2a: Gengar
|
|-heal|p1a: Mandibuzz|250\/423|[from] item: Leftovers
|
|switch|p2a: Raikou|Raikou|327\/327
|-ability|p2a: Raikou|Pressure
|turn|26
|
|move|p2a: Raikou|Thunderbolt|p1a: Mandibuzz
|-supereffective|p1a: Mandibuzz
|-damage|p1a: Mandibuzz|0 fnt
|faint|p1a: Mandibuzz
|
|
|switch|p1a: Victini|Victini|131\/355
|turn|27
|
|move|p2a: Raikou|Shadow Ball|p1a: Victini
|-supereffective|p1a: Victini
|-damage|p1a: Victini|0 fnt
|faint|p1a: Victini
|
|
|switch|p1a: Metagross|Metagross, shiny|302\/302
|turn|28
|
|detailschange|p1a: Metagross|Metagross-Mega, shiny
|-mega|p1a: Metagross|Metagross|Metagrossite
|move|p2a: Raikou|Volt Switch|p1a: Metagross
|-damage|p1a: Metagross|197\/302
|
|switch|p2a: Breloom|Breloom, M|1\/261
|move|p1a: Metagross|Earthquake|p2a: Breloom
|-resisted|p2a: Breloom
|-damage|p2a: Breloom|0 fnt
|faint|p2a: Breloom
|
|
|switch|p2a: Raikou|Raikou|327\/327
|-ability|p2a: Raikou|Pressure
|turn|29
|
|move|p2a: Raikou|Volt Switch|p1a: Metagross
|-damage|p1a: Metagross|98\/302
|
|switch|p2a: Landorus-Therian|Landorus-Therian, M|193\/379
|-ability|p2a: Landorus-Therian|Intimidate|[of] p1a: Metagross
|-unboost|p1a: Metagross|atk|1
|move|p1a: Metagross|Meteor Mash|p2a: Landorus-Therian
|-damage|p2a: Landorus-Therian|82\/379
|
|-heal|p2a: Landorus-Therian|105\/379|[from] item: Leftovers
|turn|30
|
|move|p1a: Metagross|Meteor Mash|p2a: Landorus-Therian
|-damage|p2a: Landorus-Therian|0 fnt
|faint|p2a: Landorus-Therian
|
|
|switch|p2a: Raikou|Raikou|327\/327
|-ability|p2a: Raikou|Pressure
|turn|31
|c|âTheMundane|gg
|
|move|p2a: Raikou|Thunderbolt|p1a: Metagross
|-damage|p1a: Metagross|0 fnt
|faint|p1a: Metagross
|
|win|TheMundane
|raw|Ladder updating...
|raw|1800Rekt's rating: 1622 &rarr; <strong>1602<\/strong><br \/>(-20 for losing)
|raw|TheMundane's rating: 1621 &rarr; <strong>1641<\/strong><br \/>(+20 for winning)
|c|â1800Rekt|Jgg
|leave|1800Rekt
|player|p1