|join|1800Rekt
|join|IIID
|player|p1|1800Rekt|270
|player|p2|IIID|8
|gametype|singles
|gen|6
|tier|OU
|rated
|clearpoke
|poke|p1|Heatran, F, shiny
|poke|p1|Serperior, M, shiny
|poke|p1|Altaria, M, shiny
|poke|p1|Zapdos
|poke|p1|Tornadus-Therian, M, shiny
|poke|p1|Rotom-Wash, shiny
|poke|p2|Tornadus-Therian, M
|poke|p2|Gengar, F
|poke|p2|Raikou
|poke|p2|Heatran, F
|poke|p2|Slowbro, M
|poke|p2|Diancie
|rule|Swagger Clause: Swagger is banned
|rule|Baton Pass Clause: Limit one PokÃ©mon knowing Baton Pass
|rule|Sleep Clause Mod: Limit one foe put to sleep
|rule|Species Clause: Limit one of each PokÃ©mon
|rule|OHKO Clause: OHKO moves are banned
|rule|Moody Clause: Moody is banned
|rule|Evasion Moves Clause: Evasion moves are banned
|rule|Endless Battle Clause: Forcing endless battles is banned
|rule|HP Percentage Mod: HP is shown in percentages
|teampreview
|
|start
|switch|p1a: Rotom-Wash|Rotom-Wash, shiny|304\/304
|switch|p2a: Diancie|Diancie|241\/241
|turn|1
|
|detailschange|p2a: Diancie|Diancie-Mega
|-mega|p2a: Diancie|Diancie|Diancite
|move|p2a: Diancie|Protect|p2a: Diancie
|-singleturn|p2a: Diancie|Protect
|move|p1a: Rotom-Wash|Hydro Pump|p2a: Diancie
|-activate|p2a: Diancie|Protect
|
|turn|2
|
|switch|p2a: Raikou|Raikou|321\/321
|-ability|p2a: Raikou|Pressure
|move|p1a: Rotom-Wash|Volt Switch|p2a: Raikou
|-resisted|p2a: Raikou
|-damage|p2a: Raikou|280\/321
|
|switch|p1a: Altaria|Altaria, M, shiny|351\/351
|
|turn|3
|
|detailschange|p1a: Altaria|Altaria-Mega, M, shiny
|-mega|p1a: Altaria|Altaria|Altarianite
|move|p2a: Raikou|Volt Switch|p1a: Altaria
|-resisted|p1a: Altaria
|-damage|p1a: Altaria|273\/351
|
|switch|p2a: Tornadus-Therian|Tornadus-Therian, M|332\/332
|move|p1a: Altaria|Earthquake|p2a: Tornadus-Therian
|-immune|p2a: Tornadus-Therian|[msg]
|
|turn|4
|
|move|p2a: Tornadus-Therian|U-turn|p1a: Altaria
|-resisted|p1a: Altaria
|-damage|p1a: Altaria|256\/351
|
|switch|p2a: Gengar|Gengar, F|261\/261
|move|p1a: Altaria|Hyper Voice|p2a: Gengar
|-resisted|p2a: Gengar
|-damage|p2a: Gengar|168\/261
|
|-heal|p2a: Gengar|184\/261|[from] item: Leftovers
|turn|5
|
|switch|p2a: Diancie|Diancie-Mega|241\/241
|switch|p1a: Tornadus-Therian|Tornadus-Therian, M, shiny|327\/327
|
|turn|6
|join|ryzed
|
|move|p1a: Tornadus-Therian|U-turn|p2a: Diancie
|-resisted|p2a: Diancie
|-damage|p2a: Diancie|214\/241
|
|switch|p1a: Heatran|Heatran, F, shiny|386\/386
|move|p2a: Diancie|Diamond Storm|p1a: Heatran
|-damage|p1a: Heatran|211\/386
|-boost|p2a: Diancie|def|1
|
|-heal|p1a: Heatran|235\/386|[from] item: Leftovers
|turn|7
|
|switch|p1a: Rotom-Wash|Rotom-Wash, shiny|304\/304
|move|p2a: Diancie|Earth Power|p1a: Rotom-Wash
|-immune|p1a: Rotom-Wash|[msg]
|
|turn|8
|
|move|p2a: Diancie|Protect|p2a: Diancie
|-singleturn|p2a: Diancie|Protect
|move|p1a: Rotom-Wash|Hydro Pump|p2a: Diancie
|-activate|p2a: Diancie|Protect
|
|turn|9
|
|switch|p2a: Tornadus-Therian|Tornadus-Therian, M|332\/332
|move|p1a: Rotom-Wash|Hydro Pump|p2a: Tornadus-Therian|[miss]
|-miss|p1a: Rotom-Wash|p2a: Tornadus-Therian
|
|turn|10
|
|move|p2a: Tornadus-Therian|Knock Off|p1a: Rotom-Wash
|-damage|p1a: Rotom-Wash|258\/304
|-enditem|p1a: Rotom-Wash|Leftovers|[from] move: Knock Off|[of] p2a: Tornadus-Therian
|move|p1a: Rotom-Wash|Will-O-Wisp|p2a: Tornadus-Therian
|-status|p2a: Tornadus-Therian|brn
|
|-damage|p2a: Tornadus-Therian|291\/332 brn|[from] brn
|turn|11
|
|move|p2a: Tornadus-Therian|U-turn|p1a: Rotom-Wash
|-damage|p1a: Rotom-Wash|239\/304
|
|switch|p2a: Raikou|Raikou|280\/321
|-ability|p2a: Raikou|Pressure
|move|p1a: Rotom-Wash|Volt Switch|p2a: Raikou
|-resisted|p2a: Raikou
|-damage|p2a: Raikou|236\/321
|
|switch|p1a: Heatran|Heatran, F, shiny|235\/386
|
|-heal|p1a: Heatran|259\/386|[from] item: Leftovers
|turn|12
|
|move|p2a: Raikou|Volt Switch|p1a: Heatran
|-damage|p1a: Heatran|135\/386
|
|switch|p2a: Heatran|Heatran, F|323\/323
|-item|p2a: Heatran|Air Balloon
|move|p1a: Heatran|Earth Power|p2a: Heatran
|-immune|p2a: Heatran|[msg]
|
|-heal|p1a: Heatran|159\/386|[from] item: Leftovers
|turn|13
|
|move|p2a: Heatran|Taunt|p1a: Heatran
|-start|p1a: Heatran|move: Taunt
|cant|p1a: Heatran|move: Taunt|Stealth Rock
|
|-heal|p1a: Heatran|183\/386|[from] item: Leftovers
|turn|14
|
|switch|p1a: Zapdos|Zapdos|383\/383
|-ability|p1a: Zapdos|Pressure
|move|p2a: Heatran|Stealth Rock|p1a: Zapdos
|-sidestart|p1: 1800Rekt|move: Stealth Rock
|
|turn|15
|
|move|p2a: Heatran|Taunt|p1a: Zapdos
|-start|p1a: Zapdos|move: Taunt
|move|p1a: Zapdos|Volt Switch|p2a: Heatran
|-damage|p2a: Heatran|218\/323
|-enditem|p2a: Heatran|Air Balloon
|
|switch|p1a: Altaria|Altaria-Mega, M, shiny|256\/351
|-damage|p1a: Altaria|213\/351|[from] Stealth Rock
|
|turn|16
|
|switch|p2a: Gengar|Gengar, F|184\/261
|move|p1a: Altaria|Roost|p1a: Altaria
|-heal|p1a: Altaria|351\/351
|
|-heal|p2a: Gengar|200\/261|[from] item: Leftovers
|turn|17
|
|switch|p2a: Diancie|Diancie-Mega|214\/241
|switch|p1a: Tornadus-Therian|Tornadus-Therian, M, shiny|327\/327
|-damage|p1a: Tornadus-Therian|246\/327|[from] Stealth Rock
|
|turn|18
|
|move|p1a: Tornadus-Therian|U-turn|p2a: Diancie
|-resisted|p2a: Diancie
|-damage|p2a: Diancie|187\/241
|
|switch|p1a: Serperior|Serperior, M, shiny|291\/291
|-damage|p1a: Serperior|255\/291|[from] Stealth Rock
|move|p2a: Diancie|Diamond Storm|p1a: Serperior
|-damage|p1a: Serperior|77\/291
|-boost|p2a: Diancie|def|1
|
|turn|19
|
|switch|p1a: Zapdos|Zapdos|383\/383
|-damage|p1a: Zapdos|288\/383|[from] Stealth Rock
|-ability|p1a: Zapdos|Pressure
|switch|p2a: Tornadus-Therian|Tornadus-Therian, M|332\/332 brn
|
|-heal|p1a: Zapdos|311\/383|[from] item: Leftovers
|-damage|p2a: Tornadus-Therian|291\/332 brn|[from] brn
|turn|20
|
|move|p2a: Tornadus-Therian|U-turn|p1a: Zapdos
|-resisted|p1a: Zapdos
|-damage|p1a: Zapdos|300\/383
|
|switch|p2a: Diancie|Diancie-Mega|187\/241
|move|p1a: Zapdos|Defog|p2a: Diancie
|move|p2a: Diancie|Defog|p1a: Zapdos|[from]Magic Bounce
|-unboost|p1a: Zapdos|evasion|1
|-sideend|p1: 1800Rekt|Stealth Rock|[from] move: Defog|[of] p1a: Zapdos
|
|-heal|p1a: Zapdos|323\/383|[from] item: Leftovers
|turn|21
|
|move|p2a: Diancie|Diamond Storm|p1a: Zapdos
|-supereffective|p1a: Zapdos
|-damage|p1a: Zapdos|39\/383
|-boost|p2a: Diancie|def|1
|move|p1a: Zapdos|Volt Switch|p2a: Diancie
|-damage|p2a: Diancie|73\/241
|
|switch|p1a: Rotom-Wash|Rotom-Wash, shiny|239\/304
|
|turn|22
|
|switch|p2a: Tornadus-Therian|Tornadus-Therian, M|332\/332 brn
|move|p1a: Rotom-Wash|Volt Switch|p2a: Tornadus-Therian
|-supereffective|p2a: Tornadus-Therian
|-damage|p2a: Tornadus-Therian|194\/332 brn
|
|switch|p1a: Heatran|Heatran, F, shiny|183\/386
|
|-heal|p1a: Heatran|207\/386|[from] item: Leftovers
|-damage|p2a: Tornadus-Therian|153\/332 brn|[from] brn
|turn|23
|
|move|p2a: Tornadus-Therian|U-turn|p1a: Heatran
|-resisted|p1a: Heatran
|-damage|p1a: Heatran|202\/386
|
|switch|p2a: Diancie|Diancie-Mega|73\/241
|move|p1a: Heatran|Earth Power|p2a: Diancie
|-supereffective|p2a: Diancie
|-damage|p2a: Diancie|0 fnt
|faint|p2a: Diancie
|
|-heal|p1a: Heatran|226\/386|[from] item: Leftovers
|
|switch|p2a: Heatran|Heatran, F|218\/323
|turn|24
|
|move|p2a: Heatran|Stealth Rock|p1a: Heatran
|-sidestart|p1: 1800Rekt|move: Stealth Rock
|move|p1a: Heatran|Earth Power|p2a: Heatran
|-supereffective|p2a: Heatran
|-damage|p2a: Heatran|0 fnt
|faint|p2a: Heatran
|
|-heal|p1a: Heatran|250\/386|[from] item: Leftovers
|
|switch|p2a: Tornadus-Therian|Tornadus-Therian, M|263\/332 brn
|turn|25
|
|move|p2a: Tornadus-Therian|Knock Off|p1a: Heatran
|-damage|p1a: Heatran|219\/386
|-enditem|p1a: Heatran|Leftovers|[from] move: Knock Off|[of] p2a: Tornadus-Therian
|move|p1a: Heatran|Stealth Rock|p2a: Tornadus-Therian
|-sidestart|p2: IIID|move: Stealth Rock
|
|-damage|p2a: Tornadus-Therian|222\/332 brn|[from] brn
|turn|26
|
|move|p2a: Tornadus-Therian|U-turn|p1a: Heatran
|-resisted|p1a: Heatran
|-damage|p1a: Heatran|214\/386
|
|switch|p2a: Slowbro|Slowbro, M|394\/394
|-damage|p2a: Slowbro|345\/394|[from] Stealth Rock
|move|p1a: Heatran|Lava Plume|p2a: Slowbro
|-resisted|p2a: Slowbro
|-damage|p2a: Slowbro|270\/394
|
|-heal|p2a: Slowbro|294\/394|[from] item: Leftovers
|turn|27
|
|switch|p1a: Zapdos|Zapdos|39\/383
|-damage|p1a: Zapdos|0 fnt|[from] Stealth Rock
|faint|p1a: Zapdos
|move|p2a: Slowbro|Scald|p1: Zapdos|[notarget]
|-notarget
|
|-heal|p2a: Slowbro|318\/394|[from] item: Leftovers
|
|switch|p1a: Rotom-Wash|Rotom-Wash, shiny|239\/304
|-damage|p1a: Rotom-Wash|201\/304|[from] Stealth Rock
|turn|28
|
|move|p1a: Rotom-Wash|Volt Switch|p2a: Slowbro
|-supereffective|p2a: Slowbro
|-damage|p2a: Slowbro|102\/394
|
|switch|p1a: Altaria|Altaria-Mega, M, shiny|351\/351
|-damage|p1a: Altaria|308\/351|[from] Stealth Rock
|move|p2a: Slowbro|Slack Off|p2a: Slowbro
|-heal|p2a: Slowbro|299\/394
|
|-heal|p2a: Slowbro|323\/394|[from] item: Leftovers
|turn|29
|
|move|p1a: Altaria|Hyper Voice|p2a: Slowbro
|-damage|p2a: Slowbro|151\/394
|move|p2a: Slowbro|Thunder Wave|p1a: Altaria
|-status|p1a: Altaria|par
|
|-heal|p2a: Slowbro|175\/394|[from] item: Leftovers
|turn|30
|
|move|p2a: Slowbro|Slack Off|p2a: Slowbro
|-heal|p2a: Slowbro|372\/394
|move|p1a: Altaria|Heal Bell|p1a: Altaria
|-cureteam|p1a: Altaria|[from] move: HealBell
|
|-heal|p2a: Slowbro|394\/394|[from] item: Leftovers
|turn|31
|
|switch|p1a: Rotom-Wash|Rotom-Wash, shiny|201\/304
|-damage|p1a: Rotom-Wash|163\/304|[from] Stealth Rock
|switch|p2a: Gengar|Gengar, F|200\/261
|-damage|p2a: Gengar|168\/261|[from] Stealth Rock
|
|-heal|p2a: Gengar|184\/261|[from] item: Leftovers
|turn|32
|
|switch|p2a: Raikou|Raikou|236\/321
|-damage|p2a: Raikou|196\/321|[from] Stealth Rock
|-ability|p2a: Raikou|Pressure
|switch|p1a: Tornadus-Therian|Tornadus-Therian, M, shiny|327\/327
|-damage|p1a: Tornadus-Therian|246\/327|[from] Stealth Rock
|
|turn|33
|
|move|p1a: Tornadus-Therian|Knock Off|p2a: Raikou
|-damage|p2a: Raikou|99\/321
|-enditem|p2a: Raikou|Choice Specs|[from] move: Knock Off|[of] p1a: Tornadus-Therian
|move|p2a: Raikou|Volt Switch|p1a: Tornadus-Therian
|-supereffective|p1a: Tornadus-Therian
|-damage|p1a: Tornadus-Therian|94\/327
|
|switch|p2a: Tornadus-Therian|Tornadus-Therian, M|332\/332 brn
|-damage|p2a: Tornadus-Therian|249\/332 brn|[from] Stealth Rock
|
|-damage|p2a: Tornadus-Therian|208\/332 brn|[from] brn
|turn|34
|
|switch|p1a: Heatran|Heatran, F, shiny|214\/386
|-damage|p1a: Heatran|166\/386|[from] Stealth Rock
|move|p2a: Tornadus-Therian|Hurricane|p1a: Heatran
|-resisted|p1a: Heatran
|-damage|p1a: Heatran|107\/386
|-start|p1a: Heatran|confusion
|
|-damage|p2a: Tornadus-Therian|167\/332 brn|[from] brn
|turn|35
|
|move|p2a: Tornadus-Therian|Focus Blast|p1a: Heatran|[miss]
|-miss|p2a: Tornadus-Therian|p1a: Heatran
|-activate|p1a: Heatran|confusion
|-damage|p1a: Heatran|87\/386|[from] confusion
|
|-damage|p2a: Tornadus-Therian|126\/332 brn|[from] brn
|turn|36
|
|switch|p1a: Altaria|Altaria-Mega, M, shiny|308\/351
|-damage|p1a: Altaria|265\/351|[from] Stealth Rock
|move|p2a: Tornadus-Therian|Focus Blast|p1a: Altaria
|-resisted|p1a: Altaria
|-damage|p1a: Altaria|209\/351
|
|-damage|p2a: Tornadus-Therian|85\/332 brn|[from] brn
|turn|37
|
|move|p2a: Tornadus-Therian|U-turn|p1a: Altaria
|-resisted|p1a: Altaria
|-damage|p1a: Altaria|201\/351
|
|switch|p2a: Slowbro|Slowbro, M|394\/394
|-damage|p2a: Slowbro|345\/394|[from] Stealth Rock
|move|p1a: Altaria|Hyper Voice|p2a: Slowbro
|-damage|p2a: Slowbro|153\/394
|
|-heal|p2a: Slowbro|177\/394|[from] item: Leftovers
|turn|38
|
|move|p1a: Altaria|Hyper Voice|p2a: Slowbro
|-damage|p2a: Slowbro|12\/394
|move|p2a: Slowbro|Foul Play|p1a: Altaria
|-resisted|p1a: Altaria
|-damage|p1a: Altaria|174\/351
|
|-heal|p2a: Slowbro|36\/394|[from] item: Leftovers
|turn|39
|
|move|p1a: Altaria|Hyper Voice|p2a: Slowbro
|-crit|p2a: Slowbro
|-damage|p2a: Slowbro|0 fnt
|faint|p2a: Slowbro
|
|
|switch|p2a: Gengar|Gengar, F|184\/261
|-damage|p2a: Gengar|152\/261|[from] Stealth Rock
|turn|40
|
|move|p2a: Gengar|Substitute|p2a: Gengar
|-start|p2a: Gengar|Substitute
|-damage|p2a: Gengar|87\/261
|move|p1a: Altaria|Hyper Voice|p2a: Gengar
|-resisted|p2a: Gengar
|-damage|p2a: Gengar|0 fnt
|faint|p2a: Gengar
|
|-message|IIID forfeited.
|
|win|1800Rekt
|raw|Ladder updating...
|leave|IIID
|player|p2
|raw|1800Rekt's rating: 1692 &rarr; <strong>1708<\/strong><br \/>(+16 for winning)
|raw|IIID's rating: 1624 &rarr; <strong>1608<\/strong><br \/>(-16 for losing)
|leave|ryzed