|join|1800Rekt
|join|HUUURAAAAAx2
|player|p1|1800Rekt|270
|player|p2|HUUURAAAAAx2|2
|gametype|singles
|gen|6
|tier|OU (suspect test)
|rated
|clearpoke
|poke|p1|Metagross, shiny
|poke|p1|Keldeo-Resolute, shiny
|poke|p1|Victini
|poke|p1|Chansey, F, shiny
|poke|p1|Zapdos
|poke|p1|Rotom-Wash, shiny
|poke|p2|Charizard, F
|poke|p2|Gyarados, F
|poke|p2|Garchomp, F
|poke|p2|Bisharp, M
|poke|p2|Starmie
|poke|p2|Landorus-Therian, M
|rule|Swagger Clause: Swagger is banned
|rule|Baton Pass Clause: Limit one PokÃ©mon knowing Baton Pass
|rule|Sleep Clause Mod: Limit one foe put to sleep
|rule|Species Clause: Limit one of each PokÃ©mon
|rule|OHKO Clause: OHKO moves are banned
|rule|Moody Clause: Moody is banned
|rule|Evasion Moves Clause: Evasion moves are banned
|rule|Endless Battle Clause: Forcing endless battles is banned
|rule|HP Percentage Mod: HP is shown in percentages
|teampreview
|
|start
|switch|p1a: Chansey|Chansey, F, shiny|679\/679
|switch|p2a: Just Dance 3|Garchomp, F|357\/357
|turn|1
|
|move|p2a: Just Dance 3|Stealth Rock|p1a: Chansey
|-sidestart|p1: 1800Rekt|move: Stealth Rock
|move|p1a: Chansey|Stealth Rock|p2a: Just Dance 3
|-sidestart|p2: HUUURAAAAAx2|move: Stealth Rock
|
|turn|2
|
|switch|p1a: Rotom-Wash|Rotom-Wash, shiny|304\/304
|-damage|p1a: Rotom-Wash|266\/304|[from] Stealth Rock
|move|p2a: Just Dance 3|Swords Dance|p2a: Just Dance 3
|-boost|p2a: Just Dance 3|atk|2
|
|-heal|p1a: Rotom-Wash|285\/304|[from] item: Leftovers
|turn|3
|
|move|p2a: Just Dance 3|Swords Dance|p2a: Just Dance 3
|-boost|p2a: Just Dance 3|atk|2
|move|p1a: Rotom-Wash|Will-O-Wisp|p2a: Just Dance 3
|-status|p2a: Just Dance 3|brn
|-enditem|p2a: Just Dance 3|Lum Berry|[eat]
|-curestatus|p2a: Just Dance 3|brn
|
|-heal|p1a: Rotom-Wash|304\/304|[from] item: Leftovers
|turn|4
|
|move|p2a: Just Dance 3|Dragon Claw|p1a: Rotom-Wash
|-damage|p1a: Rotom-Wash|0 fnt
|faint|p1a: Rotom-Wash
|
|
|switch|p1a: Keldeo-Resolute|Keldeo-Resolute, shiny|324\/324
|-damage|p1a: Keldeo-Resolute|304\/324|[from] Stealth Rock
|turn|5
|
|switch|p2a: Mandatory|Starmie|323\/323
|-damage|p2a: Mandatory|283\/323|[from] Stealth Rock
|move|p1a: Keldeo-Resolute|Icy Wind|p2a: Mandatory
|-resisted|p2a: Mandatory
|-damage|p2a: Mandatory|249\/323
|-unboost|p2a: Mandatory|spe|1
|
|-heal|p2a: Mandatory|269\/323|[from] item: Leftovers
|turn|6
|-message|1800Rekt forfeited.
|
|win|HUUURAAAAAx2
|raw|Ladder updating...
|leave|1800Rekt
|player|p1
|
|raw|1800Rekt's rating: 1475 &rarr; <strong>1456<\/strong><br \/>(-19 for losing)
|raw|HUUURAAAAAx2's rating: 1487 &rarr; <strong>1506<\/strong><br \/>(+19 for winning)