|join|OsamaBinBallin
|join|1800Rekt
|player|p1|OsamaBinBallin|214
|player|p2|1800Rekt|270
|gametype|singles
|gen|6
|tier|OU (suspect test)
|rated
|clearpoke
|poke|p1|Altaria, M
|poke|p1|Magnezone
|poke|p1|Scizor, M
|poke|p1|Starmie, shiny
|poke|p1|Talonflame, M
|poke|p1|Ferrothorn, M
|poke|p2|Altaria, M, shiny
|poke|p2|Magnezone, shiny
|poke|p2|Garchomp, M
|poke|p2|Excadrill, F
|poke|p2|Keldeo-Resolute, shiny
|poke|p2|Rotom-Wash, shiny
|rule|Swagger Clause: Swagger is banned
|rule|Baton Pass Clause: Limit one PokÃ©mon knowing Baton Pass
|rule|Sleep Clause Mod: Limit one foe put to sleep
|rule|Species Clause: Limit one of each PokÃ©mon
|rule|OHKO Clause: OHKO moves are banned
|rule|Moody Clause: Moody is banned
|rule|Evasion Moves Clause: Evasion moves are banned
|rule|Endless Battle Clause: Forcing endless battles is banned
|rule|HP Percentage Mod: HP is shown in percentages
|teampreview
|c|âOsamaBinBallin|gl
|c|â1800Rekt|U2
|
|start
|switch|p1a: yolo|Talonflame, M|297\/297
|switch|p2a: Garchomp|Garchomp, M|357\/357
|turn|1
|
|move|p1a: yolo|U-turn|p2a: Garchomp
|-damage|p2a: Garchomp|248\/357
|-damage|p1a: yolo|260\/297|[from] ability: Rough Skin|[of] p2a: Garchomp
|join|sonyfan
|c| sonyfan|252 SpA Life Orb Latios Psyshock vs. 0 HP \/ 4 Def Altaria: 156-185 (53.6 - 63.5%) -- guaranteed 2HKO
|leave|sonyfan
|
|switch|p1a: No U|Starmie, shiny|261\/261
|move|p2a: Garchomp|Stealth Rock|p1a: No U
|-sidestart|p1: OsamaBinBallin|move: Stealth Rock
|
|turn|2
|
|switch|p2a: Rotom-Wash|Rotom-Wash, shiny|304\/304
|move|p1a: No U|Ice Beam|p2a: Rotom-Wash
|-resisted|p2a: Rotom-Wash
|-damage|p2a: Rotom-Wash|261\/304
|
|-heal|p2a: Rotom-Wash|280\/304|[from] item: Leftovers
|turn|3
|
|switch|p1a: In Da Zone|Magnezone|323\/323
|-damage|p1a: In Da Zone|303\/323|[from] Stealth Rock
|move|p2a: Rotom-Wash|Volt Switch|p1a: In Da Zone
|-resisted|p1a: In Da Zone
|-damage|p1a: In Da Zone|253\/323
|
|switch|p2a: Excadrill|Excadrill, F|424\/424
|-ability|p2a: Excadrill|Mold Breaker
|
|turn|4
|
|switch|p1a: Hentai|Ferrothorn, M|352\/352
|-damage|p1a: Hentai|330\/352|[from] Stealth Rock
|move|p2a: Excadrill|Earthquake|p1a: Hentai
|-damage|p1a: Hentai|219\/352
|
|-heal|p1a: Hentai|241\/352|[from] item: Leftovers
|turn|5
|
|switch|p2a: Magnezone|Magnezone, shiny|282\/282
|move|p1a: Hentai|Stealth Rock|p2a: Magnezone
|-sidestart|p2: 1800Rekt|move: Stealth Rock
|
|-heal|p1a: Hentai|263\/352|[from] item: Leftovers
|turn|6
|
|move|p2a: Magnezone|Hidden Power|p1a: Hentai
|-supereffective|p1a: Hentai
|-damage|p1a: Hentai|59\/352
|move|p1a: Hentai|Spikes|p2a: Magnezone
|-sidestart|p2: 1800Rekt|Spikes
|
|-heal|p1a: Hentai|81\/352|[from] item: Leftovers
|turn|7
|
|move|p2a: Magnezone|Hidden Power|p1a: Hentai
|-supereffective|p1a: Hentai
|-damage|p1a: Hentai|0 fnt
|faint|p1a: Hentai
|
|
|switch|p1a: No U|Starmie, shiny|261\/261
|-damage|p1a: No U|229\/261|[from] Stealth Rock
|turn|8
|
|switch|p2a: Rotom-Wash|Rotom-Wash, shiny|280\/304
|-damage|p2a: Rotom-Wash|242\/304|[from] Stealth Rock
|move|p1a: No U|Rapid Spin|p2a: Rotom-Wash
|-damage|p2a: Rotom-Wash|236\/304
|-sideend|p1: OsamaBinBallin|Stealth Rock|[from] move: Rapid Spin|[of] p1a: No U
|
|-heal|p1a: No U|245\/261|[from] item: Leftovers
|-heal|p2a: Rotom-Wash|255\/304|[from] item: Leftovers
|turn|9
|
|switch|p1a: In Da Zone|Magnezone|253\/323
|move|p2a: Rotom-Wash|Volt Switch|p1a: In Da Zone
|-resisted|p1a: In Da Zone
|-damage|p1a: In Da Zone|206\/323
|
|switch|p2a: Excadrill|Excadrill, F|424\/424
|-damage|p2a: Excadrill|371\/424|[from] Spikes
|-damage|p2a: Excadrill|358\/424|[from] Stealth Rock
|-ability|p2a: Excadrill|Mold Breaker
|
|-heal|p2a: Excadrill|384\/424|[from] item: Leftovers
|turn|10
|
|move|p2a: Excadrill|Rapid Spin|p1a: In Da Zone
|-resisted|p1a: In Da Zone
|-damage|p1a: In Da Zone|196\/323
|-sideend|p2: 1800Rekt|Spikes|[from] move: Rapid Spin|[of] p2a: Excadrill
|-sideend|p2: 1800Rekt|Stealth Rock|[from] move: Rapid Spin|[of] p2a: Excadrill
|move|p1a: In Da Zone|Hidden Power|p2a: Excadrill
|-supereffective|p2a: Excadrill
|-damage|p2a: Excadrill|136\/424
|
|-heal|p2a: Excadrill|162\/424|[from] item: Leftovers
|turn|11
|
|move|p2a: Excadrill|Earthquake|p1a: In Da Zone
|-supereffective|p1a: In Da Zone
|-damage|p1a: In Da Zone|0 fnt
|faint|p1a: In Da Zone
|
|-heal|p2a: Excadrill|188\/424|[from] item: Leftovers
|
|switch|p1a: No U|Starmie, shiny|245\/261
|turn|12
|
|switch|p2a: Rotom-Wash|Rotom-Wash, shiny|255\/304
|move|p1a: No U|Surf|p2a: Rotom-Wash
|-resisted|p2a: Rotom-Wash
|-damage|p2a: Rotom-Wash|196\/304
|
|-heal|p1a: No U|261\/261|[from] item: Leftovers
|-heal|p2a: Rotom-Wash|215\/304|[from] item: Leftovers
|turn|13
|
|move|p1a: No U|Surf|p2a: Rotom-Wash
|-resisted|p2a: Rotom-Wash
|-damage|p2a: Rotom-Wash|149\/304
|move|p2a: Rotom-Wash|Volt Switch|p1a: No U
|-supereffective|p1a: No U
|-damage|p1a: No U|63\/261
|
|switch|p2a: Magnezone|Magnezone, shiny|282\/282
|
|-heal|p1a: No U|79\/261|[from] item: Leftovers
|turn|14
|
|switch|p1a: Butt Fister|Scizor, M|343\/343
|move|p2a: Magnezone|Volt Switch|p1a: Butt Fister
|-damage|p1a: Butt Fister|204\/343
|
|switch|p2a: Keldeo-Resolute|Keldeo-Resolute, shiny|324\/324
|
|-heal|p1a: Butt Fister|225\/343|[from] item: Leftovers
|turn|15
|
|move|p2a: Keldeo-Resolute|Scald|p1a: Butt Fister
|-damage|p1a: Butt Fister|51\/343
|move|p1a: Butt Fister|U-turn|p2a: Keldeo-Resolute
|-crit|p2a: Keldeo-Resolute
|-resisted|p2a: Keldeo-Resolute
|-damage|p2a: Keldeo-Resolute|217\/324
|
|switch|p1a: No U|Starmie, shiny|79\/261
|
|-heal|p1a: No U|95\/261|[from] item: Leftovers
|turn|16
|
|switch|p2a: Rotom-Wash|Rotom-Wash, shiny|149\/304
|move|p1a: No U|Psyshock|p2a: Rotom-Wash
|-damage|p2a: Rotom-Wash|68\/304
|
|-heal|p1a: No U|111\/261|[from] item: Leftovers
|-heal|p2a: Rotom-Wash|87\/304|[from] item: Leftovers
|turn|17
|
|switch|p1a: Butt Fister|Scizor, M|51\/343
|move|p2a: Rotom-Wash|Volt Switch|p1a: Butt Fister
|-damage|p1a: Butt Fister|0 fnt
|faint|p1a: Butt Fister
|
|switch|p2a: Magnezone|Magnezone, shiny|282\/282
|
|
|switch|p1a: Not Uber|Altaria, M|309\/309
|turn|18
|
|move|p2a: Magnezone|Flash Cannon|p1a: Not Uber
|-damage|p1a: Not Uber|174\/309
|move|p1a: Not Uber|Dragon Dance|p1a: Not Uber
|-boost|p1a: Not Uber|atk|1
|-boost|p1a: Not Uber|spe|1
|
|turn|19
|
|detailschange|p1a: Not Uber|Altaria-Mega, M
|-mega|p1a: Not Uber|Altaria|Altarianite
|move|p1a: Not Uber|Earthquake|p2a: Magnezone
|-supereffective|p2a: Magnezone
|-damage|p2a: Magnezone|0 fnt
|faint|p2a: Magnezone
|
|
|switch|p2a: Altaria|Altaria, M, shiny|354\/354
|turn|20
|
|detailschange|p2a: Altaria|Altaria-Mega, M, shiny
|-mega|p2a: Altaria|Altaria|Altarianite
|move|p1a: Not Uber|Frustration|p2a: Altaria
|-supereffective|p2a: Altaria
|-damage|p2a: Altaria|0 fnt
|faint|p2a: Altaria
|
|
|switch|p2a: Excadrill|Excadrill, F|188\/424
|-ability|p2a: Excadrill|Mold Breaker
|turn|21
|
|move|p1a: Not Uber|Earthquake|p2a: Excadrill
|-supereffective|p2a: Excadrill
|-damage|p2a: Excadrill|0 fnt
|faint|p2a: Excadrill
|
|-message|1800Rekt forfeited.
|leave|1800Rekt
|
|win|OsamaBinBallin
|raw|Ladder updating...
|player|p2
|raw|OsamaBinBallin's rating: 1475 &rarr; <strong>1496<\/strong><br \/>(+21 for winning)
|raw|1800Rekt's rating: 1486 &rarr; <strong>1465<\/strong><br \/>(-21 for losing)