|join|Dr. Marti
|join|AdityaKhuntia
|player|p1|Dr. Marti|147
|player|p2|AdityaKhuntia|169
|gametype|singles
|gen|6
|tier|OU
|rated
|clearpoke
|poke|p1|Espeon, M
|poke|p1|Smeargle, M
|poke|p1|Whimsicott, F
|poke|p1|Azelf
|poke|p1|Klefki, F
|poke|p1|Gorebyss, F
|poke|p2|Scizor, F
|poke|p2|Heatran, F
|poke|p2|Serperior, F
|poke|p2|Keldeo
|poke|p2|Zapdos
|poke|p2|Landorus, M
|rule|Swagger Clause: Swagger is banned
|rule|Baton Pass Clause: Limit one PokÃ©mon knowing Baton Pass
|rule|Sleep Clause Mod: Limit one foe put to sleep
|rule|Species Clause: Limit one of each PokÃ©mon
|rule|OHKO Clause: OHKO moves are banned
|rule|Moody Clause: Moody is banned
|rule|Evasion Moves Clause: Evasion moves are banned
|rule|Endless Battle Clause: Forcing endless battles is banned
|rule|HP Percentage Mod: HP is shown in percentages
|teampreview
|raw|<div class="broadcast-blue"><b>As of now, the following aliases have been added for the VGC \/ Battle Spot Doubles format: vgc, vgc2015, bsdubs. This means you can create a tournament of them with \/tour create vgc<\/b><\/div>
|
|start
|switch|p1a: Azelf|Azelf|353\/353
|switch|p2a: Serperior|Serperior, F|291\/291
|turn|1
|
|move|p1a: Azelf|Light Screen|p1a: Azelf
|-sidestart|p1: Dr. Marti|move: Light Screen
|move|p2a: Serperior|Substitute|p2a: Serperior
|-start|p2a: Serperior|Substitute
|-damage|p2a: Serperior|219\/291
|
|-heal|p2a: Serperior|237\/291|[from] item: Leftovers
|turn|2
|
|move|p1a: Azelf|Taunt|p2a: Serperior
|-start|p2a: Serperior|move: Taunt
|move|p2a: Serperior|Leaf Storm|p1a: Azelf
|-damage|p1a: Azelf|251\/353
|-boost|p2a: Serperior|spa|2
|
|-heal|p2a: Serperior|255\/291|[from] item: Leftovers
|turn|3
|
|move|p1a: Azelf|Explosion|p2a: Serperior
|-end|p2a: Serperior|Substitute
|faint|p1a: Azelf
|move|p2a: Serperior|Leaf Storm|p1: Azelf|[notarget]
|-notarget
|
|-heal|p2a: Serperior|273\/291|[from] item: Leftovers
|
|switch|p1a: Gorebyss|Gorebyss, F|251\/251
|turn|4
|
|move|p2a: Serperior|Leaf Storm|p1a: Gorebyss
|-supereffective|p1a: Gorebyss
|-damage|p1a: Gorebyss|0 fnt
|-boost|p2a: Serperior|spa|2
|faint|p1a: Gorebyss
|
|-heal|p2a: Serperior|291\/291|[from] item: Leftovers
|-end|p2a: Serperior|move: Taunt
|
|switch|p1a: Klefki|Klefki, F|317\/317
|turn|5
|
|switch|p2a: Landorus|Landorus, M|319\/319
|move|p1a: Klefki|Thunder Wave|p2a: Landorus
|-immune|p2a: Landorus|[msg]
|
|turn|6
|
|move|p1a: Klefki|Reflect|p1a: Klefki
|-sidestart|p1: Dr. Marti|Reflect
|move|p2a: Landorus|Rock Polish|p2a: Landorus
|-boost|p2a: Landorus|spe|2
|
|turn|7
|
|switch|p1a: Whimsicott|Whimsicott, F|323\/323
|move|p2a: Landorus|Earth Power|p1a: Whimsicott
|-resisted|p1a: Whimsicott
|-damage|p1a: Whimsicott|241\/323
|
|-heal|p1a: Whimsicott|261\/323|[from] item: Leftovers
|turn|8
|
|switch|p2a: Serperior|Serperior, F|291\/291
|move|p1a: Whimsicott|Memento|p2a: Serperior
|-boost|p2a: Serperior|atk|2
|-boost|p2a: Serperior|spa|2
|faint|p1a: Whimsicott
|
|-sideend|p1: Dr. Marti|move: Light Screen
|-message|Dr. Marti forfeited.
|
|win|AdityaKhuntia
|raw|Ladder updating...
|leave|Dr. Marti
|player|p1
|join|GunnerAnkita
|raw|Dr. Marti's rating: 1663 &rarr; <strong>1632<\/strong><br \/>(-31 for losing)
|raw|AdityaKhuntia's rating: 1443 &rarr; <strong>1474<\/strong><br \/>(+31 for winning)
|leave|GunnerAnkita