|join|Dr. Marti
|join|Zitane89
|player|p1|Dr. Marti|210
|player|p2|Zitane89|101
|gametype|singles
|gen|6
|tier|OU
|rated
|clearpoke
|poke|p1|Dragonite, F
|poke|p1|Gliscor, M
|poke|p1|Sableye, M
|poke|p1|Breloom, F
|poke|p1|Jirachi
|poke|p1|Blissey, F
|poke|p2|Wobbuffet, F
|poke|p2|Heatran, F
|poke|p2|Vaporeon, F
|poke|p2|Landorus-Therian, M
|poke|p2|Altaria, F
|poke|p2|Zapdos
|rule|Swagger Clause: Swagger is banned
|rule|Baton Pass Clause: Limit one PokÃ©mon knowing Baton Pass
|rule|Sleep Clause Mod: Limit one foe put to sleep
|rule|Species Clause: Limit one of each PokÃ©mon
|rule|OHKO Clause: OHKO moves are banned
|rule|Moody Clause: Moody is banned
|rule|Evasion Moves Clause: Evasion moves are banned
|rule|Endless Battle Clause: Forcing endless battles is banned
|rule|HP Percentage Mod: HP is shown in percentages
|teampreview
|
|start
|switch|p1a: Sableye|Sableye, M|303\/303
|switch|p2a: Wobbuffet|Wobbuffet, F|584\/584
|turn|1
|
|switch|p2a: Altaria|Altaria, F|291\/291
|detailschange|p1a: Sableye|Sableye-Mega, M
|-mega|p1a: Sableye|Sableye|Sablenite
|move|p1a: Sableye|Will-O-Wisp|p2a: Altaria
|-status|p2a: Altaria|brn
|
|-damage|p2a: Altaria|255\/291 brn|[from] brn
|turn|2
|
|switch|p1a: Blissey|Blissey, F|652\/652
|detailschange|p2a: Altaria|Altaria-Mega, F
|-mega|p2a: Altaria|Altaria|Altarianite
|move|p2a: Altaria|Dragon Dance|p2a: Altaria
|-boost|p2a: Altaria|atk|1
|-boost|p2a: Altaria|spe|1
|
|-damage|p2a: Altaria|219\/291 brn|[from] brn
|turn|3
|
|switch|p2a: Vaporeon|Vaporeon, F|464\/464
|move|p1a: Blissey|Protect|p1a: Blissey
|-fail|p1a: Blissey
|
|turn|4
|
|move|p2a: Vaporeon|Heal Bell|p2a: Vaporeon
|-cureteam|p2a: Vaporeon|[from] move: HealBell
|move|p1a: Blissey|Toxic|p2a: Vaporeon
|-status|p2a: Vaporeon|tox
|
|-damage|p2a: Vaporeon|435\/464 tox|[from] psn
|turn|5
|
|switch|p1a: Jirachi|Jirachi|404\/404
|move|p2a: Vaporeon|Wish|p2a: Vaporeon
|
|-heal|p2a: Vaporeon|464\/464 tox|[from] item: Leftovers
|-damage|p2a: Vaporeon|406\/464 tox|[from] psn
|turn|6
|
|switch|p2a: Wobbuffet|Wobbuffet, F|584\/584
|move|p1a: Jirachi|Body Slam|p2a: Wobbuffet
|-damage|p2a: Wobbuffet|505\/584
|
|-heal|p2a: Wobbuffet|584\/584|[from] move: Wish|[wisher] Vaporeon
|turn|7
|
|move|p1a: Jirachi|Wish|p1a: Jirachi
|move|p2a: Wobbuffet|Encore|p1a: Jirachi
|-start|p1a: Jirachi|Encore
|
|turn|8
|
|switch|p2a: Altaria|Altaria-Mega, F|219\/291
|move|p1a: Jirachi|Wish|p1a: Jirachi
|-fail|p1a: Jirachi
|
|turn|9
|
|switch|p1a: Gliscor|Gliscor, M|354\/354
|move|p2a: Altaria|Substitute|p2a: Altaria
|-start|p2a: Altaria|Substitute
|-damage|p2a: Altaria|147\/291
|
|-status|p1a: Gliscor|tox|[from] item: Toxic Orb
|turn|10
|
|move|p2a: Altaria|Dragon Dance|p2a: Altaria
|-boost|p2a: Altaria|atk|1
|-boost|p2a: Altaria|spe|1
|move|p1a: Gliscor|Earthquake|p2a: Altaria
|-end|p2a: Altaria|Substitute
|
|turn|11
|
|move|p2a: Altaria|Return|p1a: Gliscor
|-damage|p1a: Gliscor|149\/354 tox
|move|p1a: Gliscor|Toxic|p2a: Altaria
|-status|p2a: Altaria|tox
|
|-damage|p2a: Altaria|129\/291 tox|[from] psn
|-heal|p1a: Gliscor|193\/354 tox|[from] ability: Poison Heal
|turn|12
|
|move|p1a: Gliscor|Protect|p1a: Gliscor
|-singleturn|p1a: Gliscor|Protect
|move|p2a: Altaria|Dragon Dance|p2a: Altaria
|-boost|p2a: Altaria|atk|1
|-boost|p2a: Altaria|spe|1
|
|-damage|p2a: Altaria|93\/291 tox|[from] psn
|-heal|p1a: Gliscor|237\/354 tox|[from] ability: Poison Heal
|turn|13
|
|switch|p1a: Jirachi|Jirachi|404\/404
|move|p2a: Altaria|Return|p1a: Jirachi
|-crit|p1a: Jirachi
|-resisted|p1a: Jirachi
|-damage|p1a: Jirachi|55\/404
|
|-heal|p1a: Jirachi|80\/404|[from] item: Leftovers
|-damage|p2a: Altaria|39\/291 tox|[from] psn
|turn|14
|
|switch|p2a: Wobbuffet|Wobbuffet, F|584\/584
|move|p1a: Jirachi|Protect|p1a: Jirachi
|-fail|p1a: Jirachi
|
|-heal|p1a: Jirachi|105\/404|[from] item: Leftovers
|turn|15
|
|move|p1a: Jirachi|Wish|p1a: Jirachi
|move|p2a: Wobbuffet|Encore|p1a: Jirachi
|-start|p1a: Jirachi|Encore
|
|-heal|p1a: Jirachi|130\/404|[from] item: Leftovers
|turn|16
|
|switch|p2a: Vaporeon|Vaporeon, F|406\/464 tox
|move|p1a: Jirachi|Wish|p1a: Jirachi
|-fail|p1a: Jirachi
|
|-heal|p1a: Jirachi|332\/404|[from] move: Wish|[wisher] Jirachi
|-heal|p1a: Jirachi|357\/404|[from] item: Leftovers
|-heal|p2a: Vaporeon|435\/464 tox|[from] item: Leftovers
|-damage|p2a: Vaporeon|406\/464 tox|[from] psn
|turn|17
|
|switch|p1a: Breloom|Breloom, F|264\/264
|move|p2a: Vaporeon|Heal Bell|p2a: Vaporeon
|-cureteam|p2a: Vaporeon|[from] move: HealBell
|
|-heal|p2a: Vaporeon|435\/464|[from] item: Leftovers
|-status|p1a: Breloom|tox|[from] item: Toxic Orb
|turn|18
|
|switch|p2a: Wobbuffet|Wobbuffet, F|584\/584
|move|p1a: Breloom|Spore|p2a: Wobbuffet
|-status|p2a: Wobbuffet|slp
|
|turn|19
|
|switch|p2a: Zapdos|Zapdos|321\/321
|-ability|p2a: Zapdos|Pressure
|move|p1a: Breloom|Substitute|p1a: Breloom
|-start|p1a: Breloom|Substitute
|-damage|p1a: Breloom|198\/264 tox
|
|-heal|p1a: Breloom|231\/264 tox|[from] ability: Poison Heal
|turn|20
|
|-singleturn|p1a: Breloom|move: Focus Punch
|move|p2a: Zapdos|Heat Wave|p1a: Breloom
|-supereffective|p1a: Breloom
|-end|p1a: Breloom|Substitute
|-damage|p2a: Zapdos|289\/321|[from] item: Life Orb
|move|p1a: Breloom|Focus Punch|p2a: Zapdos
|-resisted|p2a: Zapdos
|-damage|p2a: Zapdos|134\/321
|
|-heal|p1a: Breloom|264\/264 tox|[from] ability: Poison Heal
|turn|21
|
|switch|p1a: Blissey|Blissey, F|652\/652
|move|p2a: Zapdos|Roost|p2a: Zapdos
|-heal|p2a: Zapdos|295\/321
|
|turn|22
|
|switch|p2a: Vaporeon|Vaporeon, F|435\/464
|move|p1a: Blissey|Toxic|p2a: Vaporeon
|-status|p2a: Vaporeon|tox
|
|-heal|p2a: Vaporeon|464\/464 tox|[from] item: Leftovers
|-damage|p2a: Vaporeon|435\/464 tox|[from] psn
|turn|23
|
|switch|p1a: Breloom|Breloom, F|264\/264 tox
|move|p2a: Vaporeon|Wish|p2a: Vaporeon
|
|-heal|p2a: Vaporeon|464\/464 tox|[from] item: Leftovers
|-damage|p2a: Vaporeon|406\/464 tox|[from] psn
|turn|24
|
|-singleturn|p1a: Breloom|move: Focus Punch
|switch|p2a: Landorus-Therian|Landorus-Therian, M|319\/319
|-ability|p2a: Landorus-Therian|Intimidate|[of] p1a: Breloom
|-unboost|p1a: Breloom|atk|1
|move|p1a: Breloom|Focus Punch|p2a: Landorus-Therian
|-resisted|p2a: Landorus-Therian
|-damage|p2a: Landorus-Therian|214\/319
|
|-heal|p2a: Landorus-Therian|319\/319|[from] move: Wish|[wisher] Vaporeon
|turn|25
|
|switch|p1a: Dragonite|Dragonite, F|386\/386
|move|p2a: Landorus-Therian|U-turn|p1a: Dragonite
|-resisted|p1a: Dragonite
|-damage|p1a: Dragonite|362\/386
|
|switch|p2a: Altaria|Altaria-Mega, F|39\/291
|
|-heal|p1a: Dragonite|386\/386|[from] item: Leftovers
|turn|26
|
|switch|p2a: Landorus-Therian|Landorus-Therian, M|319\/319
|-ability|p2a: Landorus-Therian|Intimidate|[of] p1a: Dragonite
|-unboost|p1a: Dragonite|atk|1
|move|p1a: Dragonite|Dragon Tail|p2a: Landorus-Therian
|-damage|p2a: Landorus-Therian|250\/319
|drag|p2a: Vaporeon|Vaporeon, F|406\/464 tox
|
|-heal|p2a: Vaporeon|435\/464 tox|[from] item: Leftovers
|-damage|p2a: Vaporeon|406\/464 tox|[from] psn
|turn|27
|
|move|p1a: Dragonite|Substitute|p1a: Dragonite
|-start|p1a: Dragonite|Substitute
|-damage|p1a: Dragonite|290\/386
|move|p2a: Vaporeon|Wish|p2a: Vaporeon
|
|-heal|p1a: Dragonite|314\/386|[from] item: Leftovers
|-heal|p2a: Vaporeon|435\/464 tox|[from] item: Leftovers
|-damage|p2a: Vaporeon|377\/464 tox|[from] psn
|turn|28
|
|switch|p2a: Heatran|Heatran, F|386\/386
|move|p1a: Dragonite|Dragon Tail|p2a: Heatran
|-resisted|p2a: Heatran
|-damage|p2a: Heatran|356\/386
|drag|p2a: Landorus-Therian|Landorus-Therian, M|250\/319
|-activate|p1a: Dragonite|Substitute|ability: Intimidate|[of] p2a: Landorus-Therian
|
|-heal|p2a: Landorus-Therian|319\/319|[from] move: Wish|[wisher] Vaporeon
|-heal|p1a: Dragonite|338\/386|[from] item: Leftovers
|turn|29
|
|move|p2a: Landorus-Therian|Stone Edge|p1a: Dragonite
|-supereffective|p1a: Dragonite
|-end|p1a: Dragonite|Substitute
|move|p1a: Dragonite|Dragon Tail|p2a: Landorus-Therian
|-damage|p2a: Landorus-Therian|255\/319
|drag|p2a: Heatran|Heatran, F|356\/386
|
|-heal|p1a: Dragonite|362\/386|[from] item: Leftovers
|-heal|p2a: Heatran|380\/386|[from] item: Leftovers
|turn|30
|
|move|p2a: Heatran|Protect|p2a: Heatran
|-singleturn|p2a: Heatran|Protect
|move|p1a: Dragonite|Thunder Wave|p2a: Heatran
|-activate|p2a: Heatran|Protect
|
|-heal|p1a: Dragonite|386\/386|[from] item: Leftovers
|-heal|p2a: Heatran|386\/386|[from] item: Leftovers
|turn|31
|
|move|p1a: Dragonite|Thunder Wave|p2a: Heatran
|-status|p2a: Heatran|par
|move|p2a: Heatran|Stealth Rock|p1a: Dragonite
|-sidestart|p1: Dr. Marti|move: Stealth Rock
|
|turn|32
|
|switch|p1a: Gliscor|Gliscor, M|237\/354 tox
|-damage|p1a: Gliscor|193\/354 tox|[from] Stealth Rock
|move|p2a: Heatran|Lava Plume|p1a: Gliscor
|-damage|p1a: Gliscor|36\/354 tox
|
|-heal|p1a: Gliscor|80\/354 tox|[from] ability: Poison Heal
|turn|33
|
|switch|p2a: Landorus-Therian|Landorus-Therian, M|255\/319
|-ability|p2a: Landorus-Therian|Intimidate|[of] p1a: Gliscor
|-unboost|p1a: Gliscor|atk|1
|move|p1a: Gliscor|Protect|p1a: Gliscor
|-fail|p1a: Gliscor
|
|-heal|p1a: Gliscor|124\/354 tox|[from] ability: Poison Heal
|turn|34
|
|move|p2a: Landorus-Therian|Stone Edge|p1a: Gliscor
|-crit|p1a: Gliscor
|-damage|p1a: Gliscor|0 fnt
|faint|p1a: Gliscor
|
|c|âDr. Marti|...
|c|âDr. Marti|really=
|c|âDr. Marti|?
|
|switch|p1a: Blissey|Blissey, F|652\/652
|-damage|p1a: Blissey|571\/652|[from] Stealth Rock
|turn|35
|
|move|p2a: Landorus-Therian|Stone Edge|p1a: Blissey
|-damage|p1a: Blissey|287\/652
|move|p1a: Blissey|Toxic|p2a: Landorus-Therian
|-status|p2a: Landorus-Therian|tox
|
|-heal|p1a: Blissey|327\/652|[from] item: Leftovers
|-damage|p2a: Landorus-Therian|236\/319 tox|[from] psn
|turn|36
|
|switch|p2a: Vaporeon|Vaporeon, F|377\/464 tox
|move|p1a: Blissey|Wish|p1a: Blissey
|
|-heal|p2a: Vaporeon|406\/464 tox|[from] item: Leftovers
|-heal|p1a: Blissey|367\/652|[from] item: Leftovers
|-damage|p2a: Vaporeon|377\/464 tox|[from] psn
|turn|37
|
|switch|p1a: Breloom|Breloom, F|264\/264 tox
|-damage|p1a: Breloom|248\/264 tox|[from] Stealth Rock
|move|p2a: Vaporeon|Heal Bell|p2a: Vaporeon
|-cureteam|p2a: Vaporeon|[from] move: HealBell
|
|-heal|p1a: Breloom|264\/264 tox|[from] move: Wish|[wisher] Blissey
|-heal|p2a: Vaporeon|406\/464|[from] item: Leftovers
|turn|38
|
|switch|p2a: Wobbuffet|Wobbuffet, F|584\/584
|move|p1a: Breloom|Seed Bomb|p2a: Wobbuffet
|-damage|p2a: Wobbuffet|394\/584
|
|turn|39
|
|move|p1a: Breloom|Substitute|p1a: Breloom
|-start|p1a: Breloom|Substitute
|-damage|p1a: Breloom|198\/264 tox
|move|p2a: Wobbuffet|Encore|p1a: Breloom
|-start|p1a: Breloom|Encore
|
|-heal|p1a: Breloom|231\/264 tox|[from] ability: Poison Heal
|turn|40
|
|switch|p2a: Heatran|Heatran, F|386\/386
|move|p1a: Breloom|Substitute|p1a: Breloom
|-fail|p1a: Breloom|move: Substitute
|
|-heal|p1a: Breloom|264\/264 tox|[from] ability: Poison Heal
|turn|41
|
|move|p1a: Breloom|Substitute|p1a: Breloom
|-fail|p1a: Breloom|move: Substitute
|move|p2a: Heatran|Roar|p1a: Breloom
|drag|p1a: Jirachi|Jirachi|357\/404
|-damage|p1a: Jirachi|332\/404|[from] Stealth Rock
|
|-heal|p1a: Jirachi|357\/404|[from] item: Leftovers
|turn|42
|
|move|p1a: Jirachi|Protect|p1a: Jirachi
|-singleturn|p1a: Jirachi|Protect
|move|p2a: Heatran|Lava Plume|p1a: Jirachi
|-activate|p1a: Jirachi|Protect
|
|-heal|p1a: Jirachi|382\/404|[from] item: Leftovers
|turn|43
|
|switch|p1a: Dragonite|Dragonite, F|386\/386
|-damage|p1a: Dragonite|290\/386|[from] Stealth Rock
|move|p2a: Heatran|Roar|p1a: Dragonite
|drag|p1a: Sableye|Sableye-Mega, M|303\/303
|-damage|p1a: Sableye|266\/303|[from] Stealth Rock
|
|turn|44
|
|move|p2a: Heatran|Lava Plume|p1a: Sableye
|-damage|p1a: Sableye|184\/303
|-status|p1a: Sableye|brn
|move|p1a: Sableye|Recover|p1a: Sableye
|-heal|p1a: Sableye|303\/303 brn
|
|-damage|p1a: Sableye|266\/303 brn|[from] brn
|turn|45
|
|switch|p1a: Blissey|Blissey, F|367\/652
|-damage|p1a: Blissey|286\/652|[from] Stealth Rock
|move|p2a: Heatran|Lava Plume|p1a: Blissey
|-damage|p1a: Blissey|214\/652
|
|-heal|p1a: Blissey|254\/652|[from] item: Leftovers
|turn|46
|
|switch|p2a: Vaporeon|Vaporeon, F|406\/464
|move|p1a: Blissey|Wish|p1a: Blissey
|
|-heal|p2a: Vaporeon|435\/464|[from] item: Leftovers
|-heal|p1a: Blissey|294\/652|[from] item: Leftovers
|turn|47
|
|switch|p1a: Breloom|Breloom, F|264\/264 tox
|-damage|p1a: Breloom|248\/264 tox|[from] Stealth Rock
|move|p2a: Vaporeon|Toxic|p1a: Breloom
|-fail|p1a: Breloom|tox
|
|-heal|p1a: Breloom|264\/264 tox|[from] move: Wish|[wisher] Blissey
|-heal|p2a: Vaporeon|464\/464|[from] item: Leftovers
|turn|48
|
|switch|p2a: Zapdos|Zapdos|295\/321
|-ability|p2a: Zapdos|Pressure
|move|p1a: Breloom|Substitute|p1a: Breloom
|-start|p1a: Breloom|Substitute
|-damage|p1a: Breloom|198\/264 tox
|
|-heal|p1a: Breloom|231\/264 tox|[from] ability: Poison Heal
|turn|49
|
|move|p2a: Zapdos|Heat Wave|p1a: Breloom
|-crit|p1a: Breloom
|-supereffective|p1a: Breloom
|-end|p1a: Breloom|Substitute
|-damage|p2a: Zapdos|263\/321|[from] item: Life Orb
|move|p1a: Breloom|Spore|p2a: Zapdos
|-status|p2a: Zapdos|slp
|
|-heal|p1a: Breloom|264\/264 tox|[from] ability: Poison Heal
|turn|50
|
|switch|p2a: Wobbuffet|Wobbuffet, F|394\/584
|move|p1a: Breloom|Substitute|p1a: Breloom
|-start|p1a: Breloom|Substitute
|-damage|p1a: Breloom|198\/264 tox
|
|-heal|p1a: Breloom|231\/264 tox|[from] ability: Poison Heal
|turn|51
|
|-singleturn|p1a: Breloom|move: Focus Punch
|move|p1a: Breloom|Focus Punch|p2a: Wobbuffet
|-resisted|p2a: Wobbuffet
|-damage|p2a: Wobbuffet|235\/584
|-enditem|p2a: Wobbuffet|Sitrus Berry|[eat]
|-heal|p2a: Wobbuffet|381\/584|[from] item: Sitrus Berry
|move|p2a: Wobbuffet|Counter|p1a: Breloom
|-end|p1a: Breloom|Substitute
|
|-heal|p1a: Breloom|264\/264 tox|[from] ability: Poison Heal
|turn|52
|
|move|p1a: Breloom|Substitute|p1a: Breloom
|-start|p1a: Breloom|Substitute
|-damage|p1a: Breloom|198\/264 tox
|move|p2a: Wobbuffet|Encore|p1a: Breloom
|-start|p1a: Breloom|Encore
|
|-heal|p1a: Breloom|231\/264 tox|[from] ability: Poison Heal
|turn|53
|
|switch|p2a: Heatran|Heatran, F|386\/386
|move|p1a: Breloom|Substitute|p1a: Breloom
|-fail|p1a: Breloom|move: Substitute
|
|-heal|p1a: Breloom|264\/264 tox|[from] ability: Poison Heal
|turn|54
|
|switch|p1a: Sableye|Sableye-Mega, M|266\/303 brn
|-damage|p1a: Sableye|229\/303 brn|[from] Stealth Rock
|move|p2a: Heatran|Roar|p1a: Sableye
|move|p1a: Sableye|Roar|p2a: Heatran|[from]Magic Bounce
|drag|p2a: Wobbuffet|Wobbuffet, F|381\/584
|
|-damage|p1a: Sableye|192\/303 brn|[from] brn
|turn|55
|
|switch|p2a: Heatran|Heatran, F|386\/386
|move|p1a: Sableye|Recover|p1a: Sableye
|-heal|p1a: Sableye|303\/303 brn
|
|-damage|p1a: Sableye|266\/303 brn|[from] brn
|turn|56
|
|switch|p1a: Dragonite|Dragonite, F|290\/386
|-damage|p1a: Dragonite|194\/386|[from] Stealth Rock
|move|p2a: Heatran|Roar|p1a: Dragonite
|drag|p1a: Jirachi|Jirachi|382\/404
|-damage|p1a: Jirachi|357\/404|[from] Stealth Rock
|
|-heal|p1a: Jirachi|382\/404|[from] item: Leftovers
|turn|57
|
|move|p1a: Jirachi|Protect|p1a: Jirachi
|-singleturn|p1a: Jirachi|Protect
|move|p2a: Heatran|Lava Plume|p1a: Jirachi
|-activate|p1a: Jirachi|Protect
|
|-heal|p1a: Jirachi|404\/404|[from] item: Leftovers
|turn|58
|
|move|p1a: Jirachi|Wish|p1a: Jirachi
|move|p2a: Heatran|Lava Plume|p1a: Jirachi
|-supereffective|p1a: Jirachi
|-damage|p1a: Jirachi|228\/404
|
|-heal|p1a: Jirachi|253\/404|[from] item: Leftovers
|turn|59
|
|switch|p1a: Blissey|Blissey, F|294\/652
|-damage|p1a: Blissey|213\/652|[from] Stealth Rock
|move|p2a: Heatran|Roar|p1a: Blissey
|drag|p1a: Jirachi|Jirachi|253\/404
|-damage|p1a: Jirachi|228\/404|[from] Stealth Rock
|
|-heal|p1a: Jirachi|404\/404|[from] move: Wish|[wisher] Jirachi
|turn|60
|
|move|p1a: Jirachi|Body Slam|p2a: Heatran
|-resisted|p2a: Heatran
|-damage|p2a: Heatran|357\/386
|move|p2a: Heatran|Lava Plume|p1a: Jirachi
|-supereffective|p1a: Jirachi
|-damage|p1a: Jirachi|222\/404
|
|-heal|p1a: Jirachi|247\/404|[from] item: Leftovers
|-heal|p2a: Heatran|381\/386|[from] item: Leftovers
|turn|61
|
|move|p1a: Jirachi|Protect|p1a: Jirachi
|-singleturn|p1a: Jirachi|Protect
|move|p2a: Heatran|Roar|p1a: Jirachi
|drag|p1a: Blissey|Blissey, F|213\/652
|-damage|p1a: Blissey|132\/652|[from] Stealth Rock
|
|-heal|p2a: Heatran|386\/386|[from] item: Leftovers
|-heal|p1a: Blissey|172\/652|[from] item: Leftovers
|turn|62
|
|move|p1a: Blissey|Seismic Toss|p2a: Heatran
|-damage|p2a: Heatran|286\/386
|move|p2a: Heatran|Roar|p1a: Blissey
|drag|p1a: Dragonite|Dragonite, F|194\/386
|-damage|p1a: Dragonite|98\/386|[from] Stealth Rock
|
|-heal|p1a: Dragonite|122\/386|[from] item: Leftovers
|-heal|p2a: Heatran|310\/386|[from] item: Leftovers
|turn|63
|
|move|p1a: Dragonite|Thunder Wave|p2a: Heatran
|-status|p2a: Heatran|par
|move|p2a: Heatran|Roar|p1a: Dragonite
|drag|p1a: Jirachi|Jirachi|247\/404
|-damage|p1a: Jirachi|222\/404|[from] Stealth Rock
|
|-heal|p1a: Jirachi|247\/404|[from] item: Leftovers
|-heal|p2a: Heatran|334\/386 par|[from] item: Leftovers
|turn|64
|
|move|p1a: Jirachi|Wish|p1a: Jirachi
|move|p2a: Heatran|Lava Plume|p1a: Jirachi
|-supereffective|p1a: Jirachi
|-damage|p1a: Jirachi|67\/404
|
|-heal|p1a: Jirachi|92\/404|[from] item: Leftovers
|-heal|p2a: Heatran|358\/386 par|[from] item: Leftovers
|turn|65
|
|move|p1a: Jirachi|Protect|p1a: Jirachi
|-singleturn|p1a: Jirachi|Protect
|move|p2a: Heatran|Roar|p1a: Jirachi
|drag|p1a: Sableye|Sableye-Mega, M|266\/303 brn
|-damage|p1a: Sableye|229\/303 brn|[from] Stealth Rock
|
|-heal|p1a: Sableye|303\/303 brn|[from] move: Wish|[wisher] Jirachi
|-heal|p2a: Heatran|382\/386 par|[from] item: Leftovers
|-damage|p1a: Sableye|266\/303 brn|[from] brn
|turn|66
|
|move|p1a: Sableye|Calm Mind|p1a: Sableye
|-boost|p1a: Sableye|spa|1
|-boost|p1a: Sableye|spd|1
|move|p2a: Heatran|Lava Plume|p1a: Sableye
|-damage|p1a: Sableye|215\/303 brn
|
|-heal|p2a: Heatran|386\/386 par|[from] item: Leftovers
|-damage|p1a: Sableye|178\/303 brn|[from] brn
|turn|67
|
|switch|p2a: Landorus-Therian|Landorus-Therian, M|236\/319
|-ability|p2a: Landorus-Therian|Intimidate|[of] p1a: Sableye
|-unboost|p1a: Sableye|atk|1
|move|p1a: Sableye|Recover|p1a: Sableye
|-heal|p1a: Sableye|303\/303 brn
|
|-damage|p1a: Sableye|266\/303 brn|[from] brn
|turn|68
|
|move|p2a: Landorus-Therian|U-turn|p1a: Sableye
|-damage|p1a: Sableye|178\/303 brn
|
|switch|p2a: Heatran|Heatran, F|386\/386 par
|move|p1a: Sableye|Shadow Ball|p2a: Heatran
|-damage|p2a: Heatran|299\/386 par
|
|-heal|p2a: Heatran|323\/386 par|[from] item: Leftovers
|-damage|p1a: Sableye|141\/303 brn|[from] brn
|turn|69
|
|switch|p2a: Landorus-Therian|Landorus-Therian, M|236\/319
|-ability|p2a: Landorus-Therian|Intimidate|[of] p1a: Sableye
|-unboost|p1a: Sableye|atk|1
|move|p1a: Sableye|Recover|p1a: Sableye
|-heal|p1a: Sableye|293\/303 brn
|
|-damage|p1a: Sableye|256\/303 brn|[from] brn
|turn|70
|
|move|p2a: Landorus-Therian|Earthquake|p1a: Sableye
|-damage|p1a: Sableye|76\/303 brn
|move|p1a: Sableye|Will-O-Wisp|p2a: Landorus-Therian
|-status|p2a: Landorus-Therian|brn
|
|-damage|p2a: Landorus-Therian|197\/319 brn|[from] brn
|-damage|p1a: Sableye|39\/303 brn|[from] brn
|turn|71
|
|switch|p1a: Dragonite|Dragonite, F|122\/386
|-damage|p1a: Dragonite|26\/386|[from] Stealth Rock
|move|p2a: Landorus-Therian|Earthquake|p1a: Dragonite
|-immune|p1a: Dragonite|[msg]
|
|-heal|p1a: Dragonite|50\/386|[from] item: Leftovers
|-damage|p2a: Landorus-Therian|158\/319 brn|[from] brn
|turn|72
|
|switch|p2a: Heatran|Heatran, F|323\/386 par
|move|p1a: Dragonite|Roost|p1a: Dragonite
|-heal|p1a: Dragonite|243\/386
|
|-heal|p1a: Dragonite|267\/386|[from] item: Leftovers
|-heal|p2a: Heatran|347\/386 par|[from] item: Leftovers
|turn|73
|
|move|p1a: Dragonite|Roost|p1a: Dragonite
|-heal|p1a: Dragonite|386\/386
|cant|p2a: Heatran|par
|
|-heal|p2a: Heatran|371\/386 par|[from] item: Leftovers
|turn|74
|
|move|p2a: Heatran|Lava Plume|p1a: Dragonite
|-resisted|p1a: Dragonite
|-damage|p1a: Dragonite|365\/386
|move|p1a: Dragonite|Dragon Tail|p2a: Heatran
|-resisted|p2a: Heatran
|-damage|p2a: Heatran|329\/386 par
|drag|p2a: Wobbuffet|Wobbuffet, F|381\/584
|
|-heal|p1a: Dragonite|386\/386|[from] item: Leftovers
|turn|75
|
|move|p1a: Dragonite|Thunder Wave|p2a: Wobbuffet
|-status|p2a: Wobbuffet|par
|move|p2a: Wobbuffet|Encore|p1a: Dragonite
|-start|p1a: Dragonite|Encore
|
|turn|76
|
|switch|p2a: Vaporeon|Vaporeon, F|464\/464
|move|p1a: Dragonite|Thunder Wave|p2a: Vaporeon
|-status|p2a: Vaporeon|par
|
|turn|77
|
|switch|p1a: Blissey|Blissey, F|172\/652
|-damage|p1a: Blissey|91\/652|[from] Stealth Rock
|cant|p2a: Vaporeon|par
|
|-heal|p1a: Blissey|131\/652|[from] item: Leftovers
|turn|78
|
|switch|p2a: Wobbuffet|Wobbuffet, F|381\/584 par
|move|p1a: Blissey|Wish|p1a: Blissey
|
|-heal|p1a: Blissey|171\/652|[from] item: Leftovers
|turn|79
|
|move|p1a: Blissey|Protect|p1a: Blissey
|-singleturn|p1a: Blissey|Protect
|move|p2a: Wobbuffet|Encore|p1a: Blissey
|-activate|p1a: Blissey|Protect
|
|-heal|p1a: Blissey|497\/652|[from] move: Wish|[wisher] Blissey
|-heal|p1a: Blissey|537\/652|[from] item: Leftovers
|turn|80
|
|move|p1a: Blissey|Wish|p1a: Blissey
|move|p2a: Wobbuffet|Encore|p1a: Blissey
|-start|p1a: Blissey|Encore
|
|-heal|p1a: Blissey|577\/652|[from] item: Leftovers
|turn|81
|
|move|p1a: Blissey|Wish|p1a: Blissey
|-fail|p1a: Blissey
|cant|p2a: Wobbuffet|par
|
|-heal|p1a: Blissey|652\/652|[from] move: Wish|[wisher] Blissey
|turn|82
|
|move|p1a: Blissey|Wish|p1a: Blissey
|move|p2a: Wobbuffet|Counter|p1a: Blissey
|-fail|p1a: Blissey
|
|turn|83
|
|move|p1a: Blissey|Wish|p1a: Blissey
|-fail|p1a: Blissey
|cant|p2a: Wobbuffet|par
|
|-end|p1a: Blissey|Encore
|turn|84
|
|move|p1a: Blissey|Protect|p1a: Blissey
|-singleturn|p1a: Blissey|Protect
|move|p2a: Wobbuffet|Encore|p1a: Blissey
|-activate|p1a: Blissey|Protect
|
|turn|85
|
|switch|p2a: Vaporeon|Vaporeon, F|464\/464 par
|move|p1a: Blissey|Toxic|p2a: Vaporeon
|-fail|p2a: Vaporeon
|
|turn|86
|
|switch|p2a: Heatran|Heatran, F|329\/386 par
|move|p1a: Blissey|Wish|p1a: Blissey
|
|-heal|p2a: Heatran|353\/386 par|[from] item: Leftovers
|turn|87
|
|move|p1a: Blissey|Seismic Toss|p2a: Heatran
|-damage|p2a: Heatran|253\/386 par
|move|p2a: Heatran|Lava Plume|p1a: Blissey
|-damage|p1a: Blissey|588\/652
|-status|p1a: Blissey|brn
|
|-heal|p1a: Blissey|652\/652 brn|[from] move: Wish|[wisher] Blissey
|-heal|p2a: Heatran|277\/386 par|[from] item: Leftovers
|-damage|p1a: Blissey|571\/652 brn|[from] brn
|turn|88
|
|switch|p1a: Dragonite|Dragonite, F|386\/386
|-damage|p1a: Dragonite|290\/386|[from] Stealth Rock
|move|p2a: Heatran|Roar|p1a: Dragonite
|drag|p1a: Jirachi|Jirachi|92\/404
|-damage|p1a: Jirachi|67\/404|[from] Stealth Rock
|
|-heal|p1a: Jirachi|92\/404|[from] item: Leftovers
|-heal|p2a: Heatran|301\/386 par|[from] item: Leftovers
|turn|89
|
|move|p1a: Jirachi|Protect|p1a: Jirachi
|-singleturn|p1a: Jirachi|Protect
|move|p2a: Heatran|Lava Plume|p1a: Jirachi
|-activate|p1a: Jirachi|Protect
|
|-heal|p1a: Jirachi|117\/404|[from] item: Leftovers
|-heal|p2a: Heatran|325\/386 par|[from] item: Leftovers
|turn|90
|
|switch|p1a: Dragonite|Dragonite, F|290\/386
|-damage|p1a: Dragonite|194\/386|[from] Stealth Rock
|cant|p2a: Heatran|par
|
|-heal|p1a: Dragonite|218\/386|[from] item: Leftovers
|-heal|p2a: Heatran|349\/386 par|[from] item: Leftovers
|turn|91
|
|move|p2a: Heatran|Lava Plume|p1a: Dragonite
|-resisted|p1a: Dragonite
|-damage|p1a: Dragonite|176\/386
|move|p1a: Dragonite|Dragon Tail|p2a: Heatran
|-resisted|p2a: Heatran
|-damage|p2a: Heatran|307\/386 par
|drag|p2a: Zapdos|Zapdos|263\/321 slp
|-ability|p2a: Zapdos|Pressure
|
|-heal|p1a: Dragonite|200\/386|[from] item: Leftovers
|turn|92
|
|switch|p2a: Heatran|Heatran, F|307\/386 par
|move|p1a: Dragonite|Dragon Tail|p2a: Heatran
|-resisted|p2a: Heatran
|-damage|p2a: Heatran|262\/386 par
|drag|p2a: Vaporeon|Vaporeon, F|464\/464 par
|
|-heal|p1a: Dragonite|224\/386|[from] item: Leftovers
|turn|93
|
|move|p2a: Vaporeon|Heal Bell|p2a: Vaporeon
|-cureteam|p2a: Vaporeon|[from] move: HealBell
|move|p1a: Dragonite|Dragon Tail|p2a: Vaporeon
|-damage|p2a: Vaporeon|374\/464
|drag|p2a: Heatran|Heatran, F|262\/386
|
|-heal|p1a: Dragonite|248\/386|[from] item: Leftovers
|-heal|p2a: Heatran|286\/386|[from] item: Leftovers
|turn|94
|
|move|p1a: Dragonite|Thunder Wave|p2a: Heatran
|-status|p2a: Heatran|par
|move|p2a: Heatran|Roar|p1a: Dragonite
|drag|p1a: Sableye|Sableye-Mega, M|39\/303 brn
|-damage|p1a: Sableye|2\/303 brn|[from] Stealth Rock
|
|-heal|p2a: Heatran|310\/386 par|[from] item: Leftovers
|-damage|p1a: Sableye|0 fnt|[from] brn
|faint|p1a: Sableye
|
|switch|p1a: Dragonite|Dragonite, F|248\/386
|-damage|p1a: Dragonite|152\/386|[from] Stealth Rock
|turn|95
|
|move|p1a: Dragonite|Roost|p1a: Dragonite
|-heal|p1a: Dragonite|345\/386
|move|p2a: Heatran|Roar|p1a: Dragonite
|drag|p1a: Blissey|Blissey, F|571\/652
|-damage|p1a: Blissey|490\/652|[from] Stealth Rock
|
|-heal|p1a: Blissey|530\/652|[from] item: Leftovers
|-heal|p2a: Heatran|334\/386 par|[from] item: Leftovers
|turn|96
|
|move|p1a: Blissey|Wish|p1a: Blissey
|move|p2a: Heatran|Roar|p1a: Blissey
|drag|p1a: Breloom|Breloom, F|264\/264 tox
|-damage|p1a: Breloom|248\/264 tox|[from] Stealth Rock
|
|-heal|p2a: Heatran|358\/386 par|[from] item: Leftovers
|-heal|p1a: Breloom|264\/264 tox|[from] ability: Poison Heal
|turn|97
|
|move|p1a: Breloom|Substitute|p1a: Breloom
|-start|p1a: Breloom|Substitute
|-damage|p1a: Breloom|198\/264 tox
|move|p2a: Heatran|Lava Plume|p1a: Breloom
|-supereffective|p1a: Breloom
|-end|p1a: Breloom|Substitute
|
|-heal|p1a: Breloom|264\/264 tox|[from] move: Wish|[wisher] Blissey
|-heal|p2a: Heatran|382\/386 par|[from] item: Leftovers
|turn|98
|
|switch|p2a: Wobbuffet|Wobbuffet, F|381\/584
|move|p1a: Breloom|Substitute|p1a: Breloom
|-start|p1a: Breloom|Substitute
|-damage|p1a: Breloom|198\/264 tox
|
|-heal|p1a: Breloom|231\/264 tox|[from] ability: Poison Heal
|turn|99
|
|move|p1a: Breloom|Spore|p2a: Wobbuffet
|-status|p2a: Wobbuffet|slp
|cant|p2a: Wobbuffet|slp
|
|-heal|p1a: Breloom|264\/264 tox|[from] ability: Poison Heal
|turn|100
|
|-singleturn|p1a: Breloom|move: Focus Punch
|move|p1a: Breloom|Focus Punch|p2a: Wobbuffet
|-resisted|p2a: Wobbuffet
|-damage|p2a: Wobbuffet|225\/584 slp
|-curestatus|p2a: Wobbuffet|slp
|move|p2a: Wobbuffet|Counter|p1a: Breloom
|-end|p1a: Breloom|Substitute
|
|turn|101
|
|switch|p2a: Zapdos|Zapdos|263\/321
|-ability|p2a: Zapdos|Pressure
|move|p1a: Breloom|Spore|p2a: Zapdos
|-status|p2a: Zapdos|slp
|
|turn|102
|
|switch|p2a: Landorus-Therian|Landorus-Therian, M|158\/319
|-ability|p2a: Landorus-Therian|Intimidate|[of] p1a: Breloom
|-unboost|p1a: Breloom|atk|1
|move|p1a: Breloom|Substitute|p1a: Breloom
|-start|p1a: Breloom|Substitute
|-damage|p1a: Breloom|198\/264 tox
|
|-heal|p1a: Breloom|231\/264 tox|[from] ability: Poison Heal
|turn|103
|
|move|p2a: Landorus-Therian|U-turn|p1a: Breloom
|-end|p1a: Breloom|Substitute
|
|switch|p2a: Wobbuffet|Wobbuffet, F|225\/584
|move|p1a: Breloom|Seed Bomb|p2a: Wobbuffet
|-damage|p2a: Wobbuffet|96\/584
|
|-heal|p1a: Breloom|264\/264 tox|[from] ability: Poison Heal
|turn|104
|
|switch|p2a: Landorus-Therian|Landorus-Therian, M|158\/319
|-ability|p2a: Landorus-Therian|Intimidate|[of] p1a: Breloom
|-unboost|p1a: Breloom|atk|1
|move|p1a: Breloom|Seed Bomb|p2a: Landorus-Therian
|-damage|p2a: Landorus-Therian|68\/319
|
|turn|105
|
|switch|p1a: Dragonite|Dragonite, F|345\/386
|-damage|p1a: Dragonite|249\/386|[from] Stealth Rock
|move|p2a: Landorus-Therian|U-turn|p1a: Dragonite
|-resisted|p1a: Dragonite
|-damage|p1a: Dragonite|199\/386
|
|switch|p2a: Altaria|Altaria-Mega, F|39\/291
|
|-heal|p1a: Dragonite|223\/386|[from] item: Leftovers
|turn|106
|
|switch|p1a: Blissey|Blissey, F|530\/652
|-damage|p1a: Blissey|449\/652|[from] Stealth Rock
|move|p2a: Altaria|Return|p1a: Blissey
|-damage|p1a: Blissey|0 fnt
|faint|p1a: Blissey
|
|
|switch|p1a: Breloom|Breloom, F|264\/264 tox
|-damage|p1a: Breloom|248\/264 tox|[from] Stealth Rock
|turn|107
|
|switch|p2a: Landorus-Therian|Landorus-Therian, M|68\/319
|-ability|p2a: Landorus-Therian|Intimidate|[of] p1a: Breloom
|-unboost|p1a: Breloom|atk|1
|move|p1a: Breloom|Seed Bomb|p2a: Landorus-Therian
|-damage|p2a: Landorus-Therian|0 fnt
|faint|p2a: Landorus-Therian
|
|-heal|p1a: Breloom|264\/264 tox|[from] ability: Poison Heal
|
|switch|p2a: Vaporeon|Vaporeon, F|374\/464
|turn|108
|
|move|p1a: Breloom|Seed Bomb|p2a: Vaporeon
|-supereffective|p2a: Vaporeon
|-damage|p2a: Vaporeon|174\/464
|move|p2a: Vaporeon|Heal Bell|p2a: Vaporeon
|-cureteam|p2a: Vaporeon|[from] move: HealBell
|
|-heal|p2a: Vaporeon|203\/464|[from] item: Leftovers
|turn|109
|
|move|p1a: Breloom|Substitute|p1a: Breloom
|-start|p1a: Breloom|Substitute
|-damage|p1a: Breloom|198\/264 tox
|move|p2a: Vaporeon|Wish|p2a: Vaporeon
|
|-heal|p2a: Vaporeon|232\/464|[from] item: Leftovers
|-heal|p1a: Breloom|231\/264 tox|[from] ability: Poison Heal
|turn|110
|
|switch|p2a: Zapdos|Zapdos|263\/321
|-ability|p2a: Zapdos|Pressure
|move|p1a: Breloom|Seed Bomb|p2a: Zapdos
|-resisted|p2a: Zapdos
|-damage|p2a: Zapdos|207\/321
|
|-heal|p2a: Zapdos|321\/321|[from] move: Wish|[wisher] Vaporeon
|-heal|p1a: Breloom|264\/264 tox|[from] ability: Poison Heal
|turn|111
|
|move|p2a: Zapdos|Heat Wave|p1a: Breloom
|-supereffective|p1a: Breloom
|-end|p1a: Breloom|Substitute
|-damage|p2a: Zapdos|289\/321|[from] item: Life Orb
|move|p1a: Breloom|Spore|p2a: Zapdos
|-status|p2a: Zapdos|slp
|
|turn|112
|
|switch|p1a: Jirachi|Jirachi|117\/404
|-damage|p1a: Jirachi|92\/404|[from] Stealth Rock
|cant|p2a: Zapdos|slp
|
|-heal|p1a: Jirachi|117\/404|[from] item: Leftovers
|turn|113
|
|-curestatus|p2a: Zapdos|slp
|move|p2a: Zapdos|Heat Wave|p1a: Jirachi
|-supereffective|p1a: Jirachi
|-damage|p1a: Jirachi|0 fnt
|-damage|p2a: Zapdos|257\/321|[from] item: Life Orb
|faint|p1a: Jirachi
|
|c|âDr. Marti|....
|c|âDr. Marti|after 100 turns hax decides
|c|âDr. Marti|bravissimo
|c|âZitane89|sorry
|
|switch|p1a: Dragonite|Dragonite, F|223\/386
|-damage|p1a: Dragonite|127\/386|[from] Stealth Rock
|turn|114
|
|move|p2a: Zapdos|Thunderbolt|p1a: Dragonite
|-damage|p1a: Dragonite|0 fnt
|-damage|p2a: Zapdos|225\/321|[from] item: Life Orb
|faint|p1a: Dragonite
|
|
|switch|p1a: Breloom|Breloom, F|264\/264 tox
|-damage|p1a: Breloom|248\/264 tox|[from] Stealth Rock
|turn|115
|c|âDr. Marti|...
|
|move|p2a: Zapdos|Heat Wave|p1a: Breloom
|-miss|p2a: Zapdos|p1a: Breloom
|move|p1a: Breloom|Spore|p2a: Zapdos
|-status|p2a: Zapdos|slp
|
|-heal|p1a: Breloom|264\/264 tox|[from] ability: Poison Heal
|turn|116
|
|cant|p2a: Zapdos|slp
|move|p1a: Breloom|Substitute|p1a: Breloom
|-start|p1a: Breloom|Substitute
|-damage|p1a: Breloom|198\/264 tox
|
|-heal|p1a: Breloom|231\/264 tox|[from] ability: Poison Heal
|turn|117
|
|-singleturn|p1a: Breloom|move: Focus Punch
|-curestatus|p2a: Zapdos|slp
|move|p2a: Zapdos|Heat Wave|p1a: Breloom
|-miss|p2a: Zapdos|p1a: Breloom
|move|p1a: Breloom|Focus Punch|p2a: Zapdos
|-resisted|p2a: Zapdos
|-damage|p2a: Zapdos|45\/321
|
|-heal|p1a: Breloom|264\/264 tox|[from] ability: Poison Heal
|turn|118
|
|switch|p2a: Wobbuffet|Wobbuffet, F|96\/584
|move|p1a: Breloom|Spore|p2a: Wobbuffet
|-status|p2a: Wobbuffet|slp
|
|turn|119
|
|move|p1a: Breloom|Seed Bomb|p2a: Wobbuffet
|-damage|p2a: Wobbuffet|0 fnt
|faint|p2a: Wobbuffet
|
|
|switch|p2a: Vaporeon|Vaporeon, F|232\/464
|turn|120
|
|move|p2a: Vaporeon|Protect|p2a: Vaporeon
|-singleturn|p2a: Vaporeon|Protect
|move|p1a: Breloom|Seed Bomb|p2a: Vaporeon
|-activate|p2a: Vaporeon|Protect
|
|-heal|p2a: Vaporeon|261\/464|[from] item: Leftovers
|turn|121
|
|move|p1a: Breloom|Seed Bomb|p2a: Vaporeon
|-supereffective|p2a: Vaporeon
|-damage|p2a: Vaporeon|0 fnt
|faint|p2a: Vaporeon
|
|
|switch|p2a: Altaria|Altaria-Mega, F|39\/291
|turn|122
|
|move|p2a: Altaria|Return|p1a: Breloom
|-supereffective|p1a: Breloom
|-end|p1a: Breloom|Substitute
|move|p1a: Breloom|Spore|p2a: Altaria
|-status|p2a: Altaria|slp
|
|turn|123
|
|cant|p2a: Altaria|slp
|move|p1a: Breloom|Substitute|p1a: Breloom
|-start|p1a: Breloom|Substitute
|-damage|p1a: Breloom|198\/264 tox
|
|-heal|p1a: Breloom|231\/264 tox|[from] ability: Poison Heal
|turn|124
|
|cant|p2a: Altaria|slp
|move|p1a: Breloom|Seed Bomb|p2a: Altaria
|-resisted|p2a: Altaria
|-damage|p2a: Altaria|0 fnt
|faint|p2a: Altaria
|
|-heal|p1a: Breloom|264\/264 tox|[from] ability: Poison Heal
|
|switch|p2a: Heatran|Heatran, F|382\/386
|turn|125
|c|âDr. Marti|hell yeah
|
|move|p1a: Breloom|Spore|p2a: Heatran
|-status|p2a: Heatran|slp
|cant|p2a: Heatran|slp
|
|-heal|p2a: Heatran|386\/386 slp|[from] item: Leftovers
|turn|126
|
|-singleturn|p1a: Breloom|move: Focus Punch
|-curestatus|p2a: Heatran|slp
|move|p2a: Heatran|Lava Plume|p1a: Breloom
|-supereffective|p1a: Breloom
|-end|p1a: Breloom|Substitute
|move|p1a: Breloom|Focus Punch|p2a: Heatran
|-supereffective|p2a: Heatran
|-damage|p2a: Heatran|0 fnt
|faint|p2a: Heatran
|
|
|switch|p2a: Zapdos|Zapdos|45\/321
|-ability|p2a: Zapdos|Pressure
|turn|127
|
|move|p2a: Zapdos|Heat Wave|p1a: Breloom
|-miss|p2a: Zapdos|p1a: Breloom
|move|p1a: Breloom|Seed Bomb|p2a: Zapdos
|-resisted|p2a: Zapdos
|-damage|p2a: Zapdos|0 fnt
|faint|p2a: Zapdos
|
|win|Dr. Marti
|raw|Ladder updating...
|raw|Dr. Marti's rating: 1341 &rarr; <strong>1360<\/strong><br \/>(+19 for winning)
|raw|Zitane89's rating: 1332 &rarr; <strong>1312<\/strong><br \/>(-20 for losing)
|c|âZitane89|...
|c|âZitane89|gg
|c|âDr. Marti|what a comeback
|c|âDr. Marti|gg
|c|âDr. Marti|xd
|c|âDr. Marti|LOL
|c|âDr. Marti|ahahahhaahahah