|join|subzeromk
|join|Dr. Marti
|player|p1|subzeromk|20
|player|p2|Dr. Marti|147
|gametype|singles
|gen|6
|tier|OU
|rated
|clearpoke
|poke|p1|Celebi
|poke|p1|Gardevoir, M
|poke|p1|Bisharp, F
|poke|p1|Azumarill, F
|poke|p1|Latias, F
|poke|p1|Garchomp, F
|poke|p2|Espeon, F
|poke|p2|Smeargle, F
|poke|p2|Whimsicott, M
|poke|p2|Azelf
|poke|p2|Klefki, F
|poke|p2|Talonflame, F
|rule|Swagger Clause: Swagger is banned
|rule|Baton Pass Clause: Limit one PokÃ©mon knowing Baton Pass
|rule|Sleep Clause Mod: Limit one foe put to sleep
|rule|Species Clause: Limit one of each PokÃ©mon
|rule|OHKO Clause: OHKO moves are banned
|rule|Moody Clause: Moody is banned
|rule|Evasion Moves Clause: Evasion moves are banned
|rule|Endless Battle Clause: Forcing endless battles is banned
|rule|HP Percentage Mod: HP is shown in percentages
|teampreview
|
|start
|switch|p1a: Azumarill|Azumarill, F|363\/363
|switch|p2a: Azelf|Azelf|353\/353
|turn|1
|
|move|p1a: Azumarill|Aqua Jet|p2a: Azelf
|-damage|p2a: Azelf|167\/353
|move|p2a: Azelf|Reflect|p2a: Azelf
|-sidestart|p2: Dr. Marti|Reflect
|
|turn|2
|
|switch|p1a: Bisharp|Bisharp, F|272\/272
|move|p2a: Azelf|Light Screen|p2a: Azelf
|-sidestart|p2: Dr. Marti|move: Light Screen
|
|turn|3
|
|move|p2a: Azelf|Taunt|p1a: Bisharp
|-start|p1a: Bisharp|move: Taunt
|cant|p1a: Bisharp|move: Taunt|Swords Dance
|
|turn|4
|
|move|p1a: Bisharp|Sucker Punch|p2a: Azelf
|-supereffective|p2a: Azelf
|-damage|p2a: Azelf|0 fnt
|-damage|p1a: Bisharp|245\/272|[from] item: Life Orb
|faint|p2a: Azelf
|
|
|switch|p2a: Talonflame|Talonflame, F|297\/297
|turn|5
|
|switch|p2a: Whimsicott|Whimsicott, M|323\/323
|switch|p1a: Latias|Latias, F|319\/319
|
|turn|6
|
|move|p2a: Whimsicott|Memento|p1a: Latias
|-unboost|p1a: Latias|atk|2
|-unboost|p1a: Latias|spa|2
|faint|p2a: Whimsicott
|move|p1a: Latias|Defog|p2: Whimsicott|[notarget]
|-notarget
|
|
|switch|p2a: Smeargle|Smeargle, F|314\/314
|turn|7
|
|move|p1a: Latias|Defog|p2a: Smeargle
|-unboost|p2a: Smeargle|evasion|1
|-sideend|p2: Dr. Marti|Reflect
|-sideend|p2: Dr. Marti|Reflect|[from] move: Defog|[of] p2a: Smeargle
|-sideend|p2: Dr. Marti|move: Light Screen
|-sideend|p2: Dr. Marti|Light Screen|[from] move: Defog|[of] p2a: Smeargle
|move|p2a: Smeargle|Geomancy|p2a: Smeargle|[still]
|-prepare|p2a: Smeargle|Geomancy|p2a: Smeargle
|-enditem|p2a: Smeargle|Power Herb
|-anim|p2a: Smeargle|Geomancy|p2a: Smeargle
|-boost|p2a: Smeargle|spa|2
|-boost|p2a: Smeargle|spd|2
|-boost|p2a: Smeargle|spe|2
|
|turn|8
|
|switch|p1a: Bisharp|Bisharp, F|245\/272
|move|p2a: Smeargle|Spore|p1a: Bisharp
|-status|p1a: Bisharp|slp
|
|turn|9
|
|move|p2a: Smeargle|Cotton Guard|p2a: Smeargle
|-boost|p2a: Smeargle|def|3
|cant|p1a: Bisharp|slp
|
|turn|10
|
|move|p2a: Smeargle|Cotton Guard|p2a: Smeargle
|-boost|p2a: Smeargle|def|3
|cant|p1a: Bisharp|slp
|
|turn|11
|
|move|p2a: Smeargle|Baton Pass|p2a: Smeargle
|
|switch|p2a: Espeon|Espeon, F|334\/334
|-curestatus|p1a: Bisharp|slp
|move|p1a: Bisharp|Swords Dance|p1a: Bisharp
|-boost|p1a: Bisharp|atk|2
|
|turn|12
|
|move|p2a: Espeon|Substitute|p2a: Espeon
|-start|p2a: Espeon|Substitute
|-damage|p2a: Espeon|251\/334
|move|p1a: Bisharp|Knock Off|p2a: Espeon
|-supereffective|p2a: Espeon
|-end|p2a: Espeon|Substitute
|-damage|p1a: Bisharp|218\/272|[from] item: Life Orb
|
|-heal|p2a: Espeon|271\/334|[from] item: Leftovers
|turn|13
|c|âDr. Marti|shit
|c|âDr. Marti|im done
|
|move|p2a: Espeon|Substitute|p2a: Espeon
|-start|p2a: Espeon|Substitute
|-damage|p2a: Espeon|188\/334
|move|p1a: Bisharp|Knock Off|p2a: Espeon
|-supereffective|p2a: Espeon
|-end|p2a: Espeon|Substitute
|-damage|p1a: Bisharp|191\/272|[from] item: Life Orb
|
|-heal|p2a: Espeon|208\/334|[from] item: Leftovers
|turn|14
|
|move|p1a: Bisharp|Sucker Punch|p2a: Espeon
|-supereffective|p2a: Espeon
|-damage|p2a: Espeon|0 fnt
|-damage|p1a: Bisharp|164\/272|[from] item: Life Orb
|faint|p2a: Espeon
|
|c|âDr. Marti|fuck yourself
|c|âDr. Marti|fuuuuck you
|c|âsubzeromk|:)
|c|âDr. Marti|piece of sit
|c|âsubzeromk|+4 lol
|c|âDr. Marti|fuck your nan
|
|switch|p2a: Klefki|Klefki, F|317\/317
|turn|15
|
|move|p2a: Klefki|Thunder Wave|p1a: Bisharp
|-status|p1a: Bisharp|par
|move|p1a: Bisharp|Iron Head|p2a: Klefki
|-damage|p2a: Klefki|40\/317
|-damage|p1a: Bisharp|137\/272 par|[from] item: Life Orb
|
|turn|16
|
|move|p2a: Klefki|Reflect|p2a: Klefki
|-sidestart|p2: Dr. Marti|Reflect
|move|p1a: Bisharp|Knock Off|p2a: Klefki
|-resisted|p2a: Klefki
|-damage|p2a: Klefki|0 fnt
|-enditem|p2a: Klefki|Light Clay|[from] move: Knock Off|[of] p1a: Bisharp
|-damage|p1a: Bisharp|110\/272 par|[from] item: Life Orb
|faint|p2a: Klefki
|
|
|switch|p2a: Talonflame|Talonflame, F|297\/297
|turn|17
|
|move|p2a: Talonflame|Flare Blitz|p1a: Bisharp
|-supereffective|p1a: Bisharp
|-damage|p1a: Bisharp|0 fnt
|-damage|p2a: Talonflame|261\/297|[from] recoil|[of] p1a: Bisharp
|faint|p1a: Bisharp
|
|-heal|p2a: Talonflame|279\/297|[from] item: Leftovers
|
|switch|p1a: Celebi|Celebi|403\/403
|turn|18
|c|âDr. Marti|dirty asshole
|
|move|p2a: Talonflame|Flare Blitz|p1a: Celebi
|-supereffective|p1a: Celebi
|-damage|p1a: Celebi|139\/403
|-damage|p2a: Talonflame|192\/297|[from] recoil|[of] p1a: Celebi
|move|p1a: Celebi|Thunder Wave|p2a: Talonflame
|-status|p2a: Talonflame|par
|
|-heal|p1a: Celebi|164\/403|[from] item: Leftovers
|-heal|p2a: Talonflame|210\/297 par|[from] item: Leftovers
|turn|19
|-message|Dr. Marti forfeited.
|leave|Dr. Marti
|
|win|subzeromk
|raw|Ladder updating...
|player|p2
|raw|subzeromk's rating: 1697 &rarr; <strong>1717<\/strong><br \/>(+20 for winning)
|raw|Dr. Marti's rating: 1699 &rarr; <strong>1679<\/strong><br \/>(-20 for losing)