|join|Revangel93
|join|Dr. Marti
|player|p1|Revangel93|25
|player|p2|Dr. Marti|210
|gametype|singles
|gen|6
|tier|OU
|rated
|clearpoke
|poke|p1|Hawlucha, F
|poke|p1|Diancie
|poke|p1|Landorus-Therian, M
|poke|p1|Latias, F
|poke|p1|Magnezone
|poke|p1|Scizor, F
|poke|p2|Dragonite, F
|poke|p2|Gliscor, M
|poke|p2|Sableye, F
|poke|p2|Breloom, F
|poke|p2|Jirachi
|poke|p2|Blissey, F
|rule|Swagger Clause: Swagger is banned
|rule|Baton Pass Clause: Limit one PokÃ©mon knowing Baton Pass
|rule|Sleep Clause Mod: Limit one foe put to sleep
|rule|Species Clause: Limit one of each PokÃ©mon
|rule|OHKO Clause: OHKO moves are banned
|rule|Moody Clause: Moody is banned
|rule|Evasion Moves Clause: Evasion moves are banned
|rule|Endless Battle Clause: Forcing endless battles is banned
|rule|HP Percentage Mod: HP is shown in percentages
|teampreview
|
|start
|switch|p1a: Landorus-Therian|Landorus-Therian, M|382\/382
|switch|p2a: Sableye|Sableye, F|303\/303
|-ability|p1a: Landorus-Therian|Intimidate|[of] p2a: Sableye
|-unboost|p2a: Sableye|atk|1
|turn|1
|
|detailschange|p2a: Sableye|Sableye-Mega, F
|-mega|p2a: Sableye|Sableye|Sablenite
|move|p2a: Sableye|Will-O-Wisp|p1a: Landorus-Therian
|-status|p1a: Landorus-Therian|brn
|move|p1a: Landorus-Therian|U-turn|p2a: Sableye
|-damage|p2a: Sableye|280\/303
|
|switch|p1a: Diancie|Diancie|241\/241
|
|turn|2
|
|switch|p2a: Jirachi|Jirachi|404\/404
|detailschange|p1a: Diancie|Diancie-Mega
|-mega|p1a: Diancie|Diancie|Diancite
|move|p1a: Diancie|Moonblast|p2a: Jirachi
|-resisted|p2a: Jirachi
|-damage|p2a: Jirachi|332\/404
|-unboost|p2a: Jirachi|spa|1
|
|-heal|p2a: Jirachi|357\/404|[from] item: Leftovers
|turn|3
|
|switch|p1a: Magnezone|Magnezone|281\/281
|move|p2a: Jirachi|Iron Head|p1a: Magnezone
|-resisted|p1a: Magnezone
|-damage|p1a: Magnezone|260\/281
|
|-heal|p2a: Jirachi|382\/404|[from] item: Leftovers
|turn|4
|
|move|p2a: Jirachi|Protect|p2a: Jirachi
|-singleturn|p2a: Jirachi|Protect
|move|p1a: Magnezone|Hidden Power|p2a: Jirachi
|-activate|p2a: Jirachi|Protect
|
|-heal|p2a: Jirachi|404\/404|[from] item: Leftovers
|turn|5
|
|move|p1a: Magnezone|Hidden Power|p2a: Jirachi
|-supereffective|p2a: Jirachi
|-damage|p2a: Jirachi|298\/404
|move|p2a: Jirachi|Wish|p2a: Jirachi
|
|-heal|p2a: Jirachi|323\/404|[from] item: Leftovers
|turn|6
|c|âDr. Marti|hehhe
|
|switch|p1a: Scizor|Scizor, F|311\/311
|move|p2a: Jirachi|Body Slam|p1a: Scizor
|-resisted|p1a: Scizor
|-damage|p1a: Scizor|278\/311
|-status|p1a: Scizor|par
|
|-heal|p2a: Jirachi|404\/404|[from] move: Wish|[wisher] Jirachi
|turn|7
|
|switch|p2a: Dragonite|Dragonite, F|386\/386
|move|p1a: Scizor|U-turn|p2a: Dragonite
|-resisted|p2a: Dragonite
|-damage|p2a: Dragonite|337\/386
|
|switch|p1a: Landorus-Therian|Landorus-Therian, M|382\/382 brn
|-ability|p1a: Landorus-Therian|Intimidate|[of] p2a: Dragonite
|-unboost|p2a: Dragonite|atk|1
|
|-heal|p2a: Dragonite|361\/386|[from] item: Leftovers
|-damage|p1a: Landorus-Therian|335\/382 brn|[from] brn
|turn|8
|
|switch|p2a: Sableye|Sableye-Mega, F|280\/303
|move|p1a: Landorus-Therian|Stealth Rock|p2a: Sableye
|move|p2a: Sableye|Stealth Rock|p1a: Landorus-Therian|[from]Magic Bounce
|-sidestart|p1: Revangel93|move: Stealth Rock
|
|-heal|p1a: Landorus-Therian|358\/382 brn|[from] item: Leftovers
|-damage|p1a: Landorus-Therian|311\/382 brn|[from] brn
|turn|9
|
|move|p1a: Landorus-Therian|U-turn|p2a: Sableye
|-crit|p2a: Sableye
|-damage|p2a: Sableye|246\/303
|
|switch|p1a: Scizor|Scizor, F|278\/311 par
|-damage|p1a: Scizor|240\/311 par|[from] Stealth Rock
|move|p2a: Sableye|Recover|p2a: Sableye
|-heal|p2a: Sableye|303\/303
|
|turn|10
|
|switch|p2a: Dragonite|Dragonite, F|361\/386
|move|p1a: Scizor|Knock Off|p2a: Dragonite
|-damage|p2a: Dragonite|165\/386
|-enditem|p2a: Dragonite|Leftovers|[from] move: Knock Off|[of] p1a: Scizor
|
|turn|11
|
|move|p2a: Dragonite|Substitute|p2a: Dragonite
|-start|p2a: Dragonite|Substitute
|-damage|p2a: Dragonite|69\/386
|move|p1a: Scizor|Knock Off|p2a: Dragonite
|-end|p2a: Dragonite|Substitute
|
|turn|12
|
|move|p2a: Dragonite|Roost|p2a: Dragonite
|-heal|p2a: Dragonite|262\/386
|move|p1a: Scizor|Knock Off|p2a: Dragonite
|-crit|p2a: Dragonite
|-damage|p2a: Dragonite|51\/386
|
|turn|13
|
|move|p2a: Dragonite|Roost|p2a: Dragonite
|-heal|p2a: Dragonite|244\/386
|move|p1a: Scizor|Knock Off|p2a: Dragonite
|-damage|p2a: Dragonite|121\/386
|
|turn|14
|
|switch|p1a: Diancie|Diancie-Mega|241\/241
|-damage|p1a: Diancie|211\/241|[from] Stealth Rock
|move|p2a: Dragonite|Roost|p2a: Dragonite
|-heal|p2a: Dragonite|314\/386
|
|turn|15
|
|switch|p1a: Scizor|Scizor, F|240\/311 par
|-damage|p1a: Scizor|202\/311 par|[from] Stealth Rock
|switch|p2a: Jirachi|Jirachi|404\/404
|
|turn|16
|
|switch|p2a: Dragonite|Dragonite, F|314\/386
|cant|p1a: Scizor|par
|
|turn|17
|
|cant|p1a: Scizor|par
|move|p2a: Dragonite|Substitute|p2a: Dragonite
|-start|p2a: Dragonite|Substitute
|-damage|p2a: Dragonite|218\/386
|
|turn|18
|
|move|p1a: Scizor|Bullet Punch|p2a: Dragonite
|-end|p2a: Dragonite|Substitute
|move|p2a: Dragonite|Dragon Tail|p1a: Scizor
|-resisted|p1a: Scizor
|-damage|p1a: Scizor|154\/311 par
|drag|p1a: Landorus-Therian|Landorus-Therian, M|311\/382 brn
|-damage|p1a: Landorus-Therian|264\/382 brn|[from] Stealth Rock
|-ability|p1a: Landorus-Therian|Intimidate|[of] p2a: Dragonite
|-unboost|p2a: Dragonite|atk|1
|
|-heal|p1a: Landorus-Therian|287\/382 brn|[from] item: Leftovers
|-damage|p1a: Landorus-Therian|240\/382 brn|[from] brn
|turn|19
|
|switch|p2a: Sableye|Sableye-Mega, F|303\/303
|move|p1a: Landorus-Therian|Rock Slide|p2a: Sableye
|-damage|p2a: Sableye|276\/303
|
|-heal|p1a: Landorus-Therian|263\/382 brn|[from] item: Leftovers
|-damage|p1a: Landorus-Therian|216\/382 brn|[from] brn
|turn|20
|
|move|p1a: Landorus-Therian|U-turn|p2a: Sableye
|-damage|p2a: Sableye|252\/303
|
|switch|p1a: Latias|Latias, F|363\/363
|-damage|p1a: Latias|318\/363|[from] Stealth Rock
|move|p2a: Sableye|Shadow Ball|p1a: Latias
|-crit|p1a: Latias
|-supereffective|p1a: Latias
|-damage|p1a: Latias|168\/363
|
|-heal|p1a: Latias|190\/363|[from] item: Leftovers
|turn|21
|
|move|p1a: Latias|Defog|p2a: Sableye
|move|p2a: Sableye|Defog|p1a: Latias|[from]Magic Bounce
|-unboost|p1a: Latias|evasion|1
|-sideend|p1: Revangel93|Stealth Rock|[from] move: Defog|[of] p1a: Latias
|move|p2a: Sableye|Will-O-Wisp|p1a: Latias
|-status|p1a: Latias|brn
|
|-heal|p1a: Latias|212\/363 brn|[from] item: Leftovers
|-damage|p1a: Latias|167\/363 brn|[from] brn
|turn|22
|
|move|p1a: Latias|Draco Meteor|p2a: Sableye
|-damage|p2a: Sableye|110\/303
|-unboost|p1a: Latias|spa|2
|move|p2a: Sableye|Shadow Ball|p1a: Latias
|-supereffective|p1a: Latias
|-damage|p1a: Latias|63\/363 brn
|
|-heal|p1a: Latias|85\/363 brn|[from] item: Leftovers
|-damage|p1a: Latias|40\/363 brn|[from] brn
|turn|23
|
|switch|p1a: Scizor|Scizor, F|154\/311 par
|move|p2a: Sableye|Recover|p2a: Sableye
|-heal|p2a: Sableye|262\/303
|
|turn|24
|
|switch|p2a: Dragonite|Dragonite, F|218\/386
|move|p1a: Scizor|U-turn|p2a: Dragonite
|-resisted|p2a: Dragonite
|-damage|p2a: Dragonite|110\/386
|
|switch|p1a: Magnezone|Magnezone|260\/281
|
|turn|25
|
|switch|p2a: Blissey|Blissey, F|652\/652
|move|p1a: Magnezone|Flash Cannon|p2a: Blissey
|-crit|p2a: Blissey
|-damage|p2a: Blissey|532\/652
|
|-heal|p2a: Blissey|572\/652|[from] item: Leftovers
|turn|26
|
|switch|p1a: Landorus-Therian|Landorus-Therian, M|216\/382 brn
|-ability|p1a: Landorus-Therian|Intimidate|[of] p2a: Blissey
|-unboost|p2a: Blissey|atk|1
|move|p2a: Blissey|Seismic Toss|p1a: Landorus-Therian
|-damage|p1a: Landorus-Therian|116\/382 brn
|
|-heal|p1a: Landorus-Therian|139\/382 brn|[from] item: Leftovers
|-heal|p2a: Blissey|612\/652|[from] item: Leftovers
|-damage|p1a: Landorus-Therian|92\/382 brn|[from] brn
|turn|27
|
|switch|p2a: Sableye|Sableye-Mega, F|262\/303
|move|p1a: Landorus-Therian|U-turn|p2a: Sableye
|-damage|p2a: Sableye|238\/303
|
|switch|p1a: Diancie|Diancie-Mega|211\/241
|
|turn|28
|
|switch|p2a: Jirachi|Jirachi|404\/404
|move|p1a: Diancie|Earth Power|p2a: Jirachi
|-supereffective|p2a: Jirachi
|-damage|p2a: Jirachi|220\/404
|-unboost|p2a: Jirachi|spd|1
|
|-heal|p2a: Jirachi|245\/404|[from] item: Leftovers
|turn|29
|
|switch|p2a: Gliscor|Gliscor, M|354\/354
|move|p1a: Diancie|Earth Power|p2a: Gliscor
|-immune|p2a: Gliscor|[msg]
|
|-status|p2a: Gliscor|tox|[from] item: Toxic Orb
|turn|30
|
|switch|p1a: Landorus-Therian|Landorus-Therian, M|92\/382 brn
|-ability|p1a: Landorus-Therian|Intimidate|[of] p2a: Gliscor
|-unboost|p2a: Gliscor|atk|1
|move|p2a: Gliscor|Earthquake|p1a: Landorus-Therian
|-immune|p1a: Landorus-Therian|[msg]
|
|-heal|p1a: Landorus-Therian|115\/382 brn|[from] item: Leftovers
|-damage|p1a: Landorus-Therian|68\/382 brn|[from] brn
|turn|31
|
|move|p2a: Gliscor|Protect|p2a: Gliscor
|-singleturn|p2a: Gliscor|Protect
|move|p1a: Landorus-Therian|U-turn|p2a: Gliscor
|-activate|p2a: Gliscor|Protect
|
|-heal|p1a: Landorus-Therian|91\/382 brn|[from] item: Leftovers
|-damage|p1a: Landorus-Therian|44\/382 brn|[from] brn
|turn|32
|
|switch|p2a: Sableye|Sableye-Mega, F|238\/303
|move|p1a: Landorus-Therian|U-turn|p2a: Sableye
|-damage|p2a: Sableye|211\/303
|
|switch|p1a: Magnezone|Magnezone|260\/281
|
|turn|33
|
|switch|p2a: Gliscor|Gliscor, M|354\/354 tox
|move|p1a: Magnezone|Volt Switch|p2a: Gliscor
|-immune|p2a: Gliscor|[msg]
|
|turn|34
|
|switch|p1a: Latias|Latias, F|40\/363 brn
|move|p2a: Gliscor|Substitute|p2a: Gliscor
|-start|p2a: Gliscor|Substitute
|-damage|p2a: Gliscor|266\/354 tox
|
|-heal|p1a: Latias|62\/363 brn|[from] item: Leftovers
|-damage|p1a: Latias|17\/363 brn|[from] brn
|-heal|p2a: Gliscor|310\/354 tox|[from] ability: Poison Heal
|turn|35
|
|move|p2a: Gliscor|Protect|p2a: Gliscor
|-singleturn|p2a: Gliscor|Protect
|move|p1a: Latias|Psychic|p2a: Gliscor
|-activate|p2a: Gliscor|Protect
|
|-heal|p1a: Latias|39\/363 brn|[from] item: Leftovers
|-damage|p1a: Latias|0 fnt|[from] brn
|-heal|p2a: Gliscor|354\/354 tox|[from] ability: Poison Heal
|faint|p1a: Latias
|
|switch|p1a: Scizor|Scizor, F|154\/311 par
|turn|36
|
|move|p1a: Scizor|Bullet Punch|p2a: Gliscor
|-end|p2a: Gliscor|Substitute
|move|p2a: Gliscor|Earthquake|p1a: Scizor
|-damage|p1a: Scizor|40\/311 par
|
|turn|37
|
|move|p1a: Scizor|Bullet Punch|p2a: Gliscor
|-damage|p2a: Gliscor|231\/354 tox
|move|p2a: Gliscor|Earthquake|p1a: Scizor
|-damage|p1a: Scizor|0 fnt
|faint|p1a: Scizor
|
|-heal|p2a: Gliscor|275\/354 tox|[from] ability: Poison Heal
|
|switch|p1a: Landorus-Therian|Landorus-Therian, M|44\/382 brn
|-ability|p1a: Landorus-Therian|Intimidate|[of] p2a: Gliscor
|-unboost|p2a: Gliscor|atk|1
|turn|38
|
|switch|p2a: Sableye|Sableye-Mega, F|211\/303
|move|p1a: Landorus-Therian|Stealth Rock|p2a: Sableye
|move|p2a: Sableye|Stealth Rock|p1a: Landorus-Therian|[from]Magic Bounce
|-sidestart|p1: Revangel93|move: Stealth Rock
|
|-heal|p1a: Landorus-Therian|67\/382 brn|[from] item: Leftovers
|-damage|p1a: Landorus-Therian|20\/382 brn|[from] brn
|turn|39
|
|move|p1a: Landorus-Therian|Earthquake|p2a: Sableye
|-damage|p2a: Sableye|160\/303
|move|p2a: Sableye|Recover|p2a: Sableye
|-heal|p2a: Sableye|303\/303
|
|-heal|p1a: Landorus-Therian|43\/382 brn|[from] item: Leftovers
|-damage|p1a: Landorus-Therian|0 fnt|[from] brn
|faint|p1a: Landorus-Therian
|
|switch|p1a: Diancie|Diancie-Mega|211\/241
|-damage|p1a: Diancie|181\/241|[from] Stealth Rock
|turn|40
|
|switch|p2a: Gliscor|Gliscor, M|275\/354 tox
|move|p1a: Diancie|Moonblast|p2a: Gliscor
|-damage|p2a: Gliscor|23\/354 tox
|
|-heal|p2a: Gliscor|67\/354 tox|[from] ability: Poison Heal
|turn|41
|
|move|p2a: Gliscor|Protect|p2a: Gliscor
|-singleturn|p2a: Gliscor|Protect
|move|p1a: Diancie|Moonblast|p2a: Gliscor
|-activate|p2a: Gliscor|Protect
|
|-heal|p2a: Gliscor|111\/354 tox|[from] ability: Poison Heal
|turn|42
|
|switch|p2a: Blissey|Blissey, F|612\/652
|move|p1a: Diancie|Moonblast|p2a: Blissey
|-damage|p2a: Blissey|501\/652
|-unboost|p2a: Blissey|spa|1
|
|-heal|p2a: Blissey|541\/652|[from] item: Leftovers
|turn|43
|
|move|p1a: Diancie|Diamond Storm|p2a: Blissey
|-damage|p2a: Blissey|169\/652
|move|p2a: Blissey|Toxic|p1a: Diancie
|move|p1a: Diancie|Toxic|p2a: Blissey|[from]Magic Bounce
|-status|p2a: Blissey|tox
|
|-heal|p2a: Blissey|209\/652 tox|[from] item: Leftovers
|-damage|p2a: Blissey|169\/652 tox|[from] psn
|turn|44
|
|switch|p2a: Dragonite|Dragonite, F|110\/386
|move|p1a: Diancie|Diamond Storm|p2a: Dragonite
|-supereffective|p2a: Dragonite
|-damage|p2a: Dragonite|0 fnt
|faint|p2a: Dragonite
|
|
|switch|p2a: Jirachi|Jirachi|245\/404
|turn|45
|
|switch|p1a: Hawlucha|Hawlucha, F|333\/333
|-damage|p1a: Hawlucha|292\/333|[from] Stealth Rock
|move|p2a: Jirachi|Iron Head|p1a: Hawlucha
|-damage|p1a: Hawlucha|171\/333
|
|-heal|p2a: Jirachi|270\/404|[from] item: Leftovers
|turn|46
|
|switch|p1a: Magnezone|Magnezone|260\/281
|-damage|p1a: Magnezone|243\/281|[from] Stealth Rock
|switch|p2a: Sableye|Sableye-Mega, F|303\/303
|
|turn|47
|
|move|p1a: Magnezone|Flash Cannon|p2a: Sableye
|-crit|p2a: Sableye
|-damage|p2a: Sableye|111\/303
|move|p2a: Sableye|Will-O-Wisp|p1a: Magnezone|[miss]
|-miss|p2a: Sableye|p1a: Magnezone
|
|turn|48
|
|switch|p2a: Jirachi|Jirachi|270\/404
|move|p1a: Magnezone|Flash Cannon|p2a: Jirachi
|-resisted|p2a: Jirachi
|-damage|p2a: Jirachi|216\/404
|
|-heal|p2a: Jirachi|241\/404|[from] item: Leftovers
|turn|49
|
|move|p1a: Magnezone|Flash Cannon|p2a: Jirachi
|-resisted|p2a: Jirachi
|-damage|p2a: Jirachi|187\/404
|-unboost|p2a: Jirachi|spd|1
|move|p2a: Jirachi|Wish|p2a: Jirachi
|
|-heal|p2a: Jirachi|212\/404|[from] item: Leftovers
|turn|50
|
|move|p2a: Jirachi|Protect|p2a: Jirachi
|-singleturn|p2a: Jirachi|Protect
|move|p1a: Magnezone|Flash Cannon|p2a: Jirachi
|-activate|p2a: Jirachi|Protect
|
|-heal|p2a: Jirachi|404\/404|[from] move: Wish|[wisher] Jirachi
|turn|51
|
|move|p1a: Magnezone|Flash Cannon|p2a: Jirachi
|-resisted|p2a: Jirachi
|-damage|p2a: Jirachi|325\/404
|move|p2a: Jirachi|Body Slam|p1a: Magnezone
|-resisted|p1a: Magnezone
|-damage|p1a: Magnezone|215\/281
|
|-heal|p2a: Jirachi|350\/404|[from] item: Leftovers
|turn|52
|
|move|p1a: Magnezone|Flash Cannon|p2a: Jirachi
|-crit|p2a: Jirachi
|-resisted|p2a: Jirachi
|-damage|p2a: Jirachi|244\/404
|move|p2a: Jirachi|Iron Head|p1a: Magnezone
|-resisted|p1a: Magnezone
|-damage|p1a: Magnezone|194\/281
|
|-heal|p2a: Jirachi|269\/404|[from] item: Leftovers
|turn|53
|
|move|p2a: Jirachi|Protect|p2a: Jirachi
|-singleturn|p2a: Jirachi|Protect
|move|p1a: Magnezone|Flash Cannon|p2a: Jirachi
|-activate|p2a: Jirachi|Protect
|
|-heal|p2a: Jirachi|294\/404|[from] item: Leftovers
|turn|54
|
|move|p1a: Magnezone|Flash Cannon|p2a: Jirachi
|-resisted|p2a: Jirachi
|-damage|p2a: Jirachi|216\/404
|move|p2a: Jirachi|Wish|p2a: Jirachi
|
|-heal|p2a: Jirachi|241\/404|[from] item: Leftovers
|turn|55
|
|move|p2a: Jirachi|Protect|p2a: Jirachi
|-singleturn|p2a: Jirachi|Protect
|move|p1a: Magnezone|Flash Cannon|p2a: Jirachi
|-activate|p2a: Jirachi|Protect
|
|-heal|p2a: Jirachi|404\/404|[from] move: Wish|[wisher] Jirachi
|turn|56
|
|move|p1a: Magnezone|Flash Cannon|p2a: Jirachi
|-resisted|p2a: Jirachi
|-damage|p2a: Jirachi|332\/404
|move|p2a: Jirachi|Body Slam|p1a: Magnezone
|-resisted|p1a: Magnezone
|-damage|p1a: Magnezone|166\/281
|
|-heal|p2a: Jirachi|357\/404|[from] item: Leftovers
|turn|57
|
|move|p2a: Jirachi|Protect|p2a: Jirachi
|-singleturn|p2a: Jirachi|Protect
|move|p1a: Magnezone|Flash Cannon|p2a: Jirachi
|-activate|p2a: Jirachi|Protect
|
|-heal|p2a: Jirachi|382\/404|[from] item: Leftovers
|turn|58
|
|move|p1a: Magnezone|Flash Cannon|p2a: Jirachi
|-resisted|p2a: Jirachi
|-damage|p2a: Jirachi|300\/404
|move|p2a: Jirachi|Body Slam|p1a: Magnezone
|-resisted|p1a: Magnezone
|-damage|p1a: Magnezone|135\/281
|
|-heal|p2a: Jirachi|325\/404|[from] item: Leftovers
|turn|59
|
|move|p2a: Jirachi|Protect|p2a: Jirachi
|-singleturn|p2a: Jirachi|Protect
|move|p1a: Magnezone|Flash Cannon|p2a: Jirachi
|-activate|p2a: Jirachi|Protect
|
|-heal|p2a: Jirachi|350\/404|[from] item: Leftovers
|turn|60
|
|move|p1a: Magnezone|Flash Cannon|p2a: Jirachi
|-resisted|p2a: Jirachi
|-damage|p2a: Jirachi|272\/404
|move|p2a: Jirachi|Body Slam|p1a: Magnezone
|-resisted|p1a: Magnezone
|-damage|p1a: Magnezone|108\/281
|
|-heal|p2a: Jirachi|297\/404|[from] item: Leftovers
|turn|61
|
|switch|p1a: Diancie|Diancie-Mega|181\/241
|-damage|p1a: Diancie|151\/241|[from] Stealth Rock
|move|p2a: Jirachi|Protect|p2a: Jirachi
|-fail|p2a: Jirachi
|
|-heal|p2a: Jirachi|322\/404|[from] item: Leftovers
|turn|62
|
|switch|p2a: Sableye|Sableye-Mega, F|111\/303
|move|p1a: Diancie|Earth Power|p2a: Sableye
|-damage|p2a: Sableye|0 fnt
|faint|p2a: Sableye
|
|
|switch|p2a: Jirachi|Jirachi|322\/404
|turn|63
|
|move|p1a: Diancie|Earth Power|p2a: Jirachi
|-supereffective|p2a: Jirachi
|-damage|p2a: Jirachi|138\/404
|move|p2a: Jirachi|Iron Head|p1a: Diancie
|-supereffective|p1a: Diancie
|-damage|p1a: Diancie|0 fnt
|faint|p1a: Diancie
|
|-heal|p2a: Jirachi|163\/404|[from] item: Leftovers
|
|switch|p1a: Hawlucha|Hawlucha, F|171\/333
|-damage|p1a: Hawlucha|130\/333|[from] Stealth Rock
|turn|64
|
|move|p2a: Jirachi|Protect|p2a: Jirachi
|-singleturn|p2a: Jirachi|Protect
|move|p1a: Hawlucha|Swords Dance|p1a: Hawlucha
|-boost|p1a: Hawlucha|atk|2
|
|-heal|p2a: Jirachi|188\/404|[from] item: Leftovers
|turn|65
|
|switch|p2a: Breloom|Breloom, F|264\/264
|move|p1a: Hawlucha|High Jump Kick|p2a: Breloom
|-damage|p2a: Breloom|0 fnt
|faint|p2a: Breloom
|
|
|switch|p2a: Gliscor|Gliscor, M|111\/354 tox
|turn|66
|
|move|p1a: Hawlucha|Acrobatics|p2a: Gliscor
|-damage|p2a: Gliscor|2\/354 tox
|move|p2a: Gliscor|Toxic|p1a: Hawlucha|[miss]
|-miss|p2a: Gliscor|p1a: Hawlucha
|
|-heal|p2a: Gliscor|46\/354 tox|[from] ability: Poison Heal
|turn|67
|c|âDr. Marti|fuck you
|c|âDr. Marti|this hax
|c|âRevangel93|thanks
|c|âDr. Marti|you fucking piece of shit
|c|âDr. Marti|just fuckyourself
|c|âDr. Marti|dirty asshore
|c|âRevangel93|'cause it's obviously my fault
|c|âDr. Marti|little piece of shit
|c|âDr. Marti|ill bang your mom
|c|âRevangel93|that's ok
|
|move|p2a: Gliscor|Protect|p2a: Gliscor
|-singleturn|p2a: Gliscor|Protect
|move|p1a: Hawlucha|Acrobatics|p2a: Gliscor
|-activate|p2a: Gliscor|Protect
|
|-heal|p2a: Gliscor|90\/354 tox|[from] ability: Poison Heal
|turn|68
|c|âDr. Marti|hoho
|c|âDr. Marti|lttle fucker
|
|switch|p2a: Jirachi|Jirachi|188\/404
|move|p1a: Hawlucha|Acrobatics|p2a: Jirachi
|-resisted|p2a: Jirachi
|-damage|p2a: Jirachi|100\/404
|
|-heal|p2a: Jirachi|125\/404|[from] item: Leftovers
|turn|69
|c|âRevangel93|i love guys like you...little dick, big mouth
|
|move|p1a: Hawlucha|Sky Attack|p2a: Jirachi|[still]
|-prepare|p1a: Hawlucha|Sky Attack|p2a: Jirachi
|-enditem|p1a: Hawlucha|Power Herb
|-anim|p1a: Hawlucha|Sky Attack|p2a: Jirachi
|-resisted|p2a: Jirachi
|-damage|p2a: Jirachi|0 fnt
|faint|p2a: Jirachi
|
|
|switch|p2a: Gliscor|Gliscor, M|90\/354 tox
|turn|70
|c|âDr. Marti|fuck yourself
|c|âDr. Marti|shut the fuck up
|
|move|p2a: Gliscor|Protect|p2a: Gliscor
|-singleturn|p2a: Gliscor|Protect
|move|p1a: Hawlucha|Sky Attack|p2a: Gliscor|[still]
|-prepare|p1a: Hawlucha|Sky Attack|p2a: Gliscor
|
|-heal|p2a: Gliscor|134\/354 tox|[from] ability: Poison Heal
|turn|71
|
|move|p1a: Hawlucha|Sky Attack|p2a: Gliscor
|-damage|p2a: Gliscor|0 fnt
|faint|p2a: Gliscor
|
|c|âRevangel93|l2p
|c|âDr. Marti|dirty piece of shit
|c|âRevangel93|<3
|c|âDr. Marti|thats sooo underserveed
|c|âDr. Marti|just fuck you
|c|âDr. Marti|poopyhead
|c|âDr. Marti|poopyhead
|c|âDr. Marti|gaylord
|c|âDr. Marti|this is the complete fucker
|c|âDr. Marti|y
|
|switch|p2a: Blissey|Blissey, F|169\/652
|turn|72
|c|âRevangel93|l2p
|c|âRevangel93|l2p
|c|âRevangel93|l2p
|c|âDr. Marti|90 percent chance and you still win
|c|âDr. Marti|13p
|c|âDr. Marti|fuck yourself
|c|âDr. Marti|little niggahead
|
|move|p2a: Blissey|Protect|p2a: Blissey
|-singleturn|p2a: Blissey|Protect
|move|p1a: Hawlucha|Acrobatics|p2a: Blissey
|-activate|p2a: Blissey|Protect
|
|-heal|p2a: Blissey|209\/652|[from] item: Leftovers
|turn|73
|c|âDr. Marti|dirty asshole
|c|âRevangel93|mature level: under -9000
|c|âDr. Marti|still higher than yours you piece of shit
|c|âRevangel93|whatever
|c|âDr. Marti|mothherufcker
|c|âDr. Marti|prick
|c|âDr. Marti|fuck you
|
|move|p2a: Blissey|Protect|p2a: Blissey
|-singleturn|p2a: Blissey|Protect
|move|p1a: Hawlucha|Acrobatics|p2a: Blissey
|-activate|p2a: Blissey|Protect
|
|-heal|p2a: Blissey|249\/652|[from] item: Leftovers
|turn|74
|c|âDr. Marti|aaaarseeholle
|
|move|p1a: Hawlucha|Acrobatics|p2a: Blissey
|-damage|p2a: Blissey|0 fnt
|faint|p2a: Blissey
|
|win|Revangel93
|raw|Ladder updating...
|raw|Revangel93's rating: 1342 &rarr; <strong>1363<\/strong><br \/>(+21 for winning)
|raw|Dr. Marti's rating: 1360 &rarr; <strong>1339<\/strong><br \/>(-21 for losing)
|c|âRevangel93|gg
|c|âDr. Marti|fuck yourself
|c|âRevangel93|nwp
|c|âDr. Marti|no gg
|c|âDr. Marti|noob
|c|âRevangel93|i'm the noob?
|c|âDr. Marti|thats soo undeserved
|c|âDr. Marti|yes
|c|âDr. Marti|no way you can win this
|c|âRevangel93|learn to play bro
|c|âDr. Marti|thats jsut luck
|c|âDr. Marti|youuuu fucking prick
|c|âDr. Marti|learn to play
|c|âDr. Marti|says the guy who had luck
|c|âDr. Marti|fuck yourslef
|c|âDr. Marti|PIECE OF SHIT
|c|âRevangel93|learn to loose then
|leave|Dr. Marti
|player|p2