|join|ult lowgock
|join|TheTryHardGuy
|player|p1|ult lowgock|169
|player|p2|TheTryHardGuy|1
|gametype|singles
|gen|6
|tier|UU
|rated
|rule|Sleep Clause Mod: Limit one foe put to sleep
|rule|Species Clause: Limit one of each PokÃ©mon
|rule|OHKO Clause: OHKO moves are banned
|rule|Moody Clause: Moody is banned
|rule|Evasion Moves Clause: Evasion moves are banned
|rule|Endless Battle Clause: Forcing endless battles is banned
|rule|HP Percentage Mod: HP is shown in percentages
|clearpoke
|poke|p1|Slurpuff, F
|poke|p1|Kingdra, M
|poke|p1|Aerodactyl, F
|poke|p1|Nidoqueen, F
|poke|p1|Cobalion
|poke|p1|Honchkrow, M
|poke|p2|Chandelure, F, shiny
|poke|p2|Krookodile, F
|poke|p2|Machamp, M
|poke|p2|Cloyster, M
|poke|p2|Roserade, F
|poke|p2|Snorlax, M
|rule|Swagger Clause: Swagger is banned
|rule|Baton Pass Clause: Limit one PokÃ©mon knowing Baton Pass
|teampreview
|
|start
|switch|p1a: Nidoqueen|Nidoqueen, F|345\/345
|switch|p2a: Cloyster|Cloyster, M|241\/241
|turn|1
|
|move|p2a: Cloyster|Shell Smash|p2a: Cloyster
|-boost|p2a: Cloyster|atk|2
|-boost|p2a: Cloyster|spa|2
|-boost|p2a: Cloyster|spe|2
|-unboost|p2a: Cloyster|def|1
|-unboost|p2a: Cloyster|spd|1
|move|p1a: Nidoqueen|Stealth Rock|p2a: Cloyster
|-sidestart|p2: TheTryHardGuy|move: Stealth Rock
|
|turn|2
|
|move|p2a: Cloyster|Icicle Spear|p1a: Nidoqueen
|-supereffective|p1a: Nidoqueen
|-damage|p1a: Nidoqueen|171\/345
|-supereffective|p1a: Nidoqueen
|-damage|p1a: Nidoqueen|9\/345
|-supereffective|p1a: Nidoqueen
|-damage|p1a: Nidoqueen|0 fnt
|-hitcount|p1a: Nidoqueen|3
|faint|p1a: Nidoqueen
|
|
|switch|p1a: Honchkrow|Honchkrow, M|341\/341
|turn|3
|
|move|p1a: Honchkrow|Sucker Punch|p2a: Cloyster
|-damage|p2a: Cloyster|56\/241
|-damage|p1a: Honchkrow|307\/341|[from] item: Life Orb
|move|p2a: Cloyster|Icicle Spear|p1a: Honchkrow
|-supereffective|p1a: Honchkrow
|-damage|p1a: Honchkrow|67\/341
|-supereffective|p1a: Honchkrow
|-damage|p1a: Honchkrow|0 fnt
|-hitcount|p1a: Honchkrow|2
|faint|p1a: Honchkrow
|
|
|switch|p1a: Cobalion|Cobalion|323\/323
|turn|4
|
|move|p2a: Cloyster|Hydro Pump|p1a: Cobalion
|-damage|p1a: Cobalion|52\/323
|move|p1a: Cobalion|Iron Head|p2a: Cloyster
|-damage|p2a: Cloyster|0 fnt
|faint|p2a: Cloyster
|
|
|switch|p2a: Chandelure|Chandelure, F, shiny|261\/261
|-damage|p2a: Chandelure|196\/261|[from] Stealth Rock
|turn|5
|
|move|p2a: Chandelure|Shadow Ball|p1a: Cobalion
|-damage|p1a: Cobalion|0 fnt
|faint|p1a: Cobalion
|
|
|switch|p1a: Kingdra|Kingdra, M|301\/301
|turn|6
|
|move|p2a: Chandelure|Shadow Ball|p1a: Kingdra
|-crit|p1a: Kingdra
|-damage|p1a: Kingdra|39\/301
|move|p1a: Kingdra|Dragon Dance|p1a: Kingdra
|-boost|p1a: Kingdra|atk|1
|-boost|p1a: Kingdra|spe|1
|
|turn|7
|
|move|p1a: Kingdra|Waterfall|p2a: Chandelure
|-supereffective|p2a: Chandelure
|-damage|p2a: Chandelure|0 fnt
|faint|p2a: Chandelure
|
|
|switch|p2a: Krookodile|Krookodile, F|394\/394
|-damage|p2a: Krookodile|370\/394|[from] Stealth Rock
|-ability|p2a: Krookodile|Intimidate|[of] p1a: Kingdra
|-unboost|p1a: Kingdra|atk|1
|turn|8
|
|move|p1a: Kingdra|Waterfall|p2a: Krookodile
|-supereffective|p2a: Krookodile
|-damage|p2a: Krookodile|190\/394
|move|p2a: Krookodile|Knock Off|p1a: Kingdra
|-damage|p1a: Kingdra|0 fnt
|-enditem|p1a: Kingdra|Lum Berry|[from] move: Knock Off|[of] p2a: Krookodile
|faint|p1a: Kingdra
|
|-heal|p2a: Krookodile|214\/394|[from] item: Leftovers
|
|switch|p1a: Slurpuff|Slurpuff, F|316\/316
|turn|9
|
|move|p1a: Slurpuff|Belly Drum|p1a: Slurpuff
|-damage|p1a: Slurpuff|158\/316
|-setboost|p1a: Slurpuff|atk|6|[from] move: Belly Drum
|-enditem|p1a: Slurpuff|Sitrus Berry|[eat]
|-heal|p1a: Slurpuff|237\/316|[from] item: Sitrus Berry
|move|p2a: Krookodile|Toxic|p1a: Slurpuff
|-status|p1a: Slurpuff|tox
|
|-heal|p2a: Krookodile|238\/394|[from] item: Leftovers
|-damage|p1a: Slurpuff|218\/316 tox|[from] psn
|turn|10
|
|move|p2a: Krookodile|Protect|p2a: Krookodile
|-singleturn|p2a: Krookodile|Protect
|move|p1a: Slurpuff|Drain Punch|p2a: Krookodile
|-activate|p2a: Krookodile|Protect
|
|-heal|p2a: Krookodile|262\/394|[from] item: Leftovers
|-damage|p1a: Slurpuff|180\/316 tox|[from] psn
|turn|11
|
|switch|p2a: Roserade|Roserade, F|261\/261
|-damage|p2a: Roserade|229\/261|[from] Stealth Rock
|move|p1a: Slurpuff|Drain Punch|p2a: Roserade
|-resisted|p2a: Roserade
|-damage|p2a: Roserade|62\/261
|-heal|p1a: Slurpuff|264\/316 tox|[from] drain|[of] p2a: Roserade
|
|-damage|p1a: Slurpuff|207\/316 tox|[from] psn
|turn|12
|
|move|p1a: Slurpuff|Drain Punch|p2a: Roserade
|-resisted|p2a: Roserade
|-damage|p2a: Roserade|0 fnt
|-heal|p1a: Slurpuff|238\/316 tox|[from] drain|[of] p2a: Roserade
|faint|p2a: Roserade
|
|-damage|p1a: Slurpuff|162\/316 tox|[from] psn
|
|switch|p2a: Machamp|Machamp, M|384\/384
|-damage|p2a: Machamp|360\/384|[from] Stealth Rock
|turn|13
|
|move|p2a: Machamp|Bullet Punch|p1a: Slurpuff
|-supereffective|p1a: Slurpuff
|-damage|p1a: Slurpuff|46\/316 tox
|move|p1a: Slurpuff|Drain Punch|p2a: Machamp
|-damage|p2a: Machamp|42\/384
|-heal|p1a: Slurpuff|205\/316 tox|[from] drain|[of] p2a: Machamp
|
|-damage|p1a: Slurpuff|110\/316 tox|[from] psn
|turn|14
|
|move|p2a: Machamp|Bullet Punch|p1a: Slurpuff
|-supereffective|p1a: Slurpuff
|-damage|p1a: Slurpuff|0 fnt
|faint|p1a: Slurpuff
|
|
|switch|p1a: Aerodactyl|Aerodactyl, F|301\/301
|turn|15
|
|move|p2a: Machamp|Bullet Punch|p1a: Aerodactyl
|-supereffective|p1a: Aerodactyl
|-damage|p1a: Aerodactyl|141\/301
|move|p1a: Aerodactyl|Aerial Ace|p2a: Machamp
|-supereffective|p2a: Machamp
|-damage|p2a: Machamp|0 fnt
|faint|p2a: Machamp
|
|
|switch|p2a: Krookodile|Krookodile, F|262\/394
|-damage|p2a: Krookodile|238\/394|[from] Stealth Rock
|-ability|p2a: Krookodile|Intimidate|[of] p1a: Aerodactyl
|-unboost|p1a: Aerodactyl|atk|1
|turn|16
|
|detailschange|p1a: Aerodactyl|Aerodactyl-Mega, F
|-mega|p1a: Aerodactyl|Aerodactyl|Aerodactylite
|move|p2a: Krookodile|Protect|p2a: Krookodile
|-singleturn|p2a: Krookodile|Protect
|move|p1a: Aerodactyl|Aqua Tail|p2a: Krookodile
|-activate|p2a: Krookodile|Protect
|
|-heal|p2a: Krookodile|262\/394|[from] item: Leftovers
|turn|17
|
|move|p1a: Aerodactyl|Aqua Tail|p2a: Krookodile
|-supereffective|p2a: Krookodile
|-damage|p2a: Krookodile|98\/394
|move|p2a: Krookodile|Knock Off|p1a: Aerodactyl
|-damage|p1a: Aerodactyl|35\/301
|
|-heal|p2a: Krookodile|122\/394|[from] item: Leftovers
|turn|18
|
|move|p2a: Krookodile|Protect|p2a: Krookodile
|-singleturn|p2a: Krookodile|Protect
|move|p1a: Aerodactyl|Aqua Tail|p2a: Krookodile
|-activate|p2a: Krookodile|Protect
|
|-heal|p2a: Krookodile|146\/394|[from] item: Leftovers
|turn|19
|
|move|p1a: Aerodactyl|Aqua Tail|p2a: Krookodile
|-supereffective|p2a: Krookodile
|-damage|p2a: Krookodile|0 fnt
|faint|p2a: Krookodile
|
|
|switch|p2a: Snorlax|Snorlax, M|500\/500
|-damage|p2a: Snorlax|438\/500|[from] Stealth Rock
|turn|20
|
|move|p1a: Aerodactyl|Stone Edge|p2a: Snorlax
|-damage|p2a: Snorlax|281\/500
|move|p2a: Snorlax|Body Slam|p1a: Aerodactyl
|-resisted|p1a: Aerodactyl
|-damage|p1a: Aerodactyl|0 fnt
|faint|p1a: Aerodactyl
|
|win|TheTryHardGuy
|raw|Ladder updating...
|raw|ult lowgock's rating: 1464 &rarr; <strong>1441<\/strong><br \/>(-23 for losing)
|raw|TheTryHardGuy's rating: 1422 &rarr; <strong>1444<\/strong><br \/>(+22 for winning)
|leave|ult lowgock
|player|p1
|leave|TheTryHardGuy
|player|p2