|join|TheTryHardGuy
|join|Patrick1088
|player|p1|TheTryHardGuy|1
|player|p2|Patrick1088|170
|gametype|singles
|gen|6
|tier|UU
|rated
|rule|Sleep Clause Mod: Limit one foe put to sleep
|rule|Species Clause: Limit one of each PokÃ©mon
|rule|OHKO Clause: OHKO moves are banned
|rule|Moody Clause: Moody is banned
|rule|Evasion Moves Clause: Evasion moves are banned
|rule|Endless Battle Clause: Forcing endless battles is banned
|rule|HP Percentage Mod: HP is shown in percentages
|clearpoke
|poke|p1|Chandelure, M, shiny
|poke|p1|Krookodile, M
|poke|p1|Machamp, F
|poke|p1|Cloyster, F
|poke|p1|Roserade, M
|poke|p1|Snorlax, M
|poke|p2|Jellicent, F
|poke|p2|Rhyperior, M
|poke|p2|Togetic, F
|poke|p2|Blissey, F
|poke|p2|Yanmega, M
|poke|p2|Alakazam, F
|rule|Swagger Clause: Swagger is banned
|rule|Baton Pass Clause: Limit one PokÃ©mon knowing Baton Pass
|teampreview
|
|start
|switch|p1a: Cloyster|Cloyster, F|241\/241
|switch|p2a: Rhyperior|Rhyperior, M|433\/433
|turn|1
|
|move|p1a: Cloyster|Shell Smash|p1a: Cloyster
|-boost|p1a: Cloyster|atk|2
|-boost|p1a: Cloyster|spa|2
|-boost|p1a: Cloyster|spe|2
|-unboost|p1a: Cloyster|def|1
|-unboost|p1a: Cloyster|spd|1
|move|p2a: Rhyperior|Dragon Tail|p1a: Cloyster
|-damage|p1a: Cloyster|176\/241
|drag|p1a: Krookodile|Krookodile, M|394\/394
|-ability|p1a: Krookodile|Intimidate|[of] p2a: Rhyperior
|-unboost|p2a: Rhyperior|atk|1
|
|turn|2
|
|move|p1a: Krookodile|Toxic|p2a: Rhyperior|[miss]
|-miss|p1a: Krookodile|p2a: Rhyperior
|move|p2a: Rhyperior|Stealth Rock|p1a: Krookodile
|-sidestart|p1: TheTryHardGuy|move: Stealth Rock
|
|turn|3
|
|move|p1a: Krookodile|Stealth Rock|p2a: Rhyperior
|-sidestart|p2: Patrick1088|move: Stealth Rock
|move|p2a: Rhyperior|Dragon Tail|p1a: Krookodile
|-damage|p1a: Krookodile|352\/394
|drag|p1a: Snorlax|Snorlax, M|500\/500
|-damage|p1a: Snorlax|438\/500|[from] Stealth Rock
|
|-heal|p1a: Snorlax|469\/500|[from] item: Leftovers
|turn|4
|
|move|p1a: Snorlax|Body Slam|p2a: Rhyperior
|-resisted|p2a: Rhyperior
|-damage|p2a: Rhyperior|391\/433
|move|p2a: Rhyperior|Dragon Tail|p1a: Snorlax
|-damage|p1a: Snorlax|407\/500
|drag|p1a: Cloyster|Cloyster, F|176\/241
|-damage|p1a: Cloyster|116\/241|[from] Stealth Rock
|
|-heal|p2a: Rhyperior|418\/433|[from] item: Leftovers
|turn|5
|
|switch|p2a: Jellicent|Jellicent, F|403\/403
|-damage|p2a: Jellicent|353\/403|[from] Stealth Rock
|move|p1a: Cloyster|Hydro Pump|p2a: Jellicent
|-heal|p2a: Jellicent|403\/403|[from] ability: Water Absorb|[of] p1a: Cloyster
|
|turn|6
|
|move|p1a: Cloyster|Rock Blast|p2a: Jellicent
|-damage|p2a: Jellicent|379\/403
|-damage|p2a: Jellicent|358\/403
|-damage|p2a: Jellicent|337\/403
|-damage|p2a: Jellicent|316\/403
|-damage|p2a: Jellicent|292\/403
|-hitcount|p2a: Jellicent|5
|move|p2a: Jellicent|Scald|p1a: Cloyster
|-resisted|p1a: Cloyster
|-damage|p1a: Cloyster|31\/241
|
|-heal|p2a: Jellicent|317\/403|[from] item: Leftovers
|turn|7
|
|move|p1a: Cloyster|Rock Blast|p2a: Jellicent
|-damage|p2a: Jellicent|293\/403
|-damage|p2a: Jellicent|271\/403
|-damage|p2a: Jellicent|249\/403
|-damage|p2a: Jellicent|227\/403
|-damage|p2a: Jellicent|204\/403
|-hitcount|p2a: Jellicent|5
|move|p2a: Jellicent|Recover|p2a: Jellicent
|-heal|p2a: Jellicent|403\/403
|
|turn|8
|-message|TheTryHardGuy forfeited.
|leave|TheTryHardGuy
|
|win|Patrick1088
|raw|Ladder updating...
|player|p1
|raw|TheTryHardGuy's rating: 1460 &rarr; <strong>1436<\/strong><br \/>(-24 for losing)
|raw|Patrick1088's rating: 1389 &rarr; <strong>1413<\/strong><br \/>(+24 for winning)