|join|illestt
|join|Steez Ibanez
|player|p1|illestt|148
|player|p2|Steez Ibanez|290
|gametype|singles
|gen|6
|tier|OU
|rated
|clearpoke
|poke|p1|Mamoswine, M
|poke|p1|Azumarill, M
|poke|p1|Latios, M
|poke|p1|Pinsir, F, shiny
|poke|p1|Landorus-Therian, M
|poke|p1|Magnezone
|poke|p2|Heatran, M
|poke|p2|Greninja, M
|poke|p2|Venusaur, M
|poke|p2|Zapdos
|poke|p2|Jirachi
|poke|p2|Landorus-Therian, M
|rule|Swagger Clause: Swagger is banned
|rule|Baton Pass Clause: Limit one PokÃ©mon knowing Baton Pass
|rule|Sleep Clause Mod: Limit one foe put to sleep
|rule|Species Clause: Limit one of each PokÃ©mon
|rule|OHKO Clause: OHKO moves are banned
|rule|Moody Clause: Moody is banned
|rule|Evasion Moves Clause: Evasion moves are banned
|rule|Endless Battle Clause: Forcing endless battles is banned
|rule|HP Percentage Mod: HP is shown in percentages
|teampreview
|
|start
|switch|p1a: Pinsir|Pinsir, F, shiny|271\/271
|switch|p2a: Kakashi|Greninja, M|285\/285
|turn|1
|
|switch|p1a: Azumarill|Azumarill, M|401\/401
|move|p2a: Kakashi|Ice Beam|p1a: Azumarill
|-start|p2a: Kakashi|typechange|Ice|[from] Protean
|-crit|p1a: Azumarill
|-resisted|p1a: Azumarill
|-damage|p1a: Azumarill|302\/401
|-damage|p2a: Kakashi|257\/285|[from] item: Life Orb
|
|turn|2
|
|switch|p1a: Pinsir|Pinsir, F, shiny|271\/271
|move|p2a: Kakashi|Hidden Power|p1a: Pinsir
|-start|p2a: Kakashi|typechange|Grass|[from] Protean
|-resisted|p1a: Pinsir
|-damage|p1a: Pinsir|192\/271
|-damage|p2a: Kakashi|229\/285|[from] item: Life Orb
|
|turn|3
|
|switch|p2a: Bolt|Zapdos|383\/383
|-ability|p2a: Bolt|Pressure
|detailschange|p1a: Pinsir|Pinsir-Mega, F, shiny
|message|Pinsir has Mega Evolved into Mega Pinsir!
|move|p1a: Pinsir|Quick Attack|p2a: Bolt
|-resisted|p2a: Bolt
|-damage|p2a: Bolt|338\/383
|
|-heal|p2a: Bolt|361\/383|[from] item: Leftovers
|turn|4
|
|switch|p1a: Mamoswine|Mamoswine, M|361\/361
|move|p2a: Bolt|Heat Wave|p1a: Mamoswine
|-supereffective|p1a: Mamoswine
|-damage|p1a: Mamoswine|65\/361
|
|-heal|p2a: Bolt|383\/383|[from] item: Leftovers
|turn|5
|
|move|p1a: Mamoswine|Icicle Spear|p2a: Bolt
|-supereffective|p2a: Bolt
|-damage|p2a: Bolt|297\/383
|-supereffective|p2a: Bolt
|-damage|p2a: Bolt|225\/383
|-supereffective|p2a: Bolt
|-damage|p2a: Bolt|151\/383
|-supereffective|p2a: Bolt
|-damage|p2a: Bolt|73\/383
|-supereffective|p2a: Bolt
|-damage|p2a: Bolt|0 fnt
|-hitcount|p2a: Bolt|5
|faint|p2a: Bolt
|
|
|switch|p2a: Kakashi|Greninja, M|229\/285
|turn|6
|
|move|p1a: Mamoswine|Ice Shard|p2a: Kakashi
|-resisted|p2a: Kakashi
|-damage|p2a: Kakashi|175\/285
|move|p2a: Kakashi|Hidden Power|p1a: Mamoswine
|-start|p2a: Kakashi|typechange|Grass|[from] Protean
|-supereffective|p1a: Mamoswine
|-damage|p1a: Mamoswine|0 fnt
|-damage|p2a: Kakashi|147\/285|[from] item: Life Orb
|faint|p1a: Mamoswine
|
|
|switch|p1a: Pinsir|Pinsir-Mega, F, shiny|192\/271
|turn|7
|
|switch|p2a: Shukaku|Landorus-Therian, M|381\/381
|-ability|p2a: Shukaku|Intimidate|[of] p1a: Pinsir
|-unboost|p1a: Pinsir|atk|1
|move|p1a: Pinsir|Frustration|p2a: Shukaku
|-damage|p2a: Shukaku|240\/381
|
|-heal|p2a: Shukaku|263\/381|[from] item: Leftovers
|turn|8
|
|switch|p1a: Azumarill|Azumarill, M|302\/401
|move|p2a: Shukaku|Knock Off|p1a: Azumarill
|-crit|p1a: Azumarill
|-resisted|p1a: Azumarill
|-damage|p1a: Azumarill|204\/401
|-enditem|p1a: Azumarill|Assault Vest|[from] move: Knock Off|[of] p2a: Shukaku
|
|-heal|p2a: Shukaku|286\/381|[from] item: Leftovers
|turn|9
|
|switch|p1a: Pinsir|Pinsir-Mega, F, shiny|192\/271
|move|p2a: Shukaku|Earthquake|p1a: Pinsir
|-immune|p1a: Pinsir|[msg]
|
|-heal|p2a: Shukaku|309\/381|[from] item: Leftovers
|turn|10
|
|switch|p1a: Azumarill|Azumarill, M|204\/401
|move|p2a: Shukaku|Stealth Rock|p1a: Azumarill
|-sidestart|p1: illestt|move: Stealth Rock
|
|-heal|p2a: Shukaku|332\/381|[from] item: Leftovers
|turn|11
|
|move|p2a: Shukaku|Earthquake|p1a: Azumarill
|-crit|p1a: Azumarill
|-damage|p1a: Azumarill|0 fnt
|faint|p1a: Azumarill
|
|-heal|p2a: Shukaku|355\/381|[from] item: Leftovers
|
|switch|p1a: Latios|Latios, M|301\/301
|-damage|p1a: Latios|264\/301|[from] Stealth Rock
|turn|12
|
|move|p1a: Latios|Surf|p2a: Shukaku
|-supereffective|p2a: Shukaku
|-damage|p2a: Shukaku|35\/381
|-damage|p1a: Latios|234\/301|[from] item: Life Orb
|move|p2a: Shukaku|Knock Off|p1a: Latios
|-crit|p1a: Latios
|-supereffective|p1a: Latios
|-damage|p1a: Latios|0 fnt
|-enditem|p1a: Latios|Life Orb|[from] move: Knock Off|[of] p2a: Shukaku
|faint|p1a: Latios
|
|-heal|p2a: Shukaku|58\/381|[from] item: Leftovers
|
|switch|p1a: Landorus-Therian|Landorus-Therian, M|319\/319
|-damage|p1a: Landorus-Therian|280\/319|[from] Stealth Rock
|-ability|p1a: Landorus-Therian|Intimidate|[of] p2a: Shukaku
|-unboost|p2a: Shukaku|atk|1
|turn|13
|
|move|p1a: Landorus-Therian|Stone Edge|p2a: Shukaku
|-damage|p2a: Shukaku|0 fnt
|faint|p2a: Shukaku
|
|
|switch|p2a: Kuton|Heatran, M|385\/385
|turn|14
|
|switch|p1a: Magnezone|Magnezone|281\/281
|-damage|p1a: Magnezone|264\/281|[from] Stealth Rock
|move|p2a: Kuton|Lava Plume|p1a: Magnezone
|-supereffective|p1a: Magnezone
|-damage|p1a: Magnezone|4\/281
|-status|p1a: Magnezone|brn
|
|-damage|p1a: Magnezone|0 fnt|[from] brn
|faint|p1a: Magnezone
|
|switch|p1a: Pinsir|Pinsir-Mega, F, shiny|192\/271
|-damage|p1a: Pinsir|57\/271|[from] Stealth Rock
|turn|15
|
|move|p1a: Pinsir|Close Combat|p2a: Kuton
|-supereffective|p2a: Kuton
|-damage|p2a: Kuton|83\/385
|-unboost|p1a: Pinsir|def|1
|-unboost|p1a: Pinsir|spd|1
|move|p2a: Kuton|Lava Plume|p1a: Pinsir
|-supereffective|p1a: Pinsir
|-damage|p1a: Pinsir|0 fnt
|faint|p1a: Pinsir
|
|-heal|p2a: Kuton|107\/385|[from] item: Leftovers
|
|switch|p1a: Landorus-Therian|Landorus-Therian, M|280\/319
|-damage|p1a: Landorus-Therian|241\/319|[from] Stealth Rock
|-ability|p1a: Landorus-Therian|Intimidate|[of] p2a: Kuton
|-unboost|p2a: Kuton|atk|1
|turn|16
|
|move|p2a: Kuton|Protect|p2a: Kuton
|-singleturn|p2a: Kuton|Protect
|move|p1a: Landorus-Therian|Earthquake|p2a: Kuton
|-activate|p2a: Kuton|Protect
|
|-heal|p2a: Kuton|131\/385|[from] item: Leftovers
|turn|17
|
|move|p1a: Landorus-Therian|Earthquake|p2a: Kuton
|-supereffective|p2a: Kuton
|-damage|p2a: Kuton|0 fnt
|faint|p2a: Kuton
|
|
|switch|p2a: 420|Venusaur, M|363\/363
|turn|18
|
|detailschange|p2a: 420|Venusaur-Mega, M
|message|Venusaur has Mega Evolved into Mega Venusaur!
|move|p1a: Landorus-Therian|Earthquake|p2a: 420
|-damage|p2a: 420|248\/363
|move|p2a: 420|Leech Seed|p1a: Landorus-Therian
|-start|p1a: Landorus-Therian|move: Leech Seed
|
|-damage|p1a: Landorus-Therian|202\/319|[from] Leech Seed|[of] p2a: 420
|-heal|p2a: 420|287\/363|[silent]
|turn|19
|-message|illestt forfeited.
|
|win|Steez Ibanez
|raw|Ladder updating...
|leave|illestt
|player|p1
|raw|illestt's rating: 1604 &rarr; <strong>1591<\/strong><br \/>(-13 for losing)
|raw|Steez Ibanez's rating: 1737 &rarr; <strong>1749<\/strong><br \/>(+12 for winning)