|join|Caspurr
|join|Steez Ibanez
|player|p1|Caspurr|293
|player|p2|Steez Ibanez|25
|gametype|singles
|gen|6
|tier|OU
|rated
|clearpoke
|poke|p1|Scizor, M
|poke|p1|Rotom-Wash
|poke|p1|Landorus-Therian, M
|poke|p1|Azumarill, F
|poke|p1|Tyranitar, F
|poke|p1|Zapdos
|poke|p2|Manectric, M, shiny
|poke|p2|Landorus-Therian, M
|poke|p2|Latias, F
|poke|p2|Azumarill, M
|poke|p2|Kyurem-Black
|poke|p2|Scizor, M
|rule|Swagger Clause: Swagger is banned
|rule|Baton Pass Clause: Limit one PokÃ©mon knowing Baton Pass
|rule|Sleep Clause Mod: Limit one foe put to sleep
|rule|Species Clause: Limit one of each PokÃ©mon
|rule|OHKO Clause: OHKO moves are banned
|rule|Moody Clause: Moody is banned
|rule|Evasion Moves Clause: Evasion moves are banned
|rule|Endless Battle Clause: Forcing endless battles is banned
|rule|HP Percentage Mod: HP is shown in percentages
|teampreview
|
|start
|switch|p1a: Rotom-Wash|Rotom-Wash|241\/241
|switch|p2a: Deadpool|Scizor, M|343\/343
|turn|1
|
|move|p1a: Rotom-Wash|Will-O-Wisp|p2a: Deadpool
|-status|p2a: Deadpool|brn
|move|p2a: Deadpool|U-turn|p1a: Rotom-Wash
|-damage|p1a: Rotom-Wash|138\/241
|
|switch|p2a: Plague|Kyurem-Black|405\/405
|-ability|p2a: Plague|Teravolt
|
|turn|2
|
|move|p1a: Rotom-Wash|Will-O-Wisp|p2a: Plague
|-status|p2a: Plague|brn
|move|p2a: Plague|Earth Power|p1a: Rotom-Wash
|-supereffective|p1a: Rotom-Wash
|-damage|p1a: Rotom-Wash|0 fnt
|faint|p1a: Rotom-Wash
|
|-damage|p2a: Plague|355\/405 brn|[from] brn
|
|switch|p1a: Scizor|Scizor, M|344\/344
|turn|3
|
|switch|p2a: Deadpool|Scizor, M|343\/343 brn
|move|p1a: Scizor|U-turn|p2a: Deadpool
|-resisted|p2a: Deadpool
|-damage|p2a: Deadpool|244\/343 brn
|
|switch|p1a: Zapdos|Zapdos|384\/384
|-ability|p1a: Zapdos|Pressure
|
|-damage|p2a: Deadpool|202\/343 brn|[from] brn
|turn|4
|
|move|p1a: Zapdos|Heat Wave|p2a: Deadpool
|-supereffective|p2a: Deadpool
|-damage|p2a: Deadpool|0 fnt
|faint|p2a: Deadpool
|
|
|switch|p2a: Plague|Kyurem-Black|355\/405 brn
|-ability|p2a: Plague|Teravolt
|turn|5
|
|move|p2a: Plague|Ice Beam|p1a: Zapdos
|-supereffective|p1a: Zapdos
|-damage|p1a: Zapdos|72\/384
|move|p1a: Zapdos|Volt Switch|p2a: Plague
|-resisted|p2a: Plague
|-damage|p2a: Plague|301\/405 brn
|
|switch|p1a: Azumarill|Azumarill, F|404\/404
|
|-heal|p2a: Plague|326\/405 brn|[from] item: Leftovers
|-damage|p2a: Plague|276\/405 brn|[from] brn
|turn|6
|
|switch|p1a: Landorus-Therian|Landorus-Therian, M|320\/320
|-ability|p1a: Landorus-Therian|Intimidate|[of] p2a: Plague
|-unboost|p2a: Plague|atk|1
|move|p2a: Plague|Fusion Bolt|p1a: Landorus-Therian
|-immune|p1a: Landorus-Therian|[msg]
|
|-heal|p2a: Plague|301\/405 brn|[from] item: Leftovers
|-damage|p2a: Plague|251\/405 brn|[from] brn
|turn|7
|
|move|p1a: Landorus-Therian|U-turn|p2a: Plague
|-damage|p2a: Plague|150\/405 brn
|
|switch|p1a: Scizor|Scizor, M|344\/344
|move|p2a: Plague|Ice Beam|p1a: Scizor
|-resisted|p1a: Scizor
|-damage|p1a: Scizor|260\/344
|
|-heal|p2a: Plague|175\/405 brn|[from] item: Leftovers
|-damage|p2a: Plague|125\/405 brn|[from] brn
|turn|8
|
|move|p1a: Scizor|Bullet Punch|p2a: Plague
|-supereffective|p2a: Plague
|-damage|p2a: Plague|0 fnt
|faint|p2a: Plague
|
|
|switch|p2a: Shukaku|Landorus-Therian, M|381\/381
|-ability|p2a: Shukaku|Intimidate|[of] p1a: Scizor
|-unboost|p1a: Scizor|atk|1
|turn|9
|
|switch|p1a: Azumarill|Azumarill, F|404\/404
|move|p2a: Shukaku|Stealth Rock|p1a: Azumarill
|-sidestart|p1: Caspurr|move: Stealth Rock
|
|turn|10
|
|move|p2a: Shukaku|Earthquake|p1a: Azumarill
|-crit|p1a: Azumarill
|-damage|p1a: Azumarill|64\/404
|move|p1a: Azumarill|Play Rough|p2a: Shukaku
|-damage|p2a: Shukaku|215\/381
|-unboost|p2a: Shukaku|atk|1
|
|-heal|p2a: Shukaku|238\/381|[from] item: Leftovers
|-heal|p1a: Azumarill|89\/404|[from] item: Leftovers
|turn|11
|
|move|p1a: Azumarill|Aqua Jet|p2a: Shukaku
|-supereffective|p2a: Shukaku
|-damage|p2a: Shukaku|94\/381
|move|p2a: Shukaku|Earthquake|p1a: Azumarill
|-damage|p1a: Azumarill|0 fnt
|faint|p1a: Azumarill
|
|-heal|p2a: Shukaku|117\/381|[from] item: Leftovers
|
|switch|p1a: Landorus-Therian|Landorus-Therian, M|320\/320
|-damage|p1a: Landorus-Therian|280\/320|[from] Stealth Rock
|-ability|p1a: Landorus-Therian|Intimidate|[of] p2a: Shukaku
|-unboost|p2a: Shukaku|atk|1
|turn|12
|
|move|p1a: Landorus-Therian|U-turn|p2a: Shukaku
|-resisted|p2a: Shukaku
|-damage|p2a: Shukaku|82\/381
|
|switch|p1a: Zapdos|Zapdos|72\/384
|-damage|p1a: Zapdos|0 fnt|[from] Stealth Rock
|faint|p1a: Zapdos
|move|p2a: Shukaku|U-turn|p1: Zapdos|[notarget]
|-notarget
|
|-heal|p2a: Shukaku|105\/381|[from] item: Leftovers
|
|switch|p1a: Scizor|Scizor, M|260\/344
|-damage|p1a: Scizor|217\/344|[from] Stealth Rock
|turn|13
|
|switch|p2a: Athena|Latias, F|301\/301
|move|p1a: Scizor|Bullet Punch|p2a: Athena
|-damage|p2a: Athena|112\/301
|
|turn|14
|
|move|p1a: Scizor|Bullet Punch|p2a: Athena
|-damage|p2a: Athena|0 fnt
|faint|p2a: Athena
|
|
|switch|p2a: Black Atom|Manectric, M, shiny|281\/281
|turn|15
|
|detailschange|p2a: Black Atom|Manectric-Mega, M, shiny
|message|Manectric has Mega Evolved into Mega Manectric!
|-ability|p2a: Black Atom|Intimidate|[of] p1a: Scizor
|-unboost|p1a: Scizor|atk|1
|move|p1a: Scizor|Bullet Punch|p2a: Black Atom
|-resisted|p2a: Black Atom
|-damage|p2a: Black Atom|204\/281
|move|p2a: Black Atom|Volt Switch|p1a: Scizor
|-crit|p1a: Scizor
|-damage|p1a: Scizor|0 fnt
|faint|p1a: Scizor
|
|switch|p2a: Shukaku|Landorus-Therian, M|105\/381
|
|-heal|p2a: Shukaku|128\/381|[from] item: Leftovers
|
|switch|p1a: Landorus-Therian|Landorus-Therian, M|280\/320
|-damage|p1a: Landorus-Therian|240\/320|[from] Stealth Rock
|-ability|p1a: Landorus-Therian|Intimidate|[of] p2a: Shukaku
|-unboost|p2a: Shukaku|atk|1
|turn|16
|
|switch|p2a: Black Atom|Manectric-Mega, M, shiny|204\/281
|-ability|p2a: Black Atom|Intimidate|[of] p1a: Landorus-Therian
|-unboost|p1a: Landorus-Therian|atk|1
|move|p1a: Landorus-Therian|Stone Edge|p2a: Black Atom
|-damage|p2a: Black Atom|98\/281
|
|turn|17
|
|switch|p1a: Tyranitar|Tyranitar, F|342\/342
|-damage|p1a: Tyranitar|300\/342|[from] Stealth Rock
|-weather|Sandstorm
|move|p2a: Black Atom|Hidden Power|p1a: Tyranitar
|-damage|p1a: Tyranitar|247\/342
|
|-weather|Sandstorm|[upkeep]
|-damage|p2a: Black Atom|81\/281|[from] sandstorm
|turn|18
|
|detailschange|p1a: Tyranitar|Tyranitar-Mega, F
|message|Tyranitar has Mega Evolved into Mega Tyranitar!
|move|p2a: Black Atom|Volt Switch|p1a: Tyranitar
|-damage|p1a: Tyranitar|172\/342
|
|switch|p2a: Shukaku|Landorus-Therian, M|128\/381
|-ability|p2a: Shukaku|Intimidate|[of] p1a: Tyranitar
|-unboost|p1a: Tyranitar|atk|1
|move|p1a: Tyranitar|Ice Punch|p2a: Shukaku
|-supereffective|p2a: Shukaku
|-damage|p2a: Shukaku|0 fnt
|faint|p2a: Shukaku
|
|-weather|Sandstorm|[upkeep]
|
|switch|p2a: Nuke|Azumarill, M|345\/345
|turn|19
|
|switch|p2a: Black Atom|Manectric-Mega, M, shiny|81\/281
|-ability|p2a: Black Atom|Intimidate|[of] p1a: Tyranitar
|-unboost|p1a: Tyranitar|atk|1
|move|p1a: Tyranitar|Earthquake|p2a: Black Atom
|-supereffective|p2a: Black Atom
|-damage|p2a: Black Atom|0 fnt
|faint|p2a: Black Atom
|
|-weather|Sandstorm|[upkeep]
|
|switch|p2a: Nuke|Azumarill, M|345\/345
|turn|20
|
|move|p1a: Tyranitar|Earthquake|p2a: Nuke
|-damage|p2a: Nuke|259\/345
|move|p2a: Nuke|Waterfall|p1a: Tyranitar
|-supereffective|p1a: Tyranitar
|-damage|p1a: Tyranitar|0 fnt
|faint|p1a: Tyranitar
|
|-weather|Sandstorm|[upkeep]
|-damage|p2a: Nuke|238\/345|[from] sandstorm
|
|switch|p1a: Landorus-Therian|Landorus-Therian, M|240\/320
|-damage|p1a: Landorus-Therian|200\/320|[from] Stealth Rock
|-ability|p1a: Landorus-Therian|Intimidate|[of] p2a: Nuke
|-unboost|p2a: Nuke|atk|1
|turn|21
|
|move|p1a: Landorus-Therian|Earthquake|p2a: Nuke
|-crit|p2a: Nuke
|-damage|p2a: Nuke|0 fnt
|faint|p2a: Nuke
|
|win|Caspurr
|raw|Ladder updating...
|raw|Caspurr's rating: 1560 &rarr; <strong>1576<\/strong><br \/>(+16 for winning)
|raw|Steez Ibanez's rating: 1492 &rarr; <strong>1477<\/strong><br \/>(-15 for losing)