|join|toneloni97
|join|Steez Ibanez
|player|p1|toneloni97|80
|player|p2|Steez Ibanez|25
|gametype|singles
|gen|6
|tier|OU
|rated
|clearpoke
|poke|p1|Garchomp, F
|poke|p1|Greninja, F
|poke|p1|Scizor, F
|poke|p1|Bisharp, F
|poke|p1|Latios, M
|poke|p1|Landorus-Therian, M
|poke|p2|Venusaur, M
|poke|p2|Heatran, M
|poke|p2|Suicune
|poke|p2|Hawlucha, M
|poke|p2|Latias, F
|poke|p2|Thundurus, M
|rule|Swagger Clause: Swagger is banned
|rule|Baton Pass Clause: Limit one PokÃ©mon knowing Baton Pass
|rule|Sleep Clause Mod: Limit one foe put to sleep
|rule|Species Clause: Limit one of each PokÃ©mon
|rule|OHKO Clause: OHKO moves are banned
|rule|Moody Clause: Moody is banned
|rule|Evasion Moves Clause: Evasion moves are banned
|rule|Endless Battle Clause: Forcing endless battles is banned
|rule|HP Percentage Mod: HP is shown in percentages
|teampreview
|
|start
|switch|p1a: Garchomp|Garchomp, F|357\/357
|switch|p2a: Nimbus|Thundurus, M|299\/299
|turn|1
|
|move|p2a: Nimbus|Hidden Power|p1a: Garchomp
|-supereffective|p1a: Garchomp
|-enditem|p1a: Garchomp|Focus Sash
|-damage|p1a: Garchomp|1\/357
|-damage|p2a: Nimbus|270\/299|[from] item: Life Orb
|move|p1a: Garchomp|Stealth Rock|p2a: Nimbus
|-sidestart|p2: Steez Ibanez|move: Stealth Rock
|
|turn|2
|join|HULK THE AVENGER
|
|move|p2a: Nimbus|Hidden Power|p1a: Garchomp
|-supereffective|p1a: Garchomp
|-damage|p1a: Garchomp|0 fnt
|-damage|p2a: Nimbus|241\/299|[from] item: Life Orb
|faint|p1a: Garchomp
|
|
|switch|p1a: Greninja|Greninja, F|286\/286
|turn|3
|
|switch|p2a: Garurumon|Suicune|403\/403
|-damage|p2a: Garurumon|353\/403|[from] Stealth Rock
|-ability|p2a: Garurumon|Pressure
|move|p1a: Greninja|Ice Beam|p2a: Garurumon
|-start|p1a: Greninja|typechange|Ice|[from] Protean
|-resisted|p2a: Garurumon
|-damage|p2a: Garurumon|275\/403
|-damage|p1a: Greninja|258\/286|[from] item: Life Orb
|
|-heal|p2a: Garurumon|300\/403|[from] item: Leftovers
|turn|4
|
|move|p1a: Greninja|Grass Knot|p2a: Garurumon
|-start|p1a: Greninja|typechange|Grass|[from] Protean
|-supereffective|p2a: Garurumon
|-damage|p2a: Garurumon|0 fnt
|-damage|p1a: Greninja|230\/286|[from] item: Life Orb
|faint|p2a: Garurumon
|
|
|switch|p2a: 420|Venusaur, M|363\/363
|-damage|p2a: 420|318\/363|[from] Stealth Rock
|turn|5
|
|detailschange|p2a: 420|Venusaur-Mega, M
|message|Venusaur has Mega Evolved into Mega Venusaur!
|move|p1a: Greninja|Ice Beam|p2a: 420
|-start|p1a: Greninja|typechange|Ice|[from] Protean
|-supereffective|p2a: 420
|-damage|p2a: 420|178\/363
|-damage|p1a: Greninja|202\/286|[from] item: Life Orb
|move|p2a: 420|Sludge Bomb|p1a: Greninja
|-damage|p1a: Greninja|34\/286
|
|turn|6
|
|move|p1a: Greninja|Spikes|p2a: 420
|-start|p1a: Greninja|typechange|Ground|[from] Protean
|-sidestart|p2: Steez Ibanez|Spikes
|move|p2a: 420|Synthesis|p2a: 420
|-heal|p2a: 420|359\/363
|
|turn|7
|
|move|p1a: Greninja|Spikes|p2a: 420
|-sidestart|p2: Steez Ibanez|Spikes
|move|p2a: 420|Giga Drain|p1a: Greninja
|-supereffective|p1a: Greninja
|-damage|p1a: Greninja|0 fnt
|-heal|p2a: 420|363\/363|[from] drain|[of] p1a: Greninja
|faint|p1a: Greninja
|
|
|switch|p1a: Latios|Latios, M|302\/302
|turn|8
|
|switch|p2a: Athena|Latias, F|301\/301
|-damage|p2a: Athena|264\/301|[from] Stealth Rock
|move|p1a: Latios|Psyshock|p2a: Athena
|-resisted|p2a: Athena
|-damage|p2a: Athena|167\/301
|-damage|p1a: Latios|272\/302|[from] item: Life Orb
|
|turn|9
|
|switch|p1a: Bisharp|Bisharp, F|271\/271
|move|p2a: Athena|Defog|p1a: Bisharp
|-unboost|p1a: Bisharp|evasion|1
|-boost|p1a: Bisharp|atk|2|[from] ability: Defiant
|-sideend|p2: Steez Ibanez|Spikes|[from] move: Defog|[of] p2a: Athena
|-sideend|p2: Steez Ibanez|Stealth Rock|[from] move: Defog|[of] p2a: Athena
|
|turn|10
|
|move|p2a: Athena|Draco Meteor|p1a: Bisharp
|-resisted|p1a: Bisharp
|-damage|p1a: Bisharp|105\/271
|-unboost|p2a: Athena|spa|2
|-damage|p2a: Athena|137\/301|[from] item: Life Orb
|move|p1a: Bisharp|Knock Off|p2a: Athena
|-supereffective|p2a: Athena
|-damage|p2a: Athena|0 fnt
|-enditem|p2a: Athena|Life Orb|[from] move: Knock Off|[of] p1a: Bisharp
|-damage|p1a: Bisharp|78\/271|[from] item: Life Orb
|faint|p2a: Athena
|
|
|switch|p2a: Kuton|Heatran, M|326\/326
|-item|p2a: Kuton|Air Balloon
|turn|11
|
|move|p1a: Bisharp|Sucker Punch|p2a: Kuton
|-fail|p2a: Kuton
|move|p2a: Kuton|Will-O-Wisp|p1a: Bisharp
|-status|p1a: Bisharp|brn
|
|-damage|p1a: Bisharp|45\/271 brn|[from] brn
|turn|12
|
|move|p2a: Kuton|Earth Power|p1a: Bisharp
|-supereffective|p1a: Bisharp
|-damage|p1a: Bisharp|0 fnt
|faint|p1a: Bisharp
|
|
|switch|p1a: Landorus-Therian|Landorus-Therian, M|325\/325
|-ability|p1a: Landorus-Therian|Intimidate|[of] p2a: Kuton
|-unboost|p2a: Kuton|atk|1
|turn|13
|
|move|p1a: Landorus-Therian|Stone Edge|p2a: Kuton
|-damage|p2a: Kuton|209\/326
|-enditem|p2a: Kuton|Air Balloon
|move|p2a: Kuton|Will-O-Wisp|p1a: Landorus-Therian
|-status|p1a: Landorus-Therian|brn
|
|-damage|p1a: Landorus-Therian|285\/325 brn|[from] brn
|turn|14
|-message|toneloni97 forfeited.
|
|win|Steez Ibanez
|raw|Ladder updating...
|leave|toneloni97
|player|p1
|raw|toneloni97's rating: 1626 &rarr; <strong>1606<\/strong><br \/>(-20 for losing)
|raw|Steez Ibanez's rating: 1620 &rarr; <strong>1640<\/strong><br \/>(+20 for winning)