|join|parkranger14
|join|Steez Ibanez
|player|p1|parkranger14|49
|player|p2|Steez Ibanez|290
|gametype|singles
|gen|6
|tier|OU
|rated
|clearpoke
|poke|p1|Bisharp, M
|poke|p1|Garchomp, M, shiny
|poke|p1|Thundurus, M
|poke|p1|Ferrothorn, F
|poke|p1|Espeon, F
|poke|p1|Pinsir, F
|poke|p2|Heatran, M
|poke|p2|Greninja, M
|poke|p2|Venusaur, M
|poke|p2|Zapdos
|poke|p2|Jirachi
|poke|p2|Landorus-Therian, M
|rule|Swagger Clause: Swagger is banned
|rule|Baton Pass Clause: Limit one PokÃ©mon knowing Baton Pass
|rule|Sleep Clause Mod: Limit one foe put to sleep
|rule|Species Clause: Limit one of each PokÃ©mon
|rule|OHKO Clause: OHKO moves are banned
|rule|Moody Clause: Moody is banned
|rule|Evasion Moves Clause: Evasion moves are banned
|rule|Endless Battle Clause: Forcing endless battles is banned
|rule|HP Percentage Mod: HP is shown in percentages
|teampreview
|
|start
|switch|p1a: Garchomp|Garchomp, M, shiny|390\/390
|switch|p2a: Kakashi|Greninja, M|285\/285
|turn|1
|
|move|p1a: Garchomp|Earthquake|p2a: Kakashi
|-crit|p2a: Kakashi
|-damage|p2a: Kakashi|0 fnt
|faint|p2a: Kakashi
|
|
|switch|p2a: Shukaku|Landorus-Therian, M|381\/381
|-ability|p2a: Shukaku|Intimidate|[of] p1a: Garchomp
|-unboost|p1a: Garchomp|atk|1
|turn|2
|
|switch|p1a: Ferrothorn|Ferrothorn, F|352\/352
|move|p2a: Shukaku|U-turn|p1a: Ferrothorn
|-crit|p1a: Ferrothorn
|-damage|p1a: Ferrothorn|259\/352
|-damage|p2a: Shukaku|334\/381|[from] ability: Iron Barbs|[of] p1a: Ferrothorn
|-damage|p2a: Shukaku|271\/381|[from] item: Rocky Helmet|[of] p1a: Ferrothorn
|
|switch|p2a: Kuton|Heatran, M|385\/385
|
|turn|3
|
|switch|p1a: Espeon|Espeon, F|272\/272
|move|p2a: Kuton|Lava Plume|p1a: Espeon
|-damage|p1a: Espeon|157\/272
|-status|p1a: Espeon|brn
|
|-damage|p1a: Espeon|123\/272 brn|[from] brn
|turn|4
|
|switch|p1a: Garchomp|Garchomp, M, shiny|390\/390
|switch|p2a: Shukaku|Landorus-Therian, M|271\/381
|-ability|p2a: Shukaku|Intimidate|[of] p1a: Garchomp
|-unboost|p1a: Garchomp|atk|1
|
|-heal|p2a: Shukaku|294\/381|[from] item: Leftovers
|turn|5
|
|switch|p1a: Espeon|Espeon, F|123\/272 brn
|switch|p2a: Kuton|Heatran, M|385\/385
|
|-damage|p1a: Espeon|89\/272 brn|[from] brn
|turn|6
|
|move|p2a: Kuton|Protect|p2a: Kuton
|-singleturn|p2a: Kuton|Protect
|move|p1a: Espeon|Shadow Ball|p2a: Kuton
|-activate|p2a: Kuton|Protect
|
|-damage|p1a: Espeon|55\/272 brn|[from] brn
|turn|7
|
|switch|p1a: Garchomp|Garchomp, M, shiny|390\/390
|move|p2a: Kuton|Lava Plume|p1a: Garchomp
|-resisted|p1a: Garchomp
|-damage|p1a: Garchomp|321\/390
|-status|p1a: Garchomp|brn
|
|-damage|p1a: Garchomp|273\/390 brn|[from] brn
|turn|8
|-message|parkranger14 forfeited.
|
|win|Steez Ibanez
|raw|Ladder updating...
|leave|parkranger14
|player|p1
|raw|parkranger14's rating: 1654 &rarr; <strong>1636<\/strong><br \/>(-18 for losing)
|raw|Steez Ibanez's rating: 1681 &rarr; <strong>1699<\/strong><br \/>(+18 for winning)