|join|Reaper of Hearts
|join|Steez Ibanez
|player|p1|Reaper of Hearts|65
|player|p2|Steez Ibanez|25
|gametype|singles
|gen|6
|tier|OU
|rated
|clearpoke
|poke|p1|Bisharp, F
|poke|p1|Venusaur, F
|poke|p1|Heatran, M
|poke|p1|Keldeo
|poke|p1|Chansey, F
|poke|p1|Skarmory, F
|poke|p2|Hydreigon, M
|poke|p2|Azumarill, M
|poke|p2|Scizor, M
|poke|p2|Landorus-Therian, M
|poke|p2|Magnezone
|poke|p2|Latios, M
|rule|Swagger Clause: Swagger is banned
|rule|Baton Pass Clause: Limit one PokÃ©mon knowing Baton Pass
|rule|Sleep Clause Mod: Limit one foe put to sleep
|rule|Species Clause: Limit one of each PokÃ©mon
|rule|OHKO Clause: OHKO moves are banned
|rule|Moody Clause: Moody is banned
|rule|Evasion Moves Clause: Evasion moves are banned
|rule|Endless Battle Clause: Forcing endless battles is banned
|rule|HP Percentage Mod: HP is shown in percentages
|teampreview
|
|start
|switch|p1a: Heatran|Heatran, M|340\/340
|switch|p2a: Nuke|Azumarill, M|345\/345
|-item|p1a: Heatran|Air Balloon
|turn|1
|
|switch|p1a: Venusaur|Venusaur, F|364\/364
|move|p2a: Nuke|Waterfall|p1a: Venusaur
|-resisted|p1a: Venusaur
|-damage|p1a: Venusaur|293\/364
|
|turn|2
|
|switch|p2a: Killuminati|Latios, M|302\/302
|detailschange|p1a: Venusaur|Venusaur-Mega, F
|message|Venusaur has Mega Evolved into Mega Venusaur!
|move|p1a: Venusaur|Leech Seed|p2a: Killuminati
|-start|p2a: Killuminati|move: Leech Seed
|
|-damage|p2a: Killuminati|265\/302|[from] Leech Seed|[of] p1a: Venusaur
|-heal|p1a: Venusaur|330\/364|[silent]
|turn|3
|
|switch|p2a: MAG|Magnezone|281\/281
|move|p1a: Venusaur|Leech Seed|p2a: MAG
|-start|p2a: MAG|move: Leech Seed
|
|-damage|p2a: MAG|246\/281|[from] Leech Seed|[of] p1a: Venusaur
|-heal|p1a: Venusaur|364\/364|[silent]
|turn|4
|
|move|p2a: MAG|Volt Switch|p1a: Venusaur
|-resisted|p1a: Venusaur
|-damage|p1a: Venusaur|309\/364
|
|switch|p2a: Sasuke|Scizor, M|343\/343
|move|p1a: Venusaur|Leech Seed|p2a: Sasuke
|-start|p2a: Sasuke|move: Leech Seed
|
|-damage|p2a: Sasuke|301\/343|[from] Leech Seed|[of] p1a: Venusaur
|-heal|p1a: Venusaur|351\/364|[silent]
|turn|5
|
|detailschange|p2a: Sasuke|Scizor-Mega, M
|message|Scizor has Mega Evolved into Mega Scizor!
|move|p1a: Venusaur|Leech Seed|p2a: Sasuke
|-fail|p2a: Sasuke
|move|p2a: Sasuke|Swords Dance|p2a: Sasuke
|-boost|p2a: Sasuke|atk|2
|
|-damage|p2a: Sasuke|259\/343|[from] Leech Seed|[of] p1a: Venusaur
|-heal|p1a: Venusaur|364\/364|[silent]
|turn|6
|
|move|p1a: Venusaur|Hidden Power|p2a: Sasuke
|-supereffective|p2a: Sasuke
|-damage|p2a: Sasuke|47\/343
|move|p2a: Sasuke|Knock Off|p1a: Venusaur
|-damage|p1a: Venusaur|260\/364
|
|-damage|p2a: Sasuke|5\/343|[from] Leech Seed|[of] p1a: Venusaur
|-heal|p1a: Venusaur|302\/364|[silent]
|turn|7
|
|move|p1a: Venusaur|Synthesis|p1a: Venusaur
|-heal|p1a: Venusaur|364\/364
|move|p2a: Sasuke|Roost|p2a: Sasuke
|-heal|p2a: Sasuke|177\/343
|
|-damage|p2a: Sasuke|135\/343|[from] Leech Seed|[of] p1a: Venusaur
|turn|8
|
|move|p2a: Sasuke|Bullet Punch|p1a: Venusaur
|-damage|p1a: Venusaur|223\/364
|move|p1a: Venusaur|Leech Seed|p2a: Sasuke|[miss]
|-miss|p1a: Venusaur|p2a: Sasuke
|
|-damage|p2a: Sasuke|93\/343|[from] Leech Seed|[of] p1a: Venusaur
|-heal|p1a: Venusaur|265\/364|[silent]
|turn|9
|
|move|p2a: Sasuke|Bullet Punch|p1a: Venusaur
|-damage|p1a: Venusaur|118\/364
|move|p1a: Venusaur|Synthesis|p1a: Venusaur
|-heal|p1a: Venusaur|300\/364
|
|-damage|p2a: Sasuke|51\/343|[from] Leech Seed|[of] p1a: Venusaur
|-heal|p1a: Venusaur|342\/364|[silent]
|turn|10
|
|move|p2a: Sasuke|Bullet Punch|p1a: Venusaur
|-damage|p1a: Venusaur|197\/364
|move|p1a: Venusaur|Hidden Power|p2a: Sasuke
|-supereffective|p2a: Sasuke
|-damage|p2a: Sasuke|0 fnt
|faint|p2a: Sasuke
|
|
|switch|p2a: Killuminati|Latios, M|265\/302
|turn|11
|
|switch|p1a: Heatran|Heatran, M|340\/340
|-item|p1a: Heatran|Air Balloon
|move|p2a: Killuminati|Draco Meteor|p1a: Heatran
|-resisted|p1a: Heatran
|-damage|p1a: Heatran|204\/340
|-enditem|p1a: Heatran|Air Balloon
|-unboost|p2a: Killuminati|spa|2
|-damage|p2a: Killuminati|235\/302|[from] item: Life Orb
|
|turn|12
|
|switch|p2a: Hades|Hydreigon, M|325\/325
|move|p1a: Heatran|Stealth Rock|p2a: Hades
|-sidestart|p2: Steez Ibanez|move: Stealth Rock
|
|turn|13
|
|switch|p1a: Chansey|Chansey, F|684\/684
|move|p2a: Hades|Superpower|p1a: Chansey
|-supereffective|p1a: Chansey
|-damage|p1a: Chansey|341\/684
|-unboost|p2a: Hades|atk|1
|-unboost|p2a: Hades|def|1
|-damage|p2a: Hades|293\/325|[from] item: Life Orb
|
|turn|14
|
|switch|p2a: Shukaku|Landorus-Therian, M|381\/381
|-damage|p2a: Shukaku|334\/381|[from] Stealth Rock
|-ability|p2a: Shukaku|Intimidate|[of] p1a: Chansey
|-unboost|p1a: Chansey|atk|1
|move|p1a: Chansey|Soft-Boiled|p1a: Chansey
|-heal|p1a: Chansey|683\/684
|
|-heal|p2a: Shukaku|357\/381|[from] item: Leftovers
|turn|15
|
|move|p2a: Shukaku|U-turn|p1a: Chansey
|-damage|p1a: Chansey|572\/684
|
|switch|p2a: MAG|Magnezone|246\/281
|-damage|p2a: MAG|229\/281|[from] Stealth Rock
|move|p1a: Chansey|Seismic Toss|p2a: MAG
|-damage|p2a: MAG|129\/281
|
|turn|16
|
|move|p2a: MAG|Volt Switch|p1a: Chansey
|-damage|p1a: Chansey|500\/684
|
|switch|p2a: Shukaku|Landorus-Therian, M|357\/381
|-damage|p2a: Shukaku|310\/381|[from] Stealth Rock
|-ability|p2a: Shukaku|Intimidate|[of] p1a: Chansey
|-unboost|p1a: Chansey|atk|1
|move|p1a: Chansey|Seismic Toss|p2a: Shukaku
|-damage|p2a: Shukaku|210\/381
|
|-heal|p2a: Shukaku|233\/381|[from] item: Leftovers
|turn|17
|
|move|p2a: Shukaku|Stealth Rock|p1a: Chansey
|-sidestart|p1: Reaper of Hearts|move: Stealth Rock
|move|p1a: Chansey|Soft-Boiled|p1a: Chansey
|-heal|p1a: Chansey|684\/684
|
|-heal|p2a: Shukaku|256\/381|[from] item: Leftovers
|turn|18
|
|move|p2a: Shukaku|Earthquake|p1a: Chansey
|-damage|p1a: Chansey|428\/684
|move|p1a: Chansey|Seismic Toss|p2a: Shukaku
|-damage|p2a: Shukaku|156\/381
|
|-heal|p2a: Shukaku|179\/381|[from] item: Leftovers
|turn|19
|
|move|p2a: Shukaku|Earthquake|p1a: Chansey
|-crit|p1a: Chansey
|-damage|p1a: Chansey|98\/684
|move|p1a: Chansey|Soft-Boiled|p1a: Chansey
|-heal|p1a: Chansey|440\/684
|
|-heal|p2a: Shukaku|202\/381|[from] item: Leftovers
|turn|20
|
|switch|p1a: Skarmory|Skarmory, F|334\/334
|-damage|p1a: Skarmory|293\/334|[from] Stealth Rock
|move|p2a: Shukaku|Earthquake|p1a: Skarmory
|-immune|p1a: Skarmory|[msg]
|
|-heal|p2a: Shukaku|225\/381|[from] item: Leftovers
|turn|21
|
|move|p2a: Shukaku|Stone Edge|p1a: Skarmory
|-damage|p1a: Skarmory|210\/334
|move|p1a: Skarmory|Whirlwind|p2a: Shukaku
|drag|p2a: MAG|Magnezone|129\/281
|-damage|p2a: MAG|112\/281|[from] Stealth Rock
|
|turn|22
|c|âSteez Ibanez|lol
|
|move|p2a: MAG|Volt Switch|p1a: Skarmory
|-supereffective|p1a: Skarmory
|-damage|p1a: Skarmory|0 fnt
|faint|p1a: Skarmory
|
|switch|p2a: Shukaku|Landorus-Therian, M|225\/381
|-damage|p2a: Shukaku|178\/381|[from] Stealth Rock
|
|-heal|p2a: Shukaku|201\/381|[from] item: Leftovers
|
|switch|p1a: Keldeo|Keldeo|323\/323
|-damage|p1a: Keldeo|303\/323|[from] Stealth Rock
|turn|23
|
|switch|p2a: MAG|Magnezone|112\/281
|-damage|p2a: MAG|95\/281|[from] Stealth Rock
|move|p1a: Keldeo|Scald|p2a: MAG
|-damage|p2a: MAG|0 fnt
|faint|p2a: MAG
|
|-heal|p1a: Keldeo|323\/323|[from] item: Leftovers
|
|switch|p2a: Killuminati|Latios, M|235\/302
|-damage|p2a: Killuminati|198\/302|[from] Stealth Rock
|turn|24
|
|switch|p2a: Hades|Hydreigon, M|293\/325
|-damage|p2a: Hades|253\/325|[from] Stealth Rock
|switch|p1a: Heatran|Heatran, M|204\/340
|-damage|p1a: Heatran|162\/340|[from] Stealth Rock
|
|turn|25
|
|move|p2a: Hades|Dark Pulse|p1a: Heatran
|-damage|p1a: Heatran|0 fnt
|-damage|p2a: Hades|221\/325|[from] item: Life Orb
|faint|p1a: Heatran
|
|
|switch|p1a: Keldeo|Keldeo|323\/323
|-damage|p1a: Keldeo|303\/323|[from] Stealth Rock
|turn|26
|
|move|p1a: Keldeo|Secret Sword|p2a: Hades
|-supereffective|p2a: Hades
|-damage|p2a: Hades|0 fnt
|faint|p2a: Hades
|
|-heal|p1a: Keldeo|323\/323|[from] item: Leftovers
|
|switch|p2a: Killuminati|Latios, M|198\/302
|-damage|p2a: Killuminati|161\/302|[from] Stealth Rock
|turn|27
|
|switch|p1a: Bisharp|Bisharp, F|334\/334
|-damage|p1a: Bisharp|314\/334|[from] Stealth Rock
|move|p2a: Killuminati|Psyshock|p1a: Bisharp
|-immune|p1a: Bisharp|[msg]
|
|-heal|p1a: Bisharp|334\/334|[from] item: Leftovers
|turn|28
|
|move|p2a: Killuminati|Draco Meteor|p1a: Bisharp
|-resisted|p1a: Bisharp
|-damage|p1a: Bisharp|146\/334
|-unboost|p2a: Killuminati|spa|2
|-damage|p2a: Killuminati|131\/302|[from] item: Life Orb
|move|p1a: Bisharp|Knock Off|p2a: Killuminati
|-supereffective|p2a: Killuminati
|-damage|p2a: Killuminati|0 fnt
|-enditem|p2a: Killuminati|Life Orb|[from] move: Knock Off|[of] p1a: Bisharp
|faint|p2a: Killuminati
|
|-heal|p1a: Bisharp|166\/334|[from] item: Leftovers
|
|switch|p2a: Nuke|Azumarill, M|345\/345
|-damage|p2a: Nuke|302\/345|[from] Stealth Rock
|turn|29
|
|move|p1a: Bisharp|Iron Head|p2a: Nuke
|-damage|p2a: Nuke|113\/345
|move|p2a: Nuke|Knock Off|p1a: Bisharp
|-resisted|p1a: Bisharp
|-damage|p1a: Bisharp|96\/334
|-enditem|p1a: Bisharp|Leftovers|[from] move: Knock Off|[of] p2a: Nuke
|
|turn|30
|
|move|p2a: Nuke|Aqua Jet|p1a: Bisharp
|-damage|p1a: Bisharp|9\/334
|move|p1a: Bisharp|Iron Head|p2a: Nuke
|-damage|p2a: Nuke|0 fnt
|faint|p2a: Nuke
|
|-message|Steez Ibanez forfeited.
|
|win|Reaper of Hearts
|raw|Ladder updating...
|leave|Steez Ibanez
|player|p2
|raw|Reaper of Hearts's rating: 1929 &rarr; <strong>1939<\/strong><br \/>(+10 for winning)
|raw|Steez Ibanez's rating: 1728 &rarr; <strong>1718<\/strong><br \/>(-10 for losing)