|join|HailGremio
|join|Steez Ibanez
|player|p1|HailGremio|266
|player|p2|Steez Ibanez|290
|gametype|singles
|gen|6
|tier|OU
|rated
|clearpoke
|poke|p1|Volcarona, M
|poke|p1|Empoleon, M
|poke|p1|Landorus-Therian, M
|poke|p1|Metagross
|poke|p1|Terrakion
|poke|p1|Latios, M
|poke|p2|Mew
|poke|p2|Garchomp, M
|poke|p2|Rotom-Wash
|poke|p2|Heatran, M
|poke|p2|Sylveon, M
|poke|p2|Lopunny, M
|rule|Swagger Clause: Swagger is banned
|rule|Baton Pass Clause: Limit one PokÃ©mon knowing Baton Pass
|rule|Sleep Clause Mod: Limit one foe put to sleep
|rule|Species Clause: Limit one of each PokÃ©mon
|rule|OHKO Clause: OHKO moves are banned
|rule|Moody Clause: Moody is banned
|rule|Evasion Moves Clause: Evasion moves are banned
|rule|Endless Battle Clause: Forcing endless battles is banned
|rule|HP Percentage Mod: HP is shown in percentages
|teampreview
|
|start
|switch|p1a: Landorus-Therian|Landorus-Therian, M|382\/382
|switch|p2a: Doomsday|Garchomp, M|357\/357
|-ability|p1a: Landorus-Therian|Intimidate|[of] p2a: Doomsday
|-unboost|p2a: Doomsday|atk|1
|turn|1
|
|switch|p2a: Lavadora|Rotom-Wash|303\/303
|move|p1a: Landorus-Therian|U-turn|p2a: Lavadora
|-damage|p2a: Lavadora|246\/303
|
|switch|p1a: Latios|Latios, M|302\/302
|
|-heal|p2a: Lavadora|264\/303|[from] item: Leftovers
|turn|2
|
|switch|p2a: Hephestus|Heatran, M|385\/385
|move|p1a: Latios|Draco Meteor|p2a: Hephestus
|-resisted|p2a: Hephestus
|-damage|p2a: Hephestus|295\/385
|-unboost|p1a: Latios|spa|2
|
|-heal|p2a: Hephestus|319\/385|[from] item: Leftovers
|turn|3
|
|switch|p1a: Empoleon|Empoleon, M|372\/372
|move|p2a: Hephestus|Toxic|p1a: Empoleon|[miss]
|-miss|p2a: Hephestus|p1a: Empoleon
|
|-heal|p2a: Hephestus|343\/385|[from] item: Leftovers
|turn|4
|
|move|p2a: Hephestus|Lava Plume|p1a: Empoleon
|-damage|p1a: Empoleon|285\/372
|move|p1a: Empoleon|Scald|p2a: Hephestus
|-supereffective|p2a: Hephestus
|-damage|p2a: Hephestus|203\/385
|
|-heal|p2a: Hephestus|227\/385|[from] item: Leftovers
|turn|5
|
|move|p2a: Hephestus|Lava Plume|p1a: Empoleon
|-damage|p1a: Empoleon|206\/372
|move|p1a: Empoleon|Scald|p2a: Hephestus
|-supereffective|p2a: Hephestus
|-damage|p2a: Hephestus|77\/385
|
|-heal|p2a: Hephestus|101\/385|[from] item: Leftovers
|turn|6
|
|move|p2a: Hephestus|Protect|p2a: Hephestus
|-singleturn|p2a: Hephestus|Protect
|move|p1a: Empoleon|Scald|p2a: Hephestus
|-activate|p2a: Hephestus|Protect
|
|-heal|p2a: Hephestus|125\/385|[from] item: Leftovers
|turn|7
|
|switch|p2a: OG|Mew|403\/403
|move|p1a: Empoleon|Scald|p2a: OG
|-damage|p2a: OG|324\/403
|
|-heal|p2a: OG|349\/403|[from] item: Leftovers
|turn|8
|
|move|p2a: OG|Knock Off|p1a: Empoleon
|-damage|p1a: Empoleon|117\/372
|-enditem|p1a: Empoleon|Chesto Berry|[from] move: Knock Off|[of] p2a: OG
|move|p1a: Empoleon|Toxic|p2a: OG
|-status|p2a: OG|tox
|
|-heal|p2a: OG|374\/403 tox|[from] item: Leftovers
|-damage|p2a: OG|349\/403 tox|[from] psn
|turn|9
|
|switch|p1a: Volcarona|Volcarona, M|371\/371
|move|p2a: OG|Will-O-Wisp|p1a: Volcarona
|-fail|p1a: Volcarona
|
|-heal|p2a: OG|374\/403 tox|[from] item: Leftovers
|-damage|p2a: OG|324\/403 tox|[from] psn
|turn|10
|
|switch|p1a: Landorus-Therian|Landorus-Therian, M|382\/382
|-ability|p1a: Landorus-Therian|Intimidate|[of] p2a: OG
|-unboost|p2a: OG|atk|1
|move|p2a: OG|Taunt|p1a: Landorus-Therian
|-start|p1a: Landorus-Therian|move: Taunt
|
|-heal|p2a: OG|349\/403 tox|[from] item: Leftovers
|-damage|p2a: OG|274\/403 tox|[from] psn
|turn|11
|
|switch|p2a: Hephestus|Heatran, M|125\/385
|move|p1a: Landorus-Therian|U-turn|p2a: Hephestus
|-resisted|p2a: Hephestus
|-damage|p2a: Hephestus|107\/385
|
|switch|p1a: Terrakion|Terrakion|323\/323
|
|-heal|p2a: Hephestus|131\/385|[from] item: Leftovers
|turn|12
|
|switch|p2a: Pixelmon|Sylveon, M|393\/393
|move|p1a: Terrakion|Stone Edge|p2a: Pixelmon
|-damage|p2a: Pixelmon|228\/393
|
|-heal|p2a: Pixelmon|252\/393|[from] item: Leftovers
|turn|13
|
|switch|p1a: Empoleon|Empoleon, M|117\/372
|move|p2a: Pixelmon|Heal Bell|p2a: Pixelmon
|-cureteam|p2a: Pixelmon|[from] move: HealBell
|
|-heal|p2a: Pixelmon|276\/393|[from] item: Leftovers
|turn|14
|
|move|p1a: Empoleon|Rest|p1a: Empoleon
|-status|p1a: Empoleon|slp
|-heal|p1a: Empoleon|372\/372 slp|[silent]
|-status|p1a: Empoleon|slp|[from] move: Rest
|move|p2a: Pixelmon|Wish|p2a: Pixelmon
|
|-heal|p2a: Pixelmon|300\/393|[from] item: Leftovers
|turn|15
|
|switch|p2a: Hephestus|Heatran, M|131\/385
|cant|p1a: Empoleon|slp
|
|-heal|p2a: Hephestus|327\/385|[from] move: Wish|[wisher] Pixelmon
|-heal|p2a: Hephestus|351\/385|[from] item: Leftovers
|turn|16
|
|switch|p2a: Doomsday|Garchomp, M|357\/357
|cant|p1a: Empoleon|slp
|
|turn|17
|
|switch|p1a: Landorus-Therian|Landorus-Therian, M|382\/382
|-ability|p1a: Landorus-Therian|Intimidate|[of] p2a: Doomsday
|-unboost|p2a: Doomsday|atk|1
|move|p2a: Doomsday|Stealth Rock|p1a: Landorus-Therian
|-sidestart|p1: HailGremio|move: Stealth Rock
|
|turn|18
|
|move|p2a: Doomsday|Swords Dance|p2a: Doomsday
|-boost|p2a: Doomsday|atk|2
|move|p1a: Landorus-Therian|Stealth Rock|p2a: Doomsday
|-sidestart|p2: Steez Ibanez|move: Stealth Rock
|
|turn|19
|
|move|p2a: Doomsday|Dragon Claw|p1a: Landorus-Therian
|-crit|p1a: Landorus-Therian
|-damage|p1a: Landorus-Therian|99\/382
|move|p1a: Landorus-Therian|U-turn|p2a: Doomsday
|-damage|p2a: Doomsday|278\/357
|-damage|p1a: Landorus-Therian|52\/382|[from] ability: Rough Skin|[of] p2a: Doomsday
|
|switch|p1a: Latios|Latios, M|302\/302
|-damage|p1a: Latios|265\/302|[from] Stealth Rock
|
|turn|20
|
|switch|p1a: Metagross|Metagross|301\/301
|-damage|p1a: Metagross|283\/301|[from] Stealth Rock
|switch|p2a: Pixelmon|Sylveon, M|300\/393
|-damage|p2a: Pixelmon|251\/393|[from] Stealth Rock
|
|-heal|p2a: Pixelmon|275\/393|[from] item: Leftovers
|turn|21
|
|switch|p2a: Lavadora|Rotom-Wash|264\/303
|-damage|p2a: Lavadora|227\/303|[from] Stealth Rock
|detailschange|p1a: Metagross|Metagross-Mega
|message|Metagross has Mega Evolved into Mega Metagross!
|move|p1a: Metagross|Zen Headbutt|p2a: Lavadora
|-damage|p2a: Lavadora|79\/303
|
|-heal|p2a: Lavadora|97\/303|[from] item: Leftovers
|turn|22
|
|move|p1a: Metagross|Zen Headbutt|p2a: Lavadora
|-damage|p2a: Lavadora|0 fnt
|faint|p2a: Lavadora
|
|
|switch|p2a: OG|Mew|274\/403
|-damage|p2a: OG|224\/403|[from] Stealth Rock
|turn|23
|
|move|p1a: Metagross|Meteor Mash|p2a: OG
|-damage|p2a: OG|5\/403
|move|p2a: OG|Will-O-Wisp|p1a: Metagross
|-status|p1a: Metagross|brn
|
|-heal|p2a: OG|30\/403|[from] item: Leftovers
|-damage|p1a: Metagross|246\/301 brn|[from] brn
|turn|24
|
|move|p1a: Metagross|Bullet Punch|p2a: OG
|-damage|p2a: OG|0 fnt
|faint|p2a: OG
|
|-damage|p1a: Metagross|209\/301 brn|[from] brn
|
|switch|p2a: Doomsday|Garchomp, M|278\/357
|-damage|p2a: Doomsday|256\/357|[from] Stealth Rock
|turn|25
|
|move|p1a: Metagross|Meteor Mash|p2a: Doomsday
|-damage|p2a: Doomsday|127\/357
|-damage|p1a: Metagross|172\/301 brn|[from] ability: Rough Skin|[of] p2a: Doomsday
|move|p2a: Doomsday|Earthquake|p1a: Metagross
|-supereffective|p1a: Metagross
|-damage|p1a: Metagross|0 fnt
|faint|p1a: Metagross
|
|
|switch|p1a: Latios|Latios, M|265\/302
|-damage|p1a: Latios|228\/302|[from] Stealth Rock
|turn|26
|
|move|p1a: Latios|Draco Meteor|p2a: Doomsday
|-supereffective|p2a: Doomsday
|-damage|p2a: Doomsday|0 fnt
|-unboost|p1a: Latios|spa|2
|faint|p2a: Doomsday
|
|
|switch|p2a: CM Punk|Lopunny, M|271\/271
|-damage|p2a: CM Punk|238\/271|[from] Stealth Rock
|turn|27
|
|switch|p1a: Landorus-Therian|Landorus-Therian, M|52\/382
|-damage|p1a: Landorus-Therian|5\/382|[from] Stealth Rock
|-ability|p1a: Landorus-Therian|Intimidate|[of] p2a: CM Punk
|-unboost|p2a: CM Punk|atk|1
|detailschange|p2a: CM Punk|Lopunny-Mega, M
|message|Lopunny has Mega Evolved into Mega Lopunny!
|move|p2a: CM Punk|Fake Out|p1a: Landorus-Therian
|-damage|p1a: Landorus-Therian|0 fnt
|faint|p1a: Landorus-Therian
|
|
|switch|p1a: Terrakion|Terrakion|323\/323
|-damage|p1a: Terrakion|303\/323|[from] Stealth Rock
|turn|28
|
|move|p1a: Terrakion|Close Combat|p2a: CM Punk
|-supereffective|p2a: CM Punk
|-damage|p2a: CM Punk|0 fnt
|-unboost|p1a: Terrakion|def|1
|-unboost|p1a: Terrakion|spd|1
|faint|p2a: CM Punk
|
|-message|Steez Ibanez forfeited.
|
|win|HailGremio
|raw|Ladder updating...
|leave|Steez Ibanez
|player|p2
|raw|HailGremio's rating: 1325 &rarr; <strong>1351<\/strong><br \/>(+26 for winning)
|raw|Steez Ibanez's rating: 1420 &rarr; <strong>1395<\/strong><br \/>(-25 for losing)