|join|Steez Ibanez
|join|XxScorchxX
|player|p1|Steez Ibanez|290
|player|p2|XxScorchxX|126
|gametype|singles
|gen|6
|tier|OU
|rated
|clearpoke
|poke|p1|Heatran, M
|poke|p1|Clefable, M
|poke|p1|Rotom-Wash
|poke|p1|Landorus-Therian, M
|poke|p1|Latios, M
|poke|p1|Gyarados, M
|poke|p2|Lopunny, M, shiny
|poke|p2|Rotom-Wash, shiny
|poke|p2|Sylveon, F, shiny
|poke|p2|Dragonite, F
|poke|p2|Scizor, F
|poke|p2|Landorus, M, shiny
|rule|Swagger Clause: Swagger is banned
|rule|Baton Pass Clause: Limit one PokÃ©mon knowing Baton Pass
|rule|Sleep Clause Mod: Limit one foe put to sleep
|rule|Species Clause: Limit one of each PokÃ©mon
|rule|OHKO Clause: OHKO moves are banned
|rule|Moody Clause: Moody is banned
|rule|Evasion Moves Clause: Evasion moves are banned
|rule|Endless Battle Clause: Forcing endless battles is banned
|rule|HP Percentage Mod: HP is shown in percentages
|teampreview
|
|start
|switch|p1a: Indigo|Clefable, M|394\/394
|switch|p2a: Landorus|Landorus, M, shiny|320\/320
|turn|1
|
|switch|p1a: B4.DA.|Latios, M|301\/301
|move|p2a: Landorus|Sludge Wave|p1a: B4.DA.
|-damage|p1a: B4.DA.|183\/301
|
|turn|2
|
|switch|p2a: Sylveon|Sylveon, F, shiny|394\/394
|move|p1a: B4.DA.|Psyshock|p2a: Sylveon
|-damage|p2a: Sylveon|133\/394
|-damage|p1a: B4.DA.|153\/301|[from] item: Life Orb
|
|-heal|p2a: Sylveon|157\/394|[from] item: Leftovers
|turn|3
|
|switch|p1a: Susano'o|Heatran, M|385\/385
|move|p2a: Sylveon|Protect|p2a: Sylveon
|-fail|p2a: Sylveon
|
|-heal|p2a: Sylveon|181\/394|[from] item: Leftovers
|turn|4
|
|switch|p2a: Landorus|Landorus, M, shiny|320\/320
|move|p1a: Susano'o|Taunt|p2a: Landorus
|-start|p2a: Landorus|move: Taunt
|
|turn|5
|
|switch|p1a: Lavadora|Rotom-Wash|303\/303
|move|p2a: Landorus|Hidden Power|p1a: Lavadora
|-resisted|p1a: Lavadora
|-damage|p1a: Lavadora|272\/303
|
|-heal|p1a: Lavadora|290\/303|[from] item: Leftovers
|turn|6
|
|switch|p2a: Sylveon|Sylveon, F, shiny|181\/394
|move|p1a: Lavadora|Volt Switch|p2a: Sylveon
|-damage|p2a: Sylveon|129\/394
|
|switch|p1a: End|Gyarados, M|332\/332
|-ability|p1a: End|Intimidate|[of] p2a: Sylveon
|-unboost|p2a: Sylveon|atk|1
|
|-heal|p2a: Sylveon|153\/394|[from] item: Leftovers
|turn|7
|
|switch|p2a: Rotom-Wash|Rotom-Wash, shiny|304\/304
|move|p1a: End|Waterfall|p2a: Rotom-Wash
|-resisted|p2a: Rotom-Wash
|-damage|p2a: Rotom-Wash|255\/304
|
|-heal|p2a: Rotom-Wash|274\/304|[from] item: Leftovers
|turn|8
|
|switch|p1a: Indigo|Clefable, M|394\/394
|move|p2a: Rotom-Wash|Volt Switch|p1a: Indigo
|-crit|p1a: Indigo
|-damage|p1a: Indigo|285\/394
|
|switch|p2a: Scizor|Scizor, F|281\/281
|
|-heal|p1a: Indigo|309\/394|[from] item: Leftovers
|turn|9
|
|move|p2a: Scizor|U-turn|p1a: Indigo
|-resisted|p1a: Indigo
|-damage|p1a: Indigo|247\/394
|
|switch|p2a: Sylveon|Sylveon, F, shiny|153\/394
|move|p1a: Indigo|Stealth Rock|p2a: Sylveon
|-sidestart|p2: XxScorchxX|move: Stealth Rock
|
|-heal|p2a: Sylveon|177\/394|[from] item: Leftovers
|-heal|p1a: Indigo|271\/394|[from] item: Leftovers
|turn|10
|
|move|p2a: Sylveon|Wish|p2a: Sylveon
|move|p1a: Indigo|Moonblast|p2a: Sylveon
|-damage|p2a: Sylveon|119\/394
|
|-heal|p2a: Sylveon|143\/394|[from] item: Leftovers
|-heal|p1a: Indigo|295\/394|[from] item: Leftovers
|turn|11
|c|âXxScorchxX|not many people have stealth rock clef able, thats cool
|
|switch|p1a: Susano'o|Heatran, M|385\/385
|move|p2a: Sylveon|Hyper Voice|p1a: Susano'o
|-resisted|p1a: Susano'o
|-damage|p1a: Susano'o|358\/385
|
|-heal|p2a: Sylveon|340\/394|[from] move: Wish|[wisher] Sylveon
|-heal|p1a: Susano'o|382\/385|[from] item: Leftovers
|-heal|p2a: Sylveon|364\/394|[from] item: Leftovers
|turn|12
|c|âSteez Ibanez|try out new stuff
|c|âSteez Ibanez|i fell 300 points lol
|c|âXxScorchxX|its unique tho so it will suprise people
|c|âSteez Ibanez|yea
|
|switch|p2a: Rotom-Wash|Rotom-Wash, shiny|274\/304
|-damage|p2a: Rotom-Wash|236\/304|[from] Stealth Rock
|move|p1a: Susano'o|Toxic|p2a: Rotom-Wash
|-status|p2a: Rotom-Wash|tox
|
|-heal|p2a: Rotom-Wash|255\/304 tox|[from] item: Leftovers
|-heal|p1a: Susano'o|385\/385|[from] item: Leftovers
|-damage|p2a: Rotom-Wash|236\/304 tox|[from] psn
|turn|13
|c|âXxScorchxX|like me lol
|c|âSteez Ibanez|i hate clefable as a opponent
|
|switch|p1a: Indigo|Clefable, M|295\/394
|move|p2a: Rotom-Wash|Hydro Pump|p1a: Indigo|[miss]
|-miss|p2a: Rotom-Wash|p1a: Indigo
|
|-heal|p2a: Rotom-Wash|255\/304 tox|[from] item: Leftovers
|-heal|p1a: Indigo|319\/394|[from] item: Leftovers
|-damage|p2a: Rotom-Wash|217\/304 tox|[from] psn
|turn|14
|
|move|p2a: Rotom-Wash|Volt Switch|p1a: Indigo
|-damage|p1a: Indigo|235\/394
|
|switch|p2a: Lopunny|Lopunny, M, shiny|272\/272
|-damage|p2a: Lopunny|238\/272|[from] Stealth Rock
|move|p1a: Indigo|Fire Blast|p2a: Lopunny
|-damage|p2a: Lopunny|159\/272
|
|-heal|p1a: Indigo|259\/394|[from] item: Leftovers
|turn|15
|
|detailschange|p2a: Lopunny|Lopunny-Mega, M, shiny
|message|Lopunny has Mega Evolved into Mega Lopunny!
|move|p2a: Lopunny|Fake Out|p1a: Indigo
|-damage|p1a: Indigo|181\/394
|cant|p1a: Indigo|flinch
|
|-heal|p1a: Indigo|205\/394|[from] item: Leftovers
|turn|16
|
|move|p2a: Lopunny|Return|p1a: Indigo
|-damage|p1a: Indigo|19\/394
|move|p1a: Indigo|Soft-Boiled|p1a: Indigo
|-heal|p1a: Indigo|216\/394
|
|-heal|p1a: Indigo|240\/394|[from] item: Leftovers
|turn|17
|
|switch|p2a: Scizor|Scizor, F|281\/281
|-damage|p2a: Scizor|246\/281|[from] Stealth Rock
|move|p1a: Indigo|Moonblast|p2a: Scizor
|-resisted|p2a: Scizor
|-damage|p2a: Scizor|185\/281
|-unboost|p2a: Scizor|spa|1
|
|-heal|p2a: Scizor|202\/281|[from] item: Leftovers
|-heal|p1a: Indigo|264\/394|[from] item: Leftovers
|turn|18
|
|switch|p1a: Susano'o|Heatran, M|385\/385
|move|p2a: Scizor|Defog|p1a: Susano'o
|-unboost|p1a: Susano'o|evasion|1
|-sideend|p2: XxScorchxX|Stealth Rock|[from] move: Defog|[of] p2a: Scizor
|
|-heal|p2a: Scizor|219\/281|[from] item: Leftovers
|turn|19
|
|switch|p2a: Landorus|Landorus, M, shiny|320\/320
|move|p1a: Susano'o|Lava Plume|p2a: Landorus
|-crit|p2a: Landorus
|-damage|p2a: Landorus|118\/320
|
|turn|20
|
|move|p2a: Landorus|Earth Power|p1a: Susano'o
|-crit|p1a: Susano'o
|-supereffective|p1a: Susano'o
|-damage|p1a: Susano'o|0 fnt
|faint|p1a: Susano'o
|
|
|switch|p1a: B4.DA.|Latios, M|153\/301
|turn|21
|
|switch|p2a: Rotom-Wash|Rotom-Wash, shiny|217\/304 tox
|move|p1a: B4.DA.|Draco Meteor|p2a: Rotom-Wash
|-damage|p2a: Rotom-Wash|0 fnt
|-unboost|p1a: B4.DA.|spa|2
|-damage|p1a: B4.DA.|123\/301|[from] item: Life Orb
|faint|p2a: Rotom-Wash
|
|
|switch|p2a: Lopunny|Lopunny-Mega, M, shiny|159\/272
|turn|22
|
|switch|p1a: Indigo|Clefable, M|264\/394
|move|p2a: Lopunny|Ice Punch|p1a: Indigo
|-damage|p1a: Indigo|162\/394
|-status|p1a: Indigo|frz
|
|-heal|p1a: Indigo|186\/394 frz|[from] item: Leftovers
|turn|23
|c|âSteez Ibanez|lol
|c|âXxScorchxX|wow sorry
|c|âSteez Ibanez|happens
|c|âXxScorchxX|hope u get 1st turn defrost
|
|move|p2a: Lopunny|Return|p1a: Indigo
|-damage|p1a: Indigo|0 fnt
|faint|p1a: Indigo
|
|c|âSteez Ibanez|doubt it
|
|switch|p1a: End|Gyarados, M|332\/332
|-ability|p1a: End|Intimidate|[of] p2a: Lopunny
|-unboost|p2a: Lopunny|atk|1
|turn|24
|
|switch|p2a: Scizor|Scizor, F|219\/281
|move|p1a: End|Dragon Dance|p1a: End
|-boost|p1a: End|atk|1
|-boost|p1a: End|spe|1
|
|-heal|p2a: Scizor|236\/281|[from] item: Leftovers
|turn|25
|
|move|p1a: End|Waterfall|p2a: Scizor
|-damage|p2a: Scizor|19\/281
|move|p2a: Scizor|U-turn|p1a: End
|-crit|p1a: End
|-resisted|p1a: End
|-damage|p1a: End|228\/332
|
|switch|p2a: Dragonite|Dragonite, F|324\/324
|
|turn|26
|
|detailschange|p1a: End|Gyarados-Mega, M
|message|Gyarados has Mega Evolved into Mega Gyarados!
|-ability|p1a: End|Mold Breaker
|move|p1a: End|Crunch|p2a: Dragonite
|-damage|p2a: Dragonite|65\/324
|-unboost|p2a: Dragonite|def|1
|move|p2a: Dragonite|Outrage|p1a: End
|-damage|p1a: End|0 fnt
|faint|p1a: End
|
|
|switch|p1a: Shukaku|Landorus-Therian, M|319\/319
|-ability|p1a: Shukaku|Intimidate|[of] p2a: Dragonite
|-unboost|p2a: Dragonite|atk|1
|turn|27
|
|move|p1a: Shukaku|Knock Off|p2a: Dragonite
|-crit|p2a: Dragonite
|-damage|p2a: Dragonite|0 fnt
|-enditem|p2a: Dragonite|Choice Band|[from] move: Knock Off|[of] p1a: Shukaku
|faint|p2a: Dragonite
|
|
|switch|p2a: Landorus|Landorus, M, shiny|118\/320
|turn|28
|
|switch|p1a: Lavadora|Rotom-Wash|290\/303
|move|p2a: Landorus|Hidden Power|p1a: Lavadora
|-resisted|p1a: Lavadora
|-damage|p1a: Lavadora|259\/303
|
|-heal|p1a: Lavadora|277\/303|[from] item: Leftovers
|turn|29
|
|switch|p2a: Sylveon|Sylveon, F, shiny|364\/394
|move|p1a: Lavadora|Hydro Pump|p2a: Sylveon
|-damage|p2a: Sylveon|280\/394
|
|-heal|p1a: Lavadora|295\/303|[from] item: Leftovers
|-heal|p2a: Sylveon|304\/394|[from] item: Leftovers
|turn|30
|
|move|p1a: Lavadora|Will-O-Wisp|p2a: Sylveon|[miss]
|-miss|p1a: Lavadora|p2a: Sylveon
|move|p2a: Sylveon|Wish|p2a: Sylveon
|
|-heal|p1a: Lavadora|303\/303|[from] item: Leftovers
|-heal|p2a: Sylveon|328\/394|[from] item: Leftovers
|turn|31
|c|âXxScorchxX|ur rotom is like mine, they both need glasses
|
|move|p1a: Lavadora|Hydro Pump|p2a: Sylveon
|-damage|p2a: Sylveon|241\/394
|move|p2a: Sylveon|Hyper Voice|p1a: Lavadora
|-damage|p1a: Lavadora|153\/303
|
|-heal|p2a: Sylveon|394\/394|[from] move: Wish|[wisher] Sylveon
|-heal|p1a: Lavadora|171\/303|[from] item: Leftovers
|turn|32
|c|âSteez Ibanez|lol
|
|move|p1a: Lavadora|Pain Split|p2a: Sylveon
|-sethp|p2a: Sylveon|282\/394|p1a: Lavadora|282\/303|[from] move: Pain Split
|move|p2a: Sylveon|Wish|p2a: Sylveon
|
|-heal|p1a: Lavadora|300\/303|[from] item: Leftovers
|-heal|p2a: Sylveon|306\/394|[from] item: Leftovers
|turn|33
|
|move|p1a: Lavadora|Hydro Pump|p2a: Sylveon
|-crit|p2a: Sylveon
|-damage|p2a: Sylveon|188\/394
|move|p2a: Sylveon|Hyper Voice|p1a: Lavadora
|-damage|p1a: Lavadora|158\/303
|
|-heal|p2a: Sylveon|385\/394|[from] move: Wish|[wisher] Sylveon
|-heal|p1a: Lavadora|176\/303|[from] item: Leftovers
|-heal|p2a: Sylveon|394\/394|[from] item: Leftovers
|turn|34
|
|switch|p2a: Scizor|Scizor, F|19\/281
|move|p1a: Lavadora|Will-O-Wisp|p2a: Scizor|[miss]
|-miss|p1a: Lavadora|p2a: Scizor
|
|-heal|p2a: Scizor|36\/281|[from] item: Leftovers
|-heal|p1a: Lavadora|194\/303|[from] item: Leftovers
|turn|35
|c|âSteez Ibanez|lol
|
|move|p2a: Scizor|Knock Off|p1a: Lavadora
|-damage|p1a: Lavadora|118\/303
|-enditem|p1a: Lavadora|Leftovers|[from] move: Knock Off|[of] p2a: Scizor
|move|p1a: Lavadora|Volt Switch|p2a: Scizor
|-damage|p2a: Scizor|0 fnt
|faint|p2a: Scizor
|
|switch|p1a: B4.DA.|Latios, M|123\/301
|
|
|switch|p2a: Landorus|Landorus, M, shiny|118\/320
|turn|36
|
|move|p2a: Landorus|Hidden Power|p1a: B4.DA.
|-supereffective|p1a: B4.DA.
|-damage|p1a: B4.DA.|7\/301
|move|p1a: B4.DA.|Psyshock|p2a: Landorus
|-damage|p2a: Landorus|0 fnt
|-damage|p1a: B4.DA.|0 fnt|[from] item: Life Orb
|faint|p2a: Landorus
|faint|p1a: B4.DA.
|
|c|âXxScorchxX|so close >.<
|
|switch|p1a: Shukaku|Landorus-Therian, M|319\/319
|switch|p2a: Sylveon|Sylveon, F, shiny|394\/394
|-ability|p1a: Shukaku|Intimidate|[of] p2a: Sylveon
|-unboost|p2a: Sylveon|atk|1
|turn|37
|
|move|p1a: Shukaku|Earthquake|p2a: Sylveon
|-damage|p2a: Sylveon|115\/394
|move|p2a: Sylveon|Hyper Voice|p1a: Shukaku
|-damage|p1a: Shukaku|148\/319
|
|-heal|p2a: Sylveon|139\/394|[from] item: Leftovers
|turn|38
|
|move|p2a: Sylveon|Protect|p2a: Sylveon
|-singleturn|p2a: Sylveon|Protect
|move|p1a: Shukaku|Earthquake|p2a: Sylveon
|-activate|p2a: Sylveon|Protect
|
|-heal|p2a: Sylveon|163\/394|[from] item: Leftovers
|turn|39
|
|move|p1a: Shukaku|Earthquake|p2a: Sylveon
|-damage|p2a: Sylveon|0 fnt
|faint|p2a: Sylveon
|
|
|switch|p2a: Lopunny|Lopunny-Mega, M, shiny|159\/272
|turn|40
|
|switch|p1a: Lavadora|Rotom-Wash|118\/303
|move|p2a: Lopunny|Ice Punch|p1a: Lavadora
|-resisted|p1a: Lavadora
|-damage|p1a: Lavadora|88\/303
|
|turn|41
|
|move|p2a: Lopunny|Return|p1a: Lavadora
|-damage|p1a: Lavadora|0 fnt
|faint|p1a: Lavadora
|
|
|switch|p1a: Shukaku|Landorus-Therian, M|148\/319
|-ability|p1a: Shukaku|Intimidate|[of] p2a: Lopunny
|-unboost|p2a: Lopunny|atk|1
|turn|42
|
|move|p1a: Shukaku|Earthquake|p2a: Lopunny
|-damage|p2a: Lopunny|0 fnt
|faint|p2a: Lopunny
|
|win|Steez Ibanez
|raw|Ladder updating...
|raw|Steez Ibanez's rating: 1452 &rarr; <strong>1470<\/strong><br \/>(+18 for winning)
|raw|XxScorchxX's rating: 1425 &rarr; <strong>1406<\/strong><br \/>(-19 for losing)