|join|Rigo Tovar
|join|Steez Ibanez
|player|p1|Rigo Tovar|191
|player|p2|Steez Ibanez|290
|gametype|singles
|gen|6
|tier|OU
|rated
|clearpoke
|poke|p1|Azumarill, F
|poke|p1|Heatran, F
|poke|p1|Skarmory, F
|poke|p1|Sceptile, M
|poke|p1|Landorus-Therian, M
|poke|p1|Gothitelle, F
|poke|p2|Heatran, M
|poke|p2|Clefable, M
|poke|p2|Rotom-Wash
|poke|p2|Landorus-Therian, M
|poke|p2|Latios, M
|poke|p2|Gyarados, M
|rule|Swagger Clause: Swagger is banned
|rule|Baton Pass Clause: Limit one PokÃ©mon knowing Baton Pass
|rule|Sleep Clause Mod: Limit one foe put to sleep
|rule|Species Clause: Limit one of each PokÃ©mon
|rule|OHKO Clause: OHKO moves are banned
|rule|Moody Clause: Moody is banned
|rule|Evasion Moves Clause: Evasion moves are banned
|rule|Endless Battle Clause: Forcing endless battles is banned
|rule|HP Percentage Mod: HP is shown in percentages
|teampreview
|
|start
|switch|p1a: Sceptile|Sceptile, M|282\/282
|switch|p2a: Lavadora|Rotom-Wash|303\/303
|turn|1
|
|switch|p2a: Indigo|Clefable, M|394\/394
|detailschange|p1a: Sceptile|Sceptile-Mega, M
|message|Sceptile has Mega Evolved into Mega Sceptile!
|move|p1a: Sceptile|Giga Drain|p2a: Indigo
|-damage|p2a: Indigo|268\/394
|
|-heal|p2a: Indigo|292\/394|[from] item: Leftovers
|turn|2
|
|switch|p1a: Gothitelle|Gothitelle, F|281\/281
|move|p2a: Indigo|Stealth Rock|p1a: Gothitelle
|-sidestart|p1: Rigo Tovar|move: Stealth Rock
|
|-heal|p2a: Indigo|316\/394|[from] item: Leftovers
|turn|3
|
|move|p1a: Gothitelle|Trick|p2a: Indigo
|-activate|p1a: Gothitelle|move: Trick|[of] p2a: Indigo
|-item|p2a: Indigo|Choice Specs|[from] move: Trick
|-item|p1a: Gothitelle|Leftovers|[from] move: Trick
|move|p2a: Indigo|Moonblast|p1a: Gothitelle
|-damage|p1a: Gothitelle|140\/281
|
|-heal|p1a: Gothitelle|157\/281|[from] item: Leftovers
|turn|4
|
|switch|p1a: Skarmory|Skarmory, F|334\/334
|-damage|p1a: Skarmory|293\/334|[from] Stealth Rock
|move|p2a: Indigo|Moonblast|p1a: Skarmory
|-resisted|p1a: Skarmory
|-damage|p1a: Skarmory|193\/334
|
|turn|5
|
|move|p1a: Skarmory|Defog|p2a: Indigo
|-unboost|p2a: Indigo|evasion|1
|-sideend|p1: Rigo Tovar|Stealth Rock|[from] move: Defog|[of] p1a: Skarmory
|move|p2a: Indigo|Moonblast|p1a: Skarmory
|-resisted|p1a: Skarmory
|-damage|p1a: Skarmory|85\/334
|
|turn|6
|
|switch|p2a: Susano'o|Heatran, M|385\/385
|move|p1a: Skarmory|Roost|p1a: Skarmory
|-heal|p1a: Skarmory|252\/334
|
|turn|7
|
|switch|p1a: Heatran|Heatran, F|386\/386
|move|p2a: Susano'o|Earth Power|p1a: Heatran
|-supereffective|p1a: Heatran
|-damage|p1a: Heatran|146\/386
|
|-heal|p1a: Heatran|170\/386|[from] item: Leftovers
|turn|8
|
|move|p2a: Susano'o|Toxic|p1a: Heatran
|-fail|p1a: Heatran
|move|p1a: Heatran|Stealth Rock|p2a: Susano'o
|-sidestart|p2: Steez Ibanez|move: Stealth Rock
|
|-heal|p1a: Heatran|194\/386|[from] item: Leftovers
|turn|9
|
|switch|p1a: Landorus-Therian|Landorus-Therian, M|320\/320
|-ability|p1a: Landorus-Therian|Intimidate|[of] p2a: Susano'o
|-unboost|p2a: Susano'o|atk|1
|move|p2a: Susano'o|Lava Plume|p1a: Landorus-Therian
|-damage|p1a: Landorus-Therian|170\/320
|-status|p1a: Landorus-Therian|brn
|
|-damage|p1a: Landorus-Therian|130\/320 brn|[from] brn
|turn|10
|
|switch|p2a: Indigo|Clefable, M|316\/394
|move|p1a: Landorus-Therian|Earthquake|p2a: Indigo
|-damage|p2a: Indigo|193\/394
|
|-damage|p1a: Landorus-Therian|90\/320 brn|[from] brn
|turn|11
|
|switch|p1a: Heatran|Heatran, F|194\/386
|move|p2a: Indigo|Stealth Rock|p1a: Heatran
|-sidestart|p1: Rigo Tovar|move: Stealth Rock
|
|-heal|p1a: Heatran|218\/386|[from] item: Leftovers
|turn|12
|
|switch|p2a: Susano'o|Heatran, M|385\/385
|-damage|p2a: Susano'o|337\/385|[from] Stealth Rock
|move|p1a: Heatran|Earth Power|p2a: Susano'o
|-supereffective|p2a: Susano'o
|-damage|p2a: Susano'o|57\/385
|
|-heal|p2a: Susano'o|81\/385|[from] item: Leftovers
|-heal|p1a: Heatran|242\/386|[from] item: Leftovers
|turn|13
|
|switch|p2a: B4.DA.|Latios, M|301\/301
|-damage|p2a: B4.DA.|264\/301|[from] Stealth Rock
|switch|p1a: Landorus-Therian|Landorus-Therian, M|90\/320 brn
|-damage|p1a: Landorus-Therian|50\/320 brn|[from] Stealth Rock
|-ability|p1a: Landorus-Therian|Intimidate|[of] p2a: B4.DA.
|-unboost|p2a: B4.DA.|atk|1
|
|-damage|p1a: Landorus-Therian|10\/320 brn|[from] brn
|turn|14
|
|switch|p2a: Susano'o|Heatran, M|81\/385
|-damage|p2a: Susano'o|33\/385|[from] Stealth Rock
|move|p1a: Landorus-Therian|U-turn|p2a: Susano'o
|-resisted|p2a: Susano'o
|-damage|p2a: Susano'o|21\/385
|
|switch|p1a: Sceptile|Sceptile-Mega, M|282\/282
|-damage|p1a: Sceptile|247\/282|[from] Stealth Rock
|
|-heal|p2a: Susano'o|45\/385|[from] item: Leftovers
|turn|15
|
|move|p1a: Sceptile|Dragon Pulse|p2a: Susano'o
|-resisted|p2a: Susano'o
|-damage|p2a: Susano'o|0 fnt
|faint|p2a: Susano'o
|
|
|switch|p2a: Shukaku|Landorus-Therian, M|319\/319
|-damage|p2a: Shukaku|280\/319|[from] Stealth Rock
|-ability|p2a: Shukaku|Intimidate|[of] p1a: Sceptile
|-unboost|p1a: Sceptile|atk|1
|turn|16
|
|switch|p1a: Landorus-Therian|Landorus-Therian, M|10\/320 brn
|-damage|p1a: Landorus-Therian|0 fnt|[from] Stealth Rock
|faint|p1a: Landorus-Therian
|move|p2a: Shukaku|U-turn|p1: Landorus-Therian|[notarget]
|-notarget
|
|
|switch|p1a: Azumarill|Azumarill, F|404\/404
|-damage|p1a: Azumarill|354\/404|[from] Stealth Rock
|turn|17
|
|switch|p2a: Lavadora|Rotom-Wash|303\/303
|-damage|p2a: Lavadora|266\/303|[from] Stealth Rock
|move|p1a: Azumarill|Play Rough|p2a: Lavadora
|-damage|p2a: Lavadora|133\/303
|
|-heal|p2a: Lavadora|151\/303|[from] item: Leftovers
|turn|18
|
|switch|p1a: Heatran|Heatran, F|242\/386
|-damage|p1a: Heatran|194\/386|[from] Stealth Rock
|move|p2a: Lavadora|Will-O-Wisp|p1a: Heatran
|-start|p1a: Heatran|ability: Flash Fire
|
|-heal|p2a: Lavadora|169\/303|[from] item: Leftovers
|-heal|p1a: Heatran|218\/386|[from] item: Leftovers
|turn|19
|
|switch|p1a: Sceptile|Sceptile-Mega, M|247\/282
|-damage|p1a: Sceptile|212\/282|[from] Stealth Rock
|move|p2a: Lavadora|Will-O-Wisp|p1a: Sceptile
|-status|p1a: Sceptile|brn
|
|-heal|p2a: Lavadora|187\/303|[from] item: Leftovers
|-damage|p1a: Sceptile|177\/282 brn|[from] brn
|turn|20
|c|âSteez Ibanez|nice try tho
|
|switch|p2a: Indigo|Clefable, M|193\/394
|move|p1a: Sceptile|Giga Drain|p2a: Indigo
|-damage|p2a: Indigo|64\/394
|-heal|p1a: Sceptile|242\/282 brn|[from] drain|[of] p2a: Indigo
|
|-damage|p1a: Sceptile|207\/282 brn|[from] brn
|turn|21
|
|move|p1a: Sceptile|Giga Drain|p2a: Indigo
|-damage|p2a: Indigo|0 fnt
|-heal|p1a: Sceptile|239\/282 brn|[from] drain|[of] p2a: Indigo
|faint|p2a: Indigo
|
|-damage|p1a: Sceptile|204\/282 brn|[from] brn
|
|switch|p2a: Shukaku|Landorus-Therian, M|280\/319
|-damage|p2a: Shukaku|241\/319|[from] Stealth Rock
|-ability|p2a: Shukaku|Intimidate|[of] p1a: Sceptile
|-unboost|p1a: Sceptile|atk|1
|turn|22
|
|switch|p1a: Skarmory|Skarmory, F|252\/334
|-damage|p1a: Skarmory|211\/334|[from] Stealth Rock
|move|p2a: Shukaku|U-turn|p1a: Skarmory
|-resisted|p1a: Skarmory
|-damage|p1a: Skarmory|199\/334
|
|switch|p2a: Lavadora|Rotom-Wash|187\/303
|-damage|p2a: Lavadora|150\/303|[from] Stealth Rock
|
|-heal|p2a: Lavadora|168\/303|[from] item: Leftovers
|turn|23
|
|switch|p1a: Sceptile|Sceptile-Mega, M|204\/282 brn
|-damage|p1a: Sceptile|169\/282 brn|[from] Stealth Rock
|move|p2a: Lavadora|Hydro Pump|p1a: Sceptile
|-resisted|p1a: Sceptile
|-damage|p1a: Sceptile|132\/282 brn
|
|-heal|p2a: Lavadora|186\/303|[from] item: Leftovers
|-damage|p1a: Sceptile|97\/282 brn|[from] brn
|turn|24
|
|switch|p2a: B4.DA.|Latios, M|264\/301
|-damage|p2a: B4.DA.|227\/301|[from] Stealth Rock
|move|p1a: Sceptile|Dragon Pulse|p2a: B4.DA.
|-supereffective|p2a: B4.DA.
|-damage|p2a: B4.DA.|0 fnt
|faint|p2a: B4.DA.
|
|-damage|p1a: Sceptile|62\/282 brn|[from] brn
|
|switch|p2a: Shukaku|Landorus-Therian, M|241\/319
|-damage|p2a: Shukaku|202\/319|[from] Stealth Rock
|-ability|p2a: Shukaku|Intimidate|[of] p1a: Sceptile
|-unboost|p1a: Sceptile|atk|1
|turn|25
|
|switch|p1a: Gothitelle|Gothitelle, F|157\/281
|-damage|p1a: Gothitelle|122\/281|[from] Stealth Rock
|move|p2a: Shukaku|U-turn|p1a: Gothitelle
|-supereffective|p1a: Gothitelle
|-damage|p1a: Gothitelle|0 fnt
|faint|p1a: Gothitelle
|
|switch|p2a: End|Gyarados, M|331\/331
|-damage|p2a: End|249\/331|[from] Stealth Rock
|
|
|switch|p1a: Skarmory|Skarmory, F|199\/334
|-damage|p1a: Skarmory|158\/334|[from] Stealth Rock
|turn|26
|
|detailschange|p2a: End|Gyarados-Mega, M
|message|Gyarados has Mega Evolved into Mega Gyarados!
|-ability|p2a: End|Mold Breaker
|move|p2a: End|Dragon Dance|p2a: End
|-boost|p2a: End|atk|1
|-boost|p2a: End|spe|1
|move|p1a: Skarmory|Whirlwind|p2a: End
|drag|p2a: Shukaku|Landorus-Therian, M|202\/319
|-damage|p2a: Shukaku|163\/319|[from] Stealth Rock
|-ability|p2a: Shukaku|Intimidate|[of] p1a: Skarmory
|-unboost|p1a: Skarmory|atk|1
|
|turn|27
|
|move|p2a: Shukaku|Knock Off|p1a: Skarmory
|-crit|p1a: Skarmory
|-damage|p1a: Skarmory|45\/334
|-enditem|p1a: Skarmory|Shed Shell|[from] move: Knock Off|[of] p2a: Shukaku
|move|p1a: Skarmory|Defog|p2a: Shukaku
|-unboost|p2a: Shukaku|evasion|1
|-sideend|p2: Steez Ibanez|Stealth Rock|[from] move: Defog|[of] p2a: Shukaku
|-sideend|p1: Rigo Tovar|Stealth Rock|[from] move: Defog|[of] p1a: Skarmory
|
|turn|28
|
|move|p2a: Shukaku|Knock Off|p1a: Skarmory
|-damage|p1a: Skarmory|0 fnt
|faint|p1a: Skarmory
|
|
|switch|p1a: Azumarill|Azumarill, F|354\/404
|turn|29
|
|switch|p2a: End|Gyarados-Mega, M|249\/331
|-ability|p2a: End|Mold Breaker
|move|p1a: Azumarill|Play Rough|p2a: End
|-supereffective|p2a: End
|-damage|p2a: End|0 fnt
|faint|p2a: End
|
|
|switch|p2a: Lavadora|Rotom-Wash|186\/303
|turn|30
|
|switch|p1a: Heatran|Heatran, F|218\/386
|move|p2a: Lavadora|Hydro Pump|p1a: Heatran
|-supereffective|p1a: Heatran
|-damage|p1a: Heatran|36\/386
|
|-heal|p2a: Lavadora|204\/303|[from] item: Leftovers
|-heal|p1a: Heatran|60\/386|[from] item: Leftovers
|turn|31
|
|move|p2a: Lavadora|Hydro Pump|p1a: Heatran
|-supereffective|p1a: Heatran
|-damage|p1a: Heatran|0 fnt
|faint|p1a: Heatran
|
|-heal|p2a: Lavadora|222\/303|[from] item: Leftovers
|
|switch|p1a: Sceptile|Sceptile-Mega, M|62\/282 brn
|turn|32
|
|switch|p2a: Shukaku|Landorus-Therian, M|163\/319
|-ability|p2a: Shukaku|Intimidate|[of] p1a: Sceptile
|-unboost|p1a: Sceptile|atk|1
|move|p1a: Sceptile|Giga Drain|p2a: Shukaku
|-damage|p2a: Shukaku|0 fnt
|-heal|p1a: Sceptile|144\/282 brn|[from] drain|[of] p2a: Shukaku
|faint|p2a: Shukaku
|
|-damage|p1a: Sceptile|109\/282 brn|[from] brn
|
|switch|p2a: Lavadora|Rotom-Wash|222\/303
|turn|33
|c|âRigo Tovar|gg
|c|âSteez Ibanez|gg
|-message|Steez Ibanez forfeited.
|
|win|Rigo Tovar
|raw|Ladder updating...
|leave|Steez Ibanez
|player|p2
|raw|Rigo Tovar's rating: 1393 &rarr; <strong>1415<\/strong><br \/>(+22 for winning)
|raw|Steez Ibanez's rating: 1431 &rarr; <strong>1409<\/strong><br \/>(-22 for losing)