|join|Steez Ibanez
|join|juancar_tested
|player|p1|Steez Ibanez|290
|player|p2|juancar_tested|144
|gametype|singles
|gen|6
|tier|OU
|rated
|clearpoke
|poke|p1|Gengar, M
|poke|p1|Latios, M
|poke|p1|Landorus-Therian, M
|poke|p1|Gyarados, M
|poke|p1|Rotom-Wash
|poke|p1|Heatran, M
|poke|p2|Metagross, shiny
|poke|p2|Latios, M
|poke|p2|Landorus-Therian, M
|poke|p2|Rotom-Wash
|poke|p2|Bisharp, M
|poke|p2|Raikou
|rule|Swagger Clause: Swagger is banned
|rule|Baton Pass Clause: Limit one PokÃ©mon knowing Baton Pass
|rule|Sleep Clause Mod: Limit one foe put to sleep
|rule|Species Clause: Limit one of each PokÃ©mon
|rule|OHKO Clause: OHKO moves are banned
|rule|Moody Clause: Moody is banned
|rule|Evasion Moves Clause: Evasion moves are banned
|rule|Endless Battle Clause: Forcing endless battles is banned
|rule|HP Percentage Mod: HP is shown in percentages
|teampreview
|
|start
|switch|p1a: Kuton|Heatran, M|385\/385
|switch|p2a: Landorus-Therian|Landorus-Therian, M|381\/381
|-ability|p2a: Landorus-Therian|Intimidate|[of] p1a: Kuton
|-unboost|p1a: Kuton|atk|1
|turn|1
|
|switch|p1a: Shukaku|Landorus-Therian, M|381\/381
|-ability|p1a: Shukaku|Intimidate|[of] p2a: Landorus-Therian
|-unboost|p2a: Landorus-Therian|atk|1
|move|p2a: Landorus-Therian|Stealth Rock|p1a: Shukaku
|-sidestart|p1: Steez Ibanez|move: Stealth Rock
|
|turn|2
|
|move|p2a: Landorus-Therian|U-turn|p1a: Shukaku
|-resisted|p1a: Shukaku
|-damage|p1a: Shukaku|359\/381
|
|switch|p2a: Rotom-Wash|Rotom-Wash|299\/299
|move|p1a: Shukaku|Stealth Rock|p2a: Rotom-Wash
|-sidestart|p2: juancar_tested|move: Stealth Rock
|
|-heal|p1a: Shukaku|381\/381|[from] item: Leftovers
|turn|3
|
|switch|p1a: Kuton|Heatran, M|385\/385
|-damage|p1a: Kuton|337\/385|[from] Stealth Rock
|move|p2a: Rotom-Wash|Volt Switch|p1a: Kuton
|-damage|p1a: Kuton|279\/385
|
|switch|p2a: Landorus-Therian|Landorus-Therian, M|381\/381
|-damage|p2a: Landorus-Therian|334\/381|[from] Stealth Rock
|-ability|p2a: Landorus-Therian|Intimidate|[of] p1a: Kuton
|-unboost|p1a: Kuton|atk|1
|
|-heal|p2a: Landorus-Therian|357\/381|[from] item: Leftovers
|-heal|p1a: Kuton|303\/385|[from] item: Leftovers
|turn|4
|
|move|p2a: Landorus-Therian|Earthquake|p1a: Kuton
|-supereffective|p1a: Kuton
|-damage|p1a: Kuton|0 fnt
|faint|p1a: Kuton
|
|-heal|p2a: Landorus-Therian|380\/381|[from] item: Leftovers
|
|switch|p1a: Lavadora|Rotom-Wash|303\/303
|-damage|p1a: Lavadora|266\/303|[from] Stealth Rock
|turn|5
|
|move|p2a: Landorus-Therian|U-turn|p1a: Lavadora
|-damage|p1a: Lavadora|204\/303
|
|switch|p2a: Latios|Latios, M|301\/301
|-damage|p2a: Latios|264\/301|[from] Stealth Rock
|move|p1a: Lavadora|Will-O-Wisp|p2a: Latios
|-status|p2a: Latios|brn
|
|-heal|p1a: Lavadora|222\/303|[from] item: Leftovers
|-damage|p2a: Latios|227\/301 brn|[from] brn
|turn|6
|
|move|p2a: Latios|Draco Meteor|p1a: Lavadora
|-damage|p1a: Lavadora|0 fnt
|-unboost|p2a: Latios|spa|2
|-damage|p2a: Latios|197\/301 brn|[from] item: Life Orb
|faint|p1a: Lavadora
|
|-damage|p2a: Latios|160\/301 brn|[from] brn
|
|switch|p1a: Badass|Latios, M|299\/299
|-damage|p1a: Badass|262\/299|[from] Stealth Rock
|turn|7
|
|move|p1a: Badass|Earthquake|p2a: Latios
|-immune|p2a: Latios|[msg]
|move|p2a: Latios|Draco Meteor|p1a: Badass
|-supereffective|p1a: Badass
|-damage|p1a: Badass|0 fnt
|-unboost|p2a: Latios|spa|2
|-damage|p2a: Latios|130\/301 brn|[from] item: Life Orb
|faint|p1a: Badass
|
|-damage|p2a: Latios|93\/301 brn|[from] brn
|c|âSteez Ibanez|lol
|
|switch|p1a: Leviathan|Gyarados, M|332\/332
|-damage|p1a: Leviathan|249\/332|[from] Stealth Rock
|-ability|p1a: Leviathan|Intimidate|[of] p2a: Latios
|-unboost|p2a: Latios|atk|1
|turn|8
|
|switch|p2a: Raikou|Raikou|322\/322
|-damage|p2a: Raikou|282\/322|[from] Stealth Rock
|-ability|p2a: Raikou|Pressure
|move|p1a: Leviathan|Substitute|p1a: Leviathan
|-start|p1a: Leviathan|Substitute
|-damage|p1a: Leviathan|166\/332
|
|turn|9
|
|detailschange|p1a: Leviathan|Gyarados-Mega, M
|message|Gyarados has Mega Evolved into Mega Gyarados!
|-ability|p1a: Leviathan|Mold Breaker
|move|p2a: Raikou|Thunderbolt|p1a: Leviathan
|-supereffective|p1a: Leviathan
|-end|p1a: Leviathan|Substitute
|move|p1a: Leviathan|Dragon Dance|p1a: Leviathan
|-boost|p1a: Leviathan|atk|1
|-boost|p1a: Leviathan|spe|1
|
|turn|10
|
|move|p2a: Raikou|Thunderbolt|p1a: Leviathan
|-supereffective|p1a: Leviathan
|-damage|p1a: Leviathan|0 fnt
|faint|p1a: Leviathan
|
|
|switch|p1a: Shukaku|Landorus-Therian, M|381\/381
|-damage|p1a: Shukaku|334\/381|[from] Stealth Rock
|-ability|p1a: Shukaku|Intimidate|[of] p2a: Raikou
|-unboost|p2a: Raikou|atk|1
|turn|11
|
|switch|p2a: Landorus-Therian|Landorus-Therian, M|380\/381
|-damage|p2a: Landorus-Therian|333\/381|[from] Stealth Rock
|-ability|p2a: Landorus-Therian|Intimidate|[of] p1a: Shukaku
|-unboost|p1a: Shukaku|atk|1
|move|p1a: Shukaku|U-turn|p2a: Landorus-Therian
|-resisted|p2a: Landorus-Therian
|-damage|p2a: Landorus-Therian|308\/381
|
|switch|p1a: Zetsu|Gengar, M|261\/261
|-damage|p1a: Zetsu|229\/261|[from] Stealth Rock
|
|-heal|p2a: Landorus-Therian|331\/381|[from] item: Leftovers
|turn|12
|
|move|p1a: Zetsu|Shadow Ball|p2a: Landorus-Therian
|-damage|p2a: Landorus-Therian|107\/381
|-damage|p1a: Zetsu|203\/261|[from] item: Life Orb
|move|p2a: Landorus-Therian|Stone Edge|p1a: Zetsu
|-damage|p1a: Zetsu|35\/261
|
|-heal|p2a: Landorus-Therian|130\/381|[from] item: Leftovers
|turn|13
|
|switch|p2a: Rotom-Wash|Rotom-Wash|299\/299
|-damage|p2a: Rotom-Wash|262\/299|[from] Stealth Rock
|move|p1a: Zetsu|Shadow Ball|p2a: Rotom-Wash
|-damage|p2a: Rotom-Wash|144\/299
|-damage|p1a: Zetsu|9\/261|[from] item: Life Orb
|
|-heal|p2a: Rotom-Wash|162\/299|[from] item: Leftovers
|turn|14
|c|âjuancar_tested|paliza?
|
|move|p1a: Zetsu|Sludge Wave|p2a: Rotom-Wash
|-damage|p2a: Rotom-Wash|16\/299
|-damage|p1a: Zetsu|0 fnt|[from] item: Life Orb
|faint|p1a: Zetsu
|move|p2a: Rotom-Wash|Volt Switch|p1: Zetsu|[notarget]
|-notarget
|
|-heal|p2a: Rotom-Wash|34\/299|[from] item: Leftovers
|-message|Steez Ibanez forfeited.
|
|win|juancar_tested
|raw|Ladder updating...
|leave|Steez Ibanez
|player|p1
|raw|Steez Ibanez's rating: 1582 &rarr; <strong>1560<\/strong><br \/>(-22 for losing)
|raw|juancar_tested's rating: 1537 &rarr; <strong>1560<\/strong><br \/>(+23 for winning)