|join|Steez Ibanez
|join|happycakeoven
|player|p1|Steez Ibanez|290
|player|p2|happycakeoven|141
|gametype|singles
|gen|6
|tier|OU
|rated
|clearpoke
|poke|p1|Greninja, M
|poke|p1|Latios, M
|poke|p1|Gengar, M
|poke|p1|Venusaur, M
|poke|p1|Landorus-Therian, M
|poke|p1|Talonflame, M
|poke|p2|Mandibuzz, F
|poke|p2|Venusaur, F
|poke|p2|Latios, M
|poke|p2|Gengar, F
|poke|p2|Excadrill, F
|poke|p2|Azumarill, M
|rule|Swagger Clause: Swagger is banned
|rule|Baton Pass Clause: Limit one PokÃ©mon knowing Baton Pass
|rule|Sleep Clause Mod: Limit one foe put to sleep
|rule|Species Clause: Limit one of each PokÃ©mon
|rule|OHKO Clause: OHKO moves are banned
|rule|Moody Clause: Moody is banned
|rule|Evasion Moves Clause: Evasion moves are banned
|rule|Endless Battle Clause: Forcing endless battles is banned
|rule|HP Percentage Mod: HP is shown in percentages
|teampreview
|join|TurtleToucher
|
|start
|switch|p1a: Kakashi|Greninja, M|285\/285
|switch|p2a: Gengar|Gengar, F|262\/262
|turn|1
|
|switch|p2a: Azumarill|Azumarill, M|404\/404
|move|p1a: Kakashi|Extrasensory|p2a: Azumarill
|-start|p1a: Kakashi|typechange|Psychic|[from] Protean
|-damage|p2a: Azumarill|212\/404
|-damage|p1a: Kakashi|257\/285|[from] item: Life Orb
|
|turn|2
|
|move|p1a: Kakashi|Hidden Power|p2a: Azumarill
|-start|p1a: Kakashi|typechange|Grass|[from] Protean
|-supereffective|p2a: Azumarill
|-damage|p2a: Azumarill|0 fnt
|-damage|p1a: Kakashi|229\/285|[from] item: Life Orb
|faint|p2a: Azumarill
|
|
|switch|p2a: Gengar|Gengar, F|262\/262
|turn|3
|
|move|p2a: Gengar|Sludge Wave|p1a: Kakashi
|-supereffective|p1a: Kakashi
|-damage|p1a: Kakashi|0 fnt
|faint|p1a: Kakashi
|
|
|switch|p1a: Zetsu|Gengar, M|260\/260
|turn|4
|
|switch|p2a: Mandibuzz|Mandibuzz, F|424\/424
|move|p1a: Zetsu|Sludge Wave|p2a: Mandibuzz
|-damage|p2a: Mandibuzz|204\/424
|-status|p2a: Mandibuzz|psn
|-damage|p1a: Zetsu|234\/260|[from] item: Life Orb
|
|-heal|p2a: Mandibuzz|230\/424 psn|[from] item: Leftovers
|-damage|p2a: Mandibuzz|177\/424 psn|[from] psn
|turn|5
|
|move|p1a: Zetsu|Shadow Ball|p2a: Mandibuzz
|-resisted|p2a: Mandibuzz
|-damage|p2a: Mandibuzz|76\/424 psn
|-damage|p1a: Zetsu|208\/260|[from] item: Life Orb
|move|p2a: Mandibuzz|Knock Off|p1a: Zetsu
|-supereffective|p1a: Zetsu
|-damage|p1a: Zetsu|0 fnt
|-enditem|p1a: Zetsu|Life Orb|[from] move: Knock Off|[of] p2a: Mandibuzz
|faint|p1a: Zetsu
|
|-heal|p2a: Mandibuzz|102\/424 psn|[from] item: Leftovers
|-damage|p2a: Mandibuzz|49\/424 psn|[from] psn
|
|switch|p1a: Shukaku|Landorus-Therian, M|381\/381
|-ability|p1a: Shukaku|Intimidate|[of] p2a: Mandibuzz
|-unboost|p2a: Mandibuzz|atk|1
|turn|6
|
|move|p1a: Shukaku|Stone Edge|p2a: Mandibuzz
|-supereffective|p2a: Mandibuzz
|-damage|p2a: Mandibuzz|0 fnt
|faint|p2a: Mandibuzz
|
|
|switch|p2a: Gengar|Gengar, F|262\/262
|turn|7
|
|move|p2a: Gengar|Hidden Power|p1a: Shukaku
|-supereffective|p1a: Shukaku
|-damage|p1a: Shukaku|0 fnt
|faint|p1a: Shukaku
|
|
|switch|p1a: Meteor|Talonflame, M|297\/297
|turn|8
|
|switch|p2a: Venusaur|Venusaur, F|364\/364
|move|p1a: Meteor|Swords Dance|p1a: Meteor
|-boost|p1a: Meteor|atk|2
|
|turn|9
|
|detailschange|p2a: Venusaur|Venusaur-Mega, F
|message|Venusaur has Mega Evolved into Mega Venusaur!
|move|p1a: Meteor|Brave Bird|p2a: Venusaur
|-supereffective|p2a: Venusaur
|-damage|p2a: Venusaur|0 fnt
|-damage|p1a: Meteor|177\/297|[from] recoil|[of] p2a: Venusaur
|faint|p2a: Venusaur
|
|
|switch|p2a: Excadrill|Excadrill, F|362\/362
|-ability|p2a: Excadrill|Mold Breaker
|turn|10
|
|move|p2a: Excadrill|Rock Slide|p1a: Meteor
|-supereffective|p1a: Meteor
|-damage|p1a: Meteor|0 fnt
|faint|p1a: Meteor
|
|
|switch|p1a: Badass|Latios, M|301\/301
|turn|11
|
|move|p2a: Excadrill|Rock Slide|p1a: Badass
|-damage|p1a: Badass|191\/301
|move|p1a: Badass|Surf|p2a: Excadrill
|-supereffective|p2a: Excadrill
|-damage|p2a: Excadrill|0 fnt
|-damage|p1a: Badass|161\/301|[from] item: Life Orb
|faint|p2a: Excadrill
|
|
|switch|p2a: Gengar|Gengar, F|262\/262
|turn|12
|
|move|p2a: Gengar|Shadow Ball|p1a: Badass
|-crit|p1a: Badass
|-supereffective|p1a: Badass
|-damage|p1a: Badass|0 fnt
|faint|p1a: Badass
|
|
|switch|p1a: 420|Venusaur, M|363\/363
|turn|13
|
|detailschange|p1a: 420|Venusaur-Mega, M
|message|Venusaur has Mega Evolved into Mega Venusaur!
|move|p2a: Gengar|Shadow Ball|p1a: 420
|-damage|p1a: 420|218\/363
|-unboost|p1a: 420|spd|1
|move|p1a: 420|Leech Seed|p2a: Gengar
|-start|p2a: Gengar|move: Leech Seed
|
|-damage|p2a: Gengar|230\/262|[from] Leech Seed|[of] p1a: 420
|-heal|p1a: 420|250\/363|[silent]
|turn|14
|
|move|p2a: Gengar|Shadow Ball|p1a: 420
|-damage|p1a: 420|51\/363
|move|p1a: 420|Synthesis|p1a: 420
|-heal|p1a: 420|232\/363
|
|-damage|p2a: Gengar|198\/262|[from] Leech Seed|[of] p1a: 420
|-heal|p1a: 420|264\/363|[silent]
|turn|15
|
|move|p2a: Gengar|Shadow Ball|p1a: 420
|-damage|p1a: 420|75\/363
|-unboost|p1a: 420|spd|1
|move|p1a: 420|Synthesis|p1a: 420
|-heal|p1a: 420|256\/363
|
|-damage|p2a: Gengar|166\/262|[from] Leech Seed|[of] p1a: 420
|-heal|p1a: 420|288\/363|[silent]
|turn|16
|-message|Steez Ibanez forfeited.
|
|win|happycakeoven
|raw|Ladder updating...
|leave|Steez Ibanez
|player|p1
|raw|Steez Ibanez's rating: 1532 &rarr; <strong>1517<\/strong><br \/>(-15 for losing)
|raw|happycakeoven's rating: 1608 &rarr; <strong>1624<\/strong><br \/>(+16 for winning)