|join|ubershithax
|join|Steez Ibanez
|player|p1|ubershithax|92
|player|p2|Steez Ibanez|290
|gametype|singles
|gen|6
|tier|OU
|rated
|clearpoke
|poke|p1|Hippowdon, M, shiny
|poke|p1|Excadrill, M
|poke|p1|Talonflame, M, shiny
|poke|p1|Rotom-Wash
|poke|p1|Latias, F, shiny
|poke|p1|Charizard, M, shiny
|poke|p2|Magnezone
|poke|p2|Landorus-Therian, M
|poke|p2|Beedrill, M
|poke|p2|Rotom-Wash
|poke|p2|Kyurem-Black
|poke|p2|Latias, F
|rule|Swagger Clause: Swagger is banned
|rule|Baton Pass Clause: Limit one PokÃ©mon knowing Baton Pass
|rule|Sleep Clause Mod: Limit one foe put to sleep
|rule|Species Clause: Limit one of each PokÃ©mon
|rule|OHKO Clause: OHKO moves are banned
|rule|Moody Clause: Moody is banned
|rule|Evasion Moves Clause: Evasion moves are banned
|rule|Endless Battle Clause: Forcing endless battles is banned
|rule|HP Percentage Mod: HP is shown in percentages
|teampreview
|
|start
|switch|p1a: Talonflame|Talonflame, M, shiny|359\/359
|switch|p2a: Plague|Kyurem-Black|405\/405
|-ability|p2a: Plague|Teravolt
|turn|1
|
|switch|p2a: Lavadora|Rotom-Wash|303\/303
|move|p1a: Talonflame|Will-O-Wisp|p2a: Lavadora
|-status|p2a: Lavadora|brn
|
|-damage|p2a: Lavadora|266\/303 brn|[from] brn
|turn|2
|
|switch|p1a: Rotom-Wash|Rotom-Wash|303\/303
|move|p2a: Lavadora|Volt Switch|p1a: Rotom-Wash
|-damage|p1a: Rotom-Wash|225\/303
|
|switch|p2a: Plague|Kyurem-Black|405\/405
|-ability|p2a: Plague|Teravolt
|
|-heal|p1a: Rotom-Wash|243\/303|[from] item: Leftovers
|turn|3
|
|move|p2a: Plague|Substitute|p2a: Plague
|-start|p2a: Plague|Substitute
|-damage|p2a: Plague|304\/405
|move|p1a: Rotom-Wash|Volt Switch|p2a: Plague
|-resisted|p2a: Plague
|-activate|p2a: Plague|Substitute|[damage]
|
|switch|p1a: Charizard|Charizard, M, shiny|319\/319
|
|-heal|p2a: Plague|329\/405|[from] item: Leftovers
|turn|4
|
|detailschange|p1a: Charizard|Charizard-Mega-X, M, shiny
|message|Charizard has Mega Evolved into Mega Charizard!
|move|p1a: Charizard|Dragon Claw|p2a: Plague
|-supereffective|p2a: Plague
|-end|p2a: Plague|Substitute
|move|p2a: Plague|Ice Beam|p1a: Charizard
|-damage|p1a: Charizard|139\/319
|
|-heal|p2a: Plague|354\/405|[from] item: Leftovers
|turn|5
|
|switch|p2a: Shukaku|Landorus-Therian, M|381\/381
|-ability|p2a: Shukaku|Intimidate|[of] p1a: Charizard
|-unboost|p1a: Charizard|atk|1
|move|p1a: Charizard|Roost|p1a: Charizard
|-heal|p1a: Charizard|299\/319
|
|turn|6
|
|switch|p1a: Hippowdon|Hippowdon, M, shiny|420\/420
|-weather|Sandstorm
|move|p2a: Shukaku|Stealth Rock|p1a: Hippowdon
|-sidestart|p1: ubershithax|move: Stealth Rock
|
|-weather|Sandstorm|[upkeep]
|turn|7
|
|switch|p2a: Plague|Kyurem-Black|354\/405
|-ability|p2a: Plague|Teravolt
|move|p1a: Hippowdon|Toxic|p2a: Plague|[miss]
|-miss|p1a: Hippowdon|p2a: Plague
|
|-weather|Sandstorm|[upkeep]
|-damage|p2a: Plague|329\/405|[from] sandstorm
|-heal|p2a: Plague|354\/405|[from] item: Leftovers
|turn|8
|
|move|p2a: Plague|Ice Beam|p1a: Hippowdon
|-supereffective|p1a: Hippowdon
|-damage|p1a: Hippowdon|88\/420
|move|p1a: Hippowdon|Stealth Rock|p2a: Plague
|-sidestart|p2: Steez Ibanez|move: Stealth Rock
|
|-weather|Sandstorm|[upkeep]
|-damage|p2a: Plague|329\/405|[from] sandstorm
|-heal|p2a: Plague|354\/405|[from] item: Leftovers
|turn|9
|
|move|p2a: Plague|Ice Beam|p1a: Hippowdon
|-supereffective|p1a: Hippowdon
|-damage|p1a: Hippowdon|0 fnt
|faint|p1a: Hippowdon
|
|-weather|Sandstorm|[upkeep]
|-damage|p2a: Plague|329\/405|[from] sandstorm
|-heal|p2a: Plague|354\/405|[from] item: Leftovers
|
|switch|p1a: Excadrill|Excadrill, M|361\/361
|-damage|p1a: Excadrill|350\/361|[from] Stealth Rock
|turn|10
|
|switch|p2a: Shukaku|Landorus-Therian, M|381\/381
|-damage|p2a: Shukaku|334\/381|[from] Stealth Rock
|-ability|p2a: Shukaku|Intimidate|[of] p1a: Excadrill
|-unboost|p1a: Excadrill|atk|1
|move|p1a: Excadrill|Rapid Spin|p2a: Shukaku
|-damage|p2a: Shukaku|311\/381
|-sideend|p1: ubershithax|Stealth Rock|[from] move: Rapid Spin|[of] p1a: Excadrill
|-damage|p1a: Excadrill|314\/361|[from] item: Life Orb
|
|-weather|Sandstorm|[upkeep]
|-heal|p2a: Shukaku|334\/381|[from] item: Leftovers
|turn|11
|
|move|p1a: Excadrill|Iron Head|p2a: Shukaku
|-damage|p2a: Shukaku|209\/381
|-damage|p1a: Excadrill|278\/361|[from] item: Life Orb
|move|p2a: Shukaku|Earthquake|p1a: Excadrill
|-supereffective|p1a: Excadrill
|-damage|p1a: Excadrill|0 fnt
|faint|p1a: Excadrill
|
|-weather|Sandstorm|[upkeep]
|-heal|p2a: Shukaku|232\/381|[from] item: Leftovers
|
|switch|p1a: Latias|Latias, F, shiny|319\/319
|turn|12
|
|move|p1a: Latias|Draco Meteor|p2a: Shukaku
|-damage|p2a: Shukaku|0 fnt
|-unboost|p1a: Latias|spa|2
|-damage|p1a: Latias|288\/319|[from] item: Life Orb
|faint|p2a: Shukaku
|
|-weather|Sandstorm|[upkeep]
|-damage|p1a: Latias|269\/319|[from] sandstorm
|
|switch|p2a: MAG|Magnezone|281\/281
|-damage|p2a: MAG|264\/281|[from] Stealth Rock
|turn|13
|
|move|p1a: Latias|Draco Meteor|p2a: MAG
|-resisted|p2a: MAG
|-damage|p2a: MAG|199\/281
|-unboost|p1a: Latias|spa|2
|-damage|p1a: Latias|238\/319|[from] item: Life Orb
|move|p2a: MAG|Volt Switch|p1a: Latias
|-resisted|p1a: Latias
|-damage|p1a: Latias|169\/319
|
|switch|p2a: Latias|Latias, F|301\/301
|-damage|p2a: Latias|264\/301|[from] Stealth Rock
|
|-weather|none
|turn|14
|
|switch|p1a: Talonflame|Talonflame, M, shiny|359\/359
|move|p2a: Latias|Defog|p1a: Talonflame
|-unboost|p1a: Talonflame|evasion|1
|-sideend|p2: Steez Ibanez|Stealth Rock|[from] move: Defog|[of] p2a: Latias
|
|turn|15
|
|move|p2a: Latias|Draco Meteor|p1a: Talonflame
|-damage|p1a: Talonflame|113\/359
|-unboost|p2a: Latias|spa|2
|-damage|p2a: Latias|234\/301|[from] item: Life Orb
|move|p1a: Talonflame|Will-O-Wisp|p2a: Latias
|-status|p2a: Latias|brn
|
|-heal|p1a: Talonflame|135\/359|[from] item: Leftovers
|-damage|p2a: Latias|197\/301 brn|[from] brn
|turn|16
|
|switch|p2a: MAG|Magnezone|199\/281
|move|p1a: Talonflame|Roost|p1a: Talonflame
|-heal|p1a: Talonflame|315\/359
|
|-heal|p1a: Talonflame|337\/359|[from] item: Leftovers
|turn|17
|
|switch|p1a: Charizard|Charizard-Mega-X, M, shiny|299\/319
|move|p2a: MAG|Volt Switch|p1a: Charizard
|-crit|p1a: Charizard
|-resisted|p1a: Charizard
|-damage|p1a: Charizard|145\/319
|
|switch|p2a: Latias|Latias, F|197\/301 brn
|
|-damage|p2a: Latias|160\/301 brn|[from] brn
|turn|18
|
|switch|p1a: Talonflame|Talonflame, M, shiny|337\/359
|move|p2a: Latias|Psyshock|p1a: Talonflame
|-damage|p1a: Talonflame|121\/359
|-damage|p2a: Latias|130\/301 brn|[from] item: Life Orb
|
|-heal|p1a: Talonflame|143\/359|[from] item: Leftovers
|-damage|p2a: Latias|93\/301 brn|[from] brn
|turn|19
|
|switch|p2a: MAG|Magnezone|199\/281
|move|p1a: Talonflame|Roost|p1a: Talonflame
|-heal|p1a: Talonflame|323\/359
|
|-heal|p1a: Talonflame|345\/359|[from] item: Leftovers
|turn|20
|
|switch|p1a: Latias|Latias, F, shiny|169\/319
|move|p2a: MAG|Volt Switch|p1a: Latias
|-resisted|p1a: Latias
|-damage|p1a: Latias|92\/319
|
|switch|p2a: Lotus|Beedrill, M|271\/271
|
|turn|21
|
|detailschange|p2a: Lotus|Beedrill-Mega, M
|message|Beedrill has Mega Evolved into Mega Beedrill!
|move|p2a: Lotus|Protect|p2a: Lotus
|-singleturn|p2a: Lotus|Protect
|move|p1a: Latias|Healing Wish|p1a: Latias
|faint|p1a: Latias
|
|
|switch|p1a: Charizard|Charizard-Mega-X, M, shiny|145\/319
|-heal|p1a: Charizard|319\/319|[from] move: Healing Wish
|turn|22
|
|move|p2a: Lotus|Drill Run|p1a: Charizard
|-supereffective|p1a: Charizard
|-damage|p1a: Charizard|121\/319
|move|p1a: Charizard|Dragon Dance|p1a: Charizard
|-boost|p1a: Charizard|atk|1
|-boost|p1a: Charizard|spe|1
|
|turn|23
|
|switch|p2a: MAG|Magnezone|199\/281
|move|p1a: Charizard|Dragon Claw|p2a: MAG
|-resisted|p2a: MAG
|-damage|p2a: MAG|66\/281
|
|turn|24
|
|move|p1a: Charizard|Dragon Claw|p2a: MAG
|-resisted|p2a: MAG
|-damage|p2a: MAG|0 fnt
|faint|p2a: MAG
|
|
|switch|p2a: Lavadora|Rotom-Wash|266\/303 brn
|turn|25
|
|move|p1a: Charizard|Roost|p1a: Charizard
|-heal|p1a: Charizard|281\/319
|move|p2a: Lavadora|Hydro Pump|p1a: Charizard
|-damage|p1a: Charizard|125\/319
|
|-heal|p2a: Lavadora|284\/303 brn|[from] item: Leftovers
|-damage|p2a: Lavadora|247\/303 brn|[from] brn
|turn|26
|
|move|p1a: Charizard|Roost|p1a: Charizard
|-heal|p1a: Charizard|285\/319
|move|p2a: Lavadora|Hydro Pump|p1a: Charizard
|-damage|p1a: Charizard|132\/319
|
|-heal|p2a: Lavadora|265\/303 brn|[from] item: Leftovers
|-damage|p2a: Lavadora|228\/303 brn|[from] brn
|turn|27
|
|switch|p2a: Plague|Kyurem-Black|354\/405
|-ability|p2a: Plague|Teravolt
|move|p1a: Charizard|Roost|p1a: Charizard
|-heal|p1a: Charizard|292\/319
|
|-heal|p2a: Plague|379\/405|[from] item: Leftovers
|turn|28
|
|move|p1a: Charizard|Dragon Claw|p2a: Plague
|-supereffective|p2a: Plague
|-damage|p2a: Plague|0 fnt
|faint|p2a: Plague
|
|
|switch|p2a: Lotus|Beedrill-Mega, M|271\/271
|turn|29
|
|move|p1a: Charizard|Dragon Claw|p2a: Lotus
|-damage|p2a: Lotus|0 fnt
|faint|p2a: Lotus
|
|-message|Steez Ibanez forfeited.
|
|win|ubershithax
|raw|Ladder updating...
|leave|Steez Ibanez
|player|p2
|raw|ubershithax's rating: 1542 &rarr; <strong>1566<\/strong><br \/>(+24 for winning)
|raw|Steez Ibanez's rating: 1608 &rarr; <strong>1585<\/strong><br \/>(-23 for losing)