|join|Steez Ibanez
|join|Inescapable Blue
|player|p1|Steez Ibanez|290
|player|p2|Inescapable Blue|290
|gametype|singles
|gen|6
|tier|OU
|rated
|clearpoke
|poke|p1|Lopunny, M
|poke|p1|Talonflame, M
|poke|p1|Latios, M
|poke|p1|Rotom-Wash
|poke|p1|Landorus-Therian, M
|poke|p1|Weavile, M
|poke|p2|Gothitelle, F
|poke|p2|Quagsire, M
|poke|p2|Chansey, F
|poke|p2|Sableye, M
|poke|p2|Skarmory, M
|poke|p2|Cresselia, F, shiny
|rule|Swagger Clause: Swagger is banned
|rule|Baton Pass Clause: Limit one PokÃ©mon knowing Baton Pass
|rule|Sleep Clause Mod: Limit one foe put to sleep
|rule|Species Clause: Limit one of each PokÃ©mon
|rule|OHKO Clause: OHKO moves are banned
|rule|Moody Clause: Moody is banned
|rule|Evasion Moves Clause: Evasion moves are banned
|rule|Endless Battle Clause: Forcing endless battles is banned
|rule|HP Percentage Mod: HP is shown in percentages
|teampreview
|c|âSteez Ibanez|ive seen this team so many times
|
|start
|switch|p1a: Phoenix|Talonflame, M|359\/359
|switch|p2a: Cresselia|Cresselia, F, shiny|444\/444
|turn|1
|c|âInescapable Blue|i've seen your father's dick so many times
|c|âSteez Ibanez|yummy
|
|move|p1a: Phoenix|Taunt|p2a: Cresselia
|-start|p2a: Cresselia|move: Taunt
|cant|p2a: Cresselia|move: Taunt|Thunder Wave
|
|turn|2
|c|âInescapable Blue|it was
|
|switch|p2a: Chansey|Chansey, F|704\/704
|move|p1a: Phoenix|Will-O-Wisp|p2a: Chansey
|-status|p2a: Chansey|brn
|
|-damage|p2a: Chansey|616\/704 brn|[from] brn
|turn|3
|c|âSteez Ibanez|just like tiramasu
|
|move|p1a: Phoenix|Taunt|p2a: Chansey
|-start|p2a: Chansey|move: Taunt
|move|p2a: Chansey|Seismic Toss|p1a: Phoenix
|-damage|p1a: Phoenix|259\/359
|
|-heal|p1a: Phoenix|281\/359|[from] item: Leftovers
|-damage|p2a: Chansey|528\/704 brn|[from] brn
|turn|4
|c|âSteez Ibanez|you better switch
|
|switch|p2a: Quagsire|Quagsire, M|394\/394
|move|p1a: Phoenix|Brave Bird|p2a: Quagsire
|-damage|p2a: Quagsire|291\/394
|-damage|p1a: Phoenix|247\/359|[from] recoil|[of] p2a: Quagsire
|
|-heal|p1a: Phoenix|269\/359|[from] item: Leftovers
|-heal|p2a: Quagsire|315\/394|[from] item: Leftovers
|turn|5
|
|move|p1a: Phoenix|Taunt|p2a: Quagsire
|-start|p2a: Quagsire|move: Taunt
|move|p2a: Quagsire|Scald|p1a: Phoenix
|-supereffective|p1a: Phoenix
|-damage|p1a: Phoenix|147\/359
|
|-heal|p1a: Phoenix|169\/359|[from] item: Leftovers
|-heal|p2a: Quagsire|339\/394|[from] item: Leftovers
|turn|6
|
|switch|p2a: Gothitelle|Gothitelle, F|301\/301
|move|p1a: Phoenix|Will-O-Wisp|p2a: Gothitelle
|-status|p2a: Gothitelle|brn
|
|-heal|p1a: Phoenix|191\/359|[from] item: Leftovers
|-damage|p2a: Gothitelle|264\/301 brn|[from] brn
|turn|7
|
|move|p2a: Gothitelle|Trick|p1a: Phoenix
|-activate|p2a: Gothitelle|move: Trick|[of] p1a: Phoenix
|-item|p1a: Phoenix|Choice Scarf|[from] move: Trick
|-item|p2a: Gothitelle|Leftovers|[from] move: Trick
|move|p1a: Phoenix|Taunt|p2a: Gothitelle
|-start|p2a: Gothitelle|move: Taunt
|
|-heal|p2a: Gothitelle|282\/301 brn|[from] item: Leftovers
|-damage|p2a: Gothitelle|245\/301 brn|[from] brn
|turn|8
|c|âInescapable Blue|gurl plz
|
|move|p1a: Phoenix|Taunt|p2a: Gothitelle
|-fail|p2a: Gothitelle
|move|p2a: Gothitelle|Psychic|p1a: Phoenix
|-damage|p1a: Phoenix|79\/359
|
|-heal|p2a: Gothitelle|263\/301 brn|[from] item: Leftovers
|-damage|p2a: Gothitelle|226\/301 brn|[from] brn
|turn|9
|c|âSteez Ibanez|lol
|
|move|p1a: Phoenix|Taunt|p2a: Gothitelle
|-fail|p2a: Gothitelle
|move|p2a: Gothitelle|Psychic|p1a: Phoenix
|-damage|p1a: Phoenix|0 fnt
|faint|p1a: Phoenix
|
|-heal|p2a: Gothitelle|244\/301 brn|[from] item: Leftovers
|-damage|p2a: Gothitelle|207\/301 brn|[from] brn
|
|switch|p1a: Ursurper|Weavile, M|281\/281
|-ability|p1a: Ursurper|Pressure
|turn|10
|c|âSteez Ibanez|bring that ass here boiiii
|c|âInescapable Blue|is your dick as big as your dad's
|c|âSteez Ibanez|just about
|c|âInescapable Blue|jok
|c|âInescapable Blue|ok*
|
|move|p1a: Ursurper|Knock Off|p2a: Gothitelle
|-supereffective|p2a: Gothitelle
|-damage|p2a: Gothitelle|0 fnt
|-enditem|p2a: Gothitelle|Leftovers|[from] move: Knock Off|[of] p1a: Ursurper
|-damage|p1a: Ursurper|253\/281|[from] item: Life Orb
|faint|p2a: Gothitelle
|
|c|âSteez Ibanez|dont go to skarm
|
|switch|p2a: Sableye|Sableye, M|304\/304
|turn|11
|
|switch|p1a: Lavadora|Rotom-Wash|303\/303
|detailschange|p2a: Sableye|Sableye-Mega, M
|-mega|p2a: Sableye|Sableye|Sablenite
|move|p2a: Sableye|Will-O-Wisp|p1a: Lavadora
|-status|p1a: Lavadora|brn
|
|-damage|p1a: Lavadora|266\/303 brn|[from] brn
|turn|12
|
|move|p1a: Lavadora|Volt Switch|p2a: Sableye
|-damage|p2a: Sableye|226\/304
|
|switch|p1a: CM Punk|Lopunny, M|271\/271
|move|p2a: Sableye|Will-O-Wisp|p1a: CM Punk
|-status|p1a: CM Punk|brn
|
|-damage|p1a: CM Punk|238\/271 brn|[from] brn
|turn|13
|c|âSteez Ibanez|nice
|
|switch|p2a: Cresselia|Cresselia, F, shiny|444\/444
|detailschange|p1a: CM Punk|Lopunny-Mega, M
|-mega|p1a: CM Punk|Lopunny|Lopunnite
|move|p1a: CM Punk|Fake Out|p2a: Cresselia
|-damage|p2a: Cresselia|420\/444
|
|-heal|p2a: Cresselia|444\/444|[from] item: Leftovers
|-damage|p1a: CM Punk|205\/271 brn|[from] brn
|turn|14
|
|move|p1a: CM Punk|Return|p2a: Cresselia
|-damage|p2a: Cresselia|381\/444
|move|p2a: Cresselia|Thunder Wave|p1a: CM Punk
|-fail|p1a: CM Punk
|
|-heal|p2a: Cresselia|408\/444|[from] item: Leftovers
|-damage|p1a: CM Punk|172\/271 brn|[from] brn
|turn|15
|c|âInescapable Blue|r00d
|
|move|p1a: CM Punk|Ice Punch|p2a: Cresselia
|-damage|p2a: Cresselia|381\/444
|move|p2a: Cresselia|Thunder Wave|p1a: CM Punk
|-fail|p1a: CM Punk
|
|-heal|p2a: Cresselia|408\/444|[from] item: Leftovers
|-damage|p1a: CM Punk|139\/271 brn|[from] brn
|turn|16
|
|move|p1a: CM Punk|High Jump Kick|p2a: Cresselia
|-resisted|p2a: Cresselia
|-damage|p2a: Cresselia|372\/444
|move|p2a: Cresselia|Psyshock|p1a: CM Punk
|-supereffective|p1a: CM Punk
|-damage|p1a: CM Punk|0 fnt
|faint|p1a: CM Punk
|
|-heal|p2a: Cresselia|399\/444|[from] item: Leftovers
|
|switch|p1a: Ursurper|Weavile, M|253\/281
|-ability|p1a: Ursurper|Pressure
|turn|17
|
|switch|p2a: Sableye|Sableye-Mega, M|226\/304
|move|p1a: Ursurper|Taunt|p2a: Sableye
|move|p2a: Sableye|Taunt|p1a: Ursurper|[from]Magic Bounce
|-start|p1a: Ursurper|move: Taunt
|
|turn|18
|
|move|p1a: Ursurper|Icicle Crash|p2a: Sableye
|-damage|p2a: Sableye|112\/304
|-damage|p1a: Ursurper|225\/281|[from] item: Life Orb
|move|p2a: Sableye|Recover|p2a: Sableye
|-heal|p2a: Sableye|264\/304
|
|turn|19
|
|switch|p1a: Lavadora|Rotom-Wash|266\/303 brn
|move|p2a: Sableye|Will-O-Wisp|p1a: Lavadora
|-fail|p1a: Lavadora|brn
|
|-heal|p1a: Lavadora|284\/303 brn|[from] item: Leftovers
|-damage|p1a: Lavadora|247\/303 brn|[from] brn
|turn|20
|
|move|p1a: Lavadora|Hydro Pump|p2a: Sableye
|-damage|p2a: Sableye|143\/304
|move|p2a: Sableye|Recover|p2a: Sableye
|-heal|p2a: Sableye|295\/304
|
|-heal|p1a: Lavadora|265\/303 brn|[from] item: Leftovers
|-damage|p1a: Lavadora|228\/303 brn|[from] brn
|turn|21
|
|move|p1a: Lavadora|Volt Switch|p2a: Sableye
|-damage|p2a: Sableye|223\/304
|
|switch|p1a: Badass|Latios, M|299\/299
|move|p2a: Sableye|Snarl|p1a: Badass
|-miss|p2a: Sableye|p1a: Badass
|
|turn|22
|c|âInescapable Blue|latios plz
|c|âSteez Ibanez|LOL
|
|switch|p2a: Cresselia|Cresselia, F, shiny|399\/444
|move|p1a: Badass|Draco Meteor|p2a: Cresselia
|-damage|p2a: Cresselia|172\/444
|-unboost|p1a: Badass|spa|2
|-damage|p1a: Badass|270\/299|[from] item: Life Orb
|
|-heal|p2a: Cresselia|199\/444|[from] item: Leftovers
|turn|23
|
|switch|p1a: Shukaku|Landorus-Therian, M|381\/381
|-ability|p1a: Shukaku|Intimidate|[of] p2a: Cresselia
|-unboost|p2a: Cresselia|atk|1
|move|p2a: Cresselia|Moonlight|p2a: Cresselia
|-heal|p2a: Cresselia|421\/444
|
|-heal|p2a: Cresselia|444\/444|[from] item: Leftovers
|turn|24
|
|switch|p2a: Skarmory|Skarmory, M|334\/334
|move|p1a: Shukaku|U-turn|p2a: Skarmory
|-resisted|p2a: Skarmory
|-damage|p2a: Skarmory|323\/334
|
|switch|p1a: Ursurper|Weavile, M|225\/281
|-ability|p1a: Ursurper|Pressure
|
|turn|25
|
|move|p1a: Ursurper|Icicle Crash|p2a: Skarmory
|-damage|p2a: Skarmory|209\/334
|-damage|p1a: Ursurper|197\/281|[from] item: Life Orb
|move|p2a: Skarmory|Brave Bird|p1a: Ursurper
|-damage|p1a: Ursurper|53\/281
|-damage|p2a: Skarmory|161\/334|[from] recoil|[of] p1a: Ursurper
|
|turn|26
|
|move|p1a: Ursurper|Knock Off|p2a: Skarmory
|-damage|p2a: Skarmory|40\/334
|-enditem|p2a: Skarmory|Shed Shell|[from] move: Knock Off|[of] p1a: Ursurper
|-damage|p1a: Ursurper|25\/281|[from] item: Life Orb
|move|p2a: Skarmory|Roost|p2a: Skarmory
|-heal|p2a: Skarmory|207\/334
|
|turn|27
|
|move|p1a: Ursurper|Taunt|p2a: Skarmory
|-start|p2a: Skarmory|move: Taunt
|cant|p2a: Skarmory|move: Taunt|Roost
|
|turn|28
|
|switch|p1a: Lavadora|Rotom-Wash|228\/303 brn
|move|p2a: Skarmory|Brave Bird|p1a: Lavadora
|-resisted|p1a: Lavadora
|-damage|p1a: Lavadora|192\/303 brn
|-damage|p2a: Skarmory|195\/334|[from] recoil|[of] p1a: Lavadora
|
|-heal|p1a: Lavadora|210\/303 brn|[from] item: Leftovers
|-damage|p1a: Lavadora|173\/303 brn|[from] brn
|turn|29
|c|âSteez Ibanez|idk about all that
|c|âInescapable Blue|don't taunt me
|c|âSteez Ibanez|lol
|c|âInescapable Blue|sticks and stones may break my bones, but words will scar me forever
|
|switch|p2a: Chansey|Chansey, F|528\/704
|move|p1a: Lavadora|Volt Switch|p2a: Chansey
|-damage|p2a: Chansey|477\/704
|c|âSteez Ibanez|you know whats more destructive than a nuclear bomb
|c|âSteez Ibanez|words
|
|switch|p1a: Ursurper|Weavile, M|25\/281
|-ability|p1a: Ursurper|Pressure
|
|turn|30
|
|switch|p2a: Sableye|Sableye-Mega, M|223\/304
|move|p1a: Ursurper|Icicle Crash|p2a: Sableye
|-damage|p2a: Sableye|116\/304
|-damage|p1a: Ursurper|0 fnt|[from] item: Life Orb
|faint|p1a: Ursurper
|
|
|switch|p1a: Badass|Latios, M|270\/299
|turn|31
|
|switch|p1a: Shukaku|Landorus-Therian, M|381\/381
|-ability|p1a: Shukaku|Intimidate|[of] p2a: Sableye
|-unboost|p2a: Sableye|atk|1
|switch|p2a: Cresselia|Cresselia, F, shiny|444\/444
|
|turn|32
|
|move|p1a: Shukaku|U-turn|p2a: Cresselia
|-supereffective|p2a: Cresselia
|-damage|p2a: Cresselia|338\/444
|
|switch|p1a: Lavadora|Rotom-Wash|173\/303 brn
|move|p2a: Cresselia|Psyshock|p1a: Lavadora
|-damage|p1a: Lavadora|124\/303 brn
|
|-heal|p1a: Lavadora|142\/303 brn|[from] item: Leftovers
|-heal|p2a: Cresselia|365\/444|[from] item: Leftovers
|-damage|p1a: Lavadora|105\/303 brn|[from] brn
|turn|33
|
|move|p1a: Lavadora|Will-O-Wisp|p2a: Cresselia
|-status|p2a: Cresselia|brn
|move|p2a: Cresselia|Psyshock|p1a: Lavadora
|-damage|p1a: Lavadora|56\/303 brn
|
|-heal|p1a: Lavadora|74\/303 brn|[from] item: Leftovers
|-heal|p2a: Cresselia|392\/444 brn|[from] item: Leftovers
|-damage|p1a: Lavadora|37\/303 brn|[from] brn
|-damage|p2a: Cresselia|337\/444 brn|[from] brn
|turn|34
|
|switch|p2a: Sableye|Sableye-Mega, M|116\/304
|move|p1a: Lavadora|Pain Split|p2a: Sableye
|-sethp|p2a: Sableye|76\/304|p1a: Lavadora|76\/303 brn|[from] move: Pain Split
|
|-heal|p1a: Lavadora|94\/303 brn|[from] item: Leftovers
|-damage|p1a: Lavadora|57\/303 brn|[from] brn
|turn|35
|
|switch|p2a: Cresselia|Cresselia, F, shiny|337\/444 brn
|move|p1a: Lavadora|Hydro Pump|p2a: Cresselia
|-damage|p2a: Cresselia|237\/444 brn
|
|-heal|p1a: Lavadora|75\/303 brn|[from] item: Leftovers
|-heal|p2a: Cresselia|264\/444 brn|[from] item: Leftovers
|-damage|p1a: Lavadora|38\/303 brn|[from] brn
|-damage|p2a: Cresselia|209\/444 brn|[from] brn
|turn|36
|
|move|p1a: Lavadora|Pain Split|p2a: Cresselia
|-sethp|p2a: Cresselia|123\/444 brn|p1a: Lavadora|123\/303 brn|[from] move: Pain Split
|move|p2a: Cresselia|Psyshock|p1a: Lavadora
|-damage|p1a: Lavadora|72\/303 brn
|
|-heal|p1a: Lavadora|90\/303 brn|[from] item: Leftovers
|-heal|p2a: Cresselia|150\/444 brn|[from] item: Leftovers
|-damage|p1a: Lavadora|53\/303 brn|[from] brn
|-damage|p2a: Cresselia|95\/444 brn|[from] brn
|turn|37
|
|switch|p1a: Shukaku|Landorus-Therian, M|381\/381
|-ability|p1a: Shukaku|Intimidate|[of] p2a: Cresselia
|-unboost|p2a: Cresselia|atk|1
|move|p2a: Cresselia|Psyshock|p1a: Shukaku
|-damage|p1a: Shukaku|321\/381
|
|-heal|p1a: Shukaku|344\/381|[from] item: Leftovers
|-heal|p2a: Cresselia|122\/444 brn|[from] item: Leftovers
|-damage|p2a: Cresselia|67\/444 brn|[from] brn
|turn|38
|
|switch|p2a: Quagsire|Quagsire, M|339\/394
|move|p1a: Shukaku|U-turn|p2a: Quagsire
|-damage|p2a: Quagsire|271\/394
|
|switch|p1a: Badass|Latios, M|270\/299
|
|-heal|p2a: Quagsire|295\/394|[from] item: Leftovers
|turn|39
|
|switch|p2a: Cresselia|Cresselia, F, shiny|67\/444 brn
|move|p1a: Badass|Psyshock|p2a: Cresselia
|-resisted|p2a: Cresselia
|-damage|p2a: Cresselia|14\/444 brn
|-damage|p1a: Badass|241\/299|[from] item: Life Orb
|
|-heal|p2a: Cresselia|41\/444 brn|[from] item: Leftovers
|-damage|p2a: Cresselia|0 fnt|[from] brn
|faint|p2a: Cresselia
|
|switch|p2a: Chansey|Chansey, F|477\/704
|turn|40
|
|move|p1a: Badass|Psyshock|p2a: Chansey
|-crit|p2a: Chansey
|-damage|p2a: Chansey|101\/704
|-damage|p1a: Badass|212\/299|[from] item: Life Orb
|move|p2a: Chansey|Soft-Boiled|p2a: Chansey
|-heal|p2a: Chansey|453\/704
|
|turn|41
|
|switch|p1a: Shukaku|Landorus-Therian, M|344\/381
|-ability|p1a: Shukaku|Intimidate|[of] p2a: Chansey
|-unboost|p2a: Chansey|atk|1
|move|p2a: Chansey|Soft-Boiled|p2a: Chansey
|-heal|p2a: Chansey|704\/704
|
|-heal|p1a: Shukaku|367\/381|[from] item: Leftovers
|turn|42
|
|move|p1a: Shukaku|U-turn|p2a: Chansey
|-damage|p2a: Chansey|583\/704
|c|âSteez Ibanez|y u stay in
|
|switch|p1a: Badass|Latios, M|212\/299
|move|p2a: Chansey|Toxic|p1a: Badass
|-status|p1a: Badass|tox
|
|-damage|p1a: Badass|194\/299 tox|[from] psn
|turn|43
|c|âInescapable Blue|chansey's brave
|c|âSteez Ibanez|lol
|
|move|p1a: Badass|Psyshock|p2a: Chansey
|-damage|p2a: Chansey|332\/704
|-damage|p1a: Badass|165\/299 tox|[from] item: Life Orb
|move|p2a: Chansey|Soft-Boiled|p2a: Chansey
|-heal|p2a: Chansey|684\/704
|
|-damage|p1a: Badass|129\/299 tox|[from] psn
|turn|44
|
|switch|p1a: Lavadora|Rotom-Wash|53\/303 brn
|move|p2a: Chansey|Seismic Toss|p1a: Lavadora
|-damage|p1a: Lavadora|0 fnt
|faint|p1a: Lavadora
|
|c|âSteez Ibanez|NO
|c|âSteez Ibanez|whyyy
|
|switch|p1a: Badass|Latios, M|129\/299 tox
|turn|45
|
|move|p1a: Badass|Psyshock|p2a: Chansey
|-damage|p2a: Chansey|421\/704
|-damage|p1a: Badass|100\/299 tox|[from] item: Life Orb
|move|p2a: Chansey|Seismic Toss|p1a: Badass
|-damage|p1a: Badass|0 fnt
|faint|p1a: Badass
|
|
|switch|p1a: Shukaku|Landorus-Therian, M|367\/381
|-ability|p1a: Shukaku|Intimidate|[of] p2a: Chansey
|-unboost|p2a: Chansey|atk|1
|turn|46
|
|move|p1a: Shukaku|Earthquake|p2a: Chansey
|-damage|p2a: Chansey|168\/704
|move|p2a: Chansey|Toxic|p1a: Shukaku
|-status|p1a: Shukaku|tox
|
|-heal|p1a: Shukaku|381\/381 tox|[from] item: Leftovers
|-damage|p1a: Shukaku|358\/381 tox|[from] psn
|turn|47
|
|move|p1a: Shukaku|Earthquake|p2a: Chansey
|-damage|p2a: Chansey|0 fnt
|faint|p2a: Chansey
|
|-heal|p1a: Shukaku|381\/381 tox|[from] item: Leftovers
|-damage|p1a: Shukaku|335\/381 tox|[from] psn
|
|switch|p2a: Skarmory|Skarmory, M|195\/334
|turn|48
|
|move|p1a: Shukaku|Stone Edge|p2a: Skarmory
|-damage|p2a: Skarmory|122\/334
|move|p2a: Skarmory|Roost|p2a: Skarmory
|-heal|p2a: Skarmory|289\/334
|
|-heal|p1a: Shukaku|358\/381 tox|[from] item: Leftovers
|-damage|p1a: Shukaku|289\/381 tox|[from] psn
|turn|49
|
|move|p1a: Shukaku|Stealth Rock|p2a: Skarmory
|-sidestart|p2: Inescapable Blue|move: Stealth Rock
|move|p2a: Skarmory|Brave Bird|p1a: Shukaku
|-damage|p1a: Shukaku|204\/381 tox
|-damage|p2a: Skarmory|261\/334|[from] recoil|[of] p1a: Shukaku
|
|-heal|p1a: Shukaku|227\/381 tox|[from] item: Leftovers
|-damage|p1a: Shukaku|135\/381 tox|[from] psn
|turn|50
|
|move|p1a: Shukaku|Stone Edge|p2a: Skarmory
|-crit|p2a: Skarmory
|-damage|p2a: Skarmory|151\/334
|move|p2a: Skarmory|Brave Bird|p1a: Shukaku
|-crit|p1a: Shukaku
|-damage|p1a: Shukaku|0 fnt
|-damage|p2a: Skarmory|106\/334|[from] recoil|[of] p1a: Shukaku
|faint|p1a: Shukaku
|
|win|Inescapable Blue
|raw|Ladder updating...
|raw|Steez Ibanez's rating: 1676 &rarr; <strong>1649<\/strong><br \/>(-27 for losing)
|raw|Inescapable Blue's rating: 1557 &rarr; <strong>1583<\/strong><br \/>(+26 for winning)
|leave|Steez Ibanez