|join|Steez Ibanez
|join|Dodoria
|player|p1|Steez Ibanez|290
|player|p2|Dodoria|278
|gametype|singles
|gen|6
|tier|OU
|rated
|clearpoke
|poke|p1|Lopunny, M
|poke|p1|Talonflame, M
|poke|p1|Latios, M
|poke|p1|Rotom-Wash
|poke|p1|Landorus-Therian, M
|poke|p1|Weavile, M
|poke|p2|Dragalge, F
|poke|p2|Gyarados, M
|poke|p2|Ferrothorn, F
|poke|p2|Landorus-Therian, M
|poke|p2|Heatran, M
|poke|p2|Latias, F
|rule|Swagger Clause: Swagger is banned
|rule|Baton Pass Clause: Limit one PokÃ©mon knowing Baton Pass
|rule|Sleep Clause Mod: Limit one foe put to sleep
|rule|Species Clause: Limit one of each PokÃ©mon
|rule|OHKO Clause: OHKO moves are banned
|rule|Moody Clause: Moody is banned
|rule|Evasion Moves Clause: Evasion moves are banned
|rule|Endless Battle Clause: Forcing endless battles is banned
|rule|HP Percentage Mod: HP is shown in percentages
|teampreview
|
|start
|switch|p1a: Ursurper|Weavile, M|281\/281
|switch|p2a: Dragalge|Dragalge, F|301\/301
|-ability|p1a: Ursurper|Pressure
|turn|1
|
|switch|p2a: Ferrothorn|Ferrothorn, F|352\/352
|move|p1a: Ursurper|Icicle Crash|p2a: Ferrothorn
|-damage|p2a: Ferrothorn|222\/352
|-damage|p1a: Ursurper|253\/281|[from] item: Life Orb
|
|-heal|p2a: Ferrothorn|244\/352|[from] item: Leftovers
|turn|2
|
|move|p1a: Ursurper|Taunt|p2a: Ferrothorn
|-start|p2a: Ferrothorn|move: Taunt
|move|p2a: Ferrothorn|Gyro Ball|p1a: Ursurper
|-supereffective|p1a: Ursurper
|-damage|p1a: Ursurper|0 fnt
|faint|p1a: Ursurper
|
|-heal|p2a: Ferrothorn|266\/352|[from] item: Leftovers
|join|Stoned Zard
|
|switch|p1a: CM Punk|Lopunny, M|271\/271
|turn|3
|
|switch|p2a: Gyarados|Gyarados, M|333\/333
|-ability|p2a: Gyarados|Intimidate|[of] p1a: CM Punk
|-unboost|p1a: CM Punk|atk|1
|detailschange|p1a: CM Punk|Lopunny-Mega, M
|-mega|p1a: CM Punk|Lopunny|Lopunnite
|move|p1a: CM Punk|High Jump Kick|p2a: Gyarados
|-resisted|p2a: Gyarados
|-damage|p2a: Gyarados|228\/333
|
|turn|4
|
|switch|p1a: Shukaku|Landorus-Therian, M|381\/381
|-ability|p1a: Shukaku|Intimidate|[of] p2a: Gyarados
|-unboost|p2a: Gyarados|atk|1
|switch|p2a: Landorus-Therian|Landorus-Therian, M|379\/379
|-ability|p2a: Landorus-Therian|Intimidate|[of] p1a: Shukaku
|-unboost|p1a: Shukaku|atk|1
|
|turn|5
|
|move|p2a: Landorus-Therian|Stealth Rock|p1a: Shukaku
|-sidestart|p1: Steez Ibanez|move: Stealth Rock
|move|p1a: Shukaku|Stealth Rock|p2a: Landorus-Therian
|-sidestart|p2: Dodoria|move: Stealth Rock
|
|turn|6
|
|move|p2a: Landorus-Therian|Stone Edge|p1a: Shukaku
|-damage|p1a: Shukaku|287\/381
|move|p1a: Shukaku|U-turn|p2a: Landorus-Therian
|-resisted|p2a: Landorus-Therian
|-damage|p2a: Landorus-Therian|358\/379
|
|switch|p1a: Lavadora|Rotom-Wash|303\/303
|-damage|p1a: Lavadora|266\/303|[from] Stealth Rock
|
|-heal|p2a: Landorus-Therian|379\/379|[from] item: Leftovers
|-heal|p1a: Lavadora|284\/303|[from] item: Leftovers
|turn|7
|
|switch|p2a: Dragalge|Dragalge, F|301\/301
|-damage|p2a: Dragalge|264\/301|[from] Stealth Rock
|move|p1a: Lavadora|Will-O-Wisp|p2a: Dragalge|[miss]
|-miss|p1a: Lavadora|p2a: Dragalge
|
|-heal|p1a: Lavadora|302\/303|[from] item: Leftovers
|turn|8
|
|move|p1a: Lavadora|Volt Switch|p2a: Dragalge
|-resisted|p2a: Dragalge
|-damage|p2a: Dragalge|228\/301
|
|switch|p1a: Shukaku|Landorus-Therian, M|287\/381
|-damage|p1a: Shukaku|240\/381|[from] Stealth Rock
|-ability|p1a: Shukaku|Intimidate|[of] p2a: Dragalge
|-unboost|p2a: Dragalge|atk|1
|move|p2a: Dragalge|Toxic Spikes|p1a: Shukaku
|-sidestart|p1: Steez Ibanez|move: Toxic Spikes
|
|-heal|p1a: Shukaku|263\/381|[from] item: Leftovers
|turn|9
|
|switch|p1a: Lavadora|Rotom-Wash|302\/303
|-damage|p1a: Lavadora|265\/303|[from] Stealth Rock
|switch|p2a: Latias|Latias, F|317\/317
|-damage|p2a: Latias|278\/317|[from] Stealth Rock
|
|-heal|p1a: Lavadora|283\/303|[from] item: Leftovers
|turn|10
|
|switch|p2a: Dragalge|Dragalge, F|228\/301
|-damage|p2a: Dragalge|191\/301|[from] Stealth Rock
|move|p1a: Lavadora|Volt Switch|p2a: Dragalge
|-resisted|p2a: Dragalge
|-damage|p2a: Dragalge|153\/301
|
|switch|p1a: Badass|Latios, M|299\/299
|-damage|p1a: Badass|262\/299|[from] Stealth Rock
|
|turn|11
|
|move|p1a: Badass|Psyshock|p2a: Dragalge
|-supereffective|p2a: Dragalge
|-damage|p2a: Dragalge|0 fnt
|-damage|p1a: Badass|233\/299|[from] item: Life Orb
|faint|p2a: Dragalge
|
|
|switch|p2a: Latias|Latias, F|278\/317
|-damage|p2a: Latias|239\/317|[from] Stealth Rock
|turn|12
|
|move|p2a: Latias|Draco Meteor|p1a: Badass
|-supereffective|p1a: Badass
|-damage|p1a: Badass|0 fnt
|-unboost|p2a: Latias|spa|2
|-damage|p2a: Latias|208\/317|[from] item: Life Orb
|faint|p1a: Badass
|
|
|switch|p1a: Phoenix|Talonflame, M|359\/359
|-damage|p1a: Phoenix|180\/359|[from] Stealth Rock
|turn|13
|
|switch|p2a: Landorus-Therian|Landorus-Therian, M|379\/379
|-damage|p2a: Landorus-Therian|332\/379|[from] Stealth Rock
|-ability|p2a: Landorus-Therian|Intimidate|[of] p1a: Phoenix
|-unboost|p1a: Phoenix|atk|1
|move|p1a: Phoenix|Roost|p1a: Phoenix
|-heal|p1a: Phoenix|359\/359
|
|-heal|p2a: Landorus-Therian|355\/379|[from] item: Leftovers
|turn|14
|
|move|p1a: Phoenix|Will-O-Wisp|p2a: Landorus-Therian
|-status|p2a: Landorus-Therian|brn
|move|p2a: Landorus-Therian|U-turn|p1a: Phoenix
|-resisted|p1a: Phoenix
|-damage|p1a: Phoenix|347\/359
|
|switch|p2a: Heatran|Heatran, M|323\/323
|-damage|p2a: Heatran|283\/323|[from] Stealth Rock
|
|-heal|p1a: Phoenix|359\/359|[from] item: Leftovers
|turn|15
|
|move|p2a: Heatran|Stone Edge|p1a: Phoenix
|-supereffective|p1a: Phoenix
|-damage|p1a: Phoenix|0 fnt
|faint|p1a: Phoenix
|
|c|âSteez Ibanez|lmao
|
|switch|p1a: Lavadora|Rotom-Wash|283\/303
|-damage|p1a: Lavadora|246\/303|[from] Stealth Rock
|turn|16
|
|switch|p2a: Landorus-Therian|Landorus-Therian, M|355\/379 brn
|-damage|p2a: Landorus-Therian|308\/379 brn|[from] Stealth Rock
|-ability|p2a: Landorus-Therian|Intimidate|[of] p1a: Lavadora
|-unboost|p1a: Lavadora|atk|1
|move|p1a: Lavadora|Will-O-Wisp|p2a: Landorus-Therian|[miss]
|-miss|p1a: Lavadora|p2a: Landorus-Therian
|
|-heal|p2a: Landorus-Therian|331\/379 brn|[from] item: Leftovers
|-heal|p1a: Lavadora|264\/303|[from] item: Leftovers
|-damage|p2a: Landorus-Therian|284\/379 brn|[from] brn
|turn|17
|
|switch|p2a: Ferrothorn|Ferrothorn, F|266\/352
|-damage|p2a: Ferrothorn|244\/352|[from] Stealth Rock
|move|p1a: Lavadora|Hydro Pump|p2a: Ferrothorn
|-resisted|p2a: Ferrothorn
|-damage|p2a: Ferrothorn|196\/352
|
|-heal|p1a: Lavadora|282\/303|[from] item: Leftovers
|-heal|p2a: Ferrothorn|218\/352|[from] item: Leftovers
|turn|18
|
|move|p1a: Lavadora|Will-O-Wisp|p2a: Ferrothorn
|-status|p2a: Ferrothorn|brn
|move|p2a: Ferrothorn|Knock Off|p1a: Lavadora
|-damage|p1a: Lavadora|257\/303
|-enditem|p1a: Lavadora|Leftovers|[from] move: Knock Off|[of] p2a: Ferrothorn
|
|-heal|p2a: Ferrothorn|240\/352 brn|[from] item: Leftovers
|-damage|p2a: Ferrothorn|196\/352 brn|[from] brn
|turn|19
|
|move|p1a: Lavadora|Hydro Pump|p2a: Ferrothorn
|-resisted|p2a: Ferrothorn
|-damage|p2a: Ferrothorn|141\/352 brn
|move|p2a: Ferrothorn|Leech Seed|p1a: Lavadora
|-start|p1a: Lavadora|move: Leech Seed
|
|-heal|p2a: Ferrothorn|163\/352 brn|[from] item: Leftovers
|-damage|p1a: Lavadora|220\/303|[from] Leech Seed|[of] p2a: Ferrothorn
|-heal|p2a: Ferrothorn|200\/352 brn|[silent]
|-damage|p2a: Ferrothorn|156\/352 brn|[from] brn
|turn|20
|
|switch|p1a: Shukaku|Landorus-Therian, M|263\/381
|-damage|p1a: Shukaku|216\/381|[from] Stealth Rock
|-ability|p1a: Shukaku|Intimidate|[of] p2a: Ferrothorn
|-unboost|p2a: Ferrothorn|atk|1
|move|p2a: Ferrothorn|Leech Seed|p1a: Shukaku
|-start|p1a: Shukaku|move: Leech Seed
|
|-heal|p1a: Shukaku|239\/381|[from] item: Leftovers
|-heal|p2a: Ferrothorn|178\/352 brn|[from] item: Leftovers
|-damage|p1a: Shukaku|192\/381|[from] Leech Seed|[of] p2a: Ferrothorn
|-heal|p2a: Ferrothorn|225\/352 brn|[silent]
|-damage|p2a: Ferrothorn|181\/352 brn|[from] brn
|turn|21
|
|switch|p1a: Lavadora|Rotom-Wash|220\/303
|-damage|p1a: Lavadora|183\/303|[from] Stealth Rock
|move|p2a: Ferrothorn|Knock Off|p1a: Lavadora
|-damage|p1a: Lavadora|172\/303
|
|-heal|p2a: Ferrothorn|203\/352 brn|[from] item: Leftovers
|-damage|p2a: Ferrothorn|159\/352 brn|[from] brn
|turn|22
|
|move|p1a: Lavadora|Hydro Pump|p2a: Ferrothorn
|-resisted|p2a: Ferrothorn
|-damage|p2a: Ferrothorn|103\/352 brn
|move|p2a: Ferrothorn|Leech Seed|p1a: Lavadora
|-start|p1a: Lavadora|move: Leech Seed
|
|-heal|p2a: Ferrothorn|125\/352 brn|[from] item: Leftovers
|-damage|p1a: Lavadora|135\/303|[from] Leech Seed|[of] p2a: Ferrothorn
|-heal|p2a: Ferrothorn|162\/352 brn|[silent]
|-damage|p2a: Ferrothorn|118\/352 brn|[from] brn
|turn|23
|
|move|p1a: Lavadora|Volt Switch|p2a: Ferrothorn
|-resisted|p2a: Ferrothorn
|-damage|p2a: Ferrothorn|87\/352 brn
|
|switch|p1a: Shukaku|Landorus-Therian, M|192\/381
|-damage|p1a: Shukaku|145\/381|[from] Stealth Rock
|-ability|p1a: Shukaku|Intimidate|[of] p2a: Ferrothorn
|-unboost|p2a: Ferrothorn|atk|1
|move|p2a: Ferrothorn|Leech Seed|p1a: Shukaku
|-start|p1a: Shukaku|move: Leech Seed
|
|-heal|p1a: Shukaku|168\/381|[from] item: Leftovers
|-heal|p2a: Ferrothorn|109\/352 brn|[from] item: Leftovers
|-damage|p1a: Shukaku|121\/381|[from] Leech Seed|[of] p2a: Ferrothorn
|-heal|p2a: Ferrothorn|156\/352 brn|[silent]
|-damage|p2a: Ferrothorn|112\/352 brn|[from] brn
|turn|24
|
|switch|p2a: Landorus-Therian|Landorus-Therian, M|284\/379 brn
|-damage|p2a: Landorus-Therian|237\/379 brn|[from] Stealth Rock
|-ability|p2a: Landorus-Therian|Intimidate|[of] p1a: Shukaku
|-unboost|p1a: Shukaku|atk|1
|move|p1a: Shukaku|Earthquake|p2a: Landorus-Therian
|-immune|p2a: Landorus-Therian|[msg]
|
|-heal|p2a: Landorus-Therian|260\/379 brn|[from] item: Leftovers
|-heal|p1a: Shukaku|144\/381|[from] item: Leftovers
|-damage|p1a: Shukaku|97\/381|[from] Leech Seed|[of] p2a: Landorus-Therian
|-heal|p2a: Landorus-Therian|307\/379 brn|[silent]
|-damage|p2a: Landorus-Therian|260\/379 brn|[from] brn
|turn|25
|
|move|p2a: Landorus-Therian|U-turn|p1a: Shukaku
|-resisted|p1a: Shukaku
|-damage|p1a: Shukaku|81\/381
|
|switch|p2a: Ferrothorn|Ferrothorn, F|112\/352 brn
|-damage|p2a: Ferrothorn|90\/352 brn|[from] Stealth Rock
|move|p1a: Shukaku|U-turn|p2a: Ferrothorn
|-damage|p2a: Ferrothorn|51\/352 brn
|-damage|p1a: Shukaku|34\/381|[from] ability: Iron Barbs|[of] p2a: Ferrothorn
|
|switch|p1a: Lavadora|Rotom-Wash|135\/303
|-damage|p1a: Lavadora|98\/303|[from] Stealth Rock
|
|-heal|p2a: Ferrothorn|73\/352 brn|[from] item: Leftovers
|-damage|p2a: Ferrothorn|29\/352 brn|[from] brn
|turn|26
|
|move|p1a: Lavadora|Hydro Pump|p2a: Ferrothorn
|-resisted|p2a: Ferrothorn
|-damage|p2a: Ferrothorn|0 fnt
|faint|p2a: Ferrothorn
|
|
|switch|p2a: Latias|Latias, F|208\/317
|-damage|p2a: Latias|169\/317|[from] Stealth Rock
|turn|27
|
|switch|p1a: Shukaku|Landorus-Therian, M|34\/381
|-damage|p1a: Shukaku|0 fnt|[from] Stealth Rock
|faint|p1a: Shukaku
|move|p2a: Latias|Psyshock|p1: Shukaku|[notarget]
|-notarget
|
|
|switch|p1a: CM Punk|Lopunny-Mega, M|271\/271
|-status|p1a: CM Punk|psn
|-damage|p1a: CM Punk|255\/271 psn|[from] Stealth Rock
|turn|28
|
|switch|p2a: Landorus-Therian|Landorus-Therian, M|260\/379 brn
|-damage|p2a: Landorus-Therian|213\/379 brn|[from] Stealth Rock
|-ability|p2a: Landorus-Therian|Intimidate|[of] p1a: CM Punk
|-unboost|p1a: CM Punk|atk|1
|move|p1a: CM Punk|Return|p2a: Landorus-Therian
|-damage|p2a: Landorus-Therian|122\/379 brn
|
|-heal|p2a: Landorus-Therian|145\/379 brn|[from] item: Leftovers
|-damage|p1a: CM Punk|222\/271 psn|[from] psn
|-damage|p2a: Landorus-Therian|98\/379 brn|[from] brn
|turn|29
|
|move|p1a: CM Punk|Ice Punch|p2a: Landorus-Therian
|-supereffective|p2a: Landorus-Therian
|-damage|p2a: Landorus-Therian|0 fnt
|faint|p2a: Landorus-Therian
|
|-damage|p1a: CM Punk|189\/271 psn|[from] psn
|
|switch|p2a: Gyarados|Gyarados, M|228\/333
|-damage|p2a: Gyarados|145\/333|[from] Stealth Rock
|-ability|p2a: Gyarados|Intimidate|[of] p1a: CM Punk
|-unboost|p1a: CM Punk|atk|1
|turn|30
|
|switch|p1a: Lavadora|Rotom-Wash|98\/303
|-damage|p1a: Lavadora|61\/303|[from] Stealth Rock
|move|p2a: Gyarados|Dragon Dance|p2a: Gyarados
|-boost|p2a: Gyarados|atk|1
|-boost|p2a: Gyarados|spe|1
|
|turn|31
|
|detailschange|p2a: Gyarados|Gyarados-Mega, M
|-mega|p2a: Gyarados|Gyarados|Gyaradosite
|-ability|p2a: Gyarados|Mold Breaker
|move|p2a: Gyarados|Crunch|p1a: Lavadora
|-damage|p1a: Lavadora|0 fnt
|faint|p1a: Lavadora
|
|
|switch|p1a: CM Punk|Lopunny-Mega, M|189\/271 psn
|-damage|p1a: CM Punk|173\/271 psn|[from] Stealth Rock
|turn|32
|
|move|p2a: Gyarados|Waterfall|p1a: CM Punk
|-damage|p1a: CM Punk|0 fnt
|faint|p1a: CM Punk
|
|win|Dodoria
|raw|Ladder updating...
|raw|Steez Ibanez's rating: 1596 &rarr; <strong>1576<\/strong><br \/>(-20 for losing)
|raw|Dodoria's rating: 1597 &rarr; <strong>1617<\/strong><br \/>(+20 for winning)
|c|âDodoria|gg
|leave|Steez Ibanez
|player|p1