|join|wish killer
|join|Steez Ibanez
|player|p1|wish killer|68
|player|p2|Steez Ibanez|290
|gametype|singles
|gen|6
|tier|OU
|rated
|clearpoke
|poke|p1|Bisharp, F
|poke|p1|Venusaur, F
|poke|p1|Heatran, F
|poke|p1|Keldeo
|poke|p1|Chansey, F
|poke|p1|Skarmory, M
|poke|p2|Greninja, M
|poke|p2|Talonflame, M
|poke|p2|Garchomp, M
|poke|p2|Ferrothorn, M
|poke|p2|Gengar, M
|poke|p2|Metagross
|rule|Swagger Clause: Swagger is banned
|rule|Baton Pass Clause: Limit one PokÃ©mon knowing Baton Pass
|rule|Sleep Clause Mod: Limit one foe put to sleep
|rule|Species Clause: Limit one of each PokÃ©mon
|rule|OHKO Clause: OHKO moves are banned
|rule|Moody Clause: Moody is banned
|rule|Evasion Moves Clause: Evasion moves are banned
|rule|Endless Battle Clause: Forcing endless battles is banned
|rule|HP Percentage Mod: HP is shown in percentages
|teampreview
|
|start
|switch|p1a: Nice try hacker|Heatran, F|340\/340
|switch|p2a: Janemba|Garchomp, M|357\/357
|-item|p1a: Nice try hacker|Air Balloon
|turn|1
|c|âwish killer|greninja is back?
|c|âSteez Ibanez|yea
|
|move|p2a: Janemba|Stealth Rock|p1a: Nice try hacker
|-sidestart|p1: wish killer|move: Stealth Rock
|move|p1a: Nice try hacker|Toxic|p2a: Janemba|[miss]
|-miss|p1a: Nice try hacker|p2a: Janemba
|
|turn|2
|join|ekanen
|
|move|p2a: Janemba|Dragon Claw|p1a: Nice try hacker
|-resisted|p1a: Nice try hacker
|-damage|p1a: Nice try hacker|278\/340
|-enditem|p1a: Nice try hacker|Air Balloon
|move|p1a: Nice try hacker|Stealth Rock|p2a: Janemba
|-sidestart|p2: Steez Ibanez|move: Stealth Rock
|
|turn|3
|join|goodnewsbears
|leave|goodnewsbears
|
|switch|p1a: Nice try hacker|Chansey, F|684\/684
|-damage|p1a: Nice try hacker|599\/684|[from] Stealth Rock
|move|p2a: Janemba|Fire Blast|p1a: Nice try hacker
|-damage|p1a: Nice try hacker|556\/684
|
|turn|4
|join|Zenzoh
|leave|ekanen
|c|âSteez Ibanez|wrong poke man lol
|
|move|p2a: Janemba|Earthquake|p1a: Nice try hacker
|-damage|p1a: Nice try hacker|336\/684
|move|p1a: Nice try hacker|Thunder Wave|p2a: Janemba
|-immune|p2a: Janemba|[msg]
|
|turn|5
|join|i came from leddit
|
|move|p2a: Janemba|Dragon Claw|p1a: Nice try hacker
|-damage|p1a: Nice try hacker|146\/684
|move|p1a: Nice try hacker|Soft-Boiled|p1a: Nice try hacker
|-heal|p1a: Nice try hacker|488\/684
|
|turn|6
|
|move|p2a: Janemba|Earthquake|p1a: Nice try hacker
|-damage|p1a: Nice try hacker|268\/684
|move|p1a: Nice try hacker|Soft-Boiled|p1a: Nice try hacker
|-heal|p1a: Nice try hacker|610\/684
|
|turn|7
|c| i came from leddit|they haven't voted on greninja yet bloody
|c|âwish killer|wrong toxic miss
|
|move|p2a: Janemba|Earthquake|p1a: Nice try hacker
|-crit|p1a: Nice try hacker
|-damage|p1a: Nice try hacker|253\/684
|move|p1a: Nice try hacker|Thunder Wave|p2a: Janemba
|-immune|p2a: Janemba|[msg]
|
|turn|8
|c|âSteez Ibanez|didnt matter
|c| i came from leddit|nice crit poopyhead
|c|âSteez Ibanez|lol
|
|move|p2a: Janemba|Earthquake|p1a: Nice try hacker
|-damage|p1a: Nice try hacker|24\/684
|move|p1a: Nice try hacker|Soft-Boiled|p1a: Nice try hacker
|-heal|p1a: Nice try hacker|366\/684
|
|turn|9
|
|switch|p2a: Phoenix|Talonflame, M|359\/359
|-damage|p2a: Phoenix|180\/359|[from] Stealth Rock
|move|p1a: Nice try hacker|Soft-Boiled|p1a: Nice try hacker
|-heal|p1a: Nice try hacker|684\/684
|
|-heal|p2a: Phoenix|202\/359|[from] item: Leftovers
|turn|10
|
|move|p2a: Phoenix|Taunt|p1a: Nice try hacker
|-start|p1a: Nice try hacker|move: Taunt
|move|p1a: Nice try hacker|Seismic Toss|p2a: Phoenix
|-damage|p2a: Phoenix|102\/359
|
|-heal|p2a: Phoenix|124\/359|[from] item: Leftovers
|turn|11
|
|switch|p1a: Nice try hacker|Keldeo|323\/323
|-damage|p1a: Nice try hacker|303\/323|[from] Stealth Rock
|move|p2a: Phoenix|Will-O-Wisp|p1a: Nice try hacker|[miss]
|-miss|p2a: Phoenix|p1a: Nice try hacker
|
|-heal|p1a: Nice try hacker|323\/323|[from] item: Leftovers
|-heal|p2a: Phoenix|146\/359|[from] item: Leftovers
|turn|12
|c| i came from leddit|:^)
|c| i came from leddit|didn't matter
|
|move|p2a: Phoenix|Brave Bird|p1a: Nice try hacker
|-supereffective|p1a: Nice try hacker
|-damage|p1a: Nice try hacker|45\/323
|-damage|p2a: Phoenix|54\/359|[from] recoil|[of] p1a: Nice try hacker
|move|p1a: Nice try hacker|Scald|p2a: Phoenix
|-supereffective|p2a: Phoenix
|-damage|p2a: Phoenix|0 fnt
|faint|p2a: Phoenix
|
|-heal|p1a: Nice try hacker|65\/323|[from] item: Leftovers
|
|switch|p2a: Zetsu|Gengar, M|261\/261
|-damage|p2a: Zetsu|229\/261|[from] Stealth Rock
|turn|13
|
|switch|p1a: Nice try hacker|Chansey, F|684\/684
|-damage|p1a: Nice try hacker|599\/684|[from] Stealth Rock
|move|p2a: Zetsu|Shadow Ball|p1a: Nice try hacker
|-immune|p1a: Nice try hacker|[msg]
|
|turn|14
|
|move|p2a: Zetsu|Taunt|p1a: Nice try hacker
|-start|p1a: Nice try hacker|move: Taunt
|cant|p1a: Nice try hacker|move: Taunt|Thunder Wave
|
|turn|15
|
|move|p2a: Zetsu|Sludge Wave|p1a: Nice try hacker
|-damage|p1a: Nice try hacker|459\/684
|-damage|p2a: Zetsu|203\/261|[from] item: Life Orb
|move|p1a: Nice try hacker|Seismic Toss|p2a: Zetsu
|-immune|p2a: Zetsu|[msg]
|
|turn|16
|
|move|p2a: Zetsu|Focus Blast|p1a: Nice try hacker|[miss]
|-miss|p2a: Zetsu|p1a: Nice try hacker
|move|p1a: Nice try hacker|Seismic Toss|p2a: Zetsu
|-immune|p2a: Zetsu|[msg]
|
|-end|p1a: Nice try hacker|move: Taunt
|turn|17
|
|move|p2a: Zetsu|Focus Blast|p1a: Nice try hacker|[miss]
|-miss|p2a: Zetsu|p1a: Nice try hacker
|move|p1a: Nice try hacker|Thunder Wave|p2a: Zetsu
|-status|p2a: Zetsu|par
|
|turn|18
|c|âSteez Ibanez|lol
|c|âwish killer|didn't matter
|c|âSteez Ibanez|im laughing
|c|âSteez Ibanez|cause im expecting too muhc
|c|âSteez Ibanez|*much
|
|switch|p2a: Yeezy|Ferrothorn, M|351\/351
|-damage|p2a: Yeezy|330\/351|[from] Stealth Rock
|move|p1a: Nice try hacker|Soft-Boiled|p1a: Nice try hacker
|-heal|p1a: Nice try hacker|684\/684
|
|turn|19
|
|switch|p1a: Nice try hacker|Skarmory, M|334\/334
|-damage|p1a: Nice try hacker|293\/334|[from] Stealth Rock
|move|p2a: Yeezy|Spikes|p1a: Nice try hacker
|-sidestart|p1: wish killer|Spikes
|
|turn|20
|
|move|p1a: Nice try hacker|Spikes|p2a: Yeezy
|-sidestart|p2: Steez Ibanez|Spikes
|move|p2a: Yeezy|Thunder Wave|p1a: Nice try hacker
|-status|p1a: Nice try hacker|par
|
|turn|21
|
|move|p1a: Nice try hacker|Spikes|p2a: Yeezy
|-sidestart|p2: Steez Ibanez|Spikes
|move|p2a: Yeezy|Spikes|p1a: Nice try hacker
|-sidestart|p1: wish killer|Spikes
|
|turn|22
|
|move|p1a: Nice try hacker|Spikes|p2a: Yeezy
|-sidestart|p2: Steez Ibanez|Spikes
|move|p2a: Yeezy|Spikes|p1a: Nice try hacker
|-sidestart|p1: wish killer|Spikes
|
|turn|23
|
|switch|p1a: Nice try hacker|Keldeo|65\/323
|-damage|p1a: Nice try hacker|0 fnt|[from] Spikes
|faint|p1a: Nice try hacker
|move|p2a: Yeezy|Leech Seed|p1: Nice try hacker|[notarget]
|-notarget
|
|
|switch|p1a: Nice try hacker|Heatran, F|278\/340
|-damage|p1a: Nice try hacker|236\/340|[from] Stealth Rock
|-damage|p1a: Nice try hacker|151\/340|[from] Spikes
|turn|24
|
|switch|p2a: Zetsu|Gengar, M|203\/261 par
|-damage|p2a: Zetsu|171\/261 par|[from] Stealth Rock
|move|p1a: Nice try hacker|Fire Blast|p2a: Zetsu|[miss]
|-miss|p1a: Nice try hacker|p2a: Zetsu
|
|turn|25
|
|move|p1a: Nice try hacker|Fire Blast|p2a: Zetsu
|-damage|p2a: Zetsu|0 fnt
|faint|p2a: Zetsu
|
|
|switch|p2a: Janemba|Garchomp, M|357\/357
|-damage|p2a: Janemba|335\/357|[from] Stealth Rock
|-damage|p2a: Janemba|246\/357|[from] Spikes
|turn|26
|
|move|p2a: Janemba|Earthquake|p1a: Nice try hacker
|-supereffective|p1a: Nice try hacker
|-damage|p1a: Nice try hacker|0 fnt
|faint|p1a: Nice try hacker
|
|
|switch|p1a: Nice try hacker|Venusaur, F|364\/364
|-damage|p1a: Nice try hacker|319\/364|[from] Stealth Rock
|-damage|p1a: Nice try hacker|228\/364|[from] Spikes
|turn|27
|
|detailschange|p1a: Nice try hacker|Venusaur-Mega, F
|-mega|p1a: Nice try hacker|Venusaur|Venusaurite
|move|p2a: Janemba|Earthquake|p1a: Nice try hacker
|-damage|p1a: Nice try hacker|107\/364
|move|p1a: Nice try hacker|Synthesis|p1a: Nice try hacker
|-heal|p1a: Nice try hacker|289\/364
|
|turn|28
|
|switch|p2a: Yeezy|Ferrothorn, M|330\/351
|-damage|p2a: Yeezy|243\/351|[from] Spikes
|-damage|p2a: Yeezy|222\/351|[from] Stealth Rock
|move|p1a: Nice try hacker|Giga Drain|p2a: Yeezy
|-resisted|p2a: Yeezy
|-damage|p2a: Yeezy|204\/351
|-heal|p1a: Nice try hacker|298\/364|[from] drain|[of] p2a: Yeezy
|
|turn|29
|
|move|p1a: Nice try hacker|Hidden Power|p2a: Yeezy
|-supereffective|p2a: Yeezy
|-damage|p2a: Yeezy|36\/351
|move|p2a: Yeezy|Thunder Wave|p1a: Nice try hacker
|-status|p1a: Nice try hacker|par
|
|turn|30
|
|move|p1a: Nice try hacker|Hidden Power|p2a: Yeezy
|-supereffective|p2a: Yeezy
|-damage|p2a: Yeezy|0 fnt
|faint|p2a: Yeezy
|
|
|switch|p2a: Bane|Metagross|301\/301
|-damage|p2a: Bane|283\/301|[from] Stealth Rock
|-damage|p2a: Bane|208\/301|[from] Spikes
|turn|31
|
|switch|p1a: Nice try hacker|Skarmory, M|293\/334 par
|-damage|p1a: Nice try hacker|252\/334 par|[from] Stealth Rock
|detailschange|p2a: Bane|Metagross-Mega
|-mega|p2a: Bane|Metagross|Metagrossite
|move|p2a: Bane|Zen Headbutt|p1a: Nice try hacker
|-resisted|p1a: Nice try hacker
|-damage|p1a: Nice try hacker|183\/334 par
|-damage|p2a: Bane|158\/301|[from] item: Rocky Helmet|[of] p1a: Nice try hacker
|
|turn|32
|
|move|p2a: Bane|Zen Headbutt|p1a: Nice try hacker
|-resisted|p1a: Nice try hacker
|-damage|p1a: Nice try hacker|122\/334 par
|-damage|p2a: Bane|108\/301|[from] item: Rocky Helmet|[of] p1a: Nice try hacker
|cant|p1a: Nice try hacker|par
|
|turn|33
|
|move|p2a: Bane|Meteor Mash|p1a: Nice try hacker|[miss]
|-miss|p2a: Bane|p1a: Nice try hacker
|cant|p1a: Nice try hacker|par
|
|turn|34
|c| i came from leddit|poopyhead
|
|switch|p2a: Janemba|Garchomp, M|246\/357
|-damage|p2a: Janemba|224\/357|[from] Stealth Rock
|-damage|p2a: Janemba|135\/357|[from] Spikes
|move|p1a: Nice try hacker|Whirlwind|p2a: Janemba
|drag|p2a: Kakashi|Greninja, M|285\/285
|-damage|p2a: Kakashi|214\/285|[from] Spikes
|-damage|p2a: Kakashi|179\/285|[from] Stealth Rock
|
|turn|35
|c| i came from leddit|ez
|
|switch|p1a: Nice try hacker|Venusaur-Mega, F|298\/364 par
|-damage|p1a: Nice try hacker|253\/364 par|[from] Stealth Rock
|-damage|p1a: Nice try hacker|162\/364 par|[from] Spikes
|move|p2a: Kakashi|Dark Pulse|p1a: Nice try hacker
|-start|p2a: Kakashi|typechange|Dark|[from] Protean
|-damage|p1a: Nice try hacker|33\/364 par
|-damage|p2a: Kakashi|151\/285|[from] item: Life Orb
|
|turn|36
|
|move|p2a: Kakashi|Dark Pulse|p1a: Nice try hacker
|-damage|p1a: Nice try hacker|0 fnt
|-damage|p2a: Kakashi|123\/285|[from] item: Life Orb
|faint|p1a: Nice try hacker
|
|
|switch|p1a: Nice try hacker|Chansey, F|684\/684
|-damage|p1a: Nice try hacker|599\/684|[from] Stealth Rock
|-damage|p1a: Nice try hacker|428\/684|[from] Spikes
|turn|37
|
|move|p2a: Kakashi|Gunk Shot|p1a: Nice try hacker
|-start|p2a: Kakashi|typechange|Poison|[from] Protean
|-crit|p1a: Nice try hacker
|-damage|p1a: Nice try hacker|64\/684
|-damage|p2a: Kakashi|95\/285|[from] item: Life Orb
|move|p1a: Nice try hacker|Soft-Boiled|p1a: Nice try hacker
|-heal|p1a: Nice try hacker|406\/684
|
|turn|38
|
|move|p2a: Kakashi|Gunk Shot|p1a: Nice try hacker
|-damage|p1a: Nice try hacker|194\/684
|-status|p1a: Nice try hacker|psn
|-damage|p2a: Kakashi|67\/285|[from] item: Life Orb
|move|p1a: Nice try hacker|Soft-Boiled|p1a: Nice try hacker
|-heal|p1a: Nice try hacker|536\/684 psn
|
|-damage|p1a: Nice try hacker|451\/684 psn|[from] psn
|turn|39
|-message|Steez Ibanez forfeited.
|leave|Steez Ibanez
|
|win|wish killer
|raw|Ladder updating...
|raw|wish killer's rating: 1776 &rarr; <strong>1785<\/strong><br \/>(+9 for winning)
|raw|Steez Ibanez's rating: 1571 &rarr; <strong>1561<\/strong><br \/>(-10 for losing)
|player|p2