|join|Steez Ibanez
|join|pleb imo
|player|p1|Steez Ibanez|290
|player|p2|pleb imo|170
|gametype|singles
|gen|6
|tier|OU (suspect test)
|rated
|clearpoke
|poke|p1|Gyarados, M
|poke|p1|Magnezone
|poke|p1|Talonflame, M
|poke|p1|Garchomp, M
|poke|p1|Gengar, M
|poke|p1|Ferrothorn, M
|poke|p2|Talonflame, F
|poke|p2|Azelf
|poke|p2|Whimsicott, F
|poke|p2|Smeargle, M, shiny
|poke|p2|Espeon, M
|poke|p2|Charizard, F
|rule|Swagger Clause: Swagger is banned
|rule|Baton Pass Clause: Limit one PokÃ©mon knowing Baton Pass
|rule|Sleep Clause Mod: Limit one foe put to sleep
|rule|Species Clause: Limit one of each PokÃ©mon
|rule|OHKO Clause: OHKO moves are banned
|rule|Moody Clause: Moody is banned
|rule|Evasion Moves Clause: Evasion moves are banned
|rule|Endless Battle Clause: Forcing endless battles is banned
|rule|HP Percentage Mod: HP is shown in percentages
|teampreview
|c|âSteez Ibanez|rd2
|
|start
|switch|p1a: Leviathan|Gyarados, M|331\/331
|switch|p2a: CHICHICHI LELELE|Talonflame, F|297\/297
|-ability|p1a: Leviathan|Intimidate|[of] p2a: CHICHICHI LELELE
|-unboost|p2a: CHICHICHI LELELE|atk|1
|turn|1
|
|switch|p1a: Phoenix|Talonflame, M|359\/359
|move|p2a: CHICHICHI LELELE|Will-O-Wisp|p1a: Phoenix
|-fail|p1a: Phoenix
|
|turn|2
|
|move|p1a: Phoenix|Brave Bird|p2a: CHICHICHI LELELE
|-damage|p2a: CHICHICHI LELELE|144\/297
|-damage|p1a: Phoenix|309\/359|[from] recoil|[of] p2a: CHICHICHI LELELE
|move|p2a: CHICHICHI LELELE|Will-O-Wisp|p1a: Phoenix
|-fail|p1a: Phoenix
|
|-heal|p1a: Phoenix|331\/359|[from] item: Leftovers
|turn|3
|join|Galom
|
|move|p2a: CHICHICHI LELELE|Brave Bird|p1a: Phoenix
|-damage|p1a: Phoenix|195\/359
|-damage|p2a: CHICHICHI LELELE|99\/297|[from] recoil|[of] p1a: Phoenix
|move|p1a: Phoenix|Brave Bird|p2a: CHICHICHI LELELE
|-damage|p2a: CHICHICHI LELELE|0 fnt
|-damage|p1a: Phoenix|162\/359|[from] recoil|[of] p2a: CHICHICHI LELELE
|faint|p2a: CHICHICHI LELELE
|
|-heal|p1a: Phoenix|184\/359|[from] item: Leftovers
|
|switch|p2a: VIVA CHILE|Azelf|354\/354
|turn|4
|
|move|p2a: VIVA CHILE|Reflect|p2a: VIVA CHILE
|-sidestart|p2: pleb imo|Reflect
|move|p1a: Phoenix|Taunt|p2a: VIVA CHILE
|-start|p2a: VIVA CHILE|move: Taunt
|
|-heal|p1a: Phoenix|206\/359|[from] item: Leftovers
|turn|5
|c| Galom|This is
|c| Galom|Semi baton pass
|c| Galom|Wtf
|
|move|p1a: Phoenix|Brave Bird|p2a: VIVA CHILE
|-damage|p2a: VIVA CHILE|285\/354
|-damage|p1a: Phoenix|183\/359|[from] recoil|[of] p2a: VIVA CHILE
|move|p2a: VIVA CHILE|Explosion|p1a: Phoenix
|-crit|p1a: Phoenix
|-damage|p1a: Phoenix|0 fnt
|faint|p2a: VIVA CHILE
|faint|p1a: Phoenix
|
|c|âSteez Ibanez|lol
|c| Galom|That Smeargle is named
|c| Galom|Al Capone
|c| Galom|I know it
|
|switch|p1a: Zetsu|Gengar, M|261\/261
|switch|p2a: THE BP SAVIOR|Smeargle, M, shiny|251\/251
|turn|6
|c|âSteez Ibanez|i beat him like 2 games ago
|c| Galom|Ah, right
|
|move|p1a: Zetsu|Taunt|p2a: THE BP SAVIOR
|-start|p2a: THE BP SAVIOR|move: Taunt
|cant|p2a: THE BP SAVIOR|move: Taunt|Geomancy
|
|turn|7
|c| Galom|Taunt Gengar tho
|
|switch|p2a: FAIRY SOLIDARITY|Whimsicott, F|324\/324
|move|p1a: Zetsu|Sludge Wave|p2a: FAIRY SOLIDARITY
|-supereffective|p2a: FAIRY SOLIDARITY
|-enditem|p2a: FAIRY SOLIDARITY|Focus Sash
|-damage|p2a: FAIRY SOLIDARITY|1\/324
|-damage|p1a: Zetsu|235\/261|[from] item: Life Orb
|
|turn|8
|
|move|p2a: FAIRY SOLIDARITY|Taunt|p1a: Zetsu
|-start|p1a: Zetsu|move: Taunt
|move|p1a: Zetsu|Shadow Ball|p2a: FAIRY SOLIDARITY
|-damage|p2a: FAIRY SOLIDARITY|0 fnt
|-damage|p1a: Zetsu|209\/261|[from] item: Life Orb
|faint|p2a: FAIRY SOLIDARITY
|
|
|switch|p2a: THE BP SAVIOR|Smeargle, M, shiny|251\/251
|turn|9
|
|move|p1a: Zetsu|Sludge Wave|p2a: THE BP SAVIOR
|-damage|p2a: THE BP SAVIOR|0 fnt
|-damage|p1a: Zetsu|183\/261|[from] item: Life Orb
|faint|p2a: THE BP SAVIOR
|
|-message|pleb imo forfeited.
|leave|pleb imo
|
|win|Steez Ibanez
|raw|Ladder updating...
|player|p2
|raw|Steez Ibanez's rating: 1463 &rarr; <strong>1484<\/strong><br \/>(+21 for winning)
|raw|pleb imo's rating: 1478 &rarr; <strong>1457<\/strong><br \/>(-21 for losing)