|join|Steez Ibanez
|join|jkk kj k
|player|p1|Steez Ibanez|290
|player|p2|jkk kj k|240
|gametype|singles
|gen|6
|tier|OU (suspect test)
|rated
|clearpoke
|poke|p1|Gyarados, M
|poke|p1|Magnezone
|poke|p1|Talonflame, M
|poke|p1|Garchomp, M
|poke|p1|Gengar, M
|poke|p1|Ferrothorn, M
|poke|p2|Latias, F
|poke|p2|Bisharp, M
|poke|p2|Clefable, M
|poke|p2|Rotom-Wash
|poke|p2|Heatran, F
|poke|p2|Sceptile, M
|rule|Swagger Clause: Swagger is banned
|rule|Baton Pass Clause: Limit one PokÃ©mon knowing Baton Pass
|rule|Sleep Clause Mod: Limit one foe put to sleep
|rule|Species Clause: Limit one of each PokÃ©mon
|rule|OHKO Clause: OHKO moves are banned
|rule|Moody Clause: Moody is banned
|rule|Evasion Moves Clause: Evasion moves are banned
|rule|Endless Battle Clause: Forcing endless battles is banned
|rule|HP Percentage Mod: HP is shown in percentages
|teampreview
|
|start
|switch|p1a: MAG|Magnezone|281\/281
|switch|p2a: Anna|Heatran, F|385\/385
|-item|p2a: Anna|Air Balloon
|turn|1
|
|move|p1a: MAG|Volt Switch|p2a: Anna
|-damage|p2a: Anna|259\/385
|-enditem|p2a: Anna|Air Balloon
|
|switch|p1a: Janemba|Garchomp, M|357\/357
|move|p2a: Anna|Stealth Rock|p1a: Janemba
|-sidestart|p1: Steez Ibanez|move: Stealth Rock
|
|turn|2
|join|Bvit
|
|switch|p2a: Camarossi|Rotom-Wash|304\/304
|move|p1a: Janemba|Stealth Rock|p2a: Camarossi
|-sidestart|p2: jkk kj k|move: Stealth Rock
|
|turn|3
|c|âjkk kj k|queria fechar o dia com 2650
|c|âjkk kj k|mas a fome n permite
|
|move|p1a: Janemba|Dragon Claw|p2a: Camarossi
|-damage|p2a: Camarossi|204\/304
|move|p2a: Camarossi|Will-O-Wisp|p1a: Janemba
|-status|p1a: Janemba|brn
|-enditem|p1a: Janemba|Lum Berry|[eat]
|-curestatus|p1a: Janemba|brn
|
|-heal|p2a: Camarossi|223\/304|[from] item: Leftovers
|turn|4
|
|switch|p1a: MAG|Magnezone|281\/281
|-damage|p1a: MAG|264\/281|[from] Stealth Rock
|move|p2a: Camarossi|Volt Switch|p1a: MAG
|-resisted|p1a: MAG
|-damage|p1a: MAG|215\/281
|
|switch|p2a: Nick|Sceptile, M|281\/281
|-damage|p2a: Nick|246\/281|[from] Stealth Rock
|
|turn|5
|
|detailschange|p2a: Nick|Sceptile-Mega, M
|-mega|p2a: Nick|Sceptile|Sceptilite
|move|p2a: Nick|Earthquake|p1a: MAG
|-supereffective|p1a: MAG
|-damage|p1a: MAG|0 fnt
|faint|p1a: MAG
|
|
|switch|p1a: Yeezy|Ferrothorn, M|351\/351
|-damage|p1a: Yeezy|330\/351|[from] Stealth Rock
|turn|6
|
|switch|p2a: Anna|Heatran, F|259\/385
|-damage|p2a: Anna|211\/385|[from] Stealth Rock
|move|p1a: Yeezy|Spikes|p2a: Anna
|-sidestart|p2: jkk kj k|Spikes
|
|turn|7
|
|switch|p1a: Janemba|Garchomp, M|357\/357
|-damage|p1a: Janemba|335\/357|[from] Stealth Rock
|move|p2a: Anna|Lava Plume|p1a: Janemba
|-crit|p1a: Janemba
|-resisted|p1a: Janemba
|-damage|p1a: Janemba|222\/357
|
|turn|8
|
|switch|p2a: Camarossi|Rotom-Wash|223\/304
|-damage|p2a: Camarossi|185\/304|[from] Stealth Rock
|move|p1a: Janemba|Dragon Claw|p2a: Camarossi
|-damage|p2a: Camarossi|83\/304
|
|-heal|p2a: Camarossi|102\/304|[from] item: Leftovers
|turn|9
|
|move|p1a: Janemba|Dragon Claw|p2a: Camarossi
|-damage|p2a: Camarossi|8\/304
|move|p2a: Camarossi|Will-O-Wisp|p1a: Janemba
|-status|p1a: Janemba|brn
|
|-heal|p2a: Camarossi|27\/304|[from] item: Leftovers
|-damage|p1a: Janemba|178\/357 brn|[from] brn
|turn|10
|
|switch|p2a: Weyne|Clefable, M|394\/394
|move|p1a: Janemba|Dragon Claw|p2a: Weyne
|-immune|p2a: Weyne|[msg]
|
|-damage|p1a: Janemba|134\/357 brn|[from] brn
|turn|11
|
|move|p1a: Janemba|Earthquake|p2a: Weyne
|-damage|p2a: Weyne|309\/394
|move|p2a: Weyne|Calm Mind|p2a: Weyne
|-boost|p2a: Weyne|spa|1
|-boost|p2a: Weyne|spd|1
|
|-heal|p2a: Weyne|333\/394|[from] item: Leftovers
|-damage|p1a: Janemba|90\/357 brn|[from] brn
|turn|12
|
|switch|p1a: Zetsu|Gengar, M|261\/261
|-damage|p1a: Zetsu|229\/261|[from] Stealth Rock
|move|p2a: Weyne|Calm Mind|p2a: Weyne
|-boost|p2a: Weyne|spa|1
|-boost|p2a: Weyne|spd|1
|
|-heal|p2a: Weyne|357\/394|[from] item: Leftovers
|turn|13
|c| Bvit|tipo
|c| Bvit|esses coin
|c| Bvit|vc usa praq?
|
|move|p1a: Zetsu|Taunt|p2a: Weyne
|-start|p2a: Weyne|move: Taunt
|move|p2a: Weyne|Flamethrower|p1a: Zetsu
|-damage|p1a: Zetsu|48\/261
|
|-heal|p2a: Weyne|381\/394|[from] item: Leftovers
|turn|14
|c|âjkk kj k|coin?
|
|move|p1a: Zetsu|Sludge Wave|p2a: Weyne
|-supereffective|p2a: Weyne
|-damage|p2a: Weyne|144\/394
|-damage|p1a: Zetsu|22\/261|[from] item: Life Orb
|move|p2a: Weyne|Flamethrower|p1a: Zetsu
|-crit|p1a: Zetsu
|-damage|p1a: Zetsu|0 fnt
|faint|p1a: Zetsu
|
|-heal|p2a: Weyne|168\/394|[from] item: Leftovers
|
|switch|p1a: Phoenix|Talonflame, M|359\/359
|-damage|p1a: Phoenix|180\/359|[from] Stealth Rock
|turn|15
|
|switch|p2a: Camarossi|Rotom-Wash|27\/304
|-damage|p2a: Camarossi|0 fnt|[from] Stealth Rock
|faint|p2a: Camarossi
|move|p1a: Phoenix|Brave Bird|p2: Camarossi|[notarget]
|-notarget
|
|-heal|p1a: Phoenix|202\/359|[from] item: Leftovers
|
|switch|p2a: Clara|Latias, F|301\/301
|-damage|p2a: Clara|264\/301|[from] Stealth Rock
|turn|16
|
|move|p1a: Phoenix|Roost|p1a: Phoenix
|-heal|p1a: Phoenix|359\/359
|move|p2a: Clara|Psyshock|p1a: Phoenix
|-damage|p1a: Phoenix|121\/359
|-damage|p2a: Clara|234\/301|[from] item: Life Orb
|
|-heal|p1a: Phoenix|143\/359|[from] item: Leftovers
|turn|17
|
|move|p1a: Phoenix|Roost|p1a: Phoenix
|-heal|p1a: Phoenix|323\/359
|move|p2a: Clara|Psyshock|p1a: Phoenix
|-damage|p1a: Phoenix|101\/359
|-damage|p2a: Clara|204\/301|[from] item: Life Orb
|
|-heal|p1a: Phoenix|123\/359|[from] item: Leftovers
|turn|18
|
|switch|p1a: Janemba|Garchomp, M|90\/357 brn
|-damage|p1a: Janemba|68\/357 brn|[from] Stealth Rock
|move|p2a: Clara|Draco Meteor|p1a: Janemba|[miss]
|-miss|p2a: Clara|p1a: Janemba
|
|-damage|p1a: Janemba|24\/357 brn|[from] brn
|turn|19
|c|âjkk kj k|AHAHAHAHAH
|c|âjkk kj k|HAX ME AJUDANDO
|c|âjkk kj k|LOL
|
|move|p2a: Clara|Psyshock|p1a: Janemba
|-damage|p1a: Janemba|0 fnt
|-damage|p2a: Clara|174\/301|[from] item: Life Orb
|faint|p1a: Janemba
|
|
|switch|p1a: Yeezy|Ferrothorn, M|330\/351
|-damage|p1a: Yeezy|309\/351|[from] Stealth Rock
|turn|20
|c| Bvit|coil as moedas kk
|
|move|p2a: Clara|Healing Wish|p2a: Clara
|faint|p2a: Clara
|move|p1a: Yeezy|Spikes|p2: Clara
|-sidestart|p2: jkk kj k|Spikes
|
|
|switch|p2a: Weyne|Clefable, M|168\/394
|-heal|p2a: Weyne|394\/394|[from] move: Healing Wish
|turn|21
|
|move|p2a: Weyne|Calm Mind|p2a: Weyne
|-boost|p2a: Weyne|spa|1
|-boost|p2a: Weyne|spd|1
|move|p1a: Yeezy|Thunder Wave|p2a: Weyne
|-status|p2a: Weyne|par
|
|turn|22
|
|switch|p1a: Phoenix|Talonflame, M|123\/359
|-damage|p1a: Phoenix|0 fnt|[from] Stealth Rock
|faint|p1a: Phoenix
|move|p2a: Weyne|Flamethrower|p1: Phoenix|[notarget]
|-notarget
|
|
|switch|p1a: Leviathan|Gyarados, M|331\/331
|-damage|p1a: Leviathan|249\/331|[from] Stealth Rock
|-ability|p1a: Leviathan|Intimidate|[of] p2a: Weyne
|-unboost|p2a: Weyne|atk|1
|turn|23
|
|move|p1a: Leviathan|Dragon Dance|p1a: Leviathan
|-boost|p1a: Leviathan|atk|1
|-boost|p1a: Leviathan|spe|1
|cant|p2a: Weyne|par
|
|turn|24
|c|âjkk kj k|vou nem comentar
|
|move|p1a: Leviathan|Dragon Dance|p1a: Leviathan
|-boost|p1a: Leviathan|atk|1
|-boost|p1a: Leviathan|spe|1
|cant|p2a: Weyne|par
|
|turn|25
|c| Bvit|suahsha
|c| Bvit|a ta
|c| Bvit|pra votar
|
|detailschange|p1a: Leviathan|Gyarados-Mega, M
|-mega|p1a: Leviathan|Gyarados|Gyaradosite
|-ability|p1a: Leviathan|Mold Breaker
|move|p1a: Leviathan|Waterfall|p2a: Weyne
|-damage|p2a: Weyne|90\/394 par
|move|p2a: Weyne|Moonblast|p1a: Leviathan
|-supereffective|p1a: Leviathan
|-damage|p1a: Leviathan|0 fnt
|faint|p1a: Leviathan
|
|-heal|p2a: Weyne|114\/394 par|[from] item: Leftovers
|c| Bvit|no suspect
|c| Bvit|kkk
|c|âSteez Ibanez|noooo
|c|âjkk kj k|HA
|c|âjkk kj k|HA
|c|âjkk kj k|HA
|c|âjkk kj k|HA
|
|switch|p1a: Yeezy|Ferrothorn, M|309\/351
|-damage|p1a: Yeezy|288\/351|[from] Stealth Rock
|turn|26
|c|âjkk kj k|YES
|
|move|p1a: Yeezy|Gyro Ball|p2a: Weyne
|-supereffective|p2a: Weyne
|-damage|p2a: Weyne|66\/394 par
|move|p2a: Weyne|Flamethrower|p1a: Yeezy
|-crit|p1a: Yeezy
|-supereffective|p1a: Yeezy
|-damage|p1a: Yeezy|0 fnt
|faint|p1a: Yeezy
|
|win|jkk kj k
|raw|Ladder updating...
|raw|Steez Ibanez's rating: 1493 &rarr; <strong>1466<\/strong><br \/>(-27 for losing)
|raw|jkk kj k's rating: 1377 &rarr; <strong>1404<\/strong><br \/>(+27 for winning)
|leave|Steez Ibanez
|player|p1
|c|âjkk kj k|ultima
|c| Bvit|boa