|join|Tom Bus
|join|lil manaphy
|player|p1|Tom Bus|142
|player|p2|lil manaphy|9
|gametype|singles
|gen|6
|tier|OU
|rated
|clearpoke
|poke|p1|Clefable, M
|poke|p1|Metagross
|poke|p1|Toxicroak, F
|poke|p1|Landorus-Therian, M
|poke|p1|Talonflame, M
|poke|p1|Latias, F
|poke|p2|Gardevoir, F
|poke|p2|Keldeo
|poke|p2|Amoonguss, M
|poke|p2|Chansey, F
|poke|p2|Mandibuzz, F
|poke|p2|Landorus-Therian, M
|rule|Swagger Clause: Swagger is banned
|rule|Baton Pass Clause: Limit one PokÃ©mon knowing Baton Pass
|rule|Sleep Clause Mod: Limit one foe put to sleep
|rule|Species Clause: Limit one of each PokÃ©mon
|rule|OHKO Clause: OHKO moves are banned
|rule|Moody Clause: Moody is banned
|rule|Evasion Moves Clause: Evasion moves are banned
|rule|Endless Battle Clause: Forcing endless battles is banned
|rule|HP Percentage Mod: HP is shown in percentages
|teampreview
|join|iplaytennislol
|join|TCW
|join|Can-Eh-Dian
|
|start
|switch|p1a: Clefable|Clefable, M|394\/394
|switch|p2a: Gardevoir|Gardevoir, F|277\/277
|-ability|p2a: Gardevoir|Magic Guard|[from] ability: Trace|[of] p1a: Clefable
|turn|1
|
|switch|p1a: Metagross|Metagross|301\/301
|move|p2a: Gardevoir|Taunt|p1a: Metagross
|-start|p1a: Metagross|move: Taunt
|
|turn|2
|
|switch|p2a: Mandibuzz|Mandibuzz, F|423\/423
|detailschange|p1a: Metagross|Metagross-Mega
|-mega|p1a: Metagross|Metagross|Metagrossite
|move|p1a: Metagross|Meteor Mash|p2a: Mandibuzz
|-damage|p2a: Mandibuzz|264\/423
|-damage|p1a: Metagross|251\/301|[from] item: Rocky Helmet|[of] p2a: Mandibuzz
|
|turn|3
|
|switch|p1a: Clefable|Clefable, M|394\/394
|move|p2a: Mandibuzz|Roost|p2a: Mandibuzz
|-heal|p2a: Mandibuzz|423\/423
|
|turn|4
|
|switch|p2a: Landorus-Therian|Landorus-Therian, M|382\/382
|-ability|p2a: Landorus-Therian|Intimidate|[of] p1a: Clefable
|-unboost|p1a: Clefable|atk|1
|move|p1a: Clefable|Stealth Rock|p2a: Landorus-Therian
|-sidestart|p2: lil manaphy|move: Stealth Rock
|
|turn|5
|join|tomi â¥ bello
|
|move|p2a: Landorus-Therian|Stealth Rock|p1a: Clefable
|-sidestart|p1: Tom Bus|move: Stealth Rock
|move|p1a: Clefable|Moonblast|p2a: Landorus-Therian
|-damage|p2a: Landorus-Therian|252\/382
|-unboost|p2a: Landorus-Therian|spa|1
|
|-heal|p2a: Landorus-Therian|275\/382|[from] item: Leftovers
|turn|6
|
|switch|p1a: Landorus-Therian|Landorus-Therian, M|325\/325
|-damage|p1a: Landorus-Therian|285\/325|[from] Stealth Rock
|-ability|p1a: Landorus-Therian|Intimidate|[of] p2a: Landorus-Therian
|-unboost|p2a: Landorus-Therian|atk|1
|move|p2a: Landorus-Therian|U-turn|p1a: Landorus-Therian
|-resisted|p1a: Landorus-Therian
|-damage|p1a: Landorus-Therian|257\/325
|
|switch|p2a: Keldeo|Keldeo|323\/323
|-damage|p2a: Keldeo|303\/323|[from] Stealth Rock
|
|-heal|p2a: Keldeo|323\/323|[from] item: Leftovers
|turn|7
|
|move|p1a: Landorus-Therian|U-turn|p2a: Keldeo
|-resisted|p2a: Keldeo
|-damage|p2a: Keldeo|275\/323
|
|switch|p1a: Toxicroak|Toxicroak, F|307\/307
|-damage|p1a: Toxicroak|288\/307|[from] Stealth Rock
|move|p2a: Keldeo|Secret Sword|p1a: Toxicroak
|-resisted|p1a: Toxicroak
|-damage|p1a: Toxicroak|174\/307
|
|-heal|p2a: Keldeo|295\/323|[from] item: Leftovers
|turn|8
|
|switch|p2a: Amoonguss|Amoonguss, M|432\/432
|-damage|p2a: Amoonguss|378\/432|[from] Stealth Rock
|move|p1a: Toxicroak|Gunk Shot|p2a: Amoonguss
|-damage|p2a: Amoonguss|160\/432
|-damage|p1a: Toxicroak|144\/307|[from] item: Life Orb
|
|-heal|p2a: Amoonguss|187\/432|[from] item: Black Sludge
|turn|9
|
|switch|p2a: Landorus-Therian|Landorus-Therian, M|275\/382
|-damage|p2a: Landorus-Therian|228\/382|[from] Stealth Rock
|-ability|p2a: Landorus-Therian|Intimidate|[of] p1a: Toxicroak
|-unboost|p1a: Toxicroak|atk|1
|move|p1a: Toxicroak|Ice Punch|p2a: Landorus-Therian
|-supereffective|p2a: Landorus-Therian
|-damage|p2a: Landorus-Therian|36\/382
|-damage|p1a: Toxicroak|114\/307|[from] item: Life Orb
|
|-heal|p2a: Landorus-Therian|59\/382|[from] item: Leftovers
|turn|10
|c| iplaytennislol|ez
|c| iplaytennislol|pz
|join|The TurtleLard
|c| The TurtleLard|oh lard
|
|switch|p2a: Amoonguss|Amoonguss, M|331\/432
|-damage|p2a: Amoonguss|277\/432|[from] Stealth Rock
|move|p1a: Toxicroak|Ice Punch|p2a: Amoonguss
|-supereffective|p2a: Amoonguss
|-damage|p2a: Amoonguss|160\/432
|-damage|p1a: Toxicroak|84\/307|[from] item: Life Orb
|
|-heal|p2a: Amoonguss|187\/432|[from] item: Black Sludge
|turn|11
|
|move|p1a: Toxicroak|Gunk Shot|p2a: Amoonguss
|-damage|p2a: Amoonguss|54\/432
|-damage|p1a: Toxicroak|54\/307|[from] item: Life Orb
|move|p2a: Amoonguss|Hidden Power|p1a: Toxicroak
|-damage|p1a: Toxicroak|0 fnt
|faint|p1a: Toxicroak
|
|-heal|p2a: Amoonguss|81\/432|[from] item: Black Sludge
|c| The TurtleLard|pursuit meta imo
|leave|The TurtleLard
|join|The TurtleLard
|leave|The TurtleLard
|join|SilverReaper21
|leave|SilverReaper21
|join|SilverReaper21
|leave|SilverReaper21
|
|switch|p1a: Talonflame|Talonflame, M|319\/319
|-damage|p1a: Talonflame|160\/319|[from] Stealth Rock
|turn|12
|
|move|p1a: Talonflame|Swords Dance|p1a: Talonflame
|-boost|p1a: Talonflame|atk|2
|move|p2a: Amoonguss|Spore|p1a: Talonflame
|-status|p1a: Talonflame|slp
|
|-heal|p2a: Amoonguss|108\/432|[from] item: Black Sludge
|turn|13
|
|cant|p1a: Talonflame|slp
|move|p2a: Amoonguss|Clear Smog|p1a: Talonflame
|-damage|p1a: Talonflame|94\/319 slp
|-clearboost|p1a: Talonflame
|
|-heal|p2a: Amoonguss|135\/432|[from] item: Black Sludge
|turn|14
|
|switch|p2a: Mandibuzz|Mandibuzz, F|423\/423
|-damage|p2a: Mandibuzz|318\/423|[from] Stealth Rock
|cant|p1a: Talonflame|slp
|
|turn|15
|
|cant|p1a: Talonflame|slp
|move|p2a: Mandibuzz|Foul Play|p1a: Talonflame
|-damage|p1a: Talonflame|0 fnt
|faint|p1a: Talonflame
|
|
|switch|p1a: Landorus-Therian|Landorus-Therian, M|257\/325
|-damage|p1a: Landorus-Therian|217\/325|[from] Stealth Rock
|-ability|p1a: Landorus-Therian|Intimidate|[of] p2a: Mandibuzz
|-unboost|p2a: Mandibuzz|atk|1
|turn|16
|join|F U BP
|
|move|p1a: Landorus-Therian|Stone Edge|p2a: Mandibuzz
|-crit|p2a: Mandibuzz
|-supereffective|p2a: Mandibuzz
|-damage|p2a: Mandibuzz|54\/423
|move|p2a: Mandibuzz|Roost|p2a: Mandibuzz
|-heal|p2a: Mandibuzz|266\/423
|
|turn|17
|
|switch|p1a: Clefable|Clefable, M|394\/394
|move|p2a: Mandibuzz|Roost|p2a: Mandibuzz
|-heal|p2a: Mandibuzz|423\/423
|
|turn|18
|
|switch|p2a: Amoonguss|Amoonguss, M|279\/432
|-damage|p2a: Amoonguss|225\/432|[from] Stealth Rock
|switch|p1a: Metagross|Metagross-Mega|251\/301
|-damage|p1a: Metagross|233\/301|[from] Stealth Rock
|
|-heal|p2a: Amoonguss|252\/432|[from] item: Black Sludge
|turn|19
|join|oml it's too ez
|
|switch|p2a: Landorus-Therian|Landorus-Therian, M|59\/382
|-damage|p2a: Landorus-Therian|12\/382|[from] Stealth Rock
|-ability|p2a: Landorus-Therian|Intimidate|[of] p1a: Metagross
|-unboost|p1a: Metagross|atk|1
|move|p1a: Metagross|Meteor Mash|p2a: Landorus-Therian
|-damage|p2a: Landorus-Therian|0 fnt
|faint|p2a: Landorus-Therian
|
|
|switch|p2a: Mandibuzz|Mandibuzz, F|423\/423
|-damage|p2a: Mandibuzz|318\/423|[from] Stealth Rock
|turn|20
|
|switch|p1a: Clefable|Clefable, M|394\/394
|move|p2a: Mandibuzz|Foul Play|p1a: Clefable
|-resisted|p1a: Clefable
|-damage|p1a: Clefable|365\/394
|
|-heal|p1a: Clefable|389\/394|[from] item: Leftovers
|turn|21
|c| oml it's too ez|cm win
|c| oml it's too ez|[:
|
|switch|p2a: Chansey|Chansey, F|703\/703
|-damage|p2a: Chansey|616\/703|[from] Stealth Rock
|switch|p1a: Metagross|Metagross-Mega|233\/301
|-damage|p1a: Metagross|215\/301|[from] Stealth Rock
|
|turn|22
|
|move|p1a: Metagross|Meteor Mash|p2a: Chansey
|-damage|p2a: Chansey|324\/703
|move|p2a: Chansey|Thunder Wave|p1a: Metagross
|-status|p1a: Metagross|par
|
|turn|23
|join|craing
|join|anphonic
|
|move|p2a: Chansey|Soft-Boiled|p2a: Chansey
|-heal|p2a: Chansey|676\/703
|move|p1a: Metagross|Meteor Mash|p2a: Chansey
|-crit|p2a: Chansey
|-damage|p2a: Chansey|198\/703
|
|turn|24
|c| anphonic|ooo
|
|move|p2a: Chansey|Soft-Boiled|p2a: Chansey
|-heal|p2a: Chansey|550\/703
|cant|p1a: Metagross|par
|
|turn|25
|
|move|p2a: Chansey|Seismic Toss|p1a: Metagross
|-damage|p1a: Metagross|115\/301 par
|move|p1a: Metagross|Meteor Mash|p2a: Chansey
|-damage|p2a: Chansey|265\/703
|
|turn|26
|
|move|p2a: Chansey|Soft-Boiled|p2a: Chansey
|-heal|p2a: Chansey|617\/703
|move|p1a: Metagross|Hammer Arm|p2a: Chansey
|-supereffective|p2a: Chansey
|-damage|p2a: Chansey|175\/703
|-unboost|p1a: Metagross|spe|1
|
|turn|27
|
|move|p2a: Chansey|Soft-Boiled|p2a: Chansey
|-heal|p2a: Chansey|527\/703
|move|p1a: Metagross|Hammer Arm|p2a: Chansey
|-supereffective|p2a: Chansey
|-damage|p2a: Chansey|105\/703
|-unboost|p1a: Metagross|spe|1
|
|turn|28
|
|move|p1a: Metagross|Bullet Punch|p2a: Chansey
|-damage|p2a: Chansey|0 fnt
|faint|p2a: Chansey
|
|
|switch|p2a: Keldeo|Keldeo|295\/323
|-damage|p2a: Keldeo|275\/323|[from] Stealth Rock
|turn|29
|c| oml it's too ez|yay
|
|switch|p1a: Latias|Latias, F|319\/319
|-damage|p1a: Latias|280\/319|[from] Stealth Rock
|move|p2a: Keldeo|Scald|p1a: Latias
|-resisted|p1a: Latias
|-damage|p1a: Latias|226\/319
|
|-heal|p2a: Keldeo|295\/323|[from] item: Leftovers
|turn|30
|join|Fluffiest Flareon
|
|switch|p2a: Gardevoir|Gardevoir, F|277\/277
|-damage|p2a: Gardevoir|243\/277|[from] Stealth Rock
|-ability|p2a: Gardevoir|Levitate|[from] ability: Trace|[of] p1a: Latias
|move|p1a: Latias|Psyshock|p2a: Gardevoir
|-resisted|p2a: Gardevoir
|-damage|p2a: Gardevoir|126\/277
|-damage|p1a: Latias|195\/319|[from] item: Life Orb
|
|turn|31
|join|Winter's Howl
|
|switch|p1a: Clefable|Clefable, M|389\/394
|detailschange|p2a: Gardevoir|Gardevoir-Mega, F
|-mega|p2a: Gardevoir|Gardevoir|Gardevoirite
|move|p2a: Gardevoir|Hyper Voice|p1a: Clefable
|-damage|p1a: Clefable|163\/394
|
|-heal|p1a: Clefable|187\/394|[from] item: Leftovers
|turn|32
|
|move|p2a: Gardevoir|Hyper Voice|p1a: Clefable
|-damage|p1a: Clefable|0 fnt
|faint|p1a: Clefable
|
|
|switch|p1a: Landorus-Therian|Landorus-Therian, M|217\/325
|-damage|p1a: Landorus-Therian|177\/325|[from] Stealth Rock
|-ability|p1a: Landorus-Therian|Intimidate|[of] p2a: Gardevoir
|-unboost|p2a: Gardevoir|atk|1
|turn|33
|
|switch|p2a: Keldeo|Keldeo|295\/323
|-damage|p2a: Keldeo|275\/323|[from] Stealth Rock
|move|p1a: Landorus-Therian|Explosion|p2a: Keldeo
|-damage|p2a: Keldeo|0 fnt
|faint|p1a: Landorus-Therian
|faint|p2a: Keldeo
|
|
|switch|p1a: Latias|Latias, F|195\/319
|switch|p2a: Amoonguss|Amoonguss, M|396\/432
|-damage|p1a: Latias|156\/319|[from] Stealth Rock
|-damage|p2a: Amoonguss|342\/432|[from] Stealth Rock
|turn|34
|join|yuy
|c| oml it's too ez|wait wattt tom bus dosent have nicknames
|join|LiberalLucario
|c| oml it's too ez|is this the real tom bus?
|c| LiberalLucario|n
|join|Prankster
|
|move|p1a: Latias|Healing Wish|p1a: Latias
|faint|p1a: Latias
|move|p2a: Amoonguss|Spore|p1: Latias|[notarget]
|-notarget
|
|-heal|p2a: Amoonguss|369\/432|[from] item: Black Sludge
|
|switch|p1a: Metagross|Metagross-Mega|115\/301 par
|-heal|p1a: Metagross|301\/301|[from] move: Healing Wish
|-damage|p1a: Metagross|283\/301|[from] Stealth Rock
|turn|35
|
|move|p1a: Metagross|Meteor Mash|p2a: Amoonguss
|-damage|p2a: Amoonguss|171\/432
|move|p2a: Amoonguss|Spore|p1a: Metagross
|-status|p1a: Metagross|slp
|
|-heal|p2a: Amoonguss|198\/432|[from] item: Black Sludge
|turn|36
|c| oml it's too ez|awww
|c| LiberalLucario|rip
|
|switch|p2a: Mandibuzz|Mandibuzz, F|318\/423
|-damage|p2a: Mandibuzz|213\/423|[from] Stealth Rock
|cant|p1a: Metagross|slp
|
|turn|37
|
|-curestatus|p1a: Metagross|slp
|move|p1a: Metagross|Meteor Mash|p2a: Mandibuzz
|-damage|p2a: Mandibuzz|54\/423
|-damage|p1a: Metagross|233\/301|[from] item: Rocky Helmet|[of] p2a: Mandibuzz
|move|p2a: Mandibuzz|Foul Play|p1a: Metagross
|-supereffective|p1a: Metagross
|-damage|p1a: Metagross|0 fnt
|faint|p1a: Metagross
|
|win|lil manaphy
|raw|Ladder updating...
|raw|Tom Bus's rating: 1653 &rarr; <strong>1636<\/strong><br \/>(-17 for losing)
|raw|lil manaphy's rating: 1703 &rarr; <strong>1720<\/strong><br \/>(+17 for winning)